{
  "id": "gen9championsvgc2026regma-2586254266",
  "format": "[Gen 9 Champions] VGC 2026 Reg M-A",
  "players": [
    "nonight",
    "r13974682"
  ],
  "log": "|j|\u2606nonight\n|j|\u2606r13974682\n|t:|1776417820\n|gametype|doubles\n|player|p1|nonight|roxie|1336\n|player|p2|r13974682|170|1325\n|gen|9\n|tier|[Gen 9 Champions] VGC 2026 Reg M-A\n|rated|\n|rule|Species Clause: Limit one of each Pok\u00e9mon\n|rule|Item Clause: Limit 1 of each item\n|clearpoke\n|poke|p1|Scovillain, L50, M|\n|poke|p1|Incineroar, L50, M|\n|poke|p1|Milotic, L50, M|\n|poke|p1|Floette-Eternal, L50, F|\n|poke|p1|Garchomp, L50, M|\n|poke|p1|Zoroark-Hisui, L50, F|\n|poke|p2|Gardevoir, L50, M|\n|poke|p2|Incineroar, L50, M|\n|poke|p2|Garchomp, L50, M|\n|poke|p2|Basculegion, L50, M|\n|poke|p2|Aerodactyl, L50, F|\n|poke|p2|Kingambit, L50, M|\n|teampreview|4\n|\n|t:|1776417880\n|teamsize|p1|4\n|teamsize|p2|4\n|start\n|switch|p1a: Scovillain|Scovillain, L50, M|100/100\n|switch|p1b: Incineroar|Incineroar, L50, M|100/100\n|switch|p2a: Aerodactyl|Aerodactyl, L50, F|100/100\n|switch|p2b: Kingambit|Kingambit, L50, M|100/100\n|-ability|p2a: Aerodactyl|Unnerve\n|-ability|p1b: Incineroar|Intimidate|boost\n|-unboost|p2a: Aerodactyl|atk|1\n|-unboost|p2b: Kingambit|atk|1\n|-ability|p2b: Kingambit|Defiant|boost\n|-boost|p2b: Kingambit|atk|2\n|turn|1\n|\n|t:|1776417906\n|detailschange|p1a: Scovillain|Scovillain-Mega, L50, M\n|-mega|p1a: Scovillain|Scovillain|Scovillainite\n|move|p2b: Kingambit|Protect|p2b: Kingambit\n|-singleturn|p2b: Kingambit|Protect\n|move|p1b: Incineroar|Fake Out|p2a: Aerodactyl\n|-resisted|p2a: Aerodactyl|1\n|-damage|p2a: Aerodactyl|92/100\n|cant|p2a: Aerodactyl|flinch\n|move|p1a: Scovillain|Overheat|p2b: Kingambit\n|-activate|p2b: Kingambit|move: Protect\n|\n|upkeep\n|turn|2\n|inactive|Battle timer is ON: inactive players will automatically lose when time's up. (requested by nonight)\n|\n|t:|1776417959\n|switch|p2b: Incineroar|Incineroar, L50, M|100/100\n|-ability|p2b: Incineroar|Intimidate|boost\n|-unboost|p1a: Scovillain|atk|1\n|-unboost|p1b: Incineroar|atk|1\n|move|p2a: Aerodactyl|Tailwind|p2a: Aerodactyl\n|-sidestart|p2: r13974682|move: Tailwind\n|move|p1a: Scovillain|Leaf Storm|p2b: Incineroar\n|-resisted|p2b: Incineroar|1\n|-damage|p2b: Incineroar|75/100\n|-unboost|p1a: Scovillain|spa|2\n|move|p1b: Incineroar|Flare Blitz|p2b: Incineroar\n|-resisted|p2b: Incineroar|1\n|-damage|p2b: Incineroar|60/100\n|-damage|p1b: Incineroar|96/100|[from] Recoil\n|\n|upkeep\n|turn|3\n|inactive|r13974682 has 30 seconds left.\n|inactive|r13974682 has 20 seconds left.\n|\n|t:|1776417994\n|switch|p1b: Milotic|Milotic, L50, M|100/100\n|move|p2a: Aerodactyl|Protect|p2a: Aerodactyl\n|-singleturn|p2a: Aerodactyl|Protect\n|move|p2b: Incineroar|Flare Blitz|p1a: Scovillain\n|-damage|p1a: Scovillain|44/100\n|-immune|p2b: Incineroar\n|-damage|p2b: Incineroar|45/100|[from] Recoil\n|-enditem|p2b: Incineroar|Sitrus Berry|[eat]\n|-heal|p2b: Incineroar|69/100|[from] item: Sitrus Berry\n|move|p1a: Scovillain|Leaf Storm|p2a: Aerodactyl\n|-activate|p2a: Aerodactyl|move: Protect\n|\n|upkeep\n|turn|4\n|inactive|r13974682 has 30 seconds left.\n|\n|t:|1776418020\n|switch|p2a: Kingambit|Kingambit, L50, M|100/100\n|switch|p2b: Gardevoir|Gardevoir, L50, M|100/100\n|-ability|p2b: Gardevoir|Spicy Spray|Trace|[from] ability: Trace|[of] p1a: Scovillain\n|switch|p1a: Incineroar|Incineroar, L50, M|96/100\n|-ability|p1a: Incineroar|Intimidate|boost\n|-unboost|p2a: Kingambit|atk|1\n|-ability|p2a: Kingambit|Defiant|boost\n|-boost|p2a: Kingambit|atk|2\n|-unboost|p2b: Gardevoir|atk|1\n|move|p1b: Milotic|Muddy Water|p2b: Gardevoir|[spread] p2b\n|-miss|p1b: Milotic|p2a: Kingambit\n|-damage|p2b: Gardevoir|76/100\n|-status|p1b: Milotic|brn|[from] ability: Spicy Spray|[of] p2b: Gardevoir\n|\n|-damage|p1b: Milotic|95/100 brn|[from] brn\n|upkeep\n|turn|5\n|inactive|nonight has 30 seconds left.\n|inactive|r13974682 has 30 seconds left.\n|\n|t:|1776418050\n|move|p2b: Gardevoir|Protect|p2b: Gardevoir\n|-singleturn|p2b: Gardevoir|Protect\n|move|p2a: Kingambit|Protect|p2a: Kingambit\n|-singleturn|p2a: Kingambit|Protect\n|move|p1a: Incineroar|Fake Out|p2b: Gardevoir\n|-activate|p2b: Gardevoir|move: Protect\n|move|p1b: Milotic|Muddy Water|p2b: Gardevoir|[spread] \n|-activate|p2a: Kingambit|move: Protect\n|-activate|p2b: Gardevoir|move: Protect\n|\n|-heal|p1b: Milotic|100/100 brn|[from] item: Leftovers\n|-damage|p1b: Milotic|95/100 brn|[from] brn\n|-sideend|p2: r13974682|move: Tailwind\n|upkeep\n|turn|6\n|\n|t:|1776418071\n|detailschange|p2b: Gardevoir|Gardevoir-Mega, L50, M\n|-mega|p2b: Gardevoir|Gardevoir|Gardevoirite\n|move|p2a: Kingambit|Sucker Punch|p1b: Milotic\n|-damage|p1b: Milotic|31/100 brn\n|move|p2b: Gardevoir|Hyper Voice|p1b: Milotic|[spread] p1a,p1b\n|-damage|p1a: Incineroar|56/100\n|-damage|p1b: Milotic|0 fnt\n|faint|p1b: Milotic\n|move|p1a: Incineroar|Flare Blitz|p2a: Kingambit\n|-supereffective|p2a: Kingambit|1\n|-damage|p2a: Kingambit|19/100\n|-damage|p1a: Incineroar|31/100|[from] Recoil\n|\n|upkeep\n|\n|t:|1776418085\n|switch|p1b: Garchomp|Garchomp, L50, M|100/100\n|turn|7\n|\n|t:|1776418098\n|switch|p1a: Scovillain|Scovillain-Mega, L50, M|44/100\n|switch|p2a: Incineroar|Incineroar, L50, M|69/100\n|-ability|p2a: Incineroar|Intimidate|boost\n|-unboost|p1a: Scovillain|atk|1\n|-unboost|p1b: Garchomp|atk|1\n|move|p2b: Gardevoir|Protect|p2b: Gardevoir\n|-singleturn|p2b: Gardevoir|Protect\n|move|p1b: Garchomp|Stomping Tantrum|p2a: Incineroar\n|-supereffective|p2a: Incineroar|1\n|-damage|p2a: Incineroar|22/100\n|\n|upkeep\n|turn|8\n|\n|t:|1776418122\n|switch|p1b: Incineroar|Incineroar, L50, M|31/100\n|-ability|p1b: Incineroar|Intimidate|boost\n|-unboost|p2a: Incineroar|atk|1\n|-unboost|p2b: Gardevoir|atk|1\n|switch|p2a: Aerodactyl|Aerodactyl, L50, F|92/100\n|-ability|p2a: Aerodactyl|Unnerve\n|move|p2b: Gardevoir|Psychic|p1a: Scovillain\n|-damage|p1a: Scovillain|0 fnt\n|-status|p2b: Gardevoir|brn|[from] ability: Spicy Spray|[of] p1a: Scovillain\n|faint|p1a: Scovillain\n|\n|-damage|p2b: Gardevoir|70/100 brn|[from] brn\n|upkeep\n|\n|t:|1776418131\n|switch|p1a: Garchomp|Garchomp, L50, M|100/100\n|turn|9\n|\n|t:|1776418140\n|move|p2a: Aerodactyl|Protect|p2a: Aerodactyl\n|-singleturn|p2a: Aerodactyl|Protect\n|move|p2b: Gardevoir|Protect|p2b: Gardevoir\n|-singleturn|p2b: Gardevoir|Protect\n|move|p1b: Incineroar|Fake Out|p2a: Aerodactyl\n|-activate|p2a: Aerodactyl|move: Protect\n|move|p1a: Garchomp|Rock Slide|p2a: Aerodactyl|[spread] \n|-activate|p2a: Aerodactyl|move: Protect\n|-activate|p2b: Gardevoir|move: Protect\n|\n|-damage|p2b: Gardevoir|64/100 brn|[from] brn\n|upkeep\n|turn|10\n|\n|t:|1776418155\n|move|p1a: Garchomp|Rock Slide|p2b: Gardevoir|[spread] p2a,p2b\n|-supereffective|p2a: Aerodactyl|1\n|-damage|p2a: Aerodactyl|25/100\n|-damage|p2b: Gardevoir|41/100 brn\n|cant|p2a: Aerodactyl|flinch\n|move|p2b: Gardevoir|Hyper Voice|p1b: Incineroar|[spread] p1a,p1b\n|-supereffective|p1a: Garchomp|1\n|-crit|p1b: Incineroar\n|-damage|p1a: Garchomp|8/100\n|-damage|p1b: Incineroar|0 fnt\n|faint|p1b: Incineroar\n|\n|-damage|p2b: Gardevoir|35/100 brn|[from] brn\n|upkeep\n|turn|11\n|-message|nonight forfeited.\n|\n|win|r13974682\n|raw|nonight's rating: 1336 &rarr; <strong>1315</strong><br />(-21 for losing)\n|raw|r13974682's rating: 1325 &rarr; <strong>1346</strong><br />(+21 for winning)\n",
  "uploadtime": 1776418175,
  "views": 37,
  "formatid": "gen9championsvgc2026regma",
  "rating": 1315,
  "private": 0,
  "password": null
}