{
  "id": "gen9championsvgc2026regma-2580921391",
  "format": "[Gen 9 Champions] VGC 2026 Reg M-A",
  "players": [
    "Zilluhh",
    "CoffeeMoffee"
  ],
  "log": "|j|\u2606Zilluhh\n|j|\u2606CoffeeMoffee\n|t:|1775943517\n|gametype|doubles\n|player|p1|Zilluhh|101|1102\n|player|p2|CoffeeMoffee|scientist|1135\n|gen|9\n|tier|[Gen 9 Champions] VGC 2026 Reg M-A\n|rated|\n|rule|Species Clause: Limit one of each Pok\u00e9mon\n|rule|Item Clause: Limit 1 of each item\n|clearpoke\n|poke|p1|Hydreigon, L50, M|\n|poke|p1|Manectric, L50, M|\n|poke|p1|Milotic, L50, F|\n|poke|p1|Heracross, L50, M|\n|poke|p1|Incineroar, L50, M|\n|poke|p1|Aerodactyl, L50, M|\n|poke|p2|Crabominable, L50, F|\n|poke|p2|Hatterene, L50, F|\n|poke|p2|Kingambit, L50, F|\n|poke|p2|Farigiraf, L50, M|\n|poke|p2|Sinistcha, L50|\n|poke|p2|Incineroar, L50, F|\n|teampreview|4\n|inactive|Battle timer is ON: inactive players will automatically lose when time's up. (requested by CoffeeMoffee)\n|inactive|Zilluhh has 60 seconds left.\n|inactive|CoffeeMoffee has 60 seconds left.\n|inactive|Zilluhh has 30 seconds left.\n|\n|t:|1775943584\n|teamsize|p1|4\n|teamsize|p2|4\n|start\n|switch|p1a: Hydreigon|Hydreigon, L50, M|100/100\n|switch|p1b: Aerodactyl|Aerodactyl, L50, M|100/100\n|switch|p2a: Kingambit|Kingambit, L50, F, shiny|100/100\n|switch|p2b: Sinistcha|Sinistcha, L50, shiny|100/100\n|-ability|p1b: Aerodactyl|Unnerve\n|turn|1\n|\n|t:|1775943606\n|move|p1b: Aerodactyl|Tailwind|p1b: Aerodactyl\n|-sidestart|p1: Zilluhh|move: Tailwind\n|move|p1a: Hydreigon|Earth Power|p2a: Kingambit\n|-supereffective|p2a: Kingambit|1\n|-damage|p2a: Kingambit|37/100\n|move|p2a: Kingambit|Iron Head|p1b: Aerodactyl\n|-supereffective|p1b: Aerodactyl|1\n|-enditem|p1b: Aerodactyl|Focus Sash\n|-damage|p1b: Aerodactyl|1/100\n|move|p2b: Sinistcha|Trick Room|p2b: Sinistcha\n|-fieldstart|move: Trick Room|[of] p2b: Sinistcha\n|\n|upkeep\n|turn|2\n|j| Goddamnthesun_VGC\n|inactive|CoffeeMoffee has 30 seconds left.\n|\n|t:|1775943635\n|move|p2a: Kingambit|Protect|p2a: Kingambit\n|-singleturn|p2a: Kingambit|Protect\n|move|p1b: Aerodactyl|Protect|p1b: Aerodactyl\n|-singleturn|p1b: Aerodactyl|Protect\n|move|p2b: Sinistcha|Matcha Gotcha|p1a: Hydreigon|[spread] p1a\n|-activate|p1b: Aerodactyl|move: Protect\n|-resisted|p1a: Hydreigon|1\n|-damage|p1a: Hydreigon|88/100\n|move|p1a: Hydreigon|Dark Pulse|p2b: Sinistcha\n|-supereffective|p2b: Sinistcha|1\n|-damage|p2b: Sinistcha|8/100\n|\n|-heal|p2b: Sinistcha|15/100|[from] item: Leftovers\n|upkeep\n|turn|3\n|inactive|CoffeeMoffee has 30 seconds left.\n|\n|t:|1775943668\n|switch|p1b: Heracross|Heracross, L50, M|100/100\n|move|p2a: Kingambit|Iron Head|p1a: Hydreigon\n|-damage|p1a: Hydreigon|33/100\n|move|p2b: Sinistcha|Matcha Gotcha|p1a: Hydreigon|[spread] p1a,p1b\n|-resisted|p1a: Hydreigon|1\n|-resisted|p1b: Heracross|1\n|-damage|p1a: Hydreigon|19/100\n|-heal|p2b: Sinistcha|21/100|[from] drain|[of] p1a: Hydreigon\n|-damage|p1b: Heracross|86/100\n|-heal|p2b: Sinistcha|27/100|[from] drain|[of] p1b: Heracross\n|-status|p1b: Heracross|brn\n|move|p1a: Hydreigon|Earth Power|p2a: Kingambit\n|-supereffective|p2a: Kingambit|1\n|-damage|p2a: Kingambit|0 fnt\n|faint|p2a: Kingambit\n|\n|-heal|p2b: Sinistcha|34/100|[from] item: Leftovers\n|-damage|p1b: Heracross|80/100 brn|[from] brn\n|upkeep\n|\n|t:|1775943684\n|switch|p2a: Hatterene|Hatterene, L50, F, shiny|100/100\n|turn|4\n|inactive|Zilluhh has 30 seconds left.\n|inactive|Zilluhh has 20 seconds left.\n|\n|t:|1775943722\n|switch|p1b: Aerodactyl|Aerodactyl, L50, M|1/100\n|-ability|p1b: Aerodactyl|Unnerve\n|move|p1a: Hydreigon|Protect|p1a: Hydreigon\n|-singleturn|p1a: Hydreigon|Protect\n|move|p2a: Hatterene|Dazzling Gleam|p1b: Aerodactyl|[spread] p1b\n|-activate|p1a: Hydreigon|move: Protect\n|-crit|p1b: Aerodactyl\n|-damage|p1b: Aerodactyl|0 fnt\n|faint|p1b: Aerodactyl\n|move|p2b: Sinistcha|Matcha Gotcha|p1a: Hydreigon\n|-activate|p1a: Hydreigon|move: Protect\n|\n|-heal|p2b: Sinistcha|40/100|[from] item: Leftovers\n|-sideend|p1: Zilluhh|move: Tailwind\n|upkeep\n|\n|t:|1775943737\n|switch|p1b: Incineroar|Incineroar, L50, M|100/100\n|-ability|p1b: Incineroar|Intimidate|boost\n|-unboost|p2a: Hatterene|atk|1\n|-unboost|p2b: Sinistcha|atk|1\n|turn|5\n|\n|t:|1775943753\n|move|p1b: Incineroar|Fake Out|p2a: Hatterene\n|-damage|p2a: Hatterene|88/100\n|move|p2b: Sinistcha|Rage Powder|p2b: Sinistcha\n|-singleturn|p2b: Sinistcha|move: Rage Powder\n|cant|p2a: Hatterene|flinch\n|move|p1a: Hydreigon|Dark Pulse|p2b: Sinistcha\n|-supereffective|p2b: Sinistcha|1\n|-damage|p2b: Sinistcha|0 fnt\n|faint|p2b: Sinistcha\n|\n|-fieldend|move: Trick Room\n|upkeep\n|\n|t:|1775943756\n|switch|p2b: Crabominable|Crabominable, L50, F, shiny|100/100\n|turn|6\n|\n|t:|1775943774\n|detailschange|p2b: Crabominable|Crabominable-Mega, L50, F, shiny\n|-mega|p2b: Crabominable|Crabominable|Crabominite\n|move|p2b: Crabominable|Mach Punch|p1a: Hydreigon\n|-supereffective|p1a: Hydreigon|1\n|-damage|p1a: Hydreigon|0 fnt\n|faint|p1a: Hydreigon\n|move|p1b: Incineroar|Flare Blitz|p2a: Hatterene\n|-damage|p2a: Hatterene|40/100\n|-damage|p1b: Incineroar|87/100|[from] Recoil\n|move|p2a: Hatterene|Dazzling Gleam|p1b: Incineroar\n|-damage|p1b: Incineroar|44/100\n|-enditem|p1b: Incineroar|Sitrus Berry|[eat]\n|-heal|p1b: Incineroar|69/100|[from] item: Sitrus Berry\n|\n|upkeep\n|\n|t:|1775943783\n|switch|p1a: Heracross|Heracross, L50, M|80/100 brn\n|turn|7\n|\n|t:|1775943792\n|detailschange|p1a: Heracross|Heracross-Mega, L50, M\n|-mega|p1a: Heracross|Heracross|Heracronite\n|move|p2a: Hatterene|Protect|p2a: Hatterene\n|-singleturn|p2a: Hatterene|Protect\n|move|p1a: Heracross|Close Combat|p2b: Crabominable\n|-supereffective|p2b: Crabominable|1\n|-damage|p2b: Crabominable|40/100\n|-unboost|p1a: Heracross|def|1\n|-unboost|p1a: Heracross|spd|1\n|move|p1b: Incineroar|Flare Blitz|p2a: Hatterene\n|-activate|p2a: Hatterene|move: Protect\n|move|p2b: Crabominable|Drain Punch|p1b: Incineroar\n|-supereffective|p1b: Incineroar|1\n|-damage|p1b: Incineroar|0 fnt\n|-heal|p2b: Crabominable|74/100|[from] drain|[of] p1b: Incineroar\n|faint|p1b: Incineroar\n|\n|-damage|p1a: Heracross|75/100 brn|[from] brn\n|upkeep\n|turn|8\n|inactive|Zilluhh has 30 seconds left.\n|\n|t:|1775943826\n|move|p1a: Heracross|Rock Blast|p2a: Hatterene\n|-damage|p2a: Hatterene|33/100\n|-damage|p2a: Hatterene|25/100\n|-damage|p2a: Hatterene|19/100\n|-damage|p2a: Hatterene|12/100\n|-damage|p2a: Hatterene|5/100\n|-hitcount|p2a: Hatterene|5\n|move|p2b: Crabominable|Drain Punch|p1a: Heracross\n|-resisted|p1a: Heracross|1\n|-damage|p1a: Heracross|33/100 brn\n|-heal|p2b: Crabominable|90/100|[from] drain|[of] p1a: Heracross\n|move|p2a: Hatterene|Dazzling Gleam|p1a: Heracross\n|-supereffective|p1a: Heracross|1\n|-damage|p1a: Heracross|0 fnt\n|faint|p1a: Heracross\n|\n|win|CoffeeMoffee\n|raw|Zilluhh's rating: 1102 &rarr; <strong>1079</strong><br />(-23 for losing)\n|raw|CoffeeMoffee's rating: 1135 &rarr; <strong>1158</strong><br />(+23 for winning)\n|l|\u2606Zilluhh\n|player|p1|\n|l|\u2606CoffeeMoffee\n|player|p2|\n",
  "uploadtime": 1775943847,
  "views": 17,
  "formatid": "gen9championsvgc2026regma",
  "rating": 1079,
  "private": 0,
  "password": null
}