{
  "id": "gen9championsvgc2026regma-2582218935",
  "format": "[Gen 9 Champions] VGC 2026 Reg M-A",
  "players": [
    "Millercs",
    "lemonoda"
  ],
  "log": "|j|\u2606Millercs\n|j|\u2606lemonoda\n|t:|1776072673\n|gametype|doubles\n|player|p1|Millercs|1|1184\n|player|p2|lemonoda|mars|1181\n|gen|9\n|tier|[Gen 9 Champions] VGC 2026 Reg M-A\n|rated|\n|rule|Species Clause: Limit one of each Pok\u00e9mon\n|rule|Item Clause: Limit 1 of each item\n|clearpoke\n|poke|p1|Floette-Eternal, L50, F|\n|poke|p1|Maushold-Four, L50|\n|poke|p1|Garchomp, L50, F|\n|poke|p1|Kingambit, L50, F|\n|poke|p1|Aerodactyl, L50, M|\n|poke|p1|Delphox, L50, F|\n|poke|p2|Archaludon, L50, F|\n|poke|p2|Pelipper, L50, M|\n|poke|p2|Basculegion, L50, M|\n|poke|p2|Sneasler, L50, M|\n|poke|p2|Incineroar, L50, M|\n|poke|p2|Sinistcha, L50|\n|teampreview|4\n|\n|t:|1776072701\n|teamsize|p1|4\n|teamsize|p2|4\n|start\n|switch|p1a: Kingambit|Kingambit, L50, F|100/100\n|switch|p1b: Aerodactyl|Aerodactyl, L50, M|100/100\n|switch|p2a: Bridge|Archaludon, L50, F|100/100\n|switch|p2b: Cat|Incineroar, L50, M|100/100\n|-ability|p1b: Aerodactyl|Unnerve\n|-ability|p2b: Cat|Intimidate|boost\n|-unboost|p1a: Kingambit|atk|1\n|-ability|p1a: Kingambit|Defiant|boost\n|-boost|p1a: Kingambit|atk|2\n|-unboost|p1b: Aerodactyl|atk|1\n|turn|1\n|\n|t:|1776072717\n|move|p1b: Aerodactyl|Protect|p1b: Aerodactyl\n|-singleturn|p1b: Aerodactyl|Protect\n|move|p1a: Kingambit|Protect|p1a: Kingambit\n|-singleturn|p1a: Kingambit|Protect\n|move|p2b: Cat|Fake Out|p1a: Kingambit\n|-activate|p1a: Kingambit|move: Protect\n|move|p2a: Bridge|Electro Shot||[still]\n|-prepare|p2a: Bridge|Electro Shot\n|-boost|p2a: Bridge|spa|1\n|\n|upkeep\n|turn|2\n|\n|t:|1776072749\n|switch|p1b: Garchomp|Garchomp, L50, F|100/100\n|move|p2b: Cat|Parting Shot|p1b: Garchomp\n|-unboost|p1b: Garchomp|atk|1\n|-unboost|p1b: Garchomp|spa|1\n|\n|t:|1776072754\n|switch|p2b: Beans|Pelipper, L50, M, shiny|100/100|[from] Parting Shot\n|-weather|RainDance|[from] ability: Drizzle|[of] p2b: Beans\n|move|p2a: Bridge|Electro Shot|p1b: Garchomp|[from] lockedmove\n|-immune|p1b: Garchomp\n|move|p1a: Kingambit|Kowtow Cleave|p2b: Beans\n|-damage|p2b: Beans|0 fnt\n|faint|p2b: Beans\n|\n|-weather|RainDance|[upkeep]\n|upkeep\n|l|\u2606lemonoda\n|player|p2|\n|inactive|Battle timer is ON: inactive players will automatically lose when time's up. (requested by Millercs)\n|inactive|lemonoda has 30 seconds to reconnect!\n|inactive|lemonoda has 20 seconds to reconnect!\n|inactive|lemonoda has 15 seconds to reconnect!\n|j|\u2606lemonoda\n|inactive|lemonoda reconnected and has 45 seconds left.\n|player|p2|lemonoda|mars|\n|\n|t:|1776072835\n|switch|p2b: Fish|Basculegion, L50, M, shiny|100/100\n|turn|3\n|\n|t:|1776072848\n|switch|p1b: Aerodactyl|Aerodactyl, L50, M|100/100\n|-ability|p1b: Aerodactyl|Unnerve\n|move|p1a: Kingambit|Sucker Punch|p2b: Fish\n|-supereffective|p2b: Fish|1\n|-damage|p2b: Fish|0 fnt\n|faint|p2b: Fish\n|move|p2a: Bridge|Electro Shot||[still]\n|-prepare|p2a: Bridge|Electro Shot\n|-boost|p2a: Bridge|spa|1\n|-anim|p2a: Bridge|Electro Shot|p1a: Kingambit\n|-damage|p1a: Kingambit|8/100\n|\n|-weather|RainDance|[upkeep]\n|upkeep\n|\n|t:|1776072860\n|switch|p2b: Cat|Incineroar, L50, M|100/100\n|-ability|p2b: Cat|Intimidate|boost\n|-unboost|p1a: Kingambit|atk|1\n|-ability|p1a: Kingambit|Defiant|boost\n|-boost|p1a: Kingambit|atk|2\n|-unboost|p1b: Aerodactyl|atk|1\n|turn|4\n|\n|t:|1776072871\n|move|p1b: Aerodactyl|Protect|p1b: Aerodactyl\n|-singleturn|p1b: Aerodactyl|Protect\n|move|p1a: Kingambit|Protect|p1a: Kingambit\n|-singleturn|p1a: Kingambit|Protect\n|move|p2b: Cat|Fake Out|p1a: Kingambit\n|-activate|p1a: Kingambit|move: Protect\n|move|p2a: Bridge|Flash Cannon|p1b: Aerodactyl\n|-activate|p1b: Aerodactyl|move: Protect\n|\n|-weather|RainDance|[upkeep]\n|upkeep\n|turn|5\n|inactive|Millercs has 30 seconds left.\n|\n|t:|1776072901\n|move|p2b: Cat|Helping Hand|p2a: Bridge\n|-singleturn|p2a: Bridge|Helping Hand|[of] p2b: Cat\n|move|p1a: Kingambit|Sucker Punch|p2a: Bridge\n|-damage|p2a: Bridge|22/100\n|-ability|p2a: Bridge|Stamina|boost\n|-boost|p2a: Bridge|def|1\n|move|p1b: Aerodactyl|Rock Slide|p2b: Cat|[spread] p2a,p2b\n|-resisted|p2a: Bridge|1\n|-crit|p2a: Bridge\n|-supereffective|p2b: Cat|1\n|-damage|p2a: Bridge|4/100\n|-damage|p2b: Cat|65/100\n|-ability|p2a: Bridge|Stamina|boost\n|-boost|p2a: Bridge|def|1\n|cant|p2a: Bridge|flinch\n|\n|-weather|RainDance|[upkeep]\n|-heal|p2a: Bridge|10/100|[from] item: Leftovers\n|upkeep\n|turn|6\n|-message|lemonoda forfeited.\n|\n|win|Millercs\n|raw|Millercs's rating: 1184 &rarr; <strong>1209</strong><br />(+25 for winning)\n|raw|lemonoda's rating: 1181 &rarr; <strong>1156</strong><br />(-25 for losing)\n|l|\u2606lemonoda\n|player|p2|\n",
  "uploadtime": 1776072920,
  "views": 35,
  "formatid": "gen9championsvgc2026regma",
  "rating": 1156,
  "private": 0,
  "password": null
}