{
  "id": "gen9championsvgc2026regma-2583359190",
  "format": "[Gen 9 Champions] VGC 2026 Reg M-A",
  "players": [
    "RainCalc",
    "capitan_fosforo"
  ],
  "log": "|j|\u2606RainCalc\n|j|\u2606capitan_fosforo\n|t:|1776169963\n|gametype|doubles\n|player|p1|RainCalc|volkner|1146\n|player|p2|capitan_fosforo|n|1157\n|gen|9\n|tier|[Gen 9 Champions] VGC 2026 Reg M-A\n|rated|\n|rule|Species Clause: Limit one of each Pok\u00e9mon\n|rule|Item Clause: Limit 1 of each item\n|clearpoke\n|poke|p1|Aggron, L50, M|\n|poke|p1|Incineroar, L50, M|\n|poke|p1|Sinistcha, L50|\n|poke|p1|Tyranitar, L50, M|\n|poke|p1|Sneasler, L50, F|\n|poke|p1|Lycanroc, L50, F|\n|poke|p2|Volcarona, L50, M|\n|poke|p2|Primarina, L50, M|\n|poke|p2|Zoroark-Hisui, L50, F|\n|poke|p2|Ninetales-Alola, L50, F|\n|poke|p2|Corviknight, L50, M|\n|poke|p2|Garchomp, L50, F|\n|teampreview|4\n|\n|t:|1776169989\n|teamsize|p1|4\n|teamsize|p2|4\n|start\n|switch|p1a: THE WALL|Aggron, L50, M, shiny|100/100\n|switch|p1b: Sneasler|Sneasler, L50, F|100/100\n|switch|p2a: Solarona|Volcarona, L50, M|100/100\n|switch|p2b: Garchomp|Garchomp, L50, F|100/100\n|turn|1\n|\n|t:|1776170011\n|switch|p2a: Corviknight|Corviknight, L50, M|100/100\n|-ability|p2a: Corviknight|Unnerve\n|detailschange|p1a: THE WALL|Aggron-Mega, L50, M, shiny\n|-mega|p1a: THE WALL|Aggron|Aggronite\n|move|p2b: Garchomp|Focus Blast|p1a: THE WALL\n|-supereffective|p1a: THE WALL|1\n|-damage|p1a: THE WALL|22/100\n|-unboost|p1a: THE WALL|spd|1\n|move|p1b: Sneasler|Dire Claw|p2a: Corviknight\n|-immune|p2a: Corviknight\n|move|p1a: THE WALL|Iron Defense|p1a: THE WALL\n|-boost|p1a: THE WALL|def|2\n|\n|upkeep\n|turn|2\n|\n|t:|1776170044\n|switch|p1b: Incineroar|Incineroar, L50, M, shiny|100/100\n|-ability|p1b: Incineroar|Intimidate|boost\n|-unboost|p2a: Corviknight|atk|1\n|-unboost|p2b: Garchomp|atk|1\n|move|p1a: THE WALL|Protect|p1a: THE WALL\n|-singleturn|p1a: THE WALL|Protect\n|move|p2b: Garchomp|Hyper Voice|p1a: THE WALL|[spread] p1b\n|-activate|p1a: THE WALL|move: Protect\n|-damage|p1b: Incineroar|79/100\n|move|p2a: Corviknight|Body Press|p1a: THE WALL\n|-activate|p1a: THE WALL|move: Protect\n|\n|upkeep\n|turn|3\n|\n|t:|1776170063\n|move|p1b: Incineroar|Fake Out|p2b: Garchomp\n|-immune|p2b: Garchomp\n|move|p2b: Garchomp|Focus Blast|p1b: Incineroar\n|-supereffective|p1b: Incineroar|1\n|-damage|p1b: Incineroar|20/100\n|move|p2a: Corviknight|Body Press|p1a: THE WALL\n|-supereffective|p1a: THE WALL|1\n|-damage|p1a: THE WALL|15/100\n|move|p1a: THE WALL|Body Press|p2b: Garchomp\n|-immune|p2b: Garchomp\n|\n|upkeep\n|turn|4\n|\n|t:|1776170084\n|move|p2b: Garchomp|Focus Blast|p1b: Incineroar|[miss]\n|-miss|p2b: Garchomp|p1b: Incineroar\n|move|p2a: Corviknight|Body Press|p1a: THE WALL\n|-supereffective|p1a: THE WALL|1\n|-damage|p1a: THE WALL|6/100\n|move|p1b: Incineroar|Darkest Lariat|p2b: Garchomp\n|-supereffective|p2b: Garchomp|1\n|-enditem|p2b: Garchomp|Focus Sash\n|-damage|p2b: Garchomp|1/100\n|replace|p2b: Zoroark|Zoroark-Hisui, L50, F\n|-end|p2b: Zoroark|Illusion\n|move|p1a: THE WALL|Body Press|p2a: Corviknight\n|-damage|p2a: Corviknight|29/100\n|\n|-heal|p2a: Corviknight|35/100|[from] item: Leftovers\n|upkeep\n|turn|5\n|\n|t:|1776170109\n|switch|p1b: Tyranitar|Tyranitar, L50, M|100/100\n|-weather|Sandstorm|[from] ability: Sand Stream|[of] p1b: Tyranitar\n|move|p1a: THE WALL|Protect|p1a: THE WALL\n|-singleturn|p1a: THE WALL|Protect\n|move|p2b: Zoroark|Focus Blast|p1a: THE WALL\n|-activate|p1a: THE WALL|move: Protect\n|move|p2a: Corviknight|Body Press|p1b: Tyranitar\n|-supereffective|p1b: Tyranitar|2\n|-damage|p1b: Tyranitar|0 fnt\n|faint|p1b: Tyranitar\n|\n|-weather|Sandstorm|[upkeep]\n|-damage|p2b: Zoroark|0 fnt|[from] Sandstorm\n|faint|p2b: Zoroark\n|-heal|p2a: Corviknight|40/100|[from] item: Leftovers\n|upkeep\n|\n|t:|1776170131\n|switch|p2b: Garchomp|Garchomp, L50, F|100/100\n|switch|p1b: Incineroar|Incineroar, L50, M, shiny|20/100\n|-ability|p1b: Incineroar|Intimidate|boost\n|-unboost|p2a: Corviknight|atk|1\n|-unboost|p2b: Garchomp|atk|1\n|turn|6\n|\n|t:|1776170144\n|move|p1b: Incineroar|Fake Out|p2b: Garchomp\n|-damage|p2b: Garchomp|90/100\n|-damage|p1b: Incineroar|7/100|[from] ability: Rough Skin|[of] p2b: Garchomp\n|cant|p2b: Garchomp|flinch\n|move|p2a: Corviknight|Iron Defense|p2a: Corviknight\n|-boost|p2a: Corviknight|def|2\n|move|p1a: THE WALL|Body Press|p2b: Garchomp\n|-damage|p2b: Garchomp|0 fnt\n|-damage|p1a: THE WALL|0 fnt|[from] ability: Rough Skin|[of] p2b: Garchomp\n|faint|p2b: Garchomp\n|faint|p1a: THE WALL\n|\n|-weather|Sandstorm|[upkeep]\n|-damage|p1b: Incineroar|1/100|[from] Sandstorm\n|-heal|p2a: Corviknight|46/100|[from] item: Leftovers\n|upkeep\n|\n|t:|1776170159\n|switch|p2b: Solarona|Volcarona, L50, M|100/100\n|switch|p1a: Sneasler|Sneasler, L50, F|100/100\n|turn|7\n|\n|t:|1776170176\n|move|p1a: Sneasler|Close Combat|p2a: Corviknight\n|-damage|p2a: Corviknight|20/100\n|-unboost|p1a: Sneasler|def|1\n|-unboost|p1a: Sneasler|spd|1\n|-enditem|p1a: Sneasler|White Herb\n|-clearnegativeboost|p1a: Sneasler|[silent]\n|move|p2b: Solarona|Fiery Dance|p1a: Sneasler\n|-damage|p1a: Sneasler|37/100\n|-boost|p2b: Solarona|spa|1\n|move|p2a: Corviknight|Body Press|p1a: Sneasler\n|-resisted|p1a: Sneasler|1\n|-damage|p1a: Sneasler|0 fnt\n|faint|p1a: Sneasler\n|move|p1b: Incineroar|Darkest Lariat|p2b: Solarona\n|-damage|p2b: Solarona|58/100\n|-immune|p1b: Incineroar\n|\n|-weather|Sandstorm|[upkeep]\n|-damage|p2b: Solarona|52/100|[from] Sandstorm\n|-damage|p1b: Incineroar|0 fnt|[from] Sandstorm\n|faint|p1b: Incineroar\n|\n|win|capitan_fosforo\n|raw|RainCalc's rating: 1146 &rarr; <strong>1122</strong><br />(-24 for losing)\n|raw|capitan_fosforo's rating: 1157 &rarr; <strong>1181</strong><br />(+24 for winning)\n|l|\u2606RainCalc\n|player|p1|\n",
  "uploadtime": 1776170203,
  "views": 18,
  "formatid": "gen9championsvgc2026regma",
  "rating": 1122,
  "private": 0,
  "password": null
}