{
  "id": "gen9championsvgc2026regma-2582426970",
  "format": "[Gen 9 Champions] VGC 2026 Reg M-A",
  "players": [
    "shnoozel",
    "TheCatDad_24"
  ],
  "log": "|j|\u2606shnoozel\n|j|\u2606TheCatDad_24\n|t:|1776090963\n|gametype|doubles\n|player|p1|shnoozel|dragontamer|1040\n|player|p2|TheCatDad_24|ltsurge|1026\n|gen|9\n|tier|[Gen 9 Champions] VGC 2026 Reg M-A\n|rated|\n|rule|Species Clause: Limit one of each Pok\u00e9mon\n|rule|Item Clause: Limit 1 of each item\n|clearpoke\n|poke|p1|Floette-Eternal, L50, F|\n|poke|p1|Incineroar, L50, M|\n|poke|p1|Whimsicott, L50, M|\n|poke|p1|Araquanid, L50, F|\n|poke|p1|Kingambit, L50, F|\n|poke|p1|Dragapult, L50, F|\n|poke|p2|Starmie, L50|\n|poke|p2|Whimsicott, L50, F|\n|poke|p2|Garchomp, L50, F|\n|poke|p2|Sneasler, L50, F|\n|poke|p2|Archaludon, L50, M|\n|poke|p2|Politoed, L50, M|\n|teampreview|4\n|inactive|Battle timer is ON: inactive players will automatically lose when time's up. (requested by TheCatDad_24)\n|\n|t:|1776090990\n|teamsize|p1|4\n|teamsize|p2|4\n|start\n|switch|p1a: Whimsicott|Whimsicott, L50, M|100/100\n|switch|p1b: Floette|Floette-Eternal, L50, F, shiny|100/100\n|switch|p2a: Whimsicott|Whimsicott, L50, F|100/100\n|switch|p2b: Politoed|Politoed, L50, M|100/100\n|-weather|RainDance|[from] ability: Drizzle|[of] p2b: Politoed\n|turn|1\n|inactive|shnoozel has 30 seconds left.\n|\n|t:|1776091024\n|detailschange|p1b: Floette|Floette-Mega, L50, F, shiny\n|-mega|p1b: Floette|Floette|Floettite\n|-ability|p1b: Floette|Fairy Aura\n|move|p1a: Whimsicott|Fake Tears|p2b: Politoed\n|-unboost|p2b: Politoed|spd|2\n|move|p2a: Whimsicott|Tailwind|p2a: Whimsicott\n|-sidestart|p2: TheCatDad_24|move: Tailwind\n|move|p2b: Politoed|Ice Beam|p1a: Whimsicott\n|-supereffective|p1a: Whimsicott|1\n|-damage|p1a: Whimsicott|35/100\n|move|p1b: Floette|Dazzling Gleam|p2a: Whimsicott|[spread] p2a,p2b\n|-damage|p2a: Whimsicott|41/100\n|-damage|p2b: Politoed|22/100\n|\n|-weather|RainDance|[upkeep]\n|-heal|p2b: Politoed|28/100|[from] item: Leftovers\n|upkeep\n|turn|2\n|\n|t:|1776091045\n|move|p2b: Politoed|Protect|p2b: Politoed\n|-singleturn|p2b: Politoed|Protect\n|move|p2a: Whimsicott|Encore|p1a: Whimsicott\n|-start|p1a: Whimsicott|Encore\n|move|p1a: Whimsicott|Fake Tears|p2a: Whimsicott\n|-unboost|p2a: Whimsicott|spd|2\n|move|p1b: Floette|Dazzling Gleam|p2b: Politoed|[spread] p2a\n|-activate|p2b: Politoed|move: Protect\n|-damage|p2a: Whimsicott|0 fnt\n|faint|p2a: Whimsicott\n|\n|-weather|RainDance|[upkeep]\n|-heal|p2b: Politoed|34/100|[from] item: Leftovers\n|upkeep\n|c|\u2606shnoozel|wp\n|\n|t:|1776091058\n|switch|p2a: Starmie|Starmie, L50|100/100\n|turn|3\n|\n|t:|1776091074\n|switch|p1a: Incineroar|Incineroar, L50, M|100/100\n|-ability|p1a: Incineroar|Intimidate|boost\n|-unboost|p2a: Starmie|atk|1\n|-unboost|p2b: Politoed|atk|1\n|detailschange|p2a: Starmie|Starmie-Mega, L50\n|-mega|p2a: Starmie|Starmie|Starminite\n|move|p2a: Starmie|Liquidation|p1b: Floette\n|-damage|p1b: Floette|0 fnt\n|faint|p1b: Floette\n|move|p2b: Politoed|Ice Beam|p1a: Incineroar\n|-resisted|p1a: Incineroar|1\n|-damage|p1a: Incineroar|93/100\n|\n|-weather|RainDance|[upkeep]\n|-heal|p2b: Politoed|40/100|[from] item: Leftovers\n|upkeep\n|inactive|shnoozel has 30 seconds left.\n|\n|t:|1776091106\n|switch|p1b: Dragapult|Dragapult, L50, F|100/100\n|turn|4\n|inactive|shnoozel has 30 seconds left.\n|\n|t:|1776091134\n|move|p2a: Starmie|Protect|p2a: Starmie\n|-singleturn|p2a: Starmie|Protect\n|move|p1a: Incineroar|Fake Out|p2b: Politoed\n|-damage|p2b: Politoed|28/100\n|move|p1b: Dragapult|U-turn|p2b: Politoed\n|-damage|p2b: Politoed|4/100\n|\n|t:|1776091140\n|switch|p1b: Whimsicott|Whimsicott, L50, M|35/100|[from] U-turn\n|cant|p2b: Politoed|flinch\n|\n|-weather|RainDance|[upkeep]\n|-heal|p2b: Politoed|10/100|[from] item: Leftovers\n|-sideend|p2: TheCatDad_24|move: Tailwind\n|upkeep\n|turn|5\n|\n|t:|1776091165\n|move|p1b: Whimsicott|Encore|p2a: Starmie\n|-start|p2a: Starmie|Encore\n|move|p2a: Starmie|Protect||[still]\n|-fail|p2a: Starmie\n|move|p2b: Politoed|Ice Beam|p1b: Whimsicott\n|-supereffective|p1b: Whimsicott|1\n|-damage|p1b: Whimsicott|0 fnt\n|faint|p1b: Whimsicott\n|move|p1a: Incineroar|Flare Blitz|p2b: Politoed\n|-resisted|p2b: Politoed|1\n|-damage|p2b: Politoed|0 fnt\n|faint|p2b: Politoed\n|-damage|p1a: Incineroar|91/100|[from] Recoil\n|\n|-weather|none\n|upkeep\n|\n|t:|1776091177\n|switch|p1b: Dragapult|Dragapult, L50, F|100/100\n|switch|p2b: Sneasler|Sneasler, L50, F|100/100\n|turn|6\n|\n|t:|1776091189\n|move|p1a: Incineroar|Helping Hand|p1b: Dragapult\n|-singleturn|p1b: Dragapult|Helping Hand|[of] p1a: Incineroar\n|move|p2a: Starmie|Protect|p2a: Starmie\n|-singleturn|p2a: Starmie|Protect\n|move|p1b: Dragapult|Dragon Darts|p2b: Sneasler\n|-damage|p2b: Sneasler|32/100\n|-anim|p1b: Dragapult|Dragon Darts|p2b: Sneasler\n|-damage|p2b: Sneasler|0 fnt\n|faint|p2b: Sneasler\n|\n|upkeep\n|turn|7\n|\n|t:|1776091203\n|move|p1a: Incineroar|Helping Hand|p1b: Dragapult\n|-singleturn|p1b: Dragapult|Helping Hand|[of] p1a: Incineroar\n|move|p2a: Starmie|Protect|p2a: Starmie\n|-singleturn|p2a: Starmie|Protect\n|move|p1b: Dragapult|Dragon Darts|p2a: Starmie\n|-activate|p2a: Starmie|move: Protect\n|\n|-end|p2a: Starmie|Encore\n|upkeep\n|turn|8\n|\n|t:|1776091222\n|move|p1a: Incineroar|Helping Hand|p1b: Dragapult\n|-singleturn|p1b: Dragapult|Helping Hand|[of] p1a: Incineroar\n|move|p1b: Dragapult|Dragon Darts|p2a: Starmie\n|-damage|p2a: Starmie|52/100\n|-anim|p1b: Dragapult|Dragon Darts|p2a: Starmie\n|-damage|p2a: Starmie|3/100\n|move|p2a: Starmie|Ice Spinner|p1b: Dragapult\n|-supereffective|p1b: Dragapult|1\n|-damage|p1b: Dragapult|18/100\n|\n|upkeep\n|turn|9\n|c|\u2606shnoozel|it doesnt kill??\n|c|\u2606shnoozel|holy shit im so lucky\n|c|\u2606TheCatDad_24|i guess not\n|inactive|shnoozel has 30 seconds left.\n|inactive|TheCatDad_24 has 30 seconds left.\n|\n|t:|1776091249\n|move|p1b: Dragapult|Dragon Darts|p2a: Starmie\n|-damage|p2a: Starmie|0 fnt\n|faint|p2a: Starmie\n|\n|win|shnoozel\n|raw|shnoozel's rating: 1040 &rarr; <strong>1073</strong><br />(+33 for winning)\n|raw|TheCatDad_24's rating: 1026 &rarr; <strong>1013</strong><br />(-13 for losing)\n|l|\u2606TheCatDad_24\n|player|p2|\n|c|\u2606shnoozel|was that just a low roll?\n",
  "uploadtime": 1776091370,
  "views": 21,
  "formatid": "gen9championsvgc2026regma",
  "rating": 1013,
  "private": 0,
  "password": null
}