{
  "id": "gen9championsvgc2026regma-2584933712",
  "format": "[Gen 9 Champions] VGC 2026 Reg M-A",
  "players": [
    "Tempest Flute",
    "redtoteyreal"
  ],
  "log": "|j|\u2606Tempest Flute\n|j|\u2606redtoteyreal\n|t:|1776295861\n|gametype|doubles\n|player|p1|Tempest Flute|youngster-gen1rb|1352\n|player|p2|redtoteyreal|ninjaboy|1380\n|gen|9\n|tier|[Gen 9 Champions] VGC 2026 Reg M-A\n|rated|\n|rule|Species Clause: Limit one of each Pok\u00e9mon\n|rule|Item Clause: Limit 1 of each item\n|clearpoke\n|poke|p1|Glimmora, L50, F|\n|poke|p1|Talonflame, L50, M|\n|poke|p1|Farigiraf, L50, M|\n|poke|p1|Ninetales-Alola, L50, F|\n|poke|p1|Garchomp, L50, F|\n|poke|p1|Hydreigon, L50, M|\n|poke|p2|Floette-Eternal, L50, F|\n|poke|p2|Maushold-Four, L50|\n|poke|p2|Aegislash, L50, M|\n|poke|p2|Aerodactyl, L50, M|\n|poke|p2|Rotom-Wash, L50|\n|poke|p2|Garchomp, L50, M|\n|teampreview|4\n|inactive|Battle timer is ON: inactive players will automatically lose when time's up. (requested by redtoteyreal)\n|inactive|Tempest Flute also wants the timer to be on.\nredtoteyreal has agreed to open team sheets.\n|inactive|Tempest Flute has 60 seconds left.\n|inactive|redtoteyreal has 60 seconds left.\n|\n|t:|1776295914\n|teamsize|p1|4\n|teamsize|p2|4\n|start\n|switch|p1a: Gyro Zepelli|Talonflame, L50, M, shiny|100/100\n|switch|p1b: Slow Dancer|Ninetales-Alola, L50, F|100/100\n|switch|p2a: Maushold|Maushold-Four, L50|100/100\n|switch|p2b: Floette|Floette-Eternal, L50, F|100/100\n|-weather|Snowscape|[from] ability: Snow Warning|[of] p1b: Slow Dancer\n|turn|1\n|\n|t:|1776295919\n|detailschange|p2b: Floette|Floette-Mega, L50, F\n|-mega|p2b: Floette|Floette|Floettite\n|-ability|p2b: Floette|Fairy Aura\n|move|p1a: Gyro Zepelli|Tailwind|p1a: Gyro Zepelli\n|-sidestart|p1: Tempest Flute|move: Tailwind\n|move|p1b: Slow Dancer|Blizzard|p2b: Floette|[spread] p2a,p2b\n|-damage|p2a: Maushold|62/100\n|-damage|p2b: Floette|84/100\n|move|p2a: Maushold|Taunt|p1b: Slow Dancer\n|-start|p1b: Slow Dancer|move: Taunt\n|move|p2b: Floette|Calm Mind|p2b: Floette\n|-boost|p2b: Floette|spa|1\n|-boost|p2b: Floette|spd|1\n|\n|-weather|Snowscape|[upkeep]\n|upkeep\n|turn|2\n|\n|t:|1776295938\n|move|p2a: Maushold|Protect|p2a: Maushold\n|-singleturn|p2a: Maushold|Protect\n|move|p2b: Floette|Protect|p2b: Floette\n|-singleturn|p2b: Floette|Protect\n|move|p1a: Gyro Zepelli|Brave Bird|p2b: Floette\n|-activate|p2b: Floette|move: Protect\n|move|p1b: Slow Dancer|Icy Wind|p2b: Floette|[spread] \n|-activate|p2a: Maushold|move: Protect\n|-activate|p2b: Floette|move: Protect\n|\n|-weather|Snowscape|[upkeep]\n|upkeep\n|turn|3\n|\n|t:|1776295955\n|move|p2a: Maushold|Follow Me|p2a: Maushold\n|-singleturn|p2a: Maushold|move: Follow Me\n|move|p1a: Gyro Zepelli|Brave Bird|p2a: Maushold\n|-damage|p2a: Maushold|0 fnt\n|faint|p2a: Maushold\n|-damage|p1a: Gyro Zepelli|77/100|[from] Recoil\n|move|p1b: Slow Dancer|Icy Wind|p2b: Floette\n|-crit|p2b: Floette\n|-damage|p2b: Floette|59/100\n|-unboost|p2b: Floette|spe|1\n|move|p2b: Floette|Dazzling Gleam|p1a: Gyro Zepelli|[spread] p1a,p1b\n|-resisted|p1a: Gyro Zepelli|1\n|-damage|p1a: Gyro Zepelli|30/100\n|-damage|p1b: Slow Dancer|22/100\n|\n|-weather|Snowscape|[upkeep]\n|upkeep\n|\n|t:|1776295972\n|switch|p2a: Aegislash|Aegislash, L50, M, shiny|100/100\n|turn|4\n|inactive|Tempest Flute has 30 seconds left.\n|\n|t:|1776295999\n|-formechange|p2a: Aegislash|Aegislash-Blade|\n|move|p2a: Aegislash|Shadow Sneak|p1a: Gyro Zepelli\n|-damage|p1a: Gyro Zepelli|0 fnt\n|faint|p1a: Gyro Zepelli\n|move|p1b: Slow Dancer|Blizzard|p2b: Floette|[spread] p2a,p2b\n|-resisted|p2a: Aegislash|1\n|-crit|p2b: Floette\n|-damage|p2a: Aegislash|71/100\n|-damage|p2b: Floette|25/100\n|move|p2b: Floette|Calm Mind|p2b: Floette\n|-boost|p2b: Floette|spa|1\n|-boost|p2b: Floette|spd|1\n|\n|-weather|Snowscape|[upkeep]\n|-end|p1b: Slow Dancer|move: Taunt\n|-sideend|p1: Tempest Flute|move: Tailwind\n|upkeep\n|\n|t:|1776296013\n|switch|p1a: Sandman|Garchomp, L50, F|100/100\n|turn|5\n|\n|t:|1776296024\n|switch|p2a: Aerodactyl|Aerodactyl, L50, M, shiny|100/100\n|-ability|p2a: Aerodactyl|Unnerve\n|move|p1b: Slow Dancer|Protect|p1b: Slow Dancer\n|-singleturn|p1b: Slow Dancer|Protect\n|move|p2b: Floette|Protect|p2b: Floette\n|-singleturn|p2b: Floette|Protect\n|move|p1a: Sandman|Earthquake|p2a: Aerodactyl|[spread] \n|-activate|p1b: Slow Dancer|move: Protect\n|-activate|p2b: Floette|move: Protect\n|-immune|p2a: Aerodactyl\n|\n|-weather|none\n|upkeep\n|turn|6\n|\n|t:|1776296040\n|move|p1a: Sandman|Protect|p1a: Sandman\n|-singleturn|p1a: Sandman|Protect\n|move|p2a: Aerodactyl|Tailwind|p2a: Aerodactyl\n|-sidestart|p2: redtoteyreal|move: Tailwind\n|move|p1b: Slow Dancer|Icy Wind|p2a: Aerodactyl|[spread] p2a,p2b\n|-supereffective|p2a: Aerodactyl|1\n|-damage|p2a: Aerodactyl|57/100\n|-damage|p2b: Floette|20/100\n|-unboost|p2a: Aerodactyl|spe|1\n|-unboost|p2b: Floette|spe|1\n|move|p2b: Floette|Dazzling Gleam|p1b: Slow Dancer|[spread] p1b\n|-activate|p1a: Sandman|move: Protect\n|-damage|p1b: Slow Dancer|0 fnt\n|faint|p1b: Slow Dancer\n|\n|upkeep\n|\n|t:|1776296051\n|switch|p1b: Johnny Joestar|Glimmora, L50, F|100/100\n|turn|7\n|inactive|redtoteyreal has 30 seconds left.\n|\n|t:|1776296085\n|detailschange|p1b: Johnny Joestar|Glimmora-Mega, L50, F\n|-mega|p1b: Johnny Joestar|Glimmora|Glimmoranite\n|move|p2a: Aerodactyl|Rock Slide|p1b: Johnny Joestar|[spread] p1a,p1b\n|-resisted|p1a: Sandman|1\n|-damage|p1a: Sandman|88/100\n|-damage|p1b: Johnny Joestar|75/100\n|move|p1a: Sandman|Stomping Tantrum|p2b: Floette\n|-damage|p2b: Floette|0 fnt\n|faint|p2b: Floette\n|move|p1b: Johnny Joestar|Power Gem|p2a: Aerodactyl\n|-supereffective|p2a: Aerodactyl|1\n|-damage|p2a: Aerodactyl|0 fnt\n|faint|p2a: Aerodactyl\n|\n|upkeep\n|\n|t:|1776296095\n|switch|p2b: Aegislash|Aegislash, L50, M, shiny|71/100\n|turn|8\n|\n|t:|1776296112\n|move|p1a: Sandman|Protect|p1a: Sandman\n|-singleturn|p1a: Sandman|Protect\n|move|p1b: Johnny Joestar|Spiky Shield|p1b: Johnny Joestar\n|-singleturn|p1b: Johnny Joestar|move: Protect\n|-formechange|p2b: Aegislash|Aegislash-Blade|\n|move|p2b: Aegislash|Poltergeist|p1b: Johnny Joestar\n|-activate|p1b: Johnny Joestar|move: Protect\n|\n|upkeep\n|turn|9\n|\n|t:|1776296133\n|move|p1a: Sandman|Stomping Tantrum|p2b: Aegislash\n|-supereffective|p2b: Aegislash|1\n|-damage|p2b: Aegislash|0 fnt\n|faint|p2b: Aegislash\n|\n|win|Tempest Flute\n|raw|Tempest Flute's rating: 1352 &rarr; <strong>1374</strong><br />(+22 for winning)\n|raw|redtoteyreal's rating: 1380 &rarr; <strong>1358</strong><br />(-22 for losing)\n|l|\u2606redtoteyreal\n|player|p2|\n",
  "uploadtime": 1776296225,
  "views": 41,
  "formatid": "gen9championsvgc2026regma",
  "rating": 1358,
  "private": 0,
  "password": null
}