{
  "id": "gen9championsvgc2026regma-2587451813",
  "format": "[Gen 9 Champions] VGC 2026 Reg M-A",
  "players": [
    "EifieLisa",
    "Guy523"
  ],
  "log": "|j|\u2606EifieLisa\n|j|\u2606Guy523\n|t:|1776532969\n|gametype|doubles\n|player|p1|EifieLisa|winona|1409\n|player|p2|Guy523|guitarist|1418\n|gen|9\n|tier|[Gen 9 Champions] VGC 2026 Reg M-A\n|rated|\n|rule|Species Clause: Limit one of each Pok\u00e9mon\n|rule|Item Clause: Limit 1 of each item\n|clearpoke\n|poke|p1|Glimmora, L50, F|\n|poke|p1|Tinkaton, L50, F|\n|poke|p1|Incineroar, L50, M|\n|poke|p1|Rotom-Wash, L50|\n|poke|p1|Maushold, L50|\n|poke|p1|Dragapult, L50, F|\n|poke|p2|Froslass, L50, F|\n|poke|p2|Aerodactyl, L50, M|\n|poke|p2|Kingambit, L50, F|\n|poke|p2|Sneasler, L50, M|\n|poke|p2|Arcanine-Hisui, L50, M|\n|poke|p2|Sinistcha, L50|\n|teampreview|4\n|inactive|Battle timer is ON: inactive players will automatically lose when time's up. (requested by Guy523)\n|inactive|EifieLisa has 60 seconds left.\n|\n|t:|1776533019\n|teamsize|p1|4\n|teamsize|p2|4\n|start\n|switch|p1a: Dragapult|Dragapult, L50, F|100/100\n|switch|p1b: Tinkaton|Tinkaton, L50, F|100/100\n|switch|p2a: Aerodactyl|Aerodactyl, L50, M|100/100\n|switch|p2b: Kingambit|Kingambit, L50, F|100/100\n|-ability|p2a: Aerodactyl|Unnerve\n|-ability|p1b: Tinkaton|Mold Breaker\n|turn|1\n|inactive|EifieLisa has 30 seconds left.\n|\n|t:|1776533052\n|move|p1b: Tinkaton|Fake Out|p2b: Kingambit\n|-resisted|p2b: Kingambit|1\n|-damage|p2b: Kingambit|97/100\n|cant|p2b: Kingambit|flinch\n|move|p1a: Dragapult|Dragon Dance|p1a: Dragapult\n|-boost|p1a: Dragapult|atk|1\n|-boost|p1a: Dragapult|spe|1\n|move|p2a: Aerodactyl|Tailwind|p2a: Aerodactyl\n|-sidestart|p2: Guy523|move: Tailwind\n|\n|upkeep\n|turn|2\n|\n|t:|1776533066\n|switch|p1b: Maushold|Maushold, L50|100/100\n|move|p1a: Dragapult|Protect|p1a: Dragapult\n|-singleturn|p1a: Dragapult|Protect\n|move|p2b: Kingambit|Sucker Punch||[still]\n|-fail|p2b: Kingambit\n|move|p2a: Aerodactyl|Rock Slide|p1b: Maushold|[spread] p1b\n|-activate|p1a: Dragapult|move: Protect\n|-damage|p1b: Maushold|67/100\n|\n|upkeep\n|turn|3\n|\n|t:|1776533086\n|move|p1b: Maushold|Follow Me|p1b: Maushold\n|-singleturn|p1b: Maushold|move: Follow Me\n|move|p2a: Aerodactyl|Rock Slide|p1b: Maushold|[spread] p1a,p1b\n|-damage|p1a: Dragapult|74/100\n|-damage|p1b: Maushold|38/100\n|move|p1a: Dragapult|Dragon Darts|p2a: Aerodactyl\n|-damage|p2a: Aerodactyl|41/100\n|-anim|p1a: Dragapult|Dragon Darts|p2b: Kingambit\n|-resisted|p2b: Kingambit|1\n|-damage|p2b: Kingambit|83/100\n|move|p2b: Kingambit|Kowtow Cleave|p1b: Maushold\n|-damage|p1b: Maushold|0 fnt\n|faint|p1b: Maushold\n|\n|upkeep\n|\n|t:|1776533096\n|switch|p1b: Tinkaton|Tinkaton, L50, F|100/100\n|-ability|p1b: Tinkaton|Mold Breaker\n|turn|4\n|\n|t:|1776533121\n|move|p2b: Kingambit|Protect|p2b: Kingambit\n|-singleturn|p2b: Kingambit|Protect\n|move|p1b: Tinkaton|Fake Out|p2b: Kingambit\n|-activate|p2b: Kingambit|move: Protect\n|move|p2a: Aerodactyl|Rock Slide|p1b: Tinkaton|[spread] p1a,p1b\n|-resisted|p1b: Tinkaton|1\n|-damage|p1a: Dragapult|40/100\n|-damage|p1b: Tinkaton|87/100\n|move|p1a: Dragapult|Dragon Darts|p2a: Aerodactyl\n|-damage|p2a: Aerodactyl|0 fnt\n|faint|p2a: Aerodactyl\n|\n|-sideend|p2: Guy523|move: Tailwind\n|upkeep\n|\n|t:|1776533132\n|switch|p2a: Sneasler|Sneasler, L50, M|100/100\n|turn|5\n|\n|t:|1776533153\n|move|p1a: Dragapult|Protect|p1a: Dragapult\n|-singleturn|p1a: Dragapult|Protect\n|move|p2a: Sneasler|Protect|p2a: Sneasler\n|-singleturn|p2a: Sneasler|Protect\n|move|p1b: Tinkaton|Play Rough|p2b: Kingambit\n|-damage|p2b: Kingambit|64/100\n|move|p2b: Kingambit|Kowtow Cleave|p1a: Dragapult\n|-activate|p1a: Dragapult|move: Protect\n|\n|upkeep\n|turn|6\n|\n|t:|1776533171\n|switch|p1a: Glimmora|Glimmora, L50, F|100/100\n|move|p2a: Sneasler|Close Combat|p1b: Tinkaton\n|-damage|p1b: Tinkaton|18/100\n|-unboost|p2a: Sneasler|def|1\n|-unboost|p2a: Sneasler|spd|1\n|-enditem|p2a: Sneasler|White Herb\n|-clearnegativeboost|p2a: Sneasler|[silent]\n|move|p1b: Tinkaton|Gigaton Hammer|p2a: Sneasler\n|-damage|p2a: Sneasler|26/100\n|move|p2b: Kingambit|Kowtow Cleave|p1a: Glimmora\n|-damage|p1a: Glimmora|44/100\n|-activate|p1a: Glimmora|ability: Toxic Debris\n|-sidestart|p2: Guy523|move: Toxic Spikes\n|\n|upkeep\n|turn|7\n|-message|EifieLisa forfeited.\n|\n|win|Guy523\n|raw|EifieLisa's rating: 1409 &rarr; <strong>1390</strong><br />(-19 for losing)\n|raw|Guy523's rating: 1418 &rarr; <strong>1437</strong><br />(+19 for winning)\n|l|\u2606EifieLisa\n|player|p1|\n|l|\u2606Guy523\n|player|p2|\n",
  "uploadtime": 1776533243,
  "views": 33,
  "formatid": "gen9championsvgc2026regma",
  "rating": 1390,
  "private": 0,
  "password": null
}