{
  "id": "gen9championsvgc2026regma-2580847288",
  "format": "[Gen 9 Champions] VGC 2026 Reg M-A",
  "players": [
    "xtblx",
    "skwerlee"
  ],
  "log": "|j|\u2606xtblx\n|j|\u2606skwerlee\n|t:|1775937353\n|gametype|doubles\n|player|p1|xtblx|sage|1082\n|player|p2|skwerlee|170|1170\n|gen|9\n|tier|[Gen 9 Champions] VGC 2026 Reg M-A\n|rated|\n|rule|Species Clause: Limit one of each Pok\u00e9mon\n|rule|Item Clause: Limit 1 of each item\n|clearpoke\n|poke|p1|Delphox, L50, F|\n|poke|p1|Basculegion, L50, M|\n|poke|p1|Sneasler, L50, M|\n|poke|p1|Kingambit, L50, F|\n|poke|p1|Dragonite, L50, M|\n|poke|p1|Clefable, L50, F|\n|poke|p2|Kingambit, L50, M|\n|poke|p2|Sylveon, L50, F|\n|poke|p2|Incineroar, L50, F|\n|poke|p2|Starmie, L50|\n|poke|p2|Sneasler, L50, F|\n|poke|p2|Sinistcha, L50|\n|teampreview|4\n|\n|t:|1775937398\n|teamsize|p1|4\n|teamsize|p2|4\n|start\n|switch|p1a: Delphox|Delphox, L50, F|100/100\n|switch|p1b: Sneasler|Sneasler, L50, M|100/100\n|switch|p2a: Starmie|Starmie, L50|100/100\n|switch|p2b: Sneasler|Sneasler, L50, F|100/100\n|turn|1\n|\n|t:|1775937440\n|switch|p1a: Basculegion|Basculegion, L50, M|100/100\n|detailschange|p2a: Starmie|Starmie-Mega, L50\n|-mega|p2a: Starmie|Starmie|Starminite\n|move|p1b: Sneasler|Fake Out|p2a: Starmie\n|-crit|p2a: Starmie\n|-damage|p2a: Starmie|73/100\n|move|p2b: Sneasler|Fake Out|p1a: Basculegion\n|-immune|p1a: Basculegion\n|cant|p2a: Starmie|flinch\n|\n|upkeep\n|turn|2\n|\n|t:|1775937479\n|switch|p2b: Sinistcha|Sinistcha, L50|100/100\n|-heal|p2a: Starmie|98/100|[from] ability: Hospitality|[of] p2b: Sinistcha\n|move|p1b: Sneasler|Protect|p1b: Sneasler\n|-singleturn|p1b: Sneasler|Protect\n|move|p1a: Basculegion|Last Respects|p2a: Starmie\n|-supereffective|p2a: Starmie|1\n|-damage|p2a: Starmie|19/100\n|move|p2a: Starmie|Zen Headbutt|p1b: Sneasler\n|-activate|p1b: Sneasler|move: Protect\n|\n|upkeep\n|turn|3\n|\n|t:|1775937505\n|switch|p1b: Kingambit|Kingambit, L50, F|100/100\n|move|p2a: Starmie|Protect|p2a: Starmie\n|-singleturn|p2a: Starmie|Protect\n|move|p1a: Basculegion|Last Respects|p2a: Starmie\n|-activate|p2a: Starmie|move: Protect\n|move|p2b: Sinistcha|Shadow Ball|p1a: Basculegion\n|-supereffective|p1a: Basculegion|1\n|-damage|p1a: Basculegion|20/100\n|\n|upkeep\n|turn|4\n|\n|t:|1775937536\n|move|p1a: Basculegion|Last Respects|p2a: Starmie\n|-supereffective|p2a: Starmie|1\n|-damage|p2a: Starmie|0 fnt\n|faint|p2a: Starmie\n|move|p2b: Sinistcha|Matcha Gotcha|p1b: Kingambit|[spread] p1a,p1b\n|-supereffective|p1a: Basculegion|1\n|-resisted|p1b: Kingambit|1\n|-damage|p1a: Basculegion|0 fnt\n|-damage|p1b: Kingambit|88/100\n|faint|p1a: Basculegion\n|move|p1b: Kingambit|Swords Dance|p1b: Kingambit\n|-boost|p1b: Kingambit|atk|2\n|\n|upkeep\n|\n|t:|1775937564\n|switch|p2a: Sneasler|Sneasler, L50, F|100/100\n|switch|p1a: Delphox|Delphox, L50, F|100/100\n|turn|5\n|\n|t:|1775937587\n|detailschange|p1a: Delphox|Delphox-Mega, L50, F\n|-mega|p1a: Delphox|Delphox|Delphoxite\n|move|p1a: Delphox|Protect|p1a: Delphox\n|-singleturn|p1a: Delphox|Protect\n|move|p1b: Kingambit|Protect|p1b: Kingambit\n|-singleturn|p1b: Kingambit|Protect\n|move|p2a: Sneasler|Fake Out|p1b: Kingambit\n|-activate|p1b: Kingambit|move: Protect\n|move|p2b: Sinistcha|Shadow Ball|p1a: Delphox\n|-activate|p1a: Delphox|move: Protect\n|\n|upkeep\n|turn|6\n|\n|t:|1775937604\n|move|p1b: Kingambit|Sucker Punch|p2b: Sinistcha\n|-supereffective|p2b: Sinistcha|1\n|-damage|p2b: Sinistcha|0 fnt\n|faint|p2b: Sinistcha\n|move|p1a: Delphox|Psychic|p2a: Sneasler\n|-supereffective|p2a: Sneasler|2\n|-damage|p2a: Sneasler|0 fnt\n|faint|p2a: Sneasler\n|\n|upkeep\n|-message|skwerlee forfeited.\n|\n|win|xtblx\n|raw|xtblx's rating: 1082 &rarr; <strong>1117</strong><br />(+35 for winning)\n|raw|skwerlee's rating: 1170 &rarr; <strong>1139</strong><br />(-31 for losing)\n|l|\u2606skwerlee\n|player|p2|\n",
  "uploadtime": 1775937617,
  "views": 31,
  "formatid": "gen9championsvgc2026regma",
  "rating": 1117,
  "private": 0,
  "password": null
}