{
  "id": "gen9championsvgc2026regma-2588475717",
  "format": "[Gen 9 Champions] VGC 2026 Reg M-A",
  "players": [
    "GustavoCE",
    "parking lot demon"
  ],
  "log": "|j|\u2606GustavoCE\n|j|\u2606parking lot demon\n|t:|1776636881\n|gametype|doubles\n|player|p1|GustavoCE|red|1064\n|player|p2|parking lot demon|lady-gen4|1000\n|gen|9\n|tier|[Gen 9 Champions] VGC 2026 Reg M-A\n|rated|\n|rule|Species Clause: Limit one of each Pok\u00e9mon\n|rule|Item Clause: Limit 1 of each item\n|clearpoke\n|poke|p1|Sinistcha, L50|\n|poke|p1|Archaludon, L50, M|\n|poke|p1|Pelipper, L50, M|\n|poke|p1|Rotom-Wash, L50, shiny|\n|poke|p1|Mr. Rime, L50, F, shiny|\n|poke|p1|Incineroar, L50, M|\n|poke|p2|Glalie, L50, M, shiny|\n|poke|p2|Sinistcha, L50|\n|poke|p2|Basculegion, L50, M|\n|poke|p2|Incineroar, L50, F|\n|poke|p2|Whimsicott, L50, F|\n|poke|p2|Pelipper, L50, F|\n|teampreview|4\n|inactive|Battle timer is ON: inactive players will automatically lose when time's up. (requested by parking lot demon)\nparking lot demon rejected open team sheets.\n|inactive|GustavoCE has 60 seconds left.\n|\n|t:|1776636916\n|teamsize|p1|4\n|teamsize|p2|4\n|start\n|switch|p1a: Incineroar|Incineroar, L50, M|100/100\n|switch|p1b: Sinistcha|Sinistcha, L50|100/100\n|switch|p2a: Volleyball|Glalie, L50, M, shiny|100/100\n|switch|p2b: Whimsicott|Whimsicott, L50, F|100/100\n|-ability|p1a: Incineroar|Intimidate|boost\n|-unboost|p2a: Volleyball|atk|1\n|-unboost|p2b: Whimsicott|atk|1\n|turn|1\n|\n|t:|1776636939\n|detailschange|p2a: Volleyball|Glalie-Mega, L50, M, shiny\n|-mega|p2a: Volleyball|Glalie|Glalitite\n|move|p2b: Whimsicott|Tailwind|p2b: Whimsicott\n|-sidestart|p2: parking lot demon|move: Tailwind\n|move|p2a: Volleyball|Sheer Cold|p1a: Incineroar\n|-damage|p1a: Incineroar|0 fnt\n|faint|p1a: Incineroar\n|-ohko\n|move|p1b: Sinistcha|Strength Sap|p2a: Volleyball\n|-unboost|p2a: Volleyball|atk|1\n|\n|upkeep\n|\n|t:|1776636954\n|switch|p1a: Mr. Rime|Mr. Rime, L50, F, shiny|100/100\n|turn|2\n|\n|t:|1776636976\n|switch|p2a: Sinistcha|Sinistcha, L50|100/100\n|move|p2b: Whimsicott|Encore|p1b: Sinistcha\n|-start|p1b: Sinistcha|Encore\n|move|p1b: Sinistcha|Strength Sap|p2b: Whimsicott\n|-unboost|p2b: Whimsicott|atk|1\n|move|p1a: Mr. Rime|Trick Room|p1a: Mr. Rime\n|-fieldstart|move: Trick Room|[of] p1a: Mr. Rime\n|\n|upkeep\n|turn|3\n|\n|t:|1776636996\n|switch|p1b: Archaludon|Archaludon, L50, M|100/100\n|switch|p2a: Volleyball|Glalie-Mega, L50, M, shiny|100/100\n|move|p2b: Whimsicott|Encore|p1a: Mr. Rime\n|-start|p1a: Mr. Rime|Encore\n|-activate|p1a: Mr. Rime|item: Quick Claw\n|move|p1a: Mr. Rime|Trick Room|p1a: Mr. Rime\n|-fieldend|move: Trick Room\n|\n|upkeep\n|turn|4\n|\n|t:|1776637013\n|move|p2b: Whimsicott|Moonblast|p1b: Archaludon\n|-crit|p1b: Archaludon\n|-damage|p1b: Archaludon|56/100\n|-ability|p1b: Archaludon|Stamina|boost\n|-boost|p1b: Archaludon|def|1\n|move|p2a: Volleyball|Explosion|p1b: Archaludon|[spread] p2b,p1a,p1b\n|-supereffective|p2b: Whimsicott|1\n|-resisted|p1a: Mr. Rime|1\n|-enditem|p2b: Whimsicott|Focus Sash\n|-damage|p2b: Whimsicott|1/100\n|-damage|p1a: Mr. Rime|26/100\n|-damage|p1b: Archaludon|0 fnt\n|faint|p2a: Volleyball\n|faint|p1b: Archaludon\n|move|p1a: Mr. Rime|Trick Room|p1a: Mr. Rime\n|-fieldstart|move: Trick Room|[of] p1a: Mr. Rime\n|\n|-sideend|p2: parking lot demon|move: Tailwind\n|upkeep\n|inactive|parking lot demon has 30 seconds left.\n|\n|t:|1776637039\n|switch|p1b: Sinistcha|Sinistcha, L50|100/100\n|switch|p2a: Basculegion|Basculegion, L50, M|100/100\n|-heal|p1a: Mr. Rime|50/100|[from] ability: Hospitality|[of] p1b: Sinistcha\n|turn|5\n|-activate|p1a: Mr. Rime|item: Quick Claw\n|\n|t:|1776637058\n|move|p2a: Basculegion|Protect|p2a: Basculegion\n|-singleturn|p2a: Basculegion|Protect\n|move|p2b: Whimsicott|Tailwind|p2b: Whimsicott\n|-sidestart|p2: parking lot demon|move: Tailwind\n|move|p1b: Sinistcha|Matcha Gotcha|p2a: Basculegion|[spread] \n|-activate|p2a: Basculegion|move: Protect\n|-miss|p1b: Sinistcha|p2b: Whimsicott\n|move|p1a: Mr. Rime|Trick Room|p1a: Mr. Rime\n|-fieldend|move: Trick Room\n|\n|-end|p1a: Mr. Rime|Encore\n|upkeep\n|turn|6\n|inactive|GustavoCE has 30 seconds left.\n|c|\u2606parking lot demon|sheer cold skill diff\n|inactive|GustavoCE has 20 seconds left.\n|inactive|GustavoCE has 15 seconds left.\n|\n|t:|1776637101\n|move|p1a: Mr. Rime|Protect|p1a: Mr. Rime\n|-singleturn|p1a: Mr. Rime|Protect\n|move|p2b: Whimsicott|Moonblast|p1a: Mr. Rime\n|-activate|p1a: Mr. Rime|move: Protect\n|move|p2a: Basculegion|Last Respects|p1b: Sinistcha\n|-supereffective|p1b: Sinistcha|1\n|-damage|p1b: Sinistcha|0 fnt\n|faint|p1b: Sinistcha\n|\n|upkeep\n|turn|7\n|\n|t:|1776637120\n|move|p2b: Whimsicott|Encore|p1a: Mr. Rime\n|-start|p1a: Mr. Rime|Encore\n|-activate|p1a: Mr. Rime|item: Quick Claw\n|move|p1a: Mr. Rime|Protect|p1a: Mr. Rime\n|-singleturn|p1a: Mr. Rime|Protect\n|move|p2a: Basculegion|Last Respects|p1a: Mr. Rime\n|-activate|p1a: Mr. Rime|move: Protect\n|\n|upkeep\n|turn|8\n|\n|t:|1776637131\n|move|p1a: Mr. Rime|Protect||[still]\n|-fail|p1a: Mr. Rime\n|move|p2b: Whimsicott|Moonblast|p1a: Mr. Rime\n|-damage|p1a: Mr. Rime|22/100\n|-unboost|p1a: Mr. Rime|spa|1\n|move|p2a: Basculegion|Last Respects|p1a: Mr. Rime\n|-supereffective|p1a: Mr. Rime|1\n|-damage|p1a: Mr. Rime|0 fnt\n|faint|p1a: Mr. Rime\n|\n|win|parking lot demon\n|raw|GustavoCE's rating: 1064 &rarr; <strong>1041</strong><br />(-23 for losing)\n|raw|parking lot demon's rating: 1000 &rarr; <strong>1047</strong><br />(+47 for winning)\n|l|\u2606GustavoCE\n|player|p1|\n",
  "uploadtime": 1776637135,
  "views": 12,
  "formatid": "gen9championsvgc2026regma",
  "rating": 1041,
  "private": 0,
  "password": null
}