{
  "id": "gen9championsvgc2026regma-2588724652",
  "format": "[Gen 9 Champions] VGC 2026 Reg M-A",
  "players": [
    "Schwann_Song",
    "Okami_6"
  ],
  "log": "|j|\u2606Schwann_Song\n|j|\u2606Okami_6\n|t:|1776662353\n|gametype|doubles\n|player|p1|Schwann_Song|101|1171\n|player|p2|Okami_6|perrin|1256\n|gen|9\n|tier|[Gen 9 Champions] VGC 2026 Reg M-A\n|rated|\n|rule|Species Clause: Limit one of each Pok\u00e9mon\n|rule|Item Clause: Limit 1 of each item\n|clearpoke\n|poke|p1|Victreebel, L50, F|\n|poke|p1|Charizard, L50, M|\n|poke|p1|Tauros-Paldea-Aqua, L50, M|\n|poke|p1|Goodra-Hisui, L50, M|\n|poke|p1|Whimsicott, L50, M|\n|poke|p1|Salazzle, L50, F|\n|poke|p2|Crabominable, L50, M|\n|poke|p2|Basculegion, L50, M|\n|poke|p2|Incineroar, L50, F|\n|poke|p2|Sinistcha, L50|\n|poke|p2|Archaludon, L50, M|\n|poke|p2|Pelipper, L50, F|\n|teampreview|4\n|inactive|Battle timer is ON: inactive players will automatically lose when time's up. (requested by Schwann_Song)\n|\n|t:|1776662398\n|teamsize|p1|4\n|teamsize|p2|4\n|start\n|switch|p1a: Victreebel|Victreebel, L50, F|100/100\n|switch|p1b: Charizard|Charizard, L50, M|100/100\n|switch|p2a: Basculegion|Basculegion, L50, M|100/100\n|switch|p2b: Archaludon|Archaludon, L50, M|100/100\n|turn|1\n|inactive|Schwann_Song has 30 seconds left.\n|\n|t:|1776662427\n|move|p1b: Charizard|Protect|p1b: Charizard\n|-singleturn|p1b: Charizard|Protect\n|move|p2b: Archaludon|Protect|p2b: Archaludon\n|-singleturn|p2b: Archaludon|Protect\n|move|p2a: Basculegion|Flip Turn|p1b: Charizard\n|-activate|p1b: Charizard|move: Protect\n|move|p1a: Victreebel|Sleep Powder|p2b: Archaludon\n|-activate|p2b: Archaludon|move: Protect\n|\n|upkeep\n|turn|2\n|\n|t:|1776662447\n|switch|p1b: Goodra|Goodra-Hisui, L50, M|100/100\n|move|p2a: Basculegion|Flip Turn|p1b: Goodra\n|-resisted|p1b: Goodra|1\n|-damage|p1b: Goodra|79/100\n|\n|t:|1776662452\n|switch|p2a: Pelipper|Pelipper, L50, F|100/100|[from] Flip Turn\n|-weather|RainDance|[from] ability: Drizzle|[of] p2a: Pelipper\n|move|p2b: Archaludon|Electro Shot||[still]\n|-prepare|p2b: Archaludon|Electro Shot\n|-boost|p2b: Archaludon|spa|1\n|-anim|p2b: Archaludon|Electro Shot|p1b: Goodra\n|-resisted|p1b: Goodra|1\n|-damage|p1b: Goodra|63/100\n|move|p1a: Victreebel|Sleep Powder|p2b: Archaludon|[miss]\n|-miss|p1a: Victreebel|p2b: Archaludon\n|\n|-weather|RainDance|[upkeep]\n|-heal|p1b: Goodra|68/100|[from] item: Leftovers\n|upkeep\n|turn|3\n|inactive|Schwann_Song has 30 seconds left.\n|inactive|Schwann_Song has 20 seconds left.\n|inactive|Schwann_Song has 15 seconds left.\n|\n|t:|1776662495\n|detailschange|p1a: Victreebel|Victreebel-Mega, L50, F\n|-mega|p1a: Victreebel|Victreebel|Victreebelite\n|move|p2a: Pelipper|Hurricane|p1a: Victreebel\n|-supereffective|p1a: Victreebel|1\n|-crit|p1a: Victreebel\n|-damage|p1a: Victreebel|0 fnt\n|-damage|p2a: Pelipper|0 fnt|[from] ability: Innards Out|[of] p1a: Victreebel\n|faint|p1a: Victreebel\n|faint|p2a: Pelipper\n|move|p2b: Archaludon|Dragon Pulse|p1b: Goodra\n|-damage|p1b: Goodra|36/100\n|move|p1b: Goodra|Curse|p1b: Goodra\n|-unboost|p1b: Goodra|spe|1\n|-boost|p1b: Goodra|atk|1\n|-boost|p1b: Goodra|def|1\n|\n|-weather|RainDance|[upkeep]\n|-heal|p1b: Goodra|42/100|[from] item: Leftovers\n|upkeep\n|\n|t:|1776662519\n|switch|p2a: Basculegion|Basculegion, L50, M|100/100\n|switch|p1a: Charizard|Charizard, L50, M|100/100\n|turn|4\n|\n|t:|1776662534\n|move|p1a: Charizard|Protect|p1a: Charizard\n|-singleturn|p1a: Charizard|Protect\n|move|p2a: Basculegion|Wave Crash|p1a: Charizard\n|-activate|p1a: Charizard|move: Protect\n|move|p2b: Archaludon|Dragon Pulse|p1b: Goodra\n|-damage|p1b: Goodra|8/100\n|move|p1b: Goodra|Gyro Ball|p2a: Basculegion\n|-resisted|p2a: Basculegion|1\n|-damage|p2a: Basculegion|64/100\n|\n|-weather|RainDance|[upkeep]\n|-heal|p1b: Goodra|14/100|[from] item: Leftovers\n|upkeep\n|turn|5\n|-message|Schwann_Song forfeited.\n|\n|win|Okami_6\n|raw|Schwann_Song's rating: 1171 &rarr; <strong>1152</strong><br />(-19 for losing)\n|raw|Okami_6's rating: 1256 &rarr; <strong>1275</strong><br />(+19 for winning)\n|l|\u2606Schwann_Song\n|player|p1|\n",
  "uploadtime": 1776662554,
  "views": 10,
  "formatid": "gen9championsvgc2026regma",
  "rating": 1152,
  "private": 0,
  "password": null
}