{
  "id": "gen9championsvgc2026regma-2582856006",
  "format": "[Gen 9 Champions] VGC 2026 Reg M-A",
  "players": [
    "Ender198",
    "itonia"
  ],
  "log": "|j|\u2606Ender198\n|j|\u2606itonia\n|t:|1776119487\n|gametype|doubles\n|player|p1|Ender198|170|1324\n|player|p2|itonia|miku-ghost|1349\n|gen|9\n|tier|[Gen 9 Champions] VGC 2026 Reg M-A\n|rated|\n|rule|Species Clause: Limit one of each Pok\u00e9mon\n|rule|Item Clause: Limit 1 of each item\n|clearpoke\n|poke|p1|Aerodactyl, L50, F|\n|poke|p1|Basculegion, L50, M|\n|poke|p1|Sneasler, L50, M|\n|poke|p1|Floette-Eternal, L50, F|\n|poke|p1|Maushold, L50|\n|poke|p1|Kingambit, L50, M|\n|poke|p2|Gengar, L50, M|\n|poke|p2|Gardevoir, L50, F|\n|poke|p2|Kingambit, L50, M|\n|poke|p2|Garchomp, L50, M|\n|poke|p2|Archaludon, L50, F|\n|poke|p2|Pelipper, L50, F|\n|teampreview|4\n|\n|t:|1776119517\n|teamsize|p1|4\n|teamsize|p2|4\n|start\n|switch|p1a: Floette|Floette-Eternal, L50, F|100/100\n|switch|p1b: Maushold|Maushold, L50|100/100\n|switch|p2a: Gardevoir|Gardevoir, L50, F|100/100\n|switch|p2b: Gengar|Gengar, L50, M|100/100\n|turn|1\n|\n|t:|1776119531\n|detailschange|p2b: Gengar|Gengar-Mega, L50, M\n|-mega|p2b: Gengar|Gengar|Gengarite\n|detailschange|p1a: Floette|Floette-Mega, L50, F\n|-mega|p1a: Floette|Floette|Floettite\n|-ability|p1a: Floette|Fairy Aura\n|move|p1b: Maushold|Follow Me|p1b: Maushold\n|-singleturn|p1b: Maushold|move: Follow Me\n|move|p2a: Gardevoir|Dazzling Gleam|p1a: Floette|[spread] p1a,p1b\n|-crit|p1a: Floette\n|-damage|p1a: Floette|67/100\n|-damage|p1b: Maushold|51/100\n|move|p2b: Gengar|Sludge Wave|p1a: Floette|[spread] p1a,p1b\n|-activate|p2a: Gardevoir|ability: Telepathy\n|-supereffective|p1a: Floette|1\n|-damage|p1a: Floette|17/100\n|-damage|p1b: Maushold|0 fnt\n|faint|p1b: Maushold\n|move|p1a: Floette|Calm Mind|p1a: Floette\n|-boost|p1a: Floette|spa|1\n|-boost|p1a: Floette|spd|1\n|\n|upkeep\n|\n|t:|1776119549\n|switch|p1b: Sneasler|Sneasler, L50, M|100/100\n|turn|2\n|\n|t:|1776119560\n|move|p1b: Sneasler|Fake Out|p2a: Gardevoir\n|-damage|p2a: Gardevoir|75/100\n|cant|p2a: Gardevoir|flinch\n|move|p2b: Gengar|Sludge Wave|p1a: Floette|[spread] p1a,p1b\n|-activate|p2a: Gardevoir|ability: Telepathy\n|-supereffective|p1a: Floette|1\n|-crit|p1a: Floette\n|-resisted|p1b: Sneasler|1\n|-damage|p1a: Floette|0 fnt\n|-damage|p1b: Sneasler|68/100\n|faint|p1a: Floette\n|\n|upkeep\n|\n|t:|1776119572\n|switch|p1a: Basculegion|Basculegion, L50, M|100/100\n|turn|3\n|\n|t:|1776119581\n|move|p2a: Gardevoir|Dazzling Gleam|p1a: Basculegion|[spread] p1a,p1b\n|-damage|p1a: Basculegion|63/100\n|-damage|p1b: Sneasler|22/100\n|move|p1a: Basculegion|Last Respects|p2b: Gengar\n|-supereffective|p2b: Gengar|1\n|-crit|p2b: Gengar\n|-damage|p2b: Gengar|0 fnt\n|faint|p2b: Gengar\n|move|p1b: Sneasler|Dire Claw|p2a: Gardevoir\n|-supereffective|p2a: Gardevoir|1\n|-damage|p2a: Gardevoir|0 fnt\n|faint|p2a: Gardevoir\n|\n|upkeep\n|\n|t:|1776119592\n|switch|p2b: Pelipper|Pelipper, L50, F|100/100\n|switch|p2a: Archaludon|Archaludon, L50, F|100/100\n|-weather|RainDance|[from] ability: Drizzle|[of] p2b: Pelipper\n|turn|4\n|\n|t:|1776119607\n|move|p2a: Archaludon|Protect|p2a: Archaludon\n|-singleturn|p2a: Archaludon|Protect\n|move|p1a: Basculegion|Last Respects|p2b: Pelipper\n|-crit|p2b: Pelipper\n|-enditem|p2b: Pelipper|Focus Sash\n|-damage|p2b: Pelipper|1/100\n|move|p1b: Sneasler|Close Combat|p2a: Archaludon\n|-activate|p2a: Archaludon|move: Protect\n|move|p2b: Pelipper|Tailwind|p2b: Pelipper\n|-sidestart|p2: itonia|move: Tailwind\n|\n|-weather|RainDance|[upkeep]\n|upkeep\n|turn|5\n|\n|t:|1776119625\n|move|p2b: Pelipper|Hurricane|p1a: Basculegion\n|-damage|p1a: Basculegion|14/100\n|-start|p1a: Basculegion|confusion\n|-activate|p1a: Basculegion|confusion\n|move|p1a: Basculegion|Last Respects|p2a: Archaludon\n|-damage|p2a: Archaludon|13/100\n|move|p2a: Archaludon|Electro Shot||[still]\n|-prepare|p2a: Archaludon|Electro Shot\n|-boost|p2a: Archaludon|spa|1\n|-anim|p2a: Archaludon|Electro Shot|p1a: Basculegion\n|-supereffective|p1a: Basculegion|1\n|-damage|p1a: Basculegion|0 fnt\n|faint|p1a: Basculegion\n|move|p1b: Sneasler|Close Combat|p2a: Archaludon\n|-supereffective|p2a: Archaludon|1\n|-damage|p2a: Archaludon|0 fnt\n|-unboost|p1b: Sneasler|def|1\n|-unboost|p1b: Sneasler|spd|1\n|faint|p2a: Archaludon\n|-enditem|p1b: Sneasler|White Herb\n|-clearnegativeboost|p1b: Sneasler|[silent]\n|\n|-weather|RainDance|[upkeep]\n|upkeep\n|turn|6\n|c|\u2606itonia|gg\n|\n|t:|1776119646\n|move|p1b: Sneasler|Dire Claw|p2b: Pelipper\n|-damage|p2b: Pelipper|0 fnt\n|faint|p2b: Pelipper\n|\n|win|Ender198\n|raw|Ender198's rating: 1324 &rarr; <strong>1345</strong><br />(+21 for winning)\n|raw|itonia's rating: 1349 &rarr; <strong>1328</strong><br />(-21 for losing)\n|l|\u2606Ender198\n|player|p1|\n|l|\u2606itonia\n|player|p2|\n",
  "uploadtime": 1776120032,
  "views": 21,
  "formatid": "gen9championsvgc2026regma",
  "rating": 1328,
  "private": 0,
  "password": null
}