{
  "id": "gen9championsvgc2026regma-2581961641",
  "format": "[Gen 9 Champions] VGC 2026 Reg M-A",
  "players": [
    "johnkharkiv",
    "buh cat vgc"
  ],
  "log": "|j|\u2606johnkharkiv\n|j|\u2606buh cat vgc\n|t:|1776043565\n|gametype|doubles\n|player|p1|johnkharkiv|swimmerf-gen4dp|1078\n|player|p2|buh cat vgc|2|1090\n|gen|9\n|tier|[Gen 9 Champions] VGC 2026 Reg M-A\n|rated|\n|rule|Species Clause: Limit one of each Pok\u00e9mon\n|rule|Item Clause: Limit 1 of each item\n|clearpoke\n|poke|p1|Politoed, L50, M|\n|poke|p1|Chesnaught, L50, M|\n|poke|p1|Sinistcha-Masterpiece, L50|\n|poke|p1|Slowbro, L50, M|\n|poke|p1|Incineroar, L50, M|\n|poke|p1|Kleavor, L50, F|\n|poke|p2|Floette-Eternal, L50, F|\n|poke|p2|Aerodactyl, L50, F|\n|poke|p2|Incineroar, L50, M|\n|poke|p2|Sneasler, L50, M|\n|poke|p2|Kingambit, L50, F|\n|poke|p2|Charizard, L50, M|\n|teampreview|4\n|inactive|Battle timer is ON: inactive players will automatically lose when time's up. (requested by johnkharkiv)\n|inactive|buh cat vgc has 60 seconds left.\n|\n|t:|1776043649\n|teamsize|p1|4\n|teamsize|p2|4\n|start\n|switch|p1a: Kleavor|Kleavor, L50, F|100/100\n|switch|p1b: Psycho Killer|Slowbro, L50, M, shiny|100/100\n|switch|p2a: Kingambit|Kingambit, L50, F|100/100\n|switch|p2b: Sneasler|Sneasler, L50, M|100/100\n|turn|1\n|\n|t:|1776043669\n|move|p2b: Sneasler|Fake Out|p1a: Kleavor\n|-resisted|p1a: Kleavor|1\n|-damage|p1a: Kleavor|91/100\n|cant|p1a: Kleavor|flinch\n|move|p2a: Kingambit|Kowtow Cleave|p1b: Psycho Killer\n|-supereffective|p1b: Psycho Killer|1\n|-enditem|p1b: Psycho Killer|Colbur Berry|[eat]\n|-enditem|p1b: Psycho Killer|Colbur Berry|[weaken]\n|-damage|p1b: Psycho Killer|50/100\n|move|p1b: Psycho Killer|Trick Room|p1b: Psycho Killer\n|-fieldstart|move: Trick Room|[of] p1b: Psycho Killer\n|\n|upkeep\n|turn|2\n|\n|t:|1776043679\n|switch|p1b: Chesnutty|Chesnaught, L50, M|100/100\n|switch|p2b: Incineroar|Incineroar, L50, M|100/100\n|-ability|p2b: Incineroar|Intimidate|boost\n|-unboost|p1a: Kleavor|atk|1\n|-unboost|p1b: Chesnutty|atk|1\n|move|p2a: Kingambit|Iron Head|p1a: Kleavor\n|-supereffective|p1a: Kleavor|1\n|-damage|p1a: Kleavor|0 fnt\n|faint|p1a: Kleavor\n|\n|upkeep\n|\n|t:|1776043688\n|switch|p1a: Psycho Killer|Slowbro, L50, M, shiny|50/100\n|turn|3\n|\n|t:|1776043694\n|detailschange|p1b: Chesnutty|Chesnaught-Mega, L50, M\n|-mega|p1b: Chesnutty|Chesnaught|Chesnaughtite\n|move|p2b: Incineroar|Fake Out|p1b: Chesnutty\n|-damage|p1b: Chesnutty|93/100\n|move|p1a: Psycho Killer|Liquidation|p2b: Incineroar\n|-supereffective|p2b: Incineroar|1\n|-damage|p2b: Incineroar|55/100\n|cant|p1b: Chesnutty|flinch\n|move|p2a: Kingambit|Kowtow Cleave|p1a: Psycho Killer\n|-supereffective|p1a: Psycho Killer|1\n|-crit|p1a: Psycho Killer\n|-damage|p1a: Psycho Killer|0 fnt\n|faint|p1a: Psycho Killer\n|\n|upkeep\n|\n|t:|1776043701\n|switch|p1a: The OG Pelipper|Politoed, L50, M, shiny|100/100\n|-weather|RainDance|[from] ability: Drizzle|[of] p1a: The OG Pelipper\n|turn|4\n|\n|t:|1776043714\n|switch|p2a: Sneasler|Sneasler, L50, M|100/100\n|move|p1b: Chesnutty|Belly Drum|p1b: Chesnutty\n|-damage|p1b: Chesnutty|43/100\n|-setboost|p1b: Chesnutty|atk|6|[from] move: Belly Drum\n|move|p2b: Incineroar|Parting Shot|p1a: The OG Pelipper\n|-unboost|p1a: The OG Pelipper|atk|1\n|-unboost|p1a: The OG Pelipper|spa|1\n|\n|t:|1776043732\n|switch|p2b: Charizard|Charizard, L50, M|100/100|[from] Parting Shot\n|move|p1a: The OG Pelipper|Muddy Water|p2b: Charizard|[spread] p2a,p2b\n|-supereffective|p2b: Charizard|1\n|-damage|p2a: Sneasler|64/100\n|-damage|p2b: Charizard|19/100\n|\n|-weather|RainDance|[upkeep]\n|upkeep\n|turn|5\n|\n|t:|1776043746\n|move|p1b: Chesnutty|Spiky Shield|p1b: Chesnutty\n|-singleturn|p1b: Chesnutty|move: Protect\n|move|p2b: Charizard|Protect|p2b: Charizard\n|-singleturn|p2b: Charizard|Protect\n|move|p2a: Sneasler|Protect|p2a: Sneasler\n|-singleturn|p2a: Sneasler|Protect\n|move|p1a: The OG Pelipper|Muddy Water|p2b: Charizard|[spread] \n|-activate|p2a: Sneasler|move: Protect\n|-activate|p2b: Charizard|move: Protect\n|\n|-weather|RainDance|[upkeep]\n|-fieldend|move: Trick Room\n|upkeep\n|turn|6\n|\n|t:|1776043767\n|detailschange|p2b: Charizard|Charizard-Mega-Y, L50, M\n|-mega|p2b: Charizard|Charizard|Charizardite Y\n|-weather|SunnyDay|[from] ability: Drought|[of] p2b: Charizard\n|move|p2a: Sneasler|Close Combat|p1a: The OG Pelipper\n|-damage|p1a: The OG Pelipper|38/100\n|-unboost|p2a: Sneasler|def|1\n|-unboost|p2a: Sneasler|spd|1\n|-enditem|p2a: Sneasler|White Herb\n|-clearnegativeboost|p2a: Sneasler|[silent]\n|move|p2b: Charizard|Weather Ball|p1b: Chesnutty\n|-immune|p1b: Chesnutty|[from] ability: Bulletproof\n|move|p1a: The OG Pelipper|Muddy Water|p2a: Sneasler|[spread] p2a,p2b\n|-supereffective|p2b: Charizard|1\n|-damage|p2a: Sneasler|54/100\n|-damage|p2b: Charizard|0 fnt\n|-unboost|p2a: Sneasler|accuracy|1\n|faint|p2b: Charizard\n|move|p1b: Chesnutty|Drain Punch|p2a: Sneasler\n|-resisted|p2a: Sneasler|1\n|-damage|p2a: Sneasler|0 fnt\n|-heal|p1b: Chesnutty|70/100|[from] drain|[of] p2a: Sneasler\n|faint|p2a: Sneasler\n|\n|-weather|SunnyDay|[upkeep]\n|upkeep\n|-message|buh cat vgc forfeited.\n|\n|win|johnkharkiv\n|raw|johnkharkiv's rating: 1078 &rarr; <strong>1107</strong><br />(+29 for winning)\n|raw|buh cat vgc's rating: 1090 &rarr; <strong>1066</strong><br />(-24 for losing)\n|l|\u2606buh cat vgc\n|player|p2|\n|l|\u2606johnkharkiv\n|player|p1|\n|j|\u2606johnkharkiv\n|player|p1|johnkharkiv|swimmerf-gen4dp|\n",
  "uploadtime": 1776043927,
  "views": 16,
  "formatid": "gen9championsvgc2026regma",
  "rating": 1066,
  "private": 0,
  "password": null
}