{
  "id": "gen9championsvgc2026regma-2588077640",
  "format": "[Gen 9 Champions] VGC 2026 Reg M-A",
  "players": [
    "wsrgsgygerws",
    "zerorose"
  ],
  "log": "|j|\u2606wsrgsgygerws\n|j|\u2606zerorose\n|t:|1776601637\n|gametype|doubles\n|player|p1|wsrgsgygerws|266|1033\n|player|p2|zerorose|102|1000\n|gen|9\n|tier|[Gen 9 Champions] VGC 2026 Reg M-A\n|rated|\n|rule|Species Clause: Limit one of each Pok\u00e9mon\n|rule|Item Clause: Limit 1 of each item\n|clearpoke\n|poke|p1|Archaludon, L50, M, shiny|\n|poke|p1|Pelipper, L50, M, shiny|\n|poke|p1|Sinistcha, L50, shiny|\n|poke|p1|Floette-Eternal, L50, F|\n|poke|p1|Hawlucha, L50, M, shiny|\n|poke|p1|Kingambit, L50, M, shiny|\n|poke|p2|Gengar, L50, M|\n|poke|p2|Primarina, L50, F|\n|poke|p2|Blastoise, L50, F|\n|poke|p2|Torkoal, L50, M|\n|poke|p2|Kingambit, L50, F|\n|poke|p2|Farigiraf, L50, F|\n|teampreview|4\n|inactive|Battle timer is ON: inactive players will automatically lose when time's up. (requested by zerorose)\n|inactive|zerorose has 60 seconds left.\n|\n|t:|1776601687\n|teamsize|p1|4\n|teamsize|p2|4\n|start\n|switch|p1a: Hawlucha|Hawlucha, L50, M, shiny|100/100\n|switch|p1b: Kingambit|Kingambit, L50, M, shiny|100/100\n|switch|p2a: Blastoise|Blastoise, L50, F|100/100\n|switch|p2b: Farigiraf|Farigiraf, L50, F|100/100\n|turn|1\n|\n|t:|1776601701\n|detailschange|p1a: Hawlucha|Hawlucha-Mega, L50, M, shiny\n|-mega|p1a: Hawlucha|Hawlucha|Hawluchanite\n|move|p2a: Blastoise|Fake Out|p1a: Hawlucha\n|-damage|p1a: Hawlucha|90/100\n|cant|p1a: Hawlucha|flinch\n|move|p1b: Kingambit|Guillotine|p2a: Blastoise\n|-damage|p2a: Blastoise|0 fnt\n|faint|p2a: Blastoise\n|-ohko\n|move|p2b: Farigiraf|Trick Room|p2b: Farigiraf\n|-fieldstart|move: Trick Room|[of] p2b: Farigiraf\n|\n|upkeep\n|inactive|zerorose has 30 seconds left.\n|inactive|zerorose has 20 seconds left.\n|inactive|zerorose has 15 seconds left.\n|inactive|zerorose has 10 seconds left.\n|\n|t:|1776601749\n|switch|p2a: Torkoal|Torkoal, L50, M|100/100\n|-weather|SunnyDay|[from] ability: Drought|[of] p2a: Torkoal\n|turn|2\n|inactive|wsrgsgygerws has 30 seconds left.\n|inactive|wsrgsgygerws has 20 seconds left.\n|\n|t:|1776601788\n|switch|p1a: Pelipper|Pelipper, L50, M, shiny|100/100\n|-weather|RainDance|[from] ability: Drizzle|[of] p1a: Pelipper\n|move|p2a: Torkoal|Eruption|p1b: Kingambit|[spread] p1a,p1b\n|-resisted|p1a: Pelipper|1\n|-supereffective|p1b: Kingambit|1\n|-damage|p1a: Pelipper|79/100\n|-damage|p1b: Kingambit|36/100\n|move|p2b: Farigiraf|Dazzling Gleam|p1b: Kingambit|[spread] p1a,p1b\n|-damage|p1a: Pelipper|49/100\n|-damage|p1b: Kingambit|11/100\n|move|p1b: Kingambit|Kowtow Cleave|p2a: Torkoal\n|-damage|p2a: Torkoal|69/100\n|\n|-weather|RainDance|[upkeep]\n|upkeep\n|turn|3\n|\n|t:|1776601806\n|move|p1b: Kingambit|Protect|p1b: Kingambit\n|-singleturn|p1b: Kingambit|Protect\n|move|p1a: Pelipper|Protect|p1a: Pelipper\n|-singleturn|p1a: Pelipper|Protect\n|move|p2a: Torkoal|Eruption|p1a: Pelipper|[spread] \n|-activate|p1a: Pelipper|move: Protect\n|-activate|p1b: Kingambit|move: Protect\n|move|p2b: Farigiraf|Dazzling Gleam|p1a: Pelipper|[spread] \n|-activate|p1a: Pelipper|move: Protect\n|-activate|p1b: Kingambit|move: Protect\n|\n|-weather|RainDance|[upkeep]\n|upkeep\n|turn|4\n|inactive|wsrgsgygerws has 30 seconds left.\n|inactive|wsrgsgygerws has 20 seconds left.\n|\n|t:|1776601845\n|move|p2a: Torkoal|Eruption|p1a: Pelipper|[spread] p1a,p1b\n|-resisted|p1a: Pelipper|1\n|-supereffective|p1b: Kingambit|1\n|-damage|p1a: Pelipper|36/100\n|-damage|p1b: Kingambit|0 fnt\n|faint|p1b: Kingambit\n|move|p2b: Farigiraf|Dazzling Gleam|p1a: Pelipper\n|-damage|p1a: Pelipper|0 fnt\n|faint|p1a: Pelipper\n|\n|-weather|RainDance|[upkeep]\n|upkeep\n|\n|t:|1776601855\n|switch|p1b: Hawlucha|Hawlucha-Mega, L50, M, shiny|90/100\n|switch|p1a: Archaludon|Archaludon, L50, M, shiny|100/100\n|turn|5\n|\n|t:|1776601875\n|switch|p2a: Kingambit|Kingambit, L50, F|100/100\n|move|p2b: Farigiraf|Protect|p2b: Farigiraf\n|-singleturn|p2b: Farigiraf|Protect\n|move|p1a: Archaludon|Protect|p1a: Archaludon\n|-singleturn|p1a: Archaludon|Protect\n|move|p1b: Hawlucha|Protect||[still]\n|-fail|p1b: Hawlucha\n|\n|-weather|RainDance|[upkeep]\n|-fieldend|move: Trick Room\n|upkeep\n|turn|6\n|inactive|zerorose has 30 seconds left.\n|\n|t:|1776601904\n|move|p1b: Hawlucha|Rock Slide|p2b: Farigiraf|[spread] p2a,p2b\n|-resisted|p2a: Kingambit|1\n|-damage|p2a: Kingambit|93/100\n|-damage|p2b: Farigiraf|80/100\n|move|p1a: Archaludon|Electro Shot||[still]\n|-prepare|p1a: Archaludon|Electro Shot\n|-boost|p1a: Archaludon|spa|1\n|-anim|p1a: Archaludon|Electro Shot|p2b: Farigiraf\n|-damage|p2b: Farigiraf|0 fnt\n|faint|p2b: Farigiraf\n|cant|p2a: Kingambit|flinch\n|\n|-weather|none\n|upkeep\n|\n|t:|1776601915\n|switch|p2b: Torkoal|Torkoal, L50, M|69/100\n|-weather|SunnyDay|[from] ability: Drought|[of] p2b: Torkoal\n|turn|7\n|\n|t:|1776601931\n|move|p1b: Hawlucha|Rock Slide|p2a: Kingambit|[spread] p2a,p2b\n|-resisted|p2a: Kingambit|1\n|-supereffective|p2b: Torkoal|1\n|-damage|p2a: Kingambit|86/100\n|-damage|p2b: Torkoal|40/100\n|move|p1a: Archaludon|Flash Cannon|p2b: Torkoal\n|-resisted|p2b: Torkoal|1\n|-damage|p2b: Torkoal|0 fnt\n|faint|p2b: Torkoal\n|cant|p2a: Kingambit|flinch\n|\n|-weather|SunnyDay|[upkeep]\n|upkeep\n|turn|8\n|-message|zerorose forfeited.\n|\n|win|wsrgsgygerws\n|raw|wsrgsgygerws's rating: 1033 &rarr; <strong>1065</strong><br />(+32 for winning)\n|raw|zerorose's rating: 1000 &rarr; <strong>1000</strong><br />(+0 for losing)\n|l|\u2606zerorose\n|player|p2|\n",
  "uploadtime": 1776601964,
  "views": 11,
  "formatid": "gen9championsvgc2026regma",
  "rating": 1000,
  "private": 0,
  "password": null
}