{
  "id": "gen9championsvgc2026regma-2586374293",
  "format": "[Gen 9 Champions] VGC 2026 Reg M-A",
  "players": [
    "LewisCarroll",
    "AquaJetDeino"
  ],
  "log": "|j|\u2606LewisCarroll\n|j|\u2606AquaJetDeino\n|t:|1776429896\n|gametype|doubles\n|player|p1|LewisCarroll|lucas|1131\n|player|p2|AquaJetDeino|101|1197\n|gen|9\n|tier|[Gen 9 Champions] VGC 2026 Reg M-A\n|rated|\n|rule|Species Clause: Limit one of each Pok\u00e9mon\n|rule|Item Clause: Limit 1 of each item\n|clearpoke\n|poke|p1|Pelipper, L50, M|\n|poke|p1|Maushold, L50|\n|poke|p1|Azumarill, L50, F|\n|poke|p1|Dragonite, L50, M|\n|poke|p1|Sinistcha-Masterpiece, L50|\n|poke|p1|Sneasler, L50, M|\n|poke|p2|Gengar, L50, F|\n|poke|p2|Whimsicott, L50, F|\n|poke|p2|Rotom-Wash, L50|\n|poke|p2|Sneasler, L50, F|\n|poke|p2|Garchomp, L50, M|\n|poke|p2|Incineroar, L50, F|\n|teampreview|4\n|\n|t:|1776429922\n|teamsize|p1|4\n|teamsize|p2|4\n|start\n|switch|p1a: Maushold|Maushold, L50|100/100\n|switch|p1b: Azumarill|Azumarill, L50, F|100/100\n|switch|p2a: Garchomp|Garchomp, L50, M|100/100\n|switch|p2b: Incineroar|Incineroar, L50, F|100/100\n|-ability|p2b: Incineroar|Intimidate|boost\n|-unboost|p1a: Maushold|atk|1\n|-unboost|p1b: Azumarill|atk|1\n|turn|1\n|\n|t:|1776429947\n|switch|p2b: Rotom|Rotom-Wash, L50|100/100\n|move|p1a: Maushold|Protect|p1a: Maushold\n|-singleturn|p1a: Maushold|Protect\n|move|p1b: Azumarill|Protect|p1b: Azumarill\n|-singleturn|p1b: Azumarill|Protect\n|move|p2a: Garchomp|Earthquake|p1a: Maushold|[spread] \n|-activate|p1a: Maushold|move: Protect\n|-activate|p1b: Azumarill|move: Protect\n|-immune|p2b: Rotom|[from] ability: Levitate\n|\n|upkeep\n|turn|2\n|\n|t:|1776429958\n|switch|p2a: Incineroar|Incineroar, L50, F|100/100\n|-ability|p2a: Incineroar|Intimidate|boost\n|-unboost|p1a: Maushold|atk|1\n|-unboost|p1b: Azumarill|atk|1\n|move|p1a: Maushold|Follow Me|p1a: Maushold\n|-singleturn|p1a: Maushold|move: Follow Me\n|move|p2b: Rotom|Thunderbolt|p1a: Maushold\n|-damage|p1a: Maushold|44/100\n|move|p1b: Azumarill|Belly Drum|p1b: Azumarill\n|-damage|p1b: Azumarill|50/100\n|-setboost|p1b: Azumarill|atk|6|[from] move: Belly Drum\n|-enditem|p1b: Azumarill|Sitrus Berry|[eat]\n|-heal|p1b: Azumarill|75/100|[from] item: Sitrus Berry\n|\n|upkeep\n|turn|3\n|\n|t:|1776429973\n|switch|p2b: Garchomp|Garchomp, L50, M|100/100\n|move|p1b: Azumarill|Protect|p1b: Azumarill\n|-singleturn|p1b: Azumarill|Protect\n|move|p2a: Incineroar|Fake Out|p1b: Azumarill\n|-activate|p1b: Azumarill|move: Protect\n|move|p1a: Maushold|Encore|p2a: Incineroar\n|-start|p2a: Incineroar|Encore\n|\n|upkeep\n|turn|4\n|\n|t:|1776429987\n|switch|p2a: Rotom|Rotom-Wash, L50|100/100\n|move|p1b: Azumarill|Aqua Jet|p2b: Garchomp\n|-damage|p2b: Garchomp|0 fnt\n|-damage|p1b: Azumarill|63/100|[from] ability: Rough Skin|[of] p2b: Garchomp\n|faint|p2b: Garchomp\n|move|p1a: Maushold|Super Fang|p2a: Rotom\n|-damage|p2a: Rotom|50/100\n|-enditem|p2a: Rotom|Sitrus Berry|[eat]\n|-heal|p2a: Rotom|75/100|[from] item: Sitrus Berry\n|\n|upkeep\n|\n|t:|1776429993\n|switch|p2b: Incineroar|Incineroar, L50, F|100/100\n|-ability|p2b: Incineroar|Intimidate|boost\n|-unboost|p1a: Maushold|atk|1\n|-unboost|p1b: Azumarill|atk|1\n|turn|5\n|\n|t:|1776430009\n|switch|p2b: Gengar|Gengar, L50, F|100/100\n|move|p1b: Azumarill|Protect|p1b: Azumarill\n|-singleturn|p1b: Azumarill|Protect\n|move|p1a: Maushold|Super Fang|p2a: Rotom\n|-damage|p2a: Rotom|38/100\n|move|p2a: Rotom|Thunderbolt|p1b: Azumarill\n|-activate|p1b: Azumarill|move: Protect\n|\n|upkeep\n|turn|6\n|\n|t:|1776430023\n|switch|p2a: Incineroar|Incineroar, L50, F|100/100\n|-ability|p2a: Incineroar|Intimidate|boost\n|-unboost|p1a: Maushold|atk|1\n|-unboost|p1b: Azumarill|atk|1\n|detailschange|p2b: Gengar|Gengar-Mega, L50, F\n|-mega|p2b: Gengar|Gengar|Gengarite\n|move|p1a: Maushold|Follow Me|p1a: Maushold\n|-singleturn|p1a: Maushold|move: Follow Me\n|move|p1b: Azumarill|Aqua Jet|p2b: Gengar\n|-damage|p2b: Gengar|0 fnt\n|faint|p2b: Gengar\n|\n|upkeep\n|-message|AquaJetDeino forfeited.\n|\n|win|LewisCarroll\n|raw|LewisCarroll's rating: 1131 &rarr; <strong>1161</strong><br />(+30 for winning)\n|raw|AquaJetDeino's rating: 1197 &rarr; <strong>1167</strong><br />(-30 for losing)\n|l|\u2606AquaJetDeino\n|player|p2|\n",
  "uploadtime": 1776430035,
  "views": 43,
  "formatid": "gen9championsvgc2026regma",
  "rating": 1161,
  "private": 0,
  "password": null
}