{
  "id": "gen9championsvgc2026regma-2583499241",
  "format": "[Gen 9 Champions] VGC 2026 Reg M-A",
  "players": [
    "NINTAIL12",
    "dinonett"
  ],
  "log": "|j|\u2606NINTAIL12\n|j|\u2606dinonett\n|t:|1776179519\n|gametype|doubles\n|player|p1|NINTAIL12|169|1128\n|player|p2|dinonett|red-lgpe|1119\n|gen|9\n|tier|[Gen 9 Champions] VGC 2026 Reg M-A\n|rated|\n|rule|Species Clause: Limit one of each Pok\u00e9mon\n|rule|Item Clause: Limit 1 of each item\n|clearpoke\n|poke|p1|Ninetales-Alola, L50, M|\n|poke|p1|Starmie, L50|\n|poke|p1|Delphox, L50, F|\n|poke|p1|Talonflame, L50, F|\n|poke|p1|Garchomp, L50, M|\n|poke|p1|Kingambit, L50, F|\n|poke|p2|Blastoise, L50, F|\n|poke|p2|Typhlosion, L50, M|\n|poke|p2|Whimsicott, L50, F|\n|poke|p2|Glimmora, L50, M|\n|poke|p2|Tsareena, L50, F|\n|poke|p2|Sinistcha, L50|\n|teampreview|4\n|\n|t:|1776179552\n|teamsize|p1|4\n|teamsize|p2|4\n|start\n|switch|p1a: Ninetales|Ninetales-Alola, L50, M|100/100\n|switch|p1b: Starmie|Starmie, L50|100/100\n|switch|p2a: Tsareena|Tsareena, L50, F, shiny|100/100\n|switch|p2b: Whimsicott|Whimsicott, L50, F, shiny|100/100\n|-weather|Snowscape|[from] ability: Snow Warning|[of] p1a: Ninetales\n|turn|1\n|\n|t:|1776179615\n|detailschange|p1b: Starmie|Starmie-Mega, L50\n|-mega|p1b: Starmie|Starmie|Starminite\n|move|p1b: Starmie|Aqua Jet||[still]\n|cant|p2a: Tsareena|ability: Queenly Majesty|Aqua Jet|[of] p1b: Starmie\n|move|p2b: Whimsicott|Tailwind|p2b: Whimsicott\n|-sidestart|p2: dinonett|move: Tailwind\n|move|p2a: Tsareena|Trop Kick|p1b: Starmie\n|-supereffective|p1b: Starmie|1\n|-damage|p1b: Starmie|9/100\n|-unboost|p1b: Starmie|atk|1\n|move|p1a: Ninetales|Blizzard|p2a: Tsareena|[spread] p2a,p2b\n|-supereffective|p2a: Tsareena|1\n|-supereffective|p2b: Whimsicott|1\n|-damage|p2a: Tsareena|19/100\n|-damage|p2b: Whimsicott|13/100\n|\n|-weather|Snowscape|[upkeep]\n|upkeep\n|turn|2\n|\n|t:|1776179640\n|switch|p1b: Talonflame|Talonflame, L50, F|100/100\n|move|p2b: Whimsicott|Encore|p1a: Ninetales\n|-start|p1a: Ninetales|Encore\n|move|p2a: Tsareena|Trop Kick|p1b: Talonflame\n|-resisted|p1b: Talonflame|2\n|-damage|p1b: Talonflame|85/100\n|-unboost|p1b: Talonflame|atk|1\n|move|p1a: Ninetales|Blizzard|p2a: Tsareena|[spread] p2a,p2b\n|-supereffective|p2a: Tsareena|1\n|-supereffective|p2b: Whimsicott|1\n|-damage|p2a: Tsareena|0 fnt\n|-damage|p2b: Whimsicott|0 fnt\n|faint|p2a: Tsareena\n|faint|p2b: Whimsicott\n|\n|-weather|Snowscape|[upkeep]\n|upkeep\n|\n|t:|1776179656\n|switch|p2b: Typhlosion|Typhlosion, L50, M|100/100\n|switch|p2a: Glimmora|Glimmora, L50, M, shiny|100/100\n|turn|3\n|\n|t:|1776179668\n|switch|p1a: Garchomp|Garchomp, L50, M|100/100\n|detailschange|p2a: Glimmora|Glimmora-Mega, L50, M, shiny\n|-mega|p2a: Glimmora|Glimmora|Glimmoranite\n|move|p2a: Glimmora|Sludge Bomb|p1a: Garchomp\n|-resisted|p1a: Garchomp|1\n|-damage|p1a: Garchomp|64/100\n|-status|p1a: Garchomp|psn\n|move|p2b: Typhlosion|Rock Tomb|p1b: Talonflame\n|-supereffective|p1b: Talonflame|2\n|-crit|p1b: Talonflame\n|-damage|p1b: Talonflame|0 fnt\n|faint|p1b: Talonflame\n|\n|-weather|Snowscape|[upkeep]\n|-damage|p1a: Garchomp|52/100 psn|[from] psn\n|upkeep\n|\n|t:|1776179687\n|switch|p1b: Ninetales|Ninetales-Alola, L50, M|100/100\n|turn|4\n|\n|t:|1776179699\n|move|p2a: Glimmora|Spiky Shield|p2a: Glimmora\n|-singleturn|p2a: Glimmora|move: Protect\n|move|p1b: Ninetales|Protect|p1b: Ninetales\n|-singleturn|p1b: Ninetales|Protect\n|move|p2b: Typhlosion|Eruption|p1a: Garchomp|[spread] p1a\n|-activate|p1b: Ninetales|move: Protect\n|-resisted|p1a: Garchomp|1\n|-damage|p1a: Garchomp|24/100 psn\n|move|p1a: Garchomp|Earthquake|p2b: Typhlosion|[spread] p2b\n|-activate|p1b: Ninetales|move: Protect\n|-activate|p2a: Glimmora|move: Protect\n|-supereffective|p2b: Typhlosion|1\n|-damage|p2b: Typhlosion|0 fnt\n|faint|p2b: Typhlosion\n|\n|-weather|Snowscape|[upkeep]\n|-damage|p1a: Garchomp|12/100 psn|[from] psn\n|-sideend|p2: dinonett|move: Tailwind\n|upkeep\n|turn|5\n|-message|dinonett forfeited.\n|\n|win|NINTAIL12\n|raw|NINTAIL12's rating: 1128 &rarr; <strong>1152</strong><br />(+24 for winning)\n|raw|dinonett's rating: 1119 &rarr; <strong>1095</strong><br />(-24 for losing)\n|l|\u2606dinonett\n|player|p2|\n",
  "uploadtime": 1776179859,
  "views": 23,
  "formatid": "gen9championsvgc2026regma",
  "rating": 1095,
  "private": 0,
  "password": null
}