{
  "id": "gen9championsvgc2026regma-2589445399",
  "format": "[Gen 9 Champions] VGC 2026 Reg M-A",
  "players": [
    "tomi7002",
    "zeranogamer147"
  ],
  "log": "|j|\u2606tomi7002\n|j|\u2606zeranogamer147\n|t:|1776723580\n|gametype|doubles\n|player|p1|tomi7002|wattson|\n|player|p2|zeranogamer147|benga|\n|gen|9\n|tier|[Gen 9 Champions] VGC 2026 Reg M-A\n|rule|Species Clause: Limit one of each Pok\u00e9mon\n|rule|Item Clause: Limit 1 of each item\n|clearpoke\n|poke|p1|Meganium, L50, M|\n|poke|p1|Politoed, L50, M|\n|poke|p1|Basculegion-F, L50, F, shiny|\n|poke|p1|Toxicroak, L50, F|\n|poke|p1|Archaludon, L50, M|\n|poke|p1|Maushold, L50|\n|poke|p2|Archaludon, L50, F|\n|poke|p2|Politoed, L50, F|\n|poke|p2|Toxicroak, L50, F|\n|poke|p2|Corviknight, L50, M|\n|poke|p2|Chimecho, L50, M|\n|poke|p2|Basculegion-F, L50, F|\n|teampreview|4\n|c|\u2606tomi7002|!showteam\n|c| tomi7002|/raw <div class=\"infobox\"><details><summary>View team</summary>Meganium @ Meganiumite  <br />Ability: Overgrow  <br />Level: 50  <br />EVs: 32 HP &#x2f; 32 SpA &#x2f; 2 SpD  <br />Modest Nature  <br />- Weather Ball  <br />- Protect  <br />- Solar Beam  <br />- Synthesis  <br /><br />Politoed @ Sitrus Berry  <br />Ability: Drizzle  <br />Level: 50  <br />EVs: 32 HP &#x2f; 6 Def &#x2f; 13 SpA &#x2f; 15 SpD  <br />Modest Nature  <br />- Protect  <br />- Weather Ball  <br />- Hypnosis  <br />- Encore  <br /><br />Basculegion (Basculegion-F) (F) @ Mystic Water  <br />Ability: Adaptability  <br />Level: 50  <br />Shiny: Yes  <br />EVs: 2 Def &#x2f; 32 SpA &#x2f; 32 Spe  <br />Modest Nature  <br />- Icy Wind  <br />- Shadow Ball  <br />- Surf  <br />- Protect  <br /><br />Toxicroak @ Poison Barb  <br />Ability: Dry Skin  <br />Level: 50  <br />EVs: 32 Atk &#x2f; 2 SpD &#x2f; 32 Spe  <br />Jolly Nature  <br />- Fake Out  <br />- Close Combat  <br />- Coaching  <br />- Gunk Shot  <br /><br />Archaludon @ Dragon Fang  <br />Ability: Stamina  <br />Level: 50  <br />EVs: 27 HP &#x2f; 32 SpA &#x2f; 7 Spe  <br />Timid Nature  <br />- Draco Meteor  <br />- Electro Shot  <br />- Flash Cannon  <br />- Protect  <br /><br />Maushold @ Chople Berry  <br />Ability: Friend Guard  <br />Level: 50  <br />EVs: 32 Atk &#x2f; 2 SpD &#x2f; 32 Spe  <br />Jolly Nature  <br />- Follow Me  <br />- Population Bomb  <br />- Super Fang  <br />- Helping Hand  <br /><br /></details></div>\ntomi7002 has agreed to open team sheets.\n|c|\u2606zeranogamer147|!showteam\n|c| zeranogamer147|/raw <div class=\"infobox\"><details><summary>View team</summary>Archaludon @ Dragon Fang  <br />Ability: Stamina  <br />Level: 50  <br />EVs: 27 HP &#x2f; 32 SpA &#x2f; 7 Spe  <br />Timid Nature  <br />- Draco Meteor  <br />- Electro Shot  <br />- Flash Cannon  <br />- Protect  <br /><br />Politoed @ Sitrus Berry  <br />Ability: Drizzle  <br />Level: 50  <br />EVs: 32 HP &#x2f; 6 Def &#x2f; 13 SpA &#x2f; 15 SpD  <br />Modest Nature  <br />- Protect  <br />- Weather Ball  <br />- Hypnosis  <br />- Encore  <br /><br />Toxicroak @ Poison Barb  <br />Ability: Dry Skin  <br />Level: 50  <br />EVs: 32 Atk &#x2f; 2 SpD &#x2f; 32 Spe  <br />Jolly Nature  <br />- Fake Out  <br />- Close Combat  <br />- Coaching  <br />- Gunk Shot  <br /><br />Corviknight @ Leftovers  <br />Ability: Mirror Armor  <br />Level: 50  <br />EVs: 32 HP &#x2f; 18 Atk &#x2f; 7 Def &#x2f; 9 SpD  <br />Impish Nature  <br />- Tailwind  <br />- Brave Bird  <br />- Roost  <br />- Taunt  <br /><br />Chimecho @ Chimechite  <br />Ability: Levitate  <br />Level: 50  <br />EVs: 32 HP &#x2f; 20 Def &#x2f; 14 SpD  <br />Calm Nature  <br />- Psychic  <br />- Cosmic Power  <br />- Recover  <br />- Baton Pass  <br /><br />Basculegion (Basculegion-F) (F) @ Mystic Water  <br />Ability: Adaptability  <br />Level: 50  <br />EVs: 2 Def &#x2f; 32 SpA &#x2f; 32 Spe  <br />Modest Nature  <br />- Icy Wind  <br />- Shadow Ball  <br />- Surf  <br />- Protect  <br /><br /></details></div>\n|\n|t:|1776723704\n|teamsize|p1|4\n|teamsize|p2|4\n|start\n|switch|p1a: Meganium|Meganium, L50, M|100/100\n|switch|p1b: Archaludon|Archaludon, L50, M|100/100\n|switch|p2a: Archaludon|Archaludon, L50, F|100/100\n|switch|p2b: Toxicroak|Toxicroak, L50, F|100/100\n|turn|1\n|\n|t:|1776723760\n|detailschange|p1a: Meganium|Meganium-Mega, L50, M\n|-mega|p1a: Meganium|Meganium|Meganiumite\n|move|p1b: Archaludon|Protect|p1b: Archaludon\n|-singleturn|p1b: Archaludon|Protect\n|move|p1a: Meganium|Protect|p1a: Meganium\n|-singleturn|p1a: Meganium|Protect\n|move|p2b: Toxicroak|Fake Out|p1b: Archaludon\n|-activate|p1b: Archaludon|move: Protect\n|move|p2a: Archaludon|Draco Meteor|p1b: Archaludon\n|-activate|p1b: Archaludon|move: Protect\n|\n|upkeep\n|turn|2\n|\n|t:|1776723788\n|switch|p1a: Politoed|Politoed, L50, M|100/100\n|-weather|RainDance|[from] ability: Drizzle|[of] p1a: Politoed\n|move|p2a: Archaludon|Protect|p2a: Archaludon\n|-singleturn|p2a: Archaludon|Protect\n|move|p2b: Toxicroak|Gunk Shot|p1a: Politoed\n|-crit|p1a: Politoed\n|-damage|p1a: Politoed|0 fnt\n|faint|p1a: Politoed\n|move|p1b: Archaludon|Draco Meteor|p2a: Archaludon\n|-activate|p2a: Archaludon|move: Protect\n|\n|-weather|RainDance|[upkeep]\n|upkeep\n|\n|t:|1776723798\n|switch|p1a: Basculegion|Basculegion-F, L50, F, shiny|100/100\n|turn|3\n|j| zCamii\n|c| zCamii|se avisa que estan jguandoeh\n|c|\u2606tomi7002|sori\n|\n|t:|1776723875\n|switch|p2a: Corviknight|Corviknight, L50, M|100/100\n|move|p2b: Toxicroak|Close Combat|p1b: Archaludon\n|-supereffective|p1b: Archaludon|1\n|-damage|p1b: Archaludon|24/100\n|-unboost|p2b: Toxicroak|def|1\n|-unboost|p2b: Toxicroak|spd|1\n|-ability|p1b: Archaludon|Stamina|boost\n|-boost|p1b: Archaludon|def|1\n|move|p1a: Basculegion|Icy Wind|p2a: Corviknight|[spread] p2b\n|-miss|p1a: Basculegion|p2a: Corviknight\n|-damage|p2b: Toxicroak|69/100\n|-unboost|p2b: Toxicroak|spe|1\n|move|p1b: Archaludon|Draco Meteor|p2a: Corviknight\n|-resisted|p2a: Corviknight|1\n|-crit|p2a: Corviknight\n|-damage|p2a: Corviknight|43/100\n|-unboost|p1b: Archaludon|spa|2\n|\n|-weather|RainDance|[upkeep]\n|-heal|p2b: Toxicroak|81/100|[from] ability: Dry Skin\n|-heal|p2a: Corviknight|49/100|[from] item: Leftovers\n|upkeep\n|turn|4\n|\n|t:|1776723940\n|move|p1b: Archaludon|Protect|p1b: Archaludon\n|-singleturn|p1b: Archaludon|Protect\n|move|p1a: Basculegion|Shadow Ball|p2b: Toxicroak\n|-damage|p2b: Toxicroak|0 fnt\n|faint|p2b: Toxicroak\n|move|p2a: Corviknight|Tailwind|p2a: Corviknight\n|-sidestart|p2: zeranogamer147|move: Tailwind\n|\n|-weather|RainDance|[upkeep]\n|-heal|p2a: Corviknight|55/100|[from] item: Leftovers\n|upkeep\n|\n|t:|1776723961\n|switch|p2b: Politoed|Politoed, L50, F|100/100\n|turn|5\n|\n|t:|1776723999\n|move|p2b: Politoed|Weather Ball|p1b: Archaludon\n|-resisted|p1b: Archaludon|1\n|-damage|p1b: Archaludon|0 fnt\n|faint|p1b: Archaludon\n|move|p2a: Corviknight|Roost|p2a: Corviknight\n|-heal|p2a: Corviknight|100/100\n|-singleturn|p2a: Corviknight|move: Roost\n|move|p1a: Basculegion|Icy Wind|p2b: Politoed|[spread] p2a,p2b\n|-resisted|p2a: Corviknight|1\n|-crit|p2a: Corviknight\n|-resisted|p2b: Politoed|1\n|-damage|p2a: Corviknight|92/100\n|-damage|p2b: Politoed|95/100\n|-ability|p2a: Corviknight|Mirror Armor\n|-unboost|p1a: Basculegion|spe|1\n|-unboost|p2b: Politoed|spe|1\n|\n|-weather|RainDance|[upkeep]\n|-heal|p2a: Corviknight|98/100|[from] item: Leftovers\n|upkeep\n|\n|t:|1776724007\n|switch|p1b: Meganium|Meganium-Mega, L50, M|100/100\n|turn|6\n|\n|t:|1776724053\n|move|p1b: Meganium|Protect|p1b: Meganium\n|-singleturn|p1b: Meganium|Protect\n|move|p2a: Corviknight|Brave Bird|p1b: Meganium\n|-activate|p1b: Meganium|move: Protect\n|move|p2b: Politoed|Encore|p1a: Basculegion\n|-start|p1a: Basculegion|Encore\n|move|p1a: Basculegion|Icy Wind|p2a: Corviknight|[spread] p2a,p2b\n|-resisted|p2b: Politoed|1\n|-damage|p2a: Corviknight|86/100\n|-damage|p2b: Politoed|90/100\n|-ability|p2a: Corviknight|Mirror Armor\n|-unboost|p1a: Basculegion|spe|1\n|-unboost|p2b: Politoed|spe|1\n|\n|-weather|none\n|-heal|p2a: Corviknight|92/100|[from] item: Leftovers\n|upkeep\n|turn|7\n|\n|t:|1776724086\n|move|p2a: Corviknight|Brave Bird|p1b: Meganium\n|-supereffective|p1b: Meganium|1\n|-damage|p1b: Meganium|23/100\n|-damage|p2a: Corviknight|68/100|[from] Recoil\n|move|p1b: Meganium|Weather Ball|p2a: Corviknight\n|-supereffective|p2a: Corviknight|1\n|-damage|p2a: Corviknight|0 fnt\n|faint|p2a: Corviknight\n|move|p2b: Politoed|Weather Ball|p1b: Meganium\n|-damage|p1b: Meganium|12/100\n|move|p1a: Basculegion|Icy Wind|p2b: Politoed\n|-resisted|p2b: Politoed|1\n|-damage|p2b: Politoed|83/100\n|-unboost|p2b: Politoed|spe|1\n|\n|-sideend|p2: zeranogamer147|move: Tailwind\n|upkeep\n|\n|t:|1776724093\n|switch|p2a: Archaludon|Archaludon, L50, F|100/100\n|turn|8\n|\n|t:|1776724109\n|move|p1b: Meganium|Protect|p1b: Meganium\n|-singleturn|p1b: Meganium|Protect\n|move|p2a: Archaludon|Draco Meteor|p1a: Basculegion\n|-damage|p1a: Basculegion|14/100\n|-unboost|p2a: Archaludon|spa|2\n|move|p1a: Basculegion|Icy Wind|p2b: Politoed|[spread] p2a,p2b\n|-resisted|p2b: Politoed|1\n|-crit|p2b: Politoed\n|-damage|p2a: Archaludon|83/100\n|-damage|p2b: Politoed|76/100\n|-unboost|p2a: Archaludon|spe|1\n|-unboost|p2b: Politoed|spe|1\n|-ability|p2a: Archaludon|Stamina|boost\n|-boost|p2a: Archaludon|def|1\n|move|p2b: Politoed|Weather Ball|p1b: Meganium\n|-activate|p1b: Meganium|move: Protect\n|\n|-end|p1a: Basculegion|Encore\n|upkeep\n|turn|9\n|\n|t:|1776724142\n|move|p1b: Meganium|Synthesis|p1b: Meganium\n|-activate|p1b: Meganium|ability: Mega Sol\n|-heal|p1b: Meganium|79/100\n|move|p2a: Archaludon|Draco Meteor|p1a: Basculegion\n|-damage|p1a: Basculegion|0 fnt\n|-unboost|p2a: Archaludon|spa|2\n|faint|p1a: Basculegion\n|move|p2b: Politoed|Weather Ball|p1b: Meganium\n|-damage|p1b: Meganium|68/100\n|\n|upkeep\n|turn|10\n|\n|t:|1776724168\n|move|p1b: Meganium|Solar Beam||[still]\n|-prepare|p1b: Meganium|Solar Beam\n|-activate|p1b: Meganium|ability: Mega Sol\n|-anim|p1b: Meganium|Solar Beam|p2b: Politoed\n|-supereffective|p2b: Politoed|1\n|-damage|p2b: Politoed|0 fnt\n|faint|p2b: Politoed\n|move|p2a: Archaludon|Flash Cannon|p1b: Meganium\n|-supereffective|p1b: Meganium|1\n|-damage|p1b: Meganium|42/100\n|\n|upkeep\n|turn|11\n|\n|t:|1776724176\n|move|p1b: Meganium|Synthesis|p1b: Meganium\n|-activate|p1b: Meganium|ability: Mega Sol\n|-heal|p1b: Meganium|100/100\n|move|p2a: Archaludon|Flash Cannon|p1b: Meganium\n|-supereffective|p1b: Meganium|1\n|-damage|p1b: Meganium|77/100\n|\n|upkeep\n|turn|12\n|\n|t:|1776724182\n|move|p1b: Meganium|Weather Ball|p2a: Archaludon\n|-damage|p2a: Archaludon|0 fnt\n|faint|p2a: Archaludon\n|\n|win|tomi7002\n",
  "uploadtime": 1776724189,
  "views": 6,
  "formatid": "gen9championsvgc2026regma",
  "rating": null,
  "private": 0,
  "password": null
}