{
  "id": "gen9championsvgc2026regma-2581400041",
  "format": "[Gen 9 Champions] VGC 2026 Reg M-A",
  "players": [
    "Sturdy_Sand_",
    "Vinavi"
  ],
  "log": "|j|\u2606Sturdy_Sand_\n|j|\u2606Vinavi\n|t:|1775996417\n|gametype|doubles\n|player|p1|Sturdy_Sand_|beauty-gen4dp|1027\n|player|p2|Vinavi|marlon|1000\n|gen|9\n|tier|[Gen 9 Champions] VGC 2026 Reg M-A\n|rated|\n|rule|Species Clause: Limit one of each Pok\u00e9mon\n|rule|Item Clause: Limit 1 of each item\n|clearpoke\n|poke|p1|Victreebel, L50, M|\n|poke|p1|Whimsicott, L50, F|\n|poke|p1|Corviknight, L50, F|\n|poke|p1|Sneasler, L50, F|\n|poke|p1|Pelipper, L50, F|\n|poke|p1|Archaludon, L50, F|\n|poke|p2|Drampa, L50, F|\n|poke|p2|Alakazam, L50, F|\n|poke|p2|Sinistcha, L50|\n|poke|p2|Pelipper, L50, M|\n|poke|p2|Basculegion, L50, M|\n|poke|p2|Incineroar, L50, F|\n|teampreview|4\n|inactive|Battle timer is ON: inactive players will automatically lose when time's up. (requested by Vinavi)\n|c|\u2606Sturdy_Sand_|Gl hf\n|inactive|Vinavi has 60 seconds left.\n|\n|t:|1775996473\n|teamsize|p1|4\n|teamsize|p2|4\n|start\n|switch|p1a: Whimsicott|Whimsicott, L50, F|100/100\n|switch|p1b: Sneasler|Sneasler, L50, F|100/100\n|switch|p2a: Drampa|Drampa, L50, F|100/100\n|switch|p2b: Alakazam|Alakazam, L50, F|100/100\n|-ability|p2a: Drampa|Cloud Nine\n|turn|1\n|\n|t:|1775996493\n|move|p2a: Drampa|Protect|p2a: Drampa\n|-singleturn|p2a: Drampa|Protect\n|move|p1b: Sneasler|Fake Out|p2b: Alakazam\n|-damage|p2b: Alakazam|77/100\n|-status|p2b: Alakazam|psn|[from] ability: Poison Touch|[of] p1b: Sneasler\n|move|p1a: Whimsicott|Tailwind|p1a: Whimsicott\n|-sidestart|p1: Sturdy_Sand_|move: Tailwind\n|move|p2b: Alakazam|Reflect|p2b: Alakazam\n|-sidestart|p2: Vinavi|Reflect\n|\n|-damage|p2b: Alakazam|65/100 psn|[from] psn\n|upkeep\n|turn|2\n|\n|t:|1775996516\n|detailschange|p2a: Drampa|Drampa-Mega, L50, F\n|-mega|p2a: Drampa|Drampa|Drampanite\n|move|p1b: Sneasler|Dire Claw|p2b: Alakazam\n|-damage|p2b: Alakazam|20/100 psn\n|move|p1a: Whimsicott|Dazzling Gleam|p2a: Drampa|[spread] p2a,p2b\n|-supereffective|p2a: Drampa|1\n|-damage|p2a: Drampa|67/100\n|-damage|p2b: Alakazam|0 fnt\n|faint|p2b: Alakazam\n|move|p2a: Drampa|Earth Power|p1b: Sneasler\n|-supereffective|p1b: Sneasler|1\n|-damage|p1b: Sneasler|0 fnt\n|faint|p1b: Sneasler\n|\n|upkeep\n|\n|t:|1775996531\n|switch|p1b: Victreebel|Victreebel, L50, M, shiny|100/100\n|switch|p2b: Sinistcha|Sinistcha, L50|100/100\n|-heal|p2a: Drampa|91/100|[from] ability: Hospitality|[of] p2b: Sinistcha\n|turn|3\n|\n|t:|1775996545\n|detailschange|p1b: Victreebel|Victreebel-Mega, L50, M, shiny\n|-mega|p1b: Victreebel|Victreebel|Victreebelite\n|move|p2a: Drampa|Protect|p2a: Drampa\n|-singleturn|p2a: Drampa|Protect\n|move|p1a: Whimsicott|Sunny Day|p1a: Whimsicott\n|-weather|SunnyDay\n|move|p1b: Victreebel|Growth|p1b: Victreebel\n|-boost|p1b: Victreebel|atk|2\n|-boost|p1b: Victreebel|spa|2\n|move|p2b: Sinistcha|Trick Room|p2b: Sinistcha\n|-fieldstart|move: Trick Room|[of] p2b: Sinistcha\n|\n|-weather|SunnyDay|[upkeep]\n|upkeep\n|turn|4\n|inactive|Sturdy_Sand_ has 30 seconds left.\n|\n|t:|1775996572\n|move|p2b: Sinistcha|Rage Powder|p2b: Sinistcha\n|-singleturn|p2b: Sinistcha|move: Rage Powder\n|move|p2a: Drampa|Hyper Voice|p1b: Victreebel|[spread] p1a,p1b\n|-crit|p1b: Victreebel\n|-damage|p1a: Whimsicott|45/100\n|-damage|p1b: Victreebel|26/100\n|move|p1b: Victreebel|Sludge Wave|p2b: Sinistcha|[spread] p1a,p2a,p2b\n|-supereffective|p1a: Whimsicott|2\n|-crit|p2b: Sinistcha\n|-damage|p1a: Whimsicott|0 fnt\n|-damage|p2a: Drampa|30/100\n|-damage|p2b: Sinistcha|0 fnt\n|faint|p1a: Whimsicott\n|faint|p2b: Sinistcha\n|-ability|p2a: Drampa|Berserk|boost\n|-boost|p2a: Drampa|spa|1\n|\n|-weather|SunnyDay|[upkeep]\n|-sideend|p1: Sturdy_Sand_|move: Tailwind\n|upkeep\n|\n|t:|1775996587\n|switch|p2b: Basculegion|Basculegion, L50, M|100/100\n|switch|p1a: Pelipper|Pelipper, L50, F|100/100\n|-weather|RainDance|[from] ability: Drizzle|[of] p1a: Pelipper\n|turn|5\n|\n|t:|1775996600\n|move|p1b: Victreebel|Protect|p1b: Victreebel\n|-singleturn|p1b: Victreebel|Protect\n|move|p2a: Drampa|Hyper Voice|p1b: Victreebel|[spread] p1a\n|-activate|p1b: Victreebel|move: Protect\n|-damage|p1a: Pelipper|20/100\n|-enditem|p1a: Pelipper|Sitrus Berry|[eat]\n|-heal|p1a: Pelipper|44/100|[from] item: Sitrus Berry\n|move|p1a: Pelipper|Hurricane|p2a: Drampa\n|-damage|p2a: Drampa|0 fnt\n|faint|p2a: Drampa\n|move|p2b: Basculegion|Last Respects|p1a: Pelipper\n|-damage|p1a: Pelipper|0 fnt\n|faint|p1a: Pelipper\n|\n|-weather|RainDance|[upkeep]\n|-sideend|p2: Vinavi|Reflect\n|upkeep\n|turn|6\n|inactive|Vinavi has 30 seconds left.\n|\n|t:|1775996628\n|move|p2b: Basculegion|Aqua Jet|p1b: Victreebel\n|-resisted|p1b: Victreebel|1\n|-damage|p1b: Victreebel|0 fnt\n|-damage|p2b: Basculegion|80/100|[from] ability: Innards Out|[of] p1b: Victreebel\n|faint|p1b: Victreebel\n|\n|win|Vinavi\n|raw|Sturdy_Sand_'s rating: 1027 &rarr; <strong>1012</strong><br />(-15 for losing)\n|raw|Vinavi's rating: 1000 &rarr; <strong>1043</strong><br />(+43 for winning)\n|c|\u2606Sturdy_Sand_|Oh dang, nice\n",
  "uploadtime": 1775996635,
  "views": 39,
  "formatid": "gen9championsvgc2026regma",
  "rating": 1012,
  "private": 0,
  "password": null
}