{
  "id": "gen9championsvgc2026regma-2589432997",
  "format": "[Gen 9 Champions] VGC 2026 Reg M-A",
  "players": [
    "Mythbinks",
    "grazoso"
  ],
  "log": "|j|\u2606Mythbinks\n|j|\u2606grazoso\n|t:|1776722521\n|gametype|doubles\n|player|p1|Mythbinks|102|1083\n|player|p2|grazoso|169|1081\n|gen|9\n|tier|[Gen 9 Champions] VGC 2026 Reg M-A\n|rated|\n|rule|Species Clause: Limit one of each Pok\u00e9mon\n|rule|Item Clause: Limit 1 of each item\n|clearpoke\n|poke|p1|Alakazam, L50, M|\n|poke|p1|Drampa, L50, M|\n|poke|p1|Sinistcha, L50|\n|poke|p1|Pelipper, L50, F|\n|poke|p1|Basculegion, L50, M|\n|poke|p1|Scizor, L50, F|\n|poke|p2|Tyranitar, L50, F|\n|poke|p2|Excadrill, L50, M|\n|poke|p2|Gyarados, L50, M|\n|poke|p2|Sinistcha, L50|\n|poke|p2|Corviknight, L50, M|\n|poke|p2|Sneasler, L50, F|\n|teampreview|4\n|inactive|Battle timer is ON: inactive players will automatically lose when time's up. (requested by Mythbinks)\nMythbinks rejected open team sheets.\n|inactive|grazoso has 60 seconds left.\n|\n|t:|1776722562\n|teamsize|p1|4\n|teamsize|p2|4\n|start\n|switch|p1a: Alakazam|Alakazam, L50, M|100/100\n|switch|p1b: Drampa|Drampa, L50, M|100/100\n|switch|p2a: Sinistcha|Sinistcha, L50|100/100\n|switch|p2b: Sneasler|Sneasler, L50, F|100/100\n|turn|1\n|inactive|Mythbinks has 30 seconds left.\n|inactive|grazoso has 30 seconds left.\n|inactive|Mythbinks has 20 seconds left.\n|inactive|grazoso has 20 seconds left.\n|inactive|grazoso has 15 seconds left.\n|inactive|Mythbinks has 15 seconds left.\n|inactive|grazoso has 10 seconds left.\n|inactive|Mythbinks has 10 seconds left.\n|\n|t:|1776722614\n|switch|p2a: Corviknight|Corviknight, L50, M|100/100\n|-ability|p2a: Corviknight|Pressure\n|detailschange|p1b: Drampa|Drampa-Mega, L50, M\n|-mega|p1b: Drampa|Drampa|Drampanite\n|move|p1b: Drampa|Protect|p1b: Drampa\n|-singleturn|p1b: Drampa|Protect\n|move|p1a: Alakazam|Reflect|p1a: Alakazam\n|-sidestart|p1: Mythbinks|Reflect\n|move|p2b: Sneasler|Close Combat|p1b: Drampa\n|-activate|p1b: Drampa|move: Protect\n|\n|upkeep\n|turn|2\n|inactive|grazoso has 30 seconds left.\n|inactive|Mythbinks has 30 seconds left.\n|inactive|grazoso has 20 seconds left.\n|inactive|grazoso has 15 seconds left.\n|\n|t:|1776722656\n|switch|p2b: Tyranitar|Tyranitar, L50, F|100/100\n|-weather|Sandstorm|[from] ability: Sand Stream|[of] p2b: Tyranitar\n|move|p1a: Alakazam|Psychic|p2b: Tyranitar\n|-immune|p2b: Tyranitar\n|move|p2a: Corviknight|Body Press|p1b: Drampa\n|-supereffective|p1b: Drampa|1\n|-damage|p1b: Drampa|83/100\n|move|p1b: Drampa|Calm Mind|p1b: Drampa\n|-boost|p1b: Drampa|spa|1\n|-boost|p1b: Drampa|spd|1\n|\n|-weather|Sandstorm|[upkeep]\n|-damage|p1a: Alakazam|94/100|[from] Sandstorm\n|-damage|p1b: Drampa|77/100|[from] Sandstorm\n|upkeep\n|turn|3\n|inactive|grazoso has 30 seconds left.\n|inactive|grazoso has 20 seconds left.\n|\n|t:|1776722694\n|detailschange|p2b: Tyranitar|Tyranitar-Mega, L50, F\n|-mega|p2b: Tyranitar|Tyranitar|Tyranitarite\n|move|p1a: Alakazam|Speed Swap|p1b: Drampa\n|-activate|p1a: Alakazam|move: Speed Swap|[of] p1b: Drampa\n|move|p1b: Drampa|Earth Power|p2b: Tyranitar\n|-supereffective|p2b: Tyranitar|1\n|-damage|p2b: Tyranitar|48/100\n|move|p2b: Tyranitar|Low Kick|p1b: Drampa\n|-supereffective|p1b: Drampa|1\n|-damage|p1b: Drampa|30/100\n|-ability|p1b: Drampa|Berserk|boost\n|-boost|p1b: Drampa|spa|1\n|move|p2a: Corviknight|Bulk Up|p2a: Corviknight\n|-boost|p2a: Corviknight|atk|1\n|-boost|p2a: Corviknight|def|1\n|\n|-weather|Sandstorm|[upkeep]\n|-damage|p1b: Drampa|24/100|[from] Sandstorm\n|-damage|p1a: Alakazam|88/100|[from] Sandstorm\n|upkeep\n|turn|4\n|inactive|Mythbinks has 30 seconds left.\n|inactive|grazoso has 30 seconds left.\n|\n|t:|1776722726\n|switch|p1a: Sinistcha|Sinistcha, L50|100/100\n|-heal|p1b: Drampa|49/100|[from] ability: Hospitality|[of] p1a: Sinistcha\n|move|p1b: Drampa|Earth Power|p2b: Tyranitar\n|-supereffective|p2b: Tyranitar|1\n|-damage|p2b: Tyranitar|0 fnt\n|faint|p2b: Tyranitar\n|move|p2a: Corviknight|Body Press|p1b: Drampa\n|-supereffective|p1b: Drampa|1\n|-damage|p1b: Drampa|23/100\n|\n|-weather|Sandstorm|[upkeep]\n|-damage|p1b: Drampa|17/100|[from] Sandstorm\n|-damage|p1a: Sinistcha|94/100|[from] Sandstorm\n|upkeep\n|\n|t:|1776722743\n|switch|p2b: Sneasler|Sneasler, L50, F|100/100\n|turn|5\n|\n|t:|1776722762\n|move|p2b: Sneasler|Fake Out|p1b: Drampa\n|-damage|p1b: Drampa|11/100\n|move|p1a: Sinistcha|Rage Powder|p1a: Sinistcha\n|-singleturn|p1a: Sinistcha|move: Rage Powder\n|cant|p1b: Drampa|flinch\n|move|p2a: Corviknight|Brave Bird|p1a: Sinistcha\n|-supereffective|p1a: Sinistcha|1\n|-damage|p1a: Sinistcha|40/100\n|-enditem|p1a: Sinistcha|Sitrus Berry|[eat]\n|-heal|p1a: Sinistcha|65/100|[from] item: Sitrus Berry\n|-damage|p2a: Corviknight|85/100|[from] Recoil\n|\n|-weather|Sandstorm|[upkeep]\n|-damage|p1b: Drampa|5/100|[from] Sandstorm\n|-damage|p2b: Sneasler|95/100|[from] Sandstorm\n|-damage|p1a: Sinistcha|59/100|[from] Sandstorm\n|-heal|p2a: Corviknight|91/100|[from] item: Leftovers\n|-sideend|p1: Mythbinks|Reflect\n|upkeep\n|turn|6\n|inactive|grazoso has 30 seconds left.\n|\n|t:|1776722792\n|move|p2b: Sneasler|Protect|p2b: Sneasler\n|-singleturn|p2b: Sneasler|Protect\n|move|p1b: Drampa|Hyper Voice|p2a: Corviknight|[spread] p2a\n|-activate|p2b: Sneasler|move: Protect\n|-resisted|p2a: Corviknight|1\n|-damage|p2a: Corviknight|61/100\n|move|p1a: Sinistcha|Life Dew|p1a: Sinistcha|[spread] p1a,p1b\n|-heal|p1a: Sinistcha|84/100\n|-heal|p1b: Drampa|30/100\n|move|p2a: Corviknight|Brave Bird|p1a: Sinistcha\n|-supereffective|p1a: Sinistcha|1\n|-damage|p1a: Sinistcha|3/100\n|-damage|p2a: Corviknight|38/100|[from] Recoil\n|\n|-weather|none\n|-heal|p2a: Corviknight|44/100|[from] item: Leftovers\n|upkeep\n|turn|7\n|\n|t:|1776722816\n|move|p1a: Sinistcha|Rage Powder|p1a: Sinistcha\n|-singleturn|p1a: Sinistcha|move: Rage Powder\n|move|p1b: Drampa|Hyper Voice|p2a: Corviknight|[spread] p2a,p2b\n|-resisted|p2a: Corviknight|1\n|-damage|p2a: Corviknight|13/100\n|-damage|p2b: Sneasler|0 fnt\n|faint|p2b: Sneasler\n|move|p2a: Corviknight|Roost|p2a: Corviknight\n|-heal|p2a: Corviknight|63/100\n|-singleturn|p2a: Corviknight|move: Roost\n|\n|-heal|p2a: Corviknight|69/100|[from] item: Leftovers\n|upkeep\n|\n|t:|1776722829\n|switch|p2b: Sinistcha|Sinistcha, L50|100/100\n|-heal|p2a: Corviknight|94/100|[from] ability: Hospitality|[of] p2b: Sinistcha\n|turn|8\n|inactive|grazoso has 30 seconds left.\n|\n|t:|1776722859\n|move|p1b: Drampa|Calm Mind|p1b: Drampa\n|-boost|p1b: Drampa|spa|1\n|-boost|p1b: Drampa|spd|1\n|move|p2b: Sinistcha|Matcha Gotcha|p1a: Sinistcha|[spread] p1a,p1b\n|-resisted|p1a: Sinistcha|1\n|-resisted|p1b: Drampa|1\n|-damage|p1a: Sinistcha|0 fnt\n|-damage|p1b: Drampa|25/100\n|faint|p1a: Sinistcha\n|move|p2a: Corviknight|Body Press|p1b: Drampa\n|-supereffective|p1b: Drampa|1\n|-damage|p1b: Drampa|0 fnt\n|faint|p1b: Drampa\n|\n|-heal|p2a: Corviknight|99/100|[from] item: Leftovers\n|upkeep\n|\n|t:|1776722865\n|switch|p1a: Alakazam|Alakazam, L50, M|88/100\n|switch|p1b: Basculegion|Basculegion, L50, M|100/100\n|turn|9\n|\n|t:|1776722889\n|move|p1a: Alakazam|Psychic|p2b: Sinistcha\n|-damage|p2b: Sinistcha|65/100\n|move|p1b: Basculegion|Last Respects|p2a: Corviknight\n|-damage|p2a: Corviknight|61/100\n|move|p2b: Sinistcha|Matcha Gotcha|p1b: Basculegion|[spread] p1b\n|-miss|p2b: Sinistcha|p1a: Alakazam\n|-supereffective|p1b: Basculegion|1\n|-crit|p1b: Basculegion\n|-damage|p1b: Basculegion|15/100\n|-heal|p2b: Sinistcha|100/100|[from] drain|[of] p1b: Basculegion\n|move|p2a: Corviknight|Brave Bird|p1a: Alakazam\n|-damage|p1a: Alakazam|0 fnt\n|faint|p1a: Alakazam\n|-damage|p2a: Corviknight|38/100|[from] Recoil\n|\n|-heal|p2a: Corviknight|44/100|[from] item: Leftovers\n|upkeep\n|turn|10\n|inactive|grazoso has 30 seconds left.\n|\n|t:|1776722915\n|move|p1b: Basculegion|Last Respects|p2b: Sinistcha\n|-supereffective|p2b: Sinistcha|1\n|-damage|p2b: Sinistcha|0 fnt\n|faint|p2b: Sinistcha\n|move|p2a: Corviknight|Brave Bird|p1b: Basculegion\n|-damage|p1b: Basculegion|0 fnt\n|faint|p1b: Basculegion\n|-damage|p2a: Corviknight|39/100|[from] Recoil\n|\n|win|grazoso\n|raw|Mythbinks's rating: 1083 &rarr; <strong>1060</strong><br />(-23 for losing)\n|raw|grazoso's rating: 1081 &rarr; <strong>1109</strong><br />(+28 for winning)\n|l|\u2606Mythbinks\n|player|p1|\n",
  "uploadtime": 1776722931,
  "views": 5,
  "formatid": "gen9championsvgc2026regma",
  "rating": 1060,
  "private": 0,
  "password": null
}