{
  "id": "gen9championsvgc2026regma-2589581010",
  "format": "[Gen 9 Champions] VGC 2026 Reg M-A",
  "players": [
    "bigruckus#1",
    "Ambrother"
  ],
  "log": "|j|\u2606bigruckus#1\n|j|\u2606Ambrother\n|t:|1776736101\n|gametype|doubles\n|player|p1|bigruckus#1|265|1027\n|player|p2|Ambrother|bellelba|1047\n|gen|9\n|tier|[Gen 9 Champions] VGC 2026 Reg M-A\n|rated|\n|rule|Species Clause: Limit one of each Pok\u00e9mon\n|rule|Item Clause: Limit 1 of each item\n|clearpoke\n|poke|p1|Aggron, L50, F, shiny|\n|poke|p1|Incineroar, L50, F|\n|poke|p1|Pelipper, L50, M|\n|poke|p1|Basculegion, L50, M|\n|poke|p1|Sinistcha, L50, shiny|\n|poke|p1|Aerodactyl, L50, F|\n|poke|p2|Arcanine, L50, M|\n|poke|p2|Rotom-Wash, L50|\n|poke|p2|Garchomp, L50, M|\n|poke|p2|Venusaur, L50, F|\n|poke|p2|Corviknight, L50, M|\n|poke|p2|Sneasler, L50, F|\n|teampreview|4\nbigruckus#1 rejected open team sheets.\n|\n|t:|1776736133\n|teamsize|p1|4\n|teamsize|p2|4\n|start\n|switch|p1a: Aggron|Aggron, L50, F, shiny|100/100\n|switch|p1b: Sinistcha|Sinistcha, L50, shiny|100/100\n|switch|p2a: Rotom|Rotom-Wash, L50|100/100\n|switch|p2b: Garchomp|Garchomp, L50, M|100/100\n|turn|1\n|inactive|Battle timer is ON: inactive players will automatically lose when time's up. (requested by Ambrother)\n|\n|t:|1776736146\n|detailschange|p1a: Aggron|Aggron-Mega, L50, F, shiny\n|-mega|p1a: Aggron|Aggron|Aggronite\n|move|p2a: Rotom|Volt Switch|p1b: Sinistcha\n|-resisted|p1b: Sinistcha|1\n|-damage|p1b: Sinistcha|85/100\n|\n|t:|1776736152\n|switch|p2a: Venusaur|Venusaur, L50, F|100/100|[from] Volt Switch\n|move|p2b: Garchomp|Dragon Claw|p1b: Sinistcha\n|-damage|p1b: Sinistcha|47/100\n|-enditem|p1b: Sinistcha|Sitrus Berry|[eat]\n|-heal|p1b: Sinistcha|71/100|[from] item: Sitrus Berry\n|move|p1a: Aggron|Iron Defense|p1a: Aggron\n|-boost|p1a: Aggron|def|2\n|move|p1b: Sinistcha|Trick Room|p1b: Sinistcha\n|-fieldstart|move: Trick Room|[of] p1b: Sinistcha\n|\n|upkeep\n|turn|2\n|\n|t:|1776736170\n|detailschange|p2a: Venusaur|Venusaur-Mega, L50, F\n|-mega|p2a: Venusaur|Venusaur|Venusaurite\n|move|p1a: Aggron|Body Press|p2b: Garchomp\n|-damage|p2b: Garchomp|10/100\n|-damage|p1a: Aggron|88/100|[from] ability: Rough Skin|[of] p2b: Garchomp\n|move|p1b: Sinistcha|Life Dew|p1b: Sinistcha|[spread] p1a,p1b\n|-heal|p1a: Aggron|100/100\n|-heal|p1b: Sinistcha|97/100\n|move|p2a: Venusaur|Leech Seed|p1a: Aggron\n|-start|p1a: Aggron|move: Leech Seed\n|move|p2b: Garchomp|Dragon Claw|p1b: Sinistcha\n|-damage|p1b: Sinistcha|61/100\n|\n|-damage|p1a: Aggron|88/100|[from] Leech Seed|[of] p2a: Venusaur\n|upkeep\n|turn|3\n|\n|t:|1776736188\n|move|p1a: Aggron|Heavy Slam|p2a: Venusaur\n|-damage|p2a: Venusaur|78/100\n|move|p1b: Sinistcha|Matcha Gotcha|p2a: Venusaur|[spread] p2a,p2b\n|-resisted|p2a: Venusaur|2\n|-damage|p2a: Venusaur|74/100\n|-heal|p1b: Sinistcha|63/100|[from] drain|[of] p2a: Venusaur\n|-damage|p2b: Garchomp|0 fnt\n|-heal|p1b: Sinistcha|68/100|[from] drain|[of] p2b: Garchomp\n|faint|p2b: Garchomp\n|move|p2a: Venusaur|Sludge Bomb|p1b: Sinistcha\n|-damage|p1b: Sinistcha|29/100\n|\n|-damage|p1a: Aggron|76/100|[from] Leech Seed|[of] p2a: Venusaur\n|-heal|p2a: Venusaur|83/100|[silent]\n|upkeep\n|\n|t:|1776736202\n|switch|p2b: Arcanine|Arcanine, L50, M|100/100\n|-ability|p2b: Arcanine|Intimidate|boost\n|-unboost|p1a: Aggron|atk|1\n|-unboost|p1b: Sinistcha|atk|1\n|turn|4\n|\n|t:|1776736210\n|move|p1a: Aggron|Body Press|p2b: Arcanine\n|-damage|p2b: Arcanine|3/100\n|-enditem|p2b: Arcanine|Sitrus Berry|[eat]\n|-heal|p2b: Arcanine|27/100|[from] item: Sitrus Berry\n|move|p1b: Sinistcha|Life Dew|p1b: Sinistcha|[spread] p1a,p1b\n|-heal|p1a: Aggron|100/100\n|-heal|p1b: Sinistcha|54/100\n|move|p2a: Venusaur|Sludge Bomb|p1b: Sinistcha\n|-damage|p1b: Sinistcha|20/100\n|-status|p1b: Sinistcha|psn\n|move|p2b: Arcanine|Will-O-Wisp|p1a: Aggron\n|-status|p1a: Aggron|brn\n|\n|-damage|p1a: Aggron|88/100 brn|[from] Leech Seed|[of] p2a: Venusaur\n|-heal|p2a: Venusaur|93/100|[silent]\n|-damage|p1b: Sinistcha|7/100 psn|[from] psn\n|-damage|p1a: Aggron|82/100 brn|[from] brn\n|upkeep\n|turn|5\n|\n|t:|1776736234\n|move|p2a: Venusaur|Protect|p2a: Venusaur\n|-singleturn|p2a: Venusaur|Protect\n|move|p2b: Arcanine|Protect|p2b: Arcanine\n|-singleturn|p2b: Arcanine|Protect\n|move|p1a: Aggron|Body Press|p2b: Arcanine\n|-activate|p2b: Arcanine|move: Protect\n|move|p1b: Sinistcha|Life Dew|p1b: Sinistcha|[spread] p1a,p1b\n|-heal|p1a: Aggron|100/100 brn\n|-heal|p1b: Sinistcha|33/100 psn\n|\n|-damage|p1a: Aggron|88/100 brn|[from] Leech Seed|[of] p2a: Venusaur\n|-heal|p2a: Venusaur|100/100|[silent]\n|-damage|p1b: Sinistcha|20/100 psn|[from] psn\n|-damage|p1a: Aggron|82/100 brn|[from] brn\n|-fieldend|move: Trick Room\n|upkeep\n|turn|6\n|inactive|Ambrother has 30 seconds left.\n|\n|t:|1776736259\n|move|p1b: Sinistcha|Rage Powder|p1b: Sinistcha\n|-singleturn|p1b: Sinistcha|move: Rage Powder\n|move|p2b: Arcanine|Snarl|p1a: Aggron|[spread] p1b\n|-miss|p2b: Arcanine|p1a: Aggron\n|-supereffective|p1b: Sinistcha|1\n|-damage|p1b: Sinistcha|6/100 psn\n|-unboost|p1b: Sinistcha|spa|1\n|move|p2a: Venusaur|Giga Drain|p1a: Aggron\n|-resisted|p1a: Aggron|1\n|-damage|p1a: Aggron|61/100 brn\n|move|p1a: Aggron|Body Press|p2b: Arcanine\n|-damage|p2b: Arcanine|0 fnt\n|faint|p2b: Arcanine\n|\n|-damage|p1a: Aggron|49/100 brn|[from] Leech Seed|[of] p2a: Venusaur\n|-damage|p1b: Sinistcha|0 fnt|[from] psn\n|faint|p1b: Sinistcha\n|-damage|p1a: Aggron|43/100 brn|[from] brn\n|upkeep\n|\n|t:|1776736277\n|switch|p2b: Rotom|Rotom-Wash, L50|100/100\n|switch|p1b: Aerodactyl|Aerodactyl, L50, F|100/100\n|-ability|p1b: Aerodactyl|Unnerve\n|turn|7\n|inactive|Ambrother has 30 seconds left.\n|\n|t:|1776736304\n|move|p2b: Rotom|Thunderbolt|p1b: Aerodactyl\n|-supereffective|p1b: Aerodactyl|1\n|-enditem|p1b: Aerodactyl|Focus Sash\n|-damage|p1b: Aerodactyl|1/100\n|move|p1b: Aerodactyl|Dual Wingbeat|p2a: Venusaur\n|-supereffective|p2a: Venusaur|1\n|-damage|p2a: Venusaur|71/100\n|-supereffective|p2a: Venusaur|1\n|-damage|p2a: Venusaur|41/100\n|-hitcount|p2a: Venusaur|2\n|move|p2a: Venusaur|Giga Drain|p1a: Aggron\n|-resisted|p1a: Aggron|1\n|-damage|p1a: Aggron|22/100 brn\n|-heal|p2a: Venusaur|49/100|[from] drain|[of] p1a: Aggron\n|move|p1a: Aggron|Body Press|p2b: Rotom\n|-damage|p2b: Rotom|33/100\n|\n|-damage|p1a: Aggron|9/100 brn|[from] Leech Seed|[of] p2a: Venusaur\n|-heal|p2a: Venusaur|59/100|[silent]\n|-damage|p1a: Aggron|3/100 brn|[from] brn\n|upkeep\n|turn|8\n|\n|t:|1776736328\n|move|p1b: Aerodactyl|Protect|p1b: Aerodactyl\n|-singleturn|p1b: Aerodactyl|Protect\n|move|p2a: Venusaur|Protect|p2a: Venusaur\n|-singleturn|p2a: Venusaur|Protect\n|move|p2b: Rotom|Thunderbolt|p1b: Aerodactyl\n|-activate|p1b: Aerodactyl|move: Protect\n|move|p1a: Aggron|Body Press|p2b: Rotom\n|-damage|p2b: Rotom|0 fnt\n|faint|p2b: Rotom\n|\n|-damage|p1a: Aggron|0 fnt|[from] Leech Seed|[of] p2a: Venusaur\n|-heal|p2a: Venusaur|61/100|[silent]\n|faint|p1a: Aggron\n|upkeep\n|\n|t:|1776736342\n|switch|p1a: Basculegion|Basculegion, L50, M|100/100\n|turn|9\n|\n|t:|1776736352\n|move|p1b: Aerodactyl|Dual Wingbeat|p2a: Venusaur\n|-supereffective|p2a: Venusaur|1\n|-damage|p2a: Venusaur|31/100\n|-supereffective|p2a: Venusaur|1\n|-damage|p2a: Venusaur|2/100\n|-hitcount|p2a: Venusaur|2\n|move|p1a: Basculegion|Psychic Fangs|p2a: Venusaur\n|-supereffective|p2a: Venusaur|1\n|-damage|p2a: Venusaur|0 fnt\n|faint|p2a: Venusaur\n|\n|win|bigruckus#1\n|raw|bigruckus#1's rating: 1027 &rarr; <strong>1065</strong><br />(+38 for winning)\n|raw|Ambrother's rating: 1047 &rarr; <strong>1029</strong><br />(-18 for losing)\n",
  "uploadtime": 1776736369,
  "views": 0,
  "formatid": "gen9championsvgc2026regma",
  "rating": 1029,
  "private": 0,
  "password": null
}