{
  "id": "gen9championsvgc2026regma-2582822967",
  "format": "[Gen 9 Champions] VGC 2026 Reg M-A",
  "players": [
    "Dangeraffe_01",
    "marwandk"
  ],
  "log": "|j|\u2606Dangeraffe_01\n|j|\u2606marwandk\n|t:|1776116798\n|gametype|doubles\n|player|p1|Dangeraffe_01|waitress|1045\n|player|p2|marwandk|102|1126\n|gen|9\n|tier|[Gen 9 Champions] VGC 2026 Reg M-A\n|rated|\n|rule|Species Clause: Limit one of each Pok\u00e9mon\n|rule|Item Clause: Limit 1 of each item\n|clearpoke\n|poke|p1|Kangaskhan, L50, F|\n|poke|p1|Whimsicott, L50, F|\n|poke|p1|Tyranitar, L50, M|\n|poke|p1|Sneasler, L50, F|\n|poke|p1|Basculegion-F, L50, F|\n|poke|p1|Incineroar, L50, F|\n|poke|p2|Skarmory, L50, F|\n|poke|p2|Gyarados, L50, M|\n|poke|p2|Aerodactyl, L50, M|\n|poke|p2|Garchomp, L50, M|\n|poke|p2|Milotic, L50, M|\n|poke|p2|Tauros-Paldea-Blaze, L50, M|\n|teampreview|4\n|\n|t:|1776116835\n|teamsize|p1|4\n|teamsize|p2|4\n|start\n|switch|p1a: Kangaskhan|Kangaskhan, L50, F|100/100\n|switch|p1b: Whimsicott|Whimsicott, L50, F|100/100\n|switch|p2a: Aerodactyl|Aerodactyl, L50, M|100/100\n|switch|p2b: Milotic|Milotic, L50, M|100/100\n|-ability|p2a: Aerodactyl|Unnerve\n|turn|1\n|\n|t:|1776116851\n|detailschange|p1a: Kangaskhan|Kangaskhan-Mega, L50, F\n|-mega|p1a: Kangaskhan|Kangaskhan|Kangaskhanite\n|move|p2a: Aerodactyl|Protect|p2a: Aerodactyl\n|-singleturn|p2a: Aerodactyl|Protect\n|move|p1a: Kangaskhan|Fake Out|p2a: Aerodactyl\n|-activate|p2a: Aerodactyl|move: Protect\n|move|p1b: Whimsicott|Dazzling Gleam|p2b: Milotic|[spread] p2b\n|-activate|p2a: Aerodactyl|move: Protect\n|-damage|p2b: Milotic|84/100\n|move|p2b: Milotic|Scald|p1a: Kangaskhan\n|-damage|p1a: Kangaskhan|69/100\n|-status|p1a: Kangaskhan|brn\n|\n|-heal|p2b: Milotic|90/100|[from] item: Leftovers\n|-damage|p1a: Kangaskhan|63/100 brn|[from] brn\n|upkeep\n|turn|2\n|\n|t:|1776116876\n|move|p1b: Whimsicott|Encore|p2a: Aerodactyl\n|-start|p2a: Aerodactyl|Encore\n|move|p2a: Aerodactyl|Protect||[still]\n|-fail|p2a: Aerodactyl\n|move|p1a: Kangaskhan|Double-Edge|p2b: Milotic\n|-damage|p2b: Milotic|56/100\n|-damage|p2b: Milotic|48/100\n|-hitcount|p2b: Milotic|2\n|-damage|p1a: Kangaskhan|48/100 brn|[from] Recoil\n|move|p2b: Milotic|Scald|p1a: Kangaskhan\n|-damage|p1a: Kangaskhan|14/100 brn\n|\n|-heal|p2b: Milotic|53/100|[from] item: Leftovers\n|-damage|p1a: Kangaskhan|7/100 brn|[from] brn\n|upkeep\n|turn|3\n|\n|t:|1776116894\n|switch|p2a: Skarmory|Skarmory, L50, F|100/100\n|move|p1b: Whimsicott|Dazzling Gleam|p2b: Milotic|[spread] p2a,p2b\n|-resisted|p2a: Skarmory|1\n|-damage|p2a: Skarmory|85/100\n|-damage|p2b: Milotic|37/100\n|move|p1a: Kangaskhan|Double-Edge|p2b: Milotic\n|-damage|p2b: Milotic|1/100\n|-damage|p2b: Milotic|0 fnt\n|faint|p2b: Milotic\n|-hitcount|p2: Milotic|2\n|-damage|p1a: Kangaskhan|0 fnt|[from] Recoil\n|faint|p1a: Kangaskhan\n|\n|upkeep\n|\n|t:|1776116907\n|switch|p1a: Basculegion|Basculegion-F, L50, F|100/100\n|switch|p2b: Aerodactyl|Aerodactyl, L50, M|100/100\n|-ability|p2b: Aerodactyl|Unnerve\n|turn|4\n|\n|t:|1776116928\n|detailschange|p2a: Skarmory|Skarmory-Mega, L50, F\n|-mega|p2a: Skarmory|Skarmory|Skarmorite\n|move|p1b: Whimsicott|Tailwind|p1b: Whimsicott\n|-sidestart|p1: Dangeraffe_01|move: Tailwind\n|move|p1a: Basculegion|Shadow Ball|p2a: Skarmory\n|-crit|p2a: Skarmory\n|-damage|p2a: Skarmory|8/100\n|move|p2b: Aerodactyl|Dual Wingbeat|p1b: Whimsicott|[miss]\n|-miss|p2b: Aerodactyl|p1b: Whimsicott\n|move|p2a: Skarmory|Brave Bird|p1a: Basculegion\n|-damage|p1a: Basculegion|20/100\n|-damage|p2a: Skarmory|0 fnt|[from] Recoil\n|faint|p2a: Skarmory\n|\n|upkeep\n|\n|t:|1776116940\n|switch|p2a: Garchomp|Garchomp, L50, M|100/100\n|turn|5\n|\n|t:|1776116959\n|move|p1b: Whimsicott|Protect|p1b: Whimsicott\n|-singleturn|p1b: Whimsicott|Protect\n|move|p1a: Basculegion|Surf|p2a: Garchomp|[spread] p2a,p2b\n|-activate|p1b: Whimsicott|move: Protect\n|-supereffective|p2b: Aerodactyl|1\n|-damage|p2a: Garchomp|45/100\n|-enditem|p2b: Aerodactyl|Focus Sash\n|-damage|p2b: Aerodactyl|1/100\n|move|p2b: Aerodactyl|Dual Wingbeat|p1b: Whimsicott\n|-activate|p1b: Whimsicott|move: Protect\n|move|p2a: Garchomp|Earthquake|p1a: Basculegion|[spread] p1a\n|-activate|p1b: Whimsicott|move: Protect\n|-immune|p2b: Aerodactyl\n|-damage|p1a: Basculegion|0 fnt\n|faint|p1a: Basculegion\n|\n|upkeep\n|\n|t:|1776116975\n|switch|p1a: Tyranitar|Tyranitar, L50, M|100/100\n|-weather|Sandstorm|[from] ability: Sand Stream|[of] p1a: Tyranitar\n|turn|6\n|\n|t:|1776116989\n|move|p1a: Tyranitar|Rock Slide|p2b: Aerodactyl|[spread] p2a,p2b\n|-resisted|p2a: Garchomp|1\n|-supereffective|p2b: Aerodactyl|1\n|-damage|p2a: Garchomp|32/100\n|-damage|p2b: Aerodactyl|0 fnt\n|faint|p2b: Aerodactyl\n|move|p1b: Whimsicott|Dazzling Gleam|p2a: Garchomp\n|-supereffective|p2a: Garchomp|1\n|-enditem|p2a: Garchomp|Roseli Berry|[eat]\n|-enditem|p2a: Garchomp|Roseli Berry|[weaken]\n|-damage|p2a: Garchomp|0 fnt\n|faint|p2a: Garchomp\n|\n|win|Dangeraffe_01\n|raw|Dangeraffe_01's rating: 1045 &rarr; <strong>1086</strong><br />(+41 for winning)\n|raw|marwandk's rating: 1126 &rarr; <strong>1095</strong><br />(-31 for losing)\n",
  "uploadtime": 1776116992,
  "views": 20,
  "formatid": "gen9championsvgc2026regma",
  "rating": 1086,
  "private": 0,
  "password": null
}