{
  "id": "gen9championsvgc2026regma-2580894692",
  "format": "[Gen 9 Champions] VGC 2026 Reg M-A",
  "players": [
    "princess 68",
    "bingus revolution"
  ],
  "log": "|j|\u2606princess 68\n|j|\u2606bingus revolution\n|t:|1775941251\n|gametype|doubles\n|player|p1|princess 68|elesa|1066\n|player|p2|bingus revolution|guitarist|1000\n|gen|9\n|tier|[Gen 9 Champions] VGC 2026 Reg M-A\n|rated|\n|rule|Species Clause: Limit one of each Pok\u00e9mon\n|rule|Item Clause: Limit 1 of each item\n|clearpoke\n|poke|p1|Charizard, L50, F|\n|poke|p1|Venusaur, L50, F|\n|poke|p1|Incineroar, L50, M|\n|poke|p1|Garchomp, L50, M|\n|poke|p1|Gallade, L50, M|\n|poke|p1|Dragonite, L50, F|\n|poke|p2|Incineroar, L50, M|\n|poke|p2|Aggron, L50, M|\n|poke|p2|Maushold, L50|\n|poke|p2|Clefable, L50, M|\n|poke|p2|Tyranitar, L50, F|\n|poke|p2|Snorlax, L50, F|\n|teampreview|4\n|inactive|Battle timer is ON: inactive players will automatically lose when time's up. (requested by bingus revolution)\n|inactive|bingus revolution has 60 seconds left.\n|\n|t:|1775941295\n|teamsize|p1|4\n|teamsize|p2|4\n|start\n|switch|p1a: Dragonite|Dragonite, L50, F|100/100\n|switch|p1b: Gallade|Gallade, L50, M|100/100\n|switch|p2a: The Roaring|Incineroar, L50, M|100/100\n|switch|p2b: Sword Van|Aggron, L50, M|100/100\n|-ability|p2a: The Roaring|Intimidate|boost\n|-fail|p1a: Dragonite|unboost|Attack|[from] ability: Inner Focus|[of] p1a: Dragonite\n|-unboost|p1b: Gallade|atk|1\n|turn|1\n|\n|t:|1775941319\n|detailschange|p2b: Sword Van|Aggron-Mega, L50, M\n|-mega|p2b: Sword Van|Aggron|Aggronite\n|move|p2a: The Roaring|Fake Out|p1b: Gallade\n|-damage|p1b: Gallade|80/100\n|cant|p1b: Gallade|flinch\n|move|p1a: Dragonite|Tailwind|p1a: Dragonite\n|-sidestart|p1: princess 68|move: Tailwind\n|move|p2b: Sword Van|Iron Defense|p2b: Sword Van\n|-boost|p2b: Sword Van|def|2\n|\n|upkeep\n|turn|2\n|inactive|princess 68 has 30 seconds left.\n|inactive|bingus revolution has 30 seconds left.\n|\n|t:|1775941356\n|move|p1a: Dragonite|Protect|p1a: Dragonite\n|-singleturn|p1a: Dragonite|Protect\n|move|p1b: Gallade|Encore|p2b: Sword Van\n|-start|p2b: Sword Van|Encore\n|move|p2a: The Roaring|Parting Shot|p1a: Dragonite\n|-activate|p1a: Dragonite|move: Protect\n|move|p2b: Sword Van|Iron Defense|p2b: Sword Van\n|-boost|p2b: Sword Van|def|2\n|\n|upkeep\n|turn|3\n|inactive|princess 68 has 30 seconds left.\n|\n|t:|1775941383\n|move|p1a: Dragonite|Scale Shot|p2a: The Roaring\n|-damage|p2a: The Roaring|90/100\n|-damage|p2a: The Roaring|80/100\n|-hitcount|p2a: The Roaring|2\n|-unboost|p1a: Dragonite|def|1\n|-boost|p1a: Dragonite|spe|1\n|move|p1b: Gallade|Sacred Sword|p2b: Sword Van\n|-supereffective|p2b: Sword Van|1\n|-damage|p2b: Sword Van|75/100\n|move|p2a: The Roaring|Parting Shot|p1a: Dragonite\n|-unboost|p1a: Dragonite|atk|1\n|-unboost|p1a: Dragonite|spa|1\n|\n|t:|1775941388\n|switch|p2a: Er Sorcio|Maushold, L50|100/100|[from] Parting Shot\n|move|p2b: Sword Van|Iron Defense|p2b: Sword Van\n|-boost|p2b: Sword Van|def|2\n|\n|upkeep\n|turn|4\n|inactive|bingus revolution has 30 seconds left.\n|\n|t:|1775941417\n|switch|p1a: Charizard|Charizard, L50, F|100/100\n|move|p1b: Gallade|Sacred Sword|p2b: Sword Van\n|-supereffective|p2b: Sword Van|1\n|-damage|p2b: Sword Van|54/100\n|move|p2a: Er Sorcio|Taunt|p1b: Gallade\n|-start|p1b: Gallade|move: Taunt\n|move|p2b: Sword Van|Iron Defense|p2b: Sword Van\n|-boost|p2b: Sword Van|def|0\n|\n|-end|p2b: Sword Van|Encore\n|-sideend|p1: princess 68|move: Tailwind\n|upkeep\n|turn|5\n|\n|t:|1775941440\n|detailschange|p1a: Charizard|Charizard-Mega-Y, L50, F\n|-mega|p1a: Charizard|Charizard|Charizardite Y\n|-weather|SunnyDay|[from] ability: Drought|[of] p1a: Charizard\n|move|p2a: Er Sorcio|After You|p2b: Sword Van\n|-activate|p2b: Sword Van|move: After You\n|move|p2b: Sword Van|Body Press|p1a: Charizard\n|-resisted|p1a: Charizard|1\n|-damage|p1a: Charizard|0 fnt\n|faint|p1a: Charizard\n|move|p1b: Gallade|Sacred Sword|p2b: Sword Van\n|-supereffective|p2b: Sword Van|1\n|-damage|p2b: Sword Van|31/100\n|\n|-weather|SunnyDay|[upkeep]\n|upkeep\n|\n|t:|1775941455\n|switch|p1a: Incineroar|Incineroar, L50, M|100/100\n|-ability|p1a: Incineroar|Intimidate|boost\n|-unboost|p2a: Er Sorcio|atk|1\n|-unboost|p2b: Sword Van|atk|1\n|turn|6\n|\n|t:|1775941472\n|move|p1a: Incineroar|Fake Out|p2b: Sword Van\n|-resisted|p2b: Sword Van|1\n|-damage|p2b: Sword Van|30/100\n|move|p2a: Er Sorcio|Follow Me|p2a: Er Sorcio\n|-singleturn|p2a: Er Sorcio|move: Follow Me\n|move|p1b: Gallade|Sacred Sword|p2a: Er Sorcio\n|-supereffective|p2a: Er Sorcio|1\n|-enditem|p2a: Er Sorcio|Focus Sash\n|-damage|p2a: Er Sorcio|1/100\n|cant|p2b: Sword Van|flinch\n|\n|-weather|SunnyDay|[upkeep]\n|upkeep\n|turn|7\n|\n|t:|1775941496\n|move|p2a: Er Sorcio|After You|p2b: Sword Van\n|-activate|p2b: Sword Van|move: After You\n|move|p2b: Sword Van|Body Press|p1a: Incineroar\n|-supereffective|p1a: Incineroar|1\n|-damage|p1a: Incineroar|0 fnt\n|faint|p1a: Incineroar\n|move|p1b: Gallade|Sacred Sword|p2b: Sword Van\n|-supereffective|p2b: Sword Van|1\n|-damage|p2b: Sword Van|9/100\n|\n|-weather|SunnyDay|[upkeep]\n|-end|p1b: Gallade|move: Taunt\n|upkeep\n|\n|t:|1775941508\n|switch|p1a: Dragonite|Dragonite, L50, F|100/100\n|turn|8\n|\n|t:|1775941521\n|move|p1a: Dragonite|Extreme Speed|p2b: Sword Van\n|-resisted|p2b: Sword Van|1\n|-damage|p2b: Sword Van|8/100\n|move|p2a: Er Sorcio|After You|p2b: Sword Van\n|-activate|p2b: Sword Van|move: After You\n|move|p2b: Sword Van|Body Press|p1b: Gallade\n|-resisted|p1b: Gallade|1\n|-damage|p1b: Gallade|0 fnt\n|faint|p1b: Gallade\n|\n|-weather|SunnyDay|[upkeep]\n|upkeep\n|turn|9\n|\n|t:|1775941540\n|move|p2a: Er Sorcio|After You|p2b: Sword Van\n|-activate|p2b: Sword Van|move: After You\n|move|p2b: Sword Van|Body Press|p1a: Dragonite\n|-resisted|p1a: Dragonite|1\n|-enditem|p1a: Dragonite|Focus Sash\n|-damage|p1a: Dragonite|1/100\n|move|p1a: Dragonite|Scale Shot|p2b: Sword Van\n|-resisted|p2b: Sword Van|1\n|-damage|p2b: Sword Van|7/100\n|-resisted|p2b: Sword Van|1\n|-damage|p2b: Sword Van|7/100\n|-resisted|p2b: Sword Van|1\n|-damage|p2b: Sword Van|6/100\n|-resisted|p2b: Sword Van|1\n|-damage|p2b: Sword Van|6/100\n|-resisted|p2b: Sword Van|1\n|-damage|p2b: Sword Van|5/100\n|-hitcount|p2b: Sword Van|5\n|-unboost|p1a: Dragonite|def|1\n|-boost|p1a: Dragonite|spe|1\n|\n|-weather|none\n|upkeep\n|turn|10\n|l|\u2606princess 68\n|inactive|princess 68 disconnected and has a minute to reconnect!\n|player|p1|\n|inactive|princess 68 has 30 seconds left.\n|inactive|princess 68 has 20 seconds left.\n|inactive|princess 68 has 15 seconds left.\n|inactive|princess 68 has 10 seconds left.\n|inactive|princess 68 has 5 seconds left.\n|-message|princess 68 lost due to inactivity.\n|\n|win|bingus revolution\n|raw|princess 68's rating: 1066 &rarr; <strong>1042</strong><br />(-24 for losing)\n|raw|bingus revolution's rating: 1000 &rarr; <strong>1048</strong><br />(+48 for winning)\n",
  "uploadtime": 1775941599,
  "views": 24,
  "formatid": "gen9championsvgc2026regma",
  "rating": 1042,
  "private": 0,
  "password": null
}