{
  "id": "gen9championsvgc2026regma-2586394928",
  "format": "[Gen 9 Champions] VGC 2026 Reg M-A",
  "players": [
    "asouleoe",
    "Ruizpaa"
  ],
  "log": "|j|\u2606asouleoe\n|j|\u2606Ruizpaa\n|t:|1776431567\n|gametype|doubles\n|player|p1|asouleoe|blue|1325\n|player|p2|Ruizpaa|265|1466\n|gen|9\n|tier|[Gen 9 Champions] VGC 2026 Reg M-A\n|rated|\n|rule|Species Clause: Limit one of each Pok\u00e9mon\n|rule|Item Clause: Limit 1 of each item\n|clearpoke\n|poke|p1|Charizard, L50, F|\n|poke|p1|Sneasler, L50, M|\n|poke|p1|Garchomp, L50, F|\n|poke|p1|Whimsicott, L50, F|\n|poke|p1|Gardevoir, L50, M|\n|poke|p1|Farigiraf, L50, F|\n|poke|p2|Gardevoir, L50, M|\n|poke|p2|Basculegion, L50, M|\n|poke|p2|Maushold-Four, L50|\n|poke|p2|Talonflame, L50, F|\n|poke|p2|Garchomp, L50, F|\n|poke|p2|Kingambit, L50, M|\n|teampreview|4\n|inactive|Battle timer is ON: inactive players will automatically lose when time's up. (requested by asouleoe)\n|\n|t:|1776431593\n|teamsize|p1|4\n|teamsize|p2|4\n|start\n|switch|p1a: Whimsicott|Whimsicott, L50, F|100/100\n|switch|p1b: Garchomp|Garchomp, L50, F|100/100\n|switch|p2a: Garchomp|Garchomp, L50, F|100/100\n|switch|p2b: Talonflame|Talonflame, L50, F|100/100\n|turn|1\n|inactive|Ruizpaa has 30 seconds left.\n|\n|t:|1776431619\n|move|p1a: Whimsicott|Protect|p1a: Whimsicott\n|-singleturn|p1a: Whimsicott|Protect\n|move|p2b: Talonflame|Protect|p2b: Talonflame\n|-singleturn|p2b: Talonflame|Protect\n|move|p1b: Garchomp|Rock Slide|p2b: Talonflame|[spread] p2a\n|-activate|p2b: Talonflame|move: Protect\n|-resisted|p2a: Garchomp|1\n|-damage|p2a: Garchomp|92/100\n|move|p2a: Garchomp|Dragon Claw|p1b: Garchomp\n|-supereffective|p1b: Garchomp|1\n|-damage|p1b: Garchomp|12/100\n|-damage|p2a: Garchomp|80/100|[from] ability: Rough Skin|[of] p1b: Garchomp\n|\n|upkeep\n|turn|2\n|inactive|Ruizpaa has 30 seconds left.\n|inactive|asouleoe has 30 seconds left.\n|inactive|Ruizpaa has 20 seconds left.\n|inactive|Ruizpaa has 15 seconds left.\n|\n|t:|1776431660\n|switch|p2a: Gardevoir|Gardevoir, L50, M|100/100\n|move|p2b: Talonflame|Acrobatics|p1b: Garchomp\n|-damage|p1b: Garchomp|0 fnt\n|-damage|p2b: Talonflame|88/100|[from] ability: Rough Skin|[of] p1b: Garchomp\n|faint|p1b: Garchomp\n|move|p1a: Whimsicott|Tailwind|p1a: Whimsicott\n|-sidestart|p1: asouleoe|move: Tailwind\n|\n|upkeep\n|\n|t:|1776431671\n|switch|p1b: Charizard|Charizard, L50, F|100/100\n|turn|3\n|\n|t:|1776431683\n|switch|p2b: Maushold|Maushold-Four, L50|100/100\n|detailschange|p1b: Charizard|Charizard-Mega-Y, L50, F\n|-mega|p1b: Charizard|Charizard|Charizardite Y\n|-weather|SunnyDay|[from] ability: Drought|[of] p1b: Charizard\n|detailschange|p2a: Gardevoir|Gardevoir-Mega, L50, M\n|-mega|p2a: Gardevoir|Gardevoir|Gardevoirite\n|move|p1a: Whimsicott|Encore||[still]\n|-fail|p1a: Whimsicott\n|move|p1b: Charizard|Weather Ball|p2a: Gardevoir\n|-damage|p2a: Gardevoir|50/100\n|move|p2a: Gardevoir|Hyper Voice|p1a: Whimsicott|[spread] p1a,p1b\n|-resisted|p1b: Charizard|1\n|-damage|p1a: Whimsicott|17/100\n|-damage|p1b: Charizard|80/100\n|\n|-weather|SunnyDay|[upkeep]\n|upkeep\n|turn|4\n|\n|t:|1776431705\n|move|p1a: Whimsicott|Protect|p1a: Whimsicott\n|-singleturn|p1a: Whimsicott|Protect\n|move|p2b: Maushold|Follow Me|p2b: Maushold\n|-singleturn|p2b: Maushold|move: Follow Me\n|move|p1b: Charizard|Heat Wave|p2b: Maushold|[spread] p2a,p2b\n|-damage|p2a: Gardevoir|14/100\n|-damage|p2b: Maushold|23/100\n|move|p2a: Gardevoir|Hyper Voice|p1b: Charizard|[spread] p1b\n|-activate|p1a: Whimsicott|move: Protect\n|-resisted|p1b: Charizard|1\n|-damage|p1b: Charizard|62/100\n|\n|-weather|SunnyDay|[upkeep]\n|upkeep\n|turn|5\n|\n|t:|1776431728\n|move|p2b: Maushold|Protect|p2b: Maushold\n|-singleturn|p2b: Maushold|Protect\n|move|p2a: Gardevoir|Protect|p2a: Gardevoir\n|-singleturn|p2a: Gardevoir|Protect\n|move|p1a: Whimsicott|Moonblast|p2b: Maushold\n|-activate|p2b: Maushold|move: Protect\n|move|p1b: Charizard|Weather Ball|p2a: Gardevoir\n|-activate|p2a: Gardevoir|move: Protect\n|\n|-weather|SunnyDay|[upkeep]\n|-sideend|p1: asouleoe|move: Tailwind\n|upkeep\n|turn|6\n|inactive|Ruizpaa has 30 seconds left.\n|\n|t:|1776431761\n|move|p2b: Maushold|Follow Me|p2b: Maushold\n|-singleturn|p2b: Maushold|move: Follow Me\n|move|p1a: Whimsicott|Tailwind|p1a: Whimsicott\n|-sidestart|p1: asouleoe|move: Tailwind\n|move|p1b: Charizard|Heat Wave|p2a: Gardevoir|[spread] p2a,p2b\n|-damage|p2a: Gardevoir|0 fnt\n|-damage|p2b: Maushold|0 fnt\n|faint|p2a: Gardevoir\n|faint|p2b: Maushold\n|\n|-weather|SunnyDay|[upkeep]\n|upkeep\n|\n|t:|1776431768\n|switch|p2b: Talonflame|Talonflame, L50, F|88/100\n|switch|p2a: Garchomp|Garchomp, L50, F|80/100\n|turn|7\n|inactive|Ruizpaa has 30 seconds left.\n|inactive|Ruizpaa has 20 seconds left.\n|inactive|Ruizpaa has 15 seconds left.\n|\n|t:|1776431812\n|move|p2a: Garchomp|Protect|p2a: Garchomp\n|-singleturn|p2a: Garchomp|Protect\n|move|p1a: Whimsicott|Moonblast|p2a: Garchomp\n|-activate|p2a: Garchomp|move: Protect\n|move|p1b: Charizard|Weather Ball|p2b: Talonflame\n|-resisted|p2b: Talonflame|1\n|-damage|p2b: Talonflame|21/100\n|move|p2b: Talonflame|Acrobatics|p1a: Whimsicott\n|-supereffective|p1a: Whimsicott|1\n|-damage|p1a: Whimsicott|0 fnt\n|faint|p1a: Whimsicott\n|\n|-weather|none\n|upkeep\n|\n|t:|1776431827\n|switch|p1a: Sneasler|Sneasler, L50, M|100/100\n|turn|8\n|\n|t:|1776431848\n|move|p2b: Talonflame|Protect|p2b: Talonflame\n|-singleturn|p2b: Talonflame|Protect\n|move|p2a: Garchomp|Protect||[still]\n|-fail|p2a: Garchomp\n|move|p1a: Sneasler|Close Combat|p2a: Garchomp\n|-damage|p2a: Garchomp|22/100\n|-unboost|p1a: Sneasler|def|1\n|-unboost|p1a: Sneasler|spd|1\n|-damage|p1a: Sneasler|88/100|[from] ability: Rough Skin|[of] p2a: Garchomp\n|-enditem|p1a: Sneasler|White Herb\n|-clearnegativeboost|p1a: Sneasler|[silent]\n|move|p1b: Charizard|Heat Wave|p2b: Talonflame|[spread] p2a\n|-activate|p2b: Talonflame|move: Protect\n|-resisted|p2a: Garchomp|1\n|-damage|p2a: Garchomp|0 fnt\n|faint|p2a: Garchomp\n|\n|upkeep\n|turn|9\n|\n|t:|1776431868\n|move|p1a: Sneasler|Dire Claw|p2b: Talonflame\n|-damage|p2b: Talonflame|0 fnt\n|faint|p2b: Talonflame\n|\n|win|asouleoe\n|raw|asouleoe's rating: 1325 &rarr; <strong>1353</strong><br />(+28 for winning)\n|raw|Ruizpaa's rating: 1466 &rarr; <strong>1438</strong><br />(-28 for losing)\n|l|\u2606Ruizpaa\n|player|p2|\n",
  "uploadtime": 1776431882,
  "views": 44,
  "formatid": "gen9championsvgc2026regma",
  "rating": 1353,
  "private": 0,
  "password": null
}