{
  "id": "gen9championsvgc2026regma-2582851935",
  "format": "[Gen 9 Champions] VGC 2026 Reg M-A",
  "players": [
    "cloudyskyloftymoon",
    "retromaster14"
  ],
  "log": "|j|\u2606cloudyskyloftymoon\n|j|\u2606retromaster14\n|t:|1776119146\n|gametype|doubles\n|player|p1|cloudyskyloftymoon|acetrainerf|\n|player|p2|retromaster14|101|\n|gen|9\n|tier|[Gen 9 Champions] VGC 2026 Reg M-A\n|rule|Species Clause: Limit one of each Pok\u00e9mon\n|rule|Item Clause: Limit 1 of each item\n|clearpoke\n|poke|p1|Aerodactyl, L50, F|\n|poke|p1|Kingambit, L50, M|\n|poke|p1|Sneasler, L50, F|\n|poke|p1|Rotom-Wash, L50|\n|poke|p1|Meganium, L50, F|\n|poke|p1|Garchomp, L50, M|\n|poke|p2|Pelipper, L50, M|\n|poke|p2|Basculegion, L50, M|\n|poke|p2|Archaludon, L50, M|\n|poke|p2|Meganium, L50, M|\n|poke|p2|Sneasler, L50, M|\n|poke|p2|Greninja-*, L50, M|\n|teampreview|4\nretromaster14 has agreed to open team sheets.\ncloudyskyloftymoon has agreed to open team sheets.\n|showteam|p1|Aerodactyl||FocusSash|Unnerve|Protect,RockSlide,DualWingbeat,Tailwind|||F|||50|]Kingambit||OccaBerry|Defiant|KowtowCleave,SuckerPunch,Protect,IronHead|||M|||50|]Sneasler||WhiteHerb|Unburden|CloseCombat,Coaching,DireClaw,FakeOut|||F|||50|]Rotom-Wash||SitrusBerry|Levitate|WillOWisp,HydroPump,Thunderbolt,Protect||||||50|]Meganium||Meganiumite|LeafGuard|SolarBeam,DazzlingGleam,WeatherBall,Protect|||F|||50|]Garchomp||SoftSand|RoughSkin|StompingTantrum,DragonClaw,RockSlide,Protect|||M|||50|\n|showteam|p2|Pelipper||FocusSash|Drizzle|WeatherBall,Hurricane,WideGuard,Protect|||M|||50|]Basculegion||MysticWater|SwiftSwim|WaveCrash,LastRespects,FlipTurn,AquaJet|||M|||50|]Archaludon||Leftovers|Stamina|FlashCannon,DracoMeteor,ElectroShot,AuraSphere|||M|||50|]Meganium||Meganiumite|LeafGuard|SolarBeam,WeatherBall,DazzlingGleam,Protect|||M|||50|]Sneasler||WhiteHerb|Unburden|FakeOut,DireClaw,CloseCombat,Protect|||M|||50|]Greninja||Greninjite|Protean|HydroPump,DarkPulse,SludgeWave,IceBeam|||M|||50|\n|\n|t:|1776119196\n|teamsize|p1|4\n|teamsize|p2|4\n|start\n|switch|p1a: Aerodactyl|Aerodactyl, L50, F|100/100\n|switch|p1b: Garchomp|Garchomp, L50, M|100/100\n|switch|p2a: Sneasler|Sneasler, L50, M|100/100\n|switch|p2b: Pelipper|Pelipper, L50, M|100/100\n|-ability|p1a: Aerodactyl|Unnerve\n|-weather|RainDance|[from] ability: Drizzle|[of] p2b: Pelipper\n|turn|1\n|\n|t:|1776119229\n|move|p2a: Sneasler|Protect|p2a: Sneasler\n|-singleturn|p2a: Sneasler|Protect\n|move|p1a: Aerodactyl|Tailwind|p1a: Aerodactyl\n|-sidestart|p1: cloudyskyloftymoon|move: Tailwind\n|move|p1b: Garchomp|Stomping Tantrum|p2a: Sneasler\n|-activate|p2a: Sneasler|move: Protect\n|move|p2b: Pelipper|Weather Ball|p1a: Aerodactyl\n|-supereffective|p1a: Aerodactyl|1\n|-enditem|p1a: Aerodactyl|Focus Sash\n|-damage|p1a: Aerodactyl|1/100\n|\n|-weather|RainDance|[upkeep]\n|upkeep\n|turn|2\n|\n|t:|1776119273\n|switch|p2a: Greninja|Greninja, L50, M|100/100\n|switch|p2b: Archaludon|Archaludon, L50, M|100/100\n|move|p1a: Aerodactyl|Rock Slide|p2a: Greninja|[spread] p2a,p2b\n|-resisted|p2b: Archaludon|1\n|-damage|p2a: Greninja|58/100\n|-damage|p2b: Archaludon|92/100\n|-ability|p2b: Archaludon|Stamina|boost\n|-boost|p2b: Archaludon|def|1\n|move|p1b: Garchomp|Stomping Tantrum|p2a: Greninja\n|-damage|p2a: Greninja|0 fnt\n|faint|p2a: Greninja\n|\n|-weather|RainDance|[upkeep]\n|-heal|p2b: Archaludon|98/100|[from] item: Leftovers\n|upkeep\n|\n|t:|1776119290\n|switch|p2a: Sneasler|Sneasler, L50, M|100/100\n|turn|3\n|\n|t:|1776119303\n|switch|p1a: Meganium|Meganium, L50, F|100/100\n|move|p2a: Sneasler|Fake Out|p1a: Meganium\n|-damage|p1a: Meganium|87/100\n|move|p1b: Garchomp|Stomping Tantrum|p2a: Sneasler\n|-supereffective|p2a: Sneasler|1\n|-damage|p2a: Sneasler|0 fnt\n|faint|p2a: Sneasler\n|move|p2b: Archaludon|Draco Meteor|p1b: Garchomp\n|-supereffective|p1b: Garchomp|1\n|-damage|p1b: Garchomp|0 fnt\n|-unboost|p2b: Archaludon|spa|2\n|faint|p1b: Garchomp\n|\n|-weather|RainDance|[upkeep]\n|-heal|p2b: Archaludon|100/100|[from] item: Leftovers\n|upkeep\n|\n|t:|1776119322\n|switch|p2a: Pelipper|Pelipper, L50, M|100/100\n|switch|p1b: Rotom|Rotom-Wash, L50|100/100\n|turn|4\n|\n|t:|1776119336\n|detailschange|p1a: Meganium|Meganium-Mega, L50, F\n|-mega|p1a: Meganium|Meganium|Meganiumite\n|move|p1b: Rotom|Thunderbolt|p2a: Pelipper\n|-supereffective|p2a: Pelipper|2\n|-crit|p2a: Pelipper\n|-enditem|p2a: Pelipper|Focus Sash\n|-damage|p2a: Pelipper|1/100\n|move|p1a: Meganium|Weather Ball|p2b: Archaludon\n|-damage|p2b: Archaludon|30/100\n|-ability|p2b: Archaludon|Stamina|boost\n|-boost|p2b: Archaludon|def|1\n|move|p2b: Archaludon|Flash Cannon|p1a: Meganium\n|-supereffective|p1a: Meganium|1\n|-damage|p1a: Meganium|49/100\n|move|p2a: Pelipper|Hurricane|p1a: Meganium\n|-supereffective|p1a: Meganium|1\n|-damage|p1a: Meganium|0 fnt\n|faint|p1a: Meganium\n|\n|-weather|RainDance|[upkeep]\n|-heal|p2b: Archaludon|36/100|[from] item: Leftovers\n|-sideend|p1: cloudyskyloftymoon|move: Tailwind\n|upkeep\n|\n|t:|1776119355\n|switch|p1a: Aerodactyl|Aerodactyl, L50, F|1/100\n|-ability|p1a: Aerodactyl|Unnerve\n|turn|5\n|\n|t:|1776119376\n|move|p2a: Pelipper|Protect|p2a: Pelipper\n|-singleturn|p2a: Pelipper|Protect\n|move|p1a: Aerodactyl|Rock Slide|p2a: Pelipper|[spread] p2b\n|-activate|p2a: Pelipper|move: Protect\n|-resisted|p2b: Archaludon|1\n|-crit|p2b: Archaludon\n|-damage|p2b: Archaludon|23/100\n|-ability|p2b: Archaludon|Stamina|boost\n|-boost|p2b: Archaludon|def|1\n|move|p2b: Archaludon|Flash Cannon|p1a: Aerodactyl\n|-supereffective|p1a: Aerodactyl|1\n|-damage|p1a: Aerodactyl|0 fnt\n|faint|p1a: Aerodactyl\n|move|p1b: Rotom|Hydro Pump|p2b: Archaludon\n|-resisted|p2b: Archaludon|1\n|-damage|p2b: Archaludon|0 fnt\n|faint|p2b: Archaludon\n|\n|-weather|none\n|upkeep\n|turn|6\n|c|\u2606retromaster14|gg\n|c|\u2606cloudyskyloftymoon|ggs\n|\n|t:|1776119398\n|move|p2a: Pelipper|Hurricane|p1b: Rotom\n|-resisted|p1b: Rotom|1\n|-damage|p1b: Rotom|76/100\n|move|p1b: Rotom|Thunderbolt|p2a: Pelipper\n|-supereffective|p2a: Pelipper|2\n|-damage|p2a: Pelipper|0 fnt\n|faint|p2a: Pelipper\n|\n|win|cloudyskyloftymoon\n",
  "uploadtime": 1776119407,
  "views": 16,
  "formatid": "gen9championsvgc2026regma",
  "rating": null,
  "private": 0,
  "password": null
}