{
  "id": "gen9championsvgc2026regma-2583605078",
  "format": "[Gen 9 Champions] VGC 2026 Reg M-A",
  "players": [
    "ghikoj2",
    "LGPESWEEPER"
  ],
  "log": "|j|\u2606ghikoj2\n|j|\u2606LGPESWEEPER\n|t:|1776186068\n|gametype|doubles\n|player|p1|ghikoj2|101|1073\n|player|p2|LGPESWEEPER|265|1130\n|gen|9\n|tier|[Gen 9 Champions] VGC 2026 Reg M-A\n|rated|\n|rule|Species Clause: Limit one of each Pok\u00e9mon\n|rule|Item Clause: Limit 1 of each item\n|clearpoke\n|poke|p1|Runerigus, L50, F|\n|poke|p1|Aggron, L50, F|\n|poke|p1|Starmie, L50|\n|poke|p1|Maushold-Four, L50|\n|poke|p1|Altaria, L50, M|\n|poke|p1|Meowscarada, L50, F|\n|poke|p2|Gyarados, L50, F|\n|poke|p2|Garchomp, L50, F|\n|poke|p2|Tinkaton, L50, F|\n|poke|p2|Sneasler, L50, M|\n|poke|p2|Sinistcha, L50|\n|poke|p2|Pelipper, L50, M|\n|teampreview|4\n|\n|t:|1776186091\n|teamsize|p1|4\n|teamsize|p2|4\n|start\n|switch|p1a: Starmie|Starmie, L50|100/100\n|switch|p1b: Maushold|Maushold-Four, L50|100/100\n|switch|p2a: Garchomp|Garchomp, L50, F|100/100\n|switch|p2b: Pelipper|Pelipper, L50, M|100/100\n|-weather|RainDance|[from] ability: Drizzle|[of] p2b: Pelipper\n|turn|1\n|\n|t:|1776186118\n|move|p2a: Garchomp|Protect|p2a: Garchomp\n|-singleturn|p2a: Garchomp|Protect\n|move|p1a: Starmie|Gravity|p1a: Starmie\n|-fieldstart|move: Gravity\n|move|p1b: Maushold|Population Bomb|p2b: Pelipper\n|-damage|p2b: Pelipper|89/100\n|-damage|p2b: Pelipper|77/100\n|-damage|p2b: Pelipper|65/100\n|-damage|p2b: Pelipper|55/100\n|-damage|p2b: Pelipper|44/100\n|-damage|p2b: Pelipper|30/100\n|-damage|p2b: Pelipper|19/100\n|-damage|p2b: Pelipper|8/100\n|-damage|p2b: Pelipper|0 fnt\n|faint|p2b: Pelipper\n|-hitcount|p2: Pelipper|9\n|\n|-weather|RainDance|[upkeep]\n|upkeep\n|\n|t:|1776186135\n|switch|p2b: Gyarados|Gyarados, L50, F|100/100\n|-ability|p2b: Gyarados|Intimidate|boost\n|-unboost|p1a: Starmie|atk|1\n|-unboost|p1b: Maushold|atk|1\n|turn|2\n|\n|t:|1776186150\n|move|p1a: Starmie|Substitute|p1a: Starmie\n|-start|p1a: Starmie|Substitute\n|-damage|p1a: Starmie|76/100\n|move|p1b: Maushold|Encore|p2a: Garchomp\n|-start|p2a: Garchomp|Encore\n|move|p2a: Garchomp|Protect||[still]\n|-fail|p2a: Garchomp\n|move|p2b: Gyarados|Dragon Dance|p2b: Gyarados\n|-boost|p2b: Gyarados|atk|1\n|-boost|p2b: Gyarados|spe|1\n|\n|-weather|RainDance|[upkeep]\n|upkeep\n|turn|3\n|\n|t:|1776186165\n|switch|p2a: Sneasler|Sneasler, L50, M|100/100\n|move|p2b: Gyarados|Waterfall|p1b: Maushold\n|-damage|p1b: Maushold|0 fnt\n|faint|p1b: Maushold\n|move|p1a: Starmie|Zen Headbutt|p2b: Gyarados\n|-damage|p2b: Gyarados|71/100\n|\n|-weather|RainDance|[upkeep]\n|upkeep\n|\n|t:|1776186183\n|switch|p1b: Altaria|Altaria, L50, M|100/100\n|-ability|p1b: Altaria|Cloud Nine\n|turn|4\n|\n|t:|1776186198\n|detailschange|p2b: Gyarados|Gyarados-Mega, L50, F\n|-mega|p2b: Gyarados|Gyarados|Gyaradosite\n|-ability|p2b: Gyarados|Mold Breaker\n|detailschange|p1a: Starmie|Starmie-Mega, L50\n|-mega|p1a: Starmie|Starmie|Starminite\n|move|p2b: Gyarados|Crunch|p1a: Starmie\n|-supereffective|p1a: Starmie|1\n|-end|p1a: Starmie|Substitute\n|move|p1a: Starmie|Zen Headbutt|p2a: Sneasler\n|-supereffective|p2a: Sneasler|2\n|-damage|p2a: Sneasler|0 fnt\n|faint|p2a: Sneasler\n|move|p1b: Altaria|Hurricane|p2b: Gyarados\n|-damage|p2b: Gyarados|38/100\n|\n|-weather|RainDance|[upkeep]\n|upkeep\n|\n|t:|1776186211\n|switch|p2a: Garchomp|Garchomp, L50, F|100/100\n|turn|5\n|\n|t:|1776186235\n|move|p2b: Gyarados|Crunch|p1a: Starmie\n|-supereffective|p1a: Starmie|1\n|-damage|p1a: Starmie|0 fnt\n|faint|p1a: Starmie\n|move|p2a: Garchomp|Rock Slide|p1b: Altaria\n|-supereffective|p1b: Altaria|1\n|-damage|p1b: Altaria|35/100\n|cant|p1b: Altaria|flinch\n|\n|-weather|none\n|-fieldend|move: Gravity\n|upkeep\n|\n|t:|1776186258\n|switch|p1a: Meowscarada|Meowscarada, L50, F, shiny|100/100\n|turn|6\n|\n|t:|1776186288\n|move|p2b: Gyarados|Waterfall|p1a: Meowscarada\n|-resisted|p1a: Meowscarada|1\n|-crit|p1a: Meowscarada\n|-damage|p1a: Meowscarada|12/100\n|move|p1a: Meowscarada|Triple Axel|p2a: Garchomp\n|-start|p1a: Meowscarada|typechange|Ice|[from] ability: Protean\n|-supereffective|p2a: Garchomp|2\n|-damage|p2a: Garchomp|62/100\n|-damage|p1a: Meowscarada|0 fnt|[from] ability: Rough Skin|[of] p2a: Garchomp\n|faint|p1a: Meowscarada\n|-hitcount|p2a: Garchomp|1\n|move|p2a: Garchomp|Rock Slide|p1b: Altaria\n|-supereffective|p1b: Altaria|1\n|-damage|p1b: Altaria|0 fnt\n|faint|p1b: Altaria\n|\n|win|LGPESWEEPER\n|raw|ghikoj2's rating: 1073 &rarr; <strong>1055</strong><br />(-18 for losing)\n|raw|LGPESWEEPER's rating: 1130 &rarr; <strong>1151</strong><br />(+21 for winning)\n",
  "uploadtime": 1776186302,
  "views": 22,
  "formatid": "gen9championsvgc2026regma",
  "rating": 1055,
  "private": 0,
  "password": null
}