{
  "id": "gen9championsvgc2026regma-2586451687",
  "format": "[Gen 9 Champions] VGC 2026 Reg M-A",
  "players": [
    "4396godie",
    "blackred123"
  ],
  "log": "|j|\u26064396godie\n|j|\u2606blackred123\n|t:|1776435615\n|gametype|doubles\n|player|p1|4396godie|caitlin|1155\n|player|p2|blackred123|iono-masters|1210\n|gen|9\n|tier|[Gen 9 Champions] VGC 2026 Reg M-A\n|rated|\n|rule|Species Clause: Limit one of each Pok\u00e9mon\n|rule|Item Clause: Limit 1 of each item\n|clearpoke\n|poke|p1|Manectric, L50, M|\n|poke|p1|Incineroar, L50, F|\n|poke|p1|Tyranitar, L50, M|\n|poke|p1|Corviknight, L50, M|\n|poke|p1|Garchomp, L50, F|\n|poke|p1|Sinistcha-Masterpiece, L50|\n|poke|p2|Tyranitar, L50, M|\n|poke|p2|Sinistcha, L50|\n|poke|p2|Sneasler, L50, M|\n|poke|p2|Milotic, L50, F|\n|poke|p2|Torkoal, L50, F|\n|poke|p2|Lycanroc, L50, F|\n|teampreview|4\n|inactive|Battle timer is ON: inactive players will automatically lose when time's up. (requested by blackred123)\n|inactive|4396godie also wants the timer to be on.\n|inactive|4396godie has 60 seconds left.\n|\n|t:|1776435651\n|teamsize|p1|4\n|teamsize|p2|4\n|start\n|switch|p1a: Manectric|Manectric, L50, M, shiny|100/100\n|switch|p1b: Corviknight|Corviknight, L50, M, shiny|100/100\n|switch|p2a: \u7f8e\u7f8e\u62c9\u4e1d|Milotic, L50, F|100/100\n|switch|p2b: \u57fa\u57fa\u62c9\u65af|Tyranitar, L50, M|100/100\n|-weather|Sandstorm|[from] ability: Sand Stream|[of] p2b: \u57fa\u57fa\u62c9\u65af\n|turn|1\n|\n|t:|1776435667\n|detailschange|p2b: \u57fa\u57fa\u62c9\u65af|Tyranitar-Mega, L50, M\n|-mega|p2b: \u57fa\u57fa\u62c9\u65af|Tyranitar|Tyranitarite\n|move|p2a: \u7f8e\u7f8e\u62c9\u4e1d|Protect|p2a: \u7f8e\u7f8e\u62c9\u4e1d\n|-singleturn|p2a: \u7f8e\u7f8e\u62c9\u4e1d|Protect\n|move|p1a: Manectric|Volt Switch|p2a: \u7f8e\u7f8e\u62c9\u4e1d\n|-activate|p2a: \u7f8e\u7f8e\u62c9\u4e1d|move: Protect\n|move|p2b: \u57fa\u57fa\u62c9\u65af|Rock Slide|p1a: Manectric|[spread] p1a,p1b\n|-damage|p1a: Manectric|39/100\n|-damage|p1b: Corviknight|74/100\n|move|p1b: Corviknight|Iron Defense|p1b: Corviknight\n|-boost|p1b: Corviknight|def|2\n|\n|-weather|Sandstorm|[upkeep]\n|-damage|p1a: Manectric|34/100|[from] Sandstorm\n|-damage|p2a: \u7f8e\u7f8e\u62c9\u4e1d|94/100|[from] Sandstorm\n|-heal|p2a: \u7f8e\u7f8e\u62c9\u4e1d|100/100|[from] item: Leftovers\n|-heal|p1b: Corviknight|80/100|[from] item: Leftovers\n|upkeep\n|turn|2\n|\n|t:|1776435682\n|switch|p2a: \u6590\u6d4e\u676f|Sinistcha, L50|100/100\n|move|p1a: Manectric|Volt Switch|p2a: \u6590\u6d4e\u676f\n|-resisted|p2a: \u6590\u6d4e\u676f|1\n|-damage|p2a: \u6590\u6d4e\u676f|82/100\n|\n|t:|1776435690\n|switch|p1a: Sinistcha|Sinistcha-Masterpiece, L50|100/100|[from] Volt Switch\n|-heal|p1b: Corviknight|100/100|[from] ability: Hospitality|[of] p1a: Sinistcha\n|move|p2b: \u57fa\u57fa\u62c9\u65af|Rock Slide|p1a: Sinistcha|[spread] p1a,p1b\n|-damage|p1a: Sinistcha|69/100\n|-damage|p1b: Corviknight|89/100\n|move|p1b: Corviknight|Tailwind|p1b: Corviknight\n|-sidestart|p1: 4396godie|move: Tailwind\n|\n|-weather|Sandstorm|[upkeep]\n|-damage|p1a: Sinistcha|63/100|[from] Sandstorm\n|-damage|p2a: \u6590\u6d4e\u676f|76/100|[from] Sandstorm\n|-heal|p1b: Corviknight|95/100|[from] item: Leftovers\n|upkeep\n|turn|3\n|\n|t:|1776435708\n|move|p2b: \u57fa\u57fa\u62c9\u65af|Protect|p2b: \u57fa\u57fa\u62c9\u65af\n|-singleturn|p2b: \u57fa\u57fa\u62c9\u65af|Protect\n|move|p1a: Sinistcha|Matcha Gotcha|p2a: \u6590\u6d4e\u676f|[spread] p2a\n|-activate|p2b: \u57fa\u57fa\u62c9\u65af|move: Protect\n|-resisted|p2a: \u6590\u6d4e\u676f|1\n|-damage|p2a: \u6590\u6d4e\u676f|61/100\n|-heal|p1a: Sinistcha|72/100|[from] drain|[of] p2a: \u6590\u6d4e\u676f\n|-status|p2a: \u6590\u6d4e\u676f|brn\n|move|p1b: Corviknight|Body Press|p2b: \u57fa\u57fa\u62c9\u65af\n|-activate|p2b: \u57fa\u57fa\u62c9\u65af|move: Protect\n|move|p2a: \u6590\u6d4e\u676f|Trick Room|p2a: \u6590\u6d4e\u676f\n|-fieldstart|move: Trick Room|[of] p2a: \u6590\u6d4e\u676f\n|\n|-weather|Sandstorm|[upkeep]\n|-damage|p2a: \u6590\u6d4e\u676f|55/100 brn|[from] Sandstorm\n|-damage|p1a: Sinistcha|66/100|[from] Sandstorm\n|-heal|p1b: Corviknight|100/100|[from] item: Leftovers\n|-damage|p2a: \u6590\u6d4e\u676f|50/100 brn|[from] brn\n|upkeep\n|-enditem|p2a: \u6590\u6d4e\u676f|Sitrus Berry|[eat]\n|-heal|p2a: \u6590\u6d4e\u676f|74/100 brn|[from] item: Sitrus Berry\n|turn|4\n|\n|t:|1776435731\n|move|p2a: \u6590\u6d4e\u676f|Strength Sap|p1b: Corviknight\n|-ability|p1b: Corviknight|Mirror Armor\n|-unboost|p2a: \u6590\u6d4e\u676f|atk|1\n|-heal|p2a: \u6590\u6d4e\u676f|100/100 brn\n|move|p2b: \u57fa\u57fa\u62c9\u65af|Knock Off|p1b: Corviknight\n|-damage|p1b: Corviknight|78/100\n|-enditem|p1b: Corviknight|Leftovers|[from] move: Knock Off|[of] p2b: \u57fa\u57fa\u62c9\u65af\n|move|p1b: Corviknight|Brave Bird|p2a: \u6590\u6d4e\u676f\n|-supereffective|p2a: \u6590\u6d4e\u676f|1\n|-damage|p2a: \u6590\u6d4e\u676f|48/100 brn\n|-damage|p1b: Corviknight|63/100|[from] Recoil\n|move|p1a: Sinistcha|Matcha Gotcha|p2a: \u6590\u6d4e\u676f|[spread] p2a,p2b\n|-resisted|p2a: \u6590\u6d4e\u676f|1\n|-supereffective|p2b: \u57fa\u57fa\u62c9\u65af|1\n|-damage|p2a: \u6590\u6d4e\u676f|33/100 brn\n|-heal|p1a: Sinistcha|73/100|[from] drain|[of] p2a: \u6590\u6d4e\u676f\n|-damage|p2b: \u57fa\u57fa\u62c9\u65af|72/100\n|-heal|p1a: Sinistcha|90/100|[from] drain|[of] p2b: \u57fa\u57fa\u62c9\u65af\n|\n|-weather|Sandstorm|[upkeep]\n|-damage|p2a: \u6590\u6d4e\u676f|27/100 brn|[from] Sandstorm\n|-damage|p1a: Sinistcha|84/100|[from] Sandstorm\n|-damage|p2a: \u6590\u6d4e\u676f|22/100 brn|[from] brn\n|upkeep\n|turn|5\n|inactive|4396godie has 30 seconds left.\n|inactive|4396godie has 20 seconds left.\n|\n|t:|1776435770\n|move|p2a: \u6590\u6d4e\u676f|Strength Sap|p1b: Corviknight\n|-ability|p1b: Corviknight|Mirror Armor\n|-unboost|p2a: \u6590\u6d4e\u676f|atk|1\n|-heal|p2a: \u6590\u6d4e\u676f|83/100 brn\n|move|p2b: \u57fa\u57fa\u62c9\u65af|Knock Off|p1a: Sinistcha\n|-supereffective|p1a: Sinistcha|1\n|-damage|p1a: Sinistcha|0 fnt\n|-enditem|p1a: Sinistcha|Mental Herb|[from] move: Knock Off|[of] p2b: \u57fa\u57fa\u62c9\u65af\n|faint|p1a: Sinistcha\n|move|p1b: Corviknight|Iron Defense|p1b: Corviknight\n|-boost|p1b: Corviknight|def|2\n|\n|-weather|none\n|-damage|p2a: \u6590\u6d4e\u676f|77/100 brn|[from] brn\n|-sideend|p1: 4396godie|move: Tailwind\n|upkeep\n|\n|t:|1776435774\n|switch|p1a: Manectric|Manectric, L50, M, shiny|34/100\n|turn|6\n|\n|t:|1776435790\n|move|p1a: Manectric|Protect|p1a: Manectric\n|-singleturn|p1a: Manectric|Protect\n|move|p2a: \u6590\u6d4e\u676f|Matcha Gotcha|p1b: Corviknight|[spread] p1b\n|-activate|p1a: Manectric|move: Protect\n|-resisted|p1b: Corviknight|2\n|-damage|p1b: Corviknight|58/100\n|-heal|p2a: \u6590\u6d4e\u676f|80/100 brn|[from] drain|[of] p1b: Corviknight\n|move|p1b: Corviknight|Body Press|p2b: \u57fa\u57fa\u62c9\u65af\n|-supereffective|p2b: \u57fa\u57fa\u62c9\u65af|2\n|-damage|p2b: \u57fa\u57fa\u62c9\u65af|0 fnt\n|faint|p2b: \u57fa\u57fa\u62c9\u65af\n|\n|-damage|p2a: \u6590\u6d4e\u676f|75/100 brn|[from] brn\n|upkeep\n|\n|t:|1776435800\n|switch|p2b: \u7f8e\u7f8e\u62c9\u4e1d|Milotic, L50, F|100/100\n|turn|7\n|\n|t:|1776435812\n|switch|p1a: Garchomp|Garchomp, L50, F, shiny|100/100\n|move|p2a: \u6590\u6d4e\u676f|Matcha Gotcha|p1a: Garchomp|[spread] p1a,p1b\n|-resisted|p1b: Corviknight|2\n|-damage|p1a: Garchomp|73/100\n|-heal|p2a: \u6590\u6d4e\u676f|90/100 brn|[from] drain|[of] p1a: Garchomp\n|-damage|p1b: Corviknight|52/100\n|-heal|p2a: \u6590\u6d4e\u676f|93/100 brn|[from] drain|[of] p1b: Corviknight\n|-status|p1a: Garchomp|brn\n|-status|p1b: Corviknight|brn\n|move|p1b: Corviknight|Body Press|p2b: \u7f8e\u7f8e\u62c9\u4e1d\n|-damage|p2b: \u7f8e\u7f8e\u62c9\u4e1d|66/100\n|move|p2b: \u7f8e\u7f8e\u62c9\u4e1d|Scald|p1b: Corviknight\n|-damage|p1b: Corviknight|23/100 brn\n|\n|-heal|p2b: \u7f8e\u7f8e\u62c9\u4e1d|73/100|[from] item: Leftovers\n|-damage|p2a: \u6590\u6d4e\u676f|87/100 brn|[from] brn\n|-damage|p1b: Corviknight|17/100 brn|[from] brn\n|-damage|p1a: Garchomp|67/100 brn|[from] brn\n|-fieldend|move: Trick Room\n|upkeep\n|turn|8\n|\n|t:|1776435836\n|move|p2b: \u7f8e\u7f8e\u62c9\u4e1d|Protect|p2b: \u7f8e\u7f8e\u62c9\u4e1d\n|-singleturn|p2b: \u7f8e\u7f8e\u62c9\u4e1d|Protect\n|move|p1a: Garchomp|Swords Dance|p1a: Garchomp\n|-boost|p1a: Garchomp|atk|2\n|move|p1b: Corviknight|Body Press|p2b: \u7f8e\u7f8e\u62c9\u4e1d\n|-activate|p2b: \u7f8e\u7f8e\u62c9\u4e1d|move: Protect\n|move|p2a: \u6590\u6d4e\u676f|Trick Room|p2a: \u6590\u6d4e\u676f\n|-fieldstart|move: Trick Room|[of] p2a: \u6590\u6d4e\u676f\n|\n|-heal|p2b: \u7f8e\u7f8e\u62c9\u4e1d|79/100|[from] item: Leftovers\n|-damage|p2a: \u6590\u6d4e\u676f|82/100 brn|[from] brn\n|-damage|p1b: Corviknight|11/100 brn|[from] brn\n|-damage|p1a: Garchomp|61/100 brn|[from] brn\n|upkeep\n|turn|9\n|\n|t:|1776435853\n|move|p2a: \u6590\u6d4e\u676f|Matcha Gotcha|p1a: Garchomp|[spread] p1b\n|-miss|p2a: \u6590\u6d4e\u676f|p1a: Garchomp\n|-resisted|p1b: Corviknight|2\n|-damage|p1b: Corviknight|6/100 brn\n|-heal|p2a: \u6590\u6d4e\u676f|85/100 brn|[from] drain|[of] p1b: Corviknight\n|move|p1b: Corviknight|Brave Bird|p2a: \u6590\u6d4e\u676f\n|-supereffective|p2a: \u6590\u6d4e\u676f|1\n|-damage|p2a: \u6590\u6d4e\u676f|56/100 brn\n|-damage|p1b: Corviknight|0 fnt|[from] Recoil\n|faint|p1b: Corviknight\n|move|p2b: \u7f8e\u7f8e\u62c9\u4e1d|Ice Beam|p1a: Garchomp\n|-supereffective|p1a: Garchomp|2\n|-damage|p1a: Garchomp|0 fnt\n|faint|p1a: Garchomp\n|\n|-heal|p2b: \u7f8e\u7f8e\u62c9\u4e1d|85/100|[from] item: Leftovers\n|-damage|p2a: \u6590\u6d4e\u676f|50/100 brn|[from] brn\n|upkeep\n|\n|t:|1776435869\n|switch|p1b: Manectric|Manectric, L50, M, shiny|34/100\n|turn|10\n|\n|t:|1776435878\n|detailschange|p1b: Manectric|Manectric-Mega, L50, M, shiny\n|-mega|p1b: Manectric|Manectric|Manectite\n|-ability|p1b: Manectric|Intimidate|boost\n|-unboost|p2a: \u6590\u6d4e\u676f|atk|1\n|-unboost|p2b: \u7f8e\u7f8e\u62c9\u4e1d|atk|1\n|-ability|p2b: \u7f8e\u7f8e\u62c9\u4e1d|Competitive|boost\n|-boost|p2b: \u7f8e\u7f8e\u62c9\u4e1d|spa|2\n|move|p2a: \u6590\u6d4e\u676f|Matcha Gotcha|p1b: Manectric\n|-damage|p1b: Manectric|0 fnt\n|-heal|p2a: \u6590\u6d4e\u676f|65/100 brn|[from] drain|[of] p1b: Manectric\n|faint|p1b: Manectric\n|\n|win|blackred123\n|raw|4396godie's rating: 1155 &rarr; <strong>1134</strong><br />(-21 for losing)\n|raw|blackred123's rating: 1210 &rarr; <strong>1231</strong><br />(+21 for winning)\n|l|\u26064396godie\n|player|p1|\n",
  "uploadtime": 1776435892,
  "views": 18,
  "formatid": "gen9championsvgc2026regma",
  "rating": 1134,
  "private": 0,
  "password": null
}