{
  "id": "gen9championsvgc2026regma-2583993667",
  "format": "[Gen 9 Champions] VGC 2026 Reg M-A",
  "players": [
    "miseria010",
    "eco_double"
  ],
  "log": "|j|\u2606miseria010\n|j|\u2606eco_double\n|t:|1776214990\n|gametype|doubles\n|player|p1|miseria010|unknown|1245\n|player|p2|eco_double|norman|1239\n|gen|9\n|tier|[Gen 9 Champions] VGC 2026 Reg M-A\n|rated|\n|rule|Species Clause: Limit one of each Pok\u00e9mon\n|rule|Item Clause: Limit 1 of each item\n|clearpoke\n|poke|p1|Charizard, L50, M|\n|poke|p1|Venusaur, L50, M|\n|poke|p1|Garchomp, L50, M|\n|poke|p1|Incineroar, L50, M|\n|poke|p1|Conkeldurr, L50, M|\n|poke|p1|Whimsicott, L50, F|\n|poke|p2|Tyranitar, L50, F|\n|poke|p2|Sinistcha, L50|\n|poke|p2|Garchomp, L50, M|\n|poke|p2|Sneasler, L50, M|\n|poke|p2|Corviknight, L50, F|\n|poke|p2|Rotom-Wash, L50|\n|teampreview|4\n|inactive|Battle timer is ON: inactive players will automatically lose when time's up. (requested by eco_double)\n|inactive|miseria010 has 60 seconds left.\n|inactive|eco_double has 60 seconds left.\n|inactive|eco_double has 30 seconds left.\n|\n|t:|1776215056\n|teamsize|p1|4\n|teamsize|p2|4\n|start\n|switch|p1a: Conkeldurr|Conkeldurr, L50, M|100/100\n|switch|p1b: Charizard|Charizard, L50, M, shiny|100/100\n|switch|p2a: Sneasler|Sneasler, L50, M|100/100\n|switch|p2b: Corviknight|Corviknight, L50, F|100/100\n|turn|1\n|inactive|eco_double has 30 seconds left.\n|\n|t:|1776215088\n|move|p1b: Charizard|Protect|p1b: Charizard\n|-singleturn|p1b: Charizard|Protect\n|move|p1a: Conkeldurr|Protect|p1a: Conkeldurr\n|-singleturn|p1a: Conkeldurr|Protect\n|move|p2a: Sneasler|Close Combat|p1b: Charizard\n|-activate|p1b: Charizard|move: Protect\n|move|p2b: Corviknight|Brave Bird|p1a: Conkeldurr\n|-activate|p1a: Conkeldurr|move: Protect\n|\n|upkeep\n|turn|2\n|\n|t:|1776215106\n|switch|p1a: Garchomp|Garchomp, L50, M|100/100\n|detailschange|p1b: Charizard|Charizard-Mega-Y, L50, M, shiny\n|-mega|p1b: Charizard|Charizard|Charizardite Y\n|-weather|SunnyDay|[from] ability: Drought|[of] p1b: Charizard\n|move|p2a: Sneasler|Dire Claw|p1b: Charizard\n|-damage|p1b: Charizard|36/100\n|move|p1b: Charizard|Heat Wave|p2a: Sneasler|[spread] p2a,p2b\n|-supereffective|p2b: Corviknight|1\n|-enditem|p2b: Corviknight|Occa Berry|[eat]\n|-enditem|p2b: Corviknight|Occa Berry|[weaken]\n|-damage|p2a: Sneasler|2/100\n|-damage|p2b: Corviknight|39/100\n|-status|p2b: Corviknight|brn\n|move|p2b: Corviknight|Tailwind|p2b: Corviknight\n|-sidestart|p2: eco_double|move: Tailwind\n|\n|-weather|SunnyDay|[upkeep]\n|-damage|p2b: Corviknight|33/100 brn|[from] brn\n|upkeep\n|turn|3\n|inactive|eco_double has 30 seconds left.\n|inactive|eco_double has 20 seconds left.\n|\n|t:|1776215146\n|switch|p1b: Incineroar|Incineroar, L50, M, shiny|100/100\n|-ability|p1b: Incineroar|Intimidate|boost\n|-unboost|p2a: Sneasler|atk|1\n|-ability|p2b: Corviknight|Mirror Armor\n|-unboost|p1b: Incineroar|atk|1\n|-enditem|p2a: Sneasler|White Herb\n|-clearnegativeboost|p2a: Sneasler|[silent]\n|move|p2a: Sneasler|Protect|p2a: Sneasler\n|-singleturn|p2a: Sneasler|Protect\n|move|p2b: Corviknight|Brave Bird|p1b: Incineroar\n|-damage|p1b: Incineroar|81/100\n|-damage|p2b: Corviknight|27/100 brn|[from] Recoil\n|move|p1a: Garchomp|Rock Slide|p2a: Sneasler|[spread] p2b\n|-activate|p2a: Sneasler|move: Protect\n|-damage|p2b: Corviknight|9/100 brn\n|\n|-weather|SunnyDay|[upkeep]\n|-damage|p2b: Corviknight|3/100 brn|[from] brn\n|upkeep\n|turn|4\n|\n|t:|1776215171\n|switch|p2a: Garchomp|Garchomp, L50, M|100/100\n|move|p1b: Incineroar|Fake Out|p2a: Garchomp\n|-damage|p2a: Garchomp|93/100\n|-damage|p1b: Incineroar|69/100|[from] ability: Rough Skin|[of] p2a: Garchomp\n|move|p2b: Corviknight|Body Press|p1b: Incineroar\n|-supereffective|p1b: Incineroar|1\n|-damage|p1b: Incineroar|52/100\n|move|p1a: Garchomp|Rock Slide|p2b: Corviknight|[spread] p2a,p2b\n|-resisted|p2a: Garchomp|1\n|-damage|p2a: Garchomp|84/100\n|-damage|p2b: Corviknight|0 fnt\n|faint|p2b: Corviknight\n|\n|-weather|SunnyDay|[upkeep]\n|upkeep\n|\n|t:|1776215182\n|switch|p2b: Sneasler|Sneasler, L50, M|2/100\n|turn|5\n|\n|t:|1776215197\n|move|p1a: Garchomp|Protect|p1a: Garchomp\n|-singleturn|p1a: Garchomp|Protect\n|move|p2a: Garchomp|Dragon Claw|p1a: Garchomp\n|-activate|p1a: Garchomp|move: Protect\n|move|p2b: Sneasler|Close Combat|p1b: Incineroar\n|-supereffective|p1b: Incineroar|1\n|-damage|p1b: Incineroar|0 fnt\n|-unboost|p2b: Sneasler|def|1\n|-unboost|p2b: Sneasler|spd|1\n|faint|p1b: Incineroar\n|\n|-weather|SunnyDay|[upkeep]\n|-sideend|p2: eco_double|move: Tailwind\n|upkeep\n|\n|t:|1776215209\n|switch|p1b: Conkeldurr|Conkeldurr, L50, M|100/100\n|turn|6\n|\n|t:|1776215229\n|move|p2b: Sneasler|Protect|p2b: Sneasler\n|-singleturn|p2b: Sneasler|Protect\n|move|p2a: Garchomp|Dragon Claw|p1a: Garchomp\n|-supereffective|p1a: Garchomp|1\n|-damage|p1a: Garchomp|2/100\n|-damage|p2a: Garchomp|72/100|[from] ability: Rough Skin|[of] p1a: Garchomp\n|move|p1a: Garchomp|Rock Slide|p2a: Garchomp|[spread] p2a\n|-activate|p2b: Sneasler|move: Protect\n|-resisted|p2a: Garchomp|1\n|-damage|p2a: Garchomp|64/100\n|move|p1b: Conkeldurr|Ice Punch|p2a: Garchomp\n|-supereffective|p2a: Garchomp|2\n|-damage|p2a: Garchomp|0 fnt\n|-damage|p1b: Conkeldurr|88/100|[from] ability: Rough Skin|[of] p2a: Garchomp\n|faint|p2a: Garchomp\n|\n|-weather|none\n|upkeep\n|\n|t:|1776215241\n|switch|p2a: Tyranitar|Tyranitar, L50, F|100/100\n|-weather|Sandstorm|[from] ability: Sand Stream|[of] p2a: Tyranitar\n|turn|7\n|\n|t:|1776215262\n|detailschange|p2a: Tyranitar|Tyranitar-Mega, L50, F\n|-mega|p2a: Tyranitar|Tyranitar|Tyranitarite\n|move|p1b: Conkeldurr|Mach Punch|p2b: Sneasler\n|-resisted|p2b: Sneasler|1\n|-damage|p2b: Sneasler|0 fnt\n|faint|p2b: Sneasler\n|move|p1a: Garchomp|Dragon Claw|p2a: Tyranitar\n|-damage|p2a: Tyranitar|71/100\n|move|p2a: Tyranitar|Rock Slide|p1a: Garchomp|[spread] p1a,p1b\n|-resisted|p1a: Garchomp|1\n|-crit|p1a: Garchomp\n|-resisted|p1b: Conkeldurr|1\n|-damage|p1a: Garchomp|0 fnt\n|-damage|p1b: Conkeldurr|72/100\n|faint|p1a: Garchomp\n|\n|-weather|Sandstorm|[upkeep]\n|-damage|p1b: Conkeldurr|66/100|[from] Sandstorm\n|upkeep\n|\n|t:|1776215276\n|switch|p1a: Charizard|Charizard-Mega-Y, L50, M, shiny|36/100\n|-weather|SunnyDay|[from] ability: Drought|[of] p1a: Charizard\n|turn|8\n|-message|eco_double forfeited.\n|\n|win|miseria010\n|raw|miseria010's rating: 1245 &rarr; <strong>1270</strong><br />(+25 for winning)\n|raw|eco_double's rating: 1239 &rarr; <strong>1214</strong><br />(-25 for losing)\n|l|\u2606eco_double\n|player|p2|\n",
  "uploadtime": 1776215289,
  "views": 24,
  "formatid": "gen9championsvgc2026regma",
  "rating": 1214,
  "private": 0,
  "password": null
}