{
  "id": "gen9championsvgc2026regma-2582033231",
  "format": "[Gen 9 Champions] VGC 2026 Reg M-A",
  "players": [
    "wangfirex77\\",
    "LampLover98"
  ],
  "log": "|j|\u2606wangfirex77\\\n|j|\u2606LampLover98\n|t:|1776050278\n|gametype|doubles\n|player|p1|wangfirex77\\|265|1158\n|player|p2|LampLover98|265|1104\n|gen|9\n|tier|[Gen 9 Champions] VGC 2026 Reg M-A\n|rated|\n|rule|Species Clause: Limit one of each Pok\u00e9mon\n|rule|Item Clause: Limit 1 of each item\n|clearpoke\n|poke|p1|Talonflame, L50, M|\n|poke|p1|Floette-Eternal, L50, F|\n|poke|p1|Incineroar, L50, M|\n|poke|p1|Aerodactyl, L50, M|\n|poke|p1|Ditto, L50|\n|poke|p1|Maushold, L50|\n|poke|p2|Kommo-o, L50, F|\n|poke|p2|Aerodactyl, L50, F|\n|poke|p2|Aegislash, L50, F|\n|poke|p2|Garchomp, L50, F|\n|poke|p2|Sneasler, L50, M|\n|poke|p2|Chimecho, L50, M|\n|teampreview|4\n|\n|t:|1776050312\n|teamsize|p1|4\n|teamsize|p2|4\n|start\n|switch|p1a: Aerodactyl|Aerodactyl, L50, M|100/100\n|switch|p1b: Talonflame|Talonflame, L50, M|100/100\n|switch|p2a: Sneasler|Sneasler, L50, M|100/100\n|switch|p2b: Garchomp|Garchomp, L50, F|100/100\n|turn|1\n|\n|t:|1776050327\n|move|p1a: Aerodactyl|Protect|p1a: Aerodactyl\n|-singleturn|p1a: Aerodactyl|Protect\n|move|p1b: Talonflame|Protect|p1b: Talonflame\n|-singleturn|p1b: Talonflame|Protect\n|move|p2a: Sneasler|Coaching|p2b: Garchomp\n|-boost|p2b: Garchomp|atk|1\n|-boost|p2b: Garchomp|def|1\n|move|p2b: Garchomp|Rock Slide|p1a: Aerodactyl|[spread] \n|-activate|p1a: Aerodactyl|move: Protect\n|-activate|p1b: Talonflame|move: Protect\n|\n|upkeep\n|turn|2\n|\n|t:|1776050348\n|move|p1a: Aerodactyl|Wide Guard|p1a: Aerodactyl\n|-singleturn|p1a: Aerodactyl|Wide Guard\n|move|p1b: Talonflame|Brave Bird|p2a: Sneasler\n|-supereffective|p2a: Sneasler|1\n|-enditem|p2a: Sneasler|Focus Sash\n|-damage|p2a: Sneasler|1/100\n|-damage|p1b: Talonflame|68/100|[from] Recoil\n|move|p2a: Sneasler|Coaching|p2b: Garchomp\n|-boost|p2b: Garchomp|atk|1\n|-boost|p2b: Garchomp|def|1\n|move|p2b: Garchomp|Rock Slide|p1a: Aerodactyl|[spread] \n|-activate|p1a: Aerodactyl|move: Wide Guard\n|-activate|p1b: Talonflame|move: Wide Guard\n|\n|upkeep\n|turn|3\n|\n|t:|1776050370\n|move|p1a: Aerodactyl|Protect||[still]\n|-fail|p1a: Aerodactyl\n|move|p1b: Talonflame|Tailwind|p1b: Talonflame\n|-sidestart|p1: wangfirex77\\|move: Tailwind\n|move|p2a: Sneasler|Dire Claw|p1a: Aerodactyl\n|-resisted|p1a: Aerodactyl|1\n|-damage|p1a: Aerodactyl|66/100\n|move|p2b: Garchomp|Rock Slide|p1a: Aerodactyl|[spread] p1a,p1b\n|-supereffective|p1a: Aerodactyl|1\n|-supereffective|p1b: Talonflame|2\n|-damage|p1a: Aerodactyl|0 fnt\n|-damage|p1b: Talonflame|0 fnt\n|faint|p1a: Aerodactyl\n|faint|p1b: Talonflame\n|\n|upkeep\n|\n|t:|1776050385\n|switch|p1a: Ditto|Ditto, L50|100/100\n|switch|p1b: Floette|Floette-Eternal, L50, F|100/100\n|-transform|p1a: Ditto|p2b: Garchomp|[from] ability: Imposter\n|turn|4\n|\n|t:|1776050407\n|switch|p2a: Chimecho|Chimecho, L50, M|100/100\n|detailschange|p1b: Floette|Floette-Mega, L50, F\n|-mega|p1b: Floette|Floette|Floettite\n|-ability|p1b: Floette|Fairy Aura\n|move|p1b: Floette|Protect|p1b: Floette\n|-singleturn|p1b: Floette|Protect\n|move|p1a: Ditto|Earthquake|p2a: Chimecho|[spread] p2b\n|-activate|p1b: Floette|move: Protect\n|-immune|p2a: Chimecho|[from] ability: Levitate\n|-damage|p2b: Garchomp|65/100\n|move|p2b: Garchomp|Rock Slide|p1a: Ditto|[spread] p1a\n|-activate|p1b: Floette|move: Protect\n|-resisted|p1a: Ditto|1\n|-damage|p1a: Ditto|89/100\n|\n|upkeep\n|turn|5\n|\n|t:|1776050432\n|detailschange|p2a: Chimecho|Chimecho-Mega, L50, M\n|-mega|p2a: Chimecho|Chimecho|Chimechite\n|move|p1a: Ditto|Earthquake|p2a: Chimecho|[spread] p1b,p2b\n|-immune|p2a: Chimecho|[from] ability: Levitate\n|-damage|p1b: Floette|0 fnt\n|-damage|p2b: Garchomp|29/100\n|faint|p1b: Floette\n|move|p2b: Garchomp|Rock Slide|p1a: Ditto\n|-resisted|p1a: Ditto|1\n|-damage|p1a: Ditto|73/100\n|move|p2a: Chimecho|Yawn|p1a: Ditto\n|-start|p1a: Ditto|move: Yawn|[of] p2a: Chimecho\n|\n|upkeep\n|turn|6\n|-message|wangfirex77\\ forfeited.\n|\n|win|LampLover98\n|raw|wangfirex77\\'s rating: 1158 &rarr; <strong>1129</strong><br />(-29 for losing)\n|raw|LampLover98's rating: 1104 &rarr; <strong>1133</strong><br />(+29 for winning)\n|l|\u2606wangfirex77\\\n|player|p1|\n",
  "uploadtime": 1776050449,
  "views": 13,
  "formatid": "gen9championsvgc2026regma",
  "rating": 1129,
  "private": 0,
  "password": null
}