{
  "id": "gen9championsvgc2026regma-2583837248",
  "format": "[Gen 9 Champions] VGC 2026 Reg M-A",
  "players": [
    "tropicalasscheeks",
    "Pigcosmos"
  ],
  "log": "|j|\u2606tropicalasscheeks\n|j|\u2606Pigcosmos\n|t:|1776201575\n|gametype|doubles\n|player|p1|tropicalasscheeks|101|1109\n|player|p2|Pigcosmos|scientist-gen4|1069\n|gen|9\n|tier|[Gen 9 Champions] VGC 2026 Reg M-A\n|rated|\n|rule|Species Clause: Limit one of each Pok\u00e9mon\n|rule|Item Clause: Limit 1 of each item\n|clearpoke\n|poke|p1|Aggron, L50, M|\n|poke|p1|Primarina, L50, F|\n|poke|p1|Sinistcha, L50|\n|poke|p1|Alakazam, L50, F|\n|poke|p1|Incineroar, L50, M|\n|poke|p1|Aerodactyl, L50, M|\n|poke|p2|Victreebel, L50, F|\n|poke|p2|Sableye, L50, F|\n|poke|p2|Forretress, L50, F|\n|poke|p2|Dragonite, L50, M|\n|poke|p2|Basculegion, L50, M|\n|poke|p2|Garganacl, L50, F|\n|teampreview|4\n|inactive|Battle timer is ON: inactive players will automatically lose when time's up. (requested by Pigcosmos)\n|\n|t:|1776201604\n|teamsize|p1|4\n|teamsize|p2|4\n|start\n|switch|p1a: Aggron|Aggron, L50, M|100/100\n|switch|p1b: Alakazam|Alakazam, L50, F|100/100\n|switch|p2a: Victreebel|Victreebel, L50, F|100/100\n|switch|p2b: Dragonite|Dragonite, L50, M|100/100\n|turn|1\n|c|\u2606Pigcosmos|The wall :0\n|inactive|Pigcosmos has 30 seconds left.\n|\n|t:|1776201633\n|detailschange|p2a: Victreebel|Victreebel-Mega, L50, F\n|-mega|p2a: Victreebel|Victreebel|Victreebelite\n|detailschange|p1a: Aggron|Aggron-Mega, L50, M\n|-mega|p1a: Aggron|Aggron|Aggronite\n|move|p2a: Victreebel|Protect|p2a: Victreebel\n|-singleturn|p2a: Victreebel|Protect\n|move|p1b: Alakazam|Speed Swap|p1a: Aggron\n|-activate|p1b: Alakazam|move: Speed Swap|[of] p1a: Aggron\n|move|p1a: Aggron|Iron Defense|p1a: Aggron\n|-boost|p1a: Aggron|def|2\n|move|p2b: Dragonite|Substitute|p2b: Dragonite\n|-start|p2b: Dragonite|Substitute\n|-damage|p2b: Dragonite|76/100\n|\n|-heal|p2b: Dragonite|82/100|[from] item: Leftovers\n|upkeep\n|turn|2\n|inactive|Pigcosmos has 30 seconds left.\n|inactive|tropicalasscheeks has 30 seconds left.\n|inactive|Pigcosmos has 20 seconds left.\n|inactive|Pigcosmos has 15 seconds left.\n|\n|t:|1776201675\n|move|p1a: Aggron|Heavy Slam|p2b: Dragonite\n|-activate|p2b: Dragonite|move: Substitute|[damage]\n|move|p2a: Victreebel|Toxic Spikes|p1b: Alakazam\n|-sidestart|p1: tropicalasscheeks|move: Toxic Spikes\n|move|p1b: Alakazam|Speed Swap|p2b: Dragonite\n|-activate|p1b: Alakazam|move: Speed Swap|[of] p2b: Dragonite\n|move|p2b: Dragonite|Dragon Tail|p1a: Aggron\n|-resisted|p1a: Aggron|1\n|-damage|p1a: Aggron|97/100\n|drag|p1a: Sinistcha|Sinistcha, L50|100/100\n|-status|p1a: Sinistcha|psn\n|\n|-heal|p2b: Dragonite|88/100|[from] item: Leftovers\n|-damage|p1a: Sinistcha|88/100 psn|[from] psn\n|upkeep\n|turn|3\n|inactive|Pigcosmos has 30 seconds left.\n|\n|t:|1776201701\n|move|p2a: Victreebel|Toxic Spikes|p1a: Sinistcha\n|-sidestart|p1: tropicalasscheeks|move: Toxic Spikes\n|move|p1b: Alakazam|Dazzling Gleam|p2a: Victreebel|[spread] p2a,p2b\n|-supereffective|p2b: Dragonite|1\n|-end|p2b: Dragonite|Substitute\n|-resisted|p2a: Victreebel|1\n|-damage|p2a: Victreebel|85/100\n|move|p1a: Sinistcha|Matcha Gotcha|p2a: Victreebel|[spread] p2a,p2b\n|-resisted|p2a: Victreebel|2\n|-resisted|p2b: Dragonite|2\n|-damage|p2a: Victreebel|77/100\n|-heal|p1a: Sinistcha|92/100 psn|[from] drain|[of] p2a: Victreebel\n|-damage|p2b: Dragonite|83/100\n|-heal|p1a: Sinistcha|95/100 psn|[from] drain|[of] p2b: Dragonite\n|-status|p2a: Victreebel|brn\n|move|p2b: Dragonite|Dragon Tail|p1b: Alakazam\n|-damage|p1b: Alakazam|27/100\n|drag|p1b: Aggron|Aggron-Mega, L50, M|97/100\n|\n|-heal|p2b: Dragonite|89/100|[from] item: Leftovers\n|-damage|p1a: Sinistcha|83/100 psn|[from] psn\n|-damage|p2a: Victreebel|71/100 brn|[from] brn\n|upkeep\n|turn|4\n|inactive|tropicalasscheeks has 30 seconds left.\n|inactive|Pigcosmos has 30 seconds left.\n|\n|t:|1776201730\n|move|p1a: Sinistcha|Rage Powder|p1a: Sinistcha\n|-singleturn|p1a: Sinistcha|move: Rage Powder\n|move|p2a: Victreebel|Sludge Bomb|p1a: Sinistcha\n|-damage|p1a: Sinistcha|43/100 psn\n|-enditem|p1a: Sinistcha|Sitrus Berry|[eat]\n|-heal|p1a: Sinistcha|68/100 psn|[from] item: Sitrus Berry\n|move|p2b: Dragonite|Substitute|p2b: Dragonite\n|-start|p2b: Dragonite|Substitute\n|-damage|p2b: Dragonite|65/100\n|move|p1b: Aggron|Heavy Slam|p2b: Dragonite\n|-activate|p2b: Dragonite|move: Substitute|[damage]\n|\n|-heal|p2b: Dragonite|71/100|[from] item: Leftovers\n|-damage|p1a: Sinistcha|56/100 psn|[from] psn\n|-damage|p2a: Victreebel|65/100 brn|[from] brn\n|upkeep\n|turn|5\n|inactive|tropicalasscheeks has 30 seconds left.\n|inactive|Pigcosmos has 30 seconds left.\n|\n|t:|1776201760\n|move|p1a: Sinistcha|Rage Powder|p1a: Sinistcha\n|-singleturn|p1a: Sinistcha|move: Rage Powder\n|move|p2a: Victreebel|Sludge Bomb|p1a: Sinistcha\n|-damage|p1a: Sinistcha|15/100 psn\n|move|p2b: Dragonite|Low Kick|p1a: Sinistcha\n|-immune|p1a: Sinistcha\n|move|p1b: Aggron|Heavy Slam|p2b: Dragonite\n|-end|p2b: Dragonite|Substitute\n|\n|-heal|p2b: Dragonite|77/100|[from] item: Leftovers\n|-damage|p1a: Sinistcha|2/100 psn|[from] psn\n|-damage|p2a: Victreebel|60/100 brn|[from] brn\n|upkeep\n|turn|6\n|inactive|tropicalasscheeks has 30 seconds left.\n|\n|t:|1776201787\n|switch|p2a: Forretress|Forretress, L50, F|100/100\n|switch|p1a: Incineroar|Incineroar, L50, M|100/100\n|-status|p1a: Incineroar|tox\n|-ability|p1a: Incineroar|Intimidate|boost\n|-unboost|p2a: Forretress|atk|1\n|-unboost|p2b: Dragonite|atk|1\n|move|p2b: Dragonite|Protect|p2b: Dragonite\n|-singleturn|p2b: Dragonite|Protect\n|move|p1b: Aggron|Heavy Slam|p2b: Dragonite\n|-activate|p2b: Dragonite|move: Protect\n|\n|-heal|p2b: Dragonite|83/100|[from] item: Leftovers\n|-damage|p1a: Incineroar|95/100 tox|[from] psn\n|upkeep\n|turn|7\n|c|\u2606tropicalasscheeks|how fast ur dragonite twin\n|\n|t:|1776201811\n|switch|p2b: Victreebel|Victreebel-Mega, L50, F|60/100 brn\n|move|p1a: Incineroar|Fake Out|p2b: Victreebel\n|-damage|p2b: Victreebel|44/100 brn\n|move|p1b: Aggron|Heavy Slam|p2b: Victreebel\n|-damage|p2b: Victreebel|0 fnt\n|-damage|p1b: Aggron|58/100|[from] ability: Innards Out|[of] p2b: Victreebel\n|faint|p2b: Victreebel\n|move|p2a: Forretress|Stealth Rock|p1a: Incineroar\n|-sidestart|p1: tropicalasscheeks|move: Stealth Rock\n|\n|-damage|p1a: Incineroar|83/100 tox|[from] psn\n|upkeep\n|\n|t:|1776201828\n|switch|p2b: Dragonite|Dragonite, L50, M|83/100\n|turn|8\n|inactive|Pigcosmos has 30 seconds left.\n|\n|t:|1776201856\n|switch|p1a: Sinistcha|Sinistcha, L50|2/100 psn\n|-damage|p1a: Sinistcha|0 fnt|[from] Stealth Rock\n|faint|p1a: Sinistcha\n|move|p1b: Aggron|Protect|p1b: Aggron\n|-singleturn|p1b: Aggron|Protect\n|move|p2b: Dragonite|Low Kick|p1b: Aggron\n|-activate|p1b: Aggron|move: Protect\n|move|p2a: Forretress|Hard Press|p1b: Aggron\n|-activate|p1b: Aggron|move: Protect\n|\n|-heal|p2b: Dragonite|89/100|[from] item: Leftovers\n|upkeep\n|\n|t:|1776201873\n|switch|p1a: Incineroar|Incineroar, L50, M|83/100 tox\n|-damage|p1a: Incineroar|58/100 tox|[from] Stealth Rock\n|-ability|p1a: Incineroar|Intimidate|boost\n|-unboost|p2a: Forretress|atk|1\n|-unboost|p2b: Dragonite|atk|1\n|turn|9\n|\n|t:|1776201888\n|move|p2b: Dragonite|Protect|p2b: Dragonite\n|-singleturn|p2b: Dragonite|Protect\n|move|p2a: Forretress|Protect|p2a: Forretress\n|-singleturn|p2a: Forretress|Protect\n|move|p1a: Incineroar|Fake Out|p2b: Dragonite\n|-activate|p2b: Dragonite|move: Protect\n|move|p1b: Aggron|Body Press|p2a: Forretress\n|-activate|p2a: Forretress|move: Protect\n|\n|-heal|p2b: Dragonite|95/100|[from] item: Leftovers\n|-damage|p1a: Incineroar|52/100 tox|[from] psn\n|upkeep\n|turn|10\n|\n|t:|1776201909\n|move|p1b: Aggron|Protect|p1b: Aggron\n|-singleturn|p1b: Aggron|Protect\n|move|p2b: Dragonite|Low Kick|p1a: Incineroar\n|-supereffective|p1a: Incineroar|1\n|-damage|p1a: Incineroar|12/100 tox\n|move|p1a: Incineroar|Will-O-Wisp|p2b: Dragonite\n|-status|p2b: Dragonite|brn\n|move|p2a: Forretress|Hard Press|p1a: Incineroar\n|-resisted|p1a: Incineroar|1\n|-damage|p1a: Incineroar|11/100 tox\n|\n|-heal|p2b: Dragonite|100/100 brn|[from] item: Leftovers\n|-damage|p1a: Incineroar|0 fnt|[from] psn\n|faint|p1a: Incineroar\n|-damage|p2b: Dragonite|94/100 brn|[from] brn\n|upkeep\n|\n|t:|1776201924\n|switch|p1a: Alakazam|Alakazam, L50, F|27/100\n|-status|p1a: Alakazam|tox\n|-damage|p1a: Alakazam|14/100 tox|[from] Stealth Rock\n|turn|11\n|\n|t:|1776201935\n|move|p2b: Dragonite|Protect|p2b: Dragonite\n|-singleturn|p2b: Dragonite|Protect\n|move|p2a: Forretress|Protect|p2a: Forretress\n|-singleturn|p2a: Forretress|Protect\n|move|p1a: Alakazam|Speed Swap|p1b: Aggron\n|-activate|p1a: Alakazam|move: Speed Swap|[of] p1b: Aggron\n|move|p1b: Aggron|Iron Defense|p1b: Aggron\n|-boost|p1b: Aggron|def|2\n|\n|-heal|p2b: Dragonite|100/100 brn|[from] item: Leftovers\n|-damage|p1a: Alakazam|8/100 tox|[from] psn\n|-damage|p2b: Dragonite|94/100 brn|[from] brn\n|upkeep\n|turn|12\n|\n|t:|1776201959\n|move|p1b: Aggron|Body Press|p2a: Forretress\n|-damage|p2a: Forretress|30/100\n|move|p2b: Dragonite|Low Kick|p1b: Aggron\n|-supereffective|p1b: Aggron|1\n|-damage|p1b: Aggron|52/100\n|move|p1a: Alakazam|Taunt|p2b: Dragonite\n|-start|p2b: Dragonite|move: Taunt\n|move|p2a: Forretress|Hard Press|p1b: Aggron\n|-resisted|p1b: Aggron|1\n|-damage|p1b: Aggron|51/100\n|\n|-heal|p2b: Dragonite|100/100 brn|[from] item: Leftovers\n|-damage|p1a: Alakazam|0 fnt|[from] psn\n|faint|p1a: Alakazam\n|-damage|p2b: Dragonite|94/100 brn|[from] brn\n|upkeep\n|turn|13\n|\n|t:|1776201985\n|move|p1b: Aggron|Body Press|p2a: Forretress\n|-damage|p2a: Forretress|0 fnt\n|faint|p2a: Forretress\n|move|p2b: Dragonite|Low Kick|p1b: Aggron\n|-supereffective|p1b: Aggron|1\n|-damage|p1b: Aggron|46/100\n|\n|-heal|p2b: Dragonite|100/100 brn|[from] item: Leftovers\n|-damage|p2b: Dragonite|94/100 brn|[from] brn\n|upkeep\n|\n|t:|1776201995\n|switch|p2a: Basculegion|Basculegion, L50, M|100/100\n|turn|14\n|\n|t:|1776202003\n|move|p2a: Basculegion|Last Respects|p1b: Aggron\n|-damage|p1b: Aggron|21/100\n|move|p1b: Aggron|Heavy Slam|p2a: Basculegion\n|-resisted|p2a: Basculegion|1\n|-damage|p2a: Basculegion|79/100\n|move|p2b: Dragonite|Low Kick|p1b: Aggron\n|-supereffective|p1b: Aggron|1\n|-damage|p1b: Aggron|15/100\n|\n|-heal|p2b: Dragonite|100/100 brn|[from] item: Leftovers\n|-damage|p2b: Dragonite|94/100 brn|[from] brn\n|upkeep\n|turn|15\n|\n|t:|1776202014\n|move|p1b: Aggron|Protect|p1b: Aggron\n|-singleturn|p1b: Aggron|Protect\n|move|p2a: Basculegion|Last Respects|p1b: Aggron\n|-activate|p1b: Aggron|move: Protect\n|move|p2b: Dragonite|Low Kick|p1b: Aggron\n|-activate|p1b: Aggron|move: Protect\n|\n|-heal|p2b: Dragonite|100/100 brn|[from] item: Leftovers\n|-damage|p2b: Dragonite|94/100 brn|[from] brn\n|-end|p2b: Dragonite|move: Taunt\n|upkeep\n|turn|16\n|\n|t:|1776202027\n|move|p2a: Basculegion|Last Respects|p1b: Aggron\n|-damage|p1b: Aggron|0 fnt\n|faint|p1b: Aggron\n|\n|win|Pigcosmos\n|raw|tropicalasscheeks's rating: 1109 &rarr; <strong>1081</strong><br />(-28 for losing)\n|raw|Pigcosmos's rating: 1069 &rarr; <strong>1102</strong><br />(+33 for winning)\n|c|\u2606Pigcosmos|gg\n|c|\u2606tropicalasscheeks|gg\n|l|\u2606tropicalasscheeks\n|player|p1|\n",
  "uploadtime": 1776202166,
  "views": 16,
  "formatid": "gen9championsvgc2026regma",
  "rating": 1081,
  "private": 0,
  "password": null
}