{
  "id": "gen9championsvgc2026regma-2586683301",
  "format": "[Gen 9 Champions] VGC 2026 Reg M-A",
  "players": [
    "TestingAHHH",
    "JustWukong"
  ],
  "log": "|j|\u2606TestingAHHH\n|j|\u2606JustWukong\n|t:|1776451915\n|gametype|doubles\n|player|p1|TestingAHHH|1|1103\n|player|p2|JustWukong|elesa|1160\n|gen|9\n|tier|[Gen 9 Champions] VGC 2026 Reg M-A\n|rated|\n|rule|Species Clause: Limit one of each Pok\u00e9mon\n|rule|Item Clause: Limit 1 of each item\n|clearpoke\n|poke|p1|Starmie, L50|\n|poke|p1|Sinistcha, L50|\n|poke|p1|Pelipper, L50, F|\n|poke|p1|Incineroar, L50, F|\n|poke|p1|Garchomp, L50, M|\n|poke|p1|Kingambit, L50, F|\n|poke|p2|Whimsicott, L50, F|\n|poke|p2|Sneasler, L50, M|\n|poke|p2|Vanilluxe, L50, M|\n|poke|p2|Gengar, L50, F|\n|poke|p2|Basculegion, L50, M|\n|poke|p2|Decidueye-Hisui, L50, M|\n|teampreview|4\n|inactive|Battle timer is ON: inactive players will automatically lose when time's up. (requested by JustWukong)\n|inactive|TestingAHHH has 60 seconds left.\n|inactive|JustWukong has 60 seconds left.\n|inactive|TestingAHHH has 30 seconds left.\n|\n|t:|1776451979\n|teamsize|p1|4\n|teamsize|p2|4\n|start\n|switch|p1a: Garchomp|Garchomp, L50, M|100/100\n|switch|p1b: Pelipper|Pelipper, L50, F|100/100\n|switch|p2a: THE DESTROYER|Whimsicott, L50, F|100/100\n|switch|p2b: Furry Suit|Sneasler, L50, M|100/100\n|-weather|RainDance|[from] ability: Drizzle|[of] p1b: Pelipper\n|turn|1\n|\n|t:|1776452000\n|switch|p2b: The GOAT|Vanilluxe, L50, M|100/100\n|-weather|Snowscape|[from] ability: Snow Warning|[of] p2b: The GOAT\n|move|p2a: THE DESTROYER|Taunt|p1b: Pelipper\n|-start|p1b: Pelipper|move: Taunt\n|move|p1a: Garchomp|Earthquake|p2a: THE DESTROYER|[spread] p2a,p2b\n|-immune|p1b: Pelipper\n|-resisted|p2a: THE DESTROYER|1\n|-damage|p2a: THE DESTROYER|72/100\n|-damage|p2b: The GOAT|65/100\n|move|p1b: Pelipper|Hurricane|p2b: The GOAT|[miss]\n|-miss|p1b: Pelipper|p2b: The GOAT\n|\n|-weather|Snowscape|[upkeep]\n|upkeep\n|turn|2\n|\n|t:|1776452020\n|move|p1a: Garchomp|Protect|p1a: Garchomp\n|-singleturn|p1a: Garchomp|Protect\n|move|p2a: THE DESTROYER|Tailwind|p2a: THE DESTROYER\n|-sidestart|p2: JustWukong|move: Tailwind\n|move|p2b: The GOAT|Blizzard|p1b: Pelipper|[spread] p1b\n|-activate|p1a: Garchomp|move: Protect\n|-damage|p1b: Pelipper|9/100\n|move|p1b: Pelipper|Weather Ball|p2a: THE DESTROYER\n|-supereffective|p2a: THE DESTROYER|1\n|-damage|p2a: THE DESTROYER|0 fnt\n|faint|p2a: THE DESTROYER\n|\n|-weather|Snowscape|[upkeep]\n|-heal|p1b: Pelipper|15/100|[from] item: Leftovers\n|upkeep\n|\n|t:|1776452034\n|switch|p2a: Robin Hood|Decidueye-Hisui, L50, M|100/100\n|turn|3\n|inactive|TestingAHHH has 30 seconds left.\n|inactive|TestingAHHH has 20 seconds left.\n|inactive|TestingAHHH has 15 seconds left.\n|inactive|TestingAHHH has 10 seconds left.\n|inactive|TestingAHHH has 5 seconds left.\n|\n|t:|1776452087\n|switch|p1a: Starmie|Starmie, L50|100/100\n|move|p2a: Robin Hood|Triple Arrows|p1a: Starmie\n|-resisted|p1a: Starmie|1\n|-damage|p1a: Starmie|68/100\n|-unboost|p1a: Starmie|def|1\n|move|p2b: The GOAT|Blizzard|p1a: Starmie|[spread] p1a,p1b\n|-resisted|p1a: Starmie|1\n|-damage|p1a: Starmie|33/100\n|-damage|p1b: Pelipper|0 fnt\n|faint|p1b: Pelipper\n|\n|-weather|Snowscape|[upkeep]\n|upkeep\n|\n|t:|1776452104\n|switch|p1b: Kingambit|Kingambit, L50, F|100/100\n|turn|4\n|\n|t:|1776452118\n|detailschange|p1a: Starmie|Starmie-Mega, L50\n|-mega|p1a: Starmie|Starmie|Starminite\n|move|p1a: Starmie|Protect|p1a: Starmie\n|-singleturn|p1a: Starmie|Protect\n|move|p1b: Kingambit|Protect|p1b: Kingambit\n|-singleturn|p1b: Kingambit|Protect\n|move|p2a: Robin Hood|Triple Arrows|p1b: Kingambit\n|-activate|p1b: Kingambit|move: Protect\n|move|p2b: The GOAT|Aurora Veil|p2b: The GOAT\n|-sidestart|p2: JustWukong|move: Aurora Veil\n|\n|-weather|Snowscape|[upkeep]\n|upkeep\n|turn|5\n|inactive|TestingAHHH has 30 seconds left.\n|inactive|TestingAHHH has 20 seconds left.\n|inactive|TestingAHHH has 15 seconds left.\n|inactive|TestingAHHH has 10 seconds left.\n|\n|t:|1776452165\n|switch|p1a: Garchomp|Garchomp, L50, M|100/100\n|move|p1b: Kingambit|Sucker Punch|p2b: The GOAT\n|-damage|p2b: The GOAT|37/100\n|move|p2a: Robin Hood|Triple Arrows|p1b: Kingambit\n|-supereffective|p1b: Kingambit|2\n|-damage|p1b: Kingambit|0 fnt\n|faint|p1b: Kingambit\n|move|p2b: The GOAT|Blizzard|p1a: Garchomp\n|-supereffective|p1a: Garchomp|2\n|-enditem|p1a: Garchomp|Focus Sash\n|-damage|p1a: Garchomp|1/100\n|\n|-weather|none\n|-sideend|p2: JustWukong|move: Tailwind\n|upkeep\n|\n|t:|1776452173\n|switch|p1b: Starmie|Starmie-Mega, L50|33/100\n|turn|6\n|\n|t:|1776452194\n|move|p1b: Starmie|Psycho Cut|p2a: Robin Hood\n|-supereffective|p2a: Robin Hood|1\n|-damage|p2a: Robin Hood|0 fnt\n|faint|p2a: Robin Hood\n|move|p1a: Garchomp|Dragon Claw|p2b: The GOAT\n|-damage|p2b: The GOAT|0 fnt\n|faint|p2b: The GOAT\n|\n|upkeep\n|\n|t:|1776452204\n|switch|p2a: Furry Suit|Sneasler, L50, M|100/100\n|turn|7\n|\n|t:|1776452220\n|move|p1b: Starmie|Protect|p1b: Starmie\n|-singleturn|p1b: Starmie|Protect\n|move|p2a: Furry Suit|Protect|p2a: Furry Suit\n|-singleturn|p2a: Furry Suit|Protect\n|move|p1a: Garchomp|Protect||[still]\n|-fail|p1a: Garchomp\n|\n|upkeep\n|turn|8\n|\n|t:|1776452235\n|move|p1b: Starmie|Psycho Cut|p2a: Furry Suit\n|-supereffective|p2a: Furry Suit|2\n|-damage|p2a: Furry Suit|0 fnt\n|faint|p2a: Furry Suit\n|\n|win|TestingAHHH\n|raw|TestingAHHH's rating: 1103 &rarr; <strong>1132</strong><br />(+29 for winning)\n|raw|JustWukong's rating: 1160 &rarr; <strong>1131</strong><br />(-29 for losing)\n|l|\u2606TestingAHHH\n|player|p1|\n",
  "uploadtime": 1776452459,
  "views": 31,
  "formatid": "gen9championsvgc2026regma",
  "rating": 1131,
  "private": 0,
  "password": null
}