{
  "id": "gen9championsvgc2026regma-2584825583",
  "format": "[Gen 9 Champions] VGC 2026 Reg M-A",
  "players": [
    "1%ofGamblers",
    "jyotsha"
  ],
  "log": "|j|\u26061%ofGamblers\n|j|\u2606jyotsha\n|t:|1776286553\n|gametype|doubles\n|player|p1|1%ofGamblers|170|1143\n|player|p2|jyotsha|101|1240\n|gen|9\n|tier|[Gen 9 Champions] VGC 2026 Reg M-A\n|rated|\n|rule|Species Clause: Limit one of each Pok\u00e9mon\n|rule|Item Clause: Limit 1 of each item\n|clearpoke\n|poke|p1|Hatterene, L50, F|\n|poke|p1|Farigiraf, L50, F|\n|poke|p1|Sinistcha, L50|\n|poke|p1|Crabominable, L50, F|\n|poke|p1|Ninetales-Alola, L50, F|\n|poke|p1|Glimmora, L50, F|\n|poke|p2|Primarina, L50, M|\n|poke|p2|Sinistcha, L50|\n|poke|p2|Sableye, L50, M|\n|poke|p2|Basculegion, L50, M|\n|poke|p2|Charizard, L50, F|\n|poke|p2|Incineroar, L50, F|\n|teampreview|4\n|inactive|Battle timer is ON: inactive players will automatically lose when time's up. (requested by jyotsha)\n|inactive|jyotsha has 60 seconds left.\n|\n|t:|1776286589\n|teamsize|p1|4\n|teamsize|p2|4\n|start\n|switch|p1a: Hatterene|Hatterene, L50, F|100/100\n|switch|p1b: Farigiraf|Farigiraf, L50, F|100/100\n|switch|p2a: Basculegion|Basculegion, L50, M|100/100\n|switch|p2b: Primarina|Primarina, L50, M|100/100\n|turn|1\n|\n|t:|1776286603\n|move|p1b: Farigiraf|Ally Switch|p1b: Farigiraf\n|swap|p1b: Farigiraf|0|[from] move: Ally Switch\n|move|p2a: Basculegion|Flip Turn|p1b: Hatterene\n|-damage|p1b: Hatterene|61/100\n|\n|t:|1776286608\n|switch|p2a: Incineroar|Incineroar, L50, F|100/100|[from] Flip Turn\n|-ability|p2a: Incineroar|Intimidate|boost\n|-unboost|p1a: Farigiraf|atk|1\n|-unboost|p1b: Hatterene|atk|1\n|move|p2b: Primarina|Calm Mind|p2b: Primarina\n|-boost|p2b: Primarina|spa|1\n|-boost|p2b: Primarina|spd|1\n|move|p1b: Hatterene|Trick Room|p1b: Hatterene\n|-fieldstart|move: Trick Room|[of] p1b: Hatterene\n|\n|upkeep\n|turn|2\n|\n|t:|1776286630\n|move|p1a: Farigiraf|Helping Hand|p1b: Hatterene\n|-singleturn|p1b: Hatterene|Helping Hand|[of] p1a: Farigiraf\n|move|p1b: Hatterene|Dazzling Gleam|p2b: Primarina|[spread] p2a,p2b\n|-damage|p2a: Incineroar|38/100\n|-damage|p2b: Primarina|65/100\n|move|p2a: Incineroar|Parting Shot|p1a: Farigiraf\n|-unboost|p1a: Farigiraf|atk|1\n|-unboost|p1a: Farigiraf|spa|1\n|\n|t:|1776286639\n|switch|p2a: Sinistcha|Sinistcha, L50|100/100|[from] Parting Shot\n|-heal|p2b: Primarina|90/100|[from] ability: Hospitality|[of] p2a: Sinistcha\n|move|p2b: Primarina|Calm Mind|p2b: Primarina\n|-boost|p2b: Primarina|spa|1\n|-boost|p2b: Primarina|spd|1\n|\n|-heal|p2b: Primarina|96/100|[from] item: Leftovers\n|upkeep\n|turn|3\n|\n|t:|1776286662\n|switch|p1a: Ninetales|Ninetales-Alola, L50, F|100/100\n|-weather|Snowscape|[from] ability: Snow Warning|[of] p1a: Ninetales\n|move|p1b: Hatterene|Healing Wish|p1b: Hatterene\n|faint|p1b: Hatterene\n|move|p2b: Primarina|Calm Mind|p2b: Primarina\n|-boost|p2b: Primarina|spa|1\n|-boost|p2b: Primarina|spd|1\n|move|p2a: Sinistcha|Life Dew||[still]|[spread] p2a,p2b\n|-fail|p2a: Sinistcha|heal\n|-heal|p2b: Primarina|100/100\n|\n|-weather|Snowscape|[upkeep]\n|upkeep\n|\n|t:|1776286673\n|switch|p1b: Crabominable|Crabominable, L50, F|100/100\n|turn|4\n|\n|t:|1776286683\n|switch|p2a: Basculegion|Basculegion, L50, M|100/100\n|detailschange|p1b: Crabominable|Crabominable-Mega, L50, F\n|-mega|p1b: Crabominable|Crabominable|Crabominite\n|move|p2b: Primarina|Protect|p2b: Primarina\n|-singleturn|p2b: Primarina|Protect\n|move|p1b: Crabominable|Thunder Punch|p2b: Primarina\n|-activate|p2b: Primarina|move: Protect\n|move|p1a: Ninetales|Blizzard|p2b: Primarina|[spread] p2a\n|-activate|p2b: Primarina|move: Protect\n|-resisted|p2a: Basculegion|1\n|-damage|p2a: Basculegion|81/100\n|\n|-weather|Snowscape|[upkeep]\n|upkeep\n|turn|5\n|inactive|jyotsha has 30 seconds left.\n|\n|t:|1776286711\n|switch|p2a: Incineroar|Incineroar, L50, F|38/100\n|-ability|p2a: Incineroar|Intimidate|boost\n|-unboost|p1a: Ninetales|atk|1\n|-unboost|p1b: Crabominable|atk|1\n|move|p1b: Crabominable|Thunder Punch|p2b: Primarina\n|-supereffective|p2b: Primarina|1\n|-damage|p2b: Primarina|60/100\n|move|p2b: Primarina|Hyper Voice|p1a: Ninetales|[spread] p1a,p1b\n|-damage|p1a: Ninetales|34/100\n|-damage|p1b: Crabominable|42/100\n|move|p1a: Ninetales|Freeze-Dry|p2a: Incineroar\n|-resisted|p2a: Incineroar|1\n|-damage|p2a: Incineroar|24/100\n|\n|-weather|Snowscape|[upkeep]\n|-heal|p2b: Primarina|66/100|[from] item: Leftovers\n|-fieldend|move: Trick Room\n|upkeep\n|turn|6\n|\n|t:|1776286731\n|switch|p1b: Farigiraf|Farigiraf, L50, F|100/100\n|move|p1a: Ninetales|Freeze-Dry|p2b: Primarina\n|-supereffective|p2b: Primarina|1\n|-damage|p2b: Primarina|45/100\n|move|p2b: Primarina|Hyper Voice|p1b: Farigiraf|[spread] p1a,p1b\n|-crit|p1a: Ninetales\n|-damage|p1a: Ninetales|0 fnt\n|-damage|p1b: Farigiraf|33/100\n|faint|p1a: Ninetales\n|move|p2a: Incineroar|Parting Shot|p1b: Farigiraf\n|-unboost|p1b: Farigiraf|atk|1\n|-unboost|p1b: Farigiraf|spa|1\n|\n|t:|1776286742\n|switch|p2a: Sinistcha|Sinistcha, L50|100/100|[from] Parting Shot\n|-heal|p2b: Primarina|70/100|[from] ability: Hospitality|[of] p2a: Sinistcha\n|\n|-weather|Snowscape|[upkeep]\n|-heal|p2b: Primarina|76/100|[from] item: Leftovers\n|upkeep\n|-message|1%ofGamblers forfeited.\n|\n|win|jyotsha\n|raw|1%ofGamblers's rating: 1143 &rarr; <strong>1125</strong><br />(-18 for losing)\n|raw|jyotsha's rating: 1240 &rarr; <strong>1258</strong><br />(+18 for winning)\n",
  "uploadtime": 1776286750,
  "views": 19,
  "formatid": "gen9championsvgc2026regma",
  "rating": 1125,
  "private": 0,
  "password": null
}