{
  "id": "gen9championsvgc2026regma-2586903202",
  "format": "[Gen 9 Champions] VGC 2026 Reg M-A",
  "players": [
    "2sweep4u",
    "LvisTempest"
  ],
  "log": "|j|\u26062sweep4u\n|j|\u2606LvisTempest\n|t:|1776470232\n|gametype|doubles\n|player|p1|2sweep4u|unknownf|1076\n|player|p2|LvisTempest|silver|1080\n|gen|9\n|tier|[Gen 9 Champions] VGC 2026 Reg M-A\n|rated|\n|rule|Species Clause: Limit one of each Pok\u00e9mon\n|rule|Item Clause: Limit 1 of each item\n|clearpoke\n|poke|p1|Charizard, L50, M|\n|poke|p1|Incineroar, L50, M|\n|poke|p1|Whimsicott, L50, F|\n|poke|p1|Farigiraf, L50, M|\n|poke|p1|Sinistcha-Masterpiece, L50|\n|poke|p1|Dragapult, L50, F|\n|poke|p2|Raichu, L50, M|\n|poke|p2|Feraligatr, L50, M|\n|poke|p2|Pelipper, L50, M|\n|poke|p2|Sinistcha, L50|\n|poke|p2|Sableye, L50, M|\n|poke|p2|Serperior, L50, F|\n|teampreview|4\n|\n|t:|1776470273\n|teamsize|p1|4\n|teamsize|p2|4\n|start\n|switch|p1a: Whimsicott|Whimsicott, L50, F|100/100\n|switch|p1b: Charizard|Charizard, L50, M|100/100\n|switch|p2a: Feraligatr|Feraligatr, L50, M, shiny|100/100\n|switch|p2b: Pelipper|Pelipper, L50, M|100/100\n|-weather|RainDance|[from] ability: Drizzle|[of] p2b: Pelipper\n|turn|1\n|inactive|Battle timer is ON: inactive players will automatically lose when time's up. (requested by 2sweep4u)\n|\n|t:|1776470303\n|detailschange|p1b: Charizard|Charizard-Mega-Y, L50, M\n|-mega|p1b: Charizard|Charizard|Charizardite Y\n|-weather|SunnyDay|[from] ability: Drought|[of] p1b: Charizard\n|detailschange|p2a: Feraligatr|Feraligatr-Mega, L50, M, shiny\n|-mega|p2a: Feraligatr|Feraligatr|Feraligite\n|move|p1a: Whimsicott|Tailwind|p1a: Whimsicott\n|-sidestart|p1: 2sweep4u|move: Tailwind\n|move|p1b: Charizard|Solar Beam||[still]\n|-prepare|p1b: Charizard|Solar Beam\n|-anim|p1b: Charizard|Solar Beam|p2a: Feraligatr\n|-damage|p2a: Feraligatr|47/100\n|move|p2a: Feraligatr|Iron Tail|p1a: Whimsicott\n|-supereffective|p1a: Whimsicott|1\n|-damage|p1a: Whimsicott|27/100\n|move|p2b: Pelipper|Weather Ball|p1a: Whimsicott\n|-supereffective|p1a: Whimsicott|1\n|-crit|p1a: Whimsicott\n|-damage|p1a: Whimsicott|0 fnt\n|faint|p1a: Whimsicott\n|\n|-weather|SunnyDay|[upkeep]\n|upkeep\n|\n|t:|1776470319\n|switch|p1a: Incineroar|Incineroar, L50, M|100/100\n|-ability|p1a: Incineroar|Intimidate|boost\n|-unboost|p2a: Feraligatr|atk|1\n|-unboost|p2b: Pelipper|atk|1\n|turn|2\n|\n|t:|1776470341\n|switch|p2b: Sableye|Sableye, L50, M|100/100\n|move|p2a: Feraligatr|Protect|p2a: Feraligatr\n|-singleturn|p2a: Feraligatr|Protect\n|move|p1b: Charizard|Solar Beam||[still]\n|-prepare|p1b: Charizard|Solar Beam\n|-anim|p1b: Charizard|Solar Beam|p2a: Feraligatr\n|-activate|p2a: Feraligatr|move: Protect\n|move|p1a: Incineroar|Parting Shot|p2b: Sableye\n|-unboost|p2b: Sableye|atk|1\n|-unboost|p2b: Sableye|spa|1\n|\n|t:|1776470347\n|switch|p1a: Julia Wolf|Farigiraf, L50, M|100/100|[from] Parting Shot\n|\n|-weather|SunnyDay|[upkeep]\n|upkeep\n|turn|3\n|\n|t:|1776470360\n|switch|p1b: Incineroar|Incineroar, L50, M|100/100\n|-ability|p1b: Incineroar|Intimidate|boost\n|-unboost|p2a: Feraligatr|atk|1\n|-unboost|p2b: Sableye|atk|1\n|switch|p2a: Pelipper|Pelipper, L50, M|100/100\n|-weather|RainDance|[from] ability: Drizzle|[of] p2a: Pelipper\n|move|p1a: Julia Wolf|Dazzling Gleam|p2b: Sableye|[spread] p2a,p2b\n|-supereffective|p2b: Sableye|1\n|-damage|p2a: Pelipper|77/100\n|-damage|p2b: Sableye|55/100\n|move|p2b: Sableye|Knock Off|p1a: Julia Wolf\n|-supereffective|p1a: Julia Wolf|1\n|-damage|p1a: Julia Wolf|68/100\n|-enditem|p1a: Julia Wolf|Sitrus Berry|[from] move: Knock Off|[of] p2b: Sableye\n|\n|-weather|RainDance|[upkeep]\n|upkeep\n|turn|4\n|\n|t:|1776470380\n|move|p1b: Incineroar|Fake Out|p2a: Pelipper\n|-damage|p2a: Pelipper|69/100\n|move|p1a: Julia Wolf|Dazzling Gleam|p2b: Sableye|[spread] p2a,p2b\n|-supereffective|p2b: Sableye|1\n|-damage|p2a: Pelipper|46/100\n|-damage|p2b: Sableye|4/100\n|-enditem|p2b: Sableye|Sitrus Berry|[eat]\n|-heal|p2b: Sableye|29/100|[from] item: Sitrus Berry\n|cant|p2a: Pelipper|flinch\n|move|p2b: Sableye|Knock Off|p1b: Incineroar\n|-resisted|p1b: Incineroar|1\n|-damage|p1b: Incineroar|93/100\n|-enditem|p1b: Incineroar|Shuca Berry|[from] move: Knock Off|[of] p2b: Sableye\n|\n|-weather|RainDance|[upkeep]\n|-sideend|p1: 2sweep4u|move: Tailwind\n|upkeep\n|turn|5\n|\n|t:|1776470403\n|switch|p1b: Charizard|Charizard-Mega-Y, L50, M|100/100\n|-weather|SunnyDay|[from] ability: Drought|[of] p1b: Charizard\n|move|p1a: Julia Wolf|Ally Switch|p1a: Julia Wolf\n|swap|p1a: Julia Wolf|1|[from] move: Ally Switch\n|move|p2a: Pelipper|Tailwind|p2a: Pelipper\n|-sidestart|p2: LvisTempest|move: Tailwind\n|move|p2b: Sableye|Knock Off|p1a: Charizard\n|-damage|p1a: Charizard|81/100\n|\n|-weather|SunnyDay|[upkeep]\n|upkeep\n|turn|6\n|\n|t:|1776470418\n|switch|p2a: Raichu|Raichu, L50, M, shiny|100/100\n|move|p1b: Julia Wolf|Ally Switch||[still]\n|-fail|p1b: Julia Wolf\n|move|p1a: Charizard|Heat Wave|p2a: Raichu|[spread] p2a,p2b\n|-damage|p2a: Raichu|2/100\n|-damage|p2b: Sableye|0 fnt\n|faint|p2b: Sableye\n|\n|-weather|SunnyDay|[upkeep]\n|upkeep\n|\n|t:|1776470425\n|switch|p2b: Pelipper|Pelipper, L50, M|46/100\n|-weather|RainDance|[from] ability: Drizzle|[of] p2b: Pelipper\n|turn|7\n|\n|t:|1776470438\n|move|p1a: Charizard|Protect|p1a: Charizard\n|-singleturn|p1a: Charizard|Protect\n|move|p2a: Raichu|Thunder|p1a: Charizard\n|-activate|p1a: Charizard|move: Protect\n|move|p2b: Pelipper|Weather Ball|p1b: Julia Wolf\n|-damage|p1b: Julia Wolf|15/100\n|move|p1b: Julia Wolf|Dazzling Gleam|p2b: Pelipper|[spread] p2a,p2b\n|-damage|p2a: Raichu|0 fnt\n|-damage|p2b: Pelipper|21/100\n|faint|p2a: Raichu\n|\n|-weather|RainDance|[upkeep]\n|upkeep\n|\n|t:|1776470442\n|switch|p2a: Feraligatr|Feraligatr-Mega, L50, M, shiny|47/100\n|turn|8\n|\n|t:|1776470456\n|switch|p1a: Incineroar|Incineroar, L50, M|93/100\n|-ability|p1a: Incineroar|Intimidate|boost\n|-unboost|p2a: Feraligatr|atk|1\n|-unboost|p2b: Pelipper|atk|1\n|move|p1b: Julia Wolf|Ally Switch|p1b: Julia Wolf\n|swap|p1b: Julia Wolf|0|[from] move: Ally Switch\n|move|p2a: Feraligatr|Liquidation|p1a: Julia Wolf\n|-damage|p1a: Julia Wolf|0 fnt\n|faint|p1a: Julia Wolf\n|move|p2b: Pelipper|Weather Ball|p1b: Incineroar\n|-supereffective|p1b: Incineroar|1\n|-damage|p1b: Incineroar|7/100\n|\n|-weather|RainDance|[upkeep]\n|-sideend|p2: LvisTempest|move: Tailwind\n|upkeep\n|\n|t:|1776470467\n|switch|p1a: Charizard|Charizard-Mega-Y, L50, M|81/100\n|-weather|SunnyDay|[from] ability: Drought|[of] p1a: Charizard\n|turn|9\n|\n|t:|1776470485\n|move|p2a: Feraligatr|Protect|p2a: Feraligatr\n|-singleturn|p2a: Feraligatr|Protect\n|move|p1b: Incineroar|Fake Out|p2a: Feraligatr\n|-activate|p2a: Feraligatr|move: Protect\n|move|p1a: Charizard|Solar Beam||[still]\n|-prepare|p1a: Charizard|Solar Beam\n|-anim|p1a: Charizard|Solar Beam|p2b: Pelipper\n|-damage|p2b: Pelipper|0 fnt\n|faint|p2b: Pelipper\n|\n|-weather|SunnyDay|[upkeep]\n|upkeep\n|turn|10\n|-message|LvisTempest forfeited.\n|\n|win|2sweep4u\n|raw|2sweep4u's rating: 1076 &rarr; <strong>1105</strong><br />(+29 for winning)\n|raw|LvisTempest's rating: 1080 &rarr; <strong>1058</strong><br />(-22 for losing)\n",
  "uploadtime": 1776470493,
  "views": 20,
  "formatid": "gen9championsvgc2026regma",
  "rating": 1058,
  "private": 0,
  "password": null
}