{
  "id": "gen9championsvgc2026regma-2584419002",
  "format": "[Gen 9 Champions] VGC 2026 Reg M-A",
  "players": [
    "smp on whimsicott",
    "komomomo"
  ],
  "log": "|j|\u2606smp on whimsicott\n|j|\u2606komomomo\n|t:|1776259516\n|gametype|doubles\n|player|p1|smp on whimsicott|artist-gen4|1383\n|player|p2|komomomo|1|1283\n|gen|9\n|tier|[Gen 9 Champions] VGC 2026 Reg M-A\n|rated|\n|rule|Species Clause: Limit one of each Pok\u00e9mon\n|rule|Item Clause: Limit 1 of each item\n|clearpoke\n|poke|p1|Arcanine, L50, F|\n|poke|p1|Venusaur, L50, M|\n|poke|p1|Sneasler, L50, F|\n|poke|p1|Rotom-Wash, L50|\n|poke|p1|Garchomp, L50, F|\n|poke|p1|Corviknight, L50, M|\n|poke|p2|Floette-Eternal, L50, F|\n|poke|p2|Maushold-Four, L50|\n|poke|p2|Garchomp, L50, M|\n|poke|p2|Talonflame, L50, F|\n|poke|p2|Rotom-Wash, L50|\n|poke|p2|Aegislash, L50, F|\n|teampreview|4\n|\n|t:|1776259546\n|teamsize|p1|4\n|teamsize|p2|4\n|start\n|switch|p1a: Rotom|Rotom-Wash, L50|100/100\n|switch|p1b: Sneasler|Sneasler, L50, F|100/100\n|switch|p2a: Talonflame|Talonflame, L50, F|100/100\n|switch|p2b: Floette|Floette-Eternal, L50, F|100/100\n|turn|1\n|\n|t:|1776259561\n|switch|p1a: Corviknight|Corviknight, L50, M|100/100\n|detailschange|p2b: Floette|Floette-Mega, L50, F\n|-mega|p2b: Floette|Floette|Floettite\n|-ability|p2b: Floette|Fairy Aura\n|move|p2a: Talonflame|Protect|p2a: Talonflame\n|-singleturn|p2a: Talonflame|Protect\n|move|p2b: Floette|Protect|p2b: Floette\n|-singleturn|p2b: Floette|Protect\n|move|p1b: Sneasler|Coaching|p1a: Corviknight\n|-boost|p1a: Corviknight|atk|1\n|-boost|p1a: Corviknight|def|1\n|\n|upkeep\n|turn|2\n|c|\u2606komomomo|damn\n|\n|t:|1776259583\n|switch|p1b: Rotom|Rotom-Wash, L50|100/100\n|move|p2a: Talonflame|Acrobatics|p1b: Rotom\n|-resisted|p1b: Rotom|1\n|-crit|p1b: Rotom\n|-damage|p1b: Rotom|67/100\n|move|p2b: Floette|Calm Mind|p2b: Floette\n|-boost|p2b: Floette|spa|1\n|-boost|p2b: Floette|spd|1\n|move|p1a: Corviknight|Brave Bird|p2b: Floette\n|-crit|p2b: Floette\n|-damage|p2b: Floette|0 fnt\n|faint|p2b: Floette\n|-damage|p1a: Corviknight|69/100|[from] Recoil\n|\n|-heal|p1a: Corviknight|75/100|[from] item: Leftovers\n|upkeep\n|c|\u2606komomomo|damn...\n|\n|t:|1776259600\n|switch|p2b: Rotom|Rotom-Wash, L50|100/100\n|turn|3\n|\n|t:|1776259620\n|move|p2a: Talonflame|Tailwind|p2a: Talonflame\n|-sidestart|p2: komomomo|move: Tailwind\n|move|p2b: Rotom|Thunderbolt|p1a: Corviknight\n|-supereffective|p1a: Corviknight|1\n|-damage|p1a: Corviknight|3/100\n|move|p1b: Rotom|Electroweb|p2a: Talonflame|[spread] p2a,p2b\n|-supereffective|p2a: Talonflame|1\n|-crit|p2a: Talonflame\n|-damage|p2a: Talonflame|30/100\n|-damage|p2b: Rotom|81/100\n|-unboost|p2a: Talonflame|spe|1\n|-unboost|p2b: Rotom|spe|1\n|move|p1a: Corviknight|Tailwind|p1a: Corviknight\n|-sidestart|p1: smp on whimsicott|move: Tailwind\n|\n|-heal|p1a: Corviknight|9/100|[from] item: Leftovers\n|upkeep\n|turn|4\n|\n|t:|1776259641\n|move|p2a: Talonflame|Protect|p2a: Talonflame\n|-singleturn|p2a: Talonflame|Protect\n|move|p1b: Rotom|Electroweb|p2b: Rotom|[spread] p2b\n|-activate|p2a: Talonflame|move: Protect\n|-damage|p2b: Rotom|62/100\n|-unboost|p2b: Rotom|spe|1\n|move|p1a: Corviknight|Brave Bird|p2b: Rotom\n|-resisted|p2b: Rotom|1\n|-damage|p2b: Rotom|25/100\n|-enditem|p2b: Rotom|Sitrus Berry|[eat]\n|-heal|p2b: Rotom|50/100|[from] item: Sitrus Berry\n|-damage|p1a: Corviknight|0 fnt|[from] Recoil\n|faint|p1a: Corviknight\n|move|p2b: Rotom|Volt Switch|p1b: Rotom\n|-damage|p1b: Rotom|29/100\n|\n|t:|1776259656\n|switch|p2b: Garchomp|Garchomp, L50, M|100/100|[from] Volt Switch\n|\n|upkeep\n|\n|t:|1776259669\n|switch|p1a: Venusaur|Venusaur, L50, M|100/100\n|turn|5\n|\n|t:|1776259680\n|detailschange|p1a: Venusaur|Venusaur-Mega, L50, M\n|-mega|p1a: Venusaur|Venusaur|Venusaurite\n|move|p1b: Rotom|Electroweb|p2a: Talonflame|[spread] \n|-immune|p2b: Garchomp\n|-miss|p1b: Rotom|p2a: Talonflame\n|move|p2b: Garchomp|Earthquake|p1a: Venusaur|[spread] p1a\n|-immune|p2a: Talonflame\n|-immune|p1b: Rotom|[from] ability: Levitate\n|-crit|p1a: Venusaur\n|-damage|p1a: Venusaur|42/100\n|move|p2a: Talonflame|Flare Blitz|p1a: Venusaur\n|-supereffective|p1a: Venusaur|1\n|-damage|p1a: Venusaur|7/100\n|-status|p1a: Venusaur|brn\n|-damage|p2a: Talonflame|15/100|[from] Recoil\n|move|p1a: Venusaur|Sludge Bomb|p2a: Talonflame\n|-damage|p2a: Talonflame|0 fnt\n|faint|p2a: Talonflame\n|\n|-damage|p1a: Venusaur|1/100 brn|[from] brn\n|upkeep\n|\n|t:|1776259700\n|switch|p2a: Rotom|Rotom-Wash, L50|50/100\n|turn|6\n|\n|t:|1776259732\n|move|p2b: Garchomp|Protect|p2b: Garchomp\n|-singleturn|p2b: Garchomp|Protect\n|move|p1b: Rotom|Electroweb|p2a: Rotom|[spread] p2a\n|-activate|p2b: Garchomp|move: Protect\n|-damage|p2a: Rotom|31/100\n|-unboost|p2a: Rotom|spe|1\n|move|p1a: Venusaur|Leech Seed|p2b: Garchomp\n|-activate|p2b: Garchomp|move: Protect\n|move|p2a: Rotom|Thunderbolt|p1b: Rotom\n|-crit|p1b: Rotom\n|-damage|p1b: Rotom|0 fnt\n|faint|p1b: Rotom\n|\n|-damage|p1a: Venusaur|0 fnt|[from] brn\n|faint|p1a: Venusaur\n|-sideend|p2: komomomo|move: Tailwind\n|-sideend|p1: smp on whimsicott|move: Tailwind\n|upkeep\n|\n|t:|1776259735\n|switch|p1b: Sneasler|Sneasler, L50, F|100/100\n|turn|7\n|-message|smp on whimsicott forfeited.\n|\n|win|komomomo\n|raw|smp on whimsicott's rating: 1383 &rarr; <strong>1357</strong><br />(-26 for losing)\n|raw|komomomo's rating: 1283 &rarr; <strong>1315</strong><br />(+32 for winning)\n",
  "uploadtime": 1776259743,
  "views": 31,
  "formatid": "gen9championsvgc2026regma",
  "rating": 1315,
  "private": 0,
  "password": null
}