{
  "id": "gen9championsvgc2026regma-2582807408",
  "format": "[Gen 9 Champions] VGC 2026 Reg M-A",
  "players": [
    "dondonso",
    "ASilentDragon"
  ],
  "log": "|j|\u2606dondonso\n|j|\u2606ASilentDragon\n|t:|1776115608\n|gametype|doubles\n|player|p1|dondonso|170|1138\n|player|p2|ASilentDragon|cynthia-gen4|1171\n|gen|9\n|tier|[Gen 9 Champions] VGC 2026 Reg M-A\n|rated|\n|rule|Species Clause: Limit one of each Pok\u00e9mon\n|rule|Item Clause: Limit 1 of each item\n|clearpoke\n|poke|p1|Gengar, L50, M|\n|poke|p1|Politoed, L50, M|\n|poke|p1|Incineroar, L50, M|\n|poke|p1|Basculegion, L50, M|\n|poke|p1|Archaludon, L50, F|\n|poke|p1|Maushold-Four, L50|\n|poke|p2|Meganium, L50, F|\n|poke|p2|Politoed, L50, F|\n|poke|p2|Aerodactyl, L50, M|\n|poke|p2|Archaludon, L50, F|\n|poke|p2|Sinistcha, L50|\n|poke|p2|Basculegion, L50, M|\n|teampreview|4\n|inactive|Battle timer is ON: inactive players will automatically lose when time's up. (requested by dondonso)\n|inactive|ASilentDragon has 60 seconds left.\n|inactive|ASilentDragon has 30 seconds left.\n|\n|t:|1776115675\n|teamsize|p1|4\n|teamsize|p2|4\n|start\n|switch|p1a: Archaludon|Archaludon, L50, F|100/100\n|switch|p1b: Maushold|Maushold-Four, L50|100/100\n|switch|p2a: Aerodactyl|Aerodactyl, L50, M|100/100\n|switch|p2b: Basculegion|Basculegion, L50, M|100/100\n|-ability|p2a: Aerodactyl|Unnerve\n|turn|1\n|inactive|dondonso has 30 seconds left.\n|inactive|dondonso has 20 seconds left.\n|inactive|dondonso has 15 seconds left.\n|inactive|dondonso has 10 seconds left.\n|\n|t:|1776115724\n|move|p1b: Maushold|Protect|p1b: Maushold\n|-singleturn|p1b: Maushold|Protect\n|move|p2a: Aerodactyl|Tailwind|p2a: Aerodactyl\n|-sidestart|p2: ASilentDragon|move: Tailwind\n|move|p2b: Basculegion|Wave Crash|p1b: Maushold\n|-activate|p1b: Maushold|move: Protect\n|move|p1a: Archaludon|Dragon Pulse|p2b: Basculegion\n|-damage|p2b: Basculegion|50/100\n|\n|upkeep\n|turn|2\n|inactive|dondonso has 30 seconds left.\n|\n|t:|1776115751\n|switch|p1b: Politoed|Politoed, L50, M|100/100\n|-weather|RainDance|[from] ability: Drizzle|[of] p1b: Politoed\n|move|p2b: Basculegion|Wave Crash|p1b: Politoed\n|-resisted|p1b: Politoed|1\n|-damage|p1b: Politoed|54/100\n|-damage|p2b: Basculegion|35/100|[from] Recoil\n|move|p2a: Aerodactyl|Dual Wingbeat|p1b: Politoed\n|-damage|p1b: Politoed|34/100\n|-damage|p1b: Politoed|17/100\n|-hitcount|p1b: Politoed|2\n|move|p1a: Archaludon|Electro Shot||[still]\n|-prepare|p1a: Archaludon|Electro Shot\n|-boost|p1a: Archaludon|spa|1\n|-anim|p1a: Archaludon|Electro Shot|p2b: Basculegion\n|-supereffective|p2b: Basculegion|1\n|-damage|p2b: Basculegion|0 fnt\n|faint|p2b: Basculegion\n|\n|-weather|RainDance|[upkeep]\n|upkeep\n|\n|t:|1776115761\n|switch|p2b: Meganium|Meganium, L50, F|100/100\n|turn|3\n|inactive|dondonso has 30 seconds left.\n|\n|t:|1776115792\n|detailschange|p2b: Meganium|Meganium-Mega, L50, F\n|-mega|p2b: Meganium|Meganium|Meganiumite\n|move|p1b: Politoed|Protect|p1b: Politoed\n|-singleturn|p1b: Politoed|Protect\n|move|p2a: Aerodactyl|Dual Wingbeat|p1b: Politoed\n|-activate|p1b: Politoed|move: Protect\n|move|p2b: Meganium|Weather Ball|p1a: Archaludon\n|-damage|p1a: Archaludon|45/100\n|move|p1a: Archaludon|Electro Shot||[still]\n|-prepare|p1a: Archaludon|Electro Shot\n|-boost|p1a: Archaludon|spa|1\n|-anim|p1a: Archaludon|Electro Shot|p2a: Aerodactyl\n|-supereffective|p2a: Aerodactyl|1\n|-enditem|p2a: Aerodactyl|Focus Sash\n|-damage|p2a: Aerodactyl|1/100\n|\n|-weather|RainDance|[upkeep]\n|upkeep\n|turn|4\n|inactive|dondonso has 30 seconds left.\n|\n|t:|1776115819\n|switch|p1b: Maushold|Maushold-Four, L50|100/100\n|move|p2a: Aerodactyl|Dual Wingbeat|p1b: Maushold\n|-damage|p1b: Maushold|78/100\n|-damage|p1b: Maushold|53/100\n|-hitcount|p1b: Maushold|2\n|move|p2b: Meganium|Weather Ball|p1a: Archaludon\n|-damage|p1a: Archaludon|3/100\n|move|p1a: Archaludon|Dragon Pulse|p2b: Meganium\n|-immune|p2b: Meganium\n|\n|-weather|RainDance|[upkeep]\n|-sideend|p2: ASilentDragon|move: Tailwind\n|upkeep\n|turn|5\n|inactive|dondonso has 30 seconds left.\n|\n|t:|1776115848\n|move|p1b: Maushold|Follow Me|p1b: Maushold\n|-singleturn|p1b: Maushold|move: Follow Me\n|move|p2a: Aerodactyl|Tailwind|p2a: Aerodactyl\n|-sidestart|p2: ASilentDragon|move: Tailwind\n|move|p2b: Meganium|Ancient Power|p1b: Maushold\n|-crit|p1b: Maushold\n|-damage|p1b: Maushold|9/100\n|move|p1a: Archaludon|Electro Shot||[still]\n|-prepare|p1a: Archaludon|Electro Shot\n|-boost|p1a: Archaludon|spa|1\n|-anim|p1a: Archaludon|Electro Shot|p2b: Meganium\n|-resisted|p2b: Meganium|1\n|-damage|p2b: Meganium|54/100\n|\n|-weather|RainDance|[upkeep]\n|upkeep\n|turn|6\n|\n|t:|1776115870\n|move|p1b: Maushold|Protect|p1b: Maushold\n|-singleturn|p1b: Maushold|Protect\n|move|p1a: Archaludon|Protect|p1a: Archaludon\n|-singleturn|p1a: Archaludon|Protect\n|move|p2a: Aerodactyl|Rock Slide|p1a: Archaludon|[spread] \n|-activate|p1a: Archaludon|move: Protect\n|-activate|p1b: Maushold|move: Protect\n|move|p2b: Meganium|Ancient Power|p1a: Archaludon\n|-activate|p1a: Archaludon|move: Protect\n|\n|-weather|none\n|upkeep\n|turn|7\n|\n|t:|1776115884\n|move|p1b: Maushold|Protect|p1b: Maushold\n|-singleturn|p1b: Maushold|Protect\n|move|p2a: Aerodactyl|Rock Slide|p1b: Maushold|[spread] p1a\n|-activate|p1b: Maushold|move: Protect\n|-resisted|p1a: Archaludon|1\n|-damage|p1a: Archaludon|0 fnt\n|faint|p1a: Archaludon\n|move|p2b: Meganium|Ancient Power|p1b: Maushold\n|-activate|p1b: Maushold|move: Protect\n|\n|upkeep\n|\n|t:|1776115893\n|switch|p1a: Politoed|Politoed, L50, M|17/100\n|-weather|RainDance|[from] ability: Drizzle|[of] p1a: Politoed\n|turn|8\n|\n|t:|1776115903\n|move|p1a: Politoed|Protect|p1a: Politoed\n|-singleturn|p1a: Politoed|Protect\n|move|p2a: Aerodactyl|Rock Slide|p1b: Maushold|[spread] p1b\n|-activate|p1a: Politoed|move: Protect\n|-damage|p1b: Maushold|0 fnt\n|faint|p1b: Maushold\n|move|p2b: Meganium|Solar Beam||[still]\n|-prepare|p2b: Meganium|Solar Beam\n|-activate|p2b: Meganium|ability: Mega Sol\n|-anim|p2b: Meganium|Solar Beam|p1a: Politoed\n|-activate|p1a: Politoed|move: Protect\n|\n|-weather|RainDance|[upkeep]\n|-sideend|p2: ASilentDragon|move: Tailwind\n|upkeep\n|\n|t:|1776115907\n|switch|p1b: Basculegion|Basculegion, L50, M|100/100\n|turn|9\n|\n|t:|1776115920\n|move|p1b: Basculegion|Last Respects|p2b: Meganium\n|-damage|p2b: Meganium|0 fnt\n|faint|p2b: Meganium\n|move|p2a: Aerodactyl|Rock Slide|p1a: Politoed|[spread] p1a,p1b\n|-damage|p1a: Politoed|0 fnt\n|-damage|p1b: Basculegion|69/100\n|faint|p1a: Politoed\n|\n|-weather|RainDance|[upkeep]\n|upkeep\n|\n|t:|1776115923\n|switch|p2b: Politoed|Politoed, L50, F|100/100\n|turn|10\n|\n|t:|1776115936\n|move|p1b: Basculegion|Last Respects|p2a: Aerodactyl\n|-damage|p2a: Aerodactyl|0 fnt\n|faint|p2a: Aerodactyl\n|move|p2b: Politoed|Perish Song|p2b: Politoed\n|-start|p1b: Basculegion|perish3|[silent]\n|-start|p2b: Politoed|perish3|[silent]\n|-fieldactivate|move: Perish Song\n|\n|-weather|RainDance|[upkeep]\n|-start|p1b: Basculegion|perish3\n|-start|p2b: Politoed|perish3\n|upkeep\n|turn|11\n|\n|t:|1776115941\n|move|p2b: Politoed|Protect|p2b: Politoed\n|-singleturn|p2b: Politoed|Protect\n|move|p1b: Basculegion|Last Respects|p2b: Politoed\n|-activate|p2b: Politoed|move: Protect\n|\n|-weather|RainDance|[upkeep]\n|-start|p1b: Basculegion|perish2\n|-start|p2b: Politoed|perish2\n|upkeep\n|turn|12\n|\n|t:|1776115944\n|move|p1b: Basculegion|Last Respects|p2b: Politoed\n|-damage|p2b: Politoed|0 fnt\n|faint|p2b: Politoed\n|\n|win|dondonso\n|raw|dondonso's rating: 1138 &rarr; <strong>1165</strong><br />(+27 for winning)\n|raw|ASilentDragon's rating: 1171 &rarr; <strong>1144</strong><br />(-27 for losing)\n",
  "uploadtime": 1776115957,
  "views": 17,
  "formatid": "gen9championsvgc2026regma",
  "rating": 1144,
  "private": 0,
  "password": null
}