{
  "id": "gen9championsvgc2026regma-2582962886",
  "format": "[Gen 9 Champions] VGC 2026 Reg M-A",
  "players": [
    "cumdoy",
    "shanghaiwuyanzu"
  ],
  "log": "|j|\u2606cumdoy\n|j|\u2606shanghaiwuyanzu\n|t:|1776128871\n|gametype|doubles\n|player|p1|cumdoy|265|1102\n|player|p2|shanghaiwuyanzu|265|1086\n|gen|9\n|tier|[Gen 9 Champions] VGC 2026 Reg M-A\n|rated|\n|rule|Species Clause: Limit one of each Pok\u00e9mon\n|rule|Item Clause: Limit 1 of each item\n|clearpoke\n|poke|p1|Chandelure, L50, M|\n|poke|p1|Corviknight, L50, M|\n|poke|p1|Azumarill, L50, F|\n|poke|p1|Kommo-o, L50, F|\n|poke|p1|Kangaskhan, L50, F|\n|poke|p1|Sinistcha, L50|\n|poke|p2|Charizard, L50, M|\n|poke|p2|Garchomp, L50, M|\n|poke|p2|Rotom-Wash, L50|\n|poke|p2|Whimsicott, L50, F|\n|poke|p2|Sneasler, L50, F|\n|poke|p2|Incineroar, L50, M|\n|teampreview|4\n|\n|t:|1776128902\n|teamsize|p1|4\n|teamsize|p2|4\n|start\n|switch|p1a: Chandelure|Chandelure, L50, M|100/100\n|switch|p1b: Kangaskhan|Kangaskhan, L50, F|100/100\n|switch|p2a: Garchomp|Garchomp, L50, M|100/100\n|switch|p2b: Whimsicott|Whimsicott, L50, F|100/100\n|turn|1\n|\n|t:|1776128918\n|detailschange|p1b: Kangaskhan|Kangaskhan-Mega, L50, F\n|-mega|p1b: Kangaskhan|Kangaskhan|Kangaskhanite\n|move|p1b: Kangaskhan|Fake Out|p2a: Garchomp\n|-damage|p2a: Garchomp|79/100\n|-damage|p1b: Kangaskhan|88/100|[from] ability: Rough Skin|[of] p2a: Garchomp\n|-damage|p2a: Garchomp|72/100\n|-damage|p1b: Kangaskhan|76/100|[from] ability: Rough Skin|[of] p2a: Garchomp\n|-hitcount|p2a: Garchomp|2\n|move|p2b: Whimsicott|Tailwind|p2b: Whimsicott\n|-sidestart|p2: shanghaiwuyanzu|move: Tailwind\n|cant|p2a: Garchomp|flinch\n|move|p1a: Chandelure|Trick Room|p1a: Chandelure\n|-fieldstart|move: Trick Room|[of] p1a: Chandelure\n|\n|upkeep\n|turn|2\n|\n|t:|1776128945\n|switch|p1a: Azumarill|Azumarill, L50, F|100/100\n|move|p2b: Whimsicott|Encore||[still]\n|-fail|p2b: Whimsicott\n|move|p1b: Kangaskhan|Double-Edge|p2b: Whimsicott\n|-damage|p2b: Whimsicott|3/100\n|-crit|p2b: Whimsicott\n|-damage|p2b: Whimsicott|0 fnt\n|faint|p2b: Whimsicott\n|-hitcount|p2: Whimsicott|2\n|-damage|p1b: Kangaskhan|55/100|[from] Recoil\n|move|p2a: Garchomp|Rock Slide|p1a: Azumarill|[spread] p1a,p1b\n|-damage|p1a: Azumarill|79/100\n|-damage|p1b: Kangaskhan|35/100\n|\n|upkeep\n|\n|t:|1776128959\n|switch|p2b: Charizard|Charizard, L50, M|100/100\n|turn|3\n|\n|t:|1776128987\n|switch|p1b: Kommo-o|Kommo-o, L50, F|100/100\n|switch|p2a: Sneasler|Sneasler, L50, F|100/100\n|detailschange|p2b: Charizard|Charizard-Mega-Y, L50, M\n|-mega|p2b: Charizard|Charizard|Charizardite Y\n|-weather|SunnyDay|[from] ability: Drought|[of] p2b: Charizard\n|move|p2b: Charizard|Protect|p2b: Charizard\n|-singleturn|p2b: Charizard|Protect\n|move|p1a: Azumarill|Liquidation|p2b: Charizard\n|-activate|p2b: Charizard|move: Protect\n|\n|-weather|SunnyDay|[upkeep]\n|upkeep\n|turn|4\n|\n|t:|1776129021\n|move|p2a: Sneasler|Fake Out|p1b: Kommo-o\n|-damage|p1b: Kommo-o|88/100\n|move|p1a: Azumarill|Liquidation|p2b: Charizard\n|-supereffective|p2b: Charizard|1\n|-damage|p2b: Charizard|8/100\n|cant|p1b: Kommo-o|flinch\n|move|p2b: Charizard|Solar Beam||[still]\n|-prepare|p2b: Charizard|Solar Beam\n|-anim|p2b: Charizard|Solar Beam|p1a: Azumarill\n|-supereffective|p1a: Azumarill|1\n|-damage|p1a: Azumarill|0 fnt\n|faint|p1a: Azumarill\n|\n|-weather|SunnyDay|[upkeep]\n|-sideend|p2: shanghaiwuyanzu|move: Tailwind\n|upkeep\n|\n|t:|1776129044\n|switch|p1a: Kangaskhan|Kangaskhan-Mega, L50, F|35/100\n|turn|5\n|\n|t:|1776129065\n|move|p2b: Charizard|Protect|p2b: Charizard\n|-singleturn|p2b: Charizard|Protect\n|move|p2a: Sneasler|Protect|p2a: Sneasler\n|-singleturn|p2a: Sneasler|Protect\n|move|p1b: Kommo-o|Clanging Scales|p2a: Sneasler|[spread] \n|-activate|p2a: Sneasler|move: Protect\n|-activate|p2b: Charizard|move: Protect\n|move|p1a: Kangaskhan|Double-Edge|p2a: Sneasler\n|-activate|p2a: Sneasler|move: Protect\n|\n|-weather|SunnyDay|[upkeep]\n|-fieldend|move: Trick Room\n|upkeep\n|turn|6\n|\n|t:|1776129102\n|move|p1a: Kangaskhan|Sucker Punch|p2b: Charizard\n|-damage|p2b: Charizard|0 fnt\n|faint|p2b: Charizard\n|-hitcount|p2: Charizard|1\n|move|p2a: Sneasler|Dire Claw|p1b: Kommo-o\n|-damage|p1b: Kommo-o|52/100\n|move|p1b: Kommo-o|Flamethrower|p2a: Sneasler\n|-damage|p2a: Sneasler|38/100\n|\n|-weather|SunnyDay|[upkeep]\n|upkeep\n|\n|t:|1776129111\n|switch|p2b: Garchomp|Garchomp, L50, M|72/100\n|turn|7\n|\n|t:|1776129128\n|switch|p1a: Chandelure|Chandelure, L50, M|100/100\n|move|p2a: Sneasler|Protect|p2a: Sneasler\n|-singleturn|p2a: Sneasler|Protect\n|move|p2b: Garchomp|Earthquake|p1b: Kommo-o|[spread] p1a,p1b\n|-activate|p2a: Sneasler|move: Protect\n|-supereffective|p1a: Chandelure|1\n|-damage|p1a: Chandelure|6/100\n|-damage|p1b: Kommo-o|16/100\n|move|p1b: Kommo-o|Clanging Scales|p2a: Sneasler|[spread] p2b\n|-activate|p2a: Sneasler|move: Protect\n|-supereffective|p2b: Garchomp|1\n|-damage|p2b: Garchomp|0 fnt\n|faint|p2b: Garchomp\n|-unboost|p1b: Kommo-o|def|1\n|\n|-weather|none\n|upkeep\n|turn|8\n|-message|shanghaiwuyanzu forfeited.\n|\n|win|cumdoy\n|raw|cumdoy's rating: 1102 &rarr; <strong>1126</strong><br />(+24 for winning)\n|raw|shanghaiwuyanzu's rating: 1086 &rarr; <strong>1064</strong><br />(-22 for losing)\n|l|\u2606shanghaiwuyanzu\n|player|p2|\n",
  "uploadtime": 1776129145,
  "views": 27,
  "formatid": "gen9championsvgc2026regma",
  "rating": 1064,
  "private": 0,
  "password": null
}