{
  "id": "gen9championsvgc2026regma-2581732196",
  "format": "[Gen 9 Champions] VGC 2026 Reg M-A",
  "players": [
    "SirMikeyMan",
    "G0D BUGGY"
  ],
  "log": "|j|\u2606SirMikeyMan\n|j|\u2606G0D BUGGY\n|t:|1776024150\n|gametype|doubles\n|player|p1|SirMikeyMan|grimsley|1028\n|player|p2|G0D BUGGY|harlequin|1040\n|gen|9\n|tier|[Gen 9 Champions] VGC 2026 Reg M-A\n|rated|\n|rule|Species Clause: Limit one of each Pok\u00e9mon\n|rule|Item Clause: Limit 1 of each item\n|clearpoke\n|poke|p1|Charizard, L50, M|\n|poke|p1|Incineroar, L50, M|\n|poke|p1|Garchomp, L50, M|\n|poke|p1|Venusaur, L50, M|\n|poke|p1|Farigiraf, L50, M|\n|poke|p1|Torkoal, L50, M|\n|poke|p2|Altaria, L50, F|\n|poke|p2|Garganacl, L50, M|\n|poke|p2|Dragonite, L50, F|\n|poke|p2|Kingambit, L50, M|\n|poke|p2|Sneasler, L50, M|\n|poke|p2|Scovillain, L50, M|\n|teampreview|4\n|\n|t:|1776024171\n|teamsize|p1|4\n|teamsize|p2|4\n|start\n|switch|p1a: Garchomp|Garchomp, L50, M|100/100\n|switch|p1b: Incineroar|Incineroar, L50, M|100/100\n|switch|p2a: Kingambit|Kingambit, L50, M|100/100\n|switch|p2b: Garganacl|Garganacl, L50, M|100/100\n|-ability|p1b: Incineroar|Intimidate|boost\n|-unboost|p2a: Kingambit|atk|1\n|-ability|p2a: Kingambit|Defiant|boost\n|-boost|p2a: Kingambit|atk|2\n|-fail|p2b: Garganacl|unboost|[from] ability: Clear Body|[of] p2b: Garganacl\n|turn|1\n|inactive|Battle timer is ON: inactive players will automatically lose when time's up. (requested by SirMikeyMan)\n|\n|t:|1776024189\n|move|p1b: Incineroar|Fake Out|p2b: Garganacl\n|-resisted|p2b: Garganacl|1\n|-damage|p2b: Garganacl|98/100\n|cant|p2b: Garganacl|flinch\n|move|p1a: Garchomp|Stomping Tantrum|p2a: Kingambit\n|-supereffective|p2a: Kingambit|1\n|-damage|p2a: Kingambit|42/100\n|move|p2a: Kingambit|Brick Break|p1b: Incineroar\n|-supereffective|p1b: Incineroar|1\n|-damage|p1b: Incineroar|31/100\n|-enditem|p1b: Incineroar|Sitrus Berry|[eat]\n|-heal|p1b: Incineroar|56/100|[from] item: Sitrus Berry\n|\n|-heal|p2b: Garganacl|100/100|[from] item: Leftovers\n|upkeep\n|turn|2\n|inactive|G0D BUGGY has 30 seconds left.\n|\n|t:|1776024215\n|switch|p2a: Altaria|Altaria, L50, F|100/100\n|-ability|p2a: Altaria|Cloud Nine\n|move|p1a: Garchomp|Stomping Tantrum|p2a: Altaria\n|-immune|p2a: Altaria\n|move|p1b: Incineroar|Darkest Lariat|p2b: Garganacl\n|-damage|p2b: Garganacl|82/100\n|move|p2b: Garganacl|Salt Cure|p1b: Incineroar\n|-supereffective|p1b: Incineroar|1\n|-damage|p1b: Incineroar|35/100\n|-start|p1b: Incineroar|Salt Cure\n|\n|-heal|p2b: Garganacl|87/100|[from] item: Leftovers\n|-damage|p1b: Incineroar|29/100|[from] Salt Cure\n|upkeep\n|turn|3\n|\n|t:|1776024236\n|move|p1a: Garchomp|Stomping Tantrum|p2b: Garganacl\n|-supereffective|p2b: Garganacl|1\n|-damage|p2b: Garganacl|3/100\n|move|p2a: Altaria|Tailwind|p2a: Altaria\n|-sidestart|p2: G0D BUGGY|move: Tailwind\n|move|p2b: Garganacl|Salt Cure|p1a: Garchomp\n|-resisted|p1a: Garchomp|1\n|-damage|p1a: Garchomp|93/100\n|-start|p1a: Garchomp|Salt Cure\n|move|p1b: Incineroar|Darkest Lariat|p2a: Altaria\n|-damage|p2a: Altaria|59/100\n|\n|-heal|p2b: Garganacl|9/100|[from] item: Leftovers\n|-damage|p1a: Garchomp|88/100|[from] Salt Cure\n|-damage|p1b: Incineroar|23/100|[from] Salt Cure\n|upkeep\n|turn|4\n|\n|t:|1776024263\n|switch|p1a: Farigiraf|Farigiraf, L50, M|100/100\n|move|p2b: Garganacl|Protect|p2b: Garganacl\n|-singleturn|p2b: Garganacl|Protect\n|move|p2a: Altaria|Draco Meteor|p1a: Farigiraf\n|-damage|p1a: Farigiraf|58/100\n|-unboost|p2a: Altaria|spa|2\n|move|p1b: Incineroar|Darkest Lariat|p2b: Garganacl\n|-activate|p2b: Garganacl|move: Protect\n|\n|-heal|p2b: Garganacl|15/100|[from] item: Leftovers\n|-damage|p1b: Incineroar|17/100|[from] Salt Cure\n|upkeep\n|turn|5\n|inactive|G0D BUGGY has 30 seconds left.\n|\n|t:|1776024291\n|switch|p2a: Kingambit|Kingambit, L50, M|42/100\n|move|p2b: Garganacl|Salt Cure|p1a: Farigiraf\n|-damage|p1a: Farigiraf|45/100\n|-start|p1a: Farigiraf|Salt Cure\n|move|p1b: Incineroar|Parting Shot|p2b: Garganacl\n|-fail|p2b: Garganacl|unboost|[from] ability: Clear Body|[of] p2b: Garganacl\n|move|p1a: Farigiraf|Psychic Noise|p2a: Kingambit\n|-immune|p2a: Kingambit\n|\n|-heal|p2b: Garganacl|21/100|[from] item: Leftovers\n|-damage|p1b: Incineroar|11/100|[from] Salt Cure\n|-damage|p1a: Farigiraf|40/100|[from] Salt Cure\n|upkeep\n|turn|6\n|\n|t:|1776024311\n|move|p2a: Kingambit|Sucker Punch||[still]\n|cant|p1a: Farigiraf|ability: Armor Tail|Sucker Punch|[of] p2a: Kingambit\n|move|p2b: Garganacl|Recover|p2b: Garganacl\n|-heal|p2b: Garganacl|71/100\n|move|p1b: Incineroar|Flare Blitz|p2a: Kingambit\n|-supereffective|p2a: Kingambit|1\n|-crit|p2a: Kingambit\n|-damage|p2a: Kingambit|0 fnt\n|faint|p2a: Kingambit\n|-damage|p1b: Incineroar|0 fnt|[from] Recoil\n|faint|p1b: Incineroar\n|move|p1a: Farigiraf|Psychic Noise|p2b: Garganacl\n|-damage|p2b: Garganacl|44/100\n|-start|p2b: Garganacl|move: Heal Block\n|\n|-damage|p1a: Farigiraf|34/100|[from] Salt Cure\n|-sideend|p2: G0D BUGGY|move: Tailwind\n|upkeep\n|\n|t:|1776024328\n|switch|p1b: Garchomp|Garchomp, L50, M|88/100\n|switch|p2a: Altaria|Altaria, L50, F|59/100\n|-ability|p2a: Altaria|Cloud Nine\n|turn|7\n|\n|t:|1776024340\n|detailschange|p2a: Altaria|Altaria-Mega, L50, F\n|-mega|p2a: Altaria|Altaria|Altarianite\n|move|p2b: Garganacl|Protect|p2b: Garganacl\n|-singleturn|p2b: Garganacl|Protect\n|move|p1b: Garchomp|Dragon Claw|p2a: Altaria\n|-immune|p2a: Altaria\n|move|p2a: Altaria|Hyper Beam|p1b: Garchomp\n|-supereffective|p1b: Garchomp|1\n|-damage|p1b: Garchomp|0 fnt\n|-mustrecharge|p2a: Altaria\n|faint|p1b: Garchomp\n|move|p1a: Farigiraf|Psychic Noise|p2b: Garganacl\n|-activate|p2b: Garganacl|move: Protect\n|\n|-damage|p1a: Farigiraf|28/100|[from] Salt Cure\n|-end|p2b: Garganacl|move: Heal Block\n|upkeep\n|\n|t:|1776024342\n|switch|p1b: Torkoal|Torkoal, L50, M|100/100\n|-weather|SunnyDay|[from] ability: Drought|[of] p1b: Torkoal\n|turn|8\n|\n|t:|1776024362\n|move|p1a: Farigiraf|Helping Hand|p1b: Torkoal\n|-singleturn|p1b: Torkoal|Helping Hand|[of] p1a: Farigiraf\n|cant|p2a: Altaria|recharge\n|move|p2b: Garganacl|Recover|p2b: Garganacl\n|-heal|p2b: Garganacl|95/100\n|move|p1b: Torkoal|Eruption|p2b: Garganacl|[spread] p2a,p2b\n|-resisted|p2a: Altaria|1\n|-resisted|p2b: Garganacl|1\n|-damage|p2a: Altaria|0 fnt\n|-damage|p2b: Garganacl|40/100\n|faint|p2a: Altaria\n|\n|-weather|SunnyDay|[upkeep]\n|-heal|p2b: Garganacl|45/100|[from] item: Leftovers\n|-damage|p1a: Farigiraf|22/100|[from] Salt Cure\n|upkeep\n|\n|t:|1776024375\n|switch|p2a: Sneasler|Sneasler, L50, M|100/100\n|turn|9\n|\n|t:|1776024384\n|move|p1b: Torkoal|Protect|p1b: Torkoal\n|-singleturn|p1b: Torkoal|Protect\n|move|p2a: Sneasler|Fake Out||[still]\n|cant|p1a: Farigiraf|ability: Armor Tail|Fake Out|[of] p2a: Sneasler\n|move|p1a: Farigiraf|Psychic Noise|p2a: Sneasler\n|-supereffective|p2a: Sneasler|2\n|-damage|p2a: Sneasler|0 fnt\n|faint|p2a: Sneasler\n|move|p2b: Garganacl|Salt Cure|p1b: Torkoal\n|-activate|p1b: Torkoal|move: Protect\n|\n|-weather|SunnyDay|[upkeep]\n|-heal|p2b: Garganacl|51/100|[from] item: Leftovers\n|-damage|p1a: Farigiraf|16/100|[from] Salt Cure\n|upkeep\n|turn|10\n|-message|G0D BUGGY forfeited.\n|\n|win|SirMikeyMan\n|raw|SirMikeyMan's rating: 1028 &rarr; <strong>1065</strong><br />(+37 for winning)\n|raw|G0D BUGGY's rating: 1040 &rarr; <strong>1023</strong><br />(-17 for losing)\n|l|\u2606G0D BUGGY\n|player|p2|\n",
  "uploadtime": 1776024395,
  "views": 14,
  "formatid": "gen9championsvgc2026regma",
  "rating": 1023,
  "private": 0,
  "password": null
}