{
  "id": "gen9championsvgc2026regma-2585121951",
  "format": "[Gen 9 Champions] VGC 2026 Reg M-A",
  "players": [
    "Acerx",
    "Techwiz_101"
  ],
  "log": "|j|\u2606Acerx\n|j|\u2606Techwiz_101\n|t:|1776314323\n|gametype|doubles\n|player|p1|Acerx|dancer|1142\n|player|p2|Techwiz_101|102|1195\n|gen|9\n|tier|[Gen 9 Champions] VGC 2026 Reg M-A\n|rated|\n|rule|Species Clause: Limit one of each Pok\u00e9mon\n|rule|Item Clause: Limit 1 of each item\n|clearpoke\n|poke|p1|Victreebel, L50, M|\n|poke|p1|Corviknight, L50, M|\n|poke|p1|Arcanine-Hisui, L50, M|\n|poke|p1|Milotic, L50, M|\n|poke|p1|Sneasler, L50, F|\n|poke|p1|Torkoal, L50, M|\n|poke|p2|Zoroark-Hisui, L50, M|\n|poke|p2|Gallade, L50, M|\n|poke|p2|Liepard, L50, F|\n|poke|p2|Araquanid, L50, M|\n|poke|p2|Aggron, L50, F|\n|poke|p2|Dragapult, L50, F|\n|teampreview|4\n|\n|t:|1776314355\n|teamsize|p1|4\n|teamsize|p2|4\n|start\n|switch|p1a: Victreebel|Victreebel, L50, M|100/100\n|switch|p1b: Arcanine|Arcanine-Hisui, L50, M|100/100\n|switch|p2a: Aggron|Aggron, L50, F|100/100\n|switch|p2b: Liepard|Liepard, L50, F|100/100\n|-ability|p1b: Arcanine|Intimidate|boost\n|-unboost|p2a: Aggron|atk|1\n|-unboost|p2b: Liepard|atk|1\n|turn|1\n|\n|t:|1776314382\n|switch|p1b: Torkoal|Torkoal, L50, M|100/100\n|-weather|SunnyDay|[from] ability: Drought|[of] p1b: Torkoal\n|detailschange|p2a: Aggron|Aggron-Mega, L50, F\n|-mega|p2a: Aggron|Aggron|Aggronite\n|move|p2b: Liepard|Fake Out|p1a: Victreebel\n|-damage|p1a: Victreebel|92/100\n|cant|p1a: Victreebel|flinch\n|move|p2a: Aggron|Body Press|p1b: Torkoal\n|-damage|p1b: Torkoal|65/100\n|\n|-weather|SunnyDay|[upkeep]\n|upkeep\n|turn|2\n|\n|t:|1776314432\n|detailschange|p1a: Victreebel|Victreebel-Mega, L50, M\n|-mega|p1a: Victreebel|Victreebel|Victreebelite\n|move|p2b: Liepard|Knock Off|p1b: Torkoal\n|-damage|p1b: Torkoal|50/100\n|-enditem|p1b: Torkoal|Quick Claw|[from] move: Knock Off|[of] p2b: Liepard\n|move|p1a: Victreebel|Sludge Bomb|p2b: Liepard\n|-damage|p2b: Liepard|32/100\n|-status|p2b: Liepard|psn\n|move|p2a: Aggron|Body Press|p1b: Torkoal\n|-damage|p1b: Torkoal|13/100\n|move|p1b: Torkoal|Heat Wave|p2b: Liepard|[spread] p2a,p2b\n|-supereffective|p2a: Aggron|1\n|-damage|p2a: Aggron|29/100\n|-damage|p2b: Liepard|0 fnt\n|faint|p2b: Liepard\n|\n|-weather|SunnyDay|[upkeep]\n|upkeep\n|\n|t:|1776314447\n|switch|p2b: Gallade|Gallade, L50, M|100/100\n|turn|3\n|\n|t:|1776314473\n|move|p1b: Torkoal|Protect|p1b: Torkoal\n|-singleturn|p1b: Torkoal|Protect\n|move|p2b: Gallade|Icy Wind|p1b: Torkoal|[spread] p1a\n|-activate|p1b: Torkoal|move: Protect\n|-supereffective|p1a: Victreebel|1\n|-damage|p1a: Victreebel|68/100\n|-unboost|p1a: Victreebel|spe|1\n|move|p2a: Aggron|Body Press|p1b: Torkoal\n|-activate|p1b: Torkoal|move: Protect\n|move|p1a: Victreebel|Strength Sap|p2b: Gallade\n|-unboost|p2b: Gallade|atk|1\n|-heal|p1a: Victreebel|100/100\n|\n|-weather|SunnyDay|[upkeep]\n|upkeep\n|turn|4\n|\n|t:|1776314505\n|switch|p1b: Corviknight|Corviknight, L50, M|100/100\n|move|p2b: Gallade|Bitter Malice|p1a: Victreebel\n|-damage|p1a: Victreebel|68/100\n|-unboost|p1a: Victreebel|atk|1\n|move|p2a: Aggron|Body Press|p1b: Corviknight\n|-damage|p1b: Corviknight|62/100\n|move|p1a: Victreebel|Sleep Powder|p2a: Aggron|[miss]\n|-miss|p1a: Victreebel|p2a: Aggron\n|\n|-weather|SunnyDay|[upkeep]\n|upkeep\n|turn|5\n|\n|t:|1776314525\n|move|p2b: Gallade|Taunt|p1a: Victreebel\n|-start|p1a: Victreebel|move: Taunt\n|move|p1b: Corviknight|Body Press|p2b: Gallade\n|-immune|p2b: Gallade\n|move|p2a: Aggron|Body Press|p1b: Corviknight\n|-crit|p1b: Corviknight\n|-damage|p1b: Corviknight|10/100\n|cant|p1a: Victreebel|move: Taunt|Strength Sap\n|\n|-weather|none\n|upkeep\n|turn|6\n|\n|t:|1776314553\n|move|p2b: Gallade|Bitter Malice|p1a: Victreebel\n|-damage|p1a: Victreebel|37/100\n|-unboost|p1a: Victreebel|atk|1\n|move|p1b: Corviknight|Roost|p1b: Corviknight\n|-heal|p1b: Corviknight|60/100\n|-singleturn|p1b: Corviknight|move: Roost\n|move|p2a: Aggron|Body Press|p1b: Corviknight\n|-supereffective|p1b: Corviknight|1\n|-damage|p1b: Corviknight|0 fnt\n|faint|p1b: Corviknight\n|move|p1a: Victreebel|Sludge Bomb|p2b: Gallade\n|-resisted|p2b: Gallade|1\n|-damage|p2b: Gallade|50/100\n|-status|p2b: Gallade|psn\n|replace|p2b: Zoroark|Zoroark-Hisui, L50, M\n|-end|p2b: Zoroark|Illusion\n|\n|-damage|p2b: Zoroark|38/100 psn|[from] psn\n|upkeep\n|\n|t:|1776314580\n|switch|p1b: Arcanine|Arcanine-Hisui, L50, M|100/100\n|-ability|p1b: Arcanine|Intimidate|boost\n|-unboost|p2a: Aggron|atk|1\n|-unboost|p2b: Zoroark|atk|1\n|turn|7\n|\n|t:|1776314590\n|switch|p1a: Torkoal|Torkoal, L50, M|13/100\n|-weather|SunnyDay|[from] ability: Drought|[of] p1a: Torkoal\n|move|p2b: Zoroark|Icy Wind|p1b: Arcanine|[spread] p1a,p1b\n|-resisted|p1a: Torkoal|1\n|-resisted|p1b: Arcanine|1\n|-damage|p1a: Torkoal|4/100\n|-damage|p1b: Arcanine|94/100\n|-unboost|p1a: Torkoal|spe|1\n|-unboost|p1b: Arcanine|spe|1\n|move|p1b: Arcanine|Flare Blitz|p2a: Aggron\n|-supereffective|p2a: Aggron|1\n|-damage|p2a: Aggron|0 fnt\n|faint|p2a: Aggron\n|-damage|p1b: Arcanine|85/100|[from] Recoil\n|\n|-weather|SunnyDay|[upkeep]\n|-damage|p2b: Zoroark|26/100 psn|[from] psn\n|upkeep\n|\n|t:|1776314602\n|switch|p2a: Gallade|Gallade, L50, M|100/100\n|turn|8\n|\n|t:|1776314619\n|switch|p1b: Victreebel|Victreebel-Mega, L50, M|37/100\n|move|p2a: Gallade|Sacred Sword|p1b: Victreebel\n|-resisted|p1b: Victreebel|1\n|-damage|p1b: Victreebel|2/100\n|move|p2b: Zoroark|Bitter Malice|p1a: Torkoal\n|-damage|p1a: Torkoal|0 fnt\n|faint|p1a: Torkoal\n|\n|-weather|SunnyDay|[upkeep]\n|-damage|p2b: Zoroark|14/100 psn|[from] psn\n|upkeep\n|\n|t:|1776314631\n|switch|p1a: Arcanine|Arcanine-Hisui, L50, M|85/100\n|-ability|p1a: Arcanine|Intimidate|boost\n|-unboost|p2a: Gallade|atk|1\n|-unboost|p2b: Zoroark|atk|1\n|turn|9\n|\n|t:|1776314643\n|move|p1a: Arcanine|Protect|p1a: Arcanine\n|-singleturn|p1a: Arcanine|Protect\n|move|p1b: Victreebel|Protect|p1b: Victreebel\n|-singleturn|p1b: Victreebel|Protect\n|move|p2a: Gallade|Sacred Sword|p1a: Arcanine\n|-activate|p1a: Arcanine|move: Protect\n|move|p2b: Zoroark|Icy Wind|p1b: Victreebel|[spread] \n|-activate|p1a: Arcanine|move: Protect\n|-activate|p1b: Victreebel|move: Protect\n|\n|-weather|SunnyDay|[upkeep]\n|-damage|p2b: Zoroark|2/100 psn|[from] psn\n|upkeep\n|turn|10\n|\n|t:|1776314665\n|move|p1b: Victreebel|Protect||[still]\n|-fail|p1b: Victreebel\n|move|p2a: Gallade|Sacred Sword|p1a: Arcanine\n|-supereffective|p1a: Arcanine|1\n|-damage|p1a: Arcanine|0 fnt\n|faint|p1a: Arcanine\n|move|p2b: Zoroark|Bitter Malice|p1b: Victreebel\n|-damage|p1b: Victreebel|0 fnt\n|-damage|p2b: Zoroark|0 fnt|[from] ability: Innards Out|[of] p1b: Victreebel\n|faint|p1b: Victreebel\n|faint|p2b: Zoroark\n|\n|win|Techwiz_101\n|raw|Acerx's rating: 1142 &rarr; <strong>1121</strong><br />(-21 for losing)\n|raw|Techwiz_101's rating: 1195 &rarr; <strong>1216</strong><br />(+21 for winning)\n|l|\u2606Acerx\n|player|p1|\n",
  "uploadtime": 1776314678,
  "views": 19,
  "formatid": "gen9championsvgc2026regma",
  "rating": 1121,
  "private": 0,
  "password": null
}