{
  "id": "gen9championsvgc2026regma-2581752703",
  "format": "[Gen 9 Champions] VGC 2026 Reg M-A",
  "players": [
    "datbishgames",
    "Braute"
  ],
  "log": "|j|\u2606datbishgames\n|j|\u2606Braute\n|t:|1776025702\n|gametype|doubles\n|player|p1|datbishgames|mira|1188\n|player|p2|Braute|miku-fire|1228\n|gen|9\n|tier|[Gen 9 Champions] VGC 2026 Reg M-A\n|rated|\n|rule|Species Clause: Limit one of each Pok\u00e9mon\n|rule|Item Clause: Limit 1 of each item\n|clearpoke\n|poke|p1|Arcanine-Hisui, L50, F|\n|poke|p1|Rotom-Mow, L50|\n|poke|p1|Greninja-*, L50, M|\n|poke|p1|Dragonite, L50, F|\n|poke|p1|Froslass, L50, F|\n|poke|p1|Sneasler, L50, M|\n|poke|p2|Beedrill, L50, M|\n|poke|p2|Incineroar, L50, M|\n|poke|p2|Talonflame, L50, M|\n|poke|p2|Kingambit, L50, F|\n|poke|p2|Tyranitar, L50, M|\n|poke|p2|Excadrill, L50, M|\n|teampreview|4\n|inactive|Battle timer is ON: inactive players will automatically lose when time's up. (requested by Braute)\n|inactive|datbishgames also wants the timer to be on.\n|inactive|datbishgames has 60 seconds left.\n|\n|t:|1776025748\n|teamsize|p1|4\n|teamsize|p2|4\n|start\n|switch|p1a: Sneasler|Sneasler, L50, M|100/100\n|switch|p1b: Froslass|Froslass, L50, F|100/100\n|switch|p2a: Kingambit|Kingambit, L50, F, shiny|100/100\n|switch|p2b: Incineroar|Incineroar, L50, M, shiny|100/100\n|-ability|p2b: Incineroar|Intimidate|boost\n|-unboost|p1a: Sneasler|atk|1\n|-unboost|p1b: Froslass|atk|1\n|turn|1\n|\n|t:|1776025758\n|detailschange|p1b: Froslass|Froslass-Mega, L50, F\n|-mega|p1b: Froslass|Froslass|Froslassite\n|-weather|Snowscape|[from] ability: Snow Warning|[of] p1b: Froslass\n|move|p2a: Kingambit|Protect|p2a: Kingambit\n|-singleturn|p2a: Kingambit|Protect\n|move|p1a: Sneasler|Fake Out|p2b: Incineroar\n|-damage|p2b: Incineroar|92/100\n|cant|p2b: Incineroar|flinch\n|move|p1b: Froslass|Will-O-Wisp|p2a: Kingambit\n|-activate|p2a: Kingambit|move: Protect\n|\n|-weather|Snowscape|[upkeep]\n|upkeep\n|turn|2\n|\n|t:|1776025774\n|move|p1a: Sneasler|Fling|p2b: Incineroar\n|-resisted|p2b: Incineroar|1\n|-damage|p2b: Incineroar|88/100\n|-enditem|p1a: Sneasler|King's Rock|[from] move: Fling\n|move|p1b: Froslass|Will-O-Wisp|p2a: Kingambit\n|-status|p2a: Kingambit|brn\n|cant|p2b: Incineroar|flinch\n|move|p2a: Kingambit|Kowtow Cleave|p1b: Froslass\n|-supereffective|p1b: Froslass|1\n|-damage|p1b: Froslass|39/100\n|\n|-weather|Snowscape|[upkeep]\n|-damage|p2a: Kingambit|95/100 brn|[from] brn\n|upkeep\n|turn|3\n|\n|t:|1776025798\n|move|p2a: Kingambit|Sucker Punch||[still]\n|-fail|p2a: Kingambit\n|move|p1a: Sneasler|Close Combat|p2b: Incineroar\n|-supereffective|p2b: Incineroar|1\n|-damage|p2b: Incineroar|7/100\n|-unboost|p1a: Sneasler|def|1\n|-unboost|p1a: Sneasler|spd|1\n|-enditem|p2b: Incineroar|Sitrus Berry|[eat]\n|-heal|p2b: Incineroar|31/100|[from] item: Sitrus Berry\n|move|p1b: Froslass|Aurora Veil|p1b: Froslass\n|-sidestart|p1: datbishgames|move: Aurora Veil\n|move|p2b: Incineroar|Flare Blitz|p1a: Sneasler\n|-damage|p1a: Sneasler|17/100\n|-damage|p2b: Incineroar|7/100|[from] Recoil\n|\n|-weather|Snowscape|[upkeep]\n|-damage|p2a: Kingambit|89/100 brn|[from] brn\n|upkeep\n|turn|4\n|\n|t:|1776025815\n|switch|p2b: Tyranitar|Tyranitar, L50, M|100/100\n|-weather|Sandstorm|[from] ability: Sand Stream|[of] p2b: Tyranitar\n|move|p2a: Kingambit|Sucker Punch|p1a: Sneasler\n|-resisted|p1a: Sneasler|1\n|-damage|p1a: Sneasler|0 fnt\n|faint|p1a: Sneasler\n|move|p1b: Froslass|Blizzard|p2b: Tyranitar|[spread] p2b\n|-miss|p1b: Froslass|p2a: Kingambit\n|-damage|p2b: Tyranitar|69/100\n|\n|-weather|Sandstorm|[upkeep]\n|-damage|p1b: Froslass|32/100|[from] Sandstorm\n|-damage|p2a: Kingambit|83/100 brn|[from] brn\n|upkeep\n|\n|t:|1776025824\n|switch|p1a: Rotom|Rotom-Mow, L50|100/100\n|turn|5\n|\n|t:|1776025831\n|switch|p1b: Greninja|Greninja, L50, M|100/100\n|switch|p2b: Incineroar|Incineroar, L50, M, shiny|7/100\n|-ability|p2b: Incineroar|Intimidate|boost\n|-unboost|p1a: Rotom|atk|1\n|-unboost|p1b: Greninja|atk|1\n|move|p1a: Rotom|Leaf Storm|p2b: Incineroar\n|-resisted|p2b: Incineroar|1\n|-damage|p2b: Incineroar|0 fnt\n|-unboost|p1a: Rotom|spa|2\n|faint|p2b: Incineroar\n|move|p2a: Kingambit|Kowtow Cleave|p1a: Rotom\n|-damage|p1a: Rotom|74/100\n|\n|-weather|Sandstorm|[upkeep]\n|-damage|p1a: Rotom|68/100|[from] Sandstorm\n|-damage|p1b: Greninja|94/100|[from] Sandstorm\n|-damage|p2a: Kingambit|78/100 brn|[from] brn\n|upkeep\n|\n|t:|1776025856\n|switch|p2b: Excadrill|Excadrill, L50, M|100/100\n|turn|6\n|\n|t:|1776025871\n|move|p2b: Excadrill|Protect|p2b: Excadrill\n|-singleturn|p2b: Excadrill|Protect\n|move|p1b: Greninja|Water Shuriken|p2b: Excadrill\n|-start|p1b: Greninja|typechange|Water|[from] ability: Protean\n|-activate|p2b: Excadrill|move: Protect\n|move|p1a: Rotom|Leaf Storm|p2b: Excadrill\n|-activate|p2b: Excadrill|move: Protect\n|move|p2a: Kingambit|Kowtow Cleave|p1b: Greninja\n|-damage|p1b: Greninja|61/100\n|\n|-weather|Sandstorm|[upkeep]\n|-damage|p1a: Rotom|62/100|[from] Sandstorm\n|-damage|p1b: Greninja|55/100|[from] Sandstorm\n|-damage|p2a: Kingambit|72/100 brn|[from] brn\n|upkeep\n|turn|7\n|\n|t:|1776025887\n|move|p1b: Greninja|Protect|p1b: Greninja\n|-singleturn|p1b: Greninja|Protect\n|move|p2b: Excadrill|Rock Slide|p1a: Rotom|[spread] p1a\n|-activate|p1b: Greninja|move: Protect\n|-damage|p1a: Rotom|43/100\n|move|p1a: Rotom|Leaf Storm|p2b: Excadrill\n|-damage|p2b: Excadrill|59/100\n|-unboost|p1a: Rotom|spa|2\n|move|p2a: Kingambit|Kowtow Cleave|p1b: Greninja\n|-activate|p1b: Greninja|move: Protect\n|\n|-weather|Sandstorm|[upkeep]\n|-damage|p1a: Rotom|37/100|[from] Sandstorm\n|-damage|p1b: Greninja|49/100|[from] Sandstorm\n|-damage|p2a: Kingambit|66/100 brn|[from] brn\n|-sideend|p1: datbishgames|move: Aurora Veil\n|upkeep\n|turn|8\n|inactive|Braute has 30 seconds left.\n|\n|t:|1776025922\n|switch|p2b: Tyranitar|Tyranitar, L50, M|69/100\n|switch|p1a: Froslass|Froslass-Mega, L50, F|32/100\n|-weather|Snowscape|[from] ability: Snow Warning|[of] p1a: Froslass\n|move|p1b: Greninja|Water Shuriken|p2b: Tyranitar\n|-supereffective|p2b: Tyranitar|1\n|-damage|p2b: Tyranitar|54/100\n|-supereffective|p2b: Tyranitar|1\n|-damage|p2b: Tyranitar|39/100\n|-hitcount|p2b: Tyranitar|2\n|move|p2a: Kingambit|Kowtow Cleave|p1b: Greninja\n|-crit|p1b: Greninja\n|-damage|p1b: Greninja|0 fnt\n|faint|p1b: Greninja\n|\n|-weather|Snowscape|[upkeep]\n|-damage|p2a: Kingambit|60/100 brn|[from] brn\n|upkeep\n|\n|t:|1776025934\n|switch|p1b: Rotom|Rotom-Mow, L50|37/100\n|turn|9\n|\n|t:|1776025949\n|detailschange|p2b: Tyranitar|Tyranitar-Mega, L50, M\n|-mega|p2b: Tyranitar|Tyranitar|Tyranitarite\n|-weather|Sandstorm|[from] ability: Sand Stream|[of] p2b: Tyranitar\n|move|p1b: Rotom|Leaf Storm|p2a: Kingambit\n|-resisted|p2a: Kingambit|1\n|-damage|p2a: Kingambit|31/100 brn\n|-unboost|p1b: Rotom|spa|2\n|move|p1a: Froslass|Blizzard|p2b: Tyranitar|[spread] p2a,p2b\n|-resisted|p2a: Kingambit|1\n|-damage|p2a: Kingambit|11/100 brn\n|-damage|p2b: Tyranitar|14/100\n|move|p2b: Tyranitar|Rock Slide|p1a: Froslass|[spread] p1a,p1b\n|-supereffective|p1a: Froslass|1\n|-damage|p1a: Froslass|0 fnt\n|-damage|p1b: Rotom|0 fnt\n|faint|p1a: Froslass\n|faint|p1b: Rotom\n|\n|win|Braute\n|raw|datbishgames's rating: 1188 &rarr; <strong>1166</strong><br />(-22 for losing)\n|raw|Braute's rating: 1228 &rarr; <strong>1250</strong><br />(+22 for winning)\n",
  "uploadtime": 1776025949,
  "views": 38,
  "formatid": "gen9championsvgc2026regma",
  "rating": 1166,
  "private": 0,
  "password": null
}