{
  "id": "gen9championsvgc2026regma-2581184599",
  "format": "[Gen 9 Champions] VGC 2026 Reg M-A",
  "players": [
    "Yamimari",
    "SleepySnowlax"
  ],
  "log": "|j|\u2606Yamimari\n|j|\u2606SleepySnowlax\n|t:|1775968284\n|gametype|doubles\n|player|p1|Yamimari|n|1072\n|player|p2|SleepySnowlax|ruinmaniac|1000\n|gen|9\n|tier|[Gen 9 Champions] VGC 2026 Reg M-A\n|rated|\n|rule|Species Clause: Limit one of each Pok\u00e9mon\n|rule|Item Clause: Limit 1 of each item\n|clearpoke\n|poke|p1|Sableye, L50, M|\n|poke|p1|Victreebel, L50, F|\n|poke|p1|Farigiraf, L50, M|\n|poke|p1|Araquanid, L50, M|\n|poke|p1|Arcanine, L50, M|\n|poke|p1|Raichu, L50, M|\n|poke|p2|Aerodactyl, L50, F|\n|poke|p2|Gengar, L50, M|\n|poke|p2|Kingambit, L50, M|\n|poke|p2|Rotom-Wash, L50|\n|poke|p2|Sneasler, L50, M|\n|poke|p2|Incineroar, L50, M|\n|teampreview|4\nYamimari has agreed to open team sheets.\nSleepySnowlax has agreed to open team sheets.\n|showteam|p1|Sableye||MentalHerb|Prankster|FakeOut,SuckerPunch,Encore,SkillSwap|||M|||50|]Victreebel||Victreebelite|Chlorophyll|StrengthSap,SleepPowder,GigaDrain,SludgeBomb|||F|||50|]Farigiraf||TwistedSpoon|ArmorTail|TwinBeam,DazzlingGleam,Protect,TrickRoom|||M|||50|]Araquanid||Leftovers|WaterBubble|Liquidation,LeechLife,Protect,WideGuard|||M|||50|]Arcanine||SitrusBerry|Intimidate|HeatWave,Snarl,WillOWisp,MorningSun|||M|||50|]Raichu||FocusSash|LightningRod|FakeOut,VoltSwitch,Nuzzle,Endeavor|||M|||50|\n|showteam|p2|Aerodactyl||FocusSash|Unnerve|RockSlide,DualWingbeat,RainDance,Tailwind|||F|||50|]Gengar||Gengarite|CursedBody|SludgeBomb,ShadowBall,Substitute,Protect|||M|||50|]Kingambit||BlackGlasses|Defiant|SuckerPunch,KowtowCleave,Protect,IronHead|||M|||50|]Rotom-Wash||Leftovers|Levitate|HydroPump,VoltSwitch,WillOWisp,Protect||||||50|]Sneasler||WhiteHerb|Unburden|CloseCombat,DireClaw,Protect,Coaching|||M|||50|]Incineroar||SitrusBerry|Intimidate|FlareBlitz,FakeOut,ThroatChop,PartingShot|||M|||50|\n|\n|t:|1775968339\n|teamsize|p1|4\n|teamsize|p2|4\n|start\n|switch|p1a: Pippins|Raichu, L50, M|100/100\n|switch|p1b: Gabu|Arcanine, L50, M|100/100\n|switch|p2a: Incineroar|Incineroar, L50, M|100/100\n|switch|p2b: Rotom|Rotom-Wash, L50, shiny|100/100\n|-ability|p2a: Incineroar|Intimidate|boost\n|-unboost|p1a: Pippins|atk|1\n|-unboost|p1b: Gabu|atk|1\n|-ability|p1b: Gabu|Intimidate|boost\n|-unboost|p2a: Incineroar|atk|1\n|-unboost|p2b: Rotom|atk|1\n|turn|1\n|\n|t:|1775968360\n|switch|p1b: Weeber|Araquanid, L50, M, shiny|100/100\n|move|p1a: Pippins|Fake Out|p2b: Rotom\n|-damage|p2b: Rotom|95/100\n|move|p2a: Incineroar|Fake Out|p1a: Pippins\n|-crit|p1a: Pippins\n|-damage|p1a: Pippins|76/100\n|cant|p2b: Rotom|flinch\n|\n|-heal|p2b: Rotom|100/100|[from] item: Leftovers\n|upkeep\n|turn|2\n|\n|t:|1775968385\n|move|p1a: Pippins|Nuzzle|p2a: Incineroar\n|-damage|p2a: Incineroar|96/100\n|-status|p2a: Incineroar|par\n|move|p2b: Rotom|Will-O-Wisp|p1b: Weeber\n|-immune|p1b: Weeber|[from] ability: Water Bubble\n|move|p1b: Weeber|Liquidation|p2a: Incineroar\n|-supereffective|p2a: Incineroar|1\n|-damage|p2a: Incineroar|0 fnt\n|faint|p2a: Incineroar\n|\n|upkeep\n|\n|t:|1775968401\n|switch|p2a: Aerodactyl|Aerodactyl, L50, F, shiny|100/100\n|-ability|p2a: Aerodactyl|Unnerve\n|turn|3\n|\n|t:|1775968415\n|switch|p1a: Gabu|Arcanine, L50, M|100/100\n|-ability|p1a: Gabu|Intimidate|boost\n|-unboost|p2a: Aerodactyl|atk|1\n|-unboost|p2b: Rotom|atk|1\n|switch|p2b: Gengar|Gengar, L50, M, shiny|100/100\n|move|p1b: Weeber|Protect|p1b: Weeber\n|-singleturn|p1b: Weeber|Protect\n|move|p2a: Aerodactyl|Rock Slide|p1b: Weeber|[spread] p1a\n|-activate|p1b: Weeber|move: Protect\n|-supereffective|p1a: Gabu|1\n|-damage|p1a: Gabu|67/100\n|\n|upkeep\n|turn|4\n|\n|t:|1775968439\n|detailschange|p2b: Gengar|Gengar-Mega, L50, M, shiny\n|-mega|p2b: Gengar|Gengar|Gengarite\n|move|p1b: Weeber|Wide Guard|p1b: Weeber\n|-singleturn|p1b: Weeber|Wide Guard\n|move|p2b: Gengar|Sludge Bomb|p1b: Weeber\n|-damage|p1b: Weeber|60/100\n|move|p2a: Aerodactyl|Rock Slide|p1a: Gabu|[spread] \n|-activate|p1a: Gabu|move: Wide Guard\n|-activate|p1b: Weeber|move: Wide Guard\n|move|p1a: Gabu|Snarl|p2a: Aerodactyl|[spread] p2a,p2b\n|-supereffective|p2b: Gengar|1\n|-damage|p2a: Aerodactyl|86/100\n|-damage|p2b: Gengar|76/100\n|-unboost|p2a: Aerodactyl|spa|1\n|-unboost|p2b: Gengar|spa|1\n|\n|-heal|p1b: Weeber|66/100|[from] item: Leftovers\n|upkeep\n|turn|5\n|\n|t:|1775968464\n|move|p2a: Aerodactyl|Dual Wingbeat|p1b: Weeber\n|-supereffective|p1b: Weeber|1\n|-damage|p1b: Weeber|39/100\n|-supereffective|p1b: Weeber|1\n|-damage|p1b: Weeber|14/100\n|-hitcount|p1b: Weeber|2\n|move|p2b: Gengar|Sludge Bomb|p1b: Weeber\n|-damage|p1b: Weeber|0 fnt\n|faint|p1b: Weeber\n|move|p1a: Gabu|Will-O-Wisp|p2a: Aerodactyl\n|-status|p2a: Aerodactyl|brn\n|\n|-damage|p2a: Aerodactyl|81/100 brn|[from] brn\n|upkeep\n|\n|t:|1775968481\n|switch|p1b: Pippins|Raichu, L50, M|76/100\n|turn|6\n|\n|t:|1775968497\n|switch|p2a: Rotom|Rotom-Wash, L50, shiny|100/100\n|move|p2b: Gengar|Sludge Bomb|p1b: Pippins\n|-damage|p1b: Pippins|30/100\n|move|p1b: Pippins|Nuzzle|p2b: Gengar\n|-damage|p2b: Gengar|67/100\n|-status|p2b: Gengar|par\n|move|p1a: Gabu|Snarl|p2b: Gengar|[spread] p2a,p2b\n|-supereffective|p2b: Gengar|1\n|-damage|p2a: Rotom|92/100\n|-damage|p2b: Gengar|44/100 par\n|-unboost|p2a: Rotom|spa|1\n|-unboost|p2b: Gengar|spa|1\n|\n|-heal|p2a: Rotom|98/100|[from] item: Leftovers\n|upkeep\n|turn|7\n|\n|t:|1775968523\n|move|p2b: Gengar|Protect|p2b: Gengar\n|-singleturn|p2b: Gengar|Protect\n|move|p1b: Pippins|Endeavor|p2a: Rotom\n|-damage|p2a: Rotom|28/100\n|move|p2a: Rotom|Hydro Pump|p1a: Gabu\n|-supereffective|p1a: Gabu|1\n|-damage|p1a: Gabu|20/100\n|-enditem|p1a: Gabu|Sitrus Berry|[eat]\n|-heal|p1a: Gabu|45/100|[from] item: Sitrus Berry\n|move|p1a: Gabu|Snarl|p2b: Gengar|[spread] p2a\n|-activate|p2b: Gengar|move: Protect\n|-damage|p2a: Rotom|18/100\n|-unboost|p2a: Rotom|spa|1\n|\n|-heal|p2a: Rotom|24/100|[from] item: Leftovers\n|upkeep\n|turn|8\n|inactive|Battle timer is ON: inactive players will automatically lose when time's up. (requested by Yamimari)\n|\n|t:|1775968547\n|move|p1b: Pippins|Volt Switch|p2a: Rotom\n|-damage|p2a: Rotom|1/100\n|\n|t:|1775968552\n|switch|p1b: Baret|Victreebel, L50, F, shiny|100/100|[from] Volt Switch\n|move|p2a: Rotom|Hydro Pump|p1a: Gabu\n|-supereffective|p1a: Gabu|1\n|-crit|p1a: Gabu\n|-damage|p1a: Gabu|0 fnt\n|faint|p1a: Gabu\n|move|p2b: Gengar|Sludge Bomb|p1b: Baret\n|-damage|p1b: Baret|75/100\n|\n|-heal|p2a: Rotom|7/100|[from] item: Leftovers\n|upkeep\n|\n|t:|1775968560\n|switch|p1a: Pippins|Raichu, L50, M|30/100\n|turn|9\n|\n|t:|1775968573\n|detailschange|p1b: Baret|Victreebel-Mega, L50, F, shiny\n|-mega|p1b: Baret|Victreebel|Victreebelite\n|move|p1a: Pippins|Volt Switch|p2a: Rotom\n|-damage|p2a: Rotom|0 fnt\n|faint|p2a: Rotom\n|move|p2b: Gengar|Shadow Ball|p1a: Pippins\n|-damage|p1a: Pippins|0 fnt\n|faint|p1a: Pippins\n|move|p1b: Baret|Giga Drain|p2b: Gengar\n|-resisted|p2b: Gengar|1\n|-damage|p2b: Gengar|20/100 par\n|-heal|p1b: Baret|85/100|[from] drain|[of] p2b: Gengar\n|\n|upkeep\n|\n|t:|1775968585\n|switch|p2a: Aerodactyl|Aerodactyl, L50, F, shiny|81/100 brn\n|-ability|p2a: Aerodactyl|Unnerve\n|turn|10\n|\n|t:|1775968595\n|move|p2a: Aerodactyl|Dual Wingbeat|p1b: Baret\n|-supereffective|p1b: Baret|1\n|-damage|p1b: Baret|64/100\n|-supereffective|p1b: Baret|1\n|-damage|p1b: Baret|41/100\n|-hitcount|p1b: Baret|2\n|move|p2b: Gengar|Shadow Ball|p1b: Baret\n|-damage|p1b: Baret|23/100\n|move|p1b: Baret|Strength Sap|p2a: Aerodactyl\n|-unboost|p2a: Aerodactyl|atk|1\n|-heal|p1b: Baret|100/100\n|\n|-damage|p2a: Aerodactyl|75/100 brn|[from] brn\n|upkeep\n|turn|11\n|\n|t:|1775968618\n|move|p2a: Aerodactyl|Rock Slide|p1b: Baret\n|-damage|p1b: Baret|88/100\n|cant|p2b: Gengar|par\n|cant|p1b: Baret|flinch\n|\n|-damage|p2a: Aerodactyl|69/100 brn|[from] brn\n|upkeep\n|turn|12\n|\n|t:|1775968627\n|move|p2a: Aerodactyl|Rock Slide|p1b: Baret\n|-damage|p1b: Baret|76/100\n|move|p2b: Gengar|Shadow Ball|p1b: Baret\n|-damage|p1b: Baret|57/100\n|move|p1b: Baret|Strength Sap|p2a: Aerodactyl\n|-unboost|p2a: Aerodactyl|atk|1\n|-heal|p1b: Baret|100/100\n|\n|-damage|p2a: Aerodactyl|64/100 brn|[from] brn\n|upkeep\n|turn|13\n|\n|t:|1775968643\n|move|p2a: Aerodactyl|Rock Slide|p1b: Baret\n|-damage|p1b: Baret|90/100\n|move|p2b: Gengar|Shadow Ball|p1b: Baret\n|-damage|p1b: Baret|70/100\n|-unboost|p1b: Baret|spd|1\n|move|p1b: Baret|Giga Drain|p2b: Gengar\n|-resisted|p2b: Gengar|1\n|-damage|p2b: Gengar|0 fnt\n|-heal|p1b: Baret|78/100|[from] drain|[of] p2b: Gengar\n|faint|p2b: Gengar\n|\n|-damage|p2a: Aerodactyl|58/100 brn|[from] brn\n|upkeep\n|turn|14\n|\n|t:|1775968657\n|move|p2a: Aerodactyl|Dual Wingbeat|p1b: Baret\n|-supereffective|p1b: Baret|1\n|-damage|p1b: Baret|68/100\n|-supereffective|p1b: Baret|1\n|-damage|p1b: Baret|57/100\n|-hitcount|p1b: Baret|2\n|move|p1b: Baret|Giga Drain|p2a: Aerodactyl\n|-damage|p2a: Aerodactyl|0 fnt\n|-heal|p1b: Baret|82/100|[from] drain|[of] p2a: Aerodactyl\n|faint|p2a: Aerodactyl\n|\n|win|Yamimari\n|raw|Yamimari's rating: 1072 &rarr; <strong>1095</strong><br />(+23 for winning)\n|raw|SleepySnowlax's rating: 1000 &rarr; <strong>1000</strong><br />(+0 for losing)\n",
  "uploadtime": 1775968671,
  "views": 12,
  "formatid": "gen9championsvgc2026regma",
  "rating": 1000,
  "private": 0,
  "password": null
}