{
  "id": "gen9championsvgc2026regma-2582157320",
  "format": "[Gen 9 Champions] VGC 2026 Reg M-A",
  "players": [
    "volta stew",
    "Mazuki0929"
  ],
  "log": "|j|\u2606volta stew\n|j|\u2606Mazuki0929\n|t:|1776065347\n|gametype|doubles\n|player|p1|volta stew|piers|1121\n|player|p2|Mazuki0929|101|1081\n|gen|9\n|tier|[Gen 9 Champions] VGC 2026 Reg M-A\n|rated|\n|rule|Species Clause: Limit one of each Pok\u00e9mon\n|rule|Item Clause: Limit 1 of each item\n|clearpoke\n|poke|p1|Starmie, L50|\n|poke|p1|Sneasler, L50, M|\n|poke|p1|Sylveon, L50, F|\n|poke|p1|Sinistcha, L50|\n|poke|p1|Incineroar, L50, M|\n|poke|p1|Kingambit, L50, F|\n|poke|p2|Lucario, L50, F|\n|poke|p2|Tyranitar, L50, M|\n|poke|p2|Whimsicott, L50, M|\n|poke|p2|Sinistcha, L50|\n|poke|p2|Incineroar, L50, F|\n|poke|p2|Glimmora, L50, M|\n|teampreview|4\nMazuki0929 has agreed to open team sheets.\n|inactive|Battle timer is ON: inactive players will automatically lose when time's up. (requested by Mazuki0929)\n|\n|t:|1776065407\n|teamsize|p1|4\n|teamsize|p2|4\n|start\n|switch|p1a: Starmie|Starmie, L50|100/100\n|switch|p1b: Sneasler|Sneasler, L50, M|100/100\n|switch|p2a: Glimmora|Glimmora, L50, M|100/100\n|switch|p2b: Whimsicott|Whimsicott, L50, M|100/100\n|turn|1\n|\n|t:|1776065429\n|switch|p2a: Sinistcha|Sinistcha, L50|100/100\n|detailschange|p1a: Starmie|Starmie-Mega, L50\n|-mega|p1a: Starmie|Starmie|Starminite\n|move|p2b: Whimsicott|Protect|p2b: Whimsicott\n|-singleturn|p2b: Whimsicott|Protect\n|move|p1b: Sneasler|Fake Out|p2b: Whimsicott\n|-activate|p2b: Whimsicott|move: Protect\n|move|p1a: Starmie|Liquidation|p2a: Sinistcha\n|-resisted|p2a: Sinistcha|1\n|-damage|p2a: Sinistcha|74/100\n|\n|upkeep\n|turn|2\n|inactive|volta stew has 30 seconds left.\n|inactive|volta stew has 20 seconds left.\n|inactive|volta stew has 15 seconds left.\n|inactive|volta stew has 10 seconds left.\n|inactive|volta stew has 5 seconds left.\n|\n|t:|1776065481\n|switch|p2b: Glimmora|Glimmora, L50, M|100/100\n|move|p1b: Sneasler|Coaching|p1a: Starmie\n|-boost|p1a: Starmie|atk|1\n|-boost|p1a: Starmie|def|1\n|move|p1a: Starmie|Zen Headbutt|p2a: Sinistcha|[miss]\n|-miss|p1a: Starmie|p2a: Sinistcha\n|move|p2a: Sinistcha|Trick Room|p2a: Sinistcha\n|-fieldstart|move: Trick Room|[of] p2a: Sinistcha\n|\n|upkeep\n|turn|3\n|inactive|volta stew has 30 seconds left.\n|inactive|Mazuki0929 has 30 seconds left.\n|\n|t:|1776065512\n|detailschange|p2b: Glimmora|Glimmora-Mega, L50, M\n|-mega|p2b: Glimmora|Glimmora|Glimmoranite\n|move|p2a: Sinistcha|Rage Powder|p2a: Sinistcha\n|-singleturn|p2a: Sinistcha|move: Rage Powder\n|move|p2b: Glimmora|Sludge Bomb|p1a: Starmie\n|-damage|p1a: Starmie|0 fnt\n|faint|p1a: Starmie\n|move|p1b: Sneasler|Coaching|p1: Starmie|[notarget]\n|-fail|p1b: Sneasler\n|\n|upkeep\n|\n|t:|1776065529\n|switch|p1a: Incineroar|Incineroar, L50, M|100/100\n|-ability|p1a: Incineroar|Intimidate|boost\n|-unboost|p2a: Sinistcha|atk|1\n|-unboost|p2b: Glimmora|atk|1\n|turn|4\n|\n|t:|1776065549\n|move|p1a: Incineroar|Flare Blitz|p2b: Glimmora\n|-resisted|p2b: Glimmora|1\n|-damage|p2b: Glimmora|69/100\n|-damage|p1a: Incineroar|93/100|[from] Recoil\n|move|p2a: Sinistcha|Life Dew|p2a: Sinistcha|[spread] p2a,p2b\n|-heal|p2a: Sinistcha|99/100\n|-heal|p2b: Glimmora|95/100\n|move|p2b: Glimmora|Earth Power|p1b: Sneasler\n|-supereffective|p1b: Sneasler|1\n|-enditem|p1b: Sneasler|Focus Sash\n|-damage|p1b: Sneasler|1/100\n|move|p1b: Sneasler|Rock Slide|p2a: Sinistcha|[spread] p2b\n|-miss|p1b: Sneasler|p2a: Sinistcha\n|-damage|p2b: Glimmora|75/100\n|\n|upkeep\n|turn|5\n|\n|t:|1776065570\n|move|p1a: Incineroar|Darkest Lariat|p2b: Glimmora\n|-damage|p2b: Glimmora|26/100\n|move|p2a: Sinistcha|Matcha Gotcha|p1a: Incineroar|[spread] p1a,p1b\n|-resisted|p1a: Incineroar|1\n|-resisted|p1b: Sneasler|1\n|-damage|p1a: Incineroar|81/100\n|-heal|p2a: Sinistcha|100/100|[from] drain|[of] p1a: Incineroar\n|-damage|p1b: Sneasler|0 fnt\n|faint|p1b: Sneasler\n|move|p2b: Glimmora|Power Gem|p1a: Incineroar\n|-supereffective|p1a: Incineroar|1\n|-damage|p1a: Incineroar|0 fnt\n|faint|p1a: Incineroar\n|\n|upkeep\n|\n|t:|1776065582\n|switch|p1a: Kingambit|Kingambit, L50, F|100/100\n|turn|6\n|\n|t:|1776065591\n|move|p2b: Glimmora|Protect|p2b: Glimmora\n|-singleturn|p2b: Glimmora|Protect\n|move|p1a: Kingambit|Sucker Punch||[still]\n|-fail|p1a: Kingambit\n|move|p2a: Sinistcha|Life Dew||[still]|[spread] p2a,p2b\n|-fail|p2a: Sinistcha|heal\n|-heal|p2b: Glimmora|52/100\n|\n|-fieldend|move: Trick Room\n|upkeep\n|turn|7\n|\n|t:|1776065614\n|switch|p2b: Tyranitar|Tyranitar, L50, M|100/100\n|-weather|Sandstorm|[from] ability: Sand Stream|[of] p2b: Tyranitar\n|move|p2a: Sinistcha|Rage Powder|p2a: Sinistcha\n|-singleturn|p2a: Sinistcha|move: Rage Powder\n|move|p1a: Kingambit|Sucker Punch||[still]\n|-fail|p1a: Kingambit\n|\n|-weather|Sandstorm|[upkeep]\n|-damage|p2a: Sinistcha|94/100|[from] Sandstorm\n|upkeep\n|turn|8\n|\n|t:|1776065626\n|move|p2a: Sinistcha|Rage Powder|p2a: Sinistcha\n|-singleturn|p2a: Sinistcha|move: Rage Powder\n|move|p2b: Tyranitar|Low Kick|p1a: Kingambit\n|-supereffective|p1a: Kingambit|2\n|-enditem|p1a: Kingambit|Chople Berry|[eat]\n|-enditem|p1a: Kingambit|Chople Berry|[weaken]\n|-damage|p1a: Kingambit|60/100\n|move|p1a: Kingambit|Low Kick|p2a: Sinistcha\n|-immune|p2a: Sinistcha\n|\n|-weather|Sandstorm|[upkeep]\n|-damage|p2a: Sinistcha|88/100|[from] Sandstorm\n|upkeep\n|turn|9\n|\n|t:|1776065636\n|move|p2a: Sinistcha|Rage Powder|p2a: Sinistcha\n|-singleturn|p2a: Sinistcha|move: Rage Powder\n|move|p2b: Tyranitar|Low Kick|p1a: Kingambit\n|-supereffective|p1a: Kingambit|2\n|-damage|p1a: Kingambit|0 fnt\n|faint|p1a: Kingambit\n|\n|win|Mazuki0929\n|raw|volta stew's rating: 1121 &rarr; <strong>1093</strong><br />(-28 for losing)\n|raw|Mazuki0929's rating: 1081 &rarr; <strong>1112</strong><br />(+31 for winning)\n|l|\u2606volta stew\n|player|p1|\n",
  "uploadtime": 1776065650,
  "views": 19,
  "formatid": "gen9championsvgc2026regma",
  "rating": 1093,
  "private": 0,
  "password": null
}