{
  "id": "gen9championsvgc2026regma-2582366846",
  "format": "[Gen 9 Champions] VGC 2026 Reg M-A",
  "players": [
    "Mask4M",
    "VierVier"
  ],
  "log": "|j|\u2606Mask4M\n|j|\u2606VierVier\n|t:|1776086811\n|gametype|doubles\n|player|p1|Mask4M|101|1132\n|player|p2|VierVier|2|1065\n|gen|9\n|tier|[Gen 9 Champions] VGC 2026 Reg M-A\n|rated|\n|rule|Species Clause: Limit one of each Pok\u00e9mon\n|rule|Item Clause: Limit 1 of each item\n|clearpoke\n|poke|p1|Glimmora, L50, M|\n|poke|p1|Meganium, L50, M|\n|poke|p1|Sneasler, L50, F|\n|poke|p1|Incineroar, L50, M|\n|poke|p1|Whimsicott, L50, F|\n|poke|p1|Gyarados, L50, F|\n|poke|p2|Gengar, L50, M|\n|poke|p2|Whimsicott, L50, M|\n|poke|p2|Farigiraf, L50, M|\n|poke|p2|Lucario, L50, F|\n|poke|p2|Clefable, L50, M|\n|poke|p2|Archaludon, L50, M|\n|teampreview|4\n|inactive|Battle timer is ON: inactive players will automatically lose when time's up. (requested by VierVier)\nMask4M has agreed to open team sheets.\n|inactive|Mask4M has 60 seconds left.\nVierVier rejected open team sheets.\n|inactive|Mask4M has 30 seconds left.\n|inactive|Mask4M has 20 seconds left.\n|\n|t:|1776086886\n|teamsize|p1|4\n|teamsize|p2|4\n|start\n|switch|p1a: Meganium|Meganium, L50, M|100/100\n|switch|p1b: Sneasler|Sneasler, L50, F|100/100\n|switch|p2a: Lucario|Lucario, L50, F|100/100\n|switch|p2b: Farigiraf|Farigiraf, L50, M|100/100\n|turn|1\n|inactive|Mask4M has 30 seconds left.\n|\n|t:|1776086921\n|detailschange|p1a: Meganium|Meganium-Mega, L50, M\n|-mega|p1a: Meganium|Meganium|Meganiumite\n|move|p2a: Lucario|Meteor Mash|p1a: Meganium\n|-supereffective|p1a: Meganium|1\n|-damage|p1a: Meganium|29/100\n|move|p1b: Sneasler|Close Combat|p2a: Lucario\n|-supereffective|p2a: Lucario|1\n|-damage|p2a: Lucario|0 fnt\n|-unboost|p1b: Sneasler|def|1\n|-unboost|p1b: Sneasler|spd|1\n|faint|p2a: Lucario\n|-enditem|p1b: Sneasler|White Herb\n|-clearnegativeboost|p1b: Sneasler|[silent]\n|move|p1a: Meganium|Pollen Puff|p2b: Farigiraf\n|-supereffective|p2b: Farigiraf|1\n|-damage|p2b: Farigiraf|25/100\n|-enditem|p2b: Farigiraf|Sitrus Berry|[eat]\n|-heal|p2b: Farigiraf|49/100|[from] item: Sitrus Berry\n|move|p2b: Farigiraf|Twin Beam|p1b: Sneasler\n|-supereffective|p1b: Sneasler|2\n|-damage|p1b: Sneasler|0 fnt\n|faint|p1b: Sneasler\n|-hitcount|p1: Sneasler|1\n|\n|upkeep\n|inactive|Mask4M has 30 seconds left.\n|\n|t:|1776086947\n|switch|p1b: Incineroar|Incineroar, L50, M|100/100\n|switch|p2a: Gengar|Gengar, L50, M|100/100\n|-ability|p1b: Incineroar|Intimidate|boost\n|-unboost|p2a: Gengar|atk|1\n|-unboost|p2b: Farigiraf|atk|1\n|turn|2\n|inactive|Mask4M has 30 seconds left.\n|\n|t:|1776086982\n|switch|p1a: Gyarados|Gyarados, L50, F|100/100\n|-ability|p1a: Gyarados|Intimidate|boost\n|-unboost|p2a: Gengar|atk|1\n|-unboost|p2b: Farigiraf|atk|1\n|detailschange|p2a: Gengar|Gengar-Mega, L50, M\n|-mega|p2a: Gengar|Gengar|Gengarite\n|move|p2a: Gengar|Protect|p2a: Gengar\n|-singleturn|p2a: Gengar|Protect\n|move|p2b: Farigiraf|Hyper Voice|p1b: Incineroar|[spread] p1a,p1b\n|-damage|p1a: Gyarados|78/100\n|-damage|p1b: Incineroar|69/100\n|move|p1b: Incineroar|Throat Chop|p2b: Farigiraf\n|-supereffective|p2b: Farigiraf|1\n|-damage|p2b: Farigiraf|0 fnt\n|faint|p2b: Farigiraf\n|\n|-heal|p1a: Gyarados|84/100|[from] item: Leftovers\n|upkeep\n|\n|t:|1776086995\n|switch|p2b: Clefable|Clefable, L50, M|100/100\n|turn|3\n|inactive|Mask4M has 30 seconds left.\n|\n|t:|1776087025\n|move|p2b: Clefable|Follow Me|p2b: Clefable\n|-singleturn|p2b: Clefable|move: Follow Me\n|move|p2a: Gengar|Sludge Bomb|p1b: Incineroar\n|-damage|p1b: Incineroar|16/100\n|-enditem|p1b: Incineroar|Sitrus Berry|[eat]\n|-heal|p1b: Incineroar|41/100|[from] item: Sitrus Berry\n|move|p1a: Gyarados|Taunt|p2b: Clefable\n|-start|p2b: Clefable|move: Taunt\n|move|p1b: Incineroar|Parting Shot|p2b: Clefable\n|-unboost|p2b: Clefable|atk|1\n|-unboost|p2b: Clefable|spa|1\n|\n|t:|1776087036\n|switch|p1b: Meganium|Meganium-Mega, L50, M|29/100|[from] Parting Shot\n|\n|-heal|p1a: Gyarados|90/100|[from] item: Leftovers\n|upkeep\n|turn|4\n|\n|t:|1776087060\n|move|p2a: Gengar|Protect|p2a: Gengar\n|-singleturn|p2a: Gengar|Protect\n|move|p1a: Gyarados|Waterfall|p2a: Gengar\n|-activate|p2a: Gengar|move: Protect\n|move|p1b: Meganium|Weather Ball|p2a: Gengar\n|-activate|p2a: Gengar|move: Protect\n|move|p2b: Clefable|Icy Wind|p1a: Gyarados|[spread] p1a,p1b\n|-supereffective|p1b: Meganium|1\n|-damage|p1a: Gyarados|86/100\n|-damage|p1b: Meganium|18/100\n|-unboost|p1a: Gyarados|spe|1\n|-unboost|p1b: Meganium|spe|1\n|\n|-heal|p1a: Gyarados|92/100|[from] item: Leftovers\n|upkeep\n|turn|5\n|\n|t:|1776087079\n|move|p2a: Gengar|Thunderbolt|p1a: Gyarados\n|-supereffective|p1a: Gyarados|2\n|-damage|p1a: Gyarados|0 fnt\n|faint|p1a: Gyarados\n|move|p2b: Clefable|Moonblast|p1b: Meganium\n|-damage|p1b: Meganium|0 fnt\n|faint|p1b: Meganium\n|\n|upkeep\n|\n|t:|1776087086\n|switch|p1b: Incineroar|Incineroar, L50, M|41/100\n|-ability|p1b: Incineroar|Intimidate|boost\n|-unboost|p2a: Gengar|atk|1\n|-unboost|p2b: Clefable|atk|1\n|turn|6\n|\n|t:|1776087095\n|move|p2a: Gengar|Sludge Bomb|p1b: Incineroar\n|-damage|p1b: Incineroar|0 fnt\n|faint|p1b: Incineroar\n|\n|win|VierVier\n|raw|Mask4M's rating: 1132 &rarr; <strong>1102</strong><br />(-30 for losing)\n|raw|VierVier's rating: 1065 &rarr; <strong>1101</strong><br />(+36 for winning)\n|l|\u2606VierVier\n|player|p2|\n",
  "uploadtime": 1776087098,
  "views": 22,
  "formatid": "gen9championsvgc2026regma",
  "rating": 1101,
  "private": 0,
  "password": null
}