{
  "id": "gen9championsvgc2026regma-2587847306",
  "format": "[Gen 9 Champions] VGC 2026 Reg M-A",
  "players": [
    "KingOvershield",
    "YurtyMcYurtson"
  ],
  "log": "|j|\u2606KingOvershield\n|j|\u2606YurtyMcYurtson\n|t:|1776570176\n|gametype|doubles\n|player|p1|KingOvershield|bugcatcher-gen4dp|1116\n|player|p2|YurtyMcYurtson|169|1019\n|gen|9\n|tier|[Gen 9 Champions] VGC 2026 Reg M-A\n|rated|\n|rule|Species Clause: Limit one of each Pok\u00e9mon\n|rule|Item Clause: Limit 1 of each item\n|clearpoke\n|poke|p1|Sableye, L50, F|\n|poke|p1|Gyarados, L50, M|\n|poke|p1|Sinistcha, L50|\n|poke|p1|Lucario, L50, F|\n|poke|p1|Glimmora, L50, M|\n|poke|p1|Arcanine-Hisui, L50, F|\n|poke|p2|Whimsicott, L50, F|\n|poke|p2|Dragonite, L50, M|\n|poke|p2|Pelipper, L50, F|\n|poke|p2|Ampharos, L50, F, shiny|\n|poke|p2|Steelix, L50, M|\n|poke|p2|Starmie, L50|\n|teampreview|4\n|j| jaen32\n|c| jaen32|finally decent teams\n|c|\u2606KingOvershield|haha i just made this, its not very good :p\n|\n|t:|1776570260\n|teamsize|p1|4\n|teamsize|p2|4\n|start\n|switch|p1a: Sableye|Sableye, L50, F|100/100\n|switch|p1b: Lucario|Lucario, L50, F|100/100\n|switch|p2a: Whimsicott|Whimsicott, L50, F|100/100\n|switch|p2b: Ampharos|Ampharos, L50, F, shiny|100/100\n|turn|1\n|\n|t:|1776570303\n|move|p1b: Lucario|Protect|p1b: Lucario\n|-singleturn|p1b: Lucario|Protect\n|move|p2b: Ampharos|Protect|p2b: Ampharos\n|-singleturn|p2b: Ampharos|Protect\n|move|p1a: Sableye|Fake Out|p2b: Ampharos\n|-activate|p2b: Ampharos|move: Protect\n|move|p2a: Whimsicott|Trick Room|p2a: Whimsicott\n|-fieldstart|move: Trick Room|[of] p2a: Whimsicott\n|\n|upkeep\n|turn|2\n|\n|t:|1776570328\n|switch|p2b: Pelipper|Pelipper, L50, F|100/100\n|-weather|RainDance|[from] ability: Drizzle|[of] p2b: Pelipper\n|switch|p1b: Glimmora|Glimmora, L50, M|100/100\n|move|p1a: Sableye|Encore|p2a: Whimsicott\n|-start|p2a: Whimsicott|Encore\n|move|p2a: Whimsicott|Trick Room|p2a: Whimsicott\n|-fieldend|move: Trick Room\n|\n|-weather|RainDance|[upkeep]\n|upkeep\n|turn|3\n|\n|t:|1776570368\n|detailschange|p1b: Glimmora|Glimmora-Mega, L50, M\n|-mega|p1b: Glimmora|Glimmora|Glimmoranite\n|move|p1a: Sableye|Disable|p2a: Whimsicott\n|-start|p2a: Whimsicott|Disable|Trick Room\n|move|p1b: Glimmora|Power Gem|p2b: Pelipper\n|-supereffective|p2b: Pelipper|1\n|-damage|p2b: Pelipper|0 fnt\n|faint|p2b: Pelipper\n|cant|p2a: Whimsicott|Disable|Trick Room\n|\n|-weather|RainDance|[upkeep]\n|upkeep\n|\n|t:|1776570378\n|switch|p2b: Ampharos|Ampharos, L50, F, shiny|100/100\n|turn|4\n|\n|t:|1776570398\n|switch|p2a: Steelix|Steelix, L50, M|100/100\n|switch|p1a: Arcanine|Arcanine-Hisui, L50, F|100/100\n|-ability|p1a: Arcanine|Intimidate|boost\n|-unboost|p2a: Steelix|atk|1\n|-unboost|p2b: Ampharos|atk|1\n|detailschange|p2b: Ampharos|Ampharos-Mega, L50, F, shiny\n|-mega|p2b: Ampharos|Ampharos|Ampharosite\n|-ability|p2b: Ampharos|Mold Breaker\n|move|p1b: Glimmora|Earth Power|p2b: Ampharos\n|-supereffective|p2b: Ampharos|1\n|-damage|p2b: Ampharos|37/100\n|move|p2b: Ampharos|Thunder|p1a: Arcanine\n|-damage|p1a: Arcanine|17/100\n|-status|p1a: Arcanine|par\n|\n|-weather|RainDance|[upkeep]\n|upkeep\n|turn|5\n|\n|t:|1776570449\n|switch|p1b: Sableye|Sableye, L50, F|100/100\n|move|p2b: Ampharos|Protect|p2b: Ampharos\n|-singleturn|p2b: Ampharos|Protect\n|cant|p1a: Arcanine|par\n|move|p2a: Steelix|Rock Slide|p1a: Arcanine|[spread] p1a,p1b\n|-supereffective|p1a: Arcanine|1\n|-damage|p1a: Arcanine|0 fnt\n|-damage|p1b: Sableye|84/100\n|faint|p1a: Arcanine\n|\n|-weather|RainDance|[upkeep]\n|upkeep\n|\n|t:|1776570473\n|switch|p1a: Lucario|Lucario, L50, F|100/100\n|turn|6\n|\n|t:|1776570490\n|switch|p2b: Whimsicott|Whimsicott, L50, F|100/100\n|move|p1b: Sableye|Encore||[still]\n|-fail|p1b: Sableye\n|move|p1a: Lucario|Aura Sphere|p2a: Steelix\n|-supereffective|p2a: Steelix|1\n|-damage|p2a: Steelix|0 fnt\n|faint|p2a: Steelix\n|\n|-weather|none\n|upkeep\n|\n|t:|1776570499\n|switch|p2a: Ampharos|Ampharos-Mega, L50, F, shiny|37/100\n|-ability|p2a: Ampharos|Mold Breaker\n|turn|7\n|\n|t:|1776570517\n|move|p2a: Ampharos|Protect|p2a: Ampharos\n|-singleturn|p2a: Ampharos|Protect\n|move|p1b: Sableye|Fake Out||[still]\n|-hint|Fake Out only works on your first turn out.\n|-fail|p1b: Sableye\n|move|p1a: Lucario|Flash Cannon|p2b: Whimsicott\n|-supereffective|p2b: Whimsicott|1\n|-damage|p2b: Whimsicott|1/100\n|move|p2b: Whimsicott|Trick Room|p2b: Whimsicott\n|-fieldstart|move: Trick Room|[of] p2b: Whimsicott\n|\n|upkeep\n|turn|8\n|\n|t:|1776570531\n|move|p1a: Lucario|Protect|p1a: Lucario\n|-singleturn|p1a: Lucario|Protect\n|move|p1b: Sableye|Encore|p2b: Whimsicott\n|-start|p2b: Whimsicott|Encore\n|move|p2a: Ampharos|Thunder|p1a: Lucario\n|-activate|p1a: Lucario|move: Protect\n|move|p2b: Whimsicott|Trick Room|p2b: Whimsicott\n|-fieldend|move: Trick Room\n|\n|upkeep\n|turn|9\n|\n|t:|1776570558\n|move|p1b: Sableye|Encore|p2a: Ampharos\n|-start|p2a: Ampharos|Encore\n|move|p1a: Lucario|Flash Cannon|p2b: Whimsicott\n|-supereffective|p2b: Whimsicott|1\n|-damage|p2b: Whimsicott|0 fnt\n|faint|p2b: Whimsicott\n|move|p2a: Ampharos|Thunder|p1a: Lucario\n|-crit|p1a: Lucario\n|-enditem|p1a: Lucario|Focus Sash\n|-damage|p1a: Lucario|1/100\n|\n|upkeep\n|turn|10\n|\n|t:|1776570575\n|move|p1b: Sableye|Disable|p2a: Ampharos\n|-start|p2a: Ampharos|Disable|Thunder\n|move|p1a: Lucario|Aura Sphere|p2a: Ampharos\n|-damage|p2a: Ampharos|3/100\n|cant|p2a: Ampharos|Disable|Thunder\n|\n|upkeep\n|turn|11\n|\n|t:|1776570585\n|move|p1b: Sableye|Will-O-Wisp|p2a: Ampharos\n|-status|p2a: Ampharos|brn\n|move|p1a: Lucario|Aura Sphere|p2a: Ampharos\n|-damage|p2a: Ampharos|0 fnt\n|faint|p2a: Ampharos\n|\n|win|KingOvershield\n|raw|KingOvershield's rating: 1116 &rarr; <strong>1134</strong><br />(+18 for winning)\n|raw|YurtyMcYurtson's rating: 1019 &rarr; <strong>1010</strong><br />(-9 for losing)\n|c|\u2606KingOvershield|ggs\n|l|\u2606YurtyMcYurtson\n|player|p2|\n",
  "uploadtime": 1776570609,
  "views": 12,
  "formatid": "gen9championsvgc2026regma",
  "rating": 1010,
  "private": 0,
  "password": null
}