{
  "id": "gen9championsvgc2026regma-2587588636",
  "format": "[Gen 9 Champions] VGC 2026 Reg M-A",
  "players": [
    "rauliito_adh",
    "Lolligaggery"
  ],
  "log": "|j|\u2606rauliito_adh\n|j|\u2606Lolligaggery\n|t:|1776544807\n|gametype|doubles\n|player|p1|rauliito_adh|hilbert|1495\n|player|p2|Lolligaggery|pokemaniac|1507\n|gen|9\n|tier|[Gen 9 Champions] VGC 2026 Reg M-A\n|rated|\n|rule|Species Clause: Limit one of each Pok\u00e9mon\n|rule|Item Clause: Limit 1 of each item\n|clearpoke\n|poke|p1|Gardevoir, L50, F, shiny|\n|poke|p1|Basculegion, L50, M, shiny|\n|poke|p1|Maushold-Four, L50, shiny|\n|poke|p1|Talonflame, L50, F, shiny|\n|poke|p1|Garchomp, L50, F|\n|poke|p1|Kingambit, L50, F, shiny|\n|poke|p2|Garchomp, L50, M|\n|poke|p2|Rotom-Wash, L50|\n|poke|p2|Excadrill, L50, M|\n|poke|p2|Tyranitar, L50, M, shiny|\n|poke|p2|Sinistcha, L50|\n|poke|p2|Floette-Eternal, L50, F|\n|teampreview|4\n|inactive|Battle timer is ON: inactive players will automatically lose when time's up. (requested by rauliito_adh)\n|\n|t:|1776544854\n|teamsize|p1|4\n|teamsize|p2|4\n|start\n|switch|p1a: Garchomp|Garchomp, L50, F|100/100\n|switch|p1b: Talonflame|Talonflame, L50, F, shiny|100/100\n|switch|p2a: Garchomp|Garchomp, L50, M|100/100\n|switch|p2b: Rotom|Rotom-Wash, L50|100/100\n|turn|1\n|inactiveoff|Battle timer is now OFF.\n|inactive|Battle timer is ON: inactive players will automatically lose when time's up. (requested by rauliito_adh)\n|inactive|rauliito_adh has 30 seconds left.\n|\n|t:|1776544940\n|move|p1a: Garchomp|Protect|p1a: Garchomp\n|-singleturn|p1a: Garchomp|Protect\n|move|p1b: Talonflame|Tailwind|p1b: Talonflame\n|-sidestart|p1: rauliito_adh|move: Tailwind\n|move|p2a: Garchomp|Rock Slide|p1b: Talonflame|[spread] p1b\n|-activate|p1a: Garchomp|move: Protect\n|-supereffective|p1b: Talonflame|2\n|-damage|p1b: Talonflame|0 fnt\n|faint|p1b: Talonflame\n|move|p2b: Rotom|Will-O-Wisp|p1a: Garchomp\n|-activate|p1a: Garchomp|move: Protect\n|\n|upkeep\n|inactive|rauliito_adh has 30 seconds left.\n|inactive|rauliito_adh has 20 seconds left.\n|\n|t:|1776544979\n|switch|p1b: Gardevoir|Gardevoir, L50, F, shiny|100/100\n|turn|2\n|\n|t:|1776544990\n|detailschange|p1b: Gardevoir|Gardevoir-Mega, L50, F, shiny\n|-mega|p1b: Gardevoir|Gardevoir|Gardevoirite\n|move|p1a: Garchomp|Dragon Claw|p2b: Rotom\n|-damage|p2b: Rotom|67/100\n|move|p1b: Gardevoir|Hyper Voice|p2b: Rotom|[spread] p2a,p2b\n|-supereffective|p2a: Garchomp|1\n|-crit|p2b: Rotom\n|-damage|p2a: Garchomp|0 fnt\n|-damage|p2b: Rotom|0 fnt\n|faint|p2a: Garchomp\n|faint|p2b: Rotom\n|\n|upkeep\n|\n|t:|1776544997\n|switch|p2a: Excadrill|Excadrill, L50, M|100/100\n|switch|p2b: Tyranitar|Tyranitar, L50, M, shiny|100/100\n|-weather|Sandstorm|[from] ability: Sand Stream|[of] p2b: Tyranitar\n|turn|3\n|\n|t:|1776545014\n|move|p2a: Excadrill|Protect|p2a: Excadrill\n|-singleturn|p2a: Excadrill|Protect\n|move|p2b: Tyranitar|Protect|p2b: Tyranitar\n|-singleturn|p2b: Tyranitar|Protect\n|move|p1a: Garchomp|Earthquake|p2b: Tyranitar|[spread] p1b\n|-activate|p2a: Excadrill|move: Protect\n|-activate|p2b: Tyranitar|move: Protect\n|-damage|p1b: Gardevoir|48/100\n|move|p1b: Gardevoir|Hyper Voice|p2b: Tyranitar|[spread] \n|-activate|p2a: Excadrill|move: Protect\n|-activate|p2b: Tyranitar|move: Protect\n|\n|-weather|Sandstorm|[upkeep]\n|-damage|p1b: Gardevoir|43/100|[from] Sandstorm\n|upkeep\n|turn|4\n|j| Choklit Milk\n|\n|t:|1776545036\n|detailschange|p2b: Tyranitar|Tyranitar-Mega, L50, M, shiny\n|-mega|p2b: Tyranitar|Tyranitar|Tyranitarite\n|move|p2a: Excadrill|Iron Head|p1b: Gardevoir\n|-supereffective|p1b: Gardevoir|1\n|-crit|p1b: Gardevoir\n|-damage|p1b: Gardevoir|0 fnt\n|faint|p1b: Gardevoir\n|move|p1a: Garchomp|Rock Slide|p2a: Excadrill|[spread] p2a\n|-miss|p1a: Garchomp|p2b: Tyranitar\n|-resisted|p2a: Excadrill|2\n|-damage|p2a: Excadrill|93/100\n|move|p2b: Tyranitar|Rock Slide|p1a: Garchomp\n|-resisted|p1a: Garchomp|1\n|-damage|p1a: Garchomp|80/100\n|\n|-weather|Sandstorm|[upkeep]\n|-sideend|p1: rauliito_adh|move: Tailwind\n|upkeep\n|\n|t:|1776545046\n|switch|p1b: Basculegion|Basculegion, L50, M, shiny|100/100\n|turn|5\n|\n|t:|1776545054\n|move|p2a: Excadrill|Protect|p2a: Excadrill\n|-singleturn|p2a: Excadrill|Protect\n|move|p1b: Basculegion|Protect|p1b: Basculegion\n|-singleturn|p1b: Basculegion|Protect\n|move|p1a: Garchomp|Earthquake|p2a: Excadrill|[spread] p2b\n|-activate|p1b: Basculegion|move: Protect\n|-activate|p2a: Excadrill|move: Protect\n|-supereffective|p2b: Tyranitar|1\n|-damage|p2b: Tyranitar|45/100\n|move|p2b: Tyranitar|Knock Off|p1b: Basculegion\n|-activate|p1b: Basculegion|move: Protect\n|\n|-weather|Sandstorm|[upkeep]\n|-damage|p1b: Basculegion|95/100|[from] Sandstorm\n|upkeep\n|turn|6\n|inactive|rauliito_adh has 30 seconds left.\n|inactive|rauliito_adh has 20 seconds left.\n|\n|t:|1776545090\n|move|p1b: Basculegion|Aqua Jet|p2a: Excadrill\n|-supereffective|p2a: Excadrill|1\n|-damage|p2a: Excadrill|20/100\n|move|p2a: Excadrill|Rock Slide|p1a: Garchomp|[spread] p1a\n|-miss|p2a: Excadrill|p1b: Basculegion\n|-resisted|p1a: Garchomp|1\n|-damage|p1a: Garchomp|69/100\n|cant|p1a: Garchomp|flinch\n|move|p2b: Tyranitar|Knock Off|p1b: Basculegion\n|-supereffective|p1b: Basculegion|1\n|-damage|p1b: Basculegion|0 fnt\n|-enditem|p1b: Basculegion|Sitrus Berry|[from] move: Knock Off|[of] p2b: Tyranitar\n|faint|p1b: Basculegion\n|\n|-weather|Sandstorm|[upkeep]\n|upkeep\n|turn|7\n|l| Choklit Milk\n|inactive|Lolligaggery has 30 seconds left.\n|inactive|Lolligaggery has 20 seconds left.\n|inactive|Lolligaggery has 15 seconds left.\n|\n|t:|1776545133\n|move|p1a: Garchomp|Protect|p1a: Garchomp\n|-singleturn|p1a: Garchomp|Protect\n|move|p2a: Excadrill|Rock Slide|p1a: Garchomp\n|-activate|p1a: Garchomp|move: Protect\n|move|p2b: Tyranitar|Rock Slide|p1a: Garchomp\n|-activate|p1a: Garchomp|move: Protect\n|\n|-weather|none\n|upkeep\n|turn|8\n|\n|t:|1776545140\n|move|p2a: Excadrill|Rock Slide|p1a: Garchomp\n|-resisted|p1a: Garchomp|1\n|-damage|p1a: Garchomp|56/100\n|move|p1a: Garchomp|Earthquake|p2a: Excadrill|[spread] p2a,p2b\n|-supereffective|p2a: Excadrill|1\n|-crit|p2a: Excadrill\n|-supereffective|p2b: Tyranitar|1\n|-damage|p2a: Excadrill|0 fnt\n|-damage|p2b: Tyranitar|0 fnt\n|faint|p2a: Excadrill\n|faint|p2b: Tyranitar\n|\n|win|rauliito_adh\n|raw|rauliito_adh's rating: 1495 &rarr; <strong>1516</strong><br />(+21 for winning)\n|raw|Lolligaggery's rating: 1507 &rarr; <strong>1486</strong><br />(-21 for losing)\n",
  "uploadtime": 1776545141,
  "views": 22,
  "formatid": "gen9championsvgc2026regma",
  "rating": 1486,
  "private": 0,
  "password": null
}