{
  "id": "gen9championsvgc2026regma-2580940241",
  "format": "[Gen 9 Champions] VGC 2026 Reg M-A",
  "players": [
    "xoata",
    "memesrule"
  ],
  "log": "|j|\u2606xoata\n|j|\u2606memesrule\n|t:|1775945128\n|gametype|doubles\n|player|p1|xoata|hiker-gen4|\n|player|p2|memesrule|265|\n|gen|9\n|tier|[Gen 9 Champions] VGC 2026 Reg M-A\n|rule|Species Clause: Limit one of each Pok\u00e9mon\n|rule|Item Clause: Limit 1 of each item\n|clearpoke\n|poke|p1|Gengar, L50, F|\n|poke|p1|Umbreon, L50, F|\n|poke|p1|Sinistcha, L50|\n|poke|p1|Incineroar, L50, M|\n|poke|p1|Aerodactyl, L50, F|\n|poke|p1|Whimsicott, L50, F|\n|poke|p2|Drampa, L50, M|\n|poke|p2|Alakazam, L50, F|\n|poke|p2|Sinistcha, L50|\n|poke|p2|Scizor, L50, M|\n|poke|p2|Pelipper, L50, M|\n|poke|p2|Incineroar, L50, M|\n|teampreview|4\n|inactive|Battle timer is ON: inactive players will automatically lose when time's up. (requested by xoata)\n|\n|t:|1775945148\n|teamsize|p1|4\n|teamsize|p2|4\n|start\n|switch|p1a: noboomers|Aerodactyl, L50, F, shiny|100/100\n|switch|p1b: bubbles|Whimsicott, L50, F, shiny|100/100\n|switch|p2a: Drampa|Drampa, L50, M|100/100\n|switch|p2b: Alakazam|Alakazam, L50, F|100/100\n|-ability|p2a: Drampa|Cloud Nine\n|turn|1\n|inactive|xoata has 30 seconds left.\n|\n|t:|1775945179\n|switch|p2b: Incineroar|Incineroar, L50, M|100/100\n|-ability|p2b: Incineroar|Intimidate|boost\n|-unboost|p1a: noboomers|atk|1\n|-unboost|p1b: bubbles|atk|1\n|detailschange|p1a: noboomers|Aerodactyl-Mega, L50, F, shiny\n|-mega|p1a: noboomers|Aerodactyl|Aerodactylite\n|detailschange|p2a: Drampa|Drampa-Mega, L50, M\n|-mega|p2a: Drampa|Drampa|Drampanite\n|move|p1b: bubbles|Tailwind|p1b: bubbles\n|-sidestart|p1: xoata|move: Tailwind\n|move|p1a: noboomers|Ice Fang|p2a: Drampa\n|-supereffective|p2a: Drampa|1\n|-damage|p2a: Drampa|69/100\n|cant|p2a: Drampa|flinch\n|\n|upkeep\n|turn|2\n|\n|t:|1775945200\n|switch|p1a: metacuck|Incineroar, L50, M, shiny|100/100\n|-ability|p1a: metacuck|Intimidate|boost\n|-unboost|p2a: Drampa|atk|1\n|-unboost|p2b: Incineroar|atk|1\n|move|p1b: bubbles|Protect|p1b: bubbles\n|-singleturn|p1b: bubbles|Protect\n|move|p2b: Incineroar|Fake Out|p1a: metacuck\n|-damage|p1a: metacuck|91/100\n|move|p2a: Drampa|Hyper Voice|p1a: metacuck|[spread] p1a\n|-activate|p1b: bubbles|move: Protect\n|-damage|p1a: metacuck|48/100\n|\n|upkeep\n|turn|3\n|\n|t:|1775945218\n|switch|p2b: Sinistcha|Sinistcha, L50|100/100\n|-heal|p2a: Drampa|94/100|[from] ability: Hospitality|[of] p2b: Sinistcha\n|move|p1b: bubbles|Moonblast|p2a: Drampa\n|-supereffective|p2a: Drampa|1\n|-damage|p2a: Drampa|49/100\n|-ability|p2a: Drampa|Berserk|boost\n|-boost|p2a: Drampa|spa|1\n|move|p1a: metacuck|Parting Shot|p2a: Drampa\n|-unboost|p2a: Drampa|atk|1\n|-unboost|p2a: Drampa|spa|1\n|\n|t:|1775945237\n|switch|p1a: medic|Sinistcha, L50, shiny|100/100|[from] Parting Shot\n|move|p2a: Drampa|Calm Mind|p2a: Drampa\n|-boost|p2a: Drampa|spa|1\n|-boost|p2a: Drampa|spd|1\n|\n|upkeep\n|turn|4\n|\n|t:|1775945262\n|switch|p1a: metacuck|Incineroar, L50, M, shiny|48/100\n|-ability|p1a: metacuck|Intimidate|boost\n|-unboost|p2a: Drampa|atk|1\n|-unboost|p2b: Sinistcha|atk|1\n|move|p2a: Drampa|Protect|p2a: Drampa\n|-singleturn|p2a: Drampa|Protect\n|move|p1b: bubbles|Moonblast|p2a: Drampa\n|-activate|p2a: Drampa|move: Protect\n|move|p2b: Sinistcha|Trick Room|p2b: Sinistcha\n|-fieldstart|move: Trick Room|[of] p2b: Sinistcha\n|\n|-sideend|p1: xoata|move: Tailwind\n|upkeep\n|turn|5\n|\n|t:|1775945284\n|move|p1a: metacuck|Fake Out|p2a: Drampa\n|-damage|p2a: Drampa|36/100\n|move|p2b: Sinistcha|Rage Powder|p2b: Sinistcha\n|-singleturn|p2b: Sinistcha|move: Rage Powder\n|cant|p2a: Drampa|flinch\n|move|p1b: bubbles|Moonblast|p2a: Drampa\n|-supereffective|p2a: Drampa|1\n|-damage|p2a: Drampa|6/100\n|\n|upkeep\n|turn|6\n|\n|t:|1775945304\n|move|p1b: bubbles|Protect|p1b: bubbles\n|-singleturn|p1b: bubbles|Protect\n|move|p2a: Drampa|Hyper Voice|p1a: metacuck|[spread] p1a\n|-activate|p1b: bubbles|move: Protect\n|-damage|p1a: metacuck|0 fnt\n|faint|p1a: metacuck\n|move|p2b: Sinistcha|Matcha Gotcha|p1b: bubbles\n|-activate|p1b: bubbles|move: Protect\n|\n|upkeep\n|\n|t:|1775945324\n|switch|p1a: noboomers|Aerodactyl-Mega, L50, F, shiny|100/100\n|turn|7\n|\n|t:|1775945346\n|move|p1a: noboomers|Protect|p1a: noboomers\n|-singleturn|p1a: noboomers|Protect\n|move|p2a: Drampa|Hyper Voice|p1a: noboomers|[spread] p1b\n|-activate|p1a: noboomers|move: Protect\n|-damage|p1b: bubbles|11/100\n|move|p2b: Sinistcha|Life Dew||[still]|[spread] p2a,p2b\n|-heal|p2a: Drampa|31/100\n|-fail|p2b: Sinistcha|heal\n|move|p1b: bubbles|Moonblast|p2a: Drampa\n|-supereffective|p2a: Drampa|1\n|-damage|p2a: Drampa|0 fnt\n|faint|p2a: Drampa\n|\n|upkeep\n|c|\u2606xoata|that guy was nutty\n|\n|t:|1775945363\n|switch|p2a: Incineroar|Incineroar, L50, M|100/100\n|-ability|p2a: Incineroar|Intimidate|boost\n|-unboost|p1a: noboomers|atk|1\n|-unboost|p1b: bubbles|atk|1\n|turn|8\n|\n|t:|1775945387\n|switch|p1a: medic|Sinistcha, L50, shiny|100/100\n|-heal|p1b: bubbles|35/100|[from] ability: Hospitality|[of] p1a: medic\n|move|p1b: bubbles|Tailwind|p1b: bubbles\n|-sidestart|p1: xoata|move: Tailwind\n|move|p2a: Incineroar|Darkest Lariat|p1a: medic\n|-supereffective|p1a: medic|1\n|-damage|p1a: medic|25/100\n|move|p2b: Sinistcha|Matcha Gotcha|p1a: medic|[spread] p1a,p1b\n|-resisted|p1a: medic|1\n|-resisted|p1b: bubbles|1\n|-damage|p1a: medic|15/100\n|-damage|p1b: bubbles|18/100\n|-status|p1b: bubbles|brn\n|\n|-damage|p1b: bubbles|12/100 brn|[from] brn\n|-fieldend|move: Trick Room\n|upkeep\n|turn|9\n|\n|t:|1775945409\n|switch|p2a: Alakazam|Alakazam, L50, F|100/100\n|move|p1b: bubbles|Moonblast|p2a: Alakazam\n|-damage|p2a: Alakazam|69/100\n|move|p1a: medic|Life Dew|p1a: medic|[spread] p1a,p1b\n|-heal|p1a: medic|40/100\n|-heal|p1b: bubbles|38/100 brn\n|move|p2b: Sinistcha|Trick Room|p2b: Sinistcha\n|-fieldstart|move: Trick Room|[of] p2b: Sinistcha\n|\n|-damage|p1b: bubbles|32/100 brn|[from] brn\n|upkeep\n|turn|10\n|inactive|xoata has 30 seconds left.\n|\n|t:|1775945438\n|move|p1b: bubbles|Protect|p1b: bubbles\n|-singleturn|p1b: bubbles|Protect\n|move|p2b: Sinistcha|Matcha Gotcha|p1b: bubbles|[spread] p1a\n|-activate|p1b: bubbles|move: Protect\n|-resisted|p1a: medic|1\n|-damage|p1a: medic|28/100\n|move|p1a: medic|Life Dew|p1a: medic|[spread] p1a,p1b\n|-heal|p1a: medic|53/100\n|-heal|p1b: bubbles|57/100 brn\n|move|p2a: Alakazam|Psychic|p1b: bubbles\n|-activate|p1b: bubbles|move: Protect\n|\n|-damage|p1b: bubbles|51/100 brn|[from] brn\n|upkeep\n|turn|11\n|inactive|memesrule has 30 seconds left.\n|inactive|memesrule has 20 seconds left.\n|\n|t:|1775945477\n|move|p2b: Sinistcha|Matcha Gotcha|p1b: bubbles|[spread] p1a,p1b\n|-resisted|p1a: medic|1\n|-resisted|p1b: bubbles|1\n|-damage|p1a: medic|43/100\n|-damage|p1b: bubbles|35/100 brn\n|move|p1a: medic|Shadow Ball|p2a: Alakazam\n|-supereffective|p2a: Alakazam|1\n|-damage|p2a: Alakazam|0 fnt\n|faint|p2a: Alakazam\n|move|p1b: bubbles|Moonblast|p2b: Sinistcha\n|-damage|p2b: Sinistcha|70/100\n|\n|-damage|p1b: bubbles|29/100 brn|[from] brn\n|-sideend|p1: xoata|move: Tailwind\n|upkeep\n|\n|t:|1775945491\n|switch|p2a: Incineroar|Incineroar, L50, M|100/100\n|-ability|p2a: Incineroar|Intimidate|boost\n|-unboost|p1a: medic|atk|1\n|-unboost|p1b: bubbles|atk|1\n|turn|12\n|\n|t:|1775945513\n|switch|p1a: noboomers|Aerodactyl-Mega, L50, F, shiny|100/100\n|move|p1b: bubbles|Tailwind|p1b: bubbles\n|-sidestart|p1: xoata|move: Tailwind\n|move|p2a: Incineroar|Flare Blitz|p1a: noboomers\n|-resisted|p1a: noboomers|1\n|-damage|p1a: noboomers|62/100\n|-damage|p2a: Incineroar|90/100|[from] Recoil\n|move|p2b: Sinistcha|Life Dew|p2b: Sinistcha|[spread] p2a,p2b\n|-heal|p2a: Incineroar|100/100\n|-heal|p2b: Sinistcha|95/100\n|\n|-damage|p1b: bubbles|23/100 brn|[from] brn\n|upkeep\n|turn|13\n|\n|t:|1775945536\n|move|p1b: bubbles|Protect|p1b: bubbles\n|-singleturn|p1b: bubbles|Protect\n|move|p1a: noboomers|Protect|p1a: noboomers\n|-singleturn|p1a: noboomers|Protect\n|move|p2a: Incineroar|Darkest Lariat|p1a: noboomers\n|-activate|p1a: noboomers|move: Protect\n|move|p2b: Sinistcha|Matcha Gotcha|p1b: bubbles|[spread] \n|-activate|p1a: noboomers|move: Protect\n|-activate|p1b: bubbles|move: Protect\n|\n|-damage|p1b: bubbles|17/100 brn|[from] brn\n|-fieldend|move: Trick Room\n|upkeep\n|turn|14\n|\n|t:|1775945557\n|switch|p1b: medic|Sinistcha, L50, shiny|43/100\n|-heal|p1a: noboomers|86/100|[from] ability: Hospitality|[of] p1b: medic\n|move|p1a: noboomers|Dual Wingbeat|p2b: Sinistcha\n|-supereffective|p2b: Sinistcha|1\n|-damage|p2b: Sinistcha|55/100\n|-supereffective|p2b: Sinistcha|1\n|-damage|p2b: Sinistcha|11/100\n|-enditem|p2b: Sinistcha|Sitrus Berry|[eat]\n|-heal|p2b: Sinistcha|36/100|[from] item: Sitrus Berry\n|-hitcount|p2b: Sinistcha|2\n|move|p2b: Sinistcha|Matcha Gotcha|p1b: medic|[spread] p1a,p1b\n|-resisted|p1b: medic|1\n|-damage|p1a: noboomers|62/100\n|-heal|p2b: Sinistcha|48/100|[from] drain|[of] p1a: noboomers\n|-damage|p1b: medic|30/100\n|-heal|p2b: Sinistcha|54/100|[from] drain|[of] p1b: medic\n|move|p2a: Incineroar|Darkest Lariat|p1a: noboomers\n|-damage|p1a: noboomers|8/100\n|\n|upkeep\n|turn|15\n|inactive|xoata has 30 seconds left.\n|inactive|memesrule has 30 seconds left.\n|inactive|xoata has 20 seconds left.\n|\n|t:|1775945595\n|move|p1b: medic|Rage Powder|p1b: medic\n|-singleturn|p1b: medic|move: Rage Powder\n|move|p1a: noboomers|Dual Wingbeat|p2b: Sinistcha\n|-supereffective|p2b: Sinistcha|1\n|-damage|p2b: Sinistcha|11/100\n|-supereffective|p2b: Sinistcha|1\n|-damage|p2b: Sinistcha|0 fnt\n|faint|p2b: Sinistcha\n|-hitcount|p2: Sinistcha|2\n|move|p2a: Incineroar|Flare Blitz|p1b: medic\n|-supereffective|p1b: medic|1\n|-damage|p1b: medic|0 fnt\n|faint|p1b: medic\n|-damage|p2a: Incineroar|92/100|[from] Recoil\n|\n|-sideend|p1: xoata|move: Tailwind\n|upkeep\n|c|\u2606memesrule|gg wp\n|\n|t:|1775945608\n|switch|p1b: bubbles|Whimsicott, L50, F, shiny|17/100 brn\n|turn|16\n|c|\u2606xoata|rockslide could miss\n|\n|t:|1775945619\n|move|p1a: noboomers|Rock Slide|p2a: Incineroar|[miss]\n|-miss|p1a: noboomers|p2a: Incineroar\n|move|p1b: bubbles|Moonblast|p2a: Incineroar\n|-damage|p2a: Incineroar|68/100\n|-unboost|p2a: Incineroar|spa|1\n|move|p2a: Incineroar|Flare Blitz|p1a: noboomers\n|-resisted|p1a: noboomers|1\n|-damage|p1a: noboomers|0 fnt\n|faint|p1a: noboomers\n|-damage|p2a: Incineroar|66/100|[from] Recoil\n|\n|-damage|p1b: bubbles|11/100 brn|[from] brn\n|upkeep\n|turn|17\n|c|\u2606memesrule|lol\n|c|\u2606xoata|lmnao!!!\n|c|\u2606xoata|ggs\n|c|\u2606memesrule|what a game\n|c|\u2606memesrule|gg\n|\n|t:|1775945633\n|move|p1b: bubbles|Moonblast|p2a: Incineroar\n|-damage|p2a: Incineroar|39/100\n|move|p2a: Incineroar|Flare Blitz|p1b: bubbles\n|-supereffective|p1b: bubbles|1\n|-damage|p1b: bubbles|0 fnt\n|faint|p1b: bubbles\n|-damage|p2a: Incineroar|36/100|[from] Recoil\n|\n|win|memesrule\n|c|\u2606memesrule|you spoke it to life\n",
  "uploadtime": 1775945643,
  "views": 14,
  "formatid": "gen9championsvgc2026regma",
  "rating": null,
  "private": 0,
  "password": null
}