{
  "id": "gen9championsvgc2026regma-2588047861",
  "format": "[Gen 9 Champions] VGC 2026 Reg M-A",
  "players": [
    "pichuavk",
    "soracurry"
  ],
  "log": "|j|\u2606pichuavk\n|j|\u2606soracurry\n|t:|1776597814\n|gametype|doubles\n|player|p1|pichuavk|101|1328\n|player|p2|soracurry|265|1448\n|gen|9\n|tier|[Gen 9 Champions] VGC 2026 Reg M-A\n|rated|\n|rule|Species Clause: Limit one of each Pok\u00e9mon\n|rule|Item Clause: Limit 1 of each item\n|clearpoke\n|poke|p1|Sneasler, L50, F|\n|poke|p1|Floette-Eternal, L50, F|\n|poke|p1|Incineroar, L50, F|\n|poke|p1|Sinistcha, L50|\n|poke|p1|Volcarona, L50, F|\n|poke|p1|Aerodactyl, L50, M|\n|poke|p2|Incineroar, L50, F|\n|poke|p2|Aerodactyl, L50, M|\n|poke|p2|Gardevoir, L50, F|\n|poke|p2|Sneasler, L50, F|\n|poke|p2|Maushold, L50|\n|poke|p2|Kingambit, L50, M|\n|teampreview|4\n|inactive|Battle timer is ON: inactive players will automatically lose when time's up. (requested by soracurry)\n|inactive|pichuavk has 60 seconds left.\n|\n|t:|1776597864\n|teamsize|p1|4\n|teamsize|p2|4\n|start\n|switch|p1a: Aerodactyl|Aerodactyl, L50, M|100/100\n|switch|p1b: Sneasler|Sneasler, L50, F|100/100\n|switch|p2a: Gardevoir|Gardevoir, L50, F|100/100\n|switch|p2b: Aerodactyl|Aerodactyl, L50, M|100/100\n|-ability|p1a: Aerodactyl|Unnerve\n|-ability|p2b: Aerodactyl|Unnerve\n|-ability|p2a: Gardevoir|Unnerve|Trace|[from] ability: Trace|[of] p1a: Aerodactyl\n|-ability|p2a: Gardevoir|Unnerve\n|turn|1\n|inactive|pichuavk has 30 seconds left.\n|\n|t:|1776597891\n|detailschange|p2a: Gardevoir|Gardevoir-Mega, L50, F\n|-mega|p2a: Gardevoir|Gardevoir|Gardevoirite\n|move|p1b: Sneasler|Fake Out|p2a: Gardevoir\n|-damage|p2a: Gardevoir|82/100\n|move|p1a: Aerodactyl|Tailwind|p1a: Aerodactyl\n|-sidestart|p1: pichuavk|move: Tailwind\n|move|p2b: Aerodactyl|Dual Wingbeat|p1b: Sneasler\n|-supereffective|p1b: Sneasler|1\n|-damage|p1b: Sneasler|39/100\n|-supereffective|p1b: Sneasler|1\n|-damage|p1b: Sneasler|0 fnt\n|faint|p1b: Sneasler\n|-hitcount|p1: Sneasler|2\n|cant|p2a: Gardevoir|flinch\n|\n|upkeep\n|\n|t:|1776597914\n|switch|p1b: Volcarona|Volcarona, L50, F|100/100\n|turn|2\n|inactive|pichuavk has 30 seconds left.\n|inactive|soracurry has 30 seconds left.\n|\n|t:|1776597942\n|move|p2a: Gardevoir|Protect|p2a: Gardevoir\n|-singleturn|p2a: Gardevoir|Protect\n|move|p1a: Aerodactyl|Rock Slide|p2a: Gardevoir|[spread] p2b\n|-activate|p2a: Gardevoir|move: Protect\n|-supereffective|p2b: Aerodactyl|1\n|-damage|p2b: Aerodactyl|22/100\n|move|p1b: Volcarona|Psychic|p2b: Aerodactyl\n|-damage|p2b: Aerodactyl|0 fnt\n|faint|p2b: Aerodactyl\n|\n|upkeep\n|\n|t:|1776597950\n|switch|p2b: Sneasler|Sneasler, L50, F|100/100\n|turn|3\n|\n|t:|1776597962\n|move|p1a: Aerodactyl|Protect|p1a: Aerodactyl\n|-singleturn|p1a: Aerodactyl|Protect\n|move|p1b: Volcarona|Protect|p1b: Volcarona\n|-singleturn|p1b: Volcarona|Protect\n|move|p2b: Sneasler|Fake Out|p1a: Aerodactyl\n|-activate|p1a: Aerodactyl|move: Protect\n|move|p2a: Gardevoir|Hyper Voice|p1b: Volcarona|[spread] \n|-activate|p1a: Aerodactyl|move: Protect\n|-activate|p1b: Volcarona|move: Protect\n|\n|upkeep\n|turn|4\n|\n|t:|1776597986\n|move|p2b: Sneasler|Protect|p2b: Sneasler\n|-singleturn|p2b: Sneasler|Protect\n|move|p1a: Aerodactyl|Rock Slide|p2b: Sneasler|[spread] p2a\n|-activate|p2b: Sneasler|move: Protect\n|-damage|p2a: Gardevoir|50/100\n|move|p1b: Volcarona|Quiver Dance|p1b: Volcarona\n|-boost|p1b: Volcarona|spa|1\n|-boost|p1b: Volcarona|spd|1\n|-boost|p1b: Volcarona|spe|1\n|cant|p2a: Gardevoir|flinch\n|\n|-sideend|p1: pichuavk|move: Tailwind\n|upkeep\n|turn|5\n|inactive|pichuavk has 30 seconds left.\n|inactive|pichuavk has 20 seconds left.\n|\n|t:|1776598022\n|switch|p2b: Kingambit|Kingambit, L50, M|100/100\n|move|p1b: Volcarona|Heat Wave|p2a: Gardevoir|[spread] p2b\n|-miss|p1b: Volcarona|p2a: Gardevoir\n|-supereffective|p2b: Kingambit|1\n|-damage|p2b: Kingambit|0 fnt\n|faint|p2b: Kingambit\n|move|p1a: Aerodactyl|Dual Wingbeat|p2a: Gardevoir\n|-damage|p2a: Gardevoir|26/100\n|-damage|p2a: Gardevoir|3/100\n|-hitcount|p2a: Gardevoir|2\n|move|p2a: Gardevoir|Trick Room|p2a: Gardevoir\n|-fieldstart|move: Trick Room|[of] p2a: Gardevoir\n|\n|upkeep\n|\n|t:|1776598026\n|switch|p2b: Sneasler|Sneasler, L50, F|100/100\n|turn|6\n|\n|t:|1776598038\n|move|p1a: Aerodactyl|Protect|p1a: Aerodactyl\n|-singleturn|p1a: Aerodactyl|Protect\n|move|p1b: Volcarona|Protect|p1b: Volcarona\n|-singleturn|p1b: Volcarona|Protect\n|move|p2a: Gardevoir|Psychic|p1b: Volcarona\n|-activate|p1b: Volcarona|move: Protect\n|move|p2b: Sneasler|Dire Claw|p1b: Volcarona\n|-activate|p1b: Volcarona|move: Protect\n|\n|upkeep\n|turn|7\n|\n|t:|1776598053\n|move|p2a: Gardevoir|Hyper Voice|p1a: Aerodactyl|[spread] p1a,p1b\n|-resisted|p1b: Volcarona|1\n|-damage|p1a: Aerodactyl|29/100\n|-damage|p1b: Volcarona|82/100\n|move|p2b: Sneasler|Close Combat|p1a: Aerodactyl\n|-damage|p1a: Aerodactyl|0 fnt\n|-unboost|p2b: Sneasler|def|1\n|-unboost|p2b: Sneasler|spd|1\n|faint|p1a: Aerodactyl\n|-enditem|p2b: Sneasler|White Herb\n|-clearnegativeboost|p2b: Sneasler|[silent]\n|move|p1b: Volcarona|Heat Wave|p2b: Sneasler|[spread] p2a,p2b\n|-crit|p2b: Sneasler\n|-damage|p2a: Gardevoir|0 fnt\n|-damage|p2b: Sneasler|0 fnt\n|faint|p2a: Gardevoir\n|faint|p2b: Sneasler\n|\n|win|pichuavk\n|raw|pichuavk's rating: 1328 &rarr; <strong>1355</strong><br />(+27 for winning)\n|raw|soracurry's rating: 1448 &rarr; <strong>1421</strong><br />(-27 for losing)\n|l|\u2606soracurry\n|player|p2|\n",
  "uploadtime": 1776598071,
  "views": 15,
  "formatid": "gen9championsvgc2026regma",
  "rating": 1355,
  "private": 0,
  "password": null
}