{
  "id": "gen9championsvgc2026regma-2587337722",
  "format": "[Gen 9 Champions] VGC 2026 Reg M-A",
  "players": [
    "Jorgeloy",
    "hady987654321"
  ],
  "log": "|j|\u2606Jorgeloy\n|j|\u2606hady987654321\n|t:|1776523289\n|gametype|doubles\n|player|p1|Jorgeloy|swimmer-gen4dp|1183\n|player|p2|hady987654321|pilot|1105\n|gen|9\n|tier|[Gen 9 Champions] VGC 2026 Reg M-A\n|rated|\n|rule|Species Clause: Limit one of each Pok\u00e9mon\n|rule|Item Clause: Limit 1 of each item\n|clearpoke\n|poke|p1|Kommo-o, L50, M|\n|poke|p1|Skarmory, L50, F|\n|poke|p1|Sinistcha-Masterpiece, L50|\n|poke|p1|Primarina, L50, M|\n|poke|p1|Sneasler, L50, M|\n|poke|p1|Tyranitar, L50, M|\n|poke|p2|Crabominable, L50, M|\n|poke|p2|Incineroar, L50, M|\n|poke|p2|Farigiraf, L50, F|\n|poke|p2|Torkoal, L50, F|\n|poke|p2|Blastoise, L50, F|\n|poke|p2|Meowscarada, L50, M|\n|teampreview|4\n|inactive|Battle timer is ON: inactive players will automatically lose when time's up. (requested by hady987654321)\n|inactive|Jorgeloy has 60 seconds left.\n|\n|t:|1776523340\n|teamsize|p1|4\n|teamsize|p2|4\n|start\n|switch|p1a: Tyranitar|Tyranitar, L50, M|100/100\n|switch|p1b: Kommo-o|Kommo-o, L50, M|100/100\n|switch|p2a: Crabominable|Crabominable, L50, M|100/100\n|switch|p2b: Farigiraf|Farigiraf, L50, F|100/100\n|-weather|Sandstorm|[from] ability: Sand Stream|[of] p1a: Tyranitar\n|turn|1\n|\n|t:|1776523363\n|move|p2a: Crabominable|Protect|p2a: Crabominable\n|-singleturn|p2a: Crabominable|Protect\n|move|p1a: Tyranitar|Crunch|p2b: Farigiraf\n|-supereffective|p2b: Farigiraf|1\n|-damage|p2b: Farigiraf|26/100\n|-enditem|p2b: Farigiraf|Sitrus Berry|[eat]\n|-heal|p2b: Farigiraf|50/100|[from] item: Sitrus Berry\n|move|p1b: Kommo-o|Aura Sphere|p2a: Crabominable\n|-activate|p2a: Crabominable|move: Protect\n|move|p2b: Farigiraf|Trick Room|p2b: Farigiraf\n|-fieldstart|move: Trick Room|[of] p2b: Farigiraf\n|\n|-weather|Sandstorm|[upkeep]\n|-damage|p2a: Crabominable|95/100|[from] Sandstorm\n|-damage|p2b: Farigiraf|44/100|[from] Sandstorm\n|-damage|p1b: Kommo-o|95/100|[from] Sandstorm\n|-heal|p1b: Kommo-o|100/100|[from] item: Leftovers\n|upkeep\n|turn|2\n|inactive|Jorgeloy has 30 seconds left.\n|inactive|hady987654321 has 30 seconds left.\n|\n|t:|1776523394\n|switch|p1a: Primarina|Primarina, L50, M|100/100\n|detailschange|p2a: Crabominable|Crabominable-Mega, L50, M\n|-mega|p2a: Crabominable|Crabominable|Crabominite\n|move|p1b: Kommo-o|Protect|p1b: Kommo-o\n|-singleturn|p1b: Kommo-o|Protect\n|move|p2a: Crabominable|Close Combat|p1a: Primarina\n|-resisted|p1a: Primarina|1\n|-damage|p1a: Primarina|59/100\n|-unboost|p2a: Crabominable|def|1\n|-unboost|p2a: Crabominable|spd|1\n|move|p2b: Farigiraf|Dazzling Gleam|p1a: Primarina|[spread] p1a\n|-activate|p1b: Kommo-o|move: Protect\n|-damage|p1a: Primarina|45/100\n|\n|-weather|Sandstorm|[upkeep]\n|-damage|p2a: Crabominable|89/100|[from] Sandstorm\n|-damage|p2b: Farigiraf|38/100|[from] Sandstorm\n|-damage|p1a: Primarina|39/100|[from] Sandstorm\n|-damage|p1b: Kommo-o|95/100|[from] Sandstorm\n|-heal|p1b: Kommo-o|100/100|[from] item: Leftovers\n|upkeep\n|turn|3\n|\n|t:|1776523417\n|switch|p1b: Skarmory|Skarmory, L50, F|100/100\n|move|p2a: Crabominable|Close Combat|p1a: Primarina\n|-resisted|p1a: Primarina|1\n|-damage|p1a: Primarina|0 fnt\n|-unboost|p2a: Crabominable|def|1\n|-unboost|p2a: Crabominable|spd|1\n|faint|p1a: Primarina\n|move|p2b: Farigiraf|Dazzling Gleam|p1b: Skarmory\n|-resisted|p1b: Skarmory|1\n|-damage|p1b: Skarmory|85/100\n|\n|-weather|Sandstorm|[upkeep]\n|-damage|p2a: Crabominable|83/100|[from] Sandstorm\n|-damage|p2b: Farigiraf|32/100|[from] Sandstorm\n|upkeep\n|\n|t:|1776523431\n|switch|p1a: Tyranitar|Tyranitar, L50, M|100/100\n|turn|4\n|\n|t:|1776523446\n|switch|p2b: Incineroar|Incineroar, L50, M|100/100\n|-ability|p2b: Incineroar|Intimidate|boost\n|-unboost|p1a: Tyranitar|atk|1\n|-unboost|p1b: Skarmory|atk|1\n|detailschange|p1b: Skarmory|Skarmory-Mega, L50, F\n|-mega|p1b: Skarmory|Skarmory|Skarmorite\n|move|p2a: Crabominable|Protect|p2a: Crabominable\n|-singleturn|p2a: Crabominable|Protect\n|move|p1b: Skarmory|Protect|p1b: Skarmory\n|-singleturn|p1b: Skarmory|Protect\n|move|p1a: Tyranitar|Crunch|p2b: Incineroar\n|-resisted|p2b: Incineroar|1\n|-damage|p2b: Incineroar|84/100\n|\n|-weather|Sandstorm|[upkeep]\n|-damage|p2a: Crabominable|77/100|[from] Sandstorm\n|-damage|p2b: Incineroar|78/100|[from] Sandstorm\n|upkeep\n|turn|5\n|\n|t:|1776523466\n|switch|p1a: Kommo-o|Kommo-o, L50, M|100/100\n|move|p2a: Crabominable|Ice Hammer|p1b: Skarmory\n|-damage|p1b: Skarmory|0 fnt\n|-unboost|p2a: Crabominable|spe|1\n|faint|p1b: Skarmory\n|move|p2b: Incineroar|Close Combat|p1a: Kommo-o\n|-damage|p1a: Kommo-o|62/100\n|-unboost|p2b: Incineroar|def|1\n|-unboost|p2b: Incineroar|spd|1\n|-enditem|p2b: Incineroar|White Herb\n|-clearnegativeboost|p2b: Incineroar|[silent]\n|\n|-weather|none\n|-heal|p1a: Kommo-o|68/100|[from] item: Leftovers\n|-fieldend|move: Trick Room\n|upkeep\n|inactive|Jorgeloy has 30 seconds left.\n|inactive|Jorgeloy has 20 seconds left.\n|inactive|Jorgeloy has 15 seconds left.\n|inactive|Jorgeloy has 10 seconds left.\n|inactive|Jorgeloy has 5 seconds left.\n|\n|t:|1776523521\n|switch|p1b: Tyranitar|Tyranitar, L50, M|100/100\n|-weather|Sandstorm|[from] ability: Sand Stream|[of] p1b: Tyranitar\n|turn|6\n|inactive|Jorgeloy has 30 seconds left.\n|inactive|Jorgeloy has 20 seconds left.\n|inactive|Jorgeloy has 15 seconds left.\n|inactive|Jorgeloy has 10 seconds left.\n|inactive|Jorgeloy has 5 seconds left.\n|-message|Jorgeloy forfeited.\n|\n|win|hady987654321\n|raw|Jorgeloy's rating: 1183 &rarr; <strong>1152</strong><br />(-31 for losing)\n|raw|hady987654321's rating: 1105 &rarr; <strong>1136</strong><br />(+31 for winning)\n|l|\u2606Jorgeloy\n|player|p1|\n",
  "uploadtime": 1776523578,
  "views": 17,
  "formatid": "gen9championsvgc2026regma",
  "rating": 1136,
  "private": 0,
  "password": null
}