{
  "id": "gen9championsvgc2026regma-2583077125",
  "format": "[Gen 9 Champions] VGC 2026 Reg M-A",
  "players": [
    "Miko008",
    "talka73"
  ],
  "log": "|j|\u2606Miko008\n|j|\u2606talka73\n|t:|1776139418\n|gametype|doubles\n|player|p1|Miko008|lady|1214\n|player|p2|talka73|ghetsis|1289\n|gen|9\n|tier|[Gen 9 Champions] VGC 2026 Reg M-A\n|rated|\n|rule|Species Clause: Limit one of each Pok\u00e9mon\n|rule|Item Clause: Limit 1 of each item\n|clearpoke\n|poke|p1|Archaludon, L50, F|\n|poke|p1|Beedrill, L50, F|\n|poke|p1|Zoroark-Hisui, L50, F|\n|poke|p1|Pelipper, L50, M|\n|poke|p1|Farigiraf, L50, F|\n|poke|p1|Garchomp, L50, M|\n|poke|p2|Delphox, L50, M|\n|poke|p2|Sneasler, L50, F|\n|poke|p2|Clefable, L50, F|\n|poke|p2|Kingambit, L50, M|\n|poke|p2|Garchomp, L50, M|\n|poke|p2|Basculegion, L50, M|\n|teampreview|4\n|inactive|Battle timer is ON: inactive players will automatically lose when time's up. (requested by talka73)\n|\n|t:|1776139467\n|teamsize|p1|4\n|teamsize|p2|4\n|start\n|switch|p1a: Poni|Farigiraf, L50, F|100/100\n|switch|p1b: Aby|Beedrill, L50, F|100/100\n|switch|p2a: Clefable|Clefable, L50, F|100/100\n|switch|p2b: Sneasler|Sneasler, L50, F, shiny|100/100\n|-ability|p2b: Sneasler|Pressure\n|turn|1\n|inactive|Miko008 has 30 seconds left.\n|\n|t:|1776139493\n|switch|p1a: Bruce|Garchomp, L50, M|100/100\n|detailschange|p1b: Aby|Beedrill-Mega, L50, F\n|-mega|p1b: Aby|Beedrill|Beedrillite\n|move|p2a: Clefable|Helping Hand|p2b: Sneasler\n|-singleturn|p2b: Sneasler|Helping Hand|[of] p2a: Clefable\n|move|p1b: Aby|Poison Jab|p2a: Clefable\n|-supereffective|p2a: Clefable|1\n|-damage|p2a: Clefable|11/100\n|-enditem|p2a: Clefable|Sitrus Berry|[eat]\n|-heal|p2a: Clefable|36/100|[from] item: Sitrus Berry\n|move|p2b: Sneasler|Close Combat|p1a: Bruce\n|-damage|p1a: Bruce|0 fnt\n|-unboost|p2b: Sneasler|def|1\n|-unboost|p2b: Sneasler|spd|1\n|-damage|p2b: Sneasler|88/100|[from] ability: Rough Skin|[of] p1a: Bruce\n|faint|p1a: Bruce\n|\n|upkeep\n|\n|t:|1776139512\n|switch|p1a: Poni|Farigiraf, L50, F|100/100\n|turn|2\n|inactive|Miko008 has 30 seconds left.\n|\n|t:|1776139544\n|move|p2a: Clefable|Helping Hand|p2b: Sneasler\n|-singleturn|p2b: Sneasler|Helping Hand|[of] p2a: Clefable\n|move|p1a: Poni|Hyper Voice|p2a: Clefable|[spread] p2a,p2b\n|-damage|p2a: Clefable|3/100\n|-damage|p2b: Sneasler|16/100\n|move|p1b: Aby|Throat Chop|p2a: Clefable\n|-resisted|p2a: Clefable|1\n|-damage|p2a: Clefable|0 fnt\n|faint|p2a: Clefable\n|move|p2b: Sneasler|Close Combat|p1a: Poni\n|-immune|p1a: Poni\n|\n|upkeep\n|inactive|talka73 has 30 seconds left.\n|\n|t:|1776139573\n|switch|p2a: Delphox|Delphox, L50, M|100/100\n|turn|3\n|\n|t:|1776139579\n|detailschange|p2a: Delphox|Delphox-Mega, L50, M\n|-mega|p2a: Delphox|Delphox|Delphoxite\n|move|p2b: Sneasler|Protect|p2b: Sneasler\n|-singleturn|p2b: Sneasler|Protect\n|move|p1a: Poni|Hyper Voice|p2a: Delphox|[spread] p2a\n|-activate|p2b: Sneasler|move: Protect\n|-damage|p2a: Delphox|64/100\n|move|p1b: Aby|Throat Chop|p2a: Delphox\n|-supereffective|p2a: Delphox|1\n|-damage|p2a: Delphox|0 fnt\n|faint|p2a: Delphox\n|\n|upkeep\n|\n|t:|1776139585\n|switch|p2a: Basculegion|Basculegion, L50, M|100/100\n|turn|4\n|\n|t:|1776139595\n|move|p1a: Poni|Hyper Voice|p2b: Sneasler|[spread] p2b\n|-immune|p2a: Basculegion\n|-damage|p2b: Sneasler|0 fnt\n|faint|p2b: Sneasler\n|move|p1b: Aby|Throat Chop|p2a: Basculegion\n|-supereffective|p2a: Basculegion|1\n|-damage|p2a: Basculegion|10/100\n|-start|p2a: Basculegion|Throat Chop|[silent]\n|move|p2a: Basculegion|Last Respects|p1b: Aby\n|-damage|p1b: Aby|0 fnt\n|faint|p1b: Aby\n|\n|upkeep\n|\n|t:|1776139604\n|switch|p1b: Poni|Farigiraf, L50, F|100/100\n|turn|5\n|\n|t:|1776139611\n|move|p1a: Poni|Hyper Voice|p2a: Basculegion\n|-immune|p2a: Basculegion\n|move|p2a: Basculegion|Last Respects|p1b: Poni\n|-immune|p1b: Poni\n|move|p1b: Poni|Psychic|p2a: Basculegion\n|-damage|p2a: Basculegion|0 fnt\n|faint|p2a: Basculegion\n|\n|win|Miko008\n|raw|Miko008's rating: 1214 &rarr; <strong>1244</strong><br />(+30 for winning)\n|raw|talka73's rating: 1289 &rarr; <strong>1259</strong><br />(-30 for losing)\n|l|\u2606talka73\n|player|p2|\n",
  "uploadtime": 1776139633,
  "views": 35,
  "formatid": "gen9championsvgc2026regma",
  "rating": 1244,
  "private": 0,
  "password": null
}