{
  "id": "gen9championsvgc2026regma-2587696691",
  "format": "[Gen 9 Champions] VGC 2026 Reg M-A",
  "players": [
    "yubanmeiqin",
    "apfr"
  ],
  "log": "|j|\u2606yubanmeiqin\n|j|\u203dapfr\n|t:|1776554877\n|gametype|doubles\n|player|p1|yubanmeiqin|lillie-masters2|1497\n|player|p2|apfr|clown|1506\n|gen|9\n|tier|[Gen 9 Champions] VGC 2026 Reg M-A\n|rated|\n|rule|Species Clause: Limit one of each Pok\u00e9mon\n|rule|Item Clause: Limit 1 of each item\n|clearpoke\n|poke|p1|Floette-Eternal, L50, F, shiny|\n|poke|p1|Garchomp, L50, F, shiny|\n|poke|p1|Sneasler, L50, M, shiny|\n|poke|p1|Basculegion, L50, M, shiny|\n|poke|p1|Maushold, L50, shiny|\n|poke|p1|Corviknight, L50, F, shiny|\n|poke|p2|Drampa, L50, M|\n|poke|p2|Klefki, L50, M|\n|poke|p2|Sinistcha, L50|\n|poke|p2|Farigiraf, L50, M|\n|poke|p2|Milotic, L50, F|\n|poke|p2|Kingambit, L50, M|\n|teampreview|4\n|j| luisYR_a\n|\n|t:|1776554914\n|teamsize|p1|4\n|teamsize|p2|4\n|start\n|switch|p1a: \u5168\u5f00\u731b\u649e\u7d2b\u7afd\u82b1\u53f6\u8482|Floette-Eternal, L50, F, shiny|100/100\n|switch|p1b: \u670b\u4e5f\u53e4\u6cb3\u6e1a|Maushold, L50, shiny|100/100\n|switch|p2a: Klefki|Klefki, L50, M|100/100\n|switch|p2b: Drampa|Drampa, L50, M|100/100\n|-ability|p2b: Drampa|Cloud Nine\n|turn|1\n|\n|t:|1776554928\n|switch|p2b: Kingambit|Kingambit, L50, M|100/100\n|detailschange|p1a: \u5168\u5f00\u731b\u649e\u7d2b\u7afd\u82b1\u53f6\u8482|Floette-Mega, L50, F, shiny\n|-mega|p1a: \u5168\u5f00\u731b\u649e\u7d2b\u7afd\u82b1\u53f6\u8482|Floette|Floettite\n|-ability|p1a: \u5168\u5f00\u731b\u649e\u7d2b\u7afd\u82b1\u53f6\u8482|Fairy Aura\n|move|p1b: \u670b\u4e5f\u53e4\u6cb3\u6e1a|Super Fang|p2a: Klefki\n|-damage|p2a: Klefki|50/100\n|move|p1a: \u5168\u5f00\u731b\u649e\u7d2b\u7afd\u82b1\u53f6\u8482|Moonblast|p2a: Klefki\n|-resisted|p2a: Klefki|1\n|-damage|p2a: Klefki|2/100\n|move|p2a: Klefki|Trick Room|p2a: Klefki\n|-fieldstart|move: Trick Room|[of] p2a: Klefki\n|\n|upkeep\n|turn|2\n|\n|t:|1776554943\n|move|p1b: \u670b\u4e5f\u53e4\u6cb3\u6e1a|Follow Me|p1b: \u670b\u4e5f\u53e4\u6cb3\u6e1a\n|-singleturn|p1b: \u670b\u4e5f\u53e4\u6cb3\u6e1a|move: Follow Me\n|move|p2a: Klefki|Light Screen|p2a: Klefki\n|-sidestart|p2: apfr|move: Light Screen\n|move|p2b: Kingambit|Iron Head|p1b: \u670b\u4e5f\u53e4\u6cb3\u6e1a\n|-damage|p1b: \u670b\u4e5f\u53e4\u6cb3\u6e1a|54/100\n|move|p1a: \u5168\u5f00\u731b\u649e\u7d2b\u7afd\u82b1\u53f6\u8482|Light of Ruin|p2b: Kingambit\n|-damage|p2b: Kingambit|23/100\n|-damage|p1a: \u5168\u5f00\u731b\u649e\u7d2b\u7afd\u82b1\u53f6\u8482|55/100|[from] Recoil\n|\n|upkeep\n|turn|3\n|\n|t:|1776554966\n|switch|p2a: Sinistcha|Sinistcha, L50|100/100\n|-heal|p2b: Kingambit|47/100|[from] ability: Hospitality|[of] p2a: Sinistcha\n|move|p2b: Kingambit|Protect|p2b: Kingambit\n|-singleturn|p2b: Kingambit|Protect\n|move|p1a: \u5168\u5f00\u731b\u649e\u7d2b\u7afd\u82b1\u53f6\u8482|Protect|p1a: \u5168\u5f00\u731b\u649e\u7d2b\u7afd\u82b1\u53f6\u8482\n|-singleturn|p1a: \u5168\u5f00\u731b\u649e\u7d2b\u7afd\u82b1\u53f6\u8482|Protect\n|move|p1b: \u670b\u4e5f\u53e4\u6cb3\u6e1a|Protect||[still]\n|-fail|p1b: \u670b\u4e5f\u53e4\u6cb3\u6e1a\n|\n|upkeep\n|turn|4\n|\n|t:|1776554992\n|move|p1b: \u670b\u4e5f\u53e4\u6cb3\u6e1a|Follow Me|p1b: \u670b\u4e5f\u53e4\u6cb3\u6e1a\n|-singleturn|p1b: \u670b\u4e5f\u53e4\u6cb3\u6e1a|move: Follow Me\n|move|p2b: Kingambit|Iron Head|p1b: \u670b\u4e5f\u53e4\u6cb3\u6e1a\n|-damage|p1b: \u670b\u4e5f\u53e4\u6cb3\u6e1a|1/100\n|move|p2a: Sinistcha|Matcha Gotcha|p1b: \u670b\u4e5f\u53e4\u6cb3\u6e1a|[spread] p1b\n|-miss|p2a: Sinistcha|p1a: \u5168\u5f00\u731b\u649e\u7d2b\u7afd\u82b1\u53f6\u8482\n|-damage|p1b: \u670b\u4e5f\u53e4\u6cb3\u6e1a|0 fnt\n|faint|p1b: \u670b\u4e5f\u53e4\u6cb3\u6e1a\n|move|p1a: \u5168\u5f00\u731b\u649e\u7d2b\u7afd\u82b1\u53f6\u8482|Moonblast|p2b: Kingambit\n|-damage|p2b: Kingambit|0 fnt\n|faint|p2b: Kingambit\n|\n|upkeep\n|\n|t:|1776555003\n|switch|p2b: Drampa|Drampa, L50, M|100/100\n|switch|p1b: \u545c\u545c\u545c\u8865\u836f\u62ff\u9524\u5b50\u6572\u6211|Corviknight, L50, F, shiny|100/100\n|-ability|p2b: Drampa|Cloud Nine\n|turn|5\n|\n|t:|1776555012\n|detailschange|p2b: Drampa|Drampa-Mega, L50, M\n|-mega|p2b: Drampa|Drampa|Drampanite\n|move|p1b: \u545c\u545c\u545c\u8865\u836f\u62ff\u9524\u5b50\u6572\u6211|Protect|p1b: \u545c\u545c\u545c\u8865\u836f\u62ff\u9524\u5b50\u6572\u6211\n|-singleturn|p1b: \u545c\u545c\u545c\u8865\u836f\u62ff\u9524\u5b50\u6572\u6211|Protect\n|move|p1a: \u5168\u5f00\u731b\u649e\u7d2b\u7afd\u82b1\u53f6\u8482|Protect|p1a: \u5168\u5f00\u731b\u649e\u7d2b\u7afd\u82b1\u53f6\u8482\n|-singleturn|p1a: \u5168\u5f00\u731b\u649e\u7d2b\u7afd\u82b1\u53f6\u8482|Protect\n|move|p2b: Drampa|Heat Wave|p1a: \u5168\u5f00\u731b\u649e\u7d2b\u7afd\u82b1\u53f6\u8482|[spread] \n|-activate|p1a: \u5168\u5f00\u731b\u649e\u7d2b\u7afd\u82b1\u53f6\u8482|move: Protect\n|-activate|p1b: \u545c\u545c\u545c\u8865\u836f\u62ff\u9524\u5b50\u6572\u6211|move: Protect\n|move|p2a: Sinistcha|Matcha Gotcha|p1b: \u545c\u545c\u545c\u8865\u836f\u62ff\u9524\u5b50\u6572\u6211|[spread] \n|-activate|p1a: \u5168\u5f00\u731b\u649e\u7d2b\u7afd\u82b1\u53f6\u8482|move: Protect\n|-activate|p1b: \u545c\u545c\u545c\u8865\u836f\u62ff\u9524\u5b50\u6572\u6211|move: Protect\n|\n|-fieldend|move: Trick Room\n|upkeep\n|turn|6\n|\n|t:|1776555022\n|move|p2a: Sinistcha|Rage Powder|p2a: Sinistcha\n|-singleturn|p2a: Sinistcha|move: Rage Powder\n|move|p1a: \u5168\u5f00\u731b\u649e\u7d2b\u7afd\u82b1\u53f6\u8482|Dazzling Gleam|p2a: Sinistcha|[spread] p2a,p2b\n|-supereffective|p2b: Drampa|1\n|-damage|p2a: Sinistcha|71/100\n|-damage|p2b: Drampa|46/100\n|-ability|p2b: Drampa|Berserk|boost\n|-boost|p2b: Drampa|spa|1\n|move|p1b: \u545c\u545c\u545c\u8865\u836f\u62ff\u9524\u5b50\u6572\u6211|Brave Bird|p2a: Sinistcha\n|-supereffective|p2a: Sinistcha|1\n|-damage|p2a: Sinistcha|0 fnt\n|faint|p2a: Sinistcha\n|-damage|p1b: \u545c\u545c\u545c\u8865\u836f\u62ff\u9524\u5b50\u6572\u6211|77/100|[from] Recoil\n|move|p2b: Drampa|Heat Wave|p1b: \u545c\u545c\u545c\u8865\u836f\u62ff\u9524\u5b50\u6572\u6211|[spread] p1a,p1b\n|-supereffective|p1b: \u545c\u545c\u545c\u8865\u836f\u62ff\u9524\u5b50\u6572\u6211|1\n|-damage|p1a: \u5168\u5f00\u731b\u649e\u7d2b\u7afd\u82b1\u53f6\u8482|19/100\n|-damage|p1b: \u545c\u545c\u545c\u8865\u836f\u62ff\u9524\u5b50\u6572\u6211|0 fnt\n|faint|p1b: \u545c\u545c\u545c\u8865\u836f\u62ff\u9524\u5b50\u6572\u6211\n|\n|-sideend|p2: apfr|move: Light Screen\n|upkeep\n|j| Porygon 32\n|\n|t:|1776555035\n|switch|p1b: \u62c9\u6016\u6016|Sneasler, L50, M, shiny|100/100\n|switch|p2a: Klefki|Klefki, L50, M|2/100\n|turn|7\n|\n|t:|1776555046\n|move|p2b: Drampa|Protect|p2b: Drampa\n|-singleturn|p2b: Drampa|Protect\n|move|p1b: \u62c9\u6016\u6016|Fake Out|p2a: Klefki\n|-resisted|p2a: Klefki|1\n|-damage|p2a: Klefki|0 fnt\n|faint|p2a: Klefki\n|move|p1a: \u5168\u5f00\u731b\u649e\u7d2b\u7afd\u82b1\u53f6\u8482|Dazzling Gleam|p2b: Drampa\n|-activate|p2b: Drampa|move: Protect\n|\n|upkeep\n|turn|8\n|\n|t:|1776555050\n|move|p1b: \u62c9\u6016\u6016|Close Combat|p2b: Drampa\n|-supereffective|p2b: Drampa|1\n|-damage|p2b: Drampa|0 fnt\n|-unboost|p1b: \u62c9\u6016\u6016|def|1\n|-unboost|p1b: \u62c9\u6016\u6016|spd|1\n|faint|p2b: Drampa\n|\n|win|yubanmeiqin\n|raw|yubanmeiqin's rating: 1497 &rarr; <strong>1518</strong><br />(+21 for winning)\n|raw|apfr's rating: 1506 &rarr; <strong>1485</strong><br />(-21 for losing)\n|l|\u203dapfr\n|player|p2|\n",
  "uploadtime": 1776555082,
  "views": 26,
  "formatid": "gen9championsvgc2026regma",
  "rating": 1485,
  "private": 0,
  "password": null
}