{
  "id": "gen9championsvgc2026regma-2582078843",
  "format": "[Gen 9 Champions] VGC 2026 Reg M-A",
  "players": [
    "zekkenvi",
    "Tzucci"
  ],
  "log": "|j|\u2606zekkenvi\n|j|\u2606Tzucci\n|t:|1776055210\n|gametype|doubles\n|player|p1|zekkenvi|2|1111\n|player|p2|Tzucci|elesa|1102\n|gen|9\n|tier|[Gen 9 Champions] VGC 2026 Reg M-A\n|rated|\n|rule|Species Clause: Limit one of each Pok\u00e9mon\n|rule|Item Clause: Limit 1 of each item\n|clearpoke\n|poke|p1|Arcanine, L50, M|\n|poke|p1|Milotic, L50, F|\n|poke|p1|Gengar, L50, F|\n|poke|p1|Sylveon, L50, F|\n|poke|p1|Maushold-Four, L50|\n|poke|p1|Garchomp, L50, F|\n|poke|p2|Hawlucha, L50, F|\n|poke|p2|Mimikyu, L50, M|\n|poke|p2|Vanilluxe, L50, F|\n|poke|p2|Whimsicott, L50, M|\n|poke|p2|Beartic, L50, F|\n|poke|p2|Excadrill, L50, F|\n|teampreview|4\n|\n|t:|1776055252\n|teamsize|p1|4\n|teamsize|p2|4\n|start\n|switch|p1a: Garchomp|Garchomp, L50, F|100/100\n|switch|p1b: Arcanine|Arcanine, L50, M|100/100\n|switch|p2a: Hawlucha|Hawlucha, L50, F|100/100\n|switch|p2b: Vanilluxe|Vanilluxe, L50, F|100/100\n|-ability|p2a: Hawlucha|Mold Breaker\n|-weather|Snowscape|[from] ability: Snow Warning|[of] p2b: Vanilluxe\n|-ability|p1b: Arcanine|Intimidate|boost\n|-unboost|p2a: Hawlucha|atk|1\n|-unboost|p2b: Vanilluxe|atk|1\n|turn|1\n|inactive|Battle timer is ON: inactive players will automatically lose when time's up. (requested by zekkenvi)\n|\n|t:|1776055282\n|move|p2b: Vanilluxe|Protect|p2b: Vanilluxe\n|-singleturn|p2b: Vanilluxe|Protect\n|move|p1a: Garchomp|Rock Slide|p2b: Vanilluxe|[spread] p2a\n|-activate|p2b: Vanilluxe|move: Protect\n|-damage|p2a: Hawlucha|74/100\n|move|p2a: Hawlucha|Substitute|p2a: Hawlucha\n|-start|p2a: Hawlucha|Substitute\n|-damage|p2a: Hawlucha|49/100\n|move|p1b: Arcanine|Flare Blitz|p2b: Vanilluxe\n|-activate|p2b: Vanilluxe|move: Protect\n|\n|-weather|Snowscape|[upkeep]\n|upkeep\n|turn|2\n|\n|t:|1776055301\n|detailschange|p2a: Hawlucha|Hawlucha-Mega, L50, F\n|-mega|p2a: Hawlucha|Hawlucha|Hawluchanite\n|move|p1a: Garchomp|Rock Slide|p2a: Hawlucha|[spread] p2a,p2b\n|-activate|p2a: Hawlucha|move: Substitute|[damage]\n|-supereffective|p2b: Vanilluxe|1\n|-damage|p2b: Vanilluxe|60/100\n|move|p2a: Hawlucha|Entrainment|p2b: Vanilluxe\n|-ability|p2b: Vanilluxe|No Guard|Snow Warning|[from] move: Entrainment|[of] p2a: Hawlucha\n|move|p2b: Vanilluxe|Sheer Cold|p1a: Garchomp\n|-damage|p1a: Garchomp|0 fnt\n|faint|p1a: Garchomp\n|-ohko\n|move|p1b: Arcanine|Flare Blitz|p2b: Vanilluxe\n|-supereffective|p2b: Vanilluxe|1\n|-damage|p2b: Vanilluxe|0 fnt\n|faint|p2b: Vanilluxe\n|-damage|p1b: Arcanine|85/100|[from] Recoil\n|\n|-weather|Snowscape|[upkeep]\n|upkeep\n|\n|t:|1776055322\n|switch|p1a: Gengar|Gengar, L50, F|100/100\n|switch|p2b: Beartic|Beartic, L50, F|100/100\n|turn|3\n|\n|t:|1776055332\n|move|p1a: Gengar|Protect|p1a: Gengar\n|-singleturn|p1a: Gengar|Protect\n|move|p2a: Hawlucha|Entrainment|p2b: Beartic\n|-ability|p2b: Beartic|No Guard|Snow Cloak|[from] move: Entrainment|[of] p2a: Hawlucha\n|move|p1b: Arcanine|Flare Blitz|p2a: Hawlucha\n|-end|p2a: Hawlucha|Substitute\n|-damage|p1b: Arcanine|83/100|[from] Recoil|[of] p2a: Hawlucha\n|move|p2b: Beartic|Sheer Cold|p1a: Gengar\n|-activate|p1a: Gengar|move: Protect\n|\n|-weather|Snowscape|[upkeep]\n|upkeep\n|turn|4\n|c|\u2606zekkenvi|zzz player\n|\n|t:|1776055353\n|detailschange|p1a: Gengar|Gengar-Mega, L50, F\n|-mega|p1a: Gengar|Gengar|Gengarite\n|move|p2b: Beartic|Protect|p2b: Beartic\n|-singleturn|p2b: Beartic|Protect\n|move|p1a: Gengar|Shadow Ball|p2a: Hawlucha\n|-damage|p2a: Hawlucha|0 fnt\n|faint|p2a: Hawlucha\n|move|p1b: Arcanine|Flare Blitz|p2b: Beartic\n|-activate|p2b: Beartic|move: Protect\n|\n|-weather|Snowscape|[upkeep]\n|upkeep\n|\n|t:|1776055362\n|switch|p2a: Horny|Excadrill, L50, F|100/100\n|-ability|p2a: Horny|Mold Breaker\n|turn|5\n|\n|t:|1776055384\n|move|p1a: Gengar|Shadow Ball|p2b: Beartic\n|-damage|p2b: Beartic|37/100\n|move|p2a: Horny|High Horsepower|p1a: Gengar\n|-supereffective|p1a: Gengar|1\n|-crit|p1a: Gengar\n|-damage|p1a: Gengar|0 fnt\n|faint|p1a: Gengar\n|move|p1b: Arcanine|Flare Blitz|p2a: Horny\n|-supereffective|p2a: Horny|1\n|-damage|p2a: Horny|0 fnt\n|faint|p2a: Horny\n|-damage|p1b: Arcanine|51/100|[from] Recoil\n|move|p2b: Beartic|Sheer Cold|p1b: Arcanine\n|-damage|p1b: Arcanine|0 fnt\n|faint|p1b: Arcanine\n|-ohko\n|\n|-weather|none\n|upkeep\n|\n|t:|1776055404\n|switch|p1b: Sylveon|Sylveon, L50, F|100/100\n|turn|6\n|\n|t:|1776055417\n|move|p2b: Beartic|Sheer Cold|p1b: Sylveon\n|-damage|p1b: Sylveon|0 fnt\n|faint|p1b: Sylveon\n|-ohko\n|\n|win|Tzucci\n|raw|zekkenvi's rating: 1111 &rarr; <strong>1085</strong><br />(-26 for losing)\n|raw|Tzucci's rating: 1102 &rarr; <strong>1128</strong><br />(+26 for winning)\n",
  "uploadtime": 1776055423,
  "views": 10,
  "formatid": "gen9championsvgc2026regma",
  "rating": 1085,
  "private": 0,
  "password": null
}