{
  "id": "gen9championsvgc2026regma-2585833844",
  "format": "[Gen 9 Champions] VGC 2026 Reg M-A",
  "players": [
    "elitesun",
    "bigearlington"
  ],
  "log": "|j|\u2606elitesun\n|j|\u2606bigearlington\n|t:|1776374117\n|gametype|doubles\n|player|p1|elitesun|101|1203\n|player|p2|bigearlington|102|1199\n|gen|9\n|tier|[Gen 9 Champions] VGC 2026 Reg M-A\n|rated|\n|rule|Species Clause: Limit one of each Pok\u00e9mon\n|rule|Item Clause: Limit 1 of each item\n|clearpoke\n|poke|p1|Floette-Eternal, L50, F|\n|poke|p1|Kingambit, L50, M|\n|poke|p1|Garchomp, L50, F|\n|poke|p1|Typhlosion-Hisui, L50, M|\n|poke|p1|Sinistcha, L50|\n|poke|p1|Whimsicott, L50, M|\n|poke|p2|Aerodactyl, L50, F|\n|poke|p2|Maushold, L50|\n|poke|p2|Garchomp, L50, M|\n|poke|p2|Delphox, L50, F|\n|poke|p2|Aegislash, L50, M|\n|poke|p2|Floette-Eternal, L50, F|\n|teampreview|4\n|\n|t:|1776374218\n|teamsize|p1|4\n|teamsize|p2|4\n|start\n|switch|p1a: Typhlosion|Typhlosion-Hisui, L50, M|100/100\n|switch|p1b: Whimsicott|Whimsicott, L50, M|100/100\n|switch|p2a: Aerodactyl|Aerodactyl, L50, F|100/100\n|switch|p2b: Aegislash|Aegislash, L50, M|100/100\n|-ability|p2a: Aerodactyl|Unnerve\n|-item|p2a: Aerodactyl|Focus Sash|[from] ability: Frisk|[of] p1a: Typhlosion\n|-item|p2b: Aegislash|Spell Tag|[from] ability: Frisk|[of] p1a: Typhlosion\n|turn|1\n|\n|t:|1776374277\n|move|p2b: Aegislash|King's Shield|p2b: Aegislash\n|-singleturn|p2b: Aegislash|Protect\n|move|p1b: Whimsicott|Tailwind|p1b: Whimsicott\n|-sidestart|p1: elitesun|move: Tailwind\n|move|p1a: Typhlosion|Eruption|p2a: Aerodactyl|[spread] p2a\n|-activate|p2b: Aegislash|move: Protect\n|-resisted|p2a: Aerodactyl|1\n|-damage|p2a: Aerodactyl|62/100\n|move|p2a: Aerodactyl|Tailwind|p2a: Aerodactyl\n|-sidestart|p2: bigearlington|move: Tailwind\n|\n|upkeep\n|turn|2\n|inactive|Battle timer is ON: inactive players will automatically lose when time's up. (requested by elitesun)\n|\n|t:|1776374393\n|move|p2a: Aerodactyl|Protect|p2a: Aerodactyl\n|-singleturn|p2a: Aerodactyl|Protect\n|move|p1b: Whimsicott|Encore|p2a: Aerodactyl\n|-activate|p2a: Aerodactyl|move: Protect\n|-formechange|p2b: Aegislash|Aegislash-Blade|\n|move|p2b: Aegislash|Shadow Sneak|p1a: Typhlosion\n|-supereffective|p1a: Typhlosion|1\n|-damage|p1a: Typhlosion|20/100\n|move|p1a: Typhlosion|Eruption|p2a: Aerodactyl|[spread] p2b\n|-activate|p2a: Aerodactyl|move: Protect\n|-supereffective|p2b: Aegislash|1\n|-damage|p2b: Aegislash|60/100\n|\n|upkeep\n|turn|3\n|\n|t:|1776374415\n|switch|p1a: Kingambit|Kingambit, L50, M|100/100\n|switch|p2a: Maushold|Maushold, L50|100/100\n|move|p1b: Whimsicott|Encore||[still]\n|-fail|p1b: Whimsicott\n|move|p2b: Aegislash|Shadow Sneak|p1a: Kingambit\n|-resisted|p1a: Kingambit|1\n|-damage|p1a: Kingambit|90/100\n|\n|upkeep\n|turn|4\n|\n|t:|1776374438\n|move|p1b: Whimsicott|Protect|p1b: Whimsicott\n|-singleturn|p1b: Whimsicott|Protect\n|-formechange|p2b: Aegislash|Aegislash|\n|move|p2b: Aegislash|King's Shield|p2b: Aegislash\n|-singleturn|p2b: Aegislash|Protect\n|move|p2a: Maushold|Taunt|p1b: Whimsicott\n|-activate|p1b: Whimsicott|move: Protect\n|move|p1a: Kingambit|Kowtow Cleave|p2b: Aegislash\n|-activate|p2b: Aegislash|move: Protect\n|-unboost|p1a: Kingambit|atk|1\n|-ability|p1a: Kingambit|Defiant|boost\n|-boost|p1a: Kingambit|atk|2\n|\n|-sideend|p2: bigearlington|move: Tailwind\n|-sideend|p1: elitesun|move: Tailwind\n|upkeep\n|turn|5\n|inactive|bigearlington has 30 seconds left.\n|\n|t:|1776374463\n|move|p2a: Maushold|Follow Me|p2a: Maushold\n|-singleturn|p2a: Maushold|move: Follow Me\n|move|p1b: Whimsicott|Tailwind|p1b: Whimsicott\n|-sidestart|p1: elitesun|move: Tailwind\n|move|p1a: Kingambit|Kowtow Cleave|p2a: Maushold\n|-damage|p2a: Maushold|0 fnt\n|faint|p2a: Maushold\n|-formechange|p2b: Aegislash|Aegislash-Blade|\n|move|p2b: Aegislash|Sacred Sword|p1a: Kingambit\n|-supereffective|p1a: Kingambit|2\n|-damage|p1a: Kingambit|0 fnt\n|faint|p1a: Kingambit\n|\n|upkeep\n|\n|t:|1776374483\n|switch|p2a: Aerodactyl|Aerodactyl, L50, F|62/100\n|switch|p1a: Typhlosion|Typhlosion-Hisui, L50, M|20/100\n|-ability|p2a: Aerodactyl|Unnerve\n|-item|p2a: Aerodactyl|Focus Sash|[from] ability: Frisk|[of] p1a: Typhlosion\n|-item|p2b: Aegislash|Spell Tag|[from] ability: Frisk|[of] p1a: Typhlosion\n|turn|6\n|inactive|bigearlington has 30 seconds left.\n|inactive|bigearlington has 20 seconds left.\n|inactive|bigearlington has 15 seconds left.\n|inactive|bigearlington has 10 seconds left.\n|\n|t:|1776374530\n|move|p1b: Whimsicott|Protect|p1b: Whimsicott\n|-singleturn|p1b: Whimsicott|Protect\n|-formechange|p2b: Aegislash|Aegislash|\n|move|p2b: Aegislash|King's Shield|p2b: Aegislash\n|-singleturn|p2b: Aegislash|Protect\n|move|p1a: Typhlosion|Shadow Ball|p2b: Aegislash\n|-activate|p2b: Aegislash|move: Protect\n|move|p2a: Aerodactyl|Tailwind|p2a: Aerodactyl\n|-sidestart|p2: bigearlington|move: Tailwind\n|\n|upkeep\n|turn|7\n|inactive|elitesun has 30 seconds left.\n|\n|t:|1776374565\n|move|p1b: Whimsicott|Encore|p2b: Aegislash\n|-start|p2b: Aegislash|Encore\n|move|p2b: Aegislash|King's Shield||[still]\n|-fail|p2b: Aegislash\n|move|p1a: Typhlosion|Shadow Ball|p2b: Aegislash\n|-supereffective|p2b: Aegislash|1\n|-damage|p2b: Aegislash|0 fnt\n|faint|p2b: Aegislash\n|move|p2a: Aerodactyl|Rock Slide|p1a: Typhlosion|[spread] p1a,p1b\n|-supereffective|p1a: Typhlosion|1\n|-damage|p1a: Typhlosion|0 fnt\n|-damage|p1b: Whimsicott|63/100\n|faint|p1a: Typhlosion\n|\n|upkeep\n|\n|t:|1776374577\n|switch|p1a: Sinistcha|Sinistcha, L50|100/100\n|switch|p2b: Floette|Floette-Eternal, L50, F|100/100\n|-heal|p1b: Whimsicott|88/100|[from] ability: Hospitality|[of] p1a: Sinistcha\n|turn|8\n|inactive|bigearlington has 30 seconds left.\n|inactive|bigearlington has 20 seconds left.\n|inactive|bigearlington has 15 seconds left.\n|\n|t:|1776374620\n|detailschange|p2b: Floette|Floette-Mega, L50, F\n|-mega|p2b: Floette|Floette|Floettite\n|-ability|p2b: Floette|Fairy Aura\n|move|p1b: Whimsicott|Protect|p1b: Whimsicott\n|-singleturn|p1b: Whimsicott|Protect\n|move|p2a: Aerodactyl|Dual Wingbeat|p1b: Whimsicott\n|-activate|p1b: Whimsicott|move: Protect\n|move|p2b: Floette|Moonblast|p1a: Sinistcha\n|-damage|p1a: Sinistcha|19/100\n|move|p1a: Sinistcha|Matcha Gotcha|p2b: Floette|[spread] p2a,p2b\n|-damage|p2a: Aerodactyl|26/100\n|-heal|p1a: Sinistcha|35/100|[from] drain|[of] p2a: Aerodactyl\n|-damage|p2b: Floette|83/100\n|-heal|p1a: Sinistcha|44/100|[from] drain|[of] p2b: Floette\n|-status|p2b: Floette|brn\n|\n|-damage|p2b: Floette|77/100 brn|[from] brn\n|-sideend|p1: elitesun|move: Tailwind\n|upkeep\n|turn|9\n|inactive|elitesun has 30 seconds left.\n|inactive|bigearlington has 30 seconds left.\n|inactive|elitesun has 20 seconds left.\n|inactive|elitesun has 15 seconds left.\n|\n|t:|1776374661\n|move|p1a: Sinistcha|Protect|p1a: Sinistcha\n|-singleturn|p1a: Sinistcha|Protect\n|move|p1b: Whimsicott|Tailwind|p1b: Whimsicott\n|-sidestart|p1: elitesun|move: Tailwind\n|move|p2a: Aerodactyl|Dual Wingbeat|p1b: Whimsicott|[miss]\n|-miss|p2a: Aerodactyl|p1b: Whimsicott\n|move|p2b: Floette|Moonblast|p1a: Sinistcha\n|-activate|p1a: Sinistcha|move: Protect\n|\n|-damage|p2b: Floette|71/100 brn|[from] brn\n|-sideend|p2: bigearlington|move: Tailwind\n|upkeep\n|turn|10\n|inactive|elitesun has 30 seconds left.\n|inactive|bigearlington has 30 seconds left.\n|\n|t:|1776374692\n|move|p1b: Whimsicott|Protect|p1b: Whimsicott\n|-singleturn|p1b: Whimsicott|Protect\n|move|p2a: Aerodactyl|Dual Wingbeat|p1b: Whimsicott\n|-activate|p1b: Whimsicott|move: Protect\n|move|p1a: Sinistcha|Matcha Gotcha|p2b: Floette|[spread] \n|-miss|p1a: Sinistcha|p2a: Aerodactyl\n|-miss|p1a: Sinistcha|p2b: Floette\n|move|p2b: Floette|Moonblast|p1a: Sinistcha\n|-damage|p1a: Sinistcha|0 fnt\n|faint|p1a: Sinistcha\n|\n|-damage|p2b: Floette|65/100 brn|[from] brn\n|upkeep\n|turn|11\n|\n|t:|1776374708\n|move|p1b: Whimsicott|Endeavor|p2b: Floette\n|-immune|p2b: Floette\n|move|p2a: Aerodactyl|Dual Wingbeat|p1b: Whimsicott\n|-supereffective|p1b: Whimsicott|1\n|-damage|p1b: Whimsicott|30/100\n|-supereffective|p1b: Whimsicott|1\n|-crit|p1b: Whimsicott\n|-damage|p1b: Whimsicott|0 fnt\n|faint|p1b: Whimsicott\n|-hitcount|p1: Whimsicott|2\n|\n|win|bigearlington\n|raw|elitesun's rating: 1203 &rarr; <strong>1178</strong><br />(-25 for losing)\n|raw|bigearlington's rating: 1199 &rarr; <strong>1224</strong><br />(+25 for winning)\n|l|\u2606elitesun\n|player|p1|\n",
  "uploadtime": 1776374721,
  "views": 21,
  "formatid": "gen9championsvgc2026regma",
  "rating": 1178,
  "private": 0,
  "password": null
}