{
  "id": "gen9championsvgc2026regma-2585037549",
  "format": "[Gen 9 Champions] VGC 2026 Reg M-A",
  "players": [
    "lakeandbake",
    "316x"
  ],
  "log": "|j|\u203dlakeandbake\n|j|\u2606316x\n|t:|1776305596\n|gametype|doubles\n|player|p1|lakeandbake|iono-masters|1146\n|player|p2|316x|170|1072\n|gen|9\n|tier|[Gen 9 Champions] VGC 2026 Reg M-A\n|rated|\n|rule|Species Clause: Limit one of each Pok\u00e9mon\n|rule|Item Clause: Limit 1 of each item\n|clearpoke\n|poke|p1|Drampa, L50, F|\n|poke|p1|Sinistcha, L50|\n|poke|p1|Torkoal, L50, F|\n|poke|p1|Sneasler, L50, F|\n|poke|p1|Incineroar, L50, F|\n|poke|p1|Farigiraf, L50, M|\n|poke|p2|Toxapex, L50, M|\n|poke|p2|Sableye, L50, M|\n|poke|p2|Mimikyu, L50, M|\n|poke|p2|Ditto, L50|\n|poke|p2|Garganacl, L50, M|\n|poke|p2|Banette, L50, M|\n|teampreview|4\n|inactive|Battle timer is ON: inactive players will automatically lose when time's up. (requested by lakeandbake)\n|\n|t:|1776305648\n|teamsize|p1|4\n|teamsize|p2|4\n|start\n|switch|p1a: Sneasler|Sneasler, L50, F|100/100\n|switch|p1b: Torkoal|Torkoal, L50, F|100/100\n|switch|p2a: Sableye|Sableye, L50, M, shiny|100/100\n|switch|p2b: Toxapex|Toxapex, L50, M, shiny|100/100\n|-weather|SunnyDay|[from] ability: Drought|[of] p1b: Torkoal\n|turn|1\n|inactive|lakeandbake has 30 seconds left.\n|inactive|316x has 30 seconds left.\n|inactive|lakeandbake has 20 seconds left.\n|inactive|lakeandbake has 15 seconds left.\n|inactive|lakeandbake has 10 seconds left.\n|\n|t:|1776305693\n|switch|p1a: Farigiraf|Farigiraf, L50, M|100/100\n|move|p2a: Sableye|Fake Out||[still]\n|cant|p1a: Farigiraf|ability: Armor Tail|Fake Out|[of] p2a: Sableye\n|move|p2b: Toxapex|Stockpile|p2b: Toxapex\n|-start|p2b: Toxapex|stockpile1\n|-boost|p2b: Toxapex|def|1\n|-boost|p2b: Toxapex|spd|1\n|move|p1b: Torkoal|Yawn|p2b: Toxapex\n|-start|p2b: Toxapex|move: Yawn|[of] p1b: Torkoal\n|\n|-weather|SunnyDay|[upkeep]\n|upkeep\n|turn|2\n|inactive|316x has 30 seconds left.\n|inactive|316x has 20 seconds left.\n|inactive|316x has 15 seconds left.\n|\n|t:|1776305738\n|switch|p2b: Mimikyu|Mimikyu, L50, M, shiny|100/100\n|detailschange|p2a: Sableye|Sableye-Mega, L50, M, shiny\n|-mega|p2a: Sableye|Sableye|Sablenite\n|move|p2a: Sableye|Skill Swap|p1a: Farigiraf\n|-activate|p2a: Sableye|Skill Swap|Armor Tail|Magic Bounce|[of] p1a: Farigiraf\n|move|p1b: Torkoal|Yawn|p2a: Sableye\n|-start|p2a: Sableye|move: Yawn|[of] p1b: Torkoal\n|move|p1a: Farigiraf|Trick Room|p1a: Farigiraf\n|-fieldstart|move: Trick Room|[of] p1a: Farigiraf\n|\n|-weather|SunnyDay|[upkeep]\n|upkeep\n|turn|3\n|inactive|316x has 30 seconds left.\n|inactive|316x has 20 seconds left.\n|inactive|316x has 15 seconds left.\n|inactive|316x has 10 seconds left.\n|inactive|316x has 5 seconds left.\n|\n|t:|1776305794\n|switch|p1a: Drampa|Drampa, L50, F|100/100\n|-ability|p1a: Drampa|Cloud Nine\n|move|p1b: Torkoal|Eruption|p2b: Mimikyu|[spread] p2a,p2b\n|-damage|p2a: Sableye|60/100\n|-activate|p2b: Mimikyu|ability: Disguise\n|-damage|p2b: Mimikyu|100/100\n|detailschange|p2b: Mimikyu|Mimikyu-Busted, L50, M, shiny\n|-damage|p2b: Mimikyu|88/100|[from] pokemon: Mimikyu-Busted\n|move|p2a: Sableye|Skill Swap|p1a: Drampa\n|-activate|p2a: Sableye|Skill Swap|Cloud Nine|Armor Tail|[of] p1a: Drampa\n|move|p2b: Mimikyu|Swords Dance|p2b: Mimikyu\n|-boost|p2b: Mimikyu|atk|2\n|\n|-weather|SunnyDay|[upkeep]\n|-end|p2a: Sableye|move: Yawn|[silent]\n|-status|p2a: Sableye|slp\n|upkeep\n|turn|4\n|inactive|lakeandbake has 30 seconds left.\n|inactive|316x has 30 seconds left.\n|inactive|316x has 20 seconds left.\n|inactive|316x has 15 seconds left.\n|inactive|316x has 10 seconds left.\n|inactive|316x has 5 seconds left.\n|\n|t:|1776305849\n|detailschange|p1a: Drampa|Drampa-Mega, L50, F\n|-mega|p1a: Drampa|Drampa|Drampanite\n|move|p1b: Torkoal|Eruption|p2b: Mimikyu|[spread] p2a,p2b\n|-damage|p2a: Sableye|17/100 slp\n|-damage|p2b: Mimikyu|34/100\n|cant|p2a: Sableye|slp\n|move|p1a: Drampa|Flamethrower|p2b: Mimikyu\n|-damage|p2b: Mimikyu|0 fnt\n|faint|p2b: Mimikyu\n|\n|-weather|SunnyDay|[upkeep]\n|upkeep\n|inactive|316x has 30 seconds left.\n|inactive|316x has 20 seconds left.\n|inactive|316x has 15 seconds left.\n|inactive|316x has 10 seconds left.\n|inactive|316x has 5 seconds left.\n|\n|t:|1776305904\n|switch|p2b: Ditto|Ditto, L50, shiny|100/100\n|-transform|p2b: Ditto|p1a: Drampa|[from] ability: Imposter\n|turn|5\n|inactive|316x has 30 seconds left.\n|inactive|316x has 20 seconds left.\n|inactive|316x has 15 seconds left.\n|inactive|316x has 10 seconds left.\n|inactive|316x has 5 seconds left.\n|\n|t:|1776305959\n|move|p1b: Torkoal|Eruption|p2b: Ditto|[spread] p2a,p2b\n|-resisted|p2b: Ditto|1\n|-crit|p2b: Ditto\n|-damage|p2a: Sableye|0 fnt\n|-damage|p2b: Ditto|61/100\n|faint|p2a: Sableye\n|move|p1a: Drampa|Dragon Pulse|p2b: Ditto\n|-supereffective|p2b: Ditto|1\n|-damage|p2b: Ditto|0 fnt\n|faint|p2b: Ditto\n|\n|-weather|none\n|upkeep\n|inactive|316x has 30 seconds left.\n|inactive|316x has 20 seconds left.\n|inactive|316x has 15 seconds left.\n|inactive|316x has 10 seconds left.\n|inactive|316x has 5 seconds left.\n|\n|t:|1776306014\n|switch|p2a: Toxapex|Toxapex, L50, M, shiny|100/100\n|turn|6\n|inactive|316x has 30 seconds left.\n|inactive|316x has 20 seconds left.\n|inactive|316x has 15 seconds left.\n|inactive|316x has 10 seconds left.\n|inactive|316x has 5 seconds left.\n|\n|t:|1776306069\n|move|p1b: Torkoal|Yawn|p2a: Toxapex\n|-start|p2a: Toxapex|move: Yawn|[of] p1b: Torkoal\n|move|p2a: Toxapex|Toxic Spikes|p1b: Torkoal\n|-sidestart|p1: lakeandbake|move: Toxic Spikes\n|move|p1a: Drampa|Hyper Voice|p2a: Toxapex\n|-damage|p2a: Toxapex|58/100\n|\n|-heal|p2a: Toxapex|64/100|[from] item: Leftovers\n|-fieldend|move: Trick Room\n|upkeep\n|turn|7\n|inactive|316x has 25 seconds left this turn.\n|inactive|316x has 20 seconds left.\n|inactive|316x has 15 seconds left.\n|inactive|316x has 10 seconds left.\n|inactive|316x has 5 seconds left.\n|-message|316x lost due to inactivity.\n|\n|win|lakeandbake\n|raw|lakeandbake's rating: 1146 &rarr; <strong>1162</strong><br />(+16 for winning)\n|raw|316x's rating: 1018 &rarr; <strong>1010</strong><br />(-8 for losing)\n",
  "uploadtime": 1776306094,
  "views": 20,
  "formatid": "gen9championsvgc2026regma",
  "rating": 1010,
  "private": 0,
  "password": null
}