{
  "id": "gen9championsvgc2026regma-2584901908",
  "format": "[Gen 9 Champions] VGC 2026 Reg M-A",
  "players": [
    "Brony6969",
    "FallenJedi97"
  ],
  "log": "|j|\u2606Brony6969\n|j|\u2606FallenJedi97\n|t:|1776292941\n|gametype|doubles\n|player|p1|Brony6969|169|1059\n|player|p2|FallenJedi97|blaine|1077\n|gen|9\n|tier|[Gen 9 Champions] VGC 2026 Reg M-A\n|rated|\n|rule|Species Clause: Limit one of each Pok\u00e9mon\n|rule|Item Clause: Limit 1 of each item\n|clearpoke\n|poke|p1|Gengar, L50, F|\n|poke|p1|Incineroar, L50, M|\n|poke|p1|Maushold-Four, L50|\n|poke|p1|Politoed, L50, F|\n|poke|p1|Basculegion, L50, M|\n|poke|p1|Aerodactyl, L50, F|\n|poke|p2|Aggron, L50, M|\n|poke|p2|Zoroark-Hisui, L50, M|\n|poke|p2|Araquanid, L50, F|\n|poke|p2|Arcanine-Hisui, L50, M|\n|poke|p2|Sinistcha, L50|\n|poke|p2|Hatterene, L50, F|\n|teampreview|4\n|inactive|Battle timer is ON: inactive players will automatically lose when time's up. (requested by Brony6969)\nFallenJedi97 rejected open team sheets.\n|inactive|Brony6969 has 60 seconds left.\n|\n|t:|1776292979\n|teamsize|p1|4\n|teamsize|p2|4\n|start\n|switch|p1a: Politoed|Politoed, L50, F|100/100\n|switch|p1b: Basculegion|Basculegion, L50, M|100/100\n|switch|p2a: Hatterene|Hatterene, L50, F|100/100\n|switch|p2b: Araquanid|Araquanid, L50, F|100/100\n|-weather|RainDance|[from] ability: Drizzle|[of] p1a: Politoed\n|turn|1\n|inactive|Brony6969 has 30 seconds left.\n|inactive|FallenJedi97 has 30 seconds left.\n|inactive|Brony6969 has 20 seconds left.\n|inactive|Brony6969 has 15 seconds left.\n|\n|t:|1776293020\n|move|p2a: Hatterene|Protect|p2a: Hatterene\n|-singleturn|p2a: Hatterene|Protect\n|move|p1b: Basculegion|Wave Crash|p2a: Hatterene\n|-activate|p2a: Hatterene|move: Protect\n|move|p1a: Politoed|Weather Ball|p2b: Araquanid\n|-resisted|p2b: Araquanid|1\n|-crit|p2b: Araquanid\n|-damage|p2b: Araquanid|68/100\n|move|p2b: Araquanid|Liquidation|p1b: Basculegion\n|-resisted|p1b: Basculegion|1\n|-damage|p1b: Basculegion|38/100\n|\n|-weather|RainDance|[upkeep]\n|upkeep\n|turn|2\n|inactive|FallenJedi97 has 30 seconds left.\n|\n|t:|1776293051\n|move|p1b: Basculegion|Wave Crash|p2a: Hatterene\n|-enditem|p2a: Hatterene|Focus Sash\n|-damage|p2a: Hatterene|1/100\n|replace|p2a: Zoroark|Zoroark-Hisui, L50, M\n|-end|p2a: Zoroark|Illusion\n|-damage|p1b: Basculegion|19/100|[from] Recoil\n|move|p2a: Zoroark|Bitter Malice|p1b: Basculegion\n|-supereffective|p1b: Basculegion|1\n|-damage|p1b: Basculegion|0 fnt\n|faint|p1b: Basculegion\n|move|p1a: Politoed|Muddy Water|p2a: Zoroark|[spread] p2a,p2b\n|-resisted|p2b: Araquanid|1\n|-damage|p2a: Zoroark|0 fnt\n|-damage|p2b: Araquanid|53/100\n|faint|p2a: Zoroark\n|move|p2b: Araquanid|Liquidation|p1a: Politoed\n|-resisted|p1a: Politoed|1\n|-damage|p1a: Politoed|42/100\n|-unboost|p1a: Politoed|def|1\n|\n|-weather|RainDance|[upkeep]\n|-heal|p1a: Politoed|48/100|[from] item: Leftovers\n|upkeep\n|\n|t:|1776293074\n|switch|p2a: Hatterene|Hatterene, L50, F|100/100\n|switch|p1b: Gengar|Gengar, L50, F|100/100\n|turn|3\n|\n|t:|1776293100\n|detailschange|p1b: Gengar|Gengar-Mega, L50, F\n|-mega|p1b: Gengar|Gengar|Gengarite\n|move|p2a: Hatterene|Protect|p2a: Hatterene\n|-singleturn|p2a: Hatterene|Protect\n|move|p1b: Gengar|Disable|p2b: Araquanid\n|-start|p2b: Araquanid|Disable|Liquidation\n|move|p1a: Politoed|Weather Ball|p2a: Hatterene\n|-activate|p2a: Hatterene|move: Protect\n|cant|p2b: Araquanid|Disable|Liquidation\n|\n|-weather|RainDance|[upkeep]\n|-heal|p1a: Politoed|54/100|[from] item: Leftovers\n|upkeep\n|turn|4\n|\n|t:|1776293121\n|move|p1b: Gengar|Shadow Ball|p2a: Hatterene\n|-supereffective|p2a: Hatterene|1\n|-damage|p2a: Hatterene|4/100\n|move|p1a: Politoed|Weather Ball|p2a: Hatterene\n|-damage|p2a: Hatterene|0 fnt\n|faint|p2a: Hatterene\n|move|p2b: Araquanid|Lunge|p1a: Politoed\n|-damage|p1a: Politoed|4/100\n|-unboost|p1a: Politoed|atk|1\n|\n|-weather|RainDance|[upkeep]\n|-heal|p1a: Politoed|10/100|[from] item: Leftovers\n|upkeep\n|\n|t:|1776293131\n|switch|p2a: Aggron|Aggron, L50, M|100/100\n|turn|5\n|\n|t:|1776293151\n|switch|p1a: Incineroar|Incineroar, L50, M|100/100\n|-ability|p1a: Incineroar|Intimidate|boost\n|-unboost|p2a: Aggron|atk|1\n|-unboost|p2b: Araquanid|atk|1\n|detailschange|p2a: Aggron|Aggron-Mega, L50, M\n|-mega|p2a: Aggron|Aggron|Aggronite\n|move|p1b: Gengar|Protect|p1b: Gengar\n|-singleturn|p1b: Gengar|Protect\n|move|p2a: Aggron|Heavy Slam|p1b: Gengar\n|-activate|p1b: Gengar|move: Protect\n|move|p2b: Araquanid|Lunge|p1a: Incineroar\n|-damage|p1a: Incineroar|85/100\n|-unboost|p1a: Incineroar|atk|1\n|\n|-weather|none\n|upkeep\n|turn|6\n|\n|t:|1776293163\n|move|p2a: Aggron|Protect|p2a: Aggron\n|-singleturn|p2a: Aggron|Protect\n|move|p2b: Araquanid|Protect|p2b: Araquanid\n|-singleturn|p2b: Araquanid|Protect\n|move|p1a: Incineroar|Fake Out|p2a: Aggron\n|-activate|p2a: Aggron|move: Protect\n|move|p1b: Gengar|Shadow Ball|p2b: Araquanid\n|-activate|p2b: Araquanid|move: Protect\n|\n|-end|p2b: Araquanid|Disable\n|upkeep\n|turn|7\n|\n|t:|1776293185\n|move|p1b: Gengar|Protect|p1b: Gengar\n|-singleturn|p1b: Gengar|Protect\n|move|p1a: Incineroar|Parting Shot|p2a: Aggron\n|-unboost|p2a: Aggron|atk|1\n|-unboost|p2a: Aggron|spa|1\n|\n|t:|1776293189\n|switch|p1a: Politoed|Politoed, L50, F|10/100|[from] Parting Shot\n|-weather|RainDance|[from] ability: Drizzle|[of] p1a: Politoed\n|move|p2a: Aggron|Heavy Slam|p1b: Gengar\n|-activate|p1b: Gengar|move: Protect\n|move|p2b: Araquanid|Liquidation|p1b: Gengar\n|-activate|p1b: Gengar|move: Protect\n|\n|-weather|RainDance|[upkeep]\n|-heal|p1a: Politoed|16/100|[from] item: Leftovers\n|upkeep\n|turn|8\n|\n|t:|1776293204\n|move|p1b: Gengar|Disable|p2b: Araquanid\n|-start|p2b: Araquanid|Disable|Liquidation\n|move|p1a: Politoed|Perish Song|p1a: Politoed\n|-start|p1a: Politoed|perish3|[silent]\n|-start|p1b: Gengar|perish3|[silent]\n|-start|p2a: Aggron|perish3|[silent]\n|-start|p2b: Araquanid|perish3|[silent]\n|-fieldactivate|move: Perish Song\n|move|p2a: Aggron|Body Press|p1a: Politoed\n|-damage|p1a: Politoed|0 fnt\n|faint|p1a: Politoed\n|cant|p2b: Araquanid|Disable|Liquidation\n|\n|-weather|RainDance|[upkeep]\n|-start|p1b: Gengar|perish3\n|-start|p2a: Aggron|perish3\n|-start|p2b: Araquanid|perish3\n|upkeep\n|c|\u2606FallenJedi97|ofc you get double protect\n|\n|t:|1776293219\n|switch|p1a: Incineroar|Incineroar, L50, M|85/100\n|-ability|p1a: Incineroar|Intimidate|boost\n|-unboost|p2a: Aggron|atk|1\n|-unboost|p2b: Araquanid|atk|1\n|turn|9\n|c|\u2606Brony6969|what double protect\n|\n|t:|1776293235\n|move|p1a: Incineroar|Fake Out|p2a: Aggron\n|-resisted|p2a: Aggron|1\n|-damage|p2a: Aggron|98/100\n|move|p1b: Gengar|Shadow Ball|p2b: Araquanid\n|-damage|p2b: Araquanid|16/100\n|cant|p2a: Aggron|flinch\n|move|p2b: Araquanid|Lunge|p1a: Incineroar\n|-damage|p1a: Incineroar|72/100\n|-unboost|p1a: Incineroar|atk|1\n|\n|-weather|RainDance|[upkeep]\n|-start|p1b: Gengar|perish2\n|-start|p2a: Aggron|perish2\n|-start|p2b: Araquanid|perish2\n|upkeep\n|turn|10\n|c|\u2606FallenJedi97|you're so fucking gay for this shit\n|c|\u2606Brony6969|lmao\n|c|\u2606Brony6969|didnt even get a double sob\n|inactive|Brony6969 has 30 seconds left.\n|\n|t:|1776293267\n|move|p1b: Gengar|Protect|p1b: Gengar\n|-singleturn|p1b: Gengar|Protect\n|move|p1a: Incineroar|Protect|p1a: Incineroar\n|-singleturn|p1a: Incineroar|Protect\n|move|p2a: Aggron|Body Press|p1a: Incineroar\n|-activate|p1a: Incineroar|move: Protect\n|move|p2b: Araquanid|Lunge|p1a: Incineroar\n|-activate|p1a: Incineroar|move: Protect\n|\n|-weather|RainDance|[upkeep]\n|-start|p1b: Gengar|perish1\n|-start|p2a: Aggron|perish1\n|-start|p2b: Araquanid|perish1\n|upkeep\n|turn|11\n|c|\u2606FallenJedi97|rot in hell\n|-message|FallenJedi97 forfeited.\n|\n|win|Brony6969\n",
  "uploadtime": 1776293244,
  "views": 17,
  "formatid": "gen9championsvgc2026regma",
  "rating": null,
  "private": 0,
  "password": null
}