{
  "id": "gen9championsvgc2026regma-2582177780",
  "format": "[Gen 9 Champions] VGC 2026 Reg M-A",
  "players": [
    "jd8erh",
    "Ifalciacomesback"
  ],
  "log": "|j|\u2606jd8erh\n|j|\u2606Ifalciacomesback\n|t:|1776067837\n|gametype|doubles\n|player|p1|jd8erh|1|1115\n|player|p2|Ifalciacomesback|266|1212\n|gen|9\n|tier|[Gen 9 Champions] VGC 2026 Reg M-A\n|rated|\n|rule|Species Clause: Limit one of each Pok\u00e9mon\n|rule|Item Clause: Limit 1 of each item\n|clearpoke\n|poke|p1|Aerodactyl, L50, M|\n|poke|p1|Incineroar, L50, F|\n|poke|p1|Palafin, L50, F|\n|poke|p1|Garchomp, L50, F|\n|poke|p1|Orthworm, L50, M|\n|poke|p1|Heliolisk, L50, F|\n|poke|p2|Floette-Eternal, L50, F|\n|poke|p2|Incineroar, L50, F|\n|poke|p2|Sinistcha, L50|\n|poke|p2|Basculegion, L50, M|\n|poke|p2|Pelipper, L50, F|\n|poke|p2|Sneasler, L50, F|\n|teampreview|4\n|inactive|Battle timer is ON: inactive players will automatically lose when time's up. (requested by jd8erh)\n|\n|t:|1776067861\n|teamsize|p1|4\n|teamsize|p2|4\n|start\n|switch|p1a: Palafin|Palafin, L50, F|100/100\n|switch|p1b: Aerodactyl|Aerodactyl, L50, M|100/100\n|switch|p2a: Sneasler|Sneasler, L50, F|100/100\n|switch|p2b: Floette|Floette-Eternal, L50, F|100/100\n|-ability|p1b: Aerodactyl|Unnerve\n|turn|1\n|\n|t:|1776067873\n|detailschange|p1a: Palafin|Palafin-Hero, L50, F\n|switch|p1a: Orthworm|Orthworm, L50, M, shiny|100/100\n|detailschange|p2b: Floette|Floette-Mega, L50, F\n|-mega|p2b: Floette|Floette|Floettite\n|-ability|p2b: Floette|Fairy Aura\n|move|p1b: Aerodactyl|Protect|p1b: Aerodactyl\n|-singleturn|p1b: Aerodactyl|Protect\n|move|p2a: Sneasler|Fake Out|p1b: Aerodactyl\n|-activate|p1b: Aerodactyl|move: Protect\n|move|p2b: Floette|Calm Mind|p2b: Floette\n|-boost|p2b: Floette|spa|1\n|-boost|p2b: Floette|spd|1\n|\n|upkeep\n|turn|2\n|\n|t:|1776067882\n|switch|p2a: Incineroar|Incineroar, L50, F|100/100\n|-ability|p2a: Incineroar|Intimidate|boost\n|-unboost|p1a: Orthworm|atk|1\n|-unboost|p1b: Aerodactyl|atk|1\n|detailschange|p1b: Aerodactyl|Aerodactyl-Mega, L50, M\n|-mega|p1b: Aerodactyl|Aerodactyl|Aerodactylite\n|move|p1b: Aerodactyl|Dual Wingbeat|p2a: Incineroar\n|-damage|p2a: Incineroar|85/100\n|-damage|p2a: Incineroar|69/100\n|-hitcount|p2a: Incineroar|2\n|move|p2b: Floette|Calm Mind|p2b: Floette\n|-boost|p2b: Floette|spa|1\n|-boost|p2b: Floette|spd|1\n|move|p1a: Orthworm|Heavy Slam|p2b: Floette\n|-supereffective|p2b: Floette|1\n|-damage|p2b: Floette|73/100\n|\n|upkeep\n|turn|3\n|inactive|Ifalciacomesback has 30 seconds left.\n|\n|t:|1776067908\n|switch|p1b: Heliolisk|Heliolisk, L50, F|100/100\n|move|p2b: Floette|Draining Kiss|p1b: Heliolisk\n|-damage|p1b: Heliolisk|20/100\n|-heal|p2b: Floette|100/100|[from] drain|[of] p1b: Heliolisk\n|move|p2a: Incineroar|Parting Shot|p1a: Orthworm\n|-unboost|p1a: Orthworm|atk|1\n|-unboost|p1a: Orthworm|spa|1\n|\n|t:|1776067918\n|switch|p2a: Sneasler|Sneasler, L50, F|100/100|[from] Parting Shot\n|move|p1a: Orthworm|Shed Tail|p1a: Orthworm\n|-start|p1a: Orthworm|Substitute|[from] move: Shed Tail\n|-damage|p1a: Orthworm|50/100\n|-enditem|p1a: Orthworm|Sitrus Berry|[eat]\n|-heal|p1a: Orthworm|75/100|[from] item: Sitrus Berry\n|\n|t:|1776067922\n|switch|p1a: Palafin|Palafin-Hero, L50, F|100/100|[from] Shed Tail\n|-activate|p1a: Palafin|ability: Zero to Hero\n|\n|upkeep\n|turn|4\n|\n|t:|1776067938\n|move|p1a: Palafin|Protect|p1a: Palafin\n|-singleturn|p1a: Palafin|Protect\n|move|p1b: Heliolisk|Thunderbolt|p2a: Sneasler\n|-damage|p2a: Sneasler|47/100\n|move|p2a: Sneasler|Dire Claw|p1a: Palafin\n|-activate|p1a: Palafin|move: Protect\n|move|p2b: Floette|Dazzling Gleam|p1b: Heliolisk|[spread] p1b\n|-activate|p1a: Palafin|move: Protect\n|-damage|p1b: Heliolisk|0 fnt\n|faint|p1b: Heliolisk\n|\n|upkeep\n|\n|t:|1776067948\n|switch|p1b: Aerodactyl|Aerodactyl-Mega, L50, M|100/100\n|turn|5\n|\n|t:|1776067957\n|move|p1b: Aerodactyl|Dual Wingbeat|p2a: Sneasler|[miss]\n|-miss|p1b: Aerodactyl|p2a: Sneasler\n|move|p2a: Sneasler|Dire Claw|p1a: Palafin\n|-end|p1a: Palafin|Substitute\n|move|p1a: Palafin|Wave Crash|p2b: Floette\n|-damage|p2b: Floette|29/100\n|-damage|p1a: Palafin|79/100|[from] Recoil\n|move|p2b: Floette|Draining Kiss|p1a: Palafin\n|-damage|p1a: Palafin|8/100\n|-heal|p2b: Floette|86/100|[from] drain|[of] p1a: Palafin\n|\n|upkeep\n|turn|6\n|\n|t:|1776067976\n|move|p2b: Floette|Protect|p2b: Floette\n|-singleturn|p2b: Floette|Protect\n|move|p1b: Aerodactyl|Rock Slide|p2a: Sneasler|[spread] p2a\n|-activate|p2b: Floette|move: Protect\n|-resisted|p2a: Sneasler|1\n|-damage|p2a: Sneasler|23/100\n|cant|p2a: Sneasler|flinch\n|move|p1a: Palafin|Wave Crash|p2b: Floette\n|-activate|p2b: Floette|move: Protect\n|\n|upkeep\n|turn|7\n|\n|t:|1776067991\n|switch|p2a: Incineroar|Incineroar, L50, F|69/100\n|-ability|p2a: Incineroar|Intimidate|boost\n|-unboost|p1a: Palafin|atk|1\n|-unboost|p1b: Aerodactyl|atk|1\n|move|p1b: Aerodactyl|Rock Slide|p2a: Incineroar|[spread] p2a,p2b\n|-supereffective|p2a: Incineroar|1\n|-damage|p2a: Incineroar|33/100\n|-damage|p2b: Floette|69/100\n|-enditem|p2a: Incineroar|Sitrus Berry|[eat]\n|-heal|p2a: Incineroar|58/100|[from] item: Sitrus Berry\n|move|p1a: Palafin|Wave Crash|p2b: Floette\n|-damage|p2b: Floette|16/100\n|-damage|p1a: Palafin|0 fnt|[from] Recoil\n|faint|p1a: Palafin\n|move|p2b: Floette|Dazzling Gleam|p1b: Aerodactyl\n|-damage|p1b: Aerodactyl|0 fnt\n|faint|p1b: Aerodactyl\n|\n|upkeep\n|\n|t:|1776068003\n|switch|p1b: Orthworm|Orthworm, L50, M, shiny|75/100\n|turn|8\n|-message|jd8erh forfeited.\n|\n|win|Ifalciacomesback\n|raw|jd8erh's rating: 1115 &rarr; <strong>1097</strong><br />(-18 for losing)\n|raw|Ifalciacomesback's rating: 1212 &rarr; <strong>1230</strong><br />(+18 for winning)\n|l|\u2606jd8erh\n|player|p1|\n",
  "uploadtime": 1776068021,
  "views": 18,
  "formatid": "gen9championsvgc2026regma",
  "rating": 1097,
  "private": 0,
  "password": null
}