{
  "id": "gen9championsvgc2026regma-2585629999",
  "format": "[Gen 9 Champions] VGC 2026 Reg M-A",
  "players": [
    "novvva",
    "atfalse"
  ],
  "log": "|j|\u2606novvva\n|j|\u2606atfalse\n|t:|1776359982\n|gametype|doubles\n|player|p1|novvva|266|1368\n|player|p2|atfalse|102|1338\n|gen|9\n|tier|[Gen 9 Champions] VGC 2026 Reg M-A\n|rated|\n|rule|Species Clause: Limit one of each Pok\u00e9mon\n|rule|Item Clause: Limit 1 of each item\n|clearpoke\n|poke|p1|Sableye, L50, M|\n|poke|p1|Kingambit, L50, M|\n|poke|p1|Pelipper, L50, M|\n|poke|p1|Sinistcha, L50|\n|poke|p1|Archaludon, L50, M|\n|poke|p1|Blastoise, L50, F|\n|poke|p2|Charizard, L50, M|\n|poke|p2|Venusaur, L50, F|\n|poke|p2|Garchomp, L50, F|\n|poke|p2|Rotom-Wash, L50|\n|poke|p2|Sneasler, L50, M|\n|poke|p2|Incineroar, L50, F|\n|teampreview|4\n|inactive|Battle timer is ON: inactive players will automatically lose when time's up. (requested by atfalse)\n|\n|t:|1776360098\n|teamsize|p1|4\n|teamsize|p2|4\n|start\n|switch|p1a: Sableye|Sableye, L50, M|100/100\n|switch|p1b: Blastoise|Blastoise, L50, F|100/100\n|switch|p2a: Charizard|Charizard, L50, M, shiny|100/100\n|switch|p2b: Venusaur|Venusaur, L50, F|100/100\n|turn|1\n|\n|t:|1776360118\n|switch|p2a: Rotom|Rotom-Wash, L50|100/100\n|move|p1b: Blastoise|Protect|p1b: Blastoise\n|-singleturn|p1b: Blastoise|Protect\n|move|p1a: Sableye|Fake Out|p2b: Venusaur\n|-damage|p2b: Venusaur|92/100\n|cant|p2b: Venusaur|flinch\n|\n|upkeep\n|turn|2\n|inactive|novvva has 30 seconds left.\n|inactive|atfalse has 30 seconds left.\n|\n|t:|1776360151\n|switch|p1b: Sinistcha|Sinistcha, L50|100/100\n|switch|p1a: Pelipper|Pelipper, L50, M|100/100\n|-weather|RainDance|[from] ability: Drizzle|[of] p1a: Pelipper\n|move|p2b: Venusaur|Sleep Powder|p1a: Pelipper|[miss]\n|-miss|p2b: Venusaur|p1a: Pelipper\n|move|p2a: Rotom|Thunderbolt|p1b: Sinistcha\n|-resisted|p1b: Sinistcha|1\n|-damage|p1b: Sinistcha|86/100\n|\n|-weather|RainDance|[upkeep]\n|upkeep\n|turn|3\n|inactive|novvva has 30 seconds left.\n|inactive|atfalse has 30 seconds left.\n|\n|t:|1776360179\n|switch|p2a: Charizard|Charizard, L50, M, shiny|100/100\n|move|p2b: Venusaur|Protect|p2b: Venusaur\n|-singleturn|p2b: Venusaur|Protect\n|move|p1b: Sinistcha|Rage Powder|p1b: Sinistcha\n|-singleturn|p1b: Sinistcha|move: Rage Powder\n|move|p1a: Pelipper|Tailwind|p1a: Pelipper\n|-sidestart|p1: novvva|move: Tailwind\n|\n|-weather|RainDance|[upkeep]\n|upkeep\n|turn|4\n|\n|t:|1776360200\n|switch|p1b: Sableye|Sableye, L50, M|100/100\n|detailschange|p2a: Charizard|Charizard-Mega-Y, L50, M, shiny\n|-mega|p2a: Charizard|Charizard|Charizardite Y\n|-weather|SunnyDay|[from] ability: Drought|[of] p2a: Charizard\n|move|p1a: Pelipper|Wide Guard|p1a: Pelipper\n|-singleturn|p1a: Pelipper|Wide Guard\n|move|p2b: Venusaur|Sludge Bomb|p1a: Pelipper\n|-damage|p1a: Pelipper|25/100\n|move|p2a: Charizard|Heat Wave|p1a: Pelipper|[spread] \n|-activate|p1a: Pelipper|move: Wide Guard\n|-activate|p1b: Sableye|move: Wide Guard\n|\n|-weather|SunnyDay|[upkeep]\n|upkeep\n|turn|5\n|inactive|novvva has 30 seconds left.\n|inactive|novvva has 20 seconds left.\n|\n|t:|1776360240\n|switch|p1a: Blastoise|Blastoise, L50, F|100/100\n|move|p1b: Sableye|Fake Out|p2b: Venusaur\n|-damage|p2b: Venusaur|83/100\n|cant|p2b: Venusaur|flinch\n|move|p2a: Charizard|Weather Ball|p1a: Blastoise\n|-resisted|p1a: Blastoise|1\n|-damage|p1a: Blastoise|59/100\n|\n|-weather|SunnyDay|[upkeep]\n|upkeep\n|turn|6\n|inactive|novvva has 30 seconds left.\n|\n|t:|1776360271\n|switch|p1b: Pelipper|Pelipper, L50, M|25/100\n|-weather|RainDance|[from] ability: Drizzle|[of] p1b: Pelipper\n|detailschange|p1a: Blastoise|Blastoise-Mega, L50, F\n|-mega|p1a: Blastoise|Blastoise|Blastoisinite\n|move|p1a: Blastoise|Water Spout|p2b: Venusaur|[spread] p2a,p2b\n|-supereffective|p2a: Charizard|1\n|-resisted|p2b: Venusaur|1\n|-damage|p2a: Charizard|0 fnt\n|-damage|p2b: Venusaur|49/100\n|faint|p2a: Charizard\n|move|p2b: Venusaur|Leaf Storm|p1a: Blastoise\n|-supereffective|p1a: Blastoise|1\n|-damage|p1a: Blastoise|0 fnt\n|-unboost|p2b: Venusaur|spa|2\n|faint|p1a: Blastoise\n|\n|-weather|RainDance|[upkeep]\n|-sideend|p1: novvva|move: Tailwind\n|upkeep\n|inactive|atfalse has 30 seconds left.\n|\n|t:|1776360296\n|switch|p2a: Garchomp|Garchomp, L50, F|100/100\n|switch|p1a: Sinistcha|Sinistcha, L50|86/100\n|-heal|p1b: Pelipper|49/100|[from] ability: Hospitality|[of] p1a: Sinistcha\n|turn|7\n|inactive|novvva has 30 seconds left.\n|\n|t:|1776360328\n|switch|p2b: Rotom|Rotom-Wash, L50|100/100\n|move|p2a: Garchomp|Rock Slide|p1b: Pelipper|[spread] p1a,p1b\n|-supereffective|p1b: Pelipper|1\n|-damage|p1a: Sinistcha|67/100\n|-damage|p1b: Pelipper|0 fnt\n|faint|p1b: Pelipper\n|move|p1a: Sinistcha|Trick Room|p1a: Sinistcha\n|-fieldstart|move: Trick Room|[of] p1a: Sinistcha\n|\n|-weather|RainDance|[upkeep]\n|upkeep\n|\n|t:|1776360337\n|switch|p1b: Sableye|Sableye, L50, M|100/100\n|turn|8\n|\n|t:|1776360352\n|move|p1b: Sableye|Encore|p2a: Garchomp\n|-start|p2a: Garchomp|Encore\n|move|p1a: Sinistcha|Matcha Gotcha|p2a: Garchomp|[spread] p2a,p2b\n|-supereffective|p2b: Rotom|1\n|-damage|p2a: Garchomp|73/100\n|-heal|p1a: Sinistcha|82/100|[from] drain|[of] p2a: Garchomp\n|-damage|p2b: Rotom|43/100\n|-heal|p1a: Sinistcha|100/100|[from] drain|[of] p2b: Rotom\n|move|p2b: Rotom|Will-O-Wisp|p1a: Sinistcha|[miss]\n|-miss|p2b: Rotom|p1a: Sinistcha\n|move|p2a: Garchomp|Rock Slide|p1a: Sinistcha|[spread] p1a,p1b\n|-damage|p1a: Sinistcha|79/100\n|-damage|p1b: Sableye|76/100\n|\n|-weather|RainDance|[upkeep]\n|-heal|p1b: Sableye|81/100|[from] item: Leftovers\n|-heal|p2b: Rotom|49/100|[from] item: Leftovers\n|upkeep\n|turn|9\n|\n|t:|1776360370\n|move|p2b: Rotom|Protect|p2b: Rotom\n|-singleturn|p2b: Rotom|Protect\n|move|p1b: Sableye|Disable|p2a: Garchomp\n|-start|p2a: Garchomp|Disable|Rock Slide\n|move|p1a: Sinistcha|Matcha Gotcha|p2b: Rotom|[spread] \n|-activate|p2b: Rotom|move: Protect\n|-miss|p1a: Sinistcha|p2a: Garchomp\n|cant|p2a: Garchomp|Disable|Rock Slide\n|\n|-weather|RainDance|[upkeep]\n|-heal|p1b: Sableye|87/100|[from] item: Leftovers\n|-heal|p2b: Rotom|55/100|[from] item: Leftovers\n|upkeep\n|turn|10\n|inactive|atfalse has 30 seconds left.\n|\n|t:|1776360395\n|switch|p2a: Venusaur|Venusaur, L50, F|49/100\n|move|p1b: Sableye|Encore|p2b: Rotom\n|-start|p2b: Rotom|Encore\n|move|p2b: Rotom|Protect|p2b: Rotom\n|-singleturn|p2b: Rotom|Protect\n|move|p1a: Sinistcha|Matcha Gotcha|p2a: Venusaur|[spread] p2a\n|-activate|p2b: Rotom|move: Protect\n|-resisted|p2a: Venusaur|2\n|-crit|p2a: Venusaur\n|-damage|p2a: Venusaur|39/100\n|-heal|p1a: Sinistcha|84/100|[from] drain|[of] p2a: Venusaur\n|-status|p2a: Venusaur|brn\n|\n|-weather|none\n|-heal|p1b: Sableye|93/100|[from] item: Leftovers\n|-heal|p2b: Rotom|60/100|[from] item: Leftovers\n|-damage|p2a: Venusaur|33/100 brn|[from] brn\n|upkeep\n|turn|11\n|inactive|novvva has 30 seconds left.\n|\n|t:|1776360429\n|switch|p2b: Garchomp|Garchomp, L50, F|73/100\n|move|p1b: Sableye|Quash|p2a: Venusaur\n|-activate|p2a: Venusaur|move: Quash\n|move|p1a: Sinistcha|Matcha Gotcha|p2a: Venusaur|[spread] p2a,p2b\n|-resisted|p2a: Venusaur|2\n|-damage|p2a: Venusaur|26/100 brn\n|-heal|p1a: Sinistcha|87/100|[from] drain|[of] p2a: Venusaur\n|-damage|p2b: Garchomp|47/100\n|-heal|p1a: Sinistcha|100/100|[from] drain|[of] p2b: Garchomp\n|-status|p2b: Garchomp|brn\n|move|p2a: Venusaur|Sludge Bomb|p1a: Sinistcha\n|-damage|p1a: Sinistcha|63/100\n|-status|p1a: Sinistcha|psn\n|\n|-heal|p1b: Sableye|99/100|[from] item: Leftovers\n|-damage|p1a: Sinistcha|51/100 psn|[from] psn\n|-damage|p2a: Venusaur|20/100 brn|[from] brn\n|-damage|p2b: Garchomp|41/100 brn|[from] brn\n|-fieldend|move: Trick Room\n|upkeep\n|turn|12\n|inactive|novvva has 30 seconds left.\n|inactive|atfalse has 30 seconds left.\n|inactive|novvva has 20 seconds left.\n|inactive|novvva has 15 seconds left.\n|inactive|novvva has 10 seconds left.\n|\n|t:|1776360475\n|move|p1b: Sableye|Disable|p2a: Venusaur\n|-start|p2a: Venusaur|Disable|Sludge Bomb\n|move|p2b: Garchomp|Dragon Claw|p1a: Sinistcha\n|-damage|p1a: Sinistcha|29/100 psn\n|-enditem|p1a: Sinistcha|Sitrus Berry|[eat]\n|-heal|p1a: Sinistcha|54/100 psn|[from] item: Sitrus Berry\n|cant|p2a: Venusaur|Disable|Sludge Bomb\n|move|p1a: Sinistcha|Matcha Gotcha|p2a: Venusaur|[spread] p2a,p2b\n|-resisted|p2a: Venusaur|2\n|-damage|p2a: Venusaur|13/100 brn\n|-heal|p1a: Sinistcha|57/100 psn|[from] drain|[of] p2a: Venusaur\n|-damage|p2b: Garchomp|15/100 brn\n|-heal|p1a: Sinistcha|71/100 psn|[from] drain|[of] p2b: Garchomp\n|\n|-heal|p1b: Sableye|100/100|[from] item: Leftovers\n|-damage|p1a: Sinistcha|58/100 psn|[from] psn\n|-damage|p2b: Garchomp|9/100 brn|[from] brn\n|-damage|p2a: Venusaur|8/100 brn|[from] brn\n|upkeep\n|turn|13\n|inactive|novvva has 30 seconds left.\n|inactive|atfalse has 30 seconds left.\n|\n|t:|1776360508\n|move|p1b: Sableye|Quash|p2b: Garchomp\n|-activate|p2b: Garchomp|move: Quash\n|move|p2a: Venusaur|Leaf Storm|p1b: Sableye\n|-damage|p1b: Sableye|24/100\n|-unboost|p2a: Venusaur|spa|2\n|move|p1a: Sinistcha|Matcha Gotcha|p2a: Venusaur|[spread] p2a,p2b\n|-resisted|p2a: Venusaur|2\n|-damage|p2a: Venusaur|1/100 brn\n|-heal|p1a: Sinistcha|61/100 psn|[from] drain|[of] p2a: Venusaur\n|-damage|p2b: Garchomp|0 fnt\n|-heal|p1a: Sinistcha|66/100 psn|[from] drain|[of] p2b: Garchomp\n|faint|p2b: Garchomp\n|\n|-heal|p1b: Sableye|30/100|[from] item: Leftovers\n|-damage|p1a: Sinistcha|53/100 psn|[from] psn\n|-damage|p2a: Venusaur|0 fnt|[from] brn\n|faint|p2a: Venusaur\n|upkeep\n|\n|t:|1776360518\n|switch|p2b: Rotom|Rotom-Wash, L50|60/100\n|turn|14\n|l|\u2606atfalse\n|inactive|atfalse disconnected and has a minute to reconnect!\n|player|p2|\n|\n|t:|1776360530\n|move|p1b: Sableye|Quash|p2b: Rotom\n|-activate|p2b: Rotom|move: Quash\n|move|p1a: Sinistcha|Matcha Gotcha|p2b: Rotom\n|-supereffective|p2b: Rotom|1\n|-damage|p2b: Rotom|0 fnt\n|-heal|p1a: Sinistcha|80/100 psn|[from] drain|[of] p2b: Rotom\n|faint|p2b: Rotom\n|\n|win|novvva\n|raw|novvva's rating: 1368 &rarr; <strong>1386</strong><br />(+18 for winning)\n|raw|atfalse's rating: 1338 &rarr; <strong>1320</strong><br />(-18 for losing)\n",
  "uploadtime": 1776360540,
  "views": 66,
  "formatid": "gen9championsvgc2026regma",
  "rating": 1320,
  "private": 0,
  "password": null
}