{
  "id": "gen9championsvgc2026regma-2580425735",
  "format": "[Gen 9 Champions] VGC 2026 Reg M-A",
  "players": [
    "M4rto",
    "PizzaTimeJoshua"
  ],
  "log": "|j|\u2606M4rto\n|j|\u2606PizzaTimeJoshua\n|t:|1775894636\n|gametype|doubles\n|player|p1|M4rto|265|1000\n|player|p2|PizzaTimeJoshua|red-masters|1074\n|gen|9\n|tier|[Gen 9 Champions] VGC 2026 Reg M-A\n|rated|\n|rule|Species Clause: Limit one of each Pok\u00e9mon\n|rule|Item Clause: Limit 1 of each item\n|clearpoke\n|poke|p1|Meowstic, L50, M|\n|poke|p1|Armarouge, L50, F|\n|poke|p1|Sinistcha, L50|\n|poke|p1|Kingambit, L50, F|\n|poke|p1|Victreebel, L50, F|\n|poke|p1|Torkoal, L50, F|\n|poke|p2|Tyranitar, L50, M|\n|poke|p2|Sylveon, L50, F|\n|poke|p2|Gardevoir, L50, F|\n|poke|p2|Scizor, L50, M|\n|poke|p2|Volcarona, L50, M|\n|poke|p2|Whimsicott, L50, F|\n|teampreview|4\n|inactive|Battle timer is ON: inactive players will automatically lose when time's up. (requested by PizzaTimeJoshua)\nM4rto rejected open team sheets.\n|\n|t:|1775894665\n|teamsize|p1|4\n|teamsize|p2|4\n|start\n|switch|p1a: Meowstic|Meowstic, L50, M|100/100\n|switch|p1b: Armarouge|Armarouge, L50, F|100/100\n|switch|p2a: Volcarona|Volcarona, L50, M, shiny|100/100\n|switch|p2b: Scizor|Scizor, L50, M|100/100\n|turn|1\n|inactive|M4rto has 30 seconds left.\n|inactive|M4rto has 20 seconds left.\n|inactive|M4rto has 15 seconds left.\n|\n|t:|1775894708\n|move|p2b: Scizor|Protect|p2b: Scizor\n|-singleturn|p2b: Scizor|Protect\n|move|p1a: Meowstic|Psychic Terrain|p1a: Meowstic\n|-fieldstart|move: Psychic Terrain\n|move|p2a: Volcarona|Quiver Dance|p2a: Volcarona\n|-boost|p2a: Volcarona|spa|1\n|-boost|p2a: Volcarona|spd|1\n|-boost|p2a: Volcarona|spe|1\n|move|p1b: Armarouge|Expanding Force|p2a: Volcarona|[spread] p2a\n|-activate|p2b: Scizor|move: Protect\n|-damage|p2a: Volcarona|55/100\n|\n|-heal|p2a: Volcarona|61/100|[from] item: Leftovers\n|upkeep\n|turn|2\n|\n|t:|1775894732\n|move|p1a: Meowstic|Fake Tears|p2a: Volcarona\n|-activate|p2a: Volcarona|move: Psychic Terrain\n|move|p2a: Volcarona|Quiver Dance|p2a: Volcarona\n|-boost|p2a: Volcarona|spa|1\n|-boost|p2a: Volcarona|spd|1\n|-boost|p2a: Volcarona|spe|1\n|move|p2b: Scizor|Bug Bite|p1a: Meowstic\n|-supereffective|p1a: Meowstic|1\n|-enditem|p1a: Meowstic|Focus Sash\n|-damage|p1a: Meowstic|1/100\n|move|p1b: Armarouge|Expanding Force|p2a: Volcarona|[spread] p2a,p2b\n|-resisted|p2b: Scizor|1\n|-damage|p2a: Volcarona|23/100\n|-damage|p2b: Scizor|53/100\n|\n|-heal|p2a: Volcarona|30/100|[from] item: Leftovers\n|upkeep\n|turn|3\n|\n|t:|1775894756\n|move|p2a: Volcarona|Bug Buzz|p1b: Armarouge\n|-damage|p1b: Armarouge|0 fnt\n|faint|p1b: Armarouge\n|move|p2b: Scizor|Swords Dance|p2b: Scizor\n|-boost|p2b: Scizor|atk|2\n|move|p1a: Meowstic|Trick Room|p1a: Meowstic\n|-fieldstart|move: Trick Room|[of] p1a: Meowstic\n|\n|-heal|p2a: Volcarona|36/100|[from] item: Leftovers\n|upkeep\n|\n|t:|1775894760\n|switch|p1b: Kingambit|Kingambit, L50, F|100/100\n|turn|4\n|\n|t:|1775894779\n|move|p2a: Volcarona|Rage Powder|p2a: Volcarona\n|-singleturn|p2a: Volcarona|move: Rage Powder\n|move|p1b: Kingambit|Sucker Punch||[still]\n|-fail|p1b: Kingambit\n|move|p2b: Scizor|Bug Bite|p1b: Kingambit\n|-damage|p1b: Kingambit|27/100\n|-enditem|p1b: Kingambit|Chople Berry|[from] stealeat|[move] Bug Bite|[of] p2b: Scizor\n|move|p1a: Meowstic|Expanding Force|p2b: Scizor|[spread] p2a,p2b\n|-resisted|p2b: Scizor|1\n|-damage|p2a: Volcarona|19/100\n|-damage|p2b: Scizor|32/100\n|\n|-heal|p2a: Volcarona|25/100|[from] item: Leftovers\n|upkeep\n|turn|5\n|\n|t:|1775894798\n|switch|p1a: Sinistcha|Sinistcha, L50|100/100\n|-heal|p1b: Kingambit|51/100|[from] ability: Hospitality|[of] p1a: Sinistcha\n|move|p2a: Volcarona|Rage Powder|p2a: Volcarona\n|-singleturn|p2a: Volcarona|move: Rage Powder\n|move|p1b: Kingambit|Iron Head|p2a: Volcarona\n|-resisted|p2a: Volcarona|1\n|-damage|p2a: Volcarona|0 fnt\n|faint|p2a: Volcarona\n|move|p2b: Scizor|Bug Bite|p1b: Kingambit\n|-damage|p1b: Kingambit|0 fnt\n|faint|p1b: Kingambit\n|\n|-fieldend|move: Psychic Terrain\n|upkeep\n|\n|t:|1775894814\n|switch|p1b: Meowstic|Meowstic, L50, M|1/100\n|switch|p2a: Whimsicott|Whimsicott, L50, F, shiny|100/100\n|turn|6\n|\n|t:|1775894823\n|move|p2b: Scizor|Bullet Punch|p1a: Sinistcha\n|-damage|p1a: Sinistcha|49/100\n|-enditem|p1a: Sinistcha|Sitrus Berry|[eat]\n|-heal|p1a: Sinistcha|74/100|[from] item: Sitrus Berry\n|move|p1a: Sinistcha|Strength Sap|p2b: Scizor\n|-unboost|p2b: Scizor|atk|1\n|-heal|p1a: Sinistcha|100/100\n|move|p1b: Meowstic|Expanding Force|p2b: Scizor\n|-resisted|p2b: Scizor|1\n|-damage|p2b: Scizor|16/100\n|move|p2a: Whimsicott|Moonblast|p1b: Meowstic\n|-damage|p1b: Meowstic|0 fnt\n|faint|p1b: Meowstic\n|\n|upkeep\n|turn|7\n|\n|t:|1775894839\n|move|p2a: Whimsicott|Encore|p1a: Sinistcha\n|-start|p1a: Sinistcha|Encore\n|move|p2b: Scizor|Swords Dance|p2b: Scizor\n|-boost|p2b: Scizor|atk|2\n|move|p1a: Sinistcha|Strength Sap|p2a: Whimsicott\n|-unboost|p2a: Whimsicott|atk|1\n|\n|-fieldend|move: Trick Room\n|upkeep\n|turn|8\n|\n|t:|1775894852\n|move|p2a: Whimsicott|Helping Hand|p2b: Scizor\n|-singleturn|p2b: Scizor|Helping Hand|[of] p2a: Whimsicott\n|move|p1a: Sinistcha|Strength Sap|p2b: Scizor\n|-unboost|p2b: Scizor|atk|1\n|move|p2b: Scizor|Bug Bite|p1a: Sinistcha\n|-damage|p1a: Sinistcha|0 fnt\n|faint|p1a: Sinistcha\n|\n|win|PizzaTimeJoshua\n|raw|M4rto's rating: 1000 &rarr; <strong>1000</strong><br />(+0 for losing)\n|raw|PizzaTimeJoshua's rating: 1074 &rarr; <strong>1097</strong><br />(+23 for winning)\n|l|\u2606M4rto\n|player|p1|\n",
  "uploadtime": 1775894865,
  "views": 14,
  "formatid": "gen9championsvgc2026regma",
  "rating": 1000,
  "private": 0,
  "password": null
}