{
  "id": "gen9championsvgc2026regma-2584368643",
  "format": "[Gen 9 Champions] VGC 2026 Reg M-A",
  "players": [
    "sphealdaboi",
    "SpareMePlz"
  ],
  "log": "|j|\u2606sphealdaboi\n|j|\u2606SpareMePlz\n|t:|1776255517\n|gametype|doubles\n|player|p1|sphealdaboi|jogger|1155\n|player|p2|SpareMePlz|169|1207\n|gen|9\n|tier|[Gen 9 Champions] VGC 2026 Reg M-A\n|rated|\n|rule|Species Clause: Limit one of each Pok\u00e9mon\n|rule|Item Clause: Limit 1 of each item\n|clearpoke\n|poke|p1|Milotic, L50, M|\n|poke|p1|Incineroar, L50, M|\n|poke|p1|Sinistcha, L50|\n|poke|p1|Garchomp, L50, F|\n|poke|p1|Altaria, L50, F|\n|poke|p1|Klefki, L50, M|\n|poke|p2|Talonflame, L50, M|\n|poke|p2|Kingambit, L50, M|\n|poke|p2|Araquanid, L50, M|\n|poke|p2|Sinistcha, L50|\n|poke|p2|Arcanine-Hisui, L50, F|\n|poke|p2|Floette-Eternal, L50, F|\n|teampreview|4\n|inactive|Battle timer is ON: inactive players will automatically lose when time's up. (requested by sphealdaboi)\n|inactive|sphealdaboi has 60 seconds left.\n|inactive|SpareMePlz has 60 seconds left.\n|\n|t:|1776255554\n|teamsize|p1|4\n|teamsize|p2|4\n|start\n|switch|p1a: Milotic|Milotic, L50, M, shiny|100/100\n|switch|p1b: Klefki|Klefki, L50, M, shiny|100/100\n|switch|p2a: Sinistcha|Sinistcha, L50|100/100\n|switch|p2b: Floette|Floette-Eternal, L50, F|100/100\n|turn|1\n|\n|t:|1776255573\n|move|p1b: Klefki|Sandstorm|p1b: Klefki\n|-weather|Sandstorm\n|move|p2b: Floette|Calm Mind|p2b: Floette\n|-boost|p2b: Floette|spa|1\n|-boost|p2b: Floette|spd|1\n|move|p1a: Milotic|Coil|p1a: Milotic\n|-boost|p1a: Milotic|atk|1\n|-boost|p1a: Milotic|def|1\n|-boost|p1a: Milotic|accuracy|1\n|move|p2a: Sinistcha|Matcha Gotcha|p1b: Klefki|[spread] p1a,p1b\n|-supereffective|p1a: Milotic|1\n|-resisted|p1b: Klefki|1\n|-damage|p1a: Milotic|74/100\n|-damage|p1b: Klefki|86/100\n|\n|-weather|Sandstorm|[upkeep]\n|-damage|p2b: Floette|94/100|[from] Sandstorm\n|-damage|p1a: Milotic|68/100|[from] Sandstorm\n|-damage|p2a: Sinistcha|94/100|[from] Sandstorm\n|-heal|p1a: Milotic|74/100|[from] item: Leftovers\n|upkeep\n|turn|2\n|inactive|sphealdaboi has 30 seconds left.\n|inactive|SpareMePlz has 30 seconds left.\n|inactive|sphealdaboi has 20 seconds left.\n|\n|t:|1776255610\n|switch|p1b: Garchomp|Garchomp, L50, F|100/100\n|detailschange|p2b: Floette|Floette-Mega, L50, F\n|-mega|p2b: Floette|Floette|Floettite\n|-ability|p2b: Floette|Fairy Aura\n|move|p2a: Sinistcha|Rage Powder|p2a: Sinistcha\n|-singleturn|p2a: Sinistcha|move: Rage Powder\n|move|p2b: Floette|Moonblast|p1a: Milotic\n|-damage|p1a: Milotic|14/100\n|move|p1a: Milotic|Hypnosis|p2a: Sinistcha|[miss]\n|-miss|p1a: Milotic|p2a: Sinistcha\n|\n|-weather|Sandstorm|[upkeep]\n|-damage|p2b: Floette|88/100|[from] Sandstorm\n|-damage|p1a: Milotic|8/100|[from] Sandstorm\n|-damage|p2a: Sinistcha|88/100|[from] Sandstorm\n|-heal|p1a: Milotic|14/100|[from] item: Leftovers\n|upkeep\n|turn|3\n|\n|t:|1776255633\n|move|p2a: Sinistcha|Rage Powder|p2a: Sinistcha\n|-singleturn|p2a: Sinistcha|move: Rage Powder\n|move|p1b: Garchomp|Iron Head|p2a: Sinistcha\n|-damage|p2a: Sinistcha|59/100\n|move|p2b: Floette|Dazzling Gleam|p1a: Milotic|[spread] p1a\n|-miss|p2b: Floette|p1b: Garchomp\n|-damage|p1a: Milotic|0 fnt\n|faint|p1a: Milotic\n|\n|-weather|Sandstorm|[upkeep]\n|-damage|p2b: Floette|82/100|[from] Sandstorm\n|-damage|p2a: Sinistcha|53/100|[from] Sandstorm\n|upkeep\n|\n|t:|1776255647\n|switch|p1a: Altaria|Altaria, L50, F, shiny|100/100\n|-ability|p1a: Altaria|Cloud Nine\n|turn|4\n|\n|t:|1776255656\n|detailschange|p1a: Altaria|Altaria-Mega, L50, F, shiny\n|-mega|p1a: Altaria|Altaria|Altarianite\n|move|p1b: Garchomp|Protect|p1b: Garchomp\n|-singleturn|p1b: Garchomp|Protect\n|move|p2a: Sinistcha|Rage Powder|p2a: Sinistcha\n|-singleturn|p2a: Sinistcha|move: Rage Powder\n|move|p2b: Floette|Dazzling Gleam|p1a: Altaria|[spread] p1a\n|-activate|p1b: Garchomp|move: Protect\n|-supereffective|p1a: Altaria|1\n|-damage|p1a: Altaria|14/100\n|move|p1a: Altaria|Heat Wave|p2a: Sinistcha|[spread] p2a,p2b\n|-supereffective|p2a: Sinistcha|1\n|-damage|p2a: Sinistcha|39/100\n|-damage|p2b: Floette|74/100\n|\n|-weather|Sandstorm|[upkeep]\n|-damage|p2b: Floette|68/100|[from] Sandstorm\n|-damage|p1a: Altaria|8/100|[from] Sandstorm\n|-damage|p2a: Sinistcha|33/100|[from] Sandstorm\n|upkeep\n|turn|5\n|\n|t:|1776255675\n|move|p2a: Sinistcha|Rage Powder|p2a: Sinistcha\n|-singleturn|p2a: Sinistcha|move: Rage Powder\n|move|p1b: Garchomp|Iron Head|p2a: Sinistcha\n|-damage|p2a: Sinistcha|6/100\n|move|p2b: Floette|Dazzling Gleam|p1a: Altaria|[spread] p1a\n|-miss|p2b: Floette|p1b: Garchomp\n|-supereffective|p1a: Altaria|1\n|-damage|p1a: Altaria|0 fnt\n|faint|p1a: Altaria\n|\n|-weather|none\n|upkeep\n|\n|t:|1776255678\n|switch|p1a: Klefki|Klefki, L50, M, shiny|86/100\n|turn|6\n|\n|t:|1776255696\n|move|p2a: Sinistcha|Rage Powder|p2a: Sinistcha\n|-singleturn|p2a: Sinistcha|move: Rage Powder\n|move|p1a: Klefki|Sandstorm|p1a: Klefki\n|-weather|Sandstorm\n|move|p1b: Garchomp|Iron Head|p2a: Sinistcha\n|-damage|p2a: Sinistcha|0 fnt\n|faint|p2a: Sinistcha\n|move|p2b: Floette|Dazzling Gleam|p1b: Garchomp|[spread] p1a,p1b\n|-resisted|p1a: Klefki|1\n|-supereffective|p1b: Garchomp|1\n|-damage|p1a: Klefki|47/100\n|-damage|p1b: Garchomp|0 fnt\n|faint|p1b: Garchomp\n|\n|-weather|Sandstorm|[upkeep]\n|-damage|p2b: Floette|62/100|[from] Sandstorm\n|upkeep\n|-message|sphealdaboi forfeited.\n|\n|win|SpareMePlz\n|raw|sphealdaboi's rating: 1155 &rarr; <strong>1134</strong><br />(-21 for losing)\n|raw|SpareMePlz's rating: 1207 &rarr; <strong>1228</strong><br />(+21 for winning)\n|l|\u2606sphealdaboi\n|player|p1|\n",
  "uploadtime": 1776255712,
  "views": 33,
  "formatid": "gen9championsvgc2026regma",
  "rating": 1134,
  "private": 0,
  "password": null
}