{
  "id": "gen9championsvgc2026regma-2582490273",
  "format": "[Gen 9 Champions] VGC 2026 Reg M-A",
  "players": [
    "realedo",
    "Sevaunn"
  ],
  "log": "|j|\u2606realedo\n|j|\u2606Sevaunn\n|t:|1776095026\n|gametype|doubles\n|player|p1|realedo|265|1137\n|player|p2|Sevaunn|hilbert|1192\n|gen|9\n|tier|[Gen 9 Champions] VGC 2026 Reg M-A\n|rated|\n|rule|Species Clause: Limit one of each Pok\u00e9mon\n|rule|Item Clause: Limit 1 of each item\n|clearpoke\n|poke|p1|Basculegion, L50, M|\n|poke|p1|Sinistcha, L50|\n|poke|p1|Pelipper, L50, M|\n|poke|p1|Incineroar, L50, M|\n|poke|p1|Floette-Eternal, L50, F|\n|poke|p1|Garchomp, L50, M|\n|poke|p2|Excadrill, L50, F|\n|poke|p2|Tyranitar, L50, F|\n|poke|p2|Raichu, L50, M|\n|poke|p2|Dragonite, L50, F|\n|poke|p2|Starmie, L50|\n|poke|p2|Rotom-Wash, L50|\n|teampreview|4\n|l|\u2606Sevaunn\n|player|p2|\n|j|\u2606Sevaunn\n|player|p2|Sevaunn|hilbert|\nrealedo has agreed to open team sheets.\n|\n|t:|1776095070\n|teamsize|p1|4\n|teamsize|p2|4\n|start\n|switch|p1a: Incineroar|Incineroar, L50, M, shiny|100/100\n|switch|p1b: Floette|Floette-Eternal, L50, F, shiny|100/100\n|switch|p2a: D.DAWG|Dragonite, L50, F|100/100\n|switch|p2b: JOHN GOTTI|Rotom-Wash, L50, shiny|100/100\n|-ability|p1a: Incineroar|Intimidate|boost\n|-fail|p2a: D.DAWG|unboost|Attack|[from] ability: Inner Focus|[of] p2a: D.DAWG\n|-unboost|p2b: JOHN GOTTI|atk|1\n|turn|1\n|\n|t:|1776095085\n|detailschange|p1b: Floette|Floette-Mega, L50, F, shiny\n|-mega|p1b: Floette|Floette|Floettite\n|-ability|p1b: Floette|Fairy Aura\n|move|p1a: Incineroar|Fake Out|p2a: D.DAWG\n|-damage|p2a: D.DAWG|90/100\n|move|p1b: Floette|Calm Mind|p1b: Floette\n|-boost|p1b: Floette|spa|1\n|-boost|p1b: Floette|spd|1\n|move|p2a: D.DAWG|Tailwind|p2a: D.DAWG\n|-sidestart|p2: Sevaunn|move: Tailwind\n|move|p2b: JOHN GOTTI|Hydro Pump|p1a: Incineroar|[miss]\n|-miss|p2b: JOHN GOTTI|p1a: Incineroar\n|\n|upkeep\n|turn|2\n|\n|t:|1776095104\n|move|p2a: D.DAWG|Dragon Dance|p2a: D.DAWG\n|-boost|p2a: D.DAWG|atk|1\n|-boost|p2a: D.DAWG|spe|1\n|move|p2b: JOHN GOTTI|Hydro Pump|p1a: Incineroar\n|-supereffective|p1a: Incineroar|1\n|-damage|p1a: Incineroar|23/100\n|move|p1b: Floette|Moonblast|p2a: D.DAWG\n|-supereffective|p2a: D.DAWG|1\n|-damage|p2a: D.DAWG|0 fnt\n|faint|p2a: D.DAWG\n|move|p1a: Incineroar|Will-O-Wisp|p2b: JOHN GOTTI\n|-status|p2b: JOHN GOTTI|brn\n|\n|-damage|p2b: JOHN GOTTI|95/100 brn|[from] brn\n|upkeep\n|\n|t:|1776095112\n|switch|p2a: bob Z UNBLDR|Excadrill, L50, F|100/100\n|turn|3\n|\n|t:|1776095131\n|move|p2a: bob Z UNBLDR|Iron Head|p1b: Floette\n|-supereffective|p1b: Floette|1\n|-damage|p1b: Floette|5/100\n|move|p2b: JOHN GOTTI|Volt Switch|p1a: Incineroar\n|-damage|p1a: Incineroar|0 fnt\n|faint|p1a: Incineroar\n|\n|t:|1776095135\n|switch|p2b: SANDASAURUS|Tyranitar, L50, F|100/100|[from] Volt Switch\n|-weather|Sandstorm|[from] ability: Sand Stream|[of] p2b: SANDASAURUS\n|move|p1b: Floette|Calm Mind|p1b: Floette\n|-boost|p1b: Floette|spa|1\n|-boost|p1b: Floette|spd|1\n|\n|-weather|Sandstorm|[upkeep]\n|-damage|p1b: Floette|0 fnt|[from] Sandstorm\n|faint|p1b: Floette\n|upkeep\n|\n|t:|1776095148\n|switch|p1b: Pelipper|Pelipper, L50, M|100/100\n|switch|p1a: Sinistcha|Sinistcha, L50, shiny|100/100\n|-weather|RainDance|[from] ability: Drizzle|[of] p1b: Pelipper\n|turn|4\n|\n|t:|1776095167\n|detailschange|p2b: SANDASAURUS|Tyranitar-Mega, L50, F\n|-mega|p2b: SANDASAURUS|Tyranitar|Tyranitarite\n|-weather|Sandstorm|[from] ability: Sand Stream|[of] p2b: SANDASAURUS\n|move|p1b: Pelipper|Protect|p1b: Pelipper\n|-singleturn|p1b: Pelipper|Protect\n|move|p2a: bob Z UNBLDR|Iron Head|p1a: Sinistcha\n|-damage|p1a: Sinistcha|55/100\n|move|p2b: SANDASAURUS|Rock Slide|p1b: Pelipper|[spread] p1a\n|-activate|p1b: Pelipper|move: Protect\n|-damage|p1a: Sinistcha|29/100\n|-enditem|p1a: Sinistcha|Sitrus Berry|[eat]\n|-heal|p1a: Sinistcha|54/100|[from] item: Sitrus Berry\n|move|p1a: Sinistcha|Trick Room|p1a: Sinistcha\n|-fieldstart|move: Trick Room|[of] p1a: Sinistcha\n|\n|-weather|Sandstorm|[upkeep]\n|-damage|p1a: Sinistcha|48/100|[from] Sandstorm\n|-damage|p1b: Pelipper|95/100|[from] Sandstorm\n|-sideend|p2: Sevaunn|move: Tailwind\n|upkeep\n|turn|5\n|\n|t:|1776095193\n|move|p1a: Sinistcha|Strength Sap|p2a: bob Z UNBLDR\n|-unboost|p2a: bob Z UNBLDR|atk|1\n|-heal|p1a: Sinistcha|100/100\n|move|p1b: Pelipper|Weather Ball|p2b: SANDASAURUS\n|-damage|p2b: SANDASAURUS|84/100\n|move|p2b: SANDASAURUS|Knock Off|p1b: Pelipper\n|-damage|p1b: Pelipper|11/100\n|-enditem|p1b: Pelipper|Focus Sash|[from] move: Knock Off|[of] p2b: SANDASAURUS\n|move|p2a: bob Z UNBLDR|Iron Head|p1a: Sinistcha\n|-damage|p1a: Sinistcha|70/100\n|\n|-weather|Sandstorm|[upkeep]\n|-damage|p1a: Sinistcha|64/100|[from] Sandstorm\n|-damage|p1b: Pelipper|6/100|[from] Sandstorm\n|upkeep\n|turn|6\n|\n|t:|1776095219\n|move|p1a: Sinistcha|Matcha Gotcha|p2a: bob Z UNBLDR|[spread] p2a,p2b\n|-supereffective|p2b: SANDASAURUS|1\n|-damage|p2a: bob Z UNBLDR|68/100\n|-heal|p1a: Sinistcha|81/100|[from] drain|[of] p2a: bob Z UNBLDR\n|-damage|p2b: SANDASAURUS|58/100\n|-heal|p1a: Sinistcha|95/100|[from] drain|[of] p2b: SANDASAURUS\n|-status|p2b: SANDASAURUS|brn\n|move|p1b: Pelipper|Weather Ball|p2a: bob Z UNBLDR\n|-resisted|p2a: bob Z UNBLDR|2\n|-damage|p2a: bob Z UNBLDR|58/100\n|move|p2b: SANDASAURUS|Knock Off|p1a: Sinistcha\n|-supereffective|p1a: Sinistcha|1\n|-damage|p1a: Sinistcha|61/100\n|move|p2a: bob Z UNBLDR|Iron Head|p1a: Sinistcha\n|-crit|p1a: Sinistcha\n|-damage|p1a: Sinistcha|0 fnt\n|faint|p1a: Sinistcha\n|\n|-weather|Sandstorm|[upkeep]\n|-damage|p1b: Pelipper|0 fnt|[from] Sandstorm\n|faint|p1b: Pelipper\n|\n|win|Sevaunn\n|raw|realedo's rating: 1137 &rarr; <strong>1116</strong><br />(-21 for losing)\n|raw|Sevaunn's rating: 1192 &rarr; <strong>1213</strong><br />(+21 for winning)\n|c|\u2606realedo|gg\n|l|\u2606realedo\n|player|p1|\n",
  "uploadtime": 1776095249,
  "views": 39,
  "formatid": "gen9championsvgc2026regma",
  "rating": 1116,
  "private": 0,
  "password": null
}