{
  "id": "gen9championsvgc2026regma-2583334410",
  "format": "[Gen 9 Champions] VGC 2026 Reg M-A",
  "players": [
    "ghikoj2",
    "SleepingPanda700"
  ],
  "log": "|j|\u2606ghikoj2\n|j|\u203dSleepingPanda700\n|t:|1776167866\n|gametype|doubles\n|player|p1|ghikoj2|101|1041\n|player|p2|SleepingPanda700|lucas|1047\n|gen|9\n|tier|[Gen 9 Champions] VGC 2026 Reg M-A\n|rated|\n|rule|Species Clause: Limit one of each Pok\u00e9mon\n|rule|Item Clause: Limit 1 of each item\n|clearpoke\n|poke|p1|Runerigus, L50, F|\n|poke|p1|Aggron, L50, M|\n|poke|p1|Espeon, L50, F|\n|poke|p1|Maushold-Four, L50|\n|poke|p1|Altaria, L50, M|\n|poke|p1|Meowscarada, L50, F|\n|poke|p2|Gengar, L50, M|\n|poke|p2|Corviknight, L50, F|\n|poke|p2|Hippowdon, L50, F|\n|poke|p2|Floette-Eternal, L50, F|\n|poke|p2|Incineroar, L50, F|\n|poke|p2|Greninja-*, L50, F|\n|teampreview|4\nSleepingPanda700 has agreed to open team sheets.\n|inactive|Battle timer is ON: inactive players will automatically lose when time's up. (requested by SleepingPanda700)\n|\n|t:|1776167925\n|teamsize|p1|4\n|teamsize|p2|4\n|start\n|switch|p1a: Espeon|Espeon, L50, F|100/100\n|switch|p1b: Maushold|Maushold-Four, L50|100/100\n|switch|p2a: Incineroar|Incineroar, L50, F|100/100\n|switch|p2b: Floette|Floette-Eternal, L50, F|100/100\n|-ability|p2a: Incineroar|Intimidate|boost\n|-unboost|p1a: Espeon|atk|1\n|-unboost|p1b: Maushold|atk|1\n|turn|1\n|inactive|SleepingPanda700 has 30 seconds left.\n|inactive|SleepingPanda700 has 20 seconds left.\n|inactive|SleepingPanda700 has 15 seconds left.\n|inactive|SleepingPanda700 has 10 seconds left.\n|\n|t:|1776167975\n|move|p1a: Espeon|Gravity|p1a: Espeon\n|-fieldstart|move: Gravity\n|move|p1b: Maushold|Population Bomb|p2b: Floette\n|-damage|p2b: Floette|92/100\n|-damage|p2b: Floette|86/100\n|-damage|p2b: Floette|79/100\n|-damage|p2b: Floette|72/100\n|-damage|p2b: Floette|64/100\n|-damage|p2b: Floette|56/100\n|-damage|p2b: Floette|48/100\n|-damage|p2b: Floette|40/100\n|-damage|p2b: Floette|32/100\n|-damage|p2b: Floette|24/100\n|-hitcount|p2b: Floette|10\n|cant|p2b: Floette|flinch\n|move|p2a: Incineroar|Darkest Lariat|p1a: Espeon\n|-supereffective|p1a: Espeon|1\n|-damage|p1a: Espeon|0 fnt\n|faint|p1a: Espeon\n|\n|upkeep\n|inactive|ghikoj2 has 30 seconds left.\n|\n|t:|1776168001\n|switch|p1a: Altaria|Altaria, L50, M|100/100\n|-ability|p1a: Altaria|Cloud Nine\n|turn|2\n|inactive|ghikoj2 has 30 seconds left.\n|\n|t:|1776168032\n|move|p2b: Floette|Protect|p2b: Floette\n|-singleturn|p2b: Floette|Protect\n|move|p1b: Maushold|Population Bomb|p2b: Floette\n|-activate|p2b: Floette|move: Protect\n|move|p1a: Altaria|Hurricane|p2a: Incineroar\n|-damage|p2a: Incineroar|60/100\n|-start|p2a: Incineroar|confusion\n|-activate|p2a: Incineroar|confusion\n|-damage|p2a: Incineroar|46/100|[from] confusion\n|\n|-heal|p2a: Incineroar|52/100|[from] item: Leftovers\n|upkeep\n|turn|3\n|\n|t:|1776168054\n|switch|p2b: Corviknight|Corviknight, L50, F|100/100\n|-ability|p2b: Corviknight|Pressure\n|move|p1b: Maushold|Population Bomb|p2a: Incineroar\n|-damage|p2a: Incineroar|45/100\n|-damage|p2a: Incineroar|39/100\n|-damage|p2a: Incineroar|33/100\n|-damage|p2a: Incineroar|25/100\n|-damage|p2a: Incineroar|18/100\n|-damage|p2a: Incineroar|10/100\n|-damage|p2a: Incineroar|3/100\n|-damage|p2a: Incineroar|0 fnt\n|faint|p2a: Incineroar\n|-hitcount|p2: Incineroar|8\n|move|p1a: Altaria|Hurricane|p2b: Corviknight\n|-resisted|p2b: Corviknight|1\n|-damage|p2b: Corviknight|82/100\n|\n|upkeep\n|\n|t:|1776168074\n|switch|p2a: Greninja|Greninja, L50, F|100/100\n|turn|4\n|inactive|SleepingPanda700 has 30 seconds left.\n|inactive|SleepingPanda700 has 20 seconds left.\n|\n|t:|1776168111\n|detailschange|p2a: Greninja|Greninja-Mega, L50, F\n|-mega|p2a: Greninja|Greninja|Greninjite\n|move|p1b: Maushold|Population Bomb|p2a: Greninja\n|-damage|p2a: Greninja|94/100\n|-damage|p2a: Greninja|87/100\n|-crit|p2a: Greninja\n|-damage|p2a: Greninja|69/100\n|-damage|p2a: Greninja|61/100\n|-damage|p2a: Greninja|54/100\n|-damage|p2a: Greninja|47/100\n|-damage|p2a: Greninja|40/100\n|-damage|p2a: Greninja|32/100\n|-damage|p2a: Greninja|25/100\n|-damage|p2a: Greninja|17/100\n|-hitcount|p2a: Greninja|10\n|move|p2a: Greninja|Ice Beam|p1a: Altaria\n|-start|p2a: Greninja|typechange|Ice|[from] ability: Protean\n|-supereffective|p1a: Altaria|2\n|-damage|p1a: Altaria|0 fnt\n|faint|p1a: Altaria\n|move|p2b: Corviknight|Body Press|p1b: Maushold\n|-supereffective|p1b: Maushold|1\n|-damage|p1b: Maushold|32/100\n|\n|upkeep\n|\n|t:|1776168135\n|switch|p1a: Meowscarada|Meowscarada, L50, F, shiny|100/100\n|turn|5\n|\n|t:|1776168152\n|move|p2a: Greninja|Protect|p2a: Greninja\n|-singleturn|p2a: Greninja|Protect\n|move|p1a: Meowscarada|Flower Trick|p2a: Greninja\n|-start|p1a: Meowscarada|typechange|Grass|[from] ability: Protean\n|-activate|p2a: Greninja|move: Protect\n|move|p1b: Maushold|Population Bomb|p2b: Corviknight\n|-resisted|p2b: Corviknight|1\n|-damage|p2b: Corviknight|80/100\n|-resisted|p2b: Corviknight|1\n|-damage|p2b: Corviknight|79/100\n|-resisted|p2b: Corviknight|1\n|-damage|p2b: Corviknight|77/100\n|-resisted|p2b: Corviknight|1\n|-damage|p2b: Corviknight|75/100\n|-resisted|p2b: Corviknight|1\n|-damage|p2b: Corviknight|73/100\n|-resisted|p2b: Corviknight|1\n|-damage|p2b: Corviknight|71/100\n|-resisted|p2b: Corviknight|1\n|-damage|p2b: Corviknight|69/100\n|-resisted|p2b: Corviknight|1\n|-damage|p2b: Corviknight|67/100\n|-resisted|p2b: Corviknight|1\n|-damage|p2b: Corviknight|65/100\n|-resisted|p2b: Corviknight|1\n|-damage|p2b: Corviknight|63/100\n|-hitcount|p2b: Corviknight|10\n|cant|p2b: Corviknight|flinch\n|\n|-fieldend|move: Gravity\n|upkeep\n|turn|6\n|inactive|SleepingPanda700 has 30 seconds left.\n|\n|t:|1776168180\n|switch|p2a: Floette|Floette-Eternal, L50, F|24/100\n|move|p1a: Meowscarada|Ally Switch|p1a: Meowscarada\n|swap|p1a: Meowscarada|1|[from] move: Ally Switch\n|move|p1a: Maushold|Population Bomb|p2a: Floette\n|-damage|p2a: Floette|16/100\n|-damage|p2a: Floette|9/100\n|-damage|p2a: Floette|1/100\n|-damage|p2a: Floette|0 fnt\n|faint|p2a: Floette\n|-hitcount|p2: Floette|4\n|move|p2b: Corviknight|Roost|p2b: Corviknight\n|-heal|p2b: Corviknight|100/100\n|-singleturn|p2b: Corviknight|move: Roost\n|\n|upkeep\n|\n|t:|1776168194\n|switch|p2a: Greninja|Greninja-Mega, L50, F|17/100\n|turn|7\n|\n|t:|1776168203\n|move|p1b: Meowscarada|Knock Off|p2b: Corviknight\n|-damage|p2b: Corviknight|80/100\n|-enditem|p2b: Corviknight|Sitrus Berry|[from] move: Knock Off|[of] p1b: Meowscarada\n|move|p1a: Maushold|Population Bomb|p2a: Greninja|[miss]\n|-miss|p1a: Maushold|p2a: Greninja\n|move|p2a: Greninja|Ice Beam|p1b: Meowscarada\n|-start|p2a: Greninja|typechange|Ice|[from] ability: Protean\n|-supereffective|p1b: Meowscarada|1\n|-enditem|p1b: Meowscarada|Focus Sash\n|-damage|p1b: Meowscarada|1/100\n|move|p2b: Corviknight|Body Press|p1a: Maushold\n|-supereffective|p1a: Maushold|1\n|-damage|p1a: Maushold|0 fnt\n|faint|p1a: Maushold\n|\n|upkeep\n|turn|8\n|\n|t:|1776168223\n|move|p2a: Greninja|Protect|p2a: Greninja\n|-singleturn|p2a: Greninja|Protect\n|move|p1b: Meowscarada|Knock Off|p2a: Greninja\n|-activate|p2a: Greninja|move: Protect\n|move|p2b: Corviknight|Body Press|p1b: Meowscarada\n|-damage|p1b: Meowscarada|0 fnt\n|faint|p1b: Meowscarada\n|\n|win|SleepingPanda700\n|raw|ghikoj2's rating: 1041 &rarr; <strong>1025</strong><br />(-16 for losing)\n|raw|SleepingPanda700's rating: 1047 &rarr; <strong>1079</strong><br />(+32 for winning)\n|l|\u2606ghikoj2\n|player|p1|\n",
  "uploadtime": 1776168254,
  "views": 16,
  "formatid": "gen9championsvgc2026regma",
  "rating": 1025,
  "private": 0,
  "password": null
}