{
  "id": "gen9championsvgc2026regma-2588167506",
  "format": "[Gen 9 Champions] VGC 2026 Reg M-A",
  "players": [
    "funnehcj_55",
    "FranekBucz"
  ],
  "log": "|j|\u2606funnehcj_55\n|j|\u2606FranekBucz\n|t:|1776610910\n|gametype|doubles\n|player|p1|funnehcj_55|169|1255\n|player|p2|FranekBucz|ghetsis|1162\n|gen|9\n|tier|[Gen 9 Champions] VGC 2026 Reg M-A\n|rated|\n|rule|Species Clause: Limit one of each Pok\u00e9mon\n|rule|Item Clause: Limit 1 of each item\n|clearpoke\n|poke|p1|Glimmora, L50, M, shiny|\n|poke|p1|Corviknight, L50, F|\n|poke|p1|Incineroar, L50, F|\n|poke|p1|Whimsicott, L50, F|\n|poke|p1|Tauros-Paldea-Aqua, L50, M, shiny|\n|poke|p1|Floette-Eternal, L50, F|\n|poke|p2|Garchomp, L50, F, shiny|\n|poke|p2|Kingambit, L50, F, shiny|\n|poke|p2|Rotom-Wash, L50|\n|poke|p2|Sinistcha, L50|\n|poke|p2|Corviknight, L50, F|\n|poke|p2|Floette-Eternal, L50, F|\n|teampreview|4\n|inactive|Battle timer is ON: inactive players will automatically lose when time's up. (requested by FranekBucz)\n|inactive|funnehcj_55 also wants the timer to be on.\nFranekBucz has agreed to open team sheets.\n|inactive|funnehcj_55 has 60 seconds left.\n|inactive|FranekBucz has 60 seconds left.\n|\n|t:|1776610947\n|teamsize|p1|4\n|teamsize|p2|4\n|start\n|switch|p1a: Floette|Floette-Eternal, L50, F|100/100\n|switch|p1b: Whimsicott|Whimsicott, L50, F|100/100\n|switch|p2a: Electrolux|Rotom-Wash, L50|100/100\n|switch|p2b: Checkmate|Kingambit, L50, F, shiny|100/100\n|turn|1\n|\n|t:|1776610963\n|detailschange|p1a: Floette|Floette-Mega, L50, F\n|-mega|p1a: Floette|Floette|Floettite\n|-ability|p1a: Floette|Fairy Aura\n|move|p1a: Floette|Protect|p1a: Floette\n|-singleturn|p1a: Floette|Protect\n|move|p2a: Electrolux|Protect|p2a: Electrolux\n|-singleturn|p2a: Electrolux|Protect\n|move|p1b: Whimsicott|Tailwind|p1b: Whimsicott\n|-sidestart|p1: funnehcj_55|move: Tailwind\n|move|p2b: Checkmate|Iron Head|p1b: Whimsicott\n|-supereffective|p1b: Whimsicott|1\n|-enditem|p1b: Whimsicott|Focus Sash\n|-damage|p1b: Whimsicott|1/100\n|\n|upkeep\n|turn|2\n|\n|t:|1776610973\n|switch|p2a: Corviknight|Corviknight, L50, F|100/100\n|move|p1b: Whimsicott|Moonblast|p2b: Checkmate\n|-damage|p2b: Checkmate|48/100\n|move|p1a: Floette|Dazzling Gleam|p2a: Corviknight|[spread] p2a,p2b\n|-resisted|p2a: Corviknight|1\n|-damage|p2a: Corviknight|74/100\n|-damage|p2b: Checkmate|0 fnt\n|faint|p2b: Checkmate\n|\n|upkeep\n|\n|t:|1776610988\n|switch|p2b: Floette|Floette-Eternal, L50, F|100/100\n|turn|3\n|\n|t:|1776610998\n|detailschange|p2b: Floette|Floette-Mega, L50, F\n|-mega|p2b: Floette|Floette|Floettite\n|-ability|p2b: Floette|Fairy Aura\n|move|p2b: Floette|Protect|p2b: Floette\n|-singleturn|p2b: Floette|Protect\n|move|p1b: Whimsicott|Fake Tears|p2a: Corviknight\n|-ability|p2a: Corviknight|Mirror Armor\n|-unboost|p1b: Whimsicott|spd|2\n|move|p1a: Floette|Light of Ruin|p2a: Corviknight|[miss]\n|-miss|p1a: Floette|p2a: Corviknight\n|move|p2a: Corviknight|Tailwind|p2a: Corviknight\n|-sidestart|p2: FranekBucz|move: Tailwind\n|\n|upkeep\n|turn|4\n|inactive|FranekBucz has 30 seconds left.\n|\n|t:|1776611028\n|move|p1b: Whimsicott|Encore|p2a: Corviknight\n|-start|p2a: Corviknight|Encore\n|move|p1a: Floette|Light of Ruin|p2b: Floette\n|-damage|p2b: Floette|15/100\n|-damage|p1a: Floette|50/100|[from] Recoil\n|move|p2b: Floette|Dazzling Gleam|p1a: Floette|[spread] p1a,p1b\n|-damage|p1a: Floette|2/100\n|-damage|p1b: Whimsicott|0 fnt\n|faint|p1b: Whimsicott\n|move|p2a: Corviknight|Tailwind||[still]\n|-fail|p2a: Corviknight\n|\n|-sideend|p1: funnehcj_55|move: Tailwind\n|upkeep\n|\n|t:|1776611036\n|switch|p1b: Incineroar|Incineroar, L50, F|100/100\n|-ability|p1b: Incineroar|Intimidate|boost\n|-ability|p2a: Corviknight|Mirror Armor\n|-unboost|p1b: Incineroar|atk|1\n|-unboost|p2b: Floette|atk|1\n|turn|5\n|\n|t:|1776611054\n|switch|p2a: Electrolux|Rotom-Wash, L50|100/100\n|move|p2b: Floette|Protect|p2b: Floette\n|-singleturn|p2b: Floette|Protect\n|move|p1b: Incineroar|Fake Out|p2b: Floette\n|-activate|p2b: Floette|move: Protect\n|move|p1a: Floette|Dazzling Gleam|p2a: Electrolux|[spread] p2a\n|-activate|p2b: Floette|move: Protect\n|-damage|p2a: Electrolux|48/100\n|\n|upkeep\n|turn|6\n|\n|t:|1776611062\n|move|p1a: Floette|Protect|p1a: Floette\n|-singleturn|p1a: Floette|Protect\n|move|p2b: Floette|Dazzling Gleam|p1a: Floette|[spread] p1b\n|-activate|p1a: Floette|move: Protect\n|-damage|p1b: Incineroar|60/100\n|move|p2a: Electrolux|Hydro Pump|p1b: Incineroar\n|-supereffective|p1b: Incineroar|1\n|-damage|p1b: Incineroar|0 fnt\n|faint|p1b: Incineroar\n|\n|-sideend|p2: FranekBucz|move: Tailwind\n|upkeep\n|\n|t:|1776611064\n|switch|p1b: Tauros|Tauros-Paldea-Aqua, L50, M, shiny|100/100\n|-ability|p1b: Tauros|Intimidate|boost\n|-unboost|p2a: Electrolux|atk|1\n|-unboost|p2b: Floette|atk|1\n|turn|7\n|\n|t:|1776611084\n|switch|p2b: Corviknight|Corviknight, L50, F|74/100\n|move|p1b: Tauros|Aqua Jet|p2b: Corviknight\n|-damage|p2b: Corviknight|61/100\n|move|p1a: Floette|Dazzling Gleam|p2b: Corviknight|[spread] p2a,p2b\n|-resisted|p2b: Corviknight|1\n|-damage|p2a: Electrolux|0 fnt\n|-damage|p2b: Corviknight|35/100\n|-enditem|p2b: Corviknight|Sitrus Berry|[eat]\n|-heal|p2b: Corviknight|60/100|[from] item: Sitrus Berry\n|faint|p2a: Electrolux\n|\n|upkeep\n|\n|t:|1776611087\n|switch|p2a: Floette|Floette-Mega, L50, F|15/100\n|-ability|p2a: Floette|Fairy Aura\n|turn|8\n|\n|t:|1776611093\n|move|p2a: Floette|Protect|p2a: Floette\n|-singleturn|p2a: Floette|Protect\n|move|p1b: Tauros|Aqua Jet|p2a: Floette\n|-activate|p2a: Floette|move: Protect\n|move|p1a: Floette|Light of Ruin|p2b: Corviknight\n|-resisted|p2b: Corviknight|1\n|-damage|p2b: Corviknight|1/100\n|-damage|p1a: Floette|0 fnt|[from] Recoil\n|faint|p1a: Floette\n|move|p2b: Corviknight|Drill Peck|p1b: Tauros\n|-supereffective|p1b: Tauros|1\n|-damage|p1b: Tauros|41/100\n|\n|upkeep\n|turn|9\n|\n|t:|1776611098\n|move|p1b: Tauros|Aqua Jet|p2a: Floette\n|-damage|p2a: Floette|0 fnt\n|faint|p2a: Floette\n|move|p2b: Corviknight|Drill Peck|p1b: Tauros\n|-supereffective|p1b: Tauros|1\n|-damage|p1b: Tauros|0 fnt\n|faint|p1b: Tauros\n|\n|win|FranekBucz\n|raw|funnehcj_55's rating: 1255 &rarr; <strong>1223</strong><br />(-32 for losing)\n|raw|FranekBucz's rating: 1162 &rarr; <strong>1194</strong><br />(+32 for winning)\n|l|\u2606FranekBucz\n|player|p2|\n",
  "uploadtime": 1776611108,
  "views": 7,
  "formatid": "gen9championsvgc2026regma",
  "rating": 1194,
  "private": 0,
  "password": null
}