{
  "id": "gen9championsvgc2026regma-2583477698",
  "format": "[Gen 9 Champions] VGC 2026 Reg M-A",
  "players": [
    "G3N13",
    "darklink1215"
  ],
  "log": "|j|\u2606G3N13\n|j|\u2606darklink1215\n|t:|1776178168\n|gametype|doubles\n|player|p1|G3N13|n|1095\n|player|p2|darklink1215|cyrus|1042\n|gen|9\n|tier|[Gen 9 Champions] VGC 2026 Reg M-A\n|rated|\n|rule|Species Clause: Limit one of each Pok\u00e9mon\n|rule|Item Clause: Limit 1 of each item\n|clearpoke\n|poke|p1|Incineroar, L50, M|\n|poke|p1|Farigiraf, L50, M|\n|poke|p1|Torkoal, L50, M|\n|poke|p1|Gardevoir, L50, M|\n|poke|p1|Sinistcha, L50|\n|poke|p1|Corviknight, L50, F|\n|poke|p2|Delphox, L50, M|\n|poke|p2|Aerodactyl, L50, M|\n|poke|p2|Aegislash, L50, M|\n|poke|p2|Sneasler, L50, M|\n|poke|p2|Rotom-Wash, L50|\n|poke|p2|Garchomp, L50, M|\n|teampreview|4\n|l|\u2606G3N13\n|player|p1|\n|j|\u2606G3N13\n|player|p1|G3N13|n|\n|inactive|Battle timer is ON: inactive players will automatically lose when time's up. (requested by darklink1215)\n|\n|t:|1776178215\n|teamsize|p1|4\n|teamsize|p2|4\n|start\n|switch|p1a: Farigiraf|Farigiraf, L50, M, shiny|100/100\n|switch|p1b: Corviknight|Corviknight, L50, F, shiny|100/100\n|switch|p2a: MGm|Garchomp, L50, M, shiny|100/100\n|switch|p2b: Shenron2|Aerodactyl, L50, M, shiny|100/100\n|-ability|p1b: Corviknight|Unnerve\n|turn|1\n|\n|t:|1776178236\n|move|p2a: MGm|Rock Slide|p1a: Farigiraf|[spread] p1a,p1b\n|-crit|p1b: Corviknight\n|-damage|p1a: Farigiraf|79/100\n|-damage|p1b: Corviknight|70/100\n|move|p2b: Shenron2|Rock Slide|p1b: Corviknight|[spread] p1b\n|-miss|p2b: Shenron2|p1a: Farigiraf\n|-damage|p1b: Corviknight|47/100\n|cant|p1b: Corviknight|flinch\n|move|p1a: Farigiraf|Trick Room|p1a: Farigiraf\n|-fieldstart|move: Trick Room|[of] p1a: Farigiraf\n|\n|upkeep\n|turn|2\n|\n|t:|1776178254\n|move|p1a: Farigiraf|Hyper Voice|p2b: Shenron2|[spread] p2a,p2b\n|-crit|p2a: MGm\n|-resisted|p2b: Shenron2|1\n|-damage|p2a: MGm|49/100\n|-damage|p2b: Shenron2|78/100\n|move|p1b: Corviknight|Iron Head|p2b: Shenron2\n|-supereffective|p2b: Shenron2|1\n|-damage|p2b: Shenron2|0 fnt\n|faint|p2b: Shenron2\n|move|p2a: MGm|Rock Slide|p1b: Corviknight|[spread] p1b\n|-miss|p2a: MGm|p1a: Farigiraf\n|-damage|p1b: Corviknight|27/100\n|\n|upkeep\n|\n|t:|1776178265\n|switch|p2b: Glamdring|Aegislash, L50, M, shiny|100/100\n|turn|3\n|\n|t:|1776178290\n|switch|p1a: Sinistcha|Sinistcha, L50|100/100\n|-heal|p1b: Corviknight|52/100|[from] ability: Hospitality|[of] p1a: Sinistcha\n|-formechange|p2b: Glamdring|Aegislash-Blade|\n|move|p2b: Glamdring|Shadow Sneak|p1a: Sinistcha\n|-supereffective|p1a: Sinistcha|1\n|-damage|p1a: Sinistcha|57/100\n|move|p1b: Corviknight|Brave Bird|p2a: MGm\n|-damage|p2a: MGm|0 fnt\n|-damage|p1b: Corviknight|39/100|[from] ability: Rough Skin|[of] p2a: MGm\n|faint|p2a: MGm\n|-damage|p1b: Corviknight|24/100|[from] Recoil\n|\n|upkeep\n|\n|t:|1776178298\n|switch|p2a: Tony Fox|Delphox, L50, M, shiny|100/100\n|turn|4\n|inactive|G3N13 has 30 seconds left.\n|\n|t:|1776178328\n|switch|p1a: Farigiraf|Farigiraf, L50, M, shiny|79/100\n|detailschange|p2a: Tony Fox|Delphox-Mega, L50, M, shiny\n|-mega|p2a: Tony Fox|Delphox|Delphoxite\n|move|p2b: Glamdring|Poltergeist|p1b: Corviknight|[miss]\n|-miss|p2b: Glamdring|p1b: Corviknight\n|move|p1b: Corviknight|Brave Bird|p2a: Tony Fox\n|-damage|p2a: Tony Fox|24/100\n|-damage|p1b: Corviknight|3/100|[from] Recoil\n|move|p2a: Tony Fox|Heat Wave|p1b: Corviknight|[spread] p1b\n|-miss|p2a: Tony Fox|p1a: Farigiraf\n|-supereffective|p1b: Corviknight|1\n|-enditem|p1b: Corviknight|Occa Berry|[eat]\n|-enditem|p1b: Corviknight|Occa Berry|[weaken]\n|-damage|p1b: Corviknight|0 fnt\n|faint|p1b: Corviknight\n|\n|upkeep\n|\n|t:|1776178350\n|switch|p1b: Torkoal|Torkoal, L50, M, shiny|100/100\n|-weather|SunnyDay|[from] ability: Drought|[of] p1b: Torkoal\n|turn|5\n|\n|t:|1776178357\n|-formechange|p2b: Glamdring|Aegislash|\n|move|p2b: Glamdring|King's Shield|p2b: Glamdring\n|-singleturn|p2b: Glamdring|Protect\n|move|p2a: Tony Fox|Protect|p2a: Tony Fox\n|-singleturn|p2a: Tony Fox|Protect\n|move|p1b: Torkoal|Eruption|p2a: Tony Fox|[spread] \n|-activate|p2a: Tony Fox|move: Protect\n|-activate|p2b: Glamdring|move: Protect\n|move|p1a: Farigiraf|Psychic|p2b: Glamdring\n|-activate|p2b: Glamdring|move: Protect\n|\n|-weather|SunnyDay|[upkeep]\n|-fieldend|move: Trick Room\n|upkeep\n|turn|6\n|\n|t:|1776178367\n|move|p1b: Torkoal|Protect|p1b: Torkoal\n|-singleturn|p1b: Torkoal|Protect\n|move|p2a: Tony Fox|Heat Wave|p1a: Farigiraf|[spread] p1a\n|-activate|p1b: Torkoal|move: Protect\n|-damage|p1a: Farigiraf|6/100\n|-formechange|p2b: Glamdring|Aegislash-Blade|\n|move|p2b: Glamdring|Poltergeist|p1b: Torkoal\n|-activate|p1b: Torkoal|move: Protect\n|move|p1a: Farigiraf|Trick Room|p1a: Farigiraf\n|-fieldstart|move: Trick Room|[of] p1a: Farigiraf\n|\n|-weather|SunnyDay|[upkeep]\n|upkeep\n|turn|7\n|\n|t:|1776178388\n|move|p1b: Torkoal|Eruption|p2b: Glamdring|[spread] p2a,p2b\n|-resisted|p2a: Tony Fox|1\n|-supereffective|p2b: Glamdring|1\n|-damage|p2a: Tony Fox|0 fnt\n|-damage|p2b: Glamdring|0 fnt\n|faint|p2a: Tony Fox\n|faint|p2b: Glamdring\n|\n|win|G3N13\n|raw|G3N13's rating: 1095 &rarr; <strong>1117</strong><br />(+22 for winning)\n|raw|darklink1215's rating: 1042 &rarr; <strong>1028</strong><br />(-14 for losing)\n|l|\u2606darklink1215\n|player|p2|\n",
  "uploadtime": 1776178406,
  "views": 22,
  "formatid": "gen9championsvgc2026regma",
  "rating": 1028,
  "private": 0,
  "password": null
}