{
  "id": "gen9championsvgc2026regma-2585987291",
  "format": "[Gen 9 Champions] VGC 2026 Reg M-A",
  "players": [
    "Aguny",
    "r0b_vgc1"
  ],
  "log": "|j|\u2606Aguny\n|j|\u2606r0b_vgc1\n|t:|1776387817\n|gametype|doubles\n|player|p1|Aguny|roxie|1089\n|player|p2|r0b_vgc1|102|1170\n|gen|9\n|tier|[Gen 9 Champions] VGC 2026 Reg M-A\n|rated|\n|rule|Species Clause: Limit one of each Pok\u00e9mon\n|rule|Item Clause: Limit 1 of each item\n|clearpoke\n|poke|p1|Pelipper, L50, F|\n|poke|p1|Dragonite, L50, F|\n|poke|p1|Basculegion, L50, M|\n|poke|p1|Sneasler, L50, M|\n|poke|p1|Archaludon, L50, M|\n|poke|p1|Sinistcha, L50|\n|poke|p2|Blastoise, L50, F|\n|poke|p2|Sylveon, L50, M|\n|poke|p2|Farigiraf, L50, F|\n|poke|p2|Sneasler, L50, M|\n|poke|p2|Sinistcha, L50|\n|poke|p2|Kingambit, L50, F|\n|teampreview|4\n|\n|t:|1776387839\n|teamsize|p1|4\n|teamsize|p2|4\n|start\n|switch|p1a: Pelipper|Pelipper, L50, F|100/100\n|switch|p1b: Dragonite|Dragonite, L50, F|100/100\n|switch|p2a: Farigiraf|Farigiraf, L50, F|100/100\n|switch|p2b: Blastoise|Blastoise, L50, F|100/100\n|-weather|RainDance|[from] ability: Drizzle|[of] p1a: Pelipper\n|turn|1\n|\n|t:|1776387859\n|switch|p1a: Archaludon|Archaludon, L50, M|100/100\n|detailschange|p1b: Dragonite|Dragonite-Mega, L50, F\n|-mega|p1b: Dragonite|Dragonite|Dragoninite\n|move|p2b: Blastoise|Protect|p2b: Blastoise\n|-singleturn|p2b: Blastoise|Protect\n|move|p1b: Dragonite|Hurricane|p2a: Farigiraf\n|-damage|p2a: Farigiraf|36/100\n|-enditem|p2a: Farigiraf|Sitrus Berry|[eat]\n|-heal|p2a: Farigiraf|60/100|[from] item: Sitrus Berry\n|move|p2a: Farigiraf|Trick Room|p2a: Farigiraf\n|-fieldstart|move: Trick Room|[of] p2a: Farigiraf\n|\n|-weather|RainDance|[upkeep]\n|upkeep\n|turn|2\n|\n|t:|1776387880\n|detailschange|p2b: Blastoise|Blastoise-Mega, L50, F\n|-mega|p2b: Blastoise|Blastoise|Blastoisinite\n|move|p1b: Dragonite|Protect|p1b: Dragonite\n|-singleturn|p1b: Dragonite|Protect\n|move|p2a: Farigiraf|Psychic|p1b: Dragonite\n|-activate|p1b: Dragonite|move: Protect\n|move|p2b: Blastoise|Water Spout|p1b: Dragonite|[spread] p1a\n|-activate|p1b: Dragonite|move: Protect\n|-resisted|p1a: Archaludon|1\n|-damage|p1a: Archaludon|52/100\n|-ability|p1a: Archaludon|Stamina|boost\n|-boost|p1a: Archaludon|def|1\n|move|p1a: Archaludon|Electro Shot||[still]\n|-prepare|p1a: Archaludon|Electro Shot\n|-boost|p1a: Archaludon|spa|1\n|-anim|p1a: Archaludon|Electro Shot|p2b: Blastoise\n|-supereffective|p2b: Blastoise|1\n|-damage|p2b: Blastoise|0 fnt\n|faint|p2b: Blastoise\n|\n|-weather|RainDance|[upkeep]\n|-heal|p1a: Archaludon|58/100|[from] item: Leftovers\n|upkeep\n|\n|t:|1776387904\n|switch|p2b: Sinistcha|Sinistcha, L50|100/100\n|-heal|p2a: Farigiraf|85/100|[from] ability: Hospitality|[of] p2b: Sinistcha\n|turn|3\n|\n|t:|1776387919\n|move|p2a: Farigiraf|Psychic|p1b: Dragonite\n|-damage|p1b: Dragonite|86/100\n|move|p2b: Sinistcha|Matcha Gotcha|p1a: Archaludon|[spread] p1a\n|-miss|p2b: Sinistcha|p1b: Dragonite\n|-resisted|p1a: Archaludon|2\n|-damage|p1a: Archaludon|51/100\n|-status|p1a: Archaludon|brn\n|-ability|p1a: Archaludon|Stamina|boost\n|-boost|p1a: Archaludon|def|1\n|move|p1a: Archaludon|Electro Shot||[still]\n|-prepare|p1a: Archaludon|Electro Shot\n|-boost|p1a: Archaludon|spa|1\n|-anim|p1a: Archaludon|Electro Shot|p2a: Farigiraf\n|-damage|p2a: Farigiraf|1/100\n|move|p1b: Dragonite|Hurricane|p2b: Sinistcha\n|-supereffective|p2b: Sinistcha|1\n|-damage|p2b: Sinistcha|0 fnt\n|faint|p2b: Sinistcha\n|\n|-weather|RainDance|[upkeep]\n|-heal|p1a: Archaludon|57/100 brn|[from] item: Leftovers\n|-damage|p1a: Archaludon|51/100 brn|[from] brn\n|upkeep\n|\n|t:|1776387943\n|switch|p2b: Sylveon|Sylveon, L50, M|100/100\n|turn|4\n|\n|t:|1776387959\n|move|p2a: Farigiraf|Helping Hand|p2b: Sylveon\n|-singleturn|p2b: Sylveon|Helping Hand|[of] p2a: Farigiraf\n|move|p2b: Sylveon|Hyper Voice|p1a: Archaludon|[spread] p1a,p1b\n|-supereffective|p1b: Dragonite|1\n|-damage|p1a: Archaludon|0 fnt\n|-damage|p1b: Dragonite|0 fnt\n|faint|p1a: Archaludon\n|faint|p1b: Dragonite\n|\n|-weather|RainDance|[upkeep]\n|upkeep\n|\n|t:|1776387970\n|switch|p1a: Sneasler|Sneasler, L50, M|100/100\n|switch|p1b: Pelipper|Pelipper, L50, F|100/100\n|turn|5\n|\n|t:|1776387986\n|move|p1a: Sneasler|Fake Out||[still]\n|cant|p2a: Farigiraf|ability: Armor Tail|Fake Out|[of] p1a: Sneasler\n|move|p2a: Farigiraf|Psychic|p1a: Sneasler\n|-supereffective|p1a: Sneasler|2\n|-enditem|p1a: Sneasler|Focus Sash\n|-damage|p1a: Sneasler|1/100\n|move|p2b: Sylveon|Hyper Voice|p1a: Sneasler|[spread] p1a,p1b\n|-damage|p1a: Sneasler|0 fnt\n|-damage|p1b: Pelipper|24/100\n|-enditem|p1b: Pelipper|Sitrus Berry|[eat]\n|-heal|p1b: Pelipper|49/100|[from] item: Sitrus Berry\n|faint|p1a: Sneasler\n|move|p1b: Pelipper|Weather Ball|p2a: Farigiraf\n|-damage|p2a: Farigiraf|0 fnt\n|faint|p2a: Farigiraf\n|\n|-weather|none\n|-fieldend|move: Trick Room\n|upkeep\n|turn|6\n|\n|t:|1776388010\n|move|p1b: Pelipper|Roost|p1b: Pelipper\n|-heal|p1b: Pelipper|99/100\n|-singleturn|p1b: Pelipper|move: Roost\n|move|p2b: Sylveon|Hyper Beam|p1b: Pelipper|[miss]\n|-miss|p2b: Sylveon|p1b: Pelipper\n|\n|upkeep\n|turn|7\n|\n|t:|1776388022\n|move|p1b: Pelipper|Hurricane|p2b: Sylveon\n|-damage|p2b: Sylveon|68/100\n|move|p2b: Sylveon|Hyper Beam|p1b: Pelipper\n|-damage|p1b: Pelipper|0 fnt\n|-mustrecharge|p2b: Sylveon\n|faint|p1b: Pelipper\n|\n|win|r0b_vgc1\n|raw|Aguny's rating: 1089 &rarr; <strong>1071</strong><br />(-18 for losing)\n|raw|r0b_vgc1's rating: 1170 &rarr; <strong>1189</strong><br />(+19 for winning)\n|l|\u2606Aguny\n|player|p1|\n",
  "uploadtime": 1776388034,
  "views": 28,
  "formatid": "gen9championsvgc2026regma",
  "rating": 1071,
  "private": 0,
  "password": null
}