{
  "id": "gen9championsvgc2026regma-2585910533",
  "format": "[Gen 9 Champions] VGC 2026 Reg M-A",
  "players": [
    "phyloren22395",
    "KingOvershield"
  ],
  "log": "|j|\u2606phyloren22395\n|j|\u2606KingOvershield\n|t:|1776380648\n|gametype|doubles\n|player|p1|phyloren22395|swimmer-gen4dp|1211\n|player|p2|KingOvershield|bugcatcher-gen4dp|1249\n|gen|9\n|tier|[Gen 9 Champions] VGC 2026 Reg M-A\n|rated|\n|rule|Species Clause: Limit one of each Pok\u00e9mon\n|rule|Item Clause: Limit 1 of each item\n|clearpoke\n|poke|p1|Gengar, L50, M|\n|poke|p1|Floette-Eternal, L50, F|\n|poke|p1|Scizor, L50, M|\n|poke|p1|Pelipper, L50, F|\n|poke|p1|Garchomp, L50, M|\n|poke|p1|Milotic, L50, F|\n|poke|p2|Farigiraf, L50, M|\n|poke|p2|Camerupt, L50, M|\n|poke|p2|Maushold-Four, L50|\n|poke|p2|Sylveon, L50, F|\n|poke|p2|Kingambit, L50, M|\n|poke|p2|Dragonite, L50, M|\n|teampreview|4\n|\n|t:|1776380775\n|teamsize|p1|4\n|teamsize|p2|4\n|start\n|switch|p1a: Floette|Floette-Eternal, L50, F|100/100\n|switch|p1b: Milotic|Milotic, L50, F, shiny|100/100\n|switch|p2a: Farigiraf|Farigiraf, L50, M|100/100\n|switch|p2b: Dragonite|Dragonite, L50, M|100/100\n|turn|1\n|\n|t:|1776380802\n|detailschange|p1a: Floette|Floette-Mega, L50, F\n|-mega|p1a: Floette|Floette|Floettite\n|-ability|p1a: Floette|Fairy Aura\n|move|p1a: Floette|Moonblast|p2a: Farigiraf\n|-damage|p2a: Farigiraf|16/100\n|-enditem|p2a: Farigiraf|Sitrus Berry|[eat]\n|-heal|p2a: Farigiraf|41/100|[from] item: Sitrus Berry\n|move|p1b: Milotic|Muddy Water|p2b: Dragonite|[spread] p2a,p2b\n|-resisted|p2b: Dragonite|1\n|-damage|p2a: Farigiraf|17/100\n|-damage|p2b: Dragonite|95/100\n|-unboost|p2b: Dragonite|accuracy|1\n|-enditem|p2b: Dragonite|White Herb\n|-clearnegativeboost|p2b: Dragonite|[silent]\n|move|p2b: Dragonite|Thunder Punch|p1b: Milotic\n|-supereffective|p1b: Milotic|1\n|-damage|p1b: Milotic|52/100\n|move|p2a: Farigiraf|Trick Room|p2a: Farigiraf\n|-fieldstart|move: Trick Room|[of] p2a: Farigiraf\n|\n|-heal|p1b: Milotic|58/100|[from] item: Leftovers\n|upkeep\n|turn|2\n|\n|t:|1776380842\n|move|p2a: Farigiraf|Hyper Voice|p1b: Milotic|[spread] p1a,p1b\n|-damage|p1a: Floette|73/100\n|-damage|p1b: Milotic|34/100\n|move|p2b: Dragonite|Thunder Punch|p1b: Milotic\n|-supereffective|p1b: Milotic|1\n|-damage|p1b: Milotic|0 fnt\n|faint|p1b: Milotic\n|move|p1a: Floette|Dazzling Gleam|p2b: Dragonite|[spread] p2a,p2b\n|-supereffective|p2b: Dragonite|1\n|-damage|p2a: Farigiraf|0 fnt\n|-damage|p2b: Dragonite|7/100\n|faint|p2a: Farigiraf\n|\n|upkeep\n|\n|t:|1776380852\n|switch|p2a: Camerupt|Camerupt, L50, M|100/100\n|switch|p1b: Scizor|Scizor, L50, M, shiny|100/100\n|turn|3\n|\n|t:|1776380893\n|switch|p1b: Pelipper|Pelipper, L50, F, shiny|100/100\n|-weather|RainDance|[from] ability: Drizzle|[of] p1b: Pelipper\n|detailschange|p2a: Camerupt|Camerupt-Mega, L50, M\n|-mega|p2a: Camerupt|Camerupt|Cameruptite\n|move|p1a: Floette|Protect|p1a: Floette\n|-singleturn|p1a: Floette|Protect\n|move|p2a: Camerupt|Eruption|p1b: Pelipper|[spread] p1b\n|-activate|p1a: Floette|move: Protect\n|-resisted|p1b: Pelipper|1\n|-damage|p1b: Pelipper|70/100\n|move|p2b: Dragonite|Thunder Punch|p1a: Floette\n|-activate|p1a: Floette|move: Protect\n|\n|-weather|RainDance|[upkeep]\n|upkeep\n|turn|4\n|\n|t:|1776380948\n|move|p2a: Camerupt|Eruption|p1a: Floette|[spread] p1a,p1b\n|-resisted|p1b: Pelipper|1\n|-damage|p1a: Floette|42/100\n|-damage|p1b: Pelipper|39/100\n|move|p2b: Dragonite|Thunder Punch|p1b: Pelipper\n|-supereffective|p1b: Pelipper|2\n|-damage|p1b: Pelipper|0 fnt\n|faint|p1b: Pelipper\n|move|p1a: Floette|Dazzling Gleam|p2b: Dragonite|[spread] p2a,p2b\n|-resisted|p2a: Camerupt|1\n|-supereffective|p2b: Dragonite|1\n|-damage|p2a: Camerupt|75/100\n|-damage|p2b: Dragonite|0 fnt\n|faint|p2b: Dragonite\n|\n|-weather|RainDance|[upkeep]\n|upkeep\n|\n|t:|1776380960\n|switch|p2b: Maushold|Maushold-Four, L50|100/100\n|switch|p1b: Scizor|Scizor, L50, M, shiny|100/100\n|turn|5\n|\n|t:|1776380975\n|move|p1a: Floette|Protect|p1a: Floette\n|-singleturn|p1a: Floette|Protect\n|move|p2b: Maushold|Follow Me|p2b: Maushold\n|-singleturn|p2b: Maushold|move: Follow Me\n|move|p2a: Camerupt|Heat Wave|p1b: Scizor|[spread] p1b\n|-activate|p1a: Floette|move: Protect\n|-supereffective|p1b: Scizor|2\n|-damage|p1b: Scizor|0 fnt\n|faint|p1b: Scizor\n|\n|-weather|RainDance|[upkeep]\n|-fieldend|move: Trick Room\n|upkeep\n|turn|6\n|\n|t:|1776380996\n|move|p2a: Camerupt|Protect|p2a: Camerupt\n|-singleturn|p2a: Camerupt|Protect\n|move|p2b: Maushold|Super Fang|p1a: Floette|[miss]\n|-miss|p2b: Maushold|p1a: Floette\n|move|p1a: Floette|Moonblast|p2a: Camerupt\n|-activate|p2a: Camerupt|move: Protect\n|\n|-weather|RainDance|[upkeep]\n|upkeep\n|turn|7\n|c|\u2606phyloren22395|gg\n|c|\u2606KingOvershield|gg\n|c|\u2606phyloren22395|mega camerupt is dope\n|c|\u2606KingOvershield|yeah im enjoying it tbh\n|\n|t:|1776381021\n|move|p2b: Maushold|After You|p2a: Camerupt\n|-activate|p2a: Camerupt|move: After You\n|move|p2a: Camerupt|Heat Wave|p1a: Floette|[miss]\n|-miss|p2a: Camerupt|p1a: Floette\n|move|p1a: Floette|Moonblast|p2a: Camerupt\n|-resisted|p2a: Camerupt|1\n|-damage|p2a: Camerupt|45/100\n|\n|-weather|none\n|upkeep\n|turn|8\n|c|\u2606KingOvershield|until i miss everything\n|c|\u2606phyloren22395|needed to see how my scizor would fair in rain\n|c|\u2606phyloren22395|still got molywopped hahah\n|\n|t:|1776381048\n|move|p2b: Maushold|After You|p2a: Camerupt\n|-activate|p2a: Camerupt|move: After You\n|move|p2a: Camerupt|Heat Wave|p1a: Floette|[miss]\n|-miss|p2a: Camerupt|p1a: Floette\n|move|p1a: Floette|Dazzling Gleam|p2a: Camerupt|[spread] p2a,p2b\n|-resisted|p2a: Camerupt|1\n|-damage|p2a: Camerupt|26/100\n|-damage|p2b: Maushold|39/100\n|\n|upkeep\n|turn|9\n|c|\u2606KingOvershield|yeah its crazy how much fire melts it\n|\n|t:|1776381061\n|move|p2b: Maushold|After You|p2a: Camerupt\n|-activate|p2a: Camerupt|move: After You\n|move|p2a: Camerupt|Heat Wave|p1a: Floette\n|-damage|p1a: Floette|0 fnt\n|faint|p1a: Floette\n|\n|win|KingOvershield\n|raw|phyloren22395's rating: 1211 &rarr; <strong>1189</strong><br />(-22 for losing)\n|raw|KingOvershield's rating: 1249 &rarr; <strong>1271</strong><br />(+22 for winning)\n|l|\u2606phyloren22395\n|player|p1|\n",
  "uploadtime": 1776381076,
  "views": 18,
  "formatid": "gen9championsvgc2026regma",
  "rating": 1189,
  "private": 0,
  "password": null
}