{
  "id": "gen9championsvgc2026regma-2586336914",
  "format": "[Gen 9 Champions] VGC 2026 Reg M-A",
  "players": [
    "PlatSceptile",
    "peanutworm"
  ],
  "log": "|j|\u2606PlatSceptile\n|j|\u2606peanutworm\n|t:|1776426556\n|gametype|doubles\n|player|p1|PlatSceptile|jacinthe|1115\n|player|p2|peanutworm|zinnia|1044\n|gen|9\n|tier|[Gen 9 Champions] VGC 2026 Reg M-A\n|rated|\n|rule|Species Clause: Limit one of each Pok\u00e9mon\n|rule|Item Clause: Limit 1 of each item\n|clearpoke\n|poke|p1|Lopunny, L50, F|\n|poke|p1|Incineroar, L50, F|\n|poke|p1|Delphox, L50, F|\n|poke|p1|Whimsicott, L50, F|\n|poke|p1|Sneasler, L50, M|\n|poke|p1|Milotic, L50, F|\n|poke|p2|Maushold, L50|\n|poke|p2|Gallade, L50, M|\n|poke|p2|Incineroar, L50, M|\n|poke|p2|Weavile, L50, M|\n|poke|p2|Jolteon, L50, M|\n|poke|p2|Sinistcha-Masterpiece, L50|\n|teampreview|4\n|c|\u2606peanutworm|glhf\n|c|\u2606PlatSceptile|u2\n|inactive|Battle timer is ON: inactive players will automatically lose when time's up. (requested by PlatSceptile)\n|\n|t:|1776426623\n|teamsize|p1|4\n|teamsize|p2|4\n|start\n|switch|p1a: Incineroar|Incineroar, L50, F|100/100\n|switch|p1b: Whimsicott|Whimsicott, L50, F|100/100\n|switch|p2a: Naoya|Weavile, L50, M|100/100\n|switch|p2b: Glockie Wilfe|Incineroar, L50, M|100/100\n|-ability|p2a: Naoya|Pressure\n|-ability|p2b: Glockie Wilfe|Intimidate|boost\n|-unboost|p1a: Incineroar|atk|1\n|-unboost|p1b: Whimsicott|atk|1\n|-ability|p1a: Incineroar|Intimidate|boost\n|-unboost|p2a: Naoya|atk|1\n|-unboost|p2b: Glockie Wilfe|atk|1\n|-enditem|p2a: Naoya|White Herb\n|-clearnegativeboost|p2a: Naoya|[silent]\n|turn|1\n|inactive|PlatSceptile has 30 seconds left.\n|inactive|PlatSceptile has 20 seconds left.\n|inactive|PlatSceptile has 15 seconds left.\n|\n|t:|1776426668\n|move|p2a: Naoya|Fake Out|p1b: Whimsicott\n|-damage|p1b: Whimsicott|81/100\n|move|p1a: Incineroar|Fake Out|p2a: Naoya\n|-damage|p2a: Naoya|88/100\n|cant|p1b: Whimsicott|flinch\n|move|p2b: Glockie Wilfe|Flare Blitz|p1b: Whimsicott\n|-supereffective|p1b: Whimsicott|1\n|-damage|p1b: Whimsicott|0 fnt\n|faint|p1b: Whimsicott\n|-damage|p2b: Glockie Wilfe|82/100|[from] Recoil\n|\n|upkeep\n|\n|t:|1776426682\n|switch|p1b: Lopunny|Lopunny, L50, F, shiny|100/100\n|turn|2\n|inactive|PlatSceptile has 30 seconds left.\n|\n|t:|1776426709\n|move|p2a: Naoya|Protect|p2a: Naoya\n|-singleturn|p2a: Naoya|Protect\n|move|p1b: Lopunny|U-turn|p2a: Naoya\n|-activate|p2a: Naoya|move: Protect\n|move|p2b: Glockie Wilfe|Parting Shot|p1b: Lopunny\n|-unboost|p1b: Lopunny|atk|1\n|-unboost|p1b: Lopunny|spa|1\n|\n|t:|1776426719\n|switch|p2b: Family guy|Maushold, L50|100/100|[from] Parting Shot\n|move|p1a: Incineroar|Throat Chop|p2b: Family guy\n|-damage|p2b: Family guy|77/100\n|-start|p2b: Family guy|Throat Chop|[silent]\n|\n|upkeep\n|turn|3\n|\n|t:|1776426744\n|detailschange|p1b: Lopunny|Lopunny-Mega, L50, F, shiny\n|-mega|p1b: Lopunny|Lopunny|Lopunnite\n|move|p2b: Family guy|Follow Me|p2b: Family guy\n|-singleturn|p2b: Family guy|move: Follow Me\n|move|p2a: Naoya|Triple Axel|p1b: Lopunny\n|-damage|p1b: Lopunny|88/100\n|-damage|p1b: Lopunny|66/100\n|-damage|p1b: Lopunny|32/100\n|-hitcount|p1b: Lopunny|3\n|move|p1b: Lopunny|High Jump Kick|p2b: Family guy\n|-supereffective|p2b: Family guy|1\n|-damage|p2b: Family guy|0 fnt\n|faint|p2b: Family guy\n|move|p1a: Incineroar|Parting Shot|p2a: Naoya\n|-unboost|p2a: Naoya|atk|1\n|-unboost|p2a: Naoya|spa|1\n|\n|t:|1776426757\n|switch|p1a: Delphox|Delphox, L50, F|100/100|[from] Parting Shot\n|\n|upkeep\n|\n|t:|1776426763\n|switch|p2b: Glockie Wilfe|Incineroar, L50, M|82/100\n|-ability|p2b: Glockie Wilfe|Intimidate|boost\n|-unboost|p1a: Delphox|atk|1\n|-fail|p1b: Lopunny|unboost|Attack|[from] ability: Scrappy|[of] p1b: Lopunny\n|turn|4\n|inactive|PlatSceptile has 30 seconds left.\n|\n|t:|1776426792\n|switch|p1b: Incineroar|Incineroar, L50, F|100/100\n|-ability|p1b: Incineroar|Intimidate|boost\n|-unboost|p2a: Naoya|atk|1\n|-unboost|p2b: Glockie Wilfe|atk|1\n|move|p2b: Glockie Wilfe|Fake Out|p1a: Delphox\n|-crit|p1a: Delphox\n|-damage|p1a: Delphox|77/100\n|move|p2a: Naoya|Triple Axel|p1b: Incineroar\n|-resisted|p1b: Incineroar|1\n|-damage|p1b: Incineroar|98/100\n|-resisted|p1b: Incineroar|1\n|-damage|p1b: Incineroar|94/100\n|-resisted|p1b: Incineroar|1\n|-damage|p1b: Incineroar|87/100\n|-hitcount|p1b: Incineroar|3\n|cant|p1a: Delphox|flinch\n|\n|upkeep\n|turn|5\n|inactive|PlatSceptile has 30 seconds left.\n|\n|t:|1776426822\n|move|p1b: Incineroar|Fake Out|p2a: Naoya\n|-damage|p2a: Naoya|68/100\n|cant|p2a: Naoya|flinch\n|move|p1a: Delphox|Nasty Plot|p1a: Delphox\n|-boost|p1a: Delphox|spa|2\n|move|p2b: Glockie Wilfe|Parting Shot|p1b: Incineroar\n|-unboost|p1b: Incineroar|atk|1\n|-unboost|p1b: Incineroar|spa|1\n|\n|t:|1776426829\n|switch|p2b: Fucking tuff|Gallade, L50, M|100/100|[from] Parting Shot\n|\n|upkeep\n|turn|6\n|\n|t:|1776426837\n|move|p1a: Delphox|Protect|p1a: Delphox\n|-singleturn|p1a: Delphox|Protect\n|move|p2b: Fucking tuff|Protect|p2b: Fucking tuff\n|-singleturn|p2b: Fucking tuff|Protect\n|move|p2a: Naoya|Knock Off|p1a: Delphox\n|-activate|p1a: Delphox|move: Protect\n|move|p1b: Incineroar|Parting Shot|p2b: Fucking tuff\n|-activate|p2b: Fucking tuff|move: Protect\n|\n|upkeep\n|turn|7\n|\n|t:|1776426864\n|switch|p2b: Glockie Wilfe|Incineroar, L50, M|82/100\n|-ability|p2b: Glockie Wilfe|Intimidate|boost\n|-unboost|p1a: Delphox|atk|1\n|-unboost|p1b: Incineroar|atk|1\n|move|p2a: Naoya|Protect|p2a: Naoya\n|-singleturn|p2a: Naoya|Protect\n|move|p1a: Delphox|Heat Wave|p2b: Glockie Wilfe|[spread] p2b\n|-activate|p2a: Naoya|move: Protect\n|-resisted|p2b: Glockie Wilfe|1\n|-damage|p2b: Glockie Wilfe|45/100\n|-enditem|p2b: Glockie Wilfe|Sitrus Berry|[eat]\n|-heal|p2b: Glockie Wilfe|70/100|[from] item: Sitrus Berry\n|move|p1b: Incineroar|Parting Shot|p2b: Glockie Wilfe\n|-unboost|p2b: Glockie Wilfe|atk|1\n|-unboost|p2b: Glockie Wilfe|spa|1\n|\n|t:|1776426878\n|switch|p1b: Lopunny|Lopunny-Mega, L50, F, shiny|32/100|[from] Parting Shot\n|\n|upkeep\n|turn|8\n|inactive|peanutworm has 30 seconds left.\n|inactive|PlatSceptile has 30 seconds left.\n|\n|t:|1776426912\n|move|p1a: Delphox|Protect|p1a: Delphox\n|-singleturn|p1a: Delphox|Protect\n|move|p2a: Naoya|Knock Off|p1a: Delphox\n|-activate|p1a: Delphox|move: Protect\n|move|p1b: Lopunny|High Jump Kick|p2a: Naoya\n|-supereffective|p2a: Naoya|2\n|-damage|p2a: Naoya|0 fnt\n|faint|p2a: Naoya\n|move|p2b: Glockie Wilfe|Darkest Lariat|p1a: Delphox\n|-activate|p1a: Delphox|move: Protect\n|\n|upkeep\n|\n|t:|1776426917\n|switch|p2a: Fucking tuff|Gallade, L50, M|100/100\n|turn|9\n|inactive|peanutworm has 30 seconds left.\n|inactive|PlatSceptile has 30 seconds left.\n|inactive|peanutworm has 20 seconds left.\n|\n|t:|1776426953\n|detailschange|p2a: Fucking tuff|Gallade-Mega, L50, M\n|-mega|p2a: Fucking tuff|Gallade|Galladite\n|move|p1a: Delphox|Heat Wave|p2a: Fucking tuff|[spread] p2a,p2b\n|-resisted|p2b: Glockie Wilfe|1\n|-damage|p2a: Fucking tuff|22/100\n|-damage|p2b: Glockie Wilfe|37/100\n|move|p2a: Fucking tuff|Drain Punch|p1b: Lopunny\n|-supereffective|p1b: Lopunny|1\n|-damage|p1b: Lopunny|0 fnt\n|-heal|p2a: Fucking tuff|41/100|[from] drain|[of] p1b: Lopunny\n|faint|p1b: Lopunny\n|move|p2b: Glockie Wilfe|Darkest Lariat|p1a: Delphox\n|-supereffective|p1a: Delphox|1\n|-damage|p1a: Delphox|12/100\n|\n|upkeep\n|\n|t:|1776426965\n|switch|p1b: Incineroar|Incineroar, L50, F|87/100\n|-ability|p1b: Incineroar|Intimidate|boost\n|-fail|p2a: Fucking tuff|unboost|Attack|[from] ability: Inner Focus|[of] p2a: Fucking tuff\n|-unboost|p2b: Glockie Wilfe|atk|1\n|turn|10\n|inactive|peanutworm has 30 seconds left.\n|inactive|peanutworm has 20 seconds left.\n|inactive|peanutworm has 15 seconds left.\n|\n|t:|1776427007\n|move|p1b: Incineroar|Fake Out|p2a: Fucking tuff\n|-damage|p2a: Fucking tuff|28/100\n|move|p1a: Delphox|Heat Wave|p2a: Fucking tuff|[spread] p2a,p2b\n|-resisted|p2b: Glockie Wilfe|1\n|-damage|p2a: Fucking tuff|0 fnt\n|-damage|p2b: Glockie Wilfe|0 fnt\n|faint|p2a: Fucking tuff\n|faint|p2b: Glockie Wilfe\n|\n|win|PlatSceptile\n|raw|PlatSceptile's rating: 1115 &rarr; <strong>1135</strong><br />(+20 for winning)\n|raw|peanutworm's rating: 1044 &rarr; <strong>1031</strong><br />(-13 for losing)\n|l|\u2606peanutworm\n|player|p2|\n",
  "uploadtime": 1776427017,
  "views": 26,
  "formatid": "gen9championsvgc2026regma",
  "rating": 1031,
  "private": 0,
  "password": null
}