{
  "id": "gen9championsvgc2026regma-2587282645",
  "format": "[Gen 9 Champions] VGC 2026 Reg M-A",
  "players": [
    "Maggoroni",
    "Pastor/Sinner"
  ],
  "log": "|j|\u2606Maggoroni\n|j|\u2606Pastor/Sinner\n|t:|1776518037\n|gametype|doubles\n|player|p1|Maggoroni|266|1252\n|player|p2|Pastor/Sinner|1|1156\n|gen|9\n|tier|[Gen 9 Champions] VGC 2026 Reg M-A\n|rated|\n|rule|Species Clause: Limit one of each Pok\u00e9mon\n|rule|Item Clause: Limit 1 of each item\n|clearpoke\n|poke|p1|Drampa, L50, M|\n|poke|p1|Farigiraf, L50, M|\n|poke|p1|Sinistcha, L50|\n|poke|p1|Incineroar, L50, F|\n|poke|p1|Primarina, L50, M|\n|poke|p1|Crabominable, L50, M|\n|poke|p2|Tyranitar, L50, F, shiny|\n|poke|p2|Aerodactyl, L50, M|\n|poke|p2|Vanilluxe, L50, M|\n|poke|p2|Milotic, L50, F, shiny|\n|poke|p2|Floette-Eternal, L50, F|\n|poke|p2|Sinistcha, L50|\n|teampreview|4\n|inactive|Battle timer is ON: inactive players will automatically lose when time's up. (requested by Maggoroni)\n|inactive|Maggoroni has 60 seconds left.\n|\n|t:|1776518091\n|teamsize|p1|4\n|teamsize|p2|4\n|start\n|switch|p1a: Farigiraf|Farigiraf, L50, M|100/100\n|switch|p1b: Incineroar|Incineroar, L50, F|100/100\n|switch|p2a: Ten Twinkies|Milotic, L50, F, shiny|100/100\n|switch|p2b: Floette|Floette-Eternal, L50, F|100/100\n|-ability|p1b: Incineroar|Intimidate|boost\n|-unboost|p2a: Ten Twinkies|atk|1\n|-ability|p2a: Ten Twinkies|Competitive|boost\n|-boost|p2a: Ten Twinkies|spa|2\n|-unboost|p2b: Floette|atk|1\n|turn|1\n|\n|t:|1776518108\n|detailschange|p2b: Floette|Floette-Mega, L50, F\n|-mega|p2b: Floette|Floette|Floettite\n|-ability|p2b: Floette|Fairy Aura\n|move|p1b: Incineroar|Fake Out|p2a: Ten Twinkies\n|-damage|p2a: Ten Twinkies|90/100\n|move|p2b: Floette|Calm Mind|p2b: Floette\n|-boost|p2b: Floette|spa|1\n|-boost|p2b: Floette|spd|1\n|cant|p2a: Ten Twinkies|flinch\n|move|p1a: Farigiraf|Trick Room|p1a: Farigiraf\n|-fieldstart|move: Trick Room|[of] p1a: Farigiraf\n|\n|-heal|p2a: Ten Twinkies|96/100|[from] item: Leftovers\n|upkeep\n|turn|2\n|inactive|Maggoroni has 30 seconds left.\n|\n|t:|1776518139\n|move|p1a: Farigiraf|Protect|p1a: Farigiraf\n|-singleturn|p1a: Farigiraf|Protect\n|move|p1b: Incineroar|Parting Shot|p2b: Floette\n|-unboost|p2b: Floette|atk|1\n|-unboost|p2b: Floette|spa|1\n|\n|t:|1776518145\n|switch|p1b: Primarina|Primarina, L50, M|100/100|[from] Parting Shot\n|move|p2a: Ten Twinkies|Muddy Water|p1b: Primarina|[spread] p1b\n|-activate|p1a: Farigiraf|move: Protect\n|-resisted|p1b: Primarina|1\n|-damage|p1b: Primarina|75/100\n|move|p2b: Floette|Calm Mind|p2b: Floette\n|-boost|p2b: Floette|spa|1\n|-boost|p2b: Floette|spd|1\n|\n|-heal|p1b: Primarina|81/100|[from] item: Leftovers\n|-heal|p2a: Ten Twinkies|100/100|[from] item: Leftovers\n|upkeep\n|turn|3\n|\n|t:|1776518161\n|move|p1b: Primarina|Calm Mind|p1b: Primarina\n|-boost|p1b: Primarina|spa|1\n|-boost|p1b: Primarina|spd|1\n|move|p1a: Farigiraf|Imprison|p1a: Farigiraf\n|-start|p1a: Farigiraf|move: Imprison\n|move|p2a: Ten Twinkies|Muddy Water|p1b: Primarina|[spread] p1a\n|-miss|p2a: Ten Twinkies|p1b: Primarina\n|-damage|p1a: Farigiraf|51/100\n|move|p2b: Floette|Calm Mind|p2b: Floette\n|-boost|p2b: Floette|spa|1\n|-boost|p2b: Floette|spd|1\n|\n|-heal|p1b: Primarina|87/100|[from] item: Leftovers\n|upkeep\n|turn|4\n|inactive|Maggoroni has 30 seconds left.\n|\n|t:|1776518189\n|move|p1a: Farigiraf|Protect|p1a: Farigiraf\n|-singleturn|p1a: Farigiraf|Protect\n|move|p1b: Primarina|Calm Mind|p1b: Primarina\n|-boost|p1b: Primarina|spa|1\n|-boost|p1b: Primarina|spd|1\n|move|p2a: Ten Twinkies|Muddy Water|p1b: Primarina|[spread] p1b\n|-activate|p1a: Farigiraf|move: Protect\n|-resisted|p1b: Primarina|1\n|-damage|p1b: Primarina|74/100\n|-unboost|p1b: Primarina|accuracy|1\n|move|p2b: Floette|Draining Kiss|p1b: Primarina\n|-damage|p1b: Primarina|37/100\n|\n|-heal|p1b: Primarina|43/100|[from] item: Leftovers\n|upkeep\n|turn|5\n|\n|t:|1776518213\n|move|p1b: Primarina|Moonblast|p2a: Ten Twinkies\n|-damage|p2a: Ten Twinkies|0 fnt\n|faint|p2a: Ten Twinkies\n|move|p1a: Farigiraf|Hyper Voice|p2b: Floette\n|-damage|p2b: Floette|89/100\n|move|p2b: Floette|Calm Mind|p2b: Floette\n|-boost|p2b: Floette|spa|1\n|-boost|p2b: Floette|spd|1\n|\n|-heal|p1b: Primarina|49/100|[from] item: Leftovers\n|-fieldend|move: Trick Room\n|upkeep\n|\n|t:|1776518228\n|switch|p2a: Sinistcha|Sinistcha, L50|100/100\n|-heal|p2b: Floette|100/100|[from] ability: Hospitality|[of] p2a: Sinistcha\n|turn|6\n|\n|t:|1776518252\n|move|p1a: Farigiraf|Protect|p1a: Farigiraf\n|-singleturn|p1a: Farigiraf|Protect\n|move|p2b: Floette|Draining Kiss|p1b: Primarina\n|-crit|p1b: Primarina\n|-damage|p1b: Primarina|0 fnt\n|faint|p1b: Primarina\n|move|p2a: Sinistcha|Matcha Gotcha|p1a: Farigiraf\n|-activate|p1a: Farigiraf|move: Protect\n|\n|upkeep\n|inactive|Maggoroni has 30 seconds left.\n|-message|Maggoroni forfeited.\n|\n|win|Pastor/Sinner\n|raw|Maggoroni's rating: 1252 &rarr; <strong>1220</strong><br />(-32 for losing)\n|raw|Pastor&#x2f;Sinner's rating: 1156 &rarr; <strong>1188</strong><br />(+32 for winning)\n|l|\u2606Maggoroni\n|player|p1|\n",
  "uploadtime": 1776518280,
  "views": 27,
  "formatid": "gen9championsvgc2026regma",
  "rating": 1188,
  "private": 0,
  "password": null
}