{
  "id": "gen9championsvgc2026regma-2587178178",
  "format": "[Gen 9 Champions] VGC 2026 Reg M-A",
  "players": [
    "Psicopatic",
    "fangyusuhe"
  ],
  "log": "|j|\u2606Psicopatic\n|j|\u2606fangyusuhe\n|t:|1776504865\n|gametype|doubles\n|player|p1|Psicopatic|266|1433\n|player|p2|fangyusuhe|dawn|1549\n|gen|9\n|tier|[Gen 9 Champions] VGC 2026 Reg M-A\n|rated|\n|rule|Species Clause: Limit one of each Pok\u00e9mon\n|rule|Item Clause: Limit 1 of each item\n|clearpoke\n|poke|p1|Politoed, L50, F|\n|poke|p1|Incineroar, L50, M|\n|poke|p1|Gengar, L50, F|\n|poke|p1|Palafin, L50, F|\n|poke|p1|Sableye, L50, F|\n|poke|p1|Kingambit, L50, F|\n|poke|p2|Floette-Eternal, L50, F|\n|poke|p2|Garchomp, L50, M|\n|poke|p2|Sinistcha, L50|\n|poke|p2|Kingambit, L50, F|\n|poke|p2|Delphox, L50, F|\n|poke|p2|Aerodactyl, L50, F|\n|teampreview|4\n|inactive|Battle timer is ON: inactive players will automatically lose when time's up. (requested by fangyusuhe)\n|j| Crvstal_K!tty\n|\n|t:|1776504899\n|teamsize|p1|4\n|teamsize|p2|4\n|start\n|switch|p1a: Politoed|Politoed, L50, F|100/100\n|switch|p1b: Gengar|Gengar, L50, F|100/100\n|switch|p2a: Floette|Floette-Eternal, L50, F|100/100\n|switch|p2b: Aerodactyl|Aerodactyl, L50, F|100/100\n|-ability|p2b: Aerodactyl|Unnerve\n|-weather|RainDance|[from] ability: Drizzle|[of] p1a: Politoed\n|turn|1\n|inactive|Psicopatic has 30 seconds left.\n|inactive|Psicopatic has 20 seconds left.\n|inactive|Psicopatic has 15 seconds left.\n|\n|t:|1776504942\n|detailschange|p1b: Gengar|Gengar-Mega, L50, F\n|-mega|p1b: Gengar|Gengar|Gengarite\n|detailschange|p2a: Floette|Floette-Mega, L50, F\n|-mega|p2a: Floette|Floette|Floettite\n|-ability|p2a: Floette|Fairy Aura\n|move|p2b: Aerodactyl|Tailwind|p2b: Aerodactyl\n|-sidestart|p2: fangyusuhe|move: Tailwind\n|move|p2a: Floette|Light of Ruin|p1a: Politoed\n|-damage|p1a: Politoed|9/100\n|-damage|p2a: Floette|41/100|[from] Recoil\n|move|p1b: Gengar|Shadow Ball|p2b: Aerodactyl\n|-damage|p2b: Aerodactyl|31/100\n|move|p1a: Politoed|Icy Wind|p2a: Floette|[spread] p2a,p2b\n|-supereffective|p2b: Aerodactyl|1\n|-damage|p2a: Floette|33/100\n|-damage|p2b: Aerodactyl|2/100\n|-unboost|p2a: Floette|spe|1\n|-unboost|p2b: Aerodactyl|spe|1\n|\n|-weather|RainDance|[upkeep]\n|upkeep\n|turn|2\n|inactive|Psicopatic has 30 seconds left.\n|inactive|Psicopatic has 20 seconds left.\n|inactive|Psicopatic has 15 seconds left.\n|inactive|Psicopatic has 10 seconds left.\n|\n|t:|1776504987\n|move|p1b: Gengar|Protect|p1b: Gengar\n|-singleturn|p1b: Gengar|Protect\n|move|p2b: Aerodactyl|Rock Slide|p1a: Politoed|[spread] p1a\n|-activate|p1b: Gengar|move: Protect\n|-damage|p1a: Politoed|0 fnt\n|faint|p1a: Politoed\n|move|p2a: Floette|Dazzling Gleam|p1b: Gengar\n|-activate|p1b: Gengar|move: Protect\n|\n|-weather|RainDance|[upkeep]\n|upkeep\n|\n|t:|1776504995\n|switch|p1a: Sableye|Sableye, L50, F|100/100\n|turn|3\n|\n|t:|1776505009\n|move|p1a: Sableye|Fake Out|p2b: Aerodactyl\n|-resisted|p2b: Aerodactyl|1\n|-crit|p2b: Aerodactyl\n|-damage|p2b: Aerodactyl|0 fnt\n|faint|p2b: Aerodactyl\n|move|p2a: Floette|Dazzling Gleam|p1b: Gengar|[spread] p1a,p1b\n|-supereffective|p1a: Sableye|1\n|-resisted|p1b: Gengar|1\n|-damage|p1a: Sableye|0 fnt\n|-damage|p1b: Gengar|64/100\n|faint|p1a: Sableye\n|move|p1b: Gengar|Shadow Ball|p2a: Floette\n|-damage|p2a: Floette|0 fnt\n|faint|p2a: Floette\n|\n|-weather|RainDance|[upkeep]\n|upkeep\n|\n|t:|1776505016\n|switch|p2b: Kingambit|Kingambit, L50, F|100/100\n|switch|p2a: Garchomp|Garchomp, L50, M|100/100\n|switch|p1a: Kingambit|Kingambit, L50, F|100/100\n|turn|4\n|\n|t:|1776505032\n|move|p1b: Gengar|Protect|p1b: Gengar\n|-singleturn|p1b: Gengar|Protect\n|move|p1a: Kingambit|Protect|p1a: Kingambit\n|-singleturn|p1a: Kingambit|Protect\n|move|p2a: Garchomp|Stomping Tantrum|p1a: Kingambit\n|-activate|p1a: Kingambit|move: Protect\n|move|p2b: Kingambit|Kowtow Cleave|p1a: Kingambit\n|-activate|p1a: Kingambit|move: Protect\n|\n|-weather|RainDance|[upkeep]\n|-sideend|p2: fangyusuhe|move: Tailwind\n|upkeep\n|turn|5\n|\n|t:|1776505045\n|move|p2b: Kingambit|Sucker Punch||[still]\n|-fail|p2b: Kingambit\n|move|p1b: Gengar|Disable|p2a: Garchomp\n|-start|p2a: Garchomp|Disable|Stomping Tantrum\n|cant|p2a: Garchomp|Disable|Stomping Tantrum\n|move|p1a: Kingambit|Low Kick|p2b: Kingambit\n|-supereffective|p2b: Kingambit|2\n|-enditem|p2b: Kingambit|Chople Berry|[eat]\n|-enditem|p2b: Kingambit|Chople Berry|[weaken]\n|-damage|p2b: Kingambit|47/100\n|\n|-weather|none\n|upkeep\n|turn|6\n|inactive|Psicopatic has 30 seconds left.\n|inactive|Psicopatic has 20 seconds left.\n|inactive|Psicopatic has 15 seconds left.\n|\n|t:|1776505086\n|move|p1b: Gengar|Protect|p1b: Gengar\n|-singleturn|p1b: Gengar|Protect\n|move|p2b: Kingambit|Protect|p2b: Kingambit\n|-singleturn|p2b: Kingambit|Protect\n|move|p2a: Garchomp|Earthquake|p1b: Gengar|[spread] p1a\n|-activate|p2b: Kingambit|move: Protect\n|-activate|p1b: Gengar|move: Protect\n|-supereffective|p1a: Kingambit|1\n|-damage|p1a: Kingambit|25/100\n|move|p1a: Kingambit|Low Kick|p2b: Kingambit\n|-activate|p2b: Kingambit|move: Protect\n|\n|upkeep\n|turn|7\n|\n|t:|1776505105\n|move|p1b: Gengar|Protect||[still]\n|-fail|p1b: Gengar\n|move|p2b: Kingambit|Sucker Punch||[still]\n|-fail|p2b: Kingambit\n|move|p2a: Garchomp|Earthquake|p1b: Gengar|[spread] p2b,p1a,p1b\n|-supereffective|p2b: Kingambit|1\n|-supereffective|p1a: Kingambit|1\n|-supereffective|p1b: Gengar|1\n|-damage|p2b: Kingambit|0 fnt\n|-damage|p1a: Kingambit|0 fnt\n|-damage|p1b: Gengar|0 fnt\n|faint|p2b: Kingambit\n|faint|p1a: Kingambit\n|faint|p1b: Gengar\n|\n|win|fangyusuhe\n|raw|Psicopatic's rating: 1433 &rarr; <strong>1418</strong><br />(-15 for losing)\n|raw|fangyusuhe's rating: 1525 &rarr; <strong>1540</strong><br />(+15 for winning)\n|l|\u2606Psicopatic\n|player|p1|\n|l| Crvstal_K!tty\n",
  "uploadtime": 1776505135,
  "views": 23,
  "formatid": "gen9championsvgc2026regma",
  "rating": 1418,
  "private": 0,
  "password": null
}