{
  "id": "gen9championsvgc2026regma-2583745454",
  "format": "[Gen 9 Champions] VGC 2026 Reg M-A",
  "players": [
    "Thoron Engineer",
    "xBabis_"
  ],
  "log": "|j|\u2606Thoron Engineer\n|j|\u2606xBabis_\n|t:|1776194830\n|gametype|doubles\n|player|p1|Thoron Engineer|170|1119\n|player|p2|xBabis_|169|1077\n|gen|9\n|tier|[Gen 9 Champions] VGC 2026 Reg M-A\n|rated|\n|rule|Species Clause: Limit one of each Pok\u00e9mon\n|rule|Item Clause: Limit 1 of each item\n|clearpoke\n|poke|p1|Gyarados, L50, M|\n|poke|p1|Sinistcha, L50|\n|poke|p1|Incineroar, L50, M|\n|poke|p1|Manectric, L50, M|\n|poke|p1|Snorlax, L50, F|\n|poke|p1|Farigiraf, L50, M|\n|poke|p2|Feraligatr, L50, F|\n|poke|p2|Empoleon, L50, F|\n|poke|p2|Rotom-Wash, L50|\n|poke|p2|Garchomp, L50, M|\n|poke|p2|Talonflame, L50, M|\n|poke|p2|Clefable, L50, F|\n|teampreview|4\n|inactive|Battle timer is ON: inactive players will automatically lose when time's up. (requested by Thoron Engineer)\n|\n|t:|1776194866\n|teamsize|p1|4\n|teamsize|p2|4\n|start\n|switch|p1a: Farigiraf|Farigiraf, L50, M|100/100\n|switch|p1b: Incineroar|Incineroar, L50, M|100/100\n|switch|p2a: Empoleon|Empoleon, L50, F|100/100\n|switch|p2b: Talonflame|Talonflame, L50, M|100/100\n|-ability|p1b: Incineroar|Intimidate|boost\n|-unboost|p2a: Empoleon|atk|1\n|-ability|p2a: Empoleon|Competitive|boost\n|-boost|p2a: Empoleon|spa|2\n|-unboost|p2b: Talonflame|atk|1\n|turn|1\n|inactive|xBabis_ has 30 seconds left.\n|inactive|xBabis_ has 20 seconds left.\n|inactive|xBabis_ has 15 seconds left.\n|\n|t:|1776194908\n|move|p1b: Incineroar|Fake Out|p2a: Empoleon\n|-resisted|p2a: Empoleon|1\n|-damage|p2a: Empoleon|95/100\n|move|p2b: Talonflame|Tailwind|p2b: Talonflame\n|-sidestart|p2: xBabis_|move: Tailwind\n|cant|p2a: Empoleon|flinch\n|move|p1a: Farigiraf|Trick Room|p1a: Farigiraf\n|-fieldstart|move: Trick Room|[of] p1a: Farigiraf\n|\n|-heal|p2a: Empoleon|100/100|[from] item: Leftovers\n|upkeep\n|turn|2\n|\n|t:|1776194924\n|move|p2b: Talonflame|Protect|p2b: Talonflame\n|-singleturn|p2b: Talonflame|Protect\n|move|p1b: Incineroar|Parting Shot|p2a: Empoleon\n|-unboost|p2a: Empoleon|atk|1\n|-ability|p2a: Empoleon|Competitive|boost\n|-boost|p2a: Empoleon|spa|2\n|-unboost|p2a: Empoleon|spa|1\n|-ability|p2a: Empoleon|Competitive|boost\n|-boost|p2a: Empoleon|spa|2\n|\n|t:|1776194932\n|switch|p1b: Snorlax|Snorlax, L50, F|100/100|[from] Parting Shot\n|move|p1a: Farigiraf|Hyper Voice|p2a: Empoleon|[spread] p2a\n|-activate|p2b: Talonflame|move: Protect\n|-resisted|p2a: Empoleon|1\n|-damage|p2a: Empoleon|89/100\n|move|p2a: Empoleon|Surf|p1a: Farigiraf|[spread] p1a,p1b\n|-activate|p2b: Talonflame|move: Protect\n|-damage|p1a: Farigiraf|8/100\n|-damage|p1b: Snorlax|36/100\n|-enditem|p1b: Snorlax|Sitrus Berry|[eat]\n|-heal|p1b: Snorlax|61/100|[from] item: Sitrus Berry\n|\n|-heal|p2a: Empoleon|95/100|[from] item: Leftovers\n|upkeep\n|turn|3\n|inactive|xBabis_ has 30 seconds left.\n|\n|t:|1776194958\n|move|p2a: Empoleon|Protect|p2a: Empoleon\n|-singleturn|p2a: Empoleon|Protect\n|move|p2b: Talonflame|Brave Bird||[still]\n|cant|p1a: Farigiraf|ability: Armor Tail|Brave Bird|[of] p2b: Talonflame\n|move|p1b: Snorlax|High Horsepower|p2a: Empoleon\n|-activate|p2a: Empoleon|move: Protect\n|move|p1a: Farigiraf|Hyper Voice|p2a: Empoleon|[spread] p2b\n|-activate|p2a: Empoleon|move: Protect\n|-damage|p2b: Talonflame|62/100\n|\n|-heal|p2a: Empoleon|100/100|[from] item: Leftovers\n|upkeep\n|turn|4\n|\n|t:|1776194979\n|move|p2b: Talonflame|Protect|p2b: Talonflame\n|-singleturn|p2b: Talonflame|Protect\n|move|p1b: Snorlax|High Horsepower|p2a: Empoleon\n|-supereffective|p2a: Empoleon|1\n|-crit|p2a: Empoleon\n|-damage|p2a: Empoleon|22/100\n|move|p1a: Farigiraf|Hyper Voice|p2b: Talonflame|[spread] p2a\n|-activate|p2b: Talonflame|move: Protect\n|-resisted|p2a: Empoleon|1\n|-damage|p2a: Empoleon|9/100\n|move|p2a: Empoleon|Surf|p1a: Farigiraf|[spread] p1a,p1b\n|-activate|p2b: Talonflame|move: Protect\n|-damage|p1a: Farigiraf|0 fnt\n|-damage|p1b: Snorlax|0 fnt\n|faint|p1a: Farigiraf\n|faint|p1b: Snorlax\n|\n|-heal|p2a: Empoleon|15/100|[from] item: Leftovers\n|-sideend|p2: xBabis_|move: Tailwind\n|upkeep\n|\n|t:|1776194989\n|switch|p1b: Incineroar|Incineroar, L50, M|100/100\n|switch|p1a: Sinistcha|Sinistcha, L50|100/100\n|-ability|p1b: Incineroar|Intimidate|boost\n|-unboost|p2a: Empoleon|atk|1\n|-ability|p2a: Empoleon|Competitive|boost\n|-boost|p2a: Empoleon|spa|1\n|-unboost|p2b: Talonflame|atk|1\n|turn|5\n|-message|Thoron Engineer forfeited.\n|\n|win|xBabis_\n|raw|Thoron Engineer's rating: 1119 &rarr; <strong>1091</strong><br />(-28 for losing)\n|raw|xBabis_'s rating: 1077 &rarr; <strong>1109</strong><br />(+32 for winning)\n|l|\u2606Thoron Engineer\n|player|p1|\n",
  "uploadtime": 1776195099,
  "views": 18,
  "formatid": "gen9championsvgc2026regma",
  "rating": 1091,
  "private": 0,
  "password": null
}