{
  "id": "gen9championsvgc2026regma-2581358746",
  "format": "[Gen 9 Champions] VGC 2026 Reg M-A",
  "players": [
    "lonely 1 kenobi",
    "pauly f."
  ],
  "log": "|j|\u2606lonely 1 kenobi\n|j|\u2606pauly f.\n|t:|1775991356\n|gametype|doubles\n|player|p1|lonely 1 kenobi|lucas|1073\n|player|p2|pauly f.|pokekid|1000\n|gen|9\n|tier|[Gen 9 Champions] VGC 2026 Reg M-A\n|rated|\n|rule|Species Clause: Limit one of each Pok\u00e9mon\n|rule|Item Clause: Limit 1 of each item\n|clearpoke\n|poke|p1|Delphox, L50, M|\n|poke|p1|Torkoal, L50, F|\n|poke|p1|Venusaur, L50, M|\n|poke|p1|Garchomp, L50, M|\n|poke|p1|Sneasler, L50, F|\n|poke|p1|Rotom-Wash, L50|\n|poke|p2|Delphox, L50, F|\n|poke|p2|Palafin, L50, M|\n|poke|p2|Garchomp, L50, M|\n|poke|p2|Goodra-Hisui, L50, M|\n|poke|p2|Whimsicott, L50, M|\n|poke|p2|Sinistcha, L50|\n|teampreview|4\n|c|\u2606pauly f.|Gl hg\n|c|\u2606pauly f.|Hf*\npauly f. has agreed to open team sheets.\n|\n|t:|1775991399\n|teamsize|p1|4\n|teamsize|p2|4\n|start\n|switch|p1a: Garchomp|Garchomp, L50, M|100/100\n|switch|p1b: Sneasler|Sneasler, L50, F|100/100\n|switch|p2a: Boto|Palafin, L50, M|100/100\n|switch|p2b: Nimbus|Whimsicott, L50, M|100/100\n|turn|1\n|inactive|Battle timer is ON: inactive players will automatically lose when time's up. (requested by lonely 1 kenobi)\n|\n|t:|1775991425\n|detailschange|p2a: Boto|Palafin-Hero, L50, M\n|switch|p2a: Oolong|Sinistcha, L50|100/100\n|move|p1a: Garchomp|Protect|p1a: Garchomp\n|-singleturn|p1a: Garchomp|Protect\n|move|p2b: Nimbus|Taunt|p1a: Garchomp\n|-activate|p1a: Garchomp|move: Protect\n|move|p1b: Sneasler|Dire Claw|p2b: Nimbus\n|-supereffective|p2b: Nimbus|2\n|-enditem|p2b: Nimbus|Focus Sash\n|-damage|p2b: Nimbus|1/100\n|\n|upkeep\n|turn|2\n|inactive|pauly f. has 30 seconds left.\n|\n|t:|1775991453\n|move|p2b: Nimbus|Tailwind|p2b: Nimbus\n|-sidestart|p2: pauly f.|move: Tailwind\n|move|p1b: Sneasler|Acrobatics|p2a: Oolong\n|-supereffective|p2a: Oolong|1\n|-damage|p2a: Oolong|67/100\n|move|p2a: Oolong|Strength Sap|p1a: Garchomp\n|-unboost|p1a: Garchomp|atk|1\n|-heal|p2a: Oolong|100/100\n|move|p1a: Garchomp|Rock Slide|p2a: Oolong|[spread] p2a,p2b\n|-damage|p2a: Oolong|88/100\n|-damage|p2b: Nimbus|0 fnt\n|faint|p2b: Nimbus\n|\n|upkeep\n|\n|t:|1775991468\n|switch|p2b: Boto|Palafin-Hero, L50, M|100/100\n|-activate|p2b: Boto|ability: Zero to Hero\n|turn|3\n|\n|t:|1775991482\n|move|p1b: Sneasler|Protect|p1b: Sneasler\n|-singleturn|p1b: Sneasler|Protect\n|move|p1a: Garchomp|Protect|p1a: Garchomp\n|-singleturn|p1a: Garchomp|Protect\n|move|p2b: Boto|Wave Crash|p1b: Sneasler\n|-activate|p1b: Sneasler|move: Protect\n|move|p2a: Oolong|Strength Sap|p1b: Sneasler\n|-activate|p1b: Sneasler|move: Protect\n|\n|upkeep\n|turn|4\n|inactive|lonely 1 kenobi has 30 seconds left.\n|\n|t:|1775991517\n|move|p2b: Boto|Wave Crash|p1a: Garchomp\n|-damage|p1a: Garchomp|32/100\n|-damage|p2b: Boto|88/100|[from] ability: Rough Skin|[of] p1a: Garchomp\n|-enditem|p1a: Garchomp|Sitrus Berry|[eat]\n|-heal|p1a: Garchomp|56/100|[from] item: Sitrus Berry\n|-damage|p2b: Boto|60/100|[from] Recoil\n|move|p1b: Sneasler|Acrobatics|p2b: Boto\n|-damage|p2b: Boto|41/100\n|move|p2a: Oolong|Strength Sap|p1b: Sneasler\n|-unboost|p1b: Sneasler|atk|1\n|-heal|p2a: Oolong|100/100\n|-enditem|p1b: Sneasler|White Herb\n|-clearnegativeboost|p1b: Sneasler|[silent]\n|move|p1a: Garchomp|Stomping Tantrum|p2a: Oolong\n|-resisted|p2a: Oolong|1\n|-damage|p2a: Oolong|89/100\n|\n|upkeep\n|turn|5\n|inactive|lonely 1 kenobi has 30 seconds left.\n|inactive|pauly f. has 30 seconds left.\n|inactive|pauly f. has 20 seconds left.\n|\n|t:|1775991560\n|switch|p2b: Inari|Delphox, L50, F|100/100\n|move|p1a: Garchomp|Protect|p1a: Garchomp\n|-singleturn|p1a: Garchomp|Protect\n|move|p2a: Oolong|Rage Powder|p2a: Oolong\n|-singleturn|p2a: Oolong|move: Rage Powder\n|move|p1b: Sneasler|Close Combat|p2a: Oolong\n|-immune|p2a: Oolong\n|\n|-sideend|p2: pauly f.|move: Tailwind\n|upkeep\n|turn|6\n|\n|t:|1775991585\n|detailschange|p2b: Inari|Delphox-Mega, L50, F\n|-mega|p2b: Inari|Delphox|Delphoxite\n|move|p2a: Oolong|Rage Powder|p2a: Oolong\n|-singleturn|p2a: Oolong|move: Rage Powder\n|move|p1b: Sneasler|Dire Claw|p2a: Oolong\n|-damage|p2a: Oolong|53/100\n|move|p2b: Inari|Heat Wave|p1a: Garchomp|[spread] p1a\n|-miss|p2b: Inari|p1b: Sneasler\n|-resisted|p1a: Garchomp|1\n|-damage|p1a: Garchomp|37/100\n|move|p1a: Garchomp|Rock Slide|p2b: Inari|[spread] p2a\n|-miss|p1a: Garchomp|p2b: Inari\n|-damage|p2a: Oolong|40/100\n|\n|upkeep\n|turn|7\n|inactive|lonely 1 kenobi has 30 seconds left.\n|inactive|pauly f. has 30 seconds left.\n|\n|t:|1775991617\n|move|p1a: Garchomp|Protect|p1a: Garchomp\n|-singleturn|p1a: Garchomp|Protect\n|move|p1b: Sneasler|Dire Claw|p2a: Oolong\n|-damage|p2a: Oolong|1/100\n|move|p2b: Inari|Psychic|p1b: Sneasler\n|-supereffective|p1b: Sneasler|2\n|-damage|p1b: Sneasler|0 fnt\n|faint|p1b: Sneasler\n|move|p2a: Oolong|Matcha Gotcha|p1a: Garchomp\n|-activate|p1a: Garchomp|move: Protect\n|\n|upkeep\n|\n|t:|1775991633\n|switch|p1b: Delphox|Delphox, L50, M|100/100\n|turn|8\n|\n|t:|1775991648\n|detailschange|p1b: Delphox|Delphox-Mega, L50, M\n|-mega|p1b: Delphox|Delphox|Delphoxite\n|move|p1b: Delphox|Heat Wave|p2b: Inari|[spread] p2a,p2b\n|-supereffective|p2a: Oolong|1\n|-crit|p2a: Oolong\n|-resisted|p2b: Inari|1\n|-damage|p2a: Oolong|0 fnt\n|-damage|p2b: Inari|79/100\n|faint|p2a: Oolong\n|move|p2b: Inari|Heat Wave|p1b: Delphox|[spread] p1a,p1b\n|-resisted|p1a: Garchomp|1\n|-resisted|p1b: Delphox|1\n|-damage|p1a: Garchomp|17/100\n|-damage|p1b: Delphox|79/100\n|move|p1a: Garchomp|Rock Slide|p2b: Inari\n|-supereffective|p2b: Inari|1\n|-damage|p2b: Inari|20/100\n|\n|upkeep\n|\n|t:|1775991663\n|switch|p2a: Boto|Palafin-Hero, L50, M|41/100\n|turn|9\n|\n|t:|1775991674\n|move|p2b: Inari|Protect|p2b: Inari\n|-singleturn|p2b: Inari|Protect\n|move|p2a: Boto|Wave Crash|p1b: Delphox\n|-supereffective|p1b: Delphox|1\n|-crit|p1b: Delphox\n|-damage|p1b: Delphox|0 fnt\n|faint|p1b: Delphox\n|-damage|p2a: Boto|19/100|[from] Recoil\n|move|p1a: Garchomp|Rock Slide|p2b: Inari|[spread] p2a\n|-activate|p2b: Inari|move: Protect\n|-damage|p2a: Boto|3/100\n|\n|upkeep\n|\n|t:|1775991680\n|switch|p1b: Torkoal|Torkoal, L50, F|100/100\n|-weather|SunnyDay|[from] ability: Drought|[of] p1b: Torkoal\n|turn|10\n|\n|t:|1775991701\n|move|p1b: Torkoal|Protect|p1b: Torkoal\n|-singleturn|p1b: Torkoal|Protect\n|move|p2a: Boto|Wave Crash|p1b: Torkoal\n|-activate|p1b: Torkoal|move: Protect\n|move|p2b: Inari|Psychic|p1a: Garchomp\n|-damage|p1a: Garchomp|0 fnt\n|faint|p1a: Garchomp\n|\n|-weather|SunnyDay|[upkeep]\n|upkeep\n|turn|11\n|\n|t:|1775991719\n|move|p2a: Boto|Wave Crash|p1b: Torkoal\n|-supereffective|p1b: Torkoal|1\n|-damage|p1b: Torkoal|52/100\n|-damage|p2a: Boto|0 fnt|[from] Recoil\n|faint|p2a: Boto\n|move|p2b: Inari|Psychic|p1b: Torkoal\n|-damage|p1b: Torkoal|0 fnt\n|faint|p1b: Torkoal\n|\n|win|pauly f.\n|raw|lonely 1 kenobi's rating: 1073 &rarr; <strong>1048</strong><br />(-25 for losing)\n|raw|pauly f.'s rating: 1000 &rarr; <strong>1048</strong><br />(+48 for winning)\n|l|\u2606lonely 1 kenobi\n|player|p1|\n|c|\u2606pauly f.|Gg\n",
  "uploadtime": 1775991745,
  "views": 28,
  "formatid": "gen9championsvgc2026regma",
  "rating": 1048,
  "private": 0,
  "password": null
}