{
  "id": "gen9championsvgc2026regma-2583843005",
  "format": "[Gen 9 Champions] VGC 2026 Reg M-A",
  "players": [
    "gorbyjorby",
    "JimmiBunnie"
  ],
  "log": "|j|\u2606gorbyjorby\n|j|\u2606JimmiBunnie\n|t:|1776202021\n|gametype|doubles\n|player|p1|gorbyjorby|101|1141\n|player|p2|JimmiBunnie|pokekid|1099\n|gen|9\n|tier|[Gen 9 Champions] VGC 2026 Reg M-A\n|rated|\n|rule|Species Clause: Limit one of each Pok\u00e9mon\n|rule|Item Clause: Limit 1 of each item\n|clearpoke\n|poke|p1|Aggron, L50, F|\n|poke|p1|Farigiraf, L50, M|\n|poke|p1|Pelipper, L50, F|\n|poke|p1|Camerupt, L50, F|\n|poke|p1|Araquanid, L50, F|\n|poke|p1|Starmie, L50|\n|poke|p2|Lopunny, L50, M|\n|poke|p2|Garchomp, L50, F|\n|poke|p2|Incineroar, L50, M|\n|poke|p2|Rotom-Wash, L50|\n|poke|p2|Whimsicott, L50, M|\n|poke|p2|Sinistcha, L50|\n|teampreview|4\n|\n|t:|1776202064\n|teamsize|p1|4\n|teamsize|p2|4\n|start\n|switch|p1a: Farigiraf|Farigiraf, L50, M|100/100\n|switch|p1b: Aggron|Aggron, L50, F|100/100\n|switch|p2a: Rotom|Rotom-Wash, L50|100/100\n|switch|p2b: Garchomp|Garchomp, L50, F|100/100\n|turn|1\n|\n|t:|1776202077\n|move|p1b: Aggron|Protect|p1b: Aggron\n|-singleturn|p1b: Aggron|Protect\n|move|p2b: Garchomp|Earthquake|p1a: Farigiraf|[spread] p1a\n|-activate|p1b: Aggron|move: Protect\n|-immune|p2a: Rotom|[from] ability: Levitate\n|-damage|p1a: Farigiraf|63/100\n|move|p2a: Rotom|Hydro Pump|p1b: Aggron\n|-activate|p1b: Aggron|move: Protect\n|move|p1a: Farigiraf|Trick Room|p1a: Farigiraf\n|-fieldstart|move: Trick Room|[of] p1a: Farigiraf\n|\n|upkeep\n|turn|2\n|\n|t:|1776202111\n|switch|p2b: Incineroar|Incineroar, L50, M|100/100\n|-ability|p2b: Incineroar|Intimidate|boost\n|-unboost|p1a: Farigiraf|atk|1\n|-unboost|p1b: Aggron|atk|1\n|detailschange|p1b: Aggron|Aggron-Mega, L50, F\n|-mega|p1b: Aggron|Aggron|Aggronite\n|move|p1a: Farigiraf|Helping Hand|p1b: Aggron\n|-singleturn|p1b: Aggron|Helping Hand|[of] p1a: Farigiraf\n|move|p1b: Aggron|Body Press|p2b: Incineroar\n|-supereffective|p2b: Incineroar|1\n|-damage|p2b: Incineroar|0 fnt\n|faint|p2b: Incineroar\n|move|p2a: Rotom|Hydro Pump|p1b: Aggron\n|-damage|p1b: Aggron|39/100\n|\n|upkeep\n|\n|t:|1776202128\n|switch|p2b: Garchomp|Garchomp, L50, F|100/100\n|turn|3\n|\n|t:|1776202143\n|move|p1a: Farigiraf|Helping Hand|p1b: Aggron\n|-singleturn|p1b: Aggron|Helping Hand|[of] p1a: Farigiraf\n|move|p1b: Aggron|Body Press|p2b: Garchomp\n|-damage|p2b: Garchomp|33/100\n|-damage|p1b: Aggron|26/100|[from] ability: Rough Skin|[of] p2b: Garchomp\n|move|p2a: Rotom|Hydro Pump|p1a: Farigiraf\n|-damage|p1a: Farigiraf|15/100\n|move|p2b: Garchomp|Earthquake|p1a: Farigiraf|[spread] p1a,p1b\n|-immune|p2a: Rotom|[from] ability: Levitate\n|-supereffective|p1b: Aggron|1\n|-damage|p1a: Farigiraf|0 fnt\n|-damage|p1b: Aggron|6/100\n|faint|p1a: Farigiraf\n|\n|upkeep\n|\n|t:|1776202153\n|switch|p1a: Araquanid|Araquanid, L50, F|100/100\n|turn|4\n|\n|t:|1776202164\n|move|p2b: Garchomp|Protect|p2b: Garchomp\n|-singleturn|p2b: Garchomp|Protect\n|move|p1a: Araquanid|Liquidation|p2a: Rotom\n|-resisted|p2a: Rotom|1\n|-damage|p2a: Rotom|62/100\n|move|p1b: Aggron|Body Press|p2b: Garchomp\n|-activate|p2b: Garchomp|move: Protect\n|move|p2a: Rotom|Volt Switch|p1a: Araquanid\n|-supereffective|p1a: Araquanid|1\n|-damage|p1a: Araquanid|48/100\n|\n|t:|1776202175\n|switch|p2a: Lopunny|Lopunny, L50, M|100/100|[from] Volt Switch\n|\n|upkeep\n|turn|5\n|\n|t:|1776202197\n|detailschange|p2a: Lopunny|Lopunny-Mega, L50, M\n|-mega|p2a: Lopunny|Lopunny|Lopunnite\n|move|p2a: Lopunny|Fake Out|p1b: Aggron\n|-resisted|p1b: Aggron|1\n|-damage|p1b: Aggron|1/100\n|move|p1a: Araquanid|Liquidation|p2b: Garchomp\n|-damage|p2b: Garchomp|0 fnt\n|-damage|p1a: Araquanid|36/100|[from] ability: Rough Skin|[of] p2b: Garchomp\n|faint|p2b: Garchomp\n|cant|p1b: Aggron|flinch\n|\n|-fieldend|move: Trick Room\n|upkeep\n|\n|t:|1776202207\n|switch|p2b: Rotom|Rotom-Wash, L50|62/100\n|turn|6\n|\n|t:|1776202224\n|move|p1b: Aggron|Protect|p1b: Aggron\n|-singleturn|p1b: Aggron|Protect\n|move|p2a: Lopunny|Close Combat|p1b: Aggron\n|-activate|p1b: Aggron|move: Protect\n|move|p2b: Rotom|Volt Switch|p1a: Araquanid\n|-supereffective|p1a: Araquanid|1\n|-damage|p1a: Araquanid|0 fnt\n|faint|p1a: Araquanid\n|\n|-heal|p2b: Rotom|68/100|[from] item: Leftovers\n|upkeep\n|\n|t:|1776202231\n|switch|p1a: Camerupt|Camerupt, L50, F|100/100\n|turn|7\n|\n|t:|1776202249\n|move|p2a: Lopunny|Close Combat|p1b: Aggron\n|-supereffective|p1b: Aggron|1\n|-damage|p1b: Aggron|0 fnt\n|-unboost|p2a: Lopunny|def|1\n|-unboost|p2a: Lopunny|spd|1\n|faint|p1b: Aggron\n|move|p2b: Rotom|Hydro Pump|p1a: Camerupt\n|-supereffective|p1a: Camerupt|2\n|-damage|p1a: Camerupt|0 fnt\n|faint|p1a: Camerupt\n|\n|win|JimmiBunnie\n|raw|gorbyjorby's rating: 1141 &rarr; <strong>1113</strong><br />(-28 for losing)\n|raw|JimmiBunnie's rating: 1099 &rarr; <strong>1127</strong><br />(+28 for winning)\n",
  "uploadtime": 1776202264,
  "views": 16,
  "formatid": "gen9championsvgc2026regma",
  "rating": 1113,
  "private": 0,
  "password": null
}