{
  "id": "gen9championsvgc2026regma-2585567873",
  "format": "[Gen 9 Champions] VGC 2026 Reg M-A",
  "players": [
    "juqiantangnang",
    "LGPESWEEPER"
  ],
  "log": "|j|\u2606juqiantangnang\n|j|\u2606LGPESWEEPER\n|t:|1776356042\n|gametype|doubles\n|player|p1|juqiantangnang|cynthia|1335\n|player|p2|LGPESWEEPER|169|1241\n|gen|9\n|tier|[Gen 9 Champions] VGC 2026 Reg M-A\n|rated|\n|rule|Species Clause: Limit one of each Pok\u00e9mon\n|rule|Item Clause: Limit 1 of each item\n|clearpoke\n|poke|p1|Scizor, L50, F|\n|poke|p1|Palafin, L50, M|\n|poke|p1|Politoed, L50, F|\n|poke|p1|Incineroar, L50, F|\n|poke|p1|Sinistcha, L50|\n|poke|p1|Hydreigon, L50, F|\n|poke|p2|Gyarados, L50, M|\n|poke|p2|Garchomp, L50, F|\n|poke|p2|Tinkaton, L50, F|\n|poke|p2|Sneasler, L50, F|\n|poke|p2|Sinistcha, L50|\n|poke|p2|Pelipper, L50, F|\n|teampreview|4\n|inactive|Battle timer is ON: inactive players will automatically lose when time's up. (requested by juqiantangnang)\n|\n|t:|1776356063\n|teamsize|p1|4\n|teamsize|p2|4\n|start\n|switch|p1a: Politoed|Politoed, L50, F|100/100\n|switch|p1b: Palafin|Palafin, L50, M|100/100\n|switch|p2a: Gyarados|Gyarados, L50, M|100/100\n|switch|p2b: Sneasler|Sneasler, L50, F|100/100\n|-ability|p2a: Gyarados|Intimidate|boost\n|-unboost|p1a: Politoed|atk|1\n|-unboost|p1b: Palafin|atk|1\n|-weather|RainDance|[from] ability: Drizzle|[of] p1a: Politoed\n|turn|1\n|\n|t:|1776356077\n|move|p2b: Sneasler|Close Combat|p1a: Politoed\n|-damage|p1a: Politoed|39/100\n|-unboost|p2b: Sneasler|def|1\n|-unboost|p2b: Sneasler|spd|1\n|-enditem|p2b: Sneasler|White Herb\n|-clearnegativeboost|p2b: Sneasler|[silent]\n|move|p2a: Gyarados|Crunch|p1a: Politoed\n|-damage|p1a: Politoed|15/100\n|move|p1b: Palafin|Flip Turn|p2a: Gyarados\n|-resisted|p2a: Gyarados|1\n|-damage|p2a: Gyarados|84/100\n|\n|t:|1776356095\n|detailschange|p1b: Palafin|Palafin-Hero, L50, M\n|switch|p1b: Scizor|Scizor, L50, F|100/100|[from] Flip Turn\n|move|p1a: Politoed|Weather Ball|p2b: Sneasler\n|-damage|p2b: Sneasler|33/100\n|\n|-weather|RainDance|[upkeep]\n|-heal|p1a: Politoed|21/100|[from] item: Leftovers\n|upkeep\n|turn|2\n|inactive|juqiantangnang has 30 seconds left.\n|\n|t:|1776356126\n|switch|p2b: Sinistcha|Sinistcha, L50|100/100\n|-heal|p2a: Gyarados|100/100|[from] ability: Hospitality|[of] p2b: Sinistcha\n|switch|p2a: Tinkaton|Tinkaton, L50, F|100/100\n|-ability|p2a: Tinkaton|Mold Breaker\n|detailschange|p1b: Scizor|Scizor-Mega, L50, F\n|-mega|p1b: Scizor|Scizor|Scizorite\n|move|p1a: Politoed|Weather Ball|p2b: Sinistcha\n|-resisted|p2b: Sinistcha|1\n|-damage|p2b: Sinistcha|78/100\n|move|p1b: Scizor|Swords Dance|p1b: Scizor\n|-boost|p1b: Scizor|atk|2\n|\n|-weather|RainDance|[upkeep]\n|-heal|p1a: Politoed|27/100|[from] item: Leftovers\n|-heal|p2b: Sinistcha|84/100|[from] item: Leftovers\n|upkeep\n|turn|3\n|\n|t:|1776356148\n|move|p1a: Politoed|Protect|p1a: Politoed\n|-singleturn|p1a: Politoed|Protect\n|move|p1b: Scizor|Bullet Punch|p2a: Tinkaton\n|-damage|p2a: Tinkaton|16/100\n|-enditem|p2a: Tinkaton|Sitrus Berry|[eat]\n|-heal|p2a: Tinkaton|41/100|[from] item: Sitrus Berry\n|move|p2a: Tinkaton|Encore|p1b: Scizor\n|-start|p1b: Scizor|Encore\n|move|p2b: Sinistcha|Matcha Gotcha|p1a: Politoed|[spread] p1b\n|-activate|p1a: Politoed|move: Protect\n|-resisted|p1b: Scizor|2\n|-damage|p1b: Scizor|95/100\n|-heal|p2b: Sinistcha|87/100|[from] drain|[of] p1b: Scizor\n|\n|-weather|RainDance|[upkeep]\n|-heal|p1a: Politoed|33/100|[from] item: Leftovers\n|-heal|p2b: Sinistcha|93/100|[from] item: Leftovers\n|upkeep\n|turn|4\n|inactive|LGPESWEEPER has 30 seconds left.\n|\n|t:|1776356182\n|switch|p1a: Hydreigon|Hydreigon, L50, F|100/100\n|move|p1b: Scizor|Bullet Punch|p2a: Tinkaton\n|-damage|p2a: Tinkaton|0 fnt\n|faint|p2a: Tinkaton\n|move|p2b: Sinistcha|Strength Sap|p1b: Scizor\n|-unboost|p1b: Scizor|atk|1\n|-heal|p2b: Sinistcha|100/100\n|\n|-weather|RainDance|[upkeep]\n|upkeep\n|\n|t:|1776356197\n|switch|p2a: Sneasler|Sneasler, L50, F|33/100\n|turn|5\n|\n|t:|1776356211\n|move|p2a: Sneasler|Upper Hand|p1b: Scizor\n|-crit|p1b: Scizor\n|-damage|p1b: Scizor|55/100\n|cant|p1b: Scizor|flinch\n|move|p1a: Hydreigon|Dark Pulse|p2b: Sinistcha\n|-supereffective|p2b: Sinistcha|1\n|-damage|p2b: Sinistcha|25/100\n|move|p2b: Sinistcha|Strength Sap|p1b: Scizor\n|-unboost|p1b: Scizor|atk|1\n|-heal|p2b: Sinistcha|100/100\n|\n|-weather|none\n|upkeep\n|turn|6\n|\n|t:|1776356227\n|switch|p1b: Politoed|Politoed, L50, F|33/100\n|-weather|RainDance|[from] ability: Drizzle|[of] p1b: Politoed\n|switch|p2b: Gyarados|Gyarados, L50, M|100/100\n|-ability|p2b: Gyarados|Intimidate|boost\n|-unboost|p1a: Hydreigon|atk|1\n|-unboost|p1b: Politoed|atk|1\n|move|p1a: Hydreigon|Dark Pulse|p2b: Gyarados\n|-damage|p2b: Gyarados|62/100\n|move|p2a: Sneasler|Close Combat|p1a: Hydreigon\n|-supereffective|p1a: Hydreigon|1\n|-damage|p1a: Hydreigon|0 fnt\n|-unboost|p2a: Sneasler|def|1\n|-unboost|p2a: Sneasler|spd|1\n|faint|p1a: Hydreigon\n|\n|-weather|RainDance|[upkeep]\n|-heal|p1b: Politoed|39/100|[from] item: Leftovers\n|upkeep\n|\n|t:|1776356240\n|switch|p1a: Palafin|Palafin-Hero, L50, M|100/100\n|-activate|p1a: Palafin|ability: Zero to Hero\n|turn|7\n|\n|t:|1776356256\n|switch|p2b: Sinistcha|Sinistcha, L50|100/100\n|-heal|p2a: Sneasler|58/100|[from] ability: Hospitality|[of] p2b: Sinistcha\n|move|p1b: Politoed|Protect|p1b: Politoed\n|-singleturn|p1b: Politoed|Protect\n|move|p2a: Sneasler|Upper Hand||[still]\n|-fail|p2a: Sneasler\n|move|p1a: Palafin|Flip Turn|p2a: Sneasler\n|-damage|p2a: Sneasler|0 fnt\n|faint|p2a: Sneasler\n|\n|t:|1776356269\n|switch|p1a: Scizor|Scizor-Mega, L50, F|55/100|[from] Flip Turn\n|\n|-weather|RainDance|[upkeep]\n|-heal|p1b: Politoed|45/100|[from] item: Leftovers\n|upkeep\n|\n|t:|1776356274\n|switch|p2a: Gyarados|Gyarados, L50, M|62/100\n|-ability|p2a: Gyarados|Intimidate|boost\n|-unboost|p1a: Scizor|atk|1\n|-unboost|p1b: Politoed|atk|1\n|turn|8\n|\n|t:|1776356282\n|move|p1b: Politoed|Helping Hand|p1a: Scizor\n|-singleturn|p1a: Scizor|Helping Hand|[of] p1b: Politoed\n|move|p2b: Sinistcha|Rage Powder|p2b: Sinistcha\n|-singleturn|p2b: Sinistcha|move: Rage Powder\n|move|p2a: Gyarados|Dragon Dance|p2a: Gyarados\n|-boost|p2a: Gyarados|atk|1\n|-boost|p2a: Gyarados|spe|1\n|move|p1a: Scizor|Bug Bite|p2b: Sinistcha\n|-damage|p2b: Sinistcha|55/100\n|\n|-weather|RainDance|[upkeep]\n|-heal|p1b: Politoed|51/100|[from] item: Leftovers\n|-heal|p2b: Sinistcha|61/100|[from] item: Leftovers\n|upkeep\n|turn|9\n|\n|t:|1776356296\n|move|p2a: Gyarados|Waterfall|p1a: Scizor\n|-damage|p1a: Scizor|0 fnt\n|faint|p1a: Scizor\n|move|p1b: Politoed|Encore|p2a: Gyarados\n|-start|p2a: Gyarados|Encore\n|move|p2b: Sinistcha|Matcha Gotcha|p1b: Politoed\n|-supereffective|p1b: Politoed|1\n|-damage|p1b: Politoed|0 fnt\n|-heal|p2b: Sinistcha|89/100|[from] drain|[of] p1b: Politoed\n|faint|p1b: Politoed\n|\n|-weather|RainDance|[upkeep]\n|-heal|p2b: Sinistcha|95/100|[from] item: Leftovers\n|upkeep\n|-message|juqiantangnang forfeited.\n|\n|win|LGPESWEEPER\n|raw|juqiantangnang's rating: 1335 &rarr; <strong>1310</strong><br />(-25 for losing)\n|raw|LGPESWEEPER's rating: 1241 &rarr; <strong>1273</strong><br />(+32 for winning)\n|l|\u2606juqiantangnang\n|player|p1|\n",
  "uploadtime": 1776356310,
  "views": 41,
  "formatid": "gen9championsvgc2026regma",
  "rating": 1273,
  "private": 0,
  "password": null
}