{
  "id": "gen9championsvgc2026regma-2580905618",
  "format": "[Gen 9 Champions] VGC 2026 Reg M-A",
  "players": [
    "renjiNL",
    "SYOTOO"
  ],
  "log": "|j|\u2606renjiNL\n|j|\u2606SYOTOO\n|t:|1775942171\n|gametype|doubles\n|player|p1|renjiNL|265|1019\n|player|p2|SYOTOO|2|1000\n|gen|9\n|tier|[Gen 9 Champions] VGC 2026 Reg M-A\n|rated|\n|rule|Species Clause: Limit one of each Pok\u00e9mon\n|rule|Item Clause: Limit 1 of each item\n|clearpoke\n|poke|p1|Aerodactyl, L50, M|\n|poke|p1|Aegislash, L50, M|\n|poke|p1|Blastoise, L50, M|\n|poke|p1|Whimsicott, L50, M|\n|poke|p1|Volcarona, L50, M|\n|poke|p1|Tsareena, L50, F|\n|poke|p2|Skarmory, L50, F|\n|poke|p2|Incineroar, L50, F|\n|poke|p2|Greninja-*, L50, F|\n|poke|p2|Farigiraf, L50, M|\n|poke|p2|Whimsicott, L50, F|\n|poke|p2|Decidueye-Hisui, L50, F|\n|teampreview|4\n|inactive|Battle timer is ON: inactive players will automatically lose when time's up. (requested by renjiNL)\n|inactive|SYOTOO has 60 seconds left.\n|\n|t:|1775942216\n|teamsize|p1|4\n|teamsize|p2|4\n|start\n|switch|p1a: Blastoise|Blastoise, L50, M|100/100\n|switch|p1b: Whimsicott|Whimsicott, L50, M|100/100\n|switch|p2a: Whimsicott|Whimsicott, L50, F|100/100\n|switch|p2b: Incineroar|Incineroar, L50, F|100/100\n|-ability|p2b: Incineroar|Intimidate|boost\n|-unboost|p1a: Blastoise|atk|1\n|-unboost|p1b: Whimsicott|atk|1\n|turn|1\n|\n|t:|1775942233\n|detailschange|p1a: Blastoise|Blastoise-Mega, L50, M\n|-mega|p1a: Blastoise|Blastoise|Blastoisinite\n|move|p1a: Blastoise|Fake Out|p2b: Incineroar\n|-damage|p2b: Incineroar|95/100\n|move|p2a: Whimsicott|Tailwind|p2a: Whimsicott\n|-sidestart|p2: SYOTOO|move: Tailwind\n|move|p1b: Whimsicott|Tailwind|p1b: Whimsicott\n|-sidestart|p1: renjiNL|move: Tailwind\n|cant|p2b: Incineroar|flinch\n|\n|upkeep\n|turn|2\n|\n|t:|1775942251\n|move|p2a: Whimsicott|Protect|p2a: Whimsicott\n|-singleturn|p2a: Whimsicott|Protect\n|move|p1b: Whimsicott|Encore|p2a: Whimsicott\n|-activate|p2a: Whimsicott|move: Protect\n|move|p1a: Blastoise|Water Pulse|p2b: Incineroar\n|-supereffective|p2b: Incineroar|1\n|-damage|p2b: Incineroar|13/100\n|-enditem|p2b: Incineroar|Sitrus Berry|[eat]\n|-heal|p2b: Incineroar|38/100|[from] item: Sitrus Berry\n|move|p2b: Incineroar|Parting Shot|p1a: Blastoise\n|-unboost|p1a: Blastoise|atk|1\n|-unboost|p1a: Blastoise|spa|1\n|\n|t:|1775942262\n|switch|p2b: Decidueye|Decidueye-Hisui, L50, F|100/100|[from] Parting Shot\n|\n|upkeep\n|turn|3\n|\n|t:|1775942276\n|switch|p2a: Skarmory|Skarmory, L50, F|100/100\n|move|p1b: Whimsicott|Misty Terrain|p1b: Whimsicott\n|-fieldstart|move: Misty Terrain\n|move|p2b: Decidueye|Leaf Blade|p1a: Blastoise\n|-supereffective|p1a: Blastoise|1\n|-damage|p1a: Blastoise|35/100\n|move|p1a: Blastoise|Terrain Pulse|p2b: Decidueye\n|-supereffective|p2b: Decidueye|1\n|-damage|p2b: Decidueye|18/100\n|\n|upkeep\n|turn|4\n|inactive|renjiNL has 30 seconds left.\n|\n|t:|1775942305\n|switch|p1a: Volcarona|Volcarona, L50, M|100/100\n|move|p1b: Whimsicott|Worry Seed|p2a: Skarmory\n|-ability|p2a: Skarmory|Insomnia|Keen Eye|[from] move: Worry Seed\n|move|p2b: Decidueye|Leaf Blade|p1a: Volcarona\n|-resisted|p1a: Volcarona|2\n|-damage|p1a: Volcarona|84/100\n|move|p2a: Skarmory|Brave Bird|p1b: Whimsicott\n|-supereffective|p1b: Whimsicott|1\n|-damage|p1b: Whimsicott|11/100\n|-damage|p2a: Skarmory|70/100|[from] Recoil\n|\n|-heal|p1a: Volcarona|90/100|[from] item: Leftovers\n|-sideend|p1: renjiNL|move: Tailwind\n|-sideend|p2: SYOTOO|move: Tailwind\n|upkeep\n|turn|5\n|\n|t:|1775942325\n|move|p2b: Decidueye|Protect|p2b: Decidueye\n|-singleturn|p2b: Decidueye|Protect\n|move|p1b: Whimsicott|Tailwind|p1b: Whimsicott\n|-sidestart|p1: renjiNL|move: Tailwind\n|move|p1a: Volcarona|Fiery Dance|p2a: Skarmory\n|-supereffective|p2a: Skarmory|1\n|-damage|p2a: Skarmory|0 fnt\n|-boost|p1a: Volcarona|spa|1\n|faint|p2a: Skarmory\n|\n|-heal|p1a: Volcarona|97/100|[from] item: Leftovers\n|upkeep\n|\n|t:|1775942336\n|switch|p2a: Incineroar|Incineroar, L50, F|38/100\n|-ability|p2a: Incineroar|Intimidate|boost\n|-unboost|p1a: Volcarona|atk|1\n|-unboost|p1b: Whimsicott|atk|1\n|turn|6\n|\n|t:|1775942353\n|move|p2a: Incineroar|Fake Out|p1a: Volcarona\n|-damage|p1a: Volcarona|82/100\n|move|p1b: Whimsicott|Encore|p2b: Decidueye\n|-start|p2b: Decidueye|Encore\n|move|p2b: Decidueye|Protect||[still]\n|-fail|p2b: Decidueye\n|cant|p1a: Volcarona|flinch\n|\n|-heal|p1a: Volcarona|88/100|[from] item: Leftovers\n|upkeep\n|turn|7\n|\n|t:|1775942370\n|switch|p2b: Whimsicott|Whimsicott, L50, F|100/100\n|move|p2a: Incineroar|Protect|p2a: Incineroar\n|-singleturn|p2a: Incineroar|Protect\n|move|p1b: Whimsicott|Worry Seed|p2b: Whimsicott\n|-ability|p2b: Whimsicott|Insomnia|Prankster|[from] move: Worry Seed\n|move|p1a: Volcarona|Struggle Bug|p2a: Incineroar|[spread] p2b\n|-activate|p2a: Incineroar|move: Protect\n|-damage|p2b: Whimsicott|62/100\n|-unboost|p2b: Whimsicott|spa|1\n|\n|-heal|p1a: Volcarona|94/100|[from] item: Leftovers\n|-fieldend|Misty Terrain\n|upkeep\n|turn|8\n|inactive|SYOTOO has 30 seconds left.\n|\n|t:|1775942400\n|move|p1b: Whimsicott|Misty Terrain|p1b: Whimsicott\n|-fieldstart|move: Misty Terrain\n|move|p1a: Volcarona|Fiery Dance|p2b: Whimsicott\n|-supereffective|p2b: Whimsicott|1\n|-damage|p2b: Whimsicott|0 fnt\n|faint|p2b: Whimsicott\n|move|p2a: Incineroar|Darkest Lariat|p1a: Volcarona\n|-damage|p1a: Volcarona|41/100\n|\n|-heal|p1a: Volcarona|47/100|[from] item: Leftovers\n|-sideend|p1: renjiNL|move: Tailwind\n|upkeep\n|\n|t:|1775942409\n|switch|p2b: Decidueye|Decidueye-Hisui, L50, F|18/100\n|turn|9\n|\n|t:|1775942423\n|move|p2b: Decidueye|Protect|p2b: Decidueye\n|-singleturn|p2b: Decidueye|Protect\n|move|p1b: Whimsicott|Tailwind|p1b: Whimsicott\n|-sidestart|p1: renjiNL|move: Tailwind\n|move|p1a: Volcarona|Fiery Dance|p2b: Decidueye\n|-activate|p2b: Decidueye|move: Protect\n|move|p2a: Incineroar|Darkest Lariat|p1b: Whimsicott\n|-resisted|p1b: Whimsicott|1\n|-damage|p1b: Whimsicott|0 fnt\n|faint|p1b: Whimsicott\n|\n|-heal|p1a: Volcarona|54/100|[from] item: Leftovers\n|upkeep\n|\n|t:|1775942435\n|switch|p1b: Aerodactyl|Aerodactyl, L50, M|100/100\n|turn|10\n|inactive|renjiNL has 30 seconds left.\n|inactive|SYOTOO has 30 seconds left.\n|\n|t:|1775942462\n|move|p1b: Aerodactyl|Dual Wingbeat|p2a: Incineroar\n|-damage|p2a: Incineroar|21/100\n|-damage|p2a: Incineroar|5/100\n|-hitcount|p2a: Incineroar|2\n|move|p1a: Volcarona|Fiery Dance|p2b: Decidueye\n|-supereffective|p2b: Decidueye|1\n|-damage|p2b: Decidueye|0 fnt\n|-boost|p1a: Volcarona|spa|1\n|faint|p2b: Decidueye\n|move|p2a: Incineroar|Darkest Lariat|p1a: Volcarona\n|-damage|p1a: Volcarona|2/100\n|\n|-heal|p1a: Volcarona|9/100|[from] item: Leftovers\n|upkeep\n|turn|11\n|-message|SYOTOO forfeited.\n|\n|win|renjiNL\n|raw|renjiNL's rating: 1019 &rarr; <strong>1054</strong><br />(+35 for winning)\n|raw|SYOTOO's rating: 1000 &rarr; <strong>1000</strong><br />(+0 for losing)\n",
  "uploadtime": 1775942479,
  "views": 11,
  "formatid": "gen9championsvgc2026regma",
  "rating": 1000,
  "private": 0,
  "password": null
}