{
  "id": "gen9championsvgc2026regma-2581475910",
  "format": "[Gen 9 Champions] VGC 2026 Reg M-A",
  "players": [
    "xxsussyboixx",
    "yoyotheyogurt"
  ],
  "log": "|j|\u2606xxsussyboixx\n|j|\u2606yoyotheyogurt\n|t:|1776004012\n|gametype|doubles\n|player|p1|xxsussyboixx|red|1013\n|player|p2|yoyotheyogurt|101|1090\n|gen|9\n|tier|[Gen 9 Champions] VGC 2026 Reg M-A\n|rated|\n|rule|Species Clause: Limit one of each Pok\u00e9mon\n|rule|Item Clause: Limit 1 of each item\n|clearpoke\n|poke|p1|Hawlucha, L50, F|\n|poke|p1|Excadrill, L50, M|\n|poke|p1|Vanilluxe, L50, M|\n|poke|p1|Incineroar, L50, F|\n|poke|p1|Gengar, L50, M|\n|poke|p1|Palafin, L50, F|\n|poke|p2|Dragonite, L50, M|\n|poke|p2|Snorlax, L50, M|\n|poke|p2|Aggron, L50, M|\n|poke|p2|Gyarados, L50, M|\n|poke|p2|Sinistcha, L50|\n|poke|p2|Garchomp, L50, M|\n|teampreview|4\n|\n|t:|1776004089\n|teamsize|p1|4\n|teamsize|p2|4\n|start\n|switch|p1a: Vanilluxe|Vanilluxe, L50, M, shiny|100/100\n|switch|p1b: Incineroar|Incineroar, L50, F, shiny|100/100\n|switch|p2a: Garchomp|Garchomp, L50, M, shiny|100/100\n|switch|p2b: Gyarados|Gyarados, L50, M, shiny|100/100\n|-ability|p2b: Gyarados|Intimidate|boost\n|-unboost|p1a: Vanilluxe|atk|1\n|-unboost|p1b: Incineroar|atk|1\n|-ability|p1b: Incineroar|Intimidate|boost\n|-unboost|p2a: Garchomp|atk|1\n|-unboost|p2b: Gyarados|atk|1\n|turn|1\n|\n|t:|1776004125\n|switch|p2a: Snorlax|Snorlax, L50, M, shiny|100/100\n|detailschange|p2b: Gyarados|Gyarados-Mega, L50, M, shiny\n|-mega|p2b: Gyarados|Gyarados|Gyaradosite\n|-ability|p2b: Gyarados|Mold Breaker\n|move|p1b: Incineroar|Protect|p1b: Incineroar\n|-singleturn|p1b: Incineroar|Protect\n|move|p1a: Vanilluxe|Sheer Cold|p2a: Snorlax|[miss]\n|-miss|p1a: Vanilluxe|p2a: Snorlax\n|move|p2b: Gyarados|Dragon Dance|p2b: Gyarados\n|-boost|p2b: Gyarados|atk|1\n|-boost|p2b: Gyarados|spe|1\n|\n|upkeep\n|turn|2\n|\n|t:|1776004151\n|move|p2b: Gyarados|Waterfall|p1b: Incineroar\n|-supereffective|p1b: Incineroar|1\n|-damage|p1b: Incineroar|0 fnt\n|faint|p1b: Incineroar\n|move|p1a: Vanilluxe|Sheer Cold|p2b: Gyarados\n|-damage|p2b: Gyarados|0 fnt\n|faint|p2b: Gyarados\n|-ohko\n|move|p2a: Snorlax|Belly Drum|p2a: Snorlax\n|-damage|p2a: Snorlax|50/100\n|-setboost|p2a: Snorlax|atk|6|[from] move: Belly Drum\n|-enditem|p2a: Snorlax|Sitrus Berry|[eat]\n|-heal|p2a: Snorlax|75/100|[from] item: Sitrus Berry\n|\n|upkeep\n|\n|t:|1776004169\n|switch|p2b: Garchomp|Garchomp, L50, M, shiny|100/100\n|switch|p1b: Palafin|Palafin, L50, F, shiny|100/100\n|turn|3\n|\n|t:|1776004190\n|move|p2b: Garchomp|Rock Slide|p1b: Palafin|[spread] p1a,p1b\n|-supereffective|p1a: Vanilluxe|1\n|-damage|p1a: Vanilluxe|48/100\n|-damage|p1b: Palafin|76/100\n|move|p1b: Palafin|Flip Turn|p2a: Snorlax\n|-damage|p2a: Snorlax|63/100\n|\n|t:|1776004198\n|detailschange|p1b: Palafin|Palafin-Hero, L50, F, shiny\n|switch|p1b: Gengar|Gengar, L50, M, shiny|100/100|[from] Flip Turn\n|move|p1a: Vanilluxe|Sheer Cold|p2b: Garchomp|[miss]\n|-miss|p1a: Vanilluxe|p2b: Garchomp\n|move|p2a: Snorlax|Body Slam|p1a: Vanilluxe\n|-crit|p1a: Vanilluxe\n|-damage|p1a: Vanilluxe|0 fnt\n|faint|p1a: Vanilluxe\n|\n|upkeep\n|\n|t:|1776004211\n|switch|p1a: Palafin|Palafin-Hero, L50, F, shiny|76/100\n|-activate|p1a: Palafin|ability: Zero to Hero\n|turn|4\n|\n|t:|1776004227\n|detailschange|p1b: Gengar|Gengar-Mega, L50, M, shiny\n|-mega|p1b: Gengar|Gengar|Gengarite\n|move|p2b: Garchomp|Rock Slide|p1a: Palafin|[spread] p1a,p1b\n|-damage|p1a: Palafin|57/100\n|-damage|p1b: Gengar|71/100\n|move|p1a: Palafin|Close Combat|p2b: Garchomp\n|-damage|p2b: Garchomp|61/100\n|-unboost|p1a: Palafin|def|1\n|-unboost|p1a: Palafin|spd|1\n|-damage|p1a: Palafin|45/100|[from] ability: Rough Skin|[of] p2b: Garchomp\n|cant|p1b: Gengar|flinch\n|move|p2a: Snorlax|Body Slam|p1a: Palafin\n|-damage|p1a: Palafin|0 fnt\n|faint|p1a: Palafin\n|\n|upkeep\n|turn|5\n|\n|t:|1776004246\n|move|p2b: Garchomp|Rock Slide|p1b: Gengar\n|-damage|p1b: Gengar|32/100\n|move|p1b: Gengar|Perish Song|p1b: Gengar\n|-start|p1b: Gengar|perish3|[silent]\n|-start|p2a: Snorlax|perish3|[silent]\n|-start|p2b: Garchomp|perish3|[silent]\n|-fieldactivate|move: Perish Song\n|move|p2a: Snorlax|High Horsepower|p1b: Gengar\n|-supereffective|p1b: Gengar|1\n|-damage|p1b: Gengar|0 fnt\n|faint|p1b: Gengar\n|\n|win|yoyotheyogurt\n|raw|xxsussyboixx's rating: 1013 &rarr; <strong>1004</strong><br />(-9 for losing)\n|raw|yoyotheyogurt's rating: 1090 &rarr; <strong>1111</strong><br />(+21 for winning)\n",
  "uploadtime": 1776004258,
  "views": 15,
  "formatid": "gen9championsvgc2026regma",
  "rating": 1004,
  "private": 0,
  "password": null
}