{
  "id": "gen9championsvgc2026regma-2581928531",
  "format": "[Gen 9 Champions] VGC 2026 Reg M-A",
  "players": [
    "glitchof69",
    "adarefixwillfixit"
  ],
  "log": "|j|\u2606glitchof69\n|j|\u2606adarefixwillfixit\n|t:|1776040580\n|gametype|doubles\n|player|p1|glitchof69|101|1091\n|player|p2|adarefixwillfixit|102|1141\n|gen|9\n|tier|[Gen 9 Champions] VGC 2026 Reg M-A\n|rated|\n|rule|Species Clause: Limit one of each Pok\u00e9mon\n|rule|Item Clause: Limit 1 of each item\n|clearpoke\n|poke|p1|Ampharos, L50, F|\n|poke|p1|Politoed, L50, F|\n|poke|p1|Clawitzer, L50, F|\n|poke|p1|Aegislash, L50, F|\n|poke|p1|Weavile, L50, F|\n|poke|p1|Gallade, L50, M|\n|poke|p2|Floette-Eternal, L50, F|\n|poke|p2|Sinistcha, L50|\n|poke|p2|Kingambit, L50, F|\n|poke|p2|Milotic, L50, F|\n|poke|p2|Aerodactyl, L50, F|\n|poke|p2|Sneasler, L50, F|\n|teampreview|4\n|inactive|Battle timer is ON: inactive players will automatically lose when time's up. (requested by adarefixwillfixit)\n|\n|t:|1776040608\n|teamsize|p1|4\n|teamsize|p2|4\n|start\n|switch|p1a: Weavile|Weavile, L50, F|100/100\n|switch|p1b: Aegislash|Aegislash, L50, F|100/100\n|switch|p2a: Sinistcha|Sinistcha, L50|100/100\n|switch|p2b: Floette|Floette-Eternal, L50, F|100/100\n|-ability|p1a: Weavile|Pressure\n|turn|1\n|inactive|glitchof69 has 30 seconds left.\n|\n|t:|1776040635\n|detailschange|p2b: Floette|Floette-Mega, L50, F\n|-mega|p2b: Floette|Floette|Floettite\n|-ability|p2b: Floette|Fairy Aura\n|move|p1a: Weavile|Fake Out|p2b: Floette\n|-damage|p2b: Floette|87/100\n|move|p2a: Sinistcha|Rage Powder|p2a: Sinistcha\n|-singleturn|p2a: Sinistcha|move: Rage Powder\n|cant|p2b: Floette|flinch\n|-formechange|p1b: Aegislash|Aegislash-Blade|\n|move|p1b: Aegislash|Iron Head|p2a: Sinistcha\n|-damage|p2a: Sinistcha|46/100\n|-enditem|p2a: Sinistcha|Sitrus Berry|[eat]\n|-heal|p2a: Sinistcha|71/100|[from] item: Sitrus Berry\n|\n|upkeep\n|turn|2\n|\n|t:|1776040658\n|move|p1b: Aegislash|Wide Guard|p1b: Aegislash\n|-singleturn|p1b: Aegislash|Wide Guard\n|move|p2a: Sinistcha|Rage Powder|p2a: Sinistcha\n|-singleturn|p2a: Sinistcha|move: Rage Powder\n|move|p1a: Weavile|Ice Spinner|p2a: Sinistcha\n|-supereffective|p2a: Sinistcha|1\n|-damage|p2a: Sinistcha|0 fnt\n|faint|p2a: Sinistcha\n|move|p2b: Floette|Calm Mind|p2b: Floette\n|-boost|p2b: Floette|spa|1\n|-boost|p2b: Floette|spd|1\n|\n|upkeep\n|\n|t:|1776040668\n|switch|p2a: Kingambit|Kingambit, L50, F|100/100\n|turn|3\n|\n|t:|1776040677\n|move|p1a: Weavile|Upper Hand|p2a: Kingambit\n|-supereffective|p2a: Kingambit|2\n|-damage|p2a: Kingambit|33/100\n|cant|p2a: Kingambit|flinch\n|move|p2b: Floette|Moonblast|p1a: Weavile\n|-supereffective|p1a: Weavile|1\n|-enditem|p1a: Weavile|Focus Sash\n|-damage|p1a: Weavile|1/100\n|move|p1b: Aegislash|Iron Head|p2b: Floette\n|-supereffective|p2b: Floette|1\n|-damage|p2b: Floette|0 fnt\n|faint|p2b: Floette\n|\n|upkeep\n|\n|t:|1776040684\n|switch|p2b: Aerodactyl|Aerodactyl, L50, F|100/100\n|-ability|p2b: Aerodactyl|Unnerve\n|turn|4\n|\n|t:|1776040701\n|-formechange|p1b: Aegislash|Aegislash|\n|move|p1b: Aegislash|King's Shield|p1b: Aegislash\n|-singleturn|p1b: Aegislash|Protect\n|move|p2b: Aerodactyl|Rock Slide|p1a: Weavile|[spread] p1a\n|-activate|p1b: Aegislash|move: Protect\n|-supereffective|p1a: Weavile|1\n|-damage|p1a: Weavile|0 fnt\n|faint|p1a: Weavile\n|move|p2a: Kingambit|Swords Dance|p2a: Kingambit\n|-boost|p2a: Kingambit|atk|2\n|\n|upkeep\n|\n|t:|1776040718\n|switch|p1a: Ampharos|Ampharos, L50, F|100/100\n|turn|5\n|inactive|glitchof69 has 30 seconds left.\n|inactive|glitchof69 has 20 seconds left.\n|\n|t:|1776040757\n|switch|p1b: Politoed|Politoed, L50, F|100/100\n|-weather|RainDance|[from] ability: Drizzle|[of] p1b: Politoed\n|detailschange|p1a: Ampharos|Ampharos-Mega, L50, F\n|-mega|p1a: Ampharos|Ampharos|Ampharosite\n|-ability|p1a: Ampharos|Mold Breaker\n|move|p2b: Aerodactyl|Tailwind|p2b: Aerodactyl\n|-sidestart|p2: adarefixwillfixit|move: Tailwind\n|move|p2a: Kingambit|Kowtow Cleave|p1a: Ampharos\n|-damage|p1a: Ampharos|19/100\n|move|p1a: Ampharos|Volt Switch|p2a: Kingambit\n|-damage|p2a: Kingambit|0 fnt\n|faint|p2a: Kingambit\n|\n|t:|1776040770\n|switch|p1a: Aegislash|Aegislash, L50, F|100/100|[from] Volt Switch\n|\n|-weather|RainDance|[upkeep]\n|upkeep\n|turn|6\n|-message|adarefixwillfixit forfeited.\n|\n|win|glitchof69\n|raw|glitchof69's rating: 1091 &rarr; <strong>1121</strong><br />(+30 for winning)\n|raw|adarefixwillfixit's rating: 1141 &rarr; <strong>1112</strong><br />(-29 for losing)\n|l|\u2606adarefixwillfixit\n|player|p2|\n|c|\u2606glitchof69|abuse it more\n",
  "uploadtime": 1776040782,
  "views": 16,
  "formatid": "gen9championsvgc2026regma",
  "rating": 1112,
  "private": 0,
  "password": null
}