{
  "id": "gen9championsvgc2026regma-2587512525",
  "format": "[Gen 9 Champions] VGC 2026 Reg M-A",
  "players": [
    "Lyph88",
    "Sergimedina"
  ],
  "log": "|j|\u2606Lyph88\n|j|\u203dSergimedina\n|t:|1776538163\n|gametype|doubles\n|player|p1|Lyph88|lucas-gen4pt|1310\n|player|p2|Sergimedina|102|1374\n|gen|9\n|tier|[Gen 9 Champions] VGC 2026 Reg M-A\n|rated|\n|rule|Species Clause: Limit one of each Pok\u00e9mon\n|rule|Item Clause: Limit 1 of each item\n|clearpoke\n|poke|p1|Tyranitar, L50, M|\n|poke|p1|Rotom-Wash, L50|\n|poke|p1|Garchomp, L50, F|\n|poke|p1|Sinistcha, L50|\n|poke|p1|Sneasler, L50, F|\n|poke|p1|Corviknight, L50, M|\n|poke|p2|Excadrill, L50, F|\n|poke|p2|Tyranitar, L50, M|\n|poke|p2|Corviknight, L50, M|\n|poke|p2|Whimsicott, L50, M|\n|poke|p2|Sinistcha, L50|\n|poke|p2|Sneasler, L50, F|\n|teampreview|4\n|inactive|Battle timer is ON: inactive players will automatically lose when time's up. (requested by Sergimedina)\n|inactive|Sergimedina has 60 seconds left.\n|\n|t:|1776538202\n|teamsize|p1|4\n|teamsize|p2|4\n|start\n|switch|p1a: Corviknight|Corviknight, L50, M|100/100\n|switch|p1b: Sneasler|Sneasler, L50, F|100/100\n|switch|p2a: Corviknight|Corviknight, L50, M|100/100\n|switch|p2b: Sneasler|Sneasler, L50, F|100/100\n|turn|1\n|\n|t:|1776538221\n|move|p2b: Sneasler|Fake Out|p1b: Sneasler\n|-damage|p1b: Sneasler|76/100\n|cant|p1b: Sneasler|flinch\n|move|p1a: Corviknight|Iron Defense|p1a: Corviknight\n|-boost|p1a: Corviknight|def|2\n|move|p2a: Corviknight|Iron Defense|p2a: Corviknight\n|-boost|p2a: Corviknight|def|2\n|\n|upkeep\n|turn|2\n|\n|t:|1776538238\n|move|p1b: Sneasler|Protect|p1b: Sneasler\n|-singleturn|p1b: Sneasler|Protect\n|move|p2b: Sneasler|Close Combat|p1a: Corviknight\n|-damage|p1a: Corviknight|73/100\n|-unboost|p2b: Sneasler|def|1\n|-unboost|p2b: Sneasler|spd|1\n|-enditem|p2b: Sneasler|White Herb\n|-clearnegativeboost|p2b: Sneasler|[silent]\n|move|p1a: Corviknight|Iron Defense|p1a: Corviknight\n|-boost|p1a: Corviknight|def|2\n|move|p2a: Corviknight|Iron Defense|p2a: Corviknight\n|-boost|p2a: Corviknight|def|2\n|\n|upkeep\n|turn|3\n|\n|t:|1776538259\n|move|p2b: Sneasler|Dire Claw|p1b: Sneasler\n|-resisted|p1b: Sneasler|1\n|-damage|p1b: Sneasler|42/100\n|move|p1b: Sneasler|Close Combat|p2a: Corviknight\n|-damage|p2a: Corviknight|80/100\n|-unboost|p1b: Sneasler|def|1\n|-unboost|p1b: Sneasler|spd|1\n|-enditem|p1b: Sneasler|White Herb\n|-clearnegativeboost|p1b: Sneasler|[silent]\n|move|p1a: Corviknight|Iron Defense|p1a: Corviknight\n|-boost|p1a: Corviknight|def|2\n|move|p2a: Corviknight|Iron Defense|p2a: Corviknight\n|-boost|p2a: Corviknight|def|2\n|\n|-heal|p2a: Corviknight|86/100|[from] item: Leftovers\n|upkeep\n|turn|4\n|inactive|Lyph88 has 30 seconds left.\n|\n|t:|1776538289\n|move|p1b: Sneasler|Protect|p1b: Sneasler\n|-singleturn|p1b: Sneasler|Protect\n|move|p2b: Sneasler|Close Combat|p1b: Sneasler\n|-activate|p1b: Sneasler|move: Protect\n|move|p1a: Corviknight|Body Press|p2a: Corviknight\n|-damage|p2a: Corviknight|70/100\n|move|p2a: Corviknight|Body Press|p1a: Corviknight\n|-damage|p1a: Corviknight|55/100\n|\n|-heal|p2a: Corviknight|76/100|[from] item: Leftovers\n|upkeep\n|turn|5\n|\n|t:|1776538305\n|switch|p1b: Sinistcha|Sinistcha, L50|100/100\n|-heal|p1a: Corviknight|80/100|[from] ability: Hospitality|[of] p1b: Sinistcha\n|move|p2b: Sneasler|Close Combat|p1b: Sinistcha\n|-immune|p1b: Sinistcha\n|move|p1a: Corviknight|Body Press|p2a: Corviknight\n|-damage|p2a: Corviknight|59/100\n|move|p2a: Corviknight|Body Press|p1b: Sinistcha\n|-immune|p1b: Sinistcha\n|\n|-heal|p2a: Corviknight|64/100|[from] item: Leftovers\n|upkeep\n|turn|6\n|\n|t:|1776538322\n|move|p2b: Sneasler|Dire Claw|p1b: Sinistcha\n|-damage|p1b: Sinistcha|63/100\n|move|p1a: Corviknight|Body Press|p2a: Corviknight\n|-damage|p2a: Corviknight|47/100\n|move|p1b: Sinistcha|Strength Sap|p2b: Sneasler\n|-unboost|p2b: Sneasler|atk|1\n|-heal|p1b: Sinistcha|100/100\n|move|p2a: Corviknight|Roost|p2a: Corviknight\n|-heal|p2a: Corviknight|98/100\n|-singleturn|p2a: Corviknight|move: Roost\n|\n|-heal|p2a: Corviknight|100/100|[from] item: Leftovers\n|upkeep\n|turn|7\n|\n|t:|1776538343\n|move|p2b: Sneasler|Dire Claw|p1b: Sinistcha\n|-damage|p1b: Sinistcha|75/100\n|move|p1a: Corviknight|Body Press|p2a: Corviknight\n|-damage|p2a: Corviknight|82/100\n|move|p1b: Sinistcha|Life Dew|p1b: Sinistcha|[spread] p1a,p1b\n|-heal|p1a: Corviknight|100/100\n|-heal|p1b: Sinistcha|100/100\n|move|p2a: Corviknight|Brave Bird|p1b: Sinistcha\n|-supereffective|p1b: Sinistcha|1\n|-damage|p1b: Sinistcha|36/100\n|-damage|p2a: Corviknight|64/100|[from] Recoil\n|\n|-heal|p1b: Sinistcha|43/100|[from] item: Leftovers\n|-heal|p2a: Corviknight|70/100|[from] item: Leftovers\n|upkeep\n|turn|8\n|\n|t:|1776538367\n|switch|p1b: Sneasler|Sneasler, L50, F|42/100\n|move|p2b: Sneasler|Dire Claw|p1b: Sneasler\n|-resisted|p1b: Sneasler|1\n|-damage|p1b: Sneasler|20/100\n|move|p1a: Corviknight|Body Press|p2a: Corviknight\n|-damage|p2a: Corviknight|54/100\n|move|p2a: Corviknight|Brave Bird|p1b: Sneasler\n|-supereffective|p1b: Sneasler|1\n|-damage|p1b: Sneasler|0 fnt\n|faint|p1b: Sneasler\n|-damage|p2a: Corviknight|49/100|[from] Recoil\n|\n|-heal|p2a: Corviknight|55/100|[from] item: Leftovers\n|upkeep\n|\n|t:|1776538384\n|switch|p1b: Garchomp|Garchomp, L50, F|100/100\n|turn|9\n|\n|t:|1776538404\n|switch|p2b: Excadrill|Excadrill, L50, F|100/100\n|move|p1b: Garchomp|Earthquake|p2a: Corviknight|[spread] p2b\n|-immune|p1a: Corviknight\n|-immune|p2a: Corviknight\n|-supereffective|p2b: Excadrill|1\n|-enditem|p2b: Excadrill|Focus Sash\n|-damage|p2b: Excadrill|1/100\n|move|p1a: Corviknight|Body Press|p2a: Corviknight\n|-damage|p2a: Corviknight|38/100\n|move|p2a: Corviknight|Roost|p2a: Corviknight\n|-heal|p2a: Corviknight|88/100\n|-singleturn|p2a: Corviknight|move: Roost\n|\n|-heal|p2a: Corviknight|94/100|[from] item: Leftovers\n|upkeep\n|turn|10\n|inactive|Sergimedina has 30 seconds left.\n|\n|t:|1776538429\n|move|p1b: Garchomp|Protect|p1b: Garchomp\n|-singleturn|p1b: Garchomp|Protect\n|move|p2b: Excadrill|Protect|p2b: Excadrill\n|-singleturn|p2b: Excadrill|Protect\n|move|p1a: Corviknight|Body Press|p2b: Excadrill\n|-activate|p2b: Excadrill|move: Protect\n|move|p2a: Corviknight|Body Press|p1b: Garchomp\n|-activate|p1b: Garchomp|move: Protect\n|\n|-heal|p2a: Corviknight|99/100|[from] item: Leftovers\n|upkeep\n|turn|11\n|\n|t:|1776538441\n|move|p1b: Garchomp|Earthquake|p2a: Corviknight|[spread] p2b\n|-immune|p1a: Corviknight\n|-immune|p2a: Corviknight\n|-supereffective|p2b: Excadrill|1\n|-damage|p2b: Excadrill|0 fnt\n|faint|p2b: Excadrill\n|move|p1a: Corviknight|Body Press|p2a: Corviknight\n|-damage|p2a: Corviknight|82/100\n|move|p2a: Corviknight|Body Press|p1b: Garchomp\n|-damage|p1b: Garchomp|23/100\n|\n|-heal|p2a: Corviknight|88/100|[from] item: Leftovers\n|upkeep\n|\n|t:|1776538449\n|switch|p2b: Sneasler|Sneasler, L50, F|100/100\n|turn|12\n|\n|t:|1776538463\n|move|p2b: Sneasler|Fake Out|p1a: Corviknight\n|-resisted|p1a: Corviknight|1\n|-damage|p1a: Corviknight|99/100\n|move|p1b: Garchomp|Earthquake|p2b: Sneasler|[spread] p2b\n|-immune|p1a: Corviknight\n|-immune|p2a: Corviknight\n|-supereffective|p2b: Sneasler|1\n|-damage|p2b: Sneasler|0 fnt\n|faint|p2b: Sneasler\n|cant|p1a: Corviknight|flinch\n|move|p2a: Corviknight|Body Press|p1a: Corviknight\n|-damage|p1a: Corviknight|83/100\n|\n|-heal|p2a: Corviknight|94/100|[from] item: Leftovers\n|upkeep\n|\n|t:|1776538470\n|switch|p2b: Tyranitar|Tyranitar, L50, M|100/100\n|-weather|Sandstorm|[from] ability: Sand Stream|[of] p2b: Tyranitar\n|turn|13\n|\n|t:|1776538483\n|move|p1b: Garchomp|Protect|p1b: Garchomp\n|-singleturn|p1b: Garchomp|Protect\n|move|p2b: Tyranitar|Protect|p2b: Tyranitar\n|-singleturn|p2b: Tyranitar|Protect\n|move|p1a: Corviknight|Body Press|p2b: Tyranitar\n|-activate|p2b: Tyranitar|move: Protect\n|move|p2a: Corviknight|Brave Bird|p1b: Garchomp\n|-activate|p1b: Garchomp|move: Protect\n|\n|-weather|Sandstorm|[upkeep]\n|-heal|p2a: Corviknight|99/100|[from] item: Leftovers\n|upkeep\n|turn|14\n|\n|t:|1776538493\n|detailschange|p2b: Tyranitar|Tyranitar-Mega, L50, M\n|-mega|p2b: Tyranitar|Tyranitar|Tyranitarite\n|move|p1b: Garchomp|Earthquake|p2b: Tyranitar|[spread] p2b\n|-immune|p1a: Corviknight\n|-immune|p2a: Corviknight\n|-supereffective|p2b: Tyranitar|1\n|-damage|p2b: Tyranitar|53/100\n|move|p1a: Corviknight|Body Press|p2b: Tyranitar\n|-supereffective|p2b: Tyranitar|2\n|-damage|p2b: Tyranitar|0 fnt\n|faint|p2b: Tyranitar\n|move|p2a: Corviknight|Brave Bird|p1b: Garchomp\n|-damage|p1b: Garchomp|0 fnt\n|faint|p1b: Garchomp\n|-damage|p2a: Corviknight|93/100|[from] Recoil\n|\n|-weather|Sandstorm|[upkeep]\n|-heal|p2a: Corviknight|99/100|[from] item: Leftovers\n|upkeep\n|\n|t:|1776538507\n|switch|p1b: Sinistcha|Sinistcha, L50|43/100\n|-heal|p1a: Corviknight|100/100|[from] ability: Hospitality|[of] p1b: Sinistcha\n|turn|15\n|\n|t:|1776538522\n|move|p1a: Corviknight|Body Press|p2a: Corviknight\n|-damage|p2a: Corviknight|81/100\n|move|p1b: Sinistcha|Strength Sap|p2a: Corviknight\n|-ability|p2a: Corviknight|Mirror Armor\n|-unboost|p1b: Sinistcha|atk|1\n|-heal|p1b: Sinistcha|100/100\n|move|p2a: Corviknight|Brave Bird|p1b: Sinistcha\n|-supereffective|p1b: Sinistcha|1\n|-damage|p1b: Sinistcha|25/100\n|-damage|p2a: Corviknight|60/100|[from] Recoil\n|\n|-weather|Sandstorm|[upkeep]\n|-damage|p1b: Sinistcha|19/100|[from] Sandstorm\n|-heal|p1b: Sinistcha|25/100|[from] item: Leftovers\n|-heal|p2a: Corviknight|66/100|[from] item: Leftovers\n|upkeep\n|turn|16\n|\n|t:|1776538537\n|move|p1a: Corviknight|Body Press|p2a: Corviknight\n|-damage|p2a: Corviknight|49/100\n|move|p1b: Sinistcha|Strength Sap|p2a: Corviknight\n|-ability|p2a: Corviknight|Mirror Armor\n|-unboost|p1b: Sinistcha|atk|1\n|-heal|p1b: Sinistcha|86/100\n|move|p2a: Corviknight|Brave Bird|p1b: Sinistcha\n|-supereffective|p1b: Sinistcha|1\n|-damage|p1b: Sinistcha|12/100\n|-damage|p2a: Corviknight|27/100|[from] Recoil\n|\n|-weather|Sandstorm|[upkeep]\n|-damage|p1b: Sinistcha|6/100|[from] Sandstorm\n|-heal|p1b: Sinistcha|12/100|[from] item: Leftovers\n|-heal|p2a: Corviknight|33/100|[from] item: Leftovers\n|upkeep\n|turn|17\n|inactive|Lyph88 has 30 seconds left.\n|inactive|Lyph88 has 20 seconds left.\n|\n|t:|1776538573\n|move|p1a: Corviknight|Brave Bird|p2a: Corviknight\n|-resisted|p2a: Corviknight|1\n|-damage|p2a: Corviknight|29/100\n|-damage|p1a: Corviknight|99/100|[from] Recoil\n|move|p1b: Sinistcha|Strength Sap|p2a: Corviknight\n|-ability|p2a: Corviknight|Mirror Armor\n|-unboost|p1b: Sinistcha|atk|1\n|-heal|p1b: Sinistcha|74/100\n|move|p2a: Corviknight|Roost|p2a: Corviknight\n|-heal|p2a: Corviknight|79/100\n|-singleturn|p2a: Corviknight|move: Roost\n|\n|-weather|none\n|-heal|p1b: Sinistcha|80/100|[from] item: Leftovers\n|-heal|p2a: Corviknight|85/100|[from] item: Leftovers\n|upkeep\n|turn|18\n|\n|t:|1776538591\n|move|p1a: Corviknight|Brave Bird|p2a: Corviknight\n|-resisted|p2a: Corviknight|1\n|-damage|p2a: Corviknight|80/100\n|-damage|p1a: Corviknight|97/100|[from] Recoil\n|move|p1b: Sinistcha|Strength Sap|p2a: Corviknight\n|-ability|p2a: Corviknight|Mirror Armor\n|-unboost|p1b: Sinistcha|atk|1\n|-heal|p1b: Sinistcha|100/100\n|move|p2a: Corviknight|Body Press|p1a: Corviknight\n|-damage|p1a: Corviknight|80/100\n|\n|-heal|p2a: Corviknight|86/100|[from] item: Leftovers\n|upkeep\n|turn|19\n|inactive|Lyph88 has 30 seconds left.\n|inactive|Lyph88 has 20 seconds left.\n|inactive|Lyph88 has 15 seconds left.\n|inactive|Lyph88 has 10 seconds left.\n|\n|t:|1776538640\n|move|p1a: Corviknight|Brave Bird|p2a: Corviknight\n|-resisted|p2a: Corviknight|1\n|-damage|p2a: Corviknight|82/100\n|-damage|p1a: Corviknight|78/100|[from] Recoil\n|move|p1b: Sinistcha|Life Dew||[still]|[spread] p1a,p1b\n|-heal|p1a: Corviknight|100/100\n|-fail|p1b: Sinistcha|heal\n|move|p2a: Corviknight|Brave Bird|p1b: Sinistcha\n|-supereffective|p1b: Sinistcha|1\n|-damage|p1b: Sinistcha|33/100\n|-damage|p2a: Corviknight|62/100|[from] Recoil\n|\n|-heal|p1b: Sinistcha|39/100|[from] item: Leftovers\n|-heal|p2a: Corviknight|68/100|[from] item: Leftovers\n|upkeep\n|turn|20\n|inactive|Lyph88 has 30 seconds left.\n|inactive|Lyph88 has 20 seconds left.\n|\n|t:|1776538678\n|move|p1a: Corviknight|Tailwind|p1a: Corviknight\n|-sidestart|p1: Lyph88|move: Tailwind\n|move|p1b: Sinistcha|Strength Sap|p2a: Corviknight\n|-ability|p2a: Corviknight|Mirror Armor\n|-unboost|p1b: Sinistcha|atk|1\n|-heal|p1b: Sinistcha|100/100\n|move|p2a: Corviknight|Brave Bird|p1b: Sinistcha\n|-supereffective|p1b: Sinistcha|1\n|-damage|p1b: Sinistcha|26/100\n|-damage|p2a: Corviknight|47/100|[from] Recoil\n|\n|-heal|p1b: Sinistcha|33/100|[from] item: Leftovers\n|-heal|p2a: Corviknight|53/100|[from] item: Leftovers\n|upkeep\n|turn|21\n|\n|t:|1776538698\n|move|p1a: Corviknight|Brave Bird|p2a: Corviknight\n|-resisted|p2a: Corviknight|1\n|-damage|p2a: Corviknight|49/100\n|-damage|p1a: Corviknight|99/100|[from] Recoil\n|move|p1b: Sinistcha|Strength Sap|p2a: Corviknight\n|-ability|p2a: Corviknight|Mirror Armor\n|-unboost|p1b: Sinistcha|atk|1\n|-heal|p1b: Sinistcha|94/100\n|move|p2a: Corviknight|Brave Bird|p1b: Sinistcha\n|-supereffective|p1b: Sinistcha|1\n|-damage|p1b: Sinistcha|26/100\n|-damage|p2a: Corviknight|29/100|[from] Recoil\n|\n|-heal|p1b: Sinistcha|33/100|[from] item: Leftovers\n|-heal|p2a: Corviknight|35/100|[from] item: Leftovers\n|upkeep\n|turn|22\n|c|\u2606Lyph88|what is this game\n|inactive|Lyph88 has 30 seconds left.\n|\n|t:|1776538714\n|move|p1a: Corviknight|Brave Bird|p2a: Corviknight\n|-resisted|p2a: Corviknight|1\n|-damage|p2a: Corviknight|31/100\n|-damage|p1a: Corviknight|97/100|[from] Recoil\n|move|p1b: Sinistcha|Strength Sap|p2a: Corviknight\n|-ability|p2a: Corviknight|Mirror Armor\n|-unboost|p1b: Sinistcha|atk|0\n|-heal|p1b: Sinistcha|94/100\n|move|p2a: Corviknight|Brave Bird|p1b: Sinistcha\n|-supereffective|p1b: Sinistcha|1\n|-damage|p1b: Sinistcha|23/100\n|-damage|p2a: Corviknight|10/100|[from] Recoil\n|\n|-heal|p1b: Sinistcha|29/100|[from] item: Leftovers\n|-heal|p2a: Corviknight|16/100|[from] item: Leftovers\n|upkeep\n|turn|23\n|inactive|Lyph88 has 25 seconds left this turn.\n|inactive|Lyph88 has 20 seconds left.\n|inactive|Lyph88 has 15 seconds left.\n|\n|t:|1776538728\n|move|p1a: Corviknight|Brave Bird|p2a: Corviknight\n|-resisted|p2a: Corviknight|1\n|-damage|p2a: Corviknight|12/100\n|-damage|p1a: Corviknight|96/100|[from] Recoil\n|move|p1b: Sinistcha|Strength Sap|p2a: Corviknight\n|-ability|p2a: Corviknight|Mirror Armor\n|-unboost|p1b: Sinistcha|atk|0\n|-heal|p1b: Sinistcha|90/100\n|move|p2a: Corviknight|Roost|p2a: Corviknight\n|-heal|p2a: Corviknight|62/100\n|-singleturn|p2a: Corviknight|move: Roost\n|\n|-heal|p1b: Sinistcha|97/100|[from] item: Leftovers\n|-heal|p2a: Corviknight|68/100|[from] item: Leftovers\n|-sideend|p1: Lyph88|move: Tailwind\n|upkeep\n|turn|24\n|inactive|Lyph88 has 15 seconds left this turn.\n|inactive|Lyph88 has 10 seconds left.\n|inactive|Lyph88 has 5 seconds left.\n|\n|t:|1776538738\n|move|p1a: Corviknight|Brave Bird|p2a: Corviknight\n|-resisted|p2a: Corviknight|1\n|-damage|p2a: Corviknight|63/100\n|-damage|p1a: Corviknight|94/100|[from] Recoil\n|move|p1b: Sinistcha|Strength Sap|p2a: Corviknight\n|-ability|p2a: Corviknight|Mirror Armor\n|-unboost|p1b: Sinistcha|atk|0\n|-heal|p1b: Sinistcha|100/100\n|move|p2a: Corviknight|Iron Defense|p2a: Corviknight\n|-boost|p2a: Corviknight|def|0\n|\n|-heal|p2a: Corviknight|69/100|[from] item: Leftovers\n|upkeep\n|turn|25\n|inactive|Lyph88 has 5 seconds left this turn.\n|-message|Lyph88 lost due to inactivity.\n|\n|win|Sergimedina\n|raw|Lyph88's rating: 1310 &rarr; <strong>1294</strong><br />(-16 for losing)\n|raw|Sergimedina's rating: 1374 &rarr; <strong>1390</strong><br />(+16 for winning)\n|l|\u203dSergimedina\n|player|p2|\n",
  "uploadtime": 1776538765,
  "views": 26,
  "formatid": "gen9championsvgc2026regma",
  "rating": 1294,
  "private": 0,
  "password": null
}