{
  "id": "gen9championsvgc2026regma-2588801283",
  "format": "[Gen 9 Champions] VGC 2026 Reg M-A",
  "players": [
    "mizutiga",
    "kjnxx"
  ],
  "log": "|j|\u2606mizutiga\n|j|\u2606kjnxx\n|t:|1776672545\n|gametype|doubles\n|player|p1|mizutiga|266|1107\n|player|p2|kjnxx|265|1103\n|gen|9\n|tier|[Gen 9 Champions] VGC 2026 Reg M-A\n|rated|\n|rule|Species Clause: Limit one of each Pok\u00e9mon\n|rule|Item Clause: Limit 1 of each item\n|clearpoke\n|poke|p1|Serperior, L50, F, shiny|\n|poke|p1|Incineroar, L50, M|\n|poke|p1|Tauros-Paldea-Aqua, L50, M|\n|poke|p1|Pelipper, L50, M|\n|poke|p1|Dragonite, L50, F|\n|poke|p1|Milotic, L50, M|\n|poke|p2|Wyrdeer, L50, F|\n|poke|p2|Camerupt, L50, F|\n|poke|p2|Azumarill, L50, M|\n|poke|p2|Archaludon, L50, F|\n|poke|p2|Pelipper, L50, M|\n|poke|p2|Dragonite, L50, M|\n|teampreview|4\n|\n|t:|1776672577\n|teamsize|p1|4\n|teamsize|p2|4\n|start\n|switch|p1a: Serperior|Serperior, L50, F, shiny|100/100\n|switch|p1b: Incineroar|Incineroar, L50, M|100/100\n|switch|p2a: Wyrdeer|Wyrdeer, L50, F|100/100\n|switch|p2b: Archaludon|Archaludon, L50, F|100/100\n|-ability|p1b: Incineroar|Intimidate|boost\n|-unboost|p2a: Wyrdeer|atk|1\n|-unboost|p2b: Archaludon|atk|1\n|-ability|p2a: Wyrdeer|Intimidate|boost\n|-boost|p1a: Serperior|atk|1\n|-unboost|p1b: Incineroar|atk|1\n|turn|1\n|\n|t:|1776672597\n|move|p1b: Incineroar|Fake Out|p2a: Wyrdeer\n|-crit|p2a: Wyrdeer\n|-damage|p2a: Wyrdeer|81/100\n|move|p1a: Serperior|Leech Seed|p2b: Archaludon\n|-start|p2b: Archaludon|move: Leech Seed\n|move|p2b: Archaludon|Mirror Coat||[still]\n|-fail|p2b: Archaludon\n|cant|p2a: Wyrdeer|flinch\n|\n|-damage|p2b: Archaludon|88/100|[from] Leech Seed|[of] p1a: Serperior\n|upkeep\n|turn|2\n|\n|t:|1776672616\n|move|p1a: Serperior|Dragon Pulse|p2b: Archaludon\n|-damage|p2b: Archaludon|70/100\n|move|p2b: Archaludon|Draco Meteor|p1a: Serperior\n|-damage|p1a: Serperior|34/100\n|-unboost|p2b: Archaludon|spa|2\n|move|p1b: Incineroar|Darkest Lariat|p2a: Wyrdeer\n|-supereffective|p2a: Wyrdeer|1\n|-enditem|p2a: Wyrdeer|Colbur Berry|[eat]\n|-enditem|p2a: Wyrdeer|Colbur Berry|[weaken]\n|-damage|p2a: Wyrdeer|58/100\n|move|p2a: Wyrdeer|Trick Room|p2a: Wyrdeer\n|-fieldstart|move: Trick Room|[of] p2a: Wyrdeer\n|\n|-damage|p2b: Archaludon|58/100|[from] Leech Seed|[of] p1a: Serperior\n|-heal|p1a: Serperior|50/100|[silent]\n|upkeep\n|turn|3\n|\n|t:|1776672638\n|switch|p2b: Azumarill|Azumarill, L50, M|100/100\n|move|p1a: Serperior|Protect|p1a: Serperior\n|-singleturn|p1a: Serperior|Protect\n|move|p2a: Wyrdeer|Psyshield Bash|p1a: Serperior\n|-activate|p1a: Serperior|move: Protect\n|move|p1b: Incineroar|Darkest Lariat|p2a: Wyrdeer\n|-supereffective|p2a: Wyrdeer|1\n|-damage|p2a: Wyrdeer|8/100\n|\n|upkeep\n|turn|4\n|\n|t:|1776672664\n|switch|p1a: Dragonite|Dragonite, L50, F|100/100\n|move|p2b: Azumarill|Liquidation|p1b: Incineroar\n|-supereffective|p1b: Incineroar|1\n|-damage|p1b: Incineroar|0 fnt\n|faint|p1b: Incineroar\n|move|p2a: Wyrdeer|Psyshield Bash|p1a: Dragonite\n|-damage|p1a: Dragonite|91/100\n|-boost|p2a: Wyrdeer|def|1\n|\n|upkeep\n|\n|t:|1776672679\n|switch|p1b: Tauros|Tauros-Paldea-Aqua, L50, M|100/100\n|-ability|p1b: Tauros|Intimidate|boost\n|-unboost|p2a: Wyrdeer|atk|1\n|-unboost|p2b: Azumarill|atk|1\n|turn|5\n|\n|t:|1776672691\n|detailschange|p1a: Dragonite|Dragonite-Mega, L50, F\n|-mega|p1a: Dragonite|Dragonite|Dragoninite\n|move|p1b: Tauros|Aqua Jet|p2a: Wyrdeer\n|-damage|p2a: Wyrdeer|0 fnt\n|faint|p2a: Wyrdeer\n|move|p2b: Azumarill|Ice Spinner|p1a: Dragonite\n|-supereffective|p1a: Dragonite|2\n|-damage|p1a: Dragonite|19/100\n|move|p1a: Dragonite|Thunder|p2b: Azumarill|[miss]\n|-miss|p1a: Dragonite|p2b: Azumarill\n|\n|upkeep\n|\n|t:|1776672706\n|switch|p2a: Dragonite|Dragonite, L50, M|100/100\n|turn|6\n|\n|t:|1776672722\n|switch|p1a: Serperior|Serperior, L50, F, shiny|50/100\n|move|p1b: Tauros|Protect|p1b: Tauros\n|-singleturn|p1b: Tauros|Protect\n|move|p2a: Dragonite|Extreme Speed|p1a: Serperior\n|-damage|p1a: Serperior|18/100\n|move|p2b: Azumarill|Play Rough|p1b: Tauros\n|-activate|p1b: Tauros|move: Protect\n|\n|-fieldend|move: Trick Room\n|upkeep\n|turn|7\n|\n|t:|1776672753\n|move|p2a: Dragonite|Extreme Speed|p1a: Serperior\n|-damage|p1a: Serperior|0 fnt\n|faint|p1a: Serperior\n|move|p1b: Tauros|Close Combat|p2a: Dragonite\n|-resisted|p2a: Dragonite|1\n|-damage|p2a: Dragonite|69/100\n|-unboost|p1b: Tauros|def|1\n|-unboost|p1b: Tauros|spd|1\n|-enditem|p1b: Tauros|White Herb\n|-clearnegativeboost|p1b: Tauros|[silent]\n|move|p2b: Azumarill|Play Rough|p1b: Tauros|[miss]\n|-miss|p2b: Azumarill|p1b: Tauros\n|\n|upkeep\n|\n|t:|1776672756\n|switch|p1a: Dragonite|Dragonite-Mega, L50, F|19/100\n|turn|8\n|\n|t:|1776672770\n|move|p2a: Dragonite|Extreme Speed|p1a: Dragonite\n|-damage|p1a: Dragonite|1/100\n|move|p1b: Tauros|Aqua Jet|p2a: Dragonite\n|-resisted|p2a: Dragonite|1\n|-damage|p2a: Dragonite|59/100\n|move|p1a: Dragonite|Draco Meteor|p2a: Dragonite\n|-supereffective|p2a: Dragonite|1\n|-damage|p2a: Dragonite|0 fnt\n|-unboost|p1a: Dragonite|spa|2\n|faint|p2a: Dragonite\n|move|p2b: Azumarill|Play Rough|p1b: Tauros\n|-supereffective|p1b: Tauros|1\n|-damage|p1b: Tauros|12/100\n|\n|upkeep\n|\n|t:|1776672779\n|switch|p2a: Archaludon|Archaludon, L50, F|58/100\n|turn|9\n|\n|t:|1776672789\n|move|p2b: Azumarill|Aqua Jet|p1a: Dragonite\n|-resisted|p1a: Dragonite|1\n|-damage|p1a: Dragonite|0 fnt\n|faint|p1a: Dragonite\n|move|p1b: Tauros|Close Combat|p2a: Archaludon\n|-supereffective|p2a: Archaludon|1\n|-damage|p2a: Archaludon|0 fnt\n|-unboost|p1b: Tauros|def|1\n|-unboost|p1b: Tauros|spd|1\n|faint|p2a: Archaludon\n|\n|upkeep\n|turn|10\n|\n|t:|1776672813\n|move|p1b: Tauros|Aqua Jet|p2b: Azumarill\n|-resisted|p2b: Azumarill|1\n|-damage|p2b: Azumarill|91/100\n|move|p2b: Azumarill|Aqua Jet|p1b: Tauros\n|-resisted|p1b: Tauros|1\n|-damage|p1b: Tauros|0 fnt\n|faint|p1b: Tauros\n|\n|win|kjnxx\n|raw|mizutiga's rating: 1107 &rarr; <strong>1082</strong><br />(-25 for losing)\n|raw|kjnxx's rating: 1103 &rarr; <strong>1128</strong><br />(+25 for winning)\n|l|\u2606mizutiga\n|player|p1|\n",
  "uploadtime": 1776672817,
  "views": 12,
  "formatid": "gen9championsvgc2026regma",
  "rating": 1082,
  "private": 0,
  "password": null
}