{
  "id": "gen9championsvgc2026regma-2588715273",
  "format": "[Gen 9 Champions] VGC 2026 Reg M-A",
  "players": [
    "onescoopmann",
    "Perhaps47"
  ],
  "log": "|j|\u2606onescoopmann\n|j|\u2606Perhaps47\n|t:|1776661158\n|gametype|doubles\n|player|p1|onescoopmann|266|1108\n|player|p2|Perhaps47|cynthia|1144\n|gen|9\n|tier|[Gen 9 Champions] VGC 2026 Reg M-A\n|rated|\n|rule|Species Clause: Limit one of each Pok\u00e9mon\n|rule|Item Clause: Limit 1 of each item\n|clearpoke\n|poke|p1|Floette-Eternal, L50, F|\n|poke|p1|Sinistcha, L50|\n|poke|p1|Sneasler, L50, M|\n|poke|p1|Incineroar, L50, M|\n|poke|p1|Aerodactyl, L50, M|\n|poke|p1|Garchomp, L50, M|\n|poke|p2|Aggron, L50, M|\n|poke|p2|Farigiraf, L50, F|\n|poke|p2|Tyranitar, L50, F|\n|poke|p2|Rotom-Wash, L50|\n|poke|p2|Hatterene, L50, F|\n|poke|p2|Excadrill, L50, M|\n|teampreview|4\nonescoopmann has agreed to open team sheets.\n|\n|t:|1776661186\n|teamsize|p1|4\n|teamsize|p2|4\n|start\n|switch|p1a: Floette|Floette-Eternal, L50, F|100/100\n|switch|p1b: Sneasler|Sneasler, L50, M|100/100\n|switch|p2a: Farigiraf|Farigiraf, L50, F|100/100\n|switch|p2b: Hatterene|Hatterene, L50, F|100/100\n|turn|1\n|inactive|Battle timer is ON: inactive players will automatically lose when time's up. (requested by Perhaps47)\n|\n|t:|1776661216\n|detailschange|p1a: Floette|Floette-Mega, L50, F\n|-mega|p1a: Floette|Floette|Floettite\n|-ability|p1a: Floette|Fairy Aura\n|move|p1b: Sneasler|Close Combat|p2a: Farigiraf\n|-damage|p2a: Farigiraf|37/100\n|-unboost|p1b: Sneasler|def|1\n|-unboost|p1b: Sneasler|spd|1\n|-enditem|p1b: Sneasler|White Herb\n|-clearnegativeboost|p1b: Sneasler|[silent]\n|move|p1a: Floette|Moonblast|p2a: Farigiraf\n|-damage|p2a: Farigiraf|0 fnt\n|faint|p2a: Farigiraf\n|move|p2b: Hatterene|Psychic|p1b: Sneasler\n|-supereffective|p1b: Sneasler|2\n|-damage|p1b: Sneasler|0 fnt\n|faint|p1b: Sneasler\n|\n|upkeep\n|\n|t:|1776661233\n|switch|p1b: Garchomp|Garchomp, L50, M|100/100\n|switch|p2a: Aggron|Aggron, L50, M|100/100\n|turn|2\n|\n|t:|1776661242\n|detailschange|p2a: Aggron|Aggron-Mega, L50, M\n|-mega|p2a: Aggron|Aggron|Aggronite\n|move|p1a: Floette|Protect|p1a: Floette\n|-singleturn|p1a: Floette|Protect\n|move|p1b: Garchomp|Earthquake|p2b: Hatterene|[spread] p2a,p2b\n|-activate|p1a: Floette|move: Protect\n|-supereffective|p2a: Aggron|1\n|-damage|p2a: Aggron|73/100\n|-damage|p2b: Hatterene|56/100\n|move|p2a: Aggron|Iron Head|p1a: Floette\n|-activate|p1a: Floette|move: Protect\n|move|p2b: Hatterene|Trick Room|p2b: Hatterene\n|-fieldstart|move: Trick Room|[of] p2b: Hatterene\n|\n|upkeep\n|turn|3\n|\n|t:|1776661261\n|switch|p1a: Sinistcha|Sinistcha, L50|100/100\n|move|p2b: Hatterene|Dazzling Gleam|p1a: Sinistcha|[spread] p1a,p1b\n|-supereffective|p1b: Garchomp|1\n|-damage|p1a: Sinistcha|69/100\n|-damage|p1b: Garchomp|24/100\n|move|p2a: Aggron|Iron Head|p1a: Sinistcha\n|-damage|p1a: Sinistcha|35/100\n|-enditem|p1a: Sinistcha|Sitrus Berry|[eat]\n|-heal|p1a: Sinistcha|60/100|[from] item: Sitrus Berry\n|move|p1b: Garchomp|Stomping Tantrum|p2a: Aggron\n|-supereffective|p2a: Aggron|1\n|-damage|p2a: Aggron|47/100\n|\n|upkeep\n|turn|4\n|\n|t:|1776661278\n|move|p1b: Garchomp|Protect|p1b: Garchomp\n|-singleturn|p1b: Garchomp|Protect\n|move|p2b: Hatterene|Dazzling Gleam|p1a: Sinistcha|[spread] p1a\n|-activate|p1b: Garchomp|move: Protect\n|-damage|p1a: Sinistcha|28/100\n|move|p2a: Aggron|Iron Defense|p2a: Aggron\n|-boost|p2a: Aggron|def|2\n|move|p1a: Sinistcha|Trick Room|p1a: Sinistcha\n|-fieldend|move: Trick Room\n|\n|upkeep\n|turn|5\n|\n|t:|1776661296\n|move|p1b: Garchomp|Earthquake|p2b: Hatterene|[spread] p1a,p2a,p2b\n|-resisted|p1a: Sinistcha|1\n|-supereffective|p2a: Aggron|1\n|-crit|p2b: Hatterene\n|-damage|p1a: Sinistcha|12/100\n|-damage|p2a: Aggron|33/100\n|-damage|p2b: Hatterene|0 fnt\n|faint|p2b: Hatterene\n|move|p1a: Sinistcha|Matcha Gotcha|p2a: Aggron\n|-resisted|p2a: Aggron|1\n|-damage|p2a: Aggron|15/100\n|-heal|p1a: Sinistcha|22/100|[from] drain|[of] p2a: Aggron\n|move|p2a: Aggron|Iron Defense|p2a: Aggron\n|-boost|p2a: Aggron|def|2\n|\n|upkeep\n|\n|t:|1776661300\n|switch|p2b: Excadrill|Excadrill, L50, M|100/100\n|turn|6\n|\n|t:|1776661316\n|move|p2b: Excadrill|Rock Slide|p1a: Sinistcha|[spread] p1b\n|-miss|p2b: Excadrill|p1a: Sinistcha\n|-resisted|p1b: Garchomp|1\n|-damage|p1b: Garchomp|15/100\n|move|p1b: Garchomp|Earthquake|p2a: Aggron|[spread] p1a,p2a,p2b\n|-resisted|p1a: Sinistcha|1\n|-supereffective|p2a: Aggron|1\n|-supereffective|p2b: Excadrill|1\n|-crit|p2b: Excadrill\n|-damage|p1a: Sinistcha|6/100\n|-damage|p2a: Aggron|7/100\n|-damage|p2b: Excadrill|0 fnt\n|faint|p2b: Excadrill\n|move|p1a: Sinistcha|Life Dew|p1a: Sinistcha|[spread] p1a,p1b\n|-heal|p1a: Sinistcha|31/100\n|-heal|p1b: Garchomp|40/100\n|move|p2a: Aggron|Iron Head|p1b: Garchomp\n|-damage|p1b: Garchomp|5/100\n|-damage|p2a: Aggron|0 fnt|[from] ability: Rough Skin|[of] p1b: Garchomp\n|faint|p2a: Aggron\n|\n|win|onescoopmann\n|raw|onescoopmann's rating: 1108 &rarr; <strong>1136</strong><br />(+28 for winning)\n|raw|Perhaps47's rating: 1144 &rarr; <strong>1116</strong><br />(-28 for losing)\n|l|\u2606Perhaps47\n|player|p2|\n|c|\u2606onescoopmann|gg\n",
  "uploadtime": 1776661345,
  "views": 6,
  "formatid": "gen9championsvgc2026regma",
  "rating": 1116,
  "private": 0,
  "password": null
}