{
  "id": "gen9championsvgc2026regma-2588838575",
  "format": "[Gen 9 Champions] VGC 2026 Reg M-A",
  "players": [
    "agent_x001",
    "Katsuuh"
  ],
  "log": "|j|\u2606agent_x001\n|j|\u2606Katsuuh\n|t:|1776677058\n|gametype|doubles\n|player|p1|agent_x001|170|1045\n|player|p2|Katsuuh|n|1029\n|gen|9\n|tier|[Gen 9 Champions] VGC 2026 Reg M-A\n|rated|\n|rule|Species Clause: Limit one of each Pok\u00e9mon\n|rule|Item Clause: Limit 1 of each item\n|clearpoke\n|poke|p1|Whimsicott, L50, M|\n|poke|p1|Venusaur, L50, F|\n|poke|p1|Typhlosion-Hisui, L50, F|\n|poke|p1|Milotic, L50, M|\n|poke|p1|Dragonite, L50, M|\n|poke|p1|Garchomp, L50, M|\n|poke|p2|Whimsicott, L50, M|\n|poke|p2|Palafin, L50, F|\n|poke|p2|Sneasler, L50, F|\n|poke|p2|Kingambit, L50, M|\n|poke|p2|Greninja, L50, F|\n|poke|p2|Typhlosion-Hisui, L50, M|\n|teampreview|4\n|inactive|Battle timer is ON: inactive players will automatically lose when time's up. (requested by Katsuuh)\n|inactive|agent_x001 has 60 seconds left.\n|inactive|agent_x001 has 30 seconds left.\n|\n|t:|1776677119\n|teamsize|p1|4\n|teamsize|p2|4\n|start\n|switch|p1a: Whimsicott|Whimsicott, L50, M|100/100\n|switch|p1b: Garchomp|Garchomp, L50, M|100/100\n|switch|p2a: Sneasler|Sneasler, L50, F|100/100\n|switch|p2b: Whimsicott|Whimsicott, L50, M|100/100\n|turn|1\n|\n|t:|1776677143\n|move|p2a: Sneasler|Fake Out|p1b: Garchomp\n|-damage|p1b: Garchomp|85/100\n|-damage|p2a: Sneasler|88/100|[from] ability: Rough Skin|[of] p1b: Garchomp\n|move|p2b: Whimsicott|Tailwind|p2b: Whimsicott\n|-sidestart|p2: Katsuuh|move: Tailwind\n|move|p1a: Whimsicott|Moonblast|p2a: Sneasler\n|-crit|p2a: Sneasler\n|-damage|p2a: Sneasler|34/100\n|cant|p1b: Garchomp|flinch\n|\n|upkeep\n|turn|2\n|inactive|Katsuuh has 30 seconds left.\n|\n|t:|1776677170\n|move|p1a: Whimsicott|Encore|p2a: Sneasler\n|-start|p2a: Sneasler|Encore\n|move|p2a: Sneasler|Fake Out||[still]\n|-hint|Fake Out only works on your first turn out.\n|-fail|p2a: Sneasler\n|move|p2b: Whimsicott|Moonblast|p1b: Garchomp\n|-supereffective|p1b: Garchomp|1\n|-damage|p1b: Garchomp|28/100\n|move|p1b: Garchomp|Earthquake|p2a: Sneasler|[spread] p1a,p2a,p2b\n|-resisted|p1a: Whimsicott|1\n|-supereffective|p2a: Sneasler|1\n|-resisted|p2b: Whimsicott|1\n|-damage|p1a: Whimsicott|70/100\n|-damage|p2a: Sneasler|0 fnt\n|-damage|p2b: Whimsicott|80/100\n|faint|p2a: Sneasler\n|\n|upkeep\n|\n|t:|1776677176\n|switch|p2a: Greninja|Greninja, L50, F|100/100\n|turn|3\n|inactive|agent_x001 has 30 seconds left.\n|inactive|agent_x001 has 20 seconds left.\n|\n|t:|1776677211\n|switch|p1b: Milotic|Milotic, L50, M|100/100\n|detailschange|p2a: Greninja|Greninja-Mega, L50, F\n|-mega|p2a: Greninja|Greninja|Greninjite\n|move|p1a: Whimsicott|Tailwind|p1a: Whimsicott\n|-sidestart|p1: agent_x001|move: Tailwind\n|move|p2a: Greninja|Ice Beam|p1b: Milotic\n|-start|p2a: Greninja|typechange|Ice|[from] ability: Protean\n|-resisted|p1b: Milotic|1\n|-damage|p1b: Milotic|87/100\n|move|p2b: Whimsicott|Moonblast|p1a: Whimsicott\n|-damage|p1a: Whimsicott|37/100\n|\n|-heal|p1b: Milotic|93/100|[from] item: Leftovers\n|upkeep\n|turn|4\n|inactive|agent_x001 has 30 seconds left.\n|\n|t:|1776677241\n|switch|p2a: Kingambit|Kingambit, L50, M|100/100\n|move|p2b: Whimsicott|Protect|p2b: Whimsicott\n|-singleturn|p2b: Whimsicott|Protect\n|move|p1a: Whimsicott|Sunny Day|p1a: Whimsicott\n|-weather|SunnyDay\n|move|p1b: Milotic|Icy Wind|p2a: Kingambit|[spread] p2a\n|-activate|p2b: Whimsicott|move: Protect\n|-resisted|p2a: Kingambit|1\n|-damage|p2a: Kingambit|95/100\n|-unboost|p2a: Kingambit|spe|1\n|-ability|p2a: Kingambit|Defiant|boost\n|-boost|p2a: Kingambit|atk|2\n|\n|-weather|SunnyDay|[upkeep]\n|-heal|p1b: Milotic|99/100|[from] item: Leftovers\n|-sideend|p2: Katsuuh|move: Tailwind\n|upkeep\n|turn|5\n|inactive|agent_x001 has 30 seconds left.\n|inactive|agent_x001 has 20 seconds left.\n|inactive|agent_x001 has 15 seconds left.\n|inactive|agent_x001 has 10 seconds left.\n|inactive|agent_x001 has 5 seconds left.\n|\n|t:|1776677296\n|move|p1a: Whimsicott|Tailwind||[still]\n|-fail|p1a: Whimsicott\n|move|p2b: Whimsicott|Tailwind|p2b: Whimsicott\n|-sidestart|p2: Katsuuh|move: Tailwind\n|move|p1b: Milotic|Scald|p2b: Whimsicott\n|-resisted|p2b: Whimsicott|1\n|-damage|p2b: Whimsicott|71/100\n|move|p2a: Kingambit|Kowtow Cleave|p1b: Milotic\n|-damage|p1b: Milotic|0 fnt\n|faint|p1b: Milotic\n|\n|-weather|SunnyDay|[upkeep]\n|upkeep\n|\n|t:|1776677312\n|switch|p1b: Dragonite|Dragonite, L50, M|100/100\n|turn|6\n|\n|t:|1776677326\n|detailschange|p1b: Dragonite|Dragonite-Mega, L50, M\n|-mega|p1b: Dragonite|Dragonite|Dragoninite\n|move|p2a: Kingambit|Protect|p2a: Kingambit\n|-singleturn|p2a: Kingambit|Protect\n|move|p1a: Whimsicott|Moonblast|p2a: Kingambit\n|-activate|p2a: Kingambit|move: Protect\n|move|p1b: Dragonite|Heat Wave|p2a: Kingambit|[spread] \n|-activate|p2a: Kingambit|move: Protect\n|-miss|p1b: Dragonite|p2b: Whimsicott\n|move|p2b: Whimsicott|Moonblast|p1b: Dragonite\n|-supereffective|p1b: Dragonite|1\n|-damage|p1b: Dragonite|77/100\n|\n|-weather|SunnyDay|[upkeep]\n|-sideend|p1: agent_x001|move: Tailwind\n|upkeep\n|turn|7\n|\n|t:|1776677347\n|move|p1a: Whimsicott|Tailwind|p1a: Whimsicott\n|-sidestart|p1: agent_x001|move: Tailwind\n|move|p2a: Kingambit|Sucker Punch|p1b: Dragonite\n|-damage|p1b: Dragonite|0 fnt\n|faint|p1b: Dragonite\n|move|p2b: Whimsicott|Moonblast|p1a: Whimsicott\n|-damage|p1a: Whimsicott|2/100\n|\n|-weather|SunnyDay|[upkeep]\n|upkeep\n|\n|t:|1776677357\n|switch|p1b: Garchomp|Garchomp, L50, M|28/100\n|turn|8\n|\n|t:|1776677371\n|move|p2b: Whimsicott|Protect|p2b: Whimsicott\n|-singleturn|p2b: Whimsicott|Protect\n|move|p2a: Kingambit|Protect|p2a: Kingambit\n|-singleturn|p2a: Kingambit|Protect\n|move|p1a: Whimsicott|Moonblast|p2b: Whimsicott\n|-activate|p2b: Whimsicott|move: Protect\n|move|p1b: Garchomp|Dragon Claw|p2b: Whimsicott\n|-activate|p2b: Whimsicott|move: Protect\n|\n|-weather|none\n|-sideend|p2: Katsuuh|move: Tailwind\n|upkeep\n|turn|9\n|\n|t:|1776677387\n|move|p2b: Whimsicott|Tailwind|p2b: Whimsicott\n|-sidestart|p2: Katsuuh|move: Tailwind\n|move|p2a: Kingambit|Sucker Punch|p1b: Garchomp\n|-damage|p1b: Garchomp|0 fnt\n|-damage|p2a: Kingambit|82/100|[from] ability: Rough Skin|[of] p1b: Garchomp\n|faint|p1b: Garchomp\n|move|p1a: Whimsicott|Moonblast|p2a: Kingambit\n|-damage|p2a: Kingambit|54/100\n|-unboost|p2a: Kingambit|spa|1\n|-ability|p2a: Kingambit|Defiant|boost\n|-boost|p2a: Kingambit|atk|2\n|\n|upkeep\n|turn|10\n|-message|agent_x001 forfeited.\n|\n|win|Katsuuh\n|raw|agent_x001's rating: 1045 &rarr; <strong>1027</strong><br />(-18 for losing)\n|raw|Katsuuh's rating: 1029 &rarr; <strong>1066</strong><br />(+37 for winning)\n|l|\u2606agent_x001\n|player|p1|\n",
  "uploadtime": 1776677411,
  "views": 23,
  "formatid": "gen9championsvgc2026regma",
  "rating": 1027,
  "private": 0,
  "password": null
}