{
  "id": "gen9championsvgc2026regma-2586622843",
  "format": "[Gen 9 Champions] VGC 2026 Reg M-A",
  "players": [
    "IdkImScared",
    "ArctozoltCult"
  ],
  "log": "|j|\u2606IdkImScared\n|j|\u2606ArctozoltCult\n|t:|1776447554\n|gametype|doubles\n|player|p1|IdkImScared|workerice|1355\n|player|p2|ArctozoltCult|winona|1418\n|gen|9\n|tier|[Gen 9 Champions] VGC 2026 Reg M-A\n|rated|\n|rule|Species Clause: Limit one of each Pok\u00e9mon\n|rule|Item Clause: Limit 1 of each item\n|clearpoke\n|poke|p1|Kommo-o, L50, M|\n|poke|p1|Aerodactyl, L50, M|\n|poke|p1|Sinistcha, L50|\n|poke|p1|Tyranitar, L50, F|\n|poke|p1|Excadrill, L50, F|\n|poke|p1|Rotom-Wash, L50|\n|poke|p2|Archaludon, L50, M|\n|poke|p2|Pelipper, L50, M|\n|poke|p2|Sneasler, L50, F|\n|poke|p2|Incineroar, L50, F|\n|poke|p2|Basculegion, L50, M|\n|poke|p2|Meganium, L50, M|\n|teampreview|4\n|inactive|Battle timer is ON: inactive players will automatically lose when time's up. (requested by ArctozoltCult)\n|j| Urfredo981\n|l| Urfredo981\n|inactive|ArctozoltCult has 60 seconds left.\n|\n|t:|1776447589\n|teamsize|p1|4\n|teamsize|p2|4\n|start\n|switch|p1a: Maytag|Rotom-Wash, L50|100/100\n|switch|p1b: Don Carlos|Aerodactyl, L50, M|100/100\n|switch|p2a: Pelipper|Pelipper, L50, M|100/100\n|switch|p2b: Basculegion|Basculegion, L50, M|100/100\n|-ability|p1b: Don Carlos|Unnerve\n|-weather|RainDance|[from] ability: Drizzle|[of] p2a: Pelipper\n|turn|1\n|\n|t:|1776447612\n|switch|p2b: Meganium|Meganium, L50, M|100/100\n|move|p1b: Don Carlos|Protect|p1b: Don Carlos\n|-singleturn|p1b: Don Carlos|Protect\n|move|p2a: Pelipper|Protect|p2a: Pelipper\n|-singleturn|p2a: Pelipper|Protect\n|move|p1a: Maytag|Volt Switch|p2a: Pelipper\n|-activate|p2a: Pelipper|move: Protect\n|\n|-weather|RainDance|[upkeep]\n|upkeep\n|turn|2\n|\n|t:|1776447631\n|switch|p2a: Sneasler|Sneasler, L50, F|100/100\n|detailschange|p2b: Meganium|Meganium-Mega, L50, M\n|-mega|p2b: Meganium|Meganium|Meganiumite\n|move|p2b: Meganium|Protect|p2b: Meganium\n|-singleturn|p2b: Meganium|Protect\n|move|p1b: Don Carlos|Rock Slide|p2a: Sneasler|[spread] p2a\n|-activate|p2b: Meganium|move: Protect\n|-resisted|p2a: Sneasler|1\n|-damage|p2a: Sneasler|79/100\n|move|p1a: Maytag|Volt Switch|p2a: Sneasler\n|-damage|p2a: Sneasler|32/100\n|\n|t:|1776447651\n|switch|p1a: Undyne|Tyranitar, L50, F|100/100|[from] Volt Switch\n|-weather|Sandstorm|[from] ability: Sand Stream|[of] p1a: Undyne\n|\n|-weather|Sandstorm|[upkeep]\n|-damage|p2a: Sneasler|26/100|[from] Sandstorm\n|-damage|p2b: Meganium|95/100|[from] Sandstorm\n|upkeep\n|turn|3\n|inactive|IdkImScared has 30 seconds left.\n|\n|t:|1776447684\n|move|p1a: Undyne|Protect|p1a: Undyne\n|-singleturn|p1a: Undyne|Protect\n|move|p2a: Sneasler|Fake Out|p1b: Don Carlos\n|-resisted|p1b: Don Carlos|1\n|-damage|p1b: Don Carlos|88/100\n|cant|p1b: Don Carlos|flinch\n|move|p2b: Meganium|Solar Beam||[still]\n|-prepare|p2b: Meganium|Solar Beam\n|-activate|p2b: Meganium|ability: Mega Sol\n|-anim|p2b: Meganium|Solar Beam|p1b: Don Carlos\n|-damage|p1b: Don Carlos|0 fnt\n|faint|p1b: Don Carlos\n|\n|-weather|Sandstorm|[upkeep]\n|-damage|p2a: Sneasler|20/100|[from] Sandstorm\n|-damage|p2b: Meganium|89/100|[from] Sandstorm\n|upkeep\n|\n|t:|1776447696\n|switch|p1b: Alphys|Excadrill, L50, F|100/100\n|turn|4\n|inactive|IdkImScared has 30 seconds left.\n|\n|t:|1776447730\n|switch|p2a: Pelipper|Pelipper, L50, M|100/100\n|-weather|RainDance|[from] ability: Drizzle|[of] p2a: Pelipper\n|detailschange|p1a: Undyne|Tyranitar-Mega, L50, F\n|-mega|p1a: Undyne|Tyranitar|Tyranitarite\n|-weather|Sandstorm|[from] ability: Sand Stream|[of] p1a: Undyne\n|move|p1b: Alphys|Iron Head|p2b: Meganium\n|-supereffective|p2b: Meganium|1\n|-damage|p2b: Meganium|9/100\n|move|p2b: Meganium|Solar Beam||[still]\n|-prepare|p2b: Meganium|Solar Beam\n|-activate|p2b: Meganium|ability: Mega Sol\n|-anim|p2b: Meganium|Solar Beam|p1b: Alphys\n|-damage|p1b: Alphys|17/100\n|move|p1a: Undyne|Rock Slide|p2b: Meganium|[spread] p2a,p2b\n|-supereffective|p2a: Pelipper|1\n|-enditem|p2a: Pelipper|Focus Sash\n|-damage|p2a: Pelipper|1/100\n|-damage|p2b: Meganium|0 fnt\n|faint|p2b: Meganium\n|\n|-weather|Sandstorm|[upkeep]\n|-damage|p2a: Pelipper|0 fnt|[from] Sandstorm\n|faint|p2a: Pelipper\n|upkeep\n|\n|t:|1776447752\n|switch|p2a: Sneasler|Sneasler, L50, F|20/100\n|switch|p2b: Basculegion|Basculegion, L50, M|100/100\n|turn|5\n|\n|t:|1776447767\n|move|p1b: Alphys|Protect|p1b: Alphys\n|-singleturn|p1b: Alphys|Protect\n|move|p1a: Undyne|Protect|p1a: Undyne\n|-singleturn|p1a: Undyne|Protect\n|move|p2a: Sneasler|Fake Out|p1b: Alphys\n|-activate|p1b: Alphys|move: Protect\n|move|p2b: Basculegion|Wave Crash|p1a: Undyne\n|-activate|p1a: Undyne|move: Protect\n|\n|-weather|Sandstorm|[upkeep]\n|-damage|p2b: Basculegion|94/100|[from] Sandstorm\n|-damage|p2a: Sneasler|15/100|[from] Sandstorm\n|upkeep\n|turn|6\n|\n|t:|1776447778\n|switch|p1a: Maytag|Rotom-Wash, L50|100/100\n|move|p1b: Alphys|Earthquake|p2a: Sneasler|[spread] p2a,p2b\n|-immune|p1a: Maytag|[from] ability: Levitate\n|-supereffective|p2a: Sneasler|1\n|-damage|p2a: Sneasler|0 fnt\n|-damage|p2b: Basculegion|31/100\n|faint|p2a: Sneasler\n|move|p2b: Basculegion|Wave Crash|p1b: Alphys\n|-supereffective|p1b: Alphys|1\n|-damage|p1b: Alphys|0 fnt\n|faint|p1b: Alphys\n|-damage|p2b: Basculegion|26/100|[from] Recoil\n|\n|-weather|Sandstorm|[upkeep]\n|-damage|p2b: Basculegion|20/100|[from] Sandstorm\n|-damage|p1a: Maytag|95/100|[from] Sandstorm\n|upkeep\n|-message|ArctozoltCult forfeited.\n|\n|win|IdkImScared\n|raw|IdkImScared's rating: 1355 &rarr; <strong>1379</strong><br />(+24 for winning)\n|raw|ArctozoltCult's rating: 1418 &rarr; <strong>1394</strong><br />(-24 for losing)\n|l|\u2606ArctozoltCult\n|player|p2|\n",
  "uploadtime": 1776447829,
  "views": 60,
  "formatid": "gen9championsvgc2026regma",
  "rating": 1379,
  "private": 0,
  "password": null
}