{
  "id": "gen9championsvgc2026regma-2586055359",
  "format": "[Gen 9 Champions] VGC 2026 Reg M-A",
  "players": [
    "kommieo-o",
    "Noobilio"
  ],
  "log": "|j|\u2606kommieo-o\n|j|\u2606Noobilio\n|t:|1776394310\n|gametype|doubles\n|player|p1|kommieo-o|102|1162\n|player|p2|Noobilio|nurse|1260\n|gen|9\n|tier|[Gen 9 Champions] VGC 2026 Reg M-A\n|rated|\n|rule|Species Clause: Limit one of each Pok\u00e9mon\n|rule|Item Clause: Limit 1 of each item\n|clearpoke\n|poke|p1|Steelix, L50, F|\n|poke|p1|Sinistcha, L50|\n|poke|p1|Tyranitar, L50, F|\n|poke|p1|Sneasler, L50, F|\n|poke|p1|Primarina, L50, F|\n|poke|p1|Farigiraf, L50, F|\n|poke|p2|Froslass, L50, F|\n|poke|p2|Floette-Eternal, L50, F|\n|poke|p2|Sneasler, L50, M|\n|poke|p2|Basculegion, L50, M|\n|poke|p2|Garchomp, L50, M|\n|poke|p2|Kingambit, L50, M|\n|teampreview|4\n|\n|t:|1776394359\n|teamsize|p1|4\n|teamsize|p2|4\n|start\n|switch|p1a: Farigiraf|Farigiraf, L50, F|100/100\n|switch|p1b: Sneasler|Sneasler, L50, F, shiny|100/100\n|switch|p2a: Froslass|Froslass, L50, F|100/100\n|switch|p2b: Kingambit|Kingambit, L50, M|100/100\n|turn|1\n|\n|t:|1776394381\n|detailschange|p2a: Froslass|Froslass-Mega, L50, F\n|-mega|p2a: Froslass|Froslass|Froslassite\n|-weather|Snowscape|[from] ability: Snow Warning|[of] p2a: Froslass\n|move|p1b: Sneasler|Fake Out|p2b: Kingambit\n|-resisted|p2b: Kingambit|1\n|-damage|p2b: Kingambit|95/100\n|move|p2a: Froslass|Blizzard|p1b: Sneasler|[spread] p1a,p1b\n|-damage|p1a: Farigiraf|61/100\n|-damage|p1b: Sneasler|41/100\n|cant|p2b: Kingambit|flinch\n|move|p1a: Farigiraf|Trick Room|p1a: Farigiraf\n|-fieldstart|move: Trick Room|[of] p1a: Farigiraf\n|\n|-weather|Snowscape|[upkeep]\n|upkeep\n|turn|2\n|\n|t:|1776394425\n|switch|p1b: Steelix|Steelix, L50, F, shiny|100/100\n|move|p1a: Farigiraf|Protect|p1a: Farigiraf\n|-singleturn|p1a: Farigiraf|Protect\n|move|p2b: Kingambit|Kowtow Cleave|p1a: Farigiraf\n|-activate|p1a: Farigiraf|move: Protect\n|move|p2a: Froslass|Substitute|p2a: Froslass\n|-start|p2a: Froslass|Substitute\n|-damage|p2a: Froslass|76/100\n|\n|-weather|Snowscape|[upkeep]\n|upkeep\n|turn|3\n|\n|t:|1776394447\n|detailschange|p1b: Steelix|Steelix-Mega, L50, F, shiny\n|-mega|p1b: Steelix|Steelix|Steelixite\n|move|p1b: Steelix|Body Press|p2b: Kingambit\n|-supereffective|p2b: Kingambit|2\n|-enditem|p2b: Kingambit|Chople Berry|[eat]\n|-enditem|p2b: Kingambit|Chople Berry|[weaken]\n|-damage|p2b: Kingambit|30/100\n|move|p2b: Kingambit|Low Kick|p1b: Steelix\n|-supereffective|p1b: Steelix|1\n|-damage|p1b: Steelix|61/100\n|move|p1a: Farigiraf|Psychic|p2a: Froslass\n|-end|p2a: Froslass|Substitute\n|move|p2a: Froslass|Blizzard|p1a: Farigiraf|[spread] p1a,p1b\n|-damage|p1a: Farigiraf|22/100\n|-damage|p1b: Steelix|26/100\n|-status|p1a: Farigiraf|frz\n|\n|-weather|Snowscape|[upkeep]\n|upkeep\n|turn|4\n|\n|t:|1776394479\n|move|p1b: Steelix|Heavy Slam|p2a: Froslass\n|-supereffective|p2a: Froslass|1\n|-damage|p2a: Froslass|0 fnt\n|faint|p2a: Froslass\n|move|p2b: Kingambit|Low Kick|p1b: Steelix\n|-supereffective|p1b: Steelix|1\n|-damage|p1b: Steelix|0 fnt\n|faint|p1b: Steelix\n|cant|p1a: Farigiraf|frz\n|\n|-weather|Snowscape|[upkeep]\n|upkeep\n|\n|t:|1776394491\n|switch|p1b: Primarina|Primarina, L50, F, shiny|100/100\n|switch|p2a: Sneasler|Sneasler, L50, M|100/100\n|turn|5\n|\n|t:|1776394502\n|move|p1b: Primarina|Hyper Voice|p2b: Kingambit|[spread] p2a,p2b\n|-damage|p2a: Sneasler|58/100\n|-damage|p2b: Kingambit|0 fnt\n|faint|p2b: Kingambit\n|cant|p1a: Farigiraf|frz\n|move|p2a: Sneasler|Dire Claw|p1b: Primarina\n|-supereffective|p1b: Primarina|1\n|-damage|p1b: Primarina|17/100\n|\n|-weather|none\n|-heal|p1b: Primarina|23/100|[from] item: Leftovers\n|-fieldend|move: Trick Room\n|upkeep\n|\n|t:|1776394510\n|switch|p2b: Garchomp|Garchomp, L50, M|100/100\n|turn|6\n|\n|t:|1776394519\n|move|p1b: Primarina|Protect|p1b: Primarina\n|-singleturn|p1b: Primarina|Protect\n|move|p2a: Sneasler|Dire Claw|p1b: Primarina\n|-activate|p1b: Primarina|move: Protect\n|move|p2b: Garchomp|Dragon Claw|p1a: Farigiraf\n|-damage|p1a: Farigiraf|0 fnt\n|faint|p1a: Farigiraf\n|\n|-heal|p1b: Primarina|29/100|[from] item: Leftovers\n|upkeep\n|\n|t:|1776394527\n|switch|p1a: Sneasler|Sneasler, L50, F, shiny|41/100\n|turn|7\n|\n|t:|1776394554\n|move|p2a: Sneasler|Protect|p2a: Sneasler\n|-singleturn|p2a: Sneasler|Protect\n|move|p2b: Garchomp|Protect|p2b: Garchomp\n|-singleturn|p2b: Garchomp|Protect\n|move|p1a: Sneasler|Fake Out|p2a: Sneasler\n|-activate|p2a: Sneasler|move: Protect\n|move|p1b: Primarina|Moonblast|p2a: Sneasler\n|-activate|p2a: Sneasler|move: Protect\n|\n|-heal|p1b: Primarina|35/100|[from] item: Leftovers\n|upkeep\n|turn|8\n|\n|t:|1776394573\n|move|p1b: Primarina|Protect|p1b: Primarina\n|-singleturn|p1b: Primarina|Protect\n|move|p1a: Sneasler|Close Combat|p2a: Sneasler\n|-resisted|p2a: Sneasler|1\n|-damage|p2a: Sneasler|6/100\n|-unboost|p1a: Sneasler|def|1\n|-unboost|p1a: Sneasler|spd|1\n|move|p2a: Sneasler|Dire Claw|p1b: Primarina\n|-activate|p1b: Primarina|move: Protect\n|move|p2b: Garchomp|Dragon Claw|p1a: Sneasler\n|-damage|p1a: Sneasler|0 fnt\n|faint|p1a: Sneasler\n|\n|-heal|p1b: Primarina|41/100|[from] item: Leftovers\n|upkeep\n|turn|9\n|\n|t:|1776394593\n|move|p2a: Sneasler|Dire Claw|p1b: Primarina\n|-supereffective|p1b: Primarina|1\n|-damage|p1b: Primarina|0 fnt\n|faint|p1b: Primarina\n|\n|win|Noobilio\n|raw|kommieo-o's rating: 1162 &rarr; <strong>1144</strong><br />(-18 for losing)\n|raw|Noobilio's rating: 1260 &rarr; <strong>1278</strong><br />(+18 for winning)\n",
  "uploadtime": 1776394600,
  "views": 20,
  "formatid": "gen9championsvgc2026regma",
  "rating": 1144,
  "private": 0,
  "password": null
}