{
  "id": "gen9championsvgc2026regma-2582930118",
  "format": "[Gen 9 Champions] VGC 2026 Reg M-A",
  "players": [
    "disciple of blahaj",
    "UhOhOhNoOhKo"
  ],
  "log": "|j|\u2606disciple of blahaj\n|j|\u2606UhOhOhNoOhKo\n|t:|1776125950\n|gametype|doubles\n|player|p1|disciple of blahaj|jacinthe|1158\n|player|p2|UhOhOhNoOhKo|2|1238\n|gen|9\n|tier|[Gen 9 Champions] VGC 2026 Reg M-A\n|rated|\n|rule|Species Clause: Limit one of each Pok\u00e9mon\n|rule|Item Clause: Limit 1 of each item\n|clearpoke\n|poke|p1|Meganium, L50, M|\n|poke|p1|Pelipper, L50, F|\n|poke|p1|Archaludon, L50, F|\n|poke|p1|Sneasler, L50, F|\n|poke|p1|Basculegion, L50, M|\n|poke|p1|Garchomp, L50, M|\n|poke|p2|Scizor, L50, M|\n|poke|p2|Rotom-Wash, L50|\n|poke|p2|Kleavor, L50, M|\n|poke|p2|Zoroark-Hisui, L50, M|\n|poke|p2|Incineroar, L50, M|\n|poke|p2|Sinistcha, L50|\n|teampreview|4\n|inactive|Battle timer is ON: inactive players will automatically lose when time's up. (requested by disciple of blahaj)\n|\n|t:|1776126010\n|teamsize|p1|4\n|teamsize|p2|4\n|start\n|switch|p1a: Sneasler|Sneasler, L50, F, shiny|100/100\n|switch|p1b: Basculegion|Basculegion, L50, M|100/100\n|switch|p2a: Kleavor|Kleavor, L50, M|100/100\n|switch|p2b: Scizor|Scizor, L50, M|100/100\n|turn|1\n|inactive|UhOhOhNoOhKo has 30 seconds left.\n|inactive|UhOhOhNoOhKo has 20 seconds left.\n|inactive|UhOhOhNoOhKo has 15 seconds left.\n|\n|t:|1776126053\n|move|p2a: Kleavor|Stone Axe|p1b: Basculegion\n|-damage|p1b: Basculegion|35/100\n|-sidestart|p1: disciple of blahaj|move: Stealth Rock\n|move|p1b: Basculegion|Flip Turn|p2a: Kleavor\n|-supereffective|p2a: Kleavor|1\n|-damage|p2a: Kleavor|0 fnt\n|faint|p2a: Kleavor\n|\n|t:|1776126061\n|switch|p1b: Pelipper|Pelipper, L50, F|100/100|[from] Flip Turn\n|-damage|p1b: Pelipper|76/100|[from] Stealth Rock\n|-weather|RainDance|[from] ability: Drizzle|[of] p1b: Pelipper\n|move|p2b: Scizor|Shadow Ball|p1b: Pelipper\n|-damage|p1b: Pelipper|1/100\n|move|p1a: Sneasler|Dire Claw|p2b: Scizor\n|-resisted|p2b: Scizor|1\n|-damage|p2b: Scizor|50/100\n|replace|p2b: Zoroark|Zoroark-Hisui, L50, M\n|-end|p2b: Zoroark|Illusion\n|\n|-weather|RainDance|[upkeep]\n|upkeep\n|\n|t:|1776126078\n|switch|p2a: Scizor|Scizor, L50, M|100/100\n|turn|2\n|\n|t:|1776126089\n|detailschange|p2a: Scizor|Scizor-Mega, L50, M\n|-mega|p2a: Scizor|Scizor|Scizorite\n|move|p1b: Pelipper|Protect|p1b: Pelipper\n|-singleturn|p1b: Pelipper|Protect\n|move|p2b: Zoroark|Hyper Voice|p1b: Pelipper|[spread] p1a\n|-activate|p1b: Pelipper|move: Protect\n|-damage|p1a: Sneasler|55/100\n|move|p1a: Sneasler|Dire Claw|p2b: Zoroark\n|-resisted|p2b: Zoroark|1\n|-damage|p2b: Zoroark|4/100\n|move|p2a: Scizor|Swords Dance|p2a: Scizor\n|-boost|p2a: Scizor|atk|2\n|\n|-weather|RainDance|[upkeep]\n|upkeep\n|turn|3\n|\n|t:|1776126106\n|move|p1b: Pelipper|Protect|p1b: Pelipper\n|-singleturn|p1b: Pelipper|Protect\n|move|p2b: Zoroark|Hyper Voice|p1a: Sneasler|[spread] p1a\n|-activate|p1b: Pelipper|move: Protect\n|-damage|p1a: Sneasler|6/100\n|move|p1a: Sneasler|Close Combat|p2a: Scizor\n|-damage|p2a: Scizor|51/100\n|-unboost|p1a: Sneasler|def|1\n|-unboost|p1a: Sneasler|spd|1\n|-enditem|p1a: Sneasler|White Herb\n|-clearnegativeboost|p1a: Sneasler|[silent]\n|move|p2a: Scizor|Swords Dance|p2a: Scizor\n|-boost|p2a: Scizor|atk|2\n|\n|-weather|RainDance|[upkeep]\n|upkeep\n|turn|4\n|inactive|disciple of blahaj has 30 seconds left.\n|\n|t:|1776126134\n|move|p1a: Sneasler|Dire Claw|p2b: Zoroark\n|-resisted|p2b: Zoroark|1\n|-damage|p2b: Zoroark|0 fnt\n|faint|p2b: Zoroark\n|move|p1b: Pelipper|Tailwind|p1b: Pelipper\n|-sidestart|p1: disciple of blahaj|move: Tailwind\n|move|p2a: Scizor|Swords Dance|p2a: Scizor\n|-boost|p2a: Scizor|atk|2\n|\n|-weather|RainDance|[upkeep]\n|upkeep\n|\n|t:|1776126157\n|switch|p2b: Rotom|Rotom-Wash, L50|100/100\n|turn|5\n|\n|t:|1776126170\n|move|p1b: Pelipper|Protect|p1b: Pelipper\n|-singleturn|p1b: Pelipper|Protect\n|move|p2a: Scizor|Bullet Punch|p1a: Sneasler\n|-damage|p1a: Sneasler|0 fnt\n|faint|p1a: Sneasler\n|move|p2b: Rotom|Volt Switch|p1b: Pelipper\n|-activate|p1b: Pelipper|move: Protect\n|\n|-weather|none\n|upkeep\n|\n|t:|1776126180\n|switch|p1a: Meganium|Meganium, L50, M, shiny|100/100\n|-damage|p1a: Meganium|88/100|[from] Stealth Rock\n|turn|6\n|\n|t:|1776126190\n|detailschange|p1a: Meganium|Meganium-Mega, L50, M, shiny\n|-mega|p1a: Meganium|Meganium|Meganiumite\n|move|p2a: Scizor|Protect|p2a: Scizor\n|-singleturn|p2a: Scizor|Protect\n|move|p1a: Meganium|Solar Beam||[still]\n|-prepare|p1a: Meganium|Solar Beam\n|-activate|p1a: Meganium|ability: Mega Sol\n|-anim|p1a: Meganium|Solar Beam|p2b: Rotom\n|-supereffective|p2b: Rotom|1\n|-damage|p2b: Rotom|0 fnt\n|faint|p2b: Rotom\n|move|p1b: Pelipper|Hurricane|p2a: Scizor\n|-activate|p2a: Scizor|move: Protect\n|\n|upkeep\n|turn|7\n|\n|t:|1776126210\n|move|p2a: Scizor|Bullet Punch|p1a: Meganium\n|-supereffective|p1a: Meganium|1\n|-damage|p1a: Meganium|0 fnt\n|faint|p1a: Meganium\n|move|p1b: Pelipper|Hurricane|p2a: Scizor|[miss]\n|-miss|p1b: Pelipper|p2a: Scizor\n|\n|-sideend|p1: disciple of blahaj|move: Tailwind\n|upkeep\n|\n|t:|1776126215\n|switch|p1a: Basculegion|Basculegion, L50, M|35/100\n|-damage|p1a: Basculegion|23/100|[from] Stealth Rock\n|turn|8\n|\n|t:|1776126222\n|move|p1a: Basculegion|Aqua Jet|p2a: Scizor\n|-damage|p2a: Scizor|29/100\n|move|p2a: Scizor|Bullet Punch|p1a: Basculegion\n|-resisted|p1a: Basculegion|1\n|-damage|p1a: Basculegion|0 fnt\n|faint|p1a: Basculegion\n|move|p1b: Pelipper|Hurricane|p2a: Scizor\n|-damage|p2a: Scizor|0 fnt\n|faint|p2a: Scizor\n|\n|win|disciple of blahaj\n|raw|disciple of blahaj's rating: 1158 &rarr; <strong>1189</strong><br />(+31 for winning)\n|raw|UhOhOhNoOhKo's rating: 1238 &rarr; <strong>1207</strong><br />(-31 for losing)\n|l|\u2606UhOhOhNoOhKo\n|player|p2|\n",
  "uploadtime": 1776126237,
  "views": 20,
  "formatid": "gen9championsvgc2026regma",
  "rating": 1189,
  "private": 0,
  "password": null
}