{
  "id": "gen9championsvgc2026regma-2580885860",
  "format": "[Gen 9 Champions] VGC 2026 Reg M-A",
  "players": [
    "prophetcassandra",
    "BrodyT"
  ],
  "log": "|j|\u2606prophetcassandra\n|j|\u2606BrodyT\n|t:|1775940518\n|gametype|doubles\n|player|p1|prophetcassandra|caitlin|1229\n|player|p2|BrodyT|169|1129\n|gen|9\n|tier|[Gen 9 Champions] VGC 2026 Reg M-A\n|rated|\n|rule|Species Clause: Limit one of each Pok\u00e9mon\n|rule|Item Clause: Limit 1 of each item\n|clearpoke\n|poke|p1|Pelipper, L50, M|\n|poke|p1|Blastoise, L50, M|\n|poke|p1|Farigiraf, L50, F|\n|poke|p1|Hydrapple, L50, M|\n|poke|p1|Drampa, L50, F|\n|poke|p1|Kingambit, L50, M|\n|poke|p2|Froslass, L50, F|\n|poke|p2|Incineroar, L50, M|\n|poke|p2|Basculegion, L50, M|\n|poke|p2|Garchomp, L50, M|\n|poke|p2|Orthworm, L50, F|\n|poke|p2|Rotom-Frost, L50|\n|teampreview|4\n|inactive|Battle timer is ON: inactive players will automatically lose when time's up. (requested by BrodyT)\n|\n|t:|1775940549\n|teamsize|p1|4\n|teamsize|p2|4\n|start\n|switch|p1a: Farigiraf|Farigiraf, L50, F|100/100\n|switch|p1b: Drampa|Drampa, L50, F|100/100\n|switch|p2a: Orthworm|Orthworm, L50, F|100/100\n|switch|p2b: Garchomp|Garchomp, L50, M|100/100\n|-ability|p1b: Drampa|Cloud Nine\n|turn|1\n|inactive|prophetcassandra has 30 seconds left.\n|\n|t:|1775940579\n|detailschange|p1b: Drampa|Drampa-Mega, L50, F\n|-mega|p1b: Drampa|Drampa|Drampanite\n|move|p2b: Garchomp|Earthquake|p1b: Drampa|[spread] p1a,p1b\n|-immune|p2a: Orthworm|[from] ability: Earth Eater\n|-crit|p1a: Farigiraf\n|-damage|p1a: Farigiraf|43/100\n|-damage|p1b: Drampa|69/100\n|move|p2a: Orthworm|Body Press|p1b: Drampa\n|-supereffective|p1b: Drampa|1\n|-damage|p1b: Drampa|22/100\n|-ability|p1b: Drampa|Berserk|boost\n|-boost|p1b: Drampa|spa|1\n|move|p1b: Drampa|Dragon Pulse|p2b: Garchomp\n|-supereffective|p2b: Garchomp|1\n|-enditem|p2b: Garchomp|Focus Sash\n|-damage|p2b: Garchomp|1/100\n|move|p1a: Farigiraf|Trick Room|p1a: Farigiraf\n|-fieldstart|move: Trick Room|[of] p1a: Farigiraf\n|\n|upkeep\n|turn|2\n|inactive|prophetcassandra has 30 seconds left.\n|\n|t:|1775940610\n|switch|p1a: Hydrapple|Hydrapple, L50, M|100/100\n|move|p1b: Drampa|Protect|p1b: Drampa\n|-singleturn|p1b: Drampa|Protect\n|move|p2a: Orthworm|Body Press|p1b: Drampa\n|-activate|p1b: Drampa|move: Protect\n|move|p2b: Garchomp|Earthquake|p1b: Drampa|[spread] p1a\n|-activate|p1b: Drampa|move: Protect\n|-immune|p2a: Orthworm|[from] ability: Earth Eater\n|-resisted|p1a: Hydrapple|1\n|-damage|p1a: Hydrapple|85/100\n|\n|upkeep\n|turn|3\n|\n|t:|1775940630\n|move|p1b: Drampa|Hyper Voice|p2b: Garchomp|[spread] p2a,p2b\n|-resisted|p2a: Orthworm|1\n|-damage|p2a: Orthworm|60/100\n|-damage|p2b: Garchomp|0 fnt\n|faint|p2b: Garchomp\n|move|p1a: Hydrapple|Pollen Puff|p1b: Drampa\n|-heal|p1b: Drampa|71/100\n|move|p2a: Orthworm|Body Press|p1b: Drampa\n|-supereffective|p1b: Drampa|1\n|-damage|p1b: Drampa|23/100\n|-ability|p1b: Drampa|Berserk|boost\n|-boost|p1b: Drampa|spa|1\n|\n|upkeep\n|\n|t:|1775940644\n|switch|p2b: Froslass|Froslass, L50, F|100/100\n|turn|4\n|\n|t:|1775940666\n|detailschange|p2b: Froslass|Froslass-Mega, L50, F\n|-mega|p2b: Froslass|Froslass|Froslassite\n|-weather|Snowscape|[from] ability: Snow Warning|[of] p2b: Froslass\n|move|p1b: Drampa|Dragon Pulse|p2b: Froslass\n|-damage|p2b: Froslass|0 fnt\n|faint|p2b: Froslass\n|move|p1a: Hydrapple|Pollen Puff|p1b: Drampa\n|-heal|p1b: Drampa|72/100\n|move|p2a: Orthworm|Shed Tail|p2a: Orthworm\n|-start|p2a: Orthworm|Substitute|[from] move: Shed Tail\n|-damage|p2a: Orthworm|10/100\n|-enditem|p2a: Orthworm|Sitrus Berry|[eat]\n|-heal|p2a: Orthworm|35/100|[from] item: Sitrus Berry\n|\n|t:|1775940673\n|switch|p2a: Basculegion|Basculegion, L50, M|100/100|[from] Shed Tail\n|\n|-weather|Snowscape|[upkeep]\n|upkeep\n|\n|t:|1775940674\n|switch|p2b: Orthworm|Orthworm, L50, F|35/100\n|turn|5\n|inactive|prophetcassandra has 30 seconds left.\n|\n|t:|1775940700\n|move|p1b: Drampa|Protect|p1b: Drampa\n|-singleturn|p1b: Drampa|Protect\n|move|p1a: Hydrapple|Draco Meteor|p2b: Orthworm\n|-resisted|p2b: Orthworm|1\n|-damage|p2b: Orthworm|0 fnt\n|-unboost|p1a: Hydrapple|spa|2\n|faint|p2b: Orthworm\n|-enditem|p1a: Hydrapple|White Herb\n|-clearnegativeboost|p1a: Hydrapple|[silent]\n|move|p2a: Basculegion|Last Respects|p1a: Hydrapple\n|-damage|p1a: Hydrapple|0 fnt\n|faint|p1a: Hydrapple\n|\n|-weather|Snowscape|[upkeep]\n|-fieldend|move: Trick Room\n|upkeep\n|\n|t:|1775940718\n|switch|p1a: Kingambit|Kingambit, L50, M|100/100\n|turn|6\n|\n|t:|1775940724\n|move|p1a: Kingambit|Sucker Punch|p2a: Basculegion\n|-supereffective|p2a: Basculegion|1\n|-crit|p2a: Basculegion\n|-end|p2a: Basculegion|Substitute\n|move|p2a: Basculegion|Last Respects|p1a: Kingambit\n|-resisted|p1a: Kingambit|1\n|-damage|p1a: Kingambit|58/100\n|move|p1b: Drampa|Dragon Pulse|p2a: Basculegion\n|-damage|p2a: Basculegion|0 fnt\n|faint|p2a: Basculegion\n|\n|win|prophetcassandra\n|raw|prophetcassandra's rating: 1229 &rarr; <strong>1247</strong><br />(+18 for winning)\n|raw|BrodyT's rating: 1129 &rarr; <strong>1111</strong><br />(-18 for losing)\n|l|\u2606BrodyT\n|player|p2|\n",
  "uploadtime": 1775940753,
  "views": 15,
  "formatid": "gen9championsvgc2026regma",
  "rating": 1111,
  "private": 0,
  "password": null
}