{
  "id": "gen9championsvgc2026regma-2586366660",
  "format": "[Gen 9 Champions] VGC 2026 Reg M-A",
  "players": [
    "Master M-rada",
    "waterghostie"
  ],
  "log": "|j|\u2606Master M-rada\n|j|\u2606waterghostie\n|t:|1776429251\n|gametype|doubles\n|player|p1|Master M-rada|blue|1437\n|player|p2|waterghostie|169|1467\n|gen|9\n|tier|[Gen 9 Champions] VGC 2026 Reg M-A\n|rated|\n|rule|Species Clause: Limit one of each Pok\u00e9mon\n|rule|Item Clause: Limit 1 of each item\n|clearpoke\n|poke|p1|Glimmora, L50, F|\n|poke|p1|Aerodactyl, L50, M|\n|poke|p1|Milotic, L50, F|\n|poke|p1|Basculegion, L50, M|\n|poke|p1|Sinistcha-Masterpiece, L50|\n|poke|p1|Sneasler, L50, F|\n|poke|p2|Espathra, L50, M|\n|poke|p2|Floette-Eternal, L50, F|\n|poke|p2|Archaludon, L50, M|\n|poke|p2|Gengar, L50, M|\n|poke|p2|Corviknight, L50, F|\n|poke|p2|Hydreigon, L50, F|\n|teampreview|4\n|inactive|Battle timer is ON: inactive players will automatically lose when time's up. (requested by Master M-rada)\n|inactive|Master M-rada has 60 seconds left.\n|inactive|waterghostie has 60 seconds left.\n|inactive|waterghostie has 30 seconds left.\n|inactive|waterghostie has 20 seconds left.\n|inactive|waterghostie has 15 seconds left.\n|\n|t:|1776429331\n|teamsize|p1|4\n|teamsize|p2|4\n|start\n|switch|p1a: Glimmora|Glimmora, L50, F, shiny|100/100\n|switch|p1b: Dinner|Aerodactyl, L50, M|100/100\n|switch|p2a: Gengar|Gengar, L50, M|100/100\n|switch|p2b: Floette|Floette-Eternal, L50, F|100/100\n|-ability|p1b: Dinner|Unnerve\n|turn|1\n|inactive|Master M-rada has 30 seconds left.\n|inactive|waterghostie has 30 seconds left.\n|inactive|waterghostie has 20 seconds left.\n|inactive|waterghostie has 15 seconds left.\n|inactive|waterghostie has 10 seconds left.\n|\n|t:|1776429380\n|detailschange|p2b: Floette|Floette-Mega, L50, F\n|-mega|p2b: Floette|Floette|Floettite\n|-ability|p2b: Floette|Fairy Aura\n|detailschange|p1a: Glimmora|Glimmora-Mega, L50, F, shiny\n|-mega|p1a: Glimmora|Glimmora|Glimmoranite\n|move|p2a: Gengar|Icy Wind|p1a: Glimmora|[spread] p1a,p1b\n|-supereffective|p1b: Dinner|1\n|-damage|p1a: Glimmora|84/100\n|-damage|p1b: Dinner|55/100\n|-unboost|p1a: Glimmora|spe|1\n|-unboost|p1b: Dinner|spe|1\n|move|p2b: Floette|Moonblast|p1b: Dinner\n|-damage|p1b: Dinner|0 fnt\n|faint|p1b: Dinner\n|move|p1a: Glimmora|Earth Power|p2a: Gengar\n|-supereffective|p2a: Gengar|1\n|-damage|p2a: Gengar|0 fnt\n|faint|p2a: Gengar\n|\n|upkeep\n|\n|t:|1776429396\n|switch|p1b: Sneasler|Sneasler, L50, F|100/100\n|switch|p2a: Espathra|Espathra, L50, M|100/100\n|turn|2\n|inactive|Master M-rada has 30 seconds left.\n|\n|t:|1776429429\n|move|p2b: Floette|Protect|p2b: Floette\n|-singleturn|p2b: Floette|Protect\n|move|p2a: Espathra|Protect|p2a: Espathra\n|-singleturn|p2a: Espathra|Protect\n|move|p1b: Sneasler|Fake Out|p2a: Espathra\n|-activate|p2a: Espathra|move: Protect\n|move|p1a: Glimmora|Sludge Bomb|p2a: Espathra\n|-activate|p2a: Espathra|move: Protect\n|\n|-ability|p2a: Espathra|Speed Boost|boost\n|-boost|p2a: Espathra|spe|1\n|upkeep\n|turn|3\n|inactive|Master M-rada has 30 seconds left.\n|inactive|waterghostie has 30 seconds left.\n|inactive|Master M-rada has 20 seconds left.\n|inactive|Master M-rada has 15 seconds left.\n|inactive|Master M-rada has 10 seconds left.\n|\n|t:|1776429479\n|move|p2a: Espathra|Lumina Crash|p1b: Sneasler\n|-supereffective|p1b: Sneasler|2\n|-damage|p1b: Sneasler|0 fnt\n|faint|p1b: Sneasler\n|move|p2b: Floette|Substitute|p2b: Floette\n|-start|p2b: Floette|Substitute\n|-damage|p2b: Floette|76/100\n|move|p1a: Glimmora|Sludge Bomb|p2a: Espathra\n|-enditem|p2a: Espathra|Focus Sash\n|-damage|p2a: Espathra|1/100\n|-status|p2a: Espathra|psn\n|\n|-damage|p2a: Espathra|0 fnt|[from] psn\n|faint|p2a: Espathra\n|upkeep\n|\n|t:|1776429492\n|switch|p1b: Basculegend|Basculegion, L50, M|100/100\n|switch|p2a: Archaludon|Archaludon, L50, M|100/100\n|turn|4\n|inactive|Master M-rada has 30 seconds left.\n|inactive|Master M-rada has 20 seconds left.\n|\n|t:|1776429531\n|move|p1b: Basculegend|Last Respects|p2a: Archaludon\n|-damage|p2a: Archaludon|23/100\n|-ability|p2a: Archaludon|Stamina|boost\n|-boost|p2a: Archaludon|def|1\n|-enditem|p2a: Archaludon|Sitrus Berry|[eat]\n|-heal|p2a: Archaludon|48/100|[from] item: Sitrus Berry\n|move|p2b: Floette|Moonblast|p1b: Basculegend\n|-damage|p1b: Basculegend|19/100\n|-unboost|p1b: Basculegend|spa|1\n|move|p2a: Archaludon|Flash Cannon|p1a: Glimmora\n|-supereffective|p1a: Glimmora|1\n|-crit|p1a: Glimmora\n|-damage|p1a: Glimmora|0 fnt\n|faint|p1a: Glimmora\n|\n|upkeep\n|turn|5\n|-message|Master M-rada forfeited.\n|\n|win|waterghostie\n|raw|Master M-rada's rating: 1437 &rarr; <strong>1419</strong><br />(-18 for losing)\n|raw|waterghostie's rating: 1467 &rarr; <strong>1485</strong><br />(+18 for winning)\n|l|\u2606Master M-rada\n|player|p1|\n|l|\u2606waterghostie\n|player|p2|\n|j|\u2606waterghostie\n|player|p2|waterghostie|169|\n",
  "uploadtime": 1776429684,
  "views": 51,
  "formatid": "gen9championsvgc2026regma",
  "rating": 1419,
  "private": 0,
  "password": null
}