{
  "id": "gen9championsvgc2026regma-2582146918",
  "format": "[Gen 9 Champions] VGC 2026 Reg M-A",
  "players": [
    "lolgz",
    "sillE roverT"
  ],
  "log": "|j|\u2606lolgz\n|j|\u2606sillE roverT\n|t:|1776064038\n|gametype|doubles\n|player|p1|lolgz|266|\n|player|p2|sillE roverT|swimmerf2-gen7|\n|gen|9\n|tier|[Gen 9 Champions] VGC 2026 Reg M-A\n|rated|Tournament battle\n|rule|Species Clause: Limit one of each Pok\u00e9mon\n|rule|Item Clause: Limit 1 of each item\n|raw|<div class=\"infobox\"><details class=\"readmore\" open><summary><strong>1 custom rule:</strong></summary> Force Open Team Sheets</details></div>\n|clearpoke\n|poke|p1|Charizard, L50, F|\n|poke|p1|Whimsicott, L50, F|\n|poke|p1|Garchomp, L50, M|\n|poke|p1|Farigiraf, L50, F|\n|poke|p1|Sneasler, L50, M|\n|poke|p1|Floette-Eternal, L50, F|\n|poke|p2|Garchomp, L50, F|\n|poke|p2|Sinistcha, L50|\n|poke|p2|Talonflame, L50, M|\n|poke|p2|Blastoise, L50, M|\n|poke|p2|Kingambit, L50, M|\n|poke|p2|Rotom-Heat, L50|\n|teampreview|4\n|showteam|p1|Charizard||CharizarditeY|SolarPower|WeatherBall,HeatWave,SolarBeam,Protect|||F|||50|]Whimsicott||FocusSash|Prankster|Moonblast,Tailwind,SunnyDay,Encore|||F|||50|]Garchomp||ChoiceScarf|RoughSkin|Earthquake,DragonClaw,RockSlide,StompingTantrum|||M|||50|]Farigiraf||SitrusBerry|ArmorTail|Psychic,HyperVoice,Imprison,TrickRoom|||F|||50|]Sneasler||WhiteHerb|Unburden|FakeOut,CloseCombat,DireClaw,ThroatChop|||M|||50|]Floette-Eternal||Floettite|FlowerVeil|DazzlingGleam,LightofRuin,Moonblast,Protect|||F|||50|\n|showteam|p2|Garchomp||FocusSash|RoughSkin|Earthquake,DragonClaw,RockSlide,Protect|||F|||50|]Sinistcha||SitrusBerry|Hospitality|MatchaGotcha,RagePowder,TrickRoom,LifeDew||||||50|]Talonflame|||GaleWings|Acrobatics,RainDance,Tailwind,Protect|||M|||50|]Blastoise||Blastoisinite|RainDish|WaterSpout,AuraSphere,IceBeam,Protect|||M|||50|]Kingambit||LumBerry|Defiant|IronHead,SuckerPunch,KowtowCleave,Protect|||M|||50|]Rotom-Heat||ChoiceScarf|Levitate|Thunderbolt,VoltSwitch,WillOWisp,Overheat||||||50|\n|\n|t:|1776064084\n|teamsize|p1|4\n|teamsize|p2|4\n|start\n|switch|p1a: Whimsicott|Whimsicott, L50, F|100/100\n|switch|p1b: Sneasler|Sneasler, L50, M|100/100\n|switch|p2a: Garchomp|Garchomp, L50, F|100/100\n|switch|p2b: Talonflame|Talonflame, L50, M|100/100\n|turn|1\n|inactive|Battle timer is ON: inactive players will automatically lose when time's up. (requested by sillE roverT)\n|\n|t:|1776064106\n|move|p1b: Sneasler|Fake Out|p2b: Talonflame\n|-damage|p2b: Talonflame|75/100\n|move|p1a: Whimsicott|Tailwind|p1a: Whimsicott\n|-sidestart|p1: lolgz|move: Tailwind\n|cant|p2b: Talonflame|flinch\n|move|p2a: Garchomp|Earthquake|p1b: Sneasler|[spread] p1a,p1b\n|-immune|p2b: Talonflame\n|-resisted|p1a: Whimsicott|1\n|-supereffective|p1b: Sneasler|1\n|-crit|p1b: Sneasler\n|-damage|p1a: Whimsicott|72/100\n|-damage|p1b: Sneasler|0 fnt\n|faint|p1b: Sneasler\n|\n|upkeep\n|\n|t:|1776064119\n|switch|p1b: Garchomp|Garchomp, L50, M|100/100\n|turn|2\n|\n|t:|1776064138\n|move|p2b: Talonflame|Protect|p2b: Talonflame\n|-singleturn|p2b: Talonflame|Protect\n|move|p2a: Garchomp|Protect|p2a: Garchomp\n|-singleturn|p2a: Garchomp|Protect\n|move|p1b: Garchomp|Rock Slide|p2a: Garchomp|[spread] \n|-activate|p2a: Garchomp|move: Protect\n|-activate|p2b: Talonflame|move: Protect\n|move|p1a: Whimsicott|Moonblast|p2a: Garchomp\n|-activate|p2a: Garchomp|move: Protect\n|\n|upkeep\n|turn|3\n|inactive|sillE roverT has 30 seconds left.\n|inactive|sillE roverT has 20 seconds left.\n|\n|t:|1776064176\n|switch|p2b: Blastoise|Blastoise, L50, M|100/100\n|move|p1b: Garchomp|Rock Slide|p2a: Garchomp|[spread] p2a,p2b\n|-resisted|p2a: Garchomp|1\n|-damage|p2a: Garchomp|91/100\n|-damage|p2b: Blastoise|77/100\n|move|p1a: Whimsicott|Moonblast|p2a: Garchomp\n|-supereffective|p2a: Garchomp|1\n|-damage|p2a: Garchomp|12/100\n|move|p2a: Garchomp|Dragon Claw|p1b: Garchomp\n|-supereffective|p1b: Garchomp|1\n|-damage|p1b: Garchomp|9/100\n|-damage|p2a: Garchomp|0 fnt|[from] ability: Rough Skin|[of] p1b: Garchomp\n|faint|p2a: Garchomp\n|\n|upkeep\n|\n|t:|1776064191\n|switch|p2a: Talonflame|Talonflame, L50, M|75/100\n|turn|4\n|j| snively3\n|l| snively3\n|\n|t:|1776064206\n|detailschange|p2b: Blastoise|Blastoise-Mega, L50, M\n|-mega|p2b: Blastoise|Blastoise|Blastoisinite\n|move|p2a: Talonflame|Protect|p2a: Talonflame\n|-singleturn|p2a: Talonflame|Protect\n|move|p1a: Whimsicott|Sunny Day|p1a: Whimsicott\n|-weather|SunnyDay\n|move|p1b: Garchomp|Rock Slide|p2a: Talonflame|[spread] p2b\n|-activate|p2a: Talonflame|move: Protect\n|-damage|p2b: Blastoise|58/100\n|cant|p2b: Blastoise|flinch\n|\n|-weather|SunnyDay|[upkeep]\n|-sideend|p1: lolgz|move: Tailwind\n|upkeep\n|turn|5\n|\n|t:|1776064228\n|move|p1a: Whimsicott|Tailwind|p1a: Whimsicott\n|-sidestart|p1: lolgz|move: Tailwind\n|move|p1b: Garchomp|Rock Slide|p2b: Blastoise|[spread] p2a,p2b\n|-supereffective|p2a: Talonflame|2\n|-damage|p2a: Talonflame|0 fnt\n|-damage|p2b: Blastoise|40/100\n|faint|p2a: Talonflame\n|move|p2b: Blastoise|Ice Beam|p1b: Garchomp\n|-supereffective|p1b: Garchomp|2\n|-crit|p1b: Garchomp\n|-damage|p1b: Garchomp|0 fnt\n|faint|p1b: Garchomp\n|\n|-weather|SunnyDay|[upkeep]\n|upkeep\n|\n|t:|1776064236\n|switch|p2a: Rotom|Rotom-Heat, L50|100/100\n|switch|p1b: Floette|Floette-Eternal, L50, F|100/100\n|turn|6\n|inactive|sillE roverT has 30 seconds left.\n|\n|t:|1776064263\n|detailschange|p1b: Floette|Floette-Mega, L50, F\n|-mega|p1b: Floette|Floette|Floettite\n|-ability|p1b: Floette|Fairy Aura\n|move|p1a: Whimsicott|Moonblast|p2a: Rotom\n|-resisted|p2a: Rotom|1\n|-damage|p2a: Rotom|67/100\n|move|p1b: Floette|Dazzling Gleam|p2a: Rotom|[spread] p2a,p2b\n|-resisted|p2a: Rotom|1\n|-damage|p2a: Rotom|34/100\n|-damage|p2b: Blastoise|0 fnt\n|faint|p2b: Blastoise\n|move|p2a: Rotom|Overheat|p1b: Floette\n|-damage|p1b: Floette|16/100\n|-unboost|p2a: Rotom|spa|2\n|\n|-weather|SunnyDay|[upkeep]\n|upkeep\n|turn|7\n|j| RookieHj\n|\n|t:|1776064274\n|move|p1a: Whimsicott|Moonblast|p2a: Rotom\n|-resisted|p2a: Rotom|1\n|-damage|p2a: Rotom|4/100\n|-unboost|p2a: Rotom|spa|1\n|move|p1b: Floette|Moonblast|p2a: Rotom\n|-resisted|p2a: Rotom|1\n|-damage|p2a: Rotom|0 fnt\n|faint|p2a: Rotom\n|\n|win|lolgz\n|n|\u2606lolgz|lolgz\n|n|\u2606sillE roverT|sillerovert\n|n| RookieHj|rookiehj\n",
  "uploadtime": 1776064275,
  "views": 9,
  "formatid": "gen9championsvgc2026regma",
  "rating": null,
  "private": 0,
  "password": null
}