{
  "id": "gen9championsvgc2026regma-2584070575",
  "format": "[Gen 9 Champions] VGC 2026 Reg M-A",
  "players": [
    "Chef204",
    "popticle"
  ],
  "log": "|j|\u2606Chef204\n|j|\u2606popticle\n|t:|1776222144\n|gametype|doubles\n|player|p1|Chef204|101|1093\n|player|p2|popticle|lady-gen4|1076\n|gen|9\n|tier|[Gen 9 Champions] VGC 2026 Reg M-A\n|rated|\n|rule|Species Clause: Limit one of each Pok\u00e9mon\n|rule|Item Clause: Limit 1 of each item\n|clearpoke\n|poke|p1|Garchomp, L50, M|\n|poke|p1|Incineroar, L50, M|\n|poke|p1|Aerodactyl, L50, M|\n|poke|p1|Tyranitar, L50, M|\n|poke|p1|Milotic, L50, F|\n|poke|p1|Sneasler, L50, M|\n|poke|p2|Aerodactyl, L50, F|\n|poke|p2|Incineroar, L50, F|\n|poke|p2|Floette-Eternal, L50, F|\n|poke|p2|Rotom-Wash, L50|\n|poke|p2|Garchomp, L50, M|\n|poke|p2|Sneasler, L50, F|\n|teampreview|4\n|inactive|Battle timer is ON: inactive players will automatically lose when time's up. (requested by popticle)\n|inactive|Chef204 also wants the timer to be on.\n|j| MatuMonte\n|inactive|Chef204 has 60 seconds left.\n|\n|t:|1776222185\n|teamsize|p1|4\n|teamsize|p2|4\n|start\n|switch|p1a: Milotic|Milotic, L50, F|100/100\n|switch|p1b: Aerodactyl|Aerodactyl, L50, M, shiny|100/100\n|switch|p2a: Floette|Floette-Eternal, L50, F|100/100\n|switch|p2b: Aerodactyl|Aerodactyl, L50, F|100/100\n|-ability|p2b: Aerodactyl|Unnerve\n|-ability|p1b: Aerodactyl|Unnerve\n|turn|1\n|\n|t:|1776222194\n|detailschange|p2a: Floette|Floette-Mega, L50, F\n|-mega|p2a: Floette|Floette|Floettite\n|-ability|p2a: Floette|Fairy Aura\n|move|p2b: Aerodactyl|Tailwind|p2b: Aerodactyl\n|-sidestart|p2: popticle|move: Tailwind\n|move|p2a: Floette|Light of Ruin|p1a: Milotic\n|-damage|p1a: Milotic|0 fnt\n|faint|p1a: Milotic\n|-damage|p2a: Floette|42/100|[from] Recoil\n|move|p1b: Aerodactyl|Tailwind|p1b: Aerodactyl\n|-sidestart|p1: Chef204|move: Tailwind\n|\n|upkeep\n|\n|t:|1776222202\n|switch|p1a: Sneasler|Sneasler, L50, M|100/100\n|turn|2\n|l| MatuMonte\n|\n|t:|1776222212\n|move|p2a: Floette|Protect|p2a: Floette\n|-singleturn|p2a: Floette|Protect\n|move|p1a: Sneasler|Fake Out|p2b: Aerodactyl\n|-resisted|p2b: Aerodactyl|1\n|-damage|p2b: Aerodactyl|88/100\n|cant|p2b: Aerodactyl|flinch\n|move|p1b: Aerodactyl|Rock Slide|p2a: Floette|[spread] \n|-activate|p2a: Floette|move: Protect\n|-miss|p1b: Aerodactyl|p2b: Aerodactyl\n|\n|upkeep\n|turn|3\n|\n|t:|1776222227\n|switch|p2a: Incineroar|Incineroar, L50, F|100/100\n|-ability|p2a: Incineroar|Intimidate|boost\n|-unboost|p1a: Sneasler|atk|1\n|-unboost|p1b: Aerodactyl|atk|1\n|-enditem|p1a: Sneasler|White Herb\n|-clearnegativeboost|p1a: Sneasler|[silent]\n|move|p1a: Sneasler|Close Combat|p2b: Aerodactyl\n|-damage|p2b: Aerodactyl|0 fnt\n|-unboost|p1a: Sneasler|def|1\n|-unboost|p1a: Sneasler|spd|1\n|faint|p2b: Aerodactyl\n|move|p1b: Aerodactyl|Rock Slide|p2a: Incineroar\n|-supereffective|p2a: Incineroar|1\n|-damage|p2a: Incineroar|56/100\n|\n|upkeep\n|\n|t:|1776222242\n|switch|p2b: Floette|Floette-Mega, L50, F|42/100\n|-ability|p2b: Floette|Fairy Aura\n|turn|4\n|\n|t:|1776222257\n|move|p2a: Incineroar|Fake Out|p1a: Sneasler\n|-damage|p1a: Sneasler|75/100\n|cant|p1a: Sneasler|flinch\n|move|p1b: Aerodactyl|Rock Slide|p2b: Floette|[spread] p2a,p2b\n|-supereffective|p2a: Incineroar|1\n|-damage|p2a: Incineroar|23/100\n|-damage|p2b: Floette|18/100\n|move|p2b: Floette|Light of Ruin|p1a: Sneasler\n|-damage|p1a: Sneasler|0 fnt\n|faint|p1a: Sneasler\n|-damage|p2b: Floette|0 fnt|[from] Recoil\n|faint|p2b: Floette\n|\n|-sideend|p1: Chef204|move: Tailwind\n|-sideend|p2: popticle|move: Tailwind\n|upkeep\n|\n|t:|1776222269\n|switch|p1a: Tyranitar|Tyranitar, L50, M|100/100\n|switch|p2b: Rotom|Rotom-Wash, L50|100/100\n|-weather|Sandstorm|[from] ability: Sand Stream|[of] p1a: Tyranitar\n|turn|5\n|\n|t:|1776222281\n|detailschange|p1a: Tyranitar|Tyranitar-Mega, L50, M\n|-mega|p1a: Tyranitar|Tyranitar|Tyranitarite\n|move|p2a: Incineroar|Helping Hand|p2b: Rotom\n|-singleturn|p2b: Rotom|Helping Hand|[of] p2a: Incineroar\n|move|p1a: Tyranitar|Protect|p1a: Tyranitar\n|-singleturn|p1a: Tyranitar|Protect\n|move|p2b: Rotom|Hydro Pump|p1a: Tyranitar\n|-activate|p1a: Tyranitar|move: Protect\n|move|p1b: Aerodactyl|Tailwind|p1b: Aerodactyl\n|-sidestart|p1: Chef204|move: Tailwind\n|\n|-weather|Sandstorm|[upkeep]\n|-damage|p2b: Rotom|95/100|[from] Sandstorm\n|-damage|p2a: Incineroar|17/100|[from] Sandstorm\n|upkeep\n|turn|6\n|\n|t:|1776222290\n|move|p2a: Incineroar|Helping Hand|p2b: Rotom\n|-singleturn|p2b: Rotom|Helping Hand|[of] p2a: Incineroar\n|move|p1b: Aerodactyl|Rock Slide|p2b: Rotom|[spread] p2a,p2b\n|-supereffective|p2a: Incineroar|1\n|-crit|p2b: Rotom\n|-damage|p2a: Incineroar|0 fnt\n|-damage|p2b: Rotom|41/100\n|faint|p2a: Incineroar\n|move|p2b: Rotom|Hydro Pump|p1a: Tyranitar\n|-supereffective|p1a: Tyranitar|1\n|-damage|p1a: Tyranitar|29/100\n|move|p1a: Tyranitar|Rock Slide|p2b: Rotom\n|-damage|p2b: Rotom|0 fnt\n|faint|p2b: Rotom\n|\n|win|Chef204\n|raw|Chef204's rating: 1093 &rarr; <strong>1118</strong><br />(+25 for winning)\n|raw|popticle's rating: 1076 &rarr; <strong>1056</strong><br />(-20 for losing)\n|l|\u2606popticle\n|player|p2|\n",
  "uploadtime": 1776222305,
  "views": 41,
  "formatid": "gen9championsvgc2026regma",
  "rating": 1056,
  "private": 0,
  "password": null
}