{
  "id": "gen9championsvgc2026regma-2589434965",
  "format": "[Gen 9 Champions] VGC 2026 Reg M-A",
  "players": [
    "dhiaruga101",
    "Sketchy13"
  ],
  "log": "|j|\u2606dhiaruga101\n|j|\u2606Sketchy13\n|t:|1776722689\n|gametype|doubles\n|player|p1|dhiaruga101|cynthia-gen4|1265\n|player|p2|Sketchy13|n|1258\n|gen|9\n|tier|[Gen 9 Champions] VGC 2026 Reg M-A\n|rated|\n|rule|Species Clause: Limit one of each Pok\u00e9mon\n|rule|Item Clause: Limit 1 of each item\n|clearpoke\n|poke|p1|Floette-Eternal, L50, F|\n|poke|p1|Garchomp, L50, M, shiny|\n|poke|p1|Aerodactyl, L50, M, shiny|\n|poke|p1|Sneasler, L50, M, shiny|\n|poke|p1|Kingambit, L50, F, shiny|\n|poke|p1|Charizard, L50, F, shiny|\n|poke|p2|Garchomp, L50, M|\n|poke|p2|Charizard, L50, M, shiny|\n|poke|p2|Incineroar, L50, M|\n|poke|p2|Sneasler, L50, F|\n|poke|p2|Whimsicott, L50, F|\n|poke|p2|Aegislash, L50, F|\n|teampreview|4\n|inactive|Battle timer is ON: inactive players will automatically lose when time's up. (requested by dhiaruga101)\n|inactive|dhiaruga101 has 60 seconds left.\n|inactive|dhiaruga101 has 30 seconds left.\n|\n|t:|1776722757\n|teamsize|p1|4\n|teamsize|p2|4\n|start\n|switch|p1a: Aerodactyl|Aerodactyl, L50, M, shiny|100/100\n|switch|p1b: Charizard|Charizard, L50, F, shiny|100/100\n|switch|p2a: The Chomp|Garchomp, L50, M|100/100\n|switch|p2b: OP Cat|Incineroar, L50, M|100/100\n|-ability|p1a: Aerodactyl|Unnerve\n|-ability|p2b: OP Cat|Intimidate|boost\n|-unboost|p1a: Aerodactyl|atk|1\n|-unboost|p1b: Charizard|atk|1\n|turn|1\n|\n|t:|1776722779\n|move|p1a: Aerodactyl|Protect|p1a: Aerodactyl\n|-singleturn|p1a: Aerodactyl|Protect\n|move|p1b: Charizard|Protect|p1b: Charizard\n|-singleturn|p1b: Charizard|Protect\n|move|p2b: OP Cat|Fake Out|p1a: Aerodactyl\n|-activate|p1a: Aerodactyl|move: Protect\n|move|p2a: The Chomp|Rock Slide|p1a: Aerodactyl|[spread] \n|-activate|p1a: Aerodactyl|move: Protect\n|-activate|p1b: Charizard|move: Protect\n|\n|upkeep\n|turn|2\n|inactive|dhiaruga101 has 30 seconds left.\n|\n|t:|1776722805\n|switch|p1b: Garchomp|Garchomp, L50, M, shiny|100/100\n|move|p2a: The Chomp|Rock Slide|p1a: Aerodactyl|[spread] p1b\n|-miss|p2a: The Chomp|p1a: Aerodactyl\n|-resisted|p1b: Garchomp|1\n|-damage|p1b: Garchomp|90/100\n|move|p1a: Aerodactyl|Tailwind|p1a: Aerodactyl\n|-sidestart|p1: dhiaruga101|move: Tailwind\n|move|p2b: OP Cat|Parting Shot|p1b: Garchomp\n|-unboost|p1b: Garchomp|atk|1\n|-unboost|p1b: Garchomp|spa|1\n|\n|t:|1776722826\n|switch|p2b: Zard|Charizard, L50, M, shiny|100/100|[from] Parting Shot\n|\n|upkeep\n|turn|3\n|\n|t:|1776722839\n|switch|p2a: OP Cat|Incineroar, L50, M|100/100\n|-ability|p2a: OP Cat|Intimidate|boost\n|-unboost|p1a: Aerodactyl|atk|1\n|-unboost|p1b: Garchomp|atk|1\n|detailschange|p2b: Zard|Charizard-Mega-Y, L50, M, shiny\n|-mega|p2b: Zard|Charizard|Charizardite Y\n|-weather|SunnyDay|[from] ability: Drought|[of] p2b: Zard\n|move|p1a: Aerodactyl|Rock Slide|p2b: Zard|[spread] p2a,p2b\n|-supereffective|p2a: OP Cat|1\n|-supereffective|p2b: Zard|2\n|-damage|p2a: OP Cat|78/100\n|-damage|p2b: Zard|23/100\n|move|p1b: Garchomp|Rock Slide|p2a: OP Cat|[spread] p2a,p2b\n|-supereffective|p2a: OP Cat|1\n|-supereffective|p2b: Zard|2\n|-damage|p2a: OP Cat|60/100\n|-damage|p2b: Zard|0 fnt\n|faint|p2b: Zard\n|\n|-weather|SunnyDay|[upkeep]\n|upkeep\n|n|!Sketchy13|sketchy13\n|inactive|Sketchy13 has 30 seconds left.\n|\n|t:|1776722872\n|switch|p2b: Cool Fella|Aegislash, L50, F|100/100\n|turn|4\n|\n|t:|1776722880\n|move|p1a: Aerodactyl|Protect|p1a: Aerodactyl\n|-singleturn|p1a: Aerodactyl|Protect\n|move|p2a: OP Cat|Fake Out|p1b: Garchomp\n|-damage|p1b: Garchomp|79/100\n|-damage|p2a: OP Cat|48/100|[from] ability: Rough Skin|[of] p1b: Garchomp\n|cant|p1b: Garchomp|flinch\n|-formechange|p2b: Cool Fella|Aegislash-Blade|\n|move|p2b: Cool Fella|Flash Cannon|p1a: Aerodactyl\n|-activate|p1a: Aerodactyl|move: Protect\n|\n|-weather|SunnyDay|[upkeep]\n|upkeep\n|turn|5\n|\n|t:|1776722896\n|switch|p2a: The Chomp|Garchomp, L50, M|100/100\n|-formechange|p2b: Cool Fella|Aegislash|\n|move|p2b: Cool Fella|King's Shield|p2b: Cool Fella\n|-singleturn|p2b: Cool Fella|Protect\n|move|p1a: Aerodactyl|Rock Slide|p2b: Cool Fella|[spread] p2a\n|-activate|p2b: Cool Fella|move: Protect\n|-resisted|p2a: The Chomp|1\n|-damage|p2a: The Chomp|94/100\n|move|p1b: Garchomp|Earthquake|p2b: Cool Fella|[spread] p2a\n|-activate|p2b: Cool Fella|move: Protect\n|-immune|p1a: Aerodactyl\n|-damage|p2a: The Chomp|72/100\n|\n|-weather|SunnyDay|[upkeep]\n|-sideend|p1: dhiaruga101|move: Tailwind\n|upkeep\n|turn|6\n|\n|t:|1776722915\n|move|p1b: Garchomp|Protect|p1b: Garchomp\n|-singleturn|p1b: Garchomp|Protect\n|move|p2a: The Chomp|Dragon Claw|p1b: Garchomp\n|-activate|p1b: Garchomp|move: Protect\n|move|p1a: Aerodactyl|Tailwind|p1a: Aerodactyl\n|-sidestart|p1: dhiaruga101|move: Tailwind\n|-formechange|p2b: Cool Fella|Aegislash-Blade|\n|move|p2b: Cool Fella|Flash Cannon|p1a: Aerodactyl\n|-supereffective|p1a: Aerodactyl|1\n|-enditem|p1a: Aerodactyl|Focus Sash\n|-damage|p1a: Aerodactyl|1/100\n|\n|-weather|SunnyDay|[upkeep]\n|upkeep\n|turn|7\n|\n|t:|1776722932\n|-formechange|p2b: Cool Fella|Aegislash|\n|move|p2b: Cool Fella|King's Shield|p2b: Cool Fella\n|-singleturn|p2b: Cool Fella|Protect\n|move|p1a: Aerodactyl|Rock Slide|p2a: The Chomp|[spread] p2a\n|-activate|p2b: Cool Fella|move: Protect\n|-resisted|p2a: The Chomp|1\n|-damage|p2a: The Chomp|66/100\n|move|p1b: Garchomp|Dragon Claw|p2a: The Chomp\n|-supereffective|p2a: The Chomp|1\n|-damage|p2a: The Chomp|30/100\n|-damage|p1b: Garchomp|67/100|[from] ability: Rough Skin|[of] p2a: The Chomp\n|move|p2a: The Chomp|Dragon Claw|p1b: Garchomp\n|-supereffective|p1b: Garchomp|1\n|-damage|p1b: Garchomp|0 fnt\n|-damage|p2a: The Chomp|18/100|[from] ability: Rough Skin|[of] p1b: Garchomp\n|faint|p1b: Garchomp\n|\n|-weather|none\n|upkeep\n|\n|t:|1776722952\n|switch|p1b: Charizard|Charizard, L50, F, shiny|100/100\n|turn|8\n|\n|t:|1776722971\n|switch|p2a: OP Cat|Incineroar, L50, M|48/100\n|-ability|p2a: OP Cat|Intimidate|boost\n|-unboost|p1a: Aerodactyl|atk|1\n|-unboost|p1b: Charizard|atk|1\n|detailschange|p1b: Charizard|Charizard-Mega-Y, L50, F, shiny\n|-mega|p1b: Charizard|Charizard|Charizardite Y\n|-weather|SunnyDay|[from] ability: Drought|[of] p1b: Charizard\n|move|p2b: Cool Fella|Wide Guard|p2b: Cool Fella\n|-singleturn|p2b: Cool Fella|Wide Guard\n|move|p1a: Aerodactyl|Rock Slide|p2b: Cool Fella|[spread] \n|-activate|p2a: OP Cat|move: Wide Guard\n|-activate|p2b: Cool Fella|move: Wide Guard\n|move|p1b: Charizard|Weather Ball|p2a: OP Cat\n|-resisted|p2a: OP Cat|1\n|-crit|p2a: OP Cat\n|-damage|p2a: OP Cat|0 fnt\n|faint|p2a: OP Cat\n|\n|-weather|SunnyDay|[upkeep]\n|upkeep\n|\n|t:|1776722989\n|switch|p2a: The Chomp|Garchomp, L50, M|18/100\n|turn|9\n|\n|t:|1776722997\n|switch|p1a: Kingambit|Kingambit, L50, F, shiny|100/100\n|move|p1b: Charizard|Weather Ball|p2a: The Chomp\n|-resisted|p2a: The Chomp|1\n|-damage|p2a: The Chomp|0 fnt\n|faint|p2a: The Chomp\n|-formechange|p2b: Cool Fella|Aegislash-Blade|\n|move|p2b: Cool Fella|Flash Cannon|p1a: Kingambit\n|-resisted|p1a: Kingambit|1\n|-damage|p1a: Kingambit|76/100\n|-unboost|p1a: Kingambit|spd|1\n|-ability|p1a: Kingambit|Defiant|boost\n|-boost|p1a: Kingambit|atk|2\n|\n|-weather|SunnyDay|[upkeep]\n|-sideend|p1: dhiaruga101|move: Tailwind\n|upkeep\n|turn|10\n|-message|Sketchy13 forfeited.\n|\n|win|dhiaruga101\n",
  "uploadtime": 1776722855,
  "views": 3,
  "formatid": "gen9championsvgc2026regma",
  "rating": null,
  "private": 0,
  "password": null
}