{
  "id": "gen9championsvgc2026regma-2588209280",
  "format": "[Gen 9 Champions] VGC 2026 Reg M-A",
  "players": [
    "volacrona",
    "SirGenghisKhan"
  ],
  "log": "|j|\u2606volacrona\n|j|\u2606SirGenghisKhan\n|t:|1776614603\n|gametype|doubles\n|player|p1|volacrona|chili|1094\n|player|p2|SirGenghisKhan|266|1079\n|gen|9\n|tier|[Gen 9 Champions] VGC 2026 Reg M-A\n|rated|\n|rule|Species Clause: Limit one of each Pok\u00e9mon\n|rule|Item Clause: Limit 1 of each item\n|clearpoke\n|poke|p1|Glimmora, L50, F|\n|poke|p1|Tinkaton, L50, F|\n|poke|p1|Garchomp, L50, F|\n|poke|p1|Corviknight, L50, F|\n|poke|p1|Basculegion, L50, M|\n|poke|p1|Volcarona, L50, M|\n|poke|p2|Froslass, L50, F|\n|poke|p2|Garchomp, L50, M|\n|poke|p2|Rotom-Frost, L50|\n|poke|p2|Empoleon, L50, M|\n|poke|p2|Incineroar, L50, F|\n|poke|p2|Kingambit, L50, F|\n|teampreview|4\nSirGenghisKhan rejected open team sheets.\n|\n|t:|1776614676\n|teamsize|p1|4\n|teamsize|p2|4\n|start\n|switch|p1a: Glimmora|Glimmora, L50, F|100/100\n|switch|p1b: Volcarona|Volcarona, L50, M|100/100\n|switch|p2a: Froslass|Froslass, L50, F|100/100\n|switch|p2b: Rotom|Rotom-Frost, L50|100/100\n|turn|1\n|\n|t:|1776614704\n|detailschange|p2a: Froslass|Froslass-Mega, L50, F\n|-mega|p2a: Froslass|Froslass|Froslassite\n|-weather|Snowscape|[from] ability: Snow Warning|[of] p2a: Froslass\n|detailschange|p1a: Glimmora|Glimmora-Mega, L50, F\n|-mega|p1a: Glimmora|Glimmora|Glimmoranite\n|move|p2a: Froslass|Protect|p2a: Froslass\n|-singleturn|p2a: Froslass|Protect\n|move|p2b: Rotom|Volt Switch|p1b: Volcarona\n|-damage|p1b: Volcarona|67/100\n|\n|t:|1776614713\n|switch|p2b: Garchomp|Garchomp, L50, M|100/100|[from] Volt Switch\n|move|p1b: Volcarona|Heat Wave|p2b: Garchomp|[spread] p2b\n|-activate|p2a: Froslass|move: Protect\n|-resisted|p2b: Garchomp|1\n|-damage|p2b: Garchomp|80/100\n|move|p1a: Glimmora|Power Gem|p2b: Garchomp\n|-resisted|p2b: Garchomp|1\n|-crit|p2b: Garchomp\n|-damage|p2b: Garchomp|26/100\n|\n|-weather|Snowscape|[upkeep]\n|upkeep\n|turn|2\n|\n|t:|1776614740\n|move|p1a: Glimmora|Spiky Shield|p1a: Glimmora\n|-singleturn|p1a: Glimmora|move: Protect\n|move|p2a: Froslass|Aurora Veil|p2a: Froslass\n|-sidestart|p2: SirGenghisKhan|move: Aurora Veil\n|move|p2b: Garchomp|Rock Slide|p1b: Volcarona|[spread] p1b\n|-activate|p1a: Glimmora|move: Protect\n|-supereffective|p1b: Volcarona|2\n|-damage|p1b: Volcarona|0 fnt\n|faint|p1b: Volcarona\n|\n|-weather|Snowscape|[upkeep]\n|upkeep\n|\n|t:|1776614752\n|switch|p1b: Basculegion|Basculegion, L50, M|100/100\n|turn|3\n|\n|t:|1776614761\n|switch|p2b: Rotom|Rotom-Frost, L50|100/100\n|move|p1b: Basculegion|Icy Wind|p2b: Rotom|[spread] p2a,p2b\n|-resisted|p2a: Froslass|1\n|-resisted|p2b: Rotom|1\n|-damage|p2a: Froslass|98/100\n|-damage|p2b: Rotom|97/100\n|-unboost|p2a: Froslass|spe|1\n|-unboost|p2b: Rotom|spe|1\n|move|p1a: Glimmora|Power Gem|p2a: Froslass\n|-supereffective|p2a: Froslass|1\n|-damage|p2a: Froslass|0 fnt\n|faint|p2a: Froslass\n|\n|-weather|Snowscape|[upkeep]\n|upkeep\n|\n|t:|1776614785\n|switch|p2a: Kingambit|Kingambit, L50, F|100/100\n|turn|4\n|\n|t:|1776614798\n|switch|p1b: Garchomp|Garchomp, L50, F|100/100\n|move|p1a: Glimmora|Spiky Shield|p1a: Glimmora\n|-singleturn|p1a: Glimmora|move: Protect\n|move|p2b: Rotom|Thunderbolt|p1b: Garchomp\n|-immune|p1b: Garchomp\n|move|p2a: Kingambit|Iron Head|p1a: Glimmora\n|-activate|p1a: Glimmora|move: Protect\n|-damage|p2a: Kingambit|88/100|[from] Spiky Shield|[of] p1a: Glimmora\n|\n|-weather|Snowscape|[upkeep]\n|upkeep\n|turn|5\n|\n|t:|1776614819\n|move|p1b: Garchomp|Stomping Tantrum|p2a: Kingambit\n|-supereffective|p2a: Kingambit|1\n|-damage|p2a: Kingambit|31/100\n|move|p1a: Glimmora|Power Gem|p2b: Rotom\n|-supereffective|p2b: Rotom|1\n|-damage|p2b: Rotom|0 fnt\n|faint|p2b: Rotom\n|move|p2a: Kingambit|Iron Head|p1a: Glimmora\n|-supereffective|p1a: Glimmora|1\n|-damage|p1a: Glimmora|3/100\n|\n|-weather|none\n|upkeep\n|\n|t:|1776614829\n|switch|p2b: Garchomp|Garchomp, L50, M|26/100\n|turn|6\n|\n|t:|1776614839\n|move|p1a: Glimmora|Spiky Shield|p1a: Glimmora\n|-singleturn|p1a: Glimmora|move: Protect\n|move|p2a: Kingambit|Sucker Punch||[still]\n|-fail|p2a: Kingambit\n|move|p1b: Garchomp|Earthquake|p2a: Kingambit|[spread] p2a,p2b\n|-activate|p1a: Glimmora|move: Protect\n|-supereffective|p2a: Kingambit|1\n|-damage|p2a: Kingambit|0 fnt\n|-damage|p2b: Garchomp|0 fnt\n|faint|p2a: Kingambit\n|faint|p2b: Garchomp\n|\n|win|volacrona\n|raw|volacrona's rating: 1094 &rarr; <strong>1119</strong><br />(+25 for winning)\n|raw|SirGenghisKhan's rating: 1079 &rarr; <strong>1058</strong><br />(-21 for losing)\n|c|\u2606volacrona|ggwp\n|l|\u2606SirGenghisKhan\n|player|p2|\n",
  "uploadtime": 1776614944,
  "views": 11,
  "formatid": "gen9championsvgc2026regma",
  "rating": 1058,
  "private": 0,
  "password": null
}