{
  "id": "gen9championsvgc2026regma-2587194002",
  "format": "[Gen 9 Champions] VGC 2026 Reg M-A",
  "players": [
    "MiraidonGaming",
    "aforesgay"
  ],
  "log": "|j|\u2606MiraidonGaming\n|j|\u2606aforesgay\n|t:|1776507117\n|gametype|doubles\n|player|p1|MiraidonGaming|lucas|1407\n|player|p2|aforesgay|cueball-gen1rb|1465\n|gen|9\n|tier|[Gen 9 Champions] VGC 2026 Reg M-A\n|rated|\n|rule|Species Clause: Limit one of each Pok\u00e9mon\n|rule|Item Clause: Limit 1 of each item\n|clearpoke\n|poke|p1|Typhlosion-Hisui, L50, M|\n|poke|p1|Charizard, L50, M|\n|poke|p1|Liepard, L50, M|\n|poke|p1|Whimsicott, L50, M|\n|poke|p1|Quaquaval, L50, F|\n|poke|p1|Weavile, L50, M|\n|poke|p2|Floette-Eternal, L50, F, shiny|\n|poke|p2|Kingambit, L50, M|\n|poke|p2|Talonflame, L50, M|\n|poke|p2|Incineroar, L50, M|\n|poke|p2|Garchomp, L50, F, shiny|\n|poke|p2|Rotom-Wash, L50|\n|teampreview|4\n|\n|t:|1776507138\n|teamsize|p1|4\n|teamsize|p2|4\n|start\n|switch|p1a: Typhlosion|Typhlosion-Hisui, L50, M|100/100\n|switch|p1b: Kota|Liepard, L50, M|100/100\n|switch|p2a: Talonflame|Talonflame, L50, M|100/100\n|switch|p2b: Rotom|Rotom-Wash, L50|100/100\n|-item|p2b: Rotom|Sitrus Berry|[from] ability: Frisk|[of] p1a: Typhlosion\n|turn|1\n|\n|t:|1776507149\n|move|p2a: Talonflame|Protect|p2a: Talonflame\n|-singleturn|p2a: Talonflame|Protect\n|move|p2b: Rotom|Protect|p2b: Rotom\n|-singleturn|p2b: Rotom|Protect\n|move|p1b: Kota|Fake Out|p2a: Talonflame\n|-activate|p2a: Talonflame|move: Protect\n|move|p1a: Typhlosion|Eruption|p2a: Talonflame|[spread] \n|-activate|p2a: Talonflame|move: Protect\n|-activate|p2b: Rotom|move: Protect\n|\n|upkeep\n|turn|2\n|inactive|Battle timer is ON: inactive players will automatically lose when time's up. (requested by aforesgay)\n|\n|t:|1776507159\n|move|p2a: Talonflame|Tailwind|p2a: Talonflame\n|-sidestart|p2: aforesgay|move: Tailwind\n|move|p1b: Kota|Encore|p2b: Rotom\n|-start|p2b: Rotom|Encore\n|move|p2b: Rotom|Protect||[still]\n|-fail|p2b: Rotom\n|move|p1a: Typhlosion|Eruption|p2b: Rotom|[spread] p2a,p2b\n|-resisted|p2a: Talonflame|1\n|-resisted|p2b: Rotom|1\n|-damage|p2a: Talonflame|50/100\n|-damage|p2b: Rotom|68/100\n|\n|upkeep\n|turn|3\n|inactive|aforesgay has 30 seconds left.\n|inactive|aforesgay has 20 seconds left.\n|\n|t:|1776507196\n|switch|p2a: Garchomp|Garchomp, L50, F, shiny|100/100\n|switch|p2b: Floette|Floette-Eternal, L50, F, shiny|100/100\n|move|p1b: Kota|Encore||[still]\n|-fail|p1b: Kota\n|move|p1a: Typhlosion|Eruption|p2a: Garchomp|[spread] p2a,p2b\n|-resisted|p2a: Garchomp|1\n|-damage|p2a: Garchomp|67/100\n|-damage|p2b: Floette|48/100\n|\n|upkeep\n|turn|4\n|inactive|MiraidonGaming has 30 seconds left.\n|inactive|MiraidonGaming has 20 seconds left.\n|inactive|MiraidonGaming has 15 seconds left.\n|\n|t:|1776507237\n|detailschange|p2b: Floette|Floette-Mega, L50, F, shiny\n|-mega|p2b: Floette|Floette|Floettite\n|-ability|p2b: Floette|Fairy Aura\n|move|p1b: Kota|Sucker Punch|p2a: Garchomp\n|-damage|p2a: Garchomp|44/100\n|-damage|p1b: Kota|88/100|[from] ability: Rough Skin|[of] p2a: Garchomp\n|move|p2a: Garchomp|Rock Slide|p1a: Typhlosion|[spread] p1a,p1b\n|-supereffective|p1a: Typhlosion|1\n|-damage|p1a: Typhlosion|44/100\n|-damage|p1b: Kota|42/100\n|move|p2b: Floette|Dazzling Gleam|p1b: Kota|[spread] p1a,p1b\n|-resisted|p1a: Typhlosion|1\n|-supereffective|p1b: Kota|1\n|-damage|p1a: Typhlosion|13/100\n|-damage|p1b: Kota|0 fnt\n|faint|p1b: Kota\n|move|p1a: Typhlosion|Eruption|p2a: Garchomp|[spread] p2a,p2b\n|-resisted|p2a: Garchomp|1\n|-crit|p2b: Floette\n|-damage|p2a: Garchomp|40/100\n|-damage|p2b: Floette|40/100\n|\n|upkeep\n|\n|t:|1776507242\n|switch|p1b: Weavile|Weavile, L50, M|100/100\n|-ability|p1b: Weavile|Pressure\n|turn|5\n|\n|t:|1776507258\n|move|p1b: Weavile|Ice Shard|p2a: Garchomp\n|-supereffective|p2a: Garchomp|2\n|-damage|p2a: Garchomp|0 fnt\n|faint|p2a: Garchomp\n|move|p2b: Floette|Dazzling Gleam|p1a: Typhlosion|[spread] p1a,p1b\n|-resisted|p1a: Typhlosion|1\n|-supereffective|p1b: Weavile|1\n|-damage|p1a: Typhlosion|0 fnt\n|-damage|p1b: Weavile|0 fnt\n|faint|p1a: Typhlosion\n|faint|p1b: Weavile\n|\n|-sideend|p2: aforesgay|move: Tailwind\n|upkeep\n|inactive|MiraidonGaming has 30 seconds left.\n|inactive|MiraidonGaming has 20 seconds left.\n|inactive|MiraidonGaming has 15 seconds left.\n|\n|t:|1776507298\n|switch|p1a: Charizard|Charizard, L50, M|100/100\n|switch|p2a: Talonflame|Talonflame, L50, M|50/100\n|turn|6\n|\n|t:|1776507311\n|detailschange|p1a: Charizard|Charizard-Mega-Y, L50, M\n|-mega|p1a: Charizard|Charizard|Charizardite Y\n|-weather|SunnyDay|[from] ability: Drought|[of] p1a: Charizard\n|move|p2a: Talonflame|Tailwind|p2a: Talonflame\n|-sidestart|p2: aforesgay|move: Tailwind\n|move|p2b: Floette|Moonblast|p1a: Charizard\n|-resisted|p1a: Charizard|1\n|-damage|p1a: Charizard|64/100\n|move|p1a: Charizard|Heat Wave|p2a: Talonflame|[spread] p2b\n|-miss|p1a: Charizard|p2a: Talonflame\n|-damage|p2b: Floette|0 fnt\n|faint|p2b: Floette\n|\n|-weather|SunnyDay|[upkeep]\n|upkeep\n|\n|t:|1776507317\n|switch|p2b: Rotom|Rotom-Wash, L50|68/100\n|turn|7\n|\n|t:|1776507325\n|move|p2a: Talonflame|Acrobatics|p1a: Charizard\n|-damage|p1a: Charizard|2/100\n|move|p2b: Rotom|Thunderbolt|p1a: Charizard\n|-supereffective|p1a: Charizard|1\n|-damage|p1a: Charizard|0 fnt\n|faint|p1a: Charizard\n|\n|win|aforesgay\n|raw|MiraidonGaming's rating: 1379 &rarr; <strong>1364</strong><br />(-15 for losing)\n|raw|aforesgay's rating: 1465 &rarr; <strong>1480</strong><br />(+15 for winning)\n|l|\u2606MiraidonGaming\n|player|p1|\n",
  "uploadtime": 1776507343,
  "views": 24,
  "formatid": "gen9championsvgc2026regma",
  "rating": 1364,
  "private": 0,
  "password": null
}