{
  "id": "gen9championsvgc2026regma-2583255498",
  "format": "[Gen 9 Champions] VGC 2026 Reg M-A",
  "players": [
    "RandomGuyInSchool",
    "ToeTickler75"
  ],
  "log": "|j|\u2606RandomGuyInSchool\n|j|\u2606ToeTickler75\n|t:|1776160056\n|gametype|doubles\n|player|p1|RandomGuyInSchool|schoolkid-gen4|1113\n|player|p2|ToeTickler75|boarder|1008\n|gen|9\n|tier|[Gen 9 Champions] VGC 2026 Reg M-A\n|rated|\n|rule|Species Clause: Limit one of each Pok\u00e9mon\n|rule|Item Clause: Limit 1 of each item\n|clearpoke\n|poke|p1|Rotom-Wash, L50|\n|poke|p1|Incineroar, L50, M|\n|poke|p1|Sinistcha, L50|\n|poke|p1|Drampa, L50, F|\n|poke|p1|Floette-Eternal, L50, F|\n|poke|p1|Sneasler, L50, M|\n|poke|p2|Blastoise, L50, F|\n|poke|p2|Pelipper, L50, M|\n|poke|p2|Sinistcha, L50|\n|poke|p2|Sneasler, L50, F|\n|poke|p2|Garchomp, L50, F|\n|poke|p2|Kingambit, L50, M|\n|teampreview|4\n|inactive|Battle timer is ON: inactive players will automatically lose when time's up. (requested by RandomGuyInSchool)\nRandomGuyInSchool rejected open team sheets.\n|inactive|RandomGuyInSchool has 60 seconds left.\n|inactive|ToeTickler75 has 60 seconds left.\n|\n|t:|1776160111\n|teamsize|p1|4\n|teamsize|p2|4\n|start\n|switch|p1a: Floette|Floette-Eternal, L50, F|100/100\n|switch|p1b: Rotom|Rotom-Wash, L50|100/100\n|switch|p2a: Blastoise|Blastoise, L50, F|100/100\n|switch|p2b: Sinistcha|Sinistcha, L50|100/100\n|turn|1\n|inactive|RandomGuyInSchool has 30 seconds left.\n|\n|t:|1776160137\n|detailschange|p1a: Floette|Floette-Mega, L50, F\n|-mega|p1a: Floette|Floette|Floettite\n|-ability|p1a: Floette|Fairy Aura\n|detailschange|p2a: Blastoise|Blastoise-Mega, L50, F\n|-mega|p2a: Blastoise|Blastoise|Blastoisinite\n|move|p2b: Sinistcha|Rage Powder|p2b: Sinistcha\n|-singleturn|p2b: Sinistcha|move: Rage Powder\n|move|p1b: Rotom|Volt Switch|p2b: Sinistcha\n|-resisted|p2b: Sinistcha|1\n|-damage|p2b: Sinistcha|84/100\n|\n|t:|1776160152\n|switch|p1b: Drampa|Drampa, L50, F|100/100|[from] Volt Switch\n|-ability|p1b: Drampa|Cloud Nine\n|move|p1a: Floette|Calm Mind|p1a: Floette\n|-boost|p1a: Floette|spa|1\n|-boost|p1a: Floette|spd|1\n|move|p2a: Blastoise|Water Spout|p1b: Drampa|[spread] p1a,p1b\n|-resisted|p1b: Drampa|1\n|-damage|p1a: Floette|63/100\n|-damage|p1b: Drampa|69/100\n|\n|upkeep\n|turn|2\n|inactive|ToeTickler75 has 30 seconds left.\n|inactive|ToeTickler75 has 20 seconds left.\n|inactive|ToeTickler75 has 15 seconds left.\n|\n|t:|1776160193\n|move|p1a: Floette|Calm Mind|p1a: Floette\n|-boost|p1a: Floette|spa|1\n|-boost|p1a: Floette|spd|1\n|move|p2a: Blastoise|Ice Beam|p1b: Drampa\n|-supereffective|p1b: Drampa|1\n|-damage|p1b: Drampa|1/100\n|move|p2b: Sinistcha|Life Dew||[still]|[spread] p2a,p2b\n|-fail|p2a: Blastoise|heal\n|-heal|p2b: Sinistcha|100/100\n|move|p1b: Drampa|Hyper Voice|p2a: Blastoise|[spread] p2a\n|-immune|p2b: Sinistcha\n|-damage|p2a: Blastoise|63/100\n|\n|upkeep\n|turn|3\n|\n|t:|1776160216\n|move|p1b: Drampa|Protect|p1b: Drampa\n|-singleturn|p1b: Drampa|Protect\n|move|p2b: Sinistcha|Rage Powder|p2b: Sinistcha\n|-singleturn|p2b: Sinistcha|move: Rage Powder\n|move|p1a: Floette|Calm Mind|p1a: Floette\n|-boost|p1a: Floette|spa|1\n|-boost|p1a: Floette|spd|1\n|move|p2a: Blastoise|Water Spout|p1a: Floette|[spread] p1a\n|-activate|p1b: Drampa|move: Protect\n|-damage|p1a: Floette|49/100\n|\n|upkeep\n|turn|4\n|\n|t:|1776160231\n|move|p2b: Sinistcha|Rage Powder|p2b: Sinistcha\n|-singleturn|p2b: Sinistcha|move: Rage Powder\n|move|p1a: Floette|Calm Mind|p1a: Floette\n|-boost|p1a: Floette|spa|1\n|-boost|p1a: Floette|spd|1\n|move|p2a: Blastoise|Water Spout|p1b: Drampa|[spread] p1a,p1b\n|-resisted|p1b: Drampa|1\n|-damage|p1a: Floette|37/100\n|-damage|p1b: Drampa|0 fnt\n|faint|p1b: Drampa\n|\n|upkeep\n|\n|t:|1776160239\n|switch|p1b: Sinistcha|Sinistcha, L50|100/100\n|-heal|p1a: Floette|61/100|[from] ability: Hospitality|[of] p1b: Sinistcha\n|turn|5\n|\n|t:|1776160250\n|move|p2b: Sinistcha|Rage Powder|p2b: Sinistcha\n|-singleturn|p2b: Sinistcha|move: Rage Powder\n|move|p1a: Floette|Calm Mind|p1a: Floette\n|-boost|p1a: Floette|spa|1\n|-boost|p1a: Floette|spd|1\n|move|p2a: Blastoise|Ice Beam|p1b: Sinistcha\n|-supereffective|p1b: Sinistcha|1\n|-damage|p1b: Sinistcha|33/100\n|-enditem|p1b: Sinistcha|Sitrus Berry|[eat]\n|-heal|p1b: Sinistcha|58/100|[from] item: Sitrus Berry\n|move|p1b: Sinistcha|Life Dew|p1b: Sinistcha|[spread] p1a,p1b\n|-heal|p1a: Floette|87/100\n|-heal|p1b: Sinistcha|83/100\n|\n|upkeep\n|turn|6\n|inactive|ToeTickler75 has 30 seconds left.\n|\n|t:|1776160281\n|move|p2b: Sinistcha|Rage Powder|p2b: Sinistcha\n|-singleturn|p2b: Sinistcha|move: Rage Powder\n|move|p1a: Floette|Dazzling Gleam|p2b: Sinistcha|[spread] p2a,p2b\n|-crit|p2a: Blastoise\n|-damage|p2a: Blastoise|0 fnt\n|-damage|p2b: Sinistcha|0 fnt\n|faint|p2a: Blastoise\n|faint|p2b: Sinistcha\n|move|p1b: Sinistcha|Life Dew|p1b: Sinistcha|[spread] p1a,p1b\n|-heal|p1a: Floette|100/100\n|-heal|p1b: Sinistcha|100/100\n|\n|upkeep\n|\n|t:|1776160284\n|switch|p2a: Sneasler|Sneasler, L50, F|100/100\n|switch|p2b: Kingambit|Kingambit, L50, M|100/100\n|turn|7\n|\n|t:|1776160301\n|switch|p1b: Rotom|Rotom-Wash, L50|100/100\n|move|p1a: Floette|Protect|p1a: Floette\n|-singleturn|p1a: Floette|Protect\n|move|p2a: Sneasler|Dire Claw|p1a: Floette\n|-activate|p1a: Floette|move: Protect\n|move|p2b: Kingambit|Kowtow Cleave|p1b: Rotom\n|-damage|p1b: Rotom|39/100\n|\n|upkeep\n|turn|8\n|\n|t:|1776160320\n|move|p2b: Kingambit|Sucker Punch||[still]\n|-fail|p2b: Kingambit\n|move|p1b: Rotom|Will-O-Wisp|p2b: Kingambit|[miss]\n|-miss|p1b: Rotom|p2b: Kingambit\n|move|p2a: Sneasler|Dire Claw|p1a: Floette\n|-supereffective|p1a: Floette|1\n|-damage|p1a: Floette|0 fnt\n|faint|p1a: Floette\n|\n|upkeep\n|-message|RandomGuyInSchool forfeited.\n|\n|win|ToeTickler75\n|raw|RandomGuyInSchool's rating: 1113 &rarr; <strong>1081</strong><br />(-32 for losing)\n|raw|ToeTickler75's rating: 1008 &rarr; <strong>1058</strong><br />(+50 for winning)\n|l|\u2606ToeTickler75\n|player|p2|\n",
  "uploadtime": 1776160344,
  "views": 15,
  "formatid": "gen9championsvgc2026regma",
  "rating": 1058,
  "private": 0,
  "password": null
}