{
  "id": "gen9championsvgc2026regma-2589495266",
  "format": "[Gen 9 Champions] VGC 2026 Reg M-A",
  "players": [
    "17nicoo",
    "Jrmoore896"
  ],
  "log": "|j|\u260617nicoo\n|j|\u2606Jrmoore896\n|t:|1776728151\n|gametype|doubles\n|player|p1|17nicoo|169|1237\n|player|p2|Jrmoore896|red|1216\n|gen|9\n|tier|[Gen 9 Champions] VGC 2026 Reg M-A\n|rated|\n|rule|Species Clause: Limit one of each Pok\u00e9mon\n|rule|Item Clause: Limit 1 of each item\n|clearpoke\n|poke|p1|Charizard, L50, M, shiny|\n|poke|p1|Venusaur, L50, F|\n|poke|p1|Garchomp, L50, F|\n|poke|p1|Sneasler, L50, M, shiny|\n|poke|p1|Incineroar, L50, M, shiny|\n|poke|p1|Milotic, L50, F, shiny|\n|poke|p2|Pelipper, L50, M|\n|poke|p2|Dragonite, L50, M, shiny|\n|poke|p2|Basculegion, L50, M|\n|poke|p2|Rotom-Heat, L50, shiny|\n|poke|p2|Archaludon, L50, M, shiny|\n|poke|p2|Sneasler, L50, M|\n|teampreview|4\n|inactive|Battle timer is ON: inactive players will automatically lose when time's up. (requested by Jrmoore896)\n|\n|t:|1776728208\n|teamsize|p1|4\n|teamsize|p2|4\n|start\n|switch|p1a: Milotic|Milotic, L50, F, shiny|100/100\n|switch|p1b: Incineroar|Incineroar, L50, M, shiny|100/100\n|switch|p2a: Rotom|Rotom-Heat, L50, shiny|100/100\n|switch|p2b: Sneasler|Sneasler, L50, M|100/100\n|-ability|p1b: Incineroar|Intimidate|boost\n|-unboost|p2a: Rotom|atk|1\n|-unboost|p2b: Sneasler|atk|1\n|-enditem|p2b: Sneasler|White Herb\n|-clearnegativeboost|p2b: Sneasler|[silent]\n|turn|1\n|\n|t:|1776728231\n|move|p2b: Sneasler|Fake Out|p1b: Incineroar\n|-damage|p1b: Incineroar|86/100\n|cant|p1b: Incineroar|flinch\n|move|p2a: Rotom|Volt Switch|p1a: Milotic\n|-supereffective|p1a: Milotic|1\n|-damage|p1a: Milotic|64/100\n|\n|t:|1776728244\n|switch|p2a: Dragonite|Dragonite, L50, M, shiny|100/100|[from] Volt Switch\n|move|p1a: Milotic|Coil|p1a: Milotic\n|-boost|p1a: Milotic|atk|1\n|-boost|p1a: Milotic|def|1\n|-boost|p1a: Milotic|accuracy|1\n|\n|-heal|p1a: Milotic|70/100|[from] item: Leftovers\n|upkeep\n|turn|2\n|\n|t:|1776728264\n|switch|p2b: Pelipper|Pelipper, L50, M|100/100\n|-weather|RainDance|[from] ability: Drizzle|[of] p2b: Pelipper\n|switch|p1b: Garchomp|Garchomp, L50, F|100/100\n|detailschange|p2a: Dragonite|Dragonite-Mega, L50, M, shiny\n|-mega|p2a: Dragonite|Dragonite|Dragoninite\n|move|p2a: Dragonite|Thunder|p1a: Milotic\n|-supereffective|p1a: Milotic|1\n|-damage|p1a: Milotic|17/100\n|-status|p1a: Milotic|par\n|move|p1a: Milotic|Coil|p1a: Milotic\n|-boost|p1a: Milotic|atk|1\n|-boost|p1a: Milotic|def|1\n|-boost|p1a: Milotic|accuracy|1\n|\n|-weather|RainDance|[upkeep]\n|-heal|p1a: Milotic|23/100 par|[from] item: Leftovers\n|upkeep\n|turn|3\n|inactive|Jrmoore896 has 30 seconds left.\n|\n|t:|1776728293\n|switch|p2b: Sneasler|Sneasler, L50, M|100/100\n|move|p2a: Dragonite|Protect|p2a: Dragonite\n|-singleturn|p2a: Dragonite|Protect\n|move|p1b: Garchomp|Rock Slide|p2b: Sneasler|[spread] p2b\n|-activate|p2a: Dragonite|move: Protect\n|-resisted|p2b: Sneasler|1\n|-damage|p2b: Sneasler|84/100\n|cant|p1a: Milotic|par\n|\n|-weather|RainDance|[upkeep]\n|-heal|p1a: Milotic|29/100 par|[from] item: Leftovers\n|upkeep\n|turn|4\n|\n|t:|1776728317\n|move|p2b: Sneasler|Fake Out|p1b: Garchomp\n|-damage|p1b: Garchomp|86/100\n|-damage|p2b: Sneasler|71/100|[from] ability: Rough Skin|[of] p1b: Garchomp\n|cant|p1b: Garchomp|flinch\n|move|p2a: Dragonite|Thunder|p1a: Milotic\n|-supereffective|p1a: Milotic|1\n|-crit|p1a: Milotic\n|-damage|p1a: Milotic|0 fnt\n|faint|p1a: Milotic\n|\n|-weather|RainDance|[upkeep]\n|upkeep\n|\n|t:|1776728332\n|switch|p1a: Charizard|Charizard, L50, M, shiny|100/100\n|turn|5\n|\n|t:|1776728338\n|switch|p2b: Rotom|Rotom-Heat, L50, shiny|100/100\n|detailschange|p1a: Charizard|Charizard-Mega-Y, L50, M, shiny\n|-mega|p1a: Charizard|Charizard|Charizardite Y\n|-weather|SunnyDay|[from] ability: Drought|[of] p1a: Charizard\n|move|p1b: Garchomp|Rock Slide|p2a: Dragonite|[spread] p2a\n|-miss|p1b: Garchomp|p2b: Rotom\n|-supereffective|p2a: Dragonite|1\n|-damage|p2a: Dragonite|79/100\n|move|p1a: Charizard|Heat Wave|p2b: Rotom|[spread] p2a,p2b\n|-resisted|p2a: Dragonite|1\n|-resisted|p2b: Rotom|1\n|-damage|p2a: Dragonite|51/100\n|-damage|p2b: Rotom|60/100\n|move|p2a: Dragonite|Draco Meteor|p1b: Garchomp\n|-supereffective|p1b: Garchomp|1\n|-damage|p1b: Garchomp|0 fnt\n|-unboost|p2a: Dragonite|spa|2\n|faint|p1b: Garchomp\n|\n|-weather|SunnyDay|[upkeep]\n|upkeep\n|\n|t:|1776728356\n|switch|p1b: Incineroar|Incineroar, L50, M, shiny|86/100\n|-ability|p1b: Incineroar|Intimidate|boost\n|-unboost|p2a: Dragonite|atk|1\n|-unboost|p2b: Rotom|atk|1\n|turn|6\n|\n|t:|1776728374\n|switch|p2b: Pelipper|Pelipper, L50, M|100/100\n|-weather|RainDance|[from] ability: Drizzle|[of] p2b: Pelipper\n|switch|p2a: Sneasler|Sneasler, L50, M|71/100\n|move|p1b: Incineroar|Fake Out|p2a: Sneasler\n|-damage|p2a: Sneasler|46/100\n|move|p1a: Charizard|Weather Ball|p2b: Pelipper\n|-resisted|p2b: Pelipper|1\n|-damage|p2b: Pelipper|50/100\n|\n|-weather|RainDance|[upkeep]\n|upkeep\n|turn|7\n|inactive|17nicoo has 30 seconds left.\n|inactive|Jrmoore896 has 30 seconds left.\n|\n|t:|1776728404\n|move|p1a: Charizard|Protect|p1a: Charizard\n|-singleturn|p1a: Charizard|Protect\n|move|p2a: Sneasler|Fake Out|p1a: Charizard\n|-activate|p1a: Charizard|move: Protect\n|move|p2b: Pelipper|Tailwind|p2b: Pelipper\n|-sidestart|p2: Jrmoore896|move: Tailwind\n|move|p1b: Incineroar|Darkest Lariat|p2b: Pelipper\n|-damage|p2b: Pelipper|0 fnt\n|faint|p2b: Pelipper\n|\n|-weather|RainDance|[upkeep]\n|upkeep\n|\n|t:|1776728421\n|switch|p2b: Dragonite|Dragonite-Mega, L50, M, shiny|51/100\n|turn|8\n|-message|17nicoo forfeited.\n|\n|win|Jrmoore896\n|raw|17nicoo's rating: 1237 &rarr; <strong>1210</strong><br />(-27 for losing)\n|raw|Jrmoore896's rating: 1216 &rarr; <strong>1243</strong><br />(+27 for winning)\n|l|\u260617nicoo\n|player|p1|\n",
  "uploadtime": 1776728445,
  "views": 5,
  "formatid": "gen9championsvgc2026regma",
  "rating": 1210,
  "private": 0,
  "password": null
}