{
  "id": "gen9championsvgc2026regma-2587854858",
  "format": "[Gen 9 Champions] VGC 2026 Reg M-A",
  "players": [
    "TheNewMeliolizard",
    "jaesun0810"
  ],
  "log": "|j|\u2606TheNewMeliolizard\n|j|\u2606jaesun0810\n|t:|1776571003\n|gametype|doubles\n|player|p1|TheNewMeliolizard|larry|1538\n|player|p2|jaesun0810|102|1510\n|gen|9\n|tier|[Gen 9 Champions] VGC 2026 Reg M-A\n|rated|\n|rule|Species Clause: Limit one of each Pok\u00e9mon\n|rule|Item Clause: Limit 1 of each item\n|clearpoke\n|poke|p1|Aggron, L50, M, shiny|\n|poke|p1|Rotom-Wash, L50, shiny|\n|poke|p1|Sinistcha, L50, shiny|\n|poke|p1|Incineroar, L50, F, shiny|\n|poke|p1|Ninetales-Alola, L50, F, shiny|\n|poke|p1|Tyranitar, L50, F, shiny|\n|poke|p2|Basculegion, L50, M|\n|poke|p2|Sableye, L50, F|\n|poke|p2|Archaludon, L50, F|\n|poke|p2|Meganium, L50, M|\n|poke|p2|Pelipper, L50, F|\n|poke|p2|Sneasler, L50, M|\n|teampreview|4\n|j| Kaworu1\n|l| Kaworu1\n|\n|t:|1776571093\n|teamsize|p1|4\n|teamsize|p2|4\n|start\n|switch|p1a: Aggron|Aggron, L50, M, shiny|100/100\n|switch|p1b: Rotom|Rotom-Wash, L50, shiny|100/100\n|switch|p2a: Basculegion|Basculegion, L50, M|100/100\n|switch|p2b: Pelipper|Pelipper, L50, F|100/100\n|-weather|RainDance|[from] ability: Drizzle|[of] p2b: Pelipper\n|turn|1\n|\n|t:|1776571117\n|switch|p2b: Archaludon|Archaludon, L50, F|100/100\n|detailschange|p1a: Aggron|Aggron-Mega, L50, M, shiny\n|-mega|p1a: Aggron|Aggron|Aggronite\n|move|p2a: Basculegion|Flip Turn|p1a: Aggron\n|-damage|p1a: Aggron|71/100\n|\n|t:|1776571124\n|switch|p2a: Meganium|Meganium, L50, M|100/100|[from] Flip Turn\n|move|p1b: Rotom|Volt Switch|p2b: Archaludon\n|-resisted|p2b: Archaludon|1\n|-damage|p2b: Archaludon|89/100\n|-ability|p2b: Archaludon|Stamina|boost\n|-boost|p2b: Archaludon|def|1\n|\n|t:|1776571129\n|switch|p1b: Ninetales|Ninetales-Alola, L50, F, shiny|100/100|[from] Volt Switch\n|-weather|Snowscape|[from] ability: Snow Warning|[of] p1b: Ninetales\n|move|p1a: Aggron|Iron Defense|p1a: Aggron\n|-boost|p1a: Aggron|def|2\n|\n|-weather|Snowscape|[upkeep]\n|-heal|p2b: Archaludon|95/100|[from] item: Leftovers\n|upkeep\n|turn|2\n|\n|t:|1776571146\n|switch|p1b: Sinistcha|Sinistcha, L50, shiny|100/100\n|-heal|p1a: Aggron|96/100|[from] ability: Hospitality|[of] p1b: Sinistcha\n|detailschange|p2a: Meganium|Meganium-Mega, L50, M\n|-mega|p2a: Meganium|Meganium|Meganiumite\n|move|p2a: Meganium|Weather Ball|p1a: Aggron\n|-supereffective|p1a: Aggron|1\n|-damage|p1a: Aggron|26/100\n|move|p2b: Archaludon|Flash Cannon|p1b: Sinistcha\n|-damage|p1b: Sinistcha|63/100\n|-unboost|p1b: Sinistcha|spd|1\n|move|p1a: Aggron|Body Press|p2b: Archaludon\n|-supereffective|p2b: Archaludon|1\n|-damage|p2b: Archaludon|16/100\n|-ability|p2b: Archaludon|Stamina|boost\n|-boost|p2b: Archaludon|def|1\n|\n|-weather|Snowscape|[upkeep]\n|-heal|p2b: Archaludon|22/100|[from] item: Leftovers\n|upkeep\n|turn|3\n|\n|t:|1776571170\n|move|p1b: Sinistcha|Rage Powder|p1b: Sinistcha\n|-singleturn|p1b: Sinistcha|move: Rage Powder\n|move|p2a: Meganium|Weather Ball|p1b: Sinistcha\n|-supereffective|p1b: Sinistcha|1\n|-damage|p1b: Sinistcha|0 fnt\n|faint|p1b: Sinistcha\n|move|p2b: Archaludon|Flash Cannon|p1a: Aggron\n|-resisted|p1a: Aggron|1\n|-damage|p1a: Aggron|12/100\n|move|p1a: Aggron|Heavy Slam|p2a: Meganium\n|-supereffective|p2a: Meganium|1\n|-damage|p2a: Meganium|63/100\n|\n|-weather|Snowscape|[upkeep]\n|-heal|p2b: Archaludon|28/100|[from] item: Leftovers\n|upkeep\n|\n|t:|1776571183\n|switch|p1b: Ninetales|Ninetales-Alola, L50, F, shiny|100/100\n|turn|4\n|\n|t:|1776571200\n|switch|p2b: Pelipper|Pelipper, L50, F|100/100\n|-weather|RainDance|[from] ability: Drizzle|[of] p2b: Pelipper\n|move|p1b: Ninetales|Blizzard|p2b: Pelipper|[spread] p2a\n|-miss|p1b: Ninetales|p2b: Pelipper\n|-supereffective|p2a: Meganium|1\n|-damage|p2a: Meganium|10/100\n|move|p2a: Meganium|Weather Ball|p1a: Aggron\n|-supereffective|p1a: Aggron|1\n|-damage|p1a: Aggron|0 fnt\n|faint|p1a: Aggron\n|\n|-weather|RainDance|[upkeep]\n|upkeep\n|\n|t:|1776571210\n|switch|p1a: Rotom|Rotom-Wash, L50, shiny|100/100\n|turn|5\n|\n|t:|1776571220\n|move|p1b: Ninetales|Moonblast|p2a: Meganium\n|-damage|p2a: Meganium|0 fnt\n|faint|p2a: Meganium\n|move|p2b: Pelipper|Tailwind|p2b: Pelipper\n|-sidestart|p2: jaesun0810|move: Tailwind\n|move|p1a: Rotom|Volt Switch|p2b: Pelipper\n|-supereffective|p2b: Pelipper|2\n|-enditem|p2b: Pelipper|Focus Sash\n|-damage|p2b: Pelipper|1/100\n|\n|-weather|RainDance|[upkeep]\n|upkeep\n|\n|t:|1776571225\n|switch|p2a: Basculegion|Basculegion, L50, M|100/100\n|turn|6\n|inactive|Battle timer is ON: inactive players will automatically lose when time's up. (requested by TheNewMeliolizard)\n|\n|t:|1776571243\n|move|p1b: Ninetales|Protect|p1b: Ninetales\n|-singleturn|p1b: Ninetales|Protect\n|move|p2a: Basculegion|Wave Crash|p1b: Ninetales\n|-activate|p1b: Ninetales|move: Protect\n|move|p2b: Pelipper|Weather Ball|p1a: Rotom\n|-resisted|p1a: Rotom|1\n|-damage|p1a: Rotom|71/100\n|move|p1a: Rotom|Volt Switch|p2a: Basculegion\n|-supereffective|p2a: Basculegion|1\n|-damage|p2a: Basculegion|40/100\n|\n|-weather|RainDance|[upkeep]\n|-heal|p1a: Rotom|76/100|[from] item: Leftovers\n|upkeep\n|turn|7\n|\n|t:|1776571258\n|move|p2a: Basculegion|Wave Crash|p1b: Ninetales\n|-damage|p1b: Ninetales|0 fnt\n|faint|p1b: Ninetales\n|-damage|p2a: Basculegion|13/100|[from] Recoil\n|move|p2b: Pelipper|Weather Ball|p1a: Rotom\n|-resisted|p1a: Rotom|1\n|-damage|p1a: Rotom|47/100\n|move|p1a: Rotom|Volt Switch|p2b: Pelipper\n|-supereffective|p2b: Pelipper|2\n|-crit|p2b: Pelipper\n|-damage|p2b: Pelipper|0 fnt\n|faint|p2b: Pelipper\n|\n|-weather|RainDance|[upkeep]\n|-heal|p1a: Rotom|52/100|[from] item: Leftovers\n|upkeep\n|\n|t:|1776571263\n|switch|p2b: Archaludon|Archaludon, L50, F|28/100\n|turn|8\n|\n|t:|1776571267\n|move|p1a: Rotom|Protect|p1a: Rotom\n|-singleturn|p1a: Rotom|Protect\n|move|p2a: Basculegion|Last Respects|p1a: Rotom\n|-activate|p1a: Rotom|move: Protect\n|move|p2b: Archaludon|Electro Shot||[still]\n|-prepare|p2b: Archaludon|Electro Shot\n|-boost|p2b: Archaludon|spa|1\n|-anim|p2b: Archaludon|Electro Shot|p1a: Rotom\n|-activate|p1a: Rotom|move: Protect\n|\n|-weather|none\n|-heal|p2b: Archaludon|34/100|[from] item: Leftovers\n|-heal|p1a: Rotom|58/100|[from] item: Leftovers\n|-sideend|p2: jaesun0810|move: Tailwind\n|upkeep\n|turn|9\n|\n|t:|1776571277\n|move|p2a: Basculegion|Last Respects|p1a: Rotom\n|-damage|p1a: Rotom|0 fnt\n|faint|p1a: Rotom\n|\n|win|jaesun0810\n|raw|TheNewMeliolizard's rating: 1538 &rarr; <strong>1516</strong><br />(-22 for losing)\n|raw|jaesun0810's rating: 1510 &rarr; <strong>1532</strong><br />(+22 for winning)\n|l|\u2606jaesun0810\n|player|p2|\n",
  "uploadtime": 1776571382,
  "views": 17,
  "formatid": "gen9championsvgc2026regma",
  "rating": 1516,
  "private": 0,
  "password": null
}