{
  "id": "gen9championsvgc2026regma-2581109189",
  "format": "[Gen 9 Champions] VGC 2026 Reg M-A",
  "players": [
    "PinkScourge",
    "SilverVT"
  ],
  "log": "|j|\u2606PinkScourge\n|j|\u2606SilverVT\n|t:|1775960718\n|gametype|doubles\n|player|p1|PinkScourge|doctor|1288\n|player|p2|SilverVT|silver|1369\n|gen|9\n|tier|[Gen 9 Champions] VGC 2026 Reg M-A\n|rated|\n|rule|Species Clause: Limit one of each Pok\u00e9mon\n|rule|Item Clause: Limit 1 of each item\n|clearpoke\n|poke|p1|Froslass, L50, F|\n|poke|p1|Crabominable, L50, M|\n|poke|p1|Slowking-Galar, L50, M|\n|poke|p1|Mamoswine, L50, F|\n|poke|p1|Incineroar, L50, F|\n|poke|p1|Primarina, L50, M|\n|poke|p2|Whimsicott, L50, F|\n|poke|p2|Gardevoir, L50, M|\n|poke|p2|Garchomp, L50, M|\n|poke|p2|Incineroar, L50, F|\n|poke|p2|Sneasler, L50, F|\n|poke|p2|Farigiraf, L50, F|\n|teampreview|4\n|inactive|Battle timer is ON: inactive players will automatically lose when time's up. (requested by SilverVT)\n|inactive|PinkScourge also wants the timer to be on.\n|inactive|SilverVT has 60 seconds left.\n|inactive|SilverVT has 30 seconds left.\n|\n|t:|1775960783\n|teamsize|p1|4\n|teamsize|p2|4\n|start\n|switch|p1a: Slowking|Slowking-Galar, L50, M|100/100\n|switch|p1b: Incineroar|Incineroar, L50, F|100/100\n|switch|p2a: Gardevoir|Gardevoir, L50, M|100/100\n|switch|p2b: Sneasler|Sneasler, L50, F|100/100\n|-ability|p2a: Gardevoir|Intimidate|Trace|[from] ability: Trace|[of] p1b: Incineroar\n|-ability|p2a: Gardevoir|Intimidate|boost\n|-unboost|p1a: Slowking|atk|1\n|-unboost|p1b: Incineroar|atk|1\n|-ability|p1b: Incineroar|Intimidate|boost\n|-unboost|p2a: Gardevoir|atk|1\n|-unboost|p2b: Sneasler|atk|1\n|-enditem|p2b: Sneasler|White Herb\n|-clearnegativeboost|p2b: Sneasler|[silent]\n|turn|1\n|\n|t:|1775960799\n|switch|p2a: Garchomp|Garchomp, L50, M|100/100\n|move|p2b: Sneasler|Fake Out|p1a: Slowking\n|-damage|p1a: Slowking|88/100\n|move|p1b: Incineroar|Fake Out|p2a: Garchomp\n|-damage|p2a: Garchomp|93/100\n|-damage|p1b: Incineroar|88/100|[from] ability: Rough Skin|[of] p2a: Garchomp\n|cant|p1a: Slowking|flinch\n|\n|upkeep\n|turn|2\n|\n|t:|1775960819\n|switch|p2b: Gardevoir|Gardevoir, L50, M|100/100\n|-ability|p2b: Gardevoir|Regenerator|Trace|[from] ability: Trace|[of] p1a: Slowking\n|move|p2a: Garchomp|Stomping Tantrum|p1a: Slowking\n|-supereffective|p1a: Slowking|1\n|-damage|p1a: Slowking|19/100\n|move|p1b: Incineroar|Parting Shot|p2a: Garchomp\n|-unboost|p2a: Garchomp|atk|1\n|-unboost|p2a: Garchomp|spa|1\n|\n|t:|1775960832\n|switch|p1b: Crabominable|Crabominable, L50, M|100/100|[from] Parting Shot\n|move|p1a: Slowking|Trick Room|p1a: Slowking\n|-fieldstart|move: Trick Room|[of] p1a: Slowking\n|\n|upkeep\n|turn|3\n|\n|t:|1775960846\n|switch|p2a: Sneasler|Sneasler, L50, F|100/100\n|move|p2b: Gardevoir|Protect|p2b: Gardevoir\n|-singleturn|p2b: Gardevoir|Protect\n|move|p1a: Slowking|Sludge Bomb|p2b: Gardevoir\n|-activate|p2b: Gardevoir|move: Protect\n|move|p1b: Crabominable|Ice Hammer|p2a: Sneasler\n|-damage|p2a: Sneasler|0 fnt\n|-unboost|p1b: Crabominable|spe|1\n|faint|p2a: Sneasler\n|\n|upkeep\n|\n|t:|1775960861\n|switch|p2a: Incineroar|Incineroar, L50, F|100/100\n|-ability|p2a: Incineroar|Intimidate|boost\n|-unboost|p1a: Slowking|atk|1\n|-fail|p1b: Crabominable|unboost|Attack|[from] ability: Hyper Cutter|[of] p1b: Crabominable\n|turn|4\n|\n|t:|1775960870\n|detailschange|p1b: Crabominable|Crabominable-Mega, L50, M\n|-mega|p1b: Crabominable|Crabominable|Crabominite\n|detailschange|p2b: Gardevoir|Gardevoir-Mega, L50, M\n|-mega|p2b: Gardevoir|Gardevoir|Gardevoirite\n|move|p2a: Incineroar|Fake Out|p1b: Crabominable\n|-damage|p1b: Crabominable|92/100\n|cant|p1b: Crabominable|flinch\n|move|p1a: Slowking|Sludge Bomb|p2b: Gardevoir\n|-supereffective|p2b: Gardevoir|1\n|-damage|p2b: Gardevoir|48/100\n|move|p2b: Gardevoir|Hyper Voice|p1b: Crabominable|[spread] p1a,p1b\n|-resisted|p1a: Slowking|1\n|-supereffective|p1b: Crabominable|1\n|-damage|p1a: Slowking|0 fnt\n|-damage|p1b: Crabominable|8/100\n|faint|p1a: Slowking\n|\n|upkeep\n|\n|t:|1775960884\n|switch|p1a: Mamoswine|Mamoswine, L50, F|100/100\n|turn|5\n|\n|t:|1775960893\n|switch|p2b: Garchomp|Garchomp, L50, M|93/100\n|move|p1b: Crabominable|Ice Hammer|p2b: Garchomp\n|-supereffective|p2b: Garchomp|2\n|-damage|p2b: Garchomp|0 fnt\n|-unboost|p1b: Crabominable|spe|1\n|-damage|p1b: Crabominable|0 fnt|[from] ability: Rough Skin|[of] p2b: Garchomp\n|faint|p2b: Garchomp\n|faint|p1b: Crabominable\n|move|p2a: Incineroar|Flare Blitz|p1a: Mamoswine\n|-supereffective|p1a: Mamoswine|1\n|-damage|p1a: Mamoswine|0 fnt\n|faint|p1a: Mamoswine\n|-damage|p2a: Incineroar|65/100|[from] Recoil\n|\n|-heal|p2a: Incineroar|71/100|[from] item: Leftovers\n|upkeep\n|\n|t:|1775960910\n|switch|p1b: Incineroar|Incineroar, L50, F|88/100\n|switch|p2b: Gardevoir|Gardevoir-Mega, L50, M|48/100\n|-ability|p1b: Incineroar|Intimidate|boost\n|-unboost|p2a: Incineroar|atk|1\n|-unboost|p2b: Gardevoir|atk|1\n|turn|6\n|\n|t:|1775960924\n|move|p2b: Gardevoir|Protect|p2b: Gardevoir\n|-singleturn|p2b: Gardevoir|Protect\n|move|p1b: Incineroar|Throat Chop|p2a: Incineroar\n|-resisted|p2a: Incineroar|1\n|-damage|p2a: Incineroar|57/100\n|-start|p2a: Incineroar|Throat Chop|[silent]\n|move|p2a: Incineroar|Flare Blitz|p1b: Incineroar\n|-resisted|p1b: Incineroar|1\n|-damage|p1b: Incineroar|74/100\n|-damage|p2a: Incineroar|52/100|[from] Recoil\n|\n|-heal|p2a: Incineroar|58/100|[from] item: Leftovers\n|-fieldend|move: Trick Room\n|upkeep\n|turn|7\n|\n|t:|1775960934\n|move|p2b: Gardevoir|Hyper Voice|p1b: Incineroar\n|-damage|p1b: Incineroar|8/100\n|-enditem|p1b: Incineroar|Sitrus Berry|[eat]\n|-heal|p1b: Incineroar|33/100|[from] item: Sitrus Berry\n|move|p2a: Incineroar|Flare Blitz|p1b: Incineroar\n|-resisted|p1b: Incineroar|1\n|-damage|p1b: Incineroar|19/100\n|-damage|p2a: Incineroar|54/100|[from] Recoil\n|move|p1b: Incineroar|Throat Chop|p2b: Gardevoir\n|-damage|p2b: Gardevoir|2/100\n|-start|p2b: Gardevoir|Throat Chop|[silent]\n|\n|-heal|p2a: Incineroar|60/100|[from] item: Leftovers\n|-end|p2a: Incineroar|Throat Chop|[silent]\n|upkeep\n|turn|8\n|c|\u2606PinkScourge|GG\n|-message|PinkScourge forfeited.\n|\n|win|SilverVT\n|raw|PinkScourge's rating: 1288 &rarr; <strong>1269</strong><br />(-19 for losing)\n|raw|SilverVT's rating: 1369 &rarr; <strong>1384</strong><br />(+15 for winning)\n|l|\u2606PinkScourge\n|player|p1|\n|l|\u2606SilverVT\n|player|p2|\n",
  "uploadtime": 1775960984,
  "views": 59,
  "formatid": "gen9championsvgc2026regma",
  "rating": 1269,
  "private": 0,
  "password": null
}