{
  "id": "gen9championsvgc2026regma-2582504150",
  "format": "[Gen 9 Champions] VGC 2026 Reg M-A",
  "players": [
    "PaTTTon117",
    "Bigbro2022"
  ],
  "log": "|j|\u2606PaTTTon117\n|j|\u2606Bigbro2022\n|t:|1776095899\n|gametype|doubles\n|player|p1|PaTTTon117|fisherman|1104\n|player|p2|Bigbro2022|cynthia-gen4|1139\n|gen|9\n|tier|[Gen 9 Champions] VGC 2026 Reg M-A\n|rated|\n|rule|Species Clause: Limit one of each Pok\u00e9mon\n|rule|Item Clause: Limit 1 of each item\n|clearpoke\n|poke|p1|Sableye, L50, M|\n|poke|p1|Espathra, L50, F|\n|poke|p1|Garchomp, L50, M|\n|poke|p1|Charizard, L50, M|\n|poke|p1|Milotic, L50, F|\n|poke|p1|Gardevoir, L50, F|\n|poke|p2|Lucario, L50, M|\n|poke|p2|Whimsicott, L50, M|\n|poke|p2|Sinistcha, L50|\n|poke|p2|Farigiraf, L50, M|\n|poke|p2|Basculegion, L50, M|\n|poke|p2|Sneasler, L50, F|\n|teampreview|4\n|\n|t:|1776095947\n|teamsize|p1|4\n|teamsize|p2|4\n|start\n|switch|p1a: Sableye|Sableye, L50, M|100/100\n|switch|p1b: Espathra|Espathra, L50, F|100/100\n|switch|p2a: Lucario|Lucario, L50, M|100/100\n|switch|p2b: Whimsicott|Whimsicott, L50, M|100/100\n|turn|1\n|\n|t:|1776095973\n|move|p1a: Sableye|Fake Out|p2b: Whimsicott\n|-damage|p2b: Whimsicott|90/100\n|cant|p2b: Whimsicott|flinch\n|move|p1b: Espathra|Lumina Crash|p2a: Lucario\n|-damage|p2a: Lucario|49/100\n|-unboost|p2a: Lucario|spd|2\n|move|p2a: Lucario|Meteor Mash|p1b: Espathra\n|-damage|p1b: Espathra|52/100\n|\n|-ability|p1b: Espathra|Speed Boost|boost\n|-boost|p1b: Espathra|spe|1\n|upkeep\n|turn|2\n|\n|t:|1776096007\n|move|p1a: Sableye|Feint|p2a: Lucario\n|-resisted|p2a: Lucario|1\n|-damage|p2a: Lucario|46/100\n|move|p1b: Espathra|Lumina Crash|p2a: Lucario\n|-damage|p2a: Lucario|0 fnt\n|faint|p2a: Lucario\n|move|p2b: Whimsicott|Beat Up|p2: Lucario|[notarget]\n|-fail|p2b: Whimsicott\n|\n|-ability|p1b: Espathra|Speed Boost|boost\n|-boost|p1b: Espathra|spe|1\n|upkeep\n|\n|t:|1776096019\n|switch|p2a: Basculegion|Basculegion, L50, M|100/100\n|turn|3\n|inactive|Battle timer is ON: inactive players will automatically lose when time's up. (requested by Bigbro2022)\n|\n|t:|1776096071\n|move|p1b: Espathra|Protect|p1b: Espathra\n|-singleturn|p1b: Espathra|Protect\n|move|p2b: Whimsicott|Tailwind|p2b: Whimsicott\n|-sidestart|p2: Bigbro2022|move: Tailwind\n|move|p1a: Sableye|Gravity|p1a: Sableye\n|-fieldstart|move: Gravity\n|move|p2a: Basculegion|Wave Crash|p1b: Espathra\n|-activate|p1b: Espathra|move: Protect\n|\n|-ability|p1b: Espathra|Speed Boost|boost\n|-boost|p1b: Espathra|spe|1\n|upkeep\n|turn|4\n|inactive|PaTTTon117 has 30 seconds left.\n|\n|t:|1776096105\n|move|p2b: Whimsicott|Encore|p1b: Espathra\n|-start|p1b: Espathra|Encore\n|move|p1b: Espathra|Protect|p1b: Espathra\n|-singleturn|p1b: Espathra|Protect\n|move|p2a: Basculegion|Wave Crash|p1a: Sableye\n|-damage|p1a: Sableye|0 fnt\n|faint|p1a: Sableye\n|-damage|p2a: Basculegion|74/100|[from] Recoil\n|\n|-ability|p1b: Espathra|Speed Boost|boost\n|-boost|p1b: Espathra|spe|1\n|upkeep\n|\n|t:|1776096116\n|switch|p1a: Garchomp|Garchomp, L50, M|100/100\n|turn|5\n|\n|t:|1776096129\n|switch|p1b: Charizard|Charizard, L50, M, shiny|100/100\n|move|p1a: Garchomp|Protect|p1a: Garchomp\n|-singleturn|p1a: Garchomp|Protect\n|move|p2a: Basculegion|Wave Crash|p1a: Garchomp\n|-activate|p1a: Garchomp|move: Protect\n|move|p2b: Whimsicott|Moonblast|p1b: Charizard\n|-resisted|p1b: Charizard|1\n|-damage|p1b: Charizard|80/100\n|\n|upkeep\n|turn|6\n|inactive|PaTTTon117 has 30 seconds left.\n|inactive|PaTTTon117 has 20 seconds left.\n|inactive|PaTTTon117 has 15 seconds left.\n|inactive|PaTTTon117 has 10 seconds left.\n|\n|t:|1776096174\n|move|p1b: Charizard|Protect|p1b: Charizard\n|-singleturn|p1b: Charizard|Protect\n|move|p2b: Whimsicott|Encore|p1a: Garchomp\n|-start|p1a: Garchomp|Encore\n|move|p1a: Garchomp|Protect||[still]\n|-fail|p1a: Garchomp\n|move|p2a: Basculegion|Wave Crash|p1b: Charizard\n|-activate|p1b: Charizard|move: Protect\n|\n|-sideend|p2: Bigbro2022|move: Tailwind\n|upkeep\n|turn|7\n|inactive|Bigbro2022 has 30 seconds left.\n|\n|t:|1776096201\n|switch|p1a: Espathra|Espathra, L50, F|52/100\n|detailschange|p1b: Charizard|Charizard-Mega-Y, L50, M, shiny\n|-mega|p1b: Charizard|Charizard|Charizardite Y\n|-weather|SunnyDay|[from] ability: Drought|[of] p1b: Charizard\n|move|p2b: Whimsicott|Encore|p1b: Charizard\n|-start|p1b: Charizard|Encore\n|move|p1b: Charizard|Protect|p1b: Charizard\n|-singleturn|p1b: Charizard|Protect\n|move|p2a: Basculegion|Wave Crash|p1b: Charizard\n|-activate|p1b: Charizard|move: Protect\n|\n|-weather|SunnyDay|[upkeep]\n|-fieldend|move: Gravity\n|upkeep\n|turn|8\n|inactive|PaTTTon117 has 30 seconds left.\n|\n|t:|1776096231\n|switch|p1b: Garchomp|Garchomp, L50, M|100/100\n|move|p2b: Whimsicott|Tailwind|p2b: Whimsicott\n|-sidestart|p2: Bigbro2022|move: Tailwind\n|move|p2a: Basculegion|Wave Crash|p1b: Garchomp\n|-damage|p1b: Garchomp|67/100\n|-damage|p2a: Basculegion|62/100|[from] ability: Rough Skin|[of] p1b: Garchomp\n|-damage|p2a: Basculegion|50/100|[from] Recoil\n|move|p1a: Espathra|Lumina Crash|p2a: Basculegion\n|-damage|p2a: Basculegion|10/100\n|-unboost|p2a: Basculegion|spd|2\n|\n|-weather|SunnyDay|[upkeep]\n|-ability|p1a: Espathra|Speed Boost|boost\n|-boost|p1a: Espathra|spe|1\n|upkeep\n|turn|9\n|\n|t:|1776096257\n|move|p2a: Basculegion|Wave Crash|p1a: Espathra\n|-damage|p1a: Espathra|0 fnt\n|faint|p1a: Espathra\n|-damage|p2a: Basculegion|0 fnt|[from] Recoil\n|faint|p2a: Basculegion\n|move|p2b: Whimsicott|Moonblast|p1b: Garchomp\n|-supereffective|p1b: Garchomp|1\n|-damage|p1b: Garchomp|2/100\n|move|p1b: Garchomp|Rock Slide|p2b: Whimsicott\n|-damage|p2b: Whimsicott|49/100\n|\n|-weather|SunnyDay|[upkeep]\n|upkeep\n|\n|t:|1776096268\n|switch|p1a: Charizard|Charizard-Mega-Y, L50, M, shiny|80/100\n|switch|p2a: Sneasler|Sneasler, L50, F|100/100\n|turn|10\n|\n|t:|1776096289\n|move|p2a: Sneasler|Fake Out|p1a: Charizard\n|-damage|p1a: Charizard|63/100\n|move|p2b: Whimsicott|Moonblast|p1b: Garchomp\n|-supereffective|p1b: Garchomp|1\n|-damage|p1b: Garchomp|0 fnt\n|faint|p1b: Garchomp\n|cant|p1a: Charizard|flinch\n|\n|-weather|SunnyDay|[upkeep]\n|upkeep\n|turn|11\n|\n|t:|1776096305\n|move|p1a: Charizard|Protect|p1a: Charizard\n|-singleturn|p1a: Charizard|Protect\n|move|p2a: Sneasler|Dire Claw|p1a: Charizard\n|-activate|p1a: Charizard|move: Protect\n|move|p2b: Whimsicott|Moonblast|p1a: Charizard\n|-activate|p1a: Charizard|move: Protect\n|\n|-weather|none\n|-sideend|p2: Bigbro2022|move: Tailwind\n|upkeep\n|turn|12\n|\n|t:|1776096320\n|move|p2b: Whimsicott|Encore|p1a: Charizard\n|-start|p1a: Charizard|Encore\n|move|p1a: Charizard|Protect||[still]\n|-fail|p1a: Charizard\n|move|p2a: Sneasler|Dire Claw|p1a: Charizard\n|-damage|p1a: Charizard|8/100\n|\n|upkeep\n|turn|13\n|\n|t:|1776096330\n|move|p1a: Charizard|Protect|p1a: Charizard\n|-singleturn|p1a: Charizard|Protect\n|move|p2b: Whimsicott|Tailwind|p2b: Whimsicott\n|-sidestart|p2: Bigbro2022|move: Tailwind\n|move|p2a: Sneasler|Dire Claw|p1a: Charizard\n|-activate|p1a: Charizard|move: Protect\n|\n|upkeep\n|turn|14\n|\n|t:|1776096338\n|move|p1a: Charizard|Protect||[still]\n|-fail|p1a: Charizard\n|move|p2a: Sneasler|Dire Claw|p1a: Charizard\n|-damage|p1a: Charizard|0 fnt\n|faint|p1a: Charizard\n|\n|win|Bigbro2022\n|raw|PaTTTon117's rating: 1104 &rarr; <strong>1082</strong><br />(-22 for losing)\n|raw|Bigbro2022's rating: 1139 &rarr; <strong>1161</strong><br />(+22 for winning)\n|l|\u2606PaTTTon117\n|player|p1|\n",
  "uploadtime": 1776096406,
  "views": 16,
  "formatid": "gen9championsvgc2026regma",
  "rating": 1082,
  "private": 0,
  "password": null
}