{
  "id": "gen9championsvgc2026regma-2586382755",
  "format": "[Gen 9 Champions] VGC 2026 Reg M-A",
  "players": [
    "overlorddarx",
    "pkmmnq"
  ],
  "log": "|j|\u2606overlorddarx\n|j|\u2606pkmmnq\n|t:|1776430599\n|gametype|doubles\n|player|p1|overlorddarx|scientistf|1236\n|player|p2|pkmmnq|rosa|1308\n|gen|9\n|tier|[Gen 9 Champions] VGC 2026 Reg M-A\n|rated|\n|rule|Species Clause: Limit one of each Pok\u00e9mon\n|rule|Item Clause: Limit 1 of each item\n|clearpoke\n|poke|p1|Sylveon, L50, F|\n|poke|p1|Aerodactyl, L50, F|\n|poke|p1|Garchomp, L50, F|\n|poke|p1|Basculegion, L50, M|\n|poke|p1|Floette-Eternal, L50, F|\n|poke|p1|Maushold, L50|\n|poke|p2|Gardevoir, L50, F|\n|poke|p2|Aerodactyl, L50, F|\n|poke|p2|Sneasler, L50, M|\n|poke|p2|Incineroar, L50, F|\n|poke|p2|Maushold-Four, L50|\n|poke|p2|Kingambit, L50, F|\n|teampreview|4\n|inactive|Battle timer is ON: inactive players will automatically lose when time's up. (requested by overlorddarx)\n|inactive|pkmmnq also wants the timer to be on.\n|\n|t:|1776430633\n|teamsize|p1|4\n|teamsize|p2|4\n|start\n|switch|p1a: Floette|Floette-Eternal, L50, F|100/100\n|switch|p1b: Sylveon|Sylveon, L50, F|100/100\n|switch|p2a: Gardevoir|Gardevoir, L50, F|100/100\n|switch|p2b: Incineroar|Incineroar, L50, F|100/100\n|-ability|p2b: Incineroar|Intimidate|boost\n|-unboost|p1a: Floette|atk|1\n|-unboost|p1b: Sylveon|atk|1\n|turn|1\n|\n|t:|1776430656\n|switch|p2b: Sneasler|Sneasler, L50, M|100/100\n|detailschange|p2a: Gardevoir|Gardevoir-Mega, L50, F\n|-mega|p2a: Gardevoir|Gardevoir|Gardevoirite\n|move|p1a: Floette|Protect|p1a: Floette\n|-singleturn|p1a: Floette|Protect\n|move|p1b: Sylveon|Protect|p1b: Sylveon\n|-singleturn|p1b: Sylveon|Protect\n|move|p2a: Gardevoir|Hyper Voice|p1b: Sylveon|[spread] \n|-activate|p1a: Floette|move: Protect\n|-activate|p1b: Sylveon|move: Protect\n|\n|upkeep\n|turn|2\n|\n|t:|1776430670\n|switch|p1a: Basculegion|Basculegion, L50, M|100/100\n|move|p2b: Sneasler|Fake Out|p1a: Basculegion\n|-immune|p1a: Basculegion\n|move|p2a: Gardevoir|Hyper Voice|p1a: Basculegion|[spread] p1a,p1b\n|-damage|p1a: Basculegion|45/100\n|-damage|p1b: Sylveon|60/100\n|move|p1b: Sylveon|Hyper Voice|p2a: Gardevoir|[spread] p2a,p2b\n|-damage|p2a: Gardevoir|60/100\n|-damage|p2b: Sneasler|35/100\n|\n|upkeep\n|turn|3\n|\n|t:|1776430694\n|switch|p2b: Maushold|Maushold-Four, L50|100/100\n|move|p2a: Gardevoir|Protect|p2a: Gardevoir\n|-singleturn|p2a: Gardevoir|Protect\n|move|p1a: Basculegion|Flip Turn|p2b: Maushold\n|-damage|p2b: Maushold|66/100\n|\n|t:|1776430708\n|switch|p1a: Floette|Floette-Eternal, L50, F|100/100|[from] Flip Turn\n|move|p1b: Sylveon|Hyper Voice|p2a: Gardevoir|[spread] p2b\n|-activate|p2a: Gardevoir|move: Protect\n|-damage|p2b: Maushold|11/100\n|\n|upkeep\n|turn|4\n|\n|t:|1776430718\n|detailschange|p1a: Floette|Floette-Mega, L50, F\n|-mega|p1a: Floette|Floette|Floettite\n|-ability|p1a: Floette|Fairy Aura\n|move|p1a: Floette|Dazzling Gleam|p2a: Gardevoir|[spread] p2a,p2b\n|-damage|p2a: Gardevoir|32/100\n|-damage|p2b: Maushold|0 fnt\n|faint|p2b: Maushold\n|move|p2a: Gardevoir|Hyper Voice|p1a: Floette|[spread] p1a,p1b\n|-damage|p1a: Floette|42/100\n|-damage|p1b: Sylveon|3/100\n|move|p1b: Sylveon|Hyper Voice|p2a: Gardevoir\n|-damage|p2a: Gardevoir|0 fnt\n|faint|p2a: Gardevoir\n|\n|upkeep\n|\n|t:|1776430727\n|switch|p2b: Sneasler|Sneasler, L50, M|35/100\n|switch|p2a: Incineroar|Incineroar, L50, F|100/100\n|-ability|p2a: Incineroar|Intimidate|boost\n|-unboost|p1a: Floette|atk|1\n|-unboost|p1b: Sylveon|atk|1\n|turn|5\n|\n|t:|1776430734\n|move|p1a: Floette|Protect|p1a: Floette\n|-singleturn|p1a: Floette|Protect\n|move|p1b: Sylveon|Protect|p1b: Sylveon\n|-singleturn|p1b: Sylveon|Protect\n|move|p2a: Incineroar|Fake Out|p1b: Sylveon\n|-activate|p1b: Sylveon|move: Protect\n|move|p2b: Sneasler|Dire Claw|p1a: Floette\n|-activate|p1a: Floette|move: Protect\n|\n|upkeep\n|turn|6\n|\n|t:|1776430748\n|move|p2b: Sneasler|Dire Claw|p1a: Floette\n|-supereffective|p1a: Floette|1\n|-damage|p1a: Floette|0 fnt\n|faint|p1a: Floette\n|move|p1b: Sylveon|Hyper Voice|p2b: Sneasler|[spread] p2a,p2b\n|-damage|p2a: Incineroar|59/100\n|-damage|p2b: Sneasler|0 fnt\n|faint|p2b: Sneasler\n|move|p2a: Incineroar|Throat Chop|p1b: Sylveon\n|-resisted|p1b: Sylveon|1\n|-damage|p1b: Sylveon|0 fnt\n|faint|p1b: Sylveon\n|\n|upkeep\n|\n|t:|1776430753\n|switch|p1a: Basculegion|Basculegion, L50, M|45/100\n|switch|p1b: Maushold|Maushold, L50|100/100\n|turn|7\n|-message|pkmmnq forfeited.\n|\n|win|overlorddarx\n|raw|overlorddarx's rating: 1236 &rarr; <strong>1266</strong><br />(+30 for winning)\n|raw|pkmmnq's rating: 1308 &rarr; <strong>1284</strong><br />(-24 for losing)\n|l|\u2606pkmmnq\n|player|p2|\n",
  "uploadtime": 1776430778,
  "views": 38,
  "formatid": "gen9championsvgc2026regma",
  "rating": 1266,
  "private": 0,
  "password": null
}