{
  "id": "gen9championsvgc2026regma-2584088267",
  "format": "[Gen 9 Champions] VGC 2026 Reg M-A",
  "players": [
    "sweepy boi",
    "shin2k7"
  ],
  "log": "|j|\u2606sweepy boi\n|j|\u2606shin2k7\n|t:|1776223887\n|gametype|doubles\n|player|p1|sweepy boi|skyla|1253\n|player|p2|shin2k7|265|1340\n|gen|9\n|tier|[Gen 9 Champions] VGC 2026 Reg M-A\n|rated|\n|rule|Species Clause: Limit one of each Pok\u00e9mon\n|rule|Item Clause: Limit 1 of each item\n|clearpoke\n|poke|p1|Palafin, L50, F|\n|poke|p1|Incineroar, L50, M|\n|poke|p1|Sinistcha, L50|\n|poke|p1|Kangaskhan, L50, F|\n|poke|p1|Aegislash, L50, F|\n|poke|p1|Talonflame, L50, F|\n|poke|p2|Floette-Eternal, L50, F|\n|poke|p2|Incineroar, L50, F|\n|poke|p2|Garchomp, L50, M|\n|poke|p2|Sinistcha, L50|\n|poke|p2|Talonflame, L50, M|\n|poke|p2|Sneasler, L50, M|\n|teampreview|4\n|inactive|Battle timer is ON: inactive players will automatically lose when time's up. (requested by shin2k7)\n|inactive|shin2k7 has 60 seconds left.\n|inactive|shin2k7 has 30 seconds left.\n|inactive|shin2k7 has 20 seconds left.\n|inactive|shin2k7 has 15 seconds left.\n|inactive|shin2k7 has 10 seconds left.\n|inactive|shin2k7 has 5 seconds left.\n|\n|t:|1776223975\n|teamsize|p1|4\n|teamsize|p2|4\n|start\n|switch|p1a: Incineroar|Incineroar, L50, M|100/100\n|switch|p1b: Palafin|Palafin, L50, F|100/100\n|switch|p2a: Talonflame|Talonflame, L50, M|100/100\n|switch|p2b: Garchomp|Garchomp, L50, M|100/100\n|-ability|p1a: Incineroar|Intimidate|boost\n|-unboost|p2a: Talonflame|atk|1\n|-unboost|p2b: Garchomp|atk|1\n|turn|1\n|\n|t:|1776223991\n|move|p1a: Incineroar|Fake Out|p2a: Talonflame\n|-damage|p2a: Talonflame|86/100\n|cant|p2a: Talonflame|flinch\n|move|p2b: Garchomp|Stomping Tantrum|p1a: Incineroar\n|-supereffective|p1a: Incineroar|1\n|-enditem|p1a: Incineroar|Shuca Berry|[eat]\n|-enditem|p1a: Incineroar|Shuca Berry|[weaken]\n|-damage|p1a: Incineroar|69/100\n|move|p1b: Palafin|Wave Crash|p2a: Talonflame\n|-supereffective|p2a: Talonflame|1\n|-damage|p2a: Talonflame|0 fnt\n|faint|p2a: Talonflame\n|-damage|p1b: Palafin|78/100|[from] Recoil\n|\n|-heal|p1b: Palafin|84/100|[from] item: Leftovers\n|upkeep\n|\n|t:|1776224007\n|switch|p2a: Floette|Floette-Eternal, L50, F, shiny|100/100\n|turn|2\n|\n|t:|1776224026\n|detailschange|p1b: Palafin|Palafin-Hero, L50, F\n|switch|p1b: Sinistcha|Sinistcha, L50|100/100\n|-heal|p1a: Incineroar|94/100|[from] ability: Hospitality|[of] p1b: Sinistcha\n|detailschange|p2a: Floette|Floette-Mega, L50, F, shiny\n|-mega|p2a: Floette|Floette|Floettite\n|-ability|p2a: Floette|Fairy Aura\n|move|p2b: Garchomp|Stomping Tantrum|p1a: Incineroar\n|-supereffective|p1a: Incineroar|1\n|-damage|p1a: Incineroar|37/100\n|move|p2a: Floette|Calm Mind|p2a: Floette\n|-boost|p2a: Floette|spa|1\n|-boost|p2a: Floette|spd|1\n|move|p1a: Incineroar|Parting Shot|p2a: Floette\n|-unboost|p2a: Floette|atk|1\n|-unboost|p2a: Floette|spa|1\n|inactive|sweepy boi has 30 seconds left.\n|\n|t:|1776224052\n|switch|p1a: Palafin|Palafin-Hero, L50, F|84/100|[from] Parting Shot\n|-activate|p1a: Palafin|ability: Zero to Hero\n|\n|-heal|p1a: Palafin|90/100|[from] item: Leftovers\n|upkeep\n|turn|3\n|\n|t:|1776224062\n|switch|p2b: Sinistcha|Sinistcha, L50|100/100\n|move|p2a: Floette|Protect|p2a: Floette\n|-singleturn|p2a: Floette|Protect\n|move|p1b: Sinistcha|Rage Powder|p1b: Sinistcha\n|-singleturn|p1b: Sinistcha|move: Rage Powder\n|move|p1a: Palafin|Bulk Up|p1a: Palafin\n|-boost|p1a: Palafin|atk|1\n|-boost|p1a: Palafin|def|1\n|\n|-heal|p1a: Palafin|96/100|[from] item: Leftovers\n|upkeep\n|turn|4\n|\n|t:|1776224074\n|move|p1a: Palafin|Protect|p1a: Palafin\n|-singleturn|p1a: Palafin|Protect\n|move|p2b: Sinistcha|Rage Powder|p2b: Sinistcha\n|-singleturn|p2b: Sinistcha|move: Rage Powder\n|move|p2a: Floette|Dazzling Gleam|p1b: Sinistcha|[spread] p1b\n|-activate|p1a: Palafin|move: Protect\n|-damage|p1b: Sinistcha|56/100\n|move|p1b: Sinistcha|Imprison|p1b: Sinistcha\n|-start|p1b: Sinistcha|move: Imprison\n|\n|-heal|p1a: Palafin|100/100|[from] item: Leftovers\n|upkeep\n|turn|5\n|\n|t:|1776224093\n|move|p1b: Sinistcha|Rage Powder|p1b: Sinistcha\n|-singleturn|p1b: Sinistcha|move: Rage Powder\n|move|p1a: Palafin|Wave Crash|p2a: Floette\n|-damage|p2a: Floette|0 fnt\n|faint|p2a: Floette\n|-damage|p1a: Palafin|69/100|[from] Recoil\n|move|p2b: Sinistcha|Trick Room|p2b: Sinistcha\n|-fieldstart|move: Trick Room|[of] p2b: Sinistcha\n|\n|-heal|p1a: Palafin|76/100|[from] item: Leftovers\n|upkeep\n|\n|t:|1776224099\n|switch|p2a: Garchomp|Garchomp, L50, M|100/100\n|turn|6\n|-message|shin2k7 forfeited.\n|\n|win|sweepy boi\n|raw|sweepy boi's rating: 1253 &rarr; <strong>1284</strong><br />(+31 for winning)\n|raw|shin2k7's rating: 1340 &rarr; <strong>1315</strong><br />(-25 for losing)\n|l|\u2606shin2k7\n|player|p2|\n",
  "uploadtime": 1776224121,
  "views": 53,
  "formatid": "gen9championsvgc2026regma",
  "rating": 1284,
  "private": 0,
  "password": null
}