{
  "id": "gen9championsvgc2026regma-2586005843",
  "format": "[Gen 9 Champions] VGC 2026 Reg M-A",
  "players": [
    "purpleman168",
    "noobsilove"
  ],
  "log": "|j|\u2606purpleman168\n|j|\u2606noobsilove\n|t:|1776389554\n|gametype|doubles\n|player|p1|purpleman168|170|1084\n|player|p2|noobsilove|101|1040\n|gen|9\n|tier|[Gen 9 Champions] VGC 2026 Reg M-A\n|rated|\n|rule|Species Clause: Limit one of each Pok\u00e9mon\n|rule|Item Clause: Limit 1 of each item\n|clearpoke\n|poke|p1|Charizard, L50, M|\n|poke|p1|Venusaur, L50, M|\n|poke|p1|Sneasler, L50, F|\n|poke|p1|Incineroar, L50, M|\n|poke|p1|Garchomp, L50, F|\n|poke|p1|Milotic, L50, F|\n|poke|p2|Charizard, L50, M|\n|poke|p2|Heliolisk, L50, M|\n|poke|p2|Sneasler, L50, M|\n|poke|p2|Milotic, L50, F|\n|poke|p2|Aerodactyl, L50, F|\n|poke|p2|Sinistcha, L50|\n|teampreview|4\n|inactive|Battle timer is ON: inactive players will automatically lose when time's up. (requested by noobsilove)\n|inactive|purpleman168 has 60 seconds left.\n|inactive|purpleman168 has 30 seconds left.\n|inactive|purpleman168 has 20 seconds left.\n|\n|t:|1776389629\n|teamsize|p1|4\n|teamsize|p2|4\n|start\n|switch|p1a: Garchomp|Garchomp, L50, F|100/100\n|switch|p1b: Milotic|Milotic, L50, F|100/100\n|switch|p2a: Sneasler|Sneasler, L50, M|100/100\n|switch|p2b: Aerodactyl|Aerodactyl, L50, F|100/100\n|-ability|p2b: Aerodactyl|Unnerve\n|turn|1\n|inactive|purpleman168 has 30 seconds left.\n|inactive|noobsilove has 30 seconds left.\n|inactive|purpleman168 has 20 seconds left.\n|inactive|purpleman168 has 15 seconds left.\n|inactive|purpleman168 has 10 seconds left.\n|\n|t:|1776389678\n|move|p2a: Sneasler|Fake Out|p1b: Milotic\n|-damage|p1b: Milotic|87/100\n|move|p1a: Garchomp|Earth Power|p2a: Sneasler\n|-supereffective|p2a: Sneasler|1\n|-damage|p2a: Sneasler|31/100\n|move|p2b: Aerodactyl|Tailwind|p2b: Aerodactyl\n|-sidestart|p2: noobsilove|move: Tailwind\n|cant|p1b: Milotic|flinch\n|\n|-heal|p1b: Milotic|93/100|[from] item: Leftovers\n|upkeep\n|turn|2\n|inactive|purpleman168 has 30 seconds left.\n|\n|t:|1776389709\n|move|p2b: Aerodactyl|Rock Slide|p1b: Milotic|[spread] p1a\n|-miss|p2b: Aerodactyl|p1b: Milotic\n|-resisted|p1a: Garchomp|1\n|-damage|p1a: Garchomp|90/100\n|move|p2a: Sneasler|Close Combat|p1b: Milotic\n|-damage|p1b: Milotic|34/100\n|-unboost|p2a: Sneasler|def|1\n|-unboost|p2a: Sneasler|spd|1\n|move|p1a: Garchomp|Earth Power|p2a: Sneasler\n|-supereffective|p2a: Sneasler|1\n|-damage|p2a: Sneasler|0 fnt\n|faint|p2a: Sneasler\n|move|p1b: Milotic|Scald|p2b: Aerodactyl\n|-supereffective|p2b: Aerodactyl|1\n|-damage|p2b: Aerodactyl|32/100\n|\n|-heal|p1b: Milotic|40/100|[from] item: Leftovers\n|upkeep\n|\n|t:|1776389713\n|switch|p2a: Charizard|Charizard, L50, M|100/100\n|turn|3\n|\n|t:|1776389734\n|switch|p1a: Charizard|Charizard, L50, M|100/100\n|detailschange|p2a: Charizard|Charizard-Mega-X, L50, M\n|-mega|p2a: Charizard|Charizard|Charizardite X\n|move|p2b: Aerodactyl|Rock Slide|p1a: Charizard|[spread] p1b\n|-miss|p2b: Aerodactyl|p1a: Charizard\n|-damage|p1b: Milotic|22/100\n|move|p2a: Charizard|Dragon Dance|p2a: Charizard\n|-boost|p2a: Charizard|atk|1\n|-boost|p2a: Charizard|spe|1\n|cant|p1b: Milotic|flinch\n|\n|-heal|p1b: Milotic|28/100|[from] item: Leftovers\n|upkeep\n|turn|4\n|inactive|purpleman168 has 30 seconds left.\n|\n|t:|1776389769\n|detailschange|p1a: Charizard|Charizard-Mega-Y, L50, M\n|-mega|p1a: Charizard|Charizard|Charizardite Y\n|-weather|SunnyDay|[from] ability: Drought|[of] p1a: Charizard\n|move|p2b: Aerodactyl|Protect|p2b: Aerodactyl\n|-singleturn|p2b: Aerodactyl|Protect\n|move|p1a: Charizard|Protect|p1a: Charizard\n|-singleturn|p1a: Charizard|Protect\n|move|p2a: Charizard|Dragon Dance|p2a: Charizard\n|-boost|p2a: Charizard|atk|1\n|-boost|p2a: Charizard|spe|1\n|move|p1b: Milotic|Recover|p1b: Milotic\n|-heal|p1b: Milotic|78/100\n|\n|-weather|SunnyDay|[upkeep]\n|-heal|p1b: Milotic|84/100|[from] item: Leftovers\n|-sideend|p2: noobsilove|move: Tailwind\n|upkeep\n|turn|5\n|\n|t:|1776389789\n|move|p2a: Charizard|Breaking Swipe|p1a: Charizard|[spread] p1a,p1b\n|-damage|p1a: Charizard|6/100\n|-damage|p1b: Milotic|29/100\n|-unboost|p1a: Charizard|atk|1\n|-unboost|p1b: Milotic|atk|1\n|-ability|p1b: Milotic|Competitive|boost\n|-boost|p1b: Milotic|spa|2\n|move|p2b: Aerodactyl|Tailwind|p2b: Aerodactyl\n|-sidestart|p2: noobsilove|move: Tailwind\n|move|p1a: Charizard|Heat Wave|p2a: Charizard|[spread] p2a,p2b\n|-resisted|p2a: Charizard|2\n|-resisted|p2b: Aerodactyl|1\n|-damage|p2a: Charizard|80/100\n|-damage|p2b: Aerodactyl|0 fnt\n|faint|p2b: Aerodactyl\n|move|p1b: Milotic|Icy Wind|p2a: Charizard\n|-damage|p2a: Charizard|48/100\n|-unboost|p2a: Charizard|spe|1\n|\n|-weather|SunnyDay|[upkeep]\n|-heal|p1b: Milotic|35/100|[from] item: Leftovers\n|upkeep\n|\n|t:|1776389794\n|switch|p2b: Sinistcha|Sinistcha, L50|100/100\n|-heal|p2a: Charizard|73/100|[from] ability: Hospitality|[of] p2b: Sinistcha\n|turn|6\n|\n|t:|1776389816\n|move|p1a: Charizard|Protect|p1a: Charizard\n|-singleturn|p1a: Charizard|Protect\n|move|p2a: Charizard|Breaking Swipe|p1a: Charizard|[spread] p1b\n|-activate|p1a: Charizard|move: Protect\n|-damage|p1b: Milotic|0 fnt\n|faint|p1b: Milotic\n|move|p2b: Sinistcha|Matcha Gotcha|p1a: Charizard\n|-activate|p1a: Charizard|move: Protect\n|\n|-weather|SunnyDay|[upkeep]\n|upkeep\n|\n|t:|1776389828\n|switch|p1b: Garchomp|Garchomp, L50, F|90/100\n|turn|7\n|\n|t:|1776389836\n|move|p2a: Charizard|Breaking Swipe|p1a: Charizard|[spread] p1a,p1b\n|-supereffective|p1b: Garchomp|1\n|-crit|p1b: Garchomp\n|-damage|p1a: Charizard|0 fnt\n|-damage|p1b: Garchomp|0 fnt\n|-damage|p2a: Charizard|61/100|[from] ability: Rough Skin|[of] p1b: Garchomp\n|faint|p1a: Charizard\n|faint|p1b: Garchomp\n|move|p2b: Sinistcha|Matcha Gotcha|p1: Charizard|[notarget]\n|-fail|p2b: Sinistcha\n|\n|-weather|SunnyDay|[upkeep]\n|upkeep\n|-message|purpleman168 forfeited.\n|\n|win|noobsilove\n|raw|purpleman168's rating: 1084 &rarr; <strong>1059</strong><br />(-25 for losing)\n|raw|noobsilove's rating: 1040 &rarr; <strong>1078</strong><br />(+38 for winning)\n|l|\u2606purpleman168\n|player|p1|\n",
  "uploadtime": 1776389844,
  "views": 18,
  "formatid": "gen9championsvgc2026regma",
  "rating": 1059,
  "private": 0,
  "password": null
}