{
  "id": "gen9championsvgc2026regma-2583626396",
  "format": "[Gen 9 Champions] VGC 2026 Reg M-A",
  "players": [
    "pastycreepy",
    "CoolTrainerBu"
  ],
  "log": "|j|\u2606pastycreepy\n|j|\u2606CoolTrainerBu\n|t:|1776187345\n|gametype|doubles\n|player|p1|pastycreepy|170|1136\n|player|p2|CoolTrainerBu|2|1200\n|gen|9\n|tier|[Gen 9 Champions] VGC 2026 Reg M-A\n|rated|\n|rule|Species Clause: Limit one of each Pok\u00e9mon\n|rule|Item Clause: Limit 1 of each item\n|clearpoke\n|poke|p1|Meganium, L50, M|\n|poke|p1|Aerodactyl, L50, M|\n|poke|p1|Tauros-Paldea-Aqua, L50, M|\n|poke|p1|Typhlosion-Hisui, L50, M|\n|poke|p1|Kangaskhan, L50, F|\n|poke|p1|Archaludon, L50, M|\n|poke|p2|Charizard, L50, F|\n|poke|p2|Whimsicott, L50, F|\n|poke|p2|Garchomp, L50, M|\n|poke|p2|Sneasler, L50, F|\n|poke|p2|Maushold, L50|\n|poke|p2|Incineroar, L50, F|\n|teampreview|4\npastycreepy has agreed to open team sheets.\nCoolTrainerBu has agreed to open team sheets.\n|showteam|p1|Meganium||Meganiumite|LeafGuard|DazzlingGleam,SolarBeam,WeatherBall,Protect|||M|||50|]Aerodactyl||FocusSash|Unnerve|RockSlide,Protect,Tailwind,DualWingbeat|||M|||50|]Tauros-Paldea-Aqua||SitrusBerry|Intimidate|AquaJet,WaveCrash,CloseCombat,Protect|||M|||50|]Typhlosion-Hisui||ChoiceScarf|Blaze|Eruption,HeatWave,Overheat,ShadowBall|||M|||50|]Kangaskhan||Kangaskhanite|InnerFocus|FakeOut,DoubleEdge,LowKick,SuckerPunch|||F|||50|]Archaludon||MetalCoat|Stalwart|DracoMeteor,SteelBeam,Protect,FlashCannon|||M|||50|\n|showteam|p2|Charizard||CharizarditeY|Blaze|HeatWave,SolarBeam,WeatherBall,Protect|||F|||50|]Whimsicott||FocusSash|Prankster|Moonblast,Encore,SunnyDay,Tailwind|||F|||50|]Garchomp||YacheBerry|RoughSkin|Earthquake,DragonClaw,RockSlide,Protect|||M|||50|]Sneasler||WhiteHerb|Unburden|CloseCombat,DireClaw,RockTomb,Protect|||F|||50|]Maushold||ChopleBerry|FriendGuard|SuperFang,Taunt,FollowMe,Protect||||||50|]Incineroar||ShucaBerry|Intimidate|FlareBlitz,DarkestLariat,PartingShot,FakeOut|||F|||50|\n|inactive|Battle timer is ON: inactive players will automatically lose when time's up. (requested by CoolTrainerBu)\n|\n|t:|1776187411\n|teamsize|p1|4\n|teamsize|p2|4\n|start\n|switch|p1a: Kangaskhan|Kangaskhan, L50, F|100/100\n|switch|p1b: Aerodactyl|Aerodactyl, L50, M|100/100\n|switch|p2a: Incineroar|Incineroar, L50, F|100/100\n|switch|p2b: Garchomp|Garchomp, L50, M|100/100\n|-ability|p1b: Aerodactyl|Unnerve\n|-ability|p2a: Incineroar|Intimidate|boost\n|-fail|p1a: Kangaskhan|unboost|Attack|[from] ability: Inner Focus|[of] p1a: Kangaskhan\n|-unboost|p1b: Aerodactyl|atk|1\n|turn|1\n|inactive|CoolTrainerBu has 30 seconds left.\n|\n|t:|1776187444\n|move|p1b: Aerodactyl|Protect|p1b: Aerodactyl\n|-singleturn|p1b: Aerodactyl|Protect\n|move|p2b: Garchomp|Protect|p2b: Garchomp\n|-singleturn|p2b: Garchomp|Protect\n|move|p1a: Kangaskhan|Fake Out|p2b: Garchomp\n|-activate|p2b: Garchomp|move: Protect\n|move|p2a: Incineroar|Fake Out|p1b: Aerodactyl\n|-activate|p1b: Aerodactyl|move: Protect\n|\n|upkeep\n|turn|2\n|inactive|pastycreepy has 30 seconds left.\n|inactive|CoolTrainerBu has 30 seconds left.\n|inactive|pastycreepy has 20 seconds left.\n|inactive|pastycreepy has 15 seconds left.\n|inactive|pastycreepy has 10 seconds left.\n|\n|t:|1776187493\n|detailschange|p1a: Kangaskhan|Kangaskhan-Mega, L50, F\n|-mega|p1a: Kangaskhan|Kangaskhan|Kangaskhanite\n|move|p1b: Aerodactyl|Tailwind|p1b: Aerodactyl\n|-sidestart|p1: pastycreepy|move: Tailwind\n|move|p1a: Kangaskhan|Double-Edge|p2b: Garchomp\n|-damage|p2b: Garchomp|40/100\n|-damage|p1a: Kangaskhan|88/100|[from] ability: Rough Skin|[of] p2b: Garchomp\n|-damage|p2b: Garchomp|25/100\n|-damage|p1a: Kangaskhan|76/100|[from] ability: Rough Skin|[of] p2b: Garchomp\n|-hitcount|p2b: Garchomp|2\n|-damage|p1a: Kangaskhan|50/100|[from] Recoil\n|move|p2b: Garchomp|Rock Slide|p1b: Aerodactyl|[spread] p1a,p1b\n|-supereffective|p1b: Aerodactyl|1\n|-damage|p1a: Kangaskhan|30/100\n|-damage|p1b: Aerodactyl|41/100\n|move|p2a: Incineroar|Parting Shot|p1a: Kangaskhan\n|-unboost|p1a: Kangaskhan|atk|1\n|-unboost|p1a: Kangaskhan|spa|1\n|\n|t:|1776187512\n|switch|p2a: Whimsicott|Whimsicott, L50, F|100/100|[from] Parting Shot\n|\n|upkeep\n|turn|3\n|\n|t:|1776187523\n|switch|p1a: Archaludon|Archaludon, L50, M|100/100\n|move|p2a: Whimsicott|Tailwind|p2a: Whimsicott\n|-sidestart|p2: CoolTrainerBu|move: Tailwind\n|move|p1b: Aerodactyl|Dual Wingbeat|p2a: Whimsicott\n|-supereffective|p2a: Whimsicott|1\n|-damage|p2a: Whimsicott|64/100\n|-supereffective|p2a: Whimsicott|1\n|-damage|p2a: Whimsicott|28/100\n|-hitcount|p2a: Whimsicott|2\n|move|p2b: Garchomp|Rock Slide|p1b: Aerodactyl|[spread] p1a,p1b\n|-resisted|p1a: Archaludon|1\n|-supereffective|p1b: Aerodactyl|1\n|-damage|p1a: Archaludon|93/100\n|-damage|p1b: Aerodactyl|0 fnt\n|faint|p1b: Aerodactyl\n|\n|upkeep\n|\n|t:|1776187538\n|switch|p1b: Kangaskhan|Kangaskhan-Mega, L50, F|30/100\n|turn|4\n|\n|t:|1776187559\n|switch|p2a: Charizard|Charizard, L50, F|100/100\n|move|p1b: Kangaskhan|Fake Out|p2b: Garchomp\n|-damage|p2b: Garchomp|4/100\n|-damage|p1b: Kangaskhan|18/100|[from] ability: Rough Skin|[of] p2b: Garchomp\n|-damage|p2b: Garchomp|0 fnt\n|-damage|p1b: Kangaskhan|6/100|[from] ability: Rough Skin|[of] p2b: Garchomp\n|faint|p2b: Garchomp\n|-hitcount|p2: Garchomp|2\n|move|p1a: Archaludon|Flash Cannon|p2a: Charizard\n|-resisted|p2a: Charizard|1\n|-damage|p2a: Charizard|71/100\n|\n|upkeep\n|\n|t:|1776187573\n|switch|p2b: Incineroar|Incineroar, L50, F|100/100\n|-ability|p2b: Incineroar|Intimidate|boost\n|-unboost|p1a: Archaludon|atk|1\n|-unboost|p1b: Kangaskhan|atk|1\n|turn|5\n|inactive|CoolTrainerBu has 30 seconds left.\n|\n|t:|1776187599\n|switch|p1b: Tauros|Tauros-Paldea-Aqua, L50, M|100/100\n|-ability|p1b: Tauros|Intimidate|boost\n|-unboost|p2a: Charizard|atk|1\n|-unboost|p2b: Incineroar|atk|1\n|detailschange|p2a: Charizard|Charizard-Mega-Y, L50, F\n|-mega|p2a: Charizard|Charizard|Charizardite Y\n|-weather|SunnyDay|[from] ability: Drought|[of] p2a: Charizard\n|move|p1a: Archaludon|Protect|p1a: Archaludon\n|-singleturn|p1a: Archaludon|Protect\n|move|p2b: Incineroar|Fake Out|p1b: Tauros\n|-damage|p1b: Tauros|90/100\n|move|p2a: Charizard|Heat Wave|p1b: Tauros|[spread] p1b\n|-activate|p1a: Archaludon|move: Protect\n|-resisted|p1b: Tauros|1\n|-crit|p1b: Tauros\n|-damage|p1b: Tauros|14/100\n|-enditem|p1b: Tauros|Sitrus Berry|[eat]\n|-heal|p1b: Tauros|39/100|[from] item: Sitrus Berry\n|\n|-weather|SunnyDay|[upkeep]\n|-sideend|p1: pastycreepy|move: Tailwind\n|upkeep\n|turn|6\n|inactive|CoolTrainerBu has 30 seconds left.\n|\n|t:|1776187631\n|move|p1b: Tauros|Aqua Jet|p2a: Charizard\n|-supereffective|p2a: Charizard|1\n|-damage|p2a: Charizard|49/100\n|move|p2a: Charizard|Solar Beam||[still]\n|-prepare|p2a: Charizard|Solar Beam\n|-anim|p2a: Charizard|Solar Beam|p1b: Tauros\n|-supereffective|p1b: Tauros|1\n|-damage|p1b: Tauros|0 fnt\n|faint|p1b: Tauros\n|move|p2b: Incineroar|Parting Shot|p1a: Archaludon\n|-unboost|p1a: Archaludon|atk|1\n|-unboost|p1a: Archaludon|spa|1\n|\n|t:|1776187642\n|switch|p2b: Whimsicott|Whimsicott, L50, F|28/100|[from] Parting Shot\n|move|p1a: Archaludon|Draco Meteor|p2a: Charizard\n|-damage|p2a: Charizard|7/100\n|-unboost|p1a: Archaludon|spa|2\n|\n|-weather|SunnyDay|[upkeep]\n|-sideend|p2: CoolTrainerBu|move: Tailwind\n|upkeep\n|\n|t:|1776187652\n|switch|p1b: Kangaskhan|Kangaskhan-Mega, L50, F|6/100\n|turn|7\n|inactive|CoolTrainerBu has 30 seconds left.\n|\n|t:|1776187681\n|switch|p2a: Incineroar|Incineroar, L50, F|100/100\n|-ability|p2a: Incineroar|Intimidate|boost\n|-unboost|p1a: Archaludon|atk|1\n|-unboost|p1b: Kangaskhan|atk|1\n|move|p1b: Kangaskhan|Fake Out|p2b: Whimsicott\n|-damage|p2b: Whimsicott|8/100\n|-damage|p2b: Whimsicott|3/100\n|-hitcount|p2b: Whimsicott|2\n|cant|p2b: Whimsicott|flinch\n|move|p1a: Archaludon|Flash Cannon|p2b: Whimsicott\n|-supereffective|p2b: Whimsicott|1\n|-damage|p2b: Whimsicott|0 fnt\n|faint|p2b: Whimsicott\n|\n|-weather|SunnyDay|[upkeep]\n|upkeep\n|-message|pastycreepy forfeited.\n|\n|win|CoolTrainerBu\n|raw|pastycreepy's rating: 1136 &rarr; <strong>1116</strong><br />(-20 for losing)\n|raw|CoolTrainerBu's rating: 1200 &rarr; <strong>1220</strong><br />(+20 for winning)\n|l|\u2606pastycreepy\n|player|p1|\n",
  "uploadtime": 1776187734,
  "views": 15,
  "formatid": "gen9championsvgc2026regma",
  "rating": 1116,
  "private": 0,
  "password": null
}