{
  "id": "gen9championsvgc2026regma-2581983985",
  "format": "[Gen 9 Champions] VGC 2026 Reg M-A",
  "players": [
    "MisterDemo",
    "Fuki123"
  ],
  "log": "|j|\u2606MisterDemo\n|j|\u2606Fuki123\n|t:|1776045574\n|gametype|doubles\n|player|p1|MisterDemo|1|1121\n|player|p2|Fuki123|169|1213\n|gen|9\n|tier|[Gen 9 Champions] VGC 2026 Reg M-A\n|rated|\n|rule|Species Clause: Limit one of each Pok\u00e9mon\n|rule|Item Clause: Limit 1 of each item\n|clearpoke\n|poke|p1|Sneasler, L50, M|\n|poke|p1|Gardevoir, L50, F|\n|poke|p1|Garchomp, L50, F|\n|poke|p1|Sableye, L50, F|\n|poke|p1|Milotic, L50, F|\n|poke|p1|Incineroar, L50, F|\n|poke|p2|Charizard, L50, M|\n|poke|p2|Venusaur, L50, F|\n|poke|p2|Garchomp, L50, M|\n|poke|p2|Rotom-Wash, L50|\n|poke|p2|Sneasler, L50, M|\n|poke|p2|Incineroar, L50, M|\n|teampreview|4\n|inactive|Battle timer is ON: inactive players will automatically lose when time's up. (requested by Fuki123)\n|inactive|MisterDemo has 60 seconds left.\n|inactive|Fuki123 has 60 seconds left.\n|inactive|MisterDemo has 30 seconds left.\n|inactive|Fuki123 has 30 seconds left.\n|\n|t:|1776045646\n|teamsize|p1|4\n|teamsize|p2|4\n|start\n|switch|p1a: Sableye|Sableye, L50, F|100/100\n|switch|p1b: Milotic|Milotic, L50, F, shiny|100/100\n|switch|p2a: Charizard|Charizard, L50, M|100/100\n|switch|p2b: Venusaur|Venusaur, L50, F|100/100\n|turn|1\n|inactive|Fuki123 has 30 seconds left.\n|\n|t:|1776045674\n|detailschange|p2a: Charizard|Charizard-Mega-Y, L50, M\n|-mega|p2a: Charizard|Charizard|Charizardite Y\n|-weather|SunnyDay|[from] ability: Drought|[of] p2a: Charizard\n|move|p2b: Venusaur|Sleep Powder|p1b: Milotic\n|-status|p1b: Milotic|slp|[from] move: Sleep Powder\n|move|p2a: Charizard|Heat Wave|p1b: Milotic|[spread] p1a,p1b\n|-resisted|p1b: Milotic|1\n|-damage|p1a: Sableye|6/100\n|-damage|p1b: Milotic|77/100 slp\n|cant|p1b: Milotic|slp\n|move|p1a: Sableye|Knock Off|p2b: Venusaur\n|-damage|p2b: Venusaur|56/100\n|-enditem|p2b: Venusaur|Focus Sash|[from] move: Knock Off|[of] p1a: Sableye\n|\n|-weather|SunnyDay|[upkeep]\n|-heal|p1b: Milotic|83/100 slp|[from] item: Leftovers\n|upkeep\n|turn|2\n|inactive|Fuki123 has 30 seconds left.\n|\n|t:|1776045704\n|move|p1a: Sableye|Gravity|p1a: Sableye\n|-fieldstart|move: Gravity\n|move|p2b: Venusaur|Leaf Storm|p1b: Milotic\n|-supereffective|p1b: Milotic|1\n|-damage|p1b: Milotic|0 fnt\n|-unboost|p2b: Venusaur|spa|2\n|faint|p1b: Milotic\n|move|p2a: Charizard|Weather Ball|p1a: Sableye\n|-damage|p1a: Sableye|0 fnt\n|faint|p1a: Sableye\n|\n|-weather|SunnyDay|[upkeep]\n|upkeep\n|\n|t:|1776045709\n|switch|p1b: Gardevoir|Gardevoir, L50, F, shiny|100/100\n|switch|p1a: Garchomp|Garchomp, L50, F, shiny|100/100\n|turn|3\n|inactive|Fuki123 has 30 seconds left.\n|\n|t:|1776045744\n|detailschange|p1b: Gardevoir|Gardevoir-Mega, L50, F, shiny\n|-mega|p1b: Gardevoir|Gardevoir|Gardevoirite\n|move|p2a: Charizard|Protect|p2a: Charizard\n|-singleturn|p2a: Charizard|Protect\n|move|p2b: Venusaur|Sleep Powder|p1a: Garchomp\n|-status|p1a: Garchomp|slp|[from] move: Sleep Powder\n|cant|p1a: Garchomp|slp\n|move|p1b: Gardevoir|Icy Wind|p2a: Charizard|[spread] p2b\n|-activate|p2a: Charizard|move: Protect\n|-supereffective|p2b: Venusaur|1\n|-damage|p2b: Venusaur|9/100\n|-unboost|p2b: Venusaur|spe|1\n|\n|-weather|SunnyDay|[upkeep]\n|upkeep\n|turn|4\n|\n|t:|1776045768\n|move|p1b: Gardevoir|Protect|p1b: Gardevoir\n|-singleturn|p1b: Gardevoir|Protect\n|cant|p1a: Garchomp|slp\n|move|p2b: Venusaur|Sludge Bomb|p1b: Gardevoir\n|-activate|p1b: Gardevoir|move: Protect\n|move|p2a: Charizard|Heat Wave|p1a: Garchomp|[spread] p1a\n|-activate|p1b: Gardevoir|move: Protect\n|-resisted|p1a: Garchomp|1\n|-damage|p1a: Garchomp|65/100 slp\n|\n|-weather|SunnyDay|[upkeep]\n|upkeep\n|turn|5\n|\n|t:|1776045793\n|switch|p2b: Garchomp|Garchomp, L50, M|100/100\n|switch|p2a: Rotom|Rotom-Wash, L50|100/100\n|-curestatus|p1a: Garchomp|slp|[msg]\n|move|p1a: Garchomp|Stone Edge|p2a: Rotom\n|-damage|p2a: Rotom|71/100\n|move|p1b: Gardevoir|Icy Wind|p2b: Garchomp|[spread] p2a,p2b\n|-resisted|p2a: Rotom|1\n|-supereffective|p2b: Garchomp|2\n|-damage|p2a: Rotom|61/100\n|-damage|p2b: Garchomp|11/100\n|-unboost|p2a: Rotom|spe|1\n|-unboost|p2b: Garchomp|spe|1\n|\n|-weather|none\n|-heal|p2a: Rotom|67/100|[from] item: Leftovers\n|upkeep\n|turn|6\n|inactive|Fuki123 has 30 seconds left.\n|\n|t:|1776045827\n|switch|p2b: Charizard|Charizard-Mega-Y, L50, M|100/100\n|-weather|SunnyDay|[from] ability: Drought|[of] p2b: Charizard\n|move|p1a: Garchomp|Stone Edge|p2b: Charizard\n|-supereffective|p2b: Charizard|2\n|-damage|p2b: Charizard|0 fnt\n|faint|p2b: Charizard\n|move|p1b: Gardevoir|Hyper Voice|p2a: Rotom\n|-damage|p2a: Rotom|0 fnt\n|faint|p2a: Rotom\n|\n|-weather|SunnyDay|[upkeep]\n|-fieldend|move: Gravity\n|upkeep\n|\n|t:|1776045839\n|switch|p2b: Venusaur|Venusaur, L50, F|9/100\n|switch|p2a: Garchomp|Garchomp, L50, M|11/100\n|turn|7\n|\n|t:|1776045848\n|move|p2b: Venusaur|Sleep Powder|p1b: Gardevoir\n|-status|p1b: Gardevoir|slp|[from] move: Sleep Powder\n|move|p1a: Garchomp|Stone Edge|p2b: Venusaur\n|-damage|p2b: Venusaur|0 fnt\n|faint|p2b: Venusaur\n|move|p2a: Garchomp|Dragon Claw|p1a: Garchomp\n|-supereffective|p1a: Garchomp|1\n|-damage|p1a: Garchomp|0 fnt\n|-damage|p2a: Garchomp|0 fnt|[from] ability: Rough Skin|[of] p1a: Garchomp\n|faint|p1a: Garchomp\n|faint|p2a: Garchomp\n|\n|win|MisterDemo\n|raw|MisterDemo's rating: 1121 &rarr; <strong>1152</strong><br />(+31 for winning)\n|raw|Fuki123's rating: 1213 &rarr; <strong>1182</strong><br />(-31 for losing)\n|l|\u2606Fuki123\n|player|p2|\n",
  "uploadtime": 1776045952,
  "views": 11,
  "formatid": "gen9championsvgc2026regma",
  "rating": 1152,
  "private": 0,
  "password": null
}