{
  "id": "gen9championsvgc2026regma-2584684520",
  "format": "[Gen 9 Champions] VGC 2026 Reg M-A",
  "players": [
    "nicezinho",
    "Hedgehogwarrior"
  ],
  "log": "|j|\u2606nicezinho\n|j|\u2606Hedgehogwarrior\n|t:|1776276640\n|gametype|doubles\n|player|p1|nicezinho|ghetsis|1123\n|player|p2|Hedgehogwarrior|170|1115\n|gen|9\n|tier|[Gen 9 Champions] VGC 2026 Reg M-A\n|rated|\n|rule|Species Clause: Limit one of each Pok\u00e9mon\n|rule|Item Clause: Limit 1 of each item\n|clearpoke\n|poke|p1|Charizard, L50, M|\n|poke|p1|Gardevoir, L50, F|\n|poke|p1|Milotic, L50, F|\n|poke|p1|Garchomp, L50, M|\n|poke|p1|Sneasler, L50, M|\n|poke|p1|Venusaur, L50, M|\n|poke|p2|Crabominable, L50, F|\n|poke|p2|Aurorus, L50, M|\n|poke|p2|Slowking-Galar, L50, M|\n|poke|p2|Sinistcha, L50|\n|poke|p2|Incineroar, L50, F|\n|poke|p2|Aerodactyl, L50, F|\n|teampreview|4\n|inactive|Battle timer is ON: inactive players will automatically lose when time's up. (requested by nicezinho)\n|inactive|nicezinho has 60 seconds left.\n|inactive|Hedgehogwarrior has 60 seconds left.\n|\n|t:|1776276691\n|teamsize|p1|4\n|teamsize|p2|4\n|start\n|switch|p1a: Charizard|Charizard, L50, M, shiny|100/100\n|switch|p1b: Milotic|Milotic, L50, F, shiny|100/100\n|switch|p2a: Aerodactyl|Aerodactyl, L50, F|100/100\n|switch|p2b: Slowking|Slowking-Galar, L50, M|100/100\n|-ability|p2a: Aerodactyl|Unnerve\n|turn|1\n|\n|t:|1776276716\n|move|p1a: Charizard|Protect|p1a: Charizard\n|-singleturn|p1a: Charizard|Protect\n|move|p2a: Aerodactyl|Swagger|p1b: Milotic|[miss]\n|-miss|p2a: Aerodactyl|p1b: Milotic\n|move|p1b: Milotic|Scald|p2a: Aerodactyl\n|-supereffective|p2a: Aerodactyl|1\n|-damage|p2a: Aerodactyl|15/100\n|move|p2b: Slowking|Sludge Bomb|p1b: Milotic\n|-damage|p1b: Milotic|78/100\n|\n|-heal|p1b: Milotic|83/100|[from] item: Leftovers\n|upkeep\n|turn|2\n|\n|t:|1776276738\n|move|p2a: Aerodactyl|Rock Slide|p1a: Charizard|[spread] p1a,p1b\n|-supereffective|p1a: Charizard|2\n|-damage|p1a: Charizard|0 fnt\n|-damage|p1b: Milotic|57/100\n|faint|p1a: Charizard\n|move|p1b: Milotic|Scald|p2a: Aerodactyl\n|-supereffective|p2a: Aerodactyl|1\n|-damage|p2a: Aerodactyl|0 fnt\n|faint|p2a: Aerodactyl\n|move|p2b: Slowking|Trick Room|p2b: Slowking\n|-fieldstart|move: Trick Room|[of] p2b: Slowking\n|\n|-heal|p1b: Milotic|63/100|[from] item: Leftovers\n|upkeep\n|\n|t:|1776276752\n|switch|p1a: Venusaur|Venusaur, L50, M|100/100\n|switch|p2a: Sinistcha|Sinistcha, L50|100/100\n|turn|3\n|\n|t:|1776276763\n|move|p2b: Slowking|Psychic|p1a: Venusaur\n|-supereffective|p1a: Venusaur|1\n|-damage|p1a: Venusaur|20/100\n|move|p2a: Sinistcha|Matcha Gotcha|p1b: Milotic|[spread] p1a,p1b\n|-resisted|p1a: Venusaur|2\n|-supereffective|p1b: Milotic|1\n|-damage|p1a: Venusaur|13/100\n|-damage|p1b: Milotic|31/100\n|-status|p1a: Venusaur|brn\n|move|p1b: Milotic|Life Dew|p1b: Milotic|[spread] p1a,p1b\n|-heal|p1a: Venusaur|38/100 brn\n|-heal|p1b: Milotic|56/100\n|move|p1a: Venusaur|Sleep Powder|p2b: Slowking\n|-status|p2b: Slowking|slp|[from] move: Sleep Powder\n|\n|-heal|p1b: Milotic|62/100|[from] item: Leftovers\n|-damage|p1a: Venusaur|33/100 brn|[from] brn\n|upkeep\n|turn|4\n|inactive|Hedgehogwarrior has 30 seconds left.\n|\n|t:|1776276795\n|cant|p2b: Slowking|slp\n|move|p2a: Sinistcha|Matcha Gotcha|p1a: Venusaur|[spread] p1a,p1b\n|-resisted|p1a: Venusaur|2\n|-supereffective|p1b: Milotic|1\n|-damage|p1a: Venusaur|26/100 brn\n|-damage|p1b: Milotic|33/100\n|move|p1b: Milotic|Life Dew|p1b: Milotic|[spread] p1a,p1b\n|-heal|p1a: Venusaur|51/100 brn\n|-heal|p1b: Milotic|58/100\n|move|p1a: Venusaur|Giga Drain|p2b: Slowking\n|-resisted|p2b: Slowking|1\n|-damage|p2b: Slowking|88/100 slp\n|-heal|p1a: Venusaur|59/100 brn|[from] drain|[of] p2b: Slowking\n|\n|-heal|p1b: Milotic|64/100|[from] item: Leftovers\n|-damage|p1a: Venusaur|54/100 brn|[from] brn\n|upkeep\n|turn|5\n|inactive|nicezinho has 30 seconds left.\n|\n|t:|1776276823\n|-curestatus|p2b: Slowking|slp|[msg]\n|move|p2b: Slowking|Psychic|p1a: Venusaur\n|-supereffective|p1a: Venusaur|1\n|-damage|p1a: Venusaur|0 fnt\n|faint|p1a: Venusaur\n|move|p2a: Sinistcha|Matcha Gotcha|p1b: Milotic\n|-supereffective|p1b: Milotic|1\n|-damage|p1b: Milotic|20/100\n|move|p1b: Milotic|Ice Beam|p2a: Sinistcha\n|-supereffective|p2a: Sinistcha|1\n|-damage|p2a: Sinistcha|65/100\n|\n|-heal|p2a: Sinistcha|71/100|[from] item: Leftovers\n|-heal|p1b: Milotic|25/100|[from] item: Leftovers\n|upkeep\n|\n|t:|1776276839\n|switch|p1a: Garchomp|Garchomp, L50, M|100/100\n|turn|6\n|-message|nicezinho forfeited.\n|\n|win|Hedgehogwarrior\n|raw|nicezinho's rating: 1123 &rarr; <strong>1097</strong><br />(-26 for losing)\n|raw|Hedgehogwarrior's rating: 1115 &rarr; <strong>1141</strong><br />(+26 for winning)\n|l|\u2606nicezinho\n|player|p1|\n",
  "uploadtime": 1776276874,
  "views": 16,
  "formatid": "gen9championsvgc2026regma",
  "rating": 1097,
  "private": 0,
  "password": null
}