{
  "id": "gen9championsvgc2026regma-2585924377",
  "format": "[Gen 9 Champions] VGC 2026 Reg M-A",
  "players": [
    "bodhidelbarrio",
    "benjiapollo"
  ],
  "log": "|j|\u2606bodhidelbarrio\n|j|\u2606benjiapollo\n|t:|1776381925\n|gametype|doubles\n|player|p1|bodhidelbarrio|blackbelt|1320\n|player|p2|benjiapollo|giovanni|1367\n|gen|9\n|tier|[Gen 9 Champions] VGC 2026 Reg M-A\n|rated|\n|rule|Species Clause: Limit one of each Pok\u00e9mon\n|rule|Item Clause: Limit 1 of each item\n|clearpoke\n|poke|p1|Torkoal, L50, F|\n|poke|p1|Farigiraf, L50, F|\n|poke|p1|Gallade, L50, M|\n|poke|p1|Charizard, L50, M|\n|poke|p1|Venusaur, L50, F|\n|poke|p1|Garchomp, L50, F|\n|poke|p2|Basculegion, L50, M|\n|poke|p2|Charizard, L50, F|\n|poke|p2|Kingambit, L50, M|\n|poke|p2|Sneasler, L50, M|\n|poke|p2|Venusaur, L50, F|\n|poke|p2|Talonflame, L50, F|\n|teampreview|4\n|inactive|Battle timer is ON: inactive players will automatically lose when time's up. (requested by benjiapollo)\n|\n|t:|1776381945\n|teamsize|p1|4\n|teamsize|p2|4\n|start\n|switch|p1a: Farigiraf|Farigiraf, L50, F|100/100\n|switch|p1b: Garchomp|Garchomp, L50, F|100/100\n|switch|p2a: Talonflame|Talonflame, L50, F|100/100\n|switch|p2b: Kingambit|Kingambit, L50, M|100/100\n|turn|1\n|\n|t:|1776381969\n|move|p1a: Farigiraf|Protect|p1a: Farigiraf\n|-singleturn|p1a: Farigiraf|Protect\n|move|p1b: Garchomp|Stomping Tantrum|p2b: Kingambit\n|-supereffective|p2b: Kingambit|1\n|-damage|p2b: Kingambit|33/100\n|move|p2a: Talonflame|Flare Blitz|p1a: Farigiraf\n|-activate|p1a: Farigiraf|move: Protect\n|move|p2b: Kingambit|Kowtow Cleave|p1a: Farigiraf\n|-activate|p1a: Farigiraf|move: Protect\n|\n|upkeep\n|turn|2\n|\n|t:|1776381986\n|switch|p2b: Charizard|Charizard, L50, F|100/100\n|move|p1b: Garchomp|Stomping Tantrum|p2b: Charizard\n|-immune|p2b: Charizard\n|move|p2a: Talonflame|Flare Blitz|p1a: Farigiraf\n|-damage|p1a: Farigiraf|62/100\n|-damage|p2a: Talonflame|82/100|[from] Recoil\n|move|p1a: Farigiraf|Trick Room|p1a: Farigiraf\n|-fieldstart|move: Trick Room|[of] p1a: Farigiraf\n|\n|upkeep\n|turn|3\n|\n|t:|1776382009\n|switch|p1b: Gallade|Gallade, L50, M|100/100\n|detailschange|p2b: Charizard|Charizard-Mega-X, L50, F\n|-mega|p2b: Charizard|Charizard|Charizardite X\n|move|p1a: Farigiraf|Hyper Voice|p2a: Talonflame|[spread] p2a,p2b\n|-damage|p2a: Talonflame|40/100\n|-damage|p2b: Charizard|68/100\n|move|p2b: Charizard|Dragon Claw|p1b: Gallade\n|-damage|p1b: Gallade|33/100\n|move|p2a: Talonflame|Flare Blitz|p1a: Farigiraf\n|-damage|p1a: Farigiraf|23/100\n|-enditem|p1a: Farigiraf|Sitrus Berry|[eat]\n|-heal|p1a: Farigiraf|48/100|[from] item: Sitrus Berry\n|-damage|p2a: Talonflame|22/100|[from] Recoil\n|\n|upkeep\n|turn|4\n|\n|t:|1776382030\n|move|p2b: Charizard|Protect|p2b: Charizard\n|-singleturn|p2b: Charizard|Protect\n|move|p1a: Farigiraf|Hyper Voice|p2a: Talonflame|[spread] p2a\n|-activate|p2b: Charizard|move: Protect\n|-damage|p2a: Talonflame|0 fnt\n|faint|p2a: Talonflame\n|move|p1b: Gallade|Sacred Sword|p2b: Charizard\n|-activate|p2b: Charizard|move: Protect\n|\n|upkeep\n|\n|t:|1776382041\n|switch|p2a: Kingambit|Kingambit, L50, M|33/100\n|turn|5\n|\n|t:|1776382056\n|move|p2a: Kingambit|Kowtow Cleave|p1b: Gallade\n|-damage|p1b: Gallade|0 fnt\n|faint|p1b: Gallade\n|move|p1a: Farigiraf|Hyper Voice|p2a: Kingambit|[spread] p2a,p2b\n|-resisted|p2a: Kingambit|1\n|-damage|p2a: Kingambit|22/100\n|-damage|p2b: Charizard|35/100\n|move|p2b: Charizard|Dragon Claw|p1a: Farigiraf\n|-damage|p1a: Farigiraf|8/100\n|\n|upkeep\n|\n|t:|1776382067\n|switch|p1b: Torkoal|Torkoal, L50, F|100/100\n|-weather|SunnyDay|[from] ability: Drought|[of] p1b: Torkoal\n|turn|6\n|\n|t:|1776382075\n|switch|p1a: Garchomp|Garchomp, L50, F|100/100\n|move|p2b: Charizard|Protect|p2b: Charizard\n|-singleturn|p2b: Charizard|Protect\n|move|p2a: Kingambit|Sucker Punch||[still]\n|-fail|p2a: Kingambit\n|move|p1b: Torkoal|Eruption|p2a: Kingambit|[spread] p2a\n|-activate|p2b: Charizard|move: Protect\n|-supereffective|p2a: Kingambit|1\n|-damage|p2a: Kingambit|0 fnt\n|faint|p2a: Kingambit\n|\n|-weather|SunnyDay|[upkeep]\n|-fieldend|move: Trick Room\n|upkeep\n|\n|t:|1776382087\n|switch|p2a: Basculegion|Basculegion, L50, M|100/100\n|turn|7\n|\n|t:|1776382096\n|move|p1a: Garchomp|Rock Slide|p2a: Basculegion|[spread] p2a,p2b\n|-supereffective|p2b: Charizard|1\n|-damage|p2a: Basculegion|72/100\n|-damage|p2b: Charizard|0 fnt\n|faint|p2b: Charizard\n|cant|p2a: Basculegion|flinch\n|move|p1b: Torkoal|Weather Ball|p2a: Basculegion\n|-resisted|p2a: Basculegion|1\n|-damage|p2a: Basculegion|25/100\n|\n|-weather|SunnyDay|[upkeep]\n|upkeep\n|turn|8\n|-message|benjiapollo forfeited.\n|\n|win|bodhidelbarrio\n|raw|bodhidelbarrio's rating: 1320 &rarr; <strong>1343</strong><br />(+23 for winning)\n|raw|benjiapollo's rating: 1367 &rarr; <strong>1344</strong><br />(-23 for losing)\n",
  "uploadtime": 1776382104,
  "views": 58,
  "formatid": "gen9championsvgc2026regma",
  "rating": 1343,
  "private": 0,
  "password": null
}