{
  "id": "gen9championsvgc2026regma-2586580339",
  "format": "[Gen 9 Champions] VGC 2026 Reg M-A",
  "players": [
    "KennarDH",
    "AthenaStrive9"
  ],
  "log": "|j|\u2606KennarDH\n|j|\u2606AthenaStrive9\n|t:|1776444569\n|gametype|doubles\n|player|p1|KennarDH|rocketgruntf|\n|player|p2|AthenaStrive9|nancy|\n|gen|9\n|tier|[Gen 9 Champions] VGC 2026 Reg M-A\n|rated|Tournament battle\n|rule|Species Clause: Limit one of each Pok\u00e9mon\n|rule|Item Clause: Limit 1 of each item\n|raw|<div class=\"infobox\"><details class=\"readmore\" open><summary><strong>1 custom rule:</strong></summary> Force Open Team Sheets</details></div>\n|clearpoke\n|poke|p1|Farigiraf, L50, F|\n|poke|p1|Blastoise, L50, F|\n|poke|p1|Torkoal, L50, M|\n|poke|p1|Crabominable, L50, M|\n|poke|p1|Alakazam, L50, M|\n|poke|p1|Sinistcha, L50|\n|poke|p2|Floette-Eternal, L50, F|\n|poke|p2|Sneasler, L50, F|\n|poke|p2|Corviknight, L50, M|\n|poke|p2|Sinistcha-Masterpiece, L50|\n|poke|p2|Kommo-o, L50, M|\n|poke|p2|Incineroar, L50, M|\n|teampreview|4\n|showteam|p1|Farigiraf||MentalHerb|ArmorTail|TwinBeam,HelpingHand,HyperVoice,TrickRoom|||F|||50|]Blastoise||Blastoisinite|RainDish|FakeOut,DarkPulse,WaterSpout,AuraSphere|||F|||50|]Torkoal||Charcoal|Drought|Eruption,WeatherBall,EarthPower,Protect|||M|||50|]Crabominable||SitrusBerry|HyperCutter|WideGuard,IceHammer,CloseCombat,KnockOff|||M|||50|]Alakazam||FocusSash|InnerFocus|SpeedSwap,FocusBlast,Psychic,Protect|||M|||50|]Sinistcha||ColburBerry|Hospitality|TrickRoom,RagePowder,MatchaGotcha,ShadowBall||||||50|\n|showteam|p2|Floette-Eternal||Floettite|FlowerVeil|Protect,Moonblast,DazzlingGleam,CalmMind|||F|||50|]Sneasler||FocusSash|Unburden|DireClaw,CloseCombat,FakeOut,Coaching|||F|||50|]Corviknight||Leftovers|MirrorArmor|Roost,IronHead,BodyPress,BulkUp|||M|||50|]Sinistcha-Masterpiece||SitrusBerry|Hospitality|RagePowder,MatchaGotcha,LifeDew,TrickRoom||||||50|]Kommo-o||CobaBerry|Overcoat|Protect,ClangingScales,AuraSphere,ClangorousSoul|||M|||50|]Incineroar||LumBerry|Intimidate|ThroatChop,FlareBlitz,FakeOut,PartingShot|||M|||50|\n|j| hiyopon\n|c|\u2606AthenaStrive9|hf :3\n|j| 4Test4\n|l| 4Test4\n|\n|t:|1776444605\n|teamsize|p1|4\n|teamsize|p2|4\n|start\n|switch|p1a: Farigiraf|Farigiraf, L50, F|100/100\n|switch|p1b: Blastoise|Blastoise, L50, F|100/100\n|switch|p2a: Incineroar|Incineroar, L50, M, shiny|100/100\n|switch|p2b: Kommo-o|Kommo-o, L50, M|100/100\n|-ability|p2a: Incineroar|Intimidate|boost\n|-unboost|p1a: Farigiraf|atk|1\n|-unboost|p1b: Blastoise|atk|1\n|turn|1\n|\n|t:|1776444632\n|move|p1b: Blastoise|Fake Out|p2a: Incineroar\n|-crit|p2a: Incineroar\n|-damage|p2a: Incineroar|88/100\n|cant|p2a: Incineroar|flinch\n|move|p2b: Kommo-o|Clangorous Soul|p2b: Kommo-o\n|-boost|p2b: Kommo-o|atk|1\n|-boost|p2b: Kommo-o|def|1\n|-boost|p2b: Kommo-o|spa|1\n|-boost|p2b: Kommo-o|spd|1\n|-boost|p2b: Kommo-o|spe|1\n|-damage|p2b: Kommo-o|68/100\n|move|p1a: Farigiraf|Trick Room|p1a: Farigiraf\n|-fieldstart|move: Trick Room|[of] p1a: Farigiraf\n|\n|upkeep\n|turn|2\n|\n|t:|1776444660\n|switch|p2a: Sinistcha|Sinistcha-Masterpiece, L50, shiny|100/100\n|-heal|p2b: Kommo-o|92/100|[from] ability: Hospitality|[of] p2a: Sinistcha\n|detailschange|p1b: Blastoise|Blastoise-Mega, L50, F\n|-mega|p1b: Blastoise|Blastoise|Blastoisinite\n|move|p2b: Kommo-o|Protect|p2b: Kommo-o\n|-singleturn|p2b: Kommo-o|Protect\n|move|p1a: Farigiraf|Twin Beam|p2b: Kommo-o\n|-activate|p2b: Kommo-o|move: Protect\n|move|p1b: Blastoise|Water Spout|p2a: Sinistcha|[spread] p2a\n|-activate|p2b: Kommo-o|move: Protect\n|-resisted|p2a: Sinistcha|1\n|-damage|p2a: Sinistcha|68/100\n|\n|upkeep\n|turn|3\n|\n|t:|1776444690\n|move|p1a: Farigiraf|Hyper Voice|p2a: Sinistcha|[spread] p2b\n|-immune|p2a: Sinistcha\n|-damage|p2b: Kommo-o|76/100\n|move|p1b: Blastoise|Dark Pulse|p2a: Sinistcha\n|-supereffective|p2a: Sinistcha|1\n|-damage|p2a: Sinistcha|0 fnt\n|faint|p2a: Sinistcha\n|move|p2b: Kommo-o|Aura Sphere|p1a: Farigiraf\n|-damage|p1a: Farigiraf|54/100\n|\n|upkeep\n|\n|t:|1776444698\n|switch|p2a: Floette|Floette-Eternal, L50, F|100/100\n|turn|4\n|\n|t:|1776444714\n|switch|p1a: Crabominable|Crabominable, L50, M|100/100\n|detailschange|p2a: Floette|Floette-Mega, L50, F\n|-mega|p2a: Floette|Floette|Floettite\n|-ability|p2a: Floette|Fairy Aura\n|move|p2a: Floette|Protect|p2a: Floette\n|-singleturn|p2a: Floette|Protect\n|move|p2b: Kommo-o|Protect|p2b: Kommo-o\n|-singleturn|p2b: Kommo-o|Protect\n|move|p1b: Blastoise|Water Spout|p2b: Kommo-o|[spread] \n|-activate|p2a: Floette|move: Protect\n|-activate|p2b: Kommo-o|move: Protect\n|\n|upkeep\n|turn|5\n|\n|t:|1776444739\n|move|p1a: Crabominable|Ice Hammer|p2b: Kommo-o\n|-supereffective|p2b: Kommo-o|1\n|-damage|p2b: Kommo-o|12/100\n|-unboost|p1a: Crabominable|spe|1\n|move|p1b: Blastoise|Water Spout|p2b: Kommo-o|[spread] p2a,p2b\n|-resisted|p2b: Kommo-o|1\n|-damage|p2a: Floette|56/100\n|-damage|p2b: Kommo-o|0 fnt\n|faint|p2b: Kommo-o\n|move|p2a: Floette|Moonblast|p1a: Crabominable\n|-supereffective|p1a: Crabominable|1\n|-damage|p1a: Crabominable|0 fnt\n|faint|p1a: Crabominable\n|\n|-fieldend|move: Trick Room\n|upkeep\n|\n|t:|1776444752\n|switch|p2b: Incineroar|Incineroar, L50, M, shiny|88/100\n|switch|p1a: Farigiraf|Farigiraf, L50, F|54/100\n|-ability|p2b: Incineroar|Intimidate|boost\n|-unboost|p1a: Farigiraf|atk|1\n|-unboost|p1b: Blastoise|atk|1\n|turn|6\n|inactive|Battle timer is ON: inactive players will automatically lose when time's up. (requested by KennarDH)\n|\n|t:|1776444797\n|move|p2a: Floette|Calm Mind|p2a: Floette\n|-boost|p2a: Floette|spa|1\n|-boost|p2a: Floette|spd|1\n|move|p2b: Incineroar|Throat Chop|p1a: Farigiraf\n|-supereffective|p1a: Farigiraf|1\n|-damage|p1a: Farigiraf|0 fnt\n|faint|p1a: Farigiraf\n|move|p1b: Blastoise|Water Spout|p2a: Floette|[spread] p2a,p2b\n|-supereffective|p2b: Incineroar|1\n|-damage|p2a: Floette|22/100\n|-damage|p2b: Incineroar|0 fnt\n|faint|p2b: Incineroar\n|\n|upkeep\n|\n|t:|1776444807\n|switch|p1a: Torkoal|Torkoal, L50, M|100/100\n|-weather|SunnyDay|[from] ability: Drought|[of] p1a: Torkoal\n|turn|7\n|\n|t:|1776444817\n|move|p2a: Floette|Dazzling Gleam|p1a: Torkoal|[spread] p1a,p1b\n|-resisted|p1a: Torkoal|1\n|-damage|p1a: Torkoal|58/100\n|-damage|p1b: Blastoise|38/100\n|move|p1b: Blastoise|Water Spout|p2a: Floette\n|-damage|p2a: Floette|15/100\n|move|p1a: Torkoal|Weather Ball|p2a: Floette\n|-damage|p2a: Floette|0 fnt\n|faint|p2a: Floette\n|\n|win|KennarDH\n|n|\u2606KennarDH|kennardh\n|n|\u2606AthenaStrive9|athenastrive9\n|n| hiyopon|hiyopon\n|l| hiyopon\n",
  "uploadtime": 1776444828,
  "views": 21,
  "formatid": "gen9championsvgc2026regma",
  "rating": null,
  "private": 0,
  "password": null
}