{
  "id": "gen9championsvgc2026regma-2586609475",
  "format": "[Gen 9 Champions] VGC 2026 Reg M-A",
  "players": [
    "Nezk025",
    "KennarDH"
  ],
  "log": "|j|\u2606Nezk025\n|j|\u2606KennarDH\n|t:|1776446549\n|gametype|doubles\n|player|p1|Nezk025|nate|\n|player|p2|KennarDH|rocketgruntf|\n|gen|9\n|tier|[Gen 9 Champions] VGC 2026 Reg M-A\n|rated|Tournament battle\n|rule|Species Clause: Limit one of each Pok\u00e9mon\n|rule|Item Clause: Limit 1 of each item\n|raw|<div class=\"infobox\"><details class=\"readmore\" open><summary><strong>1 custom rule:</strong></summary> Force Open Team Sheets</details></div>\n|clearpoke\n|poke|p1|Kommo-o, L50, F|\n|poke|p1|Sinistcha, L50|\n|poke|p1|Sneasler, L50, F|\n|poke|p1|Incineroar, L50, F|\n|poke|p1|Froslass, L50, F|\n|poke|p1|Rotom-Frost, L50|\n|poke|p2|Charizard, L50, F|\n|poke|p2|Milotic, L50, M|\n|poke|p2|Maushold-Four, L50|\n|poke|p2|Hawlucha, L50, M|\n|poke|p2|Vanilluxe, L50, F|\n|poke|p2|Hydrapple, L50, F|\n|teampreview|4\n|showteam|p1|Kommo-o||Leftovers|Overcoat|ClangorousSoul,ClangingScales,Protect,AuraSphere|||F|||50|]Sinistcha||OccaBerry|Hospitality|MatchaGotcha,TrickRoom,RagePowder,Protect||||||50|]Sneasler||WhiteHerb|Unburden|CloseCombat,FakeOut,DireClaw,Protect|||F|||50|]Incineroar||SitrusBerry|Intimidate|PartingShot,FakeOut,FlareBlitz,ThroatChop|||F|||50|]Froslass||Froslassite|SnowCloak|AuroraVeil,Blizzard,ShadowBall,Protect|||F|||50|]Rotom-Frost||ChoiceScarf|Levitate|Blizzard,VoltSwitch,Electroweb,Trick||||||50|\n|showteam|p2|Charizard||CharizarditeX|Blaze|DragonDance,DragonClaw,FlareBlitz,Protect|||F|||50|]Milotic||Leftovers|Competitive|Scald,IcyWind,DrainingKiss,Protect|||M|||50|]Maushold-Four||SilkScarf|Technician|Protect,PopulationBomb,FollowMe,Crunch||||||50|]Hawlucha||Hawluchanite|Limber|Entrainment,Protect,CloseCombat,BraveBird|||M|||50|]Vanilluxe||ChoiceScarf|SnowWarning|SheerCold,Blizzard,FreezeDry,IcyWind|||F|||50|]Hydrapple||SitrusBerry|SupersweetSyrup|PollenPuff,BreakingSwipe,FickleBeam,GigaDrain|||F|||50|\n|j| wowee20\n|j| scottishinterista\n|l| scottishinterista\n|c|\u2606Nezk025|Glhfh\nNezk025 rejected open team sheets.\n|inactive|Battle timer is ON: inactive players will automatically lose when time's up. (requested by KennarDH)\n|inactive|Nezk025 has 60 seconds left.\n|inactive|Nezk025 has 30 seconds left.\n|inactive|Nezk025 has 20 seconds left.\n|\n|t:|1776446719\n|teamsize|p1|4\n|teamsize|p2|4\n|start\n|switch|p1a: Sneasler|Sneasler, L50, F|100/100\n|switch|p1b: Kommo-o|Kommo-o, L50, F|100/100\n|switch|p2a: Charizard|Charizard, L50, F|100/100\n|switch|p2b: Milotic|Milotic, L50, M|100/100\n|turn|1\n|j| 3mms\n|l| 3mms\n|\n|t:|1776446735\n|detailschange|p2a: Charizard|Charizard-Mega-X, L50, F\n|-mega|p2a: Charizard|Charizard|Charizardite X\n|move|p1a: Sneasler|Fake Out|p2b: Milotic\n|-damage|p2b: Milotic|86/100\n|move|p2a: Charizard|Dragon Dance|p2a: Charizard\n|-boost|p2a: Charizard|atk|1\n|-boost|p2a: Charizard|spe|1\n|move|p1b: Kommo-o|Clangorous Soul|p1b: Kommo-o\n|-boost|p1b: Kommo-o|atk|1\n|-boost|p1b: Kommo-o|def|1\n|-boost|p1b: Kommo-o|spa|1\n|-boost|p1b: Kommo-o|spd|1\n|-boost|p1b: Kommo-o|spe|1\n|-damage|p1b: Kommo-o|68/100\n|cant|p2b: Milotic|flinch\n|\n|-heal|p1b: Kommo-o|73/100|[from] item: Leftovers\n|-heal|p2b: Milotic|92/100|[from] item: Leftovers\n|upkeep\n|turn|2\n|\n|t:|1776446754\n|switch|p1a: Incineroar|Incineroar, L50, F|100/100\n|-ability|p1a: Incineroar|Intimidate|boost\n|-unboost|p2a: Charizard|atk|1\n|-unboost|p2b: Milotic|atk|1\n|-ability|p2b: Milotic|Competitive|boost\n|-boost|p2b: Milotic|spa|2\n|move|p1b: Kommo-o|Protect|p1b: Kommo-o\n|-singleturn|p1b: Kommo-o|Protect\n|move|p2a: Charizard|Dragon Claw|p1b: Kommo-o\n|-activate|p1b: Kommo-o|move: Protect\n|move|p2b: Milotic|Scald|p1a: Incineroar\n|-supereffective|p1a: Incineroar|1\n|-damage|p1a: Incineroar|1/100\n|-enditem|p1a: Incineroar|Sitrus Berry|[eat]\n|-heal|p1a: Incineroar|26/100|[from] item: Sitrus Berry\n|\n|-heal|p1b: Kommo-o|79/100|[from] item: Leftovers\n|-heal|p2b: Milotic|98/100|[from] item: Leftovers\n|upkeep\n|turn|3\n|\n|t:|1776446778\n|move|p1a: Incineroar|Fake Out|p2b: Milotic\n|-damage|p2b: Milotic|88/100\n|move|p2a: Charizard|Dragon Claw|p1b: Kommo-o\n|-supereffective|p1b: Kommo-o|1\n|-damage|p1b: Kommo-o|14/100\n|move|p1b: Kommo-o|Clangorous Soul||[still]\n|-fail|p1b: Kommo-o\n|cant|p2b: Milotic|flinch\n|\n|-heal|p1b: Kommo-o|20/100|[from] item: Leftovers\n|-heal|p2b: Milotic|94/100|[from] item: Leftovers\n|upkeep\n|turn|4\n|\n|t:|1776446802\n|switch|p1a: Sneasler|Sneasler, L50, F|100/100\n|move|p1b: Kommo-o|Protect|p1b: Kommo-o\n|-singleturn|p1b: Kommo-o|Protect\n|move|p2a: Charizard|Dragon Dance|p2a: Charizard\n|-boost|p2a: Charizard|atk|1\n|-boost|p2a: Charizard|spe|1\n|move|p2b: Milotic|Draining Kiss|p1b: Kommo-o\n|-activate|p1b: Kommo-o|move: Protect\n|\n|-heal|p1b: Kommo-o|26/100|[from] item: Leftovers\n|-heal|p2b: Milotic|99/100|[from] item: Leftovers\n|upkeep\n|turn|5\n|j| akijuen\n|\n|t:|1776446824\n|move|p2a: Charizard|Dragon Claw|p1b: Kommo-o\n|-supereffective|p1b: Kommo-o|1\n|-damage|p1b: Kommo-o|0 fnt\n|faint|p1b: Kommo-o\n|move|p1a: Sneasler|Close Combat|p2b: Milotic\n|-damage|p2b: Milotic|38/100\n|-unboost|p1a: Sneasler|def|1\n|-unboost|p1a: Sneasler|spd|1\n|-enditem|p1a: Sneasler|White Herb\n|-clearnegativeboost|p1a: Sneasler|[silent]\n|move|p2b: Milotic|Draining Kiss|p1a: Sneasler\n|-damage|p1a: Sneasler|57/100\n|-heal|p2b: Milotic|63/100|[from] drain|[of] p1a: Sneasler\n|\n|-heal|p2b: Milotic|69/100|[from] item: Leftovers\n|upkeep\n|\n|t:|1776446831\n|switch|p1b: Froslass|Froslass, L50, F|100/100\n|turn|6\n|\n|t:|1776446844\n|switch|p1a: Incineroar|Incineroar, L50, F|26/100\n|-ability|p1a: Incineroar|Intimidate|boost\n|-unboost|p2a: Charizard|atk|1\n|-unboost|p2b: Milotic|atk|1\n|-ability|p2b: Milotic|Competitive|boost\n|-boost|p2b: Milotic|spa|2\n|move|p1b: Froslass|Protect|p1b: Froslass\n|-singleturn|p1b: Froslass|Protect\n|move|p2a: Charizard|Flare Blitz|p1b: Froslass\n|-activate|p1b: Froslass|move: Protect\n|move|p2b: Milotic|Scald|p1a: Incineroar\n|-supereffective|p1a: Incineroar|1\n|-damage|p1a: Incineroar|0 fnt\n|faint|p1a: Incineroar\n|\n|-heal|p2b: Milotic|75/100|[from] item: Leftovers\n|upkeep\n|\n|t:|1776446855\n|switch|p1a: Sneasler|Sneasler, L50, F|57/100\n|turn|7\n|j| Arclxwn\n|\n|t:|1776446863\n|detailschange|p1b: Froslass|Froslass-Mega, L50, F\n|-mega|p1b: Froslass|Froslass|Froslassite\n|-weather|Snowscape|[from] ability: Snow Warning|[of] p1b: Froslass\n|move|p2a: Charizard|Protect|p2a: Charizard\n|-singleturn|p2a: Charizard|Protect\n|move|p1a: Sneasler|Fake Out|p2a: Charizard\n|-activate|p2a: Charizard|move: Protect\n|move|p1b: Froslass|Blizzard|p2b: Milotic|[spread] p2b\n|-activate|p2a: Charizard|move: Protect\n|-resisted|p2b: Milotic|1\n|-damage|p2b: Milotic|60/100\n|move|p2b: Milotic|Scald|p1a: Sneasler\n|-damage|p1a: Sneasler|0 fnt\n|faint|p1a: Sneasler\n|\n|-weather|Snowscape|[upkeep]\n|-heal|p2b: Milotic|66/100|[from] item: Leftovers\n|upkeep\n|turn|8\n|j| Doubled Goose\n|\n|t:|1776446883\n|move|p2a: Charizard|Flare Blitz|p1b: Froslass\n|-supereffective|p1b: Froslass|1\n|-damage|p1b: Froslass|0 fnt\n|faint|p1b: Froslass\n|-damage|p2a: Charizard|67/100|[from] Recoil\n|\n|win|KennarDH\n|n|\u2606Nezk025|nezk025\n|n|\u2606KennarDH|kennardh\n|n| wowee20|wowee20\n|n| akijuen|akijuen\n|n| Arclxwn|arclxwn\n|n| Doubled Goose|doubledgoose\n|l|\u2606Nezk025\n|player|p1|\n",
  "uploadtime": 1776446894,
  "views": 28,
  "formatid": "gen9championsvgc2026regma",
  "rating": null,
  "private": 0,
  "password": null
}