{
  "id": "gen9championsvgc2026regma-2584008865",
  "format": "[Gen 9 Champions] VGC 2026 Reg M-A",
  "players": [
    "superboy245",
    "Cellpab1"
  ],
  "log": "|j|\u2606superboy245\n|j|\u2606Cellpab1\n|t:|1776216364\n|gametype|doubles\n|player|p1|superboy245|buck|1269\n|player|p2|Cellpab1|266|1333\n|gen|9\n|tier|[Gen 9 Champions] VGC 2026 Reg M-A\n|rated|\n|rule|Species Clause: Limit one of each Pok\u00e9mon\n|rule|Item Clause: Limit 1 of each item\n|clearpoke\n|poke|p1|Glimmora, L50, F|\n|poke|p1|Chesnaught, L50, M|\n|poke|p1|Alakazam, L50, M|\n|poke|p1|Noivern, L50, M|\n|poke|p1|Cofagrigus, L50, M|\n|poke|p1|Heliolisk, L50, M|\n|poke|p2|Talonflame, L50, F|\n|poke|p2|Garchomp, L50, F|\n|poke|p2|Gardevoir, L50, F|\n|poke|p2|Kingambit, L50, M|\n|poke|p2|Froslass, L50, F|\n|poke|p2|Milotic, L50, M|\n|teampreview|4\n|inactive|Battle timer is ON: inactive players will automatically lose when time's up. (requested by Cellpab1)\nsuperboy245 rejected open team sheets.\n|inactive|superboy245 has 60 seconds left.\n|inactive|Cellpab1 has 60 seconds left.\n|inactive|Cellpab1 has 30 seconds left.\n|inactive|Cellpab1 has 20 seconds left.\n|inactive|Cellpab1 has 15 seconds left.\n|\n|t:|1776216447\n|teamsize|p1|4\n|teamsize|p2|4\n|start\n|switch|p1a: Noivern|Noivern, L50, M|100/100\n|switch|p1b: Glimmora|Glimmora, L50, F|100/100\n|switch|p2a: Kingambit|Kingambit, L50, M|100/100\n|switch|p2b: Froslass|Froslass, L50, F|100/100\n|turn|1\n|inactive|Cellpab1 has 30 seconds left.\n|inactive|Cellpab1 has 20 seconds left.\n|inactive|superboy245 has 30 seconds left.\n|inactive|Cellpab1 has 15 seconds left.\n|inactive|Cellpab1 has 10 seconds left.\n|\n|t:|1776216493\n|switch|p2b: Garchomp|Garchomp, L50, F|100/100\n|detailschange|p1b: Glimmora|Glimmora-Mega, L50, F\n|-mega|p1b: Glimmora|Glimmora|Glimmoranite\n|move|p1a: Noivern|Tailwind|p1a: Noivern\n|-sidestart|p1: superboy245|move: Tailwind\n|move|p1b: Glimmora|Power Gem|p2b: Garchomp\n|-resisted|p2b: Garchomp|1\n|-damage|p2b: Garchomp|68/100\n|move|p2a: Kingambit|Kowtow Cleave|p1b: Glimmora\n|-damage|p1b: Glimmora|42/100\n|\n|upkeep\n|turn|2\n|inactive|Cellpab1 has 30 seconds left.\n|inactive|Cellpab1 has 20 seconds left.\n|\n|t:|1776216532\n|switch|p1b: Alakazam|Alakazam, L50, M|100/100\n|switch|p2a: Talonflame|Talonflame, L50, F|100/100\n|move|p2b: Garchomp|Protect|p2b: Garchomp\n|-singleturn|p2b: Garchomp|Protect\n|move|p1a: Noivern|Draco Meteor|p2b: Garchomp\n|-activate|p2b: Garchomp|move: Protect\n|\n|upkeep\n|turn|3\n|\n|t:|1776216551\n|move|p2a: Talonflame|Tailwind|p2a: Talonflame\n|-sidestart|p2: Cellpab1|move: Tailwind\n|move|p1a: Noivern|Air Slash|p2a: Talonflame\n|-damage|p2a: Talonflame|39/100\n|move|p1b: Alakazam|Reflect|p1b: Alakazam\n|-sidestart|p1: superboy245|Reflect\n|move|p2b: Garchomp|Rock Slide|p1a: Noivern|[spread] p1a,p1b\n|-supereffective|p1a: Noivern|1\n|-damage|p1a: Noivern|65/100\n|-damage|p1b: Alakazam|71/100\n|\n|upkeep\n|turn|4\n|inactive|superboy245 has 30 seconds left.\n|inactive|Cellpab1 has 30 seconds left.\n|inactive|Cellpab1 has 20 seconds left.\n|\n|t:|1776216588\n|move|p2a: Talonflame|Protect|p2a: Talonflame\n|-singleturn|p2a: Talonflame|Protect\n|move|p1a: Noivern|Draco Meteor|p2b: Garchomp\n|-supereffective|p2b: Garchomp|1\n|-damage|p2b: Garchomp|0 fnt\n|-unboost|p1a: Noivern|spa|2\n|faint|p2b: Garchomp\n|move|p1b: Alakazam|Light Screen|p1b: Alakazam\n|-sidestart|p1: superboy245|move: Light Screen\n|\n|-sideend|p1: superboy245|move: Tailwind\n|upkeep\n|\n|t:|1776216597\n|switch|p2b: Froslass|Froslass, L50, F|100/100\n|turn|5\n|\n|t:|1776216615\n|detailschange|p2b: Froslass|Froslass-Mega, L50, F\n|-mega|p2b: Froslass|Froslass|Froslassite\n|-weather|Snowscape|[from] ability: Snow Warning|[of] p2b: Froslass\n|move|p2b: Froslass|Blizzard|p1b: Alakazam|[spread] p1a,p1b\n|-supereffective|p1a: Noivern|2\n|-damage|p1a: Noivern|0 fnt\n|-damage|p1b: Alakazam|20/100\n|faint|p1a: Noivern\n|move|p2a: Talonflame|Brave Bird|p1b: Alakazam\n|-damage|p1b: Alakazam|0 fnt\n|faint|p1b: Alakazam\n|-damage|p2a: Talonflame|33/100|[from] Recoil\n|\n|-weather|Snowscape|[upkeep]\n|upkeep\n|\n|t:|1776216627\n|switch|p1a: Glimmora|Glimmora-Mega, L50, F|42/100\n|switch|p1b: Chesnaught|Chesnaught, L50, M|100/100\n|turn|6\n|inactive|Cellpab1 has 30 seconds left.\n|\n|t:|1776216654\n|move|p1a: Glimmora|Spiky Shield|p1a: Glimmora\n|-singleturn|p1a: Glimmora|move: Protect\n|move|p1b: Chesnaught|Spiky Shield|p1b: Chesnaught\n|-singleturn|p1b: Chesnaught|move: Protect\n|move|p2b: Froslass|Blizzard|p1b: Chesnaught|[spread] \n|-activate|p1a: Glimmora|move: Protect\n|-activate|p1b: Chesnaught|move: Protect\n|move|p2a: Talonflame|Brave Bird|p1b: Chesnaught\n|-activate|p1b: Chesnaught|move: Protect\n|-damage|p2a: Talonflame|21/100|[from] Spiky Shield|[of] p1b: Chesnaught\n|\n|-weather|Snowscape|[upkeep]\n|-sideend|p2: Cellpab1|move: Tailwind\n|upkeep\n|turn|7\n|\n|t:|1776216667\n|move|p1b: Chesnaught|Wide Guard|p1b: Chesnaught\n|-singleturn|p1b: Chesnaught|Wide Guard\n|move|p1a: Glimmora|Power Gem|p2a: Talonflame\n|-supereffective|p2a: Talonflame|2\n|-damage|p2a: Talonflame|0 fnt\n|faint|p2a: Talonflame\n|move|p2b: Froslass|Blizzard|p1b: Chesnaught|[spread] \n|-activate|p1a: Glimmora|move: Wide Guard\n|-activate|p1b: Chesnaught|move: Wide Guard\n|\n|-weather|Snowscape|[upkeep]\n|-sideend|p1: superboy245|Reflect\n|upkeep\n|\n|t:|1776216674\n|switch|p2a: Kingambit|Kingambit, L50, M|100/100\n|turn|8\n|\n|t:|1776216691\n|move|p2a: Kingambit|Sucker Punch|p1a: Glimmora\n|-damage|p1a: Glimmora|0 fnt\n|faint|p1a: Glimmora\n|move|p2b: Froslass|Blizzard|p1b: Chesnaught\n|-supereffective|p1b: Chesnaught|1\n|-damage|p1b: Chesnaught|0 fnt\n|faint|p1b: Chesnaught\n|\n|win|Cellpab1\n|raw|superboy245's rating: 1269 &rarr; <strong>1249</strong><br />(-20 for losing)\n|raw|Cellpab1's rating: 1333 &rarr; <strong>1349</strong><br />(+16 for winning)\n|l|\u2606Cellpab1\n|player|p2|\n|l|\u2606superboy245\n|player|p1|\n|j|\u2606superboy245\n|player|p1|superboy245|buck|\n",
  "uploadtime": 1776216709,
  "views": 39,
  "formatid": "gen9championsvgc2026regma",
  "rating": 1249,
  "private": 0,
  "password": null
}