{
  "id": "gen9championsvgc2026regma-2583858187",
  "format": "[Gen 9 Champions] VGC 2026 Reg M-A",
  "players": [
    "WhenltRains",
    "RandomGuyInSchool"
  ],
  "log": "|j|\u2606WhenltRains\n|j|\u2606RandomGuyInSchool\n|t:|1776203212\n|gametype|doubles\n|player|p1|WhenltRains|2|1047\n|player|p2|RandomGuyInSchool|schoolkid-gen4|1084\n|gen|9\n|tier|[Gen 9 Champions] VGC 2026 Reg M-A\n|rated|\n|rule|Species Clause: Limit one of each Pok\u00e9mon\n|rule|Item Clause: Limit 1 of each item\n|clearpoke\n|poke|p1|Delphox, L50, F|\n|poke|p1|Incineroar, L50, F|\n|poke|p1|Dragonite, L50, M|\n|poke|p1|Gengar, L50, F|\n|poke|p1|Clefable, L50, M|\n|poke|p1|Aerodactyl, L50, F|\n|poke|p2|Incineroar, L50, M|\n|poke|p2|Farigiraf, L50, F|\n|poke|p2|Whimsicott, L50, F|\n|poke|p2|Gengar, L50, M|\n|poke|p2|Kingambit, L50, M|\n|poke|p2|Rotom-Wash, L50|\n|teampreview|4\n|inactive|Battle timer is ON: inactive players will automatically lose when time's up. (requested by RandomGuyInSchool)\nWhenltRains has agreed to open team sheets.\nRandomGuyInSchool rejected open team sheets.\n|c|\u2606RandomGuyInSchool|glhf\n|c|\u2606WhenltRains|u2\n|inactive|RandomGuyInSchool has 60 seconds left.\n|inactive|RandomGuyInSchool has 30 seconds left.\n|inactive|RandomGuyInSchool has 20 seconds left.\n|inactive|RandomGuyInSchool has 15 seconds left.\n|inactive|RandomGuyInSchool has 10 seconds left.\n|\n|t:|1776203296\n|teamsize|p1|4\n|teamsize|p2|4\n|start\n|switch|p1a: Incineroar|Incineroar, L50, F|100/100\n|switch|p1b: Delphox|Delphox, L50, F|100/100\n|switch|p2a: Gengar|Gengar, L50, M|100/100\n|switch|p2b: Whimsicott|Whimsicott, L50, F|100/100\n|-ability|p1a: Incineroar|Intimidate|boost\n|-unboost|p2a: Gengar|atk|1\n|-unboost|p2b: Whimsicott|atk|1\n|turn|1\n|\n|t:|1776203309\n|move|p2b: Whimsicott|Protect|p2b: Whimsicott\n|-singleturn|p2b: Whimsicott|Protect\n|move|p2a: Gengar|Protect|p2a: Gengar\n|-singleturn|p2a: Gengar|Protect\n|move|p1a: Incineroar|Fake Out|p2b: Whimsicott\n|-activate|p2b: Whimsicott|move: Protect\n|move|p1b: Delphox|Heat Wave|p2b: Whimsicott|[spread] \n|-activate|p2a: Gengar|move: Protect\n|-activate|p2b: Whimsicott|move: Protect\n|\n|upkeep\n|turn|2\n|inactive|RandomGuyInSchool has 30 seconds left.\n|\n|t:|1776203338\n|switch|p2b: Incineroar|Incineroar, L50, M|100/100\n|-ability|p2b: Incineroar|Intimidate|boost\n|-unboost|p1a: Incineroar|atk|1\n|-unboost|p1b: Delphox|atk|1\n|detailschange|p2a: Gengar|Gengar-Mega, L50, M\n|-mega|p2a: Gengar|Gengar|Gengarite\n|move|p2a: Gengar|Nasty Plot|p2a: Gengar\n|-boost|p2a: Gengar|spa|2\n|move|p1b: Delphox|Heat Wave|p2b: Incineroar|[spread] p2a\n|-miss|p1b: Delphox|p2b: Incineroar\n|-damage|p2a: Gengar|58/100\n|move|p1a: Incineroar|Throat Chop|p2a: Gengar\n|-supereffective|p2a: Gengar|1\n|-damage|p2a: Gengar|0 fnt\n|faint|p2a: Gengar\n|\n|upkeep\n|\n|t:|1776203358\n|switch|p2a: Kingambit|Kingambit, L50, M|100/100\n|turn|3\n|\n|t:|1776203374\n|switch|p1b: Gengar|Gengar, L50, F|100/100\n|switch|p1a: Clefable|Clefable, L50, M|100/100\n|move|p2b: Incineroar|Fake Out|p1b: Gengar\n|-immune|p1b: Gengar\n|move|p2a: Kingambit|Swords Dance|p2a: Kingambit\n|-boost|p2a: Kingambit|atk|2\n|\n|upkeep\n|turn|4\n|inactive|RandomGuyInSchool has 30 seconds left.\n|inactive|WhenltRains has 30 seconds left.\n|\n|t:|1776203411\n|detailschange|p1b: Gengar|Gengar-Mega, L50, F\n|-mega|p1b: Gengar|Gengar|Gengarite\n|move|p2a: Kingambit|Protect|p2a: Kingambit\n|-singleturn|p2a: Kingambit|Protect\n|move|p1b: Gengar|Perish Song|p1b: Gengar\n|-start|p1a: Clefable|perish3|[silent]\n|-start|p1b: Gengar|perish3|[silent]\n|-start|p2a: Kingambit|perish3|[silent]\n|-start|p2b: Incineroar|perish3|[silent]\n|-fieldactivate|move: Perish Song\n|move|p1a: Clefable|Reflect|p1a: Clefable\n|-sidestart|p1: WhenltRains|Reflect\n|move|p2b: Incineroar|Taunt|p1a: Clefable\n|-start|p1a: Clefable|move: Taunt\n|\n|-start|p1b: Gengar|perish3\n|-start|p1a: Clefable|perish3\n|-start|p2b: Incineroar|perish3\n|-start|p2a: Kingambit|perish3\n|upkeep\n|turn|5\n|\n|t:|1776203431\n|move|p1b: Gengar|Protect|p1b: Gengar\n|-singleturn|p1b: Gengar|Protect\n|move|p1a: Clefable|Moonblast|p2a: Kingambit\n|-damage|p2a: Kingambit|70/100\n|move|p2b: Incineroar|Parting Shot|p1b: Gengar\n|-activate|p1b: Gengar|move: Protect\n|move|p2a: Kingambit|Swords Dance|p2a: Kingambit\n|-boost|p2a: Kingambit|atk|2\n|\n|-heal|p2a: Kingambit|75/100|[from] item: Leftovers\n|-start|p1b: Gengar|perish2\n|-start|p1a: Clefable|perish2\n|-start|p2b: Incineroar|perish2\n|-start|p2a: Kingambit|perish2\n|upkeep\n|turn|6\n|\n|t:|1776203451\n|move|p1b: Gengar|Shadow Ball|p2a: Kingambit\n|-resisted|p2a: Kingambit|1\n|-damage|p2a: Kingambit|49/100\n|move|p1a: Clefable|Moonblast|p2a: Kingambit\n|-damage|p2a: Kingambit|16/100\n|move|p2b: Incineroar|Parting Shot|p1a: Clefable\n|-unboost|p1a: Clefable|atk|1\n|-unboost|p1a: Clefable|spa|1\n|\n|t:|1776203460\n|switch|p2b: Whimsicott|Whimsicott, L50, F|100/100|[from] Parting Shot\n|move|p2a: Kingambit|Iron Head|p1b: Gengar\n|-damage|p1b: Gengar|0 fnt\n|faint|p1b: Gengar\n|\n|-heal|p2a: Kingambit|22/100|[from] item: Leftovers\n|-start|p1a: Clefable|perish1\n|-start|p2a: Kingambit|perish1\n|upkeep\n|\n|t:|1776203472\n|switch|p1b: Incineroar|Incineroar, L50, F|100/100\n|-ability|p1b: Incineroar|Intimidate|boost\n|-unboost|p2a: Kingambit|atk|1\n|-ability|p2a: Kingambit|Defiant|boost\n|-boost|p2a: Kingambit|atk|2\n|-unboost|p2b: Whimsicott|atk|1\n|turn|7\n|\n|t:|1776203486\n|switch|p1a: Delphox|Delphox, L50, F|100/100\n|switch|p2a: Incineroar|Incineroar, L50, M|100/100\n|-ability|p2a: Incineroar|Intimidate|boost\n|-unboost|p1a: Delphox|atk|1\n|-unboost|p1b: Incineroar|atk|1\n|move|p1b: Incineroar|Fake Out|p2b: Whimsicott\n|-damage|p2b: Whimsicott|88/100\n|cant|p2b: Whimsicott|flinch\n|\n|upkeep\n|turn|8\n|\n|t:|1776203507\n|switch|p1a: Clefable|Clefable, L50, M|100/100\n|move|p2b: Whimsicott|Protect|p2b: Whimsicott\n|-singleturn|p2b: Whimsicott|Protect\n|move|p1b: Incineroar|Flare Blitz|p2b: Whimsicott\n|-activate|p2b: Whimsicott|move: Protect\n|move|p2a: Incineroar|Parting Shot|p1a: Clefable\n|-unboost|p1a: Clefable|atk|1\n|-unboost|p1a: Clefable|spa|1\n|\n|t:|1776203517\n|switch|p2a: Kingambit|Kingambit, L50, M|22/100|[from] Parting Shot\n|\n|-heal|p2a: Kingambit|28/100|[from] item: Leftovers\n|-sideend|p1: WhenltRains|Reflect\n|upkeep\n|turn|9\n|inactive|WhenltRains has 30 seconds left.\n|\n|t:|1776203546\n|switch|p2b: Incineroar|Incineroar, L50, M|100/100\n|-ability|p2b: Incineroar|Intimidate|boost\n|-unboost|p1a: Clefable|atk|1\n|-unboost|p1b: Incineroar|atk|1\n|move|p2a: Kingambit|Protect|p2a: Kingambit\n|-singleturn|p2a: Kingambit|Protect\n|move|p1a: Clefable|Moonblast|p2a: Kingambit\n|-activate|p2a: Kingambit|move: Protect\n|move|p1b: Incineroar|Flare Blitz|p2b: Incineroar\n|-resisted|p2b: Incineroar|1\n|-damage|p2b: Incineroar|87/100\n|-damage|p1b: Incineroar|96/100|[from] Recoil\n|\n|-heal|p2a: Kingambit|34/100|[from] item: Leftovers\n|upkeep\n|turn|10\n|inactive|WhenltRains has 30 seconds left.\n|inactive|WhenltRains has 20 seconds left.\n|inactive|WhenltRains has 15 seconds left.\n|inactive|WhenltRains has 10 seconds left.\n|inactive|WhenltRains has 5 seconds left.\n|\n|t:|1776203601\n|move|p2b: Incineroar|Fake Out|p1b: Incineroar\n|-damage|p1b: Incineroar|88/100\n|move|p1a: Clefable|Moonblast|p2a: Kingambit\n|-damage|p2a: Kingambit|12/100\n|-unboost|p2a: Kingambit|spa|1\n|-ability|p2a: Kingambit|Defiant|boost\n|-boost|p2a: Kingambit|atk|2\n|cant|p1b: Incineroar|flinch\n|move|p2a: Kingambit|Swords Dance|p2a: Kingambit\n|-boost|p2a: Kingambit|atk|2\n|\n|-heal|p2a: Kingambit|17/100|[from] item: Leftovers\n|upkeep\n|turn|11\n|\n|t:|1776203619\n|move|p2a: Kingambit|Protect|p2a: Kingambit\n|-singleturn|p2a: Kingambit|Protect\n|move|p1a: Clefable|Moonblast|p2a: Kingambit\n|-activate|p2a: Kingambit|move: Protect\n|move|p1b: Incineroar|Parting Shot|p2b: Incineroar\n|-unboost|p2b: Incineroar|atk|1\n|-unboost|p2b: Incineroar|spa|1\n|\n|t:|1776203621\n|switch|p1b: Delphox|Delphox, L50, F|100/100|[from] Parting Shot\n|move|p2b: Incineroar|Parting Shot|p1a: Clefable\n|-unboost|p1a: Clefable|atk|1\n|-unboost|p1a: Clefable|spa|1\n|\n|t:|1776203631\n|switch|p2b: Whimsicott|Whimsicott, L50, F|88/100|[from] Parting Shot\n|\n|-heal|p2a: Kingambit|23/100|[from] item: Leftovers\n|upkeep\n|turn|12\n|\n|t:|1776203649\n|switch|p2b: Incineroar|Incineroar, L50, M|87/100\n|-ability|p2b: Incineroar|Intimidate|boost\n|-unboost|p1a: Clefable|atk|1\n|-unboost|p1b: Delphox|atk|1\n|move|p1a: Clefable|Follow Me|p1a: Clefable\n|-singleturn|p1a: Clefable|move: Follow Me\n|move|p2a: Kingambit|Sucker Punch||[still]\n|-fail|p2a: Kingambit\n|move|p1b: Delphox|Heat Wave|p2b: Incineroar|[spread] p2a\n|-miss|p1b: Delphox|p2b: Incineroar\n|-supereffective|p2a: Kingambit|1\n|-damage|p2a: Kingambit|0 fnt\n|faint|p2a: Kingambit\n|\n|upkeep\n|-message|RandomGuyInSchool forfeited.\n|\n|win|WhenltRains\n|raw|WhenltRains's rating: 1047 &rarr; <strong>1083</strong><br />(+36 for winning)\n|raw|RandomGuyInSchool's rating: 1084 &rarr; <strong>1059</strong><br />(-25 for losing)\n|l|\u2606WhenltRains\n|player|p1|\n",
  "uploadtime": 1776203666,
  "views": 17,
  "formatid": "gen9championsvgc2026regma",
  "rating": 1059,
  "private": 0,
  "password": null
}