{
  "id": "gen9championsvgc2026regma-2584696762",
  "format": "[Gen 9 Champions] VGC 2026 Reg M-A",
  "players": [
    "workermattog",
    "TheCheckMatt"
  ],
  "log": "|j|\u2606workermattog\n|j|\u2606TheCheckMatt\n|t:|1776277426\n|gametype|doubles\n|player|p1|workermattog|1|1114\n|player|p2|TheCheckMatt|riley|1068\n|gen|9\n|tier|[Gen 9 Champions] VGC 2026 Reg M-A\n|rated|\n|rule|Species Clause: Limit one of each Pok\u00e9mon\n|rule|Item Clause: Limit 1 of each item\n|clearpoke\n|poke|p1|Beedrill, L50, M|\n|poke|p1|Sinistcha, L50|\n|poke|p1|Pelipper, L50, M|\n|poke|p1|Conkeldurr, L50, M|\n|poke|p1|Incineroar, L50, F|\n|poke|p1|Maushold, L50|\n|poke|p2|Dragonite, L50, F|\n|poke|p2|Ceruledge, L50, M|\n|poke|p2|Meowscarada, L50, F|\n|poke|p2|Gardevoir, L50, M|\n|poke|p2|Milotic, L50, M|\n|poke|p2|Zoroark-Hisui, L50, F|\n|teampreview|4\n|\n|t:|1776277457\n|teamsize|p1|4\n|teamsize|p2|4\n|start\n|switch|p1a: Beedrill|Beedrill, L50, M|100/100\n|switch|p1b: Incineroar|Incineroar, L50, F|100/100\n|switch|p2a: Dragonite|Dragonite, L50, F|100/100\n|switch|p2b: Meowscarada|Meowscarada, L50, F|100/100\n|-ability|p1b: Incineroar|Intimidate|boost\n|-unboost|p2a: Dragonite|atk|1\n|-unboost|p2b: Meowscarada|atk|1\n|turn|1\n|\n|t:|1776277471\n|detailschange|p1a: Beedrill|Beedrill-Mega, L50, M\n|-mega|p1a: Beedrill|Beedrill|Beedrillite\n|move|p1b: Incineroar|Fake Out|p2a: Dragonite\n|-damage|p2a: Dragonite|95/100\n|move|p2b: Meowscarada|Flamethrower|p1a: Beedrill\n|-supereffective|p1a: Beedrill|1\n|-damage|p1a: Beedrill|5/100\n|move|p1a: Beedrill|U-turn|p2b: Meowscarada\n|-resisted|p2b: Meowscarada|1\n|-damage|p2b: Meowscarada|40/100\n|replace|p2b: Zoroark|Zoroark-Hisui, L50, F\n|-end|p2b: Zoroark|Illusion\n|\n|t:|1776277488\n|switch|p1a: Sinistcha|Sinistcha, L50|100/100|[from] U-turn\n|cant|p2a: Dragonite|flinch\n|\n|upkeep\n|turn|2\n|\n|t:|1776277531\n|move|p2b: Zoroark|Flamethrower|p1a: Sinistcha\n|-supereffective|p1a: Sinistcha|1\n|-damage|p1a: Sinistcha|21/100\n|move|p2a: Dragonite|Breaking Swipe|p1b: Incineroar|[spread] p1a,p1b\n|-damage|p1a: Sinistcha|7/100\n|-damage|p1b: Incineroar|84/100\n|-unboost|p1a: Sinistcha|atk|1\n|-unboost|p1b: Incineroar|atk|1\n|move|p1a: Sinistcha|Matcha Gotcha|p2a: Dragonite|[spread] p2a,p2b\n|-resisted|p2a: Dragonite|2\n|-damage|p2a: Dragonite|90/100\n|-heal|p1a: Sinistcha|10/100|[from] drain|[of] p2a: Dragonite\n|-damage|p2b: Zoroark|0 fnt\n|-heal|p1a: Sinistcha|24/100|[from] drain|[of] p2b: Zoroark\n|faint|p2b: Zoroark\n|move|p1b: Incineroar|Darkest Lariat|p2a: Dragonite\n|-damage|p2a: Dragonite|58/100\n|\n|-heal|p1a: Sinistcha|31/100|[from] item: Leftovers\n|upkeep\n|\n|t:|1776277556\n|switch|p2b: Milotic|Milotic, L50, M|100/100\n|turn|3\n|\n|t:|1776277575\n|move|p2b: Milotic|Substitute|p2b: Milotic\n|-start|p2b: Milotic|Substitute\n|-damage|p2b: Milotic|76/100\n|move|p2a: Dragonite|Tailwind|p2a: Dragonite\n|-sidestart|p2: TheCheckMatt|move: Tailwind\n|move|p1a: Sinistcha|Matcha Gotcha|p2a: Dragonite|[spread] p2a,p2b\n|-supereffective|p2b: Milotic|1\n|-end|p2b: Milotic|Substitute\n|-heal|p1a: Sinistcha|45/100|[from] drain|[of] p2b: Milotic\n|-resisted|p2a: Dragonite|2\n|-damage|p2a: Dragonite|53/100\n|-heal|p1a: Sinistcha|48/100|[from] drain|[of] p2a: Dragonite\n|move|p1b: Incineroar|Darkest Lariat|p2b: Milotic\n|-damage|p2b: Milotic|43/100\n|\n|-heal|p2b: Milotic|49/100|[from] item: Leftovers\n|-heal|p1a: Sinistcha|54/100|[from] item: Leftovers\n|upkeep\n|turn|4\n|\n|t:|1776277601\n|move|p2b: Milotic|Muddy Water|p1b: Incineroar|[spread] \n|-miss|p2b: Milotic|p1a: Sinistcha\n|-miss|p2b: Milotic|p1b: Incineroar\n|move|p2a: Dragonite|Breaking Swipe|p1b: Incineroar|[spread] p1a,p1b\n|-damage|p1a: Sinistcha|41/100\n|-damage|p1b: Incineroar|68/100\n|-unboost|p1a: Sinistcha|atk|1\n|-unboost|p1b: Incineroar|atk|1\n|move|p1a: Sinistcha|Matcha Gotcha|p2b: Milotic|[spread] p2a\n|-miss|p1a: Sinistcha|p2b: Milotic\n|-resisted|p2a: Dragonite|2\n|-damage|p2a: Dragonite|47/100\n|-heal|p1a: Sinistcha|44/100|[from] drain|[of] p2a: Dragonite\n|-enditem|p2a: Dragonite|Sitrus Berry|[eat]\n|-heal|p2a: Dragonite|72/100|[from] item: Sitrus Berry\n|move|p1b: Incineroar|Darkest Lariat|p2a: Dragonite\n|-damage|p2a: Dragonite|50/100\n|\n|-heal|p2b: Milotic|55/100|[from] item: Leftovers\n|-heal|p1a: Sinistcha|50/100|[from] item: Leftovers\n|upkeep\n|turn|5\n|\n|t:|1776277626\n|move|p2b: Milotic|Muddy Water|p1a: Sinistcha|[spread] p1a,p1b\n|-resisted|p1a: Sinistcha|1\n|-supereffective|p1b: Incineroar|1\n|-damage|p1a: Sinistcha|33/100\n|-damage|p1b: Incineroar|25/100\n|-unboost|p1b: Incineroar|accuracy|1\n|move|p2a: Dragonite|Roost|p2a: Dragonite\n|-heal|p2a: Dragonite|100/100\n|-singleturn|p2a: Dragonite|move: Roost\n|move|p1a: Sinistcha|Matcha Gotcha|p2b: Milotic|[spread] p2a,p2b\n|-resisted|p2a: Dragonite|1\n|-supereffective|p2b: Milotic|1\n|-damage|p2a: Dragonite|95/100\n|-heal|p1a: Sinistcha|36/100|[from] drain|[of] p2a: Dragonite\n|-damage|p2b: Milotic|24/100\n|-heal|p1a: Sinistcha|54/100|[from] drain|[of] p2b: Milotic\n|move|p1b: Incineroar|Darkest Lariat|p2a: Dragonite\n|-damage|p2a: Dragonite|74/100\n|\n|-heal|p2b: Milotic|30/100|[from] item: Leftovers\n|-heal|p1a: Sinistcha|60/100|[from] item: Leftovers\n|upkeep\n|turn|6\n|\n|t:|1776277651\n|move|p2b: Milotic|Icy Wind|p1b: Incineroar|[spread] p1a\n|-miss|p2b: Milotic|p1b: Incineroar\n|-supereffective|p1a: Sinistcha|1\n|-damage|p1a: Sinistcha|35/100\n|-unboost|p1a: Sinistcha|spe|1\n|move|p2a: Dragonite|Breaking Swipe|p1a: Sinistcha|[spread] p1a,p1b\n|-damage|p1a: Sinistcha|22/100\n|-damage|p1b: Incineroar|11/100\n|-unboost|p1a: Sinistcha|atk|1\n|-unboost|p1b: Incineroar|atk|1\n|move|p1b: Incineroar|Darkest Lariat|p2a: Dragonite\n|-damage|p2a: Dragonite|56/100\n|move|p1a: Sinistcha|Matcha Gotcha|p2b: Milotic|[spread] p2a,p2b\n|-resisted|p2a: Dragonite|2\n|-supereffective|p2b: Milotic|1\n|-damage|p2a: Dragonite|50/100\n|-heal|p1a: Sinistcha|25/100|[from] drain|[of] p2a: Dragonite\n|-damage|p2b: Milotic|0 fnt\n|-heal|p1a: Sinistcha|42/100|[from] drain|[of] p2b: Milotic\n|faint|p2b: Milotic\n|\n|-heal|p1a: Sinistcha|48/100|[from] item: Leftovers\n|-sideend|p2: TheCheckMatt|move: Tailwind\n|upkeep\n|\n|t:|1776277675\n|switch|p2b: Meowscarada|Meowscarada, L50, F|100/100\n|turn|7\n|\n|t:|1776277695\n|move|p2b: Meowscarada|Knock Off|p1a: Sinistcha\n|-supereffective|p1a: Sinistcha|1\n|-damage|p1a: Sinistcha|0 fnt\n|-enditem|p1a: Sinistcha|Leftovers|[from] move: Knock Off|[of] p2b: Meowscarada\n|faint|p1a: Sinistcha\n|move|p2a: Dragonite|Tailwind|p2a: Dragonite\n|-sidestart|p2: TheCheckMatt|move: Tailwind\n|move|p1b: Incineroar|Flare Blitz|p2b: Meowscarada|[miss]\n|-miss|p1b: Incineroar|p2b: Meowscarada\n|\n|upkeep\n|\n|t:|1776277715\n|switch|p1a: Pelipper|Pelipper, L50, M|100/100\n|-weather|RainDance|[from] ability: Drizzle|[of] p1a: Pelipper\n|turn|8\n|\n|t:|1776277737\n|move|p2b: Meowscarada|Flower Trick|p1a: Pelipper\n|-crit|p1a: Pelipper\n|-damage|p1a: Pelipper|33/100\n|move|p2a: Dragonite|Breaking Swipe|p1a: Pelipper|[spread] p1a,p1b\n|-damage|p1a: Pelipper|10/100\n|-damage|p1b: Incineroar|0 fnt\n|-unboost|p1a: Pelipper|atk|1\n|faint|p1b: Incineroar\n|move|p1a: Pelipper|Hurricane|p2a: Dragonite\n|-damage|p2a: Dragonite|11/100\n|-start|p2a: Dragonite|confusion\n|\n|-weather|RainDance|[upkeep]\n|upkeep\n|\n|t:|1776277739\n|switch|p1b: Beedrill|Beedrill-Mega, L50, M|5/100\n|turn|9\n|\n|t:|1776277760\n|move|p1a: Pelipper|Wide Guard|p1a: Pelipper\n|-singleturn|p1a: Pelipper|Wide Guard\n|-activate|p2a: Dragonite|confusion\n|move|p2a: Dragonite|Extreme Speed|p1b: Beedrill\n|-damage|p1b: Beedrill|0 fnt\n|faint|p1b: Beedrill\n|move|p2b: Meowscarada|Knock Off|p1a: Pelipper\n|-damage|p1a: Pelipper|0 fnt\n|-enditem|p1a: Pelipper|Focus Sash|[from] move: Knock Off|[of] p2b: Meowscarada\n|faint|p1a: Pelipper\n|\n|win|TheCheckMatt\n|raw|workermattog's rating: 1114 &rarr; <strong>1086</strong><br />(-28 for losing)\n|raw|TheCheckMatt's rating: 1068 &rarr; <strong>1102</strong><br />(+34 for winning)\n|c|\u2606workermattog|what item on meow!\n|c|\u2606TheCheckMatt|sash\n|c|\u2606TheCheckMatt|For Overgrow\n|c|\u2606TheCheckMatt|gg wp btw, nice team\n",
  "uploadtime": 1776277833,
  "views": 17,
  "formatid": "gen9championsvgc2026regma",
  "rating": 1086,
  "private": 0,
  "password": null
}