{
  "id": "gen9championsvgc2026regma-2582986441",
  "format": "[Gen 9 Champions] VGC 2026 Reg M-A",
  "players": [
    "swaig",
    "loklastaji"
  ],
  "log": "|j|\u2606swaig\n|j|\u2606loklastaji\n|t:|1776130946\n|gametype|doubles\n|player|p1|swaig|101|1246\n|player|p2|loklastaji|102|1329\n|gen|9\n|tier|[Gen 9 Champions] VGC 2026 Reg M-A\n|rated|\n|rule|Species Clause: Limit one of each Pok\u00e9mon\n|rule|Item Clause: Limit 1 of each item\n|clearpoke\n|poke|p1|Steelix, L50, M|\n|poke|p1|Mimikyu, L50, F|\n|poke|p1|Tyranitar, L50, F|\n|poke|p1|Incineroar, L50, M|\n|poke|p1|Lucario, L50, F|\n|poke|p1|Hatterene, L50, F|\n|poke|p2|Samurott-Hisui, L50, M|\n|poke|p2|Mamoswine, L50, M|\n|poke|p2|Delphox, L50, M|\n|poke|p2|Tsareena, L50, F|\n|poke|p2|Corviknight, L50, F|\n|poke|p2|Floette-Eternal, L50, F|\n|teampreview|4\n|inactive|Battle timer is ON: inactive players will automatically lose when time's up. (requested by swaig)\n|inactive|loklastaji has 60 seconds left.\n|\n|t:|1776131009\n|teamsize|p1|4\n|teamsize|p2|4\n|start\n|switch|p1a: Lucario|Lucario, L50, F|100/100\n|switch|p1b: Hatterene|Hatterene, L50, F|100/100\n|switch|p2a: Samurott|Samurott-Hisui, L50, M|100/100\n|switch|p2b: Mamoswine|Mamoswine, L50, M|100/100\n|turn|1\n|\n|t:|1776131032\n|move|p1a: Lucario|Final Gambit|p2a: Samurott\n|-damage|p2a: Samurott|0 fnt\n|faint|p1a: Lucario\n|faint|p2a: Samurott\n|move|p2b: Mamoswine|Hard Press|p1b: Hatterene\n|-supereffective|p1b: Hatterene|1\n|-damage|p1b: Hatterene|15/100\n|move|p1b: Hatterene|Trick Room|p1b: Hatterene\n|-fieldstart|move: Trick Room|[of] p1b: Hatterene\n|\n|upkeep\n|\n|t:|1776131047\n|switch|p2a: Delphox|Delphox, L50, M|100/100\n|switch|p1a: Steelix|Steelix, L50, M|100/100\n|turn|2\n|\n|t:|1776131071\n|switch|p1b: Tyranitar|Tyranitar, L50, F|100/100\n|-weather|Sandstorm|[from] ability: Sand Stream|[of] p1b: Tyranitar\n|switch|p2b: Tsareena|Tsareena, L50, F|100/100\n|detailschange|p1a: Steelix|Steelix-Mega, L50, M\n|-mega|p1a: Steelix|Steelix|Steelixite\n|detailschange|p2a: Delphox|Delphox-Mega, L50, M\n|-mega|p2a: Delphox|Delphox|Delphoxite\n|move|p1a: Steelix|Rock Slide|p2b: Tsareena|[spread] p2a,p2b\n|-supereffective|p2a: Delphox|1\n|-damage|p2a: Delphox|16/100\n|-damage|p2b: Tsareena|68/100\n|move|p2a: Delphox|Heat Wave|p1b: Tyranitar|[spread] p1a,p1b\n|-supereffective|p1a: Steelix|1\n|-resisted|p1b: Tyranitar|1\n|-damage|p1a: Steelix|20/100\n|-damage|p1b: Tyranitar|89/100\n|-status|p1a: Steelix|brn\n|\n|-weather|Sandstorm|[upkeep]\n|-damage|p2b: Tsareena|62/100|[from] Sandstorm\n|-damage|p2a: Delphox|10/100|[from] Sandstorm\n|-damage|p1a: Steelix|14/100 brn|[from] brn\n|upkeep\n|turn|3\n|inactive|loklastaji has 30 seconds left.\n|\n|t:|1776131104\n|move|p2b: Tsareena|Protect|p2b: Tsareena\n|-singleturn|p2b: Tsareena|Protect\n|move|p2a: Delphox|Protect|p2a: Delphox\n|-singleturn|p2a: Delphox|Protect\n|move|p1a: Steelix|Rock Slide|p2a: Delphox|[spread] \n|-activate|p2a: Delphox|move: Protect\n|-activate|p2b: Tsareena|move: Protect\n|move|p1b: Tyranitar|Fire Punch|p2b: Tsareena\n|-activate|p2b: Tsareena|move: Protect\n|\n|-weather|Sandstorm|[upkeep]\n|-damage|p2b: Tsareena|56/100|[from] Sandstorm\n|-damage|p2a: Delphox|4/100|[from] Sandstorm\n|-damage|p1a: Steelix|8/100 brn|[from] brn\n|upkeep\n|turn|4\n|c|\u2606swaig|So lucky\n|inactive|loklastaji has 30 seconds left.\n|\n|t:|1776131132\n|switch|p2a: Mamoswine|Mamoswine, L50, M|100/100\n|move|p1a: Steelix|Rock Slide|p2b: Tsareena|[spread] p2a,p2b\n|-damage|p2a: Mamoswine|85/100\n|-damage|p2b: Tsareena|41/100\n|move|p1b: Tyranitar|Fire Punch|p2b: Tsareena\n|-supereffective|p2b: Tsareena|1\n|-damage|p2b: Tsareena|0 fnt\n|faint|p2b: Tsareena\n|\n|-weather|Sandstorm|[upkeep]\n|-damage|p1a: Steelix|2/100 brn|[from] brn\n|upkeep\n|\n|t:|1776131151\n|switch|p2b: Delphox|Delphox-Mega, L50, M|4/100\n|turn|5\n|\n|t:|1776131163\n|move|p2b: Delphox|Protect|p2b: Delphox\n|-singleturn|p2b: Delphox|Protect\n|move|p1a: Steelix|Heavy Slam|p2a: Mamoswine\n|-supereffective|p2a: Mamoswine|1\n|-damage|p2a: Mamoswine|31/100\n|move|p1b: Tyranitar|Rock Slide|p2a: Mamoswine|[spread] p2a\n|-activate|p2b: Delphox|move: Protect\n|-damage|p2a: Mamoswine|0 fnt\n|faint|p2a: Mamoswine\n|\n|-weather|Sandstorm|[upkeep]\n|-damage|p2b: Delphox|0 fnt|[from] Sandstorm\n|faint|p2b: Delphox\n|\n|win|swaig\n|raw|swaig's rating: 1246 &rarr; <strong>1277</strong><br />(+31 for winning)\n|raw|loklastaji's rating: 1329 &rarr; <strong>1304</strong><br />(-25 for losing)\n|l|\u2606swaig\n|player|p1|\n",
  "uploadtime": 1776131179,
  "views": 25,
  "formatid": "gen9championsvgc2026regma",
  "rating": 1277,
  "private": 0,
  "password": null
}