{
  "id": "gen9championsvgc2026regma-2581333414",
  "format": "[Gen 9 Champions] VGC 2026 Reg M-A",
  "players": [
    "DonJoaB",
    "Digga D2.0"
  ],
  "log": "|j|\u2606DonJoaB\n|j|\u2606Digga D2.0\n|t:|1775987980\n|gametype|doubles\n|player|p1|DonJoaB|veteran|1095\n|player|p2|Digga D2.0|266|1159\n|gen|9\n|tier|[Gen 9 Champions] VGC 2026 Reg M-A\n|rated|\n|rule|Species Clause: Limit one of each Pok\u00e9mon\n|rule|Item Clause: Limit 1 of each item\n|clearpoke\n|poke|p1|Corviknight, L50, M|\n|poke|p1|Garchomp, L50, M|\n|poke|p1|Tyranitar, L50, M|\n|poke|p1|Kingambit, L50, M|\n|poke|p1|Arcanine-Hisui, L50, M|\n|poke|p1|Aegislash, L50, M|\n|poke|p2|Pelipper, L50, F|\n|poke|p2|Archaludon, L50, F|\n|poke|p2|Dragonite, L50, M|\n|poke|p2|Sneasler, L50, F|\n|poke|p2|Basculegion, L50, M|\n|poke|p2|Incineroar, L50, M|\n|teampreview|4\n|inactive|Battle timer is ON: inactive players will automatically lose when time's up. (requested by DonJoaB)\n|\n|t:|1775988024\n|teamsize|p1|4\n|teamsize|p2|4\n|start\n|switch|p1a: Corviknight|Corviknight, L50, M, shiny|100/100\n|switch|p1b: Garchomp|Garchomp, L50, M|100/100\n|switch|p2a: Poppin|Pelipper, L50, F|100/100\n|switch|p2b: OnThaLine|Dragonite, L50, M, shiny|100/100\n|-weather|RainDance|[from] ability: Drizzle|[of] p2a: Poppin\n|turn|1\n|\n|t:|1775988045\n|detailschange|p2b: OnThaLine|Dragonite-Mega, L50, M, shiny\n|-mega|p2b: OnThaLine|Dragonite|Dragoninite\n|move|p2a: Poppin|Wide Guard|p2a: Poppin\n|-singleturn|p2a: Poppin|Wide Guard\n|move|p1b: Garchomp|Dragon Claw|p2b: OnThaLine\n|-supereffective|p2b: OnThaLine|1\n|-damage|p2b: OnThaLine|56/100\n|move|p2b: OnThaLine|Draco Meteor|p1b: Garchomp\n|-supereffective|p1b: Garchomp|1\n|-damage|p1b: Garchomp|0 fnt\n|-unboost|p2b: OnThaLine|spa|2\n|faint|p1b: Garchomp\n|move|p1a: Corviknight|Tailwind|p1a: Corviknight\n|-sidestart|p1: DonJoaB|move: Tailwind\n|\n|-weather|RainDance|[upkeep]\n|upkeep\n|\n|t:|1775988060\n|switch|p1b: Tyranitar|Tyranitar, L50, M|100/100\n|-weather|Sandstorm|[from] ability: Sand Stream|[of] p1b: Tyranitar\n|turn|2\n|inactive|Digga D2.0 has 30 seconds left.\n|inactive|Digga D2.0 has 20 seconds left.\n|\n|t:|1775988096\n|switch|p2a: Bak2Bed|Archaludon, L50, F, shiny|100/100\n|detailschange|p1b: Tyranitar|Tyranitar-Mega, L50, M\n|-mega|p1b: Tyranitar|Tyranitar|Tyranitarite\n|move|p2b: OnThaLine|Protect|p2b: OnThaLine\n|-singleturn|p2b: OnThaLine|Protect\n|move|p1b: Tyranitar|Rock Slide|p2a: Bak2Bed|[spread] p2a\n|-activate|p2b: OnThaLine|move: Protect\n|-resisted|p2a: Bak2Bed|1\n|-damage|p2a: Bak2Bed|87/100\n|-ability|p2a: Bak2Bed|Stamina|boost\n|-boost|p2a: Bak2Bed|def|1\n|move|p1a: Corviknight|Iron Head|p2a: Bak2Bed\n|-resisted|p2a: Bak2Bed|1\n|-damage|p2a: Bak2Bed|79/100\n|-ability|p2a: Bak2Bed|Stamina|boost\n|-boost|p2a: Bak2Bed|def|1\n|\n|-weather|Sandstorm|[upkeep]\n|-damage|p2b: OnThaLine|50/100|[from] Sandstorm\n|-heal|p2a: Bak2Bed|85/100|[from] item: Leftovers\n|upkeep\n|turn|3\n|inactive|DonJoaB has 30 seconds left.\n|inactive|Digga D2.0 has 30 seconds left.\n|inactive|Digga D2.0 has 20 seconds left.\n|inactive|Digga D2.0 has 15 seconds left.\n|inactive|Digga D2.0 has 10 seconds left.\n|\n|t:|1775988144\n|switch|p1b: Aegislash|Aegislash, L50, M, shiny|100/100\n|switch|p2b: Poppin|Pelipper, L50, F|100/100\n|-weather|RainDance|[from] ability: Drizzle|[of] p2b: Poppin\n|move|p1a: Corviknight|Body Press|p2a: Bak2Bed\n|-supereffective|p2a: Bak2Bed|1\n|-damage|p2a: Bak2Bed|71/100\n|-ability|p2a: Bak2Bed|Stamina|boost\n|-boost|p2a: Bak2Bed|def|1\n|move|p2a: Bak2Bed|Electro Shot||[still]\n|-prepare|p2a: Bak2Bed|Electro Shot\n|-boost|p2a: Bak2Bed|spa|1\n|-anim|p2a: Bak2Bed|Electro Shot|p1a: Corviknight\n|-supereffective|p1a: Corviknight|1\n|-damage|p1a: Corviknight|0 fnt\n|faint|p1a: Corviknight\n|\n|-weather|RainDance|[upkeep]\n|-heal|p2a: Bak2Bed|77/100|[from] item: Leftovers\n|upkeep\n|\n|t:|1775988162\n|switch|p1a: Tyranitar|Tyranitar-Mega, L50, M|100/100\n|-weather|Sandstorm|[from] ability: Sand Stream|[of] p1a: Tyranitar\n|turn|4\n|\n|t:|1775988180\n|move|p2b: Poppin|Wide Guard|p2b: Poppin\n|-singleturn|p2b: Poppin|Wide Guard\n|move|p1a: Tyranitar|Rock Slide|p2a: Bak2Bed|[spread] \n|-activate|p2a: Bak2Bed|move: Wide Guard\n|-activate|p2b: Poppin|move: Wide Guard\n|move|p1b: Aegislash|Swords Dance|p1b: Aegislash\n|-boost|p1b: Aegislash|atk|2\n|move|p2a: Bak2Bed|Flash Cannon|p1a: Tyranitar\n|-supereffective|p1a: Tyranitar|1\n|-damage|p1a: Tyranitar|42/100\n|\n|-weather|Sandstorm|[upkeep]\n|-damage|p2b: Poppin|95/100|[from] Sandstorm\n|-heal|p2a: Bak2Bed|83/100|[from] item: Leftovers\n|-sideend|p1: DonJoaB|move: Tailwind\n|upkeep\n|turn|5\n|inactive|Digga D2.0 has 30 seconds left.\n|\n|t:|1775988209\n|switch|p2b: Real six|Basculegion, L50, M, shiny|100/100\n|move|p2a: Bak2Bed|Flash Cannon|p1a: Tyranitar\n|-supereffective|p1a: Tyranitar|1\n|-damage|p1a: Tyranitar|0 fnt\n|faint|p1a: Tyranitar\n|-formechange|p1b: Aegislash|Aegislash-Blade|\n|move|p1b: Aegislash|Sacred Sword|p2a: Bak2Bed\n|-supereffective|p2a: Bak2Bed|1\n|-damage|p2a: Bak2Bed|0 fnt\n|faint|p2a: Bak2Bed\n|\n|-weather|Sandstorm|[upkeep]\n|-damage|p2b: Real six|94/100|[from] Sandstorm\n|upkeep\n|\n|t:|1775988225\n|switch|p2a: Poppin|Pelipper, L50, F|95/100\n|-weather|RainDance|[from] ability: Drizzle|[of] p2a: Poppin\n|turn|6\n|\n|t:|1775988232\n|-formechange|p1b: Aegislash|Aegislash|\n|move|p1b: Aegislash|King's Shield|p1b: Aegislash\n|-singleturn|p1b: Aegislash|Protect\n|move|p2b: Real six|Wave Crash|p1b: Aegislash\n|-activate|p1b: Aegislash|move: Protect\n|-unboost|p2b: Real six|atk|1\n|move|p2a: Poppin|Weather Ball|p1b: Aegislash\n|-activate|p1b: Aegislash|move: Protect\n|\n|-weather|RainDance|[upkeep]\n|upkeep\n|turn|7\n|\n|t:|1775988249\n|move|p2b: Real six|Last Respects|p1b: Aegislash\n|-supereffective|p1b: Aegislash|1\n|-damage|p1b: Aegislash|38/100\n|move|p2a: Poppin|Weather Ball|p1b: Aegislash\n|-damage|p1b: Aegislash|0 fnt\n|faint|p1b: Aegislash\n|\n|win|Digga D2.0\n|raw|DonJoaB's rating: 1095 &rarr; <strong>1075</strong><br />(-20 for losing)\n|raw|Digga D2.0's rating: 1159 &rarr; <strong>1179</strong><br />(+20 for winning)\n|l|\u2606DonJoaB\n|player|p1|\n",
  "uploadtime": 1775988271,
  "views": 14,
  "formatid": "gen9championsvgc2026regma",
  "rating": 1075,
  "private": 0,
  "password": null
}