{
  "id": "gen9championsvgc2026regma-2587352966",
  "format": "[Gen 9 Champions] VGC 2026 Reg M-A",
  "players": [
    "alexfran111",
    "campeondelfitness"
  ],
  "log": "|j|\u2606alexfran111\n|j|\u2606campeondelfitness\n|t:|1776524610\n|gametype|doubles\n|player|p1|alexfran111|265|1321\n|player|p2|campeondelfitness|swimmer|1246\n|gen|9\n|tier|[Gen 9 Champions] VGC 2026 Reg M-A\n|rated|\n|rule|Species Clause: Limit one of each Pok\u00e9mon\n|rule|Item Clause: Limit 1 of each item\n|clearpoke\n|poke|p1|Charizard, L50, M|\n|poke|p1|Venusaur, L50, M|\n|poke|p1|Garchomp, L50, M|\n|poke|p1|Rotom-Wash, L50|\n|poke|p1|Sneasler, L50, F|\n|poke|p1|Incineroar, L50, M|\n|poke|p2|Tyranitar, L50, F|\n|poke|p2|Garchomp, L50, F|\n|poke|p2|Heliolisk, L50, F|\n|poke|p2|Rotom-Heat, L50|\n|poke|p2|Orthworm, L50, M|\n|poke|p2|Aerodactyl, L50, M|\n|teampreview|4\n|inactive|Battle timer is ON: inactive players will automatically lose when time's up. (requested by campeondelfitness)\n|inactive|alexfran111 also wants the timer to be on.\n|\n|t:|1776524635\n|teamsize|p1|4\n|teamsize|p2|4\n|start\n|switch|p1a: Sneasler|Sneasler, L50, F|100/100\n|switch|p1b: Incineroar|Incineroar, L50, M|100/100\n|switch|p2a: Aerodactyl|Aerodactyl, L50, M|100/100\n|switch|p2b: Orthworm|Orthworm, L50, M|100/100\n|-ability|p2a: Aerodactyl|Unnerve\n|-ability|p1b: Incineroar|Intimidate|boost\n|-unboost|p2a: Aerodactyl|atk|1\n|-unboost|p2b: Orthworm|atk|1\n|turn|1\n|\n|t:|1776524658\n|move|p1b: Incineroar|Fake Out|p2a: Aerodactyl\n|-resisted|p2a: Aerodactyl|1\n|-damage|p2a: Aerodactyl|91/100\n|cant|p2a: Aerodactyl|flinch\n|move|p1a: Sneasler|Close Combat|p2b: Orthworm\n|-supereffective|p2b: Orthworm|1\n|-damage|p2b: Orthworm|28/100\n|-unboost|p1a: Sneasler|def|1\n|-unboost|p1a: Sneasler|spd|1\n|-enditem|p1a: Sneasler|White Herb\n|-clearnegativeboost|p1a: Sneasler|[silent]\n|move|p2b: Orthworm|Shed Tail|p2b: Orthworm\n|-fail|p2b: Orthworm|move: Shed Tail|[weak]\n|\n|-heal|p2b: Orthworm|34/100|[from] item: Leftovers\n|upkeep\n|turn|2\n|inactive|alexfran111 has 30 seconds left.\n|inactive|campeondelfitness has 30 seconds left.\n|\n|t:|1776524691\n|move|p1a: Sneasler|Rock Slide|p2a: Aerodactyl|[spread] p2a\n|-miss|p1a: Sneasler|p2b: Orthworm\n|-supereffective|p2a: Aerodactyl|1\n|-damage|p2a: Aerodactyl|37/100\n|move|p2a: Aerodactyl|Tailwind|p2a: Aerodactyl\n|-sidestart|p2: campeondelfitness|move: Tailwind\n|move|p2b: Orthworm|Iron Defense|p2b: Orthworm\n|-boost|p2b: Orthworm|def|2\n|move|p1b: Incineroar|Flare Blitz|p2b: Orthworm\n|-supereffective|p2b: Orthworm|1\n|-damage|p2b: Orthworm|0 fnt\n|faint|p2b: Orthworm\n|-damage|p1b: Incineroar|91/100|[from] Recoil\n|\n|upkeep\n|\n|t:|1776524706\n|switch|p2b: Garchomp|Garchomp, L50, F|100/100\n|turn|3\n|\n|t:|1776524728\n|switch|p1a: Rotom|Rotom-Wash, L50|100/100\n|detailschange|p2b: Garchomp|Garchomp-Mega, L50, F\n|-mega|p2b: Garchomp|Garchomp|Garchompite\n|move|p2a: Aerodactyl|Dual Wingbeat|p1a: Rotom\n|-resisted|p1a: Rotom|1\n|-damage|p1a: Rotom|95/100\n|-resisted|p1a: Rotom|1\n|-damage|p1a: Rotom|88/100\n|-hitcount|p1a: Rotom|2\n|move|p2b: Garchomp|Earthquake|p1a: Rotom|[spread] p1b\n|-immune|p2a: Aerodactyl\n|-immune|p1a: Rotom|[from] ability: Levitate\n|-supereffective|p1b: Incineroar|1\n|-damage|p1b: Incineroar|0 fnt\n|faint|p1b: Incineroar\n|\n|-heal|p1a: Rotom|93/100|[from] item: Leftovers\n|upkeep\n|\n|t:|1776524747\n|switch|p1b: Garchomp|Garchomp, L50, M|100/100\n|turn|4\n|\n|t:|1776524762\n|switch|p2a: Tyranitar|Tyranitar, L50, F|100/100\n|-weather|Sandstorm|[from] ability: Sand Stream|[of] p2a: Tyranitar\n|move|p2b: Garchomp|Dragon Claw|p1b: Garchomp\n|-supereffective|p1b: Garchomp|1\n|-damage|p1b: Garchomp|0 fnt\n|-damage|p2b: Garchomp|88/100|[from] ability: Rough Skin|[of] p1b: Garchomp\n|faint|p1b: Garchomp\n|move|p1a: Rotom|Thunderbolt|p2a: Tyranitar\n|-damage|p2a: Tyranitar|81/100\n|\n|-weather|Sandstorm|[upkeep]\n|-damage|p1a: Rotom|88/100|[from] Sandstorm\n|-heal|p1a: Rotom|93/100|[from] item: Leftovers\n|upkeep\n|\n|t:|1776524770\n|switch|p1b: Sneasler|Sneasler, L50, F|100/100\n|turn|5\n|inactive|campeondelfitness has 30 seconds left.\n|inactive|campeondelfitness has 20 seconds left.\n|inactive|campeondelfitness has 15 seconds left.\n|\n|t:|1776524814\n|move|p1b: Sneasler|Fake Out|p2b: Garchomp\n|-damage|p2b: Garchomp|77/100\n|cant|p2b: Garchomp|flinch\n|move|p2a: Tyranitar|Knock Off|p1a: Rotom\n|-damage|p1a: Rotom|55/100\n|-enditem|p1a: Rotom|Leftovers|[from] move: Knock Off|[of] p2a: Tyranitar\n|move|p1a: Rotom|Will-O-Wisp|p2b: Garchomp\n|-status|p2b: Garchomp|brn\n|\n|-weather|Sandstorm|[upkeep]\n|-damage|p1b: Sneasler|95/100|[from] Sandstorm\n|-damage|p1a: Rotom|49/100|[from] Sandstorm\n|-damage|p2b: Garchomp|71/100 brn|[from] brn\n|-sideend|p2: campeondelfitness|move: Tailwind\n|upkeep\n|turn|6\n|\n|t:|1776524834\n|move|p2a: Tyranitar|Protect|p2a: Tyranitar\n|-singleturn|p2a: Tyranitar|Protect\n|move|p1b: Sneasler|Close Combat|p2a: Tyranitar\n|-activate|p2a: Tyranitar|move: Protect\n|move|p2b: Garchomp|Earthquake|p1a: Rotom|[spread] p1b\n|-activate|p2a: Tyranitar|move: Protect\n|-immune|p1a: Rotom|[from] ability: Levitate\n|-supereffective|p1b: Sneasler|1\n|-damage|p1b: Sneasler|0 fnt\n|faint|p1b: Sneasler\n|move|p1a: Rotom|Hydro Pump|p2a: Tyranitar\n|-activate|p2a: Tyranitar|move: Protect\n|\n|-weather|Sandstorm|[upkeep]\n|-damage|p1a: Rotom|43/100|[from] Sandstorm\n|-damage|p2b: Garchomp|65/100 brn|[from] brn\n|upkeep\n|turn|7\n|-message|alexfran111 forfeited.\n|\n|win|campeondelfitness\n|raw|alexfran111's rating: 1321 &rarr; <strong>1297</strong><br />(-24 for losing)\n|raw|campeondelfitness's rating: 1246 &rarr; <strong>1276</strong><br />(+30 for winning)\n|l|\u2606alexfran111\n|player|p1|\n",
  "uploadtime": 1776524852,
  "views": 42,
  "formatid": "gen9championsvgc2026regma",
  "rating": 1276,
  "private": 0,
  "password": null
}