{
  "id": "gen9championsvgc2026regma-2581110580",
  "format": "[Gen 9 Champions] VGC 2026 Reg M-A",
  "players": [
    "pedolemefc",
    "JohnScottRiley"
  ],
  "log": "|j|\u2606pedolemefc\n|j|\u2606JohnScottRiley\n|t:|1775960848\n|gametype|doubles\n|player|p1|pedolemefc|102|1327\n|player|p2|JohnScottRiley|266|1282\n|gen|9\n|tier|[Gen 9 Champions] VGC 2026 Reg M-A\n|rated|\n|rule|Species Clause: Limit one of each Pok\u00e9mon\n|rule|Item Clause: Limit 1 of each item\n|clearpoke\n|poke|p1|Tyranitar, L50, M|\n|poke|p1|Lycanroc, L50, M|\n|poke|p1|Gyarados, L50, F|\n|poke|p1|Talonflame, L50, M|\n|poke|p1|Floette-Eternal, L50, F|\n|poke|p1|Garchomp, L50, F|\n|poke|p2|Floette-Eternal, L50, F|\n|poke|p2|Aerodactyl, L50, F|\n|poke|p2|Sneasler, L50, M|\n|poke|p2|Rotom-Heat, L50|\n|poke|p2|Kingambit, L50, M|\n|poke|p2|Basculegion, L50, M|\n|teampreview|4\n|inactive|Battle timer is ON: inactive players will automatically lose when time's up. (requested by JohnScottRiley)\n|j| acyanmage\n|\n|t:|1775960911\n|teamsize|p1|4\n|teamsize|p2|4\n|start\n|switch|p1a: Tyranitar|Tyranitar, L50, M|100/100\n|switch|p1b: Lycanroc|Lycanroc, L50, M|100/100\n|switch|p2a: Basculegion|Basculegion, L50, M|100/100\n|switch|p2b: Sneasler|Sneasler, L50, M|100/100\n|-weather|Sandstorm|[from] ability: Sand Stream|[of] p1a: Tyranitar\n|turn|1\n|inactive|JohnScottRiley has 30 seconds left.\n|\n|t:|1775960944\n|move|p1b: Lycanroc|Protect|p1b: Lycanroc\n|-singleturn|p1b: Lycanroc|Protect\n|move|p1a: Tyranitar|Protect|p1a: Tyranitar\n|-singleturn|p1a: Tyranitar|Protect\n|move|p2b: Sneasler|Close Combat|p1a: Tyranitar\n|-activate|p1a: Tyranitar|move: Protect\n|move|p2a: Basculegion|Wave Crash|p1b: Lycanroc\n|-activate|p1b: Lycanroc|move: Protect\n|\n|-weather|Sandstorm|[upkeep]\n|-damage|p2b: Sneasler|95/100|[from] Sandstorm\n|-damage|p2a: Basculegion|94/100|[from] Sandstorm\n|upkeep\n|turn|2\n|\n|t:|1775960961\n|switch|p1a: Gyarados|Gyarados, L50, F|100/100\n|-ability|p1a: Gyarados|Intimidate|boost\n|-unboost|p2a: Basculegion|atk|1\n|-unboost|p2b: Sneasler|atk|1\n|-enditem|p2b: Sneasler|White Herb\n|-clearnegativeboost|p2b: Sneasler|[silent]\n|move|p1b: Lycanroc|Psychic Fangs|p2b: Sneasler\n|-supereffective|p2b: Sneasler|2\n|-damage|p2b: Sneasler|0 fnt\n|faint|p2b: Sneasler\n|move|p2a: Basculegion|Wave Crash|p1b: Lycanroc\n|-supereffective|p1b: Lycanroc|1\n|-enditem|p1b: Lycanroc|Focus Sash\n|-damage|p1b: Lycanroc|1/100\n|-damage|p2a: Basculegion|72/100|[from] Recoil\n|\n|-weather|Sandstorm|[upkeep]\n|-damage|p2a: Basculegion|66/100|[from] Sandstorm\n|-damage|p1a: Gyarados|95/100|[from] Sandstorm\n|upkeep\n|\n|t:|1775960978\n|switch|p2b: Rotom|Rotom-Heat, L50|100/100\n|turn|3\n|\n|t:|1775960992\n|move|p1b: Lycanroc|Rock Slide|p2a: Basculegion|[spread] p2a,p2b\n|-supereffective|p2b: Rotom|1\n|-damage|p2a: Basculegion|34/100\n|-damage|p2b: Rotom|41/100\n|cant|p2a: Basculegion|flinch\n|move|p1a: Gyarados|Thunder Wave|p2a: Basculegion|[miss]\n|-miss|p1a: Gyarados|p2a: Basculegion\n|move|p2b: Rotom|Thunderbolt|p1a: Gyarados\n|-supereffective|p1a: Gyarados|2\n|-damage|p1a: Gyarados|0 fnt\n|faint|p1a: Gyarados\n|\n|-weather|Sandstorm|[upkeep]\n|-damage|p2a: Basculegion|28/100|[from] Sandstorm\n|-damage|p2b: Rotom|36/100|[from] Sandstorm\n|-heal|p2b: Rotom|41/100|[from] item: Leftovers\n|upkeep\n|\n|t:|1775961004\n|switch|p1a: Garchomp|Garchomp, L50, F|100/100\n|turn|4\n|inactive|JohnScottRiley has 30 seconds left.\n|\n|t:|1775961036\n|move|p1b: Lycanroc|Rock Slide|p2a: Basculegion|[spread] p2a,p2b\n|-supereffective|p2b: Rotom|1\n|-damage|p2a: Basculegion|0 fnt\n|-damage|p2b: Rotom|0 fnt\n|faint|p2a: Basculegion\n|faint|p2b: Rotom\n|move|p1a: Garchomp|Dragon Claw|p2: Basculegion|[notarget]\n|-fail|p1a: Garchomp\n|\n|-weather|Sandstorm|[upkeep]\n|upkeep\n|\n|t:|1775961049\n|switch|p2a: Floette|Floette-Eternal, L50, F|100/100\n|turn|5\n|\n|t:|1775961058\n|detailschange|p2a: Floette|Floette-Mega, L50, F\n|-mega|p2a: Floette|Floette|Floettite\n|-ability|p2a: Floette|Fairy Aura\n|move|p1b: Lycanroc|Protect|p1b: Lycanroc\n|-singleturn|p1b: Lycanroc|Protect\n|move|p1a: Garchomp|Earthquake|p2a: Floette|[spread] p2a\n|-activate|p1b: Lycanroc|move: Protect\n|-damage|p2a: Floette|49/100\n|move|p2a: Floette|Draining Kiss|p1a: Garchomp\n|-supereffective|p1a: Garchomp|1\n|-damage|p1a: Garchomp|2/100\n|-heal|p2a: Floette|100/100|[from] drain|[of] p1a: Garchomp\n|\n|-weather|none\n|upkeep\n|turn|6\n|inactive|pedolemefc has 30 seconds left.\n|inactive|pedolemefc has 20 seconds left.\n|\n|t:|1775961096\n|move|p1b: Lycanroc|Rock Slide|p2a: Floette\n|-damage|p2a: Floette|56/100\n|move|p1a: Garchomp|Earthquake|p2a: Floette|[spread] p1b,p2a\n|-supereffective|p1b: Lycanroc|1\n|-damage|p1b: Lycanroc|0 fnt\n|-damage|p2a: Floette|7/100\n|faint|p1b: Lycanroc\n|move|p2a: Floette|Draining Kiss|p1a: Garchomp\n|-supereffective|p1a: Garchomp|1\n|-damage|p1a: Garchomp|0 fnt\n|-heal|p2a: Floette|9/100|[from] drain|[of] p1a: Garchomp\n|faint|p1a: Garchomp\n|\n|upkeep\n|\n|t:|1775961104\n|switch|p1b: Tyranitar|Tyranitar, L50, M|100/100\n|-weather|Sandstorm|[from] ability: Sand Stream|[of] p1b: Tyranitar\n|turn|7\n|\n|t:|1775961121\n|detailschange|p1b: Tyranitar|Tyranitar-Mega, L50, M\n|-mega|p1b: Tyranitar|Tyranitar|Tyranitarite\n|move|p2a: Floette|Draining Kiss|p1b: Tyranitar\n|-supereffective|p1b: Tyranitar|1\n|-damage|p1b: Tyranitar|60/100\n|-heal|p2a: Floette|51/100|[from] drain|[of] p1b: Tyranitar\n|move|p1b: Tyranitar|Rock Slide|p2a: Floette\n|-damage|p2a: Floette|0 fnt\n|faint|p2a: Floette\n|\n|win|pedolemefc\n|raw|pedolemefc's rating: 1327 &rarr; <strong>1344</strong><br />(+17 for winning)\n|raw|JohnScottRiley's rating: 1282 &rarr; <strong>1260</strong><br />(-22 for losing)\n|l|\u2606JohnScottRiley\n|player|p2|\n|l|\u2606pedolemefc\n|player|p1|\n",
  "uploadtime": 1775961145,
  "views": 18,
  "formatid": "gen9championsvgc2026regma",
  "rating": 1260,
  "private": 0,
  "password": null
}