{
  "id": "gen9championsvgc2026regma-2586685964",
  "format": "[Gen 9 Champions] VGC 2026 Reg M-A",
  "players": [
    "Soniimarx",
    "Fish0103"
  ],
  "log": "|j|\u2606Soniimarx\n|j|\u2606Fish0103\n|t:|1776452115\n|gametype|doubles\n|player|p1|Soniimarx|101|1076\n|player|p2|Fish0103|acetrainerf-gen4dp|1145\n|gen|9\n|tier|[Gen 9 Champions] VGC 2026 Reg M-A\n|rated|\n|rule|Species Clause: Limit one of each Pok\u00e9mon\n|rule|Item Clause: Limit 1 of each item\n|clearpoke\n|poke|p1|Absol, L50, M|\n|poke|p1|Farigiraf, L50, M|\n|poke|p1|Kingambit, L50, F|\n|poke|p1|Milotic, L50, M|\n|poke|p1|Corviknight, L50, M|\n|poke|p1|Incineroar, L50, F|\n|poke|p2|Meganium, L50, F|\n|poke|p2|Aerodactyl, L50, F|\n|poke|p2|Sneasler, L50, M|\n|poke|p2|Typhlosion-Hisui, L50, F|\n|poke|p2|Garchomp, L50, M|\n|poke|p2|Weavile, L50, M|\n|teampreview|4\n|inactive|Battle timer is ON: inactive players will automatically lose when time's up. (requested by Soniimarx)\nSoniimarx rejected open team sheets.\n|inactive|Fish0103 has 60 seconds left.\n|\n|t:|1776452156\n|teamsize|p1|4\n|teamsize|p2|4\n|start\n|switch|p1a: Farigiraf|Farigiraf, L50, M|100/100\n|switch|p1b: Kingambit|Kingambit, L50, F|100/100\n|switch|p2a: Garchomp|Garchomp, L50, M|100/100\n|switch|p2b: Meganium|Meganium, L50, F|100/100\n|turn|1\n|\n|t:|1776452175\n|detailschange|p2b: Meganium|Meganium-Mega, L50, F\n|-mega|p2b: Meganium|Meganium|Meganiumite\n|move|p1b: Kingambit|Protect|p1b: Kingambit\n|-singleturn|p1b: Kingambit|Protect\n|move|p2a: Garchomp|Earthquake|p1b: Kingambit|[spread] p2b,p1a\n|-activate|p1b: Kingambit|move: Protect\n|-resisted|p2b: Meganium|1\n|-damage|p2b: Meganium|81/100\n|-damage|p1a: Farigiraf|59/100\n|move|p2b: Meganium|Solar Beam||[still]\n|-prepare|p2b: Meganium|Solar Beam\n|-activate|p2b: Meganium|ability: Mega Sol\n|-anim|p2b: Meganium|Solar Beam|p1a: Farigiraf\n|-damage|p1a: Farigiraf|9/100\n|move|p1a: Farigiraf|Trick Room|p1a: Farigiraf\n|-fieldstart|move: Trick Room|[of] p1a: Farigiraf\n|\n|upkeep\n|turn|2\n|\n|t:|1776452194\n|move|p2b: Meganium|Protect|p2b: Meganium\n|-singleturn|p2b: Meganium|Protect\n|move|p1b: Kingambit|Sucker Punch|p2a: Garchomp\n|-damage|p2a: Garchomp|50/100\n|-damage|p1b: Kingambit|88/100|[from] ability: Rough Skin|[of] p2a: Garchomp\n|move|p1a: Farigiraf|Hyper Voice|p2b: Meganium|[spread] p2a\n|-activate|p2b: Meganium|move: Protect\n|-damage|p2a: Garchomp|23/100\n|move|p2a: Garchomp|Earthquake|p1b: Kingambit|[spread] p1a,p1b\n|-activate|p2b: Meganium|move: Protect\n|-supereffective|p1b: Kingambit|1\n|-damage|p1a: Farigiraf|0 fnt\n|-damage|p1b: Kingambit|28/100\n|faint|p1a: Farigiraf\n|\n|upkeep\n|\n|t:|1776452209\n|switch|p1a: Incineroar|Incineroar, L50, F|100/100\n|-ability|p1a: Incineroar|Intimidate|boost\n|-unboost|p2a: Garchomp|atk|1\n|-unboost|p2b: Meganium|atk|1\n|turn|3\n|\n|t:|1776452217\n|switch|p2a: Typhlosion|Typhlosion-Hisui, L50, F|100/100\n|-item|p1a: Incineroar|Chople Berry|[from] ability: Frisk|[of] p2a: Typhlosion\n|-item|p1b: Kingambit|Black Glasses|[from] ability: Frisk|[of] p2a: Typhlosion\n|move|p1b: Kingambit|Sucker Punch||[still]\n|-fail|p1b: Kingambit\n|move|p1a: Incineroar|Flare Blitz|p2b: Meganium\n|-supereffective|p2b: Meganium|1\n|-damage|p2b: Meganium|0 fnt\n|faint|p2b: Meganium\n|-damage|p1a: Incineroar|80/100|[from] Recoil\n|\n|upkeep\n|\n|t:|1776452227\n|switch|p2b: Sneasler|Sneasler, L50, M|100/100\n|turn|4\n|\n|t:|1776452246\n|switch|p2a: Garchomp|Garchomp, L50, M|23/100\n|move|p1b: Kingambit|Sucker Punch|p2b: Sneasler\n|-resisted|p2b: Sneasler|1\n|-damage|p2b: Sneasler|57/100\n|move|p1a: Incineroar|Throat Chop|p2a: Garchomp\n|-damage|p2a: Garchomp|0 fnt\n|-damage|p1a: Incineroar|67/100|[from] ability: Rough Skin|[of] p2a: Garchomp\n|faint|p2a: Garchomp\n|move|p2b: Sneasler|Close Combat|p1b: Kingambit\n|-supereffective|p1b: Kingambit|2\n|-damage|p1b: Kingambit|0 fnt\n|-unboost|p2b: Sneasler|def|1\n|-unboost|p2b: Sneasler|spd|1\n|faint|p1b: Kingambit\n|-enditem|p2b: Sneasler|White Herb\n|-clearnegativeboost|p2b: Sneasler|[silent]\n|\n|upkeep\n|\n|t:|1776452270\n|switch|p1b: Absol|Absol, L50, M|100/100\n|switch|p2a: Typhlosion|Typhlosion-Hisui, L50, F|100/100\n|-item|p1a: Incineroar|Chople Berry|[from] ability: Frisk|[of] p2a: Typhlosion\n|-item|p1b: Absol|Absolite|[from] ability: Frisk|[of] p2a: Typhlosion\n|turn|5\n|inactive|Soniimarx has 30 seconds left.\n|\n|t:|1776452296\n|detailschange|p1b: Absol|Absol-Mega, L50, M\n|-mega|p1b: Absol|Absol|Absolite\n|move|p2b: Sneasler|Protect|p2b: Sneasler\n|-singleturn|p2b: Sneasler|Protect\n|move|p1b: Absol|Sucker Punch||[still]\n|-fail|p1b: Absol\n|move|p1a: Incineroar|Flare Blitz|p2b: Sneasler\n|-activate|p2b: Sneasler|move: Protect\n|move|p2a: Typhlosion|Eruption|p1a: Incineroar|[spread] p1a,p1b\n|-resisted|p1a: Incineroar|1\n|-crit|p1b: Absol\n|-damage|p1a: Incineroar|50/100\n|-damage|p1b: Absol|0 fnt\n|faint|p1b: Absol\n|\n|-fieldend|move: Trick Room\n|upkeep\n|turn|6\n|\n|t:|1776452316\n|move|p2b: Sneasler|Close Combat|p1a: Incineroar\n|-supereffective|p1a: Incineroar|1\n|-enditem|p1a: Incineroar|Chople Berry|[eat]\n|-enditem|p1a: Incineroar|Chople Berry|[weaken]\n|-damage|p1a: Incineroar|0 fnt\n|-unboost|p2b: Sneasler|def|1\n|-unboost|p2b: Sneasler|spd|1\n|faint|p1a: Incineroar\n|\n|win|Fish0103\n|raw|Soniimarx's rating: 1076 &rarr; <strong>1059</strong><br />(-17 for losing)\n|raw|Fish0103's rating: 1145 &rarr; <strong>1165</strong><br />(+20 for winning)\n|l|\u2606Soniimarx\n|player|p1|\n",
  "uploadtime": 1776452324,
  "views": 43,
  "formatid": "gen9championsvgc2026regma",
  "rating": 1059,
  "private": 0,
  "password": null
}