{
  "id": "gen9championsvgc2026regma-2585751083",
  "format": "[Gen 9 Champions] VGC 2026 Reg M-A",
  "players": [
    "yuriimon",
    "yixu_11"
  ],
  "log": "|j|\u2606yuriimon\n|j|\u2606yixu_11\n|t:|1776368059\n|gametype|doubles\n|player|p1|yuriimon|waitress-gen4|1122\n|player|p2|yixu_11|169|1082\n|gen|9\n|tier|[Gen 9 Champions] VGC 2026 Reg M-A\n|rated|\n|rule|Species Clause: Limit one of each Pok\u00e9mon\n|rule|Item Clause: Limit 1 of each item\n|clearpoke\n|poke|p1|Glimmora, L50, F|\n|poke|p1|Incineroar, L50, M|\n|poke|p1|Politoed, L50, M|\n|poke|p1|Basculegion, L50, M|\n|poke|p1|Chesnaught, L50, F|\n|poke|p1|Dragapult, L50, F|\n|poke|p2|Charizard, L50, F|\n|poke|p2|Venusaur, L50, F|\n|poke|p2|Garchomp, L50, F|\n|poke|p2|Rotom-Wash, L50|\n|poke|p2|Sneasler, L50, M|\n|poke|p2|Incineroar, L50, F|\n|teampreview|4\n|inactive|Battle timer is ON: inactive players will automatically lose when time's up. (requested by yuriimon)\n|\n|t:|1776368084\n|teamsize|p1|4\n|teamsize|p2|4\n|start\n|switch|p1a: Glimmora|Glimmora, L50, F|100/100\n|switch|p1b: Incineroar|Incineroar, L50, M|100/100\n|switch|p2a: Venusaur|Venusaur, L50, F|100/100\n|switch|p2b: Charizard|Charizard, L50, F|100/100\n|-ability|p1b: Incineroar|Intimidate|boost\n|-unboost|p2a: Venusaur|atk|1\n|-unboost|p2b: Charizard|atk|1\n|turn|1\n|inactive|yixu_11 has 30 seconds left.\n|\n|t:|1776368119\n|detailschange|p1a: Glimmora|Glimmora-Mega, L50, F\n|-mega|p1a: Glimmora|Glimmora|Glimmoranite\n|move|p2b: Charizard|Protect|p2b: Charizard\n|-singleturn|p2b: Charizard|Protect\n|move|p2a: Venusaur|Protect|p2a: Venusaur\n|-singleturn|p2a: Venusaur|Protect\n|move|p1b: Incineroar|Fake Out|p2a: Venusaur\n|-activate|p2a: Venusaur|move: Protect\n|move|p1a: Glimmora|Power Gem|p2b: Charizard\n|-activate|p2b: Charizard|move: Protect\n|\n|upkeep\n|turn|2\n|inactive|yixu_11 has 30 seconds left.\n|inactive|yixu_11 has 20 seconds left.\n|\n|t:|1776368155\n|switch|p2b: Rotom|Rotom-Wash, L50|100/100\n|move|p1a: Glimmora|Protect|p1a: Glimmora\n|-singleturn|p1a: Glimmora|Protect\n|move|p2a: Venusaur|Sleep Powder|p1a: Glimmora\n|-activate|p1a: Glimmora|move: Protect\n|move|p1b: Incineroar|Flare Blitz|p2a: Venusaur\n|-supereffective|p2a: Venusaur|1\n|-enditem|p2a: Venusaur|Focus Sash\n|-damage|p2a: Venusaur|1/100\n|-damage|p1b: Incineroar|75/100|[from] Recoil\n|\n|upkeep\n|turn|3\n|inactive|yuriimon has 30 seconds left.\n|inactive|yuriimon has 20 seconds left.\n|\n|t:|1776368191\n|switch|p1b: Dragapult|Dragapult, L50, F|100/100\n|move|p2a: Venusaur|Protect|p2a: Venusaur\n|-singleturn|p2a: Venusaur|Protect\n|move|p1a: Glimmora|Sludge Wave|p2a: Venusaur|[spread] p1b,p2b\n|-activate|p2a: Venusaur|move: Protect\n|-resisted|p1b: Dragapult|1\n|-damage|p1b: Dragapult|61/100\n|-damage|p2b: Rotom|41/100\n|move|p2b: Rotom|Hydro Pump|p1a: Glimmora\n|-supereffective|p1a: Glimmora|1\n|-damage|p1a: Glimmora|6/100\n|\n|-heal|p2b: Rotom|46/100|[from] item: Leftovers\n|upkeep\n|turn|4\n|inactive|yuriimon has 30 seconds left.\n|inactive|yixu_11 has 30 seconds left.\n|inactive|yuriimon has 20 seconds left.\n|inactive|yixu_11 has 20 seconds left.\n|inactive|yixu_11 has 15 seconds left.\n|\n|t:|1776368232\n|switch|p2a: Incineroar|Incineroar, L50, F|100/100\n|-ability|p2a: Incineroar|Intimidate|boost\n|-unboost|p1a: Glimmora|atk|1\n|-fail|p1b: Dragapult|unboost|[from] ability: Clear Body|[of] p1b: Dragapult\n|move|p1b: Dragapult|Hex|p2a: Incineroar\n|-resisted|p2a: Incineroar|1\n|-damage|p2a: Incineroar|85/100\n|move|p1a: Glimmora|Power Gem|p2b: Rotom\n|-damage|p2b: Rotom|0 fnt\n|faint|p2b: Rotom\n|\n|upkeep\n|\n|t:|1776368245\n|switch|p2b: Charizard|Charizard, L50, F|100/100\n|turn|5\n|\n|t:|1776368261\n|switch|p1a: Politoed|Politoed, L50, M|100/100\n|-weather|RainDance|[from] ability: Drizzle|[of] p1a: Politoed\n|detailschange|p2b: Charizard|Charizard-Mega-Y, L50, F\n|-mega|p2b: Charizard|Charizard|Charizardite Y\n|-weather|SunnyDay|[from] ability: Drought|[of] p2b: Charizard\n|move|p2a: Incineroar|Fake Out|p1a: Politoed\n|-damage|p1a: Politoed|88/100\n|move|p1b: Dragapult|Thunder|p2b: Charizard\n|-supereffective|p2b: Charizard|1\n|-damage|p2b: Charizard|29/100\n|-status|p2b: Charizard|par\n|move|p2b: Charizard|Heat Wave|p1a: Politoed|[spread] p1a,p1b\n|-resisted|p1a: Politoed|1\n|-resisted|p1b: Dragapult|1\n|-damage|p1a: Politoed|63/100\n|-damage|p1b: Dragapult|13/100\n|\n|-weather|SunnyDay|[upkeep]\n|upkeep\n|turn|6\n|inactive|yuriimon has 30 seconds left.\n|\n|t:|1776368294\n|switch|p1a: Incineroar|Incineroar, L50, M|75/100\n|-ability|p1a: Incineroar|Intimidate|boost\n|-unboost|p2a: Incineroar|atk|1\n|-unboost|p2b: Charizard|atk|1\n|move|p2b: Charizard|Protect|p2b: Charizard\n|-singleturn|p2b: Charizard|Protect\n|move|p1b: Dragapult|Hex|p2b: Charizard\n|-activate|p2b: Charizard|move: Protect\n|move|p2a: Incineroar|Darkest Lariat|p1b: Dragapult\n|-supereffective|p1b: Dragapult|1\n|-crit|p1b: Dragapult\n|-damage|p1b: Dragapult|0 fnt\n|faint|p1b: Dragapult\n|\n|-weather|SunnyDay|[upkeep]\n|upkeep\n|\n|t:|1776368304\n|switch|p1b: Politoed|Politoed, L50, M|63/100\n|-weather|RainDance|[from] ability: Drizzle|[of] p1b: Politoed\n|turn|7\n|inactive|yixu_11 has 30 seconds left.\n|\n|t:|1776368333\n|switch|p2b: Venusaur|Venusaur, L50, F|1/100\n|move|p1a: Incineroar|Fake Out|p2b: Venusaur\n|-damage|p2b: Venusaur|0 fnt\n|faint|p2b: Venusaur\n|move|p1b: Politoed|Weather Ball|p2a: Incineroar\n|-supereffective|p2a: Incineroar|1\n|-crit|p2a: Incineroar\n|-damage|p2a: Incineroar|0 fnt\n|faint|p2a: Incineroar\n|\n|-weather|RainDance|[upkeep]\n|upkeep\n|-message|yixu_11 forfeited.\n|\n|win|yuriimon\n|raw|yuriimon's rating: 1122 &rarr; <strong>1144</strong><br />(+22 for winning)\n|raw|yixu_11's rating: 1082 &rarr; <strong>1062</strong><br />(-20 for losing)\n|l|\u2606yixu_11\n|player|p2|\n",
  "uploadtime": 1776368348,
  "views": 19,
  "formatid": "gen9championsvgc2026regma",
  "rating": 1062,
  "private": 0,
  "password": null
}