{
  "id": "gen9championsvgc2026regma-2584468734",
  "format": "[Gen 9 Champions] VGC 2026 Reg M-A",
  "players": [
    "TheNamesTy45",
    "Murphy's kitchen"
  ],
  "log": "|j|\u2606TheNamesTy45\n|j|\u2606Murphy's kitchen\n|t:|1776262934\n|gametype|doubles\n|player|p1|TheNamesTy45|170|1229\n|player|p2|Murphy's kitchen|102|1319\n|gen|9\n|tier|[Gen 9 Champions] VGC 2026 Reg M-A\n|rated|\n|rule|Species Clause: Limit one of each Pok\u00e9mon\n|rule|Item Clause: Limit 1 of each item\n|clearpoke\n|poke|p1|Kangaskhan, L50, F|\n|poke|p1|Aerodactyl, L50, M|\n|poke|p1|Ceruledge, L50, M|\n|poke|p1|Tauros-Paldea-Aqua, L50, M|\n|poke|p1|Charizard, L50, M|\n|poke|p1|Dragapult, L50, M|\n|poke|p2|Ninetales-Alola, L50, M|\n|poke|p2|Glimmora, L50, F|\n|poke|p2|Aegislash, L50, F|\n|poke|p2|Gyarados, L50, F|\n|poke|p2|Kommo-o, L50, F|\n|poke|p2|Scovillain, L50, F|\n|teampreview|4\n|inactive|Battle timer is ON: inactive players will automatically lose when time's up. (requested by TheNamesTy45)\n|\n|t:|1776262964\n|teamsize|p1|4\n|teamsize|p2|4\n|start\n|switch|p1a: Aerodactyl|Aerodactyl, L50, M|100/100\n|switch|p1b: Charizard|Charizard, L50, M, shiny|100/100\n|switch|p2a: Ninetales|Ninetales-Alola, L50, M|100/100\n|switch|p2b: Glimmora|Glimmora, L50, F|100/100\n|-ability|p1a: Aerodactyl|Unnerve\n|-weather|Snowscape|[from] ability: Snow Warning|[of] p2a: Ninetales\n|turn|1\n|\n|t:|1776262981\n|detailschange|p1b: Charizard|Charizard-Mega-Y, L50, M, shiny\n|-mega|p1b: Charizard|Charizard|Charizardite Y\n|-weather|SunnyDay|[from] ability: Drought|[of] p1b: Charizard\n|move|p2a: Ninetales|Icy Wind|p1b: Charizard|[spread] p1a,p1b\n|-supereffective|p1a: Aerodactyl|1\n|-damage|p1a: Aerodactyl|62/100\n|-damage|p1b: Charizard|87/100\n|-unboost|p1a: Aerodactyl|spe|1\n|-unboost|p1b: Charizard|spe|1\n|move|p2b: Glimmora|Power Gem|p1a: Aerodactyl\n|-supereffective|p1a: Aerodactyl|1\n|-damage|p1a: Aerodactyl|0 fnt\n|faint|p1a: Aerodactyl\n|move|p1b: Charizard|Heat Wave|p2b: Glimmora|[spread] p2a,p2b\n|-supereffective|p2a: Ninetales|1\n|-resisted|p2b: Glimmora|1\n|-damage|p2a: Ninetales|0 fnt\n|-damage|p2b: Glimmora|59/100\n|faint|p2a: Ninetales\n|\n|-weather|SunnyDay|[upkeep]\n|upkeep\n|inactive|Murphy's kitchen has 30 seconds left.\n|\n|t:|1776263008\n|switch|p1a: Dragapult|Dragapult, L50, M, shiny|100/100\n|switch|p2a: Kommo-o|Kommo-o, L50, F|100/100\n|turn|2\n|\n|t:|1776263024\n|switch|p1b: Tauros|Tauros-Paldea-Aqua, L50, M, shiny|100/100\n|-ability|p1b: Tauros|Intimidate|boost\n|-unboost|p2a: Kommo-o|atk|1\n|-unboost|p2b: Glimmora|atk|1\n|move|p2a: Kommo-o|Protect|p2a: Kommo-o\n|-singleturn|p2a: Kommo-o|Protect\n|move|p1a: Dragapult|Dragon Darts|p2b: Glimmora\n|-damage|p2b: Glimmora|22/100\n|-activate|p2b: Glimmora|ability: Toxic Debris\n|-sidestart|p1: TheNamesTy45|move: Toxic Spikes\n|-anim|p1a: Dragapult|Dragon Darts|p2b: Glimmora\n|-damage|p2b: Glimmora|0 fnt\n|-activate|p2b: Glimmora|ability: Toxic Debris\n|-sidestart|p1: TheNamesTy45|move: Toxic Spikes\n|faint|p2b: Glimmora\n|\n|-weather|SunnyDay|[upkeep]\n|upkeep\n|\n|t:|1776263041\n|switch|p2b: Scovillain|Scovillain, L50, F|100/100\n|turn|3\n|\n|t:|1776263049\n|detailschange|p2b: Scovillain|Scovillain-Mega, L50, F\n|-mega|p2b: Scovillain|Scovillain|Scovillainite\n|move|p2b: Scovillain|Rage Powder|p2b: Scovillain\n|-singleturn|p2b: Scovillain|move: Rage Powder\n|move|p1a: Dragapult|Dragon Darts|p2b: Scovillain\n|-damage|p2b: Scovillain|73/100\n|-status|p1a: Dragapult|brn|[from] ability: Spicy Spray|[of] p2b: Scovillain\n|-anim|p1a: Dragapult|Dragon Darts|p2b: Scovillain\n|-crit|p2b: Scovillain\n|-damage|p2b: Scovillain|52/100\n|move|p1b: Tauros|Close Combat|p2b: Scovillain\n|-damage|p2b: Scovillain|1/100\n|-unboost|p1b: Tauros|def|1\n|-unboost|p1b: Tauros|spd|1\n|-status|p1b: Tauros|brn|[from] ability: Spicy Spray|[of] p2b: Scovillain\n|move|p2a: Kommo-o|Clangorous Soul|p2a: Kommo-o\n|-boost|p2a: Kommo-o|atk|1\n|-boost|p2a: Kommo-o|def|1\n|-boost|p2a: Kommo-o|spa|1\n|-boost|p2a: Kommo-o|spd|1\n|-boost|p2a: Kommo-o|spe|1\n|-damage|p2a: Kommo-o|68/100\n|\n|-weather|SunnyDay|[upkeep]\n|-heal|p2a: Kommo-o|74/100|[from] item: Leftovers\n|-damage|p1a: Dragapult|94/100 brn|[from] brn\n|-damage|p1b: Tauros|95/100 brn|[from] brn\n|upkeep\n|turn|4\n|inactive|Murphy's kitchen has 30 seconds left.\n|inactive|Murphy's kitchen has 20 seconds left.\n|\n|t:|1776263085\n|move|p2b: Scovillain|Rage Powder|p2b: Scovillain\n|-singleturn|p2b: Scovillain|move: Rage Powder\n|move|p1b: Tauros|Aqua Jet|p2b: Scovillain\n|-damage|p2b: Scovillain|0 fnt\n|faint|p2b: Scovillain\n|move|p2a: Kommo-o|Clanging Scales|p1b: Tauros|[spread] p1a,p1b\n|-supereffective|p1a: Dragapult|1\n|-damage|p1a: Dragapult|0 fnt\n|-damage|p1b: Tauros|0 fnt\n|faint|p1a: Dragapult\n|faint|p1b: Tauros\n|-unboost|p2a: Kommo-o|def|1\n|\n|-weather|SunnyDay|[upkeep]\n|-heal|p2a: Kommo-o|79/100|[from] item: Leftovers\n|upkeep\n|\n|t:|1776263094\n|switch|p1b: Charizard|Charizard-Mega-Y, L50, M, shiny|87/100\n|turn|5\n|\n|t:|1776263103\n|move|p2a: Kommo-o|Protect|p2a: Kommo-o\n|-singleturn|p2a: Kommo-o|Protect\n|move|p1b: Charizard|Weather Ball|p2a: Kommo-o\n|-activate|p2a: Kommo-o|move: Protect\n|\n|-weather|none\n|-heal|p2a: Kommo-o|85/100|[from] item: Leftovers\n|upkeep\n|turn|6\n|\n|t:|1776263113\n|move|p2a: Kommo-o|Clanging Scales|p1b: Charizard\n|-damage|p1b: Charizard|15/100\n|-unboost|p2a: Kommo-o|def|1\n|move|p1b: Charizard|Heat Wave|p2a: Kommo-o\n|-resisted|p2a: Kommo-o|1\n|-damage|p2a: Kommo-o|64/100\n|\n|-heal|p2a: Kommo-o|70/100|[from] item: Leftovers\n|upkeep\n|turn|7\n|\n|t:|1776263123\n|move|p2a: Kommo-o|Clanging Scales|p1b: Charizard\n|-damage|p1b: Charizard|0 fnt\n|faint|p1b: Charizard\n|\n|win|Murphy's kitchen\n|raw|TheNamesTy45's rating: 1229 &rarr; <strong>1210</strong><br />(-19 for losing)\n|raw|Murphy&apos;s kitchen's rating: 1319 &rarr; <strong>1334</strong><br />(+15 for winning)\n|l|\u2606TheNamesTy45\n|player|p1|\n",
  "uploadtime": 1776263131,
  "views": 38,
  "formatid": "gen9championsvgc2026regma",
  "rating": 1210,
  "private": 0,
  "password": null
}