{
  "id": "gen9championsvgc2026regma-2585789406",
  "format": "[Gen 9 Champions] VGC 2026 Reg M-A",
  "players": [
    "hiscroes",
    "edenborn"
  ],
  "log": "|j|\u2606hiscroes\n|j|\u2606edenborn\n|t:|1776370765\n|gametype|doubles\n|player|p1|hiscroes|170|1161\n|player|p2|edenborn|unknown|1216\n|gen|9\n|tier|[Gen 9 Champions] VGC 2026 Reg M-A\n|rated|\n|rule|Species Clause: Limit one of each Pok\u00e9mon\n|rule|Item Clause: Limit 1 of each item\n|clearpoke\n|poke|p1|Tyranitar, L50, M|\n|poke|p1|Gardevoir, L50, M|\n|poke|p1|Gyarados, L50, F|\n|poke|p1|Excadrill, L50, M|\n|poke|p1|Sinistcha, L50|\n|poke|p1|Rotom-Heat, L50|\n|poke|p2|Palafin, L50, M|\n|poke|p2|Pelipper, L50, M|\n|poke|p2|Archaludon, L50, M|\n|poke|p2|Sinistcha, L50|\n|poke|p2|Incineroar, L50, M|\n|poke|p2|Aerodactyl, L50, M|\n|teampreview|4\n|inactive|Battle timer is ON: inactive players will automatically lose when time's up. (requested by edenborn)\nhiscroes has agreed to open team sheets.\n|\n|t:|1776370785\n|teamsize|p1|4\n|teamsize|p2|4\n|start\n|switch|p1a: Rotom|Rotom-Heat, L50|100/100\n|switch|p1b: Excadrill|Excadrill, L50, M|100/100\n|switch|p2a: Herc|Palafin, L50, M|100/100\n|switch|p2b: Weather Breaker|Aerodactyl, L50, M|100/100\n|-ability|p2b: Weather Breaker|Unnerve\n|turn|1\n|inactive|edenborn has 30 seconds left.\n|\n|t:|1776370810\n|detailschange|p2b: Weather Breaker|Aerodactyl-Mega, L50, M\n|-mega|p2b: Weather Breaker|Aerodactyl|Aerodactylite\n|move|p2b: Weather Breaker|Tailwind|p2b: Weather Breaker\n|-sidestart|p2: edenborn|move: Tailwind\n|move|p2a: Herc|Flip Turn|p1b: Excadrill\n|-supereffective|p1b: Excadrill|1\n|-damage|p1b: Excadrill|18/100\n|\n|t:|1776370821\n|detailschange|p2a: Herc|Palafin-Hero, L50, M\n|switch|p2a: Archie Manning|Archaludon, L50, M|100/100|[from] Flip Turn\n|move|p1a: Rotom|Discharge|p2b: Weather Breaker|[spread] p2a,p2b\n|-immune|p1b: Excadrill\n|-resisted|p2a: Archie Manning|1\n|-supereffective|p2b: Weather Breaker|1\n|-damage|p2a: Archie Manning|86/100\n|-damage|p2b: Weather Breaker|39/100\n|-status|p2a: Archie Manning|par\n|-ability|p2a: Archie Manning|Stamina|boost\n|-boost|p2a: Archie Manning|def|1\n|move|p1b: Excadrill|Iron Head|p2b: Weather Breaker\n|-supereffective|p2b: Weather Breaker|1\n|-damage|p2b: Weather Breaker|0 fnt\n|faint|p2b: Weather Breaker\n|\n|upkeep\n|\n|t:|1776370840\n|switch|p2b: Herc|Palafin-Hero, L50, M|100/100\n|-activate|p2b: Herc|ability: Zero to Hero\n|turn|2\n|\n|t:|1776370855\n|switch|p1b: Tyranitar|Tyranitar, L50, M|100/100\n|-weather|Sandstorm|[from] ability: Sand Stream|[of] p1b: Tyranitar\n|move|p2b: Herc|Wave Crash|p1a: Rotom\n|-supereffective|p1a: Rotom|1\n|-damage|p1a: Rotom|0 fnt\n|faint|p1a: Rotom\n|-damage|p2b: Herc|79/100|[from] Recoil\n|move|p2a: Archie Manning|Flash Cannon|p1b: Tyranitar\n|-supereffective|p1b: Tyranitar|1\n|-damage|p1b: Tyranitar|53/100\n|-unboost|p1b: Tyranitar|spd|1\n|\n|-weather|Sandstorm|[upkeep]\n|-damage|p2b: Herc|73/100|[from] Sandstorm\n|upkeep\n|\n|t:|1776370866\n|switch|p1a: Gardevoir|Gardevoir, L50, M|100/100\n|turn|3\n|inactive|hiscroes has 30 seconds left.\n|\n|t:|1776370901\n|switch|p2a: Drizz Lord|Pelipper, L50, M|100/100\n|-weather|RainDance|[from] ability: Drizzle|[of] p2a: Drizz Lord\n|detailschange|p1a: Gardevoir|Gardevoir-Mega, L50, M\n|-mega|p1a: Gardevoir|Gardevoir|Gardevoirite\n|move|p2b: Herc|Jet Punch|p1a: Gardevoir\n|-damage|p1a: Gardevoir|26/100\n|move|p1b: Tyranitar|Crunch|p2b: Herc\n|-damage|p2b: Herc|38/100\n|move|p1a: Gardevoir|Hyper Voice|p2a: Drizz Lord|[spread] p2a,p2b\n|-damage|p2a: Drizz Lord|32/100\n|-damage|p2b: Herc|0 fnt\n|faint|p2b: Herc\n|\n|-weather|RainDance|[upkeep]\n|upkeep\n|\n|t:|1776370918\n|switch|p2b: Archie Manning|Archaludon, L50, M|86/100 par\n|turn|4\n|\n|t:|1776370939\n|move|p1b: Tyranitar|Protect|p1b: Tyranitar\n|-singleturn|p1b: Tyranitar|Protect\n|move|p1a: Gardevoir|Protect|p1a: Gardevoir\n|-singleturn|p1a: Gardevoir|Protect\n|move|p2a: Drizz Lord|Wide Guard|p2a: Drizz Lord\n|-singleturn|p2a: Drizz Lord|Wide Guard\n|move|p2b: Archie Manning|Electro Shot||[still]\n|-prepare|p2b: Archie Manning|Electro Shot\n|-boost|p2b: Archie Manning|spa|1\n|-anim|p2b: Archie Manning|Electro Shot|p1a: Gardevoir\n|-activate|p1a: Gardevoir|move: Protect\n|\n|-weather|RainDance|[upkeep]\n|-sideend|p2: edenborn|move: Tailwind\n|upkeep\n|turn|5\n|\n|t:|1776370968\n|move|p1b: Tyranitar|Crunch|p2a: Drizz Lord\n|-damage|p2a: Drizz Lord|0 fnt\n|faint|p2a: Drizz Lord\n|move|p1a: Gardevoir|Psyshock|p2b: Archie Manning\n|-resisted|p2b: Archie Manning|1\n|-damage|p2b: Archie Manning|71/100 par\n|-ability|p2b: Archie Manning|Stamina|boost\n|-boost|p2b: Archie Manning|def|1\n|move|p2b: Archie Manning|Flash Cannon|p1a: Gardevoir\n|-supereffective|p1a: Gardevoir|1\n|-damage|p1a: Gardevoir|0 fnt\n|faint|p1a: Gardevoir\n|\n|-weather|RainDance|[upkeep]\n|upkeep\n|\n|t:|1776370972\n|switch|p1a: Excadrill|Excadrill, L50, M|18/100\n|turn|6\n|\n|t:|1776370987\n|move|p1a: Excadrill|High Horsepower|p2b: Archie Manning\n|-supereffective|p2b: Archie Manning|1\n|-damage|p2b: Archie Manning|22/100 par\n|-ability|p2b: Archie Manning|Stamina|boost\n|-boost|p2b: Archie Manning|def|1\n|move|p1b: Tyranitar|Crunch|p2b: Archie Manning\n|-damage|p2b: Archie Manning|7/100 par\n|-ability|p2b: Archie Manning|Stamina|boost\n|-boost|p2b: Archie Manning|def|1\n|cant|p2b: Archie Manning|par\n|\n|-weather|RainDance|[upkeep]\n|upkeep\n|turn|7\n|\n|t:|1776371002\n|move|p1a: Excadrill|Earthquake|p2b: Archie Manning|[spread] p1b,p2b\n|-supereffective|p1b: Tyranitar|1\n|-supereffective|p2b: Archie Manning|1\n|-damage|p1b: Tyranitar|0 fnt\n|-damage|p2b: Archie Manning|0 fnt\n|faint|p1b: Tyranitar\n|faint|p2b: Archie Manning\n|\n|win|hiscroes\n|raw|hiscroes's rating: 1161 &rarr; <strong>1190</strong><br />(+29 for winning)\n|raw|edenborn's rating: 1216 &rarr; <strong>1187</strong><br />(-29 for losing)\n",
  "uploadtime": 1776371009,
  "views": 26,
  "formatid": "gen9championsvgc2026regma",
  "rating": 1187,
  "private": 0,
  "password": null
}