{
  "id": "gen9championsvgc2026regma-2588215705",
  "format": "[Gen 9 Champions] VGC 2026 Reg M-A",
  "players": [
    "Isidino",
    "FroggyBomb13"
  ],
  "log": "|j|\u203dIsidino\n|j|\u2606FroggyBomb13\n|t:|1776615158\n|gametype|doubles\n|player|p1|Isidino|169|1142\n|player|p2|FroggyBomb13|depotagent|1198\n|gen|9\n|tier|[Gen 9 Champions] VGC 2026 Reg M-A\n|rated|\n|rule|Species Clause: Limit one of each Pok\u00e9mon\n|rule|Item Clause: Limit 1 of each item\n|clearpoke\n|poke|p1|Basculegion-F, L50, F, shiny|\n|poke|p1|Palafin, L50, M, shiny|\n|poke|p1|Pelipper, L50, M|\n|poke|p1|Sneasler, L50, M|\n|poke|p1|Sableye, L50, M, shiny|\n|poke|p1|Sharpedo, L50, M, shiny|\n|poke|p2|Aerodactyl, L50, F|\n|poke|p2|Garchomp, L50, F|\n|poke|p2|Milotic, L50, F|\n|poke|p2|Floette-Eternal, L50, F|\n|poke|p2|Incineroar, L50, M|\n|poke|p2|Rotom-Heat, L50|\n|teampreview|4\n|inactive|Battle timer is ON: inactive players will automatically lose when time's up. (requested by Isidino)\n|c|\u2606FroggyBomb13|gl hf\n|inactive|FroggyBomb13 has 60 seconds left.\n|\n|t:|1776615192\n|teamsize|p1|4\n|teamsize|p2|4\n|start\n|switch|p1a: Basculegion|Basculegion-F, L50, F, shiny|100/100\n|switch|p1b: Sableye|Sableye, L50, M, shiny|100/100\n|switch|p2a: Rotom|Rotom-Heat, L50|100/100\n|switch|p2b: Garchomp|Garchomp, L50, F|100/100\n|turn|1\n|\n|t:|1776615203\n|switch|p2b: Milotic|Milotic, L50, F|100/100\n|move|p1b: Sableye|Fake Out|p2a: Rotom\n|-damage|p2a: Rotom|91/100\n|cant|p2a: Rotom|flinch\n|move|p1a: Basculegion|Icy Wind|p2a: Rotom|[spread] p2a,p2b\n|-resisted|p2a: Rotom|1\n|-resisted|p2b: Milotic|1\n|-damage|p2a: Rotom|84/100\n|-damage|p2b: Milotic|95/100\n|-unboost|p2a: Rotom|spe|1\n|-unboost|p2b: Milotic|spe|1\n|-ability|p2b: Milotic|Competitive|boost\n|-boost|p2b: Milotic|spa|2\n|\n|-heal|p2b: Milotic|100/100|[from] item: Leftovers\n|upkeep\n|turn|2\n|\n|t:|1776615219\n|switch|p2a: Garchomp|Garchomp, L50, F|100/100\n|move|p1b: Sableye|Rain Dance|p1b: Sableye\n|-weather|RainDance\n|move|p1a: Basculegion|Muddy Water|p2b: Milotic|[spread] p2a,p2b\n|-resisted|p2b: Milotic|1\n|-damage|p2a: Garchomp|52/100\n|-damage|p2b: Milotic|80/100\n|move|p2b: Milotic|Scald|p1b: Sableye\n|-damage|p1b: Sableye|0 fnt\n|faint|p1b: Sableye\n|\n|-weather|RainDance|[upkeep]\n|-heal|p2b: Milotic|86/100|[from] item: Leftovers\n|upkeep\n|\n|t:|1776615230\n|switch|p1b: Palafin|Palafin, L50, M, shiny|100/100\n|turn|3\n|\n|t:|1776615247\n|detailschange|p1b: Palafin|Palafin-Hero, L50, M, shiny\n|switch|p1b: Sharpedo|Sharpedo, L50, M, shiny|100/100\n|move|p1a: Basculegion|Muddy Water|p2a: Garchomp|[spread] p2a\n|-miss|p1a: Basculegion|p2b: Milotic\n|-damage|p2a: Garchomp|3/100\n|move|p2a: Garchomp|Earthquake|p1b: Sharpedo|[spread] p2b,p1a,p1b\n|-damage|p2b: Milotic|39/100\n|-damage|p1a: Basculegion|44/100\n|-damage|p1b: Sharpedo|5/100\n|move|p2b: Milotic|Scald|p1b: Sharpedo\n|-resisted|p1b: Sharpedo|1\n|-damage|p1b: Sharpedo|0 fnt\n|faint|p1b: Sharpedo\n|\n|-weather|RainDance|[upkeep]\n|-heal|p2b: Milotic|45/100|[from] item: Leftovers\n|upkeep\n|\n|t:|1776615251\n|switch|p1b: Palafin|Palafin-Hero, L50, M, shiny|100/100\n|-activate|p1b: Palafin|ability: Zero to Hero\n|turn|4\n|\n|t:|1776615263\n|move|p2a: Garchomp|Protect|p2a: Garchomp\n|-singleturn|p2a: Garchomp|Protect\n|move|p1a: Basculegion|Icy Wind|p2b: Milotic|[spread] p2b\n|-activate|p2a: Garchomp|move: Protect\n|-resisted|p2b: Milotic|1\n|-damage|p2b: Milotic|41/100\n|-unboost|p2b: Milotic|spe|1\n|-ability|p2b: Milotic|Competitive|boost\n|-boost|p2b: Milotic|spa|2\n|move|p1b: Palafin|Wave Crash|p2b: Milotic\n|-resisted|p2b: Milotic|1\n|-damage|p2b: Milotic|0 fnt\n|faint|p2b: Milotic\n|-damage|p1b: Palafin|88/100|[from] Recoil\n|\n|-weather|RainDance|[upkeep]\n|upkeep\n|\n|t:|1776615279\n|switch|p2b: Rotom|Rotom-Heat, L50|84/100\n|turn|5\n|\n|t:|1776615299\n|move|p1b: Palafin|Jet Punch|p2b: Rotom\n|-supereffective|p2b: Rotom|1\n|-damage|p2b: Rotom|0 fnt\n|faint|p2b: Rotom\n|move|p1a: Basculegion|Muddy Water|p2a: Garchomp\n|-crit|p2a: Garchomp\n|-damage|p2a: Garchomp|0 fnt\n|faint|p2a: Garchomp\n|\n|-weather|RainDance|[upkeep]\n|upkeep\n|\n|t:|1776615303\n|switch|p2b: Floette|Floette-Eternal, L50, F|100/100\n|turn|6\n|c|\u2606FroggyBomb13|gg\n|\n|t:|1776615314\n|detailschange|p2b: Floette|Floette-Mega, L50, F\n|-mega|p2b: Floette|Floette|Floettite\n|-ability|p2b: Floette|Fairy Aura\n|move|p2b: Floette|Protect|p2b: Floette\n|-singleturn|p2b: Floette|Protect\n|move|p1b: Palafin|Jet Punch|p2b: Floette\n|-activate|p2b: Floette|move: Protect\n|move|p1a: Basculegion|Icy Wind|p2b: Floette\n|-activate|p2b: Floette|move: Protect\n|\n|-weather|none\n|upkeep\n|turn|7\n|\n|t:|1776615324\n|move|p1b: Palafin|Jet Punch|p2b: Floette\n|-damage|p2b: Floette|31/100\n|move|p2b: Floette|Dazzling Gleam|p1a: Basculegion|[spread] p1a,p1b\n|-damage|p1a: Basculegion|0 fnt\n|-damage|p1b: Palafin|39/100\n|faint|p1a: Basculegion\n|\n|upkeep\n|turn|8\n|\n|t:|1776615336\n|move|p1b: Palafin|Jet Punch|p2b: Floette\n|-damage|p2b: Floette|0 fnt\n|faint|p2b: Floette\n|\n|win|Isidino\n|raw|Isidino's rating: 1142 &rarr; <strong>1171</strong><br />(+29 for winning)\n|raw|FroggyBomb13's rating: 1198 &rarr; <strong>1169</strong><br />(-29 for losing)\n",
  "uploadtime": 1776615338,
  "views": 11,
  "formatid": "gen9championsvgc2026regma",
  "rating": 1169,
  "private": 0,
  "password": null
}