{
  "id": "gen9championsvgc2026regma-2585583899",
  "format": "[Gen 9 Champions] VGC 2026 Reg M-A",
  "players": [
    "Belopiselo",
    "Iceisnice_44"
  ],
  "log": "|j|\u2606Belopiselo\n|j|\u2606Iceisnice_44\n|t:|1776357053\n|gametype|doubles\n|player|p1|Belopiselo|marlon|1232\n|player|p2|Iceisnice_44|266|1138\n|gen|9\n|tier|[Gen 9 Champions] VGC 2026 Reg M-A\n|rated|\n|rule|Species Clause: Limit one of each Pok\u00e9mon\n|rule|Item Clause: Limit 1 of each item\n|clearpoke\n|poke|p1|Pelipper, L50, M|\n|poke|p1|Archaludon, L50, F|\n|poke|p1|Sinistcha, L50|\n|poke|p1|Drampa, L50, F|\n|poke|p1|Rotom-Wash, L50|\n|poke|p1|Aegislash, L50, F|\n|poke|p2|Gengar, L50, F|\n|poke|p2|Politoed, L50, M|\n|poke|p2|Incineroar, L50, M|\n|poke|p2|Archaludon, L50, M|\n|poke|p2|Dragonite, L50, M|\n|poke|p2|Basculegion, L50, M|\n|teampreview|4\n|inactive|Battle timer is ON: inactive players will automatically lose when time's up. (requested by Iceisnice_44)\n|inactive|Iceisnice_44 has 60 seconds left.\n|\n|t:|1776357108\n|teamsize|p1|4\n|teamsize|p2|4\n|start\n|switch|p1a: Stapler|Archaludon, L50, F|100/100\n|switch|p1b: Money laundry|Rotom-Wash, L50|100/100\n|switch|p2a: Gengar|Gengar, L50, F|100/100\n|switch|p2b: Incineroar|Incineroar, L50, M|100/100\n|-ability|p2b: Incineroar|Intimidate|boost\n|-unboost|p1a: Stapler|atk|1\n|-unboost|p1b: Money laundry|atk|1\n|turn|1\n|\n|t:|1776357123\n|switch|p1b: FREEBIRDYEAHH|Pelipper, L50, M|100/100\n|-weather|RainDance|[from] ability: Drizzle|[of] p1b: FREEBIRDYEAHH\n|detailschange|p2a: Gengar|Gengar-Mega, L50, F\n|-mega|p2a: Gengar|Gengar|Gengarite\n|move|p2b: Incineroar|Fake Out|p1a: Stapler\n|-resisted|p1a: Stapler|1\n|-damage|p1a: Stapler|96/100\n|-ability|p1a: Stapler|Stamina|boost\n|-boost|p1a: Stapler|def|1\n|move|p2a: Gengar|Perish Song|p2a: Gengar\n|-start|p1a: Stapler|perish3|[silent]\n|-start|p1b: FREEBIRDYEAHH|perish3|[silent]\n|-start|p2a: Gengar|perish3|[silent]\n|-start|p2b: Incineroar|perish3|[silent]\n|-fieldactivate|move: Perish Song\n|cant|p1a: Stapler|flinch\n|\n|-weather|RainDance|[upkeep]\n|-start|p2a: Gengar|perish3\n|-start|p1b: FREEBIRDYEAHH|perish3\n|-start|p1a: Stapler|perish3\n|-start|p2b: Incineroar|perish3\n|upkeep\n|turn|2\n|\n|t:|1776357142\n|switch|p2a: Archaludon|Archaludon, L50, M|100/100\n|move|p1b: FREEBIRDYEAHH|Hurricane|p2b: Incineroar\n|-damage|p2b: Incineroar|61/100\n|-start|p2b: Incineroar|confusion\n|move|p1a: Stapler|Aura Sphere|p2b: Incineroar\n|-supereffective|p2b: Incineroar|1\n|-damage|p2b: Incineroar|18/100\n|-enditem|p2b: Incineroar|Sitrus Berry|[eat]\n|-heal|p2b: Incineroar|43/100|[from] item: Sitrus Berry\n|-activate|p2b: Incineroar|confusion\n|-damage|p2b: Incineroar|30/100|[from] confusion\n|\n|-weather|RainDance|[upkeep]\n|-start|p1b: FREEBIRDYEAHH|perish2\n|-start|p1a: Stapler|perish2\n|-start|p2b: Incineroar|perish2\n|upkeep\n|turn|3\n|\n|t:|1776357162\n|switch|p1b: Evil Bubble thea|Sinistcha, L50|100/100\n|-heal|p1a: Stapler|100/100|[from] ability: Hospitality|[of] p1b: Evil Bubble thea\n|switch|p1a: Money laundry|Rotom-Wash, L50|100/100\n|switch|p2b: Gengar|Gengar-Mega, L50, F|100/100\n|move|p2a: Archaludon|Electro Shot||[still]\n|-prepare|p2a: Archaludon|Electro Shot\n|-boost|p2a: Archaludon|spa|1\n|-anim|p2a: Archaludon|Electro Shot|p1b: Evil Bubble thea\n|-resisted|p1b: Evil Bubble thea|1\n|-damage|p1b: Evil Bubble thea|71/100\n|\n|-weather|RainDance|[upkeep]\n|-heal|p1b: Evil Bubble thea|77/100|[from] item: Leftovers\n|upkeep\n|turn|4\n|inactive|Iceisnice_44 has 30 seconds left.\n|\n|t:|1776357188\n|move|p2b: Gengar|Protect|p2b: Gengar\n|-singleturn|p2b: Gengar|Protect\n|move|p1a: Money laundry|Hydro Pump|p2b: Gengar\n|-activate|p2b: Gengar|move: Protect\n|move|p2a: Archaludon|Draco Meteor|p1a: Money laundry\n|-damage|p1a: Money laundry|8/100\n|-unboost|p2a: Archaludon|spa|2\n|move|p1b: Evil Bubble thea|Matcha Gotcha|p2b: Gengar|[spread] p2a\n|-activate|p2b: Gengar|move: Protect\n|-resisted|p2a: Archaludon|2\n|-damage|p2a: Archaludon|95/100\n|-heal|p1b: Evil Bubble thea|80/100|[from] drain|[of] p2a: Archaludon\n|-ability|p2a: Archaludon|Stamina|boost\n|-boost|p2a: Archaludon|def|1\n|\n|-weather|RainDance|[upkeep]\n|-heal|p2a: Archaludon|100/100|[from] item: Leftovers\n|-heal|p1b: Evil Bubble thea|86/100|[from] item: Leftovers\n|upkeep\n|turn|5\n|inactive|Iceisnice_44 has 30 seconds left.\n|\n|t:|1776357214\n|switch|p2b: Politoed|Politoed, L50, M|100/100\n|move|p1a: Money laundry|Protect|p1a: Money laundry\n|-singleturn|p1a: Money laundry|Protect\n|move|p2a: Archaludon|Electro Shot||[still]\n|-prepare|p2a: Archaludon|Electro Shot\n|-boost|p2a: Archaludon|spa|1\n|-anim|p2a: Archaludon|Electro Shot|p1a: Money laundry\n|-activate|p1a: Money laundry|move: Protect\n|move|p1b: Evil Bubble thea|Matcha Gotcha|p2b: Politoed|[spread] p2a,p2b\n|-resisted|p2a: Archaludon|2\n|-supereffective|p2b: Politoed|1\n|-crit|p2b: Politoed\n|-damage|p2a: Archaludon|95/100\n|-heal|p1b: Evil Bubble thea|89/100|[from] drain|[of] p2a: Archaludon\n|-damage|p2b: Politoed|48/100\n|-heal|p1b: Evil Bubble thea|100/100|[from] drain|[of] p2b: Politoed\n|-ability|p2a: Archaludon|Stamina|boost\n|-boost|p2a: Archaludon|def|1\n|\n|-weather|none\n|-heal|p2a: Archaludon|100/100|[from] item: Leftovers\n|upkeep\n|turn|6\n|inactive|Iceisnice_44 has 30 seconds left.\n|inactive|Belopiselo has 30 seconds left.\n|\n|t:|1776357245\n|move|p2b: Politoed|Protect|p2b: Politoed\n|-singleturn|p2b: Politoed|Protect\n|move|p1a: Money laundry|Will-O-Wisp|p2a: Archaludon\n|-status|p2a: Archaludon|brn\n|move|p2a: Archaludon|Flash Cannon|p1a: Money laundry\n|-resisted|p1a: Money laundry|2\n|-damage|p1a: Money laundry|0 fnt\n|faint|p1a: Money laundry\n|move|p1b: Evil Bubble thea|Trick Room|p1b: Evil Bubble thea\n|-fieldstart|move: Trick Room|[of] p1b: Evil Bubble thea\n|\n|-damage|p2a: Archaludon|94/100 brn|[from] brn\n|upkeep\n|\n|t:|1776357254\n|switch|p1a: Stapler|Archaludon, L50, F|100/100\n|turn|7\n|\n|t:|1776357268\n|switch|p2a: Gengar|Gengar-Mega, L50, F|100/100\n|move|p2b: Politoed|Perish Song|p2b: Politoed\n|-start|p1a: Stapler|perish3|[silent]\n|-start|p1b: Evil Bubble thea|perish3|[silent]\n|-start|p2a: Gengar|perish3|[silent]\n|-start|p2b: Politoed|perish3|[silent]\n|-fieldactivate|move: Perish Song\n|move|p1b: Evil Bubble thea|Matcha Gotcha|p2a: Gengar|[spread] p2a,p2b\n|-resisted|p2a: Gengar|1\n|-supereffective|p2b: Politoed|1\n|-damage|p2a: Gengar|85/100\n|-damage|p2b: Politoed|10/100\n|-status|p2a: Gengar|brn\n|move|p1a: Stapler|Aura Sphere|p2a: Gengar\n|-immune|p2a: Gengar\n|\n|-damage|p2a: Gengar|80/100 brn|[from] brn\n|-start|p1b: Evil Bubble thea|perish3\n|-start|p2b: Politoed|perish3\n|-start|p1a: Stapler|perish3\n|-start|p2a: Gengar|perish3\n|upkeep\n|turn|8\n|\n|t:|1776357292\n|switch|p2b: Incineroar|Incineroar, L50, M|30/100\n|-ability|p2b: Incineroar|Intimidate|boost\n|-unboost|p1a: Stapler|atk|1\n|-unboost|p1b: Evil Bubble thea|atk|1\n|move|p2a: Gengar|Protect|p2a: Gengar\n|-singleturn|p2a: Gengar|Protect\n|move|p1b: Evil Bubble thea|Matcha Gotcha|p2a: Gengar|[spread] p2b\n|-activate|p2a: Gengar|move: Protect\n|-resisted|p2b: Incineroar|1\n|-damage|p2b: Incineroar|21/100\n|move|p1a: Stapler|Flash Cannon|p2a: Gengar\n|-activate|p2a: Gengar|move: Protect\n|\n|-damage|p2a: Gengar|74/100 brn|[from] brn\n|-start|p1b: Evil Bubble thea|perish2\n|-start|p1a: Stapler|perish2\n|-start|p2a: Gengar|perish2\n|upkeep\n|turn|9\n|\n|t:|1776357314\n|switch|p2a: Archaludon|Archaludon, L50, M|94/100 brn\n|move|p1a: Stapler|Protect|p1a: Stapler\n|-singleturn|p1a: Stapler|Protect\n|move|p2b: Incineroar|Parting Shot|p1b: Evil Bubble thea\n|-unboost|p1b: Evil Bubble thea|atk|1\n|-unboost|p1b: Evil Bubble thea|spa|1\n|\n|t:|1776357321\n|switch|p2b: Gengar|Gengar-Mega, L50, F|74/100 brn|[from] Parting Shot\n|move|p1b: Evil Bubble thea|Matcha Gotcha|p2a: Archaludon|[spread] p2a,p2b\n|-resisted|p2a: Archaludon|2\n|-resisted|p2b: Gengar|1\n|-damage|p2a: Archaludon|91/100 brn\n|-damage|p2b: Gengar|64/100 brn\n|-ability|p2a: Archaludon|Stamina|boost\n|-boost|p2a: Archaludon|def|1\n|\n|-heal|p2a: Archaludon|97/100 brn|[from] item: Leftovers\n|-damage|p2a: Archaludon|91/100 brn|[from] brn\n|-damage|p2b: Gengar|58/100 brn|[from] brn\n|-start|p1b: Evil Bubble thea|perish1\n|-start|p1a: Stapler|perish1\n|upkeep\n|turn|10\n|-message|Belopiselo forfeited.\n|\n|win|Iceisnice_44\n|raw|Belopiselo's rating: 1232 &rarr; <strong>1200</strong><br />(-32 for losing)\n|raw|Iceisnice_44's rating: 1138 &rarr; <strong>1170</strong><br />(+32 for winning)\n|l|\u2606Belopiselo\n|player|p1|\n",
  "uploadtime": 1776357548,
  "views": 18,
  "formatid": "gen9championsvgc2026regma",
  "rating": 1170,
  "private": 0,
  "password": null
}