{
  "id": "gen9championsvgc2026regma-2581666573",
  "format": "[Gen 9 Champions] VGC 2026 Reg M-A",
  "players": [
    "ClassClownApple",
    "Rizz-Khalifa69"
  ],
  "log": "|j|\u2606ClassClownApple\n|j|\u2606Rizz-Khalifa69\n|t:|1776019181\n|gametype|doubles\n|player|p1|ClassClownApple|melony|1033\n|player|p2|Rizz-Khalifa69|chuck|1113\n|gen|9\n|tier|[Gen 9 Champions] VGC 2026 Reg M-A\n|rated|\n|rule|Species Clause: Limit one of each Pok\u00e9mon\n|rule|Item Clause: Limit 1 of each item\n|clearpoke\n|poke|p1|Charizard, L50, M|\n|poke|p1|Rotom-Wash, L50|\n|poke|p1|Venusaur, L50, M|\n|poke|p1|Torkoal, L50, M|\n|poke|p1|Sneasler, L50, F|\n|poke|p1|Garchomp, L50, M|\n|poke|p2|Aerodactyl, L50, F|\n|poke|p2|Tyranitar, L50, M|\n|poke|p2|Excadrill, L50, M|\n|poke|p2|Typhlosion-Hisui, L50, M|\n|poke|p2|Weavile, L50, F|\n|poke|p2|Rotom-Mow, L50|\n|teampreview|4\n|inactive|Battle timer is ON: inactive players will automatically lose when time's up. (requested by ClassClownApple)\n|\n|t:|1776019207\n|teamsize|p1|4\n|teamsize|p2|4\n|start\n|switch|p1a: Torkoal|Torkoal, L50, M|100/100\n|switch|p1b: Venusaur|Venusaur, L50, M|100/100\n|switch|p2a: Aerodactyl|Aerodactyl, L50, F|100/100\n|switch|p2b: Tyranitar|Tyranitar, L50, M|100/100\n|-weather|Sandstorm|[from] ability: Sand Stream|[of] p2b: Tyranitar\n|-weather|SunnyDay|[from] ability: Drought|[of] p1a: Torkoal\n|turn|1\n|\n|t:|1776019225\n|detailschange|p2a: Aerodactyl|Aerodactyl-Mega, L50, F\n|-mega|p2a: Aerodactyl|Aerodactyl|Aerodactylite\n|move|p1b: Venusaur|Sleep Powder|p2a: Aerodactyl\n|-status|p2a: Aerodactyl|slp|[from] move: Sleep Powder\n|cant|p2a: Aerodactyl|slp\n|move|p2b: Tyranitar|Rock Slide|p1b: Venusaur|[spread] p1b\n|-miss|p2b: Tyranitar|p1a: Torkoal\n|-damage|p1b: Venusaur|65/100\n|move|p1a: Torkoal|Eruption|p2b: Tyranitar|[spread] p2a,p2b\n|-resisted|p2a: Aerodactyl|1\n|-resisted|p2b: Tyranitar|1\n|-damage|p2a: Aerodactyl|52/100 slp\n|-damage|p2b: Tyranitar|58/100\n|\n|-weather|SunnyDay|[upkeep]\n|upkeep\n|turn|2\n|inactive|ClassClownApple has 30 seconds left.\n|inactive|Rizz-Khalifa69 has 30 seconds left.\n|\n|t:|1776019256\n|switch|p2a: Weavile|Weavile, L50, F|100/100\n|switch|p1a: Garchomp|Garchomp, L50, M|100/100\n|move|p2b: Tyranitar|Protect|p2b: Tyranitar\n|-singleturn|p2b: Tyranitar|Protect\n|move|p1b: Venusaur|Sleep Powder|p2b: Tyranitar\n|-activate|p2b: Tyranitar|move: Protect\n|\n|-weather|SunnyDay|[upkeep]\n|upkeep\n|turn|3\n|\n|t:|1776019279\n|switch|p1b: Rotom|Rotom-Wash, L50|100/100\n|move|p2a: Weavile|Fake Out|p1b: Rotom\n|-damage|p1b: Rotom|84/100\n|move|p1a: Garchomp|Rock Slide|p2b: Tyranitar|[spread] p2a,p2b\n|-supereffective|p2a: Weavile|1\n|-damage|p2a: Weavile|24/100\n|-damage|p2b: Tyranitar|42/100\n|move|p2b: Tyranitar|Knock Off|p1b: Rotom\n|-damage|p1b: Rotom|24/100\n|-enditem|p1b: Rotom|Leftovers|[from] move: Knock Off|[of] p2b: Tyranitar\n|\n|-weather|SunnyDay|[upkeep]\n|upkeep\n|turn|4\n|\n|t:|1776019301\n|switch|p2b: Aerodactyl|Aerodactyl-Mega, L50, F|52/100 slp\n|move|p1a: Garchomp|Rock Slide|p2a: Weavile|[spread] p2a,p2b\n|-supereffective|p2a: Weavile|1\n|-supereffective|p2b: Aerodactyl|1\n|-damage|p2a: Weavile|0 fnt\n|-damage|p2b: Aerodactyl|0 fnt\n|faint|p2a: Weavile\n|faint|p2b: Aerodactyl\n|move|p1b: Rotom|Will-O-Wisp|p2: Weavile|[notarget]\n|-fail|p1b: Rotom\n|\n|-weather|SunnyDay|[upkeep]\n|upkeep\n|\n|t:|1776019310\n|switch|p2b: Tyranitar|Tyranitar, L50, M|42/100\n|switch|p2a: Excadrill|Excadrill, L50, M|100/100\n|-weather|Sandstorm|[from] ability: Sand Stream|[of] p2b: Tyranitar\n|turn|5\n|\n|t:|1776019335\n|switch|p1a: Torkoal|Torkoal, L50, M|100/100\n|-weather|SunnyDay|[from] ability: Drought|[of] p1a: Torkoal\n|move|p1b: Rotom|Protect|p1b: Rotom\n|-singleturn|p1b: Rotom|Protect\n|move|p2a: Excadrill|Rock Slide|p1a: Torkoal|[spread] p1a\n|-activate|p1b: Rotom|move: Protect\n|-supereffective|p1a: Torkoal|1\n|-damage|p1a: Torkoal|69/100\n|move|p2b: Tyranitar|Dragon Dance|p2b: Tyranitar\n|-boost|p2b: Tyranitar|atk|1\n|-boost|p2b: Tyranitar|spe|1\n|\n|-weather|SunnyDay|[upkeep]\n|upkeep\n|turn|6\n|\n|t:|1776019355\n|move|p2b: Tyranitar|Rock Slide|p1b: Rotom|[spread] \n|-miss|p2b: Tyranitar|p1a: Torkoal\n|-miss|p2b: Tyranitar|p1b: Rotom\n|move|p2a: Excadrill|Rock Slide|p1a: Torkoal|[spread] p1a,p1b\n|-supereffective|p1a: Torkoal|1\n|-damage|p1a: Torkoal|34/100\n|-damage|p1b: Rotom|0 fnt\n|faint|p1b: Rotom\n|move|p1a: Torkoal|Lava Plume|p2a: Excadrill|[spread] p2a,p2b\n|-supereffective|p2a: Excadrill|1\n|-resisted|p2b: Tyranitar|1\n|-enditem|p2a: Excadrill|Focus Sash\n|-damage|p2a: Excadrill|1/100\n|-damage|p2b: Tyranitar|21/100\n|-status|p2b: Tyranitar|brn\n|\n|-weather|SunnyDay|[upkeep]\n|-damage|p2b: Tyranitar|15/100 brn|[from] brn\n|upkeep\n|\n|t:|1776019374\n|switch|p1b: Garchomp|Garchomp, L50, M|100/100\n|turn|7\n|-message|Rizz-Khalifa69 forfeited.\n|\n|win|ClassClownApple\n|raw|ClassClownApple's rating: 1033 &rarr; <strong>1076</strong><br />(+43 for winning)\n|raw|Rizz-Khalifa69's rating: 1113 &rarr; <strong>1082</strong><br />(-31 for losing)\n|l|\u2606Rizz-Khalifa69\n|player|p2|\n|l|\u2606ClassClownApple\n|player|p1|\n|j|\u2606ClassClownApple\n|player|p1|ClassClownApple|melony|\n",
  "uploadtime": 1776019399,
  "views": 17,
  "formatid": "gen9championsvgc2026regma",
  "rating": 1076,
  "private": 0,
  "password": null
}