{
  "id": "gen9championsvgc2026regma-2587098956",
  "format": "[Gen 9 Champions] VGC 2026 Reg M-A",
  "players": [
    "Longbabu123",
    "Elite Four Gerald"
  ],
  "log": "|j|\u2606Longbabu123\n|j|\u2606Elite Four Gerald\n|t:|1776493205\n|gametype|doubles\n|player|p1|Longbabu123|ghetsis|1068\n|player|p2|Elite Four Gerald|169|1086\n|gen|9\n|tier|[Gen 9 Champions] VGC 2026 Reg M-A\n|rated|\n|rule|Species Clause: Limit one of each Pok\u00e9mon\n|rule|Item Clause: Limit 1 of each item\n|clearpoke\n|poke|p1|Gengar, L50, M, shiny|\n|poke|p1|Incineroar, L50, F, shiny|\n|poke|p1|Kingambit, L50, F|\n|poke|p1|Palafin, L50, M, shiny|\n|poke|p1|Politoed, L50, M, shiny|\n|poke|p1|Sableye, L50, M, shiny|\n|poke|p2|Crabominable, L50, M|\n|poke|p2|Kingambit, L50, M, shiny|\n|poke|p2|Dragapult, L50, F, shiny|\n|poke|p2|Aerodactyl, L50, F, shiny|\n|poke|p2|Rotom-Wash, L50|\n|poke|p2|Oranguru, L50, M|\n|teampreview|4\n|inactive|Battle timer is ON: inactive players will automatically lose when time's up. (requested by Longbabu123)\n|inactive|Elite Four Gerald has 60 seconds left.\n|\n|t:|1776493255\n|teamsize|p1|4\n|teamsize|p2|4\n|start\n|switch|p1a: Gengar|Gengar, L50, M, shiny|100/100\n|switch|p1b: Sableye|Sableye, L50, M, shiny|100/100\n|switch|p2a: Dragapult|Dragapult, L50, F, shiny|100/100\n|switch|p2b: Crabominable|Crabominable, L50, M|100/100\n|turn|1\n|\n|t:|1776493275\n|switch|p2b: Kingambit|Kingambit, L50, M, shiny|100/100\n|detailschange|p1a: Gengar|Gengar-Mega, L50, M, shiny\n|-mega|p1a: Gengar|Gengar|Gengarite\n|move|p1b: Sableye|Fake Out|p2b: Kingambit\n|-resisted|p2b: Kingambit|1\n|-damage|p2b: Kingambit|98/100\n|move|p2a: Dragapult|Shadow Ball|p1a: Gengar\n|-supereffective|p1a: Gengar|1\n|-damage|p1a: Gengar|11/100\n|-unboost|p1a: Gengar|spd|1\n|move|p1a: Gengar|Perish Song|p1a: Gengar\n|-start|p1a: Gengar|perish3|[silent]\n|-start|p1b: Sableye|perish3|[silent]\n|-start|p2a: Dragapult|perish3|[silent]\n|-start|p2b: Kingambit|perish3|[silent]\n|-fieldactivate|move: Perish Song\n|\n|-start|p2a: Dragapult|perish3\n|-start|p1a: Gengar|perish3\n|-start|p2b: Kingambit|perish3\n|-start|p1b: Sableye|perish3\n|upkeep\n|turn|2\n|inactive|Longbabu123 has 30 seconds left.\n|inactive|Longbabu123 has 20 seconds left.\n|inactive|Longbabu123 has 15 seconds left.\n|\n|t:|1776493317\n|move|p1a: Gengar|Protect|p1a: Gengar\n|-singleturn|p1a: Gengar|Protect\n|move|p1b: Sableye|Disable|p2b: Kingambit\n|-hint|Since gen 7, Dark is immune to Prankster moves.\n|-immune|p2b: Kingambit\n|move|p2a: Dragapult|Shadow Ball|p1a: Gengar\n|-activate|p1a: Gengar|move: Protect\n|move|p2b: Kingambit|Kowtow Cleave|p1b: Sableye\n|-damage|p1b: Sableye|45/100\n|\n|-start|p2a: Dragapult|perish2\n|-start|p1a: Gengar|perish2\n|-start|p1b: Sableye|perish2\n|-start|p2b: Kingambit|perish2\n|upkeep\n|turn|3\n|\n|t:|1776493346\n|move|p1a: Gengar|Protect||[still]\n|-fail|p1a: Gengar\n|move|p1b: Sableye|Disable|p2a: Dragapult\n|-start|p2a: Dragapult|Disable|Shadow Ball\n|move|p2a: Dragapult|Draco Meteor|p1a: Gengar\n|-damage|p1a: Gengar|0 fnt\n|-unboost|p2a: Dragapult|spa|2\n|faint|p1a: Gengar\n|move|p2b: Kingambit|Kowtow Cleave|p1b: Sableye\n|-damage|p1b: Sableye|0 fnt\n|faint|p1b: Sableye\n|\n|-start|p2a: Dragapult|perish1\n|-start|p2b: Kingambit|perish1\n|upkeep\n|\n|t:|1776493365\n|switch|p1a: Incineroar|Incineroar, L50, F, shiny|100/100\n|switch|p1b: Kingambit|Kingambit, L50, F|100/100\n|-ability|p1a: Incineroar|Intimidate|boost\n|-unboost|p2a: Dragapult|atk|1\n|-unboost|p2b: Kingambit|atk|1\n|-ability|p2b: Kingambit|Defiant|boost\n|-boost|p2b: Kingambit|atk|2\n|turn|4\n|inactive|Longbabu123 has 30 seconds left.\n|\n|t:|1776493395\n|switch|p2a: Crabominable|Crabominable, L50, M|100/100\n|switch|p2b: Oranguru|Oranguru, L50, M|100/100\n|move|p1a: Incineroar|Fake Out|p2b: Oranguru\n|-damage|p2b: Oranguru|88/100\n|move|p1b: Kingambit|Kowtow Cleave|p2a: Crabominable\n|-resisted|p2a: Crabominable|1\n|-damage|p2a: Crabominable|68/100\n|\n|upkeep\n|turn|5\n|-message|Longbabu123 forfeited.\n|\n|win|Elite Four Gerald\n|raw|Longbabu123's rating: 1068 &rarr; <strong>1049</strong><br />(-19 for losing)\n|raw|Elite Four Gerald's rating: 1086 &rarr; <strong>1112</strong><br />(+26 for winning)\n|l|\u2606Longbabu123\n|player|p1|\n",
  "uploadtime": 1776493410,
  "views": 14,
  "formatid": "gen9championsvgc2026regma",
  "rating": 1049,
  "private": 0,
  "password": null
}