{
  "id": "gen9championsvgc2026regma-2586371210",
  "format": "[Gen 9 Champions] VGC 2026 Reg M-A",
  "players": [
    "yukideee",
    "spamequake"
  ],
  "log": "|j|\u2606yukideee\n|j|\u2606spamequake\n|t:|1776429639\n|gametype|doubles\n|player|p1|yukideee|cynthia-masters4|1113\n|player|p2|spamequake|roughneck|1111\n|gen|9\n|tier|[Gen 9 Champions] VGC 2026 Reg M-A\n|rated|\n|rule|Species Clause: Limit one of each Pok\u00e9mon\n|rule|Item Clause: Limit 1 of each item\n|clearpoke\n|poke|p1|Sinistcha-Masterpiece, L50|\n|poke|p1|Pelipper, L50, M|\n|poke|p1|Basculegion, L50, M|\n|poke|p1|Scizor, L50, M|\n|poke|p1|Alakazam, L50, F|\n|poke|p1|Drampa, L50, M|\n|poke|p2|Froslass, L50, F|\n|poke|p2|Kingambit, L50, M|\n|poke|p2|Sneasler, L50, F|\n|poke|p2|Garchomp, L50, F|\n|poke|p2|Rotom-Heat, L50|\n|poke|p2|Farigiraf, L50, F|\n|teampreview|4\n|inactive|Battle timer is ON: inactive players will automatically lose when time's up. (requested by spamequake)\n|inactive|yukideee also wants the timer to be on.\n|inactive|spamequake has 60 seconds left.\nyukideee rejected open team sheets.\n|\n|t:|1776429677\n|teamsize|p1|4\n|teamsize|p2|4\n|start\n|switch|p1a: Alakazam|Alakazam, L50, F|100/100\n|switch|p1b: Drampa|Drampa, L50, M|100/100\n|switch|p2a: Froslass|Froslass, L50, F|100/100\n|switch|p2b: Rotom|Rotom-Heat, L50|100/100\n|-ability|p1b: Drampa|Cloud Nine\n|turn|1\n|\n|t:|1776429688\n|detailschange|p2a: Froslass|Froslass-Mega, L50, F\n|-mega|p2a: Froslass|Froslass|Froslassite\n|-weather|Snowscape|[from] ability: Snow Warning|[of] p2a: Froslass\n|move|p2b: Rotom|Shadow Ball|p1a: Alakazam\n|-supereffective|p1a: Alakazam|1\n|-crit|p1a: Alakazam\n|-damage|p1a: Alakazam|0 fnt\n|faint|p1a: Alakazam\n|move|p2a: Froslass|Blizzard|p1b: Drampa|[miss]\n|-miss|p2a: Froslass|p1b: Drampa\n|move|p1b: Drampa|Calm Mind|p1b: Drampa\n|-boost|p1b: Drampa|spa|1\n|-boost|p1b: Drampa|spd|1\n|\n|-weather|Snowscape|[upkeep]\n|upkeep\n|\n|t:|1776429700\n|switch|p1a: Pelipper|Pelipper, L50, M|100/100\n|-weather|RainDance|[from] ability: Drizzle|[of] p1a: Pelipper\n|turn|2\n|\n|t:|1776429716\n|switch|p2a: Garchomp|Garchomp, L50, F|100/100\n|move|p1b: Drampa|Protect|p1b: Drampa\n|-singleturn|p1b: Drampa|Protect\n|move|p2b: Rotom|Shadow Ball|p1a: Pelipper\n|-damage|p1a: Pelipper|51/100\n|move|p1a: Pelipper|Tailwind|p1a: Pelipper\n|-sidestart|p1: yukideee|move: Tailwind\n|\n|-weather|RainDance|[upkeep]\n|upkeep\n|turn|3\n|\n|t:|1776429733\n|detailschange|p1b: Drampa|Drampa-Mega, L50, M\n|-mega|p1b: Drampa|Drampa|Drampanite\n|move|p1a: Pelipper|Hurricane|p2a: Garchomp\n|-damage|p2a: Garchomp|59/100\n|-start|p2a: Garchomp|confusion\n|move|p2b: Rotom|Shadow Ball|p1a: Pelipper\n|-damage|p1a: Pelipper|7/100\n|-unboost|p1a: Pelipper|spd|1\n|-activate|p2a: Garchomp|confusion\n|move|p2a: Garchomp|Dragon Claw|p1b: Drampa\n|-supereffective|p1b: Drampa|1\n|-crit|p1b: Drampa\n|-damage|p1b: Drampa|0 fnt\n|faint|p1b: Drampa\n|\n|-weather|RainDance|[upkeep]\n|upkeep\n|\n|t:|1776429750\n|switch|p1b: Basculegion|Basculegion, L50, M|100/100\n|turn|4\n|\n|t:|1776429767\n|switch|p2a: Froslass|Froslass-Mega, L50, F|100/100\n|-weather|Snowscape|[from] ability: Snow Warning|[of] p2a: Froslass\n|move|p1b: Basculegion|Wave Crash|p2b: Rotom\n|-supereffective|p2b: Rotom|1\n|-damage|p2b: Rotom|0 fnt\n|faint|p2b: Rotom\n|-damage|p1b: Basculegion|79/100|[from] Recoil\n|move|p1a: Pelipper|Weather Ball|p2a: Froslass\n|-resisted|p2a: Froslass|1\n|-damage|p2a: Froslass|86/100\n|\n|-weather|Snowscape|[upkeep]\n|upkeep\n|\n|t:|1776429775\n|switch|p2b: Sneasler|Sneasler, L50, F|100/100\n|turn|5\n|\n|t:|1776429782\n|move|p2b: Sneasler|Fake Out|p1a: Pelipper\n|-damage|p1a: Pelipper|0 fnt\n|faint|p1a: Pelipper\n|move|p1b: Basculegion|Wave Crash|p2a: Froslass\n|-damage|p2a: Froslass|3/100\n|-damage|p1b: Basculegion|59/100|[from] Recoil\n|move|p2a: Froslass|Shadow Ball|p1b: Basculegion\n|-supereffective|p1b: Basculegion|1\n|-damage|p1b: Basculegion|0 fnt\n|faint|p1b: Basculegion\n|\n|win|spamequake\n|raw|yukideee's rating: 1113 &rarr; <strong>1088</strong><br />(-25 for losing)\n|raw|spamequake's rating: 1111 &rarr; <strong>1136</strong><br />(+25 for winning)\n",
  "uploadtime": 1776429782,
  "views": 24,
  "formatid": "gen9championsvgc2026regma",
  "rating": 1088,
  "private": 0,
  "password": null
}