{
  "id": "gen9championsvgc2026regma-2588275429",
  "format": "[Gen 9 Champions] VGC 2026 Reg M-A",
  "players": [
    "chimbuotza",
    "labaladecos"
  ],
  "log": "|j|\u2606chimbuotza\n|j|\u2606labaladecos\n|t:|1776620170\n|gametype|doubles\n|player|p1|chimbuotza|dancer|1403\n|player|p2|labaladecos|hugh|1366\n|gen|9\n|tier|[Gen 9 Champions] VGC 2026 Reg M-A\n|rated|\n|rule|Species Clause: Limit one of each Pok\u00e9mon\n|rule|Item Clause: Limit 1 of each item\n|clearpoke\n|poke|p1|Froslass, L50, F, shiny|\n|poke|p1|Kingambit, L50, M|\n|poke|p1|Sneasler, L50, F|\n|poke|p1|Palafin, L50, M|\n|poke|p1|Sinistcha, L50|\n|poke|p1|Arcanine-Hisui, L50, F|\n|poke|p2|Dragonite, L50, F|\n|poke|p2|Pelipper, L50, F|\n|poke|p2|Archaludon, L50, F|\n|poke|p2|Basculegion, L50, M|\n|poke|p2|Gengar, L50, M|\n|poke|p2|Scizor, L50, F|\n|teampreview|4\n|inactive|Battle timer is ON: inactive players will automatically lose when time's up. (requested by chimbuotza)\n|inactive|chimbuotza has 60 seconds left.\n|\n|t:|1776620213\n|teamsize|p1|4\n|teamsize|p2|4\n|start\n|switch|p1a: Froslass|Froslass, L50, F, shiny|100/100\n|switch|p1b: Kingambit|Kingambit, L50, M|100/100\n|switch|p2a: Pelipper|Pelipper, L50, F|100/100\n|switch|p2b: Basculegion|Basculegion, L50, M|100/100\n|-weather|RainDance|[from] ability: Drizzle|[of] p2a: Pelipper\n|turn|1\n|inactive|labaladecos has 30 seconds left.\n|\n|t:|1776620241\n|switch|p2b: Scizor|Scizor, L50, F|100/100\n|detailschange|p1a: Froslass|Froslass-Mega, L50, F, shiny\n|-mega|p1a: Froslass|Froslass|Froslassite\n|-weather|Snowscape|[from] ability: Snow Warning|[of] p1a: Froslass\n|move|p1b: Kingambit|Sucker Punch||[still]\n|-fail|p1b: Kingambit\n|move|p1a: Froslass|Blizzard|p2a: Pelipper|[spread] p2a,p2b\n|-resisted|p2b: Scizor|1\n|-crit|p2b: Scizor\n|-damage|p2a: Pelipper|50/100\n|-damage|p2b: Scizor|59/100\n|move|p2a: Pelipper|Weather Ball|p1b: Kingambit\n|-resisted|p1b: Kingambit|1\n|-damage|p1b: Kingambit|88/100\n|\n|-weather|Snowscape|[upkeep]\n|upkeep\n|turn|2\n|inactive|labaladecos has 30 seconds left.\n|\n|t:|1776620272\n|switch|p1a: Arcanine|Arcanine-Hisui, L50, F|100/100\n|-ability|p1a: Arcanine|Intimidate|boost\n|-unboost|p2a: Pelipper|atk|1\n|-unboost|p2b: Scizor|atk|1\n|switch|p2a: Basculegion|Basculegion, L50, M|100/100\n|detailschange|p2b: Scizor|Scizor-Mega, L50, F\n|-mega|p2b: Scizor|Scizor|Scizorite\n|move|p2b: Scizor|Bullet Punch|p1a: Arcanine\n|-damage|p1a: Arcanine|67/100\n|move|p1b: Kingambit|Kowtow Cleave|p2b: Scizor\n|-damage|p2b: Scizor|13/100\n|\n|-weather|Snowscape|[upkeep]\n|upkeep\n|turn|3\n|\n|t:|1776620289\n|move|p1a: Arcanine|Extreme Speed|p2b: Scizor\n|-resisted|p2b: Scizor|1\n|-damage|p2b: Scizor|3/100\n|move|p2a: Basculegion|Aqua Jet|p1a: Arcanine\n|-supereffective|p1a: Arcanine|2\n|-damage|p1a: Arcanine|0 fnt\n|faint|p1a: Arcanine\n|move|p2b: Scizor|Close Combat|p1b: Kingambit\n|-supereffective|p1b: Kingambit|2\n|-damage|p1b: Kingambit|0 fnt\n|-unboost|p2b: Scizor|def|1\n|-unboost|p2b: Scizor|spd|1\n|faint|p1b: Kingambit\n|\n|-weather|Snowscape|[upkeep]\n|upkeep\n|\n|t:|1776620293\n|switch|p1a: Froslass|Froslass-Mega, L50, F, shiny|100/100\n|switch|p1b: Sneasler|Sneasler, L50, F|100/100\n|turn|4\n|\n|t:|1776620311\n|switch|p2b: Pelipper|Pelipper, L50, F|50/100\n|-weather|RainDance|[from] ability: Drizzle|[of] p2b: Pelipper\n|move|p1a: Froslass|Protect|p1a: Froslass\n|-singleturn|p1a: Froslass|Protect\n|move|p2a: Basculegion|Wave Crash|p1b: Sneasler\n|-damage|p1b: Sneasler|0 fnt\n|faint|p1b: Sneasler\n|-damage|p2a: Basculegion|75/100|[from] Recoil\n|\n|-weather|RainDance|[upkeep]\n|upkeep\n|turn|5\n|-message|chimbuotza forfeited.\n|\n|win|labaladecos\n|raw|chimbuotza's rating: 1403 &rarr; <strong>1381</strong><br />(-22 for losing)\n|raw|labaladecos's rating: 1366 &rarr; <strong>1388</strong><br />(+22 for winning)\n|l|\u2606chimbuotza\n|player|p1|\n",
  "uploadtime": 1776620331,
  "views": 11,
  "formatid": "gen9championsvgc2026regma",
  "rating": 1381,
  "private": 0,
  "password": null
}