{
  "id": "gen9championsvgc2026regma-2586333993",
  "format": "[Gen 9 Champions] VGC 2026 Reg M-A",
  "players": [
    "hotdiggitydawgs",
    "tsukifrombilllie"
  ],
  "log": "|j|\u2606hotdiggitydawgs\n|j|\u2606tsukifrombilllie\n|t:|1776426282\n|gametype|doubles\n|player|p1|hotdiggitydawgs|101|1246\n|player|p2|tsukifrombilllie|lyra|1219\n|gen|9\n|tier|[Gen 9 Champions] VGC 2026 Reg M-A\n|rated|\n|rule|Species Clause: Limit one of each Pok\u00e9mon\n|rule|Item Clause: Limit 1 of each item\n|clearpoke\n|poke|p1|Pelipper, L50, F|\n|poke|p1|Archaludon, L50, M|\n|poke|p1|Basculegion, L50, M|\n|poke|p1|Meganium, L50, M|\n|poke|p1|Incineroar, L50, F|\n|poke|p1|Sinistcha, L50|\n|poke|p2|Meganium, L50, M|\n|poke|p2|Excadrill, L50, M|\n|poke|p2|Tyranitar, L50, M|\n|poke|p2|Rotom-Wash, L50|\n|poke|p2|Dragapult, L50, F|\n|poke|p2|Sneasler, L50, F|\n|teampreview|4\nhotdiggitydawgs has agreed to open team sheets.\n|inactive|Battle timer is ON: inactive players will automatically lose when time's up. (requested by tsukifrombilllie)\n|\n|t:|1776426308\n|teamsize|p1|4\n|teamsize|p2|4\n|start\n|switch|p1a: Meganium|Meganium, L50, M|100/100\n|switch|p1b: Basculegion|Basculegion, L50, M|100/100\n|switch|p2a: Dragapult|Dragapult, L50, F, shiny|100/100\n|switch|p2b: Sneasler|Sneasler, L50, F|100/100\n|turn|1\n|\n|t:|1776426329\n|detailschange|p1a: Meganium|Meganium-Mega, L50, M\n|-mega|p1a: Meganium|Meganium|Meganiumite\n|move|p2b: Sneasler|Protect|p2b: Sneasler\n|-singleturn|p2b: Sneasler|Protect\n|move|p1a: Meganium|Protect|p1a: Meganium\n|-singleturn|p1a: Meganium|Protect\n|move|p2a: Dragapult|Phantom Force||[still]\n|-prepare|p2a: Dragapult|Phantom Force\n|move|p1b: Basculegion|Flip Turn|p2b: Sneasler\n|-activate|p2b: Sneasler|move: Protect\n|\n|upkeep\n|turn|2\n|inactive|hotdiggitydawgs has 30 seconds left.\n|\n|t:|1776426360\n|switch|p1b: Pelipper|Pelipper, L50, F|100/100\n|-weather|RainDance|[from] ability: Drizzle|[of] p1b: Pelipper\n|switch|p1a: Sinistcha|Sinistcha, L50|100/100\n|move|p2a: Dragapult|Phantom Force|p1b: Pelipper|[from] lockedmove\n|-damage|p1b: Pelipper|43/100\n|move|p2b: Sneasler|Dire Claw|p1a: Sinistcha\n|-damage|p1a: Sinistcha|68/100\n|\n|-weather|RainDance|[upkeep]\n|upkeep\n|turn|3\n|inactive|tsukifrombilllie has 30 seconds left.\n|\n|t:|1776426388\n|move|p1a: Sinistcha|Rage Powder|p1a: Sinistcha\n|-singleturn|p1a: Sinistcha|move: Rage Powder\n|move|p2a: Dragapult|Phantom Force||[still]\n|-prepare|p2a: Dragapult|Phantom Force\n|move|p2b: Sneasler|Dire Claw|p1a: Sinistcha\n|-damage|p1a: Sinistcha|32/100\n|-status|p1a: Sinistcha|psn\n|-enditem|p1a: Sinistcha|Sitrus Berry|[eat]\n|-heal|p1a: Sinistcha|57/100 psn|[from] item: Sitrus Berry\n|move|p1b: Pelipper|Tailwind|p1b: Pelipper\n|-sidestart|p1: hotdiggitydawgs|move: Tailwind\n|\n|-weather|RainDance|[upkeep]\n|-damage|p1a: Sinistcha|45/100 psn|[from] psn\n|upkeep\n|turn|4\n|\n|t:|1776426404\n|switch|p1a: Meganium|Meganium-Mega, L50, M|100/100\n|switch|p2b: Tyranitar|Tyranitar, L50, M, shiny|100/100\n|-weather|Sandstorm|[from] ability: Sand Stream|[of] p2b: Tyranitar\n|move|p1b: Pelipper|Hurricane|p2b: Tyranitar|[miss]\n|-miss|p1b: Pelipper|p2b: Tyranitar\n|move|p2a: Dragapult|Phantom Force|p1a: Meganium|[from] lockedmove\n|-damage|p1a: Meganium|62/100\n|\n|-weather|Sandstorm|[upkeep]\n|-damage|p1b: Pelipper|37/100|[from] Sandstorm\n|-damage|p1a: Meganium|56/100|[from] Sandstorm\n|-damage|p2a: Dragapult|94/100|[from] Sandstorm\n|upkeep\n|turn|5\n|inactive|tsukifrombilllie has 30 seconds left.\n|\n|t:|1776426432\n|switch|p1b: Sinistcha|Sinistcha, L50|45/100 psn\n|-heal|p1a: Meganium|81/100|[from] ability: Hospitality|[of] p1b: Sinistcha\n|switch|p2a: Sneasler|Sneasler, L50, F|100/100\n|move|p1a: Meganium|Dazzling Gleam|p2b: Tyranitar|[spread] p2a,p2b\n|-supereffective|p2b: Tyranitar|1\n|-damage|p2a: Sneasler|52/100\n|-damage|p2b: Tyranitar|32/100\n|move|p2b: Tyranitar|Rock Slide|p1b: Sinistcha|[spread] p1a,p1b\n|-crit|p1b: Sinistcha\n|-damage|p1a: Meganium|53/100\n|-damage|p1b: Sinistcha|3/100 psn\n|\n|-weather|Sandstorm|[upkeep]\n|-damage|p1a: Meganium|47/100|[from] Sandstorm\n|-damage|p1b: Sinistcha|0 fnt|[from] Sandstorm\n|-damage|p2a: Sneasler|46/100|[from] Sandstorm\n|faint|p1b: Sinistcha\n|upkeep\n|\n|t:|1776426456\n|switch|p1b: Basculegion|Basculegion, L50, M|100/100\n|turn|6\n|\n|t:|1776426472\n|move|p2a: Sneasler|Protect|p2a: Sneasler\n|-singleturn|p2a: Sneasler|Protect\n|move|p2b: Tyranitar|Protect|p2b: Tyranitar\n|-singleturn|p2b: Tyranitar|Protect\n|move|p1b: Basculegion|Flip Turn|p2b: Tyranitar\n|-activate|p2b: Tyranitar|move: Protect\n|move|p1a: Meganium|Dazzling Gleam|p2b: Tyranitar|[spread] \n|-activate|p2a: Sneasler|move: Protect\n|-activate|p2b: Tyranitar|move: Protect\n|\n|-weather|Sandstorm|[upkeep]\n|-damage|p1b: Basculegion|94/100|[from] Sandstorm\n|-damage|p1a: Meganium|41/100|[from] Sandstorm\n|-damage|p2a: Sneasler|40/100|[from] Sandstorm\n|-sideend|p1: hotdiggitydawgs|move: Tailwind\n|upkeep\n|turn|7\n|\n|t:|1776426489\n|move|p1a: Meganium|Protect|p1a: Meganium\n|-singleturn|p1a: Meganium|Protect\n|move|p1b: Basculegion|Flip Turn|p2b: Tyranitar\n|-supereffective|p2b: Tyranitar|1\n|-damage|p2b: Tyranitar|0 fnt\n|faint|p2b: Tyranitar\n|\n|t:|1776426494\n|switch|p1b: Pelipper|Pelipper, L50, F|37/100|[from] Flip Turn\n|-weather|RainDance|[from] ability: Drizzle|[of] p1b: Pelipper\n|move|p2a: Sneasler|Dire Claw|p1a: Meganium\n|-activate|p1a: Meganium|move: Protect\n|\n|-weather|RainDance|[upkeep]\n|upkeep\n|\n|t:|1776426511\n|switch|p2b: Meganium|Meganium, L50, M, shiny|100/100\n|turn|8\n|\n|t:|1776426532\n|detailschange|p2b: Meganium|Meganium-Mega, L50, M, shiny\n|-mega|p2b: Meganium|Meganium|Meganiumite\n|move|p1a: Meganium|Protect|p1a: Meganium\n|-singleturn|p1a: Meganium|Protect\n|move|p2a: Sneasler|Dire Claw|p1b: Pelipper\n|-damage|p1b: Pelipper|0 fnt\n|faint|p1b: Pelipper\n|move|p2b: Meganium|Weather Ball|p1a: Meganium\n|-activate|p1a: Meganium|move: Protect\n|\n|-weather|RainDance|[upkeep]\n|upkeep\n|\n|t:|1776426540\n|switch|p1b: Basculegion|Basculegion, L50, M|94/100\n|turn|9\n|\n|t:|1776426552\n|move|p1b: Basculegion|Last Respects|p2a: Sneasler\n|-damage|p2a: Sneasler|0 fnt\n|faint|p2a: Sneasler\n|move|p1a: Meganium|Weather Ball|p2b: Meganium\n|-supereffective|p2b: Meganium|1\n|-damage|p2b: Meganium|0 fnt\n|faint|p2b: Meganium\n|\n|-weather|RainDance|[upkeep]\n|upkeep\n|\n|t:|1776426562\n|switch|p2b: Dragapult|Dragapult, L50, F, shiny|94/100\n|turn|10\n|\n|t:|1776426568\n|move|p2b: Dragapult|Phantom Force||[still]\n|-prepare|p2b: Dragapult|Phantom Force\n|move|p1b: Basculegion|Last Respects|p2b: Dragapult|[miss]\n|-miss|p1b: Basculegion|p2b: Dragapult\n|move|p1a: Meganium|Dazzling Gleam|p2b: Dragapult|[miss]\n|-miss|p1a: Meganium|p2b: Dragapult\n|\n|-weather|RainDance|[upkeep]\n|upkeep\n|turn|11\n|\n|t:|1776426576\n|move|p2b: Dragapult|Phantom Force|p1b: Basculegion|[from] lockedmove\n|-supereffective|p1b: Basculegion|1\n|-damage|p1b: Basculegion|0 fnt\n|faint|p1b: Basculegion\n|move|p1a: Meganium|Dazzling Gleam|p2b: Dragapult\n|-supereffective|p2b: Dragapult|1\n|-damage|p2b: Dragapult|0 fnt\n|faint|p2b: Dragapult\n|\n|win|hotdiggitydawgs\n|raw|hotdiggitydawgs's rating: 1246 &rarr; <strong>1269</strong><br />(+23 for winning)\n|raw|tsukifrombilllie's rating: 1219 &rarr; <strong>1196</strong><br />(-23 for losing)\n",
  "uploadtime": 1776426582,
  "views": 33,
  "formatid": "gen9championsvgc2026regma",
  "rating": 1196,
  "private": 0,
  "password": null
}