{
  "id": "gen9championsvgc2026regma-2587048408",
  "format": "[Gen 9 Champions] VGC 2026 Reg M-A",
  "players": [
    "slimejrlegit",
    "JDizzle98"
  ],
  "log": "|j|\u2606slimejrlegit\n|j|\u203dJDizzle98\n|t:|1776486639\n|gametype|doubles\n|player|p1|slimejrlegit|brawly|1186\n|player|p2|JDizzle98|colress|1113\n|gen|9\n|tier|[Gen 9 Champions] VGC 2026 Reg M-A\n|rated|\n|rule|Species Clause: Limit one of each Pok\u00e9mon\n|rule|Item Clause: Limit 1 of each item\n|clearpoke\n|poke|p1|Sinistcha, L50|\n|poke|p1|Tyranitar, L50, F|\n|poke|p1|Gengar, L50, M|\n|poke|p1|Sableye, L50, M, shiny|\n|poke|p1|Whimsicott, L50, F|\n|poke|p1|Sneasler, L50, M|\n|poke|p2|Aerodactyl, L50, F|\n|poke|p2|Garchomp, L50, F|\n|poke|p2|Floette-Eternal, L50, F|\n|poke|p2|Basculegion, L50, M|\n|poke|p2|Kingambit, L50, M|\n|poke|p2|Sneasler, L50, F, shiny|\n|teampreview|4\n|inactive|Battle timer is ON: inactive players will automatically lose when time's up. (requested by slimejrlegit)\n|\n|t:|1776486668\n|teamsize|p1|4\n|teamsize|p2|4\n|start\n|switch|p1a: Sneasler|Sneasler, L50, M|100/100\n|switch|p1b: Gengar|Gengar, L50, M|100/100\n|switch|p2a: Sneasler|Sneasler, L50, F, shiny|100/100\n|switch|p2b: Basculegion|Basculegion, L50, M|100/100\n|turn|1\n|inactive|slimejrlegit has 30 seconds left.\n|\n|t:|1776486696\n|detailschange|p1b: Gengar|Gengar-Mega, L50, M\n|-mega|p1b: Gengar|Gengar|Gengarite\n|move|p2a: Sneasler|Fake Out|p1a: Sneasler\n|-damage|p1a: Sneasler|78/100\n|cant|p1a: Sneasler|flinch\n|move|p1b: Gengar|Shadow Ball|p2b: Basculegion\n|-supereffective|p2b: Basculegion|1\n|-damage|p2b: Basculegion|0 fnt\n|faint|p2b: Basculegion\n|\n|upkeep\n|\n|t:|1776486715\n|switch|p2b: Kingambit|Kingambit, L50, M|100/100\n|turn|2\n|\n|t:|1776486726\n|switch|p1a: Sableye|Sableye, L50, M, shiny|100/100\n|move|p2b: Kingambit|Protect|p2b: Kingambit\n|-singleturn|p2b: Kingambit|Protect\n|move|p1b: Gengar|Perish Song|p1b: Gengar\n|-start|p1a: Sableye|perish3|[silent]\n|-start|p1b: Gengar|perish3|[silent]\n|-start|p2a: Sneasler|perish3|[silent]\n|-start|p2b: Kingambit|perish3|[silent]\n|-fieldactivate|move: Perish Song\n|move|p2a: Sneasler|Coaching|p2b: Kingambit\n|-boost|p2b: Kingambit|atk|1\n|-boost|p2b: Kingambit|def|1\n|\n|-start|p1b: Gengar|perish3\n|-start|p2a: Sneasler|perish3\n|-start|p2b: Kingambit|perish3\n|-start|p1a: Sableye|perish3\n|upkeep\n|turn|3\n|\n|t:|1776486748\n|move|p1a: Sableye|Gravity|p1a: Sableye\n|-fieldstart|move: Gravity\n|move|p1b: Gengar|Hypnosis|p2b: Kingambit\n|-status|p2b: Kingambit|slp|[from] move: Hypnosis\n|move|p2a: Sneasler|Dire Claw|p1b: Gengar\n|-resisted|p1b: Gengar|2\n|-damage|p1b: Gengar|83/100\n|cant|p2b: Kingambit|slp\n|\n|-start|p1b: Gengar|perish2\n|-start|p2a: Sneasler|perish2\n|-start|p2b: Kingambit|perish2\n|-start|p1a: Sableye|perish2\n|upkeep\n|turn|4\n|l|\u203dJDizzle98\n|inactive|JDizzle98 disconnected and has a minute to reconnect!\n|player|p2|\n|\n|t:|1776486772\n|switch|p1a: Sneasler|Sneasler, L50, M|78/100\n|move|p1b: Gengar|Hypnosis|p2a: Sneasler\n|-status|p2a: Sneasler|slp|[from] move: Hypnosis\n|cant|p2a: Sneasler|slp\n|cant|p2b: Kingambit|slp\n|\n|-start|p1b: Gengar|perish1\n|-start|p2a: Sneasler|perish1\n|-start|p2b: Kingambit|perish1\n|upkeep\n|turn|5\n|inactive|JDizzle98 has 30 seconds left.\n|inactive|JDizzle98 has 20 seconds left.\n|inactive|JDizzle98 has 15 seconds left.\n|inactive|JDizzle98 has 10 seconds left.\n|inactive|JDizzle98 has 5 seconds left.\n|-message|JDizzle98 lost due to inactivity.\n|\n|win|slimejrlegit\n|raw|slimejrlegit's rating: 1186 &rarr; <strong>1206</strong><br />(+20 for winning)\n|raw|JDizzle98's rating: 1113 &rarr; <strong>1093</strong><br />(-20 for losing)\n",
  "uploadtime": 1776487037,
  "views": 20,
  "formatid": "gen9championsvgc2026regma",
  "rating": 1093,
  "private": 0,
  "password": null
}