{
  "id": "gen9championsvgc2026regma-2587420522",
  "format": "[Gen 9 Champions] VGC 2026 Reg M-A",
  "players": [
    "kromkrux",
    "JZ21"
  ],
  "log": "|j|\u2606kromkrux\n|j|\u2606JZ21\n|t:|1776530331\n|gametype|doubles\n|player|p1|kromkrux|169|1156\n|player|p2|JZ21|brendan-e|1177\n|gen|9\n|tier|[Gen 9 Champions] VGC 2026 Reg M-A\n|rated|\n|rule|Species Clause: Limit one of each Pok\u00e9mon\n|rule|Item Clause: Limit 1 of each item\n|clearpoke\n|poke|p1|Blastoise, L50, M, shiny|\n|poke|p1|Basculegion, L50, M|\n|poke|p1|Aerodactyl, L50, M|\n|poke|p1|Archaludon, L50, F, shiny|\n|poke|p1|Meganium, L50, M|\n|poke|p1|Incineroar, L50, F|\n|poke|p2|Froslass, L50, F, shiny|\n|poke|p2|Sneasler, L50, M, shiny|\n|poke|p2|Kingambit, L50, M, shiny|\n|poke|p2|Milotic, L50, F, shiny|\n|poke|p2|Aerodactyl, L50, M, shiny|\n|poke|p2|Sinistcha, L50, shiny|\n|teampreview|4\n|inactive|Battle timer is ON: inactive players will automatically lose when time's up. (requested by JZ21)\n|\n|t:|1776530390\n|teamsize|p1|4\n|teamsize|p2|4\n|start\n|switch|p1a: Meganium|Meganium, L50, M|100/100\n|switch|p1b: Aerodactyl|Aerodactyl, L50, M|100/100\n|switch|p2a: SixSeven|Froslass, L50, F, shiny|100/100\n|switch|p2b: Aeroduck|Aerodactyl, L50, M, shiny|100/100\n|-ability|p2b: Aeroduck|Unnerve\n|turn|1\n|inactive|JZ21 has 30 seconds left.\n|inactive|JZ21 has 20 seconds left.\n|inactive|JZ21 has 15 seconds left.\n|\n|t:|1776530433\n|detailschange|p1a: Meganium|Meganium-Mega, L50, M\n|-mega|p1a: Meganium|Meganium|Meganiumite\n|move|p2a: SixSeven|Protect|p2a: SixSeven\n|-singleturn|p2a: SixSeven|Protect\n|move|p2b: Aeroduck|Tailwind|p2b: Aeroduck\n|-sidestart|p2: JZ21|move: Tailwind\n|move|p1b: Aerodactyl|Tailwind|p1b: Aerodactyl\n|-sidestart|p1: kromkrux|move: Tailwind\n|move|p1a: Meganium|Weather Ball|p2a: SixSeven\n|-activate|p2a: SixSeven|move: Protect\n|\n|upkeep\n|turn|2\n|\n|t:|1776530456\n|detailschange|p2a: SixSeven|Froslass-Mega, L50, F, shiny\n|-mega|p2a: SixSeven|Froslass|Froslassite\n|-weather|Snowscape|[from] ability: Snow Warning|[of] p2a: SixSeven\n|move|p1b: Aerodactyl|Rock Slide|p2b: Aeroduck|[spread] p2a,p2b\n|-supereffective|p2a: SixSeven|1\n|-crit|p2a: SixSeven\n|-supereffective|p2b: Aeroduck|1\n|-damage|p2a: SixSeven|19/100\n|-damage|p2b: Aeroduck|15/100\n|cant|p2b: Aeroduck|flinch\n|move|p2a: SixSeven|Blizzard|p1b: Aerodactyl|[spread] p1a,p1b\n|-supereffective|p1a: Meganium|1\n|-crit|p1a: Meganium\n|-supereffective|p1b: Aerodactyl|1\n|-damage|p1a: Meganium|0 fnt\n|-enditem|p1b: Aerodactyl|Focus Sash\n|-damage|p1b: Aerodactyl|1/100\n|faint|p1a: Meganium\n|\n|-weather|Snowscape|[upkeep]\n|upkeep\n|\n|t:|1776530475\n|switch|p1a: Blastoise|Blastoise, L50, M, shiny|100/100\n|turn|3\n|\n|t:|1776530489\n|move|p1b: Aerodactyl|Rock Slide|p2b: Aeroduck|[spread] p2a,p2b\n|-supereffective|p2a: SixSeven|1\n|-supereffective|p2b: Aeroduck|1\n|-damage|p2a: SixSeven|0 fnt\n|-damage|p2b: Aeroduck|0 fnt\n|faint|p2a: SixSeven\n|faint|p2b: Aeroduck\n|move|p1a: Blastoise|Shell Smash|p1a: Blastoise\n|-unboost|p1a: Blastoise|def|1\n|-unboost|p1a: Blastoise|spd|1\n|-boost|p1a: Blastoise|atk|2\n|-boost|p1a: Blastoise|spa|2\n|-boost|p1a: Blastoise|spe|2\n|\n|-weather|Snowscape|[upkeep]\n|upkeep\n|\n|t:|1776530494\n|switch|p2b: Sinistcha|Sinistcha, L50, shiny|100/100\n|switch|p2a: yesKing|Kingambit, L50, M, shiny|100/100\n|turn|4\n|\n|t:|1776530516\n|move|p1b: Aerodactyl|Protect|p1b: Aerodactyl\n|-singleturn|p1b: Aerodactyl|Protect\n|move|p2a: yesKing|Sucker Punch||[still]\n|-fail|p2a: yesKing\n|move|p1a: Blastoise|Aura Sphere|p2a: yesKing\n|-supereffective|p2a: yesKing|2\n|-enditem|p2a: yesKing|Chople Berry|[eat]\n|-enditem|p2a: yesKing|Chople Berry|[weaken]\n|-damage|p2a: yesKing|16/100\n|move|p2b: Sinistcha|Matcha Gotcha|p1a: Blastoise|[spread] p1a\n|-activate|p1b: Aerodactyl|move: Protect\n|-supereffective|p1a: Blastoise|1\n|-damage|p1a: Blastoise|32/100\n|\n|-weather|Snowscape|[upkeep]\n|-sideend|p2: JZ21|move: Tailwind\n|-sideend|p1: kromkrux|move: Tailwind\n|upkeep\n|turn|5\n|inactive|kromkrux has 30 seconds left.\n|\n|t:|1776530543\n|move|p2a: yesKing|Sucker Punch|p1b: Aerodactyl\n|-damage|p1b: Aerodactyl|0 fnt\n|faint|p1b: Aerodactyl\n|move|p1a: Blastoise|Aura Sphere|p2a: yesKing\n|-supereffective|p2a: yesKing|2\n|-damage|p2a: yesKing|0 fnt\n|faint|p2a: yesKing\n|move|p2b: Sinistcha|Matcha Gotcha|p1a: Blastoise\n|-supereffective|p1a: Blastoise|1\n|-damage|p1a: Blastoise|0 fnt\n|faint|p1a: Blastoise\n|\n|-weather|Snowscape|[upkeep]\n|upkeep\n|\n|t:|1776530559\n|switch|p1b: Basculegion|Basculegion, L50, M|100/100\n|turn|6\n|\n|t:|1776530566\n|move|p1b: Basculegion|Last Respects|p2b: Sinistcha\n|-supereffective|p2b: Sinistcha|1\n|-damage|p2b: Sinistcha|0 fnt\n|faint|p2b: Sinistcha\n|\n|win|kromkrux\n|raw|kromkrux's rating: 1156 &rarr; <strong>1183</strong><br />(+27 for winning)\n|raw|JZ21's rating: 1177 &rarr; <strong>1150</strong><br />(-27 for losing)\n",
  "uploadtime": 1776530573,
  "views": 12,
  "formatid": "gen9championsvgc2026regma",
  "rating": 1150,
  "private": 0,
  "password": null
}