{
  "id": "gen9championsvgc2026regma-2589517672",
  "format": "[Gen 9 Champions] VGC 2026 Reg M-A",
  "players": [
    "iAmGross",
    "freshveggies2"
  ],
  "log": "|j|\u2606iAmGross\n|j|\u2606freshveggies2\n|html|<table width=\"100%\"><tr><td align=\"left\">iAmGross</td><td align=\"right\">freshveggies2</tr><tr><td align=\"left\"><i class=\"fa fa-circle-o\"></i> <i class=\"fa fa-circle-o\"></i> </td><td align=\"right\"><i class=\"fa fa-circle-o\"></i> <i class=\"fa fa-circle-o\"></i> </tr></table>\n|uhtml|bestof|<h2><strong>Game 1</strong> of <a href=\"/game-bestof3-gen9championsvgc2026regma-2589517671\">a best-of-3</a></h2>\n|t:|1776730213\n|gametype|doubles\n|player|p1|iAmGross|170|\n|player|p2|freshveggies2|101|\n|gen|9\n|tier|[Gen 9 Champions] VGC 2026 Reg M-A\n|rule|Species Clause: Limit one of each Pok\u00e9mon\n|rule|Item Clause: Limit 1 of each item\n|raw|<div class=\"infobox\"><details class=\"readmore\" open><summary><strong>1 custom rule:</strong></summary> Best of = 3</details></div>\n|clearpoke\n|poke|p1|Tyranitar, L50, M|\n|poke|p1|Clefable, L50, F|\n|poke|p1|Wyrdeer, L50, F|\n|poke|p1|Dragapult, L50, F|\n|poke|p1|Rotom-Heat, L50|\n|poke|p1|Gyarados, L50, F|\n|poke|p2|Aerodactyl, L50, F|\n|poke|p2|Charizard, L50, M|\n|poke|p2|Basculegion-F, L50, F|\n|poke|p2|Tinkaton, L50, F|\n|poke|p2|Garchomp, L50, F|\n|poke|p2|Clefable, L50, M|\n|teampreview|4\n|c|\u2606freshveggies2|glhf\n|c|\u2606iAmGross|glhf!\n|\n|t:|1776730289\n|teamsize|p1|4\n|teamsize|p2|4\n|start\n|switch|p1a: Wyrdeer|Wyrdeer, L50, F|100/100\n|switch|p1b: Dragapult|Dragapult, L50, F|100/100\n|switch|p2a: Basculegion|Basculegion-F, L50, F|100/100\n|switch|p2b: Tinkaton|Tinkaton, L50, F|100/100\n|-ability|p1a: Wyrdeer|Intimidate|boost\n|-unboost|p2a: Basculegion|atk|1\n|-fail|p2b: Tinkaton|unboost|Attack|[from] ability: Own Tempo|[of] p2b: Tinkaton\n|-enditem|p2a: Basculegion|White Herb\n|-clearnegativeboost|p2a: Basculegion|[silent]\n|turn|1\n|\n|t:|1776730322\n|move|p1b: Dragapult|U-turn|p2a: Basculegion\n|-resisted|p2a: Basculegion|1\n|-damage|p2a: Basculegion|85/100\n|\n|t:|1776730329\n|switch|p1b: Rotom|Rotom-Heat, L50|100/100|[from] U-turn\n|move|p2b: Tinkaton|Play Rough|p1b: Rotom\n|-resisted|p1b: Rotom|1\n|-damage|p1b: Rotom|83/100\n|move|p2a: Basculegion|Wave Crash|p1a: Wyrdeer\n|-damage|p1a: Wyrdeer|37/100\n|-damage|p2a: Basculegion|62/100|[from] Recoil\n|move|p1a: Wyrdeer|Trick Room|p1a: Wyrdeer\n|-fieldstart|move: Trick Room|[of] p1a: Wyrdeer\n|\n|upkeep\n|turn|2\n|\n|t:|1776730349\n|switch|p2b: Clefable|Clefable, L50, M|100/100\n|move|p2a: Basculegion|Protect|p2a: Basculegion\n|-singleturn|p2a: Basculegion|Protect\n|move|p1a: Wyrdeer|Wild Charge|p2a: Basculegion\n|-activate|p2a: Basculegion|move: Protect\n|move|p1b: Rotom|Overheat|p2b: Clefable\n|-damage|p2b: Clefable|42/100\n|-unboost|p1b: Rotom|spa|2\n|-enditem|p2b: Clefable|Sitrus Berry|[eat]\n|-heal|p2b: Clefable|67/100|[from] item: Sitrus Berry\n|\n|upkeep\n|turn|3\n|\n|t:|1776730382\n|move|p1b: Rotom|Protect|p1b: Rotom\n|-singleturn|p1b: Rotom|Protect\n|move|p2b: Clefable|Follow Me|p2b: Clefable\n|-singleturn|p2b: Clefable|move: Follow Me\n|move|p1a: Wyrdeer|Psyshield Bash|p2b: Clefable\n|-damage|p2b: Clefable|43/100\n|-boost|p1a: Wyrdeer|def|1\n|move|p2a: Basculegion|Wave Crash|p1b: Rotom\n|-activate|p1b: Rotom|move: Protect\n|\n|upkeep\n|turn|4\n|\n|t:|1776730418\n|move|p2b: Clefable|Moonblast|p1b: Rotom\n|-resisted|p1b: Rotom|1\n|-damage|p1b: Rotom|65/100\n|move|p1a: Wyrdeer|Wild Charge|p2a: Basculegion\n|-supereffective|p2a: Basculegion|1\n|-damage|p2a: Basculegion|5/100\n|-damage|p1a: Wyrdeer|23/100|[from] Recoil\n|move|p1b: Rotom|Thunderbolt|p2b: Clefable\n|-damage|p2b: Clefable|20/100\n|move|p2a: Basculegion|Wave Crash|p1a: Wyrdeer\n|-damage|p1a: Wyrdeer|0 fnt\n|faint|p1a: Wyrdeer\n|-damage|p2a: Basculegion|0 fnt|[from] Recoil\n|faint|p2a: Basculegion\n|\n|upkeep\n|\n|t:|1776730448\n|switch|p1a: Tyranitar|Tyranitar, L50, M|100/100\n|switch|p2a: Tinkaton|Tinkaton, L50, F|100/100\n|-weather|Sandstorm|[from] ability: Sand Stream|[of] p1a: Tyranitar\n|turn|5\n|\n|t:|1776730468\n|move|p1a: Tyranitar|Protect|p1a: Tyranitar\n|-singleturn|p1a: Tyranitar|Protect\n|move|p2b: Clefable|Moonblast|p1b: Rotom\n|-resisted|p1b: Rotom|1\n|-damage|p1b: Rotom|47/100\n|move|p1b: Rotom|Will-O-Wisp|p2a: Tinkaton\n|-status|p2a: Tinkaton|brn\n|move|p2a: Tinkaton|Gigaton Hammer|p1a: Tyranitar\n|-activate|p1a: Tyranitar|move: Protect\n|\n|-weather|Sandstorm|[upkeep]\n|-damage|p1b: Rotom|41/100|[from] Sandstorm\n|-damage|p2a: Tinkaton|94/100 brn|[from] brn\n|-fieldend|move: Trick Room\n|upkeep\n|turn|6\n|\n|t:|1776730492\n|switch|p1a: Dragapult|Dragapult, L50, F|100/100\n|move|p2b: Clefable|Protect|p2b: Clefable\n|-singleturn|p2b: Clefable|Protect\n|move|p2a: Tinkaton|Play Rough|p1a: Dragapult\n|-supereffective|p1a: Dragapult|1\n|-damage|p1a: Dragapult|53/100\n|move|p1b: Rotom|Overheat|p2b: Clefable\n|-activate|p2b: Clefable|move: Protect\n|\n|-weather|Sandstorm|[upkeep]\n|-damage|p1a: Dragapult|47/100|[from] Sandstorm\n|-damage|p1b: Rotom|36/100|[from] Sandstorm\n|-damage|p2a: Tinkaton|88/100 brn|[from] brn\n|upkeep\n|turn|7\n|\n|t:|1776730521\n|switch|p1b: Tyranitar|Tyranitar, L50, M|100/100\n|switch|p2b: Charizard|Charizard, L50, M|100/100\n|move|p1a: Dragapult|Shadow Ball|p2b: Charizard\n|-damage|p2b: Charizard|68/100\n|move|p2a: Tinkaton|Play Rough|p1a: Dragapult\n|-supereffective|p1a: Dragapult|1\n|-damage|p1a: Dragapult|0 fnt\n|faint|p1a: Dragapult\n|\n|-weather|Sandstorm|[upkeep]\n|-damage|p2b: Charizard|62/100|[from] Sandstorm\n|-damage|p2a: Tinkaton|82/100 brn|[from] brn\n|upkeep\n|\n|t:|1776730532\n|switch|p1a: Rotom|Rotom-Heat, L50|36/100\n|turn|8\n|\n|t:|1776730565\n|detailschange|p2b: Charizard|Charizard-Mega-Y, L50, M\n|-mega|p2b: Charizard|Charizard|Charizardite Y\n|-weather|SunnyDay|[from] ability: Drought|[of] p2b: Charizard\n|move|p2b: Charizard|Protect|p2b: Charizard\n|-singleturn|p2b: Charizard|Protect\n|move|p2a: Tinkaton|Gigaton Hammer|p1b: Tyranitar\n|-supereffective|p1b: Tyranitar|1\n|-enditem|p1b: Tyranitar|Babiri Berry|[eat]\n|-enditem|p1b: Tyranitar|Babiri Berry|[weaken]\n|-damage|p1b: Tyranitar|75/100\n|move|p1a: Rotom|Overheat|p2a: Tinkaton\n|-supereffective|p2a: Tinkaton|1\n|-damage|p2a: Tinkaton|0 fnt\n|-unboost|p1a: Rotom|spa|2\n|faint|p2a: Tinkaton\n|move|p1b: Tyranitar|Rock Slide|p2b: Charizard\n|-activate|p2b: Charizard|move: Protect\n|\n|-weather|SunnyDay|[upkeep]\n|upkeep\n|\n|t:|1776730575\n|switch|p2a: Clefable|Clefable, L50, M|20/100\n|turn|9\n|\n|t:|1776730615\n|move|p2a: Clefable|Follow Me|p2a: Clefable\n|-singleturn|p2a: Clefable|move: Follow Me\n|move|p2b: Charizard|Solar Beam||[still]\n|-prepare|p2b: Charizard|Solar Beam\n|-anim|p2b: Charizard|Solar Beam|p1b: Tyranitar\n|-supereffective|p1b: Tyranitar|1\n|-damage|p1b: Tyranitar|0 fnt\n|faint|p1b: Tyranitar\n|move|p1a: Rotom|Thunderbolt|p2a: Clefable\n|-damage|p2a: Clefable|0 fnt\n|faint|p2a: Clefable\n|\n|-weather|SunnyDay|[upkeep]\n|upkeep\n|turn|10\n|\n|t:|1776730629\n|move|p2b: Charizard|Weather Ball|p1a: Rotom\n|-resisted|p1a: Rotom|1\n|-damage|p1a: Rotom|0 fnt\n|faint|p1a: Rotom\n|\n|win|freshveggies2\n||iAmGross is ready for game 2.\n||freshveggies2 is ready for game 2.\n|uhtml|next|Next: <a href=\"/battle-gen9championsvgc2026regma-2589522215\"><strong>Game 2 of 3</strong></a>\n|l|\u2606iAmGross\n|player|p1|\n",
  "uploadtime": 1776731026,
  "views": 3,
  "formatid": "gen9championsvgc2026regma",
  "rating": null,
  "private": 0,
  "password": null
}