{
  "id": "gen9championsvgc2026regma-2583820071",
  "format": "[Gen 9 Champions] VGC 2026 Reg M-A",
  "players": [
    "jacinthespuppy",
    "Just Typical"
  ],
  "log": "|j|\u2606jacinthespuppy\n|j|\u2606Just Typical\n|t:|1776200237\n|gametype|doubles\n|player|p1|jacinthespuppy|dawn-gen4pt|1315\n|player|p2|Just Typical|2|1343\n|gen|9\n|tier|[Gen 9 Champions] VGC 2026 Reg M-A\n|rated|\n|rule|Species Clause: Limit one of each Pok\u00e9mon\n|rule|Item Clause: Limit 1 of each item\n|clearpoke\n|poke|p1|Tyranitar, L50, M|\n|poke|p1|Excadrill, L50, F|\n|poke|p1|Dragapult, L50, M|\n|poke|p1|Rotom-Heat, L50|\n|poke|p1|Gyarados, L50, M|\n|poke|p1|Sinistcha, L50|\n|poke|p2|Crabominable, L50, F|\n|poke|p2|Oranguru, L50, F|\n|poke|p2|Ninetales-Alola, L50, F|\n|poke|p2|Incineroar, L50, F|\n|poke|p2|Primarina, L50, F|\n|poke|p2|Slowking, L50, F|\n|teampreview|4\n|inactive|Battle timer is ON: inactive players will automatically lose when time's up. (requested by jacinthespuppy)\n|inactive|jacinthespuppy has 60 seconds left.\n|\n|t:|1776200273\n|teamsize|p1|4\n|teamsize|p2|4\n|start\n|switch|p1a: vomit|Sinistcha, L50|100/100\n|switch|p1b: big boss|Tyranitar, L50, M|100/100\n|switch|p2a: FUNKY OMAR|Crabominable, L50, F, shiny|100/100\n|switch|p2b: TALLY HALL|Slowking, L50, F|100/100\n|-weather|Sandstorm|[from] ability: Sand Stream|[of] p1b: big boss\n|turn|1\n|\n|t:|1776200284\n|detailschange|p1b: big boss|Tyranitar-Mega, L50, M\n|-mega|p1b: big boss|Tyranitar|Tyranitarite\n|detailschange|p2a: FUNKY OMAR|Crabominable-Mega, L50, F, shiny\n|-mega|p2a: FUNKY OMAR|Crabominable|Crabominite\n|move|p1b: big boss|Knock Off|p2b: TALLY HALL\n|-supereffective|p2b: TALLY HALL|1\n|-enditem|p2b: TALLY HALL|Colbur Berry|[eat]\n|-enditem|p2b: TALLY HALL|Colbur Berry|[weaken]\n|-damage|p2b: TALLY HALL|54/100\n|move|p2a: FUNKY OMAR|Ice Hammer|p1a: vomit\n|-supereffective|p1a: vomit|1\n|-damage|p1a: vomit|0 fnt\n|-unboost|p2a: FUNKY OMAR|spe|1\n|faint|p1a: vomit\n|move|p2b: TALLY HALL|Trick Room|p2b: TALLY HALL\n|-fieldstart|move: Trick Room|[of] p2b: TALLY HALL\n|\n|-weather|Sandstorm|[upkeep]\n|-damage|p2a: FUNKY OMAR|95/100|[from] Sandstorm\n|-damage|p2b: TALLY HALL|49/100|[from] Sandstorm\n|upkeep\n|c|\u2606jacinthespuppy|ur nicknames suck btw\n|inactive|jacinthespuppy has 30 seconds left.\n|c|\u2606Just Typical|Damn bitch\n|c|\u2606Just Typical|fuck i do\n|c|\u2606jacinthespuppy|no real human listens to \"tally hall\" folk \ud83d\ude2d\ud83d\ude2d\ud83d\ude2d\n|inactive|jacinthespuppy has 20 seconds left.\n|\n|t:|1776200321\n|switch|p1a: resetti|Excadrill, L50, F|100/100\n|turn|2\n|c|\u2606Just Typical|I do song/band names\n|c|\u2606Just Typical|\u201cruler of everything\u201d is too long\n|c|\u2606Just Typical|Tally hall the band\n|inactive|Just Typical has 30 seconds left.\n|\n|t:|1776200348\n|move|p1b: big boss|Protect|p1b: big boss\n|-singleturn|p1b: big boss|Protect\n|move|p2a: FUNKY OMAR|Drain Punch|p1a: resetti\n|-supereffective|p1a: resetti|1\n|-enditem|p1a: resetti|Focus Sash\n|-damage|p1a: resetti|1/100\n|-heal|p2a: FUNKY OMAR|100/100|[from] drain|[of] p1a: resetti\n|-prepare|p2b: TALLY HALL|Chilly Reception|[premajor]\n|move|p2b: TALLY HALL|Chilly Reception|p2b: TALLY HALL\n|-weather|Snowscape\n|\n|t:|1776200354\n|switch|p2b: ROIDS|Incineroar, L50, F|100/100|[from] Chilly Reception\n|-ability|p2b: ROIDS|Intimidate|boost\n|-unboost|p1a: resetti|atk|1\n|-unboost|p1b: big boss|atk|1\n|move|p1a: resetti|Iron Head|p2a: FUNKY OMAR\n|-supereffective|p2a: FUNKY OMAR|1\n|-damage|p2a: FUNKY OMAR|67/100\n|\n|-weather|Snowscape|[upkeep]\n|upkeep\n|turn|3\n|\n|t:|1776200370\n|switch|p1b: jet|Dragapult, L50, M|100/100\n|move|p1a: resetti|Protect|p1a: resetti\n|-singleturn|p1a: resetti|Protect\n|move|p2a: FUNKY OMAR|Drain Punch|p1b: jet\n|-immune|p1b: jet\n|move|p2b: ROIDS|Throat Chop|p1a: resetti\n|-activate|p1a: resetti|move: Protect\n|\n|-weather|Snowscape|[upkeep]\n|upkeep\n|turn|4\n|\n|t:|1776200387\n|switch|p1a: big boss|Tyranitar-Mega, L50, M|100/100\n|-weather|Sandstorm|[from] ability: Sand Stream|[of] p1a: big boss\n|move|p1b: jet|Protect|p1b: jet\n|-singleturn|p1b: jet|Protect\n|move|p2a: FUNKY OMAR|Ice Hammer|p1b: jet\n|-activate|p1b: jet|move: Protect\n|move|p2b: ROIDS|Throat Chop|p1a: big boss\n|-resisted|p1a: big boss|1\n|-damage|p1a: big boss|92/100\n|-start|p1a: big boss|Throat Chop|[silent]\n|\n|-weather|Sandstorm|[upkeep]\n|-damage|p2a: FUNKY OMAR|61/100|[from] Sandstorm\n|-damage|p2b: ROIDS|95/100|[from] Sandstorm\n|-damage|p1b: jet|94/100|[from] Sandstorm\n|upkeep\n|turn|5\n|\n|t:|1776200408\n|move|p1b: jet|Protect|p1b: jet\n|-singleturn|p1b: jet|Protect\n|move|p2a: FUNKY OMAR|Ice Hammer|p1b: jet\n|-activate|p1b: jet|move: Protect\n|move|p2b: ROIDS|Parting Shot|p1a: big boss\n|-unboost|p1a: big boss|atk|1\n|-unboost|p1a: big boss|spa|1\n|\n|t:|1776200416\n|switch|p2b: SAYU|Primarina, L50, F|100/100|[from] Parting Shot\n|move|p1a: big boss|Low Kick|p2a: FUNKY OMAR\n|-supereffective|p2a: FUNKY OMAR|1\n|-damage|p2a: FUNKY OMAR|12/100\n|\n|-weather|Sandstorm|[upkeep]\n|-damage|p2a: FUNKY OMAR|6/100|[from] Sandstorm\n|-damage|p2b: SAYU|95/100|[from] Sandstorm\n|-damage|p1b: jet|88/100|[from] Sandstorm\n|-end|p1a: big boss|Throat Chop|[silent]\n|-fieldend|move: Trick Room\n|upkeep\n|turn|6\n|c|\u2606jacinthespuppy|wtf\n|c|\u2606jacinthespuppy|122 def???\n|inactive|jacinthespuppy has 30 seconds left.\n|c|\u2606jacinthespuppy|holy shit\n|c|\u2606Just Typical|Yea he a fat fuck\n|inactive|jacinthespuppy has 20 seconds left.\n|inactive|jacinthespuppy has 15 seconds left.\n|\n|t:|1776200458\n|move|p2a: FUNKY OMAR|Mach Punch|p1a: big boss\n|-supereffective|p1a: big boss|2\n|-damage|p1a: big boss|11/100\n|move|p1b: jet|Shadow Ball|p2a: FUNKY OMAR\n|-crit|p2a: FUNKY OMAR\n|-damage|p2a: FUNKY OMAR|0 fnt\n|faint|p2a: FUNKY OMAR\n|move|p1a: big boss|Rock Slide|p2b: SAYU\n|-damage|p2b: SAYU|58/100\n|cant|p2b: SAYU|flinch\n|\n|-weather|Sandstorm|[upkeep]\n|-damage|p1b: jet|82/100|[from] Sandstorm\n|-damage|p2b: SAYU|52/100|[from] Sandstorm\n|upkeep\n|\n|t:|1776200474\n|switch|p2a: TALLY HALL|Slowking, L50, F|49/100\n|turn|7\n|\n|t:|1776200479\n|move|p1a: big boss|Protect|p1a: big boss\n|-singleturn|p1a: big boss|Protect\n|move|p1b: jet|Shadow Ball|p2a: TALLY HALL\n|-supereffective|p2a: TALLY HALL|1\n|-damage|p2a: TALLY HALL|0 fnt\n|faint|p2a: TALLY HALL\n|move|p2b: SAYU|Dazzling Gleam|p1a: big boss|[spread] p1b\n|-activate|p1a: big boss|move: Protect\n|-supereffective|p1b: jet|1\n|-damage|p1b: jet|0 fnt\n|faint|p1b: jet\n|\n|-weather|Sandstorm|[upkeep]\n|-damage|p2b: SAYU|46/100|[from] Sandstorm\n|upkeep\n|\n|t:|1776200488\n|switch|p1b: resetti|Excadrill, L50, F|1/100\n|switch|p2a: ROIDS|Incineroar, L50, F|95/100\n|-ability|p2a: ROIDS|Intimidate|boost\n|-unboost|p1a: big boss|atk|1\n|-unboost|p1b: resetti|atk|1\n|turn|8\n|\n|t:|1776200496\n|move|p1b: resetti|Protect|p1b: resetti\n|-singleturn|p1b: resetti|Protect\n|move|p1a: big boss|Protect|p1a: big boss\n|-singleturn|p1a: big boss|Protect\n|move|p2a: ROIDS|Fake Out|p1b: resetti\n|-activate|p1b: resetti|move: Protect\n|move|p2b: SAYU|Dazzling Gleam|p1a: big boss|[spread] \n|-activate|p1a: big boss|move: Protect\n|-activate|p1b: resetti|move: Protect\n|\n|-weather|none\n|upkeep\n|turn|9\n|c|\u2606jacinthespuppy|i just lost\n|j| BATTLEREALM\n|\n|t:|1776200513\n|move|p2b: SAYU|Protect|p2b: SAYU\n|-singleturn|p2b: SAYU|Protect\n|move|p1b: resetti|Iron Head|p2b: SAYU\n|-activate|p2b: SAYU|move: Protect\n|move|p1a: big boss|Rock Slide|p2b: SAYU|[spread] p2a\n|-activate|p2b: SAYU|move: Protect\n|-supereffective|p2a: ROIDS|1\n|-damage|p2a: ROIDS|67/100\n|move|p2a: ROIDS|Throat Chop|p1b: resetti\n|-damage|p1b: resetti|0 fnt\n|faint|p1b: resetti\n|\n|upkeep\n|turn|10\n|\n|t:|1776200523\n|move|p1a: big boss|Rock Slide|p2b: SAYU|[spread] p2a,p2b\n|-supereffective|p2a: ROIDS|1\n|-damage|p2a: ROIDS|40/100\n|-damage|p2b: SAYU|25/100\n|-enditem|p2a: ROIDS|Sitrus Berry|[eat]\n|-heal|p2a: ROIDS|65/100|[from] item: Sitrus Berry\n|move|p2a: ROIDS|Throat Chop|p1a: big boss\n|-resisted|p1a: big boss|1\n|-damage|p1a: big boss|2/100\n|-start|p1a: big boss|Throat Chop|[silent]\n|move|p2b: SAYU|Moonblast|p1a: big boss\n|-supereffective|p1a: big boss|1\n|-damage|p1a: big boss|0 fnt\n|faint|p1a: big boss\n|\n|win|Just Typical\n",
  "uploadtime": 1776200313,
  "views": 17,
  "formatid": "gen9championsvgc2026regma",
  "rating": null,
  "private": 0,
  "password": null
}