{
  "id": "gen9championsvgc2026regma-2585317377",
  "format": "[Gen 9 Champions] VGC 2026 Reg M-A",
  "players": [
    "Viral_Tomato",
    "Sharkhy_"
  ],
  "log": "|j|\u2606Viral_Tomato\n|j|\u2606Sharkhy_\n|t:|1776337157\n|gametype|doubles\n|player|p1|Viral_Tomato|fantina|1180\n|player|p2|Sharkhy_|170|1195\n|gen|9\n|tier|[Gen 9 Champions] VGC 2026 Reg M-A\n|rated|\n|rule|Species Clause: Limit one of each Pok\u00e9mon\n|rule|Item Clause: Limit 1 of each item\n|clearpoke\n|poke|p1|Chandelure, L50, M|\n|poke|p1|Hydreigon, L50, F|\n|poke|p1|Sylveon, L50, M|\n|poke|p1|Feraligatr, L50, M|\n|poke|p1|Farigiraf, L50, F|\n|poke|p1|Sneasler, L50, M|\n|poke|p2|Charizard, L50, F|\n|poke|p2|Maushold-Four, L50|\n|poke|p2|Sneasler, L50, F|\n|poke|p2|Dragapult, L50, F|\n|poke|p2|Kingambit, L50, F|\n|poke|p2|Garchomp, L50, F|\n|teampreview|4\n|inactive|Battle timer is ON: inactive players will automatically lose when time's up. (requested by Viral_Tomato)\n|inactive|Viral_Tomato has 30 seconds left.\n|\n|t:|1776337217\n|teamsize|p1|4\n|teamsize|p2|4\n|start\n|switch|p1a: Farigiraf|Farigiraf, L50, F|100/100\n|switch|p1b: Sneasler|Sneasler, L50, M|100/100\n|switch|p2a: Kingambit|Kingambit, L50, F|100/100\n|switch|p2b: Maushold|Maushold-Four, L50|100/100\n|turn|1\n|\n|t:|1776337241\n|move|p2a: Kingambit|Protect|p2a: Kingambit\n|-singleturn|p2a: Kingambit|Protect\n|move|p1a: Farigiraf|Protect|p1a: Farigiraf\n|-singleturn|p1a: Farigiraf|Protect\n|move|p1b: Sneasler|Close Combat|p2b: Maushold\n|-supereffective|p2b: Maushold|1\n|-enditem|p2b: Maushold|Chople Berry|[eat]\n|-enditem|p2b: Maushold|Chople Berry|[weaken]\n|-damage|p2b: Maushold|25/100\n|-unboost|p1b: Sneasler|def|1\n|-unboost|p1b: Sneasler|spd|1\n|move|p2b: Maushold|Encore|p1b: Sneasler\n|-start|p1b: Sneasler|Encore\n|\n|upkeep\n|turn|2\n|inactive|Viral_Tomato has 30 seconds left.\n|\n|t:|1776337275\n|move|p2b: Maushold|Follow Me|p2b: Maushold\n|-singleturn|p2b: Maushold|move: Follow Me\n|move|p1b: Sneasler|Close Combat|p2b: Maushold\n|-supereffective|p2b: Maushold|1\n|-damage|p2b: Maushold|0 fnt\n|-unboost|p1b: Sneasler|def|1\n|-unboost|p1b: Sneasler|spd|1\n|faint|p2b: Maushold\n|move|p2a: Kingambit|Kowtow Cleave|p1a: Farigiraf\n|-supereffective|p1a: Farigiraf|1\n|-damage|p1a: Farigiraf|0 fnt\n|faint|p1a: Farigiraf\n|\n|upkeep\n|\n|t:|1776337286\n|switch|p2b: Sneasler|Sneasler, L50, F|100/100\n|switch|p1a: Chandelure|Chandelure, L50, M|100/100\n|turn|3\n|inactive|Viral_Tomato has 30 seconds left.\n|\n|t:|1776337313\n|detailschange|p1a: Chandelure|Chandelure-Mega, L50, M\n|-mega|p1a: Chandelure|Chandelure|Chandelurite\n|move|p2b: Sneasler|Fake Out|p1b: Sneasler\n|-damage|p1b: Sneasler|51/100\n|cant|p1b: Sneasler|flinch\n|move|p1a: Chandelure|Heat Wave|p2b: Sneasler|[spread] p2a,p2b\n|-supereffective|p2a: Kingambit|1\n|-damage|p2a: Kingambit|1/100\n|-damage|p2b: Sneasler|37/100\n|move|p2a: Kingambit|Kowtow Cleave|p1a: Chandelure\n|-supereffective|p1a: Chandelure|1\n|-damage|p1a: Chandelure|0 fnt\n|faint|p1a: Chandelure\n|\n|upkeep\n|\n|t:|1776337325\n|switch|p1a: Sylveon|Sylveon, L50, M|100/100\n|turn|4\n|\n|t:|1776337339\n|move|p2b: Sneasler|Feint|p1a: Sylveon\n|-damage|p1a: Sylveon|85/100\n|move|p1a: Sylveon|Quick Attack|p2b: Sneasler\n|-damage|p2b: Sneasler|13/100\n|move|p1b: Sneasler|Close Combat|p2a: Kingambit\n|-supereffective|p2a: Kingambit|2\n|-damage|p2a: Kingambit|0 fnt\n|-unboost|p1b: Sneasler|def|1\n|-unboost|p1b: Sneasler|spd|1\n|faint|p2a: Kingambit\n|\n|-end|p1b: Sneasler|Encore\n|upkeep\n|\n|t:|1776337353\n|switch|p2a: Charizard|Charizard, L50, F|100/100\n|turn|5\n|\n|t:|1776337371\n|move|p2a: Charizard|Protect|p2a: Charizard\n|-singleturn|p2a: Charizard|Protect\n|move|p1a: Sylveon|Quick Attack|p2b: Sneasler\n|-damage|p2b: Sneasler|0 fnt\n|faint|p2b: Sneasler\n|move|p1b: Sneasler|Dire Claw|p2a: Charizard\n|-activate|p2a: Charizard|move: Protect\n|\n|upkeep\n|turn|6\n|\n|t:|1776337383\n|detailschange|p2a: Charizard|Charizard-Mega-Y, L50, F\n|-mega|p2a: Charizard|Charizard|Charizardite Y\n|-weather|SunnyDay|[from] ability: Drought|[of] p2a: Charizard\n|move|p1b: Sneasler|Dire Claw|p2a: Charizard\n|-damage|p2a: Charizard|50/100\n|-status|p2a: Charizard|slp\n|cant|p2a: Charizard|slp\n|move|p1a: Sylveon|Hyper Beam|p2a: Charizard\n|-resisted|p2a: Charizard|1\n|-damage|p2a: Charizard|4/100 slp\n|-mustrecharge|p1a: Sylveon\n|\n|-weather|SunnyDay|[upkeep]\n|upkeep\n|turn|7\n|\n|t:|1776337395\n|move|p1b: Sneasler|Dire Claw|p2a: Charizard\n|-damage|p2a: Charizard|0 fnt\n|faint|p2a: Charizard\n|\n|win|Viral_Tomato\n|raw|Viral_Tomato's rating: 1180 &rarr; <strong>1206</strong><br />(+26 for winning)\n|raw|Sharkhy_'s rating: 1195 &rarr; <strong>1169</strong><br />(-26 for losing)\n",
  "uploadtime": 1776337400,
  "views": 29,
  "formatid": "gen9championsvgc2026regma",
  "rating": 1169,
  "private": 0,
  "password": null
}