{
  "id": "gen9championsvgc2026regma-2582611462",
  "format": "[Gen 9 Champions] VGC 2026 Reg M-A",
  "players": [
    "igormetaller",
    "Sub2TristansTakes"
  ],
  "log": "|j|\u2606igormetaller\n|j|\u2606Sub2TristansTakes\n|t:|1776102551\n|gametype|doubles\n|player|p1|igormetaller|2|1086\n|player|p2|Sub2TristansTakes|265|1000\n|gen|9\n|tier|[Gen 9 Champions] VGC 2026 Reg M-A\n|rated|\n|rule|Species Clause: Limit one of each Pok\u00e9mon\n|rule|Item Clause: Limit 1 of each item\n|clearpoke\n|poke|p1|Kangaskhan, L50, F|\n|poke|p1|Sneasler, L50, M|\n|poke|p1|Tyranitar, L50, M|\n|poke|p1|Garchomp, L50, F|\n|poke|p1|Rotom-Wash, L50|\n|poke|p1|Incineroar, L50, F|\n|poke|p2|Gengar, L50, M|\n|poke|p2|Kingambit, L50, M|\n|poke|p2|Politoed, L50, M|\n|poke|p2|Whimsicott, L50, F|\n|poke|p2|Farigiraf, L50, F|\n|poke|p2|Basculegion, L50, M|\n|teampreview|4\nSub2TristansTakes has agreed to open team sheets.\n|\n|t:|1776102631\n|teamsize|p1|4\n|teamsize|p2|4\n|start\n|switch|p1a: Tyranitar|Tyranitar, L50, M|100/100\n|switch|p1b: Garchomp|Garchomp, L50, F|100/100\n|switch|p2a: Whimsicott|Whimsicott, L50, F, shiny|100/100\n|switch|p2b: Basculegion|Basculegion, L50, M, shiny|100/100\n|-weather|Sandstorm|[from] ability: Sand Stream|[of] p1a: Tyranitar\n|turn|1\n|\n|t:|1776102695\n|move|p2a: Whimsicott|Tailwind|p2a: Whimsicott\n|-sidestart|p2: Sub2TristansTakes|move: Tailwind\n|move|p2b: Basculegion|Flip Turn|p1a: Tyranitar\n|-supereffective|p1a: Tyranitar|1\n|-damage|p1a: Tyranitar|43/100\n|\n|t:|1776102702\n|switch|p2b: Politoed|Politoed, L50, M, shiny|100/100|[from] Flip Turn\n|-weather|RainDance|[from] ability: Drizzle|[of] p2b: Politoed\n|move|p1b: Garchomp|Stomping Tantrum|p2b: Politoed\n|-damage|p2b: Politoed|62/100\n|move|p1a: Tyranitar|Dragon Dance|p1a: Tyranitar\n|-boost|p1a: Tyranitar|atk|1\n|-boost|p1a: Tyranitar|spe|1\n|\n|-weather|RainDance|[upkeep]\n|-heal|p2b: Politoed|68/100|[from] item: Leftovers\n|upkeep\n|turn|2\n|\n|t:|1776102722\n|switch|p2a: Gengar|Gengar, L50, M, shiny|100/100\n|detailschange|p1a: Tyranitar|Tyranitar-Mega, L50, M\n|-mega|p1a: Tyranitar|Tyranitar|Tyranitarite\n|-weather|Sandstorm|[from] ability: Sand Stream|[of] p1a: Tyranitar\n|move|p1a: Tyranitar|Knock Off|p2b: Politoed\n|-damage|p2b: Politoed|0 fnt\n|-enditem|p2b: Politoed|Leftovers|[from] move: Knock Off|[of] p1a: Tyranitar\n|faint|p2b: Politoed\n|move|p1b: Garchomp|Rock Slide|p2a: Gengar\n|-damage|p2a: Gengar|62/100\n|\n|-weather|Sandstorm|[upkeep]\n|-damage|p2a: Gengar|56/100|[from] Sandstorm\n|upkeep\n|\n|t:|1776102736\n|switch|p2b: Whimsicott|Whimsicott, L50, F, shiny|100/100\n|turn|3\n|\n|t:|1776102744\n|detailschange|p2a: Gengar|Gengar-Mega, L50, M, shiny\n|-mega|p2a: Gengar|Gengar|Gengarite\n|move|p1a: Tyranitar|Protect|p1a: Tyranitar\n|-singleturn|p1a: Tyranitar|Protect\n|move|p2b: Whimsicott|Light Screen|p2b: Whimsicott\n|-sidestart|p2: Sub2TristansTakes|move: Light Screen\n|move|p2a: Gengar|Perish Song|p2a: Gengar\n|-start|p1a: Tyranitar|perish3|[silent]\n|-start|p1b: Garchomp|perish3|[silent]\n|-start|p2a: Gengar|perish3|[silent]\n|-start|p2b: Whimsicott|perish3|[silent]\n|-fieldactivate|move: Perish Song\n|move|p1b: Garchomp|Stomping Tantrum|p2a: Gengar\n|-supereffective|p2a: Gengar|1\n|-damage|p2a: Gengar|0 fnt\n|faint|p2a: Gengar\n|\n|-weather|Sandstorm|[upkeep]\n|-damage|p2b: Whimsicott|94/100|[from] Sandstorm\n|-start|p2b: Whimsicott|perish3\n|-start|p1a: Tyranitar|perish3\n|-start|p1b: Garchomp|perish3\n|upkeep\n|\n|t:|1776102760\n|switch|p2a: Basculegion|Basculegion, L50, M, shiny|100/100\n|turn|4\n|\n|t:|1776102771\n|move|p2b: Whimsicott|Moonblast|p1b: Garchomp\n|-supereffective|p1b: Garchomp|1\n|-damage|p1b: Garchomp|42/100\n|move|p2a: Basculegion|Last Respects|p1a: Tyranitar\n|-resisted|p1a: Tyranitar|1\n|-damage|p1a: Tyranitar|16/100\n|move|p1a: Tyranitar|Knock Off|p2a: Basculegion\n|-supereffective|p2a: Basculegion|1\n|-enditem|p2a: Basculegion|Focus Sash\n|-damage|p2a: Basculegion|1/100\n|move|p1b: Garchomp|Dragon Claw|p2a: Basculegion\n|-damage|p2a: Basculegion|0 fnt\n|faint|p2a: Basculegion\n|\n|-weather|Sandstorm|[upkeep]\n|-damage|p2b: Whimsicott|88/100|[from] Sandstorm\n|-start|p2b: Whimsicott|perish2\n|-start|p1a: Tyranitar|perish2\n|-start|p1b: Garchomp|perish2\n|-sideend|p2: Sub2TristansTakes|move: Tailwind\n|upkeep\n|turn|5\n|\n|t:|1776102793\n|move|p1a: Tyranitar|Protect|p1a: Tyranitar\n|-singleturn|p1a: Tyranitar|Protect\n|move|p1b: Garchomp|Protect|p1b: Garchomp\n|-singleturn|p1b: Garchomp|Protect\n|move|p2b: Whimsicott|Encore|p1b: Garchomp\n|-activate|p1b: Garchomp|move: Protect\n|\n|-weather|Sandstorm|[upkeep]\n|-damage|p2b: Whimsicott|82/100|[from] Sandstorm\n|-start|p1a: Tyranitar|perish1\n|-start|p1b: Garchomp|perish1\n|-start|p2b: Whimsicott|perish1\n|upkeep\n|turn|6\n|\n|t:|1776102807\n|move|p1a: Tyranitar|Protect||[still]\n|-fail|p1a: Tyranitar\n|move|p1b: Garchomp|Protect||[still]\n|-fail|p1b: Garchomp\n|move|p2b: Whimsicott|Tailwind|p2b: Whimsicott\n|-sidestart|p2: Sub2TristansTakes|move: Tailwind\n|\n|-weather|none\n|-start|p2b: Whimsicott|perish0\n|-start|p1a: Tyranitar|perish0\n|-start|p1b: Garchomp|perish0\n|faint|p2b: Whimsicott\n|faint|p1a: Tyranitar\n|faint|p1b: Garchomp\n|\n|win|igormetaller\n|raw|igormetaller's rating: 1086 &rarr; <strong>1107</strong><br />(+21 for winning)\n|raw|Sub2TristansTakes's rating: 1000 &rarr; <strong>1000</strong><br />(+0 for losing)\n",
  "uploadtime": 1776102817,
  "views": 15,
  "formatid": "gen9championsvgc2026regma",
  "rating": 1000,
  "private": 0,
  "password": null
}