{
  "id": "gen9championsvgc2026regma-2588238446",
  "format": "[Gen 9 Champions] VGC 2026 Reg M-A",
  "players": [
    "NEONxTOKYO",
    "gaelooo"
  ],
  "log": "|j|\u2606NEONxTOKYO\n|j|\u2606gaelooo\n|t:|1776617076\n|gametype|doubles\n|player|p1|NEONxTOKYO|unknown|1202\n|player|p2|gaelooo|hugh|1228\n|gen|9\n|tier|[Gen 9 Champions] VGC 2026 Reg M-A\n|rated|\n|rule|Species Clause: Limit one of each Pok\u00e9mon\n|rule|Item Clause: Limit 1 of each item\n|clearpoke\n|poke|p1|Garchomp, L50, F|\n|poke|p1|Tyranitar, L50, F|\n|poke|p1|Excadrill, L50, M|\n|poke|p1|Corviknight, L50, F|\n|poke|p1|Rotom-Wash, L50|\n|poke|p1|Archaludon, L50, M|\n|poke|p2|Espathra, L50, F|\n|poke|p2|Garchomp, L50, M|\n|poke|p2|Milotic, L50, F, shiny|\n|poke|p2|Sableye, L50, M|\n|poke|p2|Gardevoir, L50, F, shiny|\n|poke|p2|Charizard, L50, M|\n|teampreview|4\n|\n|t:|1776617134\n|teamsize|p1|4\n|teamsize|p2|4\n|start\n|switch|p1a: Excadrill|Excadrill, L50, M|100/100\n|switch|p1b: Archaludon|Archaludon, L50, M|100/100\n|switch|p2a: Sableye|Sableye, L50, M|100/100\n|switch|p2b: Espathra|Espathra, L50, F|100/100\n|turn|1\n|\n|t:|1776617160\n|move|p2b: Espathra|Protect|p2b: Espathra\n|-singleturn|p2b: Espathra|Protect\n|move|p2a: Sableye|Fake Out|p1b: Archaludon\n|-resisted|p1b: Archaludon|1\n|-damage|p1b: Archaludon|98/100\n|-ability|p1b: Archaludon|Stamina|boost\n|-boost|p1b: Archaludon|def|1\n|move|p1a: Excadrill|Rock Slide|p2b: Espathra|[spread] p2a\n|-activate|p2b: Espathra|move: Protect\n|-damage|p2a: Sableye|71/100\n|cant|p1b: Archaludon|flinch\n|\n|-ability|p2b: Espathra|Speed Boost|boost\n|-boost|p2b: Espathra|spe|1\n|upkeep\n|turn|2\n|\n|t:|1776617187\n|move|p2a: Sableye|Gravity|p2a: Sableye\n|-fieldstart|move: Gravity\n|move|p2b: Espathra|Hypnosis|p1b: Archaludon\n|-status|p1b: Archaludon|slp|[from] move: Hypnosis\n|move|p1a: Excadrill|Iron Head|p2b: Espathra\n|-damage|p2b: Espathra|30/100\n|cant|p1b: Archaludon|slp\n|\n|-ability|p2b: Espathra|Speed Boost|boost\n|-boost|p2b: Espathra|spe|1\n|upkeep\n|turn|3\n|\n|t:|1776617204\n|move|p2b: Espathra|Hypnosis|p1a: Excadrill\n|-status|p1a: Excadrill|slp|[from] move: Hypnosis\n|cant|p1a: Excadrill|slp\n|cant|p1b: Archaludon|slp\n|move|p2a: Sableye|Foul Play|p1a: Excadrill\n|-damage|p1a: Excadrill|25/100 slp\n|\n|-ability|p2b: Espathra|Speed Boost|boost\n|-boost|p2b: Espathra|spe|1\n|upkeep\n|turn|4\n|\n|t:|1776617222\n|switch|p2b: Charizard|Charizard, L50, M|100/100\n|cant|p1a: Excadrill|slp\n|-curestatus|p1b: Archaludon|slp|[msg]\n|move|p1b: Archaludon|Flash Cannon|p2b: Charizard\n|-resisted|p2b: Charizard|1\n|-damage|p2b: Charizard|67/100\n|move|p2a: Sableye|Foul Play|p1a: Excadrill\n|-damage|p1a: Excadrill|0 fnt\n|faint|p1a: Excadrill\n|\n|upkeep\n|\n|t:|1776617236\n|switch|p1a: Tyranitar|Tyranitar, L50, F|100/100\n|-weather|Sandstorm|[from] ability: Sand Stream|[of] p1a: Tyranitar\n|turn|5\n|\n|t:|1776617257\n|detailschange|p2b: Charizard|Charizard-Mega-Y, L50, M\n|-mega|p2b: Charizard|Charizard|Charizardite Y\n|-weather|SunnyDay|[from] ability: Drought|[of] p2b: Charizard\n|move|p1b: Archaludon|Protect|p1b: Archaludon\n|-singleturn|p1b: Archaludon|Protect\n|move|p1a: Tyranitar|Protect|p1a: Tyranitar\n|-singleturn|p1a: Tyranitar|Protect\n|move|p2a: Sableye|Feint|p1a: Tyranitar\n|-activate|p1a: Tyranitar|move: Feint\n|-resisted|p1a: Tyranitar|1\n|-damage|p1a: Tyranitar|99/100\n|move|p2b: Charizard|Heat Wave|p1a: Tyranitar|[spread] p1a\n|-activate|p1b: Archaludon|move: Protect\n|-resisted|p1a: Tyranitar|1\n|-damage|p1a: Tyranitar|67/100\n|\n|-weather|SunnyDay|[upkeep]\n|upkeep\n|turn|6\n|\n|t:|1776617277\n|detailschange|p1a: Tyranitar|Tyranitar-Mega, L50, F\n|-mega|p1a: Tyranitar|Tyranitar|Tyranitarite\n|-weather|Sandstorm|[from] ability: Sand Stream|[of] p1a: Tyranitar\n|move|p2b: Charizard|Protect|p2b: Charizard\n|-singleturn|p2b: Charizard|Protect\n|move|p1b: Archaludon|Flash Cannon|p2a: Sableye\n|-damage|p2a: Sableye|8/100\n|move|p1a: Tyranitar|Rock Slide|p2b: Charizard|[spread] p2a\n|-activate|p2b: Charizard|move: Protect\n|-damage|p2a: Sableye|0 fnt\n|faint|p2a: Sableye\n|\n|-weather|Sandstorm|[upkeep]\n|-damage|p2b: Charizard|61/100|[from] Sandstorm\n|-fieldend|move: Gravity\n|upkeep\n|\n|t:|1776617293\n|switch|p2a: Milotic|Milotic, L50, F, shiny|100/100\n|turn|7\n|\n|t:|1776617301\n|switch|p2b: Espathra|Espathra, L50, F|30/100\n|switch|p1a: Rotom|Rotom-Wash, L50|100/100\n|move|p2a: Milotic|Scald|p1a: Rotom\n|-resisted|p1a: Rotom|1\n|-damage|p1a: Rotom|85/100\n|move|p1b: Archaludon|Thunderbolt|p2a: Milotic\n|-supereffective|p2a: Milotic|1\n|-damage|p2a: Milotic|54/100\n|\n|-weather|Sandstorm|[upkeep]\n|-damage|p2b: Espathra|24/100|[from] Sandstorm\n|-damage|p2a: Milotic|48/100|[from] Sandstorm\n|-damage|p1a: Rotom|79/100|[from] Sandstorm\n|-enditem|p2a: Milotic|Sitrus Berry|[eat]\n|-heal|p2a: Milotic|73/100|[from] item: Sitrus Berry\n|upkeep\n|turn|8\n|\n|t:|1776617322\n|move|p2b: Espathra|Protect|p2b: Espathra\n|-singleturn|p2b: Espathra|Protect\n|move|p2a: Milotic|Protect|p2a: Milotic\n|-singleturn|p2a: Milotic|Protect\n|move|p1a: Rotom|Thunderbolt|p2b: Espathra\n|-activate|p2b: Espathra|move: Protect\n|move|p1b: Archaludon|Thunderbolt|p2b: Espathra\n|-activate|p2b: Espathra|move: Protect\n|\n|-weather|Sandstorm|[upkeep]\n|-damage|p2b: Espathra|19/100|[from] Sandstorm\n|-damage|p2a: Milotic|67/100|[from] Sandstorm\n|-damage|p1a: Rotom|73/100|[from] Sandstorm\n|-ability|p2b: Espathra|Speed Boost|boost\n|-boost|p2b: Espathra|spe|1\n|upkeep\n|turn|9\n|\n|t:|1776617339\n|move|p2b: Espathra|Lumina Crash|p1b: Archaludon\n|-resisted|p1b: Archaludon|1\n|-damage|p1b: Archaludon|75/100\n|-unboost|p1b: Archaludon|spd|2\n|-ability|p1b: Archaludon|Stamina|boost\n|-boost|p1b: Archaludon|def|1\n|move|p2a: Milotic|Ice Beam|p1b: Archaludon\n|-damage|p1b: Archaludon|18/100\n|-status|p1b: Archaludon|frz\n|-ability|p1b: Archaludon|Stamina|boost\n|-boost|p1b: Archaludon|def|1\n|move|p1a: Rotom|Thunderbolt|p2a: Milotic\n|-supereffective|p2a: Milotic|1\n|-damage|p2a: Milotic|4/100\n|cant|p1b: Archaludon|frz\n|\n|-weather|Sandstorm|[upkeep]\n|-damage|p2b: Espathra|13/100|[from] Sandstorm\n|-damage|p2a: Milotic|0 fnt|[from] Sandstorm\n|-damage|p1a: Rotom|67/100|[from] Sandstorm\n|faint|p2a: Milotic\n|-ability|p2b: Espathra|Speed Boost|boost\n|-boost|p2b: Espathra|spe|1\n|upkeep\n|\n|t:|1776617361\n|switch|p2a: Charizard|Charizard-Mega-Y, L50, M|61/100\n|-weather|SunnyDay|[from] ability: Drought|[of] p2a: Charizard\n|turn|10\n|\n|t:|1776617384\n|move|p2a: Charizard|Protect|p2a: Charizard\n|-singleturn|p2a: Charizard|Protect\n|move|p2b: Espathra|Lumina Crash|p1a: Rotom\n|-damage|p1a: Rotom|30/100\n|-unboost|p1a: Rotom|spd|2\n|-enditem|p1a: Rotom|Sitrus Berry|[eat]\n|-heal|p1a: Rotom|55/100|[from] item: Sitrus Berry\n|move|p1a: Rotom|Thunderbolt|p2b: Espathra\n|-damage|p2b: Espathra|0 fnt\n|faint|p2b: Espathra\n|cant|p1b: Archaludon|frz\n|\n|-weather|SunnyDay|[upkeep]\n|upkeep\n|turn|11\n|\n|t:|1776617407\n|move|p2a: Charizard|Solar Beam||[still]\n|-prepare|p2a: Charizard|Solar Beam\n|-anim|p2a: Charizard|Solar Beam|p1a: Rotom\n|-supereffective|p1a: Rotom|1\n|-damage|p1a: Rotom|0 fnt\n|faint|p1a: Rotom\n|-curestatus|p1b: Archaludon|frz|[msg]\n|move|p1b: Archaludon|Draco Meteor|p2a: Charizard\n|-damage|p2a: Charizard|0 fnt\n|-unboost|p1b: Archaludon|spa|2\n|faint|p2a: Charizard\n|\n|win|NEONxTOKYO\n|raw|NEONxTOKYO's rating: 1202 &rarr; <strong>1229</strong><br />(+27 for winning)\n|raw|gaelooo's rating: 1228 &rarr; <strong>1201</strong><br />(-27 for losing)\n",
  "uploadtime": 1776617407,
  "views": 11,
  "formatid": "gen9championsvgc2026regma",
  "rating": 1201,
  "private": 0,
  "password": null
}