{
  "id": "gen9championsvgc2026regma-2588596623",
  "format": "[Gen 9 Champions] VGC 2026 Reg M-A",
  "players": [
    "adagerna",
    "Cyclops Apologist"
  ],
  "log": "|j|\u2606adagerna\n|j|\u2606Cyclops Apologist\n|t:|1776648563\n|gametype|doubles\n|player|p1|adagerna|266|1059\n|player|p2|Cyclops Apologist|265|1050\n|gen|9\n|tier|[Gen 9 Champions] VGC 2026 Reg M-A\n|rated|\n|rule|Species Clause: Limit one of each Pok\u00e9mon\n|rule|Item Clause: Limit 1 of each item\n|clearpoke\n|poke|p1|Manectric, L50, M|\n|poke|p1|Incineroar, L50, F|\n|poke|p1|Ditto, L50|\n|poke|p1|Milotic, L50, M|\n|poke|p1|Aerodactyl, L50, F|\n|poke|p1|Sableye, L50, F|\n|poke|p2|Incineroar, L50, F|\n|poke|p2|Aerodactyl, L50, M|\n|poke|p2|Farigiraf, L50, M|\n|poke|p2|Charizard, L50, F|\n|poke|p2|Torkoal, L50, F|\n|poke|p2|Victreebel, L50, F|\n|teampreview|4\n|inactive|Battle timer is ON: inactive players will automatically lose when time's up. (requested by adagerna)\n|\n|t:|1776648592\n|teamsize|p1|4\n|teamsize|p2|4\n|start\n|switch|p1a: Ditto|Ditto, L50|100/100\n|switch|p1b: Sableye|Sableye, L50, F|100/100\n|switch|p2a: Torkoal|Torkoal, L50, F|100/100\n|switch|p2b: Victreebel|Victreebel, L50, F|100/100\n|-transform|p1a: Ditto|p2b: Victreebel|[from] ability: Imposter\n|-weather|SunnyDay|[from] ability: Drought|[of] p2a: Torkoal\n|turn|1\n|inactive|Cyclops Apologist has 30 seconds left.\n|inactive|Cyclops Apologist has 20 seconds left.\n|inactive|Cyclops Apologist has 15 seconds left.\n|\n|t:|1776648637\n|switch|p1a: Milotic|Milotic, L50, M|100/100\n|move|p1b: Sableye|Fake Out|p2a: Torkoal\n|-damage|p2a: Torkoal|93/100\n|move|p2b: Victreebel|Leaf Storm|p1b: Sableye|[miss]\n|-miss|p2b: Victreebel|p1b: Sableye\n|cant|p2a: Torkoal|flinch\n|\n|-weather|SunnyDay|[upkeep]\n|upkeep\n|turn|2\n|\n|t:|1776648658\n|move|p2a: Torkoal|Protect|p2a: Torkoal\n|-singleturn|p2a: Torkoal|Protect\n|move|p2b: Victreebel|Leaf Storm|p1a: Milotic\n|-supereffective|p1a: Milotic|1\n|-damage|p1a: Milotic|34/100\n|-unboost|p2b: Victreebel|spa|2\n|move|p1b: Sableye|Knock Off|p2a: Torkoal\n|-activate|p2a: Torkoal|move: Protect\n|move|p1a: Milotic|Mirror Coat|p2b: Victreebel\n|-damage|p2b: Victreebel|0 fnt\n|faint|p2b: Victreebel\n|\n|-weather|SunnyDay|[upkeep]\n|-heal|p1a: Milotic|40/100|[from] item: Leftovers\n|upkeep\n|\n|t:|1776648677\n|switch|p2b: Farigiraf|Farigiraf, L50, M|100/100\n|turn|3\n|\n|t:|1776648692\n|switch|p2a: Incineroar|Incineroar, L50, F|100/100\n|-ability|p2a: Incineroar|Intimidate|boost\n|-unboost|p1a: Milotic|atk|1\n|-ability|p1a: Milotic|Competitive|boost\n|-boost|p1a: Milotic|spa|2\n|-unboost|p1b: Sableye|atk|1\n|move|p1a: Milotic|Protect|p1a: Milotic\n|-singleturn|p1a: Milotic|Protect\n|move|p1b: Sableye|Knock Off|p2b: Farigiraf\n|-supereffective|p2b: Farigiraf|1\n|-enditem|p2b: Farigiraf|Colbur Berry|[eat]\n|-enditem|p2b: Farigiraf|Colbur Berry|[weaken]\n|-damage|p2b: Farigiraf|75/100\n|move|p2b: Farigiraf|Trick Room|p2b: Farigiraf\n|-fieldstart|move: Trick Room|[of] p2b: Farigiraf\n|\n|-weather|SunnyDay|[upkeep]\n|-heal|p1a: Milotic|46/100|[from] item: Leftovers\n|upkeep\n|turn|4\n|\n|t:|1776648713\n|move|p2b: Farigiraf|Protect|p2b: Farigiraf\n|-singleturn|p2b: Farigiraf|Protect\n|move|p1b: Sableye|Knock Off|p2b: Farigiraf\n|-activate|p2b: Farigiraf|move: Protect\n|move|p2a: Incineroar|Flare Blitz|p1b: Sableye\n|-damage|p1b: Sableye|0 fnt\n|faint|p1b: Sableye\n|-damage|p2a: Incineroar|75/100|[from] Recoil\n|move|p1a: Milotic|Scald|p2a: Incineroar\n|-supereffective|p2a: Incineroar|1\n|-damage|p2a: Incineroar|20/100\n|\n|-weather|SunnyDay|[upkeep]\n|-heal|p1a: Milotic|52/100|[from] item: Leftovers\n|upkeep\n|\n|t:|1776648730\n|switch|p1b: Manectric|Manectric, L50, M|100/100\n|turn|5\n|\n|t:|1776648745\n|detailschange|p1b: Manectric|Manectric-Mega, L50, M\n|-mega|p1b: Manectric|Manectric|Manectite\n|-ability|p1b: Manectric|Intimidate|boost\n|-unboost|p2a: Incineroar|atk|1\n|-unboost|p2b: Farigiraf|atk|1\n|move|p1a: Milotic|Protect|p1a: Milotic\n|-singleturn|p1a: Milotic|Protect\n|move|p1b: Manectric|Protect|p1b: Manectric\n|-singleturn|p1b: Manectric|Protect\n|move|p2b: Farigiraf|Hyper Voice|p1b: Manectric|[spread] \n|-activate|p1a: Milotic|move: Protect\n|-activate|p1b: Manectric|move: Protect\n|move|p2a: Incineroar|Flare Blitz|p1b: Manectric\n|-activate|p1b: Manectric|move: Protect\n|\n|-weather|none\n|-heal|p1a: Milotic|58/100|[from] item: Leftovers\n|upkeep\n|turn|6\n|\n|t:|1776648768\n|move|p2b: Farigiraf|Helping Hand|p2a: Incineroar\n|-singleturn|p2a: Incineroar|Helping Hand|[of] p2b: Farigiraf\n|move|p2a: Incineroar|Flare Blitz|p1b: Manectric\n|-damage|p1b: Manectric|22/100\n|-damage|p2a: Incineroar|1/100|[from] Recoil\n|move|p1a: Milotic|Scald|p2b: Farigiraf\n|-damage|p2b: Farigiraf|32/100\n|move|p1b: Manectric|Snarl|p2b: Farigiraf|[spread] p2a,p2b\n|-resisted|p2a: Incineroar|1\n|-supereffective|p2b: Farigiraf|1\n|-damage|p2a: Incineroar|0 fnt\n|-damage|p2b: Farigiraf|11/100\n|-unboost|p2b: Farigiraf|spa|1\n|faint|p2a: Incineroar\n|\n|-heal|p1a: Milotic|64/100|[from] item: Leftovers\n|upkeep\n|\n|t:|1776648770\n|switch|p2a: Torkoal|Torkoal, L50, F|93/100\n|-weather|SunnyDay|[from] ability: Drought|[of] p2a: Torkoal\n|turn|7\n|\n|t:|1776648789\n|move|p2b: Farigiraf|Helping Hand|p2a: Torkoal\n|-singleturn|p2a: Torkoal|Helping Hand|[of] p2b: Farigiraf\n|move|p1a: Milotic|Protect|p1a: Milotic\n|-singleturn|p1a: Milotic|Protect\n|move|p1b: Manectric|Protect|p1b: Manectric\n|-singleturn|p1b: Manectric|Protect\n|move|p2a: Torkoal|Eruption|p1a: Milotic|[spread] \n|-activate|p1a: Milotic|move: Protect\n|-activate|p1b: Manectric|move: Protect\n|\n|-weather|SunnyDay|[upkeep]\n|-heal|p1a: Milotic|70/100|[from] item: Leftovers\n|-fieldend|move: Trick Room\n|upkeep\n|turn|8\n|\n|t:|1776648807\n|move|p2b: Farigiraf|Protect|p2b: Farigiraf\n|-singleturn|p2b: Farigiraf|Protect\n|move|p1b: Manectric|Snarl|p2a: Torkoal|[spread] p2a\n|-activate|p2b: Farigiraf|move: Protect\n|-damage|p2a: Torkoal|75/100\n|-unboost|p2a: Torkoal|spa|1\n|move|p1a: Milotic|Scald|p2a: Torkoal\n|-supereffective|p2a: Torkoal|1\n|-damage|p2a: Torkoal|0 fnt\n|faint|p2a: Torkoal\n|\n|-weather|SunnyDay|[upkeep]\n|-heal|p1a: Milotic|76/100|[from] item: Leftovers\n|upkeep\n|turn|9\n|-message|Cyclops Apologist forfeited.\n|\n|win|adagerna\n|raw|adagerna's rating: 1059 &rarr; <strong>1089</strong><br />(+30 for winning)\n|raw|Cyclops Apologist's rating: 1050 &rarr; <strong>1033</strong><br />(-17 for losing)\n|l|\u2606Cyclops Apologist\n|player|p2|\n",
  "uploadtime": 1776648824,
  "views": 12,
  "formatid": "gen9championsvgc2026regma",
  "rating": 1033,
  "private": 0,
  "password": null
}