{
  "id": "gen9championsvgc2026regma-2586768984",
  "format": "[Gen 9 Champions] VGC 2026 Reg M-A",
  "players": [
    "Aeterna Act 2",
    "Sibartzy"
  ],
  "log": "|j|\u2606Aeterna Act 2\n|j|\u2606Sibartzy\n|t:|1776458434\n|gametype|doubles\n|player|p1|Aeterna Act 2|marnie|1096\n|player|p2|Sibartzy|whitney|1000\n|gen|9\n|tier|[Gen 9 Champions] VGC 2026 Reg M-A\n|rated|\n|rule|Species Clause: Limit one of each Pok\u00e9mon\n|rule|Item Clause: Limit 1 of each item\n|clearpoke\n|poke|p1|Aggron, L50, M|\n|poke|p1|Sinistcha, L50|\n|poke|p1|Incineroar, L50, F|\n|poke|p1|Alakazam, L50, M|\n|poke|p1|Rotom-Wash, L50|\n|poke|p1|Drampa, L50, M|\n|poke|p2|Drampa, L50, M|\n|poke|p2|Sinistcha, L50|\n|poke|p2|Farigiraf, L50, M|\n|poke|p2|Politoed, L50, M|\n|poke|p2|Kingambit, L50, F|\n|poke|p2|Basculegion, L50, M|\n|teampreview|4\n|inactive|Battle timer is ON: inactive players will automatically lose when time's up. (requested by Sibartzy)\n|inactive|Aeterna Act 2 has 60 seconds left.\n|inactive|Sibartzy has 60 seconds left.\n|inactive|Aeterna Act 2 has 30 seconds left.\n|inactive|Sibartzy has 30 seconds left.\n|\n|t:|1776458502\n|teamsize|p1|4\n|teamsize|p2|4\n|start\n|switch|p1a: Alakazam|Alakazam, L50, M|100/100\n|switch|p1b: Aggron|Aggron, L50, M|100/100\n|switch|p2a: Kingambit|Kingambit, L50, F|100/100\n|switch|p2b: Farigiraf|Farigiraf, L50, M|100/100\n|turn|1\n|\n|t:|1776458523\n|detailschange|p1b: Aggron|Aggron-Mega, L50, M\n|-mega|p1b: Aggron|Aggron|Aggronite\n|move|p2a: Kingambit|Protect|p2a: Kingambit\n|-singleturn|p2a: Kingambit|Protect\n|move|p1a: Alakazam|Reflect|p1a: Alakazam\n|-sidestart|p1: Aeterna Act 2|Reflect\n|move|p2b: Farigiraf|Imprison|p2b: Farigiraf\n|-start|p2b: Farigiraf|move: Imprison\n|move|p1b: Aggron|Body Press|p2a: Kingambit\n|-activate|p2a: Kingambit|move: Protect\n|\n|upkeep\n|turn|2\n|\n|t:|1776458543\n|move|p1a: Alakazam|Light Screen|p1a: Alakazam\n|-sidestart|p1: Aeterna Act 2|move: Light Screen\n|move|p2b: Farigiraf|Hyper Voice|p1b: Aggron|[spread] p1a,p1b\n|-resisted|p1b: Aggron|1\n|-damage|p1a: Alakazam|78/100\n|-damage|p1b: Aggron|94/100\n|move|p1b: Aggron|Body Press|p2a: Kingambit\n|-supereffective|p2a: Kingambit|2\n|-enditem|p2a: Kingambit|Focus Sash\n|-damage|p2a: Kingambit|1/100\n|move|p2a: Kingambit|Kowtow Cleave|p1a: Alakazam\n|-supereffective|p1a: Alakazam|1\n|-damage|p1a: Alakazam|0 fnt\n|faint|p1a: Alakazam\n|\n|upkeep\n|inactive|Aeterna Act 2 has 30 seconds left.\n|\n|t:|1776458572\n|switch|p1a: Rotom|Rotom-Wash, L50|100/100\n|turn|3\n|\n|t:|1776458581\n|switch|p2a: Sinistcha|Sinistcha, L50|100/100\n|move|p1a: Rotom|Trick|p2b: Farigiraf\n|-activate|p1a: Rotom|move: Trick|[of] p2b: Farigiraf\n|-item|p2b: Farigiraf|Choice Scarf|[from] move: Trick\n|-item|p1a: Rotom|Sitrus Berry|[from] move: Trick\n|move|p1b: Aggron|Iron Defense|p1b: Aggron\n|-boost|p1b: Aggron|def|2\n|move|p2b: Farigiraf|Trick Room|p2b: Farigiraf\n|-fieldstart|move: Trick Room|[of] p2b: Farigiraf\n|\n|upkeep\n|turn|4\n|\n|t:|1776458606\n|switch|p2b: Kingambit|Kingambit, L50, F|1/100\n|move|p1b: Aggron|Body Press|p2b: Kingambit\n|-supereffective|p2b: Kingambit|2\n|-damage|p2b: Kingambit|0 fnt\n|faint|p2b: Kingambit\n|move|p2a: Sinistcha|Matcha Gotcha|p1a: Rotom|[spread] p1a,p1b\n|-supereffective|p1a: Rotom|1\n|-resisted|p1b: Aggron|1\n|-damage|p1a: Rotom|59/100\n|-damage|p1b: Aggron|87/100\n|move|p1a: Rotom|Shadow Ball|p2a: Sinistcha\n|-supereffective|p2a: Sinistcha|1\n|-damage|p2a: Sinistcha|49/100\n|\n|-heal|p2a: Sinistcha|55/100|[from] item: Leftovers\n|upkeep\n|\n|t:|1776458620\n|switch|p2b: Drampa|Drampa, L50, M, shiny|100/100\n|-ability|p2b: Drampa|Cloud Nine\n|turn|5\n|\n|t:|1776458636\n|detailschange|p2b: Drampa|Drampa-Mega, L50, M, shiny\n|-mega|p2b: Drampa|Drampa|Drampanite\n|move|p2b: Drampa|Calm Mind|p2b: Drampa\n|-boost|p2b: Drampa|spa|1\n|-boost|p2b: Drampa|spd|1\n|move|p1b: Aggron|Body Press|p2b: Drampa\n|-supereffective|p2b: Drampa|1\n|-damage|p2b: Drampa|0 fnt\n|faint|p2b: Drampa\n|move|p2a: Sinistcha|Strength Sap|p1b: Aggron\n|-unboost|p1b: Aggron|atk|1\n|-heal|p2a: Sinistcha|100/100\n|move|p1a: Rotom|Shadow Ball|p2a: Sinistcha\n|-supereffective|p2a: Sinistcha|1\n|-damage|p2a: Sinistcha|45/100\n|\n|-heal|p2a: Sinistcha|52/100|[from] item: Leftovers\n|-sideend|p1: Aeterna Act 2|Reflect\n|upkeep\n|\n|t:|1776458652\n|switch|p2b: Farigiraf|Farigiraf, L50, M|100/100\n|turn|6\n|\n|t:|1776458667\n|move|p1b: Aggron|Body Press|p2b: Farigiraf\n|-damage|p2b: Farigiraf|30/100\n|move|p2a: Sinistcha|Strength Sap|p1b: Aggron\n|-unboost|p1b: Aggron|atk|1\n|-heal|p2a: Sinistcha|100/100\n|move|p2b: Farigiraf|Hyper Voice|p1a: Rotom|[spread] p1a,p1b\n|-resisted|p1b: Aggron|1\n|-damage|p1a: Rotom|37/100\n|-damage|p1b: Aggron|81/100\n|-enditem|p1a: Rotom|Sitrus Berry|[eat]\n|-heal|p1a: Rotom|61/100|[from] item: Sitrus Berry\n|move|p1a: Rotom|Shadow Ball|p2a: Sinistcha\n|-supereffective|p2a: Sinistcha|1\n|-damage|p2a: Sinistcha|47/100\n|\n|-heal|p2a: Sinistcha|53/100|[from] item: Leftovers\n|-sideend|p1: Aeterna Act 2|move: Light Screen\n|upkeep\n|turn|7\n|\n|t:|1776458690\n|move|p1b: Aggron|Body Press|p2b: Farigiraf\n|-damage|p2b: Farigiraf|0 fnt\n|faint|p2b: Farigiraf\n|move|p2a: Sinistcha|Matcha Gotcha|p1a: Rotom|[spread] p1a,p1b\n|-supereffective|p1a: Rotom|1\n|-resisted|p1b: Aggron|1\n|-damage|p1a: Rotom|0 fnt\n|-heal|p2a: Sinistcha|75/100|[from] drain|[of] p1a: Rotom\n|-damage|p1b: Aggron|71/100\n|-heal|p2a: Sinistcha|80/100|[from] drain|[of] p1b: Aggron\n|faint|p1a: Rotom\n|\n|-heal|p2a: Sinistcha|86/100|[from] item: Leftovers\n|-fieldend|move: Trick Room\n|upkeep\n|\n|t:|1776458700\n|switch|p1a: Sinistcha|Sinistcha, L50|100/100\n|-heal|p1b: Aggron|95/100|[from] ability: Hospitality|[of] p1a: Sinistcha\n|turn|8\n|\n|t:|1776458715\n|move|p2a: Sinistcha|Matcha Gotcha|p1b: Aggron|[spread] p1a\n|-miss|p2a: Sinistcha|p1b: Aggron\n|-resisted|p1a: Sinistcha|1\n|-damage|p1a: Sinistcha|86/100\n|-heal|p2a: Sinistcha|93/100|[from] drain|[of] p1a: Sinistcha\n|move|p1a: Sinistcha|Matcha Gotcha|p2a: Sinistcha|[miss]\n|-miss|p1a: Sinistcha|p2a: Sinistcha\n|move|p1b: Aggron|Heavy Slam|p2a: Sinistcha\n|-damage|p2a: Sinistcha|73/100\n|\n|-heal|p2a: Sinistcha|79/100|[from] item: Leftovers\n|-heal|p1a: Sinistcha|93/100|[from] item: Leftovers\n|upkeep\n|turn|9\n|\n|t:|1776458729\n|move|p1a: Sinistcha|Matcha Gotcha|p2a: Sinistcha\n|-resisted|p2a: Sinistcha|1\n|-damage|p2a: Sinistcha|60/100\n|-heal|p1a: Sinistcha|100/100|[from] drain|[of] p2a: Sinistcha\n|move|p2a: Sinistcha|Matcha Gotcha|p1b: Aggron|[spread] p1a\n|-miss|p2a: Sinistcha|p1b: Aggron\n|-resisted|p1a: Sinistcha|1\n|-damage|p1a: Sinistcha|86/100\n|-heal|p2a: Sinistcha|67/100|[from] drain|[of] p1a: Sinistcha\n|-status|p1a: Sinistcha|brn\n|move|p1b: Aggron|Heavy Slam|p2a: Sinistcha\n|-crit|p2a: Sinistcha\n|-damage|p2a: Sinistcha|6/100\n|\n|-heal|p1a: Sinistcha|93/100 brn|[from] item: Leftovers\n|-heal|p2a: Sinistcha|12/100|[from] item: Leftovers\n|-damage|p1a: Sinistcha|86/100 brn|[from] brn\n|upkeep\n|turn|10\n|\n|t:|1776458747\n|move|p2a: Sinistcha|Matcha Gotcha|p1a: Sinistcha|[spread] p1a,p1b\n|-resisted|p1a: Sinistcha|1\n|-resisted|p1b: Aggron|1\n|-damage|p1a: Sinistcha|72/100 brn\n|-heal|p2a: Sinistcha|20/100|[from] drain|[of] p1a: Sinistcha\n|-damage|p1b: Aggron|85/100\n|-heal|p2a: Sinistcha|25/100|[from] drain|[of] p1b: Aggron\n|move|p1a: Sinistcha|Scald|p2a: Sinistcha\n|-resisted|p2a: Sinistcha|1\n|-damage|p2a: Sinistcha|13/100\n|-status|p2a: Sinistcha|brn\n|move|p1b: Aggron|Heavy Slam|p2a: Sinistcha\n|-damage|p2a: Sinistcha|0 fnt\n|faint|p2a: Sinistcha\n|\n|win|Aeterna Act 2\n|raw|Aeterna Act 2's rating: 1096 &rarr; <strong>1115</strong><br />(+19 for winning)\n|raw|Sibartzy's rating: 1000 &rarr; <strong>1000</strong><br />(+0 for losing)\n",
  "uploadtime": 1776458752,
  "views": 25,
  "formatid": "gen9championsvgc2026regma",
  "rating": 1000,
  "private": 0,
  "password": null
}