{
  "id": "gen9championsvgc2026regma-2584103566",
  "format": "[Gen 9 Champions] VGC 2026 Reg M-A",
  "players": [
    "idunnoagoodnam",
    "JqckZzz"
  ],
  "log": "|j|\u2606idunnoagoodnam\n|j|\u2606JqckZzz\n|t:|1776225487\n|gametype|doubles\n|player|p1|idunnoagoodnam|169|1192\n|player|p2|JqckZzz|brycen|1146\n|gen|9\n|tier|[Gen 9 Champions] VGC 2026 Reg M-A\n|rated|\n|rule|Species Clause: Limit one of each Pok\u00e9mon\n|rule|Item Clause: Limit 1 of each item\n|clearpoke\n|poke|p1|Charizard, L50, M|\n|poke|p1|Sinistcha, L50|\n|poke|p1|Milotic, L50, M|\n|poke|p1|Aerodactyl, L50, F|\n|poke|p1|Froslass, L50, F|\n|poke|p1|Incineroar, L50, F|\n|poke|p2|Gengar, L50, M|\n|poke|p2|Incineroar, L50, M|\n|poke|p2|Garchomp, L50, M|\n|poke|p2|Corviknight, L50, M|\n|poke|p2|Whimsicott, L50, F|\n|poke|p2|Sneasler, L50, F|\n|teampreview|4\n|inactive|Battle timer is ON: inactive players will automatically lose when time's up. (requested by JqckZzz)\n|\n|t:|1776225509\n|teamsize|p1|4\n|teamsize|p2|4\n|start\n|switch|p1a: Charizard|Charizard, L50, M|100/100\n|switch|p1b: Aerodactyl|Aerodactyl, L50, F|100/100\n|switch|p2a: Corviknight|Corviknight, L50, M|100/100\n|switch|p2b: Sneasler|Sneasler, L50, F|100/100\n|-ability|p1b: Aerodactyl|Unnerve\n|turn|1\n|inactive|JqckZzz has 30 seconds left.\n|\n|t:|1776225538\n|switch|p2b: Incineroar|Incineroar, L50, M, shiny|100/100\n|-ability|p2b: Incineroar|Intimidate|boost\n|-unboost|p1a: Charizard|atk|1\n|-unboost|p1b: Aerodactyl|atk|1\n|move|p1b: Aerodactyl|Protect|p1b: Aerodactyl\n|-singleturn|p1b: Aerodactyl|Protect\n|move|p1a: Charizard|Protect|p1a: Charizard\n|-singleturn|p1a: Charizard|Protect\n|move|p2a: Corviknight|Brave Bird|p1a: Charizard\n|-activate|p1a: Charizard|move: Protect\n|\n|upkeep\n|turn|2\n|inactive|JqckZzz has 30 seconds left.\n|\n|t:|1776225564\n|switch|p1b: Milotic|Milotic, L50, M|100/100\n|switch|p1a: Sinistcha|Sinistcha, L50|100/100\n|move|p2b: Incineroar|Fake Out|p1a: Sinistcha\n|-immune|p1a: Sinistcha\n|move|p2a: Corviknight|Brave Bird|p1a: Sinistcha\n|-supereffective|p1a: Sinistcha|1\n|-damage|p1a: Sinistcha|52/100\n|-damage|p2a: Corviknight|85/100|[from] Recoil\n|\n|-heal|p2a: Corviknight|91/100|[from] item: Leftovers\n|upkeep\n|turn|3\n|\n|t:|1776225579\n|move|p1b: Milotic|Coil|p1b: Milotic\n|-boost|p1b: Milotic|atk|1\n|-boost|p1b: Milotic|def|1\n|-boost|p1b: Milotic|accuracy|1\n|move|p1a: Sinistcha|Life Dew||[still]|[spread] p1a,p1b\n|-heal|p1a: Sinistcha|77/100\n|-fail|p1b: Milotic|heal\n|move|p2a: Corviknight|Iron Defense|p2a: Corviknight\n|-boost|p2a: Corviknight|def|2\n|move|p2b: Incineroar|Parting Shot|p1b: Milotic\n|-unboost|p1b: Milotic|atk|1\n|-ability|p1b: Milotic|Competitive|boost\n|-boost|p1b: Milotic|spa|2\n|-unboost|p1b: Milotic|spa|1\n|-ability|p1b: Milotic|Competitive|boost\n|-boost|p1b: Milotic|spa|2\n|\n|t:|1776225596\n|switch|p2b: Sneasler|Sneasler, L50, F|100/100|[from] Parting Shot\n|\n|-heal|p2a: Corviknight|97/100|[from] item: Leftovers\n|upkeep\n|turn|4\n|\n|t:|1776225614\n|move|p2b: Sneasler|Fake Out|p1b: Milotic\n|-damage|p1b: Milotic|90/100\n|move|p1a: Sinistcha|Rage Powder|p1a: Sinistcha\n|-singleturn|p1a: Sinistcha|move: Rage Powder\n|cant|p1b: Milotic|flinch\n|move|p2a: Corviknight|Iron Defense|p2a: Corviknight\n|-boost|p2a: Corviknight|def|2\n|\n|-heal|p1b: Milotic|96/100|[from] item: Leftovers\n|-heal|p2a: Corviknight|100/100|[from] item: Leftovers\n|upkeep\n|turn|5\n|\n|t:|1776225626\n|move|p2b: Sneasler|Protect|p2b: Sneasler\n|-singleturn|p2b: Sneasler|Protect\n|move|p1a: Sinistcha|Rage Powder|p1a: Sinistcha\n|-singleturn|p1a: Sinistcha|move: Rage Powder\n|move|p1b: Milotic|Muddy Water|p2a: Corviknight|[spread] p2a\n|-activate|p2b: Sneasler|move: Protect\n|-damage|p2a: Corviknight|47/100\n|-ability|p2a: Corviknight|Mirror Armor\n|-unboost|p1b: Milotic|accuracy|1\n|-ability|p1b: Milotic|Competitive|boost\n|-boost|p1b: Milotic|spa|2\n|move|p2a: Corviknight|Brave Bird|p1a: Sinistcha\n|-supereffective|p1a: Sinistcha|1\n|-damage|p1a: Sinistcha|30/100\n|-damage|p2a: Corviknight|32/100|[from] Recoil\n|\n|-heal|p1b: Milotic|100/100|[from] item: Leftovers\n|-heal|p2a: Corviknight|38/100|[from] item: Leftovers\n|upkeep\n|turn|6\n|inactive|JqckZzz has 30 seconds left.\n|inactive|JqckZzz has 20 seconds left.\n|inactive|JqckZzz has 15 seconds left.\n|inactive|JqckZzz has 10 seconds left.\n|\n|t:|1776225675\n|move|p1a: Sinistcha|Rage Powder|p1a: Sinistcha\n|-singleturn|p1a: Sinistcha|move: Rage Powder\n|move|p2b: Sneasler|Dire Claw|p1a: Sinistcha\n|-damage|p1a: Sinistcha|1/100\n|move|p1b: Milotic|Coil|p1b: Milotic\n|-boost|p1b: Milotic|atk|1\n|-boost|p1b: Milotic|def|1\n|-boost|p1b: Milotic|accuracy|1\n|move|p2a: Corviknight|Roost|p2a: Corviknight\n|-heal|p2a: Corviknight|88/100\n|-singleturn|p2a: Corviknight|move: Roost\n|\n|-heal|p2a: Corviknight|94/100|[from] item: Leftovers\n|upkeep\n|turn|7\n|inactive|JqckZzz has 30 seconds left.\n|\n|t:|1776225702\n|move|p1a: Sinistcha|Rage Powder|p1a: Sinistcha\n|-singleturn|p1a: Sinistcha|move: Rage Powder\n|move|p2b: Sneasler|Dire Claw|p1a: Sinistcha\n|-damage|p1a: Sinistcha|0 fnt\n|faint|p1a: Sinistcha\n|move|p1b: Milotic|Muddy Water|p2b: Sneasler|[spread] p2a,p2b\n|-crit|p2b: Sneasler\n|-damage|p2a: Corviknight|20/100\n|-damage|p2b: Sneasler|0 fnt\n|-ability|p2a: Corviknight|Mirror Armor\n|-unboost|p1b: Milotic|accuracy|1\n|-ability|p1b: Milotic|Competitive|boost\n|-boost|p1b: Milotic|spa|1\n|faint|p2b: Sneasler\n|move|p2a: Corviknight|Body Press|p1b: Milotic\n|-damage|p1b: Milotic|60/100\n|\n|-heal|p1b: Milotic|66/100|[from] item: Leftovers\n|-heal|p2a: Corviknight|26/100|[from] item: Leftovers\n|upkeep\n|\n|t:|1776225721\n|switch|p2b: Gengar|Gengar, L50, M, shiny|100/100\n|switch|p1a: Aerodactyl|Aerodactyl, L50, F|100/100\n|-ability|p1a: Aerodactyl|Unnerve\n|turn|8\n|inactive|JqckZzz has 30 seconds left.\n|\n|t:|1776225750\n|switch|p2a: Incineroar|Incineroar, L50, M, shiny|100/100\n|-ability|p2a: Incineroar|Intimidate|boost\n|-unboost|p1a: Aerodactyl|atk|1\n|-unboost|p1b: Milotic|atk|1\n|-boost|p1b: Milotic|spa|0\n|detailschange|p2b: Gengar|Gengar-Mega, L50, M, shiny\n|-mega|p2b: Gengar|Gengar|Gengarite\n|move|p2b: Gengar|Shadow Ball|p1b: Milotic\n|-damage|p1b: Milotic|37/100\n|move|p1a: Aerodactyl|Tailwind|p1a: Aerodactyl\n|-sidestart|p1: idunnoagoodnam|move: Tailwind\n|move|p1b: Milotic|Muddy Water|p2b: Gengar|[spread] p2a,p2b\n|-supereffective|p2a: Incineroar|1\n|-damage|p2a: Incineroar|0 fnt\n|-damage|p2b: Gengar|0 fnt\n|faint|p2a: Incineroar\n|faint|p2b: Gengar\n|\n|-heal|p1b: Milotic|43/100|[from] item: Leftovers\n|upkeep\n|-message|JqckZzz forfeited.\n|\n|win|idunnoagoodnam\n|raw|idunnoagoodnam's rating: 1192 &rarr; <strong>1214</strong><br />(+22 for winning)\n|raw|JqckZzz's rating: 1146 &rarr; <strong>1124</strong><br />(-22 for losing)\n|l|\u2606JqckZzz\n|player|p2|\n",
  "uploadtime": 1776225773,
  "views": 27,
  "formatid": "gen9championsvgc2026regma",
  "rating": 1124,
  "private": 0,
  "password": null
}