{
  "id": "gen9championsvgc2026regma-2585050834",
  "format": "[Gen 9 Champions] VGC 2026 Reg M-A",
  "players": [
    "boysenorange",
    "TayDeWay"
  ],
  "log": "|j|\u2606boysenorange\n|j|\u2606TayDeWay\n|t:|1776306839\n|gametype|doubles\n|player|p1|boysenorange|turo|1207\n|player|p2|TayDeWay|101|1240\n|gen|9\n|tier|[Gen 9 Champions] VGC 2026 Reg M-A\n|rated|\n|rule|Species Clause: Limit one of each Pok\u00e9mon\n|rule|Item Clause: Limit 1 of each item\n|clearpoke\n|poke|p1|Incineroar, L50, F|\n|poke|p1|Hatterene, L50, F|\n|poke|p1|Farigiraf, L50, F|\n|poke|p1|Torkoal, L50, M|\n|poke|p1|Kingambit, L50, F|\n|poke|p1|Floette-Eternal, L50, F|\n|poke|p2|Corviknight, L50, F|\n|poke|p2|Tyranitar, L50, M|\n|poke|p2|Rotom-Wash, L50|\n|poke|p2|Sinistcha-Masterpiece, L50|\n|poke|p2|Slowbro-Galar, L50, F|\n|poke|p2|Kommo-o, L50, F|\n|teampreview|4\nTayDeWay rejected open team sheets.\n|\n|t:|1776306901\n|teamsize|p1|4\n|teamsize|p2|4\n|start\n|switch|p1a: Incineroar|Incineroar, L50, F|100/100\n|switch|p1b: Farigiraf|Farigiraf, L50, F|100/100\n|switch|p2a: Tyranitar|Tyranitar, L50, M|100/100\n|switch|p2b: Rotom|Rotom-Wash, L50|100/100\n|-weather|Sandstorm|[from] ability: Sand Stream|[of] p2a: Tyranitar\n|-ability|p1a: Incineroar|Intimidate|boost\n|-unboost|p2a: Tyranitar|atk|1\n|-unboost|p2b: Rotom|atk|1\n|turn|1\n|inactive|Battle timer is ON: inactive players will automatically lose when time's up. (requested by TayDeWay)\n|\n|t:|1776306918\n|move|p1a: Incineroar|Fake Out|p2a: Tyranitar\n|-resisted|p2a: Tyranitar|1\n|-damage|p2a: Tyranitar|96/100\n|move|p2b: Rotom|Hydro Pump|p1a: Incineroar\n|-supereffective|p1a: Incineroar|1\n|-damage|p1a: Incineroar|29/100\n|cant|p2a: Tyranitar|flinch\n|move|p1b: Farigiraf|Trick Room|p1b: Farigiraf\n|-fieldstart|move: Trick Room|[of] p1b: Farigiraf\n|\n|-weather|Sandstorm|[upkeep]\n|-damage|p1a: Incineroar|23/100|[from] Sandstorm\n|-damage|p1b: Farigiraf|94/100|[from] Sandstorm\n|-damage|p2b: Rotom|95/100|[from] Sandstorm\n|-heal|p2b: Rotom|100/100|[from] item: Leftovers\n|upkeep\n|turn|2\n|\n|t:|1776306930\n|switch|p1b: Torkoal|Torkoal, L50, M|100/100\n|-weather|SunnyDay|[from] ability: Drought|[of] p1b: Torkoal\n|move|p1a: Incineroar|Close Combat|p2a: Tyranitar\n|-supereffective|p2a: Tyranitar|2\n|-damage|p2a: Tyranitar|0 fnt\n|-unboost|p1a: Incineroar|def|1\n|-unboost|p1a: Incineroar|spd|1\n|faint|p2a: Tyranitar\n|-enditem|p1a: Incineroar|White Herb\n|-clearnegativeboost|p1a: Incineroar|[silent]\n|move|p2b: Rotom|Hydro Pump|p1b: Torkoal|[miss]\n|-miss|p2b: Rotom|p1b: Torkoal\n|\n|-weather|SunnyDay|[upkeep]\n|upkeep\n|\n|t:|1776306939\n|switch|p2a: Slowbro|Slowbro-Galar, L50, F|100/100\n|turn|3\n|\n|t:|1776306961\n|move|p2a: Slowbro|Protect|p2a: Slowbro\n|-singleturn|p2a: Slowbro|Protect\n|move|p1b: Torkoal|Eruption|p2b: Rotom|[spread] p2b\n|-activate|p2a: Slowbro|move: Protect\n|-resisted|p2b: Rotom|1\n|-damage|p2b: Rotom|58/100\n|move|p1a: Incineroar|Darkest Lariat|p2b: Rotom\n|-damage|p2b: Rotom|30/100\n|move|p2b: Rotom|Hydro Pump|p1b: Torkoal\n|-supereffective|p1b: Torkoal|1\n|-damage|p1b: Torkoal|46/100\n|\n|-weather|SunnyDay|[upkeep]\n|-heal|p2b: Rotom|36/100|[from] item: Leftovers\n|upkeep\n|turn|4\n|\n|t:|1776306986\n|move|p2b: Rotom|Protect|p2b: Rotom\n|-singleturn|p2b: Rotom|Protect\n|move|p1b: Torkoal|Weather Ball|p2a: Slowbro\n|-damage|p2a: Slowbro|11/100\n|move|p2a: Slowbro|Liquidation|p1a: Incineroar\n|-supereffective|p1a: Incineroar|1\n|-damage|p1a: Incineroar|0 fnt\n|faint|p1a: Incineroar\n|\n|-weather|SunnyDay|[upkeep]\n|-heal|p2b: Rotom|42/100|[from] item: Leftovers\n|upkeep\n|\n|t:|1776306994\n|switch|p1a: Farigiraf|Farigiraf, L50, F|94/100\n|turn|5\n|-activate|p2a: Slowbro|item: Quick Claw\n|\n|t:|1776307005\n|move|p2a: Slowbro|Liquidation|p1b: Torkoal\n|-supereffective|p1b: Torkoal|1\n|-damage|p1b: Torkoal|25/100\n|move|p1b: Torkoal|Weather Ball|p2b: Rotom\n|-resisted|p2b: Rotom|1\n|-damage|p2b: Rotom|1/100\n|move|p1a: Farigiraf|Hyper Voice|p2b: Rotom|[spread] p2a,p2b\n|-crit|p2b: Rotom\n|-damage|p2a: Slowbro|0 fnt\n|-damage|p2b: Rotom|0 fnt\n|faint|p2a: Slowbro\n|faint|p2b: Rotom\n|\n|-weather|SunnyDay|[upkeep]\n|-fieldend|move: Trick Room\n|upkeep\n|\n|t:|1776307011\n|switch|p2b: Corviknight|Corviknight, L50, F|100/100\n|turn|6\n|\n|t:|1776307019\n|move|p1b: Torkoal|Protect|p1b: Torkoal\n|-singleturn|p1b: Torkoal|Protect\n|move|p2b: Corviknight|Body Press|p1b: Torkoal\n|-activate|p1b: Torkoal|move: Protect\n|move|p1a: Farigiraf|Trick Room|p1a: Farigiraf\n|-fieldstart|move: Trick Room|[of] p1a: Farigiraf\n|\n|-weather|none\n|upkeep\n|turn|7\n|\n|t:|1776307028\n|switch|p1b: Floette|Floette-Eternal, L50, F|100/100\n|move|p1a: Farigiraf|Psychic|p2b: Corviknight\n|-resisted|p2b: Corviknight|1\n|-damage|p2b: Corviknight|82/100\n|move|p2b: Corviknight|Body Press|p1b: Floette\n|-resisted|p1b: Floette|1\n|-damage|p1b: Floette|78/100\n|\n|upkeep\n|turn|8\n|\n|t:|1776307044\n|detailschange|p1b: Floette|Floette-Mega, L50, F\n|-mega|p1b: Floette|Floette|Floettite\n|-ability|p1b: Floette|Fairy Aura\n|move|p1a: Farigiraf|Psychic|p2b: Corviknight\n|-resisted|p2b: Corviknight|1\n|-damage|p2b: Corviknight|65/100\n|move|p2b: Corviknight|Iron Head|p1b: Floette\n|-supereffective|p1b: Floette|1\n|-damage|p1b: Floette|10/100\n|move|p1b: Floette|Moonblast|p2b: Corviknight\n|-resisted|p2b: Corviknight|1\n|-damage|p2b: Corviknight|23/100\n|\n|upkeep\n|turn|9\n|-message|TayDeWay forfeited.\n|\n|win|boysenorange\n|raw|boysenorange's rating: 1207 &rarr; <strong>1234</strong><br />(+27 for winning)\n|raw|TayDeWay's rating: 1240 &rarr; <strong>1213</strong><br />(-27 for losing)\n|l|\u2606TayDeWay\n|player|p2|\n",
  "uploadtime": 1776307058,
  "views": 39,
  "formatid": "gen9championsvgc2026regma",
  "rating": 1213,
  "private": 0,
  "password": null
}