{
  "id": "gen9championsvgc2026regma-2588185748",
  "format": "[Gen 9 Champions] VGC 2026 Reg M-A",
  "players": [
    "PlussolA",
    "dd18090"
  ],
  "log": "|j|\u2606PlussolA\n|j|\u2606dd18090\n|t:|1776612513\n|gametype|doubles\n|player|p1|PlussolA|giovanni|1046\n|player|p2|dd18090|clerk|1000\n|gen|9\n|tier|[Gen 9 Champions] VGC 2026 Reg M-A\n|rated|\n|rule|Species Clause: Limit one of each Pok\u00e9mon\n|rule|Item Clause: Limit 1 of each item\n|clearpoke\n|poke|p1|Aggron, L50, F|\n|poke|p1|Aerodactyl, L50, M|\n|poke|p1|Garchomp, L50, M|\n|poke|p1|Rotom-Wash, L50|\n|poke|p1|Sinistcha, L50|\n|poke|p1|Incineroar, L50, M|\n|poke|p2|Charizard, L50, F|\n|poke|p2|Incineroar, L50, F|\n|poke|p2|Typhlosion-Hisui, L50, F|\n|poke|p2|Whimsicott, L50, F|\n|poke|p2|Venusaur, L50, F|\n|poke|p2|Torkoal, L50, F|\n|teampreview|4\n|inactive|Battle timer is ON: inactive players will automatically lose when time's up. (requested by PlussolA)\n|\n|t:|1776612538\n|teamsize|p1|4\n|teamsize|p2|4\n|start\n|switch|p1a: Aerodactyl|Aerodactyl, L50, M|100/100\n|switch|p1b: Aggron|Aggron, L50, F|100/100\n|switch|p2a: Incineroar|Incineroar, L50, F|100/100\n|switch|p2b: Whimsicott|Whimsicott, L50, F|100/100\n|-ability|p1a: Aerodactyl|Unnerve\n|-ability|p2a: Incineroar|Intimidate|boost\n|-unboost|p1a: Aerodactyl|atk|1\n|-unboost|p1b: Aggron|atk|1\n|turn|1\n|\n|t:|1776612557\n|move|p2a: Incineroar|Fake Out|p1a: Aerodactyl\n|-resisted|p1a: Aerodactyl|1\n|-damage|p1a: Aerodactyl|92/100\n|move|p2b: Whimsicott|Tailwind|p2b: Whimsicott\n|-sidestart|p2: dd18090|move: Tailwind\n|cant|p1a: Aerodactyl|flinch\n|move|p1b: Aggron|Heavy Slam|p2b: Whimsicott\n|-supereffective|p2b: Whimsicott|1\n|-damage|p2b: Whimsicott|4/100\n|\n|upkeep\n|turn|2\n|inactive|dd18090 has 30 seconds left.\n|\n|t:|1776612586\n|move|p2b: Whimsicott|Moonblast|p1a: Aerodactyl\n|-damage|p1a: Aerodactyl|43/100\n|move|p1a: Aerodactyl|Tailwind|p1a: Aerodactyl\n|-sidestart|p1: PlussolA|move: Tailwind\n|move|p1b: Aggron|Rock Slide|p2b: Whimsicott|[spread] p2a,p2b\n|-supereffective|p2a: Incineroar|1\n|-damage|p2a: Incineroar|78/100\n|-damage|p2b: Whimsicott|0 fnt\n|faint|p2b: Whimsicott\n|cant|p2a: Incineroar|flinch\n|\n|upkeep\n|\n|t:|1776612596\n|switch|p2b: Charizard|Charizard, L50, F|100/100\n|turn|3\n|\n|t:|1776612613\n|move|p2b: Charizard|Protect|p2b: Charizard\n|-singleturn|p2b: Charizard|Protect\n|move|p1a: Aerodactyl|Rock Slide|p2a: Incineroar|[spread] p2a\n|-activate|p2b: Charizard|move: Protect\n|-supereffective|p2a: Incineroar|1\n|-damage|p2a: Incineroar|50/100\n|move|p1b: Aggron|Rock Slide|p2a: Incineroar|[spread] p2a\n|-activate|p2b: Charizard|move: Protect\n|-supereffective|p2a: Incineroar|1\n|-damage|p2a: Incineroar|29/100\n|move|p2a: Incineroar|Flare Blitz|p1b: Aggron\n|-damage|p1b: Aggron|65/100\n|-damage|p2a: Incineroar|19/100|[from] Recoil\n|\n|upkeep\n|turn|4\n|inactive|PlussolA has 30 seconds left.\n|inactive|dd18090 has 30 seconds left.\n|\n|t:|1776612641\n|detailschange|p2b: Charizard|Charizard-Mega-Y, L50, F\n|-mega|p2b: Charizard|Charizard|Charizardite Y\n|-weather|SunnyDay|[from] ability: Drought|[of] p2b: Charizard\n|move|p1a: Aerodactyl|Protect|p1a: Aerodactyl\n|-singleturn|p1a: Aerodactyl|Protect\n|move|p1b: Aggron|Protect|p1b: Aggron\n|-singleturn|p1b: Aggron|Protect\n|move|p2b: Charizard|Heat Wave|p1a: Aerodactyl|[spread] \n|-activate|p1a: Aerodactyl|move: Protect\n|-activate|p1b: Aggron|move: Protect\n|move|p2a: Incineroar|Parting Shot|p1a: Aerodactyl\n|-activate|p1a: Aerodactyl|move: Protect\n|\n|-weather|SunnyDay|[upkeep]\n|-sideend|p2: dd18090|move: Tailwind\n|upkeep\n|turn|5\n|inactive|PlussolA has 30 seconds left.\n|\n|t:|1776612668\n|move|p2b: Charizard|Protect|p2b: Charizard\n|-singleturn|p2b: Charizard|Protect\n|move|p1a: Aerodactyl|Rock Slide|p2a: Incineroar|[spread] p2a\n|-activate|p2b: Charizard|move: Protect\n|-supereffective|p2a: Incineroar|1\n|-damage|p2a: Incineroar|0 fnt\n|faint|p2a: Incineroar\n|move|p1b: Aggron|Rock Slide|p2b: Charizard\n|-activate|p2b: Charizard|move: Protect\n|\n|-weather|SunnyDay|[upkeep]\n|-sideend|p1: PlussolA|move: Tailwind\n|upkeep\n|\n|t:|1776612679\n|switch|p2a: Typhlosion|Typhlosion-Hisui, L50, F|100/100\n|turn|6\n|\n|t:|1776612686\n|detailschange|p1b: Aggron|Aggron-Mega, L50, F\n|-mega|p1b: Aggron|Aggron|Aggronite\n|move|p1a: Aerodactyl|Tailwind|p1a: Aerodactyl\n|-sidestart|p1: PlussolA|move: Tailwind\n|move|p1b: Aggron|Rock Slide|p2a: Typhlosion|[spread] p2a,p2b\n|-supereffective|p2a: Typhlosion|1\n|-supereffective|p2b: Charizard|2\n|-damage|p2a: Typhlosion|66/100\n|-damage|p2b: Charizard|28/100\n|move|p2a: Typhlosion|Heat Wave|p1a: Aerodactyl|[spread] p1a,p1b\n|-resisted|p1a: Aerodactyl|1\n|-supereffective|p1b: Aggron|1\n|-crit|p1b: Aggron\n|-damage|p1a: Aerodactyl|0 fnt\n|-damage|p1b: Aggron|0 fnt\n|faint|p1a: Aerodactyl\n|faint|p1b: Aggron\n|move|p2b: Charizard|Heat Wave|p1: Aerodactyl|[notarget]\n|-fail|p2b: Charizard\n|\n|-weather|SunnyDay|[upkeep]\n|upkeep\n|\n|t:|1776612700\n|switch|p1a: Sinistcha|Sinistcha, L50|100/100\n|switch|p1b: Garchomp|Garchomp, L50, M|100/100\n|turn|7\n|\n|t:|1776612722\n|move|p1b: Garchomp|Dragon Claw|p2b: Charizard\n|-damage|p2b: Charizard|0 fnt\n|faint|p2b: Charizard\n|move|p1a: Sinistcha|Matcha Gotcha|p2a: Typhlosion\n|-resisted|p2a: Typhlosion|1\n|-damage|p2a: Typhlosion|42/100\n|move|p2a: Typhlosion|Heat Wave|p1b: Garchomp|[spread] p1a,p1b\n|-supereffective|p1a: Sinistcha|1\n|-resisted|p1b: Garchomp|1\n|-damage|p1a: Sinistcha|0 fnt\n|-damage|p1b: Garchomp|66/100\n|-status|p1b: Garchomp|brn\n|faint|p1a: Sinistcha\n|\n|-weather|SunnyDay|[upkeep]\n|-damage|p1b: Garchomp|60/100 brn|[from] brn\n|upkeep\n|turn|8\n|\n|t:|1776612745\n|move|p1b: Garchomp|Earthquake|p2a: Typhlosion\n|-supereffective|p2a: Typhlosion|1\n|-damage|p2a: Typhlosion|0 fnt\n|faint|p2a: Typhlosion\n|\n|win|PlussolA\n|raw|PlussolA's rating: 1046 &rarr; <strong>1075</strong><br />(+29 for winning)\n|raw|dd18090's rating: 1000 &rarr; <strong>1000</strong><br />(+0 for losing)\n|l|\u2606dd18090\n|player|p2|\n",
  "uploadtime": 1776612750,
  "views": 11,
  "formatid": "gen9championsvgc2026regma",
  "rating": 1000,
  "private": 0,
  "password": null
}