{
  "id": "gen9championsvgc2026regma-2587044489",
  "format": "[Gen 9 Champions] VGC 2026 Reg M-A",
  "players": [
    "kuanyou",
    "Mr James Freak"
  ],
  "log": "|j|\u2606kuanyou\n|j|\u2606Mr James Freak\n|t:|1776486073\n|gametype|doubles\n|player|p1|kuanyou|170|1443\n|player|p2|Mr James Freak|scientist|1375\n|gen|9\n|tier|[Gen 9 Champions] VGC 2026 Reg M-A\n|rated|\n|rule|Species Clause: Limit one of each Pok\u00e9mon\n|rule|Item Clause: Limit 1 of each item\n|clearpoke\n|poke|p1|Blastoise, L50, F|\n|poke|p1|Sneasler, L50, M|\n|poke|p1|Sylveon, L50, F|\n|poke|p1|Garchomp, L50, M|\n|poke|p1|Aerodactyl, L50, F|\n|poke|p1|Sinistcha, L50|\n|poke|p2|Aegislash, L50, F, shiny|\n|poke|p2|Mamoswine, L50, F, shiny|\n|poke|p2|Farigiraf, L50, F, shiny|\n|poke|p2|Kommo-o, L50, F, shiny|\n|poke|p2|Whimsicott, L50, F, shiny|\n|poke|p2|Delphox, L50, M, shiny|\n|teampreview|4\n|\n|t:|1776486121\n|teamsize|p1|4\n|teamsize|p2|4\n|start\n|switch|p1a: Blastoise|Blastoise, L50, F|100/100\n|switch|p1b: Aerodactyl|Aerodactyl, L50, F|100/100\n|switch|p2a: Kommo-o|Kommo-o, L50, F, shiny|100/100\n|switch|p2b: Whimsicott|Whimsicott, L50, F, shiny|100/100\n|-ability|p1b: Aerodactyl|Unnerve\n|turn|1\n|\n|t:|1776486156\n|switch|p2b: Farigiraf|Farigiraf, L50, F, shiny|100/100\n|detailschange|p1a: Blastoise|Blastoise-Mega, L50, F\n|-mega|p1a: Blastoise|Blastoise|Blastoisinite\n|move|p1b: Aerodactyl|Dual Wingbeat|p2b: Farigiraf\n|-damage|p2b: Farigiraf|85/100\n|-damage|p2b: Farigiraf|72/100\n|-hitcount|p2b: Farigiraf|2\n|move|p2a: Kommo-o|Clangorous Soul|p2a: Kommo-o\n|-boost|p2a: Kommo-o|atk|1\n|-boost|p2a: Kommo-o|def|1\n|-boost|p2a: Kommo-o|spa|1\n|-boost|p2a: Kommo-o|spd|1\n|-boost|p2a: Kommo-o|spe|1\n|-damage|p2a: Kommo-o|68/100\n|move|p1a: Blastoise|Shell Smash|p1a: Blastoise\n|-unboost|p1a: Blastoise|def|1\n|-unboost|p1a: Blastoise|spd|1\n|-boost|p1a: Blastoise|atk|2\n|-boost|p1a: Blastoise|spa|2\n|-boost|p1a: Blastoise|spe|2\n|\n|-heal|p2a: Kommo-o|74/100|[from] item: Leftovers\n|upkeep\n|turn|2\n|\n|t:|1776486181\n|move|p2a: Kommo-o|Protect|p2a: Kommo-o\n|-singleturn|p2a: Kommo-o|Protect\n|move|p1a: Blastoise|Water Spout|p2a: Kommo-o|[spread] p2b\n|-activate|p2a: Kommo-o|move: Protect\n|-damage|p2b: Farigiraf|0 fnt\n|faint|p2b: Farigiraf\n|move|p1b: Aerodactyl|Dual Wingbeat|p2a: Kommo-o\n|-activate|p2a: Kommo-o|move: Protect\n|\n|-heal|p2a: Kommo-o|80/100|[from] item: Leftovers\n|upkeep\n|\n|t:|1776486193\n|switch|p2b: Whimsicott|Whimsicott, L50, F, shiny|100/100\n|turn|3\n|\n|t:|1776486225\n|move|p2b: Whimsicott|Tailwind|p2b: Whimsicott\n|-sidestart|p2: Mr James Freak|move: Tailwind\n|move|p2a: Kommo-o|Clanging Scales|p1a: Blastoise|[spread] p1a,p1b\n|-damage|p1a: Blastoise|36/100\n|-damage|p1b: Aerodactyl|36/100\n|-unboost|p2a: Kommo-o|def|1\n|move|p1a: Blastoise|Water Spout|p2b: Whimsicott|[spread] p2a,p2b\n|-resisted|p2a: Kommo-o|1\n|-resisted|p2b: Whimsicott|1\n|-damage|p2a: Kommo-o|65/100\n|-damage|p2b: Whimsicott|65/100\n|move|p1b: Aerodactyl|Tailwind|p1b: Aerodactyl\n|-sidestart|p1: kuanyou|move: Tailwind\n|\n|-heal|p2a: Kommo-o|72/100|[from] item: Leftovers\n|upkeep\n|turn|4\n|\n|t:|1776486255\n|switch|p1b: Sinistcha|Sinistcha, L50|100/100\n|-heal|p1a: Blastoise|61/100|[from] ability: Hospitality|[of] p1b: Sinistcha\n|move|p2b: Whimsicott|Encore|p1a: Blastoise\n|-start|p1a: Blastoise|Encore\n|move|p1a: Blastoise|Water Spout|p2a: Kommo-o|[spread] p2a,p2b\n|-resisted|p2a: Kommo-o|1\n|-resisted|p2b: Whimsicott|1\n|-damage|p2a: Kommo-o|44/100\n|-damage|p2b: Whimsicott|0 fnt\n|faint|p2b: Whimsicott\n|move|p2a: Kommo-o|Clanging Scales|p1a: Blastoise|[spread] p1a,p1b\n|-damage|p1a: Blastoise|0 fnt\n|-damage|p1b: Sinistcha|58/100\n|faint|p1a: Blastoise\n|-unboost|p2a: Kommo-o|def|1\n|\n|-heal|p2a: Kommo-o|50/100|[from] item: Leftovers\n|upkeep\n|\n|t:|1776486290\n|switch|p2b: Delphox|Delphox, L50, M, shiny|100/100\n|switch|p1a: Aerodactyl|Aerodactyl, L50, F|36/100\n|-ability|p1a: Aerodactyl|Unnerve\n|turn|5\n|\n|t:|1776486308\n|detailschange|p2b: Delphox|Delphox-Mega, L50, M, shiny\n|-mega|p2b: Delphox|Delphox|Delphoxite\n|move|p1b: Sinistcha|Rage Powder|p1b: Sinistcha\n|-singleturn|p1b: Sinistcha|move: Rage Powder\n|move|p2a: Kommo-o|Clanging Scales|p1b: Sinistcha|[spread] p1a,p1b\n|-damage|p1a: Aerodactyl|0 fnt\n|-damage|p1b: Sinistcha|13/100\n|-enditem|p1b: Sinistcha|Sitrus Berry|[eat]\n|-heal|p1b: Sinistcha|38/100|[from] item: Sitrus Berry\n|faint|p1a: Aerodactyl\n|-unboost|p2a: Kommo-o|def|1\n|move|p2b: Delphox|Psyshock|p1b: Sinistcha\n|-damage|p1b: Sinistcha|0 fnt\n|faint|p1b: Sinistcha\n|\n|-heal|p2a: Kommo-o|57/100|[from] item: Leftovers\n|upkeep\n|\n|t:|1776486327\n|switch|p1b: Garchomp|Garchomp, L50, M|100/100\n|turn|6\n|\n|t:|1776486339\n|move|p2a: Kommo-o|Clanging Scales|p1b: Garchomp\n|-supereffective|p1b: Garchomp|1\n|-damage|p1b: Garchomp|0 fnt\n|faint|p1b: Garchomp\n|\n|win|Mr James Freak\n|raw|kuanyou's rating: 1443 &rarr; <strong>1419</strong><br />(-24 for losing)\n|raw|Mr James Freak's rating: 1375 &rarr; <strong>1399</strong><br />(+24 for winning)\n",
  "uploadtime": 1776486339,
  "views": 26,
  "formatid": "gen9championsvgc2026regma",
  "rating": 1399,
  "private": 0,
  "password": null
}