{
  "id": "gen9championsvgc2026regma-2582917761",
  "format": "[Gen 9 Champions] VGC 2026 Reg M-A",
  "players": [
    "arklightng",
    "BlackCity Sandiles"
  ],
  "log": "|j|\u2606arklightng\n|j|\u2606BlackCity Sandiles\n|t:|1776124845\n|gametype|doubles\n|player|p1|arklightng|acetrainerf-gen4|1113\n|player|p2|BlackCity Sandiles|roughneck|1020\n|gen|9\n|tier|[Gen 9 Champions] VGC 2026 Reg M-A\n|rated|\n|rule|Species Clause: Limit one of each Pok\u00e9mon\n|rule|Item Clause: Limit 1 of each item\n|clearpoke\n|poke|p1|Drampa, L50, M|\n|poke|p1|Sinistcha, L50|\n|poke|p1|Incineroar, L50, M|\n|poke|p1|Sneasler, L50, M|\n|poke|p1|Tinkaton, L50, F|\n|poke|p1|Sableye, L50, F|\n|poke|p2|Espathra, L50, M|\n|poke|p2|Meowstic, L50, M|\n|poke|p2|Empoleon, L50, M|\n|poke|p2|Primarina, L50, M|\n|poke|p2|Garganacl, L50, F|\n|teampreview|4\n|l|\u2606BlackCity Sandiles\n|player|p2|\n|j|\u2606BlackCity Sandiles\n|player|p2|BlackCity Sandiles|roughneck|\n|\n|t:|1776124891\n|teamsize|p1|4\n|teamsize|p2|4\n|start\n|switch|p1a: Drampa|Drampa, L50, M|100/100\n|switch|p1b: Sableye|Sableye, L50, F|100/100\n|switch|p2a: Espathra|Espathra, L50, M|100/100\n|switch|p2b: Meowstic|Meowstic, L50, M|100/100\n|-ability|p1a: Drampa|Cloud Nine\n|turn|1\n|\n|t:|1776124934\n|detailschange|p1a: Drampa|Drampa-Mega, L50, M\n|-mega|p1a: Drampa|Drampa|Drampanite\n|move|p2b: Meowstic|Fake Out|p1a: Drampa\n|-damage|p1a: Drampa|96/100\n|move|p1b: Sableye|Fake Out|p2a: Espathra\n|-damage|p2a: Espathra|92/100\n|cant|p2a: Espathra|flinch\n|cant|p1a: Drampa|flinch\n|\n|-ability|p2a: Espathra|Speed Boost|boost\n|-boost|p2a: Espathra|spe|1\n|upkeep\n|turn|2\n|\n|t:|1776124977\n|move|p2b: Meowstic|Psychic Terrain|p2b: Meowstic\n|-fieldstart|move: Psychic Terrain\n|move|p1b: Sableye|Light Screen|p1b: Sableye\n|-sidestart|p1: arklightng|move: Light Screen\n|move|p2a: Espathra|Calm Mind|p2a: Espathra\n|-boost|p2a: Espathra|spa|1\n|-boost|p2a: Espathra|spd|1\n|move|p1a: Drampa|Calm Mind|p1a: Drampa\n|-boost|p1a: Drampa|spa|1\n|-boost|p1a: Drampa|spd|1\n|\n|-ability|p2a: Espathra|Speed Boost|boost\n|-boost|p2a: Espathra|spe|1\n|upkeep\n|turn|3\n|\n|t:|1776125010\n|detailschange|p2b: Meowstic|Meowstic-M-Mega, L50, M\n|-mega|p2b: Meowstic|Meowstic|Meowsticite\n|-ability|p2b: Meowstic|Berserk|Trace|[from] ability: Trace|[of] p1a: Drampa\n|move|p2b: Meowstic|Helping Hand|p2a: Espathra\n|-singleturn|p2a: Espathra|Helping Hand|[of] p2b: Meowstic\n|move|p1b: Sableye|Quash|p2a: Espathra\n|-activate|p2a: Espathra|move: Psychic Terrain\n|move|p2a: Espathra|Dazzling Gleam|p1a: Drampa|[spread] p1a,p1b\n|-supereffective|p1a: Drampa|1\n|-supereffective|p1b: Sableye|1\n|-damage|p1a: Drampa|62/100\n|-damage|p1b: Sableye|37/100\n|move|p1a: Drampa|Calm Mind|p1a: Drampa\n|-boost|p1a: Drampa|spa|1\n|-boost|p1a: Drampa|spd|1\n|\n|-heal|p1b: Sableye|43/100|[from] item: Leftovers\n|-ability|p2a: Espathra|Speed Boost|boost\n|-boost|p2a: Espathra|spe|1\n|upkeep\n|turn|4\n|\n|t:|1776125043\n|switch|p1b: Sinistcha|Sinistcha, L50|100/100\n|-heal|p1a: Drampa|86/100|[from] ability: Hospitality|[of] p1b: Sinistcha\n|move|p2b: Meowstic|Helping Hand|p2a: Espathra\n|-singleturn|p2a: Espathra|Helping Hand|[of] p2b: Meowstic\n|move|p2a: Espathra|Dazzling Gleam|p1a: Drampa|[spread] p1a,p1b\n|-supereffective|p1a: Drampa|1\n|-damage|p1a: Drampa|63/100\n|-damage|p1b: Sinistcha|70/100\n|move|p1a: Drampa|Hyper Voice|p2b: Meowstic|[spread] p2a,p2b\n|-damage|p2a: Espathra|7/100\n|-damage|p2b: Meowstic|19/100\n|-ability|p2b: Meowstic|Berserk|boost\n|-boost|p2b: Meowstic|spa|1\n|\n|-ability|p2a: Espathra|Speed Boost|boost\n|-boost|p2a: Espathra|spe|1\n|upkeep\n|turn|5\n|\n|t:|1776125078\n|move|p2a: Espathra|Stored Power|p1a: Drampa\n|-damage|p1a: Drampa|16/100\n|-ability|p1a: Drampa|Berserk|boost\n|-boost|p1a: Drampa|spa|1\n|move|p2b: Meowstic|Expanding Force|p1b: Sinistcha|[spread] p1a,p1b\n|-damage|p1a: Drampa|0 fnt\n|-damage|p1b: Sinistcha|15/100\n|-enditem|p1b: Sinistcha|Sitrus Berry|[eat]\n|-heal|p1b: Sinistcha|39/100|[from] item: Sitrus Berry\n|faint|p1a: Drampa\n|move|p1b: Sinistcha|Life Dew|p1b: Sinistcha\n|-heal|p1b: Sinistcha|65/100\n|\n|-ability|p2a: Espathra|Speed Boost|boost\n|-boost|p2a: Espathra|spe|1\n|upkeep\n|\n|t:|1776125094\n|switch|p1a: Sneasler|Sneasler, L50, M|100/100\n|-ability|p1a: Sneasler|Pressure\n|turn|6\n|\n|t:|1776125121\n|move|p1b: Sinistcha|Rage Powder|p1b: Sinistcha\n|-singleturn|p1b: Sinistcha|move: Rage Powder\n|move|p2a: Espathra|Expanding Force|p1b: Sinistcha|[spread] p1a,p1b\n|-supereffective|p1a: Sneasler|2\n|-damage|p1a: Sneasler|0 fnt\n|-damage|p1b: Sinistcha|0 fnt\n|faint|p1a: Sneasler\n|faint|p1b: Sinistcha\n|move|p2b: Meowstic|Expanding Force|p1: Sneasler|[notarget]\n|-fail|p2b: Meowstic\n|\n|-sideend|p1: arklightng|move: Light Screen\n|-fieldend|move: Psychic Terrain\n|-ability|p2a: Espathra|Speed Boost|boost\n|-boost|p2a: Espathra|spe|1\n|upkeep\n|-message|arklightng forfeited.\n|\n|win|BlackCity Sandiles\n|raw|arklightng's rating: 1113 &rarr; <strong>1081</strong><br />(-32 for losing)\n|raw|BlackCity Sandiles's rating: 1020 &rarr; <strong>1067</strong><br />(+47 for winning)\n",
  "uploadtime": 1776125137,
  "views": 17,
  "formatid": "gen9championsvgc2026regma",
  "rating": 1067,
  "private": 0,
  "password": null
}