{
  "id": "gen9championsvgc2026regma-2583272520",
  "format": "[Gen 9 Champions] VGC 2026 Reg M-A",
  "players": [
    "HuckFinn059",
    "Markiito18"
  ],
  "log": "|j|\u2606HuckFinn059\n|j|\u2606Markiito18\n|t:|1776161859\n|gametype|doubles\n|player|p1|HuckFinn059|102|1029\n|player|p2|Markiito18|rood|1070\n|gen|9\n|tier|[Gen 9 Champions] VGC 2026 Reg M-A\n|rated|\n|rule|Species Clause: Limit one of each Pok\u00e9mon\n|rule|Item Clause: Limit 1 of each item\n|clearpoke\n|poke|p1|Drampa, L50, F|\n|poke|p1|Sinistcha, L50|\n|poke|p1|Pelipper, L50, M|\n|poke|p1|Scizor, L50, M|\n|poke|p1|Basculegion, L50, M|\n|poke|p1|Alakazam, L50, F|\n|poke|p2|Farigiraf, L50, M|\n|poke|p2|Aerodactyl, L50, M|\n|poke|p2|Incineroar, L50, M|\n|poke|p2|Floette-Eternal, L50, F|\n|poke|p2|Milotic, L50, F|\n|poke|p2|Sinistcha, L50|\n|teampreview|4\n|inactive|Battle timer is ON: inactive players will automatically lose when time's up. (requested by HuckFinn059)\n|inactive|Markiito18 has 60 seconds left.\n|inactive|Markiito18 has 30 seconds left.\n|inactive|Markiito18 has 20 seconds left.\n|inactive|Markiito18 has 15 seconds left.\n|inactive|Markiito18 has 10 seconds left.\n|inactive|Markiito18 has 5 seconds left.\n|\n|t:|1776161976\n|teamsize|p1|4\n|teamsize|p2|4\n|start\n|switch|p1a: Scizor|Scizor, L50, M|100/100\n|switch|p1b: Sinistcha|Sinistcha, L50, shiny|100/100\n|switch|p2a: Milotic|Milotic, L50, F|100/100\n|switch|p2b: Aerodactyl|Aerodactyl, L50, M, shiny|100/100\n|-ability|p2b: Aerodactyl|Unnerve\n|turn|1\n|\n|t:|1776161993\n|move|p2b: Aerodactyl|Dual Wingbeat|p1b: Sinistcha\n|-supereffective|p1b: Sinistcha|1\n|-damage|p1b: Sinistcha|68/100\n|-supereffective|p1b: Sinistcha|1\n|-damage|p1b: Sinistcha|38/100\n|-hitcount|p1b: Sinistcha|2\n|move|p2a: Milotic|Coil|p2a: Milotic\n|-boost|p2a: Milotic|atk|1\n|-boost|p2a: Milotic|def|1\n|-boost|p2a: Milotic|accuracy|1\n|move|p1a: Scizor|Swords Dance|p1a: Scizor\n|-boost|p1a: Scizor|atk|2\n|move|p1b: Sinistcha|Trick Room|p1b: Sinistcha\n|-fieldstart|move: Trick Room|[of] p1b: Sinistcha\n|\n|upkeep\n|turn|2\n|\n|t:|1776162018\n|detailschange|p1a: Scizor|Scizor-Mega, L50, M\n|-mega|p1a: Scizor|Scizor|Scizorite\n|move|p2b: Aerodactyl|Protect|p2b: Aerodactyl\n|-singleturn|p2b: Aerodactyl|Protect\n|move|p1a: Scizor|Bullet Punch|p2b: Aerodactyl\n|-activate|p2b: Aerodactyl|move: Protect\n|move|p1b: Sinistcha|Life Dew||[still]|[spread] p1a,p1b\n|-fail|p1a: Scizor|heal\n|-heal|p1b: Sinistcha|63/100\n|move|p2a: Milotic|Hypnosis|p1a: Scizor\n|-status|p1a: Scizor|slp|[from] move: Hypnosis\n|\n|upkeep\n|turn|3\n|inactive|Markiito18 has 30 seconds left.\n|inactive|HuckFinn059 has 30 seconds left.\n|inactive|Markiito18 has 20 seconds left.\n|\n|t:|1776162055\n|switch|p2b: Sinistcha|Sinistcha, L50|100/100\n|move|p1b: Sinistcha|Life Dew||[still]|[spread] p1a,p1b\n|-fail|p1a: Scizor|heal\n|-heal|p1b: Sinistcha|88/100\n|cant|p1a: Scizor|slp\n|move|p2a: Milotic|Hypnosis|p1b: Sinistcha\n|-status|p1b: Sinistcha|slp|[from] move: Hypnosis\n|\n|upkeep\n|turn|4\n|\n|t:|1776162071\n|switch|p1b: Pelipper|Pelipper, L50, M|100/100\n|-weather|RainDance|[from] ability: Drizzle|[of] p1b: Pelipper\n|move|p2b: Sinistcha|Matcha Gotcha|p1b: Pelipper|[spread] p1a,p1b\n|-resisted|p1a: Scizor|2\n|-damage|p1a: Scizor|93/100 slp\n|-damage|p1b: Pelipper|61/100\n|-curestatus|p1a: Scizor|slp|[msg]\n|move|p1a: Scizor|Swords Dance|p1a: Scizor\n|-boost|p1a: Scizor|atk|2\n|move|p2a: Milotic|Coil|p2a: Milotic\n|-boost|p2a: Milotic|atk|1\n|-boost|p2a: Milotic|def|1\n|-boost|p2a: Milotic|accuracy|1\n|\n|-weather|RainDance|[upkeep]\n|upkeep\n|turn|5\n|inactive|Markiito18 has 30 seconds left.\n|inactive|Markiito18 has 20 seconds left.\n|\n|t:|1776162110\n|move|p2b: Sinistcha|Rage Powder|p2b: Sinistcha\n|-singleturn|p2b: Sinistcha|move: Rage Powder\n|move|p1a: Scizor|Bullet Punch|p2b: Sinistcha\n|-damage|p2b: Sinistcha|14/100\n|-enditem|p2b: Sinistcha|Sitrus Berry|[eat]\n|-heal|p2b: Sinistcha|39/100|[from] item: Sitrus Berry\n|move|p1b: Pelipper|Hurricane|p2b: Sinistcha\n|-supereffective|p2b: Sinistcha|1\n|-damage|p2b: Sinistcha|0 fnt\n|faint|p2b: Sinistcha\n|move|p2a: Milotic|Hypnosis|p1a: Scizor\n|-status|p1a: Scizor|slp|[from] move: Hypnosis\n|\n|-weather|RainDance|[upkeep]\n|-fieldend|move: Trick Room\n|upkeep\n|\n|t:|1776162123\n|switch|p2b: Aerodactyl|Aerodactyl, L50, M, shiny|100/100\n|-ability|p2b: Aerodactyl|Unnerve\n|turn|6\n|inactive|Markiito18 has 30 seconds left.\n|\n|t:|1776162149\n|move|p1b: Pelipper|Protect|p1b: Pelipper\n|-singleturn|p1b: Pelipper|Protect\n|cant|p1a: Scizor|slp\n|move|p2b: Aerodactyl|Tailwind|p2b: Aerodactyl\n|-sidestart|p2: Markiito18|move: Tailwind\n|move|p2a: Milotic|Muddy Water|p1a: Scizor|[spread] p1a\n|-activate|p1b: Pelipper|move: Protect\n|-damage|p1a: Scizor|47/100 slp\n|\n|-weather|RainDance|[upkeep]\n|upkeep\n|turn|7\n|\n|t:|1776162164\n|switch|p1b: Sinistcha|Sinistcha, L50, shiny|88/100 slp\n|-heal|p1a: Scizor|72/100 slp|[from] ability: Hospitality|[of] p1b: Sinistcha\n|cant|p1a: Scizor|slp\n|move|p2b: Aerodactyl|Rock Slide|p1b: Sinistcha|[spread] p1b\n|-miss|p2b: Aerodactyl|p1a: Scizor\n|-damage|p1b: Sinistcha|66/100 slp\n|move|p2a: Milotic|Muddy Water|p1a: Scizor|[spread] p1a,p1b\n|-resisted|p1b: Sinistcha|1\n|-damage|p1a: Scizor|25/100 slp\n|-damage|p1b: Sinistcha|46/100 slp\n|\n|-weather|RainDance|[upkeep]\n|upkeep\n|turn|8\n|\n|t:|1776162183\n|move|p2b: Aerodactyl|Protect|p2b: Aerodactyl\n|-singleturn|p2b: Aerodactyl|Protect\n|-curestatus|p1a: Scizor|slp|[msg]\n|move|p1a: Scizor|Bullet Punch|p2b: Aerodactyl\n|-activate|p2b: Aerodactyl|move: Protect\n|move|p2a: Milotic|Muddy Water|p1a: Scizor|[spread] p1a,p1b\n|-resisted|p1b: Sinistcha|1\n|-damage|p1a: Scizor|0 fnt\n|-damage|p1b: Sinistcha|28/100 slp\n|faint|p1a: Scizor\n|cant|p1b: Sinistcha|slp\n|\n|-weather|none\n|upkeep\n|\n|t:|1776162195\n|switch|p1a: Pelipper|Pelipper, L50, M|61/100\n|-weather|RainDance|[from] ability: Drizzle|[of] p1a: Pelipper\n|turn|9\n|inactive|Markiito18 has 30 seconds left.\n|\n|t:|1776162221\n|switch|p1b: Basculegion|Basculegion, L50, M, shiny|100/100\n|move|p1a: Pelipper|Protect|p1a: Pelipper\n|-singleturn|p1a: Pelipper|Protect\n|move|p2b: Aerodactyl|Rock Slide|p1a: Pelipper|[spread] p1b\n|-activate|p1a: Pelipper|move: Protect\n|-damage|p1b: Basculegion|67/100\n|move|p2a: Milotic|Hypnosis|p1a: Pelipper\n|-activate|p1a: Pelipper|move: Protect\n|\n|-weather|RainDance|[upkeep]\n|-sideend|p2: Markiito18|move: Tailwind\n|upkeep\n|turn|10\n|\n|t:|1776162243\n|move|p1b: Basculegion|Protect|p1b: Basculegion\n|-singleturn|p1b: Basculegion|Protect\n|move|p2b: Aerodactyl|Protect|p2b: Aerodactyl\n|-singleturn|p2b: Aerodactyl|Protect\n|move|p2a: Milotic|Hypnosis|p1b: Basculegion\n|-activate|p1b: Basculegion|move: Protect\n|move|p1a: Pelipper|Hurricane|p2a: Milotic\n|-damage|p2a: Milotic|75/100\n|\n|-weather|RainDance|[upkeep]\n|-heal|p2a: Milotic|81/100|[from] item: Leftovers\n|upkeep\n|turn|11\n|\n|t:|1776162262\n|move|p1b: Basculegion|Aqua Jet|p2b: Aerodactyl\n|-supereffective|p2b: Aerodactyl|1\n|-enditem|p2b: Aerodactyl|Focus Sash\n|-damage|p2b: Aerodactyl|1/100\n|move|p2b: Aerodactyl|Tailwind|p2b: Aerodactyl\n|-sidestart|p2: Markiito18|move: Tailwind\n|move|p2a: Milotic|Hypnosis|p1a: Pelipper\n|-status|p1a: Pelipper|slp|[from] move: Hypnosis\n|cant|p1a: Pelipper|slp\n|\n|-weather|RainDance|[upkeep]\n|-heal|p2a: Milotic|87/100|[from] item: Leftovers\n|upkeep\n|turn|12\n|\n|t:|1776162282\n|move|p2b: Aerodactyl|Protect|p2b: Aerodactyl\n|-singleturn|p2b: Aerodactyl|Protect\n|move|p1b: Basculegion|Last Respects|p2a: Milotic\n|-damage|p2a: Milotic|62/100\n|move|p2a: Milotic|Hypnosis|p1b: Basculegion\n|-status|p1b: Basculegion|slp|[from] move: Hypnosis\n|cant|p1a: Pelipper|slp\n|\n|-weather|RainDance|[upkeep]\n|-heal|p2a: Milotic|68/100|[from] item: Leftovers\n|upkeep\n|turn|13\n|\n|t:|1776162307\n|move|p2b: Aerodactyl|Rock Slide|p1b: Basculegion|[spread] p1a,p1b\n|-supereffective|p1a: Pelipper|1\n|-damage|p1a: Pelipper|15/100 slp\n|-damage|p1b: Basculegion|34/100 slp\n|cant|p1b: Basculegion|slp\n|move|p2a: Milotic|Muddy Water|p1b: Basculegion|[spread] p1a,p1b\n|-resisted|p1a: Pelipper|1\n|-resisted|p1b: Basculegion|1\n|-damage|p1a: Pelipper|0 fnt\n|-damage|p1b: Basculegion|13/100 slp\n|faint|p1a: Pelipper\n|\n|-weather|none\n|-heal|p2a: Milotic|74/100|[from] item: Leftovers\n|upkeep\n|c|\u2606Markiito18|this tem is nasty\n|\n|t:|1776162321\n|switch|p1a: Sinistcha|Sinistcha, L50, shiny|28/100 slp\n|-heal|p1b: Basculegion|37/100 slp|[from] ability: Hospitality|[of] p1a: Sinistcha\n|turn|14\n|l|\u2606HuckFinn059\n|inactive|HuckFinn059 disconnected and has a minute to reconnect!\n|player|p1|\n|\n|t:|1776162341\n|move|p2b: Aerodactyl|Rock Slide|p1a: Sinistcha|[spread] p1a,p1b\n|-damage|p1a: Sinistcha|5/100 slp\n|-damage|p1b: Basculegion|7/100 slp\n|move|p2a: Milotic|Muddy Water|p1a: Sinistcha|[spread] p1a,p1b\n|-resisted|p1a: Sinistcha|1\n|-resisted|p1b: Basculegion|1\n|-damage|p1a: Sinistcha|0 fnt\n|-damage|p1b: Basculegion|0 fnt\n|faint|p1a: Sinistcha\n|faint|p1b: Basculegion\n|\n|win|Markiito18\n|raw|HuckFinn059's rating: 1029 &rarr; <strong>1016</strong><br />(-13 for losing)\n|raw|Markiito18's rating: 1070 &rarr; <strong>1096</strong><br />(+26 for winning)\n|c|\u2606Markiito18|gg\n",
  "uploadtime": 1776162349,
  "views": 14,
  "formatid": "gen9championsvgc2026regma",
  "rating": 1016,
  "private": 0,
  "password": null
}