{
  "id": "gen9championsvgc2026regma-2581233213",
  "format": "[Gen 9 Champions] VGC 2026 Reg M-A",
  "players": [
    "canadamans15",
    "ConnerTEP"
  ],
  "log": "|j|\u2606canadamans15\n|j|\u2606ConnerTEP\n|t:|1775974021\n|gametype|doubles\n|player|p1|canadamans15|170|1306\n|player|p2|ConnerTEP|acerola-masters2|1389\n|gen|9\n|tier|[Gen 9 Champions] VGC 2026 Reg M-A\n|rated|\n|rule|Species Clause: Limit one of each Pok\u00e9mon\n|rule|Item Clause: Limit 1 of each item\n|clearpoke\n|poke|p1|Delphox, L50, M|\n|poke|p1|Garchomp, L50, M|\n|poke|p1|Tyranitar, L50, F|\n|poke|p1|Excadrill, L50, F|\n|poke|p1|Sinistcha, L50|\n|poke|p1|Rotom-Wash, L50|\n|poke|p2|Aerodactyl, L50, F|\n|poke|p2|Garchomp, L50, F|\n|poke|p2|Gardevoir, L50, F|\n|poke|p2|Kingambit, L50, M|\n|poke|p2|Kangaskhan, L50, F|\n|poke|p2|Sinistcha, L50|\n|teampreview|4\n|inactive|Battle timer is ON: inactive players will automatically lose when time's up. (requested by ConnerTEP)\n|inactive|canadamans15 has 60 seconds left.\n|\n|t:|1775974061\n|teamsize|p1|4\n|teamsize|p2|4\n|start\n|switch|p1a: Tyranitar|Tyranitar, L50, F|100/100\n|switch|p1b: Excadrill|Excadrill, L50, F|100/100\n|switch|p2a: Kingambit|Kingambit, L50, M|100/100\n|switch|p2b: Kangaskhan|Kangaskhan, L50, F|100/100\n|-weather|Sandstorm|[from] ability: Sand Stream|[of] p1a: Tyranitar\n|turn|1\n|\n|t:|1775974087\n|switch|p2a: Aerodactyl|Aerodactyl, L50, F|100/100\n|-ability|p2a: Aerodactyl|Unnerve\n|detailschange|p2b: Kangaskhan|Kangaskhan-Mega, L50, F\n|-mega|p2b: Kangaskhan|Kangaskhan|Kangaskhanite\n|move|p1b: Excadrill|High Horsepower|p2a: Aerodactyl\n|-immune|p2a: Aerodactyl\n|move|p2b: Kangaskhan|Drain Punch|p1b: Excadrill\n|-supereffective|p1b: Excadrill|1\n|-damage|p1b: Excadrill|23/100\n|-supereffective|p1b: Excadrill|1\n|-damage|p1b: Excadrill|2/100\n|-hitcount|p1b: Excadrill|2\n|move|p1a: Tyranitar|Dragon Dance|p1a: Tyranitar\n|-boost|p1a: Tyranitar|atk|1\n|-boost|p1a: Tyranitar|spe|1\n|\n|-weather|Sandstorm|[upkeep]\n|-damage|p2b: Kangaskhan|94/100|[from] Sandstorm\n|upkeep\n|turn|2\n|\n|t:|1775974104\n|detailschange|p1a: Tyranitar|Tyranitar-Mega, L50, F\n|-mega|p1a: Tyranitar|Tyranitar|Tyranitarite\n|move|p1b: Excadrill|Rock Slide|p2a: Aerodactyl|[spread] p2b\n|-miss|p1b: Excadrill|p2a: Aerodactyl\n|-damage|p2b: Kangaskhan|73/100\n|move|p1a: Tyranitar|Rock Slide|p2b: Kangaskhan|[spread] p2a,p2b\n|-supereffective|p2a: Aerodactyl|1\n|-enditem|p2a: Aerodactyl|Focus Sash\n|-damage|p2a: Aerodactyl|1/100\n|-damage|p2b: Kangaskhan|27/100\n|cant|p2a: Aerodactyl|flinch\n|cant|p2b: Kangaskhan|flinch\n|\n|-weather|Sandstorm|[upkeep]\n|-damage|p2b: Kangaskhan|21/100|[from] Sandstorm\n|upkeep\n|turn|3\n|j| gE1xjZRtuhW2DdT0AK\n|c|\u2606ConnerTEP|lmao\n|c|\u2606canadamans15|rock slide moment\n|inactive|ConnerTEP has 30 seconds left.\n|inactive|ConnerTEP has 20 seconds left.\n|inactive|ConnerTEP has 15 seconds left.\n|inactive|ConnerTEP has 10 seconds left.\n|\n|t:|1775974153\n|switch|p2a: Kingambit|Kingambit, L50, M|100/100\n|switch|p2b: Garchomp|Garchomp, L50, F|100/100\n|move|p1b: Excadrill|Rock Slide|p2b: Garchomp|[spread] p2a,p2b\n|-resisted|p2a: Kingambit|1\n|-resisted|p2b: Garchomp|1\n|-damage|p2a: Kingambit|91/100\n|-damage|p2b: Garchomp|90/100\n|move|p1a: Tyranitar|Rock Slide|p2a: Kingambit|[spread] p2a,p2b\n|-resisted|p2a: Kingambit|1\n|-resisted|p2b: Garchomp|1\n|-damage|p2a: Kingambit|69/100\n|-damage|p2b: Garchomp|64/100\n|\n|-weather|Sandstorm|[upkeep]\n|upkeep\n|turn|4\n|\n|t:|1775974176\n|move|p1b: Excadrill|Protect|p1b: Excadrill\n|-singleturn|p1b: Excadrill|Protect\n|move|p2a: Kingambit|Sucker Punch||[still]\n|-fail|p2a: Kingambit\n|move|p1a: Tyranitar|Crunch|p2b: Garchomp\n|-damage|p2b: Garchomp|0 fnt\n|-damage|p1a: Tyranitar|88/100|[from] ability: Rough Skin|[of] p2b: Garchomp\n|faint|p2b: Garchomp\n|\n|-weather|Sandstorm|[upkeep]\n|upkeep\n|\n|t:|1775974184\n|switch|p2b: Kangaskhan|Kangaskhan-Mega, L50, F|21/100\n|turn|5\n|\n|t:|1775974206\n|switch|p1b: Garchomp|Garchomp, L50, M|100/100\n|move|p2a: Kingambit|Sucker Punch||[still]\n|-fail|p2a: Kingambit\n|move|p1a: Tyranitar|Rock Slide|p2a: Kingambit|[spread] p2a,p2b\n|-resisted|p2a: Kingambit|1\n|-damage|p2a: Kingambit|48/100\n|-damage|p2b: Kangaskhan|0 fnt\n|faint|p2b: Kangaskhan\n|\n|-weather|none\n|upkeep\n|-message|ConnerTEP forfeited.\n|\n|win|canadamans15\n|raw|canadamans15's rating: 1306 &rarr; <strong>1331</strong><br />(+25 for winning)\n|raw|ConnerTEP's rating: 1389 &rarr; <strong>1364</strong><br />(-25 for losing)\n|l|\u2606ConnerTEP\n|player|p2|\n|l|\u2606canadamans15\n|player|p1|\n",
  "uploadtime": 1775974533,
  "views": 46,
  "formatid": "gen9championsvgc2026regma",
  "rating": 1331,
  "private": 0,
  "password": null
}