{
  "id": "gen9championsvgc2026regma-2585960553",
  "format": "[Gen 9 Champions] VGC 2026 Reg M-A",
  "players": [
    "Robt302",
    "AustinMcballs"
  ],
  "log": "|j|\u2606Robt302\n|j|\u2606AustinMcballs\n|t:|1776385307\n|gametype|doubles\n|player|p1|Robt302|hilbert|1065\n|player|p2|AustinMcballs|ortega|1086\n|gen|9\n|tier|[Gen 9 Champions] VGC 2026 Reg M-A\n|rated|\n|rule|Species Clause: Limit one of each Pok\u00e9mon\n|rule|Item Clause: Limit 1 of each item\n|clearpoke\n|poke|p1|Charizard, L50, F|\n|poke|p1|Aerodactyl, L50, F|\n|poke|p1|Rotom-Wash, L50|\n|poke|p1|Garchomp, L50, M|\n|poke|p1|Sneasler, L50, M|\n|poke|p1|Sinistcha, L50|\n|poke|p2|Incineroar, L50, F|\n|poke|p2|Basculegion, L50, M|\n|poke|p2|Froslass, L50, F|\n|poke|p2|Sneasler, L50, M|\n|poke|p2|Corviknight, L50, F|\n|poke|p2|Rotom-Wash, L50|\n|teampreview|4\n|inactive|Battle timer is ON: inactive players will automatically lose when time's up. (requested by AustinMcballs)\n|inactive|AustinMcballs has 60 seconds left.\n|inactive|AustinMcballs has 30 seconds left.\n|inactive|AustinMcballs has 20 seconds left.\n|inactive|AustinMcballs has 15 seconds left.\n|\n|t:|1776385384\n|teamsize|p1|4\n|teamsize|p2|4\n|start\n|switch|p1a: Charizard|Charizard, L50, F, shiny|100/100\n|switch|p1b: Aerodactyl|Aerodactyl, L50, F, shiny|100/100\n|switch|p2a: Froslass|Froslass, L50, F|100/100\n|switch|p2b: Rotom|Rotom-Wash, L50|100/100\n|-ability|p1b: Aerodactyl|Unnerve\n|turn|1\n|inactive|Robt302 has 30 seconds left.\n|\n|t:|1776385411\n|switch|p2b: Incineroar|Incineroar, L50, F|100/100\n|-ability|p2b: Incineroar|Intimidate|boost\n|-unboost|p1a: Charizard|atk|1\n|-unboost|p1b: Aerodactyl|atk|1\n|detailschange|p1a: Charizard|Charizard-Mega-Y, L50, F, shiny\n|-mega|p1a: Charizard|Charizard|Charizardite Y\n|-weather|SunnyDay|[from] ability: Drought|[of] p1a: Charizard\n|move|p2a: Froslass|Protect|p2a: Froslass\n|-singleturn|p2a: Froslass|Protect\n|move|p1b: Aerodactyl|Tailwind|p1b: Aerodactyl\n|-sidestart|p1: Robt302|move: Tailwind\n|move|p1a: Charizard|Heat Wave|p2a: Froslass|[spread] p2b\n|-activate|p2a: Froslass|move: Protect\n|-resisted|p2b: Incineroar|1\n|-damage|p2b: Incineroar|72/100\n|\n|-weather|SunnyDay|[upkeep]\n|upkeep\n|turn|2\n|\n|t:|1776385434\n|detailschange|p2a: Froslass|Froslass-Mega, L50, F\n|-mega|p2a: Froslass|Froslass|Froslassite\n|-weather|Snowscape|[from] ability: Snow Warning|[of] p2a: Froslass\n|move|p1a: Charizard|Protect|p1a: Charizard\n|-singleturn|p1a: Charizard|Protect\n|move|p2b: Incineroar|Fake Out|p1a: Charizard\n|-activate|p1a: Charizard|move: Protect\n|move|p1b: Aerodactyl|Rock Slide|p2a: Froslass|[spread] p2a,p2b\n|-supereffective|p2a: Froslass|1\n|-supereffective|p2b: Incineroar|1\n|-damage|p2a: Froslass|74/100\n|-damage|p2b: Incineroar|50/100\n|cant|p2a: Froslass|flinch\n|\n|-weather|Snowscape|[upkeep]\n|upkeep\n|turn|3\n|inactive|Robt302 has 30 seconds left.\n|inactive|AustinMcballs has 30 seconds left.\n|inactive|AustinMcballs has 20 seconds left.\n|inactive|AustinMcballs has 15 seconds left.\n|\n|t:|1776385474\n|move|p2a: Froslass|Protect|p2a: Froslass\n|-singleturn|p2a: Froslass|Protect\n|move|p1b: Aerodactyl|Rock Slide|p2b: Incineroar|[spread] p2b\n|-activate|p2a: Froslass|move: Protect\n|-supereffective|p2b: Incineroar|1\n|-damage|p2b: Incineroar|24/100\n|move|p1a: Charizard|Heat Wave|p2a: Froslass|[spread] p2b\n|-activate|p2a: Froslass|move: Protect\n|-resisted|p2b: Incineroar|1\n|-damage|p2b: Incineroar|3/100\n|move|p2b: Incineroar|Darkest Lariat|p1b: Aerodactyl\n|-damage|p1b: Aerodactyl|54/100\n|\n|-weather|Snowscape|[upkeep]\n|upkeep\n|turn|4\n|inactive|Robt302 has 30 seconds left.\n|inactive|AustinMcballs has 30 seconds left.\n|inactive|AustinMcballs has 20 seconds left.\n|inactive|AustinMcballs has 15 seconds left.\n|\n|t:|1776385516\n|switch|p2a: Rotom|Rotom-Wash, L50|100/100\n|switch|p2b: Corviknight|Corviknight, L50, F|100/100\n|move|p1b: Aerodactyl|Aerial Ace|p2b: Corviknight\n|-resisted|p2b: Corviknight|1\n|-damage|p2b: Corviknight|94/100\n|move|p1a: Charizard|Heat Wave|p2a: Rotom|[spread] p2a,p2b\n|-resisted|p2a: Rotom|1\n|-supereffective|p2b: Corviknight|1\n|-damage|p2a: Rotom|79/100\n|-damage|p2b: Corviknight|22/100\n|\n|-weather|Snowscape|[upkeep]\n|-heal|p2b: Corviknight|29/100|[from] item: Leftovers\n|-sideend|p1: Robt302|move: Tailwind\n|upkeep\n|turn|5\n|inactive|Robt302 has 30 seconds left.\n|\n|t:|1776385544\n|move|p1b: Aerodactyl|Rock Slide|p2a: Rotom|[spread] p2a\n|-miss|p1b: Aerodactyl|p2b: Corviknight\n|-damage|p2a: Rotom|65/100\n|move|p1a: Charizard|Scorching Sands|p2a: Rotom\n|-immune|p2a: Rotom|[from] ability: Levitate\n|move|p2a: Rotom|Electroweb|p1b: Aerodactyl|[spread] p1a,p1b\n|-supereffective|p1a: Charizard|1\n|-supereffective|p1b: Aerodactyl|1\n|-damage|p1a: Charizard|69/100\n|-damage|p1b: Aerodactyl|19/100\n|-unboost|p1a: Charizard|spe|1\n|-unboost|p1b: Aerodactyl|spe|1\n|move|p2b: Corviknight|Tailwind|p2b: Corviknight\n|-sidestart|p2: AustinMcballs|move: Tailwind\n|\n|-weather|Snowscape|[upkeep]\n|-heal|p2b: Corviknight|35/100|[from] item: Leftovers\n|upkeep\n|turn|6\n|inactive|Robt302 has 30 seconds left.\n|\n|t:|1776385570\n|move|p1a: Charizard|Protect|p1a: Charizard\n|-singleturn|p1a: Charizard|Protect\n|move|p2a: Rotom|Volt Switch|p1a: Charizard\n|-activate|p1a: Charizard|move: Protect\n|move|p2b: Corviknight|Roost|p2b: Corviknight\n|-heal|p2b: Corviknight|85/100\n|-singleturn|p2b: Corviknight|move: Roost\n|move|p1b: Aerodactyl|Tailwind|p1b: Aerodactyl\n|-sidestart|p1: Robt302|move: Tailwind\n|\n|-weather|none\n|-heal|p2b: Corviknight|91/100|[from] item: Leftovers\n|upkeep\n|turn|7\n|inactive|AustinMcballs has 30 seconds left.\n|\n|t:|1776385597\n|move|p1b: Aerodactyl|Rock Slide|p2a: Rotom|[spread] p2a,p2b\n|-damage|p2a: Rotom|52/100\n|-damage|p2b: Corviknight|81/100\n|move|p2a: Rotom|Electroweb|p1a: Charizard|[spread] p1a,p1b\n|-supereffective|p1a: Charizard|1\n|-supereffective|p1b: Aerodactyl|1\n|-damage|p1a: Charizard|38/100\n|-damage|p1b: Aerodactyl|0 fnt\n|-unboost|p1a: Charizard|spe|1\n|faint|p1b: Aerodactyl\n|move|p2b: Corviknight|Brave Bird|p1a: Charizard\n|-damage|p1a: Charizard|0 fnt\n|faint|p1a: Charizard\n|-damage|p2b: Corviknight|71/100|[from] Recoil\n|\n|-heal|p2b: Corviknight|78/100|[from] item: Leftovers\n|upkeep\n|\n|t:|1776385614\n|switch|p1b: Sneasler|Sneasler, L50, M|100/100\n|switch|p1a: Sinistcha|Sinistcha, L50|100/100\n|turn|8\n|\n|t:|1776385639\n|move|p1b: Sneasler|Fake Out|p2b: Corviknight\n|-resisted|p2b: Corviknight|1\n|-crit|p2b: Corviknight\n|-damage|p2b: Corviknight|67/100\n|move|p2a: Rotom|Will-O-Wisp|p1b: Sneasler\n|-status|p1b: Sneasler|brn\n|cant|p2b: Corviknight|flinch\n|move|p1a: Sinistcha|Trick Room|p1a: Sinistcha\n|-fieldstart|move: Trick Room|[of] p1a: Sinistcha\n|\n|-heal|p2b: Corviknight|73/100|[from] item: Leftovers\n|-damage|p1b: Sneasler|95/100 brn|[from] brn\n|-sideend|p2: AustinMcballs|move: Tailwind\n|upkeep\n|turn|9\n|inactive|Robt302 has 30 seconds left.\n|\n|t:|1776385667\n|move|p1a: Sinistcha|Rage Powder|p1a: Sinistcha\n|-singleturn|p1a: Sinistcha|move: Rage Powder\n|move|p2b: Corviknight|Brave Bird|p1a: Sinistcha\n|-supereffective|p1a: Sinistcha|1\n|-damage|p1a: Sinistcha|43/100\n|-damage|p2b: Corviknight|56/100|[from] Recoil\n|move|p2a: Rotom|Will-O-Wisp|p1a: Sinistcha\n|-status|p1a: Sinistcha|brn\n|move|p1b: Sneasler|Dire Claw|p2a: Rotom\n|-damage|p2a: Rotom|30/100\n|-status|p2a: Rotom|psn\n|\n|-heal|p2b: Corviknight|62/100|[from] item: Leftovers\n|-heal|p1a: Sinistcha|49/100 brn|[from] item: Leftovers\n|-damage|p2a: Rotom|18/100 psn|[from] psn\n|-damage|p1a: Sinistcha|43/100 brn|[from] brn\n|-damage|p1b: Sneasler|89/100 brn|[from] brn\n|-sideend|p1: Robt302|move: Tailwind\n|upkeep\n|turn|10\n|\n|t:|1776385691\n|move|p1a: Sinistcha|Life Dew|p1a: Sinistcha|[spread] p1a,p1b\n|-heal|p1a: Sinistcha|68/100 brn\n|-heal|p1b: Sneasler|100/100 brn\n|move|p2b: Corviknight|Roost|p2b: Corviknight\n|-heal|p2b: Corviknight|100/100\n|-singleturn|p2b: Corviknight|move: Roost\n|move|p2a: Rotom|Hydro Pump|p1a: Sinistcha\n|-resisted|p1a: Sinistcha|1\n|-crit|p1a: Sinistcha\n|-damage|p1a: Sinistcha|34/100 brn\n|move|p1b: Sneasler|Close Combat|p2a: Rotom\n|-damage|p2a: Rotom|0 fnt\n|-unboost|p1b: Sneasler|def|1\n|-unboost|p1b: Sneasler|spd|1\n|faint|p2a: Rotom\n|-enditem|p1b: Sneasler|White Herb\n|-clearnegativeboost|p1b: Sneasler|[silent]\n|\n|-heal|p1a: Sinistcha|40/100 brn|[from] item: Leftovers\n|-damage|p1a: Sinistcha|34/100 brn|[from] brn\n|-damage|p1b: Sneasler|95/100 brn|[from] brn\n|upkeep\n|\n|t:|1776385707\n|switch|p2a: Incineroar|Incineroar, L50, F|3/100\n|-enditem|p2a: Incineroar|Sitrus Berry|[eat]\n|-heal|p2a: Incineroar|28/100|[from] item: Sitrus Berry\n|-ability|p2a: Incineroar|Intimidate|boost\n|-unboost|p1a: Sinistcha|atk|1\n|-unboost|p1b: Sneasler|atk|1\n|turn|11\n|\n|t:|1776385724\n|move|p2a: Incineroar|Fake Out|p1b: Sneasler\n|-damage|p1b: Sneasler|75/100 brn\n|move|p1a: Sinistcha|Life Dew|p1a: Sinistcha|[spread] p1a,p1b\n|-heal|p1a: Sinistcha|59/100 brn\n|-heal|p1b: Sneasler|100/100 brn\n|move|p2b: Corviknight|Bulk Up|p2b: Corviknight\n|-boost|p2b: Corviknight|atk|1\n|-boost|p2b: Corviknight|def|1\n|cant|p1b: Sneasler|flinch\n|\n|-heal|p1a: Sinistcha|65/100 brn|[from] item: Leftovers\n|-damage|p1a: Sinistcha|59/100 brn|[from] brn\n|-damage|p1b: Sneasler|95/100 brn|[from] brn\n|upkeep\n|turn|12\n|\n|t:|1776385743\n|move|p2a: Incineroar|Flare Blitz|p1a: Sinistcha\n|-supereffective|p1a: Sinistcha|1\n|-damage|p1a: Sinistcha|0 fnt\n|faint|p1a: Sinistcha\n|-damage|p2a: Incineroar|11/100|[from] Recoil\n|move|p2b: Corviknight|Brave Bird|p1b: Sneasler\n|-supereffective|p1b: Sneasler|1\n|-damage|p1b: Sneasler|0 fnt\n|faint|p1b: Sneasler\n|-damage|p2b: Corviknight|75/100|[from] Recoil\n|\n|win|AustinMcballs\n|raw|Robt302's rating: 1065 &rarr; <strong>1046</strong><br />(-19 for losing)\n|raw|AustinMcballs's rating: 1086 &rarr; <strong>1111</strong><br />(+25 for winning)\n",
  "uploadtime": 1776385753,
  "views": 24,
  "formatid": "gen9championsvgc2026regma",
  "rating": 1046,
  "private": 0,
  "password": null
}