{
  "id": "gen9championsvgc2026regma-2580958488",
  "format": "[Gen 9 Champions] VGC 2026 Reg M-A",
  "players": [
    "banfox Doubloons",
    "DLGTX"
  ],
  "log": "|j|\u2606banfox Doubloons\n|j|\u2606DLGTX\n|html|<table width=\"100%\"><tr><td align=\"left\">banfox Doubloons</td><td align=\"right\">DLGTX</tr><tr><td align=\"left\"><i class=\"fa fa-circle\"></i> <i class=\"fa fa-circle-o\"></i> </td><td align=\"right\"><i class=\"fa fa-circle-o\"></i> <i class=\"fa fa-circle-o\"></i> </tr></table>\n|uhtml|bestof|<h2><strong>Game 2</strong> of <a href=\"/game-bestof3-gen9championsvgc2026regma-2580955007\">a best-of-3</a></h2>\n|t:|1775946707\n|gametype|doubles\n|player|p1|banfox Doubloons|gambler|\n|player|p2|DLGTX|101|\n|gen|9\n|tier|[Gen 9 Champions] VGC 2026 Reg M-A\n|rated|Tournament battle\n|rule|Species Clause: Limit one of each Pok\u00e9mon\n|rule|Item Clause: Limit 1 of each item\n|raw|<div class=\"infobox\"><details class=\"readmore\" open><summary><strong>2 custom rules:</strong></summary> Force Open Team Sheets, Best of = 3</details></div>\n|clearpoke\n|poke|p1|Venusaur, L50, M|\n|poke|p1|Basculegion, L50, M|\n|poke|p1|Incineroar, L50, F|\n|poke|p1|Dragonite, L50, M|\n|poke|p1|Aegislash, L50, F|\n|poke|p1|Kangaskhan, L50, F|\n|poke|p2|Charizard, L50, M|\n|poke|p2|Venusaur, L50, F|\n|poke|p2|Incineroar, L50, F|\n|poke|p2|Whimsicott, L50, F|\n|poke|p2|Garchomp, L50, M|\n|poke|p2|Rotom-Wash, L50|\n|teampreview|4\n|showteam|p1|Venusaur||Venusaurite|Chlorophyll|SludgeBomb,EarthPower,LeechSeed,Protect|||M|||50|]Basculegion||ChoiceScarf|Adaptability|WaveCrash,LastRespects,FlipTurn,AquaJet|||M|||50|]Incineroar||PasshoBerry|Intimidate|FlareBlitz,PartingShot,FakeOut,DarkestLariat|||F|||50|]Dragonite||LumBerry|Multiscale|DragonClaw,AerialAce,ExtremeSpeed,Protect|||M|||50|]Aegislash||Leftovers|StanceChange|IronHead,SwordsDance,ShadowSneak,KingsShield|||F|||50|]Kangaskhan||Kangaskhanite|Scrappy|FakeOut,DoubleEdge,LowKick,SuckerPunch|||F|||50|\n|showteam|p2|Charizard||CharizarditeY|Blaze|AirSlash,HeatWave,Protect,SolarBeam|||M|||50|]Venusaur||MiracleSeed|Chlorophyll|EarthPower,Protect,SludgeBomb,EnergyBall|||F|||50|]Incineroar||SitrusBerry|Intimidate|DarkestLariat,FlareBlitz,PartingShot,FakeOut|||F|||50|]Whimsicott||FocusSash|Prankster|Moonblast,Tailwind,SunnyDay,Taunt|||F|||50|]Garchomp||ChoiceScarf|RoughSkin|Earthquake,RockSlide,DragonClaw,FireFang|||M|||50|]Rotom-Wash||Leftovers|Levitate|WillOWisp,HydroPump,Protect,VoltSwitch||||||50|\n|inactive|Battle timer is ON: inactive players will automatically lose when time's up. (requested by banfox Doubloons)\n|\n|t:|1775946737\n|teamsize|p1|4\n|teamsize|p2|4\n|start\n|switch|p1a: Venusaur|Venusaur, L50, M|100/100\n|switch|p1b: Dragonite|Dragonite, L50, M|100/100\n|switch|p2a: Charizard|Charizard, L50, M, shiny|100/100\n|switch|p2b: Venusaur|Venusaur, L50, F|100/100\n|turn|1\n|inactive|banfox Doubloons has 30 seconds left.\n|\n|t:|1775946768\n|detailschange|p2a: Charizard|Charizard-Mega-Y, L50, M, shiny\n|-mega|p2a: Charizard|Charizard|Charizardite Y\n|-weather|SunnyDay|[from] ability: Drought|[of] p2a: Charizard\n|detailschange|p1a: Venusaur|Venusaur-Mega, L50, M\n|-mega|p1a: Venusaur|Venusaur|Venusaurite\n|move|p2b: Venusaur|Sludge Bomb|p1a: Venusaur\n|-damage|p1a: Venusaur|70/100\n|move|p2a: Charizard|Heat Wave|p1a: Venusaur|[spread] p1a,p1b\n|-supereffective|p1a: Venusaur|1\n|-resisted|p1b: Dragonite|1\n|-damage|p1a: Venusaur|30/100\n|-damage|p1b: Dragonite|87/100\n|move|p1b: Dragonite|Aerial Ace|p2b: Venusaur\n|-supereffective|p2b: Venusaur|1\n|-damage|p2b: Venusaur|25/100\n|move|p1a: Venusaur|Sludge Bomb|p2a: Charizard\n|-damage|p2a: Charizard|62/100\n|\n|-weather|SunnyDay|[upkeep]\n|upkeep\n|turn|2\n|\n|t:|1775946787\n|move|p1a: Venusaur|Protect|p1a: Venusaur\n|-singleturn|p1a: Venusaur|Protect\n|move|p2b: Venusaur|Sludge Bomb|p1b: Dragonite\n|-damage|p1b: Dragonite|46/100\n|move|p2a: Charizard|Heat Wave|p1b: Dragonite|[spread] p1b\n|-activate|p1a: Venusaur|move: Protect\n|-resisted|p1b: Dragonite|1\n|-crit|p1b: Dragonite\n|-damage|p1b: Dragonite|4/100\n|move|p1b: Dragonite|Dragon Claw|p2a: Charizard\n|-damage|p2a: Charizard|0 fnt\n|faint|p2a: Charizard\n|\n|-weather|SunnyDay|[upkeep]\n|upkeep\n|\n|t:|1775946800\n|switch|p2a: Garchomp|Garchomp, L50, M|100/100\n|turn|3\n|\n|t:|1775946819\n|switch|p2b: Rotom|Rotom-Wash, L50|100/100\n|switch|p1a: Incineroar|Incineroar, L50, F|100/100\n|-ability|p1a: Incineroar|Intimidate|boost\n|-unboost|p2a: Garchomp|atk|1\n|-unboost|p2b: Rotom|atk|1\n|move|p1b: Dragonite|Protect|p1b: Dragonite\n|-singleturn|p1b: Dragonite|Protect\n|move|p2a: Garchomp|Earthquake|p1a: Incineroar|[spread] p1a\n|-activate|p1b: Dragonite|move: Protect\n|-immune|p2b: Rotom|[from] ability: Levitate\n|-supereffective|p1a: Incineroar|1\n|-damage|p1a: Incineroar|50/100\n|\n|-weather|SunnyDay|[upkeep]\n|upkeep\n|turn|4\n|\n|t:|1775946841\n|move|p1a: Incineroar|Fake Out|p2b: Rotom\n|-damage|p2b: Rotom|91/100\n|move|p2a: Garchomp|Earthquake|p1b: Dragonite|[spread] p1a\n|-immune|p2b: Rotom|[from] ability: Levitate\n|-immune|p1b: Dragonite\n|-supereffective|p1a: Incineroar|1\n|-damage|p1a: Incineroar|0 fnt\n|faint|p1a: Incineroar\n|cant|p2b: Rotom|flinch\n|move|p1b: Dragonite|Dragon Claw|p2a: Garchomp\n|-supereffective|p2a: Garchomp|1\n|-damage|p2a: Garchomp|11/100\n|-damage|p1b: Dragonite|0 fnt|[from] ability: Rough Skin|[of] p2a: Garchomp\n|faint|p1b: Dragonite\n|\n|-weather|SunnyDay|[upkeep]\n|-heal|p2b: Rotom|97/100|[from] item: Leftovers\n|upkeep\n|\n|t:|1775946845\n|switch|p1b: Basculegion|Basculegion, L50, M|100/100\n|switch|p1a: Venusaur|Venusaur-Mega, L50, M|30/100\n|turn|5\n|\n|t:|1775946866\n|move|p2a: Garchomp|Earthquake|p1a: Venusaur|[spread] p1a,p1b\n|-immune|p2b: Rotom|[from] ability: Levitate\n|-damage|p1a: Venusaur|10/100\n|-damage|p1b: Basculegion|71/100\n|move|p1b: Basculegion|Last Respects|p2b: Rotom\n|-damage|p2b: Rotom|8/100\n|move|p2b: Rotom|Volt Switch|p1b: Basculegion\n|-supereffective|p1b: Basculegion|1\n|-damage|p1b: Basculegion|6/100\n|\n|t:|1775946876\n|switch|p2b: Venusaur|Venusaur, L50, F|25/100|[from] Volt Switch\n|move|p1a: Venusaur|Leech Seed|p2a: Garchomp\n|-start|p2a: Garchomp|move: Leech Seed\n|\n|-weather|none\n|-damage|p2a: Garchomp|0 fnt|[from] Leech Seed|[of] p1a: Venusaur\n|-heal|p1a: Venusaur|20/100|[silent]\n|faint|p2a: Garchomp\n|upkeep\n|\n|t:|1775946883\n|switch|p2a: Rotom|Rotom-Wash, L50|8/100\n|turn|6\n|\n|t:|1775946894\n|move|p2b: Venusaur|Protect|p2b: Venusaur\n|-singleturn|p2b: Venusaur|Protect\n|move|p1b: Basculegion|Last Respects|p2b: Venusaur\n|-activate|p2b: Venusaur|move: Protect\n|move|p2a: Rotom|Volt Switch|p1b: Basculegion\n|-supereffective|p1b: Basculegion|1\n|-damage|p1b: Basculegion|0 fnt\n|faint|p1b: Basculegion\n|move|p1a: Venusaur|Leech Seed|p2a: Rotom\n|-start|p2a: Rotom|move: Leech Seed\n|\n|-heal|p2a: Rotom|13/100|[from] item: Leftovers\n|-damage|p2a: Rotom|1/100|[from] Leech Seed|[of] p1a: Venusaur\n|-heal|p1a: Venusaur|31/100|[silent]\n|upkeep\n|turn|7\n|\n|t:|1775946910\n|move|p1a: Venusaur|Protect|p1a: Venusaur\n|-singleturn|p1a: Venusaur|Protect\n|move|p2b: Venusaur|Sludge Bomb|p1a: Venusaur\n|-activate|p1a: Venusaur|move: Protect\n|move|p2a: Rotom|Volt Switch|p1a: Venusaur\n|-activate|p1a: Venusaur|move: Protect\n|\n|-heal|p2a: Rotom|7/100|[from] item: Leftovers\n|-damage|p2a: Rotom|0 fnt|[from] Leech Seed|[of] p1a: Venusaur\n|-heal|p1a: Venusaur|36/100|[silent]\n|faint|p2a: Rotom\n|upkeep\n|turn|8\n|\n|t:|1775946913\n|move|p2b: Venusaur|Sludge Bomb|p1a: Venusaur\n|-damage|p1a: Venusaur|8/100\n|move|p1a: Venusaur|Sludge Bomb|p2b: Venusaur\n|-damage|p2b: Venusaur|0 fnt\n|faint|p2b: Venusaur\n|\n|win|banfox Doubloons\n",
  "uploadtime": 1775946916,
  "views": 9,
  "formatid": "gen9championsvgc2026regma",
  "rating": null,
  "private": 0,
  "password": null
}