{
  "id": "gen9championsvgc2026regma-2582782648",
  "format": "[Gen 9 Champions] VGC 2026 Reg M-A",
  "players": [
    "foxgirlmoony",
    "zocktropey"
  ],
  "log": "|j|\u2606foxgirlmoony\n|j|\u2606zocktropey\n|t:|1776113767\n|gametype|doubles\n|player|p1|foxgirlmoony|rocketgruntf|1138\n|player|p2|zocktropey|101|1220\n|gen|9\n|tier|[Gen 9 Champions] VGC 2026 Reg M-A\n|rated|\n|rule|Species Clause: Limit one of each Pok\u00e9mon\n|rule|Item Clause: Limit 1 of each item\n|clearpoke\n|poke|p1|Floette-Eternal, L50, F|\n|poke|p1|Aerodactyl, L50, F|\n|poke|p1|Basculegion, L50, M|\n|poke|p1|Garchomp, L50, F|\n|poke|p1|Orthworm, L50, M|\n|poke|p1|Sneasler, L50, M|\n|poke|p2|Gengar, L50, M|\n|poke|p2|Incineroar, L50, M|\n|poke|p2|Politoed, L50, F|\n|poke|p2|Maushold, L50|\n|poke|p2|Archaludon, L50, M|\n|poke|p2|Greninja-*, L50, M|\n|teampreview|4\n|inactive|Battle timer is ON: inactive players will automatically lose when time's up. (requested by foxgirlmoony)\n|\n|t:|1776113824\n|teamsize|p1|4\n|teamsize|p2|4\n|start\n|switch|p1a: Garchomp|Garchomp, L50, F|100/100\n|switch|p1b: Orthworm|Orthworm, L50, M|100/100\n|switch|p2a: Gengar|Gengar, L50, M|100/100\n|switch|p2b: Maushold|Maushold, L50|100/100\n|turn|1\n|\n|t:|1776113841\n|detailschange|p2a: Gengar|Gengar-Mega, L50, M\n|-mega|p2a: Gengar|Gengar|Gengarite\n|move|p1b: Orthworm|Helping Hand|p1a: Garchomp\n|-singleturn|p1a: Garchomp|Helping Hand|[of] p1b: Orthworm\n|move|p2b: Maushold|Fake Tears|p1a: Garchomp\n|-unboost|p1a: Garchomp|spd|2\n|move|p2a: Gengar|Shadow Ball|p1a: Garchomp\n|-damage|p1a: Garchomp|0 fnt\n|faint|p1a: Garchomp\n|\n|upkeep\n|\n|t:|1776113852\n|switch|p1a: Aerodactyl|Aerodactyl, L50, F|100/100\n|-ability|p1a: Aerodactyl|Unnerve\n|turn|2\n|inactive|zocktropey has 30 seconds left.\n|inactive|zocktropey has 20 seconds left.\n|inactive|zocktropey has 15 seconds left.\n|\n|t:|1776113894\n|move|p1a: Aerodactyl|Tailwind|p1a: Aerodactyl\n|-sidestart|p1: foxgirlmoony|move: Tailwind\n|move|p2b: Maushold|Population Bomb|p1a: Aerodactyl|[miss]\n|-miss|p2b: Maushold|p1a: Aerodactyl\n|move|p2a: Gengar|Substitute|p2a: Gengar\n|-start|p2a: Gengar|Substitute\n|-damage|p2a: Gengar|76/100\n|move|p1b: Orthworm|Shed Tail|p1b: Orthworm\n|-start|p1b: Orthworm|Substitute|[from] move: Shed Tail\n|-damage|p1b: Orthworm|50/100\n|-enditem|p1b: Orthworm|Sitrus Berry|[eat]\n|-heal|p1b: Orthworm|75/100|[from] item: Sitrus Berry\n|\n|t:|1776113904\n|switch|p1b: Floette|Floette-Eternal, L50, F|100/100|[from] Shed Tail\n|\n|upkeep\n|turn|3\n|\n|t:|1776113912\n|detailschange|p1b: Floette|Floette-Mega, L50, F\n|-mega|p1b: Floette|Floette|Floettite\n|-ability|p1b: Floette|Fairy Aura\n|move|p2b: Maushold|Follow Me|p2b: Maushold\n|-singleturn|p2b: Maushold|move: Follow Me\n|move|p1a: Aerodactyl|Rock Slide|p2b: Maushold|[spread] p2b\n|-miss|p1a: Aerodactyl|p2a: Gengar\n|-damage|p2b: Maushold|65/100\n|move|p1b: Floette|Dazzling Gleam|p2a: Gengar|[spread] p2a,p2b\n|-resisted|p2a: Gengar|1\n|-activate|p2a: Gengar|move: Substitute|[damage]\n|-damage|p2b: Maushold|14/100\n|move|p2a: Gengar|Perish Song|p2a: Gengar\n|-start|p1a: Aerodactyl|perish3|[silent]\n|-start|p1b: Floette|perish3|[silent]\n|-start|p2a: Gengar|perish3|[silent]\n|-start|p2b: Maushold|perish3|[silent]\n|-fieldactivate|move: Perish Song\n|\n|-start|p1a: Aerodactyl|perish3\n|-start|p1b: Floette|perish3\n|-start|p2b: Maushold|perish3\n|-start|p2a: Gengar|perish3\n|upkeep\n|turn|4\n|\n|t:|1776113935\n|move|p2b: Maushold|Protect|p2b: Maushold\n|-singleturn|p2b: Maushold|Protect\n|move|p2a: Gengar|Protect|p2a: Gengar\n|-singleturn|p2a: Gengar|Protect\n|move|p1a: Aerodactyl|Rock Slide|p2a: Gengar|[spread] \n|-activate|p2a: Gengar|move: Protect\n|-activate|p2b: Maushold|move: Protect\n|move|p1b: Floette|Dazzling Gleam|p2a: Gengar|[spread] \n|-activate|p2a: Gengar|move: Protect\n|-activate|p2b: Maushold|move: Protect\n|\n|-start|p1a: Aerodactyl|perish2\n|-start|p1b: Floette|perish2\n|-start|p2b: Maushold|perish2\n|-start|p2a: Gengar|perish2\n|upkeep\n|turn|5\n|inactive|zocktropey has 30 seconds left.\n|\n|t:|1776113962\n|move|p2b: Maushold|Follow Me|p2b: Maushold\n|-singleturn|p2b: Maushold|move: Follow Me\n|move|p1a: Aerodactyl|Rock Slide|p2a: Gengar|[spread] p2b\n|-miss|p1a: Aerodactyl|p2a: Gengar\n|-damage|p2b: Maushold|0 fnt\n|faint|p2b: Maushold\n|move|p1b: Floette|Light of Ruin|p2a: Gengar\n|-resisted|p2a: Gengar|1\n|-end|p2a: Gengar|Substitute\n|-damage|p1b: Floette|97/100|[from] Recoil|[of] p2a: Gengar\n|move|p2a: Gengar|Substitute|p2a: Gengar\n|-start|p2a: Gengar|Substitute\n|-damage|p2a: Gengar|51/100\n|\n|-start|p1a: Aerodactyl|perish1\n|-start|p1b: Floette|perish1\n|-start|p2a: Gengar|perish1\n|-sideend|p1: foxgirlmoony|move: Tailwind\n|upkeep\n|c|\u2606foxgirlmoony|yes\n|c|\u2606foxgirlmoony|awesome\n|\n|t:|1776113984\n|switch|p2b: Politoed|Politoed, L50, F|100/100\n|-weather|RainDance|[from] ability: Drizzle|[of] p2b: Politoed\n|turn|6\n|\n|t:|1776113993\n|switch|p2a: Incineroar|Incineroar, L50, M|100/100\n|-ability|p2a: Incineroar|Intimidate|boost\n|-unboost|p1a: Aerodactyl|atk|1\n|-immune|p1b: Floette\n|move|p2b: Politoed|Protect|p2b: Politoed\n|-singleturn|p2b: Politoed|Protect\n|move|p1a: Aerodactyl|Rock Slide|p2a: Incineroar|[spread] p2a\n|-activate|p2b: Politoed|move: Protect\n|-supereffective|p2a: Incineroar|1\n|-damage|p2a: Incineroar|68/100\n|move|p1b: Floette|Light of Ruin|p2b: Politoed\n|-activate|p2b: Politoed|move: Protect\n|\n|-weather|RainDance|[upkeep]\n|-start|p1a: Aerodactyl|perish0\n|-start|p1b: Floette|perish0\n|faint|p1a: Aerodactyl\n|faint|p1b: Floette\n|upkeep\n|\n|t:|1776114004\n|switch|p1a: Orthworm|Orthworm, L50, M|75/100\n|turn|7\n|-message|foxgirlmoony forfeited.\n|\n|win|zocktropey\n|raw|foxgirlmoony's rating: 1138 &rarr; <strong>1119</strong><br />(-19 for losing)\n|raw|zocktropey's rating: 1220 &rarr; <strong>1239</strong><br />(+19 for winning)\n|l|\u2606foxgirlmoony\n|player|p1|\n|j|\u2606foxgirlmoony\n|player|p1|foxgirlmoony|rocketgruntf|\n|c|\u2606zocktropey|gg\n|l|\u2606zocktropey\n|player|p2|\n",
  "uploadtime": 1776114041,
  "views": 19,
  "formatid": "gen9championsvgc2026regma",
  "rating": 1119,
  "private": 0,
  "password": null
}