{
  "id": "gen9championsvgc2026regma-2585099289",
  "format": "[Gen 9 Champions] VGC 2026 Reg M-A",
  "players": [
    "Gaby Glytxii",
    "MapleySyrup"
  ],
  "log": "|j|\u2606Gaby Glytxii\n|j|\u2606MapleySyrup\n|t:|1776311667\n|gametype|doubles\n|player|p1|Gaby Glytxii|iris|1152\n|player|p2|MapleySyrup|hilbert|1062\n|gen|9\n|tier|[Gen 9 Champions] VGC 2026 Reg M-A\n|rated|\n|rule|Species Clause: Limit one of each Pok\u00e9mon\n|rule|Item Clause: Limit 1 of each item\n|clearpoke\n|poke|p1|Glaceon, L50, M|\n|poke|p1|Froslass, L50, F|\n|poke|p1|Mamoswine, L50, F|\n|poke|p1|Zoroark-Hisui, L50, M|\n|poke|p1|Bastiodon, L50, F|\n|poke|p1|Farigiraf, L50, F|\n|poke|p2|Primarina, L50, F|\n|poke|p2|Farigiraf, L50, M|\n|poke|p2|Drampa, L50, M|\n|poke|p2|Sinistcha, L50|\n|poke|p2|Pelipper, L50, F|\n|poke|p2|Lopunny, L50, M|\n|teampreview|4\n|inactive|Battle timer is ON: inactive players will automatically lose when time's up. (requested by MapleySyrup)\n|\n|t:|1776311680\n|teamsize|p1|4\n|teamsize|p2|4\n|start\n|switch|p1a: Froslass|Froslass, L50, F|100/100\n|switch|p1b: Glaceon|Glaceon, L50, M|100/100\n|switch|p2a: Primarina|Primarina, L50, F|100/100\n|switch|p2b: Farigiraf|Farigiraf, L50, M|100/100\n|turn|1\n|\n|t:|1776311688\n|detailschange|p1a: Froslass|Froslass-Mega, L50, F\n|-mega|p1a: Froslass|Froslass|Froslassite\n|-weather|Snowscape|[from] ability: Snow Warning|[of] p1a: Froslass\n|move|p1a: Froslass|Aurora Veil|p1a: Froslass\n|-sidestart|p1: Gaby Glytxii|move: Aurora Veil\n|move|p2a: Primarina|Calm Mind|p2a: Primarina\n|-boost|p2a: Primarina|spa|1\n|-boost|p2a: Primarina|spd|1\n|move|p1b: Glaceon|Roar|p2b: Farigiraf\n|drag|p2b: Sinistcha|Sinistcha, L50|100/100\n|\n|-weather|Snowscape|[upkeep]\n|upkeep\n|turn|2\n|inactive|MapleySyrup has 30 seconds left.\n|\n|t:|1776311718\n|move|p1b: Glaceon|Helping Hand|p1a: Froslass\n|-singleturn|p1a: Froslass|Helping Hand|[of] p1b: Glaceon\n|move|p1a: Froslass|Blizzard|p2b: Sinistcha|[spread] p2a,p2b\n|-resisted|p2a: Primarina|1\n|-supereffective|p2b: Sinistcha|1\n|-damage|p2a: Primarina|83/100\n|-damage|p2b: Sinistcha|0 fnt\n|faint|p2b: Sinistcha\n|move|p2a: Primarina|Calm Mind|p2a: Primarina\n|-boost|p2a: Primarina|spa|1\n|-boost|p2a: Primarina|spd|1\n|\n|-weather|Snowscape|[upkeep]\n|upkeep\n|\n|t:|1776311738\n|switch|p2b: Farigiraf|Farigiraf, L50, M|100/100\n|turn|3\n|\n|t:|1776311752\n|switch|p1a: Mamoswine|Mamoswine, L50, F|100/100\n|move|p2a: Primarina|Hyper Voice|p1b: Glaceon|[spread] p1a,p1b\n|-supereffective|p1a: Mamoswine|1\n|-damage|p1a: Mamoswine|0 fnt\n|-damage|p1b: Glaceon|39/100\n|faint|p1a: Mamoswine\n|move|p2b: Farigiraf|Rain Dance|p2b: Farigiraf\n|-weather|RainDance\n|move|p1b: Glaceon|Roar|p2a: Primarina\n|drag|p2a: Drampa|Drampa, L50, M|100/100\n|\n|-weather|RainDance|[upkeep]\n|upkeep\n|\n|t:|1776311763\n|switch|p1a: Froslass|Froslass-Mega, L50, F|100/100\n|-weather|Snowscape|[from] ability: Snow Warning|[of] p1a: Froslass\n|turn|4\n|\n|t:|1776311773\n|detailschange|p2a: Drampa|Drampa-Mega, L50, M\n|-mega|p2a: Drampa|Drampa|Drampanite\n|move|p1b: Glaceon|Helping Hand|p1a: Froslass\n|-singleturn|p1a: Froslass|Helping Hand|[of] p1b: Glaceon\n|move|p1a: Froslass|Blizzard|p2a: Drampa|[spread] p2a,p2b\n|-supereffective|p2a: Drampa|1\n|-damage|p2a: Drampa|0 fnt\n|-damage|p2b: Farigiraf|40/100\n|-status|p2b: Farigiraf|frz\n|-enditem|p2b: Farigiraf|Lum Berry|[eat]\n|-curestatus|p2b: Farigiraf|frz|[msg]\n|faint|p2a: Drampa\n|move|p2b: Farigiraf|Trick Room|p2b: Farigiraf\n|-fieldstart|move: Trick Room|[of] p2b: Farigiraf\n|\n|-weather|Snowscape|[upkeep]\n|upkeep\n|\n|t:|1776311782\n|switch|p2a: Primarina|Primarina, L50, F|83/100\n|turn|5\n|\n|t:|1776311796\n|move|p1b: Glaceon|Helping Hand|p1a: Froslass\n|-singleturn|p1a: Froslass|Helping Hand|[of] p1b: Glaceon\n|move|p2a: Primarina|Protect|p2a: Primarina\n|-singleturn|p2a: Primarina|Protect\n|move|p1a: Froslass|Shadow Ball|p2a: Primarina\n|-activate|p2a: Primarina|move: Protect\n|move|p2b: Farigiraf|Trick Room|p2b: Farigiraf\n|-fieldend|move: Trick Room\n|\n|-weather|Snowscape|[upkeep]\n|-sideend|p1: Gaby Glytxii|move: Aurora Veil\n|upkeep\n|turn|6\n|\n|t:|1776311818\n|move|p1b: Glaceon|Helping Hand|p1a: Froslass\n|-singleturn|p1a: Froslass|Helping Hand|[of] p1b: Glaceon\n|move|p1a: Froslass|Shadow Ball|p2a: Primarina\n|-damage|p2a: Primarina|25/100\n|move|p2a: Primarina|Hyper Voice|p1a: Froslass|[spread] p1a,p1b\n|-damage|p1a: Froslass|43/100\n|-damage|p1b: Glaceon|0 fnt\n|faint|p1b: Glaceon\n|move|p2b: Farigiraf|Psychic|p1a: Froslass\n|-damage|p1a: Froslass|4/100\n|-unboost|p1a: Froslass|spd|1\n|\n|-weather|Snowscape|[upkeep]\n|upkeep\n|\n|t:|1776311826\n|switch|p1b: Zoroark|Zoroark-Hisui, L50, M|100/100\n|turn|7\n|inactive|MapleySyrup has 30 seconds left.\n|\n|t:|1776311854\n|move|p1a: Froslass|Blizzard|p2b: Farigiraf|[spread] p2a,p2b\n|-resisted|p2a: Primarina|1\n|-damage|p2a: Primarina|7/100\n|-damage|p2b: Farigiraf|2/100\n|move|p1b: Zoroark|Sludge Bomb|p2a: Primarina\n|-supereffective|p2a: Primarina|1\n|-damage|p2a: Primarina|0 fnt\n|faint|p2a: Primarina\n|move|p2b: Farigiraf|Psychic|p1a: Froslass\n|-crit|p1a: Froslass\n|-damage|p1a: Froslass|0 fnt\n|faint|p1a: Froslass\n|\n|-weather|Snowscape|[upkeep]\n|upkeep\n|turn|8\n|\n|t:|1776311874\n|move|p1b: Zoroark|Sludge Bomb|p2b: Farigiraf\n|-damage|p2b: Farigiraf|0 fnt\n|faint|p2b: Farigiraf\n|\n|win|Gaby Glytxii\n|raw|Gaby Glytxii's rating: 1152 &rarr; <strong>1171</strong><br />(+19 for winning)\n|raw|MapleySyrup's rating: 1062 &rarr; <strong>1048</strong><br />(-14 for losing)\n|l|\u2606MapleySyrup\n|player|p2|\n",
  "uploadtime": 1776311939,
  "views": 28,
  "formatid": "gen9championsvgc2026regma",
  "rating": 1048,
  "private": 0,
  "password": null
}