{
  "id": "gen9championsvgc2026regma-2583356028",
  "format": "[Gen 9 Champions] VGC 2026 Reg M-A",
  "players": [
    "Jah_08",
    "miu_7"
  ],
  "log": "|j|\u2606Jah_08\n|j|\u2606miu_7\n|t:|1776169710\n|gametype|doubles\n|player|p1|Jah_08|alder|1397\n|player|p2|miu_7|elesa|1299\n|gen|9\n|tier|[Gen 9 Champions] VGC 2026 Reg M-A\n|rated|\n|rule|Species Clause: Limit one of each Pok\u00e9mon\n|rule|Item Clause: Limit 1 of each item\n|clearpoke\n|poke|p1|Excadrill, L50, M|\n|poke|p1|Whimsicott, L50, M|\n|poke|p1|Chandelure, L50, F|\n|poke|p1|Zoroark-Hisui, L50, M|\n|poke|p1|Basculegion, L50, M|\n|poke|p1|Conkeldurr, L50, M|\n|poke|p2|Glimmora, L50, F|\n|poke|p2|Corviknight, L50, M|\n|poke|p2|Garchomp, L50, F|\n|poke|p2|Rotom-Wash, L50|\n|poke|p2|Sinistcha, L50|\n|poke|p2|Talonflame, L50, F|\n|teampreview|4\nmiu_7 has agreed to open team sheets.\n|\n|t:|1776169748\n|teamsize|p1|4\n|teamsize|p2|4\n|start\n|switch|p1a: Whimsicott|Whimsicott, L50, M, shiny|100/100\n|switch|p1b: Basculegion|Basculegion, L50, M|100/100\n|switch|p2a: Talonflame|Talonflame, L50, F|100/100\n|switch|p2b: Rotom|Rotom-Wash, L50|100/100\n|turn|1\n|inactive|Battle timer is ON: inactive players will automatically lose when time's up. (requested by miu_7)\n|inactive|miu_7 has 60 seconds left.\n|\n|t:|1776169782\n|move|p2a: Talonflame|Dual Wingbeat|p1a: Whimsicott\n|-supereffective|p1a: Whimsicott|1\n|-damage|p1a: Whimsicott|60/100\n|-supereffective|p1a: Whimsicott|1\n|-damage|p1a: Whimsicott|17/100\n|-hitcount|p1a: Whimsicott|2\n|move|p1a: Whimsicott|Tailwind|p1a: Whimsicott\n|-sidestart|p1: Jah_08|move: Tailwind\n|move|p1b: Basculegion|Flip Turn|p2a: Talonflame\n|-supereffective|p2a: Talonflame|1\n|-enditem|p2a: Talonflame|Focus Sash\n|-damage|p2a: Talonflame|1/100\n|\n|t:|1776169800\n|switch|p1b: Chandelure|Chandelure, L50, F|100/100|[from] Flip Turn\n|move|p2b: Rotom|Discharge|p1b: Chandelure|[spread] p2a,p1a,p1b\n|-supereffective|p2a: Talonflame|1\n|-resisted|p1a: Whimsicott|1\n|-damage|p2a: Talonflame|0 fnt\n|-damage|p1a: Whimsicott|0 fnt\n|-damage|p1b: Chandelure|47/100\n|-status|p1b: Chandelure|par\n|replace|p1b: Zoroark|Zoroark-Hisui, L50, M\n|-end|p1b: Zoroark|Illusion\n|faint|p2a: Talonflame\n|faint|p1a: Whimsicott\n|\n|upkeep\n|\n|t:|1776169819\n|switch|p2a: Garchomp|Garchomp, L50, F|100/100\n|switch|p1a: Chandelure|Chandelure, L50, F|100/100\n|turn|2\n|\n|t:|1776169842\n|detailschange|p1a: Chandelure|Chandelure-Mega, L50, F\n|-mega|p1a: Chandelure|Chandelure|Chandelurite\n|move|p1a: Chandelure|Energy Ball|p2b: Rotom\n|-supereffective|p2b: Rotom|1\n|-damage|p2b: Rotom|14/100\n|-unboost|p2b: Rotom|spd|1\n|-enditem|p2b: Rotom|Sitrus Berry|[eat]\n|-heal|p2b: Rotom|39/100|[from] item: Sitrus Berry\n|move|p2a: Garchomp|Earthquake|p1b: Zoroark|[spread] p1a\n|-immune|p2b: Rotom|[from] ability: Levitate\n|-miss|p2a: Garchomp|p1b: Zoroark\n|-supereffective|p1a: Chandelure|1\n|-damage|p1a: Chandelure|7/100\n|move|p1b: Zoroark|Icy Wind|p2b: Rotom|[spread] p2a,p2b\n|-supereffective|p2a: Garchomp|2\n|-crit|p2a: Garchomp\n|-resisted|p2b: Rotom|1\n|-damage|p2a: Garchomp|14/100\n|-damage|p2b: Rotom|29/100\n|-unboost|p2a: Garchomp|spe|1\n|-unboost|p2b: Rotom|spe|1\n|move|p2b: Rotom|Light Screen|p2b: Rotom\n|-sidestart|p2: miu_7|move: Light Screen\n|\n|upkeep\n|turn|3\n|inactive|Jah_08 has 30 seconds left.\n|inactive|Jah_08 has 20 seconds left.\n|inactive|Jah_08 has 15 seconds left.\n|\n|t:|1776169885\n|move|p1a: Chandelure|Shadow Ball|p2a: Garchomp\n|-damage|p2a: Garchomp|0 fnt\n|faint|p2a: Garchomp\n|move|p1b: Zoroark|Shadow Ball|p2b: Rotom\n|-damage|p2b: Rotom|0 fnt\n|faint|p2b: Rotom\n|\n|upkeep\n|\n|t:|1776169889\n|switch|p2b: Glimmora|Glimmora, L50, F|100/100\n|turn|4\n|\n|t:|1776169906\n|detailschange|p2b: Glimmora|Glimmora-Mega, L50, F\n|-mega|p2b: Glimmora|Glimmora|Glimmoranite\n|move|p1a: Chandelure|Shadow Ball|p2b: Glimmora\n|-damage|p2b: Glimmora|35/100\n|-unboost|p2b: Glimmora|spd|1\n|move|p2b: Glimmora|Sludge Wave|p1b: Zoroark|[spread] p1a,p1b\n|-resisted|p1a: Chandelure|1\n|-resisted|p1b: Zoroark|1\n|-damage|p1a: Chandelure|0 fnt\n|-damage|p1b: Zoroark|0 fnt\n|faint|p1a: Chandelure\n|faint|p1b: Zoroark\n|\n|-sideend|p1: Jah_08|move: Tailwind\n|upkeep\n|\n|t:|1776169924\n|switch|p1a: Basculegion|Basculegion, L50, M|100/100\n|turn|5\n|c|\u2606Jah_08|gg\n|\n|t:|1776169930\n|move|p1a: Basculegion|Last Respects|p2b: Glimmora\n|-damage|p2b: Glimmora|0 fnt\n|faint|p2b: Glimmora\n|\n|win|Jah_08\n|raw|Jah_08's rating: 1397 &rarr; <strong>1412</strong><br />(+15 for winning)\n|raw|miu_7's rating: 1299 &rarr; <strong>1281</strong><br />(-18 for losing)\n|l|\u2606miu_7\n|player|p2|\n",
  "uploadtime": 1776169942,
  "views": 19,
  "formatid": "gen9championsvgc2026regma",
  "rating": 1281,
  "private": 0,
  "password": null
}