{
  "id": "gen9championsvgc2026regma-2581909308",
  "format": "[Gen 9 Champions] VGC 2026 Reg M-A",
  "players": [
    "hope23",
    "injuryreserv3"
  ],
  "log": "|j|\u203dhope23\n|j|\u2606injuryreserv3\n|t:|1776038845\n|gametype|doubles\n|player|p1|hope23|170|1364\n|player|p2|injuryreserv3|sabrina|1287\n|gen|9\n|tier|[Gen 9 Champions] VGC 2026 Reg M-A\n|rated|\n|rule|Species Clause: Limit one of each Pok\u00e9mon\n|rule|Item Clause: Limit 1 of each item\n|clearpoke\n|poke|p1|Farigiraf, L50, M|\n|poke|p1|Sneasler, L50, M|\n|poke|p1|Torkoal, L50, M|\n|poke|p1|Golurk, L50|\n|poke|p1|Venusaur, L50, F|\n|poke|p1|Tyranitar, L50, M|\n|poke|p2|Sneasler, L50, M|\n|poke|p2|Basculegion, L50, M|\n|poke|p2|Charizard, L50, F|\n|poke|p2|Floette-Eternal, L50, F|\n|poke|p2|Incineroar, L50, F|\n|poke|p2|Venusaur, L50, M|\n|teampreview|4\n|\n|t:|1776038912\n|teamsize|p1|4\n|teamsize|p2|4\n|start\n|switch|p1a: Venusaur|Venusaur, L50, F|100/100\n|switch|p1b: Farigiraf|Farigiraf, L50, M|100/100\n|switch|p2a: Floette|Floette-Eternal, L50, F|100/100\n|switch|p2b: Incineroar|Incineroar, L50, F|100/100\n|-ability|p2b: Incineroar|Intimidate|boost\n|-unboost|p1a: Venusaur|atk|1\n|-unboost|p1b: Farigiraf|atk|1\n|turn|1\n|\n|t:|1776038930\n|detailschange|p2a: Floette|Floette-Mega, L50, F\n|-mega|p2a: Floette|Floette|Floettite\n|-ability|p2a: Floette|Fairy Aura\n|move|p2a: Floette|Psychic|p1a: Venusaur\n|-supereffective|p1a: Venusaur|1\n|-damage|p1a: Venusaur|15/100\n|-unboost|p1a: Venusaur|spd|1\n|move|p1a: Venusaur|Sleep Powder|p2b: Incineroar\n|-status|p2b: Incineroar|slp|[from] move: Sleep Powder\n|cant|p2b: Incineroar|slp\n|move|p1b: Farigiraf|Trick Room|p1b: Farigiraf\n|-fieldstart|move: Trick Room|[of] p1b: Farigiraf\n|\n|upkeep\n|turn|2\n|\n|t:|1776038958\n|move|p2a: Floette|Protect|p2a: Floette\n|-singleturn|p2a: Floette|Protect\n|cant|p2b: Incineroar|slp\n|move|p1b: Farigiraf|Hyper Voice|p2a: Floette|[spread] p2b\n|-activate|p2a: Floette|move: Protect\n|-crit|p2b: Incineroar\n|-damage|p2b: Incineroar|73/100 slp\n|move|p1a: Venusaur|Sludge Bomb|p2a: Floette\n|-activate|p2a: Floette|move: Protect\n|\n|-heal|p2b: Incineroar|79/100 slp|[from] item: Leftovers\n|upkeep\n|turn|3\n|\n|t:|1776038975\n|move|p1b: Farigiraf|Hyper Voice|p2a: Floette|[spread] p2a,p2b\n|-crit|p2b: Incineroar\n|-damage|p2a: Floette|78/100\n|-damage|p2b: Incineroar|50/100 slp\n|-curestatus|p2b: Incineroar|slp|[msg]\n|move|p2b: Incineroar|Flare Blitz|p1a: Venusaur\n|-supereffective|p1a: Venusaur|1\n|-damage|p1a: Venusaur|0 fnt\n|faint|p1a: Venusaur\n|-damage|p2b: Incineroar|47/100|[from] Recoil\n|move|p2a: Floette|Calm Mind|p2a: Floette\n|-boost|p2a: Floette|spa|1\n|-boost|p2a: Floette|spd|1\n|\n|-heal|p2b: Incineroar|52/100|[from] item: Leftovers\n|upkeep\n|\n|t:|1776038986\n|switch|p1a: Sneasler|Sneasler, L50, M|100/100\n|turn|4\n|\n|t:|1776039008\n|switch|p1b: Golurk|Golurk, L50, shiny|100/100\n|move|p2b: Incineroar|Protect|p2b: Incineroar\n|-singleturn|p2b: Incineroar|Protect\n|move|p2a: Floette|Dazzling Gleam|p1b: Golurk|[spread] p1a,p1b\n|-damage|p1a: Sneasler|7/100\n|-damage|p1b: Golurk|22/100\n|move|p1a: Sneasler|Close Combat|p2b: Incineroar\n|-activate|p2b: Incineroar|move: Protect\n|\n|-heal|p2b: Incineroar|58/100|[from] item: Leftovers\n|upkeep\n|turn|5\n|inactive|Battle timer is ON: inactive players will automatically lose when time's up. (requested by injuryreserv3)\n|-message|hope23 forfeited.\n|\n|win|injuryreserv3\n|raw|hope23's rating: 1364 &rarr; <strong>1340</strong><br />(-24 for losing)\n|raw|injuryreserv3's rating: 1287 &rarr; <strong>1317</strong><br />(+30 for winning)\n|l|\u203dhope23\n|player|p1|\n",
  "uploadtime": 1776039036,
  "views": 36,
  "formatid": "gen9championsvgc2026regma",
  "rating": 1317,
  "private": 0,
  "password": null
}