{
  "id": "gen9championsvgc2026regma-2586098227",
  "format": "[Gen 9 Champions] VGC 2026 Reg M-A",
  "players": [
    "doomwhisper",
    "opkil"
  ],
  "log": "|j|\u2606doomwhisper\n|j|\u2606opkil\n|t:|1776398786\n|gametype|doubles\n|player|p1|doomwhisper|marshal|1400\n|player|p2|opkil|101|1387\n|gen|9\n|tier|[Gen 9 Champions] VGC 2026 Reg M-A\n|rated|\n|rule|Species Clause: Limit one of each Pok\u00e9mon\n|rule|Item Clause: Limit 1 of each item\n|clearpoke\n|poke|p1|Charizard, L50, M|\n|poke|p1|Milotic, L50, M|\n|poke|p1|Aegislash, L50, F|\n|poke|p1|Sneasler, L50, M|\n|poke|p1|Aerodactyl, L50, F|\n|poke|p1|Sylveon, L50, M|\n|poke|p2|Floette-Eternal, L50, F|\n|poke|p2|Garchomp, L50, M|\n|poke|p2|Aerodactyl, L50, M|\n|poke|p2|Sneasler, L50, F|\n|poke|p2|Incineroar, L50, F|\n|poke|p2|Sinistcha, L50|\n|teampreview|4\n|inactive|Battle timer is ON: inactive players will automatically lose when time's up. (requested by opkil)\n|inactive|doomwhisper has 60 seconds left.\n|\n|t:|1776398821\n|teamsize|p1|4\n|teamsize|p2|4\n|start\n|switch|p1a: Aegislash|Aegislash, L50, F|100/100\n|switch|p1b: Milotic|Milotic, L50, M|100/100\n|switch|p2a: Garchomp|Garchomp, L50, M|100/100\n|switch|p2b: Aerodactyl|Aerodactyl, L50, M|100/100\n|-ability|p2b: Aerodactyl|Unnerve\n|turn|1\n|\n|t:|1776398828\n|move|p1a: Aegislash|King's Shield|p1a: Aegislash\n|-singleturn|p1a: Aegislash|Protect\n|move|p2b: Aerodactyl|Tailwind|p2b: Aerodactyl\n|-sidestart|p2: opkil|move: Tailwind\n|move|p2a: Garchomp|Earthquake|p1b: Milotic|[spread] p1b\n|-activate|p1a: Aegislash|move: Protect\n|-immune|p2b: Aerodactyl\n|-damage|p1b: Milotic|64/100\n|move|p1b: Milotic|Icy Wind|p2b: Aerodactyl|[spread] p2a,p2b\n|-supereffective|p2a: Garchomp|2\n|-supereffective|p2b: Aerodactyl|1\n|-damage|p2a: Garchomp|50/100\n|-damage|p2b: Aerodactyl|70/100\n|-unboost|p2a: Garchomp|spe|1\n|-unboost|p2b: Aerodactyl|spe|1\n|\n|-heal|p1b: Milotic|70/100|[from] item: Leftovers\n|upkeep\n|turn|2\n|\n|t:|1776398851\n|move|p2b: Aerodactyl|Rock Slide|p1a: Aegislash|[spread] p1a,p1b\n|-resisted|p1a: Aegislash|1\n|-damage|p1a: Aegislash|90/100\n|-damage|p1b: Milotic|48/100\n|move|p2a: Garchomp|Earthquake|p1b: Milotic|[spread] p1a,p1b\n|-immune|p2b: Aerodactyl\n|-supereffective|p1a: Aegislash|1\n|-damage|p1a: Aegislash|26/100\n|-damage|p1b: Milotic|14/100\n|move|p1b: Milotic|Icy Wind|p2b: Aerodactyl|[spread] p2a,p2b\n|-supereffective|p2a: Garchomp|2\n|-supereffective|p2b: Aerodactyl|1\n|-damage|p2a: Garchomp|0 fnt\n|-damage|p2b: Aerodactyl|33/100\n|-unboost|p2b: Aerodactyl|spe|1\n|faint|p2a: Garchomp\n|cant|p1a: Aegislash|flinch\n|\n|-heal|p1b: Milotic|20/100|[from] item: Leftovers\n|upkeep\n|\n|t:|1776398862\n|switch|p2a: Floette|Floette-Eternal, L50, F|100/100\n|turn|3\n|\n|t:|1776398879\n|detailschange|p2a: Floette|Floette-Mega, L50, F\n|-mega|p2a: Floette|Floette|Floettite\n|-ability|p2a: Floette|Fairy Aura\n|move|p1b: Milotic|Protect|p1b: Milotic\n|-singleturn|p1b: Milotic|Protect\n|-formechange|p1a: Aegislash|Aegislash-Blade|\n|move|p1a: Aegislash|Shadow Sneak|p2b: Aerodactyl\n|-damage|p2b: Aerodactyl|0 fnt\n|faint|p2b: Aerodactyl\n|move|p2a: Floette|Moonblast|p1a: Aegislash\n|-resisted|p1a: Aegislash|1\n|-damage|p1a: Aegislash|0 fnt\n|faint|p1a: Aegislash\n|\n|-heal|p1b: Milotic|26/100|[from] item: Leftovers\n|upkeep\n|\n|t:|1776398890\n|switch|p2b: Sinistcha|Sinistcha, L50|100/100\n|switch|p1a: Sneasler|Sneasler, L50, M|100/100\n|turn|4\n|\n|t:|1776398895\n|move|p2a: Floette|Protect|p2a: Floette\n|-singleturn|p2a: Floette|Protect\n|move|p1a: Sneasler|Fake Out|p2a: Floette\n|-activate|p2a: Floette|move: Protect\n|move|p1b: Milotic|Recover|p1b: Milotic\n|-heal|p1b: Milotic|76/100\n|move|p2b: Sinistcha|Trick Room|p2b: Sinistcha\n|-fieldstart|move: Trick Room|[of] p2b: Sinistcha\n|\n|-heal|p1b: Milotic|82/100|[from] item: Leftovers\n|-sideend|p2: opkil|move: Tailwind\n|upkeep\n|turn|5\n|inactive|doomwhisper has 30 seconds left.\n|inactive|doomwhisper has 20 seconds left.\n|\n|t:|1776398933\n|move|p2b: Sinistcha|Matcha Gotcha|p1a: Sneasler|[spread] p1a,p1b\n|-resisted|p1a: Sneasler|1\n|-supereffective|p1b: Milotic|1\n|-damage|p1a: Sneasler|85/100\n|-damage|p1b: Milotic|49/100\n|move|p1b: Milotic|Scald|p2a: Floette\n|-damage|p2a: Floette|78/100\n|move|p2a: Floette|Moonblast|p1a: Sneasler\n|-crit|p1a: Sneasler\n|-damage|p1a: Sneasler|0 fnt\n|faint|p1a: Sneasler\n|\n|-heal|p1b: Milotic|54/100|[from] item: Leftovers\n|upkeep\n|\n|t:|1776398942\n|switch|p1a: Charizard|Charizard, L50, M|100/100\n|turn|6\n|\n|t:|1776398965\n|move|p1b: Milotic|Protect|p1b: Milotic\n|-singleturn|p1b: Milotic|Protect\n|move|p1a: Charizard|Protect|p1a: Charizard\n|-singleturn|p1a: Charizard|Protect\n|move|p2b: Sinistcha|Matcha Gotcha|p1b: Milotic|[spread] \n|-activate|p1a: Charizard|move: Protect\n|-activate|p1b: Milotic|move: Protect\n|move|p2a: Floette|Calm Mind|p2a: Floette\n|-boost|p2a: Floette|spa|1\n|-boost|p2a: Floette|spd|1\n|\n|-heal|p1b: Milotic|60/100|[from] item: Leftovers\n|upkeep\n|turn|7\n|\n|t:|1776398985\n|detailschange|p1a: Charizard|Charizard-Mega-X, L50, M\n|-mega|p1a: Charizard|Charizard|Charizardite X\n|move|p2b: Sinistcha|Matcha Gotcha|p1b: Milotic|[spread] p1b\n|-miss|p2b: Sinistcha|p1a: Charizard\n|-supereffective|p1b: Milotic|1\n|-damage|p1b: Milotic|25/100\n|-status|p1b: Milotic|brn\n|move|p1b: Milotic|Recover|p1b: Milotic\n|-heal|p1b: Milotic|75/100 brn\n|move|p2a: Floette|Moonblast|p1a: Charizard\n|-damage|p1a: Charizard|0 fnt\n|faint|p1a: Charizard\n|\n|-heal|p1b: Milotic|81/100 brn|[from] item: Leftovers\n|-damage|p1b: Milotic|75/100 brn|[from] brn\n|upkeep\n|turn|8\n|-message|doomwhisper forfeited.\n|\n|win|opkil\n|raw|doomwhisper's rating: 1400 &rarr; <strong>1379</strong><br />(-21 for losing)\n|raw|opkil's rating: 1387 &rarr; <strong>1408</strong><br />(+21 for winning)\n|l|\u2606doomwhisper\n|player|p1|\n",
  "uploadtime": 1776399005,
  "views": 38,
  "formatid": "gen9championsvgc2026regma",
  "rating": 1379,
  "private": 0,
  "password": null
}