{
  "id": "gen9championsvgc2026regma-2581084022",
  "format": "[Gen 9 Champions] VGC 2026 Reg M-A",
  "players": [
    "vnunesp12",
    "Chiefiest"
  ],
  "log": "|j|\u2606vnunesp12\n|j|\u2606Chiefiest\n|t:|1775958319\n|gametype|doubles\n|player|p1|vnunesp12|red|1099\n|player|p2|Chiefiest|169|1098\n|gen|9\n|tier|[Gen 9 Champions] VGC 2026 Reg M-A\n|rated|\n|rule|Species Clause: Limit one of each Pok\u00e9mon\n|rule|Item Clause: Limit 1 of each item\n|clearpoke\n|poke|p1|Manectric, L50, M|\n|poke|p1|Pelipper, L50, M|\n|poke|p1|Sinistcha, L50|\n|poke|p1|Dragonite, L50, M|\n|poke|p1|Basculegion, L50, M|\n|poke|p1|Sneasler, L50, M|\n|poke|p2|Froslass, L50, F|\n|poke|p2|Garchomp, L50, M|\n|poke|p2|Talonflame, L50, M|\n|poke|p2|Whimsicott, L50, M|\n|poke|p2|Scizor, L50, M|\n|poke|p2|Aerodactyl, L50, F|\n|teampreview|4\n|inactive|Battle timer is ON: inactive players will automatically lose when time's up. (requested by vnunesp12)\n|j| squidski\n|\n|t:|1775958394\n|teamsize|p1|4\n|teamsize|p2|4\n|start\n|switch|p1a: Manectric|Manectric, L50, M|100/100\n|switch|p1b: Sinistcha|Sinistcha, L50|100/100\n|switch|p2a: Froslass|Froslass, L50, F|100/100\n|switch|p2b: Garchomp|Garchomp, L50, M|100/100\n|turn|1\n|inactive|Chiefiest has 30 seconds left.\n|inactive|vnunesp12 has 30 seconds left.\n|inactive|Chiefiest has 20 seconds left.\n|\n|t:|1775958435\n|detailschange|p2a: Froslass|Froslass-Mega, L50, F\n|-mega|p2a: Froslass|Froslass|Froslassite\n|-weather|Snowscape|[from] ability: Snow Warning|[of] p2a: Froslass\n|detailschange|p1a: Manectric|Manectric-Mega, L50, M\n|-mega|p1a: Manectric|Manectric|Manectite\n|-ability|p1a: Manectric|Intimidate|boost\n|-unboost|p2a: Froslass|atk|1\n|-unboost|p2b: Garchomp|atk|1\n|move|p2a: Froslass|Aurora Veil|p2a: Froslass\n|-sidestart|p2: Chiefiest|move: Aurora Veil\n|move|p1a: Manectric|Flamethrower|p2a: Froslass\n|-supereffective|p2a: Froslass|1\n|-damage|p2a: Froslass|57/100\n|move|p2b: Garchomp|Rock Slide|p1a: Manectric|[spread] p1a,p1b\n|-damage|p1a: Manectric|80/100\n|-damage|p1b: Sinistcha|87/100\n|cant|p1b: Sinistcha|flinch\n|\n|-weather|Snowscape|[upkeep]\n|upkeep\n|turn|2\n|inactive|vnunesp12 has 30 seconds left.\n|inactive|Chiefiest has 30 seconds left.\n|inactive|Chiefiest has 20 seconds left.\n|\n|t:|1775958471\n|switch|p1b: Pelipper|Pelipper, L50, M|100/100\n|-weather|RainDance|[from] ability: Drizzle|[of] p1b: Pelipper\n|move|p2a: Froslass|Blizzard|p1b: Pelipper|[spread] p1a\n|-miss|p2a: Froslass|p1b: Pelipper\n|-damage|p1a: Manectric|27/100\n|-status|p1a: Manectric|frz\n|cant|p1a: Manectric|frz\n|move|p2b: Garchomp|Rock Slide|p1a: Manectric|[spread] p1a\n|-miss|p2b: Garchomp|p1b: Pelipper\n|-crit|p1a: Manectric\n|-damage|p1a: Manectric|0 fnt\n|faint|p1a: Manectric\n|\n|-weather|RainDance|[upkeep]\n|upkeep\n|\n|t:|1775958490\n|switch|p1a: Basculegion|Basculegion, L50, M|100/100\n|turn|3\n|inactive|Chiefiest has 30 seconds left.\n|\n|t:|1775958517\n|switch|p2a: Whimsicott|Whimsicott, L50, M|100/100\n|move|p1a: Basculegion|Last Respects|p2a: Whimsicott\n|-damage|p2a: Whimsicott|55/100\n|move|p2b: Garchomp|Rock Slide|p1b: Pelipper|[spread] \n|-miss|p2b: Garchomp|p1a: Basculegion\n|-miss|p2b: Garchomp|p1b: Pelipper\n|move|p1b: Pelipper|Weather Ball|p2b: Garchomp\n|-damage|p2b: Garchomp|63/100\n|\n|-weather|RainDance|[upkeep]\n|upkeep\n|turn|4\n|inactive|vnunesp12 has 30 seconds left.\n|inactive|Chiefiest has 30 seconds left.\n|\n|t:|1775958543\n|switch|p1b: Sinistcha|Sinistcha, L50|87/100\n|move|p2a: Whimsicott|Protect|p2a: Whimsicott\n|-singleturn|p2a: Whimsicott|Protect\n|move|p1a: Basculegion|Last Respects|p2a: Whimsicott\n|-activate|p2a: Whimsicott|move: Protect\n|move|p2b: Garchomp|Rock Slide|p1a: Basculegion|[spread] p1a,p1b\n|-damage|p1a: Basculegion|84/100\n|-damage|p1b: Sinistcha|74/100\n|\n|-weather|RainDance|[upkeep]\n|upkeep\n|turn|5\n|inactive|vnunesp12 has 30 seconds left.\n|inactive|Chiefiest has 30 seconds left.\n|inactive|Chiefiest has 20 seconds left.\n|\n|t:|1775958580\n|move|p2a: Whimsicott|Leech Seed|p1a: Basculegion\n|-start|p1a: Basculegion|move: Leech Seed\n|move|p1a: Basculegion|Last Respects|p2b: Garchomp\n|-crit|p2b: Garchomp\n|-damage|p2b: Garchomp|0 fnt\n|faint|p2b: Garchomp\n|move|p1b: Sinistcha|Matcha Gotcha|p2a: Whimsicott\n|-resisted|p2a: Whimsicott|1\n|-damage|p2a: Whimsicott|41/100\n|-heal|p1b: Sinistcha|81/100|[from] drain|[of] p2a: Whimsicott\n|\n|-weather|RainDance|[upkeep]\n|-damage|p1a: Basculegion|71/100|[from] Leech Seed|[of] p2a: Whimsicott\n|-heal|p2a: Whimsicott|58/100|[silent]\n|-sideend|p2: Chiefiest|move: Aurora Veil\n|upkeep\n|\n|t:|1775958595\n|switch|p2b: Froslass|Froslass-Mega, L50, F|57/100\n|-weather|Snowscape|[from] ability: Snow Warning|[of] p2b: Froslass\n|turn|6\n|inactive|Chiefiest has 30 seconds left.\n|inactive|Chiefiest has 20 seconds left.\n|\n|t:|1775958632\n|switch|p1a: Pelipper|Pelipper, L50, M|100/100\n|-weather|RainDance|[from] ability: Drizzle|[of] p1a: Pelipper\n|move|p1b: Sinistcha|Protect|p1b: Sinistcha\n|-singleturn|p1b: Sinistcha|Protect\n|move|p2b: Froslass|Shadow Ball|p1a: Pelipper\n|-damage|p1a: Pelipper|52/100\n|move|p2a: Whimsicott|Dazzling Gleam|p1a: Pelipper|[spread] p1a\n|-activate|p1b: Sinistcha|move: Protect\n|-damage|p1a: Pelipper|30/100\n|\n|-weather|RainDance|[upkeep]\n|upkeep\n|turn|7\n|inactive|Chiefiest has 30 seconds left.\n|\n|t:|1775958664\n|move|p1a: Pelipper|Protect|p1a: Pelipper\n|-singleturn|p1a: Pelipper|Protect\n|move|p2b: Froslass|Shadow Ball|p1a: Pelipper\n|-activate|p1a: Pelipper|move: Protect\n|move|p2a: Whimsicott|Dazzling Gleam|p1b: Sinistcha|[spread] p1b\n|-activate|p1a: Pelipper|move: Protect\n|-damage|p1b: Sinistcha|60/100\n|move|p1b: Sinistcha|Shadow Ball|p2b: Froslass\n|-supereffective|p2b: Froslass|1\n|-damage|p2b: Froslass|0 fnt\n|faint|p2b: Froslass\n|\n|-weather|RainDance|[upkeep]\n|upkeep\n|\n|t:|1775958677\n|switch|p2b: Aerodactyl|Aerodactyl, L50, F|100/100\n|turn|8\n|\n|t:|1775958701\n|move|p2a: Whimsicott|Encore|p1b: Sinistcha\n|-start|p1b: Sinistcha|Encore\n|move|p2b: Aerodactyl|Rock Slide|p1a: Pelipper|[spread] p1a,p1b\n|-supereffective|p1a: Pelipper|1\n|-damage|p1a: Pelipper|0 fnt\n|-damage|p1b: Sinistcha|32/100\n|-enditem|p1b: Sinistcha|Sitrus Berry|[eat]\n|-heal|p1b: Sinistcha|57/100|[from] item: Sitrus Berry\n|faint|p1a: Pelipper\n|move|p1b: Sinistcha|Shadow Ball|p2b: Aerodactyl\n|-damage|p2b: Aerodactyl|46/100\n|\n|-weather|RainDance|[upkeep]\n|upkeep\n|\n|t:|1775958714\n|switch|p1a: Basculegion|Basculegion, L50, M|71/100\n|turn|9\n|\n|t:|1775958734\n|move|p2b: Aerodactyl|Protect|p2b: Aerodactyl\n|-singleturn|p2b: Aerodactyl|Protect\n|move|p1a: Basculegion|Ice Fang|p2b: Aerodactyl\n|-activate|p2b: Aerodactyl|move: Protect\n|move|p2a: Whimsicott|Dazzling Gleam|p1a: Basculegion|[spread] p1a,p1b\n|-damage|p1a: Basculegion|54/100\n|-damage|p1b: Sinistcha|37/100\n|move|p1b: Sinistcha|Shadow Ball|p2a: Whimsicott\n|-damage|p2a: Whimsicott|11/100\n|-unboost|p2a: Whimsicott|spd|1\n|\n|-weather|RainDance|[upkeep]\n|upkeep\n|turn|10\n|inactive|Chiefiest has 30 seconds left.\n|inactive|Chiefiest has 20 seconds left.\n|inactive|Chiefiest has 15 seconds left.\n|inactive|Chiefiest has 10 seconds left.\n|\n|t:|1775958781\n|move|p2a: Whimsicott|Encore|p1a: Basculegion\n|-start|p1a: Basculegion|Encore\n|move|p1a: Basculegion|Ice Fang|p2b: Aerodactyl\n|-supereffective|p2b: Aerodactyl|1\n|-damage|p2b: Aerodactyl|0 fnt\n|faint|p2b: Aerodactyl\n|move|p1b: Sinistcha|Shadow Ball|p2a: Whimsicott\n|-damage|p2a: Whimsicott|0 fnt\n|faint|p2a: Whimsicott\n|\n|win|vnunesp12\n|raw|vnunesp12's rating: 1099 &rarr; <strong>1124</strong><br />(+25 for winning)\n|raw|Chiefiest's rating: 1098 &rarr; <strong>1073</strong><br />(-25 for losing)\n|l|\u2606Chiefiest\n|player|p2|\n",
  "uploadtime": 1775958806,
  "views": 21,
  "formatid": "gen9championsvgc2026regma",
  "rating": 1073,
  "private": 0,
  "password": null
}