{
  "id": "gen9championsvgc2026regma-2585026251",
  "format": "[Gen 9 Champions] VGC 2026 Reg M-A",
  "players": [
    "Moodkeepz",
    "coberdt"
  ],
  "log": "|j|\u2606Moodkeepz\n|j|\u2606coberdt\n|t:|1776304529\n|gametype|doubles\n|player|p1|Moodkeepz|266|1178\n|player|p2|coberdt|lebanne|1234\n|gen|9\n|tier|[Gen 9 Champions] VGC 2026 Reg M-A\n|rated|\n|rule|Species Clause: Limit one of each Pok\u00e9mon\n|rule|Item Clause: Limit 1 of each item\n|clearpoke\n|poke|p1|Farigiraf, L50, F|\n|poke|p1|Incineroar, L50, M|\n|poke|p1|Kingambit, L50, F|\n|poke|p1|Sinistcha, L50|\n|poke|p1|Drampa, L50, F|\n|poke|p1|Sneasler, L50, M|\n|poke|p2|Pelipper, L50, M|\n|poke|p2|Archaludon, L50, F|\n|poke|p2|Incineroar, L50, F|\n|poke|p2|Sinistcha, L50|\n|poke|p2|Palafin, L50, M|\n|poke|p2|Gengar, L50, F|\n|teampreview|4\ncoberdt has agreed to open team sheets.\n|inactive|Battle timer is ON: inactive players will automatically lose when time's up. (requested by coberdt)\n|\n|t:|1776304563\n|teamsize|p1|4\n|teamsize|p2|4\n|start\n|switch|p1a: Farigiraf|Farigiraf, L50, F|100/100\n|switch|p1b: Drampa|Drampa, L50, F|100/100\n|switch|p2a: Pelipper|Pelipper, L50, M|100/100\n|switch|p2b: Archaludon|Archaludon, L50, F|100/100\n|-weather|RainDance|[from] ability: Drizzle|[of] p2a: Pelipper\n|-ability|p1b: Drampa|Cloud Nine\n|turn|1\n|inactive|Moodkeepz has 30 seconds left.\n|inactive|coberdt has 30 seconds left.\n|\n|t:|1776304594\n|move|p1b: Drampa|Protect|p1b: Drampa\n|-singleturn|p1b: Drampa|Protect\n|move|p2b: Archaludon|Dragon Pulse|p1a: Farigiraf\n|-damage|p1a: Farigiraf|60/100\n|move|p2a: Pelipper|Hurricane|p1a: Farigiraf\n|-damage|p1a: Farigiraf|17/100\n|-start|p1a: Farigiraf|confusion\n|-activate|p1a: Farigiraf|confusion\n|-damage|p1a: Farigiraf|8/100|[from] confusion\n|\n|-weather|RainDance|[upkeep]\n|-heal|p1a: Farigiraf|14/100|[from] item: Leftovers\n|upkeep\n|turn|2\n|\n|t:|1776304616\n|switch|p1b: Sinistcha|Sinistcha, L50|100/100\n|-heal|p1a: Farigiraf|39/100|[from] ability: Hospitality|[of] p1b: Sinistcha\n|-activate|p1a: Farigiraf|confusion\n|move|p1a: Farigiraf|Protect|p1a: Farigiraf\n|-singleturn|p1a: Farigiraf|Protect\n|move|p2b: Archaludon|Dragon Pulse|p1b: Sinistcha\n|-damage|p1b: Sinistcha|44/100\n|move|p2a: Pelipper|Weather Ball|p1a: Farigiraf\n|-activate|p1a: Farigiraf|move: Protect\n|\n|-weather|RainDance|[upkeep]\n|-heal|p1a: Farigiraf|45/100|[from] item: Leftovers\n|upkeep\n|turn|3\n|\n|t:|1776304638\n|move|p1b: Sinistcha|Rage Powder|p1b: Sinistcha\n|-singleturn|p1b: Sinistcha|move: Rage Powder\n|move|p2b: Archaludon|Dragon Pulse|p1b: Sinistcha\n|-damage|p1b: Sinistcha|0 fnt\n|faint|p1b: Sinistcha\n|move|p2a: Pelipper|Hurricane|p1a: Farigiraf\n|-damage|p1a: Farigiraf|5/100\n|-activate|p1a: Farigiraf|confusion\n|move|p1a: Farigiraf|Trick Room|p1a: Farigiraf\n|-fieldstart|move: Trick Room|[of] p1a: Farigiraf\n|\n|-weather|RainDance|[upkeep]\n|-heal|p1a: Farigiraf|11/100|[from] item: Leftovers\n|upkeep\n|\n|t:|1776304653\n|switch|p1b: Drampa|Drampa, L50, F|100/100\n|-ability|p1b: Drampa|Cloud Nine\n|turn|4\n|inactive|Moodkeepz has 30 seconds left.\n|\n|t:|1776304680\n|move|p1b: Drampa|Calm Mind|p1b: Drampa\n|-boost|p1b: Drampa|spa|1\n|-boost|p1b: Drampa|spd|1\n|-activate|p1a: Farigiraf|confusion\n|move|p1a: Farigiraf|Hyper Voice|p2b: Archaludon|[spread] p2a,p2b\n|-resisted|p2b: Archaludon|1\n|-damage|p2a: Pelipper|47/100\n|-damage|p2b: Archaludon|78/100\n|move|p2a: Pelipper|Weather Ball|p1a: Farigiraf\n|-damage|p1a: Farigiraf|0 fnt\n|faint|p1a: Farigiraf\n|move|p2b: Archaludon|Dragon Pulse|p1b: Drampa\n|-supereffective|p1b: Drampa|1\n|-damage|p1b: Drampa|41/100\n|\n|-weather|RainDance|[upkeep]\n|upkeep\n|\n|t:|1776304695\n|switch|p1a: Incineroar|Incineroar, L50, M|100/100\n|-ability|p1a: Incineroar|Intimidate|boost\n|-unboost|p2a: Pelipper|atk|1\n|-unboost|p2b: Archaludon|atk|1\n|turn|5\n|\n|t:|1776304713\n|switch|p2a: Sinistcha|Sinistcha, L50|100/100\n|-heal|p2b: Archaludon|100/100|[from] ability: Hospitality|[of] p2a: Sinistcha\n|move|p2b: Archaludon|Protect|p2b: Archaludon\n|-singleturn|p2b: Archaludon|Protect\n|move|p1a: Incineroar|Fake Out|p2b: Archaludon\n|-activate|p2b: Archaludon|move: Protect\n|move|p1b: Drampa|Calm Mind|p1b: Drampa\n|-boost|p1b: Drampa|spa|1\n|-boost|p1b: Drampa|spd|1\n|\n|-weather|none\n|upkeep\n|turn|6\n|\n|t:|1776304734\n|switch|p2b: Pelipper|Pelipper, L50, M|47/100\n|-weather|RainDance|[from] ability: Drizzle|[of] p2b: Pelipper\n|detailschange|p1b: Drampa|Drampa-Mega, L50, F\n|-mega|p1b: Drampa|Drampa|Drampanite\n|move|p1b: Drampa|Earth Power|p2b: Pelipper\n|-immune|p2b: Pelipper\n|move|p1a: Incineroar|Throat Chop|p2a: Sinistcha\n|-supereffective|p2a: Sinistcha|1\n|-damage|p2a: Sinistcha|25/100\n|-start|p2a: Sinistcha|Throat Chop|[silent]\n|move|p2a: Sinistcha|Matcha Gotcha|p1b: Drampa|[spread] p1a,p1b\n|-resisted|p1a: Incineroar|1\n|-crit|p1a: Incineroar\n|-resisted|p1b: Drampa|1\n|-damage|p1a: Incineroar|84/100\n|-heal|p2a: Sinistcha|35/100|[from] drain|[of] p1a: Incineroar\n|-damage|p1b: Drampa|36/100\n|-heal|p2a: Sinistcha|38/100|[from] drain|[of] p1b: Drampa\n|\n|-weather|RainDance|[upkeep]\n|-heal|p2a: Sinistcha|44/100|[from] item: Leftovers\n|upkeep\n|turn|7\n|\n|t:|1776304756\n|move|p2b: Pelipper|Protect|p2b: Pelipper\n|-singleturn|p2b: Pelipper|Protect\n|move|p2a: Sinistcha|Rage Powder|p2a: Sinistcha\n|-singleturn|p2a: Sinistcha|move: Rage Powder\n|move|p1b: Drampa|Hyper Voice|p2a: Sinistcha|[spread] \n|-activate|p2b: Pelipper|move: Protect\n|-immune|p2a: Sinistcha\n|move|p1a: Incineroar|Throat Chop|p2a: Sinistcha\n|-supereffective|p2a: Sinistcha|1\n|-damage|p2a: Sinistcha|0 fnt\n|faint|p2a: Sinistcha\n|\n|-weather|RainDance|[upkeep]\n|-fieldend|move: Trick Room\n|upkeep\n|\n|t:|1776304766\n|switch|p2a: Archaludon|Archaludon, L50, F|100/100\n|turn|8\n|\n|t:|1776304774\n|move|p2a: Archaludon|Dragon Pulse|p1b: Drampa\n|-supereffective|p1b: Drampa|1\n|-damage|p1b: Drampa|0 fnt\n|faint|p1b: Drampa\n|move|p2b: Pelipper|Weather Ball|p1a: Incineroar\n|-supereffective|p1a: Incineroar|1\n|-damage|p1a: Incineroar|0 fnt\n|faint|p1a: Incineroar\n|\n|win|coberdt\n|raw|Moodkeepz's rating: 1178 &rarr; <strong>1157</strong><br />(-21 for losing)\n|raw|coberdt's rating: 1234 &rarr; <strong>1255</strong><br />(+21 for winning)\n|l|\u2606Moodkeepz\n|player|p1|\n",
  "uploadtime": 1776304783,
  "views": 54,
  "formatid": "gen9championsvgc2026regma",
  "rating": 1157,
  "private": 0,
  "password": null
}