{
  "id": "gen9championsvgc2026regma-2587520290",
  "format": "[Gen 9 Champions] VGC 2026 Reg M-A",
  "players": [
    "ShaggyMetagross",
    "sneedjak"
  ],
  "log": "|j|\u2606ShaggyMetagross\n|j|\u2606sneedjak\n|t:|1776538850\n|gametype|doubles\n|player|p1|ShaggyMetagross|102|1038\n|player|p2|sneedjak|169|1086\n|gen|9\n|tier|[Gen 9 Champions] VGC 2026 Reg M-A\n|rated|\n|rule|Species Clause: Limit one of each Pok\u00e9mon\n|rule|Item Clause: Limit 1 of each item\n|clearpoke\n|poke|p1|Basculegion, L50, M, shiny|\n|poke|p1|Meganium, L50, F|\n|poke|p1|Aegislash, L50, F, shiny|\n|poke|p1|Aerodactyl, L50, M|\n|poke|p1|Kangaskhan, L50, F|\n|poke|p1|Tauros-Paldea-Aqua, L50, M|\n|poke|p2|Incineroar, L50, F|\n|poke|p2|Kingambit, L50, M|\n|poke|p2|Sinistcha, L50|\n|poke|p2|Basculegion, L50, M|\n|poke|p2|Floette-Eternal, L50, F|\n|poke|p2|Whimsicott, L50, M|\n|teampreview|4\n|\n|t:|1776538891\n|teamsize|p1|4\n|teamsize|p2|4\n|start\n|switch|p1a: Aerodactyl|Aerodactyl, L50, M|100/100\n|switch|p1b: Monado|Aegislash, L50, F, shiny|100/100\n|switch|p2a: Incineroar|Incineroar, L50, F|100/100\n|switch|p2b: Kingambit|Kingambit, L50, M|100/100\n|-ability|p1a: Aerodactyl|Pressure\n|-ability|p2a: Incineroar|Intimidate|boost\n|-unboost|p1a: Aerodactyl|atk|1\n|-unboost|p1b: Monado|atk|1\n|turn|1\n|\n|t:|1776538918\n|switch|p1b: Meganium|Meganium, L50, F|100/100\n|move|p2b: Kingambit|Protect|p2b: Kingambit\n|-singleturn|p2b: Kingambit|Protect\n|move|p2a: Incineroar|Fake Out|p1a: Aerodactyl\n|-resisted|p1a: Aerodactyl|1\n|-damage|p1a: Aerodactyl|89/100\n|cant|p1a: Aerodactyl|flinch\n|\n|upkeep\n|turn|2\n|\n|t:|1776538944\n|detailschange|p1b: Meganium|Meganium-Mega, L50, F\n|-mega|p1b: Meganium|Meganium|Meganiumite\n|move|p1a: Aerodactyl|Tailwind|p1a: Aerodactyl\n|-sidestart|p1: ShaggyMetagross|move: Tailwind\n|move|p1b: Meganium|Weather Ball|p2b: Kingambit\n|-supereffective|p2b: Kingambit|1\n|-damage|p2b: Kingambit|0 fnt\n|faint|p2b: Kingambit\n|move|p2a: Incineroar|Parting Shot|p1b: Meganium\n|-unboost|p1b: Meganium|atk|1\n|-unboost|p1b: Meganium|spa|1\n|\n|t:|1776538951\n|switch|p2a: Floette|Floette-Eternal, L50, F|100/100|[from] Parting Shot\n|\n|upkeep\n|\n|t:|1776538954\n|switch|p2b: Incineroar|Incineroar, L50, F|100/100\n|-ability|p2b: Incineroar|Intimidate|boost\n|-unboost|p1a: Aerodactyl|atk|1\n|-unboost|p1b: Meganium|atk|1\n|turn|3\n|\n|t:|1776538995\n|switch|p1a: Monado|Aegislash, L50, F, shiny|100/100\n|detailschange|p2a: Floette|Floette-Mega, L50, F\n|-mega|p2a: Floette|Floette|Floettite\n|-ability|p2a: Floette|Fairy Aura\n|move|p2b: Incineroar|Fake Out|p1b: Meganium\n|-damage|p1b: Meganium|88/100\n|cant|p1b: Meganium|flinch\n|move|p2a: Floette|Calm Mind|p2a: Floette\n|-boost|p2a: Floette|spa|1\n|-boost|p2a: Floette|spd|1\n|\n|upkeep\n|turn|4\n|\n|t:|1776539028\n|move|p1b: Meganium|Protect|p1b: Meganium\n|-singleturn|p1b: Meganium|Protect\n|move|p2a: Floette|Dazzling Gleam|p1a: Monado|[spread] p1a\n|-activate|p1b: Meganium|move: Protect\n|-resisted|p1a: Monado|1\n|-damage|p1a: Monado|75/100\n|-formechange|p1a: Monado|Aegislash-Blade|\n|move|p1a: Monado|Iron Head|p2a: Floette\n|-supereffective|p2a: Floette|1\n|-damage|p2a: Floette|0 fnt\n|faint|p2a: Floette\n|move|p2b: Incineroar|Parting Shot|p1a: Monado\n|-unboost|p1a: Monado|atk|1\n|-unboost|p1a: Monado|spa|1\n|\n|t:|1776539037\n|switch|p2b: Sinistcha|Sinistcha, L50|100/100|[from] Parting Shot\n|\n|upkeep\n|\n|t:|1776539039\n|switch|p2a: Incineroar|Incineroar, L50, F|100/100\n|-ability|p2a: Incineroar|Intimidate|boost\n|-unboost|p1a: Monado|atk|1\n|-unboost|p1b: Meganium|atk|1\n|turn|5\n|\n|t:|1776539074\n|switch|p1a: Aerodactyl|Aerodactyl, L50, M|89/100\n|-ability|p1a: Aerodactyl|Pressure\n|move|p2b: Sinistcha|Protect|p2b: Sinistcha\n|-singleturn|p2b: Sinistcha|Protect\n|move|p1b: Meganium|Weather Ball|p2b: Sinistcha\n|-activate|p2b: Sinistcha|move: Protect\n|move|p2a: Incineroar|Darkest Lariat|p1a: Aerodactyl\n|-damage|p1a: Aerodactyl|14/100\n|\n|-sideend|p1: ShaggyMetagross|move: Tailwind\n|upkeep\n|turn|6\n|\n|t:|1776539087\n|move|p1a: Aerodactyl|Tailwind|p1a: Aerodactyl\n|-sidestart|p1: ShaggyMetagross|move: Tailwind\n|move|p1b: Meganium|Weather Ball|p2b: Sinistcha\n|-supereffective|p2b: Sinistcha|1\n|-damage|p2b: Sinistcha|0 fnt\n|faint|p2b: Sinistcha\n|move|p2a: Incineroar|Parting Shot|p1b: Meganium\n|-unboost|p1b: Meganium|atk|1\n|-unboost|p1b: Meganium|spa|1\n|\n|upkeep\n|turn|7\n|\n|t:|1776539108\n|switch|p1b: Basculegion|Basculegion, L50, M, shiny|100/100\n|move|p1a: Aerodactyl|Rock Slide|p2a: Incineroar\n|-supereffective|p2a: Incineroar|1\n|-damage|p2a: Incineroar|31/100\n|-enditem|p2a: Incineroar|Sitrus Berry|[eat]\n|-heal|p2a: Incineroar|56/100|[from] item: Sitrus Berry\n|cant|p2a: Incineroar|flinch\n|\n|upkeep\n|turn|8\n|-message|sneedjak forfeited.\n|\n|win|ShaggyMetagross\n|raw|ShaggyMetagross's rating: 1038 &rarr; <strong>1077</strong><br />(+39 for winning)\n|raw|sneedjak's rating: 1086 &rarr; <strong>1060</strong><br />(-26 for losing)\n|l|\u2606sneedjak\n|player|p2|\n",
  "uploadtime": 1776539121,
  "views": 20,
  "formatid": "gen9championsvgc2026regma",
  "rating": 1060,
  "private": 0,
  "password": null
}