{
  "id": "gen9championsvgc2026regma-2582520319",
  "format": "[Gen 9 Champions] VGC 2026 Reg M-A",
  "players": [
    "PestoLad",
    "Xalvadore"
  ],
  "log": "|j|\u2606PestoLad\n|j|\u2606Xalvadore\n|t:|1776096929\n|gametype|doubles\n|player|p1|PestoLad|harlequin|1070\n|player|p2|Xalvadore|266|1000\n|gen|9\n|tier|[Gen 9 Champions] VGC 2026 Reg M-A\n|rated|\n|rule|Species Clause: Limit one of each Pok\u00e9mon\n|rule|Item Clause: Limit 1 of each item\n|clearpoke\n|poke|p1|Incineroar, L50, M|\n|poke|p1|Whimsicott, L50, M|\n|poke|p1|Dragonite, L50, F|\n|poke|p1|Basculegion, L50, M|\n|poke|p1|Pelipper, L50, M|\n|poke|p1|Scizor, L50, F|\n|poke|p2|Incineroar, L50, F|\n|poke|p2|Tyranitar, L50, M|\n|poke|p2|Excadrill, L50, F|\n|poke|p2|Rotom-Wash, L50|\n|poke|p2|Raichu, L50, F|\n|poke|p2|Garchomp, L50, M|\n|teampreview|4\nXalvadore has agreed to open team sheets.\n|\n|t:|1776096950\n|teamsize|p1|4\n|teamsize|p2|4\n|start\n|switch|p1a: Whimsicott|Whimsicott, L50, M|100/100\n|switch|p1b: Scizor|Scizor, L50, F|100/100\n|switch|p2a: Tyranitar|Tyranitar, L50, M|100/100\n|switch|p2b: Rotom|Rotom-Wash, L50|100/100\n|-weather|Sandstorm|[from] ability: Sand Stream|[of] p2a: Tyranitar\n|turn|1\n|\n|t:|1776096964\n|switch|p2a: Garchomp|Garchomp, L50, M|100/100\n|detailschange|p1b: Scizor|Scizor-Mega, L50, F\n|-mega|p1b: Scizor|Scizor|Scizorite\n|move|p1a: Whimsicott|Tailwind|p1a: Whimsicott\n|-sidestart|p1: PestoLad|move: Tailwind\n|move|p1b: Scizor|Swords Dance|p1b: Scizor\n|-boost|p1b: Scizor|atk|2\n|move|p2b: Rotom|Will-O-Wisp|p1b: Scizor\n|-status|p1b: Scizor|brn\n|\n|-weather|Sandstorm|[upkeep]\n|-damage|p1a: Whimsicott|95/100|[from] Sandstorm\n|-damage|p2b: Rotom|95/100|[from] Sandstorm\n|-damage|p1b: Scizor|94/100 brn|[from] brn\n|upkeep\n|turn|2\n|\n|t:|1776096995\n|move|p1a: Whimsicott|Moonblast|p2a: Garchomp\n|-supereffective|p2a: Garchomp|1\n|-damage|p2a: Garchomp|25/100\n|move|p1b: Scizor|Dual Wingbeat|p2b: Rotom|[miss]\n|-miss|p1b: Scizor|p2b: Rotom\n|move|p2a: Garchomp|Rock Slide|p1b: Scizor|[spread] p1a,p1b\n|-damage|p1a: Whimsicott|62/100\n|-damage|p1b: Scizor|77/100 brn\n|move|p2b: Rotom|Hydro Pump|p1b: Scizor\n|-crit|p1b: Scizor\n|-damage|p1b: Scizor|8/100 brn\n|\n|-weather|Sandstorm|[upkeep]\n|-damage|p1a: Whimsicott|56/100|[from] Sandstorm\n|-damage|p2b: Rotom|89/100|[from] Sandstorm\n|-damage|p1b: Scizor|2/100 brn|[from] brn\n|upkeep\n|turn|3\n|\n|t:|1776097016\n|move|p2a: Garchomp|Protect|p2a: Garchomp\n|-singleturn|p2a: Garchomp|Protect\n|move|p1a: Whimsicott|Moonblast|p2a: Garchomp\n|-activate|p2a: Garchomp|move: Protect\n|move|p1b: Scizor|Roost|p1b: Scizor\n|-heal|p1b: Scizor|52/100 brn\n|-singleturn|p1b: Scizor|move: Roost\n|move|p2b: Rotom|Discharge|p1b: Scizor|[spread] p1a,p1b\n|-activate|p2a: Garchomp|move: Protect\n|-resisted|p1a: Whimsicott|1\n|-damage|p1a: Whimsicott|36/100\n|-damage|p1b: Scizor|28/100 brn\n|\n|-weather|Sandstorm|[upkeep]\n|-damage|p1a: Whimsicott|30/100|[from] Sandstorm\n|-damage|p2b: Rotom|83/100|[from] Sandstorm\n|-damage|p1b: Scizor|22/100 brn|[from] brn\n|upkeep\n|turn|4\n|\n|t:|1776097030\n|move|p1a: Whimsicott|Moonblast|p2a: Garchomp\n|-supereffective|p2a: Garchomp|1\n|-damage|p2a: Garchomp|0 fnt\n|faint|p2a: Garchomp\n|move|p1b: Scizor|Roost|p1b: Scizor\n|-heal|p1b: Scizor|72/100 brn\n|-singleturn|p1b: Scizor|move: Roost\n|move|p2b: Rotom|Hydro Pump|p1b: Scizor\n|-damage|p1b: Scizor|30/100 brn\n|\n|-weather|Sandstorm|[upkeep]\n|-damage|p1a: Whimsicott|24/100|[from] Sandstorm\n|-damage|p2b: Rotom|78/100|[from] Sandstorm\n|-damage|p1b: Scizor|24/100 brn|[from] brn\n|-sideend|p1: PestoLad|move: Tailwind\n|upkeep\n|\n|t:|1776097032\n|switch|p2a: Raichu|Raichu, L50, F|100/100\n|turn|5\n|\n|t:|1776097046\n|move|p2a: Raichu|Fake Out|p1a: Whimsicott\n|-crit|p1a: Whimsicott\n|-damage|p1a: Whimsicott|4/100\n|cant|p1a: Whimsicott|flinch\n|move|p1b: Scizor|Bullet Punch|p2a: Raichu\n|-resisted|p2a: Raichu|1\n|-damage|p2a: Raichu|53/100\n|move|p2b: Rotom|Hydro Pump|p1b: Scizor\n|-damage|p1b: Scizor|0 fnt\n|faint|p1b: Scizor\n|\n|-weather|none\n|upkeep\n|\n|t:|1776097053\n|switch|p1b: Incineroar|Incineroar, L50, M|100/100\n|-ability|p1b: Incineroar|Intimidate|boost\n|-unboost|p2a: Raichu|atk|1\n|-unboost|p2b: Rotom|atk|1\n|turn|6\n|\n|t:|1776097063\n|move|p2a: Raichu|Protect|p2a: Raichu\n|-singleturn|p2a: Raichu|Protect\n|move|p1a: Whimsicott|Tailwind|p1a: Whimsicott\n|-sidestart|p1: PestoLad|move: Tailwind\n|move|p1b: Incineroar|Flare Blitz|p2a: Raichu\n|-activate|p2a: Raichu|move: Protect\n|move|p2b: Rotom|Volt Switch|p2a: Raichu\n|-activate|p2a: Raichu|ability: Lightning Rod\n|-activate|p2a: Raichu|move: Protect\n|\n|upkeep\n|turn|7\n|\n|t:|1776097079\n|switch|p2a: Tyranitar|Tyranitar, L50, M|100/100\n|-weather|Sandstorm|[from] ability: Sand Stream|[of] p2a: Tyranitar\n|move|p1a: Whimsicott|Moonblast|p2b: Rotom\n|-damage|p2b: Rotom|36/100\n|-enditem|p2b: Rotom|Sitrus Berry|[eat]\n|-heal|p2b: Rotom|60/100|[from] item: Sitrus Berry\n|move|p1b: Incineroar|Flare Blitz|p2a: Tyranitar\n|-resisted|p2a: Tyranitar|1\n|-damage|p2a: Tyranitar|76/100\n|-damage|p1b: Incineroar|92/100|[from] Recoil\n|move|p2b: Rotom|Hydro Pump|p1b: Incineroar\n|-supereffective|p1b: Incineroar|1\n|-damage|p1b: Incineroar|5/100\n|-enditem|p1b: Incineroar|Sitrus Berry|[eat]\n|-heal|p1b: Incineroar|30/100|[from] item: Sitrus Berry\n|\n|-weather|Sandstorm|[upkeep]\n|-damage|p1a: Whimsicott|0 fnt|[from] Sandstorm\n|-damage|p1b: Incineroar|24/100|[from] Sandstorm\n|-damage|p2b: Rotom|55/100|[from] Sandstorm\n|faint|p1a: Whimsicott\n|upkeep\n|\n|t:|1776097081\n|switch|p1a: Pelipper|Pelipper, L50, M|100/100\n|-weather|RainDance|[from] ability: Drizzle|[of] p1a: Pelipper\n|turn|8\n|-message|PestoLad forfeited.\n|\n|win|Xalvadore\n|raw|PestoLad's rating: 1070 &rarr; <strong>1045</strong><br />(-25 for losing)\n|raw|Xalvadore's rating: 1000 &rarr; <strong>1048</strong><br />(+48 for winning)\n|l|\u2606PestoLad\n|player|p1|\n|c|\u2606Xalvadore|gg\n",
  "uploadtime": 1776097112,
  "views": 12,
  "formatid": "gen9championsvgc2026regma",
  "rating": 1045,
  "private": 0,
  "password": null
}