{
  "id": "gen9championsvgc2026regma-2584268409",
  "format": "[Gen 9 Champions] VGC 2026 Reg M-A",
  "players": [
    "goigig",
    "InClassRn77"
  ],
  "log": "|j|\u203dgoigig\n|j|\u2606InClassRn77\n|t:|1776245273\n|gametype|doubles\n|player|p1|goigig|maid|1042\n|player|p2|InClassRn77|steven|1010\n|gen|9\n|tier|[Gen 9 Champions] VGC 2026 Reg M-A\n|rated|\n|rule|Species Clause: Limit one of each Pok\u00e9mon\n|rule|Item Clause: Limit 1 of each item\n|clearpoke\n|poke|p1|Gengar, L50, F|\n|poke|p1|Clefable, L50, F|\n|poke|p1|Incineroar, L50, M|\n|poke|p1|Whimsicott, L50, F|\n|poke|p1|Archaludon, L50, M|\n|poke|p1|Pelipper, L50, M|\n|poke|p2|Tyranitar, L50, F|\n|poke|p2|Aerodactyl, L50, M|\n|poke|p2|Gardevoir, L50, F|\n|poke|p2|Sinistcha, L50|\n|poke|p2|Garchomp, L50, M|\n|poke|p2|Armarouge, L50, F|\n|teampreview|4\n|inactive|Battle timer is ON: inactive players will automatically lose when time's up. (requested by InClassRn77)\n|\n|t:|1776245292\n|teamsize|p1|4\n|teamsize|p2|4\n|start\n|switch|p1a: Gengar|Gengar, L50, F|100/100\n|switch|p1b: Incineroar|Incineroar, L50, M|100/100\n|switch|p2a: Tyranitar|Tyranitar, L50, F|100/100\n|switch|p2b: Sinistcha|Sinistcha, L50|100/100\n|-ability|p1b: Incineroar|Intimidate|boost\n|-unboost|p2a: Tyranitar|atk|1\n|-unboost|p2b: Sinistcha|atk|1\n|-weather|Sandstorm|[from] ability: Sand Stream|[of] p2a: Tyranitar\n|turn|1\n|inactive|goigig has 30 seconds left.\n|\n|t:|1776245324\n|detailschange|p1a: Gengar|Gengar-Mega, L50, F\n|-mega|p1a: Gengar|Gengar|Gengarite\n|move|p2a: Tyranitar|Protect|p2a: Tyranitar\n|-singleturn|p2a: Tyranitar|Protect\n|move|p1a: Gengar|Perish Song|p1a: Gengar\n|-start|p1a: Gengar|perish3|[silent]\n|-start|p1b: Incineroar|perish3|[silent]\n|-start|p2a: Tyranitar|perish3|[silent]\n|-start|p2b: Sinistcha|perish3|[silent]\n|-fieldactivate|move: Perish Song\n|move|p1b: Incineroar|Parting Shot|p2b: Sinistcha\n|-unboost|p2b: Sinistcha|atk|1\n|-unboost|p2b: Sinistcha|spa|1\n|\n|t:|1776245334\n|switch|p1b: Pelipper|Pelipper, L50, M|100/100|[from] Parting Shot\n|-weather|RainDance|[from] ability: Drizzle|[of] p1b: Pelipper\n|move|p2b: Sinistcha|Trick Room|p2b: Sinistcha\n|-fieldstart|move: Trick Room|[of] p2b: Sinistcha\n|\n|-weather|RainDance|[upkeep]\n|-start|p2a: Tyranitar|perish3\n|-start|p2b: Sinistcha|perish3\n|-start|p1a: Gengar|perish3\n|upkeep\n|turn|2\n|\n|t:|1776245353\n|move|p1a: Gengar|Protect|p1a: Gengar\n|-singleturn|p1a: Gengar|Protect\n|move|p2a: Tyranitar|Knock Off|p1b: Pelipper\n|-damage|p1b: Pelipper|58/100\n|-enditem|p1b: Pelipper|Wacan Berry|[from] move: Knock Off|[of] p2a: Tyranitar\n|move|p2b: Sinistcha|Matcha Gotcha|p1a: Gengar|[spread] p1b\n|-activate|p1a: Gengar|move: Protect\n|-damage|p1b: Pelipper|38/100\n|-status|p1b: Pelipper|brn\n|move|p1b: Pelipper|U-turn|p2a: Tyranitar\n|-supereffective|p2a: Tyranitar|1\n|-damage|p2a: Tyranitar|95/100\n|\n|t:|1776245369\n|switch|p1b: Incineroar|Incineroar, L50, M|100/100|[from] U-turn\n|-ability|p1b: Incineroar|Intimidate|boost\n|-unboost|p2a: Tyranitar|atk|1\n|-unboost|p2b: Sinistcha|atk|1\n|\n|-weather|RainDance|[upkeep]\n|-start|p2a: Tyranitar|perish2\n|-start|p2b: Sinistcha|perish2\n|-start|p1a: Gengar|perish2\n|upkeep\n|turn|3\n|inactive|goigig has 30 seconds left.\n|\n|t:|1776245397\n|move|p2b: Sinistcha|Protect|p2b: Sinistcha\n|-singleturn|p2b: Sinistcha|Protect\n|move|p2a: Tyranitar|Knock Off|p1a: Gengar\n|-supereffective|p1a: Gengar|1\n|-damage|p1a: Gengar|50/100\n|move|p1b: Incineroar|Parting Shot|p2b: Sinistcha\n|-activate|p2b: Sinistcha|move: Protect\n|move|p1a: Gengar|Disable|p2a: Tyranitar\n|-start|p2a: Tyranitar|Disable|Knock Off\n|\n|-weather|RainDance|[upkeep]\n|-start|p2a: Tyranitar|perish1\n|-start|p2b: Sinistcha|perish1\n|-start|p1a: Gengar|perish1\n|upkeep\n|turn|4\n|inactive|goigig has 30 seconds left.\n|\n|t:|1776245427\n|switch|p1a: Archaludon|Archaludon, L50, M|100/100\n|move|p2a: Tyranitar|Rock Slide|p1b: Incineroar|[spread] p1a,p1b\n|-resisted|p1a: Archaludon|1\n|-crit|p1a: Archaludon\n|-supereffective|p1b: Incineroar|1\n|-damage|p1a: Archaludon|80/100\n|-damage|p1b: Incineroar|76/100\n|-ability|p1a: Archaludon|Stamina|boost\n|-boost|p1a: Archaludon|def|1\n|cant|p1b: Incineroar|flinch\n|move|p2b: Sinistcha|Matcha Gotcha|p1a: Archaludon|[spread] p1a,p1b\n|-resisted|p1a: Archaludon|2\n|-resisted|p1b: Incineroar|1\n|-damage|p1a: Archaludon|75/100\n|-damage|p1b: Incineroar|68/100\n|-ability|p1a: Archaludon|Stamina|boost\n|-boost|p1a: Archaludon|def|1\n|\n|-weather|RainDance|[upkeep]\n|-start|p2a: Tyranitar|perish0\n|-start|p2b: Sinistcha|perish0\n|faint|p2a: Tyranitar\n|faint|p2b: Sinistcha\n|upkeep\n|\n|t:|1776245438\n|switch|p2a: Armarouge|Armarouge, L50, F|100/100\n|switch|p2b: Gardevoir|Gardevoir, L50, F|100/100\n|turn|5\n|\n|t:|1776245461\n|detailschange|p2b: Gardevoir|Gardevoir-Mega, L50, F\n|-mega|p2b: Gardevoir|Gardevoir|Gardevoirite\n|move|p1b: Incineroar|Parting Shot|p2a: Armarouge\n|-unboost|p2a: Armarouge|atk|1\n|-unboost|p2a: Armarouge|spa|1\n|\n|t:|1776245467\n|switch|p1b: Gengar|Gengar-Mega, L50, F|50/100|[from] Parting Shot\n|move|p2a: Armarouge|Psychic|p1a: Archaludon\n|-resisted|p1a: Archaludon|1\n|-damage|p1a: Archaludon|53/100\n|-ability|p1a: Archaludon|Stamina|boost\n|-boost|p1a: Archaludon|def|1\n|move|p2b: Gardevoir|Hyper Voice|p1b: Gengar|[spread] p1a,p1b\n|-resisted|p1b: Gengar|1\n|-damage|p1a: Archaludon|0 fnt\n|-damage|p1b: Gengar|21/100\n|faint|p1a: Archaludon\n|\n|-weather|none\n|-fieldend|move: Trick Room\n|upkeep\n|\n|t:|1776245482\n|switch|p1a: Incineroar|Incineroar, L50, M|68/100\n|-ability|p1a: Incineroar|Intimidate|boost\n|-unboost|p2a: Armarouge|atk|1\n|-unboost|p2b: Gardevoir|atk|1\n|turn|6\n|\n|t:|1776245491\n|move|p2b: Gardevoir|Protect|p2b: Gardevoir\n|-singleturn|p2b: Gardevoir|Protect\n|move|p1a: Incineroar|Fake Out|p2b: Gardevoir\n|-activate|p2b: Gardevoir|move: Protect\n|move|p1b: Gengar|Perish Song|p1b: Gengar\n|-start|p1a: Incineroar|perish3|[silent]\n|-start|p1b: Gengar|perish3|[silent]\n|-start|p2a: Armarouge|perish3|[silent]\n|-start|p2b: Gardevoir|perish3|[silent]\n|-fieldactivate|move: Perish Song\n|move|p2a: Armarouge|Trick Room|p2a: Armarouge\n|-fieldstart|move: Trick Room|[of] p2a: Armarouge\n|\n|-start|p1a: Incineroar|perish3\n|-start|p2a: Armarouge|perish3\n|-start|p2b: Gardevoir|perish3\n|-start|p1b: Gengar|perish3\n|upkeep\n|turn|7\n|\n|t:|1776245515\n|move|p1a: Incineroar|Parting Shot|p2a: Armarouge\n|-unboost|p2a: Armarouge|atk|1\n|-unboost|p2a: Armarouge|spa|1\n|n|!InClassRn77|inclassrn77\n|\n|t:|1776245518\n|switch|p1a: Pelipper|Pelipper, L50, M|38/100 brn|[from] Parting Shot\n|-weather|RainDance|[from] ability: Drizzle|[of] p1a: Pelipper\n|move|p2a: Armarouge|Armor Cannon|p1b: Gengar\n|-damage|p1b: Gengar|1/100\n|-unboost|p2a: Armarouge|def|1\n|-unboost|p2a: Armarouge|spd|1\n|move|p2b: Gardevoir|Hyper Voice|p1a: Pelipper|[spread] p1a,p1b\n|-resisted|p1b: Gengar|1\n|-damage|p1a: Pelipper|0 fnt\n|-damage|p1b: Gengar|0 fnt\n|faint|p1a: Pelipper\n|faint|p1b: Gengar\n|\n|-weather|RainDance|[upkeep]\n|-start|p2a: Armarouge|perish2\n|-start|p2b: Gardevoir|perish2\n|upkeep\n|\n|t:|1776245538\n|switch|p1a: Incineroar|Incineroar, L50, M|68/100\n|-ability|p1a: Incineroar|Intimidate|boost\n|-unboost|p2a: Armarouge|atk|1\n|-unboost|p2b: Gardevoir|atk|1\n|turn|8\n|\n|t:|1776245554\n|move|p1a: Incineroar|Fake Out|p2b: Gardevoir\n|-damage|p2b: Gardevoir|83/100\n|move|p2a: Armarouge|Armor Cannon|p1a: Incineroar\n|-resisted|p1a: Incineroar|1\n|-damage|p1a: Incineroar|61/100\n|-unboost|p2a: Armarouge|def|1\n|-unboost|p2a: Armarouge|spd|1\n|cant|p2b: Gardevoir|flinch\n|\n|-weather|RainDance|[upkeep]\n|-start|p2a: Armarouge|perish1\n|-start|p2b: Gardevoir|perish1\n|upkeep\n|turn|9\n|\n|t:|1776245570\n|move|p1a: Incineroar|Parting Shot|p2b: Gardevoir\n|-unboost|p2b: Gardevoir|atk|1\n|-unboost|p2b: Gardevoir|spa|1\n|move|p2a: Armarouge|Armor Cannon|p1a: Incineroar\n|-resisted|p1a: Incineroar|1\n|-damage|p1a: Incineroar|54/100\n|-unboost|p2a: Armarouge|def|1\n|-unboost|p2a: Armarouge|spd|1\n|move|p2b: Gardevoir|Hyper Voice|p1a: Incineroar\n|-damage|p1a: Incineroar|9/100\n|-enditem|p1a: Incineroar|Sitrus Berry|[eat]\n|-heal|p1a: Incineroar|34/100|[from] item: Sitrus Berry\n|\n|-weather|RainDance|[upkeep]\n|-start|p2a: Armarouge|perish0\n|-start|p2b: Gardevoir|perish0\n|faint|p2a: Armarouge\n|faint|p2b: Gardevoir\n|\n|win|goigig\n",
  "uploadtime": 1776245518,
  "views": 15,
  "formatid": "gen9championsvgc2026regma",
  "rating": null,
  "private": 0,
  "password": null
}