{
  "id": "gen9championsvgc2026regma-2583907071",
  "format": "[Gen 9 Champions] VGC 2026 Reg M-A",
  "players": [
    "Psicopatic",
    "StaraptorKiller"
  ],
  "log": "|j|\u2606Psicopatic\n|j|\u2606StaraptorKiller\n|t:|1776207231\n|gametype|doubles\n|player|p1|Psicopatic|170|1393\n|player|p2|StaraptorKiller|blaine|1344\n|gen|9\n|tier|[Gen 9 Champions] VGC 2026 Reg M-A\n|rated|\n|rule|Species Clause: Limit one of each Pok\u00e9mon\n|rule|Item Clause: Limit 1 of each item\n|clearpoke\n|poke|p1|Aerodactyl, L50, F|\n|poke|p1|Floette-Eternal, L50, F|\n|poke|p1|Sneasler, L50, M|\n|poke|p1|Basculegion, L50, M|\n|poke|p1|Delphox, L50, F|\n|poke|p1|Garchomp, L50, F|\n|poke|p2|Sinistcha, L50|\n|poke|p2|Floette-Eternal, L50, F|\n|poke|p2|Sneasler, L50, F|\n|poke|p2|Pelipper, L50, M|\n|poke|p2|Archaludon, L50, F|\n|poke|p2|Kingambit, L50, M|\n|teampreview|4\n|inactive|Battle timer is ON: inactive players will automatically lose when time's up. (requested by StaraptorKiller)\n|inactive|StaraptorKiller has 60 seconds left.\n|\n|t:|1776207274\n|teamsize|p1|4\n|teamsize|p2|4\n|start\n|switch|p1a: Aerodactyl|Aerodactyl, L50, F|100/100\n|switch|p1b: Sneasler|Sneasler, L50, M|100/100\n|switch|p2a: Floette|Floette-Eternal, L50, F|100/100\n|switch|p2b: Sneasler|Sneasler, L50, F|100/100\n|-ability|p1a: Aerodactyl|Unnerve\n|turn|1\n|inactive|StaraptorKiller has 30 seconds left.\n|inactive|StaraptorKiller has 20 seconds left.\n|inactive|StaraptorKiller has 15 seconds left.\n|inactive|StaraptorKiller has 10 seconds left.\n|inactive|StaraptorKiller has 5 seconds left.\n|\n|t:|1776207328\n|detailschange|p2a: Floette|Floette-Mega, L50, F\n|-mega|p2a: Floette|Floette|Floettite\n|-ability|p2a: Floette|Fairy Aura\n|move|p1a: Aerodactyl|Protect|p1a: Aerodactyl\n|-singleturn|p1a: Aerodactyl|Protect\n|move|p1b: Sneasler|Protect|p1b: Sneasler\n|-singleturn|p1b: Sneasler|Protect\n|move|p2b: Sneasler|Fake Out|p1a: Aerodactyl\n|-activate|p1a: Aerodactyl|move: Protect\n|move|p2a: Floette|Dazzling Gleam|p1b: Sneasler|[spread] \n|-activate|p1a: Aerodactyl|move: Protect\n|-activate|p1b: Sneasler|move: Protect\n|\n|upkeep\n|turn|2\n|inactive|StaraptorKiller has 30 seconds left.\n|inactive|StaraptorKiller has 20 seconds left.\n|inactive|StaraptorKiller has 15 seconds left.\n|\n|t:|1776207368\n|switch|p2a: Kingambit|Kingambit, L50, M|100/100\n|move|p1a: Aerodactyl|Tailwind|p1a: Aerodactyl\n|-sidestart|p1: Psicopatic|move: Tailwind\n|move|p1b: Sneasler|Dire Claw|p2a: Kingambit\n|-immune|p2a: Kingambit\n|move|p2b: Sneasler|Close Combat|p1a: Aerodactyl\n|-enditem|p1a: Aerodactyl|Focus Sash\n|-damage|p1a: Aerodactyl|1/100\n|-unboost|p2b: Sneasler|def|1\n|-unboost|p2b: Sneasler|spd|1\n|\n|upkeep\n|turn|3\n|inactive|StaraptorKiller has 30 seconds left.\n|inactive|StaraptorKiller has 20 seconds left.\n|inactive|StaraptorKiller has 15 seconds left.\n|\n|t:|1776207409\n|move|p2a: Kingambit|Protect|p2a: Kingambit\n|-singleturn|p2a: Kingambit|Protect\n|move|p1a: Aerodactyl|Dual Wingbeat|p2b: Sneasler\n|-supereffective|p2b: Sneasler|1\n|-enditem|p2b: Sneasler|Focus Sash\n|-damage|p2b: Sneasler|1/100\n|-supereffective|p2b: Sneasler|1\n|-damage|p2b: Sneasler|0 fnt\n|faint|p2b: Sneasler\n|-hitcount|p2: Sneasler|2\n|move|p1b: Sneasler|Close Combat|p2a: Kingambit\n|-activate|p2a: Kingambit|move: Protect\n|\n|upkeep\n|\n|t:|1776207423\n|switch|p2b: Floette|Floette-Mega, L50, F|100/100\n|-ability|p2b: Floette|Fairy Aura\n|turn|4\n|inactive|Psicopatic has 30 seconds left.\n|inactive|Psicopatic has 20 seconds left.\n|inactive|Psicopatic has 15 seconds left.\n|inactive|Psicopatic has 10 seconds left.\n|inactive|StaraptorKiller has 30 seconds left.\n|\n|t:|1776207478\n|move|p2a: Kingambit|Sucker Punch|p1a: Aerodactyl\n|-damage|p1a: Aerodactyl|0 fnt\n|faint|p1a: Aerodactyl\n|move|p1b: Sneasler|Dire Claw|p2b: Floette\n|-supereffective|p2b: Floette|1\n|-damage|p2b: Floette|0 fnt\n|faint|p2b: Floette\n|\n|upkeep\n|\n|t:|1776207486\n|switch|p1a: Floette|Floette-Eternal, L50, F|100/100\n|switch|p2b: Sinistcha|Sinistcha, L50|100/100\n|turn|5\n|\n|t:|1776207500\n|detailschange|p1a: Floette|Floette-Mega, L50, F\n|-mega|p1a: Floette|Floette|Floettite\n|-ability|p1a: Floette|Fairy Aura\n|move|p1b: Sneasler|Protect|p1b: Sneasler\n|-singleturn|p1b: Sneasler|Protect\n|move|p2a: Kingambit|Protect|p2a: Kingambit\n|-singleturn|p2a: Kingambit|Protect\n|move|p1a: Floette|Light of Ruin|p2b: Sinistcha\n|-crit|p2b: Sinistcha\n|-damage|p2b: Sinistcha|0 fnt\n|faint|p2b: Sinistcha\n|-damage|p1a: Floette|42/100|[from] Recoil\n|\n|-sideend|p1: Psicopatic|move: Tailwind\n|upkeep\n|turn|6\n|-message|StaraptorKiller forfeited.\n|\n|win|Psicopatic\n|raw|Psicopatic's rating: 1393 &rarr; <strong>1410</strong><br />(+17 for winning)\n|raw|StaraptorKiller's rating: 1344 &rarr; <strong>1327</strong><br />(-17 for losing)\n|l|\u2606StaraptorKiller\n|player|p2|\n|l|\u2606Psicopatic\n|player|p1|\n",
  "uploadtime": 1776207555,
  "views": 27,
  "formatid": "gen9championsvgc2026regma",
  "rating": 1327,
  "private": 0,
  "password": null
}