{
  "id": "gen9championsvgc2026regma-2580515595",
  "format": "[Gen 9 Champions] VGC 2026 Reg M-A",
  "players": [
    "koraidonrider3565",
    "PandasonPanda"
  ],
  "log": "|j|\u203dkoraidonrider3565\n|j|\u2606PandasonPanda\n|t:|1775907510\n|gametype|doubles\n|player|p1|koraidonrider3565|2|1060\n|player|p2|PandasonPanda|veteran|1093\n|gen|9\n|tier|[Gen 9 Champions] VGC 2026 Reg M-A\n|rated|\n|rule|Species Clause: Limit one of each Pok\u00e9mon\n|rule|Item Clause: Limit 1 of each item\n|clearpoke\n|poke|p1|Charizard, L50, F|\n|poke|p1|Venusaur, L50, F|\n|poke|p1|Kingambit, L50, F|\n|poke|p1|Whimsicott, L50, F|\n|poke|p1|Arcanine-Hisui, L50, F|\n|poke|p1|Incineroar, L50, F|\n|poke|p2|Gengar, L50, F|\n|poke|p2|Orthworm, L50, M|\n|poke|p2|Incineroar, L50, F|\n|poke|p2|Garchomp, L50, F|\n|poke|p2|Palafin, L50, M|\n|poke|p2|Whimsicott, L50, M|\n|teampreview|4\n|inactive|Battle timer is ON: inactive players will automatically lose when time's up. (requested by PandasonPanda)\n|\n|t:|1775907546\n|teamsize|p1|4\n|teamsize|p2|4\n|start\n|switch|p1a: Kingambit|Kingambit, L50, F|100/100\n|switch|p1b: Whimsicott|Whimsicott, L50, F|100/100\n|switch|p2a: Orthworm|Orthworm, L50, M|100/100\n|switch|p2b: Garchomp|Garchomp, L50, F|100/100\n|turn|1\n|inactive|PandasonPanda has 30 seconds left.\n|inactive|PandasonPanda has 20 seconds left.\n|\n|t:|1775907584\n|move|p2b: Garchomp|Earthquake|p1b: Whimsicott|[spread] p1a,p1b\n|-immune|p2a: Orthworm|[from] ability: Earth Eater\n|-supereffective|p1a: Kingambit|1\n|-resisted|p1b: Whimsicott|1\n|-damage|p1a: Kingambit|46/100\n|-damage|p1b: Whimsicott|67/100\n|move|p1b: Whimsicott|Moonblast|p2b: Garchomp\n|-supereffective|p2b: Garchomp|1\n|-damage|p2b: Garchomp|28/100\n|move|p2a: Orthworm|Heavy Slam|p1b: Whimsicott\n|-supereffective|p1b: Whimsicott|1\n|-damage|p1b: Whimsicott|0 fnt\n|faint|p1b: Whimsicott\n|move|p1a: Kingambit|Kowtow Cleave|p2b: Garchomp\n|-damage|p2b: Garchomp|0 fnt\n|-damage|p1a: Kingambit|34/100|[from] ability: Rough Skin|[of] p2b: Garchomp\n|faint|p2b: Garchomp\n|\n|upkeep\n|\n|t:|1775907605\n|switch|p1b: Incineroar|Incineroar, L50, F|100/100\n|switch|p2b: Gengar|Gengar, L50, F|100/100\n|-ability|p1b: Incineroar|Intimidate|boost\n|-unboost|p2a: Orthworm|atk|1\n|-unboost|p2b: Gengar|atk|1\n|turn|2\n|\n|t:|1775907618\n|detailschange|p2b: Gengar|Gengar-Mega, L50, F\n|-mega|p2b: Gengar|Gengar|Gengarite\n|move|p2b: Gengar|Protect|p2b: Gengar\n|-singleturn|p2b: Gengar|Protect\n|move|p2a: Orthworm|Protect|p2a: Orthworm\n|-singleturn|p2a: Orthworm|Protect\n|move|p1b: Incineroar|Fake Out|p2a: Orthworm\n|-activate|p2a: Orthworm|move: Protect\n|move|p1a: Kingambit|Kowtow Cleave|p2b: Gengar\n|-activate|p2b: Gengar|move: Protect\n|\n|upkeep\n|turn|3\n|\n|t:|1775907643\n|switch|p2b: Palafin|Palafin, L50, M|100/100\n|move|p2a: Orthworm|Body Press|p1a: Kingambit\n|-supereffective|p1a: Kingambit|2\n|-damage|p1a: Kingambit|0 fnt\n|faint|p1a: Kingambit\n|move|p1b: Incineroar|Flare Blitz|p2a: Orthworm\n|-supereffective|p2a: Orthworm|1\n|-damage|p2a: Orthworm|48/100\n|-enditem|p2a: Orthworm|Sitrus Berry|[eat]\n|-heal|p2a: Orthworm|73/100|[from] item: Sitrus Berry\n|-damage|p1b: Incineroar|86/100|[from] Recoil\n|\n|-heal|p1b: Incineroar|92/100|[from] item: Leftovers\n|upkeep\n|\n|t:|1775907658\n|switch|p1a: Charizard|Charizard, L50, F, shiny|100/100\n|turn|4\n|\n|t:|1775907676\n|detailschange|p1a: Charizard|Charizard-Mega-Y, L50, F, shiny\n|-mega|p1a: Charizard|Charizard|Charizardite Y\n|-weather|SunnyDay|[from] ability: Drought|[of] p1a: Charizard\n|move|p1a: Charizard|Solar Beam||[still]\n|-prepare|p1a: Charizard|Solar Beam\n|-anim|p1a: Charizard|Solar Beam|p2b: Palafin\n|-supereffective|p2b: Palafin|1\n|-damage|p2b: Palafin|0 fnt\n|faint|p2b: Palafin\n|move|p2a: Orthworm|Body Press|p1b: Incineroar\n|-supereffective|p1b: Incineroar|1\n|-damage|p1b: Incineroar|28/100\n|move|p1b: Incineroar|Flare Blitz|p2a: Orthworm\n|-supereffective|p2a: Orthworm|1\n|-damage|p2a: Orthworm|0 fnt\n|faint|p2a: Orthworm\n|-damage|p1b: Incineroar|7/100|[from] Recoil\n|\n|-weather|SunnyDay|[upkeep]\n|-heal|p1b: Incineroar|13/100|[from] item: Leftovers\n|upkeep\n|\n|t:|1775907685\n|switch|p2a: Gengar|Gengar-Mega, L50, F|100/100\n|turn|5\n|\n|t:|1775907704\n|move|p2a: Gengar|Sludge Bomb|p1b: Incineroar\n|-damage|p1b: Incineroar|0 fnt\n|faint|p1b: Incineroar\n|move|p1a: Charizard|Overheat|p2a: Gengar\n|-damage|p2a: Gengar|0 fnt\n|-unboost|p1a: Charizard|spa|2\n|faint|p2a: Gengar\n|\n|win|koraidonrider3565\n|raw|koraidonrider3565's rating: 1060 &rarr; <strong>1094</strong><br />(+34 for winning)\n|raw|PandasonPanda's rating: 1093 &rarr; <strong>1067</strong><br />(-26 for losing)\n|l|\u2606PandasonPanda\n|player|p2|\n",
  "uploadtime": 1775907730,
  "views": 13,
  "formatid": "gen9championsvgc2026regma",
  "rating": 1067,
  "private": 0,
  "password": null
}