{
  "id": "gen9championsvgc2026regma-2583016301",
  "format": "[Gen 9 Champions] VGC 2026 Reg M-A",
  "players": [
    "Archglord",
    "xXCalidosoXx"
  ],
  "log": "|j|\u2606Archglord\n|j|\u2606xXCalidosoXx\n|t:|1776133609\n|gametype|doubles\n|player|p1|Archglord|morty|1055\n|player|p2|xXCalidosoXx|169|1099\n|gen|9\n|tier|[Gen 9 Champions] VGC 2026 Reg M-A\n|rated|\n|rule|Species Clause: Limit one of each Pok\u00e9mon\n|rule|Item Clause: Limit 1 of each item\n|clearpoke\n|poke|p1|Charizard, L50, F|\n|poke|p1|Venusaur, L50, M|\n|poke|p1|Farigiraf, L50, F|\n|poke|p1|Whimsicott, L50, F|\n|poke|p1|Garchomp, L50, F|\n|poke|p1|Sneasler, L50, M|\n|poke|p2|Dragonite, L50, F|\n|poke|p2|Pelipper, L50, M|\n|poke|p2|Basculegion, L50, M|\n|poke|p2|Archaludon, L50, M|\n|poke|p2|Raichu, L50, M|\n|poke|p2|Garchomp, L50, F|\n|teampreview|4\nArchglord rejected open team sheets.\n|inactive|Battle timer is ON: inactive players will automatically lose when time's up. (requested by Archglord)\n|\n|t:|1776133685\n|teamsize|p1|4\n|teamsize|p2|4\n|start\n|switch|p1a: Venusaur|Venusaur, L50, M|100/100\n|switch|p1b: Whimsicott|Whimsicott, L50, F|100/100\n|switch|p2a: Dragonite|Dragonite, L50, F|100/100\n|switch|p2b: Pelipper|Pelipper, L50, M|100/100\n|-weather|RainDance|[from] ability: Drizzle|[of] p2b: Pelipper\n|turn|1\n|inactive|Archglord has 30 seconds left.\n|inactive|xXCalidosoXx has 30 seconds left.\n|inactive|Archglord has 20 seconds left.\n|inactive|Archglord has 15 seconds left.\n|\n|t:|1776133726\n|detailschange|p2a: Dragonite|Dragonite-Mega, L50, F\n|-mega|p2a: Dragonite|Dragonite|Dragoninite\n|move|p1b: Whimsicott|Sunny Day|p1b: Whimsicott\n|-weather|SunnyDay\n|move|p1a: Venusaur|Sleep Powder|p2a: Dragonite\n|-status|p2a: Dragonite|slp|[from] move: Sleep Powder\n|cant|p2a: Dragonite|slp\n|move|p2b: Pelipper|Hurricane|p1b: Whimsicott\n|-supereffective|p1b: Whimsicott|1\n|-enditem|p1b: Whimsicott|Focus Sash\n|-damage|p1b: Whimsicott|1/100\n|-start|p1b: Whimsicott|confusion\n|\n|-weather|SunnyDay|[upkeep]\n|upkeep\n|turn|2\n|inactive|Archglord has 30 seconds left.\n|\n|t:|1776133753\n|switch|p2b: Archaludon|Archaludon, L50, M|100/100\n|-curestatus|p2a: Dragonite|slp|[msg]\n|move|p2a: Dragonite|Protect|p2a: Dragonite\n|-singleturn|p2a: Dragonite|Protect\n|move|p1a: Venusaur|Energy Ball|p2b: Archaludon\n|-resisted|p2b: Archaludon|2\n|-damage|p2b: Archaludon|87/100\n|-ability|p2b: Archaludon|Stamina|boost\n|-boost|p2b: Archaludon|def|1\n|-activate|p1b: Whimsicott|confusion\n|move|p1b: Whimsicott|Dazzling Gleam|p2b: Archaludon|[spread] p2b\n|-activate|p2a: Dragonite|move: Protect\n|-damage|p2b: Archaludon|70/100\n|-ability|p2b: Archaludon|Stamina|boost\n|-boost|p2b: Archaludon|def|1\n|\n|-weather|SunnyDay|[upkeep]\n|upkeep\n|turn|3\n|inactive|xXCalidosoXx has 30 seconds left.\n|inactive|xXCalidosoXx has 20 seconds left.\n|\n|t:|1776133789\n|switch|p2a: Pelipper|Pelipper, L50, M|100/100\n|-weather|RainDance|[from] ability: Drizzle|[of] p2a: Pelipper\n|-end|p1b: Whimsicott|confusion\n|move|p1b: Whimsicott|Taunt|p2a: Pelipper\n|-start|p2a: Pelipper|move: Taunt\n|move|p1a: Venusaur|Sleep Powder|p2b: Archaludon\n|-status|p2b: Archaludon|slp|[from] move: Sleep Powder\n|cant|p2b: Archaludon|slp\n|\n|-weather|RainDance|[upkeep]\n|upkeep\n|turn|4\n|inactive|Archglord has 30 seconds left.\n|\n|t:|1776133816\n|switch|p1a: Garchomp|Garchomp, L50, F|100/100\n|move|p1b: Whimsicott|Sunny Day|p1b: Whimsicott\n|-weather|SunnyDay\n|-curestatus|p2b: Archaludon|slp|[msg]\n|move|p2b: Archaludon|Electro Shot||[still]\n|-prepare|p2b: Archaludon|Electro Shot\n|-boost|p2b: Archaludon|spa|1\n|move|p2a: Pelipper|Hurricane|p1a: Garchomp\n|-damage|p1a: Garchomp|58/100\n|-start|p1a: Garchomp|confusion\n|\n|-weather|SunnyDay|[upkeep]\n|upkeep\n|turn|5\n|\n|t:|1776133834\n|switch|p1b: Venusaur|Venusaur, L50, M|100/100\n|switch|p2a: Dragonite|Dragonite-Mega, L50, F|100/100\n|-activate|p1a: Garchomp|confusion\n|move|p1a: Garchomp|Rock Slide|p2b: Archaludon|[spread] p2a,p2b\n|-supereffective|p2a: Dragonite|1\n|-resisted|p2b: Archaludon|1\n|-damage|p2a: Dragonite|83/100\n|-damage|p2b: Archaludon|66/100\n|-ability|p2b: Archaludon|Stamina|boost\n|-boost|p2b: Archaludon|def|1\n|move|p2b: Archaludon|Electro Shot|p1b: Venusaur|[from] lockedmove\n|-resisted|p1b: Venusaur|1\n|-damage|p1b: Venusaur|67/100\n|\n|-weather|SunnyDay|[upkeep]\n|upkeep\n|turn|6\n|\n|t:|1776133854\n|switch|p2a: Pelipper|Pelipper, L50, M|100/100\n|-weather|RainDance|[from] ability: Drizzle|[of] p2a: Pelipper\n|-activate|p1a: Garchomp|confusion\n|-damage|p1a: Garchomp|41/100|[from] confusion\n|move|p1b: Venusaur|Sleep Powder|p2b: Archaludon\n|-status|p2b: Archaludon|slp|[from] move: Sleep Powder\n|cant|p2b: Archaludon|slp\n|\n|-weather|RainDance|[upkeep]\n|upkeep\n|turn|7\n|\n|t:|1776133877\n|switch|p1a: Charizard|Charizard, L50, F, shiny|100/100\n|move|p1b: Venusaur|Energy Ball|p2a: Pelipper\n|-damage|p2a: Pelipper|23/100\n|cant|p2b: Archaludon|slp\n|move|p2a: Pelipper|Tailwind|p2a: Pelipper\n|-sidestart|p2: xXCalidosoXx|move: Tailwind\n|\n|-weather|RainDance|[upkeep]\n|upkeep\n|turn|8\n|inactive|xXCalidosoXx has 30 seconds left.\n|\n|t:|1776133911\n|switch|p2a: Garchomp|Garchomp, L50, F|100/100\n|detailschange|p1a: Charizard|Charizard-Mega-Y, L50, F, shiny\n|-mega|p1a: Charizard|Charizard|Charizardite Y\n|-weather|SunnyDay|[from] ability: Drought|[of] p1a: Charizard\n|move|p1b: Venusaur|Sludge Bomb|p2a: Garchomp\n|-resisted|p2a: Garchomp|1\n|-damage|p2a: Garchomp|78/100\n|-status|p2a: Garchomp|psn\n|-curestatus|p2b: Archaludon|slp|[msg]\n|move|p2b: Archaludon|Electro Shot||[still]\n|-prepare|p2b: Archaludon|Electro Shot\n|-boost|p2b: Archaludon|spa|1\n|move|p1a: Charizard|Heat Wave|p2a: Garchomp|[spread] p2a,p2b\n|-resisted|p2a: Garchomp|1\n|-damage|p2a: Garchomp|40/100 psn\n|-damage|p2b: Archaludon|0 fnt\n|-enditem|p2a: Garchomp|Sitrus Berry|[eat]\n|-heal|p2a: Garchomp|65/100 psn|[from] item: Sitrus Berry\n|faint|p2b: Archaludon\n|\n|-weather|SunnyDay|[upkeep]\n|-damage|p2a: Garchomp|53/100 psn|[from] psn\n|upkeep\n|\n|t:|1776133932\n|switch|p2b: Pelipper|Pelipper, L50, M|23/100\n|-weather|RainDance|[from] ability: Drizzle|[of] p2b: Pelipper\n|turn|9\n|\n|t:|1776133943\n|move|p1a: Charizard|Protect|p1a: Charizard\n|-singleturn|p1a: Charizard|Protect\n|move|p2a: Garchomp|Rock Slide|p1a: Charizard|[spread] p1b\n|-activate|p1a: Charizard|move: Protect\n|-damage|p1b: Venusaur|44/100\n|move|p2b: Pelipper|Weather Ball|p1a: Charizard\n|-activate|p1a: Charizard|move: Protect\n|cant|p1b: Venusaur|flinch\n|\n|-weather|RainDance|[upkeep]\n|-damage|p2a: Garchomp|40/100 psn|[from] psn\n|upkeep\n|turn|10\n|\n|t:|1776133967\n|switch|p1a: Whimsicott|Whimsicott, L50, F|1/100\n|move|p2a: Garchomp|Rock Slide|p1a: Whimsicott|[spread] p1a,p1b\n|-damage|p1a: Whimsicott|0 fnt\n|-damage|p1b: Venusaur|20/100\n|faint|p1a: Whimsicott\n|move|p2b: Pelipper|Weather Ball|p1b: Venusaur\n|-resisted|p1b: Venusaur|1\n|-damage|p1b: Venusaur|0 fnt\n|faint|p1b: Venusaur\n|\n|-weather|RainDance|[upkeep]\n|-damage|p2a: Garchomp|28/100 psn|[from] psn\n|-sideend|p2: xXCalidosoXx|move: Tailwind\n|upkeep\n|\n|t:|1776133980\n|switch|p1a: Garchomp|Garchomp, L50, F|41/100\n|switch|p1b: Charizard|Charizard-Mega-Y, L50, F, shiny|100/100\n|-weather|SunnyDay|[from] ability: Drought|[of] p1b: Charizard\n|turn|11\n|\n|t:|1776133992\n|switch|p2b: Dragonite|Dragonite-Mega, L50, F|83/100\n|move|p2a: Garchomp|Protect|p2a: Garchomp\n|-singleturn|p2a: Garchomp|Protect\n|move|p1a: Garchomp|Rock Slide|p2b: Dragonite|[spread] p2b\n|-activate|p2a: Garchomp|move: Protect\n|-supereffective|p2b: Dragonite|1\n|-damage|p2b: Dragonite|50/100\n|move|p1b: Charizard|Heat Wave|p2a: Garchomp|[spread] p2b\n|-activate|p2a: Garchomp|move: Protect\n|-resisted|p2b: Dragonite|1\n|-damage|p2b: Dragonite|21/100\n|\n|-weather|SunnyDay|[upkeep]\n|-damage|p2a: Garchomp|16/100 psn|[from] psn\n|upkeep\n|turn|12\n|inactive|Archglord has 30 seconds left.\n|\n|t:|1776134018\n|switch|p2b: Pelipper|Pelipper, L50, M|23/100\n|-weather|RainDance|[from] ability: Drizzle|[of] p2b: Pelipper\n|move|p1b: Charizard|Protect|p1b: Charizard\n|-singleturn|p1b: Charizard|Protect\n|move|p1a: Garchomp|Rock Slide|p2b: Pelipper|[spread] p2a,p2b\n|-resisted|p2a: Garchomp|1\n|-supereffective|p2b: Pelipper|1\n|-damage|p2a: Garchomp|5/100 psn\n|-damage|p2b: Pelipper|0 fnt\n|faint|p2b: Pelipper\n|move|p2a: Garchomp|Dragon Claw|p1a: Garchomp\n|-supereffective|p1a: Garchomp|1\n|-damage|p1a: Garchomp|0 fnt\n|-damage|p2a: Garchomp|0 fnt|[from] ability: Rough Skin|[of] p1a: Garchomp\n|faint|p1a: Garchomp\n|faint|p2a: Garchomp\n|\n|-weather|RainDance|[upkeep]\n|upkeep\n|\n|t:|1776134037\n|switch|p2a: Dragonite|Dragonite-Mega, L50, F|21/100\n|turn|13\n|\n|t:|1776134042\n|move|p1b: Charizard|Will-O-Wisp|p2a: Dragonite\n|-status|p2a: Dragonite|brn\n|move|p2a: Dragonite|Roost|p2a: Dragonite\n|-heal|p2a: Dragonite|71/100 brn\n|-singleturn|p2a: Dragonite|move: Roost\n|\n|-weather|RainDance|[upkeep]\n|-damage|p2a: Dragonite|66/100 brn|[from] brn\n|upkeep\n|turn|14\n|\n|t:|1776134053\n|move|p1b: Charizard|Protect|p1b: Charizard\n|-singleturn|p1b: Charizard|Protect\n|move|p2a: Dragonite|Roost|p2a: Dragonite\n|-heal|p2a: Dragonite|100/100 brn\n|-singleturn|p2a: Dragonite|move: Roost\n|\n|-weather|RainDance|[upkeep]\n|-damage|p2a: Dragonite|95/100 brn|[from] brn\n|upkeep\n|turn|15\n|\n|t:|1776134062\n|move|p1b: Charizard|Heat Wave|p2a: Dragonite\n|-resisted|p2a: Dragonite|1\n|-damage|p2a: Dragonite|83/100 brn\n|move|p2a: Dragonite|Hurricane|p1b: Charizard\n|-damage|p1b: Charizard|28/100\n|\n|-weather|RainDance|[upkeep]\n|-damage|p2a: Dragonite|77/100 brn|[from] brn\n|upkeep\n|turn|16\n|\n|t:|1776134074\n|move|p1b: Charizard|Heat Wave|p2a: Dragonite\n|-resisted|p2a: Dragonite|1\n|-damage|p2a: Dragonite|64/100 brn\n|move|p2a: Dragonite|Hurricane|p1b: Charizard\n|-damage|p1b: Charizard|0 fnt\n|faint|p1b: Charizard\n|\n|win|xXCalidosoXx\n|raw|Archglord's rating: 1055 &rarr; <strong>1039</strong><br />(-16 for losing)\n|raw|xXCalidosoXx's rating: 1099 &rarr; <strong>1121</strong><br />(+22 for winning)\n",
  "uploadtime": 1776134080,
  "views": 41,
  "formatid": "gen9championsvgc2026regma",
  "rating": 1039,
  "private": 0,
  "password": null
}