{
  "id": "gen9championsvgc2026regma-2583210489",
  "format": "[Gen 9 Champions] VGC 2026 Reg M-A",
  "players": [
    "Carrielis",
    "It'sJustKen VGC"
  ],
  "log": "|j|\u2606Carrielis\n|j|\u2606It'sJustKen VGC\n|t:|1776155135\n|gametype|doubles\n|player|p1|Carrielis|iris-masters|\n|player|p2|It'sJustKen VGC|266|\n|gen|9\n|tier|[Gen 9 Champions] VGC 2026 Reg M-A\n|rated|Tournament battle\n|rule|Species Clause: Limit one of each Pok\u00e9mon\n|rule|Item Clause: Limit 1 of each item\n|raw|<div class=\"infobox\"><details class=\"readmore\" open><summary><strong>1 custom rule:</strong></summary> Force Open Team Sheets</details></div>\n|clearpoke\n|poke|p1|Clefable, L50, F|\n|poke|p1|Tyranitar, L50, F|\n|poke|p1|Delphox, L50, M|\n|poke|p1|Basculegion, L50, M|\n|poke|p1|Corviknight, L50, F|\n|poke|p1|Garchomp, L50, F|\n|poke|p2|Floette-Eternal, L50, F|\n|poke|p2|Espathra, L50, F|\n|poke|p2|Incineroar, L50, F|\n|poke|p2|Sneasler, L50, M|\n|poke|p2|Basculegion, L50, M|\n|poke|p2|Kingambit, L50, M|\n|teampreview|4\n|showteam|p1|Clefable||ChestoBerry|MagicGuard|Moonblast,FollowMe,HelpingHand,Protect|||F|||50|]Tyranitar||Tyranitarite|SandStream|RockSlide,KnockOff,LowKick,Protect|||F|||50|]Delphox||Delphoxite|Blaze|HeatWave,Psychic,Substitute,Protect|||M|||50|]Basculegion||ChoiceScarf|Adaptability|AquaJet,WaveCrash,LastRespects,FlipTurn|||M|||50|]Corviknight||Leftovers|MirrorArmor|BodyPress,BulkUp,Tailwind,Roost|||F|||50|]Garchomp||WhiteHerb|SandVeil|Earthquake,RockSlide,DragonClaw,Protect|||F|||50|\n|showteam|p2|Floette-Eternal||Floettite|FlowerVeil|Protect,Moonblast,DazzlingGleam,Substitute|||F|||50|]Espathra||FocusSash|SpeedBoost|Protect,LuminaCrash,HelpingHand,TrickRoom|||F|||50|]Incineroar||SitrusBerry|Intimidate|FakeOut,PartingShot,FlareBlitz,Taunt|||F|||50|]Sneasler||WhiteHerb|Unburden|Protect,DireClaw,CloseCombat,FakeOut|||M|||50|]Basculegion||ChoiceScarf|Adaptability|WaveCrash,FlipTurn,AquaJet,LastRespects|||M|||50|]Kingambit||BlackGlasses|Defiant|Protect,SuckerPunch,SwordsDance,KowtowCleave|||M|||50|\n|inactive|Battle timer is ON: inactive players will automatically lose when time's up. (requested by It'sJustKen VGC)\n|j| gymbattle4\n|c|\u2606It'sJustKen VGC|glhf\n|inactive|Carrielis has 60 seconds left.\n|inactive|It'sJustKen VGC has 60 seconds left.\n|inactive|Carrielis has 30 seconds left.\n|\n|t:|1776155206\n|teamsize|p1|4\n|teamsize|p2|4\n|start\n|switch|p1a: Basculegion|Basculegion, L50, M, shiny|100/100\n|switch|p1b: Corviknight|Corviknight, L50, F|100/100\n|switch|p2a: Floette|Floette-Eternal, L50, F|100/100\n|switch|p2b: Espathra|Espathra, L50, F|100/100\n|turn|1\n|inactive|Carrielis has 30 seconds left.\n|inactive|It'sJustKen VGC has 30 seconds left.\n|inactive|It'sJustKen VGC has 20 seconds left.\n|inactive|It'sJustKen VGC has 15 seconds left.\n|inactive|It'sJustKen VGC has 10 seconds left.\n|inactive|Carrielis has 20 seconds left.\n|inactive|It'sJustKen VGC has 5 seconds left.\n|inactive|Carrielis has 15 seconds left.\n|\n|t:|1776155263\n|detailschange|p2a: Floette|Floette-Mega, L50, F\n|-mega|p2a: Floette|Floette|Floettite\n|-ability|p2a: Floette|Fairy Aura\n|move|p1a: Basculegion|Wave Crash|p2b: Espathra\n|-enditem|p2b: Espathra|Focus Sash\n|-damage|p2b: Espathra|1/100\n|-damage|p1a: Basculegion|73/100|[from] Recoil\n|move|p2b: Espathra|Lumina Crash|p1b: Corviknight\n|-resisted|p1b: Corviknight|1\n|-damage|p1b: Corviknight|84/100\n|-ability|p1b: Corviknight|Mirror Armor\n|-unboost|p2b: Espathra|spd|2\n|move|p2a: Floette|Dazzling Gleam|p1a: Basculegion|[spread] p1a,p1b\n|-resisted|p1b: Corviknight|1\n|-damage|p1a: Basculegion|31/100\n|-damage|p1b: Corviknight|66/100\n|move|p1b: Corviknight|Body Press|p2b: Espathra\n|-resisted|p2b: Espathra|1\n|-damage|p2b: Espathra|0 fnt\n|faint|p2b: Espathra\n|\n|-heal|p1b: Corviknight|72/100|[from] item: Leftovers\n|upkeep\n|\n|t:|1776155279\n|switch|p2b: Kingambit|Kingambit, L50, M|100/100\n|turn|2\n|\n|t:|1776155292\n|switch|p1a: Tyranitar|Tyranitar, L50, F|100/100\n|-weather|Sandstorm|[from] ability: Sand Stream|[of] p1a: Tyranitar\n|move|p2b: Kingambit|Sucker Punch||[still]\n|-fail|p2b: Kingambit\n|move|p2a: Floette|Substitute|p2a: Floette\n|-start|p2a: Floette|Substitute\n|-damage|p2a: Floette|76/100\n|move|p1b: Corviknight|Body Press|p2b: Kingambit\n|-supereffective|p2b: Kingambit|2\n|-damage|p2b: Kingambit|30/100\n|\n|-weather|Sandstorm|[upkeep]\n|-damage|p2a: Floette|70/100|[from] Sandstorm\n|-heal|p1b: Corviknight|78/100|[from] item: Leftovers\n|upkeep\n|turn|3\n|\n|t:|1776155312\n|detailschange|p1a: Tyranitar|Tyranitar-Mega, L50, F\n|-mega|p1a: Tyranitar|Tyranitar|Tyranitarite\n|move|p2b: Kingambit|Sucker Punch|p1b: Corviknight\n|-damage|p1b: Corviknight|44/100\n|move|p2a: Floette|Dazzling Gleam|p1b: Corviknight|[spread] p1a,p1b\n|-supereffective|p1a: Tyranitar|1\n|-resisted|p1b: Corviknight|1\n|-damage|p1a: Tyranitar|57/100\n|-damage|p1b: Corviknight|27/100\n|move|p1a: Tyranitar|Rock Slide|p2a: Floette|[spread] p2a,p2b\n|-end|p2a: Floette|Substitute\n|-resisted|p2b: Kingambit|1\n|-damage|p2b: Kingambit|18/100\n|move|p1b: Corviknight|Body Press|p2b: Kingambit\n|-supereffective|p2b: Kingambit|2\n|-damage|p2b: Kingambit|0 fnt\n|faint|p2b: Kingambit\n|\n|-weather|Sandstorm|[upkeep]\n|-damage|p2a: Floette|64/100|[from] Sandstorm\n|-heal|p1b: Corviknight|33/100|[from] item: Leftovers\n|upkeep\n|inactive|It'sJustKen VGC has 30 seconds left.\n|\n|t:|1776155341\n|switch|p2b: Basculegion|Basculegion, L50, M|100/100\n|turn|4\n|\n|t:|1776155359\n|move|p1a: Tyranitar|Protect|p1a: Tyranitar\n|-singleturn|p1a: Tyranitar|Protect\n|move|p2b: Basculegion|Last Respects|p1b: Corviknight\n|-damage|p1b: Corviknight|0 fnt\n|faint|p1b: Corviknight\n|move|p2a: Floette|Moonblast|p1a: Tyranitar\n|-activate|p1a: Tyranitar|move: Protect\n|\n|-weather|Sandstorm|[upkeep]\n|-damage|p2b: Basculegion|94/100|[from] Sandstorm\n|-damage|p2a: Floette|58/100|[from] Sandstorm\n|upkeep\n|\n|t:|1776155371\n|switch|p1b: Basculegion|Basculegion, L50, M, shiny|31/100\n|turn|5\n|c|\u2606Carrielis|If we speed tie i think i lose\n|inactive|It'sJustKen VGC has 30 seconds left.\n|inactive|It'sJustKen VGC has 20 seconds left.\n|inactive|It'sJustKen VGC has 15 seconds left.\n|inactive|It'sJustKen VGC has 10 seconds left.\n|l| gymbattle4\n|\n|t:|1776155421\n|switch|p1a: Delphox|Delphox, L50, M|100/100\n|move|p1b: Basculegion|Last Respects|p2b: Basculegion\n|-supereffective|p2b: Basculegion|1\n|-damage|p2b: Basculegion|0 fnt\n|faint|p2b: Basculegion\n|move|p2a: Floette|Moonblast|p1a: Delphox\n|-resisted|p1a: Delphox|1\n|-damage|p1a: Delphox|64/100\n|-unboost|p1a: Delphox|spa|1\n|\n|-weather|Sandstorm|[upkeep]\n|-damage|p1b: Basculegion|25/100|[from] Sandstorm\n|-damage|p2a: Floette|52/100|[from] Sandstorm\n|-damage|p1a: Delphox|58/100|[from] Sandstorm\n|upkeep\n|turn|6\n|c|\u2606It'sJustKen VGC|gg wp\n|c|\u2606It'sJustKen VGC|you got me\n|\n|t:|1776155433\n|move|p1b: Basculegion|Last Respects|p2a: Floette\n|-damage|p2a: Floette|0 fnt\n|faint|p2a: Floette\n|\n|win|Carrielis\n|n|\u2606Carrielis|carrielis\n|n|\u2606It'sJustKen VGC|itsjustkenvgc\n",
  "uploadtime": 1776155435,
  "views": 23,
  "formatid": "gen9championsvgc2026regma",
  "rating": null,
  "private": 0,
  "password": null
}