{
  "id": "gen9championsvgc2026regma-2583680065",
  "format": "[Gen 9 Champions] VGC 2026 Reg M-A",
  "players": [
    "blastedviperfish",
    "heyman331"
  ],
  "log": "|j|\u203dblastedviperfish\n|j|\u2606heyman331\n|t:|1776190615\n|gametype|doubles\n|player|p1|blastedviperfish|misty-masters|1105\n|player|p2|heyman331|miku-water|1126\n|gen|9\n|tier|[Gen 9 Champions] VGC 2026 Reg M-A\n|rated|\n|rule|Species Clause: Limit one of each Pok\u00e9mon\n|rule|Item Clause: Limit 1 of each item\n|clearpoke\n|poke|p1|Floette-Eternal, L50, F|\n|poke|p1|Excadrill, L50, F|\n|poke|p1|Tyranitar, L50, M|\n|poke|p1|Garchomp, L50, F|\n|poke|p1|Palafin, L50, F|\n|poke|p1|Jolteon, L50, F|\n|poke|p2|Charizard, L50, M|\n|poke|p2|Whimsicott, L50, F|\n|poke|p2|Venusaur, L50, M|\n|poke|p2|Sneasler, L50, F|\n|poke|p2|Aerodactyl, L50, M|\n|poke|p2|Kingambit, L50, M|\n|teampreview|4\n|inactive|Battle timer is ON: inactive players will automatically lose when time's up. (requested by blastedviperfish)\nheyman331 has agreed to open team sheets.\n|inactive|heyman331 has 60 seconds left.\n|\n|t:|1776190659\n|teamsize|p1|4\n|teamsize|p2|4\n|start\n|switch|p1a: Excadrill|Excadrill, L50, F|100/100\n|switch|p1b: Tyranitar|Tyranitar, L50, M|100/100\n|switch|p2a: toucher|Sneasler, L50, F|100/100\n|switch|p2b: LETMEGOFIRST|Aerodactyl, L50, M|100/100\n|-ability|p2b: LETMEGOFIRST|Unnerve\n|-weather|Sandstorm|[from] ability: Sand Stream|[of] p1b: Tyranitar\n|turn|1\n|inactive|blastedviperfish has 30 seconds left.\n|\n|t:|1776190690\n|switch|p2b: nuh uh|Whimsicott, L50, F|100/100\n|move|p1b: Tyranitar|Protect|p1b: Tyranitar\n|-singleturn|p1b: Tyranitar|Protect\n|move|p2a: toucher|Fake Out|p1a: Excadrill\n|-resisted|p1a: Excadrill|1\n|-damage|p1a: Excadrill|91/100\n|cant|p1a: Excadrill|flinch\n|\n|-weather|Sandstorm|[upkeep]\n|-damage|p2a: toucher|95/100|[from] Sandstorm\n|-damage|p2b: nuh uh|95/100|[from] Sandstorm\n|upkeep\n|turn|2\n|\n|t:|1776190701\n|move|p2b: nuh uh|Sunny Day|p2b: nuh uh\n|-weather|SunnyDay\n|move|p2a: toucher|Close Combat|p1a: Excadrill\n|-supereffective|p1a: Excadrill|1\n|-damage|p1a: Excadrill|0 fnt\n|-unboost|p2a: toucher|def|1\n|-unboost|p2a: toucher|spd|1\n|faint|p1a: Excadrill\n|-enditem|p2a: toucher|White Herb\n|-clearnegativeboost|p2a: toucher|[silent]\n|move|p1b: Tyranitar|Rock Slide|p2b: nuh uh|[spread] p2a\n|-miss|p1b: Tyranitar|p2b: nuh uh\n|-resisted|p2a: toucher|1\n|-crit|p2a: toucher\n|-damage|p2a: toucher|64/100\n|\n|-weather|SunnyDay|[upkeep]\n|upkeep\n|\n|t:|1776190713\n|switch|p1a: Garchomp|Garchomp, L50, F|100/100\n|turn|3\n|\n|t:|1776190732\n|move|p2a: toucher|Protect|p2a: toucher\n|-singleturn|p2a: toucher|Protect\n|move|p1b: Tyranitar|Protect|p1b: Tyranitar\n|-singleturn|p1b: Tyranitar|Protect\n|move|p2b: nuh uh|Moonblast|p1a: Garchomp\n|-supereffective|p1a: Garchomp|1\n|-damage|p1a: Garchomp|28/100\n|move|p1a: Garchomp|Earthquake|p2b: nuh uh|[spread] p2b\n|-activate|p1b: Tyranitar|move: Protect\n|-activate|p2a: toucher|move: Protect\n|-resisted|p2b: nuh uh|1\n|-damage|p2b: nuh uh|65/100\n|\n|-weather|SunnyDay|[upkeep]\n|upkeep\n|turn|4\n|\n|t:|1776190744\n|switch|p1b: Floette|Floette-Eternal, L50, F|100/100\n|move|p2a: toucher|Close Combat|p1b: Floette\n|-resisted|p1b: Floette|1\n|-damage|p1b: Floette|53/100\n|-unboost|p2a: toucher|def|1\n|-unboost|p2a: toucher|spd|1\n|move|p2b: nuh uh|Moonblast|p1a: Garchomp\n|-supereffective|p1a: Garchomp|1\n|-damage|p1a: Garchomp|0 fnt\n|faint|p1a: Garchomp\n|\n|-weather|SunnyDay|[upkeep]\n|upkeep\n|\n|t:|1776190747\n|switch|p1a: Tyranitar|Tyranitar, L50, M|100/100\n|-weather|Sandstorm|[from] ability: Sand Stream|[of] p1a: Tyranitar\n|turn|5\n|\n|t:|1776190755\n|move|p1b: Floette|Protect|p1b: Floette\n|-singleturn|p1b: Floette|Protect\n|move|p2b: nuh uh|Sunny Day|p2b: nuh uh\n|-weather|SunnyDay\n|move|p2a: toucher|Dire Claw|p1b: Floette\n|-activate|p1b: Floette|move: Protect\n|move|p1a: Tyranitar|Rock Slide|p2b: nuh uh|[spread] p2b\n|-miss|p1a: Tyranitar|p2a: toucher\n|-damage|p2b: nuh uh|28/100\n|\n|-weather|SunnyDay|[upkeep]\n|upkeep\n|turn|6\n|\n|t:|1776190770\n|detailschange|p1b: Floette|Floette-Mega, L50, F\n|-mega|p1b: Floette|Floette|Floettite\n|-ability|p1b: Floette|Fairy Aura\n|move|p1b: Floette|Protect||[still]\n|-fail|p1b: Floette\n|move|p2a: toucher|Dire Claw|p1b: Floette\n|-supereffective|p1b: Floette|1\n|-damage|p1b: Floette|0 fnt\n|faint|p1b: Floette\n|move|p2b: nuh uh|Moonblast|p1a: Tyranitar\n|-supereffective|p1a: Tyranitar|1\n|-damage|p1a: Tyranitar|47/100\n|move|p1a: Tyranitar|Rock Slide|p2b: nuh uh|[spread] p2a,p2b\n|-resisted|p2a: toucher|1\n|-damage|p2a: toucher|30/100\n|-damage|p2b: nuh uh|0 fnt\n|faint|p2b: nuh uh\n|\n|-weather|SunnyDay|[upkeep]\n|upkeep\n|-message|blastedviperfish forfeited.\n|\n|win|heyman331\n|raw|blastedviperfish's rating: 1105 &rarr; <strong>1082</strong><br />(-23 for losing)\n|raw|heyman331's rating: 1126 &rarr; <strong>1149</strong><br />(+23 for winning)\n|l|\u203dblastedviperfish\n|player|p1|\n",
  "uploadtime": 1776190792,
  "views": 17,
  "formatid": "gen9championsvgc2026regma",
  "rating": 1082,
  "private": 0,
  "password": null
}