{
  "id": "gen9championsvgc2026regma-2586479539",
  "format": "[Gen 9 Champions] VGC 2026 Reg M-A",
  "players": [
    "weiner-man228",
    "RvSpijker"
  ],
  "log": "|j|\u2606weiner-man228\n|j|\u2606RvSpijker\n|t:|1776437521\n|gametype|doubles\n|player|p1|weiner-man228|unknown|1015\n|player|p2|RvSpijker|winona|1000\n|gen|9\n|tier|[Gen 9 Champions] VGC 2026 Reg M-A\n|rated|\n|rule|Species Clause: Limit one of each Pok\u00e9mon\n|rule|Item Clause: Limit 1 of each item\n|clearpoke\n|poke|p1|Oranguru, L50, M|\n|poke|p1|Crabominable, L50, M|\n|poke|p1|Skeledirge, L50, M|\n|poke|p1|Sinistcha, L50|\n|poke|p1|Orthworm, L50, M|\n|poke|p1|Clefable, L50, M|\n|poke|p2|Tyranitar, L50, M|\n|poke|p2|Garchomp, L50, F|\n|poke|p2|Corviknight, L50, M|\n|poke|p2|Sneasler, L50, F|\n|poke|p2|Rotom-Wash, L50|\n|poke|p2|Sinistcha, L50|\n|teampreview|4\n|\n|t:|1776437543\n|teamsize|p1|4\n|teamsize|p2|4\n|start\n|switch|p1a: Oranguru|Oranguru, L50, M, shiny|100/100\n|switch|p1b: Clefable|Clefable, L50, M|100/100\n|switch|p2a: Tyranitar|Tyranitar, L50, M|100/100\n|switch|p2b: Sinistcha|Sinistcha, L50|100/100\n|-weather|Sandstorm|[from] ability: Sand Stream|[of] p2a: Tyranitar\n|turn|1\n|\n|t:|1776437579\n|detailschange|p2a: Tyranitar|Tyranitar-Mega, L50, M\n|-mega|p2a: Tyranitar|Tyranitar|Tyranitarite\n|move|p2b: Sinistcha|Protect|p2b: Sinistcha\n|-singleturn|p2b: Sinistcha|Protect\n|move|p1b: Clefable|Follow Me|p1b: Clefable\n|-singleturn|p1b: Clefable|move: Follow Me\n|move|p2a: Tyranitar|Dragon Dance|p2a: Tyranitar\n|-boost|p2a: Tyranitar|atk|1\n|-boost|p2a: Tyranitar|spe|1\n|move|p1a: Oranguru|Trick Room|p1a: Oranguru\n|-fieldstart|move: Trick Room|[of] p1a: Oranguru\n|\n|-weather|Sandstorm|[upkeep]\n|-damage|p1b: Clefable|95/100|[from] Sandstorm\n|-damage|p1a: Oranguru|94/100|[from] Sandstorm\n|-damage|p2b: Sinistcha|94/100|[from] Sandstorm\n|-heal|p1a: Oranguru|100/100|[from] item: Leftovers\n|upkeep\n|turn|2\n|\n|t:|1776437607\n|move|p1a: Oranguru|Protect|p1a: Oranguru\n|-singleturn|p1a: Oranguru|Protect\n|move|p1b: Clefable|Encore|p2b: Sinistcha\n|-start|p2b: Sinistcha|Encore\n|move|p2b: Sinistcha|Protect||[still]\n|-fail|p2b: Sinistcha\n|move|p2a: Tyranitar|Knock Off|p1a: Oranguru\n|-activate|p1a: Oranguru|move: Protect\n|\n|-weather|Sandstorm|[upkeep]\n|-damage|p1b: Clefable|89/100|[from] Sandstorm\n|-damage|p1a: Oranguru|94/100|[from] Sandstorm\n|-damage|p2b: Sinistcha|88/100|[from] Sandstorm\n|-heal|p1a: Oranguru|100/100|[from] item: Leftovers\n|upkeep\n|turn|3\n|\n|t:|1776437627\n|switch|p1a: Crabominable|Crabominable, L50, M|100/100\n|move|p2b: Sinistcha|Protect|p2b: Sinistcha\n|-singleturn|p2b: Sinistcha|Protect\n|move|p1b: Clefable|Follow Me|p1b: Clefable\n|-singleturn|p1b: Clefable|move: Follow Me\n|move|p2a: Tyranitar|Knock Off|p1b: Clefable\n|-resisted|p1b: Clefable|1\n|-damage|p1b: Clefable|65/100\n|\n|-weather|Sandstorm|[upkeep]\n|-damage|p1a: Crabominable|95/100|[from] Sandstorm\n|-damage|p1b: Clefable|59/100|[from] Sandstorm\n|-damage|p2b: Sinistcha|82/100|[from] Sandstorm\n|upkeep\n|turn|4\n|inactive|Battle timer is ON: inactive players will automatically lose when time's up. (requested by RvSpijker)\n|\n|t:|1776437658\n|switch|p1b: Oranguru|Oranguru, L50, M, shiny|100/100\n|detailschange|p1a: Crabominable|Crabominable-Mega, L50, M\n|-mega|p1a: Crabominable|Crabominable|Crabominite\n|move|p2b: Sinistcha|Protect||[still]\n|-fail|p2b: Sinistcha\n|move|p2a: Tyranitar|Protect|p2a: Tyranitar\n|-singleturn|p2a: Tyranitar|Protect\n|move|p1a: Crabominable|Ice Hammer|p2b: Sinistcha\n|-supereffective|p2b: Sinistcha|1\n|-damage|p2b: Sinistcha|0 fnt\n|-unboost|p1a: Crabominable|spe|1\n|faint|p2b: Sinistcha\n|\n|-weather|Sandstorm|[upkeep]\n|-damage|p1a: Crabominable|89/100|[from] Sandstorm\n|-damage|p1b: Oranguru|94/100|[from] Sandstorm\n|-heal|p1b: Oranguru|100/100|[from] item: Leftovers\n|upkeep\n|\n|t:|1776437673\n|switch|p2b: Garchomp|Garchomp, L50, F|100/100\n|turn|5\n|inactive|RvSpijker has 30 seconds left.\n|inactive|RvSpijker has 20 seconds left.\n|inactive|RvSpijker has 15 seconds left.\n|\n|t:|1776437715\n|move|p1a: Crabominable|Drain Punch|p2a: Tyranitar\n|-supereffective|p2a: Tyranitar|2\n|-damage|p2a: Tyranitar|0 fnt\n|-heal|p1a: Crabominable|100/100|[from] drain|[of] p2a: Tyranitar\n|faint|p2a: Tyranitar\n|move|p1b: Oranguru|Instruct|p1a: Crabominable\n|-singleturn|p1a: Crabominable|move: Instruct|[of] p1b: Oranguru\n|move|p1a: Crabominable|Drain Punch|p2b: Garchomp\n|-damage|p2b: Garchomp|43/100\n|-damage|p1a: Crabominable|88/100|[from] ability: Rough Skin|[of] p2b: Garchomp\n|move|p2b: Garchomp|Earthquake|p1b: Oranguru|[spread] p1a,p1b\n|-damage|p1a: Crabominable|57/100\n|-damage|p1b: Oranguru|53/100\n|\n|-weather|none\n|-heal|p1b: Oranguru|59/100|[from] item: Leftovers\n|-fieldend|move: Trick Room\n|upkeep\n|\n|t:|1776437720\n|switch|p2a: Rotom|Rotom-Wash, L50|100/100\n|turn|6\n|\n|t:|1776437743\n|move|p2a: Rotom|Protect|p2a: Rotom\n|-singleturn|p2a: Rotom|Protect\n|move|p2b: Garchomp|Earthquake|p1a: Crabominable|[spread] p1a,p1b\n|-activate|p2a: Rotom|move: Protect\n|-damage|p1a: Crabominable|27/100\n|-damage|p1b: Oranguru|18/100\n|move|p1a: Crabominable|Ice Hammer|p2b: Garchomp\n|-supereffective|p2b: Garchomp|2\n|-damage|p2b: Garchomp|0 fnt\n|-unboost|p1a: Crabominable|spe|1\n|-damage|p1a: Crabominable|15/100|[from] ability: Rough Skin|[of] p2b: Garchomp\n|faint|p2b: Garchomp\n|move|p1b: Oranguru|Trick Room|p1b: Oranguru\n|-fieldstart|move: Trick Room|[of] p1b: Oranguru\n|\n|-heal|p1b: Oranguru|24/100|[from] item: Leftovers\n|upkeep\n|turn|7\n|\n|t:|1776437764\n|move|p1a: Crabominable|Drain Punch|p2a: Rotom\n|-damage|p2a: Rotom|32/100\n|-heal|p1a: Crabominable|42/100|[from] drain|[of] p2a: Rotom\n|move|p1b: Oranguru|Instruct|p1a: Crabominable\n|-singleturn|p1a: Crabominable|move: Instruct|[of] p1b: Oranguru\n|move|p1a: Crabominable|Drain Punch|p2a: Rotom\n|-damage|p2a: Rotom|0 fnt\n|-heal|p1a: Crabominable|54/100|[from] drain|[of] p2a: Rotom\n|faint|p2a: Rotom\n|\n|win|weiner-man228\n|raw|weiner-man228's rating: 1015 &rarr; <strong>1051</strong><br />(+36 for winning)\n|raw|RvSpijker's rating: 1000 &rarr; <strong>1000</strong><br />(+0 for losing)\n|l|\u2606RvSpijker\n|player|p2|\n",
  "uploadtime": 1776437777,
  "views": 27,
  "formatid": "gen9championsvgc2026regma",
  "rating": 1000,
  "private": 0,
  "password": null
}