{
  "id": "gen9championsvgc2026regma-2588958054",
  "format": "[Gen 9 Champions] VGC 2026 Reg M-A",
  "players": [
    "RaupyChu",
    "redwell037"
  ],
  "log": "|j|\u2606RaupyChu\n|j|\u2606redwell037\n|t:|1776689460\n|gametype|doubles\n|player|p1|RaupyChu|koga|1076\n|player|p2|redwell037|preschooler|1000\n|gen|9\n|tier|[Gen 9 Champions] VGC 2026 Reg M-A\n|rated|\n|rule|Species Clause: Limit one of each Pok\u00e9mon\n|rule|Item Clause: Limit 1 of each item\n|clearpoke\n|poke|p1|Krookodile, L50, F|\n|poke|p1|Sneasler, L50, F|\n|poke|p1|Sableye, L50, F|\n|poke|p1|Incineroar, L50, M|\n|poke|p1|Sinistcha, L50|\n|poke|p1|Primarina, L50, F|\n|poke|p2|Dragonite, L50, F|\n|poke|p2|Pelipper, L50, M|\n|poke|p2|Basculegion, L50, M|\n|poke|p2|Sinistcha, L50|\n|poke|p2|Starmie, L50|\n|poke|p2|Excadrill, L50, F|\n|teampreview|4\nredwell037 has agreed to open team sheets.\n|\n|t:|1776689497\n|teamsize|p1|4\n|teamsize|p2|4\n|start\n|switch|p1a: Incineroar|Incineroar, L50, M|100/100\n|switch|p1b: Sinistcha|Sinistcha, L50|100/100\n|switch|p2a: Pelipper|Pelipper, L50, M|100/100\n|switch|p2b: Dragonite|Dragonite, L50, F|100/100\n|-weather|RainDance|[from] ability: Drizzle|[of] p2a: Pelipper\n|-ability|p1a: Incineroar|Intimidate|boost\n|-unboost|p2a: Pelipper|atk|1\n|-unboost|p2b: Dragonite|atk|1\n|turn|1\n|\n|t:|1776689514\n|detailschange|p2b: Dragonite|Dragonite-Mega, L50, F\n|-mega|p2b: Dragonite|Dragonite|Dragoninite\n|move|p1a: Incineroar|Fake Out|p2a: Pelipper\n|-damage|p2a: Pelipper|90/100\n|move|p2b: Dragonite|Surf|p1b: Sinistcha|[spread] p2a,p1a,p1b\n|-resisted|p2a: Pelipper|1\n|-supereffective|p1a: Incineroar|1\n|-resisted|p1b: Sinistcha|1\n|-damage|p2a: Pelipper|62/100\n|-damage|p1a: Incineroar|41/100\n|-damage|p1b: Sinistcha|84/100\n|-enditem|p1a: Incineroar|Sitrus Berry|[eat]\n|-heal|p1a: Incineroar|66/100|[from] item: Sitrus Berry\n|cant|p2a: Pelipper|flinch\n|move|p1b: Sinistcha|Matcha Gotcha|p2a: Pelipper|[spread] p2a,p2b\n|-resisted|p2b: Dragonite|2\n|-damage|p2a: Pelipper|29/100\n|-heal|p1b: Sinistcha|99/100|[from] drain|[of] p2a: Pelipper\n|-damage|p2b: Dragonite|98/100\n|-heal|p1b: Sinistcha|100/100|[from] drain|[of] p2b: Dragonite\n|\n|-weather|RainDance|[upkeep]\n|upkeep\n|turn|2\n|\n|t:|1776689537\n|switch|p1a: Primarina|Primarina, L50, F|100/100\n|move|p2b: Dragonite|Hurricane|p1b: Sinistcha\n|-supereffective|p1b: Sinistcha|1\n|-damage|p1b: Sinistcha|0 fnt\n|faint|p1b: Sinistcha\n|move|p2a: Pelipper|Tailwind|p2a: Pelipper\n|-sidestart|p2: redwell037|move: Tailwind\n|\n|-weather|RainDance|[upkeep]\n|upkeep\n|\n|t:|1776689548\n|switch|p1b: Sableye|Sableye, L50, F|100/100\n|turn|3\n|\n|t:|1776689564\n|move|p1b: Sableye|Quash|p2b: Dragonite\n|-activate|p2b: Dragonite|move: Quash\n|move|p2a: Pelipper|U-turn|p1b: Sableye\n|-damage|p1b: Sableye|92/100\n|\n|t:|1776689568\n|switch|p2a: Excadrill|Excadrill, L50, F|100/100|[from] U-turn\n|-ability|p2a: Excadrill|Mold Breaker\n|move|p1a: Primarina|Calm Mind|p1a: Primarina\n|-boost|p1a: Primarina|spa|1\n|-boost|p1a: Primarina|spd|1\n|move|p2b: Dragonite|Thunder|p1a: Primarina\n|-supereffective|p1a: Primarina|1\n|-damage|p1a: Primarina|51/100\n|\n|-weather|RainDance|[upkeep]\n|-heal|p1b: Sableye|98/100|[from] item: Leftovers\n|upkeep\n|turn|4\n|\n|t:|1776689594\n|move|p1b: Sableye|Disable|p2b: Dragonite\n|-start|p2b: Dragonite|Disable|Thunder\n|move|p2a: Excadrill|Iron Head|p1a: Primarina\n|-damage|p1a: Primarina|17/100\n|cant|p2b: Dragonite|Disable|Thunder\n|move|p1a: Primarina|Draining Kiss|p2b: Dragonite\n|-supereffective|p2b: Dragonite|1\n|-damage|p2b: Dragonite|44/100\n|-heal|p1a: Primarina|53/100|[from] drain|[of] p2b: Dragonite\n|\n|-weather|RainDance|[upkeep]\n|-heal|p1b: Sableye|100/100|[from] item: Leftovers\n|upkeep\n|turn|5\n|\n|t:|1776689619\n|switch|p2b: Sinistcha|Sinistcha, L50|100/100\n|move|p1b: Sableye|Quash|p2a: Excadrill\n|-activate|p2a: Excadrill|move: Quash\n|move|p1a: Primarina|Hyper Voice|p2b: Sinistcha|[spread] p2a,p2b\n|-supereffective|p2a: Excadrill|1\n|-resisted|p2b: Sinistcha|1\n|-damage|p2a: Excadrill|0 fnt\n|-damage|p2b: Sinistcha|61/100\n|faint|p2a: Excadrill\n|\n|-weather|none\n|-sideend|p2: redwell037|move: Tailwind\n|upkeep\n|\n|t:|1776689624\n|switch|p2a: Pelipper|Pelipper, L50, M|29/100\n|-weather|RainDance|[from] ability: Drizzle|[of] p2a: Pelipper\n|turn|6\n|\n|t:|1776689648\n|move|p1b: Sableye|Will-O-Wisp|p2a: Pelipper\n|-status|p2a: Pelipper|brn\n|move|p2a: Pelipper|Tailwind|p2a: Pelipper\n|-sidestart|p2: redwell037|move: Tailwind\n|move|p2b: Sinistcha|Matcha Gotcha|p1a: Primarina|[spread] p1a,p1b\n|-supereffective|p1a: Primarina|1\n|-damage|p1a: Primarina|14/100\n|-heal|p2b: Sinistcha|81/100|[from] drain|[of] p1a: Primarina\n|-damage|p1b: Sableye|64/100\n|-heal|p2b: Sinistcha|98/100|[from] drain|[of] p1b: Sableye\n|move|p1a: Primarina|Draining Kiss|p2b: Sinistcha\n|-damage|p2b: Sinistcha|62/100\n|-heal|p1a: Primarina|40/100|[from] drain|[of] p2b: Sinistcha\n|\n|-weather|RainDance|[upkeep]\n|-heal|p1b: Sableye|70/100|[from] item: Leftovers\n|-damage|p2a: Pelipper|23/100 brn|[from] brn\n|upkeep\n|turn|7\n|\n|t:|1776689670\n|switch|p2a: Dragonite|Dragonite-Mega, L50, F|44/100\n|move|p1b: Sableye|Disable|p2b: Sinistcha\n|-start|p2b: Sinistcha|Disable|Matcha Gotcha\n|cant|p2b: Sinistcha|Disable|Matcha Gotcha\n|move|p1a: Primarina|Draining Kiss|p2b: Sinistcha\n|-damage|p2b: Sinistcha|21/100\n|-heal|p1a: Primarina|68/100|[from] drain|[of] p2b: Sinistcha\n|-enditem|p2b: Sinistcha|Sitrus Berry|[eat]\n|-heal|p2b: Sinistcha|46/100|[from] item: Sitrus Berry\n|\n|-weather|RainDance|[upkeep]\n|-heal|p1b: Sableye|76/100|[from] item: Leftovers\n|upkeep\n|turn|8\n|\n|t:|1776689703\n|move|p2b: Sinistcha|Protect|p2b: Sinistcha\n|-singleturn|p2b: Sinistcha|Protect\n|move|p1b: Sableye|Quash|p2a: Dragonite\n|-activate|p2a: Dragonite|move: Quash\n|move|p1a: Primarina|Draining Kiss|p2a: Dragonite\n|-supereffective|p2a: Dragonite|1\n|-damage|p2a: Dragonite|0 fnt\n|-heal|p1a: Primarina|97/100|[from] drain|[of] p2a: Dragonite\n|faint|p2a: Dragonite\n|\n|-weather|RainDance|[upkeep]\n|-heal|p1b: Sableye|81/100|[from] item: Leftovers\n|upkeep\n|\n|t:|1776689711\n|switch|p2a: Pelipper|Pelipper, L50, M|23/100 brn\n|turn|9\n|\n|t:|1776689722\n|move|p1b: Sableye|Encore|p2b: Sinistcha\n|-start|p2b: Sinistcha|Encore\n|move|p2b: Sinistcha|Protect|p2b: Sinistcha\n|-singleturn|p2b: Sinistcha|Protect\n|move|p2a: Pelipper|Hurricane|p1b: Sableye\n|-damage|p1b: Sableye|37/100\n|-start|p1b: Sableye|confusion\n|move|p1a: Primarina|Hyper Voice|p2b: Sinistcha|[spread] p2a\n|-activate|p2b: Sinistcha|move: Protect\n|-resisted|p2a: Pelipper|1\n|-damage|p2a: Pelipper|0 fnt\n|faint|p2a: Pelipper\n|\n|-weather|RainDance|[upkeep]\n|-heal|p1b: Sableye|43/100|[from] item: Leftovers\n|-sideend|p2: redwell037|move: Tailwind\n|upkeep\n|turn|10\n|\n|t:|1776689739\n|move|p2b: Sinistcha|Protect||[still]\n|-fail|p2b: Sinistcha\n|-activate|p1b: Sableye|confusion\n|-damage|p1b: Sableye|34/100|[from] confusion\n|move|p1a: Primarina|Calm Mind|p1a: Primarina\n|-boost|p1a: Primarina|spa|1\n|-boost|p1a: Primarina|spd|1\n|\n|-weather|none\n|-heal|p1b: Sableye|39/100|[from] item: Leftovers\n|-end|p2b: Sinistcha|Disable\n|upkeep\n|turn|11\n|\n|t:|1776689753\n|move|p2b: Sinistcha|Protect|p2b: Sinistcha\n|-singleturn|p2b: Sinistcha|Protect\n|-end|p1b: Sableye|confusion\n|move|p1b: Sableye|Disable|p2b: Sinistcha\n|-activate|p2b: Sinistcha|move: Protect\n|move|p1a: Primarina|Calm Mind|p1a: Primarina\n|-boost|p1a: Primarina|spa|1\n|-boost|p1a: Primarina|spd|1\n|\n|-heal|p1b: Sableye|45/100|[from] item: Leftovers\n|-end|p2b: Sinistcha|Encore\n|upkeep\n|turn|12\n|\n|t:|1776689768\n|move|p1b: Sableye|Encore|p2b: Sinistcha\n|-start|p2b: Sinistcha|Encore\n|move|p2b: Sinistcha|Protect||[still]\n|-fail|p2b: Sinistcha\n|move|p1a: Primarina|Draining Kiss|p2b: Sinistcha\n|-damage|p2b: Sinistcha|0 fnt\n|-heal|p1a: Primarina|100/100|[from] drain|[of] p2b: Sinistcha\n|faint|p2b: Sinistcha\n|\n|win|RaupyChu\n|raw|RaupyChu's rating: 1076 &rarr; <strong>1098</strong><br />(+22 for winning)\n|raw|redwell037's rating: 1000 &rarr; <strong>1000</strong><br />(+0 for losing)\n|l|\u2606redwell037\n|player|p2|\n",
  "uploadtime": 1776689788,
  "views": 2,
  "formatid": "gen9championsvgc2026regma",
  "rating": 1000,
  "private": 0,
  "password": null
}