{
  "id": "gen9championsvgc2026regma-2584841507",
  "format": "[Gen 9 Champions] VGC 2026 Reg M-A",
  "players": [
    "abysrising",
    "szadek"
  ],
  "log": "|j|\u2606abysrising\n|j|\u2606szadek\n|t:|1776287842\n|gametype|doubles\n|player|p1|abysrising|266|1086\n|player|p2|szadek|veteran|1099\n|gen|9\n|tier|[Gen 9 Champions] VGC 2026 Reg M-A\n|rated|\n|rule|Species Clause: Limit one of each Pok\u00e9mon\n|rule|Item Clause: Limit 1 of each item\n|clearpoke\n|poke|p1|Heracross, L50, M|\n|poke|p1|Farigiraf, L50, M|\n|poke|p1|Incineroar, L50, M|\n|poke|p1|Rotom-Wash, L50|\n|poke|p1|Sinistcha-Masterpiece, L50|\n|poke|p1|Glimmora, L50, M|\n|poke|p2|Floette-Eternal, L50, F|\n|poke|p2|Mamoswine, L50, F|\n|poke|p2|Araquanid, L50, M|\n|poke|p2|Sneasler, L50, F|\n|poke|p2|Rotom-Heat, L50|\n|poke|p2|Whimsicott, L50, F|\n|teampreview|4\n|\n|t:|1776287891\n|teamsize|p1|4\n|teamsize|p2|4\n|start\n|switch|p1a: Glimmora|Glimmora, L50, M|100/100\n|switch|p1b: Farigiraf|Farigiraf, L50, M|100/100\n|switch|p2a: Floette|Floette-Eternal, L50, F|100/100\n|switch|p2b: Whimsicott|Whimsicott, L50, F|100/100\n|turn|1\n|\n|t:|1776287917\n|detailschange|p2a: Floette|Floette-Mega, L50, F\n|-mega|p2a: Floette|Floette|Floettite\n|-ability|p2a: Floette|Fairy Aura\n|detailschange|p1a: Glimmora|Glimmora-Mega, L50, M\n|-mega|p1a: Glimmora|Glimmora|Glimmoranite\n|move|p2b: Whimsicott|Moonblast|p1a: Glimmora\n|-resisted|p1a: Glimmora|1\n|-damage|p1a: Glimmora|85/100\n|move|p2a: Floette|Calm Mind|p2a: Floette\n|-boost|p2a: Floette|spa|1\n|-boost|p2a: Floette|spd|1\n|move|p1a: Glimmora|Sludge Bomb|p2a: Floette\n|-supereffective|p2a: Floette|1\n|-damage|p2a: Floette|23/100\n|-status|p2a: Floette|psn\n|move|p1b: Farigiraf|Trick Room|p1b: Farigiraf\n|-fieldstart|move: Trick Room|[of] p1b: Farigiraf\n|\n|-damage|p2a: Floette|11/100 psn|[from] psn\n|upkeep\n|turn|2\n|\n|t:|1776287945\n|move|p2a: Floette|Protect|p2a: Floette\n|-singleturn|p2a: Floette|Protect\n|move|p1b: Farigiraf|Light Screen|p1b: Farigiraf\n|-sidestart|p1: abysrising|move: Light Screen\n|move|p1a: Glimmora|Sludge Bomb|p2a: Floette\n|-activate|p2a: Floette|move: Protect\n|move|p2b: Whimsicott|Moonblast|p1b: Farigiraf\n|-crit|p1b: Farigiraf\n|-damage|p1b: Farigiraf|48/100\n|\n|-damage|p2a: Floette|0 fnt|[from] psn\n|faint|p2a: Floette\n|upkeep\n|\n|t:|1776287960\n|switch|p2a: Araquanid|Araquanid, L50, M|100/100\n|turn|3\n|\n|t:|1776287979\n|move|p1a: Glimmora|Protect|p1a: Glimmora\n|-singleturn|p1a: Glimmora|Protect\n|move|p2a: Araquanid|Liquidation|p1a: Glimmora\n|-activate|p1a: Glimmora|move: Protect\n|move|p1b: Farigiraf|Reflect|p1b: Farigiraf\n|-sidestart|p1: abysrising|Reflect\n|move|p2b: Whimsicott|Moonblast|p1b: Farigiraf\n|-damage|p1b: Farigiraf|29/100\n|-unboost|p1b: Farigiraf|spa|1\n|\n|upkeep\n|turn|4\n|\n|t:|1776287995\n|move|p2a: Araquanid|Liquidation|p1a: Glimmora\n|-supereffective|p1a: Glimmora|1\n|-damage|p1a: Glimmora|0 fnt\n|faint|p1a: Glimmora\n|move|p1b: Farigiraf|Psychic|p2b: Whimsicott\n|-damage|p2b: Whimsicott|72/100\n|move|p2b: Whimsicott|Moonblast|p1b: Farigiraf\n|-damage|p1b: Farigiraf|9/100\n|-unboost|p1b: Farigiraf|spa|1\n|\n|upkeep\n|\n|t:|1776288003\n|switch|p1a: Incineroar|Incineroar, L50, M|100/100\n|-ability|p1a: Incineroar|Intimidate|boost\n|-unboost|p2a: Araquanid|atk|1\n|-unboost|p2b: Whimsicott|atk|1\n|turn|5\n|\n|t:|1776288023\n|move|p2b: Whimsicott|Protect|p2b: Whimsicott\n|-singleturn|p2b: Whimsicott|Protect\n|move|p1a: Incineroar|Fake Out|p2a: Araquanid\n|-damage|p2a: Araquanid|86/100\n|cant|p2a: Araquanid|flinch\n|move|p1b: Farigiraf|Psychic|p2b: Whimsicott\n|-activate|p2b: Whimsicott|move: Protect\n|\n|-heal|p2a: Araquanid|92/100|[from] item: Leftovers\n|-fieldend|move: Trick Room\n|upkeep\n|turn|6\n|\n|t:|1776288042\n|move|p2b: Whimsicott|Moonblast|p1b: Farigiraf\n|-damage|p1b: Farigiraf|0 fnt\n|faint|p1b: Farigiraf\n|move|p1a: Incineroar|Flare Blitz|p2b: Whimsicott\n|-supereffective|p2b: Whimsicott|1\n|-damage|p2b: Whimsicott|0 fnt\n|faint|p2b: Whimsicott\n|-damage|p1a: Incineroar|81/100|[from] Recoil\n|move|p2a: Araquanid|Liquidation|p1a: Incineroar\n|-supereffective|p1a: Incineroar|1\n|-damage|p1a: Incineroar|26/100\n|\n|-heal|p2a: Araquanid|98/100|[from] item: Leftovers\n|-sideend|p1: abysrising|move: Light Screen\n|upkeep\n|\n|t:|1776288057\n|switch|p2b: Mamoswine|Mamoswine, L50, F, shiny|100/100\n|switch|p1b: Rotom|Rotom-Wash, L50|100/100\n|turn|7\n|\n|t:|1776288082\n|move|p1b: Rotom|Thunderbolt|p2a: Araquanid\n|-supereffective|p2a: Araquanid|1\n|-damage|p2a: Araquanid|36/100\n|move|p2b: Mamoswine|Rock Slide|p1b: Rotom|[spread] p1a,p1b\n|-supereffective|p1a: Incineroar|1\n|-damage|p1a: Incineroar|0 fnt\n|-damage|p1b: Rotom|83/100\n|faint|p1a: Incineroar\n|move|p2a: Araquanid|Leech Life|p1b: Rotom\n|-damage|p1b: Rotom|65/100\n|-heal|p2a: Araquanid|43/100|[from] drain|[of] p1b: Rotom\n|\n|-heal|p2a: Araquanid|48/100|[from] item: Leftovers\n|-sideend|p1: abysrising|Reflect\n|upkeep\n|turn|8\n|-message|abysrising forfeited.\n|\n|win|szadek\n|raw|abysrising's rating: 1086 &rarr; <strong>1064</strong><br />(-22 for losing)\n|raw|szadek's rating: 1099 &rarr; <strong>1123</strong><br />(+24 for winning)\n|l|\u2606abysrising\n|player|p1|\n",
  "uploadtime": 1776288103,
  "views": 23,
  "formatid": "gen9championsvgc2026regma",
  "rating": 1064,
  "private": 0,
  "password": null
}