{
  "id": "gen9championsvgc2026regma-2583172645",
  "format": "[Gen 9 Champions] VGC 2026 Reg M-A",
  "players": [
    "lolgz",
    "spection"
  ],
  "log": "|j|\u2606lolgz\n|j|\u2606spection\n|t:|1776150838\n|gametype|doubles\n|player|p1|lolgz|1|1207\n|player|p2|spection|1|1121\n|gen|9\n|tier|[Gen 9 Champions] VGC 2026 Reg M-A\n|rated|\n|rule|Species Clause: Limit one of each Pok\u00e9mon\n|rule|Item Clause: Limit 1 of each item\n|clearpoke\n|poke|p1|Floette-Eternal, L50, F|\n|poke|p1|Incineroar, L50, F|\n|poke|p1|Sneasler, L50, M|\n|poke|p1|Charizard, L50, M|\n|poke|p1|Basculegion, L50, M|\n|poke|p1|Whimsicott, L50, F|\n|poke|p2|Whimsicott, L50, M|\n|poke|p2|Dragonite, L50, M|\n|poke|p2|Gengar, L50, M|\n|poke|p2|Gardevoir, L50, M|\n|poke|p2|Rotom-Wash, L50|\n|poke|p2|Sneasler, L50, F|\n|teampreview|4\n|\n|t:|1776150911\n|teamsize|p1|4\n|teamsize|p2|4\n|start\n|switch|p1a: Incineroar|Incineroar, L50, F|100/100\n|switch|p1b: Whimsicott|Whimsicott, L50, F|100/100\n|switch|p2a: Whimsicott|Whimsicott, L50, M|100/100\n|switch|p2b: Rotom|Rotom-Wash, L50|100/100\n|-ability|p1a: Incineroar|Intimidate|boost\n|-unboost|p2a: Whimsicott|atk|1\n|-unboost|p2b: Rotom|atk|1\n|turn|1\n|\n|t:|1776150942\n|move|p1a: Incineroar|Fake Out|p2a: Whimsicott\n|-damage|p2a: Whimsicott|83/100\n|move|p1b: Whimsicott|Tailwind|p1b: Whimsicott\n|-sidestart|p1: lolgz|move: Tailwind\n|cant|p2a: Whimsicott|flinch\n|move|p2b: Rotom|Hydro Pump|p1a: Incineroar\n|-supereffective|p1a: Incineroar|1\n|-damage|p1a: Incineroar|16/100\n|-enditem|p1a: Incineroar|Sitrus Berry|[eat]\n|-heal|p1a: Incineroar|41/100|[from] item: Sitrus Berry\n|\n|upkeep\n|turn|2\n|\n|t:|1776150955\n|move|p2a: Whimsicott|Tailwind|p2a: Whimsicott\n|-sidestart|p2: spection|move: Tailwind\n|move|p1b: Whimsicott|Moonblast|p2a: Whimsicott\n|-damage|p2a: Whimsicott|28/100\n|move|p2b: Rotom|Hydro Pump|p1a: Incineroar|[miss]\n|-miss|p2b: Rotom|p1a: Incineroar\n|move|p1a: Incineroar|Parting Shot|p2b: Rotom\n|-unboost|p2b: Rotom|atk|1\n|-unboost|p2b: Rotom|spa|1\n|\n|t:|1776150969\n|switch|p1a: Charizard|Charizard, L50, M|100/100|[from] Parting Shot\n|\n|upkeep\n|turn|3\n|\n|t:|1776150983\n|detailschange|p1a: Charizard|Charizard-Mega-Y, L50, M\n|-mega|p1a: Charizard|Charizard|Charizardite Y\n|-weather|SunnyDay|[from] ability: Drought|[of] p1a: Charizard\n|move|p2a: Whimsicott|Protect|p2a: Whimsicott\n|-singleturn|p2a: Whimsicott|Protect\n|move|p1b: Whimsicott|Encore|p2b: Rotom\n|-start|p2b: Rotom|Encore\n|move|p1a: Charizard|Solar Beam||[still]\n|-prepare|p1a: Charizard|Solar Beam\n|-anim|p1a: Charizard|Solar Beam|p2b: Rotom\n|-supereffective|p2b: Rotom|1\n|-damage|p2b: Rotom|0 fnt\n|faint|p2b: Rotom\n|\n|-weather|SunnyDay|[upkeep]\n|upkeep\n|\n|t:|1776151006\n|switch|p2b: Sneasler|Sneasler, L50, F|100/100\n|turn|4\n|\n|t:|1776151052\n|move|p1b: Whimsicott|Moonblast|p2b: Sneasler\n|-damage|p2b: Sneasler|55/100\n|-unboost|p2b: Sneasler|spa|1\n|-enditem|p2b: Sneasler|White Herb\n|-clearnegativeboost|p2b: Sneasler|[silent]\n|move|p2b: Sneasler|Dire Claw|p1b: Whimsicott\n|-supereffective|p1b: Whimsicott|2\n|-enditem|p1b: Whimsicott|Focus Sash\n|-damage|p1b: Whimsicott|1/100\n|move|p2a: Whimsicott|Endeavor|p1b: Whimsicott\n|-immune|p1b: Whimsicott\n|move|p1a: Charizard|Heat Wave|p2a: Whimsicott|[spread] p2a,p2b\n|-supereffective|p2a: Whimsicott|1\n|-damage|p2a: Whimsicott|0 fnt\n|-damage|p2b: Sneasler|0 fnt\n|faint|p2a: Whimsicott\n|faint|p2b: Sneasler\n|\n|-weather|SunnyDay|[upkeep]\n|-sideend|p1: lolgz|move: Tailwind\n|upkeep\n|\n|t:|1776151068\n|switch|p2b: Gardevoir|Gardevoir, L50, M|100/100\n|turn|5\n|\n|t:|1776151106\n|move|p2b: Gardevoir|Protect|p2b: Gardevoir\n|-singleturn|p2b: Gardevoir|Protect\n|move|p1b: Whimsicott|Tailwind|p1b: Whimsicott\n|-sidestart|p1: lolgz|move: Tailwind\n|move|p1a: Charizard|Heat Wave|p2b: Gardevoir\n|-activate|p2b: Gardevoir|move: Protect\n|\n|-weather|SunnyDay|[upkeep]\n|-sideend|p2: spection|move: Tailwind\n|upkeep\n|turn|6\n|\n|t:|1776151118\n|detailschange|p2b: Gardevoir|Gardevoir-Mega, L50, M\n|-mega|p2b: Gardevoir|Gardevoir|Gardevoirite\n|move|p1b: Whimsicott|Encore|p2b: Gardevoir\n|-start|p2b: Gardevoir|Encore\n|move|p2b: Gardevoir|Protect|p2b: Gardevoir\n|-singleturn|p2b: Gardevoir|Protect\n|move|p1a: Charizard|Heat Wave|p2b: Gardevoir\n|-activate|p2b: Gardevoir|move: Protect\n|\n|-weather|SunnyDay|[upkeep]\n|upkeep\n|turn|7\n|\n|t:|1776151135\n|move|p2b: Gardevoir|Protect||[still]\n|-fail|p2b: Gardevoir\n|move|p1b: Whimsicott|Moonblast|p2b: Gardevoir\n|-damage|p2b: Gardevoir|67/100\n|move|p1a: Charizard|Heat Wave|p2b: Gardevoir\n|-damage|p2b: Gardevoir|0 fnt\n|faint|p2b: Gardevoir\n|\n|win|lolgz\n|raw|lolgz's rating: 1207 &rarr; <strong>1226</strong><br />(+19 for winning)\n|raw|spection's rating: 1121 &rarr; <strong>1102</strong><br />(-19 for losing)\n",
  "uploadtime": 1776151136,
  "views": 17,
  "formatid": "gen9championsvgc2026regma",
  "rating": 1102,
  "private": 0,
  "password": null
}