{
  "id": "gen9championsvgc2026regma-2583804325",
  "format": "[Gen 9 Champions] VGC 2026 Reg M-A",
  "players": [
    "zjustus613",
    "MigraineMan"
  ],
  "log": "|j|\u2606zjustus613\n|j|\u2606MigraineMan\n|t:|1776198915\n|gametype|doubles\n|player|p1|zjustus613|2|1349\n|player|p2|MigraineMan|266|1377\n|gen|9\n|tier|[Gen 9 Champions] VGC 2026 Reg M-A\n|rated|\n|rule|Species Clause: Limit one of each Pok\u00e9mon\n|rule|Item Clause: Limit 1 of each item\n|clearpoke\n|poke|p1|Froslass, L50, F|\n|poke|p1|Garchomp, L50, M|\n|poke|p1|Rotom-Frost, L50|\n|poke|p1|Empoleon, L50, M|\n|poke|p1|Incineroar, L50, M|\n|poke|p1|Kingambit, L50, M|\n|poke|p2|Blastoise, L50, F|\n|poke|p2|Sinistcha, L50|\n|poke|p2|Pelipper, L50, M|\n|poke|p2|Maushold, L50|\n|poke|p2|Incineroar, L50, F|\n|poke|p2|Farigiraf, L50, M|\n|teampreview|4\n|inactive|Battle timer is ON: inactive players will automatically lose when time's up. (requested by zjustus613)\n|inactive|zjustus613 has 60 seconds left.\n|\n|t:|1776198952\n|teamsize|p1|4\n|teamsize|p2|4\n|start\n|switch|p1a: Rotom|Rotom-Frost, L50|100/100\n|switch|p1b: Incineroar|Incineroar, L50, M|100/100\n|switch|p2a: Blastoise|Blastoise, L50, F|100/100\n|switch|p2b: Pelipper|Pelipper, L50, M|100/100\n|-weather|RainDance|[from] ability: Drizzle|[of] p2b: Pelipper\n|-ability|p1b: Incineroar|Intimidate|boost\n|-unboost|p2a: Blastoise|atk|1\n|-unboost|p2b: Pelipper|atk|1\n|turn|1\n|\n|t:|1776198971\n|switch|p2b: Farigiraf|Farigiraf, L50, M|100/100\n|detailschange|p2a: Blastoise|Blastoise-Mega, L50, F\n|-mega|p2a: Blastoise|Blastoise|Blastoisinite\n|move|p1b: Incineroar|Fake Out||[still]\n|cant|p2b: Farigiraf|ability: Armor Tail|Fake Out|[of] p1b: Incineroar\n|move|p1a: Rotom|Electroweb|p2b: Farigiraf|[spread] p2a,p2b\n|-supereffective|p2a: Blastoise|1\n|-damage|p2a: Blastoise|62/100\n|-damage|p2b: Farigiraf|85/100\n|-unboost|p2a: Blastoise|spe|1\n|-unboost|p2b: Farigiraf|spe|1\n|move|p2a: Blastoise|Shell Smash|p2a: Blastoise\n|-unboost|p2a: Blastoise|def|1\n|-unboost|p2a: Blastoise|spd|1\n|-boost|p2a: Blastoise|atk|2\n|-boost|p2a: Blastoise|spa|2\n|-boost|p2a: Blastoise|spe|2\n|\n|-weather|RainDance|[upkeep]\n|upkeep\n|turn|2\n|\n|t:|1776198990\n|switch|p2b: Sinistcha|Sinistcha, L50|100/100\n|-heal|p2a: Blastoise|87/100|[from] ability: Hospitality|[of] p2b: Sinistcha\n|move|p1a: Rotom|Electroweb|p2b: Sinistcha|[spread] p2b\n|-miss|p1a: Rotom|p2a: Blastoise\n|-resisted|p2b: Sinistcha|1\n|-damage|p2b: Sinistcha|92/100\n|-unboost|p2b: Sinistcha|spe|1\n|move|p2a: Blastoise|Water Spout|p1b: Incineroar|[spread] p1a,p1b\n|-supereffective|p1b: Incineroar|1\n|-damage|p1a: Rotom|0 fnt\n|-damage|p1b: Incineroar|0 fnt\n|faint|p1a: Rotom\n|faint|p1b: Incineroar\n|\n|-weather|RainDance|[upkeep]\n|upkeep\n|\n|t:|1776198993\n|switch|p1a: Froslass|Froslass, L50, F|100/100\n|switch|p1b: Kingambit|Kingambit, L50, M|100/100\n|turn|3\n|\n|t:|1776199014\n|switch|p2b: Farigiraf|Farigiraf, L50, M|85/100\n|detailschange|p1a: Froslass|Froslass-Mega, L50, F\n|-mega|p1a: Froslass|Froslass|Froslassite\n|-weather|Snowscape|[from] ability: Snow Warning|[of] p1a: Froslass\n|move|p2a: Blastoise|Protect|p2a: Blastoise\n|-singleturn|p2a: Blastoise|Protect\n|move|p1a: Froslass|Shadow Ball|p2b: Farigiraf\n|-immune|p2b: Farigiraf\n|move|p1b: Kingambit|Low Kick|p2a: Blastoise\n|-activate|p2a: Blastoise|move: Protect\n|\n|-weather|Snowscape|[upkeep]\n|upkeep\n|turn|4\n|\n|t:|1776199034\n|move|p2b: Farigiraf|Helping Hand|p2a: Blastoise\n|-singleturn|p2a: Blastoise|Helping Hand|[of] p2b: Farigiraf\n|move|p1b: Kingambit|Sucker Punch||[still]\n|cant|p2b: Farigiraf|ability: Armor Tail|Sucker Punch|[of] p1b: Kingambit\n|move|p2a: Blastoise|Water Spout|p1b: Kingambit|[spread] p1a,p1b\n|-damage|p1a: Froslass|0 fnt\n|-enditem|p1b: Kingambit|Focus Sash\n|-damage|p1b: Kingambit|1/100\n|faint|p1a: Froslass\n|\n|-weather|Snowscape|[upkeep]\n|upkeep\n|turn|5\n|-message|zjustus613 forfeited.\n|\n|win|MigraineMan\n|raw|zjustus613's rating: 1349 &rarr; <strong>1331</strong><br />(-18 for losing)\n|raw|MigraineMan's rating: 1377 &rarr; <strong>1395</strong><br />(+18 for winning)\n|l|\u2606zjustus613\n|player|p1|\n",
  "uploadtime": 1776199047,
  "views": 34,
  "formatid": "gen9championsvgc2026regma",
  "rating": 1331,
  "private": 0,
  "password": null
}