{
  "id": "gen9championsvgc2026regma-2589402510",
  "format": "[Gen 9 Champions] VGC 2026 Reg M-A",
  "players": [
    "Music Television",
    "SDLT 2KRL SWM"
  ],
  "log": "|raw|<div class=\"broadcast-blue\"><strong>This battle is required to be public due to a player having a name starting with 'sdlt'.</div>\n|j|\u2606Music Television\n|j|\u2606SDLT 2KRL SWM\n|t:|1776720056\n|gametype|doubles\n|player|p1|Music Television|265|1606\n|player|p2|SDLT 2KRL SWM|ryuki|1623\n|gen|9\n|tier|[Gen 9 Champions] VGC 2026 Reg M-A\n|rated|\n|rule|Species Clause: Limit one of each Pok\u00e9mon\n|rule|Item Clause: Limit 1 of each item\n|clearpoke\n|poke|p1|Gengar, L50, M|\n|poke|p1|Sinistcha, L50|\n|poke|p1|Incineroar, L50, M|\n|poke|p1|Kommo-o, L50, F|\n|poke|p1|Politoed, L50, F|\n|poke|p1|Scizor, L50, F|\n|poke|p2|Talonflame, L50, F|\n|poke|p2|Floette-Eternal, L50, F|\n|poke|p2|Basculegion, L50, M|\n|poke|p2|Garchomp, L50, F|\n|poke|p2|Kingambit, L50, M|\n|poke|p2|Maushold-Four, L50|\n|teampreview|4\n|\n|t:|1776720115\n|teamsize|p1|4\n|teamsize|p2|4\n|start\n|switch|p1a: Kommo-o|Kommo-o, L50, F|100/100\n|switch|p1b: Scizor|Scizor, L50, F|100/100\n|switch|p2a: Basculegion|Basculegion, L50, M|100/100\n|switch|p2b: Floette|Floette-Eternal, L50, F|100/100\n|turn|1\n|\n|t:|1776720153\n|switch|p1a: Incineroar|Incineroar, L50, M|100/100\n|-ability|p1a: Incineroar|Intimidate|boost\n|-unboost|p2a: Basculegion|atk|1\n|-unboost|p2b: Floette|atk|1\n|detailschange|p2b: Floette|Floette-Mega, L50, F\n|-mega|p2b: Floette|Floette|Floettite\n|-ability|p2b: Floette|Fairy Aura\n|detailschange|p1b: Scizor|Scizor-Mega, L50, F\n|-mega|p1b: Scizor|Scizor|Scizorite\n|move|p2a: Basculegion|Wave Crash|p1b: Scizor\n|-damage|p1b: Scizor|61/100\n|-damage|p2a: Basculegion|89/100|[from] Recoil\n|move|p2b: Floette|Moonblast|p1b: Scizor\n|-resisted|p1b: Scizor|1\n|-damage|p1b: Scizor|26/100\n|move|p1b: Scizor|Swords Dance|p1b: Scizor\n|-boost|p1b: Scizor|atk|2\n|\n|upkeep\n|turn|2\n|\n|t:|1776720172\n|switch|p2b: Kingambit|Kingambit, L50, M|100/100\n|switch|p1a: Sinistcha|Sinistcha, L50|100/100\n|-heal|p1b: Scizor|51/100|[from] ability: Hospitality|[of] p1a: Sinistcha\n|move|p1b: Scizor|Protect|p1b: Scizor\n|-singleturn|p1b: Scizor|Protect\n|move|p2a: Basculegion|Wave Crash|p1a: Sinistcha\n|-resisted|p1a: Sinistcha|1\n|-damage|p1a: Sinistcha|81/100\n|-damage|p2a: Basculegion|83/100|[from] Recoil\n|\n|upkeep\n|turn|3\n|\n|t:|1776720199\n|move|p1a: Sinistcha|Rage Powder|p1a: Sinistcha\n|-singleturn|p1a: Sinistcha|move: Rage Powder\n|move|p2a: Basculegion|Wave Crash|p1a: Sinistcha\n|-resisted|p1a: Sinistcha|1\n|-damage|p1a: Sinistcha|57/100\n|-damage|p2a: Basculegion|75/100|[from] Recoil\n|move|p1b: Scizor|Bug Bite|p2b: Kingambit\n|-damage|p2b: Kingambit|24/100\n|move|p2b: Kingambit|Kowtow Cleave|p1a: Sinistcha\n|-supereffective|p1a: Sinistcha|1\n|-enditem|p1a: Sinistcha|Colbur Berry|[eat]\n|-enditem|p1a: Sinistcha|Colbur Berry|[weaken]\n|-damage|p1a: Sinistcha|5/100\n|\n|upkeep\n|turn|4\n|j| Guysmash\n|l| Guysmash\n|\n|t:|1776720242\n|switch|p1a: Incineroar|Incineroar, L50, M|100/100\n|-ability|p1a: Incineroar|Intimidate|boost\n|-unboost|p2a: Basculegion|atk|1\n|-unboost|p2b: Kingambit|atk|1\n|-ability|p2b: Kingambit|Defiant|boost\n|-boost|p2b: Kingambit|atk|2\n|move|p1b: Scizor|Protect|p1b: Scizor\n|-singleturn|p1b: Scizor|Protect\n|move|p2b: Kingambit|Protect|p2b: Kingambit\n|-singleturn|p2b: Kingambit|Protect\n|move|p2a: Basculegion|Wave Crash|p1a: Incineroar\n|-supereffective|p1a: Incineroar|1\n|-damage|p1a: Incineroar|33/100\n|-damage|p2a: Basculegion|52/100|[from] Recoil\n|\n|upkeep\n|turn|5\n|\n|t:|1776720271\n|switch|p2b: Maushold|Maushold-Four, L50|100/100\n|move|p1b: Scizor|Bullet Punch|p2b: Maushold\n|-damage|p2b: Maushold|17/100\n|move|p2a: Basculegion|Wave Crash|p1a: Incineroar\n|-supereffective|p1a: Incineroar|1\n|-damage|p1a: Incineroar|0 fnt\n|faint|p1a: Incineroar\n|-damage|p2a: Basculegion|41/100|[from] Recoil\n|\n|upkeep\n|\n|t:|1776720277\n|switch|p1a: Sinistcha|Sinistcha, L50|5/100\n|-heal|p1b: Scizor|76/100|[from] ability: Hospitality|[of] p1a: Sinistcha\n|turn|6\n|j| suibiandajiba\n|\n|t:|1776720301\n|switch|p1a: Kommo-o|Kommo-o, L50, F|100/100\n|move|p2b: Maushold|Protect|p2b: Maushold\n|-singleturn|p2b: Maushold|Protect\n|move|p1b: Scizor|Protect|p1b: Scizor\n|-singleturn|p1b: Scizor|Protect\n|move|p2a: Basculegion|Wave Crash|p1a: Kommo-o\n|-resisted|p1a: Kommo-o|1\n|-damage|p1a: Kommo-o|83/100\n|-damage|p2a: Basculegion|36/100|[from] Recoil\n|\n|-heal|p1a: Kommo-o|89/100|[from] item: Leftovers\n|upkeep\n|turn|7\n|\n|t:|1776720340\n|move|p2b: Maushold|Follow Me|p2b: Maushold\n|-singleturn|p2b: Maushold|move: Follow Me\n|move|p1b: Scizor|Bullet Punch|p2b: Maushold\n|-damage|p2b: Maushold|0 fnt\n|faint|p2b: Maushold\n|move|p2a: Basculegion|Wave Crash|p1b: Scizor\n|-damage|p1b: Scizor|46/100\n|-damage|p2a: Basculegion|28/100|[from] Recoil\n|move|p1a: Kommo-o|Clangorous Soul|p1a: Kommo-o\n|-boost|p1a: Kommo-o|atk|1\n|-boost|p1a: Kommo-o|def|1\n|-boost|p1a: Kommo-o|spa|1\n|-boost|p1a: Kommo-o|spd|1\n|-boost|p1a: Kommo-o|spe|1\n|-damage|p1a: Kommo-o|57/100\n|\n|-heal|p1a: Kommo-o|63/100|[from] item: Leftovers\n|upkeep\n|\n|t:|1776720349\n|switch|p2b: Kingambit|Kingambit, L50, M|24/100\n|turn|8\n|\n|t:|1776720368\n|move|p1b: Scizor|Bullet Punch|p2b: Kingambit\n|-resisted|p2b: Kingambit|1\n|-damage|p2b: Kingambit|0 fnt\n|faint|p2b: Kingambit\n|move|p1a: Kommo-o|Clanging Scales|p2a: Basculegion\n|-damage|p2a: Basculegion|0 fnt\n|faint|p2a: Basculegion\n|-unboost|p1a: Kommo-o|def|1\n|\n|-heal|p1a: Kommo-o|69/100|[from] item: Leftovers\n|upkeep\n|-message|SDLT 2KRL SWM forfeited.\n|\n|win|Music Television\n|raw|Music Television's rating: 1606 &rarr; <strong>1628</strong><br />(+22 for winning)\n|raw|SDLT 2KRL SWM's rating: 1633 &rarr; <strong>1611</strong><br />(-22 for losing)\n|l|\u2606SDLT 2KRL SWM\n|player|p2|\n",
  "uploadtime": 1776720391,
  "views": 33,
  "formatid": "gen9championsvgc2026regma",
  "rating": 1611,
  "private": 0,
  "password": null
}