{
  "id": "gen9championsvgc2026regma-2584985440",
  "format": "[Gen 9 Champions] VGC 2026 Reg M-A",
  "players": [
    "IndoMichael",
    "Arcnotark"
  ],
  "log": "|j|\u2606IndoMichael\n|j|\u2606Arcnotark\n|t:|1776300708\n|gametype|doubles\n|player|p1|IndoMichael|169|1045\n|player|p2|Arcnotark|caitlin|1121\n|gen|9\n|tier|[Gen 9 Champions] VGC 2026 Reg M-A\n|rated|\n|rule|Species Clause: Limit one of each Pok\u00e9mon\n|rule|Item Clause: Limit 1 of each item\n|clearpoke\n|poke|p1|Gallade, L50, M|\n|poke|p1|Maushold-Four, L50|\n|poke|p1|Aerodactyl, L50, M|\n|poke|p1|Arcanine, L50, F|\n|poke|p1|Meowscarada, L50, M|\n|poke|p1|Gengar, L50, M|\n|poke|p2|Floette-Eternal, L50, F|\n|poke|p2|Espathra, L50, F|\n|poke|p2|Incineroar, L50, F|\n|poke|p2|Milotic, L50, M|\n|poke|p2|Sylveon, L50, F|\n|poke|p2|Chandelure, L50, F|\n|teampreview|4\n|\n|t:|1776300745\n|teamsize|p1|4\n|teamsize|p2|4\n|start\n|switch|p1a: Aerodactyl|Aerodactyl, L50, M, shiny|100/100\n|switch|p1b: Gengar|Gengar, L50, M, shiny|100/100\n|switch|p2a: Espathra|Espathra, L50, F, shiny|100/100\n|switch|p2b: Milotic|Milotic, L50, M|100/100\n|-ability|p1a: Aerodactyl|Unnerve\n|turn|1\n|\n|t:|1776300768\n|switch|p1b: Meowscarada|Meowscarada, L50, M, shiny|100/100\n|move|p2a: Espathra|Protect|p2a: Espathra\n|-singleturn|p2a: Espathra|Protect\n|move|p1a: Aerodactyl|Tailwind|p1a: Aerodactyl\n|-sidestart|p1: IndoMichael|move: Tailwind\n|move|p2b: Milotic|Ice Beam|p1a: Aerodactyl\n|-supereffective|p1a: Aerodactyl|1\n|-damage|p1a: Aerodactyl|36/100\n|\n|-ability|p2a: Espathra|Speed Boost|boost\n|-boost|p2a: Espathra|spe|1\n|upkeep\n|turn|2\n|\n|t:|1776300787\n|move|p1b: Meowscarada|Knock Off|p2a: Espathra\n|-start|p1b: Meowscarada|typechange|Dark|[from] ability: Protean\n|-supereffective|p2a: Espathra|1\n|-enditem|p2a: Espathra|Focus Sash\n|-damage|p2a: Espathra|1/100\n|move|p1a: Aerodactyl|Rock Slide|p2b: Milotic|[spread] p2a,p2b\n|-damage|p2a: Espathra|0 fnt\n|-damage|p2b: Milotic|80/100\n|faint|p2a: Espathra\n|move|p2b: Milotic|Ice Beam|p1a: Aerodactyl\n|-supereffective|p1a: Aerodactyl|1\n|-damage|p1a: Aerodactyl|0 fnt\n|faint|p1a: Aerodactyl\n|\n|-heal|p2b: Milotic|86/100|[from] item: Leftovers\n|upkeep\n|\n|t:|1776300807\n|switch|p1a: Gengar|Gengar, L50, M, shiny|100/100\n|switch|p2a: Sylveon|Sylveon, L50, F|100/100\n|turn|3\n|\n|t:|1776300824\n|switch|p1b: Maushold|Maushold-Four, L50, shiny|100/100\n|switch|p2b: Floette|Floette-Eternal, L50, F|100/100\n|detailschange|p1a: Gengar|Gengar-Mega, L50, M, shiny\n|-mega|p1a: Gengar|Gengar|Gengarite\n|move|p1a: Gengar|Sludge Bomb|p2a: Sylveon\n|-supereffective|p2a: Sylveon|1\n|-damage|p2a: Sylveon|16/100\n|move|p2a: Sylveon|Hyper Voice|p1a: Gengar|[spread] p1a,p1b\n|-resisted|p1a: Gengar|1\n|-damage|p1a: Gengar|76/100\n|-damage|p1b: Maushold|33/100\n|\n|upkeep\n|turn|4\n|\n|t:|1776300860\n|detailschange|p2b: Floette|Floette-Mega, L50, F\n|-mega|p2b: Floette|Floette|Floettite\n|-ability|p2b: Floette|Fairy Aura\n|move|p2b: Floette|Protect|p2b: Floette\n|-singleturn|p2b: Floette|Protect\n|move|p1a: Gengar|Sludge Bomb|p2b: Floette\n|-activate|p2b: Floette|move: Protect\n|move|p1b: Maushold|Population Bomb|p2a: Sylveon\n|-damage|p2a: Sylveon|10/100\n|-hitcount|p2a: Sylveon|1\n|move|p2a: Sylveon|Hyper Beam|p1a: Gengar\n|-resisted|p1a: Gengar|1\n|-damage|p1a: Gengar|0 fnt\n|-mustrecharge|p2a: Sylveon\n|faint|p1a: Gengar\n|\n|-sideend|p1: IndoMichael|move: Tailwind\n|upkeep\n|\n|t:|1776300878\n|switch|p1a: Meowscarada|Meowscarada, L50, M, shiny|100/100\n|turn|5\n|\n|t:|1776300890\n|move|p1a: Meowscarada|Flower Trick|p2a: Sylveon\n|-start|p1a: Meowscarada|typechange|Grass|[from] ability: Protean\n|-crit|p2a: Sylveon\n|-damage|p2a: Sylveon|0 fnt\n|faint|p2a: Sylveon\n|move|p1b: Maushold|Population Bomb|p2b: Floette\n|-damage|p2b: Floette|96/100\n|-damage|p2b: Floette|91/100\n|-damage|p2b: Floette|85/100\n|-damage|p2b: Floette|80/100\n|-damage|p2b: Floette|75/100\n|-damage|p2b: Floette|70/100\n|-damage|p2b: Floette|64/100\n|-damage|p2b: Floette|59/100\n|-damage|p2b: Floette|53/100\n|-damage|p2b: Floette|48/100\n|-hitcount|p2b: Floette|10\n|move|p2b: Floette|Moonblast|p1a: Meowscarada\n|-damage|p1a: Meowscarada|27/100\n|\n|upkeep\n|\n|t:|1776300915\n|switch|p2a: Milotic|Milotic, L50, M|86/100\n|turn|6\n|\n|t:|1776300927\n|move|p2b: Floette|Protect|p2b: Floette\n|-singleturn|p2b: Floette|Protect\n|move|p1a: Meowscarada|Flower Trick|p2a: Milotic\n|-supereffective|p2a: Milotic|1\n|-crit|p2a: Milotic\n|-damage|p2a: Milotic|0 fnt\n|faint|p2a: Milotic\n|move|p1b: Maushold|Population Bomb|p2b: Floette\n|-activate|p2b: Floette|move: Protect\n|\n|upkeep\n|turn|7\n|-message|Arcnotark forfeited.\n|\n|win|IndoMichael\n|raw|IndoMichael's rating: 1045 &rarr; <strong>1085</strong><br />(+40 for winning)\n|raw|Arcnotark's rating: 1121 &rarr; <strong>1091</strong><br />(-30 for losing)\n|l|\u2606Arcnotark\n|player|p2|\n",
  "uploadtime": 1776300942,
  "views": 30,
  "formatid": "gen9championsvgc2026regma",
  "rating": 1085,
  "private": 0,
  "password": null
}