{
  "id": "gen9championsvgc2026regma-2585194551",
  "format": "[Gen 9 Champions] VGC 2026 Reg M-A",
  "players": [
    "kundal",
    "duffmcwhaling"
  ],
  "log": "|j|\u2606kundal\n|j|\u2606duffmcwhaling\n|t:|1776323500\n|gametype|doubles\n|player|p1|kundal|2|1221\n|player|p2|duffmcwhaling|scientist-gen4dp|1209\n|gen|9\n|tier|[Gen 9 Champions] VGC 2026 Reg M-A\n|rated|\n|rule|Species Clause: Limit one of each Pok\u00e9mon\n|rule|Item Clause: Limit 1 of each item\n|clearpoke\n|poke|p1|Torkoal, L50, M|\n|poke|p1|Charizard, L50, M|\n|poke|p1|Venusaur, L50, F|\n|poke|p1|Incineroar, L50, F|\n|poke|p1|Farigiraf, L50, F|\n|poke|p1|Drampa, L50, M|\n|poke|p2|Glimmora, L50, M|\n|poke|p2|Orthworm, L50, F|\n|poke|p2|Talonflame, L50, M|\n|poke|p2|Tyranitar, L50, F|\n|poke|p2|Garchomp, L50, F|\n|poke|p2|Farigiraf, L50, F|\n|teampreview|4\n|\n|t:|1776323565\n|teamsize|p1|4\n|teamsize|p2|4\n|start\n|switch|p1a: Torkoal|Torkoal, L50, M|100/100\n|switch|p1b: Incineroar|Incineroar, L50, F|100/100\n|switch|p2a: Glimmora|Glimmora, L50, M|100/100\n|switch|p2b: Garchomp|Garchomp, L50, F|100/100\n|-ability|p1b: Incineroar|Intimidate|boost\n|-unboost|p2a: Glimmora|atk|1\n|-unboost|p2b: Garchomp|atk|1\n|-weather|SunnyDay|[from] ability: Drought|[of] p1a: Torkoal\n|-enditem|p2b: Garchomp|White Herb\n|-clearnegativeboost|p2b: Garchomp|[silent]\n|turn|1\n|\n|t:|1776323578\n|move|p2b: Garchomp|Protect|p2b: Garchomp\n|-singleturn|p2b: Garchomp|Protect\n|move|p2a: Glimmora|Spiky Shield|p2a: Glimmora\n|-singleturn|p2a: Glimmora|move: Protect\n|move|p1b: Incineroar|Fake Out|p2b: Garchomp\n|-activate|p2b: Garchomp|move: Protect\n|move|p1a: Torkoal|Eruption|p2a: Glimmora|[spread] \n|-activate|p2a: Glimmora|move: Protect\n|-activate|p2b: Garchomp|move: Protect\n|\n|-weather|SunnyDay|[upkeep]\n|upkeep\n|turn|2\n|\n|t:|1776323611\n|switch|p1b: Venusaur|Venusaur, L50, F|100/100\n|detailschange|p2a: Glimmora|Glimmora-Mega, L50, M\n|-mega|p2a: Glimmora|Glimmora|Glimmoranite\n|move|p1a: Torkoal|Protect|p1a: Torkoal\n|-singleturn|p1a: Torkoal|Protect\n|move|p2b: Garchomp|Rock Slide|p1a: Torkoal|[spread] p1b\n|-activate|p1a: Torkoal|move: Protect\n|-damage|p1b: Venusaur|75/100\n|move|p2a: Glimmora|Power Gem|p1a: Torkoal\n|-activate|p1a: Torkoal|move: Protect\n|\n|-weather|SunnyDay|[upkeep]\n|upkeep\n|turn|3\n|\n|t:|1776323630\n|switch|p2a: Tyranitar|Tyranitar, L50, F|100/100\n|-weather|Sandstorm|[from] ability: Sand Stream|[of] p2a: Tyranitar\n|move|p2b: Garchomp|Rock Slide|p1b: Venusaur|[spread] p1a,p1b\n|-supereffective|p1a: Torkoal|1\n|-crit|p1b: Venusaur\n|-damage|p1a: Torkoal|72/100\n|-damage|p1b: Venusaur|35/100\n|cant|p1b: Venusaur|flinch\n|move|p1a: Torkoal|Earth Power|p2a: Tyranitar\n|-supereffective|p2a: Tyranitar|1\n|-damage|p2a: Tyranitar|62/100\n|\n|-weather|Sandstorm|[upkeep]\n|-damage|p1b: Venusaur|29/100|[from] Sandstorm\n|-damage|p1a: Torkoal|66/100|[from] Sandstorm\n|upkeep\n|turn|4\n|\n|t:|1776323649\n|switch|p1a: Incineroar|Incineroar, L50, F|100/100\n|-ability|p1a: Incineroar|Intimidate|boost\n|-unboost|p2a: Tyranitar|atk|1\n|-unboost|p2b: Garchomp|atk|1\n|move|p1b: Venusaur|Protect|p1b: Venusaur\n|-singleturn|p1b: Venusaur|Protect\n|move|p2a: Tyranitar|Ice Punch|p1b: Venusaur\n|-activate|p1b: Venusaur|move: Protect\n|move|p2b: Garchomp|Rock Slide|p1b: Venusaur|[spread] p1a\n|-activate|p1b: Venusaur|move: Protect\n|-supereffective|p1a: Incineroar|1\n|-damage|p1a: Incineroar|81/100\n|\n|-weather|Sandstorm|[upkeep]\n|-damage|p1b: Venusaur|23/100|[from] Sandstorm\n|-damage|p1a: Incineroar|75/100|[from] Sandstorm\n|upkeep\n|turn|5\n|\n|t:|1776323665\n|switch|p2a: Orthworm|Orthworm, L50, F|100/100\n|switch|p1a: Torkoal|Torkoal, L50, M|66/100\n|-weather|SunnyDay|[from] ability: Drought|[of] p1a: Torkoal\n|move|p1b: Venusaur|Sleep Powder|p2a: Orthworm\n|-status|p2a: Orthworm|slp|[from] move: Sleep Powder\n|move|p2b: Garchomp|Earthquake|p1a: Torkoal|[spread] p1a,p1b\n|-immune|p2a: Orthworm|[from] ability: Earth Eater\n|-supereffective|p1a: Torkoal|1\n|-damage|p1a: Torkoal|28/100\n|-damage|p1b: Venusaur|0 fnt\n|faint|p1b: Venusaur\n|\n|-weather|SunnyDay|[upkeep]\n|upkeep\n|\n|t:|1776323689\n|switch|p1b: Charizard|Charizard, L50, M|100/100\n|turn|6\n|\n|t:|1776323710\n|move|p2b: Garchomp|Protect|p2b: Garchomp\n|-singleturn|p2b: Garchomp|Protect\n|move|p1b: Charizard|Heat Wave|p2a: Orthworm|[spread] p2a\n|-activate|p2b: Garchomp|move: Protect\n|-supereffective|p2a: Orthworm|1\n|-damage|p2a: Orthworm|0 fnt\n|faint|p2a: Orthworm\n|move|p1a: Torkoal|Eruption|p2b: Garchomp\n|-activate|p2b: Garchomp|move: Protect\n|\n|-weather|SunnyDay|[upkeep]\n|upkeep\n|\n|t:|1776323715\n|switch|p2a: Tyranitar|Tyranitar, L50, F|62/100\n|-weather|Sandstorm|[from] ability: Sand Stream|[of] p2a: Tyranitar\n|turn|7\n|\n|t:|1776323734\n|switch|p2b: Glimmora|Glimmora-Mega, L50, M|100/100\n|detailschange|p1b: Charizard|Charizard-Mega-Y, L50, M\n|-mega|p1b: Charizard|Charizard|Charizardite Y\n|-weather|SunnyDay|[from] ability: Drought|[of] p1b: Charizard\n|move|p1a: Torkoal|Protect|p1a: Torkoal\n|-singleturn|p1a: Torkoal|Protect\n|move|p2a: Tyranitar|Rock Slide|p1a: Torkoal|[spread] p1b\n|-activate|p1a: Torkoal|move: Protect\n|-supereffective|p1b: Charizard|2\n|-damage|p1b: Charizard|0 fnt\n|faint|p1b: Charizard\n|\n|-weather|SunnyDay|[upkeep]\n|upkeep\n|\n|t:|1776323749\n|switch|p1b: Incineroar|Incineroar, L50, F|75/100\n|-ability|p1b: Incineroar|Intimidate|boost\n|-unboost|p2a: Tyranitar|atk|1\n|-unboost|p2b: Glimmora|atk|1\n|turn|8\n|\n|t:|1776323765\n|switch|p2a: Garchomp|Garchomp, L50, F|100/100\n|move|p1a: Torkoal|Helping Hand|p1b: Incineroar\n|-singleturn|p1b: Incineroar|Helping Hand|[of] p1a: Torkoal\n|move|p2b: Glimmora|Spiky Shield|p2b: Glimmora\n|-singleturn|p2b: Glimmora|move: Protect\n|move|p1b: Incineroar|Darkest Lariat|p2a: Garchomp\n|-damage|p2a: Garchomp|46/100\n|-damage|p1b: Incineroar|62/100|[from] ability: Rough Skin|[of] p2a: Garchomp\n|\n|-weather|SunnyDay|[upkeep]\n|upkeep\n|turn|9\n|\n|t:|1776323789\n|switch|p2a: Tyranitar|Tyranitar, L50, F|62/100\n|-weather|Sandstorm|[from] ability: Sand Stream|[of] p2a: Tyranitar\n|move|p2b: Glimmora|Power Gem|p1b: Incineroar\n|-supereffective|p1b: Incineroar|1\n|-damage|p1b: Incineroar|0 fnt\n|faint|p1b: Incineroar\n|move|p1a: Torkoal|Earth Power|p2b: Glimmora\n|-supereffective|p2b: Glimmora|2\n|-damage|p2b: Glimmora|29/100\n|\n|-weather|Sandstorm|[upkeep]\n|-damage|p1a: Torkoal|22/100|[from] Sandstorm\n|upkeep\n|turn|10\n|-message|kundal forfeited.\n|\n|win|duffmcwhaling\n|raw|kundal's rating: 1221 &rarr; <strong>1195</strong><br />(-26 for losing)\n|raw|duffmcwhaling's rating: 1209 &rarr; <strong>1235</strong><br />(+26 for winning)\n|l|\u2606kundal\n|player|p1|\n",
  "uploadtime": 1776323806,
  "views": 22,
  "formatid": "gen9championsvgc2026regma",
  "rating": 1195,
  "private": 0,
  "password": null
}