{
  "id": "gen9championsvgc2026regma-2586884956",
  "format": "[Gen 9 Champions] VGC 2026 Reg M-A",
  "players": [
    "mrguy888",
    "Marshadow27"
  ],
  "log": "|j|\u2606mrguy888\n|j|\u2606Marshadow27\n|t:|1776468449\n|gametype|doubles\n|player|p1|mrguy888|noland-gen3|1326\n|player|p2|Marshadow27|blue-gen3champion|1377\n|gen|9\n|tier|[Gen 9 Champions] VGC 2026 Reg M-A\n|rated|\n|rule|Species Clause: Limit one of each Pok\u00e9mon\n|rule|Item Clause: Limit 1 of each item\n|clearpoke\n|poke|p1|Floette-Eternal, L50, F|\n|poke|p1|Aerodactyl, L50, F|\n|poke|p1|Tauros-Paldea-Aqua, L50, M|\n|poke|p1|Kangaskhan, L50, F|\n|poke|p1|Rotom-Heat, L50|\n|poke|p1|Aegislash, L50, F|\n|poke|p2|Umbreon, L50, F|\n|poke|p2|Talonflame, L50, M|\n|poke|p2|Froslass, L50, F|\n|poke|p2|Sinistcha, L50|\n|poke|p2|Gardevoir, L50, F|\n|poke|p2|Sneasler, L50, M|\n|teampreview|4\n|inactive|Battle timer is ON: inactive players will automatically lose when time's up. (requested by mrguy888)\n|inactive|mrguy888 has 60 seconds left.\n|inactive|Marshadow27 has 60 seconds left.\n|\n|t:|1776468488\n|teamsize|p1|4\n|teamsize|p2|4\n|start\n|switch|p1a: Aerodactyl|Aerodactyl, L50, F|100/100\n|switch|p1b: Kangaskhan|Kangaskhan, L50, F|100/100\n|switch|p2a: Umbreon|Umbreon, L50, F|100/100\n|switch|p2b: Sinistcha|Sinistcha, L50|100/100\n|-ability|p1a: Aerodactyl|Unnerve\n|turn|1\n|\n|t:|1776468508\n|detailschange|p1b: Kangaskhan|Kangaskhan-Mega, L50, F\n|-mega|p1b: Kangaskhan|Kangaskhan|Kangaskhanite\n|move|p1b: Kangaskhan|Fake Out|p2a: Umbreon\n|-damage|p2a: Umbreon|87/100\n|-damage|p2a: Umbreon|84/100\n|-hitcount|p2a: Umbreon|2\n|move|p1a: Aerodactyl|Dual Wingbeat|p2b: Sinistcha\n|-supereffective|p2b: Sinistcha|1\n|-damage|p2b: Sinistcha|69/100\n|-supereffective|p2b: Sinistcha|1\n|-damage|p2b: Sinistcha|38/100\n|-hitcount|p2b: Sinistcha|2\n|move|p2a: Umbreon|Calm Mind|p2a: Umbreon\n|-boost|p2a: Umbreon|spa|1\n|-boost|p2a: Umbreon|spd|1\n|move|p2b: Sinistcha|Trick Room|p2b: Sinistcha\n|-fieldstart|move: Trick Room|[of] p2b: Sinistcha\n|\n|-heal|p2a: Umbreon|90/100|[from] item: Leftovers\n|upkeep\n|turn|2\n|\n|t:|1776468524\n|move|p2a: Umbreon|Calm Mind|p2a: Umbreon\n|-boost|p2a: Umbreon|spa|1\n|-boost|p2a: Umbreon|spd|1\n|move|p2b: Sinistcha|Strength Sap|p1b: Kangaskhan\n|-unboost|p1b: Kangaskhan|atk|1\n|-heal|p2b: Sinistcha|100/100\n|move|p1b: Kangaskhan|Drain Punch|p2a: Umbreon\n|-supereffective|p2a: Umbreon|1\n|-damage|p2a: Umbreon|68/100\n|-supereffective|p2a: Umbreon|1\n|-damage|p2a: Umbreon|63/100\n|-hitcount|p2a: Umbreon|2\n|move|p1a: Aerodactyl|Dual Wingbeat|p2b: Sinistcha\n|-supereffective|p2b: Sinistcha|1\n|-damage|p2b: Sinistcha|67/100\n|-supereffective|p2b: Sinistcha|1\n|-damage|p2b: Sinistcha|33/100\n|-hitcount|p2b: Sinistcha|2\n|\n|-heal|p2a: Umbreon|69/100|[from] item: Leftovers\n|upkeep\n|turn|3\n|\n|t:|1776468549\n|switch|p1b: Aegislash|Aegislash, L50, F|100/100\n|move|p2a: Umbreon|Calm Mind|p2a: Umbreon\n|-boost|p2a: Umbreon|spa|1\n|-boost|p2a: Umbreon|spd|1\n|move|p2b: Sinistcha|Strength Sap|p1a: Aerodactyl\n|-unboost|p1a: Aerodactyl|atk|1\n|-heal|p2b: Sinistcha|100/100\n|move|p1a: Aerodactyl|Dual Wingbeat|p2b: Sinistcha\n|-supereffective|p2b: Sinistcha|1\n|-damage|p2b: Sinistcha|80/100\n|-supereffective|p2b: Sinistcha|1\n|-damage|p2b: Sinistcha|60/100\n|-hitcount|p2b: Sinistcha|2\n|\n|-heal|p2a: Umbreon|75/100|[from] item: Leftovers\n|upkeep\n|turn|4\n|\n|t:|1776468571\n|switch|p1a: Tauros|Tauros-Paldea-Aqua, L50, M|100/100\n|-ability|p1a: Tauros|Intimidate|boost\n|-fail|p2a: Umbreon|unboost|Attack|[from] ability: Inner Focus|[of] p2a: Umbreon\n|-unboost|p2b: Sinistcha|atk|1\n|move|p1b: Aegislash|King's Shield|p1b: Aegislash\n|-singleturn|p1b: Aegislash|Protect\n|move|p2a: Umbreon|Dark Pulse|p1b: Aegislash\n|-activate|p1b: Aegislash|move: Protect\n|move|p2b: Sinistcha|Matcha Gotcha|p1a: Tauros|[spread] p1a\n|-activate|p1b: Aegislash|move: Protect\n|-supereffective|p1a: Tauros|1\n|-damage|p1a: Tauros|18/100\n|-heal|p2b: Sinistcha|95/100|[from] drain|[of] p1a: Tauros\n|\n|-heal|p2a: Umbreon|81/100|[from] item: Leftovers\n|upkeep\n|turn|5\n|inactive|Marshadow27 has 30 seconds left.\n|\n|t:|1776468604\n|switch|p1b: Kangaskhan|Kangaskhan-Mega, L50, F|100/100\n|move|p1a: Tauros|Protect|p1a: Tauros\n|-singleturn|p1a: Tauros|Protect\n|move|p2a: Umbreon|Calm Mind|p2a: Umbreon\n|-boost|p2a: Umbreon|spa|1\n|-boost|p2a: Umbreon|spd|1\n|move|p2b: Sinistcha|Matcha Gotcha|p1b: Kangaskhan|[spread] p1b\n|-activate|p1a: Tauros|move: Protect\n|-crit|p1b: Kangaskhan\n|-damage|p1b: Kangaskhan|70/100\n|-heal|p2b: Sinistcha|100/100|[from] drain|[of] p1b: Kangaskhan\n|\n|-heal|p2a: Umbreon|87/100|[from] item: Leftovers\n|-fieldend|move: Trick Room\n|upkeep\n|turn|6\n|inactive|mrguy888 has 30 seconds left.\n|-message|mrguy888 forfeited.\n|\n|win|Marshadow27\n|raw|mrguy888's rating: 1326 &rarr; <strong>1309</strong><br />(-17 for losing)\n|raw|Marshadow27's rating: 1377 &rarr; <strong>1394</strong><br />(+17 for winning)\n",
  "uploadtime": 1776468634,
  "views": 48,
  "formatid": "gen9championsvgc2026regma",
  "rating": 1309,
  "private": 0,
  "password": null
}