{
  "id": "gen9championsvgc2026regma-2587161142",
  "format": "[Gen 9 Champions] VGC 2026 Reg M-A",
  "players": [
    "nanismo",
    "Pokeventurer"
  ],
  "log": "|j|\u2606nanismo\n|j|\u2606Pokeventurer\n|t:|1776502391\n|gametype|doubles\n|player|p1|nanismo|265|1452\n|player|p2|Pokeventurer|265|1479\n|gen|9\n|tier|[Gen 9 Champions] VGC 2026 Reg M-A\n|rated|\n|rule|Species Clause: Limit one of each Pok\u00e9mon\n|rule|Item Clause: Limit 1 of each item\n|clearpoke\n|poke|p1|Garchomp, L50, M|\n|poke|p1|Archaludon, L50, F|\n|poke|p1|Pelipper, L50, F|\n|poke|p1|Sneasler, L50, M|\n|poke|p1|Basculegion, L50, M|\n|poke|p1|Scizor, L50, M|\n|poke|p2|Talonflame, L50, M|\n|poke|p2|Kingambit, L50, F|\n|poke|p2|Garchomp, L50, M|\n|poke|p2|Basculegion, L50, M|\n|poke|p2|Floette-Eternal, L50, F|\n|poke|p2|Pelipper, L50, M|\n|teampreview|4\n|inactive|Battle timer is ON: inactive players will automatically lose when time's up. (requested by Pokeventurer)\n|\n|t:|1776502422\n|teamsize|p1|4\n|teamsize|p2|4\n|start\n|switch|p1a: Pelipper|Pelipper, L50, F|100/100\n|switch|p1b: Sneasler|Sneasler, L50, M|100/100\n|switch|p2a: Garchomp|Garchomp, L50, M|100/100\n|switch|p2b: Talonflame|Talonflame, L50, M|100/100\n|-weather|RainDance|[from] ability: Drizzle|[of] p1a: Pelipper\n|turn|1\n|\n|t:|1776502430\n|move|p2b: Talonflame|Upper Hand|p1b: Sneasler\n|-resisted|p1b: Sneasler|1\n|-damage|p1b: Sneasler|88/100\n|cant|p1b: Sneasler|flinch\n|move|p2a: Garchomp|Earthquake|p1b: Sneasler|[spread] p1b\n|-immune|p2b: Talonflame\n|-immune|p1a: Pelipper\n|-supereffective|p1b: Sneasler|1\n|-damage|p1b: Sneasler|0 fnt\n|faint|p1b: Sneasler\n|move|p1a: Pelipper|Tailwind|p1a: Pelipper\n|-sidestart|p1: nanismo|move: Tailwind\n|\n|-weather|RainDance|[upkeep]\n|upkeep\n|\n|t:|1776502435\n|switch|p1b: Garchomp|Garchomp, L50, M|100/100\n|turn|2\n|\n|t:|1776502442\n|move|p2b: Talonflame|Tailwind|p2b: Talonflame\n|-sidestart|p2: Pokeventurer|move: Tailwind\n|move|p1b: Garchomp|Rock Slide|p2b: Talonflame|[spread] p2a\n|-miss|p1b: Garchomp|p2b: Talonflame\n|-resisted|p2a: Garchomp|1\n|-damage|p2a: Garchomp|91/100\n|move|p2a: Garchomp|Rock Slide|p1a: Pelipper|[spread] p1a,p1b\n|-supereffective|p1a: Pelipper|1\n|-resisted|p1b: Garchomp|1\n|-damage|p1a: Pelipper|38/100\n|-damage|p1b: Garchomp|89/100\n|move|p1a: Pelipper|Hurricane|p2a: Garchomp\n|-damage|p2a: Garchomp|41/100\n|\n|-weather|RainDance|[upkeep]\n|upkeep\n|turn|3\n|\n|t:|1776502460\n|move|p1a: Pelipper|Protect|p1a: Pelipper\n|-singleturn|p1a: Pelipper|Protect\n|move|p2b: Talonflame|Dual Wingbeat|p1a: Pelipper\n|-activate|p1a: Pelipper|move: Protect\n|move|p1b: Garchomp|Rock Slide|p2b: Talonflame|[spread] p2a,p2b\n|-resisted|p2a: Garchomp|1\n|-crit|p2a: Garchomp\n|-supereffective|p2b: Talonflame|2\n|-damage|p2a: Garchomp|25/100\n|-damage|p2b: Talonflame|0 fnt\n|faint|p2b: Talonflame\n|move|p2a: Garchomp|Dragon Claw|p1b: Garchomp\n|-supereffective|p1b: Garchomp|1\n|-damage|p1b: Garchomp|0 fnt\n|-damage|p2a: Garchomp|12/100|[from] ability: Rough Skin|[of] p1b: Garchomp\n|faint|p1b: Garchomp\n|\n|-weather|RainDance|[upkeep]\n|upkeep\n|\n|t:|1776502468\n|switch|p2b: Basculegion|Basculegion, L50, M|100/100\n|switch|p1b: Scizor|Scizor, L50, M|100/100\n|turn|4\n|\n|t:|1776502477\n|detailschange|p1b: Scizor|Scizor-Mega, L50, M\n|-mega|p1b: Scizor|Scizor|Scizorite\n|move|p2b: Basculegion|Last Respects|p1a: Pelipper\n|-damage|p1a: Pelipper|0 fnt\n|faint|p1a: Pelipper\n|move|p2a: Garchomp|Rock Slide|p1b: Scizor\n|-crit|p1b: Scizor\n|-damage|p1b: Scizor|63/100\n|move|p1b: Scizor|Bug Bite|p2b: Basculegion\n|-resisted|p2b: Basculegion|1\n|-damage|p2b: Basculegion|66/100\n|\n|-weather|RainDance|[upkeep]\n|-sideend|p1: nanismo|move: Tailwind\n|upkeep\n|turn|5\n|\n|t:|1776502484\n|move|p1b: Scizor|Bullet Punch|p2a: Garchomp\n|-damage|p2a: Garchomp|0 fnt\n|-damage|p1b: Scizor|50/100|[from] ability: Rough Skin|[of] p2a: Garchomp\n|faint|p2a: Garchomp\n|move|p2b: Basculegion|Last Respects|p1b: Scizor\n|-damage|p1b: Scizor|0 fnt\n|faint|p1b: Scizor\n|\n|win|Pokeventurer\n|raw|nanismo's rating: 1452 &rarr; <strong>1434</strong><br />(-18 for losing)\n|raw|Pokeventurer's rating: 1479 &rarr; <strong>1497</strong><br />(+18 for winning)\n|l|\u2606nanismo\n|player|p1|\n|l|\u2606Pokeventurer\n|player|p2|\n",
  "uploadtime": 1776502487,
  "views": 35,
  "formatid": "gen9championsvgc2026regma",
  "rating": 1434,
  "private": 0,
  "password": null
}