{
  "id": "gen9championsvgc2026regma-2580968131",
  "format": "[Gen 9 Champions] VGC 2026 Reg M-A",
  "players": [
    "tryson69",
    "banfox Doubloons"
  ],
  "log": "|j|\u2606tryson69\n|j|\u2606banfox Doubloons\n|html|<table width=\"100%\"><tr><td align=\"left\">tryson69</td><td align=\"right\">banfox Doubloons</tr><tr><td align=\"left\"><i class=\"fa fa-circle-o\"></i> <i class=\"fa fa-circle-o\"></i> </td><td align=\"right\"><i class=\"fa fa-circle-o\"></i> <i class=\"fa fa-circle-o\"></i> </tr></table>\n|uhtml|bestof|<h2><strong>Game 1</strong> of <a href=\"/game-bestof3-gen9championsvgc2026regma-2580968130\">a best-of-3</a></h2>\n|t:|1775947564\n|gametype|doubles\n|player|p1|tryson69|crasherwake|\n|player|p2|banfox Doubloons|gambler|\n|gen|9\n|tier|[Gen 9 Champions] VGC 2026 Reg M-A\n|rated|Tournament battle\n|rule|Species Clause: Limit one of each Pok\u00e9mon\n|rule|Item Clause: Limit 1 of each item\n|raw|<div class=\"infobox\"><details class=\"readmore\" open><summary><strong>2 custom rules:</strong></summary> Force Open Team Sheets, Best of = 3</details></div>\n|clearpoke\n|poke|p1|Aggron, L50, F|\n|poke|p1|Incineroar, L50, M|\n|poke|p1|Tyranitar, L50, F|\n|poke|p1|Rotom-Wash, L50|\n|poke|p1|Garchomp, L50, F|\n|poke|p1|Sinistcha, L50|\n|poke|p2|Venusaur, L50, M|\n|poke|p2|Basculegion, L50, M|\n|poke|p2|Incineroar, L50, F|\n|poke|p2|Dragonite, L50, F|\n|poke|p2|Aegislash, L50, F|\n|teampreview|4\n|showteam|p1|Aggron||Aggronite|Sturdy|BodyPress,IronDefense,HeavySlam,Protect|||F|||50|]Incineroar||LumBerry|Intimidate|FakeOut,FlareBlitz,WillOWisp,PartingShot|||M|||50|]Tyranitar||Tyranitarite|SandStream|RockSlide,KnockOff,LowKick,Protect|||F|||50|]Rotom-Wash||SitrusBerry|Levitate|Electroweb,HydroPump,WillOWisp,Protect||||||50|]Garchomp||Leftovers|SandVeil|Substitute,ScaleShot,SwordsDance,Earthquake|||F|||50|]Sinistcha||MentalHerb|Hospitality|MatchaGotcha,RagePowder,StrengthSap,TrickRoom||||||50|\n|showteam|p2|Venusaur||Venusaurite|Chlorophyll|SludgeBomb,EarthPower,LeechSeed,Protect|||M|||50|]Basculegion||ChoiceScarf|Adaptability|WaveCrash,LastRespects,FlipTurn,AquaJet|||M|||50|]Incineroar||ShucaBerry|Intimidate|FlareBlitz,PartingShot,FakeOut,DarkestLariat|||F|||50|]Dragonite||LumBerry|Multiscale|DragonClaw,AerialAce,ExtremeSpeed,Protect|||F|||50|]Aegislash||Leftovers|StanceChange|IronHead,SwordsDance,ShadowSneak,KingsShield|||F|||50|\n|j| relooo\n|inactive|Battle timer is ON: inactive players will automatically lose when time's up. (requested by banfox Doubloons)\n|\n|t:|1775947601\n|teamsize|p1|4\n|teamsize|p2|4\n|start\n|switch|p1a: Aggron|Aggron, L50, F|100/100\n|switch|p1b: Mr Cat|Incineroar, L50, M|100/100\n|switch|p2a: Venusaur|Venusaur, L50, M|100/100\n|switch|p2b: Basculegion|Basculegion, L50, M|100/100\n|-ability|p1b: Mr Cat|Intimidate|boost\n|-unboost|p2a: Venusaur|atk|1\n|-unboost|p2b: Basculegion|atk|1\n|turn|1\n|l| relooo\n|\n|t:|1775947618\n|detailschange|p2a: Venusaur|Venusaur-Mega, L50, M\n|-mega|p2a: Venusaur|Venusaur|Venusaurite\n|detailschange|p1a: Aggron|Aggron-Mega, L50, F\n|-mega|p1a: Aggron|Aggron|Aggronite\n|move|p1b: Mr Cat|Fake Out|p2a: Venusaur\n|-damage|p2a: Venusaur|93/100\n|move|p2b: Basculegion|Wave Crash|p1b: Mr Cat\n|-supereffective|p1b: Mr Cat|1\n|-damage|p1b: Mr Cat|16/100\n|-damage|p2b: Basculegion|72/100|[from] Recoil\n|cant|p2a: Venusaur|flinch\n|move|p1a: Aggron|Heavy Slam|p2b: Basculegion\n|-resisted|p2b: Basculegion|1\n|-damage|p2b: Basculegion|49/100\n|\n|upkeep\n|turn|2\n|\n|t:|1775947642\n|switch|p2b: Incineroar|Incineroar, L50, F|100/100\n|-ability|p2b: Incineroar|Intimidate|boost\n|-unboost|p1a: Aggron|atk|1\n|-unboost|p1b: Mr Cat|atk|1\n|switch|p1b: Tyranitar|Tyranitar, L50, F|100/100\n|-weather|Sandstorm|[from] ability: Sand Stream|[of] p1b: Tyranitar\n|move|p1a: Aggron|Protect|p1a: Aggron\n|-singleturn|p1a: Aggron|Protect\n|move|p2a: Venusaur|Leech Seed|p1a: Aggron\n|-activate|p1a: Aggron|move: Protect\n|\n|-weather|Sandstorm|[upkeep]\n|-damage|p2a: Venusaur|88/100|[from] Sandstorm\n|-damage|p2b: Incineroar|95/100|[from] Sandstorm\n|upkeep\n|turn|3\n|inactive|banfox Doubloons has 30 seconds left.\n|\n|t:|1775947668\n|switch|p2b: Aegislash|Aegislash, L50, F|100/100\n|move|p2a: Venusaur|Leech Seed|p1a: Aggron\n|-start|p1a: Aggron|move: Leech Seed\n|move|p1b: Tyranitar|Rock Slide|p2b: Aegislash|[spread] p2b\n|-miss|p1b: Tyranitar|p2a: Venusaur\n|-resisted|p2b: Aegislash|1\n|-damage|p2b: Aegislash|88/100\n|move|p1a: Aggron|Body Press|p2b: Aegislash\n|-immune|p2b: Aegislash\n|\n|-weather|Sandstorm|[upkeep]\n|-damage|p2a: Venusaur|82/100|[from] Sandstorm\n|-heal|p2b: Aegislash|94/100|[from] item: Leftovers\n|-damage|p1a: Aggron|88/100|[from] Leech Seed|[of] p2a: Venusaur\n|-heal|p2a: Venusaur|93/100|[silent]\n|upkeep\n|turn|4\n|\n|t:|1775947691\n|switch|p1a: Garchomp|Garchomp, L50, F|100/100\n|move|p2b: Aegislash|King's Shield|p2b: Aegislash\n|-singleturn|p2b: Aegislash|Protect\n|move|p2a: Venusaur|Leech Seed|p1b: Tyranitar\n|-start|p1b: Tyranitar|move: Leech Seed\n|move|p1b: Tyranitar|Knock Off|p2a: Venusaur\n|-damage|p2a: Venusaur|66/100\n|\n|-weather|Sandstorm|[upkeep]\n|-damage|p2a: Venusaur|60/100|[from] Sandstorm\n|-heal|p2b: Aegislash|99/100|[from] item: Leftovers\n|-damage|p1b: Tyranitar|88/100|[from] Leech Seed|[of] p2a: Venusaur\n|-heal|p2a: Venusaur|73/100|[silent]\n|upkeep\n|turn|5\n|\n|t:|1775947707\n|switch|p2b: Incineroar|Incineroar, L50, F|95/100\n|-ability|p2b: Incineroar|Intimidate|boost\n|-unboost|p1a: Garchomp|atk|1\n|-unboost|p1b: Tyranitar|atk|1\n|move|p1a: Garchomp|Substitute|p1a: Garchomp\n|-start|p1a: Garchomp|Substitute\n|-damage|p1a: Garchomp|76/100\n|move|p2a: Venusaur|Leech Seed||[still]\n|-fail|p2a: Venusaur\n|move|p1b: Tyranitar|Knock Off|p2b: Incineroar\n|-resisted|p2b: Incineroar|1\n|-damage|p2b: Incineroar|79/100\n|-enditem|p2b: Incineroar|Shuca Berry|[from] move: Knock Off|[of] p1b: Tyranitar\n|\n|-weather|Sandstorm|[upkeep]\n|-damage|p2a: Venusaur|68/100|[from] Sandstorm\n|-damage|p2b: Incineroar|73/100|[from] Sandstorm\n|-heal|p1a: Garchomp|82/100|[from] item: Leftovers\n|-damage|p1b: Tyranitar|76/100|[from] Leech Seed|[of] p2a: Venusaur\n|-heal|p2a: Venusaur|81/100|[silent]\n|upkeep\n|turn|6\n|\n|t:|1775947718\n|move|p1a: Garchomp|Swords Dance|p1a: Garchomp\n|-boost|p1a: Garchomp|atk|2\n|move|p2a: Venusaur|Earth Power|p1b: Tyranitar\n|-supereffective|p1b: Tyranitar|1\n|-damage|p1b: Tyranitar|50/100\n|move|p2b: Incineroar|Parting Shot|p1a: Garchomp\n|-unboost|p1a: Garchomp|atk|1\n|-unboost|p1a: Garchomp|spa|1\n|\n|t:|1775947726\n|switch|p2b: Basculegion|Basculegion, L50, M|49/100|[from] Parting Shot\n|move|p1b: Tyranitar|Rock Slide|p2b: Basculegion|[spread] \n|-miss|p1b: Tyranitar|p2a: Venusaur\n|-miss|p1b: Tyranitar|p2b: Basculegion\n|\n|-weather|none\n|-heal|p1a: Garchomp|88/100|[from] item: Leftovers\n|-damage|p1b: Tyranitar|38/100|[from] Leech Seed|[of] p2a: Venusaur\n|-heal|p2a: Venusaur|95/100|[silent]\n|upkeep\n|turn|7\n|\n|t:|1775947744\n|move|p2b: Basculegion|Flip Turn|p1a: Garchomp\n|-crit|p1a: Garchomp\n|-end|p1a: Garchomp|Substitute\n|\n|t:|1775947748\n|switch|p2b: Incineroar|Incineroar, L50, F|73/100|[from] Flip Turn\n|-ability|p2b: Incineroar|Intimidate|boost\n|-unboost|p1a: Garchomp|atk|1\n|-unboost|p1b: Tyranitar|atk|1\n|move|p1a: Garchomp|Swords Dance|p1a: Garchomp\n|-boost|p1a: Garchomp|atk|2\n|move|p2a: Venusaur|Leech Seed|p1a: Garchomp\n|-start|p1a: Garchomp|move: Leech Seed\n|move|p1b: Tyranitar|Knock Off|p2b: Incineroar\n|-resisted|p2b: Incineroar|1\n|-damage|p2b: Incineroar|65/100\n|\n|-heal|p1a: Garchomp|94/100|[from] item: Leftovers\n|-damage|p1a: Garchomp|82/100|[from] Leech Seed|[of] p2a: Venusaur\n|-heal|p2a: Venusaur|100/100|[silent]\n|-damage|p1b: Tyranitar|26/100|[from] Leech Seed|[of] p2a: Venusaur\n|upkeep\n|turn|8\n|\n|t:|1775947759\n|switch|p1b: Mr Cat|Incineroar, L50, M|16/100\n|-ability|p1b: Mr Cat|Intimidate|boost\n|-unboost|p2a: Venusaur|atk|1\n|-unboost|p2b: Incineroar|atk|1\n|move|p2b: Incineroar|Fake Out|p1a: Garchomp\n|-damage|p1a: Garchomp|76/100\n|cant|p1a: Garchomp|flinch\n|move|p2a: Venusaur|Earth Power|p1a: Garchomp\n|-damage|p1a: Garchomp|52/100\n|\n|-heal|p1a: Garchomp|58/100|[from] item: Leftovers\n|-damage|p1a: Garchomp|46/100|[from] Leech Seed|[of] p2a: Venusaur\n|upkeep\n|turn|9\n|\n|t:|1775947779\n|switch|p2b: Aegislash|Aegislash, L50, F|99/100\n|move|p1b: Mr Cat|Fake Out|p2b: Aegislash\n|-immune|p2b: Aegislash\n|move|p1a: Garchomp|Swords Dance|p1a: Garchomp\n|-boost|p1a: Garchomp|atk|2\n|move|p2a: Venusaur|Earth Power|p1b: Mr Cat\n|-supereffective|p1b: Mr Cat|1\n|-damage|p1b: Mr Cat|0 fnt\n|faint|p1b: Mr Cat\n|\n|-heal|p1a: Garchomp|52/100|[from] item: Leftovers\n|-heal|p2b: Aegislash|100/100|[from] item: Leftovers\n|-damage|p1a: Garchomp|40/100|[from] Leech Seed|[of] p2a: Venusaur\n|upkeep\n|\n|t:|1775947786\n|switch|p1b: Tyranitar|Tyranitar, L50, F|26/100\n|-weather|Sandstorm|[from] ability: Sand Stream|[of] p1b: Tyranitar\n|turn|10\n|\n|t:|1775947804\n|switch|p2b: Incineroar|Incineroar, L50, F|65/100\n|-ability|p2b: Incineroar|Intimidate|boost\n|-unboost|p1a: Garchomp|atk|1\n|-unboost|p1b: Tyranitar|atk|1\n|move|p1b: Tyranitar|Protect|p1b: Tyranitar\n|-singleturn|p1b: Tyranitar|Protect\n|move|p1a: Garchomp|Earthquake|p2a: Venusaur|[spread] p2a,p2b\n|-activate|p1b: Tyranitar|move: Protect\n|-supereffective|p2b: Incineroar|1\n|-damage|p2a: Venusaur|40/100\n|-damage|p2b: Incineroar|0 fnt\n|faint|p2b: Incineroar\n|move|p2a: Venusaur|Earth Power|p1a: Garchomp\n|-damage|p1a: Garchomp|15/100\n|\n|-weather|Sandstorm|[upkeep]\n|-damage|p2a: Venusaur|35/100|[from] Sandstorm\n|-heal|p1a: Garchomp|21/100|[from] item: Leftovers\n|-damage|p1a: Garchomp|9/100|[from] Leech Seed|[of] p2a: Venusaur\n|-heal|p2a: Venusaur|49/100|[silent]\n|upkeep\n|\n|t:|1775947821\n|switch|p2b: Basculegion|Basculegion, L50, M|49/100\n|turn|11\n|\n|t:|1775947832\n|move|p2b: Basculegion|Flip Turn|p1a: Garchomp\n|-damage|p1a: Garchomp|0 fnt\n|faint|p1a: Garchomp\n|\n|t:|1775947834\n|switch|p2b: Aegislash|Aegislash, L50, F|100/100|[from] Flip Turn\n|move|p2a: Venusaur|Earth Power|p1b: Tyranitar\n|-supereffective|p1b: Tyranitar|1\n|-damage|p1b: Tyranitar|0 fnt\n|faint|p1b: Tyranitar\n|\n|-weather|Sandstorm|[upkeep]\n|-damage|p2a: Venusaur|43/100|[from] Sandstorm\n|upkeep\n|-message|tryson69 forfeited.\n|\n|win|banfox Doubloons\n||tryson69 is ready for game 2.\n",
  "uploadtime": 1775947842,
  "views": 12,
  "formatid": "gen9championsvgc2026regma",
  "rating": null,
  "private": 0,
  "password": null
}