{
  "id": "gen9championsvgc2026regma-2582297080",
  "format": "[Gen 9 Champions] VGC 2026 Reg M-A",
  "players": [
    "ayoman",
    "grushuri"
  ],
  "log": "|j|\u2606ayoman\n|j|\u2606grushuri\n|t:|1776080917\n|gametype|doubles\n|player|p1|ayoman|101|1000\n|player|p2|grushuri|169|1000\n|gen|9\n|tier|[Gen 9 Champions] VGC 2026 Reg M-A\n|rated|\n|rule|Species Clause: Limit one of each Pok\u00e9mon\n|rule|Item Clause: Limit 1 of each item\n|clearpoke\n|poke|p1|Toxapex, L50, M|\n|poke|p1|Arcanine, L50, M|\n|poke|p1|Dragapult, L50, F|\n|poke|p1|Pelipper, L50, F|\n|poke|p1|Meganium, L50, F|\n|poke|p1|Archaludon, L50, M|\n|poke|p2|Typhlosion-Hisui, L50, F|\n|poke|p2|Charizard, L50, F|\n|poke|p2|Venusaur, L50, F|\n|poke|p2|Ditto, L50|\n|poke|p2|Incineroar, L50, F|\n|poke|p2|Whimsicott, L50, F|\n|teampreview|4\nayoman rejected open team sheets.\n|inactive|Battle timer is ON: inactive players will automatically lose when time's up. (requested by ayoman)\n|\n|t:|1776080956\n|teamsize|p1|4\n|teamsize|p2|4\n|start\n|switch|p1a: Pelipper|Pelipper, L50, F|100/100\n|switch|p1b: Archaludon|Archaludon, L50, M|100/100\n|switch|p2a: Whimsicott|Whimsicott, L50, F|100/100\n|switch|p2b: Charizard|Charizard, L50, F|100/100\n|-weather|RainDance|[from] ability: Drizzle|[of] p1a: Pelipper\n|turn|1\n|\n|t:|1776080978\n|detailschange|p2b: Charizard|Charizard-Mega-Y, L50, F\n|-mega|p2b: Charizard|Charizard|Charizardite Y\n|-weather|SunnyDay|[from] ability: Drought|[of] p2b: Charizard\n|move|p2a: Whimsicott|Tailwind|p2a: Whimsicott\n|-sidestart|p2: grushuri|move: Tailwind\n|move|p2b: Charizard|Fire Blast|p1b: Archaludon\n|-damage|p1b: Archaludon|0 fnt\n|faint|p1b: Archaludon\n|move|p1a: Pelipper|Weather Ball|p2b: Charizard\n|-resisted|p2b: Charizard|1\n|-damage|p2b: Charizard|83/100\n|\n|-weather|SunnyDay|[upkeep]\n|upkeep\n|\n|t:|1776080991\n|switch|p1b: Arcanine|Arcanine, L50, M|100/100\n|-ability|p1b: Arcanine|Intimidate|boost\n|-unboost|p2a: Whimsicott|atk|1\n|-unboost|p2b: Charizard|atk|1\n|turn|2\n|\n|t:|1776081009\n|move|p2b: Charizard|Protect|p2b: Charizard\n|-singleturn|p2b: Charizard|Protect\n|move|p2a: Whimsicott|Taunt|p1a: Pelipper\n|-start|p1a: Pelipper|move: Taunt\n|move|p1b: Arcanine|Wild Charge|p2b: Charizard\n|-activate|p2b: Charizard|move: Protect\n|cant|p1a: Pelipper|move: Taunt|Tailwind\n|\n|-weather|SunnyDay|[upkeep]\n|upkeep\n|turn|3\n|inactive|ayoman has 30 seconds left.\n|inactive|grushuri has 30 seconds left.\n|inactive|ayoman has 20 seconds left.\n|inactive|ayoman has 15 seconds left.\n|inactive|ayoman has 10 seconds left.\n|inactive|ayoman has 5 seconds left.\n|\n|t:|1776081064\n|move|p2a: Whimsicott|Switcheroo|p1b: Arcanine\n|-activate|p2a: Whimsicott|move: Trick|[of] p1b: Arcanine\n|-item|p1b: Arcanine|Mental Herb|[from] move: Switcheroo\n|-item|p2a: Whimsicott|Charcoal|[from] move: Switcheroo\n|move|p2b: Charizard|Solar Beam||[still]\n|-prepare|p2b: Charizard|Solar Beam\n|-anim|p2b: Charizard|Solar Beam|p1a: Pelipper\n|-damage|p1a: Pelipper|42/100\n|move|p1b: Arcanine|Flare Blitz|p2b: Charizard\n|-resisted|p2b: Charizard|1\n|-damage|p2b: Charizard|33/100\n|-damage|p1b: Arcanine|85/100|[from] Recoil\n|move|p1a: Pelipper|U-turn|p2b: Charizard\n|-resisted|p2b: Charizard|2\n|-damage|p2b: Charizard|30/100\n|\n|t:|1776081081\n|switch|p1a: Dragapult|Dragapult, L50, F|100/100|[from] U-turn\n|\n|-weather|SunnyDay|[upkeep]\n|upkeep\n|turn|4\n|\n|t:|1776081100\n|switch|p2b: Ditto|Ditto, L50|100/100\n|-transform|p2b: Ditto|p1a: Dragapult|[from] ability: Imposter\n|move|p2a: Whimsicott|Dazzling Gleam|p1a: Dragapult|[spread] p1a,p1b\n|-supereffective|p1a: Dragapult|1\n|-resisted|p1b: Arcanine|1\n|-damage|p1a: Dragapult|42/100\n|-damage|p1b: Arcanine|71/100\n|move|p1a: Dragapult|U-turn|p2a: Whimsicott\n|-damage|p2a: Whimsicott|69/100\n|\n|t:|1776081110\n|switch|p1a: Pelipper|Pelipper, L50, F|42/100|[from] U-turn\n|-weather|RainDance|[from] ability: Drizzle|[of] p1a: Pelipper\n|move|p1b: Arcanine|Wild Charge|p2b: Ditto\n|-resisted|p2b: Ditto|1\n|-damage|p2b: Ditto|83/100\n|-damage|p1b: Arcanine|67/100|[from] Recoil\n|\n|-weather|RainDance|[upkeep]\n|-sideend|p2: grushuri|move: Tailwind\n|upkeep\n|turn|5\n|\n|t:|1776081129\n|switch|p2a: Charizard|Charizard-Mega-Y, L50, F|30/100\n|-weather|SunnyDay|[from] ability: Drought|[of] p2a: Charizard\n|move|p2b: Ditto|Dragon Darts|p1a: Pelipper\n|-damage|p1a: Pelipper|19/100\n|-anim|p2b: Ditto|Dragon Darts|p1b: Arcanine\n|-damage|p1b: Arcanine|44/100\n|move|p1b: Arcanine|Will-O-Wisp|p2b: Ditto\n|-status|p2b: Ditto|brn\n|move|p1a: Pelipper|Tailwind|p1a: Pelipper\n|-sidestart|p1: ayoman|move: Tailwind\n|\n|-weather|SunnyDay|[upkeep]\n|-damage|p2b: Ditto|77/100 brn|[from] brn\n|upkeep\n|turn|6\n|inactive|ayoman has 30 seconds left.\n|\n|t:|1776081163\n|move|p2a: Charizard|Protect|p2a: Charizard\n|-singleturn|p2a: Charizard|Protect\n|move|p1b: Arcanine|Wild Charge|p2a: Charizard\n|-activate|p2a: Charizard|move: Protect\n|move|p2b: Ditto|Dragon Darts|p1a: Pelipper\n|-damage|p1a: Pelipper|8/100\n|-anim|p2b: Ditto|Dragon Darts|p1b: Arcanine\n|-crit|p1b: Arcanine\n|-damage|p1b: Arcanine|28/100\n|move|p1a: Pelipper|Weather Ball|p2b: Ditto\n|-resisted|p2b: Ditto|1\n|-damage|p2b: Ditto|54/100 brn\n|\n|-weather|SunnyDay|[upkeep]\n|-damage|p2b: Ditto|48/100 brn|[from] brn\n|upkeep\n|turn|7\n|\n|t:|1776081180\n|switch|p2a: Whimsicott|Whimsicott, L50, F|69/100\n|move|p1b: Arcanine|Wild Charge|p2a: Whimsicott\n|-resisted|p2a: Whimsicott|1\n|-damage|p2a: Whimsicott|54/100\n|-damage|p1b: Arcanine|24/100|[from] Recoil\n|move|p2b: Ditto|Dragon Darts|p1a: Pelipper\n|-damage|p1a: Pelipper|0 fnt\n|-anim|p2b: Ditto|Dragon Darts|p1b: Arcanine\n|-crit|p1b: Arcanine\n|-damage|p1b: Arcanine|6/100\n|faint|p1a: Pelipper\n|\n|-weather|SunnyDay|[upkeep]\n|-damage|p2b: Ditto|42/100 brn|[from] brn\n|upkeep\n|\n|t:|1776081184\n|switch|p1a: Dragapult|Dragapult, L50, F|42/100\n|turn|8\n|\n|t:|1776081198\n|move|p2a: Whimsicott|Tailwind|p2a: Whimsicott\n|-sidestart|p2: grushuri|move: Tailwind\n|move|p2b: Ditto|Dragon Darts|p1a: Dragapult\n|-supereffective|p1a: Dragapult|1\n|-damage|p1a: Dragapult|9/100\n|-anim|p2b: Ditto|Dragon Darts|p1b: Arcanine\n|-damage|p1b: Arcanine|0 fnt\n|faint|p1b: Arcanine\n|move|p1a: Dragapult|Dragon Darts|p2b: Ditto\n|-supereffective|p2b: Ditto|1\n|-damage|p2b: Ditto|0 fnt\n|faint|p2b: Ditto\n|\n|-weather|SunnyDay|[upkeep]\n|-sideend|p1: ayoman|move: Tailwind\n|upkeep\n|\n|t:|1776081208\n|switch|p2b: Typhlosion|Typhlosion-Hisui, L50, F, shiny|100/100\n|turn|9\n|\n|t:|1776081221\n|move|p2a: Whimsicott|Dazzling Gleam|p1a: Dragapult\n|-supereffective|p1a: Dragapult|1\n|-damage|p1a: Dragapult|0 fnt\n|faint|p1a: Dragapult\n|\n|win|grushuri\n|raw|ayoman's rating: 1000 &rarr; <strong>1000</strong><br />(+0 for losing)\n|raw|grushuri's rating: 1000 &rarr; <strong>1040</strong><br />(+40 for winning)\n|l|\u2606ayoman\n|player|p1|\n",
  "uploadtime": 1776081231,
  "views": 20,
  "formatid": "gen9championsvgc2026regma",
  "rating": 1000,
  "private": 0,
  "password": null
}