{
  "id": "gen9championsvgc2026regma-2585002820",
  "format": "[Gen 9 Champions] VGC 2026 Reg M-A",
  "players": [
    "DubS SubD",
    "HiroVander"
  ],
  "log": "|j|\u2606DubS SubD\n|j|\u2606HiroVander\n|html|<table width=\"100%\"><tr><td align=\"left\">DubS SubD</td><td align=\"right\">HiroVander</tr><tr><td align=\"left\"><i class=\"fa fa-circle\"></i> <i class=\"fa fa-circle-o\"></i> </td><td align=\"right\"><i class=\"fa fa-circle-o\"></i> <i class=\"fa fa-circle-o\"></i> </tr></table>\n|uhtml|bestof|<h2><strong>Game 2</strong> of <a href=\"/game-bestof3-gen9championsvgc2026regma-2585000478\">a best-of-3</a></h2>\n|t:|1776302349\n|gametype|doubles\n|player|p1|DubS SubD|eusine|\n|player|p2|HiroVander|lucas-gen4pt|\n|gen|9\n|tier|[Gen 9 Champions] VGC 2026 Reg M-A\n|rule|Species Clause: Limit one of each Pok\u00e9mon\n|rule|Item Clause: Limit 1 of each item\n|raw|<div class=\"infobox\"><details class=\"readmore\" open><summary><strong>1 custom rule:</strong></summary> Best of = 3</details></div>\n|clearpoke\n|poke|p1|Floette-Eternal, L50, F|\n|poke|p1|Sneasler, L50, F|\n|poke|p1|Sinistcha, L50|\n|poke|p1|Incineroar, L50, M|\n|poke|p1|Emolga, L50, F|\n|poke|p1|Garchomp, L50, F|\n|poke|p2|Gallade, L50, M|\n|poke|p2|Armarouge, L50, M|\n|poke|p2|Sylveon, L50, F|\n|poke|p2|Milotic, L50, M|\n|poke|p2|Serperior, L50, F|\n|poke|p2|Charizard, L50, M|\n|teampreview|4\n|\n|t:|1776302404\n|teamsize|p1|4\n|teamsize|p2|4\n|start\n|switch|p1a: Garchomp|Garchomp, L50, F|100/100\n|switch|p1b: Emolga|Emolga, L50, F|100/100\n|switch|p2a: Serperior|Serperior, L50, F|100/100\n|switch|p2b: Armarouge|Armarouge, L50, M|100/100\n|turn|1\n|\n|t:|1776302439\n|move|p2b: Armarouge|Protect|p2b: Armarouge\n|-singleturn|p2b: Armarouge|Protect\n|move|p2a: Serperior|Knock Off|p1b: Emolga\n|-damage|p1b: Emolga|75/100\n|-status|p2a: Serperior|par|[from] ability: Static|[of] p1b: Emolga\n|-enditem|p1b: Emolga|Leftovers|[from] move: Knock Off|[of] p2a: Serperior\n|move|p1a: Garchomp|Earthquake|p2b: Armarouge|[spread] p2a\n|-activate|p2b: Armarouge|move: Protect\n|-immune|p1b: Emolga\n|-resisted|p2a: Serperior|1\n|-damage|p2a: Serperior|76/100 par\n|move|p1b: Emolga|Nuzzle|p2a: Serperior\n|-resisted|p2a: Serperior|1\n|-damage|p2a: Serperior|72/100 par\n|\n|upkeep\n|turn|2\n|\n|t:|1776302477\n|move|p1b: Emolga|Helping Hand|p1a: Garchomp\n|-singleturn|p1a: Garchomp|Helping Hand|[of] p1b: Emolga\n|move|p1a: Garchomp|Earthquake|p2a: Serperior|[spread] p2a,p2b\n|-immune|p1b: Emolga\n|-resisted|p2a: Serperior|1\n|-supereffective|p2b: Armarouge|1\n|-damage|p2a: Serperior|39/100 par\n|-damage|p2b: Armarouge|0 fnt\n|faint|p2b: Armarouge\n|cant|p2a: Serperior|par\n|\n|upkeep\n|\n|t:|1776302491\n|switch|p2b: Sylveon|Sylveon, L50, F|100/100\n|turn|3\n|\n|t:|1776302502\n|move|p1b: Emolga|Helping Hand|p1a: Garchomp\n|-singleturn|p1a: Garchomp|Helping Hand|[of] p1b: Emolga\n|move|p1a: Garchomp|Earthquake|p2b: Sylveon|[spread] p2a,p2b\n|-immune|p1b: Emolga\n|-resisted|p2a: Serperior|1\n|-damage|p2a: Serperior|1/100 par\n|-damage|p2b: Sylveon|20/100\n|-enditem|p2b: Sylveon|Sitrus Berry|[eat]\n|-heal|p2b: Sylveon|45/100|[from] item: Sitrus Berry\n|move|p2a: Serperior|Knock Off|p1a: Garchomp\n|-damage|p1a: Garchomp|85/100\n|-damage|p2a: Serperior|0 fnt|[from] ability: Rough Skin|[of] p1a: Garchomp\n|-enditem|p1a: Garchomp|Choice Scarf|[from] move: Knock Off|[of] p2a: Serperior\n|faint|p2a: Serperior\n|move|p2b: Sylveon|Hyper Voice|p1a: Garchomp|[spread] p1a,p1b\n|-supereffective|p1a: Garchomp|1\n|-damage|p1a: Garchomp|2/100\n|-damage|p1b: Emolga|2/100\n|\n|upkeep\n|\n|t:|1776302523\n|switch|p2a: Excalibur|Gallade, L50, M, shiny|100/100\n|turn|4\n|\n|t:|1776302556\n|move|p1b: Emolga|Helping Hand|p1a: Garchomp\n|-singleturn|p1a: Garchomp|Helping Hand|[of] p1b: Emolga\n|move|p1a: Garchomp|Earthquake|p2b: Sylveon|[spread] p2a,p2b\n|-immune|p1b: Emolga\n|-enditem|p2a: Excalibur|Focus Sash\n|-damage|p2a: Excalibur|1/100\n|-damage|p2b: Sylveon|0 fnt\n|faint|p2b: Sylveon\n|move|p2a: Excalibur|Psycho Cut|p1a: Garchomp\n|-damage|p1a: Garchomp|0 fnt\n|faint|p1a: Garchomp\n|\n|upkeep\n|\n|t:|1776302569\n|switch|p1a: Sinistcha|Sinistcha, L50|100/100\n|-heal|p1b: Emolga|27/100|[from] ability: Hospitality|[of] p1a: Sinistcha\n|turn|5\n|\n|t:|1776302586\n|move|p1a: Sinistcha|Rage Powder|p1a: Sinistcha\n|-singleturn|p1a: Sinistcha|move: Rage Powder\n|move|p1b: Emolga|Nuzzle|p2a: Excalibur\n|-damage|p2a: Excalibur|0 fnt\n|faint|p2a: Excalibur\n|\n|win|DubS SubD\n|l|\u2606HiroVander\n|player|p2|\n",
  "uploadtime": 1776302596,
  "views": 18,
  "formatid": "gen9championsvgc2026regma",
  "rating": null,
  "private": 0,
  "password": null
}