{
  "id": "gen9championsvgc2026regma-2587618015",
  "format": "[Gen 9 Champions] VGC 2026 Reg M-A",
  "players": [
    "TheDark69420",
    "Noobilio"
  ],
  "log": "|j|\u2606TheDark69420\n|j|\u2606Noobilio\n|t:|1776547427\n|gametype|doubles\n|player|p1|TheDark69420|ghetsis-gen5bw|1258\n|player|p2|Noobilio|nurse|1325\n|gen|9\n|tier|[Gen 9 Champions] VGC 2026 Reg M-A\n|rated|\n|rule|Species Clause: Limit one of each Pok\u00e9mon\n|rule|Item Clause: Limit 1 of each item\n|clearpoke\n|poke|p1|Froslass, L50, F|\n|poke|p1|Rotom-Frost, L50|\n|poke|p1|Sneasler, L50, M, shiny|\n|poke|p1|Kingambit, L50, F|\n|poke|p1|Talonflame, L50, M, shiny|\n|poke|p1|Garchomp, L50, M|\n|poke|p2|Froslass, L50, F|\n|poke|p2|Palafin, L50, F|\n|poke|p2|Kingambit, L50, F|\n|poke|p2|Arcanine-Hisui, L50, F|\n|poke|p2|Sinistcha, L50|\n|poke|p2|Sneasler, L50, F|\n|teampreview|4\n|inactive|Battle timer is ON: inactive players will automatically lose when time's up. (requested by TheDark69420)\n|inactive|TheDark69420 has 60 seconds left.\n|inactive|Noobilio has 60 seconds left.\n|inactive|TheDark69420 has 30 seconds left.\n|inactive|Noobilio has 30 seconds left.\n|\n|t:|1776547495\n|teamsize|p1|4\n|teamsize|p2|4\n|start\n|switch|p1a: Gold Claws|Sneasler, L50, M, shiny|100/100\n|switch|p1b: Beam|Garchomp, L50, M|100/100\n|switch|p2a: Kingambit|Kingambit, L50, F|100/100\n|switch|p2b: Palafin|Palafin, L50, F|100/100\n|turn|1\n|inactive|TheDark69420 has 30 seconds left.\n|inactive|Noobilio has 30 seconds left.\n|\n|t:|1776547526\n|detailschange|p2b: Palafin|Palafin-Hero, L50, F\n|switch|p2b: Sneasler|Sneasler, L50, F|100/100\n|move|p2a: Kingambit|Protect|p2a: Kingambit\n|-singleturn|p2a: Kingambit|Protect\n|move|p1a: Gold Claws|Fake Out|p2b: Sneasler\n|-damage|p2b: Sneasler|78/100\n|move|p1b: Beam|Rock Slide|p2b: Sneasler|[spread] p2b\n|-activate|p2a: Kingambit|move: Protect\n|-resisted|p2b: Sneasler|1\n|-damage|p2b: Sneasler|60/100\n|\n|upkeep\n|turn|2\n|\n|t:|1776547544\n|move|p1a: Gold Claws|Protect|p1a: Gold Claws\n|-singleturn|p1a: Gold Claws|Protect\n|move|p2b: Sneasler|Fake Out|p1b: Beam\n|-damage|p1b: Beam|86/100\n|-damage|p2b: Sneasler|48/100|[from] ability: Rough Skin|[of] p1b: Beam\n|cant|p1b: Beam|flinch\n|move|p2a: Kingambit|Swords Dance|p2a: Kingambit\n|-boost|p2a: Kingambit|atk|2\n|\n|upkeep\n|turn|3\n|\n|t:|1776547564\n|move|p2a: Kingambit|Sucker Punch|p1b: Beam\n|-damage|p1b: Beam|0 fnt\n|-damage|p2a: Kingambit|88/100|[from] ability: Rough Skin|[of] p1b: Beam\n|faint|p1b: Beam\n|move|p1a: Gold Claws|Close Combat|p2a: Kingambit\n|-supereffective|p2a: Kingambit|2\n|-damage|p2a: Kingambit|0 fnt\n|-unboost|p1a: Gold Claws|def|1\n|-unboost|p1a: Gold Claws|spd|1\n|faint|p2a: Kingambit\n|-enditem|p1a: Gold Claws|White Herb\n|-clearnegativeboost|p1a: Gold Claws|[silent]\n|move|p2b: Sneasler|Close Combat|p1a: Gold Claws\n|-resisted|p1a: Gold Claws|1\n|-crit|p1a: Gold Claws\n|-damage|p1a: Gold Claws|10/100\n|-unboost|p2b: Sneasler|def|1\n|-unboost|p2b: Sneasler|spd|1\n|-enditem|p2b: Sneasler|White Herb\n|-clearnegativeboost|p2b: Sneasler|[silent]\n|\n|upkeep\n|\n|t:|1776547579\n|switch|p1b: Snow White|Froslass, L50, F|100/100\n|switch|p2a: Palafin|Palafin-Hero, L50, F|100/100\n|-activate|p2a: Palafin|ability: Zero to Hero\n|turn|4\n|\n|t:|1776547594\n|detailschange|p1b: Snow White|Froslass-Mega, L50, F\n|-mega|p1b: Snow White|Froslass|Froslassite\n|-weather|Snowscape|[from] ability: Snow Warning|[of] p1b: Snow White\n|move|p2a: Palafin|Jet Punch|p1a: Gold Claws\n|-damage|p1a: Gold Claws|0 fnt\n|faint|p1a: Gold Claws\n|move|p2b: Sneasler|Dire Claw|p1b: Snow White\n|-resisted|p1b: Snow White|1\n|-damage|p1b: Snow White|75/100\n|-status|p1b: Snow White|par\n|move|p1b: Snow White|Thunderbolt|p2a: Palafin\n|-supereffective|p2a: Palafin|1\n|-damage|p2a: Palafin|33/100\n|\n|-weather|Snowscape|[upkeep]\n|upkeep\n|\n|t:|1776547606\n|switch|p1a: Gizmo|Rotom-Frost, L50|100/100\n|turn|5\n|\n|t:|1776547616\n|move|p2b: Sneasler|Protect|p2b: Sneasler\n|-singleturn|p2b: Sneasler|Protect\n|move|p1a: Gizmo|Protect|p1a: Gizmo\n|-singleturn|p1a: Gizmo|Protect\n|move|p2a: Palafin|Protect|p2a: Palafin\n|-singleturn|p2a: Palafin|Protect\n|move|p1b: Snow White|Thunderbolt|p2a: Palafin\n|-activate|p2a: Palafin|move: Protect\n|\n|-weather|Snowscape|[upkeep]\n|upkeep\n|turn|6\n|\n|t:|1776547639\n|move|p1a: Gizmo|Protect|p1a: Gizmo\n|-singleturn|p1a: Gizmo|Protect\n|move|p2a: Palafin|Jet Punch|p1b: Snow White\n|-damage|p1b: Snow White|23/100 par\n|move|p2b: Sneasler|Close Combat|p1a: Gizmo\n|-activate|p1a: Gizmo|move: Protect\n|move|p1b: Snow White|Thunderbolt|p2a: Palafin\n|-supereffective|p2a: Palafin|1\n|-damage|p2a: Palafin|0 fnt\n|faint|p2a: Palafin\n|\n|-weather|Snowscape|[upkeep]\n|upkeep\n|\n|t:|1776547647\n|switch|p2a: Froslass|Froslass, L50, F|100/100\n|turn|7\n|\n|t:|1776547654\n|detailschange|p2a: Froslass|Froslass-Mega, L50, F\n|-mega|p2a: Froslass|Froslass|Froslassite\n|move|p2b: Sneasler|Close Combat|p1a: Gizmo\n|-supereffective|p1a: Gizmo|1\n|-damage|p1a: Gizmo|0 fnt\n|-unboost|p2b: Sneasler|def|1\n|-unboost|p2b: Sneasler|spd|1\n|faint|p1a: Gizmo\n|move|p2a: Froslass|Blizzard|p1b: Snow White\n|-resisted|p1b: Snow White|1\n|-damage|p1b: Snow White|0 fnt\n|faint|p1b: Snow White\n|\n|win|Noobilio\n|raw|TheDark69420's rating: 1258 &rarr; <strong>1238</strong><br />(-20 for losing)\n|raw|Noobilio's rating: 1325 &rarr; <strong>1341</strong><br />(+16 for winning)\n|l|\u2606TheDark69420\n|player|p1|\n",
  "uploadtime": 1776547663,
  "views": 26,
  "formatid": "gen9championsvgc2026regma",
  "rating": 1238,
  "private": 0,
  "password": null
}