{
  "id": "gen9championsvgc2026regma-2584170867",
  "format": "[Gen 9 Champions] VGC 2026 Reg M-A",
  "players": [
    "Megamoehre",
    "daikenhc"
  ],
  "log": "|j|\u2606Megamoehre\n|j|\u2606daikenhc\n|t:|1776233817\n|gametype|doubles\n|player|p1|Megamoehre|blackbelt-gen4dp|1168\n|player|p2|daikenhc|265|1249\n|gen|9\n|tier|[Gen 9 Champions] VGC 2026 Reg M-A\n|rated|\n|rule|Species Clause: Limit one of each Pok\u00e9mon\n|rule|Item Clause: Limit 1 of each item\n|clearpoke\n|poke|p1|Glimmora, L50, F|\n|poke|p1|Froslass, L50, F|\n|poke|p1|Incineroar, L50, F|\n|poke|p1|Sneasler, L50, M|\n|poke|p1|Aerodactyl, L50, F|\n|poke|p1|Sinistcha, L50|\n|poke|p2|Chandelure, L50, F|\n|poke|p2|Torkoal, L50, M|\n|poke|p2|Hatterene, L50, F|\n|poke|p2|Incineroar, L50, F|\n|poke|p2|Farigiraf, L50, F|\n|poke|p2|Milotic, L50, M|\n|teampreview|4\nMegamoehre has agreed to open team sheets.\n|\n|t:|1776233843\n|teamsize|p1|4\n|teamsize|p2|4\n|start\n|switch|p1a: Sinistcha|Sinistcha, L50|100/100\n|switch|p1b: Incineroar|Incineroar, L50, F|100/100\n|switch|p2a: Incineroar|Incineroar, L50, F|100/100\n|switch|p2b: Farigiraf|Farigiraf, L50, F|100/100\n|-ability|p1b: Incineroar|Intimidate|boost\n|-unboost|p2a: Incineroar|atk|1\n|-unboost|p2b: Farigiraf|atk|1\n|-ability|p2a: Incineroar|Intimidate|boost\n|-unboost|p1a: Sinistcha|atk|1\n|-unboost|p1b: Incineroar|atk|1\n|turn|1\n|\n|t:|1776233889\n|move|p1a: Sinistcha|Rage Powder|p1a: Sinistcha\n|-singleturn|p1a: Sinistcha|move: Rage Powder\n|move|p1b: Incineroar|Darkest Lariat|p2b: Farigiraf\n|-supereffective|p2b: Farigiraf|1\n|-damage|p2b: Farigiraf|37/100\n|move|p2a: Incineroar|Parting Shot|p1a: Sinistcha\n|-unboost|p1a: Sinistcha|atk|1\n|-unboost|p1a: Sinistcha|spa|1\n|\n|t:|1776233902\n|switch|p2a: Torkoal|Torkoal, L50, M|100/100|[from] Parting Shot\n|-weather|SunnyDay|[from] ability: Drought|[of] p2a: Torkoal\n|move|p2b: Farigiraf|Trick Room|p2b: Farigiraf\n|-fieldstart|move: Trick Room|[of] p2b: Farigiraf\n|\n|-weather|SunnyDay|[upkeep]\n|upkeep\n|turn|2\n|\n|t:|1776233918\n|move|p1a: Sinistcha|Protect|p1a: Sinistcha\n|-singleturn|p1a: Sinistcha|Protect\n|move|p2a: Torkoal|Eruption|p1b: Incineroar|[spread] p1b\n|-activate|p1a: Sinistcha|move: Protect\n|-resisted|p1b: Incineroar|1\n|-damage|p1b: Incineroar|68/100\n|move|p2b: Farigiraf|Hyper Voice|p1b: Incineroar|[spread] p1b\n|-activate|p1a: Sinistcha|move: Protect\n|-damage|p1b: Incineroar|32/100\n|move|p1b: Incineroar|Darkest Lariat|p2b: Farigiraf\n|-supereffective|p2b: Farigiraf|1\n|-damage|p2b: Farigiraf|0 fnt\n|faint|p2b: Farigiraf\n|\n|-weather|SunnyDay|[upkeep]\n|upkeep\n|\n|t:|1776233936\n|switch|p2b: Chandelure|Chandelure, L50, F|100/100\n|turn|3\n|\n|t:|1776233952\n|switch|p1a: Glimmora|Glimmora, L50, F, shiny|100/100\n|detailschange|p2b: Chandelure|Chandelure-Mega, L50, F\n|-mega|p2b: Chandelure|Chandelure|Chandelurite\n|move|p2a: Torkoal|Overheat|p1b: Incineroar\n|-resisted|p1b: Incineroar|1\n|-damage|p1b: Incineroar|0 fnt\n|-unboost|p2a: Torkoal|spa|2\n|faint|p1b: Incineroar\n|-enditem|p2a: Torkoal|White Herb\n|-clearnegativeboost|p2a: Torkoal|[silent]\n|move|p2b: Chandelure|Heat Wave|p1a: Glimmora\n|-resisted|p1a: Glimmora|1\n|-damage|p1a: Glimmora|36/100\n|\n|-weather|SunnyDay|[upkeep]\n|upkeep\n|\n|t:|1776233965\n|switch|p1b: Sinistcha|Sinistcha, L50|100/100\n|-heal|p1a: Glimmora|61/100|[from] ability: Hospitality|[of] p1b: Sinistcha\n|turn|4\n|\n|t:|1776233981\n|move|p1a: Glimmora|Spiky Shield|p1a: Glimmora\n|-singleturn|p1a: Glimmora|move: Protect\n|move|p2a: Torkoal|Eruption|p1a: Glimmora|[spread] p1b\n|-activate|p1a: Glimmora|move: Protect\n|-supereffective|p1b: Sinistcha|1\n|-damage|p1b: Sinistcha|0 fnt\n|faint|p1b: Sinistcha\n|move|p2b: Chandelure|Heat Wave|p1a: Glimmora\n|-activate|p1a: Glimmora|move: Protect\n|\n|-weather|SunnyDay|[upkeep]\n|upkeep\n|\n|t:|1776233991\n|switch|p1b: Aerodactyl|Aerodactyl, L50, F, shiny|100/100\n|-ability|p1b: Aerodactyl|Unnerve\n|turn|5\n|\n|t:|1776234007\n|move|p1a: Glimmora|Spiky Shield|p1a: Glimmora\n|-singleturn|p1a: Glimmora|move: Protect\n|move|p1b: Aerodactyl|Protect|p1b: Aerodactyl\n|-singleturn|p1b: Aerodactyl|Protect\n|move|p2a: Torkoal|Eruption|p1b: Aerodactyl|[spread] \n|-activate|p1a: Glimmora|move: Protect\n|-activate|p1b: Aerodactyl|move: Protect\n|move|p2b: Chandelure|Heat Wave|p1a: Glimmora|[spread] \n|-activate|p1a: Glimmora|move: Protect\n|-activate|p1b: Aerodactyl|move: Protect\n|\n|-weather|none\n|-fieldend|move: Trick Room\n|upkeep\n|turn|6\n|\n|t:|1776234025\n|switch|p2a: Incineroar|Incineroar, L50, F|100/100\n|-ability|p2a: Incineroar|Intimidate|boost\n|-unboost|p1a: Glimmora|atk|1\n|-unboost|p1b: Aerodactyl|atk|1\n|detailschange|p1a: Glimmora|Glimmora-Mega, L50, F, shiny\n|-mega|p1a: Glimmora|Glimmora|Glimmoranite\n|move|p1b: Aerodactyl|Rock Slide|p2a: Incineroar|[spread] p2b\n|-miss|p1b: Aerodactyl|p2a: Incineroar\n|-supereffective|p2b: Chandelure|1\n|-damage|p2b: Chandelure|67/100\n|move|p1a: Glimmora|Power Gem|p2a: Incineroar\n|-supereffective|p2a: Incineroar|1\n|-damage|p2a: Incineroar|0 fnt\n|faint|p2a: Incineroar\n|move|p2b: Chandelure|Trick Room|p2b: Chandelure\n|-fieldstart|move: Trick Room|[of] p2b: Chandelure\n|\n|upkeep\n|\n|t:|1776234040\n|switch|p2a: Torkoal|Torkoal, L50, M|100/100\n|-weather|SunnyDay|[from] ability: Drought|[of] p2a: Torkoal\n|turn|7\n|\n|t:|1776234053\n|move|p1a: Glimmora|Spiky Shield|p1a: Glimmora\n|-singleturn|p1a: Glimmora|move: Protect\n|move|p2a: Torkoal|Eruption|p1b: Aerodactyl|[spread] p1b\n|-activate|p1a: Glimmora|move: Protect\n|-resisted|p1b: Aerodactyl|1\n|-damage|p1b: Aerodactyl|46/100\n|move|p2b: Chandelure|Heat Wave|p1a: Glimmora|[spread] p1b\n|-activate|p1a: Glimmora|move: Protect\n|-resisted|p1b: Aerodactyl|1\n|-damage|p1b: Aerodactyl|0 fnt\n|faint|p1b: Aerodactyl\n|\n|-weather|SunnyDay|[upkeep]\n|upkeep\n|turn|8\n|\n|t:|1776234070\n|move|p2a: Torkoal|Eruption|p1a: Glimmora\n|-resisted|p1a: Glimmora|1\n|-damage|p1a: Glimmora|5/100\n|move|p2b: Chandelure|Energy Ball|p1a: Glimmora\n|-damage|p1a: Glimmora|0 fnt\n|faint|p1a: Glimmora\n|\n|win|daikenhc\n|raw|Megamoehre's rating: 1168 &rarr; <strong>1149</strong><br />(-19 for losing)\n|raw|daikenhc's rating: 1249 &rarr; <strong>1268</strong><br />(+19 for winning)\n|l|\u2606Megamoehre\n|player|p1|\n",
  "uploadtime": 1776234571,
  "views": 18,
  "formatid": "gen9championsvgc2026regma",
  "rating": 1149,
  "private": 0,
  "password": null
}