{
  "id": "gen9championsvgc2026regma-2585281303",
  "format": "[Gen 9 Champions] VGC 2026 Reg M-A",
  "players": [
    "espaciohilbertiano",
    "RazzvyBerry"
  ],
  "log": "|j|\u2606espaciohilbertiano\n|j|\u2606RazzvyBerry\n|t:|1776333383\n|gametype|doubles\n|player|p1|espaciohilbertiano|red|1084\n|player|p2|RazzvyBerry|harlequin|1175\n|gen|9\n|tier|[Gen 9 Champions] VGC 2026 Reg M-A\n|rated|\n|rule|Species Clause: Limit one of each Pok\u00e9mon\n|rule|Item Clause: Limit 1 of each item\n|clearpoke\n|poke|p1|Dragonite, L50, F|\n|poke|p1|Archaludon, L50, F|\n|poke|p1|Sneasler, L50, M|\n|poke|p1|Pelipper, L50, M|\n|poke|p1|Sinistcha, L50|\n|poke|p1|Basculegion, L50, M|\n|poke|p2|Mimikyu, L50, M|\n|poke|p2|Crabominable, L50, F|\n|poke|p2|Gengar, L50, M|\n|poke|p2|Ninetales-Alola, L50, M|\n|poke|p2|Aerodactyl, L50, M|\n|poke|p2|Incineroar, L50, M|\n|teampreview|4\n|\n|t:|1776333397\n|teamsize|p1|4\n|teamsize|p2|4\n|start\n|switch|p1a: Archaludon|Archaludon, L50, F|100/100\n|switch|p1b: Sneasler|Sneasler, L50, M|100/100\n|switch|p2a: Mimikyu|Mimikyu, L50, M|100/100\n|switch|p2b: Crabominable|Crabominable, L50, F|100/100\n|turn|1\n|inactive|Battle timer is ON: inactive players will automatically lose when time's up. (requested by RazzvyBerry)\n|\n|t:|1776333424\n|move|p2b: Crabominable|Protect|p2b: Crabominable\n|-singleturn|p2b: Crabominable|Protect\n|move|p1b: Sneasler|Fake Out|p2b: Crabominable\n|-activate|p2b: Crabominable|move: Protect\n|move|p1a: Archaludon|Flash Cannon|p2a: Mimikyu\n|-activate|p2a: Mimikyu|ability: Disguise\n|-damage|p2a: Mimikyu|100/100\n|-unboost|p2a: Mimikyu|spd|1\n|detailschange|p2a: Mimikyu|Mimikyu-Busted, L50, M\n|-damage|p2a: Mimikyu|88/100|[from] pokemon: Mimikyu-Busted\n|move|p2a: Mimikyu|Trick Room|p2a: Mimikyu\n|-fieldstart|move: Trick Room|[of] p2a: Mimikyu\n|\n|upkeep\n|turn|2\n|inactive|espaciohilbertiano has 30 seconds left.\n|inactive|RazzvyBerry has 30 seconds left.\n|inactive|RazzvyBerry has 20 seconds left.\n|inactive|espaciohilbertiano has 20 seconds left.\n|inactive|RazzvyBerry has 15 seconds left.\n|inactive|espaciohilbertiano has 15 seconds left.\n|inactive|RazzvyBerry has 10 seconds left.\n|inactive|RazzvyBerry has 5 seconds left.\n|\n|t:|1776333475\n|switch|p1a: Basculegion|Basculegion, L50, M|100/100\n|switch|p1b: Pelipper|Pelipper, L50, M|100/100\n|-weather|RainDance|[from] ability: Drizzle|[of] p1b: Pelipper\n|detailschange|p2b: Crabominable|Crabominable-Mega, L50, F\n|-mega|p2b: Crabominable|Crabominable|Crabominite\n|move|p2b: Crabominable|Drain Punch|p1a: Basculegion\n|-immune|p1a: Basculegion\n|move|p2a: Mimikyu|Will-O-Wisp|p1b: Pelipper\n|-status|p1b: Pelipper|brn\n|\n|-weather|RainDance|[upkeep]\n|-damage|p1b: Pelipper|95/100 brn|[from] brn\n|upkeep\n|turn|3\n|\n|t:|1776333498\n|move|p2b: Crabominable|Knock Off|p1a: Basculegion\n|-supereffective|p1a: Basculegion|1\n|-damage|p1a: Basculegion|0 fnt\n|-enditem|p1a: Basculegion|Mystic Water|[from] move: Knock Off|[of] p2b: Crabominable\n|faint|p1a: Basculegion\n|move|p1b: Pelipper|Hurricane|p2b: Crabominable\n|-supereffective|p2b: Crabominable|1\n|-damage|p2b: Crabominable|41/100\n|move|p2a: Mimikyu|Will-O-Wisp|p1b: Pelipper|[miss]\n|-miss|p2a: Mimikyu|p1b: Pelipper\n|\n|-weather|RainDance|[upkeep]\n|-damage|p1b: Pelipper|89/100 brn|[from] brn\n|upkeep\n|\n|t:|1776333518\n|switch|p1a: Sneasler|Sneasler, L50, M|100/100\n|turn|4\n|\n|t:|1776333530\n|switch|p1a: Archaludon|Archaludon, L50, F|100/100\n|move|p2b: Crabominable|Protect|p2b: Crabominable\n|-singleturn|p2b: Crabominable|Protect\n|move|p1b: Pelipper|Hurricane|p2a: Mimikyu\n|-damage|p2a: Mimikyu|34/100\n|move|p2a: Mimikyu|Will-O-Wisp|p1a: Archaludon|[miss]\n|-miss|p2a: Mimikyu|p1a: Archaludon\n|\n|-weather|RainDance|[upkeep]\n|-damage|p1b: Pelipper|83/100 brn|[from] brn\n|upkeep\n|turn|5\n|inactive|RazzvyBerry has 30 seconds left.\n|\n|t:|1776333558\n|move|p1b: Pelipper|Protect|p1b: Pelipper\n|-singleturn|p1b: Pelipper|Protect\n|move|p1a: Archaludon|Protect|p1a: Archaludon\n|-singleturn|p1a: Archaludon|Protect\n|move|p2b: Crabominable|Ice Hammer|p1b: Pelipper\n|-activate|p1b: Pelipper|move: Protect\n|move|p2a: Mimikyu|Destiny Bond|p2a: Mimikyu\n|-singlemove|p2a: Mimikyu|Destiny Bond\n|\n|-weather|RainDance|[upkeep]\n|-damage|p1b: Pelipper|77/100 brn|[from] brn\n|-fieldend|move: Trick Room\n|upkeep\n|turn|6\n|\n|t:|1776333580\n|move|p2b: Crabominable|Protect|p2b: Crabominable\n|-singleturn|p2b: Crabominable|Protect\n|move|p1a: Archaludon|Flash Cannon|p2b: Crabominable\n|-activate|p2b: Crabominable|move: Protect\n|move|p1b: Pelipper|Hurricane|p2a: Mimikyu\n|-damage|p2a: Mimikyu|0 fnt\n|faint|p2a: Mimikyu\n|-activate|p2a: Mimikyu|move: Destiny Bond\n|faint|p1b: Pelipper\n|\n|-weather|none\n|upkeep\n|inactive|RazzvyBerry has 30 seconds left.\n|inactive|RazzvyBerry has 20 seconds left.\n|\n|t:|1776333616\n|switch|p2a: Ninetales|Ninetales-Alola, L50, M|100/100\n|switch|p1b: Sneasler|Sneasler, L50, M|100/100\n|-weather|Snowscape|[from] ability: Snow Warning|[of] p2a: Ninetales\n|turn|7\n|inactive|RazzvyBerry has 30 seconds left.\n|\n|t:|1776333644\n|move|p1b: Sneasler|Fake Out|p2a: Ninetales\n|-damage|p2a: Ninetales|87/100\n|cant|p2a: Ninetales|flinch\n|move|p1a: Archaludon|Flash Cannon|p2b: Crabominable\n|-supereffective|p2b: Crabominable|1\n|-damage|p2b: Crabominable|0 fnt\n|faint|p2b: Crabominable\n|\n|-weather|Snowscape|[upkeep]\n|upkeep\n|\n|t:|1776333650\n|switch|p2b: Incineroar|Incineroar, L50, M|100/100\n|-ability|p2b: Incineroar|Intimidate|boost\n|-unboost|p1a: Archaludon|atk|1\n|-unboost|p1b: Sneasler|atk|1\n|-enditem|p1b: Sneasler|White Herb\n|-clearnegativeboost|p1b: Sneasler|[silent]\n|turn|8\n|\n|t:|1776333675\n|move|p1b: Sneasler|Protect|p1b: Sneasler\n|-singleturn|p1b: Sneasler|Protect\n|move|p2b: Incineroar|Fake Out|p1b: Sneasler\n|-activate|p1b: Sneasler|move: Protect\n|move|p2a: Ninetales|Blizzard|p1b: Sneasler|[spread] p1a\n|-activate|p1b: Sneasler|move: Protect\n|-crit|p1a: Archaludon\n|-damage|p1a: Archaludon|64/100\n|-ability|p1a: Archaludon|Stamina|boost\n|-boost|p1a: Archaludon|def|1\n|move|p1a: Archaludon|Flash Cannon|p2a: Ninetales\n|-supereffective|p2a: Ninetales|2\n|-damage|p2a: Ninetales|0 fnt\n|faint|p2a: Ninetales\n|\n|-weather|Snowscape|[upkeep]\n|-heal|p1a: Archaludon|70/100|[from] item: Leftovers\n|upkeep\n|turn|9\n|\n|t:|1776333696\n|move|p1b: Sneasler|Close Combat|p2b: Incineroar\n|-supereffective|p2b: Incineroar|1\n|-enditem|p2b: Incineroar|Chople Berry|[eat]\n|-enditem|p2b: Incineroar|Chople Berry|[weaken]\n|-damage|p2b: Incineroar|37/100\n|-unboost|p1b: Sneasler|def|1\n|-unboost|p1b: Sneasler|spd|1\n|move|p1a: Archaludon|Draco Meteor|p2b: Incineroar\n|-damage|p2b: Incineroar|0 fnt\n|-unboost|p1a: Archaludon|spa|2\n|faint|p2b: Incineroar\n|\n|win|espaciohilbertiano\n|raw|espaciohilbertiano's rating: 1084 &rarr; <strong>1118</strong><br />(+34 for winning)\n|raw|RazzvyBerry's rating: 1175 &rarr; <strong>1144</strong><br />(-31 for losing)\n",
  "uploadtime": 1776333699,
  "views": 25,
  "formatid": "gen9championsvgc2026regma",
  "rating": 1118,
  "private": 0,
  "password": null
}