{
  "id": "gen9championsvgc2026regma-2587545829",
  "format": "[Gen 9 Champions] VGC 2026 Reg M-A",
  "players": [
    "Lolligaggery",
    "ub student"
  ],
  "log": "|j|\u2606Lolligaggery\n|j|\u2606ub student\n|t:|1776541072\n|gametype|doubles\n|player|p1|Lolligaggery|pokemaniac|1501\n|player|p2|ub student|101|1505\n|gen|9\n|tier|[Gen 9 Champions] VGC 2026 Reg M-A\n|rated|\n|rule|Species Clause: Limit one of each Pok\u00e9mon\n|rule|Item Clause: Limit 1 of each item\n|clearpoke\n|poke|p1|Hydreigon, L50, M|\n|poke|p1|Garchomp, L50, F|\n|poke|p1|Rotom-Wash, L50|\n|poke|p1|Excadrill, L50, M|\n|poke|p1|Tyranitar, L50, M, shiny|\n|poke|p1|Milotic, L50, F|\n|poke|p2|Floette-Eternal, L50, F|\n|poke|p2|Talonflame, L50, M|\n|poke|p2|Basculegion, L50, M|\n|poke|p2|Garchomp, L50, M|\n|poke|p2|Rotom-Wash, L50|\n|poke|p2|Kingambit, L50, M|\n|teampreview|4\n|inactive|Battle timer is ON: inactive players will automatically lose when time's up. (requested by ub student)\n|inactive|Lolligaggery has 60 seconds left.\n|\n|t:|1776541110\n|teamsize|p1|4\n|teamsize|p2|4\n|start\n|switch|p1a: Excadrill|Excadrill, L50, M|100/100\n|switch|p1b: Tyranitar|Tyranitar, L50, M, shiny|100/100\n|switch|p2a: Talonflame|Talonflame, L50, M|100/100\n|switch|p2b: Basculegion|Basculegion, L50, M|100/100\n|-weather|Sandstorm|[from] ability: Sand Stream|[of] p1b: Tyranitar\n|turn|1\n|j| Meh Decisions\n|\n|t:|1776541131\n|switch|p1b: Rotom|Rotom-Wash, L50|100/100\n|move|p2a: Talonflame|Tailwind|p2a: Talonflame\n|-sidestart|p2: ub student|move: Tailwind\n|move|p2b: Basculegion|Wave Crash|p1a: Excadrill\n|-supereffective|p1a: Excadrill|1\n|-enditem|p1a: Excadrill|Focus Sash\n|-damage|p1a: Excadrill|1/100\n|-damage|p2b: Basculegion|69/100|[from] Recoil\n|move|p1a: Excadrill|Rock Slide|p2b: Basculegion|[spread] p2a,p2b\n|-supereffective|p2a: Talonflame|2\n|-enditem|p2a: Talonflame|Focus Sash\n|-damage|p2a: Talonflame|1/100\n|-damage|p2b: Basculegion|38/100\n|\n|-weather|Sandstorm|[upkeep]\n|-damage|p2b: Basculegion|32/100|[from] Sandstorm\n|-damage|p2a: Talonflame|0 fnt|[from] Sandstorm\n|-damage|p1b: Rotom|95/100|[from] Sandstorm\n|faint|p2a: Talonflame\n|upkeep\n|\n|t:|1776541143\n|switch|p2a: Floette|Floette-Eternal, L50, F|100/100\n|turn|2\n|\n|t:|1776541168\n|detailschange|p2a: Floette|Floette-Mega, L50, F\n|-mega|p2a: Floette|Floette|Floettite\n|-ability|p2a: Floette|Fairy Aura\n|move|p1a: Excadrill|Protect|p1a: Excadrill\n|-singleturn|p1a: Excadrill|Protect\n|move|p2b: Basculegion|Wave Crash|p1a: Excadrill\n|-activate|p1a: Excadrill|move: Protect\n|move|p2a: Floette|Calm Mind|p2a: Floette\n|-boost|p2a: Floette|spa|1\n|-boost|p2a: Floette|spd|1\n|move|p1b: Rotom|Discharge|p2b: Basculegion|[spread] p2a,p2b\n|-activate|p1a: Excadrill|move: Protect\n|-supereffective|p2b: Basculegion|1\n|-damage|p2a: Floette|91/100\n|-damage|p2b: Basculegion|0 fnt\n|-status|p2a: Floette|par\n|faint|p2b: Basculegion\n|\n|-weather|Sandstorm|[upkeep]\n|-damage|p2a: Floette|84/100 par|[from] Sandstorm\n|-damage|p1b: Rotom|89/100|[from] Sandstorm\n|upkeep\n|\n|t:|1776541176\n|switch|p2b: Garchomp|Garchomp, L50, M|100/100\n|turn|3\n|\n|t:|1776541200\n|switch|p1a: Tyranitar|Tyranitar, L50, M, shiny|100/100\n|move|p2b: Garchomp|Dragon Claw|p1a: Tyranitar\n|-damage|p1a: Tyranitar|67/100\n|move|p2a: Floette|Moonblast|p1b: Rotom\n|-damage|p1b: Rotom|0 fnt\n|faint|p1b: Rotom\n|\n|-weather|Sandstorm|[upkeep]\n|-damage|p2a: Floette|78/100 par|[from] Sandstorm\n|upkeep\n|\n|t:|1776541224\n|switch|p1b: Milotic|Milotic, L50, F|100/100\n|turn|4\n|\n|t:|1776541240\n|move|p2b: Garchomp|Protect|p2b: Garchomp\n|-singleturn|p2b: Garchomp|Protect\n|move|p1a: Tyranitar|Protect|p1a: Tyranitar\n|-singleturn|p1a: Tyranitar|Protect\n|move|p2a: Floette|Dazzling Gleam|p1b: Milotic|[spread] p1b\n|-activate|p1a: Tyranitar|move: Protect\n|-damage|p1b: Milotic|63/100\n|move|p1b: Milotic|Ice Beam|p2b: Garchomp\n|-activate|p2b: Garchomp|move: Protect\n|\n|-weather|Sandstorm|[upkeep]\n|-damage|p2a: Floette|72/100 par|[from] Sandstorm\n|-damage|p1b: Milotic|57/100|[from] Sandstorm\n|-heal|p1b: Milotic|63/100|[from] item: Leftovers\n|-sideend|p2: ub student|move: Tailwind\n|upkeep\n|turn|5\n|\n|t:|1776541258\n|detailschange|p1a: Tyranitar|Tyranitar-Mega, L50, M, shiny\n|-mega|p1a: Tyranitar|Tyranitar|Tyranitarite\n|move|p2b: Garchomp|Earthquake|p1a: Tyranitar|[spread] p2a,p1a,p1b\n|-supereffective|p1a: Tyranitar|1\n|-damage|p2a: Floette|26/100 par\n|-damage|p1a: Tyranitar|14/100\n|-damage|p1b: Milotic|13/100\n|move|p1b: Milotic|Ice Beam|p2b: Garchomp\n|-supereffective|p2b: Garchomp|2\n|-damage|p2b: Garchomp|2/100\n|move|p1a: Tyranitar|Rock Slide|p2a: Floette|[spread] p2a,p2b\n|-resisted|p2b: Garchomp|1\n|-damage|p2a: Floette|0 fnt\n|-damage|p2b: Garchomp|0 fnt\n|faint|p2a: Floette\n|faint|p2b: Garchomp\n|\n|win|Lolligaggery\n|raw|Lolligaggery's rating: 1501 &rarr; <strong>1521</strong><br />(+20 for winning)\n|raw|ub student's rating: 1505 &rarr; <strong>1485</strong><br />(-20 for losing)\n|l|\u2606Lolligaggery\n|player|p1|\n|l|\u2606ub student\n|player|p2|\n",
  "uploadtime": 1776541339,
  "views": 22,
  "formatid": "gen9championsvgc2026regma",
  "rating": 1485,
  "private": 0,
  "password": null
}