{
  "id": "gen9championsvgc2026regma-2584547604",
  "format": "[Gen 9 Champions] VGC 2026 Reg M-A",
  "players": [
    "ercandelotto",
    "thealex610"
  ],
  "log": "|j|\u203dercandelotto\n|j|\u2606thealex610\n|t:|1776267980\n|gametype|doubles\n|player|p1|ercandelotto|iris-gen5bw2|1080\n|player|p2|thealex610|101|1160\n|gen|9\n|tier|[Gen 9 Champions] VGC 2026 Reg M-A\n|rated|\n|rule|Species Clause: Limit one of each Pok\u00e9mon\n|rule|Item Clause: Limit 1 of each item\n|clearpoke\n|poke|p1|Floette-Eternal, L50, F|\n|poke|p1|Maushold, L50|\n|poke|p1|Garchomp, L50, M|\n|poke|p1|Talonflame, L50, M|\n|poke|p1|Rotom-Wash, L50|\n|poke|p1|Aegislash, L50, F|\n|poke|p2|Sneasler, L50, M|\n|poke|p2|Talonflame, L50, F|\n|poke|p2|Milotic, L50, F|\n|poke|p2|Aegislash, L50, F|\n|poke|p2|Scizor, L50, F|\n|poke|p2|Tyranitar, L50, F|\n|teampreview|4\n|inactive|Battle timer is ON: inactive players will automatically lose when time's up. (requested by ercandelotto)\n|\n|t:|1776268007\n|teamsize|p1|4\n|teamsize|p2|4\n|start\n|switch|p1a: Talonflame|Talonflame, L50, M|100/100\n|switch|p1b: Rotom|Rotom-Wash, L50|100/100\n|switch|p2a: Sneasler|Sneasler, L50, M|100/100\n|switch|p2b: Scizor|Scizor, L50, F, shiny|100/100\n|turn|1\n|\n|t:|1776268028\n|switch|p2b: Aegislash|Aegislash, L50, F|100/100\n|move|p1a: Talonflame|Protect|p1a: Talonflame\n|-singleturn|p1a: Talonflame|Protect\n|move|p2a: Sneasler|Fake Out|p1b: Rotom\n|-damage|p1b: Rotom|83/100\n|cant|p1b: Rotom|flinch\n|\n|upkeep\n|turn|2\n|\n|t:|1776268051\n|move|p2b: Aegislash|King's Shield|p2b: Aegislash\n|-singleturn|p2b: Aegislash|Protect\n|move|p1a: Talonflame|Tailwind|p1a: Talonflame\n|-sidestart|p1: ercandelotto|move: Tailwind\n|move|p1b: Rotom|Thunderbolt|p2a: Sneasler\n|-damage|p2a: Sneasler|44/100\n|move|p2a: Sneasler|Close Combat|p1b: Rotom\n|-damage|p1b: Rotom|10/100\n|-unboost|p2a: Sneasler|def|1\n|-unboost|p2a: Sneasler|spd|1\n|-enditem|p1b: Rotom|Sitrus Berry|[eat]\n|-heal|p1b: Rotom|35/100|[from] item: Sitrus Berry\n|-enditem|p2a: Sneasler|White Herb\n|-clearnegativeboost|p2a: Sneasler|[silent]\n|\n|upkeep\n|turn|3\n|inactive|thealex610 has 30 seconds left.\n|\n|t:|1776268076\n|move|p2a: Sneasler|Protect|p2a: Sneasler\n|-singleturn|p2a: Sneasler|Protect\n|move|p1a: Talonflame|Acrobatics|p2a: Sneasler\n|-activate|p2a: Sneasler|move: Protect\n|move|p1b: Rotom|Volt Switch|p2b: Aegislash\n|-damage|p2b: Aegislash|72/100\n|\n|t:|1776268085\n|switch|p1b: Garchomp|Garchomp, L50, M|100/100|[from] Volt Switch\n|-formechange|p2b: Aegislash|Aegislash-Blade|\n|move|p2b: Aegislash|Sacred Sword|p1b: Garchomp\n|-crit|p1b: Garchomp\n|-damage|p1b: Garchomp|52/100\n|-damage|p2b: Aegislash|60/100|[from] ability: Rough Skin|[of] p1b: Garchomp\n|\n|-heal|p2b: Aegislash|66/100|[from] item: Leftovers\n|upkeep\n|turn|4\n|inactive|ercandelotto has 30 seconds left.\n|\n|t:|1776268114\n|switch|p2a: Talonflame|Talonflame, L50, F|100/100\n|switch|p1b: Rotom|Rotom-Wash, L50|35/100\n|-formechange|p2b: Aegislash|Aegislash|\n|move|p2b: Aegislash|King's Shield|p2b: Aegislash\n|-singleturn|p2b: Aegislash|Protect\n|move|p1a: Talonflame|Acrobatics|p2a: Talonflame\n|-damage|p2a: Talonflame|43/100\n|\n|-heal|p2b: Aegislash|72/100|[from] item: Leftovers\n|upkeep\n|turn|5\n|inactive|thealex610 has 30 seconds left.\n|inactive|ercandelotto has 30 seconds left.\n|\n|t:|1776268148\n|move|p2a: Talonflame|Protect|p2a: Talonflame\n|-singleturn|p2a: Talonflame|Protect\n|move|p1a: Talonflame|Acrobatics|p2a: Talonflame\n|-activate|p2a: Talonflame|move: Protect\n|-formechange|p2b: Aegislash|Aegislash-Blade|\n|move|p2b: Aegislash|Shadow Sneak|p1a: Talonflame\n|-damage|p1a: Talonflame|68/100\n|move|p1b: Rotom|Thunderbolt|p2b: Aegislash\n|-damage|p2b: Aegislash|5/100\n|\n|-heal|p2b: Aegislash|11/100|[from] item: Leftovers\n|-sideend|p1: ercandelotto|move: Tailwind\n|upkeep\n|turn|6\n|inactive|thealex610 has 30 seconds left.\n|\n|t:|1776268174\n|move|p1a: Talonflame|Tailwind|p1a: Talonflame\n|-sidestart|p1: ercandelotto|move: Tailwind\n|move|p1b: Rotom|Volt Switch|p2a: Talonflame\n|-supereffective|p2a: Talonflame|1\n|-damage|p2a: Talonflame|0 fnt\n|faint|p2a: Talonflame\n|\n|t:|1776268180\n|switch|p1b: Aegislash|Aegislash, L50, F|100/100|[from] Volt Switch\n|move|p2b: Aegislash|Sacred Sword|p1b: Aegislash\n|-immune|p1b: Aegislash\n|\n|-heal|p2b: Aegislash|17/100|[from] item: Leftovers\n|upkeep\n|\n|t:|1776268191\n|switch|p2a: Scizor|Scizor, L50, F, shiny|100/100\n|turn|7\n|\n|t:|1776268202\n|detailschange|p2a: Scizor|Scizor-Mega, L50, F, shiny\n|-mega|p2a: Scizor|Scizor|Scizorite\n|-formechange|p2b: Aegislash|Aegislash|\n|move|p2b: Aegislash|King's Shield|p2b: Aegislash\n|-singleturn|p2b: Aegislash|Protect\n|-formechange|p1b: Aegislash|Aegislash-Blade|\n|move|p1b: Aegislash|Shadow Sneak|p2b: Aegislash\n|-activate|p2b: Aegislash|move: Protect\n|-unboost|p1b: Aegislash|atk|1\n|move|p1a: Talonflame|Flare Blitz|p2a: Scizor\n|-supereffective|p2a: Scizor|2\n|-damage|p2a: Scizor|0 fnt\n|faint|p2a: Scizor\n|-damage|p1a: Talonflame|35/100|[from] Recoil\n|\n|-heal|p2b: Aegislash|23/100|[from] item: Leftovers\n|upkeep\n|\n|t:|1776268220\n|switch|p2a: Sneasler|Sneasler, L50, M|44/100\n|turn|8\n|\n|t:|1776268237\n|move|p2a: Sneasler|Fake Out|p1a: Talonflame\n|-damage|p1a: Talonflame|11/100\n|move|p1b: Aegislash|Shadow Sneak|p2b: Aegislash\n|-supereffective|p2b: Aegislash|1\n|-damage|p2b: Aegislash|0 fnt\n|faint|p2b: Aegislash\n|cant|p1a: Talonflame|flinch\n|\n|upkeep\n|turn|9\n|\n|t:|1776268248\n|move|p1a: Talonflame|Acrobatics|p2a: Sneasler\n|-supereffective|p2a: Sneasler|1\n|-damage|p2a: Sneasler|0 fnt\n|faint|p2a: Sneasler\n|\n|win|ercandelotto\n|raw|ercandelotto's rating: 1080 &rarr; <strong>1114</strong><br />(+34 for winning)\n|raw|thealex610's rating: 1160 &rarr; <strong>1129</strong><br />(-31 for losing)\n",
  "uploadtime": 1776268255,
  "views": 25,
  "formatid": "gen9championsvgc2026regma",
  "rating": 1114,
  "private": 0,
  "password": null
}