{
  "id": "gen9championsvgc2026regma-2580926432",
  "format": "[Gen 9 Champions] VGC 2026 Reg M-A",
  "players": [
    "idunnoagoodnam",
    "tauba"
  ],
  "log": "|j|\u2606idunnoagoodnam\n|j|\u2606tauba\n|t:|1775943945\n|gametype|doubles\n|player|p1|idunnoagoodnam|102|1081\n|player|p2|tauba|falkner|1114\n|gen|9\n|tier|[Gen 9 Champions] VGC 2026 Reg M-A\n|rated|\n|rule|Species Clause: Limit one of each Pok\u00e9mon\n|rule|Item Clause: Limit 1 of each item\n|clearpoke\n|poke|p1|Glimmora, L50, F|\n|poke|p1|Whimsicott, L50, F|\n|poke|p1|Basculegion, L50, M|\n|poke|p1|Incineroar, L50, F|\n|poke|p1|Gallade, L50, M|\n|poke|p1|Floette-Eternal, L50, F|\n|poke|p2|Politoed, L50, M|\n|poke|p2|Dragonite, L50, M|\n|poke|p2|Basculegion, L50, M|\n|poke|p2|Archaludon, L50, M|\n|poke|p2|Sneasler, L50, M|\n|poke|p2|Sinistcha, L50|\n|teampreview|4\n|inactive|Battle timer is ON: inactive players will automatically lose when time's up. (requested by tauba)\n|\n|t:|1775943960\n|teamsize|p1|4\n|teamsize|p2|4\n|start\n|switch|p1a: Whimsicott|Whimsicott, L50, F|100/100\n|switch|p1b: Gallade|Gallade, L50, M, shiny|100/100\n|switch|p2a: Sneasler|Sneasler, L50, M, shiny|100/100\n|switch|p2b: Sinistcha|Sinistcha, L50, shiny|100/100\n|turn|1\n|\n|t:|1775943981\n|move|p1a: Whimsicott|Protect|p1a: Whimsicott\n|-singleturn|p1a: Whimsicott|Protect\n|move|p1b: Gallade|Protect|p1b: Gallade\n|-singleturn|p1b: Gallade|Protect\n|move|p2a: Sneasler|Fake Out|p1a: Whimsicott\n|-activate|p1a: Whimsicott|move: Protect\n|move|p2b: Sinistcha|Life Dew||[still]|[still]|[spread] \n|-fail|p2a: Sneasler|heal\n|-fail|p2b: Sinistcha|heal\n|\n|upkeep\n|turn|2\n|\n|t:|1775943996\n|move|p2b: Sinistcha|Rage Powder|p2b: Sinistcha\n|-singleturn|p2b: Sinistcha|move: Rage Powder\n|move|p1a: Whimsicott|Tailwind|p1a: Whimsicott\n|-sidestart|p1: idunnoagoodnam|move: Tailwind\n|move|p1b: Gallade|Psycho Cut|p2b: Sinistcha\n|-crit|p2b: Sinistcha\n|-damage|p2b: Sinistcha|19/100\n|-enditem|p2b: Sinistcha|Sitrus Berry|[eat]\n|-heal|p2b: Sinistcha|43/100|[from] item: Sitrus Berry\n|move|p2a: Sneasler|Dire Claw|p1a: Whimsicott\n|-supereffective|p1a: Whimsicott|2\n|-enditem|p1a: Whimsicott|Focus Sash\n|-damage|p1a: Whimsicott|1/100\n|-status|p1a: Whimsicott|par\n|\n|upkeep\n|turn|3\n|inactive|idunnoagoodnam has 30 seconds left.\n|inactive|idunnoagoodnam has 20 seconds left.\n|\n|t:|1775944034\n|move|p1b: Gallade|Psycho Cut|p2b: Sinistcha\n|-damage|p2b: Sinistcha|0 fnt\n|faint|p2b: Sinistcha\n|move|p2a: Sneasler|Dire Claw|p1a: Whimsicott\n|-supereffective|p1a: Whimsicott|2\n|-damage|p1a: Whimsicott|0 fnt\n|faint|p1a: Whimsicott\n|\n|upkeep\n|\n|t:|1775944047\n|switch|p1a: Basculegion|Basculegion, L50, M|100/100\n|switch|p2b: Politoed|Politoed, L50, M, shiny|100/100\n|-weather|RainDance|[from] ability: Drizzle|[of] p2b: Politoed\n|turn|4\n|\n|t:|1775944061\n|switch|p2a: Dragonite|Dragonite, L50, M, shiny|100/100\n|move|p2b: Politoed|Protect|p2b: Politoed\n|-singleturn|p2b: Politoed|Protect\n|move|p1a: Basculegion|Wave Crash|p2a: Dragonite\n|-resisted|p2a: Dragonite|1\n|-damage|p2a: Dragonite|68/100\n|-damage|p1a: Basculegion|91/100|[from] Recoil\n|move|p1b: Gallade|Psycho Cut|p2a: Dragonite\n|-damage|p2a: Dragonite|1/100\n|\n|-weather|RainDance|[upkeep]\n|upkeep\n|turn|5\n|\n|t:|1775944077\n|detailschange|p2a: Dragonite|Dragonite-Mega, L50, M, shiny\n|-mega|p2a: Dragonite|Dragonite|Dragoninite\n|move|p2a: Dragonite|Protect|p2a: Dragonite\n|-singleturn|p2a: Dragonite|Protect\n|move|p1a: Basculegion|Wave Crash|p2a: Dragonite\n|-activate|p2a: Dragonite|move: Protect\n|move|p1b: Gallade|Sacred Sword|p2b: Politoed\n|-damage|p2b: Politoed|16/100\n|move|p2b: Politoed|Weather Ball|p1b: Gallade\n|-damage|p1b: Gallade|54/100\n|\n|-weather|RainDance|[upkeep]\n|-heal|p2b: Politoed|22/100|[from] item: Leftovers\n|-sideend|p1: idunnoagoodnam|move: Tailwind\n|upkeep\n|turn|6\n|\n|t:|1775944090\n|switch|p2a: Sneasler|Sneasler, L50, M, shiny|100/100\n|move|p2b: Politoed|Protect|p2b: Politoed\n|-singleturn|p2b: Politoed|Protect\n|move|p1a: Basculegion|Wave Crash|p2a: Sneasler\n|-enditem|p2a: Sneasler|Focus Sash\n|-damage|p2a: Sneasler|1/100\n|-damage|p1a: Basculegion|65/100|[from] Recoil\n|move|p1b: Gallade|Sacred Sword|p2b: Politoed\n|-activate|p2b: Politoed|move: Protect\n|\n|-weather|RainDance|[upkeep]\n|-heal|p2b: Politoed|29/100|[from] item: Leftovers\n|upkeep\n|turn|7\n|\n|t:|1775944105\n|move|p1b: Gallade|Protect|p1b: Gallade\n|-singleturn|p1b: Gallade|Protect\n|move|p2a: Sneasler|Fake Out|p1b: Gallade\n|-activate|p1b: Gallade|move: Protect\n|move|p1a: Basculegion|Wave Crash|p2a: Sneasler\n|-damage|p2a: Sneasler|0 fnt\n|faint|p2a: Sneasler\n|-damage|p1a: Basculegion|65/100|[from] Recoil\n|move|p2b: Politoed|Weather Ball|p1b: Gallade\n|-activate|p1b: Gallade|move: Protect\n|\n|-weather|RainDance|[upkeep]\n|-heal|p2b: Politoed|35/100|[from] item: Leftovers\n|upkeep\n|-message|tauba forfeited.\n|\n|win|idunnoagoodnam\n|raw|idunnoagoodnam's rating: 1081 &rarr; <strong>1111</strong><br />(+30 for winning)\n|raw|tauba's rating: 1114 &rarr; <strong>1087</strong><br />(-27 for losing)\n|l|\u2606tauba\n|player|p2|\n",
  "uploadtime": 1775944114,
  "views": 11,
  "formatid": "gen9championsvgc2026regma",
  "rating": 1087,
  "private": 0,
  "password": null
}