{
  "id": "gen9championsvgc2026regma-2588582644",
  "format": "[Gen 9 Champions] VGC 2026 Reg M-A",
  "players": [
    "saint130105",
    "Vitalis24"
  ],
  "log": "|j|\u2606saint130105\n|j|\u2606Vitalis24\n|t:|1776647205\n|gametype|doubles\n|player|p1|saint130105|steven|1208\n|player|p2|Vitalis24|crasherwake|1192\n|gen|9\n|tier|[Gen 9 Champions] VGC 2026 Reg M-A\n|rated|\n|rule|Species Clause: Limit one of each Pok\u00e9mon\n|rule|Item Clause: Limit 1 of each item\n|clearpoke\n|poke|p1|Chesnaught, L50, M|\n|poke|p1|Archaludon, L50, F|\n|poke|p1|Pelipper, L50, F|\n|poke|p1|Basculegion, L50, M|\n|poke|p1|Kingambit, L50, F, shiny|\n|poke|p1|Sinistcha-Masterpiece, L50|\n|poke|p2|Manectric, L50, F|\n|poke|p2|Kingambit, L50, F|\n|poke|p2|Hatterene, L50, F|\n|poke|p2|Decidueye-Hisui, L50, M|\n|poke|p2|Pelipper, L50, F|\n|poke|p2|Basculegion, L50, M|\n|teampreview|4\n|inactive|Battle timer is ON: inactive players will automatically lose when time's up. (requested by saint130105)\n|inactive|Vitalis24 has 60 seconds left.\n|inactive|Vitalis24 has 30 seconds left.\n|inactive|Vitalis24 has 20 seconds left.\n|inactive|Vitalis24 has 15 seconds left.\n|inactive|Vitalis24 has 10 seconds left.\n|\n|t:|1776647290\n|teamsize|p1|4\n|teamsize|p2|4\n|start\n|switch|p1a: Basculegion|Basculegion, L50, M|100/100\n|switch|p1b: Archaludon|Archaludon, L50, F|100/100\n|switch|p2a: Manectric|Manectric, L50, F|100/100\n|switch|p2b: Kingambit|Kingambit, L50, F|100/100\n|turn|1\n|inactive|saint130105 has 30 seconds left.\n|inactive|Vitalis24 has 30 seconds left.\n|inactive|saint130105 has 20 seconds left.\n|inactive|saint130105 has 15 seconds left.\n|inactive|saint130105 has 10 seconds left.\n|inactive|saint130105 has 5 seconds left.\n|\n|t:|1776647340\n|switch|p2a: Decidueye|Decidueye-Hisui, L50, M|100/100\n|switch|p1b: Pelipper|Pelipper, L50, F|100/100\n|-weather|RainDance|[from] ability: Drizzle|[of] p1b: Pelipper\n|move|p2b: Kingambit|Sucker Punch|p1a: Basculegion\n|-supereffective|p1a: Basculegion|1\n|-damage|p1a: Basculegion|0 fnt\n|faint|p1a: Basculegion\n|\n|-weather|RainDance|[upkeep]\n|upkeep\n|\n|t:|1776647351\n|switch|p1a: Chesnaught|Chesnaught, L50, M|100/100\n|turn|2\n|inactive|saint130105 has 30 seconds left.\n|\n|t:|1776647376\n|detailschange|p1a: Chesnaught|Chesnaught-Mega, L50, M\n|-mega|p1a: Chesnaught|Chesnaught|Chesnaughtite\n|move|p2a: Decidueye|Protect|p2a: Decidueye\n|-singleturn|p2a: Decidueye|Protect\n|move|p2b: Kingambit|Sucker Punch|p1b: Pelipper\n|-damage|p1b: Pelipper|34/100\n|move|p1b: Pelipper|Hurricane|p2a: Decidueye\n|-activate|p2a: Decidueye|move: Protect\n|move|p1a: Chesnaught|Body Press|p2b: Kingambit\n|-supereffective|p2b: Kingambit|2\n|-damage|p2b: Kingambit|0 fnt\n|faint|p2b: Kingambit\n|\n|-weather|RainDance|[upkeep]\n|upkeep\n|inactive|Vitalis24 has 30 seconds left.\n|\n|t:|1776647409\n|switch|p2b: Hatterene|Hatterene, L50, F|100/100\n|turn|3\n|inactive|saint130105 has 30 seconds left.\n|\n|t:|1776647442\n|switch|p2a: Manectric|Manectric, L50, F|100/100\n|move|p1b: Pelipper|Wide Guard|p1b: Pelipper\n|-singleturn|p1b: Pelipper|Wide Guard\n|move|p1a: Chesnaught|Leech Seed|p2b: Hatterene\n|move|p2b: Hatterene|Leech Seed|p1a: Chesnaught|[from] ability: Magic Bounce\n|-immune|p1a: Chesnaught\n|move|p2b: Hatterene|Psychic|p1a: Chesnaught\n|-supereffective|p1a: Chesnaught|1\n|-damage|p1a: Chesnaught|26/100\n|\n|-weather|RainDance|[upkeep]\n|upkeep\n|turn|4\n|\n|t:|1776647463\n|switch|p1a: Archaludon|Archaludon, L50, F|100/100\n|detailschange|p2a: Manectric|Manectric-Mega, L50, F\n|-mega|p2a: Manectric|Manectric|Manectite\n|-ability|p2a: Manectric|Intimidate|boost\n|-unboost|p1a: Archaludon|atk|1\n|-unboost|p1b: Pelipper|atk|1\n|move|p2a: Manectric|Thunder|p1b: Pelipper\n|-supereffective|p1b: Pelipper|2\n|-damage|p1b: Pelipper|0 fnt\n|faint|p1b: Pelipper\n|move|p2b: Hatterene|Psychic|p1a: Archaludon\n|-resisted|p1a: Archaludon|1\n|-damage|p1a: Archaludon|72/100\n|-ability|p1a: Archaludon|Stamina|boost\n|-boost|p1a: Archaludon|def|1\n|\n|-weather|RainDance|[upkeep]\n|upkeep\n|\n|t:|1776647475\n|switch|p1b: Chesnaught|Chesnaught-Mega, L50, M|26/100\n|turn|5\n|inactive|saint130105 has 30 seconds left.\n|inactive|Vitalis24 has 30 seconds left.\n|\n|t:|1776647503\n|move|p1b: Chesnaught|Spiky Shield|p1b: Chesnaught\n|-singleturn|p1b: Chesnaught|move: Protect\n|move|p2a: Manectric|Thunder|p1a: Archaludon\n|-resisted|p1a: Archaludon|1\n|-damage|p1a: Archaludon|42/100\n|-ability|p1a: Archaludon|Stamina|boost\n|-boost|p1a: Archaludon|def|1\n|move|p1a: Archaludon|Flash Cannon|p2b: Hatterene\n|-supereffective|p2b: Hatterene|1\n|-damage|p2b: Hatterene|13/100\n|-enditem|p2b: Hatterene|Sitrus Berry|[eat]\n|-heal|p2b: Hatterene|38/100|[from] item: Sitrus Berry\n|move|p2b: Hatterene|Dazzling Gleam|p1a: Archaludon|[spread] p1a\n|-activate|p1b: Chesnaught|move: Protect\n|-damage|p1a: Archaludon|4/100\n|-ability|p1a: Archaludon|Stamina|boost\n|-boost|p1a: Archaludon|def|1\n|\n|-weather|none\n|upkeep\n|turn|6\n|inactive|saint130105 has 30 seconds left.\n|\n|t:|1776647532\n|move|p2a: Manectric|Flamethrower|p1b: Chesnaught\n|-supereffective|p1b: Chesnaught|1\n|-damage|p1b: Chesnaught|0 fnt\n|faint|p1b: Chesnaught\n|move|p1a: Archaludon|Flash Cannon|p2b: Hatterene\n|-supereffective|p2b: Hatterene|1\n|-damage|p2b: Hatterene|0 fnt\n|faint|p2b: Hatterene\n|\n|upkeep\n|-message|saint130105 forfeited.\n|\n|win|Vitalis24\n|raw|saint130105's rating: 1208 &rarr; <strong>1182</strong><br />(-26 for losing)\n|raw|Vitalis24's rating: 1192 &rarr; <strong>1218</strong><br />(+26 for winning)\n|l|\u2606saint130105\n|player|p1|\n",
  "uploadtime": 1776647554,
  "views": 7,
  "formatid": "gen9championsvgc2026regma",
  "rating": 1182,
  "private": 0,
  "password": null
}