{
  "id": "gen9championsvgc2026regma-2583601798",
  "format": "[Gen 9 Champions] VGC 2026 Reg M-A",
  "players": [
    "hanenwang",
    "Mavtato"
  ],
  "log": "|j|\u2606hanenwang\n|j|\u2606Mavtato\n|t:|1776185868\n|gametype|doubles\n|player|p1|hanenwang|twins-gen4dp|1082\n|player|p2|Mavtato|1|1087\n|gen|9\n|tier|[Gen 9 Champions] VGC 2026 Reg M-A\n|rated|\n|rule|Species Clause: Limit one of each Pok\u00e9mon\n|rule|Item Clause: Limit 1 of each item\n|clearpoke\n|poke|p1|Gengar, L50, M|\n|poke|p1|Incineroar, L50, F|\n|poke|p1|Clefable, L50, M|\n|poke|p1|Vivillon, L50, F|\n|poke|p1|Aegislash, L50, F|\n|poke|p1|Slowking, L50, M|\n|poke|p2|Kangaskhan, L50, F|\n|poke|p2|Whimsicott, L50, F|\n|poke|p2|Sinistcha, L50|\n|poke|p2|Klefki, L50, M|\n|poke|p2|Arcanine, L50, M|\n|poke|p2|Garchomp, L50, F|\n|teampreview|4\n|\n|t:|1776185907\n|teamsize|p1|4\n|teamsize|p2|4\n|start\n|switch|p1a: Gengar|Gengar, L50, M|100/100\n|switch|p1b: Incineroar|Incineroar, L50, F|100/100\n|switch|p2a: Klefki|Klefki, L50, M|100/100\n|switch|p2b: Sinistcha|Sinistcha, L50|100/100\n|-ability|p1b: Incineroar|Intimidate|boost\n|-unboost|p2a: Klefki|atk|1\n|-unboost|p2b: Sinistcha|atk|1\n|turn|1\n|inactive|Battle timer is ON: inactive players will automatically lose when time's up. (requested by Mavtato)\n|\n|t:|1776185940\n|detailschange|p1a: Gengar|Gengar-Mega, L50, M\n|-mega|p1a: Gengar|Gengar|Gengarite\n|move|p1b: Incineroar|Fake Out|p2a: Klefki\n|-resisted|p2a: Klefki|1\n|-damage|p2a: Klefki|95/100\n|cant|p2a: Klefki|flinch\n|move|p1a: Gengar|Shadow Ball|p2b: Sinistcha\n|-supereffective|p2b: Sinistcha|1\n|-enditem|p2b: Sinistcha|Kasib Berry|[eat]\n|-enditem|p2b: Sinistcha|Kasib Berry|[weaken]\n|-damage|p2b: Sinistcha|48/100\n|move|p2b: Sinistcha|Shadow Ball|p1a: Gengar\n|-supereffective|p1a: Gengar|1\n|-damage|p1a: Gengar|2/100\n|-unboost|p1a: Gengar|spd|1\n|\n|-heal|p2a: Klefki|100/100|[from] item: Leftovers\n|upkeep\n|turn|2\n|inactive|hanenwang has 30 seconds left.\n|inactive|Mavtato has 30 seconds left.\n|inactive|Mavtato has 20 seconds left.\n|inactive|Mavtato has 15 seconds left.\n|\n|t:|1776185985\n|move|p2a: Klefki|Light Screen|p2a: Klefki\n|-sidestart|p2: Mavtato|move: Light Screen\n|move|p1a: Gengar|Shadow Ball|p2b: Sinistcha\n|-supereffective|p2b: Sinistcha|1\n|-damage|p2b: Sinistcha|0 fnt\n|faint|p2b: Sinistcha\n|move|p1b: Incineroar|Parting Shot|p2a: Klefki\n|-unboost|p2a: Klefki|atk|1\n|-unboost|p2a: Klefki|spa|1\n|\n|t:|1776185997\n|switch|p1b: Aegislash|Aegislash, L50, F|100/100|[from] Parting Shot\n|\n|upkeep\n|\n|t:|1776186003\n|switch|p2b: Garchomp|Garchomp, L50, F|100/100\n|turn|3\n|\n|t:|1776186016\n|move|p1b: Aegislash|Wide Guard|p1b: Aegislash\n|-singleturn|p1b: Aegislash|Wide Guard\n|move|p2a: Klefki|Reflect|p2a: Klefki\n|-sidestart|p2: Mavtato|Reflect\n|move|p2b: Garchomp|Earthquake|p1a: Gengar|[spread] p2a\n|-activate|p1a: Gengar|move: Wide Guard\n|-activate|p1b: Aegislash|move: Wide Guard\n|-supereffective|p2a: Klefki|1\n|-damage|p2a: Klefki|41/100\n|move|p1a: Gengar|Perish Song|p1a: Gengar\n|-start|p1a: Gengar|perish3|[silent]\n|-start|p1b: Aegislash|perish3|[silent]\n|-start|p2a: Klefki|perish3|[silent]\n|-start|p2b: Garchomp|perish3|[silent]\n|-fieldactivate|move: Perish Song\n|\n|-heal|p2a: Klefki|47/100|[from] item: Leftovers\n|-start|p2b: Garchomp|perish3\n|-start|p1a: Gengar|perish3\n|-start|p2a: Klefki|perish3\n|-start|p1b: Aegislash|perish3\n|upkeep\n|turn|4\n|inactive|Mavtato has 30 seconds left.\n|c|\u2606hanenwang|perish.\n|\n|t:|1776186048\n|switch|p1b: Incineroar|Incineroar, L50, F|100/100\n|-ability|p1b: Incineroar|Intimidate|boost\n|-unboost|p2a: Klefki|atk|1\n|-unboost|p2b: Garchomp|atk|1\n|move|p1a: Gengar|Protect|p1a: Gengar\n|-singleturn|p1a: Gengar|Protect\n|move|p2b: Garchomp|Earthquake|p1a: Gengar|[spread] p2a,p1b\n|-activate|p1a: Gengar|move: Protect\n|-supereffective|p2a: Klefki|1\n|-supereffective|p1b: Incineroar|1\n|-damage|p2a: Klefki|6/100\n|-damage|p1b: Incineroar|46/100\n|move|p2a: Klefki|Draining Kiss|p1a: Gengar\n|-activate|p1a: Gengar|move: Protect\n|\n|-heal|p2a: Klefki|12/100|[from] item: Leftovers\n|-start|p2b: Garchomp|perish2\n|-start|p1a: Gengar|perish2\n|-start|p2a: Klefki|perish2\n|upkeep\n|turn|5\n|inactive|Mavtato has 30 seconds left.\n|\n|t:|1776186074\n|switch|p1a: Slowking|Slowking, L50, M|100/100\n|move|p2b: Garchomp|Earthquake|p1a: Slowking|[spread] p2a,p1a,p1b\n|-supereffective|p2a: Klefki|1\n|-crit|p1a: Slowking\n|-supereffective|p1b: Incineroar|1\n|-damage|p2a: Klefki|0 fnt\n|-damage|p1a: Slowking|37/100\n|-damage|p1b: Incineroar|0 fnt\n|faint|p2a: Klefki\n|faint|p1b: Incineroar\n|\n|-start|p2b: Garchomp|perish1\n|upkeep\n|inactive|hanenwang has 30 seconds left.\n|\n|t:|1776186100\n|switch|p2a: Kangaskhan|Kangaskhan, L50, F|100/100\n|switch|p1b: Aegislash|Aegislash, L50, F|100/100\n|turn|6\n|\n|t:|1776186114\n|move|p2a: Kangaskhan|Protect|p2a: Kangaskhan\n|-singleturn|p2a: Kangaskhan|Protect\n|move|p1b: Aegislash|King's Shield|p1b: Aegislash\n|-singleturn|p1b: Aegislash|Protect\n|move|p2b: Garchomp|Earthquake|p1a: Slowking|[spread] p1a\n|-activate|p2a: Kangaskhan|move: Protect\n|-activate|p1b: Aegislash|move: Protect\n|-damage|p1a: Slowking|9/100\n|move|p1a: Slowking|Reflect|p1a: Slowking\n|-sidestart|p1: hanenwang|Reflect\n|\n|-start|p2b: Garchomp|perish0\n|faint|p2b: Garchomp\n|-sideend|p2: Mavtato|move: Light Screen\n|upkeep\n|turn|7\n|inactive|Mavtato has 30 seconds left.\n|\n|t:|1776186145\n|detailschange|p2a: Kangaskhan|Kangaskhan-Mega, L50, F\n|-mega|p2a: Kangaskhan|Kangaskhan|Kangaskhanite\n|move|p2a: Kangaskhan|Ice Punch|p1a: Slowking\n|-resisted|p1a: Slowking|1\n|-damage|p1a: Slowking|2/100\n|-resisted|p1a: Slowking|1\n|-damage|p1a: Slowking|0 fnt\n|faint|p1a: Slowking\n|-hitcount|p1: Slowking|2\n|-formechange|p1b: Aegislash|Aegislash-Blade|\n|move|p1b: Aegislash|Flash Cannon|p2a: Kangaskhan\n|-damage|p2a: Kangaskhan|64/100\n|\n|-sideend|p2: Mavtato|Reflect\n|upkeep\n|\n|t:|1776186152\n|switch|p1a: Gengar|Gengar-Mega, L50, M|2/100\n|turn|8\n|\n|t:|1776186161\n|-formechange|p1b: Aegislash|Aegislash|\n|move|p1b: Aegislash|King's Shield|p1b: Aegislash\n|-singleturn|p1b: Aegislash|Protect\n|move|p2a: Kangaskhan|Sucker Punch|p1a: Gengar\n|-supereffective|p1a: Gengar|1\n|-damage|p1a: Gengar|0 fnt\n|faint|p1a: Gengar\n|-hitcount|p1: Gengar|1\n|\n|upkeep\n|turn|9\n|\n|t:|1776186176\n|move|p2a: Kangaskhan|Sucker Punch|p1b: Aegislash\n|-supereffective|p1b: Aegislash|1\n|-damage|p1b: Aegislash|78/100\n|-supereffective|p1b: Aegislash|1\n|-damage|p1b: Aegislash|72/100\n|-hitcount|p1b: Aegislash|2\n|-formechange|p1b: Aegislash|Aegislash-Blade|\n|move|p1b: Aegislash|Flash Cannon|p2a: Kangaskhan\n|-damage|p2a: Kangaskhan|31/100\n|\n|-heal|p1b: Aegislash|78/100|[from] item: Leftovers\n|upkeep\n|turn|10\n|\n|t:|1776186188\n|-formechange|p1b: Aegislash|Aegislash|\n|move|p1b: Aegislash|King's Shield|p1b: Aegislash\n|-singleturn|p1b: Aegislash|Protect\n|move|p2a: Kangaskhan|Sucker Punch||[still]\n|-fail|p2a: Kangaskhan\n|\n|-heal|p1b: Aegislash|84/100|[from] item: Leftovers\n|-sideend|p1: hanenwang|Reflect\n|upkeep\n|turn|11\n|\n|t:|1776186199\n|move|p2a: Kangaskhan|Sucker Punch|p1b: Aegislash\n|-supereffective|p1b: Aegislash|1\n|-damage|p1b: Aegislash|48/100\n|-supereffective|p1b: Aegislash|1\n|-damage|p1b: Aegislash|39/100\n|-hitcount|p1b: Aegislash|2\n|-formechange|p1b: Aegislash|Aegislash-Blade|\n|move|p1b: Aegislash|Flash Cannon|p2a: Kangaskhan\n|-damage|p2a: Kangaskhan|0 fnt\n|faint|p2a: Kangaskhan\n|\n|win|hanenwang\n|raw|hanenwang's rating: 1082 &rarr; <strong>1110</strong><br />(+28 for winning)\n|raw|Mavtato's rating: 1087 &rarr; <strong>1064</strong><br />(-23 for losing)\n",
  "uploadtime": 1776186203,
  "views": 26,
  "formatid": "gen9championsvgc2026regma",
  "rating": 1064,
  "private": 0,
  "password": null
}