{
  "id": "gen9championsvgc2026regma-2585732701",
  "format": "[Gen 9 Champions] VGC 2026 Reg M-A",
  "players": [
    "Mingau_do_bom",
    "u lost da game"
  ],
  "log": "|j|\u2606Mingau_do_bom\n|j|\u2606u lost da game\n|t:|1776366796\n|gametype|doubles\n|player|p1|Mingau_do_bom|2|1179\n|player|p2|u lost da game|266|1116\n|gen|9\n|tier|[Gen 9 Champions] VGC 2026 Reg M-A\n|rated|\n|rule|Species Clause: Limit one of each Pok\u00e9mon\n|rule|Item Clause: Limit 1 of each item\n|clearpoke\n|poke|p1|Aggron, L50, F|\n|poke|p1|Tyranitar, L50, F|\n|poke|p1|Glimmora, L50, M|\n|poke|p1|Corviknight, L50, F|\n|poke|p1|Excadrill, L50, M|\n|poke|p1|Rotom-Wash, L50|\n|poke|p2|Gengar, L50, M|\n|poke|p2|Maushold-Four, L50|\n|poke|p2|Farigiraf, L50, M|\n|poke|p2|Dragonite, L50, M|\n|poke|p2|Basculegion, L50, M|\n|poke|p2|Ditto, L50|\n|teampreview|4\n|\n|t:|1776366827\n|teamsize|p1|4\n|teamsize|p2|4\n|start\n|switch|p1a: Tyranitar|Tyranitar, L50, F|100/100\n|switch|p1b: Aggron|Aggron, L50, F|100/100\n|switch|p2a: Mr Fish|Basculegion, L50, M|100/100\n|switch|p2b: Sin Perish|Gengar, L50, M|100/100\n|-weather|Sandstorm|[from] ability: Sand Stream|[of] p1a: Tyranitar\n|turn|1\n|\n|t:|1776366856\n|detailschange|p2b: Sin Perish|Gengar-Mega, L50, M\n|-mega|p2b: Sin Perish|Gengar|Gengarite\n|detailschange|p1b: Aggron|Aggron-Mega, L50, F\n|-mega|p1b: Aggron|Aggron|Aggronite\n|move|p2a: Mr Fish|Flip Turn|p1a: Tyranitar\n|-supereffective|p1a: Tyranitar|1\n|-damage|p1a: Tyranitar|36/100\n|\n|t:|1776366861\n|switch|p2a: Bousehold|Maushold-Four, L50|100/100|[from] Flip Turn\n|move|p2b: Sin Perish|Nasty Plot|p2b: Sin Perish\n|-boost|p2b: Sin Perish|spa|2\n|move|p1a: Tyranitar|Knock Off|p2a: Bousehold\n|-damage|p2a: Bousehold|21/100\n|-enditem|p2a: Bousehold|Focus Sash|[from] move: Knock Off|[of] p1a: Tyranitar\n|move|p1b: Aggron|Heavy Slam|p2b: Sin Perish\n|-damage|p2b: Sin Perish|43/100\n|\n|-weather|Sandstorm|[upkeep]\n|-damage|p2b: Sin Perish|37/100|[from] Sandstorm\n|-damage|p2a: Bousehold|15/100|[from] Sandstorm\n|upkeep\n|turn|2\n|\n|t:|1776366881\n|move|p1b: Aggron|Protect|p1b: Aggron\n|-singleturn|p1b: Aggron|Protect\n|move|p2b: Sin Perish|Shadow Ball|p1b: Aggron\n|-activate|p1b: Aggron|move: Protect\n|move|p2a: Bousehold|Low Kick|p1a: Tyranitar\n|-supereffective|p1a: Tyranitar|2\n|-damage|p1a: Tyranitar|0 fnt\n|faint|p1a: Tyranitar\n|\n|-weather|Sandstorm|[upkeep]\n|-damage|p2b: Sin Perish|31/100|[from] Sandstorm\n|-damage|p2a: Bousehold|9/100|[from] Sandstorm\n|upkeep\n|\n|t:|1776366894\n|switch|p1a: Excadrill|Excadrill, L50, M|100/100\n|turn|3\n|\n|t:|1776366900\n|switch|p2a: McDonald's Worker|Dragonite, L50, M|100/100\n|move|p2b: Sin Perish|Protect|p2b: Sin Perish\n|-singleturn|p2b: Sin Perish|Protect\n|move|p1b: Aggron|Protect||[still]\n|-fail|p1b: Aggron\n|move|p1a: Excadrill|Earthquake|p2a: McDonald's Worker|[spread] p1b\n|-activate|p2b: Sin Perish|move: Protect\n|-immune|p2a: McDonald's Worker\n|-supereffective|p1b: Aggron|1\n|-crit|p1b: Aggron\n|-damage|p1b: Aggron|49/100\n|\n|-weather|Sandstorm|[upkeep]\n|-damage|p2b: Sin Perish|25/100|[from] Sandstorm\n|-damage|p2a: McDonald's Worker|94/100|[from] Sandstorm\n|-heal|p2a: McDonald's Worker|100/100|[from] item: Leftovers\n|upkeep\n|turn|4\n|\n|t:|1776366921\n|switch|p2b: Bousehold|Maushold-Four, L50|9/100\n|move|p1a: Excadrill|Rock Slide|p2b: Bousehold|[spread] p2a,p2b\n|-supereffective|p2a: McDonald's Worker|1\n|-damage|p2a: McDonald's Worker|68/100\n|-damage|p2b: Bousehold|0 fnt\n|faint|p2b: Bousehold\n|move|p2a: McDonald's Worker|Tailwind|p2a: McDonald's Worker\n|-sidestart|p2: u lost da game|move: Tailwind\n|move|p1b: Aggron|Heavy Slam|p2a: McDonald's Worker\n|-damage|p2a: McDonald's Worker|49/100\n|\n|-weather|Sandstorm|[upkeep]\n|-damage|p2a: McDonald's Worker|43/100|[from] Sandstorm\n|-heal|p2a: McDonald's Worker|49/100|[from] item: Leftovers\n|upkeep\n|\n|t:|1776366932\n|switch|p2b: Mr Fish|Basculegion, L50, M|100/100\n|turn|5\n|\n|t:|1776366954\n|switch|p1a: Rotom|Rotom-Wash, L50|100/100\n|move|p1b: Aggron|Protect|p1b: Aggron\n|-singleturn|p1b: Aggron|Protect\n|move|p2b: Mr Fish|Wave Crash|p1a: Rotom\n|-resisted|p1a: Rotom|1\n|-damage|p1a: Rotom|66/100\n|-damage|p2b: Mr Fish|92/100|[from] Recoil\n|move|p2a: McDonald's Worker|Breaking Swipe|p1b: Aggron|[spread] p1a\n|-activate|p1b: Aggron|move: Protect\n|-damage|p1a: Rotom|44/100\n|-unboost|p1a: Rotom|atk|1\n|-enditem|p1a: Rotom|Sitrus Berry|[eat]\n|-heal|p1a: Rotom|69/100|[from] item: Sitrus Berry\n|\n|-weather|none\n|-heal|p2a: McDonald's Worker|55/100|[from] item: Leftovers\n|upkeep\n|turn|6\n|\n|t:|1776366983\n|move|p2b: Mr Fish|Wave Crash|p1b: Aggron\n|-damage|p1b: Aggron|8/100\n|-damage|p2b: Mr Fish|80/100|[from] Recoil\n|move|p2a: McDonald's Worker|Low Kick|p1b: Aggron\n|-supereffective|p1b: Aggron|1\n|-damage|p1b: Aggron|0 fnt\n|faint|p1b: Aggron\n|move|p1a: Rotom|Volt Switch|p2b: Mr Fish\n|-supereffective|p2b: Mr Fish|1\n|-damage|p2b: Mr Fish|12/100\n|\n|t:|1776366993\n|switch|p1a: Excadrill|Excadrill, L50, M|100/100|[from] Volt Switch\n|\n|-heal|p2a: McDonald's Worker|61/100|[from] item: Leftovers\n|upkeep\n|\n|t:|1776366998\n|switch|p1b: Rotom|Rotom-Wash, L50|69/100\n|turn|7\n|\n|t:|1776367030\n|move|p1a: Excadrill|Protect|p1a: Excadrill\n|-singleturn|p1a: Excadrill|Protect\n|move|p1b: Rotom|Protect|p1b: Rotom\n|-singleturn|p1b: Rotom|Protect\n|move|p2a: McDonald's Worker|Extreme Speed|p1b: Rotom\n|-activate|p1b: Rotom|move: Protect\n|move|p2b: Mr Fish|Wave Crash|p1b: Rotom\n|-activate|p1b: Rotom|move: Protect\n|\n|-heal|p2a: McDonald's Worker|68/100|[from] item: Leftovers\n|-sideend|p2: u lost da game|move: Tailwind\n|upkeep\n|turn|8\n|\n|t:|1776367050\n|move|p2b: Mr Fish|Wave Crash|p1a: Excadrill\n|-supereffective|p1a: Excadrill|1\n|-enditem|p1a: Excadrill|Focus Sash\n|-damage|p1a: Excadrill|1/100\n|-damage|p2b: Mr Fish|0 fnt|[from] Recoil\n|faint|p2b: Mr Fish\n|move|p1a: Excadrill|Rock Slide|p2a: McDonald's Worker\n|-supereffective|p2a: McDonald's Worker|1\n|-damage|p2a: McDonald's Worker|8/100\n|move|p2a: McDonald's Worker|Breaking Swipe|p1b: Rotom|[spread] p1a,p1b\n|-resisted|p1a: Excadrill|1\n|-damage|p1a: Excadrill|0 fnt\n|-damage|p1b: Rotom|46/100\n|-unboost|p1b: Rotom|atk|1\n|faint|p1a: Excadrill\n|move|p1b: Rotom|Will-O-Wisp|p2a: McDonald's Worker\n|-status|p2a: McDonald's Worker|brn\n|\n|-heal|p2a: McDonald's Worker|14/100 brn|[from] item: Leftovers\n|-damage|p2a: McDonald's Worker|8/100 brn|[from] brn\n|upkeep\n|\n|t:|1776367065\n|switch|p2b: Sin Perish|Gengar-Mega, L50, M|25/100\n|turn|9\n|\n|t:|1776367074\n|move|p2a: McDonald's Worker|Extreme Speed|p1b: Rotom\n|-damage|p1b: Rotom|33/100\n|move|p2b: Sin Perish|Sludge Bomb|p1b: Rotom\n|-damage|p1b: Rotom|0 fnt\n|faint|p1b: Rotom\n|\n|win|u lost da game\n|raw|Mingau_do_bom's rating: 1179 &rarr; <strong>1150</strong><br />(-29 for losing)\n|raw|u lost da game's rating: 1116 &rarr; <strong>1145</strong><br />(+29 for winning)\n|c|\u2606u lost da game|gg\n|l|\u2606Mingau_do_bom\n|player|p1|\n",
  "uploadtime": 1776367082,
  "views": 18,
  "formatid": "gen9championsvgc2026regma",
  "rating": 1145,
  "private": 0,
  "password": null
}