{
  "id": "gen9championsvgc2026regma-2587458063",
  "format": "[Gen 9 Champions] VGC 2026 Reg M-A",
  "players": [
    "Millionatom1491",
    "TrainerDylan24"
  ],
  "log": "|j|\u2606Millionatom1491\n|j|\u2606TrainerDylan24\n|t:|1776533497\n|gametype|doubles\n|player|p1|Millionatom1491|266|1058\n|player|p2|TrainerDylan24|grimsley|1106\n|gen|9\n|tier|[Gen 9 Champions] VGC 2026 Reg M-A\n|rated|\n|rule|Species Clause: Limit one of each Pok\u00e9mon\n|rule|Item Clause: Limit 1 of each item\n|clearpoke\n|poke|p1|Meowstic, L50, M|\n|poke|p1|Delphox, L50, M|\n|poke|p1|Dragonite, L50, F|\n|poke|p1|Whimsicott, L50, M|\n|poke|p1|Heliolisk, L50, M|\n|poke|p1|Scovillain, L50, F|\n|poke|p2|Emboar, L50, F|\n|poke|p2|Oranguru, L50, F|\n|poke|p2|Milotic, L50, M|\n|poke|p2|Kingambit, L50, M|\n|poke|p2|Sinistcha, L50|\n|poke|p2|Crabominable, L50, M|\n|teampreview|4\n|inactive|Battle timer is ON: inactive players will automatically lose when time's up. (requested by Millionatom1491)\n|inactive|TrainerDylan24 has 60 seconds left.\n|\n|t:|1776533553\n|teamsize|p1|4\n|teamsize|p2|4\n|start\n|switch|p1a: Delphox|Delphox, L50, M|100/100\n|switch|p1b: Meowstic|Meowstic, L50, M|100/100\n|switch|p2a: Oranguru|Oranguru, L50, F|100/100\n|switch|p2b: Milotic|Milotic, L50, M|100/100\n|turn|1\n|\n|t:|1776533571\n|detailschange|p1a: Delphox|Delphox-Mega, L50, M\n|-mega|p1a: Delphox|Delphox|Delphoxite\n|move|p1a: Delphox|Psychic Terrain|p1a: Delphox\n|-fieldstart|move: Psychic Terrain\n|move|p1b: Meowstic|Expanding Force|p2a: Oranguru|[spread] p2a,p2b\n|-resisted|p2a: Oranguru|1\n|-damage|p2a: Oranguru|82/100\n|-damage|p2b: Milotic|59/100\n|move|p2b: Milotic|Muddy Water|p1a: Delphox|[spread] p1b\n|-miss|p2b: Milotic|p1a: Delphox\n|-damage|p1b: Meowstic|53/100\n|move|p2a: Oranguru|Foul Play|p1a: Delphox\n|-supereffective|p1a: Delphox|1\n|-damage|p1a: Delphox|57/100\n|\n|-heal|p2a: Oranguru|87/100|[from] item: Leftovers\n|upkeep\n|turn|2\n|\n|t:|1776533586\n|move|p2b: Milotic|Protect|p2b: Milotic\n|-singleturn|p2b: Milotic|Protect\n|move|p1a: Delphox|Expanding Force|p2b: Milotic\n|-activate|p2b: Milotic|move: Protect\n|move|p1b: Meowstic|Expanding Force|p2a: Oranguru|[spread] p2a\n|-activate|p2b: Milotic|move: Protect\n|-resisted|p2a: Oranguru|1\n|-damage|p2a: Oranguru|65/100\n|move|p2a: Oranguru|Trick Room|p2a: Oranguru\n|-fieldstart|move: Trick Room|[of] p2a: Oranguru\n|\n|-heal|p2a: Oranguru|71/100|[from] item: Leftovers\n|upkeep\n|turn|3\n|\n|t:|1776533600\n|move|p2a: Oranguru|Foul Play|p1a: Delphox\n|-supereffective|p1a: Delphox|1\n|-damage|p1a: Delphox|14/100\n|move|p2b: Milotic|Muddy Water|p1b: Meowstic|[spread] p1a,p1b\n|-supereffective|p1a: Delphox|1\n|-damage|p1a: Delphox|0 fnt\n|-damage|p1b: Meowstic|0 fnt\n|faint|p1a: Delphox\n|faint|p1b: Meowstic\n|\n|-heal|p2a: Oranguru|77/100|[from] item: Leftovers\n|upkeep\n|\n|t:|1776533607\n|switch|p1b: Scovillain|Scovillain, L50, F|100/100\n|switch|p1a: Dragonite|Dragonite, L50, F|100/100\n|turn|4\n|\n|t:|1776533623\n|move|p2a: Oranguru|Foul Play|p1a: Dragonite\n|-damage|p1a: Dragonite|62/100\n|move|p2b: Milotic|Icy Wind|p1a: Dragonite|[spread] p1a,p1b\n|-supereffective|p1a: Dragonite|2\n|-enditem|p1a: Dragonite|Yache Berry|[eat]\n|-enditem|p1a: Dragonite|Yache Berry|[weaken]\n|-damage|p1a: Dragonite|35/100\n|-damage|p1b: Scovillain|79/100\n|-unboost|p1a: Dragonite|spe|1\n|-unboost|p1b: Scovillain|spe|1\n|move|p1b: Scovillain|Flamethrower|p2a: Oranguru\n|-damage|p2a: Oranguru|30/100\n|move|p1a: Dragonite|Dragon Claw|p2b: Milotic\n|-damage|p2b: Milotic|16/100\n|\n|-heal|p2a: Oranguru|36/100|[from] item: Leftovers\n|upkeep\n|turn|5\n|\n|t:|1776533644\n|move|p1b: Scovillain|Protect|p1b: Scovillain\n|-singleturn|p1b: Scovillain|Protect\n|move|p2a: Oranguru|Foul Play|p1a: Dragonite\n|-crit|p1a: Dragonite\n|-damage|p1a: Dragonite|0 fnt\n|faint|p1a: Dragonite\n|move|p2b: Milotic|Muddy Water|p1b: Scovillain\n|-activate|p1b: Scovillain|move: Protect\n|\n|-heal|p2a: Oranguru|41/100|[from] item: Leftovers\n|-fieldend|move: Psychic Terrain\n|upkeep\n|turn|6\n|\n|t:|1776533654\n|move|p1b: Scovillain|Flamethrower|p2b: Milotic\n|-resisted|p2b: Milotic|1\n|-damage|p2b: Milotic|0 fnt\n|faint|p2b: Milotic\n|move|p2a: Oranguru|Instruct|p2: Milotic|[notarget]\n|-fail|p2a: Oranguru\n|\n|-heal|p2a: Oranguru|47/100|[from] item: Leftovers\n|-fieldend|move: Trick Room\n|upkeep\n|\n|t:|1776533660\n|switch|p2b: Crabominable|Crabominable, L50, M|100/100\n|turn|7\n|\n|t:|1776533669\n|detailschange|p2b: Crabominable|Crabominable-Mega, L50, M\n|-mega|p2b: Crabominable|Crabominable|Crabominite\n|move|p2a: Oranguru|Instruct||[still]\n|-fail|p2a: Oranguru\n|move|p1b: Scovillain|Flamethrower|p2a: Oranguru\n|-damage|p2a: Oranguru|4/100\n|move|p2b: Crabominable|Ice Hammer|p1b: Scovillain\n|-damage|p1b: Scovillain|0 fnt\n|-unboost|p2b: Crabominable|spe|1\n|faint|p1b: Scovillain\n|\n|win|TrainerDylan24\n|raw|Millionatom1491's rating: 1058 &rarr; <strong>1042</strong><br />(-16 for losing)\n|raw|TrainerDylan24's rating: 1106 &rarr; <strong>1128</strong><br />(+22 for winning)\n|l|\u2606Millionatom1491\n|player|p1|\n",
  "uploadtime": 1776533680,
  "views": 13,
  "formatid": "gen9championsvgc2026regma",
  "rating": 1042,
  "private": 0,
  "password": null
}