{
  "id": "gen9championsvgc2026regma-2582037678",
  "format": "[Gen 9 Champions] VGC 2026 Reg M-A",
  "players": [
    "HR3",
    "Learning67Curve"
  ],
  "log": "|j|\u2606HR3\n|j|\u2606Learning67Curve\n|t:|1776050720\n|gametype|doubles\n|player|p1|HR3|burglar|1208\n|player|p2|Learning67Curve|cynthia-gen4|1266\n|gen|9\n|tier|[Gen 9 Champions] VGC 2026 Reg M-A\n|rated|\n|rule|Species Clause: Limit one of each Pok\u00e9mon\n|rule|Item Clause: Limit 1 of each item\n|clearpoke\n|poke|p1|Charizard, L50, F|\n|poke|p1|Maushold-Four, L50|\n|poke|p1|Sneasler, L50, F|\n|poke|p1|Kingambit, L50, M|\n|poke|p1|Garchomp, L50, M|\n|poke|p1|Sinistcha, L50|\n|poke|p2|Aerodactyl, L50, M|\n|poke|p2|Delphox, L50, F|\n|poke|p2|Milotic, L50, F|\n|poke|p2|Kingambit, L50, M|\n|poke|p2|Zoroark-Hisui, L50, M|\n|poke|p2|Garchomp, L50, M|\n|teampreview|4\n|inactive|Battle timer is ON: inactive players will automatically lose when time's up. (requested by Learning67Curve)\n|\n|t:|1776050745\n|teamsize|p1|4\n|teamsize|p2|4\n|start\n|switch|p1a: Sneasler|Sneasler, L50, F|100/100\n|switch|p1b: Kingambit|Kingambit, L50, M|100/100\n|switch|p2a: Milotic|Milotic, L50, F, shiny|100/100\n|switch|p2b: Garchomp|Garchomp, L50, M, shiny|100/100\n|turn|1\n|\n|t:|1776050756\n|move|p1a: Sneasler|Fake Out|p2b: Garchomp\n|-immune|p2b: Garchomp\n|move|p2b: Garchomp|Psychic|p1a: Sneasler\n|-supereffective|p1a: Sneasler|2\n|-enditem|p1a: Sneasler|Focus Sash\n|-damage|p1a: Sneasler|1/100\n|move|p2a: Milotic|Scald|p1b: Kingambit\n|-damage|p1b: Kingambit|72/100\n|move|p1b: Kingambit|Assurance|p2b: Garchomp\n|-supereffective|p2b: Garchomp|1\n|-enditem|p2b: Garchomp|Focus Sash\n|-damage|p2b: Garchomp|1/100\n|replace|p2b: Zoroark|Zoroark-Hisui, L50, M\n|-end|p2b: Zoroark|Illusion\n|\n|upkeep\n|turn|2\n|inactive|Learning67Curve has 30 seconds left.\n|\n|t:|1776050782\n|switch|p2b: Garchomp|Garchomp, L50, M, shiny|100/100\n|move|p1b: Kingambit|Sucker Punch||[still]\n|-fail|p1b: Kingambit\n|move|p1a: Sneasler|Dire Claw|p2a: Milotic\n|-damage|p2a: Milotic|69/100\n|-status|p2a: Milotic|slp\n|cant|p2a: Milotic|slp\n|\n|-heal|p2a: Milotic|75/100 slp|[from] item: Leftovers\n|upkeep\n|turn|3\n|\n|t:|1776050798\n|move|p2b: Garchomp|Protect|p2b: Garchomp\n|-singleturn|p2b: Garchomp|Protect\n|move|p1b: Kingambit|Sucker Punch||[still]\n|-fail|p1b: Kingambit\n|move|p1a: Sneasler|Close Combat|p2b: Garchomp\n|-activate|p2b: Garchomp|move: Protect\n|cant|p2a: Milotic|slp\n|\n|-heal|p2a: Milotic|81/100 slp|[from] item: Leftovers\n|upkeep\n|turn|4\n|inactive|Learning67Curve has 30 seconds left.\n|\n|t:|1776050825\n|-curestatus|p2a: Milotic|slp|[msg]\n|move|p2a: Milotic|Protect|p2a: Milotic\n|-singleturn|p2a: Milotic|Protect\n|move|p1a: Sneasler|Close Combat|p2a: Milotic\n|-activate|p2a: Milotic|move: Protect\n|move|p2b: Garchomp|Earthquake|p1a: Sneasler|[spread] p1a,p1b\n|-activate|p2a: Milotic|move: Protect\n|-supereffective|p1a: Sneasler|1\n|-crit|p1a: Sneasler\n|-supereffective|p1b: Kingambit|1\n|-damage|p1a: Sneasler|0 fnt\n|-damage|p1b: Kingambit|15/100\n|faint|p1a: Sneasler\n|move|p1b: Kingambit|Assurance|p2a: Milotic\n|-activate|p2a: Milotic|move: Protect\n|\n|-heal|p2a: Milotic|87/100|[from] item: Leftovers\n|upkeep\n|\n|t:|1776050834\n|switch|p1a: Garchomp|Garchomp, L50, M|100/100\n|turn|5\n|\n|t:|1776050854\n|move|p2b: Garchomp|Protect|p2b: Garchomp\n|-singleturn|p2b: Garchomp|Protect\n|move|p1b: Kingambit|Protect|p1b: Kingambit\n|-singleturn|p1b: Kingambit|Protect\n|move|p1a: Garchomp|Dragon Claw|p2b: Garchomp\n|-activate|p2b: Garchomp|move: Protect\n|move|p2a: Milotic|Scald|p1b: Kingambit\n|-activate|p1b: Kingambit|move: Protect\n|\n|-heal|p2a: Milotic|93/100|[from] item: Leftovers\n|upkeep\n|turn|6\n|\n|t:|1776050870\n|switch|p1b: Maushold|Maushold-Four, L50|100/100\n|move|p1a: Garchomp|Dragon Claw|p2b: Garchomp\n|-supereffective|p2b: Garchomp|1\n|-enditem|p2b: Garchomp|Haban Berry|[eat]\n|-enditem|p2b: Garchomp|Haban Berry|[weaken]\n|-damage|p2b: Garchomp|58/100\n|-damage|p1a: Garchomp|88/100|[from] ability: Rough Skin|[of] p2b: Garchomp\n|move|p2b: Garchomp|Dragon Claw|p1a: Garchomp\n|-supereffective|p1a: Garchomp|1\n|-damage|p1a: Garchomp|26/100\n|-damage|p2b: Garchomp|45/100|[from] ability: Rough Skin|[of] p1a: Garchomp\n|move|p2a: Milotic|Ice Beam|p1a: Garchomp\n|-supereffective|p1a: Garchomp|2\n|-damage|p1a: Garchomp|0 fnt\n|faint|p1a: Garchomp\n|\n|-heal|p2a: Milotic|99/100|[from] item: Leftovers\n|upkeep\n|-message|HR3 forfeited.\n|\n|win|Learning67Curve\n|raw|HR3's rating: 1208 &rarr; <strong>1187</strong><br />(-21 for losing)\n|raw|Learning67Curve's rating: 1266 &rarr; <strong>1287</strong><br />(+21 for winning)\n|l|\u2606HR3\n|player|p1|\n",
  "uploadtime": 1776050888,
  "views": 22,
  "formatid": "gen9championsvgc2026regma",
  "rating": 1187,
  "private": 0,
  "password": null
}