{
  "id": "gen9championsvgc2026regma-2588177495",
  "format": "[Gen 9 Champions] VGC 2026 Reg M-A",
  "players": [
    "Nexo030909",
    "benjitulio"
  ],
  "log": "|j|\u2606Nexo030909\n|j|\u2606benjitulio\n|t:|1776611788\n|gametype|doubles\n|player|p1|Nexo030909|red|1097\n|player|p2|benjitulio|wattson|1000\n|gen|9\n|tier|[Gen 9 Champions] VGC 2026 Reg M-A\n|rated|\n|rule|Species Clause: Limit one of each Pok\u00e9mon\n|rule|Item Clause: Limit 1 of each item\n|clearpoke\n|poke|p1|Garchomp, L50, M|\n|poke|p1|Aerodactyl, L50, M|\n|poke|p1|Venusaur, L50, F|\n|poke|p1|Torkoal, L50, F|\n|poke|p1|Kingambit, L50, F|\n|poke|p1|Basculegion-F, L50, F|\n|poke|p2|Dragonite, L50, M|\n|poke|p2|Incineroar, L50, M|\n|poke|p2|Gyarados, L50, F|\n|poke|p2|Maushold-Four, L50|\n|poke|p2|Milotic, L50, F|\n|poke|p2|Whimsicott, L50, F|\n|teampreview|4\n|inactive|Battle timer is ON: inactive players will automatically lose when time's up. (requested by Nexo030909)\n|\n|t:|1776611814\n|teamsize|p1|4\n|teamsize|p2|4\n|start\n|switch|p1a: Aerodactyl|Aerodactyl, L50, M|100/100\n|switch|p1b: Garchomp|Garchomp, L50, M|100/100\n|switch|p2a: Dragonite|Dragonite, L50, M|100/100\n|switch|p2b: Maushold|Maushold-Four, L50|100/100\n|-ability|p1a: Aerodactyl|Unnerve\n|turn|1\n|inactive|benjitulio has 30 seconds left.\n|inactive|benjitulio has 20 seconds left.\n|\n|t:|1776611852\n|detailschange|p1a: Aerodactyl|Aerodactyl-Mega, L50, M\n|-mega|p1a: Aerodactyl|Aerodactyl|Aerodactylite\n|detailschange|p2a: Dragonite|Dragonite-Mega, L50, M\n|-mega|p2a: Dragonite|Dragonite|Dragoninite\n|move|p1a: Aerodactyl|Rock Slide|p2b: Maushold|[spread] p2a,p2b\n|-supereffective|p2a: Dragonite|1\n|-damage|p2a: Dragonite|77/100\n|-damage|p2b: Maushold|55/100\n|move|p2b: Maushold|Encore|p1a: Aerodactyl\n|-start|p1a: Aerodactyl|Encore\n|move|p2a: Dragonite|Ice Beam|p1b: Garchomp\n|-supereffective|p1b: Garchomp|2\n|-damage|p1b: Garchomp|0 fnt\n|faint|p1b: Garchomp\n|\n|upkeep\n|\n|t:|1776611864\n|switch|p1b: Basculegion|Basculegion-F, L50, F|100/100\n|turn|2\n|\n|t:|1776611872\n|switch|p2a: Incineroar|Incineroar, L50, M|100/100\n|-ability|p2a: Incineroar|Intimidate|boost\n|-unboost|p1a: Aerodactyl|atk|1\n|-unboost|p1b: Basculegion|atk|1\n|move|p1a: Aerodactyl|Rock Slide|p2a: Incineroar|[spread] p2a,p2b\n|-supereffective|p2a: Incineroar|1\n|-damage|p2a: Incineroar|73/100\n|-damage|p2b: Maushold|21/100\n|move|p1b: Basculegion|Ice Beam|p2a: Incineroar\n|-resisted|p2a: Incineroar|1\n|-damage|p2a: Incineroar|62/100\n|cant|p2b: Maushold|flinch\n|\n|upkeep\n|turn|3\n|\n|t:|1776611891\n|move|p2a: Incineroar|Fake Out|p1a: Aerodactyl\n|-resisted|p1a: Aerodactyl|1\n|-damage|p1a: Aerodactyl|93/100\n|cant|p1a: Aerodactyl|flinch\n|move|p1b: Basculegion|Ice Beam|p2a: Incineroar\n|-resisted|p2a: Incineroar|1\n|-damage|p2a: Incineroar|53/100\n|-status|p2a: Incineroar|frz\n|move|p2b: Maushold|Encore|p1b: Basculegion\n|-start|p1b: Basculegion|Encore\n|\n|upkeep\n|turn|4\n|\n|t:|1776611905\n|move|p1a: Aerodactyl|Rock Slide|p2b: Maushold|[spread] p2a,p2b\n|-supereffective|p2a: Incineroar|1\n|-damage|p2a: Incineroar|28/100 frz\n|-damage|p2b: Maushold|0 fnt\n|faint|p2b: Maushold\n|move|p1b: Basculegion|Ice Beam|p2a: Incineroar\n|-resisted|p2a: Incineroar|1\n|-damage|p2a: Incineroar|15/100 frz\n|-curestatus|p2a: Incineroar|frz|[from] move: Flare Blitz\n|move|p2a: Incineroar|Flare Blitz|p1a: Aerodactyl\n|-resisted|p1a: Aerodactyl|1\n|-damage|p1a: Aerodactyl|65/100\n|-damage|p2a: Incineroar|7/100|[from] Recoil\n|\n|-end|p1a: Aerodactyl|Encore\n|upkeep\n|\n|t:|1776611908\n|switch|p2b: Milotic|Milotic, L50, F|100/100\n|turn|5\n|\n|t:|1776611928\n|move|p1a: Aerodactyl|Rock Slide|p2b: Milotic|[spread] p2a,p2b\n|-supereffective|p2a: Incineroar|1\n|-damage|p2a: Incineroar|0 fnt\n|-damage|p2b: Milotic|78/100\n|faint|p2a: Incineroar\n|move|p1b: Basculegion|Ice Beam|p2b: Milotic\n|-resisted|p2b: Milotic|1\n|-crit|p2b: Milotic\n|-damage|p2b: Milotic|60/100\n|cant|p2b: Milotic|flinch\n|\n|-heal|p2b: Milotic|67/100|[from] item: Leftovers\n|upkeep\n|\n|t:|1776611938\n|switch|p2a: Dragonite|Dragonite-Mega, L50, M|77/100\n|turn|6\n|\n|t:|1776611945\n|move|p1a: Aerodactyl|Rock Slide|p2b: Milotic|[spread] p2a,p2b\n|-supereffective|p2a: Dragonite|1\n|-damage|p2a: Dragonite|38/100\n|-damage|p2b: Milotic|43/100\n|move|p1b: Basculegion|Ice Beam|p2a: Dragonite\n|-supereffective|p2a: Dragonite|2\n|-crit|p2a: Dragonite\n|-damage|p2a: Dragonite|0 fnt\n|faint|p2a: Dragonite\n|move|p2b: Milotic|Scald|p1b: Basculegion\n|-resisted|p1b: Basculegion|1\n|-damage|p1b: Basculegion|78/100\n|-status|p1b: Basculegion|brn\n|\n|-heal|p2b: Milotic|49/100|[from] item: Leftovers\n|-damage|p1b: Basculegion|72/100 brn|[from] brn\n|-end|p1b: Basculegion|Encore\n|upkeep\n|turn|7\n|\n|t:|1776611964\n|move|p1a: Aerodactyl|Dual Wingbeat|p2b: Milotic\n|-damage|p2b: Milotic|28/100\n|-damage|p2b: Milotic|7/100\n|-hitcount|p2b: Milotic|2\n|move|p1b: Basculegion|Ice Beam|p2b: Milotic\n|-resisted|p2b: Milotic|1\n|-damage|p2b: Milotic|0 fnt\n|faint|p2b: Milotic\n|\n|win|Nexo030909\n|raw|Nexo030909's rating: 1097 &rarr; <strong>1116</strong><br />(+19 for winning)\n|raw|benjitulio's rating: 1000 &rarr; <strong>1000</strong><br />(+0 for losing)\n",
  "uploadtime": 1776611964,
  "views": 20,
  "formatid": "gen9championsvgc2026regma",
  "rating": 1000,
  "private": 0,
  "password": null
}