{
  "id": "gen9championsvgc2026regma-2583599913",
  "format": "[Gen 9 Champions] VGC 2026 Reg M-A",
  "players": [
    "Jusk99",
    "zonpt"
  ],
  "log": "|j|\u2606Jusk99\n|j|\u2606zonpt\n|t:|1776185753\n|gametype|doubles\n|player|p1|Jusk99|thorton|1278\n|player|p2|zonpt|1|1314\n|gen|9\n|tier|[Gen 9 Champions] VGC 2026 Reg M-A\n|rated|\n|rule|Species Clause: Limit one of each Pok\u00e9mon\n|rule|Item Clause: Limit 1 of each item\n|clearpoke\n|poke|p1|Sneasler, L50, F|\n|poke|p1|Pelipper, L50, F|\n|poke|p1|Basculegion, L50, M|\n|poke|p1|Dragonite, L50, F|\n|poke|p1|Archaludon, L50, M|\n|poke|p1|Rotom-Heat, L50|\n|poke|p2|Froslass, L50, F|\n|poke|p2|Sneasler, L50, F|\n|poke|p2|Sinistcha, L50|\n|poke|p2|Aerodactyl, L50, F|\n|poke|p2|Kingambit, L50, F|\n|poke|p2|Primarina, L50, F|\n|teampreview|4\n|inactive|Battle timer is ON: inactive players will automatically lose when time's up. (requested by zonpt)\n|inactive|zonpt has 60 seconds left.\n|\n|t:|1776185796\n|teamsize|p1|4\n|teamsize|p2|4\n|start\n|switch|p1a: Rotom|Rotom-Heat, L50|100/100\n|switch|p1b: Sneasler|Sneasler, L50, F|100/100\n|switch|p2a: Froslass|Froslass, L50, F|100/100\n|switch|p2b: Kingambit|Kingambit, L50, F|100/100\n|turn|1\n|inactive|zonpt has 30 seconds left.\n|inactive|zonpt has 20 seconds left.\n|inactive|zonpt has 15 seconds left.\n|inactive|zonpt has 10 seconds left.\n|\n|t:|1776185845\n|move|p2a: Froslass|Protect|p2a: Froslass\n|-singleturn|p2a: Froslass|Protect\n|move|p2b: Kingambit|Protect|p2b: Kingambit\n|-singleturn|p2b: Kingambit|Protect\n|move|p1a: Rotom|Overheat|p2a: Froslass\n|-activate|p2a: Froslass|move: Protect\n|move|p1b: Sneasler|Close Combat|p2b: Kingambit\n|-activate|p2b: Kingambit|move: Protect\n|\n|upkeep\n|turn|2\n|inactive|zonpt has 30 seconds left.\n|inactive|zonpt has 20 seconds left.\n|\n|t:|1776185882\n|switch|p2a: Primarina|Primarina, L50, F|100/100\n|switch|p2b: Sinistcha|Sinistcha, L50|100/100\n|move|p1a: Rotom|Overheat|p2a: Primarina\n|-resisted|p2a: Primarina|1\n|-damage|p2a: Primarina|71/100\n|-unboost|p1a: Rotom|spa|2\n|move|p1b: Sneasler|Close Combat|p2b: Sinistcha\n|-immune|p2b: Sinistcha\n|\n|upkeep\n|turn|3\n|\n|t:|1776185901\n|switch|p2a: Kingambit|Kingambit, L50, F|100/100\n|move|p1a: Rotom|Overheat|p2b: Sinistcha\n|-supereffective|p2b: Sinistcha|1\n|-damage|p2b: Sinistcha|36/100\n|-unboost|p1a: Rotom|spa|2\n|move|p1b: Sneasler|Dire Claw|p2a: Kingambit\n|-immune|p2a: Kingambit\n|move|p2b: Sinistcha|Matcha Gotcha|p1b: Sneasler|[spread] p1a,p1b\n|-resisted|p1a: Rotom|1\n|-resisted|p1b: Sneasler|1\n|-damage|p1a: Rotom|84/100\n|-heal|p2b: Sinistcha|42/100|[from] drain|[of] p1a: Rotom\n|-damage|p1b: Sneasler|85/100\n|-heal|p2b: Sinistcha|50/100|[from] drain|[of] p1b: Sneasler\n|\n|-heal|p2b: Sinistcha|56/100|[from] item: Leftovers\n|upkeep\n|turn|4\n|inactive|zonpt has 30 seconds left.\n|inactive|zonpt has 20 seconds left.\n|inactive|zonpt has 15 seconds left.\n|\n|t:|1776185944\n|move|p2b: Sinistcha|Rage Powder|p2b: Sinistcha\n|-singleturn|p2b: Sinistcha|move: Rage Powder\n|move|p2a: Kingambit|Sucker Punch|p1b: Sneasler\n|-resisted|p1b: Sneasler|1\n|-damage|p1b: Sneasler|46/100\n|move|p1a: Rotom|Overheat|p2b: Sinistcha\n|-supereffective|p2b: Sinistcha|1\n|-damage|p2b: Sinistcha|15/100\n|-unboost|p1a: Rotom|spa|2\n|move|p1b: Sneasler|Dire Claw|p2b: Sinistcha\n|-damage|p2b: Sinistcha|0 fnt\n|faint|p2b: Sinistcha\n|\n|upkeep\n|\n|t:|1776185957\n|switch|p2b: Froslass|Froslass, L50, F|100/100\n|turn|5\n|\n|t:|1776185970\n|detailschange|p2b: Froslass|Froslass-Mega, L50, F\n|-mega|p2b: Froslass|Froslass|Froslassite\n|-weather|Snowscape|[from] ability: Snow Warning|[of] p2b: Froslass\n|move|p1a: Rotom|Overheat|p2b: Froslass\n|-supereffective|p2b: Froslass|1\n|-damage|p2b: Froslass|67/100\n|move|p2b: Froslass|Blizzard|p1a: Rotom|[spread] p1a,p1b\n|-resisted|p1a: Rotom|1\n|-damage|p1a: Rotom|60/100\n|-damage|p1b: Sneasler|0 fnt\n|faint|p1b: Sneasler\n|move|p2a: Kingambit|Assurance|p1a: Rotom\n|-damage|p1a: Rotom|0 fnt\n|faint|p1a: Rotom\n|\n|-weather|Snowscape|[upkeep]\n|upkeep\n|\n|t:|1776185987\n|switch|p1b: Basculegion|Basculegion, L50, M|100/100\n|switch|p1a: Pelipper|Pelipper, L50, F|100/100\n|-weather|RainDance|[from] ability: Drizzle|[of] p1a: Pelipper\n|turn|6\n|\n|t:|1776186008\n|move|p1b: Basculegion|Aqua Jet|p2a: Kingambit\n|-damage|p2a: Kingambit|73/100\n|move|p2a: Kingambit|Sucker Punch||[still]\n|-fail|p2a: Kingambit\n|move|p2b: Froslass|Shadow Ball|p1b: Basculegion\n|-supereffective|p1b: Basculegion|1\n|-damage|p1b: Basculegion|17/100\n|move|p1a: Pelipper|Muddy Water|p2b: Froslass|[spread] p2a,p2b\n|-damage|p2a: Kingambit|29/100\n|-damage|p2b: Froslass|19/100\n|\n|-weather|RainDance|[upkeep]\n|upkeep\n|turn|7\n|inactive|zonpt has 30 seconds left.\n|\n|t:|1776186035\n|move|p1b: Basculegion|Aqua Jet|p2b: Froslass\n|-damage|p2b: Froslass|0 fnt\n|faint|p2b: Froslass\n|move|p2a: Kingambit|Sucker Punch|p1a: Pelipper\n|-damage|p1a: Pelipper|32/100\n|move|p1a: Pelipper|Muddy Water|p2a: Kingambit\n|-damage|p2a: Kingambit|0 fnt\n|faint|p2a: Kingambit\n|\n|-weather|RainDance|[upkeep]\n|upkeep\n|\n|t:|1776186038\n|switch|p2b: Primarina|Primarina, L50, F|71/100\n|turn|8\n|\n|t:|1776186053\n|move|p1b: Basculegion|Last Respects|p2b: Primarina\n|-damage|p2b: Primarina|0 fnt\n|faint|p2b: Primarina\n|\n|win|Jusk99\n|raw|Jusk99's rating: 1278 &rarr; <strong>1306</strong><br />(+28 for winning)\n|raw|zonpt's rating: 1314 &rarr; <strong>1292</strong><br />(-22 for losing)\n|l|\u2606zonpt\n|player|p2|\n",
  "uploadtime": 1776186073,
  "views": 43,
  "formatid": "gen9championsvgc2026regma",
  "rating": 1292,
  "private": 0,
  "password": null
}