{
  "id": "gen9championsvgc2026regma-2586141730",
  "format": "[Gen 9 Champions] VGC 2026 Reg M-A",
  "players": [
    "gimwepaw",
    "Jackalope11"
  ],
  "log": "|j|\u2606gimwepaw\n|j|\u2606Jackalope11\n|html|<table width=\"100%\"><tr><td align=\"left\">gimwepaw</td><td align=\"right\">Jackalope11</tr><tr><td align=\"left\"><i class=\"fa fa-circle\"></i> <i class=\"fa fa-circle-o\"></i> </td><td align=\"right\"><i class=\"fa fa-circle-o\"></i> <i class=\"fa fa-circle-o\"></i> </tr></table>\n|uhtml|bestof|<h2><strong>Game 2</strong> of <a href=\"/game-bestof3-gen9championsvgc2026regma-2586139458\">a best-of-3</a></h2>\n|t:|1776404226\n|gametype|doubles\n|player|p1|gimwepaw|170|\n|player|p2|Jackalope11|265|\n|gen|9\n|tier|[Gen 9 Champions] VGC 2026 Reg M-A\n|rule|Species Clause: Limit one of each Pok\u00e9mon\n|rule|Item Clause: Limit 1 of each item\n|raw|<div class=\"infobox\"><details class=\"readmore\" open><summary><strong>1 custom rule:</strong></summary> Best of = 3</details></div>\n|clearpoke\n|poke|p1|Blastoise, L50, F|\n|poke|p1|Sableye, L50, F|\n|poke|p1|Basculegion, L50, M|\n|poke|p1|Sneasler, L50, M|\n|poke|p1|Kingambit, L50, F|\n|poke|p1|Aerodactyl, L50, F|\n|poke|p2|Milotic, L50, F|\n|poke|p2|Excadrill, L50, M|\n|poke|p2|Tyranitar, L50, F|\n|poke|p2|Sinistcha, L50|\n|poke|p2|Aerodactyl, L50, F|\n|poke|p2|Volcarona, L50, F|\n|teampreview|4\n|inactive|Battle timer is ON: inactive players will automatically lose when time's up. (requested by gimwepaw)\n|\n|t:|1776404260\n|teamsize|p1|4\n|teamsize|p2|4\n|start\n|switch|p1a: Blastoise|Blastoise, L50, F|100/100\n|switch|p1b: Aerodactyl|Aerodactyl, L50, F|100/100\n|switch|p2a: Aerodactyl|Aerodactyl, L50, F|100/100\n|switch|p2b: Excadrill|Excadrill, L50, M|100/100\n|-ability|p1b: Aerodactyl|Unnerve\n|-ability|p2a: Aerodactyl|Unnerve\n|turn|1\n|\n|t:|1776404280\n|detailschange|p1a: Blastoise|Blastoise-Mega, L50, F\n|-mega|p1a: Blastoise|Blastoise|Blastoisinite\n|move|p2b: Excadrill|Protect|p2b: Excadrill\n|-singleturn|p2b: Excadrill|Protect\n|move|p1b: Aerodactyl|Rock Slide|p2a: Aerodactyl|[spread] p2a\n|-activate|p2b: Excadrill|move: Protect\n|-supereffective|p2a: Aerodactyl|1\n|-crit|p2a: Aerodactyl\n|-damage|p2a: Aerodactyl|0 fnt\n|faint|p2a: Aerodactyl\n|move|p1a: Blastoise|Muddy Water|p2b: Excadrill\n|-activate|p2b: Excadrill|move: Protect\n|\n|upkeep\n|c|\u2606Jackalope11|u fucker\n|c|\u2606Jackalope11|crit\n|c|\u2606gimwepaw|yo double speed\n|c|\u2606gimwepaw|i mean\n|c|\u2606gimwepaw|double u speed\n|inactive|Jackalope11 has 30 seconds left.\n|c|\u2606Jackalope11|i calced to survive rock slide\n|inactive|Jackalope11 has 20 seconds left.\n|\n|t:|1776404317\n|switch|p2a: Tyranitar|Tyranitar, L50, F|100/100\n|-weather|Sandstorm|[from] ability: Sand Stream|[of] p2a: Tyranitar\n|turn|2\n|c|\u2606gimwepaw|thats gamma\n|\n|t:|1776404336\n|switch|p2a: Sinistcha|Sinistcha, L50|100/100\n|move|p1a: Blastoise|Protect|p1a: Blastoise\n|-singleturn|p1a: Blastoise|Protect\n|move|p2b: Excadrill|Rock Slide|p1a: Blastoise|[spread] p1b\n|-activate|p1a: Blastoise|move: Protect\n|-supereffective|p1b: Aerodactyl|1\n|-damage|p1b: Aerodactyl|33/100\n|cant|p1b: Aerodactyl|flinch\n|\n|-weather|Sandstorm|[upkeep]\n|-damage|p1a: Blastoise|95/100|[from] Sandstorm\n|-damage|p2a: Sinistcha|95/100|[from] Sandstorm\n|upkeep\n|turn|3\n|c|\u2606Jackalope11|W speed\n|c|\u2606Jackalope11|holy shit\n|c|\u2606gimwepaw|UNCLE\n|inactive|gimwepaw has 30 seconds left.\n|inactive|Jackalope11 has 30 seconds left.\n|\n|t:|1776404367\n|move|p2b: Excadrill|Rock Slide|p1a: Blastoise|[spread] p1a,p1b\n|-supereffective|p1b: Aerodactyl|1\n|-damage|p1a: Blastoise|73/100\n|-damage|p1b: Aerodactyl|0 fnt\n|faint|p1b: Aerodactyl\n|move|p1a: Blastoise|Muddy Water|p2b: Excadrill|[spread] p2a\n|-miss|p1a: Blastoise|p2b: Excadrill\n|-resisted|p2a: Sinistcha|1\n|-damage|p2a: Sinistcha|78/100\n|-unboost|p2a: Sinistcha|accuracy|1\n|move|p2a: Sinistcha|Matcha Gotcha|p1a: Blastoise\n|-supereffective|p1a: Blastoise|1\n|-crit|p1a: Blastoise\n|-damage|p1a: Blastoise|0 fnt\n|-heal|p2a: Sinistcha|100/100|[from] drain|[of] p1a: Blastoise\n|faint|p1a: Blastoise\n|\n|-weather|Sandstorm|[upkeep]\n|-damage|p2a: Sinistcha|95/100|[from] Sandstorm\n|upkeep\n|c|\u2606Jackalope11|W speed\n|c|\u2606Jackalope11|oh my\n|c|\u2606gimwepaw|dude NO UNCLE\n|\n|t:|1776404387\n|switch|p1b: Sableye|Sableye, L50, F|100/100\n|switch|p1a: Basculegion|Basculegion, L50, M|100/100\n|turn|4\n|inactive|gimwepaw has 30 seconds left.\n|\n|t:|1776404417\n|move|p2a: Sinistcha|Rage Powder|p2a: Sinistcha\n|-singleturn|p2a: Sinistcha|move: Rage Powder\n|move|p1b: Sableye|Rain Dance|p1b: Sableye\n|-weather|RainDance\n|move|p1a: Basculegion|Wave Crash|p2a: Sinistcha\n|-resisted|p2a: Sinistcha|1\n|-damage|p2a: Sinistcha|43/100\n|-enditem|p2a: Sinistcha|Sitrus Berry|[eat]\n|-heal|p2a: Sinistcha|67/100|[from] item: Sitrus Berry\n|-damage|p1a: Basculegion|86/100|[from] Recoil\n|move|p2b: Excadrill|Earthquake|p1a: Basculegion|[spread] p2a,p1a,p1b\n|-resisted|p2a: Sinistcha|1\n|-damage|p2a: Sinistcha|49/100\n|-damage|p1a: Basculegion|30/100\n|-damage|p1b: Sableye|46/100\n|\n|-weather|RainDance|[upkeep]\n|upkeep\n|turn|5\n|\n|t:|1776404437\n|move|p2a: Sinistcha|Rage Powder|p2a: Sinistcha\n|-singleturn|p2a: Sinistcha|move: Rage Powder\n|move|p1b: Sableye|Taunt|p2a: Sinistcha\n|-start|p2a: Sinistcha|move: Taunt\n|move|p1a: Basculegion|Wave Crash|p2a: Sinistcha\n|-resisted|p2a: Sinistcha|1\n|-damage|p2a: Sinistcha|0 fnt\n|faint|p2a: Sinistcha\n|-damage|p1a: Basculegion|16/100|[from] Recoil\n|move|p2b: Excadrill|Earthquake|p1a: Basculegion|[spread] p1a,p1b\n|-damage|p1a: Basculegion|0 fnt\n|-damage|p1b: Sableye|0 fnt\n|faint|p1a: Basculegion\n|faint|p1b: Sableye\n|\n|win|Jackalope11\n|c|\u2606gimwepaw|oh my days uncle\n|inactive|gimwepaw has 30 seconds to confirm battle start!\n|inactive|Jackalope11 has 30 seconds to confirm battle start!\n|c|\u2606Jackalope11|?\n||gimwepaw is ready for game 3.\n|c|\u2606Jackalope11|why did taunt go after powder\n|inactive|Jackalope11 has 20 seconds to confirm battle start!\n||Jackalope11 is ready for game 3.\n|uhtml|next|Next: <a href=\"/battle-gen9championsvgc2026regma-2586143511\"><strong>Game 3 of 3</strong></a>\n|l|\u2606Jackalope11\n|player|p2|\n",
  "uploadtime": 1776404709,
  "views": 14,
  "formatid": "gen9championsvgc2026regma",
  "rating": null,
  "private": 0,
  "password": null
}