{
  "id": "gen9championsvgc2026regma-2584989820",
  "format": "[Gen 9 Champions] VGC 2026 Reg M-A",
  "players": [
    "aa11ss",
    "SwabLuna"
  ],
  "log": "|j|\u2606aa11ss\n|j|\u2606SwabLuna\n|t:|1776301117\n|gametype|doubles\n|player|p1|aa11ss|101|1171\n|player|p2|SwabLuna|101|1131\n|gen|9\n|tier|[Gen 9 Champions] VGC 2026 Reg M-A\n|rated|\n|rule|Species Clause: Limit one of each Pok\u00e9mon\n|rule|Item Clause: Limit 1 of each item\n|clearpoke\n|poke|p1|Charizard, L50, F|\n|poke|p1|Whimsicott, L50, M|\n|poke|p1|Garchomp, L50, M|\n|poke|p1|Incineroar, L50, M|\n|poke|p1|Kingambit, L50, M|\n|poke|p1|Basculegion, L50, M|\n|poke|p2|Medicham, L50, F|\n|poke|p2|Crabominable, L50, M|\n|poke|p2|Lycanroc, L50, M|\n|poke|p2|Sinistcha, L50|\n|poke|p2|Aerodactyl, L50, F|\n|poke|p2|Orthworm, L50, F|\n|teampreview|4\n|inactive|Battle timer is ON: inactive players will automatically lose when time's up. (requested by SwabLuna)\naa11ss rejected open team sheets.\n|\n|t:|1776301163\n|teamsize|p1|4\n|teamsize|p2|4\n|start\n|switch|p1a: Basculegion|Basculegion, L50, M, shiny|100/100\n|switch|p1b: Charizard|Charizard, L50, F, shiny|100/100\n|switch|p2a: Aerodactyl|Aerodactyl, L50, F, shiny|100/100\n|switch|p2b: Lycanroc|Lycanroc, L50, M, shiny|100/100\n|-ability|p2a: Aerodactyl|Unnerve\n|turn|1\n|inactive|aa11ss has 30 seconds left.\n|inactive|SwabLuna has 30 seconds left.\n|inactive|SwabLuna has 20 seconds left.\n|inactive|SwabLuna has 15 seconds left.\n|inactive|aa11ss has 20 seconds left.\n|\n|t:|1776301209\n|switch|p1b: Incineroar|Incineroar, L50, M|100/100\n|-ability|p1b: Incineroar|Intimidate|boost\n|-unboost|p2a: Aerodactyl|atk|1\n|-unboost|p2b: Lycanroc|atk|1\n|move|p2b: Lycanroc|Rock Slide|p1a: Basculegion|[spread] p1a,p1b\n|-supereffective|p1b: Incineroar|1\n|-damage|p1a: Basculegion|73/100\n|-damage|p1b: Incineroar|71/100\n|move|p1a: Basculegion|Flip Turn|p2b: Lycanroc\n|-supereffective|p2b: Lycanroc|1\n|-damage|p2b: Lycanroc|0 fnt\n|faint|p2b: Lycanroc\n|\n|t:|1776301221\n|switch|p1a: Kingambit|Kingambit, L50, M, shiny|100/100|[from] Flip Turn\n|move|p2a: Aerodactyl|Rock Slide|p1b: Incineroar|[spread] p1a,p1b\n|-resisted|p1a: Kingambit|1\n|-supereffective|p1b: Incineroar|1\n|-damage|p1a: Kingambit|95/100\n|-damage|p1b: Incineroar|44/100\n|\n|-heal|p1b: Incineroar|50/100|[from] item: Leftovers\n|upkeep\n|\n|t:|1776301237\n|switch|p2b: Ms. Buff|Medicham, L50, F, shiny|100/100\n|turn|2\n|inactive|SwabLuna has 30 seconds left.\n|inactive|SwabLuna has 20 seconds left.\n|inactive|SwabLuna has 15 seconds left.\n|\n|t:|1776301279\n|switch|p1a: Basculegion|Basculegion, L50, M, shiny|73/100\n|move|p2b: Ms. Buff|Fake Out|p1b: Incineroar\n|-damage|p1b: Incineroar|40/100\n|cant|p1b: Incineroar|flinch\n|move|p2a: Aerodactyl|Tailwind|p2a: Aerodactyl\n|-sidestart|p2: SwabLuna|move: Tailwind\n|\n|-heal|p1b: Incineroar|46/100|[from] item: Leftovers\n|upkeep\n|turn|3\n|inactive|aa11ss has 30 seconds left.\n|inactive|SwabLuna has 30 seconds left.\n|inactive|aa11ss has 20 seconds left.\n|inactive|SwabLuna has 20 seconds left.\n|inactive|aa11ss has 15 seconds left.\n|\n|t:|1776301320\n|switch|p2b: Sinistcha|Sinistcha, L50|100/100\n|move|p2a: Aerodactyl|Protect|p2a: Aerodactyl\n|-singleturn|p2a: Aerodactyl|Protect\n|move|p1a: Basculegion|Flip Turn|p2a: Aerodactyl\n|-activate|p2a: Aerodactyl|move: Protect\n|move|p1b: Incineroar|Parting Shot|p2a: Aerodactyl\n|-activate|p2a: Aerodactyl|move: Protect\n|\n|-heal|p1b: Incineroar|52/100|[from] item: Leftovers\n|upkeep\n|turn|4\n|\n|t:|1776301337\n|move|p2b: Sinistcha|Rage Powder|p2b: Sinistcha\n|-singleturn|p2b: Sinistcha|move: Rage Powder\n|move|p2a: Aerodactyl|Rock Slide|p1a: Basculegion|[spread] p1b\n|-miss|p2a: Aerodactyl|p1a: Basculegion\n|-supereffective|p1b: Incineroar|1\n|-damage|p1b: Incineroar|28/100\n|move|p1a: Basculegion|Flip Turn|p2b: Sinistcha\n|-resisted|p2b: Sinistcha|1\n|-damage|p2b: Sinistcha|87/100\n|\n|t:|1776301343\n|switch|p1a: Kingambit|Kingambit, L50, M, shiny|95/100|[from] Flip Turn\n|move|p1b: Incineroar|Parting Shot|p2b: Sinistcha\n|-unboost|p2b: Sinistcha|atk|1\n|-unboost|p2b: Sinistcha|spa|1\n|\n|t:|1776301346\n|switch|p1b: Basculegion|Basculegion, L50, M, shiny|73/100|[from] Parting Shot\n|\n|-heal|p2b: Sinistcha|93/100|[from] item: Leftovers\n|upkeep\n|turn|5\n|inactive|SwabLuna has 30 seconds left.\n|\n|t:|1776301380\n|move|p2a: Aerodactyl|Rock Slide|p1b: Basculegion|[spread] p1a,p1b\n|-resisted|p1a: Kingambit|1\n|-damage|p1a: Kingambit|89/100\n|-damage|p1b: Basculegion|52/100\n|move|p1b: Basculegion|Flip Turn|p2a: Aerodactyl\n|-supereffective|p2a: Aerodactyl|1\n|-enditem|p2a: Aerodactyl|Focus Sash\n|-damage|p2a: Aerodactyl|1/100\n|\n|t:|1776301390\n|switch|p1b: Incineroar|Incineroar, L50, M|28/100|[from] Flip Turn\n|-ability|p1b: Incineroar|Intimidate|boost\n|-unboost|p2a: Aerodactyl|atk|1\n|-unboost|p2b: Sinistcha|atk|1\n|move|p2b: Sinistcha|Matcha Gotcha|p1b: Incineroar|[spread] p1a,p1b\n|-resisted|p1a: Kingambit|1\n|-resisted|p1b: Incineroar|1\n|-damage|p1a: Kingambit|80/100\n|-heal|p2b: Sinistcha|98/100|[from] drain|[of] p1a: Kingambit\n|-damage|p1b: Incineroar|21/100\n|-heal|p2b: Sinistcha|100/100|[from] drain|[of] p1b: Incineroar\n|-status|p1a: Kingambit|brn\n|move|p1a: Kingambit|Kowtow Cleave|p2b: Sinistcha\n|-supereffective|p2b: Sinistcha|1\n|-damage|p2b: Sinistcha|66/100\n|\n|-heal|p2b: Sinistcha|72/100|[from] item: Leftovers\n|-heal|p1b: Incineroar|27/100|[from] item: Leftovers\n|-damage|p1a: Kingambit|74/100 brn|[from] brn\n|-sideend|p2: SwabLuna|move: Tailwind\n|upkeep\n|turn|6\n|inactive|aa11ss has 30 seconds left.\n|inactive|SwabLuna has 30 seconds left.\n|inactive|aa11ss has 20 seconds left.\n|inactive|SwabLuna has 20 seconds left.\n|inactive|aa11ss has 15 seconds left.\n|inactive|aa11ss has 10 seconds left.\n|\n|t:|1776301438\n|switch|p2a: Ms. Buff|Medicham, L50, F, shiny|100/100\n|switch|p1a: Basculegion|Basculegion, L50, M, shiny|52/100\n|move|p1b: Incineroar|Fake Out|p2a: Ms. Buff\n|-damage|p2a: Ms. Buff|86/100\n|move|p2b: Sinistcha|Matcha Gotcha|p1a: Basculegion|[spread] p1a,p1b\n|-supereffective|p1a: Basculegion|1\n|-resisted|p1b: Incineroar|1\n|-damage|p1a: Basculegion|9/100\n|-heal|p2b: Sinistcha|96/100|[from] drain|[of] p1a: Basculegion\n|-damage|p1b: Incineroar|19/100\n|-heal|p2b: Sinistcha|100/100|[from] drain|[of] p1b: Incineroar\n|\n|-heal|p1b: Incineroar|25/100|[from] item: Leftovers\n|upkeep\n|turn|7\n|\n|t:|1776301459\n|move|p2a: Ms. Buff|Fake Out|p1b: Incineroar\n|-damage|p1b: Incineroar|14/100\n|move|p2b: Sinistcha|Rage Powder|p2b: Sinistcha\n|-singleturn|p2b: Sinistcha|move: Rage Powder\n|move|p1a: Basculegion|Last Respects|p2b: Sinistcha\n|-supereffective|p2b: Sinistcha|1\n|-damage|p2b: Sinistcha|51/100\n|cant|p1b: Incineroar|flinch\n|\n|-heal|p2b: Sinistcha|57/100|[from] item: Leftovers\n|-heal|p1b: Incineroar|20/100|[from] item: Leftovers\n|upkeep\n|turn|8\n|inactive|SwabLuna has 30 seconds left.\n|\n|t:|1776301493\n|switch|p1a: Kingambit|Kingambit, L50, M, shiny|74/100 brn\n|switch|p1b: Charizard|Charizard, L50, F, shiny|100/100\n|move|p2a: Ms. Buff|Protect|p2a: Ms. Buff\n|-singleturn|p2a: Ms. Buff|Protect\n|move|p2b: Sinistcha|Matcha Gotcha|p1a: Kingambit|[spread] p1a,p1b\n|-resisted|p1a: Kingambit|1\n|-resisted|p1b: Charizard|2\n|-damage|p1a: Kingambit|65/100 brn\n|-heal|p2b: Sinistcha|62/100|[from] drain|[of] p1a: Kingambit\n|-damage|p1b: Charizard|97/100\n|-heal|p2b: Sinistcha|65/100|[from] drain|[of] p1b: Charizard\n|\n|-heal|p2b: Sinistcha|71/100|[from] item: Leftovers\n|-damage|p1a: Kingambit|59/100 brn|[from] brn\n|upkeep\n|turn|9\n|\n|t:|1776301518\n|detailschange|p1b: Charizard|Charizard-Mega-Y, L50, F, shiny\n|-mega|p1b: Charizard|Charizard|Charizardite Y\n|-weather|SunnyDay|[from] ability: Drought|[of] p1b: Charizard\n|move|p2b: Sinistcha|Protect|p2b: Sinistcha\n|-singleturn|p2b: Sinistcha|Protect\n|move|p2a: Ms. Buff|Acupressure|p2b: Sinistcha\n|-boost|p2b: Sinistcha|accuracy|2\n|move|p1b: Charizard|Heat Wave|p2b: Sinistcha|[spread] \n|-activate|p2b: Sinistcha|move: Protect\n|-miss|p1b: Charizard|p2a: Ms. Buff\n|move|p1a: Kingambit|Kowtow Cleave|p2b: Sinistcha\n|-activate|p2b: Sinistcha|move: Protect\n|\n|-weather|SunnyDay|[upkeep]\n|-heal|p2b: Sinistcha|77/100|[from] item: Leftovers\n|-damage|p1a: Kingambit|53/100 brn|[from] brn\n|upkeep\n|turn|10\n|inactive|aa11ss has 30 seconds left.\n|inactive|SwabLuna has 30 seconds left.\n|\n|t:|1776301551\n|move|p2a: Ms. Buff|Acupressure|p2b: Sinistcha\n|-boost|p2b: Sinistcha|spa|2\n|move|p1b: Charizard|Heat Wave|p2b: Sinistcha|[spread] p2a,p2b\n|-supereffective|p2b: Sinistcha|1\n|-damage|p2a: Ms. Buff|2/100\n|-damage|p2b: Sinistcha|0 fnt\n|-status|p2a: Ms. Buff|brn\n|faint|p2b: Sinistcha\n|move|p1a: Kingambit|Kowtow Cleave|p2a: Ms. Buff\n|-damage|p2a: Ms. Buff|0 fnt\n|faint|p2a: Ms. Buff\n|\n|-weather|SunnyDay|[upkeep]\n|-damage|p1a: Kingambit|47/100 brn|[from] brn\n|upkeep\n|\n|t:|1776301565\n|switch|p2b: Aerodactyl|Aerodactyl, L50, F, shiny|1/100\n|-ability|p2b: Aerodactyl|Unnerve\n|turn|11\n|\n|t:|1776301574\n|move|p1a: Kingambit|Sucker Punch|p2b: Aerodactyl\n|-damage|p2b: Aerodactyl|0 fnt\n|faint|p2b: Aerodactyl\n|\n|win|aa11ss\n|raw|aa11ss's rating: 1171 &rarr; <strong>1193</strong><br />(+22 for winning)\n|raw|SwabLuna's rating: 1131 &rarr; <strong>1109</strong><br />(-22 for losing)\n",
  "uploadtime": 1776301582,
  "views": 30,
  "formatid": "gen9championsvgc2026regma",
  "rating": 1109,
  "private": 0,
  "password": null
}