{
  "id": "gen9championsvgc2026regma-2582266604",
  "format": "[Gen 9 Champions] VGC 2026 Reg M-A",
  "players": [
    "DragoooonX",
    "colfox"
  ],
  "log": "|j|\u2606DragoooonX\n|j|\u2606colfox\n|t:|1776077884\n|gametype|doubles\n|player|p1|DragoooonX|102|1000\n|player|p2|colfox|1|1000\n|gen|9\n|tier|[Gen 9 Champions] VGC 2026 Reg M-A\n|rated|\n|rule|Species Clause: Limit one of each Pok\u00e9mon\n|rule|Item Clause: Limit 1 of each item\n|clearpoke\n|poke|p1|Kleavor, L50, M|\n|poke|p1|Samurott-Hisui, L50, M|\n|poke|p1|Meganium, L50, M|\n|poke|p1|Hydreigon, L50, M|\n|poke|p1|Tinkaton, L50, F|\n|poke|p1|Gardevoir, L50, M|\n|poke|p2|Ninetales, L50, M|\n|poke|p2|Dragonite, L50, M|\n|poke|p2|Sylveon, L50, F|\n|poke|p2|Milotic, L50, M|\n|poke|p2|Delphox, L50, F|\n|poke|p2|Garchomp, L50, M|\n|teampreview|4\n|\n|t:|1776077951\n|teamsize|p1|4\n|teamsize|p2|4\n|start\n|switch|p1a: Kleavor|Kleavor, L50, M|100/100\n|switch|p1b: Samurott|Samurott-Hisui, L50, M|100/100\n|switch|p2a: Delphox|Delphox, L50, F|100/100\n|switch|p2b: Garchomp|Garchomp, L50, M|100/100\n|turn|1\n|\n|t:|1776077982\n|detailschange|p2a: Delphox|Delphox-Mega, L50, F\n|-mega|p2a: Delphox|Delphox|Delphoxite\n|move|p2a: Delphox|Protect|p2a: Delphox\n|-singleturn|p2a: Delphox|Protect\n|move|p2b: Garchomp|Rock Slide|p1b: Samurott|[spread] p1a,p1b\n|-supereffective|p1a: Kleavor|1\n|-damage|p1a: Kleavor|52/100\n|-damage|p1b: Samurott|75/100\n|move|p1b: Samurott|Ceaseless Edge|p2a: Delphox\n|-activate|p2a: Delphox|move: Protect\n|move|p1a: Kleavor|Stone Axe|p2a: Delphox\n|-activate|p2a: Delphox|move: Protect\n|\n|upkeep\n|turn|2\n|\n|t:|1776078009\n|switch|p2a: Dragonite|Dragonite, L50, M|100/100\n|move|p2b: Garchomp|Rock Slide|p1b: Samurott|[spread] p1a,p1b\n|-supereffective|p1a: Kleavor|1\n|-damage|p1a: Kleavor|0 fnt\n|-damage|p1b: Samurott|50/100\n|faint|p1a: Kleavor\n|cant|p1b: Samurott|flinch\n|\n|upkeep\n|\n|t:|1776078021\n|switch|p1a: Hydreigon|Hydreigon, L50, M|100/100\n|turn|3\n|\n|t:|1776078044\n|move|p2b: Garchomp|Protect|p2b: Garchomp\n|-singleturn|p2b: Garchomp|Protect\n|move|p1a: Hydreigon|Draco Meteor|p2a: Dragonite\n|-supereffective|p2a: Dragonite|1\n|-enditem|p2a: Dragonite|Focus Sash\n|-damage|p2a: Dragonite|1/100\n|-unboost|p1a: Hydreigon|spa|2\n|move|p1b: Samurott|Razor Shell|p2b: Garchomp\n|-activate|p2b: Garchomp|move: Protect\n|move|p2a: Dragonite|Tailwind|p2a: Dragonite\n|-sidestart|p2: colfox|move: Tailwind\n|\n|upkeep\n|turn|4\n|\n|t:|1776078066\n|move|p2b: Garchomp|Rock Slide|p1b: Samurott|[spread] \n|-miss|p2b: Garchomp|p1a: Hydreigon\n|-miss|p2b: Garchomp|p1b: Samurott\n|move|p2a: Dragonite|Dragon Claw|p1b: Samurott\n|-damage|p1b: Samurott|0 fnt\n|faint|p1b: Samurott\n|move|p1a: Hydreigon|Draco Meteor|p2b: Garchomp\n|-supereffective|p2b: Garchomp|1\n|-damage|p2b: Garchomp|31/100\n|-unboost|p1a: Hydreigon|spa|2\n|\n|upkeep\n|\n|t:|1776078077\n|switch|p1b: Tinkaton|Tinkaton, L50, F|100/100\n|turn|5\n|\n|t:|1776078098\n|move|p2a: Dragonite|Extreme Speed|p1b: Tinkaton\n|-resisted|p1b: Tinkaton|1\n|-damage|p1b: Tinkaton|80/100\n|move|p2b: Garchomp|Earthquake|p1b: Tinkaton|[spread] p1b\n|-immune|p2a: Dragonite\n|-immune|p1a: Hydreigon|[from] ability: Levitate\n|-supereffective|p1b: Tinkaton|1\n|-damage|p1b: Tinkaton|0 fnt\n|faint|p1b: Tinkaton\n|move|p1a: Hydreigon|Dark Pulse|p2b: Garchomp\n|-damage|p2b: Garchomp|15/100\n|\n|upkeep\n|turn|6\n|-message|DragoooonX forfeited.\n|\n|win|colfox\n|raw|DragoooonX's rating: 1000 &rarr; <strong>1000</strong><br />(+0 for losing)\n|raw|colfox's rating: 1000 &rarr; <strong>1040</strong><br />(+40 for winning)\n|l|\u2606DragoooonX\n|player|p1|\n",
  "uploadtime": 1776078127,
  "views": 23,
  "formatid": "gen9championsvgc2026regma",
  "rating": 1000,
  "private": 0,
  "password": null
}