{
  "id": "gen9championsvgc2026regma-2581859864",
  "format": "[Gen 9 Champions] VGC 2026 Reg M-A",
  "players": [
    "CorporateBrimstone",
    "omochao0"
  ],
  "log": "|j|\u2606CorporateBrimstone\n|j|\u2606omochao0\n|t:|1776034417\n|gametype|doubles\n|player|p1|CorporateBrimstone|coin|1096\n|player|p2|omochao0|170|1132\n|gen|9\n|tier|[Gen 9 Champions] VGC 2026 Reg M-A\n|rated|\n|rule|Species Clause: Limit one of each Pok\u00e9mon\n|rule|Item Clause: Limit 1 of each item\n|clearpoke\n|poke|p1|Slowbro, L50, M|\n|poke|p1|Weavile, L50, M|\n|poke|p1|Sinistcha, L50|\n|poke|p1|Floette-Eternal, L50, F|\n|poke|p1|Aegislash, L50, F|\n|poke|p1|Garchomp, L50, F|\n|poke|p2|Hatterene, L50, F|\n|poke|p2|Chesnaught, L50, M|\n|poke|p2|Camerupt, L50, F|\n|poke|p2|Incineroar, L50, M|\n|poke|p2|Farigiraf, L50, M|\n|poke|p2|Zoroark-Hisui, L50, F|\n|teampreview|4\n|inactive|Battle timer is ON: inactive players will automatically lose when time's up. (requested by CorporateBrimstone)\n|\n|t:|1776034451\n|teamsize|p1|4\n|teamsize|p2|4\n|start\n|switch|p1a: Slowbro|Slowbro, L50, M|100/100\n|switch|p1b: Weavile|Weavile, L50, M|100/100\n|switch|p2a: Incineroar|Incineroar, L50, M|100/100\n|switch|p2b: Farigiraf|Farigiraf, L50, M|100/100\n|-ability|p1b: Weavile|Pressure\n|-ability|p2a: Incineroar|Intimidate|boost\n|-fail|p1a: Slowbro|unboost|Attack|[from] ability: Oblivious|[of] p1a: Slowbro\n|-unboost|p1b: Weavile|atk|1\n|turn|1\n|\n|t:|1776034474\n|move|p2a: Incineroar|Fake Out|p1b: Weavile\n|-damage|p1b: Weavile|79/100\n|cant|p1b: Weavile|flinch\n|move|p1a: Slowbro|Amnesia|p1a: Slowbro\n|-boost|p1a: Slowbro|spd|2\n|move|p2b: Farigiraf|Trick Room|p2b: Farigiraf\n|-fieldstart|move: Trick Room|[of] p2b: Farigiraf\n|\n|upkeep\n|turn|2\n|\n|t:|1776034488\n|switch|p2b: Chesnaught|Chesnaught, L50, M, shiny|100/100\n|switch|p1b: Garchomp|Garchomp, L50, F|100/100\n|detailschange|p1a: Slowbro|Slowbro-Mega, L50, M\n|-mega|p1a: Slowbro|Slowbro|Slowbronite\n|move|p1a: Slowbro|Iron Defense|p1a: Slowbro\n|-boost|p1a: Slowbro|def|2\n|move|p2a: Incineroar|Flare Blitz|p1b: Garchomp\n|-resisted|p1b: Garchomp|1\n|-damage|p1b: Garchomp|73/100\n|-damage|p2a: Incineroar|88/100|[from] ability: Rough Skin|[of] p1b: Garchomp\n|-damage|p2a: Incineroar|80/100|[from] Recoil\n|\n|upkeep\n|turn|3\n|\n|t:|1776034510\n|detailschange|p2b: Chesnaught|Chesnaught-Mega, L50, M, shiny\n|-mega|p2b: Chesnaught|Chesnaught|Chesnaughtite\n|move|p1a: Slowbro|Iron Defense|p1a: Slowbro\n|-boost|p1a: Slowbro|def|2\n|move|p2b: Chesnaught|Wood Hammer|p1b: Garchomp\n|-damage|p1b: Garchomp|2/100\n|-damage|p2b: Chesnaught|88/100|[from] ability: Rough Skin|[of] p1b: Garchomp\n|-damage|p2b: Chesnaught|66/100|[from] Recoil\n|move|p2a: Incineroar|Darkest Lariat|p1a: Slowbro\n|-supereffective|p1a: Slowbro|1\n|-damage|p1a: Slowbro|53/100\n|move|p1b: Garchomp|Stomping Tantrum|p2a: Incineroar\n|-supereffective|p2a: Incineroar|1\n|-damage|p2a: Incineroar|5/100\n|-enditem|p2a: Incineroar|Sitrus Berry|[eat]\n|-heal|p2a: Incineroar|30/100|[from] item: Sitrus Berry\n|\n|upkeep\n|turn|4\n|\n|t:|1776034531\n|switch|p1b: Sinistcha|Sinistcha, L50|100/100\n|-heal|p1a: Slowbro|78/100|[from] ability: Hospitality|[of] p1b: Sinistcha\n|move|p1a: Slowbro|Body Press|p2a: Incineroar\n|-supereffective|p2a: Incineroar|1\n|-damage|p2a: Incineroar|0 fnt\n|faint|p2a: Incineroar\n|move|p2b: Chesnaught|Wood Hammer|p1a: Slowbro\n|-supereffective|p1a: Slowbro|1\n|-damage|p1a: Slowbro|50/100\n|-damage|p2b: Chesnaught|57/100|[from] Recoil\n|\n|upkeep\n|\n|t:|1776034542\n|switch|p2a: Hatterene|Hatterene, L50, F|100/100\n|turn|5\n|\n|t:|1776034557\n|move|p2a: Hatterene|Mystical Fire|p1b: Sinistcha\n|-supereffective|p1b: Sinistcha|1\n|-damage|p1b: Sinistcha|62/100\n|-unboost|p1b: Sinistcha|spa|1\n|move|p1a: Slowbro|Slack Off|p1a: Slowbro\n|-heal|p1a: Slowbro|99/100\n|move|p2b: Chesnaught|Knock Off|p1b: Sinistcha\n|-supereffective|p1b: Sinistcha|1\n|-damage|p1b: Sinistcha|0 fnt\n|-enditem|p1b: Sinistcha|Sitrus Berry|[from] move: Knock Off|[of] p2b: Chesnaught\n|faint|p1b: Sinistcha\n|\n|-fieldend|move: Trick Room\n|upkeep\n|\n|t:|1776034566\n|switch|p1b: Weavile|Weavile, L50, M|79/100\n|-ability|p1b: Weavile|Pressure\n|turn|6\n|\n|t:|1776034581\n|move|p2b: Chesnaught|Spiky Shield|p2b: Chesnaught\n|-singleturn|p2b: Chesnaught|move: Protect\n|move|p1b: Weavile|Fling|p2a: Hatterene\n|-damage|p2a: Hatterene|88/100\n|-enditem|p1b: Weavile|King's Rock|[from] move: Fling\n|move|p1a: Slowbro|Body Press|p2b: Chesnaught\n|-activate|p2b: Chesnaught|move: Protect\n|-damage|p1a: Slowbro|88/100|[from] Spiky Shield|[of] p2b: Chesnaught\n|cant|p2a: Hatterene|flinch\n|\n|upkeep\n|turn|7\n|\n|t:|1776034608\n|move|p1b: Weavile|Triple Axel|p2b: Chesnaught\n|-supereffective|p2b: Chesnaught|1\n|-damage|p2b: Chesnaught|45/100\n|-supereffective|p2b: Chesnaught|1\n|-damage|p2b: Chesnaught|20/100\n|-supereffective|p2b: Chesnaught|1\n|-damage|p2b: Chesnaught|0 fnt\n|faint|p2b: Chesnaught\n|-hitcount|p2: Chesnaught|3\n|move|p1a: Slowbro|Body Press|p2a: Hatterene\n|-resisted|p2a: Hatterene|2\n|-damage|p2a: Hatterene|69/100\n|move|p2a: Hatterene|Trick Room|p2a: Hatterene\n|-fieldstart|move: Trick Room|[of] p2a: Hatterene\n|\n|upkeep\n|\n|t:|1776034611\n|switch|p2b: Farigiraf|Farigiraf, L50, M|100/100\n|turn|8\n|\n|t:|1776034622\n|move|p2b: Farigiraf|Helping Hand|p2a: Hatterene\n|-singleturn|p2a: Hatterene|Helping Hand|[of] p2b: Farigiraf\n|move|p2a: Hatterene|Dazzling Gleam|p1a: Slowbro|[spread] p1a,p1b\n|-supereffective|p1b: Weavile|1\n|-damage|p1a: Slowbro|72/100\n|-damage|p1b: Weavile|0 fnt\n|faint|p1b: Weavile\n|move|p1a: Slowbro|Amnesia|p1a: Slowbro\n|-boost|p1a: Slowbro|spd|2\n|\n|upkeep\n|\n|t:|1776034628\n|switch|p1b: Garchomp|Garchomp, L50, F|2/100\n|turn|9\n|\n|t:|1776034638\n|move|p1b: Garchomp|Protect|p1b: Garchomp\n|-singleturn|p1b: Garchomp|Protect\n|move|p2a: Hatterene|Dazzling Gleam|p1a: Slowbro|[spread] p1a\n|-activate|p1b: Garchomp|move: Protect\n|-damage|p1a: Slowbro|66/100\n|move|p1a: Slowbro|Amnesia|p1a: Slowbro\n|-boost|p1a: Slowbro|spd|2\n|move|p2b: Farigiraf|Psychic|p1a: Slowbro\n|-resisted|p1a: Slowbro|1\n|-damage|p1a: Slowbro|63/100\n|-unboost|p1a: Slowbro|spd|1\n|\n|upkeep\n|turn|10\n|\n|t:|1776034651\n|move|p1b: Garchomp|Protect||[still]\n|-fail|p1b: Garchomp\n|move|p2a: Hatterene|Dazzling Gleam|p1a: Slowbro|[spread] p1a,p1b\n|-supereffective|p1b: Garchomp|1\n|-damage|p1a: Slowbro|57/100\n|-damage|p1b: Garchomp|0 fnt\n|faint|p1b: Garchomp\n|move|p1a: Slowbro|Body Press|p2b: Farigiraf\n|-damage|p2b: Farigiraf|32/100\n|move|p2b: Farigiraf|Psychic|p1a: Slowbro\n|-resisted|p1a: Slowbro|1\n|-damage|p1a: Slowbro|53/100\n|\n|upkeep\n|turn|11\n|\n|t:|1776034662\n|move|p2b: Farigiraf|Protect|p2b: Farigiraf\n|-singleturn|p2b: Farigiraf|Protect\n|move|p2a: Hatterene|Dazzling Gleam|p1a: Slowbro\n|-damage|p1a: Slowbro|46/100\n|move|p1a: Slowbro|Slack Off|p1a: Slowbro\n|-heal|p1a: Slowbro|96/100\n|\n|-fieldend|move: Trick Room\n|upkeep\n|turn|12\n|\n|t:|1776034682\n|move|p2b: Farigiraf|Protect||[still]\n|-fail|p2b: Farigiraf\n|move|p1a: Slowbro|Body Press|p2b: Farigiraf\n|-damage|p2b: Farigiraf|0 fnt\n|faint|p2b: Farigiraf\n|move|p2a: Hatterene|Dazzling Gleam|p1a: Slowbro\n|-damage|p1a: Slowbro|88/100\n|\n|upkeep\n|turn|13\n|-message|omochao0 forfeited.\n|\n|win|CorporateBrimstone\n|raw|CorporateBrimstone's rating: 1096 &rarr; <strong>1124</strong><br />(+28 for winning)\n|raw|omochao0's rating: 1132 &rarr; <strong>1104</strong><br />(-28 for losing)\n|l|\u2606omochao0\n|player|p2|\n",
  "uploadtime": 1776034688,
  "views": 24,
  "formatid": "gen9championsvgc2026regma",
  "rating": 1104,
  "private": 0,
  "password": null
}