{
  "id": "gen9championsvgc2026regma-2582051852",
  "format": "[Gen 9 Champions] VGC 2026 Reg M-A",
  "players": [
    "funnymangav",
    "itsjustsomni"
  ],
  "log": "|j|\u2606funnymangav\n|j|\u2606itsjustsomni\n|t:|1776052166\n|gametype|doubles\n|player|p1|funnymangav|dawn|1086\n|player|p2|itsjustsomni|cyrus|1000\n|gen|9\n|tier|[Gen 9 Champions] VGC 2026 Reg M-A\n|rated|\n|rule|Species Clause: Limit one of each Pok\u00e9mon\n|rule|Item Clause: Limit 1 of each item\n|clearpoke\n|poke|p1|Gengar, L50, M|\n|poke|p1|Aerodactyl, L50, M|\n|poke|p1|Conkeldurr, L50, F|\n|poke|p1|Weavile, L50, F|\n|poke|p1|Whimsicott, L50, M|\n|poke|p1|Bellibolt, L50, M|\n|poke|p2|Charizard, L50, F|\n|poke|p2|Venusaur, L50, F|\n|poke|p2|Whimsicott, L50, F|\n|poke|p2|Incineroar, L50, F|\n|poke|p2|Gardevoir, L50, M|\n|poke|p2|Garchomp, L50, M|\n|teampreview|4\n|inactive|Battle timer is ON: inactive players will automatically lose when time's up. (requested by itsjustsomni)\n|inactive|funnymangav also wants the timer to be on.\n|\n|t:|1776052183\n|teamsize|p1|4\n|teamsize|p2|4\n|start\n|switch|p1a: :3|Gengar, L50, M|100/100\n|switch|p1b: Bird|Aerodactyl, L50, M|100/100\n|switch|p2a: Charizard|Charizard, L50, F, shiny|100/100\n|switch|p2b: Whimsicott|Whimsicott, L50, F|100/100\n|-ability|p1b: Bird|Unnerve\n|turn|1\n|inactive|itsjustsomni has 30 seconds left.\n|\n|t:|1776052208\n|detailschange|p1a: :3|Gengar-Mega, L50, M\n|-mega|p1a: :3|Gengar|Gengarite\n|detailschange|p2a: Charizard|Charizard-Mega-Y, L50, F, shiny\n|-mega|p2a: Charizard|Charizard|Charizardite Y\n|-weather|SunnyDay|[from] ability: Drought|[of] p2a: Charizard\n|move|p1a: :3|Protect|p1a: :3\n|-singleturn|p1a: :3|Protect\n|move|p2b: Whimsicott|Taunt|p1a: :3\n|-activate|p1a: :3|move: Protect\n|move|p1b: Bird|Rock Slide|p2a: Charizard|[spread] p2a,p2b\n|-supereffective|p2a: Charizard|2\n|-crit|p2b: Whimsicott\n|-damage|p2a: Charizard|0 fnt\n|-damage|p2b: Whimsicott|55/100\n|faint|p2a: Charizard\n|\n|-weather|SunnyDay|[upkeep]\n|upkeep\n|\n|t:|1776052222\n|switch|p2a: Incineroar|Incineroar, L50, F|100/100\n|-ability|p2a: Incineroar|Intimidate|boost\n|-unboost|p1a: :3|atk|1\n|-unboost|p1b: Bird|atk|1\n|turn|2\n|\n|t:|1776052230\n|switch|p1a: Fat Man|Conkeldurr, L50, F|100/100\n|move|p1b: Bird|Taunt|p2b: Whimsicott\n|-start|p2b: Whimsicott|move: Taunt\n|move|p2b: Whimsicott|Moonblast|p1b: Bird\n|-damage|p1b: Bird|60/100\n|move|p2a: Incineroar|Flare Blitz|p1a: Fat Man\n|-damage|p1a: Fat Man|28/100\n|-damage|p2a: Incineroar|75/100|[from] Recoil\n|\n|-weather|SunnyDay|[upkeep]\n|upkeep\n|turn|3\n|inactive|itsjustsomni has 30 seconds left.\n|\n|t:|1776052264\n|move|p1a: Fat Man|Protect|p1a: Fat Man\n|-singleturn|p1a: Fat Man|Protect\n|move|p1b: Bird|Rock Slide|p2b: Whimsicott|[spread] p2a,p2b\n|-supereffective|p2a: Incineroar|1\n|-damage|p2a: Incineroar|46/100\n|-damage|p2b: Whimsicott|37/100\n|move|p2b: Whimsicott|Moonblast|p1a: Fat Man\n|-activate|p1a: Fat Man|move: Protect\n|move|p2a: Incineroar|Parting Shot|p1b: Bird\n|-unboost|p1b: Bird|atk|1\n|-unboost|p1b: Bird|spa|1\n|\n|t:|1776052276\n|switch|p2a: Venusaur|Venusaur, L50, F|100/100|[from] Parting Shot\n|\n|-weather|SunnyDay|[upkeep]\n|upkeep\n|turn|4\n|\n|t:|1776052292\n|move|p2a: Venusaur|Giga Drain|p1b: Bird\n|-damage|p1b: Bird|13/100\n|move|p1b: Bird|Tailwind|p1b: Bird\n|-sidestart|p1: funnymangav|move: Tailwind\n|move|p2b: Whimsicott|Moonblast|p1a: Fat Man\n|-supereffective|p1a: Fat Man|1\n|-damage|p1a: Fat Man|0 fnt\n|faint|p1a: Fat Man\n|\n|-weather|SunnyDay|[upkeep]\n|-end|p2b: Whimsicott|move: Taunt\n|upkeep\n|\n|t:|1776052299\n|switch|p1a: :3|Gengar-Mega, L50, M|100/100\n|turn|5\n|\n|t:|1776052314\n|move|p2b: Whimsicott|Taunt|p1a: :3\n|-start|p1a: :3|move: Taunt\n|move|p1b: Bird|Rock Slide|p2b: Whimsicott|[spread] p2a,p2b\n|-damage|p2a: Venusaur|86/100\n|-damage|p2b: Whimsicott|23/100\n|cant|p1a: :3|move: Taunt|Nasty Plot\n|cant|p2a: Venusaur|flinch\n|\n|-weather|none\n|upkeep\n|turn|6\n|\n|t:|1776052332\n|move|p1b: Bird|Taunt|p2b: Whimsicott\n|-start|p2b: Whimsicott|move: Taunt\n|move|p1a: :3|Sludge Bomb|p2a: Venusaur\n|-damage|p2a: Venusaur|22/100\n|move|p2b: Whimsicott|Moonblast|p1b: Bird\n|-damage|p1b: Bird|0 fnt\n|faint|p1b: Bird\n|move|p2a: Venusaur|Sleep Powder|p1a: :3|[miss]\n|-miss|p2a: Venusaur|p1a: :3\n|\n|upkeep\n|\n|t:|1776052337\n|switch|p1b: Plant|Whimsicott, L50, M|100/100\n|turn|7\n|\n|t:|1776052350\n|move|p2a: Venusaur|Protect|p2a: Venusaur\n|-singleturn|p2a: Venusaur|Protect\n|move|p1b: Plant|Moonblast|p2b: Whimsicott\n|-damage|p2b: Whimsicott|0 fnt\n|faint|p2b: Whimsicott\n|move|p1a: :3|Sludge Bomb|p2a: Venusaur\n|-activate|p2a: Venusaur|move: Protect\n|\n|-end|p1a: :3|move: Taunt\n|-sideend|p1: funnymangav|move: Tailwind\n|upkeep\n|\n|t:|1776052356\n|switch|p2b: Incineroar|Incineroar, L50, F|46/100\n|-enditem|p2b: Incineroar|Sitrus Berry|[eat]\n|-heal|p2b: Incineroar|71/100|[from] item: Sitrus Berry\n|-ability|p2b: Incineroar|Intimidate|boost\n|-unboost|p1a: :3|atk|1\n|-unboost|p1b: Plant|atk|1\n|turn|8\n|inactive|itsjustsomni has 30 seconds left.\n|\n|t:|1776052383\n|move|p1b: Plant|Moonblast|p2b: Incineroar\n|-damage|p2b: Incineroar|48/100\n|move|p1a: :3|Sludge Bomb|p2a: Venusaur\n|-damage|p2a: Venusaur|0 fnt\n|faint|p2a: Venusaur\n|move|p2b: Incineroar|Flare Blitz|p1a: :3\n|-damage|p1a: :3|15/100\n|-damage|p2b: Incineroar|28/100|[from] Recoil\n|\n|upkeep\n|turn|9\n|\n|t:|1776052392\n|move|p1b: Plant|Moonblast|p2b: Incineroar\n|-damage|p2b: Incineroar|8/100\n|move|p1a: :3|Sludge Bomb|p2b: Incineroar\n|-damage|p2b: Incineroar|0 fnt\n|faint|p2b: Incineroar\n|\n|win|funnymangav\n|raw|funnymangav's rating: 1086 &rarr; <strong>1107</strong><br />(+21 for winning)\n|raw|itsjustsomni's rating: 1000 &rarr; <strong>1000</strong><br />(+0 for losing)\n",
  "uploadtime": 1776052395,
  "views": 18,
  "formatid": "gen9championsvgc2026regma",
  "rating": 1000,
  "private": 0,
  "password": null
}