{
  "id": "gen9championsvgc2026regma-2582967474",
  "format": "[Gen 9 Champions] VGC 2026 Reg M-A",
  "players": [
    "JD20shoots3s",
    "Nerdyteaaddict"
  ],
  "log": "|j|\u2606JD20shoots3s\n|j|\u2606Nerdyteaaddict\n|t:|1776129274\n|gametype|doubles\n|player|p1|JD20shoots3s|hoopster|1096\n|player|p2|Nerdyteaaddict|266|1019\n|gen|9\n|tier|[Gen 9 Champions] VGC 2026 Reg M-A\n|rated|\n|rule|Species Clause: Limit one of each Pok\u00e9mon\n|rule|Item Clause: Limit 1 of each item\n|clearpoke\n|poke|p1|Farigiraf, L50, F|\n|poke|p1|Corviknight, L50, M|\n|poke|p1|Araquanid, L50, F|\n|poke|p1|Kingambit, L50, M|\n|poke|p1|Scovillain, L50, M|\n|poke|p1|Sinistcha, L50|\n|poke|p2|Azumarill, L50, F|\n|poke|p2|Farigiraf, L50, F|\n|poke|p2|Incineroar, L50, M|\n|poke|p2|Floette-Eternal, L50, F|\n|poke|p2|Pelipper, L50, M|\n|poke|p2|Sinistcha, L50|\n|teampreview|4\n|inactive|Battle timer is ON: inactive players will automatically lose when time's up. (requested by JD20shoots3s)\nNerdyteaaddict has agreed to open team sheets.\n|inactive|JD20shoots3s has 60 seconds left.\n|\n|t:|1776129306\n|teamsize|p1|4\n|teamsize|p2|4\n|start\n|switch|p1a: Farigiraf|Farigiraf, L50, F|100/100\n|switch|p1b: Corviknight|Corviknight, L50, M|100/100\n|switch|p2a: Azumarill|Azumarill, L50, F|100/100\n|switch|p2b: Incineroar|Incineroar, L50, M|100/100\n|-ability|p2b: Incineroar|Intimidate|boost\n|-unboost|p1a: Farigiraf|atk|1\n|-ability|p1b: Corviknight|Mirror Armor\n|-unboost|p2b: Incineroar|atk|1\n|turn|1\n|inactive|Nerdyteaaddict has 30 seconds left.\n|\n|t:|1776129336\n|move|p2a: Azumarill|Protect|p2a: Azumarill\n|-singleturn|p2a: Azumarill|Protect\n|move|p2b: Incineroar|Darkest Lariat|p1a: Farigiraf\n|-supereffective|p1a: Farigiraf|1\n|-damage|p1a: Farigiraf|55/100\n|move|p1b: Corviknight|Tailwind|p1b: Corviknight\n|-sidestart|p1: JD20shoots3s|move: Tailwind\n|move|p1a: Farigiraf|Hyper Voice|p2a: Azumarill|[spread] p2b\n|-activate|p2a: Azumarill|move: Protect\n|-damage|p2b: Incineroar|68/100\n|\n|upkeep\n|turn|2\n|inactive|JD20shoots3s has 30 seconds left.\n|\n|t:|1776129367\n|switch|p1a: Scovillain|Scovillain, L50, M|100/100\n|switch|p2a: Farigiraf|Farigiraf, L50, F|100/100\n|move|p1b: Corviknight|Iron Defense|p1b: Corviknight\n|-boost|p1b: Corviknight|def|2\n|move|p2b: Incineroar|Flare Blitz|p1b: Corviknight\n|-supereffective|p1b: Corviknight|1\n|-damage|p1b: Corviknight|82/100\n|-damage|p2b: Incineroar|60/100|[from] Recoil\n|\n|-heal|p1b: Corviknight|88/100|[from] item: Leftovers\n|-ability|p1a: Scovillain|Moody|boost\n|-boost|p1a: Scovillain|def|2\n|-unboost|p1a: Scovillain|spe|1\n|upkeep\n|turn|3\n|inactive|JD20shoots3s has 30 seconds left.\n|inactive|Nerdyteaaddict has 30 seconds left.\n|inactive|JD20shoots3s has 20 seconds left.\n|inactive|Nerdyteaaddict has 20 seconds left.\n|inactive|JD20shoots3s has 15 seconds left.\n|inactive|JD20shoots3s has 10 seconds left.\n|\n|t:|1776129412\n|detailschange|p1a: Scovillain|Scovillain-Mega, L50, M\n|-mega|p1a: Scovillain|Scovillain|Scovillainite\n|move|p1b: Corviknight|Body Press|p2b: Incineroar\n|-supereffective|p2b: Incineroar|1\n|-damage|p2b: Incineroar|0 fnt\n|faint|p2b: Incineroar\n|move|p1a: Scovillain|Leech Seed|p2a: Farigiraf\n|-start|p2a: Farigiraf|move: Leech Seed\n|move|p2a: Farigiraf|Psychic|p1b: Corviknight\n|-resisted|p1b: Corviknight|1\n|-damage|p1b: Corviknight|64/100\n|\n|-heal|p1b: Corviknight|70/100|[from] item: Leftovers\n|-damage|p2a: Farigiraf|88/100|[from] Leech Seed|[of] p1a: Scovillain\n|upkeep\n|\n|t:|1776129424\n|switch|p2b: Sinistcha|Sinistcha, L50|100/100\n|-heal|p2a: Farigiraf|100/100|[from] ability: Hospitality|[of] p2b: Sinistcha\n|turn|4\n|\n|t:|1776129447\n|move|p2a: Farigiraf|Protect|p2a: Farigiraf\n|-singleturn|p2a: Farigiraf|Protect\n|move|p2b: Sinistcha|Rage Powder|p2b: Sinistcha\n|-singleturn|p2b: Sinistcha|move: Rage Powder\n|move|p1b: Corviknight|Iron Defense|p1b: Corviknight\n|-boost|p1b: Corviknight|def|2\n|move|p1a: Scovillain|Flamethrower|p2b: Sinistcha\n|-supereffective|p2b: Sinistcha|1\n|-damage|p2b: Sinistcha|15/100\n|\n|-heal|p1b: Corviknight|76/100|[from] item: Leftovers\n|-heal|p2b: Sinistcha|21/100|[from] item: Leftovers\n|-damage|p2a: Farigiraf|88/100|[from] Leech Seed|[of] p1a: Scovillain\n|-sideend|p1: JD20shoots3s|move: Tailwind\n|upkeep\n|turn|5\n|inactive|JD20shoots3s has 30 seconds left.\n|inactive|JD20shoots3s has 20 seconds left.\n|\n|t:|1776129484\n|move|p2a: Farigiraf|Hyper Voice|p1b: Corviknight|[spread] p1a,p1b\n|-resisted|p1b: Corviknight|1\n|-damage|p1a: Scovillain|62/100\n|-damage|p1b: Corviknight|61/100\n|-status|p2a: Farigiraf|brn|[from] ability: Spicy Spray|[of] p1a: Scovillain\n|move|p2b: Sinistcha|Life Dew|p2b: Sinistcha|[spread] p2a,p2b\n|-heal|p2a: Farigiraf|100/100 brn\n|-heal|p2b: Sinistcha|46/100\n|move|p1b: Corviknight|Iron Defense|p1b: Corviknight\n|-boost|p1b: Corviknight|def|2\n|move|p1a: Scovillain|Flamethrower|p2b: Sinistcha\n|-supereffective|p2b: Sinistcha|1\n|-damage|p2b: Sinistcha|0 fnt\n|faint|p2b: Sinistcha\n|\n|-heal|p1b: Corviknight|67/100|[from] item: Leftovers\n|-damage|p2a: Farigiraf|88/100 brn|[from] Leech Seed|[of] p1a: Scovillain\n|-heal|p1a: Scovillain|75/100|[silent]\n|-damage|p2a: Farigiraf|82/100 brn|[from] brn\n|upkeep\n|\n|t:|1776129502\n|switch|p2b: Azumarill|Azumarill, L50, F|100/100\n|turn|6\n|inactive|Nerdyteaaddict has 30 seconds left.\n|\n|t:|1776129529\n|move|p1a: Scovillain|Rage Powder|p1a: Scovillain\n|-singleturn|p1a: Scovillain|move: Rage Powder\n|move|p2a: Farigiraf|Hyper Voice|p1a: Scovillain|[spread] p1a,p1b\n|-resisted|p1b: Corviknight|1\n|-damage|p1a: Scovillain|35/100\n|-damage|p1b: Corviknight|52/100\n|move|p2b: Azumarill|Belly Drum|p2b: Azumarill\n|-damage|p2b: Azumarill|51/100\n|-setboost|p2b: Azumarill|atk|6|[from] move: Belly Drum\n|move|p1b: Corviknight|Body Press|p2a: Farigiraf\n|-damage|p2a: Farigiraf|0 fnt\n|faint|p2a: Farigiraf\n|\n|-heal|p1b: Corviknight|58/100|[from] item: Leftovers\n|upkeep\n|turn|7\n|\n|t:|1776129551\n|move|p1a: Scovillain|Rage Powder|p1a: Scovillain\n|-singleturn|p1a: Scovillain|move: Rage Powder\n|move|p2b: Azumarill|Play Rough|p1a: Scovillain\n|-resisted|p1a: Scovillain|1\n|-damage|p1a: Scovillain|0 fnt\n|-status|p2b: Azumarill|brn|[from] ability: Spicy Spray|[of] p1a: Scovillain\n|faint|p1a: Scovillain\n|move|p1b: Corviknight|Body Press|p2b: Azumarill\n|-resisted|p2b: Azumarill|1\n|-damage|p2b: Azumarill|0 fnt\n|faint|p2b: Azumarill\n|\n|win|JD20shoots3s\n|raw|JD20shoots3s's rating: 1096 &rarr; <strong>1116</strong><br />(+20 for winning)\n|raw|Nerdyteaaddict's rating: 1019 &rarr; <strong>1009</strong><br />(-10 for losing)\n",
  "uploadtime": 1776129563,
  "views": 11,
  "formatid": "gen9championsvgc2026regma",
  "rating": 1009,
  "private": 0,
  "password": null
}