{
  "id": "gen9championsvgc2026regma-2588887335",
  "format": "[Gen 9 Champions] VGC 2026 Reg M-A",
  "players": [
    "Zapdos79",
    "lato_18"
  ],
  "log": "|j|\u2606Zapdos79\n|j|\u2606lato_18\n|t:|1776682569\n|gametype|doubles\n|player|p1|Zapdos79|flannery|1195\n|player|p2|lato_18|102|1238\n|gen|9\n|tier|[Gen 9 Champions] VGC 2026 Reg M-A\n|rated|\n|rule|Species Clause: Limit one of each Pok\u00e9mon\n|rule|Item Clause: Limit 1 of each item\n|clearpoke\n|poke|p1|Tyranitar, L50, F|\n|poke|p1|Basculegion, L50, M|\n|poke|p1|Excadrill, L50, F|\n|poke|p1|Meganium, L50, F|\n|poke|p1|Farigiraf, L50, F|\n|poke|p1|Incineroar, L50, F|\n|poke|p2|Scizor, L50, F|\n|poke|p2|Pelipper, L50, M|\n|poke|p2|Basculegion, L50, M|\n|poke|p2|Sableye, L50, M|\n|poke|p2|Sneasler, L50, F|\n|poke|p2|Wyrdeer, L50, M|\n|teampreview|4\n|\n|t:|1776682636\n|teamsize|p1|4\n|teamsize|p2|4\n|start\n|switch|p1a: Farigiraf|Farigiraf, L50, F|100/100\n|switch|p1b: Incineroar|Incineroar, L50, F|100/100\n|switch|p2a: Sableye|Sableye, L50, M|100/100\n|switch|p2b: Wyrdeer|Wyrdeer, L50, M|100/100\n|-ability|p2b: Wyrdeer|Intimidate|boost\n|-unboost|p1a: Farigiraf|atk|1\n|-unboost|p1b: Incineroar|atk|1\n|-ability|p1b: Incineroar|Intimidate|boost\n|-unboost|p2a: Sableye|atk|1\n|-unboost|p2b: Wyrdeer|atk|1\n|turn|1\n|\n|t:|1776682654\n|move|p1a: Farigiraf|Thunder Wave|p2b: Wyrdeer\n|-status|p2b: Wyrdeer|par\n|move|p2a: Sableye|Foul Play|p1a: Farigiraf\n|-supereffective|p1a: Farigiraf|1\n|-damage|p1a: Farigiraf|60/100\n|move|p1b: Incineroar|Flare Blitz|p2a: Sableye\n|-damage|p2a: Sableye|43/100\n|-damage|p1b: Incineroar|86/100|[from] Recoil\n|move|p2b: Wyrdeer|Earth Power|p1b: Incineroar\n|-supereffective|p1b: Incineroar|1\n|-damage|p1b: Incineroar|41/100\n|-enditem|p1b: Incineroar|Sitrus Berry|[eat]\n|-heal|p1b: Incineroar|66/100|[from] item: Sitrus Berry\n|\n|-heal|p1a: Farigiraf|66/100|[from] item: Leftovers\n|upkeep\n|turn|2\n|\n|t:|1776682673\n|move|p1a: Farigiraf|Ally Switch|p1a: Farigiraf\n|swap|p1a: Farigiraf|1|[from] move: Ally Switch\n|move|p2a: Sableye|Light Screen|p2a: Sableye\n|-sidestart|p2: lato_18|move: Light Screen\n|move|p1a: Incineroar|Flare Blitz|p2a: Sableye\n|-damage|p2a: Sableye|0 fnt\n|faint|p2a: Sableye\n|-damage|p1a: Incineroar|55/100|[from] Recoil\n|move|p2b: Wyrdeer|Earth Power|p1b: Farigiraf\n|-crit|p1b: Farigiraf\n|-damage|p1b: Farigiraf|42/100\n|\n|-heal|p1b: Farigiraf|49/100|[from] item: Leftovers\n|upkeep\n|\n|t:|1776682685\n|switch|p2a: Sneasler|Sneasler, L50, F|100/100\n|turn|3\n|\n|t:|1776682700\n|move|p1b: Farigiraf|Protect|p1b: Farigiraf\n|-singleturn|p1b: Farigiraf|Protect\n|move|p2a: Sneasler|Fake Out||[still]\n|cant|p1b: Farigiraf|ability: Armor Tail|Fake Out|[of] p2a: Sneasler\n|move|p1a: Incineroar|Parting Shot|p2b: Wyrdeer\n|-unboost|p2b: Wyrdeer|atk|1\n|-unboost|p2b: Wyrdeer|spa|1\n|\n|t:|1776682707\n|switch|p1a: Meganium|Meganium, L50, F|100/100|[from] Parting Shot\n|move|p2b: Wyrdeer|Earth Power|p1a: Meganium\n|-resisted|p1a: Meganium|1\n|-damage|p1a: Meganium|92/100\n|\n|-heal|p1b: Farigiraf|55/100|[from] item: Leftovers\n|upkeep\n|turn|4\n|\n|t:|1776682720\n|detailschange|p1a: Meganium|Meganium-Mega, L50, F\n|-mega|p1a: Meganium|Meganium|Meganiumite\n|move|p1a: Meganium|Protect|p1a: Meganium\n|-singleturn|p1a: Meganium|Protect\n|move|p2a: Sneasler|Dire Claw|p1a: Meganium\n|-activate|p1a: Meganium|move: Protect\n|move|p1b: Farigiraf|Psychic|p2a: Sneasler\n|-supereffective|p2a: Sneasler|2\n|-damage|p2a: Sneasler|0 fnt\n|faint|p2a: Sneasler\n|move|p2b: Wyrdeer|Earth Power|p1b: Farigiraf\n|-damage|p1b: Farigiraf|44/100\n|-unboost|p1b: Farigiraf|spd|1\n|\n|-heal|p1b: Farigiraf|50/100|[from] item: Leftovers\n|upkeep\n|\n|t:|1776682727\n|switch|p2a: Scizor|Scizor, L50, F|100/100\n|turn|5\n|\n|t:|1776682745\n|switch|p1a: Incineroar|Incineroar, L50, F|55/100\n|-ability|p1a: Incineroar|Intimidate|boost\n|-unboost|p2a: Scizor|atk|1\n|-unboost|p2b: Wyrdeer|atk|1\n|detailschange|p2a: Scizor|Scizor-Mega, L50, F\n|-mega|p2a: Scizor|Scizor|Scizorite\n|move|p1b: Farigiraf|Ally Switch|p1b: Farigiraf\n|swap|p1b: Farigiraf|0|[from] move: Ally Switch\n|move|p2a: Scizor|Swords Dance|p2a: Scizor\n|-boost|p2a: Scizor|atk|2\n|cant|p2b: Wyrdeer|par\n|\n|-heal|p1a: Farigiraf|56/100|[from] item: Leftovers\n|upkeep\n|turn|6\n|\n|t:|1776682768\n|move|p1b: Incineroar|Fake Out|p2a: Scizor\n|-resisted|p2a: Scizor|1\n|-damage|p2a: Scizor|95/100\n|cant|p2a: Scizor|flinch\n|move|p1a: Farigiraf|Thunder Wave|p2a: Scizor\n|-status|p2a: Scizor|par\n|move|p2b: Wyrdeer|Earth Power|p1b: Incineroar\n|-supereffective|p1b: Incineroar|1\n|-damage|p1b: Incineroar|29/100\n|-unboost|p1b: Incineroar|spd|1\n|\n|-heal|p1a: Farigiraf|62/100|[from] item: Leftovers\n|-sideend|p2: lato_18|move: Light Screen\n|upkeep\n|turn|7\n|\n|t:|1776682792\n|cant|p2a: Scizor|par\n|move|p1a: Farigiraf|Psychic|p2b: Wyrdeer\n|-resisted|p2b: Wyrdeer|1\n|-damage|p2b: Wyrdeer|83/100 par\n|move|p1b: Incineroar|Flare Blitz|p2a: Scizor\n|-supereffective|p2a: Scizor|2\n|-damage|p2a: Scizor|0 fnt\n|faint|p2a: Scizor\n|-damage|p1b: Incineroar|2/100|[from] Recoil\n|move|p2b: Wyrdeer|Earth Power|p1b: Incineroar\n|-supereffective|p1b: Incineroar|1\n|-damage|p1b: Incineroar|0 fnt\n|faint|p1b: Incineroar\n|\n|-heal|p1a: Farigiraf|68/100|[from] item: Leftovers\n|-heal|p2b: Wyrdeer|89/100 par|[from] item: Leftovers\n|upkeep\n|-message|lato_18 forfeited.\n|\n|win|Zapdos79\n|raw|Zapdos79's rating: 1195 &rarr; <strong>1223</strong><br />(+28 for winning)\n|raw|lato_18's rating: 1238 &rarr; <strong>1210</strong><br />(-28 for losing)\n|l|\u2606lato_18\n|player|p2|\n",
  "uploadtime": 1776682824,
  "views": 10,
  "formatid": "gen9championsvgc2026regma",
  "rating": 1210,
  "private": 0,
  "password": null
}