{
  "id": "gen9championsvgc2026regma-2589407374",
  "format": "[Gen 9 Champions] VGC 2026 Reg M-A",
  "players": [
    "Cazador492",
    "aplapl"
  ],
  "log": "|j|\u203dCazador492\n|j|\u2606aplapl\n|t:|1776720427\n|gametype|doubles\n|player|p1|Cazador492|skyla|1082\n|player|p2|aplapl|101|1076\n|gen|9\n|tier|[Gen 9 Champions] VGC 2026 Reg M-A\n|rated|\n|rule|Species Clause: Limit one of each Pok\u00e9mon\n|rule|Item Clause: Limit 1 of each item\n|clearpoke\n|poke|p1|Blastoise, L50, F, shiny|\n|poke|p1|Basculegion, L50, M|\n|poke|p1|Whimsicott, L50, F|\n|poke|p1|Sinistcha, L50|\n|poke|p1|Kingambit, L50, F|\n|poke|p1|Sneasler, L50, F|\n|poke|p2|Torkoal, L50, M|\n|poke|p2|Hatterene, L50, F|\n|poke|p2|Oranguru, L50, M|\n|poke|p2|Golurk, L50|\n|poke|p2|Clefable, L50, F|\n|poke|p2|Crabominable, L50, M|\n|teampreview|4\nCazador492 rejected open team sheets.\n|\n|t:|1776720457\n|teamsize|p1|4\n|teamsize|p2|4\n|start\n|switch|p1a: Kingambit|Kingambit, L50, F|100/100\n|switch|p1b: Blastoise|Blastoise, L50, F, shiny|100/100\n|switch|p2a: Clefable|Clefable, L50, F|100/100\n|switch|p2b: Hatterene|Hatterene, L50, F|100/100\n|turn|1\n|inactive|Battle timer is ON: inactive players will automatically lose when time's up. (requested by aplapl)\n|\n|t:|1776720481\n|detailschange|p1b: Blastoise|Blastoise-Mega, L50, F, shiny\n|-mega|p1b: Blastoise|Blastoise|Blastoisinite\n|move|p2a: Clefable|Follow Me|p2a: Clefable\n|-singleturn|p2a: Clefable|move: Follow Me\n|move|p1b: Blastoise|Water Spout|p2a: Clefable|[spread] p2a,p2b\n|-damage|p2a: Clefable|50/100\n|-damage|p2b: Hatterene|30/100\n|-enditem|p2a: Clefable|Sitrus Berry|[eat]\n|-heal|p2a: Clefable|75/100|[from] item: Sitrus Berry\n|move|p1a: Kingambit|Kowtow Cleave|p2a: Clefable\n|-resisted|p2a: Clefable|1\n|-damage|p2a: Clefable|50/100\n|move|p2b: Hatterene|Trick Room|p2b: Hatterene\n|-fieldstart|move: Trick Room|[of] p2b: Hatterene\n|\n|upkeep\n|turn|2\n|\n|t:|1776720505\n|move|p1a: Kingambit|Sucker Punch|p2b: Hatterene\n|-damage|p2b: Hatterene|0 fnt\n|faint|p2b: Hatterene\n|move|p2a: Clefable|Dazzling Gleam|p1b: Blastoise|[spread] p1a,p1b\n|-damage|p1a: Kingambit|82/100\n|-damage|p1b: Blastoise|80/100\n|move|p1b: Blastoise|Water Spout|p2a: Clefable\n|-damage|p2a: Clefable|0 fnt\n|faint|p2a: Clefable\n|\n|upkeep\n|\n|t:|1776720517\n|switch|p2b: Torkoal|Torkoal, L50, M|100/100\n|switch|p2a: Crabominable|Crabominable, L50, M|100/100\n|-weather|SunnyDay|[from] ability: Drought|[of] p2b: Torkoal\n|turn|3\n|\n|t:|1776720531\n|detailschange|p2a: Crabominable|Crabominable-Mega, L50, M\n|-mega|p2a: Crabominable|Crabominable|Crabominite\n|move|p1a: Kingambit|Protect|p1a: Kingambit\n|-singleturn|p1a: Kingambit|Protect\n|move|p1b: Blastoise|Protect|p1b: Blastoise\n|-singleturn|p1b: Blastoise|Protect\n|move|p2b: Torkoal|Eruption|p1b: Blastoise|[spread] \n|-activate|p1a: Kingambit|move: Protect\n|-activate|p1b: Blastoise|move: Protect\n|move|p2a: Crabominable|Thunder Punch|p1b: Blastoise\n|-activate|p1b: Blastoise|move: Protect\n|\n|-weather|SunnyDay|[upkeep]\n|upkeep\n|turn|4\n|inactive|Cazador492 has 30 seconds left.\n|inactive|Cazador492 has 20 seconds left.\n|inactive|Cazador492 has 15 seconds left.\n|\n|t:|1776720575\n|move|p2b: Torkoal|Solar Beam||[still]\n|-prepare|p2b: Torkoal|Solar Beam\n|-anim|p2b: Torkoal|Solar Beam|p1b: Blastoise\n|-supereffective|p1b: Blastoise|1\n|-damage|p1b: Blastoise|15/100\n|move|p2a: Crabominable|Drain Punch|p1a: Kingambit\n|-supereffective|p1a: Kingambit|2\n|-enditem|p1a: Kingambit|Chople Berry|[eat]\n|-enditem|p1a: Kingambit|Chople Berry|[weaken]\n|-damage|p1a: Kingambit|0 fnt\n|faint|p1a: Kingambit\n|move|p1b: Blastoise|Water Spout|p2b: Torkoal|[spread] p2a,p2b\n|-supereffective|p2b: Torkoal|1\n|-damage|p2a: Crabominable|97/100\n|-damage|p2b: Torkoal|87/100\n|\n|-weather|SunnyDay|[upkeep]\n|upkeep\n|\n|t:|1776720593\n|switch|p1a: Whimsicott|Whimsicott, L50, F|100/100\n|turn|5\n|\n|t:|1776720601\n|switch|p1b: Sinistcha|Sinistcha, L50|100/100\n|move|p1a: Whimsicott|Encore|p2b: Torkoal\n|-start|p2b: Torkoal|Encore\n|move|p2b: Torkoal|Solar Beam||[still]\n|-prepare|p2b: Torkoal|Solar Beam\n|-anim|p2b: Torkoal|Solar Beam|p1a: Whimsicott\n|-resisted|p1a: Whimsicott|1\n|-damage|p1a: Whimsicott|80/100\n|move|p2a: Crabominable|Ice Punch|p1a: Whimsicott\n|-supereffective|p1a: Whimsicott|1\n|-damage|p1a: Whimsicott|0 fnt\n|faint|p1a: Whimsicott\n|\n|-weather|SunnyDay|[upkeep]\n|-fieldend|move: Trick Room\n|upkeep\n|\n|t:|1776720616\n|switch|p1a: Blastoise|Blastoise-Mega, L50, F, shiny|15/100\n|turn|6\n|\n|t:|1776720628\n|move|p1a: Blastoise|Protect|p1a: Blastoise\n|-singleturn|p1a: Blastoise|Protect\n|move|p2a: Crabominable|Protect|p2a: Crabominable\n|-singleturn|p2a: Crabominable|Protect\n|move|p1b: Sinistcha|Life Dew||[still]|[spread] p1a,p1b\n|-heal|p1a: Blastoise|40/100\n|-fail|p1b: Sinistcha|heal\n|move|p2b: Torkoal|Solar Beam||[still]\n|-prepare|p2b: Torkoal|Solar Beam\n|-anim|p2b: Torkoal|Solar Beam|p1a: Blastoise\n|-activate|p1a: Blastoise|move: Protect\n|\n|-weather|SunnyDay|[upkeep]\n|upkeep\n|turn|7\n|inactive|Cazador492 has 30 seconds left.\n|inactive|Cazador492 has 20 seconds left.\n|inactive|Cazador492 has 15 seconds left.\n|inactive|Cazador492 has 10 seconds left.\n|inactive|Cazador492 has 5 seconds left.\n|\n|t:|1776720680\n|move|p1b: Sinistcha|Rage Powder|p1b: Sinistcha\n|-singleturn|p1b: Sinistcha|move: Rage Powder\n|move|p1a: Blastoise|Water Spout|p2a: Crabominable|[spread] p2a,p2b\n|-supereffective|p2b: Torkoal|1\n|-damage|p2a: Crabominable|86/100\n|-damage|p2b: Torkoal|55/100\n|move|p2a: Crabominable|Thunder Punch|p1b: Sinistcha\n|-resisted|p1b: Sinistcha|1\n|-damage|p1b: Sinistcha|87/100\n|move|p2b: Torkoal|Solar Beam||[still]\n|-prepare|p2b: Torkoal|Solar Beam\n|-anim|p2b: Torkoal|Solar Beam|p1b: Sinistcha\n|-resisted|p1b: Sinistcha|1\n|-damage|p1b: Sinistcha|66/100\n|\n|-weather|none\n|-end|p2b: Torkoal|Encore\n|upkeep\n|turn|8\n|\n|t:|1776720705\n|move|p1a: Blastoise|Water Spout|p2a: Crabominable|[spread] p2a,p2b\n|-supereffective|p2b: Torkoal|1\n|-damage|p2a: Crabominable|64/100\n|-damage|p2b: Torkoal|0 fnt\n|faint|p2b: Torkoal\n|move|p1b: Sinistcha|Life Dew|p1b: Sinistcha|[spread] p1a,p1b\n|-heal|p1a: Blastoise|65/100\n|-heal|p1b: Sinistcha|92/100\n|move|p2a: Crabominable|Ice Punch|p1b: Sinistcha\n|-supereffective|p1b: Sinistcha|1\n|-damage|p1b: Sinistcha|0 fnt\n|faint|p1b: Sinistcha\n|\n|upkeep\n|turn|9\n|\n|t:|1776720721\n|move|p1a: Blastoise|Aura Sphere|p2a: Crabominable\n|-supereffective|p2a: Crabominable|1\n|-damage|p2a: Crabominable|0 fnt\n|faint|p2a: Crabominable\n|\n|win|Cazador492\n|raw|Cazador492's rating: 1082 &rarr; <strong>1109</strong><br />(+27 for winning)\n|raw|aplapl's rating: 1076 &rarr; <strong>1055</strong><br />(-21 for losing)\n|l|\u2606aplapl\n|player|p2|\n",
  "uploadtime": 1776720735,
  "views": 25,
  "formatid": "gen9championsvgc2026regma",
  "rating": 1055,
  "private": 0,
  "password": null
}