{
  "id": "gen9championsvgc2026regma-2585599681",
  "format": "[Gen 9 Champions] VGC 2026 Reg M-A",
  "players": [
    "SimMikaze",
    "Uldrago"
  ],
  "log": "|j|\u2606SimMikaze\n|j|\u2606Uldrago\n|t:|1776358060\n|gametype|doubles\n|player|p1|SimMikaze|miku-ghost|1216\n|player|p2|Uldrago|steven|1184\n|gen|9\n|tier|[Gen 9 Champions] VGC 2026 Reg M-A\n|rated|\n|rule|Species Clause: Limit one of each Pok\u00e9mon\n|rule|Item Clause: Limit 1 of each item\n|clearpoke\n|poke|p1|Floette-Eternal, L50, F|\n|poke|p1|Sinistcha, L50|\n|poke|p1|Incineroar, L50, M|\n|poke|p1|Sneasler, L50, F|\n|poke|p1|Corviknight, L50, M|\n|poke|p1|Garchomp, L50, F|\n|poke|p2|Incineroar, L50, M|\n|poke|p2|Sneasler, L50, M|\n|poke|p2|Golurk, L50|\n|poke|p2|Torkoal, L50, M|\n|poke|p2|Venusaur, L50, M|\n|poke|p2|Farigiraf, L50, F|\n|teampreview|4\n|\n|t:|1776358096\n|teamsize|p1|4\n|teamsize|p2|4\n|start\n|switch|p1a: Floette|Floette-Eternal, L50, F|100/100\n|switch|p1b: Sneasler|Sneasler, L50, F|100/100\n|switch|p2a: Farigiraf|Farigiraf, L50, F|100/100\n|switch|p2b: Torkoal|Torkoal, L50, M|100/100\n|-weather|SunnyDay|[from] ability: Drought|[of] p2b: Torkoal\n|turn|1\n|inactive|Battle timer is ON: inactive players will automatically lose when time's up. (requested by Uldrago)\n|\n|t:|1776358140\n|detailschange|p1a: Floette|Floette-Mega, L50, F\n|-mega|p1a: Floette|Floette|Floettite\n|-ability|p1a: Floette|Fairy Aura\n|move|p1b: Sneasler|Dire Claw|p2a: Farigiraf\n|-damage|p2a: Farigiraf|74/100\n|move|p1a: Floette|Calm Mind|p1a: Floette\n|-boost|p1a: Floette|spa|1\n|-boost|p1a: Floette|spd|1\n|move|p2b: Torkoal|Heat Wave|p1b: Sneasler|[spread] p1a,p1b\n|-damage|p1a: Floette|75/100\n|-damage|p1b: Sneasler|30/100\n|move|p2a: Farigiraf|Trick Room|p2a: Farigiraf\n|-fieldstart|move: Trick Room|[of] p2a: Farigiraf\n|\n|-weather|SunnyDay|[upkeep]\n|upkeep\n|turn|2\n|\n|t:|1776358163\n|move|p2a: Farigiraf|Helping Hand|p2b: Torkoal\n|-singleturn|p2b: Torkoal|Helping Hand|[of] p2a: Farigiraf\n|move|p1b: Sneasler|Protect|p1b: Sneasler\n|-singleturn|p1b: Sneasler|Protect\n|move|p2b: Torkoal|Eruption|p1b: Sneasler|[spread] p1a\n|-activate|p1b: Sneasler|move: Protect\n|-damage|p1a: Floette|12/100\n|move|p1a: Floette|Dazzling Gleam|p2a: Farigiraf|[spread] p2a,p2b\n|-resisted|p2b: Torkoal|1\n|-damage|p2a: Farigiraf|2/100\n|-damage|p2b: Torkoal|60/100\n|\n|-weather|SunnyDay|[upkeep]\n|upkeep\n|turn|3\n|inactive|SimMikaze has 30 seconds left.\n|\n|t:|1776358191\n|switch|p1b: Sinistcha|Sinistcha, L50, shiny|100/100\n|-heal|p1a: Floette|36/100|[from] ability: Hospitality|[of] p1b: Sinistcha\n|move|p2a: Farigiraf|Helping Hand|p2b: Torkoal\n|-singleturn|p2b: Torkoal|Helping Hand|[of] p2a: Farigiraf\n|move|p1a: Floette|Protect|p1a: Floette\n|-singleturn|p1a: Floette|Protect\n|move|p2b: Torkoal|Eruption|p1a: Floette|[spread] p1b\n|-activate|p1a: Floette|move: Protect\n|-supereffective|p1b: Sinistcha|1\n|-damage|p1b: Sinistcha|0 fnt\n|faint|p1b: Sinistcha\n|\n|-weather|SunnyDay|[upkeep]\n|upkeep\n|\n|t:|1776358213\n|switch|p1b: Sneasler|Sneasler, L50, F|30/100\n|turn|4\n|\n|t:|1776358227\n|switch|p1b: Incineroar|Incineroar, L50, M, shiny|100/100\n|-ability|p1b: Incineroar|Intimidate|boost\n|-unboost|p2a: Farigiraf|atk|1\n|-unboost|p2b: Torkoal|atk|1\n|move|p2b: Torkoal|Eruption|p1b: Incineroar|[spread] p1a,p1b\n|-resisted|p1b: Incineroar|1\n|-damage|p1a: Floette|13/100\n|-damage|p1b: Incineroar|75/100\n|move|p2a: Farigiraf|Hyper Voice|p1a: Floette|[spread] p1a,p1b\n|-damage|p1a: Floette|0 fnt\n|-damage|p1b: Incineroar|53/100\n|faint|p1a: Floette\n|\n|-weather|SunnyDay|[upkeep]\n|upkeep\n|c|\u2606SimMikaze|Noo\n|c|\u2606SimMikaze|Bearly\n|\n|t:|1776358247\n|switch|p1a: Sneasler|Sneasler, L50, F|30/100\n|turn|5\n|c|\u2606Uldrago|\"bearly\"\n|c|\u2606Uldrago|im crine\n|\n|t:|1776358265\n|move|p2a: Farigiraf|Helping Hand|p2b: Torkoal\n|-singleturn|p2b: Torkoal|Helping Hand|[of] p2a: Farigiraf\n|move|p1a: Sneasler|Protect|p1a: Sneasler\n|-singleturn|p1a: Sneasler|Protect\n|move|p2b: Torkoal|Heat Wave|p1b: Incineroar|[spread] p1b\n|-activate|p1a: Sneasler|move: Protect\n|-resisted|p1b: Incineroar|1\n|-damage|p1b: Incineroar|14/100\n|move|p1b: Incineroar|Darkest Lariat|p2a: Farigiraf\n|-supereffective|p2a: Farigiraf|1\n|-damage|p2a: Farigiraf|0 fnt\n|faint|p2a: Farigiraf\n|\n|-weather|none\n|-fieldend|move: Trick Room\n|upkeep\n|\n|t:|1776358275\n|switch|p2a: Sneasler|Sneasler, L50, M|100/100\n|turn|6\n|c|\u2606SimMikaze|That was maximum roll\n|inactive|SimMikaze has 30 seconds left.\n|-message|SimMikaze forfeited.\n|\n|win|Uldrago\n|raw|SimMikaze's rating: 1216 &rarr; <strong>1189</strong><br />(-27 for losing)\n|raw|Uldrago's rating: 1184 &rarr; <strong>1211</strong><br />(+27 for winning)\n",
  "uploadtime": 1776358305,
  "views": 23,
  "formatid": "gen9championsvgc2026regma",
  "rating": 1189,
  "private": 0,
  "password": null
}