{
  "id": "gen9championsvgc2026regma-2584140631",
  "format": "[Gen 9 Champions] VGC 2026 Reg M-A",
  "players": [
    "cerdicactus",
    "effluxi"
  ],
  "log": "|j|\u2606cerdicactus\n|j|\u2606effluxi\n|t:|1776229803\n|gametype|doubles\n|player|p1|cerdicactus|juan|1313\n|player|p2|effluxi|roxie|1228\n|gen|9\n|tier|[Gen 9 Champions] VGC 2026 Reg M-A\n|rated|\n|rule|Species Clause: Limit one of each Pok\u00e9mon\n|rule|Item Clause: Limit 1 of each item\n|clearpoke\n|poke|p1|Raichu, L50, F|\n|poke|p1|Serperior, L50, M|\n|poke|p1|Pelipper, L50, F|\n|poke|p1|Scovillain, L50, M|\n|poke|p1|Milotic, L50, M|\n|poke|p1|Aegislash, L50, M|\n|poke|p2|Mimikyu, L50, F|\n|poke|p2|Sneasler, L50, M|\n|poke|p2|Golurk, L50|\n|poke|p2|Scizor, L50, F|\n|poke|p2|Hydreigon, L50, M|\n|poke|p2|Basculegion-F, L50, F|\n|teampreview|4\n|inactive|Battle timer is ON: inactive players will automatically lose when time's up. (requested by cerdicactus)\n|\n|t:|1776229867\n|teamsize|p1|4\n|teamsize|p2|4\n|start\n|switch|p1a: Scovillain|Scovillain, L50, M|100/100\n|switch|p1b: Serperior|Serperior, L50, M|100/100\n|switch|p2a: Hydreigon|Hydreigon, L50, M|100/100\n|switch|p2b: Basculegion|Basculegion-F, L50, F|100/100\n|turn|1\n|\n|t:|1776229883\n|detailschange|p1a: Scovillain|Scovillain-Mega, L50, M\n|-mega|p1a: Scovillain|Scovillain|Scovillainite\n|move|p2b: Basculegion|Protect|p2b: Basculegion\n|-singleturn|p2b: Basculegion|Protect\n|move|p1a: Scovillain|Rage Powder|p1a: Scovillain\n|-singleturn|p1a: Scovillain|move: Rage Powder\n|move|p1b: Serperior|Leaf Storm|p2b: Basculegion\n|-activate|p2b: Basculegion|move: Protect\n|move|p2a: Hydreigon|Tailwind|p2a: Hydreigon\n|-sidestart|p2: effluxi|move: Tailwind\n|\n|upkeep\n|turn|2\n|\n|t:|1776229901\n|move|p1a: Scovillain|Rage Powder|p1a: Scovillain\n|-singleturn|p1a: Scovillain|move: Rage Powder\n|move|p2a: Hydreigon|Dark Pulse|p1a: Scovillain\n|-damage|p1a: Scovillain|39/100\n|-status|p2a: Hydreigon|brn|[from] ability: Spicy Spray|[of] p1a: Scovillain\n|move|p2b: Basculegion|Ice Beam|p1a: Scovillain\n|-damage|p1a: Scovillain|5/100\n|-status|p2b: Basculegion|brn|[from] ability: Spicy Spray|[of] p1a: Scovillain\n|move|p1b: Serperior|Leaf Storm|p2b: Basculegion\n|-supereffective|p2b: Basculegion|1\n|-damage|p2b: Basculegion|0 fnt\n|-boost|p1b: Serperior|spa|2\n|faint|p2b: Basculegion\n|\n|-damage|p2a: Hydreigon|95/100 brn|[from] brn\n|upkeep\n|\n|t:|1776229913\n|switch|p2b: Syadou|Mimikyu, L50, F, shiny|100/100\n|turn|3\n|\n|t:|1776229936\n|move|p1a: Scovillain|Rage Powder|p1a: Scovillain\n|-singleturn|p1a: Scovillain|move: Rage Powder\n|move|p2a: Hydreigon|Dark Pulse|p1a: Scovillain\n|-damage|p1a: Scovillain|0 fnt\n|faint|p1a: Scovillain\n|move|p1b: Serperior|Dragon Pulse|p2a: Hydreigon\n|-supereffective|p2a: Hydreigon|1\n|-damage|p2a: Hydreigon|0 fnt\n|faint|p2a: Hydreigon\n|move|p2b: Syadou|Trick Room|p2b: Syadou\n|-fieldstart|move: Trick Room|[of] p2b: Syadou\n|\n|upkeep\n|\n|t:|1776229949\n|switch|p1a: Milotic|Milotic, L50, M|100/100\n|switch|p2a: Golurk|Golurk, L50|100/100\n|turn|4\n|\n|t:|1776229963\n|detailschange|p2a: Golurk|Golurk-Mega, L50\n|-mega|p2a: Golurk|Golurk|Golurkite\n|move|p1b: Serperior|Protect|p1b: Serperior\n|-singleturn|p1b: Serperior|Protect\n|move|p1a: Milotic|Muddy Water|p2b: Syadou|[spread] p2a\n|-miss|p1a: Milotic|p2b: Syadou\n|-supereffective|p2a: Golurk|1\n|-damage|p2a: Golurk|48/100\n|-unboost|p2a: Golurk|accuracy|1\n|move|p2a: Golurk|Thunder Punch|p1a: Milotic|[miss]\n|-miss|p2a: Golurk|p1a: Milotic\n|move|p2b: Syadou|Play Rough|p1a: Milotic\n|-damage|p1a: Milotic|60/100\n|\n|-heal|p1a: Milotic|66/100|[from] item: Leftovers\n|-sideend|p2: effluxi|move: Tailwind\n|upkeep\n|turn|5\n|\n|t:|1776229986\n|move|p2a: Golurk|Protect|p2a: Golurk\n|-singleturn|p2a: Golurk|Protect\n|move|p1a: Milotic|Muddy Water|p2a: Golurk|[spread] p2b\n|-activate|p2a: Golurk|move: Protect\n|-activate|p2b: Syadou|ability: Disguise\n|-damage|p2b: Syadou|100/100\n|-unboost|p2b: Syadou|accuracy|1\n|detailschange|p2b: Syadou|Mimikyu-Busted, L50, F, shiny\n|-damage|p2b: Syadou|88/100|[from] pokemon: Mimikyu-Busted\n|move|p2b: Syadou|Shadow Claw|p1a: Milotic\n|-damage|p1a: Milotic|32/100\n|move|p1b: Serperior|Leaf Storm|p2b: Syadou\n|-damage|p2b: Syadou|0 fnt\n|-boost|p1b: Serperior|spa|2\n|faint|p2b: Syadou\n|\n|-heal|p1a: Milotic|38/100|[from] item: Leftovers\n|upkeep\n|turn|6\n|\n|t:|1776230009\n|move|p2a: Golurk|Thunder Punch|p1a: Milotic|[miss]\n|-miss|p2a: Golurk|p1a: Milotic\n|move|p1a: Milotic|Muddy Water|p2a: Golurk\n|-supereffective|p2a: Golurk|1\n|-damage|p2a: Golurk|0 fnt\n|faint|p2a: Golurk\n|\n|win|cerdicactus\n|raw|cerdicactus's rating: 1313 &rarr; <strong>1328</strong><br />(+15 for winning)\n|raw|effluxi's rating: 1228 &rarr; <strong>1209</strong><br />(-19 for losing)\n|l|\u2606effluxi\n|player|p2|\n",
  "uploadtime": 1776230019,
  "views": 23,
  "formatid": "gen9championsvgc2026regma",
  "rating": 1209,
  "private": 0,
  "password": null
}