{
  "id": "gen9championsvgc2026regma-2584730435",
  "format": "[Gen 9 Champions] VGC 2026 Reg M-A",
  "players": [
    "wetchickenstrips",
    "PiniTera"
  ],
  "log": "|j|\u2606wetchickenstrips\n|j|\u2606PiniTera\n|t:|1776279628\n|gametype|doubles\n|player|p1|wetchickenstrips|170|1176\n|player|p2|PiniTera|lucas|1226\n|gen|9\n|tier|[Gen 9 Champions] VGC 2026 Reg M-A\n|rated|\n|rule|Species Clause: Limit one of each Pok\u00e9mon\n|rule|Item Clause: Limit 1 of each item\n|clearpoke\n|poke|p1|Charizard, L50, M|\n|poke|p1|Incineroar, L50, F|\n|poke|p1|Whimsicott, L50, M|\n|poke|p1|Venusaur, L50, F|\n|poke|p1|Garchomp, L50, M|\n|poke|p1|Rotom-Wash, L50|\n|poke|p2|Skarmory, L50, F|\n|poke|p2|Tyranitar, L50, M|\n|poke|p2|Excadrill, L50, M|\n|poke|p2|Kommo-o, L50, F|\n|poke|p2|Incineroar, L50, M|\n|poke|p2|Maushold, L50|\n|teampreview|4\n|\n|t:|1776279657\n|teamsize|p1|4\n|teamsize|p2|4\n|start\n|switch|p1a: Whimsicott|Whimsicott, L50, M|100/100\n|switch|p1b: Garchomp|Garchomp, L50, M|100/100\n|switch|p2a: Kommo-o|Kommo-o, L50, F|100/100\n|switch|p2b: Incineroar|Incineroar, L50, M, shiny|100/100\n|-ability|p2b: Incineroar|Intimidate|boost\n|-unboost|p1a: Whimsicott|atk|1\n|-unboost|p1b: Garchomp|atk|1\n|turn|1\n|\n|t:|1776279692\n|move|p2a: Kommo-o|Protect|p2a: Kommo-o\n|-singleturn|p2a: Kommo-o|Protect\n|move|p1b: Garchomp|Rock Slide|p2b: Incineroar|[spread] p2b\n|-activate|p2a: Kommo-o|move: Protect\n|-supereffective|p2b: Incineroar|1\n|-damage|p2b: Incineroar|76/100\n|move|p1a: Whimsicott|Moonblast|p2a: Kommo-o\n|-activate|p2a: Kommo-o|move: Protect\n|move|p2b: Incineroar|Parting Shot|p1b: Garchomp\n|-unboost|p1b: Garchomp|atk|1\n|-unboost|p1b: Garchomp|spa|1\n|\n|t:|1776279703\n|switch|p2b: Maushold|Maushold, L50|100/100|[from] Parting Shot\n|\n|upkeep\n|turn|2\n|\n|t:|1776279727\n|switch|p1b: Incineroar|Incineroar, L50, F|100/100\n|-ability|p1b: Incineroar|Intimidate|boost\n|-unboost|p2a: Kommo-o|atk|1\n|-unboost|p2b: Maushold|atk|1\n|move|p2b: Maushold|Follow Me|p2b: Maushold\n|-singleturn|p2b: Maushold|move: Follow Me\n|move|p1a: Whimsicott|Encore|p2b: Maushold\n|-start|p2b: Maushold|Encore\n|move|p2a: Kommo-o|Iron Defense|p2a: Kommo-o\n|-boost|p2a: Kommo-o|def|2\n|\n|upkeep\n|turn|3\n|\n|t:|1776279751\n|switch|p2b: Incineroar|Incineroar, L50, M, shiny|76/100\n|-ability|p2b: Incineroar|Intimidate|boost\n|-unboost|p1a: Whimsicott|atk|1\n|-unboost|p1b: Incineroar|atk|1\n|move|p2a: Kommo-o|Protect|p2a: Kommo-o\n|-singleturn|p2a: Kommo-o|Protect\n|move|p1b: Incineroar|Fake Out|p2b: Incineroar\n|-damage|p2b: Incineroar|69/100\n|move|p1a: Whimsicott|Moonblast|p2a: Kommo-o\n|-activate|p2a: Kommo-o|move: Protect\n|\n|upkeep\n|turn|4\n|\n|t:|1776279791\n|move|p2b: Incineroar|Fake Out|p1a: Whimsicott\n|-damage|p1a: Whimsicott|89/100\n|cant|p1a: Whimsicott|flinch\n|move|p2a: Kommo-o|Body Press|p1b: Incineroar\n|-supereffective|p1b: Incineroar|1\n|-damage|p1b: Incineroar|0 fnt\n|faint|p1b: Incineroar\n|\n|upkeep\n|\n|t:|1776279808\n|switch|p1b: Garchomp|Garchomp, L50, M|100/100\n|turn|5\n|\n|t:|1776279836\n|move|p2a: Kommo-o|Protect|p2a: Kommo-o\n|-singleturn|p2a: Kommo-o|Protect\n|move|p1a: Whimsicott|Tailwind|p1a: Whimsicott\n|-sidestart|p1: wetchickenstrips|move: Tailwind\n|move|p1b: Garchomp|Swords Dance|p1b: Garchomp\n|-boost|p1b: Garchomp|atk|2\n|move|p2b: Incineroar|Parting Shot|p1a: Whimsicott\n|-unboost|p1a: Whimsicott|atk|1\n|-unboost|p1a: Whimsicott|spa|1\n|\n|t:|1776279845\n|switch|p2b: Maushold|Maushold, L50|100/100|[from] Parting Shot\n|\n|upkeep\n|turn|6\n|\n|t:|1776279884\n|move|p2b: Maushold|Follow Me|p2b: Maushold\n|-singleturn|p2b: Maushold|move: Follow Me\n|move|p1b: Garchomp|Earthquake|p2a: Kommo-o|[spread] p1a,p2a,p2b\n|-resisted|p1a: Whimsicott|1\n|-damage|p1a: Whimsicott|53/100\n|-damage|p2a: Kommo-o|82/100\n|-damage|p2b: Maushold|0 fnt\n|faint|p2b: Maushold\n|move|p1a: Whimsicott|Moonblast|p2a: Kommo-o\n|-supereffective|p2a: Kommo-o|2\n|-damage|p2a: Kommo-o|29/100\n|move|p2a: Kommo-o|Body Press|p1b: Garchomp\n|-damage|p1b: Garchomp|23/100\n|-damage|p2a: Kommo-o|17/100|[from] ability: Rough Skin|[of] p1b: Garchomp\n|\n|-heal|p2a: Kommo-o|23/100|[from] item: Leftovers\n|upkeep\n|\n|t:|1776279900\n|switch|p2b: Incineroar|Incineroar, L50, M, shiny|69/100\n|-ability|p2b: Incineroar|Intimidate|boost\n|-unboost|p1a: Whimsicott|atk|1\n|-unboost|p1b: Garchomp|atk|1\n|turn|7\n|\n|t:|1776279919\n|move|p2a: Kommo-o|Protect|p2a: Kommo-o\n|-singleturn|p2a: Kommo-o|Protect\n|move|p1b: Garchomp|Earthquake|p2a: Kommo-o|[spread] p1a,p2b\n|-activate|p2a: Kommo-o|move: Protect\n|-resisted|p1a: Whimsicott|1\n|-supereffective|p2b: Incineroar|1\n|-damage|p1a: Whimsicott|26/100\n|-damage|p2b: Incineroar|0 fnt\n|faint|p2b: Incineroar\n|move|p1a: Whimsicott|Moonblast|p2a: Kommo-o\n|-activate|p2a: Kommo-o|move: Protect\n|\n|-heal|p2a: Kommo-o|29/100|[from] item: Leftovers\n|upkeep\n|\n|t:|1776279930\n|switch|p2b: Tyranitar|Tyranitar, L50, M, shiny|100/100\n|-weather|Sandstorm|[from] ability: Sand Stream|[of] p2b: Tyranitar\n|turn|8\n|\n|t:|1776279953\n|move|p1b: Garchomp|Earthquake|p2b: Tyranitar|[spread] p1a,p2a,p2b\n|-resisted|p1a: Whimsicott|1\n|-supereffective|p2b: Tyranitar|1\n|-damage|p1a: Whimsicott|0 fnt\n|-damage|p2a: Kommo-o|8/100\n|-damage|p2b: Tyranitar|0 fnt\n|faint|p1a: Whimsicott\n|faint|p2b: Tyranitar\n|move|p2a: Kommo-o|Body Press|p1b: Garchomp\n|-damage|p1b: Garchomp|0 fnt\n|-damage|p2a: Kommo-o|0 fnt|[from] ability: Rough Skin|[of] p1b: Garchomp\n|faint|p1b: Garchomp\n|faint|p2a: Kommo-o\n|\n|win|wetchickenstrips\n|raw|wetchickenstrips's rating: 1176 &rarr; <strong>1205</strong><br />(+29 for winning)\n|raw|PiniTera's rating: 1226 &rarr; <strong>1197</strong><br />(-29 for losing)\n|l|\u2606wetchickenstrips\n|player|p1|\n",
  "uploadtime": 1776279973,
  "views": 20,
  "formatid": "gen9championsvgc2026regma",
  "rating": 1197,
  "private": 0,
  "password": null
}