{
  "id": "gen9championsvgc2026regma-2588051554",
  "format": "[Gen 9 Champions] VGC 2026 Reg M-A",
  "players": [
    "iAmGross",
    "shu0910"
  ],
  "log": "|j|\u2606iAmGross\n|j|\u2606shu0910\n|html|<table width=\"100%\"><tr><td align=\"left\">iAmGross</td><td align=\"right\">shu0910</tr><tr><td align=\"left\"><i class=\"fa fa-circle\"></i> <i class=\"fa fa-circle-o\"></i> </td><td align=\"right\"><i class=\"fa fa-circle-o\"></i> <i class=\"fa fa-circle-o\"></i> </tr></table>\n|uhtml|bestof|<h2><strong>Game 2</strong> of <a href=\"/game-bestof3-gen9championsvgc2026regma-2588049591\">a best-of-3</a></h2>\n|t:|1776598315\n|gametype|doubles\n|player|p1|iAmGross|1|\n|player|p2|shu0910|170|\n|gen|9\n|tier|[Gen 9 Champions] VGC 2026 Reg M-A\n|rule|Species Clause: Limit one of each Pok\u00e9mon\n|rule|Item Clause: Limit 1 of each item\n|raw|<div class=\"infobox\"><details class=\"readmore\" open><summary><strong>1 custom rule:</strong></summary> Best of = 3</details></div>\n|clearpoke\n|poke|p1|Tyranitar, L50, F|\n|poke|p1|Clefable, L50, F|\n|poke|p1|Excadrill, L50, M|\n|poke|p1|Dragapult, L50, F|\n|poke|p1|Rotom-Heat, L50|\n|poke|p1|Gyarados, L50, M|\n|poke|p2|Froslass, L50, F|\n|poke|p2|Corviknight, L50, M|\n|poke|p2|Milotic, L50, M|\n|poke|p2|Ceruledge, L50, M|\n|poke|p2|Ninetales-Alola, L50, F|\n|poke|p2|Samurott-Hisui, L50, F|\n|teampreview|4\n|\n|t:|1776598365\n|teamsize|p1|4\n|teamsize|p2|4\n|start\n|switch|p1a: Tyranitar|Tyranitar, L50, F|100/100\n|switch|p1b: Rotom|Rotom-Heat, L50|100/100\n|switch|p2a: Milotic|Milotic, L50, M|100/100\n|switch|p2b: Froslass|Froslass, L50, F|100/100\n|-weather|Sandstorm|[from] ability: Sand Stream|[of] p1a: Tyranitar\n|turn|1\n|\n|t:|1776598384\n|detailschange|p2b: Froslass|Froslass-Mega, L50, F\n|-mega|p2b: Froslass|Froslass|Froslassite\n|-weather|Snowscape|[from] ability: Snow Warning|[of] p2b: Froslass\n|move|p2b: Froslass|Aurora Veil|p2b: Froslass\n|-sidestart|p2: shu0910|move: Aurora Veil\n|move|p1a: Tyranitar|Rock Slide|p2b: Froslass|[spread] p2a,p2b\n|-supereffective|p2b: Froslass|1\n|-damage|p2a: Milotic|73/100\n|-damage|p2b: Froslass|58/100\n|move|p1b: Rotom|Volt Switch|p2a: Milotic\n|-supereffective|p2a: Milotic|1\n|-damage|p2a: Milotic|24/100\n|-enditem|p2a: Milotic|Sitrus Berry|[eat]\n|-heal|p2a: Milotic|49/100|[from] item: Sitrus Berry\n|\n|t:|1776598398\n|switch|p1b: Dragapult|Dragapult, L50, F|100/100|[from] Volt Switch\n|move|p2a: Milotic|Muddy Water|p1a: Tyranitar|[spread] p1a,p1b\n|-supereffective|p1a: Tyranitar|1\n|-resisted|p1b: Dragapult|1\n|-damage|p1a: Tyranitar|46/100\n|-damage|p1b: Dragapult|80/100\n|\n|-weather|Snowscape|[upkeep]\n|upkeep\n|turn|2\n|\n|t:|1776598421\n|switch|p2b: Ninetales|Ninetales-Alola, L50, F|100/100\n|move|p1b: Dragapult|Protect|p1b: Dragapult\n|-singleturn|p1b: Dragapult|Protect\n|move|p1a: Tyranitar|Rock Slide|p2b: Ninetales|[spread] p2a,p2b\n|-supereffective|p2b: Ninetales|1\n|-damage|p2a: Milotic|25/100\n|-damage|p2b: Ninetales|62/100\n|cant|p2a: Milotic|flinch\n|\n|-weather|Snowscape|[upkeep]\n|upkeep\n|turn|3\n|\n|t:|1776598444\n|move|p2b: Ninetales|Blizzard|p1a: Tyranitar|[spread] p1a,p1b\n|-supereffective|p1b: Dragapult|1\n|-damage|p1a: Tyranitar|16/100\n|-damage|p1b: Dragapult|0 fnt\n|faint|p1b: Dragapult\n|move|p1a: Tyranitar|Rock Slide|p2a: Milotic|[spread] p2a,p2b\n|-supereffective|p2b: Ninetales|1\n|-damage|p2a: Milotic|0 fnt\n|-damage|p2b: Ninetales|19/100\n|faint|p2a: Milotic\n|\n|-weather|Snowscape|[upkeep]\n|upkeep\n|\n|t:|1776598460\n|switch|p1b: Rotom|Rotom-Heat, L50|100/100\n|switch|p2a: Samurott|Samurott-Hisui, L50, F|100/100\n|turn|4\n|\n|t:|1776598470\n|switch|p1a: Clefable|Clefable, L50, F|100/100\n|move|p2b: Ninetales|Blizzard|p1b: Rotom|[spread] p1a,p1b\n|-resisted|p1b: Rotom|1\n|-damage|p1a: Clefable|78/100\n|-damage|p1b: Rotom|78/100\n|move|p1b: Rotom|Thunderbolt|p2a: Samurott\n|-supereffective|p2a: Samurott|1\n|-damage|p2a: Samurott|0 fnt\n|faint|p2a: Samurott\n|\n|-weather|Snowscape|[upkeep]\n|upkeep\n|\n|t:|1776598480\n|switch|p2a: Froslass|Froslass-Mega, L50, F|58/100\n|turn|5\n|\n|t:|1776598495\n|move|p1b: Rotom|Protect|p1b: Rotom\n|-singleturn|p1b: Rotom|Protect\n|move|p2b: Ninetales|Blizzard|p1b: Rotom|[spread] p1a\n|-activate|p1b: Rotom|move: Protect\n|-damage|p1a: Clefable|55/100\n|move|p2a: Froslass|Blizzard|p1b: Rotom|[spread] p1a\n|-activate|p1b: Rotom|move: Protect\n|-damage|p1a: Clefable|25/100\n|move|p1a: Clefable|Flamethrower|p2b: Ninetales|[miss]\n|-miss|p1a: Clefable|p2b: Ninetales\n|\n|-weather|none\n|-sideend|p2: shu0910|move: Aurora Veil\n|upkeep\n|turn|6\n|\n|t:|1776598523\n|move|p2b: Ninetales|Blizzard|p1b: Rotom|[spread] \n|-miss|p2b: Ninetales|p1a: Clefable\n|-miss|p2b: Ninetales|p1b: Rotom\n|move|p2a: Froslass|Thunderbolt|p1a: Clefable\n|-crit|p1a: Clefable\n|-damage|p1a: Clefable|0 fnt\n|faint|p1a: Clefable\n|move|p1b: Rotom|Overheat|p2a: Froslass\n|-supereffective|p2a: Froslass|1\n|-damage|p2a: Froslass|0 fnt\n|-unboost|p1b: Rotom|spa|2\n|faint|p2a: Froslass\n|\n|upkeep\n|\n|t:|1776598531\n|switch|p1a: Tyranitar|Tyranitar, L50, F|16/100\n|-weather|Sandstorm|[from] ability: Sand Stream|[of] p1a: Tyranitar\n|turn|7\n|\n|t:|1776598537\n|move|p2b: Ninetales|Blizzard|p1a: Tyranitar|[spread] p1a,p1b\n|-resisted|p1b: Rotom|1\n|-damage|p1a: Tyranitar|0 fnt\n|-damage|p1b: Rotom|58/100\n|faint|p1a: Tyranitar\n|move|p1b: Rotom|Thunderbolt|p2b: Ninetales\n|-damage|p2b: Ninetales|0 fnt\n|faint|p2b: Ninetales\n|\n|win|iAmGross\n|c|\u2606shu0910|ggs\n|c|\u2606iAmGross|gg\n",
  "uploadtime": 1776598567,
  "views": 16,
  "formatid": "gen9championsvgc2026regma",
  "rating": null,
  "private": 0,
  "password": null
}