{
  "id": "gen9championsvgc2026regma-2587489902",
  "format": "[Gen 9 Champions] VGC 2026 Reg M-A",
  "players": [
    "garciaandreu105",
    "trubbishtyler"
  ],
  "log": "|j|\u2606garciaandreu105\n|j|\u2606trubbishtyler\n|t:|1776536200\n|gametype|doubles\n|player|p1|garciaandreu105|266|1129\n|player|p2|trubbishtyler|burglar|1145\n|gen|9\n|tier|[Gen 9 Champions] VGC 2026 Reg M-A\n|rated|\n|rule|Species Clause: Limit one of each Pok\u00e9mon\n|rule|Item Clause: Limit 1 of each item\n|clearpoke\n|poke|p1|Oranguru, L50, M|\n|poke|p1|Crabominable, L50, F|\n|poke|p1|Hatterene, L50, F|\n|poke|p1|Rotom-Wash, L50|\n|poke|p1|Goodra-Hisui, L50, F|\n|poke|p1|Incineroar, L50, F|\n|poke|p2|Hippowdon, L50, F|\n|poke|p2|Lycanroc, L50, M|\n|poke|p2|Corviknight, L50, F|\n|poke|p2|Sinistcha, L50|\n|poke|p2|Kommo-o, L50, F|\n|poke|p2|Gyarados, L50, M|\n|teampreview|4\n|inactive|Battle timer is ON: inactive players will automatically lose when time's up. (requested by trubbishtyler)\n|\n|t:|1776536222\n|teamsize|p1|4\n|teamsize|p2|4\n|start\n|switch|p1a: Oranguru|Oranguru, L50, M|100/100\n|switch|p1b: Crabominable|Crabominable, L50, F|100/100\n|switch|p2a: Lycanroc|Lycanroc, L50, M|100/100\n|switch|p2b: Hippowdon|Hippowdon, L50, F|100/100\n|-weather|Sandstorm|[from] ability: Sand Stream|[of] p2b: Hippowdon\n|turn|1\n|\n|t:|1776536233\n|detailschange|p1b: Crabominable|Crabominable-Mega, L50, F\n|-mega|p1b: Crabominable|Crabominable|Crabominite\n|move|p1b: Crabominable|Protect|p1b: Crabominable\n|-singleturn|p1b: Crabominable|Protect\n|move|p2a: Lycanroc|Rock Slide|p1a: Oranguru|[spread] p1a\n|-activate|p1b: Crabominable|move: Protect\n|-damage|p1a: Oranguru|70/100\n|move|p2b: Hippowdon|High Horsepower|p1b: Crabominable\n|-activate|p1b: Crabominable|move: Protect\n|move|p1a: Oranguru|Trick Room|p1a: Oranguru\n|-fieldstart|move: Trick Room|[of] p1a: Oranguru\n|\n|-weather|Sandstorm|[upkeep]\n|-damage|p1b: Crabominable|95/100|[from] Sandstorm\n|-damage|p1a: Oranguru|63/100|[from] Sandstorm\n|upkeep\n|turn|2\n|\n|t:|1776536249\n|move|p2a: Lycanroc|Protect|p2a: Lycanroc\n|-singleturn|p2a: Lycanroc|Protect\n|move|p1b: Crabominable|Ice Hammer|p2b: Hippowdon\n|-supereffective|p2b: Hippowdon|1\n|-damage|p2b: Hippowdon|0 fnt\n|-unboost|p1b: Crabominable|spe|1\n|faint|p2b: Hippowdon\n|move|p1a: Oranguru|Instruct|p1b: Crabominable\n|-singleturn|p1b: Crabominable|move: Instruct|[of] p1a: Oranguru\n|move|p1b: Crabominable|Ice Hammer|p2a: Lycanroc\n|-activate|p2a: Lycanroc|move: Protect\n|\n|-weather|Sandstorm|[upkeep]\n|-damage|p1b: Crabominable|89/100|[from] Sandstorm\n|-damage|p1a: Oranguru|57/100|[from] Sandstorm\n|upkeep\n|\n|t:|1776536265\n|switch|p2b: Gyarados|Gyarados, L50, M|100/100\n|-ability|p2b: Gyarados|Intimidate|boost\n|-fail|p1a: Oranguru|unboost|Attack|[from] ability: Inner Focus|[of] p1a: Oranguru\n|-unboost|p1b: Crabominable|atk|1\n|turn|3\n|\n|t:|1776536278\n|detailschange|p2b: Gyarados|Gyarados-Mega, L50, M\n|-mega|p2b: Gyarados|Gyarados|Gyaradosite\n|-ability|p2b: Gyarados|Mold Breaker\n|move|p1b: Crabominable|Drain Punch|p2a: Lycanroc\n|-supereffective|p2a: Lycanroc|1\n|-enditem|p2a: Lycanroc|Focus Sash\n|-damage|p2a: Lycanroc|1/100\n|-heal|p1b: Crabominable|100/100|[from] drain|[of] p2a: Lycanroc\n|move|p1a: Oranguru|Instruct|p1b: Crabominable\n|-singleturn|p1b: Crabominable|move: Instruct|[of] p1a: Oranguru\n|move|p1b: Crabominable|Drain Punch|p2a: Lycanroc\n|-supereffective|p2a: Lycanroc|1\n|-damage|p2a: Lycanroc|0 fnt\n|faint|p2a: Lycanroc\n|move|p2b: Gyarados|Iron Head|p1b: Crabominable\n|-supereffective|p1b: Crabominable|1\n|-damage|p1b: Crabominable|51/100\n|\n|-weather|Sandstorm|[upkeep]\n|-damage|p1b: Crabominable|46/100|[from] Sandstorm\n|-damage|p1a: Oranguru|51/100|[from] Sandstorm\n|-damage|p2b: Gyarados|95/100|[from] Sandstorm\n|upkeep\n|\n|t:|1776536280\n|switch|p2a: Sinistcha|Sinistcha, L50|100/100\n|-heal|p2b: Gyarados|100/100|[from] ability: Hospitality|[of] p2a: Sinistcha\n|turn|4\n|\n|t:|1776536299\n|move|p2b: Gyarados|Protect|p2b: Gyarados\n|-singleturn|p2b: Gyarados|Protect\n|move|p1b: Crabominable|Drain Punch|p2b: Gyarados\n|-activate|p2b: Gyarados|move: Protect\n|move|p1a: Oranguru|Instruct|p1b: Crabominable\n|-singleturn|p1b: Crabominable|move: Instruct|[of] p1a: Oranguru\n|move|p1b: Crabominable|Drain Punch|p2b: Gyarados\n|-activate|p2b: Gyarados|move: Protect\n|move|p2a: Sinistcha|Trick Room|p2a: Sinistcha\n|-fieldend|move: Trick Room\n|\n|-weather|Sandstorm|[upkeep]\n|-damage|p2b: Gyarados|95/100|[from] Sandstorm\n|-damage|p2a: Sinistcha|94/100|[from] Sandstorm\n|-damage|p1a: Oranguru|45/100|[from] Sandstorm\n|-damage|p1b: Crabominable|40/100|[from] Sandstorm\n|upkeep\n|turn|5\n|\n|t:|1776536313\n|switch|p1a: Incineroar|Incineroar, L50, F|100/100\n|-ability|p1a: Incineroar|Intimidate|boost\n|-unboost|p2a: Sinistcha|atk|1\n|-unboost|p2b: Gyarados|atk|1\n|switch|p1b: Goodra|Goodra-Hisui, L50, F|100/100\n|move|p2b: Gyarados|Iron Head|p1b: Goodra\n|-resisted|p1b: Goodra|1\n|-damage|p1b: Goodra|90/100\n|move|p2a: Sinistcha|Matcha Gotcha|p1a: Incineroar|[spread] p1a,p1b\n|-resisted|p1a: Incineroar|1\n|-resisted|p1b: Goodra|2\n|-damage|p1a: Incineroar|86/100\n|-heal|p2a: Sinistcha|100/100|[from] drain|[of] p1a: Incineroar\n|-damage|p1b: Goodra|86/100\n|\n|-weather|none\n|-heal|p1b: Goodra|92/100|[from] item: Leftovers\n|upkeep\n|turn|6\n|-message|trubbishtyler forfeited.\n|\n|win|garciaandreu105\n|raw|garciaandreu105's rating: 1129 &rarr; <strong>1155</strong><br />(+26 for winning)\n|raw|trubbishtyler's rating: 1145 &rarr; <strong>1119</strong><br />(-26 for losing)\n|l|\u2606trubbishtyler\n|player|p2|\n",
  "uploadtime": 1776536332,
  "views": 22,
  "formatid": "gen9championsvgc2026regma",
  "rating": 1119,
  "private": 0,
  "password": null
}