{
  "id": "gen9championsvgc2026regma-2580294393",
  "format": "[Gen 9 Champions] VGC 2026 Reg M-A",
  "players": [
    "lolgz",
    "Izan101004"
  ],
  "log": "|j|\u2606lolgz\n|j|\u2606Izan101004\n|t:|1775876949\n|gametype|doubles\n|player|p1|lolgz|265|1097\n|player|p2|Izan101004|hilbert|1000\n|gen|9\n|tier|[Gen 9 Champions] VGC 2026 Reg M-A\n|rated|\n|rule|Species Clause: Limit one of each Pok\u00e9mon\n|rule|Item Clause: Limit 1 of each item\n|clearpoke\n|poke|p1|Kingambit, L50, F|\n|poke|p1|Incineroar, L50, M|\n|poke|p1|Sneasler, L50, M|\n|poke|p1|Floette-Eternal, L50, F|\n|poke|p1|Delphox, L50, F|\n|poke|p1|Aerodactyl, L50, M|\n|poke|p2|Charizard, L50, M|\n|poke|p2|Sneasler, L50, F|\n|poke|p2|Maushold, L50|\n|poke|p2|Garchomp, L50, M|\n|poke|p2|Whimsicott, L50, F|\n|poke|p2|Goodra-Hisui, L50, M|\n|teampreview|4\n|\n|t:|1775876988\n|teamsize|p1|4\n|teamsize|p2|4\n|start\n|switch|p1a: Aerodactyl|Aerodactyl, L50, M|100/100\n|switch|p1b: Floette|Floette-Eternal, L50, F|100/100\n|switch|p2a: Goodra|Goodra-Hisui, L50, M|100/100\n|switch|p2b: Whimsicott|Whimsicott, L50, F|100/100\n|-ability|p1a: Aerodactyl|Unnerve\n|turn|1\n|inactive|Battle timer is ON: inactive players will automatically lose when time's up. (requested by Izan101004)\n|inactive|lolgz has 60 seconds left.\n|inactive|lolgz has 30 seconds left.\n|inactive|lolgz has 20 seconds left.\n|inactive|lolgz has 15 seconds left.\n|\n|t:|1775877101\n|detailschange|p1b: Floette|Floette-Mega, L50, F\n|-mega|p1b: Floette|Floette|Floettite\n|-ability|p1b: Floette|Fairy Aura\n|move|p1b: Floette|Protect|p1b: Floette\n|-singleturn|p1b: Floette|Protect\n|move|p2b: Whimsicott|Tailwind|p2b: Whimsicott\n|-sidestart|p2: Izan101004|move: Tailwind\n|move|p1a: Aerodactyl|Tailwind|p1a: Aerodactyl\n|-sidestart|p1: lolgz|move: Tailwind\n|move|p2a: Goodra|Heavy Slam|p1a: Aerodactyl\n|-supereffective|p1a: Aerodactyl|1\n|-enditem|p1a: Aerodactyl|Focus Sash\n|-damage|p1a: Aerodactyl|1/100\n|\n|upkeep\n|turn|2\n|inactive|Izan101004 has 30 seconds left.\n|\n|t:|1775877128\n|switch|p1b: Incineroar|Incineroar, L50, M|100/100\n|move|p2b: Whimsicott|Encore|p1b: Incineroar\n|-hint|Since gen 7, Dark is immune to Prankster moves.\n|-immune|p1b: Incineroar\n|move|p1a: Aerodactyl|Dual Wingbeat|p2b: Whimsicott\n|-supereffective|p2b: Whimsicott|1\n|-damage|p2b: Whimsicott|56/100\n|-supereffective|p2b: Whimsicott|1\n|-damage|p2b: Whimsicott|12/100\n|-hitcount|p2b: Whimsicott|2\n|move|p2a: Goodra|Heavy Slam|p1a: Aerodactyl\n|-supereffective|p1a: Aerodactyl|1\n|-damage|p1a: Aerodactyl|0 fnt\n|faint|p1a: Aerodactyl\n|\n|upkeep\n|\n|t:|1775877153\n|switch|p1a: Floette|Floette-Mega, L50, F|100/100\n|-ability|p1a: Floette|Fairy Aura\n|turn|3\n|\n|t:|1775877177\n|move|p1b: Incineroar|Fake Out|p2a: Goodra\n|-resisted|p2a: Goodra|1\n|-damage|p2a: Goodra|96/100\n|-ability|p2a: Goodra|Gooey\n|-unboost|p1b: Incineroar|spe|1\n|move|p1a: Floette|Dazzling Gleam|p2a: Goodra|[spread] p2a,p2b\n|-damage|p2a: Goodra|67/100\n|-damage|p2b: Whimsicott|0 fnt\n|faint|p2b: Whimsicott\n|cant|p2a: Goodra|flinch\n|\n|-heal|p2a: Goodra|73/100|[from] item: Leftovers\n|upkeep\n|\n|t:|1775877191\n|switch|p2b: Sneasler|Sneasler, L50, F|100/100\n|turn|4\n|inactive|Izan101004 has 30 seconds left.\n|\n|t:|1775877220\n|move|p1a: Floette|Protect|p1a: Floette\n|-singleturn|p1a: Floette|Protect\n|move|p2b: Sneasler|Fake Out|p1b: Incineroar\n|-damage|p1b: Incineroar|88/100\n|move|p2a: Goodra|Heavy Slam|p1a: Floette\n|-activate|p1a: Floette|move: Protect\n|cant|p1b: Incineroar|flinch\n|\n|-heal|p2a: Goodra|79/100|[from] item: Leftovers\n|-sideend|p1: lolgz|move: Tailwind\n|-sideend|p2: Izan101004|move: Tailwind\n|upkeep\n|turn|5\n|inactive|Izan101004 has 30 seconds left.\n|inactive|Izan101004 has 20 seconds left.\n|\n|t:|1775877257\n|move|p2b: Sneasler|Dire Claw|p1a: Floette\n|-supereffective|p1a: Floette|1\n|-crit|p1a: Floette\n|-damage|p1a: Floette|0 fnt\n|faint|p1a: Floette\n|move|p2a: Goodra|Shelter|p2a: Goodra\n|-boost|p2a: Goodra|def|2\n|move|p1b: Incineroar|Flare Blitz|p2a: Goodra\n|-crit|p2a: Goodra\n|-damage|p2a: Goodra|21/100\n|-ability|p2a: Goodra|Gooey\n|-unboost|p1b: Incineroar|spe|1\n|-damage|p1b: Incineroar|70/100|[from] Recoil\n|\n|-heal|p2a: Goodra|27/100|[from] item: Leftovers\n|upkeep\n|\n|t:|1775877266\n|switch|p1a: Sneasler|Sneasler, L50, M|100/100\n|turn|6\n|\n|t:|1775877285\n|move|p2a: Goodra|Protect|p2a: Goodra\n|-singleturn|p2a: Goodra|Protect\n|move|p1a: Sneasler|Fake Out|p2b: Sneasler\n|-damage|p2b: Sneasler|74/100\n|cant|p2b: Sneasler|flinch\n|move|p1b: Incineroar|Flare Blitz|p2a: Goodra\n|-activate|p2a: Goodra|move: Protect\n|\n|-heal|p2a: Goodra|33/100|[from] item: Leftovers\n|upkeep\n|turn|7\n|inactive|lolgz has 30 seconds left.\n|\n|t:|1775877313\n|move|p2b: Sneasler|Close Combat|p1b: Incineroar\n|-supereffective|p1b: Incineroar|1\n|-damage|p1b: Incineroar|0 fnt\n|-unboost|p2b: Sneasler|def|1\n|-unboost|p2b: Sneasler|spd|1\n|faint|p1b: Incineroar\n|move|p1a: Sneasler|Close Combat|p2b: Sneasler\n|-resisted|p2b: Sneasler|1\n|-damage|p2b: Sneasler|0 fnt\n|-unboost|p1a: Sneasler|def|1\n|-unboost|p1a: Sneasler|spd|1\n|faint|p2b: Sneasler\n|-enditem|p1a: Sneasler|White Herb\n|-clearnegativeboost|p1a: Sneasler|[silent]\n|move|p2a: Goodra|Body Press|p1a: Sneasler\n|-resisted|p1a: Sneasler|1\n|-damage|p1a: Sneasler|59/100\n|\n|-heal|p2a: Goodra|38/100|[from] item: Leftovers\n|upkeep\n|-message|lolgz forfeited.\n|\n|win|Izan101004\n|raw|lolgz's rating: 1097 &rarr; <strong>1066</strong><br />(-31 for losing)\n|raw|Izan101004's rating: 1000 &rarr; <strong>1051</strong><br />(+51 for winning)\n",
  "uploadtime": 1775877320,
  "views": 12,
  "formatid": "gen9championsvgc2026regma",
  "rating": 1051,
  "private": 0,
  "password": null
}