{
  "id": "gen9championsvgc2026regma-2585664879",
  "format": "[Gen 9 Champions] VGC 2026 Reg M-A",
  "players": [
    "Snorlax215.2",
    "4isspecial"
  ],
  "log": "|j|\u2606Snorlax215.2\n|j|\u26064isspecial\n|t:|1776362202\n|gametype|doubles\n|player|p1|Snorlax215.2|101|1455\n|player|p2|4isspecial|sisandbro|1458\n|gen|9\n|tier|[Gen 9 Champions] VGC 2026 Reg M-A\n|rated|\n|rule|Species Clause: Limit one of each Pok\u00e9mon\n|rule|Item Clause: Limit 1 of each item\n|clearpoke\n|poke|p1|Charizard, L50, F|\n|poke|p1|Incineroar, L50, M|\n|poke|p1|Sneasler, L50, F|\n|poke|p1|Aerodactyl, L50, M|\n|poke|p1|Floette-Eternal, L50, F|\n|poke|p1|Kingambit, L50, M|\n|poke|p2|Floette-Eternal, L50, F|\n|poke|p2|Maushold-Four, L50|\n|poke|p2|Garchomp, L50, F|\n|poke|p2|Talonflame, L50, M|\n|poke|p2|Archaludon, L50, F|\n|poke|p2|Sneasler, L50, F|\n|teampreview|4\n|inactive|Battle timer is ON: inactive players will automatically lose when time's up. (requested by Snorlax215.2)\n|inactive|Snorlax215.2 has 60 seconds left.\n|\n|t:|1776362238\n|teamsize|p1|4\n|teamsize|p2|4\n|start\n|switch|p1a: Aerodactyl|Aerodactyl, L50, M|100/100\n|switch|p1b: Sneasler|Sneasler, L50, F|100/100\n|switch|p2a: Garchomp|Garchomp, L50, F|100/100\n|switch|p2b: Talonflame|Talonflame, L50, M|100/100\n|-ability|p1a: Aerodactyl|Unnerve\n|turn|1\n|\n|t:|1776362255\n|move|p2b: Talonflame|Protect|p2b: Talonflame\n|-singleturn|p2b: Talonflame|Protect\n|move|p2a: Garchomp|Protect|p2a: Garchomp\n|-singleturn|p2a: Garchomp|Protect\n|move|p1b: Sneasler|Fake Out|p2b: Talonflame\n|-activate|p2b: Talonflame|move: Protect\n|move|p1a: Aerodactyl|Tailwind|p1a: Aerodactyl\n|-sidestart|p1: Snorlax215.2|move: Tailwind\n|\n|upkeep\n|turn|2\n|\n|t:|1776362273\n|switch|p1b: Incineroar|Incineroar, L50, M|100/100\n|-ability|p1b: Incineroar|Intimidate|boost\n|-unboost|p2a: Garchomp|atk|1\n|-unboost|p2b: Talonflame|atk|1\n|move|p2b: Talonflame|Tailwind|p2b: Talonflame\n|-sidestart|p2: 4isspecial|move: Tailwind\n|move|p1a: Aerodactyl|Rock Slide|p2a: Garchomp|[spread] p2a,p2b\n|-resisted|p2a: Garchomp|1\n|-supereffective|p2b: Talonflame|2\n|-damage|p2a: Garchomp|88/100\n|-damage|p2b: Talonflame|0 fnt\n|faint|p2b: Talonflame\n|move|p2a: Garchomp|Stone Edge|p1a: Aerodactyl|[miss]\n|-miss|p2a: Garchomp|p1a: Aerodactyl\n|\n|upkeep\n|\n|t:|1776362286\n|switch|p2b: Archaludon|Archaludon, L50, F|100/100\n|turn|3\n|\n|t:|1776362304\n|move|p1b: Incineroar|Fake Out|p2a: Garchomp\n|-damage|p2a: Garchomp|77/100\n|-damage|p1b: Incineroar|88/100|[from] ability: Rough Skin|[of] p2a: Garchomp\n|move|p1a: Aerodactyl|Rock Slide|p2b: Archaludon|[spread] p2a,p2b\n|-resisted|p2a: Garchomp|1\n|-resisted|p2b: Archaludon|1\n|-damage|p2a: Garchomp|64/100\n|-damage|p2b: Archaludon|89/100\n|-ability|p2b: Archaludon|Stamina|boost\n|-boost|p2b: Archaludon|def|1\n|cant|p2a: Garchomp|flinch\n|move|p2b: Archaludon|Aura Sphere|p1b: Incineroar\n|-supereffective|p1b: Incineroar|1\n|-crit|p1b: Incineroar\n|-damage|p1b: Incineroar|22/100\n|-enditem|p1b: Incineroar|Sitrus Berry|[eat]\n|-heal|p1b: Incineroar|47/100|[from] item: Sitrus Berry\n|\n|-heal|p2b: Archaludon|95/100|[from] item: Leftovers\n|upkeep\n|turn|4\n|inactive|4isspecial has 30 seconds left.\n|\n|t:|1776362337\n|switch|p2a: Sneasler|Sneasler, L50, F|100/100\n|move|p1a: Aerodactyl|Rock Slide|p2b: Archaludon|[spread] p2a,p2b\n|-resisted|p2a: Sneasler|1\n|-resisted|p2b: Archaludon|1\n|-damage|p2a: Sneasler|80/100\n|-damage|p2b: Archaludon|88/100\n|-ability|p2b: Archaludon|Stamina|boost\n|-boost|p2b: Archaludon|def|1\n|move|p2b: Archaludon|Aura Sphere|p1b: Incineroar\n|-supereffective|p1b: Incineroar|1\n|-damage|p1b: Incineroar|0 fnt\n|faint|p1b: Incineroar\n|\n|-heal|p2b: Archaludon|94/100|[from] item: Leftovers\n|-sideend|p1: Snorlax215.2|move: Tailwind\n|upkeep\n|\n|t:|1776362354\n|switch|p1b: Charizard|Charizard, L50, F|100/100\n|turn|5\n|\n|t:|1776362370\n|move|p1a: Aerodactyl|Protect|p1a: Aerodactyl\n|-singleturn|p1a: Aerodactyl|Protect\n|move|p1b: Charizard|Protect|p1b: Charizard\n|-singleturn|p1b: Charizard|Protect\n|move|p2a: Sneasler|Fake Out|p1b: Charizard\n|-activate|p1b: Charizard|move: Protect\n|move|p2b: Archaludon|Flash Cannon|p1a: Aerodactyl\n|-activate|p1a: Aerodactyl|move: Protect\n|\n|-heal|p2b: Archaludon|99/100|[from] item: Leftovers\n|-sideend|p2: 4isspecial|move: Tailwind\n|upkeep\n|turn|6\n|\n|t:|1776362382\n|detailschange|p1b: Charizard|Charizard-Mega-Y, L50, F\n|-mega|p1b: Charizard|Charizard|Charizardite Y\n|-weather|SunnyDay|[from] ability: Drought|[of] p1b: Charizard\n|move|p1a: Aerodactyl|Tailwind|p1a: Aerodactyl\n|-sidestart|p1: Snorlax215.2|move: Tailwind\n|move|p1b: Charizard|Heat Wave|p2a: Sneasler|[spread] p2a,p2b\n|-crit|p2b: Archaludon\n|-damage|p2a: Sneasler|0 fnt\n|-damage|p2b: Archaludon|0 fnt\n|faint|p2a: Sneasler\n|faint|p2b: Archaludon\n|\n|-weather|SunnyDay|[upkeep]\n|upkeep\n|\n|t:|1776362391\n|switch|p2b: Garchomp|Garchomp, L50, F|64/100\n|turn|7\n|\n|t:|1776362397\n|move|p1a: Aerodactyl|Rock Slide|p2b: Garchomp\n|-resisted|p2b: Garchomp|1\n|-damage|p2b: Garchomp|48/100\n|move|p1b: Charizard|Weather Ball|p2b: Garchomp\n|-resisted|p2b: Garchomp|1\n|-damage|p2b: Garchomp|0 fnt\n|faint|p2b: Garchomp\n|\n|win|Snorlax215.2\n|raw|Snorlax215.2's rating: 1455 &rarr; <strong>1475</strong><br />(+20 for winning)\n|raw|4isspecial's rating: 1458 &rarr; <strong>1438</strong><br />(-20 for losing)\n|l|\u2606Snorlax215.2\n|player|p1|\n",
  "uploadtime": 1776362425,
  "views": 61,
  "formatid": "gen9championsvgc2026regma",
  "rating": 1438,
  "private": 0,
  "password": null
}