{
  "id": "gen9championsvgc2026regma-2582522223",
  "format": "[Gen 9 Champions] VGC 2026 Reg M-A",
  "players": [
    "Aiskyo",
    "SMAK TALK"
  ],
  "log": "|j|\u2606Aiskyo\n|j|\u2606SMAK TALK\n|t:|1776097047\n|gametype|doubles\n|player|p1|Aiskyo|170|1079\n|player|p2|SMAK TALK|102|1000\n|gen|9\n|tier|[Gen 9 Champions] VGC 2026 Reg M-A\n|rated|\n|rule|Species Clause: Limit one of each Pok\u00e9mon\n|rule|Item Clause: Limit 1 of each item\n|clearpoke\n|poke|p1|Pelipper, L50, F|\n|poke|p1|Meganium, L50, F|\n|poke|p1|Basculegion, L50, M|\n|poke|p1|Incineroar, L50, M|\n|poke|p1|Beartic, L50, F|\n|poke|p1|Blastoise, L50, F|\n|poke|p2|Talonflame, L50, F|\n|poke|p2|Excadrill, L50, M|\n|poke|p2|Aerodactyl, L50, M|\n|poke|p2|Espathra, L50, M|\n|poke|p2|Aegislash, L50, M|\n|poke|p2|Tyranitar, L50, M|\n|teampreview|4\n|\n|t:|1776097094\n|teamsize|p1|4\n|teamsize|p2|4\n|start\n|switch|p1a: Incineroar|Incineroar, L50, M|100/100\n|switch|p1b: Meganium|Meganium, L50, F|100/100\n|switch|p2a: Espathra|Espathra, L50, M|100/100\n|switch|p2b: Talonflame|Talonflame, L50, F|100/100\n|-ability|p1a: Incineroar|Intimidate|boost\n|-unboost|p2a: Espathra|atk|1\n|-unboost|p2b: Talonflame|atk|1\n|turn|1\n|\n|t:|1776097123\n|switch|p1a: Pelipper|Pelipper, L50, F|100/100\n|-weather|RainDance|[from] ability: Drizzle|[of] p1a: Pelipper\n|detailschange|p1b: Meganium|Meganium-Mega, L50, F\n|-mega|p1b: Meganium|Meganium|Meganiumite\n|move|p2b: Talonflame|Protect|p2b: Talonflame\n|-singleturn|p2b: Talonflame|Protect\n|move|p2a: Espathra|Psychic Terrain|p2a: Espathra\n|-fieldstart|move: Psychic Terrain\n|move|p1b: Meganium|Dazzling Gleam|p2a: Espathra|[spread] p2a\n|-activate|p2b: Talonflame|move: Protect\n|-damage|p2a: Espathra|50/100\n|\n|-weather|RainDance|[upkeep]\n|-ability|p2a: Espathra|Speed Boost|boost\n|-boost|p2a: Espathra|spe|1\n|upkeep\n|turn|2\n|\n|t:|1776097169\n|move|p2b: Talonflame|Hurricane|p1b: Meganium\n|-activate|p1b: Meganium|move: Psychic Terrain\n|move|p2a: Espathra|Expanding Force|p1a: Pelipper|[spread] p1a,p1b\n|-enditem|p1a: Pelipper|Focus Sash\n|-damage|p1a: Pelipper|1/100\n|-damage|p1b: Meganium|42/100\n|move|p1b: Meganium|Dazzling Gleam|p2b: Talonflame|[spread] p2a,p2b\n|-resisted|p2b: Talonflame|1\n|-damage|p2a: Espathra|0 fnt\n|-damage|p2b: Talonflame|73/100\n|faint|p2a: Espathra\n|move|p1a: Pelipper|Tailwind|p1a: Pelipper\n|-sidestart|p1: Aiskyo|move: Tailwind\n|\n|-weather|RainDance|[upkeep]\n|upkeep\n|\n|t:|1776097176\n|switch|p2a: Tyranitar|Tyranitar, L50, M|100/100\n|-weather|Sandstorm|[from] ability: Sand Stream|[of] p2a: Tyranitar\n|turn|3\n|\n|t:|1776097200\n|switch|p1b: Incineroar|Incineroar, L50, M|100/100\n|-ability|p1b: Incineroar|Intimidate|boost\n|-unboost|p2a: Tyranitar|atk|1\n|-unboost|p2b: Talonflame|atk|1\n|move|p1a: Pelipper|Weather Ball|p2b: Talonflame\n|-supereffective|p2b: Talonflame|2\n|-damage|p2b: Talonflame|0 fnt\n|faint|p2b: Talonflame\n|move|p2a: Tyranitar|Body Press|p1a: Pelipper\n|-resisted|p1a: Pelipper|1\n|-damage|p1a: Pelipper|0 fnt\n|faint|p1a: Pelipper\n|\n|-weather|Sandstorm|[upkeep]\n|-damage|p1b: Incineroar|95/100|[from] Sandstorm\n|upkeep\n|\n|t:|1776097213\n|switch|p2b: Excadrill|Excadrill, L50, M|100/100\n|switch|p1a: Blastoise|Blastoise, L50, F|100/100\n|turn|4\n|\n|t:|1776097232\n|detailschange|p2b: Excadrill|Excadrill-Mega, L50, M\n|-mega|p2b: Excadrill|Excadrill|Excadrite\n|move|p1b: Incineroar|Fake Out|p2b: Excadrill\n|-activate|p2b: Excadrill|move: Psychic Terrain\n|move|p1a: Blastoise|Rain Dance|p1a: Blastoise\n|-weather|RainDance\n|move|p2b: Excadrill|Rock Slide|p1b: Incineroar|[spread] p1a,p1b\n|-supereffective|p1b: Incineroar|1\n|-damage|p1a: Blastoise|81/100\n|-damage|p1b: Incineroar|58/100\n|move|p2a: Tyranitar|Dragon Tail|p1a: Blastoise\n|-damage|p1a: Blastoise|70/100\n|drag|p1a: Meganium|Meganium-Mega, L50, F|42/100\n|\n|-weather|RainDance|[upkeep]\n|upkeep\n|turn|5\n|\n|t:|1776097264\n|move|p1b: Incineroar|Helping Hand|p1a: Meganium\n|-singleturn|p1a: Meganium|Helping Hand|[of] p1b: Incineroar\n|move|p1a: Meganium|Earth Power|p2b: Excadrill\n|-supereffective|p2b: Excadrill|1\n|-damage|p2b: Excadrill|0 fnt\n|faint|p2b: Excadrill\n|move|p2a: Tyranitar|Body Press|p1b: Incineroar\n|-supereffective|p1b: Incineroar|1\n|-damage|p1b: Incineroar|15/100\n|\n|-weather|RainDance|[upkeep]\n|-sideend|p1: Aiskyo|move: Tailwind\n|-fieldend|move: Psychic Terrain\n|upkeep\n|turn|6\n|\n|t:|1776097288\n|move|p1b: Incineroar|Helping Hand|p1a: Meganium\n|-singleturn|p1a: Meganium|Helping Hand|[of] p1b: Incineroar\n|move|p1a: Meganium|Solar Beam||[still]\n|-prepare|p1a: Meganium|Solar Beam\n|-activate|p1a: Meganium|ability: Mega Sol\n|-anim|p1a: Meganium|Solar Beam|p2a: Tyranitar\n|-supereffective|p2a: Tyranitar|1\n|-enditem|p2a: Tyranitar|Focus Sash\n|-damage|p2a: Tyranitar|1/100\n|move|p2a: Tyranitar|Heavy Slam|p1a: Meganium\n|-supereffective|p1a: Meganium|1\n|-damage|p1a: Meganium|24/100\n|\n|-weather|RainDance|[upkeep]\n|upkeep\n|turn|7\n|-message|SMAK TALK forfeited.\n|\n|win|Aiskyo\n|raw|Aiskyo's rating: 1079 &rarr; <strong>1101</strong><br />(+22 for winning)\n|raw|SMAK TALK's rating: 1000 &rarr; <strong>1000</strong><br />(+0 for losing)\n|l|\u2606SMAK TALK\n|player|p2|\n",
  "uploadtime": 1776097329,
  "views": 28,
  "formatid": "gen9championsvgc2026regma",
  "rating": 1000,
  "private": 0,
  "password": null
}