{
  "id": "gen9championsvgc2026regma-2582197879",
  "format": "[Gen 9 Champions] VGC 2026 Reg M-A",
  "players": [
    "player1323",
    "passa"
  ],
  "log": "|j|\u2606player1323\n|j|\u2606passa\n|t:|1776070213\n|gametype|doubles\n|player|p1|player1323|101|1088\n|player|p2|passa|170|1000\n|gen|9\n|tier|[Gen 9 Champions] VGC 2026 Reg M-A\n|rated|\n|rule|Species Clause: Limit one of each Pok\u00e9mon\n|rule|Item Clause: Limit 1 of each item\n|clearpoke\n|poke|p1|Lycanroc, L50, M|\n|poke|p1|Hippowdon, L50, F|\n|poke|p1|Kingambit, L50, F|\n|poke|p1|Dragonite, L50, F|\n|poke|p1|Basculegion, L50, M|\n|poke|p1|Sneasler, L50, M|\n|poke|p2|Aerodactyl, L50, F|\n|poke|p2|Garchomp, L50, F|\n|poke|p2|Floette-Eternal, L50, F|\n|poke|p2|Incineroar, L50, M|\n|poke|p2|Sinistcha-Masterpiece, L50|\n|poke|p2|Basculegion, L50, M|\n|teampreview|4\npassa has agreed to open team sheets.\n|inactive|Battle timer is ON: inactive players will automatically lose when time's up. (requested by player1323)\n|j| Wonkage\n|inactive|passa has 60 seconds left.\n|inactive|passa has 30 seconds left.\n|inactive|passa has 20 seconds left.\n|inactive|passa has 15 seconds left.\n|\n|t:|1776070346\n|teamsize|p1|4\n|teamsize|p2|4\n|start\n|switch|p1a: Lycanroc|Lycanroc, L50, M|100/100\n|switch|p1b: Basculegion|Basculegion, L50, M|100/100\n|switch|p2a: Garchomp|Garchomp, L50, F|100/100\n|switch|p2b: Aerodactyl|Aerodactyl, L50, F|100/100\n|-ability|p2b: Aerodactyl|Unnerve\n|turn|1\n|\n|t:|1776070371\n|move|p2b: Aerodactyl|Tailwind|p2b: Aerodactyl\n|-sidestart|p2: passa|move: Tailwind\n|move|p2a: Garchomp|Earthquake|p1b: Basculegion|[spread] p1a,p1b\n|-immune|p2b: Aerodactyl\n|-supereffective|p1a: Lycanroc|1\n|-enditem|p1a: Lycanroc|Focus Sash\n|-damage|p1a: Lycanroc|1/100\n|-damage|p1b: Basculegion|51/100\n|move|p1b: Basculegion|Wave Crash|p2a: Garchomp\n|-damage|p2a: Garchomp|10/100\n|-damage|p1b: Basculegion|38/100|[from] ability: Rough Skin|[of] p2a: Garchomp\n|-damage|p1b: Basculegion|10/100|[from] Recoil\n|move|p1a: Lycanroc|Rock Slide|p2b: Aerodactyl|[spread] p2a,p2b\n|-resisted|p2a: Garchomp|1\n|-supereffective|p2b: Aerodactyl|1\n|-crit|p2b: Aerodactyl\n|-damage|p2a: Garchomp|0 fnt\n|-enditem|p2b: Aerodactyl|Focus Sash\n|-damage|p2b: Aerodactyl|1/100\n|faint|p2a: Garchomp\n|\n|upkeep\n|\n|t:|1776070389\n|switch|p2a: Floette|Floette-Eternal, L50, F|100/100\n|turn|2\n|\n|t:|1776070399\n|switch|p1b: Hippowdon|Hippowdon, L50, F|100/100\n|-weather|Sandstorm|[from] ability: Sand Stream|[of] p1b: Hippowdon\n|detailschange|p2a: Floette|Floette-Mega, L50, F\n|-mega|p2a: Floette|Floette|Floettite\n|-ability|p2a: Floette|Fairy Aura\n|move|p2b: Aerodactyl|Rock Slide|p1b: Hippowdon|[spread] p1b\n|-miss|p2b: Aerodactyl|p1a: Lycanroc\n|-resisted|p1b: Hippowdon|1\n|-damage|p1b: Hippowdon|90/100\n|move|p1a: Lycanroc|Rock Slide|p2a: Floette|[spread] p2a,p2b\n|-supereffective|p2b: Aerodactyl|1\n|-damage|p2a: Floette|73/100\n|-damage|p2b: Aerodactyl|0 fnt\n|faint|p2b: Aerodactyl\n|move|p2a: Floette|Calm Mind|p2a: Floette\n|-boost|p2a: Floette|spa|1\n|-boost|p2a: Floette|spd|1\n|\n|-weather|Sandstorm|[upkeep]\n|-damage|p2a: Floette|68/100|[from] Sandstorm\n|-heal|p1b: Hippowdon|96/100|[from] item: Leftovers\n|upkeep\n|\n|t:|1776070418\n|switch|p2b: Basculegion|Basculegion, L50, M|100/100\n|turn|3\n|l| Wonkage\n|\n|t:|1776070442\n|move|p1a: Lycanroc|Protect|p1a: Lycanroc\n|-singleturn|p1a: Lycanroc|Protect\n|move|p2b: Basculegion|Last Respects|p1a: Lycanroc\n|-activate|p1a: Lycanroc|move: Protect\n|move|p2a: Floette|Moonblast|p1b: Hippowdon\n|-damage|p1b: Hippowdon|0 fnt\n|faint|p1b: Hippowdon\n|\n|-weather|Sandstorm|[upkeep]\n|-damage|p2b: Basculegion|94/100|[from] Sandstorm\n|-damage|p2a: Floette|62/100|[from] Sandstorm\n|upkeep\n|\n|t:|1776070457\n|switch|p1b: Kingambit|Kingambit, L50, F|100/100\n|turn|4\n|\n|t:|1776070473\n|move|p1a: Lycanroc|Protect|p1a: Lycanroc\n|-singleturn|p1a: Lycanroc|Protect\n|move|p1b: Kingambit|Sucker Punch|p2b: Basculegion\n|-supereffective|p2b: Basculegion|1\n|-damage|p2b: Basculegion|0 fnt\n|faint|p2b: Basculegion\n|move|p2a: Floette|Moonblast|p1b: Kingambit\n|-damage|p1b: Kingambit|0 fnt\n|faint|p1b: Kingambit\n|\n|-weather|Sandstorm|[upkeep]\n|-damage|p2a: Floette|56/100|[from] Sandstorm\n|-sideend|p2: passa|move: Tailwind\n|upkeep\n|\n|t:|1776070478\n|switch|p1b: Basculegion|Basculegion, L50, M|10/100\n|turn|5\n|\n|t:|1776070488\n|move|p1a: Lycanroc|Rock Slide|p2a: Floette\n|-damage|p2a: Floette|19/100\n|move|p1b: Basculegion|Last Respects|p2a: Floette\n|-damage|p2a: Floette|0 fnt\n|faint|p2a: Floette\n|\n|win|player1323\n|raw|player1323's rating: 1088 &rarr; <strong>1108</strong><br />(+20 for winning)\n|raw|passa's rating: 1000 &rarr; <strong>1000</strong><br />(+0 for losing)\n",
  "uploadtime": 1776070489,
  "views": 9,
  "formatid": "gen9championsvgc2026regma",
  "rating": 1000,
  "private": 0,
  "password": null
}