{
  "id": "gen9championsvgc2026regma-2583495820",
  "format": "[Gen 9 Champions] VGC 2026 Reg M-A",
  "players": [
    "patisaluzr",
    "Dum03"
  ],
  "log": "|j|\u2606patisaluzr\n|j|\u2606Dum03\n|t:|1776179310\n|gametype|doubles\n|player|p1|patisaluzr|miku-fire|\n|player|p2|Dum03|hilbert|\n|gen|9\n|tier|[Gen 9 Champions] VGC 2026 Reg M-A\n|rule|Species Clause: Limit one of each Pok\u00e9mon\n|rule|Item Clause: Limit 1 of each item\n|clearpoke\n|poke|p1|Whimsicott, L50, F|\n|poke|p1|Kingambit, L50, M|\n|poke|p1|Garchomp, L50, M|\n|poke|p1|Incineroar, L50, M|\n|poke|p1|Charizard, L50, M|\n|poke|p1|Venusaur, L50, F|\n|poke|p2|Charizard, L50, F|\n|poke|p2|Typhlosion-Hisui, L50, F|\n|poke|p2|Venusaur, L50, F|\n|poke|p2|Garchomp, L50, F|\n|poke|p2|Incineroar, L50, F|\n|poke|p2|Sableye, L50, M|\n|teampreview|4\nDum03 has agreed to open team sheets.\n|\n|t:|1776179345\n|teamsize|p1|4\n|teamsize|p2|4\n|start\n|switch|p1a: Whimsicott|Whimsicott, L50, F|100/100\n|switch|p1b: Garchomp|Garchomp, L50, M|100/100\n|switch|p2a: Charizard|Charizard, L50, F|100/100\n|switch|p2b: Sableye|Sableye, L50, M|100/100\n|turn|1\n|\n|t:|1776179382\n|switch|p1a: Incineroar|Incineroar, L50, M|100/100\n|-ability|p1a: Incineroar|Intimidate|boost\n|-unboost|p2a: Charizard|atk|1\n|-unboost|p2b: Sableye|atk|1\n|move|p2a: Charizard|Protect|p2a: Charizard\n|-singleturn|p2a: Charizard|Protect\n|move|p2b: Sableye|Taunt|p1a: Incineroar\n|-hint|Since gen 7, Dark is immune to Prankster moves.\n|-immune|p1a: Incineroar\n|move|p1b: Garchomp|Rock Slide|p2a: Charizard|[spread] p2b\n|-activate|p2a: Charizard|move: Protect\n|-damage|p2b: Sableye|73/100\n|\n|-heal|p2b: Sableye|79/100|[from] item: Leftovers\n|upkeep\n|turn|2\n|\n|t:|1776179413\n|switch|p2a: Garchomp|Garchomp, L50, F|100/100\n|move|p1a: Incineroar|Fake Out|p2a: Garchomp\n|-damage|p2a: Garchomp|87/100\n|-damage|p1a: Incineroar|88/100|[from] ability: Rough Skin|[of] p2a: Garchomp\n|move|p1b: Garchomp|Rock Slide|p2a: Garchomp|[spread] p2a,p2b\n|-resisted|p2a: Garchomp|1\n|-damage|p2a: Garchomp|78/100\n|-damage|p2b: Sableye|52/100\n|move|p2b: Sableye|Icy Wind|p1a: Incineroar|[spread] p1a\n|-miss|p2b: Sableye|p1b: Garchomp\n|-resisted|p1a: Incineroar|1\n|-damage|p1a: Incineroar|86/100\n|-unboost|p1a: Incineroar|spe|1\n|\n|-heal|p2b: Sableye|58/100|[from] item: Leftovers\n|upkeep\n|turn|3\n|\n|t:|1776179439\n|move|p1b: Garchomp|Protect|p1b: Garchomp\n|-singleturn|p1b: Garchomp|Protect\n|move|p2b: Sableye|Encore|p1b: Garchomp\n|-activate|p1b: Garchomp|move: Protect\n|move|p2a: Garchomp|Dragon Claw|p1b: Garchomp\n|-activate|p1b: Garchomp|move: Protect\n|move|p1a: Incineroar|Parting Shot|p2a: Garchomp\n|-unboost|p2a: Garchomp|atk|1\n|-unboost|p2a: Garchomp|spa|1\n|\n|t:|1776179458\n|switch|p1a: Whimsicott|Whimsicott, L50, F|100/100|[from] Parting Shot\n|\n|-heal|p2b: Sableye|64/100|[from] item: Leftovers\n|upkeep\n|turn|4\n|\n|t:|1776179471\n|move|p1a: Whimsicott|Moonblast|p2b: Sableye\n|-supereffective|p2b: Sableye|1\n|-damage|p2b: Sableye|0 fnt\n|faint|p2b: Sableye\n|move|p1b: Garchomp|Dragon Claw|p2a: Garchomp\n|-supereffective|p2a: Garchomp|1\n|-damage|p2a: Garchomp|0 fnt\n|-damage|p1b: Garchomp|88/100|[from] ability: Rough Skin|[of] p2a: Garchomp\n|faint|p2a: Garchomp\n|\n|upkeep\n|\n|t:|1776179479\n|switch|p2a: Charizard|Charizard, L50, F|100/100\n|switch|p2b: Typhlosion|Typhlosion-Hisui, L50, F|100/100\n|-item|p1a: Whimsicott|Leftovers|[from] ability: Frisk|[of] p2b: Typhlosion\n|-item|p1b: Garchomp|Yache Berry|[from] ability: Frisk|[of] p2b: Typhlosion\n|turn|5\n|\n|t:|1776179490\n|detailschange|p2a: Charizard|Charizard-Mega-Y, L50, F\n|-mega|p2a: Charizard|Charizard|Charizardite Y\n|-weather|SunnyDay|[from] ability: Drought|[of] p2a: Charizard\n|move|p1a: Whimsicott|Tailwind|p1a: Whimsicott\n|-sidestart|p1: patisaluzr|move: Tailwind\n|move|p1b: Garchomp|Rock Slide|p2a: Charizard|[spread] p2a,p2b\n|-supereffective|p2a: Charizard|2\n|-supereffective|p2b: Typhlosion|1\n|-damage|p2a: Charizard|0 fnt\n|-damage|p2b: Typhlosion|42/100\n|faint|p2a: Charizard\n|cant|p2b: Typhlosion|flinch\n|\n|-weather|SunnyDay|[upkeep]\n|upkeep\n|turn|6\n|c|\u2606Dum03|gg\n|c|\u2606patisaluzr|gg\n|-message|Dum03 forfeited.\n|\n|win|patisaluzr\n|l|\u2606Dum03\n|player|p2|\n",
  "uploadtime": 1776179512,
  "views": 15,
  "formatid": "gen9championsvgc2026regma",
  "rating": null,
  "private": 0,
  "password": null
}