{
  "id": "gen9championsvgc2026regma-2583794614",
  "format": "[Gen 9 Champions] VGC 2026 Reg M-A",
  "players": [
    "TheTrueJake",
    "SageDippi"
  ],
  "log": "|j|\u2606TheTrueJake\n|j|\u2606SageDippi\n|t:|1776198208\n|gametype|doubles\n|player|p1|TheTrueJake|lucas-gen4pt|1119\n|player|p2|SageDippi|buck|1053\n|gen|9\n|tier|[Gen 9 Champions] VGC 2026 Reg M-A\n|rated|\n|rule|Species Clause: Limit one of each Pok\u00e9mon\n|rule|Item Clause: Limit 1 of each item\n|clearpoke\n|poke|p1|Feraligatr, L50, M|\n|poke|p1|Pelipper, L50, F|\n|poke|p1|Incineroar, L50, F|\n|poke|p1|Sneasler, L50, F|\n|poke|p1|Sinistcha, L50|\n|poke|p1|Archaludon, L50, M|\n|poke|p2|Froslass, L50, F|\n|poke|p2|Rotom-Frost, L50|\n|poke|p2|Garchomp, L50, F|\n|poke|p2|Empoleon, L50, M|\n|poke|p2|Kingambit, L50, M|\n|poke|p2|Incineroar, L50, F|\n|teampreview|4\n|inactive|Battle timer is ON: inactive players will automatically lose when time's up. (requested by TheTrueJake)\nSageDippi has agreed to open team sheets.\n|inactive|TheTrueJake has 60 seconds left.\n|\n|t:|1776198250\n|teamsize|p1|4\n|teamsize|p2|4\n|start\n|switch|p1a: Feraligatr|Feraligatr, L50, M|100/100\n|switch|p1b: Incineroar|Incineroar, L50, F|100/100\n|switch|p2a: Froslass|Froslass, L50, F|100/100\n|switch|p2b: Incineroar|Incineroar, L50, F|100/100\n|-ability|p2b: Incineroar|Intimidate|boost\n|-unboost|p1a: Feraligatr|atk|1\n|-unboost|p1b: Incineroar|atk|1\n|-ability|p1b: Incineroar|Intimidate|boost\n|-unboost|p2a: Froslass|atk|1\n|-unboost|p2b: Incineroar|atk|1\n|turn|1\n|\n|t:|1776198274\n|detailschange|p2a: Froslass|Froslass-Mega, L50, F\n|-mega|p2a: Froslass|Froslass|Froslassite\n|-weather|Snowscape|[from] ability: Snow Warning|[of] p2a: Froslass\n|detailschange|p1a: Feraligatr|Feraligatr-Mega, L50, M\n|-mega|p1a: Feraligatr|Feraligatr|Feraligite\n|move|p1b: Incineroar|Fake Out|p2b: Incineroar\n|-damage|p2b: Incineroar|93/100\n|cant|p2b: Incineroar|flinch\n|move|p2a: Froslass|Aurora Veil|p2a: Froslass\n|-sidestart|p2: SageDippi|move: Aurora Veil\n|move|p1a: Feraligatr|Dragon Dance|p1a: Feraligatr\n|-boost|p1a: Feraligatr|atk|1\n|-boost|p1a: Feraligatr|spe|1\n|\n|-weather|Snowscape|[upkeep]\n|upkeep\n|turn|2\n|inactive|TheTrueJake has 30 seconds left.\n|\n|t:|1776198304\n|switch|p1b: Pelipper|Pelipper, L50, F|100/100\n|-weather|RainDance|[from] ability: Drizzle|[of] p1b: Pelipper\n|move|p2a: Froslass|Protect|p2a: Froslass\n|-singleturn|p2a: Froslass|Protect\n|move|p1a: Feraligatr|Liquidation|p2b: Incineroar\n|-supereffective|p2b: Incineroar|1\n|-damage|p2b: Incineroar|0 fnt\n|faint|p2b: Incineroar\n|\n|-weather|RainDance|[upkeep]\n|upkeep\n|\n|t:|1776198315\n|switch|p2b: Rotom|Rotom-Frost, L50|100/100\n|turn|3\n|inactive|TheTrueJake has 30 seconds left.\n|inactive|SageDippi has 30 seconds left.\n|\n|t:|1776198351\n|switch|p1a: Incineroar|Incineroar, L50, F|100/100\n|-ability|p1a: Incineroar|Intimidate|boost\n|-unboost|p2a: Froslass|atk|1\n|-unboost|p2b: Rotom|atk|1\n|move|p2b: Rotom|Thunderbolt|p1a: Incineroar\n|-damage|p1a: Incineroar|69/100\n|move|p2a: Froslass|Shadow Ball|p1a: Incineroar\n|-resisted|p1a: Incineroar|1\n|-damage|p1a: Incineroar|54/100\n|move|p1b: Pelipper|Tailwind|p1b: Pelipper\n|-sidestart|p1: TheTrueJake|move: Tailwind\n|\n|-weather|RainDance|[upkeep]\n|upkeep\n|turn|4\n|inactive|SageDippi has 30 seconds left.\n|\n|t:|1776198377\n|switch|p2b: Garchomp|Garchomp, L50, F|100/100\n|move|p2a: Froslass|Protect|p2a: Froslass\n|-singleturn|p2a: Froslass|Protect\n|move|p1a: Incineroar|Fake Out|p2b: Garchomp\n|-damage|p2b: Garchomp|92/100\n|-damage|p1a: Incineroar|42/100|[from] ability: Rough Skin|[of] p2b: Garchomp\n|move|p1b: Pelipper|Weather Ball|p2a: Froslass\n|-activate|p2a: Froslass|move: Protect\n|\n|-weather|RainDance|[upkeep]\n|upkeep\n|turn|5\n|inactive|TheTrueJake has 30 seconds left.\n|inactive|TheTrueJake has 20 seconds left.\n|\n|t:|1776198415\n|switch|p2a: Rotom|Rotom-Frost, L50|100/100\n|move|p1b: Pelipper|Hurricane|p2a: Rotom\n|-resisted|p2a: Rotom|1\n|-damage|p2a: Rotom|77/100\n|move|p2b: Garchomp|Rock Slide|p1b: Pelipper|[spread] p1a,p1b\n|-supereffective|p1a: Incineroar|1\n|-supereffective|p1b: Pelipper|1\n|-damage|p1a: Incineroar|5/100\n|-damage|p1b: Pelipper|49/100\n|cant|p1a: Incineroar|flinch\n|\n|-weather|RainDance|[upkeep]\n|-sideend|p2: SageDippi|move: Aurora Veil\n|upkeep\n|turn|6\n|inactive|TheTrueJake has 30 seconds left.\n|\n|t:|1776198448\n|switch|p1b: Sneasler|Sneasler, L50, F|100/100\n|move|p2a: Rotom|Volt Switch|p1b: Sneasler\n|-crit|p1b: Sneasler\n|-damage|p1b: Sneasler|29/100\n|\n|t:|1776198455\n|switch|p2a: Froslass|Froslass-Mega, L50, F|100/100|[from] Volt Switch\n|-weather|Snowscape|[from] ability: Snow Warning|[of] p2a: Froslass\n|move|p2b: Garchomp|Earthquake|p1b: Sneasler|[spread] p2a,p1a,p1b\n|-supereffective|p1a: Incineroar|1\n|-enditem|p1a: Incineroar|Shuca Berry|[eat]\n|-enditem|p1a: Incineroar|Shuca Berry|[weaken]\n|-supereffective|p1b: Sneasler|1\n|-damage|p2a: Froslass|61/100\n|-damage|p1a: Incineroar|0 fnt\n|-damage|p1b: Sneasler|0 fnt\n|faint|p1a: Incineroar\n|faint|p1b: Sneasler\n|\n|-weather|Snowscape|[upkeep]\n|-sideend|p1: TheTrueJake|move: Tailwind\n|upkeep\n|\n|t:|1776198471\n|switch|p1b: Pelipper|Pelipper, L50, F|49/100\n|switch|p1a: Feraligatr|Feraligatr-Mega, L50, M|100/100\n|-weather|RainDance|[from] ability: Drizzle|[of] p1b: Pelipper\n|turn|7\n|\n|t:|1776198491\n|move|p2a: Froslass|Blizzard|p1a: Feraligatr|[spread] p1a,p1b\n|-damage|p1a: Feraligatr|49/100\n|-damage|p1b: Pelipper|0 fnt\n|faint|p1b: Pelipper\n|move|p2b: Garchomp|Dragon Claw|p1a: Feraligatr\n|-supereffective|p1a: Feraligatr|1\n|-damage|p1a: Feraligatr|0 fnt\n|faint|p1a: Feraligatr\n|\n|win|SageDippi\n|raw|TheTrueJake's rating: 1119 &rarr; <strong>1089</strong><br />(-30 for losing)\n|raw|SageDippi's rating: 1053 &rarr; <strong>1091</strong><br />(+38 for winning)\n|l|\u2606TheTrueJake\n|player|p1|\n",
  "uploadtime": 1776198502,
  "views": 19,
  "formatid": "gen9championsvgc2026regma",
  "rating": 1089,
  "private": 0,
  "password": null
}