{
  "id": "gen9championsvgc2026regma-2582995170",
  "format": "[Gen 9 Champions] VGC 2026 Reg M-A",
  "players": [
    "EEPHAROS",
    "gazanzaka"
  ],
  "log": "|j|\u2606EEPHAROS\n|j|\u2606gazanzaka\n|t:|1776131724\n|gametype|doubles\n|player|p1|EEPHAROS|169|1128\n|player|p2|gazanzaka|266|1106\n|gen|9\n|tier|[Gen 9 Champions] VGC 2026 Reg M-A\n|rated|\n|rule|Species Clause: Limit one of each Pok\u00e9mon\n|rule|Item Clause: Limit 1 of each item\n|clearpoke\n|poke|p1|Gallade, L50, M|\n|poke|p1|Maushold, L50|\n|poke|p1|Aerodactyl, L50, F|\n|poke|p1|Charizard, L50, M|\n|poke|p1|Torkoal, L50, F|\n|poke|p1|Sinistcha, L50|\n|poke|p2|Gengar, L50, F|\n|poke|p2|Incineroar, L50, M|\n|poke|p2|Politoed, L50, F|\n|poke|p2|Archaludon, L50, M|\n|poke|p2|Palafin, L50, F|\n|poke|p2|Whimsicott, L50, F|\n|teampreview|4\n|\n|t:|1776131776\n|teamsize|p1|4\n|teamsize|p2|4\n|start\n|switch|p1a: Maushold|Maushold, L50|100/100\n|switch|p1b: Aerodactyl|Aerodactyl, L50, F|100/100\n|switch|p2a: Whimsicott|Whimsicott, L50, F|100/100\n|switch|p2b: Gengar|Gengar, L50, F|100/100\n|turn|1\n|\n|t:|1776131819\n|switch|p2b: Incineroar|Incineroar, L50, M|100/100\n|-ability|p2b: Incineroar|Intimidate|boost\n|-unboost|p1a: Maushold|atk|1\n|-unboost|p1b: Aerodactyl|atk|1\n|detailschange|p1b: Aerodactyl|Aerodactyl-Mega, L50, F\n|-mega|p1b: Aerodactyl|Aerodactyl|Aerodactylite\n|move|p1a: Maushold|Follow Me|p1a: Maushold\n|-singleturn|p1a: Maushold|move: Follow Me\n|move|p2a: Whimsicott|Tailwind|p2a: Whimsicott\n|-sidestart|p2: gazanzaka|move: Tailwind\n|move|p1b: Aerodactyl|Dual Wingbeat|p2b: Incineroar\n|-damage|p2b: Incineroar|85/100\n|-damage|p2b: Incineroar|69/100\n|-hitcount|p2b: Incineroar|2\n|\n|upkeep\n|turn|2\n|\n|t:|1776131843\n|switch|p1b: Torkoal|Torkoal, L50, F|100/100\n|-weather|SunnyDay|[from] ability: Drought|[of] p1b: Torkoal\n|move|p1a: Maushold|Protect|p1a: Maushold\n|-singleturn|p1a: Maushold|Protect\n|move|p2b: Incineroar|Fake Out|p1a: Maushold\n|-activate|p1a: Maushold|move: Protect\n|move|p2a: Whimsicott|Moonblast|p1b: Torkoal\n|-resisted|p1b: Torkoal|1\n|-damage|p1b: Torkoal|82/100\n|\n|-weather|SunnyDay|[upkeep]\n|upkeep\n|turn|3\n|\n|t:|1776131870\n|move|p2a: Whimsicott|Protect|p2a: Whimsicott\n|-singleturn|p2a: Whimsicott|Protect\n|move|p1a: Maushold|Encore|p2b: Incineroar\n|-start|p2b: Incineroar|Encore\n|move|p2b: Incineroar|Fake Out||[still]\n|-hint|Fake Out only works on your first turn out.\n|-fail|p2b: Incineroar\n|move|p1b: Torkoal|Body Press|p2b: Incineroar\n|-supereffective|p2b: Incineroar|1\n|-enditem|p2b: Incineroar|Chople Berry|[eat]\n|-enditem|p2b: Incineroar|Chople Berry|[weaken]\n|-damage|p2b: Incineroar|42/100\n|\n|-weather|SunnyDay|[upkeep]\n|upkeep\n|turn|4\n|\n|t:|1776131892\n|switch|p2b: Politoed|Politoed, L50, F|100/100\n|-weather|RainDance|[from] ability: Drizzle|[of] p2b: Politoed\n|move|p1a: Maushold|Follow Me|p1a: Maushold\n|-singleturn|p1a: Maushold|move: Follow Me\n|move|p2a: Whimsicott|Moonblast|p1a: Maushold\n|-damage|p1a: Maushold|43/100\n|move|p1b: Torkoal|Overheat|p2a: Whimsicott\n|-supereffective|p2a: Whimsicott|1\n|-damage|p2a: Whimsicott|39/100\n|-unboost|p1b: Torkoal|spa|2\n|\n|-weather|RainDance|[upkeep]\n|-sideend|p2: gazanzaka|move: Tailwind\n|upkeep\n|turn|5\n|\n|t:|1776131909\n|switch|p1b: Sinistcha|Sinistcha, L50|100/100\n|-heal|p1a: Maushold|68/100|[from] ability: Hospitality|[of] p1b: Sinistcha\n|move|p1a: Maushold|Protect|p1a: Maushold\n|-singleturn|p1a: Maushold|Protect\n|move|p2a: Whimsicott|Tailwind|p2a: Whimsicott\n|-sidestart|p2: gazanzaka|move: Tailwind\n|move|p2b: Politoed|Muddy Water|p1a: Maushold|[spread] p1b\n|-activate|p1a: Maushold|move: Protect\n|-resisted|p1b: Sinistcha|1\n|-damage|p1b: Sinistcha|85/100\n|\n|-weather|RainDance|[upkeep]\n|-heal|p1b: Sinistcha|92/100|[from] item: Leftovers\n|upkeep\n|turn|6\n|\n|t:|1776131949\n|switch|p1a: Torkoal|Torkoal, L50, F|82/100\n|-weather|SunnyDay|[from] ability: Drought|[of] p1a: Torkoal\n|move|p2a: Whimsicott|Fake Tears|p1b: Sinistcha\n|-unboost|p1b: Sinistcha|spd|2\n|move|p2b: Politoed|Muddy Water|p1b: Sinistcha|[spread] p1a,p1b\n|-supereffective|p1a: Torkoal|1\n|-resisted|p1b: Sinistcha|1\n|-damage|p1a: Torkoal|49/100\n|-damage|p1b: Sinistcha|77/100\n|-unboost|p1b: Sinistcha|accuracy|1\n|move|p1b: Sinistcha|Matcha Gotcha|p2b: Politoed|[spread] \n|-miss|p1b: Sinistcha|p2a: Whimsicott\n|-miss|p1b: Sinistcha|p2b: Politoed\n|\n|-weather|SunnyDay|[upkeep]\n|-heal|p1b: Sinistcha|83/100|[from] item: Leftovers\n|upkeep\n|turn|7\n|\n|t:|1776131984\n|switch|p2b: Incineroar|Incineroar, L50, M|42/100\n|-ability|p2b: Incineroar|Intimidate|boost\n|-unboost|p1a: Torkoal|atk|1\n|-unboost|p1b: Sinistcha|atk|1\n|switch|p1b: Aerodactyl|Aerodactyl-Mega, L50, F|100/100\n|move|p2a: Whimsicott|Fake Tears|p1a: Torkoal\n|-unboost|p1a: Torkoal|spd|2\n|move|p1a: Torkoal|Overheat|p2b: Incineroar\n|-resisted|p2b: Incineroar|1\n|-damage|p2b: Incineroar|19/100\n|-unboost|p1a: Torkoal|spa|2\n|\n|-weather|SunnyDay|[upkeep]\n|upkeep\n|turn|8\n|\n|t:|1776132016\n|move|p2b: Incineroar|Fake Out|p1b: Aerodactyl\n|-resisted|p1b: Aerodactyl|1\n|-damage|p1b: Aerodactyl|94/100\n|move|p2a: Whimsicott|Moonblast|p1b: Aerodactyl\n|-damage|p1b: Aerodactyl|48/100\n|cant|p1b: Aerodactyl|flinch\n|move|p1a: Torkoal|Body Press|p2b: Incineroar\n|-supereffective|p2b: Incineroar|1\n|-crit|p2b: Incineroar\n|-damage|p2b: Incineroar|0 fnt\n|faint|p2b: Incineroar\n|\n|-weather|SunnyDay|[upkeep]\n|-sideend|p2: gazanzaka|move: Tailwind\n|upkeep\n|\n|t:|1776132025\n|switch|p2b: Politoed|Politoed, L50, F|100/100\n|-weather|RainDance|[from] ability: Drizzle|[of] p2b: Politoed\n|turn|9\n|\n|t:|1776132050\n|switch|p1b: Maushold|Maushold, L50|68/100\n|switch|p1a: Sinistcha|Sinistcha, L50|83/100\n|-heal|p1b: Maushold|93/100|[from] ability: Hospitality|[of] p1a: Sinistcha\n|move|p2a: Whimsicott|Tailwind|p2a: Whimsicott\n|-sidestart|p2: gazanzaka|move: Tailwind\n|move|p2b: Politoed|Muddy Water|p1b: Maushold|[spread] p1a,p1b\n|-resisted|p1a: Sinistcha|1\n|-damage|p1a: Sinistcha|68/100\n|-damage|p1b: Maushold|34/100\n|\n|-weather|RainDance|[upkeep]\n|-heal|p1a: Sinistcha|74/100|[from] item: Leftovers\n|upkeep\n|turn|10\n|\n|t:|1776132069\n|move|p1b: Maushold|Protect|p1b: Maushold\n|-singleturn|p1b: Maushold|Protect\n|move|p2a: Whimsicott|Fake Tears|p1a: Sinistcha\n|-unboost|p1a: Sinistcha|spd|2\n|move|p2b: Politoed|Muddy Water|p1a: Sinistcha|[spread] p1a\n|-activate|p1b: Maushold|move: Protect\n|-resisted|p1a: Sinistcha|1\n|-damage|p1a: Sinistcha|44/100\n|move|p1a: Sinistcha|Matcha Gotcha|p2b: Politoed|[spread] p2a,p2b\n|-resisted|p2a: Whimsicott|1\n|-crit|p2a: Whimsicott\n|-supereffective|p2b: Politoed|1\n|-damage|p2a: Whimsicott|5/100\n|-heal|p1a: Sinistcha|61/100|[from] drain|[of] p2a: Whimsicott\n|-damage|p2b: Politoed|48/100\n|-heal|p1a: Sinistcha|96/100|[from] drain|[of] p2b: Politoed\n|-enditem|p2b: Politoed|Sitrus Berry|[eat]\n|-heal|p2b: Politoed|73/100|[from] item: Sitrus Berry\n|\n|-weather|RainDance|[upkeep]\n|-heal|p1a: Sinistcha|100/100|[from] item: Leftovers\n|upkeep\n|turn|11\n|\n|t:|1776132090\n|move|p1b: Maushold|Follow Me|p1b: Maushold\n|-singleturn|p1b: Maushold|move: Follow Me\n|move|p2a: Whimsicott|Fake Tears|p1b: Maushold\n|-unboost|p1b: Maushold|spd|2\n|move|p2b: Politoed|Muddy Water|p1a: Sinistcha|[spread] p1a\n|-miss|p2b: Politoed|p1b: Maushold\n|-resisted|p1a: Sinistcha|1\n|-damage|p1a: Sinistcha|72/100\n|move|p1a: Sinistcha|Matcha Gotcha|p2a: Whimsicott|[spread] p2a,p2b\n|-resisted|p2a: Whimsicott|1\n|-supereffective|p2b: Politoed|1\n|-damage|p2a: Whimsicott|0 fnt\n|-heal|p1a: Sinistcha|74/100|[from] drain|[of] p2a: Whimsicott\n|-damage|p2b: Politoed|23/100\n|-heal|p1a: Sinistcha|100/100|[from] drain|[of] p2b: Politoed\n|faint|p2a: Whimsicott\n|\n|-weather|RainDance|[upkeep]\n|upkeep\n|\n|t:|1776132097\n|switch|p2a: Gengar|Gengar, L50, F|100/100\n|turn|12\n|\n|t:|1776132132\n|switch|p1a: Torkoal|Torkoal, L50, F|49/100\n|-weather|SunnyDay|[from] ability: Drought|[of] p1a: Torkoal\n|detailschange|p2a: Gengar|Gengar-Mega, L50, F\n|-mega|p2a: Gengar|Gengar|Gengarite\n|move|p1b: Maushold|Protect|p1b: Maushold\n|-singleturn|p1b: Maushold|Protect\n|move|p2a: Gengar|Disable||[still]\n|-fail|p2a: Gengar\n|move|p2b: Politoed|Muddy Water|p1b: Maushold|[spread] p1a\n|-activate|p1b: Maushold|move: Protect\n|-supereffective|p1a: Torkoal|1\n|-damage|p1a: Torkoal|23/100\n|\n|-weather|SunnyDay|[upkeep]\n|-sideend|p2: gazanzaka|move: Tailwind\n|upkeep\n|turn|13\n|\n|t:|1776132162\n|move|p2a: Gengar|Protect|p2a: Gengar\n|-singleturn|p2a: Gengar|Protect\n|move|p1b: Maushold|Follow Me|p1b: Maushold\n|-singleturn|p1b: Maushold|move: Follow Me\n|move|p2b: Politoed|Muddy Water|p1b: Maushold|[spread] p1a,p1b\n|-supereffective|p1a: Torkoal|1\n|-damage|p1a: Torkoal|0 fnt\n|-damage|p1b: Maushold|0 fnt\n|faint|p1a: Torkoal\n|faint|p1b: Maushold\n|\n|-weather|SunnyDay|[upkeep]\n|upkeep\n|\n|t:|1776132169\n|switch|p1b: Aerodactyl|Aerodactyl-Mega, L50, F|48/100\n|switch|p1a: Sinistcha|Sinistcha, L50|100/100\n|-heal|p1b: Aerodactyl|72/100|[from] ability: Hospitality|[of] p1a: Sinistcha\n|turn|14\n|\n|t:|1776132189\n|move|p1a: Sinistcha|Protect|p1a: Sinistcha\n|-singleturn|p1a: Sinistcha|Protect\n|move|p1b: Aerodactyl|Dual Wingbeat|p2a: Gengar\n|-damage|p2a: Gengar|64/100\n|-damage|p2a: Gengar|31/100\n|-hitcount|p2a: Gengar|2\n|move|p2a: Gengar|Shadow Ball|p1a: Sinistcha\n|-activate|p1a: Sinistcha|move: Protect\n|move|p2b: Politoed|Muddy Water|p1a: Sinistcha|[spread] p1b\n|-activate|p1a: Sinistcha|move: Protect\n|-supereffective|p1b: Aerodactyl|1\n|-damage|p1b: Aerodactyl|41/100\n|-unboost|p1b: Aerodactyl|accuracy|1\n|\n|-weather|SunnyDay|[upkeep]\n|upkeep\n|turn|15\n|\n|t:|1776132218\n|move|p2a: Gengar|Protect|p2a: Gengar\n|-singleturn|p2a: Gengar|Protect\n|move|p1a: Sinistcha|Protect||[still]\n|-fail|p1a: Sinistcha\n|move|p1b: Aerodactyl|Earthquake|p2a: Gengar|[spread] p1a,p2b\n|-activate|p2a: Gengar|move: Protect\n|-resisted|p1a: Sinistcha|1\n|-damage|p1a: Sinistcha|87/100\n|-damage|p2b: Politoed|0 fnt\n|faint|p2b: Politoed\n|\n|-weather|SunnyDay|[upkeep]\n|-heal|p1a: Sinistcha|93/100|[from] item: Leftovers\n|upkeep\n|turn|16\n|\n|t:|1776132234\n|move|p1a: Sinistcha|Protect|p1a: Sinistcha\n|-singleturn|p1a: Sinistcha|Protect\n|move|p1b: Aerodactyl|Earthquake|p2a: Gengar|[spread] p2a\n|-activate|p1a: Sinistcha|move: Protect\n|-supereffective|p2a: Gengar|1\n|-damage|p2a: Gengar|0 fnt\n|faint|p2a: Gengar\n|\n|win|EEPHAROS\n|raw|EEPHAROS's rating: 1128 &rarr; <strong>1151</strong><br />(+23 for winning)\n|raw|gazanzaka's rating: 1106 &rarr; <strong>1083</strong><br />(-23 for losing)\n|l|\u2606gazanzaka\n|player|p2|\n",
  "uploadtime": 1776132249,
  "views": 12,
  "formatid": "gen9championsvgc2026regma",
  "rating": 1083,
  "private": 0,
  "password": null
}