{
  "id": "gen9championsvgc2026regma-2582789390",
  "format": "[Gen 9 Champions] VGC 2026 Reg M-A",
  "players": [
    "Wonderluck",
    "MarsupialWolf"
  ],
  "log": "|j|\u2606Wonderluck\n|j|\u2606MarsupialWolf\n|t:|1776114268\n|gametype|doubles\n|player|p1|Wonderluck|169|1070\n|player|p2|MarsupialWolf|ghetsis-gen5bw|1000\n|gen|9\n|tier|[Gen 9 Champions] VGC 2026 Reg M-A\n|rated|\n|rule|Species Clause: Limit one of each Pok\u00e9mon\n|rule|Item Clause: Limit 1 of each item\n|clearpoke\n|poke|p1|Maushold, L50|\n|poke|p1|Floette-Eternal, L50, F|\n|poke|p1|Kingambit, L50, M|\n|poke|p1|Sinistcha, L50|\n|poke|p1|Aerodactyl, L50, M|\n|poke|p1|Garchomp, L50, F|\n|poke|p2|Froslass, L50, F|\n|poke|p2|Milotic, L50, M|\n|poke|p2|Sinistcha, L50|\n|poke|p2|Incineroar, L50, F|\n|poke|p2|Glimmora, L50, F|\n|poke|p2|Conkeldurr, L50, F|\n|teampreview|4\n|\n|t:|1776114340\n|teamsize|p1|4\n|teamsize|p2|4\n|start\n|switch|p1a: Aerodactyl|Aerodactyl, L50, M|100/100\n|switch|p1b: Maushold|Maushold, L50|100/100\n|switch|p2a: Milotic|Milotic, L50, M|100/100\n|switch|p2b: Conkeldurr|Conkeldurr, L50, F|100/100\n|turn|1\n|\n|t:|1776114367\n|move|p2b: Conkeldurr|Protect|p2b: Conkeldurr\n|-singleturn|p2b: Conkeldurr|Protect\n|move|p1a: Aerodactyl|Dual Wingbeat|p2b: Conkeldurr\n|-activate|p2b: Conkeldurr|move: Protect\n|move|p1b: Maushold|Super Fang|p2b: Conkeldurr\n|-activate|p2b: Conkeldurr|move: Protect\n|move|p2a: Milotic|Icy Wind|p1b: Maushold|[spread] p1a,p1b\n|-supereffective|p1a: Aerodactyl|1\n|-damage|p1a: Aerodactyl|80/100\n|-damage|p1b: Maushold|89/100\n|-unboost|p1a: Aerodactyl|spe|1\n|-unboost|p1b: Maushold|spe|1\n|\n|upkeep\n|turn|2\n|\n|t:|1776114393\n|switch|p2b: Froslass|Froslass, L50, F, shiny|100/100\n|move|p1a: Aerodactyl|Dual Wingbeat|p2a: Milotic|[miss]\n|-miss|p1a: Aerodactyl|p2a: Milotic\n|move|p1b: Maushold|Encore||[still]\n|-fail|p1b: Maushold\n|move|p2a: Milotic|Muddy Water|p1a: Aerodactyl|[spread] p1b\n|-miss|p2a: Milotic|p1a: Aerodactyl\n|-damage|p1b: Maushold|61/100\n|\n|upkeep\n|turn|3\n|\n|t:|1776114410\n|move|p2b: Froslass|Protect|p2b: Froslass\n|-singleturn|p2b: Froslass|Protect\n|move|p1b: Maushold|Follow Me|p1b: Maushold\n|-singleturn|p1b: Maushold|move: Follow Me\n|move|p1a: Aerodactyl|Tailwind|p1a: Aerodactyl\n|-sidestart|p1: Wonderluck|move: Tailwind\n|move|p2a: Milotic|Coil|p2a: Milotic\n|-boost|p2a: Milotic|atk|1\n|-boost|p2a: Milotic|def|1\n|-boost|p2a: Milotic|accuracy|1\n|\n|upkeep\n|turn|4\n|\n|t:|1776114425\n|switch|p2b: Conkeldurr|Conkeldurr, L50, F|100/100\n|move|p1a: Aerodactyl|Rock Slide|p2b: Conkeldurr|[spread] p2a,p2b\n|-resisted|p2b: Conkeldurr|1\n|-damage|p2a: Milotic|85/100\n|-damage|p2b: Conkeldurr|91/100\n|move|p1b: Maushold|Encore||[still]\n|-fail|p1b: Maushold\n|cant|p2a: Milotic|flinch\n|\n|-heal|p2a: Milotic|91/100|[from] item: Leftovers\n|upkeep\n|turn|5\n|\n|t:|1776114443\n|move|p2b: Conkeldurr|Protect|p2b: Conkeldurr\n|-singleturn|p2b: Conkeldurr|Protect\n|move|p1a: Aerodactyl|Rock Slide|p2a: Milotic|[spread] p2a\n|-activate|p2b: Conkeldurr|move: Protect\n|-damage|p2a: Milotic|77/100\n|move|p1b: Maushold|Super Fang|p2a: Milotic|[miss]\n|-miss|p1b: Maushold|p2a: Milotic\n|move|p2a: Milotic|Muddy Water|p1b: Maushold|[spread] p1a,p1b\n|-supereffective|p1a: Aerodactyl|1\n|-damage|p1a: Aerodactyl|28/100\n|-damage|p1b: Maushold|30/100\n|\n|-heal|p2a: Milotic|83/100|[from] item: Leftovers\n|upkeep\n|turn|6\n|\n|t:|1776114468\n|switch|p2b: Sinistcha|Sinistcha, L50|100/100\n|-heal|p2a: Milotic|100/100|[from] ability: Hospitality|[of] p2b: Sinistcha\n|move|p1a: Aerodactyl|Rock Slide|p2a: Milotic|[spread] p2b\n|-miss|p1a: Aerodactyl|p2a: Milotic\n|-damage|p2b: Sinistcha|82/100\n|move|p1b: Maushold|Super Fang|p2a: Milotic\n|-damage|p2a: Milotic|50/100\n|move|p2a: Milotic|Coil|p2a: Milotic\n|-boost|p2a: Milotic|atk|1\n|-boost|p2a: Milotic|def|1\n|-boost|p2a: Milotic|accuracy|1\n|\n|-heal|p2a: Milotic|56/100|[from] item: Leftovers\n|-sideend|p1: Wonderluck|move: Tailwind\n|upkeep\n|turn|7\n|c|\u2606Wonderluck|Jesus Christ\n|c|\u2606Wonderluck|you got it man\n|\n|t:|1776114508\n|move|p1a: Aerodactyl|Dual Wingbeat|p2b: Sinistcha\n|-supereffective|p2b: Sinistcha|1\n|-damage|p2b: Sinistcha|55/100\n|-supereffective|p2b: Sinistcha|1\n|-damage|p2b: Sinistcha|25/100\n|-enditem|p2b: Sinistcha|Sitrus Berry|[eat]\n|-heal|p2b: Sinistcha|49/100|[from] item: Sitrus Berry\n|-hitcount|p2b: Sinistcha|2\n|move|p1b: Maushold|Encore|p2a: Milotic\n|-start|p2a: Milotic|Encore\n|move|p2a: Milotic|Coil|p2a: Milotic\n|-boost|p2a: Milotic|atk|1\n|-boost|p2a: Milotic|def|1\n|-boost|p2a: Milotic|accuracy|1\n|move|p2b: Sinistcha|Life Dew|p2b: Sinistcha|[spread] p2a,p2b\n|-heal|p2a: Milotic|81/100\n|-heal|p2b: Sinistcha|75/100\n|\n|-heal|p2a: Milotic|87/100|[from] item: Leftovers\n|upkeep\n|turn|8\n|\n|t:|1776114541\n|switch|p1a: Floette|Floette-Eternal, L50, F|100/100\n|move|p1b: Maushold|Super Fang|p2a: Milotic\n|-damage|p2a: Milotic|44/100\n|move|p2a: Milotic|Coil|p2a: Milotic\n|-boost|p2a: Milotic|atk|1\n|-boost|p2a: Milotic|def|1\n|-boost|p2a: Milotic|accuracy|1\n|move|p2b: Sinistcha|Matcha Gotcha|p1b: Maushold|[spread] p1a,p1b\n|-damage|p1a: Floette|81/100\n|-heal|p2b: Sinistcha|83/100|[from] drain|[of] p1a: Floette\n|-damage|p1b: Maushold|2/100\n|-heal|p2b: Sinistcha|98/100|[from] drain|[of] p1b: Maushold\n|\n|-heal|p2a: Milotic|50/100|[from] item: Leftovers\n|upkeep\n|turn|9\n|\n|t:|1776114575\n|detailschange|p1a: Floette|Floette-Mega, L50, F\n|-mega|p1a: Floette|Floette|Floettite\n|-ability|p1a: Floette|Fairy Aura\n|move|p1a: Floette|Dazzling Gleam|p2b: Sinistcha|[spread] p2a,p2b\n|-damage|p2a: Milotic|21/100\n|-damage|p2b: Sinistcha|42/100\n|move|p1b: Maushold|Encore|p2b: Sinistcha\n|-start|p2b: Sinistcha|Encore\n|move|p2a: Milotic|Coil|p2a: Milotic\n|-boost|p2a: Milotic|atk|1\n|-boost|p2a: Milotic|def|1\n|-boost|p2a: Milotic|accuracy|1\n|move|p2b: Sinistcha|Matcha Gotcha|p1b: Maushold|[spread] p1a,p1b\n|-damage|p1a: Floette|67/100\n|-heal|p2b: Sinistcha|48/100|[from] drain|[of] p1a: Floette\n|-damage|p1b: Maushold|0 fnt\n|-heal|p2b: Sinistcha|49/100|[from] drain|[of] p1b: Maushold\n|-status|p1a: Floette|brn\n|faint|p1b: Maushold\n|\n|-heal|p2a: Milotic|27/100|[from] item: Leftovers\n|-damage|p1a: Floette|61/100 brn|[from] brn\n|-end|p2a: Milotic|Encore\n|upkeep\n|\n|t:|1776114605\n|switch|p1b: Aerodactyl|Aerodactyl, L50, M|28/100\n|turn|10\n|\n|t:|1776114628\n|switch|p2b: Conkeldurr|Conkeldurr, L50, F|91/100\n|move|p1b: Aerodactyl|Tailwind|p1b: Aerodactyl\n|-sidestart|p1: Wonderluck|move: Tailwind\n|move|p1a: Floette|Dazzling Gleam|p2a: Milotic|[spread] p2a,p2b\n|-supereffective|p2b: Conkeldurr|1\n|-damage|p2a: Milotic|0 fnt\n|-damage|p2b: Conkeldurr|0 fnt\n|faint|p2a: Milotic\n|faint|p2b: Conkeldurr\n|\n|-damage|p1a: Floette|55/100 brn|[from] brn\n|upkeep\n|\n|t:|1776114641\n|switch|p2a: Froslass|Froslass, L50, F, shiny|100/100\n|switch|p2b: Sinistcha|Sinistcha, L50|49/100\n|turn|11\n|\n|t:|1776114650\n|detailschange|p2a: Froslass|Froslass-Mega, L50, F, shiny\n|-mega|p2a: Froslass|Froslass|Froslassite\n|-weather|Snowscape|[from] ability: Snow Warning|[of] p2a: Froslass\n|move|p1b: Aerodactyl|Rock Slide|p2a: Froslass|[spread] p2b\n|-miss|p1b: Aerodactyl|p2a: Froslass\n|-damage|p2b: Sinistcha|29/100\n|move|p1a: Floette|Dazzling Gleam|p2a: Froslass|[spread] p2a,p2b\n|-damage|p2a: Froslass|44/100\n|-damage|p2b: Sinistcha|0 fnt\n|faint|p2b: Sinistcha\n|move|p2a: Froslass|Blizzard|p1a: Floette|[spread] p1a,p1b\n|-supereffective|p1b: Aerodactyl|1\n|-damage|p1a: Floette|18/100 brn\n|-damage|p1b: Aerodactyl|0 fnt\n|faint|p1b: Aerodactyl\n|\n|-weather|Snowscape|[upkeep]\n|-damage|p1a: Floette|12/100 brn|[from] brn\n|upkeep\n|\n|t:|1776114668\n|switch|p1b: Kingambit|Kingambit, L50, M|100/100\n|turn|12\n|-message|MarsupialWolf forfeited.\n|\n|win|Wonderluck\n|raw|Wonderluck's rating: 1070 &rarr; <strong>1094</strong><br />(+24 for winning)\n|raw|MarsupialWolf's rating: 1000 &rarr; <strong>1000</strong><br />(+0 for losing)\n|l|\u2606MarsupialWolf\n|player|p2|\n|c|\u2606Wonderluck|No way\n",
  "uploadtime": 1776114710,
  "views": 44,
  "formatid": "gen9championsvgc2026regma",
  "rating": 1000,
  "private": 0,
  "password": null
}