{
  "id": "gen9championsvgc2026regma-2580752287",
  "format": "[Gen 9 Champions] VGC 2026 Reg M-A",
  "players": [
    "Sqqido2898",
    "airfyer81"
  ],
  "log": "|j|\u2606Sqqido2898\n|j|\u2606airfyer81\n|html|<table width=\"100%\"><tr><td align=\"left\">Sqqido2898</td><td align=\"right\">airfyer81</tr><tr><td align=\"left\"><i class=\"fa fa-circle-o\"></i> <i class=\"fa fa-circle-o\"></i> </td><td align=\"right\"><i class=\"fa fa-circle-o\"></i> <i class=\"fa fa-circle\"></i> </tr></table>\n|uhtml|bestof|<h2><strong>Game 2</strong> of <a href=\"/game-bestof3-gen9championsvgc2026regma-2580748688\">a best-of-3</a></h2>\n|t:|1775929597\n|gametype|doubles\n|player|p1|Sqqido2898|ghetsis-gen5bw|\n|player|p2|airfyer81|roxie|\n|gen|9\n|tier|[Gen 9 Champions] VGC 2026 Reg M-A\n|rule|Species Clause: Limit one of each Pok\u00e9mon\n|rule|Item Clause: Limit 1 of each item\n|raw|<div class=\"infobox\"><details class=\"readmore\" open><summary><strong>1 custom rule:</strong></summary> Best of = 3</details></div>\n|clearpoke\n|poke|p1|Pelipper, L50, F|\n|poke|p1|Archaludon, L50, M|\n|poke|p1|Palafin, L50, M|\n|poke|p1|Incineroar, L50, M|\n|poke|p1|Dragonite, L50, F|\n|poke|p1|Maushold-Four, L50|\n|poke|p2|Aggron, L50, M|\n|poke|p2|Kommo-o, L50, M|\n|poke|p2|Ceruledge, L50, M|\n|poke|p2|Archaludon, L50, F|\n|poke|p2|Decidueye-Hisui, L50, M|\n|poke|p2|Hatterene, L50, F|\n|teampreview|4\nairfyer81 rejected open team sheets.\n|\n|t:|1775929620\n|teamsize|p1|4\n|teamsize|p2|4\n|start\n|switch|p1a: Bartholemew|Pelipper, L50, F, shiny|100/100\n|switch|p1b: Wolfey|Incineroar, L50, M, shiny|100/100\n|switch|p2a: Archaludon|Archaludon, L50, F, shiny|100/100\n|switch|p2b: Aggron|Aggron, L50, M, shiny|100/100\n|-weather|RainDance|[from] ability: Drizzle|[of] p1a: Bartholemew\n|-ability|p1b: Wolfey|Intimidate|boost\n|-unboost|p2a: Archaludon|atk|1\n|-unboost|p2b: Aggron|atk|1\n|turn|1\n|\n|t:|1775929646\n|detailschange|p2b: Aggron|Aggron-Mega, L50, M, shiny\n|-mega|p2b: Aggron|Aggron|Aggronite\n|move|p1b: Wolfey|Fake Out|p2b: Aggron\n|-resisted|p2b: Aggron|1\n|-damage|p2b: Aggron|97/100\n|move|p1a: Bartholemew|Tailwind|p1a: Bartholemew\n|-sidestart|p1: Sqqido2898|move: Tailwind\n|move|p2a: Archaludon|Body Slam|p1b: Wolfey\n|-damage|p1b: Wolfey|83/100\n|-status|p1b: Wolfey|par\n|-enditem|p1b: Wolfey|Lum Berry|[eat]\n|-curestatus|p1b: Wolfey|par|[msg]\n|cant|p2b: Aggron|flinch\n|\n|-weather|RainDance|[upkeep]\n|upkeep\n|turn|2\n|\n|t:|1775929667\n|move|p1a: Bartholemew|Weather Ball|p2b: Aggron\n|-damage|p2b: Aggron|40/100\n|move|p1b: Wolfey|Flare Blitz|p2b: Aggron\n|-supereffective|p2b: Aggron|1\n|-damage|p2b: Aggron|21/100\n|-damage|p1b: Wolfey|79/100|[from] Recoil\n|move|p2a: Archaludon|Body Slam|p1b: Wolfey\n|-damage|p1b: Wolfey|61/100\n|move|p2b: Aggron|Body Press|p1b: Wolfey\n|-supereffective|p1b: Wolfey|1\n|-damage|p1b: Wolfey|0 fnt\n|faint|p1b: Wolfey\n|\n|-weather|RainDance|[upkeep]\n|upkeep\n|\n|t:|1775929681\n|switch|p1b: Big Boy Bridge|Archaludon, L50, M, shiny|100/100\n|turn|3\n|\n|t:|1775929695\n|switch|p1a: Family Friendly|Maushold-Four, L50|100/100\n|move|p1b: Big Boy Bridge|Electro Shot||[still]\n|-prepare|p1b: Big Boy Bridge|Electro Shot\n|-boost|p1b: Big Boy Bridge|spa|1\n|-anim|p1b: Big Boy Bridge|Electro Shot|p2b: Aggron\n|-damage|p2b: Aggron|0 fnt\n|faint|p2b: Aggron\n|move|p2a: Archaludon|Body Slam|p1a: Family Friendly\n|-damage|p1a: Family Friendly|75/100\n|\n|-weather|RainDance|[upkeep]\n|upkeep\n|\n|t:|1775929715\n|switch|p2b: Ceruledge|Ceruledge, L50, M, shiny|100/100\n|turn|4\n|-activate|p1a: Family Friendly|item: Quick Claw\n|\n|t:|1775929730\n|move|p1a: Family Friendly|Population Bomb|p1b: Big Boy Bridge\n|-resisted|p1b: Big Boy Bridge|1\n|-damage|p1b: Big Boy Bridge|99/100\n|-ability|p1b: Big Boy Bridge|Stamina|boost\n|-boost|p1b: Big Boy Bridge|def|1\n|-resisted|p1b: Big Boy Bridge|1\n|-damage|p1b: Big Boy Bridge|97/100\n|-ability|p1b: Big Boy Bridge|Stamina|boost\n|-boost|p1b: Big Boy Bridge|def|1\n|-resisted|p1b: Big Boy Bridge|1\n|-damage|p1b: Big Boy Bridge|97/100\n|-ability|p1b: Big Boy Bridge|Stamina|boost\n|-boost|p1b: Big Boy Bridge|def|1\n|-resisted|p1b: Big Boy Bridge|1\n|-damage|p1b: Big Boy Bridge|96/100\n|-ability|p1b: Big Boy Bridge|Stamina|boost\n|-boost|p1b: Big Boy Bridge|def|1\n|-resisted|p1b: Big Boy Bridge|1\n|-damage|p1b: Big Boy Bridge|96/100\n|-ability|p1b: Big Boy Bridge|Stamina|boost\n|-boost|p1b: Big Boy Bridge|def|1\n|-resisted|p1b: Big Boy Bridge|1\n|-damage|p1b: Big Boy Bridge|95/100\n|-ability|p1b: Big Boy Bridge|Stamina|boost\n|-boost|p1b: Big Boy Bridge|def|1\n|-resisted|p1b: Big Boy Bridge|1\n|-damage|p1b: Big Boy Bridge|94/100\n|-resisted|p1b: Big Boy Bridge|1\n|-damage|p1b: Big Boy Bridge|94/100\n|-resisted|p1b: Big Boy Bridge|1\n|-damage|p1b: Big Boy Bridge|93/100\n|-resisted|p1b: Big Boy Bridge|1\n|-damage|p1b: Big Boy Bridge|93/100\n|-hitcount|p1b: Big Boy Bridge|10\n|move|p1b: Big Boy Bridge|Electro Shot||[still]\n|-prepare|p1b: Big Boy Bridge|Electro Shot\n|-boost|p1b: Big Boy Bridge|spa|1\n|-anim|p1b: Big Boy Bridge|Electro Shot|p2b: Ceruledge\n|-damage|p2b: Ceruledge|3/100\n|move|p2b: Ceruledge|Bitter Blade|p1b: Big Boy Bridge\n|-damage|p1b: Big Boy Bridge|90/100\n|-heal|p2b: Ceruledge|4/100|[from] drain|[of] p1b: Big Boy Bridge\n|move|p2a: Archaludon|Body Slam|p1a: Family Friendly\n|-damage|p1a: Family Friendly|51/100\n|\n|-weather|RainDance|[upkeep]\n|-heal|p1b: Big Boy Bridge|96/100|[from] item: Leftovers\n|-sideend|p1: Sqqido2898|move: Tailwind\n|upkeep\n|turn|5\n|\n|t:|1775929780\n|move|p1a: Family Friendly|Helping Hand|p1b: Big Boy Bridge\n|-singleturn|p1b: Big Boy Bridge|Helping Hand|[of] p1a: Family Friendly\n|move|p2b: Ceruledge|Bitter Blade|p1a: Family Friendly\n|-damage|p1a: Family Friendly|24/100\n|-heal|p2b: Ceruledge|21/100|[from] drain|[of] p1a: Family Friendly\n|move|p1b: Big Boy Bridge|Dragon Pulse|p2a: Archaludon\n|-damage|p2a: Archaludon|0 fnt\n|faint|p2a: Archaludon\n|\n|-weather|none\n|-heal|p1b: Big Boy Bridge|100/100|[from] item: Leftovers\n|upkeep\n|\n|t:|1775929793\n|switch|p2a: Kommo-o|Kommo-o, L50, M|100/100\n|turn|6\n|\n|t:|1775929807\n|switch|p1a: Bartholemew|Pelipper, L50, F, shiny|100/100\n|-weather|RainDance|[from] ability: Drizzle|[of] p1a: Bartholemew\n|move|p2b: Ceruledge|Bitter Blade|p1a: Bartholemew\n|-resisted|p1a: Bartholemew|1\n|-crit|p1a: Bartholemew\n|-damage|p1a: Bartholemew|84/100\n|-heal|p2b: Ceruledge|30/100|[from] drain|[of] p1a: Bartholemew\n|move|p2a: Kommo-o|Aura Sphere|p1b: Big Boy Bridge\n|-supereffective|p1b: Big Boy Bridge|1\n|-damage|p1b: Big Boy Bridge|0 fnt\n|faint|p1b: Big Boy Bridge\n|\n|-weather|RainDance|[upkeep]\n|upkeep\n|\n|t:|1775929820\n|switch|p1b: Family Friendly|Maushold-Four, L50|24/100\n|turn|7\n|-activate|p1b: Family Friendly|item: Quick Claw\n|\n|t:|1775929831\n|move|p1b: Family Friendly|Follow Me|p1b: Family Friendly\n|-singleturn|p1b: Family Friendly|move: Follow Me\n|move|p2b: Ceruledge|Shadow Claw|p1b: Family Friendly\n|-immune|p1b: Family Friendly\n|move|p2a: Kommo-o|Boomburst|p1b: Family Friendly|[spread] p1a,p1b\n|-immune|p2b: Ceruledge\n|-damage|p1a: Bartholemew|49/100\n|-damage|p1b: Family Friendly|0 fnt\n|faint|p1b: Family Friendly\n|move|p1a: Bartholemew|Hurricane|p2a: Kommo-o\n|-supereffective|p2a: Kommo-o|1\n|-damage|p2a: Kommo-o|24/100\n|-enditem|p2a: Kommo-o|Sitrus Berry|[eat]\n|-heal|p2a: Kommo-o|49/100|[from] item: Sitrus Berry\n|\n|-weather|RainDance|[upkeep]\n|upkeep\n|turn|8\n|\n|t:|1775929852\n|move|p2b: Ceruledge|Shadow Claw|p1a: Bartholemew\n|-damage|p1a: Bartholemew|14/100\n|move|p2a: Kommo-o|Boomburst|p1a: Bartholemew|[spread] p1a\n|-immune|p2b: Ceruledge\n|-damage|p1a: Bartholemew|0 fnt\n|faint|p1a: Bartholemew\n|\n|win|airfyer81\n|l|\u2606airfyer81\n|player|p2|\n",
  "uploadtime": 1775929990,
  "views": 11,
  "formatid": "gen9championsvgc2026regma",
  "rating": null,
  "private": 0,
  "password": null
}