{
  "id": "gen9championsvgc2026regma-2582005324",
  "format": "[Gen 9 Champions] VGC 2026 Reg M-A",
  "players": [
    "Novicebest",
    "space9982"
  ],
  "log": "|j|\u2606Novicebest\n|j|\u2606space9982\n|t:|1776047585\n|gametype|doubles\n|player|p1|Novicebest|dawn|1365\n|player|p2|space9982|266|1416\n|gen|9\n|tier|[Gen 9 Champions] VGC 2026 Reg M-A\n|rated|\n|rule|Species Clause: Limit one of each Pok\u00e9mon\n|rule|Item Clause: Limit 1 of each item\n|clearpoke\n|poke|p1|Charizard, L50, F|\n|poke|p1|Whimsicott, L50, F|\n|poke|p1|Farigiraf, L50, M|\n|poke|p1|Sneasler, L50, F|\n|poke|p1|Rotom-Wash, L50|\n|poke|p1|Incineroar, L50, M|\n|poke|p2|Charizard, L50, M|\n|poke|p2|Whimsicott, L50, F|\n|poke|p2|Garchomp, L50, M|\n|poke|p2|Sneasler, L50, M|\n|poke|p2|Incineroar, L50, M|\n|poke|p2|Rotom-Wash, L50|\n|teampreview|4\n|inactive|Battle timer is ON: inactive players will automatically lose when time's up. (requested by space9982)\n|\n|t:|1776047612\n|teamsize|p1|4\n|teamsize|p2|4\n|start\n|switch|p1a: Charizard|Charizard, L50, F|100/100\n|switch|p1b: Whimsicott|Whimsicott, L50, F|100/100\n|switch|p2a: Garchomp|Garchomp, L50, M, shiny|100/100\n|switch|p2b: Incineroar|Incineroar, L50, M, shiny|100/100\n|-ability|p2b: Incineroar|Intimidate|boost\n|-unboost|p1a: Charizard|atk|1\n|-unboost|p1b: Whimsicott|atk|1\n|turn|1\n|\n|t:|1776047631\n|switch|p1b: Rotom|Rotom-Wash, L50|100/100\n|move|p1a: Charizard|Protect|p1a: Charizard\n|-singleturn|p1a: Charizard|Protect\n|move|p2b: Incineroar|Fake Out|p1b: Rotom\n|-damage|p1b: Rotom|89/100\n|move|p2a: Garchomp|Rock Slide|p1b: Rotom|[spread] p1b\n|-activate|p1a: Charizard|move: Protect\n|-damage|p1b: Rotom|66/100\n|\n|-heal|p1b: Rotom|72/100|[from] item: Leftovers\n|upkeep\n|turn|2\n|\n|t:|1776047654\n|switch|p1a: Incineroar|Incineroar, L50, M|100/100\n|-ability|p1a: Incineroar|Intimidate|boost\n|-unboost|p2a: Garchomp|atk|1\n|-unboost|p2b: Incineroar|atk|1\n|move|p2a: Garchomp|Rock Slide|p1b: Rotom|[spread] \n|-miss|p2a: Garchomp|p1a: Incineroar\n|-miss|p2a: Garchomp|p1b: Rotom\n|move|p1b: Rotom|Nasty Plot|p1b: Rotom\n|-boost|p1b: Rotom|spa|2\n|move|p2b: Incineroar|Parting Shot|p1b: Rotom\n|-unboost|p1b: Rotom|atk|1\n|-unboost|p1b: Rotom|spa|1\n|\n|t:|1776047666\n|switch|p2b: Charizard|Charizard, L50, M, shiny|100/100|[from] Parting Shot\n|\n|-heal|p1b: Rotom|78/100|[from] item: Leftovers\n|upkeep\n|turn|3\n|j| ham_unbound\n|j| bloodbat007\n|\n|t:|1776047683\n|switch|p2a: Incineroar|Incineroar, L50, M, shiny|100/100\n|-ability|p2a: Incineroar|Intimidate|boost\n|-unboost|p1a: Incineroar|atk|1\n|-unboost|p1b: Rotom|atk|1\n|detailschange|p2b: Charizard|Charizard-Mega-Y, L50, M, shiny\n|-mega|p2b: Charizard|Charizard|Charizardite Y\n|-weather|SunnyDay|[from] ability: Drought|[of] p2b: Charizard\n|move|p2b: Charizard|Protect|p2b: Charizard\n|-singleturn|p2b: Charizard|Protect\n|move|p1a: Incineroar|Fake Out|p2b: Charizard\n|-activate|p2b: Charizard|move: Protect\n|move|p1b: Rotom|Nasty Plot|p1b: Rotom\n|-boost|p1b: Rotom|spa|2\n|\n|-weather|SunnyDay|[upkeep]\n|-heal|p1b: Rotom|83/100|[from] item: Leftovers\n|upkeep\n|turn|4\n|l| ham_unbound\n|\n|t:|1776047704\n|move|p1b: Rotom|Protect|p1b: Rotom\n|-singleturn|p1b: Rotom|Protect\n|move|p2a: Incineroar|Fake Out|p1b: Rotom\n|-activate|p1b: Rotom|move: Protect\n|move|p2b: Charizard|Solar Beam||[still]\n|-prepare|p2b: Charizard|Solar Beam\n|-anim|p2b: Charizard|Solar Beam|p1b: Rotom\n|-activate|p1b: Rotom|move: Protect\n|move|p1a: Incineroar|Parting Shot|p2b: Charizard\n|-unboost|p2b: Charizard|atk|1\n|-unboost|p2b: Charizard|spa|1\n|j| bosswq\n|\n|t:|1776047722\n|switch|p1a: Whimsicott|Whimsicott, L50, F|100/100|[from] Parting Shot\n|\n|-weather|SunnyDay|[upkeep]\n|-heal|p1b: Rotom|89/100|[from] item: Leftovers\n|upkeep\n|turn|5\n|\n|t:|1776047739\n|move|p2b: Charizard|Protect|p2b: Charizard\n|-singleturn|p2b: Charizard|Protect\n|move|p1a: Whimsicott|Tailwind|p1a: Whimsicott\n|-sidestart|p1: Novicebest|move: Tailwind\n|move|p1b: Rotom|Thunderbolt|p2b: Charizard\n|-activate|p2b: Charizard|move: Protect\n|move|p2a: Incineroar|Taunt|p1a: Whimsicott\n|-start|p1a: Whimsicott|move: Taunt\n|\n|-weather|SunnyDay|[upkeep]\n|-heal|p1b: Rotom|95/100|[from] item: Leftovers\n|upkeep\n|turn|6\n|\n|t:|1776047759\n|switch|p2b: Garchomp|Garchomp, L50, M, shiny|100/100\n|move|p1a: Whimsicott|Moonblast|p2a: Incineroar\n|-damage|p2a: Incineroar|67/100\n|move|p1b: Rotom|Thunderbolt|p2b: Garchomp\n|-immune|p2b: Garchomp\n|move|p2a: Incineroar|Flare Blitz|p1a: Whimsicott\n|-supereffective|p1a: Whimsicott|1\n|-enditem|p1a: Whimsicott|Focus Sash\n|-damage|p1a: Whimsicott|1/100\n|-damage|p2a: Incineroar|45/100|[from] Recoil\n|\n|-weather|SunnyDay|[upkeep]\n|-heal|p1b: Rotom|100/100|[from] item: Leftovers\n|-heal|p2a: Incineroar|51/100|[from] item: Leftovers\n|upkeep\n|turn|7\n|\n|t:|1776047772\n|move|p1a: Whimsicott|Moonblast|p2b: Garchomp\n|-supereffective|p2b: Garchomp|1\n|-damage|p2b: Garchomp|17/100\n|move|p2b: Garchomp|Rock Slide|p1b: Rotom|[spread] p1a,p1b\n|-crit|p1a: Whimsicott\n|-damage|p1a: Whimsicott|0 fnt\n|-damage|p1b: Rotom|80/100\n|faint|p1a: Whimsicott\n|cant|p1b: Rotom|flinch\n|move|p2a: Incineroar|Parting Shot|p1b: Rotom\n|-unboost|p1b: Rotom|atk|1\n|-unboost|p1b: Rotom|spa|1\n|\n|t:|1776047776\n|switch|p2a: Whimsicott|Whimsicott, L50, F, shiny|100/100|[from] Parting Shot\n|\n|-weather|none\n|-heal|p1b: Rotom|86/100|[from] item: Leftovers\n|upkeep\n|\n|t:|1776047790\n|switch|p1a: Incineroar|Incineroar, L50, M|100/100\n|-ability|p1a: Incineroar|Intimidate|boost\n|-unboost|p2a: Whimsicott|atk|1\n|-unboost|p2b: Garchomp|atk|1\n|turn|8\n|l| bloodbat007\n|\n|t:|1776047810\n|switch|p2a: Incineroar|Incineroar, L50, M, shiny|51/100\n|-ability|p2a: Incineroar|Intimidate|boost\n|-unboost|p1a: Incineroar|atk|1\n|-unboost|p1b: Rotom|atk|1\n|move|p2b: Garchomp|Rock Slide|p1b: Rotom|[spread] p1a,p1b\n|-supereffective|p1a: Incineroar|1\n|-damage|p1a: Incineroar|74/100\n|-damage|p1b: Rotom|72/100\n|cant|p1b: Rotom|flinch\n|cant|p1a: Incineroar|flinch\n|\n|-heal|p1b: Rotom|78/100|[from] item: Leftovers\n|-heal|p2a: Incineroar|57/100|[from] item: Leftovers\n|-sideend|p1: Novicebest|move: Tailwind\n|upkeep\n|turn|9\n|\n|t:|1776047831\n|move|p1b: Rotom|Protect|p1b: Rotom\n|-singleturn|p1b: Rotom|Protect\n|move|p2a: Incineroar|Fake Out|p1b: Rotom\n|-activate|p1b: Rotom|move: Protect\n|move|p2b: Garchomp|Rock Slide|p1a: Incineroar|[spread] p1a\n|-activate|p1b: Rotom|move: Protect\n|-supereffective|p1a: Incineroar|1\n|-crit|p1a: Incineroar\n|-damage|p1a: Incineroar|16/100\n|-enditem|p1a: Incineroar|Sitrus Berry|[eat]\n|-heal|p1a: Incineroar|41/100|[from] item: Sitrus Berry\n|cant|p1a: Incineroar|flinch\n|\n|-heal|p1b: Rotom|83/100|[from] item: Leftovers\n|-heal|p2a: Incineroar|63/100|[from] item: Leftovers\n|upkeep\n|turn|10\n|\n|t:|1776047854\n|move|p2b: Garchomp|Rock Slide|p1a: Incineroar|[spread] p1a,p1b\n|-supereffective|p1a: Incineroar|1\n|-damage|p1a: Incineroar|17/100\n|-damage|p1b: Rotom|68/100\n|cant|p1b: Rotom|flinch\n|cant|p1a: Incineroar|flinch\n|move|p2a: Incineroar|Taunt|p1a: Incineroar\n|-start|p1a: Incineroar|move: Taunt\n|\n|-heal|p1b: Rotom|74/100|[from] item: Leftovers\n|-heal|p2a: Incineroar|69/100|[from] item: Leftovers\n|upkeep\n|turn|11\n|c|\u2606space9982|lmao\n|\n|t:|1776047871\n|move|p2b: Garchomp|Rock Slide|p1a: Incineroar|[spread] p1a\n|-miss|p2b: Garchomp|p1b: Rotom\n|-supereffective|p1a: Incineroar|1\n|-damage|p1a: Incineroar|0 fnt\n|faint|p1a: Incineroar\n|move|p1b: Rotom|Thunderbolt|p2a: Incineroar\n|-damage|p2a: Incineroar|0 fnt\n|faint|p2a: Incineroar\n|\n|-heal|p1b: Rotom|79/100|[from] item: Leftovers\n|upkeep\n|\n|t:|1776047882\n|switch|p1a: Charizard|Charizard, L50, F|100/100\n|switch|p2a: Charizard|Charizard-Mega-Y, L50, M, shiny|100/100\n|-weather|SunnyDay|[from] ability: Drought|[of] p2a: Charizard\n|turn|12\n|\n|t:|1776047891\n|detailschange|p1a: Charizard|Charizard-Mega-Y, L50, F\n|-mega|p1a: Charizard|Charizard|Charizardite Y\n|move|p2a: Charizard|Protect|p2a: Charizard\n|-singleturn|p2a: Charizard|Protect\n|move|p2b: Garchomp|Rock Slide|p1a: Charizard|[spread] p1a,p1b\n|-supereffective|p1a: Charizard|2\n|-damage|p1a: Charizard|38/100\n|-damage|p1b: Rotom|64/100\n|move|p1a: Charizard|Heat Wave|p2a: Charizard|[spread] p2b\n|-activate|p2a: Charizard|move: Protect\n|-resisted|p2b: Garchomp|1\n|-damage|p2b: Garchomp|0 fnt\n|faint|p2b: Garchomp\n|move|p1b: Rotom|Thunderbolt|p2a: Charizard\n|-activate|p2a: Charizard|move: Protect\n|\n|-weather|SunnyDay|[upkeep]\n|-heal|p1b: Rotom|69/100|[from] item: Leftovers\n|upkeep\n|\n|t:|1776047899\n|switch|p2b: Whimsicott|Whimsicott, L50, F, shiny|100/100\n|turn|13\n|\n|t:|1776047915\n|move|p1a: Charizard|Protect|p1a: Charizard\n|-singleturn|p1a: Charizard|Protect\n|move|p2b: Whimsicott|Tailwind|p2b: Whimsicott\n|-sidestart|p2: space9982|move: Tailwind\n|move|p2a: Charizard|Solar Beam||[still]\n|-prepare|p2a: Charizard|Solar Beam\n|-anim|p2a: Charizard|Solar Beam|p1b: Rotom\n|-supereffective|p1b: Rotom|1\n|-damage|p1b: Rotom|0 fnt\n|faint|p1b: Rotom\n|\n|-weather|SunnyDay|[upkeep]\n|upkeep\n|turn|14\n|j| Reign1997\n|-message|Novicebest forfeited.\n|\n|win|space9982\n|raw|Novicebest's rating: 1365 &rarr; <strong>1348</strong><br />(-17 for losing)\n|raw|space9982's rating: 1416 &rarr; <strong>1433</strong><br />(+17 for winning)\n|l| bosswq\n|l|\u2606Novicebest\n|player|p1|\n|l|\u2606space9982\n|player|p2|\n|j|\u2606Novicebest\n|player|p1|Novicebest|dawn|\n",
  "uploadtime": 1776047939,
  "views": 31,
  "formatid": "gen9championsvgc2026regma",
  "rating": 1348,
  "private": 0,
  "password": null
}