{
  "id": "gen9championsvgc2026regma-2582881787",
  "format": "[Gen 9 Champions] VGC 2026 Reg M-A",
  "players": [
    "no1.pokemon",
    "Hiat6578"
  ],
  "log": "|j|\u2606no1.pokemon\n|j|\u2606Hiat6578\n|t:|1776121688\n|gametype|doubles\n|player|p1|no1.pokemon|alec-anime|1034\n|player|p2|Hiat6578|fisherman-gen4|1000\n|gen|9\n|tier|[Gen 9 Champions] VGC 2026 Reg M-A\n|rated|\n|rule|Species Clause: Limit one of each Pok\u00e9mon\n|rule|Item Clause: Limit 1 of each item\n|clearpoke\n|poke|p1|Tyranitar, L50, F|\n|poke|p1|Excadrill, L50, F|\n|poke|p1|Greninja-*, L50, F|\n|poke|p1|Incineroar, L50, F|\n|poke|p1|Dragapult, L50, F|\n|poke|p1|Pikachu, L50, M|\n|poke|p2|Venusaur, L50, M|\n|poke|p2|Archaludon, L50, F|\n|poke|p2|Sneasler, L50, M|\n|poke|p2|Ninetales-Alola, L50, M|\n|poke|p2|Rotom-Wash, L50|\n|poke|p2|Whimsicott, L50, F|\n|teampreview|4\n|inactive|Battle timer is ON: inactive players will automatically lose when time's up. (requested by Hiat6578)\n|inactive|no1.pokemon also wants the timer to be on.\nHiat6578 rejected open team sheets.\n|inactive|Hiat6578 has 60 seconds left.\n|\n|t:|1776121747\n|teamsize|p1|4\n|teamsize|p2|4\n|start\n|switch|p1a: Pikachu|Pikachu, L50, M|100/100\n|switch|p1b: Tyranitar|Tyranitar, L50, F|100/100\n|switch|p2a: Venusaur|Venusaur, L50, M|100/100\n|switch|p2b: Whimsicott|Whimsicott, L50, F|100/100\n|-weather|Sandstorm|[from] ability: Sand Stream|[of] p1b: Tyranitar\n|turn|1\n|\n|t:|1776121768\n|detailschange|p2a: Venusaur|Venusaur-Mega, L50, M\n|-mega|p2a: Venusaur|Venusaur|Venusaurite\n|move|p1a: Pikachu|Fake Out|p2b: Whimsicott\n|-damage|p2b: Whimsicott|83/100\n|cant|p2b: Whimsicott|flinch\n|move|p2a: Venusaur|Sleep Powder|p1b: Tyranitar\n|-status|p1b: Tyranitar|slp|[from] move: Sleep Powder\n|cant|p1b: Tyranitar|slp\n|\n|-weather|Sandstorm|[upkeep]\n|-damage|p2b: Whimsicott|77/100|[from] Sandstorm\n|-damage|p1a: Pikachu|94/100|[from] Sandstorm\n|-damage|p2a: Venusaur|95/100|[from] Sandstorm\n|upkeep\n|turn|2\n|\n|t:|1776121784\n|move|p2b: Whimsicott|Moonblast|p1b: Tyranitar\n|-supereffective|p1b: Tyranitar|1\n|-damage|p1b: Tyranitar|62/100 slp\n|-unboost|p1b: Tyranitar|spa|1\n|move|p1a: Pikachu|Nasty Plot|p1a: Pikachu\n|-boost|p1a: Pikachu|spa|2\n|move|p2a: Venusaur|Leech Seed|p1b: Tyranitar\n|-start|p1b: Tyranitar|move: Leech Seed\n|cant|p1b: Tyranitar|slp\n|\n|-weather|Sandstorm|[upkeep]\n|-damage|p2b: Whimsicott|71/100|[from] Sandstorm\n|-damage|p1a: Pikachu|88/100|[from] Sandstorm\n|-damage|p2a: Venusaur|89/100|[from] Sandstorm\n|-damage|p1b: Tyranitar|50/100 slp|[from] Leech Seed|[of] p2a: Venusaur\n|-heal|p2a: Venusaur|100/100|[silent]\n|upkeep\n|turn|3\n|\n|t:|1776121809\n|switch|p1b: Excadrill|Excadrill, L50, F|100/100\n|move|p2b: Whimsicott|Moonblast|p1b: Excadrill\n|-resisted|p1b: Excadrill|1\n|-damage|p1b: Excadrill|78/100\n|move|p1a: Pikachu|Discharge|p2a: Venusaur|[spread] p2a,p2b\n|-immune|p1b: Excadrill\n|-resisted|p2a: Venusaur|1\n|-resisted|p2b: Whimsicott|1\n|-damage|p2a: Venusaur|74/100\n|-damage|p2b: Whimsicott|12/100\n|move|p2a: Venusaur|Leech Seed|p1b: Excadrill\n|-start|p1b: Excadrill|move: Leech Seed\n|\n|-weather|Sandstorm|[upkeep]\n|-damage|p2b: Whimsicott|6/100|[from] Sandstorm\n|-damage|p1a: Pikachu|82/100|[from] Sandstorm\n|-damage|p2a: Venusaur|68/100|[from] Sandstorm\n|-damage|p1b: Excadrill|65/100|[from] Leech Seed|[of] p2a: Venusaur\n|-heal|p2a: Venusaur|80/100|[silent]\n|upkeep\n|turn|4\n|\n|t:|1776121827\n|move|p2b: Whimsicott|Tailwind|p2b: Whimsicott\n|-sidestart|p2: Hiat6578|move: Tailwind\n|move|p1b: Excadrill|High Horsepower|p2a: Venusaur\n|-damage|p2a: Venusaur|34/100\n|move|p2a: Venusaur|Sleep Powder|p1b: Excadrill|[miss]\n|-miss|p2a: Venusaur|p1b: Excadrill\n|move|p1a: Pikachu|Nasty Plot|p1a: Pikachu\n|-boost|p1a: Pikachu|spa|2\n|\n|-weather|Sandstorm|[upkeep]\n|-damage|p2b: Whimsicott|0 fnt|[from] Sandstorm\n|-damage|p2a: Venusaur|28/100|[from] Sandstorm\n|-damage|p1a: Pikachu|75/100|[from] Sandstorm\n|faint|p2b: Whimsicott\n|-damage|p1b: Excadrill|53/100|[from] Leech Seed|[of] p2a: Venusaur\n|-heal|p2a: Venusaur|40/100|[silent]\n|upkeep\n|\n|t:|1776121842\n|switch|p2b: Sneasler|Sneasler, L50, M|100/100\n|turn|5\n|\n|t:|1776121850\n|switch|p1b: Incineroar|Incineroar, L50, F, shiny|100/100\n|-ability|p1b: Incineroar|Intimidate|boost\n|-unboost|p2a: Venusaur|atk|1\n|-unboost|p2b: Sneasler|atk|1\n|-enditem|p2b: Sneasler|White Herb\n|-clearnegativeboost|p2b: Sneasler|[silent]\n|move|p2a: Venusaur|Protect|p2a: Venusaur\n|-singleturn|p2a: Venusaur|Protect\n|move|p2b: Sneasler|Close Combat|p1b: Incineroar\n|-supereffective|p1b: Incineroar|1\n|-damage|p1b: Incineroar|0 fnt\n|-unboost|p2b: Sneasler|def|1\n|-unboost|p2b: Sneasler|spd|1\n|faint|p1b: Incineroar\n|move|p1a: Pikachu|Discharge|p2a: Venusaur|[spread] p2b\n|-activate|p2a: Venusaur|move: Protect\n|-damage|p2b: Sneasler|0 fnt\n|faint|p2b: Sneasler\n|\n|-weather|none\n|upkeep\n|\n|t:|1776121867\n|switch|p2b: Rotom|Rotom-Wash, L50, shiny|100/100\n|switch|p1b: Excadrill|Excadrill, L50, F|53/100\n|turn|6\n|\n|t:|1776121879\n|move|p1b: Excadrill|Protect|p1b: Excadrill\n|-singleturn|p1b: Excadrill|Protect\n|move|p2a: Venusaur|Sleep Powder|p1a: Pikachu\n|-status|p1a: Pikachu|slp|[from] move: Sleep Powder\n|move|p2b: Rotom|Hydro Pump|p1b: Excadrill\n|-activate|p1b: Excadrill|move: Protect\n|cant|p1a: Pikachu|slp\n|\n|upkeep\n|turn|7\n|\n|t:|1776121890\n|switch|p1b: Tyranitar|Tyranitar, L50, F|50/100 slp\n|-weather|Sandstorm|[from] ability: Sand Stream|[of] p1b: Tyranitar\n|move|p2a: Venusaur|Leech Seed|p1a: Pikachu\n|-start|p1a: Pikachu|move: Leech Seed\n|move|p2b: Rotom|Hydro Pump|p1b: Tyranitar\n|-supereffective|p1b: Tyranitar|1\n|-damage|p1b: Tyranitar|0 fnt\n|faint|p1b: Tyranitar\n|-curestatus|p1a: Pikachu|slp|[msg]\n|move|p1a: Pikachu|Discharge|p2b: Rotom|[spread] p2a,p2b\n|-resisted|p2a: Venusaur|1\n|-damage|p2a: Venusaur|0 fnt\n|-damage|p2b: Rotom|0 fnt\n|faint|p2a: Venusaur\n|faint|p2b: Rotom\n|\n|win|no1.pokemon\n|raw|no1.pokemon's rating: 1034 &rarr; <strong>1065</strong><br />(+31 for winning)\n|raw|Hiat6578's rating: 1000 &rarr; <strong>1000</strong><br />(+0 for losing)\n|l|\u2606Hiat6578\n|player|p2|\n",
  "uploadtime": 1776121903,
  "views": 11,
  "formatid": "gen9championsvgc2026regma",
  "rating": 1000,
  "private": 0,
  "password": null
}