{
  "id": "gen9championsvgc2026regma-2588079385",
  "format": "[Gen 9 Champions] VGC 2026 Reg M-A",
  "players": [
    "HeeHooNolyWoly",
    "fart1103"
  ],
  "log": "|j|\u2606HeeHooNolyWoly\n|j|\u2606fart1103\n|t:|1776601853\n|gametype|doubles\n|player|p1|HeeHooNolyWoly|266|1368\n|player|p2|fart1103|zinnia|1320\n|gen|9\n|tier|[Gen 9 Champions] VGC 2026 Reg M-A\n|rated|\n|rule|Species Clause: Limit one of each Pok\u00e9mon\n|rule|Item Clause: Limit 1 of each item\n|clearpoke\n|poke|p1|Starmie, L50|\n|poke|p1|Sneasler, L50, F|\n|poke|p1|Pelipper, L50, F|\n|poke|p1|Basculegion, L50, M|\n|poke|p1|Archaludon, L50, F|\n|poke|p1|Sinistcha, L50|\n|poke|p2|Floette-Eternal, L50, F|\n|poke|p2|Sinistcha, L50|\n|poke|p2|Scizor, L50, M|\n|poke|p2|Sneasler, L50, M|\n|poke|p2|Aerodactyl, L50, M|\n|poke|p2|Incineroar, L50, M|\n|teampreview|4\n|\n|t:|1776601899\n|teamsize|p1|4\n|teamsize|p2|4\n|start\n|switch|p1a: Pelipper|Pelipper, L50, F|100/100\n|switch|p1b: Sinistcha|Sinistcha, L50|100/100\n|switch|p2a: Aerodactyl|Aerodactyl, L50, M|100/100\n|switch|p2b: Sneasler|Sneasler, L50, M|100/100\n|-ability|p2a: Aerodactyl|Unnerve\n|-weather|RainDance|[from] ability: Drizzle|[of] p1a: Pelipper\n|turn|1\n|\n|t:|1776601918\n|move|p1a: Pelipper|Protect|p1a: Pelipper\n|-singleturn|p1a: Pelipper|Protect\n|move|p2b: Sneasler|Fake Out|p1a: Pelipper\n|-activate|p1a: Pelipper|move: Protect\n|move|p2a: Aerodactyl|Dual Wingbeat|p1b: Sinistcha|[miss]\n|-miss|p2a: Aerodactyl|p1b: Sinistcha\n|move|p1b: Sinistcha|Trick Room|p1b: Sinistcha\n|-fieldstart|move: Trick Room|[of] p1b: Sinistcha\n|\n|-weather|RainDance|[upkeep]\n|upkeep\n|turn|2\n|inactive|Battle timer is ON: inactive players will automatically lose when time's up. (requested by HeeHooNolyWoly)\n|\n|t:|1776601943\n|move|p2b: Sneasler|Protect|p2b: Sneasler\n|-singleturn|p2b: Sneasler|Protect\n|move|p1b: Sinistcha|Matcha Gotcha|p2a: Aerodactyl|[spread] p2a\n|-activate|p2b: Sneasler|move: Protect\n|-damage|p2a: Aerodactyl|63/100\n|move|p1a: Pelipper|Hurricane|p2b: Sneasler\n|-activate|p2b: Sneasler|move: Protect\n|move|p2a: Aerodactyl|Rock Slide|p1a: Pelipper|[spread] p1a,p1b\n|-supereffective|p1a: Pelipper|1\n|-damage|p1a: Pelipper|45/100\n|-damage|p1b: Sinistcha|76/100\n|\n|-weather|RainDance|[upkeep]\n|upkeep\n|turn|3\n|inactive|fart1103 has 30 seconds left.\n|inactive|fart1103 has 20 seconds left.\n|inactive|fart1103 has 15 seconds left.\n|\n|t:|1776601987\n|move|p1b: Sinistcha|Matcha Gotcha|p2a: Aerodactyl|[spread] p2a,p2b\n|-resisted|p2b: Sneasler|1\n|-damage|p2a: Aerodactyl|26/100\n|-heal|p1b: Sinistcha|93/100|[from] drain|[of] p2a: Aerodactyl\n|-damage|p2b: Sneasler|84/100\n|-heal|p1b: Sinistcha|99/100|[from] drain|[of] p2b: Sneasler\n|-status|p2b: Sneasler|brn\n|move|p1a: Pelipper|Weather Ball|p2a: Aerodactyl\n|-supereffective|p2a: Aerodactyl|1\n|-damage|p2a: Aerodactyl|0 fnt\n|faint|p2a: Aerodactyl\n|move|p2b: Sneasler|Dire Claw|p1b: Sinistcha\n|-damage|p1b: Sinistcha|81/100\n|\n|-weather|RainDance|[upkeep]\n|-damage|p2b: Sneasler|78/100 brn|[from] brn\n|upkeep\n|\n|t:|1776602003\n|switch|p2a: Floette|Floette-Eternal, L50, F|100/100\n|turn|4\n|\n|t:|1776602025\n|detailschange|p2a: Floette|Floette-Mega, L50, F\n|-mega|p2a: Floette|Floette|Floettite\n|-ability|p2a: Floette|Fairy Aura\n|move|p2b: Sneasler|Protect|p2b: Sneasler\n|-singleturn|p2b: Sneasler|Protect\n|move|p1b: Sinistcha|Matcha Gotcha|p2b: Sneasler|[spread] p2a\n|-activate|p2b: Sneasler|move: Protect\n|-damage|p2a: Floette|85/100\n|-heal|p1b: Sinistcha|89/100|[from] drain|[of] p2a: Floette\n|move|p1a: Pelipper|Hurricane|p2b: Sneasler\n|-activate|p2b: Sneasler|move: Protect\n|move|p2a: Floette|Dazzling Gleam|p1b: Sinistcha|[spread] p1a,p1b\n|-damage|p1a: Pelipper|0 fnt\n|-damage|p1b: Sinistcha|49/100\n|-enditem|p1b: Sinistcha|Sitrus Berry|[eat]\n|-heal|p1b: Sinistcha|74/100|[from] item: Sitrus Berry\n|faint|p1a: Pelipper\n|\n|-weather|RainDance|[upkeep]\n|-damage|p2b: Sneasler|72/100 brn|[from] brn\n|upkeep\n|\n|t:|1776602035\n|switch|p1a: Archaludon|Archaludon, L50, F|100/100\n|turn|5\n|inactive|fart1103 has 30 seconds left.\n|\n|t:|1776602066\n|switch|p1b: Starmie|Starmie, L50|100/100\n|switch|p2b: Sinistcha|Sinistcha, L50|100/100\n|-heal|p2a: Floette|100/100|[from] ability: Hospitality|[of] p2b: Sinistcha\n|move|p2a: Floette|Protect|p2a: Floette\n|-singleturn|p2a: Floette|Protect\n|move|p1a: Archaludon|Electro Shot||[still]\n|-prepare|p1a: Archaludon|Electro Shot\n|-boost|p1a: Archaludon|spa|1\n|-anim|p1a: Archaludon|Electro Shot|p2b: Sinistcha\n|-resisted|p2b: Sinistcha|1\n|-damage|p2b: Sinistcha|65/100\n|\n|-weather|none\n|-fieldend|move: Trick Room\n|upkeep\n|turn|6\n|\n|t:|1776602086\n|detailschange|p1b: Starmie|Starmie-Mega, L50\n|-mega|p1b: Starmie|Starmie|Starminite\n|move|p2b: Sinistcha|Rage Powder|p2b: Sinistcha\n|-singleturn|p2b: Sinistcha|move: Rage Powder\n|move|p1b: Starmie|Ice Spinner|p2b: Sinistcha\n|-supereffective|p2b: Sinistcha|1\n|-damage|p2b: Sinistcha|0 fnt\n|faint|p2b: Sinistcha\n|move|p2a: Floette|Dazzling Gleam|p1a: Archaludon|[spread] p1a,p1b\n|-damage|p1a: Archaludon|43/100\n|-damage|p1b: Starmie|47/100\n|-ability|p1a: Archaludon|Stamina|boost\n|-boost|p1a: Archaludon|def|1\n|move|p1a: Archaludon|Flash Cannon|p2a: Floette\n|-supereffective|p2a: Floette|1\n|-damage|p2a: Floette|13/100\n|\n|-heal|p1a: Archaludon|49/100|[from] item: Leftovers\n|upkeep\n|\n|t:|1776602093\n|switch|p2b: Sneasler|Sneasler, L50, M|72/100 brn\n|turn|7\n|\n|t:|1776602113\n|move|p1b: Starmie|Protect|p1b: Starmie\n|-singleturn|p1b: Starmie|Protect\n|move|p1a: Archaludon|Protect|p1a: Archaludon\n|-singleturn|p1a: Archaludon|Protect\n|move|p2b: Sneasler|Fake Out|p1b: Starmie\n|-activate|p1b: Starmie|move: Protect\n|move|p2a: Floette|Dazzling Gleam|p1b: Starmie|[spread] \n|-activate|p1a: Archaludon|move: Protect\n|-activate|p1b: Starmie|move: Protect\n|\n|-heal|p1a: Archaludon|55/100|[from] item: Leftovers\n|-damage|p2b: Sneasler|66/100 brn|[from] brn\n|upkeep\n|turn|8\n|\n|t:|1776602137\n|switch|p1b: Sinistcha|Sinistcha, L50|74/100\n|-heal|p1a: Archaludon|80/100|[from] ability: Hospitality|[of] p1b: Sinistcha\n|move|p2a: Floette|Protect|p2a: Floette\n|-singleturn|p2a: Floette|Protect\n|move|p2b: Sneasler|Close Combat|p1a: Archaludon\n|-supereffective|p1a: Archaludon|1\n|-damage|p1a: Archaludon|47/100\n|-unboost|p2b: Sneasler|def|1\n|-unboost|p2b: Sneasler|spd|1\n|-ability|p1a: Archaludon|Stamina|boost\n|-boost|p1a: Archaludon|def|1\n|-enditem|p2b: Sneasler|White Herb\n|-clearnegativeboost|p2b: Sneasler|[silent]\n|move|p1a: Archaludon|Flash Cannon|p2a: Floette\n|-activate|p2a: Floette|move: Protect\n|\n|-heal|p1a: Archaludon|53/100|[from] item: Leftovers\n|-damage|p2b: Sneasler|60/100 brn|[from] brn\n|upkeep\n|turn|9\n|\n|t:|1776602160\n|move|p1b: Sinistcha|Rage Powder|p1b: Sinistcha\n|-singleturn|p1b: Sinistcha|move: Rage Powder\n|move|p2b: Sneasler|Dire Claw|p1b: Sinistcha\n|-damage|p1b: Sinistcha|53/100\n|move|p2a: Floette|Dazzling Gleam|p1b: Sinistcha|[spread] p1a,p1b\n|-damage|p1a: Archaludon|0 fnt\n|-damage|p1b: Sinistcha|16/100\n|faint|p1a: Archaludon\n|\n|-damage|p2b: Sneasler|55/100 brn|[from] brn\n|upkeep\n|\n|t:|1776602168\n|switch|p1a: Starmie|Starmie-Mega, L50|47/100\n|turn|10\n|inactive|HeeHooNolyWoly has 30 seconds left.\n|inactive|HeeHooNolyWoly has 20 seconds left.\n|inactive|fart1103 has 30 seconds left.\n|inactive|HeeHooNolyWoly has 15 seconds left.\n|\n|t:|1776602210\n|move|p1a: Starmie|Aqua Jet|p2b: Sneasler\n|-damage|p2b: Sneasler|0 fnt\n|faint|p2b: Sneasler\n|move|p2a: Floette|Dazzling Gleam|p1a: Starmie|[spread] p1a,p1b\n|-damage|p1a: Starmie|0 fnt\n|-damage|p1b: Sinistcha|0 fnt\n|faint|p1a: Starmie\n|faint|p1b: Sinistcha\n|\n|win|fart1103\n|raw|HeeHooNolyWoly's rating: 1368 &rarr; <strong>1345</strong><br />(-23 for losing)\n|raw|fart1103's rating: 1320 &rarr; <strong>1343</strong><br />(+23 for winning)\n|c|\u2606HeeHooNolyWoly|gg\n|l|\u2606HeeHooNolyWoly\n|player|p1|\n|c|\u2606fart1103|gg\n|l|\u2606fart1103\n|player|p2|\n|j|\u2606fart1103\n|player|p2|fart1103|zinnia|\n",
  "uploadtime": 1776602683,
  "views": 15,
  "formatid": "gen9championsvgc2026regma",
  "rating": 1343,
  "private": 0,
  "password": null
}