{
  "id": "gen9championsvgc2026regma-2580445644",
  "format": "[Gen 9 Champions] VGC 2026 Reg M-A",
  "players": [
    "sixthsavior",
    "switcheon"
  ],
  "log": "|j|\u2606sixthsavior\n|j|\u2606switcheon\n|t:|1775897704\n|gametype|doubles\n|player|p1|sixthsavior|102|1040\n|player|p2|switcheon|lady-gen4|1000\n|gen|9\n|tier|[Gen 9 Champions] VGC 2026 Reg M-A\n|rated|\n|rule|Species Clause: Limit one of each Pok\u00e9mon\n|rule|Item Clause: Limit 1 of each item\n|clearpoke\n|poke|p1|Audino, L50, F|\n|poke|p1|Goodra, L50, F|\n|poke|p1|Incineroar, L50, M|\n|poke|p1|Sinistcha-Masterpiece, L50|\n|poke|p1|Slowking-Galar, L50, M|\n|poke|p1|Chesnaught, L50, M|\n|poke|p2|Whimsicott, L50, F|\n|poke|p2|Primarina, L50, M|\n|poke|p2|Raichu, L50, F|\n|poke|p2|Typhlosion-Hisui, L50, F|\n|poke|p2|Abomasnow, L50, M|\n|poke|p2|Gengar, L50, F|\n|teampreview|4\n|inactive|Battle timer is ON: inactive players will automatically lose when time's up. (requested by switcheon)\n|inactive|sixthsavior has 60 seconds left.\n|\n|t:|1775897761\n|teamsize|p1|4\n|teamsize|p2|4\n|start\n|switch|p1a: Audino|Audino, L50, F|100/100\n|switch|p1b: Incineroar|Incineroar, L50, M|100/100\n|switch|p2a: Whimsicott|Whimsicott, L50, F|100/100\n|switch|p2b: Primarina|Primarina, L50, M, shiny|100/100\n|-ability|p1b: Incineroar|Intimidate|boost\n|-unboost|p2a: Whimsicott|atk|1\n|-unboost|p2b: Primarina|atk|1\n|turn|1\n|\n|t:|1775897779\n|detailschange|p1a: Audino|Audino-Mega, L50, F\n|-mega|p1a: Audino|Audino|Audinite\n|move|p1b: Incineroar|Fake Out|p2b: Primarina\n|-damage|p2b: Primarina|86/100\n|move|p2a: Whimsicott|Tailwind|p2a: Whimsicott\n|-sidestart|p2: switcheon|move: Tailwind\n|cant|p2b: Primarina|flinch\n|move|p1a: Audino|Light Screen|p1a: Audino\n|-sidestart|p1: sixthsavior|move: Light Screen\n|\n|upkeep\n|turn|2\n|\n|t:|1775897801\n|switch|p1a: Goodra|Goodra, L50, F|100/100\n|move|p2a: Whimsicott|Fake Tears|p1a: Goodra\n|-unboost|p1a: Goodra|spd|2\n|move|p2b: Primarina|Hyper Voice|p1a: Goodra|[spread] p1a,p1b\n|-resisted|p1a: Goodra|1\n|-supereffective|p1b: Incineroar|1\n|-damage|p1a: Goodra|86/100\n|-damage|p1b: Incineroar|59/100\n|move|p1b: Incineroar|Snarl|p2a: Whimsicott|[spread] p2a,p2b\n|-resisted|p2a: Whimsicott|1\n|-resisted|p2b: Primarina|1\n|-damage|p2a: Whimsicott|90/100\n|-damage|p2b: Primarina|80/100\n|-unboost|p2a: Whimsicott|spa|1\n|-unboost|p2b: Primarina|spa|1\n|\n|upkeep\n|turn|3\n|inactive|sixthsavior has 30 seconds left.\n|\n|t:|1775897826\n|move|p2a: Whimsicott|Fake Tears|p1a: Goodra\n|-unboost|p1a: Goodra|spd|2\n|move|p2b: Primarina|Dazzling Gleam|p1a: Goodra|[spread] p1a,p1b\n|-supereffective|p1a: Goodra|1\n|-damage|p1a: Goodra|45/100\n|-damage|p1b: Incineroar|49/100\n|-enditem|p1b: Incineroar|Sitrus Berry|[eat]\n|-heal|p1b: Incineroar|74/100|[from] item: Sitrus Berry\n|move|p1a: Goodra|Skitter Smack|p2b: Primarina\n|-resisted|p2b: Primarina|1\n|-damage|p2b: Primarina|70/100\n|-unboost|p2b: Primarina|spa|1\n|move|p1b: Incineroar|Snarl|p2a: Whimsicott|[spread] p2a,p2b\n|-resisted|p2a: Whimsicott|1\n|-resisted|p2b: Primarina|1\n|-damage|p2a: Whimsicott|81/100\n|-damage|p2b: Primarina|64/100\n|-unboost|p2a: Whimsicott|spa|1\n|-unboost|p2b: Primarina|spa|1\n|\n|upkeep\n|turn|4\n|inactive|switcheon has 30 seconds left.\n|\n|t:|1775897852\n|switch|p1a: Sinistcha|Sinistcha-Masterpiece, L50|100/100\n|-heal|p1b: Incineroar|99/100|[from] ability: Hospitality|[of] p1a: Sinistcha\n|move|p2a: Whimsicott|Fake Tears|p1a: Sinistcha\n|-unboost|p1a: Sinistcha|spd|2\n|move|p2b: Primarina|Moonblast|p1a: Sinistcha\n|-damage|p1a: Sinistcha|76/100\n|move|p1b: Incineroar|Snarl|p2a: Whimsicott|[spread] p2a,p2b\n|-resisted|p2a: Whimsicott|1\n|-resisted|p2b: Primarina|1\n|-damage|p2a: Whimsicott|72/100\n|-damage|p2b: Primarina|58/100\n|-unboost|p2a: Whimsicott|spa|1\n|-unboost|p2b: Primarina|spa|1\n|\n|-heal|p1a: Sinistcha|83/100|[from] item: Leftovers\n|-sideend|p2: switcheon|move: Tailwind\n|upkeep\n|turn|5\n|inactive|switcheon has 30 seconds left.\n|\n|t:|1775897879\n|switch|p2a: Abomasnow|Abomasnow, L50, M, shiny|100/100\n|-weather|Snowscape|[from] ability: Snow Warning|[of] p2a: Abomasnow\n|move|p1a: Sinistcha|Protect|p1a: Sinistcha\n|-singleturn|p1a: Sinistcha|Protect\n|move|p2b: Primarina|Hyper Voice|p1b: Incineroar|[spread] p1b\n|-activate|p1a: Sinistcha|move: Protect\n|-supereffective|p1b: Incineroar|1\n|-damage|p1b: Incineroar|85/100\n|move|p1b: Incineroar|Will-O-Wisp|p2b: Primarina\n|-status|p2b: Primarina|brn\n|\n|-weather|Snowscape|[upkeep]\n|-heal|p1a: Sinistcha|89/100|[from] item: Leftovers\n|-damage|p2b: Primarina|52/100 brn|[from] brn\n|-sideend|p1: sixthsavior|move: Light Screen\n|upkeep\n|turn|6\n|inactive|switcheon has 30 seconds left.\n|\n|t:|1775897906\n|switch|p1a: Audino|Audino-Mega, L50, F|100/100\n|detailschange|p2a: Abomasnow|Abomasnow-Mega, L50, M, shiny\n|-mega|p2a: Abomasnow|Abomasnow|Abomasite\n|move|p2b: Primarina|Dazzling Gleam|p1b: Incineroar|[spread] p1a,p1b\n|-damage|p1a: Audino|94/100\n|-damage|p1b: Incineroar|77/100\n|move|p1b: Incineroar|Will-O-Wisp|p2a: Abomasnow\n|-status|p2a: Abomasnow|brn\n|move|p2a: Abomasnow|Blizzard|p1a: Audino|[spread] p1a,p1b\n|-resisted|p1b: Incineroar|1\n|-damage|p1a: Audino|77/100\n|-damage|p1b: Incineroar|66/100\n|\n|-weather|Snowscape|[upkeep]\n|-damage|p2b: Primarina|46/100 brn|[from] brn\n|-damage|p2a: Abomasnow|94/100 brn|[from] brn\n|upkeep\n|turn|7\n|-message|switcheon forfeited.\n|\n|win|sixthsavior\n|raw|sixthsavior's rating: 1040 &rarr; <strong>1070</strong><br />(+30 for winning)\n|raw|switcheon's rating: 1000 &rarr; <strong>1000</strong><br />(+0 for losing)\n|l|\u2606switcheon\n|player|p2|\n",
  "uploadtime": 1775897931,
  "views": 22,
  "formatid": "gen9championsvgc2026regma",
  "rating": 1000,
  "private": 0,
  "password": null
}