{
  "id": "gen9championsvgc2026regma-2583795162",
  "format": "[Gen 9 Champions] VGC 2026 Reg M-A",
  "players": [
    "Murkyyy",
    "Shortslover69"
  ],
  "log": "|j|\u2606Murkyyy\n|j|\u2606Shortslover69\n|t:|1776198244\n|gametype|doubles\n|player|p1|Murkyyy|266|1190\n|player|p2|Shortslover69|youngster-gen4dp|1175\n|gen|9\n|tier|[Gen 9 Champions] VGC 2026 Reg M-A\n|rated|\n|rule|Species Clause: Limit one of each Pok\u00e9mon\n|rule|Item Clause: Limit 1 of each item\n|clearpoke\n|poke|p1|Meganium, L50, M|\n|poke|p1|Aerodactyl, L50, M|\n|poke|p1|Typhlosion-Hisui, L50, M|\n|poke|p1|Archaludon, L50, M|\n|poke|p1|Maushold-Four, L50|\n|poke|p1|Samurott-Hisui, L50, M|\n|poke|p2|Alakazam, L50, M|\n|poke|p2|Dragapult, L50, M|\n|poke|p2|Zoroark-Hisui, L50, M|\n|poke|p2|Typhlosion-Hisui, L50, F|\n|poke|p2|Aerodactyl, L50, F|\n|poke|p2|Excadrill, L50, F|\n|teampreview|4\n|inactive|Battle timer is ON: inactive players will automatically lose when time's up. (requested by Shortslover69)\n|inactive|Shortslover69 has 60 seconds left.\n|inactive|Shortslover69 has 30 seconds left.\n|\n|t:|1776198307\n|teamsize|p1|4\n|teamsize|p2|4\n|start\n|switch|p1a: Aerodactyl|Aerodactyl, L50, M|100/100\n|switch|p1b: Typhlosion|Typhlosion-Hisui, L50, M|100/100\n|switch|p2a: Aerodactyl|Aerodactyl, L50, F|100/100\n|switch|p2b: Typhlosion|Typhlosion-Hisui, L50, F|100/100\n|-ability|p1a: Aerodactyl|Unnerve\n|turn|1\n|inactive|Shortslover69 has 30 seconds left.\n|\n|t:|1776198335\n|move|p1b: Typhlosion|Protect|p1b: Typhlosion\n|-singleturn|p1b: Typhlosion|Protect\n|move|p2a: Aerodactyl|Icy Wind|p1a: Aerodactyl|[spread] \n|-activate|p1b: Typhlosion|move: Protect\n|-miss|p2a: Aerodactyl|p1a: Aerodactyl\n|move|p1a: Aerodactyl|Tailwind|p1a: Aerodactyl\n|-sidestart|p1: Murkyyy|move: Tailwind\n|move|p2b: Typhlosion|Shadow Ball|p1a: Aerodactyl\n|-damage|p1a: Aerodactyl|43/100\n|\n|upkeep\n|turn|2\n|\n|t:|1776198351\n|move|p1a: Aerodactyl|Rock Slide|p2b: Typhlosion|[spread] p2a,p2b\n|-supereffective|p2b: Typhlosion|1\n|-damage|p2a: Aerodactyl|48/100\n|-damage|p2b: Typhlosion|28/100\n|replace|p2a: Zoroark|Zoroark-Hisui, L50, M\n|-end|p2a: Zoroark|Illusion\n|move|p1b: Typhlosion|Shadow Ball|p2b: Typhlosion\n|-supereffective|p2b: Typhlosion|1\n|-damage|p2b: Typhlosion|0 fnt\n|faint|p2b: Typhlosion\n|cant|p2a: Zoroark|flinch\n|\n|upkeep\n|c|\u2606Shortslover69|...\n|c|\u2606Murkyyy|oh that's why\n|inactive|Shortslover69 has 30 seconds left.\n|\n|t:|1776198377\n|switch|p2b: Aerodactyl|Aerodactyl, L50, F|100/100\n|-ability|p2b: Aerodactyl|Unnerve\n|turn|3\n|c|\u2606Murkyyy|i thought that icy wind aerodactyl was weird\n|c|\u2606Shortslover69|hihi yeah\n|\n|t:|1776198393\n|move|p2b: Aerodactyl|Protect|p2b: Aerodactyl\n|-singleturn|p2b: Aerodactyl|Protect\n|move|p1a: Aerodactyl|Rock Slide|p2a: Zoroark|[spread] \n|-activate|p2b: Aerodactyl|move: Protect\n|-miss|p1a: Aerodactyl|p2a: Zoroark\n|move|p1b: Typhlosion|Eruption|p2b: Aerodactyl|[spread] p2a\n|-activate|p2b: Aerodactyl|move: Protect\n|-damage|p2a: Zoroark|0 fnt\n|faint|p2a: Zoroark\n|\n|upkeep\n|c|\u2606Shortslover69|but missing is heartbreaking\n|\n|t:|1776198405\n|switch|p2a: Alakazam|Alakazam, L50, M|100/100\n|turn|4\n|\n|t:|1776198427\n|detailschange|p2a: Alakazam|Alakazam-Mega, L50, M\n|-mega|p2a: Alakazam|Alakazam|Alakazite\n|-ability|p2a: Alakazam|Unnerve|Trace|[from] ability: Trace|[of] p1a: Aerodactyl\n|-ability|p2a: Alakazam|Unnerve\n|move|p2a: Alakazam|Protect|p2a: Alakazam\n|-singleturn|p2a: Alakazam|Protect\n|move|p1a: Aerodactyl|Rock Slide|p2a: Alakazam|[spread] p2b\n|-activate|p2a: Alakazam|move: Protect\n|-supereffective|p2b: Aerodactyl|1\n|-damage|p2b: Aerodactyl|24/100\n|move|p1b: Typhlosion|Shadow Ball|p2a: Alakazam\n|-activate|p2a: Alakazam|move: Protect\n|move|p2b: Aerodactyl|Rock Slide|p1a: Aerodactyl|[spread] p1b\n|-miss|p2b: Aerodactyl|p1a: Aerodactyl\n|-supereffective|p1b: Typhlosion|1\n|-damage|p1b: Typhlosion|23/100\n|\n|-sideend|p1: Murkyyy|move: Tailwind\n|upkeep\n|turn|5\n|c|\u2606Murkyyy|damn you have bad luck\n|inactive|Murkyyy has 30 seconds left.\n|\n|t:|1776198454\n|move|p1b: Typhlosion|Protect|p1b: Typhlosion\n|-singleturn|p1b: Typhlosion|Protect\n|move|p2a: Alakazam|Psychic|p1a: Aerodactyl\n|-damage|p1a: Aerodactyl|0 fnt\n|faint|p1a: Aerodactyl\n|move|p2b: Aerodactyl|Rock Slide|p1b: Typhlosion\n|-activate|p1b: Typhlosion|move: Protect\n|\n|upkeep\n|\n|t:|1776198463\n|switch|p1a: Maushold|Maushold-Four, L50|100/100\n|turn|6\n|\n|t:|1776198468\n|move|p1a: Maushold|Follow Me|p1a: Maushold\n|-singleturn|p1a: Maushold|move: Follow Me\n|move|p2a: Alakazam|Psychic|p1a: Maushold\n|-damage|p1a: Maushold|39/100\n|move|p2b: Aerodactyl|Rock Slide|p1b: Typhlosion|[spread] p1a\n|-miss|p2b: Aerodactyl|p1b: Typhlosion\n|-damage|p1a: Maushold|10/100\n|move|p1b: Typhlosion|Shadow Ball|p2a: Alakazam\n|-supereffective|p2a: Alakazam|1\n|-damage|p2a: Alakazam|4/100\n|\n|upkeep\n|turn|7\n|c|\u2606Murkyyy|bruh\n|c|\u2606Shortslover69|vro\n|\n|t:|1776198493\n|move|p1b: Typhlosion|Protect|p1b: Typhlosion\n|-singleturn|p1b: Typhlosion|Protect\n|move|p2a: Alakazam|Psychic|p1b: Typhlosion\n|-activate|p1b: Typhlosion|move: Protect\n|move|p2b: Aerodactyl|Rock Slide|p1b: Typhlosion|[spread] p1a\n|-activate|p1b: Typhlosion|move: Protect\n|-damage|p1a: Maushold|0 fnt\n|faint|p1a: Maushold\n|\n|upkeep\n|\n|t:|1776198498\n|switch|p1a: Samurott|Samurott-Hisui, L50, M|100/100\n|turn|8\n|inactive|Shortslover69 has 30 seconds left.\n|\n|t:|1776198531\n|move|p1a: Samurott|Sucker Punch|p2b: Aerodactyl\n|-damage|p2b: Aerodactyl|0 fnt\n|faint|p2b: Aerodactyl\n|move|p2a: Alakazam|Encore|p1b: Typhlosion\n|-start|p1b: Typhlosion|Encore\n|move|p1b: Typhlosion|Protect|p1b: Typhlosion\n|-singleturn|p1b: Typhlosion|Protect\n|\n|upkeep\n|turn|9\n|c|\u2606Shortslover69|dam\n|\n|t:|1776198544\n|move|p1b: Typhlosion|Protect||[still]\n|-fail|p1b: Typhlosion\n|move|p2a: Alakazam|Encore|p1a: Samurott\n|-start|p1a: Samurott|Encore\n|move|p1a: Samurott|Sucker Punch||[still]\n|-fail|p1a: Samurott\n|\n|upkeep\n|turn|10\n|\n|t:|1776198554\n|move|p1b: Typhlosion|Protect|p1b: Typhlosion\n|-singleturn|p1b: Typhlosion|Protect\n|move|p1a: Samurott|Sucker Punch||[still]\n|-fail|p1a: Samurott\n|move|p2a: Alakazam|Disable|p1a: Samurott\n|-start|p1a: Samurott|Disable|Sucker Punch\n|\n|-end|p1b: Typhlosion|Encore\n|upkeep\n|turn|11\n|c|\u2606Murkyyy|XDDDDDDDDDDDDDD\n|\n|t:|1776198564\n|move|p2a: Alakazam|Psychic|p1b: Typhlosion\n|-damage|p1b: Typhlosion|0 fnt\n|faint|p1b: Typhlosion\n|-activate|p1a: Samurott|move: Struggle\n|move|p1a: Samurott|Struggle|p2a: Alakazam\n|-crit|p2a: Alakazam\n|-damage|p2a: Alakazam|0 fnt\n|faint|p2a: Alakazam\n|-damage|p1a: Samurott|76/100|[from] recoil\n|\n|win|Murkyyy\n|raw|Murkyyy's rating: 1190 &rarr; <strong>1214</strong><br />(+24 for winning)\n|raw|Shortslover69's rating: 1175 &rarr; <strong>1151</strong><br />(-24 for losing)\n|c|\u2606Shortslover69|only psychic moves\n|c|\u2606Murkyyy|if you are into that\n|c|\u2606Murkyyy|i saw a team\n|c|\u2606Murkyyy|mega gengar\n|c|\u2606Murkyyy|perish trap\n|c|\u2606Shortslover69|yeah lmao, I thought of it\n|c|\u2606Murkyyy|was something like\n|c|\u2606Murkyyy|perish song, disable, protect\n|c|\u2606Murkyyy|with a prankster sableye\n|c|\u2606Shortslover69|but I play with my girlfriend and she hates when I use it XD\n|c|\u2606Murkyyy|with encore foul play smth smth\n|c|\u2606Murkyyy|XDDD yeah\n|c|\u2606Murkyyy|perish trap it's kinda frustrating\n|c|\u2606Shortslover69|ty for the suggestion though\n|c|\u2606Shortslover69|have a good day ^^\n|c|\u2606Murkyyy|have a nice one\n|l|\u2606Murkyyy\n|player|p1|\n",
  "uploadtime": 1776198657,
  "views": 27,
  "formatid": "gen9championsvgc2026regma",
  "rating": 1151,
  "private": 0,
  "password": null
}