{
  "id": "gen9championsvgc2026regma-2580366980",
  "format": "[Gen 9 Champions] VGC 2026 Reg M-A",
  "players": [
    "rmpemeta",
    "yamzinyobooty"
  ],
  "log": "|j|\u2606rmpemeta\n|j|\u2606yamzinyobooty\n|t:|1775886036\n|gametype|doubles\n|player|p1|rmpemeta|102|1089\n|player|p2|yamzinyobooty|170|1000\n|gen|9\n|tier|[Gen 9 Champions] VGC 2026 Reg M-A\n|rated|\n|rule|Species Clause: Limit one of each Pok\u00e9mon\n|rule|Item Clause: Limit 1 of each item\n|clearpoke\n|poke|p1|Charizard, L50, F|\n|poke|p1|Arcanine-Hisui, L50, M|\n|poke|p1|Whimsicott, L50, M|\n|poke|p1|Incineroar, L50, M|\n|poke|p1|Garchomp, L50, M|\n|poke|p1|Maushold-Four, L50|\n|poke|p2|Starmie, L50|\n|poke|p2|Whimsicott, L50, F|\n|poke|p2|Incineroar, L50, M|\n|poke|p2|Rotom-Wash, L50|\n|poke|p2|Kommo-o, L50, M|\n|poke|p2|Sneasler, L50, M|\n|teampreview|4\n|inactive|Battle timer is ON: inactive players will automatically lose when time's up. (requested by rmpemeta)\nrmpemeta rejected open team sheets.\n|\n|t:|1775886065\n|teamsize|p1|4\n|teamsize|p2|4\n|start\n|switch|p1a: Whimsicott|Whimsicott, L50, M|100/100\n|switch|p1b: Incineroar|Incineroar, L50, M|100/100\n|switch|p2a: Rotom|Rotom-Wash, L50, shiny|100/100\n|switch|p2b: Whimsicott|Whimsicott, L50, F|100/100\n|-ability|p1b: Incineroar|Intimidate|boost\n|-unboost|p2a: Rotom|atk|1\n|-unboost|p2b: Whimsicott|atk|1\n|turn|1\n|\n|t:|1775886086\n|move|p1b: Incineroar|Fake Out|p2a: Rotom\n|-damage|p2a: Rotom|88/100\n|move|p2b: Whimsicott|Tailwind|p2b: Whimsicott\n|-sidestart|p2: yamzinyobooty|move: Tailwind\n|move|p1a: Whimsicott|Tailwind|p1a: Whimsicott\n|-sidestart|p1: rmpemeta|move: Tailwind\n|cant|p2a: Rotom|flinch\n|\n|upkeep\n|turn|2\n|\n|t:|1775886109\n|move|p1a: Whimsicott|Dazzling Gleam|p2a: Rotom|[spread] p2a,p2b\n|-damage|p2a: Rotom|70/100\n|-damage|p2b: Whimsicott|70/100\n|move|p2b: Whimsicott|Moonblast|p1b: Incineroar\n|-damage|p1b: Incineroar|74/100\n|move|p2a: Rotom|Volt Switch|p1a: Whimsicott\n|-resisted|p1a: Whimsicott|1\n|-damage|p1a: Whimsicott|83/100\n|\n|t:|1775886118\n|switch|p2a: Starmie|Starmie, L50|100/100|[from] Volt Switch\n|move|p1b: Incineroar|Parting Shot|p2a: Starmie\n|-unboost|p2a: Starmie|atk|1\n|-unboost|p2a: Starmie|spa|1\n|\n|t:|1775886129\n|switch|p1b: Charizard|Charizard, L50, F|100/100|[from] Parting Shot\n|\n|upkeep\n|turn|3\n|inactive|yamzinyobooty has 30 seconds left.\n|\n|t:|1775886159\n|switch|p1a: Incineroar|Incineroar, L50, M|74/100\n|-ability|p1a: Incineroar|Intimidate|boost\n|-unboost|p2a: Starmie|atk|1\n|-unboost|p2b: Whimsicott|atk|1\n|detailschange|p1b: Charizard|Charizard-Mega-Y, L50, F\n|-mega|p1b: Charizard|Charizard|Charizardite Y\n|-weather|SunnyDay|[from] ability: Drought|[of] p1b: Charizard\n|detailschange|p2a: Starmie|Starmie-Mega, L50\n|-mega|p2a: Starmie|Starmie|Starminite\n|move|p2b: Whimsicott|Moonblast|p1a: Incineroar\n|-damage|p1a: Incineroar|49/100\n|move|p1b: Charizard|Heat Wave|p2b: Whimsicott|[spread] p2a,p2b\n|-resisted|p2a: Starmie|1\n|-supereffective|p2b: Whimsicott|1\n|-damage|p2a: Starmie|62/100\n|-damage|p2b: Whimsicott|0 fnt\n|-status|p2a: Starmie|brn\n|faint|p2b: Whimsicott\n|move|p2a: Starmie|Flip Turn|p1b: Charizard\n|-supereffective|p1b: Charizard|1\n|-damage|p1b: Charizard|81/100\n|\n|t:|1775886167\n|switch|p2a: Sneasler|Sneasler, L50, M|100/100|[from] Flip Turn\n|\n|-weather|SunnyDay|[upkeep]\n|upkeep\n|\n|t:|1775886169\n|switch|p2b: Starmie|Starmie-Mega, L50|62/100 brn\n|turn|4\n|inactive|rmpemeta has 30 seconds left.\n|\n|t:|1775886197\n|move|p1b: Charizard|Protect|p1b: Charizard\n|-singleturn|p1b: Charizard|Protect\n|move|p2a: Sneasler|Fake Out|p1b: Charizard\n|-activate|p1b: Charizard|move: Protect\n|move|p1a: Incineroar|Fake Out|p2b: Starmie\n|-damage|p2b: Starmie|50/100 brn\n|cant|p2b: Starmie|flinch\n|\n|-weather|SunnyDay|[upkeep]\n|-damage|p2b: Starmie|44/100 brn|[from] brn\n|-sideend|p1: rmpemeta|move: Tailwind\n|-sideend|p2: yamzinyobooty|move: Tailwind\n|upkeep\n|turn|5\n|inactive|rmpemeta has 30 seconds left.\n|\n|t:|1775886224\n|switch|p1b: Maushold|Maushold-Four, L50|100/100\n|move|p2a: Sneasler|Close Combat|p1a: Incineroar\n|-supereffective|p1a: Incineroar|1\n|-damage|p1a: Incineroar|0 fnt\n|-unboost|p2a: Sneasler|def|1\n|-unboost|p2a: Sneasler|spd|1\n|faint|p1a: Incineroar\n|-enditem|p2a: Sneasler|White Herb\n|-clearnegativeboost|p2a: Sneasler|[silent]\n|move|p2b: Starmie|Liquidation|p1b: Maushold\n|-damage|p1b: Maushold|76/100\n|-unboost|p1b: Maushold|def|1\n|\n|-weather|SunnyDay|[upkeep]\n|-damage|p2b: Starmie|38/100 brn|[from] brn\n|upkeep\n|\n|t:|1775886240\n|switch|p1a: Whimsicott|Whimsicott, L50, M|83/100\n|turn|6\n|\n|t:|1775886265\n|move|p1a: Whimsicott|Tailwind|p1a: Whimsicott\n|-sidestart|p1: rmpemeta|move: Tailwind\n|move|p2a: Sneasler|Dire Claw|p1a: Whimsicott\n|-supereffective|p1a: Whimsicott|2\n|-damage|p1a: Whimsicott|0 fnt\n|faint|p1a: Whimsicott\n|move|p1b: Maushold|Population Bomb|p2b: Starmie\n|-damage|p2b: Starmie|30/100 brn\n|-damage|p2b: Starmie|21/100 brn\n|-damage|p2b: Starmie|13/100 brn\n|-damage|p2b: Starmie|5/100 brn\n|-damage|p2b: Starmie|0 fnt\n|faint|p2b: Starmie\n|-hitcount|p2: Starmie|5\n|\n|-weather|SunnyDay|[upkeep]\n|upkeep\n|\n|t:|1775886280\n|switch|p1a: Charizard|Charizard-Mega-Y, L50, F|81/100\n|switch|p2b: Rotom|Rotom-Wash, L50, shiny|70/100\n|turn|7\n|inactive|rmpemeta has 30 seconds left.\n|inactive|rmpemeta has 20 seconds left.\n|inactive|rmpemeta has 15 seconds left.\n|inactive|rmpemeta has 10 seconds left.\n|\n|t:|1775886326\n|move|p2a: Sneasler|Dire Claw|p1b: Maushold\n|-damage|p1b: Maushold|0 fnt\n|faint|p1b: Maushold\n|move|p1a: Charizard|Heat Wave|p2a: Sneasler|[spread] p2a,p2b\n|-resisted|p2b: Rotom|1\n|-crit|p2b: Rotom\n|-damage|p2a: Sneasler|12/100\n|-damage|p2b: Rotom|21/100\n|move|p2b: Rotom|Thunderbolt|p1a: Charizard\n|-supereffective|p1a: Charizard|1\n|-damage|p1a: Charizard|6/100\n|\n|-weather|none\n|upkeep\n|turn|8\n|\n|t:|1775886347\n|move|p2a: Sneasler|Dire Claw|p1a: Charizard\n|-damage|p1a: Charizard|0 fnt\n|faint|p1a: Charizard\n|\n|win|yamzinyobooty\n|raw|rmpemeta's rating: 1089 &rarr; <strong>1060</strong><br />(-29 for losing)\n|raw|yamzinyobooty's rating: 1000 &rarr; <strong>1050</strong><br />(+50 for winning)\n",
  "uploadtime": 1775886347,
  "views": 13,
  "formatid": "gen9championsvgc2026regma",
  "rating": 1050,
  "private": 0,
  "password": null
}