{
  "id": "gen9championsvgc2026regma-2581054921",
  "format": "[Gen 9 Champions] VGC 2026 Reg M-A",
  "players": [
    "8asfuyo43",
    "NaecheVGC"
  ],
  "log": "|j|\u26068asfuyo43\n|j|\u2606NaecheVGC\n|t:|1775955602\n|gametype|doubles\n|player|p1|8asfuyo43|gentleman-gen4dp|1149\n|player|p2|NaecheVGC|265|1059\n|gen|9\n|tier|[Gen 9 Champions] VGC 2026 Reg M-A\n|rated|\n|rule|Species Clause: Limit one of each Pok\u00e9mon\n|rule|Item Clause: Limit 1 of each item\n|clearpoke\n|poke|p1|Gengar, L50, F|\n|poke|p1|Incineroar, L50, M|\n|poke|p1|Sinistcha, L50|\n|poke|p1|Clefable, L50, F|\n|poke|p1|Azumarill, L50, F|\n|poke|p1|Kingambit, L50, F|\n|poke|p2|Liepard, L50, F|\n|poke|p2|Milotic, L50, F|\n|poke|p2|Aerodactyl, L50, F|\n|poke|p2|Incineroar, L50, M|\n|poke|p2|Scovillain, L50, F|\n|poke|p2|Scizor, L50, F|\n|teampreview|4\n|inactive|Battle timer is ON: inactive players will automatically lose when time's up. (requested by 8asfuyo43)\n|\n|t:|1775955659\n|teamsize|p1|4\n|teamsize|p2|4\n|start\n|switch|p1a: Gengar|Gengar, L50, F|100/100\n|switch|p1b: Sinistcha|Sinistcha, L50|100/100\n|switch|p2a: Honestpard|Liepard, L50, F|100/100\n|switch|p2b: El Tigr\u00e9|Incineroar, L50, M, shiny|100/100\n|-ability|p2b: El Tigr\u00e9|Intimidate|boost\n|-unboost|p1a: Gengar|atk|1\n|-unboost|p1b: Sinistcha|atk|1\n|turn|1\n|\n|t:|1775955680\n|switch|p1b: Incineroar|Incineroar, L50, M|100/100\n|-ability|p1b: Incineroar|Intimidate|boost\n|-unboost|p2a: Honestpard|atk|1\n|-unboost|p2b: El Tigr\u00e9|atk|1\n|detailschange|p1a: Gengar|Gengar-Mega, L50, F\n|-mega|p1a: Gengar|Gengar|Gengarite\n|move|p1a: Gengar|Protect|p1a: Gengar\n|-singleturn|p1a: Gengar|Protect\n|move|p2a: Honestpard|Foul Play|p1a: Gengar\n|-activate|p1a: Gengar|move: Protect\n|move|p2b: El Tigr\u00e9|Parting Shot|p1a: Gengar\n|-activate|p1a: Gengar|move: Protect\n|\n|upkeep\n|turn|2\n|inactive|8asfuyo43 has 30 seconds left.\n|\n|t:|1775955709\n|move|p1b: Incineroar|Fake Out|p2b: El Tigr\u00e9\n|-damage|p2b: El Tigr\u00e9|91/100\n|move|p2a: Honestpard|Encore|p1a: Gengar\n|-start|p1a: Gengar|Encore\n|move|p1a: Gengar|Protect|p1a: Gengar\n|-singleturn|p1a: Gengar|Protect\n|cant|p2b: El Tigr\u00e9|flinch\n|\n|upkeep\n|turn|3\n|\n|t:|1775955726\n|switch|p1a: Azumarill|Azumarill, L50, F|100/100\n|move|p2a: Honestpard|Thunder Wave|p1a: Azumarill\n|-status|p1a: Azumarill|par\n|move|p2b: El Tigr\u00e9|Darkest Lariat|p1a: Azumarill\n|-resisted|p1a: Azumarill|1\n|-damage|p1a: Azumarill|89/100 par\n|move|p1b: Incineroar|Parting Shot|p2b: El Tigr\u00e9\n|-unboost|p2b: El Tigr\u00e9|atk|1\n|-unboost|p2b: El Tigr\u00e9|spa|1\n|\n|t:|1775955737\n|switch|p1b: Gengar|Gengar-Mega, L50, F|100/100|[from] Parting Shot\n|\n|upkeep\n|turn|4\n|\n|t:|1775955759\n|move|p1b: Gengar|Protect|p1b: Gengar\n|-singleturn|p1b: Gengar|Protect\n|move|p2a: Honestpard|Foul Play|p1b: Gengar\n|-activate|p1b: Gengar|move: Protect\n|move|p2b: El Tigr\u00e9|Parting Shot|p1b: Gengar\n|-activate|p1b: Gengar|move: Protect\n|move|p1a: Azumarill|Belly Drum|p1a: Azumarill\n|-damage|p1a: Azumarill|39/100 par\n|-setboost|p1a: Azumarill|atk|6|[from] move: Belly Drum\n|-enditem|p1a: Azumarill|Sitrus Berry|[eat]\n|-heal|p1a: Azumarill|64/100 par|[from] item: Sitrus Berry\n|\n|upkeep\n|turn|5\n|\n|t:|1775955775\n|move|p2a: Honestpard|Encore|p1a: Azumarill\n|-start|p1a: Azumarill|Encore\n|move|p1b: Gengar|Substitute|p1b: Gengar\n|-start|p1b: Gengar|Substitute\n|-damage|p1b: Gengar|76/100\n|move|p2b: El Tigr\u00e9|Darkest Lariat|p1b: Gengar\n|-supereffective|p1b: Gengar|1\n|-end|p1b: Gengar|Substitute\n|move|p1a: Azumarill|Belly Drum||[still]\n|-fail|p1a: Azumarill\n|\n|upkeep\n|turn|6\n|\n|t:|1775955791\n|switch|p1a: Incineroar|Incineroar, L50, M|100/100\n|-ability|p1a: Incineroar|Intimidate|boost\n|-unboost|p2a: Honestpard|atk|1\n|-unboost|p2b: El Tigr\u00e9|atk|1\n|move|p1b: Gengar|Perish Song|p1b: Gengar\n|-start|p1a: Incineroar|perish3|[silent]\n|-start|p1b: Gengar|perish3|[silent]\n|-start|p2a: Honestpard|perish3|[silent]\n|-start|p2b: El Tigr\u00e9|perish3|[silent]\n|-fieldactivate|move: Perish Song\n|move|p2a: Honestpard|Foul Play|p1b: Gengar\n|-supereffective|p1b: Gengar|1\n|-damage|p1b: Gengar|24/100\n|move|p2b: El Tigr\u00e9|Darkest Lariat|p1b: Gengar\n|-supereffective|p1b: Gengar|1\n|-damage|p1b: Gengar|0 fnt\n|faint|p1b: Gengar\n|\n|-start|p2a: Honestpard|perish3\n|-start|p2b: El Tigr\u00e9|perish3\n|-start|p1a: Incineroar|perish3\n|upkeep\n|\n|t:|1775955806\n|switch|p1b: Azumarill|Azumarill, L50, F|64/100 par\n|turn|7\n|inactive|NaecheVGC has 30 seconds left.\n|\n|t:|1775955839\n|move|p1a: Incineroar|Fake Out|p2a: Honestpard\n|-damage|p2a: Honestpard|84/100\n|cant|p2a: Honestpard|flinch\n|move|p2b: El Tigr\u00e9|Parting Shot|p1b: Azumarill\n|-unboost|p1b: Azumarill|atk|1\n|-unboost|p1b: Azumarill|spa|1\n|\n|t:|1775955847\n|switch|p2b: Scizor|Scizor, L50, F|100/100|[from] Parting Shot\n|move|p1b: Azumarill|Play Rough|p2a: Honestpard|[miss]\n|-miss|p1b: Azumarill|p2a: Honestpard\n|\n|-start|p2a: Honestpard|perish2\n|-start|p1a: Incineroar|perish2\n|upkeep\n|turn|8\n|inactive|NaecheVGC has 30 seconds left.\n|inactive|NaecheVGC has 20 seconds left.\n|\n|t:|1775955885\n|detailschange|p2b: Scizor|Scizor-Mega, L50, F\n|-mega|p2b: Scizor|Scizor|Scizorite\n|move|p2a: Honestpard|Encore|p1a: Incineroar\n|-hint|Since gen 7, Dark is immune to Prankster moves.\n|-immune|p1a: Incineroar\n|move|p2b: Scizor|Bullet Punch|p1b: Azumarill\n|-damage|p1b: Azumarill|28/100 par\n|move|p1a: Incineroar|Flare Blitz|p2b: Scizor\n|-supereffective|p2b: Scizor|2\n|-damage|p2b: Scizor|0 fnt\n|faint|p2b: Scizor\n|-damage|p1a: Incineroar|71/100|[from] Recoil\n|move|p1b: Azumarill|Play Rough|p2a: Honestpard\n|-supereffective|p2a: Honestpard|1\n|-damage|p2a: Honestpard|0 fnt\n|faint|p2a: Honestpard\n|\n|-start|p1a: Incineroar|perish1\n|upkeep\n|\n|t:|1775955890\n|switch|p2a: El Tigr\u00e9|Incineroar, L50, M, shiny|91/100\n|switch|p2b: Free Hugs|Aerodactyl, L50, F|100/100\n|-ability|p2a: El Tigr\u00e9|Intimidate|boost\n|-unboost|p1a: Incineroar|atk|1\n|-unboost|p1b: Azumarill|atk|1\n|turn|9\n|inactive|NaecheVGC has 30 seconds left.\n|inactive|8asfuyo43 has 30 seconds left.\n|\n|t:|1775955923\n|switch|p1a: Sinistcha|Sinistcha, L50|100/100\n|-heal|p1b: Azumarill|53/100 par|[from] ability: Hospitality|[of] p1a: Sinistcha\n|move|p1b: Azumarill|Aqua Jet|p2b: Free Hugs\n|-supereffective|p2b: Free Hugs|1\n|-damage|p2b: Free Hugs|57/100\n|move|p2b: Free Hugs|Dual Wingbeat|p1b: Azumarill|[miss]\n|-miss|p2b: Free Hugs|p1b: Azumarill\n|move|p2a: El Tigr\u00e9|Flare Blitz|p1a: Sinistcha\n|-supereffective|p1a: Sinistcha|1\n|-damage|p1a: Sinistcha|32/100\n|-damage|p2a: El Tigr\u00e9|71/100|[from] Recoil\n|\n|upkeep\n|turn|10\n|\n|t:|1775955946\n|switch|p1a: Incineroar|Incineroar, L50, M|71/100\n|-ability|p1a: Incineroar|Intimidate|boost\n|-unboost|p2a: El Tigr\u00e9|atk|1\n|-unboost|p2b: Free Hugs|atk|1\n|move|p1b: Azumarill|Aqua Jet|p2b: Free Hugs\n|-supereffective|p2b: Free Hugs|1\n|-damage|p2b: Free Hugs|14/100\n|move|p2b: Free Hugs|Dual Wingbeat|p1a: Incineroar\n|-damage|p1a: Incineroar|60/100\n|-crit|p1a: Incineroar\n|-damage|p1a: Incineroar|36/100\n|-hitcount|p1a: Incineroar|2\n|move|p2a: El Tigr\u00e9|Flare Blitz|p1b: Azumarill\n|-resisted|p1b: Azumarill|1\n|-damage|p1b: Azumarill|38/100 par\n|-damage|p2a: El Tigr\u00e9|66/100|[from] Recoil\n|\n|upkeep\n|turn|11\n|\n|t:|1775955961\n|switch|p1b: Sinistcha|Sinistcha, L50|32/100\n|-heal|p1a: Incineroar|60/100|[from] ability: Hospitality|[of] p1b: Sinistcha\n|move|p1a: Incineroar|Fake Out|p2a: El Tigr\u00e9\n|-damage|p2a: El Tigr\u00e9|57/100\n|move|p2b: Free Hugs|Rock Slide|p1b: Sinistcha|[spread] p1a,p1b\n|-supereffective|p1a: Incineroar|1\n|-damage|p1a: Incineroar|27/100\n|-damage|p1b: Sinistcha|17/100\n|cant|p2a: El Tigr\u00e9|flinch\n|\n|upkeep\n|turn|12\n|\n|t:|1775955986\n|move|p1b: Sinistcha|Rage Powder|p1b: Sinistcha\n|-singleturn|p1b: Sinistcha|move: Rage Powder\n|move|p2b: Free Hugs|Rock Slide|p1b: Sinistcha|[spread] p1a,p1b\n|-supereffective|p1a: Incineroar|1\n|-damage|p1a: Incineroar|0 fnt\n|-damage|p1b: Sinistcha|3/100\n|faint|p1a: Incineroar\n|move|p2a: El Tigr\u00e9|Darkest Lariat|p1b: Sinistcha\n|-supereffective|p1b: Sinistcha|1\n|-damage|p1b: Sinistcha|0 fnt\n|faint|p1b: Sinistcha\n|\n|upkeep\n|\n|t:|1775955991\n|switch|p1a: Azumarill|Azumarill, L50, F|38/100 par\n|turn|13\n|\n|t:|1775956003\n|move|p2b: Free Hugs|Protect|p2b: Free Hugs\n|-singleturn|p2b: Free Hugs|Protect\n|cant|p1a: Azumarill|par\n|move|p2a: El Tigr\u00e9|Darkest Lariat|p1a: Azumarill\n|-resisted|p1a: Azumarill|1\n|-damage|p1a: Azumarill|28/100 par\n|\n|upkeep\n|turn|14\n|\n|t:|1775956024\n|cant|p1a: Azumarill|par\n|move|p2b: Free Hugs|Dual Wingbeat|p1a: Azumarill\n|-damage|p1a: Azumarill|13/100 par\n|-damage|p1a: Azumarill|0 fnt\n|faint|p1a: Azumarill\n|-hitcount|p1: Azumarill|2\n|\n|win|NaecheVGC\n|raw|8asfuyo43's rating: 1149 &rarr; <strong>1118</strong><br />(-31 for losing)\n|raw|NaecheVGC's rating: 1059 &rarr; <strong>1098</strong><br />(+39 for winning)\n|l|\u2606NaecheVGC\n|player|p2|\n|l|\u26068asfuyo43\n|player|p1|\n|j|\u2606NaecheVGC\n|player|p2|NaecheVGC|265|\n|l|\u2606NaecheVGC\n|player|p2|\n|j|\u2606NaecheVGC\n|player|p2|NaecheVGC|265|\n",
  "uploadtime": 1775956034,
  "views": 38,
  "formatid": "gen9championsvgc2026regma",
  "rating": 1098,
  "private": 0,
  "password": null
}