{
  "id": "gen9championsvgc2026regma-2586035424",
  "format": "[Gen 9 Champions] VGC 2026 Reg M-A",
  "players": [
    "MegaLucarioisgod",
    "danielhart"
  ],
  "log": "|j|\u2606MegaLucarioisgod\n|j|\u2606danielhart\n|t:|1776392390\n|gametype|doubles\n|player|p1|MegaLucarioisgod|lucas|1081\n|player|p2|danielhart|policeman-gen4|1000\n|gen|9\n|tier|[Gen 9 Champions] VGC 2026 Reg M-A\n|rated|\n|rule|Species Clause: Limit one of each Pok\u00e9mon\n|rule|Item Clause: Limit 1 of each item\n|clearpoke\n|poke|p1|Charizard, L50, M|\n|poke|p1|Sylveon, L50, F|\n|poke|p1|Incineroar, L50, M|\n|poke|p1|Venusaur, L50, F|\n|poke|p1|Aerodactyl, L50, M|\n|poke|p1|Dragapult, L50, F|\n|poke|p2|Sylveon, L50, F|\n|poke|p2|Espathra, L50, M|\n|poke|p2|Skarmory, L50, F|\n|poke|p2|Dragapult, L50, M|\n|poke|p2|Milotic, L50, F|\n|poke|p2|Whimsicott, L50, M|\n|teampreview|4\n|inactive|Battle timer is ON: inactive players will automatically lose when time's up. (requested by MegaLucarioisgod)\n|j| Alesavecs\n|inactive|danielhart has 60 seconds left.\n|\n|t:|1776392432\n|teamsize|p1|4\n|teamsize|p2|4\n|start\n|switch|p1a: Charizard|Charizard, L50, M|100/100\n|switch|p1b: Dragapult|Dragapult, L50, F|100/100\n|switch|p2a: Whimsicott|Whimsicott, L50, M|100/100\n|switch|p2b: Milotic|Milotic, L50, F|100/100\n|turn|1\n|inactive|danielhart has 30 seconds left.\n|\n|t:|1776392465\n|detailschange|p1a: Charizard|Charizard-Mega-Y, L50, M\n|-mega|p1a: Charizard|Charizard|Charizardite Y\n|-weather|SunnyDay|[from] ability: Drought|[of] p1a: Charizard\n|move|p2a: Whimsicott|Tailwind|p2a: Whimsicott\n|-sidestart|p2: danielhart|move: Tailwind\n|move|p1b: Dragapult|Dragon Darts|p2b: Milotic\n|-damage|p2b: Milotic|67/100\n|-anim|p1b: Dragapult|Dragon Darts|p2b: Milotic\n|-damage|p2b: Milotic|37/100\n|move|p2b: Milotic|Surf|p1a: Charizard|[spread] p2a,p1a,p1b\n|-resisted|p2a: Whimsicott|1\n|-supereffective|p1a: Charizard|1\n|-resisted|p1b: Dragapult|1\n|-damage|p2a: Whimsicott|90/100\n|-damage|p1a: Charizard|69/100\n|-damage|p1b: Dragapult|89/100\n|move|p1a: Charizard|Solar Beam||[still]\n|-prepare|p1a: Charizard|Solar Beam\n|-anim|p1a: Charizard|Solar Beam|p2b: Milotic\n|-supereffective|p2b: Milotic|1\n|-damage|p2b: Milotic|0 fnt\n|faint|p2b: Milotic\n|\n|-weather|SunnyDay|[upkeep]\n|upkeep\n|\n|t:|1776392484\n|switch|p2b: Dragapult|Dragapult, L50, M|100/100\n|turn|2\n|\n|t:|1776392501\n|move|p2b: Dragapult|Dragon Darts|p1b: Dragapult\n|-supereffective|p1b: Dragapult|1\n|-damage|p1b: Dragapult|20/100\n|-anim|p2b: Dragapult|Dragon Darts|p1a: Charizard\n|-damage|p1a: Charizard|35/100\n|move|p2a: Whimsicott|Dazzling Gleam|p1b: Dragapult|[spread] p1a,p1b\n|-resisted|p1a: Charizard|1\n|-supereffective|p1b: Dragapult|1\n|-damage|p1a: Charizard|24/100\n|-damage|p1b: Dragapult|0 fnt\n|faint|p1b: Dragapult\n|move|p1a: Charizard|Weather Ball|p2a: Whimsicott\n|-supereffective|p2a: Whimsicott|1\n|-enditem|p2a: Whimsicott|Occa Berry|[eat]\n|-enditem|p2a: Whimsicott|Occa Berry|[weaken]\n|-damage|p2a: Whimsicott|0 fnt\n|faint|p2a: Whimsicott\n|\n|-weather|SunnyDay|[upkeep]\n|upkeep\n|l| Alesavecs\n|\n|t:|1776392517\n|switch|p1b: Aerodactyl|Aerodactyl, L50, M|100/100\n|switch|p2a: Sylveon|Sylveon, L50, F|100/100\n|-ability|p1b: Aerodactyl|Unnerve\n|turn|3\n|j| Alesavecs\n|\n|t:|1776392538\n|move|p1a: Charizard|Protect|p1a: Charizard\n|-singleturn|p1a: Charizard|Protect\n|move|p2b: Dragapult|Dragon Darts|p1b: Aerodactyl\n|-damage|p1b: Aerodactyl|59/100\n|-anim|p2b: Dragapult|Dragon Darts|p1b: Aerodactyl\n|-damage|p1b: Aerodactyl|22/100\n|move|p1b: Aerodactyl|Rock Slide|p2a: Sylveon|[spread] p2a,p2b\n|-damage|p2a: Sylveon|66/100\n|-damage|p2b: Dragapult|62/100\n|move|p2a: Sylveon|Hyper Voice|p1a: Charizard|[spread] p1b\n|-activate|p1a: Charizard|move: Protect\n|-damage|p1b: Aerodactyl|0 fnt\n|faint|p1b: Aerodactyl\n|\n|-weather|SunnyDay|[upkeep]\n|upkeep\n|\n|t:|1776392550\n|switch|p1b: Venusaur|Venusaur, L50, F|100/100\n|turn|4\n|\n|t:|1776392573\n|move|p2b: Dragapult|Dragon Darts|p1a: Charizard\n|-damage|p1a: Charizard|0 fnt\n|-anim|p2b: Dragapult|Dragon Darts|p1b: Venusaur\n|-damage|p1b: Venusaur|75/100\n|faint|p1a: Charizard\n|move|p1b: Venusaur|Solar Beam||[still]\n|-prepare|p1b: Venusaur|Solar Beam\n|-anim|p1b: Venusaur|Solar Beam|p2b: Dragapult\n|-resisted|p2b: Dragapult|1\n|-damage|p2b: Dragapult|22/100\n|move|p2a: Sylveon|Hyper Voice|p1b: Venusaur\n|-resisted|p1b: Venusaur|1\n|-damage|p1b: Venusaur|40/100\n|\n|-weather|SunnyDay|[upkeep]\n|-heal|p1b: Venusaur|46/100|[from] item: Leftovers\n|-sideend|p2: danielhart|move: Tailwind\n|upkeep\n|turn|5\n|\n|t:|1776392597\n|move|p2b: Dragapult|Protect|p2b: Dragapult\n|-singleturn|p2b: Dragapult|Protect\n|move|p2a: Sylveon|Protect|p2a: Sylveon\n|-singleturn|p2a: Sylveon|Protect\n|move|p1b: Venusaur|Solar Beam||[still]\n|-prepare|p1b: Venusaur|Solar Beam\n|-anim|p1b: Venusaur|Solar Beam|p2b: Dragapult\n|-activate|p2b: Dragapult|move: Protect\n|\n|-weather|none\n|-heal|p1b: Venusaur|52/100|[from] item: Leftovers\n|upkeep\n|turn|6\n|\n|t:|1776392611\n|move|p1b: Venusaur|Protect|p1b: Venusaur\n|-singleturn|p1b: Venusaur|Protect\n|move|p2b: Dragapult|Dragon Darts|p1b: Venusaur\n|-activate|p1b: Venusaur|move: Protect\n|move|p2a: Sylveon|Hyper Voice|p1b: Venusaur\n|-activate|p1b: Venusaur|move: Protect\n|\n|-heal|p1b: Venusaur|58/100|[from] item: Leftovers\n|upkeep\n|turn|7\n|\n|t:|1776392625\n|move|p2b: Dragapult|Dragon Darts|p1b: Venusaur\n|-damage|p1b: Venusaur|32/100\n|-anim|p2b: Dragapult|Dragon Darts|p1b: Venusaur\n|-crit|p1b: Venusaur\n|-damage|p1b: Venusaur|0 fnt\n|faint|p1b: Venusaur\n|\n|win|danielhart\n|raw|MegaLucarioisgod's rating: 1081 &rarr; <strong>1054</strong><br />(-27 for losing)\n|raw|danielhart's rating: 1000 &rarr; <strong>1049</strong><br />(+49 for winning)\n|l|\u2606MegaLucarioisgod\n|player|p1|\n",
  "uploadtime": 1776392637,
  "views": 19,
  "formatid": "gen9championsvgc2026regma",
  "rating": 1049,
  "private": 0,
  "password": null
}