{
  "id": "gen9championsvgc2026regma-2581922147",
  "format": "[Gen 9 Champions] VGC 2026 Reg M-A",
  "players": [
    "injuryreserv3",
    "SkelyStealth"
  ],
  "log": "|j|\u2606injuryreserv3\n|j|\u2606SkelyStealth\n|t:|1776040005\n|gametype|doubles\n|player|p1|injuryreserv3|sabrina|1320\n|player|p2|SkelyStealth|yellow|1287\n|gen|9\n|tier|[Gen 9 Champions] VGC 2026 Reg M-A\n|rated|\n|rule|Species Clause: Limit one of each Pok\u00e9mon\n|rule|Item Clause: Limit 1 of each item\n|clearpoke\n|poke|p1|Sneasler, L50, M|\n|poke|p1|Basculegion, L50, M|\n|poke|p1|Charizard, L50, M|\n|poke|p1|Floette-Eternal, L50, F|\n|poke|p1|Incineroar, L50, F|\n|poke|p1|Venusaur, L50, F|\n|poke|p2|Farigiraf, L50, M|\n|poke|p2|Mimikyu, L50, F|\n|poke|p2|Incineroar, L50, F|\n|poke|p2|Torkoal, L50, M|\n|poke|p2|Crabominable, L50, M|\n|poke|p2|Scovillain, L50, F|\n|teampreview|4\n|inactive|Battle timer is ON: inactive players will automatically lose when time's up. (requested by SkelyStealth)\n|inactive|injuryreserv3 has 60 seconds left.\n|inactive|injuryreserv3 has 30 seconds left.\n|inactive|injuryreserv3 has 20 seconds left.\n|inactive|injuryreserv3 has 15 seconds left.\n|inactive|injuryreserv3 has 10 seconds left.\n|\n|t:|1776040091\n|teamsize|p1|4\n|teamsize|p2|4\n|start\n|switch|p1a: Charizard|Charizard, L50, M|100/100\n|switch|p1b: Basculegion|Basculegion, L50, M|100/100\n|switch|p2a: Sung Jin-woo|Farigiraf, L50, M|100/100\n|switch|p2b: Lazy Cat|Incineroar, L50, F|100/100\n|-ability|p2b: Lazy Cat|Intimidate|boost\n|-unboost|p1a: Charizard|atk|1\n|-unboost|p1b: Basculegion|atk|1\n|turn|1\n|\n|t:|1776040106\n|detailschange|p1a: Charizard|Charizard-Mega-Y, L50, M\n|-mega|p1a: Charizard|Charizard|Charizardite Y\n|-weather|SunnyDay|[from] ability: Drought|[of] p1a: Charizard\n|move|p2b: Lazy Cat|Fake Out|p1a: Charizard\n|-damage|p1a: Charizard|81/100\n|move|p1b: Basculegion|Wave Crash|p2b: Lazy Cat\n|-supereffective|p2b: Lazy Cat|1\n|-damage|p2b: Lazy Cat|51/100\n|-damage|p1b: Basculegion|84/100|[from] Recoil\n|cant|p1a: Charizard|flinch\n|move|p2a: Sung Jin-woo|Trick Room|p2a: Sung Jin-woo\n|-fieldstart|move: Trick Room|[of] p2a: Sung Jin-woo\n|\n|-weather|SunnyDay|[upkeep]\n|upkeep\n|turn|2\n|\n|t:|1776040127\n|move|p1a: Charizard|Protect|p1a: Charizard\n|-singleturn|p1a: Charizard|Protect\n|move|p2a: Sung Jin-woo|Psychic|p1a: Charizard\n|-activate|p1a: Charizard|move: Protect\n|move|p2b: Lazy Cat|Darkest Lariat|p1a: Charizard\n|-activate|p1a: Charizard|move: Protect\n|move|p1b: Basculegion|Wave Crash|p2b: Lazy Cat\n|-supereffective|p2b: Lazy Cat|1\n|-damage|p2b: Lazy Cat|0 fnt\n|faint|p2b: Lazy Cat\n|-damage|p1b: Basculegion|66/100|[from] Recoil\n|\n|-weather|SunnyDay|[upkeep]\n|upkeep\n|\n|t:|1776040131\n|switch|p2b: This fffire|Torkoal, L50, M|100/100\n|turn|3\n|\n|t:|1776040155\n|switch|p1a: Incineroar|Incineroar, L50, F|100/100\n|-ability|p1a: Incineroar|Intimidate|boost\n|-unboost|p2a: Sung Jin-woo|atk|1\n|-unboost|p2b: This fffire|atk|1\n|move|p2a: Sung Jin-woo|Helping Hand|p2b: This fffire\n|-singleturn|p2b: This fffire|Helping Hand|[of] p2a: Sung Jin-woo\n|move|p2b: This fffire|Eruption|p1a: Incineroar|[spread] p1a,p1b\n|-resisted|p1a: Incineroar|1\n|-resisted|p1b: Basculegion|1\n|-damage|p1a: Incineroar|47/100\n|-damage|p1b: Basculegion|0 fnt\n|faint|p1b: Basculegion\n|\n|-weather|SunnyDay|[upkeep]\n|-heal|p1a: Incineroar|53/100|[from] item: Leftovers\n|upkeep\n|\n|t:|1776040170\n|switch|p1b: Charizard|Charizard-Mega-Y, L50, M|81/100\n|turn|4\n|\n|t:|1776040186\n|move|p2b: This fffire|Eruption|p1a: Incineroar|[spread] p1a,p1b\n|-resisted|p1a: Incineroar|1\n|-resisted|p1b: Charizard|1\n|-damage|p1a: Incineroar|19/100\n|-damage|p1b: Charizard|39/100\n|move|p2a: Sung Jin-woo|Hyper Voice|p1a: Incineroar|[spread] p1a,p1b\n|-damage|p1a: Incineroar|0 fnt\n|-damage|p1b: Charizard|13/100\n|faint|p1a: Incineroar\n|move|p1b: Charizard|Scorching Sands|p2b: This fffire\n|-supereffective|p2b: This fffire|1\n|-damage|p2b: This fffire|34/100\n|\n|-weather|SunnyDay|[upkeep]\n|upkeep\n|\n|t:|1776040198\n|switch|p1a: Venusaur|Venusaur, L50, F|100/100\n|turn|5\n|\n|t:|1776040217\n|switch|p2b: Kani|Crabominable, L50, M|100/100\n|move|p1b: Charizard|Protect|p1b: Charizard\n|-singleturn|p1b: Charizard|Protect\n|move|p1a: Venusaur|Protect|p1a: Venusaur\n|-singleturn|p1a: Venusaur|Protect\n|move|p2a: Sung Jin-woo|Hyper Voice|p1a: Venusaur|[spread] \n|-activate|p1a: Venusaur|move: Protect\n|-activate|p1b: Charizard|move: Protect\n|\n|-weather|none\n|-fieldend|move: Trick Room\n|upkeep\n|turn|6\n|\n|t:|1776040237\n|detailschange|p2b: Kani|Crabominable-Mega, L50, M\n|-mega|p2b: Kani|Crabominable|Crabominite\n|move|p2b: Kani|Mach Punch|p1b: Charizard\n|-resisted|p1b: Charizard|1\n|-crit|p1b: Charizard\n|-damage|p1b: Charizard|0 fnt\n|faint|p1b: Charizard\n|move|p1a: Venusaur|Sleep Powder|p2a: Sung Jin-woo|[miss]\n|-miss|p1a: Venusaur|p2a: Sung Jin-woo\n|move|p2a: Sung Jin-woo|Trick Room|p2a: Sung Jin-woo\n|-fieldstart|move: Trick Room|[of] p2a: Sung Jin-woo\n|\n|upkeep\n|turn|7\n|c|\u2606injuryreserv3|gg\n|c|\u2606SkelyStealth|gg\n|\n|t:|1776040251\n|move|p2b: Kani|Ice Hammer|p1a: Venusaur\n|-supereffective|p1a: Venusaur|1\n|-enditem|p1a: Venusaur|Focus Sash\n|-damage|p1a: Venusaur|1/100\n|-unboost|p2b: Kani|spe|1\n|move|p2a: Sung Jin-woo|Psychic|p1a: Venusaur\n|-supereffective|p1a: Venusaur|1\n|-damage|p1a: Venusaur|0 fnt\n|faint|p1a: Venusaur\n|\n|win|SkelyStealth\n|raw|injuryreserv3's rating: 1320 &rarr; <strong>1298</strong><br />(-22 for losing)\n|raw|SkelyStealth's rating: 1287 &rarr; <strong>1314</strong><br />(+27 for winning)\n|l|\u2606SkelyStealth\n|player|p2|\n",
  "uploadtime": 1776040255,
  "views": 28,
  "formatid": "gen9championsvgc2026regma",
  "rating": 1298,
  "private": 0,
  "password": null
}