{
  "id": "gen9championsvgc2026regma-2586321113",
  "format": "[Gen 9 Champions] VGC 2026 Reg M-A",
  "players": [
    "drillandchill",
    "VGCTorremolinos"
  ],
  "log": "|j|\u2606drillandchill\n|j|\u2606VGCTorremolinos\n|t:|1776425038\n|gametype|doubles\n|player|p1|drillandchill|266|1000\n|player|p2|VGCTorremolinos|iris|1080\n|gen|9\n|tier|[Gen 9 Champions] VGC 2026 Reg M-A\n|rated|\n|rule|Species Clause: Limit one of each Pok\u00e9mon\n|rule|Item Clause: Limit 1 of each item\n|clearpoke\n|poke|p1|Ampharos, L50, M|\n|poke|p1|Slowking-Galar, L50, M|\n|poke|p1|Machamp, L50, F|\n|poke|p1|Kingambit, L50, M|\n|poke|p1|Drampa, L50, F|\n|poke|p1|Oranguru, L50, F|\n|poke|p2|Starmie, L50|\n|poke|p2|Tinkaton, L50, F|\n|poke|p2|Pelipper, L50, F|\n|poke|p2|Incineroar, L50, M|\n|poke|p2|Maushold-Four, L50|\n|poke|p2|Basculegion, L50, M|\n|teampreview|4\n|\n|t:|1776425071\n|teamsize|p1|4\n|teamsize|p2|4\n|start\n|switch|p1a: Slowking|Slowking-Galar, L50, M|100/100\n|switch|p1b: Machamp|Machamp, L50, F|100/100\n|switch|p2a: Tokusentai|Starmie, L50|100/100\n|switch|p2b: Auby!!!!|Tinkaton, L50, F|100/100\n|-clearboost|p1b: Machamp|[from] ability: Curious Medicine|[of] p1a: Slowking\n|turn|1\n|-activate|p1b: Machamp|item: Quick Claw\n|\n|t:|1776425089\n|detailschange|p2a: Tokusentai|Starmie-Mega, L50\n|-mega|p2a: Tokusentai|Starmie|Starminite\n|move|p2b: Auby!!!!|Fake Out|p1a: Slowking\n|-damage|p1a: Slowking|89/100\n|move|p1b: Machamp|Cross Chop|p2b: Auby!!!!\n|-damage|p2b: Auby!!!!|31/100\n|move|p2a: Tokusentai|Skill Swap|p2b: Auby!!!!\n|-activate|p2a: Tokusentai|Skill Swap|||[of] p2b: Auby!!!!\n|cant|p1a: Slowking|flinch\n|\n|-heal|p2b: Auby!!!!|37/100|[from] item: Leftovers\n|upkeep\n|turn|2\n|\n|t:|1776425119\n|switch|p2a: Cat|Incineroar, L50, M|100/100\n|-ability|p2a: Cat|Intimidate|boost\n|-unboost|p1a: Slowking|atk|1\n|-unboost|p1b: Machamp|atk|1\n|move|p2b: Auby!!!!|Protect|p2b: Auby!!!!\n|-singleturn|p2b: Auby!!!!|Protect\n|move|p1b: Machamp|Cross Chop|p2b: Auby!!!!\n|-activate|p2b: Auby!!!!|move: Protect\n|move|p1a: Slowking|Trick Room|p1a: Slowking\n|-fieldstart|move: Trick Room|[of] p1a: Slowking\n|\n|-heal|p2b: Auby!!!!|44/100|[from] item: Leftovers\n|upkeep\n|turn|3\n|\n|t:|1776425151\n|move|p2a: Cat|Fake Out|p1b: Machamp\n|-damage|p1b: Machamp|89/100\n|move|p1a: Slowking|Sludge Bomb|p2a: Cat\n|-damage|p2a: Cat|64/100\n|cant|p1b: Machamp|flinch\n|move|p2b: Auby!!!!|Gigaton Hammer|p1a: Slowking\n|-damage|p1a: Slowking|0 fnt\n|faint|p1a: Slowking\n|\n|-heal|p2b: Auby!!!!|50/100|[from] item: Leftovers\n|upkeep\n|\n|t:|1776425164\n|switch|p1a: Drampa|Drampa, L50, F|100/100\n|-ability|p1a: Drampa|Cloud Nine\n|turn|4\n|\n|t:|1776425173\n|detailschange|p1a: Drampa|Drampa-Mega, L50, F\n|-mega|p1a: Drampa|Drampa|Drampanite\n|move|p2b: Auby!!!!|Protect|p2b: Auby!!!!\n|-singleturn|p2b: Auby!!!!|Protect\n|move|p1a: Drampa|Flamethrower|p2b: Auby!!!!\n|-activate|p2b: Auby!!!!|move: Protect\n|move|p1b: Machamp|Cross Chop|p2a: Cat\n|-supereffective|p2a: Cat|1\n|-damage|p2a: Cat|0 fnt\n|faint|p2a: Cat\n|\n|-heal|p2b: Auby!!!!|56/100|[from] item: Leftovers\n|upkeep\n|\n|t:|1776425184\n|switch|p2a: Tokusentai|Starmie-Mega, L50|100/100\n|turn|5\n|\n|t:|1776425227\n|switch|p2b: FSH|Basculegion, L50, M|100/100\n|move|p2a: Tokusentai|Protect|p2a: Tokusentai\n|-singleturn|p2a: Tokusentai|Protect\n|move|p1a: Drampa|Flamethrower|p2b: FSH\n|-resisted|p2b: FSH|1\n|-damage|p2b: FSH|80/100\n|move|p1b: Machamp|Cross Chop|p2a: Tokusentai\n|-activate|p2a: Tokusentai|move: Protect\n|\n|upkeep\n|turn|6\n|\n|t:|1776425263\n|switch|p2a: Auby!!!!|Tinkaton, L50, F|56/100\n|move|p1a: Drampa|Dragon Pulse|p2a: Auby!!!!\n|-immune|p2a: Auby!!!!\n|move|p1b: Machamp|Stone Edge|p2b: FSH\n|-damage|p2b: FSH|52/100\n|move|p2b: FSH|Flip Turn|p1b: Machamp\n|-damage|p1b: Machamp|46/100\n|\n|t:|1776425270\n|switch|p2b: Tokusentai|Starmie-Mega, L50|100/100|[from] Flip Turn\n|\n|-heal|p2a: Auby!!!!|62/100|[from] item: Leftovers\n|-fieldend|move: Trick Room\n|upkeep\n|turn|7\n|\n|t:|1776425283\n|move|p2a: Auby!!!!|Fake Out|p1a: Drampa\n|-damage|p1a: Drampa|90/100\n|move|p1b: Machamp|Bullet Punch|p2a: Auby!!!!\n|-damage|p2a: Auby!!!!|51/100\n|move|p2b: Tokusentai|Skill Swap|p2a: Auby!!!!\n|-activate|p2b: Tokusentai|Skill Swap|||[of] p2a: Auby!!!!\n|cant|p1a: Drampa|flinch\n|\n|-heal|p2a: Auby!!!!|57/100|[from] item: Leftovers\n|upkeep\n|turn|8\n|\n|t:|1776425304\n|move|p2b: Tokusentai|Protect|p2b: Tokusentai\n|-singleturn|p2b: Tokusentai|Protect\n|move|p2a: Auby!!!!|Gigaton Hammer|p1a: Drampa\n|-damage|p1a: Drampa|0 fnt\n|faint|p1a: Drampa\n|move|p1b: Machamp|Cross Chop|p2a: Auby!!!!\n|-crit|p2a: Auby!!!!\n|-damage|p2a: Auby!!!!|0 fnt\n|faint|p2a: Auby!!!!\n|\n|upkeep\n|\n|t:|1776425312\n|switch|p2a: FSH|Basculegion, L50, M|52/100\n|switch|p1a: Kingambit|Kingambit, L50, M|100/100\n|turn|9\n|inactive|Battle timer is ON: inactive players will automatically lose when time's up. (requested by drillandchill)\n|-activate|p1b: Machamp|item: Quick Claw\n|\n|t:|1776425336\n|move|p2b: Tokusentai|Protect||[still]\n|-fail|p2b: Tokusentai\n|move|p1a: Kingambit|Sucker Punch|p2a: FSH\n|-supereffective|p2a: FSH|1\n|-damage|p2a: FSH|0 fnt\n|faint|p2a: FSH\n|move|p1b: Machamp|Cross Chop|p2b: Tokusentai\n|-resisted|p2b: Tokusentai|1\n|-damage|p2b: Tokusentai|82/100\n|\n|upkeep\n|turn|10\n|\n|t:|1776425347\n|move|p2b: Tokusentai|Protect|p2b: Tokusentai\n|-singleturn|p2b: Tokusentai|Protect\n|move|p1b: Machamp|Cross Chop|p2b: Tokusentai\n|-activate|p2b: Tokusentai|move: Protect\n|move|p1a: Kingambit|Kowtow Cleave|p2b: Tokusentai\n|-activate|p2b: Tokusentai|move: Protect\n|\n|upkeep\n|turn|11\n|\n|t:|1776425359\n|move|p2b: Tokusentai|Liquidation|p1a: Kingambit\n|-damage|p1a: Kingambit|73/100\n|-unboost|p1a: Kingambit|def|1\n|-ability|p1a: Kingambit|Defiant|boost\n|-boost|p1a: Kingambit|atk|2\n|move|p1b: Machamp|Cross Chop|p2b: Tokusentai\n|-resisted|p2b: Tokusentai|1\n|-damage|p2b: Tokusentai|62/100\n|move|p1a: Kingambit|Kowtow Cleave|p2b: Tokusentai\n|-supereffective|p2b: Tokusentai|1\n|-damage|p2b: Tokusentai|0 fnt\n|faint|p2b: Tokusentai\n|\n|win|drillandchill\n|raw|drillandchill's rating: 1000 &rarr; <strong>1049</strong><br />(+49 for winning)\n|raw|VGCTorremolinos's rating: 1080 &rarr; <strong>1053</strong><br />(-27 for losing)\n|l|\u2606VGCTorremolinos\n|player|p2|\n|c|\u2606drillandchill|damn bro all that for that\n",
  "uploadtime": 1776425384,
  "views": 22,
  "formatid": "gen9championsvgc2026regma",
  "rating": 1049,
  "private": 0,
  "password": null
}