{
  "id": "gen9championsvgc2026regma-2581109759",
  "format": "[Gen 9 Champions] VGC 2026 Reg M-A",
  "players": [
    "520zhb",
    "SpiderKash"
  ],
  "log": "|j|\u2606520zhb\n|j|\u2606SpiderKash\n|t:|1775960773\n|gametype|doubles\n|player|p1|520zhb|169|1417\n|player|p2|SpiderKash|2|1357\n|gen|9\n|tier|[Gen 9 Champions] VGC 2026 Reg M-A\n|rated|\n|rule|Species Clause: Limit one of each Pok\u00e9mon\n|rule|Item Clause: Limit 1 of each item\n|clearpoke\n|poke|p1|Floette-Eternal, L50, F|\n|poke|p1|Aerodactyl, L50, F|\n|poke|p1|Milotic, L50, M|\n|poke|p1|Sinistcha, L50|\n|poke|p1|Incineroar, L50, F|\n|poke|p1|Sneasler, L50, M|\n|poke|p2|Charizard, L50, F|\n|poke|p2|Incineroar, L50, F|\n|poke|p2|Dragapult, L50, M|\n|poke|p2|Sneasler, L50, F|\n|poke|p2|Whimsicott, L50, F|\n|poke|p2|Floette-Eternal, L50, F|\n|teampreview|4\n|inactive|Battle timer is ON: inactive players will automatically lose when time's up. (requested by 520zhb)\n|inactive|520zhb has 60 seconds left.\n|\n|t:|1775960808\n|teamsize|p1|4\n|teamsize|p2|4\n|start\n|switch|p1a: Sneasler|Sneasler, L50, M|100/100\n|switch|p1b: Milotic|Milotic, L50, M|100/100\n|switch|p2a: Dragapult|Dragapult, L50, M|100/100\n|switch|p2b: Sneasler|Sneasler, L50, F|100/100\n|turn|1\n|\n|t:|1775960828\n|move|p1a: Sneasler|Fake Out|p2b: Sneasler\n|-damage|p2b: Sneasler|79/100\n|cant|p2b: Sneasler|flinch\n|move|p2a: Dragapult|Dragon Dance|p2a: Dragapult\n|-boost|p2a: Dragapult|atk|1\n|-boost|p2a: Dragapult|spe|1\n|move|p1b: Milotic|Coil|p1b: Milotic\n|-boost|p1b: Milotic|atk|1\n|-boost|p1b: Milotic|def|1\n|-boost|p1b: Milotic|accuracy|1\n|\n|upkeep\n|turn|2\n|j| VProfugus\n|\n|t:|1775960846\n|switch|p2b: Whimsicott|Whimsicott, L50, F|100/100\n|move|p2a: Dragapult|Protect|p2a: Dragapult\n|-singleturn|p2a: Dragapult|Protect\n|move|p1a: Sneasler|Close Combat|p2b: Whimsicott\n|-resisted|p2b: Whimsicott|1\n|-damage|p2b: Whimsicott|51/100\n|-unboost|p1a: Sneasler|def|1\n|-unboost|p1a: Sneasler|spd|1\n|-enditem|p1a: Sneasler|White Herb\n|-clearnegativeboost|p1a: Sneasler|[silent]\n|move|p1b: Milotic|Hypnosis|p2a: Dragapult\n|-activate|p2a: Dragapult|move: Protect\n|\n|upkeep\n|turn|3\n|inactive|520zhb has 30 seconds left.\n|l| VProfugus\n|j| multiammar\n|inactive|SpiderKash has 30 seconds left.\n|inactive|520zhb has 20 seconds left.\n|\n|t:|1775960885\n|move|p2b: Whimsicott|Tailwind|p2b: Whimsicott\n|-sidestart|p2: SpiderKash|move: Tailwind\n|move|p2a: Dragapult|Phantom Force||[still]\n|-prepare|p2a: Dragapult|Phantom Force\n|move|p1a: Sneasler|Dire Claw|p2a: Dragapult|[miss]\n|-miss|p1a: Sneasler|p2a: Dragapult\n|move|p1b: Milotic|Hypnosis|p2a: Dragapult|[miss]\n|-miss|p1b: Milotic|p2a: Dragapult\n|\n|upkeep\n|turn|4\n|\n|t:|1775960903\n|move|p2a: Dragapult|Phantom Force|p1a: Sneasler|[from] lockedmove\n|-damage|p1a: Sneasler|0 fnt\n|faint|p1a: Sneasler\n|move|p2b: Whimsicott|Moonblast|p1b: Milotic\n|-damage|p1b: Milotic|71/100\n|move|p1b: Milotic|Hypnosis|p2a: Dragapult|[miss]\n|-miss|p1b: Milotic|p2a: Dragapult\n|\n|-heal|p1b: Milotic|77/100|[from] item: Leftovers\n|upkeep\n|\n|t:|1775960916\n|switch|p1a: Aerodactyl|Aerodactyl, L50, F|100/100\n|-ability|p1a: Aerodactyl|Unnerve\n|turn|5\n|\n|t:|1775960925\n|move|p2a: Dragapult|Dragon Darts|p1a: Aerodactyl\n|-damage|p1a: Aerodactyl|25/100\n|-anim|p2a: Dragapult|Dragon Darts|p1b: Milotic\n|-damage|p1b: Milotic|44/100\n|move|p2b: Whimsicott|Moonblast|p1a: Aerodactyl\n|-damage|p1a: Aerodactyl|0 fnt\n|faint|p1a: Aerodactyl\n|move|p1b: Milotic|Hypnosis|p2b: Whimsicott\n|-status|p2b: Whimsicott|slp|[from] move: Hypnosis\n|\n|-heal|p1b: Milotic|50/100|[from] item: Leftovers\n|upkeep\n|j| Asheeeeeee\n|\n|t:|1775960938\n|switch|p1a: Floette|Floette-Eternal, L50, F|100/100\n|turn|6\n|\n|t:|1775960948\n|detailschange|p1a: Floette|Floette-Mega, L50, F\n|-mega|p1a: Floette|Floette|Floettite\n|-ability|p1a: Floette|Fairy Aura\n|move|p2a: Dragapult|Phantom Force||[still]\n|-prepare|p2a: Dragapult|Phantom Force\n|cant|p2b: Whimsicott|slp\n|move|p1a: Floette|Calm Mind|p1a: Floette\n|-boost|p1a: Floette|spa|1\n|-boost|p1a: Floette|spd|1\n|move|p1b: Milotic|Coil|p1b: Milotic\n|-boost|p1b: Milotic|atk|1\n|-boost|p1b: Milotic|def|1\n|-boost|p1b: Milotic|accuracy|1\n|\n|-heal|p1b: Milotic|56/100|[from] item: Leftovers\n|-sideend|p2: SpiderKash|move: Tailwind\n|upkeep\n|turn|7\n|j| MrSchrubelhupf\n|\n|t:|1775960972\n|cant|p2b: Whimsicott|slp\n|move|p2a: Dragapult|Phantom Force|p1a: Floette|[from] lockedmove\n|-damage|p1a: Floette|25/100\n|move|p1a: Floette|Dazzling Gleam|p2b: Whimsicott|[spread] p2a,p2b\n|-supereffective|p2a: Dragapult|1\n|-damage|p2a: Dragapult|0 fnt\n|-damage|p2b: Whimsicott|0 fnt\n|faint|p2a: Dragapult\n|faint|p2b: Whimsicott\n|move|p1b: Milotic|Coil|p1b: Milotic\n|-boost|p1b: Milotic|atk|1\n|-boost|p1b: Milotic|def|1\n|-boost|p1b: Milotic|accuracy|1\n|\n|-heal|p1b: Milotic|62/100|[from] item: Leftovers\n|upkeep\n|j| wShoyo\n|\n|t:|1775960976\n|switch|p2a: Floette|Floette-Eternal, L50, F|100/100\n|switch|p2b: Sneasler|Sneasler, L50, F|79/100\n|turn|8\n|l| wShoyo\n|\n|t:|1775960996\n|detailschange|p2a: Floette|Floette-Mega, L50, F\n|-mega|p2a: Floette|Floette|Floettite\n|-ability|p2a: Floette|Fairy Aura\n|move|p1a: Floette|Protect|p1a: Floette\n|-singleturn|p1a: Floette|Protect\n|move|p2b: Sneasler|Dire Claw|p1a: Floette\n|-activate|p1a: Floette|move: Protect\n|move|p2a: Floette|Moonblast|p1b: Milotic\n|-damage|p1b: Milotic|0 fnt\n|faint|p1b: Milotic\n|\n|upkeep\n|turn|9\n|j| Jackie67890\n|-message|520zhb forfeited.\n|\n|win|SpiderKash\n|raw|520zhb's rating: 1417 &rarr; <strong>1394</strong><br />(-23 for losing)\n|raw|SpiderKash's rating: 1357 &rarr; <strong>1380</strong><br />(+23 for winning)\n|l|\u2606520zhb\n|player|p1|\n",
  "uploadtime": 1775961019,
  "views": 55,
  "formatid": "gen9championsvgc2026regma",
  "rating": 1380,
  "private": 0,
  "password": null
}