{
  "id": "gen9championsvgc2026regma-2589402262",
  "format": "[Gen 9 Champions] VGC 2026 Reg M-A",
  "players": [
    "wiranvgc",
    "samyi123"
  ],
  "log": "|j|\u2606wiranvgc\n|j|\u2606samyi123\n|t:|1776720037\n|gametype|doubles\n|player|p1|wiranvgc|silver|1000\n|player|p2|samyi123|266|1038\n|gen|9\n|tier|[Gen 9 Champions] VGC 2026 Reg M-A\n|rated|\n|rule|Species Clause: Limit one of each Pok\u00e9mon\n|rule|Item Clause: Limit 1 of each item\n|clearpoke\n|poke|p1|Espathra, L50, M|\n|poke|p1|Floette-Eternal, L50, F|\n|poke|p1|Charizard, L50, F|\n|poke|p1|Sinistcha, L50|\n|poke|p1|Milotic, L50, F|\n|poke|p1|Sneasler, L50, F|\n|poke|p2|Scovillain, L50, F|\n|poke|p2|Dragapult, L50, F|\n|poke|p2|Aerodactyl, L50, M|\n|poke|p2|Basculegion, L50, M|\n|poke|p2|Glimmora, L50, F|\n|poke|p2|Gardevoir, L50, M|\n|teampreview|4\n|inactive|Battle timer is ON: inactive players will automatically lose when time's up. (requested by wiranvgc)\n|\n|t:|1776720068\n|teamsize|p1|4\n|teamsize|p2|4\n|start\n|switch|p1a: Sneasler|Sneasler, L50, F|100/100\n|switch|p1b: Espathra|Espathra, L50, M|100/100\n|switch|p2a: Glimmora|Glimmora, L50, F|100/100\n|switch|p2b: Aerodactyl|Aerodactyl, L50, M|100/100\n|-ability|p2b: Aerodactyl|Unnerve\n|turn|1\n|\n|t:|1776720085\n|move|p2a: Glimmora|Spiky Shield|p2a: Glimmora\n|-singleturn|p2a: Glimmora|move: Protect\n|move|p1a: Sneasler|Fake Out|p2b: Aerodactyl\n|-resisted|p2b: Aerodactyl|1\n|-damage|p2b: Aerodactyl|90/100\n|cant|p2b: Aerodactyl|flinch\n|move|p1b: Espathra|Calm Mind|p1b: Espathra\n|-boost|p1b: Espathra|spa|1\n|-boost|p1b: Espathra|spd|1\n|\n|-ability|p1b: Espathra|Speed Boost|boost\n|-boost|p1b: Espathra|spe|1\n|upkeep\n|turn|2\n|inactive|samyi123 has 30 seconds left.\n|\n|t:|1776720118\n|detailschange|p2a: Glimmora|Glimmora-Mega, L50, F\n|-mega|p2a: Glimmora|Glimmora|Glimmoranite\n|move|p1b: Espathra|Protect|p1b: Espathra\n|-singleturn|p1b: Espathra|Protect\n|move|p2b: Aerodactyl|Tailwind|p2b: Aerodactyl\n|-sidestart|p2: samyi123|move: Tailwind\n|move|p2a: Glimmora|Earth Power|p1a: Sneasler\n|-supereffective|p1a: Sneasler|1\n|-damage|p1a: Sneasler|8/100\n|move|p1a: Sneasler|Close Combat|p2b: Aerodactyl\n|-damage|p2b: Aerodactyl|0 fnt\n|-unboost|p1a: Sneasler|def|1\n|-unboost|p1a: Sneasler|spd|1\n|faint|p2b: Aerodactyl\n|-enditem|p1a: Sneasler|White Herb\n|-clearnegativeboost|p1a: Sneasler|[silent]\n|\n|-ability|p1b: Espathra|Speed Boost|boost\n|-boost|p1b: Espathra|spe|1\n|upkeep\n|\n|t:|1776720137\n|switch|p2b: Gardevoir|Gardevoir, L50, M|100/100\n|turn|3\n|\n|t:|1776720155\n|move|p1a: Sneasler|Dire Claw|p2b: Gardevoir\n|-supereffective|p2b: Gardevoir|1\n|-damage|p2b: Gardevoir|3/100\n|-enditem|p2b: Gardevoir|Sitrus Berry|[eat]\n|-heal|p2b: Gardevoir|28/100|[from] item: Sitrus Berry\n|move|p2a: Glimmora|Sludge Wave|p1a: Sneasler|[spread] p1a,p1b\n|-activate|p2b: Gardevoir|ability: Telepathy\n|-resisted|p1a: Sneasler|1\n|-damage|p1a: Sneasler|0 fnt\n|-damage|p1b: Espathra|53/100\n|faint|p1a: Sneasler\n|move|p1b: Espathra|Baton Pass|p1b: Espathra\n|\n|t:|1776720167\n|switch|p1b: Milotic|Milotic, L50, F|100/100|[from] Baton Pass\n|move|p2b: Gardevoir|Psyshock|p1b: Milotic\n|-damage|p1b: Milotic|75/100\n|\n|-heal|p1b: Milotic|81/100|[from] item: Leftovers\n|upkeep\n|\n|t:|1776720169\n|switch|p1a: Espathra|Espathra, L50, M|53/100\n|turn|4\n|inactive|samyi123 has 30 seconds left.\n|\n|t:|1776720197\n|move|p1a: Espathra|Protect|p1a: Espathra\n|-singleturn|p1a: Espathra|Protect\n|move|p2a: Glimmora|Power Gem|p1b: Milotic\n|-damage|p1b: Milotic|52/100\n|move|p1b: Milotic|Recover|p1b: Milotic\n|-heal|p1b: Milotic|100/100\n|move|p2b: Gardevoir|Psyshock|p1b: Milotic\n|-damage|p1b: Milotic|75/100\n|\n|-heal|p1b: Milotic|81/100|[from] item: Leftovers\n|-ability|p1a: Espathra|Speed Boost|boost\n|-boost|p1a: Espathra|spe|1\n|upkeep\n|turn|5\n|inactive|samyi123 has 30 seconds left.\n|\n|t:|1776720226\n|move|p2a: Glimmora|Sludge Wave|p1a: Espathra|[spread] p1a,p1b\n|-activate|p2b: Gardevoir|ability: Telepathy\n|-damage|p1a: Espathra|0 fnt\n|-damage|p1b: Milotic|51/100\n|faint|p1a: Espathra\n|move|p1b: Milotic|Scald|p2b: Gardevoir\n|-damage|p2b: Gardevoir|0 fnt\n|faint|p2b: Gardevoir\n|\n|-heal|p1b: Milotic|57/100|[from] item: Leftovers\n|-sideend|p2: samyi123|move: Tailwind\n|upkeep\n|\n|t:|1776720231\n|switch|p1a: Floette|Floette-Eternal, L50, F|100/100\n|switch|p2b: Dragapult|Dragapult, L50, F|100/100\n|turn|6\n|\n|t:|1776720244\n|detailschange|p1a: Floette|Floette-Mega, L50, F\n|-mega|p1a: Floette|Floette|Floettite\n|-ability|p1a: Floette|Fairy Aura\n|move|p2b: Dragapult|Light Screen|p2b: Dragapult\n|-sidestart|p2: samyi123|move: Light Screen\n|move|p1b: Milotic|Coil|p1b: Milotic\n|-boost|p1b: Milotic|atk|1\n|-boost|p1b: Milotic|def|1\n|-boost|p1b: Milotic|accuracy|1\n|move|p2a: Glimmora|Sludge Wave|p1a: Floette|[spread] p2b,p1a,p1b\n|-resisted|p2b: Dragapult|1\n|-supereffective|p1a: Floette|1\n|-damage|p2b: Dragapult|77/100\n|-damage|p1a: Floette|25/100\n|-damage|p1b: Milotic|28/100\n|move|p1a: Floette|Dazzling Gleam|p2a: Glimmora|[spread] p2a,p2b\n|-resisted|p2a: Glimmora|1\n|-supereffective|p2b: Dragapult|1\n|-damage|p2a: Glimmora|82/100\n|-damage|p2b: Dragapult|0 fnt\n|faint|p2b: Dragapult\n|\n|-heal|p1b: Milotic|34/100|[from] item: Leftovers\n|upkeep\n|turn|7\n|\n|t:|1776720265\n|move|p1a: Floette|Protect|p1a: Floette\n|-singleturn|p1a: Floette|Protect\n|move|p1b: Milotic|Recover|p1b: Milotic\n|-heal|p1b: Milotic|84/100\n|move|p2a: Glimmora|Sludge Wave|p1b: Milotic|[spread] p1b\n|-activate|p1a: Floette|move: Protect\n|-damage|p1b: Milotic|56/100\n|\n|-heal|p1b: Milotic|62/100|[from] item: Leftovers\n|upkeep\n|turn|8\n|\n|t:|1776720279\n|move|p1b: Milotic|Hypnosis|p2a: Glimmora\n|-status|p2a: Glimmora|slp|[from] move: Hypnosis\n|cant|p2a: Glimmora|slp\n|move|p1a: Floette|Moonblast|p2a: Glimmora\n|-resisted|p2a: Glimmora|1\n|-damage|p2a: Glimmora|51/100 slp\n|\n|-heal|p1b: Milotic|68/100|[from] item: Leftovers\n|upkeep\n|turn|9\n|\n|t:|1776720289\n|move|p1b: Milotic|Scald|p2a: Glimmora\n|-supereffective|p2a: Glimmora|1\n|-damage|p2a: Glimmora|0 fnt\n|faint|p2a: Glimmora\n|\n|win|wiranvgc\n|raw|wiranvgc's rating: 1000 &rarr; <strong>1044</strong><br />(+44 for winning)\n|raw|samyi123's rating: 1038 &rarr; <strong>1021</strong><br />(-17 for losing)\n|l|\u2606samyi123\n|player|p2|\n",
  "uploadtime": 1776720297,
  "views": 9,
  "formatid": "gen9championsvgc2026regma",
  "rating": 1021,
  "private": 0,
  "password": null
}