{
  "id": "gen9championsvgc2026regma-2583987116",
  "format": "[Gen 9 Champions] VGC 2026 Reg M-A",
  "players": [
    "potaajyu_jv",
    "Iceakazi"
  ],
  "log": "|j|\u2606potaajyu_jv\n|j|\u2606Iceakazi\n|t:|1776214405\n|gametype|doubles\n|player|p1|potaajyu_jv|cheryl|1044\n|player|p2|Iceakazi|169|1064\n|gen|9\n|tier|[Gen 9 Champions] VGC 2026 Reg M-A\n|rated|\n|rule|Species Clause: Limit one of each Pok\u00e9mon\n|rule|Item Clause: Limit 1 of each item\n|clearpoke\n|poke|p1|Primarina, L50, M|\n|poke|p1|Drampa, L50, F|\n|poke|p1|Sneasler, L50, F|\n|poke|p1|Sinistcha, L50|\n|poke|p1|Farigiraf, L50, M|\n|poke|p1|Crabominable, L50, F|\n|poke|p2|Heracross, L50, F|\n|poke|p2|Aerodactyl, L50, F|\n|poke|p2|Milotic, L50, M|\n|poke|p2|Incineroar, L50, M|\n|poke|p2|Aggron, L50, F|\n|poke|p2|Sinistcha, L50|\n|teampreview|4\nIceakazi rejected open team sheets.\n|\n|t:|1776214439\n|teamsize|p1|4\n|teamsize|p2|4\n|start\n|switch|p1a: \u30a2\u30b7\u30ec\u30fc\u30cc|Primarina, L50, M|100/100\n|switch|p1b: \u30ea\u30ad\u30ad\u30ea\u30f3|Farigiraf, L50, M|100/100\n|switch|p2a: Incineroar|Incineroar, L50, M|100/100\n|switch|p2b: Aerodactyl|Aerodactyl, L50, F|100/100\n|-ability|p2b: Aerodactyl|Unnerve\n|-ability|p2a: Incineroar|Intimidate|boost\n|-unboost|p1a: \u30a2\u30b7\u30ec\u30fc\u30cc|atk|1\n|-unboost|p1b: \u30ea\u30ad\u30ad\u30ea\u30f3|atk|1\n|turn|1\n|\n|t:|1776214463\n|move|p1b: \u30ea\u30ad\u30ad\u30ea\u30f3|Helping Hand|p1a: \u30a2\u30b7\u30ec\u30fc\u30cc\n|-singleturn|p1a: \u30a2\u30b7\u30ec\u30fc\u30cc|Helping Hand|[of] p1b: \u30ea\u30ad\u30ad\u30ea\u30f3\n|move|p2b: Aerodactyl|Dual Wingbeat|p1b: \u30ea\u30ad\u30ad\u30ea\u30f3\n|-damage|p1b: \u30ea\u30ad\u30ad\u30ea\u30f3|87/100\n|-damage|p1b: \u30ea\u30ad\u30ad\u30ea\u30f3|73/100\n|-hitcount|p1b: \u30ea\u30ad\u30ad\u30ea\u30f3|2\n|move|p2a: Incineroar|Darkest Lariat|p1b: \u30ea\u30ad\u30ad\u30ea\u30f3\n|-supereffective|p1b: \u30ea\u30ad\u30ad\u30ea\u30f3|1\n|-damage|p1b: \u30ea\u30ad\u30ad\u30ea\u30f3|11/100\n|move|p1a: \u30a2\u30b7\u30ec\u30fc\u30cc|Hyper Voice|p2a: Incineroar|[spread] p2a,p2b\n|-supereffective|p2a: Incineroar|1\n|-supereffective|p2b: Aerodactyl|1\n|-damage|p2a: Incineroar|0 fnt\n|-enditem|p2b: Aerodactyl|Focus Sash\n|-damage|p2b: Aerodactyl|1/100\n|faint|p2a: Incineroar\n|\n|upkeep\n|\n|t:|1776214488\n|switch|p2a: Heracross|Heracross, L50, F|100/100\n|turn|2\n|\n|t:|1776214501\n|detailschange|p2a: Heracross|Heracross-Mega, L50, F\n|-mega|p2a: Heracross|Heracross|Heracronite\n|move|p1a: \u30a2\u30b7\u30ec\u30fc\u30cc|Aqua Jet|p2b: Aerodactyl\n|-supereffective|p2b: Aerodactyl|1\n|-damage|p2b: Aerodactyl|0 fnt\n|-enditem|p1b: \u30ea\u30ad\u30ad\u30ea\u30f3|Sitrus Berry|[eat]\n|-heal|p1b: \u30ea\u30ad\u30ad\u30ea\u30f3|36/100|[from] item: Sitrus Berry\n|faint|p2b: Aerodactyl\n|move|p2a: Heracross|Bullet Seed|p1a: \u30a2\u30b7\u30ec\u30fc\u30cc\n|-supereffective|p1a: \u30a2\u30b7\u30ec\u30fc\u30cc|1\n|-damage|p1a: \u30a2\u30b7\u30ec\u30fc\u30cc|75/100\n|-supereffective|p1a: \u30a2\u30b7\u30ec\u30fc\u30cc|1\n|-damage|p1a: \u30a2\u30b7\u30ec\u30fc\u30cc|48/100\n|-supereffective|p1a: \u30a2\u30b7\u30ec\u30fc\u30cc|1\n|-damage|p1a: \u30a2\u30b7\u30ec\u30fc\u30cc|19/100\n|-supereffective|p1a: \u30a2\u30b7\u30ec\u30fc\u30cc|1\n|-damage|p1a: \u30a2\u30b7\u30ec\u30fc\u30cc|0 fnt\n|faint|p1a: \u30a2\u30b7\u30ec\u30fc\u30cc\n|-hitcount|p1: \u30a2\u30b7\u30ec\u30fc\u30cc|4\n|move|p1b: \u30ea\u30ad\u30ad\u30ea\u30f3|Trick Room|p1b: \u30ea\u30ad\u30ad\u30ea\u30f3\n|-fieldstart|move: Trick Room|[of] p1b: \u30ea\u30ad\u30ad\u30ea\u30f3\n|\n|upkeep\n|\n|t:|1776214524\n|switch|p1a: \u30e4\u30d0\u30bd\u30c1\u30e3|Sinistcha, L50|100/100\n|switch|p2b: Milotic|Milotic, L50, M|100/100\n|-heal|p1b: \u30ea\u30ad\u30ad\u30ea\u30f3|60/100|[from] ability: Hospitality|[of] p1a: \u30e4\u30d0\u30bd\u30c1\u30e3\n|turn|3\n|\n|t:|1776214538\n|move|p1b: \u30ea\u30ad\u30ad\u30ea\u30f3|Helping Hand|p1a: \u30e4\u30d0\u30bd\u30c1\u30e3\n|-singleturn|p1a: \u30e4\u30d0\u30bd\u30c1\u30e3|Helping Hand|[of] p1b: \u30ea\u30ad\u30ad\u30ea\u30f3\n|move|p1a: \u30e4\u30d0\u30bd\u30c1\u30e3|Matcha Gotcha|p2b: Milotic|[spread] p2a,p2b\n|-resisted|p2a: Heracross|1\n|-supereffective|p2b: Milotic|1\n|-damage|p2a: Heracross|83/100\n|-damage|p2b: Milotic|49/100\n|-status|p2a: Heracross|brn\n|-status|p2b: Milotic|brn\n|move|p2a: Heracross|Pin Missile|p1b: \u30ea\u30ad\u30ad\u30ea\u30f3\n|-supereffective|p1b: \u30ea\u30ad\u30ad\u30ea\u30f3|1\n|-damage|p1b: \u30ea\u30ad\u30ad\u30ea\u30f3|44/100\n|-supereffective|p1b: \u30ea\u30ad\u30ad\u30ea\u30f3|1\n|-damage|p1b: \u30ea\u30ad\u30ad\u30ea\u30f3|27/100\n|-supereffective|p1b: \u30ea\u30ad\u30ad\u30ea\u30f3|1\n|-damage|p1b: \u30ea\u30ad\u30ad\u30ea\u30f3|11/100\n|-supereffective|p1b: \u30ea\u30ad\u30ad\u30ea\u30f3|1\n|-damage|p1b: \u30ea\u30ad\u30ad\u30ea\u30f3|0 fnt\n|faint|p1b: \u30ea\u30ad\u30ad\u30ea\u30f3\n|-hitcount|p1: \u30ea\u30ad\u30ad\u30ea\u30f3|4\n|move|p2b: Milotic|Ice Beam|p1a: \u30e4\u30d0\u30bd\u30c1\u30e3\n|-supereffective|p1a: \u30e4\u30d0\u30bd\u30c1\u30e3|1\n|-damage|p1a: \u30e4\u30d0\u30bd\u30c1\u30e3|46/100\n|\n|-heal|p2b: Milotic|55/100 brn|[from] item: Leftovers\n|-damage|p2a: Heracross|77/100 brn|[from] brn\n|-damage|p2b: Milotic|49/100 brn|[from] brn\n|upkeep\n|\n|t:|1776214565\n|switch|p1b: \u30b1\u30b1\u30f3\u30ab\u30cb|Crabominable, L50, F|100/100\n|turn|4\n|\n|t:|1776214592\n|detailschange|p1b: \u30b1\u30b1\u30f3\u30ab\u30cb|Crabominable-Mega, L50, F\n|-mega|p1b: \u30b1\u30b1\u30f3\u30ab\u30cb|Crabominable|Crabominite\n|move|p2b: Milotic|Protect|p2b: Milotic\n|-singleturn|p2b: Milotic|Protect\n|move|p1b: \u30b1\u30b1\u30f3\u30ab\u30cb|Ice Hammer|p2a: Heracross\n|-damage|p2a: Heracross|4/100 brn\n|-unboost|p1b: \u30b1\u30b1\u30f3\u30ab\u30cb|spe|1\n|move|p1a: \u30e4\u30d0\u30bd\u30c1\u30e3|Matcha Gotcha|p2a: Heracross|[spread] p2a\n|-activate|p2b: Milotic|move: Protect\n|-resisted|p2a: Heracross|1\n|-damage|p2a: Heracross|0 fnt\n|-heal|p1a: \u30e4\u30d0\u30bd\u30c1\u30e3|48/100|[from] drain|[of] p2a: Heracross\n|faint|p2a: Heracross\n|\n|-heal|p2b: Milotic|55/100 brn|[from] item: Leftovers\n|-damage|p2b: Milotic|49/100 brn|[from] brn\n|upkeep\n|turn|5\n|-message|Iceakazi forfeited.\n|\n|win|potaajyu_jv\n|raw|potaajyu_jv's rating: 1044 &rarr; <strong>1079</strong><br />(+35 for winning)\n|raw|Iceakazi's rating: 1064 &rarr; <strong>1043</strong><br />(-21 for losing)\n|l|\u2606Iceakazi\n|player|p2|\n",
  "uploadtime": 1776214825,
  "views": 25,
  "formatid": "gen9championsvgc2026regma",
  "rating": 1043,
  "private": 0,
  "password": null
}