{
  "id": "gen9championsvgc2026regma-2580892419",
  "format": "[Gen 9 Champions] VGC 2026 Reg M-A",
  "players": [
    "Sanset0",
    "ranned bats"
  ],
  "log": "|j|\u2606Sanset0\n|j|\u2606ranned bats\n|t:|1775941062\n|gametype|doubles\n|player|p1|Sanset0|1|1066\n|player|p2|ranned bats|winona|1117\n|gen|9\n|tier|[Gen 9 Champions] VGC 2026 Reg M-A\n|rated|\n|rule|Species Clause: Limit one of each Pok\u00e9mon\n|rule|Item Clause: Limit 1 of each item\n|clearpoke\n|poke|p1|Incineroar, L50, F|\n|poke|p1|Gengar, L50, M|\n|poke|p1|Sneasler, L50, F|\n|poke|p1|Ninetales-Alola, L50, F|\n|poke|p1|Palafin, L50, M|\n|poke|p1|Sinistcha, L50|\n|poke|p2|Scizor, L50, M|\n|poke|p2|Venusaur, L50, F|\n|poke|p2|Charizard, L50, F|\n|poke|p2|Klefki, L50, F|\n|poke|p2|Basculegion, L50, M|\n|poke|p2|Goodra, L50, F|\n|teampreview|4\n|\n|t:|1775941101\n|teamsize|p1|4\n|teamsize|p2|4\n|start\n|switch|p1a: Incineroar|Incineroar, L50, F|100/100\n|switch|p1b: Palafin|Palafin, L50, M|100/100\n|switch|p2a: Venusaur|Venusaur, L50, F|100/100\n|switch|p2b: Charizard|Charizard, L50, F|100/100\n|-ability|p1a: Incineroar|Intimidate|boost\n|-unboost|p2a: Venusaur|atk|1\n|-unboost|p2b: Charizard|atk|1\n|turn|1\n|\n|t:|1775941127\n|switch|p2b: Scizor|Scizor, L50, M|100/100\n|move|p1a: Incineroar|Fake Out|p2a: Venusaur\n|-damage|p2a: Venusaur|86/100\n|move|p1b: Palafin|Flip Turn|p2b: Scizor\n|-damage|p2b: Scizor|82/100\n|\n|t:|1775941136\n|detailschange|p1b: Palafin|Palafin-Hero, L50, M\n|switch|p1b: Gengar|Gengar, L50, M|100/100|[from] Flip Turn\n|cant|p2a: Venusaur|flinch\n|\n|upkeep\n|turn|2\n|\n|t:|1775941154\n|switch|p2a: Charizard|Charizard, L50, F|100/100\n|move|p1b: Gengar|Protect|p1b: Gengar\n|-singleturn|p1b: Gengar|Protect\n|move|p2b: Scizor|Tailwind|p2b: Scizor\n|-sidestart|p2: ranned bats|move: Tailwind\n|move|p1a: Incineroar|Parting Shot|p2a: Charizard\n|-unboost|p2a: Charizard|atk|1\n|-unboost|p2a: Charizard|spa|1\n|\n|t:|1775941163\n|switch|p1a: Palafin|Palafin-Hero, L50, M|100/100|[from] Parting Shot\n|-activate|p1a: Palafin|ability: Zero to Hero\n|\n|upkeep\n|turn|3\n|\n|t:|1775941185\n|switch|p2b: Venusaur|Venusaur, L50, F|86/100\n|detailschange|p1b: Gengar|Gengar-Mega, L50, M\n|-mega|p1b: Gengar|Gengar|Gengarite\n|move|p1a: Palafin|Jet Punch|p2a: Charizard\n|-supereffective|p2a: Charizard|1\n|-enditem|p2a: Charizard|Focus Sash\n|-damage|p2a: Charizard|1/100\n|move|p2a: Charizard|Will-O-Wisp|p1a: Palafin|[miss]\n|-miss|p2a: Charizard|p1a: Palafin\n|move|p1b: Gengar|Perish Song|p1b: Gengar\n|-start|p1a: Palafin|perish3|[silent]\n|-start|p1b: Gengar|perish3|[silent]\n|-start|p2a: Charizard|perish3|[silent]\n|-start|p2b: Venusaur|perish3|[silent]\n|-fieldactivate|move: Perish Song\n|\n|-start|p2a: Charizard|perish3\n|-start|p1a: Palafin|perish3\n|-start|p2b: Venusaur|perish3\n|-start|p1b: Gengar|perish3\n|upkeep\n|turn|4\n|\n|t:|1775941204\n|detailschange|p2b: Venusaur|Venusaur-Mega, L50, F\n|-mega|p2b: Venusaur|Venusaur|Venusaurite\n|move|p1b: Gengar|Protect|p1b: Gengar\n|-singleturn|p1b: Gengar|Protect\n|move|p1a: Palafin|Jet Punch|p2a: Charizard\n|-supereffective|p2a: Charizard|1\n|-damage|p2a: Charizard|0 fnt\n|faint|p2a: Charizard\n|move|p2b: Venusaur|Giga Drain|p1a: Palafin\n|-supereffective|p1a: Palafin|1\n|-damage|p1a: Palafin|6/100\n|-heal|p2b: Venusaur|100/100|[from] drain|[of] p1a: Palafin\n|\n|-start|p1a: Palafin|perish2\n|-start|p2b: Venusaur|perish2\n|-start|p1b: Gengar|perish2\n|upkeep\n|\n|t:|1775941212\n|switch|p2a: Scizor|Scizor, L50, M|82/100\n|turn|5\n|\n|t:|1775941239\n|switch|p1a: Incineroar|Incineroar, L50, F|100/100\n|-ability|p1a: Incineroar|Intimidate|boost\n|-unboost|p2a: Scizor|atk|1\n|-unboost|p2b: Venusaur|atk|1\n|move|p2a: Scizor|Bullet Punch|p1a: Incineroar\n|-resisted|p1a: Incineroar|1\n|-damage|p1a: Incineroar|92/100\n|move|p2b: Venusaur|Giga Drain|p1b: Gengar\n|-resisted|p1b: Gengar|1\n|-damage|p1b: Gengar|76/100\n|move|p1b: Gengar|Sludge Bomb|p2b: Venusaur\n|-damage|p2b: Venusaur|54/100\n|\n|-start|p2b: Venusaur|perish1\n|-start|p1b: Gengar|perish1\n|-sideend|p2: ranned bats|move: Tailwind\n|upkeep\n|turn|6\n|\n|t:|1775941258\n|switch|p1b: Ninetales|Ninetales-Alola, L50, F|100/100\n|-weather|Snowscape|[from] ability: Snow Warning|[of] p1b: Ninetales\n|move|p1a: Incineroar|Fake Out|p2b: Venusaur\n|-damage|p2b: Venusaur|43/100\n|cant|p2b: Venusaur|flinch\n|move|p2a: Scizor|Tailwind|p2a: Scizor\n|-sidestart|p2: ranned bats|move: Tailwind\n|\n|-weather|Snowscape|[upkeep]\n|-start|p2b: Venusaur|perish0\n|faint|p2b: Venusaur\n|upkeep\n|\n|t:|1775941266\n|switch|p2b: Basculegion|Basculegion, L50, M|100/100\n|turn|7\n|\n|t:|1775941287\n|move|p1b: Ninetales|Protect|p1b: Ninetales\n|-singleturn|p1b: Ninetales|Protect\n|move|p2a: Scizor|Bullet Punch|p1b: Ninetales\n|-activate|p1b: Ninetales|move: Protect\n|move|p2b: Basculegion|Wave Crash|p1a: Incineroar\n|-supereffective|p1a: Incineroar|1\n|-damage|p1a: Incineroar|0 fnt\n|faint|p1a: Incineroar\n|-damage|p2b: Basculegion|72/100|[from] Recoil\n|\n|-weather|Snowscape|[upkeep]\n|upkeep\n|\n|t:|1775941296\n|switch|p1a: Gengar|Gengar-Mega, L50, M|76/100\n|turn|8\n|\n|t:|1775941326\n|move|p1a: Gengar|Protect|p1a: Gengar\n|-singleturn|p1a: Gengar|Protect\n|move|p2a: Scizor|Bullet Punch|p1b: Ninetales\n|-supereffective|p1b: Ninetales|2\n|-damage|p1b: Ninetales|12/100\n|move|p2b: Basculegion|Last Respects|p1a: Gengar\n|-activate|p1a: Gengar|move: Protect\n|move|p1b: Ninetales|Aurora Veil|p1b: Ninetales\n|-sidestart|p1: Sanset0|move: Aurora Veil\n|\n|-weather|Snowscape|[upkeep]\n|upkeep\n|turn|9\n|\n|t:|1775941342\n|switch|p1a: Palafin|Palafin-Hero, L50, M|6/100\n|move|p1b: Ninetales|Protect|p1b: Ninetales\n|-singleturn|p1b: Ninetales|Protect\n|move|p2a: Scizor|Bullet Punch|p1b: Ninetales\n|-activate|p1b: Ninetales|move: Protect\n|move|p2b: Basculegion|Last Respects|p1a: Palafin\n|-damage|p1a: Palafin|0 fnt\n|faint|p1a: Palafin\n|\n|-weather|Snowscape|[upkeep]\n|-sideend|p2: ranned bats|move: Tailwind\n|upkeep\n|\n|t:|1775941353\n|switch|p1a: Gengar|Gengar-Mega, L50, M|76/100\n|turn|10\n|\n|t:|1775941367\n|move|p2b: Basculegion|Protect|p2b: Basculegion\n|-singleturn|p2b: Basculegion|Protect\n|move|p1a: Gengar|Shadow Ball|p2b: Basculegion\n|-activate|p2b: Basculegion|move: Protect\n|move|p1b: Ninetales|Blizzard|p2b: Basculegion|[spread] p2a\n|-activate|p2b: Basculegion|move: Protect\n|-resisted|p2a: Scizor|1\n|-damage|p2a: Scizor|63/100\n|move|p2a: Scizor|Tailwind|p2a: Scizor\n|-sidestart|p2: ranned bats|move: Tailwind\n|\n|-weather|none\n|upkeep\n|turn|11\n|\n|t:|1775941385\n|move|p1a: Gengar|Protect|p1a: Gengar\n|-singleturn|p1a: Gengar|Protect\n|move|p2b: Basculegion|Aqua Jet|p1b: Ninetales\n|-damage|p1b: Ninetales|0 fnt\n|faint|p1b: Ninetales\n|move|p2a: Scizor|Roost|p2a: Scizor\n|-heal|p2a: Scizor|100/100\n|-singleturn|p2a: Scizor|move: Roost\n|\n|upkeep\n|turn|12\n|\n|t:|1775941398\n|move|p2a: Scizor|Bullet Punch|p1a: Gengar\n|-damage|p1a: Gengar|55/100\n|move|p2b: Basculegion|Last Respects|p1a: Gengar\n|-supereffective|p1a: Gengar|1\n|-damage|p1a: Gengar|0 fnt\n|faint|p1a: Gengar\n|\n|win|ranned bats\n|raw|Sanset0's rating: 1066 &rarr; <strong>1049</strong><br />(-17 for losing)\n|raw|ranned bats's rating: 1117 &rarr; <strong>1138</strong><br />(+21 for winning)\n",
  "uploadtime": 1775941404,
  "views": 18,
  "formatid": "gen9championsvgc2026regma",
  "rating": 1049,
  "private": 0,
  "password": null
}