{
  "id": "gen9championsvgc2026regma-2582883287",
  "format": "[Gen 9 Champions] VGC 2026 Reg M-A",
  "players": [
    "ThatOneGuy3241",
    "GoOurSeperateWays"
  ],
  "log": "|j|\u2606ThatOneGuy3241\n|j|\u2606GoOurSeperateWays\n|t:|1776121820\n|gametype|doubles\n|player|p1|ThatOneGuy3241|266|1047\n|player|p2|GoOurSeperateWays|biker-gen4|1000\n|gen|9\n|tier|[Gen 9 Champions] VGC 2026 Reg M-A\n|rated|\n|rule|Species Clause: Limit one of each Pok\u00e9mon\n|rule|Item Clause: Limit 1 of each item\n|clearpoke\n|poke|p1|Charizard, L50, M|\n|poke|p1|Venusaur, L50, F|\n|poke|p1|Incineroar, L50, M|\n|poke|p1|Sneasler, L50, F|\n|poke|p1|Aegislash, L50, F|\n|poke|p1|Garchomp, L50, M|\n|poke|p2|Maushold-Four, L50|\n|poke|p2|Chandelure, L50, F|\n|poke|p2|Sneasler, L50, F|\n|poke|p2|Talonflame, L50, M|\n|poke|p2|Rotom-Mow, L50|\n|poke|p2|Milotic, L50, F|\n|teampreview|4\n|\n|t:|1776121835\n|teamsize|p1|4\n|teamsize|p2|4\n|start\n|switch|p1a: Aegislash|Aegislash, L50, F|100/100\n|switch|p1b: Charizard|Charizard, L50, M|100/100\n|switch|p2a: Talonflame|Talonflame, L50, M|100/100\n|switch|p2b: Rotom|Rotom-Mow, L50|100/100\n|turn|1\n|\n|t:|1776121854\n|detailschange|p1b: Charizard|Charizard-Mega-Y, L50, M\n|-mega|p1b: Charizard|Charizard|Charizardite Y\n|-weather|SunnyDay|[from] ability: Drought|[of] p1b: Charizard\n|move|p1a: Aegislash|Wide Guard|p1a: Aegislash\n|-singleturn|p1a: Aegislash|Wide Guard\n|move|p2a: Talonflame|Tailwind|p2a: Talonflame\n|-sidestart|p2: GoOurSeperateWays|move: Tailwind\n|move|p2b: Rotom|Light Screen|p2b: Rotom\n|-sidestart|p2: GoOurSeperateWays|move: Light Screen\n|move|p1b: Charizard|Heat Wave|p2a: Talonflame|[spread] p2a,p2b\n|-resisted|p2a: Talonflame|1\n|-supereffective|p2b: Rotom|1\n|-damage|p2a: Talonflame|65/100\n|-damage|p2b: Rotom|0 fnt\n|faint|p2b: Rotom\n|\n|-weather|SunnyDay|[upkeep]\n|upkeep\n|\n|t:|1776121868\n|switch|p2b: Vin Diesel|Maushold-Four, L50|100/100\n|turn|2\n|\n|t:|1776121890\n|switch|p2a: Chandelure|Chandelure, L50, F|100/100\n|move|p1a: Aegislash|Wide Guard|p1a: Aegislash\n|-singleturn|p1a: Aegislash|Wide Guard\n|move|p2b: Vin Diesel|Follow Me|p2b: Vin Diesel\n|-singleturn|p2b: Vin Diesel|move: Follow Me\n|move|p1b: Charizard|Heat Wave|p2b: Vin Diesel|[spread] p2b\n|-start|p2a: Chandelure|ability: Flash Fire\n|-damage|p2b: Vin Diesel|39/100\n|\n|-weather|SunnyDay|[upkeep]\n|upkeep\n|turn|3\n|\n|t:|1776121930\n|detailschange|p2a: Chandelure|Chandelure-Mega, L50, F\n|-mega|p2a: Chandelure|Chandelure|Chandelurite\n|-end|p2a: Chandelure|ability: Flash Fire|[silent]\n|move|p1b: Charizard|Protect|p1b: Charizard\n|-singleturn|p1b: Charizard|Protect\n|move|p2b: Vin Diesel|Population Bomb|p1b: Charizard\n|-activate|p1b: Charizard|move: Protect\n|move|p2a: Chandelure|Shadow Ball|p1a: Aegislash\n|-supereffective|p1a: Aegislash|1\n|-damage|p1a: Aegislash|25/100\n|-formechange|p1a: Aegislash|Aegislash-Blade|\n|move|p1a: Aegislash|Shadow Ball|p2a: Chandelure\n|-supereffective|p2a: Chandelure|1\n|-damage|p2a: Chandelure|55/100\n|\n|-weather|SunnyDay|[upkeep]\n|upkeep\n|turn|4\n|\n|t:|1776121960\n|move|p2a: Chandelure|Protect|p2a: Chandelure\n|-singleturn|p2a: Chandelure|Protect\n|-formechange|p1a: Aegislash|Aegislash|\n|move|p1a: Aegislash|King's Shield|p1a: Aegislash\n|-singleturn|p1a: Aegislash|Protect\n|move|p2b: Vin Diesel|Population Bomb|p1b: Charizard\n|-damage|p1b: Charizard|88/100\n|-damage|p1b: Charizard|78/100\n|-damage|p1b: Charizard|66/100\n|-damage|p1b: Charizard|56/100\n|-damage|p1b: Charizard|46/100\n|-hitcount|p1b: Charizard|5\n|move|p1b: Charizard|Air Slash|p2a: Chandelure\n|-activate|p2a: Chandelure|move: Protect\n|\n|-weather|SunnyDay|[upkeep]\n|-sideend|p2: GoOurSeperateWays|move: Tailwind\n|upkeep\n|turn|5\n|\n|t:|1776121988\n|switch|p1a: Incineroar|Incineroar, L50, M|100/100\n|-ability|p1a: Incineroar|Intimidate|boost\n|-unboost|p2a: Chandelure|atk|1\n|-unboost|p2b: Vin Diesel|atk|1\n|move|p2b: Vin Diesel|Population Bomb|p1b: Charizard\n|-damage|p1b: Charizard|38/100\n|-hitcount|p1b: Charizard|1\n|cant|p1b: Charizard|flinch\n|move|p2a: Chandelure|Shadow Ball|p1b: Charizard\n|-damage|p1b: Charizard|0 fnt\n|faint|p1b: Charizard\n|\n|-weather|none\n|-sideend|p2: GoOurSeperateWays|move: Light Screen\n|upkeep\n|\n|t:|1776122010\n|switch|p1b: Aegislash|Aegislash, L50, F|25/100\n|turn|6\n|\n|t:|1776122024\n|move|p2a: Chandelure|Protect|p2a: Chandelure\n|-singleturn|p2a: Chandelure|Protect\n|move|p1b: Aegislash|King's Shield|p1b: Aegislash\n|-singleturn|p1b: Aegislash|Protect\n|move|p1a: Incineroar|Fake Out|p2b: Vin Diesel\n|-damage|p2b: Vin Diesel|21/100\n|cant|p2b: Vin Diesel|flinch\n|\n|upkeep\n|turn|7\n|\n|t:|1776122036\n|move|p2b: Vin Diesel|Taunt|p1b: Aegislash\n|-start|p1b: Aegislash|move: Taunt\n|move|p2a: Chandelure|Shadow Ball|p1b: Aegislash\n|-supereffective|p1b: Aegislash|1\n|-damage|p1b: Aegislash|0 fnt\n|faint|p1b: Aegislash\n|move|p1a: Incineroar|Flare Blitz|p2b: Vin Diesel\n|-damage|p2b: Vin Diesel|0 fnt\n|faint|p2b: Vin Diesel\n|-damage|p1a: Incineroar|95/100|[from] Recoil\n|\n|upkeep\n|\n|t:|1776122046\n|switch|p2b: Talonflame|Talonflame, L50, M|65/100\n|switch|p1b: Venusaur|Venusaur, L50, F|100/100\n|turn|8\n|\n|t:|1776122057\n|move|p2b: Talonflame|Tailwind|p2b: Talonflame\n|-sidestart|p2: GoOurSeperateWays|move: Tailwind\n|move|p2a: Chandelure|Heat Wave|p1a: Incineroar|[spread] p1a,p1b\n|-resisted|p1a: Incineroar|1\n|-supereffective|p1b: Venusaur|1\n|-damage|p1a: Incineroar|77/100\n|-damage|p1b: Venusaur|13/100\n|move|p1b: Venusaur|Sludge Wave|p2b: Talonflame|[spread] p1a,p2a,p2b\n|-resisted|p2a: Chandelure|1\n|-damage|p1a: Incineroar|54/100\n|-damage|p2a: Chandelure|39/100\n|-damage|p2b: Talonflame|18/100\n|move|p1a: Incineroar|Flare Blitz|p2b: Talonflame\n|-resisted|p2b: Talonflame|1\n|-damage|p2b: Talonflame|0 fnt\n|faint|p2b: Talonflame\n|-damage|p1a: Incineroar|49/100|[from] Recoil\n|-enditem|p1a: Incineroar|Sitrus Berry|[eat]\n|-heal|p1a: Incineroar|74/100|[from] item: Sitrus Berry\n|\n|-heal|p1b: Venusaur|18/100|[from] item: Leftovers\n|upkeep\n|turn|9\n|\n|t:|1776122078\n|move|p1b: Venusaur|Protect|p1b: Venusaur\n|-singleturn|p1b: Venusaur|Protect\n|move|p2a: Chandelure|Heat Wave|p1a: Incineroar|[spread] p1a\n|-activate|p1b: Venusaur|move: Protect\n|-resisted|p1a: Incineroar|1\n|-damage|p1a: Incineroar|55/100\n|move|p1a: Incineroar|Flare Blitz|p2a: Chandelure\n|-resisted|p2a: Chandelure|1\n|-damage|p2a: Chandelure|13/100\n|-damage|p1a: Incineroar|48/100|[from] Recoil\n|\n|-heal|p1b: Venusaur|24/100|[from] item: Leftovers\n|upkeep\n|turn|10\n|\n|t:|1776122095\n|move|p2a: Chandelure|Heat Wave|p1b: Venusaur|[spread] p1b\n|-miss|p2a: Chandelure|p1a: Incineroar\n|-supereffective|p1b: Venusaur|1\n|-damage|p1b: Venusaur|0 fnt\n|faint|p1b: Venusaur\n|move|p1a: Incineroar|Flare Blitz|p2a: Chandelure\n|-resisted|p2a: Chandelure|1\n|-damage|p2a: Chandelure|0 fnt\n|faint|p2a: Chandelure\n|-damage|p1a: Incineroar|45/100|[from] Recoil\n|\n|win|ThatOneGuy3241\n|raw|ThatOneGuy3241's rating: 1047 &rarr; <strong>1076</strong><br />(+29 for winning)\n|raw|GoOurSeperateWays's rating: 1000 &rarr; <strong>1000</strong><br />(+0 for losing)\n",
  "uploadtime": 1776122103,
  "views": 11,
  "formatid": "gen9championsvgc2026regma",
  "rating": 1000,
  "private": 0,
  "password": null
}