{
  "id": "gen9championsvgc2026regma-2586811342",
  "format": "[Gen 9 Champions] VGC 2026 Reg M-A",
  "players": [
    "adityanair212",
    "chudjfb"
  ],
  "log": "|j|\u2606adityanair212\n|j|\u2606chudjfb\n|t:|1776461848\n|gametype|doubles\n|player|p1|adityanair212|ghetsis-gen5bw|1100\n|player|p2|chudjfb|102|1079\n|gen|9\n|tier|[Gen 9 Champions] VGC 2026 Reg M-A\n|rated|\n|rule|Species Clause: Limit one of each Pok\u00e9mon\n|rule|Item Clause: Limit 1 of each item\n|clearpoke\n|poke|p1|Froslass, L50, F|\n|poke|p1|Garchomp, L50, M|\n|poke|p1|Rotom-Frost, L50|\n|poke|p1|Empoleon, L50, F|\n|poke|p1|Incineroar, L50, F|\n|poke|p1|Kingambit, L50, F|\n|poke|p2|Incineroar, L50, M|\n|poke|p2|Whimsicott, L50, M|\n|poke|p2|Basculegion, L50, M|\n|poke|p2|Sinistcha, L50|\n|poke|p2|Sneasler, L50, M|\n|poke|p2|Delphox, L50, F|\n|teampreview|4\n|\n|t:|1776461892\n|teamsize|p1|4\n|teamsize|p2|4\n|start\n|switch|p1a: Garchomp|Garchomp, L50, M|100/100\n|switch|p1b: Rotom|Rotom-Frost, L50|100/100\n|switch|p2a: Basculegion|Basculegion, L50, M|100/100\n|switch|p2b: Whimsicott|Whimsicott, L50, M|100/100\n|turn|1\n|\n|t:|1776461922\n|move|p2b: Whimsicott|Tailwind|p2b: Whimsicott\n|-sidestart|p2: chudjfb|move: Tailwind\n|move|p1b: Rotom|Electroweb|p2b: Whimsicott|[spread] p2a,p2b\n|-supereffective|p2a: Basculegion|1\n|-resisted|p2b: Whimsicott|1\n|-damage|p2a: Basculegion|66/100\n|-damage|p2b: Whimsicott|87/100\n|-unboost|p2a: Basculegion|spe|1\n|-unboost|p2b: Whimsicott|spe|1\n|move|p1a: Garchomp|Rock Slide|p2b: Whimsicott|[spread] p2a,p2b\n|-damage|p2a: Basculegion|45/100\n|-damage|p2b: Whimsicott|57/100\n|cant|p2a: Basculegion|flinch\n|\n|upkeep\n|turn|2\n|\n|t:|1776461947\n|move|p2b: Whimsicott|Moonblast|p1a: Garchomp\n|-supereffective|p1a: Garchomp|1\n|-damage|p1a: Garchomp|28/100\n|move|p1b: Rotom|Electroweb|p2b: Whimsicott|[spread] p2a,p2b\n|-supereffective|p2a: Basculegion|1\n|-resisted|p2b: Whimsicott|1\n|-damage|p2a: Basculegion|5/100\n|-damage|p2b: Whimsicott|42/100\n|-unboost|p2a: Basculegion|spe|1\n|-unboost|p2b: Whimsicott|spe|1\n|move|p1a: Garchomp|Rock Slide|p2b: Whimsicott|[spread] p2a,p2b\n|-damage|p2a: Basculegion|0 fnt\n|-damage|p2b: Whimsicott|11/100\n|faint|p2a: Basculegion\n|\n|upkeep\n|\n|t:|1776461962\n|switch|p2a: Delphox|Delphox, L50, F|100/100\n|turn|3\n|\n|t:|1776461978\n|detailschange|p2a: Delphox|Delphox-Mega, L50, F\n|-mega|p2a: Delphox|Delphox|Delphoxite\n|move|p2a: Delphox|Heat Wave|p1b: Rotom|[spread] \n|-miss|p2a: Delphox|p1a: Garchomp\n|-miss|p2a: Delphox|p1b: Rotom\n|move|p1b: Rotom|Electroweb|p2a: Delphox|[spread] p2a,p2b\n|-resisted|p2b: Whimsicott|1\n|-damage|p2a: Delphox|81/100\n|-damage|p2b: Whimsicott|0 fnt\n|-unboost|p2a: Delphox|spe|1\n|faint|p2b: Whimsicott\n|move|p1a: Garchomp|Rock Slide|p2a: Delphox\n|-supereffective|p2a: Delphox|1\n|-damage|p2a: Delphox|2/100\n|\n|upkeep\n|\n|t:|1776461993\n|switch|p2b: Sneasler|Sneasler, L50, M|100/100\n|turn|4\n|\n|t:|1776462001\n|move|p1a: Garchomp|Protect|p1a: Garchomp\n|-singleturn|p1a: Garchomp|Protect\n|move|p2b: Sneasler|Fake Out|p1b: Rotom\n|-damage|p1b: Rotom|81/100\n|move|p2a: Delphox|Heat Wave|p1b: Rotom|[spread] p1b\n|-activate|p1a: Garchomp|move: Protect\n|-supereffective|p1b: Rotom|1\n|-damage|p1b: Rotom|0 fnt\n|faint|p1b: Rotom\n|\n|-sideend|p2: chudjfb|move: Tailwind\n|upkeep\n|\n|t:|1776462014\n|switch|p1b: Froslass|Froslass, L50, F|100/100\n|turn|5\n|inactive|Battle timer is ON: inactive players will automatically lose when time's up. (requested by adityanair212)\n|\n|t:|1776462045\n|detailschange|p1b: Froslass|Froslass-Mega, L50, F\n|-mega|p1b: Froslass|Froslass|Froslassite\n|-weather|Snowscape|[from] ability: Snow Warning|[of] p1b: Froslass\n|move|p2b: Sneasler|Dire Claw|p1b: Froslass\n|-resisted|p1b: Froslass|1\n|-damage|p1b: Froslass|80/100\n|-status|p1b: Froslass|slp\n|cant|p1b: Froslass|slp\n|move|p1a: Garchomp|Rock Slide|p2a: Delphox|[spread] p2a\n|-miss|p1a: Garchomp|p2b: Sneasler\n|-supereffective|p2a: Delphox|1\n|-damage|p2a: Delphox|0 fnt\n|faint|p2a: Delphox\n|\n|-weather|Snowscape|[upkeep]\n|upkeep\n|turn|6\n|\n|t:|1776462066\n|-curestatus|p1b: Froslass|slp|[msg]\n|move|p1b: Froslass|Protect|p1b: Froslass\n|-singleturn|p1b: Froslass|Protect\n|move|p2b: Sneasler|Close Combat|p1a: Garchomp\n|-damage|p1a: Garchomp|0 fnt\n|-unboost|p2b: Sneasler|def|1\n|-unboost|p2b: Sneasler|spd|1\n|-damage|p2b: Sneasler|88/100|[from] ability: Rough Skin|[of] p1a: Garchomp\n|faint|p1a: Garchomp\n|-enditem|p2b: Sneasler|White Herb\n|-clearnegativeboost|p2b: Sneasler|[silent]\n|\n|-weather|Snowscape|[upkeep]\n|upkeep\n|\n|t:|1776462079\n|switch|p1a: Empoleon|Empoleon, L50, F|100/100\n|turn|7\n|\n|t:|1776462099\n|move|p2b: Sneasler|Dire Claw|p1b: Froslass\n|-resisted|p1b: Froslass|1\n|-damage|p1b: Froslass|56/100\n|-status|p1b: Froslass|psn\n|move|p1b: Froslass|Shadow Ball|p2b: Sneasler\n|-damage|p2b: Sneasler|25/100\n|-unboost|p2b: Sneasler|spd|1\n|move|p1a: Empoleon|Flash Cannon|p2b: Sneasler\n|-damage|p2b: Sneasler|0 fnt\n|faint|p2b: Sneasler\n|\n|win|adityanair212\n|raw|adityanair212's rating: 1100 &rarr; <strong>1123</strong><br />(+23 for winning)\n|raw|chudjfb's rating: 1079 &rarr; <strong>1058</strong><br />(-21 for losing)\n",
  "uploadtime": 1776462099,
  "views": 19,
  "formatid": "gen9championsvgc2026regma",
  "rating": 1058,
  "private": 0,
  "password": null
}