{
  "id": "gen9championsvgc2026regma-2586890698",
  "format": "[Gen 9 Champions] VGC 2026 Reg M-A",
  "players": [
    "BeTransThrowHands",
    "ouxiiiiiiiii mae"
  ],
  "log": "|j|\u2606BeTransThrowHands\n|j|\u2606ouxiiiiiiiii mae\n|t:|1776469005\n|gametype|doubles\n|player|p1|BeTransThrowHands|may-masters|1175\n|player|p2|ouxiiiiiiiii mae|gambler|1082\n|gen|9\n|tier|[Gen 9 Champions] VGC 2026 Reg M-A\n|rated|\n|rule|Species Clause: Limit one of each Pok\u00e9mon\n|rule|Item Clause: Limit 1 of each item\n|clearpoke\n|poke|p1|Clefable, L50, F|\n|poke|p1|Aerodactyl, L50, M|\n|poke|p1|Sneasler, L50, F|\n|poke|p1|Delphox, L50, F|\n|poke|p1|Aegislash, L50, F|\n|poke|p1|Whimsicott, L50, M|\n|poke|p2|Sneasler, L50, M|\n|poke|p2|Primarina, L50, M|\n|poke|p2|Jolteon, L50, F|\n|poke|p2|Maushold, L50|\n|poke|p2|Audino, L50, F|\n|poke|p2|Incineroar, L50, M|\n|teampreview|4\n|\n|t:|1776469050\n|teamsize|p1|4\n|teamsize|p2|4\n|start\n|switch|p1a: Sneasler|Sneasler, L50, F|100/100\n|switch|p1b: Delphox|Delphox, L50, F, shiny|100/100\n|switch|p2a: Sneasler|Sneasler, L50, M|100/100\n|switch|p2b: Raizin|Jolteon, L50, F|100/100\n|turn|1\n|\n|t:|1776469066\n|detailschange|p1b: Delphox|Delphox-Mega, L50, F, shiny\n|-mega|p1b: Delphox|Delphox|Delphoxite\n|move|p2a: Sneasler|Fake Out|p1b: Delphox\n|-damage|p1b: Delphox|78/100\n|move|p1a: Sneasler|Fake Out|p2b: Raizin\n|-damage|p2b: Raizin|73/100\n|cant|p2b: Raizin|flinch\n|cant|p1b: Delphox|flinch\n|\n|upkeep\n|turn|2\n|\n|t:|1776469087\n|switch|p2a: Prima darina|Primarina, L50, M, shiny|100/100\n|move|p2b: Raizin|Shadow Ball|p1b: Delphox\n|-supereffective|p1b: Delphox|1\n|-crit|p1b: Delphox\n|-damage|p1b: Delphox|0 fnt\n|faint|p1b: Delphox\n|move|p1a: Sneasler|Close Combat|p2a: Prima darina\n|-resisted|p2a: Prima darina|1\n|-damage|p2a: Prima darina|58/100\n|-unboost|p1a: Sneasler|def|1\n|-unboost|p1a: Sneasler|spd|1\n|-enditem|p1a: Sneasler|White Herb\n|-clearnegativeboost|p1a: Sneasler|[silent]\n|\n|upkeep\n|\n|t:|1776469102\n|switch|p1b: Clefable|Clefable, L50, F, shiny|100/100\n|turn|3\n|\n|t:|1776469133\n|switch|p2b: Sneasler|Sneasler, L50, M|100/100\n|move|p1a: Sneasler|Dire Claw|p2a: Prima darina\n|-supereffective|p2a: Prima darina|1\n|-damage|p2a: Prima darina|0 fnt\n|faint|p2a: Prima darina\n|move|p1b: Clefable|Moonblast|p2b: Sneasler\n|-damage|p2b: Sneasler|57/100\n|\n|upkeep\n|\n|t:|1776469143\n|switch|p2a: Raizin|Jolteon, L50, F|73/100\n|turn|4\n|\n|t:|1776469153\n|move|p1a: Sneasler|Protect|p1a: Sneasler\n|-singleturn|p1a: Sneasler|Protect\n|move|p1b: Clefable|Protect|p1b: Clefable\n|-singleturn|p1b: Clefable|Protect\n|move|p2b: Sneasler|Fake Out|p1a: Sneasler\n|-activate|p1a: Sneasler|move: Protect\n|move|p2a: Raizin|Thunderbolt|p1a: Sneasler\n|-activate|p1a: Sneasler|move: Protect\n|\n|upkeep\n|turn|5\n|\n|t:|1776469172\n|move|p1b: Clefable|Follow Me|p1b: Clefable\n|-singleturn|p1b: Clefable|move: Follow Me\n|move|p1a: Sneasler|Close Combat|p2a: Raizin\n|-damage|p2a: Raizin|0 fnt\n|-unboost|p1a: Sneasler|def|1\n|-unboost|p1a: Sneasler|spd|1\n|faint|p2a: Raizin\n|move|p2b: Sneasler|Dire Claw|p1b: Clefable\n|-supereffective|p1b: Clefable|1\n|-damage|p1b: Clefable|16/100\n|-enditem|p1b: Clefable|Sitrus Berry|[eat]\n|-heal|p1b: Clefable|41/100|[from] item: Sitrus Berry\n|\n|upkeep\n|\n|t:|1776469184\n|switch|p2a: Audrino|Audino, L50, F|100/100\n|turn|6\n|\n|t:|1776469216\n|detailschange|p2a: Audrino|Audino-Mega, L50, F\n|-mega|p2a: Audrino|Audino|Audinite\n|move|p1a: Sneasler|Protect|p1a: Sneasler\n|-singleturn|p1a: Sneasler|Protect\n|move|p1b: Clefable|Protect|p1b: Clefable\n|-singleturn|p1b: Clefable|Protect\n|move|p2b: Sneasler|Dire Claw|p1b: Clefable\n|-activate|p1b: Clefable|move: Protect\n|move|p2a: Audrino|Thunder Wave|p1a: Sneasler\n|-activate|p1a: Sneasler|move: Protect\n|\n|upkeep\n|turn|7\n|\n|t:|1776469229\n|move|p1b: Clefable|Follow Me|p1b: Clefable\n|-singleturn|p1b: Clefable|move: Follow Me\n|move|p1a: Sneasler|Dire Claw|p2a: Audrino\n|-supereffective|p2a: Audrino|1\n|-damage|p2a: Audrino|39/100\n|move|p2b: Sneasler|Dire Claw|p1b: Clefable\n|-supereffective|p1b: Clefable|1\n|-damage|p1b: Clefable|0 fnt\n|faint|p1b: Clefable\n|move|p2a: Audrino|Thunder Wave|p1a: Sneasler\n|-status|p1a: Sneasler|par\n|\n|upkeep\n|\n|t:|1776469239\n|switch|p1b: Aegislash|Aegislash, L50, F|100/100\n|turn|8\n|\n|t:|1776469259\n|move|p2b: Sneasler|Dire Claw|p1a: Sneasler\n|-resisted|p1a: Sneasler|1\n|-damage|p1a: Sneasler|50/100 par\n|move|p1a: Sneasler|Close Combat|p2b: Sneasler\n|-resisted|p2b: Sneasler|1\n|-damage|p2b: Sneasler|0 fnt\n|-unboost|p1a: Sneasler|def|1\n|-unboost|p1a: Sneasler|spd|1\n|faint|p2b: Sneasler\n|-formechange|p1b: Aegislash|Aegislash-Blade|\n|move|p1b: Aegislash|Sacred Sword|p2a: Audrino\n|-damage|p2a: Audrino|15/100\n|move|p2a: Audrino|Yawn|p1b: Aegislash\n|-start|p1b: Aegislash|move: Yawn|[of] p2a: Audrino\n|\n|upkeep\n|turn|9\n|-message|ouxiiiiiiiii mae forfeited.\n|\n|win|BeTransThrowHands\n|raw|BeTransThrowHands's rating: 1175 &rarr; <strong>1193</strong><br />(+18 for winning)\n|raw|ouxiiiiiiiii mae's rating: 1082 &rarr; <strong>1066</strong><br />(-16 for losing)\n|l|\u2606ouxiiiiiiiii mae\n|player|p2|\n",
  "uploadtime": 1776469273,
  "views": 23,
  "formatid": "gen9championsvgc2026regma",
  "rating": 1066,
  "private": 0,
  "password": null
}