{
  "id": "gen9championsvgc2026regma-2586858141",
  "format": "[Gen 9 Champions] VGC 2026 Reg M-A",
  "players": [
    "ALBUGBETO",
    "Jackal.dd"
  ],
  "log": "|j|\u2606ALBUGBETO\n|j|\u2606Jackal.dd\n|t:|1776465923\n|gametype|doubles\n|player|p1|ALBUGBETO|hiker|1103\n|player|p2|Jackal.dd|cheryl|1030\n|gen|9\n|tier|[Gen 9 Champions] VGC 2026 Reg M-A\n|rated|\n|rule|Species Clause: Limit one of each Pok\u00e9mon\n|rule|Item Clause: Limit 1 of each item\n|clearpoke\n|poke|p1|Drampa, L50, M|\n|poke|p1|Sinistcha-Masterpiece, L50|\n|poke|p1|Scizor, L50, M|\n|poke|p1|Alakazam, L50, F|\n|poke|p1|Pelipper, L50, M|\n|poke|p1|Basculegion, L50, M|\n|poke|p2|Froslass, L50, F|\n|poke|p2|Rotom-Frost, L50|\n|poke|p2|Garchomp, L50, F|\n|poke|p2|Incineroar, L50, F|\n|poke|p2|Empoleon, L50, F|\n|poke|p2|Kingambit, L50, F|\n|teampreview|4\n|inactive|Battle timer is ON: inactive players will automatically lose when time's up. (requested by ALBUGBETO)\n|inactive|ALBUGBETO has 60 seconds left.\n|\n|t:|1776465970\n|teamsize|p1|4\n|teamsize|p2|4\n|start\n|switch|p1a: Alakazam|Alakazam, L50, F|100/100\n|switch|p1b: Scizor|Scizor, L50, M|100/100\n|switch|p2a: Froslass|Froslass, L50, F|100/100\n|switch|p2b: Incineroar|Incineroar, L50, F|100/100\n|-ability|p2b: Incineroar|Intimidate|boost\n|-fail|p1a: Alakazam|unboost|Attack|[from] ability: Inner Focus|[of] p1a: Alakazam\n|-unboost|p1b: Scizor|atk|1\n|turn|1\n|inactive|ALBUGBETO has 30 seconds left.\n|\n|t:|1776466003\n|switch|p1b: Pelipper|Pelipper, L50, M|100/100\n|-weather|RainDance|[from] ability: Drizzle|[of] p1b: Pelipper\n|detailschange|p2a: Froslass|Froslass-Mega, L50, F\n|-mega|p2a: Froslass|Froslass|Froslassite\n|-weather|Snowscape|[from] ability: Snow Warning|[of] p2a: Froslass\n|move|p2b: Incineroar|Fake Out|p1b: Pelipper\n|-damage|p1b: Pelipper|84/100\n|move|p2a: Froslass|Aurora Veil|p2a: Froslass\n|-sidestart|p2: Jackal.dd|move: Aurora Veil\n|move|p1a: Alakazam|Reflect|p1a: Alakazam\n|-sidestart|p1: ALBUGBETO|Reflect\n|\n|-weather|Snowscape|[upkeep]\n|upkeep\n|turn|2\n|\n|t:|1776466019\n|switch|p1b: Scizor|Scizor, L50, M|100/100\n|move|p1a: Alakazam|Light Screen|p1a: Alakazam\n|-sidestart|p1: ALBUGBETO|move: Light Screen\n|move|p2a: Froslass|Blizzard|p1a: Alakazam|[spread] p1a,p1b\n|-resisted|p1b: Scizor|1\n|-damage|p1a: Alakazam|66/100\n|-damage|p1b: Scizor|83/100\n|move|p2b: Incineroar|Darkest Lariat|p1a: Alakazam\n|-supereffective|p1a: Alakazam|1\n|-enditem|p1a: Alakazam|Colbur Berry|[eat]\n|-enditem|p1a: Alakazam|Colbur Berry|[weaken]\n|-damage|p1a: Alakazam|7/100\n|\n|-weather|Snowscape|[upkeep]\n|upkeep\n|turn|3\n|\n|t:|1776466037\n|switch|p2a: Garchomp|Garchomp, L50, F|100/100\n|switch|p1a: Pelipper|Pelipper, L50, M|84/100\n|-weather|RainDance|[from] ability: Drizzle|[of] p1a: Pelipper\n|detailschange|p1b: Scizor|Scizor-Mega, L50, M\n|-mega|p1b: Scizor|Scizor|Scizorite\n|move|p1b: Scizor|Swords Dance|p1b: Scizor\n|-boost|p1b: Scizor|atk|2\n|move|p2b: Incineroar|Flare Blitz|p1b: Scizor\n|-supereffective|p1b: Scizor|2\n|-damage|p1b: Scizor|25/100\n|-damage|p2b: Incineroar|84/100|[from] Recoil\n|\n|-weather|RainDance|[upkeep]\n|upkeep\n|turn|4\n|\n|t:|1776466055\n|switch|p2b: Kingambit|Kingambit, L50, F|100/100\n|move|p2a: Garchomp|Rock Slide|p1b: Scizor|[spread] p1a,p1b\n|-supereffective|p1a: Pelipper|1\n|-damage|p1a: Pelipper|57/100\n|-damage|p1b: Scizor|16/100\n|move|p1b: Scizor|Bug Bite|p2b: Kingambit\n|-damage|p2b: Kingambit|30/100\n|move|p1a: Pelipper|Tailwind|p1a: Pelipper\n|-sidestart|p1: ALBUGBETO|move: Tailwind\n|\n|-weather|RainDance|[upkeep]\n|upkeep\n|turn|5\n|inactive|ALBUGBETO has 30 seconds left.\n|\n|t:|1776466090\n|move|p1b: Scizor|Protect|p1b: Scizor\n|-singleturn|p1b: Scizor|Protect\n|move|p2b: Kingambit|Sucker Punch||[still]\n|-fail|p2b: Kingambit\n|move|p1a: Pelipper|Hurricane|p2a: Garchomp\n|-damage|p2a: Garchomp|59/100\n|move|p2a: Garchomp|Rock Slide|p1a: Pelipper|[spread] p1a\n|-activate|p1b: Scizor|move: Protect\n|-supereffective|p1a: Pelipper|1\n|-damage|p1a: Pelipper|28/100\n|\n|-weather|RainDance|[upkeep]\n|-sideend|p1: ALBUGBETO|Reflect\n|-sideend|p2: Jackal.dd|move: Aurora Veil\n|upkeep\n|turn|6\n|inactive|ALBUGBETO has 30 seconds left.\n|\n|t:|1776466120\n|switch|p1b: Alakazam|Alakazam, L50, F|7/100\n|move|p2b: Kingambit|Sucker Punch||[still]\n|-fail|p2b: Kingambit\n|move|p1a: Pelipper|Weather Ball|p2b: Kingambit\n|-damage|p2b: Kingambit|0 fnt\n|faint|p2b: Kingambit\n|move|p2a: Garchomp|Rock Slide|p1a: Pelipper|[spread] p1a,p1b\n|-supereffective|p1a: Pelipper|1\n|-damage|p1a: Pelipper|0 fnt\n|-damage|p1b: Alakazam|0 fnt\n|faint|p1a: Pelipper\n|faint|p1b: Alakazam\n|\n|-weather|RainDance|[upkeep]\n|-sideend|p1: ALBUGBETO|move: Light Screen\n|upkeep\n|\n|t:|1776466133\n|switch|p1b: Basculegion|Basculegion, L50, M|100/100\n|switch|p2b: Froslass|Froslass-Mega, L50, F|100/100\n|switch|p1a: Scizor|Scizor-Mega, L50, M|16/100\n|-weather|Snowscape|[from] ability: Snow Warning|[of] p2b: Froslass\n|turn|7\n|\n|t:|1776466143\n|move|p2b: Froslass|Protect|p2b: Froslass\n|-singleturn|p2b: Froslass|Protect\n|move|p1a: Scizor|Bullet Punch|p2b: Froslass\n|-activate|p2b: Froslass|move: Protect\n|move|p1b: Basculegion|Last Respects|p2a: Garchomp\n|-damage|p2a: Garchomp|0 fnt\n|faint|p2a: Garchomp\n|\n|-weather|Snowscape|[upkeep]\n|-sideend|p1: ALBUGBETO|move: Tailwind\n|upkeep\n|\n|t:|1776466152\n|switch|p2a: Incineroar|Incineroar, L50, F|84/100\n|-ability|p2a: Incineroar|Intimidate|boost\n|-unboost|p1a: Scizor|atk|1\n|-unboost|p1b: Basculegion|atk|1\n|turn|8\n|\n|t:|1776466161\n|move|p2a: Incineroar|Fake Out|p1a: Scizor\n|-resisted|p1a: Scizor|1\n|-damage|p1a: Scizor|10/100\n|cant|p1a: Scizor|flinch\n|move|p2b: Froslass|Shadow Ball|p1b: Basculegion\n|-supereffective|p1b: Basculegion|1\n|-damage|p1b: Basculegion|0 fnt\n|faint|p1b: Basculegion\n|\n|-weather|Snowscape|[upkeep]\n|upkeep\n|turn|9\n|-message|ALBUGBETO forfeited.\n|\n|win|Jackal.dd\n|raw|ALBUGBETO's rating: 1103 &rarr; <strong>1073</strong><br />(-30 for losing)\n|raw|Jackal.dd's rating: 1030 &rarr; <strong>1073</strong><br />(+43 for winning)\n|l|\u2606ALBUGBETO\n|player|p1|\n",
  "uploadtime": 1776466174,
  "views": 25,
  "formatid": "gen9championsvgc2026regma",
  "rating": 1073,
  "private": 0,
  "password": null
}