{
  "id": "gen9championsvgc2026regma-2586897376",
  "format": "[Gen 9 Champions] VGC 2026 Reg M-A",
  "players": [
    "DBWaffles",
    "UtterlyIncapable"
  ],
  "log": "|j|\u2606DBWaffles\n|j|\u2606UtterlyIncapable\n|t:|1776469659\n|gametype|doubles\n|player|p1|DBWaffles|swimmer-gen4dp|1126\n|player|p2|UtterlyIncapable|firebreather|1150\n|gen|9\n|tier|[Gen 9 Champions] VGC 2026 Reg M-A\n|rated|\n|rule|Species Clause: Limit one of each Pok\u00e9mon\n|rule|Item Clause: Limit 1 of each item\n|clearpoke\n|poke|p1|Palafin, L50, F|\n|poke|p1|Incineroar, L50, F|\n|poke|p1|Whimsicott, L50, F|\n|poke|p1|Floette-Eternal, L50, F|\n|poke|p1|Garchomp, L50, M|\n|poke|p1|Scizor, L50, F|\n|poke|p2|Zoroark-Hisui, L50, F|\n|poke|p2|Whimsicott, L50, F|\n|poke|p2|Garchomp, L50, F|\n|poke|p2|Glimmora, L50, M|\n|poke|p2|Corviknight, L50, M|\n|poke|p2|Aegislash, L50, M|\n|teampreview|4\n|inactive|Battle timer is ON: inactive players will automatically lose when time's up. (requested by DBWaffles)\n|\n|t:|1776469708\n|teamsize|p1|4\n|teamsize|p2|4\n|start\n|switch|p1a: Palafin|Palafin, L50, F|100/100\n|switch|p1b: Incineroar|Incineroar, L50, F|100/100\n|switch|p2a: Glimmora|Glimmora, L50, M|100/100\n|switch|p2b: Corviknight|Corviknight, L50, M|100/100\n|-ability|p1b: Incineroar|Intimidate|boost\n|-unboost|p2a: Glimmora|atk|1\n|-ability|p2b: Corviknight|Mirror Armor\n|-unboost|p1b: Incineroar|atk|1\n|turn|1\n|\n|t:|1776469725\n|move|p2b: Corviknight|Protect|p2b: Corviknight\n|-singleturn|p2b: Corviknight|Protect\n|move|p1b: Incineroar|Fake Out|p2b: Corviknight\n|-activate|p2b: Corviknight|move: Protect\n|move|p2a: Glimmora|Substitute|p2a: Glimmora\n|-start|p2a: Glimmora|Substitute\n|-damage|p2a: Glimmora|76/100\n|move|p1a: Palafin|Flip Turn|p2b: Corviknight\n|-activate|p2b: Corviknight|move: Protect\n|\n|upkeep\n|turn|2\n|\n|t:|1776469746\n|detailschange|p2a: Glimmora|Glimmora-Mega, L50, M\n|-mega|p2a: Glimmora|Glimmora|Glimmoranite\n|move|p2a: Glimmora|Power Gem|p1a: Palafin\n|-damage|p1a: Palafin|39/100\n|move|p1a: Palafin|Flip Turn|p2b: Corviknight\n|-damage|p2b: Corviknight|82/100\n|\n|t:|1776469761\n|detailschange|p1a: Palafin|Palafin-Hero, L50, F\n|switch|p1a: Whimsicott|Whimsicott, L50, F|100/100|[from] Flip Turn\n|move|p2b: Corviknight|Iron Defense|p2b: Corviknight\n|-boost|p2b: Corviknight|def|2\n|move|p1b: Incineroar|Parting Shot|p2a: Glimmora\n|-unboost|p2a: Glimmora|atk|1\n|-unboost|p2a: Glimmora|spa|1\n|\n|t:|1776469773\n|switch|p1b: Palafin|Palafin-Hero, L50, F|39/100|[from] Parting Shot\n|-activate|p1b: Palafin|ability: Zero to Hero\n|\n|upkeep\n|turn|3\n|\n|t:|1776469781\n|move|p2b: Corviknight|Protect|p2b: Corviknight\n|-singleturn|p2b: Corviknight|Protect\n|move|p1a: Whimsicott|Encore|p2b: Corviknight\n|-activate|p2b: Corviknight|move: Protect\n|move|p1b: Palafin|Jet Punch|p2a: Glimmora\n|-supereffective|p2a: Glimmora|1\n|-end|p2a: Glimmora|Substitute\n|move|p2a: Glimmora|Power Gem|p1b: Palafin\n|-damage|p1b: Palafin|5/100\n|\n|upkeep\n|turn|4\n|\n|t:|1776469797\n|move|p2a: Glimmora|Spiky Shield|p2a: Glimmora\n|-singleturn|p2a: Glimmora|move: Protect\n|move|p1a: Whimsicott|Encore|p2b: Corviknight\n|-start|p2b: Corviknight|Encore\n|move|p2b: Corviknight|Protect||[still]\n|-fail|p2b: Corviknight\n|move|p1b: Palafin|Jet Punch|p2a: Glimmora\n|-activate|p2a: Glimmora|move: Protect\n|-damage|p1b: Palafin|0 fnt|[from] Spiky Shield|[of] p2a: Glimmora\n|faint|p1b: Palafin\n|\n|upkeep\n|\n|t:|1776469801\n|switch|p1b: Scizor|Scizor, L50, F|100/100\n|turn|5\n|\n|t:|1776469808\n|detailschange|p1b: Scizor|Scizor-Mega, L50, F\n|-mega|p1b: Scizor|Scizor|Scizorite\n|move|p2b: Corviknight|Protect|p2b: Corviknight\n|-singleturn|p2b: Corviknight|Protect\n|move|p1a: Whimsicott|Encore|p2a: Glimmora\n|-start|p2a: Glimmora|Encore\n|move|p2a: Glimmora|Spiky Shield||[still]\n|-fail|p2a: Glimmora\n|move|p1b: Scizor|Bullet Punch|p2a: Glimmora\n|-supereffective|p2a: Glimmora|1\n|-damage|p2a: Glimmora|12/100\n|\n|upkeep\n|turn|6\n|\n|t:|1776469826\n|move|p2a: Glimmora|Spiky Shield|p2a: Glimmora\n|-singleturn|p2a: Glimmora|move: Protect\n|move|p2b: Corviknight|Protect||[still]\n|-fail|p2b: Corviknight\n|move|p1a: Whimsicott|Tailwind|p1a: Whimsicott\n|-sidestart|p1: DBWaffles|move: Tailwind\n|move|p1b: Scizor|Bug Bite|p2b: Corviknight\n|-resisted|p2b: Corviknight|2\n|-damage|p2b: Corviknight|78/100\n|-enditem|p2b: Corviknight|Sitrus Berry|[from] stealeat|[move] Bug Bite|[of] p1b: Scizor\n|\n|-end|p2b: Corviknight|Encore\n|upkeep\n|turn|7\n|\n|t:|1776469841\n|switch|p2a: Whimsicott|Whimsicott, L50, F|100/100\n|move|p2b: Corviknight|Protect|p2b: Corviknight\n|-singleturn|p2b: Corviknight|Protect\n|move|p1a: Whimsicott|Encore|p2b: Corviknight\n|-activate|p2b: Corviknight|move: Protect\n|move|p1b: Scizor|Bullet Punch|p2a: Whimsicott\n|-supereffective|p2a: Whimsicott|1\n|-damage|p2a: Whimsicott|9/100\n|\n|upkeep\n|turn|8\n|\n|t:|1776469852\n|move|p1a: Whimsicott|Encore|p2b: Corviknight\n|-start|p2b: Corviknight|Encore\n|move|p2b: Corviknight|Protect||[still]\n|-fail|p2b: Corviknight\n|move|p1b: Scizor|Bullet Punch|p2a: Whimsicott\n|-supereffective|p2a: Whimsicott|1\n|-damage|p2a: Whimsicott|0 fnt\n|faint|p2a: Whimsicott\n|\n|upkeep\n|\n|t:|1776469855\n|switch|p2a: Garchomp|Garchomp, L50, F|100/100\n|turn|9\n|\n|t:|1776469871\n|move|p2b: Corviknight|Protect|p2b: Corviknight\n|-singleturn|p2b: Corviknight|Protect\n|move|p1a: Whimsicott|Moonblast|p2a: Garchomp\n|-supereffective|p2a: Garchomp|1\n|-damage|p2a: Garchomp|45/100\n|move|p2a: Garchomp|Earthquake|p1b: Scizor|[spread] p1a,p1b\n|-activate|p2b: Corviknight|move: Protect\n|-resisted|p1a: Whimsicott|1\n|-damage|p1a: Whimsicott|80/100\n|-damage|p1b: Scizor|72/100\n|move|p1b: Scizor|U-turn|p2a: Garchomp\n|-damage|p2a: Garchomp|0 fnt\n|-damage|p1b: Scizor|59/100|[from] ability: Rough Skin|[of] p2a: Garchomp\n|faint|p2a: Garchomp\n|\n|t:|1776469879\n|switch|p1b: Incineroar|Incineroar, L50, F|100/100|[from] U-turn\n|-ability|p1b: Incineroar|Intimidate|boost\n|-ability|p2b: Corviknight|Mirror Armor\n|-unboost|p1b: Incineroar|atk|1\n|\n|-heal|p1a: Whimsicott|86/100|[from] item: Leftovers\n|-end|p2b: Corviknight|Encore\n|-sideend|p1: DBWaffles|move: Tailwind\n|upkeep\n|\n|t:|1776469881\n|switch|p2a: Glimmora|Glimmora-Mega, L50, M|12/100\n|turn|10\n|\n|t:|1776469891\n|move|p1b: Incineroar|Fake Out|p2a: Glimmora\n|-resisted|p2a: Glimmora|1\n|-damage|p2a: Glimmora|8/100\n|move|p1a: Whimsicott|Encore||[still]\n|-fail|p1a: Whimsicott\n|cant|p2a: Glimmora|flinch\n|move|p2b: Corviknight|Iron Defense|p2b: Corviknight\n|-boost|p2b: Corviknight|def|2\n|\n|-heal|p1a: Whimsicott|92/100|[from] item: Leftovers\n|upkeep\n|turn|11\n|inactive|DBWaffles has 30 seconds left.\n|\n|t:|1776469916\n|switch|p1b: Scizor|Scizor-Mega, L50, F|59/100\n|move|p1a: Whimsicott|Encore|p2b: Corviknight\n|-start|p2b: Corviknight|Encore\n|move|p2a: Glimmora|Sludge Bomb|p1a: Whimsicott\n|-supereffective|p1a: Whimsicott|2\n|-damage|p1a: Whimsicott|0 fnt\n|faint|p1a: Whimsicott\n|move|p2b: Corviknight|Iron Defense|p2b: Corviknight\n|-boost|p2b: Corviknight|def|2\n|\n|upkeep\n|\n|t:|1776469920\n|switch|p1a: Incineroar|Incineroar, L50, F|100/100\n|-ability|p1a: Incineroar|Intimidate|boost\n|-unboost|p2a: Glimmora|atk|1\n|-ability|p2b: Corviknight|Mirror Armor\n|-unboost|p1a: Incineroar|atk|1\n|turn|12\n|\n|t:|1776469925\n|move|p2a: Glimmora|Spiky Shield|p2a: Glimmora\n|-singleturn|p2a: Glimmora|move: Protect\n|move|p1b: Scizor|Bullet Punch|p2a: Glimmora\n|-activate|p2a: Glimmora|move: Protect\n|-damage|p1b: Scizor|47/100|[from] Spiky Shield|[of] p2a: Glimmora\n|move|p2b: Corviknight|Iron Defense|p2b: Corviknight\n|-boost|p2b: Corviknight|def|0\n|move|p1a: Incineroar|Flare Blitz|p2b: Corviknight\n|-supereffective|p2b: Corviknight|1\n|-damage|p2b: Corviknight|68/100\n|-damage|p1a: Incineroar|97/100|[from] Recoil\n|\n|upkeep\n|turn|13\n|\n|t:|1776469930\n|move|p1b: Scizor|Bullet Punch|p2a: Glimmora\n|-supereffective|p2a: Glimmora|1\n|-damage|p2a: Glimmora|0 fnt\n|faint|p2a: Glimmora\n|move|p2b: Corviknight|Iron Defense|p2b: Corviknight\n|-boost|p2b: Corviknight|def|0\n|move|p1a: Incineroar|Flare Blitz|p2b: Corviknight\n|-supereffective|p2b: Corviknight|1\n|-damage|p2b: Corviknight|58/100\n|-damage|p1a: Incineroar|94/100|[from] Recoil\n|\n|-end|p2b: Corviknight|Encore\n|upkeep\n|turn|14\n|\n|t:|1776469939\n|move|p1b: Scizor|Bug Bite|p2b: Corviknight\n|-resisted|p2b: Corviknight|2\n|-damage|p2b: Corviknight|56/100\n|move|p2b: Corviknight|Body Press|p1a: Incineroar\n|-supereffective|p1a: Incineroar|1\n|-damage|p1a: Incineroar|0 fnt\n|faint|p1a: Incineroar\n|\n|upkeep\n|turn|15\n|-message|DBWaffles forfeited.\n|\n|win|UtterlyIncapable\n|raw|DBWaffles's rating: 1126 &rarr; <strong>1103</strong><br />(-23 for losing)\n|raw|UtterlyIncapable's rating: 1150 &rarr; <strong>1173</strong><br />(+23 for winning)\n|l|\u2606DBWaffles\n|player|p1|\n",
  "uploadtime": 1776469959,
  "views": 33,
  "formatid": "gen9championsvgc2026regma",
  "rating": 1103,
  "private": 0,
  "password": null
}