{
  "id": "gen9championsvgc2026regma-2583495331",
  "format": "[Gen 9 Champions] VGC 2026 Reg M-A",
  "players": [
    "afr_VGC",
    "chris466"
  ],
  "log": "|j|\u2606afr_VGC\n|j|\u2606chris466\n|t:|1776179280\n|gametype|doubles\n|player|p1|afr_VGC|266|1043\n|player|p2|chris466|red|1065\n|gen|9\n|tier|[Gen 9 Champions] VGC 2026 Reg M-A\n|rated|\n|rule|Species Clause: Limit one of each Pok\u00e9mon\n|rule|Item Clause: Limit 1 of each item\n|clearpoke\n|poke|p1|Golurk, L50|\n|poke|p1|Torkoal, L50, M|\n|poke|p1|Venusaur, L50, F|\n|poke|p1|Infernape, L50, M|\n|poke|p1|Sinistcha, L50|\n|poke|p1|Farigiraf, L50, F|\n|poke|p2|Meowstic-F, L50, F|\n|poke|p2|Golurk, L50|\n|poke|p2|Ninetales-Alola, L50, M|\n|poke|p2|Incineroar, L50, F|\n|poke|p2|Archaludon, L50, M|\n|poke|p2|Primarina, L50, M|\n|teampreview|4\n|\n|t:|1776179329\n|teamsize|p1|4\n|teamsize|p2|4\n|start\n|switch|p1a: Farigiraf|Farigiraf, L50, F|100/100\n|switch|p1b: Torkoal|Torkoal, L50, M, shiny|100/100\n|switch|p2a: Meowstic|Meowstic-F, L50, F|100/100\n|switch|p2b: Incineroar|Incineroar, L50, F|100/100\n|-ability|p2b: Incineroar|Intimidate|boost\n|-unboost|p1a: Farigiraf|atk|1\n|-unboost|p1b: Torkoal|atk|1\n|-weather|SunnyDay|[from] ability: Drought|[of] p1b: Torkoal\n|turn|1\n|\n|t:|1776179348\n|move|p1a: Farigiraf|Helping Hand|p1b: Torkoal\n|-singleturn|p1b: Torkoal|Helping Hand|[of] p1a: Farigiraf\n|move|p2a: Meowstic|Psychic|p1b: Torkoal\n|-damage|p1b: Torkoal|50/100\n|move|p2b: Incineroar|Parting Shot|p1b: Torkoal\n|-unboost|p1b: Torkoal|atk|1\n|-unboost|p1b: Torkoal|spa|1\n|\n|t:|1776179355\n|switch|p2b: Primarina|Primarina, L50, M|100/100|[from] Parting Shot\n|move|p1b: Torkoal|Eruption|p2a: Meowstic|[spread] p2a,p2b\n|-resisted|p2b: Primarina|1\n|-damage|p2a: Meowstic|39/100\n|-damage|p2b: Primarina|83/100\n|\n|-weather|SunnyDay|[upkeep]\n|-heal|p2b: Primarina|89/100|[from] item: Leftovers\n|upkeep\n|turn|2\n|\n|t:|1776179374\n|switch|p1a: Sinistcha|Sinistcha, L50|100/100\n|-heal|p1b: Torkoal|75/100|[from] ability: Hospitality|[of] p1a: Sinistcha\n|move|p1b: Torkoal|Protect|p1b: Torkoal\n|-singleturn|p1b: Torkoal|Protect\n|move|p2a: Meowstic|Thunderbolt|p1a: Sinistcha\n|-resisted|p1a: Sinistcha|1\n|-damage|p1a: Sinistcha|90/100\n|move|p2b: Primarina|Calm Mind|p2b: Primarina\n|-boost|p2b: Primarina|spa|1\n|-boost|p2b: Primarina|spd|1\n|\n|-weather|SunnyDay|[upkeep]\n|-heal|p2b: Primarina|95/100|[from] item: Leftovers\n|upkeep\n|turn|3\n|\n|t:|1776179408\n|switch|p1b: Farigiraf|Farigiraf, L50, F|100/100\n|move|p2a: Meowstic|Psychic|p1b: Farigiraf\n|-resisted|p1b: Farigiraf|1\n|-damage|p1b: Farigiraf|86/100\n|move|p1a: Sinistcha|Matcha Gotcha|p2a: Meowstic|[spread] p2a,p2b\n|-supereffective|p2b: Primarina|1\n|-damage|p2a: Meowstic|7/100\n|-heal|p1a: Sinistcha|100/100|[from] drain|[of] p2a: Meowstic\n|-damage|p2b: Primarina|68/100\n|move|p2b: Primarina|Calm Mind|p2b: Primarina\n|-boost|p2b: Primarina|spa|1\n|-boost|p2b: Primarina|spd|1\n|\n|-weather|SunnyDay|[upkeep]\n|-heal|p2b: Primarina|74/100|[from] item: Leftovers\n|upkeep\n|turn|4\n|\n|t:|1776179434\n|move|p2a: Meowstic|Psychic|p1a: Sinistcha\n|-damage|p1a: Sinistcha|65/100\n|move|p1a: Sinistcha|Matcha Gotcha|p2a: Meowstic|[spread] p2a,p2b\n|-supereffective|p2b: Primarina|1\n|-damage|p2a: Meowstic|0 fnt\n|-heal|p1a: Sinistcha|67/100|[from] drain|[of] p2a: Meowstic\n|-damage|p2b: Primarina|53/100\n|-heal|p1a: Sinistcha|78/100|[from] drain|[of] p2b: Primarina\n|faint|p2a: Meowstic\n|move|p1b: Farigiraf|Twin Beam|p2b: Primarina\n|-damage|p2b: Primarina|45/100\n|-damage|p2b: Primarina|37/100\n|-hitcount|p2b: Primarina|2\n|move|p2b: Primarina|Calm Mind|p2b: Primarina\n|-boost|p2b: Primarina|spa|1\n|-boost|p2b: Primarina|spd|1\n|\n|-weather|SunnyDay|[upkeep]\n|-heal|p2b: Primarina|43/100|[from] item: Leftovers\n|upkeep\n|\n|t:|1776179444\n|switch|p2a: Incineroar|Incineroar, L50, F|100/100\n|-ability|p2a: Incineroar|Intimidate|boost\n|-unboost|p1a: Sinistcha|atk|1\n|-unboost|p1b: Farigiraf|atk|1\n|turn|5\n|\n|t:|1776179462\n|move|p1b: Farigiraf|Protect|p1b: Farigiraf\n|-singleturn|p1b: Farigiraf|Protect\n|move|p2b: Primarina|Protect|p2b: Primarina\n|-singleturn|p2b: Primarina|Protect\n|move|p2a: Incineroar|Parting Shot|p1a: Sinistcha\n|-unboost|p1a: Sinistcha|atk|1\n|-unboost|p1a: Sinistcha|spa|1\n|\n|t:|1776179469\n|switch|p2a: Golurk|Golurk, L50|100/100|[from] Parting Shot\n|move|p1a: Sinistcha|Matcha Gotcha|p2b: Primarina|[spread] p2a\n|-activate|p2b: Primarina|move: Protect\n|-supereffective|p2a: Golurk|1\n|-damage|p2a: Golurk|66/100\n|-heal|p1a: Sinistcha|97/100|[from] drain|[of] p2a: Golurk\n|\n|-weather|none\n|-heal|p2b: Primarina|49/100|[from] item: Leftovers\n|upkeep\n|turn|6\n|inactive|Battle timer is ON: inactive players will automatically lose when time's up. (requested by chris466)\n|\n|t:|1776179493\n|detailschange|p2a: Golurk|Golurk-Mega, L50\n|-mega|p2a: Golurk|Golurk|Golurkite\n|move|p1a: Sinistcha|Protect|p1a: Sinistcha\n|-singleturn|p1a: Sinistcha|Protect\n|move|p2b: Primarina|Moonblast|p1b: Farigiraf\n|-damage|p1b: Farigiraf|3/100\n|move|p2a: Golurk|Poltergeist|p1a: Sinistcha\n|-activate|p1a: Sinistcha|move: Protect\n|move|p1b: Farigiraf|Trick Room|p1b: Farigiraf\n|-fieldstart|move: Trick Room|[of] p1b: Farigiraf\n|\n|-heal|p2b: Primarina|55/100|[from] item: Leftovers\n|upkeep\n|turn|7\n|\n|t:|1776179516\n|move|p2a: Golurk|Poltergeist|p1a: Sinistcha\n|-activate|p1a: Sinistcha|move: Poltergeist|Sitrus Berry\n|-supereffective|p1a: Sinistcha|1\n|-damage|p1a: Sinistcha|0 fnt\n|faint|p1a: Sinistcha\n|move|p2b: Primarina|Hyper Voice|p1b: Farigiraf\n|-damage|p1b: Farigiraf|0 fnt\n|faint|p1b: Farigiraf\n|\n|-heal|p2b: Primarina|60/100|[from] item: Leftovers\n|upkeep\n|\n|t:|1776179528\n|switch|p1b: Torkoal|Torkoal, L50, M, shiny|75/100\n|switch|p1a: Golurk|Golurk, L50|100/100\n|-weather|SunnyDay|[from] ability: Drought|[of] p1b: Torkoal\n|turn|8\n|\n|t:|1776179542\n|detailschange|p1a: Golurk|Golurk-Mega, L50\n|-mega|p1a: Golurk|Golurk|Golurkite\n|move|p2a: Golurk|Protect|p2a: Golurk\n|-singleturn|p2a: Golurk|Protect\n|move|p1b: Torkoal|Eruption|p2a: Golurk|[spread] p2b\n|-activate|p2a: Golurk|move: Protect\n|-resisted|p2b: Primarina|1\n|-damage|p2b: Primarina|50/100\n|move|p1a: Golurk|Ice Punch|p2a: Golurk\n|-supereffective|p2a: Golurk|1\n|-ability|p1a: Golurk|Unseen Fist\n|-zbroken|p2a: Golurk\n|-damage|p2a: Golurk|51/100\n|move|p2b: Primarina|Hyper Voice|p1a: Golurk|[spread] p1a,p1b\n|-supereffective|p1a: Golurk|1\n|-supereffective|p1b: Torkoal|1\n|-damage|p1a: Golurk|38/100\n|-damage|p1b: Torkoal|0 fnt\n|faint|p1b: Torkoal\n|\n|-weather|SunnyDay|[upkeep]\n|-heal|p2b: Primarina|56/100|[from] item: Leftovers\n|upkeep\n|turn|9\n|-message|afr_VGC forfeited.\n|\n|win|chris466\n|raw|afr_VGC's rating: 1043 &rarr; <strong>1028</strong><br />(-15 for losing)\n|raw|chris466's rating: 1065 &rarr; <strong>1093</strong><br />(+28 for winning)\n|l|\u2606afr_VGC\n|player|p1|\n",
  "uploadtime": 1776179564,
  "views": 17,
  "formatid": "gen9championsvgc2026regma",
  "rating": 1028,
  "private": 0,
  "password": null
}