{
  "id": "gen9championsvgc2026regma-2584357683",
  "format": "[Gen 9 Champions] VGC 2026 Reg M-A",
  "players": [
    "jadensucks",
    "B411zAndWeiners"
  ],
  "log": "|j|\u2606jadensucks\n|j|\u2606B411zAndWeiners\n|t:|1776254546\n|gametype|doubles\n|player|p1|jadensucks|firebreather|1106\n|player|p2|B411zAndWeiners|burgh|1019\n|gen|9\n|tier|[Gen 9 Champions] VGC 2026 Reg M-A\n|rated|\n|rule|Species Clause: Limit one of each Pok\u00e9mon\n|rule|Item Clause: Limit 1 of each item\n|clearpoke\n|poke|p1|Basculegion, L50, M|\n|poke|p1|Sneasler, L50, M|\n|poke|p1|Aerodactyl, L50, M|\n|poke|p1|Pelipper, L50, M|\n|poke|p1|Dragonite, L50, M|\n|poke|p1|Floette-Eternal, L50, F|\n|poke|p2|Farigiraf, L50, F|\n|poke|p2|Sneasler, L50, M|\n|poke|p2|Incineroar, L50, M|\n|poke|p2|Venusaur, L50, F|\n|poke|p2|Torkoal, L50, M|\n|poke|p2|Golurk, L50|\n|teampreview|4\n|inactive|Battle timer is ON: inactive players will automatically lose when time's up. (requested by jadensucks)\n|inactive|jadensucks has 60 seconds left.\n|inactive|B411zAndWeiners has 60 seconds left.\n|\n|t:|1776254585\n|teamsize|p1|4\n|teamsize|p2|4\n|start\n|switch|p1a: Aerodactyl|Aerodactyl, L50, M|100/100\n|switch|p1b: Basculegion|Basculegion, L50, M|100/100\n|switch|p2a: Incineroar|Incineroar, L50, M|100/100\n|switch|p2b: Farigiraf|Farigiraf, L50, F|100/100\n|-ability|p1a: Aerodactyl|Unnerve\n|-ability|p2a: Incineroar|Intimidate|boost\n|-unboost|p1a: Aerodactyl|atk|1\n|-unboost|p1b: Basculegion|atk|1\n|turn|1\n|\n|t:|1776254603\n|move|p2a: Incineroar|Fake Out|p1a: Aerodactyl\n|-resisted|p1a: Aerodactyl|1\n|-damage|p1a: Aerodactyl|92/100\n|cant|p1a: Aerodactyl|flinch\n|move|p1b: Basculegion|Agility|p1b: Basculegion\n|-boost|p1b: Basculegion|spe|2\n|move|p2b: Farigiraf|Trick Room|p2b: Farigiraf\n|-fieldstart|move: Trick Room|[of] p2b: Farigiraf\n|\n|upkeep\n|turn|2\n|inactive|B411zAndWeiners has 30 seconds left.\n|inactive|B411zAndWeiners has 20 seconds left.\n|inactive|B411zAndWeiners has 15 seconds left.\n|inactive|B411zAndWeiners has 10 seconds left.\n|\n|t:|1776254648\n|move|p1b: Basculegion|Protect|p1b: Basculegion\n|-singleturn|p1b: Basculegion|Protect\n|move|p2b: Farigiraf|Hyper Voice|p1a: Aerodactyl|[spread] p1a\n|-activate|p1b: Basculegion|move: Protect\n|-resisted|p1a: Aerodactyl|1\n|-damage|p1a: Aerodactyl|75/100\n|move|p2a: Incineroar|Darkest Lariat|p1b: Basculegion\n|-activate|p1b: Basculegion|move: Protect\n|move|p1a: Aerodactyl|Rock Slide|p2a: Incineroar|[spread] p2a,p2b\n|-supereffective|p2a: Incineroar|1\n|-damage|p2a: Incineroar|70/100\n|-damage|p2b: Farigiraf|89/100\n|\n|upkeep\n|turn|3\n|\n|t:|1776254666\n|switch|p1a: Sneasler|Sneasler, L50, M|100/100\n|move|p2b: Farigiraf|Psychic|p1b: Basculegion\n|-damage|p1b: Basculegion|63/100\n|-unboost|p1b: Basculegion|spd|1\n|move|p2a: Incineroar|Darkest Lariat|p1b: Basculegion\n|-supereffective|p1b: Basculegion|1\n|-damage|p1b: Basculegion|0 fnt\n|faint|p1b: Basculegion\n|\n|upkeep\n|\n|t:|1776254676\n|switch|p1b: Floette|Floette-Eternal, L50, F|100/100\n|turn|4\n|\n|t:|1776254684\n|detailschange|p1b: Floette|Floette-Mega, L50, F\n|-mega|p1b: Floette|Floette|Floettite\n|-ability|p1b: Floette|Fairy Aura\n|move|p2b: Farigiraf|Psychic|p1a: Sneasler\n|-supereffective|p1a: Sneasler|2\n|-damage|p1a: Sneasler|0 fnt\n|faint|p1a: Sneasler\n|move|p2a: Incineroar|Darkest Lariat|p1b: Floette\n|-resisted|p1b: Floette|1\n|-damage|p1b: Floette|77/100\n|move|p1b: Floette|Calm Mind|p1b: Floette\n|-boost|p1b: Floette|spa|1\n|-boost|p1b: Floette|spd|1\n|\n|upkeep\n|\n|t:|1776254690\n|switch|p1a: Aerodactyl|Aerodactyl, L50, M|75/100\n|-ability|p1a: Aerodactyl|Unnerve\n|turn|5\n|\n|t:|1776254711\n|move|p1b: Floette|Protect|p1b: Floette\n|-singleturn|p1b: Floette|Protect\n|move|p1a: Aerodactyl|Protect|p1a: Aerodactyl\n|-singleturn|p1a: Aerodactyl|Protect\n|move|p2b: Farigiraf|Psychic|p1a: Aerodactyl\n|-activate|p1a: Aerodactyl|move: Protect\n|move|p2a: Incineroar|Parting Shot|p1b: Floette\n|-activate|p1b: Floette|move: Protect\n|\n|-fieldend|move: Trick Room\n|upkeep\n|turn|6\n|\n|t:|1776254735\n|switch|p2a: Venusaur|Venusaur, L50, F|100/100\n|move|p2b: Farigiraf|Protect|p2b: Farigiraf\n|-singleturn|p2b: Farigiraf|Protect\n|move|p1a: Aerodactyl|Rock Slide|p2b: Farigiraf|[spread] p2a\n|-activate|p2b: Farigiraf|move: Protect\n|-damage|p2a: Venusaur|69/100\n|move|p1b: Floette|Dazzling Gleam|p2a: Venusaur|[spread] p2a\n|-activate|p2b: Farigiraf|move: Protect\n|-resisted|p2a: Venusaur|1\n|-damage|p2a: Venusaur|30/100\n|\n|upkeep\n|turn|7\n|\n|t:|1776254759\n|switch|p2b: Incineroar|Incineroar, L50, M|70/100\n|-ability|p2b: Incineroar|Intimidate|boost\n|-unboost|p1a: Aerodactyl|atk|1\n|-unboost|p1b: Floette|atk|1\n|move|p2a: Venusaur|Protect|p2a: Venusaur\n|-singleturn|p2a: Venusaur|Protect\n|move|p1a: Aerodactyl|Dual Wingbeat|p2a: Venusaur\n|-activate|p2a: Venusaur|move: Protect\n|move|p1b: Floette|Moonblast|p2b: Incineroar\n|-damage|p2b: Incineroar|0 fnt\n|faint|p2b: Incineroar\n|\n|upkeep\n|\n|t:|1776254777\n|switch|p2b: Golurk|Golurk, L50|100/100\n|turn|8\n|\n|t:|1776254794\n|detailschange|p2b: Golurk|Golurk-Mega, L50\n|-mega|p2b: Golurk|Golurk|Golurkite\n|move|p1a: Aerodactyl|Dual Wingbeat|p2b: Golurk\n|-damage|p2b: Golurk|89/100\n|-damage|p2b: Golurk|77/100\n|-hitcount|p2b: Golurk|2\n|move|p1b: Floette|Dazzling Gleam|p2b: Golurk|[spread] p2a,p2b\n|-resisted|p2a: Venusaur|1\n|-damage|p2a: Venusaur|0 fnt\n|-damage|p2b: Golurk|17/100\n|faint|p2a: Venusaur\n|move|p2b: Golurk|Poltergeist|p1a: Aerodactyl\n|-activate|p1a: Aerodactyl|move: Poltergeist|Focus Sash\n|-damage|p1a: Aerodactyl|0 fnt\n|faint|p1a: Aerodactyl\n|\n|upkeep\n|\n|t:|1776254810\n|switch|p2a: Farigiraf|Farigiraf, L50, F|89/100\n|turn|9\n|\n|t:|1776254815\n|move|p2b: Golurk|Protect|p2b: Golurk\n|-singleturn|p2b: Golurk|Protect\n|move|p1b: Floette|Dazzling Gleam|p2a: Farigiraf|[spread] p2a\n|-activate|p2b: Golurk|move: Protect\n|-damage|p2a: Farigiraf|13/100\n|move|p2a: Farigiraf|Trick Room|p2a: Farigiraf\n|-fieldstart|move: Trick Room|[of] p2a: Farigiraf\n|\n|upkeep\n|turn|10\n|\n|t:|1776254827\n|move|p2b: Golurk|Poltergeist|p1b: Floette\n|-activate|p1b: Floette|move: Poltergeist|Floettite\n|-damage|p1b: Floette|0 fnt\n|faint|p1b: Floette\n|\n|win|B411zAndWeiners\n|raw|jadensucks's rating: 1106 &rarr; <strong>1075</strong><br />(-31 for losing)\n|raw|B411zAndWeiners's rating: 1019 &rarr; <strong>1065</strong><br />(+46 for winning)\n|l|\u2606jadensucks\n|player|p1|\n",
  "uploadtime": 1776254843,
  "views": 34,
  "formatid": "gen9championsvgc2026regma",
  "rating": 1065,
  "private": 0,
  "password": null
}