{
  "id": "gen9championsvgc2026regma-2582241469",
  "format": "[Gen 9 Champions] VGC 2026 Reg M-A",
  "players": [
    "spreeding",
    "Lit0re"
  ],
  "log": "|j|\u2606spreeding\n|j|\u2606Lit0re\n|t:|1776075179\n|gametype|doubles\n|player|p1|spreeding|valerie|1029\n|player|p2|Lit0re|1|1037\n|gen|9\n|tier|[Gen 9 Champions] VGC 2026 Reg M-A\n|rated|\n|rule|Species Clause: Limit one of each Pok\u00e9mon\n|rule|Item Clause: Limit 1 of each item\n|clearpoke\n|poke|p1|Crabominable, L50, F|\n|poke|p1|Hatterene, L50, F|\n|poke|p1|Aegislash, L50, F|\n|poke|p1|Incineroar, L50, F|\n|poke|p1|Primarina, L50, M|\n|poke|p1|Slowking-Galar, L50, F|\n|poke|p2|Tyranitar, L50, F|\n|poke|p2|Excadrill, L50, F|\n|poke|p2|Incineroar, L50, F|\n|poke|p2|Aegislash, L50, F|\n|poke|p2|Maushold, L50|\n|poke|p2|Rotom-Wash, L50|\n|teampreview|4\n|inactive|Battle timer is ON: inactive players will automatically lose when time's up. (requested by spreeding)\n|\n|t:|1776075247\n|teamsize|p1|4\n|teamsize|p2|4\n|start\n|switch|p1a: Hatterene|Hatterene, L50, F|100/100\n|switch|p1b: Slowking|Slowking-Galar, L50, F|100/100\n|switch|p2a: Incineroar|Incineroar, L50, F|100/100\n|switch|p2b: Tyranitar|Tyranitar, L50, F|100/100\n|-weather|Sandstorm|[from] ability: Sand Stream|[of] p2b: Tyranitar\n|-ability|p2a: Incineroar|Intimidate|boost\n|-unboost|p1a: Hatterene|atk|1\n|-unboost|p1b: Slowking|atk|1\n|turn|1\n|inactive|Lit0re has 30 seconds left.\n|\n|t:|1776075274\n|move|p1a: Hatterene|Protect|p1a: Hatterene\n|-singleturn|p1a: Hatterene|Protect\n|move|p2a: Incineroar|Fake Out|p1a: Hatterene\n|-activate|p1a: Hatterene|move: Protect\n|move|p2b: Tyranitar|Knock Off|p1b: Slowking\n|-supereffective|p1b: Slowking|1\n|-enditem|p1b: Slowking|Colbur Berry|[eat]\n|-enditem|p1b: Slowking|Colbur Berry|[weaken]\n|-damage|p1b: Slowking|54/100\n|-prepare|p1b: Slowking|Chilly Reception|[premajor]\n|move|p1b: Slowking|Chilly Reception|p1b: Slowking\n|-weather|Snowscape\n|\n|t:|1776075285\n|switch|p1b: Primarina|Primarina, L50, M|100/100|[from] Chilly Reception\n|\n|-weather|Snowscape|[upkeep]\n|upkeep\n|turn|2\n|inactive|Lit0re has 30 seconds left.\n|\n|t:|1776075313\n|switch|p2b: Rotom|Rotom-Wash, L50|100/100\n|move|p2a: Incineroar|Parting Shot|p1b: Primarina\n|-unboost|p1b: Primarina|atk|1\n|-unboost|p1b: Primarina|spa|1\n|\n|t:|1776075323\n|switch|p2a: Tyranitar|Tyranitar, L50, F|100/100|[from] Parting Shot\n|-weather|Sandstorm|[from] ability: Sand Stream|[of] p2a: Tyranitar\n|move|p1b: Primarina|Hyper Voice|p2a: Tyranitar|[spread] p2a,p2b\n|-supereffective|p2a: Tyranitar|1\n|-resisted|p2b: Rotom|1\n|-damage|p2a: Tyranitar|59/100\n|-damage|p2b: Rotom|82/100\n|move|p1a: Hatterene|Trick Room|p1a: Hatterene\n|-fieldstart|move: Trick Room|[of] p1a: Hatterene\n|\n|-weather|Sandstorm|[upkeep]\n|-damage|p1a: Hatterene|94/100|[from] Sandstorm\n|-damage|p1b: Primarina|95/100|[from] Sandstorm\n|-damage|p2b: Rotom|76/100|[from] Sandstorm\n|-heal|p1a: Hatterene|100/100|[from] item: Leftovers\n|-heal|p2b: Rotom|82/100|[from] item: Leftovers\n|upkeep\n|turn|3\n|\n|t:|1776075347\n|switch|p1b: Slowking|Slowking-Galar, L50, F|88/100\n|move|p2a: Tyranitar|Protect|p2a: Tyranitar\n|-singleturn|p2a: Tyranitar|Protect\n|move|p1a: Hatterene|Dazzling Gleam|p2b: Rotom|[spread] p2b\n|-activate|p2a: Tyranitar|move: Protect\n|-damage|p2b: Rotom|34/100\n|move|p2b: Rotom|Thunderbolt|p1b: Slowking\n|-damage|p1b: Slowking|53/100\n|\n|-weather|Sandstorm|[upkeep]\n|-damage|p1a: Hatterene|94/100|[from] Sandstorm\n|-damage|p1b: Slowking|47/100|[from] Sandstorm\n|-damage|p2b: Rotom|28/100|[from] Sandstorm\n|-heal|p1a: Hatterene|100/100|[from] item: Leftovers\n|-heal|p2b: Rotom|34/100|[from] item: Leftovers\n|upkeep\n|turn|4\n|inactive|Lit0re has 30 seconds left.\n|inactive|spreeding has 30 seconds left.\n|\n|t:|1776075379\n|switch|p2b: Incineroar|Incineroar, L50, F|100/100\n|-ability|p2b: Incineroar|Intimidate|boost\n|-unboost|p1a: Hatterene|atk|1\n|-unboost|p1b: Slowking|atk|1\n|move|p1a: Hatterene|Dazzling Gleam|p2b: Incineroar|[spread] p2a,p2b\n|-supereffective|p2a: Tyranitar|1\n|-damage|p2a: Tyranitar|15/100\n|-damage|p2b: Incineroar|73/100\n|move|p1b: Slowking|Disable||[still]\n|-fail|p1b: Slowking\n|move|p2a: Tyranitar|Knock Off|p1b: Slowking\n|-supereffective|p1b: Slowking|1\n|-damage|p1b: Slowking|0 fnt\n|faint|p1b: Slowking\n|\n|-weather|Sandstorm|[upkeep]\n|-damage|p1a: Hatterene|94/100|[from] Sandstorm\n|-damage|p2b: Incineroar|67/100|[from] Sandstorm\n|-heal|p1a: Hatterene|100/100|[from] item: Leftovers\n|upkeep\n|\n|t:|1776075387\n|switch|p1b: Crabominable|Crabominable, L50, F|100/100\n|turn|5\n|inactive|Lit0re has 30 seconds left.\n|inactive|Lit0re has 20 seconds left.\n|\n|t:|1776075424\n|switch|p1a: Primarina|Primarina, L50, M|95/100\n|detailschange|p1b: Crabominable|Crabominable-Mega, L50, F\n|-mega|p1b: Crabominable|Crabominable|Crabominite\n|move|p1b: Crabominable|Protect|p1b: Crabominable\n|-singleturn|p1b: Crabominable|Protect\n|move|p2b: Incineroar|Flare Blitz|p1b: Crabominable\n|-activate|p1b: Crabominable|move: Protect\n|move|p2a: Tyranitar|Low Kick|p1b: Crabominable\n|-activate|p1b: Crabominable|move: Protect\n|\n|-weather|Sandstorm|[upkeep]\n|-damage|p1b: Crabominable|94/100|[from] Sandstorm\n|-damage|p1a: Primarina|89/100|[from] Sandstorm\n|-damage|p2b: Incineroar|61/100|[from] Sandstorm\n|upkeep\n|turn|6\n|\n|t:|1776075447\n|move|p2a: Tyranitar|Protect|p2a: Tyranitar\n|-singleturn|p2a: Tyranitar|Protect\n|move|p1b: Crabominable|Drain Punch|p2b: Incineroar\n|-supereffective|p2b: Incineroar|1\n|-damage|p2b: Incineroar|0 fnt\n|-heal|p1b: Crabominable|100/100|[from] drain|[of] p2b: Incineroar\n|faint|p2b: Incineroar\n|move|p1a: Primarina|Hyper Voice|p2a: Tyranitar\n|-activate|p2a: Tyranitar|move: Protect\n|\n|-weather|none\n|-fieldend|move: Trick Room\n|upkeep\n|\n|t:|1776075460\n|switch|p2b: Excadrill|Excadrill, L50, F|100/100\n|turn|7\n|\n|t:|1776075482\n|detailschange|p2b: Excadrill|Excadrill-Mega, L50, F\n|-mega|p2b: Excadrill|Excadrill|Excadrite\n|move|p2b: Excadrill|Iron Head|p1a: Primarina\n|-damage|p1a: Primarina|20/100\n|move|p2a: Tyranitar|Low Kick|p1b: Crabominable\n|-supereffective|p1b: Crabominable|1\n|-damage|p1b: Crabominable|19/100\n|move|p1a: Primarina|Hyper Voice|p2a: Tyranitar|[spread] p2a,p2b\n|-supereffective|p2a: Tyranitar|1\n|-supereffective|p2b: Excadrill|1\n|-damage|p2a: Tyranitar|0 fnt\n|-damage|p2b: Excadrill|0 fnt\n|faint|p2a: Tyranitar\n|faint|p2b: Excadrill\n|move|p1b: Crabominable|Drain Punch|p2: Tyranitar|[notarget]\n|-fail|p1b: Crabominable\n|\n|upkeep\n|\n|t:|1776075500\n|switch|p2b: Rotom|Rotom-Wash, L50|34/100\n|turn|8\n|\n|t:|1776075516\n|move|p1a: Primarina|Protect|p1a: Primarina\n|-singleturn|p1a: Primarina|Protect\n|move|p2b: Rotom|Thunderbolt|p1a: Primarina\n|-activate|p1a: Primarina|move: Protect\n|move|p1b: Crabominable|Drain Punch|p2b: Rotom\n|-damage|p2b: Rotom|0 fnt\n|-heal|p1b: Crabominable|31/100|[from] drain|[of] p2b: Rotom\n|faint|p2b: Rotom\n|\n|win|spreeding\n|raw|spreeding's rating: 1029 &rarr; <strong>1065</strong><br />(+36 for winning)\n|raw|Lit0re's rating: 1037 &rarr; <strong>1021</strong><br />(-16 for losing)\n|l|\u2606Lit0re\n|player|p2|\n",
  "uploadtime": 1776075532,
  "views": 16,
  "formatid": "gen9championsvgc2026regma",
  "rating": 1021,
  "private": 0,
  "password": null
}