{
  "id": "gen9championsvgc2026regma-2588838791",
  "format": "[Gen 9 Champions] VGC 2026 Reg M-A",
  "players": [
    "Murphy's kitchen",
    "Skypixel"
  ],
  "log": "|j|\u2606Murphy's kitchen\n|j|\u2606Skypixel\n|t:|1776677084\n|gametype|doubles\n|player|p1|Murphy's kitchen|265|1436\n|player|p2|Skypixel|musician|1458\n|gen|9\n|tier|[Gen 9 Champions] VGC 2026 Reg M-A\n|rated|\n|rule|Species Clause: Limit one of each Pok\u00e9mon\n|rule|Item Clause: Limit 1 of each item\n|clearpoke\n|poke|p1|Aerodactyl, L50, F|\n|poke|p1|Dragapult, L50, M|\n|poke|p1|Kingambit, L50, F|\n|poke|p1|Primarina, L50, M|\n|poke|p1|Scovillain, L50, M|\n|poke|p1|Sneasler, L50, F|\n|poke|p2|Meowstic, L50, M|\n|poke|p2|Basculegion, L50, M|\n|poke|p2|Volcarona, L50, F|\n|poke|p2|Sinistcha, L50|\n|poke|p2|Aggron, L50, F|\n|poke|p2|Aerodactyl, L50, F|\n|teampreview|4\n|inactive|Battle timer is ON: inactive players will automatically lose when time's up. (requested by Skypixel)\n|inactive|Murphy's kitchen has 60 seconds left.\n|\n|t:|1776677124\n|teamsize|p1|4\n|teamsize|p2|4\n|start\n|switch|p1a: Scovillain|Scovillain, L50, M|100/100\n|switch|p1b: Aerodactyl|Aerodactyl, L50, F|100/100\n|switch|p2a: Meowstic|Meowstic, L50, M|100/100\n|switch|p2b: Aggron|Aggron, L50, F|100/100\n|-ability|p1b: Aerodactyl|Unnerve\n|turn|1\n|inactive|Murphy's kitchen has 30 seconds left.\n|inactive|Skypixel has 30 seconds left.\n|\n|t:|1776677158\n|switch|p1b: Primarina|Primarina, L50, M|100/100\n|detailschange|p1a: Scovillain|Scovillain-Mega, L50, M\n|-mega|p1a: Scovillain|Scovillain|Scovillainite\n|move|p2b: Aggron|Protect|p2b: Aggron\n|-singleturn|p2b: Aggron|Protect\n|move|p2a: Meowstic|Fake Out|p1b: Primarina\n|-damage|p1b: Primarina|94/100\n|move|p1a: Scovillain|Flamethrower|p2b: Aggron\n|-activate|p2b: Aggron|move: Protect\n|\n|-heal|p1b: Primarina|100/100|[from] item: Leftovers\n|upkeep\n|turn|2\n|\n|t:|1776677181\n|detailschange|p2b: Aggron|Aggron-Mega, L50, F\n|-mega|p2b: Aggron|Aggron|Aggronite\n|move|p2a: Meowstic|Light Screen|p2a: Meowstic\n|-sidestart|p2: Skypixel|move: Light Screen\n|move|p1a: Scovillain|Flamethrower|p2b: Aggron\n|-supereffective|p2b: Aggron|1\n|-damage|p2b: Aggron|63/100\n|move|p1b: Primarina|Hyper Voice|p2a: Meowstic|[spread] p2a,p2b\n|-damage|p2a: Meowstic|78/100\n|-damage|p2b: Aggron|45/100\n|move|p2b: Aggron|Heavy Slam|p1b: Primarina\n|-damage|p1b: Primarina|44/100\n|\n|-heal|p1b: Primarina|50/100|[from] item: Leftovers\n|upkeep\n|turn|3\n|\n|t:|1776677199\n|switch|p2b: Volcarona|Volcarona, L50, F|100/100\n|move|p1a: Scovillain|Rage Powder|p1a: Scovillain\n|-singleturn|p1a: Scovillain|move: Rage Powder\n|move|p2a: Meowstic|Reflect|p2a: Meowstic\n|-sidestart|p2: Skypixel|Reflect\n|move|p1b: Primarina|Hyper Voice|p2b: Volcarona|[spread] p2a,p2b\n|-supereffective|p2b: Volcarona|1\n|-damage|p2a: Meowstic|56/100\n|-damage|p2b: Volcarona|61/100\n|\n|-heal|p2b: Volcarona|66/100|[from] item: Leftovers\n|-heal|p1b: Primarina|57/100|[from] item: Leftovers\n|upkeep\n|turn|4\n|\n|t:|1776677215\n|switch|p2a: Sinistcha|Sinistcha, L50|100/100\n|-heal|p2b: Volcarona|91/100|[from] ability: Hospitality|[of] p2a: Sinistcha\n|move|p2b: Volcarona|Quiver Dance|p2b: Volcarona\n|-boost|p2b: Volcarona|spa|1\n|-boost|p2b: Volcarona|spd|1\n|-boost|p2b: Volcarona|spe|1\n|move|p1b: Primarina|Calm Mind|p1b: Primarina\n|-boost|p1b: Primarina|spa|1\n|-boost|p1b: Primarina|spd|1\n|move|p1a: Scovillain|Flamethrower|p2b: Volcarona\n|-damage|p2b: Volcarona|74/100\n|\n|-heal|p2b: Volcarona|80/100|[from] item: Leftovers\n|-heal|p1b: Primarina|63/100|[from] item: Leftovers\n|upkeep\n|turn|5\n|inactive|Murphy's kitchen has 30 seconds left.\n|\n|t:|1776677241\n|move|p2b: Volcarona|Quiver Dance|p2b: Volcarona\n|-boost|p2b: Volcarona|spa|1\n|-boost|p2b: Volcarona|spd|1\n|-boost|p2b: Volcarona|spe|1\n|move|p1a: Scovillain|Flamethrower|p2a: Sinistcha\n|-supereffective|p2a: Sinistcha|1\n|-damage|p2a: Sinistcha|46/100\n|-enditem|p2a: Sinistcha|Sitrus Berry|[eat]\n|-heal|p2a: Sinistcha|71/100|[from] item: Sitrus Berry\n|move|p1b: Primarina|Moonblast|p2a: Sinistcha\n|-damage|p2a: Sinistcha|22/100\n|move|p2a: Sinistcha|Matcha Gotcha|p1a: Scovillain|[spread] p1a,p1b\n|-resisted|p1a: Scovillain|2\n|-supereffective|p1b: Primarina|1\n|-damage|p1a: Scovillain|94/100\n|-heal|p2a: Sinistcha|25/100|[from] drain|[of] p1a: Scovillain\n|-damage|p1b: Primarina|32/100\n|-heal|p2a: Sinistcha|40/100|[from] drain|[of] p1b: Primarina\n|-status|p1b: Primarina|brn\n|-status|p2a: Sinistcha|brn|[from] ability: Spicy Spray|[of] p1a: Scovillain\n|\n|-heal|p2b: Volcarona|85/100|[from] item: Leftovers\n|-heal|p1b: Primarina|39/100 brn|[from] item: Leftovers\n|-damage|p1b: Primarina|32/100 brn|[from] brn\n|-damage|p2a: Sinistcha|34/100 brn|[from] brn\n|upkeep\n|turn|6\n|inactive|Murphy's kitchen has 30 seconds left.\n|\n|t:|1776677269\n|move|p2b: Volcarona|Quiver Dance|p2b: Volcarona\n|-boost|p2b: Volcarona|spa|1\n|-boost|p2b: Volcarona|spd|1\n|-boost|p2b: Volcarona|spe|1\n|move|p1b: Primarina|Calm Mind|p1b: Primarina\n|-boost|p1b: Primarina|spa|1\n|-boost|p1b: Primarina|spd|1\n|move|p1a: Scovillain|Flamethrower|p2a: Sinistcha\n|-supereffective|p2a: Sinistcha|1\n|-damage|p2a: Sinistcha|0 fnt\n|faint|p2a: Sinistcha\n|\n|-heal|p2b: Volcarona|91/100|[from] item: Leftovers\n|-heal|p1b: Primarina|39/100 brn|[from] item: Leftovers\n|-damage|p1b: Primarina|32/100 brn|[from] brn\n|-sideend|p2: Skypixel|move: Light Screen\n|upkeep\n|\n|t:|1776677281\n|switch|p2a: Meowstic|Meowstic, L50, M|56/100\n|turn|7\n|\n|t:|1776677293\n|move|p1a: Scovillain|Protect|p1a: Scovillain\n|-singleturn|p1a: Scovillain|Protect\n|move|p1b: Primarina|Protect|p1b: Primarina\n|-singleturn|p1b: Primarina|Protect\n|move|p2a: Meowstic|Fake Out|p1a: Scovillain\n|-activate|p1a: Scovillain|move: Protect\n|move|p2b: Volcarona|Giga Drain|p1b: Primarina\n|-activate|p1b: Primarina|move: Protect\n|\n|-heal|p2b: Volcarona|97/100|[from] item: Leftovers\n|-heal|p1b: Primarina|39/100 brn|[from] item: Leftovers\n|-damage|p1b: Primarina|32/100 brn|[from] brn\n|-sideend|p2: Skypixel|Reflect\n|upkeep\n|turn|8\n|\n|t:|1776677309\n|move|p1a: Scovillain|Rage Powder|p1a: Scovillain\n|-singleturn|p1a: Scovillain|move: Rage Powder\n|move|p2a: Meowstic|Light Screen|p2a: Meowstic\n|-sidestart|p2: Skypixel|move: Light Screen\n|move|p2b: Volcarona|Quiver Dance|p2b: Volcarona\n|-boost|p2b: Volcarona|spa|1\n|-boost|p2b: Volcarona|spd|1\n|-boost|p2b: Volcarona|spe|1\n|move|p1b: Primarina|Hyper Voice|p2a: Meowstic|[spread] p2a,p2b\n|-supereffective|p2b: Volcarona|1\n|-damage|p2a: Meowstic|12/100\n|-damage|p2b: Volcarona|69/100\n|\n|-heal|p2b: Volcarona|75/100|[from] item: Leftovers\n|-heal|p1b: Primarina|39/100 brn|[from] item: Leftovers\n|-damage|p1b: Primarina|32/100 brn|[from] brn\n|upkeep\n|turn|9\n|\n|t:|1776677331\n|switch|p2a: Aggron|Aggron-Mega, L50, F|45/100\n|move|p1a: Scovillain|Rage Powder|p1a: Scovillain\n|-singleturn|p1a: Scovillain|move: Rage Powder\n|move|p2b: Volcarona|Fiery Dance|p1a: Scovillain\n|-damage|p1a: Scovillain|0 fnt\n|-boost|p2b: Volcarona|spa|1\n|-immune|p2b: Volcarona\n|faint|p1a: Scovillain\n|move|p1b: Primarina|Hyper Voice|p2b: Volcarona|[spread] p2a,p2b\n|-supereffective|p2b: Volcarona|1\n|-damage|p2a: Aggron|6/100\n|-damage|p2b: Volcarona|48/100\n|\n|-heal|p2b: Volcarona|53/100|[from] item: Leftovers\n|-heal|p1b: Primarina|39/100 brn|[from] item: Leftovers\n|-damage|p1b: Primarina|32/100 brn|[from] brn\n|upkeep\n|\n|t:|1776677351\n|switch|p1a: Kingambit|Kingambit, L50, F|100/100\n|turn|10\n|\n|t:|1776677363\n|move|p2a: Aggron|Protect|p2a: Aggron\n|-singleturn|p2a: Aggron|Protect\n|move|p1a: Kingambit|Sucker Punch|p2b: Volcarona\n|-damage|p2b: Volcarona|2/100\n|move|p2b: Volcarona|Fiery Dance|p1a: Kingambit\n|-supereffective|p1a: Kingambit|1\n|-damage|p1a: Kingambit|0 fnt\n|-boost|p2b: Volcarona|spa|1\n|faint|p1a: Kingambit\n|move|p1b: Primarina|Hyper Voice|p2b: Volcarona|[spread] p2b\n|-activate|p2a: Aggron|move: Protect\n|-supereffective|p2b: Volcarona|1\n|-damage|p2b: Volcarona|0 fnt\n|faint|p2b: Volcarona\n|\n|-heal|p1b: Primarina|39/100 brn|[from] item: Leftovers\n|-damage|p1b: Primarina|32/100 brn|[from] brn\n|upkeep\n|\n|t:|1776677382\n|switch|p2b: Meowstic|Meowstic, L50, M|12/100\n|switch|p1a: Aerodactyl|Aerodactyl, L50, F|100/100\n|-ability|p1a: Aerodactyl|Unnerve\n|turn|11\n|inactive|Skypixel has 30 seconds left.\n|inactive|Skypixel has 20 seconds left.\n|inactive|Skypixel has 15 seconds left.\n|inactive|Murphy's kitchen has 30 seconds left.\n|inactive|Skypixel has 10 seconds left.\n|inactive|Skypixel has 5 seconds left.\n|\n|t:|1776677437\n|move|p1a: Aerodactyl|Protect|p1a: Aerodactyl\n|-singleturn|p1a: Aerodactyl|Protect\n|move|p1b: Primarina|Protect|p1b: Primarina\n|-singleturn|p1b: Primarina|Protect\n|move|p2b: Meowstic|Reflect|p2b: Meowstic\n|-sidestart|p2: Skypixel|Reflect\n|move|p2a: Aggron|Heavy Slam|p1b: Primarina\n|-activate|p1b: Primarina|move: Protect\n|\n|-heal|p1b: Primarina|39/100 brn|[from] item: Leftovers\n|-damage|p1b: Primarina|32/100 brn|[from] brn\n|upkeep\n|turn|12\n|inactive|Skypixel has 30 seconds left.\n|inactive|Skypixel has 20 seconds left.\n|inactive|Skypixel has 15 seconds left.\n|inactive|Skypixel has 10 seconds left.\n|inactive|Skypixel has 5 seconds left.\n|\n|t:|1776677492\n|move|p2b: Meowstic|Reflect||[still]\n|-fail|p2b: Meowstic\n|move|p1a: Aerodactyl|Rock Slide|p2a: Aggron|[spread] p2a,p2b\n|-resisted|p2a: Aggron|1\n|-damage|p2a: Aggron|2/100\n|-damage|p2b: Meowstic|0 fnt\n|faint|p2b: Meowstic\n|move|p1b: Primarina|Hyper Voice|p2a: Aggron\n|-damage|p2a: Aggron|0 fnt\n|faint|p2a: Aggron\n|\n|win|Murphy's kitchen\n|raw|Murphy&apos;s kitchen's rating: 1436 &rarr; <strong>1457</strong><br />(+21 for winning)\n|raw|Skypixel's rating: 1458 &rarr; <strong>1437</strong><br />(-21 for losing)\n",
  "uploadtime": 1776677520,
  "views": 25,
  "formatid": "gen9championsvgc2026regma",
  "rating": 1437,
  "private": 0,
  "password": null
}