{
  "id": "gen9championsvgc2026regma-2584260178",
  "format": "[Gen 9 Champions] VGC 2026 Reg M-A",
  "players": [
    "SimMikaze",
    "StanWXZ"
  ],
  "log": "|j|\u2606SimMikaze\n|j|\u2606StanWXZ\n|t:|1776244348\n|gametype|doubles\n|player|p1|SimMikaze|miku-ghost|1221\n|player|p2|StanWXZ|169|1316\n|gen|9\n|tier|[Gen 9 Champions] VGC 2026 Reg M-A\n|rated|\n|rule|Species Clause: Limit one of each Pok\u00e9mon\n|rule|Item Clause: Limit 1 of each item\n|clearpoke\n|poke|p1|Gengar, L50, M|\n|poke|p1|Maushold, L50|\n|poke|p1|Whimsicott, L50, M|\n|poke|p1|Incineroar, L50, M|\n|poke|p1|Empoleon, L50, M|\n|poke|p1|Kommo-o, L50, F|\n|poke|p2|Floette-Eternal, L50, F|\n|poke|p2|Pelipper, L50, F|\n|poke|p2|Archaludon, L50, F|\n|poke|p2|Basculegion, L50, M|\n|poke|p2|Incineroar, L50, F|\n|poke|p2|Sinistcha, L50|\n|teampreview|4\n|\n|t:|1776244378\n|teamsize|p1|4\n|teamsize|p2|4\n|start\n|switch|p1a: Gengar|Gengar, L50, M, shiny|100/100\n|switch|p1b: Whimsicott|Whimsicott, L50, M|100/100\n|switch|p2a: Floette|Floette-Eternal, L50, F|100/100\n|switch|p2b: Basculegion|Basculegion, L50, M|100/100\n|turn|1\n|\n|t:|1776244423\n|detailschange|p1a: Gengar|Gengar-Mega, L50, M, shiny\n|-mega|p1a: Gengar|Gengar|Gengarite\n|detailschange|p2a: Floette|Floette-Mega, L50, F\n|-mega|p2a: Floette|Floette|Floettite\n|-ability|p2a: Floette|Fairy Aura\n|move|p1b: Whimsicott|Tailwind|p1b: Whimsicott\n|-sidestart|p1: SimMikaze|move: Tailwind\n|move|p1a: Gengar|Shadow Ball|p2b: Basculegion\n|-supereffective|p2b: Basculegion|1\n|-damage|p2b: Basculegion|0 fnt\n|faint|p2b: Basculegion\n|move|p2a: Floette|Dazzling Gleam|p1a: Gengar|[spread] p1a,p1b\n|-resisted|p1a: Gengar|1\n|-damage|p1a: Gengar|70/100\n|-damage|p1b: Whimsicott|28/100\n|\n|upkeep\n|\n|t:|1776244439\n|switch|p2b: Incineroar|Incineroar, L50, F|100/100\n|-ability|p2b: Incineroar|Intimidate|boost\n|-unboost|p1a: Gengar|atk|1\n|-unboost|p1b: Whimsicott|atk|1\n|turn|2\n|\n|t:|1776244470\n|move|p2a: Floette|Protect|p2a: Floette\n|-singleturn|p2a: Floette|Protect\n|move|p1b: Whimsicott|Fake Tears|p2a: Floette\n|-activate|p2a: Floette|move: Protect\n|move|p1a: Gengar|Shadow Ball|p2a: Floette\n|-activate|p2a: Floette|move: Protect\n|move|p2b: Incineroar|Throat Chop|p1a: Gengar\n|-supereffective|p1a: Gengar|1\n|-damage|p1a: Gengar|0 fnt\n|faint|p1a: Gengar\n|\n|upkeep\n|\n|t:|1776244479\n|switch|p1a: Empoleon|Empoleon, L50, M|100/100\n|turn|3\n|\n|t:|1776244489\n|switch|p2a: Sinistcha|Sinistcha, L50|100/100\n|move|p1b: Whimsicott|Fake Tears|p2a: Sinistcha\n|-unboost|p2a: Sinistcha|spd|2\n|move|p1a: Empoleon|Flash Cannon|p2a: Sinistcha\n|-damage|p2a: Sinistcha|19/100\n|move|p2b: Incineroar|Flare Blitz|p1b: Whimsicott\n|-supereffective|p1b: Whimsicott|1\n|-damage|p1b: Whimsicott|0 fnt\n|faint|p1b: Whimsicott\n|-damage|p2b: Incineroar|93/100|[from] Recoil\n|\n|upkeep\n|\n|t:|1776244502\n|switch|p1b: Kommo-o|Kommo-o, L50, F|100/100\n|turn|4\n|\n|t:|1776244518\n|switch|p2a: Floette|Floette-Mega, L50, F|100/100\n|-ability|p2a: Floette|Fairy Aura\n|move|p1b: Kommo-o|Protect|p1b: Kommo-o\n|-singleturn|p1b: Kommo-o|Protect\n|move|p1a: Empoleon|Surf|p2a: Floette|[spread] p2a,p2b\n|-activate|p1b: Kommo-o|move: Protect\n|-supereffective|p2b: Incineroar|1\n|-damage|p2a: Floette|75/100\n|-damage|p2b: Incineroar|45/100\n|-enditem|p2b: Incineroar|Sitrus Berry|[eat]\n|-heal|p2b: Incineroar|69/100|[from] item: Sitrus Berry\n|move|p2b: Incineroar|Parting Shot|p1a: Empoleon\n|-unboost|p1a: Empoleon|atk|1\n|-ability|p1a: Empoleon|Competitive|boost\n|-boost|p1a: Empoleon|spa|2\n|-unboost|p1a: Empoleon|spa|1\n|-ability|p1a: Empoleon|Competitive|boost\n|-boost|p1a: Empoleon|spa|2\n|\n|t:|1776244538\n|switch|p2b: Sinistcha|Sinistcha, L50|19/100|[from] Parting Shot\n|-heal|p2a: Floette|99/100|[from] ability: Hospitality|[of] p2b: Sinistcha\n|\n|-sideend|p1: SimMikaze|move: Tailwind\n|upkeep\n|turn|5\n|\n|t:|1776244555\n|move|p2b: Sinistcha|Rage Powder|p2b: Sinistcha\n|-singleturn|p2b: Sinistcha|move: Rage Powder\n|move|p2a: Floette|Dazzling Gleam|p1b: Kommo-o|[spread] p1a,p1b\n|-resisted|p1a: Empoleon|1\n|-supereffective|p1b: Kommo-o|2\n|-damage|p1a: Empoleon|77/100\n|-damage|p1b: Kommo-o|0 fnt\n|faint|p1b: Kommo-o\n|move|p1a: Empoleon|Flash Cannon|p2b: Sinistcha\n|-damage|p2b: Sinistcha|0 fnt\n|faint|p2b: Sinistcha\n|\n|-heal|p1a: Empoleon|83/100|[from] item: Leftovers\n|upkeep\n|\n|t:|1776244568\n|switch|p2b: Incineroar|Incineroar, L50, F|69/100\n|-ability|p2b: Incineroar|Intimidate|boost\n|-unboost|p1a: Empoleon|atk|1\n|-ability|p1a: Empoleon|Competitive|boost\n|-boost|p1a: Empoleon|spa|2\n|turn|6\n|\n|t:|1776244578\n|move|p1a: Empoleon|Protect|p1a: Empoleon\n|-singleturn|p1a: Empoleon|Protect\n|move|p2b: Incineroar|Fake Out|p1a: Empoleon\n|-activate|p1a: Empoleon|move: Protect\n|move|p2a: Floette|Moonblast|p1a: Empoleon\n|-activate|p1a: Empoleon|move: Protect\n|\n|-heal|p1a: Empoleon|88/100|[from] item: Leftovers\n|upkeep\n|turn|7\n|\n|t:|1776244601\n|move|p2a: Floette|Moonblast|p1a: Empoleon\n|-resisted|p1a: Empoleon|1\n|-damage|p1a: Empoleon|52/100\n|move|p1a: Empoleon|Surf|p2a: Floette|[spread] p2a,p2b\n|-supereffective|p2b: Incineroar|1\n|-damage|p2a: Floette|15/100\n|-damage|p2b: Incineroar|0 fnt\n|faint|p2b: Incineroar\n|\n|-heal|p1a: Empoleon|58/100|[from] item: Leftovers\n|upkeep\n|turn|8\n|\n|t:|1776244616\n|move|p2a: Floette|Moonblast|p1a: Empoleon\n|-resisted|p1a: Empoleon|1\n|-damage|p1a: Empoleon|18/100\n|move|p1a: Empoleon|Flash Cannon|p2a: Floette\n|-supereffective|p2a: Floette|1\n|-damage|p2a: Floette|0 fnt\n|faint|p2a: Floette\n|\n|win|SimMikaze\n|raw|SimMikaze's rating: 1221 &rarr; <strong>1253</strong><br />(+32 for winning)\n|raw|StanWXZ's rating: 1316 &rarr; <strong>1291</strong><br />(-25 for losing)\n|l|\u2606StanWXZ\n|player|p2|\n",
  "uploadtime": 1776244617,
  "views": 26,
  "formatid": "gen9championsvgc2026regma",
  "rating": 1253,
  "private": 0,
  "password": null
}