{
  "id": "gen9championsvgc2026regma-2581048579",
  "format": "[Gen 9 Champions] VGC 2026 Reg M-A",
  "players": [
    "lilanhuo",
    "albelolopulmonar"
  ],
  "log": "|j|\u2606lilanhuo\n|j|\u2606albelolopulmonar\n|t:|1775955016\n|gametype|doubles\n|player|p1|lilanhuo|dawn-masters3|1032\n|player|p2|albelolopulmonar|veteran|1114\n|gen|9\n|tier|[Gen 9 Champions] VGC 2026 Reg M-A\n|rated|\n|rule|Species Clause: Limit one of each Pok\u00e9mon\n|rule|Item Clause: Limit 1 of each item\n|clearpoke\n|poke|p1|Gengar, L50, F|\n|poke|p1|Incineroar, L50, F|\n|poke|p1|Tyranitar, L50, F|\n|poke|p1|Kingambit, L50, F|\n|poke|p1|Sinistcha-Masterpiece, L50|\n|poke|p1|Kommo-o, L50, F|\n|poke|p2|Charizard, L50, M|\n|poke|p2|Maushold-Four, L50|\n|poke|p2|Gengar, L50, F|\n|poke|p2|Incineroar, L50, M|\n|poke|p2|Rotom-Wash, L50|\n|poke|p2|Kingambit, L50, F|\n|teampreview|4\n|inactive|Battle timer is ON: inactive players will automatically lose when time's up. (requested by lilanhuo)\n|\n|t:|1775955056\n|teamsize|p1|4\n|teamsize|p2|4\n|start\n|switch|p1a: Incineroar|Incineroar, L50, F|100/100\n|switch|p1b: Kingambit|Kingambit, L50, F|100/100\n|switch|p2a: Rotom|Rotom-Wash, L50|100/100\n|switch|p2b: Gengar|Gengar, L50, F|100/100\n|-ability|p1a: Incineroar|Intimidate|boost\n|-unboost|p2a: Rotom|atk|1\n|-unboost|p2b: Gengar|atk|1\n|turn|1\n|\n|t:|1775955071\n|move|p2b: Gengar|Protect|p2b: Gengar\n|-singleturn|p2b: Gengar|Protect\n|move|p1a: Incineroar|Fake Out|p2a: Rotom\n|-damage|p2a: Rotom|87/100\n|cant|p2a: Rotom|flinch\n|move|p1b: Kingambit|Zen Headbutt|p2b: Gengar\n|-activate|p2b: Gengar|move: Protect\n|\n|upkeep\n|turn|2\n|\n|t:|1775955095\n|switch|p2b: Maushold|Maushold-Four, L50|100/100\n|move|p1b: Kingambit|Protect|p1b: Kingambit\n|-singleturn|p1b: Kingambit|Protect\n|move|p2a: Rotom|Will-O-Wisp|p1b: Kingambit\n|-activate|p1b: Kingambit|move: Protect\n|move|p1a: Incineroar|Parting Shot|p2a: Rotom\n|-unboost|p2a: Rotom|atk|1\n|-unboost|p2a: Rotom|spa|1\n|\n|t:|1775955109\n|switch|p1a: Gengar|Gengar, L50, F|100/100|[from] Parting Shot\n|\n|upkeep\n|turn|3\n|\n|t:|1775955127\n|switch|p1b: Incineroar|Incineroar, L50, F|100/100\n|-ability|p1b: Incineroar|Intimidate|boost\n|-unboost|p2a: Rotom|atk|1\n|-unboost|p2b: Maushold|atk|1\n|detailschange|p1a: Gengar|Gengar-Mega, L50, F\n|-mega|p1a: Gengar|Gengar|Gengarite\n|move|p2b: Maushold|Protect|p2b: Maushold\n|-singleturn|p2b: Maushold|Protect\n|move|p1a: Gengar|Perish Song|p1a: Gengar\n|-start|p1a: Gengar|perish3|[silent]\n|-start|p1b: Incineroar|perish3|[silent]\n|-start|p2a: Rotom|perish3|[silent]\n|-start|p2b: Maushold|perish3|[silent]\n|-fieldactivate|move: Perish Song\n|move|p2a: Rotom|Will-O-Wisp|p1b: Incineroar\n|-immune|p1b: Incineroar\n|\n|-start|p1a: Gengar|perish3\n|-start|p2b: Maushold|perish3\n|-start|p2a: Rotom|perish3\n|-start|p1b: Incineroar|perish3\n|upkeep\n|turn|4\n|inactive|albelolopulmonar has 30 seconds left.\n|\n|t:|1775955161\n|move|p1b: Incineroar|Fake Out|p2b: Maushold\n|-damage|p2b: Maushold|89/100\n|move|p1a: Gengar|Substitute|p1a: Gengar\n|-start|p1a: Gengar|Substitute\n|-damage|p1a: Gengar|76/100\n|cant|p2b: Maushold|flinch\n|move|p2a: Rotom|Volt Switch|p1a: Gengar\n|-end|p1a: Gengar|Substitute\n|\n|t:|1775955165\n|switch|p2a: Charizard|Charizard, L50, M|100/100|[from] Volt Switch\n|\n|-start|p1a: Gengar|perish2\n|-start|p2b: Maushold|perish2\n|-start|p1b: Incineroar|perish2\n|upkeep\n|turn|5\n|inactive|lilanhuo has 30 seconds left.\n|inactive|lilanhuo has 20 seconds left.\n|inactive|lilanhuo has 15 seconds left.\n|inactive|lilanhuo has 10 seconds left.\n|inactive|lilanhuo has 5 seconds left.\n|\n|t:|1775955216\n|detailschange|p2a: Charizard|Charizard-Mega-Y, L50, M\n|-mega|p2a: Charizard|Charizard|Charizardite Y\n|-weather|SunnyDay|[from] ability: Drought|[of] p2a: Charizard\n|move|p1a: Gengar|Protect|p1a: Gengar\n|-singleturn|p1a: Gengar|Protect\n|move|p2b: Maushold|Super Fang|p1b: Incineroar\n|-damage|p1b: Incineroar|50/100\n|move|p2a: Charizard|Heat Wave|p1b: Incineroar|[spread] p1b\n|-activate|p1a: Gengar|move: Protect\n|-resisted|p1b: Incineroar|1\n|-damage|p1b: Incineroar|20/100\n|move|p1b: Incineroar|Parting Shot|p2a: Charizard\n|-unboost|p2a: Charizard|atk|1\n|-unboost|p2a: Charizard|spa|1\n|\n|t:|1775955231\n|switch|p1b: Tyranitar|Tyranitar, L50, F|100/100|[from] Parting Shot\n|-weather|Sandstorm|[from] ability: Sand Stream|[of] p1b: Tyranitar\n|\n|-weather|Sandstorm|[upkeep]\n|-damage|p1a: Gengar|70/100|[from] Sandstorm\n|-damage|p2b: Maushold|83/100|[from] Sandstorm\n|-damage|p2a: Charizard|95/100|[from] Sandstorm\n|-start|p1a: Gengar|perish1\n|-start|p2b: Maushold|perish1\n|upkeep\n|turn|6\n|\n|t:|1775955254\n|switch|p1a: Incineroar|Incineroar, L50, F|20/100\n|-ability|p1a: Incineroar|Intimidate|boost\n|-unboost|p2a: Charizard|atk|1\n|-unboost|p2b: Maushold|atk|1\n|move|p2a: Charizard|Protect|p2a: Charizard\n|-singleturn|p2a: Charizard|Protect\n|move|p2b: Maushold|Follow Me|p2b: Maushold\n|-singleturn|p2b: Maushold|move: Follow Me\n|move|p1b: Tyranitar|Rock Slide|p2b: Maushold|[spread] p2b\n|-activate|p2a: Charizard|move: Protect\n|-damage|p2b: Maushold|58/100\n|\n|-weather|Sandstorm|[upkeep]\n|-damage|p2b: Maushold|52/100|[from] Sandstorm\n|-damage|p2a: Charizard|89/100|[from] Sandstorm\n|-damage|p1a: Incineroar|14/100|[from] Sandstorm\n|-start|p2b: Maushold|perish0\n|faint|p2b: Maushold\n|upkeep\n|\n|t:|1775955269\n|switch|p2b: Gengar|Gengar, L50, F|100/100\n|turn|7\n|\n|t:|1775955286\n|switch|p2a: Rotom|Rotom-Wash, L50|87/100\n|move|p1b: Tyranitar|Rock Slide|p2b: Gengar|[spread] p2a,p2b\n|-damage|p2a: Rotom|58/100\n|-damage|p2b: Gengar|59/100\n|-start|p1b: Tyranitar|Disable|Rock Slide|[from] ability: Cursed Body|[of] p2b: Gengar\n|move|p2b: Gengar|Icy Wind|p1b: Tyranitar|[spread] p1a,p1b\n|-resisted|p1a: Incineroar|1\n|-damage|p1a: Incineroar|9/100\n|-damage|p1b: Tyranitar|92/100\n|-unboost|p1a: Incineroar|spe|1\n|-unboost|p1b: Tyranitar|spe|1\n|move|p1a: Incineroar|Flare Blitz|p2b: Gengar\n|-damage|p2b: Gengar|0 fnt\n|faint|p2b: Gengar\n|-damage|p1a: Incineroar|0 fnt|[from] Recoil\n|faint|p1a: Incineroar\n|\n|-weather|Sandstorm|[upkeep]\n|-damage|p2a: Rotom|53/100|[from] Sandstorm\n|upkeep\n|\n|t:|1775955307\n|switch|p2b: Charizard|Charizard-Mega-Y, L50, M|89/100\n|switch|p1a: Gengar|Gengar-Mega, L50, F|70/100\n|-weather|SunnyDay|[from] ability: Drought|[of] p2b: Charizard\n|turn|8\n|\n|t:|1775955327\n|switch|p1b: Kingambit|Kingambit, L50, F|100/100\n|move|p1a: Gengar|Protect|p1a: Gengar\n|-singleturn|p1a: Gengar|Protect\n|move|p2b: Charizard|Weather Ball|p1a: Gengar\n|-activate|p1a: Gengar|move: Protect\n|move|p2a: Rotom|Will-O-Wisp|p1b: Kingambit\n|-status|p1b: Kingambit|brn\n|\n|-weather|SunnyDay|[upkeep]\n|-damage|p1b: Kingambit|95/100 brn|[from] brn\n|upkeep\n|turn|9\n|inactive|albelolopulmonar has 30 seconds left.\n|\n|t:|1775955359\n|move|p1a: Gengar|Shadow Ball|p2a: Rotom\n|-damage|p2a: Rotom|0 fnt\n|faint|p2a: Rotom\n|move|p2b: Charizard|Weather Ball|p1a: Gengar\n|-damage|p1a: Gengar|0 fnt\n|faint|p1a: Gengar\n|move|p1b: Kingambit|Zen Headbutt|p2b: Charizard\n|-damage|p2b: Charizard|71/100\n|\n|-weather|SunnyDay|[upkeep]\n|-damage|p1b: Kingambit|89/100 brn|[from] brn\n|upkeep\n|\n|t:|1775955365\n|switch|p1a: Tyranitar|Tyranitar, L50, F|92/100\n|-weather|Sandstorm|[from] ability: Sand Stream|[of] p1a: Tyranitar\n|turn|10\n|-message|albelolopulmonar forfeited.\n|\n|win|lilanhuo\n|raw|lilanhuo's rating: 1032 &rarr; <strong>1075</strong><br />(+43 for winning)\n|raw|albelolopulmonar's rating: 1114 &rarr; <strong>1083</strong><br />(-31 for losing)\n|l|\u2606albelolopulmonar\n|player|p2|\n",
  "uploadtime": 1775955373,
  "views": 13,
  "formatid": "gen9championsvgc2026regma",
  "rating": 1075,
  "private": 0,
  "password": null
}