{
  "id": "gen9championsvgc2026regma-2585746068",
  "format": "[Gen 9 Champions] VGC 2026 Reg M-A",
  "players": [
    "HokoriDustDrinker",
    "Hgrgggjj"
  ],
  "log": "|j|\u2606HokoriDustDrinker\n|j|\u2606Hgrgggjj\n|t:|1776367714\n|gametype|doubles\n|player|p1|HokoriDustDrinker|tucker-gen3|1057\n|player|p2|Hgrgggjj|169|1047\n|gen|9\n|tier|[Gen 9 Champions] VGC 2026 Reg M-A\n|rated|\n|rule|Species Clause: Limit one of each Pok\u00e9mon\n|rule|Item Clause: Limit 1 of each item\n|clearpoke\n|poke|p1|Talonflame, L50, M|\n|poke|p1|Incineroar, L50, F|\n|poke|p1|Froslass, L50, F|\n|poke|p1|Whimsicott, L50, M|\n|poke|p1|Milotic, L50, M|\n|poke|p1|Basculegion, L50, M|\n|poke|p2|Charizard, L50, M|\n|poke|p2|Garchomp, L50, M|\n|poke|p2|Whimsicott, L50, F|\n|poke|p2|Sneasler, L50, F|\n|poke|p2|Basculegion, L50, M|\n|poke|p2|Incineroar, L50, M|\n|teampreview|4\n|inactive|Battle timer is ON: inactive players will automatically lose when time's up. (requested by Hgrgggjj)\n|\n|t:|1776367734\n|teamsize|p1|4\n|teamsize|p2|4\n|start\n|switch|p1a: Chirp|Talonflame, L50, M|100/100\n|switch|p1b: Lady of Mars|Milotic, L50, M|100/100\n|switch|p2a: Sneasler|Sneasler, L50, F|100/100\n|switch|p2b: Incineroar|Incineroar, L50, M|100/100\n|-ability|p2b: Incineroar|Intimidate|boost\n|-unboost|p1a: Chirp|atk|1\n|-unboost|p1b: Lady of Mars|atk|1\n|-ability|p1b: Lady of Mars|Competitive|boost\n|-boost|p1b: Lady of Mars|spa|2\n|turn|1\n|\n|t:|1776367754\n|move|p1a: Chirp|Upper Hand|p2a: Sneasler\n|-resisted|p2a: Sneasler|1\n|-damage|p2a: Sneasler|91/100\n|cant|p2a: Sneasler|flinch\n|move|p1b: Lady of Mars|Muddy Water|p2a: Sneasler|[spread] p2a,p2b\n|-supereffective|p2b: Incineroar|1\n|-damage|p2a: Sneasler|10/100\n|-damage|p2b: Incineroar|20/100\n|-enditem|p2b: Incineroar|Sitrus Berry|[eat]\n|-heal|p2b: Incineroar|45/100|[from] item: Sitrus Berry\n|move|p2b: Incineroar|Throat Chop|p1a: Chirp\n|-damage|p1a: Chirp|51/100\n|-start|p1a: Chirp|Throat Chop|[silent]\n|\n|upkeep\n|turn|2\n|inactive|Hgrgggjj has 30 seconds left.\n|\n|t:|1776367782\n|switch|p2a: Basculegion|Basculegion, L50, M, shiny|100/100\n|move|p1a: Chirp|Tailwind|p1a: Chirp\n|-sidestart|p1: HokoriDustDrinker|move: Tailwind\n|move|p1b: Lady of Mars|Muddy Water|p2b: Incineroar|[spread] p2a,p2b\n|-resisted|p2a: Basculegion|1\n|-supereffective|p2b: Incineroar|1\n|-damage|p2a: Basculegion|67/100\n|-damage|p2b: Incineroar|0 fnt\n|-unboost|p2a: Basculegion|accuracy|1\n|faint|p2b: Incineroar\n|\n|-end|p1a: Chirp|Throat Chop|[silent]\n|upkeep\n|\n|t:|1776367794\n|switch|p2b: Sneasler|Sneasler, L50, F|10/100\n|turn|3\n|\n|t:|1776367801\n|move|p1a: Chirp|Upper Hand|p2b: Sneasler\n|-resisted|p2b: Sneasler|1\n|-damage|p2b: Sneasler|0 fnt\n|faint|p2b: Sneasler\n|move|p1b: Lady of Mars|Muddy Water|p2a: Basculegion\n|-resisted|p2a: Basculegion|1\n|-damage|p2a: Basculegion|27/100\n|move|p2a: Basculegion|Flip Turn|p1a: Chirp\n|-supereffective|p1a: Chirp|1\n|-damage|p1a: Chirp|0 fnt\n|faint|p1a: Chirp\n|\n|t:|1776367812\n|switch|p2a: Charizard|Charizard, L50, M|100/100|[from] Flip Turn\n|\n|upkeep\n|\n|t:|1776367818\n|switch|p1a: Air Dancer|Froslass, L50, F|100/100\n|switch|p2b: Basculegion|Basculegion, L50, M, shiny|27/100\n|turn|4\n|\n|t:|1776367827\n|detailschange|p2a: Charizard|Charizard-Mega-Y, L50, M\n|-mega|p2a: Charizard|Charizard|Charizardite Y\n|-weather|SunnyDay|[from] ability: Drought|[of] p2a: Charizard\n|move|p1a: Air Dancer|Protect|p1a: Air Dancer\n|-singleturn|p1a: Air Dancer|Protect\n|move|p1b: Lady of Mars|Muddy Water|p2b: Basculegion|[spread] p2b\n|-miss|p1b: Lady of Mars|p2a: Charizard\n|-resisted|p2b: Basculegion|1\n|-damage|p2b: Basculegion|12/100\n|move|p2b: Basculegion|Last Respects|p1a: Air Dancer\n|-activate|p1a: Air Dancer|move: Protect\n|move|p2a: Charizard|Solar Beam||[still]\n|-prepare|p2a: Charizard|Solar Beam\n|-anim|p2a: Charizard|Solar Beam|p1b: Lady of Mars\n|-supereffective|p1b: Lady of Mars|1\n|-damage|p1b: Lady of Mars|27/100\n|\n|-weather|SunnyDay|[upkeep]\n|-heal|p1b: Lady of Mars|33/100|[from] item: Leftovers\n|upkeep\n|turn|5\n|\n|t:|1776367852\n|detailschange|p1a: Air Dancer|Froslass-Mega, L50, F\n|-mega|p1a: Air Dancer|Froslass|Froslassite\n|-weather|Snowscape|[from] ability: Snow Warning|[of] p1a: Air Dancer\n|move|p2a: Charizard|Protect|p2a: Charizard\n|-singleturn|p2a: Charizard|Protect\n|move|p1a: Air Dancer|Blizzard|p2b: Basculegion|[spread] p2b\n|-activate|p2a: Charizard|move: Protect\n|-resisted|p2b: Basculegion|1\n|-damage|p2b: Basculegion|0 fnt\n|faint|p2b: Basculegion\n|move|p1b: Lady of Mars|Muddy Water|p2a: Charizard\n|-activate|p2a: Charizard|move: Protect\n|\n|-weather|Snowscape|[upkeep]\n|-heal|p1b: Lady of Mars|39/100|[from] item: Leftovers\n|-sideend|p1: HokoriDustDrinker|move: Tailwind\n|upkeep\n|turn|6\n|\n|t:|1776367874\n|move|p1a: Air Dancer|Thunderbolt|p2a: Charizard\n|-supereffective|p2a: Charizard|1\n|-damage|p2a: Charizard|27/100\n|move|p2a: Charizard|Heat Wave|p1a: Air Dancer|[spread] p1a,p1b\n|-supereffective|p1a: Air Dancer|1\n|-resisted|p1b: Lady of Mars|1\n|-damage|p1a: Air Dancer|5/100\n|-damage|p1b: Lady of Mars|23/100\n|move|p1b: Lady of Mars|Ice Beam|p2a: Charizard\n|-damage|p2a: Charizard|0 fnt\n|faint|p2a: Charizard\n|\n|win|HokoriDustDrinker\n|raw|HokoriDustDrinker's rating: 1057 &rarr; <strong>1088</strong><br />(+31 for winning)\n|raw|Hgrgggjj's rating: 1047 &rarr; <strong>1030</strong><br />(-17 for losing)\n|l|\u2606Hgrgggjj\n|player|p2|\n",
  "uploadtime": 1776367888,
  "views": 32,
  "formatid": "gen9championsvgc2026regma",
  "rating": 1030,
  "private": 0,
  "password": null
}