{
  "id": "gen9championsvgc2026regma-2581381381",
  "format": "[Gen 9 Champions] VGC 2026 Reg M-A",
  "players": [
    "jose.torres.1",
    "gabrioche"
  ],
  "log": "|j|\u2606jose.torres.1\n|j|\u2606gabrioche\n|t:|1775994205\n|gametype|doubles\n|player|p1|jose.torres.1|striker|1094\n|player|p2|gabrioche|red|1118\n|gen|9\n|tier|[Gen 9 Champions] VGC 2026 Reg M-A\n|rated|\n|rule|Species Clause: Limit one of each Pok\u00e9mon\n|rule|Item Clause: Limit 1 of each item\n|clearpoke\n|poke|p1|Aerodactyl, L50, M|\n|poke|p1|Tyranitar, L50, M|\n|poke|p1|Lycanroc, L50, M|\n|poke|p1|Meganium, L50, M|\n|poke|p1|Zoroark-Hisui, L50, M|\n|poke|p1|Kingambit, L50, F|\n|poke|p2|Gyarados, L50, F|\n|poke|p2|Raichu, L50, M|\n|poke|p2|Talonflame, L50, M|\n|poke|p2|Sinistcha, L50|\n|poke|p2|Aegislash, L50, F|\n|teampreview|4\n|inactive|Battle timer is ON: inactive players will automatically lose when time's up. (requested by gabrioche)\n|inactive|jose.torres.1 has 60 seconds left.\n|inactive|gabrioche has 60 seconds left.\n|\n|t:|1775994247\n|teamsize|p1|4\n|teamsize|p2|4\n|start\n|switch|p1a: Aerodactyl|Aerodactyl, L50, M|100/100\n|switch|p1b: Kingambit|Kingambit, L50, F|100/100\n|switch|p2a: Raichu|Raichu, L50, M|100/100\n|switch|p2b: Gyarados|Gyarados, L50, F|100/100\n|-ability|p1a: Aerodactyl|Pressure\n|-ability|p2b: Gyarados|Intimidate|boost\n|-unboost|p1a: Aerodactyl|atk|1\n|-unboost|p1b: Kingambit|atk|1\n|turn|1\n|inactive|jose.torres.1 has 30 seconds left.\n|inactive|gabrioche has 30 seconds left.\n|inactive|jose.torres.1 has 20 seconds left.\n|inactive|gabrioche has 20 seconds left.\n|inactive|jose.torres.1 has 15 seconds left.\n|inactive|jose.torres.1 has 10 seconds left.\n|inactive|jose.torres.1 has 5 seconds left.\n|\n|t:|1775994300\n|detailschange|p1a: Aerodactyl|Aerodactyl-Mega, L50, M\n|-mega|p1a: Aerodactyl|Aerodactyl|Aerodactylite\n|move|p2a: Raichu|Fake Out|p1a: Aerodactyl\n|-resisted|p1a: Aerodactyl|1\n|-damage|p1a: Aerodactyl|97/100\n|move|p1b: Kingambit|Hyper Voice|p2a: Raichu|[spread] p2a,p2b\n|-damage|p2a: Raichu|46/100\n|-damage|p2b: Gyarados|72/100\n|cant|p1a: Aerodactyl|flinch\n|move|p2b: Gyarados|Dragon Dance|p2b: Gyarados\n|-boost|p2b: Gyarados|atk|1\n|-boost|p2b: Gyarados|spe|1\n|\n|upkeep\n|turn|2\n|inactive|gabrioche has 30 seconds left.\n|\n|t:|1775994333\n|detailschange|p2b: Gyarados|Gyarados-Mega, L50, F\n|-mega|p2b: Gyarados|Gyarados|Gyaradosite\n|-ability|p2b: Gyarados|Mold Breaker\n|move|p1b: Kingambit|Hyper Voice|p2b: Gyarados|[spread] p2a,p2b\n|-damage|p2a: Raichu|0 fnt\n|-damage|p2b: Gyarados|49/100\n|faint|p2a: Raichu\n|move|p1a: Aerodactyl|Rock Slide|p2b: Gyarados\n|-damage|p2b: Gyarados|30/100\n|move|p2b: Gyarados|Waterfall|p1b: Kingambit\n|-enditem|p1b: Kingambit|Focus Sash\n|-damage|p1b: Kingambit|1/100\n|replace|p1b: Zoroark|Zoroark-Hisui, L50, M\n|-end|p1b: Zoroark|Illusion\n|\n|upkeep\n|\n|t:|1775994348\n|switch|p2a: Talonflame|Talonflame, L50, M|100/100\n|turn|3\n|\n|t:|1775994370\n|move|p2a: Talonflame|Tailwind|p2a: Talonflame\n|-sidestart|p2: gabrioche|move: Tailwind\n|move|p2b: Gyarados|Waterfall|p1a: Aerodactyl\n|-supereffective|p1a: Aerodactyl|1\n|-damage|p1a: Aerodactyl|0 fnt\n|faint|p1a: Aerodactyl\n|move|p1b: Zoroark|Hyper Voice|p2a: Talonflame|[spread] p2a,p2b\n|-damage|p2a: Talonflame|51/100\n|-damage|p2b: Gyarados|4/100\n|\n|upkeep\n|\n|t:|1775994385\n|switch|p1a: Kingambit|Kingambit, L50, F|100/100\n|turn|4\n|\n|t:|1775994395\n|move|p2b: Gyarados|Protect|p2b: Gyarados\n|-singleturn|p2b: Gyarados|Protect\n|move|p1b: Zoroark|Protect|p1b: Zoroark\n|-singleturn|p1b: Zoroark|Protect\n|move|p1a: Kingambit|Protect|p1a: Kingambit\n|-singleturn|p1a: Kingambit|Protect\n|move|p2a: Talonflame|Flare Blitz|p1a: Kingambit\n|-activate|p1a: Kingambit|move: Protect\n|\n|upkeep\n|turn|5\n|\n|t:|1775994414\n|move|p1a: Kingambit|Sucker Punch|p2b: Gyarados\n|-resisted|p2b: Gyarados|1\n|-damage|p2b: Gyarados|0 fnt\n|faint|p2b: Gyarados\n|move|p2a: Talonflame|Flare Blitz|p1a: Kingambit\n|-supereffective|p1a: Kingambit|1\n|-damage|p1a: Kingambit|37/100\n|-damage|p2a: Talonflame|23/100|[from] Recoil\n|move|p1b: Zoroark|Hyper Voice|p2a: Talonflame\n|-damage|p2a: Talonflame|0 fnt\n|faint|p2a: Talonflame\n|\n|upkeep\n|\n|t:|1775994425\n|switch|p2b: Aegislash|Aegislash, L50, F|100/100\n|turn|6\n|\n|t:|1775994435\n|move|p1b: Zoroark|Protect|p1b: Zoroark\n|-singleturn|p1b: Zoroark|Protect\n|move|p1a: Kingambit|Protect|p1a: Kingambit\n|-singleturn|p1a: Kingambit|Protect\n|-formechange|p2b: Aegislash|Aegislash-Blade|\n|move|p2b: Aegislash|Sacred Sword|p1a: Kingambit\n|-activate|p1a: Kingambit|move: Protect\n|\n|-sideend|p2: gabrioche|move: Tailwind\n|upkeep\n|turn|7\n|\n|t:|1775994452\n|move|p1a: Kingambit|Sucker Punch|p2b: Aegislash\n|-supereffective|p2b: Aegislash|1\n|-damage|p2b: Aegislash|0 fnt\n|faint|p2b: Aegislash\n|\n|win|jose.torres.1\n|raw|jose.torres.1's rating: 1094 &rarr; <strong>1122</strong><br />(+28 for winning)\n|raw|gabrioche's rating: 1118 &rarr; <strong>1091</strong><br />(-27 for losing)\n|l|\u2606jose.torres.1\n|player|p1|\n",
  "uploadtime": 1775994464,
  "views": 17,
  "formatid": "gen9championsvgc2026regma",
  "rating": 1091,
  "private": 0,
  "password": null
}