{
  "id": "gen9championsvgc2026regma-2583718530",
  "format": "[Gen 9 Champions] VGC 2026 Reg M-A",
  "players": [
    "guysguyswhoisjoe",
    "hdhsjsko"
  ],
  "log": "|j|\u2606guysguyswhoisjoe\n|j|\u2606hdhsjsko\n|t:|1776193004\n|gametype|doubles\n|player|p1|guysguyswhoisjoe|169|1137\n|player|p2|hdhsjsko|backpacker|1113\n|gen|9\n|tier|[Gen 9 Champions] VGC 2026 Reg M-A\n|rated|\n|rule|Species Clause: Limit one of each Pok\u00e9mon\n|rule|Item Clause: Limit 1 of each item\n|clearpoke\n|poke|p1|Typhlosion-Hisui, L50, F|\n|poke|p1|Torkoal, L50, F|\n|poke|p1|Gengar, L50, M|\n|poke|p1|Sneasler, L50, F|\n|poke|p1|Oranguru, L50, F|\n|poke|p1|Garchomp, L50, F|\n|poke|p2|Froslass, L50, F|\n|poke|p2|Incineroar, L50, F|\n|poke|p2|Ninetales-Alola, L50, F|\n|poke|p2|Sneasler, L50, F|\n|poke|p2|Rotom-Wash, L50|\n|poke|p2|Sableye, L50, M|\n|teampreview|4\n|inactive|Battle timer is ON: inactive players will automatically lose when time's up. (requested by hdhsjsko)\n|\n|t:|1776193029\n|teamsize|p1|4\n|teamsize|p2|4\n|start\n|switch|p1a: Typhlosion|Typhlosion-Hisui, L50, F|100/100\n|switch|p1b: Sneasler|Sneasler, L50, F|100/100\n|switch|p2a: Sableye|Sableye, L50, M|100/100\n|switch|p2b: Incineroar|Incineroar, L50, F|100/100\n|-item|p2a: Sableye|Leftovers|[from] ability: Frisk|[of] p1a: Typhlosion\n|-item|p2b: Incineroar|Shuca Berry|[from] ability: Frisk|[of] p1a: Typhlosion\n|-ability|p2b: Incineroar|Intimidate|boost\n|-unboost|p1a: Typhlosion|atk|1\n|-unboost|p1b: Sneasler|atk|1\n|-enditem|p1b: Sneasler|White Herb\n|-clearnegativeboost|p1b: Sneasler|[silent]\n|turn|1\n|inactive|hdhsjsko has 30 seconds left.\n|inactive|hdhsjsko has 20 seconds left.\n|inactive|hdhsjsko has 15 seconds left.\n|\n|t:|1776193071\n|move|p1b: Sneasler|Fake Out|p2b: Incineroar\n|-damage|p2b: Incineroar|90/100\n|move|p2a: Sableye|Thunder Wave|p1a: Typhlosion\n|-status|p1a: Typhlosion|par\n|move|p1a: Typhlosion|Eruption|p2a: Sableye|[spread] p2a,p2b\n|-resisted|p2b: Incineroar|1\n|-damage|p2a: Sableye|39/100\n|-damage|p2b: Incineroar|66/100\n|cant|p2b: Incineroar|flinch\n|\n|-heal|p2a: Sableye|44/100|[from] item: Leftovers\n|upkeep\n|turn|2\n|inactive|guysguyswhoisjoe has 30 seconds left.\n|inactive|guysguyswhoisjoe has 20 seconds left.\n|inactive|guysguyswhoisjoe has 15 seconds left.\n|inactive|guysguyswhoisjoe has 10 seconds left.\n|inactive|guysguyswhoisjoe has 5 seconds left.\n|\n|t:|1776193126\n|move|p2a: Sableye|Encore|p1b: Sneasler\n|-start|p1b: Sneasler|Encore\n|move|p1b: Sneasler|Fake Out||[still]\n|-hint|Fake Out only works on your first turn out.\n|-fail|p1b: Sneasler\n|move|p1a: Typhlosion|Eruption|p2b: Incineroar|[spread] p2a,p2b\n|-resisted|p2b: Incineroar|1\n|-damage|p2a: Sableye|0 fnt\n|-damage|p2b: Incineroar|42/100\n|faint|p2a: Sableye\n|move|p2b: Incineroar|Darkest Lariat|p1a: Typhlosion\n|-supereffective|p1a: Typhlosion|1\n|-damage|p1a: Typhlosion|3/100 par\n|\n|upkeep\n|\n|t:|1776193136\n|switch|p2a: Froslass|Froslass, L50, F|100/100\n|turn|3\n|\n|t:|1776193154\n|switch|p1b: Gengar|Gengar, L50, M, shiny|100/100\n|detailschange|p2a: Froslass|Froslass-Mega, L50, F\n|-mega|p2a: Froslass|Froslass|Froslassite\n|-weather|Snowscape|[from] ability: Snow Warning|[of] p2a: Froslass\n|move|p2a: Froslass|Blizzard|p1a: Typhlosion|[spread] p1a,p1b\n|-resisted|p1a: Typhlosion|1\n|-damage|p1a: Typhlosion|0 fnt\n|-damage|p1b: Gengar|39/100\n|-start|p2a: Froslass|Disable|Blizzard|[from] ability: Cursed Body|[of] p1b: Gengar\n|faint|p1a: Typhlosion\n|move|p2b: Incineroar|Darkest Lariat|p1b: Gengar\n|-supereffective|p1b: Gengar|1\n|-damage|p1b: Gengar|0 fnt\n|-start|p2b: Incineroar|Disable|Darkest Lariat|[from] ability: Cursed Body|[of] p1b: Gengar\n|faint|p1b: Gengar\n|\n|-weather|Snowscape|[upkeep]\n|upkeep\n|\n|t:|1776193158\n|switch|p1a: Sneasler|Sneasler, L50, F|100/100\n|switch|p1b: Torkoal|Torkoal, L50, F|100/100\n|-weather|SunnyDay|[from] ability: Drought|[of] p1b: Torkoal\n|turn|4\n|inactive|hdhsjsko has 30 seconds left.\n|\n|t:|1776193184\n|switch|p2b: Rotom|Rotom-Wash, L50|100/100\n|move|p2a: Froslass|Protect|p2a: Froslass\n|-singleturn|p2a: Froslass|Protect\n|move|p1a: Sneasler|Close Combat|p2b: Rotom\n|-crit|p2b: Rotom\n|-damage|p2b: Rotom|0 fnt\n|-unboost|p1a: Sneasler|def|1\n|-unboost|p1a: Sneasler|spd|1\n|faint|p2b: Rotom\n|move|p1b: Torkoal|Eruption|p2a: Froslass\n|-activate|p2a: Froslass|move: Protect\n|\n|-weather|SunnyDay|[upkeep]\n|upkeep\n|\n|t:|1776193197\n|switch|p2b: Incineroar|Incineroar, L50, F|42/100\n|-ability|p2b: Incineroar|Intimidate|boost\n|-unboost|p1a: Sneasler|atk|1\n|-unboost|p1b: Torkoal|atk|1\n|turn|5\n|\n|t:|1776193208\n|move|p1b: Torkoal|Protect|p1b: Torkoal\n|-singleturn|p1b: Torkoal|Protect\n|move|p2b: Incineroar|Fake Out|p1a: Sneasler\n|-damage|p1a: Sneasler|73/100\n|move|p2a: Froslass|Disable|p1b: Torkoal\n|-activate|p1b: Torkoal|move: Protect\n|cant|p1a: Sneasler|flinch\n|\n|-weather|SunnyDay|[upkeep]\n|upkeep\n|turn|6\n|\n|t:|1776193218\n|move|p2a: Froslass|Shadow Ball|p1a: Sneasler\n|-damage|p1a: Sneasler|0 fnt\n|faint|p1a: Sneasler\n|move|p2b: Incineroar|Darkest Lariat|p1b: Torkoal\n|-damage|p1b: Torkoal|80/100\n|move|p1b: Torkoal|Eruption|p2a: Froslass|[spread] p2a,p2b\n|-supereffective|p2a: Froslass|1\n|-resisted|p2b: Incineroar|1\n|-damage|p2a: Froslass|0 fnt\n|-damage|p2b: Incineroar|18/100\n|faint|p2a: Froslass\n|\n|-weather|SunnyDay|[upkeep]\n|upkeep\n|turn|7\n|\n|t:|1776193229\n|move|p2b: Incineroar|Darkest Lariat|p1b: Torkoal\n|-damage|p1b: Torkoal|63/100\n|move|p1b: Torkoal|Earth Power|p2b: Incineroar\n|-supereffective|p2b: Incineroar|1\n|-enditem|p2b: Incineroar|Shuca Berry|[eat]\n|-enditem|p2b: Incineroar|Shuca Berry|[weaken]\n|-damage|p2b: Incineroar|0 fnt\n|faint|p2b: Incineroar\n|\n|win|guysguyswhoisjoe\n|raw|guysguyswhoisjoe's rating: 1137 &rarr; <strong>1160</strong><br />(+23 for winning)\n|raw|hdhsjsko's rating: 1113 &rarr; <strong>1090</strong><br />(-23 for losing)\n|l|\u2606hdhsjsko\n|player|p2|\n",
  "uploadtime": 1776193242,
  "views": 16,
  "formatid": "gen9championsvgc2026regma",
  "rating": 1090,
  "private": 0,
  "password": null
}