{
  "id": "gen9championsvgc2026regma-2584239893",
  "format": "[Gen 9 Champions] VGC 2026 Reg M-A",
  "players": [
    "Dop a da",
    "25528989d"
  ],
  "log": "|j|\u2606Dop a da\n|j|\u260625528989d\n|t:|1776242041\n|gametype|doubles\n|player|p1|Dop a da|266|1055\n|player|p2|25528989d|roxie-masters|1113\n|gen|9\n|tier|[Gen 9 Champions] VGC 2026 Reg M-A\n|rated|\n|rule|Species Clause: Limit one of each Pok\u00e9mon\n|rule|Item Clause: Limit 1 of each item\n|clearpoke\n|poke|p1|Incineroar, L50, M|\n|poke|p1|Sneasler, L50, F|\n|poke|p1|Charizard, L50, M|\n|poke|p1|Whimsicott, L50, M|\n|poke|p1|Garchomp, L50, M|\n|poke|p1|Venusaur, L50, M|\n|poke|p2|Ninetales-Alola, L50, M|\n|poke|p2|Glimmora, L50, M|\n|poke|p2|Incineroar, L50, M|\n|poke|p2|Kingambit, L50, F|\n|poke|p2|Kommo-o, L50, F|\n|poke|p2|Sinistcha, L50|\n|teampreview|4\n|\n|t:|1776242098\n|teamsize|p1|4\n|teamsize|p2|4\n|start\n|switch|p1a: Charizard|Charizard, L50, M|100/100\n|switch|p1b: Sneasler|Sneasler, L50, F|100/100\n|switch|p2a: Glimmora|Glimmora, L50, M|100/100\n|switch|p2b: Kingambit|Kingambit, L50, F|100/100\n|turn|1\n|\n|t:|1776242121\n|move|p1a: Charizard|Protect|p1a: Charizard\n|-singleturn|p1a: Charizard|Protect\n|move|p2a: Glimmora|Spiky Shield|p2a: Glimmora\n|-singleturn|p2a: Glimmora|move: Protect\n|move|p2b: Kingambit|Protect|p2b: Kingambit\n|-singleturn|p2b: Kingambit|Protect\n|move|p1b: Sneasler|Close Combat|p2b: Kingambit\n|-activate|p2b: Kingambit|move: Protect\n|\n|upkeep\n|turn|2\n|\n|t:|1776242165\n|switch|p1a: Garchomp|Garchomp, L50, M|100/100\n|detailschange|p2a: Glimmora|Glimmora-Mega, L50, M\n|-mega|p2a: Glimmora|Glimmora|Glimmoranite\n|move|p2b: Kingambit|Sucker Punch|p1b: Sneasler\n|-resisted|p1b: Sneasler|1\n|-damage|p1b: Sneasler|62/100\n|move|p1b: Sneasler|Close Combat|p2a: Glimmora\n|-damage|p2a: Glimmora|42/100\n|-unboost|p1b: Sneasler|def|1\n|-unboost|p1b: Sneasler|spd|1\n|-enditem|p1b: Sneasler|White Herb\n|-clearnegativeboost|p1b: Sneasler|[silent]\n|move|p2a: Glimmora|Power Gem|p1a: Garchomp\n|-resisted|p1a: Garchomp|1\n|-damage|p1a: Garchomp|63/100\n|\n|upkeep\n|turn|3\n|\n|t:|1776242188\n|switch|p1b: Charizard|Charizard, L50, M|100/100\n|switch|p2b: Sinistcha|Sinistcha, L50|100/100\n|-heal|p2a: Glimmora|66/100|[from] ability: Hospitality|[of] p2b: Sinistcha\n|move|p2a: Glimmora|Spiky Shield|p2a: Glimmora\n|-singleturn|p2a: Glimmora|move: Protect\n|move|p1a: Garchomp|Earthquake|p2a: Glimmora|[spread] p2b\n|-activate|p2a: Glimmora|move: Protect\n|-immune|p1b: Charizard\n|-resisted|p2b: Sinistcha|1\n|-damage|p2b: Sinistcha|83/100\n|\n|upkeep\n|turn|4\n|l|\u2606Dop a da\n|player|p1|\n|j|\u2606Dop a da\n|player|p1|Dop a da|266|\n|\n|t:|1776242230\n|switch|p2a: Kingambit|Kingambit, L50, F|100/100\n|detailschange|p1b: Charizard|Charizard-Mega-Y, L50, M\n|-mega|p1b: Charizard|Charizard|Charizardite Y\n|-weather|SunnyDay|[from] ability: Drought|[of] p1b: Charizard\n|move|p1a: Garchomp|Earthquake|p2a: Kingambit|[spread] p2a,p2b\n|-immune|p1b: Charizard\n|-supereffective|p2a: Kingambit|1\n|-resisted|p2b: Sinistcha|1\n|-damage|p2a: Kingambit|41/100\n|-damage|p2b: Sinistcha|65/100\n|move|p1b: Charizard|Heat Wave|p2b: Sinistcha|[spread] p2a,p2b\n|-supereffective|p2a: Kingambit|1\n|-supereffective|p2b: Sinistcha|1\n|-damage|p2a: Kingambit|0 fnt\n|-damage|p2b: Sinistcha|0 fnt\n|faint|p2a: Kingambit\n|faint|p2b: Sinistcha\n|\n|-weather|SunnyDay|[upkeep]\n|upkeep\n|\n|t:|1776242242\n|switch|p2b: Ninetales|Ninetales-Alola, L50, M|100/100\n|switch|p2a: Glimmora|Glimmora-Mega, L50, M|66/100\n|-weather|Snowscape|[from] ability: Snow Warning|[of] p2b: Ninetales\n|turn|5\n|\n|t:|1776242271\n|switch|p1b: Whimsicott|Whimsicott, L50, M|100/100\n|move|p1a: Garchomp|Protect|p1a: Garchomp\n|-singleturn|p1a: Garchomp|Protect\n|move|p2b: Ninetales|Icy Wind|p1b: Whimsicott|[spread] p1b\n|-activate|p1a: Garchomp|move: Protect\n|-supereffective|p1b: Whimsicott|1\n|-damage|p1b: Whimsicott|47/100\n|-unboost|p1b: Whimsicott|spe|1\n|move|p2a: Glimmora|Substitute|p2a: Glimmora\n|-start|p2a: Glimmora|Substitute\n|-damage|p2a: Glimmora|42/100\n|\n|-weather|Snowscape|[upkeep]\n|upkeep\n|turn|6\n|\n|t:|1776242312\n|switch|p1a: Sneasler|Sneasler, L50, F|62/100\n|move|p1b: Whimsicott|Encore|p2a: Glimmora\n|-start|p2a: Glimmora|Encore\n|move|p2b: Ninetales|Icy Wind|p1b: Whimsicott|[spread] p1b\n|-miss|p2b: Ninetales|p1a: Sneasler\n|-supereffective|p1b: Whimsicott|1\n|-damage|p1b: Whimsicott|0 fnt\n|faint|p1b: Whimsicott\n|move|p2a: Glimmora|Substitute|p2a: Glimmora\n|-fail|p2a: Glimmora|move: Substitute\n|\n|-weather|Snowscape|[upkeep]\n|upkeep\n|\n|t:|1776242323\n|switch|p1b: Charizard|Charizard-Mega-Y, L50, M|100/100\n|-weather|SunnyDay|[from] ability: Drought|[of] p1b: Charizard\n|turn|7\n|\n|t:|1776242336\n|move|p1a: Sneasler|Dire Claw|p2b: Ninetales\n|-supereffective|p2b: Ninetales|1\n|-damage|p2b: Ninetales|0 fnt\n|faint|p2b: Ninetales\n|move|p2a: Glimmora|Substitute|p2a: Glimmora\n|-fail|p2a: Glimmora|move: Substitute\n|move|p1b: Charizard|Heat Wave|p2a: Glimmora\n|-resisted|p2a: Glimmora|1\n|-end|p2a: Glimmora|Substitute\n|\n|-weather|SunnyDay|[upkeep]\n|upkeep\n|turn|8\n|\n|t:|1776242346\n|move|p1a: Sneasler|Close Combat|p2a: Glimmora\n|-damage|p2a: Glimmora|0 fnt\n|-unboost|p1a: Sneasler|def|1\n|-unboost|p1a: Sneasler|spd|1\n|faint|p2a: Glimmora\n|\n|win|Dop a da\n|raw|Dop a da's rating: 1055 &rarr; <strong>1092</strong><br />(+37 for winning)\n|raw|25528989d's rating: 1113 &rarr; <strong>1084</strong><br />(-29 for losing)\n",
  "uploadtime": 1776242347,
  "views": 21,
  "formatid": "gen9championsvgc2026regma",
  "rating": 1084,
  "private": 0,
  "password": null
}