{
  "id": "gen9championsvgc2026regma-2584369617",
  "format": "[Gen 9 Champions] VGC 2026 Reg M-A",
  "players": [
    "ASilentDragon",
    "EllAkuro"
  ],
  "log": "|j|\u2606ASilentDragon\n|j|\u2606EllAkuro\n|t:|1776255600\n|gametype|doubles\n|player|p1|ASilentDragon|cynthia-gen4|1182\n|player|p2|EllAkuro|2|1260\n|gen|9\n|tier|[Gen 9 Champions] VGC 2026 Reg M-A\n|rated|\n|rule|Species Clause: Limit one of each Pok\u00e9mon\n|rule|Item Clause: Limit 1 of each item\n|clearpoke\n|poke|p1|Meganium, L50, F|\n|poke|p1|Politoed, L50, F|\n|poke|p1|Aerodactyl, L50, M|\n|poke|p1|Archaludon, L50, M|\n|poke|p1|Sinistcha, L50|\n|poke|p1|Basculegion, L50, M|\n|poke|p2|Venusaur, L50, M|\n|poke|p2|Umbreon, L50, F|\n|poke|p2|Goodra-Hisui, L50, M|\n|poke|p2|Charizard, L50, M|\n|poke|p2|Milotic, L50, M|\n|poke|p2|Floette-Eternal, L50, F|\n|teampreview|4\n|\n|t:|1776255628\n|teamsize|p1|4\n|teamsize|p2|4\n|start\n|switch|p1a: Aerodactyl|Aerodactyl, L50, M|100/100\n|switch|p1b: Archaludon|Archaludon, L50, M|100/100\n|switch|p2a: Umbreon|Umbreon, L50, F|100/100\n|switch|p2b: Venusaur|Venusaur, L50, M|100/100\n|-ability|p1a: Aerodactyl|Unnerve\n|turn|1\n|\n|t:|1776255647\n|move|p2b: Venusaur|Protect|p2b: Venusaur\n|-singleturn|p2b: Venusaur|Protect\n|move|p1a: Aerodactyl|Tailwind|p1a: Aerodactyl\n|-sidestart|p1: ASilentDragon|move: Tailwind\n|move|p1b: Archaludon|Dragon Pulse|p2a: Umbreon\n|-damage|p2a: Umbreon|72/100\n|move|p2a: Umbreon|Yawn|p1b: Archaludon\n|-start|p1b: Archaludon|move: Yawn|[of] p2a: Umbreon\n|\n|-heal|p2a: Umbreon|78/100|[from] item: Leftovers\n|upkeep\n|turn|2\n|\n|t:|1776255657\n|switch|p1b: Sinistcha|Sinistcha, L50|100/100\n|switch|p2b: Goodra|Goodra-Hisui, L50, M|100/100\n|move|p1a: Aerodactyl|Rock Slide|p2a: Umbreon|[spread] p2a,p2b\n|-resisted|p2b: Goodra|1\n|-damage|p2a: Umbreon|62/100\n|-damage|p2b: Goodra|89/100\n|move|p2a: Umbreon|Snarl|p1a: Aerodactyl|[spread] p1b\n|-miss|p2a: Umbreon|p1a: Aerodactyl\n|-supereffective|p1b: Sinistcha|1\n|-damage|p1b: Sinistcha|80/100\n|-unboost|p1b: Sinistcha|spa|1\n|\n|-heal|p2a: Umbreon|68/100|[from] item: Leftovers\n|upkeep\n|turn|3\n|\n|t:|1776255671\n|move|p1a: Aerodactyl|Dual Wingbeat|p2a: Umbreon\n|-crit|p2a: Umbreon\n|-damage|p2a: Umbreon|49/100\n|-damage|p2a: Umbreon|37/100\n|-hitcount|p2a: Umbreon|2\n|move|p1b: Sinistcha|Matcha Gotcha|p2a: Umbreon|[spread] p2a,p2b\n|-resisted|p2b: Goodra|2\n|-damage|p2a: Umbreon|26/100\n|-heal|p1b: Sinistcha|86/100|[from] drain|[of] p2a: Umbreon\n|-damage|p2b: Goodra|87/100\n|-heal|p1b: Sinistcha|88/100|[from] drain|[of] p2b: Goodra\n|move|p2b: Goodra|Shelter|p2b: Goodra\n|-boost|p2b: Goodra|def|2\n|move|p2a: Umbreon|Yawn|p1b: Sinistcha\n|-start|p1b: Sinistcha|move: Yawn|[of] p2a: Umbreon\n|\n|-heal|p2a: Umbreon|32/100|[from] item: Leftovers\n|upkeep\n|turn|4\n|\n|t:|1776255687\n|switch|p1b: Meganium|Meganium, L50, F|100/100\n|move|p2a: Umbreon|Protect|p2a: Umbreon\n|-singleturn|p2a: Umbreon|Protect\n|move|p1a: Aerodactyl|Dual Wingbeat|p2a: Umbreon\n|-activate|p2a: Umbreon|move: Protect\n|move|p2b: Goodra|Life Dew|p2b: Goodra|[spread] p2a,p2b\n|-heal|p2a: Umbreon|57/100\n|-heal|p2b: Goodra|100/100\n|\n|-heal|p2a: Umbreon|63/100|[from] item: Leftovers\n|-sideend|p1: ASilentDragon|move: Tailwind\n|upkeep\n|turn|5\n|\n|t:|1776255704\n|detailschange|p1b: Meganium|Meganium-Mega, L50, F\n|-mega|p1b: Meganium|Meganium|Meganiumite\n|move|p1a: Aerodactyl|Tailwind|p1a: Aerodactyl\n|-sidestart|p1: ASilentDragon|move: Tailwind\n|move|p1b: Meganium|Weather Ball|p2b: Goodra\n|-damage|p2b: Goodra|72/100\n|move|p2b: Goodra|Heavy Slam|p1a: Aerodactyl\n|-supereffective|p1a: Aerodactyl|1\n|-enditem|p1a: Aerodactyl|Focus Sash\n|-damage|p1a: Aerodactyl|1/100\n|move|p2a: Umbreon|Foul Play|p1a: Aerodactyl\n|-damage|p1a: Aerodactyl|0 fnt\n|faint|p1a: Aerodactyl\n|\n|-heal|p2a: Umbreon|69/100|[from] item: Leftovers\n|upkeep\n|\n|t:|1776255712\n|switch|p1a: Sinistcha|Sinistcha, L50|88/100\n|turn|6\n|\n|t:|1776255718\n|move|p1a: Sinistcha|Rage Powder|p1a: Sinistcha\n|-singleturn|p1a: Sinistcha|move: Rage Powder\n|move|p1b: Meganium|Dazzling Gleam|p2a: Umbreon|[spread] p2a,p2b\n|-supereffective|p2a: Umbreon|1\n|-damage|p2a: Umbreon|27/100\n|-damage|p2b: Goodra|55/100\n|move|p2b: Goodra|Life Dew|p2b: Goodra|[spread] p2a,p2b\n|-heal|p2a: Umbreon|52/100\n|-heal|p2b: Goodra|80/100\n|move|p2a: Umbreon|Snarl|p1b: Meganium|[spread] p1a,p1b\n|-supereffective|p1a: Sinistcha|1\n|-resisted|p1b: Meganium|1\n|-damage|p1a: Sinistcha|64/100\n|-damage|p1b: Meganium|96/100\n|-unboost|p1a: Sinistcha|spa|1\n|-unboost|p1b: Meganium|spa|1\n|\n|-heal|p2a: Umbreon|58/100|[from] item: Leftovers\n|upkeep\n|turn|7\n|\n|t:|1776255740\n|move|p1b: Meganium|Dazzling Gleam|p2b: Goodra|[spread] p2a,p2b\n|-supereffective|p2a: Umbreon|1\n|-damage|p2a: Umbreon|33/100\n|-damage|p2b: Goodra|67/100\n|move|p1a: Sinistcha|Matcha Gotcha|p2a: Umbreon|[spread] p2a,p2b\n|-resisted|p2b: Goodra|2\n|-damage|p2a: Umbreon|23/100\n|-heal|p1a: Sinistcha|70/100|[from] drain|[of] p2a: Umbreon\n|-damage|p2b: Goodra|65/100\n|-heal|p1a: Sinistcha|71/100|[from] drain|[of] p2b: Goodra\n|move|p2b: Goodra|Life Dew|p2b: Goodra|[spread] p2a,p2b\n|-heal|p2a: Umbreon|48/100\n|-heal|p2b: Goodra|90/100\n|move|p2a: Umbreon|Yawn|p1a: Sinistcha\n|-start|p1a: Sinistcha|move: Yawn|[of] p2a: Umbreon\n|\n|-heal|p2a: Umbreon|54/100|[from] item: Leftovers\n|upkeep\n|turn|8\n|\n|t:|1776255768\n|switch|p1a: Archaludon|Archaludon, L50, M|100/100\n|switch|p2b: Venusaur|Venusaur, L50, M|100/100\n|move|p2a: Umbreon|Protect|p2a: Umbreon\n|-singleturn|p2a: Umbreon|Protect\n|move|p1b: Meganium|Solar Beam||[still]\n|-prepare|p1b: Meganium|Solar Beam\n|-activate|p1b: Meganium|ability: Mega Sol\n|-anim|p1b: Meganium|Solar Beam|p2b: Venusaur\n|-resisted|p2b: Venusaur|2\n|-damage|p2b: Venusaur|92/100\n|\n|-heal|p2a: Umbreon|60/100|[from] item: Leftovers\n|-sideend|p1: ASilentDragon|move: Tailwind\n|upkeep\n|turn|9\n|\n|t:|1776255783\n|switch|p1b: Sinistcha|Sinistcha, L50|71/100\n|detailschange|p2b: Venusaur|Venusaur-Mega, L50, M\n|-mega|p2b: Venusaur|Venusaur|Venusaurite\n|move|p1a: Archaludon|Electro Shot||[still]\n|-prepare|p1a: Archaludon|Electro Shot\n|-boost|p1a: Archaludon|spa|1\n|move|p2b: Venusaur|Earth Power|p1a: Archaludon\n|-supereffective|p1a: Archaludon|1\n|-damage|p1a: Archaludon|39/100\n|-ability|p1a: Archaludon|Stamina|boost\n|-boost|p1a: Archaludon|def|1\n|move|p2a: Umbreon|Snarl|p1a: Archaludon|[spread] p1a,p1b\n|-supereffective|p1b: Sinistcha|1\n|-damage|p1a: Archaludon|26/100\n|-damage|p1b: Sinistcha|47/100\n|-unboost|p1a: Archaludon|spa|1\n|-unboost|p1b: Sinistcha|spa|1\n|-ability|p1a: Archaludon|Stamina|boost\n|-boost|p1a: Archaludon|def|1\n|-enditem|p1b: Sinistcha|Sitrus Berry|[eat]\n|-heal|p1b: Sinistcha|72/100|[from] item: Sitrus Berry\n|\n|-heal|p2a: Umbreon|66/100|[from] item: Leftovers\n|upkeep\n|turn|10\n|\n|t:|1776255801\n|move|p1b: Sinistcha|Rage Powder|p1b: Sinistcha\n|-singleturn|p1b: Sinistcha|move: Rage Powder\n|move|p1a: Archaludon|Electro Shot|p2a: Umbreon|[from] lockedmove\n|-damage|p2a: Umbreon|36/100\n|move|p2b: Venusaur|Earth Power|p1a: Archaludon\n|-supereffective|p1a: Archaludon|1\n|-damage|p1a: Archaludon|0 fnt\n|faint|p1a: Archaludon\n|move|p2a: Umbreon|Yawn|p1b: Sinistcha\n|-start|p1b: Sinistcha|move: Yawn|[of] p2a: Umbreon\n|\n|-heal|p2a: Umbreon|42/100|[from] item: Leftovers\n|upkeep\n|\n|t:|1776255812\n|switch|p1a: Meganium|Meganium-Mega, L50, F|96/100\n|turn|11\n|\n|t:|1776255822\n|move|p2a: Umbreon|Protect|p2a: Umbreon\n|-singleturn|p2a: Umbreon|Protect\n|move|p1a: Meganium|Solar Beam||[still]\n|-prepare|p1a: Meganium|Solar Beam\n|-activate|p1a: Meganium|ability: Mega Sol\n|-anim|p1a: Meganium|Solar Beam|p2a: Umbreon\n|-activate|p2a: Umbreon|move: Protect\n|move|p2b: Venusaur|Sludge Bomb|p1a: Meganium\n|-supereffective|p1a: Meganium|2\n|-damage|p1a: Meganium|0 fnt\n|faint|p1a: Meganium\n|move|p1b: Sinistcha|Matcha Gotcha|p2b: Venusaur|[spread] p2b\n|-activate|p2a: Umbreon|move: Protect\n|-resisted|p2b: Venusaur|2\n|-damage|p2b: Venusaur|89/100\n|-heal|p1b: Sinistcha|74/100|[from] drain|[of] p2b: Venusaur\n|\n|-heal|p2a: Umbreon|48/100|[from] item: Leftovers\n|-end|p1b: Sinistcha|move: Yawn|[silent]\n|-status|p1b: Sinistcha|slp\n|upkeep\n|turn|12\n|-message|ASilentDragon forfeited.\n|\n|win|EllAkuro\n|raw|ASilentDragon's rating: 1182 &rarr; <strong>1163</strong><br />(-19 for losing)\n|raw|EllAkuro's rating: 1260 &rarr; <strong>1279</strong><br />(+19 for winning)\n|l|\u2606ASilentDragon\n|player|p1|\n",
  "uploadtime": 1776255841,
  "views": 19,
  "formatid": "gen9championsvgc2026regma",
  "rating": 1163,
  "private": 0,
  "password": null
}