{
  "id": "gen9championsvgc2026regma-2580803532",
  "format": "[Gen 9 Champions] VGC 2026 Reg M-A",
  "players": [
    "YourBestieRae",
    "fenrey007"
  ],
  "log": "|j|\u2606YourBestieRae\n|j|\u2606fenrey007\n|t:|1775933767\n|gametype|doubles\n|player|p1|YourBestieRae|emma|1216\n|player|p2|fenrey007|brock|1117\n|gen|9\n|tier|[Gen 9 Champions] VGC 2026 Reg M-A\n|rated|\n|rule|Species Clause: Limit one of each Pok\u00e9mon\n|rule|Item Clause: Limit 1 of each item\n|clearpoke\n|poke|p1|Crabominable, L50, F|\n|poke|p1|Sinistcha, L50|\n|poke|p1|Excadrill, L50, M|\n|poke|p1|Tyranitar, L50, F|\n|poke|p1|Delphox, L50, F|\n|poke|p1|Rotom-Wash, L50|\n|poke|p2|Gengar, L50, M|\n|poke|p2|Aerodactyl, L50, M|\n|poke|p2|Garchomp, L50, F|\n|poke|p2|Primarina, L50, F|\n|poke|p2|Incineroar, L50, M|\n|poke|p2|Rotom-Frost, L50|\n|teampreview|4\n|inactive|Battle timer is ON: inactive players will automatically lose when time's up. (requested by YourBestieRae)\n|inactive|YourBestieRae has 60 seconds left.\n|inactive|fenrey007 has 60 seconds left.\n|inactive|fenrey007 has 30 seconds left.\n|\n|t:|1775933832\n|teamsize|p1|4\n|teamsize|p2|4\n|start\n|switch|p1a: \ud83e\udd80\ud83d\udcde\ud83d\udcde\ud83d\udcde|Crabominable, L50, F|100/100\n|switch|p1b: Sinistcha|Sinistcha, L50|100/100\n|switch|p2a: Primarina|Primarina, L50, F, shiny|100/100\n|switch|p2b: Gengar|Gengar, L50, M|100/100\n|turn|1\n|inactive|YourBestieRae has 30 seconds left.\n|inactive|YourBestieRae has 20 seconds left.\n|\n|t:|1775933868\n|switch|p1b: Tyranitar|Tyranitar, L50, F|100/100\n|-weather|Sandstorm|[from] ability: Sand Stream|[of] p1b: Tyranitar\n|switch|p1a: Excadrill|Excadrill, L50, M|100/100\n|detailschange|p2b: Gengar|Gengar-Mega, L50, M\n|-mega|p2b: Gengar|Gengar|Gengarite\n|move|p2b: Gengar|Shadow Ball|p1b: Tyranitar\n|-resisted|p1b: Tyranitar|1\n|-damage|p1b: Tyranitar|85/100\n|move|p2a: Primarina|Moonblast|p1a: Excadrill\n|-resisted|p1a: Excadrill|1\n|-damage|p1a: Excadrill|62/100\n|\n|-weather|Sandstorm|[upkeep]\n|-damage|p2b: Gengar|95/100|[from] Sandstorm\n|-damage|p2a: Primarina|95/100|[from] Sandstorm\n|upkeep\n|turn|2\n|inactive|fenrey007 has 30 seconds left.\n|\n|t:|1775933901\n|switch|p2b: Garchomp|Garchomp, L50, F|100/100\n|move|p1a: Excadrill|Protect|p1a: Excadrill\n|-singleturn|p1a: Excadrill|Protect\n|move|p2a: Primarina|Hyper Voice|p1b: Tyranitar|[spread] p1b\n|-activate|p1a: Excadrill|move: Protect\n|-supereffective|p1b: Tyranitar|1\n|-damage|p1b: Tyranitar|37/100\n|move|p1b: Tyranitar|Rock Slide|p2a: Primarina|[spread] p2a,p2b\n|-resisted|p2b: Garchomp|1\n|-damage|p2a: Primarina|54/100\n|-damage|p2b: Garchomp|83/100\n|\n|-weather|Sandstorm|[upkeep]\n|-damage|p2a: Primarina|48/100|[from] Sandstorm\n|upkeep\n|turn|3\n|\n|t:|1775933924\n|move|p2a: Primarina|Protect|p2a: Primarina\n|-singleturn|p2a: Primarina|Protect\n|move|p1b: Tyranitar|Protect|p1b: Tyranitar\n|-singleturn|p1b: Tyranitar|Protect\n|move|p1a: Excadrill|Earthquake|p2b: Garchomp|[spread] p2b\n|-activate|p1b: Tyranitar|move: Protect\n|-activate|p2a: Primarina|move: Protect\n|-damage|p2b: Garchomp|39/100\n|move|p2b: Garchomp|Earthquake|p1a: Excadrill|[spread] p1a\n|-activate|p2a: Primarina|move: Protect\n|-activate|p1b: Tyranitar|move: Protect\n|-supereffective|p1a: Excadrill|1\n|-damage|p1a: Excadrill|0 fnt\n|faint|p1a: Excadrill\n|\n|-weather|Sandstorm|[upkeep]\n|-damage|p2a: Primarina|43/100|[from] Sandstorm\n|upkeep\n|\n|t:|1775933936\n|switch|p1a: Sinistcha|Sinistcha, L50|100/100\n|-heal|p1b: Tyranitar|62/100|[from] ability: Hospitality|[of] p1a: Sinistcha\n|turn|4\n|\n|t:|1775933956\n|switch|p2a: Rotom|Rotom-Frost, L50|100/100\n|move|p1b: Tyranitar|Protect||[still]\n|-fail|p1b: Tyranitar\n|move|p2b: Garchomp|Earthquake|p1b: Tyranitar|[spread] p1a,p1b\n|-immune|p2a: Rotom|[from] ability: Levitate\n|-resisted|p1a: Sinistcha|1\n|-supereffective|p1b: Tyranitar|1\n|-damage|p1a: Sinistcha|82/100\n|-damage|p1b: Tyranitar|0 fnt\n|faint|p1b: Tyranitar\n|move|p1a: Sinistcha|Trick Room|p1a: Sinistcha\n|-fieldstart|move: Trick Room|[of] p1a: Sinistcha\n|\n|-weather|Sandstorm|[upkeep]\n|-damage|p1a: Sinistcha|76/100|[from] Sandstorm\n|-damage|p2a: Rotom|95/100|[from] Sandstorm\n|upkeep\n|\n|t:|1775933964\n|switch|p1b: \ud83e\udd80\ud83d\udcde\ud83d\udcde\ud83d\udcde|Crabominable, L50, F|100/100\n|turn|5\n|\n|t:|1775933984\n|detailschange|p1b: \ud83e\udd80\ud83d\udcde\ud83d\udcde\ud83d\udcde|Crabominable-Mega, L50, F\n|-mega|p1b: \ud83e\udd80\ud83d\udcde\ud83d\udcde\ud83d\udcde|Crabominable|Crabominite\n|move|p2b: Garchomp|Protect|p2b: Garchomp\n|-singleturn|p2b: Garchomp|Protect\n|move|p1b: \ud83e\udd80\ud83d\udcde\ud83d\udcde\ud83d\udcde|Drain Punch|p2a: Rotom\n|-supereffective|p2a: Rotom|1\n|-damage|p2a: Rotom|0 fnt\n|faint|p2a: Rotom\n|move|p1a: Sinistcha|Matcha Gotcha|p2b: Garchomp\n|-activate|p2b: Garchomp|move: Protect\n|\n|-weather|none\n|upkeep\n|\n|t:|1775933999\n|switch|p2a: Gengar|Gengar-Mega, L50, M|95/100\n|turn|6\n|\n|t:|1775934012\n|move|p2b: Garchomp|Protect||[still]\n|-fail|p2b: Garchomp\n|move|p1b: \ud83e\udd80\ud83d\udcde\ud83d\udcde\ud83d\udcde|Ice Hammer|p2a: Gengar\n|-damage|p2a: Gengar|0 fnt\n|-unboost|p1b: \ud83e\udd80\ud83d\udcde\ud83d\udcde\ud83d\udcde|spe|1\n|faint|p2a: Gengar\n|move|p1a: Sinistcha|Matcha Gotcha|p2b: Garchomp\n|-damage|p2b: Garchomp|6/100\n|-heal|p1a: Sinistcha|94/100|[from] drain|[of] p2b: Garchomp\n|\n|upkeep\n|\n|t:|1775934021\n|switch|p2a: Primarina|Primarina, L50, F, shiny|43/100\n|turn|7\n|\n|t:|1775934030\n|move|p1b: \ud83e\udd80\ud83d\udcde\ud83d\udcde\ud83d\udcde|Ice Hammer|p2a: Primarina\n|-resisted|p2a: Primarina|1\n|-damage|p2a: Primarina|0 fnt\n|-unboost|p1b: \ud83e\udd80\ud83d\udcde\ud83d\udcde\ud83d\udcde|spe|1\n|faint|p2a: Primarina\n|move|p1a: Sinistcha|Matcha Gotcha|p2b: Garchomp\n|-damage|p2b: Garchomp|0 fnt\n|-heal|p1a: Sinistcha|97/100|[from] drain|[of] p2b: Garchomp\n|faint|p2b: Garchomp\n|\n|win|YourBestieRae\n|raw|YourBestieRae's rating: 1216 &rarr; <strong>1234</strong><br />(+18 for winning)\n|raw|fenrey007's rating: 1117 &rarr; <strong>1099</strong><br />(-18 for losing)\n|l|\u2606fenrey007\n|player|p2|\n",
  "uploadtime": 1775934039,
  "views": 15,
  "formatid": "gen9championsvgc2026regma",
  "rating": 1099,
  "private": 0,
  "password": null
}