{
  "id": "gen9championsvgc2026regma-2584355566",
  "format": "[Gen 9 Champions] VGC 2026 Reg M-A",
  "players": [
    "giiirldinner",
    "yukideee"
  ],
  "log": "|j|\u2606giiirldinner\n|j|\u2606yukideee\n|t:|1776254349\n|gametype|doubles\n|player|p1|giiirldinner|schoolkidf-gen4|1111\n|player|p2|yukideee|cynthia-masters4|1054\n|gen|9\n|tier|[Gen 9 Champions] VGC 2026 Reg M-A\n|rated|\n|rule|Species Clause: Limit one of each Pok\u00e9mon\n|rule|Item Clause: Limit 1 of each item\n|clearpoke\n|poke|p1|Delphox, L50, M|\n|poke|p1|Whimsicott, L50, F|\n|poke|p1|Incineroar, L50, F|\n|poke|p1|Garchomp, L50, F|\n|poke|p1|Sneasler, L50, M|\n|poke|p1|Kingambit, L50, F|\n|poke|p2|Sinistcha-Masterpiece, L50|\n|poke|p2|Pelipper, L50, F|\n|poke|p2|Basculegion, L50, M|\n|poke|p2|Scizor, L50, F|\n|poke|p2|Alakazam, L50, M|\n|poke|p2|Drampa, L50, F|\n|teampreview|4\n|inactive|Battle timer is ON: inactive players will automatically lose when time's up. (requested by yukideee)\n|inactive|giiirldinner has 60 seconds left.\nyukideee rejected open team sheets.\n|\n|t:|1776254391\n|teamsize|p1|4\n|teamsize|p2|4\n|start\n|switch|p1a: Kingambit|Kingambit, L50, F|100/100\n|switch|p1b: Sneasler|Sneasler, L50, M|100/100\n|switch|p2a: Sinistcha|Sinistcha-Masterpiece, L50|100/100\n|switch|p2b: Alakazam|Alakazam, L50, M|100/100\n|turn|1\n|\n|t:|1776254415\n|move|p1b: Sneasler|Fake Out|p2b: Alakazam\n|-damage|p2b: Alakazam|64/100\n|move|p2a: Sinistcha|Rage Powder|p2a: Sinistcha\n|-singleturn|p2a: Sinistcha|move: Rage Powder\n|move|p2b: Alakazam|Reflect|p2b: Alakazam\n|-sidestart|p2: yukideee|Reflect\n|move|p1a: Kingambit|Swords Dance|p1a: Kingambit\n|-boost|p1a: Kingambit|atk|2\n|\n|upkeep\n|turn|2\n|inactive|giiirldinner has 30 seconds left.\n|\n|t:|1776254441\n|move|p2a: Sinistcha|Rage Powder|p2a: Sinistcha\n|-singleturn|p2a: Sinistcha|move: Rage Powder\n|move|p2b: Alakazam|Light Screen|p2b: Alakazam\n|-sidestart|p2: yukideee|move: Light Screen\n|move|p1b: Sneasler|Dire Claw|p2a: Sinistcha\n|-damage|p2a: Sinistcha|78/100\n|-status|p2a: Sinistcha|psn\n|move|p1a: Kingambit|Iron Head|p2a: Sinistcha\n|-damage|p2a: Sinistcha|25/100 psn\n|-enditem|p2a: Sinistcha|Sitrus Berry|[eat]\n|-heal|p2a: Sinistcha|50/100 psn|[from] item: Sitrus Berry\n|\n|-damage|p2a: Sinistcha|38/100 psn|[from] psn\n|upkeep\n|turn|3\n|\n|t:|1776254464\n|move|p2a: Sinistcha|Rage Powder|p2a: Sinistcha\n|-singleturn|p2a: Sinistcha|move: Rage Powder\n|move|p1b: Sneasler|Dire Claw|p2a: Sinistcha\n|-damage|p2a: Sinistcha|13/100 psn\n|move|p2b: Alakazam|Psychic|p1b: Sneasler\n|-supereffective|p1b: Sneasler|2\n|-damage|p1b: Sneasler|0 fnt\n|faint|p1b: Sneasler\n|move|p1a: Kingambit|Iron Head|p2a: Sinistcha\n|-damage|p2a: Sinistcha|0 fnt\n|faint|p2a: Sinistcha\n|\n|upkeep\n|\n|t:|1776254474\n|switch|p1b: Whimsicott|Whimsicott, L50, F|100/100\n|switch|p2a: Drampa|Drampa, L50, F|100/100\n|-ability|p2a: Drampa|Cloud Nine\n|turn|4\n|\n|t:|1776254494\n|detailschange|p2a: Drampa|Drampa-Mega, L50, F\n|-mega|p2a: Drampa|Drampa|Drampanite\n|move|p1b: Whimsicott|Encore|p2b: Alakazam\n|-start|p2b: Alakazam|Encore\n|move|p1a: Kingambit|Sucker Punch|p2a: Drampa\n|-damage|p2a: Drampa|52/100\n|move|p2b: Alakazam|Psychic|p1b: Whimsicott\n|-damage|p1b: Whimsicott|33/100\n|move|p2a: Drampa|Earth Power|p1a: Kingambit\n|-supereffective|p1a: Kingambit|1\n|-crit|p1a: Kingambit\n|-damage|p1a: Kingambit|0 fnt\n|faint|p1a: Kingambit\n|\n|upkeep\n|\n|t:|1776254508\n|switch|p1a: Delphox|Delphox, L50, M|100/100\n|turn|5\n|inactive|giiirldinner has 30 seconds left.\n|\n|t:|1776254535\n|detailschange|p1a: Delphox|Delphox-Mega, L50, M\n|-mega|p1a: Delphox|Delphox|Delphoxite\n|move|p1b: Whimsicott|Encore|p2a: Drampa\n|-start|p2a: Drampa|Encore\n|move|p2b: Alakazam|Psychic|p1b: Whimsicott\n|-damage|p1b: Whimsicott|0 fnt\n|faint|p1b: Whimsicott\n|move|p1a: Delphox|Calm Mind|p1a: Delphox\n|-boost|p1a: Delphox|spa|1\n|-boost|p1a: Delphox|spd|1\n|move|p2a: Drampa|Earth Power|p1a: Delphox\n|-immune|p1a: Delphox|[from] ability: Levitate\n|\n|-sideend|p2: yukideee|Reflect\n|upkeep\n|turn|6\n|\n|t:|1776254551\n|switch|p2a: Scizor|Scizor, L50, F|100/100\n|move|p2b: Alakazam|Psychic|p1a: Delphox\n|-resisted|p1a: Delphox|1\n|-damage|p1a: Delphox|84/100\n|move|p1a: Delphox|Calm Mind|p1a: Delphox\n|-boost|p1a: Delphox|spa|1\n|-boost|p1a: Delphox|spd|1\n|\n|-end|p2b: Alakazam|Encore\n|-sideend|p2: yukideee|move: Light Screen\n|upkeep\n|turn|7\n|\n|t:|1776254568\n|move|p2b: Alakazam|Speed Swap|p2a: Scizor\n|-activate|p2b: Alakazam|move: Speed Swap|[of] p2a: Scizor\n|move|p2a: Scizor|Bug Bite|p1a: Delphox\n|-damage|p1a: Delphox|10/100\n|move|p1a: Delphox|Heat Wave|p2b: Alakazam|[spread] p2a,p2b\n|-supereffective|p2a: Scizor|2\n|-damage|p2a: Scizor|0 fnt\n|-damage|p2b: Alakazam|0 fnt\n|faint|p2a: Scizor\n|faint|p2b: Alakazam\n|\n|upkeep\n|\n|t:|1776254575\n|switch|p2b: Drampa|Drampa-Mega, L50, F|52/100\n|turn|8\n|\n|t:|1776254581\n|move|p2b: Drampa|Protect|p2b: Drampa\n|-singleturn|p2b: Drampa|Protect\n|move|p1a: Delphox|Psychic|p2b: Drampa\n|-activate|p2b: Drampa|move: Protect\n|\n|upkeep\n|turn|9\n|\n|t:|1776254589\n|move|p1a: Delphox|Psychic|p2b: Drampa\n|-damage|p2b: Drampa|0 fnt\n|faint|p2b: Drampa\n|\n|win|giiirldinner\n|raw|giiirldinner's rating: 1111 &rarr; <strong>1132</strong><br />(+21 for winning)\n|raw|yukideee's rating: 1054 &rarr; <strong>1039</strong><br />(-15 for losing)\n",
  "uploadtime": 1776254590,
  "views": 24,
  "formatid": "gen9championsvgc2026regma",
  "rating": 1039,
  "private": 0,
  "password": null
}