{
  "id": "gen9championsvgc2026regma-2583011573",
  "format": "[Gen 9 Champions] VGC 2026 Reg M-A",
  "players": [
    "zeras13",
    "igor36044"
  ],
  "log": "|j|\u2606zeras13\n|j|\u2606igor36044\n|t:|1776133185\n|gametype|doubles\n|player|p1|zeras13|striker|1082\n|player|p2|igor36044|266|1119\n|gen|9\n|tier|[Gen 9 Champions] VGC 2026 Reg M-A\n|rated|\n|rule|Species Clause: Limit one of each Pok\u00e9mon\n|rule|Item Clause: Limit 1 of each item\n|clearpoke\n|poke|p1|Garchomp, L50, F|\n|poke|p1|Milotic, L50, F|\n|poke|p1|Kingambit, L50, M|\n|poke|p1|Froslass, L50, F|\n|poke|p1|Talonflame, L50, M|\n|poke|p1|Sneasler, L50, M|\n|poke|p2|Chandelure, L50, F|\n|poke|p2|Sableye, L50, M|\n|poke|p2|Sneasler, L50, F|\n|poke|p2|Whimsicott, L50, M|\n|poke|p2|Garchomp, L50, F|\n|poke|p2|Milotic, L50, F|\n|teampreview|4\n|\n|t:|1776133213\n|teamsize|p1|4\n|teamsize|p2|4\n|start\n|switch|p1a: Talonflame|Talonflame, L50, M|100/100\n|switch|p1b: Froslass|Froslass, L50, F|100/100\n|switch|p2a: Chandelure|Chandelure, L50, F|100/100\n|switch|p2b: Whimsicott|Whimsicott, L50, M|100/100\n|turn|1\n|\n|t:|1776133240\n|detailschange|p1b: Froslass|Froslass-Mega, L50, F\n|-mega|p1b: Froslass|Froslass|Froslassite\n|-weather|Snowscape|[from] ability: Snow Warning|[of] p1b: Froslass\n|detailschange|p2a: Chandelure|Chandelure-Mega, L50, F\n|-mega|p2a: Chandelure|Chandelure|Chandelurite\n|move|p1a: Talonflame|Brave Bird|p2b: Whimsicott\n|-supereffective|p2b: Whimsicott|1\n|-damage|p2b: Whimsicott|6/100\n|-damage|p1a: Talonflame|67/100|[from] Recoil\n|move|p2b: Whimsicott|Tailwind|p2b: Whimsicott\n|-sidestart|p2: igor36044|move: Tailwind\n|move|p2a: Chandelure|Shadow Ball|p1b: Froslass\n|-supereffective|p1b: Froslass|1\n|-damage|p1b: Froslass|0 fnt\n|faint|p1b: Froslass\n|\n|-weather|Snowscape|[upkeep]\n|upkeep\n|\n|t:|1776133260\n|switch|p1b: Sneasler|Sneasler, L50, M|100/100\n|-ability|p1b: Sneasler|Pressure\n|turn|2\n|\n|t:|1776133285\n|move|p2b: Whimsicott|Protect|p2b: Whimsicott\n|-singleturn|p2b: Whimsicott|Protect\n|move|p1b: Sneasler|Fake Out|p2b: Whimsicott\n|-activate|p2b: Whimsicott|move: Protect\n|move|p2a: Chandelure|Shadow Ball|p1b: Sneasler\n|-damage|p1b: Sneasler|25/100\n|move|p1a: Talonflame|Tailwind|p1a: Talonflame\n|-sidestart|p1: zeras13|move: Tailwind\n|\n|-weather|Snowscape|[upkeep]\n|upkeep\n|turn|3\n|\n|t:|1776133308\n|move|p2b: Whimsicott|Fake Tears|p1a: Talonflame\n|-unboost|p1a: Talonflame|spd|2\n|move|p1a: Talonflame|Brave Bird|p2b: Whimsicott\n|-supereffective|p2b: Whimsicott|1\n|-damage|p2b: Whimsicott|0 fnt\n|faint|p2b: Whimsicott\n|-damage|p1a: Talonflame|65/100|[from] Recoil\n|move|p1b: Sneasler|Dire Claw|p2a: Chandelure\n|-resisted|p2a: Chandelure|1\n|-damage|p2a: Chandelure|72/100\n|move|p2a: Chandelure|Heat Wave|p1b: Sneasler|[spread] p1a,p1b\n|-resisted|p1a: Talonflame|1\n|-damage|p1a: Talonflame|0 fnt\n|-damage|p1b: Sneasler|0 fnt\n|faint|p1a: Talonflame\n|faint|p1b: Sneasler\n|\n|-weather|Snowscape|[upkeep]\n|upkeep\n|\n|t:|1776133328\n|switch|p1a: Garchomp|Garchomp, L50, F|100/100\n|switch|p2b: Sneasler|Sneasler, L50, F|100/100\n|turn|4\n|\n|t:|1776133347\n|move|p2b: Sneasler|Fake Out|p1a: Garchomp\n|-damage|p1a: Garchomp|87/100\n|-damage|p2b: Sneasler|88/100|[from] ability: Rough Skin|[of] p1a: Garchomp\n|cant|p1a: Garchomp|flinch\n|move|p2a: Chandelure|Shadow Ball|p1a: Garchomp\n|-damage|p1a: Garchomp|31/100\n|\n|-weather|Snowscape|[upkeep]\n|-sideend|p2: igor36044|move: Tailwind\n|upkeep\n|turn|5\n|\n|t:|1776133360\n|switch|p2b: Garchomp|Garchomp, L50, F|100/100\n|move|p2a: Chandelure|Protect|p2a: Chandelure\n|-singleturn|p2a: Chandelure|Protect\n|move|p1a: Garchomp|Earthquake|p2a: Chandelure|[spread] p2b\n|-activate|p2a: Chandelure|move: Protect\n|-damage|p2b: Garchomp|51/100\n|\n|-weather|none\n|-sideend|p1: zeras13|move: Tailwind\n|upkeep\n|turn|6\n|\n|t:|1776133382\n|move|p1a: Garchomp|Earthquake|p2b: Garchomp|[spread] p2a,p2b\n|-supereffective|p2a: Chandelure|1\n|-damage|p2a: Chandelure|0 fnt\n|-damage|p2b: Garchomp|7/100\n|faint|p2a: Chandelure\n|move|p2b: Garchomp|Dragon Claw|p1a: Garchomp\n|-supereffective|p1a: Garchomp|1\n|-damage|p1a: Garchomp|0 fnt\n|-damage|p2b: Garchomp|0 fnt|[from] ability: Rough Skin|[of] p1a: Garchomp\n|faint|p1a: Garchomp\n|faint|p2b: Garchomp\n|\n|win|igor36044\n|raw|zeras13's rating: 1082 &rarr; <strong>1062</strong><br />(-20 for losing)\n|raw|igor36044's rating: 1119 &rarr; <strong>1141</strong><br />(+22 for winning)\n|c|\u2606zeras13|gg\n|l|\u2606zeras13\n|player|p1|\n",
  "uploadtime": 1776133751,
  "views": 14,
  "formatid": "gen9championsvgc2026regma",
  "rating": 1062,
  "private": 0,
  "password": null
}