{
  "id": "gen9championsvgc2026regma-2585514504",
  "format": "[Gen 9 Champions] VGC 2026 Reg M-A",
  "players": [
    "Yamimari",
    "adsasvasfasd"
  ],
  "log": "|j|\u2606Yamimari\n|j|\u2606adsasvasfasd\n|t:|1776352653\n|gametype|doubles\n|player|p1|Yamimari|n|1161\n|player|p2|adsasvasfasd|ghetsis-gen5bw|1134\n|gen|9\n|tier|[Gen 9 Champions] VGC 2026 Reg M-A\n|rated|\n|rule|Species Clause: Limit one of each Pok\u00e9mon\n|rule|Item Clause: Limit 1 of each item\n|clearpoke\n|poke|p1|Blastoise, L50, M|\n|poke|p1|Raichu, L50, M|\n|poke|p1|Pelipper, L50, M|\n|poke|p1|Sinistcha, L50|\n|poke|p1|Archaludon, L50, M|\n|poke|p1|Lycanroc-Dusk, L50, M|\n|poke|p2|Charizard, L50, F|\n|poke|p2|Venusaur, L50, M|\n|poke|p2|Garchomp, L50, F|\n|poke|p2|Incineroar, L50, F|\n|poke|p2|Gardevoir, L50, M|\n|poke|p2|Milotic, L50, M|\n|teampreview|4\n|\n|t:|1776352675\n|teamsize|p1|4\n|teamsize|p2|4\n|start\n|switch|p1a: Tremor|Lycanroc-Dusk, L50, M|100/100\n|switch|p1b: Pippins|Raichu, L50, M|100/100\n|switch|p2a: Charizard|Charizard, L50, F|100/100\n|switch|p2b: Garchomp|Garchomp, L50, F|100/100\n|turn|1\n|inactive|Battle timer is ON: inactive players will automatically lose when time's up. (requested by Yamimari)\n|\n|t:|1776352686\n|move|p2a: Charizard|Protect|p2a: Charizard\n|-singleturn|p2a: Charizard|Protect\n|move|p1b: Pippins|Fake Out|p2b: Garchomp\n|-damage|p2b: Garchomp|92/100\n|-damage|p1b: Pippins|88/100|[from] ability: Rough Skin|[of] p2b: Garchomp\n|move|p1a: Tremor|Accelerock|p2a: Charizard\n|-activate|p2a: Charizard|move: Protect\n|cant|p2b: Garchomp|flinch\n|\n|upkeep\n|turn|2\n|\n|t:|1776352705\n|switch|p2a: Venusaur|Venusaur, L50, M|100/100\n|move|p1a: Tremor|Protect|p1a: Tremor\n|-singleturn|p1a: Tremor|Protect\n|move|p1b: Pippins|Nuzzle|p2a: Venusaur\n|-resisted|p2a: Venusaur|1\n|-damage|p2a: Venusaur|96/100\n|-status|p2a: Venusaur|par\n|move|p2b: Garchomp|Earthquake|p1a: Tremor|[spread] p2a,p1b\n|-activate|p1a: Tremor|move: Protect\n|-supereffective|p1b: Pippins|1\n|-damage|p2a: Venusaur|39/100 par\n|-damage|p1b: Pippins|0 fnt\n|faint|p1b: Pippins\n|\n|upkeep\n|\n|t:|1776352721\n|switch|p1b: MineMine|Pelipper, L50, M|100/100\n|-weather|RainDance|[from] ability: Drizzle|[of] p1b: MineMine\n|turn|3\n|\n|t:|1776352746\n|move|p2a: Venusaur|Protect|p2a: Venusaur\n|-singleturn|p2a: Venusaur|Protect\n|move|p1b: MineMine|Wide Guard|p1b: MineMine\n|-singleturn|p1b: MineMine|Wide Guard\n|move|p2b: Garchomp|Rock Slide|p1a: Tremor|[spread] \n|-activate|p1a: Tremor|move: Wide Guard\n|-activate|p1b: MineMine|move: Wide Guard\n|move|p1a: Tremor|Rock Slide|p2b: Garchomp|[spread] p2b\n|-activate|p2a: Venusaur|move: Protect\n|-resisted|p2b: Garchomp|1\n|-damage|p2b: Garchomp|77/100\n|\n|-weather|RainDance|[upkeep]\n|upkeep\n|turn|4\n|\n|t:|1776352764\n|switch|p2a: Charizard|Charizard, L50, F|100/100\n|move|p1a: Tremor|Protect|p1a: Tremor\n|-singleturn|p1a: Tremor|Protect\n|move|p2b: Garchomp|Rock Slide|p1b: MineMine|[spread] \n|-activate|p1a: Tremor|move: Protect\n|-miss|p2b: Garchomp|p1b: MineMine\n|move|p1b: MineMine|Tailwind|p1b: MineMine\n|-sidestart|p1: Yamimari|move: Tailwind\n|\n|-weather|RainDance|[upkeep]\n|upkeep\n|turn|5\n|\n|t:|1776352776\n|detailschange|p2a: Charizard|Charizard-Mega-Y, L50, F\n|-mega|p2a: Charizard|Charizard|Charizardite Y\n|-weather|SunnyDay|[from] ability: Drought|[of] p2a: Charizard\n|move|p1b: MineMine|Wide Guard|p1b: MineMine\n|-singleturn|p1b: MineMine|Wide Guard\n|move|p1a: Tremor|Rock Slide|p2a: Charizard|[spread] p2a,p2b\n|-supereffective|p2a: Charizard|2\n|-resisted|p2b: Garchomp|1\n|-crit|p2b: Garchomp\n|-damage|p2a: Charizard|0 fnt\n|-damage|p2b: Garchomp|53/100\n|faint|p2a: Charizard\n|cant|p2b: Garchomp|flinch\n|\n|-weather|SunnyDay|[upkeep]\n|upkeep\n|\n|t:|1776352786\n|switch|p2a: Incineroar|Incineroar, L50, F|100/100\n|-ability|p2a: Incineroar|Intimidate|boost\n|-unboost|p1a: Tremor|atk|1\n|-unboost|p1b: MineMine|atk|1\n|turn|6\n|\n|t:|1776352802\n|move|p1a: Tremor|Protect|p1a: Tremor\n|-singleturn|p1a: Tremor|Protect\n|move|p2a: Incineroar|Fake Out|p1a: Tremor\n|-activate|p1a: Tremor|move: Protect\n|move|p1b: MineMine|Hurricane|p2b: Garchomp\n|-damage|p2b: Garchomp|0 fnt\n|faint|p2b: Garchomp\n|\n|-weather|SunnyDay|[upkeep]\n|upkeep\n|-message|adsasvasfasd forfeited.\n|\n|win|Yamimari\n|raw|Yamimari's rating: 1161 &rarr; <strong>1184</strong><br />(+23 for winning)\n|raw|adsasvasfasd's rating: 1134 &rarr; <strong>1111</strong><br />(-23 for losing)\n|l|\u2606adsasvasfasd\n|player|p2|\n",
  "uploadtime": 1776352810,
  "views": 28,
  "formatid": "gen9championsvgc2026regma",
  "rating": 1111,
  "private": 0,
  "password": null
}