{
  "id": "gen9championsvgc2026regma-2585064878",
  "format": "[Gen 9 Champions] VGC 2026 Reg M-A",
  "players": [
    "Noobiest_noob5",
    "wontooni"
  ],
  "log": "|j|\u2606Noobiest_noob5\n|j|\u2606wontooni\n|t:|1776308172\n|gametype|doubles\n|player|p1|Noobiest_noob5|hiker-gen4|1070\n|player|p2|wontooni|benga|1000\n|gen|9\n|tier|[Gen 9 Champions] VGC 2026 Reg M-A\n|rated|\n|rule|Species Clause: Limit one of each Pok\u00e9mon\n|rule|Item Clause: Limit 1 of each item\n|clearpoke\n|poke|p1|Crabominable, L50, F|\n|poke|p1|Pelipper, L50, M|\n|poke|p1|Kingambit, L50, F|\n|poke|p1|Farigiraf, L50, F|\n|poke|p1|Incineroar, L50, F|\n|poke|p1|Gengar, L50, M|\n|poke|p2|Maushold, L50|\n|poke|p2|Garchomp, L50, M|\n|poke|p2|Rotom-Wash, L50|\n|poke|p2|Floette-Eternal, L50, F|\n|poke|p2|Talonflame, L50, F|\n|poke|p2|Aegislash, L50, F|\n|teampreview|4\n|inactive|Battle timer is ON: inactive players will automatically lose when time's up. (requested by wontooni)\nwontooni rejected open team sheets.\n|\n|t:|1776308188\n|teamsize|p1|4\n|teamsize|p2|4\n|start\n|switch|p1a: Farigiraf|Farigiraf, L50, F|100/100\n|switch|p1b: Incineroar|Incineroar, L50, F|100/100\n|switch|p2a: Maushold|Maushold, L50|100/100\n|switch|p2b: Floette|Floette-Eternal, L50, F|100/100\n|-ability|p1b: Incineroar|Intimidate|boost\n|-unboost|p2a: Maushold|atk|1\n|-unboost|p2b: Floette|atk|1\n|turn|1\n|\n|t:|1776308205\n|detailschange|p2b: Floette|Floette-Mega, L50, F\n|-mega|p2b: Floette|Floette|Floettite\n|-ability|p2b: Floette|Fairy Aura\n|move|p1b: Incineroar|Fake Out|p2b: Floette\n|-damage|p2b: Floette|92/100\n|move|p2a: Maushold|Taunt|p1a: Farigiraf\n|-start|p1a: Farigiraf|move: Taunt\n|cant|p2b: Floette|flinch\n|cant|p1a: Farigiraf|move: Taunt|Trick Room\n|\n|upkeep\n|turn|2\n|\n|t:|1776308230\n|switch|p1a: Pelipper|Pelipper, L50, M|100/100\n|-weather|RainDance|[from] ability: Drizzle|[of] p1a: Pelipper\n|move|p2a: Maushold|Follow Me|p2a: Maushold\n|-singleturn|p2a: Maushold|move: Follow Me\n|move|p2b: Floette|Calm Mind|p2b: Floette\n|-boost|p2b: Floette|spa|1\n|-boost|p2b: Floette|spd|1\n|move|p1b: Incineroar|Parting Shot|p2a: Maushold\n|-unboost|p2a: Maushold|atk|1\n|-unboost|p2a: Maushold|spa|1\n|\n|t:|1776308235\n|switch|p1b: Farigiraf|Farigiraf, L50, F|100/100|[from] Parting Shot\n|\n|-weather|RainDance|[upkeep]\n|upkeep\n|turn|3\n|\n|t:|1776308256\n|move|p2a: Maushold|Super Fang|p1b: Farigiraf|[miss]\n|-miss|p2a: Maushold|p1b: Farigiraf\n|move|p2b: Floette|Moonblast|p1b: Farigiraf\n|-damage|p1b: Farigiraf|0 fnt\n|faint|p1b: Farigiraf\n|move|p1a: Pelipper|Tailwind|p1a: Pelipper\n|-sidestart|p1: Noobiest_noob5|move: Tailwind\n|\n|-weather|RainDance|[upkeep]\n|upkeep\n|\n|t:|1776308263\n|switch|p1b: Crabominable|Crabominable, L50, F|100/100\n|turn|4\n|inactive|Noobiest_noob5 has 30 seconds left.\n|\n|t:|1776308290\n|detailschange|p1b: Crabominable|Crabominable-Mega, L50, F\n|-mega|p1b: Crabominable|Crabominable|Crabominite\n|move|p2a: Maushold|Follow Me|p2a: Maushold\n|-singleturn|p2a: Maushold|move: Follow Me\n|move|p1a: Pelipper|Weather Ball|p2a: Maushold\n|-damage|p2a: Maushold|33/100\n|move|p2b: Floette|Moonblast|p1b: Crabominable\n|-supereffective|p1b: Crabominable|1\n|-damage|p1b: Crabominable|0 fnt\n|faint|p1b: Crabominable\n|\n|-weather|RainDance|[upkeep]\n|upkeep\n|\n|t:|1776308297\n|switch|p1b: Incineroar|Incineroar, L50, F|100/100\n|-ability|p1b: Incineroar|Intimidate|boost\n|-unboost|p2a: Maushold|atk|1\n|-unboost|p2b: Floette|atk|1\n|turn|5\n|-message|Noobiest_noob5 forfeited.\n|\n|win|wontooni\n|raw|Noobiest_noob5's rating: 1070 &rarr; <strong>1045</strong><br />(-25 for losing)\n|raw|wontooni's rating: 1000 &rarr; <strong>1048</strong><br />(+48 for winning)\n|l|\u2606Noobiest_noob5\n|player|p1|\n",
  "uploadtime": 1776308305,
  "views": 23,
  "formatid": "gen9championsvgc2026regma",
  "rating": 1045,
  "private": 0,
  "password": null
}