{
  "id": "gen9championsvgc2026regma-2588823271",
  "format": "[Gen 9 Champions] VGC 2026 Reg M-A",
  "players": [
    "dkapflzksh",
    "Hoshinaaa"
  ],
  "log": "|j|\u2606dkapflzksh\n|j|\u2606Hoshinaaa\n|t:|1776675209\n|gametype|doubles\n|player|p1|dkapflzksh|scientist-gen4dp|1622\n|player|p2|Hoshinaaa|rosa|1721\n|gen|9\n|tier|[Gen 9 Champions] VGC 2026 Reg M-A\n|rated|\n|rule|Species Clause: Limit one of each Pok\u00e9mon\n|rule|Item Clause: Limit 1 of each item\n|clearpoke\n|poke|p1|Basculegion, L50, M, shiny|\n|poke|p1|Dragonite, L50, F, shiny|\n|poke|p1|Archaludon, L50, F, shiny|\n|poke|p1|Pelipper, L50, M, shiny|\n|poke|p1|Floette-Eternal, L50, F|\n|poke|p1|Kingambit, L50, M, shiny|\n|poke|p2|Starmie, L50|\n|poke|p2|Incineroar, L50, F|\n|poke|p2|Sinistcha-Masterpiece, L50|\n|poke|p2|Kingambit, L50, M|\n|poke|p2|Glimmora, L50, F|\n|poke|p2|Corviknight, L50, F|\n|teampreview|4\n|inactive|Battle timer is ON: inactive players will automatically lose when time's up. (requested by Hoshinaaa)\n|inactive|dkapflzksh has 60 seconds left.\n|\n|t:|1776675244\n|teamsize|p1|4\n|teamsize|p2|4\n|start\n|switch|p1a: Pelipper|Pelipper, L50, M, shiny|100/100\n|switch|p1b: Basculegion|Basculegion, L50, M, shiny|100/100\n|switch|p2a: Glimmora|Glimmora, L50, F|100/100\n|switch|p2b: Starmie|Starmie, L50|100/100\n|-weather|RainDance|[from] ability: Drizzle|[of] p1a: Pelipper\n|turn|1\n|\n|t:|1776675261\n|detailschange|p2b: Starmie|Starmie-Mega, L50\n|-mega|p2b: Starmie|Starmie|Starminite\n|move|p1b: Basculegion|Flip Turn|p2a: Glimmora\n|-supereffective|p2a: Glimmora|1\n|-enditem|p2a: Glimmora|Focus Sash\n|-damage|p2a: Glimmora|1/100\n|-activate|p2a: Glimmora|ability: Toxic Debris\n|-sidestart|p1: dkapflzksh|move: Toxic Spikes\n|\n|t:|1776675269\n|switch|p1b: Archaludon|Archaludon, L50, F, shiny|100/100|[from] Flip Turn\n|move|p2b: Starmie|Liquidation|p1a: Pelipper\n|-resisted|p1a: Pelipper|1\n|-damage|p1a: Pelipper|33/100\n|move|p2a: Glimmora|Power Gem|p1a: Pelipper\n|-supereffective|p1a: Pelipper|1\n|-damage|p1a: Pelipper|0 fnt\n|faint|p1a: Pelipper\n|\n|-weather|RainDance|[upkeep]\n|upkeep\n|\n|t:|1776675282\n|switch|p1a: Kingambit|Kingambit, L50, M, shiny|100/100\n|turn|2\n|j| trisew\n|\n|t:|1776675298\n|switch|p2b: Sinistcha|Sinistcha-Masterpiece, L50|100/100\n|move|p2a: Glimmora|Spiky Shield|p2a: Glimmora\n|-singleturn|p2a: Glimmora|move: Protect\n|move|p1a: Kingambit|Sucker Punch||[still]\n|-fail|p1a: Kingambit\n|move|p1b: Archaludon|Electro Shot||[still]\n|-prepare|p1b: Archaludon|Electro Shot\n|-boost|p1b: Archaludon|spa|1\n|-anim|p1b: Archaludon|Electro Shot|p2b: Sinistcha\n|-resisted|p2b: Sinistcha|1\n|-damage|p2b: Sinistcha|70/100\n|\n|-weather|RainDance|[upkeep]\n|upkeep\n|turn|3\n|j| CEEEESZ\n|\n|t:|1776675321\n|move|p2b: Sinistcha|Rage Powder|p2b: Sinistcha\n|-singleturn|p2b: Sinistcha|move: Rage Powder\n|move|p2a: Glimmora|Earth Power|p1b: Archaludon\n|-supereffective|p1b: Archaludon|1\n|-damage|p1b: Archaludon|30/100\n|-ability|p1b: Archaludon|Stamina|boost\n|-boost|p1b: Archaludon|def|1\n|move|p1b: Archaludon|Electro Shot||[still]\n|-prepare|p1b: Archaludon|Electro Shot\n|-boost|p1b: Archaludon|spa|1\n|-anim|p1b: Archaludon|Electro Shot|p2b: Sinistcha\n|-resisted|p2b: Sinistcha|1\n|-damage|p2b: Sinistcha|29/100\n|move|p1a: Kingambit|Kowtow Cleave|p2b: Sinistcha\n|-supereffective|p2b: Sinistcha|1\n|-enditem|p2b: Sinistcha|Colbur Berry|[eat]\n|-enditem|p2b: Sinistcha|Colbur Berry|[weaken]\n|-damage|p2b: Sinistcha|0 fnt\n|faint|p2b: Sinistcha\n|\n|-weather|RainDance|[upkeep]\n|-heal|p1b: Archaludon|36/100|[from] item: Leftovers\n|upkeep\n|\n|t:|1776675342\n|switch|p2b: Starmie|Starmie-Mega, L50|100/100\n|turn|4\n|\n|t:|1776675357\n|move|p1b: Archaludon|Protect|p1b: Archaludon\n|-singleturn|p1b: Archaludon|Protect\n|move|p1a: Kingambit|Sucker Punch|p2a: Glimmora\n|-damage|p2a: Glimmora|0 fnt\n|-activate|p2a: Glimmora|ability: Toxic Debris\n|-sidestart|p1: dkapflzksh|move: Toxic Spikes\n|faint|p2a: Glimmora\n|move|p2b: Starmie|Liquidation|p1b: Archaludon\n|-activate|p1b: Archaludon|move: Protect\n|\n|-weather|RainDance|[upkeep]\n|-heal|p1b: Archaludon|42/100|[from] item: Leftovers\n|upkeep\n|\n|t:|1776675370\n|switch|p2a: Corviknight|Corviknight, L50, F|100/100\n|turn|5\n|-message|Hoshinaaa forfeited.\n|\n|win|dkapflzksh\n|raw|dkapflzksh's rating: 1622 &rarr; <strong>1648</strong><br />(+26 for winning)\n|raw|Hoshinaaa's rating: 1721 &rarr; <strong>1695</strong><br />(-26 for losing)\n",
  "uploadtime": 1776675373,
  "views": 12,
  "formatid": "gen9championsvgc2026regma",
  "rating": 1648,
  "private": 0,
  "password": null
}