{
  "id": "gen9championsvgc2026regma-2586937945",
  "format": "[Gen 9 Champions] VGC 2026 Reg M-A",
  "players": [
    "loklastaji",
    "ronalddlc"
  ],
  "log": "|j|\u2606loklastaji\n|j|\u2606ronalddlc\n|t:|1776473620\n|gametype|doubles\n|player|p1|loklastaji|2|1097\n|player|p2|ronalddlc|dancer|1006\n|gen|9\n|tier|[Gen 9 Champions] VGC 2026 Reg M-A\n|rated|\n|rule|Species Clause: Limit one of each Pok\u00e9mon\n|rule|Item Clause: Limit 1 of each item\n|clearpoke\n|poke|p1|Samurott-Hisui, L50, F|\n|poke|p1|Delphox, L50, F|\n|poke|p1|Tinkaton, L50, F|\n|poke|p1|Decidueye-Hisui, L50, M|\n|poke|p1|Altaria, L50, M|\n|poke|p1|Farigiraf, L50, F|\n|poke|p2|Blastoise, L50, M|\n|poke|p2|Mamoswine, L50, M|\n|poke|p2|Pelipper, L50, M|\n|poke|p2|Snorlax, L50, M|\n|poke|p2|Arcanine-Hisui, L50, M|\n|poke|p2|Jolteon, L50, M|\n|teampreview|4\n|\n|t:|1776473653\n|teamsize|p1|4\n|teamsize|p2|4\n|start\n|switch|p1a: Decidueye|Decidueye-Hisui, L50, M|100/100\n|switch|p1b: Delphox|Delphox, L50, F|100/100\n|switch|p2a: Jolteon|Jolteon, L50, M|100/100\n|switch|p2b: Mamoswine|Mamoswine, L50, M|100/100\n|turn|1\n|\n|t:|1776473678\n|detailschange|p1b: Delphox|Delphox-Mega, L50, F\n|-mega|p1b: Delphox|Delphox|Delphoxite\n|move|p2a: Jolteon|Thunder Wave|p1b: Delphox\n|-status|p1b: Delphox|par\n|move|p1a: Decidueye|Close Combat|p2a: Jolteon\n|-damage|p2a: Jolteon|17/100\n|-unboost|p1a: Decidueye|def|1\n|-unboost|p1a: Decidueye|spd|1\n|move|p1b: Delphox|Heat Wave|p2a: Jolteon|[spread] p2a,p2b\n|-supereffective|p2b: Mamoswine|1\n|-damage|p2a: Jolteon|0 fnt\n|-damage|p2b: Mamoswine|53/100\n|-status|p2b: Mamoswine|brn\n|faint|p2a: Jolteon\n|move|p2b: Mamoswine|Avalanche|p1a: Decidueye\n|-supereffective|p1a: Decidueye|1\n|-damage|p1a: Decidueye|41/100\n|\n|-damage|p2b: Mamoswine|47/100 brn|[from] brn\n|upkeep\n|\n|t:|1776473708\n|switch|p2a: Pelipper|Pelipper, L50, M, shiny|100/100\n|-weather|RainDance|[from] ability: Drizzle|[of] p2a: Pelipper\n|turn|2\n|\n|t:|1776473718\n|switch|p1b: Altaria|Altaria, L50, M|100/100\n|-ability|p1b: Altaria|Cloud Nine\n|move|p1a: Decidueye|Close Combat|p2b: Mamoswine\n|-supereffective|p2b: Mamoswine|1\n|-damage|p2b: Mamoswine|0 fnt\n|-unboost|p1a: Decidueye|def|1\n|-unboost|p1a: Decidueye|spd|1\n|faint|p2b: Mamoswine\n|move|p2a: Pelipper|Hydro Pump|p1b: Altaria\n|-resisted|p1b: Altaria|1\n|-damage|p1b: Altaria|78/100\n|\n|-weather|RainDance|[upkeep]\n|upkeep\n|\n|t:|1776473726\n|switch|p2b: Blastoise|Blastoise, L50, M|100/100\n|turn|3\n|\n|t:|1776473744\n|switch|p1a: Samurott|Samurott-Hisui, L50, F|100/100\n|detailschange|p2b: Blastoise|Blastoise-Mega, L50, M\n|-mega|p2b: Blastoise|Blastoise|Blastoisinite\n|move|p1b: Altaria|Tailwind|p1b: Altaria\n|-sidestart|p1: loklastaji|move: Tailwind\n|move|p2b: Blastoise|Dark Pulse|p1b: Altaria\n|-damage|p1b: Altaria|31/100\n|move|p2a: Pelipper|Hurricane|p1a: Samurott\n|-damage|p1a: Samurott|47/100\n|\n|-weather|RainDance|[upkeep]\n|upkeep\n|turn|4\n|\n|t:|1776473765\n|move|p1b: Altaria|Hyper Voice|p2b: Blastoise|[spread] p2a,p2b\n|-damage|p2a: Pelipper|78/100\n|-damage|p2b: Blastoise|88/100\n|move|p1a: Samurott|Sacred Sword|p2b: Blastoise\n|-damage|p2b: Blastoise|45/100\n|move|p2b: Blastoise|Aura Sphere|p1a: Samurott\n|-supereffective|p1a: Samurott|1\n|-damage|p1a: Samurott|0 fnt\n|faint|p1a: Samurott\n|move|p2a: Pelipper|Hurricane|p1b: Altaria\n|-damage|p1b: Altaria|0 fnt\n|faint|p1b: Altaria\n|\n|-weather|RainDance|[upkeep]\n|upkeep\n|\n|t:|1776473781\n|switch|p1b: Delphox|Delphox-Mega, L50, F|100/100 par\n|switch|p1a: Decidueye|Decidueye-Hisui, L50, M|41/100\n|turn|5\n|\n|t:|1776473798\n|move|p1a: Decidueye|Leaf Blade|p2b: Blastoise\n|-supereffective|p2b: Blastoise|1\n|-damage|p2b: Blastoise|0 fnt\n|faint|p2b: Blastoise\n|cant|p1b: Delphox|par\n|move|p2a: Pelipper|Hurricane|p1a: Decidueye\n|-supereffective|p1a: Decidueye|2\n|-damage|p1a: Decidueye|0 fnt\n|faint|p1a: Decidueye\n|\n|-weather|RainDance|[upkeep]\n|upkeep\n|turn|6\n|\n|t:|1776473814\n|move|p1b: Delphox|Expanding Force|p2a: Pelipper\n|-damage|p2a: Pelipper|10/100\n|move|p2a: Pelipper|Hydro Pump|p1b: Delphox\n|-supereffective|p1b: Delphox|1\n|-damage|p1b: Delphox|0 fnt\n|faint|p1b: Delphox\n|\n|win|ronalddlc\n|raw|loklastaji's rating: 1097 &rarr; <strong>1066</strong><br />(-31 for losing)\n|raw|ronalddlc's rating: 1006 &rarr; <strong>1055</strong><br />(+49 for winning)\n",
  "uploadtime": 1776473822,
  "views": 19,
  "formatid": "gen9championsvgc2026regma",
  "rating": 1055,
  "private": 0,
  "password": null
}