{
  "id": "gen9championsvgc2026regma-2580973425",
  "format": "[Gen 9 Champions] VGC 2026 Reg M-A",
  "players": [
    "charninja9111",
    "cheeseguy43"
  ],
  "log": "|j|\u2606charninja9111\n|j|\u2606cheeseguy43\n|t:|1775948034\n|gametype|doubles\n|player|p1|charninja9111|blue|1000\n|player|p2|cheeseguy43|clair|1023\n|gen|9\n|tier|[Gen 9 Champions] VGC 2026 Reg M-A\n|rated|\n|rule|Species Clause: Limit one of each Pok\u00e9mon\n|rule|Item Clause: Limit 1 of each item\n|clearpoke\n|poke|p1|Whimsicott, L50, M|\n|poke|p1|Sneasler, L50, F|\n|poke|p1|Rotom-Wash, L50|\n|poke|p1|Garchomp, L50, M|\n|poke|p1|Kingambit, L50, F|\n|poke|p1|Charizard, L50, M|\n|poke|p2|Liepard, L50, F|\n|poke|p2|Beedrill, L50, M|\n|poke|p2|Clefable, L50, F|\n|poke|p2|Sneasler, L50, M|\n|poke|p2|Orthworm, L50, F|\n|poke|p2|Garchomp, L50, M|\n|teampreview|4\n|inactive|Battle timer is ON: inactive players will automatically lose when time's up. (requested by cheeseguy43)\n|\n|t:|1775948058\n|teamsize|p1|4\n|teamsize|p2|4\n|start\n|switch|p1a: Whimsicott|Whimsicott, L50, M|100/100\n|switch|p1b: Sneasler|Sneasler, L50, F|100/100\n|switch|p2a: Garchomp|Garchomp, L50, M|100/100\n|switch|p2b: Clefable|Clefable, L50, F|100/100\n|turn|1\n|\n|t:|1775948074\n|move|p1b: Sneasler|Fake Out|p2a: Garchomp\n|-damage|p2a: Garchomp|86/100\n|-damage|p1b: Sneasler|88/100|[from] ability: Rough Skin|[of] p2a: Garchomp\n|move|p1a: Whimsicott|Tailwind|p1a: Whimsicott\n|-sidestart|p1: charninja9111|move: Tailwind\n|cant|p2a: Garchomp|flinch\n|move|p2b: Clefable|Moonblast|p1a: Whimsicott\n|-damage|p1a: Whimsicott|48/100\n|\n|upkeep\n|turn|2\n|inactive|charninja9111 has 30 seconds left.\n|inactive|charninja9111 has 20 seconds left.\n|inactive|charninja9111 has 15 seconds left.\n|\n|t:|1775948118\n|move|p2b: Clefable|Follow Me|p2b: Clefable\n|-singleturn|p2b: Clefable|move: Follow Me\n|move|p1a: Whimsicott|Moonblast|p2b: Clefable\n|-damage|p2b: Clefable|75/100\n|move|p1b: Sneasler|Dire Claw|p2b: Clefable\n|-supereffective|p2b: Clefable|1\n|-damage|p2b: Clefable|0 fnt\n|faint|p2b: Clefable\n|move|p2a: Garchomp|Stomping Tantrum|p1b: Sneasler\n|-supereffective|p1b: Sneasler|1\n|-damage|p1b: Sneasler|0 fnt\n|faint|p1b: Sneasler\n|\n|upkeep\n|\n|t:|1775948132\n|switch|p1b: Charizard|Charizard, L50, M|100/100\n|switch|p2b: Orthworm|Orthworm, L50, F|100/100\n|turn|3\n|\n|t:|1775948138\n|switch|p2a: Sneasler|Sneasler, L50, M|100/100\n|-ability|p2a: Sneasler|Pressure\n|detailschange|p1b: Charizard|Charizard-Mega-Y, L50, M\n|-mega|p1b: Charizard|Charizard|Charizardite Y\n|-weather|SunnyDay|[from] ability: Drought|[of] p1b: Charizard\n|move|p1a: Whimsicott|Encore||[still]\n|-fail|p1a: Whimsicott\n|move|p1b: Charizard|Heat Wave|p2a: Sneasler|[spread] p2a,p2b\n|-supereffective|p2b: Orthworm|1\n|-damage|p2a: Sneasler|15/100\n|-damage|p2b: Orthworm|0 fnt\n|faint|p2b: Orthworm\n|\n|-weather|SunnyDay|[upkeep]\n|upkeep\n|\n|t:|1775948149\n|switch|p2b: Garchomp|Garchomp, L50, M|86/100\n|turn|4\n|inactive|charninja9111 has 30 seconds left.\n|\n|t:|1775948180\n|move|p1b: Charizard|Protect|p1b: Charizard\n|-singleturn|p1b: Charizard|Protect\n|move|p1a: Whimsicott|Moonblast|p2a: Sneasler\n|-damage|p2a: Sneasler|0 fnt\n|faint|p2a: Sneasler\n|move|p2b: Garchomp|Rock Slide|p1b: Charizard|[spread] p1a\n|-activate|p1b: Charizard|move: Protect\n|-crit|p1a: Whimsicott\n|-damage|p1a: Whimsicott|2/100\n|\n|-weather|SunnyDay|[upkeep]\n|-sideend|p1: charninja9111|move: Tailwind\n|upkeep\n|turn|5\n|\n|t:|1775948189\n|switch|p1b: Rotom|Rotom-Wash, L50|100/100\n|move|p1a: Whimsicott|Encore|p2b: Garchomp\n|-start|p2b: Garchomp|Encore\n|move|p2b: Garchomp|Rock Slide|p1a: Whimsicott|[spread] p1a,p1b\n|-damage|p1a: Whimsicott|0 fnt\n|-damage|p1b: Rotom|76/100\n|faint|p1a: Whimsicott\n|\n|-weather|SunnyDay|[upkeep]\n|upkeep\n|\n|t:|1775948195\n|switch|p1a: Charizard|Charizard-Mega-Y, L50, M|100/100\n|turn|6\n|\n|t:|1775948200\n|move|p1a: Charizard|Protect|p1a: Charizard\n|-singleturn|p1a: Charizard|Protect\n|move|p2b: Garchomp|Rock Slide|p1b: Rotom|[spread] p1b\n|-activate|p1a: Charizard|move: Protect\n|-damage|p1b: Rotom|53/100\n|cant|p1b: Rotom|flinch\n|\n|-weather|SunnyDay|[upkeep]\n|upkeep\n|turn|7\n|\n|t:|1775948213\n|move|p2b: Garchomp|Rock Slide|p1b: Rotom|[spread] p1a,p1b\n|-supereffective|p1a: Charizard|2\n|-damage|p1a: Charizard|0 fnt\n|-damage|p1b: Rotom|27/100\n|-enditem|p1b: Rotom|Sitrus Berry|[eat]\n|-heal|p1b: Rotom|52/100|[from] item: Sitrus Berry\n|faint|p1a: Charizard\n|cant|p1b: Rotom|flinch\n|\n|-weather|none\n|-end|p2b: Garchomp|Encore\n|upkeep\n|turn|8\n|c|\u2606charninja9111|xd\n|\n|t:|1775948227\n|move|p2b: Garchomp|Rock Slide|p1b: Rotom\n|-damage|p1b: Rotom|20/100\n|move|p1b: Rotom|Hydro Pump|p2b: Garchomp\n|-damage|p2b: Garchomp|29/100\n|\n|upkeep\n|turn|9\n|\n|t:|1775948233\n|move|p2b: Garchomp|Rock Slide|p1b: Rotom\n|-damage|p1b: Rotom|0 fnt\n|faint|p1b: Rotom\n|\n|win|cheeseguy43\n|raw|charninja9111's rating: 1000 &rarr; <strong>1000</strong><br />(+0 for losing)\n|raw|cheeseguy43's rating: 1023 &rarr; <strong>1057</strong><br />(+34 for winning)\n|c|\u2606cheeseguy43|Gg\n",
  "uploadtime": 1775948243,
  "views": 18,
  "formatid": "gen9championsvgc2026regma",
  "rating": 1000,
  "private": 0,
  "password": null
}