{
  "id": "gen9championsvgc2026regma-2588866165",
  "format": "[Gen 9 Champions] VGC 2026 Reg M-A",
  "players": [
    "BlackWu",
    "le143"
  ],
  "log": "|j|\u2606BlackWu\n|j|\u2606le143\n|t:|1776680247\n|gametype|doubles\n|player|p1|BlackWu|2|1334\n|player|p2|le143|265|1354\n|gen|9\n|tier|[Gen 9 Champions] VGC 2026 Reg M-A\n|rated|\n|rule|Species Clause: Limit one of each Pok\u00e9mon\n|rule|Item Clause: Limit 1 of each item\n|clearpoke\n|poke|p1|Tyranitar, L50, M|\n|poke|p1|Sneasler, L50, F|\n|poke|p1|Gyarados, L50, F, shiny|\n|poke|p1|Goodra-Hisui, L50, M|\n|poke|p1|Sinistcha, L50|\n|poke|p1|Farigiraf, L50, M|\n|poke|p2|Blastoise, L50, M|\n|poke|p2|Sneasler, L50, F|\n|poke|p2|Sinistcha, L50|\n|poke|p2|Umbreon, L50, M, shiny|\n|poke|p2|Aerodactyl, L50, M|\n|poke|p2|Kingambit, L50, F|\n|teampreview|4\n|\n|t:|1776680287\n|teamsize|p1|4\n|teamsize|p2|4\n|start\n|switch|p1a: Goodra|Goodra-Hisui, L50, M|100/100\n|switch|p1b: Farigiraf|Farigiraf, L50, M|100/100\n|switch|p2a: Kingambit|Kingambit, L50, F|100/100\n|switch|p2b: Aerodactyl|Aerodactyl, L50, M|100/100\n|-ability|p2b: Aerodactyl|Unnerve\n|turn|1\n|\n|t:|1776680305\n|move|p2b: Aerodactyl|Rock Slide|p1b: Farigiraf|[spread] p1a,p1b\n|-resisted|p1a: Goodra|1\n|-damage|p1a: Goodra|92/100\n|-damage|p1b: Farigiraf|78/100\n|move|p1a: Goodra|Shelter|p1a: Goodra\n|-boost|p1a: Goodra|def|2\n|move|p1b: Farigiraf|Twin Beam|p2b: Aerodactyl\n|-damage|p2b: Aerodactyl|78/100\n|-damage|p2b: Aerodactyl|55/100\n|-hitcount|p2b: Aerodactyl|2\n|move|p2a: Kingambit|Kowtow Cleave|p1b: Farigiraf\n|-supereffective|p1b: Farigiraf|1\n|-damage|p1b: Farigiraf|0 fnt\n|faint|p1b: Farigiraf\n|\n|-heal|p1a: Goodra|98/100|[from] item: Leftovers\n|upkeep\n|\n|t:|1776680324\n|switch|p1b: Gyarados|Gyarados, L50, F, shiny|100/100\n|-ability|p1b: Gyarados|Intimidate|boost\n|-unboost|p2a: Kingambit|atk|1\n|-ability|p2a: Kingambit|Defiant|boost\n|-boost|p2a: Kingambit|atk|2\n|-unboost|p2b: Aerodactyl|atk|1\n|turn|2\n|\n|t:|1776680335\n|move|p2b: Aerodactyl|Tailwind|p2b: Aerodactyl\n|-sidestart|p2: le143|move: Tailwind\n|move|p2a: Kingambit|Low Kick|p1a: Goodra\n|-supereffective|p1a: Goodra|1\n|-damage|p1a: Goodra|50/100\n|move|p1b: Gyarados|Thunder Wave|p2b: Aerodactyl\n|-status|p2b: Aerodactyl|par\n|move|p1a: Goodra|Body Press|p2a: Kingambit\n|-supereffective|p2a: Kingambit|2\n|-enditem|p2a: Kingambit|Chople Berry|[eat]\n|-enditem|p2a: Kingambit|Chople Berry|[weaken]\n|-damage|p2a: Kingambit|26/100\n|\n|-heal|p1a: Goodra|56/100|[from] item: Leftovers\n|upkeep\n|turn|3\n|\n|t:|1776680359\n|move|p1a: Goodra|Protect|p1a: Goodra\n|-singleturn|p1a: Goodra|Protect\n|move|p2b: Aerodactyl|Rock Slide|p1b: Gyarados|[spread] p1b\n|-activate|p1a: Goodra|move: Protect\n|-supereffective|p1b: Gyarados|1\n|-damage|p1b: Gyarados|71/100\n|move|p2a: Kingambit|Low Kick|p1a: Goodra\n|-activate|p1a: Goodra|move: Protect\n|move|p1b: Gyarados|Waterfall|p2a: Kingambit\n|-damage|p2a: Kingambit|0 fnt\n|faint|p2a: Kingambit\n|\n|-heal|p1a: Goodra|61/100|[from] item: Leftovers\n|upkeep\n|\n|t:|1776680375\n|switch|p2a: Blastoise|Blastoise, L50, M|100/100\n|turn|4\n|\n|t:|1776680392\n|switch|p1b: Sinistcha|Sinistcha, L50|100/100\n|-heal|p1a: Goodra|86/100|[from] ability: Hospitality|[of] p1b: Sinistcha\n|detailschange|p2a: Blastoise|Blastoise-Mega, L50, M\n|-mega|p2a: Blastoise|Blastoise|Blastoisinite\n|move|p2a: Blastoise|Shell Smash|p2a: Blastoise\n|-unboost|p2a: Blastoise|def|1\n|-unboost|p2a: Blastoise|spd|1\n|-boost|p2a: Blastoise|atk|2\n|-boost|p2a: Blastoise|spa|2\n|-boost|p2a: Blastoise|spe|2\n|move|p2b: Aerodactyl|Rock Slide|p1b: Sinistcha|[spread] p1a\n|-miss|p2b: Aerodactyl|p1b: Sinistcha\n|-resisted|p1a: Goodra|1\n|-damage|p1a: Goodra|83/100\n|cant|p1a: Goodra|flinch\n|\n|-heal|p1a: Goodra|89/100|[from] item: Leftovers\n|upkeep\n|turn|5\n|\n|t:|1776680420\n|switch|p1b: Gyarados|Gyarados, L50, F, shiny|71/100\n|-ability|p1b: Gyarados|Intimidate|boost\n|-unboost|p2a: Blastoise|atk|1\n|-unboost|p2b: Aerodactyl|atk|1\n|move|p2a: Blastoise|Dark Pulse|p1a: Goodra\n|-damage|p1a: Goodra|25/100\n|move|p2b: Aerodactyl|Dual Wingbeat|p1b: Gyarados\n|-damage|p1b: Gyarados|63/100\n|-damage|p1b: Gyarados|56/100\n|-hitcount|p1b: Gyarados|2\n|move|p1a: Goodra|Body Press|p2b: Aerodactyl\n|-damage|p2b: Aerodactyl|0 fnt\n|faint|p2b: Aerodactyl\n|\n|-heal|p1a: Goodra|31/100|[from] item: Leftovers\n|-sideend|p2: le143|move: Tailwind\n|upkeep\n|\n|t:|1776680435\n|switch|p2b: Umbreon|Umbreon, L50, M, shiny|100/100\n|turn|6\n|\n|t:|1776680442\n|move|p2a: Blastoise|Protect|p2a: Blastoise\n|-singleturn|p2a: Blastoise|Protect\n|move|p1a: Goodra|Protect|p1a: Goodra\n|-singleturn|p1a: Goodra|Protect\n|move|p1b: Gyarados|Thunder Wave|p2a: Blastoise\n|-activate|p2a: Blastoise|move: Protect\n|move|p2b: Umbreon|Foul Play|p1b: Gyarados\n|-damage|p1b: Gyarados|20/100\n|-enditem|p1b: Gyarados|Sitrus Berry|[eat]\n|-heal|p1b: Gyarados|45/100|[from] item: Sitrus Berry\n|\n|-heal|p1a: Goodra|37/100|[from] item: Leftovers\n|upkeep\n|turn|7\n|\n|t:|1776680460\n|switch|p1a: Sinistcha|Sinistcha, L50|100/100\n|-heal|p1b: Gyarados|70/100|[from] ability: Hospitality|[of] p1a: Sinistcha\n|move|p2a: Blastoise|Dark Pulse|p1a: Sinistcha\n|-supereffective|p1a: Sinistcha|1\n|-damage|p1a: Sinistcha|0 fnt\n|faint|p1a: Sinistcha\n|move|p1b: Gyarados|Thunder Wave|p2a: Blastoise\n|-status|p2a: Blastoise|par\n|move|p2b: Umbreon|Foul Play|p1b: Gyarados\n|-damage|p1b: Gyarados|36/100\n|\n|upkeep\n|\n|t:|1776680475\n|switch|p1a: Goodra|Goodra-Hisui, L50, M|37/100\n|turn|8\n|\n|t:|1776680486\n|move|p1a: Goodra|Protect|p1a: Goodra\n|-singleturn|p1a: Goodra|Protect\n|move|p2a: Blastoise|Dark Pulse|p1a: Goodra\n|-activate|p1a: Goodra|move: Protect\n|move|p1b: Gyarados|Icy Wind|p2a: Blastoise|[spread] p2a,p2b\n|-resisted|p2a: Blastoise|1\n|-crit|p2a: Blastoise\n|-damage|p2a: Blastoise|94/100 par\n|-damage|p2b: Umbreon|97/100\n|-unboost|p2a: Blastoise|spe|1\n|-unboost|p2b: Umbreon|spe|1\n|move|p2b: Umbreon|Foul Play|p1b: Gyarados\n|-damage|p1b: Gyarados|2/100\n|\n|-heal|p1a: Goodra|43/100|[from] item: Leftovers\n|-heal|p2b: Umbreon|100/100|[from] item: Leftovers\n|upkeep\n|turn|9\n|\n|t:|1776680512\n|move|p1b: Gyarados|Thunder Wave|p2b: Umbreon\n|-status|p2b: Umbreon|par\n|move|p2a: Blastoise|Dark Pulse|p1a: Goodra\n|-damage|p1a: Goodra|0 fnt\n|faint|p1a: Goodra\n|move|p2b: Umbreon|Foul Play|p1b: Gyarados\n|-damage|p1b: Gyarados|0 fnt\n|faint|p1b: Gyarados\n|\n|win|le143\n|raw|BlackWu's rating: 1334 &rarr; <strong>1315</strong><br />(-19 for losing)\n|raw|le143's rating: 1354 &rarr; <strong>1373</strong><br />(+19 for winning)\n|l|\u2606le143\n|player|p2|\n",
  "uploadtime": 1776680518,
  "views": 9,
  "formatid": "gen9championsvgc2026regma",
  "rating": 1315,
  "private": 0,
  "password": null
}