{
  "id": "gen9championsvgc2026regma-2583956349",
  "format": "[Gen 9 Champions] VGC 2026 Reg M-A",
  "players": [
    "b1gguyforyou",
    "clpb"
  ],
  "log": "|j|\u2606b1gguyforyou\n|j|\u2606clpb\n|t:|1776211621\n|gametype|doubles\n|player|p1|b1gguyforyou|266|1140\n|player|p2|clpb|1|1139\n|gen|9\n|tier|[Gen 9 Champions] VGC 2026 Reg M-A\n|rated|\n|rule|Species Clause: Limit one of each Pok\u00e9mon\n|rule|Item Clause: Limit 1 of each item\n|clearpoke\n|poke|p1|Maushold, L50|\n|poke|p1|Dragonite, L50, M|\n|poke|p1|Meganium, L50, M|\n|poke|p1|Corviknight, L50, F|\n|poke|p1|Archaludon, L50, M|\n|poke|p1|Talonflame, L50, M|\n|poke|p2|Aerodactyl, L50, F|\n|poke|p2|Incineroar, L50, M|\n|poke|p2|Basculegion, L50, M|\n|poke|p2|Meganium, L50, F|\n|poke|p2|Tyranitar, L50, F|\n|poke|p2|Skarmory, L50, F|\n|teampreview|4\n|\n|t:|1776211667\n|teamsize|p1|4\n|teamsize|p2|4\n|start\n|switch|p1a: Maushold|Maushold, L50|100/100\n|switch|p1b: Dragonite|Dragonite, L50, M|100/100\n|switch|p2a: Aerodactyl|Aerodactyl, L50, F|100/100\n|switch|p2b: Basculegion|Basculegion, L50, M|100/100\n|-ability|p2a: Aerodactyl|Unnerve\n|turn|1\n|\n|t:|1776211692\n|move|p2a: Aerodactyl|Tailwind|p2a: Aerodactyl\n|-sidestart|p2: clpb|move: Tailwind\n|move|p2b: Basculegion|Flip Turn|p1a: Maushold\n|-damage|p1a: Maushold|42/100\n|\n|t:|1776211698\n|switch|p2b: Incineroar|Incineroar, L50, M|100/100|[from] Flip Turn\n|-ability|p2b: Incineroar|Intimidate|boost\n|-unboost|p1a: Maushold|atk|1\n|-fail|p1b: Dragonite|unboost|Attack|[from] ability: Inner Focus|[of] p1b: Dragonite\n|move|p1a: Maushold|Thunder Wave|p2a: Aerodactyl|[miss]\n|-miss|p1a: Maushold|p2a: Aerodactyl\n|move|p1b: Dragonite|Dragon Dance|p1b: Dragonite\n|-boost|p1b: Dragonite|atk|1\n|-boost|p1b: Dragonite|spe|1\n|\n|upkeep\n|turn|2\n|inactive|Battle timer is ON: inactive players will automatically lose when time's up. (requested by clpb)\n|\n|t:|1776211731\n|move|p2b: Incineroar|Fake Out|p1b: Dragonite\n|-damage|p1b: Dragonite|90/100\n|move|p2a: Aerodactyl|Rock Slide|p1a: Maushold|[spread] p1a,p1b\n|-supereffective|p1b: Dragonite|1\n|-damage|p1a: Maushold|10/100\n|-damage|p1b: Dragonite|53/100\n|move|p1b: Dragonite|Rock Slide|p2a: Aerodactyl|[spread] p2b\n|-miss|p1b: Dragonite|p2a: Aerodactyl\n|-supereffective|p2b: Incineroar|1\n|-damage|p2b: Incineroar|50/100\n|-enditem|p2b: Incineroar|Sitrus Berry|[eat]\n|-heal|p2b: Incineroar|75/100|[from] item: Sitrus Berry\n|move|p1a: Maushold|Thunder Wave|p2a: Aerodactyl\n|-status|p2a: Aerodactyl|par\n|\n|upkeep\n|turn|3\n|inactive|clpb has 30 seconds left.\n|\n|t:|1776211766\n|move|p1b: Dragonite|Rock Slide|p2a: Aerodactyl|[spread] p2a,p2b\n|-supereffective|p2a: Aerodactyl|1\n|-supereffective|p2b: Incineroar|1\n|-damage|p2a: Aerodactyl|15/100 par\n|-damage|p2b: Incineroar|18/100\n|cant|p2a: Aerodactyl|flinch\n|move|p1a: Maushold|Thunder Wave|p2b: Incineroar\n|-status|p2b: Incineroar|par\n|move|p2b: Incineroar|Parting Shot|p1b: Dragonite\n|-unboost|p1b: Dragonite|atk|1\n|-unboost|p1b: Dragonite|spa|1\n|\n|t:|1776211779\n|switch|p2b: Meganium|Meganium, L50, F|100/100|[from] Parting Shot\n|\n|upkeep\n|turn|4\n|inactive|b1gguyforyou has 30 seconds left.\n|\n|t:|1776211805\n|switch|p2a: Basculegion|Basculegion, L50, M|100/100\n|detailschange|p2b: Meganium|Meganium-Mega, L50, F\n|-mega|p2b: Meganium|Meganium|Meganiumite\n|move|p2b: Meganium|Dazzling Gleam|p1b: Dragonite|[spread] p1a,p1b\n|-supereffective|p1b: Dragonite|1\n|-damage|p1a: Maushold|0 fnt\n|-damage|p1b: Dragonite|4/100\n|faint|p1a: Maushold\n|move|p1b: Dragonite|Iron Head|p2b: Meganium\n|-supereffective|p2b: Meganium|1\n|-damage|p2b: Meganium|44/100\n|\n|-sideend|p2: clpb|move: Tailwind\n|upkeep\n|\n|t:|1776211819\n|switch|p1a: Meganium|Meganium, L50, M|100/100\n|turn|5\n|inactive|clpb has 30 seconds left.\n|\n|t:|1776211849\n|switch|p2b: Aerodactyl|Aerodactyl, L50, F|15/100 par\n|-ability|p2b: Aerodactyl|Unnerve\n|detailschange|p1a: Meganium|Meganium-Mega, L50, M\n|-mega|p1a: Meganium|Meganium|Meganiumite\n|move|p2a: Basculegion|Aqua Jet|p1b: Dragonite\n|-resisted|p1b: Dragonite|1\n|-crit|p1b: Dragonite\n|-damage|p1b: Dragonite|0 fnt\n|faint|p1b: Dragonite\n|move|p1a: Meganium|Solar Beam||[still]\n|-prepare|p1a: Meganium|Solar Beam\n|-activate|p1a: Meganium|ability: Mega Sol\n|-anim|p1a: Meganium|Solar Beam|p2a: Basculegion\n|-supereffective|p2a: Basculegion|1\n|-damage|p2a: Basculegion|0 fnt\n|faint|p2a: Basculegion\n|\n|upkeep\n|inactive|clpb has 30 seconds left.\n|\n|t:|1776211877\n|switch|p1b: Archaludon|Archaludon, L50, M|100/100\n|switch|p2a: Incineroar|Incineroar, L50, M|18/100 par\n|-ability|p2a: Incineroar|Intimidate|boost\n|-unboost|p1a: Meganium|atk|1\n|-unboost|p1b: Archaludon|atk|1\n|turn|6\n|inactive|b1gguyforyou has 30 seconds left.\n|\n|t:|1776211906\n|move|p2a: Incineroar|Fake Out|p1a: Meganium\n|-damage|p1a: Meganium|88/100\n|move|p1b: Archaludon|Aura Sphere|p2a: Incineroar\n|-supereffective|p2a: Incineroar|1\n|-damage|p2a: Incineroar|0 fnt\n|faint|p2a: Incineroar\n|cant|p1a: Meganium|flinch\n|move|p2b: Aerodactyl|Dual Wingbeat|p1a: Meganium\n|-supereffective|p1a: Meganium|1\n|-damage|p1a: Meganium|56/100\n|-supereffective|p1a: Meganium|1\n|-damage|p1a: Meganium|24/100\n|-hitcount|p1a: Meganium|2\n|\n|upkeep\n|\n|t:|1776211919\n|switch|p2a: Meganium|Meganium-Mega, L50, F|44/100\n|turn|7\n|\n|t:|1776211936\n|move|p2b: Aerodactyl|Protect|p2b: Aerodactyl\n|-singleturn|p2b: Aerodactyl|Protect\n|move|p2a: Meganium|Dazzling Gleam|p1a: Meganium|[spread] p1a,p1b\n|-damage|p1a: Meganium|0 fnt\n|-damage|p1b: Archaludon|53/100\n|faint|p1a: Meganium\n|move|p1b: Archaludon|Thunderbolt|p2b: Aerodactyl\n|-activate|p2b: Aerodactyl|move: Protect\n|\n|upkeep\n|turn|8\n|\n|t:|1776211958\n|move|p2a: Meganium|Weather Ball|p1b: Archaludon\n|-damage|p1b: Archaludon|0 fnt\n|faint|p1b: Archaludon\n|\n|win|clpb\n|raw|b1gguyforyou's rating: 1140 &rarr; <strong>1115</strong><br />(-25 for losing)\n|raw|clpb's rating: 1139 &rarr; <strong>1164</strong><br />(+25 for winning)\n",
  "uploadtime": 1776211963,
  "views": 13,
  "formatid": "gen9championsvgc2026regma",
  "rating": 1115,
  "private": 0,
  "password": null
}