{
  "id": "gen9championsvgc2026regma-2583955492",
  "format": "[Gen 9 Champions] VGC 2026 Reg M-A",
  "players": [
    "Kalaphant",
    "nngf\u9b3c\u8749\u4fa0"
  ],
  "log": "|j|\u2606Kalaphant\n|j|\u2606nngf\u9b3c\u8749\u4fa0\n|t:|1776211541\n|gametype|doubles\n|player|p1|Kalaphant|1|1263\n|player|p2|nngf\u9b3c\u8749\u4fa0|bugsy|1311\n|gen|9\n|tier|[Gen 9 Champions] VGC 2026 Reg M-A\n|rated|\n|rule|Species Clause: Limit one of each Pok\u00e9mon\n|rule|Item Clause: Limit 1 of each item\n|clearpoke\n|poke|p1|Gengar, L50, M|\n|poke|p1|Politoed, L50, F|\n|poke|p1|Sinistcha, L50|\n|poke|p1|Incineroar, L50, F|\n|poke|p1|Charizard, L50, F|\n|poke|p1|Sneasler, L50, M|\n|poke|p2|Sinistcha, L50|\n|poke|p2|Ampharos, L50, F|\n|poke|p2|Kangaskhan, L50, F|\n|poke|p2|Basculegion, L50, M|\n|poke|p2|Politoed, L50, M|\n|poke|p2|Whimsicott, L50, M|\n|teampreview|4\n|inactive|Battle timer is ON: inactive players will automatically lose when time's up. (requested by Kalaphant)\n|c|\u2606Kalaphant|glhf\nKalaphant has agreed to open team sheets.\n|c|\u2606nngf\u9b3c\u8749\u4fa0|hf\n|inactive|Kalaphant has 60 seconds left.\n|inactive|nngf\u9b3c\u8749\u4fa0 has 60 seconds left.\n|\n|t:|1776211591\n|teamsize|p1|4\n|teamsize|p2|4\n|start\n|switch|p1a: Gengar|Gengar, L50, M|100/100\n|switch|p1b: Incineroar|Incineroar, L50, F|100/100\n|switch|p2a: Kangaskhan|Kangaskhan, L50, F|100/100\n|switch|p2b: Whimsicott|Whimsicott, L50, M|100/100\n|-ability|p1b: Incineroar|Intimidate|boost\n|-fail|p2a: Kangaskhan|unboost|Attack|[from] ability: Scrappy|[of] p2a: Kangaskhan\n|-unboost|p2b: Whimsicott|atk|1\n|turn|1\n|inactive|Kalaphant has 30 seconds left.\n|inactive|nngf\u9b3c\u8749\u4fa0 has 30 seconds left.\n|inactive|Kalaphant has 20 seconds left.\n|inactive|Kalaphant has 15 seconds left.\n|inactive|Kalaphant has 10 seconds left.\n|\n|t:|1776211640\n|detailschange|p1a: Gengar|Gengar-Mega, L50, M\n|-mega|p1a: Gengar|Gengar|Gengarite\n|move|p2a: Kangaskhan|Fake Out|p1a: Gengar\n|-damage|p1a: Gengar|80/100\n|move|p1b: Incineroar|Fake Out|p2b: Whimsicott\n|-damage|p2b: Whimsicott|89/100\n|cant|p2b: Whimsicott|flinch\n|cant|p1a: Gengar|flinch\n|\n|upkeep\n|turn|2\n|\n|t:|1776211664\n|switch|p1b: Sinistcha|Sinistcha, L50|100/100\n|-heal|p1a: Gengar|100/100|[from] ability: Hospitality|[of] p1b: Sinistcha\n|move|p1a: Gengar|Protect|p1a: Gengar\n|-singleturn|p1a: Gengar|Protect\n|move|p2b: Whimsicott|Moonblast|p1b: Sinistcha\n|-damage|p1b: Sinistcha|70/100\n|move|p2a: Kangaskhan|Last Resort|p1a: Gengar\n|-activate|p1a: Gengar|move: Protect\n|\n|-heal|p1b: Sinistcha|76/100|[from] item: Leftovers\n|upkeep\n|turn|3\n|inactive|Kalaphant has 30 seconds left.\n|inactive|Kalaphant has 20 seconds left.\n|inactive|Kalaphant has 15 seconds left.\n|inactive|Kalaphant has 10 seconds left.\n|\n|t:|1776211712\n|switch|p1a: Sneasler|Sneasler, L50, M|100/100\n|move|p2b: Whimsicott|Moonblast|p1a: Sneasler\n|-damage|p1a: Sneasler|62/100\n|move|p2a: Kangaskhan|Last Resort|p1a: Sneasler\n|-damage|p1a: Sneasler|0 fnt\n|faint|p1a: Sneasler\n|move|p1b: Sinistcha|Strength Sap|p2a: Kangaskhan\n|-unboost|p2a: Kangaskhan|atk|1\n|-heal|p1b: Sinistcha|100/100\n|\n|upkeep\n|\n|t:|1776211725\n|switch|p1a: Incineroar|Incineroar, L50, F|100/100\n|-ability|p1a: Incineroar|Intimidate|boost\n|-fail|p2a: Kangaskhan|unboost|Attack|[from] ability: Scrappy|[of] p2a: Kangaskhan\n|-unboost|p2b: Whimsicott|atk|1\n|turn|4\n|\n|t:|1776211740\n|switch|p2a: Basculegion|Basculegion, L50, M|100/100\n|move|p1a: Incineroar|Fake Out|p2a: Basculegion\n|-immune|p2a: Basculegion\n|move|p2b: Whimsicott|Tailwind|p2b: Whimsicott\n|-sidestart|p2: nngf\u9b3c\u8749\u4fa0|move: Tailwind\n|move|p1b: Sinistcha|Strength Sap|p2a: Basculegion\n|-unboost|p2a: Basculegion|atk|1\n|\n|upkeep\n|turn|5\n|inactive|nngf\u9b3c\u8749\u4fa0 has 30 seconds left.\n|\n|t:|1776211768\n|move|p2a: Basculegion|Wave Crash|p1a: Incineroar\n|-supereffective|p1a: Incineroar|1\n|-damage|p1a: Incineroar|40/100\n|-damage|p2a: Basculegion|83/100|[from] Recoil\n|move|p2b: Whimsicott|Moonblast|p1b: Sinistcha\n|-damage|p1b: Sinistcha|70/100\n|move|p1b: Sinistcha|Matcha Gotcha|p2a: Basculegion|[spread] p2a,p2b\n|-supereffective|p2a: Basculegion|1\n|-crit|p2a: Basculegion\n|-resisted|p2b: Whimsicott|1\n|-damage|p2a: Basculegion|9/100\n|-heal|p1b: Sinistcha|100/100|[from] drain|[of] p2a: Basculegion\n|-damage|p2b: Whimsicott|76/100\n|move|p1a: Incineroar|Parting Shot|p2a: Basculegion\n|-unboost|p2a: Basculegion|atk|1\n|-unboost|p2a: Basculegion|spa|1\n|\n|t:|1776211786\n|switch|p1a: Gengar|Gengar-Mega, L50, M|100/100|[from] Parting Shot\n|\n|upkeep\n|turn|6\n|\n|t:|1776211795\n|move|p1a: Gengar|Protect|p1a: Gengar\n|-singleturn|p1a: Gengar|Protect\n|move|p2a: Basculegion|Wave Crash|p1a: Gengar\n|-activate|p1a: Gengar|move: Protect\n|move|p2b: Whimsicott|Moonblast|p1a: Gengar\n|-activate|p1a: Gengar|move: Protect\n|move|p1b: Sinistcha|Matcha Gotcha|p2a: Basculegion|[spread] p2a,p2b\n|-supereffective|p2a: Basculegion|1\n|-resisted|p2b: Whimsicott|1\n|-damage|p2a: Basculegion|0 fnt\n|-damage|p2b: Whimsicott|63/100\n|-status|p2b: Whimsicott|brn\n|faint|p2a: Basculegion\n|\n|-damage|p2b: Whimsicott|57/100 brn|[from] brn\n|upkeep\n|\n|t:|1776211797\n|switch|p2a: Kangaskhan|Kangaskhan, L50, F|100/100\n|turn|7\n|inactive|Kalaphant has 30 seconds left.\n|\n|t:|1776211827\n|switch|p1a: Incineroar|Incineroar, L50, F|40/100\n|-ability|p1a: Incineroar|Intimidate|boost\n|-fail|p2a: Kangaskhan|unboost|Attack|[from] ability: Scrappy|[of] p2a: Kangaskhan\n|-unboost|p2b: Whimsicott|atk|1\n|move|p2b: Whimsicott|Moonblast|p1b: Sinistcha\n|-damage|p1b: Sinistcha|70/100\n|move|p2a: Kangaskhan|Last Resort||[still]\n|-fail|p2a: Kangaskhan\n|move|p1b: Sinistcha|Strength Sap|p2a: Kangaskhan\n|-unboost|p2a: Kangaskhan|atk|1\n|-heal|p1b: Sinistcha|100/100\n|\n|-damage|p2b: Whimsicott|51/100 brn|[from] brn\n|-sideend|p2: nngf\u9b3c\u8749\u4fa0|move: Tailwind\n|upkeep\n|turn|8\n|\n|t:|1776211851\n|move|p2a: Kangaskhan|Fake Out||[still]\n|-hint|Fake Out only works on your first turn out.\n|-fail|p2a: Kangaskhan\n|move|p2b: Whimsicott|Moonblast|p1a: Incineroar\n|-damage|p1a: Incineroar|16/100\n|move|p1b: Sinistcha|Life Dew||[still]|[spread] p1a,p1b\n|-heal|p1a: Incineroar|42/100\n|-fail|p1b: Sinistcha|heal\n|move|p1a: Incineroar|Parting Shot|p2a: Kangaskhan\n|-unboost|p2a: Kangaskhan|atk|1\n|-unboost|p2a: Kangaskhan|spa|1\n|\n|t:|1776211862\n|switch|p1a: Gengar|Gengar-Mega, L50, M|100/100|[from] Parting Shot\n|\n|-damage|p2b: Whimsicott|45/100 brn|[from] brn\n|upkeep\n|turn|9\n|\n|t:|1776211880\n|move|p1b: Sinistcha|Rage Powder|p1b: Sinistcha\n|-singleturn|p1b: Sinistcha|move: Rage Powder\n|move|p2b: Whimsicott|Tailwind|p2b: Whimsicott\n|-sidestart|p2: nngf\u9b3c\u8749\u4fa0|move: Tailwind\n|move|p2a: Kangaskhan|Last Resort|p1b: Sinistcha\n|-damage|p1b: Sinistcha|76/100\n|move|p1a: Gengar|Perish Song|p1a: Gengar\n|-start|p1a: Gengar|perish3|[silent]\n|-start|p1b: Sinistcha|perish3|[silent]\n|-start|p2a: Kangaskhan|perish3|[silent]\n|-start|p2b: Whimsicott|perish3|[silent]\n|-fieldactivate|move: Perish Song\n|\n|-heal|p1b: Sinistcha|83/100|[from] item: Leftovers\n|-damage|p2b: Whimsicott|39/100 brn|[from] brn\n|-start|p2b: Whimsicott|perish3\n|-start|p2a: Kangaskhan|perish3\n|-start|p1a: Gengar|perish3\n|-start|p1b: Sinistcha|perish3\n|upkeep\n|turn|10\n|\n|t:|1776211904\n|move|p2b: Whimsicott|Encore|p1b: Sinistcha\n|-start|p1b: Sinistcha|Encore\n|move|p1b: Sinistcha|Rage Powder|p1b: Sinistcha\n|-singleturn|p1b: Sinistcha|move: Rage Powder\n|move|p2a: Kangaskhan|Last Resort|p1b: Sinistcha\n|-damage|p1b: Sinistcha|59/100\n|move|p1a: Gengar|Will-O-Wisp|p2a: Kangaskhan\n|-status|p2a: Kangaskhan|brn\n|\n|-heal|p1b: Sinistcha|65/100|[from] item: Leftovers\n|-damage|p2b: Whimsicott|33/100 brn|[from] brn\n|-damage|p2a: Kangaskhan|94/100 brn|[from] brn\n|-start|p2b: Whimsicott|perish2\n|-start|p2a: Kangaskhan|perish2\n|-start|p1a: Gengar|perish2\n|-start|p1b: Sinistcha|perish2\n|upkeep\n|turn|11\n|\n|t:|1776211920\n|switch|p1b: Incineroar|Incineroar, L50, F|42/100\n|-ability|p1b: Incineroar|Intimidate|boost\n|-fail|p2a: Kangaskhan|unboost|Attack|[from] ability: Scrappy|[of] p2a: Kangaskhan\n|-unboost|p2b: Whimsicott|atk|1\n|move|p1a: Gengar|Protect|p1a: Gengar\n|-singleturn|p1a: Gengar|Protect\n|move|p2b: Whimsicott|Encore|p1a: Gengar\n|-activate|p1a: Gengar|move: Protect\n|move|p2a: Kangaskhan|Last Resort|p1b: Incineroar\n|-crit|p1b: Incineroar\n|-damage|p1b: Incineroar|4/100\n|\n|-damage|p2b: Whimsicott|27/100 brn|[from] brn\n|-damage|p2a: Kangaskhan|88/100 brn|[from] brn\n|-start|p2b: Whimsicott|perish1\n|-start|p2a: Kangaskhan|perish1\n|-start|p1a: Gengar|perish1\n|upkeep\n|turn|12\n|\n|t:|1776211937\n|switch|p1a: Sinistcha|Sinistcha, L50|65/100\n|-heal|p1b: Incineroar|29/100|[from] ability: Hospitality|[of] p1a: Sinistcha\n|move|p1b: Incineroar|Fake Out|p2a: Kangaskhan\n|-damage|p2a: Kangaskhan|77/100 brn\n|move|p2b: Whimsicott|Encore||[still]\n|-fail|p2b: Whimsicott\n|cant|p2a: Kangaskhan|flinch\n|\n|-heal|p1a: Sinistcha|71/100|[from] item: Leftovers\n|-damage|p2b: Whimsicott|21/100 brn|[from] brn\n|-damage|p2a: Kangaskhan|71/100 brn|[from] brn\n|-start|p2b: Whimsicott|perish0\n|-start|p2a: Kangaskhan|perish0\n|-sideend|p2: nngf\u9b3c\u8749\u4fa0|move: Tailwind\n|upkeep\n|faint|p2b: Whimsicott\n|faint|p2a: Kangaskhan\n|\n|t:|1776211945\n|switch|p2b: Ampharos|Ampharos, L50, F|100/100\n|turn|13\n|\n|t:|1776211959\n|detailschange|p2b: Ampharos|Ampharos-Mega, L50, F\n|-mega|p2b: Ampharos|Ampharos|Ampharosite\n|-ability|p2b: Ampharos|Mold Breaker\n|move|p1a: Sinistcha|Life Dew|p1a: Sinistcha|[spread] p1a,p1b\n|-heal|p1a: Sinistcha|97/100\n|-heal|p1b: Incineroar|54/100\n|move|p1b: Incineroar|Parting Shot|p2b: Ampharos\n|-unboost|p2b: Ampharos|atk|1\n|-unboost|p2b: Ampharos|spa|1\n|\n|t:|1776211967\n|switch|p1b: Gengar|Gengar-Mega, L50, M|100/100|[from] Parting Shot\n|move|p2b: Ampharos|Dragon Pulse|p1b: Gengar\n|-damage|p1b: Gengar|68/100\n|\n|-heal|p1a: Sinistcha|100/100|[from] item: Leftovers\n|upkeep\n|turn|14\n|\n|t:|1776211974\n|move|p1a: Sinistcha|Rage Powder|p1a: Sinistcha\n|-singleturn|p1a: Sinistcha|move: Rage Powder\n|move|p1b: Gengar|Perish Song|p1b: Gengar\n|-start|p1a: Sinistcha|perish3|[silent]\n|-start|p1b: Gengar|perish3|[silent]\n|-start|p2b: Ampharos|perish3|[silent]\n|-fieldactivate|move: Perish Song\n|move|p2b: Ampharos|Dragon Pulse|p1a: Sinistcha\n|-damage|p1a: Sinistcha|62/100\n|\n|-heal|p1a: Sinistcha|68/100|[from] item: Leftovers\n|-start|p1b: Gengar|perish3\n|-start|p1a: Sinistcha|perish3\n|-start|p2b: Ampharos|perish3\n|upkeep\n|turn|15\n|-message|nngf\u9b3c\u8749\u4fa0 forfeited.\n|\n|win|Kalaphant\n|raw|Kalaphant's rating: 1263 &rarr; <strong>1291</strong><br />(+28 for winning)\n|raw|nngf\u9b3c\u8749\u4fa0's rating: 1311 &rarr; <strong>1288</strong><br />(-23 for losing)\n",
  "uploadtime": 1776211985,
  "views": 21,
  "formatid": "gen9championsvgc2026regma",
  "rating": 1288,
  "private": 0,
  "password": null
}