{
  "id": "gen9championsvgc2026regma-2587130658",
  "format": "[Gen 9 Champions] VGC 2026 Reg M-A",
  "players": [
    "OJ32",
    "Oskiiwi"
  ],
  "log": "|j|\u2606OJ32\n|j|\u2606Oskiiwi\n|t:|1776497800\n|gametype|doubles\n|player|p1|OJ32|170|1187\n|player|p2|Oskiiwi|n|1162\n|gen|9\n|tier|[Gen 9 Champions] VGC 2026 Reg M-A\n|rated|\n|rule|Species Clause: Limit one of each Pok\u00e9mon\n|rule|Item Clause: Limit 1 of each item\n|clearpoke\n|poke|p1|Talonflame, L50, F|\n|poke|p1|Sneasler, L50, M|\n|poke|p1|Garchomp, L50, M|\n|poke|p1|Sinistcha, L50|\n|poke|p1|Froslass, L50, F|\n|poke|p1|Gardevoir, L50, F|\n|poke|p2|Floette-Eternal, L50, F|\n|poke|p2|Sinistcha, L50|\n|poke|p2|Scizor, L50, M|\n|poke|p2|Sneasler, L50, M|\n|poke|p2|Aerodactyl, L50, M|\n|poke|p2|Incineroar, L50, F|\n|teampreview|4\n|inactive|Battle timer is ON: inactive players will automatically lose when time's up. (requested by OJ32)\n|inactive|Oskiiwi has 60 seconds left.\n|\n|t:|1776497854\n|teamsize|p1|4\n|teamsize|p2|4\n|start\n|switch|p1a: Talonflame|Talonflame, L50, F|100/100\n|switch|p1b: Sneasler|Sneasler, L50, M|100/100\n|switch|p2a: Floette|Floette-Eternal, L50, F|100/100\n|switch|p2b: Aerodactyl|Aerodactyl, L50, M|100/100\n|-ability|p2b: Aerodactyl|Unnerve\n|turn|1\n|inactive|Oskiiwi has 30 seconds left.\n|\n|t:|1776497887\n|move|p1a: Talonflame|Protect|p1a: Talonflame\n|-singleturn|p1a: Talonflame|Protect\n|move|p2a: Floette|Protect|p2a: Floette\n|-singleturn|p2a: Floette|Protect\n|move|p2b: Aerodactyl|Tailwind|p2b: Aerodactyl\n|-sidestart|p2: Oskiiwi|move: Tailwind\n|move|p1b: Sneasler|Dire Claw|p2a: Floette\n|-activate|p2a: Floette|move: Protect\n|\n|upkeep\n|turn|2\n|inactive|Oskiiwi has 30 seconds left.\n|\n|t:|1776497912\n|detailschange|p2a: Floette|Floette-Mega, L50, F\n|-mega|p2a: Floette|Floette|Floettite\n|-ability|p2a: Floette|Fairy Aura\n|move|p1a: Talonflame|Tailwind|p1a: Talonflame\n|-sidestart|p1: OJ32|move: Tailwind\n|move|p2b: Aerodactyl|Rock Slide|p1a: Talonflame|[spread] p1a,p1b\n|-supereffective|p1a: Talonflame|2\n|-resisted|p1b: Sneasler|1\n|-damage|p1a: Talonflame|0 fnt\n|-damage|p1b: Sneasler|81/100\n|faint|p1a: Talonflame\n|cant|p1b: Sneasler|flinch\n|move|p2a: Floette|Moonblast|p1b: Sneasler\n|-damage|p1b: Sneasler|0 fnt\n|faint|p1b: Sneasler\n|\n|upkeep\n|\n|t:|1776497921\n|switch|p1a: Gardevoir|Gardevoir, L50, F|100/100\n|switch|p1b: Garchomp|Garchomp, L50, M|100/100\n|turn|3\n|\n|t:|1776497937\n|detailschange|p1a: Gardevoir|Gardevoir-Mega, L50, F\n|-mega|p1a: Gardevoir|Gardevoir|Gardevoirite\n|move|p1b: Garchomp|Rock Slide|p2b: Aerodactyl|[spread] p2b\n|-miss|p1b: Garchomp|p2a: Floette\n|-supereffective|p2b: Aerodactyl|1\n|-damage|p2b: Aerodactyl|33/100\n|move|p2b: Aerodactyl|Rock Slide|p1b: Garchomp|[spread] p1a,p1b\n|-resisted|p1b: Garchomp|1\n|-damage|p1a: Gardevoir|59/100\n|-damage|p1b: Garchomp|88/100\n|move|p1a: Gardevoir|Hyper Voice|p2b: Aerodactyl|[spread] p2a,p2b\n|-damage|p2a: Floette|54/100\n|-damage|p2b: Aerodactyl|0 fnt\n|faint|p2b: Aerodactyl\n|move|p2a: Floette|Dazzling Gleam|p1a: Gardevoir|[spread] p1a,p1b\n|-supereffective|p1b: Garchomp|1\n|-damage|p1a: Gardevoir|18/100\n|-damage|p1b: Garchomp|0 fnt\n|faint|p1b: Garchomp\n|\n|upkeep\n|\n|t:|1776497953\n|switch|p2b: Sneasler|Sneasler, L50, M|100/100\n|turn|4\n|\n|t:|1776497960\n|move|p1a: Gardevoir|Protect|p1a: Gardevoir\n|-singleturn|p1a: Gardevoir|Protect\n|move|p2b: Sneasler|Fake Out|p1a: Gardevoir\n|-activate|p1a: Gardevoir|move: Protect\n|move|p2a: Floette|Moonblast|p1a: Gardevoir\n|-activate|p1a: Gardevoir|move: Protect\n|\n|-sideend|p2: Oskiiwi|move: Tailwind\n|upkeep\n|turn|5\n|\n|t:|1776497971\n|move|p1a: Gardevoir|Hyper Voice|p2b: Sneasler|[spread] p2a,p2b\n|-damage|p2a: Floette|4/100\n|-damage|p2b: Sneasler|3/100\n|move|p2b: Sneasler|Dire Claw|p1a: Gardevoir\n|-supereffective|p1a: Gardevoir|1\n|-damage|p1a: Gardevoir|0 fnt\n|faint|p1a: Gardevoir\n|\n|win|Oskiiwi\n|raw|OJ32's rating: 1187 &rarr; <strong>1160</strong><br />(-27 for losing)\n|raw|Oskiiwi's rating: 1162 &rarr; <strong>1189</strong><br />(+27 for winning)\n|l|\u2606OJ32\n|player|p1|\n",
  "uploadtime": 1776497971,
  "views": 16,
  "formatid": "gen9championsvgc2026regma",
  "rating": 1160,
  "private": 0,
  "password": null
}