{
  "id": "gen9championsvgc2026regma-2581178955",
  "format": "[Gen 9 Champions] VGC 2026 Reg M-A",
  "players": [
    "FukZamazenta917813",
    "Corvin Fulgur"
  ],
  "log": "|j|\u2606FukZamazenta917813\n|j|\u2606Corvin Fulgur\n|t:|1775967670\n|gametype|doubles\n|player|p1|FukZamazenta917813|lucas|1228\n|player|p2|Corvin Fulgur|veteranf|1172\n|gen|9\n|tier|[Gen 9 Champions] VGC 2026 Reg M-A\n|rated|\n|rule|Species Clause: Limit one of each Pok\u00e9mon\n|rule|Item Clause: Limit 1 of each item\n|clearpoke\n|poke|p1|Floette-Eternal, L50, F|\n|poke|p1|Incineroar, L50, M|\n|poke|p1|Charizard, L50, F|\n|poke|p1|Garchomp, L50, M|\n|poke|p1|Venusaur, L50, F|\n|poke|p1|Aerodactyl, L50, F|\n|poke|p2|Lucario, L50, F|\n|poke|p2|Whimsicott, L50, F|\n|poke|p2|Farigiraf, L50, M|\n|poke|p2|Conkeldurr, L50, M|\n|poke|p2|Arcanine, L50, F|\n|poke|p2|Floette-Eternal, L50, F|\n|teampreview|4\n|inactive|Battle timer is ON: inactive players will automatically lose when time's up. (requested by FukZamazenta917813)\n|\n|t:|1775967701\n|teamsize|p1|4\n|teamsize|p2|4\n|start\n|switch|p1a: \u55b7\u706b\u9f99\u4f60\u773c\u778e\u5417?!|Charizard, L50, F|100/100\n|switch|p1b: \u795e\u7684\u4f1f\u5927\u65e0\u9700\u591a\u8a00|Incineroar, L50, M|100/100\n|switch|p2a: Arcanine|Arcanine, L50, F|100/100\n|switch|p2b: Whimsicott|Whimsicott, L50, F|100/100\n|-ability|p1b: \u795e\u7684\u4f1f\u5927\u65e0\u9700\u591a\u8a00|Intimidate|boost\n|-unboost|p2a: Arcanine|atk|1\n|-unboost|p2b: Whimsicott|atk|1\n|turn|1\n|\n|t:|1775967714\n|switch|p2b: Farigiraf|Farigiraf, L50, M|100/100\n|detailschange|p1a: \u55b7\u706b\u9f99\u4f60\u773c\u778e\u5417?!|Charizard-Mega-Y, L50, F\n|-mega|p1a: \u55b7\u706b\u9f99\u4f60\u773c\u778e\u5417?!|Charizard|Charizardite Y\n|-weather|SunnyDay|[from] ability: Drought|[of] p1a: \u55b7\u706b\u9f99\u4f60\u773c\u778e\u5417?!\n|move|p1b: \u795e\u7684\u4f1f\u5927\u65e0\u9700\u591a\u8a00|Fake Out||[still]\n|cant|p2b: Farigiraf|ability: Armor Tail|Fake Out|[of] p1b: \u795e\u7684\u4f1f\u5927\u65e0\u9700\u591a\u8a00\n|move|p1a: \u55b7\u706b\u9f99\u4f60\u773c\u778e\u5417?!|Heat Wave|p2b: Farigiraf|[spread] p2a\n|-miss|p1a: \u55b7\u706b\u9f99\u4f60\u773c\u778e\u5417?!|p2b: Farigiraf\n|-resisted|p2a: Arcanine|1\n|-damage|p2a: Arcanine|70/100\n|move|p2a: Arcanine|Wild Charge|p1a: \u55b7\u706b\u9f99\u4f60\u773c\u778e\u5417?!\n|-supereffective|p1a: \u55b7\u706b\u9f99\u4f60\u773c\u778e\u5417?!|1\n|-damage|p1a: \u55b7\u706b\u9f99\u4f60\u773c\u778e\u5417?!|60/100\n|-damage|p2a: Arcanine|61/100|[from] Recoil\n|\n|-weather|SunnyDay|[upkeep]\n|upkeep\n|turn|2\n|inactive|Corvin Fulgur has 30 seconds left.\n|inactive|Corvin Fulgur has 20 seconds left.\n|inactive|Corvin Fulgur has 15 seconds left.\n|inactive|Corvin Fulgur has 10 seconds left.\n|\n|t:|1775967760\n|switch|p1a: \u53f2\u5bc6\u65af\u5462?\ud83c\udfc6\ud83c\udfc6\ud83c\udfc6|Garchomp, L50, M|100/100\n|move|p2a: Arcanine|Wild Charge|p1a: \u53f2\u5bc6\u65af\u5462?\ud83c\udfc6\ud83c\udfc6\ud83c\udfc6\n|-immune|p1a: \u53f2\u5bc6\u65af\u5462?\ud83c\udfc6\ud83c\udfc6\ud83c\udfc6\n|move|p1b: \u795e\u7684\u4f1f\u5927\u65e0\u9700\u591a\u8a00|Flare Blitz|p2b: Farigiraf\n|-damage|p2b: Farigiraf|14/100\n|-damage|p1b: \u795e\u7684\u4f1f\u5927\u65e0\u9700\u591a\u8a00|68/100|[from] Recoil\n|move|p2b: Farigiraf|Trick Room|p2b: Farigiraf\n|-fieldstart|move: Trick Room|[of] p2b: Farigiraf\n|\n|-weather|SunnyDay|[upkeep]\n|-heal|p1b: \u795e\u7684\u4f1f\u5927\u65e0\u9700\u591a\u8a00|74/100|[from] item: Leftovers\n|upkeep\n|turn|3\n|\n|t:|1775967773\n|move|p2b: Farigiraf|Hyper Voice|p1b: \u795e\u7684\u4f1f\u5927\u65e0\u9700\u591a\u8a00|[spread] p1a,p1b\n|-damage|p1a: \u53f2\u5bc6\u65af\u5462?\ud83c\udfc6\ud83c\udfc6\ud83c\udfc6|63/100\n|-damage|p1b: \u795e\u7684\u4f1f\u5927\u65e0\u9700\u591a\u8a00|48/100\n|move|p1b: \u795e\u7684\u4f1f\u5927\u65e0\u9700\u591a\u8a00|Flare Blitz|p2b: Farigiraf\n|-damage|p2b: Farigiraf|0 fnt\n|faint|p2b: Farigiraf\n|-damage|p1b: \u795e\u7684\u4f1f\u5927\u65e0\u9700\u591a\u8a00|43/100|[from] Recoil\n|move|p2a: Arcanine|Close Combat|p1b: \u795e\u7684\u4f1f\u5927\u65e0\u9700\u591a\u8a00\n|-supereffective|p1b: \u795e\u7684\u4f1f\u5927\u65e0\u9700\u591a\u8a00|1\n|-damage|p1b: \u795e\u7684\u4f1f\u5927\u65e0\u9700\u591a\u8a00|3/100\n|-unboost|p2a: Arcanine|def|1\n|-unboost|p2a: Arcanine|spd|1\n|move|p1a: \u53f2\u5bc6\u65af\u5462?\ud83c\udfc6\ud83c\udfc6\ud83c\udfc6|Stomping Tantrum|p2a: Arcanine\n|-supereffective|p2a: Arcanine|1\n|-damage|p2a: Arcanine|0 fnt\n|faint|p2a: Arcanine\n|\n|-weather|SunnyDay|[upkeep]\n|-heal|p1b: \u795e\u7684\u4f1f\u5927\u65e0\u9700\u591a\u8a00|9/100|[from] item: Leftovers\n|upkeep\n|\n|t:|1775967778\n|switch|p2b: Whimsicott|Whimsicott, L50, F|100/100\n|switch|p2a: Floette|Floette-Eternal, L50, F|100/100\n|turn|4\n|\n|t:|1775967786\n|detailschange|p2a: Floette|Floette-Mega, L50, F\n|-mega|p2a: Floette|Floette|Floettite\n|-ability|p2a: Floette|Fairy Aura\n|move|p1b: \u795e\u7684\u4f1f\u5927\u65e0\u9700\u591a\u8a00|Parting Shot|p2a: Floette\n|-unboost|p2a: Floette|atk|1\n|-unboost|p2a: Floette|spa|1\n|\n|t:|1775967791\n|switch|p1b: \u60f3\u51ff\u82b1\u53f6\u8482|Floette-Eternal, L50, F|100/100|[from] Parting Shot\n|move|p2a: Floette|Calm Mind|p2a: Floette\n|-boost|p2a: Floette|spa|1\n|-boost|p2a: Floette|spd|1\n|move|p1a: \u53f2\u5bc6\u65af\u5462?\ud83c\udfc6\ud83c\udfc6\ud83c\udfc6|Stomping Tantrum|p2a: Floette\n|-damage|p2a: Floette|59/100\n|move|p2b: Whimsicott|Moonblast|p1a: \u53f2\u5bc6\u65af\u5462?\ud83c\udfc6\ud83c\udfc6\ud83c\udfc6\n|-supereffective|p1a: \u53f2\u5bc6\u65af\u5462?\ud83c\udfc6\ud83c\udfc6\ud83c\udfc6|1\n|-damage|p1a: \u53f2\u5bc6\u65af\u5462?\ud83c\udfc6\ud83c\udfc6\ud83c\udfc6|0 fnt\n|faint|p1a: \u53f2\u5bc6\u65af\u5462?\ud83c\udfc6\ud83c\udfc6\ud83c\udfc6\n|\n|-weather|SunnyDay|[upkeep]\n|upkeep\n|\n|t:|1775967798\n|switch|p1a: \u795e\u7684\u4f1f\u5927\u65e0\u9700\u591a\u8a00|Incineroar, L50, M|9/100\n|-ability|p1a: \u795e\u7684\u4f1f\u5927\u65e0\u9700\u591a\u8a00|Intimidate|boost\n|-unboost|p2a: Floette|atk|1\n|-unboost|p2b: Whimsicott|atk|1\n|turn|5\n|\n|t:|1775967814\n|move|p2a: Floette|Protect|p2a: Floette\n|-singleturn|p2a: Floette|Protect\n|move|p1a: \u795e\u7684\u4f1f\u5927\u65e0\u9700\u591a\u8a00|Snarl|p2b: Whimsicott|[spread] p2b\n|-activate|p2a: Floette|move: Protect\n|-resisted|p2b: Whimsicott|1\n|-damage|p2b: Whimsicott|92/100\n|-unboost|p2b: Whimsicott|spa|1\n|move|p1b: \u60f3\u51ff\u82b1\u53f6\u8482|Moonblast|p2b: Whimsicott\n|-damage|p2b: Whimsicott|0 fnt\n|faint|p2b: Whimsicott\n|\n|-weather|none\n|-heal|p1a: \u795e\u7684\u4f1f\u5927\u65e0\u9700\u591a\u8a00|15/100|[from] item: Leftovers\n|upkeep\n|turn|6\n|\n|t:|1775967826\n|move|p1a: \u795e\u7684\u4f1f\u5927\u65e0\u9700\u591a\u8a00|Parting Shot|p2a: Floette\n|-unboost|p2a: Floette|atk|1\n|-unboost|p2a: Floette|spa|1\n|\n|t:|1775967828\n|switch|p1a: \u55b7\u706b\u9f99\u4f60\u773c\u778e\u5417?!|Charizard-Mega-Y, L50, F|60/100|[from] Parting Shot\n|-weather|SunnyDay|[from] ability: Drought|[of] p1a: \u55b7\u706b\u9f99\u4f60\u773c\u778e\u5417?!\n|move|p2a: Floette|Dazzling Gleam|p1b: \u60f3\u51ff\u82b1\u53f6\u8482|[spread] p1a,p1b\n|-resisted|p1a: \u55b7\u706b\u9f99\u4f60\u773c\u778e\u5417?!|1\n|-damage|p1a: \u55b7\u706b\u9f99\u4f60\u773c\u778e\u5417?!|43/100\n|-damage|p1b: \u60f3\u51ff\u82b1\u53f6\u8482|66/100\n|move|p1b: \u60f3\u51ff\u82b1\u53f6\u8482|Moonblast|p2a: Floette\n|-damage|p2a: Floette|27/100\n|\n|-weather|SunnyDay|[upkeep]\n|-fieldend|move: Trick Room\n|upkeep\n|turn|7\n|\n|t:|1775967834\n|move|p1a: \u55b7\u706b\u9f99\u4f60\u773c\u778e\u5417?!|Weather Ball|p2a: Floette\n|-damage|p2a: Floette|0 fnt\n|faint|p2a: Floette\n|\n|win|FukZamazenta917813\n|raw|FukZamazenta917813's rating: 1228 &rarr; <strong>1249</strong><br />(+21 for winning)\n|raw|Corvin Fulgur's rating: 1172 &rarr; <strong>1151</strong><br />(-21 for losing)\n",
  "uploadtime": 1775967838,
  "views": 16,
  "formatid": "gen9championsvgc2026regma",
  "rating": 1151,
  "private": 0,
  "password": null
}