{
  "id": "gen9championsvgc2026regma-2581005393",
  "format": "[Gen 9 Champions] VGC 2026 Reg M-A",
  "players": [
    "chronoking",
    "danz12"
  ],
  "log": "|j|\u2606chronoking\n|j|\u2606danz12\n|t:|1775950968\n|gametype|doubles\n|player|p1|chronoking|266|1143\n|player|p2|danz12|101|1068\n|gen|9\n|tier|[Gen 9 Champions] VGC 2026 Reg M-A\n|rated|\n|rule|Species Clause: Limit one of each Pok\u00e9mon\n|rule|Item Clause: Limit 1 of each item\n|clearpoke\n|poke|p1|Aerodactyl, L50, M|\n|poke|p1|Rotom-Wash, L50|\n|poke|p1|Sinistcha-Masterpiece, L50|\n|poke|p1|Garchomp, L50, F|\n|poke|p1|Tyranitar, L50, F|\n|poke|p1|Glimmora, L50, M|\n|poke|p2|Charizard, L50, M|\n|poke|p2|Venusaur, L50, M|\n|poke|p2|Incineroar, L50, F|\n|poke|p2|Whimsicott, L50, M|\n|poke|p2|Farigiraf, L50, F|\n|poke|p2|Kangaskhan, L50, F|\n|teampreview|4\n|inactive|Battle timer is ON: inactive players will automatically lose when time's up. (requested by danz12)\n|\n|t:|1775950982\n|teamsize|p1|4\n|teamsize|p2|4\n|start\n|switch|p1a: Aerodactyl|Aerodactyl, L50, M|100/100\n|switch|p1b: Glimmora|Glimmora, L50, M|100/100\n|switch|p2a: Drax|Charizard, L50, M|100/100\n|switch|p2b: Tigre To\u00f1o|Incineroar, L50, F|100/100\n|-ability|p1a: Aerodactyl|Unnerve\n|-ability|p2b: Tigre To\u00f1o|Intimidate|boost\n|-unboost|p1a: Aerodactyl|atk|1\n|-unboost|p1b: Glimmora|atk|1\n|turn|1\n|\n|t:|1775950997\n|detailschange|p1a: Aerodactyl|Aerodactyl-Mega, L50, M\n|-mega|p1a: Aerodactyl|Aerodactyl|Aerodactylite\n|move|p1a: Aerodactyl|Protect|p1a: Aerodactyl\n|-singleturn|p1a: Aerodactyl|Protect\n|move|p2a: Drax|Protect|p2a: Drax\n|-singleturn|p2a: Drax|Protect\n|move|p2b: Tigre To\u00f1o|Fake Out|p1a: Aerodactyl\n|-activate|p1a: Aerodactyl|move: Protect\n|move|p1b: Glimmora|Power Gem|p2a: Drax\n|-activate|p2a: Drax|move: Protect\n|\n|upkeep\n|turn|2\n|\n|t:|1775951008\n|switch|p2a: Kristell|Farigiraf, L50, F|100/100\n|move|p1b: Glimmora|Power Gem|p2a: Kristell\n|-damage|p2a: Kristell|58/100\n|move|p1a: Aerodactyl|Rock Slide|p2b: Tigre To\u00f1o|[spread] p2a,p2b\n|-supereffective|p2b: Tigre To\u00f1o|1\n|-damage|p2a: Kristell|41/100\n|-damage|p2b: Tigre To\u00f1o|61/100\n|cant|p2b: Tigre To\u00f1o|flinch\n|\n|-heal|p2a: Kristell|47/100|[from] item: Leftovers\n|upkeep\n|turn|3\n|\n|t:|1775951021\n|move|p1b: Glimmora|Power Gem|p2a: Kristell\n|-damage|p2a: Kristell|4/100\n|move|p1a: Aerodactyl|Rock Slide|p2b: Tigre To\u00f1o|[spread] p2a,p2b\n|-supereffective|p2b: Tigre To\u00f1o|1\n|-damage|p2a: Kristell|0 fnt\n|-damage|p2b: Tigre To\u00f1o|21/100\n|faint|p2a: Kristell\n|move|p2b: Tigre To\u00f1o|Parting Shot|p1a: Aerodactyl\n|-unboost|p1a: Aerodactyl|atk|1\n|-unboost|p1a: Aerodactyl|spa|1\n|\n|t:|1775951037\n|switch|p2b: Pardo|Venusaur, L50, M, shiny|100/100|[from] Parting Shot\n|\n|upkeep\n|\n|t:|1775951038\n|switch|p2a: Drax|Charizard, L50, M|100/100\n|turn|4\n|\n|t:|1775951052\n|switch|p1b: Sinistcha|Sinistcha-Masterpiece, L50|100/100\n|switch|p1a: Tyranitar|Tyranitar, L50, F|100/100\n|-weather|Sandstorm|[from] ability: Sand Stream|[of] p1a: Tyranitar\n|detailschange|p2a: Drax|Charizard-Mega-Y, L50, M\n|-mega|p2a: Drax|Charizard|Charizardite Y\n|-weather|SunnyDay|[from] ability: Drought|[of] p2a: Drax\n|move|p2a: Drax|Protect|p2a: Drax\n|-singleturn|p2a: Drax|Protect\n|move|p2b: Pardo|Giga Drain|p1a: Tyranitar\n|-supereffective|p1a: Tyranitar|1\n|-damage|p1a: Tyranitar|25/100\n|\n|-weather|SunnyDay|[upkeep]\n|upkeep\n|turn|5\n|\n|t:|1775951072\n|move|p1b: Sinistcha|Rage Powder|p1b: Sinistcha\n|-singleturn|p1b: Sinistcha|move: Rage Powder\n|move|p2b: Pardo|Giga Drain|p1a: Tyranitar\n|-supereffective|p1a: Tyranitar|1\n|-damage|p1a: Tyranitar|0 fnt\n|faint|p1a: Tyranitar\n|move|p2a: Drax|Heat Wave|p1b: Sinistcha\n|-supereffective|p1b: Sinistcha|1\n|-damage|p1b: Sinistcha|0 fnt\n|faint|p1b: Sinistcha\n|\n|-weather|SunnyDay|[upkeep]\n|upkeep\n|\n|t:|1775951080\n|switch|p1b: Aerodactyl|Aerodactyl-Mega, L50, M|100/100\n|switch|p1a: Glimmora|Glimmora, L50, M|100/100\n|turn|6\n|inactive|chronoking has 30 seconds left.\n|inactive|danz12 has 30 seconds left.\n|\n|t:|1775951111\n|move|p2b: Pardo|Giga Drain|p1b: Aerodactyl\n|-crit|p1b: Aerodactyl\n|-damage|p1b: Aerodactyl|30/100\n|move|p1a: Glimmora|Sludge Wave|p2b: Pardo|[spread] p1b,p2a,p2b\n|-resisted|p1b: Aerodactyl|1\n|-damage|p1b: Aerodactyl|4/100\n|-damage|p2a: Drax|57/100\n|-damage|p2b: Pardo|57/100\n|move|p1b: Aerodactyl|Dual Wingbeat|p2b: Pardo|[miss]\n|-miss|p1b: Aerodactyl|p2b: Pardo\n|move|p2a: Drax|Solar Beam||[still]\n|-prepare|p2a: Drax|Solar Beam\n|-anim|p2a: Drax|Solar Beam|p1b: Aerodactyl\n|-damage|p1b: Aerodactyl|0 fnt\n|faint|p1b: Aerodactyl\n|\n|-weather|SunnyDay|[upkeep]\n|upkeep\n|turn|7\n|\n|t:|1775951125\n|move|p2b: Pardo|Earth Power|p1a: Glimmora\n|-supereffective|p1a: Glimmora|2\n|-damage|p1a: Glimmora|0 fnt\n|faint|p1a: Glimmora\n|\n|win|danz12\n|raw|chronoking's rating: 1143 &rarr; <strong>1113</strong><br />(-30 for losing)\n|raw|danz12's rating: 1068 &rarr; <strong>1104</strong><br />(+36 for winning)\n|l|\u2606chronoking\n|player|p1|\n",
  "uploadtime": 1775951131,
  "views": 11,
  "formatid": "gen9championsvgc2026regma",
  "rating": 1104,
  "private": 0,
  "password": null
}