{
  "id": "gen9championsvgc2026regma-2583992720",
  "format": "[Gen 9 Champions] VGC 2026 Reg M-A",
  "players": [
    "nickzwr",
    "CementTheBlock"
  ],
  "log": "|j|\u2606nickzwr\n|j|\u2606CementTheBlock\n|t:|1776214903\n|gametype|doubles\n|player|p1|nickzwr|gambler|1176\n|player|p2|CementTheBlock|pokefanf|1170\n|gen|9\n|tier|[Gen 9 Champions] VGC 2026 Reg M-A\n|rated|\n|rule|Species Clause: Limit one of each Pok\u00e9mon\n|rule|Item Clause: Limit 1 of each item\n|clearpoke\n|poke|p1|Dragonite, L50, F|\n|poke|p1|Basculegion, L50, M|\n|poke|p1|Archaludon, L50, F|\n|poke|p1|Incineroar, L50, M|\n|poke|p1|Sneasler, L50, F|\n|poke|p1|Politoed, L50, M|\n|poke|p2|Froslass, L50, F|\n|poke|p2|Arcanine-Hisui, L50, M|\n|poke|p2|Maushold, L50|\n|poke|p2|Espeon, L50, F|\n|poke|p2|Rotom-Wash, L50|\n|poke|p2|Dragapult, L50, M|\n|teampreview|4\n|\n|t:|1776214929\n|teamsize|p1|4\n|teamsize|p2|4\n|start\n|switch|p1a: Dragonite|Dragonite, L50, F, shiny|100/100\n|switch|p1b: Politoed|Politoed, L50, M, shiny|100/100\n|switch|p2a: Maushold|Maushold, L50|100/100\n|switch|p2b: Dragapult|Dragapult, L50, M|100/100\n|-weather|RainDance|[from] ability: Drizzle|[of] p1b: Politoed\n|turn|1\n|\n|t:|1776214951\n|detailschange|p1a: Dragonite|Dragonite-Mega, L50, F, shiny\n|-mega|p1a: Dragonite|Dragonite|Dragoninite\n|move|p2a: Maushold|Follow Me|p2a: Maushold\n|-singleturn|p2a: Maushold|move: Follow Me\n|move|p2b: Dragapult|Dragon Darts|p1a: Dragonite\n|-supereffective|p1a: Dragonite|1\n|-damage|p1a: Dragonite|74/100\n|-anim|p2b: Dragapult|Dragon Darts|p1b: Politoed\n|-damage|p1b: Politoed|65/100\n|move|p1a: Dragonite|Draco Meteor|p2a: Maushold\n|-damage|p2a: Maushold|21/100\n|-unboost|p1a: Dragonite|spa|2\n|move|p1b: Politoed|Hypnosis|p2a: Maushold\n|-status|p2a: Maushold|slp|[from] move: Hypnosis\n|\n|-weather|RainDance|[upkeep]\n|upkeep\n|turn|2\n|\n|t:|1776214976\n|move|p2b: Dragapult|Dragon Darts|p1a: Dragonite\n|-supereffective|p1a: Dragonite|1\n|-damage|p1a: Dragonite|13/100\n|-anim|p2b: Dragapult|Dragon Darts|p1b: Politoed\n|-damage|p1b: Politoed|34/100\n|cant|p2a: Maushold|slp\n|move|p1a: Dragonite|Draco Meteor|p2b: Dragapult\n|-supereffective|p2b: Dragapult|1\n|-damage|p2b: Dragapult|31/100\n|-unboost|p1a: Dragonite|spa|2\n|move|p1b: Politoed|Whirlpool|p2a: Maushold\n|-damage|p2a: Maushold|0 fnt\n|faint|p2a: Maushold\n|\n|-weather|RainDance|[upkeep]\n|upkeep\n|\n|t:|1776214998\n|switch|p2a: Arcanine|Arcanine-Hisui, L50, M|100/100\n|-ability|p2a: Arcanine|Intimidate|boost\n|-unboost|p1a: Dragonite|atk|1\n|-unboost|p1b: Politoed|atk|1\n|turn|3\n|\n|t:|1776215014\n|move|p2b: Dragapult|Dragon Darts|p1a: Dragonite\n|-supereffective|p1a: Dragonite|1\n|-damage|p1a: Dragonite|0 fnt\n|-anim|p2b: Dragapult|Dragon Darts|p1b: Politoed\n|-damage|p1b: Politoed|0 fnt\n|faint|p1a: Dragonite\n|faint|p1b: Politoed\n|move|p2a: Arcanine|Rock Slide|p1: Dragonite|[notarget]\n|-fail|p2a: Arcanine\n|\n|-weather|RainDance|[upkeep]\n|upkeep\n|\n|t:|1776215023\n|switch|p1a: Sneasler|Sneasler, L50, F|100/100\n|switch|p1b: Basculegion|Basculegion, L50, M|100/100\n|turn|4\n|\n|t:|1776215039\n|move|p1a: Sneasler|Protect|p1a: Sneasler\n|-singleturn|p1a: Sneasler|Protect\n|move|p1b: Basculegion|Wave Crash|p2a: Arcanine\n|-supereffective|p2a: Arcanine|2\n|-enditem|p2a: Arcanine|Passho Berry|[eat]\n|-enditem|p2a: Arcanine|Passho Berry|[weaken]\n|-damage|p2a: Arcanine|0 fnt\n|faint|p2a: Arcanine\n|-damage|p1b: Basculegion|71/100|[from] Recoil\n|move|p2b: Dragapult|Phantom Force||[still]\n|-prepare|p2b: Dragapult|Phantom Force\n|\n|-weather|RainDance|[upkeep]\n|upkeep\n|\n|t:|1776215051\n|switch|p2a: Froslass|Froslass, L50, F|100/100\n|turn|5\n|\n|t:|1776215068\n|move|p1b: Basculegion|Protect|p1b: Basculegion\n|-singleturn|p1b: Basculegion|Protect\n|move|p2a: Froslass|Protect|p2a: Froslass\n|-singleturn|p2a: Froslass|Protect\n|move|p2b: Dragapult|Phantom Force|p1b: Basculegion|[from] lockedmove\n|-activate|p1b: Basculegion|move: Phantom Force|[broken]\n|-supereffective|p1b: Basculegion|1\n|-damage|p1b: Basculegion|0 fnt\n|faint|p1b: Basculegion\n|move|p1a: Sneasler|Dire Claw|p2b: Dragapult\n|-resisted|p2b: Dragapult|1\n|-damage|p2b: Dragapult|1/100\n|\n|-weather|none\n|upkeep\n|turn|6\n|\n|t:|1776215090\n|detailschange|p2a: Froslass|Froslass-Mega, L50, F\n|-mega|p2a: Froslass|Froslass|Froslassite\n|-weather|Snowscape|[from] ability: Snow Warning|[of] p2a: Froslass\n|move|p2b: Dragapult|Phantom Force||[still]\n|-prepare|p2b: Dragapult|Phantom Force\n|move|p2a: Froslass|Aurora Veil|p2a: Froslass\n|-sidestart|p2: CementTheBlock|move: Aurora Veil\n|move|p1a: Sneasler|Dire Claw|p2b: Dragapult|[miss]\n|-miss|p1a: Sneasler|p2b: Dragapult\n|\n|-weather|Snowscape|[upkeep]\n|upkeep\n|turn|7\n|\n|t:|1776215109\n|move|p2b: Dragapult|Phantom Force|p1a: Sneasler|[from] lockedmove\n|-damage|p1a: Sneasler|21/100\n|move|p2a: Froslass|Blizzard|p1a: Sneasler\n|-damage|p1a: Sneasler|0 fnt\n|faint|p1a: Sneasler\n|\n|win|CementTheBlock\n|raw|nickzwr's rating: 1176 &rarr; <strong>1151</strong><br />(-25 for losing)\n|raw|CementTheBlock's rating: 1170 &rarr; <strong>1195</strong><br />(+25 for winning)\n|l|\u2606nickzwr\n|player|p1|\n",
  "uploadtime": 1776215137,
  "views": 17,
  "formatid": "gen9championsvgc2026regma",
  "rating": 1151,
  "private": 0,
  "password": null
}