{
  "id": "gen9championsvgc2026regma-2588837870",
  "format": "[Gen 9 Champions] VGC 2026 Reg M-A",
  "players": [
    "oldarbladeborn",
    "ironcrownxxx"
  ],
  "log": "|j|\u2606oldarbladeborn\n|j|\u2606ironcrownxxx\n|t:|1776676979\n|gametype|doubles\n|player|p1|oldarbladeborn|265|1087\n|player|p2|ironcrownxxx|volkner|1055\n|gen|9\n|tier|[Gen 9 Champions] VGC 2026 Reg M-A\n|rated|\n|rule|Species Clause: Limit one of each Pok\u00e9mon\n|rule|Item Clause: Limit 1 of each item\n|clearpoke\n|poke|p1|Gengar, L50, F|\n|poke|p1|Pelipper, L50, M|\n|poke|p1|Incineroar, L50, M|\n|poke|p1|Sinistcha, L50|\n|poke|p1|Primarina, L50, M|\n|poke|p1|Aggron, L50, F|\n|poke|p2|Floette-Eternal, L50, F|\n|poke|p2|Maushold, L50|\n|poke|p2|Garchomp, L50, M|\n|poke|p2|Talonflame, L50, F|\n|poke|p2|Rotom-Wash, L50|\n|poke|p2|Aegislash, L50, M|\n|teampreview|4\n|inactive|Battle timer is ON: inactive players will automatically lose when time's up. (requested by oldarbladeborn)\n|inactive|oldarbladeborn has 60 seconds left.\n|inactive|ironcrownxxx has 60 seconds left.\n|\n|t:|1776677016\n|teamsize|p1|4\n|teamsize|p2|4\n|start\n|switch|p1a: Pelipper|Pelipper, L50, M|100/100\n|switch|p1b: Aggron|Aggron, L50, F|100/100\n|switch|p2a: Rotom|Rotom-Wash, L50|100/100\n|switch|p2b: Garchomp|Garchomp, L50, M|100/100\n|-weather|RainDance|[from] ability: Drizzle|[of] p1a: Pelipper\n|turn|1\n|inactive|oldarbladeborn has 30 seconds left.\n|inactive|oldarbladeborn has 20 seconds left.\n|\n|t:|1776677056\n|detailschange|p1b: Aggron|Aggron-Mega, L50, F\n|-mega|p1b: Aggron|Aggron|Aggronite\n|move|p1a: Pelipper|Wide Guard|p1a: Pelipper\n|-singleturn|p1a: Pelipper|Wide Guard\n|move|p2b: Garchomp|Stone Edge|p1a: Pelipper\n|-supereffective|p1a: Pelipper|1\n|-crit|p1a: Pelipper\n|-damage|p1a: Pelipper|7/100\n|move|p2a: Rotom|Hydro Pump|p1b: Aggron|[miss]\n|-miss|p2a: Rotom|p1b: Aggron\n|move|p1b: Aggron|Iron Defense|p1b: Aggron\n|-boost|p1b: Aggron|def|2\n|\n|-weather|RainDance|[upkeep]\n|upkeep\n|turn|2\n|\n|t:|1776677076\n|switch|p1a: Incineroar|Incineroar, L50, M|100/100\n|-ability|p1a: Incineroar|Intimidate|boost\n|-unboost|p2a: Rotom|atk|1\n|-unboost|p2b: Garchomp|atk|1\n|move|p1b: Aggron|Protect|p1b: Aggron\n|-singleturn|p1b: Aggron|Protect\n|move|p2b: Garchomp|Stone Edge|p1a: Incineroar\n|-supereffective|p1a: Incineroar|1\n|-damage|p1a: Incineroar|54/100\n|move|p2a: Rotom|Hydro Pump|p1b: Aggron\n|-activate|p1b: Aggron|move: Protect\n|\n|-weather|RainDance|[upkeep]\n|upkeep\n|turn|3\n|inactive|ironcrownxxx has 30 seconds left.\n|\n|t:|1776677108\n|move|p2b: Garchomp|Protect|p2b: Garchomp\n|-singleturn|p2b: Garchomp|Protect\n|move|p1a: Incineroar|Fake Out|p2a: Rotom\n|-damage|p2a: Rotom|90/100\n|cant|p2a: Rotom|flinch\n|move|p1b: Aggron|Body Press|p2a: Rotom\n|-damage|p2a: Rotom|4/100\n|-enditem|p2a: Rotom|Sitrus Berry|[eat]\n|-heal|p2a: Rotom|29/100|[from] item: Sitrus Berry\n|\n|-weather|RainDance|[upkeep]\n|upkeep\n|turn|4\n|\n|t:|1776677127\n|switch|p2b: Talonflame|Talonflame, L50, F|100/100\n|move|p1b: Aggron|Protect|p1b: Aggron\n|-singleturn|p1b: Aggron|Protect\n|move|p2a: Rotom|Hydro Pump|p1b: Aggron\n|-activate|p1b: Aggron|move: Protect\n|move|p1a: Incineroar|Parting Shot|p2a: Rotom\n|-unboost|p2a: Rotom|atk|1\n|-unboost|p2a: Rotom|spa|1\n|\n|t:|1776677138\n|switch|p1a: Primarina|Primarina, L50, M|100/100|[from] Parting Shot\n|\n|-weather|RainDance|[upkeep]\n|upkeep\n|turn|5\n|inactive|oldarbladeborn has 30 seconds left.\n|\n|t:|1776677164\n|switch|p1b: Incineroar|Incineroar, L50, M|54/100\n|-ability|p1b: Incineroar|Intimidate|boost\n|-unboost|p2a: Rotom|atk|1\n|-unboost|p2b: Talonflame|atk|1\n|move|p2b: Talonflame|Tailwind|p2b: Talonflame\n|-sidestart|p2: ironcrownxxx|move: Tailwind\n|move|p2a: Rotom|Volt Switch|p1a: Primarina\n|-supereffective|p1a: Primarina|1\n|-damage|p1a: Primarina|65/100\n|\n|t:|1776677178\n|switch|p2a: Garchomp|Garchomp, L50, M|100/100|[from] Volt Switch\n|move|p1a: Primarina|Hyper Voice|p2a: Garchomp|[spread] p2a,p2b\n|-crit|p2a: Garchomp\n|-supereffective|p2b: Talonflame|1\n|-damage|p2a: Garchomp|0 fnt\n|-damage|p2b: Talonflame|0 fnt\n|faint|p2a: Garchomp\n|faint|p2b: Talonflame\n|\n|-weather|none\n|upkeep\n|\n|t:|1776677186\n|switch|p2b: Floette|Floette-Eternal, L50, F|100/100\n|switch|p2a: Rotom|Rotom-Wash, L50|29/100\n|turn|6\n|c|\u2606oldarbladeborn|oh my god\n|c|\u2606ironcrownxxx|faaah\n|c|\u2606ironcrownxxx|crit\n|c|\u2606oldarbladeborn|real\n|inactive|oldarbladeborn has 30 seconds left.\n|inactive|ironcrownxxx has 30 seconds left.\n|\n|t:|1776677216\n|detailschange|p2b: Floette|Floette-Mega, L50, F\n|-mega|p2b: Floette|Floette|Floettite\n|-ability|p2b: Floette|Fairy Aura\n|move|p2a: Rotom|Helping Hand|p2b: Floette\n|-singleturn|p2b: Floette|Helping Hand|[of] p2a: Rotom\n|move|p1b: Incineroar|Fake Out|p2a: Rotom\n|-damage|p2a: Rotom|18/100\n|move|p2b: Floette|Dazzling Gleam|p1b: Incineroar|[spread] p1a,p1b\n|-crit|p1a: Primarina\n|-damage|p1a: Primarina|0 fnt\n|-damage|p1b: Incineroar|5/100\n|faint|p1a: Primarina\n|\n|upkeep\n|\n|t:|1776677233\n|switch|p1a: Pelipper|Pelipper, L50, M|7/100\n|-weather|RainDance|[from] ability: Drizzle|[of] p1a: Pelipper\n|turn|7\n|\n|t:|1776677257\n|move|p1a: Pelipper|Protect|p1a: Pelipper\n|-singleturn|p1a: Pelipper|Protect\n|move|p2b: Floette|Calm Mind|p2b: Floette\n|-boost|p2b: Floette|spa|1\n|-boost|p2b: Floette|spd|1\n|move|p2a: Rotom|Thunderbolt|p1a: Pelipper\n|-activate|p1a: Pelipper|move: Protect\n|move|p1b: Incineroar|Darkest Lariat|p2a: Rotom\n|-damage|p2a: Rotom|0 fnt\n|faint|p2a: Rotom\n|\n|-weather|RainDance|[upkeep]\n|upkeep\n|turn|8\n|inactive|oldarbladeborn has 30 seconds left.\n|inactive|ironcrownxxx has 30 seconds left.\n|c|\u2606ironcrownxxx|!dt wide guard\n|c|\u2606ironcrownxxx|/raw <ul class=\"utilichart\"><li class=\"result\"><span class=\"col movenamecol\"><a href=\"https://dex.pokemonshowdown.com/moves/wideguard\">Wide Guard</a></span> <span class=\"col typecol\"><img src=\"//play.pokemonshowdown.com/sprites/types/Rock.png\" alt=\"Rock\" width=\"32\" height=\"14\"><img src=\"//play.pokemonshowdown.com/sprites/categories/Status.png\" alt=\"Status\" width=\"32\" height=\"14\"></span> <span class=\"col widelabelcol\"><em>Accuracy</em><br>\u2014</span> <span class=\"col pplabelcol\"><em>PP</em><br>16</span> <span class=\"col movedesccol\">Protects allies from multi-target moves this turn.</span> </li><li style=\"clear:both\"></li></ul>\n|c|\u2606ironcrownxxx|/raw <font size=\"1\"><font color=\"#686868\">Priority:</font> 3&nbsp;|&ThickSpace;<font color=\"#686868\">Gen:</font> 5&nbsp;|&ThickSpace;&#10003; Bypasses Protect&nbsp;|&ThickSpace;<font color=\"#686868\">Z-Effect:</font>  Defense +1&nbsp;|&ThickSpace;<font color=\"#686868\">Target:</font> User's Side</font>\n\n|inactive|ironcrownxxx has 20 seconds left.\n|inactive|ironcrownxxx has 15 seconds left.\n|inactive|ironcrownxxx has 10 seconds left.\n|inactive|ironcrownxxx has 5 seconds left.\n|\n|t:|1776677310\n|move|p1b: Incineroar|Protect|p1b: Incineroar\n|-singleturn|p1b: Incineroar|Protect\n|move|p2b: Floette|Moonblast|p1b: Incineroar\n|-activate|p1b: Incineroar|move: Protect\n|move|p1a: Pelipper|Hurricane|p2b: Floette\n|-damage|p2b: Floette|83/100\n|\n|-weather|RainDance|[upkeep]\n|-sideend|p2: ironcrownxxx|move: Tailwind\n|upkeep\n|turn|9\n|\n|t:|1776677323\n|move|p1a: Pelipper|Wide Guard|p1a: Pelipper\n|-singleturn|p1a: Pelipper|Wide Guard\n|move|p2b: Floette|Dazzling Gleam|p1a: Pelipper|[spread] \n|-activate|p1a: Pelipper|move: Wide Guard\n|-activate|p1b: Incineroar|move: Wide Guard\n|move|p1b: Incineroar|Parting Shot|p2b: Floette\n|-unboost|p2b: Floette|atk|1\n|-unboost|p2b: Floette|spa|1\n|\n|t:|1776677331\n|switch|p1b: Aggron|Aggron-Mega, L50, F|100/100|[from] Parting Shot\n|\n|-weather|RainDance|[upkeep]\n|upkeep\n|turn|10\n|\n|t:|1776677352\n|move|p2b: Floette|Protect|p2b: Floette\n|-singleturn|p2b: Floette|Protect\n|move|p1b: Aggron|Protect|p1b: Aggron\n|-singleturn|p1b: Aggron|Protect\n|move|p1a: Pelipper|Hurricane|p2b: Floette\n|-activate|p2b: Floette|move: Protect\n|\n|-weather|RainDance|[upkeep]\n|upkeep\n|turn|11\n|\n|t:|1776677362\n|move|p1a: Pelipper|Wide Guard|p1a: Pelipper\n|-singleturn|p1a: Pelipper|Wide Guard\n|move|p2b: Floette|Moonblast|p1b: Aggron\n|-resisted|p1b: Aggron|1\n|-damage|p1b: Aggron|69/100\n|move|p1b: Aggron|Heavy Slam|p2b: Floette\n|-supereffective|p2b: Floette|1\n|-damage|p2b: Floette|7/100\n|\n|-weather|none\n|upkeep\n|turn|12\n|-message|ironcrownxxx forfeited.\n|\n|win|oldarbladeborn\n|raw|oldarbladeborn's rating: 1087 &rarr; <strong>1111</strong><br />(+24 for winning)\n|raw|ironcrownxxx's rating: 1055 &rarr; <strong>1038</strong><br />(-17 for losing)\n|l|\u2606ironcrownxxx\n|player|p2|\n|c|\u2606oldarbladeborn|gg\n",
  "uploadtime": 1776677652,
  "views": 12,
  "formatid": "gen9championsvgc2026regma",
  "rating": 1038,
  "private": 0,
  "password": null
}