{
  "id": "gen9championsvgc2026regma-2587263552",
  "format": "[Gen 9 Champions] VGC 2026 Reg M-A",
  "players": [
    "uzuiy",
    "txkin0"
  ],
  "log": "|j|\u2606uzuiy\n|j|\u2606txkin0\n|t:|1776515946\n|gametype|doubles\n|player|p1|uzuiy|pokemaniac|1160\n|player|p2|txkin0|n|1098\n|gen|9\n|tier|[Gen 9 Champions] VGC 2026 Reg M-A\n|rated|\n|rule|Species Clause: Limit one of each Pok\u00e9mon\n|rule|Item Clause: Limit 1 of each item\n|clearpoke\n|poke|p1|Greninja, L50, F|\n|poke|p1|Ninetales-Alola, L50, M|\n|poke|p1|Pelipper, L50, M|\n|poke|p1|Sneasler, L50, F|\n|poke|p1|Incineroar, L50, F|\n|poke|p1|Garchomp, L50, F|\n|poke|p2|Froslass, L50, F|\n|poke|p2|Sinistcha, L50|\n|poke|p2|Kingambit, L50, M|\n|poke|p2|Sneasler, L50, M|\n|poke|p2|Garchomp, L50, M|\n|poke|p2|Aerodactyl, L50, M|\n|teampreview|4\n|\n|t:|1776515967\n|teamsize|p1|4\n|teamsize|p2|4\n|start\n|switch|p1a: Incineroar|Incineroar, L50, F|100/100\n|switch|p1b: Ninetales|Ninetales-Alola, L50, M|100/100\n|switch|p2a: Kingambit|Kingambit, L50, M|100/100\n|switch|p2b: Sneasler|Sneasler, L50, M|100/100\n|-weather|Snowscape|[from] ability: Snow Warning|[of] p1b: Ninetales\n|-ability|p1a: Incineroar|Intimidate|boost\n|-unboost|p2a: Kingambit|atk|1\n|-ability|p2a: Kingambit|Defiant|boost\n|-boost|p2a: Kingambit|atk|2\n|-unboost|p2b: Sneasler|atk|1\n|-enditem|p2b: Sneasler|White Herb\n|-clearnegativeboost|p2b: Sneasler|[silent]\n|turn|1\n|\n|t:|1776515994\n|move|p1b: Ninetales|Protect|p1b: Ninetales\n|-singleturn|p1b: Ninetales|Protect\n|move|p2b: Sneasler|Upper Hand||[still]\n|-fail|p2b: Sneasler\n|move|p1a: Incineroar|Flare Blitz|p2a: Kingambit\n|-supereffective|p2a: Kingambit|1\n|-damage|p2a: Kingambit|34/100\n|-damage|p1a: Incineroar|78/100|[from] Recoil\n|move|p2a: Kingambit|Iron Head|p1b: Ninetales\n|-activate|p1b: Ninetales|move: Protect\n|\n|-weather|Snowscape|[upkeep]\n|upkeep\n|turn|2\n|\n|t:|1776516031\n|switch|p1b: Sneasler|Sneasler, L50, F|100/100\n|move|p2a: Kingambit|Protect|p2a: Kingambit\n|-singleturn|p2a: Kingambit|Protect\n|move|p2b: Sneasler|Dire Claw|p1b: Sneasler\n|-resisted|p1b: Sneasler|1\n|-damage|p1b: Sneasler|62/100\n|move|p1a: Incineroar|Flare Blitz|p2a: Kingambit\n|-activate|p2a: Kingambit|move: Protect\n|\n|-weather|Snowscape|[upkeep]\n|upkeep\n|turn|3\n|\n|t:|1776516055\n|switch|p2a: Aerodactyl|Aerodactyl, L50, M|100/100\n|-ability|p2a: Aerodactyl|Unnerve\n|move|p1b: Sneasler|Fake Out|p2b: Sneasler\n|-damage|p2b: Sneasler|72/100\n|cant|p2b: Sneasler|flinch\n|move|p1a: Incineroar|Flare Blitz|p2a: Aerodactyl\n|-resisted|p2a: Aerodactyl|1\n|-damage|p2a: Aerodactyl|73/100\n|-damage|p1a: Incineroar|69/100|[from] Recoil\n|\n|-weather|Snowscape|[upkeep]\n|upkeep\n|turn|4\n|\n|t:|1776516077\n|switch|p1a: Ninetales|Ninetales-Alola, L50, M|100/100\n|move|p1b: Sneasler|Protect|p1b: Sneasler\n|-singleturn|p1b: Sneasler|Protect\n|move|p2b: Sneasler|Close Combat|p1a: Ninetales\n|-damage|p1a: Ninetales|53/100\n|-unboost|p2b: Sneasler|def|1\n|-unboost|p2b: Sneasler|spd|1\n|move|p2a: Aerodactyl|Tailwind|p2a: Aerodactyl\n|-sidestart|p2: txkin0|move: Tailwind\n|\n|-weather|Snowscape|[upkeep]\n|-heal|p1a: Ninetales|59/100|[from] item: Leftovers\n|upkeep\n|turn|5\n|\n|t:|1776516102\n|move|p2b: Sneasler|Protect|p2b: Sneasler\n|-singleturn|p2b: Sneasler|Protect\n|move|p2a: Aerodactyl|Protect|p2a: Aerodactyl\n|-singleturn|p2a: Aerodactyl|Protect\n|move|p1b: Sneasler|Close Combat|p2b: Sneasler\n|-activate|p2b: Sneasler|move: Protect\n|move|p1a: Ninetales|Aurora Veil|p1a: Ninetales\n|-sidestart|p1: uzuiy|move: Aurora Veil\n|\n|-weather|none\n|-heal|p1a: Ninetales|65/100|[from] item: Leftovers\n|upkeep\n|turn|6\n|\n|t:|1776516127\n|switch|p1a: Incineroar|Incineroar, L50, F|69/100\n|-ability|p1a: Incineroar|Intimidate|boost\n|-unboost|p2a: Aerodactyl|atk|1\n|-unboost|p2b: Sneasler|atk|1\n|move|p1b: Sneasler|Protect|p1b: Sneasler\n|-singleturn|p1b: Sneasler|Protect\n|move|p2b: Sneasler|Close Combat|p1a: Incineroar\n|-supereffective|p1a: Incineroar|1\n|-damage|p1a: Incineroar|19/100\n|-unboost|p2b: Sneasler|def|1\n|-unboost|p2b: Sneasler|spd|1\n|move|p2a: Aerodactyl|Rock Slide|p1b: Sneasler|[spread] p1a\n|-activate|p1b: Sneasler|move: Protect\n|-supereffective|p1a: Incineroar|1\n|-damage|p1a: Incineroar|3/100\n|\n|upkeep\n|turn|7\n|\n|t:|1776516153\n|move|p2b: Sneasler|Protect|p2b: Sneasler\n|-singleturn|p2b: Sneasler|Protect\n|move|p1a: Incineroar|Fake Out|p2a: Aerodactyl\n|-resisted|p2a: Aerodactyl|1\n|-damage|p2a: Aerodactyl|67/100\n|cant|p2a: Aerodactyl|flinch\n|move|p1b: Sneasler|Close Combat|p2b: Sneasler\n|-activate|p2b: Sneasler|move: Protect\n|\n|-sideend|p2: txkin0|move: Tailwind\n|upkeep\n|turn|8\n|\n|t:|1776516177\n|move|p2b: Sneasler|Dire Claw|p1a: Incineroar\n|-damage|p1a: Incineroar|0 fnt\n|faint|p1a: Incineroar\n|move|p1b: Sneasler|Close Combat|p2b: Sneasler\n|-resisted|p2b: Sneasler|1\n|-damage|p2b: Sneasler|0 fnt\n|-unboost|p1b: Sneasler|def|1\n|-unboost|p1b: Sneasler|spd|1\n|faint|p2b: Sneasler\n|-enditem|p1b: Sneasler|White Herb\n|-clearnegativeboost|p1b: Sneasler|[silent]\n|move|p2a: Aerodactyl|Tailwind|p2a: Aerodactyl\n|-sidestart|p2: txkin0|move: Tailwind\n|\n|upkeep\n|\n|t:|1776516191\n|switch|p2b: Froslass|Froslass, L50, F|100/100\n|switch|p1a: Ninetales|Ninetales-Alola, L50, M|65/100\n|-weather|Snowscape|[from] ability: Snow Warning|[of] p1a: Ninetales\n|turn|9\n|\n|t:|1776516205\n|detailschange|p2b: Froslass|Froslass-Mega, L50, F\n|-mega|p2b: Froslass|Froslass|Froslassite\n|move|p1b: Sneasler|Protect|p1b: Sneasler\n|-singleturn|p1b: Sneasler|Protect\n|move|p2b: Froslass|Blizzard|p1b: Sneasler|[spread] p1a\n|-activate|p1b: Sneasler|move: Protect\n|-resisted|p1a: Ninetales|1\n|-damage|p1a: Ninetales|53/100\n|move|p2a: Aerodactyl|Rock Slide|p1a: Ninetales|[spread] p1a\n|-activate|p1b: Sneasler|move: Protect\n|-supereffective|p1a: Ninetales|1\n|-damage|p1a: Ninetales|41/100\n|cant|p1a: Ninetales|flinch\n|\n|-weather|Snowscape|[upkeep]\n|-heal|p1a: Ninetales|47/100|[from] item: Leftovers\n|-sideend|p1: uzuiy|move: Aurora Veil\n|upkeep\n|turn|10\n|\n|t:|1776516228\n|switch|p1b: Greninja|Greninja, L50, F|100/100\n|move|p2a: Aerodactyl|Wide Guard|p2a: Aerodactyl\n|-singleturn|p2a: Aerodactyl|Wide Guard\n|move|p2b: Froslass|Shadow Ball|p1b: Greninja\n|-resisted|p1b: Greninja|1\n|-damage|p1b: Greninja|62/100\n|move|p1a: Ninetales|Aurora Veil|p1a: Ninetales\n|-sidestart|p1: uzuiy|move: Aurora Veil\n|\n|-weather|Snowscape|[upkeep]\n|-heal|p1a: Ninetales|53/100|[from] item: Leftovers\n|upkeep\n|turn|11\n|\n|t:|1776516245\n|switch|p2a: Kingambit|Kingambit, L50, M|34/100\n|detailschange|p1b: Greninja|Greninja-Mega, L50, F\n|-mega|p1b: Greninja|Greninja|Greninjite\n|move|p2b: Froslass|Protect|p2b: Froslass\n|-singleturn|p2b: Froslass|Protect\n|move|p1b: Greninja|Dark Pulse|p2b: Froslass\n|-start|p1b: Greninja|typechange|Dark|[from] ability: Protean\n|-activate|p2b: Froslass|move: Protect\n|move|p1a: Ninetales|Icy Wind|p2a: Kingambit|[spread] p2a\n|-activate|p2b: Froslass|move: Protect\n|-resisted|p2a: Kingambit|1\n|-damage|p2a: Kingambit|27/100\n|-unboost|p2a: Kingambit|spe|1\n|-ability|p2a: Kingambit|Defiant|boost\n|-boost|p2a: Kingambit|atk|2\n|\n|-weather|Snowscape|[upkeep]\n|-heal|p1a: Ninetales|59/100|[from] item: Leftovers\n|-sideend|p2: txkin0|move: Tailwind\n|upkeep\n|turn|12\n|\n|t:|1776516278\n|switch|p2b: Aerodactyl|Aerodactyl, L50, M|67/100\n|-ability|p2b: Aerodactyl|Unnerve\n|switch|p1a: Sneasler|Sneasler, L50, F|62/100\n|move|p1b: Greninja|Protect|p1b: Greninja\n|-singleturn|p1b: Greninja|Protect\n|move|p2a: Kingambit|Sucker Punch||[still]\n|-fail|p2a: Kingambit\n|\n|-weather|Snowscape|[upkeep]\n|upkeep\n|turn|13\n|\n|t:|1776516297\n|move|p1a: Sneasler|Fake Out|p2b: Aerodactyl\n|-resisted|p2b: Aerodactyl|1\n|-damage|p2b: Aerodactyl|58/100\n|move|p2a: Kingambit|Sucker Punch|p1b: Greninja\n|-resisted|p1b: Greninja|1\n|-damage|p1b: Greninja|21/100\n|move|p1b: Greninja|Blizzard|p2b: Aerodactyl|[spread] p2a,p2b\n|-resisted|p2a: Kingambit|1\n|-supereffective|p2b: Aerodactyl|1\n|-crit|p2b: Aerodactyl\n|-damage|p2a: Kingambit|10/100\n|-damage|p2b: Aerodactyl|0 fnt\n|faint|p2b: Aerodactyl\n|\n|-weather|none\n|upkeep\n|\n|t:|1776516308\n|switch|p2b: Froslass|Froslass-Mega, L50, F|100/100\n|-weather|Snowscape|[from] ability: Snow Warning|[of] p2b: Froslass\n|turn|14\n|\n|t:|1776516320\n|move|p2a: Kingambit|Sucker Punch|p1b: Greninja\n|-resisted|p1b: Greninja|1\n|-damage|p1b: Greninja|0 fnt\n|faint|p1b: Greninja\n|move|p2b: Froslass|Blizzard|p1a: Sneasler\n|-damage|p1a: Sneasler|5/100\n|move|p1a: Sneasler|Close Combat|p2a: Kingambit\n|-supereffective|p2a: Kingambit|2\n|-enditem|p2a: Kingambit|Chople Berry|[eat]\n|-enditem|p2a: Kingambit|Chople Berry|[weaken]\n|-damage|p2a: Kingambit|0 fnt\n|-unboost|p1a: Sneasler|def|1\n|-unboost|p1a: Sneasler|spd|1\n|faint|p2a: Kingambit\n|\n|-weather|Snowscape|[upkeep]\n|-sideend|p1: uzuiy|move: Aurora Veil\n|upkeep\n|\n|t:|1776516336\n|switch|p1b: Ninetales|Ninetales-Alola, L50, M|59/100\n|turn|15\n|\n|t:|1776516340\n|move|p1a: Sneasler|Protect|p1a: Sneasler\n|-singleturn|p1a: Sneasler|Protect\n|move|p2b: Froslass|Blizzard|p1b: Ninetales|[spread] p1b\n|-activate|p1a: Sneasler|move: Protect\n|-resisted|p1b: Ninetales|1\n|-damage|p1b: Ninetales|38/100\n|move|p1b: Ninetales|Aurora Veil|p1b: Ninetales\n|-sidestart|p1: uzuiy|move: Aurora Veil\n|\n|-weather|Snowscape|[upkeep]\n|-heal|p1b: Ninetales|44/100|[from] item: Leftovers\n|upkeep\n|turn|16\n|\n|t:|1776516356\n|move|p1b: Ninetales|Protect|p1b: Ninetales\n|-singleturn|p1b: Ninetales|Protect\n|move|p2b: Froslass|Blizzard|p1b: Ninetales|[spread] p1a\n|-activate|p1b: Ninetales|move: Protect\n|-crit|p1a: Sneasler\n|-damage|p1a: Sneasler|0 fnt\n|faint|p1a: Sneasler\n|\n|-weather|Snowscape|[upkeep]\n|-heal|p1b: Ninetales|50/100|[from] item: Leftovers\n|upkeep\n|turn|17\n|\n|t:|1776516369\n|move|p2b: Froslass|Shadow Ball|p1b: Ninetales\n|-damage|p1b: Ninetales|23/100\n|move|p1b: Ninetales|Blizzard|p2b: Froslass\n|-resisted|p2b: Froslass|1\n|-damage|p2b: Froslass|78/100\n|\n|-weather|Snowscape|[upkeep]\n|-heal|p1b: Ninetales|29/100|[from] item: Leftovers\n|upkeep\n|turn|18\n|\n|t:|1776516378\n|move|p1b: Ninetales|Protect|p1b: Ninetales\n|-singleturn|p1b: Ninetales|Protect\n|move|p2b: Froslass|Shadow Ball|p1b: Ninetales\n|-activate|p1b: Ninetales|move: Protect\n|\n|-weather|none\n|-heal|p1b: Ninetales|35/100|[from] item: Leftovers\n|upkeep\n|turn|19\n|\n|t:|1776516388\n|move|p2b: Froslass|Shadow Ball|p1b: Ninetales\n|-damage|p1b: Ninetales|9/100\n|-unboost|p1b: Ninetales|spd|1\n|move|p1b: Ninetales|Icy Wind|p2b: Froslass\n|-resisted|p2b: Froslass|1\n|-damage|p2b: Froslass|66/100\n|-unboost|p2b: Froslass|spe|1\n|\n|-heal|p1b: Ninetales|15/100|[from] item: Leftovers\n|-sideend|p1: uzuiy|move: Aurora Veil\n|upkeep\n|turn|20\n|-message|uzuiy forfeited.\n|\n|win|txkin0\n|raw|uzuiy's rating: 1160 &rarr; <strong>1131</strong><br />(-29 for losing)\n|raw|txkin0's rating: 1098 &rarr; <strong>1128</strong><br />(+30 for winning)\n|l|\u2606uzuiy\n|player|p1|\n",
  "uploadtime": 1776516406,
  "views": 29,
  "formatid": "gen9championsvgc2026regma",
  "rating": 1128,
  "private": 0,
  "password": null
}