{
  "id": "gen9championsvgc2026regma-2584591533",
  "format": "[Gen 9 Champions] VGC 2026 Reg M-A",
  "players": [
    "mikoksor",
    "Pegassin"
  ],
  "log": "|j|\u2606mikoksor\n|j|\u203dPegassin\n|t:|1776270778\n|gametype|doubles\n|player|p1|mikoksor|266|1254\n|player|p2|Pegassin|265|1153\n|gen|9\n|tier|[Gen 9 Champions] VGC 2026 Reg M-A\n|rated|\n|rule|Species Clause: Limit one of each Pok\u00e9mon\n|rule|Item Clause: Limit 1 of each item\n|clearpoke\n|poke|p1|Gengar, L50, F|\n|poke|p1|Noivern, L50, F|\n|poke|p1|Kingambit, L50, M|\n|poke|p1|Tauros-Paldea-Aqua, L50, M|\n|poke|p1|Volcarona, L50, F|\n|poke|p1|Zoroark-Hisui, L50, F|\n|poke|p2|Floette-Eternal, L50, F|\n|poke|p2|Aerodactyl, L50, M|\n|poke|p2|Primarina, L50, M|\n|poke|p2|Maushold, L50|\n|poke|p2|Garchomp, L50, M|\n|poke|p2|Incineroar, L50, F|\n|teampreview|4\nPegassin rejected open team sheets.\n|inactive|Battle timer is ON: inactive players will automatically lose when time's up. (requested by Pegassin)\n|\n|t:|1776270832\n|teamsize|p1|4\n|teamsize|p2|4\n|start\n|switch|p1a: Gengar|Gengar, L50, F|100/100\n|switch|p1b: Noivern|Noivern, L50, F|100/100\n|switch|p2a: Maushold|Maushold, L50|100/100\n|switch|p2b: Aerodactyl|Aerodactyl, L50, M|100/100\n|-ability|p2b: Aerodactyl|Unnerve\n|turn|1\n|\n|t:|1776270857\n|detailschange|p1a: Gengar|Gengar-Mega, L50, F\n|-mega|p1a: Gengar|Gengar|Gengarite\n|move|p1b: Noivern|Icy Wind|p2a: Maushold|[spread] p2a,p2b\n|-supereffective|p2b: Aerodactyl|1\n|-damage|p2a: Maushold|82/100\n|-damage|p2b: Aerodactyl|67/100\n|-unboost|p2a: Maushold|spe|1\n|-unboost|p2b: Aerodactyl|spe|1\n|move|p1a: Gengar|Sludge Wave|p2a: Maushold|[spread] p1b,p2a,p2b\n|-resisted|p1b: Noivern|1\n|-resisted|p2b: Aerodactyl|1\n|-damage|p1b: Noivern|54/100\n|-damage|p2a: Maushold|34/100\n|-damage|p2b: Aerodactyl|42/100\n|replace|p1b: Zoroark|Zoroark-Hisui, L50, F\n|-end|p1b: Zoroark|Illusion\n|move|p2b: Aerodactyl|Tailwind|p2b: Aerodactyl\n|-sidestart|p2: Pegassin|move: Tailwind\n|move|p2a: Maushold|Super Fang|p1b: Zoroark\n|-immune|p1b: Zoroark\n|\n|upkeep\n|turn|2\n|inactive|mikoksor has 30 seconds left.\n|inactive|Pegassin has 30 seconds left.\n|\n|t:|1776270889\n|switch|p1b: Tauros|Tauros-Paldea-Aqua, L50, M|100/100\n|-ability|p1b: Tauros|Intimidate|boost\n|-unboost|p2a: Maushold|atk|1\n|-unboost|p2b: Aerodactyl|atk|1\n|move|p2a: Maushold|Helping Hand|p2b: Aerodactyl\n|-singleturn|p2b: Aerodactyl|Helping Hand|[of] p2a: Maushold\n|move|p1a: Gengar|Protect|p1a: Gengar\n|-singleturn|p1a: Gengar|Protect\n|move|p2b: Aerodactyl|Rock Slide|p1a: Gengar|[spread] p1b\n|-activate|p1a: Gengar|move: Protect\n|-resisted|p1b: Tauros|1\n|-damage|p1b: Tauros|87/100\n|\n|upkeep\n|turn|3\n|inactive|Pegassin has 30 seconds left.\n|\n|t:|1776270923\n|move|p2b: Aerodactyl|Protect|p2b: Aerodactyl\n|-singleturn|p2b: Aerodactyl|Protect\n|move|p1b: Tauros|Aqua Jet|p2a: Maushold\n|-damage|p2a: Maushold|8/100\n|move|p2a: Maushold|Super Fang|p1b: Tauros\n|-damage|p1b: Tauros|44/100\n|move|p1a: Gengar|Shadow Ball|p2b: Aerodactyl\n|-activate|p2b: Aerodactyl|move: Protect\n|\n|upkeep\n|turn|4\n|inactive|Pegassin has 30 seconds left.\n|\n|t:|1776270951\n|move|p2a: Maushold|Follow Me|p2a: Maushold\n|-singleturn|p2a: Maushold|move: Follow Me\n|move|p1b: Tauros|Aqua Jet|p2a: Maushold\n|-damage|p2a: Maushold|0 fnt\n|faint|p2a: Maushold\n|move|p2b: Aerodactyl|Dual Wingbeat|p1b: Tauros\n|-supereffective|p1b: Tauros|1\n|-damage|p1b: Tauros|20/100\n|-supereffective|p1b: Tauros|1\n|-damage|p1b: Tauros|0 fnt\n|faint|p1b: Tauros\n|-hitcount|p1: Tauros|2\n|move|p1a: Gengar|Shadow Ball|p2b: Aerodactyl\n|-damage|p2b: Aerodactyl|0 fnt\n|faint|p2b: Aerodactyl\n|\n|-sideend|p2: Pegassin|move: Tailwind\n|upkeep\n|\n|t:|1776270965\n|switch|p2b: Garchomp|Garchomp, L50, M|100/100\n|switch|p2a: Incineroar|Incineroar, L50, F|100/100\n|switch|p1b: Noivern|Noivern, L50, F|54/100\n|-ability|p2a: Incineroar|Intimidate|boost\n|-unboost|p1a: Gengar|atk|1\n|-unboost|p1b: Noivern|atk|1\n|turn|5\n|inactive|Pegassin has 30 seconds left.\n|inactive|Pegassin has 20 seconds left.\n|inactive|Pegassin has 15 seconds left.\n|\n|t:|1776271006\n|move|p1a: Gengar|Protect|p1a: Gengar\n|-singleturn|p1a: Gengar|Protect\n|move|p2b: Garchomp|Protect|p2b: Garchomp\n|-singleturn|p2b: Garchomp|Protect\n|move|p1b: Noivern|Bitter Malice|p2a: Incineroar\n|-resisted|p2a: Incineroar|1\n|-damage|p2a: Incineroar|79/100\n|-unboost|p2a: Incineroar|atk|1\n|move|p2a: Incineroar|Throat Chop|p1a: Gengar\n|-activate|p1a: Gengar|move: Protect\n|\n|upkeep\n|turn|6\n|\n|t:|1776271024\n|switch|p1a: Noivern|Noivern, L50, F|100/100\n|move|p1b: Noivern|Bitter Malice|p2b: Garchomp\n|-damage|p2b: Garchomp|55/100\n|-unboost|p2b: Garchomp|atk|1\n|-enditem|p2b: Garchomp|White Herb\n|-clearnegativeboost|p2b: Garchomp|[silent]\n|move|p2b: Garchomp|Earthquake|p1b: Noivern|[spread] p2a,p1b\n|-immune|p1a: Noivern\n|-supereffective|p2a: Incineroar|1\n|-damage|p2a: Incineroar|7/100\n|-damage|p1b: Noivern|0 fnt\n|replace|p1b: Zoroark|Zoroark-Hisui, L50, F\n|-end|p1b: Zoroark|Illusion\n|-enditem|p2a: Incineroar|Sitrus Berry|[eat]\n|-heal|p2a: Incineroar|32/100|[from] item: Sitrus Berry\n|faint|p1b: Zoroark\n|move|p2a: Incineroar|Throat Chop|p1a: Noivern\n|-damage|p1a: Noivern|65/100\n|-start|p1a: Noivern|Throat Chop|[silent]\n|\n|upkeep\n|\n|t:|1776271033\n|switch|p1b: Gengar|Gengar-Mega, L50, F|100/100\n|turn|7\n|\n|t:|1776271052\n|move|p2b: Garchomp|Protect|p2b: Garchomp\n|-singleturn|p2b: Garchomp|Protect\n|move|p1a: Noivern|Draco Meteor|p2b: Garchomp\n|-activate|p2b: Garchomp|move: Protect\n|move|p1b: Gengar|Sludge Wave|p2b: Garchomp|[spread] p2a\n|-activate|p2b: Garchomp|move: Protect\n|-activate|p1a: Noivern|ability: Telepathy\n|-damage|p2a: Incineroar|0 fnt\n|faint|p2a: Incineroar\n|\n|-end|p1a: Noivern|Throat Chop|[silent]\n|upkeep\n|turn|8\n|\n|t:|1776271066\n|move|p1a: Noivern|Draco Meteor|p2b: Garchomp\n|-supereffective|p2b: Garchomp|1\n|-damage|p2b: Garchomp|0 fnt\n|-unboost|p1a: Noivern|spa|2\n|faint|p2b: Garchomp\n|\n|win|mikoksor\n|raw|mikoksor's rating: 1254 &rarr; <strong>1272</strong><br />(+18 for winning)\n|raw|Pegassin's rating: 1153 &rarr; <strong>1135</strong><br />(-18 for losing)\n",
  "uploadtime": 1776271067,
  "views": 21,
  "formatid": "gen9championsvgc2026regma",
  "rating": 1135,
  "private": 0,
  "password": null
}