{
  "id": "gen9championsvgc2026regma-2580396765",
  "format": "[Gen 9 Champions] VGC 2026 Reg M-A",
  "players": [
    "GodAldo24",
    "caustic soda"
  ],
  "log": "|j|\u2606GodAldo24\n|j|\u2606caustic soda\n|t:|1775890279\n|gametype|doubles\n|player|p1|GodAldo24|266|1000\n|player|p2|caustic soda|1|1000\n|gen|9\n|tier|[Gen 9 Champions] VGC 2026 Reg M-A\n|rated|\n|rule|Species Clause: Limit one of each Pok\u00e9mon\n|rule|Item Clause: Limit 1 of each item\n|clearpoke\n|poke|p1|Incineroar, L50, M|\n|poke|p1|Charizard, L50, F|\n|poke|p1|Leafeon, L50, F|\n|poke|p1|Whimsicott, L50, M|\n|poke|p1|Dragonite, L50, F|\n|poke|p1|Rotom-Wash, L50|\n|poke|p2|Tyranitar, L50, F|\n|poke|p2|Excadrill, L50, M|\n|poke|p2|Garchomp, L50, F|\n|poke|p2|Sinistcha, L50|\n|poke|p2|Sneasler, L50, F|\n|poke|p2|Rotom-Wash, L50|\n|teampreview|4\n|\n|t:|1775890358\n|teamsize|p1|4\n|teamsize|p2|4\n|start\n|switch|p1a: Incineroar|Incineroar, L50, M|100/100\n|switch|p1b: Leafeon|Leafeon, L50, F|100/100\n|switch|p2a: Sneasler|Sneasler, L50, F|100/100\n|switch|p2b: Tyranitar|Tyranitar, L50, F|100/100\n|-weather|Sandstorm|[from] ability: Sand Stream|[of] p2b: Tyranitar\n|-ability|p1a: Incineroar|Intimidate|boost\n|-unboost|p2a: Sneasler|atk|1\n|-unboost|p2b: Tyranitar|atk|1\n|-enditem|p2a: Sneasler|White Herb\n|-clearnegativeboost|p2a: Sneasler|[silent]\n|turn|1\n|\n|t:|1775890400\n|switch|p2b: Garchomp|Garchomp, L50, F|100/100\n|move|p2a: Sneasler|Fake Out|p1a: Incineroar\n|-damage|p1a: Incineroar|85/100\n|cant|p1a: Incineroar|flinch\n|move|p1b: Leafeon|Leaf Blade|p2b: Garchomp\n|-damage|p2b: Garchomp|46/100\n|\n|-weather|Sandstorm|[upkeep]\n|-damage|p2a: Sneasler|95/100|[from] Sandstorm\n|-damage|p1b: Leafeon|95/100|[from] Sandstorm\n|-damage|p1a: Incineroar|79/100|[from] Sandstorm\n|-heal|p1a: Incineroar|85/100|[from] item: Leftovers\n|upkeep\n|turn|2\n|\n|t:|1775890418\n|move|p2a: Sneasler|Dire Claw|p1b: Leafeon\n|-supereffective|p1b: Leafeon|1\n|-damage|p1b: Leafeon|19/100\n|move|p2b: Garchomp|Substitute|p2b: Garchomp\n|-start|p2b: Garchomp|Substitute\n|-damage|p2b: Garchomp|21/100\n|move|p1b: Leafeon|Leaf Blade|p2b: Garchomp\n|-end|p2b: Garchomp|Substitute\n|move|p1a: Incineroar|Parting Shot|p2a: Sneasler\n|-unboost|p2a: Sneasler|atk|1\n|-unboost|p2a: Sneasler|spa|1\n|\n|t:|1775890428\n|switch|p1a: Dragonite|Dragonite, L50, F|100/100|[from] Parting Shot\n|\n|-weather|Sandstorm|[upkeep]\n|-damage|p2a: Sneasler|89/100|[from] Sandstorm\n|-damage|p1a: Dragonite|94/100|[from] Sandstorm\n|-damage|p1b: Leafeon|13/100|[from] Sandstorm\n|upkeep\n|turn|3\n|\n|t:|1775890445\n|move|p1b: Leafeon|Protect|p1b: Leafeon\n|-singleturn|p1b: Leafeon|Protect\n|move|p2a: Sneasler|Dire Claw|p1b: Leafeon\n|-activate|p1b: Leafeon|move: Protect\n|move|p1a: Dragonite|Earthquake|p2b: Garchomp|[spread] p2a,p2b\n|-activate|p1b: Leafeon|move: Protect\n|-supereffective|p2a: Sneasler|1\n|-damage|p2a: Sneasler|0 fnt\n|-damage|p2b: Garchomp|0 fnt\n|faint|p2a: Sneasler\n|faint|p2b: Garchomp\n|\n|-weather|Sandstorm|[upkeep]\n|-damage|p1a: Dragonite|88/100|[from] Sandstorm\n|-damage|p1b: Leafeon|7/100|[from] Sandstorm\n|upkeep\n|\n|t:|1775890451\n|switch|p2a: Excadrill|Excadrill, L50, M|100/100\n|switch|p2b: Tyranitar|Tyranitar, L50, F|100/100\n|turn|4\n|\n|t:|1775890469\n|switch|p1b: Charizard|Charizard, L50, F, shiny|100/100\n|detailschange|p2a: Excadrill|Excadrill-Mega, L50, M\n|-mega|p2a: Excadrill|Excadrill|Excadrite\n|move|p1a: Dragonite|Earthquake|p2b: Tyranitar|[spread] p2a,p2b\n|-immune|p1b: Charizard\n|-supereffective|p2a: Excadrill|1\n|-supereffective|p2b: Tyranitar|1\n|-damage|p2a: Excadrill|50/100\n|-damage|p2b: Tyranitar|45/100\n|move|p2a: Excadrill|Rapid Spin|p1b: Charizard\n|-damage|p1b: Charizard|68/100\n|-boost|p2a: Excadrill|spe|1\n|move|p2b: Tyranitar|Rock Slide|p1a: Dragonite|[spread] p1a,p1b\n|-supereffective|p1a: Dragonite|1\n|-supereffective|p1b: Charizard|2\n|-damage|p1a: Dragonite|19/100\n|-damage|p1b: Charizard|0 fnt\n|faint|p1b: Charizard\n|\n|-weather|Sandstorm|[upkeep]\n|-damage|p1a: Dragonite|13/100|[from] Sandstorm\n|upkeep\n|\n|t:|1775890489\n|switch|p1b: Incineroar|Incineroar, L50, M|85/100\n|-ability|p1b: Incineroar|Intimidate|boost\n|-unboost|p2a: Excadrill|atk|1\n|-unboost|p2b: Tyranitar|atk|1\n|turn|5\n|\n|t:|1775890512\n|move|p2a: Excadrill|Protect|p2a: Excadrill\n|-singleturn|p2a: Excadrill|Protect\n|move|p2b: Tyranitar|Protect|p2b: Tyranitar\n|-singleturn|p2b: Tyranitar|Protect\n|move|p1b: Incineroar|Fake Out|p2a: Excadrill\n|-activate|p2a: Excadrill|move: Protect\n|move|p1a: Dragonite|Earthquake|p2b: Tyranitar|[spread] p1b\n|-activate|p2a: Excadrill|move: Protect\n|-activate|p2b: Tyranitar|move: Protect\n|-supereffective|p1b: Incineroar|1\n|-damage|p1b: Incineroar|32/100\n|\n|-weather|none\n|-heal|p1b: Incineroar|38/100|[from] item: Leftovers\n|upkeep\n|turn|6\n|\n|t:|1775890533\n|switch|p1b: Leafeon|Leafeon, L50, F|7/100\n|move|p2a: Excadrill|Iron Head|p1a: Dragonite\n|-damage|p1a: Dragonite|0 fnt\n|faint|p1a: Dragonite\n|move|p2b: Tyranitar|Rock Slide|p1b: Leafeon\n|-damage|p1b: Leafeon|0 fnt\n|faint|p1b: Leafeon\n|\n|upkeep\n|\n|t:|1775890542\n|switch|p1b: Incineroar|Incineroar, L50, M|38/100\n|-ability|p1b: Incineroar|Intimidate|boost\n|-unboost|p2a: Excadrill|atk|1\n|-unboost|p2b: Tyranitar|atk|1\n|turn|7\n|\n|t:|1775890565\n|move|p2a: Excadrill|Rapid Spin|p1b: Incineroar\n|-damage|p1b: Incineroar|28/100\n|-boost|p2a: Excadrill|spe|1\n|move|p2b: Tyranitar|Rock Slide|p1b: Incineroar\n|-supereffective|p1b: Incineroar|1\n|-damage|p1b: Incineroar|0 fnt\n|faint|p1b: Incineroar\n|\n|win|caustic soda\n|raw|GodAldo24's rating: 1000 &rarr; <strong>1000</strong><br />(+0 for losing)\n|raw|caustic soda's rating: 1000 &rarr; <strong>1040</strong><br />(+40 for winning)\n|l|\u2606GodAldo24\n|player|p1|\n",
  "uploadtime": 1775890589,
  "views": 27,
  "formatid": "gen9championsvgc2026regma",
  "rating": 1000,
  "private": 0,
  "password": null
}