{
  "id": "gen9championsvgc2026regma-2582864494",
  "format": "[Gen 9 Champions] VGC 2026 Reg M-A",
  "players": [
    "Snowball_seer",
    "Senp4iiii"
  ],
  "log": "|j|\u2606Snowball_seer\n|j|\u2606Senp4iiii\n|t:|1776120204\n|gametype|doubles\n|player|p1|Snowball_seer|allister-masters|1132\n|player|p2|Senp4iiii|2|1073\n|gen|9\n|tier|[Gen 9 Champions] VGC 2026 Reg M-A\n|rated|\n|rule|Species Clause: Limit one of each Pok\u00e9mon\n|rule|Item Clause: Limit 1 of each item\n|clearpoke\n|poke|p1|Delphox, L50, M|\n|poke|p1|Garchomp, L50, M|\n|poke|p1|Gyarados, L50, F|\n|poke|p1|Rotom-Wash, L50|\n|poke|p1|Whimsicott, L50, M|\n|poke|p1|Clefable, L50, F|\n|poke|p2|Scovillain, L50, F|\n|poke|p2|Primarina, L50, M|\n|poke|p2|Aerodactyl, L50, F|\n|poke|p2|Sinistcha, L50|\n|poke|p2|Sneasler, L50, F|\n|poke|p2|Garchomp, L50, F|\n|teampreview|4\n|inactive|Battle timer is ON: inactive players will automatically lose when time's up. (requested by Snowball_seer)\n|inactive|Snowball_seer has 60 seconds left.\n|inactive|Senp4iiii has 60 seconds left.\n|inactive|Snowball_seer has 30 seconds left.\n|inactive|Snowball_seer has 20 seconds left.\n|inactive|Snowball_seer has 15 seconds left.\n|inactive|Snowball_seer has 10 seconds left.\n|\n|t:|1776120290\n|teamsize|p1|4\n|teamsize|p2|4\n|start\n|switch|p1a: Garchomp|Garchomp, L50, M|100/100\n|switch|p1b: Rotom|Rotom-Wash, L50|100/100\n|switch|p2a: Primarina|Primarina, L50, M|100/100\n|switch|p2b: Scovillain|Scovillain, L50, F|100/100\n|turn|1\n|inactive|Snowball_seer has 30 seconds left.\n|inactive|Snowball_seer has 20 seconds left.\n|inactive|Snowball_seer has 15 seconds left.\n|inactive|Snowball_seer has 10 seconds left.\n|\n|t:|1776120340\n|switch|p1a: Gyarados|Gyarados, L50, F, shiny|100/100\n|-ability|p1a: Gyarados|Intimidate|boost\n|-unboost|p2a: Primarina|atk|1\n|-unboost|p2b: Scovillain|atk|1\n|detailschange|p2b: Scovillain|Scovillain-Mega, L50, F\n|-mega|p2b: Scovillain|Scovillain|Scovillainite\n|move|p2b: Scovillain|Rage Powder|p2b: Scovillain\n|-singleturn|p2b: Scovillain|move: Rage Powder\n|move|p1b: Rotom|Electroweb|p2b: Scovillain|[spread] p2a,p2b\n|-supereffective|p2a: Primarina|1\n|-resisted|p2b: Scovillain|1\n|-damage|p2a: Primarina|66/100\n|-damage|p2b: Scovillain|91/100\n|-unboost|p2a: Primarina|spe|1\n|-unboost|p2b: Scovillain|spe|1\n|-status|p1b: Rotom|brn|[from] ability: Spicy Spray|[of] p2b: Scovillain\n|move|p2a: Primarina|Calm Mind|p2a: Primarina\n|-boost|p2a: Primarina|spa|1\n|-boost|p2a: Primarina|spd|1\n|\n|-heal|p2a: Primarina|73/100|[from] item: Leftovers\n|-damage|p1b: Rotom|95/100 brn|[from] brn\n|upkeep\n|turn|2\n|\n|t:|1776120360\n|move|p2b: Scovillain|Rage Powder|p2b: Scovillain\n|-singleturn|p2b: Scovillain|move: Rage Powder\n|move|p1b: Rotom|Electroweb|p2b: Scovillain|[spread] p2a,p2b\n|-supereffective|p2a: Primarina|1\n|-resisted|p2b: Scovillain|1\n|-damage|p2a: Primarina|52/100\n|-damage|p2b: Scovillain|82/100\n|-unboost|p2a: Primarina|spe|1\n|-unboost|p2b: Scovillain|spe|1\n|move|p1a: Gyarados|Taunt|p2b: Scovillain\n|-start|p2b: Scovillain|move: Taunt\n|move|p2a: Primarina|Calm Mind|p2a: Primarina\n|-boost|p2a: Primarina|spa|1\n|-boost|p2a: Primarina|spd|1\n|\n|-heal|p2a: Primarina|58/100|[from] item: Leftovers\n|-damage|p1b: Rotom|89/100 brn|[from] brn\n|upkeep\n|turn|3\n|\n|t:|1776120377\n|switch|p2b: Sinistcha|Sinistcha, L50|100/100\n|-heal|p2a: Primarina|83/100|[from] ability: Hospitality|[of] p2b: Sinistcha\n|move|p1b: Rotom|Electroweb|p2b: Sinistcha|[spread] p2a,p2b\n|-supereffective|p2a: Primarina|1\n|-resisted|p2b: Sinistcha|1\n|-damage|p2a: Primarina|70/100\n|-damage|p2b: Sinistcha|93/100\n|-unboost|p2a: Primarina|spe|1\n|-unboost|p2b: Sinistcha|spe|1\n|move|p1a: Gyarados|Waterfall|p2a: Primarina\n|-resisted|p2a: Primarina|1\n|-damage|p2a: Primarina|46/100\n|move|p2a: Primarina|Hyper Voice|p1b: Rotom|[spread] p1a,p1b\n|-resisted|p1a: Gyarados|1\n|-resisted|p1b: Rotom|1\n|-damage|p1a: Gyarados|71/100\n|-damage|p1b: Rotom|48/100 brn\n|\n|-heal|p2a: Primarina|52/100|[from] item: Leftovers\n|-damage|p1b: Rotom|43/100 brn|[from] brn\n|upkeep\n|turn|4\n|\n|t:|1776120398\n|move|p2a: Primarina|Protect|p2a: Primarina\n|-singleturn|p2a: Primarina|Protect\n|move|p1b: Rotom|Electroweb|p2a: Primarina|[spread] p2b\n|-activate|p2a: Primarina|move: Protect\n|-resisted|p2b: Sinistcha|1\n|-damage|p2b: Sinistcha|84/100\n|-unboost|p2b: Sinistcha|spe|1\n|move|p1a: Gyarados|Taunt|p2b: Sinistcha\n|-start|p2b: Sinistcha|move: Taunt\n|move|p2b: Sinistcha|Matcha Gotcha|p1a: Gyarados|[spread] p1a,p1b\n|-supereffective|p1b: Rotom|1\n|-damage|p1a: Gyarados|51/100\n|-heal|p2b: Sinistcha|95/100|[from] drain|[of] p1a: Gyarados\n|-damage|p1b: Rotom|0 fnt\n|-heal|p2b: Sinistcha|100/100|[from] drain|[of] p1b: Rotom\n|faint|p1b: Rotom\n|\n|-heal|p2a: Primarina|58/100|[from] item: Leftovers\n|upkeep\n|\n|t:|1776120408\n|switch|p1b: Garchomp|Garchomp, L50, M|100/100\n|turn|5\n|\n|t:|1776120426\n|switch|p1a: Delphox|Delphox, L50, M, shiny|100/100\n|switch|p2b: Scovillain|Scovillain-Mega, L50, F|82/100\n|move|p1b: Garchomp|Earthquake|p2a: Primarina|[spread] p1a,p2a,p2b\n|-supereffective|p1a: Delphox|1\n|-damage|p1a: Delphox|0 fnt\n|-damage|p2a: Primarina|2/100\n|-damage|p2b: Scovillain|41/100\n|-status|p1b: Garchomp|brn|[from] ability: Spicy Spray|[of] p2b: Scovillain\n|faint|p1a: Delphox\n|move|p2a: Primarina|Moonblast|p1b: Garchomp\n|-supereffective|p1b: Garchomp|1\n|-damage|p1b: Garchomp|0 fnt\n|faint|p1b: Garchomp\n|\n|-heal|p2a: Primarina|8/100|[from] item: Leftovers\n|upkeep\n|-message|Snowball_seer forfeited.\n|\n|win|Senp4iiii\n|raw|Snowball_seer's rating: 1132 &rarr; <strong>1103</strong><br />(-29 for losing)\n|raw|Senp4iiii's rating: 1073 &rarr; <strong>1107</strong><br />(+34 for winning)\n",
  "uploadtime": 1776120429,
  "views": 11,
  "formatid": "gen9championsvgc2026regma",
  "rating": 1103,
  "private": 0,
  "password": null
}