{
  "id": "gen9championsvgc2026regma-2585053444",
  "format": "[Gen 9 Champions] VGC 2026 Reg M-A",
  "players": [
    "Missed Ledgedash",
    "hanzomon yuki"
  ],
  "log": "|j|\u2606Missed Ledgedash\n|j|\u2606hanzomon yuki\n|t:|1776307086\n|gametype|doubles\n|player|p1|Missed Ledgedash|juan-gen3|1266\n|player|p2|hanzomon yuki|cynthia-masters3|1346\n|gen|9\n|tier|[Gen 9 Champions] VGC 2026 Reg M-A\n|rated|\n|rule|Species Clause: Limit one of each Pok\u00e9mon\n|rule|Item Clause: Limit 1 of each item\n|clearpoke\n|poke|p1|Incineroar, L50, F|\n|poke|p1|Gengar, L50, F|\n|poke|p1|Sneasler, L50, M|\n|poke|p1|Tyranitar, L50, M|\n|poke|p1|Sinistcha, L50|\n|poke|p1|Rotom-Wash, L50|\n|poke|p2|Aerodactyl, L50, M|\n|poke|p2|Sneasler, L50, M|\n|poke|p2|Kingambit, L50, F|\n|poke|p2|Farigiraf, L50, F|\n|poke|p2|Floette-Eternal, L50, F|\n|poke|p2|Typhlosion-Hisui, L50, F|\n|teampreview|4\n|inactive|Battle timer is ON: inactive players will automatically lose when time's up. (requested by Missed Ledgedash)\n|\n|t:|1776307119\n|teamsize|p1|4\n|teamsize|p2|4\n|start\n|switch|p1a: Gengar|Gengar, L50, F|100/100\n|switch|p1b: Sneasler|Sneasler, L50, M|100/100\n|switch|p2a: Typhlosion|Typhlosion-Hisui, L50, F|100/100\n|switch|p2b: Aerodactyl|Aerodactyl, L50, M|100/100\n|-ability|p2b: Aerodactyl|Unnerve\n|-item|p1a: Gengar|Gengarite|[from] ability: Frisk|[of] p2a: Typhlosion\n|-item|p1b: Sneasler|White Herb|[from] ability: Frisk|[of] p2a: Typhlosion\n|turn|1\n|inactive|Missed Ledgedash has 30 seconds left.\n|\n|t:|1776307147\n|switch|p1a: Tyranitar|Tyranitar, L50, M|100/100\n|-weather|Sandstorm|[from] ability: Sand Stream|[of] p1a: Tyranitar\n|move|p2a: Typhlosion|Eruption|p1a: Tyranitar|[spread] p1a,p1b\n|-resisted|p1a: Tyranitar|1\n|-damage|p1a: Tyranitar|83/100\n|-damage|p1b: Sneasler|18/100\n|move|p2b: Aerodactyl|Rock Slide|p1b: Sneasler|[spread] p1a,p1b\n|-resisted|p1b: Sneasler|1\n|-damage|p1a: Tyranitar|61/100\n|-damage|p1b: Sneasler|0 fnt\n|faint|p1b: Sneasler\n|\n|-weather|Sandstorm|[upkeep]\n|-damage|p2a: Typhlosion|94/100|[from] Sandstorm\n|upkeep\n|\n|t:|1776307162\n|switch|p1b: Incineroar|Incineroar, L50, F|100/100\n|-ability|p1b: Incineroar|Intimidate|boost\n|-unboost|p2a: Typhlosion|atk|1\n|-unboost|p2b: Aerodactyl|atk|1\n|turn|2\n|inactive|hanzomon yuki has 30 seconds left.\n|\n|t:|1776307189\n|switch|p2b: Farigiraf|Farigiraf, L50, F|100/100\n|move|p2a: Typhlosion|Eruption|p1b: Incineroar|[spread] p1a,p1b\n|-resisted|p1a: Tyranitar|1\n|-resisted|p1b: Incineroar|1\n|-damage|p1a: Tyranitar|46/100\n|-damage|p1b: Incineroar|77/100\n|move|p1a: Tyranitar|Rock Slide|p2b: Farigiraf|[spread] p2a\n|-miss|p1a: Tyranitar|p2b: Farigiraf\n|-supereffective|p2a: Typhlosion|1\n|-damage|p2a: Typhlosion|0 fnt\n|faint|p2a: Typhlosion\n|move|p1b: Incineroar|Throat Chop|p2b: Farigiraf\n|-supereffective|p2b: Farigiraf|1\n|-damage|p2b: Farigiraf|53/100\n|-start|p2b: Farigiraf|Throat Chop|[silent]\n|\n|-weather|Sandstorm|[upkeep]\n|-damage|p2b: Farigiraf|47/100|[from] Sandstorm\n|-damage|p1b: Incineroar|71/100|[from] Sandstorm\n|-enditem|p2b: Farigiraf|Sitrus Berry|[eat]\n|-heal|p2b: Farigiraf|71/100|[from] item: Sitrus Berry\n|upkeep\n|\n|t:|1776307211\n|switch|p2a: Floette|Floette-Eternal, L50, F|100/100\n|turn|3\n|\n|t:|1776307224\n|switch|p2b: Aerodactyl|Aerodactyl, L50, M|100/100\n|-ability|p2b: Aerodactyl|Unnerve\n|detailschange|p2a: Floette|Floette-Mega, L50, F\n|-mega|p2a: Floette|Floette|Floettite\n|-ability|p2a: Floette|Fairy Aura\n|move|p1a: Tyranitar|Protect|p1a: Tyranitar\n|-singleturn|p1a: Tyranitar|Protect\n|move|p2a: Floette|Dazzling Gleam|p1b: Incineroar|[spread] p1b\n|-activate|p1a: Tyranitar|move: Protect\n|-damage|p1b: Incineroar|32/100\n|move|p1b: Incineroar|Parting Shot|p2a: Floette\n|-unboost|p2a: Floette|atk|1\n|-unboost|p2a: Floette|spa|1\n|\n|t:|1776307238\n|switch|p1b: Gengar|Gengar, L50, F|100/100|[from] Parting Shot\n|\n|-weather|Sandstorm|[upkeep]\n|-damage|p1b: Gengar|94/100|[from] Sandstorm\n|-damage|p2a: Floette|94/100|[from] Sandstorm\n|upkeep\n|turn|4\n|inactive|hanzomon yuki has 30 seconds left.\n|\n|t:|1776307267\n|detailschange|p1b: Gengar|Gengar-Mega, L50, F\n|-mega|p1b: Gengar|Gengar|Gengarite\n|move|p2b: Aerodactyl|Rock Slide|p1b: Gengar|[spread] p1a,p1b\n|-damage|p1a: Tyranitar|23/100\n|-damage|p1b: Gengar|61/100\n|cant|p1b: Gengar|flinch\n|move|p2a: Floette|Moonblast|p1a: Tyranitar\n|-supereffective|p1a: Tyranitar|1\n|-damage|p1a: Tyranitar|0 fnt\n|faint|p1a: Tyranitar\n|\n|-weather|Sandstorm|[upkeep]\n|-damage|p1b: Gengar|55/100|[from] Sandstorm\n|-damage|p2a: Floette|88/100|[from] Sandstorm\n|upkeep\n|\n|t:|1776307276\n|switch|p1a: Incineroar|Incineroar, L50, F|32/100\n|-ability|p1a: Incineroar|Intimidate|boost\n|-unboost|p2a: Floette|atk|1\n|-unboost|p2b: Aerodactyl|atk|1\n|turn|5\n|\n|t:|1776307290\n|move|p1a: Incineroar|Fake Out|p2b: Aerodactyl\n|-resisted|p2b: Aerodactyl|1\n|-damage|p2b: Aerodactyl|92/100\n|cant|p2b: Aerodactyl|flinch\n|move|p1b: Gengar|Icy Wind|p2b: Aerodactyl|[spread] p2a,p2b\n|-supereffective|p2b: Aerodactyl|1\n|-damage|p2a: Floette|76/100\n|-damage|p2b: Aerodactyl|64/100\n|-unboost|p2a: Floette|spe|1\n|-unboost|p2b: Aerodactyl|spe|1\n|move|p2a: Floette|Moonblast|p1a: Incineroar\n|-damage|p1a: Incineroar|0 fnt\n|faint|p1a: Incineroar\n|\n|-weather|none\n|upkeep\n|turn|6\n|\n|t:|1776307309\n|move|p1b: Gengar|Shadow Ball|p2a: Floette\n|-damage|p2a: Floette|43/100\n|move|p2b: Aerodactyl|Rock Slide|p1b: Gengar\n|-damage|p1b: Gengar|27/100\n|move|p2a: Floette|Moonblast|p1b: Gengar\n|-resisted|p1b: Gengar|1\n|-damage|p1b: Gengar|0 fnt\n|faint|p1b: Gengar\n|\n|win|hanzomon yuki\n|raw|Missed Ledgedash's rating: 1266 &rarr; <strong>1247</strong><br />(-19 for losing)\n|raw|hanzomon yuki's rating: 1346 &rarr; <strong>1361</strong><br />(+15 for winning)\n",
  "uploadtime": 1776307309,
  "views": 32,
  "formatid": "gen9championsvgc2026regma",
  "rating": 1247,
  "private": 0,
  "password": null
}