{
  "id": "gen9championsvgc2026regma-2584892734",
  "format": "[Gen 9 Champions] VGC 2026 Reg M-A",
  "players": [
    "ant_jams",
    "mrguy888"
  ],
  "log": "|j|\u2606ant_jams\n|j|\u2606mrguy888\n|t:|1776292137\n|gametype|doubles\n|player|p1|ant_jams|medium|1208\n|player|p2|mrguy888|noland-gen3|1128\n|gen|9\n|tier|[Gen 9 Champions] VGC 2026 Reg M-A\n|rated|\n|rule|Species Clause: Limit one of each Pok\u00e9mon\n|rule|Item Clause: Limit 1 of each item\n|clearpoke\n|poke|p1|Sneasler, L50, F|\n|poke|p1|Typhlosion-Hisui, L50, M|\n|poke|p1|Kingambit, L50, F|\n|poke|p1|Whimsicott, L50, M|\n|poke|p1|Scizor, L50, F|\n|poke|p1|Greninja-*, L50, M|\n|poke|p2|Floette-Eternal, L50, F|\n|poke|p2|Aerodactyl, L50, F|\n|poke|p2|Garchomp, L50, F|\n|poke|p2|Tauros-Paldea-Aqua, L50, M|\n|poke|p2|Kangaskhan, L50, F|\n|poke|p2|Kingambit, L50, M|\n|teampreview|4\n|inactive|Battle timer is ON: inactive players will automatically lose when time's up. (requested by mrguy888)\n|inactive|ant_jams also wants the timer to be on.\n|inactive|ant_jams has 60 seconds left.\n|inactive|mrguy888 has 60 seconds left.\n|\n|t:|1776292184\n|teamsize|p1|4\n|teamsize|p2|4\n|start\n|switch|p1a: Scizor|Scizor, L50, F, shiny|100/100\n|switch|p1b: Typhlosion|Typhlosion-Hisui, L50, M|100/100\n|switch|p2a: Aerodactyl|Aerodactyl, L50, F|100/100\n|switch|p2b: Garchomp|Garchomp, L50, F|100/100\n|-ability|p2a: Aerodactyl|Unnerve\n|-item|p2a: Aerodactyl|Focus Sash|[from] ability: Frisk|[of] p1b: Typhlosion\n|-item|p2b: Garchomp|Soft Sand|[from] ability: Frisk|[of] p1b: Typhlosion\n|turn|1\n|\n|t:|1776292207\n|detailschange|p1a: Scizor|Scizor-Mega, L50, F, shiny\n|-mega|p1a: Scizor|Scizor|Scizorite\n|move|p2a: Aerodactyl|Protect|p2a: Aerodactyl\n|-singleturn|p2a: Aerodactyl|Protect\n|move|p1b: Typhlosion|Eruption|p2a: Aerodactyl|[spread] p2b\n|-activate|p2a: Aerodactyl|move: Protect\n|-resisted|p2b: Garchomp|1\n|-damage|p2b: Garchomp|65/100\n|move|p2b: Garchomp|Earthquake|p1b: Typhlosion|[spread] p1a,p1b\n|-activate|p2a: Aerodactyl|move: Protect\n|-supereffective|p1b: Typhlosion|1\n|-damage|p1a: Scizor|54/100\n|-damage|p1b: Typhlosion|0 fnt\n|faint|p1b: Typhlosion\n|move|p1a: Scizor|Swords Dance|p1a: Scizor\n|-boost|p1a: Scizor|atk|2\n|\n|upkeep\n|\n|t:|1776292218\n|switch|p1b: Whimsicott|Whimsicott, L50, M|100/100\n|turn|2\n|\n|t:|1776292227\n|move|p1a: Scizor|Bullet Punch|p2a: Aerodactyl\n|-supereffective|p2a: Aerodactyl|1\n|-enditem|p2a: Aerodactyl|Focus Sash\n|-damage|p2a: Aerodactyl|1/100\n|move|p2a: Aerodactyl|Tailwind|p2a: Aerodactyl\n|-sidestart|p2: mrguy888|move: Tailwind\n|move|p2b: Garchomp|Stomping Tantrum|p1a: Scizor\n|-damage|p1a: Scizor|14/100\n|move|p1b: Whimsicott|Dazzling Gleam|p2b: Garchomp|[spread] p2a,p2b\n|-supereffective|p2b: Garchomp|1\n|-damage|p2a: Aerodactyl|0 fnt\n|-damage|p2b: Garchomp|30/100\n|faint|p2a: Aerodactyl\n|\n|upkeep\n|\n|t:|1776292241\n|switch|p2a: Kangaskhan|Kangaskhan, L50, F|100/100\n|turn|3\n|\n|t:|1776292264\n|switch|p2b: Tauros|Tauros-Paldea-Aqua, L50, M|100/100\n|-ability|p2b: Tauros|Intimidate|boost\n|-unboost|p1a: Scizor|atk|1\n|-unboost|p1b: Whimsicott|atk|1\n|switch|p1a: Kingambit|Kingambit, L50, F, shiny|100/100\n|detailschange|p2a: Kangaskhan|Kangaskhan-Mega, L50, F\n|-mega|p2a: Kangaskhan|Kangaskhan|Kangaskhanite\n|move|p2a: Kangaskhan|Fake Out|p1b: Whimsicott\n|-damage|p1b: Whimsicott|72/100\n|-damage|p1b: Whimsicott|65/100\n|-hitcount|p1b: Whimsicott|2\n|cant|p1b: Whimsicott|flinch\n|\n|upkeep\n|turn|4\n|\n|t:|1776292282\n|switch|p2a: Garchomp|Garchomp, L50, F|30/100\n|move|p1a: Kingambit|Sucker Punch|p2b: Tauros\n|-resisted|p2b: Tauros|1\n|-damage|p2b: Tauros|75/100\n|move|p2b: Tauros|Close Combat|p1a: Kingambit\n|-supereffective|p1a: Kingambit|2\n|-damage|p1a: Kingambit|0 fnt\n|-unboost|p2b: Tauros|def|1\n|-unboost|p2b: Tauros|spd|1\n|faint|p1a: Kingambit\n|move|p1b: Whimsicott|Dazzling Gleam|p2b: Tauros|[spread] p2a,p2b\n|-supereffective|p2a: Garchomp|1\n|-supereffective|p2b: Tauros|1\n|-damage|p2a: Garchomp|0 fnt\n|-damage|p2b: Tauros|4/100\n|faint|p2a: Garchomp\n|\n|upkeep\n|\n|t:|1776292297\n|switch|p2a: Kangaskhan|Kangaskhan-Mega, L50, F|100/100\n|switch|p1a: Scizor|Scizor-Mega, L50, F, shiny|14/100\n|turn|5\n|\n|t:|1776292314\n|move|p1b: Whimsicott|Protect|p1b: Whimsicott\n|-singleturn|p1b: Whimsicott|Protect\n|move|p2b: Tauros|Aqua Jet|p1a: Scizor\n|-damage|p1a: Scizor|0 fnt\n|faint|p1a: Scizor\n|move|p2a: Kangaskhan|Double-Edge|p1b: Whimsicott\n|-activate|p1b: Whimsicott|move: Protect\n|\n|-sideend|p2: mrguy888|move: Tailwind\n|upkeep\n|turn|6\n|\n|t:|1776292323\n|move|p1b: Whimsicott|Dazzling Gleam|p2b: Tauros|[spread] p2a,p2b\n|-supereffective|p2b: Tauros|1\n|-damage|p2a: Kangaskhan|84/100\n|-damage|p2b: Tauros|0 fnt\n|faint|p2b: Tauros\n|move|p2a: Kangaskhan|Double-Edge|p1b: Whimsicott\n|-damage|p1b: Whimsicott|0 fnt\n|faint|p1b: Whimsicott\n|-hitcount|p1: Whimsicott|1\n|-damage|p2a: Kangaskhan|68/100|[from] Recoil\n|\n|win|mrguy888\n|raw|ant_jams's rating: 1208 &rarr; <strong>1177</strong><br />(-31 for losing)\n|raw|mrguy888's rating: 1128 &rarr; <strong>1159</strong><br />(+31 for winning)\n|l|\u2606ant_jams\n|player|p1|\n",
  "uploadtime": 1776292329,
  "views": 24,
  "formatid": "gen9championsvgc2026regma",
  "rating": 1159,
  "private": 0,
  "password": null
}