{
  "id": "gen9championsvgc2026regma-2586206840",
  "format": "[Gen 9 Champions] VGC 2026 Reg M-A",
  "players": [
    "yamzinyobooty",
    "Maxti077"
  ],
  "log": "|j|\u2606yamzinyobooty\n|j|\u2606Maxti077\n|t:|1776412377\n|gametype|doubles\n|player|p1|yamzinyobooty|102|1151\n|player|p2|Maxti077|102|1104\n|gen|9\n|tier|[Gen 9 Champions] VGC 2026 Reg M-A\n|rated|\n|rule|Species Clause: Limit one of each Pok\u00e9mon\n|rule|Item Clause: Limit 1 of each item\n|clearpoke\n|poke|p1|Charizard, L50, F|\n|poke|p1|Venusaur, L50, M|\n|poke|p1|Garchomp, L50, F|\n|poke|p1|Incineroar, L50, F|\n|poke|p1|Gardevoir, L50, M|\n|poke|p1|Milotic, L50, M|\n|poke|p2|Delphox, L50, F|\n|poke|p2|Basculegion, L50, M|\n|poke|p2|Clefable, L50, F|\n|poke|p2|Kingambit, L50, M|\n|poke|p2|Dragonite, L50, M|\n|poke|p2|Sneasler, L50, M|\n|teampreview|4\n|inactive|Battle timer is ON: inactive players will automatically lose when time's up. (requested by Maxti077)\n|\n|t:|1776412399\n|teamsize|p1|4\n|teamsize|p2|4\n|start\n|switch|p1a: Venusaur|Venusaur, L50, M|100/100\n|switch|p1b: Milotic|Milotic, L50, M|100/100\n|switch|p2a: Dragonite|Dragonite, L50, M|100/100\n|switch|p2b: Basculegion|Basculegion, L50, M|100/100\n|turn|1\n|\n|t:|1776412414\n|move|p1a: Venusaur|Protect|p1a: Venusaur\n|-singleturn|p1a: Venusaur|Protect\n|move|p2b: Basculegion|Flip Turn|p1b: Milotic\n|-resisted|p1b: Milotic|1\n|-crit|p1b: Milotic\n|-damage|p1b: Milotic|77/100\n|\n|t:|1776412421\n|switch|p2b: Sneasler|Sneasler, L50, M|100/100|[from] Flip Turn\n|move|p2a: Dragonite|Scale Shot|p1a: Venusaur\n|-activate|p1a: Venusaur|move: Protect\n|move|p1b: Milotic|Ice Beam|p2a: Dragonite\n|-supereffective|p2a: Dragonite|2\n|-damage|p2a: Dragonite|52/100\n|\n|-heal|p1b: Milotic|83/100|[from] item: Leftovers\n|upkeep\n|turn|2\n|inactive|yamzinyobooty has 30 seconds left.\n|\n|t:|1776412450\n|move|p2b: Sneasler|Fake Out|p1b: Milotic\n|-damage|p1b: Milotic|72/100\n|move|p2a: Dragonite|Scale Shot|p1a: Venusaur\n|-damage|p1a: Venusaur|81/100\n|-damage|p1a: Venusaur|61/100\n|-damage|p1a: Venusaur|40/100\n|-hitcount|p1a: Venusaur|3\n|-unboost|p2a: Dragonite|def|1\n|-boost|p2a: Dragonite|spe|1\n|move|p1a: Venusaur|Sleep Powder|p2b: Sneasler\n|-status|p2b: Sneasler|slp|[from] move: Sleep Powder\n|cant|p1b: Milotic|flinch\n|\n|-heal|p1b: Milotic|78/100|[from] item: Leftovers\n|upkeep\n|turn|3\n|inactive|Maxti077 has 30 seconds left.\n|\n|t:|1776412482\n|cant|p2b: Sneasler|slp\n|move|p1a: Venusaur|Protect|p1a: Venusaur\n|-singleturn|p1a: Venusaur|Protect\n|move|p2a: Dragonite|Extreme Speed|p1a: Venusaur\n|-activate|p1a: Venusaur|move: Protect\n|move|p1b: Milotic|Ice Beam|p2a: Dragonite\n|-supereffective|p2a: Dragonite|2\n|-damage|p2a: Dragonite|0 fnt\n|faint|p2a: Dragonite\n|\n|-heal|p1b: Milotic|84/100|[from] item: Leftovers\n|upkeep\n|\n|t:|1776412495\n|switch|p2a: Delphox|Delphox, L50, F|100/100\n|turn|4\n|\n|t:|1776412505\n|switch|p1a: Garchomp|Garchomp, L50, F|100/100\n|detailschange|p2a: Delphox|Delphox-Mega, L50, F\n|-mega|p2a: Delphox|Delphox|Delphoxite\n|move|p2a: Delphox|Protect|p2a: Delphox\n|-singleturn|p2a: Delphox|Protect\n|cant|p2b: Sneasler|slp\n|move|p1b: Milotic|Scald|p2b: Sneasler\n|-damage|p2b: Sneasler|62/100 slp\n|\n|-heal|p1b: Milotic|90/100|[from] item: Leftovers\n|upkeep\n|turn|5\n|\n|t:|1776412524\n|move|p1b: Milotic|Protect|p1b: Milotic\n|-singleturn|p1b: Milotic|Protect\n|move|p2a: Delphox|Psychic|p1b: Milotic\n|-activate|p1b: Milotic|move: Protect\n|-curestatus|p2b: Sneasler|slp|[msg]\n|move|p2b: Sneasler|Close Combat|p1b: Milotic\n|-activate|p1b: Milotic|move: Protect\n|move|p1a: Garchomp|Earthquake|p2b: Sneasler|[spread] p2b\n|-activate|p1b: Milotic|move: Protect\n|-immune|p2a: Delphox|[from] ability: Levitate\n|-supereffective|p2b: Sneasler|1\n|-crit|p2b: Sneasler\n|-damage|p2b: Sneasler|0 fnt\n|faint|p2b: Sneasler\n|\n|-heal|p1b: Milotic|96/100|[from] item: Leftovers\n|upkeep\n|\n|t:|1776412539\n|switch|p2b: Basculegion|Basculegion, L50, M|100/100\n|turn|6\n|\n|t:|1776412558\n|move|p2a: Delphox|Psychic|p1b: Milotic\n|-damage|p1b: Milotic|57/100\n|move|p2b: Basculegion|Last Respects|p1b: Milotic\n|-damage|p1b: Milotic|0 fnt\n|faint|p1b: Milotic\n|move|p1a: Garchomp|Rock Slide|p2a: Delphox|[spread] p2a,p2b\n|-supereffective|p2a: Delphox|1\n|-damage|p2a: Delphox|46/100\n|-damage|p2b: Basculegion|75/100\n|\n|upkeep\n|\n|t:|1776412568\n|switch|p1b: Charizard|Charizard, L50, F|100/100\n|turn|7\n|\n|t:|1776412586\n|detailschange|p1b: Charizard|Charizard-Mega-Y, L50, F\n|-mega|p1b: Charizard|Charizard|Charizardite Y\n|-weather|SunnyDay|[from] ability: Drought|[of] p1b: Charizard\n|move|p1b: Charizard|Protect|p1b: Charizard\n|-singleturn|p1b: Charizard|Protect\n|move|p2a: Delphox|Psychic|p1a: Garchomp\n|-damage|p1a: Garchomp|45/100\n|move|p2b: Basculegion|Last Respects|p1a: Garchomp\n|-damage|p1a: Garchomp|0 fnt\n|faint|p1a: Garchomp\n|\n|-weather|SunnyDay|[upkeep]\n|upkeep\n|\n|t:|1776412598\n|switch|p1a: Venusaur|Venusaur, L50, M|40/100\n|turn|8\n|\n|t:|1776412609\n|move|p1a: Venusaur|Sleep Powder|p2a: Delphox\n|-status|p2a: Delphox|slp|[from] move: Sleep Powder\n|cant|p2a: Delphox|slp\n|move|p2b: Basculegion|Last Respects|p1b: Charizard\n|-damage|p1b: Charizard|0 fnt\n|faint|p1b: Charizard\n|\n|-weather|SunnyDay|[upkeep]\n|upkeep\n|turn|9\n|\n|t:|1776412624\n|move|p1a: Venusaur|Sleep Powder|p2b: Basculegion\n|-status|p2b: Basculegion|slp|[from] move: Sleep Powder\n|cant|p2a: Delphox|slp\n|cant|p2b: Basculegion|slp\n|\n|-weather|SunnyDay|[upkeep]\n|upkeep\n|turn|10\n|\n|t:|1776412633\n|move|p1a: Venusaur|Sludge Bomb|p2a: Delphox\n|-damage|p2a: Delphox|1/100 slp\n|-curestatus|p2a: Delphox|slp|[msg]\n|move|p2a: Delphox|Heat Wave|p1a: Venusaur\n|-supereffective|p1a: Venusaur|1\n|-damage|p1a: Venusaur|0 fnt\n|faint|p1a: Venusaur\n|\n|win|Maxti077\n|raw|yamzinyobooty's rating: 1151 &rarr; <strong>1123</strong><br />(-28 for losing)\n|raw|Maxti077's rating: 1104 &rarr; <strong>1132</strong><br />(+28 for winning)\n",
  "uploadtime": 1776412633,
  "views": 17,
  "formatid": "gen9championsvgc2026regma",
  "rating": 1123,
  "private": 0,
  "password": null
}