{
  "id": "gen9championsvgc2026regma-2588797511",
  "format": "[Gen 9 Champions] VGC 2026 Reg M-A",
  "players": [
    "Flakenz",
    "soten soten"
  ],
  "log": "|j|\u2606Flakenz\n|j|\u2606soten soten\n|t:|1776672067\n|gametype|doubles\n|player|p1|Flakenz|266|1532\n|player|p2|soten soten|hilbert|1451\n|gen|9\n|tier|[Gen 9 Champions] VGC 2026 Reg M-A\n|rated|\n|rule|Species Clause: Limit one of each Pok\u00e9mon\n|rule|Item Clause: Limit 1 of each item\n|clearpoke\n|poke|p1|Gengar, L50, F|\n|poke|p1|Kingambit, L50, F|\n|poke|p1|Talonflame, L50, M, shiny|\n|poke|p1|Blastoise, L50, M|\n|poke|p1|Sinistcha, L50|\n|poke|p1|Arcanine-Hisui, L50, F|\n|poke|p2|Gallade, L50, M|\n|poke|p2|Floette-Eternal, L50, F|\n|poke|p2|Maushold, L50|\n|poke|p2|Sinistcha, L50|\n|poke|p2|Aegislash, L50, F|\n|poke|p2|Palafin, L50, M|\n|teampreview|4\n|inactive|Battle timer is ON: inactive players will automatically lose when time's up. (requested by soten soten)\n|j| Oathkewpwr\nFlakenz has agreed to open team sheets.\n|inactive|Flakenz has 60 seconds left.\n|inactive|soten soten has 60 seconds left.\n|\n|t:|1776672121\n|teamsize|p1|4\n|teamsize|p2|4\n|start\n|switch|p1a: Gengar|Gengar, L50, F|100/100\n|switch|p1b: Blastoise|Blastoise, L50, M|100/100\n|switch|p2a: Floette|Floette-Eternal, L50, F|100/100\n|switch|p2b: Palafin|Palafin, L50, M|100/100\n|turn|1\n|inactive|Flakenz has 30 seconds left.\n|\n|t:|1776672155\n|detailschange|p2b: Palafin|Palafin-Hero, L50, M\n|switch|p2b: Aegislash|Aegislash, L50, F|100/100\n|detailschange|p1b: Blastoise|Blastoise-Mega, L50, M\n|-mega|p1b: Blastoise|Blastoise|Blastoisinite\n|detailschange|p2a: Floette|Floette-Mega, L50, F\n|-mega|p2a: Floette|Floette|Floettite\n|-ability|p2a: Floette|Fairy Aura\n|move|p1a: Gengar|Sludge Bomb|p2b: Aegislash\n|-immune|p2b: Aegislash\n|move|p2a: Floette|Calm Mind|p2a: Floette\n|-boost|p2a: Floette|spa|1\n|-boost|p2a: Floette|spd|1\n|move|p1b: Blastoise|Water Spout|p2a: Floette|[spread] p2a,p2b\n|-damage|p2a: Floette|69/100\n|-damage|p2b: Aegislash|43/100\n|\n|upkeep\n|turn|2\n|\n|t:|1776672178\n|move|p2b: Aegislash|Wide Guard|p2b: Aegislash\n|-singleturn|p2b: Aegislash|Wide Guard\n|move|p1a: Gengar|Sludge Bomb|p2a: Floette\n|-supereffective|p2a: Floette|1\n|-damage|p2a: Floette|19/100\n|move|p2a: Floette|Draining Kiss|p1a: Gengar\n|-resisted|p1a: Gengar|1\n|-crit|p1a: Gengar\n|-damage|p1a: Gengar|32/100\n|-heal|p2a: Floette|59/100|[from] drain|[of] p1a: Gengar\n|move|p1b: Blastoise|Water Spout|p2b: Aegislash|[spread] \n|-activate|p2a: Floette|move: Wide Guard\n|-activate|p2b: Aegislash|move: Wide Guard\n|\n|upkeep\n|turn|3\n|\n|t:|1776672200\n|switch|p1a: Kingambit|Kingambit, L50, F|100/100\n|-formechange|p2b: Aegislash|Aegislash-Blade|\n|move|p2b: Aegislash|Shadow Sneak|p1a: Kingambit\n|-resisted|p1a: Kingambit|1\n|-damage|p1a: Kingambit|90/100\n|move|p2a: Floette|Draining Kiss|p1b: Blastoise\n|-damage|p1b: Blastoise|46/100\n|-heal|p2a: Floette|96/100|[from] drain|[of] p1b: Blastoise\n|move|p1b: Blastoise|Dark Pulse|p2b: Aegislash\n|-supereffective|p2b: Aegislash|1\n|-damage|p2b: Aegislash|0 fnt\n|faint|p2b: Aegislash\n|\n|upkeep\n|\n|t:|1776672205\n|switch|p2b: Palafin|Palafin-Hero, L50, M|100/100\n|-activate|p2b: Palafin|ability: Zero to Hero\n|turn|4\n|j| nyoomington\n|\n|t:|1776672219\n|switch|p1b: Sinistcha|Sinistcha, L50|100/100\n|-heal|p1a: Kingambit|100/100|[from] ability: Hospitality|[of] p1b: Sinistcha\n|move|p2a: Floette|Dazzling Gleam|p1b: Sinistcha|[spread] p1a,p1b\n|-damage|p1a: Kingambit|36/100\n|-damage|p1b: Sinistcha|31/100\n|-enditem|p1b: Sinistcha|Sitrus Berry|[eat]\n|-heal|p1b: Sinistcha|56/100|[from] item: Sitrus Berry\n|move|p2b: Palafin|Wave Crash|p1a: Kingambit\n|-damage|p1a: Kingambit|0 fnt\n|faint|p1a: Kingambit\n|-damage|p2b: Palafin|89/100|[from] Recoil\n|\n|upkeep\n|\n|t:|1776672232\n|switch|p1a: Gengar|Gengar, L50, F|32/100\n|turn|5\n|\n|t:|1776672236\n|switch|p2b: Maushold|Maushold, L50|100/100\n|move|p1a: Gengar|Sludge Bomb|p2a: Floette\n|-supereffective|p2a: Floette|1\n|-damage|p2a: Floette|56/100\n|move|p2a: Floette|Dazzling Gleam|p1a: Gengar|[spread] p1a,p1b\n|-resisted|p1a: Gengar|1\n|-damage|p1a: Gengar|0 fnt\n|-damage|p1b: Sinistcha|0 fnt\n|faint|p1a: Gengar\n|faint|p1b: Sinistcha\n|\n|upkeep\n|\n|t:|1776672248\n|switch|p1a: Blastoise|Blastoise-Mega, L50, M|46/100\n|turn|6\n|\n|t:|1776672259\n|move|p2b: Maushold|Follow Me|p2b: Maushold\n|-singleturn|p2b: Maushold|move: Follow Me\n|move|p2a: Floette|Dazzling Gleam|p1a: Blastoise\n|-damage|p1a: Blastoise|0 fnt\n|faint|p1a: Blastoise\n|\n|win|soten soten\n|raw|Flakenz's rating: 1532 &rarr; <strong>1507</strong><br />(-25 for losing)\n|raw|soten soten's rating: 1451 &rarr; <strong>1476</strong><br />(+25 for winning)\n|l|\u2606soten soten\n|player|p2|\n|l| Oathkewpwr\n|l| nyoomington\n",
  "uploadtime": 1776672259,
  "views": 16,
  "formatid": "gen9championsvgc2026regma",
  "rating": 1476,
  "private": 0,
  "password": null
}