{
  "id": "gen9championsvgc2026regma-2585538135",
  "format": "[Gen 9 Champions] VGC 2026 Reg M-A",
  "players": [
    "CoolMichaelYew",
    "alegamer2004"
  ],
  "log": "|j|\u2606CoolMichaelYew\n|j|\u2606alegamer2004\n|t:|1776354147\n|gametype|doubles\n|player|p1|CoolMichaelYew|266|1245\n|player|p2|alegamer2004|bugcatcher-gen4dp|1315\n|gen|9\n|tier|[Gen 9 Champions] VGC 2026 Reg M-A\n|rated|\n|rule|Species Clause: Limit one of each Pok\u00e9mon\n|rule|Item Clause: Limit 1 of each item\n|clearpoke\n|poke|p1|Sneasler, L50, F|\n|poke|p1|Talonflame, L50, F|\n|poke|p1|Weavile, L50, F|\n|poke|p1|Chandelure, L50, F|\n|poke|p1|Whimsicott, L50, F|\n|poke|p1|Rotom-Wash, L50|\n|poke|p2|Passimian, L50, M|\n|poke|p2|Aerodactyl, L50, F|\n|poke|p2|Tyranitar, L50, M|\n|poke|p2|Excadrill, L50, M|\n|poke|p2|Rotom-Wash, L50|\n|poke|p2|Gengar, L50, F|\n|teampreview|4\n|c|\u2606CoolMichaelYew|oooh love the passimian\n|c|\u2606alegamer2004|thx bro\n|c|\u2606alegamer2004|hes not coming this match\n|c|\u2606CoolMichaelYew|gl hf!\n|c|\u2606alegamer2004|but hes swag\n|c|\u2606CoolMichaelYew|Oh\n|c|\u2606alegamer2004|hes only there\n|c|\u2606alegamer2004|because he gets defiant\n|c|\u2606alegamer2004|but you got no intimidate\n|c|\u2606CoolMichaelYew|Yeah I get it\n|c|\u2606CoolMichaelYew|yeah just thought that all out too lol\n|\n|t:|1776354240\n|teamsize|p1|4\n|teamsize|p2|4\n|start\n|switch|p1a: Weavile|Weavile, L50, F|100/100\n|switch|p1b: Talonflame|Talonflame, L50, F|100/100\n|switch|p2a: Tyranitar|Tyranitar, L50, M|100/100\n|switch|p2b: Excadrill|Excadrill, L50, M|100/100\n|-ability|p1a: Weavile|Pressure\n|-weather|Sandstorm|[from] ability: Sand Stream|[of] p2a: Tyranitar\n|turn|1\n|\n|t:|1776354261\n|move|p2b: Excadrill|Protect|p2b: Excadrill\n|-singleturn|p2b: Excadrill|Protect\n|move|p2a: Tyranitar|Protect|p2a: Tyranitar\n|-singleturn|p2a: Tyranitar|Protect\n|move|p1a: Weavile|Fake Out|p2b: Excadrill\n|-activate|p2b: Excadrill|move: Protect\n|move|p1b: Talonflame|Tailwind|p1b: Talonflame\n|-sidestart|p1: CoolMichaelYew|move: Tailwind\n|\n|-weather|Sandstorm|[upkeep]\n|-damage|p1b: Talonflame|95/100|[from] Sandstorm\n|-damage|p1a: Weavile|94/100|[from] Sandstorm\n|upkeep\n|turn|2\n|inactive|Battle timer is ON: inactive players will automatically lose when time's up. (requested by CoolMichaelYew)\n|\n|t:|1776354290\n|move|p1b: Talonflame|Flare Blitz|p2b: Excadrill\n|-supereffective|p2b: Excadrill|1\n|-enditem|p2b: Excadrill|Focus Sash\n|-damage|p2b: Excadrill|1/100\n|-damage|p1b: Talonflame|55/100|[from] Recoil\n|move|p1a: Weavile|Triple Axel|p2b: Excadrill\n|-damage|p2b: Excadrill|0 fnt\n|faint|p2b: Excadrill\n|-hitcount|p2: Excadrill|1\n|move|p2a: Tyranitar|Rock Slide|p1b: Talonflame|[spread] p1a,p1b\n|-supereffective|p1a: Weavile|1\n|-supereffective|p1b: Talonflame|2\n|-damage|p1a: Weavile|0 fnt\n|-damage|p1b: Talonflame|0 fnt\n|faint|p1a: Weavile\n|faint|p1b: Talonflame\n|\n|-weather|Sandstorm|[upkeep]\n|upkeep\n|inactive|alegamer2004 has 30 seconds left.\n|\n|t:|1776354316\n|switch|p1b: Chandelure|Chandelure, L50, F|100/100\n|switch|p1a: Sneasler|Sneasler, L50, F|100/100\n|switch|p2b: Aerodactyl|Aerodactyl, L50, F|100/100\n|-ability|p2b: Aerodactyl|Unnerve\n|turn|3\n|inactive|CoolMichaelYew has 30 seconds left.\n|inactive|alegamer2004 has 30 seconds left.\n|c|\u2606CoolMichaelYew|can I ask, what item on aero?\n|inactive|CoolMichaelYew has 20 seconds left.\n|inactive|CoolMichaelYew has 15 seconds left.\n|\n|t:|1776354361\n|switch|p2a: Rotom|Rotom-Wash, L50|100/100\n|detailschange|p1b: Chandelure|Chandelure-Mega, L50, F\n|-mega|p1b: Chandelure|Chandelure|Chandelurite\n|move|p1b: Chandelure|Protect|p1b: Chandelure\n|-singleturn|p1b: Chandelure|Protect\n|move|p2b: Aerodactyl|Protect|p2b: Aerodactyl\n|-singleturn|p2b: Aerodactyl|Protect\n|move|p1a: Sneasler|Close Combat|p2b: Aerodactyl\n|-activate|p2b: Aerodactyl|move: Protect\n|\n|-weather|Sandstorm|[upkeep]\n|-damage|p1a: Sneasler|95/100|[from] Sandstorm\n|-damage|p1b: Chandelure|95/100|[from] Sandstorm\n|-damage|p2a: Rotom|95/100|[from] Sandstorm\n|-heal|p2a: Rotom|100/100|[from] item: Leftovers\n|upkeep\n|turn|4\n|c|\u2606alegamer2004|if you tell me what item on sneasler\n|c|\u2606CoolMichaelYew|Would\u2019ve thought sash but exca was sash so no idea\n|inactive|CoolMichaelYew has 30 seconds left.\n|inactive|alegamer2004 has 30 seconds left.\n|c|\u2606CoolMichaelYew|sure white herb\n|c|\u2606alegamer2004|mega stone\n|c|\u2606CoolMichaelYew|Oh\n|inactive|CoolMichaelYew has 20 seconds left.\n|inactive|alegamer2004 has 20 seconds left.\n|inactive|CoolMichaelYew has 15 seconds left.\n|inactive|alegamer2004 has 15 seconds left.\n|c|\u2606CoolMichaelYew|wait I\u2019m dumb lmao that adds up\n|inactive|CoolMichaelYew has 10 seconds left.\n|inactive|alegamer2004 has 10 seconds left.\n|\n|t:|1776354409\n|detailschange|p2b: Aerodactyl|Aerodactyl-Mega, L50, F\n|-mega|p2b: Aerodactyl|Aerodactyl|Aerodactylite\n|move|p1a: Sneasler|Close Combat|p2b: Aerodactyl\n|-damage|p2b: Aerodactyl|16/100\n|-unboost|p1a: Sneasler|def|1\n|-unboost|p1a: Sneasler|spd|1\n|-enditem|p1a: Sneasler|White Herb\n|-clearnegativeboost|p1a: Sneasler|[silent]\n|move|p1b: Chandelure|Energy Ball|p2a: Rotom\n|-supereffective|p2a: Rotom|1\n|-damage|p2a: Rotom|14/100\n|move|p2b: Aerodactyl|Rock Slide|p1b: Chandelure|[spread] p1a,p1b\n|-resisted|p1a: Sneasler|1\n|-supereffective|p1b: Chandelure|1\n|-damage|p1a: Sneasler|69/100\n|-damage|p1b: Chandelure|13/100\n|move|p2a: Rotom|Thunderbolt|p1b: Chandelure\n|-damage|p1b: Chandelure|0 fnt\n|faint|p1b: Chandelure\n|\n|-weather|Sandstorm|[upkeep]\n|-damage|p1a: Sneasler|64/100|[from] Sandstorm\n|-damage|p2a: Rotom|8/100|[from] Sandstorm\n|-heal|p2a: Rotom|14/100|[from] item: Leftovers\n|-sideend|p1: CoolMichaelYew|move: Tailwind\n|upkeep\n|turn|5\n|c|\u2606CoolMichaelYew|Damn gg wp\n|inactive|CoolMichaelYew has 30 seconds left.\n|c|\u2606alegamer2004|gg\n|\n|t:|1776354443\n|move|p1a: Sneasler|Dire Claw|p2a: Rotom\n|-damage|p2a: Rotom|0 fnt\n|faint|p2a: Rotom\n|move|p2b: Aerodactyl|Dual Wingbeat|p1a: Sneasler\n|-supereffective|p1a: Sneasler|1\n|-damage|p1a: Sneasler|0 fnt\n|faint|p1a: Sneasler\n|-hitcount|p1: Sneasler|1\n|\n|win|alegamer2004\n|raw|CoolMichaelYew's rating: 1245 &rarr; <strong>1225</strong><br />(-20 for losing)\n|raw|alegamer2004's rating: 1315 &rarr; <strong>1331</strong><br />(+16 for winning)\n|c|\u2606alegamer2004|no one using mega aero\n|c|\u2606alegamer2004|no reason to I guess\n|c|\u2606CoolMichaelYew|Well you make it work\n|c|\u2606CoolMichaelYew|love that\n|c|\u2606alegamer2004|fastest mon in the format tho\n|c|\u2606CoolMichaelYew|Yup exactly\n|c|\u2606alegamer2004|gg nice playing you\n",
  "uploadtime": 1776354477,
  "views": 27,
  "formatid": "gen9championsvgc2026regma",
  "rating": 1225,
  "private": 0,
  "password": null
}