{
  "id": "gen9championsvgc2026regma-2584553555",
  "format": "[Gen 9 Champions] VGC 2026 Reg M-A",
  "players": [
    "Destr0321",
    "BaddGyal"
  ],
  "log": "|j|\u2606Destr0321\n|j|\u2606BaddGyal\n|t:|1776268354\n|gametype|doubles\n|player|p1|Destr0321|101|1110\n|player|p2|BaddGyal|169|1024\n|gen|9\n|tier|[Gen 9 Champions] VGC 2026 Reg M-A\n|rated|\n|rule|Species Clause: Limit one of each Pok\u00e9mon\n|rule|Item Clause: Limit 1 of each item\n|clearpoke\n|poke|p1|Aerodactyl, L50, F|\n|poke|p1|Kangaskhan, L50, F|\n|poke|p1|Tauros-Paldea-Aqua, L50, M|\n|poke|p1|Typhlosion-Hisui, L50, F|\n|poke|p1|Meganium, L50, M|\n|poke|p1|Archaludon, L50, F|\n|poke|p2|Floette-Eternal, L50, F|\n|poke|p2|Sinistcha, L50|\n|poke|p2|Garchomp, L50, F|\n|poke|p2|Arcanine, L50, F|\n|poke|p2|Milotic, L50, F|\n|poke|p2|Sneasler, L50, F|\n|teampreview|4\n|inactive|Battle timer is ON: inactive players will automatically lose when time's up. (requested by Destr0321)\n|inactive|BaddGyal has 60 seconds left.\n|l|\u2606Destr0321\n|inactive|Destr0321 disconnected and has a minute to reconnect!\n|player|p1|\n|inactive|BaddGyal has 30 seconds left.\n|j|\u2606Destr0321\n|inactive|Destr0321 reconnected.\n|player|p1|Destr0321|101|\n|inactive|BaddGyal has 20 seconds left.\n|inactive|BaddGyal has 15 seconds left.\n|inactive|BaddGyal has 10 seconds left.\n|l|\u2606Destr0321\n|inactive|Destr0321 disconnected and has a minute to reconnect!\n|player|p1|\n|inactive|BaddGyal has 5 seconds left.\n|\n|t:|1776268492\n|teamsize|p1|4\n|teamsize|p2|4\n|start\n|switch|p1a: Aerodactyl|Aerodactyl, L50, F|100/100\n|switch|p1b: Archaludon|Archaludon, L50, F|100/100\n|switch|p2a: Floette|Floette-Eternal, L50, F|100/100\n|switch|p2b: Sinistcha|Sinistcha, L50|100/100\n|-ability|p1a: Aerodactyl|Unnerve\n|turn|1\n|inactive|Destr0321 has 30 seconds left.\n|inactive|BaddGyal has 30 seconds left.\n|j|\u2606Destr0321\n|inactive|Destr0321 reconnected and has 30 seconds left.\n|player|p1|Destr0321|101|\n|\n|t:|1776268525\n|detailschange|p2a: Floette|Floette-Mega, L50, F\n|-mega|p2a: Floette|Floette|Floettite\n|-ability|p2a: Floette|Fairy Aura\n|move|p1b: Archaludon|Protect|p1b: Archaludon\n|-singleturn|p1b: Archaludon|Protect\n|move|p1a: Aerodactyl|Tailwind|p1a: Aerodactyl\n|-sidestart|p1: Destr0321|move: Tailwind\n|move|p2a: Floette|Draining Kiss|p1b: Archaludon\n|-activate|p1b: Archaludon|move: Protect\n|move|p2b: Sinistcha|Trick Room|p2b: Sinistcha\n|-fieldstart|move: Trick Room|[of] p2b: Sinistcha\n|\n|upkeep\n|turn|2\n|\n|t:|1776268545\n|move|p2b: Sinistcha|Rage Powder|p2b: Sinistcha\n|-singleturn|p2b: Sinistcha|move: Rage Powder\n|move|p2a: Floette|Calm Mind|p2a: Floette\n|-boost|p2a: Floette|spa|1\n|-boost|p2a: Floette|spd|1\n|move|p1b: Archaludon|Steel Beam|p2a: Floette\n|-supereffective|p2a: Floette|1\n|-damage|p2a: Floette|26/100\n|-damage|p1b: Archaludon|50/100|[from] steelbeam\n|move|p1a: Aerodactyl|Dual Wingbeat|p2b: Sinistcha\n|-supereffective|p2b: Sinistcha|1\n|-damage|p2b: Sinistcha|72/100\n|-supereffective|p2b: Sinistcha|1\n|-damage|p2b: Sinistcha|42/100\n|-hitcount|p2b: Sinistcha|2\n|\n|-heal|p2b: Sinistcha|48/100|[from] item: Leftovers\n|upkeep\n|turn|3\n|\n|t:|1776268565\n|move|p1b: Archaludon|Protect|p1b: Archaludon\n|-singleturn|p1b: Archaludon|Protect\n|move|p2b: Sinistcha|Life Dew|p2b: Sinistcha|[spread] p2a,p2b\n|-heal|p2a: Floette|51/100\n|-heal|p2b: Sinistcha|74/100\n|move|p2a: Floette|Draining Kiss|p1b: Archaludon\n|-activate|p1b: Archaludon|move: Protect\n|move|p1a: Aerodactyl|Dual Wingbeat|p2b: Sinistcha\n|-supereffective|p2b: Sinistcha|1\n|-damage|p2b: Sinistcha|43/100\n|-supereffective|p2b: Sinistcha|1\n|-damage|p2b: Sinistcha|13/100\n|-hitcount|p2b: Sinistcha|2\n|\n|-heal|p2b: Sinistcha|19/100|[from] item: Leftovers\n|upkeep\n|turn|4\n|\n|t:|1776268584\n|move|p2b: Sinistcha|Life Dew|p2b: Sinistcha|[spread] p2a,p2b\n|-heal|p2a: Floette|76/100\n|-heal|p2b: Sinistcha|44/100\n|move|p2a: Floette|Draining Kiss|p1b: Archaludon\n|-damage|p1b: Archaludon|0 fnt\n|-heal|p2a: Floette|100/100|[from] drain|[of] p1b: Archaludon\n|faint|p1b: Archaludon\n|move|p1a: Aerodactyl|Dual Wingbeat|p2b: Sinistcha\n|-supereffective|p2b: Sinistcha|1\n|-damage|p2b: Sinistcha|14/100\n|-supereffective|p2b: Sinistcha|1\n|-damage|p2b: Sinistcha|0 fnt\n|faint|p2b: Sinistcha\n|-hitcount|p2: Sinistcha|2\n|\n|-sideend|p1: Destr0321|move: Tailwind\n|upkeep\n|\n|t:|1776268599\n|switch|p2b: Arcanine|Arcanine, L50, F|100/100\n|switch|p1b: Kangaskhan|Kangaskhan, L50, F|100/100\n|-ability|p2b: Arcanine|Intimidate|boost\n|-unboost|p1a: Aerodactyl|atk|1\n|-fail|p1b: Kangaskhan|unboost|Attack|[from] ability: Inner Focus|[of] p1b: Kangaskhan\n|turn|5\n|\n|t:|1776268611\n|detailschange|p1b: Kangaskhan|Kangaskhan-Mega, L50, F\n|-mega|p1b: Kangaskhan|Kangaskhan|Kangaskhanite\n|move|p1b: Kangaskhan|Fake Out|p2a: Floette\n|-damage|p2a: Floette|77/100\n|-damage|p2a: Floette|72/100\n|-hitcount|p2a: Floette|2\n|cant|p2a: Floette|flinch\n|move|p1a: Aerodactyl|Rock Slide|p2b: Arcanine|[spread] p2b\n|-miss|p1a: Aerodactyl|p2a: Floette\n|-supereffective|p2b: Arcanine|1\n|-damage|p2b: Arcanine|60/100\n|cant|p2b: Arcanine|flinch\n|\n|-fieldend|move: Trick Room\n|upkeep\n|turn|6\n|inactive|Destr0321 has 30 seconds left.\n|\n|t:|1776268636\n|switch|p1b: Tauros|Tauros-Paldea-Aqua, L50, M|100/100\n|-ability|p1b: Tauros|Intimidate|boost\n|-unboost|p2a: Floette|atk|1\n|-unboost|p2b: Arcanine|atk|1\n|move|p2b: Arcanine|Will-O-Wisp|p1b: Tauros\n|-status|p1b: Tauros|brn\n|move|p1a: Aerodactyl|Tailwind|p1a: Aerodactyl\n|-sidestart|p1: Destr0321|move: Tailwind\n|move|p2a: Floette|Draining Kiss|p1b: Tauros\n|-supereffective|p1b: Tauros|1\n|-damage|p1b: Tauros|0 fnt\n|-heal|p2a: Floette|100/100|[from] drain|[of] p1b: Tauros\n|faint|p1b: Tauros\n|\n|upkeep\n|\n|t:|1776268639\n|switch|p1b: Kangaskhan|Kangaskhan-Mega, L50, F|100/100\n|turn|7\n|inactive|BaddGyal has 30 seconds left.\n|\n|t:|1776268667\n|move|p1b: Kangaskhan|Fake Out|p2a: Floette\n|-damage|p2a: Floette|75/100\n|-damage|p2a: Floette|70/100\n|-hitcount|p2a: Floette|2\n|move|p1a: Aerodactyl|Rock Slide|p2b: Arcanine|[spread] p2a,p2b\n|-supereffective|p2b: Arcanine|1\n|-damage|p2a: Floette|51/100\n|-damage|p2b: Arcanine|17/100\n|cant|p2b: Arcanine|flinch\n|cant|p2a: Floette|flinch\n|\n|upkeep\n|turn|8\n|\n|t:|1776268679\n|move|p1a: Aerodactyl|Rock Slide|p2a: Floette|[spread] p2a,p2b\n|-supereffective|p2b: Arcanine|1\n|-damage|p2a: Floette|35/100\n|-damage|p2b: Arcanine|0 fnt\n|faint|p2b: Arcanine\n|move|p1b: Kangaskhan|Double-Edge|p2a: Floette\n|-damage|p2a: Floette|0 fnt\n|faint|p2a: Floette\n|-hitcount|p2: Floette|1\n|-damage|p1b: Kangaskhan|90/100|[from] Recoil\n|\n|upkeep\n|-message|BaddGyal forfeited.\n|\n|win|Destr0321\n|raw|Destr0321's rating: 1110 &rarr; <strong>1129</strong><br />(+19 for winning)\n|raw|BaddGyal's rating: 1024 &rarr; <strong>1014</strong><br />(-10 for losing)\n|l|\u2606BaddGyal\n|player|p2|\n",
  "uploadtime": 1776268706,
  "views": 32,
  "formatid": "gen9championsvgc2026regma",
  "rating": 1014,
  "private": 0,
  "password": null
}