{
  "id": "gen9championsvgc2026regma-2585854263",
  "format": "[Gen 9 Champions] VGC 2026 Reg M-A",
  "players": [
    "darkid321",
    "halcony"
  ],
  "log": "|j|\u2606darkid321\n|j|\u2606halcony\n|t:|1776375735\n|gametype|doubles\n|player|p1|darkid321|policeman-gen4|1170\n|player|p2|halcony|170|1182\n|gen|9\n|tier|[Gen 9 Champions] VGC 2026 Reg M-A\n|rated|\n|rule|Species Clause: Limit one of each Pok\u00e9mon\n|rule|Item Clause: Limit 1 of each item\n|clearpoke\n|poke|p1|Hydreigon, L50, F|\n|poke|p1|Excadrill, L50, M|\n|poke|p1|Tyranitar, L50, F|\n|poke|p1|Garchomp, L50, F|\n|poke|p1|Clefable, L50, F|\n|poke|p1|Vaporeon, L50, M|\n|poke|p2|Froslass, L50, F|\n|poke|p2|Maushold, L50|\n|poke|p2|Ninetales-Alola, L50, M|\n|poke|p2|Mamoswine, L50, M|\n|poke|p2|Aerodactyl, L50, F|\n|poke|p2|Rotom-Wash, L50|\n|teampreview|4\n|inactive|Battle timer is ON: inactive players will automatically lose when time's up. (requested by darkid321)\n|\n|t:|1776375753\n|teamsize|p1|4\n|teamsize|p2|4\n|start\n|switch|p1a: Tyranitar|Tyranitar, L50, F|100/100\n|switch|p1b: Excadrill|Excadrill, L50, M|100/100\n|switch|p2a: Froslass|Froslass, L50, F|100/100\n|switch|p2b: Maushold|Maushold, L50|100/100\n|-weather|Sandstorm|[from] ability: Sand Stream|[of] p1a: Tyranitar\n|turn|1\n|\n|t:|1776375772\n|switch|p2a: Rotom|Rotom-Wash, L50|100/100\n|move|p1b: Excadrill|Protect|p1b: Excadrill\n|-singleturn|p1b: Excadrill|Protect\n|move|p1a: Tyranitar|Protect|p1a: Tyranitar\n|-singleturn|p1a: Tyranitar|Protect\n|move|p2b: Maushold|Super Fang|p1b: Excadrill\n|-activate|p1b: Excadrill|move: Protect\n|\n|-weather|Sandstorm|[upkeep]\n|-damage|p2b: Maushold|94/100|[from] Sandstorm\n|-damage|p2a: Rotom|95/100|[from] Sandstorm\n|-heal|p2b: Maushold|100/100|[from] item: Leftovers\n|upkeep\n|turn|2\n|\n|t:|1776375790\n|switch|p1b: Clefable|Clefable, L50, F|100/100\n|switch|p1a: Garchomp|Garchomp, L50, F|100/100\n|move|p2b: Maushold|Taunt|p1a: Garchomp\n|-start|p1a: Garchomp|move: Taunt\n|move|p2a: Rotom|Will-O-Wisp|p1b: Clefable\n|-status|p1b: Clefable|brn\n|\n|-weather|Sandstorm|[upkeep]\n|-damage|p2b: Maushold|94/100|[from] Sandstorm\n|-damage|p2a: Rotom|89/100|[from] Sandstorm\n|-heal|p2b: Maushold|100/100|[from] item: Leftovers\n|upkeep\n|turn|3\n|\n|t:|1776375813\n|move|p1b: Clefable|Follow Me|p1b: Clefable\n|-singleturn|p1b: Clefable|move: Follow Me\n|move|p2b: Maushold|Taunt|p1b: Clefable\n|-start|p1b: Clefable|move: Taunt\n|move|p1a: Garchomp|Dragon Claw|p2b: Maushold\n|-damage|p2b: Maushold|44/100\n|move|p2a: Rotom|Will-O-Wisp|p1b: Clefable\n|-fail|p1b: Clefable|brn\n|\n|-weather|Sandstorm|[upkeep]\n|-damage|p2b: Maushold|38/100|[from] Sandstorm\n|-damage|p2a: Rotom|84/100|[from] Sandstorm\n|-heal|p2b: Maushold|44/100|[from] item: Leftovers\n|upkeep\n|turn|4\n|inactive|darkid321 has 30 seconds left.\n|\n|t:|1776375847\n|switch|p1a: Tyranitar|Tyranitar, L50, F|100/100\n|move|p2b: Maushold|Super Fang|p1b: Clefable\n|-damage|p1b: Clefable|50/100 brn\n|move|p2a: Rotom|Will-O-Wisp|p1a: Tyranitar\n|-status|p1a: Tyranitar|brn\n|move|p1b: Clefable|Draining Kiss|p2b: Maushold\n|-damage|p2b: Maushold|23/100\n|-heal|p1b: Clefable|65/100 brn|[from] drain|[of] p2b: Maushold\n|\n|-weather|Sandstorm|[upkeep]\n|-damage|p2b: Maushold|17/100|[from] Sandstorm\n|-damage|p2a: Rotom|78/100|[from] Sandstorm\n|-heal|p2b: Maushold|23/100|[from] item: Leftovers\n|-heal|p1b: Clefable|71/100 brn|[from] item: Leftovers\n|-damage|p1a: Tyranitar|94/100 brn|[from] brn\n|upkeep\n|turn|5\n|\n|t:|1776375865\n|move|p2b: Maushold|Helping Hand|p2a: Rotom\n|-singleturn|p2a: Rotom|Helping Hand|[of] p2b: Maushold\n|move|p2a: Rotom|Hydro Pump|p1a: Tyranitar\n|-supereffective|p1a: Tyranitar|1\n|-damage|p1a: Tyranitar|16/100 brn\n|move|p1a: Tyranitar|Rock Slide|p2a: Rotom|[spread] p2a,p2b\n|-crit|p2a: Rotom\n|-damage|p2a: Rotom|54/100\n|-damage|p2b: Maushold|2/100\n|move|p1b: Clefable|Draining Kiss|p2b: Maushold\n|-damage|p2b: Maushold|0 fnt\n|-heal|p1b: Clefable|72/100 brn|[from] drain|[of] p2b: Maushold\n|faint|p2b: Maushold\n|\n|-weather|none\n|-heal|p1b: Clefable|78/100 brn|[from] item: Leftovers\n|-damage|p1a: Tyranitar|10/100 brn|[from] brn\n|upkeep\n|\n|t:|1776375876\n|switch|p2b: Mamoswine|Mamoswine, L50, M|100/100\n|turn|6\n|inactive|darkid321 has 30 seconds left.\n|\n|t:|1776375908\n|switch|p1a: Garchomp|Garchomp, L50, F|100/100\n|move|p2b: Mamoswine|Icicle Crash|p1b: Clefable\n|-crit|p1b: Clefable\n|-damage|p1b: Clefable|9/100 brn\n|move|p2a: Rotom|Discharge|p1b: Clefable|[spread] p1b\n|-immune|p2b: Mamoswine\n|-immune|p1a: Garchomp\n|-damage|p1b: Clefable|0 fnt\n|faint|p1b: Clefable\n|\n|upkeep\n|\n|t:|1776375919\n|switch|p1b: Tyranitar|Tyranitar, L50, F|10/100 brn\n|-weather|Sandstorm|[from] ability: Sand Stream|[of] p1b: Tyranitar\n|turn|7\n|\n|t:|1776375936\n|move|p1a: Garchomp|Protect|p1a: Garchomp\n|-singleturn|p1a: Garchomp|Protect\n|move|p1b: Tyranitar|Protect|p1b: Tyranitar\n|-singleturn|p1b: Tyranitar|Protect\n|move|p2b: Mamoswine|Icicle Crash|p1a: Garchomp\n|-activate|p1a: Garchomp|move: Protect\n|move|p2a: Rotom|Will-O-Wisp|p1a: Garchomp\n|-activate|p1a: Garchomp|move: Protect\n|\n|-weather|Sandstorm|[upkeep]\n|-damage|p2a: Rotom|49/100|[from] Sandstorm\n|-enditem|p2a: Rotom|Sitrus Berry|[eat]\n|-heal|p2a: Rotom|73/100|[from] item: Sitrus Berry\n|-damage|p1b: Tyranitar|4/100 brn|[from] brn\n|upkeep\n|turn|8\n|inactive|darkid321 has 30 seconds left.\n|\n|t:|1776375962\n|detailschange|p1a: Garchomp|Garchomp-Mega, L50, F\n|-mega|p1a: Garchomp|Garchomp|Garchompite\n|move|p2b: Mamoswine|Icicle Crash|p1a: Garchomp\n|-supereffective|p1a: Garchomp|2\n|-damage|p1a: Garchomp|0 fnt\n|faint|p1a: Garchomp\n|move|p2a: Rotom|Will-O-Wisp|p1b: Tyranitar\n|-fail|p1b: Tyranitar|brn\n|move|p1b: Tyranitar|Knock Off|p2b: Mamoswine\n|-damage|p2b: Mamoswine|68/100\n|-enditem|p2b: Mamoswine|Choice Scarf|[from] move: Knock Off|[of] p1b: Tyranitar\n|\n|-weather|Sandstorm|[upkeep]\n|-damage|p2a: Rotom|67/100|[from] Sandstorm\n|-damage|p1b: Tyranitar|0 fnt|[from] brn\n|faint|p1b: Tyranitar\n|upkeep\n|\n|t:|1776375976\n|switch|p1b: Excadrill|Excadrill, L50, M|100/100\n|turn|9\n|\n|t:|1776375991\n|move|p1b: Excadrill|Iron Head|p2b: Mamoswine\n|-supereffective|p2b: Mamoswine|1\n|-damage|p2b: Mamoswine|0 fnt\n|faint|p2b: Mamoswine\n|move|p2a: Rotom|Will-O-Wisp|p1b: Excadrill\n|-status|p1b: Excadrill|brn\n|\n|-weather|Sandstorm|[upkeep]\n|-damage|p2a: Rotom|62/100|[from] Sandstorm\n|-damage|p1b: Excadrill|95/100 brn|[from] brn\n|upkeep\n|\n|t:|1776375994\n|switch|p2b: Froslass|Froslass, L50, F|100/100\n|turn|10\n|\n|t:|1776376004\n|detailschange|p2b: Froslass|Froslass-Mega, L50, F\n|-mega|p2b: Froslass|Froslass|Froslassite\n|-weather|Snowscape|[from] ability: Snow Warning|[of] p2b: Froslass\n|move|p2b: Froslass|Blizzard|p1b: Excadrill\n|-damage|p1b: Excadrill|10/100 brn\n|move|p2a: Rotom|Hydro Pump|p1b: Excadrill|[miss]\n|-miss|p2a: Rotom|p1b: Excadrill\n|move|p1b: Excadrill|Iron Head|p2b: Froslass\n|-supereffective|p2b: Froslass|1\n|-damage|p2b: Froslass|49/100\n|\n|-weather|Snowscape|[upkeep]\n|-damage|p1b: Excadrill|4/100 brn|[from] brn\n|upkeep\n|turn|11\n|\n|t:|1776376016\n|move|p2b: Froslass|Shadow Ball|p1b: Excadrill\n|-damage|p1b: Excadrill|0 fnt\n|faint|p1b: Excadrill\n|\n|win|halcony\n|raw|darkid321's rating: 1170 &rarr; <strong>1146</strong><br />(-24 for losing)\n|raw|halcony's rating: 1182 &rarr; <strong>1206</strong><br />(+24 for winning)\n|l|\u2606darkid321\n|player|p1|\n",
  "uploadtime": 1776376023,
  "views": 19,
  "formatid": "gen9championsvgc2026regma",
  "rating": 1146,
  "private": 0,
  "password": null
}