{
  "id": "gen9championsvgc2026regma-2589402253",
  "format": "[Gen 9 Champions] VGC 2026 Reg M-A",
  "players": [
    "diegop10",
    "TophBoom"
  ],
  "log": "|j|\u2606diegop10\n|j|\u2606TophBoom\n|t:|1776720037\n|gametype|doubles\n|player|p1|diegop10|acetrainer|1169\n|player|p2|TophBoom|miku-fairy|1255\n|gen|9\n|tier|[Gen 9 Champions] VGC 2026 Reg M-A\n|rated|\n|rule|Species Clause: Limit one of each Pok\u00e9mon\n|rule|Item Clause: Limit 1 of each item\n|clearpoke\n|poke|p1|Snorlax, L50, F|\n|poke|p1|Gengar, L50, F|\n|poke|p1|Dragonite, L50, F|\n|poke|p1|Leafeon, L50, M|\n|poke|p1|Milotic, L50, F|\n|poke|p1|Incineroar, L50, M|\n|poke|p2|Floette-Eternal, L50, F|\n|poke|p2|Banette, L50, M|\n|poke|p2|Sinistcha-Masterpiece, L50|\n|poke|p2|Incineroar, L50, F|\n|poke|p2|Palafin, L50, F, shiny|\n|poke|p2|Aerodactyl, L50, F|\n|teampreview|4\n|\n|t:|1776720114\n|teamsize|p1|4\n|teamsize|p2|4\n|start\n|switch|p1a: Snorlax|Snorlax, L50, F|100/100\n|switch|p1b: Gengar|Gengar, L50, F|100/100\n|switch|p2a: Aerodactyl|Aerodactyl, L50, F|100/100\n|switch|p2b: Palafin|Palafin, L50, F, shiny|100/100\n|-ability|p2a: Aerodactyl|Unnerve\n|turn|1\n|\n|t:|1776720137\n|move|p2a: Aerodactyl|Rock Slide|p1b: Gengar|[spread] p1a\n|-miss|p2a: Aerodactyl|p1b: Gengar\n|-damage|p1a: Snorlax|81/100\n|move|p1b: Gengar|Sludge Bomb|p2b: Palafin\n|-damage|p2b: Palafin|36/100\n|move|p2b: Palafin|Close Combat|p1a: Snorlax\n|-supereffective|p1a: Snorlax|1\n|-damage|p1a: Snorlax|36/100\n|-unboost|p2b: Palafin|def|1\n|-unboost|p2b: Palafin|spd|1\n|cant|p1a: Snorlax|flinch\n|\n|-heal|p1a: Snorlax|42/100|[from] item: Leftovers\n|upkeep\n|turn|2\n|\n|t:|1776720162\n|detailschange|p2b: Palafin|Palafin-Hero, L50, F, shiny\n|switch|p2b: Sinistcha|Sinistcha-Masterpiece, L50|100/100\n|move|p1a: Snorlax|Protect|p1a: Snorlax\n|-singleturn|p1a: Snorlax|Protect\n|move|p2a: Aerodactyl|Rock Slide|p1b: Gengar|[spread] p1b\n|-activate|p1a: Snorlax|move: Protect\n|-damage|p1b: Gengar|52/100\n|move|p1b: Gengar|Sludge Bomb|p2b: Sinistcha\n|-damage|p2b: Sinistcha|53/100\n|\n|-heal|p1a: Snorlax|49/100|[from] item: Leftovers\n|upkeep\n|turn|3\n|\n|t:|1776720189\n|move|p2a: Aerodactyl|Dual Wingbeat|p1b: Gengar\n|-damage|p1b: Gengar|16/100\n|-start|p2a: Aerodactyl|Disable|Dual Wingbeat|[from] ability: Cursed Body|[of] p1b: Gengar\n|-damage|p1b: Gengar|0 fnt\n|faint|p1b: Gengar\n|-hitcount|p1: Gengar|2\n|move|p2b: Sinistcha|Matcha Gotcha|p1a: Snorlax\n|-damage|p1a: Snorlax|30/100\n|-heal|p2b: Sinistcha|67/100|[from] drain|[of] p1a: Snorlax\n|-status|p1a: Snorlax|brn\n|move|p1a: Snorlax|Heavy Slam|p2a: Aerodactyl\n|-supereffective|p2a: Aerodactyl|1\n|-damage|p2a: Aerodactyl|50/100\n|\n|-heal|p1a: Snorlax|36/100 brn|[from] item: Leftovers\n|-damage|p1a: Snorlax|30/100 brn|[from] brn\n|upkeep\n|\n|t:|1776720212\n|switch|p1b: Dragonite|Dragonite, L50, F|100/100\n|turn|4\n|\n|t:|1776720232\n|detailschange|p1b: Dragonite|Dragonite-Mega, L50, F\n|-mega|p1b: Dragonite|Dragonite|Dragoninite\n|move|p2b: Sinistcha|Rage Powder|p2b: Sinistcha\n|-singleturn|p2b: Sinistcha|move: Rage Powder\n|move|p2a: Aerodactyl|Tailwind|p2a: Aerodactyl\n|-sidestart|p2: TophBoom|move: Tailwind\n|move|p1b: Dragonite|Flamethrower|p2b: Sinistcha\n|-supereffective|p2b: Sinistcha|1\n|-damage|p2b: Sinistcha|12/100\n|move|p1a: Snorlax|Heavy Slam|p2b: Sinistcha\n|-damage|p2b: Sinistcha|0 fnt\n|faint|p2b: Sinistcha\n|\n|-heal|p1a: Snorlax|36/100 brn|[from] item: Leftovers\n|-damage|p1a: Snorlax|30/100 brn|[from] brn\n|upkeep\n|\n|t:|1776720241\n|switch|p2b: Floette|Floette-Eternal, L50, F|100/100\n|turn|5\n|inactive|Battle timer is ON: inactive players will automatically lose when time's up. (requested by TophBoom)\n|\n|t:|1776720305\n|detailschange|p2b: Floette|Floette-Mega, L50, F\n|-mega|p2b: Floette|Floette|Floettite\n|-ability|p2b: Floette|Fairy Aura\n|move|p2a: Aerodactyl|Rock Slide|p1a: Snorlax|[spread] p1a,p1b\n|-supereffective|p1b: Dragonite|1\n|-damage|p1a: Snorlax|10/100 brn\n|-damage|p1b: Dragonite|81/100\n|move|p2b: Floette|Dazzling Gleam|p1b: Dragonite|[spread] p1a,p1b\n|-supereffective|p1b: Dragonite|1\n|-damage|p1a: Snorlax|0 fnt\n|-damage|p1b: Dragonite|5/100\n|faint|p1a: Snorlax\n|move|p1b: Dragonite|Dragon Pulse|p2a: Aerodactyl\n|-damage|p2a: Aerodactyl|0 fnt\n|faint|p2a: Aerodactyl\n|\n|upkeep\n|-message|diegop10 forfeited.\n|\n|win|TophBoom\n|raw|diegop10's rating: 1169 &rarr; <strong>1150</strong><br />(-19 for losing)\n|raw|TophBoom's rating: 1255 &rarr; <strong>1274</strong><br />(+19 for winning)\n|l|\u2606diegop10\n|player|p1|\n",
  "uploadtime": 1776720318,
  "views": 6,
  "formatid": "gen9championsvgc2026regma",
  "rating": 1150,
  "private": 0,
  "password": null
}