{
  "id": "gen9championsvgc2026regma-2589427867",
  "format": "[Gen 9 Champions] VGC 2026 Reg M-A",
  "players": [
    "Sean Kennelly",
    "UtterlyIncapable"
  ],
  "log": "|j|\u2606Sean Kennelly\n|j|\u2606UtterlyIncapable\n|t:|1776722089\n|gametype|doubles\n|player|p1|Sean Kennelly|sage|1222\n|player|p2|UtterlyIncapable|firebreather|1319\n|gen|9\n|tier|[Gen 9 Champions] VGC 2026 Reg M-A\n|rated|\n|rule|Species Clause: Limit one of each Pok\u00e9mon\n|rule|Item Clause: Limit 1 of each item\n|clearpoke\n|poke|p1|Blastoise, L50, M|\n|poke|p1|Sableye, L50, M|\n|poke|p1|Sinistcha, L50|\n|poke|p1|Archaludon, L50, M|\n|poke|p1|Typhlosion-Hisui, L50, F|\n|poke|p1|Rotom-Wash, L50|\n|poke|p2|Zoroark-Hisui, L50, M|\n|poke|p2|Froslass, L50, F|\n|poke|p2|Rotom-Frost, L50|\n|poke|p2|Garchomp, L50, M|\n|poke|p2|Whimsicott, L50, F|\n|poke|p2|Sneasler, L50, M|\n|teampreview|4\n|inactive|Battle timer is ON: inactive players will automatically lose when time's up. (requested by Sean Kennelly)\n|inactive|UtterlyIncapable has 60 seconds left.\n|\n|t:|1776722132\n|teamsize|p1|4\n|teamsize|p2|4\n|start\n|switch|p1a: Typhlosion|Typhlosion-Hisui, L50, F|100/100\n|switch|p1b: Archaludon|Archaludon, L50, M|100/100\n|switch|p2a: Froslass|Froslass, L50, F|100/100\n|switch|p2b: Whimsicott|Whimsicott, L50, F|100/100\n|-item|p2a: Froslass|Choice Scarf|[from] ability: Frisk|[of] p1a: Typhlosion\n|-item|p2b: Whimsicott|Mental Herb|[from] ability: Frisk|[of] p1a: Typhlosion\n|turn|1\n|\n|t:|1776722144\n|move|p2b: Whimsicott|Protect|p2b: Whimsicott\n|-singleturn|p2b: Whimsicott|Protect\n|move|p2a: Froslass|Shadow Ball|p1a: Typhlosion\n|-supereffective|p1a: Typhlosion|1\n|-damage|p1a: Typhlosion|0 fnt\n|faint|p1a: Typhlosion\n|move|p1b: Archaludon|Flash Cannon|p2b: Whimsicott\n|-activate|p2b: Whimsicott|move: Protect\n|\n|upkeep\n|\n|t:|1776722149\n|switch|p1a: Blastoise|Blastoise, L50, M|100/100\n|turn|2\n|\n|t:|1776722157\n|detailschange|p1a: Blastoise|Blastoise-Mega, L50, M\n|-mega|p1a: Blastoise|Blastoise|Blastoisinite\n|move|p2a: Froslass|Shadow Ball|p1b: Archaludon\n|-damage|p1b: Archaludon|47/100\n|-ability|p1b: Archaludon|Stamina|boost\n|-boost|p1b: Archaludon|def|1\n|move|p2b: Whimsicott|Moonblast|p1b: Archaludon\n|-damage|p1b: Archaludon|10/100\n|-ability|p1b: Archaludon|Stamina|boost\n|-boost|p1b: Archaludon|def|1\n|move|p1a: Blastoise|Shell Smash|p1a: Blastoise\n|-unboost|p1a: Blastoise|def|1\n|-unboost|p1a: Blastoise|spd|1\n|-boost|p1a: Blastoise|atk|2\n|-boost|p1a: Blastoise|spa|2\n|-boost|p1a: Blastoise|spe|2\n|move|p1b: Archaludon|Flash Cannon|p2a: Froslass\n|-damage|p2a: Froslass|10/100\n|replace|p2a: Zoroark|Zoroark-Hisui, L50, M\n|-end|p2a: Zoroark|Illusion\n|\n|upkeep\n|turn|3\n|c|\u2606Sean Kennelly|scarf?\n|\n|t:|1776722166\n|move|p2b: Whimsicott|Encore|p1a: Blastoise\n|-start|p1a: Blastoise|Encore\n|move|p1a: Blastoise|Shell Smash|p1a: Blastoise\n|-unboost|p1a: Blastoise|def|1\n|-unboost|p1a: Blastoise|spd|1\n|-boost|p1a: Blastoise|atk|2\n|-boost|p1a: Blastoise|spa|2\n|-boost|p1a: Blastoise|spe|2\n|move|p2a: Zoroark|Shadow Ball|p1b: Archaludon\n|-damage|p1b: Archaludon|0 fnt\n|faint|p1b: Archaludon\n|\n|upkeep\n|\n|t:|1776722168\n|switch|p1b: Sableye|Sableye, L50, M|100/100\n|turn|4\n|\n|t:|1776722181\n|switch|p2a: Garchomp|Garchomp, L50, M|100/100\n|move|p1b: Sableye|Will-O-Wisp|p2a: Garchomp\n|-status|p2a: Garchomp|brn\n|move|p1a: Blastoise|Shell Smash|p1a: Blastoise\n|-unboost|p1a: Blastoise|def|1\n|-unboost|p1a: Blastoise|spd|1\n|-boost|p1a: Blastoise|atk|2\n|-boost|p1a: Blastoise|spa|2\n|-boost|p1a: Blastoise|spe|2\n|move|p2b: Whimsicott|Moonblast|p1b: Sableye\n|-supereffective|p1b: Sableye|1\n|-damage|p1b: Sableye|38/100\n|\n|-damage|p2a: Garchomp|94/100 brn|[from] brn\n|upkeep\n|turn|5\n|-message|Sean Kennelly forfeited.\n|\n|win|UtterlyIncapable\n|raw|Sean Kennelly's rating: 1222 &rarr; <strong>1204</strong><br />(-18 for losing)\n|raw|UtterlyIncapable's rating: 1319 &rarr; <strong>1334</strong><br />(+15 for winning)\n|l|\u2606Sean Kennelly\n|player|p1|\n",
  "uploadtime": 1776722232,
  "views": 13,
  "formatid": "gen9championsvgc2026regma",
  "rating": 1204,
  "private": 0,
  "password": null
}