{
  "id": "gen9championsvgc2026regma-2585825337",
  "format": "[Gen 9 Champions] VGC 2026 Reg M-A",
  "players": [
    "elmassagista",
    "pharmacygod"
  ],
  "log": "|j|\u2606elmassagista\n|j|\u2606pharmacygod\n|t:|1776373443\n|gametype|doubles\n|player|p1|elmassagista|cress|1083\n|player|p2|pharmacygod|whitney|1044\n|gen|9\n|tier|[Gen 9 Champions] VGC 2026 Reg M-A\n|rated|\n|rule|Species Clause: Limit one of each Pok\u00e9mon\n|rule|Item Clause: Limit 1 of each item\n|clearpoke\n|poke|p1|Politoed, L50, F|\n|poke|p1|Simipour, L50, F|\n|poke|p1|Gengar, L50, F|\n|poke|p1|Incineroar, L50, F|\n|poke|p1|Kingambit, L50, F|\n|poke|p1|Maushold, L50|\n|poke|p2|Sableye, L50, F|\n|poke|p2|Meganium, L50, F|\n|poke|p2|Milotic, L50, F|\n|poke|p2|Heliolisk, L50, F|\n|poke|p2|Toxicroak, L50, F|\n|poke|p2|Talonflame, L50, F|\n|teampreview|4\n|inactive|Battle timer is ON: inactive players will automatically lose when time's up. (requested by elmassagista)\n|\n|t:|1776373513\n|teamsize|p1|4\n|teamsize|p2|4\n|start\n|switch|p1a: Gengar|Gengar, L50, F|100/100\n|switch|p1b: Maushold|Maushold, L50|100/100\n|switch|p2a: Sableye|Sableye, L50, F|100/100\n|switch|p2b: Milotic|Milotic, L50, F|100/100\n|turn|1\n|\n|t:|1776373531\n|move|p1a: Gengar|Protect|p1a: Gengar\n|-singleturn|p1a: Gengar|Protect\n|move|p2a: Sableye|Fake Out|p1b: Maushold|[miss]\n|-miss|p2a: Sableye|p1b: Maushold\n|move|p1b: Maushold|Super Fang|p2b: Milotic\n|-damage|p2b: Milotic|50/100\n|move|p2b: Milotic|Icy Wind|p1b: Maushold|[spread] p1b\n|-activate|p1a: Gengar|move: Protect\n|-damage|p1b: Maushold|92/100\n|-unboost|p1b: Maushold|spe|1\n|\n|-heal|p2b: Milotic|56/100|[from] item: Leftovers\n|upkeep\n|turn|2\n|\n|t:|1776373552\n|detailschange|p1a: Gengar|Gengar-Mega, L50, F\n|-mega|p1a: Gengar|Gengar|Gengarite\n|move|p1b: Maushold|Follow Me|p1b: Maushold\n|-singleturn|p1b: Maushold|move: Follow Me\n|move|p2a: Sableye|Quash|p1b: Maushold|[miss]\n|-miss|p2a: Sableye|p1b: Maushold\n|move|p1a: Gengar|Sludge Bomb|p2b: Milotic\n|-damage|p2b: Milotic|23/100\n|move|p2b: Milotic|Surf|p1b: Maushold|[spread] p2a,p1a,p1b\n|-damage|p2a: Sableye|74/100\n|-damage|p1a: Gengar|76/100\n|-damage|p1b: Maushold|71/100\n|\n|-heal|p2b: Milotic|29/100|[from] item: Leftovers\n|upkeep\n|turn|3\n|\n|t:|1776373571\n|move|p2b: Milotic|Protect|p2b: Milotic\n|-singleturn|p2b: Milotic|Protect\n|move|p1b: Maushold|Follow Me|p1b: Maushold\n|-singleturn|p1b: Maushold|move: Follow Me\n|move|p1a: Gengar|Sludge Bomb|p2b: Milotic\n|-activate|p2b: Milotic|move: Protect\n|move|p2a: Sableye|Foul Play|p1b: Maushold\n|-damage|p1b: Maushold|41/100\n|\n|-heal|p2b: Milotic|35/100|[from] item: Leftovers\n|upkeep\n|turn|4\n|inactive|pharmacygod has 30 seconds left.\n|inactive|pharmacygod has 20 seconds left.\n|\n|t:|1776373608\n|move|p1b: Maushold|Follow Me|p1b: Maushold\n|-singleturn|p1b: Maushold|move: Follow Me\n|move|p1a: Gengar|Shadow Ball|p2a: Sableye\n|-damage|p2a: Sableye|18/100\n|move|p2b: Milotic|Icy Wind|p1a: Gengar|[spread] p1a\n|-miss|p2b: Milotic|p1b: Maushold\n|-crit|p1a: Gengar\n|-damage|p1a: Gengar|60/100\n|-unboost|p1a: Gengar|spe|1\n|move|p2a: Sableye|Foul Play|p1b: Maushold\n|-damage|p1b: Maushold|13/100\n|\n|-heal|p2b: Milotic|41/100|[from] item: Leftovers\n|upkeep\n|turn|5\n|inactive|pharmacygod has 30 seconds left.\n|\n|t:|1776373635\n|move|p1a: Gengar|Sludge Bomb|p2a: Sableye\n|-resisted|p2a: Sableye|1\n|-damage|p2a: Sableye|0 fnt\n|faint|p2a: Sableye\n|move|p2b: Milotic|Surf|p1a: Gengar|[spread] p1a,p1b\n|-damage|p1a: Gengar|36/100\n|-damage|p1b: Maushold|0 fnt\n|faint|p1b: Maushold\n|\n|-heal|p2b: Milotic|47/100|[from] item: Leftovers\n|upkeep\n|\n|t:|1776373650\n|switch|p1b: Kingambit|Kingambit, L50, F|100/100\n|switch|p2a: Toxicroak|Toxicroak, L50, F|100/100\n|turn|6\n|inactive|elmassagista has 30 seconds left.\n|\n|t:|1776373679\n|move|p1b: Kingambit|Sucker Punch|p2b: Milotic\n|-damage|p2b: Milotic|2/100\n|move|p2a: Toxicroak|Close Combat|p1b: Kingambit\n|-supereffective|p1b: Kingambit|2\n|-damage|p1b: Kingambit|0 fnt\n|-unboost|p2a: Toxicroak|def|1\n|-unboost|p2a: Toxicroak|spd|1\n|faint|p1b: Kingambit\n|move|p1a: Gengar|Sludge Bomb|p2b: Milotic\n|-damage|p2b: Milotic|0 fnt\n|faint|p2b: Milotic\n|\n|upkeep\n|\n|t:|1776373693\n|switch|p2b: Meganium|Meganium, L50, F|100/100\n|switch|p1b: Incineroar|Incineroar, L50, F|100/100\n|-ability|p1b: Incineroar|Intimidate|boost\n|-unboost|p2a: Toxicroak|atk|1\n|-unboost|p2b: Meganium|atk|1\n|turn|7\n|\n|t:|1776373713\n|detailschange|p2b: Meganium|Meganium-Mega, L50, F\n|-mega|p2b: Meganium|Meganium|Meganiumite\n|move|p1b: Incineroar|Fake Out|p2a: Toxicroak\n|-damage|p2a: Toxicroak|74/100\n|cant|p2a: Toxicroak|flinch\n|move|p1a: Gengar|Sludge Bomb|p2b: Meganium\n|-supereffective|p2b: Meganium|2\n|-damage|p2b: Meganium|0 fnt\n|faint|p2b: Meganium\n|\n|upkeep\n|turn|8\n|\n|t:|1776373729\n|move|p1a: Gengar|Protect|p1a: Gengar\n|-singleturn|p1a: Gengar|Protect\n|move|p2a: Toxicroak|Close Combat|p1b: Incineroar\n|-supereffective|p1b: Incineroar|1\n|-damage|p1b: Incineroar|34/100\n|-unboost|p2a: Toxicroak|def|1\n|-unboost|p2a: Toxicroak|spd|1\n|-enditem|p1b: Incineroar|Sitrus Berry|[eat]\n|-heal|p1b: Incineroar|59/100|[from] item: Sitrus Berry\n|move|p1b: Incineroar|Flare Blitz|p2a: Toxicroak\n|-damage|p2a: Toxicroak|0 fnt\n|faint|p2a: Toxicroak\n|-damage|p1b: Incineroar|40/100|[from] Recoil\n|\n|win|elmassagista\n|raw|elmassagista's rating: 1083 &rarr; <strong>1107</strong><br />(+24 for winning)\n|raw|pharmacygod's rating: 1044 &rarr; <strong>1029</strong><br />(-15 for losing)\n|l|\u2606pharmacygod\n|player|p2|\n",
  "uploadtime": 1776373754,
  "views": 17,
  "formatid": "gen9championsvgc2026regma",
  "rating": 1029,
  "private": 0,
  "password": null
}