{
  "id": "gen9championsvgc2026regma-2582198498",
  "format": "[Gen 9 Champions] VGC 2026 Reg M-A",
  "players": [
    "Inciniroarrr",
    "zac5224666"
  ],
  "log": "|j|\u2606Inciniroarrr\n|j|\u2606zac5224666\n|t:|1776070285\n|gametype|doubles\n|player|p1|Inciniroarrr|2|1375\n|player|p2|zac5224666|1|1330\n|gen|9\n|tier|[Gen 9 Champions] VGC 2026 Reg M-A\n|rated|\n|rule|Species Clause: Limit one of each Pok\u00e9mon\n|rule|Item Clause: Limit 1 of each item\n|clearpoke\n|poke|p1|Gyarados, L50, F|\n|poke|p1|Delphox, L50, M|\n|poke|p1|Sneasler, L50, M|\n|poke|p1|Garchomp, L50, M|\n|poke|p1|Sinistcha, L50|\n|poke|p1|Tyranitar, L50, M|\n|poke|p2|Gengar, L50, M|\n|poke|p2|Corviknight, L50, F|\n|poke|p2|Incineroar, L50, F|\n|poke|p2|Milotic, L50, F|\n|poke|p2|Garchomp, L50, F|\n|poke|p2|Rotom-Wash, L50|\n|teampreview|4\n|inactive|Battle timer is ON: inactive players will automatically lose when time's up. (requested by Inciniroarrr)\n|inactive|Inciniroarrr has 60 seconds left.\n|inactive|zac5224666 has 60 seconds left.\n|inactive|zac5224666 has 30 seconds left.\n|inactive|zac5224666 has 20 seconds left.\n|\n|t:|1776070357\n|teamsize|p1|4\n|teamsize|p2|4\n|start\n|switch|p1a: Delphox|Delphox, L50, M|100/100\n|switch|p1b: Sneasler|Sneasler, L50, M|100/100\n|switch|p2a: Incineroar|Incineroar, L50, F, shiny|100/100\n|switch|p2b: Rotom|Rotom-Wash, L50, shiny|100/100\n|-ability|p2a: Incineroar|Intimidate|boost\n|-unboost|p1a: Delphox|atk|1\n|-unboost|p1b: Sneasler|atk|1\n|-enditem|p1b: Sneasler|White Herb\n|-clearnegativeboost|p1b: Sneasler|[silent]\n|turn|1\n|inactive|Inciniroarrr has 30 seconds left.\n|\n|t:|1776070385\n|switch|p1a: Sinistcha|Sinistcha, L50|100/100\n|move|p1b: Sneasler|Protect|p1b: Sneasler\n|-singleturn|p1b: Sneasler|Protect\n|move|p2a: Incineroar|Fake Out|p1b: Sneasler\n|-activate|p1b: Sneasler|move: Protect\n|move|p2b: Rotom|Hydro Pump|p1a: Sinistcha\n|-resisted|p1a: Sinistcha|1\n|-damage|p1a: Sinistcha|77/100\n|\n|upkeep\n|turn|2\n|\n|t:|1776070411\n|switch|p2a: Corviknight|Corviknight, L50, F, shiny|100/100\n|move|p1b: Sneasler|Close Combat|p2a: Corviknight\n|-damage|p2a: Corviknight|51/100\n|-unboost|p1b: Sneasler|def|1\n|-unboost|p1b: Sneasler|spd|1\n|move|p2b: Rotom|Hydro Pump|p1b: Sneasler\n|-damage|p1b: Sneasler|8/100\n|move|p1a: Sinistcha|Shadow Ball|p2a: Corviknight\n|-damage|p2a: Corviknight|20/100\n|-enditem|p2a: Corviknight|Sitrus Berry|[eat]\n|-heal|p2a: Corviknight|45/100|[from] item: Sitrus Berry\n|\n|upkeep\n|turn|3\n|inactive|Inciniroarrr has 30 seconds left.\n|\n|t:|1776070446\n|switch|p2a: Incineroar|Incineroar, L50, F, shiny|100/100\n|-ability|p2a: Incineroar|Intimidate|boost\n|-unboost|p1a: Sinistcha|atk|1\n|-unboost|p1b: Sneasler|atk|1\n|move|p1b: Sneasler|Protect|p1b: Sneasler\n|-singleturn|p1b: Sneasler|Protect\n|move|p2b: Rotom|Hydro Pump|p1b: Sneasler\n|-activate|p1b: Sneasler|move: Protect\n|move|p1a: Sinistcha|Shadow Ball|p2a: Incineroar\n|-resisted|p2a: Incineroar|1\n|-damage|p2a: Incineroar|84/100\n|\n|upkeep\n|turn|4\n|inactive|zac5224666 has 30 seconds left.\n|\n|t:|1776070476\n|switch|p1b: Garchomp|Garchomp, L50, M|100/100\n|move|p2b: Rotom|Hydro Pump|p1b: Garchomp\n|-damage|p1b: Garchomp|51/100\n|move|p1a: Sinistcha|Matcha Gotcha|p2b: Rotom|[spread] p2a,p2b\n|-resisted|p2a: Incineroar|1\n|-supereffective|p2b: Rotom|1\n|-damage|p2a: Incineroar|72/100\n|-heal|p1a: Sinistcha|84/100|[from] drain|[of] p2a: Incineroar\n|-damage|p2b: Rotom|42/100\n|-heal|p1a: Sinistcha|100/100|[from] drain|[of] p2b: Rotom\n|-status|p2b: Rotom|brn\n|move|p2a: Incineroar|Parting Shot|p1b: Garchomp\n|-unboost|p1b: Garchomp|atk|1\n|-unboost|p1b: Garchomp|spa|1\n|\n|t:|1776070496\n|switch|p2a: Corviknight|Corviknight, L50, F, shiny|45/100|[from] Parting Shot\n|\n|-damage|p2b: Rotom|36/100 brn|[from] brn\n|upkeep\n|turn|5\n|\n|t:|1776070505\n|switch|p2b: Incineroar|Incineroar, L50, F, shiny|72/100\n|-ability|p2b: Incineroar|Intimidate|boost\n|-unboost|p1a: Sinistcha|atk|1\n|-unboost|p1b: Garchomp|atk|1\n|move|p1b: Garchomp|Rock Slide|p2a: Corviknight|[spread] p2a,p2b\n|-supereffective|p2b: Incineroar|1\n|-damage|p2a: Corviknight|38/100\n|-damage|p2b: Incineroar|54/100\n|move|p1a: Sinistcha|Shadow Ball|p2a: Corviknight\n|-damage|p2a: Corviknight|7/100\n|move|p2a: Corviknight|Tailwind|p2a: Corviknight\n|-sidestart|p2: zac5224666|move: Tailwind\n|\n|upkeep\n|turn|6\n|inactive|Inciniroarrr has 30 seconds left.\n|inactive|zac5224666 has 30 seconds left.\n|\n|t:|1776070536\n|switch|p1a: Sneasler|Sneasler, L50, M|8/100\n|move|p1b: Garchomp|Protect|p1b: Garchomp\n|-singleturn|p1b: Garchomp|Protect\n|move|p2a: Corviknight|Roost|p2a: Corviknight\n|-heal|p2a: Corviknight|57/100\n|-singleturn|p2a: Corviknight|move: Roost\n|move|p2b: Incineroar|Parting Shot|p1b: Garchomp\n|-activate|p1b: Garchomp|move: Protect\n|\n|upkeep\n|turn|7\n|inactive|Inciniroarrr has 30 seconds left.\n|\n|t:|1776070563\n|switch|p1b: Sinistcha|Sinistcha, L50|100/100\n|-heal|p1a: Sneasler|33/100|[from] ability: Hospitality|[of] p1b: Sinistcha\n|switch|p2b: Garchomp|Garchomp, L50, F, shiny|100/100\n|move|p1a: Sneasler|Protect|p1a: Sneasler\n|-singleturn|p1a: Sneasler|Protect\n|move|p2a: Corviknight|Roost|p2a: Corviknight\n|-heal|p2a: Corviknight|100/100\n|-singleturn|p2a: Corviknight|move: Roost\n|\n|upkeep\n|turn|8\n|inactive|Inciniroarrr has 30 seconds left.\n|inactive|Inciniroarrr has 20 seconds left.\n|inactive|Inciniroarrr has 15 seconds left.\n|\n|t:|1776070604\n|switch|p1a: Garchomp|Garchomp, L50, M|51/100\n|move|p2b: Garchomp|Earthquake|p1a: Garchomp|[spread] p1a,p1b\n|-immune|p2a: Corviknight\n|-resisted|p1b: Sinistcha|1\n|-damage|p1a: Garchomp|10/100\n|-damage|p1b: Sinistcha|81/100\n|move|p2a: Corviknight|Iron Defense|p2a: Corviknight\n|-boost|p2a: Corviknight|def|2\n|move|p1b: Sinistcha|Matcha Gotcha|p2a: Corviknight|[spread] p2a,p2b\n|-resisted|p2a: Corviknight|2\n|-damage|p2a: Corviknight|96/100\n|-heal|p1b: Sinistcha|84/100|[from] drain|[of] p2a: Corviknight\n|-damage|p2b: Garchomp|71/100\n|-heal|p1b: Sinistcha|99/100|[from] drain|[of] p2b: Garchomp\n|\n|-sideend|p2: zac5224666|move: Tailwind\n|upkeep\n|turn|9\n|inactive|Inciniroarrr has 30 seconds left.\n|inactive|zac5224666 has 30 seconds left.\n|\n|t:|1776070632\n|move|p1a: Garchomp|Rock Slide|p2a: Corviknight|[spread] p2b\n|-miss|p1a: Garchomp|p2a: Corviknight\n|-resisted|p2b: Garchomp|1\n|-damage|p2b: Garchomp|60/100\n|move|p2b: Garchomp|Rock Slide|p1a: Garchomp|[spread] p1a,p1b\n|-resisted|p1a: Garchomp|1\n|-crit|p1b: Sinistcha\n|-damage|p1a: Garchomp|0 fnt\n|-damage|p1b: Sinistcha|74/100\n|faint|p1a: Garchomp\n|move|p1b: Sinistcha|Matcha Gotcha|p2a: Corviknight|[spread] p2a,p2b\n|-resisted|p2a: Corviknight|2\n|-crit|p2b: Garchomp\n|-damage|p2a: Corviknight|90/100\n|-heal|p1b: Sinistcha|77/100|[from] drain|[of] p2a: Corviknight\n|-damage|p2b: Garchomp|13/100\n|-heal|p1b: Sinistcha|100/100|[from] drain|[of] p2b: Garchomp\n|move|p2a: Corviknight|Tailwind|p2a: Corviknight\n|-sidestart|p2: zac5224666|move: Tailwind\n|\n|upkeep\n|\n|t:|1776070656\n|switch|p1a: Sneasler|Sneasler, L50, M|33/100\n|turn|10\n|inactive|Inciniroarrr has 30 seconds left.\n|inactive|zac5224666 has 30 seconds left.\n|\n|t:|1776070685\n|switch|p1b: Delphox|Delphox, L50, M|100/100\n|move|p2b: Garchomp|Protect|p2b: Garchomp\n|-singleturn|p2b: Garchomp|Protect\n|move|p1a: Sneasler|Fake Out|p2b: Garchomp\n|-activate|p2b: Garchomp|move: Protect\n|move|p2a: Corviknight|Iron Defense|p2a: Corviknight\n|-boost|p2a: Corviknight|def|2\n|\n|upkeep\n|turn|11\n|\n|t:|1776070701\n|detailschange|p1b: Delphox|Delphox-Mega, L50, M\n|-mega|p1b: Delphox|Delphox|Delphoxite\n|move|p1a: Sneasler|Protect|p1a: Sneasler\n|-singleturn|p1a: Sneasler|Protect\n|move|p2b: Garchomp|Earthquake|p1a: Sneasler|[spread] \n|-activate|p1a: Sneasler|move: Protect\n|-immune|p2a: Corviknight\n|-immune|p1b: Delphox|[from] ability: Levitate\n|move|p1b: Delphox|Heat Wave|p2a: Corviknight|[spread] p2a,p2b\n|-supereffective|p2a: Corviknight|1\n|-resisted|p2b: Garchomp|1\n|-damage|p2a: Corviknight|23/100\n|-damage|p2b: Garchomp|0 fnt\n|faint|p2b: Garchomp\n|move|p2a: Corviknight|Body Press|p1b: Delphox\n|-resisted|p1b: Delphox|1\n|-damage|p1b: Delphox|54/100\n|\n|upkeep\n|\n|t:|1776070726\n|switch|p2b: Incineroar|Incineroar, L50, F, shiny|54/100\n|-ability|p2b: Incineroar|Intimidate|boost\n|-unboost|p1a: Sneasler|atk|1\n|-unboost|p1b: Delphox|atk|1\n|turn|12\n|\n|t:|1776070733\n|move|p1b: Delphox|Protect|p1b: Delphox\n|-singleturn|p1b: Delphox|Protect\n|move|p2b: Incineroar|Fake Out|p1a: Sneasler\n|-damage|p1a: Sneasler|14/100\n|move|p2a: Corviknight|Body Press|p1a: Sneasler\n|-resisted|p1a: Sneasler|1\n|-damage|p1a: Sneasler|0 fnt\n|faint|p1a: Sneasler\n|\n|-sideend|p2: zac5224666|move: Tailwind\n|upkeep\n|\n|t:|1776070742\n|switch|p1a: Sinistcha|Sinistcha, L50|100/100\n|-heal|p1b: Delphox|79/100|[from] ability: Hospitality|[of] p1a: Sinistcha\n|turn|13\n|\n|t:|1776070754\n|move|p1a: Sinistcha|Rage Powder|p1a: Sinistcha\n|-singleturn|p1a: Sinistcha|move: Rage Powder\n|move|p1b: Delphox|Heat Wave|p2a: Corviknight|[spread] p2a\n|-miss|p1b: Delphox|p2b: Incineroar\n|-supereffective|p2a: Corviknight|1\n|-damage|p2a: Corviknight|0 fnt\n|faint|p2a: Corviknight\n|move|p2b: Incineroar|Flare Blitz|p1a: Sinistcha\n|-supereffective|p1a: Sinistcha|1\n|-damage|p1a: Sinistcha|3/100\n|-enditem|p1a: Sinistcha|Sitrus Berry|[eat]\n|-heal|p1a: Sinistcha|27/100|[from] item: Sitrus Berry\n|-damage|p2b: Incineroar|26/100|[from] Recoil\n|\n|upkeep\n|\n|t:|1776070765\n|switch|p2a: Rotom|Rotom-Wash, L50, shiny|36/100 brn\n|turn|14\n|\n|t:|1776070771\n|move|p1a: Sinistcha|Rage Powder|p1a: Sinistcha\n|-singleturn|p1a: Sinistcha|move: Rage Powder\n|move|p1b: Delphox|Heat Wave|p2b: Incineroar|[spread] p2b\n|-miss|p1b: Delphox|p2a: Rotom\n|-resisted|p2b: Incineroar|1\n|-damage|p2b: Incineroar|6/100\n|move|p2a: Rotom|Hydro Pump|p1a: Sinistcha\n|-resisted|p1a: Sinistcha|1\n|-damage|p1a: Sinistcha|2/100\n|move|p2b: Incineroar|Flare Blitz|p1a: Sinistcha\n|-supereffective|p1a: Sinistcha|1\n|-damage|p1a: Sinistcha|0 fnt\n|faint|p1a: Sinistcha\n|-damage|p2b: Incineroar|6/100|[from] Recoil\n|\n|-damage|p2a: Rotom|30/100 brn|[from] brn\n|upkeep\n|turn|15\n|c|\u2606Inciniroarrr|....\n|c|\u2606Inciniroarrr|can I ever win?\n|inactive|Inciniroarrr has 30 seconds left.\n|\n|t:|1776070806\n|move|p1b: Delphox|Protect|p1b: Delphox\n|-singleturn|p1b: Delphox|Protect\n|move|p2a: Rotom|Hydro Pump|p1b: Delphox\n|-activate|p1b: Delphox|move: Protect\n|move|p2b: Incineroar|Throat Chop|p1b: Delphox\n|-activate|p1b: Delphox|move: Protect\n|\n|-damage|p2a: Rotom|25/100 brn|[from] brn\n|upkeep\n|turn|16\n|c|\u2606Inciniroarrr|come on rotom\n|c|\u2606Inciniroarrr|you are rotom\n|inactive|Inciniroarrr has 30 seconds left.\n|c|\u2606Inciniroarrr|think about what you did to cybertrronvgc\n|c|\u2606Inciniroarrr|do it again\n|\n|t:|1776070837\n|move|p1b: Delphox|Heat Wave|p2a: Rotom|[spread] p2a,p2b\n|-resisted|p2a: Rotom|1\n|-resisted|p2b: Incineroar|1\n|-damage|p2a: Rotom|3/100 brn\n|-damage|p2b: Incineroar|0 fnt\n|faint|p2b: Incineroar\n|move|p2a: Rotom|Hydro Pump|p1b: Delphox\n|-supereffective|p1b: Delphox|1\n|-damage|p1b: Delphox|0 fnt\n|faint|p1b: Delphox\n|\n|win|zac5224666\n|raw|Inciniroarrr's rating: 1375 &rarr; <strong>1352</strong><br />(-23 for losing)\n|raw|zac5224666's rating: 1330 &rarr; <strong>1353</strong><br />(+23 for winning)\n|l|\u2606zac5224666\n|player|p2|\n",
  "uploadtime": 1776070874,
  "views": 35,
  "formatid": "gen9championsvgc2026regma",
  "rating": 1352,
  "private": 0,
  "password": null
}