{
  "id": "gen9championsvgc2026regma-2581339494",
  "format": "[Gen 9 Champions] VGC 2026 Reg M-A",
  "players": [
    "JackTG",
    "9wtt"
  ],
  "log": "|j|\u2606JackTG\n|j|\u26069wtt\n|t:|1775988812\n|gametype|doubles\n|player|p1|JackTG|palmer|\n|player|p2|9wtt|karen-gen2|\n|gen|9\n|tier|[Gen 9 Champions] VGC 2026 Reg M-A\n|rated|Tournament battle\n|rule|Species Clause: Limit one of each Pok\u00e9mon\n|rule|Item Clause: Limit 1 of each item\n|clearpoke\n|poke|p1|Tyranitar, L50, M|\n|poke|p1|Garchomp, L50, M|\n|poke|p1|Slowbro, L50, M|\n|poke|p1|Venusaur, L50, M|\n|poke|p1|Incineroar, L50, M|\n|poke|p1|Corviknight, L50, F|\n|poke|p2|Gengar, L50, F|\n|poke|p2|Garchomp, L50, F|\n|poke|p2|Politoed, L50, F|\n|poke|p2|Sneasler, L50, F|\n|poke|p2|Basculegion, L50, M|\n|poke|p2|Talonflame, L50, F|\n|teampreview|4\n|j| Blaster50\nJackTG has agreed to open team sheets.\n|c|\u2606JackTG|glhf\n|c|\u26069wtt|glhf\n|j| GoogleDad\n|\n|t:|1775988853\n|teamsize|p1|4\n|teamsize|p2|4\n|start\n|switch|p1a: Glenn|Venusaur, L50, M|100/100\n|switch|p1b: Dumb Looking|Incineroar, L50, M|100/100\n|switch|p2a: Garchomp|Garchomp, L50, F, shiny|100/100\n|switch|p2b: Talonflame|Talonflame, L50, F, shiny|100/100\n|-ability|p1b: Dumb Looking|Intimidate|boost\n|-unboost|p2a: Garchomp|atk|1\n|-unboost|p2b: Talonflame|atk|1\n|turn|1\n|j| VC824\n|l| VC824\n|\n|t:|1775988911\n|switch|p1a: Fastbro|Slowbro, L50, M|100/100\n|move|p2a: Garchomp|Protect|p2a: Garchomp\n|-singleturn|p2a: Garchomp|Protect\n|move|p2b: Talonflame|Protect|p2b: Talonflame\n|-singleturn|p2b: Talonflame|Protect\n|move|p1b: Dumb Looking|Fake Out|p2b: Talonflame\n|-activate|p2b: Talonflame|move: Protect\n|\n|upkeep\n|turn|2\n|\n|t:|1775988926\n|switch|p1b: Glenn|Venusaur, L50, M|100/100\n|detailschange|p2a: Garchomp|Garchomp-Mega, L50, F, shiny\n|-mega|p2a: Garchomp|Garchomp|Garchompite\n|move|p2b: Talonflame|Taunt|p1a: Fastbro\n|-start|p1a: Fastbro|move: Taunt\n|move|p2a: Garchomp|Earthquake|p1a: Fastbro|[spread] p1a,p1b\n|-immune|p2b: Talonflame\n|-damage|p1a: Fastbro|72/100\n|-damage|p1b: Glenn|51/100\n|cant|p1a: Fastbro|move: Taunt|Trick Room\n|\n|upkeep\n|turn|3\n|c|\u2606JackTG|NICE\n|\n|t:|1775988966\n|detailschange|p1b: Glenn|Venusaur-Mega, L50, M\n|-mega|p1b: Glenn|Venusaur|Venusaurite\n|move|p2b: Talonflame|Heat Wave|p1b: Glenn|[spread] p1a,p1b\n|-resisted|p1a: Fastbro|1\n|-supereffective|p1b: Glenn|1\n|-damage|p1a: Fastbro|63/100\n|-damage|p1b: Glenn|32/100\n|move|p1b: Glenn|Sleep Powder|p2a: Garchomp\n|-status|p2a: Garchomp|slp|[from] move: Sleep Powder\n|cant|p2a: Garchomp|slp\n|move|p1a: Fastbro|Scald|p2b: Talonflame\n|-supereffective|p2b: Talonflame|1\n|-enditem|p2b: Talonflame|Passho Berry|[eat]\n|-enditem|p2b: Talonflame|Passho Berry|[weaken]\n|-damage|p2b: Talonflame|63/100\n|\n|upkeep\n|turn|4\n|\n|t:|1775988990\n|move|p2b: Talonflame|Taunt|p1b: Glenn\n|-start|p1b: Glenn|move: Taunt\n|move|p1b: Glenn|Leaf Storm|p2a: Garchomp\n|-damage|p2a: Garchomp|28/100 slp\n|-unboost|p1b: Glenn|spa|2\n|cant|p2a: Garchomp|slp\n|move|p1a: Fastbro|Scald|p2b: Talonflame\n|-supereffective|p2b: Talonflame|1\n|-damage|p2b: Talonflame|0 fnt\n|faint|p2b: Talonflame\n|\n|-end|p1a: Fastbro|move: Taunt\n|upkeep\n|\n|t:|1775989002\n|switch|p2b: Basculegion|Basculegion, L50, M, shiny|100/100\n|turn|5\n|\n|t:|1775989009\n|switch|p1a: Dumb Looking|Incineroar, L50, M|100/100\n|-ability|p1a: Dumb Looking|Intimidate|boost\n|-unboost|p2a: Garchomp|atk|1\n|-unboost|p2b: Basculegion|atk|1\n|move|p1b: Glenn|Leaf Storm|p2a: Garchomp\n|-damage|p2a: Garchomp|0 fnt\n|-unboost|p1b: Glenn|spa|2\n|faint|p2a: Garchomp\n|move|p2b: Basculegion|Last Respects|p1a: Dumb Looking\n|-resisted|p1a: Dumb Looking|1\n|-damage|p1a: Dumb Looking|78/100\n|\n|upkeep\n|\n|t:|1775989011\n|switch|p2a: Politoed|Politoed, L50, F, shiny|100/100\n|-weather|RainDance|[from] ability: Drizzle|[of] p2a: Politoed\n|turn|6\n|l| GoogleDad\n|\n|t:|1775989036\n|switch|p1b: Fastbro|Slowbro, L50, M|96/100\n|move|p2b: Basculegion|Last Respects|p1b: Fastbro\n|-supereffective|p1b: Fastbro|1\n|-damage|p1b: Fastbro|18/100\n|move|p2a: Politoed|Weather Ball|p1a: Dumb Looking\n|-supereffective|p1a: Dumb Looking|1\n|-damage|p1a: Dumb Looking|0 fnt\n|faint|p1a: Dumb Looking\n|\n|-weather|RainDance|[upkeep]\n|upkeep\n|c|\u2606JackTG|oh NOOO\n|\n|t:|1775989049\n|switch|p1a: Glenn|Venusaur-Mega, L50, M|32/100\n|turn|7\n|\n|t:|1775989081\n|move|p1b: Fastbro|Protect|p1b: Fastbro\n|-singleturn|p1b: Fastbro|Protect\n|move|p2b: Basculegion|Last Respects|p1a: Glenn\n|-damage|p1a: Glenn|0 fnt\n|faint|p1a: Glenn\n|move|p2a: Politoed|Weather Ball|p1b: Fastbro\n|-activate|p1b: Fastbro|move: Protect\n|\n|-weather|RainDance|[upkeep]\n|upkeep\n|\n|t:|1775989089\n|switch|p1a: Quick Silver|Corviknight, L50, F, shiny|100/100\n|turn|8\n|c|\u2606JackTG|gg i think you got me\n|\n|t:|1775989120\n|move|p2b: Basculegion|Last Respects|p1b: Fastbro\n|-supereffective|p1b: Fastbro|1\n|-damage|p1b: Fastbro|0 fnt\n|faint|p1b: Fastbro\n|move|p1a: Quick Silver|Brave Bird|p2b: Basculegion\n|-damage|p2b: Basculegion|51/100\n|-damage|p1a: Quick Silver|85/100|[from] Recoil\n|move|p2a: Politoed|Perish Song|p2a: Politoed\n|-start|p1a: Quick Silver|perish3|[silent]\n|-start|p2a: Politoed|perish3|[silent]\n|-start|p2b: Basculegion|perish3|[silent]\n|-fieldactivate|move: Perish Song\n|\n|-weather|RainDance|[upkeep]\n|-heal|p1a: Quick Silver|91/100|[from] item: Leftovers\n|-start|p2b: Basculegion|perish3\n|-start|p1a: Quick Silver|perish3\n|-start|p2a: Politoed|perish3\n|upkeep\n|turn|9\n|\n|t:|1775989138\n|move|p2b: Basculegion|Substitute|p2b: Basculegion\n|-start|p2b: Basculegion|Substitute\n|-damage|p2b: Basculegion|26/100\n|move|p1a: Quick Silver|Brave Bird|p2b: Basculegion\n|-end|p2b: Basculegion|Substitute\n|-damage|p1a: Quick Silver|83/100|[from] Recoil|[of] p2b: Basculegion\n|move|p2a: Politoed|Substitute|p2a: Politoed\n|-start|p2a: Politoed|Substitute\n|-damage|p2a: Politoed|76/100\n|\n|-weather|RainDance|[upkeep]\n|-heal|p1a: Quick Silver|89/100|[from] item: Leftovers\n|-heal|p2a: Politoed|82/100|[from] item: Leftovers\n|-start|p2b: Basculegion|perish2\n|-start|p1a: Quick Silver|perish2\n|-start|p2a: Politoed|perish2\n|upkeep\n|turn|10\n|l| Blaster50\n|-message|JackTG forfeited.\n|\n|win|9wtt\n|n|\u2606JackTG|jacktg\n|n|\u26069wtt|9wtt\n|l|\u2606JackTG\n|player|p1|\n",
  "uploadtime": 1775989149,
  "views": 14,
  "formatid": "gen9championsvgc2026regma",
  "rating": null,
  "private": 0,
  "password": null
}