{
  "id": "gen9championsvgc2026regma-2586602949",
  "format": "[Gen 9 Champions] VGC 2026 Reg M-A",
  "players": [
    "Bl21",
    "vnunesp12"
  ],
  "log": "|j|\u2606Bl21\n|j|\u2606vnunesp12\n|t:|1776446112\n|gametype|doubles\n|player|p1|Bl21|marley|1114\n|player|p2|vnunesp12|red|1135\n|gen|9\n|tier|[Gen 9 Champions] VGC 2026 Reg M-A\n|rated|\n|rule|Species Clause: Limit one of each Pok\u00e9mon\n|rule|Item Clause: Limit 1 of each item\n|clearpoke\n|poke|p1|Incineroar, L50, F|\n|poke|p1|Corviknight, L50, F|\n|poke|p1|Tyranitar, L50, M|\n|poke|p1|Rotom-Wash, L50|\n|poke|p1|Sneasler, L50, M|\n|poke|p1|Excadrill, L50, F|\n|poke|p2|Froslass, L50, F|\n|poke|p2|Sneasler, L50, F|\n|poke|p2|Kingambit, L50, M|\n|poke|p2|Garchomp, L50, F|\n|poke|p2|Talonflame, L50, M|\n|poke|p2|Primarina, L50, M|\n|teampreview|4\n|inactive|Battle timer is ON: inactive players will automatically lose when time's up. (requested by vnunesp12)\n|inactive|Bl21 has 60 seconds left.\n|\n|t:|1776446152\n|teamsize|p1|4\n|teamsize|p2|4\n|start\n|switch|p1a: Tyranitar|Tyranitar, L50, M|100/100\n|switch|p1b: Excadrill|Excadrill, L50, F|100/100\n|switch|p2a: Caio Alexandre|Talonflame, L50, M|100/100\n|switch|p2b: Sanabria|Primarina, L50, M|100/100\n|-weather|Sandstorm|[from] ability: Sand Stream|[of] p1a: Tyranitar\n|turn|1\n|\n|t:|1776446174\n|switch|p1a: Corviknight|Corviknight, L50, F|100/100\n|move|p2b: Sanabria|Protect|p2b: Sanabria\n|-singleturn|p2b: Sanabria|Protect\n|move|p2a: Caio Alexandre|Tailwind|p2a: Caio Alexandre\n|-sidestart|p2: vnunesp12|move: Tailwind\n|move|p1b: Excadrill|Iron Head|p2b: Sanabria\n|-activate|p2b: Sanabria|move: Protect\n|\n|-weather|Sandstorm|[upkeep]\n|-damage|p2a: Caio Alexandre|95/100|[from] Sandstorm\n|-damage|p2b: Sanabria|95/100|[from] Sandstorm\n|-heal|p2b: Sanabria|100/100|[from] item: Leftovers\n|upkeep\n|turn|2\n|inactive|Bl21 has 30 seconds left.\n|\n|t:|1776446208\n|move|p2a: Caio Alexandre|Flare Blitz|p1a: Corviknight\n|-supereffective|p1a: Corviknight|1\n|-damage|p1a: Corviknight|36/100\n|-damage|p2a: Caio Alexandre|71/100|[from] Recoil\n|move|p1b: Excadrill|Iron Head|p2b: Sanabria\n|-damage|p2b: Sanabria|64/100\n|move|p2b: Sanabria|Hyper Voice|p1a: Corviknight|[spread] p1a,p1b\n|-supereffective|p1b: Excadrill|1\n|-damage|p1a: Corviknight|5/100\n|-damage|p1b: Excadrill|22/100\n|move|p1a: Corviknight|Brave Bird|p2b: Sanabria\n|-damage|p2b: Sanabria|25/100\n|-damage|p1a: Corviknight|0 fnt|[from] Recoil\n|faint|p1a: Corviknight\n|\n|-weather|Sandstorm|[upkeep]\n|-damage|p2a: Caio Alexandre|65/100|[from] Sandstorm\n|-damage|p2b: Sanabria|19/100|[from] Sandstorm\n|-heal|p2b: Sanabria|25/100|[from] item: Leftovers\n|upkeep\n|\n|t:|1776446223\n|switch|p1a: Rotom|Rotom-Wash, L50|100/100\n|turn|3\n|\n|t:|1776446244\n|move|p1b: Excadrill|Protect|p1b: Excadrill\n|-singleturn|p1b: Excadrill|Protect\n|move|p2b: Sanabria|Protect|p2b: Sanabria\n|-singleturn|p2b: Sanabria|Protect\n|move|p2a: Caio Alexandre|Flare Blitz|p1b: Excadrill\n|-activate|p1b: Excadrill|move: Protect\n|move|p1a: Rotom|Thunderbolt|p2a: Caio Alexandre\n|-supereffective|p2a: Caio Alexandre|1\n|-damage|p2a: Caio Alexandre|0 fnt\n|faint|p2a: Caio Alexandre\n|\n|-weather|Sandstorm|[upkeep]\n|-damage|p2b: Sanabria|19/100|[from] Sandstorm\n|-damage|p1a: Rotom|95/100|[from] Sandstorm\n|-heal|p2b: Sanabria|25/100|[from] item: Leftovers\n|upkeep\n|\n|t:|1776446266\n|switch|p2a: Pulga|Sneasler, L50, F|100/100\n|turn|4\n|\n|t:|1776446288\n|switch|p1b: Tyranitar|Tyranitar, L50, M|100/100\n|move|p1a: Rotom|Protect|p1a: Rotom\n|-singleturn|p1a: Rotom|Protect\n|move|p2a: Pulga|Close Combat|p1b: Tyranitar\n|-supereffective|p1b: Tyranitar|2\n|-crit|p1b: Tyranitar\n|-damage|p1b: Tyranitar|0 fnt\n|-unboost|p2a: Pulga|def|1\n|-unboost|p2a: Pulga|spd|1\n|faint|p1b: Tyranitar\n|-enditem|p2a: Pulga|White Herb\n|-clearnegativeboost|p2a: Pulga|[silent]\n|move|p2b: Sanabria|Calm Mind|p2b: Sanabria\n|-boost|p2b: Sanabria|spa|1\n|-boost|p2b: Sanabria|spd|1\n|\n|-weather|Sandstorm|[upkeep]\n|-damage|p2a: Pulga|95/100|[from] Sandstorm\n|-damage|p2b: Sanabria|19/100|[from] Sandstorm\n|-damage|p1a: Rotom|89/100|[from] Sandstorm\n|-heal|p2b: Sanabria|25/100|[from] item: Leftovers\n|-sideend|p2: vnunesp12|move: Tailwind\n|upkeep\n|\n|t:|1776446297\n|switch|p1b: Excadrill|Excadrill, L50, F|22/100\n|turn|5\n|inactive|vnunesp12 has 30 seconds left.\n|\n|t:|1776446327\n|move|p2b: Sanabria|Protect|p2b: Sanabria\n|-singleturn|p2b: Sanabria|Protect\n|move|p2a: Pulga|Close Combat|p1a: Rotom\n|-damage|p1a: Rotom|27/100\n|-unboost|p2a: Pulga|def|1\n|-unboost|p2a: Pulga|spd|1\n|-enditem|p1a: Rotom|Sitrus Berry|[eat]\n|-heal|p1a: Rotom|52/100|[from] item: Sitrus Berry\n|move|p1b: Excadrill|Earthquake|p2a: Pulga|[spread] p2a\n|-activate|p2b: Sanabria|move: Protect\n|-immune|p1a: Rotom|[from] ability: Levitate\n|-supereffective|p2a: Pulga|1\n|-damage|p2a: Pulga|0 fnt\n|faint|p2a: Pulga\n|move|p1a: Rotom|Hydro Pump|p2b: Sanabria\n|-activate|p2b: Sanabria|move: Protect\n|\n|-weather|none\n|-heal|p2b: Sanabria|31/100|[from] item: Leftovers\n|upkeep\n|\n|t:|1776446348\n|switch|p2a: Everaldo|Froslass, L50, F|100/100\n|turn|6\n|\n|t:|1776446372\n|detailschange|p2a: Everaldo|Froslass-Mega, L50, F\n|-mega|p2a: Everaldo|Froslass|Froslassite\n|-weather|Snowscape|[from] ability: Snow Warning|[of] p2a: Everaldo\n|move|p2a: Everaldo|Blizzard|p1a: Rotom|[spread] p1a,p1b\n|-resisted|p1a: Rotom|1\n|-damage|p1a: Rotom|27/100\n|-damage|p1b: Excadrill|0 fnt\n|faint|p1b: Excadrill\n|move|p1a: Rotom|Thunderbolt|p2b: Sanabria\n|-supereffective|p2b: Sanabria|1\n|-damage|p2b: Sanabria|0 fnt\n|faint|p2b: Sanabria\n|\n|-weather|Snowscape|[upkeep]\n|upkeep\n|turn|7\n|\n|t:|1776446389\n|move|p2a: Everaldo|Shadow Ball|p1a: Rotom\n|-damage|p1a: Rotom|0 fnt\n|faint|p1a: Rotom\n|\n|win|vnunesp12\n|raw|Bl21's rating: 1114 &rarr; <strong>1091</strong><br />(-23 for losing)\n|raw|vnunesp12's rating: 1135 &rarr; <strong>1158</strong><br />(+23 for winning)\n|l|\u2606Bl21\n|player|p1|\n|l|\u2606vnunesp12\n|player|p2|\n|j|\u2606vnunesp12\n|player|p2|vnunesp12|red|\n",
  "uploadtime": 1776446420,
  "views": 31,
  "formatid": "gen9championsvgc2026regma",
  "rating": 1091,
  "private": 0,
  "password": null
}