{
  "id": "gen9championsvgc2026regma-2585965550",
  "format": "[Gen 9 Champions] VGC 2026 Reg M-A",
  "players": [
    "maku8319",
    "alfre22"
  ],
  "log": "|j|\u2606maku8319\n|j|\u2606alfre22\n|t:|1776385774\n|gametype|doubles\n|player|p1|maku8319|red|1338\n|player|p2|alfre22|102|1317\n|gen|9\n|tier|[Gen 9 Champions] VGC 2026 Reg M-A\n|rated|\n|rule|Species Clause: Limit one of each Pok\u00e9mon\n|rule|Item Clause: Limit 1 of each item\n|clearpoke\n|poke|p1|Corviknight, L50, F|\n|poke|p1|Delphox, L50, F|\n|poke|p1|Garchomp, L50, F|\n|poke|p1|Sneasler, L50, M|\n|poke|p1|Primarina, L50, F|\n|poke|p1|Kingambit, L50, F|\n|poke|p2|Charizard, L50, M|\n|poke|p2|Kingambit, L50, M|\n|poke|p2|Incineroar, L50, M|\n|poke|p2|Whimsicott, L50, F|\n|poke|p2|Rotom-Wash, L50|\n|poke|p2|Garchomp, L50, F|\n|teampreview|4\n|inactive|Battle timer is ON: inactive players will automatically lose when time's up. (requested by alfre22)\n|inactive|maku8319 has 60 seconds left.\n|inactive|alfre22 has 60 seconds left.\n|\n|t:|1776385822\n|teamsize|p1|4\n|teamsize|p2|4\n|start\n|switch|p1a: Delphox|Delphox, L50, F|100/100\n|switch|p1b: Garchomp|Garchomp, L50, F|100/100\n|switch|p2a: Rotom|Rotom-Wash, L50, shiny|100/100\n|switch|p2b: Whimsicott|Whimsicott, L50, F, shiny|100/100\n|turn|1\n|inactive|maku8319 has 30 seconds left.\n|\n|t:|1776385856\n|detailschange|p1a: Delphox|Delphox-Mega, L50, F\n|-mega|p1a: Delphox|Delphox|Delphoxite\n|move|p2b: Whimsicott|Protect|p2b: Whimsicott\n|-singleturn|p2b: Whimsicott|Protect\n|move|p1a: Delphox|Heat Wave|p2b: Whimsicott|[spread] \n|-activate|p2b: Whimsicott|move: Protect\n|-miss|p1a: Delphox|p2a: Rotom\n|move|p1b: Garchomp|Rock Slide|p2b: Whimsicott|[spread] \n|-activate|p2b: Whimsicott|move: Protect\n|-miss|p1b: Garchomp|p2a: Rotom\n|move|p2a: Rotom|Thunderbolt|p1a: Delphox\n|-damage|p1a: Delphox|66/100\n|\n|upkeep\n|turn|2\n|\n|t:|1776385881\n|move|p2b: Whimsicott|Tailwind|p2b: Whimsicott\n|-sidestart|p2: alfre22|move: Tailwind\n|move|p2a: Rotom|Will-O-Wisp|p1b: Garchomp\n|-status|p1b: Garchomp|brn\n|move|p1a: Delphox|Heat Wave|p2a: Rotom|[spread] p2a,p2b\n|-resisted|p2a: Rotom|1\n|-supereffective|p2b: Whimsicott|1\n|-damage|p2a: Rotom|82/100\n|-enditem|p2b: Whimsicott|Focus Sash\n|-damage|p2b: Whimsicott|1/100\n|move|p1b: Garchomp|Rock Slide|p2a: Rotom|[spread] p2a\n|-miss|p1b: Garchomp|p2b: Whimsicott\n|-damage|p2a: Rotom|71/100\n|\n|-heal|p2a: Rotom|76/100|[from] item: Leftovers\n|-damage|p1b: Garchomp|95/100 brn|[from] brn\n|upkeep\n|turn|3\n|\n|t:|1776385903\n|move|p2b: Whimsicott|Protect|p2b: Whimsicott\n|-singleturn|p2b: Whimsicott|Protect\n|move|p2a: Rotom|Hydro Pump|p1a: Delphox\n|-supereffective|p1a: Delphox|1\n|-damage|p1a: Delphox|0 fnt\n|faint|p1a: Delphox\n|move|p1b: Garchomp|Rock Slide|p2a: Rotom|[spread] \n|-activate|p2b: Whimsicott|move: Protect\n|-miss|p1b: Garchomp|p2a: Rotom\n|\n|-heal|p2a: Rotom|82/100|[from] item: Leftovers\n|-damage|p1b: Garchomp|89/100 brn|[from] brn\n|upkeep\n|\n|t:|1776385910\n|switch|p1a: Sneasler|Sneasler, L50, M|100/100\n|turn|4\n|\n|t:|1776385922\n|switch|p2b: Garchomp|Garchomp, L50, F, shiny|100/100\n|move|p1a: Sneasler|Fake Out|p2a: Rotom\n|-damage|p2a: Rotom|66/100\n|cant|p2a: Rotom|flinch\n|move|p1b: Garchomp|Rock Slide|p2b: Garchomp|[spread] p2a\n|-miss|p1b: Garchomp|p2b: Garchomp\n|-damage|p2a: Rotom|56/100\n|\n|-heal|p2a: Rotom|62/100|[from] item: Leftovers\n|-damage|p1b: Garchomp|83/100 brn|[from] brn\n|upkeep\n|turn|5\n|\n|t:|1776385939\n|move|p1a: Sneasler|Protect|p1a: Sneasler\n|-singleturn|p1a: Sneasler|Protect\n|move|p2b: Garchomp|Dragon Claw|p1b: Garchomp\n|-supereffective|p1b: Garchomp|1\n|-crit|p1b: Garchomp\n|-damage|p1b: Garchomp|0 fnt\n|-damage|p2b: Garchomp|88/100|[from] ability: Rough Skin|[of] p1b: Garchomp\n|faint|p1b: Garchomp\n|move|p2a: Rotom|Will-O-Wisp|p1a: Sneasler\n|-activate|p1a: Sneasler|move: Protect\n|\n|-heal|p2a: Rotom|67/100|[from] item: Leftovers\n|-sideend|p2: alfre22|move: Tailwind\n|upkeep\n|\n|t:|1776385944\n|switch|p1b: Corviknight|Corviknight, L50, F, shiny|100/100\n|turn|6\n|\n|t:|1776385955\n|move|p2a: Rotom|Protect|p2a: Rotom\n|-singleturn|p2a: Rotom|Protect\n|move|p2b: Garchomp|Dragon Claw|p1a: Sneasler\n|-damage|p1a: Sneasler|23/100\n|move|p1a: Sneasler|Close Combat|p2a: Rotom\n|-activate|p2a: Rotom|move: Protect\n|move|p1b: Corviknight|Iron Defense|p1b: Corviknight\n|-boost|p1b: Corviknight|def|2\n|\n|-heal|p2a: Rotom|73/100|[from] item: Leftovers\n|upkeep\n|turn|7\n|\n|t:|1776385972\n|move|p2b: Garchomp|Dragon Claw|p1a: Sneasler\n|-damage|p1a: Sneasler|0 fnt\n|faint|p1a: Sneasler\n|move|p2a: Rotom|Thunderbolt|p1b: Corviknight\n|-supereffective|p1b: Corviknight|1\n|-damage|p1b: Corviknight|7/100\n|move|p1b: Corviknight|Iron Defense|p1b: Corviknight\n|-boost|p1b: Corviknight|def|2\n|\n|-heal|p2a: Rotom|79/100|[from] item: Leftovers\n|-heal|p1b: Corviknight|13/100|[from] item: Leftovers\n|upkeep\n|turn|8\n|-message|maku8319 forfeited.\n|\n|win|alfre22\n|raw|maku8319's rating: 1338 &rarr; <strong>1317</strong><br />(-21 for losing)\n|raw|alfre22's rating: 1317 &rarr; <strong>1338</strong><br />(+21 for winning)\n",
  "uploadtime": 1776385989,
  "views": 49,
  "formatid": "gen9championsvgc2026regma",
  "rating": 1317,
  "private": 0,
  "password": null
}