{
  "id": "gen9championsvgc2026regma-2587309852",
  "format": "[Gen 9 Champions] VGC 2026 Reg M-A",
  "players": [
    "zhi1",
    "harry616"
  ],
  "log": "|j|\u2606zhi1\n|j|\u2606harry616\n|t:|1776520714\n|gametype|doubles\n|player|p1|zhi1|170|1065\n|player|p2|harry616|102|1000\n|gen|9\n|tier|[Gen 9 Champions] VGC 2026 Reg M-A\n|rated|\n|rule|Species Clause: Limit one of each Pok\u00e9mon\n|rule|Item Clause: Limit 1 of each item\n|clearpoke\n|poke|p1|Froslass, L50, F|\n|poke|p1|Crabominable, L50, M|\n|poke|p1|Sinistcha, L50|\n|poke|p1|Slowking-Galar, L50, F|\n|poke|p1|Talonflame, L50, F|\n|poke|p1|Tauros-Paldea-Aqua, L50, M|\n|poke|p2|Basculegion, L50, M|\n|poke|p2|Castform, L50, M|\n|poke|p2|Archaludon, L50, F|\n|poke|p2|Krookodile, L50, M|\n|poke|p2|Armarouge, L50, M|\n|poke|p2|Aerodactyl, L50, M|\n|teampreview|4\nharry616 has agreed to open team sheets.\n|inactive|Battle timer is ON: inactive players will automatically lose when time's up. (requested by harry616)\n|\n|t:|1776520767\n|teamsize|p1|4\n|teamsize|p2|4\n|start\n|switch|p1a: Froslass|Froslass, L50, F|100/100\n|switch|p1b: Talonflame|Talonflame, L50, F|100/100\n|switch|p2a: Krookodile|Krookodile, L50, M|100/100\n|switch|p2b: Castform|Castform, L50, M|100/100\n|-ability|p2a: Krookodile|Intimidate|boost\n|-unboost|p1a: Froslass|atk|1\n|-unboost|p1b: Talonflame|atk|1\n|turn|1\n|\n|t:|1776520791\n|detailschange|p1a: Froslass|Froslass-Mega, L50, F\n|-mega|p1a: Froslass|Froslass|Froslassite\n|-weather|Snowscape|[from] ability: Snow Warning|[of] p1a: Froslass\n|-formechange|p2b: Castform|Castform-Snowy|[msg]|[from] ability: Forecast\n|move|p1b: Talonflame|Tailwind|p1b: Talonflame\n|-sidestart|p1: zhi1|move: Tailwind\n|move|p1a: Froslass|Blizzard|p2b: Castform|[spread] p2a,p2b\n|-supereffective|p2a: Krookodile|1\n|-resisted|p2b: Castform|1\n|-damage|p2a: Krookodile|0 fnt\n|-damage|p2b: Castform|65/100\n|faint|p2a: Krookodile\n|move|p2b: Castform|Sunny Day|p2b: Castform\n|-weather|SunnyDay\n|-formechange|p2b: Castform|Castform-Sunny|[msg]|[from] ability: Forecast\n|\n|-weather|SunnyDay|[upkeep]\n|upkeep\n|\n|t:|1776520808\n|switch|p2a: Armarouge|Armarouge, L50, M|100/100\n|turn|2\n|\n|t:|1776520830\n|switch|p1a: Tauros|Tauros-Paldea-Aqua, L50, M|100/100\n|move|p1b: Talonflame|U-turn|p2b: Castform\n|-resisted|p2b: Castform|1\n|-damage|p2b: Castform|55/100\n|\n|t:|1776520839\n|switch|p1b: Sinistcha|Sinistcha, L50|100/100|[from] U-turn\n|move|p2b: Castform|Weather Ball|p1a: Tauros\n|-resisted|p1a: Tauros|1\n|-damage|p1a: Tauros|62/100\n|move|p2a: Armarouge|Trick Room|p2a: Armarouge\n|-fieldstart|move: Trick Room|[of] p2a: Armarouge\n|\n|-weather|SunnyDay|[upkeep]\n|upkeep\n|turn|3\n|\n|t:|1776520859\n|move|p1b: Sinistcha|Protect|p1b: Sinistcha\n|-singleturn|p1b: Sinistcha|Protect\n|move|p1a: Tauros|Protect|p1a: Tauros\n|-singleturn|p1a: Tauros|Protect\n|move|p2a: Armarouge|Expanding Force|p1a: Tauros\n|-activate|p1a: Tauros|move: Protect\n|move|p2b: Castform|Weather Ball|p1b: Sinistcha\n|-activate|p1b: Sinistcha|move: Protect\n|\n|-weather|SunnyDay|[upkeep]\n|upkeep\n|turn|4\n|\n|t:|1776520881\n|switch|p1a: Froslass|Froslass-Mega, L50, F|100/100\n|-weather|Snowscape|[from] ability: Snow Warning|[of] p1a: Froslass\n|-formechange|p2b: Castform|Castform-Snowy|[msg]|[from] ability: Forecast\n|move|p2a: Armarouge|Expanding Force|p1a: Froslass\n|-damage|p1a: Froslass|63/100\n|move|p2b: Castform|Weather Ball|p1b: Sinistcha\n|-supereffective|p1b: Sinistcha|1\n|-damage|p1b: Sinistcha|16/100\n|move|p1b: Sinistcha|Matcha Gotcha|p2b: Castform|[spread] p2a,p2b\n|-resisted|p2a: Armarouge|1\n|-damage|p2a: Armarouge|90/100\n|-heal|p1b: Sinistcha|22/100|[from] drain|[of] p2a: Armarouge\n|-damage|p2b: Castform|11/100\n|-heal|p1b: Sinistcha|40/100|[from] drain|[of] p2b: Castform\n|\n|-weather|Snowscape|[upkeep]\n|-heal|p2a: Armarouge|96/100|[from] item: Leftovers\n|-sideend|p1: zhi1|move: Tailwind\n|upkeep\n|turn|5\n|inactive|zhi1 has 30 seconds left.\n|inactive|harry616 has 30 seconds left.\n|inactive|zhi1 has 20 seconds left.\n|inactive|harry616 has 20 seconds left.\n|inactive|zhi1 has 15 seconds left.\n|\n|t:|1776520924\n|move|p1a: Froslass|Protect|p1a: Froslass\n|-singleturn|p1a: Froslass|Protect\n|move|p1b: Sinistcha|Matcha Gotcha|p2a: Armarouge|[spread] p2a,p2b\n|-resisted|p2a: Armarouge|1\n|-damage|p2a: Armarouge|85/100\n|-heal|p1b: Sinistcha|45/100|[from] drain|[of] p2a: Armarouge\n|-damage|p2b: Castform|0 fnt\n|-heal|p1b: Sinistcha|50/100|[from] drain|[of] p2b: Castform\n|faint|p2b: Castform\n|move|p2a: Armarouge|Fire Blast|p1a: Froslass\n|-activate|p1a: Froslass|move: Protect\n|\n|-weather|Snowscape|[upkeep]\n|-heal|p2a: Armarouge|91/100|[from] item: Leftovers\n|upkeep\n|\n|t:|1776520938\n|switch|p2b: Aerodactyl|Aerodactyl, L50, M|100/100\n|-ability|p2b: Aerodactyl|Unnerve\n|turn|6\n|\n|t:|1776520954\n|switch|p1b: Talonflame|Talonflame, L50, F|100/100\n|switch|p1a: Tauros|Tauros-Paldea-Aqua, L50, M|62/100\n|detailschange|p2b: Aerodactyl|Aerodactyl-Mega, L50, M\n|-mega|p2b: Aerodactyl|Aerodactyl|Aerodactylite\n|move|p2a: Armarouge|Fire Blast|p1a: Tauros\n|-resisted|p1a: Tauros|1\n|-damage|p1a: Tauros|29/100\n|-status|p1a: Tauros|brn\n|move|p2b: Aerodactyl|Dual Wingbeat|p1b: Talonflame\n|-damage|p1b: Talonflame|59/100\n|-damage|p1b: Talonflame|18/100\n|-hitcount|p1b: Talonflame|2\n|\n|-weather|Snowscape|[upkeep]\n|-heal|p2a: Armarouge|97/100|[from] item: Leftovers\n|-damage|p1a: Tauros|23/100 brn|[from] brn\n|-fieldend|move: Trick Room\n|upkeep\n|turn|7\n|inactive|zhi1 has 30 seconds left.\n|inactive|harry616 has 30 seconds left.\n|inactive|zhi1 has 20 seconds left.\n|\n|t:|1776520991\n|move|p1b: Talonflame|Protect|p1b: Talonflame\n|-singleturn|p1b: Talonflame|Protect\n|move|p1a: Tauros|Protect|p1a: Tauros\n|-singleturn|p1a: Tauros|Protect\n|move|p2a: Armarouge|Protect|p2a: Armarouge\n|-singleturn|p2a: Armarouge|Protect\n|move|p2b: Aerodactyl|Dual Wingbeat|p1a: Tauros\n|-activate|p1a: Tauros|move: Protect\n|\n|-weather|Snowscape|[upkeep]\n|-heal|p2a: Armarouge|100/100|[from] item: Leftovers\n|-damage|p1a: Tauros|17/100 brn|[from] brn\n|upkeep\n|turn|8\n|\n|t:|1776521016\n|move|p2b: Aerodactyl|Dual Wingbeat|p1a: Tauros\n|-supereffective|p1a: Tauros|1\n|-enditem|p1a: Tauros|Coba Berry|[eat]\n|-enditem|p1a: Tauros|Coba Berry|[weaken]\n|-damage|p1a: Tauros|0 fnt\n|faint|p1a: Tauros\n|-hitcount|p1: Tauros|1\n|move|p1b: Talonflame|Brave Bird|p2a: Armarouge\n|-damage|p2a: Armarouge|63/100\n|-damage|p1b: Talonflame|4/100|[from] Recoil\n|move|p2a: Armarouge|Expanding Force|p1b: Talonflame\n|-damage|p1b: Talonflame|0 fnt\n|faint|p1b: Talonflame\n|\n|-weather|none\n|-heal|p2a: Armarouge|69/100|[from] item: Leftovers\n|upkeep\n|\n|t:|1776521031\n|switch|p1b: Sinistcha|Sinistcha, L50|50/100\n|switch|p1a: Froslass|Froslass-Mega, L50, F|63/100\n|-weather|Snowscape|[from] ability: Snow Warning|[of] p1a: Froslass\n|-heal|p1a: Froslass|88/100|[from] ability: Hospitality|[of] p1b: Sinistcha\n|turn|9\n|inactive|harry616 has 30 seconds left.\n|\n|t:|1776521057\n|move|p2b: Aerodactyl|Protect|p2b: Aerodactyl\n|-singleturn|p2b: Aerodactyl|Protect\n|move|p2a: Armarouge|Protect|p2a: Armarouge\n|-singleturn|p2a: Armarouge|Protect\n|move|p1b: Sinistcha|Rage Powder|p1b: Sinistcha\n|-singleturn|p1b: Sinistcha|move: Rage Powder\n|move|p1a: Froslass|Aurora Veil|p1a: Froslass\n|-sidestart|p1: zhi1|move: Aurora Veil\n|\n|-weather|Snowscape|[upkeep]\n|-heal|p2a: Armarouge|75/100|[from] item: Leftovers\n|upkeep\n|turn|10\n|inactive|zhi1 has 30 seconds left.\n|\n|t:|1776521082\n|move|p1b: Sinistcha|Protect|p1b: Sinistcha\n|-singleturn|p1b: Sinistcha|Protect\n|move|p2b: Aerodactyl|Rock Slide|p1a: Froslass|[spread] p1a\n|-activate|p1b: Sinistcha|move: Protect\n|-supereffective|p1a: Froslass|1\n|-damage|p1a: Froslass|47/100\n|move|p1a: Froslass|Blizzard|p2a: Armarouge|[spread] p2a,p2b\n|-resisted|p2a: Armarouge|1\n|-supereffective|p2b: Aerodactyl|1\n|-damage|p2a: Armarouge|56/100\n|-damage|p2b: Aerodactyl|0 fnt\n|faint|p2b: Aerodactyl\n|move|p2a: Armarouge|Fire Blast|p1b: Sinistcha\n|-activate|p1b: Sinistcha|move: Protect\n|\n|-weather|Snowscape|[upkeep]\n|-heal|p2a: Armarouge|62/100|[from] item: Leftovers\n|upkeep\n|turn|11\n|\n|t:|1776521101\n|move|p1a: Froslass|Blizzard|p2a: Armarouge\n|-resisted|p2a: Armarouge|1\n|-damage|p2a: Armarouge|34/100\n|move|p2a: Armarouge|Fire Blast|p1b: Sinistcha\n|-supereffective|p1b: Sinistcha|1\n|-damage|p1b: Sinistcha|0 fnt\n|faint|p1b: Sinistcha\n|\n|-weather|Snowscape|[upkeep]\n|-heal|p2a: Armarouge|40/100|[from] item: Leftovers\n|upkeep\n|turn|12\n|\n|t:|1776521114\n|move|p2a: Armarouge|Protect|p2a: Armarouge\n|-singleturn|p2a: Armarouge|Protect\n|move|p1a: Froslass|Blizzard|p2a: Armarouge\n|-activate|p2a: Armarouge|move: Protect\n|\n|-weather|Snowscape|[upkeep]\n|-heal|p2a: Armarouge|47/100|[from] item: Leftovers\n|upkeep\n|turn|13\n|\n|t:|1776521124\n|move|p1a: Froslass|Blizzard|p2a: Armarouge\n|-resisted|p2a: Armarouge|1\n|-damage|p2a: Armarouge|19/100\n|move|p2a: Armarouge|Fire Blast|p1a: Froslass\n|-supereffective|p1a: Froslass|1\n|-damage|p1a: Froslass|0 fnt\n|faint|p1a: Froslass\n|\n|win|harry616\n|raw|zhi1's rating: 1065 &rarr; <strong>1042</strong><br />(-23 for losing)\n|raw|harry616's rating: 1000 &rarr; <strong>1047</strong><br />(+47 for winning)\n|c|\u2606harry616|gg\n|l|\u2606harry616\n|player|p2|\n",
  "uploadtime": 1776521141,
  "views": 16,
  "formatid": "gen9championsvgc2026regma",
  "rating": 1042,
  "private": 0,
  "password": null
}