{
  "id": "gen9championsvgc2026regma-2581472271",
  "format": "[Gen 9 Champions] VGC 2026 Reg M-A",
  "players": [
    "CappyCappy",
    "lightnight92"
  ],
  "log": "|j|\u2606CappyCappy\n|j|\u2606lightnight92\n|t:|1776003680\n|gametype|doubles\n|player|p1|CappyCappy|miku-fairy|1041\n|player|p2|lightnight92|102|1107\n|gen|9\n|tier|[Gen 9 Champions] VGC 2026 Reg M-A\n|rated|\n|rule|Species Clause: Limit one of each Pok\u00e9mon\n|rule|Item Clause: Limit 1 of each item\n|clearpoke\n|poke|p1|Froslass, L50, F|\n|poke|p1|Ninetales-Alola, L50, F|\n|poke|p1|Sneasler, L50, M|\n|poke|p1|Sinistcha, L50|\n|poke|p1|Incineroar, L50, F|\n|poke|p1|Rotom-Wash, L50|\n|poke|p2|Banette, L50, M|\n|poke|p2|Incineroar, L50, M|\n|poke|p2|Sinistcha, L50|\n|poke|p2|Rotom-Wash, L50|\n|poke|p2|Kommo-o, L50, F|\n|poke|p2|Rhyperior, L50, M|\n|teampreview|4\n|inactive|Battle timer is ON: inactive players will automatically lose when time's up. (requested by CappyCappy)\nCappyCappy rejected open team sheets.\n|inactive|lightnight92 has 60 seconds left.\n|\n|t:|1776003735\n|teamsize|p1|4\n|teamsize|p2|4\n|start\n|switch|p1a: Froslass|Froslass, L50, F|100/100\n|switch|p1b: Sneasler|Sneasler, L50, M|100/100\n|switch|p2a: Banette|Banette, L50, M|100/100\n|switch|p2b: Rotom|Rotom-Wash, L50|100/100\n|-item|p1a: Froslass|Froslassite|[from] ability: Frisk|[of] p2a: Banette\n|-item|p1b: Sneasler|White Herb|[from] ability: Frisk|[of] p2a: Banette\n|turn|1\n|\n|t:|1776003760\n|switch|p1b: Sinistcha|Sinistcha, L50|100/100\n|detailschange|p2a: Banette|Banette-Mega, L50, M\n|-mega|p2a: Banette|Banette|Banettite\n|move|p1a: Froslass|Protect|p1a: Froslass\n|-singleturn|p1a: Froslass|Protect\n|move|p2a: Banette|Substitute|p2a: Banette\n|-start|p2a: Banette|Substitute\n|-damage|p2a: Banette|76/100\n|move|p2b: Rotom|Volt Switch|p1b: Sinistcha\n|-resisted|p1b: Sinistcha|1\n|-damage|p1b: Sinistcha|80/100\n|\n|t:|1776003771\n|switch|p2b: Kommo-o|Kommo-o, L50, F|100/100|[from] Volt Switch\n|\n|-heal|p1b: Sinistcha|86/100|[from] item: Leftovers\n|upkeep\n|turn|2\n|\n|t:|1776003784\n|detailschange|p1a: Froslass|Froslass-Mega, L50, F\n|-mega|p1a: Froslass|Froslass|Froslassite\n|-weather|Snowscape|[from] ability: Snow Warning|[of] p1a: Froslass\n|move|p1b: Sinistcha|Rage Powder|p1b: Sinistcha\n|-singleturn|p1b: Sinistcha|move: Rage Powder\n|move|p2a: Banette|Encore|p1b: Sinistcha\n|-start|p1b: Sinistcha|Encore\n|move|p1a: Froslass|Blizzard|p2b: Kommo-o|[spread] p2a,p2b\n|-end|p2a: Banette|Substitute\n|-supereffective|p2b: Kommo-o|1\n|-damage|p2b: Kommo-o|33/100\n|move|p2b: Kommo-o|Iron Defense|p2b: Kommo-o\n|-boost|p2b: Kommo-o|def|2\n|\n|-weather|Snowscape|[upkeep]\n|-heal|p1b: Sinistcha|93/100|[from] item: Leftovers\n|upkeep\n|turn|3\n|\n|t:|1776003808\n|move|p1b: Sinistcha|Rage Powder|p1b: Sinistcha\n|-singleturn|p1b: Sinistcha|move: Rage Powder\n|move|p2a: Banette|Disable|p1b: Sinistcha\n|-start|p1b: Sinistcha|Disable|Rage Powder\n|move|p1a: Froslass|Shadow Ball|p2a: Banette\n|-supereffective|p2a: Banette|1\n|-crit|p2a: Banette\n|-damage|p2a: Banette|0 fnt\n|faint|p2a: Banette\n|move|p2b: Kommo-o|Iron Head|p1b: Sinistcha\n|-damage|p1b: Sinistcha|79/100\n|\n|-weather|Snowscape|[upkeep]\n|-heal|p1b: Sinistcha|85/100|[from] item: Leftovers\n|upkeep\n|\n|t:|1776003825\n|switch|p2a: Rotom|Rotom-Wash, L50|100/100\n|turn|4\n|\n|t:|1776003835\n|switch|p1b: Sneasler|Sneasler, L50, M|100/100\n|move|p2a: Rotom|Hydro Pump|p1a: Froslass|[miss]\n|-miss|p2a: Rotom|p1a: Froslass\n|move|p1a: Froslass|Blizzard|p2a: Rotom|[spread] p2a,p2b\n|-resisted|p2a: Rotom|1\n|-supereffective|p2b: Kommo-o|1\n|-damage|p2a: Rotom|67/100\n|-damage|p2b: Kommo-o|0 fnt\n|faint|p2b: Kommo-o\n|\n|-weather|Snowscape|[upkeep]\n|upkeep\n|\n|t:|1776003844\n|switch|p2b: Incineroar|Incineroar, L50, M|100/100\n|-ability|p2b: Incineroar|Intimidate|boost\n|-unboost|p1a: Froslass|atk|1\n|-unboost|p1b: Sneasler|atk|1\n|-enditem|p1b: Sneasler|White Herb\n|-clearnegativeboost|p1b: Sneasler|[silent]\n|turn|5\n|\n|t:|1776003866\n|move|p1b: Sneasler|Fake Out|p2b: Incineroar\n|-damage|p2b: Incineroar|85/100\n|cant|p2b: Incineroar|flinch\n|move|p2a: Rotom|Hydro Pump|p1a: Froslass\n|-damage|p1a: Froslass|37/100\n|move|p1a: Froslass|Shadow Ball|p2a: Rotom\n|-damage|p2a: Rotom|4/100\n|\n|-weather|Snowscape|[upkeep]\n|upkeep\n|turn|6\n|\n|t:|1776003880\n|move|p1a: Froslass|Protect|p1a: Froslass\n|-singleturn|p1a: Froslass|Protect\n|move|p1b: Sneasler|Dire Claw|p2a: Rotom\n|-damage|p2a: Rotom|0 fnt\n|faint|p2a: Rotom\n|move|p2b: Incineroar|Throat Chop|p1a: Froslass\n|-activate|p1a: Froslass|move: Protect\n|\n|-weather|none\n|upkeep\n|turn|7\n|-message|lightnight92 forfeited.\n|\n|win|CappyCappy\n|raw|CappyCappy's rating: 1041 &rarr; <strong>1081</strong><br />(+40 for winning)\n|raw|lightnight92's rating: 1107 &rarr; <strong>1077</strong><br />(-30 for losing)\n",
  "uploadtime": 1776003884,
  "views": 16,
  "formatid": "gen9championsvgc2026regma",
  "rating": 1077,
  "private": 0,
  "password": null
}