{
  "id": "gen9championsvgc2026regma-2582160136",
  "format": "[Gen 9 Champions] VGC 2026 Reg M-A",
  "players": [
    "Cereales_Hacendado",
    "Zuzu8653"
  ],
  "log": "|j|\u2606Cereales_Hacendado\n|j|\u2606Zuzu8653\n|t:|1776065689\n|gametype|doubles\n|player|p1|Cereales_Hacendado|265|1268\n|player|p2|Zuzu8653|elesa|1170\n|gen|9\n|tier|[Gen 9 Champions] VGC 2026 Reg M-A\n|rated|\n|rule|Species Clause: Limit one of each Pok\u00e9mon\n|rule|Item Clause: Limit 1 of each item\n|clearpoke\n|poke|p1|Pinsir, L50, F|\n|poke|p1|Milotic, L50, M|\n|poke|p1|Corviknight, L50, M|\n|poke|p1|Rotom-Heat, L50|\n|poke|p1|Glimmora, L50, F|\n|poke|p1|Scizor, L50, F|\n|poke|p2|Greninja-*, L50, M|\n|poke|p2|Pelipper, L50, M|\n|poke|p2|Archaludon, L50, F|\n|poke|p2|Basculegion, L50, M|\n|poke|p2|Meganium, L50, M|\n|poke|p2|Sneasler, L50, M|\n|teampreview|4\n|\n|t:|1776065731\n|teamsize|p1|4\n|teamsize|p2|4\n|start\n|switch|p1a: Happy Meal|Rotom-Heat, L50, shiny|100/100\n|switch|p1b: La Exploradora|Glimmora, L50, F, shiny|100/100\n|switch|p2a: Greninja|Greninja, L50, M, shiny|100/100\n|switch|p2b: Sneasler|Sneasler, L50, M|100/100\n|turn|1\n|\n|t:|1776065773\n|move|p1b: La Exploradora|Spiky Shield|p1b: La Exploradora\n|-singleturn|p1b: La Exploradora|move: Protect\n|move|p1a: Happy Meal|Protect|p1a: Happy Meal\n|-singleturn|p1a: Happy Meal|Protect\n|move|p2b: Sneasler|Fake Out|p1a: Happy Meal\n|-activate|p1a: Happy Meal|move: Protect\n|move|p2a: Greninja|Hydro Pump|p1b: La Exploradora\n|-start|p2a: Greninja|typechange|Water|[from] ability: Protean\n|-activate|p1b: La Exploradora|move: Protect\n|\n|upkeep\n|turn|2\n|\n|t:|1776065817\n|switch|p1a: Ayuso|Milotic, L50, M, shiny|100/100\n|move|p2b: Sneasler|Close Combat|p1a: Ayuso\n|-damage|p1a: Ayuso|55/100\n|-unboost|p2b: Sneasler|def|1\n|-unboost|p2b: Sneasler|spd|1\n|-enditem|p2b: Sneasler|White Herb\n|-clearnegativeboost|p2b: Sneasler|[silent]\n|move|p2a: Greninja|Hydro Pump|p1b: La Exploradora\n|-supereffective|p1b: La Exploradora|1\n|-enditem|p1b: La Exploradora|Focus Sash\n|-damage|p1b: La Exploradora|1/100\n|move|p1b: La Exploradora|Earth Power|p2b: Sneasler\n|-supereffective|p2b: Sneasler|1\n|-damage|p2b: Sneasler|13/100\n|\n|upkeep\n|turn|3\n|\n|t:|1776065863\n|detailschange|p2a: Greninja|Greninja-Mega, L50, M, shiny\n|-mega|p2a: Greninja|Greninja|Greninjite\n|move|p1b: La Exploradora|Spiky Shield|p1b: La Exploradora\n|-singleturn|p1b: La Exploradora|move: Protect\n|move|p2b: Sneasler|Close Combat|p1a: Ayuso\n|-damage|p1a: Ayuso|7/100\n|-unboost|p2b: Sneasler|def|1\n|-unboost|p2b: Sneasler|spd|1\n|move|p2a: Greninja|Sludge Wave|p1a: Ayuso|[spread] p2b,p1a\n|-start|p2a: Greninja|typechange|Poison|[from] ability: Protean\n|-activate|p1b: La Exploradora|move: Protect\n|-resisted|p2b: Sneasler|1\n|-damage|p2b: Sneasler|0 fnt\n|-damage|p1a: Ayuso|0 fnt\n|faint|p2b: Sneasler\n|faint|p1a: Ayuso\n|\n|upkeep\n|\n|t:|1776065967\n|switch|p2b: Archaludon|Archaludon, L50, F|100/100\n|switch|p1a: Gender Bender|Pinsir, L50, F, shiny|100/100\n|turn|4\n|\n|t:|1776065997\n|switch|p2a: Pelipper|Pelipper, L50, M|100/100\n|-weather|RainDance|[from] ability: Drizzle|[of] p2a: Pelipper\n|detailschange|p1a: Gender Bender|Pinsir-Mega, L50, F, shiny\n|-mega|p1a: Gender Bender|Pinsir|Pinsirite\n|move|p1a: Gender Bender|Protect|p1a: Gender Bender\n|-singleturn|p1a: Gender Bender|Protect\n|move|p1b: La Exploradora|Earth Power|p2b: Archaludon\n|-supereffective|p2b: Archaludon|1\n|-damage|p2b: Archaludon|4/100\n|-ability|p2b: Archaludon|Stamina|boost\n|-boost|p2b: Archaludon|def|1\n|move|p2b: Archaludon|Electro Shot||[still]\n|-prepare|p2b: Archaludon|Electro Shot\n|-boost|p2b: Archaludon|spa|1\n|-anim|p2b: Archaludon|Electro Shot|p1a: Gender Bender\n|-activate|p1a: Gender Bender|move: Protect\n|\n|-weather|RainDance|[upkeep]\n|-heal|p2b: Archaludon|10/100|[from] item: Leftovers\n|upkeep\n|turn|5\n|\n|t:|1776066022\n|move|p2b: Archaludon|Protect|p2b: Archaludon\n|-singleturn|p2b: Archaludon|Protect\n|move|p1a: Gender Bender|Rock Slide|p2b: Archaludon|[spread] p2a\n|-activate|p2b: Archaludon|move: Protect\n|-supereffective|p2a: Pelipper|1\n|-damage|p2a: Pelipper|37/100\n|move|p1b: La Exploradora|Earth Power|p2b: Archaludon\n|-activate|p2b: Archaludon|move: Protect\n|move|p2a: Pelipper|Hurricane|p1a: Gender Bender\n|-supereffective|p1a: Gender Bender|1\n|-damage|p1a: Gender Bender|0 fnt\n|faint|p1a: Gender Bender\n|\n|-weather|RainDance|[upkeep]\n|-heal|p2b: Archaludon|16/100|[from] item: Leftovers\n|upkeep\n|\n|t:|1776066036\n|switch|p1a: Happy Meal|Rotom-Heat, L50, shiny|100/100\n|turn|6\n|\n|t:|1776066049\n|switch|p2b: Greninja|Greninja-Mega, L50, M, shiny|100/100\n|move|p1b: La Exploradora|Earth Power|p2b: Greninja\n|-damage|p2b: Greninja|56/100\n|move|p2a: Pelipper|Tailwind|p2a: Pelipper\n|-sidestart|p2: Zuzu8653|move: Tailwind\n|move|p1a: Happy Meal|Electroweb|p2b: Greninja|[spread] p2a,p2b\n|-supereffective|p2a: Pelipper|2\n|-supereffective|p2b: Greninja|1\n|-damage|p2a: Pelipper|0 fnt\n|-damage|p2b: Greninja|12/100\n|-unboost|p2b: Greninja|spe|1\n|faint|p2a: Pelipper\n|\n|-weather|RainDance|[upkeep]\n|upkeep\n|\n|t:|1776066061\n|switch|p2a: Archaludon|Archaludon, L50, F|16/100\n|turn|7\n|\n|t:|1776066086\n|move|p1a: Happy Meal|Protect|p1a: Happy Meal\n|-singleturn|p1a: Happy Meal|Protect\n|move|p2b: Greninja|Sludge Wave|p1a: Happy Meal|[spread] p1b\n|-start|p2b: Greninja|typechange|Poison|[from] ability: Protean\n|-activate|p1a: Happy Meal|move: Protect\n|-immune|p2a: Archaludon\n|-resisted|p1b: La Exploradora|2\n|-damage|p1b: La Exploradora|0 fnt\n|faint|p1b: La Exploradora\n|move|p2a: Archaludon|Draco Meteor|p1a: Happy Meal\n|-activate|p1a: Happy Meal|move: Protect\n|\n|-weather|RainDance|[upkeep]\n|-heal|p2a: Archaludon|22/100|[from] item: Leftovers\n|upkeep\n|turn|8\n|\n|t:|1776066101\n|move|p2b: Greninja|Sludge Wave|p1a: Happy Meal|[spread] p1a\n|-immune|p2a: Archaludon\n|-damage|p1a: Happy Meal|70/100\n|move|p2a: Archaludon|Draco Meteor|p1a: Happy Meal\n|-damage|p1a: Happy Meal|8/100\n|-unboost|p2a: Archaludon|spa|2\n|move|p1a: Happy Meal|Electroweb|p2b: Greninja|[spread] p2a,p2b\n|-resisted|p2a: Archaludon|1\n|-damage|p2a: Archaludon|9/100\n|-damage|p2b: Greninja|0 fnt\n|-unboost|p2a: Archaludon|spe|1\n|-ability|p2a: Archaludon|Stamina|boost\n|-boost|p2a: Archaludon|def|1\n|faint|p2b: Greninja\n|\n|-weather|none\n|-heal|p2a: Archaludon|15/100|[from] item: Leftovers\n|-heal|p1a: Happy Meal|14/100|[from] item: Leftovers\n|upkeep\n|turn|9\n|\n|t:|1776066119\n|move|p1a: Happy Meal|Protect|p1a: Happy Meal\n|-singleturn|p1a: Happy Meal|Protect\n|move|p2a: Archaludon|Draco Meteor|p1a: Happy Meal\n|-activate|p1a: Happy Meal|move: Protect\n|\n|-heal|p2a: Archaludon|21/100|[from] item: Leftovers\n|-heal|p1a: Happy Meal|20/100|[from] item: Leftovers\n|-sideend|p2: Zuzu8653|move: Tailwind\n|upkeep\n|turn|10\n|c|\u2606Zuzu8653|ggs\n|\n|t:|1776066131\n|move|p1a: Happy Meal|Overheat|p2a: Archaludon\n|-damage|p2a: Archaludon|0 fnt\n|-unboost|p1a: Happy Meal|spa|2\n|faint|p2a: Archaludon\n|\n|win|Cereales_Hacendado\n|raw|Cereales_Hacendado's rating: 1268 &rarr; <strong>1286</strong><br />(+18 for winning)\n|raw|Zuzu8653's rating: 1170 &rarr; <strong>1152</strong><br />(-18 for losing)\n|c|\u2606Cereales_Hacendado|gg\n",
  "uploadtime": 1776066137,
  "views": 13,
  "formatid": "gen9championsvgc2026regma",
  "rating": 1152,
  "private": 0,
  "password": null
}