{
  "id": "gen9championsvgc2026regma-2587554915",
  "format": "[Gen 9 Champions] VGC 2026 Reg M-A",
  "players": [
    "pamonhariadoseuze",
    "blazegeo"
  ],
  "log": "|j|\u2606pamonhariadoseuze\n|j|\u2606blazegeo\n|t:|1776541865\n|gametype|doubles\n|player|p1|pamonhariadoseuze|gentleman-gen4dp|1013\n|player|p2|blazegeo|102|1035\n|gen|9\n|tier|[Gen 9 Champions] VGC 2026 Reg M-A\n|rated|\n|rule|Species Clause: Limit one of each Pok\u00e9mon\n|rule|Item Clause: Limit 1 of each item\n|clearpoke\n|poke|p1|Mr. Rime, L50, F, shiny|\n|poke|p1|Crabominable, L50, M|\n|poke|p1|Sneasler, L50, F|\n|poke|p1|Aerodactyl, L50, F|\n|poke|p1|Kangaskhan, L50, F, shiny|\n|poke|p1|Sinistcha, L50|\n|poke|p2|Kommo-o, L50, M|\n|poke|p2|Tinkaton, L50, F|\n|poke|p2|Milotic, L50, M|\n|poke|p2|Sableye, L50, M|\n|poke|p2|Arcanine, L50, M|\n|poke|p2|Tsareena, L50, F|\n|teampreview|4\n|inactive|Battle timer is ON: inactive players will automatically lose when time's up. (requested by blazegeo)\n|inactive|blazegeo has 60 seconds left.\n|\n|t:|1776541902\n|teamsize|p1|4\n|teamsize|p2|4\n|start\n|switch|p1a: Mr. Rime|Mr. Rime, L50, F, shiny|100/100\n|switch|p1b: Sinistcha|Sinistcha, L50|100/100\n|switch|p2a: Kommo-o|Kommo-o, L50, M|100/100\n|switch|p2b: Tinkaton|Tinkaton, L50, F|100/100\n|-ability|p2b: Tinkaton|Mold Breaker\n|turn|1\n|inactive|blazegeo has 30 seconds left.\n|\n|t:|1776541927\n|move|p2b: Tinkaton|Fake Out|p1a: Mr. Rime\n|-damage|p1a: Mr. Rime|93/100\n|move|p1b: Sinistcha|Rage Powder|p1b: Sinistcha\n|-singleturn|p1b: Sinistcha|move: Rage Powder\n|move|p2a: Kommo-o|Clanging Scales|p1b: Sinistcha|[spread] p1a,p1b\n|-damage|p1a: Mr. Rime|56/100\n|-damage|p1b: Sinistcha|52/100\n|-unboost|p2a: Kommo-o|def|1\n|cant|p1a: Mr. Rime|flinch\n|\n|upkeep\n|turn|2\n|\n|t:|1776541941\n|move|p1b: Sinistcha|Rage Powder|p1b: Sinistcha\n|-singleturn|p1b: Sinistcha|move: Rage Powder\n|move|p2b: Tinkaton|Gigaton Hammer|p1b: Sinistcha\n|-damage|p1b: Sinistcha|4/100\n|-enditem|p1b: Sinistcha|Sitrus Berry|[eat]\n|-heal|p1b: Sinistcha|28/100|[from] item: Sitrus Berry\n|move|p2a: Kommo-o|Clanging Scales|p1b: Sinistcha|[spread] p1a,p1b\n|-damage|p1a: Mr. Rime|17/100\n|-damage|p1b: Sinistcha|0 fnt\n|faint|p1b: Sinistcha\n|-unboost|p2a: Kommo-o|def|1\n|move|p1a: Mr. Rime|Trick Room|p1a: Mr. Rime\n|-fieldstart|move: Trick Room|[of] p1a: Mr. Rime\n|\n|upkeep\n|\n|t:|1776541950\n|switch|p1b: Crabominable|Crabominable, L50, M|100/100\n|turn|3\n|\n|t:|1776541972\n|switch|p2a: Sableye|Sableye, L50, M|100/100\n|move|p2b: Tinkaton|Protect|p2b: Tinkaton\n|-singleturn|p2b: Tinkaton|Protect\n|move|p1a: Mr. Rime|Frost Breath|p1b: Crabominable\n|-resisted|p1b: Crabominable|1\n|-crit|p1b: Crabominable\n|-damage|p1b: Crabominable|80/100\n|-setboost|p1b: Crabominable|atk|6|[from] ability: Anger Point\n|move|p1b: Crabominable|Ice Hammer|p2a: Sableye\n|-enditem|p2a: Sableye|Focus Sash\n|-damage|p2a: Sableye|1/100\n|-unboost|p1b: Crabominable|spe|1\n|\n|upkeep\n|turn|4\n|\n|t:|1776541996\n|detailschange|p1b: Crabominable|Crabominable-Mega, L50, M\n|-mega|p1b: Crabominable|Crabominable|Crabominite\n|move|p2a: Sableye|Fake Out|p1b: Crabominable\n|-damage|p1b: Crabominable|71/100\n|cant|p1b: Crabominable|flinch\n|move|p1a: Mr. Rime|Light Screen|p1a: Mr. Rime\n|-sidestart|p1: pamonhariadoseuze|move: Light Screen\n|move|p2b: Tinkaton|Gigaton Hammer|p1a: Mr. Rime\n|-supereffective|p1a: Mr. Rime|1\n|-damage|p1a: Mr. Rime|0 fnt\n|faint|p1a: Mr. Rime\n|\n|upkeep\n|\n|t:|1776542002\n|switch|p1a: Sneasler|Sneasler, L50, F|100/100\n|turn|5\n|\n|t:|1776542025\n|move|p2b: Tinkaton|Protect|p2b: Tinkaton\n|-singleturn|p2b: Tinkaton|Protect\n|move|p2a: Sableye|Thunder Wave|p1b: Crabominable\n|-status|p1b: Crabominable|par\n|cant|p1b: Crabominable|par\n|move|p1a: Sneasler|Dire Claw|p2a: Sableye\n|-resisted|p2a: Sableye|1\n|-damage|p2a: Sableye|0 fnt\n|faint|p2a: Sableye\n|\n|upkeep\n|\n|t:|1776542046\n|switch|p2a: Kommo-o|Kommo-o, L50, M|100/100\n|turn|6\n|\n|t:|1776542059\n|move|p2a: Kommo-o|Protect|p2a: Kommo-o\n|-singleturn|p2a: Kommo-o|Protect\n|move|p1b: Crabominable|Drain Punch|p2a: Kommo-o\n|-activate|p2a: Kommo-o|move: Protect\n|move|p2b: Tinkaton|Gigaton Hammer|p1b: Crabominable\n|-supereffective|p1b: Crabominable|1\n|-damage|p1b: Crabominable|0 fnt\n|faint|p1b: Crabominable\n|move|p1a: Sneasler|Close Combat|p2b: Tinkaton\n|-damage|p2b: Tinkaton|22/100\n|-unboost|p1a: Sneasler|def|1\n|-unboost|p1a: Sneasler|spd|1\n|-enditem|p1a: Sneasler|White Herb\n|-clearnegativeboost|p1a: Sneasler|[silent]\n|\n|-fieldend|move: Trick Room\n|upkeep\n|turn|7\n|\n|t:|1776542082\n|move|p1a: Sneasler|Close Combat|p2b: Tinkaton\n|-damage|p2b: Tinkaton|0 fnt\n|-unboost|p1a: Sneasler|def|1\n|-unboost|p1a: Sneasler|spd|1\n|faint|p2b: Tinkaton\n|move|p2a: Kommo-o|Clanging Scales|p1a: Sneasler\n|-damage|p1a: Sneasler|8/100\n|-unboost|p2a: Kommo-o|def|1\n|\n|upkeep\n|\n|t:|1776542090\n|switch|p2b: Arcanine|Arcanine, L50, M|100/100\n|-ability|p2b: Arcanine|Intimidate|boost\n|-unboost|p1a: Sneasler|atk|1\n|turn|8\n|\n|t:|1776542097\n|move|p1a: Sneasler|Protect|p1a: Sneasler\n|-singleturn|p1a: Sneasler|Protect\n|move|p2b: Arcanine|Psychic Fangs|p1a: Sneasler\n|-activate|p1a: Sneasler|move: Protect\n|move|p2a: Kommo-o|Clanging Scales|p1a: Sneasler\n|-activate|p1a: Sneasler|move: Protect\n|\n|-sideend|p1: pamonhariadoseuze|move: Light Screen\n|upkeep\n|turn|9\n|\n|t:|1776542108\n|move|p1a: Sneasler|Dire Claw|p2b: Arcanine\n|-damage|p2b: Arcanine|59/100\n|move|p2b: Arcanine|Psychic Fangs|p1a: Sneasler\n|-supereffective|p1a: Sneasler|2\n|-damage|p1a: Sneasler|0 fnt\n|faint|p1a: Sneasler\n|\n|win|blazegeo\n|raw|pamonhariadoseuze's rating: 1013 &rarr; <strong>1002</strong><br />(-11 for losing)\n|raw|blazegeo's rating: 1035 &rarr; <strong>1068</strong><br />(+33 for winning)\n|l|\u2606pamonhariadoseuze\n|player|p1|\n|c|\u2606blazegeo|gg\n",
  "uploadtime": 1776542118,
  "views": 17,
  "formatid": "gen9championsvgc2026regma",
  "rating": 1002,
  "private": 0,
  "password": null
}