{
  "id": "gen9championsvgc2026regma-2586574254",
  "format": "[Gen 9 Champions] VGC 2026 Reg M-A",
  "players": [
    "Grinty",
    "SHyperdestroyerVGC"
  ],
  "log": "|j|\u2606Grinty\n|j|\u2606SHyperdestroyerVGC\n|t:|1776444120\n|gametype|doubles\n|player|p1|Grinty|cress|1164\n|player|p2|SHyperdestroyerVGC|lady|1218\n|gen|9\n|tier|[Gen 9 Champions] VGC 2026 Reg M-A\n|rated|\n|rule|Species Clause: Limit one of each Pok\u00e9mon\n|rule|Item Clause: Limit 1 of each item\n|clearpoke\n|poke|p1|Tyranitar, L50, F|\n|poke|p1|Gardevoir, L50, F|\n|poke|p1|Excadrill, L50, F|\n|poke|p1|Rotom-Wash, L50|\n|poke|p1|Incineroar, L50, F|\n|poke|p1|Sinistcha, L50|\n|poke|p2|Charizard, L50, M|\n|poke|p2|Venusaur, L50, F|\n|poke|p2|Whimsicott, L50, M|\n|poke|p2|Kingambit, L50, M|\n|poke|p2|Kommo-o, L50, M|\n|poke|p2|Rotom-Wash, L50|\n|teampreview|4\n|n|\u2606SHyperdestroyerVGC|shyperdestroyervgc\n|\n|t:|1776444169\n|teamsize|p1|4\n|teamsize|p2|4\n|start\n|switch|p1a: Tyranitar|Tyranitar, L50, F|100/100\n|switch|p1b: Excadrill|Excadrill, L50, F|100/100\n|switch|p2a: Venusaur|Venusaur, L50, F|100/100\n|switch|p2b: Kommo-o|Kommo-o, L50, M|100/100\n|-weather|Sandstorm|[from] ability: Sand Stream|[of] p1a: Tyranitar\n|turn|1\n|\n|t:|1776444209\n|move|p1a: Tyranitar|Protect|p1a: Tyranitar\n|-singleturn|p1a: Tyranitar|Protect\n|move|p1b: Excadrill|High Horsepower|p2a: Venusaur\n|-damage|p2a: Venusaur|49/100\n|move|p2a: Venusaur|Earth Power|p1b: Excadrill\n|-supereffective|p1b: Excadrill|1\n|-damage|p1b: Excadrill|32/100\n|move|p2b: Kommo-o|Body Press|p1b: Excadrill\n|-supereffective|p1b: Excadrill|1\n|-damage|p1b: Excadrill|0 fnt\n|faint|p1b: Excadrill\n|\n|-weather|Sandstorm|[upkeep]\n|-damage|p2a: Venusaur|43/100|[from] Sandstorm\n|-damage|p2b: Kommo-o|95/100|[from] Sandstorm\n|-heal|p2a: Venusaur|49/100|[from] item: Leftovers\n|upkeep\n|\n|t:|1776444219\n|switch|p1b: Sinistcha|Sinistcha, L50|100/100\n|turn|2\n|\n|t:|1776444232\n|detailschange|p1a: Tyranitar|Tyranitar-Mega, L50, F\n|-mega|p1a: Tyranitar|Tyranitar|Tyranitarite\n|move|p1b: Sinistcha|Rage Powder|p1b: Sinistcha\n|-singleturn|p1b: Sinistcha|move: Rage Powder\n|move|p1a: Tyranitar|Dragon Dance|p1a: Tyranitar\n|-boost|p1a: Tyranitar|atk|1\n|-boost|p1a: Tyranitar|spe|1\n|move|p2a: Venusaur|Sleep Powder|p1a: Tyranitar\n|-status|p1a: Tyranitar|slp|[from] move: Sleep Powder\n|move|p2b: Kommo-o|Iron Defense|p2b: Kommo-o\n|-boost|p2b: Kommo-o|def|2\n|\n|-weather|Sandstorm|[upkeep]\n|-damage|p2a: Venusaur|43/100|[from] Sandstorm\n|-damage|p2b: Kommo-o|89/100|[from] Sandstorm\n|-damage|p1b: Sinistcha|94/100|[from] Sandstorm\n|-heal|p2a: Venusaur|49/100|[from] item: Leftovers\n|upkeep\n|turn|3\n|\n|t:|1776444249\n|move|p1b: Sinistcha|Rage Powder|p1b: Sinistcha\n|-singleturn|p1b: Sinistcha|move: Rage Powder\n|cant|p1a: Tyranitar|slp\n|move|p2a: Venusaur|Sludge Bomb|p1b: Sinistcha\n|-damage|p1b: Sinistcha|59/100\n|move|p2b: Kommo-o|Flamethrower|p1b: Sinistcha\n|-supereffective|p1b: Sinistcha|1\n|-damage|p1b: Sinistcha|12/100\n|-enditem|p1b: Sinistcha|Sitrus Berry|[eat]\n|-heal|p1b: Sinistcha|37/100|[from] item: Sitrus Berry\n|\n|-weather|Sandstorm|[upkeep]\n|-damage|p2a: Venusaur|43/100|[from] Sandstorm\n|-damage|p2b: Kommo-o|83/100|[from] Sandstorm\n|-damage|p1b: Sinistcha|31/100|[from] Sandstorm\n|-heal|p2a: Venusaur|49/100|[from] item: Leftovers\n|upkeep\n|turn|4\n|\n|t:|1776444266\n|switch|p2a: Whimsicott|Whimsicott, L50, M|100/100\n|move|p1b: Sinistcha|Rage Powder|p1b: Sinistcha\n|-singleturn|p1b: Sinistcha|move: Rage Powder\n|cant|p1a: Tyranitar|slp\n|move|p2b: Kommo-o|Flamethrower|p1b: Sinistcha\n|-supereffective|p1b: Sinistcha|1\n|-damage|p1b: Sinistcha|0 fnt\n|faint|p1b: Sinistcha\n|\n|-weather|Sandstorm|[upkeep]\n|-damage|p2a: Whimsicott|94/100|[from] Sandstorm\n|-damage|p2b: Kommo-o|77/100|[from] Sandstorm\n|upkeep\n|\n|t:|1776444275\n|switch|p1b: Rotom|Rotom-Wash, L50|100/100\n|turn|5\n|\n|t:|1776444281\n|move|p2a: Whimsicott|Tailwind|p2a: Whimsicott\n|-sidestart|p2: SHyperdestroyerVGC|move: Tailwind\n|move|p2b: Kommo-o|Body Press|p1a: Tyranitar\n|-supereffective|p1a: Tyranitar|2\n|-damage|p1a: Tyranitar|0 fnt\n|faint|p1a: Tyranitar\n|move|p1b: Rotom|Will-O-Wisp|p2b: Kommo-o\n|-status|p2b: Kommo-o|brn\n|\n|-weather|none\n|-damage|p2b: Kommo-o|71/100 brn|[from] brn\n|upkeep\n|turn|6\n|-message|Grinty forfeited.\n|\n|win|SHyperdestroyerVGC\n|raw|Grinty's rating: 1164 &rarr; <strong>1143</strong><br />(-21 for losing)\n|raw|SHyperdestroyerVGC's rating: 1218 &rarr; <strong>1239</strong><br />(+21 for winning)\n|l|\u2606Grinty\n|player|p1|\n",
  "uploadtime": 1776444296,
  "views": 22,
  "formatid": "gen9championsvgc2026regma",
  "rating": 1143,
  "private": 0,
  "password": null
}