{
  "id": "gen9championsvgc2026regma-2582269209",
  "format": "[Gen 9 Champions] VGC 2026 Reg M-A",
  "players": [
    "lolgz",
    "aoiharada"
  ],
  "log": "|j|\u2606lolgz\n|j|\u2606aoiharada\n|t:|1776078163\n|gametype|doubles\n|player|p1|lolgz|266|1328\n|player|p2|aoiharada|1|1365\n|gen|9\n|tier|[Gen 9 Champions] VGC 2026 Reg M-A\n|rated|\n|rule|Species Clause: Limit one of each Pok\u00e9mon\n|rule|Item Clause: Limit 1 of each item\n|clearpoke\n|poke|p1|Charizard, L50, M|\n|poke|p1|Whimsicott, L50, F|\n|poke|p1|Garchomp, L50, F|\n|poke|p1|Farigiraf, L50, F|\n|poke|p1|Sneasler, L50, M|\n|poke|p1|Floette-Eternal, L50, F|\n|poke|p2|Garchomp, L50, M|\n|poke|p2|Rotom-Wash, L50|\n|poke|p2|Incineroar, L50, F|\n|poke|p2|Sneasler, L50, M|\n|poke|p2|Floette-Eternal, L50, F|\n|poke|p2|Sinistcha-Masterpiece, L50|\n|teampreview|4\n|j| jspe1212121\n|\n|t:|1776078207\n|teamsize|p1|4\n|teamsize|p2|4\n|start\n|switch|p1a: Whimsicott|Whimsicott, L50, F|100/100\n|switch|p1b: Sneasler|Sneasler, L50, M|100/100\n|switch|p2a: Floette|Floette-Eternal, L50, F|100/100\n|switch|p2b: Incineroar|Incineroar, L50, F|100/100\n|-ability|p2b: Incineroar|Intimidate|boost\n|-unboost|p1a: Whimsicott|atk|1\n|-unboost|p1b: Sneasler|atk|1\n|-enditem|p1b: Sneasler|White Herb\n|-clearnegativeboost|p1b: Sneasler|[silent]\n|turn|1\n|\n|t:|1776078222\n|detailschange|p2a: Floette|Floette-Mega, L50, F\n|-mega|p2a: Floette|Floette|Floettite\n|-ability|p2a: Floette|Fairy Aura\n|move|p1a: Whimsicott|Tailwind|p1a: Whimsicott\n|-sidestart|p1: lolgz|move: Tailwind\n|move|p1b: Sneasler|Dire Claw|p2a: Floette\n|-supereffective|p2a: Floette|1\n|-damage|p2a: Floette|38/100\n|move|p2a: Floette|Calm Mind|p2a: Floette\n|-boost|p2a: Floette|spa|1\n|-boost|p2a: Floette|spd|1\n|move|p2b: Incineroar|Roar|p1a: Whimsicott\n|drag|p1a: Garchomp|Garchomp, L50, F|100/100\n|\n|upkeep\n|turn|2\n|l| jspe1212121\n|\n|t:|1776078240\n|switch|p2b: Sinistcha|Sinistcha-Masterpiece, L50|100/100\n|-heal|p2a: Floette|62/100|[from] ability: Hospitality|[of] p2b: Sinistcha\n|move|p2a: Floette|Protect|p2a: Floette\n|-singleturn|p2a: Floette|Protect\n|move|p1b: Sneasler|Dire Claw|p2a: Floette\n|-activate|p2a: Floette|move: Protect\n|move|p1a: Garchomp|Stomping Tantrum|p2b: Sinistcha\n|-resisted|p2b: Sinistcha|1\n|-damage|p2b: Sinistcha|80/100\n|\n|-heal|p2b: Sinistcha|86/100|[from] item: Leftovers\n|upkeep\n|turn|3\n|\n|t:|1776078257\n|switch|p1a: Whimsicott|Whimsicott, L50, F|100/100\n|move|p2b: Sinistcha|Rage Powder|p2b: Sinistcha\n|-singleturn|p2b: Sinistcha|move: Rage Powder\n|move|p1b: Sneasler|Throat Chop|p2b: Sinistcha\n|-supereffective|p2b: Sinistcha|1\n|-damage|p2b: Sinistcha|37/100\n|-start|p2b: Sinistcha|Throat Chop|[silent]\n|move|p2a: Floette|Draining Kiss|p1a: Whimsicott\n|-damage|p1a: Whimsicott|11/100\n|-heal|p2a: Floette|100/100|[from] drain|[of] p1a: Whimsicott\n|\n|-heal|p2b: Sinistcha|43/100|[from] item: Leftovers\n|upkeep\n|turn|4\n|\n|t:|1776078275\n|switch|p2b: Incineroar|Incineroar, L50, F|100/100\n|-ability|p2b: Incineroar|Intimidate|boost\n|-unboost|p1a: Whimsicott|atk|1\n|-unboost|p1b: Sneasler|atk|1\n|move|p1b: Sneasler|Throat Chop|p2b: Incineroar\n|-resisted|p2b: Incineroar|1\n|-damage|p2b: Incineroar|92/100\n|-start|p2b: Incineroar|Throat Chop|[silent]\n|move|p1a: Whimsicott|Moonblast|p2a: Floette\n|-damage|p2a: Floette|79/100\n|-unboost|p2a: Floette|spa|1\n|move|p2a: Floette|Draining Kiss|p1b: Sneasler\n|-damage|p1b: Sneasler|55/100\n|-heal|p2a: Floette|100/100|[from] drain|[of] p1b: Sneasler\n|\n|-sideend|p1: lolgz|move: Tailwind\n|upkeep\n|turn|5\n|\n|t:|1776078309\n|switch|p2b: Garchomp|Garchomp, L50, M|100/100\n|move|p1a: Whimsicott|Tailwind|p1a: Whimsicott\n|-sidestart|p1: lolgz|move: Tailwind\n|move|p1b: Sneasler|Close Combat|p2b: Garchomp\n|-damage|p2b: Garchomp|57/100\n|-unboost|p1b: Sneasler|def|1\n|-unboost|p1b: Sneasler|spd|1\n|-damage|p1b: Sneasler|43/100|[from] ability: Rough Skin|[of] p2b: Garchomp\n|move|p2a: Floette|Dazzling Gleam|p1b: Sneasler|[spread] p1a,p1b\n|-damage|p1a: Whimsicott|0 fnt\n|-damage|p1b: Sneasler|0 fnt\n|faint|p1a: Whimsicott\n|faint|p1b: Sneasler\n|\n|upkeep\n|\n|t:|1776078315\n|switch|p1b: Garchomp|Garchomp, L50, F|100/100\n|switch|p1a: Floette|Floette-Eternal, L50, F|100/100\n|turn|6\n|j| fishle\n|j| fluctuates1\n|\n|t:|1776078330\n|switch|p2b: Incineroar|Incineroar, L50, F|92/100\n|-ability|p2b: Incineroar|Intimidate|boost\n|-unboost|p1a: Floette|atk|1\n|-unboost|p1b: Garchomp|atk|1\n|detailschange|p1a: Floette|Floette-Mega, L50, F\n|-mega|p1a: Floette|Floette|Floettite\n|-ability|p1a: Floette|Fairy Aura\n|move|p1b: Garchomp|Rock Slide|p2b: Incineroar|[spread] p2a,p2b\n|-supereffective|p2b: Incineroar|1\n|-damage|p2a: Floette|89/100\n|-damage|p2b: Incineroar|68/100\n|move|p1a: Floette|Dazzling Gleam|p2a: Floette|[spread] p2a,p2b\n|-damage|p2a: Floette|62/100\n|-damage|p2b: Incineroar|30/100\n|move|p2a: Floette|Calm Mind|p2a: Floette\n|-boost|p2a: Floette|spa|1\n|-boost|p2a: Floette|spd|1\n|\n|upkeep\n|turn|7\n|\n|t:|1776078354\n|switch|p2b: Sinistcha|Sinistcha-Masterpiece, L50|43/100\n|-heal|p2a: Floette|87/100|[from] ability: Hospitality|[of] p2b: Sinistcha\n|move|p1b: Garchomp|Rock Slide|p2a: Floette|[spread] p2a,p2b\n|-damage|p2a: Floette|75/100\n|-damage|p2b: Sinistcha|30/100\n|move|p1a: Floette|Moonblast|p2a: Floette\n|-damage|p2a: Floette|43/100\n|cant|p2a: Floette|flinch\n|\n|-heal|p2b: Sinistcha|36/100|[from] item: Leftovers\n|upkeep\n|turn|8\n|\n|t:|1776078371\n|switch|p2b: Incineroar|Incineroar, L50, F|30/100\n|-ability|p2b: Incineroar|Intimidate|boost\n|-unboost|p1a: Floette|atk|1\n|-unboost|p1b: Garchomp|atk|1\n|move|p2a: Floette|Protect|p2a: Floette\n|-singleturn|p2a: Floette|Protect\n|move|p1b: Garchomp|Rock Slide|p2b: Incineroar|[spread] p2b\n|-activate|p2a: Floette|move: Protect\n|-supereffective|p2b: Incineroar|1\n|-damage|p2b: Incineroar|9/100\n|move|p1a: Floette|Dazzling Gleam|p2a: Floette|[spread] p2b\n|-activate|p2a: Floette|move: Protect\n|-damage|p2b: Incineroar|0 fnt\n|faint|p2b: Incineroar\n|\n|-sideend|p1: lolgz|move: Tailwind\n|upkeep\n|\n|t:|1776078375\n|switch|p2b: Sinistcha|Sinistcha-Masterpiece, L50|36/100\n|-heal|p2a: Floette|68/100|[from] ability: Hospitality|[of] p2b: Sinistcha\n|turn|9\n|\n|t:|1776078382\n|move|p2b: Sinistcha|Rage Powder|p2b: Sinistcha\n|-singleturn|p2b: Sinistcha|move: Rage Powder\n|move|p1b: Garchomp|Rock Slide|p2b: Sinistcha|[spread] p2a,p2b\n|-damage|p2a: Floette|60/100\n|-damage|p2b: Sinistcha|26/100\n|move|p1a: Floette|Light of Ruin|p2b: Sinistcha|[miss]\n|-miss|p1a: Floette|p2b: Sinistcha\n|move|p2a: Floette|Draining Kiss|p1b: Garchomp\n|-supereffective|p1b: Garchomp|1\n|-damage|p1b: Garchomp|0 fnt\n|-heal|p2a: Floette|100/100|[from] drain|[of] p1b: Garchomp\n|-damage|p2a: Floette|88/100|[from] ability: Rough Skin|[of] p1b: Garchomp\n|faint|p1b: Garchomp\n|\n|-heal|p2b: Sinistcha|32/100|[from] item: Leftovers\n|upkeep\n|turn|10\n|-message|lolgz forfeited.\n|\n|win|aoiharada\n|raw|lolgz's rating: 1328 &rarr; <strong>1310</strong><br />(-18 for losing)\n|raw|aoiharada's rating: 1365 &rarr; <strong>1383</strong><br />(+18 for winning)\n",
  "uploadtime": 1776078393,
  "views": 21,
  "formatid": "gen9championsvgc2026regma",
  "rating": 1310,
  "private": 0,
  "password": null
}