{
  "id": "gen9championsvgc2026regma-2586481219",
  "format": "[Gen 9 Champions] VGC 2026 Reg M-A",
  "players": [
    "vgctest658",
    "Aadvika"
  ],
  "log": "|j|\u2606vgctest658\n|j|\u203dAadvika\n|t:|1776437635\n|gametype|doubles\n|player|p1|vgctest658|hilbert-wonderlauncher|1133\n|player|p2|Aadvika|169|1184\n|gen|9\n|tier|[Gen 9 Champions] VGC 2026 Reg M-A\n|rated|\n|rule|Species Clause: Limit one of each Pok\u00e9mon\n|rule|Item Clause: Limit 1 of each item\n|clearpoke\n|poke|p1|Sneasler, L50, M|\n|poke|p1|Garchomp, L50, M|\n|poke|p1|Aegislash, L50, M|\n|poke|p1|Primarina, L50, F|\n|poke|p1|Basculegion, L50, M|\n|poke|p1|Scovillain, L50, F|\n|poke|p2|Torkoal, L50, M|\n|poke|p2|Armarouge, L50, F|\n|poke|p2|Alakazam, L50, F|\n|poke|p2|Meganium, L50, M|\n|poke|p2|Slowbro, L50, M|\n|poke|p2|Clefable, L50, F|\n|teampreview|4\n|\n|t:|1776437677\n|teamsize|p1|4\n|teamsize|p2|4\n|start\n|switch|p1a: Scovillain|Scovillain, L50, F|100/100\n|switch|p1b: Garchomp|Garchomp, L50, M|100/100\n|switch|p2a: Alakazam|Alakazam, L50, F|100/100\n|switch|p2b: Armarouge|Armarouge, L50, F|100/100\n|turn|1\n|\n|t:|1776437695\n|switch|p2b: Meganium|Meganium, L50, M|100/100\n|detailschange|p1a: Scovillain|Scovillain-Mega, L50, F\n|-mega|p1a: Scovillain|Scovillain|Scovillainite\n|move|p2a: Alakazam|Psychic Terrain|p2a: Alakazam\n|-fieldstart|move: Psychic Terrain\n|move|p1b: Garchomp|Stomping Tantrum|p2b: Meganium\n|-resisted|p2b: Meganium|1\n|-damage|p2b: Meganium|76/100\n|move|p1a: Scovillain|Leaf Storm|p2a: Alakazam\n|-damage|p2a: Alakazam|8/100\n|-unboost|p1a: Scovillain|spa|2\n|\n|upkeep\n|turn|2\n|\n|t:|1776437729\n|detailschange|p2b: Meganium|Meganium-Mega, L50, M\n|-mega|p2b: Meganium|Meganium|Meganiumite\n|move|p1b: Garchomp|Protect|p1b: Garchomp\n|-singleturn|p1b: Garchomp|Protect\n|move|p1a: Scovillain|Protect|p1a: Scovillain\n|-singleturn|p1a: Scovillain|Protect\n|move|p2a: Alakazam|Expanding Force|p1a: Scovillain|[spread] \n|-activate|p1a: Scovillain|move: Protect\n|-activate|p1b: Garchomp|move: Protect\n|move|p2b: Meganium|Dazzling Gleam|p1b: Garchomp|[spread] \n|-activate|p1a: Scovillain|move: Protect\n|-activate|p1b: Garchomp|move: Protect\n|\n|upkeep\n|turn|3\n|\n|t:|1776437759\n|move|p2a: Alakazam|Expanding Force|p1b: Garchomp|[spread] p1a,p1b\n|-damage|p1a: Scovillain|39/100\n|-damage|p1b: Garchomp|31/100\n|-status|p2a: Alakazam|brn|[from] ability: Spicy Spray|[of] p1a: Scovillain\n|move|p1b: Garchomp|Stomping Tantrum|p2b: Meganium\n|-resisted|p2b: Meganium|1\n|-damage|p2b: Meganium|53/100\n|move|p2b: Meganium|Dazzling Gleam|p1a: Scovillain|[spread] p1a,p1b\n|-resisted|p1a: Scovillain|1\n|-supereffective|p1b: Garchomp|1\n|-damage|p1a: Scovillain|23/100\n|-damage|p1b: Garchomp|0 fnt\n|-status|p2b: Meganium|brn|[from] ability: Spicy Spray|[of] p1a: Scovillain\n|faint|p1b: Garchomp\n|move|p1a: Scovillain|Flamethrower|p2a: Alakazam\n|-damage|p2a: Alakazam|0 fnt\n|faint|p2a: Alakazam\n|\n|-damage|p2b: Meganium|48/100 brn|[from] brn\n|upkeep\n|\n|t:|1776437783\n|switch|p2a: Clefable|Clefable, L50, F|100/100\n|switch|p1b: Sneasler|Sneasler, L50, M, shiny|100/100\n|turn|4\n|\n|t:|1776437812\n|switch|p1a: Basculegion|Basculegion, L50, M|100/100\n|move|p1b: Sneasler|Protect|p1b: Sneasler\n|-singleturn|p1b: Sneasler|Protect\n|move|p2b: Meganium|Dazzling Gleam|p1b: Sneasler|[spread] p1a\n|-activate|p1b: Sneasler|move: Protect\n|-damage|p1a: Basculegion|65/100\n|move|p2a: Clefable|Moonblast|p1b: Sneasler\n|-activate|p1b: Sneasler|move: Protect\n|\n|-damage|p2b: Meganium|42/100 brn|[from] brn\n|upkeep\n|turn|5\n|\n|t:|1776437837\n|move|p2a: Clefable|Follow Me|p2a: Clefable\n|-singleturn|p2a: Clefable|move: Follow Me\n|move|p1a: Basculegion|Flip Turn|p2a: Clefable\n|-damage|p2a: Clefable|56/100\n|\n|t:|1776437839\n|switch|p1a: Scovillain|Scovillain-Mega, L50, F|23/100|[from] Flip Turn\n|move|p1b: Sneasler|Dire Claw|p2a: Clefable\n|-supereffective|p2a: Clefable|1\n|-damage|p2a: Clefable|0 fnt\n|faint|p2a: Clefable\n|move|p2b: Meganium|Dazzling Gleam|p1a: Scovillain|[spread] p1a,p1b\n|-resisted|p1a: Scovillain|1\n|-crit|p1a: Scovillain\n|-damage|p1a: Scovillain|0 fnt\n|-damage|p1b: Sneasler|59/100\n|faint|p1a: Scovillain\n|\n|-damage|p2b: Meganium|36/100 brn|[from] brn\n|-fieldend|move: Psychic Terrain\n|upkeep\n|\n|t:|1776437847\n|switch|p1a: Basculegion|Basculegion, L50, M|65/100\n|switch|p2a: Armarouge|Armarouge, L50, F|100/100\n|turn|6\n|\n|t:|1776437854\n|move|p1a: Basculegion|Last Respects|p2a: Armarouge\n|-supereffective|p2a: Armarouge|1\n|-damage|p2a: Armarouge|0 fnt\n|faint|p2a: Armarouge\n|move|p1b: Sneasler|Dire Claw|p2b: Meganium\n|-supereffective|p2b: Meganium|2\n|-damage|p2b: Meganium|0 fnt\n|faint|p2b: Meganium\n|\n|win|vgctest658\n|raw|vgctest658's rating: 1133 &rarr; <strong>1162</strong><br />(+29 for winning)\n|raw|Aadvika's rating: 1184 &rarr; <strong>1155</strong><br />(-29 for losing)\n",
  "uploadtime": 1776437857,
  "views": 27,
  "formatid": "gen9championsvgc2026regma",
  "rating": 1155,
  "private": 0,
  "password": null
}