{
  "id": "gen9championsvgc2026regma-2586379208",
  "format": "[Gen 9 Champions] VGC 2026 Reg M-A",
  "players": [
    "MrMonkey6",
    "pulpirbulbar"
  ],
  "log": "|j|\u2606MrMonkey6\n|j|\u2606pulpirbulbar\n|t:|1776430309\n|gametype|doubles\n|player|p1|MrMonkey6|170|1073\n|player|p2|pulpirbulbar|n|1050\n|gen|9\n|tier|[Gen 9 Champions] VGC 2026 Reg M-A\n|rated|\n|rule|Species Clause: Limit one of each Pok\u00e9mon\n|rule|Item Clause: Limit 1 of each item\n|clearpoke\n|poke|p1|Orthworm, L50, F|\n|poke|p1|Gengar, L50, M|\n|poke|p1|Garchomp, L50, M|\n|poke|p1|Sneasler, L50, F|\n|poke|p1|Sableye, L50, F|\n|poke|p1|Incineroar, L50, F|\n|poke|p2|Feraligatr, L50, F|\n|poke|p2|Corviknight, L50, F|\n|poke|p2|Venusaur, L50, M|\n|poke|p2|Volcarona, L50, M|\n|poke|p2|Camerupt, L50, F|\n|poke|p2|Cofagrigus, L50, F|\n|teampreview|4\n|inactive|Battle timer is ON: inactive players will automatically lose when time's up. (requested by pulpirbulbar)\n|\n|t:|1776430331\n|teamsize|p1|4\n|teamsize|p2|4\n|start\n|switch|p1a: Sableye|Sableye, L50, F|100/100\n|switch|p1b: Orthworm|Orthworm, L50, F|100/100\n|switch|p2a: Corviknight|Corviknight, L50, F|100/100\n|switch|p2b: Cofagrigus|Cofagrigus, L50, F|100/100\n|-ability|p2a: Corviknight|Pressure\n|turn|1\n|\n|t:|1776430354\n|move|p2a: Corviknight|Protect|p2a: Corviknight\n|-singleturn|p2a: Corviknight|Protect\n|move|p1a: Sableye|Will-O-Wisp|p2a: Corviknight\n|-activate|p2a: Corviknight|move: Protect\n|move|p1b: Orthworm|Shed Tail|p1b: Orthworm\n|-start|p1b: Orthworm|Substitute|[from] move: Shed Tail\n|-damage|p1b: Orthworm|50/100\n|-enditem|p1b: Orthworm|Sitrus Berry|[eat]\n|-heal|p1b: Orthworm|75/100|[from] item: Sitrus Berry\n|\n|t:|1776430369\n|switch|p1b: Gengar|Gengar, L50, M|100/100|[from] Shed Tail\n|move|p2b: Cofagrigus|Will-O-Wisp||[still]\n|-fail|p2b: Cofagrigus\n|\n|upkeep\n|turn|2\n|inactive|MrMonkey6 has 30 seconds left.\n|\n|t:|1776430394\n|switch|p2a: Camerupt|Camerupt, L50, F|100/100\n|detailschange|p1b: Gengar|Gengar-Mega, L50, M\n|-mega|p1b: Gengar|Gengar|Gengarite\n|move|p1a: Sableye|Will-O-Wisp|p2a: Camerupt\n|-immune|p2a: Camerupt\n|move|p1b: Gengar|Toxic Spikes|p2a: Camerupt\n|-sidestart|p2: pulpirbulbar|move: Toxic Spikes\n|move|p2b: Cofagrigus|Trick Room|p2b: Cofagrigus\n|-fieldstart|move: Trick Room|[of] p2b: Cofagrigus\n|\n|upkeep\n|turn|3\n|\n|t:|1776430414\n|switch|p2b: Corviknight|Corviknight, L50, F|100/100\n|-ability|p2b: Corviknight|Pressure\n|move|p1a: Sableye|Detect|p1a: Sableye\n|-singleturn|p1a: Sableye|Protect\n|move|p1b: Gengar|Protect|p1b: Gengar\n|-singleturn|p1b: Gengar|Protect\n|move|p2a: Camerupt|Eruption|p1b: Gengar|[spread] \n|-activate|p1a: Sableye|move: Protect\n|-activate|p1b: Gengar|move: Protect\n|\n|upkeep\n|turn|4\n|\n|t:|1776430433\n|move|p1a: Sableye|Quash|p2a: Camerupt\n|-activate|p2a: Camerupt|move: Quash\n|move|p2b: Corviknight|Brave Bird|p1b: Gengar\n|-end|p1b: Gengar|Substitute\n|-damage|p2b: Corviknight|93/100|[from] Recoil|[of] p1b: Gengar\n|move|p1b: Gengar|Hex|p2a: Camerupt\n|-damage|p2a: Camerupt|48/100\n|move|p2a: Camerupt|Eruption|p1b: Gengar|[spread] p1a,p1b\n|-damage|p1a: Sableye|71/100\n|-damage|p1b: Gengar|63/100\n|\n|-heal|p2b: Corviknight|99/100|[from] item: Leftovers\n|upkeep\n|turn|5\n|inactive|MrMonkey6 has 30 seconds left.\n|\n|t:|1776430461\n|move|p1a: Sableye|Detect|p1a: Sableye\n|-singleturn|p1a: Sableye|Protect\n|move|p1b: Gengar|Protect|p1b: Gengar\n|-singleturn|p1b: Gengar|Protect\n|move|p2a: Camerupt|Earth Power|p1b: Gengar\n|-activate|p1b: Gengar|move: Protect\n|move|p2b: Corviknight|Brave Bird|p1a: Sableye\n|-activate|p1a: Sableye|move: Protect\n|\n|-heal|p2b: Corviknight|100/100|[from] item: Leftovers\n|upkeep\n|turn|6\n|\n|t:|1776430474\n|switch|p1b: Orthworm|Orthworm, L50, F|75/100\n|move|p2a: Camerupt|Protect|p2a: Camerupt\n|-singleturn|p2a: Camerupt|Protect\n|move|p1a: Sableye|Will-O-Wisp|p2b: Corviknight\n|-status|p2b: Corviknight|brn\n|move|p2b: Corviknight|Brave Bird|p1b: Orthworm\n|-resisted|p1b: Orthworm|1\n|-damage|p1b: Orthworm|68/100\n|-damage|p2b: Corviknight|99/100 brn|[from] Recoil\n|\n|-heal|p2b: Corviknight|100/100 brn|[from] item: Leftovers\n|-damage|p2b: Corviknight|95/100 brn|[from] brn\n|-fieldend|move: Trick Room\n|upkeep\n|turn|7\n|c|\u2606pulpirbulbar|corny ass trash ass mf\n|-message|pulpirbulbar forfeited.\n|\n|win|MrMonkey6\n",
  "uploadtime": 1776430490,
  "views": 19,
  "formatid": "gen9championsvgc2026regma",
  "rating": null,
  "private": 0,
  "password": null
}