{
  "id": "gen9championsvgc2026regma-2583511949",
  "format": "[Gen 9 Champions] VGC 2026 Reg M-A",
  "players": [
    "Ongalabong",
    "skymin<3"
  ],
  "log": "|j|\u2606Ongalabong\n|j|\u2606skymin<3\n|html|<table width=\"100%\"><tr><td align=\"left\">Ongalabong</td><td align=\"right\">skymin&lt;3</tr><tr><td align=\"left\"><i class=\"fa fa-circle-o\"></i> <i class=\"fa fa-circle-o\"></i> </td><td align=\"right\"><i class=\"fa fa-circle-o\"></i> <i class=\"fa fa-circle\"></i> </tr></table>\n|uhtml|bestof|<h2><strong>Game 2</strong> of <a href=\"/game-bestof3-gen9championsvgc2026regma-2583506917\">a best-of-3</a></h2>\n|t:|1776180315\n|gametype|doubles\n|player|p1|Ongalabong|benga|\n|player|p2|skymin<3|#skymin3|\n|gen|9\n|tier|[Gen 9 Champions] VGC 2026 Reg M-A\n|rated|Tournament battle\n|rule|Species Clause: Limit one of each Pok\u00e9mon\n|rule|Item Clause: Limit 1 of each item\n|raw|<div class=\"infobox\"><details class=\"readmore\" open><summary><strong>2 custom rules:</strong></summary> Force Open Team Sheets, Best of = 3</details></div>\n|clearpoke\n|poke|p1|Scovillain, L50, M|\n|poke|p1|Primarina, L50, M|\n|poke|p1|Farigiraf, L50, F|\n|poke|p1|Garchomp, L50, M|\n|poke|p1|Tyranitar, L50, F|\n|poke|p1|Aerodactyl, L50, M|\n|poke|p2|Delphox, L50, M|\n|poke|p2|Meowscarada, L50, M|\n|poke|p2|Rotom-Wash, L50|\n|poke|p2|Sneasler, L50, M|\n|poke|p2|Corviknight, L50, F|\n|poke|p2|Garchomp, L50, M|\n|teampreview|4\n|showteam|p1|Scovillain||Scovillainite|Moody|Flamethrower,RagePowder,LeechSeed,Protect|||M|||50|]Primarina||Leftovers|LiquidVoice|HyperVoice,Moonblast,CalmMind,Protect|||M|||50|]Farigiraf||ColburBerry|ArmorTail|Psychic,HyperVoice,TrickRoom,HelpingHand|||F|||50|]Garchomp||BrightPowder|SandVeil|Earthquake,DragonClaw,SwordsDance,Protect|||M|||50|]Tyranitar||Tyranitarite|SandStream|RockSlide,KnockOff,LowKick,Protect|||F|||50|]Aerodactyl||FocusSash|Unnerve|RockSlide,WideGuard,Tailwind,Protect|||M|||50|\n|showteam|p2|Delphox||Delphoxite|Blaze|Encore,HeatWave,Psychic,Protect|||M|||50|]Meowscarada||ChoiceScarf|Protean|Uturn,FlowerTrick,ThroatChop,LowKick|||M|||50|]Rotom-Wash||Leftovers|Levitate|HydroPump,Thunderbolt,Protect,WillOWisp||||||50|]Sneasler||WhiteHerb|Unburden|CloseCombat,DireClaw,Protect,FakeOut|||M|||50|]Corviknight||SitrusBerry|MirrorArmor|BraveBird,BodyPress,BulkUp,Roost|||F|||50|]Garchomp||FocusSash|RoughSkin|StompingTantrum,Protect,RockSlide,DragonClaw|||M|||50|\n|j| NegativeN_0\n|j| MegaGardevoirVgc\nOngalabong has agreed to open team sheets.\n|j| Ducktile\n|c|\u2606Ongalabong|glhf 2\n|inactive|Battle timer is ON: inactive players will automatically lose when time's up. (requested by Ongalabong)\n|\n|t:|1776180348\n|teamsize|p1|4\n|teamsize|p2|4\n|start\n|switch|p1a: Aerodactyl|Aerodactyl, L50, M|100/100\n|switch|p1b: Primarina|Primarina, L50, M|100/100\n|switch|p2a: Eclipsa|Delphox, L50, M, shiny|100/100\n|switch|p2b: Neferpitou|Meowscarada, L50, M, shiny|100/100\n|-ability|p1a: Aerodactyl|Unnerve\n|turn|1\n|inactive|Ongalabong has 30 seconds left.\n|inactive|skymin<3 has 30 seconds left.\n|inactive|skymin<3 has 20 seconds left.\n|\n|t:|1776180384\n|switch|p1b: Scovillain|Scovillain, L50, M|100/100\n|detailschange|p2a: Eclipsa|Delphox-Mega, L50, M, shiny\n|-mega|p2a: Eclipsa|Delphox|Delphoxite\n|move|p2b: Neferpitou|Flower Trick|p1b: Scovillain\n|-start|p2b: Neferpitou|typechange|Grass|[from] ability: Protean\n|-resisted|p1b: Scovillain|2\n|-crit|p1b: Scovillain\n|-damage|p1b: Scovillain|87/100\n|move|p2a: Eclipsa|Psychic|p1a: Aerodactyl\n|-damage|p1a: Aerodactyl|27/100\n|move|p1a: Aerodactyl|Tailwind|p1a: Aerodactyl\n|-sidestart|p1: Ongalabong|move: Tailwind\n|\n|-ability|p1b: Scovillain|Moody|boost\n|-boost|p1b: Scovillain|spd|2\n|-unboost|p1b: Scovillain|def|1\n|upkeep\n|turn|2\n|inactive|skymin<3 has 30 seconds left.\n|\n|t:|1776180416\n|detailschange|p1b: Scovillain|Scovillain-Mega, L50, M\n|-mega|p1b: Scovillain|Scovillain|Scovillainite\n|move|p1a: Aerodactyl|Rock Slide|p2a: Eclipsa|[spread] p2b\n|-miss|p1a: Aerodactyl|p2a: Eclipsa\n|-damage|p2b: Neferpitou|61/100\n|move|p2b: Neferpitou|Flower Trick|p1a: Aerodactyl\n|-crit|p1a: Aerodactyl\n|-damage|p1a: Aerodactyl|0 fnt\n|faint|p1a: Aerodactyl\n|move|p2a: Eclipsa|Heat Wave|p1b: Scovillain|[miss]\n|-miss|p2a: Eclipsa|p1b: Scovillain\n|move|p1b: Scovillain|Flamethrower|p2b: Neferpitou\n|-supereffective|p2b: Neferpitou|1\n|-damage|p2b: Neferpitou|0 fnt\n|faint|p2b: Neferpitou\n|\n|upkeep\n|\n|t:|1776180431\n|switch|p1a: Garchomp|Garchomp, L50, M|100/100\n|switch|p2b: Consul D|Sneasler, L50, M, shiny|100/100\n|turn|3\n|\n|t:|1776180455\n|move|p2b: Consul D|Fake Out|p1a: Garchomp|[miss]\n|-miss|p2b: Consul D|p1a: Garchomp\n|move|p1b: Scovillain|Rage Powder|p1b: Scovillain\n|-singleturn|p1b: Scovillain|move: Rage Powder\n|move|p1a: Garchomp|Swords Dance|p1a: Garchomp\n|-boost|p1a: Garchomp|atk|2\n|move|p2a: Eclipsa|Psychic|p1b: Scovillain\n|-damage|p1b: Scovillain|59/100\n|-immune|p2a: Eclipsa\n|\n|upkeep\n|turn|4\n|j| RookieHj\n|c|\u2606skymin<3|ok lol\n|\n|t:|1776180475\n|move|p2a: Eclipsa|Protect|p2a: Eclipsa\n|-singleturn|p2a: Eclipsa|Protect\n|move|p2b: Consul D|Protect|p2b: Consul D\n|-singleturn|p2b: Consul D|Protect\n|move|p1b: Scovillain|Rage Powder|p1b: Scovillain\n|-singleturn|p1b: Scovillain|move: Rage Powder\n|move|p1a: Garchomp|Dragon Claw|p2a: Eclipsa\n|-activate|p2a: Eclipsa|move: Protect\n|\n|-sideend|p1: Ongalabong|move: Tailwind\n|upkeep\n|turn|5\n|\n|t:|1776180489\n|switch|p2a: Kushala Daora|Corviknight, L50, F, shiny|100/100\n|move|p1b: Scovillain|Rage Powder|p1b: Scovillain\n|-singleturn|p1b: Scovillain|move: Rage Powder\n|move|p2b: Consul D|Dire Claw|p1b: Scovillain\n|-supereffective|p1b: Scovillain|1\n|-damage|p1b: Scovillain|0 fnt\n|-status|p2b: Consul D|brn|[from] ability: Spicy Spray|[of] p1b: Scovillain\n|faint|p1b: Scovillain\n|move|p1a: Garchomp|Dragon Claw|p2a: Kushala Daora\n|-resisted|p2a: Kushala Daora|1\n|-damage|p2a: Kushala Daora|70/100\n|\n|-damage|p2b: Consul D|95/100 brn|[from] brn\n|upkeep\n|\n|t:|1776180506\n|switch|p1b: Primarina|Primarina, L50, M|100/100\n|turn|6\n|inactive|skymin<3 has 30 seconds left.\n|inactive|skymin<3 has 20 seconds left.\n|inactive|skymin<3 has 15 seconds left.\n|inactive|skymin<3 has 10 seconds left.\n|\n|t:|1776180555\n|move|p2b: Consul D|Protect|p2b: Consul D\n|-singleturn|p2b: Consul D|Protect\n|move|p1a: Garchomp|Dragon Claw|p2a: Kushala Daora\n|-resisted|p2a: Kushala Daora|1\n|-damage|p2a: Kushala Daora|35/100\n|-enditem|p2a: Kushala Daora|Sitrus Berry|[eat]\n|-heal|p2a: Kushala Daora|60/100|[from] item: Sitrus Berry\n|move|p2a: Kushala Daora|Brave Bird|p1b: Primarina\n|-damage|p1b: Primarina|57/100\n|-damage|p2a: Kushala Daora|46/100|[from] Recoil\n|move|p1b: Primarina|Hyper Voice|p2a: Kushala Daora|[spread] p2a\n|-activate|p2b: Consul D|move: Protect\n|-damage|p2a: Kushala Daora|16/100\n|\n|-heal|p1b: Primarina|63/100|[from] item: Leftovers\n|-damage|p2b: Consul D|89/100 brn|[from] brn\n|upkeep\n|turn|7\n|inactive|Ongalabong has 30 seconds left.\n|inactive|skymin<3 has 30 seconds left.\n|inactive|skymin<3 has 20 seconds left.\n|inactive|skymin<3 has 15 seconds left.\n|\n|t:|1776180599\n|move|p2b: Consul D|Dire Claw|p1b: Primarina\n|-supereffective|p1b: Primarina|1\n|-damage|p1b: Primarina|18/100\n|-status|p1b: Primarina|slp\n|move|p1a: Garchomp|Dragon Claw|p2a: Kushala Daora\n|-resisted|p2a: Kushala Daora|1\n|-damage|p2a: Kushala Daora|0 fnt\n|faint|p2a: Kushala Daora\n|cant|p1b: Primarina|slp\n|\n|-heal|p1b: Primarina|24/100 slp|[from] item: Leftovers\n|-damage|p2b: Consul D|83/100 brn|[from] brn\n|upkeep\n|\n|t:|1776180605\n|switch|p2a: Eclipsa|Delphox-Mega, L50, M, shiny|100/100\n|turn|8\n|\n|t:|1776180628\n|move|p1a: Garchomp|Protect|p1a: Garchomp\n|-singleturn|p1a: Garchomp|Protect\n|cant|p1b: Primarina|slp\n|move|p2a: Eclipsa|Psychic|p1a: Garchomp\n|-activate|p1a: Garchomp|move: Protect\n|move|p2b: Consul D|Close Combat|p1a: Garchomp\n|-activate|p1a: Garchomp|move: Protect\n|\n|-heal|p1b: Primarina|30/100 slp|[from] item: Leftovers\n|-damage|p2b: Consul D|77/100 brn|[from] brn\n|upkeep\n|turn|9\n|c|\u2606skymin<3|lol\n|c|\u2606skymin<3|its amazing how its never the good players getting the luck\n|c|\u2606skymin<3|cus if i had a fraction\n|c|\u2606skymin<3|id never lose\n|c|\u2606skymin<3|gg man lolk\n|\n|t:|1776180654\n|move|p2a: Eclipsa|Encore|p1a: Garchomp\n|-start|p1a: Garchomp|Encore\n|move|p1a: Garchomp|Protect||[still]\n|-fail|p1a: Garchomp\n|move|p2b: Consul D|Dire Claw|p1b: Primarina\n|-supereffective|p1b: Primarina|1\n|-damage|p1b: Primarina|0 fnt\n|faint|p1b: Primarina\n|\n|-damage|p2b: Consul D|71/100 brn|[from] brn\n|upkeep\n|turn|10\n|\n|t:|1776180659\n|move|p1a: Garchomp|Protect|p1a: Garchomp\n|-singleturn|p1a: Garchomp|Protect\n|move|p2a: Eclipsa|Psychic|p1a: Garchomp\n|-activate|p1a: Garchomp|move: Protect\n|move|p2b: Consul D|Close Combat|p1a: Garchomp\n|-activate|p1a: Garchomp|move: Protect\n|\n|-damage|p2b: Consul D|66/100 brn|[from] brn\n|upkeep\n|turn|11\n|c|\u2606Ongalabong|gg\n|-message|Ongalabong forfeited.\n|\n|win|skymin<3\n|l| NegativeN_0\n",
  "uploadtime": 1776180672,
  "views": 17,
  "formatid": "gen9championsvgc2026regma",
  "rating": null,
  "private": 0,
  "password": null
}