{
  "id": "gen9championsvgc2026regma-2588915645",
  "format": "[Gen 9 Champions] VGC 2026 Reg M-A",
  "players": [
    "Nep5DS",
    "Yayoge"
  ],
  "log": "|j|\u2606Nep5DS\n|j|\u2606Yayoge\n|t:|1776685507\n|gametype|doubles\n|player|p1|Nep5DS|swimmerf|1173\n|player|p2|Yayoge|palmer|1171\n|gen|9\n|tier|[Gen 9 Champions] VGC 2026 Reg M-A\n|rated|\n|rule|Species Clause: Limit one of each Pok\u00e9mon\n|rule|Item Clause: Limit 1 of each item\n|clearpoke\n|poke|p1|Garchomp, L50, M|\n|poke|p1|Incineroar, L50, M|\n|poke|p1|Tyranitar, L50, M|\n|poke|p1|Rotom-Wash, L50|\n|poke|p1|Lucario, L50, F|\n|poke|p1|Whimsicott, L50, M|\n|poke|p2|Charizard, L50, M|\n|poke|p2|Sneasler, L50, F|\n|poke|p2|Milotic, L50, F|\n|poke|p2|Garchomp, L50, M|\n|poke|p2|Incineroar, L50, F|\n|poke|p2|Venusaur, L50, F|\n|teampreview|4\n|inactive|Battle timer is ON: inactive players will automatically lose when time's up. (requested by Yayoge)\n|\n|t:|1776685537\n|teamsize|p1|4\n|teamsize|p2|4\n|start\n|switch|p1a: Whimsicott|Whimsicott, L50, M|100/100\n|switch|p1b: Rotom|Rotom-Wash, L50|100/100\n|switch|p2a: Sneasler|Sneasler, L50, F|100/100\n|switch|p2b: Milotic|Milotic, L50, F|100/100\n|turn|1\n|inactive|Nep5DS has 30 seconds left.\n|\n|t:|1776685563\n|move|p1a: Whimsicott|Protect|p1a: Whimsicott\n|-singleturn|p1a: Whimsicott|Protect\n|move|p2a: Sneasler|Fake Out|p1a: Whimsicott\n|-activate|p1a: Whimsicott|move: Protect\n|move|p1b: Rotom|Will-O-Wisp|p2a: Sneasler\n|-status|p2a: Sneasler|brn\n|move|p2b: Milotic|Coil|p2b: Milotic\n|-boost|p2b: Milotic|atk|1\n|-boost|p2b: Milotic|def|1\n|-boost|p2b: Milotic|accuracy|1\n|\n|-damage|p2a: Sneasler|95/100 brn|[from] brn\n|upkeep\n|turn|2\n|inactive|Nep5DS has 30 seconds left.\n|\n|t:|1776685591\n|move|p1a: Whimsicott|Encore|p2b: Milotic\n|-start|p2b: Milotic|Encore\n|move|p2a: Sneasler|Dire Claw|p1a: Whimsicott\n|-supereffective|p1a: Whimsicott|2\n|-damage|p1a: Whimsicott|3/100\n|move|p1b: Rotom|Volt Switch|p2b: Milotic\n|-supereffective|p2b: Milotic|1\n|-damage|p2b: Milotic|68/100\n|\n|t:|1776685601\n|switch|p1b: Lucario|Lucario, L50, F|100/100|[from] Volt Switch\n|move|p2b: Milotic|Coil|p2b: Milotic\n|-boost|p2b: Milotic|atk|1\n|-boost|p2b: Milotic|def|1\n|-boost|p2b: Milotic|accuracy|1\n|\n|-heal|p2b: Milotic|74/100|[from] item: Leftovers\n|-damage|p2a: Sneasler|89/100 brn|[from] brn\n|upkeep\n|turn|3\n|inactive|Yayoge has 30 seconds left.\n|\n|t:|1776685630\n|detailschange|p1b: Lucario|Lucario-Mega, L50, F\n|-mega|p1b: Lucario|Lucario|Lucarionite\n|move|p1a: Whimsicott|Tailwind|p1a: Whimsicott\n|-sidestart|p1: Nep5DS|move: Tailwind\n|move|p1b: Lucario|Bullet Punch|p2a: Sneasler\n|-damage|p2a: Sneasler|36/100 brn\n|move|p2a: Sneasler|Close Combat|p1b: Lucario\n|-supereffective|p1b: Lucario|1\n|-damage|p1b: Lucario|16/100\n|-unboost|p2a: Sneasler|def|1\n|-unboost|p2a: Sneasler|spd|1\n|-enditem|p2a: Sneasler|White Herb\n|-clearnegativeboost|p2a: Sneasler|[silent]\n|move|p2b: Milotic|Coil|p2b: Milotic\n|-boost|p2b: Milotic|atk|1\n|-boost|p2b: Milotic|def|1\n|-boost|p2b: Milotic|accuracy|1\n|\n|-heal|p2b: Milotic|80/100|[from] item: Leftovers\n|-damage|p2a: Sneasler|30/100 brn|[from] brn\n|upkeep\n|turn|4\n|inactive|Nep5DS has 30 seconds left.\n|\n|t:|1776685664\n|switch|p2a: Garchomp|Garchomp, L50, M|100/100\n|switch|p1a: Garchomp|Garchomp, L50, M|100/100\n|move|p1b: Lucario|Bullet Punch|p2a: Garchomp\n|-damage|p2a: Garchomp|65/100\n|-damage|p1b: Lucario|3/100|[from] ability: Rough Skin|[of] p2a: Garchomp\n|move|p2b: Milotic|Coil|p2b: Milotic\n|-boost|p2b: Milotic|atk|1\n|-boost|p2b: Milotic|def|1\n|-boost|p2b: Milotic|accuracy|1\n|\n|-heal|p2b: Milotic|86/100|[from] item: Leftovers\n|-end|p2b: Milotic|Encore\n|upkeep\n|turn|5\n|inactive|Nep5DS has 30 seconds left.\n|\n|t:|1776685695\n|switch|p1b: Rotom|Rotom-Wash, L50|100/100\n|move|p2a: Garchomp|Protect|p2a: Garchomp\n|-singleturn|p2a: Garchomp|Protect\n|move|p1a: Garchomp|Dragon Claw|p2a: Garchomp\n|-activate|p2a: Garchomp|move: Protect\n|move|p2b: Milotic|Hypnosis|p1a: Garchomp\n|-status|p1a: Garchomp|slp|[from] move: Hypnosis\n|-enditem|p1a: Garchomp|Lum Berry|[eat]\n|-curestatus|p1a: Garchomp|slp|[msg]\n|\n|-heal|p2b: Milotic|92/100|[from] item: Leftovers\n|upkeep\n|turn|6\n|\n|t:|1776685717\n|switch|p2a: Sneasler|Sneasler, L50, F|30/100 brn\n|move|p1a: Garchomp|Dragon Claw|p2a: Sneasler\n|-damage|p2a: Sneasler|0 fnt\n|faint|p2a: Sneasler\n|move|p1b: Rotom|Volt Switch|p2b: Milotic\n|-supereffective|p2b: Milotic|1\n|-damage|p2b: Milotic|58/100\n|\n|t:|1776685732\n|switch|p1b: Whimsicott|Whimsicott, L50, M|3/100|[from] Volt Switch\n|move|p2b: Milotic|Hypnosis|p1a: Garchomp\n|-status|p1a: Garchomp|slp|[from] move: Hypnosis\n|\n|-heal|p2b: Milotic|64/100|[from] item: Leftovers\n|-sideend|p1: Nep5DS|move: Tailwind\n|upkeep\n|\n|t:|1776685737\n|switch|p2a: Charizard|Charizard, L50, M|100/100\n|turn|7\n|\n|t:|1776685750\n|detailschange|p2a: Charizard|Charizard-Mega-Y, L50, M\n|-mega|p2a: Charizard|Charizard|Charizardite Y\n|-weather|SunnyDay|[from] ability: Drought|[of] p2a: Charizard\n|move|p1b: Whimsicott|Encore|p2b: Milotic\n|-start|p2b: Milotic|Encore\n|cant|p1a: Garchomp|slp\n|move|p2a: Charizard|Heat Wave|p1b: Whimsicott|[spread] p1a,p1b\n|-resisted|p1a: Garchomp|1\n|-supereffective|p1b: Whimsicott|1\n|-damage|p1a: Garchomp|68/100 slp\n|-damage|p1b: Whimsicott|0 fnt\n|faint|p1b: Whimsicott\n|move|p2b: Milotic|Hypnosis|p1a: Garchomp\n|-fail|p1a: Garchomp|slp\n|\n|-weather|SunnyDay|[upkeep]\n|-heal|p2b: Milotic|70/100|[from] item: Leftovers\n|upkeep\n|\n|t:|1776685765\n|switch|p1b: Rotom|Rotom-Wash, L50|100/100\n|turn|8\n|\n|t:|1776685774\n|cant|p1a: Garchomp|slp\n|move|p2a: Charizard|Solar Beam||[still]\n|-prepare|p2a: Charizard|Solar Beam\n|-anim|p2a: Charizard|Solar Beam|p1b: Rotom\n|-supereffective|p1b: Rotom|1\n|-damage|p1b: Rotom|0 fnt\n|faint|p1b: Rotom\n|move|p2b: Milotic|Hypnosis|p1a: Garchomp\n|-fail|p1a: Garchomp|slp\n|\n|-weather|SunnyDay|[upkeep]\n|-heal|p2b: Milotic|76/100|[from] item: Leftovers\n|upkeep\n|\n|t:|1776685785\n|switch|p1b: Lucario|Lucario-Mega, L50, F|3/100\n|turn|9\n|\n|t:|1776685799\n|move|p2a: Charizard|Protect|p2a: Charizard\n|-singleturn|p2a: Charizard|Protect\n|move|p1b: Lucario|Protect|p1b: Lucario\n|-singleturn|p1b: Lucario|Protect\n|-curestatus|p1a: Garchomp|slp|[msg]\n|move|p1a: Garchomp|Dragon Claw|p2b: Milotic\n|-damage|p2b: Milotic|62/100\n|move|p2b: Milotic|Hypnosis|p1b: Lucario\n|-activate|p1b: Lucario|move: Protect\n|\n|-weather|SunnyDay|[upkeep]\n|-heal|p2b: Milotic|68/100|[from] item: Leftovers\n|-end|p2b: Milotic|Encore\n|upkeep\n|turn|10\n|\n|t:|1776685818\n|switch|p2a: Garchomp|Garchomp, L50, M|65/100\n|move|p1b: Lucario|Bullet Punch|p2b: Milotic\n|-resisted|p2b: Milotic|1\n|-damage|p2b: Milotic|63/100\n|move|p1a: Garchomp|Swords Dance|p1a: Garchomp\n|-boost|p1a: Garchomp|atk|2\n|move|p2b: Milotic|Muddy Water|p1b: Lucario|[spread] p1a,p1b\n|-damage|p1a: Garchomp|56/100\n|-damage|p1b: Lucario|0 fnt\n|faint|p1b: Lucario\n|\n|-weather|SunnyDay|[upkeep]\n|-heal|p2b: Milotic|69/100|[from] item: Leftovers\n|upkeep\n|turn|11\n|\n|t:|1776685838\n|move|p2a: Garchomp|Dragon Claw|p1a: Garchomp\n|-supereffective|p1a: Garchomp|1\n|-damage|p1a: Garchomp|0 fnt\n|faint|p1a: Garchomp\n|\n|win|Yayoge\n|raw|Nep5DS's rating: 1173 &rarr; <strong>1148</strong><br />(-25 for losing)\n|raw|Yayoge's rating: 1171 &rarr; <strong>1196</strong><br />(+25 for winning)\n|l|\u2606Nep5DS\n|player|p1|\n",
  "uploadtime": 1776685848,
  "views": 10,
  "formatid": "gen9championsvgc2026regma",
  "rating": 1148,
  "private": 0,
  "password": null
}