{
  "id": "gen9championsvgc2026regma-2580540928",
  "format": "[Gen 9 Champions] VGC 2026 Reg M-A",
  "players": [
    "fg43qgq34g",
    "yamzinyobooty"
  ],
  "log": "|j|\u2606fg43qgq34g\n|j|\u2606yamzinyobooty\n|t:|1775910700\n|gametype|doubles\n|player|p1|fg43qgq34g|102|1045\n|player|p2|yamzinyobooty|2|1134\n|gen|9\n|tier|[Gen 9 Champions] VGC 2026 Reg M-A\n|rated|\n|rule|Species Clause: Limit one of each Pok\u00e9mon\n|rule|Item Clause: Limit 1 of each item\n|clearpoke\n|poke|p1|Oranguru, L50, M|\n|poke|p1|Golurk, L50|\n|poke|p1|Torkoal, L50, F|\n|poke|p1|Incineroar, L50, M|\n|poke|p1|Sinistcha, L50|\n|poke|p1|Slowking-Galar, L50, F|\n|poke|p2|Tyranitar, L50, F|\n|poke|p2|Excadrill, L50, F|\n|poke|p2|Rotom-Wash, L50|\n|poke|p2|Basculegion, L50, M|\n|poke|p2|Meganium, L50, F|\n|poke|p2|Talonflame, L50, M|\n|teampreview|4\n|inactive|Battle timer is ON: inactive players will automatically lose when time's up. (requested by yamzinyobooty)\n|inactive|yamzinyobooty has 60 seconds left.\n|\n|t:|1775910737\n|teamsize|p1|4\n|teamsize|p2|4\n|start\n|switch|p1a: Oranguru|Oranguru, L50, M|100/100\n|switch|p1b: Slowking|Slowking-Galar, L50, F|100/100\n|switch|p2a: Basculegion|Basculegion, L50, M|100/100\n|switch|p2b: Rotom|Rotom-Wash, L50, shiny|100/100\n|-clearboost|p1a: Oranguru|[from] ability: Curious Medicine|[of] p1b: Slowking\n|turn|1\n|inactive|yamzinyobooty has 30 seconds left.\n|inactive|yamzinyobooty has 20 seconds left.\n|inactive|yamzinyobooty has 15 seconds left.\n|inactive|yamzinyobooty has 10 seconds left.\n|\n|t:|1775910786\n|move|p2a: Basculegion|Flip Turn|p1b: Slowking\n|-damage|p1b: Slowking|59/100\n|\n|t:|1775910795\n|switch|p2a: Tyranitar|Tyranitar, L50, F|100/100|[from] Flip Turn\n|-weather|Sandstorm|[from] ability: Sand Stream|[of] p2a: Tyranitar\n|move|p2b: Rotom|Volt Switch|p1b: Slowking\n|-damage|p1b: Slowking|37/100\n|\n|t:|1775910816\n|switch|p2b: Talonflame|Talonflame, L50, M, shiny|100/100|[from] Volt Switch\n|-prepare|p1b: Slowking|Chilly Reception|[premajor]\n|move|p1b: Slowking|Chilly Reception|p1b: Slowking\n|-weather|Snowscape\n|\n|t:|1775910823\n|switch|p1b: Golurk|Golurk, L50|100/100|[from] Chilly Reception\n|move|p1a: Oranguru|Trick Room|p1a: Oranguru\n|-fieldstart|move: Trick Room|[of] p1a: Oranguru\n|\n|-weather|Snowscape|[upkeep]\n|upkeep\n|turn|2\n|inactive|yamzinyobooty has 30 seconds left.\n|inactive|yamzinyobooty has 20 seconds left.\n|inactive|yamzinyobooty has 15 seconds left.\n|inactive|yamzinyobooty has 10 seconds left.\n|\n|t:|1775910872\n|detailschange|p1b: Golurk|Golurk-Mega, L50\n|-mega|p1b: Golurk|Golurk|Golurkite\n|move|p2a: Tyranitar|Protect|p2a: Tyranitar\n|-singleturn|p2a: Tyranitar|Protect\n|move|p1b: Golurk|Hammer Arm|p2a: Tyranitar\n|-supereffective|p2a: Tyranitar|2\n|-enditem|p2a: Tyranitar|Chople Berry|[eat]\n|-enditem|p2a: Tyranitar|Chople Berry|[weaken]\n|-damage|p2a: Tyranitar|86/100\n|-unboost|p1b: Golurk|spe|1\n|move|p1a: Oranguru|Psychic|p2b: Talonflame\n|-damage|p2b: Talonflame|66/100\n|move|p2b: Talonflame|Flare Blitz|p1a: Oranguru\n|-damage|p1a: Oranguru|70/100\n|-damage|p2b: Talonflame|56/100|[from] Recoil\n|\n|-weather|Snowscape|[upkeep]\n|-heal|p2b: Talonflame|62/100|[from] item: Leftovers\n|upkeep\n|turn|3\n|inactive|yamzinyobooty has 30 seconds left.\n|inactive|yamzinyobooty has 20 seconds left.\n|\n|t:|1775910911\n|switch|p2a: Basculegion|Basculegion, L50, M|100/100\n|switch|p2b: Rotom|Rotom-Wash, L50, shiny|100/100\n|move|p1b: Golurk|Poltergeist|p2b: Rotom\n|-activate|p2b: Rotom|move: Poltergeist|Sitrus Berry\n|-damage|p2b: Rotom|23/100\n|-enditem|p2b: Rotom|Sitrus Berry|[eat]\n|-heal|p2b: Rotom|48/100|[from] item: Sitrus Berry\n|move|p1a: Oranguru|Instruct|p1b: Golurk\n|-singleturn|p1b: Golurk|move: Instruct|[of] p1a: Oranguru\n|move|p1b: Golurk|Poltergeist||[still]\n|-fail|p1b: Golurk\n|\n|-weather|Snowscape|[upkeep]\n|upkeep\n|turn|4\n|inactive|fg43qgq34g has 30 seconds left.\n|\n|t:|1775910938\n|switch|p2a: Tyranitar|Tyranitar, L50, F|86/100\n|-weather|Sandstorm|[from] ability: Sand Stream|[of] p2a: Tyranitar\n|move|p1b: Golurk|Poltergeist||[still]\n|-fail|p1b: Golurk\n|move|p1a: Oranguru|Psychic|p2b: Rotom\n|-damage|p2b: Rotom|22/100\n|move|p2b: Rotom|Hydro Pump|p1b: Golurk\n|-supereffective|p1b: Golurk|1\n|-damage|p1b: Golurk|29/100\n|\n|-weather|Sandstorm|[upkeep]\n|-damage|p1a: Oranguru|64/100|[from] Sandstorm\n|-damage|p2b: Rotom|16/100|[from] Sandstorm\n|upkeep\n|turn|5\n|\n|t:|1775910962\n|switch|p2a: Basculegion|Basculegion, L50, M|100/100\n|move|p1b: Golurk|Headlong Rush|p2a: Basculegion\n|-damage|p2a: Basculegion|0 fnt\n|-unboost|p1b: Golurk|def|1\n|-unboost|p1b: Golurk|spd|1\n|faint|p2a: Basculegion\n|move|p1a: Oranguru|Instruct|p1b: Golurk\n|-singleturn|p1b: Golurk|move: Instruct|[of] p1a: Oranguru\n|move|p1b: Golurk|Headlong Rush|p2b: Rotom\n|-immune|p2b: Rotom|[from] ability: Levitate\n|move|p2b: Rotom|Hydro Pump|p1a: Oranguru\n|-damage|p1a: Oranguru|32/100\n|\n|-weather|Sandstorm|[upkeep]\n|-damage|p1a: Oranguru|26/100|[from] Sandstorm\n|-damage|p2b: Rotom|10/100|[from] Sandstorm\n|-fieldend|move: Trick Room\n|upkeep\n|\n|t:|1775910986\n|switch|p2a: Talonflame|Talonflame, L50, M, shiny|62/100\n|turn|6\n|\n|t:|1775910998\n|switch|p1b: Torkoal|Torkoal, L50, F|100/100\n|-weather|SunnyDay|[from] ability: Drought|[of] p1b: Torkoal\n|move|p2a: Talonflame|Flare Blitz|p1a: Oranguru\n|-damage|p1a: Oranguru|0 fnt\n|faint|p1a: Oranguru\n|-damage|p2a: Talonflame|52/100|[from] Recoil\n|move|p2b: Rotom|Hydro Pump|p1b: Torkoal\n|-supereffective|p1b: Torkoal|1\n|-damage|p1b: Torkoal|49/100\n|\n|-weather|SunnyDay|[upkeep]\n|-heal|p2a: Talonflame|58/100|[from] item: Leftovers\n|upkeep\n|\n|t:|1775911005\n|switch|p1a: Slowking|Slowking-Galar, L50, F|37/100\n|-clearboost|p1b: Torkoal|[from] ability: Curious Medicine|[of] p1a: Slowking\n|turn|7\n|\n|t:|1775911021\n|switch|p2a: Tyranitar|Tyranitar, L50, F|86/100\n|-weather|Sandstorm|[from] ability: Sand Stream|[of] p2a: Tyranitar\n|move|p2b: Rotom|Hydro Pump|p1b: Torkoal\n|-supereffective|p1b: Torkoal|1\n|-damage|p1b: Torkoal|0 fnt\n|faint|p1b: Torkoal\n|move|p1a: Slowking|Trick Room|p1a: Slowking\n|-fieldstart|move: Trick Room|[of] p1a: Slowking\n|\n|-weather|Sandstorm|[upkeep]\n|-damage|p1a: Slowking|31/100|[from] Sandstorm\n|-damage|p2b: Rotom|5/100|[from] Sandstorm\n|upkeep\n|\n|t:|1775911030\n|switch|p1b: Golurk|Golurk-Mega, L50|29/100\n|turn|8\n|inactive|yamzinyobooty has 30 seconds left.\n|inactive|yamzinyobooty has 20 seconds left.\n|inactive|yamzinyobooty has 15 seconds left.\n|inactive|yamzinyobooty has 10 seconds left.\n|inactive|yamzinyobooty has 5 seconds left.\n|\n|t:|1775911080\n|switch|p2a: Talonflame|Talonflame, L50, M, shiny|58/100\n|move|p1a: Slowking|Sludge Bomb|p2b: Rotom\n|-damage|p2b: Rotom|0 fnt\n|faint|p2b: Rotom\n|move|p1b: Golurk|Hammer Arm|p2a: Talonflame\n|-resisted|p2a: Talonflame|1\n|-damage|p2a: Talonflame|31/100\n|-unboost|p1b: Golurk|spe|1\n|\n|-weather|Sandstorm|[upkeep]\n|-damage|p1a: Slowking|25/100|[from] Sandstorm\n|-damage|p2a: Talonflame|25/100|[from] Sandstorm\n|-heal|p2a: Talonflame|31/100|[from] item: Leftovers\n|upkeep\n|\n|t:|1775911087\n|switch|p2b: Tyranitar|Tyranitar, L50, F|86/100\n|turn|9\n|\n|t:|1775911098\n|move|p2b: Tyranitar|Protect|p2b: Tyranitar\n|-singleturn|p2b: Tyranitar|Protect\n|move|p1b: Golurk|Hammer Arm|p2b: Tyranitar\n|-supereffective|p2b: Tyranitar|2\n|-damage|p2b: Tyranitar|55/100\n|-unboost|p1b: Golurk|spe|1\n|move|p1a: Slowking|Sludge Bomb|p2a: Talonflame\n|-damage|p2a: Talonflame|0 fnt\n|faint|p2a: Talonflame\n|\n|-weather|Sandstorm|[upkeep]\n|-damage|p1a: Slowking|19/100|[from] Sandstorm\n|upkeep\n|turn|10\n|\n|t:|1775911116\n|move|p2b: Tyranitar|Protect||[still]\n|-fail|p2b: Tyranitar\n|move|p1b: Golurk|Headlong Rush|p2b: Tyranitar\n|-supereffective|p2b: Tyranitar|1\n|-damage|p2b: Tyranitar|0 fnt\n|-unboost|p1b: Golurk|def|1\n|-unboost|p1b: Golurk|spd|1\n|faint|p2b: Tyranitar\n|\n|win|fg43qgq34g\n|raw|fg43qgq34g's rating: 1045 &rarr; <strong>1087</strong><br />(+42 for winning)\n|raw|yamzinyobooty's rating: 1134 &rarr; <strong>1103</strong><br />(-31 for losing)\n",
  "uploadtime": 1775911116,
  "views": 14,
  "formatid": "gen9championsvgc2026regma",
  "rating": 1087,
  "private": 0,
  "password": null
}