{
  "id": "gen9championsvgc2026regma-2586815914",
  "format": "[Gen 9 Champions] VGC 2026 Reg M-A",
  "players": [
    "Devta",
    "M4HESV4R4"
  ],
  "log": "|j|\u2606Devta\n|j|\u2606M4HESV4R4\n|t:|1776462230\n|gametype|doubles\n|player|p1|Devta|hexmaniac-gen6|1172\n|player|p2|M4HESV4R4|170|1208\n|gen|9\n|tier|[Gen 9 Champions] VGC 2026 Reg M-A\n|rated|\n|rule|Species Clause: Limit one of each Pok\u00e9mon\n|rule|Item Clause: Limit 1 of each item\n|clearpoke\n|poke|p1|Delphox, L50, F|\n|poke|p1|Sinistcha-Masterpiece, L50|\n|poke|p1|Kingambit, L50, F|\n|poke|p1|Sneasler, L50, F|\n|poke|p1|Aerodactyl, L50, M|\n|poke|p1|Floette-Eternal, L50, F|\n|poke|p2|Gardevoir, L50, F|\n|poke|p2|Maushold-Four, L50|\n|poke|p2|Basculegion, L50, M|\n|poke|p2|Talonflame, L50, M|\n|poke|p2|Kingambit, L50, F|\n|poke|p2|Garchomp, L50, F|\n|teampreview|4\n|inactive|Battle timer is ON: inactive players will automatically lose when time's up. (requested by Devta)\n|inactive|Devta has 60 seconds left.\nM4HESV4R4 rejected open team sheets.\n|inactive|Devta has 30 seconds left.\n|\n|t:|1776462295\n|teamsize|p1|4\n|teamsize|p2|4\n|start\n|switch|p1a: Floette|Floette-Eternal, L50, F|100/100\n|switch|p1b: Aerodactyl|Aerodactyl, L50, M|100/100\n|switch|p2a: Maushold|Maushold-Four, L50|100/100\n|switch|p2b: Gardevoir|Gardevoir, L50, F|100/100\n|turn|1\n|\n|t:|1776462308\n|detailschange|p1a: Floette|Floette-Mega, L50, F\n|-mega|p1a: Floette|Floette|Floettite\n|-ability|p1a: Floette|Fairy Aura\n|detailschange|p2b: Gardevoir|Gardevoir-Mega, L50, F\n|-mega|p2b: Gardevoir|Gardevoir|Gardevoirite\n|move|p1b: Aerodactyl|Rock Slide|p2a: Maushold|[spread] p2a,p2b\n|-damage|p2a: Maushold|69/100\n|-damage|p2b: Gardevoir|74/100\n|move|p2a: Maushold|Encore|p1b: Aerodactyl\n|-start|p1b: Aerodactyl|Encore\n|move|p1a: Floette|Dazzling Gleam|p2b: Gardevoir|[spread] p2a,p2b\n|-crit|p2b: Gardevoir\n|-damage|p2a: Maushold|7/100\n|-damage|p2b: Gardevoir|24/100\n|cant|p2b: Gardevoir|flinch\n|\n|upkeep\n|turn|2\n|\n|t:|1776462331\n|switch|p1a: Kingambit|Kingambit, L50, F|100/100\n|move|p2a: Maushold|Follow Me|p2a: Maushold\n|-singleturn|p2a: Maushold|move: Follow Me\n|move|p1b: Aerodactyl|Rock Slide|p2a: Maushold|[spread] p2a,p2b\n|-damage|p2a: Maushold|0 fnt\n|-damage|p2b: Gardevoir|0 fnt\n|faint|p2a: Maushold\n|faint|p2b: Gardevoir\n|\n|upkeep\n|\n|t:|1776462341\n|switch|p2a: Talonflame|Talonflame, L50, M|100/100\n|switch|p2b: Basculegion|Basculegion, L50, M|100/100\n|turn|3\n|\n|t:|1776462358\n|move|p2a: Talonflame|Tailwind|p2a: Talonflame\n|-sidestart|p2: M4HESV4R4|move: Tailwind\n|move|p1a: Kingambit|Sucker Punch|p2b: Basculegion\n|-supereffective|p2b: Basculegion|1\n|-damage|p2b: Basculegion|0 fnt\n|faint|p2b: Basculegion\n|move|p1b: Aerodactyl|Rock Slide|p2a: Talonflame|[miss]\n|-miss|p1b: Aerodactyl|p2a: Talonflame\n|\n|upkeep\n|turn|4\n|\n|t:|1776462368\n|move|p1a: Kingambit|Sucker Punch||[still]\n|-fail|p1a: Kingambit\n|move|p2a: Talonflame|Will-O-Wisp|p1b: Aerodactyl\n|-status|p1b: Aerodactyl|brn\n|move|p1b: Aerodactyl|Rock Slide|p2a: Talonflame\n|-supereffective|p2a: Talonflame|2\n|-damage|p2a: Talonflame|6/100\n|\n|-damage|p1b: Aerodactyl|95/100 brn|[from] brn\n|-end|p1b: Aerodactyl|Encore\n|upkeep\n|turn|5\n|\n|t:|1776462380\n|move|p1a: Kingambit|Sucker Punch|p2a: Talonflame\n|-crit|p2a: Talonflame\n|-damage|p2a: Talonflame|0 fnt\n|faint|p2a: Talonflame\n|\n|win|Devta\n|raw|Devta's rating: 1172 &rarr; <strong>1200</strong><br />(+28 for winning)\n|raw|M4HESV4R4's rating: 1208 &rarr; <strong>1180</strong><br />(-28 for losing)\n",
  "uploadtime": 1776462380,
  "views": 25,
  "formatid": "gen9championsvgc2026regma",
  "rating": 1180,
  "private": 0,
  "password": null
}