{
  "id": "gen9championsvgc2026regma-2587587338",
  "format": "[Gen 9 Champions] VGC 2026 Reg M-A",
  "players": [
    "AustinMcballs",
    "DoArc"
  ],
  "log": "|j|\u2606AustinMcballs\n|j|\u2606DoArc\n|t:|1776544690\n|gametype|doubles\n|player|p1|AustinMcballs|ortega|1178\n|player|p2|DoArc|artist-gen4|1254\n|gen|9\n|tier|[Gen 9 Champions] VGC 2026 Reg M-A\n|rated|\n|rule|Species Clause: Limit one of each Pok\u00e9mon\n|rule|Item Clause: Limit 1 of each item\n|clearpoke\n|poke|p1|Incineroar, L50, M|\n|poke|p1|Basculegion, L50, M|\n|poke|p1|Froslass, L50, F|\n|poke|p1|Sneasler, L50, F|\n|poke|p1|Corviknight, L50, M|\n|poke|p1|Rotom-Wash, L50|\n|poke|p2|Meowstic, L50, M|\n|poke|p2|Incineroar, L50, F|\n|poke|p2|Alakazam, L50, F|\n|poke|p2|Meowscarada, L50, F|\n|poke|p2|Farigiraf, L50, M|\n|poke|p2|Aegislash, L50, F|\n|teampreview|4\n|inactive|Battle timer is ON: inactive players will automatically lose when time's up. (requested by DoArc)\n|inactive|AustinMcballs also wants the timer to be on.\n|inactive|AustinMcballs has 60 seconds left.\n|inactive|DoArc has 60 seconds left.\n|\n|t:|1776544729\n|teamsize|p1|4\n|teamsize|p2|4\n|start\n|switch|p1a: Basculegion|Basculegion, L50, M|100/100\n|switch|p1b: Incineroar|Incineroar, L50, M|100/100\n|switch|p2a: Meowstic|Meowstic, L50, M|100/100\n|switch|p2b: Aegislash|Aegislash, L50, F|100/100\n|-ability|p1b: Incineroar|Intimidate|boost\n|-unboost|p2a: Meowstic|atk|1\n|-unboost|p2b: Aegislash|atk|1\n|turn|1\n|\n|t:|1776544753\n|move|p2a: Meowstic|Fake Out|p1b: Incineroar\n|-damage|p1b: Incineroar|98/100\n|cant|p1b: Incineroar|flinch\n|move|p1a: Basculegion|Flip Turn|p2b: Aegislash\n|-damage|p2b: Aegislash|64/100\n|\n|t:|1776544764\n|switch|p1a: Rotom|Rotom-Wash, L50|100/100|[from] Flip Turn\n|-formechange|p2b: Aegislash|Aegislash-Blade|\n|move|p2b: Aegislash|Poltergeist|p1a: Rotom\n|-activate|p1a: Rotom|move: Poltergeist|Bright Powder\n|-damage|p1a: Rotom|60/100\n|\n|upkeep\n|turn|2\n|\n|t:|1776544782\n|-formechange|p2b: Aegislash|Aegislash|\n|move|p2b: Aegislash|King's Shield|p2b: Aegislash\n|-singleturn|p2b: Aegislash|Protect\n|move|p2a: Meowstic|Psychic Terrain|p2a: Meowstic\n|-fieldstart|move: Psychic Terrain\n|move|p1a: Rotom|Will-O-Wisp|p2b: Aegislash|[miss]\n|-miss|p1a: Rotom|p2b: Aegislash\n|move|p1b: Incineroar|Darkest Lariat|p2a: Meowstic\n|-supereffective|p2a: Meowstic|1\n|-enditem|p2a: Meowstic|Colbur Berry|[eat]\n|-enditem|p2a: Meowstic|Colbur Berry|[weaken]\n|-damage|p2a: Meowstic|56/100\n|\n|upkeep\n|turn|3\n|\n|t:|1776544802\n|switch|p1a: Corviknight|Corviknight, L50, M|100/100\n|move|p2a: Meowstic|Expanding Force|p1a: Corviknight|[spread] p1a\n|-immune|p1b: Incineroar\n|-resisted|p1a: Corviknight|1\n|-damage|p1a: Corviknight|88/100\n|move|p1b: Incineroar|Flare Blitz|p2b: Aegislash\n|-supereffective|p2b: Aegislash|1\n|-damage|p2b: Aegislash|0 fnt\n|faint|p2b: Aegislash\n|-damage|p1b: Incineroar|83/100|[from] Recoil\n|\n|-heal|p1a: Corviknight|94/100|[from] item: Leftovers\n|upkeep\n|\n|t:|1776544815\n|switch|p2b: Alakazam|Alakazam, L50, F|100/100\n|turn|4\n|\n|t:|1776544822\n|detailschange|p2b: Alakazam|Alakazam-Mega, L50, F\n|-mega|p2b: Alakazam|Alakazam|Alakazite\n|-ability|p2b: Alakazam|Mirror Armor|Trace|[from] ability: Trace|[of] p1a: Corviknight\n|move|p2a: Meowstic|Gravity|p2a: Meowstic\n|-fieldstart|move: Gravity\n|move|p2b: Alakazam|Focus Blast|p1b: Incineroar\n|-supereffective|p1b: Incineroar|1\n|-damage|p1b: Incineroar|0 fnt\n|faint|p1b: Incineroar\n|move|p1a: Corviknight|Tailwind|p1a: Corviknight\n|-sidestart|p1: AustinMcballs|move: Tailwind\n|\n|-heal|p1a: Corviknight|100/100|[from] item: Leftovers\n|upkeep\n|\n|t:|1776544834\n|switch|p1b: Basculegion|Basculegion, L50, M|100/100\n|turn|5\n|\n|t:|1776544852\n|move|p2b: Alakazam|Protect|p2b: Alakazam\n|-singleturn|p2b: Alakazam|Protect\n|move|p1b: Basculegion|Wave Crash|p2b: Alakazam\n|-activate|p2b: Alakazam|move: Protect\n|move|p1a: Corviknight|Brave Bird|p2a: Meowstic\n|-damage|p2a: Meowstic|17/100\n|-damage|p1a: Corviknight|91/100|[from] Recoil\n|move|p2a: Meowstic|Expanding Force|p1b: Basculegion|[spread] p1a,p1b\n|-resisted|p1a: Corviknight|1\n|-crit|p1b: Basculegion\n|-damage|p1a: Corviknight|78/100\n|-damage|p1b: Basculegion|39/100\n|\n|-heal|p1a: Corviknight|84/100|[from] item: Leftovers\n|upkeep\n|turn|6\n|\n|t:|1776544870\n|switch|p2b: Incineroar|Incineroar, L50, F|100/100\n|-ability|p2b: Incineroar|Intimidate|boost\n|-ability|p1a: Corviknight|Mirror Armor\n|-unboost|p2b: Incineroar|atk|1\n|-unboost|p1b: Basculegion|atk|1\n|move|p1b: Basculegion|Wave Crash|p2b: Incineroar\n|-supereffective|p2b: Incineroar|1\n|-damage|p2b: Incineroar|35/100\n|-enditem|p2b: Incineroar|Sitrus Berry|[eat]\n|-heal|p2b: Incineroar|60/100|[from] item: Sitrus Berry\n|-damage|p1b: Basculegion|16/100|[from] Recoil\n|move|p1a: Corviknight|Brave Bird|p2a: Meowstic\n|-damage|p2a: Meowstic|0 fnt\n|faint|p2a: Meowstic\n|-damage|p1a: Corviknight|80/100|[from] Recoil\n|\n|-heal|p1a: Corviknight|86/100|[from] item: Leftovers\n|-fieldend|move: Psychic Terrain\n|upkeep\n|\n|t:|1776544887\n|switch|p2a: Alakazam|Alakazam-Mega, L50, F|100/100\n|-ability|p2a: Alakazam|Mirror Armor|Trace|[from] ability: Trace|[of] p1a: Corviknight\n|turn|7\n|inactive|AustinMcballs has 30 seconds left.\n|\n|t:|1776544920\n|switch|p1b: Rotom|Rotom-Wash, L50|60/100\n|move|p2a: Alakazam|Protect|p2a: Alakazam\n|-singleturn|p2a: Alakazam|Protect\n|move|p2b: Incineroar|Fake Out|p1a: Corviknight\n|-resisted|p1a: Corviknight|1\n|-damage|p1a: Corviknight|83/100\n|cant|p1a: Corviknight|flinch\n|\n|-heal|p1a: Corviknight|90/100|[from] item: Leftovers\n|-sideend|p1: AustinMcballs|move: Tailwind\n|upkeep\n|turn|8\n|\n|t:|1776544944\n|move|p2a: Alakazam|Expanding Force|p1b: Rotom\n|-damage|p1b: Rotom|10/100\n|move|p1b: Rotom|Hydro Pump|p2b: Incineroar\n|-supereffective|p2b: Incineroar|1\n|-damage|p2b: Incineroar|0 fnt\n|faint|p2b: Incineroar\n|move|p1a: Corviknight|Brave Bird|p2a: Alakazam\n|-damage|p2a: Alakazam|29/100\n|-damage|p1a: Corviknight|73/100|[from] Recoil\n|\n|-heal|p1a: Corviknight|80/100|[from] item: Leftovers\n|-fieldend|move: Gravity\n|upkeep\n|turn|9\n|-message|DoArc forfeited.\n|\n|win|AustinMcballs\n|raw|AustinMcballs's rating: 1178 &rarr; <strong>1208</strong><br />(+30 for winning)\n|raw|DoArc's rating: 1254 &rarr; <strong>1224</strong><br />(-30 for losing)\n|l|\u2606DoArc\n|player|p2|\n",
  "uploadtime": 1776544959,
  "views": 18,
  "formatid": "gen9championsvgc2026regma",
  "rating": 1208,
  "private": 0,
  "password": null
}