{
  "id": "gen9championsvgc2026regma-2580450590",
  "format": "[Gen 9 Champions] VGC 2026 Reg M-A",
  "players": [
    "Steeneesweettoes",
    "luoji3_666"
  ],
  "log": "|j|\u2606Steeneesweettoes\n|j|\u2606luoji3_666\n|t:|1775898451\n|gametype|doubles\n|player|p1|Steeneesweettoes|veteranf|1066\n|player|p2|luoji3_666|hilbert-wonderlauncher|1015\n|gen|9\n|tier|[Gen 9 Champions] VGC 2026 Reg M-A\n|rated|\n|rule|Species Clause: Limit one of each Pok\u00e9mon\n|rule|Item Clause: Limit 1 of each item\n|clearpoke\n|poke|p1|Froslass, L50, F|\n|poke|p1|Tsareena, L50, F|\n|poke|p1|Ninetales-Alola, L50, F|\n|poke|p1|Primarina, L50, F|\n|poke|p1|Orthworm, L50, F|\n|poke|p1|Garchomp, L50, F|\n|poke|p2|Pelipper, L50, F|\n|poke|p2|Archaludon, L50, M|\n|poke|p2|Dragonite, L50, F|\n|poke|p2|Incineroar, L50, M|\n|poke|p2|Rotom-Heat, L50|\n|poke|p2|Basculegion, L50, M|\n|teampreview|4\n|inactive|Battle timer is ON: inactive players will automatically lose when time's up. (requested by luoji3_666)\n|inactive|Steeneesweettoes has 60 seconds left.\n|\n|t:|1775898499\n|teamsize|p1|4\n|teamsize|p2|4\n|start\n|switch|p1a: Orthworm|Orthworm, L50, F, shiny|100/100\n|switch|p1b: Ninetales|Ninetales-Alola, L50, F|100/100\n|switch|p2a: Pelipper|Pelipper, L50, F, shiny|100/100\n|switch|p2b: Incineroar|Incineroar, L50, M|100/100\n|-weather|Snowscape|[from] ability: Snow Warning|[of] p1b: Ninetales\n|-weather|RainDance|[from] ability: Drizzle|[of] p2a: Pelipper\n|-ability|p2b: Incineroar|Intimidate|boost\n|-unboost|p1a: Orthworm|atk|1\n|-unboost|p1b: Ninetales|atk|1\n|turn|1\n|\n|t:|1775898522\n|switch|p1b: Primarina|Primarina, L50, F|100/100\n|move|p2b: Incineroar|Fake Out|p1b: Primarina\n|-damage|p1b: Primarina|87/100\n|move|p2a: Pelipper|Tailwind|p2a: Pelipper\n|-sidestart|p2: luoji3_666|move: Tailwind\n|move|p1a: Orthworm|Shed Tail|p1a: Orthworm\n|-start|p1a: Orthworm|Substitute|[from] move: Shed Tail\n|-damage|p1a: Orthworm|50/100\n|-enditem|p1a: Orthworm|Sitrus Berry|[eat]\n|-heal|p1a: Orthworm|75/100|[from] item: Sitrus Berry\n|\n|t:|1775898537\n|switch|p1a: Tsareena|Tsareena, L50, F, shiny|100/100|[from] Shed Tail\n|\n|-weather|RainDance|[upkeep]\n|upkeep\n|turn|2\n|inactive|Steeneesweettoes has 30 seconds left.\n|\n|t:|1775898570\n|move|p2a: Pelipper|U-turn|p1a: Tsareena\n|-supereffective|p1a: Tsareena|1\n|-activate|p1a: Tsareena|move: Substitute|[damage]\n|\n|t:|1775898576\n|switch|p2a: Dragonite|Dragonite, L50, F, shiny|100/100|[from] U-turn\n|move|p1a: Tsareena|U-turn|p2a: Dragonite\n|-resisted|p2a: Dragonite|1\n|-damage|p2a: Dragonite|89/100\n|\n|t:|1775898590\n|switch|p1a: Ninetales|Ninetales-Alola, L50, F|100/100|[from] U-turn\n|-weather|Snowscape|[from] ability: Snow Warning|[of] p1a: Ninetales\n|move|p2b: Incineroar|Parting Shot|p1b: Primarina\n|-unboost|p1b: Primarina|atk|1\n|-unboost|p1b: Primarina|spa|1\n|\n|t:|1775898598\n|switch|p2b: Pelipper|Pelipper, L50, F, shiny|100/100|[from] Parting Shot\n|-weather|RainDance|[from] ability: Drizzle|[of] p2b: Pelipper\n|move|p1b: Primarina|Hyper Voice|p2b: Pelipper|[spread] p2a,p2b\n|-resisted|p2a: Dragonite|1\n|-resisted|p2b: Pelipper|1\n|-damage|p2a: Dragonite|64/100\n|-damage|p2b: Pelipper|73/100\n|\n|-weather|RainDance|[upkeep]\n|upkeep\n|turn|3\n|inactive|Steeneesweettoes has 30 seconds left.\n|inactive|Steeneesweettoes has 20 seconds left.\n|\n|t:|1775898635\n|switch|p1a: Orthworm|Orthworm, L50, F, shiny|75/100\n|switch|p1b: Tsareena|Tsareena, L50, F, shiny|100/100\n|detailschange|p2a: Dragonite|Dragonite-Mega, L50, F, shiny\n|-mega|p2a: Dragonite|Dragonite|Dragoninite\n|move|p2a: Dragonite|Hurricane|p1b: Tsareena\n|-supereffective|p1b: Tsareena|1\n|-damage|p1b: Tsareena|0 fnt\n|faint|p1b: Tsareena\n|move|p2b: Pelipper|U-turn|p1a: Orthworm\n|-resisted|p1a: Orthworm|1\n|-damage|p1a: Orthworm|73/100\n|\n|t:|1775898647\n|switch|p2b: Incineroar|Incineroar, L50, M|100/100|[from] U-turn\n|-ability|p2b: Incineroar|Intimidate|boost\n|-unboost|p1a: Orthworm|atk|1\n|\n|-weather|RainDance|[upkeep]\n|upkeep\n|\n|t:|1775898657\n|switch|p1b: Primarina|Primarina, L50, F|87/100\n|turn|4\n|\n|t:|1775898676\n|move|p2b: Incineroar|Fake Out|p1b: Primarina\n|-damage|p1b: Primarina|73/100\n|move|p2a: Dragonite|Hurricane|p1a: Orthworm\n|-resisted|p1a: Orthworm|1\n|-damage|p1a: Orthworm|17/100\n|move|p1a: Orthworm|Shed Tail|p1a: Orthworm\n|-fail|p1a: Orthworm|move: Shed Tail|[weak]\n|cant|p1b: Primarina|flinch\n|\n|-weather|RainDance|[upkeep]\n|-sideend|p2: luoji3_666|move: Tailwind\n|upkeep\n|turn|5\n|inactive|Steeneesweettoes has 30 seconds left.\n|inactive|luoji3_666 has 30 seconds left.\n|\n|t:|1775898711\n|move|p2a: Dragonite|Hurricane|p1b: Primarina\n|-damage|p1b: Primarina|17/100\n|move|p1a: Orthworm|Body Press|p2b: Incineroar\n|-supereffective|p2b: Incineroar|1\n|-damage|p2b: Incineroar|46/100\n|-enditem|p2b: Incineroar|Sitrus Berry|[eat]\n|-heal|p2b: Incineroar|71/100|[from] item: Sitrus Berry\n|move|p1b: Primarina|Blizzard|p2a: Dragonite|[spread] p2a,p2b\n|-supereffective|p2a: Dragonite|2\n|-resisted|p2b: Incineroar|1\n|-damage|p2a: Dragonite|0 fnt\n|-damage|p2b: Incineroar|57/100\n|faint|p2a: Dragonite\n|move|p2b: Incineroar|Taunt|p1a: Orthworm\n|-start|p1a: Orthworm|move: Taunt\n|\n|-weather|RainDance|[upkeep]\n|upkeep\n|\n|t:|1775898726\n|switch|p2a: Pelipper|Pelipper, L50, F, shiny|73/100\n|turn|6\n|\n|t:|1775898750\n|switch|p1b: Ninetales|Ninetales-Alola, L50, F|100/100\n|-weather|Snowscape|[from] ability: Snow Warning|[of] p1b: Ninetales\n|move|p2b: Incineroar|Protect|p2b: Incineroar\n|-singleturn|p2b: Incineroar|Protect\n|move|p2a: Pelipper|U-turn|p1b: Ninetales\n|-resisted|p1b: Ninetales|1\n|-damage|p1b: Ninetales|96/100\n|\n|t:|1775898759\n|switch|p2a: Basculegion|Basculegion, L50, M, shiny|100/100|[from] U-turn\n|move|p1a: Orthworm|Body Press|p2b: Incineroar\n|-activate|p2b: Incineroar|move: Protect\n|\n|-weather|Snowscape|[upkeep]\n|upkeep\n|turn|7\n|inactive|Steeneesweettoes has 30 seconds left.\n|inactive|Steeneesweettoes has 20 seconds left.\n|inactive|Steeneesweettoes has 15 seconds left.\n|inactive|Steeneesweettoes has 10 seconds left.\n|\n|t:|1775898809\n|move|p1b: Ninetales|Moonblast|p2b: Incineroar\n|-damage|p2b: Incineroar|27/100\n|move|p2a: Basculegion|Flip Turn|p1a: Orthworm\n|-damage|p1a: Orthworm|0 fnt\n|faint|p1a: Orthworm\n|\n|t:|1775898816\n|switch|p2a: Pelipper|Pelipper, L50, F, shiny|73/100|[from] Flip Turn\n|-weather|RainDance|[from] ability: Drizzle|[of] p2a: Pelipper\n|move|p2b: Incineroar|Taunt|p1b: Ninetales\n|-start|p1b: Ninetales|move: Taunt\n|\n|-weather|RainDance|[upkeep]\n|upkeep\n|\n|t:|1775898824\n|switch|p1a: Primarina|Primarina, L50, F|17/100\n|turn|8\n|\n|t:|1775898847\n|move|p1b: Ninetales|Blizzard|p2a: Pelipper|[spread] p2a,p2b\n|-resisted|p2b: Incineroar|1\n|-damage|p2a: Pelipper|22/100\n|-damage|p2b: Incineroar|12/100\n|-status|p2b: Incineroar|frz\n|move|p2a: Pelipper|Tailwind|p2a: Pelipper\n|-sidestart|p2: luoji3_666|move: Tailwind\n|-curestatus|p2b: Incineroar|frz|[msg]\n|move|p2b: Incineroar|Taunt|p1a: Primarina\n|-start|p1a: Primarina|move: Taunt\n|move|p1a: Primarina|Blizzard|p2a: Pelipper|[spread] p2a,p2b\n|-resisted|p2b: Incineroar|1\n|-damage|p2a: Pelipper|0 fnt\n|-damage|p2b: Incineroar|0 fnt\n|faint|p2a: Pelipper\n|faint|p2b: Incineroar\n|\n|-weather|RainDance|[upkeep]\n|upkeep\n|\n|t:|1775898864\n|switch|p2a: Basculegion|Basculegion, L50, M, shiny|100/100\n|turn|9\n|\n|t:|1775898882\n|move|p2a: Basculegion|Last Respects|p1b: Ninetales\n|-damage|p1b: Ninetales|0 fnt\n|faint|p1b: Ninetales\n|move|p1a: Primarina|Energy Ball|p2a: Basculegion\n|-supereffective|p2a: Basculegion|1\n|-damage|p2a: Basculegion|36/100\n|\n|-weather|RainDance|[upkeep]\n|upkeep\n|turn|10\n|\n|t:|1775898891\n|move|p2a: Basculegion|Last Respects|p1a: Primarina\n|-damage|p1a: Primarina|0 fnt\n|faint|p1a: Primarina\n|\n|win|luoji3_666\n|raw|Steeneesweettoes's rating: 1066 &rarr; <strong>1043</strong><br />(-23 for losing)\n|raw|luoji3_666's rating: 1015 &rarr; <strong>1058</strong><br />(+43 for winning)\n|l|\u2606Steeneesweettoes\n|player|p1|\n",
  "uploadtime": 1775898903,
  "views": 19,
  "formatid": "gen9championsvgc2026regma",
  "rating": 1043,
  "private": 0,
  "password": null
}