{
  "id": "gen9championsvgc2026regma-2584384412",
  "format": "[Gen 9 Champions] VGC 2026 Reg M-A",
  "players": [
    "AmuwuElao",
    "theilldigi"
  ],
  "log": "|j|\u2606AmuwuElao\n|j|\u2606theilldigi\n|t:|1776256833\n|gametype|doubles\n|player|p1|AmuwuElao|alder|1163\n|player|p2|theilldigi|170|1115\n|gen|9\n|tier|[Gen 9 Champions] VGC 2026 Reg M-A\n|rated|\n|rule|Species Clause: Limit one of each Pok\u00e9mon\n|rule|Item Clause: Limit 1 of each item\n|clearpoke\n|poke|p1|Hatterene, L50, F|\n|poke|p1|Oranguru, L50, F|\n|poke|p1|Golurk, L50|\n|poke|p1|Hydreigon, L50, F|\n|poke|p1|Torkoal, L50, F|\n|poke|p1|Clefable, L50, M|\n|poke|p2|Meganium, L50, F|\n|poke|p2|Archaludon, L50, F|\n|poke|p2|Aerodactyl, L50, M|\n|poke|p2|Tauros-Paldea-Aqua, L50, M|\n|poke|p2|Typhlosion-Hisui, L50, M|\n|poke|p2|Kangaskhan, L50, F|\n|teampreview|4\n|inactive|Battle timer is ON: inactive players will automatically lose when time's up. (requested by AmuwuElao)\n|inactive|theilldigi has 60 seconds left.\n|\n|t:|1776256934\n|teamsize|p1|4\n|teamsize|p2|4\n|start\n|switch|p1a: Oranguru|Oranguru, L50, F, shiny|100/100\n|switch|p1b: Golurk|Golurk, L50, shiny|100/100\n|switch|p2a: Archaludon|Archaludon, L50, F, shiny|100/100\n|switch|p2b: Typhlosion|Typhlosion-Hisui, L50, M|100/100\n|-item|p1a: Oranguru|Mental Herb|[from] ability: Frisk|[of] p2b: Typhlosion\n|-item|p1b: Golurk|Golurkite|[from] ability: Frisk|[of] p2b: Typhlosion\n|turn|1\n|inactive|theilldigi has 30 seconds left.\n|inactive|theilldigi has 20 seconds left.\n|inactive|theilldigi has 15 seconds left.\n|\n|t:|1776256979\n|move|p1b: Golurk|Protect|p1b: Golurk\n|-singleturn|p1b: Golurk|Protect\n|move|p2b: Typhlosion|Heat Wave|p1a: Oranguru|[spread] p1a\n|-activate|p1b: Golurk|move: Protect\n|-damage|p1a: Oranguru|73/100\n|move|p2a: Archaludon|Flash Cannon|p1a: Oranguru\n|-damage|p1a: Oranguru|49/100\n|move|p1a: Oranguru|Trick Room|p1a: Oranguru\n|-fieldstart|move: Trick Room|[of] p1a: Oranguru\n|\n|upkeep\n|turn|2\n|\n|t:|1776257002\n|switch|p2a: Kangaskhan|Kangaskhan, L50, F|100/100\n|detailschange|p1b: Golurk|Golurk-Mega, L50, shiny\n|-mega|p1b: Golurk|Golurk|Golurkite\n|move|p1b: Golurk|Headlong Rush|p2b: Typhlosion\n|-supereffective|p2b: Typhlosion|1\n|-damage|p2b: Typhlosion|0 fnt\n|-unboost|p1b: Golurk|def|1\n|-unboost|p1b: Golurk|spd|1\n|faint|p2b: Typhlosion\n|move|p1a: Oranguru|Instruct|p1b: Golurk\n|-singleturn|p1b: Golurk|move: Instruct|[of] p1a: Oranguru\n|move|p1b: Golurk|Headlong Rush|p2a: Kangaskhan\n|-damage|p2a: Kangaskhan|23/100\n|-unboost|p1b: Golurk|def|1\n|-unboost|p1b: Golurk|spd|1\n|\n|upkeep\n|inactive|theilldigi has 30 seconds left.\n|\n|t:|1776257033\n|switch|p2b: Meganium|Meganium, L50, F|100/100\n|turn|3\n|inactive|theilldigi has 30 seconds left.\n|inactive|theilldigi has 20 seconds left.\n|inactive|theilldigi has 15 seconds left.\n|\n|t:|1776257076\n|detailschange|p2b: Meganium|Meganium-Mega, L50, F\n|-mega|p2b: Meganium|Meganium|Meganiumite\n|move|p1b: Golurk|Protect|p1b: Golurk\n|-singleturn|p1b: Golurk|Protect\n|move|p1a: Oranguru|Protect|p1a: Oranguru\n|-singleturn|p1a: Oranguru|Protect\n|move|p2a: Kangaskhan|Fake Out|p1b: Golurk\n|-activate|p1b: Golurk|move: Protect\n|move|p2b: Meganium|Dazzling Gleam|p1a: Oranguru|[spread] \n|-activate|p1a: Oranguru|move: Protect\n|-activate|p1b: Golurk|move: Protect\n|\n|upkeep\n|turn|4\n|inactive|AmuwuElao has 30 seconds left.\n|\n|t:|1776257110\n|move|p2b: Meganium|Protect|p2b: Meganium\n|-singleturn|p2b: Meganium|Protect\n|move|p2a: Kangaskhan|Sucker Punch|p1b: Golurk\n|-supereffective|p1b: Golurk|1\n|-damage|p1b: Golurk|35/100\n|move|p1b: Golurk|Drain Punch|p2a: Kangaskhan\n|-supereffective|p2a: Kangaskhan|1\n|-damage|p2a: Kangaskhan|0 fnt\n|-heal|p1b: Golurk|46/100|[from] drain|[of] p2a: Kangaskhan\n|faint|p2a: Kangaskhan\n|move|p1a: Oranguru|Psychic|p2b: Meganium\n|-activate|p2b: Meganium|move: Protect\n|\n|upkeep\n|\n|t:|1776257117\n|switch|p2a: Archaludon|Archaludon, L50, F, shiny|100/100\n|turn|5\n|\n|t:|1776257139\n|move|p2a: Archaludon|Protect|p2a: Archaludon\n|-singleturn|p2a: Archaludon|Protect\n|move|p1b: Golurk|Headlong Rush|p2b: Meganium\n|-resisted|p2b: Meganium|1\n|-damage|p2b: Meganium|66/100\n|-unboost|p1b: Golurk|def|1\n|-unboost|p1b: Golurk|spd|1\n|move|p1a: Oranguru|Instruct|p1b: Golurk\n|-singleturn|p1b: Golurk|move: Instruct|[of] p1a: Oranguru\n|move|p1b: Golurk|Headlong Rush|p2b: Meganium\n|-resisted|p2b: Meganium|1\n|-damage|p2b: Meganium|35/100\n|-unboost|p1b: Golurk|def|1\n|-unboost|p1b: Golurk|spd|1\n|move|p2b: Meganium|Solar Beam||[still]\n|-prepare|p2b: Meganium|Solar Beam\n|-activate|p2b: Meganium|ability: Mega Sol\n|-anim|p2b: Meganium|Solar Beam|p1b: Golurk\n|-supereffective|p1b: Golurk|1\n|-damage|p1b: Golurk|0 fnt\n|faint|p1b: Golurk\n|\n|-fieldend|move: Trick Room\n|upkeep\n|inactive|AmuwuElao has 30 seconds left.\n|inactive|AmuwuElao has 20 seconds left.\n|inactive|AmuwuElao has 15 seconds left.\n|inactive|AmuwuElao has 10 seconds left.\n|inactive|AmuwuElao has 5 seconds left.\n|\n|t:|1776257194\n|switch|p1b: Hatterene|Hatterene, L50, F|100/100\n|turn|6\n|inactive|theilldigi has 30 seconds left.\n|inactive|theilldigi has 20 seconds left.\n|\n|t:|1776257234\n|move|p1b: Hatterene|Protect|p1b: Hatterene\n|-singleturn|p1b: Hatterene|Protect\n|move|p2a: Archaludon|Steel Beam|p1b: Hatterene\n|-activate|p1b: Hatterene|move: Protect\n|-damage|p2a: Archaludon|50/100|[from] steelbeam\n|move|p2b: Meganium|Solar Beam||[still]\n|-prepare|p2b: Meganium|Solar Beam\n|-activate|p2b: Meganium|ability: Mega Sol\n|-anim|p2b: Meganium|Solar Beam|p1a: Oranguru\n|-damage|p1a: Oranguru|7/100\n|move|p1a: Oranguru|Trick Room|p1a: Oranguru\n|-fieldstart|move: Trick Room|[of] p1a: Oranguru\n|\n|-heal|p2a: Archaludon|56/100|[from] item: Leftovers\n|upkeep\n|turn|7\n|-message|theilldigi forfeited.\n|\n|win|AmuwuElao\n",
  "uploadtime": 1776256836,
  "views": 17,
  "formatid": "gen9championsvgc2026regma",
  "rating": null,
  "private": 0,
  "password": null
}