{
  "id": "gen9championsvgc2026regma-2586513089",
  "format": "[Gen 9 Champions] VGC 2026 Reg M-A",
  "players": [
    "alexpun",
    "colfox"
  ],
  "log": "|j|\u2606alexpun\n|j|\u203dcolfox\n|t:|1776439804\n|gametype|doubles\n|player|p1|alexpun|1|1368\n|player|p2|colfox|169|1299\n|gen|9\n|tier|[Gen 9 Champions] VGC 2026 Reg M-A\n|rated|\n|rule|Species Clause: Limit one of each Pok\u00e9mon\n|rule|Item Clause: Limit 1 of each item\n|clearpoke\n|poke|p1|Archaludon, L50, M|\n|poke|p1|Blastoise, L50, F|\n|poke|p1|Sinistcha, L50|\n|poke|p1|Sylveon, L50, M|\n|poke|p1|Talonflame, L50, M|\n|poke|p1|Weavile, L50, F|\n|poke|p2|Tyranitar, L50, F|\n|poke|p2|Excadrill, L50, M|\n|poke|p2|Dragapult, L50, M|\n|poke|p2|Milotic, L50, M|\n|poke|p2|Raichu, L50, M|\n|poke|p2|Scizor, L50, F|\n|teampreview|4\n|inactive|Battle timer is ON: inactive players will automatically lose when time's up. (requested by alexpun)\n|inactive|colfox has 60 seconds left.\nalexpun rejected open team sheets.\n|\n|t:|1776439851\n|teamsize|p1|4\n|teamsize|p2|4\n|start\n|switch|p1a: Talonflame|Talonflame, L50, M|100/100\n|switch|p1b: Weavile|Weavile, L50, F|100/100\n|switch|p2a: Tyranitar|Tyranitar, L50, F|100/100\n|switch|p2b: Raichu|Raichu, L50, M|100/100\n|-weather|Sandstorm|[from] ability: Sand Stream|[of] p2a: Tyranitar\n|turn|1\n|\n|t:|1776439873\n|move|p1b: Weavile|Fake Out|p2b: Raichu\n|-damage|p2b: Raichu|71/100\n|cant|p2b: Raichu|flinch\n|move|p1a: Talonflame|Tailwind|p1a: Talonflame\n|-sidestart|p1: alexpun|move: Tailwind\n|move|p2a: Tyranitar|Rock Slide|p1a: Talonflame|[spread] p1a\n|-miss|p2a: Tyranitar|p1b: Weavile\n|-supereffective|p1a: Talonflame|2\n|-enditem|p1a: Talonflame|Charti Berry|[eat]\n|-enditem|p1a: Talonflame|Charti Berry|[weaken]\n|-damage|p1a: Talonflame|24/100\n|\n|-weather|Sandstorm|[upkeep]\n|-damage|p1b: Weavile|94/100|[from] Sandstorm\n|-damage|p1a: Talonflame|18/100|[from] Sandstorm\n|-damage|p2b: Raichu|65/100|[from] Sandstorm\n|upkeep\n|turn|2\n|\n|t:|1776439895\n|detailschange|p2a: Tyranitar|Tyranitar-Mega, L50, F\n|-mega|p2a: Tyranitar|Tyranitar|Tyranitarite\n|move|p1b: Weavile|Low Kick|p2a: Tyranitar\n|-supereffective|p2a: Tyranitar|2\n|-damage|p2a: Tyranitar|6/100\n|move|p1a: Talonflame|Rain Dance|p1a: Talonflame\n|-weather|RainDance\n|move|p2b: Raichu|Electroweb|p1a: Talonflame|[spread] p1a,p1b\n|-supereffective|p1a: Talonflame|1\n|-damage|p1a: Talonflame|0 fnt\n|-damage|p1b: Weavile|64/100\n|-unboost|p1b: Weavile|spe|1\n|faint|p1a: Talonflame\n|move|p2a: Tyranitar|Rock Slide|p1b: Weavile\n|-supereffective|p1b: Weavile|1\n|-damage|p1b: Weavile|0 fnt\n|faint|p1b: Weavile\n|\n|-weather|RainDance|[upkeep]\n|upkeep\n|\n|t:|1776439904\n|switch|p1b: Blastoise|Blastoise, L50, F|100/100\n|switch|p1a: Archaludon|Archaludon, L50, M|100/100\n|turn|3\n|inactive|colfox has 30 seconds left.\n|\n|t:|1776439936\n|detailschange|p1b: Blastoise|Blastoise-Mega, L50, F\n|-mega|p1b: Blastoise|Blastoise|Blastoisinite\n|move|p1a: Archaludon|Electro Shot||[still]\n|-prepare|p1a: Archaludon|Electro Shot\n|-boost|p1a: Archaludon|spa|1\n|-anim|p1a: Archaludon|Electro Shot|p2b: Raichu\n|-ability|p2b: Raichu|Lightning Rod|boost\n|-boost|p2b: Raichu|spa|1\n|move|p1b: Blastoise|Water Spout|p2b: Raichu|[spread] p2a,p2b\n|-supereffective|p2a: Tyranitar|1\n|-damage|p2a: Tyranitar|0 fnt\n|-damage|p2b: Raichu|0 fnt\n|faint|p2a: Tyranitar\n|faint|p2b: Raichu\n|\n|-weather|RainDance|[upkeep]\n|upkeep\n|\n|t:|1776439951\n|switch|p2b: Scizor|Scizor, L50, F|100/100\n|switch|p2a: Dragapult|Dragapult, L50, M|100/100\n|turn|4\n|\n|t:|1776439972\n|move|p2b: Scizor|Bullet Punch|p1b: Blastoise\n|-resisted|p1b: Blastoise|1\n|-damage|p1b: Blastoise|84/100\n|move|p1a: Archaludon|Electro Shot||[still]\n|-prepare|p1a: Archaludon|Electro Shot\n|-boost|p1a: Archaludon|spa|1\n|-anim|p1a: Archaludon|Electro Shot|p2a: Dragapult\n|-resisted|p2a: Dragapult|1\n|-damage|p2a: Dragapult|31/100\n|move|p1b: Blastoise|Water Spout|p2a: Dragapult|[spread] p2a,p2b\n|-resisted|p2a: Dragapult|1\n|-damage|p2a: Dragapult|0 fnt\n|-damage|p2b: Scizor|3/100\n|faint|p2a: Dragapult\n|\n|-weather|RainDance|[upkeep]\n|-sideend|p1: alexpun|move: Tailwind\n|upkeep\n|turn|5\n|inactive|colfox has 30 seconds left.\n|-message|colfox forfeited.\n|\n|win|alexpun\n|raw|alexpun's rating: 1368 &rarr; <strong>1384</strong><br />(+16 for winning)\n|raw|colfox's rating: 1299 &rarr; <strong>1279</strong><br />(-20 for losing)\n|l|\u203dcolfox\n|player|p2|\n|l|\u2606alexpun\n|player|p1|\n|j|\u203dcolfox\n|player|p2|colfox|169|\n",
  "uploadtime": 1776440022,
  "views": 42,
  "formatid": "gen9championsvgc2026regma",
  "rating": 1279,
  "private": 0,
  "password": null
}