{
  "id": "gen9championsvgc2026regma-2584061649",
  "format": "[Gen 9 Champions] VGC 2026 Reg M-A",
  "players": [
    "Autismic2",
    "FlyingSudowoodo"
  ],
  "log": "|j|\u2606Autismic2\n|j|\u2606FlyingSudowoodo\n|t:|1776221287\n|gametype|doubles\n|player|p1|Autismic2|1|1069\n|player|p2|FlyingSudowoodo|roark|1052\n|gen|9\n|tier|[Gen 9 Champions] VGC 2026 Reg M-A\n|rated|\n|rule|Species Clause: Limit one of each Pok\u00e9mon\n|rule|Item Clause: Limit 1 of each item\n|clearpoke\n|poke|p1|Zoroark-Hisui, L50, F|\n|poke|p1|Gengar, L50, F|\n|poke|p1|Rotom-Wash, L50|\n|poke|p1|Kommo-o, L50, M|\n|poke|p1|Incineroar, L50, M|\n|poke|p1|Maushold-Four, L50|\n|poke|p2|Gengar, L50, F|\n|poke|p2|Incineroar, L50, F|\n|poke|p2|Primarina, L50, M|\n|poke|p2|Decidueye-Hisui, L50, M|\n|poke|p2|Klefki, L50, F|\n|poke|p2|Dragonite, L50, F|\n|teampreview|4\n|inactive|Battle timer is ON: inactive players will automatically lose when time's up. (requested by Autismic2)\n|inactive|Autismic2 has 60 seconds left.\n|inactive|FlyingSudowoodo has 60 seconds left.\n|\n|t:|1776221330\n|teamsize|p1|4\n|teamsize|p2|4\n|start\n|switch|p1a: Maushold|Maushold-Four, L50, shiny|100/100\n|switch|p1b: Kommo-o|Kommo-o, L50, M|100/100\n|switch|p2a: Klefki|Klefki, L50, F|100/100\n|switch|p2b: Gengar|Gengar, L50, F|100/100\n|turn|1\n|\n|t:|1776221344\n|detailschange|p2b: Gengar|Gengar-Mega, L50, F\n|-mega|p2b: Gengar|Gengar|Gengarite\n|move|p2b: Gengar|Protect|p2b: Gengar\n|-singleturn|p2b: Gengar|Protect\n|move|p1a: Maushold|Follow Me|p1a: Maushold\n|-singleturn|p1a: Maushold|move: Follow Me\n|move|p2a: Klefki|Thunder Wave|p1a: Maushold\n|-status|p1a: Maushold|par\n|move|p1b: Kommo-o|Clangorous Soul|p1b: Kommo-o\n|-boost|p1b: Kommo-o|atk|1\n|-boost|p1b: Kommo-o|def|1\n|-boost|p1b: Kommo-o|spa|1\n|-boost|p1b: Kommo-o|spd|1\n|-boost|p1b: Kommo-o|spe|1\n|-damage|p1b: Kommo-o|68/100\n|\n|-heal|p1b: Kommo-o|74/100|[from] item: Leftovers\n|upkeep\n|turn|2\n|inactive|FlyingSudowoodo has 30 seconds left.\n|\n|t:|1776221372\n|switch|p2b: Primarina|Primarina, L50, M|100/100\n|move|p1a: Maushold|Follow Me|p1a: Maushold\n|-singleturn|p1a: Maushold|move: Follow Me\n|move|p2a: Klefki|Thunder Wave|p1a: Maushold\n|-fail|p1a: Maushold|par\n|move|p1b: Kommo-o|Clangorous Soul|p1b: Kommo-o\n|-boost|p1b: Kommo-o|atk|1\n|-boost|p1b: Kommo-o|def|1\n|-boost|p1b: Kommo-o|spa|1\n|-boost|p1b: Kommo-o|spd|1\n|-boost|p1b: Kommo-o|spe|1\n|-damage|p1b: Kommo-o|41/100\n|\n|-heal|p1b: Kommo-o|47/100|[from] item: Leftovers\n|upkeep\n|turn|3\n|\n|t:|1776221390\n|move|p1a: Maushold|Follow Me|p1a: Maushold\n|-singleturn|p1a: Maushold|move: Follow Me\n|move|p1b: Kommo-o|Aura Sphere|p2a: Klefki\n|-damage|p2a: Klefki|31/100\n|move|p2b: Primarina|Haze|p2b: Primarina\n|-clearallboost\n|move|p2a: Klefki|Trick Room|p2a: Klefki\n|-fieldstart|move: Trick Room|[of] p2a: Klefki\n|\n|-heal|p1b: Kommo-o|52/100|[from] item: Leftovers\n|upkeep\n|turn|4\n|\n|t:|1776221403\n|move|p1a: Maushold|Follow Me|p1a: Maushold\n|-singleturn|p1a: Maushold|move: Follow Me\n|move|p2b: Primarina|Moonblast|p1a: Maushold\n|-damage|p1a: Maushold|42/100 par\n|move|p2a: Klefki|Draining Kiss|p1a: Maushold\n|-damage|p1a: Maushold|23/100 par\n|-heal|p2a: Klefki|47/100|[from] drain|[of] p1a: Maushold\n|move|p1b: Kommo-o|Aura Sphere|p2a: Klefki\n|-crit|p2a: Klefki\n|-damage|p2a: Klefki|0 fnt\n|faint|p2a: Klefki\n|\n|-heal|p1b: Kommo-o|58/100|[from] item: Leftovers\n|upkeep\n|\n|t:|1776221416\n|switch|p2a: Decidueye|Decidueye-Hisui, L50, M|100/100\n|turn|5\n|\n|t:|1776221424\n|move|p1a: Maushold|Follow Me|p1a: Maushold\n|-singleturn|p1a: Maushold|move: Follow Me\n|move|p2b: Primarina|Hyper Voice|p1a: Maushold|[spread] p1a\n|-immune|p1b: Kommo-o|[from] ability: Soundproof\n|-damage|p1a: Maushold|0 fnt\n|faint|p1a: Maushold\n|move|p2a: Decidueye|Brave Bird|p1b: Kommo-o\n|-supereffective|p1b: Kommo-o|1\n|-damage|p1b: Kommo-o|0 fnt\n|faint|p1b: Kommo-o\n|-damage|p2a: Decidueye|83/100|[from] Recoil\n|\n|upkeep\n|\n|t:|1776221433\n|switch|p1b: Rotom|Rotom-Wash, L50|100/100\n|switch|p1a: Gengar|Gengar, L50, F|100/100\n|turn|6\n|\n|t:|1776221446\n|detailschange|p1a: Gengar|Gengar-Mega, L50, F\n|-mega|p1a: Gengar|Gengar|Gengarite\n|move|p2b: Primarina|Hyper Voice|p1a: Gengar|[spread] p1a,p1b\n|-resisted|p1b: Rotom|1\n|-damage|p1a: Gengar|48/100\n|-damage|p1b: Rotom|72/100\n|move|p2a: Decidueye|Leaf Blade|p1b: Rotom\n|-supereffective|p1b: Rotom|1\n|-damage|p1b: Rotom|0 fnt\n|faint|p1b: Rotom\n|move|p1a: Gengar|Sludge Bomb|p2a: Decidueye\n|-supereffective|p2a: Decidueye|1\n|-damage|p2a: Decidueye|0 fnt\n|faint|p2a: Decidueye\n|\n|upkeep\n|\n|t:|1776221459\n|switch|p2a: Gengar|Gengar-Mega, L50, F|100/100\n|turn|7\n|\n|t:|1776221466\n|move|p1a: Gengar|Protect|p1a: Gengar\n|-singleturn|p1a: Gengar|Protect\n|move|p2b: Primarina|Hyper Voice|p1a: Gengar\n|-activate|p1a: Gengar|move: Protect\n|move|p2a: Gengar|Shadow Ball|p1a: Gengar\n|-activate|p1a: Gengar|move: Protect\n|\n|-fieldend|move: Trick Room\n|upkeep\n|turn|8\n|\n|t:|1776221479\n|move|p2a: Gengar|Shadow Ball|p1a: Gengar\n|-supereffective|p1a: Gengar|1\n|-damage|p1a: Gengar|0 fnt\n|faint|p1a: Gengar\n|\n|win|FlyingSudowoodo\n|raw|Autismic2's rating: 1069 &rarr; <strong>1048</strong><br />(-21 for losing)\n|raw|FlyingSudowoodo's rating: 1052 &rarr; <strong>1086</strong><br />(+34 for winning)\n|l|\u2606Autismic2\n|player|p1|\n",
  "uploadtime": 1776221504,
  "views": 19,
  "formatid": "gen9championsvgc2026regma",
  "rating": 1048,
  "private": 0,
  "password": null
}