{
  "id": "gen9championsvgc2026regma-2587405017",
  "format": "[Gen 9 Champions] VGC 2026 Reg M-A",
  "players": [
    "tartarosa",
    "brojonski"
  ],
  "log": "|j|\u2606tartarosa\n|j|\u2606brojonski\n|t:|1776529067\n|gametype|doubles\n|player|p1|tartarosa|2|1288\n|player|p2|brojonski|brock|1383\n|gen|9\n|tier|[Gen 9 Champions] VGC 2026 Reg M-A\n|rated|\n|rule|Species Clause: Limit one of each Pok\u00e9mon\n|rule|Item Clause: Limit 1 of each item\n|clearpoke\n|poke|p1|Rotom-Wash, L50|\n|poke|p1|Delphox, L50, M|\n|poke|p1|Aerodactyl, L50, M|\n|poke|p1|Garchomp, L50, F|\n|poke|p1|Kingambit, L50, F|\n|poke|p1|Sneasler, L50, F|\n|poke|p2|Crabominable, L50, F|\n|poke|p2|Zoroark-Hisui, L50, F|\n|poke|p2|Slowking, L50, F|\n|poke|p2|Incineroar, L50, M|\n|poke|p2|Tsareena, L50, F|\n|poke|p2|Glimmora, L50, M|\n|teampreview|4\n|inactive|Battle timer is ON: inactive players will automatically lose when time's up. (requested by brojonski)\n|inactive|brojonski has 60 seconds left.\n|\n|t:|1776529104\n|teamsize|p1|4\n|teamsize|p2|4\n|start\n|switch|p1a: Delphox|Delphox, L50, M|100/100\n|switch|p1b: Sneasler|Sneasler, L50, F|100/100\n|switch|p2a: Slowking|Slowking, L50, F|100/100\n|switch|p2b: Tsareena|Tsareena, L50, F|100/100\n|turn|1\n|inactive|brojonski has 30 seconds left.\n|inactive|brojonski has 20 seconds left.\n|inactive|brojonski has 15 seconds left.\n|\n|t:|1776529149\n|detailschange|p1a: Delphox|Delphox-Mega, L50, M\n|-mega|p1a: Delphox|Delphox|Delphoxite\n|move|p2b: Tsareena|Protect|p2b: Tsareena\n|-singleturn|p2b: Tsareena|Protect\n|move|p1b: Sneasler|Fake Out||[still]\n|cant|p2b: Tsareena|ability: Queenly Majesty|Fake Out|[of] p1b: Sneasler\n|move|p1a: Delphox|Heat Wave|p2b: Tsareena|[spread] p2a\n|-activate|p2b: Tsareena|move: Protect\n|-damage|p2a: Slowking|20/100\n|replace|p2a: Zoroark|Zoroark-Hisui, L50, F\n|-end|p2a: Zoroark|Illusion\n|move|p2a: Zoroark|Icy Wind|p1b: Sneasler|[spread] p1a,p1b\n|-resisted|p1a: Delphox|1\n|-damage|p1a: Delphox|94/100\n|-damage|p1b: Sneasler|81/100\n|-unboost|p1a: Delphox|spe|1\n|-unboost|p1b: Sneasler|spe|1\n|-enditem|p1b: Sneasler|White Herb\n|-clearnegativeboost|p1b: Sneasler|[silent]\n|\n|upkeep\n|turn|2\n|inactive|tartarosa has 30 seconds left.\n|inactive|brojonski has 30 seconds left.\n|inactive|brojonski has 20 seconds left.\n|\n|t:|1776529187\n|switch|p2b: Slowking|Slowking, L50, F|100/100\n|move|p1b: Sneasler|Dire Claw|p2b: Slowking\n|-damage|p2b: Slowking|65/100\n|-status|p2b: Slowking|par\n|move|p2a: Zoroark|Icy Wind|p1a: Delphox|[spread] p1a,p1b\n|-resisted|p1a: Delphox|1\n|-damage|p1a: Delphox|87/100\n|-damage|p1b: Sneasler|62/100\n|-unboost|p1a: Delphox|spe|1\n|-unboost|p1b: Sneasler|spe|1\n|move|p1a: Delphox|Heat Wave|p2a: Zoroark|[spread] p2a,p2b\n|-resisted|p2b: Slowking|1\n|-damage|p2a: Zoroark|0 fnt\n|-damage|p2b: Slowking|50/100 par\n|faint|p2a: Zoroark\n|\n|upkeep\n|\n|t:|1776529204\n|switch|p2a: Glimmora|Glimmora, L50, M|100/100\n|turn|3\n|\n|t:|1776529215\n|switch|p1a: Garchomp|Garchomp, L50, F|100/100\n|switch|p2b: Tsareena|Tsareena, L50, F|100/100\n|detailschange|p2a: Glimmora|Glimmora-Mega, L50, M\n|-mega|p2a: Glimmora|Glimmora|Glimmoranite\n|move|p1b: Sneasler|Close Combat|p2a: Glimmora\n|-damage|p2a: Glimmora|40/100\n|-unboost|p1b: Sneasler|def|1\n|-unboost|p1b: Sneasler|spd|1\n|move|p2a: Glimmora|Earth Power|p1b: Sneasler\n|-supereffective|p1b: Sneasler|1\n|-crit|p1b: Sneasler\n|-damage|p1b: Sneasler|0 fnt\n|faint|p1b: Sneasler\n|\n|upkeep\n|\n|t:|1776529230\n|switch|p1b: Delphox|Delphox-Mega, L50, M|87/100\n|turn|4\n|\n|t:|1776529240\n|switch|p2b: Slowking|Slowking, L50, F|83/100 par\n|move|p2a: Glimmora|Spiky Shield|p2a: Glimmora\n|-singleturn|p2a: Glimmora|move: Protect\n|move|p1b: Delphox|Psychic|p2a: Glimmora\n|-activate|p2a: Glimmora|move: Protect\n|move|p1a: Garchomp|Dragon Claw|p2b: Slowking\n|-damage|p2b: Slowking|40/100 par\n|\n|upkeep\n|turn|5\n|\n|t:|1776529252\n|switch|p2a: Tsareena|Tsareena, L50, F|100/100\n|move|p1b: Delphox|Psychic|p2a: Tsareena\n|-damage|p2a: Tsareena|46/100\n|move|p1a: Garchomp|Dragon Claw|p2b: Slowking\n|-damage|p2b: Slowking|0 fnt\n|faint|p2b: Slowking\n|\n|upkeep\n|-message|brojonski forfeited.\n|\n|win|tartarosa\n|raw|tartarosa's rating: 1288 &rarr; <strong>1320</strong><br />(+32 for winning)\n|raw|brojonski's rating: 1383 &rarr; <strong>1358</strong><br />(-25 for losing)\n",
  "uploadtime": 1776529258,
  "views": 30,
  "formatid": "gen9championsvgc2026regma",
  "rating": 1320,
  "private": 0,
  "password": null
}