{
  "id": "gen9championsvgc2026regma-2580846280",
  "format": "[Gen 9 Champions] VGC 2026 Reg M-A",
  "players": [
    "Bun0p",
    "funnymangav"
  ],
  "log": "|j|\u2606Bun0p\n|j|\u2606funnymangav\n|t:|1775937266\n|gametype|doubles\n|player|p1|Bun0p|skyla|1127\n|player|p2|funnymangav|dawn|1183\n|gen|9\n|tier|[Gen 9 Champions] VGC 2026 Reg M-A\n|rated|\n|rule|Species Clause: Limit one of each Pok\u00e9mon\n|rule|Item Clause: Limit 1 of each item\n|clearpoke\n|poke|p1|Volcarona, L50, M|\n|poke|p1|Dragapult, L50, M|\n|poke|p1|Primarina, L50, F|\n|poke|p1|Whimsicott, L50, F|\n|poke|p1|Sinistcha, L50|\n|poke|p1|Delphox, L50, F|\n|poke|p2|Gengar, L50, F|\n|poke|p2|Aerodactyl, L50, F|\n|poke|p2|Charizard, L50, F|\n|poke|p2|Farigiraf, L50, M|\n|poke|p2|Whimsicott, L50, M|\n|poke|p2|Bellibolt, L50, F|\n|teampreview|4\n|inactive|Battle timer is ON: inactive players will automatically lose when time's up. (requested by funnymangav)\nfunnymangav has agreed to open team sheets.\n|inactive|Bun0p has 60 seconds left.\n|\n|t:|1775937302\n|teamsize|p1|4\n|teamsize|p2|4\n|start\n|switch|p1a: Dragapult|Dragapult, L50, M|100/100\n|switch|p1b: Whimsicott|Whimsicott, L50, F|100/100\n|switch|p2a: :3|Gengar, L50, F|100/100\n|switch|p2b: Plant|Whimsicott, L50, M|100/100\n|turn|1\n|\n|t:|1775937311\n|detailschange|p2a: :3|Gengar-Mega, L50, F\n|-mega|p2a: :3|Gengar|Gengarite\n|move|p1b: Whimsicott|Protect|p1b: Whimsicott\n|-singleturn|p1b: Whimsicott|Protect\n|move|p2b: Plant|Tailwind|p2b: Plant\n|-sidestart|p2: funnymangav|move: Tailwind\n|move|p2a: :3|Shadow Ball|p1a: Dragapult\n|-supereffective|p1a: Dragapult|1\n|-enditem|p1a: Dragapult|Focus Sash\n|-damage|p1a: Dragapult|1/100\n|move|p1a: Dragapult|Thunder Wave|p2a: :3|[miss]\n|-miss|p1a: Dragapult|p2a: :3\n|\n|upkeep\n|turn|2\n|\n|t:|1775937333\n|move|p1b: Whimsicott|Tailwind|p1b: Whimsicott\n|-sidestart|p1: Bun0p|move: Tailwind\n|move|p1a: Dragapult|Thunder Wave|p2a: :3\n|-status|p2a: :3|par\n|move|p2b: Plant|Moonblast|p1a: Dragapult\n|-supereffective|p1a: Dragapult|1\n|-damage|p1a: Dragapult|0 fnt\n|faint|p1a: Dragapult\n|move|p2a: :3|Sludge Bomb|p1b: Whimsicott\n|-supereffective|p1b: Whimsicott|2\n|-crit|p1b: Whimsicott\n|-damage|p1b: Whimsicott|0 fnt\n|faint|p1b: Whimsicott\n|\n|upkeep\n|\n|t:|1775937346\n|switch|p1a: Primarina|Primarina, L50, F|100/100\n|switch|p1b: Delphox|Delphox, L50, F|100/100\n|turn|3\n|\n|t:|1775937360\n|detailschange|p1b: Delphox|Delphox-Mega, L50, F\n|-mega|p1b: Delphox|Delphox|Delphoxite\n|move|p2a: :3|Protect|p2a: :3\n|-singleturn|p2a: :3|Protect\n|move|p2b: Plant|Fake Tears|p1b: Delphox\n|-unboost|p1b: Delphox|spd|2\n|move|p1b: Delphox|Psychic|p2a: :3\n|-activate|p2a: :3|move: Protect\n|move|p1a: Primarina|Hyper Voice|p2a: :3|[spread] p2b\n|-activate|p2a: :3|move: Protect\n|-resisted|p2b: Plant|1\n|-damage|p2b: Plant|77/100\n|\n|upkeep\n|turn|4\n|inactive|Bun0p has 30 seconds left.\n|\n|t:|1775937386\n|move|p2b: Plant|Fake Tears|p1a: Primarina\n|-unboost|p1a: Primarina|spd|2\n|move|p1b: Delphox|Psychic|p2a: :3\n|-supereffective|p2a: :3|1\n|-damage|p2a: :3|0 fnt\n|faint|p2a: :3\n|move|p1a: Primarina|Hyper Voice|p2b: Plant\n|-resisted|p2b: Plant|1\n|-damage|p2b: Plant|45/100\n|\n|-sideend|p2: funnymangav|move: Tailwind\n|upkeep\n|\n|t:|1775937389\n|switch|p2a: Fat Chud\u00ae\ufe0f|Bellibolt, L50, F|100/100\n|turn|5\n|\n|t:|1775937411\n|move|p2b: Plant|Fake Tears|p1b: Delphox\n|-unboost|p1b: Delphox|spd|2\n|move|p1b: Delphox|Heat Wave|p2a: Fat Chud\u00ae\ufe0f|[spread] p2a,p2b\n|-supereffective|p2b: Plant|1\n|-damage|p2a: Fat Chud\u00ae\ufe0f|62/100\n|-damage|p2b: Plant|0 fnt\n|-start|p2a: Fat Chud\u00ae\ufe0f|Charge|Heat Wave|[from] ability: Electromorphosis\n|faint|p2b: Plant\n|move|p1a: Primarina|Moonblast|p2a: Fat Chud\u00ae\ufe0f\n|-damage|p2a: Fat Chud\u00ae\ufe0f|11/100\n|-start|p2a: Fat Chud\u00ae\ufe0f|Charge|Moonblast|[from] ability: Electromorphosis\n|-enditem|p2a: Fat Chud\u00ae\ufe0f|Sitrus Berry|[eat]\n|-heal|p2a: Fat Chud\u00ae\ufe0f|36/100|[from] item: Sitrus Berry\n|move|p2a: Fat Chud\u00ae\ufe0f|Parabolic Charge|p1b: Delphox|[spread] p1a,p1b\n|-supereffective|p1a: Primarina|1\n|-damage|p1a: Primarina|0 fnt\n|-heal|p2a: Fat Chud\u00ae\ufe0f|79/100|[from] drain|[of] p1a: Primarina\n|-damage|p1b: Delphox|0 fnt\n|-heal|p2a: Fat Chud\u00ae\ufe0f|100/100|[from] drain|[of] p1b: Delphox\n|faint|p1a: Primarina\n|faint|p1b: Delphox\n|-end|p2a: Fat Chud\u00ae\ufe0f|Charge|[silent]\n|\n|win|funnymangav\n|raw|Bun0p's rating: 1127 &rarr; <strong>1106</strong><br />(-21 for losing)\n|raw|funnymangav's rating: 1183 &rarr; <strong>1204</strong><br />(+21 for winning)\n",
  "uploadtime": 1775937420,
  "views": 14,
  "formatid": "gen9championsvgc2026regma",
  "rating": 1106,
  "private": 0,
  "password": null
}