{
  "id": "gen9championsvgc2026regma-2586757004",
  "format": "[Gen 9 Champions] VGC 2026 Reg M-A",
  "players": [
    "blade626",
    "Vylerean"
  ],
  "log": "|j|\u2606blade626\n|j|\u2606Vylerean\n|t:|1776457483\n|gametype|doubles\n|player|p1|blade626|102|1141\n|player|p2|Vylerean|acetrainersnow|1146\n|gen|9\n|tier|[Gen 9 Champions] VGC 2026 Reg M-A\n|rated|\n|rule|Species Clause: Limit one of each Pok\u00e9mon\n|rule|Item Clause: Limit 1 of each item\n|clearpoke\n|poke|p1|Farigiraf, L50, M|\n|poke|p1|Incineroar, L50, M|\n|poke|p1|Primarina, L50, F|\n|poke|p1|Garchomp, L50, F|\n|poke|p1|Drampa, L50, M|\n|poke|p1|Sinistcha, L50|\n|poke|p2|Gengar, L50, F|\n|poke|p2|Incineroar, L50, F|\n|poke|p2|Scizor, L50, M|\n|poke|p2|Basculegion, L50, M|\n|poke|p2|Pelipper, L50, F|\n|poke|p2|Sylveon, L50, F|\n|teampreview|4\n|inactive|Battle timer is ON: inactive players will automatically lose when time's up. (requested by Vylerean)\n|\n|t:|1776457513\n|teamsize|p1|4\n|teamsize|p2|4\n|start\n|switch|p1a: Farigiraf|Farigiraf, L50, M|100/100\n|switch|p1b: Incineroar|Incineroar, L50, M|100/100\n|switch|p2a: Gengar|Gengar, L50, F|100/100\n|switch|p2b: Incineroar|Incineroar, L50, F|100/100\n|-ability|p1b: Incineroar|Intimidate|boost\n|-unboost|p2a: Gengar|atk|1\n|-unboost|p2b: Incineroar|atk|1\n|-ability|p2b: Incineroar|Intimidate|boost\n|-unboost|p1a: Farigiraf|atk|1\n|-unboost|p1b: Incineroar|atk|1\n|turn|1\n|inactive|blade626 has 30 seconds left.\n|inactive|blade626 has 20 seconds left.\n|\n|t:|1776457551\n|move|p2a: Gengar|Protect|p2a: Gengar\n|-singleturn|p2a: Gengar|Protect\n|move|p1b: Incineroar|Darkest Lariat|p2a: Gengar\n|-activate|p2a: Gengar|move: Protect\n|move|p2b: Incineroar|Parting Shot|p1b: Incineroar\n|-unboost|p1b: Incineroar|atk|1\n|-unboost|p1b: Incineroar|spa|1\n|\n|t:|1776457560\n|switch|p2b: Sylveon|Sylveon, L50, F|100/100|[from] Parting Shot\n|move|p1a: Farigiraf|Trick Room|p1a: Farigiraf\n|-fieldstart|move: Trick Room|[of] p1a: Farigiraf\n|\n|upkeep\n|turn|2\n|\n|t:|1776457582\n|switch|p2a: Incineroar|Incineroar, L50, F|100/100\n|-ability|p2a: Incineroar|Intimidate|boost\n|-unboost|p1a: Farigiraf|atk|1\n|-unboost|p1b: Incineroar|atk|1\n|move|p1a: Farigiraf|Light Screen|p1a: Farigiraf\n|-sidestart|p1: blade626|move: Light Screen\n|move|p1b: Incineroar|Parting Shot|p2b: Sylveon\n|-unboost|p2b: Sylveon|atk|1\n|-unboost|p2b: Sylveon|spa|1\n|\n|t:|1776457593\n|switch|p1b: Primarina|Primarina, L50, F|100/100|[from] Parting Shot\n|move|p2b: Sylveon|Hyper Beam|p1b: Primarina\n|-damage|p1b: Primarina|47/100\n|-mustrecharge|p2b: Sylveon\n|\n|upkeep\n|turn|3\n|\n|t:|1776457609\n|switch|p1a: Sinistcha|Sinistcha, L50|100/100\n|-heal|p1b: Primarina|71/100|[from] ability: Hospitality|[of] p1a: Sinistcha\n|move|p1b: Primarina|Hyper Voice|p2b: Sylveon|[spread] p2a,p2b\n|-supereffective|p2a: Incineroar|1\n|-damage|p2a: Incineroar|40/100\n|-damage|p2b: Sylveon|70/100\n|move|p2a: Incineroar|Parting Shot|p1b: Primarina\n|-unboost|p1b: Primarina|atk|1\n|-unboost|p1b: Primarina|spa|1\n|\n|t:|1776457619\n|switch|p2a: Gengar|Gengar, L50, F|100/100|[from] Parting Shot\n|cant|p2b: Sylveon|recharge\n|\n|upkeep\n|turn|4\n|\n|t:|1776457645\n|switch|p1b: Farigiraf|Farigiraf, L50, M|100/100\n|detailschange|p2a: Gengar|Gengar-Mega, L50, F\n|-mega|p2a: Gengar|Gengar|Gengarite\n|move|p1a: Sinistcha|Matcha Gotcha|p2b: Sylveon|[spread] p2a,p2b\n|-resisted|p2a: Gengar|1\n|-damage|p2a: Gengar|85/100\n|-damage|p2b: Sylveon|53/100\n|move|p2b: Sylveon|Yawn|p1b: Farigiraf\n|-start|p1b: Farigiraf|move: Yawn|[of] p2b: Sylveon\n|move|p2a: Gengar|Nasty Plot|p2a: Gengar\n|-boost|p2a: Gengar|spa|2\n|\n|upkeep\n|turn|5\n|\n|t:|1776457664\n|move|p2a: Gengar|Protect|p2a: Gengar\n|-singleturn|p2a: Gengar|Protect\n|move|p2b: Sylveon|Yawn|p1a: Sinistcha\n|-start|p1a: Sinistcha|move: Yawn|[of] p2b: Sylveon\n|move|p1b: Farigiraf|Trick Room|p1b: Farigiraf\n|-fieldend|move: Trick Room\n|move|p1a: Sinistcha|Trick Room|p1a: Sinistcha\n|-fieldstart|move: Trick Room|[of] p1a: Sinistcha\n|\n|-end|p1b: Farigiraf|move: Yawn|[silent]\n|-status|p1b: Farigiraf|slp\n|upkeep\n|turn|6\n|\n|t:|1776457689\n|switch|p1a: Incineroar|Incineroar, L50, M|100/100\n|-ability|p1a: Incineroar|Intimidate|boost\n|-unboost|p2a: Gengar|atk|1\n|-unboost|p2b: Sylveon|atk|1\n|cant|p1b: Farigiraf|slp\n|move|p2b: Sylveon|Hyper Voice|p1a: Incineroar|[spread] p1a,p1b\n|-damage|p1a: Incineroar|79/100\n|-damage|p1b: Farigiraf|81/100 slp\n|move|p2a: Gengar|Sludge Bomb|p1b: Farigiraf\n|-damage|p1b: Farigiraf|20/100 slp\n|-enditem|p1b: Farigiraf|Sitrus Berry|[eat]\n|-heal|p1b: Farigiraf|45/100 slp|[from] item: Sitrus Berry\n|\n|-sideend|p1: blade626|move: Light Screen\n|upkeep\n|turn|7\n|inactive|blade626 has 30 seconds left.\n|\n|t:|1776457718\n|move|p2a: Gengar|Protect|p2a: Gengar\n|-singleturn|p2a: Gengar|Protect\n|cant|p1b: Farigiraf|slp\n|move|p1a: Incineroar|Flare Blitz|p2b: Sylveon\n|-damage|p2b: Sylveon|0 fnt\n|faint|p2b: Sylveon\n|-damage|p1a: Incineroar|62/100|[from] Recoil\n|\n|upkeep\n|\n|t:|1776457728\n|switch|p2b: Basculegion|Basculegion, L50, M|100/100\n|turn|8\n|\n|t:|1776457740\n|switch|p2b: Incineroar|Incineroar, L50, F|40/100\n|-ability|p2b: Incineroar|Intimidate|boost\n|-unboost|p1a: Incineroar|atk|1\n|-unboost|p1b: Farigiraf|atk|1\n|-curestatus|p1b: Farigiraf|slp|[msg]\n|move|p1b: Farigiraf|Psychic|p2a: Gengar\n|-supereffective|p2a: Gengar|1\n|-damage|p2a: Gengar|0 fnt\n|faint|p2a: Gengar\n|move|p1a: Incineroar|Darkest Lariat|p2b: Incineroar\n|-resisted|p2b: Incineroar|1\n|-damage|p2b: Incineroar|32/100\n|\n|upkeep\n|l|\u2606Vylerean\n|inactive|Vylerean disconnected and has a minute to reconnect!\n|player|p2|\n|inactive|Vylerean has 30 seconds left.\n|inactive|Vylerean has 20 seconds left.\n|inactive|Vylerean has 15 seconds left.\n|inactive|Vylerean has 10 seconds left.\n|inactive|Vylerean has 5 seconds left.\n|-message|Vylerean lost due to inactivity.\n|\n|win|blade626\n|raw|blade626's rating: 1141 &rarr; <strong>1166</strong><br />(+25 for winning)\n|raw|Vylerean's rating: 1146 &rarr; <strong>1121</strong><br />(-25 for losing)\n",
  "uploadtime": 1776457948,
  "views": 35,
  "formatid": "gen9championsvgc2026regma",
  "rating": 1121,
  "private": 0,
  "password": null
}