{
  "id": "gen9championsvgc2026regma-2580894075",
  "format": "[Gen 9 Champions] VGC 2026 Reg M-A",
  "players": [
    "Arnauthr",
    "Greningram"
  ],
  "log": "|j|\u2606Arnauthr\n|j|\u2606Greningram\n|t:|1775941200\n|gametype|doubles\n|player|p1|Arnauthr|red|1040\n|player|p2|Greningram|lance|1034\n|gen|9\n|tier|[Gen 9 Champions] VGC 2026 Reg M-A\n|rated|\n|rule|Species Clause: Limit one of each Pok\u00e9mon\n|rule|Item Clause: Limit 1 of each item\n|clearpoke\n|poke|p1|Floette-Eternal, L50, F|\n|poke|p1|Whimsicott, L50, F|\n|poke|p1|Incineroar, L50, M|\n|poke|p1|Garchomp, L50, M|\n|poke|p1|Sneasler, L50, F|\n|poke|p1|Kingambit, L50, F|\n|poke|p2|Scovillain, L50, M|\n|poke|p2|Meowscarada, L50, F|\n|poke|p2|Ninetales, L50, F|\n|poke|p2|Armarouge, L50, F|\n|poke|p2|Meowstic, L50, M|\n|poke|p2|Whimsicott, L50, M|\n|teampreview|4\n|inactive|Battle timer is ON: inactive players will automatically lose when time's up. (requested by Arnauthr)\n|inactive|Arnauthr has 60 seconds left.\n|inactive|Greningram has 60 seconds left.\n|inactive|Greningram has 30 seconds left.\n|inactive|Greningram has 20 seconds left.\n|inactive|Greningram has 15 seconds left.\n|\n|t:|1775941278\n|teamsize|p1|4\n|teamsize|p2|4\n|start\n|switch|p1a: Floette|Floette-Eternal, L50, F|100/100\n|switch|p1b: Whimsicott|Whimsicott, L50, F|100/100\n|switch|p2a: Meowstic|Meowstic, L50, M, shiny|100/100\n|switch|p2b: Whimsicott|Whimsicott, L50, M|100/100\n|turn|1\n|inactive|Arnauthr has 30 seconds left.\n|inactive|Arnauthr has 20 seconds left.\n|inactive|Arnauthr has 15 seconds left.\n|inactive|Arnauthr has 10 seconds left.\n|\n|t:|1775941325\n|detailschange|p1a: Floette|Floette-Mega, L50, F\n|-mega|p1a: Floette|Floette|Floettite\n|-ability|p1a: Floette|Fairy Aura\n|move|p1b: Whimsicott|Tailwind|p1b: Whimsicott\n|-sidestart|p1: Arnauthr|move: Tailwind\n|move|p2a: Meowstic|Psychic Terrain|p2a: Meowstic\n|-fieldstart|move: Psychic Terrain\n|move|p1a: Floette|Dazzling Gleam|p2a: Meowstic|[spread] p2a,p2b\n|-damage|p2a: Meowstic|33/100\n|-damage|p2b: Whimsicott|44/100\n|move|p2b: Whimsicott|Trick Room|p2b: Whimsicott\n|-fieldstart|move: Trick Room|[of] p2b: Whimsicott\n|\n|upkeep\n|turn|2\n|\n|t:|1775941343\n|switch|p2b: Armarouge|Armarouge, L50, F|100/100\n|move|p2a: Meowstic|Light Screen|p2a: Meowstic\n|-sidestart|p2: Greningram|move: Light Screen\n|move|p1b: Whimsicott|Encore|p2b: Armarouge\n|-activate|p2b: Armarouge|move: Psychic Terrain\n|move|p1a: Floette|Dazzling Gleam|p2a: Meowstic|[spread] p2a,p2b\n|-resisted|p2b: Armarouge|1\n|-damage|p2a: Meowstic|0 fnt\n|-damage|p2b: Armarouge|79/100\n|faint|p2a: Meowstic\n|\n|upkeep\n|\n|t:|1775941360\n|switch|p2a: Scovillain|Scovillain, L50, M, shiny|100/100\n|turn|3\n|inactive|Arnauthr has 30 seconds left.\n|inactive|Arnauthr has 20 seconds left.\n|inactive|Arnauthr has 15 seconds left.\n|inactive|Arnauthr has 10 seconds left.\n|\n|t:|1775941407\n|detailschange|p2a: Scovillain|Scovillain-Mega, L50, M, shiny\n|-mega|p2a: Scovillain|Scovillain|Scovillainite\n|move|p1b: Whimsicott|Protect|p1b: Whimsicott\n|-singleturn|p1b: Whimsicott|Protect\n|move|p1a: Floette|Protect|p1a: Floette\n|-singleturn|p1a: Floette|Protect\n|move|p2b: Armarouge|Calm Mind|p2b: Armarouge\n|-boost|p2b: Armarouge|spa|1\n|-boost|p2b: Armarouge|spd|1\n|move|p2a: Scovillain|Leech Seed|p1a: Floette\n|-activate|p1a: Floette|move: Protect\n|\n|upkeep\n|turn|4\n|inactive|Greningram has 30 seconds left.\n|\n|t:|1775941438\n|switch|p1b: Garchomp|Garchomp, L50, M|100/100\n|move|p2b: Armarouge|Expanding Force|p1b: Garchomp|[spread] p1a,p1b\n|-damage|p1a: Floette|0 fnt\n|-damage|p1b: Garchomp|0 fnt\n|faint|p1a: Floette\n|faint|p1b: Garchomp\n|move|p2a: Scovillain|Leech Seed|p1: Floette|[notarget]\n|-fail|p2a: Scovillain\n|\n|-sideend|p1: Arnauthr|move: Tailwind\n|upkeep\n|\n|t:|1775941453\n|switch|p1a: Sneasler|Sneasler, L50, F|100/100\n|switch|p1b: Whimsicott|Whimsicott, L50, F|100/100\n|turn|5\n|inactive|Arnauthr has 30 seconds left.\n|inactive|Arnauthr has 20 seconds left.\n|inactive|Arnauthr has 15 seconds left.\n|\n|t:|1775941496\n|move|p1b: Whimsicott|Protect|p1b: Whimsicott\n|-singleturn|p1b: Whimsicott|Protect\n|move|p1a: Sneasler|Protect|p1a: Sneasler\n|-singleturn|p1a: Sneasler|Protect\n|move|p2b: Armarouge|Expanding Force|p1a: Sneasler|[spread] \n|-activate|p1a: Sneasler|move: Protect\n|-activate|p1b: Whimsicott|move: Protect\n|move|p2a: Scovillain|Trailblaze|p1a: Sneasler\n|-activate|p1a: Sneasler|move: Protect\n|\n|-fieldend|move: Trick Room\n|-fieldend|move: Psychic Terrain\n|upkeep\n|turn|6\n|inactive|Arnauthr has 30 seconds left.\n|inactive|Arnauthr has 20 seconds left.\n|\n|t:|1775941534\n|move|p2a: Scovillain|Rage Powder|p2a: Scovillain\n|-singleturn|p2a: Scovillain|move: Rage Powder\n|move|p1b: Whimsicott|Tailwind|p1b: Whimsicott\n|-sidestart|p1: Arnauthr|move: Tailwind\n|move|p1a: Sneasler|Dire Claw|p2a: Scovillain\n|-supereffective|p2a: Scovillain|1\n|-damage|p2a: Scovillain|2/100\n|-status|p1a: Sneasler|brn|[from] ability: Spicy Spray|[of] p2a: Scovillain\n|move|p2b: Armarouge|Lava Plume|p1b: Whimsicott|[spread] p2a,p1a,p1b\n|-supereffective|p1b: Whimsicott|1\n|-damage|p2a: Scovillain|0 fnt\n|-damage|p1a: Sneasler|29/100 brn\n|-enditem|p1b: Whimsicott|Focus Sash\n|-damage|p1b: Whimsicott|1/100\n|-immune|p2b: Armarouge\n|faint|p2a: Scovillain\n|\n|-damage|p1a: Sneasler|23/100 brn|[from] brn\n|-sideend|p2: Greningram|move: Light Screen\n|upkeep\n|\n|t:|1775941551\n|switch|p2a: Whimsicott|Whimsicott, L50, M|44/100\n|turn|7\n|inactive|Greningram has 30 seconds left.\n|\n|t:|1775941586\n|move|p1a: Sneasler|Protect|p1a: Sneasler\n|-singleturn|p1a: Sneasler|Protect\n|move|p1b: Whimsicott|Moonblast|p2a: Whimsicott\n|-damage|p2a: Whimsicott|2/100\n|move|p2b: Armarouge|Expanding Force|p1a: Sneasler\n|-activate|p1a: Sneasler|move: Protect\n|move|p2a: Whimsicott|Trick Room|p2a: Whimsicott\n|-fieldstart|move: Trick Room|[of] p2a: Whimsicott\n|\n|-damage|p1a: Sneasler|18/100 brn|[from] brn\n|upkeep\n|turn|8\n|inactive|Arnauthr has 30 seconds left.\n|inactive|Greningram has 30 seconds left.\n|inactive|Arnauthr has 20 seconds left.\n|-message|Arnauthr forfeited.\n|\n|win|Greningram\n|raw|Arnauthr's rating: 1040 &rarr; <strong>1024</strong><br />(-16 for losing)\n|raw|Greningram's rating: 1034 &rarr; <strong>1070</strong><br />(+36 for winning)\n|l|\u2606Arnauthr\n|player|p1|\n",
  "uploadtime": 1775941624,
  "views": 11,
  "formatid": "gen9championsvgc2026regma",
  "rating": 1024,
  "private": 0,
  "password": null
}