{
  "id": "gen9championsvgc2026regma-2585117802",
  "format": "[Gen 9 Champions] VGC 2026 Reg M-A",
  "players": [
    "Gabriel512g",
    "Prohxy"
  ],
  "log": "|j|\u2606Gabriel512g\n|j|\u2606Prohxy\n|t:|1776313816\n|gametype|doubles\n|player|p1|Gabriel512g|hilbert|1060\n|player|p2|Prohxy|lorelei-lgpe|1028\n|gen|9\n|tier|[Gen 9 Champions] VGC 2026 Reg M-A\n|rated|\n|rule|Species Clause: Limit one of each Pok\u00e9mon\n|rule|Item Clause: Limit 1 of each item\n|clearpoke\n|poke|p1|Tyranitar, L50, F|\n|poke|p1|Aerodactyl, L50, M|\n|poke|p1|Kangaskhan, L50, F|\n|poke|p1|Conkeldurr, L50, M|\n|poke|p1|Orthworm, L50, M|\n|poke|p1|Excadrill, L50, F|\n|poke|p2|Manectric, L50, M|\n|poke|p2|Tauros-Paldea-Blaze, L50, M|\n|poke|p2|Pidgeot, L50, F|\n|poke|p2|Politoed, L50, M|\n|poke|p2|Altaria, L50, F|\n|poke|p2|Tsareena, L50, F|\n|teampreview|4\n|inactive|Battle timer is ON: inactive players will automatically lose when time's up. (requested by Prohxy)\nProhxy rejected open team sheets.\n|\n|t:|1776313845\n|teamsize|p1|4\n|teamsize|p2|4\n|start\n|switch|p1a: Kangaskhan|Kangaskhan, L50, F|100/100\n|switch|p1b: Conkeldurr|Conkeldurr, L50, M|100/100\n|switch|p2a: Altaria|Altaria, L50, F, shiny|100/100\n|switch|p2b: Tsareena|Tsareena, L50, F, shiny|100/100\n|-ability|p2a: Altaria|Cloud Nine\n|turn|1\n|inactive|Gabriel512g has 30 seconds left.\n|\n|t:|1776313876\n|detailschange|p2a: Altaria|Altaria-Mega, L50, F, shiny\n|-mega|p2a: Altaria|Altaria|Altarianite\n|move|p2a: Altaria|Tailwind|p2a: Altaria\n|-sidestart|p2: Prohxy|move: Tailwind\n|move|p2b: Tsareena|U-turn|p1b: Conkeldurr\n|-resisted|p1b: Conkeldurr|1\n|-damage|p1b: Conkeldurr|89/100\n|\n|t:|1776313888\n|switch|p2b: Politoed|Politoed, L50, M, shiny|100/100|[from] U-turn\n|-weather|RainDance|[from] ability: Drizzle|[of] p2b: Politoed\n|move|p1a: Kangaskhan|Body Slam|p2b: Politoed\n|-damage|p2b: Politoed|71/100\n|move|p1b: Conkeldurr|Thunder Punch|p2a: Altaria\n|-resisted|p2a: Altaria|1\n|-damage|p2a: Altaria|81/100\n|\n|-weather|RainDance|[upkeep]\n|upkeep\n|turn|2\n|\n|t:|1776313906\n|switch|p1a: Tyranitar|Tyranitar, L50, F|100/100\n|-weather|Sandstorm|[from] ability: Sand Stream|[of] p1a: Tyranitar\n|move|p2a: Altaria|Hyper Voice|p1b: Conkeldurr|[spread] p1a,p1b\n|-supereffective|p1a: Tyranitar|1\n|-supereffective|p1b: Conkeldurr|1\n|-damage|p1a: Tyranitar|56/100\n|-damage|p1b: Conkeldurr|0 fnt\n|faint|p1b: Conkeldurr\n|move|p2b: Politoed|Icy Wind|p1a: Tyranitar\n|-damage|p1a: Tyranitar|49/100\n|-unboost|p1a: Tyranitar|spe|1\n|\n|-weather|Sandstorm|[upkeep]\n|-damage|p2a: Altaria|74/100|[from] Sandstorm\n|-damage|p2b: Politoed|65/100|[from] Sandstorm\n|upkeep\n|\n|t:|1776313924\n|switch|p1b: Excadrill|Excadrill, L50, F|100/100\n|turn|3\n|inactive|Prohxy has 30 seconds left.\n|\n|t:|1776313955\n|switch|p2a: Tsareena|Tsareena, L50, F, shiny|100/100\n|detailschange|p1a: Tyranitar|Tyranitar-Mega, L50, F\n|-mega|p1a: Tyranitar|Tyranitar|Tyranitarite\n|move|p1b: Excadrill|Rock Slide|p2b: Politoed|[spread] p2a,p2b\n|-damage|p2a: Tsareena|80/100\n|-damage|p2b: Politoed|46/100\n|move|p2b: Politoed|Weather Ball|p1a: Tyranitar\n|-damage|p1a: Tyranitar|38/100\n|move|p1a: Tyranitar|Dragon Dance|p1a: Tyranitar\n|-boost|p1a: Tyranitar|atk|1\n|-boost|p1a: Tyranitar|spe|1\n|\n|-weather|Sandstorm|[upkeep]\n|-damage|p2a: Tsareena|74/100|[from] Sandstorm\n|-damage|p2b: Politoed|40/100|[from] Sandstorm\n|upkeep\n|turn|4\n|inactive|Gabriel512g has 30 seconds left.\n|inactive|Prohxy has 30 seconds left.\n|\n|t:|1776313987\n|switch|p2b: Manectric|Manectric, L50, M, shiny|100/100\n|switch|p1a: Kangaskhan|Kangaskhan, L50, F|100/100\n|move|p1b: Excadrill|Rock Slide|p2a: Tsareena|[spread] p2a\n|-miss|p1b: Excadrill|p2b: Manectric\n|-damage|p2a: Tsareena|54/100\n|move|p2a: Tsareena|Trop Kick|p1a: Kangaskhan\n|-damage|p1a: Kangaskhan|56/100\n|-unboost|p1a: Kangaskhan|atk|1\n|\n|-weather|Sandstorm|[upkeep]\n|-damage|p2b: Manectric|94/100|[from] Sandstorm\n|-damage|p2a: Tsareena|47/100|[from] Sandstorm\n|-damage|p1a: Kangaskhan|50/100|[from] Sandstorm\n|-sideend|p2: Prohxy|move: Tailwind\n|upkeep\n|turn|5\n|inactive|Gabriel512g has 30 seconds left.\n|inactive|Prohxy has 30 seconds left.\n|inactive|Gabriel512g has 20 seconds left.\n|inactive|Gabriel512g has 15 seconds left.\n|\n|t:|1776314029\n|move|p1a: Kangaskhan|Fake Out||[still]\n|cant|p2a: Tsareena|ability: Queenly Majesty|Fake Out|[of] p1a: Kangaskhan\n|move|p1b: Excadrill|Swords Dance|p1b: Excadrill\n|-boost|p1b: Excadrill|atk|2\n|move|p2b: Manectric|Flamethrower|p1b: Excadrill\n|-supereffective|p1b: Excadrill|1\n|-damage|p1b: Excadrill|27/100\n|move|p2a: Tsareena|Trop Kick|p1b: Excadrill\n|-damage|p1b: Excadrill|0 fnt\n|faint|p1b: Excadrill\n|\n|-weather|Sandstorm|[upkeep]\n|-damage|p2b: Manectric|88/100|[from] Sandstorm\n|-damage|p1a: Kangaskhan|44/100|[from] Sandstorm\n|-damage|p2a: Tsareena|41/100|[from] Sandstorm\n|upkeep\n|-message|Gabriel512g forfeited.\n|\n|win|Prohxy\n|raw|Gabriel512g's rating: 1060 &rarr; <strong>1039</strong><br />(-21 for losing)\n|raw|Prohxy's rating: 1028 &rarr; <strong>1067</strong><br />(+39 for winning)\n|l|\u2606Gabriel512g\n|player|p1|\n",
  "uploadtime": 1776314043,
  "views": 19,
  "formatid": "gen9championsvgc2026regma",
  "rating": 1039,
  "private": 0,
  "password": null
}