{
  "id": "gen9championsvgc2026regma-2584969343",
  "format": "[Gen 9 Champions] VGC 2026 Reg M-A",
  "players": [
    "CoochaLEAN",
    "ArepadeChorizard"
  ],
  "log": "|j|\u2606CoochaLEAN\n|j|\u2606ArepadeChorizard\n|t:|1776299202\n|gametype|doubles\n|player|p1|CoochaLEAN|102|1016\n|player|p2|ArepadeChorizard|allister-unmasked|1050\n|gen|9\n|tier|[Gen 9 Champions] VGC 2026 Reg M-A\n|rated|\n|rule|Species Clause: Limit one of each Pok\u00e9mon\n|rule|Item Clause: Limit 1 of each item\n|clearpoke\n|poke|p1|Tyranitar, L50, M|\n|poke|p1|Excadrill, L50, M|\n|poke|p1|Sableye, L50, F|\n|poke|p1|Garchomp, L50, F|\n|poke|p1|Talonflame, L50, F|\n|poke|p1|Sinistcha, L50|\n|poke|p2|Gengar, L50, M|\n|poke|p2|Clefable, L50, M|\n|poke|p2|Dragonite, L50, F|\n|poke|p2|Incineroar, L50, F|\n|poke|p2|Sinistcha, L50|\n|poke|p2|Starmie, L50|\n|teampreview|4\n|inactive|Battle timer is ON: inactive players will automatically lose when time's up. (requested by ArepadeChorizard)\nArepadeChorizard has agreed to open team sheets.\n|inactive|CoochaLEAN has 60 seconds left.\n|\n|t:|1776299243\n|teamsize|p1|4\n|teamsize|p2|4\n|start\n|switch|p1a: Sableye|Sableye, L50, F|100/100\n|switch|p1b: Talonflame|Talonflame, L50, F|100/100\n|switch|p2a: Dragonite|Dragonite, L50, F|100/100\n|switch|p2b: Incineroar|Incineroar, L50, F|100/100\n|-ability|p2b: Incineroar|Intimidate|boost\n|-unboost|p1a: Sableye|atk|1\n|-unboost|p1b: Talonflame|atk|1\n|-enditem|p1a: Sableye|White Herb\n|-clearnegativeboost|p1a: Sableye|[silent]\n|turn|1\n|inactive|CoochaLEAN has 30 seconds left.\n|\n|t:|1776299275\n|move|p2b: Incineroar|Fake Out|p1b: Talonflame\n|-damage|p1b: Talonflame|79/100\n|move|p1a: Sableye|Fake Out|p2b: Incineroar\n|-damage|p2b: Incineroar|88/100\n|cant|p1b: Talonflame|flinch\n|move|p2a: Dragonite|Tailwind|p2a: Dragonite\n|-sidestart|p2: ArepadeChorizard|move: Tailwind\n|\n|upkeep\n|turn|2\n|\n|t:|1776299299\n|move|p1a: Sableye|Light Screen|p1a: Sableye\n|-sidestart|p1: CoochaLEAN|move: Light Screen\n|move|p2a: Dragonite|Dragon Claw|p1b: Talonflame\n|-damage|p1b: Talonflame|13/100\n|move|p1b: Talonflame|Tailwind|p1b: Talonflame\n|-sidestart|p1: CoochaLEAN|move: Tailwind\n|move|p2b: Incineroar|Parting Shot|p1a: Sableye\n|-unboost|p1a: Sableye|atk|1\n|-unboost|p1a: Sableye|spa|1\n|\n|t:|1776299307\n|switch|p2b: Starmie|Starmie, L50|100/100|[from] Parting Shot\n|\n|upkeep\n|turn|3\n|\n|t:|1776299324\n|switch|p2b: Incineroar|Incineroar, L50, F|88/100\n|-ability|p2b: Incineroar|Intimidate|boost\n|-unboost|p1a: Sableye|atk|1\n|-unboost|p1b: Talonflame|atk|1\n|move|p2a: Dragonite|Extreme Speed|p1b: Talonflame\n|-damage|p1b: Talonflame|0 fnt\n|faint|p1b: Talonflame\n|move|p1a: Sableye|Poltergeist|p2b: Incineroar\n|-activate|p2b: Incineroar|move: Poltergeist|Sitrus Berry\n|-resisted|p2b: Incineroar|1\n|-damage|p2b: Incineroar|77/100\n|\n|upkeep\n|\n|t:|1776299337\n|switch|p1b: Garchomp|Garchomp, L50, F|100/100\n|turn|4\n|\n|t:|1776299348\n|move|p1a: Sableye|Detect|p1a: Sableye\n|-singleturn|p1a: Sableye|Protect\n|move|p2a: Dragonite|Protect|p2a: Dragonite\n|-singleturn|p2a: Dragonite|Protect\n|move|p1b: Garchomp|Scale Shot|p2a: Dragonite\n|-activate|p2a: Dragonite|move: Protect\n|move|p2b: Incineroar|Parting Shot|p1b: Garchomp\n|-unboost|p1b: Garchomp|atk|1\n|-unboost|p1b: Garchomp|spa|1\n|\n|t:|1776299359\n|switch|p2b: Starmie|Starmie, L50|100/100|[from] Parting Shot\n|\n|-sideend|p2: ArepadeChorizard|move: Tailwind\n|upkeep\n|turn|5\n|\n|t:|1776299373\n|switch|p2b: Incineroar|Incineroar, L50, F|77/100\n|-ability|p2b: Incineroar|Intimidate|boost\n|-unboost|p1a: Sableye|atk|1\n|-unboost|p1b: Garchomp|atk|1\n|move|p1b: Garchomp|Scale Shot|p2a: Dragonite\n|-supereffective|p2a: Dragonite|1\n|-damage|p2a: Dragonite|93/100\n|-supereffective|p2a: Dragonite|1\n|-damage|p2a: Dragonite|75/100\n|-supereffective|p2a: Dragonite|1\n|-damage|p2a: Dragonite|59/100\n|-supereffective|p2a: Dragonite|1\n|-damage|p2a: Dragonite|44/100\n|-supereffective|p2a: Dragonite|1\n|-damage|p2a: Dragonite|26/100\n|-hitcount|p2a: Dragonite|5\n|-unboost|p1b: Garchomp|def|1\n|-boost|p1b: Garchomp|spe|1\n|move|p2a: Dragonite|Tailwind|p2a: Dragonite\n|-sidestart|p2: ArepadeChorizard|move: Tailwind\n|move|p1a: Sableye|Poltergeist|p2b: Incineroar\n|-activate|p2b: Incineroar|move: Poltergeist|Sitrus Berry\n|-resisted|p2b: Incineroar|1\n|-damage|p2b: Incineroar|68/100\n|\n|-sideend|p1: CoochaLEAN|move: Tailwind\n|upkeep\n|turn|6\n|inactive|CoochaLEAN has 30 seconds left.\n|\n|t:|1776299408\n|switch|p1a: Tyranitar|Tyranitar, L50, M|100/100\n|-weather|Sandstorm|[from] ability: Sand Stream|[of] p1a: Tyranitar\n|move|p2a: Dragonite|Dragon Claw|p1b: Garchomp\n|-supereffective|p1b: Garchomp|1\n|-enditem|p1b: Garchomp|Haban Berry|[eat]\n|-enditem|p1b: Garchomp|Haban Berry|[weaken]\n|-damage|p1b: Garchomp|42/100\n|-damage|p2a: Dragonite|14/100|[from] ability: Rough Skin|[of] p1b: Garchomp\n|move|p1b: Garchomp|Scale Shot|p2a: Dragonite\n|-supereffective|p2a: Dragonite|1\n|-damage|p2a: Dragonite|0 fnt\n|faint|p2a: Dragonite\n|-hitcount|p2: Dragonite|1\n|-unboost|p1b: Garchomp|def|1\n|-boost|p1b: Garchomp|spe|1\n|move|p2b: Incineroar|Flare Blitz|p1a: Tyranitar\n|-resisted|p1a: Tyranitar|1\n|-damage|p1a: Tyranitar|77/100\n|-damage|p2b: Incineroar|59/100|[from] Recoil\n|\n|-weather|Sandstorm|[upkeep]\n|-damage|p2b: Incineroar|53/100|[from] Sandstorm\n|-sideend|p1: CoochaLEAN|move: Light Screen\n|upkeep\n|\n|t:|1776299419\n|switch|p2a: Sinistcha|Sinistcha, L50|100/100\n|-heal|p2b: Incineroar|78/100|[from] ability: Hospitality|[of] p2a: Sinistcha\n|turn|7\n|\n|t:|1776299444\n|detailschange|p1a: Tyranitar|Tyranitar-Mega, L50, M\n|-mega|p1a: Tyranitar|Tyranitar|Tyranitarite\n|move|p1b: Garchomp|Crunch|p2a: Sinistcha\n|-supereffective|p2a: Sinistcha|1\n|-damage|p2a: Sinistcha|67/100\n|move|p2a: Sinistcha|Matcha Gotcha|p1b: Garchomp|[spread] p1a,p1b\n|-supereffective|p1a: Tyranitar|1\n|-damage|p1a: Tyranitar|53/100\n|-heal|p2a: Sinistcha|82/100|[from] drain|[of] p1a: Tyranitar\n|-damage|p1b: Garchomp|15/100\n|-heal|p2a: Sinistcha|99/100|[from] drain|[of] p1b: Garchomp\n|-status|p1a: Tyranitar|brn\n|move|p2b: Incineroar|Parting Shot|p1a: Tyranitar\n|-unboost|p1a: Tyranitar|atk|1\n|-unboost|p1a: Tyranitar|spa|1\n|\n|t:|1776299458\n|switch|p2b: Starmie|Starmie, L50|100/100|[from] Parting Shot\n|move|p1a: Tyranitar|Rock Slide|p2a: Sinistcha|[spread] p2a,p2b\n|-damage|p2a: Sinistcha|90/100\n|-damage|p2b: Starmie|87/100\n|\n|-weather|Sandstorm|[upkeep]\n|-damage|p2b: Starmie|82/100|[from] Sandstorm\n|-damage|p2a: Sinistcha|84/100|[from] Sandstorm\n|-damage|p1a: Tyranitar|47/100 brn|[from] brn\n|upkeep\n|turn|8\n|-message|CoochaLEAN forfeited.\n|\n|win|ArepadeChorizard\n|raw|CoochaLEAN's rating: 1016 &rarr; <strong>1005</strong><br />(-11 for losing)\n|raw|ArepadeChorizard's rating: 1050 &rarr; <strong>1079</strong><br />(+29 for winning)\n|l|\u2606CoochaLEAN\n|player|p1|\n",
  "uploadtime": 1776299469,
  "views": 24,
  "formatid": "gen9championsvgc2026regma",
  "rating": 1005,
  "private": 0,
  "password": null
}