{
  "id": "gen9championsvgc2026regma-2588450484",
  "format": "[Gen 9 Champions] VGC 2026 Reg M-A",
  "players": [
    "regitron 21",
    "jurahumble"
  ],
  "log": "|j|\u2606regitron 21\n|j|\u2606jurahumble\n|t:|1776634614\n|gametype|doubles\n|player|p1|regitron 21|n|1058\n|player|p2|jurahumble|169|1036\n|gen|9\n|tier|[Gen 9 Champions] VGC 2026 Reg M-A\n|rated|\n|rule|Species Clause: Limit one of each Pok\u00e9mon\n|rule|Item Clause: Limit 1 of each item\n|clearpoke\n|poke|p1|Aegislash, L50, M|\n|poke|p1|Froslass, L50, F|\n|poke|p1|Incineroar, L50, F|\n|poke|p1|Sneasler, L50, F|\n|poke|p1|Rotom-Wash, L50|\n|poke|p1|Volcarona, L50, M|\n|poke|p2|Rotom-Wash, L50|\n|poke|p2|Tyranitar, L50, M|\n|poke|p2|Sableye, L50, M|\n|poke|p2|Beedrill, L50, M|\n|poke|p2|Typhlosion, L50, F|\n|poke|p2|Wyrdeer, L50, F|\n|teampreview|4\n|c|\u2606regitron 21|hey good luck bud\n|c|\u2606regitron 21|cool team\nregitron 21 has agreed to open team sheets.\n|\n|t:|1776634678\n|teamsize|p1|4\n|teamsize|p2|4\n|start\n|switch|p1a: Rotom|Rotom-Wash, L50|100/100\n|switch|p1b: Sneasler|Sneasler, L50, F|100/100\n|switch|p2a: Sableye|Sableye, L50, M|100/100\n|switch|p2b: Typhlosion|Typhlosion, L50, F|100/100\n|turn|1\n|\n|t:|1776634716\n|move|p2a: Sableye|Sunny Day|p2a: Sableye\n|-weather|SunnyDay\n|move|p2b: Typhlosion|Solar Beam||[still]\n|-prepare|p2b: Typhlosion|Solar Beam\n|-anim|p2b: Typhlosion|Solar Beam|p1a: Rotom\n|-supereffective|p1a: Rotom|1\n|-damage|p1a: Rotom|0 fnt\n|faint|p1a: Rotom\n|move|p1b: Sneasler|Close Combat|p2b: Typhlosion\n|-damage|p2b: Typhlosion|0 fnt\n|-unboost|p1b: Sneasler|def|1\n|-unboost|p1b: Sneasler|spd|1\n|faint|p2b: Typhlosion\n|-enditem|p1b: Sneasler|White Herb\n|-clearnegativeboost|p1b: Sneasler|[silent]\n|\n|-weather|SunnyDay|[upkeep]\n|upkeep\n|\n|t:|1776634749\n|switch|p2b: Beedrill|Beedrill, L50, M|100/100\n|switch|p1a: Volcarona|Volcarona, L50, M|100/100\n|turn|2\n|\n|t:|1776634770\n|detailschange|p2b: Beedrill|Beedrill-Mega, L50, M\n|-mega|p2b: Beedrill|Beedrill|Beedrillite\n|move|p1b: Sneasler|Dire Claw|p2a: Sableye\n|-resisted|p2a: Sableye|1\n|-damage|p2a: Sableye|72/100\n|move|p2b: Beedrill|U-turn|p1a: Volcarona\n|-resisted|p1a: Volcarona|1\n|-damage|p1a: Volcarona|65/100\n|\n|t:|1776634778\n|switch|p2b: Wyrdeer|Wyrdeer, L50, F|100/100|[from] U-turn\n|-ability|p2b: Wyrdeer|Intimidate|boost\n|-unboost|p1a: Volcarona|atk|1\n|-unboost|p1b: Sneasler|atk|1\n|move|p1a: Volcarona|Fiery Dance|p2b: Wyrdeer\n|-damage|p2b: Wyrdeer|57/100\n|-boost|p1a: Volcarona|spa|1\n|move|p2a: Sableye|Foul Play|p1b: Sneasler\n|-resisted|p1b: Sneasler|1\n|-damage|p1b: Sneasler|66/100\n|\n|-weather|SunnyDay|[upkeep]\n|-heal|p1a: Volcarona|71/100|[from] item: Leftovers\n|-heal|p2a: Sableye|78/100|[from] item: Leftovers\n|upkeep\n|turn|3\n|\n|t:|1776634802\n|move|p2a: Sableye|Light Screen|p2a: Sableye\n|-sidestart|p2: jurahumble|move: Light Screen\n|move|p1b: Sneasler|Throat Chop|p2a: Sableye\n|-damage|p2a: Sableye|48/100\n|-start|p2a: Sableye|Throat Chop|[silent]\n|move|p1a: Volcarona|Fiery Dance|p2b: Wyrdeer\n|-damage|p2b: Wyrdeer|10/100\n|-boost|p1a: Volcarona|spa|1\n|move|p2b: Wyrdeer|Psyshield Bash|p1a: Volcarona\n|-damage|p1a: Volcarona|28/100\n|-boost|p2b: Wyrdeer|def|1\n|\n|-weather|SunnyDay|[upkeep]\n|-heal|p1a: Volcarona|34/100|[from] item: Leftovers\n|-heal|p2a: Sableye|54/100|[from] item: Leftovers\n|upkeep\n|turn|4\n|l|\u2606jurahumble\n|player|p2|\n|j|\u2606jurahumble\n|player|p2|jurahumble|169|\n|\n|t:|1776634861\n|move|p2b: Wyrdeer|Protect|p2b: Wyrdeer\n|-singleturn|p2b: Wyrdeer|Protect\n|move|p2a: Sableye|Will-O-Wisp|p1b: Sneasler\n|-status|p1b: Sneasler|brn\n|move|p1b: Sneasler|Throat Chop|p2a: Sableye\n|-damage|p2a: Sableye|40/100\n|move|p1a: Volcarona|Struggle Bug|p2a: Sableye|[spread] p2a\n|-activate|p2b: Wyrdeer|move: Protect\n|-damage|p2a: Sableye|8/100\n|-unboost|p2a: Sableye|spa|1\n|\n|-weather|SunnyDay|[upkeep]\n|-heal|p1a: Volcarona|39/100|[from] item: Leftovers\n|-heal|p2a: Sableye|14/100|[from] item: Leftovers\n|-damage|p1b: Sneasler|60/100 brn|[from] brn\n|-end|p2a: Sableye|Throat Chop|[silent]\n|upkeep\n|turn|5\n|-activate|p2b: Wyrdeer|item: Quick Claw\n|\n|t:|1776634914\n|move|p2b: Wyrdeer|Lunge|p1a: Volcarona\n|-resisted|p1a: Volcarona|1\n|-damage|p1a: Volcarona|27/100\n|-unboost|p1a: Volcarona|atk|1\n|move|p1b: Sneasler|Dire Claw|p2b: Wyrdeer\n|-damage|p2b: Wyrdeer|0 fnt\n|faint|p2b: Wyrdeer\n|move|p1a: Volcarona|Struggle Bug|p2a: Sableye\n|-damage|p2a: Sableye|0 fnt\n|faint|p2a: Sableye\n|\n|-weather|none\n|-heal|p1a: Volcarona|33/100|[from] item: Leftovers\n|-damage|p1b: Sneasler|55/100 brn|[from] brn\n|upkeep\n|\n|t:|1776634946\n|switch|p2b: Beedrill|Beedrill-Mega, L50, M|100/100\n|turn|6\n|\n|t:|1776634975\n|move|p1b: Sneasler|Dire Claw|p2b: Beedrill\n|-resisted|p2b: Beedrill|1\n|-damage|p2b: Beedrill|81/100\n|move|p2b: Beedrill|Poison Jab|p1a: Volcarona\n|-damage|p1a: Volcarona|0 fnt\n|faint|p1a: Volcarona\n|\n|-damage|p1b: Sneasler|49/100 brn|[from] brn\n|upkeep\n|\n|t:|1776634981\n|switch|p1a: Froslass|Froslass, L50, F|100/100\n|turn|7\n|\n|t:|1776634989\n|detailschange|p1a: Froslass|Froslass-Mega, L50, F\n|-mega|p1a: Froslass|Froslass|Froslassite\n|-weather|Snowscape|[from] ability: Snow Warning|[of] p1a: Froslass\n|move|p1b: Sneasler|Dire Claw|p2b: Beedrill\n|-resisted|p2b: Beedrill|1\n|-damage|p2b: Beedrill|64/100\n|move|p2b: Beedrill|Poison Jab|p1a: Froslass\n|-resisted|p1a: Froslass|1\n|-damage|p1a: Froslass|69/100\n|-status|p1a: Froslass|psn\n|move|p1a: Froslass|Blizzard|p2b: Beedrill\n|-damage|p2b: Beedrill|1/100\n|\n|-weather|Snowscape|[upkeep]\n|-damage|p1a: Froslass|56/100 psn|[from] psn\n|-damage|p1b: Sneasler|43/100 brn|[from] brn\n|-sideend|p2: jurahumble|move: Light Screen\n|upkeep\n|turn|8\n|\n|t:|1776635011\n|move|p2b: Beedrill|Protect|p2b: Beedrill\n|-singleturn|p2b: Beedrill|Protect\n|move|p1b: Sneasler|Dire Claw|p2b: Beedrill\n|-activate|p2b: Beedrill|move: Protect\n|move|p1a: Froslass|Blizzard|p2b: Beedrill\n|-activate|p2b: Beedrill|move: Protect\n|\n|-weather|Snowscape|[upkeep]\n|-damage|p1a: Froslass|44/100 psn|[from] psn\n|-damage|p1b: Sneasler|37/100 brn|[from] brn\n|upkeep\n|turn|9\n|l|\u2606jurahumble\n|player|p2|\n|c|\u2606regitron 21|gg i guess\n|c|\u2606regitron 21|interesting team\n|inactive|Battle timer is ON: inactive players will automatically lose when time's up. (requested by regitron 21)\n|inactive|jurahumble has 30 seconds to reconnect!\n|inactive|jurahumble has 20 seconds to reconnect!\n|inactive|jurahumble has 15 seconds to reconnect!\n|inactive|jurahumble has 10 seconds to reconnect!\n|inactive|jurahumble has 5 seconds to reconnect!\n|-message|jurahumble lost due to inactivity.\n|\n|win|regitron 21\n|raw|regitron 21's rating: 1058 &rarr; <strong>1087</strong><br />(+29 for winning)\n|raw|jurahumble's rating: 1036 &rarr; <strong>1022</strong><br />(-14 for losing)\n",
  "uploadtime": 1776635123,
  "views": 10,
  "formatid": "gen9championsvgc2026regma",
  "rating": 1022,
  "private": 0,
  "password": null
}