{
  "id": "gen9championsvgc2026regma-2580522954",
  "format": "[Gen 9 Champions] VGC 2026 Reg M-A",
  "players": [
    "brekfastbru",
    "PlatSceptile"
  ],
  "log": "|j|\u2606brekfastbru\n|j|\u2606PlatSceptile\n|t:|1775908467\n|gametype|doubles\n|player|p1|brekfastbru|battlegirl-gen4|\n|player|p2|PlatSceptile|cynthia-gen4|\n|gen|9\n|tier|[Gen 9 Champions] VGC 2026 Reg M-A\n|rated|Tournament battle\n|rule|Species Clause: Limit one of each Pok\u00e9mon\n|rule|Item Clause: Limit 1 of each item\n|raw|<div class=\"infobox\"><details class=\"readmore\" open><summary><strong>1 custom rule:</strong></summary> Force Open Team Sheets</details></div>\n|clearpoke\n|poke|p1|Hatterene, L50, F|\n|poke|p1|Oranguru, L50, F|\n|poke|p1|Torkoal, L50, M|\n|poke|p1|Golurk, L50|\n|poke|p1|Snorlax, L50, M|\n|poke|p1|Clefable, L50, F|\n|poke|p2|Gengar, L50, M|\n|poke|p2|Kommo-o, L50, M|\n|poke|p2|Incineroar, L50, F|\n|poke|p2|Pelipper, L50, M|\n|poke|p2|Archaludon, L50, M|\n|poke|p2|Rotom-Mow, L50|\n|teampreview|4\n|showteam|p1|Hatterene||FocusSash|MagicBounce|DazzlingGleam,ExpandingForce,TrickRoom,Protect|||F|||50|]Oranguru||MentalHerb|Telepathy|PsychicTerrain,TrickRoom,Instruct,Psychic|||F|||50|]Torkoal||Charcoal|Drought|Eruption,HeatWave,WeatherBall,Protect|||M|||50|]Golurk||Golurkite|IronFist|Earthquake,Poltergeist,HeadlongRush,Protect||||||50|]Snorlax||SitrusBerry|ThickFat|BellyDrum,BodySlam,DoubleEdge,HighHorsepower|||M|||50|]Clefable||KebiaBerry|MagicGuard|FollowMe,HealingWish,Encore,Moonblast|||F|||50|\n|showteam|p2|Gengar||Gengarite|CursedBody|ShadowBall,SludgeBomb,IcyWind,Protect|||M|||50|]Kommo-o||YacheBerry|Bulletproof|IronDefense,BodyPress,ShadowClaw,Protect|||M|||50|]Incineroar||SitrusBerry|Intimidate|FakeOut,DarkestLariat,FlareBlitz,PartingShot|||F|||50|]Pelipper||FocusSash|Drizzle|Hurricane,WeatherBall,WideGuard,Protect|||M|||50|]Archaludon||ShucaBerry|Stamina|ElectroShot,DracoMeteor,FlashCannon,Protect|||M|||50|]Rotom-Mow||ChoiceScarf|Levitate|RainDance,WillOWisp,LeafStorm,VoltSwitch||||||50|\n|c|\u2606brekfastbru|Oh!\n|c|\u2606brekfastbru|Ended up fighting you and the guy that beat you\n|c|\u2606brekfastbru|Lol\n|c|\u2606brekfastbru|Glhf\n|c|\u2606PlatSceptile|gl\n|c|\u2606brekfastbru|Lost to a 10% last\n|c|\u2606PlatSceptile|im so dead tho\n|\n|t:|1775908524\n|teamsize|p1|4\n|teamsize|p2|4\n|start\n|switch|p1a: Oranguru|Oranguru, L50, F|100/100\n|switch|p1b: Hatterene|Hatterene, L50, F|100/100\n|switch|p2a: Gengar|Gengar, L50, M, shiny|100/100\n|switch|p2b: Incineroar|Incineroar, L50, F|100/100\n|-ability|p2b: Incineroar|Intimidate|boost\n|-unboost|p1a: Oranguru|atk|1\n|-unboost|p1b: Hatterene|atk|1\n|turn|1\n|j| Almirante Matthew\n|\n|t:|1775908545\n|detailschange|p2a: Gengar|Gengar-Mega, L50, M, shiny\n|-mega|p2a: Gengar|Gengar|Gengarite\n|move|p2b: Incineroar|Fake Out|p1a: Oranguru\n|-damage|p1a: Oranguru|86/100\n|move|p2a: Gengar|Sludge Bomb|p1b: Hatterene\n|-supereffective|p1b: Hatterene|1\n|-enditem|p1b: Hatterene|Focus Sash\n|-damage|p1b: Hatterene|1/100\n|cant|p1a: Oranguru|flinch\n|move|p1b: Hatterene|Trick Room|p1b: Hatterene\n|-fieldstart|move: Trick Room|[of] p1b: Hatterene\n|\n|upkeep\n|turn|2\n|\n|t:|1775908572\n|move|p1b: Hatterene|Protect|p1b: Hatterene\n|-singleturn|p1b: Hatterene|Protect\n|move|p2a: Gengar|Protect|p2a: Gengar\n|-singleturn|p2a: Gengar|Protect\n|move|p1a: Oranguru|Psychic Terrain|p1a: Oranguru\n|-fieldstart|move: Psychic Terrain\n|move|p2b: Incineroar|Parting Shot|p1b: Hatterene\n|-activate|p1b: Hatterene|move: Protect\n|\n|upkeep\n|turn|3\n|\n|t:|1775908596\n|move|p1b: Hatterene|Dazzling Gleam|p2a: Gengar|[spread] p2a,p2b\n|-resisted|p2a: Gengar|1\n|-damage|p2a: Gengar|75/100\n|-damage|p2b: Incineroar|66/100\n|move|p1a: Oranguru|Psychic|p2a: Gengar\n|-supereffective|p2a: Gengar|1\n|-damage|p2a: Gengar|0 fnt\n|faint|p2a: Gengar\n|move|p2b: Incineroar|Darkest Lariat|p1a: Oranguru\n|-supereffective|p1a: Oranguru|1\n|-damage|p1a: Oranguru|1/100\n|\n|upkeep\n|\n|t:|1775908607\n|switch|p2a: Pelipper|Pelipper, L50, M|100/100\n|-weather|RainDance|[from] ability: Drizzle|[of] p2a: Pelipper\n|turn|4\n|\n|t:|1775908626\n|move|p2a: Pelipper|Protect|p2a: Pelipper\n|-singleturn|p2a: Pelipper|Protect\n|move|p1b: Hatterene|Expanding Force|p2a: Pelipper|[spread] \n|-activate|p2a: Pelipper|move: Protect\n|-immune|p2b: Incineroar\n|move|p1a: Oranguru|Psychic|p2a: Pelipper\n|-activate|p2a: Pelipper|move: Protect\n|move|p2b: Incineroar|Parting Shot|p1a: Oranguru\n|-unboost|p1a: Oranguru|atk|1\n|-unboost|p1a: Oranguru|spa|1\n|\n|t:|1775908637\n|switch|p2b: Archaludon|Archaludon, L50, M|100/100|[from] Parting Shot\n|\n|-weather|RainDance|[upkeep]\n|upkeep\n|turn|5\n|\n|t:|1775908652\n|move|p2a: Pelipper|Wide Guard|p2a: Pelipper\n|-singleturn|p2a: Pelipper|Wide Guard\n|move|p1b: Hatterene|Expanding Force|p2b: Archaludon|[spread] \n|-activate|p2a: Pelipper|move: Wide Guard\n|-activate|p2b: Archaludon|move: Wide Guard\n|move|p1a: Oranguru|Psychic|p2b: Archaludon\n|-resisted|p2b: Archaludon|1\n|-damage|p2b: Archaludon|80/100\n|-ability|p2b: Archaludon|Stamina|boost\n|-boost|p2b: Archaludon|def|1\n|move|p2b: Archaludon|Electro Shot||[still]\n|-prepare|p2b: Archaludon|Electro Shot\n|-boost|p2b: Archaludon|spa|1\n|-anim|p2b: Archaludon|Electro Shot|p1b: Hatterene\n|-damage|p1b: Hatterene|0 fnt\n|faint|p1b: Hatterene\n|\n|-weather|RainDance|[upkeep]\n|-fieldend|move: Trick Room\n|upkeep\n|\n|t:|1775908669\n|switch|p1b: Torkoal|Torkoal, L50, M|100/100\n|-weather|SunnyDay|[from] ability: Drought|[of] p1b: Torkoal\n|turn|6\n|c|\u2606brekfastbru|pper cooks my team so bad\n|c|\u2606brekfastbru|Rain + wguard\n|\n|t:|1775908722\n|move|p2b: Archaludon|Protect|p2b: Archaludon\n|-singleturn|p2b: Archaludon|Protect\n|move|p2a: Pelipper|Weather Ball|p1a: Oranguru\n|-damage|p1a: Oranguru|0 fnt\n|faint|p1a: Oranguru\n|move|p1b: Torkoal|Weather Ball|p2b: Archaludon\n|-activate|p2b: Archaludon|move: Protect\n|\n|-weather|SunnyDay|[upkeep]\n|-fieldend|move: Psychic Terrain\n|upkeep\n|\n|t:|1775908727\n|switch|p1a: Golurk|Golurk, L50|100/100\n|turn|7\n|j| just-vibingfrl\n|c|\u2606brekfastbru|plssssss\n|\n|t:|1775908775\n|switch|p2a: Incineroar|Incineroar, L50, F|66/100\n|-ability|p2a: Incineroar|Intimidate|boost\n|-unboost|p1a: Golurk|atk|1\n|-unboost|p1b: Torkoal|atk|1\n|detailschange|p1a: Golurk|Golurk-Mega, L50\n|-mega|p1a: Golurk|Golurk|Golurkite\n|move|p2b: Archaludon|Draco Meteor|p1a: Golurk\n|-damage|p1a: Golurk|19/100\n|-unboost|p2b: Archaludon|spa|2\n|move|p1a: Golurk|Headlong Rush|p2b: Archaludon\n|-supereffective|p2b: Archaludon|1\n|-enditem|p2b: Archaludon|Shuca Berry|[eat]\n|-enditem|p2b: Archaludon|Shuca Berry|[weaken]\n|-damage|p2b: Archaludon|49/100\n|-unboost|p1a: Golurk|def|1\n|-unboost|p1a: Golurk|spd|1\n|-ability|p2b: Archaludon|Stamina|boost\n|-boost|p2b: Archaludon|def|1\n|move|p1b: Torkoal|Eruption|p2b: Archaludon|[spread] p2a,p2b\n|-resisted|p2a: Incineroar|1\n|-damage|p2a: Incineroar|20/100\n|-damage|p2b: Archaludon|0 fnt\n|-enditem|p2a: Incineroar|Sitrus Berry|[eat]\n|-heal|p2a: Incineroar|44/100|[from] item: Sitrus Berry\n|faint|p2b: Archaludon\n|\n|-weather|SunnyDay|[upkeep]\n|upkeep\n|c|\u2606brekfastbru|FUUUUCK\n|\n|t:|1775908796\n|switch|p2b: Pelipper|Pelipper, L50, M|100/100\n|-weather|RainDance|[from] ability: Drizzle|[of] p2b: Pelipper\n|turn|8\n|c|\u2606brekfastbru|That went about as poorly as it couldve\n|\n|t:|1775908823\n|move|p2a: Incineroar|Fake Out|p1b: Torkoal\n|-damage|p1b: Torkoal|89/100\n|move|p2b: Pelipper|Weather Ball|p1a: Golurk\n|-supereffective|p1a: Golurk|1\n|-damage|p1a: Golurk|0 fnt\n|faint|p1a: Golurk\n|cant|p1b: Torkoal|flinch\n|\n|-weather|RainDance|[upkeep]\n|upkeep\n|turn|9\n|c|\u2606PlatSceptile|might be gg\n|c|\u2606brekfastbru|No is 100% is\n|\n|t:|1775908838\n|move|p2b: Pelipper|Weather Ball|p1b: Torkoal\n|-supereffective|p1b: Torkoal|1\n|-damage|p1b: Torkoal|0 fnt\n|faint|p1b: Torkoal\n|\n|win|PlatSceptile\n|n|\u2606brekfastbru|brekfastbru\n|n|\u2606PlatSceptile|platsceptile\n|n| Almirante Matthew|almirantematthew\n|n| just-vibingfrl|justvibingfrl\n|c|\u2606PlatSceptile|gg\n|c|\u2606PlatSceptile|honestly i forgot i had the berry\n|c|\u2606brekfastbru|It was GG from the team preview\n|c|\u2606PlatSceptile|on arch\n|l| Almirante Matthew\n|c|\u2606brekfastbru|It hardly mattered\n|c|\u2606PlatSceptile|i shouldve targetted torkoal with the draco\n|c|\u2606PlatSceptile|gg tho\n|c|\u2606PlatSceptile|considering the matchup you played really well\n|c|\u2606brekfastbru|This team doesnt beat pelliper\n|c|\u2606brekfastbru|Lol yeah\n|c|\u2606brekfastbru|Ggwp\n|l|\u2606brekfastbru\n|player|p1|\n|l|\u2606PlatSceptile\n|player|p2|\n|l| just-vibingfrl\n|j|\u2606PlatSceptile\n|player|p2|PlatSceptile|cynthia-gen4|\n",
  "uploadtime": 1775909462,
  "views": 22,
  "formatid": "gen9championsvgc2026regma",
  "rating": null,
  "private": 0,
  "password": null
}