{
  "id": "gen9championsvgc2026regma-2583841276",
  "format": "[Gen 9 Champions] VGC 2026 Reg M-A",
  "players": [
    "quero_dormir2525",
    "Lesserangel"
  ],
  "log": "|j|\u2606quero_dormir2525\n|j|\u2606Lesserangel\n|t:|1776201882\n|gametype|doubles\n|player|p1|quero_dormir2525|dawn|1042\n|player|p2|Lesserangel|waitress-gen4|1106\n|gen|9\n|tier|[Gen 9 Champions] VGC 2026 Reg M-A\n|rated|\n|rule|Species Clause: Limit one of each Pok\u00e9mon\n|rule|Item Clause: Limit 1 of each item\n|clearpoke\n|poke|p1|Gardevoir, L50, M|\n|poke|p1|Hydreigon, L50, F|\n|poke|p1|Palafin, L50, M|\n|poke|p1|Whimsicott, L50, M|\n|poke|p1|Politoed, L50, M|\n|poke|p1|Kangaskhan, L50, F|\n|poke|p2|Chimecho, L50, M|\n|poke|p2|Oranguru, L50, M|\n|poke|p2|Hydrapple, L50, F|\n|poke|p2|Liepard, L50, M|\n|poke|p2|Toucannon, L50, M|\n|poke|p2|Mimikyu, L50, F|\n|teampreview|4\n|\n|t:|1776201946\n|teamsize|p1|4\n|teamsize|p2|4\n|start\n|switch|p1a: Palafin|Palafin, L50, M|100/100\n|switch|p1b: Hydreigon|Hydreigon, L50, F|100/100\n|switch|p2a: Mimikyu|Mimikyu, L50, F|100/100\n|switch|p2b: Chimecho|Chimecho, L50, M|100/100\n|turn|1\n|\n|t:|1776201970\n|detailschange|p2b: Chimecho|Chimecho-Mega, L50, M\n|-mega|p2b: Chimecho|Chimecho|Chimechite\n|move|p2b: Chimecho|Protect|p2b: Chimecho\n|-singleturn|p2b: Chimecho|Protect\n|move|p1b: Hydreigon|Dark Pulse|p2b: Chimecho\n|-activate|p2b: Chimecho|move: Protect\n|move|p1a: Palafin|Flip Turn|p2a: Mimikyu\n|-activate|p2a: Mimikyu|ability: Disguise\n|-damage|p2a: Mimikyu|100/100\n|detailschange|p2a: Mimikyu|Mimikyu-Busted, L50, F\n|-damage|p2a: Mimikyu|88/100|[from] pokemon: Mimikyu-Busted\n|\n|t:|1776201987\n|detailschange|p1a: Palafin|Palafin-Hero, L50, M\n|switch|p1a: Politoed|Politoed, L50, M|100/100|[from] Flip Turn\n|-weather|RainDance|[from] ability: Drizzle|[of] p1a: Politoed\n|move|p2a: Mimikyu|Play Rough|p1b: Hydreigon\n|-supereffective|p1b: Hydreigon|2\n|-damage|p1b: Hydreigon|0 fnt\n|faint|p1b: Hydreigon\n|\n|-weather|RainDance|[upkeep]\n|upkeep\n|\n|t:|1776201999\n|switch|p1b: Palafin|Palafin-Hero, L50, M|100/100\n|-activate|p1b: Palafin|ability: Zero to Hero\n|turn|2\n|\n|t:|1776202014\n|switch|p2b: Hydrapple|Hydrapple, L50, F|100/100\n|-ability|p2b: Hydrapple|Supersweet Syrup\n|-unboost|p1a: Politoed|evasion|1\n|-unboost|p1b: Palafin|evasion|1\n|move|p1a: Politoed|Helping Hand|p1b: Palafin\n|-singleturn|p1b: Palafin|Helping Hand|[of] p1a: Politoed\n|move|p1b: Palafin|Aqua Jet|p2b: Hydrapple\n|-resisted|p2b: Hydrapple|2\n|-damage|p2b: Hydrapple|87/100\n|move|p2a: Mimikyu|Trick Room|p2a: Mimikyu\n|-fieldstart|move: Trick Room|[of] p2a: Mimikyu\n|\n|-weather|RainDance|[upkeep]\n|upkeep\n|turn|3\n|\n|t:|1776202040\n|move|p2a: Mimikyu|Protect|p2a: Mimikyu\n|-singleturn|p2a: Mimikyu|Protect\n|move|p1b: Palafin|Protect|p1b: Palafin\n|-singleturn|p1b: Palafin|Protect\n|move|p2b: Hydrapple|Energy Ball|p1b: Palafin\n|-activate|p1b: Palafin|move: Protect\n|move|p1a: Politoed|Weather Ball|p2a: Mimikyu\n|-activate|p2a: Mimikyu|move: Protect\n|\n|-weather|RainDance|[upkeep]\n|upkeep\n|turn|4\n|\n|t:|1776202066\n|switch|p1b: Gardevoir|Gardevoir, L50, M|100/100\n|move|p2b: Hydrapple|Energy Ball|p1b: Gardevoir\n|-damage|p1b: Gardevoir|59/100\n|move|p1a: Politoed|Weather Ball|p2a: Mimikyu\n|-damage|p2a: Mimikyu|20/100\n|move|p2a: Mimikyu|Play Rough|p1b: Gardevoir\n|-damage|p1b: Gardevoir|7/100\n|\n|-weather|RainDance|[upkeep]\n|upkeep\n|turn|5\n|\n|t:|1776202092\n|move|p1b: Gardevoir|Protect|p1b: Gardevoir\n|-singleturn|p1b: Gardevoir|Protect\n|move|p2a: Mimikyu|Protect|p2a: Mimikyu\n|-singleturn|p2a: Mimikyu|Protect\n|move|p2b: Hydrapple|Energy Ball|p1b: Gardevoir\n|-activate|p1b: Gardevoir|move: Protect\n|move|p1a: Politoed|Weather Ball|p2a: Mimikyu\n|-activate|p2a: Mimikyu|move: Protect\n|\n|-weather|none\n|upkeep\n|turn|6\n|\n|t:|1776202119\n|switch|p1a: Palafin|Palafin-Hero, L50, M|100/100\n|move|p1b: Gardevoir|Protect||[still]\n|-fail|p1b: Gardevoir\n|move|p2b: Hydrapple|Energy Ball|p1a: Palafin\n|-supereffective|p1a: Palafin|1\n|-damage|p1a: Palafin|13/100\n|move|p2a: Mimikyu|Shadow Claw|p1b: Gardevoir\n|-supereffective|p1b: Gardevoir|1\n|-crit|p1b: Gardevoir\n|-damage|p1b: Gardevoir|0 fnt\n|faint|p1b: Gardevoir\n|\n|-fieldend|move: Trick Room\n|upkeep\n|\n|t:|1776202137\n|switch|p1b: Politoed|Politoed, L50, M|100/100\n|-weather|RainDance|[from] ability: Drizzle|[of] p1b: Politoed\n|turn|7\n|\n|t:|1776202155\n|move|p2a: Mimikyu|Protect|p2a: Mimikyu\n|-singleturn|p2a: Mimikyu|Protect\n|move|p1b: Politoed|Protect|p1b: Politoed\n|-singleturn|p1b: Politoed|Protect\n|move|p1a: Palafin|Aqua Jet|p2a: Mimikyu\n|-activate|p2a: Mimikyu|move: Protect\n|move|p2b: Hydrapple|Energy Ball|p1a: Palafin\n|-supereffective|p1a: Palafin|1\n|-damage|p1a: Palafin|0 fnt\n|faint|p1a: Palafin\n|\n|-weather|RainDance|[upkeep]\n|upkeep\n|turn|8\n|-message|quero_dormir2525 forfeited.\n|\n|win|Lesserangel\n|raw|quero_dormir2525's rating: 1042 &rarr; <strong>1029</strong><br />(-13 for losing)\n|raw|Lesserangel's rating: 1106 &rarr; <strong>1126</strong><br />(+20 for winning)\n|l|\u2606quero_dormir2525\n|player|p1|\n",
  "uploadtime": 1776202192,
  "views": 15,
  "formatid": "gen9championsvgc2026regma",
  "rating": 1029,
  "private": 0,
  "password": null
}