{
  "id": "gen9championsvgc2026regma-2588715192",
  "format": "[Gen 9 Champions] VGC 2026 Reg M-A",
  "players": [
    "kirusaya",
    "ghuyy"
  ],
  "log": "|j|\u2606kirusaya\n|j|\u2606ghuyy\n|t:|1776661147\n|gametype|doubles\n|player|p1|kirusaya|101|1336\n|player|p2|ghuyy|265|1290\n|gen|9\n|tier|[Gen 9 Champions] VGC 2026 Reg M-A\n|rated|\n|rule|Species Clause: Limit one of each Pok\u00e9mon\n|rule|Item Clause: Limit 1 of each item\n|clearpoke\n|poke|p1|Incineroar, L50, F|\n|poke|p1|Politoed, L50, M|\n|poke|p1|Basculegion, L50, M|\n|poke|p1|Archaludon, L50, M|\n|poke|p1|Sneasler, L50, M|\n|poke|p1|Dragonite, L50, F, shiny|\n|poke|p2|Sinistcha, L50|\n|poke|p2|Starmie, L50|\n|poke|p2|Sneasler, L50, M|\n|poke|p2|Kingambit, L50, M|\n|poke|p2|Dragonite, L50, M|\n|poke|p2|Pelipper, L50, F|\n|teampreview|4\n|\n|t:|1776661209\n|teamsize|p1|4\n|teamsize|p2|4\n|start\n|switch|p1a: Basculegion|Basculegion, L50, M|100/100\n|switch|p1b: Sneasler|Sneasler, L50, M|100/100\n|switch|p2a: Dragonite|Dragonite, L50, M|100/100\n|switch|p2b: Pelipper|Pelipper, L50, F|100/100\n|-weather|RainDance|[from] ability: Drizzle|[of] p2b: Pelipper\n|turn|1\n|inactive|Battle timer is ON: inactive players will automatically lose when time's up. (requested by ghuyy)\n|\n|t:|1776661233\n|move|p1b: Sneasler|Fake Out|p2a: Dragonite\n|-damage|p2a: Dragonite|86/100\n|move|p1a: Basculegion|Flip Turn|p2b: Pelipper\n|-resisted|p2b: Pelipper|1\n|-damage|p2b: Pelipper|69/100\n|\n|t:|1776661239\n|switch|p1a: Freyja|Dragonite, L50, F, shiny|100/100|[from] Flip Turn\n|move|p2b: Pelipper|Hurricane|p1b: Sneasler\n|-supereffective|p1b: Sneasler|1\n|-damage|p1b: Sneasler|0 fnt\n|faint|p1b: Sneasler\n|move|p2a: Dragonite|Tailwind|p2a: Dragonite\n|-sidestart|p2: ghuyy|move: Tailwind\n|\n|-weather|RainDance|[upkeep]\n|upkeep\n|\n|t:|1776661248\n|switch|p1b: Basculegion|Basculegion, L50, M|100/100\n|turn|2\n|\n|t:|1776661259\n|switch|p2b: Sinistcha|Sinistcha, L50|100/100\n|-heal|p2a: Dragonite|100/100|[from] ability: Hospitality|[of] p2b: Sinistcha\n|detailschange|p2a: Dragonite|Dragonite-Mega, L50, M\n|-mega|p2a: Dragonite|Dragonite|Dragoninite\n|detailschange|p1a: Freyja|Dragonite-Mega, L50, F, shiny\n|-mega|p1a: Freyja|Dragonite|Dragoninite\n|move|p2a: Dragonite|Dragon Pulse|p1a: Freyja\n|-supereffective|p1a: Freyja|1\n|-damage|p1a: Freyja|61/100\n|move|p1b: Basculegion|Last Respects|p2b: Sinistcha\n|-supereffective|p2b: Sinistcha|1\n|-damage|p2b: Sinistcha|26/100\n|-enditem|p2b: Sinistcha|Sitrus Berry|[eat]\n|-heal|p2b: Sinistcha|51/100|[from] item: Sitrus Berry\n|move|p1a: Freyja|Draco Meteor|p2a: Dragonite\n|-supereffective|p2a: Dragonite|1\n|-damage|p2a: Dragonite|40/100\n|-unboost|p1a: Freyja|spa|2\n|\n|-weather|RainDance|[upkeep]\n|upkeep\n|turn|3\n|inactive|ghuyy has 30 seconds left.\n|\n|t:|1776661284\n|move|p1a: Freyja|Protect|p1a: Freyja\n|-singleturn|p1a: Freyja|Protect\n|move|p2b: Sinistcha|Rage Powder|p2b: Sinistcha\n|-singleturn|p2b: Sinistcha|move: Rage Powder\n|move|p2a: Dragonite|Dragon Pulse|p1a: Freyja\n|-activate|p1a: Freyja|move: Protect\n|move|p1b: Basculegion|Last Respects|p2b: Sinistcha\n|-supereffective|p2b: Sinistcha|1\n|-damage|p2b: Sinistcha|0 fnt\n|faint|p2b: Sinistcha\n|\n|-weather|RainDance|[upkeep]\n|upkeep\n|\n|t:|1776661303\n|switch|p2b: Pelipper|Pelipper, L50, F|69/100\n|turn|4\n|\n|t:|1776661307\n|switch|p1a: Politoed|Politoed, L50, M|100/100\n|move|p2b: Pelipper|Hurricane|p1b: Basculegion\n|-crit|p1b: Basculegion\n|-damage|p1b: Basculegion|7/100\n|move|p2a: Dragonite|Dragon Pulse|p1a: Politoed\n|-damage|p1a: Politoed|64/100\n|move|p1b: Basculegion|Last Respects|p2a: Dragonite\n|-damage|p2a: Dragonite|0 fnt\n|faint|p2a: Dragonite\n|\n|-weather|RainDance|[upkeep]\n|-sideend|p2: ghuyy|move: Tailwind\n|upkeep\n|\n|t:|1776661315\n|switch|p2a: Sneasler|Sneasler, L50, M|100/100\n|turn|5\n|\n|t:|1776661337\n|switch|p1a: Freyja|Dragonite-Mega, L50, F, shiny|61/100\n|move|p2a: Sneasler|Fake Out|p1a: Freyja\n|-damage|p1a: Freyja|46/100\n|move|p1b: Basculegion|Last Respects|p2b: Pelipper\n|-damage|p2b: Pelipper|0 fnt\n|faint|p2b: Pelipper\n|\n|-weather|none\n|upkeep\n|turn|6\n|\n|t:|1776661358\n|switch|p1a: Politoed|Politoed, L50, M|64/100\n|-weather|RainDance|[from] ability: Drizzle|[of] p1a: Politoed\n|move|p1b: Basculegion|Last Respects|p2a: Sneasler\n|-damage|p2a: Sneasler|5/100\n|move|p2a: Sneasler|Dire Claw|p1a: Politoed\n|-damage|p1a: Politoed|24/100\n|-status|p1a: Politoed|slp\n|-enditem|p1a: Politoed|Sitrus Berry|[eat]\n|-heal|p1a: Politoed|49/100 slp|[from] item: Sitrus Berry\n|\n|-weather|RainDance|[upkeep]\n|upkeep\n|turn|7\n|\n|t:|1776661374\n|move|p1b: Basculegion|Last Respects|p2a: Sneasler\n|-damage|p2a: Sneasler|0 fnt\n|faint|p2a: Sneasler\n|\n|win|kirusaya\n|raw|kirusaya's rating: 1336 &rarr; <strong>1353</strong><br />(+17 for winning)\n|raw|ghuyy's rating: 1290 &rarr; <strong>1268</strong><br />(-22 for losing)\n|l|\u2606ghuyy\n|player|p2|\n",
  "uploadtime": 1776661382,
  "views": 6,
  "formatid": "gen9championsvgc2026regma",
  "rating": 1268,
  "private": 0,
  "password": null
}