{
  "id": "gen9championsvgc2026regma-2588104118",
  "format": "[Gen 9 Champions] VGC 2026 Reg M-A",
  "players": [
    "jonawott",
    "ZeroPops"
  ],
  "log": "|j|\u2606jonawott\n|j|\u2606ZeroPops\n|t:|1776604703\n|gametype|doubles\n|player|p1|jonawott|170|1205\n|player|p2|ZeroPops|102|1278\n|gen|9\n|tier|[Gen 9 Champions] VGC 2026 Reg M-A\n|rated|\n|rule|Species Clause: Limit one of each Pok\u00e9mon\n|rule|Item Clause: Limit 1 of each item\n|clearpoke\n|poke|p1|Delphox, L50, M|\n|poke|p1|Lopunny, L50, M|\n|poke|p1|Meowscarada, L50, M|\n|poke|p1|Incineroar, L50, M|\n|poke|p1|Garchomp, L50, F|\n|poke|p1|Corviknight, L50, F|\n|poke|p2|Gengar, L50, F|\n|poke|p2|Incineroar, L50, M|\n|poke|p2|Basculegion, L50, M|\n|poke|p2|Whimsicott, L50, M|\n|poke|p2|Sneasler, L50, M|\n|poke|p2|Kommo-o, L50, F|\n|teampreview|4\n|inactive|Battle timer is ON: inactive players will automatically lose when time's up. (requested by jonawott)\n|inactive|jonawott has 60 seconds left.\n|inactive|ZeroPops has 60 seconds left.\n|\n|t:|1776604744\n|teamsize|p1|4\n|teamsize|p2|4\n|start\n|switch|p1a: Corviknight|Corviknight, L50, F|100/100\n|switch|p1b: Lopunny|Lopunny, L50, M|100/100\n|switch|p2a: Kommo-o|Kommo-o, L50, F|100/100\n|switch|p2b: Incineroar|Incineroar, L50, M|100/100\n|-ability|p2b: Incineroar|Intimidate|boost\n|-ability|p1a: Corviknight|Mirror Armor\n|-unboost|p2b: Incineroar|atk|1\n|-unboost|p1b: Lopunny|atk|1\n|turn|1\n|inactive|jonawott has 30 seconds left.\n|inactive|ZeroPops has 30 seconds left.\n|inactive|jonawott has 20 seconds left.\n|\n|t:|1776604783\n|detailschange|p1b: Lopunny|Lopunny-Mega, L50, M\n|-mega|p1b: Lopunny|Lopunny|Lopunnite\n|move|p1b: Lopunny|Triple Axel|p2a: Kommo-o|[miss]\n|-miss|p1b: Lopunny|p2a: Kommo-o\n|move|p2a: Kommo-o|Clangorous Soul|p2a: Kommo-o\n|-boost|p2a: Kommo-o|atk|1\n|-boost|p2a: Kommo-o|def|1\n|-boost|p2a: Kommo-o|spa|1\n|-boost|p2a: Kommo-o|spd|1\n|-boost|p2a: Kommo-o|spe|1\n|-damage|p2a: Kommo-o|68/100\n|move|p2b: Incineroar|Parting Shot|p1b: Lopunny\n|-unboost|p1b: Lopunny|atk|1\n|-unboost|p1b: Lopunny|spa|1\n|\n|t:|1776604796\n|switch|p2b: Gengar|Gengar, L50, F|100/100|[from] Parting Shot\n|move|p1a: Corviknight|Body Press|p2b: Gengar\n|-immune|p2b: Gengar\n|\n|-heal|p2a: Kommo-o|74/100|[from] item: Leftovers\n|upkeep\n|turn|2\n|\n|t:|1776604813\n|detailschange|p2b: Gengar|Gengar-Mega, L50, F\n|-mega|p2b: Gengar|Gengar|Gengarite\n|move|p1b: Lopunny|Triple Axel|p2a: Kommo-o\n|-supereffective|p2a: Kommo-o|1\n|-damage|p2a: Kommo-o|69/100\n|-supereffective|p2a: Kommo-o|1\n|-damage|p2a: Kommo-o|60/100\n|-supereffective|p2a: Kommo-o|1\n|-damage|p2a: Kommo-o|47/100\n|-hitcount|p2a: Kommo-o|3\n|move|p2b: Gengar|Shadow Ball|p1a: Corviknight\n|-damage|p1a: Corviknight|49/100\n|move|p2a: Kommo-o|Aura Sphere|p1b: Lopunny\n|-supereffective|p1b: Lopunny|1\n|-damage|p1b: Lopunny|0 fnt\n|faint|p1b: Lopunny\n|move|p1a: Corviknight|Brave Bird|p2a: Kommo-o\n|-supereffective|p2a: Kommo-o|1\n|-damage|p2a: Kommo-o|0 fnt\n|faint|p2a: Kommo-o\n|-damage|p1a: Corviknight|33/100|[from] Recoil\n|\n|-heal|p1a: Corviknight|39/100|[from] item: Leftovers\n|upkeep\n|\n|t:|1776604838\n|switch|p1b: Mr. VGC|Incineroar, L50, M|100/100\n|switch|p2a: Basculegion|Basculegion, L50, M|100/100\n|-ability|p1b: Mr. VGC|Intimidate|boost\n|-unboost|p2a: Basculegion|atk|1\n|-unboost|p2b: Gengar|atk|1\n|turn|3\n|inactive|jonawott has 30 seconds left.\n|\n|t:|1776604867\n|move|p2b: Gengar|Shadow Ball|p1a: Corviknight\n|-damage|p1a: Corviknight|0 fnt\n|faint|p1a: Corviknight\n|move|p2a: Basculegion|Wave Crash|p1b: Mr. VGC\n|-supereffective|p1b: Mr. VGC|1\n|-damage|p1b: Mr. VGC|1/100\n|-damage|p2a: Basculegion|70/100|[from] Recoil\n|move|p1b: Mr. VGC|Throat Chop|p2a: Basculegion\n|-supereffective|p2a: Basculegion|1\n|-damage|p2a: Basculegion|0 fnt\n|faint|p2a: Basculegion\n|\n|upkeep\n|c|\u2606ZeroPops|Mr Worldwide\n|\n|t:|1776604880\n|switch|p2a: Incineroar|Incineroar, L50, M|100/100\n|switch|p1a: Meowscarada|Meowscarada, L50, M|100/100\n|-ability|p2a: Incineroar|Intimidate|boost\n|-unboost|p1a: Meowscarada|atk|1\n|-unboost|p1b: Mr. VGC|atk|1\n|turn|4\n|\n|t:|1776604902\n|move|p2a: Incineroar|Fake Out|p1a: Meowscarada\n|-damage|p1a: Meowscarada|82/100\n|move|p2b: Gengar|Sludge Bomb|p1b: Mr. VGC\n|-damage|p1b: Mr. VGC|0 fnt\n|faint|p1b: Mr. VGC\n|cant|p1a: Meowscarada|flinch\n|\n|upkeep\n|turn|5\n|-message|jonawott forfeited.\n|\n|win|ZeroPops\n|raw|jonawott's rating: 1205 &rarr; <strong>1185</strong><br />(-20 for losing)\n|raw|ZeroPops's rating: 1278 &rarr; <strong>1298</strong><br />(+20 for winning)\n|l|\u2606jonawott\n|player|p1|\n",
  "uploadtime": 1776604911,
  "views": 7,
  "formatid": "gen9championsvgc2026regma",
  "rating": 1185,
  "private": 0,
  "password": null
}