{
  "id": "gen9championsvgc2026regma-2589540463",
  "format": "[Gen 9 Champions] VGC 2026 Reg M-A",
  "players": [
    "blazegeo",
    "palito845"
  ],
  "log": "|j|\u2606blazegeo\n|j|\u2606palito845\n|t:|1776732338\n|gametype|doubles\n|player|p1|blazegeo|266|1078\n|player|p2|palito845|2|1000\n|gen|9\n|tier|[Gen 9 Champions] VGC 2026 Reg M-A\n|rated|\n|rule|Species Clause: Limit one of each Pok\u00e9mon\n|rule|Item Clause: Limit 1 of each item\n|clearpoke\n|poke|p1|Greninja, L50, M|\n|poke|p1|Zoroark-Hisui, L50, M|\n|poke|p1|Talonflame, L50, M|\n|poke|p1|Farigiraf, L50, M|\n|poke|p1|Tyranitar, L50, M|\n|poke|p1|Aegislash, L50, M|\n|poke|p2|Froslass, L50, F, shiny|\n|poke|p2|Rotom-Wash, L50|\n|poke|p2|Kingambit, L50, M|\n|poke|p2|Aerodactyl, L50, F|\n|poke|p2|Garchomp, L50, F|\n|poke|p2|Sneasler, L50, F|\n|teampreview|4\n|inactive|Battle timer is ON: inactive players will automatically lose when time's up. (requested by blazegeo)\n|inactive|blazegeo has 60 seconds left.\n|\n|t:|1776732386\n|teamsize|p1|4\n|teamsize|p2|4\n|start\n|switch|p1a: Greninja|Greninja, L50, M|100/100\n|switch|p1b: Aegislash|Aegislash, L50, M|100/100\n|switch|p2a: Froslass|Froslass, L50, F, shiny|100/100\n|switch|p2b: Aerodactyl|Aerodactyl, L50, F|100/100\n|turn|1\n|\n|t:|1776732409\n|detailschange|p1a: Greninja|Greninja-Mega, L50, M\n|-mega|p1a: Greninja|Greninja|Greninjite\n|move|p2a: Froslass|Protect|p2a: Froslass\n|-singleturn|p2a: Froslass|Protect\n|move|p1a: Greninja|Water Shuriken|p2b: Aerodactyl\n|-start|p1a: Greninja|typechange|Water|[from] ability: Protean\n|-supereffective|p2b: Aerodactyl|1\n|-damage|p2b: Aerodactyl|72/100\n|-supereffective|p2b: Aerodactyl|1\n|-damage|p2b: Aerodactyl|44/100\n|-hitcount|p2b: Aerodactyl|2\n|move|p2b: Aerodactyl|Tailwind|p2b: Aerodactyl\n|-sidestart|p2: palito845|move: Tailwind\n|move|p1b: Aegislash|Bitter Malice|p2a: Froslass\n|-activate|p2a: Froslass|move: Protect\n|\n|upkeep\n|turn|2\n|inactive|blazegeo has 30 seconds left.\n|inactive|blazegeo has 20 seconds left.\n|\n|t:|1776732447\n|move|p2b: Aerodactyl|Rock Slide|p1a: Greninja|[spread] p1b\n|-miss|p2b: Aerodactyl|p1a: Greninja\n|-damage|p1b: Aegislash|50/100\n|replace|p1b: Zoroark|Zoroark-Hisui, L50, M\n|-end|p1b: Zoroark|Illusion\n|move|p2a: Froslass|Shadow Ball|p1b: Zoroark\n|-immune|p1b: Zoroark\n|move|p1a: Greninja|Dark Pulse|p2a: Froslass\n|-supereffective|p2a: Froslass|1\n|-damage|p2a: Froslass|4/100\n|cant|p1b: Zoroark|flinch\n|\n|upkeep\n|turn|3\n|\n|t:|1776732471\n|move|p1b: Zoroark|Protect|p1b: Zoroark\n|-singleturn|p1b: Zoroark|Protect\n|move|p1a: Greninja|Water Shuriken|p2b: Aerodactyl\n|-supereffective|p2b: Aerodactyl|1\n|-damage|p2b: Aerodactyl|20/100\n|-supereffective|p2b: Aerodactyl|1\n|-damage|p2b: Aerodactyl|0 fnt\n|faint|p2b: Aerodactyl\n|-hitcount|p2: Aerodactyl|2\n|move|p2a: Froslass|Shadow Ball|p1a: Greninja\n|-damage|p1a: Greninja|52/100\n|-unboost|p1a: Greninja|spd|1\n|\n|upkeep\n|\n|t:|1776732484\n|switch|p2b: Garchomp|Garchomp, L50, F|100/100\n|turn|4\n|inactive|palito845 has 30 seconds left.\n|inactive|palito845 has 20 seconds left.\n|\n|t:|1776732520\n|switch|p1a: Aegislash|Aegislash, L50, M|100/100\n|switch|p1b: Farigiraf|Farigiraf, L50, M|100/100\n|detailschange|p2a: Froslass|Froslass-Mega, L50, F, shiny\n|-mega|p2a: Froslass|Froslass|Froslassite\n|-weather|Snowscape|[from] ability: Snow Warning|[of] p2a: Froslass\n|move|p2a: Froslass|Shadow Ball|p1a: Aegislash\n|-supereffective|p1a: Aegislash|1\n|-damage|p1a: Aegislash|1/100\n|move|p2b: Garchomp|Dragon Claw|p1b: Farigiraf\n|-damage|p1b: Farigiraf|67/100\n|\n|-weather|Snowscape|[upkeep]\n|-heal|p1a: Aegislash|7/100|[from] item: Leftovers\n|-sideend|p2: palito845|move: Tailwind\n|upkeep\n|turn|5\n|inactive|blazegeo has 30 seconds left.\n|inactive|palito845 has 30 seconds left.\n|inactive|blazegeo has 20 seconds left.\n|inactive|blazegeo has 15 seconds left.\n|\n|t:|1776732561\n|move|p1b: Farigiraf|Protect|p1b: Farigiraf\n|-singleturn|p1b: Farigiraf|Protect\n|-formechange|p1a: Aegislash|Aegislash-Blade|\n|move|p1a: Aegislash|Shadow Sneak|p2a: Froslass\n|-supereffective|p2a: Froslass|1\n|-damage|p2a: Froslass|0 fnt\n|faint|p2a: Froslass\n|move|p2b: Garchomp|Earth Power|p1b: Farigiraf\n|-activate|p1b: Farigiraf|move: Protect\n|\n|-weather|Snowscape|[upkeep]\n|-heal|p1a: Aegislash|13/100|[from] item: Leftovers\n|upkeep\n|\n|t:|1776732572\n|switch|p2a: Sneasler|Sneasler, L50, F|100/100\n|turn|6\n|\n|t:|1776732588\n|-formechange|p1a: Aegislash|Aegislash|\n|move|p1a: Aegislash|King's Shield|p1a: Aegislash\n|-singleturn|p1a: Aegislash|Protect\n|move|p2a: Sneasler|Fake Out||[still]\n|cant|p1b: Farigiraf|ability: Armor Tail|Fake Out|[of] p2a: Sneasler\n|move|p2b: Garchomp|Earth Power|p1a: Aegislash\n|-activate|p1a: Aegislash|move: Protect\n|move|p1b: Farigiraf|Psychic|p2a: Sneasler\n|-supereffective|p2a: Sneasler|2\n|-damage|p2a: Sneasler|0 fnt\n|faint|p2a: Sneasler\n|\n|-weather|Snowscape|[upkeep]\n|-heal|p1a: Aegislash|19/100|[from] item: Leftovers\n|upkeep\n|turn|7\n|-message|palito845 forfeited.\n|\n|win|blazegeo\n|raw|blazegeo's rating: 1078 &rarr; <strong>1100</strong><br />(+22 for winning)\n|raw|palito845's rating: 1000 &rarr; <strong>1000</strong><br />(+0 for losing)\n|l|\u2606palito845\n|player|p2|\n|c|\u2606blazegeo|gg\n",
  "uploadtime": 1776732612,
  "views": 3,
  "formatid": "gen9championsvgc2026regma",
  "rating": 1000,
  "private": 0,
  "password": null
}