{
  "id": "gen9championsvgc2026regma-2586482885",
  "format": "[Gen 9 Champions] VGC 2026 Reg M-A",
  "players": [
    "DrChocolateMD",
    "I.M.Piza"
  ],
  "log": "|j|\u2606DrChocolateMD\n|j|\u2606I.M.Piza\n|t:|1776437747\n|gametype|doubles\n|player|p1|DrChocolateMD|shadowtriad|1040\n|player|p2|I.M.Piza|harlequin|1000\n|gen|9\n|tier|[Gen 9 Champions] VGC 2026 Reg M-A\n|rated|\n|rule|Species Clause: Limit one of each Pok\u00e9mon\n|rule|Item Clause: Limit 1 of each item\n|clearpoke\n|poke|p1|Typhlosion-Hisui, L50, M|\n|poke|p1|Froslass, L50, F|\n|poke|p1|Jolteon, L50, F|\n|poke|p1|Clefable, L50, M|\n|poke|p1|Sinistcha, L50|\n|poke|p1|Sneasler, L50, M|\n|poke|p2|Espathra, L50, F|\n|poke|p2|Pelipper, L50, M|\n|poke|p2|Archaludon, L50, M|\n|poke|p2|Blastoise, L50, F|\n|poke|p2|Basculegion, L50, M|\n|poke|p2|Camerupt, L50, M|\n|teampreview|4\nDrChocolateMD rejected open team sheets.\n|inactive|Battle timer is ON: inactive players will automatically lose when time's up. (requested by DrChocolateMD)\n|\n|t:|1776437783\n|teamsize|p1|4\n|teamsize|p2|4\n|start\n|switch|p1a: Froslass|Froslass, L50, F|100/100\n|switch|p1b: Jolteon|Jolteon, L50, F|100/100\n|switch|p2a: swift swimmer|Basculegion, L50, M, shiny|100/100\n|switch|p2b: building|Archaludon, L50, M, shiny|100/100\n|turn|1\n|inactive|DrChocolateMD has 30 seconds left.\n|\n|t:|1776437808\n|move|p1a: Froslass|Protect|p1a: Froslass\n|-singleturn|p1a: Froslass|Protect\n|move|p1b: Jolteon|Electroweb|p2b: building|[spread] p2a,p2b\n|-supereffective|p2a: swift swimmer|1\n|-resisted|p2b: building|1\n|-damage|p2a: swift swimmer|54/100\n|-damage|p2b: building|86/100\n|-unboost|p2a: swift swimmer|spe|1\n|-unboost|p2b: building|spe|1\n|-ability|p2b: building|Stamina|boost\n|-boost|p2b: building|def|1\n|move|p2a: swift swimmer|Crunch|p1a: Froslass\n|-activate|p1a: Froslass|move: Protect\n|move|p2b: building|Dragon Pulse|p1b: Jolteon\n|-damage|p1b: Jolteon|42/100\n|\n|upkeep\n|turn|2\n|inactive|DrChocolateMD has 30 seconds left.\n|\n|t:|1776437838\n|switch|p1a: Clefable|Clefable, L50, M|100/100\n|move|p1b: Jolteon|Electroweb|p2a: swift swimmer|[spread] p2a,p2b\n|-supereffective|p2a: swift swimmer|1\n|-resisted|p2b: building|1\n|-damage|p2a: swift swimmer|8/100\n|-damage|p2b: building|71/100\n|-unboost|p2a: swift swimmer|spe|1\n|-unboost|p2b: building|spe|1\n|-ability|p2b: building|Stamina|boost\n|-boost|p2b: building|def|1\n|move|p2a: swift swimmer|Crunch|p1a: Clefable\n|-resisted|p1a: Clefable|1\n|-damage|p1a: Clefable|91/100\n|move|p2b: building|Dragon Pulse|p1b: Jolteon\n|-damage|p1b: Jolteon|0 fnt\n|faint|p1b: Jolteon\n|\n|upkeep\n|\n|t:|1776437860\n|switch|p1b: Typhlosion|Typhlosion-Hisui, L50, M|100/100\n|-item|p2a: swift swimmer|Choice Scarf|[from] ability: Frisk|[of] p1b: Typhlosion\n|-item|p2b: building|Magnet|[from] ability: Frisk|[of] p1b: Typhlosion\n|turn|3\n|\n|t:|1776437879\n|switch|p2a: luigi|Pelipper, L50, M, shiny|100/100\n|-weather|RainDance|[from] ability: Drizzle|[of] p2a: luigi\n|move|p1a: Clefable|Helping Hand|p1b: Typhlosion\n|-singleturn|p1b: Typhlosion|Helping Hand|[of] p1a: Clefable\n|move|p1b: Typhlosion|Eruption|p2b: building|[spread] p2a,p2b\n|-resisted|p2a: luigi|1\n|-crit|p2a: luigi\n|-damage|p2a: luigi|58/100\n|-damage|p2b: building|5/100\n|-ability|p2b: building|Stamina|boost\n|-boost|p2b: building|def|1\n|move|p2b: building|Electro Shot||[still]\n|-prepare|p2b: building|Electro Shot\n|-boost|p2b: building|spa|1\n|-anim|p2b: building|Electro Shot|p1b: Typhlosion\n|-damage|p1b: Typhlosion|0 fnt\n|faint|p1b: Typhlosion\n|\n|-weather|RainDance|[upkeep]\n|upkeep\n|\n|t:|1776437900\n|switch|p1b: Froslass|Froslass, L50, F|100/100\n|turn|4\n|\n|t:|1776437920\n|detailschange|p1b: Froslass|Froslass-Mega, L50, F\n|-mega|p1b: Froslass|Froslass|Froslassite\n|-weather|Snowscape|[from] ability: Snow Warning|[of] p1b: Froslass\n|move|p1a: Clefable|Helping Hand|p1b: Froslass\n|-singleturn|p1b: Froslass|Helping Hand|[of] p1a: Clefable\n|move|p1b: Froslass|Blizzard|p2b: building|[spread] p2a,p2b\n|-damage|p2a: luigi|0 fnt\n|-damage|p2b: building|0 fnt\n|faint|p2a: luigi\n|faint|p2b: building\n|\n|-weather|Snowscape|[upkeep]\n|upkeep\n|\n|t:|1776437932\n|switch|p2b: swift swimmer|Basculegion, L50, M, shiny|8/100\n|switch|p2a: lava camel|Camerupt, L50, M, shiny|100/100\n|turn|5\n|\n|t:|1776437949\n|detailschange|p2a: lava camel|Camerupt-Mega, L50, M, shiny\n|-mega|p2a: lava camel|Camerupt|Cameruptite\n|move|p1b: Froslass|Protect|p1b: Froslass\n|-singleturn|p1b: Froslass|Protect\n|move|p2b: swift swimmer|Last Respects|p1b: Froslass\n|-activate|p1b: Froslass|move: Protect\n|move|p1a: Clefable|Moonblast|p2b: swift swimmer\n|-damage|p2b: swift swimmer|0 fnt\n|faint|p2b: swift swimmer\n|move|p2a: lava camel|Eruption|p1b: Froslass|[spread] p1a\n|-activate|p1b: Froslass|move: Protect\n|-damage|p1a: Clefable|43/100\n|-enditem|p1a: Clefable|Sitrus Berry|[eat]\n|-heal|p1a: Clefable|68/100|[from] item: Sitrus Berry\n|\n|-weather|Snowscape|[upkeep]\n|upkeep\n|turn|6\n|inactive|DrChocolateMD has 30 seconds left.\n|\n|t:|1776437980\n|move|p1a: Clefable|Helping Hand|p1b: Froslass\n|-singleturn|p1b: Froslass|Helping Hand|[of] p1a: Clefable\n|move|p1b: Froslass|Blizzard|p2a: lava camel\n|-damage|p2a: lava camel|3/100\n|-status|p2a: lava camel|frz\n|cant|p2a: lava camel|frz\n|\n|-weather|Snowscape|[upkeep]\n|upkeep\n|turn|7\n|\n|t:|1776437991\n|move|p1b: Froslass|Blizzard|p2a: lava camel\n|-damage|p2a: lava camel|0 fnt\n|faint|p2a: lava camel\n|\n|win|DrChocolateMD\n|raw|DrChocolateMD's rating: 1040 &rarr; <strong>1070</strong><br />(+30 for winning)\n|raw|I.M.Piza's rating: 1000 &rarr; <strong>1000</strong><br />(+0 for losing)\n|l|\u2606I.M.Piza\n|player|p2|\n",
  "uploadtime": 1776438012,
  "views": 21,
  "formatid": "gen9championsvgc2026regma",
  "rating": 1000,
  "private": 0,
  "password": null
}