{
  "id": "gen9championsvgc2026regma-2587252674",
  "format": "[Gen 9 Champions] VGC 2026 Reg M-A",
  "players": [
    "Skeple1225",
    "koomsburg"
  ],
  "log": "|j|\u2606Skeple1225\n|j|\u2606koomsburg\n|t:|1776514698\n|gametype|doubles\n|player|p1|Skeple1225|lucas-gen4pt|1281\n|player|p2|koomsburg|clerk|1287\n|gen|9\n|tier|[Gen 9 Champions] VGC 2026 Reg M-A\n|rated|\n|rule|Species Clause: Limit one of each Pok\u00e9mon\n|rule|Item Clause: Limit 1 of each item\n|clearpoke\n|poke|p1|Torkoal, L50, M, shiny|\n|poke|p1|Oranguru, L50, M|\n|poke|p1|Drampa, L50, M, shiny|\n|poke|p1|Sinistcha-Masterpiece, L50|\n|poke|p1|Hatterene, L50, F|\n|poke|p1|Ampharos, L50, M|\n|poke|p2|Politoed, L50, M|\n|poke|p2|Archaludon, L50, M|\n|poke|p2|Blastoise, L50, F|\n|poke|p2|Sinistcha, L50|\n|poke|p2|Talonflame, L50, F|\n|poke|p2|Mudsdale, L50, F|\n|teampreview|4\n|inactive|Battle timer is ON: inactive players will automatically lose when time's up. (requested by koomsburg)\n|\n|t:|1776514759\n|teamsize|p1|4\n|teamsize|p2|4\n|start\n|switch|p1a: Oranguru|Oranguru, L50, M|100/100\n|switch|p1b: Sinistcha|Sinistcha-Masterpiece, L50|100/100\n|switch|p2a: Sinistcha|Sinistcha, L50|100/100\n|switch|p2b: Blastoise|Blastoise, L50, F|100/100\n|turn|1\n|\n|t:|1776514778\n|detailschange|p2b: Blastoise|Blastoise-Mega, L50, F\n|-mega|p2b: Blastoise|Blastoise|Blastoisinite\n|move|p2b: Blastoise|Water Spout|p1a: Oranguru|[spread] p1a,p1b\n|-crit|p1a: Oranguru\n|-resisted|p1b: Sinistcha|1\n|-damage|p1a: Oranguru|18/100\n|-damage|p1b: Sinistcha|72/100\n|move|p2a: Sinistcha|Imprison|p2a: Sinistcha\n|-start|p2a: Sinistcha|move: Imprison\n|move|p1a: Oranguru|Psychic|p2b: Blastoise\n|-damage|p2b: Blastoise|71/100\n|cant|p1b: Sinistcha|move: Imprison|Matcha Gotcha\n|\n|-heal|p1b: Sinistcha|78/100|[from] item: Leftovers\n|upkeep\n|turn|2\n|inactive|Skeple1225 has 30 seconds left.\n|\n|t:|1776514813\n|move|p2b: Blastoise|Water Spout|p1b: Sinistcha|[spread] p1a,p1b\n|-resisted|p1b: Sinistcha|1\n|-damage|p1a: Oranguru|0 fnt\n|-damage|p1b: Sinistcha|57/100\n|faint|p1a: Oranguru\n|move|p2a: Sinistcha|Matcha Gotcha|p1b: Sinistcha\n|-resisted|p1b: Sinistcha|1\n|-damage|p1b: Sinistcha|42/100\n|move|p1b: Sinistcha|Life Dew|p1b: Sinistcha\n|-heal|p1b: Sinistcha|67/100\n|\n|-heal|p1b: Sinistcha|74/100|[from] item: Leftovers\n|upkeep\n|\n|t:|1776514818\n|switch|p1a: Ampharos|Ampharos, L50, M|100/100\n|turn|3\n|\n|t:|1776514836\n|switch|p1b: Drampa|Drampa, L50, M, shiny|100/100\n|detailschange|p1a: Ampharos|Ampharos-Mega, L50, M\n|-mega|p1a: Ampharos|Ampharos|Ampharosite\n|-ability|p1a: Ampharos|Mold Breaker\n|move|p2a: Sinistcha|Rage Powder|p2a: Sinistcha\n|-singleturn|p2a: Sinistcha|move: Rage Powder\n|move|p2b: Blastoise|Ice Beam|p1a: Ampharos\n|-supereffective|p1a: Ampharos|1\n|-damage|p1a: Ampharos|42/100\n|move|p1a: Ampharos|Thunderbolt|p2a: Sinistcha\n|-resisted|p2a: Sinistcha|1\n|-damage|p2a: Sinistcha|72/100\n|\n|upkeep\n|turn|4\n|inactive|Skeple1225 has 30 seconds left.\n|\n|t:|1776514862\n|move|p1a: Ampharos|Protect|p1a: Ampharos\n|-singleturn|p1a: Ampharos|Protect\n|move|p2a: Sinistcha|Rage Powder|p2a: Sinistcha\n|-singleturn|p2a: Sinistcha|move: Rage Powder\n|move|p2b: Blastoise|Ice Beam|p1a: Ampharos\n|-activate|p1a: Ampharos|move: Protect\n|move|p1b: Drampa|Dragon Pulse|p2a: Sinistcha\n|-damage|p2a: Sinistcha|23/100\n|-enditem|p2a: Sinistcha|Sitrus Berry|[eat]\n|-heal|p2a: Sinistcha|48/100|[from] item: Sitrus Berry\n|\n|upkeep\n|turn|5\n|\n|t:|1776514886\n|move|p2b: Blastoise|Ice Beam|p1a: Ampharos\n|-supereffective|p1a: Ampharos|1\n|-damage|p1a: Ampharos|0 fnt\n|faint|p1a: Ampharos\n|move|p2a: Sinistcha|Matcha Gotcha|p1b: Drampa\n|-resisted|p1b: Drampa|1\n|-damage|p1b: Drampa|82/100\n|-heal|p2a: Sinistcha|58/100|[from] drain|[of] p1b: Drampa\n|move|p1b: Drampa|Dragon Pulse|p2b: Blastoise\n|-damage|p2b: Blastoise|20/100\n|\n|upkeep\n|\n|t:|1776514889\n|switch|p1a: Sinistcha|Sinistcha-Masterpiece, L50|74/100\n|-heal|p1b: Drampa|100/100|[from] ability: Hospitality|[of] p1a: Sinistcha\n|turn|6\n|inactive|koomsburg has 30 seconds left.\n|\n|t:|1776514923\n|move|p2b: Blastoise|Ice Beam|p1a: Sinistcha\n|-supereffective|p1a: Sinistcha|1\n|-damage|p1a: Sinistcha|3/100\n|move|p2a: Sinistcha|Matcha Gotcha|p1a: Sinistcha|[spread] p1a,p1b\n|-resisted|p1a: Sinistcha|1\n|-resisted|p1b: Drampa|1\n|-damage|p1a: Sinistcha|0 fnt\n|-heal|p2a: Sinistcha|59/100|[from] drain|[of] p1a: Sinistcha\n|-damage|p1b: Drampa|88/100\n|-heal|p2a: Sinistcha|66/100|[from] drain|[of] p1b: Drampa\n|faint|p1a: Sinistcha\n|move|p1b: Drampa|Hyper Voice|p2a: Sinistcha|[spread] p2b\n|-immune|p2a: Sinistcha\n|-damage|p2b: Blastoise|0 fnt\n|faint|p2b: Blastoise\n|\n|upkeep\n|\n|t:|1776514944\n|switch|p2b: Politoed|Politoed, L50, M|100/100\n|-weather|RainDance|[from] ability: Drizzle|[of] p2b: Politoed\n|turn|7\n|\n|t:|1776514953\n|move|p2a: Sinistcha|Rage Powder|p2a: Sinistcha\n|-singleturn|p2a: Sinistcha|move: Rage Powder\n|move|p2b: Politoed|Ice Beam|p1b: Drampa\n|-supereffective|p1b: Drampa|1\n|-damage|p1b: Drampa|35/100\n|-ability|p1b: Drampa|Berserk|boost\n|-boost|p1b: Drampa|spa|1\n|-enditem|p1b: Drampa|Sitrus Berry|[eat]\n|-heal|p1b: Drampa|59/100|[from] item: Sitrus Berry\n|move|p1b: Drampa|Thunderbolt|p2a: Sinistcha\n|-resisted|p2a: Sinistcha|1\n|-damage|p2a: Sinistcha|39/100\n|\n|-weather|RainDance|[upkeep]\n|upkeep\n|turn|8\n|\n|t:|1776514967\n|move|p2a: Sinistcha|Rage Powder|p2a: Sinistcha\n|-singleturn|p2a: Sinistcha|move: Rage Powder\n|move|p2b: Politoed|Ice Beam|p1b: Drampa\n|-supereffective|p1b: Drampa|1\n|-damage|p1b: Drampa|13/100\n|-ability|p1b: Drampa|Berserk|boost\n|-boost|p1b: Drampa|spa|1\n|move|p1b: Drampa|Dragon Pulse|p2a: Sinistcha\n|-damage|p2a: Sinistcha|0 fnt\n|faint|p2a: Sinistcha\n|\n|-weather|RainDance|[upkeep]\n|upkeep\n|\n|t:|1776514976\n|switch|p2a: Archaludon|Archaludon, L50, M|100/100\n|turn|9\n|inactive|Skeple1225 has 30 seconds left.\n|inactive|Skeple1225 has 20 seconds left.\n|inactive|Skeple1225 has 15 seconds left.\n|inactive|Skeple1225 has 10 seconds left.\n|inactive|Skeple1225 has 5 seconds left.\n|\n|t:|1776515031\n|move|p2b: Politoed|Ice Beam|p1b: Drampa\n|-supereffective|p1b: Drampa|1\n|-damage|p1b: Drampa|0 fnt\n|faint|p1b: Drampa\n|\n|win|koomsburg\n|raw|Skeple1225's rating: 1281 &rarr; <strong>1256</strong><br />(-25 for losing)\n|raw|koomsburg's rating: 1287 &rarr; <strong>1312</strong><br />(+25 for winning)\n|l|\u2606Skeple1225\n|player|p1|\n",
  "uploadtime": 1776515204,
  "views": 30,
  "formatid": "gen9championsvgc2026regma",
  "rating": 1256,
  "private": 0,
  "password": null
}