{
  "id": "gen9championsvgc2026regma-2588560500",
  "format": "[Gen 9 Champions] VGC 2026 Reg M-A",
  "players": [
    "Jeazoal",
    "kalamus"
  ],
  "log": "|j|\u2606Jeazoal\n|j|\u2606kalamus\n|t:|1776645053\n|gametype|doubles\n|player|p1|Jeazoal|pokemonranger-gen4|1020\n|player|p2|kalamus|102|1000\n|gen|9\n|tier|[Gen 9 Champions] VGC 2026 Reg M-A\n|rated|\n|rule|Species Clause: Limit one of each Pok\u00e9mon\n|rule|Item Clause: Limit 1 of each item\n|clearpoke\n|poke|p1|Pelipper, L50, F|\n|poke|p1|Basculegion, L50, M|\n|poke|p1|Archaludon, L50, M|\n|poke|p1|Sinistcha, L50|\n|poke|p1|Dragonite, L50, F|\n|poke|p1|Sneasler, L50, M|\n|poke|p2|Incineroar, L50, M|\n|poke|p2|Garchomp, L50, F, shiny|\n|poke|p2|Milotic, L50, F, shiny|\n|poke|p2|Kingambit, L50, M|\n|poke|p2|Sinistcha, L50|\n|poke|p2|Sneasler, L50, M|\n|teampreview|4\n|\n|t:|1776645100\n|teamsize|p1|4\n|teamsize|p2|4\n|start\n|switch|p1a: Pelipper|Pelipper, L50, F|100/100\n|switch|p1b: Dragonite|Dragonite, L50, F|100/100\n|switch|p2a: Incineroar|Incineroar, L50, M|100/100\n|switch|p2b: Milotic|Milotic, L50, F, shiny|100/100\n|-weather|RainDance|[from] ability: Drizzle|[of] p1a: Pelipper\n|-ability|p2a: Incineroar|Intimidate|boost\n|-unboost|p1a: Pelipper|atk|1\n|-fail|p1b: Dragonite|unboost|Attack|[from] ability: Inner Focus|[of] p1b: Dragonite\n|turn|1\n|\n|t:|1776645154\n|detailschange|p1b: Dragonite|Dragonite-Mega, L50, F\n|-mega|p1b: Dragonite|Dragonite|Dragoninite\n|move|p2a: Incineroar|Fake Out|p1b: Dragonite\n|-damage|p1b: Dragonite|95/100\n|cant|p1b: Dragonite|flinch\n|move|p1a: Pelipper|Weather Ball|p2a: Incineroar\n|-supereffective|p2a: Incineroar|1\n|-damage|p2a: Incineroar|0 fnt\n|faint|p2a: Incineroar\n|move|p2b: Milotic|Icy Wind|p1b: Dragonite|[spread] p1a,p1b\n|-supereffective|p1b: Dragonite|2\n|-damage|p1a: Pelipper|83/100\n|-damage|p1b: Dragonite|59/100\n|-unboost|p1a: Pelipper|spe|1\n|-unboost|p1b: Dragonite|spe|1\n|\n|-weather|RainDance|[upkeep]\n|upkeep\n|\n|t:|1776645175\n|switch|p2a: Sinistcha|Sinistcha, L50|100/100\n|turn|2\n|\n|t:|1776645200\n|switch|p1a: Sneasler|Sneasler, L50, M|100/100\n|move|p2b: Milotic|Ice Beam|p1b: Dragonite\n|-supereffective|p1b: Dragonite|2\n|-damage|p1b: Dragonite|0 fnt\n|faint|p1b: Dragonite\n|move|p2a: Sinistcha|Matcha Gotcha|p1a: Sneasler\n|-resisted|p1a: Sneasler|1\n|-damage|p1a: Sneasler|73/100\n|\n|-weather|RainDance|[upkeep]\n|upkeep\n|\n|t:|1776645218\n|switch|p1b: Sinistcha|Sinistcha, L50|100/100\n|-heal|p1a: Sneasler|98/100|[from] ability: Hospitality|[of] p1b: Sinistcha\n|turn|3\n|\n|t:|1776645254\n|move|p1a: Sneasler|Close Combat|p2b: Milotic\n|-damage|p2b: Milotic|39/100\n|-unboost|p1a: Sneasler|def|1\n|-unboost|p1a: Sneasler|spd|1\n|-enditem|p1a: Sneasler|White Herb\n|-clearnegativeboost|p1a: Sneasler|[silent]\n|move|p2b: Milotic|Ice Beam|p1b: Sinistcha\n|-supereffective|p1b: Sinistcha|1\n|-damage|p1b: Sinistcha|65/100\n|move|p1b: Sinistcha|Matcha Gotcha|p2a: Sinistcha|[spread] p2a,p2b\n|-resisted|p2a: Sinistcha|1\n|-supereffective|p2b: Milotic|1\n|-damage|p2a: Sinistcha|85/100\n|-heal|p1b: Sinistcha|72/100|[from] drain|[of] p2a: Sinistcha\n|-damage|p2b: Milotic|9/100\n|-heal|p1b: Sinistcha|89/100|[from] drain|[of] p2b: Milotic\n|move|p2a: Sinistcha|Matcha Gotcha|p1b: Sinistcha|[spread] p1a,p1b\n|-resisted|p1a: Sneasler|1\n|-resisted|p1b: Sinistcha|1\n|-damage|p1a: Sneasler|78/100\n|-heal|p2a: Sinistcha|95/100|[from] drain|[of] p1a: Sneasler\n|-damage|p1b: Sinistcha|74/100\n|-heal|p2a: Sinistcha|100/100|[from] drain|[of] p1b: Sinistcha\n|-status|p1a: Sneasler|brn\n|\n|-weather|RainDance|[upkeep]\n|-heal|p2b: Milotic|15/100|[from] item: Leftovers\n|-damage|p1a: Sneasler|72/100 brn|[from] brn\n|upkeep\n|turn|4\n|\n|t:|1776645296\n|move|p2b: Milotic|Protect|p2b: Milotic\n|-singleturn|p2b: Milotic|Protect\n|move|p1a: Sneasler|Throat Chop|p2b: Milotic\n|-activate|p2b: Milotic|move: Protect\n|move|p1b: Sinistcha|Matcha Gotcha|p2a: Sinistcha|[spread] p2a\n|-activate|p2b: Milotic|move: Protect\n|-resisted|p2a: Sinistcha|1\n|-damage|p2a: Sinistcha|85/100\n|-heal|p1b: Sinistcha|81/100|[from] drain|[of] p2a: Sinistcha\n|move|p2a: Sinistcha|Life Dew|p2a: Sinistcha|[spread] p2a,p2b\n|-heal|p2a: Sinistcha|100/100\n|-heal|p2b: Milotic|41/100\n|\n|-weather|RainDance|[upkeep]\n|-heal|p2b: Milotic|47/100|[from] item: Leftovers\n|-damage|p1a: Sneasler|67/100 brn|[from] brn\n|upkeep\n|turn|5\n|\n|t:|1776645326\n|switch|p2b: Kingambit|Kingambit, L50, M|100/100\n|move|p1a: Sneasler|Close Combat|p2b: Kingambit\n|-supereffective|p2b: Kingambit|2\n|-damage|p2b: Kingambit|0 fnt\n|-unboost|p1a: Sneasler|def|1\n|-unboost|p1a: Sneasler|spd|1\n|faint|p2b: Kingambit\n|move|p1b: Sinistcha|Life Dew|p1b: Sinistcha|[spread] p1a,p1b\n|-heal|p1a: Sneasler|92/100 brn\n|-heal|p1b: Sinistcha|100/100\n|move|p2a: Sinistcha|Trick Room|p2a: Sinistcha\n|-fieldstart|move: Trick Room|[of] p2a: Sinistcha\n|\n|-weather|none\n|-damage|p1a: Sneasler|86/100 brn|[from] brn\n|upkeep\n|\n|t:|1776645340\n|switch|p2b: Milotic|Milotic, L50, F, shiny|47/100\n|turn|6\n|\n|t:|1776645364\n|move|p2a: Sinistcha|Life Dew||[still]|[spread] p2a,p2b\n|-fail|p2a: Sinistcha|heal\n|-heal|p2b: Milotic|72/100\n|move|p1b: Sinistcha|Matcha Gotcha|p2a: Sinistcha|[spread] p2a\n|-miss|p1b: Sinistcha|p2b: Milotic\n|-resisted|p2a: Sinistcha|1\n|-damage|p2a: Sinistcha|85/100\n|move|p2b: Milotic|Scald|p1a: Sneasler\n|-damage|p1a: Sneasler|31/100 brn\n|move|p1a: Sneasler|Throat Chop|p2a: Sinistcha\n|-supereffective|p2a: Sinistcha|1\n|-damage|p2a: Sinistcha|61/100\n|-start|p2a: Sinistcha|Throat Chop|[silent]\n|\n|-heal|p2b: Milotic|78/100|[from] item: Leftovers\n|-damage|p1a: Sneasler|25/100 brn|[from] brn\n|upkeep\n|turn|7\n|\n|t:|1776645391\n|move|p2a: Sinistcha|Matcha Gotcha|p1a: Sneasler|[spread] p1a,p1b\n|-resisted|p1a: Sneasler|1\n|-resisted|p1b: Sinistcha|1\n|-damage|p1a: Sneasler|0 fnt\n|-heal|p2a: Sinistcha|73/100|[from] drain|[of] p1a: Sneasler\n|-damage|p1b: Sinistcha|84/100\n|-heal|p2a: Sinistcha|81/100|[from] drain|[of] p1b: Sinistcha\n|faint|p1a: Sneasler\n|move|p1b: Sinistcha|Matcha Gotcha|p2b: Milotic|[spread] p2a,p2b\n|-resisted|p2a: Sinistcha|1\n|-supereffective|p2b: Milotic|1\n|-damage|p2a: Sinistcha|67/100\n|-heal|p1b: Sinistcha|92/100|[from] drain|[of] p2a: Sinistcha\n|-damage|p2b: Milotic|50/100\n|-heal|p1b: Sinistcha|100/100|[from] drain|[of] p2b: Milotic\n|move|p2b: Milotic|Scald|p1b: Sinistcha\n|-resisted|p1b: Sinistcha|1\n|-damage|p1b: Sinistcha|86/100\n|-status|p1b: Sinistcha|brn\n|\n|-heal|p2b: Milotic|56/100|[from] item: Leftovers\n|-damage|p1b: Sinistcha|80/100 brn|[from] brn\n|-end|p2a: Sinistcha|Throat Chop|[silent]\n|upkeep\n|\n|t:|1776645415\n|switch|p1a: Pelipper|Pelipper, L50, F|83/100\n|-weather|RainDance|[from] ability: Drizzle|[of] p1a: Pelipper\n|turn|8\n|\n|t:|1776645429\n|move|p2a: Sinistcha|Matcha Gotcha|p1a: Pelipper|[spread] p1a,p1b\n|-resisted|p1b: Sinistcha|1\n|-damage|p1a: Pelipper|24/100\n|-heal|p2a: Sinistcha|90/100|[from] drain|[of] p1a: Pelipper\n|-damage|p1b: Sinistcha|66/100 brn\n|-heal|p2a: Sinistcha|98/100|[from] drain|[of] p1b: Sinistcha\n|move|p1b: Sinistcha|Matcha Gotcha|p2b: Milotic|[spread] p2a,p2b\n|-resisted|p2a: Sinistcha|1\n|-supereffective|p2b: Milotic|1\n|-damage|p2a: Sinistcha|81/100\n|-heal|p1b: Sinistcha|74/100 brn|[from] drain|[of] p2a: Sinistcha\n|-damage|p2b: Milotic|28/100\n|-heal|p1b: Sinistcha|90/100 brn|[from] drain|[of] p2b: Milotic\n|move|p2b: Milotic|Ice Beam|p1b: Sinistcha\n|-supereffective|p1b: Sinistcha|1\n|-damage|p1b: Sinistcha|49/100 brn\n|-enditem|p1b: Sinistcha|Sitrus Berry|[eat]\n|-heal|p1b: Sinistcha|74/100 brn|[from] item: Sitrus Berry\n|move|p1a: Pelipper|Hurricane|p2a: Sinistcha\n|-supereffective|p2a: Sinistcha|1\n|-damage|p2a: Sinistcha|0 fnt\n|faint|p2a: Sinistcha\n|\n|-weather|RainDance|[upkeep]\n|-heal|p2b: Milotic|34/100|[from] item: Leftovers\n|-damage|p1b: Sinistcha|68/100 brn|[from] brn\n|upkeep\n|turn|9\n|\n|t:|1776645458\n|move|p1a: Pelipper|Protect|p1a: Pelipper\n|-singleturn|p1a: Pelipper|Protect\n|move|p1b: Sinistcha|Life Dew|p1b: Sinistcha|[spread] p1a,p1b\n|-heal|p1a: Pelipper|49/100\n|-heal|p1b: Sinistcha|93/100 brn\n|move|p2b: Milotic|Ice Beam|p1a: Pelipper\n|-activate|p1a: Pelipper|move: Protect\n|\n|-weather|RainDance|[upkeep]\n|-heal|p2b: Milotic|40/100|[from] item: Leftovers\n|-damage|p1b: Sinistcha|87/100 brn|[from] brn\n|-fieldend|move: Trick Room\n|upkeep\n|turn|10\n|\n|t:|1776645476\n|move|p1a: Pelipper|Hurricane|p2b: Milotic\n|-damage|p2b: Milotic|10/100\n|move|p2b: Milotic|Ice Beam|p1a: Pelipper\n|-damage|p1a: Pelipper|13/100\n|move|p1b: Sinistcha|Matcha Gotcha|p2b: Milotic\n|-supereffective|p2b: Milotic|1\n|-damage|p2b: Milotic|0 fnt\n|-heal|p1b: Sinistcha|93/100 brn|[from] drain|[of] p2b: Milotic\n|faint|p2b: Milotic\n|\n|win|Jeazoal\n|raw|Jeazoal's rating: 1020 &rarr; <strong>1055</strong><br />(+35 for winning)\n|raw|kalamus's rating: 1000 &rarr; <strong>1000</strong><br />(+0 for losing)\n|l|\u2606kalamus\n|player|p2|\n",
  "uploadtime": 1776645533,
  "views": 7,
  "formatid": "gen9championsvgc2026regma",
  "rating": 1000,
  "private": 0,
  "password": null
}