{
  "id": "gen9championsvgc2026regma-2582340173",
  "format": "[Gen 9 Champions] VGC 2026 Reg M-A",
  "players": [
    "grave orb",
    "awwgdgj"
  ],
  "log": "|j|\u2606grave orb\n|j|\u2606awwgdgj\n|t:|1776084730\n|gametype|doubles\n|player|p1|grave orb|rood|1067\n|player|p2|awwgdgj|wattson|1045\n|gen|9\n|tier|[Gen 9 Champions] VGC 2026 Reg M-A\n|rated|\n|rule|Species Clause: Limit one of each Pok\u00e9mon\n|rule|Item Clause: Limit 1 of each item\n|clearpoke\n|poke|p1|Hatterene, L50, F|\n|poke|p1|Oranguru, L50, F|\n|poke|p1|Golurk, L50|\n|poke|p1|Clefable, L50, M|\n|poke|p1|Torkoal, L50, M|\n|poke|p1|Hydreigon, L50, M|\n|poke|p2|Aerodactyl, L50, M|\n|poke|p2|Tyranitar, L50, F|\n|poke|p2|Excadrill, L50, F|\n|poke|p2|Archaludon, L50, M|\n|poke|p2|Clefable, L50, M|\n|poke|p2|Kingambit, L50, M|\n|teampreview|4\n|inactive|Battle timer is ON: inactive players will automatically lose when time's up. (requested by awwgdgj)\nawwgdgj has agreed to open team sheets.\n|c|\u2606grave orb|Bro\n|inactive|awwgdgj has 60 seconds left.\n|c|\u2606grave orb|That team is mad weak to fighting and ground\n|c|\u2606grave orb|Hard countered by drain punch\n|inactive|awwgdgj has 30 seconds left.\n|\n|t:|1776084795\n|teamsize|p1|4\n|teamsize|p2|4\n|start\n|switch|p1a: Oranguru|Oranguru, L50, F|100/100\n|switch|p1b: Golurk|Golurk, L50|100/100\n|switch|p2a: Tyranitar|Tyranitar, L50, F|100/100\n|switch|p2b: Excadrill|Excadrill, L50, F|100/100\n|-weather|Sandstorm|[from] ability: Sand Stream|[of] p2a: Tyranitar\n|turn|1\n|\n|t:|1776084813\n|detailschange|p2a: Tyranitar|Tyranitar-Mega, L50, F\n|-mega|p2a: Tyranitar|Tyranitar|Tyranitarite\n|move|p1b: Golurk|Protect|p1b: Golurk\n|-singleturn|p1b: Golurk|Protect\n|move|p2b: Excadrill|High Horsepower|p1a: Oranguru\n|-damage|p1a: Oranguru|46/100\n|move|p2a: Tyranitar|Knock Off|p1a: Oranguru\n|-supereffective|p1a: Oranguru|1\n|-damage|p1a: Oranguru|0 fnt\n|-enditem|p1a: Oranguru|Mental Herb|[from] move: Knock Off|[of] p2a: Tyranitar\n|faint|p1a: Oranguru\n|\n|-weather|Sandstorm|[upkeep]\n|upkeep\n|\n|t:|1776084824\n|switch|p1a: Hydreigon|Hydreigon, L50, M|100/100\n|turn|2\n|\n|t:|1776084839\n|detailschange|p1b: Golurk|Golurk-Mega, L50\n|-mega|p1b: Golurk|Golurk|Golurkite\n|move|p2b: Excadrill|High Horsepower|p1b: Golurk\n|-damage|p1b: Golurk|48/100\n|move|p1a: Hydreigon|Focus Blast|p2b: Excadrill\n|-supereffective|p2b: Excadrill|1\n|-enditem|p2b: Excadrill|Focus Sash\n|-damage|p2b: Excadrill|1/100\n|move|p2a: Tyranitar|Knock Off|p1b: Golurk\n|-supereffective|p1b: Golurk|1\n|-damage|p1b: Golurk|0 fnt\n|faint|p1b: Golurk\n|\n|-weather|Sandstorm|[upkeep]\n|-damage|p1a: Hydreigon|95/100|[from] Sandstorm\n|upkeep\n|\n|t:|1776084850\n|switch|p1b: Torkoal|Torkoal, L50, M|100/100\n|-weather|SunnyDay|[from] ability: Drought|[of] p1b: Torkoal\n|turn|3\n|c|\u2606grave orb|Lmao\n|c|\u2606grave orb|Shit\n|c|\u2606grave orb|Jk\n|\n|t:|1776084863\n|switch|p2a: Kingambit|Kingambit, L50, M|100/100\n|move|p2b: Excadrill|Protect|p2b: Excadrill\n|-singleturn|p2b: Excadrill|Protect\n|move|p1a: Hydreigon|Focus Blast|p2a: Kingambit\n|-supereffective|p2a: Kingambit|2\n|-damage|p2a: Kingambit|0 fnt\n|faint|p2a: Kingambit\n|move|p1b: Torkoal|Heat Wave|p2b: Excadrill\n|-activate|p2b: Excadrill|move: Protect\n|\n|-weather|SunnyDay|[upkeep]\n|upkeep\n|\n|t:|1776084879\n|switch|p2a: Tyranitar|Tyranitar-Mega, L50, F|100/100\n|-weather|Sandstorm|[from] ability: Sand Stream|[of] p2a: Tyranitar\n|turn|4\n|\n|t:|1776084891\n|move|p2b: Excadrill|High Horsepower|p1b: Torkoal\n|-supereffective|p1b: Torkoal|1\n|-crit|p1b: Torkoal\n|-damage|p1b: Torkoal|0 fnt\n|faint|p1b: Torkoal\n|move|p1a: Hydreigon|Focus Blast|p2a: Tyranitar|[miss]\n|-miss|p1a: Hydreigon|p2a: Tyranitar\n|move|p2a: Tyranitar|Dragon Dance|p2a: Tyranitar\n|-boost|p2a: Tyranitar|atk|1\n|-boost|p2a: Tyranitar|spe|1\n|\n|-weather|Sandstorm|[upkeep]\n|-damage|p1a: Hydreigon|89/100|[from] Sandstorm\n|upkeep\n|turn|5\n|\n|t:|1776084907\n|move|p2b: Excadrill|Iron Head|p1a: Hydreigon\n|-damage|p1a: Hydreigon|36/100\n|move|p1a: Hydreigon|Focus Blast|p2a: Tyranitar\n|-supereffective|p2a: Tyranitar|2\n|-crit|p2a: Tyranitar\n|-damage|p2a: Tyranitar|0 fnt\n|faint|p2a: Tyranitar\n|\n|-weather|Sandstorm|[upkeep]\n|-damage|p1a: Hydreigon|30/100|[from] Sandstorm\n|upkeep\n|\n|t:|1776084916\n|switch|p2a: Clefable|Clefable, L50, M|100/100\n|turn|6\n|-message|grave orb forfeited.\n|\n|win|awwgdgj\n|raw|grave orb's rating: 1067 &rarr; <strong>1046</strong><br />(-21 for losing)\n|raw|awwgdgj's rating: 1045 &rarr; <strong>1080</strong><br />(+35 for winning)\n",
  "uploadtime": 1776084921,
  "views": 10,
  "formatid": "gen9championsvgc2026regma",
  "rating": 1046,
  "private": 0,
  "password": null
}