{
  "id": "gen9championsvgc2026regma-2586940126",
  "format": "[Gen 9 Champions] VGC 2026 Reg M-A",
  "players": [
    "kid_the_phantom",
    "loklastaji"
  ],
  "log": "|j|\u2606kid_the_phantom\n|j|\u2606loklastaji\n|t:|1776473830\n|gametype|doubles\n|player|p1|kid_the_phantom|102|1108\n|player|p2|loklastaji|2|1066\n|gen|9\n|tier|[Gen 9 Champions] VGC 2026 Reg M-A\n|rated|\n|rule|Species Clause: Limit one of each Pok\u00e9mon\n|rule|Item Clause: Limit 1 of each item\n|clearpoke\n|poke|p1|Delphox, L50, F|\n|poke|p1|Garchomp, L50, M|\n|poke|p1|Milotic, L50, M|\n|poke|p1|Sneasler, L50, M|\n|poke|p1|Sylveon, L50, F|\n|poke|p1|Meowstic, L50, M|\n|poke|p2|Samurott-Hisui, L50, M|\n|poke|p2|Delphox, L50, M|\n|poke|p2|Tinkaton, L50, F|\n|poke|p2|Decidueye-Hisui, L50, F|\n|poke|p2|Altaria, L50, M|\n|poke|p2|Farigiraf, L50, F|\n|teampreview|4\n|\n|t:|1776473850\n|teamsize|p1|4\n|teamsize|p2|4\n|start\n|switch|p1a: Milotic|Milotic, L50, M|100/100\n|switch|p1b: Meowstic|Meowstic, L50, M|100/100\n|switch|p2a: Tinkaton|Tinkaton, L50, F|100/100\n|switch|p2b: Decidueye|Decidueye-Hisui, L50, F|100/100\n|turn|1\n|\n|t:|1776473873\n|move|p1b: Meowstic|Fake Out|p2b: Decidueye\n|-damage|p2b: Decidueye|94/100\n|move|p2a: Tinkaton|Fake Out|p1b: Meowstic\n|-damage|p1b: Meowstic|85/100\n|cant|p2b: Decidueye|flinch\n|move|p1a: Milotic|Muddy Water|p2b: Decidueye|[spread] p2a\n|-miss|p1a: Milotic|p2b: Decidueye\n|-damage|p2a: Tinkaton|72/100\n|\n|upkeep\n|turn|2\n|\n|t:|1776473897\n|move|p1b: Meowstic|Gravity|p1b: Meowstic\n|-fieldstart|move: Gravity\n|move|p2b: Decidueye|Leaf Blade|p1a: Milotic\n|-supereffective|p1a: Milotic|1\n|-damage|p1a: Milotic|22/100\n|-enditem|p1a: Milotic|Sitrus Berry|[eat]\n|-heal|p1a: Milotic|47/100|[from] item: Sitrus Berry\n|move|p2a: Tinkaton|Gigaton Hammer|p1b: Meowstic\n|-damage|p1b: Meowstic|1/100\n|move|p1a: Milotic|Flip Turn|p2a: Tinkaton\n|-damage|p2a: Tinkaton|55/100\n|\n|t:|1776473909\n|switch|p1a: Delphox|Delphox, L50, F|100/100|[from] Flip Turn\n|\n|upkeep\n|turn|3\n|inactive|Battle timer is ON: inactive players will automatically lose when time's up. (requested by kid_the_phantom)\n|\n|t:|1776473921\n|switch|p2b: Delphox|Delphox, L50, M|100/100\n|switch|p2a: Farigiraf|Farigiraf, L50, F|100/100\n|detailschange|p1a: Delphox|Delphox-Mega, L50, F\n|-mega|p1a: Delphox|Delphox|Delphoxite\n|move|p1b: Meowstic|Psychic Terrain|p1b: Meowstic\n|-fieldstart|move: Psychic Terrain\n|move|p1a: Delphox|Heat Wave|p2a: Farigiraf|[spread] p2a,p2b\n|-resisted|p2b: Delphox|1\n|-damage|p2a: Farigiraf|54/100\n|-damage|p2b: Delphox|76/100\n|\n|upkeep\n|turn|4\n|\n|t:|1776473942\n|detailschange|p2b: Delphox|Delphox-Mega, L50, M\n|-mega|p2b: Delphox|Delphox|Delphoxite\n|move|p2b: Delphox|Expanding Force|p1b: Meowstic|[spread] p1a,p1b\n|-resisted|p1a: Delphox|1\n|-resisted|p1b: Meowstic|1\n|-damage|p1a: Delphox|62/100\n|-damage|p1b: Meowstic|0 fnt\n|faint|p1b: Meowstic\n|move|p1a: Delphox|Expanding Force|p2a: Farigiraf|[spread] p2a,p2b\n|-resisted|p2a: Farigiraf|1\n|-resisted|p2b: Delphox|1\n|-damage|p2a: Farigiraf|14/100\n|-damage|p2b: Delphox|44/100\n|move|p2a: Farigiraf|Expanding Force|p1a: Delphox\n|-resisted|p1a: Delphox|1\n|-damage|p1a: Delphox|23/100\n|\n|upkeep\n|\n|t:|1776473956\n|switch|p1b: Garchomp|Garchomp, L50, M|100/100\n|turn|5\n|\n|t:|1776473972\n|move|p1b: Garchomp|Rock Slide|p2b: Delphox|[spread] p2a,p2b\n|-supereffective|p2b: Delphox|1\n|-damage|p2a: Farigiraf|0 fnt\n|-damage|p2b: Delphox|0 fnt\n|faint|p2a: Farigiraf\n|faint|p2b: Delphox\n|move|p1a: Delphox|Expanding Force|p2: Farigiraf|[notarget]\n|-fail|p1a: Delphox\n|\n|upkeep\n|\n|t:|1776473986\n|switch|p2b: Decidueye|Decidueye-Hisui, L50, F|94/100\n|switch|p2a: Tinkaton|Tinkaton, L50, F|55/100\n|turn|6\n|\n|t:|1776474009\n|move|p1b: Garchomp|Rock Slide|p2b: Decidueye|[spread] p2a,p2b\n|-resisted|p2a: Tinkaton|1\n|-crit|p2a: Tinkaton\n|-resisted|p2b: Decidueye|1\n|-damage|p2a: Tinkaton|34/100\n|-damage|p2b: Decidueye|79/100\n|move|p1a: Delphox|Heat Wave|p2a: Tinkaton|[spread] p2a,p2b\n|-supereffective|p2a: Tinkaton|1\n|-supereffective|p2b: Decidueye|1\n|-damage|p2a: Tinkaton|0 fnt\n|-damage|p2b: Decidueye|0 fnt\n|faint|p2a: Tinkaton\n|faint|p2b: Decidueye\n|\n|win|kid_the_phantom\n|raw|kid_the_phantom's rating: 1108 &rarr; <strong>1130</strong><br />(+22 for winning)\n|raw|loklastaji's rating: 1066 &rarr; <strong>1048</strong><br />(-18 for losing)\n",
  "uploadtime": 1776474020,
  "views": 17,
  "formatid": "gen9championsvgc2026regma",
  "rating": 1048,
  "private": 0,
  "password": null
}