{
  "id": "gen9championsvgc2026regma-2584417148",
  "format": "[Gen 9 Champions] VGC 2026 Reg M-A",
  "players": [
    "kaf7",
    "sparkelzlol"
  ],
  "log": "|j|\u2606kaf7\n|j|\u2606sparkelzlol\n|t:|1776259381\n|gametype|doubles\n|player|p1|kaf7|169|1399\n|player|p2|sparkelzlol|riley|1370\n|gen|9\n|tier|[Gen 9 Champions] VGC 2026 Reg M-A\n|rated|\n|rule|Species Clause: Limit one of each Pok\u00e9mon\n|rule|Item Clause: Limit 1 of each item\n|clearpoke\n|poke|p1|Dragapult, L50, M|\n|poke|p1|Bellibolt, L50, F|\n|poke|p1|Blastoise, L50, F|\n|poke|p1|Talonflame, L50, F|\n|poke|p1|Venusaur, L50, F|\n|poke|p1|Tauros-Paldea-Aqua, L50, M|\n|poke|p2|Charizard, L50, F|\n|poke|p2|Kingambit, L50, M|\n|poke|p2|Incineroar, L50, M|\n|poke|p2|Floette-Eternal, L50, F|\n|poke|p2|Aerodactyl, L50, F|\n|poke|p2|Sneasler, L50, F|\n|teampreview|4\n|inactive|Battle timer is ON: inactive players will automatically lose when time's up. (requested by sparkelzlol)\n|inactive|kaf7 has 60 seconds left.\n|inactive|sparkelzlol has 60 seconds left.\n|\n|t:|1776259432\n|teamsize|p1|4\n|teamsize|p2|4\n|start\n|switch|p1a: Bellibolt|Bellibolt, L50, F, shiny|100/100\n|switch|p1b: Dragapult|Dragapult, L50, M, shiny|100/100\n|switch|p2a: Charizard|Charizard, L50, F|100/100\n|switch|p2b: Aerodactyl|Aerodactyl, L50, F|100/100\n|-ability|p2b: Aerodactyl|Unnerve\n|turn|1\n|inactive|sparkelzlol has 30 seconds left.\n|inactive|sparkelzlol has 20 seconds left.\n|\n|t:|1776259468\n|detailschange|p2a: Charizard|Charizard-Mega-Y, L50, F\n|-mega|p2a: Charizard|Charizard|Charizardite Y\n|-weather|SunnyDay|[from] ability: Drought|[of] p2a: Charizard\n|move|p2a: Charizard|Protect|p2a: Charizard\n|-singleturn|p2a: Charizard|Protect\n|move|p1b: Dragapult|Light Screen|p1b: Dragapult\n|-sidestart|p1: kaf7|move: Light Screen\n|move|p2b: Aerodactyl|Tailwind|p2b: Aerodactyl\n|-sidestart|p2: sparkelzlol|move: Tailwind\n|move|p1a: Bellibolt|Parabolic Charge|p2b: Aerodactyl|[spread] p1b,p2b\n|-activate|p2a: Charizard|move: Protect\n|-resisted|p1b: Dragapult|1\n|-supereffective|p2b: Aerodactyl|1\n|-damage|p1b: Dragapult|93/100\n|-damage|p2b: Aerodactyl|45/100\n|\n|-weather|SunnyDay|[upkeep]\n|upkeep\n|turn|2\n|\n|t:|1776259484\n|move|p2b: Aerodactyl|Rock Slide|p1a: Bellibolt|[spread] p1a,p1b\n|-damage|p1a: Bellibolt|82/100\n|-damage|p1b: Dragapult|61/100\n|-start|p1a: Bellibolt|Charge|Rock Slide|[from] ability: Electromorphosis\n|move|p2a: Charizard|Heat Wave|p1a: Bellibolt|[spread] p1a,p1b\n|-resisted|p1b: Dragapult|1\n|-damage|p1a: Bellibolt|45/100\n|-damage|p1b: Dragapult|37/100\n|-start|p1a: Bellibolt|Charge|Heat Wave|[from] ability: Electromorphosis\n|move|p1b: Dragapult|Phantom Force||[still]\n|-prepare|p1b: Dragapult|Phantom Force\n|move|p1a: Bellibolt|Parabolic Charge|p2a: Charizard|[spread] p2a,p2b\n|-miss|p1a: Bellibolt|p1b: Dragapult\n|-supereffective|p2a: Charizard|1\n|-crit|p2a: Charizard\n|-supereffective|p2b: Aerodactyl|1\n|-damage|p2a: Charizard|0 fnt\n|-heal|p1a: Bellibolt|82/100|[from] drain|[of] p2a: Charizard\n|-damage|p2b: Aerodactyl|0 fnt\n|-heal|p1a: Bellibolt|98/100|[from] drain|[of] p2b: Aerodactyl\n|faint|p2a: Charizard\n|faint|p2b: Aerodactyl\n|-end|p1a: Bellibolt|Charge|[silent]\n|\n|-weather|SunnyDay|[upkeep]\n|-heal|p1a: Bellibolt|100/100|[from] item: Leftovers\n|upkeep\n|\n|t:|1776259501\n|switch|p2b: Sneasler|Sneasler, L50, F, shiny|100/100\n|switch|p2a: Floette|Floette-Eternal, L50, F|100/100\n|turn|3\n|\n|t:|1776259514\n|move|p2b: Sneasler|Fake Out|p1a: Bellibolt\n|-damage|p1a: Bellibolt|90/100\n|-start|p1a: Bellibolt|Charge|Fake Out|[from] ability: Electromorphosis\n|move|p2a: Floette|Dazzling Gleam|p1b: Dragapult|[spread] p1a\n|-miss|p2a: Floette|p1b: Dragapult\n|-damage|p1a: Bellibolt|72/100\n|-start|p1a: Bellibolt|Charge|Dazzling Gleam|[from] ability: Electromorphosis\n|move|p1b: Dragapult|Phantom Force|p2a: Floette|[from] lockedmove\n|-damage|p2a: Floette|45/100\n|cant|p1a: Bellibolt|flinch\n|-end|p1a: Bellibolt|Charge|[silent]\n|\n|-weather|SunnyDay|[upkeep]\n|-heal|p1a: Bellibolt|78/100|[from] item: Leftovers\n|upkeep\n|turn|4\n|inactive|sparkelzlol has 30 seconds left.\n|\n|t:|1776259545\n|switch|p1b: Talonflame|Talonflame, L50, F, shiny|100/100\n|move|p2b: Sneasler|Dire Claw|p1a: Bellibolt\n|-damage|p1a: Bellibolt|47/100\n|-start|p1a: Bellibolt|Charge|Dire Claw|[from] ability: Electromorphosis\n|move|p2a: Floette|Dazzling Gleam|p1b: Talonflame|[spread] p1a,p1b\n|-resisted|p1b: Talonflame|1\n|-damage|p1a: Bellibolt|30/100\n|-damage|p1b: Talonflame|84/100\n|-start|p1a: Bellibolt|Charge|Dazzling Gleam|[from] ability: Electromorphosis\n|move|p1a: Bellibolt|Thunderbolt|p2b: Sneasler\n|-damage|p2b: Sneasler|1/100\n|-end|p1a: Bellibolt|Charge|[silent]\n|\n|-weather|SunnyDay|[upkeep]\n|-heal|p1a: Bellibolt|36/100|[from] item: Leftovers\n|-sideend|p2: sparkelzlol|move: Tailwind\n|upkeep\n|turn|5\n|\n|t:|1776259563\n|move|p1b: Talonflame|Flare Blitz|p2b: Sneasler\n|-damage|p2b: Sneasler|0 fnt\n|faint|p2b: Sneasler\n|-damage|p1b: Talonflame|84/100|[from] Recoil\n|move|p2a: Floette|Dazzling Gleam|p1a: Bellibolt|[spread] p1a,p1b\n|-resisted|p1b: Talonflame|1\n|-damage|p1a: Bellibolt|19/100\n|-damage|p1b: Talonflame|65/100\n|-start|p1a: Bellibolt|Charge|Dazzling Gleam|[from] ability: Electromorphosis\n|move|p1a: Bellibolt|Parabolic Charge|p2a: Floette|[spread] p1b,p2a\n|-supereffective|p1b: Talonflame|1\n|-damage|p1b: Talonflame|0 fnt\n|-heal|p1a: Bellibolt|42/100|[from] drain|[of] p1b: Talonflame\n|-damage|p2a: Floette|17/100\n|-heal|p1a: Bellibolt|54/100|[from] drain|[of] p2a: Floette\n|faint|p1b: Talonflame\n|-end|p1a: Bellibolt|Charge|[silent]\n|\n|-weather|none\n|-heal|p1a: Bellibolt|60/100|[from] item: Leftovers\n|-sideend|p1: kaf7|move: Light Screen\n|upkeep\n|\n|t:|1776259568\n|switch|p1b: Dragapult|Dragapult, L50, M, shiny|37/100\n|turn|6\n|\n|t:|1776259574\n|move|p1b: Dragapult|Phantom Force||[still]\n|-prepare|p1b: Dragapult|Phantom Force\n|move|p2a: Floette|Dazzling Gleam|p1b: Dragapult|[spread] p1a\n|-miss|p2a: Floette|p1b: Dragapult\n|-damage|p1a: Bellibolt|33/100\n|-start|p1a: Bellibolt|Charge|Dazzling Gleam|[from] ability: Electromorphosis\n|move|p1a: Bellibolt|Thunderbolt|p2a: Floette\n|-damage|p2a: Floette|0 fnt\n|faint|p2a: Floette\n|-end|p1a: Bellibolt|Charge|[silent]\n|\n|win|kaf7\n|raw|kaf7's rating: 1399 &rarr; <strong>1417</strong><br />(+18 for winning)\n|raw|sparkelzlol's rating: 1370 &rarr; <strong>1352</strong><br />(-18 for losing)\n",
  "uploadtime": 1776259576,
  "views": 70,
  "formatid": "gen9championsvgc2026regma",
  "rating": 1352,
  "private": 0,
  "password": null
}