{
  "id": "gen9championsvgc2026regma-2586833319",
  "format": "[Gen 9 Champions] VGC 2026 Reg M-A",
  "players": [
    "gypsy1",
    "morgriffo"
  ],
  "log": "|j|\u2606gypsy1\n|j|\u2606morgriffo\n|html|<table width=\"100%\"><tr><td align=\"left\">gypsy1</td><td align=\"right\">morgriffo</tr><tr><td align=\"left\"><i class=\"fa fa-circle-o\"></i> <i class=\"fa fa-circle-o\"></i> </td><td align=\"right\"><i class=\"fa fa-circle-o\"></i> <i class=\"fa fa-circle-o\"></i> </tr></table>\n|uhtml|bestof|<h2><strong>Game 1</strong> of <a href=\"/game-bestof3-gen9championsvgc2026regma-2586833317\">a best-of-3</a></h2>\n|t:|1776463726\n|gametype|doubles\n|player|p1|gypsy1|2|\n|player|p2|morgriffo|101|\n|gen|9\n|tier|[Gen 9 Champions] VGC 2026 Reg M-A\n|rule|Species Clause: Limit one of each Pok\u00e9mon\n|rule|Item Clause: Limit 1 of each item\n|raw|<div class=\"infobox\"><details class=\"readmore\" open><summary><strong>1 custom rule:</strong></summary> Best of = 3</details></div>\n|clearpoke\n|poke|p1|Pelipper, L50, F|\n|poke|p1|Greninja-*, L50, M|\n|poke|p1|Tinkaton, L50, F|\n|poke|p1|Milotic, L50, F|\n|poke|p1|Starmie, L50|\n|poke|p1|Corviknight, L50, M|\n|poke|p2|Garchomp, L50, F|\n|poke|p2|Tyranitar, L50, M|\n|poke|p2|Incineroar, L50, F|\n|poke|p2|Gengar, L50, M|\n|poke|p2|Kingambit, L50, F|\n|poke|p2|Rotom-Wash, L50|\n|teampreview|4\ngypsy1 rejected open team sheets.\n|inactive|Battle timer is ON: inactive players will automatically lose when time's up. (requested by gypsy1)\n|inactive|morgriffo has 60 seconds left.\n|\n|t:|1776463809\n|teamsize|p1|4\n|teamsize|p2|4\n|start\n|switch|p1a: Greninja|Greninja, L50, M|100/100\n|switch|p1b: Pelipper|Pelipper, L50, F|100/100\n|switch|p2a: Rotom|Rotom-Wash, L50|100/100\n|switch|p2b: Gengar|Gengar, L50, M, shiny|100/100\n|-weather|RainDance|[from] ability: Drizzle|[of] p1b: Pelipper\n|turn|1\n|inactive|morgriffo has 30 seconds left.\n|\n|t:|1776463844\n|switch|p1b: Tinkaton|Tinkaton, L50, F|100/100\n|-ability|p1b: Tinkaton|Mold Breaker\n|detailschange|p1a: Greninja|Greninja-Mega, L50, M\n|-mega|p1a: Greninja|Greninja|Greninjite\n|detailschange|p2b: Gengar|Gengar-Mega, L50, M, shiny\n|-mega|p2b: Gengar|Gengar|Gengarite\n|move|p2b: Gengar|Protect|p2b: Gengar\n|-singleturn|p2b: Gengar|Protect\n|move|p1a: Greninja|Rock Slide|p2a: Rotom|[spread] p2a\n|-start|p1a: Greninja|typechange|Rock|[from] ability: Protean\n|-activate|p2b: Gengar|move: Protect\n|-damage|p2a: Rotom|67/100\n|cant|p2a: Rotom|flinch\n|\n|-weather|RainDance|[upkeep]\n|upkeep\n|turn|2\n|inactive|morgriffo has 30 seconds left.\n|inactive|morgriffo has 20 seconds left.\n|inactive|morgriffo has 15 seconds left.\n|inactive|morgriffo has 10 seconds left.\n|\n|t:|1776463891\n|switch|p2b: Incineroar|Incineroar, L50, F, shiny|100/100\n|switch|p2a: Kingambit|Kingambit, L50, F|100/100\n|move|p1b: Tinkaton|Fake Out|p2a: Kingambit\n|-resisted|p2a: Kingambit|1\n|-damage|p2a: Kingambit|97/100\n|move|p1a: Greninja|Rock Slide|p2a: Kingambit|[spread] p2a,p2b\n|-resisted|p2a: Kingambit|1\n|-supereffective|p2b: Incineroar|1\n|-damage|p2a: Kingambit|87/100\n|-damage|p2b: Incineroar|49/100\n|\n|-weather|RainDance|[upkeep]\n|-heal|p2b: Incineroar|55/100|[from] item: Leftovers\n|upkeep\n|turn|3\n|inactive|gypsy1 has 30 seconds left.\n|inactive|morgriffo has 30 seconds left.\n|inactive|gypsy1 has 20 seconds left.\n|inactive|morgriffo has 20 seconds left.\n|inactive|gypsy1 has 15 seconds left.\n|inactive|morgriffo has 15 seconds left.\n|inactive|gypsy1 has 10 seconds left.\n|inactive|morgriffo has 10 seconds left.\n|inactive|gypsy1 has 5 seconds left.\n|inactive|morgriffo has 5 seconds left.\n|\n|t:|1776463945\n|move|p1b: Tinkaton|Helping Hand|p1a: Greninja\n|-singleturn|p1a: Greninja|Helping Hand|[of] p1b: Tinkaton\n|move|p2b: Incineroar|Fake Out|p1a: Greninja\n|-resisted|p1a: Greninja|1\n|-damage|p1a: Greninja|92/100\n|cant|p1a: Greninja|flinch\n|move|p2a: Kingambit|Iron Head|p1a: Greninja\n|-supereffective|p1a: Greninja|1\n|-damage|p1a: Greninja|0 fnt\n|faint|p1a: Greninja\n|\n|-weather|RainDance|[upkeep]\n|-heal|p2b: Incineroar|61/100|[from] item: Leftovers\n|upkeep\n|\n|t:|1776463959\n|switch|p1a: Starmie|Starmie, L50|100/100\n|turn|4\n|\n|t:|1776463978\n|switch|p2b: Gengar|Gengar-Mega, L50, M, shiny|100/100\n|move|p2a: Kingambit|Sucker Punch|p1a: Starmie\n|-supereffective|p1a: Starmie|1\n|-damage|p1a: Starmie|0 fnt\n|faint|p1a: Starmie\n|move|p1b: Tinkaton|Encore||[still]\n|-fail|p1b: Tinkaton\n|\n|-weather|RainDance|[upkeep]\n|upkeep\n|\n|t:|1776463984\n|switch|p1a: Pelipper|Pelipper, L50, F|100/100\n|turn|5\n|\n|t:|1776463999\n|move|p2a: Kingambit|Protect|p2a: Kingambit\n|-singleturn|p2a: Kingambit|Protect\n|move|p2b: Gengar|Perish Song|p2b: Gengar\n|-start|p1a: Pelipper|perish3|[silent]\n|-start|p1b: Tinkaton|perish3|[silent]\n|-start|p2a: Kingambit|perish3|[silent]\n|-start|p2b: Gengar|perish3|[silent]\n|-fieldactivate|move: Perish Song\n|move|p1b: Tinkaton|Gigaton Hammer|p2b: Gengar\n|-damage|p2b: Gengar|31/100\n|move|p1a: Pelipper|Weather Ball|p2b: Gengar\n|-crit|p2b: Gengar\n|-damage|p2b: Gengar|0 fnt\n|faint|p2b: Gengar\n|\n|-weather|none\n|-start|p1b: Tinkaton|perish3\n|-start|p1a: Pelipper|perish3\n|-start|p2a: Kingambit|perish3\n|upkeep\n|\n|t:|1776464016\n|switch|p2b: Incineroar|Incineroar, L50, F, shiny|61/100\n|turn|6\n|\n|t:|1776464038\n|move|p2b: Incineroar|Fake Out|p1a: Pelipper\n|-damage|p1a: Pelipper|91/100\n|move|p1b: Tinkaton|Encore|p2b: Incineroar\n|-start|p2b: Incineroar|Encore\n|cant|p1a: Pelipper|flinch\n|move|p2a: Kingambit|Kowtow Cleave|p1a: Pelipper\n|-damage|p1a: Pelipper|42/100\n|\n|-heal|p2b: Incineroar|67/100|[from] item: Leftovers\n|-start|p1b: Tinkaton|perish2\n|-start|p1a: Pelipper|perish2\n|-start|p2a: Kingambit|perish2\n|upkeep\n|turn|7\n|\n|t:|1776464058\n|move|p2b: Incineroar|Fake Out||[still]\n|-hint|Fake Out only works on your first turn out.\n|-fail|p2b: Incineroar\n|move|p1b: Tinkaton|Gigaton Hammer|p2b: Incineroar\n|-resisted|p2b: Incineroar|1\n|-damage|p2b: Incineroar|47/100\n|move|p1a: Pelipper|Hurricane|p2b: Incineroar|[miss]\n|-miss|p1a: Pelipper|p2b: Incineroar\n|move|p2a: Kingambit|Kowtow Cleave|p1a: Pelipper\n|-damage|p1a: Pelipper|0 fnt\n|faint|p1a: Pelipper\n|\n|-heal|p2b: Incineroar|53/100|[from] item: Leftovers\n|-start|p1b: Tinkaton|perish1\n|-start|p2a: Kingambit|perish1\n|upkeep\n|turn|8\n|\n|t:|1776464076\n|move|p1b: Tinkaton|Helping Hand|p1: Pelipper|[notarget]\n|-fail|p1b: Tinkaton\n|move|p2a: Kingambit|Protect|p2a: Kingambit\n|-singleturn|p2a: Kingambit|Protect\n|-activate|p2b: Incineroar|move: Struggle\n|move|p2b: Incineroar|Struggle|p1b: Tinkaton\n|-damage|p1b: Tinkaton|89/100\n|-damage|p2b: Incineroar|28/100|[from] recoil\n|\n|-heal|p1b: Tinkaton|95/100|[from] item: Leftovers\n|-heal|p2b: Incineroar|34/100|[from] item: Leftovers\n|-start|p1b: Tinkaton|perish0\n|-start|p2a: Kingambit|perish0\n|faint|p1b: Tinkaton\n|faint|p2a: Kingambit\n|-end|p2a: Kingambit|fallenundefined|[silent]\n|\n|win|morgriffo\n||gypsy1 is ready for game 2.\n|inactive|morgriffo has 30 seconds to confirm battle start!\n|inactive|morgriffo has 20 seconds to confirm battle start!\n||morgriffo is ready for game 2.\n|uhtml|next|Next: <a href=\"/battle-gen9championsvgc2026regma-2586837660\"><strong>Game 2 of 3</strong></a>\n",
  "uploadtime": 1776464649,
  "views": 21,
  "formatid": "gen9championsvgc2026regma",
  "rating": null,
  "private": 0,
  "password": null
}