{
  "id": "gen9championsvgc2026regma-2589463839",
  "format": "[Gen 9 Champions] VGC 2026 Reg M-A",
  "players": [
    "hoy tu f gg",
    "MimikyuBot"
  ],
  "log": "|j|\u2606hoy tu f gg\n|j|\u2606MimikyuBot\n|t:|1776725240\n|gametype|doubles\n|player|p1|hoy tu f gg|ninjaboy|1030\n|player|p2|MimikyuBot|266|1000\n|gen|9\n|tier|[Gen 9 Champions] VGC 2026 Reg M-A\n|rated|\n|rule|Species Clause: Limit one of each Pok\u00e9mon\n|rule|Item Clause: Limit 1 of each item\n|clearpoke\n|poke|p1|Farigiraf, L50, F|\n|poke|p1|Feraligatr, L50, M|\n|poke|p1|Drampa, L50, F|\n|poke|p1|Vaporeon, L50, M|\n|poke|p1|Mimikyu, L50, F|\n|poke|p1|Espeon, L50, M|\n|poke|p2|Aegislash, L50, F, shiny|\n|poke|p2|Whimsicott, L50, M, shiny|\n|poke|p2|Gallade, L50, M, shiny|\n|poke|p2|Incineroar, L50, M, shiny|\n|poke|p2|Clefable, L50, M, shiny|\n|poke|p2|Milotic, L50, F, shiny|\n|teampreview|4\nMimikyuBot has agreed to open team sheets.\n|inactive|Battle timer is ON: inactive players will automatically lose when time's up. (requested by hoy tu f gg)\nhoy tu f gg rejected open team sheets.\n|\n|t:|1776725283\n|teamsize|p1|4\n|teamsize|p2|4\n|start\n|switch|p1a: Farigiraf|Farigiraf, L50, F|100/100\n|switch|p1b: Drampa|Drampa, L50, F|100/100\n|switch|p2a: Whimsicott|Whimsicott, L50, M, shiny|100/100\n|switch|p2b: Gallade|Gallade, L50, M, shiny|100/100\n|turn|1\n|inactive|MimikyuBot also wants the timer to be on.\n|\n|t:|1776725294\n|detailschange|p2b: Gallade|Gallade-Mega, L50, M, shiny\n|-mega|p2b: Gallade|Gallade|Galladite\n|move|p2a: Whimsicott|Moonblast|p1b: Drampa\n|-supereffective|p1b: Drampa|1\n|-damage|p1b: Drampa|30/100\n|move|p2b: Gallade|Sacred Sword|p1b: Drampa\n|-supereffective|p1b: Drampa|1\n|-damage|p1b: Drampa|0 fnt\n|faint|p1b: Drampa\n|move|p1a: Farigiraf|Trick Room|p1a: Farigiraf\n|-fieldstart|move: Trick Room|[of] p1a: Farigiraf\n|\n|upkeep\n|\n|t:|1776725304\n|switch|p1b: Espeon|Espeon, L50, M|100/100\n|turn|2\n|\n|t:|1776725309\n|move|p1a: Farigiraf|Hyper Voice|p2b: Gallade|[spread] p2a,p2b\n|-damage|p2a: Whimsicott|46/100\n|-damage|p2b: Gallade|69/100\n|move|p1b: Espeon|Future Sight|p2a: Whimsicott\n|-start|p1b: Espeon|move: Future Sight\n|move|p2b: Gallade|Sacred Sword|p1b: Espeon\n|-resisted|p1b: Espeon|1\n|-damage|p1b: Espeon|40/100\n|move|p2a: Whimsicott|Moonblast|p1b: Espeon\n|-damage|p1b: Espeon|3/100\n|\n|upkeep\n|turn|3\n|\n|t:|1776725322\n|move|p1a: Farigiraf|Hyper Voice|p2b: Gallade|[spread] p2a,p2b\n|-damage|p2a: Whimsicott|0 fnt\n|-damage|p2b: Gallade|33/100\n|faint|p2a: Whimsicott\n|move|p1b: Espeon|Psychic|p2b: Gallade\n|-damage|p2b: Gallade|0 fnt\n|faint|p2b: Gallade\n|\n|upkeep\n|\n|t:|1776725322\n|switch|p2b: Incineroar|Incineroar, L50, M, shiny|100/100\n|switch|p2a: Aegislash|Aegislash, L50, F, shiny|100/100\n|-ability|p2b: Incineroar|Intimidate|boost\n|-unboost|p1a: Farigiraf|atk|1\n|-unboost|p1b: Espeon|atk|1\n|-enditem|p1a: Farigiraf|White Herb\n|-clearnegativeboost|p1a: Farigiraf|[silent]\n|turn|4\n|\n|t:|1776725340\n|move|p1a: Farigiraf|Hyper Voice|p2a: Aegislash|[spread] p2b\n|-immune|p2a: Aegislash\n|-damage|p2b: Incineroar|76/100\n|move|p2b: Incineroar|Flare Blitz|p1b: Espeon\n|-damage|p1b: Espeon|0 fnt\n|faint|p1b: Espeon\n|-damage|p2b: Incineroar|76/100|[from] Recoil\n|-formechange|p2a: Aegislash|Aegislash-Blade|\n|move|p2a: Aegislash|Iron Head|p1a: Farigiraf\n|-damage|p1a: Farigiraf|38/100\n|\n|-end|p2a: Aegislash|move: Future Sight\n|-resisted|p2a: Aegislash|1\n|-damage|p2a: Aegislash|42/100\n|-heal|p2b: Incineroar|82/100|[from] item: Leftovers\n|upkeep\n|\n|t:|1776725353\n|switch|p1b: Vaporeon|Vaporeon, L50, M|100/100\n|turn|5\n|\n|t:|1776725360\n|move|p1a: Farigiraf|Energy Ball|p2a: Aegislash\n|-resisted|p2a: Aegislash|1\n|-damage|p2a: Aegislash|20/100\n|move|p1b: Vaporeon|Yawn|p2b: Incineroar\n|-start|p2b: Incineroar|move: Yawn|[of] p1b: Vaporeon\n|move|p2b: Incineroar|Flare Blitz|p1a: Farigiraf\n|-damage|p1a: Farigiraf|0 fnt\n|faint|p1a: Farigiraf\n|-damage|p2b: Incineroar|70/100|[from] Recoil\n|move|p2a: Aegislash|Iron Head|p1b: Vaporeon\n|-resisted|p1b: Vaporeon|1\n|-damage|p1b: Vaporeon|77/100\n|\n|-heal|p1b: Vaporeon|83/100|[from] item: Leftovers\n|-heal|p2b: Incineroar|76/100|[from] item: Leftovers\n|-fieldend|move: Trick Room\n|upkeep\n|turn|6\n|\n|t:|1776725371\n|move|p2b: Incineroar|Flare Blitz|p1b: Vaporeon\n|-resisted|p1b: Vaporeon|1\n|-damage|p1b: Vaporeon|61/100\n|-damage|p2b: Incineroar|68/100|[from] Recoil\n|move|p2a: Aegislash|Iron Head|p1b: Vaporeon\n|-resisted|p1b: Vaporeon|1\n|-damage|p1b: Vaporeon|38/100\n|move|p1b: Vaporeon|Wish|p1b: Vaporeon\n|\n|-heal|p2b: Incineroar|74/100|[from] item: Leftovers\n|-heal|p1b: Vaporeon|44/100|[from] item: Leftovers\n|-end|p2b: Incineroar|move: Yawn|[silent]\n|-status|p2b: Incineroar|slp\n|upkeep\n|turn|7\n|\n|t:|1776725380\n|cant|p2b: Incineroar|slp\n|move|p2a: Aegislash|Iron Head|p1b: Vaporeon\n|-resisted|p1b: Vaporeon|1\n|-damage|p1b: Vaporeon|21/100\n|move|p1b: Vaporeon|Scald|p2a: Aegislash\n|-damage|p2a: Aegislash|0 fnt\n|faint|p2a: Aegislash\n|\n|-heal|p1b: Vaporeon|71/100|[from] move: Wish|[wisher] Vaporeon\n|-heal|p2b: Incineroar|80/100 slp|[from] item: Leftovers\n|-heal|p1b: Vaporeon|77/100|[from] item: Leftovers\n|upkeep\n|turn|8\n|\n|t:|1776725391\n|cant|p2b: Incineroar|slp\n|move|p1b: Vaporeon|Wish|p1b: Vaporeon\n|\n|-heal|p2b: Incineroar|86/100 slp|[from] item: Leftovers\n|-heal|p1b: Vaporeon|82/100|[from] item: Leftovers\n|upkeep\n|turn|9\n|\n|t:|1776725396\n|-curestatus|p2b: Incineroar|slp|[msg]\n|move|p2b: Incineroar|Parting Shot|p1b: Vaporeon\n|-unboost|p1b: Vaporeon|atk|1\n|-unboost|p1b: Vaporeon|spa|1\n|move|p1b: Vaporeon|Scald|p2b: Incineroar\n|-supereffective|p2b: Incineroar|1\n|-damage|p2b: Incineroar|56/100\n|\n|-heal|p1b: Vaporeon|100/100|[from] move: Wish|[wisher] Vaporeon\n|-heal|p2b: Incineroar|62/100|[from] item: Leftovers\n|upkeep\n|turn|10\n|\n|t:|1776725406\n|move|p2b: Incineroar|Parting Shot|p1b: Vaporeon\n|-unboost|p1b: Vaporeon|atk|1\n|-unboost|p1b: Vaporeon|spa|1\n|move|p1b: Vaporeon|Yawn|p2b: Incineroar\n|-start|p2b: Incineroar|move: Yawn|[of] p1b: Vaporeon\n|\n|-heal|p2b: Incineroar|68/100|[from] item: Leftovers\n|upkeep\n|turn|11\n|\n|t:|1776725413\n|move|p1b: Vaporeon|Protect|p1b: Vaporeon\n|-singleturn|p1b: Vaporeon|Protect\n|move|p2b: Incineroar|Parting Shot|p1b: Vaporeon\n|-activate|p1b: Vaporeon|move: Protect\n|\n|-heal|p2b: Incineroar|74/100|[from] item: Leftovers\n|-end|p2b: Incineroar|move: Yawn|[silent]\n|-status|p2b: Incineroar|slp\n|upkeep\n|turn|12\n|\n|t:|1776725417\n|cant|p2b: Incineroar|slp\n|move|p1b: Vaporeon|Scald|p2b: Incineroar\n|-supereffective|p2b: Incineroar|1\n|-damage|p2b: Incineroar|50/100 slp\n|\n|-heal|p2b: Incineroar|56/100 slp|[from] item: Leftovers\n|upkeep\n|turn|13\n|\n|t:|1776725419\n|-curestatus|p2b: Incineroar|slp|[msg]\n|move|p2b: Incineroar|Parting Shot|p1b: Vaporeon\n|-unboost|p1b: Vaporeon|atk|1\n|-unboost|p1b: Vaporeon|spa|1\n|move|p1b: Vaporeon|Scald|p2b: Incineroar\n|-supereffective|p2b: Incineroar|1\n|-damage|p2b: Incineroar|38/100\n|\n|-heal|p2b: Incineroar|44/100|[from] item: Leftovers\n|upkeep\n|turn|14\n|\n|t:|1776725423\n|move|p2b: Incineroar|Parting Shot|p1b: Vaporeon\n|-unboost|p1b: Vaporeon|atk|1\n|-unboost|p1b: Vaporeon|spa|1\n|move|p1b: Vaporeon|Yawn|p2b: Incineroar\n|-start|p2b: Incineroar|move: Yawn|[of] p1b: Vaporeon\n|\n|-heal|p2b: Incineroar|50/100|[from] item: Leftovers\n|upkeep\n|turn|15\n|\n|t:|1776725425\n|move|p1b: Vaporeon|Protect|p1b: Vaporeon\n|-singleturn|p1b: Vaporeon|Protect\n|move|p2b: Incineroar|Parting Shot|p1b: Vaporeon\n|-activate|p1b: Vaporeon|move: Protect\n|\n|-heal|p2b: Incineroar|55/100|[from] item: Leftovers\n|-end|p2b: Incineroar|move: Yawn|[silent]\n|-status|p2b: Incineroar|slp\n|upkeep\n|turn|16\n|\n|t:|1776725428\n|cant|p2b: Incineroar|slp\n|move|p1b: Vaporeon|Scald|p2b: Incineroar\n|-supereffective|p2b: Incineroar|1\n|-damage|p2b: Incineroar|40/100 slp\n|\n|-heal|p2b: Incineroar|46/100 slp|[from] item: Leftovers\n|upkeep\n|turn|17\n|\n|t:|1776725429\n|cant|p2b: Incineroar|slp\n|move|p1b: Vaporeon|Scald|p2b: Incineroar\n|-supereffective|p2b: Incineroar|1\n|-damage|p2b: Incineroar|30/100 slp\n|\n|-heal|p2b: Incineroar|36/100 slp|[from] item: Leftovers\n|upkeep\n|turn|18\n|\n|t:|1776725431\n|-curestatus|p2b: Incineroar|slp|[msg]\n|move|p2b: Incineroar|Parting Shot|p1b: Vaporeon\n|-unboost|p1b: Vaporeon|atk|1\n|-unboost|p1b: Vaporeon|spa|1\n|move|p1b: Vaporeon|Scald|p2b: Incineroar\n|-supereffective|p2b: Incineroar|1\n|-damage|p2b: Incineroar|21/100\n|\n|-heal|p2b: Incineroar|27/100|[from] item: Leftovers\n|upkeep\n|turn|19\n|\n|t:|1776725433\n|move|p2b: Incineroar|Parting Shot|p1b: Vaporeon\n|-unboost|p1b: Vaporeon|atk|1\n|-unboost|p1b: Vaporeon|spa|1\n|move|p1b: Vaporeon|Yawn|p2b: Incineroar\n|-start|p2b: Incineroar|move: Yawn|[of] p1b: Vaporeon\n|\n|-heal|p2b: Incineroar|33/100|[from] item: Leftovers\n|upkeep\n|turn|20\n|\n|t:|1776725434\n|move|p1b: Vaporeon|Protect|p1b: Vaporeon\n|-singleturn|p1b: Vaporeon|Protect\n|move|p2b: Incineroar|Parting Shot|p1b: Vaporeon\n|-activate|p1b: Vaporeon|move: Protect\n|\n|-heal|p2b: Incineroar|39/100|[from] item: Leftovers\n|-end|p2b: Incineroar|move: Yawn|[silent]\n|-status|p2b: Incineroar|slp\n|upkeep\n|turn|21\n|\n|t:|1776725438\n|cant|p2b: Incineroar|slp\n|move|p1b: Vaporeon|Scald|p1: Farigiraf|[notarget]\n|-fail|p1b: Vaporeon\n|\n|-heal|p2b: Incineroar|45/100 slp|[from] item: Leftovers\n|upkeep\n|turn|22\n|\n|t:|1776725441\n|-curestatus|p2b: Incineroar|slp|[msg]\n|move|p2b: Incineroar|Parting Shot|p1b: Vaporeon\n|-unboost|p1b: Vaporeon|atk|0\n|-unboost|p1b: Vaporeon|spa|0\n|move|p1b: Vaporeon|Scald|p2b: Incineroar\n|-supereffective|p2b: Incineroar|1\n|-damage|p2b: Incineroar|33/100\n|\n|-heal|p2b: Incineroar|39/100|[from] item: Leftovers\n|upkeep\n|turn|23\n|\n|t:|1776725443\n|move|p2b: Incineroar|Parting Shot|p1b: Vaporeon\n|-unboost|p1b: Vaporeon|atk|0\n|-unboost|p1b: Vaporeon|spa|0\n|move|p1b: Vaporeon|Yawn|p2b: Incineroar\n|-start|p2b: Incineroar|move: Yawn|[of] p1b: Vaporeon\n|\n|-heal|p2b: Incineroar|45/100|[from] item: Leftovers\n|upkeep\n|turn|24\n|\n|t:|1776725447\n|move|p1b: Vaporeon|Protect|p1b: Vaporeon\n|-singleturn|p1b: Vaporeon|Protect\n|move|p2b: Incineroar|Parting Shot|p1b: Vaporeon\n|-activate|p1b: Vaporeon|move: Protect\n|\n|-heal|p2b: Incineroar|50/100|[from] item: Leftovers\n|-end|p2b: Incineroar|move: Yawn|[silent]\n|-status|p2b: Incineroar|slp\n|upkeep\n|turn|25\n|\n|t:|1776725450\n|cant|p2b: Incineroar|slp\n|move|p1b: Vaporeon|Scald|p1: Farigiraf|[notarget]\n|-fail|p1b: Vaporeon\n|\n|-heal|p2b: Incineroar|56/100 slp|[from] item: Leftovers\n|upkeep\n|turn|26\n|\n|t:|1776725454\n|cant|p2b: Incineroar|slp\n|move|p1b: Vaporeon|Scald|p2b: Incineroar\n|-supereffective|p2b: Incineroar|1\n|-damage|p2b: Incineroar|44/100 slp\n|\n|-heal|p2b: Incineroar|50/100 slp|[from] item: Leftovers\n|upkeep\n|turn|27\n|\n|t:|1776725456\n|-curestatus|p2b: Incineroar|slp|[msg]\n|move|p2b: Incineroar|Parting Shot|p1b: Vaporeon\n|-unboost|p1b: Vaporeon|atk|0\n|-unboost|p1b: Vaporeon|spa|0\n|move|p1b: Vaporeon|Scald|p2b: Incineroar\n|-supereffective|p2b: Incineroar|1\n|-damage|p2b: Incineroar|38/100\n|\n|-heal|p2b: Incineroar|44/100|[from] item: Leftovers\n|upkeep\n|turn|28\n|\n|t:|1776725464\n|move|p2b: Incineroar|Parting Shot|p1b: Vaporeon\n|-unboost|p1b: Vaporeon|atk|0\n|-unboost|p1b: Vaporeon|spa|0\n|move|p1b: Vaporeon|Yawn|p1: Farigiraf|[notarget]\n|-fail|p1b: Vaporeon\n|\n|-heal|p2b: Incineroar|50/100|[from] item: Leftovers\n|upkeep\n|turn|29\n|\n|t:|1776725466\n|move|p2b: Incineroar|Parting Shot|p1b: Vaporeon\n|-unboost|p1b: Vaporeon|atk|0\n|-unboost|p1b: Vaporeon|spa|0\n|move|p1b: Vaporeon|Yawn|p2b: Incineroar\n|-start|p2b: Incineroar|move: Yawn|[of] p1b: Vaporeon\n|\n|-heal|p2b: Incineroar|55/100|[from] item: Leftovers\n|upkeep\n|turn|30\n|\n|t:|1776725469\n|move|p2b: Incineroar|Parting Shot|p1b: Vaporeon\n|-unboost|p1b: Vaporeon|atk|0\n|-unboost|p1b: Vaporeon|spa|0\n|move|p1b: Vaporeon|Scald|p2b: Incineroar\n|-supereffective|p2b: Incineroar|1\n|-damage|p2b: Incineroar|44/100\n|\n|-heal|p2b: Incineroar|50/100|[from] item: Leftovers\n|-end|p2b: Incineroar|move: Yawn|[silent]\n|-status|p2b: Incineroar|slp\n|upkeep\n|turn|31\n|\n|t:|1776725470\n|cant|p2b: Incineroar|slp\n|move|p1b: Vaporeon|Scald|p2b: Incineroar\n|-supereffective|p2b: Incineroar|1\n|-damage|p2b: Incineroar|37/100 slp\n|\n|-heal|p2b: Incineroar|43/100 slp|[from] item: Leftovers\n|upkeep\n|turn|32\n|\n|t:|1776725472\n|cant|p2b: Incineroar|slp\n|move|p1b: Vaporeon|Scald|p2b: Incineroar\n|-supereffective|p2b: Incineroar|1\n|-damage|p2b: Incineroar|30/100 slp\n|\n|-heal|p2b: Incineroar|36/100 slp|[from] item: Leftovers\n|upkeep\n|turn|33\n|\n|t:|1776725473\n|-curestatus|p2b: Incineroar|slp|[msg]\n|move|p2b: Incineroar|Parting Shot|p1b: Vaporeon\n|-unboost|p1b: Vaporeon|atk|0\n|-unboost|p1b: Vaporeon|spa|0\n|move|p1b: Vaporeon|Scald|p2b: Incineroar\n|-supereffective|p2b: Incineroar|1\n|-crit|p2b: Incineroar\n|-damage|p2b: Incineroar|0 fnt\n|faint|p2b: Incineroar\n|\n|win|hoy tu f gg\n",
  "uploadtime": 1776725285,
  "views": 3,
  "formatid": "gen9championsvgc2026regma",
  "rating": null,
  "private": 0,
  "password": null
}