{
  "id": "gen9championsvgc2026regma-2587246772",
  "format": "[Gen 9 Champions] VGC 2026 Reg M-A",
  "players": [
    "drewew97",
    "camax"
  ],
  "log": "|j|\u2606drewew97\n|j|\u2606camax\n|t:|1776513991\n|gametype|doubles\n|player|p1|drewew97|266|1034\n|player|p2|camax|2|1031\n|gen|9\n|tier|[Gen 9 Champions] VGC 2026 Reg M-A\n|rated|\n|rule|Species Clause: Limit one of each Pok\u00e9mon\n|rule|Item Clause: Limit 1 of each item\n|clearpoke\n|poke|p1|Glimmora, L50, M, shiny|\n|poke|p1|Ninetales-Alola, L50, F|\n|poke|p1|Incineroar, L50, F|\n|poke|p1|Skarmory, L50, F|\n|poke|p1|Kommo-o, L50, F|\n|poke|p1|Basculegion, L50, M|\n|poke|p2|Floette-Eternal, L50, F|\n|poke|p2|Sneasler, L50, M, shiny|\n|poke|p2|Sinistcha, L50, shiny|\n|poke|p2|Garchomp, L50, F, shiny|\n|poke|p2|Rotom-Wash, L50, shiny|\n|poke|p2|Incineroar, L50, M, shiny|\n|teampreview|4\n|inactive|Battle timer is ON: inactive players will automatically lose when time's up. (requested by camax)\n|inactive|drewew97 has 60 seconds left.\n|\n|t:|1776514062\n|teamsize|p1|4\n|teamsize|p2|4\n|start\n|switch|p1a: Ninetales|Ninetales-Alola, L50, F|100/100\n|switch|p1b: Basculegion|Basculegion, L50, M|100/100\n|switch|p2a: Rotom|Rotom-Wash, L50, shiny|100/100\n|switch|p2b: Garchomp|Garchomp, L50, F, shiny|100/100\n|-weather|Snowscape|[from] ability: Snow Warning|[of] p1a: Ninetales\n|turn|1\n|\n|t:|1776514084\n|switch|p1b: Incineroar|Incineroar, L50, F|100/100\n|-ability|p1b: Incineroar|Intimidate|boost\n|-unboost|p2a: Rotom|atk|1\n|-unboost|p2b: Garchomp|atk|1\n|move|p2b: Garchomp|Protect|p2b: Garchomp\n|-singleturn|p2b: Garchomp|Protect\n|move|p1a: Ninetales|Freeze-Dry|p2a: Rotom\n|-supereffective|p2a: Rotom|1\n|-damage|p2a: Rotom|42/100\n|-enditem|p2a: Rotom|Sitrus Berry|[eat]\n|-heal|p2a: Rotom|67/100|[from] item: Sitrus Berry\n|move|p2a: Rotom|Electroweb|p1a: Ninetales|[spread] p1a,p1b\n|-damage|p1a: Ninetales|77/100\n|-damage|p1b: Incineroar|84/100\n|-unboost|p1a: Ninetales|spe|1\n|-unboost|p1b: Incineroar|spe|1\n|\n|-weather|Snowscape|[upkeep]\n|upkeep\n|turn|2\n|inactive|drewew97 has 30 seconds left.\n|inactive|drewew97 has 20 seconds left.\n|\n|t:|1776514123\n|move|p1b: Incineroar|Fake Out|p2b: Garchomp\n|-damage|p2b: Garchomp|89/100\n|-damage|p1b: Incineroar|71/100|[from] ability: Rough Skin|[of] p2b: Garchomp\n|move|p1a: Ninetales|Freeze-Dry|p2a: Rotom\n|-supereffective|p2a: Rotom|1\n|-damage|p2a: Rotom|6/100\n|cant|p2b: Garchomp|flinch\n|move|p2a: Rotom|Hydro Pump|p1b: Incineroar\n|-supereffective|p1b: Incineroar|1\n|-damage|p1b: Incineroar|0 fnt\n|faint|p1b: Incineroar\n|\n|-weather|Snowscape|[upkeep]\n|upkeep\n|\n|t:|1776514146\n|switch|p1b: Basculegion|Basculegion, L50, M|100/100\n|turn|3\n|\n|t:|1776514155\n|switch|p1a: Skarmory|Skarmory, L50, F|100/100\n|move|p1b: Basculegion|Aqua Jet|p2a: Rotom\n|-resisted|p2a: Rotom|1\n|-damage|p2a: Rotom|0 fnt\n|faint|p2a: Rotom\n|move|p2b: Garchomp|Iron Head|p1a: Skarmory\n|-resisted|p1a: Skarmory|1\n|-damage|p1a: Skarmory|93/100\n|\n|-weather|Snowscape|[upkeep]\n|upkeep\n|\n|t:|1776514164\n|switch|p2a: Incineroar|Incineroar, L50, M, shiny|100/100\n|-ability|p2a: Incineroar|Intimidate|boost\n|-unboost|p1a: Skarmory|atk|1\n|-unboost|p1b: Basculegion|atk|1\n|turn|4\n|inactive|drewew97 has 30 seconds left.\n|\n|t:|1776514192\n|detailschange|p1a: Skarmory|Skarmory-Mega, L50, F\n|-mega|p1a: Skarmory|Skarmory|Skarmorite\n|move|p1a: Skarmory|Protect|p1a: Skarmory\n|-singleturn|p1a: Skarmory|Protect\n|move|p1b: Basculegion|Protect|p1b: Basculegion\n|-singleturn|p1b: Basculegion|Protect\n|move|p2a: Incineroar|Fake Out|p1a: Skarmory\n|-activate|p1a: Skarmory|move: Protect\n|move|p2b: Garchomp|Rock Slide|p1a: Skarmory|[spread] \n|-activate|p1a: Skarmory|move: Protect\n|-activate|p1b: Basculegion|move: Protect\n|\n|-weather|Snowscape|[upkeep]\n|upkeep\n|turn|5\n|inactive|drewew97 has 30 seconds left.\n|\n|t:|1776514219\n|switch|p1a: Ninetales|Ninetales-Alola, L50, F|77/100\n|move|p2b: Garchomp|Stomping Tantrum|p1b: Basculegion\n|-damage|p1b: Basculegion|66/100\n|move|p1b: Basculegion|Wave Crash|p2a: Incineroar\n|-supereffective|p2a: Incineroar|1\n|-crit|p2a: Incineroar\n|-damage|p2a: Incineroar|0 fnt\n|faint|p2a: Incineroar\n|-damage|p1b: Basculegion|35/100|[from] Recoil\n|-enditem|p1b: Basculegion|Sitrus Berry|[eat]\n|-heal|p1b: Basculegion|60/100|[from] item: Sitrus Berry\n|\n|-weather|none\n|upkeep\n|\n|t:|1776514227\n|switch|p2a: Floette|Floette-Eternal, L50, F|100/100\n|turn|6\n|inactive|drewew97 has 30 seconds left.\n|\n|t:|1776514260\n|detailschange|p2a: Floette|Floette-Mega, L50, F\n|-mega|p2a: Floette|Floette|Floettite\n|-ability|p2a: Floette|Fairy Aura\n|move|p1a: Ninetales|Freeze-Dry|p2b: Garchomp\n|-supereffective|p2b: Garchomp|2\n|-damage|p2b: Garchomp|0 fnt\n|faint|p2b: Garchomp\n|move|p2a: Floette|Calm Mind|p2a: Floette\n|-boost|p2a: Floette|spa|1\n|-boost|p2a: Floette|spd|1\n|move|p1b: Basculegion|Wave Crash|p2a: Floette\n|-damage|p2a: Floette|29/100\n|-damage|p1b: Basculegion|44/100|[from] Recoil\n|\n|upkeep\n|turn|7\n|\n|t:|1776514276\n|move|p1b: Basculegion|Aqua Jet|p2a: Floette\n|-damage|p2a: Floette|5/100\n|move|p1a: Ninetales|Freeze-Dry|p2a: Floette\n|-damage|p2a: Floette|0 fnt\n|faint|p2a: Floette\n|\n|win|drewew97\n|raw|drewew97's rating: 1034 &rarr; <strong>1069</strong><br />(+35 for winning)\n|raw|camax's rating: 1031 &rarr; <strong>1016</strong><br />(-15 for losing)\n",
  "uploadtime": 1776514277,
  "views": 13,
  "formatid": "gen9championsvgc2026regma",
  "rating": 1016,
  "private": 0,
  "password": null
}