{
  "id": "gen9championsvgc2026regma-2587376779",
  "format": "[Gen 9 Champions] VGC 2026 Reg M-A",
  "players": [
    "Gahandi",
    "xinsuo\u5fc3\u4e4b\u6240\u5f80"
  ],
  "log": "|j|\u2606Gahandi\n|j|\u2606xinsuo\u5fc3\u4e4b\u6240\u5f80\n|t:|1776526669\n|gametype|doubles\n|player|p1|Gahandi|170|1048\n|player|p2|xinsuo\u5fc3\u4e4b\u6240\u5f80|serena-masters3|1028\n|gen|9\n|tier|[Gen 9 Champions] VGC 2026 Reg M-A\n|rated|\n|rule|Species Clause: Limit one of each Pok\u00e9mon\n|rule|Item Clause: Limit 1 of each item\n|clearpoke\n|poke|p1|Drampa, L50, F|\n|poke|p1|Pelipper, L50, F|\n|poke|p1|Raichu, L50, F|\n|poke|p1|Garganacl, L50, M|\n|poke|p1|Sylveon, L50, M|\n|poke|p1|Slowking-Galar, L50, F|\n|poke|p2|Charizard, L50, M, shiny|\n|poke|p2|Whimsicott, L50, F, shiny|\n|poke|p2|Incineroar, L50, M, shiny|\n|poke|p2|Garchomp, L50, M, shiny|\n|poke|p2|Sneasler, L50, M|\n|poke|p2|Rotom-Wash, L50|\n|teampreview|4\n|\n|t:|1776526689\n|teamsize|p1|4\n|teamsize|p2|4\n|start\n|switch|p1a: Drampa|Drampa, L50, F|100/100\n|switch|p1b: Sylveon|Sylveon, L50, M|100/100\n|switch|p2a: Garchomp|Garchomp, L50, M, shiny|100/100\n|switch|p2b: Rotom|Rotom-Wash, L50|100/100\n|turn|1\n|\n|t:|1776526718\n|detailschange|p1a: Drampa|Drampa-Mega, L50, F\n|-mega|p1a: Drampa|Drampa|Drampanite\n|move|p2a: Garchomp|Protect|p2a: Garchomp\n|-singleturn|p2a: Garchomp|Protect\n|move|p2b: Rotom|Hydro Pump|p1b: Sylveon\n|-damage|p1b: Sylveon|63/100\n|move|p1b: Sylveon|Hyper Voice|p2a: Garchomp|[spread] p2b\n|-activate|p2a: Garchomp|move: Protect\n|-damage|p2b: Rotom|56/100\n|move|p1a: Drampa|Blizzard|p2b: Rotom|[spread] p2b\n|-activate|p2a: Garchomp|move: Protect\n|-resisted|p2b: Rotom|1\n|-damage|p2b: Rotom|36/100\n|\n|-heal|p2b: Rotom|41/100|[from] item: Leftovers\n|upkeep\n|turn|2\n|-activate|p1b: Sylveon|item: Quick Claw\n|\n|t:|1776526747\n|move|p1b: Sylveon|Protect|p1b: Sylveon\n|-singleturn|p1b: Sylveon|Protect\n|move|p2b: Rotom|Protect|p2b: Rotom\n|-singleturn|p2b: Rotom|Protect\n|move|p2a: Garchomp|Earthquake|p1b: Sylveon|[spread] p1a\n|-activate|p2b: Rotom|move: Protect\n|-activate|p1b: Sylveon|move: Protect\n|-damage|p1a: Drampa|59/100\n|move|p1a: Drampa|Blizzard|p2b: Rotom|[spread] p2a\n|-activate|p2b: Rotom|move: Protect\n|-supereffective|p2a: Garchomp|2\n|-damage|p2a: Garchomp|0 fnt\n|faint|p2a: Garchomp\n|\n|-heal|p2b: Rotom|47/100|[from] item: Leftovers\n|upkeep\n|\n|t:|1776526763\n|switch|p2a: Charizard|Charizard, L50, M, shiny|100/100\n|turn|3\n|\n|t:|1776526787\n|switch|p1b: Pelipper|Pelipper, L50, F|100/100\n|-weather|RainDance|[from] ability: Drizzle|[of] p1b: Pelipper\n|detailschange|p2a: Charizard|Charizard-Mega-Y, L50, M, shiny\n|-mega|p2a: Charizard|Charizard|Charizardite Y\n|-weather|SunnyDay|[from] ability: Drought|[of] p2a: Charizard\n|move|p2a: Charizard|Heat Wave|p1b: Pelipper|[spread] p1a,p1b\n|-resisted|p1a: Drampa|1\n|-resisted|p1b: Pelipper|1\n|-damage|p1a: Drampa|34/100\n|-damage|p1b: Pelipper|59/100\n|-status|p1a: Drampa|brn\n|-ability|p1a: Drampa|Berserk|boost\n|-boost|p1a: Drampa|spa|1\n|move|p2b: Rotom|Thunderbolt|p1a: Drampa\n|-resisted|p1a: Drampa|1\n|-damage|p1a: Drampa|18/100 brn\n|move|p1a: Drampa|Thunder|p2a: Charizard\n|-supereffective|p2a: Charizard|1\n|-damage|p2a: Charizard|0 fnt\n|faint|p2a: Charizard\n|\n|-weather|SunnyDay|[upkeep]\n|-heal|p2b: Rotom|53/100|[from] item: Leftovers\n|-damage|p1a: Drampa|12/100 brn|[from] brn\n|upkeep\n|\n|t:|1776526807\n|switch|p2a: Sneasler|Sneasler, L50, M|100/100\n|turn|4\n|\n|t:|1776526825\n|move|p1b: Pelipper|Protect|p1b: Pelipper\n|-singleturn|p1b: Pelipper|Protect\n|move|p1a: Drampa|Protect|p1a: Drampa\n|-singleturn|p1a: Drampa|Protect\n|move|p2a: Sneasler|Fake Out|p1a: Drampa\n|-activate|p1a: Drampa|move: Protect\n|move|p2b: Rotom|Thunderbolt|p1b: Pelipper\n|-activate|p1b: Pelipper|move: Protect\n|\n|-weather|SunnyDay|[upkeep]\n|-heal|p2b: Rotom|58/100|[from] item: Leftovers\n|-damage|p1a: Drampa|6/100 brn|[from] brn\n|upkeep\n|turn|5\n|\n|t:|1776526857\n|move|p2a: Sneasler|Protect|p2a: Sneasler\n|-singleturn|p2a: Sneasler|Protect\n|move|p2b: Rotom|Thunderbolt|p1b: Pelipper\n|-supereffective|p1b: Pelipper|2\n|-damage|p1b: Pelipper|0 fnt\n|faint|p1b: Pelipper\n|move|p1a: Drampa|Dragon Pulse|p2b: Rotom\n|-damage|p2b: Rotom|0 fnt\n|faint|p2b: Rotom\n|\n|-weather|SunnyDay|[upkeep]\n|-damage|p1a: Drampa|0 fnt|[from] brn\n|faint|p1a: Drampa\n|upkeep\n|\n|t:|1776526871\n|switch|p1b: Sylveon|Sylveon, L50, M|63/100\n|switch|p1a: Slowking|Slowking-Galar, L50, F|100/100\n|turn|6\n|\n|t:|1776526896\n|move|p2a: Sneasler|Dire Claw|p1b: Sylveon\n|-supereffective|p1b: Sylveon|1\n|-damage|p1b: Sylveon|0 fnt\n|faint|p1b: Sylveon\n|move|p1a: Slowking|Trick Room|p1a: Slowking\n|-fieldstart|move: Trick Room|[of] p1a: Slowking\n|\n|-weather|SunnyDay|[upkeep]\n|upkeep\n|turn|7\n|\n|t:|1776526911\n|move|p2a: Sneasler|Protect|p2a: Sneasler\n|-singleturn|p2a: Sneasler|Protect\n|move|p1a: Slowking|Sludge Bomb|p2a: Sneasler\n|-activate|p2a: Sneasler|move: Protect\n|\n|-weather|none\n|upkeep\n|turn|8\n|\n|t:|1776526926\n|move|p1a: Slowking|Sludge Bomb|p2a: Sneasler\n|-resisted|p2a: Sneasler|1\n|-damage|p2a: Sneasler|70/100\n|move|p2a: Sneasler|Dire Claw|p1a: Slowking\n|-resisted|p1a: Slowking|1\n|-damage|p1a: Slowking|77/100\n|\n|upkeep\n|turn|9\n|\n|t:|1776526936\n|move|p2a: Sneasler|Protect|p2a: Sneasler\n|-singleturn|p2a: Sneasler|Protect\n|move|p1a: Slowking|Sludge Bomb|p2a: Sneasler\n|-activate|p2a: Sneasler|move: Protect\n|\n|upkeep\n|turn|10\n|\n|t:|1776526944\n|move|p1a: Slowking|Sludge Bomb|p2a: Sneasler\n|-resisted|p2a: Sneasler|1\n|-damage|p2a: Sneasler|41/100\n|move|p2a: Sneasler|Dire Claw|p1a: Slowking\n|-resisted|p1a: Slowking|1\n|-damage|p1a: Slowking|55/100\n|-status|p1a: Slowking|par\n|\n|-fieldend|move: Trick Room\n|upkeep\n|turn|11\n|\n|t:|1776526955\n|move|p2a: Sneasler|Dire Claw|p2: Rotom|[notarget]\n|-fail|p2a: Sneasler\n|move|p1a: Slowking|Sludge Bomb|p2a: Sneasler\n|-resisted|p2a: Sneasler|1\n|-damage|p2a: Sneasler|14/100\n|\n|upkeep\n|turn|12\n|\n|t:|1776526964\n|move|p2a: Sneasler|Close Combat|p1a: Slowking\n|-resisted|p1a: Slowking|2\n|-damage|p1a: Slowking|38/100 par\n|-unboost|p2a: Sneasler|def|1\n|-unboost|p2a: Sneasler|spd|1\n|-enditem|p2a: Sneasler|White Herb\n|-clearnegativeboost|p2a: Sneasler|[silent]\n|cant|p1a: Slowking|par\n|\n|upkeep\n|turn|13\n|\n|t:|1776526974\n|move|p2a: Sneasler|Close Combat|p1a: Slowking\n|-resisted|p1a: Slowking|2\n|-damage|p1a: Slowking|22/100 par\n|-unboost|p2a: Sneasler|def|1\n|-unboost|p2a: Sneasler|spd|1\n|cant|p1a: Slowking|par\n|\n|upkeep\n|turn|14\n|\n|t:|1776526983\n|move|p2a: Sneasler|Dire Claw|p1a: Slowking\n|-resisted|p1a: Slowking|1\n|-damage|p1a: Slowking|1/100 par\n|move|p1a: Slowking|Sludge Bomb|p2a: Sneasler\n|-resisted|p2a: Sneasler|1\n|-damage|p2a: Sneasler|0 fnt\n|faint|p2a: Sneasler\n|\n|win|Gahandi\n|raw|Gahandi's rating: 1048 &rarr; <strong>1079</strong><br />(+31 for winning)\n|raw|xinsuo\u5fc3\u4e4b\u6240\u5f80's rating: 1028 &rarr; <strong>1015</strong><br />(-13 for losing)\n|l|\u2606xinsuo\u5fc3\u4e4b\u6240\u5f80\n|player|p2|\n",
  "uploadtime": 1776526991,
  "views": 13,
  "formatid": "gen9championsvgc2026regma",
  "rating": 1015,
  "private": 0,
  "password": null
}