{
  "id": "gen9championsvgc2026regma-2581239595",
  "format": "[Gen 9 Champions] VGC 2026 Reg M-A",
  "players": [
    "stggi",
    "morkemon"
  ],
  "log": "|j|\u2606stggi\n|j|\u2606morkemon\n|t:|1775974871\n|gametype|doubles\n|player|p1|stggi|iris|1080\n|player|p2|morkemon|biker-gen4|1148\n|gen|9\n|tier|[Gen 9 Champions] VGC 2026 Reg M-A\n|rated|\n|rule|Species Clause: Limit one of each Pok\u00e9mon\n|rule|Item Clause: Limit 1 of each item\n|clearpoke\n|poke|p1|Scovillain, L50, M|\n|poke|p1|Aurorus, L50, M|\n|poke|p1|Garchomp, L50, M|\n|poke|p1|Sinistcha-Masterpiece, L50|\n|poke|p1|Whimsicott, L50, M|\n|poke|p1|Steelix, L50, M|\n|poke|p2|Gengar, L50, M|\n|poke|p2|Maushold, L50|\n|poke|p2|Aerodactyl, L50, M|\n|poke|p2|Sneasler, L50, M|\n|poke|p2|Whimsicott, L50, M|\n|poke|p2|Incineroar, L50, F|\n|teampreview|4\n|inactive|Battle timer is ON: inactive players will automatically lose when time's up. (requested by stggi)\n|inactive|stggi has 60 seconds left.\n|\n|t:|1775974915\n|teamsize|p1|4\n|teamsize|p2|4\n|start\n|switch|p1a: Garchomp|Garchomp, L50, M, shiny|100/100\n|switch|p1b: Sinistcha|Sinistcha-Masterpiece, L50, shiny|100/100\n|switch|p2a: El Grito|Gengar, L50, M|100/100\n|switch|p2b: Over Here!|Maushold, L50|100/100\n|turn|1\n|\n|t:|1775974936\n|switch|p2a: El Flincho|Aerodactyl, L50, M|100/100\n|move|p1b: Sinistcha|Protect|p1b: Sinistcha\n|-singleturn|p1b: Sinistcha|Protect\n|move|p1a: Garchomp|Earthquake|p2b: Over Here!|[spread] p2b\n|-activate|p1b: Sinistcha|move: Protect\n|-immune|p2a: El Flincho\n|-damage|p2b: Over Here!|60/100\n|move|p2b: Over Here!|Super Fang|p1a: Garchomp\n|-damage|p1a: Garchomp|51/100\n|-damage|p2b: Over Here!|48/100|[from] ability: Rough Skin|[of] p1a: Garchomp\n|-enditem|p2b: Over Here!|Sitrus Berry|[eat]\n|-heal|p2b: Over Here!|73/100|[from] item: Sitrus Berry\n|\n|upkeep\n|turn|2\n|inactive|morkemon has 30 seconds left.\n|inactive|stggi has 30 seconds left.\n|\n|t:|1775974968\n|switch|p1a: Aurorus|Aurorus, L50, M, shiny|100/100\n|-weather|Snowscape|[from] ability: Snow Warning|[of] p1a: Aurorus\n|move|p2a: El Flincho|Wide Guard|p2a: El Flincho\n|-singleturn|p2a: El Flincho|Wide Guard\n|move|p2b: Over Here!|Super Fang|p1a: Aurorus\n|-damage|p1a: Aurorus|50/100\n|move|p1b: Sinistcha|Matcha Gotcha|p2b: Over Here!|[spread] \n|-activate|p2a: El Flincho|move: Wide Guard\n|-activate|p2b: Over Here!|move: Wide Guard\n|\n|-weather|Snowscape|[upkeep]\n|-heal|p1a: Aurorus|56/100|[from] item: Leftovers\n|upkeep\n|turn|3\n|\n|t:|1775974991\n|move|p2a: El Flincho|Dual Wingbeat|p1b: Sinistcha\n|-supereffective|p1b: Sinistcha|1\n|-damage|p1b: Sinistcha|54/100\n|-supereffective|p1b: Sinistcha|1\n|-damage|p1b: Sinistcha|5/100\n|-enditem|p1b: Sinistcha|Sitrus Berry|[eat]\n|-heal|p1b: Sinistcha|29/100|[from] item: Sitrus Berry\n|-hitcount|p1b: Sinistcha|2\n|move|p2b: Over Here!|Population Bomb|p1a: Aurorus\n|-resisted|p1a: Aurorus|1\n|-damage|p1a: Aurorus|55/100\n|-resisted|p1a: Aurorus|1\n|-damage|p1a: Aurorus|53/100\n|-resisted|p1a: Aurorus|1\n|-damage|p1a: Aurorus|52/100\n|-resisted|p1a: Aurorus|1\n|-damage|p1a: Aurorus|50/100\n|-hitcount|p1a: Aurorus|4\n|move|p1b: Sinistcha|Scald|p2a: El Flincho\n|-supereffective|p2a: El Flincho|1\n|-damage|p2a: El Flincho|33/100\n|move|p1a: Aurorus|Aurora Veil|p1a: Aurorus\n|-sidestart|p1: stggi|move: Aurora Veil\n|\n|-weather|Snowscape|[upkeep]\n|-heal|p1a: Aurorus|56/100|[from] item: Leftovers\n|upkeep\n|turn|4\n|inactive|stggi has 30 seconds left.\n|inactive|morkemon has 30 seconds left.\n|\n|t:|1775975021\n|switch|p2b: The Roar|Incineroar, L50, F|100/100\n|-ability|p2b: The Roar|Intimidate|boost\n|-unboost|p1a: Aurorus|atk|1\n|-unboost|p1b: Sinistcha|atk|1\n|move|p1b: Sinistcha|Protect|p1b: Sinistcha\n|-singleturn|p1b: Sinistcha|Protect\n|move|p2a: El Flincho|Rock Slide|p1a: Aurorus|[spread] p1a\n|-activate|p1b: Sinistcha|move: Protect\n|-supereffective|p1a: Aurorus|1\n|-damage|p1a: Aurorus|36/100\n|move|p1a: Aurorus|Ancient Power|p2a: El Flincho\n|-supereffective|p2a: El Flincho|1\n|-damage|p2a: El Flincho|0 fnt\n|faint|p2a: El Flincho\n|\n|-weather|Snowscape|[upkeep]\n|-heal|p1a: Aurorus|42/100|[from] item: Leftovers\n|upkeep\n|\n|t:|1775975038\n|switch|p2a: El Grito|Gengar, L50, M|100/100\n|turn|5\n|\n|t:|1775975051\n|detailschange|p2a: El Grito|Gengar-Mega, L50, M\n|-mega|p2a: El Grito|Gengar|Gengarite\n|move|p2b: The Roar|Fake Out|p1a: Aurorus\n|-resisted|p1a: Aurorus|1\n|-damage|p1a: Aurorus|40/100\n|move|p2a: El Grito|Shadow Ball|p1b: Sinistcha\n|-supereffective|p1b: Sinistcha|1\n|-damage|p1b: Sinistcha|0 fnt\n|faint|p1b: Sinistcha\n|cant|p1a: Aurorus|flinch\n|\n|-weather|Snowscape|[upkeep]\n|-heal|p1a: Aurorus|46/100|[from] item: Leftovers\n|upkeep\n|\n|t:|1775975065\n|switch|p1b: Garchomp|Garchomp, L50, M, shiny|51/100\n|turn|6\n|\n|t:|1775975088\n|switch|p2a: Over Here!|Maushold, L50|73/100\n|move|p1b: Garchomp|Rock Slide|p2b: The Roar|[spread] p2a,p2b\n|-supereffective|p2b: The Roar|1\n|-damage|p2a: Over Here!|51/100\n|-damage|p2b: The Roar|71/100\n|move|p2b: The Roar|Parting Shot|p1b: Garchomp\n|-unboost|p1b: Garchomp|atk|1\n|-unboost|p1b: Garchomp|spa|1\n|\n|t:|1775975098\n|switch|p2b: El Grito|Gengar-Mega, L50, M|100/100|[from] Parting Shot\n|move|p1a: Aurorus|Ancient Power|p2b: El Grito\n|-damage|p2b: El Grito|79/100\n|\n|-weather|none\n|-heal|p1a: Aurorus|52/100|[from] item: Leftovers\n|upkeep\n|turn|7\n|\n|t:|1775975122\n|move|p2a: Over Here!|Follow Me|p2a: Over Here!\n|-singleturn|p2a: Over Here!|move: Follow Me\n|move|p1b: Garchomp|Rock Slide|p2a: Over Here!|[spread] p2a,p2b\n|-damage|p2a: Over Here!|36/100\n|-damage|p2b: El Grito|60/100\n|move|p2b: El Grito|Shadow Ball|p1b: Garchomp\n|-damage|p1b: Garchomp|14/100\n|move|p1a: Aurorus|Ice Beam|p2a: Over Here!\n|-damage|p2a: Over Here!|0 fnt\n|faint|p2a: Over Here!\n|\n|-heal|p1a: Aurorus|58/100|[from] item: Leftovers\n|-sideend|p1: stggi|move: Aurora Veil\n|upkeep\n|\n|t:|1775975135\n|switch|p2a: The Roar|Incineroar, L50, F|71/100\n|-ability|p2a: The Roar|Intimidate|boost\n|-unboost|p1a: Aurorus|atk|1\n|-unboost|p1b: Garchomp|atk|1\n|turn|8\n|\n|t:|1775975148\n|move|p2a: The Roar|Fake Out|p1b: Garchomp\n|-crit|p1b: Garchomp\n|-damage|p1b: Garchomp|0 fnt\n|-damage|p2a: The Roar|58/100|[from] ability: Rough Skin|[of] p1b: Garchomp\n|faint|p1b: Garchomp\n|move|p2b: El Grito|Shadow Ball|p1a: Aurorus\n|-damage|p1a: Aurorus|21/100\n|move|p1a: Aurorus|Ancient Power|p2a: The Roar\n|-supereffective|p2a: The Roar|1\n|-damage|p2a: The Roar|23/100\n|\n|-heal|p2a: The Roar|29/100|[from] item: Leftovers\n|-heal|p1a: Aurorus|27/100|[from] item: Leftovers\n|upkeep\n|\n|t:|1775975162\n|switch|p1b: Steelix|Steelix, L50, M, shiny|100/100\n|turn|9\n|\n|t:|1775975173\n|detailschange|p1b: Steelix|Steelix-Mega, L50, M, shiny\n|-mega|p1b: Steelix|Steelix|Steelixite\n|move|p2b: El Grito|Shadow Ball|p1b: Steelix\n|-damage|p1b: Steelix|42/100\n|-unboost|p1b: Steelix|spd|1\n|move|p2a: The Roar|Flare Blitz|p1a: Aurorus\n|-damage|p1a: Aurorus|0 fnt\n|faint|p1a: Aurorus\n|-damage|p2a: The Roar|20/100|[from] Recoil\n|move|p1b: Steelix|High Horsepower|p2b: El Grito\n|-supereffective|p2b: El Grito|1\n|-damage|p2b: El Grito|0 fnt\n|faint|p2b: El Grito\n|\n|-heal|p2a: The Roar|26/100|[from] item: Leftovers\n|upkeep\n|turn|10\n|\n|t:|1775975192\n|move|p2a: The Roar|Flare Blitz|p1b: Steelix\n|-supereffective|p1b: Steelix|1\n|-damage|p1b: Steelix|0 fnt\n|faint|p1b: Steelix\n|-damage|p2a: The Roar|16/100|[from] Recoil\n|\n|win|morkemon\n|raw|stggi's rating: 1080 &rarr; <strong>1062</strong><br />(-18 for losing)\n|raw|morkemon's rating: 1148 &rarr; <strong>1168</strong><br />(+20 for winning)\n|l|\u2606stggi\n|player|p1|\n",
  "uploadtime": 1775975200,
  "views": 12,
  "formatid": "gen9championsvgc2026regma",
  "rating": 1062,
  "private": 0,
  "password": null
}