{
  "id": "gen9championsvgc2026regma-2588896400",
  "format": "[Gen 9 Champions] VGC 2026 Reg M-A",
  "players": [
    "notcheetofingers",
    "TethysPersevere"
  ],
  "log": "|j|\u2606notcheetofingers\n|j|\u2606TethysPersevere\n|t:|1776683552\n|gametype|doubles\n|player|p1|notcheetofingers|pokemaniac|1177\n|player|p2|TethysPersevere|lucas-gen4pt|1232\n|gen|9\n|tier|[Gen 9 Champions] VGC 2026 Reg M-A\n|rated|\n|rule|Species Clause: Limit one of each Pok\u00e9mon\n|rule|Item Clause: Limit 1 of each item\n|clearpoke\n|poke|p1|Ampharos, L50, M|\n|poke|p1|Klefki, L50, F|\n|poke|p1|Farigiraf, L50, M|\n|poke|p1|Primarina, L50, M|\n|poke|p1|Incineroar, L50, M|\n|poke|p1|Snorlax, L50, M|\n|poke|p2|Typhlosion, L50, F|\n|poke|p2|Whimsicott, L50, M|\n|poke|p2|Charizard, L50, M|\n|poke|p2|Garchomp, L50, F|\n|poke|p2|Rotom-Wash, L50|\n|poke|p2|Kingambit, L50, M|\n|teampreview|4\n|\n|t:|1776683590\n|teamsize|p1|4\n|teamsize|p2|4\n|start\n|switch|p1a: Klefki|Klefki, L50, F|100/100\n|switch|p1b: Primarina|Primarina, L50, M|100/100\n|switch|p2a: Whimsicott|Whimsicott, L50, M|100/100\n|switch|p2b: Kingambit|Kingambit, L50, M|100/100\n|turn|1\n|\n|t:|1776683625\n|switch|p1b: Snorlax|Snorlax, L50, M|100/100\n|move|p2b: Kingambit|Protect|p2b: Kingambit\n|-singleturn|p2b: Kingambit|Protect\n|move|p2a: Whimsicott|Tailwind|p2a: Whimsicott\n|-sidestart|p2: TethysPersevere|move: Tailwind\n|move|p1a: Klefki|Foul Play|p2a: Whimsicott\n|-resisted|p2a: Whimsicott|1\n|-damage|p2a: Whimsicott|90/100\n|\n|upkeep\n|turn|2\n|\n|t:|1776683670\n|move|p1b: Snorlax|Protect|p1b: Snorlax\n|-singleturn|p1b: Snorlax|Protect\n|move|p2a: Whimsicott|Encore|p1a: Klefki\n|-start|p1a: Klefki|Encore\n|-enditem|p1a: Klefki|Mental Herb\n|-end|p1a: Klefki|Encore\n|move|p2b: Kingambit|Iron Head|p1b: Snorlax\n|-activate|p1b: Snorlax|move: Protect\n|move|p1a: Klefki|Trick Room|p1a: Klefki\n|-fieldstart|move: Trick Room|[of] p1a: Klefki\n|\n|upkeep\n|turn|3\n|\n|t:|1776683699\n|move|p1a: Klefki|Protect|p1a: Klefki\n|-singleturn|p1a: Klefki|Protect\n|move|p2b: Kingambit|Sucker Punch||[still]\n|-fail|p2b: Kingambit\n|move|p2a: Whimsicott|Encore|p1a: Klefki\n|-activate|p1a: Klefki|move: Protect\n|move|p1b: Snorlax|Curse|p1b: Snorlax\n|-unboost|p1b: Snorlax|spe|1\n|-boost|p1b: Snorlax|atk|1\n|-boost|p1b: Snorlax|def|1\n|\n|upkeep\n|turn|4\n|\n|t:|1776683724\n|switch|p1a: Primarina|Primarina, L50, M|100/100\n|move|p2a: Whimsicott|Encore||[still]\n|-fail|p2a: Whimsicott\n|move|p1b: Snorlax|Double-Edge|p2a: Whimsicott\n|-damage|p2a: Whimsicott|0 fnt\n|faint|p2a: Whimsicott\n|-damage|p1b: Snorlax|85/100|[from] Recoil\n|move|p2b: Kingambit|Iron Head|p1a: Primarina\n|-damage|p1a: Primarina|46/100\n|\n|-heal|p1b: Snorlax|91/100|[from] item: Leftovers\n|-sideend|p2: TethysPersevere|move: Tailwind\n|upkeep\n|\n|t:|1776683739\n|switch|p2a: Charizard|Charizard, L50, M|100/100\n|turn|5\n|\n|t:|1776683784\n|move|p2a: Charizard|Protect|p2a: Charizard\n|-singleturn|p2a: Charizard|Protect\n|move|p1b: Snorlax|High Horsepower|p2b: Kingambit|[miss]\n|-miss|p1b: Snorlax|p2b: Kingambit\n|move|p2b: Kingambit|Iron Head|p1a: Primarina\n|-damage|p1a: Primarina|0 fnt\n|faint|p1a: Primarina\n|\n|-heal|p1b: Snorlax|97/100|[from] item: Leftovers\n|upkeep\n|\n|t:|1776683793\n|switch|p1a: Klefki|Klefki, L50, F|100/100\n|turn|6\n|\n|t:|1776683839\n|detailschange|p2a: Charizard|Charizard-Mega-Y, L50, M\n|-mega|p2a: Charizard|Charizard|Charizardite Y\n|-weather|SunnyDay|[from] ability: Drought|[of] p2a: Charizard\n|move|p1a: Klefki|Rain Dance|p1a: Klefki\n|-weather|RainDance\n|move|p1b: Snorlax|Curse|p1b: Snorlax\n|-unboost|p1b: Snorlax|spe|1\n|-boost|p1b: Snorlax|atk|1\n|-boost|p1b: Snorlax|def|1\n|move|p2b: Kingambit|Iron Head|p1a: Klefki\n|-damage|p1a: Klefki|51/100\n|move|p2a: Charizard|Weather Ball|p1b: Snorlax\n|-damage|p1b: Snorlax|58/100\n|\n|-weather|RainDance|[upkeep]\n|-heal|p1b: Snorlax|65/100|[from] item: Leftovers\n|-fieldend|move: Trick Room\n|upkeep\n|turn|7\n|\n|t:|1776683875\n|switch|p2a: Typhlosion|Typhlosion, L50, F|100/100\n|move|p1a: Klefki|Protect|p1a: Klefki\n|-singleturn|p1a: Klefki|Protect\n|move|p2b: Kingambit|Iron Head|p1a: Klefki\n|-activate|p1a: Klefki|move: Protect\n|move|p1b: Snorlax|High Horsepower|p2b: Kingambit\n|-supereffective|p2b: Kingambit|1\n|-damage|p2b: Kingambit|16/100\n|\n|-weather|RainDance|[upkeep]\n|-heal|p1b: Snorlax|71/100|[from] item: Leftovers\n|upkeep\n|turn|8\n|\n|t:|1776683926\n|move|p2a: Typhlosion|Protect|p2a: Typhlosion\n|-singleturn|p2a: Typhlosion|Protect\n|move|p1a: Klefki|Rain Dance||[still]\n|-fail|p1a: Klefki\n|move|p2b: Kingambit|Iron Head|p1a: Klefki\n|-damage|p1a: Klefki|2/100\n|move|p1b: Snorlax|Double-Edge|p2b: Kingambit\n|-resisted|p2b: Kingambit|1\n|-crit|p2b: Kingambit\n|-damage|p2b: Kingambit|0 fnt\n|faint|p2b: Kingambit\n|-damage|p1b: Snorlax|67/100|[from] Recoil\n|\n|-weather|RainDance|[upkeep]\n|-heal|p1b: Snorlax|74/100|[from] item: Leftovers\n|upkeep\n|\n|t:|1776683939\n|switch|p2b: Charizard|Charizard-Mega-Y, L50, M|100/100\n|-weather|SunnyDay|[from] ability: Drought|[of] p2b: Charizard\n|turn|9\n|inactive|Battle timer is ON: inactive players will automatically lose when time's up. (requested by TethysPersevere)\n|\n|t:|1776683972\n|move|p1a: Klefki|Rain Dance|p1a: Klefki\n|-weather|RainDance\n|move|p2b: Charizard|Weather Ball|p1b: Snorlax\n|-damage|p1b: Snorlax|33/100\n|move|p2a: Typhlosion|Eruption|p1b: Snorlax|[spread] p1a,p1b\n|-supereffective|p1a: Klefki|1\n|-damage|p1a: Klefki|0 fnt\n|-damage|p1b: Snorlax|23/100\n|faint|p1a: Klefki\n|move|p1b: Snorlax|Double-Edge|p2a: Typhlosion\n|-damage|p2a: Typhlosion|0 fnt\n|faint|p2a: Typhlosion\n|-damage|p1b: Snorlax|3/100|[from] Recoil\n|\n|-weather|RainDance|[upkeep]\n|-heal|p1b: Snorlax|9/100|[from] item: Leftovers\n|upkeep\n|\n|t:|1776683986\n|switch|p1a: Incineroar|Incineroar, L50, M|100/100\n|-ability|p1a: Incineroar|Intimidate|boost\n|-unboost|p2b: Charizard|atk|1\n|turn|10\n|\n|t:|1776683994\n|move|p1a: Incineroar|Fake Out|p2b: Charizard\n|-damage|p2b: Charizard|82/100\n|cant|p2b: Charizard|flinch\n|move|p1b: Snorlax|Double-Edge|p2b: Charizard\n|-damage|p2b: Charizard|0 fnt\n|faint|p2b: Charizard\n|-damage|p1b: Snorlax|0 fnt|[from] Recoil\n|faint|p1b: Snorlax\n|\n|win|notcheetofingers\n|raw|notcheetofingers's rating: 1177 &rarr; <strong>1206</strong><br />(+29 for winning)\n|raw|TethysPersevere's rating: 1232 &rarr; <strong>1203</strong><br />(-29 for losing)\n|l|\u2606TethysPersevere\n|player|p2|\n",
  "uploadtime": 1776684003,
  "views": 22,
  "formatid": "gen9championsvgc2026regma",
  "rating": 1203,
  "private": 0,
  "password": null
}