{
  "id": "gen9championsvgc2026regma-2586310549",
  "format": "[Gen 9 Champions] VGC 2026 Reg M-A",
  "players": [
    "Ongalabong",
    "Psicopatic"
  ],
  "log": "|j|\u2606Ongalabong\n|j|\u2606Psicopatic\n|t:|1776423980\n|gametype|doubles\n|player|p1|Ongalabong|benga|1389\n|player|p2|Psicopatic|102|1411\n|gen|9\n|tier|[Gen 9 Champions] VGC 2026 Reg M-A\n|rated|\n|rule|Species Clause: Limit one of each Pok\u00e9mon\n|rule|Item Clause: Limit 1 of each item\n|clearpoke\n|poke|p1|Crabominable, L50, F|\n|poke|p1|Farigiraf, L50, M|\n|poke|p1|Incineroar, L50, M|\n|poke|p1|Venusaur, L50, F|\n|poke|p1|Basculegion, L50, M|\n|poke|p1|Ninetales-Alola, L50, F|\n|poke|p2|Aerodactyl, L50, F|\n|poke|p2|Floette-Eternal, L50, F|\n|poke|p2|Sneasler, L50, M|\n|poke|p2|Basculegion, L50, M|\n|poke|p2|Delphox, L50, F|\n|poke|p2|Kingambit, L50, M|\n|teampreview|4\n|\n|t:|1776424021\n|teamsize|p1|4\n|teamsize|p2|4\n|start\n|switch|p1a: Farigiraf|Farigiraf, L50, M|100/100\n|switch|p1b: Basculegion|Basculegion, L50, M|100/100\n|switch|p2a: Aerodactyl|Aerodactyl, L50, F|100/100\n|switch|p2b: Floette|Floette-Eternal, L50, F|100/100\n|-ability|p2a: Aerodactyl|Unnerve\n|turn|1\n|inactive|Battle timer is ON: inactive players will automatically lose when time's up. (requested by Psicopatic)\n|inactive|Ongalabong has 60 seconds left.\n|inactive|Psicopatic has 60 seconds left.\n|\n|t:|1776424067\n|detailschange|p2b: Floette|Floette-Mega, L50, F\n|-mega|p2b: Floette|Floette|Floettite\n|-ability|p2b: Floette|Fairy Aura\n|move|p1b: Basculegion|Flip Turn|p2a: Aerodactyl\n|-supereffective|p2a: Aerodactyl|1\n|-enditem|p2a: Aerodactyl|Focus Sash\n|-damage|p2a: Aerodactyl|1/100\n|\n|t:|1776424074\n|switch|p1b: Incineroar|Incineroar, L50, M|100/100|[from] Flip Turn\n|-ability|p1b: Incineroar|Intimidate|boost\n|-unboost|p2a: Aerodactyl|atk|1\n|-unboost|p2b: Floette|atk|1\n|move|p2a: Aerodactyl|Taunt|p1a: Farigiraf\n|-start|p1a: Farigiraf|move: Taunt\n|move|p2b: Floette|Moonblast|p1b: Incineroar\n|-damage|p1b: Incineroar|40/100\n|cant|p1a: Farigiraf|move: Taunt|Trick Room\n|\n|upkeep\n|turn|2\n|\n|t:|1776424099\n|switch|p2a: Kingambit|Kingambit, L50, M|100/100\n|-enditem|p1b: Incineroar|Sitrus Berry|[eat]\n|-heal|p1b: Incineroar|64/100|[from] item: Sitrus Berry\n|move|p2b: Floette|Moonblast|p1b: Incineroar\n|-damage|p1b: Incineroar|8/100\n|move|p1b: Incineroar|Parting Shot|p2b: Floette\n|-unboost|p2b: Floette|atk|1\n|-unboost|p2b: Floette|spa|1\n|\n|t:|1776424110\n|switch|p1b: Crabominable|Crabominable, L50, F|100/100|[from] Parting Shot\n|move|p1a: Farigiraf|Hyper Voice|p2a: Kingambit|[spread] p2a,p2b\n|-resisted|p2a: Kingambit|1\n|-damage|p2a: Kingambit|87/100\n|-damage|p2b: Floette|79/100\n|\n|upkeep\n|turn|3\n|inactive|Psicopatic has 30 seconds left.\n|\n|t:|1776424137\n|switch|p1a: Incineroar|Incineroar, L50, M|8/100\n|-ability|p1a: Incineroar|Intimidate|boost\n|-unboost|p2a: Kingambit|atk|1\n|-ability|p2a: Kingambit|Defiant|boost\n|-boost|p2a: Kingambit|atk|2\n|-unboost|p2b: Floette|atk|1\n|detailschange|p1b: Crabominable|Crabominable-Mega, L50, F\n|-mega|p1b: Crabominable|Crabominable|Crabominite\n|move|p2b: Floette|Moonblast|p1b: Crabominable\n|-supereffective|p1b: Crabominable|1\n|-damage|p1b: Crabominable|9/100\n|move|p2a: Kingambit|Iron Head|p1a: Incineroar\n|-resisted|p1a: Incineroar|1\n|-damage|p1a: Incineroar|0 fnt\n|faint|p1a: Incineroar\n|move|p1b: Crabominable|Drain Punch|p2a: Kingambit\n|-supereffective|p2a: Kingambit|2\n|-damage|p2a: Kingambit|0 fnt\n|-heal|p1b: Crabominable|53/100|[from] drain|[of] p2a: Kingambit\n|faint|p2a: Kingambit\n|\n|upkeep\n|inactive|Ongalabong has 30 seconds left.\n|inactive|Ongalabong has 20 seconds left.\n|\n|t:|1776424174\n|switch|p1a: Farigiraf|Farigiraf, L50, M|100/100\n|switch|p2a: Basculegion|Basculegion, L50, M|100/100\n|turn|4\n|\n|t:|1776424181\n|move|p1b: Crabominable|Protect|p1b: Crabominable\n|-singleturn|p1b: Crabominable|Protect\n|move|p2a: Basculegion|Wave Crash|p1a: Farigiraf\n|-damage|p1a: Farigiraf|31/100\n|-damage|p2a: Basculegion|74/100|[from] Recoil\n|move|p2b: Floette|Light of Ruin|p1a: Farigiraf|[miss]\n|-miss|p2b: Floette|p1a: Farigiraf\n|move|p1a: Farigiraf|Trick Room|p1a: Farigiraf\n|-fieldstart|move: Trick Room|[of] p1a: Farigiraf\n|\n|upkeep\n|turn|5\n|c|\u2606Psicopatic|:(\n|\n|t:|1776424198\n|switch|p2a: Aerodactyl|Aerodactyl, L50, F|1/100\n|-ability|p2a: Aerodactyl|Unnerve\n|move|p2b: Floette|Protect|p2b: Floette\n|-singleturn|p2b: Floette|Protect\n|move|p1b: Crabominable|Ice Hammer|p2b: Floette\n|-activate|p2b: Floette|move: Protect\n|move|p1a: Farigiraf|Psychic|p2a: Aerodactyl\n|-damage|p2a: Aerodactyl|0 fnt\n|faint|p2a: Aerodactyl\n|\n|upkeep\n|\n|t:|1776424201\n|switch|p2a: Basculegion|Basculegion, L50, M|74/100\n|turn|6\n|\n|t:|1776424209\n|move|p1a: Farigiraf|Helping Hand|p1b: Crabominable\n|-singleturn|p1b: Crabominable|Helping Hand|[of] p1a: Farigiraf\n|move|p1b: Crabominable|Ice Hammer|p2b: Floette\n|-damage|p2b: Floette|0 fnt\n|-unboost|p1b: Crabominable|spe|1\n|faint|p2b: Floette\n|move|p2a: Basculegion|Wave Crash|p1a: Farigiraf\n|-damage|p1a: Farigiraf|0 fnt\n|faint|p1a: Farigiraf\n|-damage|p2a: Basculegion|62/100|[from] Recoil\n|\n|upkeep\n|\n|t:|1776424213\n|switch|p1a: Basculegion|Basculegion, L50, M|100/100\n|turn|7\n|-message|Psicopatic forfeited.\n|\n|win|Ongalabong\n|raw|Ongalabong's rating: 1389 &rarr; <strong>1410</strong><br />(+21 for winning)\n|raw|Psicopatic's rating: 1411 &rarr; <strong>1390</strong><br />(-21 for losing)\n|l|\u2606Psicopatic\n|player|p2|\n",
  "uploadtime": 1776424222,
  "views": 61,
  "formatid": "gen9championsvgc2026regma",
  "rating": 1390,
  "private": 0,
  "password": null
}