{
  "id": "gen9championsvgc2026regma-2586157434",
  "format": "[Gen 9 Champions] VGC 2026 Reg M-A",
  "players": [
    "Kolbalt",
    "forker1112"
  ],
  "log": "|j|\u2606Kolbalt\n|j|\u2606forker1112\n|t:|1776406299\n|gametype|doubles\n|player|p1|Kolbalt|rosa|1219\n|player|p2|forker1112|chili|1225\n|gen|9\n|tier|[Gen 9 Champions] VGC 2026 Reg M-A\n|rated|\n|rule|Species Clause: Limit one of each Pok\u00e9mon\n|rule|Item Clause: Limit 1 of each item\n|clearpoke\n|poke|p1|Primarina, L50, M|\n|poke|p1|Kingambit, L50, F|\n|poke|p1|Zoroark-Hisui, L50, M|\n|poke|p1|Volcarona, L50, F|\n|poke|p1|Lucario, L50, F|\n|poke|p1|Dragonite, L50, M|\n|poke|p2|Torkoal, L50, F|\n|poke|p2|Farigiraf, L50, F|\n|poke|p2|Incineroar, L50, F|\n|poke|p2|Kingambit, L50, F|\n|poke|p2|Meganium, L50, M|\n|poke|p2|Crabominable, L50, F|\n|teampreview|4\n|\n|t:|1776406353\n|teamsize|p1|4\n|teamsize|p2|4\n|start\n|switch|p1a: Kingambit|Kingambit, L50, F|100/100\n|switch|p1b: Volcarona|Volcarona, L50, F|100/100\n|switch|p2a: Incineroar|Incineroar, L50, F|100/100\n|switch|p2b: Farigiraf|Farigiraf, L50, F|100/100\n|-ability|p2a: Incineroar|Intimidate|boost\n|-unboost|p1a: Kingambit|atk|1\n|-ability|p1a: Kingambit|Defiant|boost\n|-boost|p1a: Kingambit|atk|2\n|-unboost|p1b: Volcarona|atk|1\n|turn|1\n|\n|t:|1776406370\n|move|p2b: Farigiraf|Protect|p2b: Farigiraf\n|-singleturn|p2b: Farigiraf|Protect\n|move|p1b: Volcarona|Rage Powder|p1b: Volcarona\n|-singleturn|p1b: Volcarona|move: Rage Powder\n|move|p2a: Incineroar|Darkest Lariat|p1b: Volcarona\n|-damage|p1b: Volcarona|51/100\n|move|p1a: Kingambit|Kowtow Cleave|p2b: Farigiraf\n|-activate|p2b: Farigiraf|move: Protect\n|\n|upkeep\n|turn|2\n|\n|t:|1776406404\n|switch|p2b: Kingambit|Kingambit, L50, F|100/100\n|move|p1b: Volcarona|Tailwind|p1b: Volcarona\n|-sidestart|p1: Kolbalt|move: Tailwind\n|move|p1a: Kingambit|Kowtow Cleave|p2b: Kingambit\n|-resisted|p2b: Kingambit|1\n|-damage|p2b: Kingambit|65/100\n|move|p2a: Incineroar|Flare Blitz|p1b: Volcarona\n|-damage|p1b: Volcarona|0 fnt\n|faint|p1b: Volcarona\n|-damage|p2a: Incineroar|86/100|[from] Recoil\n|\n|upkeep\n|\n|t:|1776406408\n|switch|p1b: Dragonite|Dragonite, L50, M|100/100\n|turn|3\n|\n|t:|1776406424\n|move|p1b: Dragonite|Hyper Voice|p2a: Incineroar|[spread] p2a,p2b\n|-resisted|p2b: Kingambit|1\n|-damage|p2a: Incineroar|50/100\n|-damage|p2b: Kingambit|49/100\n|-enditem|p2a: Incineroar|Sitrus Berry|[eat]\n|-heal|p2a: Incineroar|75/100|[from] item: Sitrus Berry\n|move|p1a: Kingambit|Low Kick|p2b: Kingambit\n|-supereffective|p2b: Kingambit|2\n|-damage|p2b: Kingambit|0 fnt\n|faint|p2b: Kingambit\n|move|p2a: Incineroar|Parting Shot|p1b: Dragonite\n|-unboost|p1b: Dragonite|atk|1\n|-unboost|p1b: Dragonite|spa|1\n|\n|t:|1776406437\n|switch|p2a: Crabominable|Crabominable, L50, F|100/100|[from] Parting Shot\n|\n|upkeep\n|\n|t:|1776406440\n|switch|p2b: Incineroar|Incineroar, L50, F|75/100\n|-ability|p2b: Incineroar|Intimidate|boost\n|-unboost|p1a: Kingambit|atk|1\n|-ability|p1a: Kingambit|Defiant|boost\n|-boost|p1a: Kingambit|atk|2\n|-unboost|p1b: Dragonite|atk|1\n|turn|4\n|\n|t:|1776406450\n|switch|p1b: Dragonite|Dragonite, L50, M|100/100\n|detailschange|p2a: Crabominable|Crabominable-Mega, L50, F\n|-mega|p2a: Crabominable|Crabominable|Crabominite\n|move|p1a: Kingambit|Protect|p1a: Kingambit\n|-singleturn|p1a: Kingambit|Protect\n|move|p2a: Crabominable|Mach Punch|p1a: Kingambit\n|-activate|p1a: Kingambit|move: Protect\n|move|p2b: Incineroar|Darkest Lariat|p1b: Dragonite\n|-damage|p1b: Dragonite|81/100\n|\n|upkeep\n|turn|5\n|inactive|Battle timer is ON: inactive players will automatically lose when time's up. (requested by forker1112)\n|\n|t:|1776406509\n|detailschange|p1b: Dragonite|Dragonite-Mega, L50, M\n|-mega|p1b: Dragonite|Dragonite|Dragoninite\n|move|p1b: Dragonite|Hurricane|p2a: Crabominable|[miss]\n|-miss|p1b: Dragonite|p2a: Crabominable\n|move|p1a: Kingambit|Kowtow Cleave|p2a: Crabominable\n|-resisted|p2a: Crabominable|1\n|-damage|p2a: Crabominable|59/100\n|move|p2b: Incineroar|Flare Blitz|p1a: Kingambit\n|-supereffective|p1a: Kingambit|1\n|-damage|p1a: Kingambit|37/100\n|-damage|p2b: Incineroar|54/100|[from] Recoil\n|move|p2a: Crabominable|Ice Hammer|p1b: Dragonite\n|-supereffective|p1b: Dragonite|2\n|-damage|p1b: Dragonite|0 fnt\n|-unboost|p2a: Crabominable|spe|1\n|faint|p1b: Dragonite\n|\n|-sideend|p1: Kolbalt|move: Tailwind\n|upkeep\n|\n|t:|1776406513\n|switch|p1b: Zoroark|Zoroark-Hisui, L50, M|100/100\n|turn|6\n|\n|t:|1776406526\n|move|p1a: Kingambit|Protect|p1a: Kingambit\n|-singleturn|p1a: Kingambit|Protect\n|move|p2a: Crabominable|Mach Punch|p1a: Kingambit\n|-activate|p1a: Kingambit|move: Protect\n|move|p1b: Zoroark|Hyper Voice|p2a: Crabominable|[spread] p2a,p2b\n|-damage|p2a: Crabominable|31/100\n|-damage|p2b: Incineroar|20/100\n|move|p2b: Incineroar|Darkest Lariat|p1b: Zoroark\n|-supereffective|p1b: Zoroark|1\n|-enditem|p1b: Zoroark|Focus Sash\n|-damage|p1b: Zoroark|1/100\n|\n|upkeep\n|turn|7\n|\n|t:|1776406541\n|move|p1a: Kingambit|Sucker Punch|p2a: Crabominable\n|-resisted|p2a: Crabominable|1\n|-damage|p2a: Crabominable|0 fnt\n|faint|p2a: Crabominable\n|move|p1b: Zoroark|Icy Wind|p2b: Incineroar\n|-resisted|p2b: Incineroar|1\n|-damage|p2b: Incineroar|11/100\n|-unboost|p2b: Incineroar|spe|1\n|move|p2b: Incineroar|Darkest Lariat|p1b: Zoroark\n|-supereffective|p1b: Zoroark|1\n|-damage|p1b: Zoroark|0 fnt\n|faint|p1b: Zoroark\n|\n|upkeep\n|\n|t:|1776406547\n|switch|p2a: Farigiraf|Farigiraf, L50, F|100/100\n|turn|8\n|\n|t:|1776406562\n|move|p2a: Farigiraf|Protect|p2a: Farigiraf\n|-singleturn|p2a: Farigiraf|Protect\n|move|p1a: Kingambit|Kowtow Cleave|p2b: Incineroar\n|-resisted|p2b: Incineroar|1\n|-damage|p2b: Incineroar|0 fnt\n|faint|p2b: Incineroar\n|\n|upkeep\n|turn|9\n|-message|forker1112 forfeited.\n|\n|win|Kolbalt\n|raw|Kolbalt's rating: 1219 &rarr; <strong>1244</strong><br />(+25 for winning)\n|raw|forker1112's rating: 1225 &rarr; <strong>1200</strong><br />(-25 for losing)\n|l|\u2606forker1112\n|player|p2|\n",
  "uploadtime": 1776406580,
  "views": 27,
  "formatid": "gen9championsvgc2026regma",
  "rating": 1200,
  "private": 0,
  "password": null
}