{
  "id": "gen9championsvgc2026regma-2588731953",
  "format": "[Gen 9 Champions] VGC 2026 Reg M-A",
  "players": [
    "Coldblooded0706",
    "karlo6969"
  ],
  "log": "|j|\u2606Coldblooded0706\n|j|\u2606karlo6969\n|t:|1776663319\n|gametype|doubles\n|player|p1|Coldblooded0706|101|1455\n|player|p2|karlo6969|266|1401\n|gen|9\n|tier|[Gen 9 Champions] VGC 2026 Reg M-A\n|rated|\n|rule|Species Clause: Limit one of each Pok\u00e9mon\n|rule|Item Clause: Limit 1 of each item\n|clearpoke\n|poke|p1|Whimsicott, L50, F|\n|poke|p1|Tyranitar, L50, M|\n|poke|p1|Excadrill, L50, F|\n|poke|p1|Rotom-Wash, L50|\n|poke|p1|Delphox, L50, F|\n|poke|p1|Farigiraf, L50, F|\n|poke|p2|Gengar, L50, M|\n|poke|p2|Politoed, L50, F, shiny|\n|poke|p2|Incineroar, L50, M|\n|poke|p2|Sableye, L50, M|\n|poke|p2|Kingambit, L50, F|\n|poke|p2|Sneasler, L50, M|\n|teampreview|4\n|inactive|Battle timer is ON: inactive players will automatically lose when time's up. (requested by Coldblooded0706)\nColdblooded0706 has agreed to open team sheets.\n|j| Alice369\n|inactive|Coldblooded0706 has 60 seconds left.\n|inactive|karlo6969 has 60 seconds left.\n|inactive|karlo6969 has 30 seconds left.\n|inactive|karlo6969 has 20 seconds left.\n|inactive|karlo6969 has 15 seconds left.\n|inactive|karlo6969 has 10 seconds left.\n|inactive|karlo6969 has 5 seconds left.\n|\n|t:|1776663409\n|teamsize|p1|4\n|teamsize|p2|4\n|start\n|switch|p1a: Excadrill|Excadrill, L50, F|100/100\n|switch|p1b: Rotom|Rotom-Wash, L50|100/100\n|switch|p2a: Sida|Incineroar, L50, M|100/100\n|switch|p2b: Kingambit|Kingambit, L50, F|100/100\n|-ability|p2a: Sida|Intimidate|boost\n|-unboost|p1a: Excadrill|atk|1\n|-unboost|p1b: Rotom|atk|1\n|turn|1\n|\n|t:|1776663431\n|move|p1a: Excadrill|Protect|p1a: Excadrill\n|-singleturn|p1a: Excadrill|Protect\n|move|p2b: Kingambit|Protect|p2b: Kingambit\n|-singleturn|p2b: Kingambit|Protect\n|move|p2a: Sida|Fake Out|p1a: Excadrill\n|-activate|p1a: Excadrill|move: Protect\n|move|p1b: Rotom|Hydro Pump|p2b: Kingambit\n|-activate|p2b: Kingambit|move: Protect\n|\n|upkeep\n|turn|2\n|inactive|karlo6969 has 30 seconds left.\n|inactive|karlo6969 has 20 seconds left.\n|\n|t:|1776663468\n|move|p1b: Rotom|Hydro Pump|p2a: Sida\n|-supereffective|p2a: Sida|1\n|-damage|p2a: Sida|16/100\n|-enditem|p2a: Sida|Sitrus Berry|[eat]\n|-heal|p2a: Sida|41/100|[from] item: Sitrus Berry\n|move|p1a: Excadrill|Earthquake|p2a: Sida|[spread] p2a,p2b\n|-immune|p1b: Rotom|[from] ability: Levitate\n|-supereffective|p2a: Sida|1\n|-supereffective|p2b: Kingambit|1\n|-damage|p2a: Sida|0 fnt\n|-damage|p2b: Kingambit|40/100\n|faint|p2a: Sida\n|move|p2b: Kingambit|Low Kick|p1a: Excadrill\n|-supereffective|p1a: Excadrill|1\n|-damage|p1a: Excadrill|38/100\n|\n|upkeep\n|\n|t:|1776663483\n|switch|p2a: Pasterokl|Sableye, L50, M|100/100\n|turn|3\n|\n|t:|1776663497\n|switch|p1a: Farigiraf|Farigiraf, L50, F|100/100\n|move|p2b: Kingambit|Sucker Punch||[still]\n|cant|p1a: Farigiraf|ability: Armor Tail|Sucker Punch|[of] p2b: Kingambit\n|move|p2a: Pasterokl|Disable||[still]\n|cant|p1a: Farigiraf|ability: Armor Tail|Disable|[of] p2a: Pasterokl\n|move|p1b: Rotom|Hydro Pump|p2b: Kingambit\n|-damage|p2b: Kingambit|0 fnt\n|faint|p2b: Kingambit\n|\n|upkeep\n|\n|t:|1776663503\n|switch|p2b: Sophie|Politoed, L50, F, shiny|100/100\n|-weather|RainDance|[from] ability: Drizzle|[of] p2b: Sophie\n|turn|4\n|\n|t:|1776663515\n|move|p1b: Rotom|Hydro Pump|p2a: Pasterokl|[miss]\n|-miss|p1b: Rotom|p2a: Pasterokl\n|move|p1a: Farigiraf|Hyper Voice|p2a: Pasterokl|[spread] p2b\n|-immune|p2a: Pasterokl\n|-damage|p2b: Sophie|73/100\n|move|p2b: Sophie|Weather Ball|p1a: Farigiraf\n|-damage|p1a: Farigiraf|39/100\n|-enditem|p1a: Farigiraf|Sitrus Berry|[eat]\n|-heal|p1a: Farigiraf|64/100|[from] item: Sitrus Berry\n|move|p2a: Pasterokl|Foul Play|p1a: Farigiraf\n|-supereffective|p1a: Farigiraf|1\n|-damage|p1a: Farigiraf|8/100\n|\n|-weather|RainDance|[upkeep]\n|-heal|p2b: Sophie|79/100|[from] item: Leftovers\n|upkeep\n|turn|5\n|inactive|Coldblooded0706 has 30 seconds left.\n|inactive|karlo6969 has 30 seconds left.\n|inactive|Coldblooded0706 has 20 seconds left.\n|\n|t:|1776663554\n|switch|p1b: Tyranitar|Tyranitar, L50, M|100/100\n|-weather|Sandstorm|[from] ability: Sand Stream|[of] p1b: Tyranitar\n|switch|p1a: Excadrill|Excadrill, L50, F|38/100\n|move|p2b: Sophie|Protect|p2b: Sophie\n|-singleturn|p2b: Sophie|Protect\n|move|p2a: Pasterokl|Foul Play|p1a: Excadrill\n|-damage|p1a: Excadrill|0 fnt\n|faint|p1a: Excadrill\n|\n|-weather|Sandstorm|[upkeep]\n|-damage|p2b: Sophie|73/100|[from] Sandstorm\n|-damage|p2a: Pasterokl|95/100|[from] Sandstorm\n|-heal|p2b: Sophie|79/100|[from] item: Leftovers\n|upkeep\n|\n|t:|1776663567\n|switch|p1a: Rotom|Rotom-Wash, L50|100/100\n|turn|6\n|inactive|karlo6969 has 30 seconds left.\n|\n|t:|1776663597\n|detailschange|p1b: Tyranitar|Tyranitar-Mega, L50, M\n|-mega|p1b: Tyranitar|Tyranitar|Tyranitarite\n|move|p2a: Pasterokl|Protect|p2a: Pasterokl\n|-singleturn|p2a: Pasterokl|Protect\n|move|p1a: Rotom|Volt Switch|p2a: Pasterokl\n|-activate|p2a: Pasterokl|move: Protect\n|move|p1b: Tyranitar|Rock Slide|p2b: Sophie|[spread] p2b\n|-activate|p2a: Pasterokl|move: Protect\n|-damage|p2b: Sophie|43/100\n|cant|p2b: Sophie|flinch\n|\n|-weather|Sandstorm|[upkeep]\n|-damage|p1a: Rotom|95/100|[from] Sandstorm\n|-damage|p2b: Sophie|37/100|[from] Sandstorm\n|-damage|p2a: Pasterokl|89/100|[from] Sandstorm\n|-heal|p2b: Sophie|43/100|[from] item: Leftovers\n|upkeep\n|turn|7\n|j| Winieska Rambulera\n|\n|t:|1776663616\n|switch|p1b: Farigiraf|Farigiraf, L50, F|8/100\n|move|p2b: Sophie|Protect|p2b: Sophie\n|-singleturn|p2b: Sophie|Protect\n|move|p2a: Pasterokl|Disable||[still]\n|cant|p1b: Farigiraf|ability: Armor Tail|Disable|[of] p2a: Pasterokl\n|move|p1a: Rotom|Volt Switch|p2b: Sophie\n|-activate|p2b: Sophie|move: Protect\n|\n|-weather|Sandstorm|[upkeep]\n|-damage|p1a: Rotom|89/100|[from] Sandstorm\n|-damage|p1b: Farigiraf|2/100|[from] Sandstorm\n|-damage|p2b: Sophie|37/100|[from] Sandstorm\n|-damage|p2a: Pasterokl|83/100|[from] Sandstorm\n|-heal|p2b: Sophie|43/100|[from] item: Leftovers\n|upkeep\n|turn|8\n|inactive|Coldblooded0706 has 30 seconds left.\n|inactive|karlo6969 has 30 seconds left.\n|inactive|Coldblooded0706 has 20 seconds left.\n|\n|t:|1776663653\n|switch|p1b: Tyranitar|Tyranitar-Mega, L50, M|100/100\n|move|p2b: Sophie|Protect|p2b: Sophie\n|-singleturn|p2b: Sophie|Protect\n|move|p1a: Rotom|Volt Switch|p2b: Sophie\n|-activate|p2b: Sophie|move: Protect\n|move|p2a: Pasterokl|Foul Play|p1a: Rotom\n|-damage|p1a: Rotom|61/100\n|\n|-weather|Sandstorm|[upkeep]\n|-damage|p1a: Rotom|56/100|[from] Sandstorm\n|-damage|p2b: Sophie|37/100|[from] Sandstorm\n|-damage|p2a: Pasterokl|78/100|[from] Sandstorm\n|-heal|p2b: Sophie|43/100|[from] item: Leftovers\n|upkeep\n|turn|9\n|\n|t:|1776663674\n|switch|p1b: Farigiraf|Farigiraf, L50, F|2/100\n|move|p2a: Pasterokl|Disable||[still]\n|cant|p1b: Farigiraf|ability: Armor Tail|Disable|[of] p2a: Pasterokl\n|move|p1a: Rotom|Volt Switch|p2b: Sophie\n|-supereffective|p2b: Sophie|1\n|-damage|p2b: Sophie|0 fnt\n|faint|p2b: Sophie\n|-message|karlo6969 forfeited.\n|\n|win|Coldblooded0706\n|raw|Coldblooded0706's rating: 1455 &rarr; <strong>1472</strong><br />(+17 for winning)\n|raw|karlo6969's rating: 1401 &rarr; <strong>1384</strong><br />(-17 for losing)\n|l|\u2606karlo6969\n|player|p2|\n|l| Alice369\n",
  "uploadtime": 1776663690,
  "views": 10,
  "formatid": "gen9championsvgc2026regma",
  "rating": 1384,
  "private": 0,
  "password": null
}