{
  "id": "gen9championsvgc2026regma-2580879216",
  "format": "[Gen 9 Champions] VGC 2026 Reg M-A",
  "players": [
    "Everest_Eternal",
    "NIAOKAI"
  ],
  "log": "|j|\u2606Everest_Eternal\n|j|\u2606NIAOKAI\n|t:|1775939977\n|gametype|doubles\n|player|p1|Everest_Eternal|n|1000\n|player|p2|NIAOKAI|maid|1018\n|gen|9\n|tier|[Gen 9 Champions] VGC 2026 Reg M-A\n|rated|\n|rule|Species Clause: Limit one of each Pok\u00e9mon\n|rule|Item Clause: Limit 1 of each item\n|clearpoke\n|poke|p1|Meowscarada, L50, M|\n|poke|p1|Zoroark-Hisui, L50, F|\n|poke|p1|Delphox, L50, M|\n|poke|p1|Incineroar, L50, F|\n|poke|p1|Froslass, L50, F|\n|poke|p1|Lucario, L50, M|\n|poke|p2|Gengar, L50, F|\n|poke|p2|Pelipper, L50, M|\n|poke|p2|Incineroar, L50, F|\n|poke|p2|Politoed, L50, M|\n|poke|p2|Maushold-Four, L50|\n|poke|p2|Archaludon, L50, F|\n|teampreview|4\nEverest_Eternal rejected open team sheets.\n|\n|t:|1775939999\n|teamsize|p1|4\n|teamsize|p2|4\n|start\n|switch|p1a: Incineroar|Incineroar, L50, F|100/100\n|switch|p1b: Lucario|Lucario, L50, M|100/100\n|switch|p2a: Gengar|Gengar, L50, F, shiny|100/100\n|switch|p2b: Maushold|Maushold-Four, L50|100/100\n|-ability|p1a: Incineroar|Intimidate|boost\n|-unboost|p2a: Gengar|atk|1\n|-unboost|p2b: Maushold|atk|1\n|turn|1\n|\n|t:|1775940022\n|detailschange|p2a: Gengar|Gengar-Mega, L50, F, shiny\n|-mega|p2a: Gengar|Gengar|Gengarite\n|move|p1b: Lucario|Protect|p1b: Lucario\n|-singleturn|p1b: Lucario|Protect\n|move|p2b: Maushold|Follow Me|p2b: Maushold\n|-singleturn|p2b: Maushold|move: Follow Me\n|move|p2a: Gengar|Perish Song|p2a: Gengar\n|-start|p1a: Incineroar|perish3|[silent]\n|-start|p1b: Lucario|perish3|[silent]\n|-start|p2a: Gengar|perish3|[silent]\n|-start|p2b: Maushold|perish3|[silent]\n|-fieldactivate|move: Perish Song\n|move|p1a: Incineroar|Earthquake|p2a: Gengar|[spread] p2a,p2b\n|-activate|p1b: Lucario|move: Protect\n|-supereffective|p2a: Gengar|1\n|-damage|p2a: Gengar|35/100\n|-damage|p2b: Maushold|65/100\n|\n|-start|p2a: Gengar|perish3\n|-start|p2b: Maushold|perish3\n|-start|p1b: Lucario|perish3\n|-start|p1a: Incineroar|perish3\n|upkeep\n|turn|2\n|\n|t:|1775940055\n|move|p2a: Gengar|Protect|p2a: Gengar\n|-singleturn|p2a: Gengar|Protect\n|move|p2b: Maushold|Protect|p2b: Maushold\n|-singleturn|p2b: Maushold|Protect\n|move|p1b: Lucario|Icy Wind|p2a: Gengar|[spread] \n|-activate|p2a: Gengar|move: Protect\n|-activate|p2b: Maushold|move: Protect\n|move|p1a: Incineroar|Parting Shot|p2b: Maushold\n|-activate|p2b: Maushold|move: Protect\n|\n|-start|p2a: Gengar|perish2\n|-start|p2b: Maushold|perish2\n|-start|p1b: Lucario|perish2\n|-start|p1a: Incineroar|perish2\n|upkeep\n|turn|3\n|\n|t:|1775940084\n|switch|p2b: Pelipper|Pelipper, L50, M|100/100\n|-weather|RainDance|[from] ability: Drizzle|[of] p2b: Pelipper\n|move|p1b: Lucario|Protect|p1b: Lucario\n|-singleturn|p1b: Lucario|Protect\n|move|p2a: Gengar|Disable|p1a: Incineroar\n|-start|p1a: Incineroar|Disable|Parting Shot\n|move|p1a: Incineroar|Earthquake|p2b: Pelipper|[spread] p2a\n|-activate|p1b: Lucario|move: Protect\n|-immune|p2b: Pelipper\n|-supereffective|p2a: Gengar|1\n|-damage|p2a: Gengar|0 fnt\n|faint|p2a: Gengar\n|\n|-weather|RainDance|[upkeep]\n|-start|p1b: Lucario|perish1\n|-start|p1a: Incineroar|perish1\n|upkeep\n|\n|t:|1775940105\n|switch|p2a: Archaludon|Archaludon, L50, F|100/100\n|turn|4\n|\n|t:|1775940127\n|switch|p1b: Lucario|Lucario, L50, M|100/100\n|switch|p1a: Meowscarada|Meowscarada, L50, M|100/100\n|move|p2a: Archaludon|Electro Shot||[still]\n|-prepare|p2a: Archaludon|Electro Shot\n|-boost|p2a: Archaludon|spa|1\n|-anim|p2a: Archaludon|Electro Shot|p1b: Lucario\n|-damage|p1b: Lucario|14/100\n|move|p2b: Pelipper|Tailwind|p2b: Pelipper\n|-sidestart|p2: NIAOKAI|move: Tailwind\n|\n|-weather|RainDance|[upkeep]\n|upkeep\n|turn|5\n|\n|t:|1775940150\n|move|p1a: Meowscarada|Ally Switch|p1a: Meowscarada\n|-start|p1a: Meowscarada|typechange|Psychic|[from] ability: Protean\n|swap|p1a: Meowscarada|1|[from] move: Ally Switch\n|move|p2a: Archaludon|Electro Shot||[still]\n|-prepare|p2a: Archaludon|Electro Shot\n|-boost|p2a: Archaludon|spa|1\n|-anim|p2a: Archaludon|Electro Shot|p1b: Meowscarada\n|-damage|p1b: Meowscarada|0 fnt\n|faint|p1b: Meowscarada\n|move|p2b: Pelipper|Hurricane|p1a: Lucario\n|-damage|p1a: Lucario|0 fnt\n|faint|p1a: Lucario\n|\n|-weather|RainDance|[upkeep]\n|upkeep\n|\n|t:|1775940162\n|switch|p1b: Incineroar|Incineroar, L50, F|100/100\n|switch|p1a: Incineroar|Incineroar, L50, F|100/100\n|-ability|p1b: Incineroar|Intimidate|boost\n|-unboost|p2a: Archaludon|atk|1\n|-unboost|p2b: Pelipper|atk|1\n|-enditem|p2a: Archaludon|White Herb\n|-clearnegativeboost|p2a: Archaludon|[silent]\n|turn|6\n|\n|t:|1775940185\n|move|p2b: Pelipper|Wide Guard|p2b: Pelipper\n|-singleturn|p2b: Pelipper|Wide Guard\n|move|p1b: Incineroar|Fake Out|p2a: Archaludon\n|-resisted|p2a: Archaludon|1\n|-damage|p2a: Archaludon|96/100\n|-ability|p2a: Archaludon|Stamina|boost\n|-boost|p2a: Archaludon|def|1\n|cant|p2a: Archaludon|flinch\n|move|p1a: Incineroar|Icy Wind|p2b: Pelipper|[spread] \n|-activate|p2a: Archaludon|move: Wide Guard\n|-activate|p2b: Pelipper|move: Wide Guard\n|\n|-weather|RainDance|[upkeep]\n|upkeep\n|turn|7\n|\n|t:|1775940206\n|move|p1b: Incineroar|Protect|p1b: Incineroar\n|-singleturn|p1b: Incineroar|Protect\n|move|p2a: Archaludon|Electro Shot||[still]\n|-prepare|p2a: Archaludon|Electro Shot\n|-boost|p2a: Archaludon|spa|1\n|-anim|p2a: Archaludon|Electro Shot|p1b: Incineroar\n|-activate|p1b: Incineroar|move: Protect\n|move|p1a: Incineroar|Icy Wind|p2a: Archaludon|[spread] p2a,p2b\n|-damage|p2a: Archaludon|77/100\n|-damage|p2b: Pelipper|83/100\n|-unboost|p2a: Archaludon|spe|1\n|-unboost|p2b: Pelipper|spe|1\n|-ability|p2a: Archaludon|Stamina|boost\n|-boost|p2a: Archaludon|def|1\n|move|p2b: Pelipper|Hurricane|p1b: Incineroar\n|-activate|p1b: Incineroar|move: Protect\n|\n|-weather|none\n|-sideend|p2: NIAOKAI|move: Tailwind\n|upkeep\n|turn|8\n|\n|t:|1775940233\n|switch|p2b: Maushold|Maushold-Four, L50|65/100\n|move|p2a: Archaludon|Protect|p2a: Archaludon\n|-singleturn|p2a: Archaludon|Protect\n|move|p1b: Incineroar|Earthquake|p2b: Maushold|[spread] p1a,p2b\n|-activate|p2a: Archaludon|move: Protect\n|-damage|p1a: Incineroar|48/100\n|-damage|p2b: Maushold|30/100\n|replace|p1a: Zoroark|Zoroark-Hisui, L50, F\n|-end|p1a: Zoroark|Illusion\n|move|p1a: Zoroark|Roar|p2a: Archaludon\n|drag|p2a: Pelipper|Pelipper, L50, M|83/100\n|-weather|RainDance|[from] ability: Drizzle|[of] p2a: Pelipper\n|\n|-weather|RainDance|[upkeep]\n|upkeep\n|turn|9\n|\n|t:|1775940263\n|move|p2b: Maushold|Encore|p1b: Incineroar\n|-start|p1b: Incineroar|Encore\n|move|p1a: Zoroark|Icy Wind|p2a: Pelipper|[spread] p2a,p2b\n|-damage|p2a: Pelipper|68/100\n|-damage|p2b: Maushold|12/100\n|-unboost|p2a: Pelipper|spe|1\n|-unboost|p2b: Maushold|spe|1\n|move|p1b: Incineroar|Earthquake|p2b: Maushold|[spread] p1a,p2b\n|-immune|p2a: Pelipper\n|-damage|p1a: Zoroark|0 fnt\n|-damage|p2b: Maushold|0 fnt\n|faint|p1a: Zoroark\n|faint|p2b: Maushold\n|move|p2a: Pelipper|Tailwind|p2a: Pelipper\n|-sidestart|p2: NIAOKAI|move: Tailwind\n|\n|-weather|RainDance|[upkeep]\n|upkeep\n|c|\u2606Everest_Eternal|gg\n|\n|t:|1775940279\n|switch|p2b: Archaludon|Archaludon, L50, F|77/100\n|turn|10\n|\n|t:|1775940285\n|move|p2a: Pelipper|Wide Guard|p2a: Pelipper\n|-singleturn|p2a: Pelipper|Wide Guard\n|move|p2b: Archaludon|Electro Shot||[still]\n|-prepare|p2b: Archaludon|Electro Shot\n|-boost|p2b: Archaludon|spa|1\n|-anim|p2b: Archaludon|Electro Shot|p1b: Incineroar\n|-damage|p1b: Incineroar|47/100\n|move|p1b: Incineroar|Earthquake|p2b: Archaludon|[spread] \n|-activate|p2a: Pelipper|move: Wide Guard\n|-activate|p2b: Archaludon|move: Wide Guard\n|\n|-weather|RainDance|[upkeep]\n|upkeep\n|turn|11\n|-message|Everest_Eternal forfeited.\n|\n|win|NIAOKAI\n|raw|Everest_Eternal's rating: 1000 &rarr; <strong>1000</strong><br />(+0 for losing)\n|raw|NIAOKAI's rating: 1018 &rarr; <strong>1053</strong><br />(+35 for winning)\n",
  "uploadtime": 1775940304,
  "views": 16,
  "formatid": "gen9championsvgc2026regma",
  "rating": 1000,
  "private": 0,
  "password": null
}