{
  "id": "gen9championsvgc2026regma-2584631926",
  "format": "[Gen 9 Champions] VGC 2026 Reg M-A",
  "players": [
    "Dregoth",
    "Mapache_zgz_Ant"
  ],
  "log": "|j|\u2606Dregoth\n|j|\u2606Mapache_zgz_Ant\n|t:|1776273315\n|gametype|doubles\n|player|p1|Dregoth|volkner|1110\n|player|p2|Mapache_zgz_Ant|fisherman-gen4|1057\n|gen|9\n|tier|[Gen 9 Champions] VGC 2026 Reg M-A\n|rated|\n|rule|Species Clause: Limit one of each Pok\u00e9mon\n|rule|Item Clause: Limit 1 of each item\n|clearpoke\n|poke|p1|Floette-Eternal, L50, F|\n|poke|p1|Blastoise, L50, M|\n|poke|p1|Sableye, L50, F|\n|poke|p1|Aegislash, L50, M|\n|poke|p1|Aerodactyl, L50, M|\n|poke|p1|Maushold-Four, L50|\n|poke|p2|Glimmora, L50, F|\n|poke|p2|Tsareena, L50, F|\n|poke|p2|Typhlosion, L50, F|\n|poke|p2|Whimsicott, L50, F|\n|poke|p2|Blastoise, L50, M|\n|poke|p2|Sinistcha, L50|\n|teampreview|4\n|\n|t:|1776273358\n|teamsize|p1|4\n|teamsize|p2|4\n|start\n|switch|p1a: Aegislash|Aegislash, L50, M|100/100\n|switch|p1b: Sableye|Sableye, L50, F|100/100\n|switch|p2a: Glimmora|Glimmora, L50, F|100/100\n|switch|p2b: Whimsicott|Whimsicott, L50, F|100/100\n|turn|1\n|\n|t:|1776273399\n|switch|p1b: Maushold|Maushold-Four, L50|100/100\n|detailschange|p2a: Glimmora|Glimmora-Mega, L50, F\n|-mega|p2a: Glimmora|Glimmora|Glimmoranite\n|move|p2b: Whimsicott|Tailwind|p2b: Whimsicott\n|-sidestart|p2: Mapache_zgz_Ant|move: Tailwind\n|move|p2a: Glimmora|Earth Power|p1a: Aegislash\n|-supereffective|p1a: Aegislash|1\n|-damage|p1a: Aegislash|59/100\n|-formechange|p1a: Aegislash|Aegislash-Blade|\n|move|p1a: Aegislash|Iron Head|p2a: Glimmora\n|-supereffective|p2a: Glimmora|1\n|-damage|p2a: Glimmora|19/100\n|\n|upkeep\n|turn|2\n|\n|t:|1776273418\n|move|p1a: Aegislash|Shadow Sneak|p2a: Glimmora\n|-damage|p2a: Glimmora|0 fnt\n|faint|p2a: Glimmora\n|move|p2b: Whimsicott|Moonblast|p1a: Aegislash\n|-resisted|p1a: Aegislash|1\n|-damage|p1a: Aegislash|43/100\n|move|p1b: Maushold|Encore|p2b: Whimsicott\n|-start|p2b: Whimsicott|Encore\n|\n|upkeep\n|\n|t:|1776273426\n|switch|p2a: Typhlosion|Typhlosion, L50, F|100/100\n|turn|3\n|\n|t:|1776273437\n|move|p1b: Maushold|Protect|p1b: Maushold\n|-singleturn|p1b: Maushold|Protect\n|move|p1a: Aegislash|Shadow Sneak|p2a: Typhlosion\n|-damage|p2a: Typhlosion|63/100\n|move|p2b: Whimsicott|Moonblast|p1b: Maushold\n|-activate|p1b: Maushold|move: Protect\n|move|p2a: Typhlosion|Flamethrower|p1b: Maushold\n|-activate|p1b: Maushold|move: Protect\n|\n|upkeep\n|turn|4\n|\n|t:|1776273524\n|move|p1b: Maushold|Follow Me|p1b: Maushold\n|-singleturn|p1b: Maushold|move: Follow Me\n|move|p2b: Whimsicott|Moonblast|p1b: Maushold\n|-damage|p1b: Maushold|68/100\n|move|p2a: Typhlosion|Flamethrower|p1b: Maushold\n|-damage|p1b: Maushold|0 fnt\n|faint|p1b: Maushold\n|move|p1a: Aegislash|Iron Head|p2b: Whimsicott\n|-supereffective|p2b: Whimsicott|1\n|-enditem|p2b: Whimsicott|Focus Sash\n|-damage|p2b: Whimsicott|1/100\n|\n|-sideend|p2: Mapache_zgz_Ant|move: Tailwind\n|upkeep\n|\n|t:|1776273532\n|switch|p1b: Sableye|Sableye, L50, F|100/100\n|turn|5\n|\n|t:|1776273542\n|move|p1a: Aegislash|Shadow Sneak|p2b: Whimsicott\n|-damage|p2b: Whimsicott|0 fnt\n|faint|p2b: Whimsicott\n|move|p1b: Sableye|Rain Dance|p1b: Sableye\n|-weather|RainDance\n|move|p2a: Typhlosion|Eruption|p1a: Aegislash|[spread] p1a,p1b\n|-supereffective|p1a: Aegislash|1\n|-damage|p1a: Aegislash|0 fnt\n|-damage|p1b: Sableye|77/100\n|faint|p1a: Aegislash\n|\n|-weather|RainDance|[upkeep]\n|upkeep\n|\n|t:|1776273553\n|switch|p2b: Tsareena|Tsareena, L50, F|100/100\n|switch|p1a: Floette|Floette-Eternal, L50, F|100/100\n|turn|6\n|\n|t:|1776273567\n|detailschange|p1a: Floette|Floette-Mega, L50, F\n|-mega|p1a: Floette|Floette|Floettite\n|-ability|p1a: Floette|Fairy Aura\n|move|p1b: Sableye|Reflect|p1b: Sableye\n|-sidestart|p1: Dregoth|Reflect\n|move|p1a: Floette|Dazzling Gleam|p2b: Tsareena|[spread] p2a,p2b\n|-resisted|p2a: Typhlosion|1\n|-damage|p2a: Typhlosion|29/100\n|-damage|p2b: Tsareena|49/100\n|move|p2a: Typhlosion|Rock Slide|p1a: Floette|[spread] p1a,p1b\n|-damage|p1a: Floette|90/100\n|-damage|p1b: Sableye|66/100\n|move|p2b: Tsareena|Trop Kick|p1a: Floette\n|-damage|p1a: Floette|48/100\n|-unboost|p1a: Floette|atk|1\n|\n|-weather|RainDance|[upkeep]\n|upkeep\n|turn|7\n|\n|t:|1776273594\n|move|p1a: Floette|Moonblast|p2b: Tsareena\n|-damage|p2b: Tsareena|0 fnt\n|faint|p2b: Tsareena\n|move|p2a: Typhlosion|Rock Slide|p1b: Sableye|[spread] p1a,p1b\n|-damage|p1a: Floette|38/100\n|-damage|p1b: Sableye|54/100\n|move|p1b: Sableye|Foul Play|p2a: Typhlosion\n|-damage|p2a: Typhlosion|0 fnt\n|faint|p2a: Typhlosion\n|\n|win|Dregoth\n|raw|Dregoth's rating: 1110 &rarr; <strong>1131</strong><br />(+21 for winning)\n|raw|Mapache_zgz_Ant's rating: 1057 &rarr; <strong>1041</strong><br />(-16 for losing)\n|l|\u2606Mapache_zgz_Ant\n|player|p2|\n",
  "uploadtime": 1776273607,
  "views": 15,
  "formatid": "gen9championsvgc2026regma",
  "rating": 1041,
  "private": 0,
  "password": null
}