{
  "id": "gen9championsvgc2026regma-2581431466",
  "format": "[Gen 9 Champions] VGC 2026 Reg M-A",
  "players": [
    "soulo333",
    "12323532e"
  ],
  "log": "|j|\u2606soulo333\n|j|\u260612323532e\n|t:|1775999745\n|gametype|doubles\n|player|p1|soulo333|2|1216\n|player|p2|12323532e|170|1242\n|gen|9\n|tier|[Gen 9 Champions] VGC 2026 Reg M-A\n|rated|\n|rule|Species Clause: Limit one of each Pok\u00e9mon\n|rule|Item Clause: Limit 1 of each item\n|clearpoke\n|poke|p1|Charizard, L50, M|\n|poke|p1|Kingambit, L50, M|\n|poke|p1|Rotom-Wash, L50|\n|poke|p1|Sinistcha, L50|\n|poke|p1|Ninetales-Alola, L50, F|\n|poke|p1|Sneasler, L50, M|\n|poke|p2|Floette-Eternal, L50, F|\n|poke|p2|Maushold-Four, L50|\n|poke|p2|Garchomp, L50, F|\n|poke|p2|Talonflame, L50, F|\n|poke|p2|Rotom-Wash, L50|\n|poke|p2|Aegislash, L50, F|\n|teampreview|4\n|\n|t:|1775999764\n|teamsize|p1|4\n|teamsize|p2|4\n|start\n|switch|p1a: Kingambit|Kingambit, L50, M|100/100\n|switch|p1b: Sneasler|Sneasler, L50, M|100/100\n|switch|p2a: Floette|Floette-Eternal, L50, F|100/100\n|switch|p2b: Talonflame|Talonflame, L50, F|100/100\n|turn|1\n|\n|t:|1775999783\n|detailschange|p2a: Floette|Floette-Mega, L50, F\n|-mega|p2a: Floette|Floette|Floettite\n|-ability|p2a: Floette|Fairy Aura\n|move|p1b: Sneasler|Fake Out|p2b: Talonflame\n|-damage|p2b: Talonflame|75/100\n|cant|p2b: Talonflame|flinch\n|move|p2a: Floette|Dazzling Gleam|p1b: Sneasler|[spread] p1a,p1b\n|-damage|p1a: Kingambit|52/100\n|-damage|p1b: Sneasler|29/100\n|move|p1a: Kingambit|Iron Head|p2a: Floette\n|-supereffective|p2a: Floette|1\n|-damage|p2a: Floette|0 fnt\n|faint|p2a: Floette\n|\n|upkeep\n|\n|t:|1775999794\n|switch|p2a: Garchomp|Garchomp, L50, F|100/100\n|turn|2\n|\n|t:|1775999809\n|switch|p1b: Charizard|Charizard, L50, M|100/100\n|move|p1a: Kingambit|Sucker Punch|p2a: Garchomp\n|-damage|p2a: Garchomp|60/100\n|-damage|p1a: Kingambit|40/100|[from] ability: Rough Skin|[of] p2a: Garchomp\n|move|p2b: Talonflame|Tailwind|p2b: Talonflame\n|-sidestart|p2: 12323532e|move: Tailwind\n|move|p2a: Garchomp|Earthquake|p1a: Kingambit|[spread] p1a\n|-immune|p2b: Talonflame\n|-immune|p1b: Charizard\n|-supereffective|p1a: Kingambit|1\n|-damage|p1a: Kingambit|0 fnt\n|faint|p1a: Kingambit\n|\n|upkeep\n|\n|t:|1775999819\n|switch|p1a: Sneasler|Sneasler, L50, M|29/100\n|turn|3\n|\n|t:|1775999827\n|move|p1a: Sneasler|Fake Out|p2a: Garchomp\n|-damage|p2a: Garchomp|45/100\n|-damage|p1a: Sneasler|17/100|[from] ability: Rough Skin|[of] p2a: Garchomp\n|move|p2b: Talonflame|Acrobatics|p1a: Sneasler\n|-supereffective|p1a: Sneasler|1\n|-crit|p1a: Sneasler\n|-damage|p1a: Sneasler|0 fnt\n|faint|p1a: Sneasler\n|cant|p2a: Garchomp|flinch\n|move|p1b: Charizard|Dragon Dance|p1b: Charizard\n|-boost|p1b: Charizard|atk|1\n|-boost|p1b: Charizard|spe|1\n|\n|upkeep\n|\n|t:|1775999831\n|switch|p1a: Ninetales|Ninetales-Alola, L50, F|100/100\n|-weather|Snowscape|[from] ability: Snow Warning|[of] p1a: Ninetales\n|turn|4\n|\n|t:|1775999856\n|move|p1b: Charizard|Protect|p1b: Charizard\n|-singleturn|p1b: Charizard|Protect\n|move|p2b: Talonflame|Flare Blitz|p1b: Charizard\n|-activate|p1b: Charizard|move: Protect\n|move|p2a: Garchomp|Rock Slide|p1b: Charizard|[spread] p1a\n|-activate|p1b: Charizard|move: Protect\n|-supereffective|p1a: Ninetales|1\n|-damage|p1a: Ninetales|62/100\n|move|p1a: Ninetales|Icy Wind|p2a: Garchomp|[spread] p2a,p2b\n|-supereffective|p2a: Garchomp|2\n|-damage|p2a: Garchomp|0 fnt\n|-damage|p2b: Talonflame|55/100\n|-unboost|p2b: Talonflame|spe|1\n|faint|p2a: Garchomp\n|\n|-weather|Snowscape|[upkeep]\n|upkeep\n|\n|t:|1775999867\n|switch|p2a: Maushold|Maushold-Four, L50|100/100\n|turn|5\n|\n|t:|1775999876\n|detailschange|p1b: Charizard|Charizard-Mega-X, L50, M\n|-mega|p1b: Charizard|Charizard|Charizardite X\n|move|p2a: Maushold|Follow Me|p2a: Maushold\n|-singleturn|p2a: Maushold|move: Follow Me\n|move|p2b: Talonflame|Flare Blitz|p1b: Charizard\n|-resisted|p1b: Charizard|2\n|-damage|p1b: Charizard|92/100\n|-damage|p2b: Talonflame|52/100|[from] Recoil\n|move|p1b: Charizard|Dragon Claw|p2a: Maushold\n|-enditem|p2a: Maushold|Focus Sash\n|-damage|p2a: Maushold|1/100\n|move|p1a: Ninetales|Aurora Veil|p1a: Ninetales\n|-sidestart|p1: soulo333|move: Aurora Veil\n|\n|-weather|Snowscape|[upkeep]\n|-sideend|p2: 12323532e|move: Tailwind\n|upkeep\n|turn|6\n|-message|12323532e forfeited.\n|\n|win|soulo333\n|raw|soulo333's rating: 1216 &rarr; <strong>1243</strong><br />(+27 for winning)\n|raw|12323532e's rating: 1242 &rarr; <strong>1215</strong><br />(-27 for losing)\n",
  "uploadtime": 1775999884,
  "views": 23,
  "formatid": "gen9championsvgc2026regma",
  "rating": 1215,
  "private": 0,
  "password": null
}