{
  "id": "gen9championsvgc2026regma-2586293639",
  "format": "[Gen 9 Champions] VGC 2026 Reg M-A",
  "players": [
    "Poapap2",
    "spyninjahellfire"
  ],
  "log": "|j|\u2606Poapap2\n|j|\u2606spyninjahellfire\n|t:|1776422199\n|gametype|doubles\n|player|p1|Poapap2|101|1218\n|player|p2|spyninjahellfire|brycenman|1186\n|gen|9\n|tier|[Gen 9 Champions] VGC 2026 Reg M-A\n|rated|\n|rule|Species Clause: Limit one of each Pok\u00e9mon\n|rule|Item Clause: Limit 1 of each item\n|clearpoke\n|poke|p1|Floette-Eternal, L50, F|\n|poke|p1|Sinistcha-Masterpiece, L50|\n|poke|p1|Charizard, L50, F|\n|poke|p1|Whimsicott, L50, M|\n|poke|p1|Garchomp, L50, F|\n|poke|p1|Sneasler, L50, F|\n|poke|p2|Gengar, L50, M|\n|poke|p2|Incineroar, L50, M|\n|poke|p2|Sinistcha, L50|\n|poke|p2|Tyranitar, L50, M|\n|poke|p2|Kommo-o, L50, M|\n|poke|p2|Kingambit, L50, M|\n|teampreview|4\n|\n|t:|1776422239\n|teamsize|p1|4\n|teamsize|p2|4\n|start\n|switch|p1a: Whimsicott|Whimsicott, L50, M|100/100\n|switch|p1b: Sneasler|Sneasler, L50, F|100/100\n|switch|p2a: Incineroar|Incineroar, L50, M|100/100\n|switch|p2b: Gengar|Gengar, L50, M|100/100\n|-ability|p2a: Incineroar|Intimidate|boost\n|-unboost|p1a: Whimsicott|atk|1\n|-unboost|p1b: Sneasler|atk|1\n|-enditem|p1b: Sneasler|White Herb\n|-clearnegativeboost|p1b: Sneasler|[silent]\n|turn|1\n|\n|t:|1776422268\n|detailschange|p2b: Gengar|Gengar-Mega, L50, M\n|-mega|p2b: Gengar|Gengar|Gengarite\n|move|p1b: Sneasler|Fake Out|p2a: Incineroar\n|-damage|p2a: Incineroar|89/100\n|cant|p2a: Incineroar|flinch\n|move|p1a: Whimsicott|Tailwind|p1a: Whimsicott\n|-sidestart|p1: Poapap2|move: Tailwind\n|move|p2b: Gengar|Shadow Ball|p1b: Sneasler\n|-damage|p1b: Sneasler|44/100\n|\n|upkeep\n|turn|2\n|\n|t:|1776422286\n|move|p2a: Incineroar|Protect|p2a: Incineroar\n|-singleturn|p2a: Incineroar|Protect\n|move|p1b: Sneasler|Dire Claw|p2b: Gengar\n|-resisted|p2b: Gengar|2\n|-damage|p2b: Gengar|90/100\n|-status|p2b: Gengar|slp\n|move|p1a: Whimsicott|Moonblast|p2a: Incineroar\n|-activate|p2a: Incineroar|move: Protect\n|cant|p2b: Gengar|slp\n|\n|upkeep\n|turn|3\n|c|\u2606Poapap2|Ops\n|c|\u2606spyninjahellfire|Are we fr\n|\n|t:|1776422318\n|switch|p2a: Kingambit|Kingambit, L50, M|100/100\n|move|p1b: Sneasler|Close Combat|p2a: Kingambit\n|-supereffective|p2a: Kingambit|2\n|-enditem|p2a: Kingambit|Chople Berry|[eat]\n|-enditem|p2a: Kingambit|Chople Berry|[weaken]\n|-damage|p2a: Kingambit|19/100\n|-unboost|p1b: Sneasler|def|1\n|-unboost|p1b: Sneasler|spd|1\n|move|p1a: Whimsicott|Moonblast|p2a: Kingambit\n|-damage|p2a: Kingambit|0 fnt\n|faint|p2a: Kingambit\n|cant|p2b: Gengar|slp\n|\n|upkeep\n|\n|t:|1776422328\n|switch|p2a: Tyranitar|Tyranitar, L50, M|100/100\n|-weather|Sandstorm|[from] ability: Sand Stream|[of] p2a: Tyranitar\n|turn|4\n|\n|t:|1776422342\n|switch|p2a: Incineroar|Incineroar, L50, M|89/100\n|-ability|p2a: Incineroar|Intimidate|boost\n|-unboost|p1a: Whimsicott|atk|1\n|-unboost|p1b: Sneasler|atk|1\n|move|p1b: Sneasler|Protect|p1b: Sneasler\n|-singleturn|p1b: Sneasler|Protect\n|move|p1a: Whimsicott|Sunny Day|p1a: Whimsicott\n|-weather|SunnyDay\n|-curestatus|p2b: Gengar|slp|[msg]\n|move|p2b: Gengar|Shadow Ball|p1b: Sneasler\n|-activate|p1b: Sneasler|move: Protect\n|\n|-weather|SunnyDay|[upkeep]\n|-sideend|p1: Poapap2|move: Tailwind\n|upkeep\n|turn|5\n|\n|t:|1776422354\n|move|p2a: Incineroar|Protect|p2a: Incineroar\n|-singleturn|p2a: Incineroar|Protect\n|move|p1a: Whimsicott|Tailwind|p1a: Whimsicott\n|-sidestart|p1: Poapap2|move: Tailwind\n|move|p1b: Sneasler|Close Combat|p2a: Incineroar\n|-activate|p2a: Incineroar|move: Protect\n|move|p2b: Gengar|Shadow Ball|p1b: Sneasler\n|-damage|p1b: Sneasler|0 fnt\n|faint|p1b: Sneasler\n|\n|-weather|SunnyDay|[upkeep]\n|upkeep\n|\n|t:|1776422359\n|switch|p1b: Garchomp|Garchomp, L50, F|100/100\n|turn|6\n|\n|t:|1776422392\n|move|p1b: Garchomp|Stomping Tantrum|p2a: Incineroar\n|-supereffective|p2a: Incineroar|1\n|-enditem|p2a: Incineroar|Shuca Berry|[eat]\n|-enditem|p2a: Incineroar|Shuca Berry|[weaken]\n|-damage|p2a: Incineroar|55/100\n|move|p1a: Whimsicott|Moonblast|p2a: Incineroar\n|-damage|p2a: Incineroar|27/100\n|move|p2b: Gengar|Shadow Ball|p1b: Garchomp\n|-damage|p1b: Garchomp|60/100\n|move|p2a: Incineroar|Parting Shot|p1b: Garchomp\n|-unboost|p1b: Garchomp|atk|1\n|-unboost|p1b: Garchomp|spa|1\n|\n|t:|1776422402\n|switch|p2a: Tyranitar|Tyranitar, L50, M|100/100|[from] Parting Shot\n|-weather|Sandstorm|[from] ability: Sand Stream|[of] p2a: Tyranitar\n|\n|-weather|Sandstorm|[upkeep]\n|-damage|p1a: Whimsicott|95/100|[from] Sandstorm\n|-damage|p2b: Gengar|84/100|[from] Sandstorm\n|upkeep\n|turn|7\n|\n|t:|1776422409\n|move|p1a: Whimsicott|Sunny Day|p1a: Whimsicott\n|-weather|SunnyDay\n|move|p1b: Garchomp|Stomping Tantrum|p2b: Gengar\n|-supereffective|p2b: Gengar|1\n|-damage|p2b: Gengar|19/100\n|move|p2b: Gengar|Sludge Bomb|p1a: Whimsicott\n|-supereffective|p1a: Whimsicott|2\n|-damage|p1a: Whimsicott|0 fnt\n|faint|p1a: Whimsicott\n|move|p2a: Tyranitar|Ice Punch|p1b: Garchomp\n|-supereffective|p1b: Garchomp|2\n|-damage|p1b: Garchomp|0 fnt\n|-damage|p2a: Tyranitar|88/100|[from] ability: Rough Skin|[of] p1b: Garchomp\n|faint|p1b: Garchomp\n|\n|-weather|SunnyDay|[upkeep]\n|upkeep\n|\n|t:|1776422415\n|switch|p1b: Charizard|Charizard, L50, F|100/100\n|turn|8\n|\n|t:|1776422438\n|switch|p2a: Incineroar|Incineroar, L50, M|27/100\n|-ability|p2a: Incineroar|Intimidate|boost\n|-unboost|p1b: Charizard|atk|1\n|detailschange|p1b: Charizard|Charizard-Mega-X, L50, F\n|-mega|p1b: Charizard|Charizard|Charizardite X\n|move|p1b: Charizard|Breaking Swipe|p2a: Incineroar|[spread] p2a,p2b\n|-damage|p2a: Incineroar|10/100\n|-damage|p2b: Gengar|0 fnt\n|-unboost|p2a: Incineroar|atk|1\n|faint|p2b: Gengar\n|\n|-weather|SunnyDay|[upkeep]\n|-sideend|p1: Poapap2|move: Tailwind\n|upkeep\n|\n|t:|1776422441\n|switch|p2b: Tyranitar|Tyranitar, L50, M|88/100\n|-weather|Sandstorm|[from] ability: Sand Stream|[of] p2b: Tyranitar\n|turn|9\n|\n|t:|1776422448\n|move|p1b: Charizard|Protect|p1b: Charizard\n|-singleturn|p1b: Charizard|Protect\n|move|p2a: Incineroar|Fake Out|p1b: Charizard\n|-activate|p1b: Charizard|move: Protect\n|move|p2b: Tyranitar|Rock Slide|p1b: Charizard\n|-activate|p1b: Charizard|move: Protect\n|\n|-weather|Sandstorm|[upkeep]\n|-damage|p1b: Charizard|95/100|[from] Sandstorm\n|-damage|p2a: Incineroar|4/100|[from] Sandstorm\n|upkeep\n|turn|10\n|\n|t:|1776422459\n|move|p2b: Tyranitar|Rock Slide|p1b: Charizard\n|-supereffective|p1b: Charizard|1\n|-damage|p1b: Charizard|11/100\n|move|p1b: Charizard|Dragon Rush|p2b: Tyranitar\n|-damage|p2b: Tyranitar|47/100\n|move|p2a: Incineroar|Throat Chop|p1b: Charizard\n|-damage|p1b: Charizard|0 fnt\n|faint|p1b: Charizard\n|\n|win|spyninjahellfire\n|raw|Poapap2's rating: 1218 &rarr; <strong>1191</strong><br />(-27 for losing)\n|raw|spyninjahellfire's rating: 1186 &rarr; <strong>1213</strong><br />(+27 for winning)\n|l|\u2606Poapap2\n|player|p1|\n",
  "uploadtime": 1776422476,
  "views": 26,
  "formatid": "gen9championsvgc2026regma",
  "rating": 1191,
  "private": 0,
  "password": null
}