{
  "id": "gen9championsvgc2026regma-2586389225",
  "format": "[Gen 9 Champions] VGC 2026 Reg M-A",
  "players": [
    "fncy486",
    "blog2"
  ],
  "log": "|j|\u2606fncy486\n|j|\u2606blog2\n|t:|1776431124\n|gametype|doubles\n|player|p1|fncy486|cynthia|1072\n|player|p2|blog2|2|1029\n|gen|9\n|tier|[Gen 9 Champions] VGC 2026 Reg M-A\n|rated|\n|rule|Species Clause: Limit one of each Pok\u00e9mon\n|rule|Item Clause: Limit 1 of each item\n|clearpoke\n|poke|p1|Dragonite, L50, M|\n|poke|p1|Pelipper, L50, M|\n|poke|p1|Archaludon, L50, F|\n|poke|p1|Rotom-Heat, L50|\n|poke|p1|Sneasler, L50, M|\n|poke|p1|Meganium, L50, F|\n|poke|p2|Dragonite, L50, M|\n|poke|p2|Sinistcha, L50|\n|poke|p2|Greninja-*, L50, F|\n|poke|p2|Whimsicott, L50, F|\n|poke|p2|Incineroar, L50, F|\n|poke|p2|Aegislash, L50, M|\n|teampreview|4\n|inactive|Battle timer is ON: inactive players will automatically lose when time's up. (requested by fncy486)\nfncy486 rejected open team sheets.\n|inactive|blog2 has 60 seconds left.\n|\n|t:|1776431181\n|teamsize|p1|4\n|teamsize|p2|4\n|start\n|switch|p1a: Archaludon|Archaludon, L50, F|100/100\n|switch|p1b: Pelipper|Pelipper, L50, M|100/100\n|switch|p2a: Whimsicott|Whimsicott, L50, F|100/100\n|switch|p2b: Greninja|Greninja, L50, F, shiny|100/100\n|-weather|RainDance|[from] ability: Drizzle|[of] p1b: Pelipper\n|turn|1\n|\n|t:|1776431200\n|move|p1b: Pelipper|Protect|p1b: Pelipper\n|-singleturn|p1b: Pelipper|Protect\n|move|p2a: Whimsicott|Tailwind|p2a: Whimsicott\n|-sidestart|p2: blog2|move: Tailwind\n|move|p2b: Greninja|Flip Turn|p1a: Archaludon\n|-start|p2b: Greninja|typechange|Water|[from] ability: Protean\n|-resisted|p1a: Archaludon|1\n|-damage|p1a: Archaludon|89/100\n|-ability|p1a: Archaludon|Stamina|boost\n|-boost|p1a: Archaludon|def|1\n|\n|t:|1776431205\n|switch|p2b: Aegislash|Aegislash, L50, M|100/100|[from] Flip Turn\n|move|p1a: Archaludon|Flash Cannon|p2a: Whimsicott\n|-supereffective|p2a: Whimsicott|1\n|-enditem|p2a: Whimsicott|Focus Sash\n|-damage|p2a: Whimsicott|1/100\n|\n|-weather|RainDance|[upkeep]\n|-heal|p1a: Archaludon|95/100|[from] item: Leftovers\n|upkeep\n|turn|2\n|\n|t:|1776431229\n|move|p2a: Whimsicott|Encore|p1a: Archaludon\n|-start|p1a: Archaludon|Encore\n|move|p2b: Aegislash|Swords Dance|p2b: Aegislash\n|-boost|p2b: Aegislash|atk|2\n|move|p1a: Archaludon|Flash Cannon|p2a: Whimsicott\n|-supereffective|p2a: Whimsicott|1\n|-damage|p2a: Whimsicott|0 fnt\n|faint|p2a: Whimsicott\n|move|p1b: Pelipper|Tailwind|p1b: Pelipper\n|-sidestart|p1: fncy486|move: Tailwind\n|\n|-weather|RainDance|[upkeep]\n|-heal|p1a: Archaludon|100/100|[from] item: Leftovers\n|upkeep\n|\n|t:|1776431247\n|switch|p2a: Greninja|Greninja, L50, F, shiny|100/100\n|turn|3\n|inactive|blog2 has 30 seconds left.\n|\n|t:|1776431277\n|switch|p1b: Sneasler|Sneasler, L50, M|100/100\n|move|p2a: Greninja|Chilling Water|p1b: Sneasler\n|-start|p2a: Greninja|typechange|Water|[from] ability: Protean\n|-damage|p1b: Sneasler|57/100\n|-unboost|p1b: Sneasler|atk|1\n|move|p1a: Archaludon|Flash Cannon|p2a: Greninja\n|-resisted|p2a: Greninja|1\n|-damage|p2a: Greninja|70/100\n|move|p2b: Aegislash|Swords Dance|p2b: Aegislash\n|-boost|p2b: Aegislash|atk|2\n|\n|-weather|RainDance|[upkeep]\n|upkeep\n|turn|4\n|inactive|fncy486 has 30 seconds left.\n|\n|t:|1776431307\n|switch|p1a: Meganium|Meganium, L50, F|100/100\n|move|p1b: Sneasler|Fake Out|p2a: Greninja\n|-damage|p2a: Greninja|52/100\n|cant|p2a: Greninja|flinch\n|move|p2b: Aegislash|Swords Dance|p2b: Aegislash\n|-boost|p2b: Aegislash|atk|2\n|\n|-weather|RainDance|[upkeep]\n|-sideend|p2: blog2|move: Tailwind\n|upkeep\n|turn|5\n|inactive|fncy486 has 30 seconds left.\n|inactive|blog2 has 30 seconds left.\n|inactive|fncy486 has 20 seconds left.\n|inactive|blog2 has 20 seconds left.\n|inactive|fncy486 has 15 seconds left.\n|inactive|blog2 has 15 seconds left.\n|\n|t:|1776431352\n|switch|p1b: Archaludon|Archaludon, L50, F|100/100\n|detailschange|p1a: Meganium|Meganium-Mega, L50, F\n|-mega|p1a: Meganium|Meganium|Meganiumite\n|move|p1a: Meganium|Solar Beam||[still]\n|-prepare|p1a: Meganium|Solar Beam\n|-activate|p1a: Meganium|ability: Mega Sol\n|-anim|p1a: Meganium|Solar Beam|p2a: Greninja\n|-supereffective|p2a: Greninja|1\n|-damage|p2a: Greninja|0 fnt\n|faint|p2a: Greninja\n|-formechange|p2b: Aegislash|Aegislash-Blade|\n|move|p2b: Aegislash|Sacred Sword|p1a: Meganium\n|-resisted|p1a: Meganium|1\n|-damage|p1a: Meganium|31/100\n|\n|-weather|none\n|-sideend|p1: fncy486|move: Tailwind\n|upkeep\n|\n|t:|1776431366\n|switch|p2a: Dragonite|Dragonite, L50, M|100/100\n|turn|6\n|\n|t:|1776431390\n|detailschange|p2a: Dragonite|Dragonite-Mega, L50, M\n|-mega|p2a: Dragonite|Dragonite|Dragoninite\n|move|p1a: Meganium|Protect|p1a: Meganium\n|-singleturn|p1a: Meganium|Protect\n|-formechange|p2b: Aegislash|Aegislash|\n|move|p2b: Aegislash|King's Shield|p2b: Aegislash\n|-singleturn|p2b: Aegislash|Protect\n|move|p1b: Archaludon|Draco Meteor|p2a: Dragonite|[miss]\n|-miss|p1b: Archaludon|p2a: Dragonite\n|move|p2a: Dragonite|Flamethrower|p1a: Meganium\n|-activate|p1a: Meganium|move: Protect\n|\n|upkeep\n|turn|7\n|\n|t:|1776431413\n|switch|p1b: Pelipper|Pelipper, L50, M|100/100\n|-weather|RainDance|[from] ability: Drizzle|[of] p1b: Pelipper\n|switch|p1a: Sneasler|Sneasler, L50, M|57/100\n|move|p2a: Dragonite|Flamethrower|p1a: Sneasler\n|-damage|p1a: Sneasler|34/100\n|-enditem|p1a: Sneasler|Sitrus Berry|[eat]\n|-heal|p1a: Sneasler|58/100|[from] item: Sitrus Berry\n|-formechange|p2b: Aegislash|Aegislash-Blade|\n|move|p2b: Aegislash|Sacred Sword|p1b: Pelipper\n|-resisted|p1b: Pelipper|1\n|-damage|p1b: Pelipper|9/100\n|\n|-weather|RainDance|[upkeep]\n|upkeep\n|turn|8\n|\n|t:|1776431430\n|-formechange|p2b: Aegislash|Aegislash|\n|move|p2b: Aegislash|King's Shield|p2b: Aegislash\n|-singleturn|p2b: Aegislash|Protect\n|move|p1a: Sneasler|Fake Out|p2a: Dragonite\n|-damage|p2a: Dragonite|94/100\n|cant|p2a: Dragonite|flinch\n|move|p1b: Pelipper|Tailwind|p1b: Pelipper\n|-sidestart|p1: fncy486|move: Tailwind\n|\n|-weather|RainDance|[upkeep]\n|upkeep\n|turn|9\n|\n|t:|1776431443\n|switch|p1b: Archaludon|Archaludon, L50, F|100/100\n|move|p1a: Sneasler|Dire Claw|p2a: Dragonite\n|-damage|p2a: Dragonite|57/100\n|move|p2a: Dragonite|Dragon Pulse|p1a: Sneasler\n|-damage|p1a: Sneasler|0 fnt\n|faint|p1a: Sneasler\n|-formechange|p2b: Aegislash|Aegislash-Blade|\n|move|p2b: Aegislash|Sacred Sword|p1b: Archaludon\n|-supereffective|p1b: Archaludon|1\n|-damage|p1b: Archaludon|0 fnt\n|faint|p1b: Archaludon\n|\n|-weather|RainDance|[upkeep]\n|upkeep\n|c|\u2606blog2|gg\n|\n|t:|1776431455\n|switch|p1a: Meganium|Meganium-Mega, L50, F|31/100\n|switch|p1b: Pelipper|Pelipper, L50, M|9/100\n|turn|10\n|\n|t:|1776431479\n|move|p2b: Aegislash|Shadow Sneak|p1b: Pelipper\n|-damage|p1b: Pelipper|0 fnt\n|faint|p1b: Pelipper\n|move|p1a: Meganium|Weather Ball|p2b: Aegislash\n|-supereffective|p2b: Aegislash|1\n|-damage|p2b: Aegislash|0 fnt\n|faint|p2b: Aegislash\n|move|p2a: Dragonite|Flamethrower|p1a: Meganium\n|-supereffective|p1a: Meganium|1\n|-damage|p1a: Meganium|0 fnt\n|faint|p1a: Meganium\n|\n|win|blog2\n|raw|fncy486's rating: 1072 &rarr; <strong>1049</strong><br />(-23 for losing)\n|raw|blog2's rating: 1029 &rarr; <strong>1069</strong><br />(+40 for winning)\n|l|\u2606fncy486\n|player|p1|\n",
  "uploadtime": 1776431499,
  "views": 24,
  "formatid": "gen9championsvgc2026regma",
  "rating": 1049,
  "private": 0,
  "password": null
}