{
  "id": "gen9championsvgc2026regma-2587826286",
  "format": "[Gen 9 Champions] VGC 2026 Reg M-A",
  "players": [
    "EnjoyerOfMilk",
    "pinnecks"
  ],
  "log": "|j|\u2606EnjoyerOfMilk\n|j|\u2606pinnecks\n|t:|1776567963\n|gametype|doubles\n|player|p1|EnjoyerOfMilk|102|1229\n|player|p2|pinnecks|lyra|1234\n|gen|9\n|tier|[Gen 9 Champions] VGC 2026 Reg M-A\n|rated|\n|rule|Species Clause: Limit one of each Pok\u00e9mon\n|rule|Item Clause: Limit 1 of each item\n|clearpoke\n|poke|p1|Farigiraf, L50, F|\n|poke|p1|Scizor, L50, F|\n|poke|p1|Sylveon, L50, F|\n|poke|p1|Empoleon, L50, F|\n|poke|p1|Torkoal, L50, F|\n|poke|p1|Spiritomb, L50, M|\n|poke|p2|Altaria, L50, F, shiny|\n|poke|p2|Aerodactyl, L50, M|\n|poke|p2|Milotic, L50, F|\n|poke|p2|Houndoom, L50, M, shiny|\n|poke|p2|Raichu-Alola, L50, M|\n|poke|p2|Aegislash, L50, M, shiny|\n|teampreview|4\n|inactive|Battle timer is ON: inactive players will automatically lose when time's up. (requested by EnjoyerOfMilk)\n|\n|t:|1776567991\n|teamsize|p1|4\n|teamsize|p2|4\n|start\n|switch|p1a: Spiritomb|Spiritomb, L50, M|100/100\n|switch|p1b: Scizor|Scizor, L50, F|100/100\n|switch|p2a: Milotic|Milotic, L50, F|100/100\n|switch|p2b: Houndoom|Houndoom, L50, M, shiny|100/100\n|-ability|p2b: Houndoom|Unnerve\n|-ability|p1a: Spiritomb|Pressure\n|turn|1\n|\n|t:|1776568008\n|detailschange|p2b: Houndoom|Houndoom-Mega, L50, M, shiny\n|-mega|p2b: Houndoom|Houndoom|Houndoominite\n|detailschange|p1b: Scizor|Scizor-Mega, L50, F\n|-mega|p1b: Scizor|Scizor|Scizorite\n|move|p1b: Scizor|Protect|p1b: Scizor\n|-singleturn|p1b: Scizor|Protect\n|move|p2b: Houndoom|Heat Wave|p1b: Scizor|[spread] p1a\n|-activate|p1b: Scizor|move: Protect\n|-damage|p1a: Spiritomb|64/100\n|move|p2a: Milotic|Muddy Water|p1a: Spiritomb|[spread] p1a\n|-activate|p1b: Scizor|move: Protect\n|-damage|p1a: Spiritomb|36/100\n|move|p1a: Spiritomb|Trick Room|p1a: Spiritomb\n|-fieldstart|move: Trick Room|[of] p1a: Spiritomb\n|\n|-heal|p1a: Spiritomb|42/100|[from] item: Leftovers\n|upkeep\n|turn|2\n|\n|t:|1776568031\n|move|p1a: Spiritomb|Shadow Ball|p2b: Houndoom\n|-resisted|p2b: Houndoom|1\n|-damage|p2b: Houndoom|85/100\n|-unboost|p2b: Houndoom|spd|1\n|move|p1b: Scizor|Bug Bite|p2b: Houndoom\n|-damage|p2b: Houndoom|16/100\n|move|p2a: Milotic|Muddy Water|p1a: Spiritomb|[spread] p1a,p1b\n|-damage|p1a: Spiritomb|16/100\n|-damage|p1b: Scizor|70/100\n|move|p2b: Houndoom|Heat Wave|p1a: Spiritomb|[spread] p1a,p1b\n|-supereffective|p1b: Scizor|2\n|-damage|p1a: Spiritomb|0 fnt\n|-damage|p1b: Scizor|0 fnt\n|faint|p1a: Spiritomb\n|faint|p1b: Scizor\n|\n|upkeep\n|\n|t:|1776568039\n|switch|p1a: Sylveon|Sylveon, L50, F|100/100\n|switch|p1b: Empoleon|Empoleon, L50, F|100/100\n|turn|3\n|\n|t:|1776568054\n|move|p1b: Empoleon|Flash Cannon|p2b: Houndoom\n|-resisted|p2b: Houndoom|1\n|-damage|p2b: Houndoom|0 fnt\n|faint|p2b: Houndoom\n|move|p1a: Sylveon|Calm Mind|p1a: Sylveon\n|-boost|p1a: Sylveon|spa|1\n|-boost|p1a: Sylveon|spd|1\n|move|p2a: Milotic|Scald|p1a: Sylveon\n|-damage|p1a: Sylveon|81/100\n|\n|upkeep\n|\n|t:|1776568064\n|switch|p2b: Raichu|Raichu-Alola, L50, M|100/100\n|turn|4\n|inactive|EnjoyerOfMilk has 30 seconds left.\n|\n|t:|1776568094\n|move|p1a: Sylveon|Hyper Voice|p2b: Raichu|[spread] p2a,p2b\n|-damage|p2a: Milotic|43/100\n|-damage|p2b: Raichu|14/100\n|move|p1b: Empoleon|Ice Beam|p2a: Milotic\n|-resisted|p2a: Milotic|1\n|-damage|p2a: Milotic|31/100\n|move|p2a: Milotic|Muddy Water|p1a: Sylveon|[spread] p1a,p1b\n|-resisted|p1b: Empoleon|1\n|-damage|p1a: Sylveon|66/100\n|-damage|p1b: Empoleon|86/100\n|-unboost|p1a: Sylveon|accuracy|1\n|move|p2b: Raichu|Thunderbolt|p1b: Empoleon\n|-supereffective|p1b: Empoleon|1\n|-damage|p1b: Empoleon|23/100\n|\n|-heal|p2a: Milotic|37/100|[from] item: Leftovers\n|upkeep\n|turn|5\n|\n|t:|1776568114\n|move|p2b: Raichu|Protect|p2b: Raichu\n|-singleturn|p2b: Raichu|Protect\n|move|p1b: Empoleon|Flash Cannon|p2b: Raichu\n|-activate|p2b: Raichu|move: Protect\n|move|p1a: Sylveon|Hyper Voice|p2b: Raichu|[spread] p2a\n|-activate|p2b: Raichu|move: Protect\n|-damage|p2a: Milotic|0 fnt\n|faint|p2a: Milotic\n|\n|-fieldend|move: Trick Room\n|upkeep\n|\n|t:|1776568123\n|switch|p2a: Aerodactyl|Aerodactyl, L50, M|100/100\n|-ability|p2a: Aerodactyl|Unnerve\n|turn|6\n|\n|t:|1776568132\n|move|p2a: Aerodactyl|Rock Slide|p1b: Empoleon|[spread] p1a\n|-miss|p2a: Aerodactyl|p1b: Empoleon\n|-damage|p1a: Sylveon|37/100\n|move|p2b: Raichu|Thunderbolt|p1b: Empoleon\n|-supereffective|p1b: Empoleon|1\n|-damage|p1b: Empoleon|0 fnt\n|faint|p1b: Empoleon\n|move|p1a: Sylveon|Hyper Voice|p2a: Aerodactyl|[spread] p2a,p2b\n|-enditem|p2a: Aerodactyl|Focus Sash\n|-damage|p2a: Aerodactyl|1/100\n|-damage|p2b: Raichu|0 fnt\n|faint|p2b: Raichu\n|\n|upkeep\n|turn|7\n|\n|t:|1776568152\n|move|p2a: Aerodactyl|Rock Slide|p1a: Sylveon\n|-damage|p1a: Sylveon|0 fnt\n|faint|p1a: Sylveon\n|\n|win|pinnecks\n|raw|EnjoyerOfMilk's rating: 1229 &rarr; <strong>1204</strong><br />(-25 for losing)\n|raw|pinnecks's rating: 1234 &rarr; <strong>1259</strong><br />(+25 for winning)\n",
  "uploadtime": 1776568157,
  "views": 13,
  "formatid": "gen9championsvgc2026regma",
  "rating": 1204,
  "private": 0,
  "password": null
}