{
  "id": "gen9championsvgc2026regma-2583517744",
  "format": "[Gen 9 Champions] VGC 2026 Reg M-A",
  "players": [
    "Triple Goose",
    "divra7"
  ],
  "log": "|j|\u2606Triple Goose\n|j|\u2606divra7\n|html|<table width=\"100%\"><tr><td align=\"left\">Triple Goose</td><td align=\"right\">divra7</tr><tr><td align=\"left\"><i class=\"fa fa-circle\"></i> <i class=\"fa fa-circle-o\"></i> </td><td align=\"right\"><i class=\"fa fa-circle-o\"></i> <i class=\"fa fa-circle-o\"></i> </tr></table>\n|uhtml|bestof|<h2><strong>Game 2</strong> of <a href=\"/game-bestof3-gen9championsvgc2026regma-2583514057\">a best-of-3</a></h2>\n|t:|1776180685\n|gametype|doubles\n|player|p1|Triple Goose|juggler|\n|player|p2|divra7|flannery|\n|gen|9\n|tier|[Gen 9 Champions] VGC 2026 Reg M-A\n|rated|Tournament battle\n|rule|Species Clause: Limit one of each Pok\u00e9mon\n|rule|Item Clause: Limit 1 of each item\n|raw|<div class=\"infobox\"><details class=\"readmore\" open><summary><strong>2 custom rules:</strong></summary> Force Open Team Sheets, Best of = 3</details></div>\n|clearpoke\n|poke|p1|Whimsicott, L50, F|\n|poke|p1|Typhlosion-Hisui, L50, M|\n|poke|p1|Farigiraf, L50, F|\n|poke|p1|Incineroar, L50, M|\n|poke|p1|Sneasler, L50, F|\n|poke|p1|Floette-Eternal, L50, F|\n|poke|p2|Charizard, L50, F|\n|poke|p2|Venusaur, L50, M|\n|poke|p2|Garchomp, L50, M|\n|poke|p2|Sneasler, L50, M|\n|poke|p2|Aegislash, L50, F|\n|poke|p2|Whimsicott, L50, M|\n|teampreview|4\n|showteam|p1|Whimsicott||FocusSash|Prankster|Moonblast,Tailwind,Encore,SunnyDay|||F|||50|]Typhlosion-Hisui||ChoiceScarf|Blaze|HeatWave,Eruption,Overheat,ShadowBall|||M|||50|]Farigiraf||SilkScarf|ArmorTail|Psychic,HyperVoice,TrickRoom,HelpingHand|||F|||50|]Incineroar||SitrusBerry|Intimidate|PartingShot,ThroatChop,FlareBlitz,FakeOut|||M|||50|]Sneasler||WhiteHerb|Unburden|DireClaw,CloseCombat,RockSlide,Protect|||F|||50|]Floette-Eternal||Floettite|FlowerVeil|Moonblast,DazzlingGleam,LightofRuin,Protect|||F|||50|\n|showteam|p2|Charizard||CharizarditeY|Blaze|HeatWave,WeatherBall,AirSlash,Protect|||F|||50|]Venusaur||FocusSash|Chlorophyll|EnergyBall,EarthPower,SludgeBomb,Protect|||M|||50|]Garchomp||HabanBerry|RoughSkin|DragonClaw,Earthquake,RockSlide,Protect|||M|||50|]Sneasler||WhiteHerb|Unburden|DireClaw,CloseCombat,FakeOut,Protect|||M|||50|]Aegislash||Leftovers|StanceChange|FlashCannon,ShadowBall,WideGuard,KingsShield|||F|||50|]Whimsicott||MentalHerb|Prankster|Moonblast,Tailwind,SunnyDay,Encore|||M|||50|\n|inactive|Battle timer is ON: inactive players will automatically lose when time's up. (requested by Triple Goose)\n|inactive|divra7 also wants the timer to be on.\n|j| GothPerona\n|j| Flying Nimbasa\n|inactive|divra7 has 60 seconds left.\n|\n|t:|1776180720\n|teamsize|p1|4\n|teamsize|p2|4\n|start\n|switch|p1a: Whimsicott|Whimsicott, L50, F|100/100\n|switch|p1b: Sneasler|Sneasler, L50, F|100/100\n|switch|p2a: Charizard|Charizard, L50, F|100/100\n|switch|p2b: Venusaur|Venusaur, L50, M|100/100\n|turn|1\n|\n|t:|1776180738\n|detailschange|p2a: Charizard|Charizard-Mega-Y, L50, F\n|-mega|p2a: Charizard|Charizard|Charizardite Y\n|-weather|SunnyDay|[from] ability: Drought|[of] p2a: Charizard\n|move|p2b: Venusaur|Protect|p2b: Venusaur\n|-singleturn|p2b: Venusaur|Protect\n|move|p1a: Whimsicott|Tailwind|p1a: Whimsicott\n|-sidestart|p1: Triple Goose|move: Tailwind\n|move|p1b: Sneasler|Rock Slide|p2b: Venusaur|[spread] \n|-activate|p2b: Venusaur|move: Protect\n|-miss|p1b: Sneasler|p2a: Charizard\n|move|p2a: Charizard|Air Slash|p1a: Whimsicott\n|-supereffective|p1a: Whimsicott|1\n|-enditem|p1a: Whimsicott|Focus Sash\n|-damage|p1a: Whimsicott|1/100\n|\n|-weather|SunnyDay|[upkeep]\n|upkeep\n|turn|2\n|\n|t:|1776180756\n|switch|p2b: Aegislash|Aegislash, L50, F|100/100\n|move|p1a: Whimsicott|Encore||[still]\n|-fail|p1a: Whimsicott\n|move|p1b: Sneasler|Rock Slide|p2b: Aegislash|[spread] p2a,p2b\n|-supereffective|p2a: Charizard|2\n|-resisted|p2b: Aegislash|1\n|-damage|p2a: Charizard|7/100\n|-damage|p2b: Aegislash|92/100\n|cant|p2a: Charizard|flinch\n|\n|-weather|SunnyDay|[upkeep]\n|-heal|p2b: Aegislash|98/100|[from] item: Leftovers\n|upkeep\n|turn|3\n|\n|t:|1776180778\n|move|p2a: Charizard|Protect|p2a: Charizard\n|-singleturn|p2a: Charizard|Protect\n|move|p1a: Whimsicott|Moonblast|p2a: Charizard\n|-activate|p2a: Charizard|move: Protect\n|move|p1b: Sneasler|Rock Slide|p2a: Charizard|[spread] p2b\n|-activate|p2a: Charizard|move: Protect\n|-resisted|p2b: Aegislash|1\n|-damage|p2b: Aegislash|90/100\n|-formechange|p2b: Aegislash|Aegislash-Blade|\n|move|p2b: Aegislash|Flash Cannon|p1b: Sneasler\n|-damage|p1b: Sneasler|44/100\n|\n|-weather|SunnyDay|[upkeep]\n|-heal|p2b: Aegislash|96/100|[from] item: Leftovers\n|upkeep\n|turn|4\n|\n|t:|1776180797\n|switch|p2a: Venusaur|Venusaur, L50, M|100/100\n|move|p1a: Whimsicott|Encore|p2b: Aegislash\n|-start|p2b: Aegislash|Encore\n|move|p1b: Sneasler|Dire Claw|p2a: Venusaur\n|-damage|p2a: Venusaur|41/100\n|move|p2b: Aegislash|Flash Cannon|p1b: Sneasler\n|-crit|p1b: Sneasler\n|-damage|p1b: Sneasler|0 fnt\n|faint|p1b: Sneasler\n|\n|-weather|SunnyDay|[upkeep]\n|-heal|p2b: Aegislash|100/100|[from] item: Leftovers\n|-sideend|p1: Triple Goose|move: Tailwind\n|upkeep\n|\n|t:|1776180809\n|switch|p1b: Typhlosion|Typhlosion-Hisui, L50, M|100/100\n|turn|5\n|\n|t:|1776180828\n|move|p2a: Venusaur|Protect|p2a: Venusaur\n|-singleturn|p2a: Venusaur|Protect\n|move|p1a: Whimsicott|Tailwind|p1a: Whimsicott\n|-sidestart|p1: Triple Goose|move: Tailwind\n|move|p1b: Typhlosion|Eruption|p2a: Venusaur|[spread] p2b\n|-activate|p2a: Venusaur|move: Protect\n|-supereffective|p2b: Aegislash|1\n|-damage|p2b: Aegislash|0 fnt\n|faint|p2b: Aegislash\n|\n|-weather|none\n|upkeep\n|\n|t:|1776180844\n|switch|p2b: Garchomp|Garchomp, L50, M|100/100\n|turn|6\n|\n|t:|1776180869\n|switch|p2a: Charizard|Charizard-Mega-Y, L50, F|7/100\n|-weather|SunnyDay|[from] ability: Drought|[of] p2a: Charizard\n|move|p1b: Typhlosion|Eruption|p2a: Charizard|[spread] p2a,p2b\n|-resisted|p2a: Charizard|1\n|-resisted|p2b: Garchomp|1\n|-damage|p2a: Charizard|0 fnt\n|-damage|p2b: Garchomp|56/100\n|faint|p2a: Charizard\n|move|p1a: Whimsicott|Moonblast|p2b: Garchomp\n|-supereffective|p2b: Garchomp|1\n|-damage|p2b: Garchomp|0 fnt\n|faint|p2b: Garchomp\n|\n|-weather|SunnyDay|[upkeep]\n|upkeep\n|l| GothPerona\n|\n|t:|1776180884\n|switch|p2b: Venusaur|Venusaur, L50, M|41/100\n|turn|7\n|\n|t:|1776180889\n|move|p2b: Venusaur|Protect|p2b: Venusaur\n|-singleturn|p2b: Venusaur|Protect\n|move|p1b: Typhlosion|Eruption|p2b: Venusaur\n|-activate|p2b: Venusaur|move: Protect\n|move|p1a: Whimsicott|Moonblast|p2b: Venusaur\n|-activate|p2b: Venusaur|move: Protect\n|\n|-weather|SunnyDay|[upkeep]\n|upkeep\n|turn|8\n|\n|t:|1776180898\n|move|p1a: Whimsicott|Encore|p2b: Venusaur\n|-start|p2b: Venusaur|Encore\n|move|p2b: Venusaur|Protect||[still]\n|-fail|p2b: Venusaur\n|move|p1b: Typhlosion|Eruption|p2b: Venusaur\n|-supereffective|p2b: Venusaur|1\n|-damage|p2b: Venusaur|0 fnt\n|faint|p2b: Venusaur\n|\n|win|Triple Goose\n|c|\u2606Triple Goose|ggs wp\n|c|\u2606divra7|ggs\n|l|\u2606divra7\n|player|p2|\n",
  "uploadtime": 1776180930,
  "views": 27,
  "formatid": "gen9championsvgc2026regma",
  "rating": null,
  "private": 0,
  "password": null
}