{
  "id": "gen9championsvgc2026regma-2585535862",
  "format": "[Gen 9 Champions] VGC 2026 Reg M-A",
  "players": [
    "buffhaxorusvgc",
    "luvnoir"
  ],
  "log": "|j|\u2606buffhaxorusvgc\n|j|\u2606luvnoir\n|t:|1776354005\n|gametype|doubles\n|player|p1|buffhaxorusvgc|170|\n|player|p2|luvnoir|boarder|\n|gen|9\n|tier|[Gen 9 Champions] VGC 2026 Reg M-A\n|rule|Species Clause: Limit one of each Pok\u00e9mon\n|rule|Item Clause: Limit 1 of each item\n|clearpoke\n|poke|p1|Chandelure, L50, M|\n|poke|p1|Incineroar, L50, M|\n|poke|p1|Rotom-Wash, L50|\n|poke|p1|Aerodactyl, L50, F|\n|poke|p1|Sneasler, L50, F|\n|poke|p1|Krookodile, L50, M|\n|poke|p2|Audino, L50, F|\n|poke|p2|Sableye, L50, F|\n|poke|p2|Slowbro-Galar, L50, M|\n|poke|p2|Pelipper, L50, M|\n|poke|p2|Torkoal, L50, M|\n|poke|p2|Ampharos, L50, F|\n|teampreview|4\n|inactive|Battle timer is ON: inactive players will automatically lose when time's up. (requested by buffhaxorusvgc)\n|inactive|buffhaxorusvgc has 60 seconds left.\nluvnoir rejected open team sheets.\n|inactive|buffhaxorusvgc has 30 seconds left.\n|\n|t:|1776354073\n|teamsize|p1|4\n|teamsize|p2|4\n|start\n|switch|p1a: Aerodactyl|Aerodactyl, L50, F|100/100\n|switch|p1b: Krookodile|Krookodile, L50, M|100/100\n|switch|p2a: Ampharos|Ampharos, L50, F|100/100\n|switch|p2b: Slowbro|Slowbro-Galar, L50, M|100/100\n|-ability|p1a: Aerodactyl|Unnerve\n|turn|1\n|\n|t:|1776354092\n|move|p1a: Aerodactyl|Rock Slide|p2a: Ampharos|[spread] p2a,p2b\n|-damage|p2a: Ampharos|78/100\n|-damage|p2b: Slowbro|78/100\n|move|p1b: Krookodile|Earthquake|p2b: Slowbro|[spread] p2a,p2b\n|-immune|p1a: Aerodactyl\n|-supereffective|p2a: Ampharos|1\n|-supereffective|p2b: Slowbro|1\n|-damage|p2a: Ampharos|8/100\n|-damage|p2b: Slowbro|18/100\n|move|p2a: Ampharos|Thunder|p1a: Aerodactyl|[miss]\n|-miss|p2a: Ampharos|p1a: Aerodactyl\n|move|p2b: Slowbro|Trick Room|p2b: Slowbro\n|-fieldstart|move: Trick Room|[of] p2b: Slowbro\n|\n|upkeep\n|turn|2\n|inactive|buffhaxorusvgc has 30 seconds left.\n|\n|t:|1776354125\n|switch|p1a: Sneasler|Sneasler, L50, F|100/100\n|move|p2b: Slowbro|Ice Beam|p1b: Krookodile\n|-supereffective|p1b: Krookodile|1\n|-damage|p1b: Krookodile|45/100\n|move|p2a: Ampharos|Thunder|p1a: Sneasler\n|-damage|p1a: Sneasler|22/100\n|move|p1b: Krookodile|Earthquake|p2b: Slowbro|[spread] p1a,p2a,p2b\n|-supereffective|p1a: Sneasler|1\n|-supereffective|p2a: Ampharos|1\n|-supereffective|p2b: Slowbro|1\n|-damage|p1a: Sneasler|0 fnt\n|-damage|p2a: Ampharos|0 fnt\n|-damage|p2b: Slowbro|0 fnt\n|faint|p1a: Sneasler\n|faint|p2a: Ampharos\n|faint|p2b: Slowbro\n|-ability|p1b: Krookodile|Moxie|boost\n|-boost|p1b: Krookodile|atk|3\n|\n|upkeep\n|\n|t:|1776354143\n|switch|p2b: Pelipper|Pelipper, L50, M|100/100\n|switch|p2a: Sableye|Sableye, L50, F|100/100\n|switch|p1a: Chandelure|Chandelure, L50, M|100/100\n|-weather|RainDance|[from] ability: Drizzle|[of] p2b: Pelipper\n|turn|3\n|\n|t:|1776354163\n|move|p1b: Krookodile|Protect|p1b: Krookodile\n|-singleturn|p1b: Krookodile|Protect\n|move|p2a: Sableye|Poltergeist|p1b: Krookodile\n|-activate|p1b: Krookodile|move: Protect\n|move|p2b: Pelipper|Surf|p1b: Krookodile|[spread] p2a,p1a\n|-activate|p1b: Krookodile|move: Protect\n|-supereffective|p1a: Chandelure|1\n|-damage|p2a: Sableye|22/100\n|-damage|p1a: Chandelure|0 fnt\n|faint|p1a: Chandelure\n|\n|-weather|RainDance|[upkeep]\n|upkeep\n|\n|t:|1776354178\n|switch|p1a: Aerodactyl|Aerodactyl, L50, F|100/100\n|-ability|p1a: Aerodactyl|Unnerve\n|turn|4\n|\n|t:|1776354194\n|move|p1b: Krookodile|Protect||[still]\n|-fail|p1b: Krookodile\n|move|p2a: Sableye|Gyro Ball|p1a: Aerodactyl\n|-supereffective|p1a: Aerodactyl|1\n|-damage|p1a: Aerodactyl|60/100\n|move|p2b: Pelipper|Weather Ball|p1b: Krookodile\n|-supereffective|p1b: Krookodile|1\n|-damage|p1b: Krookodile|0 fnt\n|faint|p1b: Krookodile\n|move|p1a: Aerodactyl|Sunny Day|p1a: Aerodactyl\n|-weather|SunnyDay\n|\n|-weather|SunnyDay|[upkeep]\n|upkeep\n|turn|5\n|\n|t:|1776354214\n|move|p2a: Sableye|Gyro Ball|p1a: Aerodactyl\n|-supereffective|p1a: Aerodactyl|1\n|-crit|p1a: Aerodactyl\n|-damage|p1a: Aerodactyl|0 fnt\n|faint|p1a: Aerodactyl\n|\n|win|luvnoir\n",
  "uploadtime": 1776354220,
  "views": 47,
  "formatid": "gen9championsvgc2026regma",
  "rating": null,
  "private": 0,
  "password": null
}