{
  "id": "gen9championsvgc2026regma-2582578129",
  "format": "[Gen 9 Champions] VGC 2026 Reg M-A",
  "players": [
    "Desyyy",
    "colfox"
  ],
  "log": "|j|\u2606Desyyy\n|j|\u2606colfox\n|t:|1776100507\n|gametype|doubles\n|player|p1|Desyyy|1|1240\n|player|p2|colfox|265|1203\n|gen|9\n|tier|[Gen 9 Champions] VGC 2026 Reg M-A\n|rated|\n|rule|Species Clause: Limit one of each Pok\u00e9mon\n|rule|Item Clause: Limit 1 of each item\n|clearpoke\n|poke|p1|Arcanine, L50, M|\n|poke|p1|Rotom-Wash, L50|\n|poke|p1|Corviknight, L50, M|\n|poke|p1|Venusaur, L50, F|\n|poke|p1|Garchomp, L50, M|\n|poke|p1|Sneasler, L50, M|\n|poke|p2|Ninetales, L50, F|\n|poke|p2|Dragonite, L50, M|\n|poke|p2|Sylveon, L50, F|\n|poke|p2|Milotic, L50, F|\n|poke|p2|Delphox, L50, F|\n|poke|p2|Garchomp, L50, M|\n|teampreview|4\n|\n|t:|1776100558\n|teamsize|p1|4\n|teamsize|p2|4\n|start\n|switch|p1a: Rotom|Rotom-Wash, L50|100/100\n|switch|p1b: Garchomp|Garchomp, L50, M|100/100\n|switch|p2a: Sylveon|Sylveon, L50, F|100/100\n|switch|p2b: Dragonite|Dragonite, L50, M|100/100\n|turn|1\n|inactive|Battle timer is ON: inactive players will automatically lose when time's up. (requested by Desyyy)\n|\n|t:|1776100577\n|switch|p1b: Venusaur|Venusaur, L50, F|100/100\n|move|p1a: Rotom|Volt Switch|p2b: Dragonite\n|-damage|p2b: Dragonite|69/100\n|\n|t:|1776100585\n|switch|p1a: Sneasler|Sneasler, L50, M|100/100|[from] Volt Switch\n|move|p2b: Dragonite|Tailwind|p2b: Dragonite\n|-sidestart|p2: colfox|move: Tailwind\n|move|p2a: Sylveon|Hyper Voice|p1a: Sneasler|[spread] p1a,p1b\n|-resisted|p1b: Venusaur|1\n|-damage|p1a: Sneasler|27/100\n|-damage|p1b: Venusaur|80/100\n|\n|upkeep\n|turn|2\n|inactive|Desyyy has 30 seconds left.\n|inactive|colfox has 30 seconds left.\n|inactive|Desyyy has 20 seconds left.\n|\n|t:|1776100623\n|detailschange|p1b: Venusaur|Venusaur-Mega, L50, F\n|-mega|p1b: Venusaur|Venusaur|Venusaurite\n|move|p1a: Sneasler|Fake Out|p2a: Sylveon\n|-damage|p2a: Sylveon|84/100\n|move|p2b: Dragonite|Extreme Speed|p1a: Sneasler\n|-damage|p1a: Sneasler|0 fnt\n|faint|p1a: Sneasler\n|cant|p2a: Sylveon|flinch\n|move|p1b: Venusaur|Leech Seed|p2b: Dragonite\n|-start|p2b: Dragonite|move: Leech Seed\n|\n|-damage|p2b: Dragonite|56/100|[from] Leech Seed|[of] p1b: Venusaur\n|-heal|p1b: Venusaur|91/100|[silent]\n|upkeep\n|\n|t:|1776100639\n|switch|p1a: Rotom|Rotom-Wash, L50|100/100\n|turn|3\n|inactive|colfox has 30 seconds left.\n|inactive|colfox has 20 seconds left.\n|inactive|colfox has 15 seconds left.\n|inactive|colfox has 10 seconds left.\n|\n|t:|1776100684\n|move|p2b: Dragonite|Dragon Claw|p1a: Rotom\n|-damage|p1a: Rotom|38/100\n|move|p1a: Rotom|Thunderbolt|p2b: Dragonite\n|-damage|p2b: Dragonite|16/100\n|move|p2a: Sylveon|Hyper Voice|p1b: Venusaur|[spread] p1a,p1b\n|-resisted|p1b: Venusaur|1\n|-damage|p1a: Rotom|0 fnt\n|-damage|p1b: Venusaur|72/100\n|faint|p1a: Rotom\n|move|p1b: Venusaur|Sludge Bomb|p2a: Sylveon\n|-supereffective|p2a: Sylveon|1\n|-damage|p2a: Sylveon|23/100\n|\n|-damage|p2b: Dragonite|3/100|[from] Leech Seed|[of] p1b: Venusaur\n|-heal|p1b: Venusaur|83/100|[silent]\n|upkeep\n|\n|t:|1776100699\n|switch|p1a: Garchomp|Garchomp, L50, M|100/100\n|turn|4\n|\n|t:|1776100715\n|move|p1a: Garchomp|Protect|p1a: Garchomp\n|-singleturn|p1a: Garchomp|Protect\n|move|p2b: Dragonite|Extreme Speed|p1b: Venusaur\n|-damage|p1b: Venusaur|58/100\n|move|p2a: Sylveon|Hyper Voice|p1b: Venusaur|[spread] p1b\n|-activate|p1a: Garchomp|move: Protect\n|-resisted|p1b: Venusaur|1\n|-damage|p1b: Venusaur|41/100\n|move|p1b: Venusaur|Sludge Bomb|p2a: Sylveon\n|-supereffective|p2a: Sylveon|1\n|-damage|p2a: Sylveon|0 fnt\n|faint|p2a: Sylveon\n|\n|-damage|p2b: Dragonite|0 fnt|[from] Leech Seed|[of] p1b: Venusaur\n|-heal|p1b: Venusaur|43/100|[silent]\n|faint|p2b: Dragonite\n|-sideend|p2: colfox|move: Tailwind\n|upkeep\n|\n|t:|1776100734\n|switch|p2b: Ninetales|Ninetales, L50, F|100/100\n|switch|p2a: Delphox|Delphox, L50, F|100/100\n|-weather|SunnyDay|[from] ability: Drought|[of] p2b: Ninetales\n|turn|5\n|\n|t:|1776100758\n|detailschange|p2a: Delphox|Delphox-Mega, L50, F\n|-mega|p2a: Delphox|Delphox|Delphoxite\n|move|p2a: Delphox|Heat Wave|p1b: Venusaur|[spread] p1a,p1b\n|-resisted|p1a: Garchomp|1\n|-supereffective|p1b: Venusaur|1\n|-damage|p1a: Garchomp|68/100\n|-damage|p1b: Venusaur|0 fnt\n|faint|p1b: Venusaur\n|move|p1a: Garchomp|Stone Edge|p2a: Delphox|[miss]\n|-miss|p1a: Garchomp|p2a: Delphox\n|move|p2b: Ninetales|Heat Wave|p1a: Garchomp\n|-resisted|p1a: Garchomp|1\n|-damage|p1a: Garchomp|39/100\n|\n|-weather|SunnyDay|[upkeep]\n|upkeep\n|turn|6\n|-message|Desyyy forfeited.\n|\n|win|colfox\n|raw|Desyyy's rating: 1240 &rarr; <strong>1212</strong><br />(-28 for losing)\n|raw|colfox's rating: 1203 &rarr; <strong>1231</strong><br />(+28 for winning)\n|l|\u2606Desyyy\n|player|p1|\n",
  "uploadtime": 1776100786,
  "views": 27,
  "formatid": "gen9championsvgc2026regma",
  "rating": 1212,
  "private": 0,
  "password": null
}