{
  "id": "gen9championsvgc2026regma-2585166729",
  "format": "[Gen 9 Champions] VGC 2026 Reg M-A",
  "players": [
    "Mimittan",
    "loklastaji"
  ],
  "log": "|j|\u2606Mimittan\n|j|\u2606loklastaji\n|t:|1776320084\n|gametype|doubles\n|player|p1|Mimittan|iris-gen5bw2|1362\n|player|p2|loklastaji|102|1352\n|gen|9\n|tier|[Gen 9 Champions] VGC 2026 Reg M-A\n|rated|\n|rule|Species Clause: Limit one of each Pok\u00e9mon\n|rule|Item Clause: Limit 1 of each item\n|clearpoke\n|poke|p1|Floette-Eternal, L50, F|\n|poke|p1|Aerodactyl, L50, M|\n|poke|p1|Incineroar, L50, F|\n|poke|p1|Sneasler, L50, F|\n|poke|p1|Kingambit, L50, M|\n|poke|p1|Sinistcha-Masterpiece, L50|\n|poke|p2|Samurott-Hisui, L50, M|\n|poke|p2|Delphox, L50, F|\n|poke|p2|Tinkaton, L50, F|\n|poke|p2|Decidueye-Hisui, L50, M|\n|poke|p2|Dragonite, L50, M|\n|poke|p2|Maushold-Four, L50|\n|teampreview|4\n|inactive|Battle timer is ON: inactive players will automatically lose when time's up. (requested by Mimittan)\n|inactive|Mimittan has 60 seconds left.\n|inactive|loklastaji has 60 seconds left.\n|\n|t:|1776320129\n|teamsize|p1|4\n|teamsize|p2|4\n|start\n|switch|p1a: Incineroar|Incineroar, L50, F|100/100\n|switch|p1b: Floette|Floette-Eternal, L50, F|100/100\n|switch|p2a: Tinkaton|Tinkaton, L50, F|100/100\n|switch|p2b: Dragonite|Dragonite, L50, M|100/100\n|-ability|p2a: Tinkaton|Mold Breaker\n|-ability|p1a: Incineroar|Intimidate|boost\n|-unboost|p2a: Tinkaton|atk|1\n|-fail|p2b: Dragonite|unboost|Attack|[from] ability: Inner Focus|[of] p2b: Dragonite\n|turn|1\n|inactive|loklastaji has 30 seconds left.\n|inactive|loklastaji has 20 seconds left.\n|inactive|loklastaji has 15 seconds left.\n|\n|t:|1776320173\n|detailschange|p2b: Dragonite|Dragonite-Mega, L50, M\n|-mega|p2b: Dragonite|Dragonite|Dragoninite\n|detailschange|p1b: Floette|Floette-Mega, L50, F\n|-mega|p1b: Floette|Floette|Floettite\n|-ability|p1b: Floette|Fairy Aura\n|move|p2a: Tinkaton|Fake Out|p1b: Floette\n|-damage|p1b: Floette|94/100\n|move|p1a: Incineroar|Fake Out|p2a: Tinkaton\n|-resisted|p2a: Tinkaton|1\n|-damage|p2a: Tinkaton|93/100\n|move|p2b: Dragonite|Tailwind|p2b: Dragonite\n|-sidestart|p2: loklastaji|move: Tailwind\n|cant|p1b: Floette|flinch\n|\n|upkeep\n|turn|2\n|inactive|loklastaji has 30 seconds left.\n|\n|t:|1776320198\n|switch|p1a: Sinistcha|Sinistcha-Masterpiece, L50|100/100\n|-heal|p1b: Floette|100/100|[from] ability: Hospitality|[of] p1a: Sinistcha\n|move|p1b: Floette|Protect|p1b: Floette\n|-singleturn|p1b: Floette|Protect\n|move|p2b: Dragonite|Air Slash|p1b: Floette\n|-activate|p1b: Floette|move: Protect\n|move|p2a: Tinkaton|Gigaton Hammer|p1b: Floette\n|-activate|p1b: Floette|move: Protect\n|\n|upkeep\n|turn|3\n|\n|t:|1776320223\n|switch|p2a: Delphox|Delphox, L50, F|100/100\n|move|p2b: Dragonite|Air Slash|p1a: Sinistcha\n|-supereffective|p1a: Sinistcha|1\n|-damage|p1a: Sinistcha|18/100\n|-enditem|p1a: Sinistcha|Sitrus Berry|[eat]\n|-heal|p1a: Sinistcha|43/100|[from] item: Sitrus Berry\n|move|p1b: Floette|Dazzling Gleam|p2a: Delphox|[spread] p2a,p2b\n|-resisted|p2a: Delphox|1\n|-supereffective|p2b: Dragonite|1\n|-damage|p2a: Delphox|72/100\n|-damage|p2b: Dragonite|58/100\n|move|p1a: Sinistcha|Trick Room|p1a: Sinistcha\n|-fieldstart|move: Trick Room|[of] p1a: Sinistcha\n|\n|upkeep\n|turn|4\n|inactive|Mimittan has 30 seconds left.\n|inactive|loklastaji has 30 seconds left.\n|\n|t:|1776320254\n|switch|p1a: Incineroar|Incineroar, L50, F|100/100\n|-ability|p1a: Incineroar|Intimidate|boost\n|-unboost|p2a: Delphox|atk|1\n|-unboost|p2b: Dragonite|atk|1\n|move|p2b: Dragonite|Protect|p2b: Dragonite\n|-singleturn|p2b: Dragonite|Protect\n|move|p1b: Floette|Dazzling Gleam|p2a: Delphox|[spread] p2a\n|-activate|p2b: Dragonite|move: Protect\n|-resisted|p2a: Delphox|1\n|-damage|p2a: Delphox|44/100\n|move|p2a: Delphox|Nasty Plot|p2a: Delphox\n|-boost|p2a: Delphox|spa|2\n|\n|-sideend|p2: loklastaji|move: Tailwind\n|upkeep\n|turn|5\n|inactive|Mimittan has 30 seconds left.\n|inactive|loklastaji has 30 seconds left.\n|inactive|loklastaji has 20 seconds left.\n|inactive|loklastaji has 15 seconds left.\n|inactive|loklastaji has 10 seconds left.\n|inactive|loklastaji has 5 seconds left.\n|\n|t:|1776320305\n|switch|p2b: Tinkaton|Tinkaton, L50, F|93/100\n|-ability|p2b: Tinkaton|Mold Breaker\n|move|p2a: Delphox|Protect|p2a: Delphox\n|-singleturn|p2a: Delphox|Protect\n|move|p1a: Incineroar|Parting Shot|p2a: Delphox\n|-activate|p2a: Delphox|move: Protect\n|move|p1b: Floette|Dazzling Gleam|p2a: Delphox|[spread] p2b\n|-activate|p2a: Delphox|move: Protect\n|-resisted|p2b: Tinkaton|1\n|-damage|p2b: Tinkaton|67/100\n|\n|upkeep\n|turn|6\n|inactive|loklastaji has 30 seconds left.\n|\n|t:|1776320334\n|switch|p1b: Kingambit|Kingambit, L50, M|100/100\n|move|p2b: Tinkaton|Fake Out|p1a: Incineroar\n|-damage|p1a: Incineroar|92/100\n|cant|p1a: Incineroar|flinch\n|move|p2a: Delphox|Psychic|p1b: Kingambit\n|-immune|p1b: Kingambit\n|\n|upkeep\n|turn|7\n|inactive|Mimittan has 30 seconds left.\n|inactive|Mimittan has 20 seconds left.\n|inactive|Mimittan has 15 seconds left.\n|inactive|Mimittan has 10 seconds left.\n|\n|t:|1776320380\n|switch|p1a: Sinistcha|Sinistcha-Masterpiece, L50|43/100\n|switch|p1b: Floette|Floette-Mega, L50, F|100/100\n|-ability|p1b: Floette|Fairy Aura\n|move|p2b: Tinkaton|Protect|p2b: Tinkaton\n|-singleturn|p2b: Tinkaton|Protect\n|move|p2a: Delphox|Protect||[still]\n|-fail|p2a: Delphox\n|\n|-fieldend|move: Trick Room\n|upkeep\n|turn|8\n|inactive|loklastaji has 30 seconds left.\n|\n|t:|1776320408\n|switch|p1a: Incineroar|Incineroar, L50, F|92/100\n|-ability|p1a: Incineroar|Intimidate|boost\n|-unboost|p2a: Delphox|atk|1\n|-unboost|p2b: Tinkaton|atk|1\n|move|p1b: Floette|Protect|p1b: Floette\n|-singleturn|p1b: Floette|Protect\n|move|p2a: Delphox|Heat Wave|p1a: Incineroar|[spread] p1a\n|-activate|p1b: Floette|move: Protect\n|-resisted|p1a: Incineroar|1\n|-damage|p1a: Incineroar|66/100\n|move|p2b: Tinkaton|Gigaton Hammer|p1b: Floette\n|-activate|p1b: Floette|move: Protect\n|\n|upkeep\n|turn|9\n|inactive|loklastaji has 30 seconds left.\n|\n|t:|1776320443\n|move|p2a: Delphox|Protect|p2a: Delphox\n|-singleturn|p2a: Delphox|Protect\n|move|p2b: Tinkaton|Protect|p2b: Tinkaton\n|-singleturn|p2b: Tinkaton|Protect\n|move|p1a: Incineroar|Fake Out|p2a: Delphox\n|-activate|p2a: Delphox|move: Protect\n|move|p1b: Floette|Calm Mind|p1b: Floette\n|-boost|p1b: Floette|spa|1\n|-boost|p1b: Floette|spd|1\n|\n|upkeep\n|turn|10\n|\n|t:|1776320466\n|move|p1b: Floette|Protect|p1b: Floette\n|-singleturn|p1b: Floette|Protect\n|move|p2a: Delphox|Psychic|p1b: Floette\n|-activate|p1b: Floette|move: Protect\n|move|p2b: Tinkaton|Gigaton Hammer|p1b: Floette\n|-activate|p1b: Floette|move: Protect\n|move|p1a: Incineroar|Darkest Lariat|p2a: Delphox\n|-supereffective|p2a: Delphox|1\n|-damage|p2a: Delphox|0 fnt\n|faint|p2a: Delphox\n|\n|upkeep\n|\n|t:|1776320491\n|switch|p2a: Dragonite|Dragonite-Mega, L50, M|58/100\n|turn|11\n|\n|t:|1776320506\n|move|p2a: Dragonite|Protect|p2a: Dragonite\n|-singleturn|p2a: Dragonite|Protect\n|move|p2b: Tinkaton|Protect|p2b: Tinkaton\n|-singleturn|p2b: Tinkaton|Protect\n|move|p1b: Floette|Dazzling Gleam|p2a: Dragonite|[spread] \n|-activate|p2a: Dragonite|move: Protect\n|-activate|p2b: Tinkaton|move: Protect\n|move|p1a: Incineroar|Parting Shot|p2b: Tinkaton\n|-activate|p2b: Tinkaton|move: Protect\n|\n|upkeep\n|turn|12\n|inactive|loklastaji has 30 seconds left.\n|\n|t:|1776320534\n|move|p2a: Dragonite|Draco Meteor|p1a: Incineroar\n|-damage|p1a: Incineroar|13/100\n|-unboost|p2a: Dragonite|spa|2\n|move|p2b: Tinkaton|Gigaton Hammer|p1b: Floette\n|-supereffective|p1b: Floette|1\n|-damage|p1b: Floette|26/100\n|move|p1b: Floette|Dazzling Gleam|p2a: Dragonite|[spread] p2a,p2b\n|-supereffective|p2a: Dragonite|1\n|-resisted|p2b: Tinkaton|1\n|-damage|p2a: Dragonite|0 fnt\n|-damage|p2b: Tinkaton|27/100\n|-enditem|p2b: Tinkaton|Sitrus Berry|[eat]\n|-heal|p2b: Tinkaton|52/100|[from] item: Sitrus Berry\n|faint|p2a: Dragonite\n|move|p1a: Incineroar|Parting Shot|p2b: Tinkaton\n|-unboost|p2b: Tinkaton|atk|1\n|-unboost|p2b: Tinkaton|spa|1\n|\n|t:|1776320550\n|switch|p1a: Sinistcha|Sinistcha-Masterpiece, L50|43/100|[from] Parting Shot\n|-heal|p1b: Floette|51/100|[from] ability: Hospitality|[of] p1a: Sinistcha\n|\n|upkeep\n|\n|t:|1776320556\n|switch|p2a: Decidueye|Decidueye-Hisui, L50, M|100/100\n|turn|13\n|\n|t:|1776320576\n|move|p1b: Floette|Protect|p1b: Floette\n|-singleturn|p1b: Floette|Protect\n|move|p2a: Decidueye|Leaf Blade|p1b: Floette\n|-activate|p1b: Floette|move: Protect\n|move|p2b: Tinkaton|Play Rough|p1a: Sinistcha\n|-damage|p1a: Sinistcha|24/100\n|move|p1a: Sinistcha|Life Dew|p1a: Sinistcha|[spread] p1a,p1b\n|-heal|p1a: Sinistcha|49/100\n|-heal|p1b: Floette|76/100\n|\n|upkeep\n|turn|14\n|inactive|loklastaji has 30 seconds left.\n|\n|t:|1776320609\n|switch|p1a: Incineroar|Incineroar, L50, F|13/100\n|-ability|p1a: Incineroar|Intimidate|boost\n|-fail|p2a: Decidueye|unboost|Attack|[from] ability: Scrappy|[of] p2a: Decidueye\n|-unboost|p2b: Tinkaton|atk|1\n|move|p2a: Decidueye|Leaf Blade|p1b: Floette\n|-damage|p1b: Floette|36/100\n|move|p2b: Tinkaton|Gigaton Hammer|p1b: Floette\n|-supereffective|p1b: Floette|1\n|-damage|p1b: Floette|0 fnt\n|faint|p1b: Floette\n|\n|upkeep\n|\n|t:|1776320623\n|switch|p1b: Sinistcha|Sinistcha-Masterpiece, L50|49/100\n|-heal|p1a: Incineroar|38/100|[from] ability: Hospitality|[of] p1b: Sinistcha\n|turn|15\n|j| humungulous\n|\n|t:|1776320638\n|move|p2b: Tinkaton|Protect|p2b: Tinkaton\n|-singleturn|p2b: Tinkaton|Protect\n|move|p1b: Sinistcha|Rage Powder|p1b: Sinistcha\n|-singleturn|p1b: Sinistcha|move: Rage Powder\n|move|p2a: Decidueye|Leaf Blade|p1a: Incineroar\n|-resisted|p1a: Incineroar|1\n|-damage|p1a: Incineroar|20/100\n|move|p1a: Incineroar|Flare Blitz|p2b: Tinkaton\n|-activate|p2b: Tinkaton|move: Protect\n|\n|upkeep\n|turn|16\n|inactive|loklastaji has 30 seconds left.\n|\n|t:|1776320656\n|move|p1b: Sinistcha|Rage Powder|p1b: Sinistcha\n|-singleturn|p1b: Sinistcha|move: Rage Powder\n|move|p2a: Decidueye|Leaf Blade|p1a: Incineroar\n|-resisted|p1a: Incineroar|1\n|-crit|p1a: Incineroar\n|-damage|p1a: Incineroar|0 fnt\n|faint|p1a: Incineroar\n|move|p2b: Tinkaton|Gigaton Hammer|p1b: Sinistcha\n|-damage|p1b: Sinistcha|30/100\n|\n|upkeep\n|\n|t:|1776320665\n|switch|p1a: Kingambit|Kingambit, L50, M|100/100\n|turn|17\n|inactive|loklastaji has 25 seconds left this turn.\n|inactive|loklastaji has 20 seconds left.\n|inactive|loklastaji has 15 seconds left.\n|\n|t:|1776320675\n|move|p1a: Kingambit|Protect|p1a: Kingambit\n|-singleturn|p1a: Kingambit|Protect\n|move|p2a: Decidueye|Leaf Blade|p1a: Kingambit\n|-activate|p1a: Kingambit|move: Protect\n|move|p2b: Tinkaton|Play Rough|p1a: Kingambit\n|-activate|p1a: Kingambit|move: Protect\n|move|p1b: Sinistcha|Life Dew||[still]|[spread] p1a,p1b\n|-fail|p1a: Kingambit|heal\n|-heal|p1b: Sinistcha|56/100\n|\n|upkeep\n|turn|18\n|inactive|loklastaji has 15 seconds left this turn.\n|inactive|loklastaji has 10 seconds left.\n|inactive|loklastaji has 5 seconds left.\n|-message|loklastaji lost due to inactivity.\n|\n|win|Mimittan\n|raw|Mimittan's rating: 1362 &rarr; <strong>1381</strong><br />(+19 for winning)\n|raw|loklastaji's rating: 1352 &rarr; <strong>1333</strong><br />(-19 for losing)\n",
  "uploadtime": 1776320692,
  "views": 30,
  "formatid": "gen9championsvgc2026regma",
  "rating": 1333,
  "private": 0,
  "password": null
}