{
  "id": "gen9championsvgc2026regma-2582517593",
  "format": "[Gen 9 Champions] VGC 2026 Reg M-A",
  "players": [
    "Iagordo",
    "RijdendeRechter"
  ],
  "log": "|j|\u2606Iagordo\n|j|\u2606RijdendeRechter\n|t:|1776096759\n|gametype|doubles\n|player|p1|Iagordo|266|1303\n|player|p2|RijdendeRechter|roughneck-gen4|1409\n|gen|9\n|tier|[Gen 9 Champions] VGC 2026 Reg M-A\n|rated|\n|rule|Species Clause: Limit one of each Pok\u00e9mon\n|rule|Item Clause: Limit 1 of each item\n|clearpoke\n|poke|p1|Aerodactyl, L50, F|\n|poke|p1|Gardevoir, L50, F|\n|poke|p1|Incineroar, L50, F|\n|poke|p1|Garchomp, L50, F|\n|poke|p1|Sinistcha, L50|\n|poke|p1|Rotom-Wash, L50|\n|poke|p2|Chesnaught, L50, F|\n|poke|p2|Slowking-Galar, L50, F|\n|poke|p2|Incineroar, L50, M|\n|poke|p2|Ninetales-Alola, L50, F|\n|poke|p2|Kleavor, L50, F|\n|poke|p2|Aegislash, L50, F|\n|teampreview|4\n|l|\u2606RijdendeRechter\n|player|p2|\n|j|\u2606RijdendeRechter\n|player|p2|RijdendeRechter|roughneck-gen4|\nIagordo has agreed to open team sheets.\n|inactive|Battle timer is ON: inactive players will automatically lose when time's up. (requested by Iagordo)\n|l|\u2606RijdendeRechter\n|inactive|RijdendeRechter disconnected and has a minute to reconnect!\n|player|p2|\n|j|\u2606RijdendeRechter\n|inactive|RijdendeRechter reconnected and has 35 seconds left.\n|player|p2|RijdendeRechter|roughneck-gen4|\n|inactive|RijdendeRechter has 30 seconds left.\n|\n|t:|1776096823\n|teamsize|p1|4\n|teamsize|p2|4\n|start\n|switch|p1a: Sinistcha|Sinistcha, L50|100/100\n|switch|p1b: Gardevoir|Gardevoir, L50, F|100/100\n|switch|p2a: Slowking|Slowking-Galar, L50, F|100/100\n|switch|p2b: Kleavor|Kleavor, L50, F|100/100\n|-ability|p1b: Gardevoir|Sharpness|Trace|[from] ability: Trace|[of] p2b: Kleavor\n|turn|1\n|\n|t:|1776096835\n|switch|p1b: Incineroar|Incineroar, L50, F|100/100\n|-ability|p1b: Incineroar|Intimidate|boost\n|-unboost|p2a: Slowking|atk|1\n|-unboost|p2b: Kleavor|atk|1\n|move|p2b: Kleavor|Night Slash|p1a: Sinistcha\n|-supereffective|p1a: Sinistcha|1\n|-damage|p1a: Sinistcha|59/100\n|move|p1a: Sinistcha|Imprison|p1a: Sinistcha\n|-start|p1a: Sinistcha|move: Imprison\n|cant|p2a: Slowking|move: Imprison|Trick Room\n|\n|-heal|p1a: Sinistcha|65/100|[from] item: Leftovers\n|upkeep\n|turn|2\n|\n|t:|1776096857\n|switch|p2b: Chesnaught|Chesnaught, L50, F|100/100\n|switch|p1a: Aerodactyl|Aerodactyl, L50, F|100/100\n|-ability|p1a: Aerodactyl|Unnerve\n|move|p1b: Incineroar|Parting Shot|p2b: Chesnaught\n|-unboost|p2b: Chesnaught|atk|1\n|-unboost|p2b: Chesnaught|spa|1\n|\n|t:|1776096874\n|switch|p1b: Gardevoir|Gardevoir, L50, F|100/100|[from] Parting Shot\n|-ability|p1b: Gardevoir|Bulletproof|Trace|[from] ability: Trace|[of] p2b: Chesnaught\n|-prepare|p2a: Slowking|Chilly Reception|[premajor]\n|move|p2a: Slowking|Chilly Reception|p2a: Slowking\n|-weather|Snowscape\n|\n|t:|1776096883\n|switch|p2a: Kleavor|Kleavor, L50, F|100/100|[from] Chilly Reception\n|\n|-weather|Snowscape|[upkeep]\n|upkeep\n|turn|3\n|\n|t:|1776096892\n|switch|p2b: Slowking|Slowking-Galar, L50, F|100/100\n|detailschange|p1b: Gardevoir|Gardevoir-Mega, L50, F\n|-mega|p1b: Gardevoir|Gardevoir|Gardevoirite\n|move|p2a: Kleavor|Stone Axe|p1a: Aerodactyl\n|-supereffective|p1a: Aerodactyl|1\n|-enditem|p1a: Aerodactyl|Focus Sash\n|-damage|p1a: Aerodactyl|1/100\n|-sidestart|p1: Iagordo|move: Stealth Rock\n|move|p1a: Aerodactyl|Dual Wingbeat|p2b: Slowking\n|-crit|p2b: Slowking\n|-damage|p2b: Slowking|79/100\n|-damage|p2b: Slowking|64/100\n|-hitcount|p2b: Slowking|2\n|move|p1b: Gardevoir|Hyper Voice|p2a: Kleavor|[spread] p2a,p2b\n|-resisted|p2b: Slowking|1\n|-damage|p2a: Kleavor|11/100\n|-damage|p2b: Slowking|45/100\n|\n|-weather|Snowscape|[upkeep]\n|upkeep\n|turn|4\n|l|\u2606RijdendeRechter\n|inactive|RijdendeRechter disconnected and has a minute to reconnect!\n|player|p2|\n|j|\u2606RijdendeRechter\n|inactive|RijdendeRechter reconnected and has 35 seconds left.\n|player|p2|RijdendeRechter|roughneck-gen4|\n|inactive|Iagordo has 30 seconds left.\n|\n|t:|1776096923\n|switch|p2b: Aegislash|Aegislash, L50, F|100/100\n|move|p2a: Kleavor|Stone Axe|p1b: Gardevoir\n|-damage|p1b: Gardevoir|0 fnt\n|faint|p1b: Gardevoir\n|move|p1a: Aerodactyl|Dual Wingbeat|p2b: Aegislash\n|-resisted|p2b: Aegislash|1\n|-damage|p2b: Aegislash|92/100\n|-resisted|p2b: Aegislash|1\n|-damage|p2b: Aegislash|85/100\n|-hitcount|p2b: Aegislash|2\n|\n|-weather|Snowscape|[upkeep]\n|-heal|p2b: Aegislash|91/100|[from] item: Leftovers\n|upkeep\n|\n|t:|1776096933\n|switch|p1b: Incineroar|Incineroar, L50, F|100/100\n|-damage|p1b: Incineroar|75/100|[from] Stealth Rock\n|-ability|p1b: Incineroar|Intimidate|boost\n|-unboost|p2a: Kleavor|atk|1\n|-unboost|p2b: Aegislash|atk|1\n|turn|5\n|\n|t:|1776096946\n|switch|p2a: Slowking|Slowking-Galar, L50, F|78/100\n|move|p1b: Incineroar|Fake Out|p2a: Slowking\n|-damage|p2a: Slowking|69/100\n|move|p1a: Aerodactyl|Tailwind|p1a: Aerodactyl\n|-sidestart|p1: Iagordo|move: Tailwind\n|-formechange|p2b: Aegislash|Aegislash-Blade|\n|move|p2b: Aegislash|Iron Head|p1a: Aerodactyl\n|-supereffective|p1a: Aerodactyl|1\n|-damage|p1a: Aerodactyl|0 fnt\n|faint|p1a: Aerodactyl\n|\n|-weather|Snowscape|[upkeep]\n|-heal|p2b: Aegislash|97/100|[from] item: Leftovers\n|upkeep\n|\n|t:|1776096954\n|switch|p1a: Sinistcha|Sinistcha, L50|65/100\n|-damage|p1a: Sinistcha|53/100|[from] Stealth Rock\n|-heal|p1b: Incineroar|100/100|[from] ability: Hospitality|[of] p1a: Sinistcha\n|turn|6\n|\n|t:|1776096968\n|-formechange|p2b: Aegislash|Aegislash|\n|move|p2b: Aegislash|King's Shield|p2b: Aegislash\n|-singleturn|p2b: Aegislash|Protect\n|move|p1b: Incineroar|Darkest Lariat|p2a: Slowking\n|-supereffective|p2a: Slowking|1\n|-damage|p2a: Slowking|18/100\n|move|p1a: Sinistcha|Matcha Gotcha|p2a: Slowking|[spread] p2a\n|-activate|p2b: Aegislash|move: Protect\n|-resisted|p2a: Slowking|1\n|-crit|p2a: Slowking\n|-damage|p2a: Slowking|5/100\n|-heal|p1a: Sinistcha|60/100|[from] drain|[of] p2a: Slowking\n|move|p2a: Slowking|Sludge Bomb|p1b: Incineroar\n|-damage|p1b: Incineroar|69/100\n|\n|-weather|none\n|-heal|p1a: Sinistcha|66/100|[from] item: Leftovers\n|-heal|p2b: Aegislash|100/100|[from] item: Leftovers\n|upkeep\n|turn|7\n|l|\u2606RijdendeRechter\n|inactive|RijdendeRechter disconnected and has a minute to reconnect!\n|player|p2|\n|j|\u2606RijdendeRechter\n|inactive|RijdendeRechter reconnected and has 35 seconds left.\n|player|p2|RijdendeRechter|roughneck-gen4|\n|inactive|RijdendeRechter has 30 seconds left.\n|\n|t:|1776097000\n|switch|p2a: Kleavor|Kleavor, L50, F|11/100\n|move|p1b: Incineroar|Flare Blitz|p2b: Aegislash\n|-supereffective|p2b: Aegislash|1\n|-damage|p2b: Aegislash|24/100\n|-damage|p1b: Incineroar|45/100|[from] Recoil\n|-enditem|p1b: Incineroar|Sitrus Berry|[eat]\n|-heal|p1b: Incineroar|70/100|[from] item: Sitrus Berry\n|move|p1a: Sinistcha|Matcha Gotcha|p2a: Kleavor|[spread] p2a,p2b\n|-resisted|p2b: Aegislash|1\n|-damage|p2a: Kleavor|0 fnt\n|-heal|p1a: Sinistcha|71/100|[from] drain|[of] p2a: Kleavor\n|-damage|p2b: Aegislash|14/100\n|-heal|p1a: Sinistcha|75/100|[from] drain|[of] p2b: Aegislash\n|faint|p2a: Kleavor\n|-formechange|p2b: Aegislash|Aegislash-Blade|\n|move|p2b: Aegislash|Poltergeist|p1a: Sinistcha\n|-activate|p1a: Sinistcha|move: Poltergeist|Leftovers\n|-supereffective|p1a: Sinistcha|1\n|-damage|p1a: Sinistcha|11/100\n|\n|-heal|p1a: Sinistcha|17/100|[from] item: Leftovers\n|-heal|p2b: Aegislash|20/100|[from] item: Leftovers\n|upkeep\n|\n|t:|1776097014\n|switch|p2a: Chesnaught|Chesnaught, L50, F|100/100\n|turn|8\n|l|\u2606RijdendeRechter\n|inactive|RijdendeRechter disconnected and has a minute to reconnect!\n|player|p2|\n|inactive|Iagordo has 30 seconds left.\n|j|\u2606RijdendeRechter\n|inactive|RijdendeRechter reconnected.\n|player|p2|RijdendeRechter|roughneck-gen4|\n|inactive|Iagordo has 20 seconds left.\n|\n|t:|1776097054\n|detailschange|p2a: Chesnaught|Chesnaught-Mega, L50, F\n|-mega|p2a: Chesnaught|Chesnaught|Chesnaughtite\n|move|p1a: Sinistcha|Rage Powder|p1a: Sinistcha\n|-singleturn|p1a: Sinistcha|move: Rage Powder\n|move|p2b: Aegislash|Shadow Sneak|p1a: Sinistcha\n|-supereffective|p1a: Sinistcha|1\n|-damage|p1a: Sinistcha|0 fnt\n|faint|p1a: Sinistcha\n|move|p1b: Incineroar|Flare Blitz|p2a: Chesnaught\n|-supereffective|p2a: Chesnaught|1\n|-damage|p2a: Chesnaught|60/100\n|-damage|p1b: Incineroar|55/100|[from] Recoil\n|move|p2a: Chesnaught|Body Press|p1b: Incineroar\n|-supereffective|p1b: Incineroar|1\n|-damage|p1b: Incineroar|0 fnt\n|faint|p1b: Incineroar\n|\n|win|RijdendeRechter\n|raw|Iagordo's rating: 1303 &rarr; <strong>1289</strong><br />(-14 for losing)\n|raw|RijdendeRechter's rating: 1409 &rarr; <strong>1423</strong><br />(+14 for winning)\n|l|\u2606Iagordo\n|player|p1|\n",
  "uploadtime": 1776097067,
  "views": 24,
  "formatid": "gen9championsvgc2026regma",
  "rating": 1289,
  "private": 0,
  "password": null
}