{
  "id": "gen9championsvgc2026regma-2584601545",
  "format": "[Gen 9 Champions] VGC 2026 Reg M-A",
  "players": [
    "Miguelon611",
    "Tisor"
  ],
  "log": "|j|\u2606Miguelon611\n|j|\u2606Tisor\n|t:|1776271405\n|gametype|doubles\n|player|p1|Miguelon611|2|1212\n|player|p2|Tisor|ethan|1218\n|gen|9\n|tier|[Gen 9 Champions] VGC 2026 Reg M-A\n|rated|\n|rule|Species Clause: Limit one of each Pok\u00e9mon\n|rule|Item Clause: Limit 1 of each item\n|clearpoke\n|poke|p1|Garchomp, L50, M|\n|poke|p1|Aerodactyl, L50, M|\n|poke|p1|Floette-Eternal, L50, F|\n|poke|p1|Incineroar, L50, F|\n|poke|p1|Rotom-Wash, L50|\n|poke|p1|Milotic, L50, F|\n|poke|p2|Crabominable, L50, F|\n|poke|p2|Alakazam, L50, M|\n|poke|p2|Slowking, L50, F|\n|poke|p2|Incineroar, L50, F|\n|poke|p2|Tsareena, L50, F|\n|poke|p2|Abomasnow, L50, F|\n|teampreview|4\n|inactive|Battle timer is ON: inactive players will automatically lose when time's up. (requested by Tisor)\n|\n|t:|1776271436\n|teamsize|p1|4\n|teamsize|p2|4\n|start\n|switch|p1a: Aerodactyl|Aerodactyl, L50, M|100/100\n|switch|p1b: Garchomp|Garchomp, L50, M|100/100\n|switch|p2a: Tsareena|Tsareena, L50, F|100/100\n|switch|p2b: Slowking|Slowking, L50, F|100/100\n|-ability|p1a: Aerodactyl|Unnerve\n|turn|1\n|\n|t:|1776271459\n|switch|p2b: Incineroar|Incineroar, L50, F|100/100\n|-ability|p2b: Incineroar|Intimidate|boost\n|-unboost|p1a: Aerodactyl|atk|1\n|-unboost|p1b: Garchomp|atk|1\n|move|p1a: Aerodactyl|Rock Slide|p2b: Incineroar|[spread] \n|-miss|p1a: Aerodactyl|p2a: Tsareena\n|-miss|p1a: Aerodactyl|p2b: Incineroar\n|move|p1b: Garchomp|Rock Slide|p2b: Incineroar|[spread] p2a,p2b\n|-supereffective|p2b: Incineroar|1\n|-damage|p2a: Tsareena|87/100\n|-damage|p2b: Incineroar|73/100\n|move|p2a: Tsareena|Trop Kick|p1b: Garchomp\n|-damage|p1b: Garchomp|42/100\n|-unboost|p1b: Garchomp|atk|1\n|-damage|p2a: Tsareena|75/100|[from] ability: Rough Skin|[of] p1b: Garchomp\n|\n|-heal|p2b: Incineroar|79/100|[from] item: Leftovers\n|upkeep\n|turn|2\n|inactive|Tisor has 30 seconds left.\n|\n|t:|1776271486\n|switch|p1b: Incineroar|Incineroar, L50, F|100/100\n|-ability|p1b: Incineroar|Intimidate|boost\n|-unboost|p2a: Tsareena|atk|1\n|-unboost|p2b: Incineroar|atk|1\n|move|p1a: Aerodactyl|Protect|p1a: Aerodactyl\n|-singleturn|p1a: Aerodactyl|Protect\n|move|p2b: Incineroar|Fake Out|p1b: Incineroar\n|-damage|p1b: Incineroar|93/100\n|move|p2a: Tsareena|Trop Kick|p1a: Aerodactyl\n|-activate|p1a: Aerodactyl|move: Protect\n|\n|-heal|p2b: Incineroar|85/100|[from] item: Leftovers\n|upkeep\n|turn|3\n|inactive|Miguelon611 has 30 seconds left.\n|\n|t:|1776271516\n|move|p1a: Aerodactyl|Dual Wingbeat|p2a: Tsareena\n|-supereffective|p2a: Tsareena|1\n|-damage|p2a: Tsareena|48/100\n|-supereffective|p2a: Tsareena|1\n|-damage|p2a: Tsareena|23/100\n|-hitcount|p2a: Tsareena|2\n|move|p2a: Tsareena|Trop Kick|p1a: Aerodactyl\n|-damage|p1a: Aerodactyl|45/100\n|-unboost|p1a: Aerodactyl|atk|1\n|move|p2b: Incineroar|Parting Shot|p1a: Aerodactyl\n|-unboost|p1a: Aerodactyl|atk|1\n|-unboost|p1a: Aerodactyl|spa|1\n|\n|t:|1776271529\n|switch|p2b: Slowking|Slowking, L50, F|100/100|[from] Parting Shot\n|move|p1b: Incineroar|Parting Shot|p2b: Slowking\n|-unboost|p2b: Slowking|atk|1\n|-unboost|p2b: Slowking|spa|1\n|\n|t:|1776271539\n|switch|p1b: Garchomp|Garchomp, L50, M|42/100|[from] Parting Shot\n|\n|upkeep\n|turn|4\n|\n|t:|1776271546\n|switch|p2a: Incineroar|Incineroar, L50, F|85/100\n|-ability|p2a: Incineroar|Intimidate|boost\n|-unboost|p1a: Aerodactyl|atk|1\n|-unboost|p1b: Garchomp|atk|1\n|move|p1a: Aerodactyl|Rock Slide|p2a: Incineroar|[spread] p2a,p2b\n|-supereffective|p2a: Incineroar|1\n|-damage|p2a: Incineroar|68/100\n|-damage|p2b: Slowking|89/100\n|move|p1b: Garchomp|Rock Slide|p2b: Slowking|[spread] p2a,p2b\n|-supereffective|p2a: Incineroar|1\n|-damage|p2a: Incineroar|44/100\n|-damage|p2b: Slowking|74/100\n|move|p2b: Slowking|Trick Room|p2b: Slowking\n|-fieldstart|move: Trick Room|[of] p2b: Slowking\n|\n|-heal|p2a: Incineroar|50/100|[from] item: Leftovers\n|upkeep\n|turn|5\n|inactive|Tisor has 30 seconds left.\n|\n|t:|1776271578\n|switch|p1b: Incineroar|Incineroar, L50, F|93/100\n|-ability|p1b: Incineroar|Intimidate|boost\n|-unboost|p2a: Incineroar|atk|1\n|-unboost|p2b: Slowking|atk|1\n|move|p1a: Aerodactyl|Protect|p1a: Aerodactyl\n|-singleturn|p1a: Aerodactyl|Protect\n|-prepare|p2b: Slowking|Chilly Reception|[premajor]\n|move|p2b: Slowking|Chilly Reception|p2b: Slowking\n|-weather|Snowscape\n|\n|t:|1776271588\n|switch|p2b: Crabominable|Crabominable, L50, F|100/100|[from] Chilly Reception\n|move|p2a: Incineroar|Parting Shot|p1b: Incineroar\n|-unboost|p1b: Incineroar|atk|1\n|-unboost|p1b: Incineroar|spa|1\n|\n|t:|1776271596\n|switch|p2a: Slowking|Slowking, L50, F|100/100|[from] Parting Shot\n|\n|-weather|Snowscape|[upkeep]\n|upkeep\n|turn|6\n|\n|t:|1776271615\n|switch|p2a: Tsareena|Tsareena, L50, F|23/100\n|switch|p1a: Milotic|Milotic, L50, F|100/100\n|move|p2b: Crabominable|Ice Hammer|p1a: Milotic\n|-resisted|p1a: Milotic|1\n|-damage|p1a: Milotic|75/100\n|-unboost|p2b: Crabominable|spe|1\n|move|p1b: Incineroar|Flare Blitz|p2b: Crabominable\n|-supereffective|p2b: Crabominable|1\n|-damage|p2b: Crabominable|53/100\n|-damage|p1b: Incineroar|77/100|[from] Recoil\n|\n|-weather|Snowscape|[upkeep]\n|-heal|p1a: Milotic|81/100|[from] item: Leftovers\n|upkeep\n|turn|7\n|inactive|Tisor has 30 seconds left.\n|\n|t:|1776271641\n|detailschange|p2b: Crabominable|Crabominable-Mega, L50, F\n|-mega|p2b: Crabominable|Crabominable|Crabominite\n|move|p1a: Milotic|Protect|p1a: Milotic\n|-singleturn|p1a: Milotic|Protect\n|move|p2b: Crabominable|Close Combat|p1b: Incineroar\n|-supereffective|p1b: Incineroar|1\n|-damage|p1b: Incineroar|0 fnt\n|-unboost|p2b: Crabominable|def|1\n|-unboost|p2b: Crabominable|spd|1\n|faint|p1b: Incineroar\n|move|p2a: Tsareena|Trop Kick|p1a: Milotic\n|-activate|p1a: Milotic|move: Protect\n|\n|-weather|Snowscape|[upkeep]\n|-heal|p1a: Milotic|87/100|[from] item: Leftovers\n|upkeep\n|\n|t:|1776271663\n|switch|p1b: Aerodactyl|Aerodactyl, L50, M|45/100\n|-ability|p1b: Aerodactyl|Unnerve\n|turn|8\n|\n|t:|1776271676\n|move|p1b: Aerodactyl|Protect|p1b: Aerodactyl\n|-singleturn|p1b: Aerodactyl|Protect\n|move|p2b: Crabominable|Thunder Punch|p1a: Milotic\n|-supereffective|p1a: Milotic|1\n|-damage|p1a: Milotic|18/100\n|move|p2a: Tsareena|Trop Kick|p1b: Aerodactyl\n|-activate|p1b: Aerodactyl|move: Protect\n|move|p1a: Milotic|Life Dew|p1a: Milotic|[spread] p1a,p1b\n|-heal|p1a: Milotic|43/100\n|-heal|p1b: Aerodactyl|70/100\n|\n|-weather|Snowscape|[upkeep]\n|-heal|p1a: Milotic|49/100|[from] item: Leftovers\n|-fieldend|move: Trick Room\n|upkeep\n|turn|9\n|inactive|Miguelon611 has 30 seconds left.\n|inactive|Tisor has 30 seconds left.\n|\n|t:|1776271702\n|switch|p2a: Incineroar|Incineroar, L50, F|50/100\n|-ability|p2a: Incineroar|Intimidate|boost\n|-unboost|p1a: Milotic|atk|1\n|-ability|p1a: Milotic|Competitive|boost\n|-boost|p1a: Milotic|spa|2\n|-unboost|p1b: Aerodactyl|atk|1\n|move|p2b: Crabominable|Protect|p2b: Crabominable\n|-singleturn|p2b: Crabominable|Protect\n|move|p1b: Aerodactyl|Rock Slide|p2a: Incineroar|[spread] p2a\n|-activate|p2b: Crabominable|move: Protect\n|-supereffective|p2a: Incineroar|1\n|-damage|p2a: Incineroar|15/100\n|move|p1a: Milotic|Scald|p2b: Crabominable\n|-activate|p2b: Crabominable|move: Protect\n|\n|-weather|none\n|-heal|p1a: Milotic|55/100|[from] item: Leftovers\n|-heal|p2a: Incineroar|20/100|[from] item: Leftovers\n|upkeep\n|turn|10\n|inactive|Miguelon611 has 30 seconds left.\n|inactive|Tisor has 30 seconds left.\n|\n|t:|1776271732\n|switch|p2b: Slowking|Slowking, L50, F|100/100\n|move|p1b: Aerodactyl|Protect|p1b: Aerodactyl\n|-singleturn|p1b: Aerodactyl|Protect\n|move|p1a: Milotic|Protect|p1a: Milotic\n|-singleturn|p1a: Milotic|Protect\n|move|p2a: Incineroar|Fake Out|p1b: Aerodactyl\n|-activate|p1b: Aerodactyl|move: Protect\n|\n|-heal|p1a: Milotic|61/100|[from] item: Leftovers\n|-heal|p2a: Incineroar|26/100|[from] item: Leftovers\n|upkeep\n|turn|11\n|\n|t:|1776271753\n|move|p1b: Aerodactyl|Rock Slide|p2b: Slowking|[spread] p2a,p2b\n|-supereffective|p2a: Incineroar|1\n|-damage|p2a: Incineroar|0 fnt\n|-damage|p2b: Slowking|80/100\n|faint|p2a: Incineroar\n|move|p1a: Milotic|Scald|p2b: Slowking\n|-resisted|p2b: Slowking|1\n|-damage|p2b: Slowking|59/100\n|move|p2b: Slowking|Trick Room|p2b: Slowking\n|-fieldstart|move: Trick Room|[of] p2b: Slowking\n|\n|-heal|p1a: Milotic|67/100|[from] item: Leftovers\n|upkeep\n|\n|t:|1776271768\n|switch|p2a: Tsareena|Tsareena, L50, F|23/100\n|turn|12\n|\n|t:|1776271780\n|move|p1a: Milotic|Protect|p1a: Milotic\n|-singleturn|p1a: Milotic|Protect\n|move|p2b: Slowking|Muddy Water|p1a: Milotic|[spread] p1b\n|-activate|p1a: Milotic|move: Protect\n|-supereffective|p1b: Aerodactyl|1\n|-damage|p1b: Aerodactyl|0 fnt\n|faint|p1b: Aerodactyl\n|move|p2a: Tsareena|Trop Kick|p1a: Milotic\n|-activate|p1a: Milotic|move: Protect\n|\n|-heal|p1a: Milotic|73/100|[from] item: Leftovers\n|upkeep\n|\n|t:|1776271788\n|switch|p1b: Garchomp|Garchomp, L50, M|42/100\n|turn|13\n|\n|t:|1776271796\n|move|p1b: Garchomp|Protect|p1b: Garchomp\n|-singleturn|p1b: Garchomp|Protect\n|move|p2b: Slowking|Psychic Noise|p1a: Milotic\n|-damage|p1a: Milotic|50/100\n|-start|p1a: Milotic|move: Heal Block\n|move|p2a: Tsareena|Trop Kick|p1b: Garchomp\n|-activate|p1b: Garchomp|move: Protect\n|move|p1a: Milotic|Icy Wind|p2b: Slowking|[spread] p2a,p2b\n|-supereffective|p2a: Tsareena|1\n|-resisted|p2b: Slowking|1\n|-damage|p2a: Tsareena|0 fnt\n|-damage|p2b: Slowking|52/100\n|-unboost|p2b: Slowking|spe|1\n|faint|p2a: Tsareena\n|\n|upkeep\n|\n|t:|1776271809\n|switch|p2a: Crabominable|Crabominable-Mega, L50, F|53/100\n|turn|14\n|\n|t:|1776271830\n|move|p1b: Garchomp|Protect||[still]\n|-fail|p1b: Garchomp\n|move|p2b: Slowking|Psychic Noise|p1a: Milotic\n|-damage|p1a: Milotic|25/100\n|move|p2a: Crabominable|Ice Hammer|p1b: Garchomp\n|-supereffective|p1b: Garchomp|2\n|-damage|p1b: Garchomp|0 fnt\n|-unboost|p2a: Crabominable|spe|1\n|-damage|p2a: Crabominable|41/100|[from] ability: Rough Skin|[of] p1b: Garchomp\n|faint|p1b: Garchomp\n|move|p1a: Milotic|Scald|p2a: Crabominable\n|-damage|p2a: Crabominable|0 fnt\n|faint|p2a: Crabominable\n|\n|-end|p1a: Milotic|move: Heal Block\n|upkeep\n|turn|15\n|\n|t:|1776271846\n|move|p1a: Milotic|Protect|p1a: Milotic\n|-singleturn|p1a: Milotic|Protect\n|move|p2b: Slowking|Psychic Noise|p1a: Milotic\n|-activate|p1a: Milotic|move: Protect\n|\n|-heal|p1a: Milotic|31/100|[from] item: Leftovers\n|-fieldend|move: Trick Room\n|upkeep\n|turn|16\n|\n|t:|1776271856\n|move|p1a: Milotic|Life Dew|p1a: Milotic\n|-heal|p1a: Milotic|56/100\n|move|p2b: Slowking|Trick Room|p2b: Slowking\n|-fieldstart|move: Trick Room|[of] p2b: Slowking\n|\n|-heal|p1a: Milotic|62/100|[from] item: Leftovers\n|upkeep\n|turn|17\n|\n|t:|1776271863\n|move|p1a: Milotic|Protect|p1a: Milotic\n|-singleturn|p1a: Milotic|Protect\n|move|p2b: Slowking|Psychic Noise|p1a: Milotic\n|-activate|p1a: Milotic|move: Protect\n|\n|-heal|p1a: Milotic|68/100|[from] item: Leftovers\n|upkeep\n|turn|18\n|\n|t:|1776271873\n|move|p2b: Slowking|Psychic Noise|p1a: Milotic\n|-damage|p1a: Milotic|43/100\n|-start|p1a: Milotic|move: Heal Block\n|cant|p1a: Milotic|move: Heal Block|Life Dew\n|\n|upkeep\n|turn|19\n|\n|t:|1776271886\n|move|p1a: Milotic|Protect|p1a: Milotic\n|-singleturn|p1a: Milotic|Protect\n|move|p2b: Slowking|Psychic Noise|p1a: Milotic\n|-activate|p1a: Milotic|move: Protect\n|\n|-end|p1a: Milotic|move: Heal Block\n|upkeep\n|turn|20\n|\n|t:|1776271897\n|move|p2b: Slowking|Muddy Water|p1a: Milotic\n|-resisted|p1a: Milotic|1\n|-damage|p1a: Milotic|28/100\n|move|p1a: Milotic|Scald|p2b: Slowking\n|-resisted|p2b: Slowking|1\n|-damage|p2b: Slowking|28/100\n|\n|-heal|p1a: Milotic|34/100|[from] item: Leftovers\n|-fieldend|move: Trick Room\n|upkeep\n|turn|21\n|\n|t:|1776271909\n|move|p1a: Milotic|Life Dew|p1a: Milotic\n|-heal|p1a: Milotic|59/100\n|move|p2b: Slowking|Trick Room|p2b: Slowking\n|-fieldstart|move: Trick Room|[of] p2b: Slowking\n|\n|-heal|p1a: Milotic|65/100|[from] item: Leftovers\n|upkeep\n|turn|22\n|\n|t:|1776271916\n|move|p1a: Milotic|Protect|p1a: Milotic\n|-singleturn|p1a: Milotic|Protect\n|move|p2b: Slowking|Muddy Water|p1a: Milotic\n|-activate|p1a: Milotic|move: Protect\n|\n|-heal|p1a: Milotic|71/100|[from] item: Leftovers\n|upkeep\n|turn|23\n|\n|t:|1776271925\n|move|p2b: Slowking|Psychic Noise|p1a: Milotic\n|-damage|p1a: Milotic|48/100\n|-start|p1a: Milotic|move: Heal Block\n|move|p1a: Milotic|Scald|p2b: Slowking\n|-resisted|p2b: Slowking|1\n|-damage|p2b: Slowking|9/100\n|\n|upkeep\n|turn|24\n|\n|t:|1776271935\n|move|p1a: Milotic|Protect|p1a: Milotic\n|-singleturn|p1a: Milotic|Protect\n|move|p2b: Slowking|Psychic Noise|p1a: Milotic\n|-activate|p1a: Milotic|move: Protect\n|\n|-end|p1a: Milotic|move: Heal Block\n|upkeep\n|turn|25\n|\n|t:|1776271945\n|move|p2b: Slowking|Psychic Noise|p1a: Milotic\n|-damage|p1a: Milotic|25/100\n|-start|p1a: Milotic|move: Heal Block\n|move|p1a: Milotic|Scald|p2b: Slowking\n|-resisted|p2b: Slowking|1\n|-damage|p2b: Slowking|0 fnt\n|faint|p2b: Slowking\n|\n|win|Miguelon611\n|raw|Miguelon611's rating: 1212 &rarr; <strong>1237</strong><br />(+25 for winning)\n|raw|Tisor's rating: 1218 &rarr; <strong>1193</strong><br />(-25 for losing)\n|l|\u2606Tisor\n|player|p2|\n",
  "uploadtime": 1776271961,
  "views": 26,
  "formatid": "gen9championsvgc2026regma",
  "rating": 1193,
  "private": 0,
  "password": null
}