{
  "id": "gen9championsvgc2026regma-2581248543",
  "format": "[Gen 9 Champions] VGC 2026 Reg M-A",
  "players": [
    "ahizzar",
    "Nerumy07"
  ],
  "log": "|j|\u2606ahizzar\n|j|\u2606Nerumy07\n|t:|1775976088\n|gametype|doubles\n|player|p1|ahizzar|red|1053\n|player|p2|Nerumy07|acetrainer|1096\n|gen|9\n|tier|[Gen 9 Champions] VGC 2026 Reg M-A\n|rated|\n|rule|Species Clause: Limit one of each Pok\u00e9mon\n|rule|Item Clause: Limit 1 of each item\n|clearpoke\n|poke|p1|Pelipper, L50, M|\n|poke|p1|Archaludon, L50, M|\n|poke|p1|Meganium, L50, F|\n|poke|p1|Palafin, L50, M|\n|poke|p1|Incineroar, L50, F|\n|poke|p1|Farigiraf, L50, M|\n|poke|p2|Dragonite, L50, M|\n|poke|p2|Politoed, L50, M|\n|poke|p2|Archaludon, L50, M|\n|poke|p2|Basculegion, L50, M|\n|poke|p2|Sinistcha, L50|\n|poke|p2|Sneasler, L50, M|\n|teampreview|4\n|inactive|Battle timer is ON: inactive players will automatically lose when time's up. (requested by ahizzar)\n|inactive|Nerumy07 has 60 seconds left.\n|\n|t:|1775976127\n|teamsize|p1|4\n|teamsize|p2|4\n|start\n|switch|p1a: Farigiraf|Farigiraf, L50, M|100/100\n|switch|p1b: Pelipper|Pelipper, L50, M|100/100\n|switch|p2a: Sinistcha|Sinistcha, L50|100/100\n|switch|p2b: Basculegion|Basculegion, L50, M|100/100\n|-weather|RainDance|[from] ability: Drizzle|[of] p1b: Pelipper\n|turn|1\n|\n|t:|1775976148\n|move|p2b: Basculegion|Flip Turn|p1a: Farigiraf\n|-crit|p1a: Farigiraf\n|-damage|p1a: Farigiraf|17/100\n|\n|t:|1775976152\n|switch|p2b: Archaludon|Archaludon, L50, M|100/100|[from] Flip Turn\n|move|p1b: Pelipper|Hurricane|p2a: Sinistcha\n|-supereffective|p2a: Sinistcha|1\n|-damage|p2a: Sinistcha|32/100\n|move|p1a: Farigiraf|Imprison|p1a: Farigiraf\n|-start|p1a: Farigiraf|move: Imprison\n|cant|p2a: Sinistcha|move: Imprison|Trick Room\n|\n|-weather|RainDance|[upkeep]\n|-heal|p2a: Sinistcha|38/100|[from] item: Leftovers\n|-heal|p1a: Farigiraf|23/100|[from] item: Leftovers\n|upkeep\n|turn|2\n|inactive|Nerumy07 has 30 seconds left.\n|inactive|ahizzar has 30 seconds left.\n|inactive|ahizzar has 20 seconds left.\n|\n|t:|1775976196\n|move|p1a: Farigiraf|Protect|p1a: Farigiraf\n|-singleturn|p1a: Farigiraf|Protect\n|move|p1b: Pelipper|Tailwind|p1b: Pelipper\n|-sidestart|p1: ahizzar|move: Tailwind\n|move|p2b: Archaludon|Electro Shot||[still]\n|-prepare|p2b: Archaludon|Electro Shot\n|-boost|p2b: Archaludon|spa|1\n|-anim|p2b: Archaludon|Electro Shot|p1a: Farigiraf\n|-activate|p1a: Farigiraf|move: Protect\n|move|p2a: Sinistcha|Life Dew||[still]|[spread] p2a,p2b\n|-heal|p2a: Sinistcha|63/100\n|-fail|p2b: Archaludon|heal\n|\n|-weather|RainDance|[upkeep]\n|-heal|p1a: Farigiraf|29/100|[from] item: Leftovers\n|-heal|p2a: Sinistcha|70/100|[from] item: Leftovers\n|upkeep\n|turn|3\n|\n|t:|1775976217\n|switch|p2a: Basculegion|Basculegion, L50, M|100/100\n|move|p1b: Pelipper|Hurricane|p2a: Basculegion\n|-damage|p2a: Basculegion|59/100\n|-start|p2a: Basculegion|confusion\n|move|p1a: Farigiraf|Psychic|p2a: Basculegion\n|-damage|p2a: Basculegion|17/100\n|move|p2b: Archaludon|Electro Shot||[still]\n|-prepare|p2b: Archaludon|Electro Shot\n|-boost|p2b: Archaludon|spa|1\n|-anim|p2b: Archaludon|Electro Shot|p1a: Farigiraf\n|-damage|p1a: Farigiraf|0 fnt\n|faint|p1a: Farigiraf\n|\n|-weather|RainDance|[upkeep]\n|upkeep\n|\n|t:|1775976233\n|switch|p1a: Palafin|Palafin, L50, M, shiny|100/100\n|turn|4\n|inactive|Nerumy07 has 30 seconds left.\n|\n|t:|1775976261\n|move|p1b: Pelipper|Protect|p1b: Pelipper\n|-singleturn|p1b: Pelipper|Protect\n|move|p1a: Palafin|Flip Turn|p2a: Basculegion\n|-resisted|p2a: Basculegion|1\n|-damage|p2a: Basculegion|0 fnt\n|faint|p2a: Basculegion\n|\n|t:|1775976268\n|detailschange|p1a: Palafin|Palafin-Hero, L50, M, shiny\n|switch|p1a: Meganium|Meganium, L50, F|100/100|[from] Flip Turn\n|move|p2b: Archaludon|Electro Shot||[still]\n|-prepare|p2b: Archaludon|Electro Shot\n|-boost|p2b: Archaludon|spa|1\n|-anim|p2b: Archaludon|Electro Shot|p1b: Pelipper\n|-activate|p1b: Pelipper|move: Protect\n|\n|-weather|RainDance|[upkeep]\n|upkeep\n|\n|t:|1775976276\n|switch|p2a: Dragonite|Dragonite, L50, M, shiny|100/100\n|turn|5\n|inactive|ahizzar has 30 seconds left.\n|inactive|ahizzar has 20 seconds left.\n|inactive|ahizzar has 15 seconds left.\n|\n|t:|1775976318\n|detailschange|p1a: Meganium|Meganium-Mega, L50, F\n|-mega|p1a: Meganium|Meganium|Meganiumite\n|detailschange|p2a: Dragonite|Dragonite-Mega, L50, M, shiny\n|-mega|p2a: Dragonite|Dragonite|Dragoninite\n|move|p2a: Dragonite|Protect|p2a: Dragonite\n|-singleturn|p2a: Dragonite|Protect\n|move|p1a: Meganium|Dazzling Gleam|p2a: Dragonite|[spread] p2b\n|-activate|p2a: Dragonite|move: Protect\n|-damage|p2b: Archaludon|59/100\n|-ability|p2b: Archaludon|Stamina|boost\n|-boost|p2b: Archaludon|def|1\n|move|p1b: Pelipper|Hurricane|p2a: Dragonite\n|-activate|p2a: Dragonite|move: Protect\n|move|p2b: Archaludon|Electro Shot||[still]\n|-prepare|p2b: Archaludon|Electro Shot\n|-boost|p2b: Archaludon|spa|1\n|-anim|p2b: Archaludon|Electro Shot|p1b: Pelipper\n|-supereffective|p1b: Pelipper|2\n|-enditem|p1b: Pelipper|Focus Sash\n|-damage|p1b: Pelipper|1/100\n|\n|-weather|none\n|-sideend|p1: ahizzar|move: Tailwind\n|upkeep\n|turn|6\n|inactive|Nerumy07 has 30 seconds left.\n|inactive|Nerumy07 has 20 seconds left.\n|inactive|Nerumy07 has 15 seconds left.\n|\n|t:|1775976362\n|move|p2a: Dragonite|Dragon Pulse|p1b: Pelipper\n|-damage|p1b: Pelipper|0 fnt\n|faint|p1b: Pelipper\n|move|p1a: Meganium|Dazzling Gleam|p2a: Dragonite|[spread] p2a,p2b\n|-supereffective|p2a: Dragonite|1\n|-damage|p2a: Dragonite|73/100\n|-damage|p2b: Archaludon|17/100\n|-ability|p2b: Archaludon|Stamina|boost\n|-boost|p2b: Archaludon|def|1\n|move|p2b: Archaludon|Flash Cannon|p1a: Meganium\n|-supereffective|p1a: Meganium|1\n|-damage|p1a: Meganium|0 fnt\n|faint|p1a: Meganium\n|\n|upkeep\n|\n|t:|1775976368\n|switch|p1b: Palafin|Palafin-Hero, L50, M, shiny|100/100\n|-activate|p1b: Palafin|ability: Zero to Hero\n|turn|7\n|-message|ahizzar forfeited.\n|\n|win|Nerumy07\n|raw|ahizzar's rating: 1053 &rarr; <strong>1037</strong><br />(-16 for losing)\n|raw|Nerumy07's rating: 1096 &rarr; <strong>1118</strong><br />(+22 for winning)\n|l|\u2606ahizzar\n|player|p1|\n",
  "uploadtime": 1775976382,
  "views": 19,
  "formatid": "gen9championsvgc2026regma",
  "rating": 1037,
  "private": 0,
  "password": null
}