{
  "id": "gen9championsvgc2026regma-2581796582",
  "format": "[Gen 9 Champions] VGC 2026 Reg M-A",
  "players": [
    "Kamonazo",
    "food14"
  ],
  "log": "|j|\u2606Kamonazo\n|j|\u2606food14\n|t:|1776029127\n|gametype|doubles\n|player|p1|Kamonazo|265|1103\n|player|p2|food14|preschooler|1097\n|gen|9\n|tier|[Gen 9 Champions] VGC 2026 Reg M-A\n|rated|\n|rule|Species Clause: Limit one of each Pok\u00e9mon\n|rule|Item Clause: Limit 1 of each item\n|clearpoke\n|poke|p1|Sneasler, L50, F|\n|poke|p1|Whimsicott, L50, F|\n|poke|p1|Incineroar, L50, M|\n|poke|p1|Primarina, L50, M|\n|poke|p1|Dragapult, L50, F|\n|poke|p1|Dragonite, L50, F|\n|poke|p2|Steelix, L50, M|\n|poke|p2|Farigiraf, L50, F|\n|poke|p2|Drampa, L50, F|\n|poke|p2|Incineroar, L50, M|\n|poke|p2|Ditto, L50|\n|poke|p2|Basculegion, L50, M|\n|teampreview|4\n|\n|t:|1776029169\n|teamsize|p1|4\n|teamsize|p2|4\n|start\n|switch|p1a: Primarina|Primarina, L50, M|100/100\n|switch|p1b: Whimsicott|Whimsicott, L50, F|100/100\n|switch|p2a: Steelix|Steelix, L50, M|100/100\n|switch|p2b: Farigiraf|Farigiraf, L50, F|100/100\n|turn|1\n|\n|t:|1776029192\n|move|p2a: Steelix|Protect|p2a: Steelix\n|-singleturn|p2a: Steelix|Protect\n|move|p1b: Whimsicott|Taunt||[still]\n|cant|p2b: Farigiraf|ability: Armor Tail|Taunt|[of] p1b: Whimsicott\n|move|p1a: Primarina|Hyper Voice|p2a: Steelix|[spread] p2b\n|-activate|p2a: Steelix|move: Protect\n|-damage|p2b: Farigiraf|70/100\n|move|p2b: Farigiraf|Trick Room|p2b: Farigiraf\n|-fieldstart|move: Trick Room|[of] p2b: Farigiraf\n|\n|upkeep\n|turn|2\n|\n|t:|1776029214\n|switch|p1b: Incineroar|Incineroar, L50, M|100/100\n|-ability|p1b: Incineroar|Intimidate|boost\n|-unboost|p2a: Steelix|atk|1\n|-unboost|p2b: Farigiraf|atk|1\n|detailschange|p2a: Steelix|Steelix-Mega, L50, M\n|-mega|p2a: Steelix|Steelix|Steelixite\n|move|p2a: Steelix|Iron Head|p1b: Incineroar\n|-resisted|p1b: Incineroar|1\n|-damage|p1b: Incineroar|90/100\n|move|p2b: Farigiraf|Hyper Voice|p1a: Primarina|[spread] p1a,p1b\n|-damage|p1a: Primarina|81/100\n|-damage|p1b: Incineroar|70/100\n|move|p1a: Primarina|Hyper Voice|p2b: Farigiraf|[spread] p2a,p2b\n|-supereffective|p2a: Steelix|1\n|-damage|p2a: Steelix|36/100\n|-damage|p2b: Farigiraf|40/100\n|\n|-heal|p1a: Primarina|87/100|[from] item: Leftovers\n|upkeep\n|turn|3\n|\n|t:|1776029238\n|move|p1a: Primarina|Protect|p1a: Primarina\n|-singleturn|p1a: Primarina|Protect\n|move|p2a: Steelix|High Horsepower|p1b: Incineroar\n|-supereffective|p1b: Incineroar|1\n|-damage|p1b: Incineroar|17/100\n|-enditem|p1b: Incineroar|Sitrus Berry|[eat]\n|-heal|p1b: Incineroar|42/100|[from] item: Sitrus Berry\n|move|p2b: Farigiraf|Psychic|p1a: Primarina\n|-activate|p1a: Primarina|move: Protect\n|move|p1b: Incineroar|Darkest Lariat|p2b: Farigiraf\n|-supereffective|p2b: Farigiraf|1\n|-enditem|p2b: Farigiraf|Colbur Berry|[eat]\n|-enditem|p2b: Farigiraf|Colbur Berry|[weaken]\n|-damage|p2b: Farigiraf|13/100\n|\n|-heal|p1a: Primarina|93/100|[from] item: Leftovers\n|upkeep\n|turn|4\n|\n|t:|1776029271\n|switch|p1b: Dragapult|Dragapult, L50, F|100/100\n|move|p2a: Steelix|High Horsepower|p1b: Dragapult\n|-damage|p1b: Dragapult|51/100\n|move|p2b: Farigiraf|Psychic|p1a: Primarina\n|-damage|p1a: Primarina|68/100\n|move|p1a: Primarina|Hyper Voice|p2b: Farigiraf|[spread] p2a,p2b\n|-supereffective|p2a: Steelix|1\n|-damage|p2a: Steelix|0 fnt\n|-damage|p2b: Farigiraf|0 fnt\n|faint|p2a: Steelix\n|faint|p2b: Farigiraf\n|\n|-heal|p1a: Primarina|74/100|[from] item: Leftovers\n|upkeep\n|\n|t:|1776029284\n|switch|p2a: Drampa|Drampa, L50, F|100/100\n|switch|p2b: Ditto|Ditto, L50|100/100\n|-transform|p2b: Ditto|p1a: Primarina|[from] ability: Imposter\n|turn|5\n|\n|t:|1776029312\n|switch|p1b: Incineroar|Incineroar, L50, M|42/100\n|-ability|p1b: Incineroar|Intimidate|boost\n|-unboost|p2a: Drampa|atk|1\n|-unboost|p2b: Ditto|atk|1\n|move|p2a: Drampa|Thunder|p1a: Primarina\n|-supereffective|p1a: Primarina|1\n|-damage|p1a: Primarina|4/100\n|-status|p1a: Primarina|par\n|cant|p1a: Primarina|par\n|move|p2b: Ditto|Moonblast|p1b: Incineroar\n|-damage|p1b: Incineroar|2/100\n|\n|-heal|p1a: Primarina|10/100 par|[from] item: Leftovers\n|-fieldend|move: Trick Room\n|upkeep\n|turn|6\n|\n|t:|1776029346\n|switch|p1a: Whimsicott|Whimsicott, L50, F|100/100\n|move|p2a: Drampa|Protect|p2a: Drampa\n|-singleturn|p2a: Drampa|Protect\n|move|p1b: Incineroar|Fake Out|p2b: Ditto\n|-crit|p2b: Ditto\n|-damage|p2b: Ditto|76/100\n|cant|p2b: Ditto|flinch\n|\n|upkeep\n|turn|7\n|\n|t:|1776029367\n|move|p1a: Whimsicott|Tailwind|p1a: Whimsicott\n|-sidestart|p1: Kamonazo|move: Tailwind\n|move|p1b: Incineroar|Parting Shot|p2a: Drampa\n|-unboost|p2a: Drampa|atk|1\n|-unboost|p2a: Drampa|spa|1\n|\n|t:|1776029372\n|switch|p1b: Dragapult|Dragapult, L50, F|51/100|[from] Parting Shot\n|move|p2b: Ditto|Moonblast|p1a: Whimsicott\n|-damage|p1a: Whimsicott|45/100\n|move|p2a: Drampa|Hyper Voice|p1a: Whimsicott|[spread] p1a\n|-immune|p1b: Dragapult\n|-damage|p1a: Whimsicott|10/100\n|\n|upkeep\n|turn|8\n|\n|t:|1776029403\n|move|p2a: Drampa|Protect|p2a: Drampa\n|-singleturn|p2a: Drampa|Protect\n|move|p1b: Dragapult|U-turn|p2b: Ditto\n|-resisted|p2b: Ditto|1\n|-damage|p2b: Ditto|59/100\n|\n|t:|1776029413\n|switch|p1b: Primarina|Primarina, L50, M|10/100 par|[from] U-turn\n|move|p1a: Whimsicott|Moonblast|p2b: Ditto\n|-damage|p2b: Ditto|35/100\n|move|p2b: Ditto|Moonblast|p1b: Primarina\n|-damage|p1b: Primarina|0 fnt\n|faint|p1b: Primarina\n|\n|upkeep\n|\n|t:|1776029421\n|switch|p1b: Incineroar|Incineroar, L50, M|2/100\n|-ability|p1b: Incineroar|Intimidate|boost\n|-unboost|p2a: Drampa|atk|1\n|-unboost|p2b: Ditto|atk|1\n|turn|9\n|\n|t:|1776029430\n|move|p1b: Incineroar|Fake Out|p2b: Ditto\n|-damage|p2b: Ditto|20/100\n|move|p1a: Whimsicott|Moonblast|p2a: Drampa\n|-supereffective|p2a: Drampa|1\n|-damage|p2a: Drampa|41/100\n|-ability|p2a: Drampa|Berserk|boost\n|-boost|p2a: Drampa|spa|1\n|cant|p2b: Ditto|flinch\n|move|p2a: Drampa|Hyper Voice|p1a: Whimsicott|[spread] p1a,p1b\n|-crit|p1a: Whimsicott\n|-damage|p1a: Whimsicott|0 fnt\n|-damage|p1b: Incineroar|0 fnt\n|faint|p1a: Whimsicott\n|faint|p1b: Incineroar\n|\n|upkeep\n|\n|t:|1776029444\n|switch|p1b: Dragapult|Dragapult, L50, F|51/100\n|turn|10\n|\n|t:|1776029449\n|move|p1b: Dragapult|Phantom Force||[still]\n|-prepare|p1b: Dragapult|Phantom Force\n|move|p2b: Ditto|Moonblast|p1b: Dragapult|[miss]\n|-miss|p2b: Ditto|p1b: Dragapult\n|move|p2a: Drampa|Draco Meteor|p1b: Dragapult|[miss]\n|-miss|p2a: Drampa|p1b: Dragapult\n|\n|-sideend|p1: Kamonazo|move: Tailwind\n|upkeep\n|turn|11\n|\n|t:|1776029459\n|move|p1b: Dragapult|Phantom Force|p2b: Ditto|[from] lockedmove\n|-damage|p2b: Ditto|0 fnt\n|faint|p2b: Ditto\n|move|p2a: Drampa|Draco Meteor|p1b: Dragapult\n|-supereffective|p1b: Dragapult|1\n|-damage|p1b: Dragapult|0 fnt\n|-unboost|p2a: Drampa|spa|2\n|faint|p1b: Dragapult\n|\n|win|food14\n|raw|Kamonazo's rating: 1103 &rarr; <strong>1078</strong><br />(-25 for losing)\n|raw|food14's rating: 1097 &rarr; <strong>1123</strong><br />(+26 for winning)\n|l|\u2606Kamonazo\n|player|p1|\n",
  "uploadtime": 1776029473,
  "views": 14,
  "formatid": "gen9championsvgc2026regma",
  "rating": 1078,
  "private": 0,
  "password": null
}