{
  "id": "gen9championsvgc2026regma-2585367778",
  "format": "[Gen 9 Champions] VGC 2026 Reg M-A",
  "players": [
    "apoted",
    "Virone"
  ],
  "log": "|j|\u203dapoted\n|j|\u2606Virone\n|t:|1776341880\n|gametype|doubles\n|player|p1|apoted|266|1267\n|player|p2|Virone|veteranf|1305\n|gen|9\n|tier|[Gen 9 Champions] VGC 2026 Reg M-A\n|rated|\n|rule|Species Clause: Limit one of each Pok\u00e9mon\n|rule|Item Clause: Limit 1 of each item\n|clearpoke\n|poke|p1|Scizor, L50, F|\n|poke|p1|Basculegion, L50, M|\n|poke|p1|Pelipper, L50, F|\n|poke|p1|Sableye, L50, M|\n|poke|p1|Sneasler, L50, F|\n|poke|p1|Incineroar, L50, F|\n|poke|p2|Scovillain, L50, M|\n|poke|p2|Dragapult, L50, M|\n|poke|p2|Sneasler, L50, M|\n|poke|p2|Rotom-Wash, L50|\n|poke|p2|Archaludon, L50, F|\n|poke|p2|Volcarona, L50, M|\n|teampreview|4\n|inactive|Battle timer is ON: inactive players will automatically lose when time's up. (requested by apoted)\napoted has agreed to open team sheets.\nVirone has agreed to open team sheets.\n|showteam|p1|Scizor||Scizorite|Technician|BulletPunch,Protect,SwordsDance,BugBite|||F|||50|]Basculegion||ChoiceScarf|Adaptability|LastRespects,AquaJet,FlipTurn,WaveCrash|||M|||50|]Pelipper||FocusSash|Drizzle|Tailwind,Hurricane,WideGuard,WeatherBall|||F|||50|]Sableye||RoseliBerry|Prankster|LightScreen,WillOWisp,FoulPlay,Disable|||M|||50|]Sneasler||WhiteHerb|Unburden|FakeOut,CloseCombat,Coaching,DireClaw|||F|||50|]Incineroar||PasshoBerry|Intimidate|FakeOut,FlareBlitz,PartingShot,ThroatChop|||F|||50|\n|showteam|p2|Scovillain||Scovillainite|Moody|RagePowder,GigaDrain,Flamethrower,Protect|||M|||50|]Dragapult||SpellTag|Infiltrator|Hex,ThunderWave,Reflect,LightScreen|||M|||50|]Sneasler||WhiteHerb|Unburden|FakeOut,CloseCombat,DireClaw,Protect|||M|||50|]Rotom-Wash||SitrusBerry|Levitate|HydroPump,Thunderbolt,Electroweb,Protect||||||50|]Archaludon||Leftovers|Stamina|ElectroShot,DragonPulse,FlashCannon,Protect|||F|||50|]Volcarona||LumBerry|FlameBody|FieryDance,StruggleBug,QuiverDance,Protect|||M|||50|\n|inactive|apoted has 60 seconds left.\n|\n|t:|1776341940\n|teamsize|p1|4\n|teamsize|p2|4\n|start\n|switch|p1a: Pelipper|Pelipper, L50, F|100/100\n|switch|p1b: Sneasler|Sneasler, L50, F, shiny|100/100\n|switch|p2a: Scovillain|Scovillain, L50, M|100/100\n|switch|p2b: Dragapult|Dragapult, L50, M|100/100\n|-weather|RainDance|[from] ability: Drizzle|[of] p1a: Pelipper\n|turn|1\n|\n|t:|1776341969\n|switch|p2a: Archaludon|Archaludon, L50, F|100/100\n|move|p2b: Dragapult|Light Screen|p2b: Dragapult\n|-sidestart|p2: Virone|move: Light Screen\n|move|p1b: Sneasler|Dire Claw|p2a: Archaludon\n|-immune|p2a: Archaludon\n|move|p1a: Pelipper|Hurricane|p2a: Archaludon\n|-resisted|p2a: Archaludon|1\n|-damage|p2a: Archaludon|85/100\n|-start|p2a: Archaludon|confusion\n|-ability|p2a: Archaludon|Stamina|boost\n|-boost|p2a: Archaludon|def|1\n|\n|-weather|RainDance|[upkeep]\n|-heal|p2a: Archaludon|91/100|[from] item: Leftovers\n|upkeep\n|turn|2\n|inactive|apoted has 30 seconds left.\n|inactive|apoted has 20 seconds left.\n|inactive|apoted has 15 seconds left.\n|inactive|apoted has 10 seconds left.\n|inactive|apoted has 5 seconds left.\n|\n|t:|1776342022\n|move|p2b: Dragapult|Reflect|p2b: Dragapult\n|-sidestart|p2: Virone|Reflect\n|move|p1b: Sneasler|Close Combat|p2a: Archaludon\n|-supereffective|p2a: Archaludon|1\n|-damage|p2a: Archaludon|48/100\n|-unboost|p1b: Sneasler|def|1\n|-unboost|p1b: Sneasler|spd|1\n|-ability|p2a: Archaludon|Stamina|boost\n|-boost|p2a: Archaludon|def|1\n|-enditem|p1b: Sneasler|White Herb\n|-clearnegativeboost|p1b: Sneasler|[silent]\n|move|p1a: Pelipper|Hurricane|p2b: Dragapult\n|-damage|p2b: Dragapult|58/100\n|-start|p2b: Dragapult|confusion\n|-activate|p2a: Archaludon|confusion\n|move|p2a: Archaludon|Electro Shot||[still]\n|-prepare|p2a: Archaludon|Electro Shot\n|-boost|p2a: Archaludon|spa|1\n|-anim|p2a: Archaludon|Electro Shot|p1a: Pelipper\n|-supereffective|p1a: Pelipper|2\n|-enditem|p1a: Pelipper|Focus Sash\n|-damage|p1a: Pelipper|1/100\n|\n|-weather|RainDance|[upkeep]\n|-heal|p2a: Archaludon|54/100|[from] item: Leftovers\n|upkeep\n|turn|3\n|\n|t:|1776342046\n|-activate|p2a: Archaludon|confusion\n|-damage|p2a: Archaludon|51/100|[from] confusion\n|move|p1b: Sneasler|Close Combat|p2a: Archaludon\n|-supereffective|p2a: Archaludon|1\n|-damage|p2a: Archaludon|22/100\n|-unboost|p1b: Sneasler|def|1\n|-unboost|p1b: Sneasler|spd|1\n|-ability|p2a: Archaludon|Stamina|boost\n|-boost|p2a: Archaludon|def|1\n|-activate|p2b: Dragapult|confusion\n|move|p2b: Dragapult|Thunder Wave|p1b: Sneasler\n|-status|p1b: Sneasler|par\n|move|p1a: Pelipper|Hurricane|p2b: Dragapult\n|-damage|p2b: Dragapult|18/100\n|\n|-weather|RainDance|[upkeep]\n|-heal|p2a: Archaludon|28/100|[from] item: Leftovers\n|upkeep\n|turn|4\n|\n|t:|1776342066\n|-activate|p2a: Archaludon|confusion\n|-damage|p2a: Archaludon|25/100|[from] confusion\n|-activate|p2b: Dragapult|confusion\n|-damage|p2b: Dragapult|4/100|[from] confusion\n|move|p1b: Sneasler|Close Combat|p2a: Archaludon\n|-supereffective|p2a: Archaludon|1\n|-damage|p2a: Archaludon|0 fnt\n|-unboost|p1b: Sneasler|def|1\n|-unboost|p1b: Sneasler|spd|1\n|faint|p2a: Archaludon\n|move|p1a: Pelipper|Hurricane|p2b: Dragapult\n|-damage|p2b: Dragapult|0 fnt\n|faint|p2b: Dragapult\n|\n|-weather|RainDance|[upkeep]\n|upkeep\n|\n|t:|1776342074\n|switch|p2b: Rotom|Rotom-Wash, L50, shiny|100/100\n|switch|p2a: Scovillain|Scovillain, L50, M|100/100\n|turn|5\n|\n|t:|1776342093\n|detailschange|p2a: Scovillain|Scovillain-Mega, L50, M\n|-mega|p2a: Scovillain|Scovillain|Scovillainite\n|move|p1b: Sneasler|Dire Claw|p2a: Scovillain\n|-supereffective|p2a: Scovillain|1\n|-crit|p2a: Scovillain\n|-damage|p2a: Scovillain|0 fnt\n|faint|p2a: Scovillain\n|move|p1a: Pelipper|Hurricane|p2b: Rotom\n|-resisted|p2b: Rotom|1\n|-damage|p2b: Rotom|84/100\n|move|p2b: Rotom|Electroweb|p1b: Sneasler|[spread] p1a,p1b\n|-supereffective|p1a: Pelipper|2\n|-damage|p1a: Pelipper|0 fnt\n|-damage|p1b: Sneasler|41/100 par\n|-unboost|p1b: Sneasler|spe|1\n|faint|p1a: Pelipper\n|\n|-weather|none\n|-sideend|p2: Virone|move: Light Screen\n|upkeep\n|\n|t:|1776342111\n|switch|p1a: Sableye|Sableye, L50, M, shiny|100/100\n|turn|6\n|\n|t:|1776342116\n|move|p1a: Sableye|Light Screen|p1a: Sableye\n|-sidestart|p1: apoted|move: Light Screen\n|move|p1b: Sneasler|Dire Claw|p2b: Rotom\n|-damage|p2b: Rotom|55/100\n|move|p2b: Rotom|Hydro Pump|p1b: Sneasler\n|-damage|p1b: Sneasler|0 fnt\n|faint|p1b: Sneasler\n|\n|-sideend|p2: Virone|Reflect\n|upkeep\n|\n|t:|1776342125\n|switch|p1b: Basculegion|Basculegion, L50, M|100/100\n|turn|7\n|\n|t:|1776342132\n|move|p1b: Basculegion|Last Respects|p2b: Rotom\n|-damage|p2b: Rotom|0 fnt\n|faint|p2b: Rotom\n|\n|win|apoted\n|raw|apoted's rating: 1267 &rarr; <strong>1295</strong><br />(+28 for winning)\n|raw|Virone's rating: 1305 &rarr; <strong>1283</strong><br />(-22 for losing)\n",
  "uploadtime": 1776342135,
  "views": 40,
  "formatid": "gen9championsvgc2026regma",
  "rating": 1283,
  "private": 0,
  "password": null
}