{
  "id": "gen9championsvgc2026regma-2583647831",
  "format": "[Gen 9 Champions] VGC 2026 Reg M-A",
  "players": [
    "Auscar",
    "henitusec"
  ],
  "log": "|j|\u2606Auscar\n|j|\u2606henitusec\n|t:|1776188623\n|gametype|doubles\n|player|p1|Auscar|265|1185\n|player|p2|henitusec|diantha|1158\n|gen|9\n|tier|[Gen 9 Champions] VGC 2026 Reg M-A\n|rated|\n|rule|Species Clause: Limit one of each Pok\u00e9mon\n|rule|Item Clause: Limit 1 of each item\n|clearpoke\n|poke|p1|Kangaskhan, L50, F|\n|poke|p1|Aerodactyl, L50, F|\n|poke|p1|Sneasler, L50, F|\n|poke|p1|Zoroark-Hisui, L50, M|\n|poke|p1|Mamoswine, L50, M|\n|poke|p2|Gardevoir, L50, F|\n|poke|p2|Aegislash, L50, F|\n|poke|p2|Incineroar, L50, M|\n|poke|p2|Vivillon-Polar, L50, M|\n|poke|p2|Whimsicott, L50, F|\n|poke|p2|Tauros-Paldea-Aqua, L50, M|\n|teampreview|4\n|inactive|Battle timer is ON: inactive players will automatically lose when time's up. (requested by henitusec)\n|\n|t:|1776188651\n|teamsize|p1|4\n|teamsize|p2|4\n|start\n|switch|p1a: Kangaskhan|Kangaskhan, L50, F|100/100\n|switch|p1b: Aerodactyl|Aerodactyl, L50, F|100/100\n|switch|p2a: Whimsicott|Whimsicott, L50, F|100/100\n|switch|p2b: Gardevoir|Gardevoir, L50, F, shiny|100/100\n|-ability|p2b: Gardevoir|Scrappy|Trace|[from] ability: Trace|[of] p1a: Kangaskhan\n|turn|1\n|\n|t:|1776188667\n|detailschange|p2b: Gardevoir|Gardevoir-Mega, L50, F, shiny\n|-mega|p2b: Gardevoir|Gardevoir|Gardevoirite\n|move|p1a: Kangaskhan|Fake Out|p2a: Whimsicott\n|-damage|p2a: Whimsicott|78/100\n|cant|p2a: Whimsicott|flinch\n|move|p1b: Aerodactyl|Dual Wingbeat|p2a: Whimsicott|[miss]\n|-miss|p1b: Aerodactyl|p2a: Whimsicott\n|move|p2b: Gardevoir|Hyper Voice|p1b: Aerodactyl|[spread] p1a,p1b\n|-crit|p1b: Aerodactyl\n|-damage|p1a: Kangaskhan|47/100\n|-enditem|p1b: Aerodactyl|Focus Sash\n|-damage|p1b: Aerodactyl|1/100\n|\n|upkeep\n|turn|2\n|\n|t:|1776188691\n|detailschange|p1a: Kangaskhan|Kangaskhan-Mega, L50, F\n|-mega|p1a: Kangaskhan|Kangaskhan|Kangaskhanite\n|move|p1b: Aerodactyl|Protect|p1b: Aerodactyl\n|-singleturn|p1b: Aerodactyl|Protect\n|move|p2a: Whimsicott|Tailwind|p2a: Whimsicott\n|-sidestart|p2: henitusec|move: Tailwind\n|move|p2b: Gardevoir|Hyper Voice|p1b: Aerodactyl|[spread] p1a\n|-activate|p1b: Aerodactyl|move: Protect\n|-damage|p1a: Kangaskhan|4/100\n|move|p1a: Kangaskhan|Double-Edge|p2b: Gardevoir\n|-damage|p2b: Gardevoir|20/100\n|-damage|p2b: Gardevoir|1/100\n|-hitcount|p2b: Gardevoir|2\n|-damage|p1a: Kangaskhan|0 fnt|[from] Recoil\n|faint|p1a: Kangaskhan\n|\n|upkeep\n|\n|t:|1776188702\n|switch|p1a: Sneasler|Sneasler, L50, F|100/100\n|turn|3\n|\n|t:|1776188720\n|switch|p2b: Aegislash|Aegislash, L50, F|100/100\n|move|p1a: Sneasler|Fake Out|p2a: Whimsicott\n|-damage|p2a: Whimsicott|62/100\n|cant|p2a: Whimsicott|flinch\n|move|p1b: Aerodactyl|Tailwind|p1b: Aerodactyl\n|-sidestart|p1: Auscar|move: Tailwind\n|\n|upkeep\n|turn|4\n|inactive|Auscar has 30 seconds left.\n|inactive|Auscar has 20 seconds left.\n|inactive|Auscar has 15 seconds left.\n|inactive|Auscar has 10 seconds left.\n|\n|t:|1776188767\n|move|p2a: Whimsicott|Encore|p1b: Aerodactyl\n|-start|p1b: Aerodactyl|Encore\n|move|p1b: Aerodactyl|Tailwind||[still]\n|-fail|p1b: Aerodactyl\n|move|p1a: Sneasler|Rock Tomb|p2b: Aegislash\n|-resisted|p2b: Aegislash|1\n|-damage|p2b: Aegislash|93/100\n|-unboost|p2b: Aegislash|spe|1\n|-enditem|p2b: Aegislash|White Herb\n|-clearnegativeboost|p2b: Aegislash|[silent]\n|-formechange|p2b: Aegislash|Aegislash-Blade|\n|move|p2b: Aegislash|Poltergeist|p1a: Sneasler\n|-activate|p1a: Sneasler|move: Poltergeist|White Herb\n|-damage|p1a: Sneasler|10/100\n|\n|upkeep\n|turn|5\n|inactive|henitusec has 30 seconds left.\n|\n|t:|1776188792\n|move|p2a: Whimsicott|Encore|p1a: Sneasler\n|-start|p1a: Sneasler|Encore\n|move|p1b: Aerodactyl|Tailwind||[still]\n|-fail|p1b: Aerodactyl\n|move|p1a: Sneasler|Rock Tomb|p2a: Whimsicott\n|-damage|p2a: Whimsicott|36/100\n|-unboost|p2a: Whimsicott|spe|1\n|move|p2b: Aegislash|Poltergeist|p1a: Sneasler\n|-activate|p1a: Sneasler|move: Poltergeist|White Herb\n|-damage|p1a: Sneasler|0 fnt\n|faint|p1a: Sneasler\n|\n|-sideend|p2: henitusec|move: Tailwind\n|upkeep\n|\n|t:|1776188799\n|switch|p1a: Aerodactyl|Aerodactyl, L50, F|100/100\n|turn|6\n|\n|t:|1776188822\n|move|p2a: Whimsicott|Tailwind|p2a: Whimsicott\n|-sidestart|p2: henitusec|move: Tailwind\n|move|p1a: Aerodactyl|Bitter Malice|p2b: Aegislash\n|-supereffective|p2b: Aegislash|1\n|-damage|p2b: Aegislash|0 fnt\n|faint|p2b: Aegislash\n|move|p1b: Aerodactyl|Tailwind||[still]\n|-fail|p1b: Aerodactyl\n|\n|-end|p1b: Aerodactyl|Encore\n|-sideend|p1: Auscar|move: Tailwind\n|upkeep\n|\n|t:|1776188832\n|switch|p2b: Gardevoir|Gardevoir-Mega, L50, F, shiny|1/100\n|turn|7\n|\n|t:|1776188841\n|move|p2a: Whimsicott|Light Screen|p2a: Whimsicott\n|-sidestart|p2: henitusec|move: Light Screen\n|move|p1a: Aerodactyl|Bitter Malice|p2b: Gardevoir\n|-supereffective|p2b: Gardevoir|1\n|-damage|p2b: Gardevoir|0 fnt\n|faint|p2b: Gardevoir\n|move|p1b: Aerodactyl|Tailwind|p1b: Aerodactyl\n|-sidestart|p1: Auscar|move: Tailwind\n|\n|upkeep\n|\n|t:|1776188847\n|switch|p2b: Tauros|Tauros-Paldea-Aqua, L50, M|100/100\n|-ability|p2b: Tauros|Intimidate|boost\n|-unboost|p1a: Aerodactyl|atk|1\n|-unboost|p1b: Aerodactyl|atk|1\n|turn|8\n|\n|t:|1776188862\n|move|p2b: Tauros|Aqua Jet|p1a: Aerodactyl\n|-damage|p1a: Aerodactyl|50/100\n|replace|p1a: Zoroark|Zoroark-Hisui, L50, M\n|-end|p1a: Zoroark|Illusion\n|move|p1a: Zoroark|Bitter Malice|p2b: Tauros\n|-damage|p2b: Tauros|71/100\n|-unboost|p2b: Tauros|atk|1\n|move|p1b: Aerodactyl|Dual Wingbeat|p2b: Tauros\n|-supereffective|p2b: Tauros|1\n|-damage|p2b: Tauros|46/100\n|-supereffective|p2b: Tauros|1\n|-damage|p2b: Tauros|23/100\n|-hitcount|p2b: Tauros|2\n|move|p2a: Whimsicott|Moonblast|p1a: Zoroark\n|-damage|p1a: Zoroark|0 fnt\n|faint|p1a: Zoroark\n|\n|upkeep\n|turn|9\n|\n|t:|1776188882\n|move|p2b: Tauros|Aqua Jet|p1b: Aerodactyl\n|-supereffective|p1b: Aerodactyl|1\n|-damage|p1b: Aerodactyl|0 fnt\n|faint|p1b: Aerodactyl\n|\n|win|henitusec\n|raw|Auscar's rating: 1185 &rarr; <strong>1158</strong><br />(-27 for losing)\n|raw|henitusec's rating: 1158 &rarr; <strong>1185</strong><br />(+27 for winning)\n|c|\u2606Auscar|Gg\n|l|\u2606Auscar\n|player|p1|\n",
  "uploadtime": 1776188884,
  "views": 16,
  "formatid": "gen9championsvgc2026regma",
  "rating": 1158,
  "private": 0,
  "password": null
}