{
  "id": "gen9championsvgc2026regma-2583763005",
  "format": "[Gen 9 Champions] VGC 2026 Reg M-A",
  "players": [
    "Spottedwoot",
    "SimMikaze"
  ],
  "log": "|j|\u2606Spottedwoot\n|j|\u2606SimMikaze\n|t:|1776196032\n|gametype|doubles\n|player|p1|Spottedwoot|102|1410\n|player|p2|SimMikaze|miku-ghost|1375\n|gen|9\n|tier|[Gen 9 Champions] VGC 2026 Reg M-A\n|rated|\n|rule|Species Clause: Limit one of each Pok\u00e9mon\n|rule|Item Clause: Limit 1 of each item\n|clearpoke\n|poke|p1|Incineroar, L50, M|\n|poke|p1|Sneasler, L50, F|\n|poke|p1|Kingambit, L50, M|\n|poke|p1|Aerodactyl, L50, M|\n|poke|p1|Rotom-Wash, L50|\n|poke|p1|Floette-Eternal, L50, F|\n|poke|p2|Floette-Eternal, L50, F|\n|poke|p2|Maushold-Four, L50|\n|poke|p2|Garchomp, L50, F|\n|poke|p2|Talonflame, L50, F|\n|poke|p2|Incineroar, L50, M|\n|poke|p2|Sinistcha, L50|\n|teampreview|4\n|\n|t:|1776196076\n|teamsize|p1|4\n|teamsize|p2|4\n|start\n|switch|p1a: Aerodactyl|Aerodactyl, L50, M|100/100\n|switch|p1b: Kingambit|Kingambit, L50, M|100/100\n|switch|p2a: Talonflame|Talonflame, L50, F|100/100\n|switch|p2b: Garchomp|Garchomp, L50, F|100/100\n|turn|1\n|\n|t:|1776196121\n|move|p1b: Kingambit|Protect|p1b: Kingambit\n|-singleturn|p1b: Kingambit|Protect\n|move|p2a: Talonflame|Tailwind|p2a: Talonflame\n|-sidestart|p2: SimMikaze|move: Tailwind\n|move|p2b: Garchomp|Earthquake|p1b: Kingambit|[spread] \n|-activate|p1b: Kingambit|move: Protect\n|-immune|p2a: Talonflame\n|-immune|p1a: Aerodactyl\n|move|p1a: Aerodactyl|Tailwind|p1a: Aerodactyl\n|-sidestart|p1: Spottedwoot|move: Tailwind\n|\n|upkeep\n|turn|2\n|\n|t:|1776196138\n|switch|p1b: Sneasler|Sneasler, L50, F|100/100\n|move|p2a: Talonflame|Protect|p2a: Talonflame\n|-singleturn|p2a: Talonflame|Protect\n|move|p1a: Aerodactyl|Rock Slide|p2a: Talonflame|[spread] p2b\n|-activate|p2a: Talonflame|move: Protect\n|-resisted|p2b: Garchomp|1\n|-damage|p2b: Garchomp|87/100\n|move|p2b: Garchomp|Earthquake|p1b: Sneasler|[spread] p1b\n|-activate|p2a: Talonflame|move: Protect\n|-immune|p1a: Aerodactyl\n|-supereffective|p1b: Sneasler|1\n|-enditem|p1b: Sneasler|Focus Sash\n|-damage|p1b: Sneasler|1/100\n|\n|upkeep\n|turn|3\n|\n|t:|1776196160\n|switch|p2a: Sinistcha|Sinistcha, L50, shiny|100/100\n|-heal|p2b: Garchomp|100/100|[from] ability: Hospitality|[of] p2a: Sinistcha\n|move|p1b: Sneasler|Protect|p1b: Sneasler\n|-singleturn|p1b: Sneasler|Protect\n|move|p1a: Aerodactyl|Rock Slide|p2b: Garchomp|[spread] p2b\n|-miss|p1a: Aerodactyl|p2a: Sinistcha\n|-resisted|p2b: Garchomp|1\n|-damage|p2b: Garchomp|87/100\n|move|p2b: Garchomp|Rock Slide|p1a: Aerodactyl|[spread] p1a\n|-activate|p1b: Sneasler|move: Protect\n|-supereffective|p1a: Aerodactyl|1\n|-damage|p1a: Aerodactyl|34/100\n|\n|upkeep\n|turn|4\n|j| sileshar\n|l| sileshar\n|inactive|Battle timer is ON: inactive players will automatically lose when time's up. (requested by Spottedwoot)\n|\n|t:|1776196210\n|switch|p1a: Floette|Floette-Eternal, L50, F|100/100\n|switch|p2a: Talonflame|Talonflame, L50, F|100/100\n|move|p1b: Sneasler|Dire Claw|p2a: Talonflame\n|-damage|p2a: Talonflame|37/100\n|move|p2b: Garchomp|Rock Slide|p1a: Floette|[spread] p1a,p1b\n|-resisted|p1b: Sneasler|1\n|-damage|p1a: Floette|71/100\n|-damage|p1b: Sneasler|0 fnt\n|faint|p1b: Sneasler\n|\n|-sideend|p1: Spottedwoot|move: Tailwind\n|-sideend|p2: SimMikaze|move: Tailwind\n|upkeep\n|j| gardenman445\n|\n|t:|1776196219\n|switch|p1b: Aerodactyl|Aerodactyl, L50, M|34/100\n|turn|5\n|\n|t:|1776196239\n|switch|p2b: Sinistcha|Sinistcha, L50, shiny|100/100\n|-heal|p2a: Talonflame|61/100|[from] ability: Hospitality|[of] p2b: Sinistcha\n|detailschange|p1a: Floette|Floette-Mega, L50, F\n|-mega|p1a: Floette|Floette|Floettite\n|-ability|p1a: Floette|Fairy Aura\n|move|p1b: Aerodactyl|Tailwind|p1b: Aerodactyl\n|-sidestart|p1: Spottedwoot|move: Tailwind\n|move|p1a: Floette|Dazzling Gleam|p2b: Sinistcha|[spread] p2a,p2b\n|-resisted|p2a: Talonflame|1\n|-damage|p2a: Talonflame|28/100\n|-damage|p2b: Sinistcha|58/100\n|move|p2a: Talonflame|Tailwind|p2a: Talonflame\n|-sidestart|p2: SimMikaze|move: Tailwind\n|\n|upkeep\n|turn|6\n|inactive|SimMikaze has 30 seconds left.\n|\n|t:|1776196264\n|move|p1b: Aerodactyl|Rock Slide|p2b: Sinistcha|[spread] p2a,p2b\n|-supereffective|p2a: Talonflame|2\n|-crit|p2a: Talonflame\n|-damage|p2a: Talonflame|0 fnt\n|-damage|p2b: Sinistcha|36/100\n|-enditem|p2b: Sinistcha|Sitrus Berry|[eat]\n|-heal|p2b: Sinistcha|61/100|[from] item: Sitrus Berry\n|faint|p2a: Talonflame\n|move|p1a: Floette|Moonblast|p2b: Sinistcha\n|-damage|p2b: Sinistcha|0 fnt\n|faint|p2b: Sinistcha\n|\n|upkeep\n|\n|t:|1776196267\n|switch|p2a: Garchomp|Garchomp, L50, F|87/100\n|switch|p2b: Floette|Floette-Eternal, L50, F|100/100\n|turn|7\n|\n|t:|1776196284\n|detailschange|p2b: Floette|Floette-Mega, L50, F\n|-mega|p2b: Floette|Floette|Floettite\n|-ability|p2b: Floette|Fairy Aura\n|move|p1b: Aerodactyl|Dual Wingbeat|p2b: Floette\n|-damage|p2b: Floette|81/100\n|-damage|p2b: Floette|60/100\n|-hitcount|p2b: Floette|2\n|move|p1a: Floette|Dazzling Gleam|p2a: Garchomp|[spread] p2a,p2b\n|-supereffective|p2a: Garchomp|1\n|-damage|p2a: Garchomp|0 fnt\n|-damage|p2b: Floette|26/100\n|faint|p2a: Garchomp\n|move|p2b: Floette|Dazzling Gleam|p1a: Floette|[spread] p1a,p1b\n|-damage|p1a: Floette|30/100\n|-damage|p1b: Aerodactyl|0 fnt\n|faint|p1b: Aerodactyl\n|\n|upkeep\n|\n|t:|1776196293\n|switch|p1b: Kingambit|Kingambit, L50, M|100/100\n|turn|8\n|\n|t:|1776196297\n|move|p1a: Floette|Moonblast|p2b: Floette\n|-damage|p2b: Floette|0 fnt\n|faint|p2b: Floette\n|\n|win|Spottedwoot\n|raw|Spottedwoot's rating: 1410 &rarr; <strong>1428</strong><br />(+18 for winning)\n|raw|SimMikaze's rating: 1375 &rarr; <strong>1357</strong><br />(-18 for losing)\n|l|\u2606Spottedwoot\n|player|p1|\n",
  "uploadtime": 1776196298,
  "views": 27,
  "formatid": "gen9championsvgc2026regma",
  "rating": 1357,
  "private": 0,
  "password": null
}