{
  "id": "gen9championsvgc2026regma-2583002002",
  "format": "[Gen 9 Champions] VGC 2026 Reg M-A",
  "players": [
    "9wtt",
    "da bus ID"
  ],
  "log": "|j|\u26069wtt\n|j|\u2606da bus ID\n|t:|1776132332\n|gametype|doubles\n|player|p1|9wtt|karen-gen2|1040\n|player|p2|da bus ID|norman|1076\n|gen|9\n|tier|[Gen 9 Champions] VGC 2026 Reg M-A\n|rated|\n|rule|Species Clause: Limit one of each Pok\u00e9mon\n|rule|Item Clause: Limit 1 of each item\n|clearpoke\n|poke|p1|Audino, L50, F|\n|poke|p1|Venusaur, L50, F|\n|poke|p1|Alakazam, L50, F|\n|poke|p1|Camerupt, L50, F|\n|poke|p1|Sinistcha-Masterpiece, L50|\n|poke|p1|Ninetales, L50, F|\n|poke|p2|Torkoal, L50, F|\n|poke|p2|Typhlosion, L50, M|\n|poke|p2|Venusaur, L50, F|\n|poke|p2|Runerigus, L50, M|\n|poke|p2|Aromatisse, L50, M|\n|poke|p2|Kingambit, L50, F|\n|teampreview|4\nda bus ID rejected open team sheets.\n|\n|t:|1776132367\n|teamsize|p1|4\n|teamsize|p2|4\n|start\n|switch|p1a: Alakazam|Alakazam, L50, F, shiny|100/100\n|switch|p1b: Camerupt|Camerupt, L50, F, shiny|100/100\n|switch|p2a: Torkoal|Torkoal, L50, F|100/100\n|switch|p2b: Typhlosion|Typhlosion, L50, M|100/100\n|-weather|SunnyDay|[from] ability: Drought|[of] p2a: Torkoal\n|turn|1\n|\n|t:|1776132391\n|detailschange|p1b: Camerupt|Camerupt-Mega, L50, F, shiny\n|-mega|p1b: Camerupt|Camerupt|Cameruptite\n|move|p2b: Typhlosion|Eruption|p1a: Alakazam|[spread] p1a,p1b\n|-resisted|p1b: Camerupt|1\n|-enditem|p1a: Alakazam|Focus Sash\n|-damage|p1a: Alakazam|1/100\n|-damage|p1b: Camerupt|51/100\n|move|p1a: Alakazam|Speed Swap|p1b: Camerupt\n|-activate|p1a: Alakazam|move: Speed Swap|[of] p1b: Camerupt\n|move|p1b: Camerupt|Earth Power|p2b: Typhlosion\n|-supereffective|p2b: Typhlosion|1\n|-damage|p2b: Typhlosion|0 fnt\n|faint|p2b: Typhlosion\n|move|p2a: Torkoal|Heat Wave|p1a: Alakazam|[spread] p1b\n|-miss|p2a: Torkoal|p1a: Alakazam\n|-resisted|p1b: Camerupt|1\n|-damage|p1b: Camerupt|20/100\n|\n|-weather|SunnyDay|[upkeep]\n|upkeep\n|\n|t:|1776132415\n|switch|p2b: Kingambit|Kingambit, L50, F|100/100\n|turn|2\n|\n|t:|1776132432\n|move|p1b: Camerupt|Protect|p1b: Camerupt\n|-singleturn|p1b: Camerupt|Protect\n|move|p2b: Kingambit|Sucker Punch||[still]\n|-fail|p2b: Kingambit\n|move|p1a: Alakazam|Light Screen|p1a: Alakazam\n|-sidestart|p1: 9wtt|move: Light Screen\n|move|p2a: Torkoal|Heat Wave|p1a: Alakazam|[spread] p1a\n|-activate|p1b: Camerupt|move: Protect\n|-damage|p1a: Alakazam|0 fnt\n|faint|p1a: Alakazam\n|\n|-weather|SunnyDay|[upkeep]\n|upkeep\n|\n|t:|1776132436\n|switch|p1a: Ninetales|Ninetales, L50, F, shiny|100/100\n|turn|3\n|\n|t:|1776132454\n|move|p1b: Camerupt|Protect|p1b: Camerupt\n|-singleturn|p1b: Camerupt|Protect\n|move|p2b: Kingambit|Protect|p2b: Kingambit\n|-singleturn|p2b: Kingambit|Protect\n|move|p2a: Torkoal|Protect|p2a: Torkoal\n|-singleturn|p2a: Torkoal|Protect\n|move|p1a: Ninetales|Heat Wave|p2b: Kingambit|[spread] \n|-activate|p2a: Torkoal|move: Protect\n|-activate|p2b: Kingambit|move: Protect\n|\n|-weather|SunnyDay|[upkeep]\n|upkeep\n|turn|4\n|\n|t:|1776132488\n|switch|p2a: Runerigus|Runerigus, L50, M|100/100\n|move|p1b: Camerupt|Earth Power|p2a: Runerigus\n|-damage|p2a: Runerigus|33/100\n|move|p1a: Ninetales|Heat Wave|p2b: Kingambit|[spread] p2a,p2b\n|-supereffective|p2b: Kingambit|1\n|-crit|p2b: Kingambit\n|-damage|p2a: Runerigus|0 fnt\n|-damage|p2b: Kingambit|0 fnt\n|faint|p2a: Runerigus\n|faint|p2b: Kingambit\n|\n|-weather|SunnyDay|[upkeep]\n|upkeep\n|\n|t:|1776132497\n|switch|p2b: Torkoal|Torkoal, L50, F|100/100\n|turn|5\n|-message|da bus ID forfeited.\n|\n|win|9wtt\n|raw|9wtt's rating: 1040 &rarr; <strong>1078</strong><br />(+38 for winning)\n|raw|da bus ID's rating: 1076 &rarr; <strong>1052</strong><br />(-24 for losing)\n|l|\u2606da bus ID\n|player|p2|\n",
  "uploadtime": 1776132507,
  "views": 10,
  "formatid": "gen9championsvgc2026regma",
  "rating": 1052,
  "private": 0,
  "password": null
}