{
  "id": "gen9championsvgc2026regma-2588374035",
  "format": "[Gen 9 Champions] VGC 2026 Reg M-A",
  "players": [
    "qloq mamahuev",
    "Caligo33"
  ],
  "log": "|j|\u2606qloq mamahuev\n|j|\u2606Caligo33\n|t:|1776628176\n|gametype|doubles\n|player|p1|qloq mamahuev|2|1103\n|player|p2|Caligo33|170|1142\n|gen|9\n|tier|[Gen 9 Champions] VGC 2026 Reg M-A\n|rated|\n|rule|Species Clause: Limit one of each Pok\u00e9mon\n|rule|Item Clause: Limit 1 of each item\n|clearpoke\n|poke|p1|Incineroar, L50, F|\n|poke|p1|Dragonite, L50, M|\n|poke|p1|Garchomp, L50, M|\n|poke|p1|Rotom-Wash, L50|\n|poke|p1|Farigiraf, L50, F|\n|poke|p1|Gengar, L50, F|\n|poke|p2|Gengar, L50, M, shiny|\n|poke|p2|Incineroar, L50, M|\n|poke|p2|Gallade, L50, M|\n|poke|p2|Araquanid, L50, M|\n|poke|p2|Dragonite, L50, F|\n|poke|p2|Corviknight, L50, M|\n|teampreview|4\n|inactive|Battle timer is ON: inactive players will automatically lose when time's up. (requested by Caligo33)\nCaligo33 has agreed to open team sheets.\n|inactive|qloq mamahuev has 60 seconds left.\n|inactive|Caligo33 has 60 seconds left.\n|\n|t:|1776628217\n|teamsize|p1|4\n|teamsize|p2|4\n|start\n|switch|p1a: Farigiraf|Farigiraf, L50, F|100/100\n|switch|p1b: Gengar|Gengar, L50, F|100/100\n|switch|p2a: Dragonite|Dragonite, L50, F|100/100\n|switch|p2b: Incineroar|Incineroar, L50, M|100/100\n|-ability|p2b: Incineroar|Intimidate|boost\n|-unboost|p1a: Farigiraf|atk|1\n|-unboost|p1b: Gengar|atk|1\n|turn|1\n|\n|t:|1776628239\n|move|p1b: Gengar|Protect|p1b: Gengar\n|-singleturn|p1b: Gengar|Protect\n|move|p2a: Dragonite|Thunder Wave|p1b: Gengar\n|-activate|p1b: Gengar|move: Protect\n|move|p2b: Incineroar|Darkest Lariat|p1b: Gengar\n|-activate|p1b: Gengar|move: Protect\n|move|p1a: Farigiraf|Reflect|p1a: Farigiraf\n|-sidestart|p1: qloq mamahuev|Reflect\n|\n|upkeep\n|turn|2\n|inactive|qloq mamahuev has 30 seconds left.\n|inactive|qloq mamahuev has 20 seconds left.\n|inactive|Caligo33 has 30 seconds left.\n|\n|t:|1776628277\n|detailschange|p1b: Gengar|Gengar-Mega, L50, F\n|-mega|p1b: Gengar|Gengar|Gengarite\n|move|p1b: Gengar|Sludge Bomb|p2a: Dragonite\n|-damage|p2a: Dragonite|35/100\n|move|p2a: Dragonite|Thunder Wave|p1b: Gengar|[miss]\n|-miss|p2a: Dragonite|p1b: Gengar\n|move|p2b: Incineroar|Darkest Lariat|p1a: Farigiraf\n|-supereffective|p1a: Farigiraf|1\n|-damage|p1a: Farigiraf|56/100\n|move|p1a: Farigiraf|Psychic|p2a: Dragonite\n|-damage|p2a: Dragonite|1/100\n|\n|upkeep\n|turn|3\n|inactive|Caligo33 has 30 seconds left.\n|\n|t:|1776628311\n|move|p1b: Gengar|Sludge Bomb|p2b: Incineroar\n|-damage|p2b: Incineroar|50/100\n|-enditem|p2b: Incineroar|Sitrus Berry|[eat]\n|-heal|p2b: Incineroar|74/100|[from] item: Sitrus Berry\n|move|p2a: Dragonite|Thunder Wave|p1b: Gengar\n|-status|p1b: Gengar|par\n|move|p2b: Incineroar|Darkest Lariat|p1b: Gengar\n|-supereffective|p1b: Gengar|1\n|-damage|p1b: Gengar|35/100 par\n|move|p1a: Farigiraf|Psychic|p2a: Dragonite\n|-damage|p2a: Dragonite|0 fnt\n|faint|p2a: Dragonite\n|\n|upkeep\n|\n|t:|1776628326\n|switch|p2a: Gengar|Gengar, L50, M, shiny|100/100\n|turn|4\n|\n|t:|1776628348\n|detailschange|p2a: Gengar|Gengar-Mega, L50, M, shiny\n|-mega|p2a: Gengar|Gengar|Gengarite\n|move|p2a: Gengar|Shadow Ball|p1b: Gengar\n|-supereffective|p1b: Gengar|1\n|-damage|p1b: Gengar|0 fnt\n|faint|p1b: Gengar\n|move|p2b: Incineroar|Darkest Lariat|p1a: Farigiraf\n|-supereffective|p1a: Farigiraf|1\n|-damage|p1a: Farigiraf|13/100\n|move|p1a: Farigiraf|Imprison|p1a: Farigiraf\n|-start|p1a: Farigiraf|move: Imprison\n|\n|upkeep\n|\n|t:|1776628360\n|switch|p1b: Rotom|Rotom-Wash, L50|100/100\n|turn|5\n|\n|t:|1776628381\n|switch|p2b: Corviknight|Corviknight, L50, M|100/100\n|move|p1b: Rotom|Volt Switch|p2a: Gengar\n|-damage|p2a: Gengar|54/100\n|\n|t:|1776628386\n|switch|p1b: Incineroar|Incineroar, L50, F|100/100|[from] Volt Switch\n|-ability|p1b: Incineroar|Intimidate|boost\n|-unboost|p2a: Gengar|atk|1\n|-ability|p2b: Corviknight|Mirror Armor\n|-unboost|p1b: Incineroar|atk|1\n|move|p2a: Gengar|Sludge Bomb|p1b: Incineroar\n|-damage|p1b: Incineroar|35/100\n|-enditem|p1b: Incineroar|Sitrus Berry|[eat]\n|-heal|p1b: Incineroar|59/100|[from] item: Sitrus Berry\n|move|p1a: Farigiraf|Psychic|p2a: Gengar\n|-supereffective|p2a: Gengar|1\n|-damage|p2a: Gengar|0 fnt\n|faint|p2a: Gengar\n|\n|-sideend|p1: qloq mamahuev|Reflect\n|upkeep\n|\n|t:|1776628400\n|switch|p2a: Incineroar|Incineroar, L50, M|74/100\n|-ability|p2a: Incineroar|Intimidate|boost\n|-unboost|p1a: Farigiraf|atk|1\n|-unboost|p1b: Incineroar|atk|1\n|turn|6\n|\n|t:|1776628416\n|move|p1b: Incineroar|Flare Blitz|p2b: Corviknight\n|-supereffective|p2b: Corviknight|1\n|-damage|p2b: Corviknight|51/100\n|-damage|p1b: Incineroar|43/100|[from] Recoil\n|move|p2b: Corviknight|Body Press|p1b: Incineroar\n|-supereffective|p1b: Incineroar|1\n|-damage|p1b: Incineroar|0 fnt\n|faint|p1b: Incineroar\n|move|p2a: Incineroar|Darkest Lariat|p1a: Farigiraf\n|-supereffective|p1a: Farigiraf|1\n|-damage|p1a: Farigiraf|0 fnt\n|faint|p1a: Farigiraf\n|\n|-heal|p2b: Corviknight|57/100|[from] item: Leftovers\n|upkeep\n|\n|t:|1776628432\n|switch|p1b: Rotom|Rotom-Wash, L50|100/100\n|turn|7\n|\n|t:|1776628454\n|move|p1b: Rotom|Hydro Pump|p2a: Incineroar\n|-supereffective|p2a: Incineroar|1\n|-damage|p2a: Incineroar|0 fnt\n|faint|p2a: Incineroar\n|move|p2b: Corviknight|Dual Wingbeat|p1b: Rotom\n|-resisted|p1b: Rotom|1\n|-damage|p1b: Rotom|91/100\n|-resisted|p1b: Rotom|1\n|-damage|p1b: Rotom|79/100\n|-hitcount|p1b: Rotom|2\n|\n|-heal|p2b: Corviknight|62/100|[from] item: Leftovers\n|upkeep\n|turn|8\n|inactive|Caligo33 has 30 seconds left.\n|inactive|Caligo33 has 20 seconds left.\n|\n|t:|1776628490\n|move|p1b: Rotom|Hydro Pump|p2b: Corviknight\n|-damage|p2b: Corviknight|2/100\n|move|p2b: Corviknight|Dual Wingbeat|p1b: Rotom\n|-resisted|p1b: Rotom|1\n|-damage|p1b: Rotom|69/100\n|-resisted|p1b: Rotom|1\n|-damage|p1b: Rotom|58/100\n|-hitcount|p1b: Rotom|2\n|\n|-heal|p2b: Corviknight|7/100|[from] item: Leftovers\n|upkeep\n|turn|9\n|\n|t:|1776628501\n|move|p1b: Rotom|Hydro Pump|p2b: Corviknight\n|-damage|p2b: Corviknight|0 fnt\n|faint|p2b: Corviknight\n|\n|win|qloq mamahuev\n|raw|qloq mamahuev's rating: 1103 &rarr; <strong>1131</strong><br />(+28 for winning)\n|raw|Caligo33's rating: 1142 &rarr; <strong>1114</strong><br />(-28 for losing)\n",
  "uploadtime": 1776628505,
  "views": 12,
  "formatid": "gen9championsvgc2026regma",
  "rating": 1114,
  "private": 0,
  "password": null
}