{
  "id": "gen9championsvgc2026regma-2586599781",
  "format": "[Gen 9 Champions] VGC 2026 Reg M-A",
  "players": [
    "TheShadow07",
    "nakoharuno"
  ],
  "log": "|j|\u2606TheShadow07\n|j|\u2606nakoharuno\n|t:|1776445903\n|gametype|doubles\n|player|p1|TheShadow07|red|1106\n|player|p2|nakoharuno|dawn|1053\n|gen|9\n|tier|[Gen 9 Champions] VGC 2026 Reg M-A\n|rated|\n|rule|Species Clause: Limit one of each Pok\u00e9mon\n|rule|Item Clause: Limit 1 of each item\n|clearpoke\n|poke|p1|Tyranitar, L50, F|\n|poke|p1|Excadrill, L50, F|\n|poke|p1|Glimmora, L50, M|\n|poke|p1|Corviknight, L50, F|\n|poke|p1|Milotic, L50, M|\n|poke|p1|Volcarona, L50, F|\n|poke|p2|Kangaskhan, L50, F|\n|poke|p2|Oranguru, L50, M|\n|poke|p2|Torkoal, L50, F|\n|poke|p2|Decidueye-Hisui, L50, F|\n|poke|p2|Primarina, L50, M|\n|poke|p2|Aggron, L50, M|\n|teampreview|4\nTheShadow07 has agreed to open team sheets.\n|inactive|Battle timer is ON: inactive players will automatically lose when time's up. (requested by TheShadow07)\n|inactive|nakoharuno has 60 seconds left.\n|\n|t:|1776445955\n|teamsize|p1|4\n|teamsize|p2|4\n|start\n|switch|p1a: Excadrill|Excadrill, L50, F|100/100\n|switch|p1b: Tyranitar|Tyranitar, L50, F|100/100\n|switch|p2a: Oranguru|Oranguru, L50, M, shiny|100/100\n|switch|p2b: Torkoal|Torkoal, L50, F|100/100\n|-weather|Sandstorm|[from] ability: Sand Stream|[of] p1b: Tyranitar\n|-weather|SunnyDay|[from] ability: Drought|[of] p2b: Torkoal\n|turn|1\n|\n|t:|1776445975\n|detailschange|p1b: Tyranitar|Tyranitar-Mega, L50, F\n|-mega|p1b: Tyranitar|Tyranitar|Tyranitarite\n|-weather|Sandstorm|[from] ability: Sand Stream|[of] p1b: Tyranitar\n|move|p2b: Torkoal|Protect|p2b: Torkoal\n|-singleturn|p2b: Torkoal|Protect\n|move|p1a: Excadrill|High Horsepower|p2b: Torkoal\n|-activate|p2b: Torkoal|move: Protect\n|move|p1b: Tyranitar|Rock Slide|p2a: Oranguru|[spread] p2a\n|-activate|p2b: Torkoal|move: Protect\n|-damage|p2a: Oranguru|67/100\n|move|p2a: Oranguru|Trick Room|p2a: Oranguru\n|-fieldstart|move: Trick Room|[of] p2a: Oranguru\n|\n|-weather|Sandstorm|[upkeep]\n|-damage|p2b: Torkoal|94/100|[from] Sandstorm\n|-damage|p2a: Oranguru|61/100|[from] Sandstorm\n|upkeep\n|turn|2\n|l|\u2606nakoharuno\n|inactive|nakoharuno disconnected and has a minute to reconnect!\n|player|p2|\n|j|\u2606nakoharuno\n|inactive|nakoharuno reconnected and has 40 seconds left.\n|player|p2|nakoharuno|dawn|\n|inactive|nakoharuno has 30 seconds left.\n|inactive|nakoharuno has 20 seconds left.\n|\n|t:|1776446014\n|move|p2b: Torkoal|Eruption|p1a: Excadrill|[spread] p1a,p1b\n|-supereffective|p1a: Excadrill|1\n|-resisted|p1b: Tyranitar|1\n|-enditem|p1a: Excadrill|Focus Sash\n|-damage|p1a: Excadrill|1/100\n|-damage|p1b: Tyranitar|90/100\n|move|p2a: Oranguru|Sunny Day|p2a: Oranguru\n|-weather|SunnyDay\n|move|p1b: Tyranitar|Stealth Rock|p2a: Oranguru\n|-sidestart|p2: nakoharuno|move: Stealth Rock\n|move|p1a: Excadrill|High Horsepower|p2b: Torkoal\n|-supereffective|p2b: Torkoal|1\n|-damage|p2b: Torkoal|0 fnt\n|faint|p2b: Torkoal\n|\n|-weather|SunnyDay|[upkeep]\n|upkeep\n|\n|t:|1776446030\n|switch|p2b: Decidueye|Decidueye-Hisui, L50, F|100/100\n|-damage|p2b: Decidueye|94/100|[from] Stealth Rock\n|turn|3\n|\n|t:|1776446042\n|move|p1b: Tyranitar|Protect|p1b: Tyranitar\n|-singleturn|p1b: Tyranitar|Protect\n|move|p2b: Decidueye|Triple Arrows|p1b: Tyranitar\n|-activate|p1b: Tyranitar|move: Protect\n|move|p2a: Oranguru|Instruct|p2b: Decidueye\n|-singleturn|p2b: Decidueye|move: Instruct|[of] p2a: Oranguru\n|move|p2b: Decidueye|Triple Arrows|p1b: Tyranitar\n|-activate|p1b: Tyranitar|move: Protect\n|move|p1a: Excadrill|Iron Head|p2a: Oranguru\n|-damage|p2a: Oranguru|19/100\n|\n|-weather|SunnyDay|[upkeep]\n|upkeep\n|turn|4\n|\n|t:|1776446067\n|move|p2a: Oranguru|Protect|p2a: Oranguru\n|-singleturn|p2a: Oranguru|Protect\n|move|p2b: Decidueye|Triple Arrows|p1b: Tyranitar\n|-supereffective|p1b: Tyranitar|2\n|-crit|p1b: Tyranitar\n|-damage|p1b: Tyranitar|0 fnt\n|faint|p1b: Tyranitar\n|move|p1a: Excadrill|Iron Head|p2b: Decidueye\n|-damage|p2b: Decidueye|48/100\n|\n|-weather|SunnyDay|[upkeep]\n|upkeep\n|\n|t:|1776446078\n|switch|p1b: Corviknight|Corviknight, L50, F, shiny|100/100\n|turn|5\n|\n|t:|1776446088\n|move|p2b: Decidueye|Triple Arrows|p1b: Corviknight\n|-crit|p1b: Corviknight\n|-damage|p1b: Corviknight|52/100\n|move|p2a: Oranguru|Instruct|p2b: Decidueye\n|-singleturn|p2b: Decidueye|move: Instruct|[of] p2a: Oranguru\n|move|p2b: Decidueye|Triple Arrows|p1b: Corviknight\n|-damage|p1b: Corviknight|17/100\n|-ability|p1b: Corviknight|Mirror Armor\n|-unboost|p2b: Decidueye|def|1\n|-enditem|p1b: Corviknight|Sitrus Berry|[eat]\n|-heal|p1b: Corviknight|42/100|[from] item: Sitrus Berry\n|cant|p1b: Corviknight|flinch\n|move|p1a: Excadrill|Iron Head|p2a: Oranguru\n|-damage|p2a: Oranguru|0 fnt\n|faint|p2a: Oranguru\n|\n|-weather|SunnyDay|[upkeep]\n|-fieldend|move: Trick Room\n|upkeep\n|\n|t:|1776446109\n|switch|p2a: Kangaskhan|Kangaskhan, L50, F, shiny|100/100\n|-damage|p2a: Kangaskhan|88/100|[from] Stealth Rock\n|turn|6\n|\n|t:|1776446117\n|detailschange|p2a: Kangaskhan|Kangaskhan-Mega, L50, F, shiny\n|-mega|p2a: Kangaskhan|Kangaskhan|Kangaskhanite\n|move|p2a: Kangaskhan|Fake Out|p1a: Excadrill\n|-resisted|p1a: Excadrill|1\n|-damage|p1a: Excadrill|0 fnt\n|faint|p1a: Excadrill\n|-hitcount|p1: Excadrill|1\n|move|p1b: Corviknight|Body Press|p2a: Kangaskhan\n|-supereffective|p2a: Kangaskhan|1\n|-damage|p2a: Kangaskhan|44/100\n|move|p2b: Decidueye|Triple Arrows|p1b: Corviknight\n|-crit|p1b: Corviknight\n|-damage|p1b: Corviknight|0 fnt\n|faint|p1b: Corviknight\n|\n|-weather|none\n|upkeep\n|\n|t:|1776446133\n|switch|p1a: Milotic|Milotic, L50, M, shiny|100/100\n|turn|7\n|\n|t:|1776446141\n|move|p2a: Kangaskhan|Body Slam|p1a: Milotic\n|-damage|p1a: Milotic|42/100\n|-status|p1a: Milotic|par\n|-damage|p1a: Milotic|27/100 par\n|-hitcount|p1a: Milotic|2\n|move|p2b: Decidueye|Leaf Blade|p1a: Milotic\n|-supereffective|p1a: Milotic|1\n|-crit|p1a: Milotic\n|-damage|p1a: Milotic|0 fnt\n|faint|p1a: Milotic\n|\n|win|nakoharuno\n|raw|TheShadow07's rating: 1106 &rarr; <strong>1077</strong><br />(-29 for losing)\n|raw|nakoharuno's rating: 1053 &rarr; <strong>1090</strong><br />(+37 for winning)\n|l|\u2606TheShadow07\n|player|p1|\n",
  "uploadtime": 1776446157,
  "views": 32,
  "formatid": "gen9championsvgc2026regma",
  "rating": 1077,
  "private": 0,
  "password": null
}