{
  "id": "gen9championsvgc2026regma-2588860741",
  "format": "[Gen 9 Champions] VGC 2026 Reg M-A",
  "players": [
    "Zaskomasterprime",
    "s41f"
  ],
  "log": "|j|\u2606Zaskomasterprime\n|j|\u2606s41f\n|t:|1776679612\n|gametype|doubles\n|player|p1|Zaskomasterprime|101|1091\n|player|p2|s41f|pokemonbreeder-gen4|1027\n|gen|9\n|tier|[Gen 9 Champions] VGC 2026 Reg M-A\n|rated|\n|rule|Species Clause: Limit one of each Pok\u00e9mon\n|rule|Item Clause: Limit 1 of each item\n|clearpoke\n|poke|p1|Starmie, L50|\n|poke|p1|Sneasler, L50, F|\n|poke|p1|Kingambit, L50, M|\n|poke|p1|Pelipper, L50, F|\n|poke|p1|Archaludon, L50, F|\n|poke|p1|Sinistcha, L50|\n|poke|p2|Drampa, L50, M, shiny|\n|poke|p2|Alakazam, L50, F|\n|poke|p2|Sinistcha, L50|\n|poke|p2|Pelipper, L50, F|\n|poke|p2|Basculegion, L50, M, shiny|\n|poke|p2|Scizor, L50, F|\n|teampreview|4\n|\n|t:|1776679623\n|teamsize|p1|4\n|teamsize|p2|4\n|start\n|switch|p1a: Sneasler|Sneasler, L50, F|100/100\n|switch|p1b: Starmie|Starmie, L50|100/100\n|switch|p2a: Drampa|Drampa, L50, M, shiny|100/100\n|switch|p2b: Alakazam|Alakazam, L50, F|100/100\n|turn|1\n|\n|t:|1776679642\n|detailschange|p1b: Starmie|Starmie-Mega, L50\n|-mega|p1b: Starmie|Starmie|Starminite\n|detailschange|p2a: Drampa|Drampa-Mega, L50, M, shiny\n|-mega|p2a: Drampa|Drampa|Drampanite\n|move|p2a: Drampa|Protect|p2a: Drampa\n|-singleturn|p2a: Drampa|Protect\n|move|p1a: Sneasler|Fake Out|p2b: Alakazam\n|-damage|p2b: Alakazam|64/100\n|move|p2b: Alakazam|Speed Swap|p2a: Drampa\n|-activate|p2a: Drampa|move: Protect\n|move|p1b: Starmie|Liquidation|p2b: Alakazam\n|-damage|p2b: Alakazam|0 fnt\n|faint|p2b: Alakazam\n|\n|upkeep\n|\n|t:|1776679659\n|switch|p2b: Basculegion|Basculegion, L50, M, shiny|100/100\n|turn|2\n|\n|t:|1776679680\n|move|p1b: Starmie|Protect|p1b: Starmie\n|-singleturn|p1b: Starmie|Protect\n|move|p2b: Basculegion|Last Respects|p1b: Starmie\n|-activate|p1b: Starmie|move: Protect\n|move|p1a: Sneasler|Coaching|p1b: Starmie\n|-boost|p1b: Starmie|atk|1\n|-boost|p1b: Starmie|def|1\n|move|p2a: Drampa|Calm Mind|p2a: Drampa\n|-boost|p2a: Drampa|spa|1\n|-boost|p2a: Drampa|spd|1\n|\n|upkeep\n|turn|3\n|\n|t:|1776679703\n|switch|p1a: Sinistcha|Sinistcha, L50|100/100\n|move|p2b: Basculegion|Last Respects|p1b: Starmie\n|-supereffective|p1b: Starmie|1\n|-damage|p1b: Starmie|16/100\n|move|p1b: Starmie|Ice Spinner|p2a: Drampa\n|-supereffective|p2a: Drampa|1\n|-damage|p2a: Drampa|7/100\n|-ability|p2a: Drampa|Berserk|boost\n|-boost|p2a: Drampa|spa|1\n|move|p2a: Drampa|Calm Mind|p2a: Drampa\n|-boost|p2a: Drampa|spa|1\n|-boost|p2a: Drampa|spd|1\n|\n|upkeep\n|turn|4\n|\n|t:|1776679736\n|move|p2a: Drampa|Protect|p2a: Drampa\n|-singleturn|p2a: Drampa|Protect\n|move|p1b: Starmie|Aqua Jet|p2a: Drampa\n|-activate|p2a: Drampa|move: Protect\n|move|p2b: Basculegion|Last Respects|p1b: Starmie\n|-supereffective|p1b: Starmie|1\n|-crit|p1b: Starmie\n|-damage|p1b: Starmie|0 fnt\n|faint|p1b: Starmie\n|move|p1a: Sinistcha|Trick Room|p1a: Sinistcha\n|-fieldstart|move: Trick Room|[of] p1a: Sinistcha\n|\n|upkeep\n|\n|t:|1776679751\n|switch|p1b: Pelipper|Pelipper, L50, F|100/100\n|-weather|RainDance|[from] ability: Drizzle|[of] p1b: Pelipper\n|turn|5\n|\n|t:|1776679807\n|move|p2a: Drampa|Hyper Voice|p1b: Pelipper|[spread] p1b\n|-immune|p1a: Sinistcha\n|-damage|p1b: Pelipper|0 fnt\n|faint|p1b: Pelipper\n|move|p1a: Sinistcha|Matcha Gotcha|p2b: Basculegion|[spread] p2a,p2b\n|-resisted|p2a: Drampa|1\n|-supereffective|p2b: Basculegion|1\n|-damage|p2a: Drampa|2/100\n|-damage|p2b: Basculegion|48/100\n|-status|p2b: Basculegion|brn\n|move|p2b: Basculegion|Last Respects|p1a: Sinistcha\n|-supereffective|p1a: Sinistcha|1\n|-damage|p1a: Sinistcha|53/100\n|\n|-weather|RainDance|[upkeep]\n|-damage|p2b: Basculegion|42/100 brn|[from] brn\n|upkeep\n|\n|t:|1776679817\n|switch|p1b: Sneasler|Sneasler, L50, F|100/100\n|turn|6\n|\n|t:|1776679830\n|move|p2a: Drampa|Protect|p2a: Drampa\n|-singleturn|p2a: Drampa|Protect\n|move|p1b: Sneasler|Fake Out|p2a: Drampa\n|-activate|p2a: Drampa|move: Protect\n|move|p1a: Sinistcha|Matcha Gotcha|p2a: Drampa|[spread] p2b\n|-activate|p2a: Drampa|move: Protect\n|-supereffective|p2b: Basculegion|1\n|-damage|p2b: Basculegion|0 fnt\n|-heal|p1a: Sinistcha|76/100|[from] drain|[of] p2b: Basculegion\n|faint|p2b: Basculegion\n|\n|-weather|RainDance|[upkeep]\n|upkeep\n|\n|t:|1776679846\n|switch|p2b: Sinistcha|Sinistcha, L50|100/100\n|-heal|p2a: Drampa|26/100|[from] ability: Hospitality|[of] p2b: Sinistcha\n|turn|7\n|\n|t:|1776679865\n|move|p2b: Sinistcha|Rage Powder|p2b: Sinistcha\n|-singleturn|p2b: Sinistcha|move: Rage Powder\n|move|p2a: Drampa|Earth Power|p1b: Sneasler\n|-supereffective|p1b: Sneasler|1\n|-enditem|p1b: Sneasler|Focus Sash\n|-damage|p1b: Sneasler|1/100\n|move|p1a: Sinistcha|Matcha Gotcha|p2b: Sinistcha|[spread] p2a,p2b\n|-resisted|p2a: Drampa|1\n|-resisted|p2b: Sinistcha|1\n|-damage|p2a: Drampa|21/100\n|-heal|p1a: Sinistcha|79/100|[from] drain|[of] p2a: Drampa\n|-damage|p2b: Sinistcha|86/100\n|-heal|p1a: Sinistcha|86/100|[from] drain|[of] p2b: Sinistcha\n|move|p1b: Sneasler|Coaching|p1a: Sinistcha\n|-boost|p1a: Sinistcha|atk|1\n|-boost|p1a: Sinistcha|def|1\n|\n|-weather|RainDance|[upkeep]\n|-heal|p2b: Sinistcha|93/100|[from] item: Leftovers\n|upkeep\n|turn|8\n|\n|t:|1776679888\n|move|p2b: Sinistcha|Rage Powder|p2b: Sinistcha\n|-singleturn|p2b: Sinistcha|move: Rage Powder\n|move|p2a: Drampa|Hyper Voice|p1a: Sinistcha|[spread] p1b\n|-immune|p1a: Sinistcha\n|-damage|p1b: Sneasler|0 fnt\n|faint|p1b: Sneasler\n|move|p1a: Sinistcha|Life Dew|p1a: Sinistcha\n|-heal|p1a: Sinistcha|100/100\n|\n|-weather|RainDance|[upkeep]\n|-heal|p2b: Sinistcha|99/100|[from] item: Leftovers\n|-fieldend|move: Trick Room\n|upkeep\n|turn|9\n|\n|t:|1776679905\n|move|p2b: Sinistcha|Rage Powder|p2b: Sinistcha\n|-singleturn|p2b: Sinistcha|move: Rage Powder\n|move|p1a: Sinistcha|Matcha Gotcha|p2b: Sinistcha|[spread] p2a,p2b\n|-resisted|p2a: Drampa|1\n|-resisted|p2b: Sinistcha|1\n|-damage|p2a: Drampa|16/100\n|-damage|p2b: Sinistcha|83/100\n|move|p2a: Drampa|Calm Mind|p2a: Drampa\n|-boost|p2a: Drampa|spa|1\n|-boost|p2a: Drampa|spd|1\n|\n|-weather|none\n|-heal|p2b: Sinistcha|90/100|[from] item: Leftovers\n|upkeep\n|turn|10\n|\n|t:|1776679942\n|move|p2b: Sinistcha|Life Dew|p2b: Sinistcha|[spread] p2a,p2b\n|-heal|p2a: Drampa|41/100\n|-heal|p2b: Sinistcha|100/100\n|move|p1a: Sinistcha|Matcha Gotcha|p2a: Drampa|[spread] p2a,p2b\n|-resisted|p2a: Drampa|1\n|-resisted|p2b: Sinistcha|1\n|-damage|p2a: Drampa|37/100\n|-damage|p2b: Sinistcha|85/100\n|-status|p2b: Sinistcha|brn\n|move|p2a: Drampa|Earth Power|p1a: Sinistcha\n|-resisted|p1a: Sinistcha|1\n|-damage|p1a: Sinistcha|47/100\n|-enditem|p1a: Sinistcha|Sitrus Berry|[eat]\n|-heal|p1a: Sinistcha|71/100|[from] item: Sitrus Berry\n|\n|-heal|p2b: Sinistcha|91/100 brn|[from] item: Leftovers\n|-damage|p2b: Sinistcha|85/100 brn|[from] brn\n|upkeep\n|turn|11\n|\n|t:|1776679963\n|move|p1a: Sinistcha|Matcha Gotcha|p2b: Sinistcha|[spread] p2a,p2b\n|-resisted|p2a: Drampa|1\n|-resisted|p2b: Sinistcha|1\n|-damage|p2a: Drampa|33/100\n|-heal|p1a: Sinistcha|74/100|[from] drain|[of] p2a: Drampa\n|-damage|p2b: Sinistcha|70/100 brn\n|-heal|p1a: Sinistcha|81/100|[from] drain|[of] p2b: Sinistcha\n|move|p2b: Sinistcha|Life Dew|p2b: Sinistcha|[spread] p2a,p2b\n|-heal|p2a: Drampa|58/100\n|-heal|p2b: Sinistcha|95/100 brn\n|move|p2a: Drampa|Calm Mind|p2a: Drampa\n|-boost|p2a: Drampa|spa|1\n|-boost|p2a: Drampa|spd|1\n|\n|-heal|p2b: Sinistcha|100/100 brn|[from] item: Leftovers\n|-damage|p2b: Sinistcha|94/100 brn|[from] brn\n|upkeep\n|turn|12\n|\n|t:|1776679988\n|move|p2b: Sinistcha|Matcha Gotcha|p1a: Sinistcha\n|-resisted|p1a: Sinistcha|1\n|-damage|p1a: Sinistcha|66/100\n|-heal|p2b: Sinistcha|100/100 brn|[from] drain|[of] p1a: Sinistcha\n|move|p1a: Sinistcha|Life Dew|p1a: Sinistcha\n|-heal|p1a: Sinistcha|92/100\n|move|p2a: Drampa|Earth Power|p1a: Sinistcha\n|-resisted|p1a: Sinistcha|1\n|-damage|p1a: Sinistcha|24/100\n|\n|-damage|p2b: Sinistcha|94/100 brn|[from] brn\n|upkeep\n|turn|13\n|-message|Zaskomasterprime forfeited.\n|\n|win|s41f\n|raw|Zaskomasterprime's rating: 1091 &rarr; <strong>1063</strong><br />(-28 for losing)\n|raw|s41f's rating: 1027 &rarr; <strong>1069</strong><br />(+42 for winning)\n|l|\u2606Zaskomasterprime\n|player|p1|\n",
  "uploadtime": 1776680011,
  "views": 16,
  "formatid": "gen9championsvgc2026regma",
  "rating": 1063,
  "private": 0,
  "password": null
}