{
  "id": "gen9championsvgc2026regma-2580327739",
  "format": "[Gen 9 Champions] VGC 2026 Reg M-A",
  "players": [
    "burntouteriksp",
    "Brabestest Birb"
  ],
  "log": "|j|\u2606burntouteriksp\n|j|\u2606Brabestest Birb\n|t:|1775880957\n|gametype|doubles\n|player|p1|burntouteriksp|cynthia-masters4|1032\n|player|p2|Brabestest Birb|fisherman-gen4|1106\n|gen|9\n|tier|[Gen 9 Champions] VGC 2026 Reg M-A\n|rated|\n|rule|Species Clause: Limit one of each Pok\u00e9mon\n|rule|Item Clause: Limit 1 of each item\n|clearpoke\n|poke|p1|Floette-Eternal, L50, F|\n|poke|p1|Delphox, L50, M|\n|poke|p1|Incineroar, L50, F|\n|poke|p1|Aerodactyl, L50, F|\n|poke|p1|Maushold, L50|\n|poke|p1|Garchomp, L50, F|\n|poke|p2|Charizard, L50, F|\n|poke|p2|Venusaur, L50, F|\n|poke|p2|Glimmora, L50, M|\n|poke|p2|Orthworm, L50, M|\n|poke|p2|Raichu, L50, F|\n|poke|p2|Gyarados, L50, M|\n|teampreview|4\nburntouteriksp has agreed to open team sheets.\n|\n|t:|1775880976\n|teamsize|p1|4\n|teamsize|p2|4\n|start\n|switch|p1a: Floette|Floette-Eternal, L50, F|100/100\n|switch|p1b: Maushold|Maushold, L50|100/100\n|switch|p2a: Raichu|Raichu, L50, F|100/100\n|switch|p2b: Gyarados|Gyarados, L50, M|100/100\n|-ability|p2b: Gyarados|Intimidate|boost\n|-unboost|p1a: Floette|atk|1\n|-unboost|p1b: Maushold|atk|1\n|turn|1\n|\n|t:|1775880989\n|move|p1b: Maushold|Protect|p1b: Maushold\n|-singleturn|p1b: Maushold|Protect\n|move|p1a: Floette|Protect|p1a: Floette\n|-singleturn|p1a: Floette|Protect\n|move|p2a: Raichu|Fake Out|p1a: Floette\n|-activate|p1a: Floette|move: Protect\n|move|p2b: Gyarados|Dragon Dance|p2b: Gyarados\n|-boost|p2b: Gyarados|atk|1\n|-boost|p2b: Gyarados|spe|1\n|\n|upkeep\n|turn|2\n|\n|t:|1775881006\n|detailschange|p1a: Floette|Floette-Mega, L50, F\n|-mega|p1a: Floette|Floette|Floettite\n|-ability|p1a: Floette|Fairy Aura\n|move|p1b: Maushold|Follow Me|p1b: Maushold\n|-singleturn|p1b: Maushold|move: Follow Me\n|move|p2b: Gyarados|Waterfall|p1b: Maushold\n|-damage|p1b: Maushold|18/100\n|move|p2a: Raichu|Electroweb|p1b: Maushold|[spread] p1a,p1b\n|-crit|p1a: Floette\n|-damage|p1a: Floette|86/100\n|-damage|p1b: Maushold|0 fnt\n|-unboost|p1a: Floette|spe|1\n|faint|p1b: Maushold\n|move|p1a: Floette|Calm Mind|p1a: Floette\n|-boost|p1a: Floette|spa|1\n|-boost|p1a: Floette|spd|1\n|\n|upkeep\n|\n|t:|1775881016\n|switch|p1b: Aerodactyl|Aerodactyl, L50, F|100/100\n|-ability|p1b: Aerodactyl|Unnerve\n|turn|3\n|\n|t:|1775881030\n|move|p1a: Floette|Protect|p1a: Floette\n|-singleturn|p1a: Floette|Protect\n|move|p2b: Gyarados|Waterfall|p1a: Floette\n|-activate|p1a: Floette|move: Protect\n|move|p1b: Aerodactyl|Tailwind|p1b: Aerodactyl\n|-sidestart|p1: burntouteriksp|move: Tailwind\n|move|p2a: Raichu|Electroweb|p1a: Floette|[spread] p1b\n|-activate|p1a: Floette|move: Protect\n|-supereffective|p1b: Aerodactyl|1\n|-damage|p1b: Aerodactyl|51/100\n|-unboost|p1b: Aerodactyl|spe|1\n|\n|upkeep\n|turn|4\n|\n|t:|1775881040\n|move|p2b: Gyarados|Protect|p2b: Gyarados\n|-singleturn|p2b: Gyarados|Protect\n|move|p1b: Aerodactyl|Rock Slide|p2a: Raichu|[spread] p2a\n|-activate|p2b: Gyarados|move: Protect\n|-damage|p2a: Raichu|44/100\n|move|p2a: Raichu|Electroweb|p1b: Aerodactyl|[spread] p1a,p1b\n|-supereffective|p1b: Aerodactyl|1\n|-damage|p1a: Floette|77/100\n|-damage|p1b: Aerodactyl|0 fnt\n|-unboost|p1a: Floette|spe|1\n|faint|p1b: Aerodactyl\n|move|p1a: Floette|Moonblast|p2b: Gyarados\n|-activate|p2b: Gyarados|move: Protect\n|\n|upkeep\n|\n|t:|1775881042\n|switch|p1b: Garchomp|Garchomp, L50, F|100/100\n|turn|5\n|\n|t:|1775881069\n|detailschange|p2b: Gyarados|Gyarados-Mega, L50, M\n|-mega|p2b: Gyarados|Gyarados|Gyaradosite\n|-ability|p2b: Gyarados|Mold Breaker\n|move|p1b: Garchomp|Rock Slide|p2a: Raichu|[spread] p2a,p2b\n|-damage|p2a: Raichu|8/100\n|-damage|p2b: Gyarados|85/100\n|cant|p2b: Gyarados|flinch\n|move|p2a: Raichu|Electroweb|p1a: Floette|[spread] p1a\n|-immune|p1b: Garchomp\n|-damage|p1a: Floette|69/100\n|-unboost|p1a: Floette|spe|1\n|move|p1a: Floette|Dazzling Gleam|p2b: Gyarados|[spread] p2a,p2b\n|-supereffective|p2b: Gyarados|1\n|-damage|p2a: Raichu|0 fnt\n|-damage|p2b: Gyarados|0 fnt\n|faint|p2a: Raichu\n|faint|p2b: Gyarados\n|\n|upkeep\n|\n|t:|1775881078\n|switch|p2a: Orthworm|Orthworm, L50, M|100/100\n|switch|p2b: Glimmora|Glimmora, L50, M|100/100\n|turn|6\n|\n|t:|1775881089\n|move|p1a: Floette|Protect|p1a: Floette\n|-singleturn|p1a: Floette|Protect\n|move|p1b: Garchomp|Earthquake|p2b: Glimmora|[spread] p2b\n|-activate|p1a: Floette|move: Protect\n|-immune|p2a: Orthworm|[from] ability: Earth Eater\n|-supereffective|p2b: Glimmora|2\n|-damage|p2b: Glimmora|0 fnt\n|-activate|p2b: Glimmora|ability: Toxic Debris\n|-sidestart|p1: burntouteriksp|move: Toxic Spikes\n|faint|p2b: Glimmora\n|move|p2a: Orthworm|Iron Head|p1a: Floette\n|-activate|p1a: Floette|move: Protect\n|\n|-sideend|p1: burntouteriksp|move: Tailwind\n|upkeep\n|turn|7\n|\n|t:|1775881101\n|move|p1b: Garchomp|Dragon Claw|p2a: Orthworm\n|-resisted|p2a: Orthworm|1\n|-damage|p2a: Orthworm|89/100\n|move|p2a: Orthworm|Iron Head|p1a: Floette\n|-supereffective|p1a: Floette|1\n|-damage|p1a: Floette|9/100\n|move|p1a: Floette|Moonblast|p2a: Orthworm\n|-resisted|p2a: Orthworm|1\n|-damage|p2a: Orthworm|24/100\n|-unboost|p2a: Orthworm|spa|1\n|\n|-heal|p2a: Orthworm|30/100|[from] item: Leftovers\n|upkeep\n|turn|8\n|\n|t:|1775881111\n|move|p2a: Orthworm|Protect|p2a: Orthworm\n|-singleturn|p2a: Orthworm|Protect\n|move|p1b: Garchomp|Dragon Claw|p2a: Orthworm\n|-activate|p2a: Orthworm|move: Protect\n|move|p1a: Floette|Moonblast|p2a: Orthworm\n|-activate|p2a: Orthworm|move: Protect\n|\n|-heal|p2a: Orthworm|37/100|[from] item: Leftovers\n|upkeep\n|turn|9\n|\n|t:|1775881116\n|move|p1b: Garchomp|Dragon Claw|p2a: Orthworm\n|-resisted|p2a: Orthworm|1\n|-damage|p2a: Orthworm|25/100\n|move|p2a: Orthworm|Iron Head|p1a: Floette\n|-supereffective|p1a: Floette|1\n|-damage|p1a: Floette|0 fnt\n|faint|p1a: Floette\n|\n|-heal|p2a: Orthworm|32/100|[from] item: Leftovers\n|upkeep\n|turn|10\n|\n|t:|1775881123\n|move|p1b: Garchomp|Dragon Claw|p2a: Orthworm\n|-resisted|p2a: Orthworm|1\n|-damage|p2a: Orthworm|19/100\n|move|p2a: Orthworm|Body Press|p1b: Garchomp\n|-damage|p1b: Garchomp|78/100\n|-damage|p2a: Orthworm|6/100|[from] ability: Rough Skin|[of] p1b: Garchomp\n|\n|-heal|p2a: Orthworm|12/100|[from] item: Leftovers\n|upkeep\n|turn|11\n|\n|t:|1775881127\n|move|p2a: Orthworm|Protect|p2a: Orthworm\n|-singleturn|p2a: Orthworm|Protect\n|move|p1b: Garchomp|Dragon Claw|p2a: Orthworm\n|-activate|p2a: Orthworm|move: Protect\n|\n|-heal|p2a: Orthworm|19/100|[from] item: Leftovers\n|upkeep\n|turn|12\n|\n|t:|1775881130\n|move|p1b: Garchomp|Dragon Claw|p2a: Orthworm\n|-resisted|p2a: Orthworm|1\n|-damage|p2a: Orthworm|5/100\n|move|p2a: Orthworm|Body Press|p1b: Garchomp\n|-damage|p1b: Garchomp|56/100\n|-damage|p2a: Orthworm|0 fnt|[from] ability: Rough Skin|[of] p1b: Garchomp\n|faint|p2a: Orthworm\n|\n|win|burntouteriksp\n|raw|burntouteriksp's rating: 1032 &rarr; <strong>1075</strong><br />(+43 for winning)\n|raw|Brabestest Birb's rating: 1106 &rarr; <strong>1076</strong><br />(-30 for losing)\n",
  "uploadtime": 1775881130,
  "views": 12,
  "formatid": "gen9championsvgc2026regma",
  "rating": 1075,
  "private": 0,
  "password": null
}