{
  "id": "gen9championsvgc2026regma-2585876341",
  "format": "[Gen 9 Champions] VGC 2026 Reg M-A",
  "players": [
    "Deputy_Mobert",
    "Johten"
  ],
  "log": "|j|\u2606Deputy_Mobert\n|j|\u2606Johten\n|t:|1776377598\n|gametype|doubles\n|player|p1|Deputy_Mobert|170|1109\n|player|p2|Johten|veteran|1193\n|gen|9\n|tier|[Gen 9 Champions] VGC 2026 Reg M-A\n|rated|\n|rule|Species Clause: Limit one of each Pok\u00e9mon\n|rule|Item Clause: Limit 1 of each item\n|clearpoke\n|poke|p1|Runerigus, L50, M|\n|poke|p1|Drampa, L50, F|\n|poke|p1|Aggron, L50, M|\n|poke|p1|Milotic, L50, F|\n|poke|p1|Gallade, L50, M|\n|poke|p1|Oranguru, L50, M|\n|poke|p2|Golurk, L50|\n|poke|p2|Rotom-Heat, L50|\n|poke|p2|Whimsicott, L50, F|\n|poke|p2|Archaludon, L50, F|\n|poke|p2|Gallade, L50, M|\n|poke|p2|Wyrdeer, L50, F|\n|teampreview|4\n|inactive|Battle timer is ON: inactive players will automatically lose when time's up. (requested by Johten)\n|inactive|Johten has 60 seconds left.\n|inactive|Johten has 30 seconds left.\n|inactive|Johten has 20 seconds left.\n|inactive|Johten has 15 seconds left.\n|inactive|Johten has 10 seconds left.\n|\n|t:|1776377683\n|teamsize|p1|4\n|teamsize|p2|4\n|start\n|switch|p1a: Runerigus|Runerigus, L50, M|100/100\n|switch|p1b: Drampa|Drampa, L50, F|100/100\n|switch|p2a: Rotom|Rotom-Heat, L50|100/100\n|switch|p2b: Whimsicott|Whimsicott, L50, F|100/100\n|-ability|p1b: Drampa|Cloud Nine\n|turn|1\n|\n|t:|1776377700\n|move|p1b: Drampa|Protect|p1b: Drampa\n|-singleturn|p1b: Drampa|Protect\n|move|p2a: Rotom|Volt Switch|p1a: Runerigus\n|-immune|p1a: Runerigus\n|move|p2b: Whimsicott|Beat Up|p2a: Rotom\n|-damage|p2a: Rotom|98/100\n|-damage|p2a: Rotom|96/100\n|-damage|p2a: Rotom|93/100\n|-damage|p2a: Rotom|89/100\n|-hitcount|p2a: Rotom|4\n|move|p1a: Runerigus|Trick Room|p1a: Runerigus\n|-fieldstart|move: Trick Room|[of] p1a: Runerigus\n|\n|upkeep\n|turn|2\n|c|\u2606Johten|oh\n|c|\u2606Johten|can you tell its my first time fighting that Pokemon\n|inactive|Deputy_Mobert has 30 seconds left.\n|inactive|Johten has 30 seconds left.\n|inactive|Deputy_Mobert has 20 seconds left.\n|inactive|Johten has 20 seconds left.\n|\n|t:|1776377739\n|move|p2a: Rotom|Protect|p2a: Rotom\n|-singleturn|p2a: Rotom|Protect\n|move|p1a: Runerigus|Body Press|p2a: Rotom\n|-activate|p2a: Rotom|move: Protect\n|move|p1b: Drampa|Hyper Voice|p2a: Rotom|[spread] p2b\n|-activate|p2a: Rotom|move: Protect\n|-damage|p2b: Whimsicott|54/100\n|move|p2b: Whimsicott|Moonblast|p1b: Drampa\n|-supereffective|p1b: Drampa|1\n|-damage|p1b: Drampa|49/100\n|\n|upkeep\n|turn|3\n|\n|t:|1776377761\n|switch|p2b: Wyrdeer|Wyrdeer, L50, F|100/100\n|-ability|p2b: Wyrdeer|Intimidate|boost\n|-unboost|p1a: Runerigus|atk|1\n|-unboost|p1b: Drampa|atk|1\n|-enditem|p1b: Drampa|White Herb\n|-clearnegativeboost|p1b: Drampa|[silent]\n|move|p1a: Runerigus|Poltergeist|p2b: Wyrdeer\n|-immune|p2b: Wyrdeer\n|move|p1b: Drampa|Draco Meteor|p2a: Rotom\n|-damage|p2a: Rotom|4/100\n|-unboost|p1b: Drampa|spa|2\n|-enditem|p2a: Rotom|Sitrus Berry|[eat]\n|-heal|p2a: Rotom|29/100|[from] item: Sitrus Berry\n|move|p2a: Rotom|Overheat|p1a: Runerigus\n|-damage|p1a: Runerigus|47/100\n|-unboost|p2a: Rotom|spa|2\n|\n|upkeep\n|turn|4\n|\n|t:|1776377784\n|move|p1a: Runerigus|Body Press|p2b: Wyrdeer\n|-damage|p2b: Wyrdeer|66/100\n|move|p1b: Drampa|Hyper Voice|p2b: Wyrdeer|[spread] p2a,p2b\n|-crit|p2b: Wyrdeer\n|-damage|p2a: Rotom|6/100\n|-damage|p2b: Wyrdeer|14/100\n|move|p2b: Wyrdeer|Psyshield Bash|p1a: Runerigus\n|-damage|p1a: Runerigus|27/100\n|-boost|p2b: Wyrdeer|def|1\n|-activate|p2b: Wyrdeer|Skill Swap|Wandering Spirit|Intimidate|[of] p1a: Runerigus\n|-ability|p1a: Runerigus|Intimidate|boost\n|-unboost|p2a: Rotom|atk|1\n|-unboost|p2b: Wyrdeer|atk|1\n|move|p2a: Rotom|Volt Switch|p1b: Drampa\n|-resisted|p1b: Drampa|1\n|-damage|p1b: Drampa|40/100\n|\n|t:|1776377806\n|switch|p2a: Whimsicott|Whimsicott, L50, F|54/100|[from] Volt Switch\n|\n|upkeep\n|turn|5\n|\n|t:|1776377815\n|move|p2a: Whimsicott|Protect|p2a: Whimsicott\n|-singleturn|p2a: Whimsicott|Protect\n|move|p1a: Runerigus|Body Press|p2b: Wyrdeer\n|-damage|p2b: Wyrdeer|0 fnt\n|-activate|p1a: Runerigus|Skill Swap|Wandering Spirit|Intimidate|[of] p2b: Wyrdeer\n|-ability|p2b: Wyrdeer|Intimidate|boost\n|-unboost|p1a: Runerigus|atk|1\n|-unboost|p1b: Drampa|atk|1\n|faint|p2b: Wyrdeer\n|move|p1b: Drampa|Hyper Voice|p2a: Whimsicott\n|-activate|p2a: Whimsicott|move: Protect\n|\n|-fieldend|move: Trick Room\n|upkeep\n|\n|t:|1776377827\n|switch|p2b: Gallade|Gallade, L50, M|100/100\n|turn|6\n|\n|t:|1776377836\n|move|p1b: Drampa|Protect|p1b: Drampa\n|-singleturn|p1b: Drampa|Protect\n|move|p2a: Whimsicott|Beat Up|p2b: Gallade\n|-damage|p2b: Gallade|98/100\n|-ability|p2b: Gallade|Justified|boost\n|-boost|p2b: Gallade|atk|1\n|-damage|p2b: Gallade|94/100\n|-ability|p2b: Gallade|Justified|boost\n|-boost|p2b: Gallade|atk|1\n|-damage|p2b: Gallade|91/100\n|-ability|p2b: Gallade|Justified|boost\n|-boost|p2b: Gallade|atk|1\n|-hitcount|p2b: Gallade|3\n|move|p2b: Gallade|Ice Punch|p1a: Runerigus\n|-supereffective|p1a: Runerigus|1\n|-damage|p1a: Runerigus|0 fnt\n|-activate|p2b: Gallade|Skill Swap|Wandering Spirit|Justified|[of] p1a: Runerigus\n|faint|p1a: Runerigus\n|\n|upkeep\n|\n|t:|1776377850\n|switch|p1a: Aggron|Aggron, L50, M|100/100\n|turn|7\n|\n|t:|1776377862\n|switch|p1b: Milotic|Milotic, L50, F|100/100\n|detailschange|p2b: Gallade|Gallade-Mega, L50, M\n|-mega|p2b: Gallade|Gallade|Galladite\n|detailschange|p1a: Aggron|Aggron-Mega, L50, M\n|-mega|p1a: Aggron|Aggron|Aggronite\n|move|p2b: Gallade|Drain Punch|p1a: Aggron\n|-supereffective|p1a: Aggron|1\n|-damage|p1a: Aggron|27/100\n|-heal|p2b: Gallade|100/100|[from] drain|[of] p1a: Aggron\n|move|p2a: Whimsicott|Moonblast|p1b: Milotic\n|-damage|p1b: Milotic|82/100\n|move|p1a: Aggron|Heavy Slam|p2b: Gallade\n|-damage|p2b: Gallade|42/100\n|\n|-heal|p1b: Milotic|88/100|[from] item: Leftovers\n|upkeep\n|turn|8\n|inactive|Deputy_Mobert has 30 seconds left.\n|inactive|Johten has 30 seconds left.\n|\n|t:|1776377892\n|move|p1a: Aggron|Protect|p1a: Aggron\n|-singleturn|p1a: Aggron|Protect\n|move|p2b: Gallade|Drain Punch|p1b: Milotic\n|-damage|p1b: Milotic|0 fnt\n|-heal|p2b: Gallade|98/100|[from] drain|[of] p1b: Milotic\n|faint|p1b: Milotic\n|move|p2a: Whimsicott|Moonblast|p1a: Aggron\n|-activate|p1a: Aggron|move: Protect\n|\n|upkeep\n|\n|t:|1776377898\n|switch|p1b: Drampa|Drampa, L50, F|40/100\n|-ability|p1b: Drampa|Cloud Nine\n|turn|9\n|\n|t:|1776377908\n|move|p2b: Gallade|Drain Punch|p1a: Aggron\n|-supereffective|p1a: Aggron|1\n|-damage|p1a: Aggron|0 fnt\n|-heal|p2b: Gallade|100/100|[from] drain|[of] p1a: Aggron\n|faint|p1a: Aggron\n|move|p2a: Whimsicott|Moonblast|p1b: Drampa\n|-supereffective|p1b: Drampa|1\n|-damage|p1b: Drampa|0 fnt\n|faint|p1b: Drampa\n|\n|win|Johten\n|raw|Deputy_Mobert's rating: 1109 &rarr; <strong>1090</strong><br />(-19 for losing)\n|raw|Johten's rating: 1193 &rarr; <strong>1212</strong><br />(+19 for winning)\n|l|\u2606Deputy_Mobert\n|player|p1|\n",
  "uploadtime": 1776377920,
  "views": 28,
  "formatid": "gen9championsvgc2026regma",
  "rating": 1090,
  "private": 0,
  "password": null
}