{
  "id": "gen9championsvgc2026regma-2587643625",
  "format": "[Gen 9 Champions] VGC 2026 Reg M-A",
  "players": [
    "Grey Cadillac",
    "grout eleki"
  ],
  "log": "|j|\u2606Grey Cadillac\n|j|\u2606grout eleki\n|t:|1776549799\n|gametype|doubles\n|player|p1|Grey Cadillac|gardenia-masters|1421\n|player|p2|grout eleki|265|1541\n|gen|9\n|tier|[Gen 9 Champions] VGC 2026 Reg M-A\n|rated|\n|rule|Species Clause: Limit one of each Pok\u00e9mon\n|rule|Item Clause: Limit 1 of each item\n|clearpoke\n|poke|p1|Garchomp, L50, F|\n|poke|p1|Aerodactyl, L50, F|\n|poke|p1|Sinistcha, L50|\n|poke|p1|Blastoise, L50, M, shiny|\n|poke|p1|Sneasler, L50, M|\n|poke|p1|Sylveon, L50, M, shiny|\n|poke|p2|Tyranitar, L50, F|\n|poke|p2|Froslass, L50, F|\n|poke|p2|Rotom-Frost, L50|\n|poke|p2|Volcarona, L50, F|\n|poke|p2|Sneasler, L50, M|\n|poke|p2|Azumarill, L50, M|\n|teampreview|4\n|\n|t:|1776549881\n|teamsize|p1|4\n|teamsize|p2|4\n|start\n|switch|p1a: Garchomp|Garchomp, L50, F|100/100\n|switch|p1b: Aerodactyl|Aerodactyl, L50, F|100/100\n|switch|p2a: Froslass|Froslass, L50, F|100/100\n|switch|p2b: Volcarona|Volcarona, L50, F|100/100\n|turn|1\n|\n|t:|1776549900\n|detailschange|p2a: Froslass|Froslass-Mega, L50, F\n|-mega|p2a: Froslass|Froslass|Froslassite\n|-weather|Snowscape|[from] ability: Snow Warning|[of] p2a: Froslass\n|move|p1a: Garchomp|Rock Slide|p2a: Froslass|[spread] p2a,p2b\n|-supereffective|p2a: Froslass|1\n|-supereffective|p2b: Volcarona|2\n|-damage|p2a: Froslass|57/100\n|-damage|p2b: Volcarona|13/100\n|move|p1b: Aerodactyl|Rock Slide|p2b: Volcarona|[spread] p2a,p2b\n|-supereffective|p2a: Froslass|1\n|-supereffective|p2b: Volcarona|2\n|-damage|p2a: Froslass|3/100\n|-damage|p2b: Volcarona|0 fnt\n|faint|p2b: Volcarona\n|cant|p2a: Froslass|flinch\n|\n|-weather|Snowscape|[upkeep]\n|upkeep\n|\n|t:|1776549909\n|switch|p2b: Rotom|Rotom-Frost, L50|100/100\n|turn|2\n|\n|t:|1776549923\n|move|p2a: Froslass|Protect|p2a: Froslass\n|-singleturn|p2a: Froslass|Protect\n|move|p1a: Garchomp|Rock Slide|p2a: Froslass|[spread] p2b\n|-activate|p2a: Froslass|move: Protect\n|-supereffective|p2b: Rotom|1\n|-damage|p2b: Rotom|64/100\n|move|p1b: Aerodactyl|Tailwind|p1b: Aerodactyl\n|-sidestart|p1: Grey Cadillac|move: Tailwind\n|move|p2b: Rotom|Blizzard|p1a: Garchomp|[spread] p1a,p1b\n|-supereffective|p1a: Garchomp|2\n|-supereffective|p1b: Aerodactyl|1\n|-damage|p1a: Garchomp|0 fnt\n|-enditem|p1b: Aerodactyl|Focus Sash\n|-damage|p1b: Aerodactyl|1/100\n|-status|p1b: Aerodactyl|frz\n|faint|p1a: Garchomp\n|\n|-weather|Snowscape|[upkeep]\n|upkeep\n|\n|t:|1776549936\n|switch|p1a: Sylveon|Sylveon, L50, M, shiny|100/100\n|turn|3\n|\n|t:|1776549940\n|cant|p1b: Aerodactyl|frz\n|move|p2b: Rotom|Blizzard|p1a: Sylveon|[spread] p1a,p1b\n|-supereffective|p1b: Aerodactyl|1\n|-damage|p1a: Sylveon|68/100\n|-damage|p1b: Aerodactyl|0 fnt\n|faint|p1b: Aerodactyl\n|move|p1a: Sylveon|Hyper Voice|p2b: Rotom|[spread] p2a,p2b\n|-damage|p2a: Froslass|0 fnt\n|-damage|p2b: Rotom|3/100\n|faint|p2a: Froslass\n|\n|-weather|Snowscape|[upkeep]\n|upkeep\n|\n|t:|1776549949\n|switch|p1b: Blastoise|Blastoise, L50, M, shiny|100/100\n|switch|p2a: Azumarill|Azumarill, L50, M|100/100\n|turn|4\n|\n|t:|1776549959\n|detailschange|p1b: Blastoise|Blastoise-Mega, L50, M, shiny\n|-mega|p1b: Blastoise|Blastoise|Blastoisinite\n|move|p1b: Blastoise|Shell Smash|p1b: Blastoise\n|-unboost|p1b: Blastoise|def|1\n|-unboost|p1b: Blastoise|spd|1\n|-boost|p1b: Blastoise|atk|2\n|-boost|p1b: Blastoise|spa|2\n|-boost|p1b: Blastoise|spe|2\n|move|p2b: Rotom|Blizzard|p1b: Blastoise|[spread] p1a,p1b\n|-resisted|p1b: Blastoise|1\n|-damage|p1a: Sylveon|34/100\n|-damage|p1b: Blastoise|72/100\n|move|p1a: Sylveon|Hyper Voice|p2a: Azumarill|[spread] p2a,p2b\n|-damage|p2a: Azumarill|50/100\n|-damage|p2b: Rotom|0 fnt\n|-enditem|p2a: Azumarill|Sitrus Berry|[eat]\n|-heal|p2a: Azumarill|74/100|[from] item: Sitrus Berry\n|faint|p2b: Rotom\n|move|p2a: Azumarill|Belly Drum|p2a: Azumarill\n|-damage|p2a: Azumarill|24/100\n|-setboost|p2a: Azumarill|atk|6|[from] move: Belly Drum\n|\n|-weather|Snowscape|[upkeep]\n|upkeep\n|turn|5\n|\n|t:|1776549978\n|move|p2a: Azumarill|Aqua Jet|p1b: Blastoise\n|-resisted|p1b: Blastoise|1\n|-damage|p1b: Blastoise|0 fnt\n|faint|p1b: Blastoise\n|move|p1a: Sylveon|Hyper Voice|p2a: Azumarill\n|-crit|p2a: Azumarill\n|-damage|p2a: Azumarill|0 fnt\n|faint|p2a: Azumarill\n|\n|win|Grey Cadillac\n|raw|Grey Cadillac's rating: 1421 &rarr; <strong>1448</strong><br />(+27 for winning)\n|raw|grout eleki's rating: 1541 &rarr; <strong>1514</strong><br />(-27 for losing)\n|l|\u2606grout eleki\n|player|p2|\n",
  "uploadtime": 1776549986,
  "views": 19,
  "formatid": "gen9championsvgc2026regma",
  "rating": 1448,
  "private": 0,
  "password": null
}