{
  "id": "gen9championsvgc2026regma-2580973804",
  "format": "[Gen 9 Champions] VGC 2026 Reg M-A",
  "players": [
    "dabster2187",
    "Kibadda12345"
  ],
  "log": "|j|\u2606dabster2187\n|j|\u2606Kibadda12345\n|t:|1775948070\n|gametype|doubles\n|player|p1|dabster2187|lady-gen4|1128\n|player|p2|Kibadda12345|ingo|1098\n|gen|9\n|tier|[Gen 9 Champions] VGC 2026 Reg M-A\n|rated|\n|rule|Species Clause: Limit one of each Pok\u00e9mon\n|rule|Item Clause: Limit 1 of each item\n|clearpoke\n|poke|p1|Gengar, L50, F|\n|poke|p1|Incineroar, L50, M|\n|poke|p1|Kommo-o, L50, F|\n|poke|p1|Noivern, L50, M|\n|poke|p1|Farigiraf, L50, F|\n|poke|p1|Maushold, L50|\n|poke|p2|Torkoal, L50, M|\n|poke|p2|Oranguru, L50, F|\n|poke|p2|Armarouge, L50, M|\n|poke|p2|Hatterene, L50, F|\n|poke|p2|Camerupt, L50, M|\n|poke|p2|Sinistcha, L50|\n|teampreview|4\n|inactive|Battle timer is ON: inactive players will automatically lose when time's up. (requested by dabster2187)\n|\n|t:|1775948098\n|teamsize|p1|4\n|teamsize|p2|4\n|start\n|switch|p1a: Gengar|Gengar, L50, F|100/100\n|switch|p1b: Incineroar|Incineroar, L50, M|100/100\n|switch|p2a: Camerupt|Camerupt, L50, M|100/100\n|switch|p2b: Oranguru|Oranguru, L50, F|100/100\n|-ability|p1b: Incineroar|Intimidate|boost\n|-unboost|p2a: Camerupt|atk|1\n|-fail|p2b: Oranguru|unboost|Attack|[from] ability: Inner Focus|[of] p2b: Oranguru\n|turn|1\n|\n|t:|1775948107\n|detailschange|p1a: Gengar|Gengar-Mega, L50, F\n|-mega|p1a: Gengar|Gengar|Gengarite\n|detailschange|p2a: Camerupt|Camerupt-Mega, L50, M\n|-mega|p2a: Camerupt|Camerupt|Cameruptite\n|move|p1b: Incineroar|Fake Out|p2b: Oranguru\n|-damage|p2b: Oranguru|92/100\n|move|p1a: Gengar|Perish Song|p1a: Gengar\n|-start|p1a: Gengar|perish3|[silent]\n|-start|p1b: Incineroar|perish3|[silent]\n|-start|p2a: Camerupt|perish3|[silent]\n|-start|p2b: Oranguru|perish3|[silent]\n|-fieldactivate|move: Perish Song\n|move|p2a: Camerupt|Earth Power|p1a: Gengar\n|-supereffective|p1a: Gengar|1\n|-damage|p1a: Gengar|0 fnt\n|faint|p1a: Gengar\n|move|p2b: Oranguru|Trick Room|p2b: Oranguru\n|-fieldstart|move: Trick Room|[of] p2b: Oranguru\n|\n|-start|p2a: Camerupt|perish3\n|-start|p1b: Incineroar|perish3\n|-start|p2b: Oranguru|perish3\n|upkeep\n|\n|t:|1775948119\n|switch|p1a: Kommo-o|Kommo-o, L50, F|100/100\n|turn|2\n|\n|t:|1775948133\n|move|p1b: Incineroar|Protect|p1b: Incineroar\n|-singleturn|p1b: Incineroar|Protect\n|move|p2a: Camerupt|Earth Power|p1b: Incineroar\n|-activate|p1b: Incineroar|move: Protect\n|move|p2b: Oranguru|Instruct|p2a: Camerupt\n|-singleturn|p2a: Camerupt|move: Instruct|[of] p2b: Oranguru\n|move|p2a: Camerupt|Earth Power|p1b: Incineroar\n|-activate|p1b: Incineroar|move: Protect\n|move|p1a: Kommo-o|Iron Defense|p1a: Kommo-o\n|-boost|p1a: Kommo-o|def|2\n|\n|-start|p2a: Camerupt|perish2\n|-start|p1b: Incineroar|perish2\n|-start|p2b: Oranguru|perish2\n|upkeep\n|turn|3\n|\n|t:|1775948157\n|move|p2a: Camerupt|Earth Power|p1b: Incineroar\n|-supereffective|p1b: Incineroar|1\n|-damage|p1b: Incineroar|0 fnt\n|faint|p1b: Incineroar\n|move|p2b: Oranguru|Instruct|p2a: Camerupt\n|-singleturn|p2a: Camerupt|move: Instruct|[of] p2b: Oranguru\n|move|p2a: Camerupt|Earth Power|p1a: Kommo-o\n|-damage|p1a: Kommo-o|44/100\n|move|p1a: Kommo-o|Body Press|p2a: Camerupt\n|-damage|p2a: Camerupt|21/100\n|\n|-heal|p1a: Kommo-o|50/100|[from] item: Leftovers\n|-start|p2a: Camerupt|perish1\n|-start|p2b: Oranguru|perish1\n|upkeep\n|\n|t:|1775948163\n|switch|p1b: Maushold|Maushold, L50|100/100\n|turn|4\n|inactive|dabster2187 has 30 seconds left.\n|\n|t:|1775948188\n|switch|p2b: Sinistcha|Sinistcha, L50|100/100\n|-heal|p2a: Camerupt|46/100|[from] ability: Hospitality|[of] p2b: Sinistcha\n|move|p2a: Camerupt|Earth Power|p1a: Kommo-o\n|-damage|p1a: Kommo-o|10/100\n|move|p1a: Kommo-o|Iron Defense|p1a: Kommo-o\n|-boost|p1a: Kommo-o|def|2\n|move|p1b: Maushold|U-turn|p2b: Sinistcha\n|-damage|p2b: Sinistcha|89/100\n|\n|-heal|p2b: Sinistcha|95/100|[from] item: Leftovers\n|-heal|p1a: Kommo-o|16/100|[from] item: Leftovers\n|-start|p2a: Camerupt|perish0\n|faint|p2a: Camerupt\n|upkeep\n|\n|t:|1775948200\n|switch|p2a: Torkoal|Torkoal, L50, M|100/100\n|-weather|SunnyDay|[from] ability: Drought|[of] p2a: Torkoal\n|turn|5\n|\n|t:|1775948207\n|move|p1a: Kommo-o|Protect|p1a: Kommo-o\n|-singleturn|p1a: Kommo-o|Protect\n|move|p1b: Maushold|Protect|p1b: Maushold\n|-singleturn|p1b: Maushold|Protect\n|move|p2b: Sinistcha|Rage Powder|p2b: Sinistcha\n|-singleturn|p2b: Sinistcha|move: Rage Powder\n|move|p2a: Torkoal|Eruption|p1a: Kommo-o|[spread] \n|-activate|p1a: Kommo-o|move: Protect\n|-activate|p1b: Maushold|move: Protect\n|\n|-weather|SunnyDay|[upkeep]\n|-heal|p2b: Sinistcha|100/100|[from] item: Leftovers\n|-heal|p1a: Kommo-o|22/100|[from] item: Leftovers\n|-fieldend|move: Trick Room\n|upkeep\n|turn|6\n|\n|t:|1775948222\n|switch|p2a: Oranguru|Oranguru, L50, F|92/100\n|move|p1b: Maushold|Follow Me|p1b: Maushold\n|-singleturn|p1b: Maushold|move: Follow Me\n|move|p2b: Sinistcha|Rage Powder|p2b: Sinistcha\n|-singleturn|p2b: Sinistcha|move: Rage Powder\n|move|p1a: Kommo-o|Body Press|p2b: Sinistcha\n|-immune|p2b: Sinistcha\n|\n|-weather|SunnyDay|[upkeep]\n|-heal|p1a: Kommo-o|29/100|[from] item: Leftovers\n|upkeep\n|turn|7\n|\n|t:|1775948233\n|move|p2b: Sinistcha|Rage Powder|p2b: Sinistcha\n|-singleturn|p2b: Sinistcha|move: Rage Powder\n|move|p1b: Maushold|U-turn|p2b: Sinistcha\n|-damage|p2b: Sinistcha|90/100\n|move|p1a: Kommo-o|Body Press|p2b: Sinistcha\n|-immune|p2b: Sinistcha\n|move|p2a: Oranguru|Trick Room|p2a: Oranguru\n|-fieldstart|move: Trick Room|[of] p2a: Oranguru\n|\n|-weather|SunnyDay|[upkeep]\n|-heal|p2b: Sinistcha|96/100|[from] item: Leftovers\n|-heal|p1a: Kommo-o|35/100|[from] item: Leftovers\n|upkeep\n|turn|8\n|-message|dabster2187 forfeited.\n|\n|win|Kibadda12345\n|raw|dabster2187's rating: 1128 &rarr; <strong>1101</strong><br />(-27 for losing)\n|raw|Kibadda12345's rating: 1098 &rarr; <strong>1125</strong><br />(+27 for winning)\n|l|\u2606Kibadda12345\n|player|p2|\n",
  "uploadtime": 1775948246,
  "views": 35,
  "formatid": "gen9championsvgc2026regma",
  "rating": 1101,
  "private": 0,
  "password": null
}