{
  "id": "gen9championsvgc2026regma-2587120071",
  "format": "[Gen 9 Champions] VGC 2026 Reg M-A",
  "players": [
    "debouls",
    "v 15fb"
  ],
  "log": "|j|\u2606debouls\n|j|\u2606v 15fb\n|t:|1776496252\n|gametype|doubles\n|player|p1|debouls|265|1315\n|player|p2|v 15fb|clown|1318\n|gen|9\n|tier|[Gen 9 Champions] VGC 2026 Reg M-A\n|rated|\n|rule|Species Clause: Limit one of each Pok\u00e9mon\n|rule|Item Clause: Limit 1 of each item\n|clearpoke\n|poke|p1|Pelipper, L50, F|\n|poke|p1|Archaludon, L50, F|\n|poke|p1|Sneasler, L50, M|\n|poke|p1|Dragonite, L50, F|\n|poke|p1|Sinistcha, L50|\n|poke|p1|Basculegion, L50, M|\n|poke|p2|Floette-Eternal, L50, F|\n|poke|p2|Garchomp, L50, F|\n|poke|p2|Sneasler, L50, M|\n|poke|p2|Rotom-Wash, L50|\n|poke|p2|Aerodactyl, L50, F|\n|poke|p2|Incineroar, L50, M|\n|teampreview|4\n|inactive|Battle timer is ON: inactive players will automatically lose when time's up. (requested by v 15fb)\n|inactive|v 15fb has 60 seconds left.\n|\n|t:|1776496304\n|teamsize|p1|4\n|teamsize|p2|4\n|start\n|switch|p1a: Sneasler|Sneasler, L50, M|100/100\n|switch|p1b: Basculegion|Basculegion, L50, M|100/100\n|switch|p2a: Aerodactyl|Aerodactyl, L50, F|100/100\n|switch|p2b: Incineroar|Incineroar, L50, M|100/100\n|-ability|p2a: Aerodactyl|Unnerve\n|-ability|p2b: Incineroar|Intimidate|boost\n|-unboost|p1a: Sneasler|atk|1\n|-unboost|p1b: Basculegion|atk|1\n|-enditem|p1a: Sneasler|White Herb\n|-clearnegativeboost|p1a: Sneasler|[silent]\n|turn|1\n|inactive|debouls has 30 seconds left.\n|inactive|debouls has 20 seconds left.\n|\n|t:|1776496340\n|switch|p1b: Archaludon|Archaludon, L50, F|100/100\n|switch|p2b: Rotom|Rotom-Wash, L50|100/100\n|move|p2a: Aerodactyl|Protect|p2a: Aerodactyl\n|-singleturn|p2a: Aerodactyl|Protect\n|move|p1a: Sneasler|Fake Out|p2b: Rotom\n|-damage|p2b: Rotom|83/100\n|\n|upkeep\n|turn|2\n|inactive|debouls has 30 seconds left.\n|inactive|v 15fb has 30 seconds left.\n|\n|t:|1776496370\n|switch|p1a: Pelipper|Pelipper, L50, F|100/100\n|-weather|RainDance|[from] ability: Drizzle|[of] p1a: Pelipper\n|switch|p2b: Incineroar|Incineroar, L50, M|100/100\n|-ability|p2b: Incineroar|Intimidate|boost\n|-unboost|p1a: Pelipper|atk|1\n|-unboost|p1b: Archaludon|atk|1\n|move|p2a: Aerodactyl|Dual Wingbeat|p1a: Pelipper\n|-damage|p1a: Pelipper|76/100\n|-damage|p1a: Pelipper|51/100\n|-hitcount|p1a: Pelipper|2\n|move|p1b: Archaludon|Electro Shot||[still]\n|-prepare|p1b: Archaludon|Electro Shot\n|-boost|p1b: Archaludon|spa|1\n|-anim|p1b: Archaludon|Electro Shot|p2a: Aerodactyl\n|-supereffective|p2a: Aerodactyl|1\n|-enditem|p2a: Aerodactyl|Focus Sash\n|-damage|p2a: Aerodactyl|1/100\n|\n|-weather|RainDance|[upkeep]\n|upkeep\n|turn|3\n|inactive|debouls has 30 seconds left.\n|inactive|debouls has 20 seconds left.\n|\n|t:|1776496407\n|switch|p1a: Basculegion|Basculegion, L50, M|100/100\n|move|p2b: Incineroar|Fake Out|p1a: Basculegion\n|-immune|p1a: Basculegion\n|move|p2a: Aerodactyl|Tailwind|p2a: Aerodactyl\n|-sidestart|p2: v 15fb|move: Tailwind\n|move|p1b: Archaludon|Electro Shot||[still]\n|-prepare|p1b: Archaludon|Electro Shot\n|-boost|p1b: Archaludon|spa|1\n|-anim|p1b: Archaludon|Electro Shot|p2a: Aerodactyl\n|-supereffective|p2a: Aerodactyl|1\n|-damage|p2a: Aerodactyl|0 fnt\n|faint|p2a: Aerodactyl\n|\n|-weather|RainDance|[upkeep]\n|upkeep\n|\n|t:|1776496417\n|switch|p2a: Floette|Floette-Eternal, L50, F|100/100\n|turn|4\n|inactive|debouls has 30 seconds left.\n|inactive|v 15fb has 30 seconds left.\n|\n|t:|1776496446\n|switch|p2b: Rotom|Rotom-Wash, L50|83/100\n|detailschange|p2a: Floette|Floette-Mega, L50, F\n|-mega|p2a: Floette|Floette|Floettite\n|-ability|p2a: Floette|Fairy Aura\n|move|p2a: Floette|Moonblast|p1b: Archaludon\n|-damage|p1b: Archaludon|25/100\n|-ability|p1b: Archaludon|Stamina|boost\n|-boost|p1b: Archaludon|def|1\n|move|p1a: Basculegion|Wave Crash|p2b: Rotom\n|-resisted|p2b: Rotom|1\n|-damage|p2b: Rotom|23/100\n|-damage|p1a: Basculegion|85/100|[from] Recoil\n|move|p1b: Archaludon|Flash Cannon|p2a: Floette\n|-supereffective|p2a: Floette|1\n|-damage|p2a: Floette|0 fnt\n|faint|p2a: Floette\n|\n|-weather|RainDance|[upkeep]\n|-heal|p1b: Archaludon|31/100|[from] item: Leftovers\n|upkeep\n|\n|t:|1776496463\n|switch|p2a: Incineroar|Incineroar, L50, M|100/100\n|-ability|p2a: Incineroar|Intimidate|boost\n|-unboost|p1a: Basculegion|atk|1\n|-unboost|p1b: Archaludon|atk|1\n|turn|5\n|\n|t:|1776496482\n|switch|p1a: Sneasler|Sneasler, L50, M|100/100\n|move|p1b: Archaludon|Protect|p1b: Archaludon\n|-singleturn|p1b: Archaludon|Protect\n|move|p2b: Rotom|Electroweb|p1b: Archaludon|[spread] p1a\n|-activate|p1b: Archaludon|move: Protect\n|-damage|p1a: Sneasler|80/100\n|-unboost|p1a: Sneasler|spe|1\n|move|p2a: Incineroar|Throat Chop|p1b: Archaludon\n|-activate|p1b: Archaludon|move: Protect\n|\n|-weather|RainDance|[upkeep]\n|-heal|p1b: Archaludon|38/100|[from] item: Leftovers\n|upkeep\n|turn|6\n|inactive|debouls has 30 seconds left.\n|\n|t:|1776496513\n|move|p1a: Sneasler|Fake Out|p2b: Rotom\n|-damage|p2b: Rotom|7/100\n|cant|p2b: Rotom|flinch\n|move|p2a: Incineroar|Throat Chop|p1b: Archaludon\n|-damage|p1b: Archaludon|22/100\n|-start|p1b: Archaludon|Throat Chop|[silent]\n|-ability|p1b: Archaludon|Stamina|boost\n|-boost|p1b: Archaludon|def|1\n|move|p1b: Archaludon|Electro Shot||[still]\n|-prepare|p1b: Archaludon|Electro Shot\n|-boost|p1b: Archaludon|spa|1\n|-anim|p1b: Archaludon|Electro Shot|p2a: Incineroar\n|-damage|p2a: Incineroar|4/100\n|-enditem|p2a: Incineroar|Sitrus Berry|[eat]\n|-heal|p2a: Incineroar|29/100|[from] item: Sitrus Berry\n|\n|-weather|none\n|-heal|p1b: Archaludon|28/100|[from] item: Leftovers\n|-sideend|p2: v 15fb|move: Tailwind\n|upkeep\n|turn|7\n|\n|t:|1776496528\n|move|p2b: Rotom|Electroweb|p1b: Archaludon|[spread] p1a,p1b\n|-crit|p1a: Sneasler\n|-resisted|p1b: Archaludon|1\n|-damage|p1a: Sneasler|52/100\n|-damage|p1b: Archaludon|20/100\n|-unboost|p1a: Sneasler|spe|1\n|-unboost|p1b: Archaludon|spe|1\n|-ability|p1b: Archaludon|Stamina|boost\n|-boost|p1b: Archaludon|def|1\n|move|p2a: Incineroar|Flare Blitz|p1b: Archaludon\n|-damage|p1b: Archaludon|5/100\n|-ability|p1b: Archaludon|Stamina|boost\n|-boost|p1b: Archaludon|def|1\n|-damage|p2a: Incineroar|24/100|[from] Recoil\n|move|p1a: Sneasler|Close Combat|p2a: Incineroar\n|-supereffective|p2a: Incineroar|1\n|-damage|p2a: Incineroar|0 fnt\n|-unboost|p1a: Sneasler|def|1\n|-unboost|p1a: Sneasler|spd|1\n|faint|p2a: Incineroar\n|move|p1b: Archaludon|Flash Cannon|p2b: Rotom\n|-resisted|p2b: Rotom|2\n|-damage|p2b: Rotom|0 fnt\n|faint|p2b: Rotom\n|\n|win|debouls\n|raw|debouls's rating: 1315 &rarr; <strong>1335</strong><br />(+20 for winning)\n|raw|v 15fb's rating: 1318 &rarr; <strong>1298</strong><br />(-20 for losing)\n|l|\u2606v 15fb\n|player|p2|\n",
  "uploadtime": 1776496536,
  "views": 40,
  "formatid": "gen9championsvgc2026regma",
  "rating": 1298,
  "private": 0,
  "password": null
}