{
  "id": "gen9championsvgc2026regma-2580708243",
  "format": "[Gen 9 Champions] VGC 2026 Reg M-A",
  "players": [
    "lolgz",
    "Pengairxan"
  ],
  "log": "|j|\u2606lolgz\n|j|\u2606Pengairxan\n|t:|1775926010\n|gametype|doubles\n|player|p1|lolgz|265|1219\n|player|p2|Pengairxan|#pengairxan|1259\n|gen|9\n|tier|[Gen 9 Champions] VGC 2026 Reg M-A\n|rated|\n|rule|Species Clause: Limit one of each Pok\u00e9mon\n|rule|Item Clause: Limit 1 of each item\n|clearpoke\n|poke|p1|Charizard, L50, M|\n|poke|p1|Whimsicott, L50, F|\n|poke|p1|Basculegion, L50, M|\n|poke|p1|Farigiraf, L50, M|\n|poke|p1|Sneasler, L50, F|\n|poke|p1|Floette-Eternal, L50, F|\n|poke|p2|Delphox, L50, F|\n|poke|p2|Incineroar, L50, M|\n|poke|p2|Garchomp, L50, M|\n|poke|p2|Gengar, L50, M|\n|poke|p2|Gyarados, L50, M|\n|poke|p2|Tsareena, L50, F|\n|teampreview|4\n|inactive|Battle timer is ON: inactive players will automatically lose when time's up. (requested by Pengairxan)\n|c|\u2606Pengairxan|Goodluck, have fun.\nPengairxan has agreed to open team sheets.\n|inactive|lolgz has 60 seconds left.\n|inactive|lolgz has 30 seconds left.\n|inactive|lolgz has 20 seconds left.\n|inactive|lolgz has 15 seconds left.\n|inactive|lolgz has 10 seconds left.\n|inactive|lolgz has 5 seconds left.\n|\n|t:|1775926097\n|teamsize|p1|4\n|teamsize|p2|4\n|start\n|switch|p1a: Whimsicott|Whimsicott, L50, F|100/100\n|switch|p1b: Basculegion|Basculegion, L50, M|100/100\n|switch|p2a: Dan|Gengar, L50, M|100/100\n|switch|p2b: Chompers|Garchomp, L50, M|100/100\n|turn|1\n|\n|t:|1775926106\n|detailschange|p2a: Dan|Gengar-Mega, L50, M\n|-mega|p2a: Dan|Gengar|Gengarite\n|move|p2a: Dan|Protect|p2a: Dan\n|-singleturn|p2a: Dan|Protect\n|move|p1a: Whimsicott|Tailwind|p1a: Whimsicott\n|-sidestart|p1: lolgz|move: Tailwind\n|move|p1b: Basculegion|Last Respects|p2a: Dan\n|-activate|p2a: Dan|move: Protect\n|move|p2b: Chompers|Poison Jab|p1a: Whimsicott\n|-supereffective|p1a: Whimsicott|2\n|-enditem|p1a: Whimsicott|Focus Sash\n|-damage|p1a: Whimsicott|1/100\n|-status|p1a: Whimsicott|psn\n|\n|-damage|p1a: Whimsicott|0 fnt|[from] psn\n|faint|p1a: Whimsicott\n|upkeep\n|\n|t:|1775926111\n|switch|p1a: Sneasler|Sneasler, L50, F|100/100\n|turn|2\n|\n|t:|1775926119\n|switch|p2b: I am Fishy|Gyarados, L50, M|100/100\n|-ability|p2b: I am Fishy|Intimidate|boost\n|-unboost|p1a: Sneasler|atk|1\n|-unboost|p1b: Basculegion|atk|1\n|-enditem|p1a: Sneasler|White Herb\n|-clearnegativeboost|p1a: Sneasler|[silent]\n|switch|p2a: Kazami|Tsareena, L50, F|100/100\n|move|p1a: Sneasler|Fake Out||[still]\n|cant|p2a: Kazami|ability: Queenly Majesty|Fake Out|[of] p1a: Sneasler\n|move|p1b: Basculegion|Last Respects|p2a: Kazami\n|-damage|p2a: Kazami|59/100\n|\n|upkeep\n|turn|3\n|\n|t:|1775926134\n|move|p2a: Kazami|Protect|p2a: Kazami\n|-singleturn|p2a: Kazami|Protect\n|move|p1a: Sneasler|Dire Claw|p2a: Kazami\n|-activate|p2a: Kazami|move: Protect\n|move|p1b: Basculegion|Last Respects|p2b: I am Fishy\n|-damage|p2b: I am Fishy|64/100\n|move|p2b: I am Fishy|Thunder Wave|p1a: Sneasler|[miss]\n|-miss|p2b: I am Fishy|p1a: Sneasler\n|\n|-heal|p2b: I am Fishy|70/100|[from] item: Leftovers\n|upkeep\n|turn|4\n|\n|t:|1775926149\n|switch|p1b: Floette|Floette-Eternal, L50, F|100/100\n|switch|p2a: Chompers|Garchomp, L50, M|100/100\n|move|p1a: Sneasler|Dire Claw|p2b: I am Fishy\n|-damage|p2b: I am Fishy|30/100\n|move|p2b: I am Fishy|Thunder Wave|p1b: Floette\n|-status|p1b: Floette|par\n|\n|-heal|p2b: I am Fishy|36/100|[from] item: Leftovers\n|-sideend|p1: lolgz|move: Tailwind\n|upkeep\n|turn|5\n|\n|t:|1775926170\n|detailschange|p1b: Floette|Floette-Mega, L50, F\n|-mega|p1b: Floette|Floette|Floettite\n|-ability|p1b: Floette|Fairy Aura\n|move|p2b: I am Fishy|Protect|p2b: I am Fishy\n|-singleturn|p2b: I am Fishy|Protect\n|move|p1a: Sneasler|Close Combat|p2a: Chompers\n|-damage|p2a: Chompers|25/100\n|-unboost|p1a: Sneasler|def|1\n|-unboost|p1a: Sneasler|spd|1\n|move|p2a: Chompers|Earthquake|p1b: Floette|[spread] p1a,p1b\n|-activate|p2b: I am Fishy|move: Protect\n|-supereffective|p1a: Sneasler|1\n|-damage|p1a: Sneasler|0 fnt\n|-damage|p1b: Floette|39/100 par\n|faint|p1a: Sneasler\n|move|p1b: Floette|Dazzling Gleam|p2b: I am Fishy|[spread] p2a\n|-activate|p2b: I am Fishy|move: Protect\n|-supereffective|p2a: Chompers|1\n|-damage|p2a: Chompers|0 fnt\n|faint|p2a: Chompers\n|\n|-heal|p2b: I am Fishy|42/100|[from] item: Leftovers\n|upkeep\n|\n|t:|1775926179\n|switch|p1a: Basculegion|Basculegion, L50, M|100/100\n|switch|p2a: Kazami|Tsareena, L50, F|59/100\n|turn|6\n|\n|t:|1775926189\n|move|p1a: Basculegion|Last Respects|p2a: Kazami\n|-damage|p2a: Kazami|0 fnt\n|faint|p2a: Kazami\n|move|p2b: I am Fishy|Thunder Wave|p1a: Basculegion\n|-status|p1a: Basculegion|par\n|move|p1b: Floette|Dazzling Gleam|p2b: I am Fishy\n|-damage|p2b: I am Fishy|0 fnt\n|faint|p2b: I am Fishy\n|\n|upkeep\n|\n|t:|1775926192\n|switch|p2b: Dan|Gengar-Mega, L50, M|100/100\n|turn|7\n|\n|t:|1775926196\n|move|p2b: Dan|Shadow Ball|p1a: Basculegion\n|-supereffective|p1a: Basculegion|1\n|-damage|p1a: Basculegion|0 fnt\n|faint|p1a: Basculegion\n|move|p1b: Floette|Light of Ruin|p2b: Dan\n|-resisted|p2b: Dan|1\n|-damage|p2b: Dan|29/100\n|-damage|p1b: Floette|7/100 par|[from] Recoil\n|\n|upkeep\n|turn|8\n|\n|t:|1775926202\n|move|p2b: Dan|Sludge Bomb|p1b: Floette\n|-supereffective|p1b: Floette|1\n|-damage|p1b: Floette|0 fnt\n|faint|p1b: Floette\n|\n|win|Pengairxan\n|raw|lolgz's rating: 1219 &rarr; <strong>1197</strong><br />(-22 for losing)\n|raw|Pengairxan's rating: 1259 &rarr; <strong>1281</strong><br />(+22 for winning)\n",
  "uploadtime": 1775926202,
  "views": 12,
  "formatid": "gen9championsvgc2026regma",
  "rating": 1197,
  "private": 0,
  "password": null
}