{
  "id": "gen9championsvgc2026regma-2586064378",
  "format": "[Gen 9 Champions] VGC 2026 Reg M-A",
  "players": [
    "Mentalsyndrome",
    "OJ32"
  ],
  "log": "|j|\u2606Mentalsyndrome\n|j|\u2606OJ32\n|t:|1776395208\n|gametype|doubles\n|player|p1|Mentalsyndrome|101|1240\n|player|p2|OJ32|266|1154\n|gen|9\n|tier|[Gen 9 Champions] VGC 2026 Reg M-A\n|rated|\n|rule|Species Clause: Limit one of each Pok\u00e9mon\n|rule|Item Clause: Limit 1 of each item\n|clearpoke\n|poke|p1|Tinkaton, L50, F|\n|poke|p1|Kangaskhan, L50, F|\n|poke|p1|Farigiraf, L50, F|\n|poke|p1|Camerupt, L50, F|\n|poke|p1|Gardevoir, L50, M|\n|poke|p1|Conkeldurr, L50, M|\n|poke|p2|Oranguru, L50, M|\n|poke|p2|Torkoal, L50, M|\n|poke|p2|Crabominable, L50, F|\n|poke|p2|Venusaur, L50, F|\n|poke|p2|Garchomp, L50, F|\n|poke|p2|Talonflame, L50, M|\n|teampreview|4\n|inactive|Battle timer is ON: inactive players will automatically lose when time's up. (requested by OJ32)\n|inactive|Mentalsyndrome also wants the timer to be on.\n|inactive|Mentalsyndrome has 60 seconds left.\n|\n|t:|1776395244\n|teamsize|p1|4\n|teamsize|p2|4\n|start\n|switch|p1a: Kangaskhan|Kangaskhan, L50, F|100/100\n|switch|p1b: Farigiraf|Farigiraf, L50, F|100/100\n|switch|p2a: Talonflame|Talonflame, L50, M|100/100\n|switch|p2b: Oranguru|Oranguru, L50, M|100/100\n|turn|1\n|\n|t:|1776395263\n|move|p1b: Farigiraf|Helping Hand|p1a: Kangaskhan\n|-singleturn|p1a: Kangaskhan|Helping Hand|[of] p1b: Farigiraf\n|move|p2a: Talonflame|Protect|p2a: Talonflame\n|-singleturn|p2a: Talonflame|Protect\n|move|p2b: Oranguru|Protect|p2b: Oranguru\n|-singleturn|p2b: Oranguru|Protect\n|move|p1a: Kangaskhan|Double-Edge|p2b: Oranguru\n|-activate|p2b: Oranguru|move: Protect\n|\n|upkeep\n|turn|2\n|\n|t:|1776395287\n|move|p2a: Talonflame|Flare Blitz|p1a: Kangaskhan\n|-damage|p1a: Kangaskhan|50/100\n|-damage|p2a: Talonflame|80/100|[from] Recoil\n|move|p1a: Kangaskhan|Double-Edge|p2b: Oranguru\n|-damage|p2b: Oranguru|38/100\n|-damage|p1a: Kangaskhan|28/100|[from] Recoil\n|move|p2b: Oranguru|Trick Room|p2b: Oranguru\n|-fieldstart|move: Trick Room|[of] p2b: Oranguru\n|move|p1b: Farigiraf|Trick Room|p1b: Farigiraf\n|-fieldend|move: Trick Room\n|\n|upkeep\n|turn|3\n|\n|t:|1776395302\n|switch|p1a: Camerupt|Camerupt, L50, F|100/100\n|move|p2a: Talonflame|Flare Blitz|p1a: Camerupt\n|-resisted|p1a: Camerupt|1\n|-damage|p1a: Camerupt|68/100\n|-damage|p2a: Talonflame|68/100|[from] Recoil\n|move|p1b: Farigiraf|Trick Room|p1b: Farigiraf\n|-fieldstart|move: Trick Room|[of] p1b: Farigiraf\n|move|p2b: Oranguru|Trick Room|p2b: Oranguru\n|-fieldend|move: Trick Room\n|\n|upkeep\n|turn|4\n|inactive|OJ32 has 30 seconds left.\n|inactive|OJ32 has 20 seconds left.\n|inactive|OJ32 has 15 seconds left.\n|\n|t:|1776395346\n|detailschange|p1a: Camerupt|Camerupt-Mega, L50, F\n|-mega|p1a: Camerupt|Camerupt|Cameruptite\n|move|p2a: Talonflame|Brave Bird|p1a: Camerupt\n|-damage|p1a: Camerupt|11/100\n|-damage|p2a: Talonflame|46/100|[from] Recoil\n|move|p2b: Oranguru|Psychic|p1a: Camerupt\n|-damage|p1a: Camerupt|0 fnt\n|faint|p1a: Camerupt\n|move|p1b: Farigiraf|Trick Room|p1b: Farigiraf\n|-fieldstart|move: Trick Room|[of] p1b: Farigiraf\n|\n|upkeep\n|\n|t:|1776395352\n|switch|p1a: Conkeldurr|Conkeldurr, L50, M|100/100\n|turn|5\n|\n|t:|1776395358\n|move|p2b: Oranguru|Protect|p2b: Oranguru\n|-singleturn|p2b: Oranguru|Protect\n|move|p1a: Conkeldurr|Drain Punch|p2b: Oranguru\n|-activate|p2b: Oranguru|move: Protect\n|move|p1b: Farigiraf|Thunderbolt|p2a: Talonflame\n|-supereffective|p2a: Talonflame|1\n|-damage|p2a: Talonflame|0 fnt\n|faint|p2a: Talonflame\n|\n|upkeep\n|\n|t:|1776395362\n|switch|p2a: Torkoal|Torkoal, L50, M|100/100\n|-weather|SunnyDay|[from] ability: Drought|[of] p2a: Torkoal\n|turn|6\n|inactive|Mentalsyndrome has 30 seconds left.\n|\n|t:|1776395394\n|move|p1b: Farigiraf|Helping Hand|p1a: Conkeldurr\n|-singleturn|p1a: Conkeldurr|Helping Hand|[of] p1b: Farigiraf\n|move|p1a: Conkeldurr|Mach Punch|p2a: Torkoal\n|-damage|p2a: Torkoal|60/100\n|move|p2a: Torkoal|Eruption|p1b: Farigiraf|[spread] p1a,p1b\n|-damage|p1a: Conkeldurr|45/100\n|-damage|p1b: Farigiraf|59/100\n|move|p2b: Oranguru|Instruct|p2a: Torkoal\n|-singleturn|p2a: Torkoal|move: Instruct|[of] p2b: Oranguru\n|move|p2a: Torkoal|Eruption|p1a: Conkeldurr|[spread] p1a,p1b\n|-crit|p1a: Conkeldurr\n|-damage|p1a: Conkeldurr|0 fnt\n|-damage|p1b: Farigiraf|12/100\n|faint|p1a: Conkeldurr\n|\n|-weather|SunnyDay|[upkeep]\n|upkeep\n|-message|Mentalsyndrome forfeited.\n|\n|win|OJ32\n|raw|Mentalsyndrome's rating: 1240 &rarr; <strong>1209</strong><br />(-31 for losing)\n|raw|OJ32's rating: 1154 &rarr; <strong>1185</strong><br />(+31 for winning)\n",
  "uploadtime": 1776395401,
  "views": 15,
  "formatid": "gen9championsvgc2026regma",
  "rating": 1185,
  "private": 0,
  "password": null
}