{
  "id": "gen9championsvgc2026regma-2582444886",
  "format": "[Gen 9 Champions] VGC 2026 Reg M-A",
  "players": [
    "jeiebdke",
    "Juya"
  ],
  "log": "|j|\u2606jeiebdke\n|j|\u2606Juya\n|t:|1776092126\n|gametype|doubles\n|player|p1|jeiebdke|benga|1134\n|player|p2|Juya|265|1179\n|gen|9\n|tier|[Gen 9 Champions] VGC 2026 Reg M-A\n|rated|\n|rule|Species Clause: Limit one of each Pok\u00e9mon\n|rule|Item Clause: Limit 1 of each item\n|clearpoke\n|poke|p1|Kingambit, L50, F|\n|poke|p1|Garchomp, L50, F|\n|poke|p1|Delphox, L50, F|\n|poke|p1|Maushold-Four, L50|\n|poke|p1|Milotic, L50, F|\n|poke|p1|Aerodactyl, L50, F|\n|poke|p2|Gengar, L50, M|\n|poke|p2|Azumarill, L50, M|\n|poke|p2|Kommo-o, L50, F|\n|poke|p2|Tsareena, L50, F|\n|poke|p2|Incineroar, L50, M|\n|poke|p2|Corviknight, L50, M|\n|teampreview|4\n|inactive|Battle timer is ON: inactive players will automatically lose when time's up. (requested by Juya)\n|\n|t:|1776092156\n|teamsize|p1|4\n|teamsize|p2|4\n|start\n|switch|p1a: Garchomp|Garchomp, L50, F|100/100\n|switch|p1b: Maushold|Maushold-Four, L50|100/100\n|switch|p2a: Kommo-o|Kommo-o, L50, F|100/100\n|switch|p2b: Azumarill|Azumarill, L50, M|100/100\n|turn|1\n|\n|t:|1776092175\n|move|p2a: Kommo-o|Protect|p2a: Kommo-o\n|-singleturn|p2a: Kommo-o|Protect\n|move|p1b: Maushold|Follow Me|p1b: Maushold\n|-singleturn|p1b: Maushold|move: Follow Me\n|move|p1a: Garchomp|Dragon Claw|p2a: Kommo-o\n|-activate|p2a: Kommo-o|move: Protect\n|move|p2b: Azumarill|Play Rough|p1b: Maushold\n|-damage|p1b: Maushold|21/100\n|\n|upkeep\n|turn|2\n|\n|t:|1776092190\n|switch|p2a: Tsareena|Tsareena, L50, F|100/100\n|move|p2b: Azumarill|Aqua Jet|p1b: Maushold\n|-crit|p1b: Maushold\n|-damage|p1b: Maushold|0 fnt\n|faint|p1b: Maushold\n|move|p1a: Garchomp|Dragon Claw|p2a: Tsareena\n|-damage|p2a: Tsareena|51/100\n|\n|upkeep\n|\n|t:|1776092203\n|switch|p1b: Milotic|Milotic, L50, F|100/100\n|turn|3\n|\n|t:|1776092216\n|switch|p1a: Delphox|Delphox, L50, F|100/100\n|move|p2a: Tsareena|Protect|p2a: Tsareena\n|-singleturn|p2a: Tsareena|Protect\n|move|p1b: Milotic|Icy Wind|p2a: Tsareena|[spread] p2b\n|-activate|p2a: Tsareena|move: Protect\n|-resisted|p2b: Azumarill|1\n|-damage|p2b: Azumarill|96/100\n|-unboost|p2b: Azumarill|spe|1\n|move|p2b: Azumarill|Play Rough|p1a: Delphox\n|-resisted|p1a: Delphox|1\n|-damage|p1a: Delphox|52/100\n|\n|upkeep\n|turn|4\n|inactive|Juya has 30 seconds left.\n|\n|t:|1776092246\n|switch|p1a: Garchomp|Garchomp, L50, F|100/100\n|switch|p2a: Kommo-o|Kommo-o, L50, F|100/100\n|move|p2b: Azumarill|Protect|p2b: Azumarill\n|-singleturn|p2b: Azumarill|Protect\n|move|p1b: Milotic|Icy Wind|p2a: Kommo-o|[spread] p2a\n|-activate|p2b: Azumarill|move: Protect\n|-supereffective|p2a: Kommo-o|1\n|-damage|p2a: Kommo-o|82/100\n|-unboost|p2a: Kommo-o|spe|1\n|-enditem|p2a: Kommo-o|White Herb\n|-clearnegativeboost|p2a: Kommo-o|[silent]\n|\n|upkeep\n|turn|5\n|\n|t:|1776092265\n|move|p2a: Kommo-o|Protect|p2a: Kommo-o\n|-singleturn|p2a: Kommo-o|Protect\n|move|p1a: Garchomp|Iron Head|p2b: Azumarill\n|-damage|p2b: Azumarill|64/100\n|move|p1b: Milotic|Icy Wind|p2b: Azumarill|[spread] p2b\n|-activate|p2a: Kommo-o|move: Protect\n|-resisted|p2b: Azumarill|1\n|-damage|p2b: Azumarill|59/100\n|-unboost|p2b: Azumarill|spe|1\n|move|p2b: Azumarill|Play Rough|p1a: Garchomp|[miss]\n|-miss|p2b: Azumarill|p1a: Garchomp\n|\n|upkeep\n|turn|6\n|\n|t:|1776092285\n|move|p2b: Azumarill|Protect|p2b: Azumarill\n|-singleturn|p2b: Azumarill|Protect\n|move|p1a: Garchomp|Iron Head|p2a: Kommo-o\n|-damage|p2a: Kommo-o|60/100\n|move|p2a: Kommo-o|Dragon Claw|p1a: Garchomp\n|-supereffective|p1a: Garchomp|1\n|-damage|p1a: Garchomp|25/100\n|-damage|p2a: Kommo-o|47/100|[from] ability: Rough Skin|[of] p1a: Garchomp\n|move|p1b: Milotic|Icy Wind|p2b: Azumarill|[spread] p2a\n|-activate|p2b: Azumarill|move: Protect\n|-supereffective|p2a: Kommo-o|1\n|-damage|p2a: Kommo-o|28/100\n|-unboost|p2a: Kommo-o|spe|1\n|\n|upkeep\n|turn|7\n|\n|t:|1776092303\n|move|p2b: Azumarill|Aqua Jet|p1a: Garchomp\n|-damage|p1a: Garchomp|0 fnt\n|-damage|p2b: Azumarill|47/100|[from] ability: Rough Skin|[of] p1a: Garchomp\n|faint|p1a: Garchomp\n|move|p1b: Milotic|Icy Wind|p2a: Kommo-o|[spread] p2a,p2b\n|-supereffective|p2a: Kommo-o|1\n|-resisted|p2b: Azumarill|1\n|-damage|p2a: Kommo-o|9/100\n|-damage|p2b: Azumarill|42/100\n|-unboost|p2a: Kommo-o|spe|1\n|-unboost|p2b: Azumarill|spe|1\n|move|p2a: Kommo-o|Throat Chop|p1b: Milotic\n|-damage|p1b: Milotic|82/100\n|-start|p1b: Milotic|Throat Chop|[silent]\n|\n|-heal|p1b: Milotic|88/100|[from] item: Leftovers\n|upkeep\n|\n|t:|1776092319\n|switch|p1a: Delphox|Delphox, L50, F|52/100\n|turn|8\n|\n|t:|1776092330\n|move|p1a: Delphox|Protect|p1a: Delphox\n|-singleturn|p1a: Delphox|Protect\n|move|p2b: Azumarill|Protect|p2b: Azumarill\n|-singleturn|p2b: Azumarill|Protect\n|move|p1b: Milotic|Scald|p2b: Azumarill\n|-activate|p2b: Azumarill|move: Protect\n|move|p2a: Kommo-o|Close Combat|p1b: Milotic\n|-damage|p1b: Milotic|43/100\n|-unboost|p2a: Kommo-o|def|1\n|-unboost|p2a: Kommo-o|spd|1\n|\n|-heal|p1b: Milotic|49/100|[from] item: Leftovers\n|-end|p1b: Milotic|Throat Chop|[silent]\n|upkeep\n|turn|9\n|\n|t:|1776092349\n|detailschange|p1a: Delphox|Delphox-Mega, L50, F\n|-mega|p1a: Delphox|Delphox|Delphoxite\n|move|p2b: Azumarill|Aqua Jet|p1a: Delphox\n|-supereffective|p1a: Delphox|1\n|-damage|p1a: Delphox|0 fnt\n|faint|p1a: Delphox\n|move|p1b: Milotic|Icy Wind|p2b: Azumarill|[spread] p2a,p2b\n|-supereffective|p2a: Kommo-o|1\n|-resisted|p2b: Azumarill|1\n|-damage|p2a: Kommo-o|0 fnt\n|-damage|p2b: Azumarill|37/100\n|-unboost|p2b: Azumarill|spe|1\n|faint|p2a: Kommo-o\n|\n|-heal|p1b: Milotic|54/100|[from] item: Leftovers\n|upkeep\n|\n|t:|1776092357\n|switch|p2a: Tsareena|Tsareena, L50, F|51/100\n|turn|10\n|\n|t:|1776092364\n|move|p2a: Tsareena|Trop Kick|p1b: Milotic\n|-supereffective|p1b: Milotic|1\n|-damage|p1b: Milotic|0 fnt\n|faint|p1b: Milotic\n|\n|win|Juya\n|raw|jeiebdke's rating: 1134 &rarr; <strong>1112</strong><br />(-22 for losing)\n|raw|Juya's rating: 1179 &rarr; <strong>1201</strong><br />(+22 for winning)\n|l|\u2606jeiebdke\n|player|p1|\n",
  "uploadtime": 1776092372,
  "views": 10,
  "formatid": "gen9championsvgc2026regma",
  "rating": 1112,
  "private": 0,
  "password": null
}