{
  "id": "gen9championsvgc2026regma-2582800113",
  "format": "[Gen 9 Champions] VGC 2026 Reg M-A",
  "players": [
    "ScarryHarry",
    "corrinel6"
  ],
  "log": "|j|\u2606ScarryHarry\n|j|\u2606corrinel6\n|t:|1776115065\n|gametype|doubles\n|player|p1|ScarryHarry|medium|1060\n|player|p2|corrinel6|266|1110\n|gen|9\n|tier|[Gen 9 Champions] VGC 2026 Reg M-A\n|rated|\n|rule|Species Clause: Limit one of each Pok\u00e9mon\n|rule|Item Clause: Limit 1 of each item\n|clearpoke\n|poke|p1|Blastoise, L50, M|\n|poke|p1|Volcarona, L50, F|\n|poke|p1|Pelipper, L50, F|\n|poke|p1|Archaludon, L50, M|\n|poke|p1|Basculegion, L50, M|\n|poke|p1|Farigiraf, L50, M|\n|poke|p2|Pelipper, L50, F|\n|poke|p2|Dragonite, L50, M|\n|poke|p2|Archaludon, L50, M|\n|poke|p2|Basculegion, L50, M|\n|poke|p2|Sneasler, L50, F|\n|poke|p2|Rotom-Heat, L50|\n|teampreview|4\n|inactive|Battle timer is ON: inactive players will automatically lose when time's up. (requested by ScarryHarry)\n|inactive|corrinel6 has 60 seconds left.\nScarryHarry rejected open team sheets.\n|\n|t:|1776115110\n|teamsize|p1|4\n|teamsize|p2|4\n|start\n|switch|p1a: Blastoise|Blastoise, L50, M|100/100\n|switch|p1b: Volcarona|Volcarona, L50, F, shiny|100/100\n|switch|p2a: Pelipper|Pelipper, L50, F|100/100\n|switch|p2b: Dragonite|Dragonite, L50, M, shiny|100/100\n|-weather|RainDance|[from] ability: Drizzle|[of] p2a: Pelipper\n|turn|1\n|\n|t:|1776115122\n|detailschange|p2b: Dragonite|Dragonite-Mega, L50, M, shiny\n|-mega|p2b: Dragonite|Dragonite|Dragoninite\n|detailschange|p1a: Blastoise|Blastoise-Mega, L50, M\n|-mega|p1a: Blastoise|Blastoise|Blastoisinite\n|move|p1b: Volcarona|Rage Powder|p1b: Volcarona\n|-singleturn|p1b: Volcarona|move: Rage Powder\n|move|p2b: Dragonite|Thunder|p1b: Volcarona\n|-damage|p1b: Volcarona|68/100\n|move|p1a: Blastoise|Shell Smash|p1a: Blastoise\n|-unboost|p1a: Blastoise|def|1\n|-unboost|p1a: Blastoise|spd|1\n|-boost|p1a: Blastoise|atk|2\n|-boost|p1a: Blastoise|spa|2\n|-boost|p1a: Blastoise|spe|2\n|move|p2a: Pelipper|Hurricane|p1b: Volcarona\n|-supereffective|p1b: Volcarona|1\n|-damage|p1b: Volcarona|0 fnt\n|faint|p1b: Volcarona\n|\n|-weather|RainDance|[upkeep]\n|upkeep\n|\n|t:|1776115133\n|switch|p1b: Basculegion|Basculegion, L50, M|100/100\n|turn|2\n|\n|t:|1776115146\n|move|p1b: Basculegion|Ice Fang|p2b: Dragonite\n|-supereffective|p2b: Dragonite|2\n|-damage|p2b: Dragonite|55/100\n|move|p1a: Blastoise|Dark Pulse|p2b: Dragonite\n|-damage|p2b: Dragonite|0 fnt\n|faint|p2b: Dragonite\n|move|p2a: Pelipper|Hurricane|p1a: Blastoise\n|-damage|p1a: Blastoise|31/100\n|-start|p1a: Blastoise|confusion\n|\n|-weather|RainDance|[upkeep]\n|upkeep\n|\n|t:|1776115157\n|switch|p2b: Archaludon|Archaludon, L50, M|100/100\n|turn|3\n|\n|t:|1776115172\n|-activate|p1a: Blastoise|confusion\n|move|p1a: Blastoise|Aura Sphere|p2b: Archaludon\n|-supereffective|p2b: Archaludon|1\n|-damage|p2b: Archaludon|0 fnt\n|faint|p2b: Archaludon\n|move|p1b: Basculegion|Last Respects|p2a: Pelipper\n|-damage|p2a: Pelipper|33/100\n|move|p2a: Pelipper|Tailwind|p2a: Pelipper\n|-sidestart|p2: corrinel6|move: Tailwind\n|\n|-weather|RainDance|[upkeep]\n|upkeep\n|\n|t:|1776115186\n|switch|p2b: Basculegion|Basculegion, L50, M|100/100\n|turn|4\n|\n|t:|1776115197\n|move|p2b: Basculegion|Last Respects|p1b: Basculegion\n|-supereffective|p1b: Basculegion|1\n|-damage|p1b: Basculegion|0 fnt\n|faint|p1b: Basculegion\n|-end|p1a: Blastoise|confusion\n|move|p1a: Blastoise|Dark Pulse|p2b: Basculegion\n|-supereffective|p2b: Basculegion|1\n|-damage|p2b: Basculegion|0 fnt\n|faint|p2b: Basculegion\n|move|p2a: Pelipper|Hurricane|p1a: Blastoise\n|-damage|p1a: Blastoise|0 fnt\n|faint|p1a: Blastoise\n|\n|-weather|RainDance|[upkeep]\n|upkeep\n|\n|t:|1776115201\n|switch|p1b: Archaludon|Archaludon, L50, M|100/100\n|turn|5\n|\n|t:|1776115213\n|move|p2a: Pelipper|Hurricane|p1b: Archaludon\n|-resisted|p1b: Archaludon|1\n|-damage|p1b: Archaludon|66/100\n|-start|p1b: Archaludon|confusion\n|-ability|p1b: Archaludon|Stamina|boost\n|-boost|p1b: Archaludon|def|1\n|-activate|p1b: Archaludon|confusion\n|-damage|p1b: Archaludon|61/100|[from] confusion\n|\n|-weather|none\n|upkeep\n|turn|6\n|\n|t:|1776115223\n|move|p2a: Pelipper|Hurricane|p1b: Archaludon\n|-resisted|p1b: Archaludon|1\n|-damage|p1b: Archaludon|30/100\n|-ability|p1b: Archaludon|Stamina|boost\n|-boost|p1b: Archaludon|def|1\n|-activate|p1b: Archaludon|confusion\n|-damage|p1b: Archaludon|26/100|[from] confusion\n|\n|-sideend|p2: corrinel6|move: Tailwind\n|upkeep\n|turn|7\n|\n|t:|1776115230\n|-activate|p1b: Archaludon|confusion\n|-damage|p1b: Archaludon|22/100|[from] confusion\n|move|p2a: Pelipper|Hurricane|p1b: Archaludon\n|-resisted|p1b: Archaludon|1\n|-damage|p1b: Archaludon|0 fnt\n|faint|p1b: Archaludon\n|\n|win|corrinel6\n|raw|ScarryHarry's rating: 1060 &rarr; <strong>1044</strong><br />(-16 for losing)\n|raw|corrinel6's rating: 1110 &rarr; <strong>1131</strong><br />(+21 for winning)\n|l|\u2606ScarryHarry\n|player|p1|\n|c|\u2606corrinel6|There's no way lmao I'm sorry\n",
  "uploadtime": 1776115249,
  "views": 12,
  "formatid": "gen9championsvgc2026regma",
  "rating": 1044,
  "private": 0,
  "password": null
}