{
  "id": "gen9championsvgc2026regma-2587463730",
  "format": "[Gen 9 Champions] VGC 2026 Reg M-A",
  "players": [
    "testspaoa",
    "lucio m"
  ],
  "log": "|j|\u2606testspaoa\n|j|\u2606lucio m\n|t:|1776533972\n|gametype|doubles\n|player|p1|testspaoa|2|1362\n|player|p2|lucio m|265|1287\n|gen|9\n|tier|[Gen 9 Champions] VGC 2026 Reg M-A\n|rated|\n|rule|Species Clause: Limit one of each Pok\u00e9mon\n|rule|Item Clause: Limit 1 of each item\n|clearpoke\n|poke|p1|Sneasler, L50, M|\n|poke|p1|Gyarados, L50, M|\n|poke|p1|Charizard, L50, F|\n|poke|p1|Archaludon, L50, F|\n|poke|p1|Mimikyu, L50, M|\n|poke|p1|Snorlax, L50, F|\n|poke|p2|Charizard, L50, M|\n|poke|p2|Venusaur, L50, F|\n|poke|p2|Typhlosion-Hisui, L50, F|\n|poke|p2|Rotom-Wash, L50|\n|poke|p2|Sneasler, L50, M|\n|poke|p2|Gliscor, L50, F|\n|teampreview|4\n|\n|t:|1776533997\n|teamsize|p1|4\n|teamsize|p2|4\n|start\n|switch|p1a: Sneasler|Sneasler, L50, M|100/100\n|switch|p1b: Charizard|Charizard, L50, F|100/100\n|switch|p2a: Charizard|Charizard, L50, M|100/100\n|switch|p2b: Typhlosion|Typhlosion-Hisui, L50, F|100/100\n|-item|p1a: Sneasler|Focus Sash|[from] ability: Frisk|[of] p2b: Typhlosion\n|-item|p1b: Charizard|Charizardite Y|[from] ability: Frisk|[of] p2b: Typhlosion\n|turn|1\n|\n|t:|1776534025\n|detailschange|p1b: Charizard|Charizard-Mega-Y, L50, F\n|-mega|p1b: Charizard|Charizard|Charizardite Y\n|-weather|SunnyDay|[from] ability: Drought|[of] p1b: Charizard\n|detailschange|p2a: Charizard|Charizard-Mega-Y, L50, M\n|-mega|p2a: Charizard|Charizard|Charizardite Y\n|move|p2a: Charizard|Protect|p2a: Charizard\n|-singleturn|p2a: Charizard|Protect\n|move|p2b: Typhlosion|Extrasensory|p1a: Sneasler\n|-supereffective|p1a: Sneasler|2\n|-enditem|p1a: Sneasler|Focus Sash\n|-damage|p1a: Sneasler|1/100\n|move|p1a: Sneasler|Rock Slide|p2b: Typhlosion|[spread] p2b\n|-activate|p2a: Charizard|move: Protect\n|-supereffective|p2b: Typhlosion|1\n|-damage|p2b: Typhlosion|42/100\n|move|p1b: Charizard|Overheat|p2b: Typhlosion\n|-resisted|p2b: Typhlosion|1\n|-damage|p2b: Typhlosion|0 fnt\n|-unboost|p1b: Charizard|spa|2\n|faint|p2b: Typhlosion\n|\n|-weather|SunnyDay|[upkeep]\n|upkeep\n|\n|t:|1776534042\n|switch|p2b: Venusaur|Venusaur, L50, F|100/100\n|turn|2\n|\n|t:|1776534063\n|switch|p1a: Snorlax|Snorlax, L50, F|100/100\n|switch|p2a: Sneasler|Sneasler, L50, M|100/100\n|move|p2b: Venusaur|Sleep Powder|p1b: Charizard\n|-status|p1b: Charizard|slp|[from] move: Sleep Powder\n|cant|p1b: Charizard|slp\n|\n|-weather|SunnyDay|[upkeep]\n|upkeep\n|turn|3\n|inactive|Battle timer is ON: inactive players will automatically lose when time's up. (requested by lucio m)\n|\n|t:|1776534085\n|switch|p1a: Mimikyu|Mimikyu, L50, M|100/100\n|move|p2b: Venusaur|Sludge Bomb|p1b: Charizard\n|-damage|p1b: Charizard|69/100 slp\n|move|p2a: Sneasler|Close Combat|p1a: Mimikyu\n|-immune|p1a: Mimikyu\n|cant|p1b: Charizard|slp\n|\n|-weather|SunnyDay|[upkeep]\n|upkeep\n|turn|4\n|\n|t:|1776534105\n|move|p2b: Venusaur|Sleep Powder|p1a: Mimikyu\n|-status|p1a: Mimikyu|slp|[from] move: Sleep Powder\n|move|p2a: Sneasler|Dire Claw|p1b: Charizard\n|-damage|p1b: Charizard|22/100 slp\n|-curestatus|p1b: Charizard|slp|[msg]\n|move|p1b: Charizard|Heat Wave|p2a: Sneasler|[spread] p2a,p2b\n|-supereffective|p2b: Venusaur|1\n|-damage|p2a: Sneasler|56/100\n|-damage|p2b: Venusaur|34/100\n|cant|p1a: Mimikyu|slp\n|\n|-weather|SunnyDay|[upkeep]\n|upkeep\n|turn|5\n|\n|t:|1776534120\n|move|p2b: Venusaur|Sludge Bomb|p1b: Charizard\n|-damage|p1b: Charizard|0 fnt\n|faint|p1b: Charizard\n|move|p2a: Sneasler|Dire Claw|p1a: Mimikyu\n|-activate|p1a: Mimikyu|ability: Disguise\n|-damage|p1a: Mimikyu|100/100 slp\n|detailschange|p1a: Mimikyu|Mimikyu-Busted, L50, M\n|-damage|p1a: Mimikyu|88/100 slp|[from] pokemon: Mimikyu-Busted\n|cant|p1a: Mimikyu|slp\n|\n|-weather|none\n|upkeep\n|\n|t:|1776534132\n|switch|p1b: Sneasler|Sneasler, L50, M|1/100\n|turn|6\n|\n|t:|1776534139\n|switch|p2a: Charizard|Charizard-Mega-Y, L50, M|100/100\n|-weather|SunnyDay|[from] ability: Drought|[of] p2a: Charizard\n|move|p2b: Venusaur|Protect|p2b: Venusaur\n|-singleturn|p2b: Venusaur|Protect\n|move|p1b: Sneasler|Fake Out|p2b: Venusaur\n|-activate|p2b: Venusaur|move: Protect\n|-curestatus|p1a: Mimikyu|slp|[msg]\n|move|p1a: Mimikyu|Trick Room|p1a: Mimikyu\n|-fieldstart|move: Trick Room|[of] p1a: Mimikyu\n|\n|-weather|SunnyDay|[upkeep]\n|upkeep\n|turn|7\n|inactive|lucio m has 30 seconds left.\n|\n|t:|1776534168\n|move|p1a: Mimikyu|Shadow Sneak|p2a: Charizard\n|-damage|p2a: Charizard|79/100\n|move|p2a: Charizard|Heat Wave|p1a: Mimikyu|[spread] p1a,p1b\n|-damage|p1a: Mimikyu|21/100\n|-damage|p1b: Sneasler|0 fnt\n|faint|p1b: Sneasler\n|move|p2b: Venusaur|Sludge Bomb|p1a: Mimikyu\n|-damage|p1a: Mimikyu|0 fnt\n|faint|p1a: Mimikyu\n|\n|-weather|SunnyDay|[upkeep]\n|upkeep\n|\n|t:|1776534176\n|switch|p1a: Snorlax|Snorlax, L50, F|100/100\n|turn|8\n|\n|t:|1776534184\n|move|p1a: Snorlax|Double-Edge|p2b: Venusaur\n|-damage|p2b: Venusaur|0 fnt\n|faint|p2b: Venusaur\n|-damage|p1a: Snorlax|93/100|[from] Recoil\n|move|p2a: Charizard|Blast Burn|p1a: Snorlax\n|-damage|p1a: Snorlax|47/100\n|-mustrecharge|p2a: Charizard\n|\n|-weather|SunnyDay|[upkeep]\n|upkeep\n|\n|t:|1776534187\n|switch|p2b: Sneasler|Sneasler, L50, M|56/100\n|turn|9\n|\n|t:|1776534190\n|move|p2b: Sneasler|Fake Out|p1a: Snorlax\n|-damage|p1a: Snorlax|35/100\n|cant|p1a: Snorlax|flinch\n|cant|p2a: Charizard|recharge\n|\n|-weather|SunnyDay|[upkeep]\n|upkeep\n|turn|10\n|\n|t:|1776534195\n|move|p1a: Snorlax|Double-Edge|p2b: Sneasler\n|-crit|p2b: Sneasler\n|-damage|p2b: Sneasler|0 fnt\n|faint|p2b: Sneasler\n|-damage|p1a: Snorlax|24/100|[from] Recoil\n|move|p2a: Charizard|Blast Burn|p1a: Snorlax\n|-damage|p1a: Snorlax|0 fnt\n|-mustrecharge|p2a: Charizard\n|faint|p1a: Snorlax\n|\n|win|lucio m\n|raw|testspaoa's rating: 1362 &rarr; <strong>1338</strong><br />(-24 for losing)\n|raw|lucio m's rating: 1287 &rarr; <strong>1317</strong><br />(+30 for winning)\n|l|\u2606testspaoa\n|player|p1|\n",
  "uploadtime": 1776534201,
  "views": 18,
  "formatid": "gen9championsvgc2026regma",
  "rating": 1317,
  "private": 0,
  "password": null
}