{
  "id": "gen9championsvgc2026regma-2587719971",
  "format": "[Gen 9 Champions] VGC 2026 Reg M-A",
  "players": [
    "HornetXxPvP",
    "vi44444"
  ],
  "log": "|j|\u2606HornetXxPvP\n|j|\u2606vi44444\n|t:|1776557184\n|gametype|doubles\n|player|p1|HornetXxPvP|bellelba|1053\n|player|p2|vi44444|blackbelt-gen4dp|1057\n|gen|9\n|tier|[Gen 9 Champions] VGC 2026 Reg M-A\n|rated|\n|rule|Species Clause: Limit one of each Pok\u00e9mon\n|rule|Item Clause: Limit 1 of each item\n|clearpoke\n|poke|p1|Delphox, L50, F|\n|poke|p1|Rotom-Wash, L50|\n|poke|p1|Incineroar, L50, M|\n|poke|p1|Dragonite, L50, M|\n|poke|p1|Sneasler, L50, F|\n|poke|p1|Aegislash, L50, F|\n|poke|p2|Noivern, L50, M|\n|poke|p2|Dragapult, L50, F|\n|poke|p2|Sylveon, L50, F|\n|poke|p2|Excadrill, L50, M|\n|poke|p2|Tauros-Paldea-Aqua, L50, M|\n|poke|p2|Zoroark-Hisui, L50, M|\n|teampreview|4\n|inactive|Battle timer is ON: inactive players will automatically lose when time's up. (requested by vi44444)\n|\n|t:|1776557214\n|teamsize|p1|4\n|teamsize|p2|4\n|start\n|switch|p1a: Dragonite|Dragonite, L50, M|100/100\n|switch|p1b: Incineroar|Incineroar, L50, M|100/100\n|switch|p2a: Noivern|Noivern, L50, M|100/100\n|switch|p2b: Dragapult|Dragapult, L50, F|100/100\n|-ability|p1b: Incineroar|Intimidate|boost\n|-unboost|p2a: Noivern|atk|1\n|-unboost|p2b: Dragapult|atk|1\n|turn|1\n|inactive|HornetXxPvP has 30 seconds left.\n|\n|t:|1776557239\n|detailschange|p1a: Dragonite|Dragonite-Mega, L50, M\n|-mega|p1a: Dragonite|Dragonite|Dragoninite\n|move|p2b: Dragapult|Dragon Dance|p2b: Dragapult\n|-boost|p2b: Dragapult|atk|1\n|-boost|p2b: Dragapult|spe|1\n|move|p2a: Noivern|Tailwind|p2a: Noivern\n|-sidestart|p2: vi44444|move: Tailwind\n|move|p1a: Dragonite|Tailwind|p1a: Dragonite\n|-sidestart|p1: HornetXxPvP|move: Tailwind\n|move|p1b: Incineroar|Darkest Lariat|p2b: Dragapult\n|-supereffective|p2b: Dragapult|1\n|-damage|p2b: Dragapult|5/100\n|\n|upkeep\n|turn|2\n|inactive|HornetXxPvP has 30 seconds left.\n|inactive|HornetXxPvP has 20 seconds left.\n|\n|t:|1776557276\n|move|p2b: Dragapult|Protect|p2b: Dragapult\n|-singleturn|p2b: Dragapult|Protect\n|move|p1a: Dragonite|Protect|p1a: Dragonite\n|-singleturn|p1a: Dragonite|Protect\n|move|p2a: Noivern|Dragon Cheer|p2b: Dragapult\n|-start|p2b: Dragapult|move: Dragon Cheer\n|move|p1b: Incineroar|Darkest Lariat|p2b: Dragapult\n|-activate|p2b: Dragapult|move: Protect\n|\n|upkeep\n|turn|3\n|\n|t:|1776557291\n|switch|p1a: Rotom|Rotom-Wash, L50|100/100\n|move|p2b: Dragapult|Dragon Darts|p1b: Incineroar\n|-crit|p1b: Incineroar\n|-damage|p1b: Incineroar|64/100\n|-anim|p2b: Dragapult|Dragon Darts|p1a: Rotom\n|-crit|p1a: Rotom\n|-damage|p1a: Rotom|54/100\n|move|p2a: Noivern|Boomburst|p1b: Incineroar|[spread] p1a,p1b\n|-immune|p2b: Dragapult\n|-damage|p1a: Rotom|25/100\n|-damage|p1b: Incineroar|37/100\n|-enditem|p1b: Incineroar|Sitrus Berry|[eat]\n|-heal|p1b: Incineroar|62/100|[from] item: Sitrus Berry\n|move|p1b: Incineroar|Darkest Lariat|p2b: Dragapult\n|-supereffective|p2b: Dragapult|1\n|-damage|p2b: Dragapult|0 fnt\n|faint|p2b: Dragapult\n|\n|upkeep\n|\n|t:|1776557310\n|switch|p2b: Tauros|Tauros-Paldea-Aqua, L50, M|100/100\n|-ability|p2b: Tauros|Intimidate|boost\n|-unboost|p1a: Rotom|atk|1\n|-unboost|p1b: Incineroar|atk|1\n|turn|4\n|\n|t:|1776557319\n|move|p1b: Incineroar|Protect|p1b: Incineroar\n|-singleturn|p1b: Incineroar|Protect\n|move|p2a: Noivern|Boomburst|p1a: Rotom|[spread] p2b,p1a\n|-activate|p1b: Incineroar|move: Protect\n|-damage|p2b: Tauros|52/100\n|-damage|p1a: Rotom|0 fnt\n|faint|p1a: Rotom\n|move|p2b: Tauros|Close Combat|p1b: Incineroar\n|-activate|p1b: Incineroar|move: Protect\n|\n|-sideend|p2: vi44444|move: Tailwind\n|-sideend|p1: HornetXxPvP|move: Tailwind\n|upkeep\n|\n|t:|1776557332\n|switch|p1a: Dragonite|Dragonite-Mega, L50, M|100/100\n|turn|5\n|inactive|HornetXxPvP has 30 seconds left.\n|inactive|HornetXxPvP has 20 seconds left.\n|\n|t:|1776557367\n|move|p2a: Noivern|Tailwind|p2a: Noivern\n|-sidestart|p2: vi44444|move: Tailwind\n|move|p2b: Tauros|Wave Crash|p1b: Incineroar\n|-supereffective|p1b: Incineroar|1\n|-damage|p1b: Incineroar|0 fnt\n|faint|p1b: Incineroar\n|-damage|p2b: Tauros|27/100|[from] Recoil\n|move|p1a: Dragonite|Draco Meteor|p2a: Noivern\n|-supereffective|p2a: Noivern|1\n|-enditem|p2a: Noivern|Focus Sash\n|-damage|p2a: Noivern|1/100\n|-unboost|p1a: Dragonite|spa|2\n|\n|upkeep\n|\n|t:|1776557379\n|switch|p1b: Sneasler|Sneasler, L50, F|100/100\n|turn|6\n|\n|t:|1776557393\n|move|p1b: Sneasler|Fake Out|p2a: Noivern\n|-damage|p2a: Noivern|0 fnt\n|faint|p2a: Noivern\n|move|p2b: Tauros|Wave Crash|p1b: Sneasler\n|-crit|p1b: Sneasler\n|-damage|p1b: Sneasler|0 fnt\n|faint|p1b: Sneasler\n|-damage|p2b: Tauros|0 fnt|[from] Recoil\n|faint|p2b: Tauros\n|move|p1a: Dragonite|Tailwind|p1a: Dragonite\n|-sidestart|p1: HornetXxPvP|move: Tailwind\n|\n|upkeep\n|\n|t:|1776557399\n|switch|p2b: Zoroark|Zoroark-Hisui, L50, M|100/100\n|turn|7\n|\n|t:|1776557408\n|move|p2b: Zoroark|Bitter Malice|p1a: Dragonite\n|-damage|p1a: Dragonite|86/100\n|-unboost|p1a: Dragonite|atk|1\n|move|p1a: Dragonite|Draco Meteor|p2b: Zoroark\n|-damage|p2b: Zoroark|19/100\n|-unboost|p1a: Dragonite|spa|2\n|\n|upkeep\n|turn|8\n|\n|t:|1776557420\n|move|p2b: Zoroark|Bitter Malice|p1a: Dragonite\n|-damage|p1a: Dragonite|58/100\n|-unboost|p1a: Dragonite|atk|1\n|move|p1a: Dragonite|Draco Meteor|p2b: Zoroark\n|-damage|p2b: Zoroark|0 fnt\n|-unboost|p1a: Dragonite|spa|2\n|faint|p2b: Zoroark\n|\n|win|HornetXxPvP\n|raw|HornetXxPvP's rating: 1053 &rarr; <strong>1085</strong><br />(+32 for winning)\n|raw|vi44444's rating: 1057 &rarr; <strong>1038</strong><br />(-19 for losing)\n",
  "uploadtime": 1776557431,
  "views": 30,
  "formatid": "gen9championsvgc2026regma",
  "rating": 1038,
  "private": 0,
  "password": null
}