{
  "id": "gen9championsvgc2026regma-2584771105",
  "format": "[Gen 9 Champions] VGC 2026 Reg M-A",
  "players": [
    "skywalkingchris",
    "adsasvasfasd"
  ],
  "log": "|j|\u2606skywalkingchris\n|j|\u2606adsasvasfasd\n|t:|1776282497\n|gametype|doubles\n|player|p1|skywalkingchris|2|1145\n|player|p2|adsasvasfasd|ghetsis-gen5bw|1096\n|gen|9\n|tier|[Gen 9 Champions] VGC 2026 Reg M-A\n|rated|\n|rule|Species Clause: Limit one of each Pok\u00e9mon\n|rule|Item Clause: Limit 1 of each item\n|clearpoke\n|poke|p1|Venusaur, L50, F|\n|poke|p1|Sableye, L50, F|\n|poke|p1|Maushold-Four, L50|\n|poke|p1|Pelipper, L50, M|\n|poke|p1|Typhlosion, L50, M|\n|poke|p1|Glimmora, L50, M|\n|poke|p2|Charizard, L50, M|\n|poke|p2|Venusaur, L50, M|\n|poke|p2|Garchomp, L50, M|\n|poke|p2|Incineroar, L50, F|\n|poke|p2|Gardevoir, L50, M|\n|poke|p2|Milotic, L50, M|\n|teampreview|4\n|\n|t:|1776282541\n|teamsize|p1|4\n|teamsize|p2|4\n|start\n|switch|p1a: Typhlosion|Typhlosion, L50, M|100/100\n|switch|p1b: Sableye|Sableye, L50, F|100/100\n|switch|p2a: Garchomp|Garchomp, L50, M|100/100\n|switch|p2b: Incineroar|Incineroar, L50, F|100/100\n|-ability|p2b: Incineroar|Intimidate|boost\n|-unboost|p1a: Typhlosion|atk|1\n|-unboost|p1b: Sableye|atk|1\n|turn|1\n|\n|t:|1776282574\n|switch|p1a: Pelipper|Pelipper, L50, M|100/100\n|-weather|RainDance|[from] ability: Drizzle|[of] p1a: Pelipper\n|move|p2b: Incineroar|Fake Out|p1a: Pelipper\n|-damage|p1a: Pelipper|89/100\n|move|p1b: Sableye|Reflect|p1b: Sableye\n|-sidestart|p1: skywalkingchris|Reflect\n|move|p2a: Garchomp|Earthquake|p1b: Sableye|[spread] p2b,p1b\n|-immune|p1a: Pelipper\n|-supereffective|p2b: Incineroar|1\n|-damage|p2b: Incineroar|40/100\n|-damage|p1b: Sableye|62/100\n|-enditem|p2b: Incineroar|Sitrus Berry|[eat]\n|-heal|p2b: Incineroar|65/100|[from] item: Sitrus Berry\n|\n|-weather|RainDance|[upkeep]\n|-heal|p1a: Pelipper|95/100|[from] item: Leftovers\n|upkeep\n|turn|2\n|\n|t:|1776282599\n|switch|p2b: Venusaur|Venusaur, L50, M|100/100\n|move|p1b: Sableye|Light Screen|p1b: Sableye\n|-sidestart|p1: skywalkingchris|move: Light Screen\n|move|p2a: Garchomp|Rock Slide|p1b: Sableye|[spread] p1a,p1b\n|-supereffective|p1a: Pelipper|1\n|-crit|p1a: Pelipper\n|-damage|p1a: Pelipper|28/100\n|-damage|p1b: Sableye|44/100\n|-enditem|p1b: Sableye|Sitrus Berry|[eat]\n|-heal|p1b: Sableye|69/100|[from] item: Sitrus Berry\n|move|p1a: Pelipper|Ice Beam|p2a: Garchomp\n|-supereffective|p2a: Garchomp|2\n|-enditem|p2a: Garchomp|Yache Berry|[eat]\n|-enditem|p2a: Garchomp|Yache Berry|[weaken]\n|-damage|p2a: Garchomp|57/100\n|\n|-weather|RainDance|[upkeep]\n|-heal|p1a: Pelipper|34/100|[from] item: Leftovers\n|upkeep\n|turn|3\n|inactive|Battle timer is ON: inactive players will automatically lose when time's up. (requested by adsasvasfasd)\n|\n|t:|1776282638\n|switch|p1a: Venusaur|Venusaur, L50, F|100/100\n|move|p1b: Sableye|Gravity|p1b: Sableye\n|-fieldstart|move: Gravity\n|move|p2a: Garchomp|Rock Slide|p1b: Sableye|[spread] p1a,p1b\n|-damage|p1a: Venusaur|86/100\n|-damage|p1b: Sableye|48/100\n|move|p2b: Venusaur|Energy Ball|p1b: Sableye\n|-damage|p1b: Sableye|20/100\n|\n|-weather|RainDance|[upkeep]\n|upkeep\n|turn|4\n|\n|t:|1776282659\n|move|p2b: Venusaur|Protect|p2b: Venusaur\n|-singleturn|p2b: Venusaur|Protect\n|move|p1b: Sableye|Reflect||[still]\n|-fail|p1b: Sableye\n|move|p2a: Garchomp|Earthquake|p1b: Sableye|[spread] p1a,p1b\n|-activate|p2b: Venusaur|move: Protect\n|-crit|p1b: Sableye\n|-damage|p1a: Venusaur|54/100\n|-damage|p1b: Sableye|0 fnt\n|faint|p1b: Sableye\n|move|p1a: Venusaur|Giga Drain|p2a: Garchomp\n|-damage|p2a: Garchomp|24/100\n|-heal|p1a: Venusaur|74/100|[from] drain|[of] p2a: Garchomp\n|\n|-weather|RainDance|[upkeep]\n|upkeep\n|\n|t:|1776282676\n|switch|p1b: Pelipper|Pelipper, L50, M|34/100\n|turn|5\n|\n|t:|1776282692\n|switch|p2b: Charizard|Charizard, L50, M|100/100\n|move|p2a: Garchomp|Rock Slide|p1b: Pelipper|[spread] p1a,p1b\n|-supereffective|p1b: Pelipper|1\n|-damage|p1a: Venusaur|59/100\n|-damage|p1b: Pelipper|5/100\n|move|p1b: Pelipper|Tailwind|p1b: Pelipper\n|-sidestart|p1: skywalkingchris|move: Tailwind\n|move|p1a: Venusaur|Giga Drain|p2a: Garchomp\n|-damage|p2a: Garchomp|0 fnt\n|-heal|p1a: Venusaur|73/100|[from] drain|[of] p2a: Garchomp\n|faint|p2a: Garchomp\n|\n|-weather|none\n|-heal|p1b: Pelipper|11/100|[from] item: Leftovers\n|-sideend|p1: skywalkingchris|Reflect\n|upkeep\n|c|\u2606skywalkingchris|fudge\n|\n|t:|1776282700\n|switch|p2a: Incineroar|Incineroar, L50, F|65/100\n|-ability|p2a: Incineroar|Intimidate|boost\n|-unboost|p1a: Venusaur|atk|1\n|-unboost|p1b: Pelipper|atk|1\n|turn|6\n|\n|t:|1776282714\n|switch|p1b: Typhlosion|Typhlosion, L50, M|100/100\n|detailschange|p2b: Charizard|Charizard-Mega-Y, L50, M\n|-mega|p2b: Charizard|Charizard|Charizardite Y\n|-weather|SunnyDay|[from] ability: Drought|[of] p2b: Charizard\n|move|p1a: Venusaur|Protect|p1a: Venusaur\n|-singleturn|p1a: Venusaur|Protect\n|move|p2a: Incineroar|Fake Out|p1a: Venusaur\n|-activate|p1a: Venusaur|move: Protect\n|move|p2b: Charizard|Heat Wave|p1a: Venusaur|[spread] \n|-activate|p1a: Venusaur|move: Protect\n|-start|p1b: Typhlosion|ability: Flash Fire\n|\n|-weather|SunnyDay|[upkeep]\n|-sideend|p1: skywalkingchris|move: Light Screen\n|upkeep\n|turn|7\n|\n|t:|1776282737\n|move|p1b: Typhlosion|Eruption|p2a: Incineroar|[spread] p2a,p2b\n|-resisted|p2a: Incineroar|1\n|-resisted|p2b: Charizard|1\n|-damage|p2a: Incineroar|7/100\n|-damage|p2b: Charizard|46/100\n|move|p1a: Venusaur|Earth Power|p2b: Charizard\n|-supereffective|p2b: Charizard|1\n|-crit|p2b: Charizard\n|-damage|p2b: Charizard|0 fnt\n|faint|p2b: Charizard\n|move|p2a: Incineroar|Flare Blitz|p1a: Venusaur\n|-supereffective|p1a: Venusaur|1\n|-crit|p1a: Venusaur\n|-damage|p1a: Venusaur|0 fnt\n|faint|p1a: Venusaur\n|-damage|p2a: Incineroar|0 fnt|[from] Recoil\n|faint|p2a: Incineroar\n|\n|-weather|SunnyDay|[upkeep]\n|-fieldend|move: Gravity\n|upkeep\n|c|\u2606skywalkingchris|im holding meganiumite lmao\n|\n|t:|1776282752\n|switch|p1a: Pelipper|Pelipper, L50, M|11/100\n|switch|p2a: Venusaur|Venusaur, L50, M|100/100\n|-weather|RainDance|[from] ability: Drizzle|[of] p1a: Pelipper\n|turn|8\n|\n|t:|1776282766\n|move|p1b: Typhlosion|Eruption|p2a: Venusaur\n|-supereffective|p2a: Venusaur|1\n|-damage|p2a: Venusaur|22/100\n|move|p1a: Pelipper|Hurricane|p2a: Venusaur\n|-supereffective|p2a: Venusaur|1\n|-damage|p2a: Venusaur|0 fnt\n|faint|p2a: Venusaur\n|\n|win|skywalkingchris\n|raw|skywalkingchris's rating: 1145 &rarr; <strong>1166</strong><br />(+21 for winning)\n|raw|adsasvasfasd's rating: 1096 &rarr; <strong>1075</strong><br />(-21 for losing)\n|l|\u2606adsasvasfasd\n|player|p2|\n|c|\u2606skywalkingchris|good game\n",
  "uploadtime": 1776282783,
  "views": 30,
  "formatid": "gen9championsvgc2026regma",
  "rating": 1075,
  "private": 0,
  "password": null
}