{
  "id": "gen9championsvgc2026regma-2587879645",
  "format": "[Gen 9 Champions] VGC 2026 Reg M-A",
  "players": [
    "swaig",
    "EnderHerve"
  ],
  "log": "|j|\u2606swaig\n|j|\u2606EnderHerve\n|t:|1776573877\n|gametype|doubles\n|player|p1|swaig|265|1135\n|player|p2|EnderHerve|allister|1199\n|gen|9\n|tier|[Gen 9 Champions] VGC 2026 Reg M-A\n|rated|\n|rule|Species Clause: Limit one of each Pok\u00e9mon\n|rule|Item Clause: Limit 1 of each item\n|clearpoke\n|poke|p1|Meganium, L50, M|\n|poke|p1|Umbreon, L50, M|\n|poke|p1|Raichu, L50, M|\n|poke|p1|Politoed, L50, F|\n|poke|p1|Basculegion, L50, M|\n|poke|p1|Garchomp, L50, M|\n|poke|p2|Aerodactyl, L50, M|\n|poke|p2|Farigiraf, L50, M|\n|poke|p2|Froslass, L50, F|\n|poke|p2|Rotom-Heat, L50|\n|poke|p2|Sneasler, L50, F|\n|poke|p2|Empoleon, L50, F|\n|teampreview|4\nEnderHerve rejected open team sheets.\n|inactive|Battle timer is ON: inactive players will automatically lose when time's up. (requested by swaig)\n|\n|t:|1776573954\n|teamsize|p1|4\n|teamsize|p2|4\n|start\n|switch|p1a: Garchomp|Garchomp, L50, M|100/100\n|switch|p1b: Umbreon|Umbreon, L50, M|100/100\n|switch|p2a: Empoleon|Empoleon, L50, F|100/100\n|switch|p2b: Aerodactyl|Aerodactyl, L50, M|100/100\n|-ability|p2b: Aerodactyl|Unnerve\n|turn|1\n|\n|t:|1776573974\n|move|p1a: Garchomp|Stomping Tantrum|p2a: Empoleon\n|-supereffective|p2a: Empoleon|1\n|-damage|p2a: Empoleon|5/100\n|move|p2b: Aerodactyl|Rock Slide|p1a: Garchomp|[spread] p1a,p1b\n|-resisted|p1a: Garchomp|1\n|-damage|p1a: Garchomp|87/100\n|-damage|p1b: Umbreon|78/100\n|move|p2a: Empoleon|Ice Beam|p1a: Garchomp\n|-supereffective|p1a: Garchomp|2\n|-damage|p1a: Garchomp|0 fnt\n|faint|p1a: Garchomp\n|cant|p1b: Umbreon|flinch\n|\n|-heal|p1b: Umbreon|84/100|[from] item: Leftovers\n|upkeep\n|\n|t:|1776573990\n|switch|p1a: Meganium|Meganium, L50, M|100/100\n|turn|2\n|inactive|EnderHerve has 30 seconds left.\n|c|\u2606swaig|Im not even kidding ive been flinched by every rock slide today\n|\n|t:|1776574015\n|detailschange|p2b: Aerodactyl|Aerodactyl-Mega, L50, M\n|-mega|p2b: Aerodactyl|Aerodactyl|Aerodactylite\n|detailschange|p1a: Meganium|Meganium-Mega, L50, M\n|-mega|p1a: Meganium|Meganium|Meganiumite\n|move|p2b: Aerodactyl|Dual Wingbeat|p1a: Meganium\n|-supereffective|p1a: Meganium|1\n|-damage|p1a: Meganium|49/100\n|-supereffective|p1a: Meganium|1\n|-damage|p1a: Meganium|0 fnt\n|faint|p1a: Meganium\n|-hitcount|p1: Meganium|2\n|move|p2a: Empoleon|Ice Beam|p1b: Umbreon\n|-crit|p1b: Umbreon\n|-damage|p1b: Umbreon|62/100\n|move|p1b: Umbreon|Snarl|p2b: Aerodactyl|[spread] p2a,p2b\n|-damage|p2a: Empoleon|0 fnt\n|-damage|p2b: Aerodactyl|90/100\n|-unboost|p2b: Aerodactyl|spa|1\n|faint|p2a: Empoleon\n|\n|-heal|p1b: Umbreon|68/100|[from] item: Leftovers\n|upkeep\n|c|\u2606EnderHerve|im sorry\n|c|\u2606swaig|Like actually 10%\n|c|\u2606swaig|100*\n|\n|t:|1776574043\n|switch|p2a: Sneasler|Sneasler, L50, F|100/100\n|switch|p1a: Politoed|Politoed, L50, F|100/100\n|-weather|RainDance|[from] ability: Drizzle|[of] p1a: Politoed\n|turn|3\n|\n|t:|1776574066\n|move|p2a: Sneasler|Fake Out|p1a: Politoed\n|-damage|p1a: Politoed|82/100\n|move|p2b: Aerodactyl|Dual Wingbeat|p1b: Umbreon\n|-damage|p1b: Umbreon|44/100\n|-damage|p1b: Umbreon|23/100\n|-hitcount|p1b: Umbreon|2\n|cant|p1a: Politoed|flinch\n|move|p1b: Umbreon|Foul Play|p2a: Sneasler\n|-resisted|p2a: Sneasler|1\n|-damage|p2a: Sneasler|53/100\n|\n|-weather|RainDance|[upkeep]\n|-heal|p1b: Umbreon|29/100|[from] item: Leftovers\n|upkeep\n|turn|4\n|\n|t:|1776574080\n|move|p1b: Umbreon|Protect|p1b: Umbreon\n|-singleturn|p1b: Umbreon|Protect\n|move|p2b: Aerodactyl|Rock Slide|p1b: Umbreon|[spread] p1a\n|-activate|p1b: Umbreon|move: Protect\n|-damage|p1a: Politoed|47/100\n|move|p2a: Sneasler|Close Combat|p1a: Politoed\n|-damage|p1a: Politoed|0 fnt\n|-unboost|p2a: Sneasler|def|1\n|-unboost|p2a: Sneasler|spd|1\n|faint|p1a: Politoed\n|\n|-weather|RainDance|[upkeep]\n|-heal|p1b: Umbreon|35/100|[from] item: Leftovers\n|upkeep\n|turn|5\n|-message|swaig forfeited.\n|\n|win|EnderHerve\n|raw|swaig's rating: 1135 &rarr; <strong>1115</strong><br />(-20 for losing)\n|raw|EnderHerve's rating: 1199 &rarr; <strong>1219</strong><br />(+20 for winning)\n|l|\u2606swaig\n|player|p1|\n",
  "uploadtime": 1776574143,
  "views": 10,
  "formatid": "gen9championsvgc2026regma",
  "rating": 1115,
  "private": 0,
  "password": null
}