{
  "id": "gen9championsvgc2026regma-2585888228",
  "format": "[Gen 9 Champions] VGC 2026 Reg M-A",
  "players": [
    "mason9283",
    "AidzPlayz"
  ],
  "log": "|j|\u2606mason9283\n|j|\u2606AidzPlayz\n|t:|1776378626\n|gametype|doubles\n|player|p1|mason9283|gentleman-gen4|1162\n|player|p2|AidzPlayz|ghetsis-gen5bw|1262\n|gen|9\n|tier|[Gen 9 Champions] VGC 2026 Reg M-A\n|rated|\n|rule|Species Clause: Limit one of each Pok\u00e9mon\n|rule|Item Clause: Limit 1 of each item\n|clearpoke\n|poke|p1|Tyranitar, L50, F|\n|poke|p1|Excadrill, L50, M|\n|poke|p1|Meganium, L50, F|\n|poke|p1|Primarina, L50, F|\n|poke|p1|Dragonite, L50, M|\n|poke|p1|Infernape, L50, M|\n|poke|p2|Aerodactyl, L50, F|\n|poke|p2|Incineroar, L50, M|\n|poke|p2|Floette-Eternal, L50, F|\n|poke|p2|Basculegion, L50, M|\n|poke|p2|Garchomp, L50, F|\n|poke|p2|Sneasler, L50, F|\n|teampreview|4\n|inactive|Battle timer is ON: inactive players will automatically lose when time's up. (requested by mason9283)\n|inactive|mason9283 has 60 seconds left.\n|inactive|AidzPlayz has 60 seconds left.\n|\n|t:|1776378665\n|teamsize|p1|4\n|teamsize|p2|4\n|start\n|switch|p1a: Infernape|Infernape, L50, M|100/100\n|switch|p1b: Primarina|Primarina, L50, F, shiny|100/100\n|switch|p2a: Aerodactyl|Aerodactyl, L50, F|100/100\n|switch|p2b: Floette|Floette-Eternal, L50, F|100/100\n|-ability|p2a: Aerodactyl|Unnerve\n|turn|1\n|\n|t:|1776378681\n|detailschange|p2b: Floette|Floette-Mega, L50, F\n|-mega|p2b: Floette|Floette|Floettite\n|-ability|p2b: Floette|Fairy Aura\n|move|p2a: Aerodactyl|Tailwind|p2a: Aerodactyl\n|-sidestart|p2: AidzPlayz|move: Tailwind\n|move|p2b: Floette|Dazzling Gleam|p1a: Infernape|[spread] p1a,p1b\n|-damage|p1a: Infernape|23/100\n|-damage|p1b: Primarina|56/100\n|move|p1a: Infernape|Flare Blitz|p2b: Floette\n|-damage|p2b: Floette|26/100\n|-damage|p1a: Infernape|0 fnt|[from] Recoil\n|faint|p1a: Infernape\n|move|p1b: Primarina|Hyper Voice|p2a: Aerodactyl|[spread] p2a,p2b\n|-supereffective|p2a: Aerodactyl|1\n|-enditem|p2a: Aerodactyl|Focus Sash\n|-damage|p2a: Aerodactyl|1/100\n|-damage|p2b: Floette|0 fnt\n|faint|p2b: Floette\n|\n|upkeep\n|\n|t:|1776378699\n|switch|p1a: Meganium|Meganium, L50, F|100/100\n|switch|p2b: Sneasler|Sneasler, L50, F|100/100\n|turn|2\n|\n|t:|1776378717\n|move|p1a: Meganium|Protect|p1a: Meganium\n|-singleturn|p1a: Meganium|Protect\n|move|p2a: Aerodactyl|Dual Wingbeat|p1a: Meganium\n|-activate|p1a: Meganium|move: Protect\n|move|p2b: Sneasler|Dire Claw|p1b: Primarina\n|-supereffective|p1b: Primarina|1\n|-damage|p1b: Primarina|0 fnt\n|faint|p1b: Primarina\n|\n|upkeep\n|\n|t:|1776378729\n|switch|p1b: Dragonite|Dragonite, L50, M, shiny|100/100\n|turn|3\n|\n|t:|1776378747\n|detailschange|p1b: Dragonite|Dragonite-Mega, L50, M, shiny\n|-mega|p1b: Dragonite|Dragonite|Dragoninite\n|move|p2a: Aerodactyl|Dual Wingbeat|p1a: Meganium\n|-supereffective|p1a: Meganium|1\n|-damage|p1a: Meganium|61/100\n|-supereffective|p1a: Meganium|1\n|-damage|p1a: Meganium|22/100\n|-hitcount|p1a: Meganium|2\n|move|p2b: Sneasler|Dire Claw|p1b: Dragonite\n|-damage|p1b: Dragonite|81/100\n|-status|p1b: Dragonite|par\n|move|p1a: Meganium|Dazzling Gleam|p2b: Sneasler|[spread] p2a,p2b\n|-damage|p2a: Aerodactyl|0 fnt\n|-damage|p2b: Sneasler|75/100\n|faint|p2a: Aerodactyl\n|cant|p1b: Dragonite|par\n|\n|upkeep\n|\n|t:|1776378763\n|switch|p2a: Garchomp|Garchomp, L50, F|100/100\n|turn|4\n|\n|t:|1776378782\n|move|p1a: Meganium|Protect|p1a: Meganium\n|-singleturn|p1a: Meganium|Protect\n|move|p2b: Sneasler|Dire Claw|p1a: Meganium\n|-activate|p1a: Meganium|move: Protect\n|move|p2a: Garchomp|Dragon Claw|p1b: Dragonite\n|-supereffective|p1b: Dragonite|1\n|-damage|p1b: Dragonite|0 fnt\n|faint|p1b: Dragonite\n|\n|-sideend|p2: AidzPlayz|move: Tailwind\n|upkeep\n|turn|5\n|-message|mason9283 forfeited.\n|\n|win|AidzPlayz\n|raw|mason9283's rating: 1162 &rarr; <strong>1144</strong><br />(-18 for losing)\n|raw|AidzPlayz's rating: 1262 &rarr; <strong>1280</strong><br />(+18 for winning)\n",
  "uploadtime": 1776378794,
  "views": 15,
  "formatid": "gen9championsvgc2026regma",
  "rating": 1144,
  "private": 0,
  "password": null
}