{
  "id": "gen9championsvgc2026regma-2588876861",
  "format": "[Gen 9 Champions] VGC 2026 Reg M-A",
  "players": [
    "TaanWallbanks",
    "crzyttt089"
  ],
  "log": "|j|\u2606TaanWallbanks\n|j|\u2606crzyttt089\n|t:|1776681435\n|gametype|doubles\n|player|p1|TaanWallbanks|pokemaniac|1043\n|player|p2|crzyttt089|colress|1039\n|gen|9\n|tier|[Gen 9 Champions] VGC 2026 Reg M-A\n|rated|\n|rule|Species Clause: Limit one of each Pok\u00e9mon\n|rule|Item Clause: Limit 1 of each item\n|clearpoke\n|poke|p1|Victreebel, L50, F|\n|poke|p1|Samurott-Hisui, L50, F|\n|poke|p1|Sinistcha, L50|\n|poke|p1|Gliscor, L50, M|\n|poke|p1|Politoed, L50, F|\n|poke|p1|Archaludon, L50, M|\n|poke|p2|Incineroar, L50, M, shiny|\n|poke|p2|Whimsicott, L50, F, shiny|\n|poke|p2|Chimecho, L50, F, shiny|\n|poke|p2|Conkeldurr, L50, F|\n|poke|p2|Gardevoir, L50, F, shiny|\n|poke|p2|Garchomp, L50, M|\n|teampreview|4\ncrzyttt089 rejected open team sheets.\n|inactive|Battle timer is ON: inactive players will automatically lose when time's up. (requested by TaanWallbanks)\n|\n|t:|1776681553\n|teamsize|p1|4\n|teamsize|p2|4\n|start\n|switch|p1a: Victreebel|Victreebel, L50, F|100/100\n|switch|p1b: Samurott|Samurott-Hisui, L50, F|100/100\n|switch|p2a: Gardevoir|Gardevoir, L50, F, shiny|100/100\n|switch|p2b: Incineroar|Incineroar, L50, M, shiny|100/100\n|-ability|p2b: Incineroar|Intimidate|boost\n|-unboost|p1a: Victreebel|atk|1\n|-unboost|p1b: Samurott|atk|1\n|turn|1\n|inactive|crzyttt089 has 30 seconds left.\n|\n|t:|1776681580\n|detailschange|p1a: Victreebel|Victreebel-Mega, L50, F\n|-mega|p1a: Victreebel|Victreebel|Victreebelite\n|move|p1b: Samurott|Detect|p1b: Samurott\n|-singleturn|p1b: Samurott|Protect\n|move|p2b: Incineroar|Fake Out|p1b: Samurott\n|-activate|p1b: Samurott|move: Protect\n|move|p1a: Victreebel|Toxic|p2a: Gardevoir\n|-status|p2a: Gardevoir|tox\n|move|p2a: Gardevoir|Trick Room|p2a: Gardevoir\n|-fieldstart|move: Trick Room|[of] p2a: Gardevoir\n|\n|-damage|p2a: Gardevoir|95/100 tox|[from] psn\n|upkeep\n|turn|2\n|inactive|crzyttt089 has 30 seconds left.\n|\n|t:|1776681606\n|move|p2b: Incineroar|Parting Shot|p1a: Victreebel\n|-unboost|p1a: Victreebel|atk|1\n|-unboost|p1a: Victreebel|spa|1\n|\n|t:|1776681610\n|switch|p2b: Garchomp|Garchomp, L50, M|100/100|[from] Parting Shot\n|move|p1a: Victreebel|Toxic|p2b: Garchomp\n|-status|p2b: Garchomp|tox\n|move|p2a: Gardevoir|Dazzling Gleam|p1b: Samurott|[spread] p1a,p1b\n|-resisted|p1a: Victreebel|1\n|-supereffective|p1b: Samurott|1\n|-damage|p1a: Victreebel|84/100\n|-damage|p1b: Samurott|16/100\n|move|p1b: Samurott|Ceaseless Edge|p2a: Gardevoir\n|-damage|p2a: Gardevoir|60/100 tox\n|-sidestart|p2: crzyttt089|Spikes\n|\n|-damage|p2a: Gardevoir|48/100 tox|[from] psn\n|-damage|p2b: Garchomp|94/100 tox|[from] psn\n|upkeep\n|turn|3\n|\n|t:|1776681634\n|detailschange|p2b: Garchomp|Garchomp-Mega, L50, M\n|-mega|p2b: Garchomp|Garchomp|Garchompite\n|move|p1a: Victreebel|Strength Sap|p2b: Garchomp\n|-unboost|p2b: Garchomp|atk|1\n|-heal|p1a: Victreebel|100/100\n|move|p2b: Garchomp|Earthquake|p1b: Samurott|[spread] p1a,p1b\n|-activate|p2a: Gardevoir|ability: Telepathy\n|-damage|p1a: Victreebel|74/100\n|-damage|p1b: Samurott|0 fnt\n|faint|p1b: Samurott\n|move|p2a: Gardevoir|Dazzling Gleam|p1a: Victreebel\n|-resisted|p1a: Victreebel|1\n|-damage|p1a: Victreebel|50/100\n|\n|-damage|p2b: Garchomp|82/100 tox|[from] psn\n|-damage|p2a: Gardevoir|31/100 tox|[from] psn\n|upkeep\n|\n|t:|1776681653\n|switch|p1b: Sinistcha|Sinistcha, L50|100/100\n|-heal|p1a: Victreebel|75/100|[from] ability: Hospitality|[of] p1b: Sinistcha\n|turn|4\n|\n|t:|1776681673\n|switch|p2b: Conkeldurr|Conkeldurr, L50, F|100/100\n|-damage|p2b: Conkeldurr|88/100|[from] Spikes\n|switch|p2a: Incineroar|Incineroar, L50, M, shiny|100/100\n|-damage|p2a: Incineroar|88/100|[from] Spikes\n|-ability|p2a: Incineroar|Intimidate|boost\n|-unboost|p1a: Victreebel|atk|1\n|-unboost|p1b: Sinistcha|atk|1\n|move|p1a: Victreebel|Protect|p1a: Victreebel\n|-singleturn|p1a: Victreebel|Protect\n|move|p1b: Sinistcha|Hex|p2b: Conkeldurr\n|-damage|p2b: Conkeldurr|66/100\n|\n|upkeep\n|turn|5\n|inactive|crzyttt089 has 30 seconds left.\n|inactive|crzyttt089 has 20 seconds left.\n|inactive|crzyttt089 has 15 seconds left.\n|inactive|crzyttt089 has 10 seconds left.\n|inactive|crzyttt089 has 5 seconds left.\n|\n|t:|1776681725\n|move|p1b: Sinistcha|Protect|p1b: Sinistcha\n|-singleturn|p1b: Sinistcha|Protect\n|move|p2b: Conkeldurr|Hammer Arm|p1a: Victreebel\n|-resisted|p1a: Victreebel|1\n|-damage|p1a: Victreebel|46/100\n|-unboost|p2b: Conkeldurr|spe|1\n|move|p2a: Incineroar|Flare Blitz|p1b: Sinistcha\n|-activate|p1b: Sinistcha|move: Protect\n|move|p1a: Victreebel|Toxic|p2b: Conkeldurr\n|-status|p2b: Conkeldurr|tox\n|\n|-damage|p2b: Conkeldurr|60/100 tox|[from] psn\n|-fieldend|move: Trick Room\n|upkeep\n|turn|6\n|inactive|TaanWallbanks has 30 seconds left.\n|inactive|crzyttt089 has 30 seconds left.\n|\n|t:|1776681757\n|switch|p1b: Archaludon|Archaludon, L50, M|100/100\n|move|p1a: Victreebel|Strength Sap|p2b: Conkeldurr\n|-unboost|p2b: Conkeldurr|atk|1\n|-heal|p1a: Victreebel|100/100\n|move|p2a: Incineroar|Flare Blitz|p1b: Archaludon\n|-damage|p1b: Archaludon|55/100\n|-damage|p2a: Incineroar|73/100|[from] Recoil\n|move|p2b: Conkeldurr|Hammer Arm|p1a: Victreebel|[miss]\n|-miss|p2b: Conkeldurr|p1a: Victreebel\n|\n|-damage|p2b: Conkeldurr|48/100 tox|[from] psn\n|upkeep\n|turn|7\n|inactive|crzyttt089 has 30 seconds left.\n|c|\u2606crzyttt089|i hate you\n|inactive|crzyttt089 has 20 seconds left.\n|inactive|crzyttt089 has 15 seconds left.\n|\n|t:|1776681799\n|move|p1b: Archaludon|Protect|p1b: Archaludon\n|-singleturn|p1b: Archaludon|Protect\n|move|p2b: Conkeldurr|Protect|p2b: Conkeldurr\n|-singleturn|p2b: Conkeldurr|Protect\n|move|p1a: Victreebel|Toxic|p2a: Incineroar\n|-status|p2a: Incineroar|tox\n|move|p2a: Incineroar|Parting Shot|p1b: Archaludon\n|-activate|p1b: Archaludon|move: Protect\n|\n|-damage|p2a: Incineroar|67/100 tox|[from] psn\n|-damage|p2b: Conkeldurr|30/100 tox|[from] psn\n|upkeep\n|turn|8\n|inactive|TaanWallbanks has 30 seconds left.\n|inactive|crzyttt089 has 30 seconds left.\n|inactive|TaanWallbanks has 20 seconds left.\n|\n|t:|1776681835\n|switch|p2b: Gardevoir|Gardevoir, L50, F, shiny|31/100 tox\n|-damage|p2b: Gardevoir|19/100 tox|[from] Spikes\n|move|p1b: Archaludon|Draco Meteor|p2a: Incineroar\n|-damage|p2a: Incineroar|7/100 tox\n|-unboost|p1b: Archaludon|spa|2\n|-enditem|p2a: Incineroar|Sitrus Berry|[eat]\n|-heal|p2a: Incineroar|32/100 tox|[from] item: Sitrus Berry\n|move|p1a: Victreebel|Venoshock|p2a: Incineroar\n|-damage|p2a: Incineroar|0 fnt\n|faint|p2a: Incineroar\n|\n|-damage|p2b: Gardevoir|14/100 tox|[from] psn\n|upkeep\n|\n|t:|1776681850\n|switch|p2a: Garchomp|Garchomp-Mega, L50, M|82/100 tox\n|-damage|p2a: Garchomp|70/100 tox|[from] Spikes\n|turn|9\n|\n|t:|1776681866\n|switch|p1b: Sinistcha|Sinistcha, L50|100/100\n|move|p1a: Victreebel|Protect|p1a: Victreebel\n|-singleturn|p1a: Victreebel|Protect\n|move|p2a: Garchomp|Earthquake|p1a: Victreebel|[spread] p1b\n|-activate|p1a: Victreebel|move: Protect\n|-activate|p2b: Gardevoir|ability: Telepathy\n|-resisted|p1b: Sinistcha|1\n|-damage|p1b: Sinistcha|78/100\n|move|p2b: Gardevoir|Trick Room|p2b: Gardevoir\n|-fieldstart|move: Trick Room|[of] p2b: Gardevoir\n|\n|-damage|p2a: Garchomp|64/100 tox|[from] psn\n|-damage|p2b: Gardevoir|2/100 tox|[from] psn\n|upkeep\n|turn|10\n|\n|t:|1776681889\n|move|p1a: Victreebel|Strength Sap|p2a: Garchomp\n|-unboost|p2a: Garchomp|atk|1\n|move|p2a: Garchomp|Earthquake|p1b: Sinistcha|[spread] p1a,p1b\n|-activate|p2b: Gardevoir|ability: Telepathy\n|-resisted|p1b: Sinistcha|1\n|-damage|p1a: Victreebel|73/100\n|-damage|p1b: Sinistcha|62/100\n|move|p2b: Gardevoir|Moonblast|p1b: Sinistcha\n|-damage|p1b: Sinistcha|10/100\n|move|p1b: Sinistcha|Hex|p2a: Garchomp\n|-damage|p2a: Garchomp|20/100 tox\n|-heal|p1b: Sinistcha|17/100|[from] item: Shell Bell|[of] p2a: Garchomp\n|\n|-damage|p2a: Garchomp|8/100 tox|[from] psn\n|-damage|p2b: Gardevoir|0 fnt|[from] psn\n|faint|p2b: Gardevoir\n|upkeep\n|-message|crzyttt089 forfeited.\n|\n|win|TaanWallbanks\n|raw|TaanWallbanks's rating: 1043 &rarr; <strong>1076</strong><br />(+33 for winning)\n|raw|crzyttt089's rating: 1039 &rarr; <strong>1023</strong><br />(-16 for losing)\n|l|\u2606crzyttt089\n|player|p2|\n",
  "uploadtime": 1776681997,
  "views": 14,
  "formatid": "gen9championsvgc2026regma",
  "rating": 1023,
  "private": 0,
  "password": null
}