{
  "id": "gen9championsvgc2026regma-2586223585",
  "format": "[Gen 9 Champions] VGC 2026 Reg M-A",
  "players": [
    "huchuachua",
    "Vaggelis199816"
  ],
  "log": "|j|\u2606huchuachua\n|j|\u2606Vaggelis199816\n|t:|1776414338\n|gametype|doubles\n|player|p1|huchuachua|265|1272\n|player|p2|Vaggelis199816|169|1214\n|gen|9\n|tier|[Gen 9 Champions] VGC 2026 Reg M-A\n|rated|\n|rule|Species Clause: Limit one of each Pok\u00e9mon\n|rule|Item Clause: Limit 1 of each item\n|clearpoke\n|poke|p1|Kingambit, L50, F|\n|poke|p1|Gardevoir, L50, F|\n|poke|p1|Aerodactyl, L50, F|\n|poke|p1|Maushold, L50|\n|poke|p1|Incineroar, L50, F|\n|poke|p1|Sneasler, L50, F|\n|poke|p2|Delphox, L50, M|\n|poke|p2|Incineroar, L50, F|\n|poke|p2|Sneasler, L50, F|\n|poke|p2|Milotic, L50, F|\n|poke|p2|Garchomp, L50, F|\n|poke|p2|Floette-Eternal, L50, F|\n|teampreview|4\n|inactive|Battle timer is ON: inactive players will automatically lose when time's up. (requested by Vaggelis199816)\n|j| argeddionn\n|l| argeddionn\n|inactive|Vaggelis199816 has 60 seconds left.\n|\n|t:|1776414370\n|teamsize|p1|4\n|teamsize|p2|4\n|start\n|switch|p1a: Gardevoir|Gardevoir, L50, F|100/100\n|switch|p1b: Incineroar|Incineroar, L50, F|100/100\n|switch|p2a: Milotic|Milotic, L50, F|100/100\n|switch|p2b: Garchomp|Garchomp, L50, F|100/100\n|-ability|p1a: Gardevoir|Competitive|Trace|[from] ability: Trace|[of] p2a: Milotic\n|-ability|p1b: Incineroar|Intimidate|boost\n|-unboost|p2a: Milotic|atk|1\n|-ability|p2a: Milotic|Competitive|boost\n|-boost|p2a: Milotic|spa|2\n|-unboost|p2b: Garchomp|atk|1\n|turn|1\n|\n|t:|1776414386\n|switch|p2b: Incineroar|Incineroar, L50, F|100/100\n|-ability|p2b: Incineroar|Intimidate|boost\n|-unboost|p1a: Gardevoir|atk|1\n|-ability|p1a: Gardevoir|Competitive|boost\n|-boost|p1a: Gardevoir|spa|2\n|-unboost|p1b: Incineroar|atk|1\n|detailschange|p1a: Gardevoir|Gardevoir-Mega, L50, F\n|-mega|p1a: Gardevoir|Gardevoir|Gardevoirite\n|move|p2a: Milotic|Protect|p2a: Milotic\n|-singleturn|p2a: Milotic|Protect\n|move|p1b: Incineroar|Fake Out|p2a: Milotic\n|-activate|p2a: Milotic|move: Protect\n|move|p1a: Gardevoir|Hyper Voice|p2b: Incineroar|[spread] p2b\n|-activate|p2a: Milotic|move: Protect\n|-damage|p2b: Incineroar|6/100\n|-enditem|p2b: Incineroar|Sitrus Berry|[eat]\n|-heal|p2b: Incineroar|31/100|[from] item: Sitrus Berry\n|\n|upkeep\n|turn|2\n|\n|t:|1776414406\n|move|p1a: Gardevoir|Protect|p1a: Gardevoir\n|-singleturn|p1a: Gardevoir|Protect\n|move|p2b: Incineroar|Fake Out|p1a: Gardevoir\n|-activate|p1a: Gardevoir|move: Protect\n|move|p2a: Milotic|Coil|p2a: Milotic\n|-boost|p2a: Milotic|atk|1\n|-boost|p2a: Milotic|def|1\n|-boost|p2a: Milotic|accuracy|1\n|move|p1b: Incineroar|Parting Shot|p2b: Incineroar\n|-unboost|p2b: Incineroar|atk|1\n|-unboost|p2b: Incineroar|spa|1\n|\n|t:|1776414417\n|switch|p1b: Sneasler|Sneasler, L50, F|100/100|[from] Parting Shot\n|\n|upkeep\n|turn|3\n|\n|t:|1776414422\n|move|p2a: Milotic|Protect|p2a: Milotic\n|-singleturn|p2a: Milotic|Protect\n|move|p1b: Sneasler|Close Combat|p2a: Milotic\n|-activate|p2a: Milotic|move: Protect\n|move|p1a: Gardevoir|Hyper Voice|p2a: Milotic|[spread] p2b\n|-activate|p2a: Milotic|move: Protect\n|-damage|p2b: Incineroar|0 fnt\n|faint|p2b: Incineroar\n|\n|upkeep\n|\n|t:|1776414431\n|switch|p2b: Delphox|Delphox, L50, M|100/100\n|turn|4\n|\n|t:|1776414439\n|detailschange|p2b: Delphox|Delphox-Mega, L50, M\n|-mega|p2b: Delphox|Delphox|Delphoxite\n|move|p2b: Delphox|Psychic|p1b: Sneasler\n|-supereffective|p1b: Sneasler|2\n|-damage|p1b: Sneasler|0 fnt\n|faint|p1b: Sneasler\n|move|p1a: Gardevoir|Hyper Voice|p2a: Milotic|[spread] p2a,p2b\n|-resisted|p2b: Delphox|1\n|-damage|p2a: Milotic|41/100\n|-damage|p2b: Delphox|51/100\n|move|p2a: Milotic|Hypnosis|p1a: Gardevoir\n|-status|p1a: Gardevoir|slp|[from] move: Hypnosis\n|\n|-heal|p2a: Milotic|47/100|[from] item: Leftovers\n|upkeep\n|\n|t:|1776414450\n|switch|p1b: Aerodactyl|Aerodactyl, L50, F|100/100\n|-ability|p1b: Aerodactyl|Pressure\n|turn|5\n|\n|t:|1776414456\n|move|p2b: Delphox|Protect|p2b: Delphox\n|-singleturn|p2b: Delphox|Protect\n|move|p1b: Aerodactyl|Rock Slide|p2b: Delphox|[spread] p2a\n|-activate|p2b: Delphox|move: Protect\n|-damage|p2a: Milotic|30/100\n|cant|p1a: Gardevoir|slp\n|move|p2a: Milotic|Muddy Water|p1a: Gardevoir|[spread] p1a,p1b\n|-supereffective|p1b: Aerodactyl|1\n|-damage|p1a: Gardevoir|66/100 slp\n|-enditem|p1b: Aerodactyl|Focus Sash\n|-damage|p1b: Aerodactyl|1/100\n|\n|-heal|p2a: Milotic|36/100|[from] item: Leftovers\n|upkeep\n|turn|6\n|\n|t:|1776414470\n|move|p2b: Delphox|Heat Wave|p1b: Aerodactyl|[spread] p1a,p1b\n|-resisted|p1b: Aerodactyl|1\n|-damage|p1a: Gardevoir|37/100 slp\n|-damage|p1b: Aerodactyl|0 fnt\n|faint|p1b: Aerodactyl\n|-curestatus|p1a: Gardevoir|slp|[msg]\n|move|p1a: Gardevoir|Hyper Voice|p2a: Milotic|[spread] p2a,p2b\n|-resisted|p2b: Delphox|1\n|-damage|p2a: Milotic|0 fnt\n|-damage|p2b: Delphox|8/100\n|faint|p2a: Milotic\n|\n|upkeep\n|\n|t:|1776414477\n|switch|p1b: Incineroar|Incineroar, L50, F|100/100\n|switch|p2a: Garchomp|Garchomp, L50, F|100/100\n|-ability|p1b: Incineroar|Intimidate|boost\n|-unboost|p2a: Garchomp|atk|1\n|-unboost|p2b: Delphox|atk|1\n|turn|7\n|\n|t:|1776414485\n|move|p2b: Delphox|Protect|p2b: Delphox\n|-singleturn|p2b: Delphox|Protect\n|move|p2a: Garchomp|Protect|p2a: Garchomp\n|-singleturn|p2a: Garchomp|Protect\n|move|p1b: Incineroar|Fake Out|p2a: Garchomp\n|-activate|p2a: Garchomp|move: Protect\n|move|p1a: Gardevoir|Trick Room|p1a: Gardevoir\n|-fieldstart|move: Trick Room|[of] p1a: Gardevoir\n|\n|upkeep\n|turn|8\n|\n|t:|1776414501\n|move|p1b: Incineroar|Parting Shot|p2a: Garchomp\n|-unboost|p2a: Garchomp|atk|1\n|-unboost|p2a: Garchomp|spa|1\n|move|p1a: Gardevoir|Hyper Voice|p2a: Garchomp|[spread] p2a,p2b\n|-supereffective|p2a: Garchomp|1\n|-crit|p2a: Garchomp\n|-resisted|p2b: Delphox|1\n|-enditem|p2a: Garchomp|Focus Sash\n|-damage|p2a: Garchomp|1/100\n|-damage|p2b: Delphox|0 fnt\n|faint|p2b: Delphox\n|move|p2a: Garchomp|Earthquake|p1b: Incineroar|[spread] p1a,p1b\n|-supereffective|p1b: Incineroar|1\n|-damage|p1a: Gardevoir|11/100\n|-damage|p1b: Incineroar|71/100\n|\n|upkeep\n|turn|9\n|c|\u2606Vaggelis199816|tracing the best ability is nuts\n|c|\u2606Vaggelis199816|good rng\n|inactive|Vaggelis199816 has 30 seconds left.\n|c|\u2606Vaggelis199816|hope itstays with you\n|-message|Vaggelis199816 forfeited.\n|\n|win|huchuachua\n|raw|huchuachua's rating: 1272 &rarr; <strong>1293</strong><br />(+21 for winning)\n|raw|Vaggelis199816's rating: 1214 &rarr; <strong>1193</strong><br />(-21 for losing)\n|l|\u2606Vaggelis199816\n|player|p2|\n|c|\u2606huchuachua|thanks bro\n",
  "uploadtime": 1776414547,
  "views": 17,
  "formatid": "gen9championsvgc2026regma",
  "rating": 1193,
  "private": 0,
  "password": null
}