{
  "id": "gen9championsvgc2026regma-2587859067",
  "format": "[Gen 9 Champions] VGC 2026 Reg M-A",
  "players": [
    "Aolyvul",
    "bigwillygoat"
  ],
  "log": "|j|\u2606Aolyvul\n|j|\u2606bigwillygoat\n|t:|1776571472\n|gametype|doubles\n|player|p1|Aolyvul|1|1149\n|player|p2|bigwillygoat|boarder|1073\n|gen|9\n|tier|[Gen 9 Champions] VGC 2026 Reg M-A\n|rated|\n|rule|Species Clause: Limit one of each Pok\u00e9mon\n|rule|Item Clause: Limit 1 of each item\n|clearpoke\n|poke|p1|Dragonite, L50, M|\n|poke|p1|Pelipper, L50, F|\n|poke|p1|Basculegion, L50, M|\n|poke|p1|Garchomp, L50, F|\n|poke|p1|Sneasler, L50, F|\n|poke|p1|Rotom-Mow, L50, shiny|\n|poke|p2|Floette-Eternal, L50, F|\n|poke|p2|Orthworm, L50, F|\n|poke|p2|Garchomp, L50, F|\n|poke|p2|Gyarados, L50, M|\n|poke|p2|Incineroar, L50, F|\n|poke|p2|Whimsicott, L50, F|\n|teampreview|4\n|inactive|Battle timer is ON: inactive players will automatically lose when time's up. (requested by bigwillygoat)\n|inactive|Aolyvul has 60 seconds left.\n|inactive|bigwillygoat has 60 seconds left.\n|inactive|Aolyvul has 30 seconds left.\n|\n|t:|1776571542\n|teamsize|p1|4\n|teamsize|p2|4\n|start\n|switch|p1a: Sneasler|Sneasler, L50, F|100/100\n|switch|p1b: Pelipper|Pelipper, L50, F|100/100\n|switch|p2a: Incineroar|Incineroar, L50, F|100/100\n|switch|p2b: Whimsicott|Whimsicott, L50, F|100/100\n|-weather|RainDance|[from] ability: Drizzle|[of] p1b: Pelipper\n|-ability|p2a: Incineroar|Intimidate|boost\n|-unboost|p1a: Sneasler|atk|1\n|-unboost|p1b: Pelipper|atk|1\n|-enditem|p1a: Sneasler|White Herb\n|-clearnegativeboost|p1a: Sneasler|[silent]\n|turn|1\n|inactive|bigwillygoat has 30 seconds left.\n|inactive|bigwillygoat has 20 seconds left.\n|\n|t:|1776571581\n|move|p2a: Incineroar|Fake Out|p1a: Sneasler\n|-damage|p1a: Sneasler|83/100\n|move|p2b: Whimsicott|Tailwind|p2b: Whimsicott\n|-sidestart|p2: bigwillygoat|move: Tailwind\n|cant|p1a: Sneasler|flinch\n|move|p1b: Pelipper|Tailwind|p1b: Pelipper\n|-sidestart|p1: Aolyvul|move: Tailwind\n|\n|-weather|RainDance|[upkeep]\n|upkeep\n|turn|2\n|inactive|Aolyvul has 30 seconds left.\n|inactive|bigwillygoat has 30 seconds left.\n|\n|t:|1776571613\n|move|p2b: Whimsicott|Encore|p1b: Pelipper\n|-start|p1b: Pelipper|Encore\n|move|p1a: Sneasler|Dire Claw|p2b: Whimsicott\n|-supereffective|p2b: Whimsicott|2\n|-enditem|p2b: Whimsicott|Focus Sash\n|-damage|p2b: Whimsicott|1/100\n|-status|p2b: Whimsicott|slp\n|move|p1b: Pelipper|Tailwind||[still]\n|-fail|p1b: Pelipper\n|move|p2a: Incineroar|Parting Shot|p1a: Sneasler\n|-unboost|p1a: Sneasler|atk|1\n|-unboost|p1a: Sneasler|spa|1\n|\n|t:|1776571625\n|switch|p2a: Floette|Floette-Eternal, L50, F|100/100|[from] Parting Shot\n|\n|-weather|RainDance|[upkeep]\n|upkeep\n|turn|3\n|\n|t:|1776571647\n|switch|p2b: Incineroar|Incineroar, L50, F|100/100\n|-ability|p2b: Incineroar|Intimidate|boost\n|-unboost|p1a: Sneasler|atk|1\n|-unboost|p1b: Pelipper|atk|1\n|switch|p1b: Basculegion|Basculegion, L50, M|100/100\n|detailschange|p2a: Floette|Floette-Mega, L50, F\n|-mega|p2a: Floette|Floette|Floettite\n|-ability|p2a: Floette|Fairy Aura\n|move|p1a: Sneasler|Protect|p1a: Sneasler\n|-singleturn|p1a: Sneasler|Protect\n|move|p2a: Floette|Moonblast|p1a: Sneasler\n|-activate|p1a: Sneasler|move: Protect\n|\n|-weather|RainDance|[upkeep]\n|upkeep\n|turn|4\n|inactive|bigwillygoat has 30 seconds left.\n|\n|t:|1776571679\n|move|p2b: Incineroar|Fake Out|p1a: Sneasler\n|-damage|p1a: Sneasler|66/100\n|move|p1b: Basculegion|Wave Crash|p2b: Incineroar\n|-supereffective|p2b: Incineroar|1\n|-damage|p2b: Incineroar|0 fnt\n|faint|p2b: Incineroar\n|-damage|p1b: Basculegion|66/100|[from] Recoil\n|cant|p1a: Sneasler|flinch\n|move|p2a: Floette|Dazzling Gleam|p1b: Basculegion|[spread] p1a,p1b\n|-damage|p1a: Sneasler|2/100\n|-damage|p1b: Basculegion|17/100\n|\n|-weather|RainDance|[upkeep]\n|-sideend|p2: bigwillygoat|move: Tailwind\n|-sideend|p1: Aolyvul|move: Tailwind\n|upkeep\n|\n|t:|1776571695\n|switch|p2b: Garchomp|Garchomp, L50, F|100/100\n|turn|5\n|\n|t:|1776571713\n|move|p2b: Garchomp|Rock Slide|p1b: Basculegion|[spread] p1a,p1b\n|-resisted|p1a: Sneasler|1\n|-crit|p1a: Sneasler\n|-damage|p1a: Sneasler|0 fnt\n|-damage|p1b: Basculegion|0 fnt\n|faint|p1a: Sneasler\n|faint|p1b: Basculegion\n|move|p2a: Floette|Dazzling Gleam|p1: Sneasler|[notarget]\n|-fail|p2a: Floette\n|\n|-weather|none\n|upkeep\n|\n|t:|1776571722\n|switch|p1a: Pelipper|Pelipper, L50, F|100/100\n|switch|p1b: Dragonite|Dragonite, L50, M|100/100\n|-weather|RainDance|[from] ability: Drizzle|[of] p1a: Pelipper\n|turn|6\n|inactive|Aolyvul has 30 seconds left.\n|\n|t:|1776571749\n|switch|p2b: Whimsicott|Whimsicott, L50, F|1/100 slp\n|detailschange|p1b: Dragonite|Dragonite-Mega, L50, M\n|-mega|p1b: Dragonite|Dragonite|Dragoninite\n|move|p2a: Floette|Protect|p2a: Floette\n|-singleturn|p2a: Floette|Protect\n|move|p1b: Dragonite|Hurricane|p2a: Floette\n|-activate|p2a: Floette|move: Protect\n|move|p1a: Pelipper|Tailwind|p1a: Pelipper\n|-sidestart|p1: Aolyvul|move: Tailwind\n|\n|-weather|RainDance|[upkeep]\n|upkeep\n|turn|7\n|inactive|bigwillygoat has 30 seconds left.\n|\n|t:|1776571777\n|cant|p2b: Whimsicott|slp\n|move|p1b: Dragonite|Hurricane|p2a: Floette\n|-damage|p2a: Floette|45/100\n|-start|p2a: Floette|confusion\n|move|p1a: Pelipper|Hurricane|p2a: Floette\n|-damage|p2a: Floette|6/100\n|-activate|p2a: Floette|confusion\n|move|p2a: Floette|Moonblast|p1b: Dragonite\n|-supereffective|p1b: Dragonite|1\n|-damage|p1b: Dragonite|28/100\n|\n|-weather|RainDance|[upkeep]\n|upkeep\n|turn|8\n|\n|t:|1776571801\n|-activate|p2a: Floette|confusion\n|move|p2a: Floette|Protect|p2a: Floette\n|-singleturn|p2a: Floette|Protect\n|cant|p2b: Whimsicott|slp\n|move|p1b: Dragonite|Hurricane|p2b: Whimsicott\n|-supereffective|p2b: Whimsicott|1\n|-damage|p2b: Whimsicott|0 fnt\n|faint|p2b: Whimsicott\n|move|p1a: Pelipper|Weather Ball|p2a: Floette\n|-activate|p2a: Floette|move: Protect\n|\n|-weather|RainDance|[upkeep]\n|upkeep\n|\n|t:|1776571813\n|switch|p2b: Garchomp|Garchomp, L50, F|100/100\n|turn|9\n|\n|t:|1776571824\n|-activate|p2a: Floette|confusion\n|move|p2a: Floette|Protect|p2a: Floette\n|-singleturn|p2a: Floette|Protect\n|move|p1b: Dragonite|Dragon Pulse|p2b: Garchomp\n|-supereffective|p2b: Garchomp|1\n|-damage|p2b: Garchomp|0 fnt\n|faint|p2b: Garchomp\n|move|p1a: Pelipper|Weather Ball|p2a: Floette\n|-activate|p2a: Floette|move: Protect\n|\n|-weather|RainDance|[upkeep]\n|-sideend|p1: Aolyvul|move: Tailwind\n|upkeep\n|turn|10\n|\n|t:|1776571838\n|move|p1b: Dragonite|Protect|p1b: Dragonite\n|-singleturn|p1b: Dragonite|Protect\n|-end|p2a: Floette|confusion\n|move|p2a: Floette|Dazzling Gleam|p1a: Pelipper|[spread] p1a\n|-activate|p1b: Dragonite|move: Protect\n|-damage|p1a: Pelipper|22/100\n|move|p1a: Pelipper|Weather Ball|p2a: Floette\n|-damage|p2a: Floette|0 fnt\n|faint|p2a: Floette\n|\n|win|Aolyvul\n|raw|Aolyvul's rating: 1149 &rarr; <strong>1169</strong><br />(+20 for winning)\n|raw|bigwillygoat's rating: 1073 &rarr; <strong>1057</strong><br />(-16 for losing)\n|l|\u2606bigwillygoat\n|player|p2|\n",
  "uploadtime": 1776571851,
  "views": 11,
  "formatid": "gen9championsvgc2026regma",
  "rating": 1057,
  "private": 0,
  "password": null
}