{
  "id": "gen9championsvgc2026regma-2586223676",
  "format": "[Gen 9 Champions] VGC 2026 Reg M-A",
  "players": [
    "PTSDofficial",
    "aderhell666"
  ],
  "log": "|j|\u2606PTSDofficial\n|j|\u2606aderhell666\n|t:|1776414349\n|gametype|doubles\n|player|p1|PTSDofficial|169|1139\n|player|p2|aderhell666|2|1104\n|gen|9\n|tier|[Gen 9 Champions] VGC 2026 Reg M-A\n|rated|\n|rule|Species Clause: Limit one of each Pok\u00e9mon\n|rule|Item Clause: Limit 1 of each item\n|clearpoke\n|poke|p1|Chandelure, L50, M|\n|poke|p1|Garchomp, L50, F|\n|poke|p1|Whimsicott, L50, M|\n|poke|p1|Sneasler, L50, F|\n|poke|p1|Rotom-Wash, L50|\n|poke|p1|Kingambit, L50, M|\n|poke|p2|Tinkaton, L50, F|\n|poke|p2|Pelipper, L50, F|\n|poke|p2|Incineroar, L50, M|\n|poke|p2|Farigiraf, L50, F|\n|poke|p2|Sneasler, L50, F|\n|poke|p2|Venusaur, L50, M|\n|teampreview|4\n|\n|t:|1776414402\n|teamsize|p1|4\n|teamsize|p2|4\n|start\n|switch|p1a: Garchomp|Garchomp, L50, F|100/100\n|switch|p1b: Kingambit|Kingambit, L50, M|100/100\n|switch|p2a: Tinkaton|Tinkaton, L50, F|100/100\n|switch|p2b: Pelipper|Pelipper, L50, F|100/100\n|-weather|RainDance|[from] ability: Drizzle|[of] p2b: Pelipper\n|turn|1\n|\n|t:|1776414435\n|switch|p1b: Rotom|Rotom-Wash, L50|100/100\n|move|p2b: Pelipper|Wide Guard|p2b: Pelipper\n|-singleturn|p2b: Pelipper|Wide Guard\n|move|p1a: Garchomp|Rock Slide|p2a: Tinkaton|[spread] \n|-activate|p2a: Tinkaton|move: Wide Guard\n|-activate|p2b: Pelipper|move: Wide Guard\n|move|p2a: Tinkaton|Skill Swap|p1b: Rotom\n|-activate|p2a: Tinkaton|Skill Swap|Levitate|Own Tempo|[of] p1b: Rotom\n|\n|-weather|RainDance|[upkeep]\n|upkeep\n|turn|2\n|\n|t:|1776414473\n|switch|p1a: I love lamp|Chandelure, L50, M, shiny|100/100\n|move|p1b: Rotom|Thunderbolt|p2b: Pelipper\n|-supereffective|p2b: Pelipper|2\n|-enditem|p2b: Pelipper|Focus Sash\n|-damage|p2b: Pelipper|1/100\n|move|p2a: Tinkaton|Gigaton Hammer|p1b: Rotom\n|-resisted|p1b: Rotom|2\n|-damage|p1b: Rotom|88/100\n|move|p2b: Pelipper|Weather Ball|p1a: I love lamp\n|-supereffective|p1a: I love lamp|1\n|-damage|p1a: I love lamp|0 fnt\n|faint|p1a: I love lamp\n|\n|-weather|RainDance|[upkeep]\n|upkeep\n|\n|t:|1776414488\n|switch|p1a: Garchomp|Garchomp, L50, F|100/100\n|turn|3\n|\n|t:|1776414506\n|move|p2b: Pelipper|Wide Guard|p2b: Pelipper\n|-singleturn|p2b: Pelipper|Wide Guard\n|move|p1b: Rotom|Thunderbolt|p2a: Tinkaton\n|-damage|p2a: Tinkaton|68/100\n|move|p1a: Garchomp|Dragon Claw|p2b: Pelipper\n|-damage|p2b: Pelipper|0 fnt\n|faint|p2b: Pelipper\n|move|p2a: Tinkaton|Foul Play|p1a: Garchomp\n|-damage|p1a: Garchomp|65/100\n|-damage|p2a: Tinkaton|55/100|[from] ability: Rough Skin|[of] p1a: Garchomp\n|\n|-weather|RainDance|[upkeep]\n|upkeep\n|\n|t:|1776414515\n|switch|p2b: Incineroar|Incineroar, L50, M|100/100\n|-ability|p2b: Incineroar|Intimidate|boost\n|-unboost|p1a: Garchomp|atk|1\n|-fail|p1b: Rotom|unboost|Attack|[from] ability: Own Tempo|[of] p1b: Rotom\n|turn|4\n|\n|t:|1776414547\n|switch|p1a: Kingambit|Kingambit, L50, M|100/100\n|move|p1b: Rotom|Thunderbolt|p2b: Incineroar\n|-damage|p2b: Incineroar|61/100\n|-status|p2b: Incineroar|par\n|move|p2a: Tinkaton|Foul Play|p1b: Rotom\n|-crit|p1b: Rotom\n|-damage|p1b: Rotom|63/100\n|move|p2b: Incineroar|Parting Shot|p1b: Rotom\n|-unboost|p1b: Rotom|atk|1\n|-unboost|p1b: Rotom|spa|1\n|\n|t:|1776414560\n|switch|p2b: Sneasler|Sneasler, L50, F|100/100|[from] Parting Shot\n|\n|-weather|RainDance|[upkeep]\n|upkeep\n|turn|5\n|\n|t:|1776414570\n|switch|p1b: Garchomp|Garchomp, L50, F|65/100\n|move|p1a: Kingambit|Protect|p1a: Kingambit\n|-singleturn|p1a: Kingambit|Protect\n|move|p2b: Sneasler|Close Combat|p1a: Kingambit\n|-activate|p1a: Kingambit|move: Protect\n|move|p2a: Tinkaton|Foul Play|p1b: Garchomp\n|-damage|p1b: Garchomp|31/100\n|-damage|p2a: Tinkaton|43/100|[from] ability: Rough Skin|[of] p1b: Garchomp\n|\n|-weather|none\n|upkeep\n|turn|6\n|\n|t:|1776414596\n|move|p1a: Kingambit|Sucker Punch|p2a: Tinkaton\n|-resisted|p2a: Tinkaton|1\n|-damage|p2a: Tinkaton|16/100\n|move|p2b: Sneasler|Close Combat|p1a: Kingambit\n|-supereffective|p1a: Kingambit|2\n|-damage|p1a: Kingambit|0 fnt\n|-unboost|p2b: Sneasler|def|1\n|-unboost|p2b: Sneasler|spd|1\n|faint|p1a: Kingambit\n|-enditem|p2b: Sneasler|White Herb\n|-clearnegativeboost|p2b: Sneasler|[silent]\n|move|p1b: Garchomp|Dragon Claw|p2b: Sneasler\n|-damage|p2b: Sneasler|30/100\n|move|p2a: Tinkaton|Foul Play|p1b: Garchomp\n|-damage|p1b: Garchomp|0 fnt\n|-damage|p2a: Tinkaton|4/100|[from] ability: Rough Skin|[of] p1b: Garchomp\n|faint|p1b: Garchomp\n|\n|upkeep\n|\n|t:|1776414616\n|switch|p1b: Rotom|Rotom-Wash, L50|63/100\n|turn|7\n|\n|t:|1776414636\n|move|p2b: Sneasler|Dire Claw|p1b: Rotom\n|-damage|p1b: Rotom|15/100\n|move|p1b: Rotom|Hydro Pump|p2b: Sneasler\n|-damage|p2b: Sneasler|0 fnt\n|faint|p2b: Sneasler\n|move|p2a: Tinkaton|Foul Play|p1b: Rotom\n|-damage|p1b: Rotom|0 fnt\n|faint|p1b: Rotom\n|\n|win|aderhell666\n|raw|PTSDofficial's rating: 1139 &rarr; <strong>1111</strong><br />(-28 for losing)\n|raw|aderhell666's rating: 1104 &rarr; <strong>1132</strong><br />(+28 for winning)\n|l|\u2606PTSDofficial\n|player|p1|\n",
  "uploadtime": 1776414654,
  "views": 18,
  "formatid": "gen9championsvgc2026regma",
  "rating": 1111,
  "private": 0,
  "password": null
}