{
  "id": "gen9championsvgc2026regma-2582620840",
  "format": "[Gen 9 Champions] VGC 2026 Reg M-A",
  "players": [
    "IDonutSleep",
    "Yahir221"
  ],
  "log": "|j|\u2606IDonutSleep\n|j|\u2606Yahir221\n|t:|1776103128\n|gametype|doubles\n|player|p1|IDonutSleep|veteran|1134\n|player|p2|Yahir221|266|1203\n|gen|9\n|tier|[Gen 9 Champions] VGC 2026 Reg M-A\n|rated|\n|rule|Species Clause: Limit one of each Pok\u00e9mon\n|rule|Item Clause: Limit 1 of each item\n|clearpoke\n|poke|p1|Incineroar, L50, F|\n|poke|p1|Gengar, L50, M|\n|poke|p1|Pelipper, L50, M|\n|poke|p1|Archaludon, L50, F|\n|poke|p1|Basculegion, L50, M|\n|poke|p1|Farigiraf, L50, F|\n|poke|p2|Meowstic, L50, M|\n|poke|p2|Delphox, L50, M|\n|poke|p2|Chesnaught, L50, M|\n|poke|p2|Greninja-*, L50, M|\n|poke|p2|Floette-Eternal, L50, F|\n|poke|p2|Talonflame, L50, M|\n|teampreview|4\n|\n|t:|1776103154\n|teamsize|p1|4\n|teamsize|p2|4\n|start\n|switch|p1a: Gengar|Gengar, L50, M|100/100\n|switch|p1b: Incineroar|Incineroar, L50, F|100/100\n|switch|p2a: Meowstic|Meowstic, L50, M|100/100\n|switch|p2b: Greninja|Greninja, L50, M|100/100\n|-ability|p1b: Incineroar|Intimidate|boost\n|-unboost|p2a: Meowstic|atk|1\n|-unboost|p2b: Greninja|atk|1\n|turn|1\n|\n|t:|1776103209\n|detailschange|p1a: Gengar|Gengar-Mega, L50, M\n|-mega|p1a: Gengar|Gengar|Gengarite\n|move|p2a: Meowstic|Protect|p2a: Meowstic\n|-singleturn|p2a: Meowstic|Protect\n|move|p1b: Incineroar|Fake Out|p2a: Meowstic\n|-activate|p2a: Meowstic|move: Protect\n|move|p1a: Gengar|Perish Song|p1a: Gengar\n|-start|p1a: Gengar|perish3|[silent]\n|-start|p1b: Incineroar|perish3|[silent]\n|-start|p2a: Meowstic|perish3|[silent]\n|-start|p2b: Greninja|perish3|[silent]\n|-fieldactivate|move: Perish Song\n|move|p2b: Greninja|Hydro Pump|p1b: Incineroar\n|-start|p2b: Greninja|typechange|Water|[from] ability: Protean\n|-supereffective|p1b: Incineroar|1\n|-crit|p1b: Incineroar\n|-damage|p1b: Incineroar|0 fnt\n|faint|p1b: Incineroar\n|\n|-start|p1a: Gengar|perish3\n|-start|p2b: Greninja|perish3\n|-start|p2a: Meowstic|perish3\n|upkeep\n|l|\u2606Yahir221\n|player|p2|\n|\n|t:|1776103251\n|switch|p1b: Basculegion|Basculegion, L50, M|100/100\n|turn|2\n|inactive|Battle timer is ON: inactive players will automatically lose when time's up. (requested by IDonutSleep)\n|j|\u2606Yahir221\n|inactive|Yahir221 reconnected and has 65 seconds left.\n|player|p2|Yahir221|266|\n|inactive|Yahir221 has 60 seconds left.\n|\n|t:|1776103326\n|switch|p1a: Farigiraf|Farigiraf, L50, F|100/100\n|move|p2a: Meowstic|Psychic Terrain|p2a: Meowstic\n|-fieldstart|move: Psychic Terrain\n|move|p1b: Basculegion|Flip Turn|p2a: Meowstic\n|-damage|p2a: Meowstic|62/100\n|\n|t:|1776103333\n|switch|p1b: Gengar|Gengar-Mega, L50, M|100/100|[from] Flip Turn\n|move|p2b: Greninja|Dark Pulse|p1b: Gengar\n|-supereffective|p1b: Gengar|1\n|-damage|p1b: Gengar|29/100\n|\n|-start|p2b: Greninja|perish2\n|-start|p2a: Meowstic|perish2\n|upkeep\n|turn|3\n|\n|t:|1776103354\n|move|p1b: Gengar|Protect|p1b: Gengar\n|-singleturn|p1b: Gengar|Protect\n|move|p2a: Meowstic|Gravity|p2a: Meowstic\n|-fieldstart|move: Gravity\n|move|p2b: Greninja|Dark Pulse|p1a: Farigiraf\n|-supereffective|p1a: Farigiraf|1\n|-damage|p1a: Farigiraf|48/100\n|move|p1a: Farigiraf|Light Screen|p1a: Farigiraf\n|-sidestart|p1: IDonutSleep|move: Light Screen\n|\n|-heal|p1a: Farigiraf|54/100|[from] item: Leftovers\n|-start|p2b: Greninja|perish1\n|-start|p2a: Meowstic|perish1\n|upkeep\n|turn|4\n|\n|t:|1776103376\n|move|p1b: Gengar|Protect||[still]\n|-fail|p1b: Gengar\n|move|p2a: Meowstic|Psychic Terrain||[still]\n|-fail|p2a: Meowstic\n|move|p2b: Greninja|Hydro Pump|p1a: Farigiraf\n|-damage|p1a: Farigiraf|8/100\n|move|p1a: Farigiraf|Twin Beam|p2b: Greninja\n|-damage|p2b: Greninja|56/100\n|-crit|p2b: Greninja\n|-damage|p2b: Greninja|0 fnt\n|faint|p2b: Greninja\n|-hitcount|p2: Greninja|2\n|\n|-heal|p1a: Farigiraf|14/100|[from] item: Leftovers\n|-start|p2a: Meowstic|perish0\n|faint|p2a: Meowstic\n|upkeep\n|\n|t:|1776103385\n|switch|p2b: Delphox|Delphox, L50, M|100/100\n|switch|p2a: Chesnaught|Chesnaught, L50, M|100/100\n|turn|5\n|\n|t:|1776103395\n|detailschange|p2b: Delphox|Delphox-Mega, L50, M\n|-mega|p2b: Delphox|Delphox|Delphoxite\n|move|p2b: Delphox|Expanding Force|p1b: Gengar|[spread] p1a,p1b\n|-resisted|p1a: Farigiraf|1\n|-supereffective|p1b: Gengar|1\n|-damage|p1a: Farigiraf|0 fnt\n|-damage|p1b: Gengar|0 fnt\n|faint|p1a: Farigiraf\n|faint|p1b: Gengar\n|move|p2a: Chesnaught|Wood Hammer|p1: Farigiraf|[notarget]\n|-fail|p2a: Chesnaught\n|\n|upkeep\n|l|\u2606IDonutSleep\n|inactive|IDonutSleep disconnected and has a minute to reconnect!\n|player|p1|\n|inactive|IDonutSleep has 30 seconds left.\n|inactive|IDonutSleep has 20 seconds left.\n|inactive|IDonutSleep has 15 seconds left.\n|inactive|IDonutSleep has 10 seconds left.\n|inactive|IDonutSleep has 5 seconds left.\n|-message|IDonutSleep lost due to inactivity.\n|\n|win|Yahir221\n|raw|IDonutSleep's rating: 1104 &rarr; <strong>1086</strong><br />(-18 for losing)\n|raw|Yahir221's rating: 1203 &rarr; <strong>1221</strong><br />(+18 for winning)\n",
  "uploadtime": 1776103473,
  "views": 25,
  "formatid": "gen9championsvgc2026regma",
  "rating": 1086,
  "private": 0,
  "password": null
}