{
  "id": "gen9championsvgc2026regma-2586010789",
  "format": "[Gen 9 Champions] VGC 2026 Reg M-A",
  "players": [
    "zestyzext",
    "koomsburg"
  ],
  "log": "|j|\u2606zestyzext\n|j|\u203dkoomsburg\n|t:|1776390017\n|gametype|doubles\n|player|p1|zestyzext|101|1149\n|player|p2|koomsburg|clerk|1167\n|gen|9\n|tier|[Gen 9 Champions] VGC 2026 Reg M-A\n|rated|\n|rule|Species Clause: Limit one of each Pok\u00e9mon\n|rule|Item Clause: Limit 1 of each item\n|clearpoke\n|poke|p1|Basculegion, L50, M|\n|poke|p1|Garchomp, L50, F|\n|poke|p1|Kingambit, L50, F|\n|poke|p1|Sneasler, L50, M|\n|poke|p1|Clefable, L50, M|\n|poke|p1|Delphox, L50, F|\n|poke|p2|Gengar, L50, M|\n|poke|p2|Incineroar, L50, M|\n|poke|p2|Meowstic, L50, M|\n|poke|p2|Politoed, L50, M|\n|poke|p2|Manectric, L50, M|\n|poke|p2|Kommo-o, L50, F|\n|teampreview|4\n|\n|t:|1776390066\n|teamsize|p1|4\n|teamsize|p2|4\n|start\n|switch|p1a: Kingambit|Kingambit, L50, F|100/100\n|switch|p1b: Sneasler|Sneasler, L50, M|100/100\n|switch|p2a: Gengar|Gengar, L50, M|100/100\n|switch|p2b: Meowstic|Meowstic, L50, M|100/100\n|turn|1\n|\n|t:|1776390085\n|detailschange|p2a: Gengar|Gengar-Mega, L50, M\n|-mega|p2a: Gengar|Gengar|Gengarite\n|move|p2b: Meowstic|Protect|p2b: Meowstic\n|-singleturn|p2b: Meowstic|Protect\n|move|p2a: Gengar|Protect|p2a: Gengar\n|-singleturn|p2a: Gengar|Protect\n|move|p1b: Sneasler|Close Combat|p2b: Meowstic\n|-activate|p2b: Meowstic|move: Protect\n|move|p1a: Kingambit|Kowtow Cleave|p2a: Gengar\n|-activate|p2a: Gengar|move: Protect\n|\n|upkeep\n|turn|2\n|\n|t:|1776390102\n|move|p1b: Sneasler|Protect|p1b: Sneasler\n|-singleturn|p1b: Sneasler|Protect\n|move|p2b: Meowstic|Gravity|p2b: Meowstic\n|-fieldstart|move: Gravity\n|move|p2a: Gengar|Hypnosis|p1a: Kingambit\n|-status|p1a: Kingambit|slp|[from] move: Hypnosis\n|cant|p1a: Kingambit|slp\n|\n|upkeep\n|turn|3\n|\n|t:|1776390125\n|move|p2a: Gengar|Perish Song|p2a: Gengar\n|-start|p1a: Kingambit|perish3|[silent]\n|-start|p1b: Sneasler|perish3|[silent]\n|-start|p2a: Gengar|perish3|[silent]\n|-start|p2b: Meowstic|perish3|[silent]\n|-fieldactivate|move: Perish Song\n|move|p1b: Sneasler|Close Combat|p2b: Meowstic\n|-resisted|p2b: Meowstic|1\n|-damage|p2b: Meowstic|45/100\n|-unboost|p1b: Sneasler|def|1\n|-unboost|p1b: Sneasler|spd|1\n|-enditem|p1b: Sneasler|White Herb\n|-clearnegativeboost|p1b: Sneasler|[silent]\n|move|p2b: Meowstic|Psychic Noise|p1b: Sneasler\n|-supereffective|p1b: Sneasler|2\n|-damage|p1b: Sneasler|0 fnt\n|faint|p1b: Sneasler\n|cant|p1a: Kingambit|slp\n|\n|-start|p2a: Gengar|perish3\n|-start|p2b: Meowstic|perish3\n|-start|p1a: Kingambit|perish3\n|upkeep\n|\n|t:|1776390138\n|switch|p1b: Delphox|Delphox, L50, F|100/100\n|turn|4\n|\n|t:|1776390165\n|switch|p2b: Incineroar|Incineroar, L50, M|100/100\n|-ability|p2b: Incineroar|Intimidate|boost\n|-unboost|p1a: Kingambit|atk|1\n|-ability|p1a: Kingambit|Defiant|boost\n|-boost|p1a: Kingambit|atk|2\n|-unboost|p1b: Delphox|atk|1\n|move|p2a: Gengar|Protect|p2a: Gengar\n|-singleturn|p2a: Gengar|Protect\n|move|p1b: Delphox|Protect|p1b: Delphox\n|-singleturn|p1b: Delphox|Protect\n|-curestatus|p1a: Kingambit|slp|[msg]\n|move|p1a: Kingambit|Sucker Punch||[still]\n|-fail|p1a: Kingambit\n|\n|-start|p2a: Gengar|perish2\n|-start|p1a: Kingambit|perish2\n|upkeep\n|turn|5\n|\n|t:|1776390192\n|detailschange|p1b: Delphox|Delphox-Mega, L50, F\n|-mega|p1b: Delphox|Delphox|Delphoxite\n|move|p1a: Kingambit|Protect|p1a: Kingambit\n|-singleturn|p1a: Kingambit|Protect\n|move|p2b: Incineroar|Fake Out|p1b: Delphox\n|-damage|p1b: Delphox|85/100\n|move|p2a: Gengar|Hypnosis|p1a: Kingambit\n|-activate|p1a: Kingambit|move: Protect\n|cant|p1b: Delphox|flinch\n|\n|-start|p2a: Gengar|perish1\n|-start|p1a: Kingambit|perish1\n|upkeep\n|turn|6\n|\n|t:|1776390218\n|switch|p2a: Politoed|Politoed, L50, M|100/100\n|-weather|RainDance|[from] ability: Drizzle|[of] p2a: Politoed\n|move|p1b: Delphox|Psychic|p2a: Politoed\n|-damage|p2a: Politoed|33/100\n|move|p2b: Incineroar|Parting Shot|p1b: Delphox\n|-unboost|p1b: Delphox|atk|1\n|-unboost|p1b: Delphox|spa|1\n|\n|t:|1776390227\n|switch|p2b: Meowstic|Meowstic, L50, M|45/100|[from] Parting Shot\n|move|p1a: Kingambit|Kowtow Cleave|p2a: Politoed\n|-damage|p2a: Politoed|0 fnt\n|faint|p2a: Politoed\n|\n|-weather|RainDance|[upkeep]\n|-start|p1a: Kingambit|perish0\n|-fieldend|move: Gravity\n|upkeep\n|faint|p1a: Kingambit\n|\n|t:|1776390236\n|switch|p2a: Gengar|Gengar-Mega, L50, M|100/100\n|switch|p1a: Clefable|Clefable, L50, M|100/100\n|turn|7\n|\n|t:|1776390246\n|move|p2b: Meowstic|Fake Out|p1b: Delphox\n|-damage|p1b: Delphox|78/100\n|move|p1a: Clefable|Follow Me|p1a: Clefable\n|-singleturn|p1a: Clefable|move: Follow Me\n|move|p2a: Gengar|Perish Song|p2a: Gengar\n|-start|p1a: Clefable|perish3|[silent]\n|-start|p1b: Delphox|perish3|[silent]\n|-start|p2a: Gengar|perish3|[silent]\n|-start|p2b: Meowstic|perish3|[silent]\n|-fieldactivate|move: Perish Song\n|cant|p1b: Delphox|flinch\n|\n|-weather|RainDance|[upkeep]\n|-start|p2a: Gengar|perish3\n|-start|p1b: Delphox|perish3\n|-start|p2b: Meowstic|perish3\n|-start|p1a: Clefable|perish3\n|upkeep\n|turn|8\n|\n|t:|1776390260\n|switch|p2b: Incineroar|Incineroar, L50, M|100/100\n|-ability|p2b: Incineroar|Intimidate|boost\n|-unboost|p1a: Clefable|atk|1\n|-unboost|p1b: Delphox|atk|1\n|move|p2a: Gengar|Protect|p2a: Gengar\n|-singleturn|p2a: Gengar|Protect\n|move|p1a: Clefable|Follow Me|p1a: Clefable\n|-singleturn|p1a: Clefable|move: Follow Me\n|move|p1b: Delphox|Psychic|p2a: Gengar\n|-activate|p2a: Gengar|move: Protect\n|\n|-weather|RainDance|[upkeep]\n|-start|p2a: Gengar|perish2\n|-start|p1b: Delphox|perish2\n|-start|p1a: Clefable|perish2\n|upkeep\n|turn|9\n|-message|zestyzext forfeited.\n|\n|win|koomsburg\n|raw|zestyzext's rating: 1149 &rarr; <strong>1125</strong><br />(-24 for losing)\n|raw|koomsburg's rating: 1167 &rarr; <strong>1191</strong><br />(+24 for winning)\n|l|\u2606zestyzext\n|player|p1|\n",
  "uploadtime": 1776390282,
  "views": 18,
  "formatid": "gen9championsvgc2026regma",
  "rating": 1125,
  "private": 0,
  "password": null
}