{
  "id": "gen9championsvgc2026regma-2585873342",
  "format": "[Gen 9 Champions] VGC 2026 Reg M-A",
  "players": [
    "sanfernandobs",
    "shadowluffy2002"
  ],
  "log": "|j|\u2606sanfernandobs\n|j|\u2606shadowluffy2002\n|t:|1776377340\n|gametype|doubles\n|player|p1|sanfernandobs|170|1431\n|player|p2|shadowluffy2002|170|1431\n|gen|9\n|tier|[Gen 9 Champions] VGC 2026 Reg M-A\n|rated|\n|rule|Species Clause: Limit one of each Pok\u00e9mon\n|rule|Item Clause: Limit 1 of each item\n|clearpoke\n|poke|p1|Scovillain, L50, M|\n|poke|p1|Kingambit, L50, F|\n|poke|p1|Incineroar, L50, F|\n|poke|p1|Farigiraf, L50, F|\n|poke|p1|Pelipper, L50, F|\n|poke|p1|Gallade, L50, M|\n|poke|p2|Basculegion, L50, M|\n|poke|p2|Archaludon, L50, M|\n|poke|p2|Pelipper, L50, M|\n|poke|p2|Farigiraf, L50, F|\n|poke|p2|Sneasler, L50, F|\n|poke|p2|Delphox, L50, F|\n|teampreview|4\n|j| sdfvbgfa\n|\n|t:|1776377402\n|teamsize|p1|4\n|teamsize|p2|4\n|start\n|switch|p1a: Scovillain|Scovillain, L50, M|100/100\n|switch|p1b: Gallade|Gallade, L50, M|100/100\n|switch|p2a: Farigiraf|Farigiraf, L50, F|100/100\n|switch|p2b: Delphox|Delphox, L50, F|100/100\n|turn|1\n|inactive|Battle timer is ON: inactive players will automatically lose when time's up. (requested by shadowluffy2002)\n|\n|t:|1776377431\n|switch|p1a: Incineroar|Incineroar, L50, F|100/100\n|-ability|p1a: Incineroar|Intimidate|boost\n|-unboost|p2a: Farigiraf|atk|1\n|-unboost|p2b: Delphox|atk|1\n|detailschange|p2b: Delphox|Delphox-Mega, L50, F\n|-mega|p2b: Delphox|Delphox|Delphoxite\n|move|p1b: Gallade|Protect|p1b: Gallade\n|-singleturn|p1b: Gallade|Protect\n|move|p2b: Delphox|Calm Mind|p2b: Delphox\n|-boost|p2b: Delphox|spa|1\n|-boost|p2b: Delphox|spd|1\n|move|p2a: Farigiraf|Imprison|p2a: Farigiraf\n|-start|p2a: Farigiraf|move: Imprison\n|\n|upkeep\n|turn|2\n|inactive|shadowluffy2002 has 30 seconds left.\n|inactive|shadowluffy2002 has 20 seconds left.\n|\n|t:|1776377470\n|switch|p2a: Pelipper|Pelipper, L50, M|100/100\n|-weather|RainDance|[from] ability: Drizzle|[of] p2a: Pelipper\n|switch|p1b: Scovillain|Scovillain, L50, M|100/100\n|move|p2b: Delphox|Protect|p2b: Delphox\n|-singleturn|p2b: Delphox|Protect\n|move|p1a: Incineroar|Darkest Lariat|p2b: Delphox\n|-activate|p2b: Delphox|move: Protect\n|\n|-weather|RainDance|[upkeep]\n|upkeep\n|turn|3\n|\n|t:|1776377491\n|switch|p2b: Archaludon|Archaludon, L50, M|100/100\n|detailschange|p1b: Scovillain|Scovillain-Mega, L50, M\n|-mega|p1b: Scovillain|Scovillain|Scovillainite\n|move|p1b: Scovillain|Rage Powder|p1b: Scovillain\n|-singleturn|p1b: Scovillain|move: Rage Powder\n|move|p2a: Pelipper|Hurricane|p1b: Scovillain\n|-supereffective|p1b: Scovillain|1\n|-damage|p1b: Scovillain|5/100\n|-start|p1b: Scovillain|confusion\n|-status|p2a: Pelipper|brn|[from] ability: Spicy Spray|[of] p1b: Scovillain\n|move|p1a: Incineroar|Darkest Lariat|p2b: Archaludon\n|-damage|p2b: Archaludon|65/100\n|-ability|p2b: Archaludon|Stamina|boost\n|-boost|p2b: Archaludon|def|1\n|\n|-weather|RainDance|[upkeep]\n|-damage|p2a: Pelipper|95/100 brn|[from] brn\n|upkeep\n|turn|4\n|\n|t:|1776377516\n|switch|p1a: Kingambit|Kingambit, L50, F|100/100\n|-activate|p1b: Scovillain|confusion\n|move|p1b: Scovillain|Protect|p1b: Scovillain\n|-singleturn|p1b: Scovillain|Protect\n|move|p2b: Archaludon|Electro Shot||[still]\n|-prepare|p2b: Archaludon|Electro Shot\n|-boost|p2b: Archaludon|spa|1\n|-anim|p2b: Archaludon|Electro Shot|p1b: Scovillain\n|-activate|p1b: Scovillain|move: Protect\n|move|p2a: Pelipper|Weather Ball|p1a: Kingambit\n|-damage|p1a: Kingambit|42/100\n|\n|-weather|RainDance|[upkeep]\n|-damage|p2a: Pelipper|89/100 brn|[from] brn\n|upkeep\n|turn|5\n|l| sdfvbgfa\n|inactive|shadowluffy2002 has 30 seconds left.\n|\n|t:|1776377542\n|switch|p1b: Gallade|Gallade, L50, M|100/100\n|move|p1a: Kingambit|Sucker Punch|p2a: Pelipper\n|-damage|p2a: Pelipper|28/100 brn\n|move|p2b: Archaludon|Electro Shot||[still]\n|-prepare|p2b: Archaludon|Electro Shot\n|-boost|p2b: Archaludon|spa|1\n|-anim|p2b: Archaludon|Electro Shot|p1b: Gallade\n|-damage|p1b: Gallade|25/100\n|move|p2a: Pelipper|Weather Ball|p1a: Kingambit\n|-damage|p1a: Kingambit|0 fnt\n|faint|p1a: Kingambit\n|\n|-weather|RainDance|[upkeep]\n|-damage|p2a: Pelipper|22/100 brn|[from] brn\n|upkeep\n|\n|t:|1776377556\n|switch|p1a: Scovillain|Scovillain-Mega, L50, M|5/100\n|turn|6\n|\n|t:|1776377572\n|move|p1b: Gallade|Protect|p1b: Gallade\n|-singleturn|p1b: Gallade|Protect\n|move|p1a: Scovillain|Protect|p1a: Scovillain\n|-singleturn|p1a: Scovillain|Protect\n|move|p2b: Archaludon|Electro Shot||[still]\n|-prepare|p2b: Archaludon|Electro Shot\n|-boost|p2b: Archaludon|spa|1\n|-anim|p2b: Archaludon|Electro Shot|p1b: Gallade\n|-activate|p1b: Gallade|move: Protect\n|move|p2a: Pelipper|Hurricane|p1a: Scovillain\n|-activate|p1a: Scovillain|move: Protect\n|\n|-weather|none\n|-damage|p2a: Pelipper|16/100 brn|[from] brn\n|upkeep\n|turn|7\n|\n|t:|1776377586\n|move|p1a: Scovillain|Rage Powder|p1a: Scovillain\n|-singleturn|p1a: Scovillain|move: Rage Powder\n|move|p2b: Archaludon|Flash Cannon|p1a: Scovillain\n|-resisted|p1a: Scovillain|1\n|-damage|p1a: Scovillain|0 fnt\n|-status|p2b: Archaludon|brn|[from] ability: Spicy Spray|[of] p1a: Scovillain\n|faint|p1a: Scovillain\n|move|p2a: Pelipper|Weather Ball|p1b: Gallade\n|-damage|p1b: Gallade|12/100\n|move|p1b: Gallade|Trick Room|p1b: Gallade\n|-fieldstart|move: Trick Room|[of] p1b: Gallade\n|\n|-damage|p2a: Pelipper|10/100 brn|[from] brn\n|-damage|p2b: Archaludon|59/100 brn|[from] brn\n|upkeep\n|\n|t:|1776377596\n|switch|p1a: Incineroar|Incineroar, L50, F|100/100\n|-ability|p1a: Incineroar|Intimidate|boost\n|-unboost|p2a: Pelipper|atk|1\n|-unboost|p2b: Archaludon|atk|1\n|turn|8\n|\n|t:|1776377604\n|switch|p2a: Farigiraf|Farigiraf, L50, F|100/100\n|move|p1a: Incineroar|Darkest Lariat|p2a: Farigiraf\n|-supereffective|p2a: Farigiraf|1\n|-damage|p2a: Farigiraf|11/100\n|-enditem|p2a: Farigiraf|Sitrus Berry|[eat]\n|-heal|p2a: Farigiraf|36/100|[from] item: Sitrus Berry\n|move|p1b: Gallade|Sacred Sword|p2b: Archaludon\n|-supereffective|p2b: Archaludon|1\n|-enditem|p2b: Archaludon|Chople Berry|[eat]\n|-enditem|p2b: Archaludon|Chople Berry|[weaken]\n|-damage|p2b: Archaludon|0 fnt\n|faint|p2b: Archaludon\n|\n|upkeep\n|inactive|shadowluffy2002 has 30 seconds left.\n|inactive|shadowluffy2002 has 20 seconds left.\n|\n|t:|1776377641\n|switch|p2b: Delphox|Delphox-Mega, L50, F|100/100\n|turn|9\n|\n|t:|1776377653\n|move|p1a: Incineroar|Darkest Lariat|p2b: Delphox\n|-supereffective|p2b: Delphox|1\n|-damage|p2b: Delphox|0 fnt\n|faint|p2b: Delphox\n|move|p1b: Gallade|Sacred Sword|p2a: Farigiraf\n|-damage|p2a: Farigiraf|0 fnt\n|faint|p2a: Farigiraf\n|\n|upkeep\n|-message|shadowluffy2002 forfeited.\n|\n|win|sanfernandobs\n|raw|sanfernandobs's rating: 1431 &rarr; <strong>1451</strong><br />(+20 for winning)\n|raw|shadowluffy2002's rating: 1431 &rarr; <strong>1411</strong><br />(-20 for losing)\n|l|\u2606shadowluffy2002\n|player|p2|\n",
  "uploadtime": 1776377670,
  "views": 31,
  "formatid": "gen9championsvgc2026regma",
  "rating": 1411,
  "private": 0,
  "password": null
}