{
  "id": "gen9championsvgc2026regma-2588887199",
  "format": "[Gen 9 Champions] VGC 2026 Reg M-A",
  "players": [
    "dankermussel559",
    "LEOOOOO_L"
  ],
  "log": "|j|\u2606dankermussel559\n|j|\u2606LEOOOOO_L\n|t:|1776682552\n|gametype|doubles\n|player|p1|dankermussel559|2|1131\n|player|p2|LEOOOOO_L|aaron|1160\n|gen|9\n|tier|[Gen 9 Champions] VGC 2026 Reg M-A\n|rated|\n|rule|Species Clause: Limit one of each Pok\u00e9mon\n|rule|Item Clause: Limit 1 of each item\n|clearpoke\n|poke|p1|Goodra-Hisui, L50, M|\n|poke|p1|Victreebel, L50, M|\n|poke|p1|Mimikyu, L50, F|\n|poke|p1|Incineroar, L50, F|\n|poke|p1|Pelipper, L50, M|\n|poke|p1|Basculegion, L50, M|\n|poke|p2|Kangaskhan, L50, F|\n|poke|p2|Incineroar, L50, M|\n|poke|p2|Meganium, L50, M|\n|poke|p2|Garchomp, L50, F|\n|poke|p2|Pelipper, L50, M|\n|poke|p2|Kingambit, L50, M|\n|teampreview|4\n|inactive|Battle timer is ON: inactive players will automatically lose when time's up. (requested by dankermussel559)\n|\n|t:|1776682598\n|teamsize|p1|4\n|teamsize|p2|4\n|start\n|switch|p1a: Mimikyu|Mimikyu, L50, F|100/100\n|switch|p1b: Incineroar|Incineroar, L50, F|100/100\n|switch|p2a: Meganium|Meganium, L50, M|100/100\n|switch|p2b: Kingambit|Kingambit, L50, M|100/100\n|-ability|p1b: Incineroar|Intimidate|boost\n|-unboost|p2a: Meganium|atk|1\n|-unboost|p2b: Kingambit|atk|1\n|-ability|p2b: Kingambit|Defiant|boost\n|-boost|p2b: Kingambit|atk|2\n|turn|1\n|inactive|dankermussel559 has 30 seconds left.\n|\n|t:|1776682628\n|detailschange|p2a: Meganium|Meganium-Mega, L50, M\n|-mega|p2a: Meganium|Meganium|Meganiumite\n|move|p1b: Incineroar|Fake Out|p2b: Kingambit\n|-resisted|p2b: Kingambit|1\n|-damage|p2b: Kingambit|95/100\n|move|p2a: Meganium|Dazzling Gleam|p1a: Mimikyu|[spread] p1a,p1b\n|-activate|p1a: Mimikyu|ability: Disguise\n|-damage|p1a: Mimikyu|100/100\n|-damage|p1b: Incineroar|67/100\n|detailschange|p1a: Mimikyu|Mimikyu-Busted, L50, F\n|-damage|p1a: Mimikyu|88/100|[from] pokemon: Mimikyu-Busted\n|move|p1a: Mimikyu|Will-O-Wisp|p2b: Kingambit\n|-status|p2b: Kingambit|brn\n|cant|p2b: Kingambit|flinch\n|\n|-damage|p2b: Kingambit|89/100 brn|[from] brn\n|upkeep\n|turn|2\n|inactive|dankermussel559 has 30 seconds left.\n|inactive|LEOOOOO_L has 30 seconds left.\n|inactive|dankermussel559 has 20 seconds left.\n|\n|t:|1776682663\n|switch|p1a: Victreebel|Victreebel, L50, M|100/100\n|move|p2b: Kingambit|Protect|p2b: Kingambit\n|-singleturn|p2b: Kingambit|Protect\n|move|p2a: Meganium|Dazzling Gleam|p1a: Victreebel|[spread] p1a,p1b\n|-resisted|p1a: Victreebel|1\n|-damage|p1a: Victreebel|82/100\n|-damage|p1b: Incineroar|33/100\n|-enditem|p1b: Incineroar|Sitrus Berry|[eat]\n|-heal|p1b: Incineroar|57/100|[from] item: Sitrus Berry\n|move|p1b: Incineroar|Flare Blitz|p2a: Meganium\n|-supereffective|p2a: Meganium|1\n|-damage|p2a: Meganium|0 fnt\n|faint|p2a: Meganium\n|-damage|p1b: Incineroar|29/100|[from] Recoil\n|\n|-damage|p2b: Kingambit|83/100 brn|[from] brn\n|upkeep\n|\n|t:|1776682685\n|switch|p2a: Garchomp|Garchomp, L50, F|100/100\n|turn|3\n|\n|t:|1776682699\n|detailschange|p1a: Victreebel|Victreebel-Mega, L50, M\n|-mega|p1a: Victreebel|Victreebel|Victreebelite\n|move|p1b: Incineroar|Protect|p1b: Incineroar\n|-singleturn|p1b: Incineroar|Protect\n|move|p2b: Kingambit|Sucker Punch|p1a: Victreebel\n|-damage|p1a: Victreebel|52/100\n|move|p2a: Garchomp|Rock Slide|p1b: Incineroar|[spread] p1a\n|-activate|p1b: Incineroar|move: Protect\n|-damage|p1a: Victreebel|33/100\n|move|p1a: Victreebel|Giga Drain|p2a: Garchomp\n|-crit|p2a: Garchomp\n|-damage|p2a: Garchomp|52/100\n|-heal|p1a: Victreebel|59/100|[from] drain|[of] p2a: Garchomp\n|\n|-damage|p2b: Kingambit|78/100 brn|[from] brn\n|upkeep\n|turn|4\n|inactive|dankermussel559 has 30 seconds left.\n|\n|t:|1776682728\n|switch|p1b: Goodra|Goodra-Hisui, L50, M|100/100\n|move|p2a: Garchomp|Rock Slide|p1b: Goodra|[spread] p1a,p1b\n|-resisted|p1b: Goodra|1\n|-damage|p1a: Victreebel|38/100\n|-damage|p1b: Goodra|91/100\n|move|p1a: Victreebel|Strength Sap|p2b: Kingambit\n|-unboost|p2b: Kingambit|atk|1\n|-ability|p2b: Kingambit|Defiant|boost\n|-boost|p2b: Kingambit|atk|2\n|-heal|p1a: Victreebel|100/100\n|move|p2b: Kingambit|Iron Head|p1a: Victreebel\n|-damage|p1a: Victreebel|60/100\n|\n|-heal|p1b: Goodra|97/100|[from] item: Leftovers\n|-damage|p2b: Kingambit|72/100 brn|[from] brn\n|upkeep\n|turn|5\n|inactive|dankermussel559 has 30 seconds left.\n|\n|t:|1776682754\n|switch|p2a: Kangaskhan|Kangaskhan, L50, F|100/100\n|move|p1b: Goodra|Protect|p1b: Goodra\n|-singleturn|p1b: Goodra|Protect\n|move|p1a: Victreebel|Giga Drain|p2a: Kangaskhan\n|-damage|p2a: Kangaskhan|62/100\n|-heal|p1a: Victreebel|79/100|[from] drain|[of] p2a: Kangaskhan\n|move|p2b: Kingambit|Kowtow Cleave|p1b: Goodra\n|-activate|p1b: Goodra|move: Protect\n|\n|-heal|p1b: Goodra|100/100|[from] item: Leftovers\n|-damage|p2b: Kingambit|66/100 brn|[from] brn\n|upkeep\n|turn|6\n|\n|t:|1776682780\n|move|p2a: Kangaskhan|Drain Punch|p1b: Goodra\n|-supereffective|p1b: Goodra|1\n|-damage|p1b: Goodra|60/100\n|-heal|p2a: Kangaskhan|83/100|[from] drain|[of] p1b: Goodra\n|-ability|p1b: Goodra|Gooey\n|-unboost|p2a: Kangaskhan|spe|1\n|move|p1a: Victreebel|Giga Drain|p2a: Kangaskhan\n|-damage|p2a: Kangaskhan|43/100\n|-heal|p1a: Victreebel|98/100|[from] drain|[of] p2a: Kangaskhan\n|move|p1b: Goodra|Dragon Pulse|p2a: Kangaskhan\n|-damage|p2a: Kangaskhan|0 fnt\n|faint|p2a: Kangaskhan\n|move|p2b: Kingambit|Kowtow Cleave|p1b: Goodra\n|-damage|p1b: Goodra|13/100\n|-ability|p1b: Goodra|Gooey\n|-unboost|p2b: Kingambit|spe|1\n|-ability|p2b: Kingambit|Defiant|boost\n|-boost|p2b: Kingambit|atk|2\n|\n|-heal|p1b: Goodra|19/100|[from] item: Leftovers\n|-damage|p2b: Kingambit|60/100 brn|[from] brn\n|upkeep\n|\n|t:|1776682795\n|switch|p2a: Garchomp|Garchomp, L50, F|52/100\n|turn|7\n|\n|t:|1776682813\n|move|p1b: Goodra|Protect|p1b: Goodra\n|-singleturn|p1b: Goodra|Protect\n|move|p2a: Garchomp|Dragon Claw|p1a: Victreebel\n|-damage|p1a: Victreebel|53/100\n|move|p1a: Victreebel|Giga Drain|p2a: Garchomp\n|-damage|p2a: Garchomp|17/100\n|-heal|p1a: Victreebel|72/100|[from] drain|[of] p2a: Garchomp\n|move|p2b: Kingambit|Kowtow Cleave|p1a: Victreebel\n|-damage|p1a: Victreebel|3/100\n|\n|-heal|p1b: Goodra|25/100|[from] item: Leftovers\n|-damage|p2b: Kingambit|54/100 brn|[from] brn\n|upkeep\n|turn|8\n|\n|t:|1776682836\n|move|p1a: Victreebel|Protect|p1a: Victreebel\n|-singleturn|p1a: Victreebel|Protect\n|move|p2b: Kingambit|Sucker Punch|p1b: Goodra\n|-damage|p1b: Goodra|0 fnt\n|-ability|p1b: Goodra|Gooey\n|-unboost|p2b: Kingambit|spe|1\n|-ability|p2b: Kingambit|Defiant|boost\n|-boost|p2b: Kingambit|atk|2\n|faint|p1b: Goodra\n|move|p2a: Garchomp|Dragon Claw|p1a: Victreebel\n|-activate|p1a: Victreebel|move: Protect\n|\n|-damage|p2b: Kingambit|48/100 brn|[from] brn\n|upkeep\n|\n|t:|1776682854\n|switch|p1b: Incineroar|Incineroar, L50, F|29/100\n|-ability|p1b: Incineroar|Intimidate|boost\n|-unboost|p2a: Garchomp|atk|1\n|-unboost|p2b: Kingambit|atk|1\n|-ability|p2b: Kingambit|Defiant|boost\n|-boost|p2b: Kingambit|atk|1\n|turn|9\n|\n|t:|1776682868\n|move|p2b: Kingambit|Protect|p2b: Kingambit\n|-singleturn|p2b: Kingambit|Protect\n|move|p1b: Incineroar|Fake Out|p2a: Garchomp\n|-damage|p2a: Garchomp|5/100\n|cant|p2a: Garchomp|flinch\n|move|p1a: Victreebel|Strength Sap|p2a: Garchomp\n|-unboost|p2a: Garchomp|atk|1\n|-heal|p1a: Victreebel|74/100\n|\n|-damage|p2b: Kingambit|43/100 brn|[from] brn\n|upkeep\n|turn|10\n|inactive|dankermussel559 has 30 seconds left.\n|\n|t:|1776682898\n|move|p2a: Garchomp|Dragon Claw|p1a: Victreebel\n|-damage|p1a: Victreebel|52/100\n|move|p1a: Victreebel|Strength Sap|p2a: Garchomp\n|-unboost|p2a: Garchomp|atk|1\n|-heal|p1a: Victreebel|100/100\n|move|p1b: Incineroar|Flare Blitz|p2b: Kingambit\n|-supereffective|p2b: Kingambit|1\n|-damage|p2b: Kingambit|0 fnt\n|faint|p2b: Kingambit\n|-damage|p1b: Incineroar|15/100|[from] Recoil\n|\n|upkeep\n|turn|11\n|inactive|LEOOOOO_L has 30 seconds left.\n|-message|LEOOOOO_L forfeited.\n|\n|win|dankermussel559\n|raw|dankermussel559's rating: 1131 &rarr; <strong>1158</strong><br />(+27 for winning)\n|raw|LEOOOOO_L's rating: 1160 &rarr; <strong>1133</strong><br />(-27 for losing)\n|l|\u2606LEOOOOO_L\n|player|p2|\n",
  "uploadtime": 1776682932,
  "views": 11,
  "formatid": "gen9championsvgc2026regma",
  "rating": 1133,
  "private": 0,
  "password": null
}