{
  "id": "gen9championsvgc2026regma-2582733001",
  "format": "[Gen 9 Champions] VGC 2026 Reg M-A",
  "players": [
    "neonderak",
    "Arcato"
  ],
  "log": "|j|\u2606neonderak\n|j|\u2606Arcato\n|t:|1776110326\n|gametype|doubles\n|player|p1|neonderak|265|1295\n|player|p2|Arcato|101|1232\n|gen|9\n|tier|[Gen 9 Champions] VGC 2026 Reg M-A\n|rated|\n|rule|Species Clause: Limit one of each Pok\u00e9mon\n|rule|Item Clause: Limit 1 of each item\n|clearpoke\n|poke|p1|Dragonite, L50, F|\n|poke|p1|Sableye, L50, F|\n|poke|p1|Pelipper, L50, F|\n|poke|p1|Sneasler, L50, F|\n|poke|p1|Archaludon, L50, M|\n|poke|p1|Meganium, L50, F|\n|poke|p2|Kleavor, L50, F|\n|poke|p2|Sneasler, L50, F|\n|poke|p2|Tyranitar, L50, M|\n|poke|p2|Sinistcha, L50|\n|poke|p2|Talonflame, L50, F|\n|poke|p2|Rotom-Wash, L50|\n|teampreview|4\n|c|\u2606Arcato|glhf\n|inactive|Battle timer is ON: inactive players will automatically lose when time's up. (requested by neonderak)\n|\n|t:|1776110362\n|teamsize|p1|4\n|teamsize|p2|4\n|start\n|switch|p1a: Sneasler|Sneasler, L50, F|100/100\n|switch|p1b: Sableye|Sableye, L50, F|100/100\n|switch|p2a: Kleavor|Kleavor, L50, F|100/100\n|switch|p2b: Sneasler|Sneasler, L50, F|100/100\n|turn|1\n|c|\u2606neonderak|glhf\n|\n|t:|1776110378\n|move|p1a: Sneasler|Fake Out|p2b: Sneasler\n|-damage|p2b: Sneasler|78/100\n|cant|p2b: Sneasler|flinch\n|move|p1b: Sableye|Thunder Wave|p2a: Kleavor\n|-status|p2a: Kleavor|par\n|cant|p2a: Kleavor|par\n|\n|upkeep\n|turn|2\n|\n|t:|1776110395\n|move|p2b: Sneasler|Protect|p2b: Sneasler\n|-singleturn|p2b: Sneasler|Protect\n|move|p1b: Sableye|Thunder Wave|p2b: Sneasler\n|-activate|p2b: Sneasler|move: Protect\n|move|p1a: Sneasler|Close Combat|p2a: Kleavor\n|-damage|p2a: Kleavor|18/100 par\n|-unboost|p1a: Sneasler|def|1\n|-unboost|p1a: Sneasler|spd|1\n|cant|p2a: Kleavor|par\n|\n|upkeep\n|turn|3\n|\n|t:|1776110412\n|switch|p2b: Tyranitar|Tyranitar, L50, M|100/100\n|-weather|Sandstorm|[from] ability: Sand Stream|[of] p2b: Tyranitar\n|switch|p2a: Sinistcha|Sinistcha, L50|100/100\n|move|p1b: Sableye|Encore|p2b: Tyranitar\n|-hint|Since gen 7, Dark is immune to Prankster moves.\n|-immune|p2b: Tyranitar\n|move|p1a: Sneasler|Close Combat|p2a: Sinistcha\n|-immune|p2a: Sinistcha\n|\n|-weather|Sandstorm|[upkeep]\n|-damage|p1a: Sneasler|95/100|[from] Sandstorm\n|-damage|p2a: Sinistcha|94/100|[from] Sandstorm\n|-damage|p1b: Sableye|95/100|[from] Sandstorm\n|-heal|p2a: Sinistcha|100/100|[from] item: Leftovers\n|upkeep\n|turn|4\n|\n|t:|1776110436\n|move|p2b: Tyranitar|Protect|p2b: Tyranitar\n|-singleturn|p2b: Tyranitar|Protect\n|move|p1a: Sneasler|Dire Claw|p2a: Sinistcha\n|-damage|p2a: Sinistcha|70/100\n|-status|p2a: Sinistcha|psn\n|move|p2a: Sinistcha|Matcha Gotcha|p1a: Sneasler|[spread] p1a,p1b\n|-resisted|p1a: Sneasler|1\n|-damage|p1a: Sneasler|70/100\n|-heal|p2a: Sinistcha|81/100 psn|[from] drain|[of] p1a: Sneasler\n|-damage|p1b: Sableye|62/100\n|-heal|p2a: Sinistcha|95/100 psn|[from] drain|[of] p1b: Sableye\n|-status|p1a: Sneasler|brn\n|move|p1b: Sableye|Knock Off|p2a: Sinistcha\n|-supereffective|p2a: Sinistcha|1\n|-damage|p2a: Sinistcha|55/100 psn\n|-enditem|p2a: Sinistcha|Leftovers|[from] move: Knock Off|[of] p1b: Sableye\n|\n|-weather|Sandstorm|[upkeep]\n|-damage|p1a: Sneasler|64/100 brn|[from] Sandstorm\n|-damage|p2a: Sinistcha|49/100 psn|[from] Sandstorm\n|-damage|p1b: Sableye|57/100|[from] Sandstorm\n|-damage|p2a: Sinistcha|36/100 psn|[from] psn\n|-damage|p1a: Sneasler|58/100 brn|[from] brn\n|upkeep\n|turn|5\n|inactive|neonderak has 30 seconds left.\n|inactive|Arcato has 30 seconds left.\n|\n|t:|1776110467\n|switch|p1a: Pelipper|Pelipper, L50, F|100/100\n|-weather|RainDance|[from] ability: Drizzle|[of] p1a: Pelipper\n|switch|p2b: Sneasler|Sneasler, L50, F|78/100\n|move|p1b: Sableye|Encore||[still]\n|-fail|p1b: Sableye\n|move|p2a: Sinistcha|Strength Sap|p1b: Sableye\n|-unboost|p1b: Sableye|atk|1\n|-heal|p2a: Sinistcha|90/100 psn\n|\n|-weather|RainDance|[upkeep]\n|-damage|p2a: Sinistcha|77/100 psn|[from] psn\n|upkeep\n|turn|6\n|inactive|Arcato has 30 seconds left.\n|\n|t:|1776110495\n|switch|p2b: Tyranitar|Tyranitar, L50, M|100/100\n|-weather|Sandstorm|[from] ability: Sand Stream|[of] p2b: Tyranitar\n|switch|p1b: Sneasler|Sneasler, L50, F|58/100 brn\n|move|p2a: Sinistcha|Rage Powder|p2a: Sinistcha\n|-singleturn|p2a: Sinistcha|move: Rage Powder\n|move|p1a: Pelipper|Hurricane|p2a: Sinistcha\n|-supereffective|p2a: Sinistcha|1\n|-damage|p2a: Sinistcha|0 fnt\n|faint|p2a: Sinistcha\n|\n|-weather|Sandstorm|[upkeep]\n|-damage|p1b: Sneasler|53/100 brn|[from] Sandstorm\n|-damage|p1a: Pelipper|95/100|[from] Sandstorm\n|-damage|p1b: Sneasler|47/100 brn|[from] brn\n|upkeep\n|\n|t:|1776110507\n|switch|p2a: Sneasler|Sneasler, L50, F|78/100\n|turn|7\n|\n|t:|1776110522\n|move|p1b: Sneasler|Fake Out|p2a: Sneasler\n|-damage|p2a: Sneasler|65/100\n|cant|p2a: Sneasler|flinch\n|move|p1a: Pelipper|Tailwind|p1a: Pelipper\n|-sidestart|p1: neonderak|move: Tailwind\n|move|p2b: Tyranitar|Dragon Dance|p2b: Tyranitar\n|-boost|p2b: Tyranitar|atk|1\n|-boost|p2b: Tyranitar|spe|1\n|\n|-weather|Sandstorm|[upkeep]\n|-damage|p1b: Sneasler|41/100 brn|[from] Sandstorm\n|-damage|p1a: Pelipper|89/100|[from] Sandstorm\n|-damage|p2a: Sneasler|60/100|[from] Sandstorm\n|-damage|p1b: Sneasler|36/100 brn|[from] brn\n|upkeep\n|turn|8\n|\n|t:|1776110538\n|switch|p1a: Sableye|Sableye, L50, F|57/100\n|detailschange|p2b: Tyranitar|Tyranitar-Mega, L50, M\n|-mega|p2b: Tyranitar|Tyranitar|Tyranitarite\n|move|p1b: Sneasler|Protect|p1b: Sneasler\n|-singleturn|p1b: Sneasler|Protect\n|move|p2b: Tyranitar|Rock Slide|p1a: Sableye|[spread] p1a\n|-activate|p1b: Sneasler|move: Protect\n|-damage|p1a: Sableye|0 fnt\n|faint|p1a: Sableye\n|move|p2a: Sneasler|Close Combat|p1b: Sneasler\n|-activate|p1b: Sneasler|move: Protect\n|\n|-weather|Sandstorm|[upkeep]\n|-damage|p1b: Sneasler|30/100 brn|[from] Sandstorm\n|-damage|p2a: Sneasler|54/100|[from] Sandstorm\n|-damage|p1b: Sneasler|24/100 brn|[from] brn\n|upkeep\n|\n|t:|1776110554\n|switch|p1a: Pelipper|Pelipper, L50, F|89/100\n|-weather|RainDance|[from] ability: Drizzle|[of] p1a: Pelipper\n|turn|9\n|\n|t:|1776110561\n|switch|p2a: Kleavor|Kleavor, L50, F|18/100 par\n|move|p2b: Tyranitar|Protect|p2b: Tyranitar\n|-singleturn|p2b: Tyranitar|Protect\n|move|p1b: Sneasler|Close Combat|p2b: Tyranitar\n|-activate|p2b: Tyranitar|move: Protect\n|move|p1a: Pelipper|Hurricane|p2a: Kleavor\n|-damage|p2a: Kleavor|0 fnt\n|faint|p2a: Kleavor\n|\n|-weather|RainDance|[upkeep]\n|-damage|p1b: Sneasler|18/100 brn|[from] brn\n|upkeep\n|\n|t:|1776110563\n|switch|p2a: Sneasler|Sneasler, L50, F|54/100\n|turn|10\n|\n|t:|1776110590\n|move|p2a: Sneasler|Fake Out|p1a: Pelipper\n|-damage|p1a: Pelipper|70/100\n|move|p1b: Sneasler|Close Combat|p2b: Tyranitar\n|-supereffective|p2b: Tyranitar|2\n|-damage|p2b: Tyranitar|8/100\n|-unboost|p1b: Sneasler|def|1\n|-unboost|p1b: Sneasler|spd|1\n|cant|p1a: Pelipper|flinch\n|move|p2b: Tyranitar|Dragon Dance|p2b: Tyranitar\n|-boost|p2b: Tyranitar|atk|1\n|-boost|p2b: Tyranitar|spe|1\n|\n|-weather|RainDance|[upkeep]\n|-damage|p1b: Sneasler|13/100 brn|[from] brn\n|-sideend|p1: neonderak|move: Tailwind\n|upkeep\n|turn|11\n|\n|t:|1776110610\n|move|p1a: Pelipper|Wide Guard|p1a: Pelipper\n|-singleturn|p1a: Pelipper|Wide Guard\n|move|p2b: Tyranitar|Rock Slide|p1b: Sneasler|[spread] \n|-activate|p1a: Pelipper|move: Wide Guard\n|-activate|p1b: Sneasler|move: Wide Guard\n|move|p1b: Sneasler|Close Combat|p2b: Tyranitar\n|-supereffective|p2b: Tyranitar|2\n|-damage|p2b: Tyranitar|0 fnt\n|-unboost|p1b: Sneasler|def|1\n|-unboost|p1b: Sneasler|spd|1\n|faint|p2b: Tyranitar\n|move|p2a: Sneasler|Dire Claw|p1a: Pelipper\n|-damage|p1a: Pelipper|11/100\n|\n|-weather|RainDance|[upkeep]\n|-damage|p1b: Sneasler|7/100 brn|[from] brn\n|upkeep\n|turn|12\n|\n|t:|1776110630\n|move|p1b: Sneasler|Close Combat|p2a: Sneasler\n|-resisted|p2a: Sneasler|1\n|-damage|p2a: Sneasler|25/100\n|-unboost|p1b: Sneasler|def|1\n|-unboost|p1b: Sneasler|spd|1\n|move|p2a: Sneasler|Dire Claw|p1a: Pelipper\n|-damage|p1a: Pelipper|0 fnt\n|faint|p1a: Pelipper\n|\n|-weather|RainDance|[upkeep]\n|-damage|p1b: Sneasler|1/100 brn|[from] brn\n|upkeep\n|\n|t:|1776110640\n|switch|p1a: Meganium|Meganium, L50, F|100/100\n|turn|13\n|\n|t:|1776110650\n|move|p2a: Sneasler|Protect|p2a: Sneasler\n|-singleturn|p2a: Sneasler|Protect\n|move|p1b: Sneasler|Dire Claw|p2a: Sneasler\n|-activate|p2a: Sneasler|move: Protect\n|move|p1a: Meganium|Dazzling Gleam|p2a: Sneasler\n|-activate|p2a: Sneasler|move: Protect\n|\n|-weather|none\n|-damage|p1b: Sneasler|0 fnt|[from] brn\n|faint|p1b: Sneasler\n|upkeep\n|turn|14\n|\n|t:|1776110661\n|move|p2a: Sneasler|Dire Claw|p1a: Meganium\n|-supereffective|p1a: Meganium|1\n|-damage|p1a: Meganium|11/100\n|move|p1a: Meganium|Dazzling Gleam|p2a: Sneasler\n|-damage|p2a: Sneasler|0 fnt\n|faint|p2a: Sneasler\n|\n|win|neonderak\n|raw|neonderak's rating: 1295 &rarr; <strong>1316</strong><br />(+21 for winning)\n|raw|Arcato's rating: 1232 &rarr; <strong>1211</strong><br />(-21 for losing)\n|c|\u2606Arcato|Gg\n",
  "uploadtime": 1776110669,
  "views": 37,
  "formatid": "gen9championsvgc2026regma",
  "rating": 1211,
  "private": 0,
  "password": null
}