{
  "id": "gen9championsvgc2026regma-2581443573",
  "format": "[Gen 9 Champions] VGC 2026 Reg M-A",
  "players": [
    "kangkang",
    "vinvgc"
  ],
  "log": "|j|\u2606kangkang\n|j|\u2606vinvgc\n|t:|1776000954\n|gametype|doubles\n|player|p1|kangkang|265|\n|player|p2|vinvgc|hugh|\n|gen|9\n|tier|[Gen 9 Champions] VGC 2026 Reg M-A\n|rule|Species Clause: Limit one of each Pok\u00e9mon\n|rule|Item Clause: Limit 1 of each item\n|clearpoke\n|poke|p1|Azumarill, L50, M|\n|poke|p1|Excadrill, L50, M|\n|poke|p1|Dragapult, L50, M|\n|poke|p1|Tyranitar, L50, M|\n|poke|p1|Gardevoir, L50, F|\n|poke|p1|Heracross, L50, F|\n|poke|p2|Trevenant, L50, F|\n|poke|p2|Corviknight, L50, M|\n|poke|p2|Volcarona, L50, F|\n|poke|p2|Excadrill, L50, F|\n|poke|p2|Gardevoir, L50, F|\n|poke|p2|Slowbro, L50, F|\n|teampreview|4\n|inactive|Battle timer is ON: inactive players will automatically lose when time's up. (requested by vinvgc)\n|j| Shulkmania\n|inactive|kangkang has 60 seconds left.\n|inactive|vinvgc has 60 seconds left.\n|inactive|vinvgc has 30 seconds left.\n|\n|t:|1776001015\n|teamsize|p1|4\n|teamsize|p2|4\n|start\n|switch|p1a: Azumarill|Azumarill, L50, M|100/100\n|switch|p1b: Dragapult|Dragapult, L50, M|100/100\n|switch|p2a: Slowbro|Slowbro, L50, F|100/100\n|switch|p2b: Corviknight|Corviknight, L50, M|100/100\n|turn|1\n|\n|t:|1776001032\n|move|p1b: Dragapult|Phantom Force||[still]\n|-prepare|p1b: Dragapult|Phantom Force\n|move|p2b: Corviknight|Iron Defense|p2b: Corviknight\n|-boost|p2b: Corviknight|def|2\n|move|p1a: Azumarill|Belly Drum|p1a: Azumarill\n|-damage|p1a: Azumarill|50/100\n|-setboost|p1a: Azumarill|atk|6|[from] move: Belly Drum\n|-enditem|p1a: Azumarill|Sitrus Berry|[eat]\n|-heal|p1a: Azumarill|75/100|[from] item: Sitrus Berry\n|move|p2a: Slowbro|Trick Room|p2a: Slowbro\n|-fieldstart|move: Trick Room|[of] p2a: Slowbro\n|\n|upkeep\n|turn|2\n|j| mezooki\n|inactive|vinvgc has 30 seconds left.\n|inactive|vinvgc has 20 seconds left.\n|inactive|vinvgc has 15 seconds left.\n|inactive|vinvgc has 10 seconds left.\n|inactive|vinvgc has 5 seconds left.\n|\n|t:|1776001083\n|move|p2a: Slowbro|Psychic|p1a: Azumarill\n|-damage|p1a: Azumarill|30/100\n|-unboost|p1a: Azumarill|spd|1\n|move|p1a: Azumarill|Liquidation|p2b: Corviknight\n|-damage|p2b: Corviknight|30/100\n|move|p2b: Corviknight|Iron Head|p1a: Azumarill\n|-damage|p1a: Azumarill|3/100\n|move|p1b: Dragapult|Phantom Force|p2a: Slowbro|[from] lockedmove\n|-supereffective|p2a: Slowbro|1\n|-damage|p2a: Slowbro|26/100\n|\n|-heal|p2b: Corviknight|36/100|[from] item: Leftovers\n|upkeep\n|turn|3\n|inactive|kangkang has 30 seconds left.\n|inactive|vinvgc has 30 seconds left.\n|inactive|vinvgc has 20 seconds left.\n|inactive|vinvgc has 15 seconds left.\n|\n|t:|1776001124\n|move|p1a: Azumarill|Aqua Jet|p2a: Slowbro\n|-resisted|p2a: Slowbro|1\n|-damage|p2a: Slowbro|0 fnt\n|faint|p2a: Slowbro\n|move|p2b: Corviknight|Iron Head|p1a: Azumarill\n|-damage|p1a: Azumarill|0 fnt\n|faint|p1a: Azumarill\n|move|p1b: Dragapult|Phantom Force||[still]\n|-prepare|p1b: Dragapult|Phantom Force\n|\n|-heal|p2b: Corviknight|41/100|[from] item: Leftovers\n|upkeep\n|\n|t:|1776001142\n|switch|p2a: Excadrill|Excadrill, L50, F|100/100\n|switch|p1a: Tyranitar|Tyranitar, L50, M|100/100\n|-ability|p1a: Tyranitar|Unnerve\n|turn|4\n|\n|t:|1776001157\n|move|p1a: Tyranitar|Fire Punch|p2b: Corviknight\n|-supereffective|p2b: Corviknight|1\n|-damage|p2b: Corviknight|24/100\n|move|p2b: Corviknight|Body Press|p1a: Tyranitar\n|-supereffective|p1a: Tyranitar|2\n|-damage|p1a: Tyranitar|0 fnt\n|faint|p1a: Tyranitar\n|move|p2a: Excadrill|Brick Break|p1b: Dragapult|[miss]\n|-miss|p2a: Excadrill|p1b: Dragapult\n|move|p1b: Dragapult|Phantom Force|p2b: Corviknight|[from] lockedmove\n|-damage|p2b: Corviknight|9/100\n|\n|-heal|p2b: Corviknight|15/100|[from] item: Leftovers\n|upkeep\n|\n|t:|1776001170\n|switch|p1a: Gardevoir|Gardevoir, L50, F|100/100\n|-ability|p1a: Gardevoir|Mirror Armor|Trace|[from] ability: Trace|[of] p2b: Corviknight\n|turn|5\n|\n|t:|1776001187\n|move|p1a: Gardevoir|Protect|p1a: Gardevoir\n|-singleturn|p1a: Gardevoir|Protect\n|move|p2b: Corviknight|Iron Head|p1b: Dragapult\n|-damage|p1b: Dragapult|65/100\n|move|p2a: Excadrill|Bulldoze|p1b: Dragapult|[spread] p1b\n|-activate|p1a: Gardevoir|move: Protect\n|-immune|p2b: Corviknight\n|-damage|p1b: Dragapult|32/100\n|-unboost|p1b: Dragapult|spe|1\n|move|p1b: Dragapult|Dragon Darts|p2a: Excadrill\n|-resisted|p2a: Excadrill|1\n|-damage|p2a: Excadrill|85/100\n|-anim|p1b: Dragapult|Dragon Darts|p2b: Corviknight\n|-resisted|p2b: Corviknight|1\n|-damage|p2b: Corviknight|11/100\n|\n|-heal|p2b: Corviknight|17/100|[from] item: Leftovers\n|-fieldend|move: Trick Room\n|upkeep\n|turn|6\n|inactive|kangkang has 30 seconds left.\n|inactive|vinvgc has 30 seconds left.\n|inactive|vinvgc has 20 seconds left.\n|inactive|vinvgc has 15 seconds left.\n|inactive|vinvgc has 10 seconds left.\n|\n|t:|1776001232\n|detailschange|p1a: Gardevoir|Gardevoir-Mega, L50, F\n|-mega|p1a: Gardevoir|Gardevoir|Gardevoirite\n|move|p1a: Gardevoir|Mystical Fire|p2b: Corviknight\n|-supereffective|p2b: Corviknight|1\n|-crit|p2b: Corviknight\n|-damage|p2b: Corviknight|0 fnt\n|faint|p2b: Corviknight\n|move|p2a: Excadrill|Earthquake|p1b: Dragapult|[spread] p1a,p1b\n|-damage|p1a: Gardevoir|22/100\n|-damage|p1b: Dragapult|0 fnt\n|faint|p1b: Dragapult\n|\n|upkeep\n|\n|t:|1776001242\n|switch|p2b: Gardevoir|Gardevoir, L50, F|100/100\n|-ability|p2b: Gardevoir|Pixilate|Trace|[from] ability: Trace|[of] p1a: Gardevoir\n|turn|7\n|\n|t:|1776001252\n|move|p2b: Gardevoir|Protect|p2b: Gardevoir\n|-singleturn|p2b: Gardevoir|Protect\n|move|p1a: Gardevoir|Mystical Fire|p2a: Excadrill\n|-supereffective|p2a: Excadrill|1\n|-damage|p2a: Excadrill|14/100\n|-unboost|p2a: Excadrill|spa|1\n|move|p2a: Excadrill|Bulldoze|p1a: Gardevoir|[spread] p1a\n|-activate|p2b: Gardevoir|move: Protect\n|-damage|p1a: Gardevoir|0 fnt\n|faint|p1a: Gardevoir\n|\n|win|vinvgc\n|l|\u2606kangkang\n|player|p1|\n|l| Shulkmania\n",
  "uploadtime": 1776001308,
  "views": 14,
  "formatid": "gen9championsvgc2026regma",
  "rating": null,
  "private": 0,
  "password": null
}