{
  "id": "gen9championsvgc2026regma-2587926627",
  "format": "[Gen 9 Champions] VGC 2026 Reg M-A",
  "players": [
    "W0kMeDed",
    "Hoot42"
  ],
  "log": "|j|\u2606W0kMeDed\n|j|\u2606Hoot42\n|t:|1776580099\n|gametype|doubles\n|player|p1|W0kMeDed|palmer|1426\n|player|p2|Hoot42|101|1399\n|gen|9\n|tier|[Gen 9 Champions] VGC 2026 Reg M-A\n|rated|\n|rule|Species Clause: Limit one of each Pok\u00e9mon\n|rule|Item Clause: Limit 1 of each item\n|clearpoke\n|poke|p1|Espathra, L50, F|\n|poke|p1|Chandelure, L50, F|\n|poke|p1|Aerodactyl, L50, F|\n|poke|p1|Kingambit, L50, M|\n|poke|p1|Sneasler, L50, M|\n|poke|p1|Rotom-Wash, L50|\n|poke|p2|Venusaur, L50, F|\n|poke|p2|Charizard, L50, F|\n|poke|p2|Basculegion, L50, M|\n|poke|p2|Sneasler, L50, M|\n|poke|p2|Garchomp, L50, F|\n|poke|p2|Incineroar, L50, F|\n|teampreview|4\n|\n|t:|1776580120\n|teamsize|p1|4\n|teamsize|p2|4\n|start\n|switch|p1a: Lavash|Espathra, L50, F|100/100\n|switch|p1b: Vega|Sneasler, L50, M|100/100\n|switch|p2a: Basculegion|Basculegion, L50, M|100/100\n|switch|p2b: Garchomp|Garchomp, L50, F|100/100\n|turn|1\n|\n|t:|1776580135\n|move|p1a: Lavash|Protect|p1a: Lavash\n|-singleturn|p1a: Lavash|Protect\n|move|p1b: Vega|Fake Out|p2b: Garchomp\n|-damage|p2b: Garchomp|87/100\n|-damage|p1b: Vega|88/100|[from] ability: Rough Skin|[of] p2b: Garchomp\n|move|p2a: Basculegion|Flip Turn|p1a: Lavash\n|-activate|p1a: Lavash|move: Protect\n|cant|p2b: Garchomp|flinch\n|\n|-ability|p1a: Lavash|Speed Boost|boost\n|-boost|p1a: Lavash|spe|1\n|upkeep\n|turn|2\n|\n|t:|1776580148\n|move|p1a: Lavash|Lumina Crash|p2b: Garchomp\n|-damage|p2b: Garchomp|46/100\n|-unboost|p2b: Garchomp|spd|2\n|move|p2a: Basculegion|Flip Turn|p1a: Lavash\n|-damage|p1a: Lavash|39/100\n|\n|t:|1776580155\n|switch|p2a: Charizard|Charizard, L50, F|100/100|[from] Flip Turn\n|move|p1b: Vega|Close Combat|p2b: Garchomp\n|-damage|p2b: Garchomp|0 fnt\n|-unboost|p1b: Vega|def|1\n|-unboost|p1b: Vega|spd|1\n|-damage|p1b: Vega|76/100|[from] ability: Rough Skin|[of] p2b: Garchomp\n|faint|p2b: Garchomp\n|-enditem|p1b: Vega|White Herb\n|-clearnegativeboost|p1b: Vega|[silent]\n|\n|-ability|p1a: Lavash|Speed Boost|boost\n|-boost|p1a: Lavash|spe|1\n|upkeep\n|\n|t:|1776580161\n|switch|p2b: Basculegion|Basculegion, L50, M|100/100\n|turn|3\n|\n|t:|1776580176\n|switch|p2a: Sneasler|Sneasler, L50, M|100/100\n|move|p1b: Vega|Dire Claw|p2a: Sneasler\n|-resisted|p2a: Sneasler|1\n|-crit|p2a: Sneasler\n|-damage|p2a: Sneasler|51/100\n|move|p1a: Lavash|Baton Pass|p1a: Lavash\n|\n|t:|1776580186\n|switch|p1a: Mishima H.|Kingambit, L50, M|100/100|[from] Baton Pass\n|move|p2b: Basculegion|Wave Crash|p1b: Vega\n|-damage|p1b: Vega|0 fnt\n|faint|p1b: Vega\n|-damage|p2b: Basculegion|80/100|[from] Recoil\n|\n|upkeep\n|\n|t:|1776580209\n|switch|p1b: Lavash|Espathra, L50, F|39/100\n|turn|4\n|\n|t:|1776580229\n|move|p1a: Mishima H.|Protect|p1a: Mishima H.\n|-singleturn|p1a: Mishima H.|Protect\n|move|p1b: Lavash|Protect|p1b: Lavash\n|-singleturn|p1b: Lavash|Protect\n|move|p2a: Sneasler|Fake Out|p1a: Mishima H.\n|-activate|p1a: Mishima H.|move: Protect\n|move|p2b: Basculegion|Wave Crash|p1b: Lavash\n|-activate|p1b: Lavash|move: Protect\n|\n|-ability|p1b: Lavash|Speed Boost|boost\n|-boost|p1b: Lavash|spe|1\n|upkeep\n|turn|5\n|\n|t:|1776580242\n|move|p1b: Lavash|Lumina Crash|p2a: Sneasler\n|-supereffective|p2a: Sneasler|2\n|-damage|p2a: Sneasler|0 fnt\n|faint|p2a: Sneasler\n|move|p2b: Basculegion|Wave Crash|p1b: Lavash\n|-damage|p1b: Lavash|0 fnt\n|faint|p1b: Lavash\n|-damage|p2b: Basculegion|70/100|[from] Recoil\n|move|p1a: Mishima H.|Kowtow Cleave|p2b: Basculegion\n|-supereffective|p2b: Basculegion|1\n|-damage|p2b: Basculegion|0 fnt\n|faint|p2b: Basculegion\n|\n|upkeep\n|\n|t:|1776580251\n|switch|p1b: Sia|Chandelure, L50, F|100/100\n|switch|p2b: Charizard|Charizard, L50, F|100/100\n|turn|6\n|\n|t:|1776580257\n|detailschange|p2b: Charizard|Charizard-Mega-Y, L50, F\n|-mega|p2b: Charizard|Charizard|Charizardite Y\n|-weather|SunnyDay|[from] ability: Drought|[of] p2b: Charizard\n|move|p1a: Mishima H.|Kowtow Cleave|p2b: Charizard\n|-damage|p2b: Charizard|8/100\n|move|p2b: Charizard|Weather Ball|p1a: Mishima H.\n|-supereffective|p1a: Mishima H.|1\n|-damage|p1a: Mishima H.|0 fnt\n|faint|p1a: Mishima H.\n|move|p1b: Sia|Shadow Ball|p2b: Charizard\n|-damage|p2b: Charizard|0 fnt\n|faint|p2b: Charizard\n|\n|win|W0kMeDed\n|raw|W0kMeDed's rating: 1426 &rarr; <strong>1444</strong><br />(+18 for winning)\n|raw|Hoot42's rating: 1399 &rarr; <strong>1381</strong><br />(-18 for losing)\n|l|\u2606W0kMeDed\n|player|p1|\n|l|\u2606Hoot42\n|player|p2|\n",
  "uploadtime": 1776580568,
  "views": 13,
  "formatid": "gen9championsvgc2026regma",
  "rating": 1381,
  "private": 0,
  "password": null
}