{
  "id": "gen9championsvgc2026regma-2586508439",
  "format": "[Gen 9 Champions] VGC 2026 Reg M-A",
  "players": [
    "makoyouidiot",
    "Pyro.D.Mario"
  ],
  "log": "|j|\u2606makoyouidiot\n|j|\u2606Pyro.D.Mario\n|t:|1776439495\n|gametype|doubles\n|player|p1|makoyouidiot|acetrainersnow|1192\n|player|p2|Pyro.D.Mario|benga|1189\n|gen|9\n|tier|[Gen 9 Champions] VGC 2026 Reg M-A\n|rated|\n|rule|Species Clause: Limit one of each Pok\u00e9mon\n|rule|Item Clause: Limit 1 of each item\n|clearpoke\n|poke|p1|Charizard, L50, F|\n|poke|p1|Aerodactyl, L50, M|\n|poke|p1|Basculegion, L50, M|\n|poke|p1|Tyrantrum, L50, M|\n|poke|p1|Oranguru, L50, F|\n|poke|p1|Torkoal, L50, M|\n|poke|p2|Sableye, L50, M|\n|poke|p2|Charizard, L50, M|\n|poke|p2|Espathra, L50, F|\n|poke|p2|Lucario, L50, M|\n|poke|p2|Gardevoir, L50, M|\n|poke|p2|Aerodactyl, L50, M|\n|teampreview|4\n|inactive|Battle timer is ON: inactive players will automatically lose when time's up. (requested by makoyouidiot)\n|inactive|Pyro.D.Mario has 60 seconds left.\n|\n|t:|1776439535\n|teamsize|p1|4\n|teamsize|p2|4\n|start\n|switch|p1a: Oranguru|Oranguru, L50, F|100/100\n|switch|p1b: Basculegion|Basculegion, L50, M|100/100\n|switch|p2a: He he|Sableye, L50, M, shiny|100/100\n|switch|p2b: Speed birb|Espathra, L50, F|100/100\n|turn|1\n|\n|t:|1776439559\n|move|p2a: He he|Gravity|p2a: He he\n|-fieldstart|move: Gravity\n|move|p1b: Basculegion|Flip Turn|p2b: Speed birb\n|-damage|p2b: Speed birb|41/100\n|\n|t:|1776439570\n|switch|p1b: Torkoal|Torkoal, L50, M|100/100|[from] Flip Turn\n|-weather|SunnyDay|[from] ability: Drought|[of] p1b: Torkoal\n|move|p2b: Speed birb|Hypnosis|p1a: Oranguru\n|-status|p1a: Oranguru|slp|[from] move: Hypnosis\n|cant|p1a: Oranguru|slp\n|\n|-weather|SunnyDay|[upkeep]\n|-ability|p2b: Speed birb|Speed Boost|boost\n|-boost|p2b: Speed birb|spe|1\n|upkeep\n|turn|2\n|c|\u2606makoyouidiot|Uh oh\n|inactive|makoyouidiot has 30 seconds left.\n|\n|t:|1776439598\n|switch|p1b: Basculegion|Basculegion, L50, M|100/100\n|move|p2b: Speed birb|Hypnosis|p1b: Basculegion\n|-status|p1b: Basculegion|slp|[from] move: Hypnosis\n|move|p2a: He he|Foul Play|p1a: Oranguru\n|-supereffective|p1a: Oranguru|1\n|-damage|p1a: Oranguru|69/100 slp\n|cant|p1a: Oranguru|slp\n|\n|-weather|SunnyDay|[upkeep]\n|-ability|p2b: Speed birb|Speed Boost|boost\n|-boost|p2b: Speed birb|spe|1\n|upkeep\n|turn|3\n|c|\u2606Pyro.D.Mario|Zzz time\n|\n|t:|1776439615\n|move|p2b: Speed birb|Lumina Crash|p1a: Oranguru\n|-resisted|p1a: Oranguru|1\n|-damage|p1a: Oranguru|53/100 slp\n|-unboost|p1a: Oranguru|spd|2\n|cant|p1b: Basculegion|slp\n|move|p2a: He he|Foul Play|p1b: Basculegion\n|-supereffective|p1b: Basculegion|1\n|-damage|p1b: Basculegion|0 fnt\n|faint|p1b: Basculegion\n|-curestatus|p1a: Oranguru|slp|[msg]\n|move|p1a: Oranguru|Trick Room|p1a: Oranguru\n|-fieldstart|move: Trick Room|[of] p1a: Oranguru\n|\n|-weather|SunnyDay|[upkeep]\n|-ability|p2b: Speed birb|Speed Boost|boost\n|-boost|p2b: Speed birb|spe|1\n|upkeep\n|\n|t:|1776439633\n|switch|p1b: Torkoal|Torkoal, L50, M|100/100\n|turn|4\n|\n|t:|1776439645\n|move|p2a: He he|Taunt|p1a: Oranguru\n|-start|p1a: Oranguru|move: Taunt\n|move|p1b: Torkoal|Eruption|p2b: Speed birb|[spread] p2a,p2b\n|-damage|p2a: He he|0 fnt\n|-damage|p2b: Speed birb|0 fnt\n|faint|p2a: He he\n|faint|p2b: Speed birb\n|cant|p1a: Oranguru|move: Taunt|Instruct\n|\n|-weather|SunnyDay|[upkeep]\n|upkeep\n|\n|t:|1776439651\n|switch|p2a: Astolfo|Gardevoir, L50, M, shiny|100/100\n|switch|p2b: Cracy|Lucario, L50, M, shiny|100/100\n|turn|5\n|\n|t:|1776439670\n|move|p2b: Cracy|Detect|p2b: Cracy\n|-singleturn|p2b: Cracy|Protect\n|move|p1b: Torkoal|Eruption|p2a: Astolfo|[spread] p2a\n|-activate|p2b: Cracy|move: Protect\n|-damage|p2a: Astolfo|12/100\n|move|p1a: Oranguru|Foul Play|p2a: Astolfo\n|-damage|p2a: Astolfo|0 fnt\n|faint|p2a: Astolfo\n|\n|-weather|none\n|-fieldend|move: Gravity\n|upkeep\n|turn|6\n|c|\u2606Pyro.D.Mario|Foul play!\n|c|\u2606Pyro.D.Mario|Nice\n|\n|t:|1776439690\n|switch|p1a: Tyrantrum|Tyrantrum, L50, M|100/100\n|detailschange|p2b: Cracy|Lucario-Mega, L50, M, shiny\n|-mega|p2b: Cracy|Lucario|Lucarionite\n|move|p1b: Torkoal|Eruption|p2b: Cracy\n|-supereffective|p2b: Cracy|1\n|-damage|p2b: Cracy|0 fnt\n|faint|p2b: Cracy\n|\n|win|makoyouidiot\n|raw|makoyouidiot's rating: 1192 &rarr; <strong>1217</strong><br />(+25 for winning)\n|raw|Pyro.D.Mario's rating: 1189 &rarr; <strong>1164</strong><br />(-25 for losing)\n|c|\u2606Pyro.D.Mario|Gg\n|c|\u2606makoyouidiot|Gg man\n|l|\u2606Pyro.D.Mario\n|player|p2|\n",
  "uploadtime": 1776439825,
  "views": 42,
  "formatid": "gen9championsvgc2026regma",
  "rating": 1164,
  "private": 0,
  "password": null
}