{
  "id": "gen9championsvgc2026regma-2582156969",
  "format": "[Gen 9 Champions] VGC 2026 Reg M-A",
  "players": [
    "becomingother",
    "gamaboy"
  ],
  "log": "|j|\u2606becomingother\n|j|\u2606gamaboy\n|t:|1776065301\n|gametype|doubles\n|player|p1|becomingother|169|1255\n|player|p2|gamaboy|blue-masters|1316\n|gen|9\n|tier|[Gen 9 Champions] VGC 2026 Reg M-A\n|rated|\n|rule|Species Clause: Limit one of each Pok\u00e9mon\n|rule|Item Clause: Limit 1 of each item\n|clearpoke\n|poke|p1|Charizard, L50, F|\n|poke|p1|Venusaur, L50, M|\n|poke|p1|Whimsicott, L50, M|\n|poke|p1|Incineroar, L50, M|\n|poke|p1|Gallade, L50, M|\n|poke|p1|Rotom-Wash, L50|\n|poke|p2|Delphox, L50, M|\n|poke|p2|Basculegion, L50, M|\n|poke|p2|Garchomp, L50, M|\n|poke|p2|Orthworm, L50, M|\n|poke|p2|Incineroar, L50, M|\n|poke|p2|Blastoise, L50, M|\n|teampreview|4\n|inactive|Battle timer is ON: inactive players will automatically lose when time's up. (requested by gamaboy)\n|inactive|becomingother also wants the timer to be on.\n|\n|t:|1776065327\n|teamsize|p1|4\n|teamsize|p2|4\n|start\n|switch|p1a: Venusaur|Venusaur, L50, M|100/100\n|switch|p1b: Whimsicott|Whimsicott, L50, M|100/100\n|switch|p2a: Incineroar|Incineroar, L50, M|100/100\n|switch|p2b: Orthworm|Orthworm, L50, M|100/100\n|-ability|p2a: Incineroar|Intimidate|boost\n|-unboost|p1a: Venusaur|atk|1\n|-unboost|p1b: Whimsicott|atk|1\n|turn|1\n|inactive|becomingother has 30 seconds left.\n|\n|t:|1776065359\n|move|p2a: Incineroar|Fake Out|p1b: Whimsicott\n|-damage|p1b: Whimsicott|86/100\n|cant|p1b: Whimsicott|flinch\n|move|p1a: Venusaur|Sleep Powder|p2b: Orthworm\n|-status|p2b: Orthworm|slp|[from] move: Sleep Powder\n|cant|p2b: Orthworm|slp\n|\n|upkeep\n|turn|2\n|\n|t:|1776065369\n|move|p1b: Whimsicott|Sunny Day|p1b: Whimsicott\n|-weather|SunnyDay\n|move|p1a: Venusaur|Weather Ball|p2b: Orthworm\n|-supereffective|p2b: Orthworm|1\n|-damage|p2b: Orthworm|0 fnt\n|faint|p2b: Orthworm\n|move|p2a: Incineroar|Flare Blitz|p1a: Venusaur\n|-supereffective|p1a: Venusaur|1\n|-enditem|p1a: Venusaur|Focus Sash\n|-damage|p1a: Venusaur|1/100\n|-damage|p2a: Incineroar|70/100|[from] Recoil\n|\n|-weather|SunnyDay|[upkeep]\n|upkeep\n|\n|t:|1776065378\n|switch|p2b: Garchomp|Garchomp, L50, M|100/100\n|turn|3\n|\n|t:|1776065390\n|move|p1a: Venusaur|Protect|p1a: Venusaur\n|-singleturn|p1a: Venusaur|Protect\n|move|p1b: Whimsicott|Tailwind|p1b: Whimsicott\n|-sidestart|p1: becomingother|move: Tailwind\n|move|p2b: Garchomp|Rock Slide|p1b: Whimsicott|[spread] \n|-activate|p1a: Venusaur|move: Protect\n|-miss|p2b: Garchomp|p1b: Whimsicott\n|move|p2a: Incineroar|Flare Blitz|p1b: Whimsicott\n|-supereffective|p1b: Whimsicott|1\n|-damage|p1b: Whimsicott|0 fnt\n|faint|p1b: Whimsicott\n|-damage|p2a: Incineroar|45/100|[from] Recoil\n|\n|-weather|SunnyDay|[upkeep]\n|upkeep\n|\n|t:|1776065409\n|switch|p1b: Gallade|Gallade, L50, M|100/100\n|turn|4\n|\n|t:|1776065423\n|move|p1a: Venusaur|Energy Ball|p2b: Garchomp\n|-damage|p2b: Garchomp|52/100\n|-unboost|p2b: Garchomp|spd|1\n|move|p1b: Gallade|Sacred Sword|p2a: Incineroar\n|-supereffective|p2a: Incineroar|1\n|-damage|p2a: Incineroar|0 fnt\n|faint|p2a: Incineroar\n|move|p2b: Garchomp|Rock Slide|p1b: Gallade|[spread] p1a\n|-miss|p2b: Garchomp|p1b: Gallade\n|-damage|p1a: Venusaur|0 fnt\n|faint|p1a: Venusaur\n|\n|-weather|SunnyDay|[upkeep]\n|upkeep\n|\n|t:|1776065433\n|switch|p1a: Charizard|Charizard, L50, F|100/100\n|switch|p2a: Delphox|Delphox, L50, M|100/100\n|turn|5\n|\n|t:|1776065444\n|detailschange|p1a: Charizard|Charizard-Mega-Y, L50, F\n|-mega|p1a: Charizard|Charizard|Charizardite Y\n|detailschange|p2a: Delphox|Delphox-Mega, L50, M\n|-mega|p2a: Delphox|Delphox|Delphoxite\n|move|p1b: Gallade|Sacred Sword|p2b: Garchomp\n|-damage|p2b: Garchomp|0 fnt\n|-damage|p1b: Gallade|88/100|[from] ability: Rough Skin|[of] p2b: Garchomp\n|faint|p2b: Garchomp\n|move|p1a: Charizard|Air Slash|p2a: Delphox\n|-damage|p2a: Delphox|54/100\n|cant|p2a: Delphox|flinch\n|\n|-weather|SunnyDay|[upkeep]\n|upkeep\n|turn|6\n|\n|t:|1776065456\n|move|p1b: Gallade|Sacred Sword|p2a: Delphox\n|-resisted|p2a: Delphox|1\n|-damage|p2a: Delphox|0 fnt\n|faint|p2a: Delphox\n|\n|win|becomingother\n|raw|becomingother's rating: 1255 &rarr; <strong>1284</strong><br />(+29 for winning)\n|raw|gamaboy's rating: 1316 &rarr; <strong>1293</strong><br />(-23 for losing)\n|l|\u2606gamaboy\n|player|p2|\n",
  "uploadtime": 1776065513,
  "views": 21,
  "formatid": "gen9championsvgc2026regma",
  "rating": 1284,
  "private": 0,
  "password": null
}