{
  "id": "gen9championsvgc2026regma-2581576427",
  "format": "[Gen 9 Champions] VGC 2026 Reg M-A",
  "players": [
    "coooooking?",
    "digao2825"
  ],
  "log": "|j|\u2606coooooking?\n|j|\u2606digao2825\n|t:|1776012272\n|gametype|doubles\n|player|p1|coooooking?|unknown|1095\n|player|p2|digao2825|2|1000\n|gen|9\n|tier|[Gen 9 Champions] VGC 2026 Reg M-A\n|rated|\n|rule|Species Clause: Limit one of each Pok\u00e9mon\n|rule|Item Clause: Limit 1 of each item\n|clearpoke\n|poke|p1|Blastoise, L50, F|\n|poke|p1|Pelipper, L50, M|\n|poke|p1|Archaludon, L50, M|\n|poke|p1|Whimsicott, L50, M|\n|poke|p1|Farigiraf, L50, M|\n|poke|p1|Venusaur, L50, F|\n|poke|p2|Victreebel, L50, M|\n|poke|p2|Heliolisk, L50, F|\n|poke|p2|Weavile, L50, M|\n|poke|p2|Torkoal, L50, M|\n|poke|p2|Farigiraf, L50, M|\n|poke|p2|Golurk, L50|\n|teampreview|4\n|\n|t:|1776012299\n|teamsize|p1|4\n|teamsize|p2|4\n|start\n|switch|p1a: Whimsicott|Whimsicott, L50, M|100/100\n|switch|p1b: Archaludon|Archaludon, L50, M|100/100\n|switch|p2a: Victreebel|Victreebel, L50, M, shiny|100/100\n|switch|p2b: Heliolisk|Heliolisk, L50, F, shiny|100/100\n|turn|1\n|\n|t:|1776012320\n|move|p1a: Whimsicott|Tailwind|p1a: Whimsicott\n|-sidestart|p1: coooooking?|move: Tailwind\n|move|p2b: Heliolisk|Volt Switch|p1b: Archaludon\n|-resisted|p1b: Archaludon|1\n|-damage|p1b: Archaludon|80/100\n|-ability|p1b: Archaludon|Stamina|boost\n|-boost|p1b: Archaludon|def|1\n|\n|t:|1776012327\n|switch|p2b: Torkoal|Torkoal, L50, M, shiny|100/100|[from] Volt Switch\n|-weather|SunnyDay|[from] ability: Drought|[of] p2b: Torkoal\n|move|p2a: Victreebel|Poison Jab|p1a: Whimsicott\n|-supereffective|p1a: Whimsicott|2\n|-damage|p1a: Whimsicott|0 fnt\n|faint|p1a: Whimsicott\n|move|p1b: Archaludon|Draco Meteor|p2b: Torkoal\n|-damage|p2b: Torkoal|0 fnt\n|-unboost|p1b: Archaludon|spa|2\n|faint|p2b: Torkoal\n|\n|-weather|SunnyDay|[upkeep]\n|-heal|p1b: Archaludon|86/100|[from] item: Leftovers\n|upkeep\n|inactive|Battle timer is ON: inactive players will automatically lose when time's up. (requested by coooooking?)\n|\n|t:|1776012348\n|switch|p1a: Pelipper|Pelipper, L50, M|100/100\n|switch|p2b: Weavile|Weavile, L50, M, shiny|100/100\n|-weather|RainDance|[from] ability: Drizzle|[of] p1a: Pelipper\n|-ability|p2b: Weavile|Pressure\n|turn|2\n|inactive|digao2825 has 30 seconds left.\n|\n|t:|1776012374\n|detailschange|p2a: Victreebel|Victreebel-Mega, L50, M, shiny\n|-mega|p2a: Victreebel|Victreebel|Victreebelite\n|move|p2b: Weavile|Fake Out|p1b: Archaludon\n|-resisted|p1b: Archaludon|1\n|-damage|p1b: Archaludon|82/100\n|-ability|p1b: Archaludon|Stamina|boost\n|-boost|p1b: Archaludon|def|1\n|move|p1a: Pelipper|Hurricane|p2a: Victreebel\n|-supereffective|p2a: Victreebel|1\n|-damage|p2a: Victreebel|18/100\n|cant|p1b: Archaludon|flinch\n|move|p2a: Victreebel|Power Whip|p1a: Pelipper\n|-damage|p1a: Pelipper|28/100\n|\n|-weather|RainDance|[upkeep]\n|-heal|p1b: Archaludon|88/100|[from] item: Leftovers\n|upkeep\n|turn|3\n|\n|t:|1776012397\n|move|p2b: Weavile|Protect|p2b: Weavile\n|-singleturn|p2b: Weavile|Protect\n|move|p2a: Victreebel|Sucker Punch|p1a: Pelipper\n|-damage|p1a: Pelipper|0 fnt\n|faint|p1a: Pelipper\n|move|p1b: Archaludon|Flash Cannon|p2b: Weavile\n|-activate|p2b: Weavile|move: Protect\n|\n|-weather|RainDance|[upkeep]\n|-heal|p1b: Archaludon|94/100|[from] item: Leftovers\n|upkeep\n|\n|t:|1776012406\n|switch|p1a: Venusaur|Venusaur, L50, F|100/100\n|turn|4\n|\n|t:|1776012419\n|detailschange|p1a: Venusaur|Venusaur-Mega, L50, F\n|-mega|p1a: Venusaur|Venusaur|Venusaurite\n|move|p2a: Victreebel|Sucker Punch|p1b: Archaludon\n|-damage|p1b: Archaludon|83/100\n|-ability|p1b: Archaludon|Stamina|boost\n|-boost|p1b: Archaludon|def|1\n|move|p1a: Venusaur|Giga Drain|p2b: Weavile\n|-damage|p2b: Weavile|40/100\n|move|p1b: Archaludon|Electro Shot||[still]\n|-prepare|p1b: Archaludon|Electro Shot\n|-boost|p1b: Archaludon|spa|1\n|-anim|p1b: Archaludon|Electro Shot|p2a: Victreebel\n|-resisted|p2a: Victreebel|1\n|-damage|p2a: Victreebel|0 fnt\n|-damage|p1b: Archaludon|67/100|[from] ability: Innards Out|[of] p2a: Victreebel\n|faint|p2a: Victreebel\n|move|p2b: Weavile|Triple Axel|p1a: Venusaur|[miss]\n|-miss|p2b: Weavile|p1a: Venusaur\n|\n|-weather|RainDance|[upkeep]\n|-heal|p1b: Archaludon|73/100|[from] item: Leftovers\n|-sideend|p1: coooooking?|move: Tailwind\n|upkeep\n|\n|t:|1776012442\n|switch|p2a: Heliolisk|Heliolisk, L50, F, shiny|100/100\n|turn|5\n|\n|t:|1776012459\n|move|p2a: Heliolisk|Hyper Voice|p1b: Archaludon|[spread] p1a,p1b\n|-resisted|p1b: Archaludon|1\n|-damage|p1a: Venusaur|67/100\n|-damage|p1b: Archaludon|54/100\n|-ability|p1b: Archaludon|Stamina|boost\n|-boost|p1b: Archaludon|def|1\n|move|p2b: Weavile|Triple Axel|p1a: Venusaur\n|-supereffective|p1a: Venusaur|1\n|-damage|p1a: Venusaur|56/100\n|-hitcount|p1a: Venusaur|1\n|move|p1a: Venusaur|Earth Power|p2a: Heliolisk\n|-supereffective|p2a: Heliolisk|1\n|-damage|p2a: Heliolisk|14/100\n|move|p1b: Archaludon|Flash Cannon|p2b: Weavile\n|-supereffective|p2b: Weavile|1\n|-damage|p2b: Weavile|0 fnt\n|faint|p2b: Weavile\n|\n|-weather|RainDance|[upkeep]\n|-heal|p1b: Archaludon|60/100|[from] item: Leftovers\n|upkeep\n|turn|6\n|\n|t:|1776012479\n|move|p2a: Heliolisk|Hyper Voice|p1b: Archaludon|[spread] p1a,p1b\n|-crit|p1a: Venusaur\n|-resisted|p1b: Archaludon|1\n|-damage|p1a: Venusaur|2/100\n|-damage|p1b: Archaludon|42/100\n|-ability|p1b: Archaludon|Stamina|boost\n|-boost|p1b: Archaludon|def|1\n|move|p1a: Venusaur|Earth Power|p2a: Heliolisk\n|-supereffective|p2a: Heliolisk|1\n|-damage|p2a: Heliolisk|0 fnt\n|faint|p2a: Heliolisk\n|\n|win|coooooking?\n|raw|coooooking?'s rating: 1095 &rarr; <strong>1114</strong><br />(+19 for winning)\n|raw|digao2825's rating: 1000 &rarr; <strong>1000</strong><br />(+0 for losing)\n",
  "uploadtime": 1776012486,
  "views": 12,
  "formatid": "gen9championsvgc2026regma",
  "rating": 1000,
  "private": 0,
  "password": null
}