{
  "id": "gen9championsvgc2026regma-2585403727",
  "format": "[Gen 9 Champions] VGC 2026 Reg M-A",
  "players": [
    "takethephilpill",
    "phynixx"
  ],
  "log": "|j|\u2606takethephilpill\n|j|\u2606phynixx\n|t:|1776344811\n|gametype|doubles\n|player|p1|takethephilpill|#ptplviistarmies|1113\n|player|p2|phynixx|marshal|1073\n|gen|9\n|tier|[Gen 9 Champions] VGC 2026 Reg M-A\n|rated|\n|rule|Species Clause: Limit one of each Pok\u00e9mon\n|rule|Item Clause: Limit 1 of each item\n|clearpoke\n|poke|p1|Pelipper, L50, F|\n|poke|p1|Dragonite, L50, F|\n|poke|p1|Kangaskhan, L50, F|\n|poke|p1|Simipour, L50, M|\n|poke|p1|Garchomp, L50, M|\n|poke|p1|Klefki, L50, F|\n|poke|p2|Castform, L50, M|\n|poke|p2|Pelipper, L50, F|\n|poke|p2|Ninetales-Alola, L50, M|\n|poke|p2|Clefable, L50, M|\n|poke|p2|Lucario, L50, M|\n|poke|p2|Torkoal, L50, F|\n|teampreview|4\n|inactive|Battle timer is ON: inactive players will automatically lose when time's up. (requested by takethephilpill)\ntakethephilpill rejected open team sheets.\n|inactive|phynixx has 60 seconds left.\n|\n|t:|1776344842\n|teamsize|p1|4\n|teamsize|p2|4\n|start\n|switch|p1a: Simipour|Simipour, L50, M|100/100\n|switch|p1b: Klefki|Klefki, L50, F|100/100\n|switch|p2a: Pelipper|Pelipper, L50, F|100/100\n|switch|p2b: Lucario|Lucario, L50, M|100/100\n|-weather|RainDance|[from] ability: Drizzle|[of] p2a: Pelipper\n|turn|1\n|\n|t:|1776344856\n|move|p1b: Klefki|Reflect|p1b: Klefki\n|-sidestart|p1: takethephilpill|Reflect\n|move|p1a: Simipour|Hydro Pump|p2b: Lucario\n|-damage|p2b: Lucario|0 fnt\n|faint|p2b: Lucario\n|move|p2a: Pelipper|Tailwind|p2a: Pelipper\n|-sidestart|p2: phynixx|move: Tailwind\n|\n|-weather|RainDance|[upkeep]\n|upkeep\n|\n|t:|1776344869\n|switch|p2b: Castform|Castform, L50, M|100/100\n|-formechange|p2b: Castform|Castform-Rainy|[msg]|[from] ability: Forecast\n|turn|2\n|inactive|phynixx has 30 seconds left.\n|\n|t:|1776344900\n|move|p1b: Klefki|Thunder Wave|p2a: Pelipper\n|-status|p2a: Pelipper|par\n|move|p2b: Castform|Energy Ball|p1a: Simipour\n|-supereffective|p1a: Simipour|1\n|-damage|p1a: Simipour|27/100\n|move|p1a: Simipour|Focus Blast|p2b: Castform\n|-damage|p2b: Castform|42/100\n|move|p2a: Pelipper|Hurricane|p1b: Klefki\n|-resisted|p1b: Klefki|1\n|-damage|p1b: Klefki|79/100\n|-start|p1b: Klefki|confusion\n|\n|-weather|RainDance|[upkeep]\n|upkeep\n|turn|3\n|inactive|phynixx has 30 seconds left.\n|\n|t:|1776344929\n|-activate|p1b: Klefki|confusion\n|move|p1b: Klefki|Thunder Wave|p2b: Castform\n|-status|p2b: Castform|par\n|move|p1a: Simipour|Focus Blast|p2b: Castform\n|-damage|p2b: Castform|0 fnt\n|faint|p2b: Castform\n|move|p2a: Pelipper|Hydro Pump|p1b: Klefki\n|-damage|p1b: Klefki|0 fnt\n|faint|p1b: Klefki\n|\n|-weather|RainDance|[upkeep]\n|upkeep\n|\n|t:|1776344941\n|switch|p2b: Ninetales|Ninetales-Alola, L50, M|100/100\n|switch|p1b: Kangaskhan|Kangaskhan, L50, F|100/100\n|-weather|Snowscape|[from] ability: Snow Warning|[of] p2b: Ninetales\n|turn|4\n|\n|t:|1776344964\n|switch|p1a: Pelipper|Pelipper, L50, F|100/100\n|-weather|RainDance|[from] ability: Drizzle|[of] p1a: Pelipper\n|detailschange|p1b: Kangaskhan|Kangaskhan-Mega, L50, F\n|-mega|p1b: Kangaskhan|Kangaskhan|Kangaskhanite\n|move|p1b: Kangaskhan|Fake Out|p2b: Ninetales\n|-damage|p2b: Ninetales|73/100\n|-damage|p2b: Ninetales|68/100\n|-hitcount|p2b: Ninetales|2\n|cant|p2b: Ninetales|flinch\n|move|p2a: Pelipper|Hydro Pump|p1b: Kangaskhan\n|-damage|p1b: Kangaskhan|41/100\n|\n|-weather|RainDance|[upkeep]\n|-sideend|p2: phynixx|move: Tailwind\n|upkeep\n|turn|5\n|\n|t:|1776344986\n|move|p2b: Ninetales|Aurora Veil||[still]\n|-fail|p2b: Ninetales\n|move|p1b: Kangaskhan|Rock Slide|p2a: Pelipper|[spread] p2a,p2b\n|-supereffective|p2a: Pelipper|1\n|-supereffective|p2b: Ninetales|1\n|-damage|p2a: Pelipper|66/100 par\n|-damage|p2b: Ninetales|22/100\n|move|p1a: Pelipper|Hurricane|p2b: Ninetales\n|-damage|p2b: Ninetales|0 fnt\n|faint|p2b: Ninetales\n|move|p2a: Pelipper|Hydro Pump|p1b: Kangaskhan\n|-damage|p1b: Kangaskhan|0 fnt\n|faint|p1b: Kangaskhan\n|\n|-weather|RainDance|[upkeep]\n|-sideend|p1: takethephilpill|Reflect\n|upkeep\n|\n|t:|1776344992\n|switch|p1b: Simipour|Simipour, L50, M|27/100\n|turn|6\n|\n|t:|1776345010\n|move|p1b: Simipour|Blizzard|p2a: Pelipper\n|-damage|p2a: Pelipper|30/100 par\n|move|p1a: Pelipper|Hurricane|p2a: Pelipper\n|-damage|p2a: Pelipper|0 fnt\n|faint|p2a: Pelipper\n|\n|win|takethephilpill\n|raw|takethephilpill's rating: 1113 &rarr; <strong>1135</strong><br />(+22 for winning)\n|raw|phynixx's rating: 1073 &rarr; <strong>1054</strong><br />(-19 for losing)\n",
  "uploadtime": 1776345015,
  "views": 31,
  "formatid": "gen9championsvgc2026regma",
  "rating": 1054,
  "private": 0,
  "password": null
}