{
  "id": "gen9championsvgc2026regma-2586145167",
  "format": "[Gen 9 Champions] VGC 2026 Reg M-A",
  "players": [
    "0v3rk1ll3r",
    "dumbnub"
  ],
  "log": "|j|\u203d0v3rk1ll3r\n|j|\u2606dumbnub\n|t:|1776404679\n|gametype|doubles\n|player|p1|0v3rk1ll3r|steven|1186\n|player|p2|dumbnub|ninjaboy|1129\n|gen|9\n|tier|[Gen 9 Champions] VGC 2026 Reg M-A\n|rated|\n|rule|Species Clause: Limit one of each Pok\u00e9mon\n|rule|Item Clause: Limit 1 of each item\n|clearpoke\n|poke|p1|Dragonite, L50, M|\n|poke|p1|Kingambit, L50, M|\n|poke|p1|Venusaur, L50, M|\n|poke|p1|Incineroar, L50, F|\n|poke|p1|Basculegion, L50, M|\n|poke|p1|Sneasler, L50, F|\n|poke|p2|Lucario, L50, M|\n|poke|p2|Altaria, L50, M|\n|poke|p2|Farigiraf, L50, F|\n|poke|p2|Incineroar, L50, M|\n|poke|p2|Slowking-Galar, L50, F|\n|poke|p2|Sinistcha, L50|\n|teampreview|4\n|inactive|Battle timer is ON: inactive players will automatically lose when time's up. (requested by 0v3rk1ll3r)\n0v3rk1ll3r rejected open team sheets.\n|inactive|dumbnub has 60 seconds left.\n|inactive|dumbnub has 30 seconds left.\n|inactive|dumbnub has 20 seconds left.\n|\n|t:|1776404751\n|teamsize|p1|4\n|teamsize|p2|4\n|start\n|switch|p1a: Dragonite|Dragonite, L50, M, shiny|100/100\n|switch|p1b: Venusaur|Venusaur, L50, M, shiny|100/100\n|switch|p2a: Lucario|Lucario, L50, M|100/100\n|switch|p2b: Farigiraf|Farigiraf, L50, F|100/100\n|turn|1\n|\n|t:|1776404774\n|detailschange|p2a: Lucario|Lucario-Mega, L50, M\n|-mega|p2a: Lucario|Lucario|Lucarionite\n|detailschange|p1a: Dragonite|Dragonite-Mega, L50, M, shiny\n|-mega|p1a: Dragonite|Dragonite|Dragoninite\n|move|p2a: Lucario|Flash Cannon|p1b: Venusaur\n|-damage|p1b: Venusaur|47/100\n|move|p1a: Dragonite|Heat Wave|p2a: Lucario|[spread] p2a,p2b\n|-supereffective|p2a: Lucario|1\n|-damage|p2a: Lucario|12/100\n|-damage|p2b: Farigiraf|82/100\n|move|p1b: Venusaur|Sleep Powder|p2b: Farigiraf\n|-status|p2b: Farigiraf|slp|[from] move: Sleep Powder\n|cant|p2b: Farigiraf|slp\n|\n|upkeep\n|turn|2\n|\n|t:|1776404795\n|switch|p2a: Incineroar|Incineroar, L50, M|100/100\n|-ability|p2a: Incineroar|Intimidate|boost\n|-unboost|p1a: Dragonite|atk|1\n|-unboost|p1b: Venusaur|atk|1\n|move|p1b: Venusaur|Protect|p1b: Venusaur\n|-singleturn|p1b: Venusaur|Protect\n|-curestatus|p2b: Farigiraf|slp|[msg]\n|move|p2b: Farigiraf|Protect|p2b: Farigiraf\n|-singleturn|p2b: Farigiraf|Protect\n|move|p1a: Dragonite|Heat Wave|p2b: Farigiraf|[spread] p2a\n|-activate|p2b: Farigiraf|move: Protect\n|-resisted|p2a: Incineroar|1\n|-damage|p2a: Incineroar|89/100\n|\n|upkeep\n|turn|3\n|\n|t:|1776404813\n|move|p2a: Incineroar|Fake Out|p1a: Dragonite\n|-damage|p1a: Dragonite|96/100\n|cant|p1a: Dragonite|flinch\n|move|p1b: Venusaur|Sludge Bomb|p2b: Farigiraf\n|-damage|p2b: Farigiraf|57/100\n|-status|p2b: Farigiraf|psn\n|move|p2b: Farigiraf|Trick Room|p2b: Farigiraf\n|-fieldstart|move: Trick Room|[of] p2b: Farigiraf\n|\n|-damage|p2b: Farigiraf|45/100 psn|[from] psn\n|upkeep\n|turn|4\n|\n|t:|1776404830\n|move|p1b: Venusaur|Protect|p1b: Venusaur\n|-singleturn|p1b: Venusaur|Protect\n|move|p2b: Farigiraf|Psychic|p1b: Venusaur\n|-activate|p1b: Venusaur|move: Protect\n|move|p2a: Incineroar|Parting Shot|p1a: Dragonite\n|-unboost|p1a: Dragonite|atk|1\n|-unboost|p1a: Dragonite|spa|1\n|\n|t:|1776404839\n|switch|p2a: Slowking|Slowking-Galar, L50, F|100/100|[from] Parting Shot\n|move|p1a: Dragonite|Dragon Pulse|p2b: Farigiraf\n|-damage|p2b: Farigiraf|21/100 psn\n|\n|-damage|p2b: Farigiraf|8/100 psn|[from] psn\n|upkeep\n|turn|5\n|\n|t:|1776404855\n|switch|p1b: Kingambit|Kingambit, L50, M, shiny|100/100\n|switch|p1a: Basculegion|Basculegion, L50, M, shiny|100/100\n|move|p2a: Slowking|Psychic|p1b: Kingambit\n|-immune|p1b: Kingambit\n|move|p2b: Farigiraf|Hyper Voice|p1b: Kingambit|[spread] p1b\n|-immune|p1a: Basculegion\n|-resisted|p1b: Kingambit|1\n|-crit|p1b: Kingambit\n|-damage|p1b: Kingambit|83/100\n|\n|-damage|p2b: Farigiraf|0 fnt|[from] psn\n|faint|p2b: Farigiraf\n|upkeep\n|\n|t:|1776404869\n|switch|p2b: Lucario|Lucario-Mega, L50, M|12/100\n|turn|6\n|\n|t:|1776404880\n|switch|p2a: Incineroar|Incineroar, L50, M|89/100\n|-ability|p2a: Incineroar|Intimidate|boost\n|-unboost|p1a: Basculegion|atk|1\n|-unboost|p1b: Kingambit|atk|1\n|-ability|p1b: Kingambit|Defiant|boost\n|-boost|p1b: Kingambit|atk|2\n|move|p2b: Lucario|Protect|p2b: Lucario\n|-singleturn|p2b: Lucario|Protect\n|move|p1a: Basculegion|Aqua Jet|p2b: Lucario\n|-activate|p2b: Lucario|move: Protect\n|move|p1b: Kingambit|Kowtow Cleave|p2a: Incineroar\n|-resisted|p2a: Incineroar|1\n|-damage|p2a: Incineroar|63/100\n|\n|upkeep\n|turn|7\n|inactive|dumbnub has 30 seconds left.\n|\n|t:|1776404907\n|switch|p1b: Venusaur|Venusaur, L50, M, shiny|47/100\n|switch|p2b: Slowking|Slowking-Galar, L50, F|100/100\n|move|p1a: Basculegion|Aqua Jet|p2b: Slowking\n|-damage|p2b: Slowking|81/100\n|move|p2a: Incineroar|Throat Chop|p1a: Basculegion\n|-supereffective|p1a: Basculegion|1\n|-damage|p1a: Basculegion|17/100\n|-start|p1a: Basculegion|Throat Chop|[silent]\n|\n|-heal|p2b: Slowking|87/100|[from] item: Leftovers\n|-fieldend|move: Trick Room\n|upkeep\n|turn|8\n|\n|t:|1776404928\n|switch|p1a: Kingambit|Kingambit, L50, M, shiny|83/100\n|move|p2a: Incineroar|Fake Out||[still]\n|-hint|Fake Out only works on your first turn out.\n|-fail|p2a: Incineroar\n|move|p1b: Venusaur|Sleep Powder|p2b: Slowking|[miss]\n|-miss|p1b: Venusaur|p2b: Slowking\n|move|p2b: Slowking|Trick Room|p2b: Slowking\n|-fieldstart|move: Trick Room|[of] p2b: Slowking\n|\n|-heal|p2b: Slowking|93/100|[from] item: Leftovers\n|upkeep\n|turn|9\n|\n|t:|1776404944\n|move|p1a: Kingambit|Sucker Punch|p2b: Slowking\n|-supereffective|p2b: Slowking|1\n|-damage|p2b: Slowking|5/100\n|move|p2b: Slowking|Psychic|p1b: Venusaur\n|-supereffective|p1b: Venusaur|1\n|-damage|p1b: Venusaur|0 fnt\n|faint|p1b: Venusaur\n|move|p2a: Incineroar|Parting Shot|p1a: Kingambit\n|-unboost|p1a: Kingambit|atk|1\n|-ability|p1a: Kingambit|Defiant|boost\n|-boost|p1a: Kingambit|atk|2\n|-unboost|p1a: Kingambit|spa|1\n|-ability|p1a: Kingambit|Defiant|boost\n|-boost|p1a: Kingambit|atk|2\n|\n|t:|1776404956\n|switch|p2a: Lucario|Lucario-Mega, L50, M|12/100|[from] Parting Shot\n|\n|-heal|p2b: Slowking|11/100|[from] item: Leftovers\n|upkeep\n|\n|t:|1776404963\n|switch|p1b: Basculegion|Basculegion, L50, M, shiny|17/100\n|turn|10\n|\n|t:|1776404973\n|move|p1a: Kingambit|Sucker Punch|p2b: Slowking\n|-supereffective|p2b: Slowking|1\n|-damage|p2b: Slowking|0 fnt\n|faint|p2b: Slowking\n|move|p2a: Lucario|Vacuum Wave|p1a: Kingambit\n|-supereffective|p1a: Kingambit|2\n|-enditem|p1a: Kingambit|Chople Berry|[eat]\n|-enditem|p1a: Kingambit|Chople Berry|[weaken]\n|-damage|p1a: Kingambit|20/100\n|move|p1b: Basculegion|Aqua Jet|p2a: Lucario\n|-damage|p2a: Lucario|0 fnt\n|faint|p2a: Lucario\n|\n|upkeep\n|c|\u2606dumbnub|gg\n|-message|dumbnub forfeited.\n|\n|win|0v3rk1ll3r\n|raw|0v3rk1ll3r's rating: 1186 &rarr; <strong>1207</strong><br />(+21 for winning)\n|raw|dumbnub's rating: 1129 &rarr; <strong>1108</strong><br />(-21 for losing)\n",
  "uploadtime": 1776404990,
  "views": 18,
  "formatid": "gen9championsvgc2026regma",
  "rating": 1108,
  "private": 0,
  "password": null
}