{
  "id": "gen9championsvgc2026regma-2585928640",
  "format": "[Gen 9 Champions] VGC 2026 Reg M-A",
  "players": [
    "nickzwr",
    "performaticz"
  ],
  "log": "|j|\u2606nickzwr\n|j|\u2606performaticz\n|t:|1776382314\n|gametype|doubles\n|player|p1|nickzwr|gambler|1129\n|player|p2|performaticz|wallace|1052\n|gen|9\n|tier|[Gen 9 Champions] VGC 2026 Reg M-A\n|rated|\n|rule|Species Clause: Limit one of each Pok\u00e9mon\n|rule|Item Clause: Limit 1 of each item\n|clearpoke\n|poke|p1|Dragonite, L50, M|\n|poke|p1|Milotic, L50, M|\n|poke|p1|Espathra, L50, F|\n|poke|p1|Sneasler, L50, F|\n|poke|p1|Venusaur, L50, M|\n|poke|p1|Incineroar, L50, F|\n|poke|p2|Incineroar, L50, M|\n|poke|p2|Glimmora, L50, M|\n|poke|p2|Whimsicott, L50, F|\n|poke|p2|Rotom-Wash, L50|\n|poke|p2|Archaludon, L50, M|\n|poke|p2|Sinistcha, L50|\n|teampreview|4\n|\n|t:|1776382369\n|teamsize|p1|4\n|teamsize|p2|4\n|start\n|switch|p1a: Sneasler|Sneasler, L50, F|100/100\n|switch|p1b: Espathra|Espathra, L50, F|100/100\n|switch|p2a: Glimmora|Glimmora, L50, M, shiny|100/100\n|switch|p2b: Whimsicott|Whimsicott, L50, F, shiny|100/100\n|turn|1\n|\n|t:|1776382404\n|detailschange|p2a: Glimmora|Glimmora-Mega, L50, M, shiny\n|-mega|p2a: Glimmora|Glimmora|Glimmoranite\n|move|p2b: Whimsicott|Protect|p2b: Whimsicott\n|-singleturn|p2b: Whimsicott|Protect\n|move|p1a: Sneasler|Dire Claw|p2b: Whimsicott\n|-activate|p2b: Whimsicott|move: Protect\n|move|p1b: Espathra|Calm Mind|p1b: Espathra\n|-boost|p1b: Espathra|spa|1\n|-boost|p1b: Espathra|spd|1\n|move|p2a: Glimmora|Rock Slide|p1b: Espathra|[spread] p1a,p1b\n|-resisted|p1a: Sneasler|1\n|-damage|p1a: Sneasler|80/100\n|-damage|p1b: Espathra|64/100\n|\n|-ability|p1b: Espathra|Speed Boost|boost\n|-boost|p1b: Espathra|spe|1\n|upkeep\n|turn|2\n|\n|t:|1776382461\n|move|p2b: Whimsicott|Helping Hand|p2a: Glimmora\n|-singleturn|p2a: Glimmora|Helping Hand|[of] p2b: Whimsicott\n|move|p1b: Espathra|Calm Mind|p1b: Espathra\n|-boost|p1b: Espathra|spa|1\n|-boost|p1b: Espathra|spd|1\n|move|p1a: Sneasler|Dire Claw|p2b: Whimsicott\n|-supereffective|p2b: Whimsicott|2\n|-enditem|p2b: Whimsicott|Focus Sash\n|-damage|p2b: Whimsicott|1/100\n|move|p2a: Glimmora|Earth Power|p1a: Sneasler\n|-supereffective|p1a: Sneasler|1\n|-damage|p1a: Sneasler|0 fnt\n|faint|p1a: Sneasler\n|\n|-ability|p1b: Espathra|Speed Boost|boost\n|-boost|p1b: Espathra|spe|1\n|upkeep\n|\n|t:|1776382483\n|switch|p1a: Milotic|Milotic, L50, M|100/100\n|turn|3\n|\n|t:|1776382498\n|move|p1b: Espathra|Baton Pass|p1b: Espathra\n|\n|t:|1776382501\n|switch|p1b: Dragonite|Dragonite, L50, M, shiny|100/100|[from] Baton Pass\n|move|p2a: Glimmora|Sludge Wave|p1a: Milotic|[spread] p2b,p1a,p1b\n|-supereffective|p2b: Whimsicott|2\n|-damage|p2b: Whimsicott|0 fnt\n|-damage|p1a: Milotic|51/100\n|-damage|p1b: Dragonite|85/100\n|-status|p1a: Milotic|psn\n|faint|p2b: Whimsicott\n|move|p1a: Milotic|Icy Wind|p2a: Glimmora\n|-damage|p2a: Glimmora|84/100\n|-unboost|p2a: Glimmora|spe|1\n|\n|-heal|p1a: Milotic|57/100 psn|[from] item: Leftovers\n|-damage|p1a: Milotic|45/100 psn|[from] psn\n|upkeep\n|\n|t:|1776382519\n|switch|p2b: Incineroar|Incineroar, L50, M, shiny|100/100\n|-ability|p2b: Incineroar|Intimidate|boost\n|-unboost|p1a: Milotic|atk|1\n|-ability|p1a: Milotic|Competitive|boost\n|-boost|p1a: Milotic|spa|2\n|-unboost|p1b: Dragonite|atk|1\n|turn|4\n|\n|t:|1776382540\n|detailschange|p1b: Dragonite|Dragonite-Mega, L50, M, shiny\n|-mega|p1b: Dragonite|Dragonite|Dragoninite\n|move|p2b: Incineroar|Fake Out|p1b: Dragonite\n|-damage|p1b: Dragonite|74/100\n|cant|p1b: Dragonite|flinch\n|move|p1a: Milotic|Scald|p2b: Incineroar\n|-supereffective|p2b: Incineroar|1\n|-damage|p2b: Incineroar|0 fnt\n|faint|p2b: Incineroar\n|move|p2a: Glimmora|Rock Slide|p1b: Dragonite|[spread] p1a,p1b\n|-supereffective|p1b: Dragonite|1\n|-crit|p1b: Dragonite\n|-damage|p1a: Milotic|22/100 psn\n|-damage|p1b: Dragonite|2/100\n|\n|-heal|p1a: Milotic|28/100 psn|[from] item: Leftovers\n|-damage|p1a: Milotic|16/100 psn|[from] psn\n|upkeep\n|\n|t:|1776382560\n|switch|p2b: Archaludon|Archaludon, L50, M, shiny|100/100\n|turn|5\n|\n|t:|1776382585\n|move|p2a: Glimmora|Protect|p2a: Glimmora\n|-singleturn|p2a: Glimmora|Protect\n|move|p1b: Dragonite|Heat Wave|p2b: Archaludon|[spread] \n|-activate|p2a: Glimmora|move: Protect\n|-miss|p1b: Dragonite|p2b: Archaludon\n|move|p1a: Milotic|Scald|p2a: Glimmora\n|-activate|p2a: Glimmora|move: Protect\n|move|p2b: Archaludon|Body Slam|p1b: Dragonite\n|-crit|p1b: Dragonite\n|-damage|p1b: Dragonite|0 fnt\n|faint|p1b: Dragonite\n|\n|-heal|p1a: Milotic|22/100 psn|[from] item: Leftovers\n|-damage|p1a: Milotic|9/100 psn|[from] psn\n|upkeep\n|\n|t:|1776382599\n|switch|p1b: Espathra|Espathra, L50, F|64/100\n|turn|6\n|\n|t:|1776382617\n|move|p1b: Espathra|Lumina Crash|p2a: Glimmora\n|-supereffective|p2a: Glimmora|1\n|-damage|p2a: Glimmora|0 fnt\n|faint|p2a: Glimmora\n|move|p1a: Milotic|Icy Wind|p2b: Archaludon\n|-damage|p2b: Archaludon|70/100\n|-unboost|p2b: Archaludon|spe|1\n|-ability|p2b: Archaludon|Stamina|boost\n|-boost|p2b: Archaludon|def|1\n|move|p2b: Archaludon|Body Slam|p1b: Espathra\n|-damage|p1b: Espathra|33/100\n|\n|-heal|p1a: Milotic|15/100 psn|[from] item: Leftovers\n|-heal|p2b: Archaludon|76/100|[from] item: Leftovers\n|-damage|p1a: Milotic|3/100 psn|[from] psn\n|-ability|p1b: Espathra|Speed Boost|boost\n|-boost|p1b: Espathra|spe|1\n|upkeep\n|turn|7\n|\n|t:|1776382639\n|move|p1b: Espathra|Lumina Crash|p2b: Archaludon\n|-resisted|p2b: Archaludon|1\n|-damage|p2b: Archaludon|55/100\n|-unboost|p2b: Archaludon|spd|2\n|-ability|p2b: Archaludon|Stamina|boost\n|-boost|p2b: Archaludon|def|1\n|move|p1a: Milotic|Scald|p2b: Archaludon\n|-resisted|p2b: Archaludon|1\n|-crit|p2b: Archaludon\n|-damage|p2b: Archaludon|0 fnt\n|faint|p2b: Archaludon\n|\n|win|nickzwr\n|raw|nickzwr's rating: 1129 &rarr; <strong>1149</strong><br />(+20 for winning)\n|raw|performaticz's rating: 1052 &rarr; <strong>1038</strong><br />(-14 for losing)\n",
  "uploadtime": 1776382650,
  "views": 22,
  "formatid": "gen9championsvgc2026regma",
  "rating": 1038,
  "private": 0,
  "password": null
}