{
  "id": "gen9championsvgc2026regma-2585766565",
  "format": "[Gen 9 Champions] VGC 2026 Reg M-A",
  "players": [
    "Law_NBD",
    "Tacocat013"
  ],
  "log": "|j|\u2606Law_NBD\n|j|\u2606Tacocat013\n|t:|1776369134\n|gametype|doubles\n|player|p1|Law_NBD|265|1192\n|player|p2|Tacocat013|hilbert|1119\n|gen|9\n|tier|[Gen 9 Champions] VGC 2026 Reg M-A\n|rated|\n|rule|Species Clause: Limit one of each Pok\u00e9mon\n|rule|Item Clause: Limit 1 of each item\n|clearpoke\n|poke|p1|Scovillain, L50, F|\n|poke|p1|Milotic, L50, M|\n|poke|p1|Espathra, L50, F|\n|poke|p1|Sinistcha, L50|\n|poke|p1|Incineroar, L50, F|\n|poke|p1|Sableye, L50, M|\n|poke|p2|Aerodactyl, L50, M|\n|poke|p2|Rotom-Wash, L50|\n|poke|p2|Incineroar, L50, F|\n|poke|p2|Charizard, L50, F|\n|poke|p2|Garganacl, L50, M|\n|poke|p2|Venusaur, L50, F|\n|teampreview|4\n|inactive|Battle timer is ON: inactive players will automatically lose when time's up. (requested by Tacocat013)\n|\n|t:|1776369165\n|teamsize|p1|4\n|teamsize|p2|4\n|start\n|switch|p1a: Incineroar|Incineroar, L50, F|100/100\n|switch|p1b: Espathra|Espathra, L50, F|100/100\n|switch|p2a: Aerodactyl|Aerodactyl, L50, M|100/100\n|switch|p2b: Charizard|Charizard, L50, F|100/100\n|-ability|p2a: Aerodactyl|Unnerve\n|-ability|p1a: Incineroar|Intimidate|boost\n|-unboost|p2a: Aerodactyl|atk|1\n|-unboost|p2b: Charizard|atk|1\n|turn|1\n|\n|t:|1776369183\n|detailschange|p2b: Charizard|Charizard-Mega-Y, L50, F\n|-mega|p2b: Charizard|Charizard|Charizardite Y\n|-weather|SunnyDay|[from] ability: Drought|[of] p2b: Charizard\n|move|p2a: Aerodactyl|Protect|p2a: Aerodactyl\n|-singleturn|p2a: Aerodactyl|Protect\n|move|p2b: Charizard|Protect|p2b: Charizard\n|-singleturn|p2b: Charizard|Protect\n|move|p1a: Incineroar|Fake Out|p2b: Charizard\n|-activate|p2b: Charizard|move: Protect\n|move|p1b: Espathra|Calm Mind|p1b: Espathra\n|-boost|p1b: Espathra|spa|1\n|-boost|p1b: Espathra|spd|1\n|\n|-weather|SunnyDay|[upkeep]\n|-ability|p1b: Espathra|Speed Boost|boost\n|-boost|p1b: Espathra|spe|1\n|upkeep\n|turn|2\n|\n|t:|1776369203\n|move|p1b: Espathra|Protect|p1b: Espathra\n|-singleturn|p1b: Espathra|Protect\n|move|p2a: Aerodactyl|Tailwind|p2a: Aerodactyl\n|-sidestart|p2: Tacocat013|move: Tailwind\n|move|p2b: Charizard|Weather Ball|p1b: Espathra\n|-activate|p1b: Espathra|move: Protect\n|move|p1a: Incineroar|Parting Shot|p2a: Aerodactyl\n|-unboost|p2a: Aerodactyl|atk|1\n|-unboost|p2a: Aerodactyl|spa|1\n|\n|t:|1776369214\n|switch|p1a: Sableye|Sableye, L50, M|100/100|[from] Parting Shot\n|\n|-weather|SunnyDay|[upkeep]\n|-ability|p1b: Espathra|Speed Boost|boost\n|-boost|p1b: Espathra|spe|1\n|upkeep\n|turn|3\n|\n|t:|1776369225\n|switch|p2a: Venusaur|Venusaur, L50, F|100/100\n|move|p1a: Sableye|Fake Out|p2b: Charizard\n|-damage|p2b: Charizard|89/100\n|cant|p2b: Charizard|flinch\n|move|p1b: Espathra|Calm Mind|p1b: Espathra\n|-boost|p1b: Espathra|spa|1\n|-boost|p1b: Espathra|spd|1\n|\n|-weather|SunnyDay|[upkeep]\n|-ability|p1b: Espathra|Speed Boost|boost\n|-boost|p1b: Espathra|spe|1\n|upkeep\n|turn|4\n|\n|t:|1776369246\n|switch|p1a: Incineroar|Incineroar, L50, F|100/100\n|-ability|p1a: Incineroar|Intimidate|boost\n|-unboost|p2a: Venusaur|atk|1\n|-unboost|p2b: Charizard|atk|1\n|move|p1b: Espathra|Protect|p1b: Espathra\n|-singleturn|p1b: Espathra|Protect\n|move|p2a: Venusaur|Solar Beam||[still]\n|-prepare|p2a: Venusaur|Solar Beam\n|-anim|p2a: Venusaur|Solar Beam|p1b: Espathra\n|-activate|p1b: Espathra|move: Protect\n|move|p2b: Charizard|Heat Wave|p1b: Espathra|[spread] p1a\n|-activate|p1b: Espathra|move: Protect\n|-resisted|p1a: Incineroar|1\n|-damage|p1a: Incineroar|72/100\n|\n|-weather|SunnyDay|[upkeep]\n|-ability|p1b: Espathra|Speed Boost|boost\n|-boost|p1b: Espathra|spe|1\n|upkeep\n|turn|5\n|\n|t:|1776369274\n|switch|p2b: Incineroar|Incineroar, L50, F|100/100\n|-ability|p2b: Incineroar|Intimidate|boost\n|-unboost|p1a: Incineroar|atk|1\n|-unboost|p1b: Espathra|atk|1\n|move|p1a: Incineroar|Fake Out|p2a: Venusaur\n|-damage|p2a: Venusaur|90/100\n|cant|p2a: Venusaur|flinch\n|move|p1b: Espathra|Calm Mind|p1b: Espathra\n|-boost|p1b: Espathra|spa|1\n|-boost|p1b: Espathra|spd|1\n|\n|-weather|none\n|-sideend|p2: Tacocat013|move: Tailwind\n|-ability|p1b: Espathra|Speed Boost|boost\n|-boost|p1b: Espathra|spe|1\n|upkeep\n|turn|6\n|\n|t:|1776369295\n|switch|p2b: Charizard|Charizard-Mega-Y, L50, F|89/100\n|-weather|SunnyDay|[from] ability: Drought|[of] p2b: Charizard\n|move|p1b: Espathra|Baton Pass|p1b: Espathra\n|\n|t:|1776369307\n|switch|p1b: Sinistcha|Sinistcha, L50|100/100|[from] Baton Pass\n|move|p2a: Venusaur|Solar Beam||[still]\n|-prepare|p2a: Venusaur|Solar Beam\n|-anim|p2a: Venusaur|Solar Beam|p1b: Sinistcha\n|-resisted|p1b: Sinistcha|1\n|-damage|p1b: Sinistcha|90/100\n|move|p1a: Incineroar|Parting Shot|p2a: Venusaur\n|-unboost|p2a: Venusaur|atk|1\n|-unboost|p2a: Venusaur|spa|1\n|\n|t:|1776369318\n|switch|p1a: Sableye|Sableye, L50, M|100/100|[from] Parting Shot\n|\n|-weather|SunnyDay|[upkeep]\n|upkeep\n|turn|7\n|\n|t:|1776369333\n|move|p2a: Venusaur|Protect|p2a: Venusaur\n|-singleturn|p2a: Venusaur|Protect\n|move|p2b: Charizard|Protect|p2b: Charizard\n|-singleturn|p2b: Charizard|Protect\n|move|p1a: Sableye|Fake Out|p2a: Venusaur\n|-activate|p2a: Venusaur|move: Protect\n|move|p1b: Sinistcha|Matcha Gotcha|p2a: Venusaur|[spread] \n|-activate|p2a: Venusaur|move: Protect\n|-activate|p2b: Charizard|move: Protect\n|\n|-weather|SunnyDay|[upkeep]\n|upkeep\n|turn|8\n|\n|t:|1776369351\n|switch|p1a: Incineroar|Incineroar, L50, F|72/100\n|-ability|p1a: Incineroar|Intimidate|boost\n|-unboost|p2a: Venusaur|atk|1\n|-unboost|p2b: Charizard|atk|1\n|move|p1b: Sinistcha|Protect|p1b: Sinistcha\n|-singleturn|p1b: Sinistcha|Protect\n|move|p2a: Venusaur|Sludge Bomb|p1b: Sinistcha\n|-activate|p1b: Sinistcha|move: Protect\n|move|p2b: Charizard|Weather Ball|p1b: Sinistcha\n|-activate|p1b: Sinistcha|move: Protect\n|\n|-weather|SunnyDay|[upkeep]\n|upkeep\n|turn|9\n|\n|t:|1776369369\n|move|p1a: Incineroar|Fake Out|p2a: Venusaur\n|-damage|p2a: Venusaur|73/100\n|move|p1b: Sinistcha|Matcha Gotcha|p2a: Venusaur|[spread] p2b\n|-miss|p1b: Sinistcha|p2a: Venusaur\n|-resisted|p2b: Charizard|2\n|-damage|p2b: Charizard|70/100\n|-heal|p1b: Sinistcha|98/100|[from] drain|[of] p2b: Charizard\n|cant|p2a: Venusaur|flinch\n|move|p2b: Charizard|Weather Ball|p1b: Sinistcha\n|-supereffective|p1b: Sinistcha|1\n|-damage|p1b: Sinistcha|51/100\n|\n|-weather|SunnyDay|[upkeep]\n|upkeep\n|turn|10\n|\n|t:|1776369394\n|move|p1b: Sinistcha|Protect|p1b: Sinistcha\n|-singleturn|p1b: Sinistcha|Protect\n|move|p2a: Venusaur|Sludge Bomb|p1a: Incineroar\n|-damage|p1a: Incineroar|50/100\n|-enditem|p1a: Incineroar|Sitrus Berry|[eat]\n|-heal|p1a: Incineroar|74/100|[from] item: Sitrus Berry\n|move|p2b: Charizard|Weather Ball|p1b: Sinistcha\n|-activate|p1b: Sinistcha|move: Protect\n|move|p1a: Incineroar|Flare Blitz|p2a: Venusaur\n|-supereffective|p2a: Venusaur|1\n|-damage|p2a: Venusaur|0 fnt\n|faint|p2a: Venusaur\n|-damage|p1a: Incineroar|52/100|[from] Recoil\n|\n|-weather|none\n|upkeep\n|\n|t:|1776369401\n|switch|p2a: Aerodactyl|Aerodactyl, L50, M|100/100\n|-ability|p2a: Aerodactyl|Unnerve\n|turn|11\n|\n|t:|1776369415\n|move|p1b: Sinistcha|Matcha Gotcha|p2a: Aerodactyl|[spread] p2a,p2b\n|-resisted|p2b: Charizard|2\n|-enditem|p2a: Aerodactyl|Focus Sash\n|-damage|p2a: Aerodactyl|1/100\n|-heal|p1b: Sinistcha|95/100|[from] drain|[of] p2a: Aerodactyl\n|-damage|p2b: Charizard|48/100\n|-heal|p1b: Sinistcha|100/100|[from] drain|[of] p2b: Charizard\n|-status|p2a: Aerodactyl|brn\n|move|p2a: Aerodactyl|Rock Slide|p1b: Sinistcha|[spread] p1a,p1b\n|-supereffective|p1a: Incineroar|1\n|-damage|p1a: Incineroar|26/100\n|-damage|p1b: Sinistcha|88/100\n|move|p2b: Charizard|Sunny Day|p2b: Charizard\n|-weather|SunnyDay\n|move|p1a: Incineroar|Darkest Lariat|p2b: Charizard\n|-damage|p2b: Charizard|0 fnt\n|faint|p2b: Charizard\n|\n|-weather|SunnyDay|[upkeep]\n|-damage|p2a: Aerodactyl|0 fnt|[from] brn\n|faint|p2a: Aerodactyl\n|upkeep\n|\n|t:|1776369429\n|switch|p2a: Incineroar|Incineroar, L50, F|100/100\n|-ability|p2a: Incineroar|Intimidate|boost\n|-unboost|p1a: Incineroar|atk|1\n|-unboost|p1b: Sinistcha|atk|1\n|turn|12\n|\n|t:|1776369448\n|switch|p1a: Sableye|Sableye, L50, M|100/100\n|move|p1b: Sinistcha|Matcha Gotcha|p2a: Incineroar\n|-resisted|p2a: Incineroar|1\n|-damage|p2a: Incineroar|59/100\n|-heal|p1b: Sinistcha|100/100|[from] drain|[of] p2a: Incineroar\n|move|p2a: Incineroar|Darkest Lariat|p1b: Sinistcha\n|-supereffective|p1b: Sinistcha|1\n|-damage|p1b: Sinistcha|25/100\n|\n|-weather|SunnyDay|[upkeep]\n|upkeep\n|turn|13\n|\n|t:|1776369463\n|move|p1a: Sableye|Fake Out|p2a: Incineroar\n|-damage|p2a: Incineroar|52/100\n|move|p1b: Sinistcha|Matcha Gotcha|p2a: Incineroar\n|-resisted|p2a: Incineroar|1\n|-damage|p2a: Incineroar|14/100\n|-heal|p1b: Sinistcha|47/100|[from] drain|[of] p2a: Incineroar\n|cant|p2a: Incineroar|flinch\n|\n|-weather|SunnyDay|[upkeep]\n|upkeep\n|turn|14\n|\n|t:|1776369480\n|detailschange|p1a: Sableye|Sableye-Mega, L50, M\n|-mega|p1a: Sableye|Sableye|Sablenite\n|move|p1b: Sinistcha|Protect|p1b: Sinistcha\n|-singleturn|p1b: Sinistcha|Protect\n|move|p2a: Incineroar|Darkest Lariat|p1b: Sinistcha\n|-activate|p1b: Sinistcha|move: Protect\n|move|p1a: Sableye|Knock Off|p2a: Incineroar\n|-resisted|p2a: Incineroar|1\n|-damage|p2a: Incineroar|0 fnt\n|-enditem|p2a: Incineroar|Black Glasses|[from] move: Knock Off|[of] p1a: Sableye\n|faint|p2a: Incineroar\n|\n|win|Law_NBD\n|raw|Law_NBD's rating: 1192 &rarr; <strong>1212</strong><br />(+20 for winning)\n|raw|Tacocat013's rating: 1119 &rarr; <strong>1099</strong><br />(-20 for losing)\n|l|\u2606Tacocat013\n|player|p2|\n",
  "uploadtime": 1776369493,
  "views": 31,
  "formatid": "gen9championsvgc2026regma",
  "rating": 1099,
  "private": 0,
  "password": null
}