{
  "id": "gen9championsvgc2026regma-2586321897",
  "format": "[Gen 9 Champions] VGC 2026 Reg M-A",
  "players": [
    "mewosugi",
    "FunnyPheesh"
  ],
  "log": "|j|\u2606mewosugi\n|j|\u2606FunnyPheesh\n|t:|1776425115\n|gametype|doubles\n|player|p1|mewosugi|266|1110\n|player|p2|FunnyPheesh|gwynn|1183\n|gen|9\n|tier|[Gen 9 Champions] VGC 2026 Reg M-A\n|rated|\n|rule|Species Clause: Limit one of each Pok\u00e9mon\n|rule|Item Clause: Limit 1 of each item\n|clearpoke\n|poke|p1|Skarmory, L50, F|\n|poke|p1|Garchomp, L50, M|\n|poke|p1|Sneasler, L50, F|\n|poke|p1|Incineroar, L50, F|\n|poke|p1|Sinistcha, L50|\n|poke|p1|Primarina, L50, M|\n|poke|p2|Alakazam, L50, M|\n|poke|p2|Floette-Eternal, L50, F|\n|poke|p2|Sinistcha-Masterpiece, L50|\n|poke|p2|Incineroar, L50, M|\n|poke|p2|Corviknight, L50, M|\n|poke|p2|Drampa, L50, F|\n|teampreview|4\n|inactive|Battle timer is ON: inactive players will automatically lose when time's up. (requested by mewosugi)\n|inactive|mewosugi has 60 seconds left.\n|inactive|FunnyPheesh has 60 seconds left.\n|\n|t:|1776425154\n|teamsize|p1|4\n|teamsize|p2|4\n|start\n|switch|p1a: Sneasler|Sneasler, L50, F|100/100\n|switch|p1b: Incineroar|Incineroar, L50, F|100/100\n|switch|p2a: Floette|Floette-Eternal, L50, F|100/100\n|switch|p2b: Alakazam|Alakazam, L50, M|100/100\n|-ability|p1b: Incineroar|Intimidate|boost\n|-unboost|p2a: Floette|atk|1\n|-unboost|p2b: Alakazam|atk|1\n|turn|1\n|inactive|mewosugi has 30 seconds left.\n|inactive|FunnyPheesh has 30 seconds left.\n|\n|t:|1776425193\n|detailschange|p2a: Floette|Floette-Mega, L50, F\n|-mega|p2a: Floette|Floette|Floettite\n|-ability|p2a: Floette|Fairy Aura\n|move|p2a: Floette|Protect|p2a: Floette\n|-singleturn|p2a: Floette|Protect\n|move|p1b: Incineroar|Fake Out|p2a: Floette\n|-activate|p2a: Floette|move: Protect\n|move|p2b: Alakazam|Reflect|p2b: Alakazam\n|-sidestart|p2: FunnyPheesh|Reflect\n|move|p1a: Sneasler|Dire Claw|p2a: Floette\n|-activate|p2a: Floette|move: Protect\n|\n|upkeep\n|turn|2\n|inactive|mewosugi has 30 seconds left.\n|\n|t:|1776425219\n|switch|p1b: Skarmory|Skarmory, L50, F|100/100\n|move|p1a: Sneasler|Coaching|p1b: Skarmory\n|-boost|p1b: Skarmory|atk|1\n|-boost|p1b: Skarmory|def|1\n|move|p2b: Alakazam|Skill Swap|p2a: Floette\n|-activate|p2b: Alakazam|Skill Swap|||[of] p2a: Floette\n|-ability|p2b: Alakazam|Fairy Aura\n|move|p2a: Floette|Light of Ruin|p1a: Sneasler\n|-enditem|p1a: Sneasler|Focus Sash\n|-damage|p1a: Sneasler|1/100\n|\n|upkeep\n|turn|3\n|inactive|FunnyPheesh has 30 seconds left.\n|\n|t:|1776425252\n|detailschange|p1b: Skarmory|Skarmory-Mega, L50, F\n|-mega|p1b: Skarmory|Skarmory|Skarmorite\n|move|p1a: Sneasler|Coaching|p1b: Skarmory\n|-boost|p1b: Skarmory|atk|1\n|-boost|p1b: Skarmory|def|1\n|move|p2b: Alakazam|Dazzling Gleam|p1a: Sneasler|[spread] p1a,p1b\n|-resisted|p1b: Skarmory|1\n|-damage|p1a: Sneasler|0 fnt\n|-damage|p1b: Skarmory|83/100\n|faint|p1a: Sneasler\n|move|p1b: Skarmory|Tailwind|p1b: Skarmory\n|-sidestart|p1: mewosugi|move: Tailwind\n|move|p2a: Floette|Light of Ruin|p1b: Skarmory\n|-resisted|p1b: Skarmory|1\n|-damage|p1b: Skarmory|15/100\n|\n|upkeep\n|\n|t:|1776425264\n|switch|p1a: Incineroar|Incineroar, L50, F|100/100\n|-ability|p1a: Incineroar|Intimidate|boost\n|-unboost|p2a: Floette|atk|1\n|-unboost|p2b: Alakazam|atk|1\n|turn|4\n|\n|t:|1776425279\n|switch|p2a: Corviknight|Corviknight, L50, M|100/100\n|move|p1a: Incineroar|Fake Out|p2a: Corviknight\n|-resisted|p2a: Corviknight|1\n|-damage|p2a: Corviknight|98/100\n|move|p1b: Skarmory|Iron Head|p2b: Alakazam\n|-enditem|p2b: Alakazam|Focus Sash\n|-damage|p2b: Alakazam|1/100\n|move|p2b: Alakazam|Skill Swap|p1a: Incineroar\n|-activate|p2b: Alakazam|Skill Swap|Intimidate|Fairy Aura|[of] p1a: Incineroar\n|-ability|p1a: Incineroar|Fairy Aura\n|-ability|p2b: Alakazam|Intimidate|boost\n|-unboost|p1a: Incineroar|atk|1\n|-unboost|p1b: Skarmory|atk|1\n|\n|upkeep\n|turn|5\n|inactive|mewosugi has 30 seconds left.\n|\n|t:|1776425308\n|move|p1b: Skarmory|Protect|p1b: Skarmory\n|-singleturn|p1b: Skarmory|Protect\n|move|p2b: Alakazam|Skill Swap|p2a: Corviknight\n|-activate|p2b: Alakazam|Skill Swap|||[of] p2a: Corviknight\n|-ability|p2a: Corviknight|Intimidate|boost\n|-unboost|p1a: Incineroar|atk|1\n|-unboost|p1b: Skarmory|atk|1\n|move|p1a: Incineroar|Throat Chop|p2b: Alakazam\n|-supereffective|p2b: Alakazam|1\n|-crit|p2b: Alakazam\n|-damage|p2b: Alakazam|0 fnt\n|faint|p2b: Alakazam\n|move|p2a: Corviknight|Iron Defense|p2a: Corviknight\n|-boost|p2a: Corviknight|def|2\n|\n|-sideend|p2: FunnyPheesh|Reflect\n|upkeep\n|\n|t:|1776425326\n|switch|p2b: Floette|Floette-Mega, L50, F|100/100\n|-ability|p2b: Floette|Fairy Aura\n|turn|6\n|\n|t:|1776425344\n|move|p1b: Skarmory|Protect|p1b: Skarmory\n|-singleturn|p1b: Skarmory|Protect\n|move|p2b: Floette|Protect|p2b: Floette\n|-singleturn|p2b: Floette|Protect\n|move|p1a: Incineroar|Parting Shot|p2b: Floette\n|-activate|p2b: Floette|move: Protect\n|move|p2a: Corviknight|Body Press|p1b: Skarmory\n|-activate|p1b: Skarmory|move: Protect\n|\n|-sideend|p1: mewosugi|move: Tailwind\n|upkeep\n|turn|7\n|inactive|FunnyPheesh has 30 seconds left.\n|\n|t:|1776425373\n|switch|p2b: Sinistcha|Sinistcha-Masterpiece, L50|100/100\n|-heal|p2a: Corviknight|100/100|[from] ability: Hospitality|[of] p2b: Sinistcha\n|move|p1b: Skarmory|Iron Head|p2b: Sinistcha\n|-damage|p2b: Sinistcha|62/100\n|move|p2a: Corviknight|Body Press|p1b: Skarmory\n|-damage|p1b: Skarmory|0 fnt\n|faint|p1b: Skarmory\n|move|p1a: Incineroar|Flare Blitz|p2b: Sinistcha\n|-supereffective|p2b: Sinistcha|1\n|-enditem|p2b: Sinistcha|Occa Berry|[eat]\n|-enditem|p2b: Sinistcha|Occa Berry|[weaken]\n|-damage|p2b: Sinistcha|42/100\n|-damage|p1a: Incineroar|95/100|[from] Recoil\n|\n|upkeep\n|\n|t:|1776425386\n|switch|p1b: Primarina|Primarina, L50, M|100/100\n|turn|8\n|\n|t:|1776425405\n|move|p1b: Primarina|Hyper Voice|p2a: Corviknight|[spread] p2a,p2b\n|-resisted|p2b: Sinistcha|1\n|-damage|p2a: Corviknight|64/100\n|-damage|p2b: Sinistcha|24/100\n|move|p2b: Sinistcha|Matcha Gotcha|p1a: Incineroar|[spread] p1a,p1b\n|-resisted|p1a: Incineroar|1\n|-supereffective|p1b: Primarina|1\n|-crit|p1b: Primarina\n|-damage|p1a: Incineroar|86/100\n|-heal|p2b: Sinistcha|29/100|[from] drain|[of] p1a: Incineroar\n|-damage|p1b: Primarina|37/100\n|-heal|p2b: Sinistcha|62/100|[from] drain|[of] p1b: Primarina\n|move|p2a: Corviknight|Body Press|p1a: Incineroar\n|-supereffective|p1a: Incineroar|1\n|-enditem|p1a: Incineroar|Chople Berry|[eat]\n|-enditem|p1a: Incineroar|Chople Berry|[weaken]\n|-damage|p1a: Incineroar|47/100\n|move|p1a: Incineroar|Flare Blitz|p2b: Sinistcha\n|-supereffective|p2b: Sinistcha|1\n|-damage|p2b: Sinistcha|24/100\n|-damage|p1a: Incineroar|36/100|[from] Recoil\n|\n|-heal|p1b: Primarina|43/100|[from] item: Leftovers\n|upkeep\n|turn|9\n|inactive|mewosugi has 30 seconds left.\n|\n|t:|1776425430\n|move|p2b: Sinistcha|Protect|p2b: Sinistcha\n|-singleturn|p2b: Sinistcha|Protect\n|move|p1b: Primarina|Ice Beam|p2b: Sinistcha\n|-activate|p2b: Sinistcha|move: Protect\n|move|p2a: Corviknight|Body Press|p1a: Incineroar\n|-supereffective|p1a: Incineroar|1\n|-damage|p1a: Incineroar|0 fnt\n|faint|p1a: Incineroar\n|\n|-heal|p1b: Primarina|49/100|[from] item: Leftovers\n|upkeep\n|turn|10\n|\n|t:|1776425452\n|move|p1b: Primarina|Hyper Voice|p2a: Corviknight|[spread] p2a,p2b\n|-resisted|p2b: Sinistcha|1\n|-damage|p2a: Corviknight|33/100\n|-damage|p2b: Sinistcha|6/100\n|-enditem|p2a: Corviknight|Sitrus Berry|[eat]\n|-heal|p2a: Corviknight|58/100|[from] item: Sitrus Berry\n|move|p2b: Sinistcha|Matcha Gotcha|p1b: Primarina\n|-supereffective|p1b: Primarina|1\n|-damage|p1b: Primarina|0 fnt\n|-heal|p2b: Sinistcha|31/100|[from] drain|[of] p1b: Primarina\n|faint|p1b: Primarina\n|\n|win|FunnyPheesh\n|raw|mewosugi's rating: 1110 &rarr; <strong>1090</strong><br />(-20 for losing)\n|raw|FunnyPheesh's rating: 1183 &rarr; <strong>1203</strong><br />(+20 for winning)\n|l|\u2606mewosugi\n|player|p1|\n|c|\u2606FunnyPheesh|gg\n",
  "uploadtime": 1776425461,
  "views": 38,
  "formatid": "gen9championsvgc2026regma",
  "rating": 1090,
  "private": 0,
  "password": null
}