{
  "id": "gen9championsvgc2026regma-2584872572",
  "format": "[Gen 9 Champions] VGC 2026 Reg M-A",
  "players": [
    "heart of draco",
    "WaluigiVGC"
  ],
  "log": "|j|\u2606heart of draco\n|j|\u2606WaluigiVGC\n|t:|1776290399\n|gametype|doubles\n|player|p1|heart of draco|101|1145\n|player|p2|WaluigiVGC|101|1048\n|gen|9\n|tier|[Gen 9 Champions] VGC 2026 Reg M-A\n|rated|\n|rule|Species Clause: Limit one of each Pok\u00e9mon\n|rule|Item Clause: Limit 1 of each item\n|clearpoke\n|poke|p1|Aerodactyl, L50, F|\n|poke|p1|Arcanine-Hisui, L50, F|\n|poke|p1|Talonflame, L50, F|\n|poke|p1|Meganium, L50, M|\n|poke|p1|Politoed, L50, F|\n|poke|p1|Archaludon, L50, M|\n|poke|p2|Sneasler, L50, F|\n|poke|p2|Aerodactyl, L50, M|\n|poke|p2|Basculegion, L50, M|\n|poke|p2|Incineroar, L50, F|\n|poke|p2|Floette-Eternal, L50, F|\n|poke|p2|Sinistcha, L50|\n|teampreview|4\n|inactive|Battle timer is ON: inactive players will automatically lose when time's up. (requested by heart of draco)\n|inactive|WaluigiVGC has 60 seconds left.\n|\n|t:|1776290520\n|teamsize|p1|4\n|teamsize|p2|4\n|start\n|switch|p1a: Talonflame|Talonflame, L50, F|100/100\n|switch|p1b: Archaludon|Archaludon, L50, M|100/100\n|switch|p2a: Aerodactyl|Aerodactyl, L50, M|100/100\n|switch|p2b: Floette|Floette-Eternal, L50, F|100/100\n|-ability|p2a: Aerodactyl|Unnerve\n|turn|1\n|inactive|heart of draco has 30 seconds left.\n|inactive|heart of draco has 20 seconds left.\n|inactive|heart of draco has 15 seconds left.\n|\n|t:|1776290562\n|switch|p1a: Politoed|Politoed, L50, F|100/100\n|-weather|RainDance|[from] ability: Drizzle|[of] p1a: Politoed\n|move|p2b: Floette|Protect|p2b: Floette\n|-singleturn|p2b: Floette|Protect\n|move|p2a: Aerodactyl|Tailwind|p2a: Aerodactyl\n|-sidestart|p2: WaluigiVGC|move: Tailwind\n|move|p1b: Archaludon|Electro Shot||[still]\n|-prepare|p1b: Archaludon|Electro Shot\n|-boost|p1b: Archaludon|spa|1\n|-anim|p1b: Archaludon|Electro Shot|p2a: Aerodactyl\n|-supereffective|p2a: Aerodactyl|1\n|-enditem|p2a: Aerodactyl|Focus Sash\n|-damage|p2a: Aerodactyl|1/100\n|\n|-weather|RainDance|[upkeep]\n|upkeep\n|turn|2\n|\n|t:|1776290584\n|detailschange|p2b: Floette|Floette-Mega, L50, F\n|-mega|p2b: Floette|Floette|Floettite\n|-ability|p2b: Floette|Fairy Aura\n|move|p2a: Aerodactyl|Rock Slide|p1b: Archaludon|[spread] p1b\n|-miss|p2a: Aerodactyl|p1a: Politoed\n|-resisted|p1b: Archaludon|1\n|-damage|p1b: Archaludon|92/100\n|-ability|p1b: Archaludon|Stamina|boost\n|-boost|p1b: Archaludon|def|1\n|move|p2b: Floette|Dazzling Gleam|p1a: Politoed|[spread] p1a,p1b\n|-damage|p1a: Politoed|56/100\n|-damage|p1b: Archaludon|46/100\n|-ability|p1b: Archaludon|Stamina|boost\n|-boost|p1b: Archaludon|def|1\n|cant|p1b: Archaludon|flinch\n|move|p1a: Politoed|Weather Ball|p2a: Aerodactyl\n|-supereffective|p2a: Aerodactyl|1\n|-damage|p2a: Aerodactyl|0 fnt\n|faint|p2a: Aerodactyl\n|\n|-weather|RainDance|[upkeep]\n|-heal|p1b: Archaludon|52/100|[from] item: Leftovers\n|upkeep\n|inactive|WaluigiVGC has 30 seconds left.\n|\n|t:|1776290609\n|switch|p2a: Sinistcha|Sinistcha, L50|100/100\n|turn|3\n|inactive|heart of draco has 30 seconds left.\n|inactive|heart of draco has 20 seconds left.\n|\n|t:|1776290647\n|switch|p1a: Meganium|Meganium, L50, M|100/100\n|move|p2a: Sinistcha|Rage Powder|p2a: Sinistcha\n|-singleturn|p2a: Sinistcha|move: Rage Powder\n|move|p2b: Floette|Calm Mind|p2b: Floette\n|-boost|p2b: Floette|spa|1\n|-boost|p2b: Floette|spd|1\n|move|p1b: Archaludon|Flash Cannon|p2a: Sinistcha\n|-damage|p2a: Sinistcha|37/100\n|-enditem|p2a: Sinistcha|Sitrus Berry|[eat]\n|-heal|p2a: Sinistcha|62/100|[from] item: Sitrus Berry\n|\n|-weather|RainDance|[upkeep]\n|-heal|p1b: Archaludon|58/100|[from] item: Leftovers\n|upkeep\n|turn|4\n|inactive|heart of draco has 30 seconds left.\n|\n|t:|1776290674\n|detailschange|p1a: Meganium|Meganium-Mega, L50, M\n|-mega|p1a: Meganium|Meganium|Meganiumite\n|move|p1b: Archaludon|Protect|p1b: Archaludon\n|-singleturn|p1b: Archaludon|Protect\n|move|p2a: Sinistcha|Rage Powder|p2a: Sinistcha\n|-singleturn|p2a: Sinistcha|move: Rage Powder\n|move|p2b: Floette|Dazzling Gleam|p1b: Archaludon|[spread] p1a\n|-activate|p1b: Archaludon|move: Protect\n|-damage|p1a: Meganium|40/100\n|move|p1a: Meganium|Weather Ball|p2a: Sinistcha\n|-supereffective|p2a: Sinistcha|1\n|-damage|p2a: Sinistcha|0 fnt\n|faint|p2a: Sinistcha\n|\n|-weather|RainDance|[upkeep]\n|-heal|p1b: Archaludon|64/100|[from] item: Leftovers\n|-sideend|p2: WaluigiVGC|move: Tailwind\n|upkeep\n|\n|t:|1776290692\n|switch|p2a: Basculegion|Basculegion, L50, M|100/100\n|turn|5\n|\n|t:|1776290704\n|move|p2a: Basculegion|Last Respects|p1a: Meganium\n|-damage|p1a: Meganium|0 fnt\n|faint|p1a: Meganium\n|move|p2b: Floette|Moonblast|p1b: Archaludon\n|-damage|p1b: Archaludon|0 fnt\n|faint|p1b: Archaludon\n|\n|-weather|none\n|upkeep\n|\n|t:|1776290714\n|switch|p1b: Talonflame|Talonflame, L50, F|100/100\n|switch|p1a: Politoed|Politoed, L50, F|56/100\n|-weather|RainDance|[from] ability: Drizzle|[of] p1a: Politoed\n|turn|6\n|inactive|heart of draco has 30 seconds left.\n|\n|t:|1776290742\n|move|p1a: Politoed|Helping Hand|p1b: Talonflame\n|-singleturn|p1b: Talonflame|Helping Hand|[of] p1a: Politoed\n|move|p1b: Talonflame|Hurricane|p2a: Basculegion\n|-damage|p2a: Basculegion|3/100\n|-start|p2a: Basculegion|confusion\n|-activate|p2a: Basculegion|confusion\n|move|p2a: Basculegion|Last Respects|p1b: Talonflame\n|-damage|p1b: Talonflame|0 fnt\n|faint|p1b: Talonflame\n|move|p2b: Floette|Moonblast|p1a: Politoed\n|-damage|p1a: Politoed|0 fnt\n|faint|p1a: Politoed\n|\n|win|WaluigiVGC\n|raw|heart of draco's rating: 1145 &rarr; <strong>1113</strong><br />(-32 for losing)\n|raw|WaluigiVGC's rating: 1048 &rarr; <strong>1090</strong><br />(+42 for winning)\n|l|\u2606heart of draco\n|player|p1|\n",
  "uploadtime": 1776290758,
  "views": 20,
  "formatid": "gen9championsvgc2026regma",
  "rating": 1090,
  "private": 0,
  "password": null
}