{
  "id": "gen9championsvgc2026regma-2585422854",
  "format": "[Gen 9 Champions] VGC 2026 Reg M-A",
  "players": [
    "DocsPI",
    "soulo333"
  ],
  "log": "|j|\u2606DocsPI\n|j|\u2606soulo333\n|t:|1776346239\n|gametype|doubles\n|player|p1|DocsPI|policeman|1199\n|player|p2|soulo333|1|1206\n|gen|9\n|tier|[Gen 9 Champions] VGC 2026 Reg M-A\n|rated|\n|rule|Species Clause: Limit one of each Pok\u00e9mon\n|rule|Item Clause: Limit 1 of each item\n|clearpoke\n|poke|p1|Floette-Eternal, L50, F|\n|poke|p1|Basculegion, L50, M|\n|poke|p1|Sinistcha, L50|\n|poke|p1|Incineroar, L50, F|\n|poke|p1|Talonflame, L50, M|\n|poke|p1|Garchomp, L50, F|\n|poke|p2|Charizard, L50, M|\n|poke|p2|Sneasler, L50, M|\n|poke|p2|Sinistcha, L50|\n|poke|p2|Incineroar, L50, F|\n|poke|p2|Milotic, L50, M|\n|poke|p2|Tyranitar, L50, M|\n|teampreview|4\n|inactive|Battle timer is ON: inactive players will automatically lose when time's up. (requested by DocsPI)\n|\n|t:|1776346266\n|teamsize|p1|4\n|teamsize|p2|4\n|start\n|switch|p1a: Talonflame|Talonflame, L50, M|100/100\n|switch|p1b: Basculegion|Basculegion, L50, M, shiny|100/100\n|switch|p2a: Milotic|Milotic, L50, M|100/100\n|switch|p2b: Sinistcha|Sinistcha, L50|100/100\n|turn|1\n|inactive|DocsPI has 30 seconds left.\n|inactive|soulo333 has 30 seconds left.\n|\n|t:|1776346294\n|move|p1a: Talonflame|Tailwind|p1a: Talonflame\n|-sidestart|p1: DocsPI|move: Tailwind\n|move|p1b: Basculegion|Flip Turn|p2b: Sinistcha\n|-resisted|p2b: Sinistcha|1\n|-damage|p2b: Sinistcha|83/100\n|\n|t:|1776346301\n|switch|p1b: Floette|Floette-Eternal, L50, F|100/100|[from] Flip Turn\n|move|p2a: Milotic|Scald|p1b: Floette\n|-damage|p1b: Floette|76/100\n|move|p2b: Sinistcha|Trick Room|p2b: Sinistcha\n|-fieldstart|move: Trick Room|[of] p2b: Sinistcha\n|\n|upkeep\n|turn|2\n|\n|t:|1776346317\n|switch|p2b: Incineroar|Incineroar, L50, F|100/100\n|-ability|p2b: Incineroar|Intimidate|boost\n|-unboost|p1a: Talonflame|atk|1\n|-unboost|p1b: Floette|atk|1\n|detailschange|p1b: Floette|Floette-Mega, L50, F\n|-mega|p1b: Floette|Floette|Floettite\n|-ability|p1b: Floette|Fairy Aura\n|move|p1a: Talonflame|Brave Bird|p2b: Incineroar\n|-damage|p2b: Incineroar|68/100\n|-damage|p1a: Talonflame|86/100|[from] Recoil\n|move|p2a: Milotic|Scald|p1a: Talonflame\n|-supereffective|p1a: Talonflame|1\n|-damage|p1a: Talonflame|6/100\n|move|p1b: Floette|Calm Mind|p1b: Floette\n|-boost|p1b: Floette|spa|1\n|-boost|p1b: Floette|spd|1\n|\n|upkeep\n|turn|3\n|inactive|DocsPI has 30 seconds left.\n|\n|t:|1776346346\n|switch|p1a: Basculegion|Basculegion, L50, M, shiny|100/100\n|move|p1b: Floette|Protect|p1b: Floette\n|-singleturn|p1b: Floette|Protect\n|move|p2b: Incineroar|Fake Out|p1b: Floette\n|-activate|p1b: Floette|move: Protect\n|move|p2a: Milotic|Icy Wind|p1b: Floette|[spread] p1a\n|-activate|p1b: Floette|move: Protect\n|-resisted|p1a: Basculegion|1\n|-damage|p1a: Basculegion|96/100\n|-unboost|p1a: Basculegion|spe|1\n|\n|upkeep\n|turn|4\n|inactive|DocsPI has 30 seconds left.\n|\n|t:|1776346371\n|move|p1a: Basculegion|Aqua Jet|p2b: Incineroar\n|-supereffective|p2b: Incineroar|1\n|-damage|p2b: Incineroar|20/100\n|-enditem|p2b: Incineroar|Sitrus Berry|[eat]\n|-heal|p2b: Incineroar|45/100|[from] item: Sitrus Berry\n|move|p2b: Incineroar|Parting Shot|p1b: Floette\n|-unboost|p1b: Floette|atk|1\n|-unboost|p1b: Floette|spa|1\n|\n|t:|1776346378\n|switch|p2b: Sinistcha|Sinistcha, L50|83/100|[from] Parting Shot\n|move|p2a: Milotic|Scald|p1a: Basculegion\n|-resisted|p1a: Basculegion|1\n|-damage|p1a: Basculegion|80/100\n|move|p1b: Floette|Draining Kiss|p2a: Milotic\n|-damage|p2a: Milotic|76/100\n|-heal|p1b: Floette|96/100|[from] drain|[of] p2a: Milotic\n|\n|-heal|p2a: Milotic|82/100|[from] item: Leftovers\n|-sideend|p1: DocsPI|move: Tailwind\n|upkeep\n|turn|5\n|\n|t:|1776346396\n|switch|p1a: Incineroar|Incineroar, L50, F|100/100\n|-ability|p1a: Incineroar|Intimidate|boost\n|-unboost|p2a: Milotic|atk|1\n|-ability|p2a: Milotic|Competitive|boost\n|-boost|p2a: Milotic|spa|2\n|-unboost|p2b: Sinistcha|atk|1\n|move|p2b: Sinistcha|Matcha Gotcha|p1b: Floette|[spread] p1a\n|-miss|p2b: Sinistcha|p1b: Floette\n|-resisted|p1a: Incineroar|1\n|-damage|p1a: Incineroar|88/100\n|-heal|p2b: Sinistcha|90/100|[from] drain|[of] p1a: Incineroar\n|move|p2a: Milotic|Icy Wind|p1b: Floette|[spread] p1a,p1b\n|-resisted|p1a: Incineroar|1\n|-damage|p1a: Incineroar|80/100\n|-damage|p1b: Floette|87/100\n|-unboost|p1a: Incineroar|spe|1\n|-unboost|p1b: Floette|spe|1\n|move|p1b: Floette|Calm Mind|p1b: Floette\n|-boost|p1b: Floette|spa|1\n|-boost|p1b: Floette|spd|1\n|\n|-heal|p2a: Milotic|88/100|[from] item: Leftovers\n|-fieldend|move: Trick Room\n|upkeep\n|turn|6\n|inactive|DocsPI has 30 seconds left.\n|inactive|soulo333 has 30 seconds left.\n|\n|t:|1776346428\n|move|p1a: Incineroar|Fake Out|p2a: Milotic\n|-damage|p2a: Milotic|78/100\n|cant|p2a: Milotic|flinch\n|move|p2b: Sinistcha|Matcha Gotcha|p1b: Floette|[spread] p1a,p1b\n|-resisted|p1a: Incineroar|1\n|-damage|p1a: Incineroar|67/100\n|-heal|p2b: Sinistcha|98/100|[from] drain|[of] p1a: Incineroar\n|-damage|p1b: Floette|75/100\n|-heal|p2b: Sinistcha|100/100|[from] drain|[of] p1b: Floette\n|move|p1b: Floette|Calm Mind|p1b: Floette\n|-boost|p1b: Floette|spa|1\n|-boost|p1b: Floette|spd|1\n|\n|-heal|p2a: Milotic|84/100|[from] item: Leftovers\n|upkeep\n|turn|7\n|\n|t:|1776346447\n|move|p2a: Milotic|Scald|p1b: Floette\n|-damage|p1b: Floette|58/100\n|move|p2b: Sinistcha|Matcha Gotcha|p1b: Floette|[spread] p1a,p1b\n|-resisted|p1a: Incineroar|1\n|-damage|p1a: Incineroar|53/100\n|-damage|p1b: Floette|49/100\n|-status|p1b: Floette|brn\n|move|p1b: Floette|Draining Kiss|p2a: Milotic\n|-damage|p2a: Milotic|29/100\n|-heal|p1b: Floette|95/100 brn|[from] drain|[of] p2a: Milotic\n|move|p1a: Incineroar|Parting Shot|p2b: Sinistcha\n|-unboost|p2b: Sinistcha|atk|1\n|-unboost|p2b: Sinistcha|spa|1\n|\n|t:|1776346460\n|switch|p1a: Talonflame|Talonflame, L50, M|6/100|[from] Parting Shot\n|\n|-heal|p2a: Milotic|35/100|[from] item: Leftovers\n|-damage|p1b: Floette|89/100 brn|[from] brn\n|upkeep\n|turn|8\n|\n|t:|1776346477\n|switch|p2b: Incineroar|Incineroar, L50, F|45/100\n|-ability|p2b: Incineroar|Intimidate|boost\n|-unboost|p1a: Talonflame|atk|1\n|-unboost|p1b: Floette|atk|1\n|move|p1a: Talonflame|Taunt|p2b: Incineroar\n|-start|p2b: Incineroar|move: Taunt\n|move|p2a: Milotic|Icy Wind|p1a: Talonflame|[spread] p1a,p1b\n|-damage|p1a: Talonflame|0 fnt\n|-damage|p1b: Floette|83/100 brn\n|-unboost|p1b: Floette|spe|1\n|faint|p1a: Talonflame\n|move|p1b: Floette|Draining Kiss|p2a: Milotic\n|-damage|p2a: Milotic|0 fnt\n|-heal|p1b: Floette|100/100 brn|[from] drain|[of] p2a: Milotic\n|faint|p2a: Milotic\n|\n|-damage|p1b: Floette|94/100 brn|[from] brn\n|upkeep\n|\n|t:|1776346493\n|switch|p1a: Basculegion|Basculegion, L50, M, shiny|80/100\n|switch|p2a: Sinistcha|Sinistcha, L50|100/100\n|-heal|p2b: Incineroar|70/100|[from] ability: Hospitality|[of] p2a: Sinistcha\n|turn|9\n|\n|t:|1776346506\n|switch|p2a: Tyranitar|Tyranitar, L50, M|100/100\n|-weather|Sandstorm|[from] ability: Sand Stream|[of] p2a: Tyranitar\n|move|p1b: Floette|Protect|p1b: Floette\n|-singleturn|p1b: Floette|Protect\n|move|p1a: Basculegion|Flip Turn|p2b: Incineroar\n|-supereffective|p2b: Incineroar|1\n|-damage|p2b: Incineroar|2/100\n|\n|t:|1776346516\n|switch|p1a: Incineroar|Incineroar, L50, F|53/100|[from] Flip Turn\n|-ability|p1a: Incineroar|Intimidate|boost\n|-unboost|p2a: Tyranitar|atk|1\n|-unboost|p2b: Incineroar|atk|1\n|move|p2b: Incineroar|Throat Chop|p1a: Incineroar\n|-resisted|p1a: Incineroar|1\n|-damage|p1a: Incineroar|46/100\n|-start|p1a: Incineroar|Throat Chop|[silent]\n|-enditem|p1a: Incineroar|Sitrus Berry|[eat]\n|-heal|p1a: Incineroar|70/100|[from] item: Sitrus Berry\n|\n|-weather|Sandstorm|[upkeep]\n|-damage|p1a: Incineroar|64/100|[from] Sandstorm\n|-damage|p2b: Incineroar|0 fnt|[from] Sandstorm\n|-damage|p1b: Floette|88/100 brn|[from] Sandstorm\n|faint|p2b: Incineroar\n|-damage|p1b: Floette|82/100 brn|[from] brn\n|upkeep\n|\n|t:|1776346526\n|switch|p2b: Sinistcha|Sinistcha, L50|100/100\n|turn|10\n|\n|t:|1776346534\n|detailschange|p2a: Tyranitar|Tyranitar-Mega, L50, M\n|-mega|p2a: Tyranitar|Tyranitar|Tyranitarite\n|move|p1a: Incineroar|Fake Out|p2a: Tyranitar\n|-resisted|p2a: Tyranitar|1\n|-damage|p2a: Tyranitar|98/100\n|move|p2b: Sinistcha|Shadow Ball|p1b: Floette\n|-damage|p1b: Floette|69/100 brn\n|cant|p2a: Tyranitar|flinch\n|move|p1b: Floette|Dazzling Gleam|p2a: Tyranitar|[spread] p2a,p2b\n|-supereffective|p2a: Tyranitar|1\n|-damage|p2a: Tyranitar|1/100\n|-damage|p2b: Sinistcha|0 fnt\n|faint|p2b: Sinistcha\n|\n|-weather|Sandstorm|[upkeep]\n|-damage|p1a: Incineroar|58/100|[from] Sandstorm\n|-damage|p1b: Floette|63/100 brn|[from] Sandstorm\n|-damage|p1b: Floette|57/100 brn|[from] brn\n|-end|p1a: Incineroar|Throat Chop|[silent]\n|upkeep\n|turn|11\n|-message|soulo333 forfeited.\n|\n|win|DocsPI\n|raw|DocsPI's rating: 1199 &rarr; <strong>1225</strong><br />(+26 for winning)\n|raw|soulo333's rating: 1206 &rarr; <strong>1180</strong><br />(-26 for losing)\n",
  "uploadtime": 1776346539,
  "views": 29,
  "formatid": "gen9championsvgc2026regma",
  "rating": 1180,
  "private": 0,
  "password": null
}