{
  "id": "gen9championsvgc2026regma-2580977882",
  "format": "[Gen 9 Champions] VGC 2026 Reg M-A",
  "players": [
    "nyloc",
    "kinhopeace"
  ],
  "log": "|j|\u2606nyloc\n|j|\u2606kinhopeace\n|t:|1775948442\n|gametype|doubles\n|player|p1|nyloc|cilan|1122\n|player|p2|kinhopeace|1|1062\n|gen|9\n|tier|[Gen 9 Champions] VGC 2026 Reg M-A\n|rated|\n|rule|Species Clause: Limit one of each Pok\u00e9mon\n|rule|Item Clause: Limit 1 of each item\n|clearpoke\n|poke|p1|Farigiraf, L50, F|\n|poke|p1|Ampharos, L50, M|\n|poke|p1|Arcanine, L50, F|\n|poke|p1|Whimsicott, L50, F|\n|poke|p1|Garchomp, L50, F|\n|poke|p1|Tyranitar, L50, M|\n|poke|p2|Excadrill, L50, F|\n|poke|p2|Tyranitar, L50, F|\n|poke|p2|Sinistcha, L50|\n|poke|p2|Incineroar, L50, M|\n|poke|p2|Milotic, L50, F|\n|poke|p2|Gardevoir, L50, F|\n|teampreview|4\n|inactive|Battle timer is ON: inactive players will automatically lose when time's up. (requested by nyloc)\nnyloc rejected open team sheets.\n|\n|t:|1775948465\n|teamsize|p1|4\n|teamsize|p2|4\n|start\n|switch|p1a: Astronaut|Farigiraf, L50, F, shiny|100/100\n|switch|p1b: Saiyan|Ampharos, L50, M|100/100\n|switch|p2a: Milotic|Milotic, L50, F, shiny|100/100\n|switch|p2b: Excadrill|Excadrill, L50, F|100/100\n|turn|1\n|\n|t:|1775948482\n|switch|p2a: Tyranitar|Tyranitar, L50, F|100/100\n|-weather|Sandstorm|[from] ability: Sand Stream|[of] p2a: Tyranitar\n|switch|p1b: Windie|Arcanine, L50, F|100/100\n|-ability|p1b: Windie|Intimidate|boost\n|-unboost|p2a: Tyranitar|atk|1\n|-unboost|p2b: Excadrill|atk|1\n|move|p2b: Excadrill|Rock Slide|p1a: Astronaut|[spread] p1a,p1b\n|-supereffective|p1b: Windie|1\n|-damage|p1a: Astronaut|87/100\n|-damage|p1b: Windie|71/100\n|move|p1a: Astronaut|Trick Room|p1a: Astronaut\n|-fieldstart|move: Trick Room|[of] p1a: Astronaut\n|\n|-weather|Sandstorm|[upkeep]\n|-damage|p1a: Astronaut|80/100|[from] Sandstorm\n|-damage|p1b: Windie|65/100|[from] Sandstorm\n|upkeep\n|turn|2\n|inactive|kinhopeace has 30 seconds left.\n|\n|t:|1775948509\n|switch|p2b: Milotic|Milotic, L50, F, shiny|100/100\n|detailschange|p2a: Tyranitar|Tyranitar-Mega, L50, F\n|-mega|p2a: Tyranitar|Tyranitar|Tyranitarite\n|move|p1a: Astronaut|Hyper Voice|p2a: Tyranitar|[spread] p2a,p2b\n|-resisted|p2a: Tyranitar|1\n|-damage|p2a: Tyranitar|92/100\n|-damage|p2b: Milotic|78/100\n|move|p2a: Tyranitar|Knock Off|p1a: Astronaut\n|-supereffective|p1a: Astronaut|1\n|-damage|p1a: Astronaut|0 fnt\n|-enditem|p1a: Astronaut|Mental Herb|[from] move: Knock Off|[of] p2a: Tyranitar\n|faint|p1a: Astronaut\n|move|p1b: Windie|Flare Blitz|p2b: Milotic\n|-resisted|p2b: Milotic|1\n|-damage|p2b: Milotic|51/100\n|-damage|p1b: Windie|56/100|[from] Recoil\n|\n|-weather|Sandstorm|[upkeep]\n|-damage|p2b: Milotic|45/100|[from] Sandstorm\n|-damage|p1b: Windie|50/100|[from] Sandstorm\n|-enditem|p1b: Windie|Sitrus Berry|[eat]\n|-heal|p1b: Windie|75/100|[from] item: Sitrus Berry\n|-heal|p2b: Milotic|51/100|[from] item: Leftovers\n|upkeep\n|\n|t:|1775948518\n|switch|p1a: Bouncy|Whimsicott, L50, F, shiny|100/100\n|turn|3\n|\n|t:|1775948530\n|move|p1a: Bouncy|Sunny Day|p1a: Bouncy\n|-weather|SunnyDay\n|move|p2a: Tyranitar|Rock Slide|p1a: Bouncy|[spread] p1a,p1b\n|-supereffective|p1b: Windie|1\n|-damage|p1a: Bouncy|73/100\n|-damage|p1b: Windie|22/100\n|move|p2b: Milotic|Recover|p2b: Milotic\n|-heal|p2b: Milotic|100/100\n|move|p1b: Windie|Flare Blitz|p2b: Milotic\n|-resisted|p2b: Milotic|1\n|-damage|p2b: Milotic|57/100\n|-damage|p1b: Windie|7/100|[from] Recoil\n|\n|-weather|SunnyDay|[upkeep]\n|-heal|p2b: Milotic|63/100|[from] item: Leftovers\n|upkeep\n|turn|4\n|\n|t:|1775948547\n|switch|p1b: Saiyan|Ampharos, L50, M|100/100\n|move|p2a: Tyranitar|Rock Slide|p1a: Bouncy|[spread] p1b\n|-miss|p2a: Tyranitar|p1a: Bouncy\n|-damage|p1b: Saiyan|69/100\n|move|p2b: Milotic|Haze|p2b: Milotic\n|-clearallboost\n|move|p1a: Bouncy|Moonblast|p2a: Tyranitar\n|-supereffective|p2a: Tyranitar|1\n|-damage|p2a: Tyranitar|37/100\n|\n|-weather|SunnyDay|[upkeep]\n|-heal|p2b: Milotic|69/100|[from] item: Leftovers\n|upkeep\n|turn|5\n|inactive|nyloc has 30 seconds left.\n|inactive|kinhopeace has 30 seconds left.\n|\n|t:|1775948580\n|switch|p2b: Sinistcha|Sinistcha, L50|100/100\n|-heal|p2a: Tyranitar|61/100|[from] ability: Hospitality|[of] p2b: Sinistcha\n|detailschange|p1b: Saiyan|Ampharos-Mega, L50, M\n|-mega|p1b: Saiyan|Ampharos|Ampharosite\n|-ability|p1b: Saiyan|Mold Breaker\n|move|p1b: Saiyan|Thunderbolt|p2b: Sinistcha\n|-resisted|p2b: Sinistcha|1\n|-damage|p2b: Sinistcha|72/100\n|move|p2a: Tyranitar|Rock Slide|p1b: Saiyan|[spread] p1a,p1b\n|-damage|p1a: Bouncy|26/100\n|-damage|p1b: Saiyan|30/100\n|move|p1a: Bouncy|Moonblast|p2a: Tyranitar\n|-supereffective|p2a: Tyranitar|1\n|-damage|p2a: Tyranitar|9/100\n|\n|-weather|SunnyDay|[upkeep]\n|-fieldend|move: Trick Room\n|upkeep\n|turn|6\n|inactive|nyloc has 30 seconds left.\n|\n|t:|1775948605\n|switch|p2a: Milotic|Milotic, L50, F, shiny|69/100\n|move|p1a: Bouncy|Tailwind|p1a: Bouncy\n|-sidestart|p1: nyloc|move: Tailwind\n|move|p1b: Saiyan|Dragon Pulse|p2a: Milotic\n|-damage|p2a: Milotic|38/100\n|move|p2b: Sinistcha|Matcha Gotcha|p1a: Bouncy|[spread] p1a,p1b\n|-resisted|p1a: Bouncy|1\n|-resisted|p1b: Saiyan|1\n|-crit|p1b: Saiyan\n|-damage|p1a: Bouncy|9/100\n|-heal|p2b: Sinistcha|80/100|[from] drain|[of] p1a: Bouncy\n|-damage|p1b: Saiyan|16/100\n|-heal|p2b: Sinistcha|86/100|[from] drain|[of] p1b: Saiyan\n|\n|-weather|SunnyDay|[upkeep]\n|-heal|p2a: Milotic|44/100|[from] item: Leftovers\n|upkeep\n|turn|7\n|\n|t:|1775948627\n|move|p1a: Bouncy|Moonblast|p2b: Sinistcha\n|-damage|p2b: Sinistcha|53/100\n|move|p1b: Saiyan|Thunderbolt|p2a: Milotic\n|-supereffective|p2a: Milotic|1\n|-damage|p2a: Milotic|0 fnt\n|faint|p2a: Milotic\n|move|p2b: Sinistcha|Trick Room|p2b: Sinistcha\n|-fieldstart|move: Trick Room|[of] p2b: Sinistcha\n|\n|-weather|none\n|upkeep\n|inactive|kinhopeace has 30 seconds left.\n|\n|t:|1775948652\n|switch|p2a: Tyranitar|Tyranitar-Mega, L50, F|9/100\n|-weather|Sandstorm|[from] ability: Sand Stream|[of] p2a: Tyranitar\n|turn|8\n|\n|t:|1775948675\n|move|p2a: Tyranitar|Protect|p2a: Tyranitar\n|-singleturn|p2a: Tyranitar|Protect\n|move|p1a: Bouncy|Encore|p2b: Sinistcha\n|-start|p2b: Sinistcha|Encore\n|move|p1b: Saiyan|Thunderbolt|p2a: Tyranitar\n|-activate|p2a: Tyranitar|move: Protect\n|move|p2b: Sinistcha|Trick Room|p2b: Sinistcha\n|-fieldend|move: Trick Room\n|\n|-weather|Sandstorm|[upkeep]\n|-damage|p1a: Bouncy|3/100|[from] Sandstorm\n|-damage|p1b: Saiyan|10/100|[from] Sandstorm\n|-damage|p2b: Sinistcha|47/100|[from] Sandstorm\n|upkeep\n|turn|9\n|\n|t:|1775948687\n|switch|p2b: Excadrill|Excadrill, L50, F|100/100\n|move|p1a: Bouncy|Sunny Day|p1a: Bouncy\n|-weather|SunnyDay\n|move|p1b: Saiyan|Thunderbolt|p2a: Tyranitar\n|-damage|p2a: Tyranitar|0 fnt\n|faint|p2a: Tyranitar\n|\n|-weather|SunnyDay|[upkeep]\n|-sideend|p1: nyloc|move: Tailwind\n|upkeep\n|\n|t:|1775948693\n|switch|p2a: Sinistcha|Sinistcha, L50|47/100\n|turn|10\n|\n|t:|1775948709\n|move|p1a: Bouncy|Tailwind|p1a: Bouncy\n|-sidestart|p1: nyloc|move: Tailwind\n|move|p2b: Excadrill|Rock Slide|p1a: Bouncy|[spread] p1a,p1b\n|-damage|p1a: Bouncy|0 fnt\n|-damage|p1b: Saiyan|0 fnt\n|faint|p1a: Bouncy\n|faint|p1b: Saiyan\n|move|p2a: Sinistcha|Matcha Gotcha|p1: Bouncy|[notarget]\n|-fail|p2a: Sinistcha\n|\n|-weather|SunnyDay|[upkeep]\n|upkeep\n|\n|t:|1775948724\n|switch|p1b: Windie|Arcanine, L50, F|7/100\n|-ability|p1b: Windie|Intimidate|boost\n|-unboost|p2a: Sinistcha|atk|1\n|-unboost|p2b: Excadrill|atk|1\n|turn|11\n|\n|t:|1775948741\n|move|p2a: Sinistcha|Rage Powder|p2a: Sinistcha\n|-singleturn|p2a: Sinistcha|move: Rage Powder\n|move|p1b: Windie|Flare Blitz|p2a: Sinistcha\n|-supereffective|p2a: Sinistcha|1\n|-crit|p2a: Sinistcha\n|-damage|p2a: Sinistcha|0 fnt\n|faint|p2a: Sinistcha\n|-damage|p1b: Windie|0 fnt|[from] Recoil\n|faint|p1b: Windie\n|\n|win|kinhopeace\n|raw|nyloc's rating: 1122 &rarr; <strong>1093</strong><br />(-29 for losing)\n|raw|kinhopeace's rating: 1062 &rarr; <strong>1098</strong><br />(+36 for winning)\n|l|\u2606nyloc\n|player|p1|\n",
  "uploadtime": 1775948755,
  "views": 14,
  "formatid": "gen9championsvgc2026regma",
  "rating": 1093,
  "private": 0,
  "password": null
}