{
  "id": "gen9championsvgc2026regma-2588715064",
  "format": "[Gen 9 Champions] VGC 2026 Reg M-A",
  "players": [
    "TrapGood",
    "hllplay6767"
  ],
  "log": "|j|\u2606TrapGood\n|j|\u2606hllplay6767\n|t:|1776661130\n|gametype|doubles\n|player|p1|TrapGood|169|1099\n|player|p2|hllplay6767|170|1000\n|gen|9\n|tier|[Gen 9 Champions] VGC 2026 Reg M-A\n|rated|\n|rule|Species Clause: Limit one of each Pok\u00e9mon\n|rule|Item Clause: Limit 1 of each item\n|clearpoke\n|poke|p1|Gardevoir, L50, M, shiny|\n|poke|p1|Arcanine, L50, M, shiny|\n|poke|p1|Rotom-Wash, L50, shiny|\n|poke|p1|Garchomp, L50, M|\n|poke|p1|Corviknight, L50, M, shiny|\n|poke|p1|Tyranitar, L50, M|\n|poke|p2|Milotic, L50, M, shiny|\n|poke|p2|Whimsicott, L50, M|\n|poke|p2|Sneasler, L50, M|\n|poke|p2|Kingambit, L50, F|\n|poke|p2|Delphox, L50, F|\n|poke|p2|Garchomp, L50, M|\n|teampreview|4\n|inactive|Battle timer is ON: inactive players will automatically lose when time's up. (requested by hllplay6767)\n|inactive|hllplay6767 has 60 seconds left.\n|\n|t:|1776661177\n|teamsize|p1|4\n|teamsize|p2|4\n|start\n|switch|p1a: Rotom|Rotom-Wash, L50, shiny|100/100\n|switch|p1b: Gardevoir|Gardevoir, L50, M, shiny|100/100\n|switch|p2a: Whimsicott|Whimsicott, L50, M|100/100\n|switch|p2b: Milotic|Milotic, L50, M, shiny|100/100\n|turn|1\n|inactive|TrapGood has 30 seconds left.\n|\n|t:|1776661202\n|detailschange|p1b: Gardevoir|Gardevoir-Mega, L50, M, shiny\n|-mega|p1b: Gardevoir|Gardevoir|Gardevoirite\n|move|p2a: Whimsicott|Tailwind|p2a: Whimsicott\n|-sidestart|p2: hllplay6767|move: Tailwind\n|move|p2b: Milotic|Scald|p1b: Gardevoir\n|-damage|p1b: Gardevoir|73/100\n|-status|p1b: Gardevoir|brn\n|move|p1a: Rotom|Discharge|p2a: Whimsicott|[spread] p1b,p2a,p2b\n|-resisted|p2a: Whimsicott|1\n|-supereffective|p2b: Milotic|1\n|-damage|p1b: Gardevoir|51/100 brn\n|-damage|p2a: Whimsicott|83/100\n|-damage|p2b: Milotic|61/100\n|move|p1b: Gardevoir|Hyper Voice|p2a: Whimsicott|[spread] p2a,p2b\n|-crit|p2a: Whimsicott\n|-damage|p2a: Whimsicott|0 fnt\n|-damage|p2b: Milotic|24/100\n|faint|p2a: Whimsicott\n|\n|-damage|p1b: Gardevoir|45/100 brn|[from] brn\n|upkeep\n|\n|t:|1776661224\n|switch|p2a: Delphox|Delphox, L50, F|100/100\n|turn|2\n|-activate|p2b: Milotic|item: Quick Claw\n|\n|t:|1776661236\n|switch|p1b: Garchomp|Garchomp, L50, M|100/100\n|detailschange|p2a: Delphox|Delphox-Mega, L50, F\n|-mega|p2a: Delphox|Delphox|Delphoxite\n|move|p2b: Milotic|Scald|p1b: Garchomp\n|-damage|p1b: Garchomp|67/100\n|move|p2a: Delphox|Heat Wave|p1b: Garchomp|[spread] p1b\n|-miss|p2a: Delphox|p1a: Rotom\n|-resisted|p1b: Garchomp|1\n|-damage|p1b: Garchomp|45/100\n|-status|p1b: Garchomp|brn\n|move|p1a: Rotom|Discharge|p2a: Delphox|[spread] p2a,p2b\n|-immune|p1b: Garchomp\n|-supereffective|p2b: Milotic|1\n|-damage|p2a: Delphox|74/100\n|-damage|p2b: Milotic|0 fnt\n|faint|p2b: Milotic\n|\n|-damage|p1b: Garchomp|39/100 brn|[from] brn\n|upkeep\n|\n|t:|1776661258\n|switch|p2b: Kingambit|Kingambit, L50, F|100/100\n|turn|3\n|\n|t:|1776661269\n|move|p2a: Delphox|Protect|p2a: Delphox\n|-singleturn|p2a: Delphox|Protect\n|move|p2b: Kingambit|Sucker Punch|p1b: Garchomp\n|-damage|p1b: Garchomp|0 fnt\n|-damage|p2b: Kingambit|88/100|[from] ability: Rough Skin|[of] p1b: Garchomp\n|faint|p1b: Garchomp\n|move|p1a: Rotom|Discharge|p2a: Delphox|[spread] p2b\n|-activate|p2a: Delphox|move: Protect\n|-damage|p2b: Kingambit|62/100\n|\n|upkeep\n|\n|t:|1776661280\n|switch|p1b: Arcanine|Arcanine, L50, M, shiny|100/100\n|-ability|p1b: Arcanine|Intimidate|boost\n|-unboost|p2a: Delphox|atk|1\n|-unboost|p2b: Kingambit|atk|1\n|-ability|p2b: Kingambit|Defiant|boost\n|-boost|p2b: Kingambit|atk|2\n|turn|4\n|\n|t:|1776661298\n|move|p1b: Arcanine|Protect|p1b: Arcanine\n|-singleturn|p1b: Arcanine|Protect\n|move|p2a: Delphox|Psychic|p1a: Rotom\n|-damage|p1a: Rotom|34/100\n|move|p1a: Rotom|Discharge|p2a: Delphox|[spread] p2a,p2b\n|-activate|p1b: Arcanine|move: Protect\n|-damage|p2a: Delphox|47/100\n|-damage|p2b: Kingambit|32/100\n|move|p2b: Kingambit|Kowtow Cleave|p1b: Arcanine\n|-activate|p1b: Arcanine|move: Protect\n|\n|-sideend|p2: hllplay6767|move: Tailwind\n|upkeep\n|turn|5\n|\n|t:|1776661320\n|move|p2b: Kingambit|Sucker Punch|p1a: Rotom\n|-damage|p1a: Rotom|0 fnt\n|faint|p1a: Rotom\n|move|p2a: Delphox|Encore|p1b: Arcanine\n|-start|p1b: Arcanine|Encore\n|move|p1b: Arcanine|Protect||[still]\n|-fail|p1b: Arcanine\n|\n|upkeep\n|\n|t:|1776661327\n|switch|p1a: Gardevoir|Gardevoir-Mega, L50, M, shiny|45/100 brn\n|turn|6\n|\n|t:|1776661335\n|move|p1b: Arcanine|Protect|p1b: Arcanine\n|-singleturn|p1b: Arcanine|Protect\n|move|p1a: Gardevoir|Protect|p1a: Gardevoir\n|-singleturn|p1a: Gardevoir|Protect\n|move|p2b: Kingambit|Sucker Punch||[still]\n|-fail|p2b: Kingambit\n|move|p2a: Delphox|Heat Wave|p1a: Gardevoir|[spread] \n|-activate|p1a: Gardevoir|move: Protect\n|-activate|p1b: Arcanine|move: Protect\n|\n|-damage|p1a: Gardevoir|39/100 brn|[from] brn\n|upkeep\n|turn|7\n|\n|t:|1776661359\n|move|p1b: Arcanine|Protect||[still]\n|-fail|p1b: Arcanine\n|move|p2a: Delphox|Encore|p1a: Gardevoir\n|-start|p1a: Gardevoir|Encore\n|move|p1a: Gardevoir|Protect|p1a: Gardevoir\n|-singleturn|p1a: Gardevoir|Protect\n|move|p2b: Kingambit|Kowtow Cleave|p1b: Arcanine\n|-damage|p1b: Arcanine|12/100\n|-enditem|p1b: Arcanine|Sitrus Berry|[eat]\n|-heal|p1b: Arcanine|37/100|[from] item: Sitrus Berry\n|\n|-damage|p1a: Gardevoir|34/100 brn|[from] brn\n|-end|p1b: Arcanine|Encore\n|upkeep\n|turn|8\n|\n|t:|1776661379\n|move|p1a: Gardevoir|Protect||[still]\n|-fail|p1a: Gardevoir\n|move|p2a: Delphox|Encore|p1b: Arcanine\n|-start|p1b: Arcanine|Encore\n|move|p1b: Arcanine|Protect|p1b: Arcanine\n|-singleturn|p1b: Arcanine|Protect\n|move|p2b: Kingambit|Kowtow Cleave|p1a: Gardevoir\n|-damage|p1a: Gardevoir|0 fnt\n|faint|p1a: Gardevoir\n|\n|upkeep\n|turn|9\n|-message|TrapGood forfeited.\n|\n|win|hllplay6767\n|raw|TrapGood's rating: 1099 &rarr; <strong>1067</strong><br />(-32 for losing)\n|raw|hllplay6767's rating: 1000 &rarr; <strong>1051</strong><br />(+51 for winning)\n|l|\u2606TrapGood\n|player|p1|\n",
  "uploadtime": 1776661400,
  "views": 6,
  "formatid": "gen9championsvgc2026regma",
  "rating": 1051,
  "private": 0,
  "password": null
}