{
  "id": "gen9championsvgc2026regma-2582926346",
  "format": "[Gen 9 Champions] VGC 2026 Reg M-A",
  "players": [
    "jimmythunder",
    "silvermagicianvgc"
  ],
  "log": "|j|\u2606jimmythunder\n|j|\u2606silvermagicianvgc\n|t:|1776125608\n|gametype|doubles\n|player|p1|jimmythunder|gentleman-gen4|1315\n|player|p2|silvermagicianvgc|silver|1394\n|gen|9\n|tier|[Gen 9 Champions] VGC 2026 Reg M-A\n|rated|\n|rule|Species Clause: Limit one of each Pok\u00e9mon\n|rule|Item Clause: Limit 1 of each item\n|clearpoke\n|poke|p1|Starmie, L50|\n|poke|p1|Pelipper, L50, M|\n|poke|p1|Archaludon, L50, M|\n|poke|p1|Farigiraf, L50, M|\n|poke|p1|Sableye, L50, F|\n|poke|p1|Scizor, L50, F|\n|poke|p2|Floette-Eternal, L50, F|\n|poke|p2|Garchomp, L50, F|\n|poke|p2|Charizard, L50, M|\n|poke|p2|Incineroar, L50, M|\n|poke|p2|Sneasler, L50, M|\n|poke|p2|Sinistcha, L50|\n|teampreview|4\n|\n|t:|1776125652\n|teamsize|p1|4\n|teamsize|p2|4\n|start\n|switch|p1a: Starmie|Starmie, L50|100/100\n|switch|p1b: Sableye|Sableye, L50, F|100/100\n|switch|p2a: Charizard|Charizard, L50, M|100/100\n|switch|p2b: Incineroar|Incineroar, L50, M|100/100\n|-ability|p2b: Incineroar|Intimidate|boost\n|-unboost|p1a: Starmie|atk|1\n|-unboost|p1b: Sableye|atk|1\n|turn|1\n|inactive|Battle timer is ON: inactive players will automatically lose when time's up. (requested by jimmythunder)\n|\n|t:|1776125686\n|move|p1a: Starmie|Protect|p1a: Starmie\n|-singleturn|p1a: Starmie|Protect\n|move|p2b: Incineroar|Fake Out|p1a: Starmie\n|-activate|p1a: Starmie|move: Protect\n|move|p1b: Sableye|Light Screen|p1b: Sableye\n|-sidestart|p1: jimmythunder|move: Light Screen\n|move|p2a: Charizard|Heat Wave|p1a: Starmie|[spread] p1b\n|-activate|p1a: Starmie|move: Protect\n|-damage|p1b: Sableye|72/100\n|\n|-heal|p1b: Sableye|78/100|[from] item: Leftovers\n|upkeep\n|turn|2\n|inactive|jimmythunder has 30 seconds left.\n|inactive|silvermagicianvgc has 30 seconds left.\n|inactive|silvermagicianvgc has 20 seconds left.\n|\n|t:|1776125724\n|switch|p2a: Sinistcha|Sinistcha, L50|100/100\n|detailschange|p1a: Starmie|Starmie-Mega, L50\n|-mega|p1a: Starmie|Starmie|Starminite\n|move|p1b: Sableye|Rain Dance|p1b: Sableye\n|-weather|RainDance\n|move|p1a: Starmie|Liquidation|p2b: Incineroar\n|-supereffective|p2b: Incineroar|1\n|-damage|p2b: Incineroar|0 fnt\n|faint|p2b: Incineroar\n|\n|-weather|RainDance|[upkeep]\n|-heal|p1b: Sableye|84/100|[from] item: Leftovers\n|upkeep\n|\n|t:|1776125737\n|switch|p2b: Charizard|Charizard, L50, M|100/100\n|turn|3\n|inactive|silvermagicianvgc has 30 seconds left.\n|\n|t:|1776125767\n|switch|p1a: Archaludon|Archaludon, L50, M|100/100\n|detailschange|p2b: Charizard|Charizard-Mega-Y, L50, M\n|-mega|p2b: Charizard|Charizard|Charizardite Y\n|-weather|SunnyDay|[from] ability: Drought|[of] p2b: Charizard\n|move|p1b: Sableye|Rain Dance|p1b: Sableye\n|-weather|RainDance\n|move|p2b: Charizard|Heat Wave|p1b: Sableye|[spread] p1a,p1b\n|-damage|p1a: Archaludon|81/100\n|-damage|p1b: Sableye|67/100\n|-ability|p1a: Archaludon|Stamina|boost\n|-boost|p1a: Archaludon|def|1\n|move|p2a: Sinistcha|Matcha Gotcha|p1a: Archaludon|[spread] p1a,p1b\n|-resisted|p1a: Archaludon|2\n|-damage|p1a: Archaludon|76/100\n|-damage|p1b: Sableye|49/100\n|-ability|p1a: Archaludon|Stamina|boost\n|-boost|p1a: Archaludon|def|1\n|\n|-weather|RainDance|[upkeep]\n|-heal|p1b: Sableye|55/100|[from] item: Leftovers\n|upkeep\n|turn|4\n|inactive|silvermagicianvgc has 30 seconds left.\n|inactive|silvermagicianvgc has 20 seconds left.\n|\n|t:|1776125805\n|switch|p2b: Garchomp|Garchomp, L50, F|100/100\n|move|p1b: Sableye|Quash||[still]\n|-fail|p1b: Sableye\n|move|p1a: Archaludon|Electro Shot||[still]\n|-prepare|p1a: Archaludon|Electro Shot\n|-boost|p1a: Archaludon|spa|1\n|-anim|p1a: Archaludon|Electro Shot|p2b: Garchomp\n|-immune|p2b: Garchomp\n|move|p2a: Sinistcha|Matcha Gotcha|p1b: Sableye|[spread] p1a,p1b\n|-resisted|p1a: Archaludon|2\n|-damage|p1a: Archaludon|71/100\n|-damage|p1b: Sableye|39/100\n|-ability|p1a: Archaludon|Stamina|boost\n|-boost|p1a: Archaludon|def|1\n|\n|-weather|RainDance|[upkeep]\n|-heal|p1b: Sableye|44/100|[from] item: Leftovers\n|upkeep\n|turn|5\n|inactive|silvermagicianvgc has 30 seconds left.\n|\n|t:|1776125836\n|move|p2a: Sinistcha|Rage Powder|p2a: Sinistcha\n|-singleturn|p2a: Sinistcha|move: Rage Powder\n|move|p1b: Sableye|Quash||[still]\n|-fail|p1b: Sableye\n|move|p2b: Garchomp|Earthquake|p1a: Archaludon|[spread] p2a,p1a,p1b\n|-resisted|p2a: Sinistcha|1\n|-supereffective|p1a: Archaludon|1\n|-damage|p2a: Sinistcha|84/100\n|-damage|p1a: Archaludon|43/100\n|-damage|p1b: Sableye|0 fnt\n|-ability|p1a: Archaludon|Stamina|boost\n|-boost|p1a: Archaludon|def|1\n|-enditem|p1a: Archaludon|Sitrus Berry|[eat]\n|-heal|p1a: Archaludon|68/100|[from] item: Sitrus Berry\n|faint|p1b: Sableye\n|move|p1a: Archaludon|Draco Meteor|p2a: Sinistcha|[miss]\n|-miss|p1a: Archaludon|p2a: Sinistcha\n|\n|-weather|RainDance|[upkeep]\n|-heal|p2a: Sinistcha|90/100|[from] item: Leftovers\n|-sideend|p1: jimmythunder|move: Light Screen\n|upkeep\n|\n|t:|1776125849\n|switch|p1b: Starmie|Starmie-Mega, L50|100/100\n|turn|6\n|\n|t:|1776125861\n|switch|p2a: Charizard|Charizard-Mega-Y, L50, M|100/100\n|-weather|SunnyDay|[from] ability: Drought|[of] p2a: Charizard\n|move|p2b: Garchomp|Earthquake|p1a: Archaludon|[spread] p1a,p1b\n|-immune|p2a: Charizard\n|-supereffective|p1a: Archaludon|1\n|-damage|p1a: Archaludon|49/100\n|-damage|p1b: Starmie|51/100\n|-ability|p1a: Archaludon|Stamina|boost\n|-boost|p1a: Archaludon|def|1\n|move|p1b: Starmie|Ice Spinner|p2a: Charizard\n|-damage|p2a: Charizard|24/100\n|move|p1a: Archaludon|Draco Meteor|p2b: Garchomp\n|-supereffective|p2b: Garchomp|1\n|-damage|p2b: Garchomp|0 fnt\n|-unboost|p1a: Archaludon|spa|2\n|faint|p2b: Garchomp\n|\n|-weather|SunnyDay|[upkeep]\n|upkeep\n|\n|t:|1776125877\n|switch|p2b: Sinistcha|Sinistcha, L50|90/100\n|-heal|p2a: Charizard|48/100|[from] ability: Hospitality|[of] p2b: Sinistcha\n|turn|7\n|inactive|silvermagicianvgc has 30 seconds left.\n|\n|t:|1776125912\n|switch|p1b: Pelipper|Pelipper, L50, M|100/100\n|-weather|RainDance|[from] ability: Drizzle|[of] p1b: Pelipper\n|move|p2a: Charizard|Heat Wave|p1b: Pelipper|[spread] p1a,p1b\n|-resisted|p1b: Pelipper|1\n|-damage|p1a: Archaludon|21/100\n|-damage|p1b: Pelipper|84/100\n|-ability|p1a: Archaludon|Stamina|boost\n|-boost|p1a: Archaludon|def|1\n|move|p1a: Archaludon|Electro Shot||[still]\n|-prepare|p1a: Archaludon|Electro Shot\n|-boost|p1a: Archaludon|spa|1\n|-anim|p1a: Archaludon|Electro Shot|p2a: Charizard\n|-supereffective|p2a: Charizard|1\n|-damage|p2a: Charizard|0 fnt\n|faint|p2a: Charizard\n|move|p2b: Sinistcha|Matcha Gotcha|p1b: Pelipper|[spread] p1a,p1b\n|-resisted|p1a: Archaludon|2\n|-crit|p1a: Archaludon\n|-damage|p1a: Archaludon|9/100\n|-heal|p2b: Sinistcha|97/100|[from] drain|[of] p1a: Archaludon\n|-damage|p1b: Pelipper|50/100\n|-heal|p2b: Sinistcha|100/100|[from] drain|[of] p1b: Pelipper\n|\n|-weather|RainDance|[upkeep]\n|upkeep\n|turn|8\n|-message|silvermagicianvgc forfeited.\n|\n|win|jimmythunder\n|raw|jimmythunder's rating: 1315 &rarr; <strong>1339</strong><br />(+24 for winning)\n|raw|silvermagicianvgc's rating: 1394 &rarr; <strong>1370</strong><br />(-24 for losing)\n|l|\u2606silvermagicianvgc\n|player|p2|\n|l|\u2606jimmythunder\n|player|p1|\n",
  "uploadtime": 1776125941,
  "views": 23,
  "formatid": "gen9championsvgc2026regma",
  "rating": 1339,
  "private": 0,
  "password": null
}