{
  "id": "gen9championsvgc2026regma-2587009323",
  "format": "[Gen 9 Champions] VGC 2026 Reg M-A",
  "players": [
    "FlorenceTheThief",
    "OuiMus_KXYRIU9"
  ],
  "log": "|j|\u2606FlorenceTheThief\n|j|\u2606OuiMus_KXYRIU9\n|t:|1776480814\n|gametype|doubles\n|player|p1|FlorenceTheThief|candice|1081\n|player|p2|OuiMus_KXYRIU9|102|1176\n|gen|9\n|tier|[Gen 9 Champions] VGC 2026 Reg M-A\n|rated|\n|rule|Species Clause: Limit one of each Pok\u00e9mon\n|rule|Item Clause: Limit 1 of each item\n|clearpoke\n|poke|p1|Meganium, L50, M|\n|poke|p1|Typhlosion-Hisui, L50, M|\n|poke|p1|Aerodactyl, L50, F|\n|poke|p1|Archaludon, L50, F|\n|poke|p1|Kangaskhan, L50, F|\n|poke|p1|Tauros-Paldea-Aqua, L50, M|\n|poke|p2|Gengar, L50, F|\n|poke|p2|Slowking, L50, F|\n|poke|p2|Volcarona, L50, M|\n|poke|p2|Incineroar, L50, M|\n|poke|p2|Rotom-Frost, L50|\n|poke|p2|Zoroark-Hisui, L50, M|\n|teampreview|4\n|inactive|Battle timer is ON: inactive players will automatically lose when time's up. (requested by OuiMus_KXYRIU9)\n|inactive|FlorenceTheThief has 60 seconds left.\n|\n|t:|1776480850\n|teamsize|p1|4\n|teamsize|p2|4\n|start\n|switch|p1a: Typhlosion|Typhlosion-Hisui, L50, M, shiny|100/100\n|switch|p1b: Aerodactyl|Aerodactyl, L50, F|100/100\n|switch|p2a: Gengar|Gengar, L50, F|100/100\n|switch|p2b: Volcarona|Volcarona, L50, M|100/100\n|-ability|p1b: Aerodactyl|Unnerve\n|-item|p2a: Gengar|Gengarite|[from] ability: Frisk|[of] p1a: Typhlosion\n|-item|p2b: Volcarona|Mental Herb|[from] ability: Frisk|[of] p1a: Typhlosion\n|turn|1\n|\n|t:|1776480871\n|detailschange|p2a: Gengar|Gengar-Mega, L50, F\n|-mega|p2a: Gengar|Gengar|Gengarite\n|move|p1a: Typhlosion|Eruption|p2b: Volcarona|[spread] p2a,p2b\n|-damage|p2a: Gengar|16/100\n|-damage|p2b: Volcarona|43/100\n|move|p1b: Aerodactyl|Tailwind|p1b: Aerodactyl\n|-sidestart|p1: FlorenceTheThief|move: Tailwind\n|move|p2a: Gengar|Perish Song|p2a: Gengar\n|-start|p1a: Typhlosion|perish3|[silent]\n|-start|p1b: Aerodactyl|perish3|[silent]\n|-start|p2a: Gengar|perish3|[silent]\n|-start|p2b: Volcarona|perish3|[silent]\n|-fieldactivate|move: Perish Song\n|move|p2b: Volcarona|U-turn|p1b: Aerodactyl\n|-resisted|p1b: Aerodactyl|1\n|-damage|p1b: Aerodactyl|90/100\n|\n|t:|1776480889\n|switch|p2b: Slowking|Slowking, L50, F|100/100|[from] U-turn\n|\n|-start|p1a: Typhlosion|perish3\n|-start|p1b: Aerodactyl|perish3\n|-start|p2a: Gengar|perish3\n|upkeep\n|turn|2\n|\n|t:|1776480906\n|move|p2a: Gengar|Protect|p2a: Gengar\n|-singleturn|p2a: Gengar|Protect\n|move|p1a: Typhlosion|Eruption|p2a: Gengar|[spread] p2b\n|-activate|p2a: Gengar|move: Protect\n|-resisted|p2b: Slowking|1\n|-damage|p2b: Slowking|83/100\n|move|p1b: Aerodactyl|Dual Wingbeat|p2b: Slowking\n|-crit|p2b: Slowking\n|-damage|p2b: Slowking|53/100\n|-damage|p2b: Slowking|32/100\n|-hitcount|p2b: Slowking|2\n|move|p2b: Slowking|Trick Room|p2b: Slowking\n|-fieldstart|move: Trick Room|[of] p2b: Slowking\n|\n|-start|p2a: Gengar|perish2\n|-start|p1b: Aerodactyl|perish2\n|-start|p1a: Typhlosion|perish2\n|upkeep\n|turn|3\n|inactive|OuiMus_KXYRIU9 has 30 seconds left.\n|\n|t:|1776480933\n|switch|p2b: Incineroar|Incineroar, L50, M|100/100\n|-ability|p2b: Incineroar|Intimidate|boost\n|-unboost|p1a: Typhlosion|atk|1\n|-unboost|p1b: Aerodactyl|atk|1\n|move|p1b: Aerodactyl|Protect|p1b: Aerodactyl\n|-singleturn|p1b: Aerodactyl|Protect\n|move|p2a: Gengar|Disable|p1a: Typhlosion\n|-start|p1a: Typhlosion|Disable|Eruption\n|cant|p1a: Typhlosion|Disable|Eruption\n|\n|-start|p2a: Gengar|perish1\n|-start|p1b: Aerodactyl|perish1\n|-start|p1a: Typhlosion|perish1\n|upkeep\n|turn|4\n|\n|t:|1776480953\n|switch|p2a: Slowking|Slowking, L50, F|65/100\n|move|p2b: Incineroar|Fake Out|p1b: Aerodactyl\n|-resisted|p1b: Aerodactyl|1\n|-damage|p1b: Aerodactyl|82/100\n|cant|p1b: Aerodactyl|flinch\n|-activate|p1a: Typhlosion|move: Struggle\n|move|p1a: Typhlosion|Struggle|p2b: Incineroar\n|-damage|p2b: Incineroar|96/100\n|-damage|p1a: Typhlosion|75/100|[from] recoil\n|\n|-heal|p2b: Incineroar|100/100|[from] item: Leftovers\n|-start|p1b: Aerodactyl|perish0\n|-start|p1a: Typhlosion|perish0\n|-sideend|p1: FlorenceTheThief|move: Tailwind\n|faint|p1b: Aerodactyl\n|faint|p1a: Typhlosion\n|upkeep\n|\n|t:|1776480967\n|switch|p1a: Kangaskhan|Kangaskhan, L50, F|100/100\n|switch|p1b: Meganium|Meganium, L50, M|100/100\n|turn|5\n|inactive|FlorenceTheThief has 30 seconds left.\n|\n|t:|1776480999\n|detailschange|p1a: Kangaskhan|Kangaskhan-Mega, L50, F\n|-mega|p1a: Kangaskhan|Kangaskhan|Kangaskhanite\n|move|p1a: Kangaskhan|Fake Out|p2b: Incineroar\n|-damage|p2b: Incineroar|84/100\n|-damage|p2b: Incineroar|80/100\n|-hitcount|p2b: Incineroar|2\n|move|p2a: Slowking|Scald|p1a: Kangaskhan\n|-damage|p1a: Kangaskhan|70/100\n|cant|p2b: Incineroar|flinch\n|move|p1b: Meganium|Dazzling Gleam|p2b: Incineroar|[spread] p2a,p2b\n|-damage|p2a: Slowking|55/100\n|-damage|p2b: Incineroar|66/100\n|\n|-heal|p2b: Incineroar|72/100|[from] item: Leftovers\n|upkeep\n|turn|6\n|inactive|FlorenceTheThief has 30 seconds left.\n|inactive|OuiMus_KXYRIU9 has 30 seconds left.\n|\n|t:|1776481032\n|move|p1a: Kangaskhan|Sucker Punch|p2a: Slowking\n|-supereffective|p2a: Slowking|1\n|-damage|p2a: Slowking|0 fnt\n|faint|p2a: Slowking\n|-hitcount|p2: Slowking|1\n|move|p2b: Incineroar|Parting Shot|p1b: Meganium\n|-unboost|p1b: Meganium|atk|1\n|-unboost|p1b: Meganium|spa|1\n|\n|t:|1776481041\n|switch|p2b: Volcarona|Volcarona, L50, M|43/100|[from] Parting Shot\n|move|p1b: Meganium|Dazzling Gleam|p2b: Volcarona\n|-resisted|p2b: Volcarona|1\n|-damage|p2b: Volcarona|36/100\n|\n|-fieldend|move: Trick Room\n|upkeep\n|\n|t:|1776481051\n|switch|p2a: Gengar|Gengar-Mega, L50, F|16/100\n|turn|7\n|\n|t:|1776481076\n|move|p2b: Volcarona|Rage Powder|p2b: Volcarona\n|-singleturn|p2b: Volcarona|move: Rage Powder\n|move|p2a: Gengar|Perish Song|p2a: Gengar\n|-start|p1a: Kangaskhan|perish3|[silent]\n|-start|p1b: Meganium|perish3|[silent]\n|-start|p2a: Gengar|perish3|[silent]\n|-start|p2b: Volcarona|perish3|[silent]\n|-fieldactivate|move: Perish Song\n|move|p1a: Kangaskhan|Double-Edge|p2b: Volcarona\n|-damage|p2b: Volcarona|0 fnt\n|faint|p2b: Volcarona\n|-hitcount|p2: Volcarona|1\n|-damage|p1a: Kangaskhan|58/100|[from] Recoil\n|move|p1b: Meganium|Dazzling Gleam|p2a: Gengar\n|-resisted|p2a: Gengar|1\n|-damage|p2a: Gengar|6/100\n|\n|-start|p2a: Gengar|perish3\n|-start|p1a: Kangaskhan|perish3\n|-start|p1b: Meganium|perish3\n|upkeep\n|\n|t:|1776481091\n|switch|p2b: Incineroar|Incineroar, L50, M|72/100\n|-ability|p2b: Incineroar|Intimidate|boost\n|-unboost|p1a: Kangaskhan|atk|1\n|-unboost|p1b: Meganium|atk|1\n|turn|8\n|\n|t:|1776481104\n|move|p2b: Incineroar|Fake Out|p1b: Meganium\n|-damage|p1b: Meganium|91/100\n|move|p2a: Gengar|Disable|p1a: Kangaskhan\n|-start|p1a: Kangaskhan|Disable|Double-Edge\n|move|p1a: Kangaskhan|Low Kick|p2b: Incineroar\n|-supereffective|p2b: Incineroar|1\n|-damage|p2b: Incineroar|43/100\n|-supereffective|p2b: Incineroar|1\n|-damage|p2b: Incineroar|35/100\n|-hitcount|p2b: Incineroar|2\n|cant|p1b: Meganium|flinch\n|\n|-heal|p2b: Incineroar|41/100|[from] item: Leftovers\n|-start|p2a: Gengar|perish2\n|-start|p1a: Kangaskhan|perish2\n|-start|p1b: Meganium|perish2\n|upkeep\n|turn|9\n|inactive|FlorenceTheThief has 30 seconds left.\n|inactive|OuiMus_KXYRIU9 has 30 seconds left.\n|\n|t:|1776481135\n|move|p2a: Gengar|Protect|p2a: Gengar\n|-singleturn|p2a: Gengar|Protect\n|move|p1a: Kangaskhan|Low Kick|p2b: Incineroar\n|-supereffective|p2b: Incineroar|1\n|-damage|p2b: Incineroar|11/100\n|-supereffective|p2b: Incineroar|1\n|-damage|p2b: Incineroar|4/100\n|-hitcount|p2b: Incineroar|2\n|move|p1b: Meganium|Dazzling Gleam|p2b: Incineroar|[spread] p2b\n|-activate|p2a: Gengar|move: Protect\n|-damage|p2b: Incineroar|0 fnt\n|faint|p2b: Incineroar\n|\n|-start|p2a: Gengar|perish1\n|-start|p1a: Kangaskhan|perish1\n|-start|p1b: Meganium|perish1\n|upkeep\n|turn|10\n|inactive|OuiMus_KXYRIU9 has 30 seconds left.\n|\n|t:|1776481160\n|move|p2a: Gengar|Protect||[still]\n|-fail|p2a: Gengar\n|move|p1a: Kangaskhan|Sucker Punch||[still]\n|-fail|p1a: Kangaskhan\n|move|p1b: Meganium|Dazzling Gleam|p2a: Gengar\n|-resisted|p2a: Gengar|1\n|-damage|p2a: Gengar|0 fnt\n|faint|p2a: Gengar\n|\n|win|FlorenceTheThief\n|raw|FlorenceTheThief's rating: 1081 &rarr; <strong>1116</strong><br />(+35 for winning)\n|raw|OuiMus_KXYRIU9's rating: 1176 &rarr; <strong>1144</strong><br />(-32 for losing)\n",
  "uploadtime": 1776481169,
  "views": 14,
  "formatid": "gen9championsvgc2026regma",
  "rating": 1116,
  "private": 0,
  "password": null
}