{
  "id": "gen9championsvgc2026regma-2583912781",
  "format": "[Gen 9 Champions] VGC 2026 Reg M-A",
  "players": [
    "benflamebow",
    "XxStpYTxX"
  ],
  "log": "|j|\u2606benflamebow\n|j|\u2606XxStpYTxX\n|t:|1776207727\n|gametype|doubles\n|player|p1|benflamebow|169|1100\n|player|p2|XxStpYTxX|169|1099\n|gen|9\n|tier|[Gen 9 Champions] VGC 2026 Reg M-A\n|rated|\n|rule|Species Clause: Limit one of each Pok\u00e9mon\n|rule|Item Clause: Limit 1 of each item\n|clearpoke\n|poke|p1|Aggron, L50, M|\n|poke|p1|Pelipper, L50, M|\n|poke|p1|Sinistcha, L50|\n|poke|p1|Scizor, L50, M|\n|poke|p1|Azumarill, L50, F|\n|poke|p1|Gyarados, L50, M|\n|poke|p2|Meganium, L50, F|\n|poke|p2|Archaludon, L50, M|\n|poke|p2|Aerodactyl, L50, M|\n|poke|p2|Typhlosion-Hisui, L50, F|\n|poke|p2|Tauros-Paldea-Aqua, L50, M|\n|poke|p2|Kangaskhan, L50, F|\n|teampreview|4\nbenflamebow rejected open team sheets.\n|\n|t:|1776207783\n|teamsize|p1|4\n|teamsize|p2|4\n|start\n|switch|p1a: Aggron|Aggron, L50, M|100/100\n|switch|p1b: Pelipper|Pelipper, L50, M|100/100\n|switch|p2a: Mizi|Meganium, L50, F|100/100\n|switch|p2b: Byrd V2|Aerodactyl, L50, M, shiny|100/100\n|-ability|p2b: Byrd V2|Unnerve\n|-weather|RainDance|[from] ability: Drizzle|[of] p1b: Pelipper\n|turn|1\n|\n|t:|1776207806\n|detailschange|p2a: Mizi|Meganium-Mega, L50, F\n|-mega|p2a: Mizi|Meganium|Meganiumite\n|detailschange|p1a: Aggron|Aggron-Mega, L50, M\n|-mega|p1a: Aggron|Aggron|Aggronite\n|move|p2b: Byrd V2|Tailwind|p2b: Byrd V2\n|-sidestart|p2: XxStpYTxX|move: Tailwind\n|move|p2a: Mizi|Weather Ball|p1a: Aggron\n|-supereffective|p1a: Aggron|1\n|-damage|p1a: Aggron|0 fnt\n|faint|p1a: Aggron\n|move|p1b: Pelipper|Tailwind|p1b: Pelipper\n|-sidestart|p1: benflamebow|move: Tailwind\n|\n|-weather|RainDance|[upkeep]\n|upkeep\n|c|\u2606benflamebow|holy shit\n|c|\u2606XxStpYTxX|I know right?\n|c|\u2606XxStpYTxX|142 Base Sp Attack\n|c|\u2606benflamebow|does mega meganium weather ball get debuffed by rain?\n|\n|t:|1776207854\n|switch|p1a: Gyarados|Gyarados, L50, M|100/100\n|-ability|p1a: Gyarados|Intimidate|boost\n|-unboost|p2a: Mizi|atk|1\n|-unboost|p2b: Byrd V2|atk|1\n|turn|2\n|c|\u2606XxStpYTxX|Mega Sol allows me to use all my moves as if Sun was up\n|\n|t:|1776207891\n|move|p2b: Byrd V2|Rock Slide|p1a: Gyarados|[spread] p1a,p1b\n|-supereffective|p1a: Gyarados|1\n|-supereffective|p1b: Pelipper|1\n|-damage|p1a: Gyarados|52/100\n|-damage|p1b: Pelipper|65/100\n|move|p1a: Gyarados|Hurricane|p2a: Mizi\n|-supereffective|p2a: Mizi|1\n|-damage|p2a: Mizi|50/100\n|-start|p2a: Mizi|confusion\n|-activate|p2a: Mizi|confusion\n|move|p2a: Mizi|Solar Beam||[still]\n|-prepare|p2a: Mizi|Solar Beam\n|-activate|p2a: Mizi|ability: Mega Sol\n|-anim|p2a: Mizi|Solar Beam|p1a: Gyarados\n|-damage|p1a: Gyarados|0 fnt\n|faint|p1a: Gyarados\n|cant|p1b: Pelipper|flinch\n|\n|-weather|RainDance|[upkeep]\n|upkeep\n|c|\u2606XxStpYTxX|Watch if you don't kill me\n|c|\u2606XxStpYTxX|See?\n|c|\u2606benflamebow|jesus thats really cool\n|c|\u2606XxStpYTxX|I know right\n|c|\u2606XxStpYTxX|You should use them sometime\n|c|\u2606benflamebow|not even just super viable thats a dope ability\n|c|\u2606benflamebow|plus new fairy type\n|c|\u2606benflamebow|I def gotta build a team around them\n|\n|t:|1776207942\n|switch|p1a: Scizor|Scizor, L50, M|100/100\n|turn|3\n|c|\u2606XxStpYTxX|I could give you the team if you want it\n|\n|t:|1776207953\n|move|p1a: Scizor|Bullet Punch|p2a: Mizi\n|-supereffective|p2a: Mizi|1\n|-damage|p2a: Mizi|0 fnt\n|faint|p2a: Mizi\n|move|p2b: Byrd V2|Rock Slide|p1b: Pelipper|[spread] p1a,p1b\n|-crit|p1a: Scizor\n|-supereffective|p1b: Pelipper|1\n|-damage|p1a: Scizor|67/100\n|-damage|p1b: Pelipper|31/100\n|move|p1b: Pelipper|Hurricane|p2b: Byrd V2\n|-resisted|p2b: Byrd V2|1\n|-damage|p2b: Byrd V2|72/100\n|\n|-weather|RainDance|[upkeep]\n|-heal|p1a: Scizor|73/100|[from] item: Leftovers\n|upkeep\n|\n|t:|1776207967\n|switch|p2a: Dad|Tauros-Paldea-Aqua, L50, M, shiny|100/100\n|-ability|p2a: Dad|Intimidate|boost\n|-unboost|p1a: Scizor|atk|1\n|-unboost|p1b: Pelipper|atk|1\n|turn|4\n|c|\u2606benflamebow|naw I'll make my own I appericate tho\n|c|\u2606XxStpYTxX|Okay^^\n|\n|t:|1776207985\n|move|p2b: Byrd V2|Rock Slide|p1b: Pelipper|[spread] p1a,p1b\n|-supereffective|p1b: Pelipper|1\n|-damage|p1a: Scizor|60/100\n|-damage|p1b: Pelipper|0 fnt\n|faint|p1b: Pelipper\n|move|p2a: Dad|Close Combat|p1a: Scizor\n|-damage|p1a: Scizor|15/100\n|-unboost|p2a: Dad|def|1\n|-unboost|p2a: Dad|spd|1\n|-enditem|p2a: Dad|White Herb\n|-clearnegativeboost|p2a: Dad|[silent]\n|move|p1a: Scizor|Swords Dance|p1a: Scizor\n|-boost|p1a: Scizor|atk|2\n|\n|-weather|RainDance|[upkeep]\n|-heal|p1a: Scizor|21/100|[from] item: Leftovers\n|-sideend|p2: XxStpYTxX|move: Tailwind\n|-sideend|p1: benflamebow|move: Tailwind\n|upkeep\n|turn|5\n|\n|t:|1776208002\n|move|p2a: Dad|Aqua Jet|p1a: Scizor\n|-damage|p1a: Scizor|0 fnt\n|faint|p1a: Scizor\n|\n|win|XxStpYTxX\n|raw|benflamebow's rating: 1100 &rarr; <strong>1075</strong><br />(-25 for losing)\n|raw|XxStpYTxX's rating: 1099 &rarr; <strong>1124</strong><br />(+25 for winning)\n|c|\u2606XxStpYTxX|GG\n|c|\u2606XxStpYTxX|Wp\n|c|\u2606benflamebow|GG\n|l|\u2606benflamebow\n|player|p1|\n",
  "uploadtime": 1776208017,
  "views": 14,
  "formatid": "gen9championsvgc2026regma",
  "rating": 1075,
  "private": 0,
  "password": null
}