{
  "id": "gen9championsvgc2026regma-2583990086",
  "format": "[Gen 9 Champions] VGC 2026 Reg M-A",
  "players": [
    "saisai0305",
    "Azure Resolution"
  ],
  "log": "|j|\u2606saisai0305\n|j|\u2606Azure Resolution\n|t:|1776214668\n|gametype|doubles\n|player|p1|saisai0305|169|1234\n|player|p2|Azure Resolution|gentleman-gen4dp|1305\n|gen|9\n|tier|[Gen 9 Champions] VGC 2026 Reg M-A\n|rated|\n|rule|Species Clause: Limit one of each Pok\u00e9mon\n|rule|Item Clause: Limit 1 of each item\n|clearpoke\n|poke|p1|Pelipper, L50, M|\n|poke|p1|Basculegion, L50, M|\n|poke|p1|Archaludon, L50, F|\n|poke|p1|Incineroar, L50, F|\n|poke|p1|Sinistcha, L50|\n|poke|p1|Kangaskhan, L50, F|\n|poke|p2|Altaria, L50, F|\n|poke|p2|Delphox, L50, F|\n|poke|p2|Kingambit, L50, F|\n|poke|p2|Milotic, L50, F|\n|poke|p2|Raichu, L50, F|\n|poke|p2|Gengar, L50, F|\n|teampreview|4\n|inactive|Battle timer is ON: inactive players will automatically lose when time's up. (requested by saisai0305)\nsaisai0305 has agreed to open team sheets.\nAzure Resolution rejected open team sheets.\n|inactive|saisai0305 has 60 seconds left.\n|\n|t:|1776214836\n|teamsize|p1|4\n|teamsize|p2|4\n|start\n|switch|p1a: Pelipper|Pelipper, L50, M|100/100\n|switch|p1b: Basculegion|Basculegion, L50, M|100/100\n|switch|p2a: Silly Goose|Altaria, L50, F|100/100\n|switch|p2b: Raichu|Raichu, L50, F|100/100\n|-weather|RainDance|[from] ability: Drizzle|[of] p1a: Pelipper\n|-ability|p2a: Silly Goose|Cloud Nine\n|turn|1\n|\n|t:|1776214857\n|move|p2b: Raichu|Fake Out|p1a: Pelipper\n|-damage|p1a: Pelipper|89/100\n|move|p1b: Basculegion|Flip Turn|p2a: Silly Goose\n|-resisted|p2a: Silly Goose|1\n|-damage|p2a: Silly Goose|80/100\n|\n|t:|1776214864\n|switch|p1b: Kangaskhan|Kangaskhan, L50, F|100/100|[from] Flip Turn\n|cant|p1a: Pelipper|flinch\n|move|p2a: Silly Goose|Tailwind|p2a: Silly Goose\n|-sidestart|p2: Azure Resolution|move: Tailwind\n|\n|-weather|RainDance|[upkeep]\n|upkeep\n|turn|2\n|inactive|Azure Resolution has 30 seconds left.\n|\n|t:|1776214891\n|detailschange|p1b: Kangaskhan|Kangaskhan-Mega, L50, F\n|-mega|p1b: Kangaskhan|Kangaskhan|Kangaskhanite\n|move|p2a: Silly Goose|Protect|p2a: Silly Goose\n|-singleturn|p2a: Silly Goose|Protect\n|move|p1b: Kangaskhan|Fake Out|p2b: Raichu\n|-damage|p2b: Raichu|52/100\n|-damage|p2b: Raichu|41/100\n|-hitcount|p2b: Raichu|2\n|cant|p2b: Raichu|flinch\n|move|p1a: Pelipper|Tailwind|p1a: Pelipper\n|-sidestart|p1: saisai0305|move: Tailwind\n|\n|-weather|RainDance|[upkeep]\n|upkeep\n|turn|3\n|inactive|saisai0305 has 30 seconds left.\n|inactive|Azure Resolution has 30 seconds left.\n|inactive|Azure Resolution has 20 seconds left.\n|\n|t:|1776214931\n|move|p2b: Raichu|Protect|p2b: Raichu\n|-singleturn|p2b: Raichu|Protect\n|move|p1a: Pelipper|Protect|p1a: Pelipper\n|-singleturn|p1a: Pelipper|Protect\n|move|p1b: Kangaskhan|Double-Edge|p2a: Silly Goose\n|-damage|p2a: Silly Goose|4/100\n|-enditem|p2a: Silly Goose|Sitrus Berry|[eat]\n|-heal|p2a: Silly Goose|29/100|[from] item: Sitrus Berry\n|-damage|p2a: Silly Goose|10/100\n|-hitcount|p2a: Silly Goose|2\n|-damage|p1b: Kangaskhan|74/100|[from] Recoil\n|move|p2a: Silly Goose|Breaking Swipe|p1b: Kangaskhan|[spread] p1b\n|-activate|p1a: Pelipper|move: Protect\n|-damage|p1b: Kangaskhan|64/100\n|-unboost|p1b: Kangaskhan|atk|1\n|\n|-weather|RainDance|[upkeep]\n|upkeep\n|turn|4\n|inactive|saisai0305 has 30 seconds left.\n|inactive|Azure Resolution has 30 seconds left.\n|inactive|Azure Resolution has 20 seconds left.\n|inactive|Azure Resolution has 15 seconds left.\n|\n|t:|1776214972\n|switch|p1a: Archaludon|Archaludon, L50, F|100/100\n|move|p2b: Raichu|Thunderbolt|p1a: Archaludon\n|-resisted|p1a: Archaludon|1\n|-damage|p1a: Archaludon|73/100\n|-status|p1a: Archaludon|par\n|move|p1b: Kangaskhan|Double-Edge|p2b: Raichu\n|-damage|p2b: Raichu|0 fnt\n|faint|p2b: Raichu\n|-hitcount|p2: Raichu|1\n|-damage|p1b: Kangaskhan|55/100|[from] Recoil\n|move|p2a: Silly Goose|Breaking Swipe|p1b: Kangaskhan|[spread] p1a,p1b\n|-damage|p1a: Archaludon|63/100 par\n|-damage|p1b: Kangaskhan|44/100\n|-unboost|p1a: Archaludon|atk|1\n|-unboost|p1b: Kangaskhan|atk|1\n|\n|-weather|RainDance|[upkeep]\n|-sideend|p2: Azure Resolution|move: Tailwind\n|upkeep\n|\n|t:|1776214994\n|switch|p2b: Delphox|Delphox, L50, F|100/100\n|turn|5\n|inactive|Azure Resolution has 30 seconds left.\n|inactive|Azure Resolution has 20 seconds left.\n|inactive|Azure Resolution has 15 seconds left.\n|\n|t:|1776215036\n|detailschange|p2b: Delphox|Delphox-Mega, L50, F\n|-mega|p2b: Delphox|Delphox|Delphoxite\n|move|p2a: Silly Goose|Protect|p2a: Silly Goose\n|-singleturn|p2a: Silly Goose|Protect\n|move|p1b: Kangaskhan|Sucker Punch||[still]\n|-fail|p1b: Kangaskhan\n|move|p2b: Delphox|Substitute|p2b: Delphox\n|-start|p2b: Delphox|Substitute\n|-damage|p2b: Delphox|75/100\n|move|p1a: Archaludon|Draco Meteor|p2b: Delphox\n|-end|p2b: Delphox|Substitute\n|-unboost|p1a: Archaludon|spa|2\n|\n|-weather|none\n|-sideend|p1: saisai0305|move: Tailwind\n|upkeep\n|turn|6\n|-message|saisai0305 forfeited.\n|\n|win|Azure Resolution\n|raw|saisai0305's rating: 1234 &rarr; <strong>1214</strong><br />(-20 for losing)\n|raw|Azure Resolution's rating: 1305 &rarr; <strong>1321</strong><br />(+16 for winning)\n|l|\u2606saisai0305\n|player|p1|\n|c|\u2606Azure Resolution|ggs\n",
  "uploadtime": 1776215092,
  "views": 36,
  "formatid": "gen9championsvgc2026regma",
  "rating": 1214,
  "private": 0,
  "password": null
}