{
  "id": "gen9championsvgc2026regma-2588670101",
  "format": "[Gen 9 Champions] VGC 2026 Reg M-A",
  "players": [
    "nk.luna",
    "aojo"
  ],
  "log": "|j|\u2606nk.luna\n|j|\u2606aojo\n|t:|1776655888\n|gametype|doubles\n|player|p1|nk.luna|marley|1186\n|player|p2|aojo|psychic|1172\n|gen|9\n|tier|[Gen 9 Champions] VGC 2026 Reg M-A\n|rated|\n|rule|Species Clause: Limit one of each Pok\u00e9mon\n|rule|Item Clause: Limit 1 of each item\n|clearpoke\n|poke|p1|Gardevoir, L50, F, shiny|\n|poke|p1|Whimsicott, L50, F|\n|poke|p1|Incineroar, L50, F|\n|poke|p1|Primarina, L50, F|\n|poke|p1|Meowstic, L50, M|\n|poke|p1|Farigiraf, L50, M|\n|poke|p2|Kingambit, L50, F, shiny|\n|poke|p2|Golurk, L50, shiny|\n|poke|p2|Slowking, L50, F, shiny|\n|poke|p2|Incineroar, L50, M, shiny|\n|poke|p2|Farigiraf, L50, F|\n|poke|p2|Sylveon, L50, F, shiny|\n|teampreview|4\n|inactive|Battle timer is ON: inactive players will automatically lose when time's up. (requested by nk.luna)\n|\n|t:|1776655912\n|teamsize|p1|4\n|teamsize|p2|4\n|start\n|switch|p1a: Farigiraf|Farigiraf, L50, M|100/100\n|switch|p1b: Meowstic|Meowstic, L50, M|100/100\n|switch|p2a: Incineroar|Incineroar, L50, M, shiny|100/100\n|switch|p2b: Kingambit|Kingambit, L50, F, shiny|100/100\n|-ability|p2a: Incineroar|Intimidate|boost\n|-unboost|p1a: Farigiraf|atk|1\n|-unboost|p1b: Meowstic|atk|1\n|turn|1\n|\n|t:|1776655927\n|move|p1b: Meowstic|Psychic Terrain|p1b: Meowstic\n|-fieldstart|move: Psychic Terrain\n|move|p1a: Farigiraf|Imprison|p1a: Farigiraf\n|-start|p1a: Farigiraf|move: Imprison\n|move|p2a: Incineroar|Darkest Lariat|p1a: Farigiraf\n|-supereffective|p1a: Farigiraf|1\n|-enditem|p1a: Farigiraf|Colbur Berry|[eat]\n|-enditem|p1a: Farigiraf|Colbur Berry|[weaken]\n|-damage|p1a: Farigiraf|66/100\n|move|p2b: Kingambit|Kowtow Cleave|p1b: Meowstic\n|-supereffective|p1b: Meowstic|1\n|-enditem|p1b: Meowstic|Focus Sash\n|-damage|p1b: Meowstic|1/100\n|\n|upkeep\n|turn|2\n|\n|t:|1776655945\n|move|p1a: Farigiraf|Protect|p1a: Farigiraf\n|-singleturn|p1a: Farigiraf|Protect\n|move|p1b: Meowstic|Rain Dance|p1b: Meowstic\n|-weather|RainDance\n|move|p2a: Incineroar|Parting Shot|p1a: Farigiraf\n|-activate|p1a: Farigiraf|move: Protect\n|move|p2b: Kingambit|Kowtow Cleave|p1a: Farigiraf\n|-activate|p1a: Farigiraf|move: Protect\n|\n|-weather|RainDance|[upkeep]\n|upkeep\n|turn|3\n|\n|t:|1776655963\n|switch|p1b: Primarina|Primarina, L50, F|100/100\n|move|p1a: Farigiraf|Hyper Voice|p2a: Incineroar|[spread] p2a,p2b\n|-resisted|p2b: Kingambit|1\n|-damage|p2a: Incineroar|74/100\n|-damage|p2b: Kingambit|83/100\n|move|p2a: Incineroar|Darkest Lariat|p1b: Primarina\n|-resisted|p1b: Primarina|1\n|-damage|p1b: Primarina|84/100\n|move|p2b: Kingambit|Kowtow Cleave|p1a: Farigiraf\n|-supereffective|p1a: Farigiraf|1\n|-damage|p1a: Farigiraf|0 fnt\n|faint|p1a: Farigiraf\n|\n|-weather|RainDance|[upkeep]\n|-heal|p1b: Primarina|90/100|[from] item: Leftovers\n|upkeep\n|\n|t:|1776655974\n|switch|p1a: Gardevoir|Gardevoir, L50, F, shiny|100/100\n|turn|4\n|\n|t:|1776655983\n|detailschange|p1a: Gardevoir|Gardevoir-Mega, L50, F, shiny\n|-mega|p1a: Gardevoir|Gardevoir|Gardevoirite\n|move|p2b: Kingambit|Protect|p2b: Kingambit\n|-singleturn|p2b: Kingambit|Protect\n|move|p1a: Gardevoir|Aura Sphere|p2b: Kingambit\n|-activate|p2b: Kingambit|move: Protect\n|move|p1b: Primarina|Hyper Voice|p2a: Incineroar|[spread] p2a\n|-activate|p2b: Kingambit|move: Protect\n|-supereffective|p2a: Incineroar|1\n|-damage|p2a: Incineroar|0 fnt\n|faint|p2a: Incineroar\n|\n|-weather|RainDance|[upkeep]\n|-heal|p1b: Primarina|96/100|[from] item: Leftovers\n|upkeep\n|\n|t:|1776655992\n|switch|p2a: Farigiraf|Farigiraf, L50, F|100/100\n|turn|5\n|\n|t:|1776656009\n|switch|p2b: Golurk|Golurk, L50, shiny|100/100\n|move|p1a: Gardevoir|Aura Sphere|p2b: Golurk\n|-immune|p2b: Golurk\n|move|p1b: Primarina|Hyper Voice|p2a: Farigiraf|[spread] p2a,p2b\n|-supereffective|p2b: Golurk|1\n|-damage|p2a: Farigiraf|59/100\n|-damage|p2b: Golurk|0 fnt\n|faint|p2b: Golurk\n|move|p2a: Farigiraf|Trick Room|p2a: Farigiraf\n|-fieldstart|move: Trick Room|[of] p2a: Farigiraf\n|\n|-weather|RainDance|[upkeep]\n|-heal|p1b: Primarina|100/100|[from] item: Leftovers\n|-fieldend|move: Psychic Terrain\n|upkeep\n|\n|t:|1776656018\n|switch|p2b: Kingambit|Kingambit, L50, F, shiny|83/100\n|turn|6\n|\n|t:|1776656025\n|move|p1a: Gardevoir|Protect|p1a: Gardevoir\n|-singleturn|p1a: Gardevoir|Protect\n|move|p2b: Kingambit|Iron Head|p1a: Gardevoir\n|-activate|p1a: Gardevoir|move: Protect\n|move|p2a: Farigiraf|Psychic|p1b: Primarina\n|-damage|p1b: Primarina|70/100\n|move|p1b: Primarina|Hyper Voice|p2a: Farigiraf|[spread] p2a,p2b\n|-crit|p2b: Kingambit\n|-damage|p2a: Farigiraf|18/100\n|-damage|p2b: Kingambit|7/100\n|\n|-weather|none\n|-heal|p1b: Primarina|75/100|[from] item: Leftovers\n|upkeep\n|turn|7\n|\n|t:|1776656039\n|switch|p1a: Meowstic|Meowstic, L50, M|1/100\n|move|p2a: Farigiraf|Helping Hand|p2b: Kingambit\n|-singleturn|p2b: Kingambit|Helping Hand|[of] p2a: Farigiraf\n|move|p2b: Kingambit|Iron Head|p1a: Meowstic\n|-damage|p1a: Meowstic|0 fnt\n|faint|p1a: Meowstic\n|move|p1b: Primarina|Hyper Voice|p2b: Kingambit|[spread] p2a,p2b\n|-damage|p2a: Farigiraf|0 fnt\n|-damage|p2b: Kingambit|0 fnt\n|faint|p2a: Farigiraf\n|faint|p2b: Kingambit\n|\n|win|nk.luna\n|raw|nk.luna's rating: 1186 &rarr; <strong>1210</strong><br />(+24 for winning)\n|raw|aojo's rating: 1172 &rarr; <strong>1148</strong><br />(-24 for losing)\n|l|\u2606aojo\n|player|p2|\n",
  "uploadtime": 1776656050,
  "views": 5,
  "formatid": "gen9championsvgc2026regma",
  "rating": 1148,
  "private": 0,
  "password": null
}