{
  "id": "gen9championsvgc2026regma-2585437054",
  "format": "[Gen 9 Champions] VGC 2026 Reg M-A",
  "players": [
    "AlexWindigo",
    "Ganzaar"
  ],
  "log": "|j|\u2606AlexWindigo\n|j|\u2606Ganzaar\n|t:|1776347227\n|gametype|doubles\n|player|p1|AlexWindigo|supernerd|1004\n|player|p2|Ganzaar|170|1075\n|gen|9\n|tier|[Gen 9 Champions] VGC 2026 Reg M-A\n|rated|\n|rule|Species Clause: Limit one of each Pok\u00e9mon\n|rule|Item Clause: Limit 1 of each item\n|clearpoke\n|poke|p1|Meganium, L50, M|\n|poke|p1|Pelipper, L50, F|\n|poke|p1|Politoed, L50, F|\n|poke|p1|Archaludon, L50, F|\n|poke|p1|Dragonite, L50, F|\n|poke|p1|Toxicroak, L50, F|\n|poke|p2|Gengar, L50, F|\n|poke|p2|Sinistcha, L50|\n|poke|p2|Incineroar, L50, M|\n|poke|p2|Politoed, L50, F|\n|poke|p2|Aerodactyl, L50, M|\n|poke|p2|Palafin, L50, F|\n|teampreview|4\n|\n|t:|1776347245\n|teamsize|p1|4\n|teamsize|p2|4\n|start\n|switch|p1a: Pelipper|Pelipper, L50, F|100/100\n|switch|p1b: Dragonite|Dragonite, L50, F|100/100\n|switch|p2a: Gengar|Gengar, L50, F|100/100\n|switch|p2b: Sinistcha|Sinistcha, L50|100/100\n|-weather|RainDance|[from] ability: Drizzle|[of] p1a: Pelipper\n|turn|1\n|\n|t:|1776347263\n|detailschange|p2a: Gengar|Gengar-Mega, L50, F\n|-mega|p2a: Gengar|Gengar|Gengarite\n|detailschange|p1b: Dragonite|Dragonite-Mega, L50, F\n|-mega|p1b: Dragonite|Dragonite|Dragoninite\n|move|p2a: Gengar|Substitute|p2a: Gengar\n|-start|p2a: Gengar|Substitute\n|-damage|p2a: Gengar|76/100\n|move|p1b: Dragonite|Thunder|p2a: Gengar\n|-end|p2a: Gengar|Substitute\n|move|p2b: Sinistcha|Matcha Gotcha|p1a: Pelipper|[spread] p1a\n|-miss|p2b: Sinistcha|p1b: Dragonite\n|-damage|p1a: Pelipper|72/100\n|move|p1a: Pelipper|Hurricane|p2b: Sinistcha\n|-supereffective|p2b: Sinistcha|1\n|-damage|p2b: Sinistcha|35/100\n|-start|p2b: Sinistcha|confusion\n|\n|-weather|RainDance|[upkeep]\n|upkeep\n|turn|2\n|\n|t:|1776347291\n|-activate|p2b: Sinistcha|confusion\n|move|p2b: Sinistcha|Rage Powder|p2b: Sinistcha\n|-singleturn|p2b: Sinistcha|move: Rage Powder\n|move|p2a: Gengar|Sludge Bomb|p1a: Pelipper\n|-damage|p1a: Pelipper|17/100\n|-status|p1a: Pelipper|psn\n|-enditem|p1a: Pelipper|Sitrus Berry|[eat]\n|-heal|p1a: Pelipper|41/100 psn|[from] item: Sitrus Berry\n|move|p1b: Dragonite|Hurricane|p2b: Sinistcha\n|-supereffective|p2b: Sinistcha|1\n|-damage|p2b: Sinistcha|0 fnt\n|faint|p2b: Sinistcha\n|move|p1a: Pelipper|Hurricane|p2a: Gengar\n|-damage|p2a: Gengar|35/100\n|\n|-weather|RainDance|[upkeep]\n|-damage|p1a: Pelipper|29/100 psn|[from] psn\n|upkeep\n|\n|t:|1776347306\n|switch|p2b: Palafin|Palafin, L50, F|100/100\n|turn|3\n|\n|t:|1776347315\n|detailschange|p2b: Palafin|Palafin-Hero, L50, F\n|switch|p2b: Incineroar|Incineroar, L50, M|100/100\n|-ability|p2b: Incineroar|Intimidate|boost\n|-unboost|p1a: Pelipper|atk|1\n|-unboost|p1b: Dragonite|atk|1\n|move|p2a: Gengar|Protect|p2a: Gengar\n|-singleturn|p2a: Gengar|Protect\n|move|p1b: Dragonite|Thunder|p2a: Gengar\n|-activate|p2a: Gengar|move: Protect\n|move|p1a: Pelipper|Muddy Water|p2b: Incineroar|[spread] p2b\n|-activate|p2a: Gengar|move: Protect\n|-supereffective|p2b: Incineroar|1\n|-damage|p2b: Incineroar|46/100\n|-enditem|p2b: Incineroar|Sitrus Berry|[eat]\n|-heal|p2b: Incineroar|71/100|[from] item: Sitrus Berry\n|\n|-weather|RainDance|[upkeep]\n|-damage|p1a: Pelipper|17/100 psn|[from] psn\n|upkeep\n|turn|4\n|\n|t:|1776347354\n|move|p2b: Incineroar|Fake Out|p1b: Dragonite\n|-damage|p1b: Dragonite|96/100\n|move|p2a: Gengar|Sludge Bomb|p1b: Dragonite\n|-damage|p1b: Dragonite|58/100\n|-status|p1b: Dragonite|psn\n|cant|p1b: Dragonite|flinch\n|move|p1a: Pelipper|Hurricane|p2a: Gengar\n|-damage|p2a: Gengar|0 fnt\n|faint|p2a: Gengar\n|\n|-weather|RainDance|[upkeep]\n|-damage|p1b: Dragonite|46/100 psn|[from] psn\n|-damage|p1a: Pelipper|4/100 psn|[from] psn\n|upkeep\n|\n|t:|1776347366\n|switch|p2a: Palafin|Palafin-Hero, L50, F|100/100\n|-activate|p2a: Palafin|ability: Zero to Hero\n|turn|5\n|\n|t:|1776347384\n|move|p2a: Palafin|Protect|p2a: Palafin\n|-singleturn|p2a: Palafin|Protect\n|move|p1b: Dragonite|Hurricane|p2a: Palafin\n|-activate|p2a: Palafin|move: Protect\n|move|p1a: Pelipper|Hurricane|p2b: Incineroar\n|-damage|p2b: Incineroar|41/100\n|-start|p2b: Incineroar|confusion\n|-activate|p2b: Incineroar|confusion\n|move|p2b: Incineroar|Throat Chop|p1b: Dragonite\n|-damage|p1b: Dragonite|19/100 psn\n|-start|p1b: Dragonite|Throat Chop|[silent]\n|\n|-weather|none\n|-damage|p1b: Dragonite|7/100 psn|[from] psn\n|-damage|p1a: Pelipper|0 fnt|[from] psn\n|faint|p1a: Pelipper\n|upkeep\n|\n|t:|1776347395\n|switch|p1a: Toxicroak|Toxicroak, L50, F|100/100\n|turn|6\n|\n|t:|1776347408\n|move|p2a: Palafin|Jet Punch|p1b: Dragonite\n|-resisted|p1b: Dragonite|1\n|-damage|p1b: Dragonite|0 fnt\n|faint|p1b: Dragonite\n|move|p1a: Toxicroak|Drain Punch|p2b: Incineroar\n|-supereffective|p2b: Incineroar|1\n|-damage|p2b: Incineroar|0 fnt\n|faint|p2b: Incineroar\n|\n|upkeep\n|\n|t:|1776347417\n|switch|p1b: Archaludon|Archaludon, L50, F|100/100\n|turn|7\n|\n|t:|1776347424\n|move|p1a: Toxicroak|Poison Jab|p2a: Palafin\n|-damage|p2a: Palafin|67/100\n|move|p2a: Palafin|Close Combat|p1b: Archaludon\n|-supereffective|p1b: Archaludon|1\n|-damage|p1b: Archaludon|15/100\n|-unboost|p2a: Palafin|def|1\n|-unboost|p2a: Palafin|spd|1\n|-ability|p1b: Archaludon|Stamina|boost\n|-boost|p1b: Archaludon|def|1\n|move|p1b: Archaludon|Electro Shot||[still]\n|-prepare|p1b: Archaludon|Electro Shot\n|-boost|p1b: Archaludon|spa|1\n|\n|-heal|p1b: Archaludon|21/100|[from] item: Leftovers\n|upkeep\n|turn|8\n|\n|t:|1776347439\n|move|p1a: Toxicroak|Poison Jab|p2a: Palafin\n|-damage|p2a: Palafin|22/100\n|move|p2a: Palafin|Close Combat|p1b: Archaludon\n|-supereffective|p1b: Archaludon|1\n|-damage|p1b: Archaludon|0 fnt\n|-unboost|p2a: Palafin|def|1\n|-unboost|p2a: Palafin|spd|1\n|faint|p1b: Archaludon\n|\n|upkeep\n|turn|9\n|inactive|Battle timer is ON: inactive players will automatically lose when time's up. (requested by Ganzaar)\n|\n|t:|1776347490\n|move|p2a: Palafin|Protect|p2a: Palafin\n|-singleturn|p2a: Palafin|Protect\n|move|p1a: Toxicroak|Bullet Punch|p2a: Palafin\n|-activate|p2a: Palafin|move: Protect\n|\n|upkeep\n|turn|10\n|\n|t:|1776347506\n|move|p1a: Toxicroak|Bullet Punch|p2a: Palafin\n|-resisted|p2a: Palafin|1\n|-damage|p2a: Palafin|11/100\n|move|p2a: Palafin|Wave Crash|p1a: Toxicroak\n|-immune|p1a: Toxicroak|[from] ability: Dry Skin\n|\n|upkeep\n|turn|11\n|-message|Ganzaar forfeited.\n|\n|win|AlexWindigo\n|raw|AlexWindigo's rating: 1004 &rarr; <strong>1051</strong><br />(+47 for winning)\n|raw|Ganzaar's rating: 1075 &rarr; <strong>1049</strong><br />(-26 for losing)\n|l|\u2606Ganzaar\n|player|p2|\n",
  "uploadtime": 1776347518,
  "views": 30,
  "formatid": "gen9championsvgc2026regma",
  "rating": 1049,
  "private": 0,
  "password": null
}