{
  "id": "gen9championsvgc2026regma-2588092769",
  "format": "[Gen 9 Champions] VGC 2026 Reg M-A",
  "players": [
    "yuriimon",
    "misscarolina"
  ],
  "log": "|j|\u2606yuriimon\n|j|\u2606misscarolina\n|t:|1776603423\n|gametype|doubles\n|player|p1|yuriimon|waitress-gen4|1187\n|player|p2|misscarolina|youngcouple|1218\n|gen|9\n|tier|[Gen 9 Champions] VGC 2026 Reg M-A\n|rated|\n|rule|Species Clause: Limit one of each Pok\u00e9mon\n|rule|Item Clause: Limit 1 of each item\n|clearpoke\n|poke|p1|Glimmora, L50, F|\n|poke|p1|Incineroar, L50, M|\n|poke|p1|Politoed, L50, M|\n|poke|p1|Basculegion, L50, M|\n|poke|p1|Chesnaught, L50, F|\n|poke|p1|Dragapult, L50, F|\n|poke|p2|Sinistcha-Masterpiece, L50|\n|poke|p2|Hawlucha, L50, F|\n|poke|p2|Snorlax, L50, F|\n|poke|p2|Incineroar, L50, M|\n|poke|p2|Rotom-Wash, L50|\n|poke|p2|Glimmora, L50, M|\n|teampreview|4\n|inactive|Battle timer is ON: inactive players will automatically lose when time's up. (requested by yuriimon)\n|c|\u2606misscarolina|gl\nmisscarolina rejected open team sheets.\n|c|\u2606yuriimon|u2\n|inactive|yuriimon has 60 seconds left.\n|inactive|misscarolina has 60 seconds left.\n|\n|t:|1776603462\n|teamsize|p1|4\n|teamsize|p2|4\n|start\n|switch|p1a: Politoed|Politoed, L50, M|100/100\n|switch|p1b: Basculegion|Basculegion, L50, M|100/100\n|switch|p2a: Hawlucha|Hawlucha, L50, F|100/100\n|switch|p2b: Rotom|Rotom-Wash, L50|100/100\n|-weather|RainDance|[from] ability: Drizzle|[of] p1a: Politoed\n|turn|1\n|inactive|yuriimon has 30 seconds left.\n|\n|t:|1776603488\n|switch|p1b: Chesnaught|Chesnaught, L50, F|100/100\n|move|p2a: Hawlucha|Protect|p2a: Hawlucha\n|-singleturn|p2a: Hawlucha|Protect\n|move|p1a: Politoed|Protect|p1a: Politoed\n|-singleturn|p1a: Politoed|Protect\n|move|p2b: Rotom|Thunderbolt|p1b: Chesnaught\n|-resisted|p1b: Chesnaught|1\n|-damage|p1b: Chesnaught|75/100\n|\n|-weather|RainDance|[upkeep]\n|upkeep\n|turn|2\n|\n|t:|1776603513\n|switch|p2b: Snorlax|Snorlax, L50, F|100/100\n|switch|p1b: Basculegion|Basculegion, L50, M|100/100\n|detailschange|p2a: Hawlucha|Hawlucha-Mega, L50, F\n|-mega|p2a: Hawlucha|Hawlucha|Hawluchanite\n|move|p2a: Hawlucha|Entrainment|p2b: Snorlax\n|-ability|p2b: Snorlax|No Guard|Thick Fat|[from] move: Entrainment|[of] p2a: Hawlucha\n|move|p1a: Politoed|Weather Ball|p2a: Hawlucha\n|-damage|p2a: Hawlucha|49/100\n|\n|-weather|RainDance|[upkeep]\n|upkeep\n|turn|3\n|\n|t:|1776603535\n|move|p1a: Politoed|Helping Hand|p1b: Basculegion\n|-singleturn|p1b: Basculegion|Helping Hand|[of] p1a: Politoed\n|move|p2a: Hawlucha|Protect|p2a: Hawlucha\n|-singleturn|p2a: Hawlucha|Protect\n|move|p1b: Basculegion|Wave Crash|p2b: Snorlax\n|-damage|p2b: Snorlax|0 fnt\n|faint|p2b: Snorlax\n|-damage|p1b: Basculegion|56/100|[from] Recoil\n|\n|-weather|RainDance|[upkeep]\n|upkeep\n|c|\u2606misscarolina|nooooooooooo\n|\n|t:|1776603545\n|switch|p2b: Rotom|Rotom-Wash, L50|100/100\n|turn|4\n|\n|t:|1776603567\n|switch|p1a: Chesnaught|Chesnaught, L50, F|75/100\n|move|p1b: Basculegion|Psychic Fangs|p2a: Hawlucha\n|-supereffective|p2a: Hawlucha|1\n|-damage|p2a: Hawlucha|0 fnt\n|faint|p2a: Hawlucha\n|move|p2b: Rotom|Volt Switch|p1b: Basculegion\n|-supereffective|p1b: Basculegion|1\n|-damage|p1b: Basculegion|0 fnt\n|faint|p1b: Basculegion\n|inactive|misscarolina has 30 seconds left.\n|\n|t:|1776603593\n|switch|p2b: Incineroar|Incineroar, L50, M|100/100|[from] Volt Switch\n|-ability|p2b: Incineroar|Intimidate|boost\n|-unboost|p1a: Chesnaught|atk|1\n|\n|-weather|RainDance|[upkeep]\n|upkeep\n|\n|t:|1776603602\n|switch|p2a: Rotom|Rotom-Wash, L50|100/100\n|switch|p1b: Politoed|Politoed, L50, M|100/100\n|turn|5\n|\n|t:|1776603617\n|detailschange|p1a: Chesnaught|Chesnaught-Mega, L50, F\n|-mega|p1a: Chesnaught|Chesnaught|Chesnaughtite\n|move|p2b: Incineroar|Fake Out|p1a: Chesnaught\n|-damage|p1a: Chesnaught|69/100\n|move|p2a: Rotom|Thunderbolt|p1b: Politoed\n|-supereffective|p1b: Politoed|1\n|-enditem|p1b: Politoed|Wacan Berry|[eat]\n|-enditem|p1b: Politoed|Wacan Berry|[weaken]\n|-damage|p1b: Politoed|63/100\n|move|p1b: Politoed|Encore|p2b: Incineroar\n|-start|p2b: Incineroar|Encore\n|cant|p1a: Chesnaught|flinch\n|\n|-weather|none\n|upkeep\n|turn|6\n|\n|t:|1776603631\n|move|p1b: Politoed|Protect|p1b: Politoed\n|-singleturn|p1b: Politoed|Protect\n|move|p2b: Incineroar|Fake Out||[still]\n|-hint|Fake Out only works on your first turn out.\n|-fail|p2b: Incineroar\n|move|p2a: Rotom|Thunderbolt|p1b: Politoed\n|-activate|p1b: Politoed|move: Protect\n|move|p1a: Chesnaught|Iron Defense|p1a: Chesnaught\n|-boost|p1a: Chesnaught|def|2\n|\n|upkeep\n|turn|7\n|\n|t:|1776603651\n|move|p1b: Politoed|Helping Hand|p1a: Chesnaught\n|-singleturn|p1a: Chesnaught|Helping Hand|[of] p1b: Politoed\n|move|p2a: Rotom|Thunderbolt|p1b: Politoed\n|-supereffective|p1b: Politoed|1\n|-damage|p1b: Politoed|0 fnt\n|faint|p1b: Politoed\n|-activate|p2b: Incineroar|move: Struggle\n|move|p2b: Incineroar|Struggle|p1a: Chesnaught\n|-damage|p1a: Chesnaught|65/100\n|-damage|p2b: Incineroar|75/100|[from] recoil\n|move|p1a: Chesnaught|Body Press|p2a: Rotom\n|-damage|p2a: Rotom|0 fnt\n|faint|p2a: Rotom\n|\n|upkeep\n|\n|t:|1776603665\n|switch|p1b: Incineroar|Incineroar, L50, M|100/100\n|-ability|p1b: Incineroar|Intimidate|boost\n|-unboost|p2b: Incineroar|atk|1\n|turn|8\n|\n|t:|1776603672\n|move|p1b: Incineroar|Fake Out|p2b: Incineroar\n|-crit|p2b: Incineroar\n|-damage|p2b: Incineroar|62/100\n|cant|p2b: Incineroar|flinch\n|move|p1a: Chesnaught|Body Press|p2b: Incineroar\n|-supereffective|p2b: Incineroar|1\n|-damage|p2b: Incineroar|0 fnt\n|faint|p2b: Incineroar\n|\n|win|yuriimon\n|raw|yuriimon's rating: 1187 &rarr; <strong>1214</strong><br />(+27 for winning)\n|raw|misscarolina's rating: 1218 &rarr; <strong>1191</strong><br />(-27 for losing)\n|c|\u2606misscarolina|gg\n|l|\u2606misscarolina\n|player|p2|\n|c|\u2606yuriimon|ggwp\n",
  "uploadtime": 1776603683,
  "views": 7,
  "formatid": "gen9championsvgc2026regma",
  "rating": 1191,
  "private": 0,
  "password": null
}