{
  "id": "gen9championsvgc2026regma-2585156714",
  "format": "[Gen 9 Champions] VGC 2026 Reg M-A",
  "players": [
    "loklastaji",
    "rexoguns"
  ],
  "log": "|j|\u2606loklastaji\n|j|\u2606rexoguns\n|t:|1776318796\n|gametype|doubles\n|player|p1|loklastaji|102|1364\n|player|p2|rexoguns|ingo|1421\n|gen|9\n|tier|[Gen 9 Champions] VGC 2026 Reg M-A\n|rated|\n|rule|Species Clause: Limit one of each Pok\u00e9mon\n|rule|Item Clause: Limit 1 of each item\n|clearpoke\n|poke|p1|Samurott-Hisui, L50, M|\n|poke|p1|Delphox, L50, M|\n|poke|p1|Tinkaton, L50, F|\n|poke|p1|Decidueye-Hisui, L50, M|\n|poke|p1|Dragonite, L50, F|\n|poke|p1|Maushold-Four, L50|\n|poke|p2|Kingambit, L50, M|\n|poke|p2|Sneasler, L50, F|\n|poke|p2|Delphox, L50, F|\n|poke|p2|Basculegion, L50, M|\n|poke|p2|Clefable, L50, F|\n|poke|p2|Garchomp, L50, M|\n|teampreview|4\n|inactive|Battle timer is ON: inactive players will automatically lose when time's up. (requested by rexoguns)\n|l|\u2606loklastaji\n|inactive|loklastaji disconnected and has a minute to reconnect!\n|player|p1|\n|inactive|loklastaji has 30 seconds to reconnect!\n|inactive|loklastaji has 20 seconds to reconnect!\n|j|\u2606loklastaji\n|inactive|loklastaji reconnected and has 40 seconds left.\n|player|p1|loklastaji|102|\n|inactive|loklastaji has 30 seconds left.\n|inactive|loklastaji has 20 seconds left.\n|inactive|loklastaji has 15 seconds left.\n|inactive|loklastaji has 10 seconds left.\n|inactive|loklastaji has 5 seconds left.\n|\n|t:|1776318886\n|teamsize|p1|4\n|teamsize|p2|4\n|start\n|switch|p1a: Dragonite|Dragonite, L50, F|100/100\n|switch|p1b: Tinkaton|Tinkaton, L50, F|100/100\n|switch|p2a: Argus|Kingambit, L50, M|100/100\n|switch|p2b: Natalia|Sneasler, L50, F|100/100\n|-ability|p1b: Tinkaton|Mold Breaker\n|turn|1\n|l|\u2606rexoguns\n|inactive|rexoguns disconnected and has a minute to reconnect!\n|player|p2|\n|j|\u2606rexoguns\n|inactive|rexoguns reconnected and has 50 seconds left.\n|player|p2|rexoguns|ingo|\n|inactive|rexoguns has 30 seconds left.\n|\n|t:|1776318916\n|move|p2b: Natalia|Fake Out|p1a: Dragonite\n|-damage|p1a: Dragonite|85/100\n|move|p1b: Tinkaton|Fake Out|p2a: Argus\n|-resisted|p2a: Argus|1\n|-damage|p2a: Argus|97/100\n|move|p1a: Dragonite|Air Slash|p2b: Natalia\n|-supereffective|p2b: Natalia|1\n|-damage|p2b: Natalia|11/100\n|cant|p2a: Argus|flinch\n|\n|upkeep\n|turn|2\n|inactive|loklastaji has 30 seconds left.\n|inactive|loklastaji has 20 seconds left.\n|inactive|loklastaji has 15 seconds left.\n|\n|t:|1776318957\n|switch|p2b: Garchomp|Garchomp, L50, M|100/100\n|move|p1b: Tinkaton|Play Rough|p2b: Garchomp\n|-supereffective|p2b: Garchomp|1\n|-damage|p2b: Garchomp|35/100\n|-damage|p1b: Tinkaton|88/100|[from] ability: Rough Skin|[of] p2b: Garchomp\n|move|p1a: Dragonite|Tailwind|p1a: Dragonite\n|-sidestart|p1: loklastaji|move: Tailwind\n|move|p2a: Argus|Swords Dance|p2a: Argus\n|-boost|p2a: Argus|atk|2\n|\n|upkeep\n|turn|3\n|inactive|loklastaji has 30 seconds left.\n|\n|t:|1776318992\n|switch|p1a: Samurott|Samurott-Hisui, L50, M|100/100\n|switch|p2b: Labubu|Clefable, L50, F|100/100\n|move|p2a: Argus|Sucker Punch||[still]\n|-fail|p2a: Argus\n|move|p1b: Tinkaton|Play Rough|p2b: Labubu\n|-crit|p2b: Labubu\n|-damage|p2b: Labubu|63/100\n|-unboost|p2b: Labubu|atk|1\n|\n|upkeep\n|turn|4\n|\n|t:|1776319014\n|move|p2b: Labubu|Protect|p2b: Labubu\n|-singleturn|p2b: Labubu|Protect\n|move|p2a: Argus|Sucker Punch|p1b: Tinkaton\n|-resisted|p1b: Tinkaton|1\n|-crit|p1b: Tinkaton\n|-damage|p1b: Tinkaton|0 fnt\n|faint|p1b: Tinkaton\n|move|p1a: Samurott|Sacred Sword|p2a: Argus\n|-supereffective|p2a: Argus|2\n|-damage|p2a: Argus|0 fnt\n|faint|p2a: Argus\n|\n|upkeep\n|\n|t:|1776319028\n|switch|p1b: Delphox|Delphox, L50, M|100/100\n|switch|p2a: Natalia|Sneasler, L50, F|11/100\n|turn|5\n|\n|t:|1776319043\n|move|p2a: Natalia|Fake Out|p1a: Samurott\n|-damage|p1a: Samurott|85/100\n|move|p1b: Delphox|Nasty Plot|p1b: Delphox\n|-boost|p1b: Delphox|spa|2\n|cant|p1a: Samurott|flinch\n|move|p2b: Labubu|Moonblast|p1a: Samurott\n|-supereffective|p1a: Samurott|1\n|-damage|p1a: Samurott|0 fnt\n|faint|p1a: Samurott\n|\n|-sideend|p1: loklastaji|move: Tailwind\n|upkeep\n|\n|t:|1776319057\n|switch|p1a: Dragonite|Dragonite, L50, F|85/100\n|turn|6\n|\n|t:|1776319071\n|detailschange|p1b: Delphox|Delphox-Mega, L50, M\n|-mega|p1b: Delphox|Delphox|Delphoxite\n|move|p1a: Dragonite|Protect|p1a: Dragonite\n|-singleturn|p1a: Dragonite|Protect\n|move|p2b: Labubu|Protect|p2b: Labubu\n|-singleturn|p2b: Labubu|Protect\n|move|p1b: Delphox|Heat Wave|p2b: Labubu|[spread] p2a\n|-activate|p2b: Labubu|move: Protect\n|-damage|p2a: Natalia|0 fnt\n|faint|p2a: Natalia\n|\n|upkeep\n|\n|t:|1776319074\n|switch|p2a: Garchomp|Garchomp, L50, M|35/100\n|turn|7\n|\n|t:|1776319098\n|move|p2b: Labubu|Follow Me|p2b: Labubu\n|-singleturn|p2b: Labubu|move: Follow Me\n|move|p1b: Delphox|Heat Wave|p2a: Garchomp|[spread] p2a,p2b\n|-resisted|p2a: Garchomp|1\n|-damage|p2a: Garchomp|0 fnt\n|-damage|p2b: Labubu|21/100\n|-enditem|p2b: Labubu|Sitrus Berry|[eat]\n|-heal|p2b: Labubu|46/100|[from] item: Sitrus Berry\n|faint|p2a: Garchomp\n|move|p1a: Dragonite|Air Slash|p2b: Labubu\n|-damage|p2b: Labubu|14/100\n|\n|upkeep\n|turn|8\n|-message|rexoguns forfeited.\n|\n|win|loklastaji\n|raw|loklastaji's rating: 1364 &rarr; <strong>1387</strong><br />(+23 for winning)\n|raw|rexoguns's rating: 1421 &rarr; <strong>1398</strong><br />(-23 for losing)\n|l|\u2606rexoguns\n|player|p2|\n",
  "uploadtime": 1776319111,
  "views": 46,
  "formatid": "gen9championsvgc2026regma",
  "rating": 1387,
  "private": 0,
  "password": null
}