{
  "id": "gen9championsvgc2026regma-2589560940",
  "format": "[Gen 9 Champions] VGC 2026 Reg M-A",
  "players": [
    "lxq74477",
    "Royalll11"
  ],
  "log": "|j|\u2606lxq74477\n|j|\u2606Royalll11\n|t:|1776734255\n|gametype|doubles\n|player|p1|lxq74477|2|1067\n|player|p2|Royalll11|wallace|1089\n|gen|9\n|tier|[Gen 9 Champions] VGC 2026 Reg M-A\n|rated|\n|rule|Species Clause: Limit one of each Pok\u00e9mon\n|rule|Item Clause: Limit 1 of each item\n|clearpoke\n|poke|p1|Gardevoir, L50, M|\n|poke|p1|Arcanine-Hisui, L50, F, shiny|\n|poke|p1|Aerodactyl, L50, F|\n|poke|p1|Archaludon, L50, M|\n|poke|p1|Farigiraf, L50, F|\n|poke|p1|Klefki, L50, F|\n|poke|p2|Venusaur, L50, M|\n|poke|p2|Garchomp, L50, M|\n|poke|p2|Empoleon, L50, F|\n|poke|p2|Noivern, L50, F|\n|poke|p2|Mamoswine, L50, M|\n|poke|p2|Manectric, L50, M|\n|teampreview|4\n|inactive|Battle timer is ON: inactive players will automatically lose when time's up. (requested by lxq74477)\n|inactive|lxq74477 has 60 seconds left.\n|\n|t:|1776734300\n|teamsize|p1|4\n|teamsize|p2|4\n|start\n|switch|p1a: Aerodactyl|Aerodactyl, L50, F|100/100\n|switch|p1b: Arcanine|Arcanine-Hisui, L50, F, shiny|100/100\n|switch|p2a: Wave|Noivern, L50, F|100/100\n|switch|p2b: Big Pookie|Mamoswine, L50, M|100/100\n|-ability|p1a: Aerodactyl|Unnerve\n|-ability|p1b: Arcanine|Intimidate|boost\n|-unboost|p2a: Wave|atk|1\n|-fail|p2b: Big Pookie|unboost|Attack|[from] ability: Oblivious|[of] p2b: Big Pookie\n|-item|p1a: Aerodactyl|Hard Stone|[from] ability: Frisk|[of] p2a: Wave\n|-item|p1b: Arcanine|Choice Scarf|[from] ability: Frisk|[of] p2a: Wave\n|turn|1\n|inactive|lxq74477 has 30 seconds left.\n|inactive|Royalll11 has 30 seconds left.\n|\n|t:|1776734328\n|switch|p2b: Roger|Empoleon, L50, F|100/100\n|move|p1a: Aerodactyl|Rock Slide|p2b: Roger|[spread] p2a,p2b\n|-supereffective|p2a: Wave|1\n|-resisted|p2b: Roger|1\n|-damage|p2a: Wave|20/100\n|-damage|p2b: Roger|87/100\n|move|p1b: Arcanine|Flare Blitz|p2b: Roger\n|-damage|p2b: Roger|37/100\n|-damage|p1b: Arcanine|83/100|[from] Recoil\n|move|p2a: Wave|Tailwind|p2a: Wave\n|-sidestart|p2: Royalll11|move: Tailwind\n|\n|-heal|p2b: Roger|42/100|[from] item: Leftovers\n|upkeep\n|turn|2\n|inactive|lxq74477 has 30 seconds left.\n|inactive|Royalll11 has 30 seconds left.\n|inactive|Royalll11 has 20 seconds left.\n|inactive|lxq74477 has 20 seconds left.\n|inactive|Royalll11 has 15 seconds left.\n|inactive|Royalll11 has 10 seconds left.\n|\n|t:|1776734378\n|switch|p1b: Archaludon|Archaludon, L50, M|100/100\n|move|p2a: Wave|Draco Meteor|p1a: Aerodactyl\n|-damage|p1a: Aerodactyl|27/100\n|-unboost|p2a: Wave|spa|2\n|move|p1a: Aerodactyl|Tailwind|p1a: Aerodactyl\n|-sidestart|p1: lxq74477|move: Tailwind\n|move|p2b: Roger|Flash Cannon|p1a: Aerodactyl\n|-supereffective|p1a: Aerodactyl|1\n|-damage|p1a: Aerodactyl|0 fnt\n|faint|p1a: Aerodactyl\n|\n|-heal|p2b: Roger|48/100|[from] item: Leftovers\n|upkeep\n|inactive|lxq74477 has 30 seconds left.\n|inactive|lxq74477 has 20 seconds left.\n|inactive|lxq74477 has 15 seconds left.\n|inactive|lxq74477 has 10 seconds left.\n|inactive|lxq74477 has 5 seconds left.\n|\n|t:|1776734433\n|switch|p1a: Arcanine|Arcanine-Hisui, L50, F, shiny|83/100\n|-ability|p1a: Arcanine|Intimidate|boost\n|-unboost|p2a: Wave|atk|1\n|-unboost|p2b: Roger|atk|1\n|-ability|p2b: Roger|Competitive|boost\n|-boost|p2b: Roger|spa|2\n|turn|3\n|inactive|lxq74477 has 30 seconds left.\n|\n|t:|1776734460\n|move|p1a: Arcanine|Rock Slide|p2a: Wave|[spread] p2a,p2b\n|-supereffective|p2a: Wave|1\n|-resisted|p2b: Roger|1\n|-damage|p2a: Wave|0 fnt\n|-damage|p2b: Roger|37/100\n|faint|p2a: Wave\n|move|p1b: Archaludon|Aura Sphere|p2b: Roger\n|-supereffective|p2b: Roger|1\n|-damage|p2b: Roger|0 fnt\n|faint|p2b: Roger\n|\n|upkeep\n|\n|t:|1776734471\n|switch|p2a: Big Pookie|Mamoswine, L50, M|100/100\n|switch|p2b: Venusaur|Venusaur, L50, M|100/100\n|turn|4\n|\n|t:|1776734487\n|switch|p1a: Klefki|Klefki, L50, F|100/100\n|detailschange|p2b: Venusaur|Venusaur-Mega, L50, M\n|-mega|p2b: Venusaur|Venusaur|Venusaurite\n|move|p1b: Archaludon|Protect|p1b: Archaludon\n|-singleturn|p1b: Archaludon|Protect\n|move|p2b: Venusaur|Protect|p2b: Venusaur\n|-singleturn|p2b: Venusaur|Protect\n|move|p2a: Big Pookie|High Horsepower|p1a: Klefki\n|-supereffective|p1a: Klefki|1\n|-damage|p1a: Klefki|13/100\n|\n|-sideend|p2: Royalll11|move: Tailwind\n|upkeep\n|turn|5\n|\n|t:|1776734509\n|move|p1a: Klefki|Thunder Wave|p2b: Venusaur\n|-status|p2b: Venusaur|par\n|move|p1b: Archaludon|Aura Sphere|p2a: Big Pookie\n|-supereffective|p2a: Big Pookie|1\n|-damage|p2a: Big Pookie|51/100\n|move|p2a: Big Pookie|High Horsepower|p1b: Archaludon\n|-supereffective|p1b: Archaludon|1\n|-damage|p1b: Archaludon|28/100\n|-ability|p1b: Archaludon|Stamina|boost\n|-boost|p1b: Archaludon|def|1\n|move|p2b: Venusaur|Earth Power|p1b: Archaludon\n|-supereffective|p1b: Archaludon|1\n|-damage|p1b: Archaludon|0 fnt\n|faint|p1b: Archaludon\n|\n|-sideend|p1: lxq74477|move: Tailwind\n|upkeep\n|\n|t:|1776734525\n|switch|p1b: Arcanine|Arcanine-Hisui, L50, F, shiny|83/100\n|-ability|p1b: Arcanine|Intimidate|boost\n|-fail|p2a: Big Pookie|unboost|Attack|[from] ability: Oblivious|[of] p2a: Big Pookie\n|-unboost|p2b: Venusaur|atk|1\n|turn|6\n|\n|t:|1776734545\n|move|p1a: Klefki|Calm Mind|p1a: Klefki\n|-boost|p1a: Klefki|spa|1\n|-boost|p1a: Klefki|spd|1\n|move|p2a: Big Pookie|High Horsepower|p1b: Arcanine|[miss]\n|-miss|p2a: Big Pookie|p1b: Arcanine\n|move|p1b: Arcanine|Flare Blitz|p2a: Big Pookie\n|-supereffective|p2a: Big Pookie|1\n|-damage|p2a: Big Pookie|0 fnt\n|faint|p2a: Big Pookie\n|-damage|p1b: Arcanine|65/100|[from] Recoil\n|cant|p2b: Venusaur|par\n|\n|upkeep\n|turn|7\n|\n|t:|1776734561\n|move|p1a: Klefki|Calm Mind|p1a: Klefki\n|-boost|p1a: Klefki|spa|1\n|-boost|p1a: Klefki|spd|1\n|move|p1b: Arcanine|Flare Blitz|p2b: Venusaur\n|-supereffective|p2b: Venusaur|1\n|-damage|p2b: Venusaur|53/100 par\n|-damage|p1b: Arcanine|50/100|[from] Recoil\n|move|p2b: Venusaur|Earth Power|p1b: Arcanine\n|-supereffective|p1b: Arcanine|2\n|-damage|p1b: Arcanine|0 fnt\n|faint|p1b: Arcanine\n|\n|upkeep\n|turn|8\n|\n|t:|1776734577\n|move|p1a: Klefki|Dazzling Gleam|p2b: Venusaur\n|-resisted|p2b: Venusaur|1\n|-damage|p2b: Venusaur|36/100 par\n|move|p2b: Venusaur|Earth Power|p1a: Klefki\n|-supereffective|p1a: Klefki|1\n|-damage|p1a: Klefki|0 fnt\n|faint|p1a: Klefki\n|\n|win|Royalll11\n|raw|lxq74477's rating: 1067 &rarr; <strong>1048</strong><br />(-19 for losing)\n|raw|Royalll11's rating: 1089 &rarr; <strong>1114</strong><br />(+25 for winning)\n",
  "uploadtime": 1776734595,
  "views": 8,
  "formatid": "gen9championsvgc2026regma",
  "rating": 1048,
  "private": 0,
  "password": null
}