{
  "id": "gen9championsvgc2026regma-2586767946",
  "format": "[Gen 9 Champions] VGC 2026 Reg M-A",
  "players": [
    "areestoo",
    "BigBattles"
  ],
  "log": "|j|\u2606areestoo\n|j|\u203dBigBattles\n|t:|1776458350\n|gametype|doubles\n|player|p1|areestoo|101|1234\n|player|p2|BigBattles|2|1156\n|gen|9\n|tier|[Gen 9 Champions] VGC 2026 Reg M-A\n|rated|\n|rule|Species Clause: Limit one of each Pok\u00e9mon\n|rule|Item Clause: Limit 1 of each item\n|clearpoke\n|poke|p1|Incineroar, L50, F|\n|poke|p1|Farigiraf, L50, M|\n|poke|p1|Torkoal, L50, M|\n|poke|p1|Scovillain, L50, F|\n|poke|p1|Hatterene, L50, F|\n|poke|p1|Crabominable, L50, M|\n|poke|p2|Garchomp, L50, F|\n|poke|p2|Politoed, L50, M|\n|poke|p2|Floette-Eternal, L50, F|\n|poke|p2|Milotic, L50, M|\n|poke|p2|Sneasler, L50, F|\n|poke|p2|Basculegion, L50, M|\n|teampreview|4\n|inactive|Battle timer is ON: inactive players will automatically lose when time's up. (requested by areestoo)\n|\n|t:|1776458380\n|teamsize|p1|4\n|teamsize|p2|4\n|start\n|switch|p1a: Scovillain|Scovillain, L50, F|100/100\n|switch|p1b: Farigiraf|Farigiraf, L50, M|100/100\n|switch|p2a: Sneasler|Sneasler, L50, F|100/100\n|switch|p2b: Milotic|Milotic, L50, M, shiny|100/100\n|turn|1\n|inactive|BigBattles has 30 seconds left.\n|\n|t:|1776458413\n|move|p2a: Sneasler|Close Combat|p1a: Scovillain\n|-damage|p1a: Scovillain|0 fnt\n|-unboost|p2a: Sneasler|def|1\n|-unboost|p2a: Sneasler|spd|1\n|faint|p1a: Scovillain\n|-enditem|p2a: Sneasler|White Herb\n|-clearnegativeboost|p2a: Sneasler|[silent]\n|move|p2b: Milotic|Muddy Water|p1b: Farigiraf\n|-damage|p1b: Farigiraf|74/100\n|move|p1b: Farigiraf|Trick Room|p1b: Farigiraf\n|-fieldstart|move: Trick Room|[of] p1b: Farigiraf\n|\n|upkeep\n|\n|t:|1776458424\n|switch|p1a: Crabominable|Crabominable, L50, M|100/100\n|turn|2\n|\n|t:|1776458445\n|detailschange|p1a: Crabominable|Crabominable-Mega, L50, M\n|-mega|p1a: Crabominable|Crabominable|Crabominite\n|move|p2a: Sneasler|Protect|p2a: Sneasler\n|-singleturn|p2a: Sneasler|Protect\n|move|p1a: Crabominable|Ice Hammer|p2a: Sneasler\n|-activate|p2a: Sneasler|move: Protect\n|move|p1b: Farigiraf|Nasty Plot|p1b: Farigiraf\n|-boost|p1b: Farigiraf|spa|2\n|move|p2b: Milotic|Muddy Water|p1a: Crabominable|[spread] p1a,p1b\n|-damage|p1a: Crabominable|81/100\n|-damage|p1b: Farigiraf|54/100\n|\n|upkeep\n|turn|3\n|\n|t:|1776458462\n|move|p1a: Crabominable|Ice Hammer|p2a: Sneasler\n|-damage|p2a: Sneasler|0 fnt\n|-unboost|p1a: Crabominable|spe|1\n|faint|p2a: Sneasler\n|move|p1b: Farigiraf|Hyper Voice|p2b: Milotic\n|-damage|p2b: Milotic|33/100\n|-enditem|p2b: Milotic|Sitrus Berry|[eat]\n|-heal|p2b: Milotic|58/100|[from] item: Sitrus Berry\n|move|p2b: Milotic|Mirror Coat|p1b: Farigiraf\n|-damage|p1b: Farigiraf|0 fnt\n|faint|p1b: Farigiraf\n|\n|upkeep\n|c|\u2606areestoo|XD?\n|\n|t:|1776458474\n|switch|p1b: Torkoal|Torkoal, L50, M|100/100\n|switch|p2a: Politoed|Politoed, L50, M|100/100\n|-weather|SunnyDay|[from] ability: Drought|[of] p1b: Torkoal\n|-weather|RainDance|[from] ability: Drizzle|[of] p2a: Politoed\n|turn|4\n|\n|t:|1776458496\n|move|p2a: Politoed|Helping Hand|p2b: Milotic\n|-singleturn|p2b: Milotic|Helping Hand|[of] p2a: Politoed\n|move|p1a: Crabominable|Close Combat|p2b: Milotic\n|-damage|p2b: Milotic|0 fnt\n|-unboost|p1a: Crabominable|def|1\n|-unboost|p1a: Crabominable|spd|1\n|faint|p2b: Milotic\n|move|p1b: Torkoal|Eruption|p2a: Politoed\n|-resisted|p2a: Politoed|1\n|-damage|p2a: Politoed|84/100\n|\n|-weather|RainDance|[upkeep]\n|-heal|p2a: Politoed|90/100|[from] item: Leftovers\n|upkeep\n|\n|t:|1776458508\n|switch|p2b: Basculegion|Basculegion, L50, M|100/100\n|turn|5\n|\n|t:|1776458528\n|move|p1a: Crabominable|Close Combat|p2a: Politoed\n|-damage|p2a: Politoed|17/100\n|-unboost|p1a: Crabominable|def|1\n|-unboost|p1a: Crabominable|spd|1\n|move|p1b: Torkoal|Eruption|p2a: Politoed|[spread] p2a,p2b\n|-resisted|p2a: Politoed|1\n|-resisted|p2b: Basculegion|1\n|-damage|p2a: Politoed|6/100\n|-damage|p2b: Basculegion|85/100\n|move|p2a: Politoed|Muddy Water|p1b: Torkoal|[spread] p1a,p1b\n|-supereffective|p1b: Torkoal|1\n|-damage|p1a: Crabominable|30/100\n|-damage|p1b: Torkoal|23/100\n|move|p2b: Basculegion|Last Respects|p1a: Crabominable\n|-damage|p1a: Crabominable|0 fnt\n|faint|p1a: Crabominable\n|\n|-weather|RainDance|[upkeep]\n|-heal|p2a: Politoed|12/100|[from] item: Leftovers\n|-fieldend|move: Trick Room\n|upkeep\n|turn|6\n|-message|areestoo forfeited.\n|\n|win|BigBattles\n|raw|areestoo's rating: 1234 &rarr; <strong>1203</strong><br />(-31 for losing)\n|raw|BigBattles's rating: 1156 &rarr; <strong>1187</strong><br />(+31 for winning)\n",
  "uploadtime": 1776458535,
  "views": 30,
  "formatid": "gen9championsvgc2026regma",
  "rating": 1187,
  "private": 0,
  "password": null
}