{
  "id": "gen9championsvgc2026regma-2585909665",
  "format": "[Gen 9 Champions] VGC 2026 Reg M-A",
  "players": [
    "staneats",
    "Hoivey"
  ],
  "log": "|j|\u2606staneats\n|j|\u2606Hoivey\n|t:|1776380565\n|gametype|doubles\n|player|p1|staneats|schoolkid-gen4dp|1226\n|player|p2|Hoivey|cyrus|1293\n|gen|9\n|tier|[Gen 9 Champions] VGC 2026 Reg M-A\n|rated|\n|rule|Species Clause: Limit one of each Pok\u00e9mon\n|rule|Item Clause: Limit 1 of each item\n|clearpoke\n|poke|p1|Oranguru, L50, M|\n|poke|p1|Sylveon, L50, F|\n|poke|p1|Golurk, L50|\n|poke|p1|Kingambit, L50, F|\n|poke|p1|Incineroar, L50, M|\n|poke|p1|Sinistcha, L50|\n|poke|p2|Sableye, L50, M|\n|poke|p2|Aggron, L50, M|\n|poke|p2|Ninetales-Alola, L50, M|\n|poke|p2|Tyranitar, L50, F|\n|poke|p2|Hatterene, L50, F|\n|poke|p2|Milotic, L50, M|\n|teampreview|4\n|\n|t:|1776380605\n|teamsize|p1|4\n|teamsize|p2|4\n|start\n|switch|p1a: Oranguru|Oranguru, L50, M|100/100\n|switch|p1b: Sylveon|Sylveon, L50, F|100/100\n|switch|p2a: Milotic|Milotic, L50, M|100/100\n|switch|p2b: Ninetales|Ninetales-Alola, L50, M|100/100\n|-weather|Snowscape|[from] ability: Snow Warning|[of] p2b: Ninetales\n|turn|1\n|\n|t:|1776380624\n|move|p2b: Ninetales|Aurora Veil|p2b: Ninetales\n|-sidestart|p2: Hoivey|move: Aurora Veil\n|move|p2a: Milotic|Weather Ball|p1b: Sylveon\n|-damage|p1b: Sylveon|79/100\n|move|p1b: Sylveon|Calm Mind|p1b: Sylveon\n|-boost|p1b: Sylveon|spa|1\n|-boost|p1b: Sylveon|spd|1\n|move|p1a: Oranguru|Trick Room|p1a: Oranguru\n|-fieldstart|move: Trick Room|[of] p1a: Oranguru\n|\n|-weather|Snowscape|[upkeep]\n|upkeep\n|turn|2\n|-activate|p2a: Milotic|item: Quick Claw\n|\n|t:|1776380657\n|move|p2a: Milotic|Scald|p1a: Oranguru\n|-damage|p1a: Oranguru|67/100\n|move|p1b: Sylveon|Hyper Voice|p2a: Milotic|[spread] p2a,p2b\n|-crit|p2a: Milotic\n|-damage|p2a: Milotic|11/100\n|-damage|p2b: Ninetales|36/100\n|move|p1a: Oranguru|Instruct|p1b: Sylveon\n|-singleturn|p1b: Sylveon|move: Instruct|[of] p1a: Oranguru\n|move|p1b: Sylveon|Hyper Voice|p2a: Milotic|[spread] p2a,p2b\n|-damage|p2a: Milotic|0 fnt\n|-damage|p2b: Ninetales|0 fnt\n|faint|p2a: Milotic\n|faint|p2b: Ninetales\n|\n|-weather|Snowscape|[upkeep]\n|upkeep\n|\n|t:|1776380667\n|switch|p2a: Aggron|Aggron, L50, M|100/100\n|switch|p2b: Sableye|Sableye, L50, M|100/100\n|turn|3\n|inactive|Battle timer is ON: inactive players will automatically lose when time's up. (requested by Hoivey)\n|\n|t:|1776380703\n|detailschange|p2a: Aggron|Aggron-Mega, L50, M\n|-mega|p2a: Aggron|Aggron|Aggronite\n|move|p2b: Sableye|Quash|p1b: Sylveon\n|-activate|p1b: Sylveon|move: Quash\n|move|p2a: Aggron|Heavy Slam|p1b: Sylveon\n|-supereffective|p1b: Sylveon|1\n|-damage|p1b: Sylveon|0 fnt\n|faint|p1b: Sylveon\n|move|p1a: Oranguru|Yawn|p2a: Aggron\n|-start|p2a: Aggron|move: Yawn|[of] p1a: Oranguru\n|\n|-weather|Snowscape|[upkeep]\n|upkeep\n|inactive|staneats has 30 seconds left.\n|\n|t:|1776380729\n|switch|p1b: Incineroar|Incineroar, L50, M|100/100\n|-ability|p1b: Incineroar|Intimidate|boost\n|-unboost|p2a: Aggron|atk|1\n|-unboost|p2b: Sableye|atk|1\n|turn|4\n|inactive|staneats has 30 seconds left.\n|inactive|staneats has 20 seconds left.\n|inactive|staneats has 15 seconds left.\n|\n|t:|1776380770\n|move|p2b: Sableye|Will-O-Wisp|p1a: Oranguru\n|-status|p1a: Oranguru|brn\n|move|p2a: Aggron|Iron Defense|p2a: Aggron\n|-boost|p2a: Aggron|def|2\n|move|p1b: Incineroar|Parting Shot|p2a: Aggron\n|-unboost|p2a: Aggron|atk|1\n|-unboost|p2a: Aggron|spa|1\n|\n|t:|1776380779\n|switch|p1b: Golurk|Golurk, L50|100/100|[from] Parting Shot\n|move|p1a: Oranguru|Yawn|p2b: Sableye\n|-start|p2b: Sableye|move: Yawn|[of] p1a: Oranguru\n|\n|-weather|Snowscape|[upkeep]\n|-damage|p1a: Oranguru|61/100 brn|[from] brn\n|-end|p2a: Aggron|move: Yawn|[silent]\n|-status|p2a: Aggron|slp\n|upkeep\n|turn|5\n|\n|t:|1776380804\n|switch|p1a: Incineroar|Incineroar, L50, M|100/100\n|-ability|p1a: Incineroar|Intimidate|boost\n|-unboost|p2a: Aggron|atk|1\n|-unboost|p2b: Sableye|atk|1\n|detailschange|p1b: Golurk|Golurk-Mega, L50\n|-mega|p1b: Golurk|Golurk|Golurkite\n|move|p1b: Golurk|Protect|p1b: Golurk\n|-singleturn|p1b: Golurk|Protect\n|move|p2b: Sableye|Will-O-Wisp|p1b: Golurk\n|-activate|p1b: Golurk|move: Protect\n|cant|p2a: Aggron|slp\n|\n|-weather|none\n|-end|p2b: Sableye|move: Yawn|[silent]\n|-status|p2b: Sableye|slp\n|-sideend|p2: Hoivey|move: Aurora Veil\n|-fieldend|move: Trick Room\n|upkeep\n|turn|6\n|inactive|staneats has 30 seconds left.\n|\n|t:|1776380838\n|cant|p2b: Sableye|slp\n|move|p1a: Incineroar|Flare Blitz|p2b: Sableye\n|-damage|p2b: Sableye|37/100 slp\n|-enditem|p2b: Sableye|Sitrus Berry|[eat]\n|-heal|p2b: Sableye|62/100 slp|[from] item: Sitrus Berry\n|-damage|p1a: Incineroar|84/100|[from] Recoil\n|cant|p2a: Aggron|slp\n|move|p1b: Golurk|Poltergeist||[still]\n|-fail|p1b: Golurk\n|\n|upkeep\n|turn|7\n|inactive|staneats has 30 seconds left.\n|c|\u2606Hoivey|!data poltergeist\n|c|\u2606Hoivey|/raw <ul class=\"utilichart\"><li class=\"result\"><span class=\"col movenamecol\"><a href=\"https://dex.pokemonshowdown.com/moves/poltergeist\">Poltergeist</a></span> <span class=\"col typecol\"><img src=\"//play.pokemonshowdown.com/sprites/types/Ghost.png\" alt=\"Ghost\" width=\"32\" height=\"14\"><img src=\"//play.pokemonshowdown.com/sprites/categories/Physical.png\" alt=\"Physical\" width=\"32\" height=\"14\"></span> <span class=\"col labelcol\"><em>Power</em><br>110</span> <span class=\"col widelabelcol\"><em>Accuracy</em><br>90%</span> <span class=\"col pplabelcol\"><em>PP</em><br>8</span> <span class=\"col movedesccol\">Fails if the target has no held item.</span> </li><li style=\"clear:both\"></li></ul>\n\n|inactive|staneats has 20 seconds left.\n|\n|t:|1776380877\n|cant|p2b: Sableye|slp\n|move|p1a: Incineroar|Flare Blitz|p2a: Aggron\n|-supereffective|p2a: Aggron|1\n|-damage|p2a: Aggron|83/100 slp\n|-damage|p1a: Incineroar|79/100|[from] Recoil\n|-curestatus|p2a: Aggron|slp|[msg]\n|move|p2a: Aggron|Iron Defense|p2a: Aggron\n|-boost|p2a: Aggron|def|2\n|move|p1b: Golurk|Headlong Rush|p2b: Sableye\n|-damage|p2b: Sableye|0 fnt\n|-unboost|p1b: Golurk|def|1\n|-unboost|p1b: Golurk|spd|1\n|faint|p2b: Sableye\n|\n|upkeep\n|turn|8\n|inactive|staneats has 30 seconds left.\n|\n|t:|1776380908\n|move|p1a: Incineroar|Parting Shot|p2a: Aggron\n|-unboost|p2a: Aggron|atk|1\n|-unboost|p2a: Aggron|spa|1\n|\n|t:|1776380911\n|switch|p1a: Oranguru|Oranguru, L50, M|61/100 brn|[from] Parting Shot\n|move|p2a: Aggron|Iron Defense|p2a: Aggron\n|-boost|p2a: Aggron|def|2\n|move|p1b: Golurk|Poltergeist|p2a: Aggron\n|-activate|p2a: Aggron|move: Poltergeist|Aggronite\n|-damage|p2a: Aggron|74/100\n|\n|-damage|p1a: Oranguru|55/100 brn|[from] brn\n|upkeep\n|turn|9\n|\n|t:|1776380930\n|move|p1a: Oranguru|Yawn|p2a: Aggron\n|-start|p2a: Aggron|move: Yawn|[of] p1a: Oranguru\n|move|p2a: Aggron|Heavy Slam|p1b: Golurk\n|-damage|p1b: Golurk|91/100\n|move|p1b: Golurk|Headlong Rush|p2a: Aggron\n|-supereffective|p2a: Aggron|1\n|-damage|p2a: Aggron|59/100\n|-unboost|p1b: Golurk|def|1\n|-unboost|p1b: Golurk|spd|1\n|\n|-damage|p1a: Oranguru|49/100 brn|[from] brn\n|upkeep\n|turn|10\n|\n|t:|1776380948\n|move|p2a: Aggron|Protect|p2a: Aggron\n|-singleturn|p2a: Aggron|Protect\n|move|p1a: Oranguru|Instruct|p1b: Golurk\n|-singleturn|p1b: Golurk|move: Instruct|[of] p1a: Oranguru\n|move|p1b: Golurk|Headlong Rush|p2a: Aggron\n|-supereffective|p2a: Aggron|1\n|-ability|p1b: Golurk|Unseen Fist\n|-zbroken|p2a: Aggron\n|-damage|p2a: Aggron|55/100\n|-unboost|p1b: Golurk|def|1\n|-unboost|p1b: Golurk|spd|1\n|move|p1b: Golurk|Headlong Rush|p2a: Aggron\n|-supereffective|p2a: Aggron|1\n|-ability|p1b: Golurk|Unseen Fist\n|-zbroken|p2a: Aggron\n|-damage|p2a: Aggron|51/100\n|-unboost|p1b: Golurk|def|1\n|-unboost|p1b: Golurk|spd|1\n|\n|-damage|p1a: Oranguru|43/100 brn|[from] brn\n|-end|p2a: Aggron|move: Yawn|[silent]\n|-status|p2a: Aggron|slp\n|upkeep\n|turn|11\n|\n|t:|1776380970\n|move|p1a: Oranguru|Instruct|p1b: Golurk\n|-singleturn|p1b: Golurk|move: Instruct|[of] p1a: Oranguru\n|move|p1b: Golurk|Headlong Rush|p2a: Aggron\n|-supereffective|p2a: Aggron|1\n|-damage|p2a: Aggron|36/100 slp\n|-unboost|p1b: Golurk|def|1\n|-unboost|p1b: Golurk|spd|1\n|cant|p2a: Aggron|slp\n|move|p1b: Golurk|Headlong Rush|p2a: Aggron\n|-supereffective|p2a: Aggron|1\n|-damage|p2a: Aggron|20/100 slp\n|-unboost|p1b: Golurk|def|1\n|-unboost|p1b: Golurk|spd|1\n|\n|-damage|p1a: Oranguru|37/100 brn|[from] brn\n|upkeep\n|turn|12\n|\n|t:|1776380987\n|move|p1a: Oranguru|Instruct|p1b: Golurk\n|-singleturn|p1b: Golurk|move: Instruct|[of] p1a: Oranguru\n|move|p1b: Golurk|Headlong Rush|p2a: Aggron\n|-supereffective|p2a: Aggron|1\n|-damage|p2a: Aggron|4/100 slp\n|cant|p2a: Aggron|slp\n|move|p1b: Golurk|Headlong Rush|p2a: Aggron\n|-supereffective|p2a: Aggron|1\n|-damage|p2a: Aggron|0 fnt\n|faint|p2a: Aggron\n|\n|win|staneats\n|raw|staneats's rating: 1226 &rarr; <strong>1256</strong><br />(+30 for winning)\n|raw|Hoivey's rating: 1293 &rarr; <strong>1263</strong><br />(-30 for losing)\n|l|\u2606Hoivey\n|player|p2|\n",
  "uploadtime": 1776381017,
  "views": 42,
  "formatid": "gen9championsvgc2026regma",
  "rating": 1256,
  "private": 0,
  "password": null
}