{
  "id": "gen9championsvgc2026regma-2582168893",
  "format": "[Gen 9 Champions] VGC 2026 Reg M-A",
  "players": [
    "Dag291",
    "mannchicken"
  ],
  "log": "|j|\u203dDag291\n|j|\u2606mannchicken\n|t:|1776066753\n|gametype|doubles\n|player|p1|Dag291|2|1153\n|player|p2|mannchicken|clown|1127\n|gen|9\n|tier|[Gen 9 Champions] VGC 2026 Reg M-A\n|rated|\n|rule|Species Clause: Limit one of each Pok\u00e9mon\n|rule|Item Clause: Limit 1 of each item\n|clearpoke\n|poke|p1|Whimsicott, L50, M|\n|poke|p1|Charizard, L50, M|\n|poke|p1|Garchomp, L50, M|\n|poke|p1|Sneasler, L50, F|\n|poke|p1|Farigiraf, L50, M|\n|poke|p1|Incineroar, L50, M|\n|poke|p2|Golurk, L50|\n|poke|p2|Conkeldurr, L50, F|\n|poke|p2|Cofagrigus, L50, M|\n|poke|p2|Armarouge, L50, M|\n|poke|p2|Kingambit, L50, F|\n|poke|p2|Farigiraf, L50, M|\n|teampreview|4\n|inactive|Battle timer is ON: inactive players will automatically lose when time's up. (requested by Dag291)\n|inactive|mannchicken has 60 seconds left.\n|\n|t:|1776066795\n|teamsize|p1|4\n|teamsize|p2|4\n|start\n|switch|p1a: Garchomp|Garchomp, L50, M|100/100\n|switch|p1b: Sneasler|Sneasler, L50, F|100/100\n|switch|p2a: Cofagrigus|Cofagrigus, L50, M|100/100\n|switch|p2b: Golurk|Golurk, L50|100/100\n|turn|1\n|\n|t:|1776066818\n|switch|p1b: Incineroar|Incineroar, L50, M|100/100\n|-ability|p1b: Incineroar|Intimidate|boost\n|-unboost|p2a: Cofagrigus|atk|1\n|-unboost|p2b: Golurk|atk|1\n|detailschange|p2b: Golurk|Golurk-Mega, L50\n|-mega|p2b: Golurk|Golurk|Golurkite\n|move|p2b: Golurk|Protect|p2b: Golurk\n|-singleturn|p2b: Golurk|Protect\n|move|p1a: Garchomp|Swords Dance|p1a: Garchomp\n|-boost|p1a: Garchomp|atk|2\n|move|p2a: Cofagrigus|Trick Room|p2a: Cofagrigus\n|-fieldstart|move: Trick Room|[of] p2a: Cofagrigus\n|\n|upkeep\n|turn|2\n|\n|t:|1776066837\n|switch|p2a: Conkeldurr|Conkeldurr, L50, F|100/100\n|move|p1a: Garchomp|Protect|p1a: Garchomp\n|-singleturn|p1a: Garchomp|Protect\n|move|p2b: Golurk|Headlong Rush|p1b: Incineroar\n|-supereffective|p1b: Incineroar|1\n|-damage|p1b: Incineroar|0 fnt\n|-unboost|p2b: Golurk|def|1\n|-unboost|p2b: Golurk|spd|1\n|faint|p1b: Incineroar\n|\n|upkeep\n|\n|t:|1776066847\n|switch|p1b: Farigiraf|Farigiraf, L50, M|100/100\n|turn|3\n|\n|t:|1776066856\n|move|p1b: Farigiraf|Protect|p1b: Farigiraf\n|-singleturn|p1b: Farigiraf|Protect\n|move|p2a: Conkeldurr|Ice Punch|p1a: Garchomp\n|-supereffective|p1a: Garchomp|2\n|-damage|p1a: Garchomp|0 fnt\n|-damage|p2a: Conkeldurr|88/100|[from] ability: Rough Skin|[of] p1a: Garchomp\n|faint|p1a: Garchomp\n|move|p2b: Golurk|Headlong Rush|p1b: Farigiraf\n|-ability|p2b: Golurk|Unseen Fist\n|-zbroken|p1b: Farigiraf\n|-damage|p1b: Farigiraf|87/100\n|-unboost|p2b: Golurk|def|1\n|-unboost|p2b: Golurk|spd|1\n|\n|-heal|p1b: Farigiraf|93/100|[from] item: Leftovers\n|upkeep\n|\n|t:|1776066872\n|switch|p1a: Sneasler|Sneasler, L50, F|100/100\n|turn|4\n|\n|t:|1776066890\n|move|p2a: Conkeldurr|Thunder Punch|p1b: Farigiraf\n|-damage|p1b: Farigiraf|59/100\n|move|p2b: Golurk|Headlong Rush|p1b: Farigiraf\n|-damage|p1b: Farigiraf|10/100\n|-unboost|p2b: Golurk|def|1\n|-unboost|p2b: Golurk|spd|1\n|move|p1b: Farigiraf|Psychic|p2a: Conkeldurr\n|-supereffective|p2a: Conkeldurr|1\n|-damage|p2a: Conkeldurr|0 fnt\n|faint|p2a: Conkeldurr\n|move|p1a: Sneasler|Acrobatics|p2b: Golurk\n|-damage|p2b: Golurk|57/100\n|\n|-heal|p1b: Farigiraf|16/100|[from] item: Leftovers\n|upkeep\n|\n|t:|1776066908\n|switch|p2a: Farigiraf|Farigiraf, L50, M|100/100\n|turn|5\n|\n|t:|1776066922\n|move|p1b: Farigiraf|Protect|p1b: Farigiraf\n|-singleturn|p1b: Farigiraf|Protect\n|move|p1a: Sneasler|Protect|p1a: Sneasler\n|-singleturn|p1a: Sneasler|Protect\n|move|p2a: Farigiraf|Psychic|p1a: Sneasler\n|-activate|p1a: Sneasler|move: Protect\n|move|p2b: Golurk|Drain Punch|p1b: Farigiraf\n|-ability|p2b: Golurk|Unseen Fist\n|-zbroken|p1b: Farigiraf\n|-damage|p1b: Farigiraf|11/100\n|-heal|p2b: Golurk|60/100|[from] drain|[of] p1b: Farigiraf\n|\n|-heal|p1b: Farigiraf|17/100|[from] item: Leftovers\n|-fieldend|move: Trick Room\n|upkeep\n|turn|6\n|inactive|mannchicken has 30 seconds left.\n|\n|t:|1776066950\n|switch|p2b: Cofagrigus|Cofagrigus, L50, M|100/100\n|move|p1a: Sneasler|Dire Claw|p2b: Cofagrigus\n|-resisted|p2b: Cofagrigus|1\n|-damage|p2b: Cofagrigus|87/100\n|-activate|p2b: Cofagrigus|ability: Mummy|p1a: Sneasler|[ability] Unburden\n|move|p1b: Farigiraf|Dazzling Gleam|p2b: Cofagrigus|[spread] p2a,p2b\n|-damage|p2a: Farigiraf|86/100\n|-damage|p2b: Cofagrigus|65/100\n|move|p2a: Farigiraf|Psychic|p1a: Sneasler\n|-supereffective|p1a: Sneasler|2\n|-damage|p1a: Sneasler|0 fnt\n|faint|p1a: Sneasler\n|\n|-heal|p1b: Farigiraf|24/100|[from] item: Leftovers\n|-heal|p2a: Farigiraf|93/100|[from] item: Leftovers\n|upkeep\n|turn|7\n|\n|t:|1776066971\n|move|p1b: Farigiraf|Dazzling Gleam|p2a: Farigiraf|[spread] p2a,p2b\n|-damage|p2a: Farigiraf|78/100\n|-damage|p2b: Cofagrigus|44/100\n|move|p2a: Farigiraf|Psychic|p1b: Farigiraf\n|-resisted|p1b: Farigiraf|1\n|-damage|p1b: Farigiraf|7/100\n|move|p2b: Cofagrigus|Trick Room|p2b: Cofagrigus\n|-fieldstart|move: Trick Room|[of] p2b: Cofagrigus\n|\n|-heal|p2a: Farigiraf|84/100|[from] item: Leftovers\n|-heal|p1b: Farigiraf|13/100|[from] item: Leftovers\n|upkeep\n|turn|8\n|\n|t:|1776066985\n|move|p1b: Farigiraf|Protect|p1b: Farigiraf\n|-singleturn|p1b: Farigiraf|Protect\n|move|p2b: Cofagrigus|Shadow Ball|p1b: Farigiraf\n|-activate|p1b: Farigiraf|move: Protect\n|move|p2a: Farigiraf|Psychic|p1b: Farigiraf\n|-activate|p1b: Farigiraf|move: Protect\n|\n|-heal|p2a: Farigiraf|90/100|[from] item: Leftovers\n|-heal|p1b: Farigiraf|20/100|[from] item: Leftovers\n|upkeep\n|turn|9\n|\n|t:|1776066997\n|move|p2b: Cofagrigus|Shadow Ball|p1b: Farigiraf\n|-immune|p1b: Farigiraf\n|move|p2a: Farigiraf|Psychic|p1b: Farigiraf\n|-resisted|p1b: Farigiraf|1\n|-damage|p1b: Farigiraf|2/100\n|move|p1b: Farigiraf|Psychic|p2a: Farigiraf\n|-resisted|p2a: Farigiraf|1\n|-damage|p2a: Farigiraf|75/100\n|\n|-heal|p2a: Farigiraf|82/100|[from] item: Leftovers\n|-heal|p1b: Farigiraf|9/100|[from] item: Leftovers\n|upkeep\n|turn|10\n|\n|t:|1776067009\n|switch|p2b: Golurk|Golurk-Mega, L50|60/100\n|move|p1b: Farigiraf|Protect|p1b: Farigiraf\n|-singleturn|p1b: Farigiraf|Protect\n|move|p2a: Farigiraf|Psychic|p1b: Farigiraf\n|-activate|p1b: Farigiraf|move: Protect\n|\n|-heal|p2a: Farigiraf|88/100|[from] item: Leftovers\n|-heal|p1b: Farigiraf|15/100|[from] item: Leftovers\n|upkeep\n|turn|11\n|\n|t:|1776067022\n|move|p2a: Farigiraf|Psychic|p1b: Farigiraf\n|-resisted|p1b: Farigiraf|1\n|-damage|p1b: Farigiraf|0 fnt\n|faint|p1b: Farigiraf\n|\n|win|mannchicken\n|raw|Dag291's rating: 1153 &rarr; <strong>1126</strong><br />(-27 for losing)\n|raw|mannchicken's rating: 1127 &rarr; <strong>1154</strong><br />(+27 for winning)\n",
  "uploadtime": 1776067026,
  "views": 14,
  "formatid": "gen9championsvgc2026regma",
  "rating": 1126,
  "private": 0,
  "password": null
}