{
  "id": "gen9championsvgc2026regma-2581202850",
  "format": "[Gen 9 Champions] VGC 2026 Reg M-A",
  "players": [
    "tusssk",
    "lolgz"
  ],
  "log": "|j|\u2606tusssk\n|j|\u2606lolgz\n|t:|1775970305\n|gametype|doubles\n|player|p1|tusssk|koga|1135\n|player|p2|lolgz|170|1149\n|gen|9\n|tier|[Gen 9 Champions] VGC 2026 Reg M-A\n|rated|\n|rule|Species Clause: Limit one of each Pok\u00e9mon\n|rule|Item Clause: Limit 1 of each item\n|clearpoke\n|poke|p1|Glimmora, L50, M|\n|poke|p1|Incineroar, L50, M|\n|poke|p1|Whimsicott, L50, M|\n|poke|p1|Basculegion, L50, M|\n|poke|p1|Chesnaught, L50, M|\n|poke|p1|Vanilluxe, L50, M|\n|poke|p2|Charizard, L50, M|\n|poke|p2|Whimsicott, L50, F|\n|poke|p2|Milotic, L50, M|\n|poke|p2|Sneasler, L50, F|\n|poke|p2|Floette-Eternal, L50, F|\n|poke|p2|Garchomp, L50, F|\n|teampreview|4\n|inactive|Battle timer is ON: inactive players will automatically lose when time's up. (requested by tusssk)\n|\n|t:|1775970344\n|teamsize|p1|4\n|teamsize|p2|4\n|start\n|switch|p1a: Vanilluxe|Vanilluxe, L50, M, shiny|100/100\n|switch|p1b: Whimsicott|Whimsicott, L50, M, shiny|100/100\n|switch|p2a: Milotic|Milotic, L50, M|100/100\n|switch|p2b: Sneasler|Sneasler, L50, F|100/100\n|-weather|Snowscape|[from] ability: Snow Warning|[of] p1a: Vanilluxe\n|turn|1\n|\n|t:|1775970355\n|move|p1b: Whimsicott|Protect|p1b: Whimsicott\n|-singleturn|p1b: Whimsicott|Protect\n|move|p1a: Vanilluxe|Protect|p1a: Vanilluxe\n|-singleturn|p1a: Vanilluxe|Protect\n|move|p2b: Sneasler|Fake Out|p1a: Vanilluxe\n|-activate|p1a: Vanilluxe|move: Protect\n|move|p2a: Milotic|Icy Wind|p1b: Whimsicott|[spread] \n|-activate|p1a: Vanilluxe|move: Protect\n|-activate|p1b: Whimsicott|move: Protect\n|\n|-weather|Snowscape|[upkeep]\n|upkeep\n|turn|2\n|\n|t:|1775970367\n|move|p1b: Whimsicott|Encore|p2b: Sneasler\n|-start|p2b: Sneasler|Encore\n|move|p2b: Sneasler|Fake Out||[still]\n|-hint|Fake Out only works on your first turn out.\n|-fail|p2b: Sneasler\n|move|p2a: Milotic|Icy Wind|p1a: Vanilluxe|[spread] p1a\n|-miss|p2a: Milotic|p1b: Whimsicott\n|-resisted|p1a: Vanilluxe|1\n|-crit|p1a: Vanilluxe\n|-damage|p1a: Vanilluxe|90/100\n|-unboost|p1a: Vanilluxe|spe|1\n|move|p1a: Vanilluxe|Aurora Veil|p1a: Vanilluxe\n|-sidestart|p1: tusssk|move: Aurora Veil\n|\n|-weather|Snowscape|[upkeep]\n|upkeep\n|turn|3\n|inactive|tusssk has 30 seconds left.\n|\n|t:|1775970397\n|switch|p2b: Floette|Floette-Eternal, L50, F|100/100\n|move|p2a: Milotic|Icy Wind|p1a: Vanilluxe|[spread] p1a,p1b\n|-resisted|p1a: Vanilluxe|1\n|-supereffective|p1b: Whimsicott|1\n|-damage|p1a: Vanilluxe|85/100\n|-damage|p1b: Whimsicott|72/100\n|-unboost|p1a: Vanilluxe|spe|1\n|-unboost|p1b: Whimsicott|spe|1\n|move|p1b: Whimsicott|Moonblast|p2b: Floette\n|-damage|p2b: Floette|68/100\n|move|p1a: Vanilluxe|Blizzard|p2a: Milotic|[spread] p2a,p2b\n|-resisted|p2a: Milotic|1\n|-damage|p2a: Milotic|81/100\n|-damage|p2b: Floette|31/100\n|\n|-weather|Snowscape|[upkeep]\n|upkeep\n|turn|4\n|inactive|tusssk has 30 seconds left.\n|\n|t:|1775970429\n|switch|p2a: Sneasler|Sneasler, L50, F|100/100\n|move|p2b: Floette|Protect|p2b: Floette\n|-singleturn|p2b: Floette|Protect\n|move|p1b: Whimsicott|Moonblast|p2a: Sneasler\n|-damage|p2a: Sneasler|57/100\n|-unboost|p2a: Sneasler|spa|1\n|-enditem|p2a: Sneasler|White Herb\n|-clearnegativeboost|p2a: Sneasler|[silent]\n|move|p1a: Vanilluxe|Blizzard|p2b: Floette|[spread] p2a\n|-activate|p2b: Floette|move: Protect\n|-damage|p2a: Sneasler|1/100\n|\n|-weather|Snowscape|[upkeep]\n|upkeep\n|turn|5\n|\n|t:|1775970451\n|detailschange|p2b: Floette|Floette-Mega, L50, F\n|-mega|p2b: Floette|Floette|Floettite\n|-ability|p2b: Floette|Fairy Aura\n|move|p2a: Sneasler|Fake Out|p1a: Vanilluxe\n|-damage|p1a: Vanilluxe|78/100\n|move|p1b: Whimsicott|Encore|p2b: Floette\n|-start|p2b: Floette|Encore\n|move|p2b: Floette|Protect|p2b: Floette\n|-singleturn|p2b: Floette|Protect\n|cant|p1a: Vanilluxe|flinch\n|\n|-weather|none\n|upkeep\n|turn|6\n|-message|lolgz forfeited.\n|\n|win|tusssk\n|raw|tusssk's rating: 1135 &rarr; <strong>1161</strong><br />(+26 for winning)\n|raw|lolgz's rating: 1149 &rarr; <strong>1123</strong><br />(-26 for losing)\n",
  "uploadtime": 1775970460,
  "views": 16,
  "formatid": "gen9championsvgc2026regma",
  "rating": 1123,
  "private": 0,
  "password": null
}