{
  "id": "gen9championsvgc2026regma-2584458693",
  "format": "[Gen 9 Champions] VGC 2026 Reg M-A",
  "players": [
    "coastline2687",
    "lulumanflex"
  ],
  "log": "|j|\u2606coastline2687\n|j|\u2606lulumanflex\n|t:|1776262282\n|gametype|doubles\n|player|p1|coastline2687|iris-gen5bw2|1043\n|player|p2|lulumanflex|1|1142\n|gen|9\n|tier|[Gen 9 Champions] VGC 2026 Reg M-A\n|rated|\n|rule|Species Clause: Limit one of each Pok\u00e9mon\n|rule|Item Clause: Limit 1 of each item\n|clearpoke\n|poke|p1|Greninja-*, L50, F|\n|poke|p1|Pelipper, L50, F|\n|poke|p1|Incineroar, L50, M|\n|poke|p1|Sinistcha, L50|\n|poke|p1|Archaludon, L50, F|\n|poke|p1|Sneasler, L50, F|\n|poke|p2|Charizard, L50, F|\n|poke|p2|Kingambit, L50, M|\n|poke|p2|Incineroar, L50, F|\n|poke|p2|Floette-Eternal, L50, F|\n|poke|p2|Aerodactyl, L50, M|\n|poke|p2|Sneasler, L50, F|\n|teampreview|4\n|inactive|Battle timer is ON: inactive players will automatically lose when time's up. (requested by coastline2687)\n|inactive|coastline2687 has 60 seconds left.\n|inactive|lulumanflex has 60 seconds left.\n|inactive|lulumanflex has 30 seconds left.\n|inactive|lulumanflex has 20 seconds left.\n|inactive|lulumanflex has 15 seconds left.\n|\n|t:|1776262358\n|teamsize|p1|4\n|teamsize|p2|4\n|start\n|switch|p1a: Cheesebslls|Greninja, L50, F|100/100\n|switch|p1b: Sneasler|Sneasler, L50, F|100/100\n|switch|p2a: Charizard|Charizard, L50, F|100/100\n|switch|p2b: Kingambit|Kingambit, L50, M|100/100\n|turn|1\n|\n|t:|1776262381\n|detailschange|p2a: Charizard|Charizard-Mega-Y, L50, F\n|-mega|p2a: Charizard|Charizard|Charizardite Y\n|-weather|SunnyDay|[from] ability: Drought|[of] p2a: Charizard\n|move|p1a: Cheesebslls|Protect|p1a: Cheesebslls\n|-singleturn|p1a: Cheesebslls|Protect\n|move|p2b: Kingambit|Protect|p2b: Kingambit\n|-singleturn|p2b: Kingambit|Protect\n|move|p1b: Sneasler|Dire Claw|p2a: Charizard\n|-damage|p2a: Charizard|40/100\n|move|p2a: Charizard|Air Slash|p1b: Sneasler\n|-supereffective|p1b: Sneasler|1\n|-damage|p1b: Sneasler|0 fnt\n|faint|p1b: Sneasler\n|\n|-weather|SunnyDay|[upkeep]\n|upkeep\n|\n|t:|1776262396\n|switch|p1b: MINE|Pelipper, L50, F|100/100\n|-weather|RainDance|[from] ability: Drizzle|[of] p1b: MINE\n|turn|2\n|inactive|coastline2687 has 30 seconds left.\n|\n|t:|1776262427\n|switch|p1a: parkour|Archaludon, L50, F|100/100\n|switch|p2a: Incineroar|Incineroar, L50, F|100/100\n|-ability|p2a: Incineroar|Intimidate|boost\n|-unboost|p1a: parkour|atk|1\n|-unboost|p1b: MINE|atk|1\n|move|p1b: MINE|Weather Ball|p2a: Incineroar\n|-supereffective|p2a: Incineroar|1\n|-damage|p2a: Incineroar|26/100\n|-enditem|p2a: Incineroar|Sitrus Berry|[eat]\n|-heal|p2a: Incineroar|51/100|[from] item: Sitrus Berry\n|move|p2b: Kingambit|Kowtow Cleave|p1b: MINE\n|-damage|p1b: MINE|22/100\n|\n|-weather|RainDance|[upkeep]\n|upkeep\n|turn|3\n|\n|t:|1776262449\n|move|p1b: MINE|Protect|p1b: MINE\n|-singleturn|p1b: MINE|Protect\n|move|p2b: Kingambit|Sucker Punch||[still]\n|-fail|p2b: Kingambit\n|move|p1a: parkour|Electro Shot||[still]\n|-prepare|p1a: parkour|Electro Shot\n|-boost|p1a: parkour|spa|1\n|-anim|p1a: parkour|Electro Shot|p2b: Kingambit\n|-damage|p2b: Kingambit|45/100\n|move|p2a: Incineroar|Parting Shot|p1a: parkour\n|-unboost|p1a: parkour|atk|1\n|-unboost|p1a: parkour|spa|1\n|\n|t:|1776262461\n|switch|p2a: Charizard|Charizard-Mega-Y, L50, F|40/100|[from] Parting Shot\n|-weather|SunnyDay|[from] ability: Drought|[of] p2a: Charizard\n|\n|-weather|SunnyDay|[upkeep]\n|upkeep\n|turn|4\n|\n|t:|1776262483\n|switch|p1b: Cheesebslls|Greninja, L50, F|100/100\n|move|p2a: Charizard|Protect|p2a: Charizard\n|-singleturn|p2a: Charizard|Protect\n|move|p1a: parkour|Aura Sphere|p2b: Kingambit\n|-supereffective|p2b: Kingambit|2\n|-damage|p2b: Kingambit|0 fnt\n|faint|p2b: Kingambit\n|\n|-weather|SunnyDay|[upkeep]\n|upkeep\n|\n|t:|1776262494\n|switch|p2b: Aerodactyl|Aerodactyl, L50, M|100/100\n|-ability|p2b: Aerodactyl|Unnerve\n|turn|5\n|inactive|lulumanflex has 30 seconds left.\n|\n|t:|1776262524\n|switch|p2a: Incineroar|Incineroar, L50, F|51/100\n|-ability|p2a: Incineroar|Intimidate|boost\n|-unboost|p1a: parkour|atk|1\n|-unboost|p1b: Cheesebslls|atk|1\n|switch|p1a: MINE|Pelipper, L50, F|22/100\n|-weather|RainDance|[from] ability: Drizzle|[of] p1a: MINE\n|detailschange|p1b: Cheesebslls|Greninja-Mega, L50, F\n|-mega|p1b: Cheesebslls|Greninja|Greninjite\n|move|p1b: Cheesebslls|Weather Ball|p2a: Incineroar\n|-start|p1b: Cheesebslls|typechange|Water|[from] ability: Protean\n|-supereffective|p2a: Incineroar|1\n|-damage|p2a: Incineroar|0 fnt\n|faint|p2a: Incineroar\n|move|p2b: Aerodactyl|Tailwind|p2b: Aerodactyl\n|-sidestart|p2: lulumanflex|move: Tailwind\n|\n|-weather|RainDance|[upkeep]\n|upkeep\n|\n|t:|1776262540\n|switch|p2a: Charizard|Charizard-Mega-Y, L50, F|40/100\n|-weather|SunnyDay|[from] ability: Drought|[of] p2a: Charizard\n|turn|6\n|inactive|lulumanflex has 30 seconds left.\n|\n|t:|1776262565\n|switch|p1a: parkour|Archaludon, L50, F|100/100\n|move|p2b: Aerodactyl|Rock Slide|p1b: Cheesebslls|[spread] p1a,p1b\n|-resisted|p1a: parkour|1\n|-damage|p1a: parkour|93/100\n|-damage|p1b: Cheesebslls|64/100\n|-ability|p1a: parkour|Stamina|boost\n|-boost|p1a: parkour|def|1\n|move|p2a: Charizard|Scorching Sands|p1a: parkour\n|-supereffective|p1a: parkour|1\n|-damage|p1a: parkour|25/100\n|-ability|p1a: parkour|Stamina|boost\n|-boost|p1a: parkour|def|1\n|move|p1b: Cheesebslls|Icy Wind|p2a: Charizard|[spread] p2a,p2b\n|-supereffective|p2b: Aerodactyl|1\n|-damage|p2a: Charizard|25/100\n|-damage|p2b: Aerodactyl|54/100\n|-unboost|p2a: Charizard|spe|1\n|-unboost|p2b: Aerodactyl|spe|1\n|\n|-weather|SunnyDay|[upkeep]\n|-heal|p1a: parkour|31/100|[from] item: Leftovers\n|upkeep\n|turn|7\n|inactive|lulumanflex has 30 seconds left.\n|\n|t:|1776262594\n|switch|p1a: MINE|Pelipper, L50, F|22/100\n|-weather|RainDance|[from] ability: Drizzle|[of] p1a: MINE\n|move|p2b: Aerodactyl|Rock Slide|p1b: Cheesebslls|[spread] p1a,p1b\n|-supereffective|p1a: MINE|1\n|-damage|p1a: MINE|0 fnt\n|-damage|p1b: Cheesebslls|27/100\n|faint|p1a: MINE\n|move|p1b: Cheesebslls|Weather Ball|p2a: Charizard\n|-supereffective|p2a: Charizard|1\n|-damage|p2a: Charizard|0 fnt\n|faint|p2a: Charizard\n|\n|-weather|RainDance|[upkeep]\n|upkeep\n|\n|t:|1776262604\n|switch|p1a: parkour|Archaludon, L50, F|31/100\n|turn|8\n|\n|t:|1776262632\n|move|p1b: Cheesebslls|Protect|p1b: Cheesebslls\n|-singleturn|p1b: Cheesebslls|Protect\n|move|p2b: Aerodactyl|Rock Slide|p1a: parkour|[spread] p1a\n|-activate|p1b: Cheesebslls|move: Protect\n|-resisted|p1a: parkour|1\n|-damage|p1a: parkour|23/100\n|-ability|p1a: parkour|Stamina|boost\n|-boost|p1a: parkour|def|1\n|move|p1a: parkour|Electro Shot||[still]\n|-prepare|p1a: parkour|Electro Shot\n|-boost|p1a: parkour|spa|1\n|-anim|p1a: parkour|Electro Shot|p2b: Aerodactyl\n|-supereffective|p2b: Aerodactyl|1\n|-damage|p2b: Aerodactyl|0 fnt\n|faint|p2b: Aerodactyl\n|\n|win|coastline2687\n|raw|coastline2687's rating: 1043 &rarr; <strong>1086</strong><br />(+43 for winning)\n|raw|lulumanflex's rating: 1142 &rarr; <strong>1110</strong><br />(-32 for losing)\n|l|\u2606lulumanflex\n|player|p2|\n",
  "uploadtime": 1776262648,
  "views": 32,
  "formatid": "gen9championsvgc2026regma",
  "rating": 1086,
  "private": 0,
  "password": null
}