{
  "id": "gen9championsvgc2026regma-2583769249",
  "format": "[Gen 9 Champions] VGC 2026 Reg M-A",
  "players": [
    "Goosewithnoeggs",
    "CleanCompetition"
  ],
  "log": "|j|\u2606Goosewithnoeggs\n|j|\u2606CleanCompetition\n|t:|1776196462\n|gametype|doubles\n|player|p1|Goosewithnoeggs|skyla|1075\n|player|p2|CleanCompetition|266|1000\n|gen|9\n|tier|[Gen 9 Champions] VGC 2026 Reg M-A\n|rated|\n|rule|Species Clause: Limit one of each Pok\u00e9mon\n|rule|Item Clause: Limit 1 of each item\n|clearpoke\n|poke|p1|Pelipper, L50, M|\n|poke|p1|Archaludon, L50, F|\n|poke|p1|Basculegion, L50, M|\n|poke|p1|Dragonite, L50, F|\n|poke|p1|Politoed, L50, F|\n|poke|p1|Milotic, L50, M|\n|poke|p2|Audino, L50, M|\n|poke|p2|Basculegion, L50, M|\n|poke|p2|Wyrdeer, L50, F|\n|poke|p2|Krookodile, L50, F|\n|poke|p2|Bellibolt, L50, M|\n|poke|p2|Dragonite, L50, F|\n|teampreview|4\n|inactive|Battle timer is ON: inactive players will automatically lose when time's up. (requested by Goosewithnoeggs)\n|c|\u2606CleanCompetition|Gl hf!\n|c|\u2606Goosewithnoeggs|Glhf\n|inactive|CleanCompetition has 60 seconds left.\n|\n|t:|1776196516\n|teamsize|p1|4\n|teamsize|p2|4\n|start\n|switch|p1a: Triton|Basculegion, L50, M|100/100\n|switch|p1b: Thetis|Dragonite, L50, F, shiny|100/100\n|switch|p2a: 7!ability|Krookodile, L50, F, shiny|100/100\n|switch|p2b: o7 deer|Wyrdeer, L50, F, shiny|100/100\n|-ability|p2a: 7!ability|Intimidate|boost\n|-unboost|p1a: Triton|atk|1\n|-unboost|p1b: Thetis|atk|1\n|turn|1\n|inactive|CleanCompetition has 30 seconds left.\n|\n|t:|1776196542\n|switch|p2b: Alberto|Bellibolt, L50, M, shiny|100/100\n|detailschange|p1b: Thetis|Dragonite-Mega, L50, F, shiny\n|-mega|p1b: Thetis|Dragonite|Dragoninite\n|move|p1a: Triton|Flip Turn|p2a: 7!ability\n|-supereffective|p2a: 7!ability|1\n|-damage|p2a: 7!ability|48/100\n|\n|t:|1776196550\n|switch|p1a: Poseidon|Pelipper, L50, M, shiny|100/100|[from] Flip Turn\n|-weather|RainDance|[from] ability: Drizzle|[of] p1a: Poseidon\n|move|p1b: Thetis|Thunder|p2b: Alberto\n|-resisted|p2b: Alberto|1\n|-damage|p2b: Alberto|81/100\n|-start|p2b: Alberto|Charge|Thunder|[from] ability: Electromorphosis\n|move|p2a: 7!ability|Stealth Rock|p1b: Thetis\n|-sidestart|p1: Goosewithnoeggs|move: Stealth Rock\n|\n|-weather|RainDance|[upkeep]\n|upkeep\n|turn|2\n|\n|t:|1776196567\n|move|p1b: Thetis|Draco Meteor|p2b: Alberto|[miss]\n|-miss|p1b: Thetis|p2b: Alberto\n|move|p1a: Poseidon|Weather Ball|p2a: 7!ability\n|-supereffective|p2a: 7!ability|1\n|-damage|p2a: 7!ability|0 fnt\n|faint|p2a: 7!ability\n|move|p2b: Alberto|Parabolic Charge|p1b: Thetis|[spread] p1a,p1b\n|-supereffective|p1a: Poseidon|2\n|-crit|p1b: Thetis\n|-enditem|p1a: Poseidon|Focus Sash\n|-damage|p1a: Poseidon|1/100\n|-heal|p2b: Alberto|100/100|[from] drain|[of] p1a: Poseidon\n|-damage|p1b: Thetis|75/100\n|-end|p2b: Alberto|Charge|[silent]\n|\n|-weather|RainDance|[upkeep]\n|upkeep\n|\n|t:|1776196586\n|switch|p2a: Midnight Merlin|Audino, L50, M, shiny|100/100\n|turn|3\n|inactive|CleanCompetition has 30 seconds left.\n|inactive|CleanCompetition has 20 seconds left.\n|inactive|CleanCompetition has 15 seconds left.\n|inactive|CleanCompetition has 10 seconds left.\n|inactive|CleanCompetition has 5 seconds left.\n|\n|t:|1776196642\n|move|p1b: Thetis|Draco Meteor|p2b: Alberto\n|-damage|p2b: Alberto|28/100\n|-unboost|p1b: Thetis|spa|2\n|-start|p2b: Alberto|Charge|Draco Meteor|[from] ability: Electromorphosis\n|move|p1a: Poseidon|Tailwind|p1a: Poseidon\n|-sidestart|p1: Goosewithnoeggs|move: Tailwind\n|move|p2b: Alberto|Parabolic Charge|p1b: Thetis|[spread] p2a,p1a,p1b\n|-supereffective|p1a: Poseidon|2\n|-damage|p2a: Midnight Merlin|74/100\n|-heal|p2b: Alberto|41/100|[from] drain|[of] p2a: Midnight Merlin\n|-damage|p1a: Poseidon|0 fnt\n|-heal|p2b: Alberto|41/100|[from] drain|[of] p1a: Poseidon\n|-damage|p1b: Thetis|41/100\n|-heal|p2b: Alberto|55/100|[from] drain|[of] p1b: Thetis\n|faint|p1a: Poseidon\n|-end|p2b: Alberto|Charge|[silent]\n|move|p2a: Midnight Merlin|Encore|p1b: Thetis\n|-start|p1b: Thetis|Encore\n|\n|-weather|RainDance|[upkeep]\n|upkeep\n|\n|t:|1776196652\n|switch|p1a: Triton|Basculegion, L50, M|100/100\n|-damage|p1a: Triton|88/100|[from] Stealth Rock\n|turn|4\n|inactive|CleanCompetition has 30 seconds left.\n|\n|t:|1776196680\n|switch|p1b: Galatea|Archaludon, L50, F, shiny|100/100\n|-damage|p1b: Galatea|95/100|[from] Stealth Rock\n|detailschange|p2a: Midnight Merlin|Audino-Mega, L50, M, shiny\n|-mega|p2a: Midnight Merlin|Audino|Audinite\n|move|p2a: Midnight Merlin|Ally Switch|p2a: Midnight Merlin\n|swap|p2a: Midnight Merlin|1|[from] move: Ally Switch\n|move|p1a: Triton|Last Respects|p2b: Midnight Merlin\n|-immune|p2b: Midnight Merlin\n|move|p2a: Alberto|Parabolic Charge|p1b: Galatea|[spread] p2b,p1a,p1b\n|-supereffective|p1a: Triton|1\n|-resisted|p1b: Galatea|1\n|-damage|p2b: Midnight Merlin|62/100\n|-heal|p2a: Alberto|60/100|[from] drain|[of] p2b: Midnight Merlin\n|-damage|p1a: Triton|43/100\n|-heal|p2a: Alberto|81/100|[from] drain|[of] p1a: Triton\n|-damage|p1b: Galatea|79/100\n|-heal|p2a: Alberto|87/100|[from] drain|[of] p1b: Galatea\n|-ability|p1b: Galatea|Stamina|boost\n|-boost|p1b: Galatea|def|1\n|\n|-weather|RainDance|[upkeep]\n|-heal|p1b: Galatea|85/100|[from] item: Leftovers\n|upkeep\n|turn|5\n|inactive|CleanCompetition has 30 seconds left.\n|inactive|CleanCompetition has 20 seconds left.\n|inactive|CleanCompetition has 15 seconds left.\n|\n|t:|1776196721\n|move|p2b: Midnight Merlin|Ally Switch|p2b: Midnight Merlin\n|swap|p2b: Midnight Merlin|0|[from] move: Ally Switch\n|move|p1a: Triton|Last Respects|p2a: Midnight Merlin\n|-immune|p2a: Midnight Merlin\n|move|p1b: Galatea|Flash Cannon|p2b: Alberto\n|-resisted|p2b: Alberto|1\n|-damage|p2b: Alberto|67/100\n|-start|p2b: Alberto|Charge|Flash Cannon|[from] ability: Electromorphosis\n|move|p2b: Alberto|Parabolic Charge|p1b: Galatea|[spread] p2a,p1a,p1b\n|-supereffective|p1a: Triton|1\n|-resisted|p1b: Galatea|1\n|-crit|p1b: Galatea\n|-damage|p2a: Midnight Merlin|42/100\n|-heal|p2b: Alberto|77/100|[from] drain|[of] p2a: Midnight Merlin\n|-damage|p1a: Triton|0 fnt\n|-heal|p2b: Alberto|97/100|[from] drain|[of] p1a: Triton\n|-damage|p1b: Galatea|42/100\n|-heal|p2b: Alberto|100/100|[from] drain|[of] p1b: Galatea\n|-ability|p1b: Galatea|Stamina|boost\n|-boost|p1b: Galatea|def|1\n|faint|p1a: Triton\n|-end|p2b: Alberto|Charge|[silent]\n|\n|-weather|none\n|-heal|p1b: Galatea|48/100|[from] item: Leftovers\n|upkeep\n|\n|t:|1776196726\n|switch|p1a: Thetis|Dragonite-Mega, L50, F, shiny|41/100\n|-damage|p1a: Thetis|16/100|[from] Stealth Rock\n|turn|6\n|c|\u2606Goosewithnoeggs|You can use ally switch back to back again?\n|inactive|Goosewithnoeggs has 30 seconds left.\n|inactive|CleanCompetition has 30 seconds left.\n|\n|t:|1776196761\n|move|p1a: Thetis|Draco Meteor|p2b: Alberto|[miss]\n|-miss|p1a: Thetis|p2b: Alberto\n|move|p1b: Galatea|Flash Cannon|p2a: Midnight Merlin\n|-supereffective|p2a: Midnight Merlin|1\n|-damage|p2a: Midnight Merlin|0 fnt\n|faint|p2a: Midnight Merlin\n|move|p2b: Alberto|Volt Switch|p1a: Thetis\n|-damage|p1a: Thetis|0 fnt\n|faint|p1a: Thetis\n|c|\u2606CleanCompetition|Yes, however, it's a coinflip.\n|\n|t:|1776196770\n|switch|p2b: o7 deer|Wyrdeer, L50, F, shiny|100/100|[from] Volt Switch\n|\n|-heal|p1b: Galatea|54/100|[from] item: Leftovers\n|-sideend|p1: Goosewithnoeggs|move: Tailwind\n|upkeep\n|\n|t:|1776196772\n|switch|p2a: Alberto|Bellibolt, L50, M, shiny|100/100\n|turn|7\n|\n|t:|1776196786\n|move|p1b: Galatea|Protect|p1b: Galatea\n|-singleturn|p1b: Galatea|Protect\n|move|p2b: o7 deer|Calm Mind|p2b: o7 deer\n|-boost|p2b: o7 deer|spa|1\n|-boost|p2b: o7 deer|spd|1\n|move|p2a: Alberto|Volt Switch|p1b: Galatea\n|-activate|p1b: Galatea|move: Protect\n|\n|-heal|p1b: Galatea|60/100|[from] item: Leftovers\n|upkeep\n|turn|8\n|\n|t:|1776196807\n|move|p1b: Galatea|Electro Shot||[still]\n|-prepare|p1b: Galatea|Electro Shot\n|-boost|p1b: Galatea|spa|1\n|move|p2b: o7 deer|Calm Mind|p2b: o7 deer\n|-boost|p2b: o7 deer|spa|1\n|-boost|p2b: o7 deer|spd|1\n|move|p2a: Alberto|Toxic|p1b: Galatea|[miss]\n|-miss|p2a: Alberto|p1b: Galatea\n|\n|-heal|p1b: Galatea|66/100|[from] item: Leftovers\n|upkeep\n|turn|9\n|\n|t:|1776196824\n|move|p1b: Galatea|Electro Shot|p2b: o7 deer|[from] lockedmove\n|-damage|p2b: o7 deer|66/100\n|move|p2b: o7 deer|Calm Mind|p2b: o7 deer\n|-boost|p2b: o7 deer|spa|1\n|-boost|p2b: o7 deer|spd|1\n|move|p2a: Alberto|Volt Switch|p1b: Galatea\n|-resisted|p1b: Galatea|1\n|-damage|p1b: Galatea|45/100\n|-ability|p1b: Galatea|Stamina|boost\n|-boost|p1b: Galatea|def|1\n|\n|-heal|p1b: Galatea|51/100|[from] item: Leftovers\n|-heal|p2b: o7 deer|72/100|[from] item: Leftovers\n|upkeep\n|turn|10\n|\n|t:|1776196839\n|move|p1b: Galatea|Draco Meteor|p2b: o7 deer\n|-damage|p2b: o7 deer|30/100\n|-unboost|p1b: Galatea|spa|2\n|move|p2b: o7 deer|Calm Mind|p2b: o7 deer\n|-boost|p2b: o7 deer|spa|1\n|-boost|p2b: o7 deer|spd|1\n|move|p2a: Alberto|Toxic|p1b: Galatea\n|-immune|p1b: Galatea\n|\n|-heal|p1b: Galatea|57/100|[from] item: Leftovers\n|-heal|p2b: o7 deer|36/100|[from] item: Leftovers\n|upkeep\n|turn|11\n|\n|t:|1776196851\n|move|p1b: Galatea|Draco Meteor|p2b: o7 deer\n|-damage|p2b: o7 deer|19/100\n|-unboost|p1b: Galatea|spa|2\n|move|p2b: o7 deer|Stored Power|p1b: Galatea\n|-resisted|p1b: Galatea|1\n|-damage|p1b: Galatea|0 fnt\n|faint|p1b: Galatea\n|\n|win|CleanCompetition\n|raw|Goosewithnoeggs's rating: 1075 &rarr; <strong>1049</strong><br />(-26 for losing)\n|raw|CleanCompetition's rating: 1000 &rarr; <strong>1049</strong><br />(+49 for winning)\n|l|\u2606Goosewithnoeggs\n|player|p1|\n",
  "uploadtime": 1776196863,
  "views": 16,
  "formatid": "gen9championsvgc2026regma",
  "rating": 1049,
  "private": 0,
  "password": null
}