{
  "id": "gen9championsvgc2026regma-2587424584",
  "format": "[Gen 9 Champions] VGC 2026 Reg M-A",
  "players": [
    "discomi",
    "testy accounty 2"
  ],
  "log": "|j|\u2606discomi\n|j|\u2606testy accounty 2\n|t:|1776530674\n|gametype|doubles\n|player|p1|discomi|101|1466\n|player|p2|testy accounty 2|170|1557\n|gen|9\n|tier|[Gen 9 Champions] VGC 2026 Reg M-A\n|rated|\n|rule|Species Clause: Limit one of each Pok\u00e9mon\n|rule|Item Clause: Limit 1 of each item\n|clearpoke\n|poke|p1|Kangaskhan, L50, F|\n|poke|p1|Meganium, L50, F|\n|poke|p1|Aegislash, L50, M|\n|poke|p1|Garchomp, L50, M|\n|poke|p1|Aerodactyl, L50, F|\n|poke|p1|Kingambit, L50, F|\n|poke|p2|Gengar, L50, F, shiny|\n|poke|p2|Incineroar, L50, M|\n|poke|p2|Politoed, L50, M|\n|poke|p2|Archaludon, L50, F|\n|poke|p2|Basculegion, L50, M|\n|poke|p2|Kangaskhan, L50, F|\n|teampreview|4\n|j| maliciousdeez\n|\n|t:|1776530703\n|teamsize|p1|4\n|teamsize|p2|4\n|start\n|switch|p1a: Kingambit|Kingambit, L50, F|100/100\n|switch|p1b: Kangaskhan|Kangaskhan, L50, F|100/100\n|switch|p2a: Gengar|Gengar, L50, F, shiny|100/100\n|switch|p2b: Kangaskhan|Kangaskhan, L50, F|100/100\n|turn|1\n|\n|t:|1776530733\n|switch|p1a: Aerodactyl|Aerodactyl, L50, F|100/100\n|-ability|p1a: Aerodactyl|Unnerve\n|move|p2a: Gengar|Protect|p2a: Gengar\n|-singleturn|p2a: Gengar|Protect\n|move|p2b: Kangaskhan|Protect|p2b: Kangaskhan\n|-singleturn|p2b: Kangaskhan|Protect\n|move|p1b: Kangaskhan|Fake Out|p2a: Gengar\n|-activate|p2a: Gengar|move: Protect\n|\n|upkeep\n|turn|2\n|\n|t:|1776530759\n|switch|p2b: Ian|Incineroar, L50, M|100/100\n|-ability|p2b: Ian|Intimidate|boost\n|-unboost|p1a: Aerodactyl|atk|1\n|-fail|p1b: Kangaskhan|unboost|Attack|[from] ability: Scrappy|[of] p1b: Kangaskhan\n|detailschange|p1a: Aerodactyl|Aerodactyl-Mega, L50, F\n|-mega|p1a: Aerodactyl|Aerodactyl|Aerodactylite\n|detailschange|p2a: Gengar|Gengar-Mega, L50, F, shiny\n|-mega|p2a: Gengar|Gengar|Gengarite\n|move|p1a: Aerodactyl|Tailwind|p1a: Aerodactyl\n|-sidestart|p1: discomi|move: Tailwind\n|move|p1b: Kangaskhan|Last Resort|p2a: Gengar\n|-damage|p2a: Gengar|10/100\n|move|p2a: Gengar|Perish Song|p2a: Gengar\n|-start|p1a: Aerodactyl|perish3|[silent]\n|-start|p1b: Kangaskhan|perish3|[silent]\n|-start|p2a: Gengar|perish3|[silent]\n|-start|p2b: Ian|perish3|[silent]\n|-fieldactivate|move: Perish Song\n|\n|-start|p1a: Aerodactyl|perish3\n|-start|p1b: Kangaskhan|perish3\n|-start|p2a: Gengar|perish3\n|-start|p2b: Ian|perish3\n|upkeep\n|turn|3\n|\n|t:|1776530786\n|move|p2a: Gengar|Protect|p2a: Gengar\n|-singleturn|p2a: Gengar|Protect\n|move|p2b: Ian|Protect|p2b: Ian\n|-singleturn|p2b: Ian|Protect\n|move|p1a: Aerodactyl|Rock Slide|p2b: Ian|[spread] \n|-activate|p2a: Gengar|move: Protect\n|-activate|p2b: Ian|move: Protect\n|move|p1b: Kangaskhan|Last Resort|p2b: Ian\n|-activate|p2b: Ian|move: Protect\n|\n|-start|p1a: Aerodactyl|perish2\n|-start|p1b: Kangaskhan|perish2\n|-start|p2a: Gengar|perish2\n|-start|p2b: Ian|perish2\n|upkeep\n|turn|4\n|\n|t:|1776530811\n|switch|p2a: Rosey|Politoed, L50, M|100/100\n|-weather|RainDance|[from] ability: Drizzle|[of] p2a: Rosey\n|move|p1a: Aerodactyl|Rock Slide|p2b: Ian|[spread] p2a\n|-miss|p1a: Aerodactyl|p2b: Ian\n|-damage|p2a: Rosey|79/100\n|move|p1b: Kangaskhan|Last Resort|p2b: Ian\n|-damage|p2b: Ian|35/100\n|-enditem|p2b: Ian|Sitrus Berry|[eat]\n|-heal|p2b: Ian|59/100|[from] item: Sitrus Berry\n|move|p2b: Ian|Parting Shot|p1b: Kangaskhan\n|-unboost|p1b: Kangaskhan|atk|1\n|-unboost|p1b: Kangaskhan|spa|1\n|\n|t:|1776530826\n|switch|p2b: Gengar|Gengar-Mega, L50, F, shiny|10/100|[from] Parting Shot\n|\n|-weather|RainDance|[upkeep]\n|-heal|p2a: Rosey|85/100|[from] item: Leftovers\n|-start|p1a: Aerodactyl|perish1\n|-start|p1b: Kangaskhan|perish1\n|upkeep\n|turn|5\n|\n|t:|1776530837\n|switch|p2a: Ian|Incineroar, L50, M|59/100\n|-ability|p2a: Ian|Intimidate|boost\n|-unboost|p1a: Aerodactyl|atk|1\n|-fail|p1b: Kangaskhan|unboost|Attack|[from] ability: Scrappy|[of] p1b: Kangaskhan\n|move|p2b: Gengar|Protect|p2b: Gengar\n|-singleturn|p2b: Gengar|Protect\n|move|p1a: Aerodactyl|Rock Slide|p2a: Ian|[spread] p2a\n|-activate|p2b: Gengar|move: Protect\n|-supereffective|p2a: Ian|1\n|-damage|p2a: Ian|35/100\n|move|p1b: Kangaskhan|Last Resort|p2a: Ian\n|-damage|p2a: Ian|0 fnt\n|faint|p2a: Ian\n|\n|-weather|RainDance|[upkeep]\n|-start|p1a: Aerodactyl|perish0\n|-start|p1b: Kangaskhan|perish0\n|-sideend|p1: discomi|move: Tailwind\n|faint|p1a: Aerodactyl\n|faint|p1b: Kangaskhan\n|upkeep\n|\n|t:|1776530858\n|switch|p1a: Kingambit|Kingambit, L50, F|100/100\n|switch|p1b: Aegislash|Aegislash, L50, M|100/100\n|switch|p2a: Kangaskhan|Kangaskhan, L50, F|100/100\n|turn|6\n|\n|t:|1776530884\n|move|p2a: Kangaskhan|Fake Out|p1b: Aegislash\n|-resisted|p1b: Aegislash|1\n|-damage|p1b: Aegislash|92/100\n|move|p2b: Gengar|Perish Song|p2b: Gengar\n|-start|p1a: Kingambit|perish3|[silent]\n|-start|p1b: Aegislash|perish3|[silent]\n|-start|p2a: Kangaskhan|perish3|[silent]\n|-start|p2b: Gengar|perish3|[silent]\n|-fieldactivate|move: Perish Song\n|cant|p1b: Aegislash|flinch\n|move|p1a: Kingambit|Kowtow Cleave|p2b: Gengar\n|-supereffective|p2b: Gengar|1\n|-damage|p2b: Gengar|0 fnt\n|faint|p2b: Gengar\n|\n|-weather|RainDance|[upkeep]\n|-start|p2a: Kangaskhan|perish3\n|-start|p1b: Aegislash|perish3\n|-start|p1a: Kingambit|perish3\n|upkeep\n|\n|t:|1776530894\n|switch|p2b: Rosey|Politoed, L50, M|85/100\n|turn|7\n|\n|t:|1776530908\n|move|p2b: Rosey|Protect|p2b: Rosey\n|-singleturn|p2b: Rosey|Protect\n|move|p2a: Kangaskhan|Low Kick|p1a: Kingambit\n|-supereffective|p1a: Kingambit|2\n|-damage|p1a: Kingambit|17/100\n|-formechange|p1b: Aegislash|Aegislash-Blade|\n|move|p1b: Aegislash|Poltergeist|p2b: Rosey\n|-activate|p2b: Rosey|move: Protect\n|move|p1a: Kingambit|Swords Dance|p1a: Kingambit\n|-boost|p1a: Kingambit|atk|2\n|\n|-weather|RainDance|[upkeep]\n|-heal|p2b: Rosey|91/100|[from] item: Leftovers\n|-start|p2a: Kangaskhan|perish2\n|-start|p1b: Aegislash|perish2\n|-start|p1a: Kingambit|perish2\n|upkeep\n|turn|8\n|\n|t:|1776530942\n|move|p2b: Rosey|Protect||[still]\n|-fail|p2b: Rosey\n|move|p2a: Kangaskhan|Low Kick|p1a: Kingambit\n|-supereffective|p1a: Kingambit|2\n|-crit|p1a: Kingambit\n|-damage|p1a: Kingambit|0 fnt\n|faint|p1a: Kingambit\n|move|p1b: Aegislash|Poltergeist|p2b: Rosey\n|-activate|p2b: Rosey|move: Poltergeist|Leftovers\n|-damage|p2b: Rosey|18/100\n|\n|-weather|none\n|-heal|p2b: Rosey|24/100|[from] item: Leftovers\n|-start|p2a: Kangaskhan|perish1\n|-start|p1b: Aegislash|perish1\n|upkeep\n|turn|9\n|\n|t:|1776530962\n|move|p2a: Kangaskhan|Protect|p2a: Kangaskhan\n|-singleturn|p2a: Kangaskhan|Protect\n|move|p2b: Rosey|Protect|p2b: Rosey\n|-singleturn|p2b: Rosey|Protect\n|move|p1b: Aegislash|Close Combat|p2b: Rosey\n|-activate|p2b: Rosey|move: Protect\n|\n|-heal|p2b: Rosey|30/100|[from] item: Leftovers\n|-start|p2a: Kangaskhan|perish0\n|-start|p1b: Aegislash|perish0\n|faint|p2a: Kangaskhan\n|faint|p1b: Aegislash\n|\n|win|testy accounty 2\n|raw|discomi's rating: 1466 &rarr; <strong>1451</strong><br />(-15 for losing)\n|raw|testy accounty 2's rating: 1557 &rarr; <strong>1572</strong><br />(+15 for winning)\n",
  "uploadtime": 1776530975,
  "views": 32,
  "formatid": "gen9championsvgc2026regma",
  "rating": 1451,
  "private": 0,
  "password": null
}