{
  "id": "gen9championsvgc2026regma-2588728427",
  "format": "[Gen 9 Champions] VGC 2026 Reg M-A",
  "players": [
    "SilphGambleR",
    "cammellio"
  ],
  "log": "|j|\u2606SilphGambleR\n|j|\u2606cammellio\n|t:|1776662842\n|gametype|doubles\n|player|p1|SilphGambleR|101|1054\n|player|p2|cammellio|170|1078\n|gen|9\n|tier|[Gen 9 Champions] VGC 2026 Reg M-A\n|rated|\n|rule|Species Clause: Limit one of each Pok\u00e9mon\n|rule|Item Clause: Limit 1 of each item\n|clearpoke\n|poke|p1|Goodra, L50, M|\n|poke|p1|Talonflame, L50, M|\n|poke|p1|Archaludon, L50, M|\n|poke|p1|Rotom-Wash, L50|\n|poke|p1|Meganium, L50, F|\n|poke|p1|Garchomp, L50, M|\n|poke|p2|Trevenant, L50, F|\n|poke|p2|Runerigus, L50, F, shiny|\n|poke|p2|Basculegion, L50, M|\n|poke|p2|Sableye, L50, F, shiny|\n|poke|p2|Chandelure, L50, F|\n|poke|p2|Aegislash, L50, F|\n|teampreview|4\n|inactive|Battle timer is ON: inactive players will automatically lose when time's up. (requested by cammellio)\n|inactive|cammellio has 60 seconds left.\n|\n|t:|1776662885\n|teamsize|p1|4\n|teamsize|p2|4\n|start\n|switch|p1a: Goodra|Goodra, L50, M|100/100\n|switch|p1b: Meganium|Meganium, L50, F|100/100\n|switch|p2a: Sableye|Sableye, L50, F, shiny|100/100\n|switch|p2b: Runerigus|Runerigus, L50, F, shiny|100/100\n|turn|1\n|\n|t:|1776662902\n|detailschange|p1b: Meganium|Meganium-Mega, L50, F\n|-mega|p1b: Meganium|Meganium|Meganiumite\n|move|p2a: Sableye|Fake Out|p1b: Meganium\n|-damage|p1b: Meganium|93/100\n|cant|p1b: Meganium|flinch\n|move|p1a: Goodra|Draco Meteor|p2a: Sableye\n|-damage|p2a: Sableye|23/100\n|-unboost|p1a: Goodra|spa|2\n|move|p2b: Runerigus|Trick Room|p2b: Runerigus\n|-fieldstart|move: Trick Room|[of] p2b: Runerigus\n|\n|upkeep\n|turn|2\n|\n|t:|1776662920\n|switch|p2b: Chandelure|Chandelure, L50, F|100/100\n|switch|p1a: Archaludon|Archaludon, L50, M|100/100\n|move|p2a: Sableye|Recover|p2a: Sableye\n|-heal|p2a: Sableye|74/100\n|move|p1b: Meganium|Solar Beam||[still]\n|-prepare|p1b: Meganium|Solar Beam\n|-activate|p1b: Meganium|ability: Mega Sol\n|-anim|p1b: Meganium|Solar Beam|p2b: Chandelure\n|-resisted|p2b: Chandelure|1\n|-damage|p2b: Chandelure|62/100\n|\n|upkeep\n|turn|3\n|inactive|cammellio has 30 seconds left.\n|\n|t:|1776662954\n|switch|p1b: Goodra|Goodra, L50, M|100/100\n|detailschange|p2b: Chandelure|Chandelure-Mega, L50, F\n|-mega|p2b: Chandelure|Chandelure|Chandelurite\n|move|p2a: Sableye|Will-O-Wisp|p1a: Archaludon\n|-status|p1a: Archaludon|brn\n|move|p2b: Chandelure|Heat Wave|p1a: Archaludon|[spread] p1a,p1b\n|-resisted|p1b: Goodra|1\n|-damage|p1a: Archaludon|33/100 brn\n|-damage|p1b: Goodra|86/100\n|-ability|p1a: Archaludon|Stamina|boost\n|-boost|p1a: Archaludon|def|1\n|move|p1a: Archaludon|Dark Pulse|p2b: Chandelure\n|-supereffective|p2b: Chandelure|1\n|-damage|p2b: Chandelure|6/100\n|\n|-damage|p1a: Archaludon|27/100 brn|[from] brn\n|upkeep\n|turn|4\n|inactive|cammellio has 30 seconds left.\n|\n|t:|1776662989\n|move|p2b: Chandelure|Protect|p2b: Chandelure\n|-singleturn|p2b: Chandelure|Protect\n|move|p2a: Sableye|Will-O-Wisp|p1b: Goodra\n|-status|p1b: Goodra|brn\n|move|p1b: Goodra|Thunderbolt|p2b: Chandelure\n|-activate|p2b: Chandelure|move: Protect\n|move|p1a: Archaludon|Dark Pulse|p2b: Chandelure\n|-activate|p2b: Chandelure|move: Protect\n|\n|-damage|p1b: Goodra|80/100 brn|[from] brn\n|-damage|p1a: Archaludon|21/100 brn|[from] brn\n|upkeep\n|turn|5\n|\n|t:|1776663013\n|move|p2a: Sableye|Recover|p2a: Sableye\n|-heal|p2a: Sableye|100/100\n|move|p2b: Chandelure|Hex|p1b: Goodra\n|-damage|p1b: Goodra|21/100 brn\n|move|p1b: Goodra|Thunderbolt|p2b: Chandelure\n|-damage|p2b: Chandelure|0 fnt\n|faint|p2b: Chandelure\n|move|p1a: Archaludon|Dragon Pulse|p2a: Sableye\n|-crit|p2a: Sableye\n|-damage|p2a: Sableye|11/100\n|\n|-damage|p1b: Goodra|15/100 brn|[from] brn\n|-damage|p1a: Archaludon|15/100 brn|[from] brn\n|-fieldend|move: Trick Room\n|upkeep\n|\n|t:|1776663029\n|switch|p2b: Runerigus|Runerigus, L50, F, shiny|100/100\n|turn|6\n|\n|t:|1776663040\n|move|p2a: Sableye|Recover|p2a: Sableye\n|-heal|p2a: Sableye|61/100\n|move|p1a: Archaludon|Dragon Pulse|p2a: Sableye\n|-damage|p2a: Sableye|1/100\n|move|p1b: Goodra|Draco Meteor|p2b: Runerigus\n|-damage|p2b: Runerigus|27/100\n|-unboost|p1b: Goodra|spa|2\n|move|p2b: Runerigus|Body Press|p1a: Archaludon\n|-supereffective|p1a: Archaludon|1\n|-enditem|p1a: Archaludon|Chople Berry|[eat]\n|-enditem|p1a: Archaludon|Chople Berry|[weaken]\n|-damage|p1a: Archaludon|0 fnt\n|faint|p1a: Archaludon\n|\n|-damage|p1b: Goodra|9/100 brn|[from] brn\n|upkeep\n|\n|t:|1776663051\n|switch|p1a: Garchomp|Garchomp, L50, M|100/100\n|turn|7\n|\n|t:|1776663071\n|move|p2b: Runerigus|Protect|p2b: Runerigus\n|-singleturn|p2b: Runerigus|Protect\n|move|p2a: Sableye|Recover|p2a: Sableye\n|-heal|p2a: Sableye|51/100\n|move|p1a: Garchomp|Earthquake|p2b: Runerigus|[spread] p1b,p2a\n|-activate|p2b: Runerigus|move: Protect\n|-damage|p1b: Goodra|0 fnt\n|-damage|p2a: Sableye|1/100\n|faint|p1b: Goodra\n|\n|upkeep\n|\n|t:|1776663074\n|switch|p1b: Meganium|Meganium-Mega, L50, F|93/100\n|turn|8\n|\n|t:|1776663089\n|move|p2a: Sableye|Will-O-Wisp|p1a: Garchomp\n|-status|p1a: Garchomp|brn\n|move|p1a: Garchomp|Dragon Claw|p2b: Runerigus\n|-damage|p2b: Runerigus|14/100\n|-activate|p1a: Garchomp|Skill Swap|Wandering Spirit|Rough Skin|[of] p2b: Runerigus\n|move|p1b: Meganium|Solar Beam||[still]\n|-prepare|p1b: Meganium|Solar Beam\n|-activate|p1b: Meganium|ability: Mega Sol\n|-anim|p1b: Meganium|Solar Beam|p2a: Sableye\n|-damage|p2a: Sableye|0 fnt\n|faint|p2a: Sableye\n|move|p2b: Runerigus|Poltergeist|p1b: Meganium\n|-activate|p1b: Meganium|move: Poltergeist|Meganiumite\n|-damage|p1b: Meganium|55/100\n|\n|-damage|p1a: Garchomp|95/100 brn|[from] brn\n|upkeep\n|\n|t:|1776663109\n|switch|p2a: Basculegion|Basculegion, L50, M|100/100\n|turn|9\n|\n|t:|1776663125\n|move|p2a: Basculegion|Last Respects|p1b: Meganium\n|-damage|p1b: Meganium|0 fnt\n|faint|p1b: Meganium\n|move|p1a: Garchomp|Dragon Claw|p2b: Runerigus\n|-damage|p2b: Runerigus|2/100\n|-damage|p1a: Garchomp|82/100 brn|[from] ability: Rough Skin|[of] p2b: Runerigus\n|move|p2b: Runerigus|Poltergeist|p1a: Garchomp\n|-activate|p1a: Garchomp|move: Poltergeist|Mental Herb\n|-damage|p1a: Garchomp|44/100 brn\n|\n|-damage|p1a: Garchomp|38/100 brn|[from] brn\n|upkeep\n|turn|10\n|\n|t:|1776663143\n|move|p2b: Runerigus|Protect|p2b: Runerigus\n|-singleturn|p2b: Runerigus|Protect\n|move|p2a: Basculegion|Last Respects|p1a: Garchomp\n|-damage|p1a: Garchomp|0 fnt\n|faint|p1a: Garchomp\n|\n|win|cammellio\n|raw|SilphGambleR's rating: 1054 &rarr; <strong>1037</strong><br />(-17 for losing)\n|raw|cammellio's rating: 1078 &rarr; <strong>1104</strong><br />(+26 for winning)\n|l|\u2606SilphGambleR\n|player|p1|\n|c|\u2606cammellio|Gg\n",
  "uploadtime": 1776663159,
  "views": 18,
  "formatid": "gen9championsvgc2026regma",
  "rating": 1037,
  "private": 0,
  "password": null
}