{
  "id": "gen9championsvgc2026regma-2586325905",
  "format": "[Gen 9 Champions] VGC 2026 Reg M-A",
  "players": [
    "cj_g1997",
    "rxxnx"
  ],
  "log": "|j|\u2606cj_g1997\n|j|\u2606rxxnx\n|t:|1776425510\n|gametype|doubles\n|player|p1|cj_g1997|steven|1051\n|player|p2|rxxnx|266|1040\n|gen|9\n|tier|[Gen 9 Champions] VGC 2026 Reg M-A\n|rated|\n|rule|Species Clause: Limit one of each Pok\u00e9mon\n|rule|Item Clause: Limit 1 of each item\n|clearpoke\n|poke|p1|Pelipper, L50, M|\n|poke|p1|Archaludon, L50, M|\n|poke|p1|Sinistcha, L50|\n|poke|p1|Starmie, L50|\n|poke|p1|Maushold, L50|\n|poke|p1|Raichu, L50, F|\n|poke|p2|Crabominable, L50, M|\n|poke|p2|Aegislash, L50, F|\n|poke|p2|Slowking, L50, F|\n|poke|p2|Incineroar, L50, F|\n|poke|p2|Ninetales-Alola, L50, F|\n|poke|p2|Maushold, L50|\n|teampreview|4\n|inactive|Battle timer is ON: inactive players will automatically lose when time's up. (requested by rxxnx)\nrxxnx has agreed to open team sheets.\n|inactive|cj_g1997 has 60 seconds left.\n|inactive|rxxnx has 60 seconds left.\n|\n|t:|1776425566\n|teamsize|p1|4\n|teamsize|p2|4\n|start\n|switch|p1a: Maushold|Maushold, L50|100/100\n|switch|p1b: Archaludon|Archaludon, L50, M|100/100\n|switch|p2a: Ninetales|Ninetales-Alola, L50, F, shiny|100/100\n|switch|p2b: Crabominable|Crabominable, L50, M|100/100\n|-weather|Snowscape|[from] ability: Snow Warning|[of] p2a: Ninetales\n|turn|1\n|\n|t:|1776425588\n|detailschange|p2b: Crabominable|Crabominable-Mega, L50, M\n|-mega|p2b: Crabominable|Crabominable|Crabominite\n|move|p1a: Maushold|Beat Up|p1b: Archaludon\n|-damage|p1b: Archaludon|99/100\n|-ability|p1b: Archaludon|Stamina|boost\n|-boost|p1b: Archaludon|def|1\n|-damage|p1b: Archaludon|98/100\n|-ability|p1b: Archaludon|Stamina|boost\n|-boost|p1b: Archaludon|def|1\n|-damage|p1b: Archaludon|97/100\n|-ability|p1b: Archaludon|Stamina|boost\n|-boost|p1b: Archaludon|def|1\n|-damage|p1b: Archaludon|97/100\n|-ability|p1b: Archaludon|Stamina|boost\n|-boost|p1b: Archaludon|def|1\n|-hitcount|p1b: Archaludon|4\n|move|p2a: Ninetales|Aurora Veil|p2a: Ninetales\n|-sidestart|p2: rxxnx|move: Aurora Veil\n|move|p1b: Archaludon|Flash Cannon|p2a: Ninetales\n|-supereffective|p2a: Ninetales|2\n|-enditem|p2a: Ninetales|Focus Sash\n|-damage|p2a: Ninetales|1/100\n|move|p2b: Crabominable|Bulk Up|p2b: Crabominable\n|-boost|p2b: Crabominable|atk|1\n|-boost|p2b: Crabominable|def|1\n|\n|-weather|Snowscape|[upkeep]\n|-heal|p1b: Archaludon|100/100|[from] item: Leftovers\n|upkeep\n|turn|2\n|inactive|cj_g1997 has 30 seconds left.\n|inactive|rxxnx has 30 seconds left.\n|\n|t:|1776425622\n|switch|p1a: Pelipper|Pelipper, L50, M|100/100\n|-weather|RainDance|[from] ability: Drizzle|[of] p1a: Pelipper\n|move|p2a: Ninetales|Dazzling Gleam|p1a: Pelipper|[spread] p1a,p1b\n|-damage|p1a: Pelipper|67/100\n|-damage|p1b: Archaludon|76/100\n|-ability|p1b: Archaludon|Stamina|boost\n|-boost|p1b: Archaludon|def|1\n|move|p1b: Archaludon|Electro Shot||[still]\n|-prepare|p1b: Archaludon|Electro Shot\n|-boost|p1b: Archaludon|spa|1\n|-anim|p1b: Archaludon|Electro Shot|p2b: Crabominable\n|-damage|p2b: Crabominable|72/100\n|move|p2b: Crabominable|Drain Punch|p1b: Archaludon\n|-supereffective|p1b: Archaludon|1\n|-damage|p1b: Archaludon|33/100\n|-heal|p2b: Crabominable|90/100|[from] drain|[of] p1b: Archaludon\n|-ability|p1b: Archaludon|Stamina|boost\n|-boost|p1b: Archaludon|def|1\n|\n|-weather|RainDance|[upkeep]\n|-heal|p1b: Archaludon|39/100|[from] item: Leftovers\n|upkeep\n|turn|3\n|inactive|cj_g1997 has 30 seconds left.\n|inactive|rxxnx has 30 seconds left.\n|inactive|rxxnx has 20 seconds left.\n|inactive|rxxnx has 15 seconds left.\n|inactive|rxxnx has 10 seconds left.\n|\n|t:|1776425671\n|move|p1b: Archaludon|Protect|p1b: Archaludon\n|-singleturn|p1b: Archaludon|Protect\n|move|p2a: Ninetales|Dazzling Gleam|p1b: Archaludon|[spread] p1a\n|-activate|p1b: Archaludon|move: Protect\n|-damage|p1a: Pelipper|33/100\n|move|p1a: Pelipper|Hurricane|p2b: Crabominable\n|-supereffective|p2b: Crabominable|1\n|-damage|p2b: Crabominable|48/100\n|move|p2b: Crabominable|Drain Punch|p1b: Archaludon\n|-activate|p1b: Archaludon|move: Protect\n|\n|-weather|RainDance|[upkeep]\n|-heal|p1b: Archaludon|45/100|[from] item: Leftovers\n|upkeep\n|turn|4\n|inactive|rxxnx has 30 seconds left.\n|\n|t:|1776425702\n|move|p2a: Ninetales|Dazzling Gleam|p1a: Pelipper|[spread] p1a,p1b\n|-damage|p1a: Pelipper|0 fnt\n|-damage|p1b: Archaludon|20/100\n|faint|p1a: Pelipper\n|move|p1b: Archaludon|Flash Cannon|p2a: Ninetales\n|-supereffective|p2a: Ninetales|2\n|-damage|p2a: Ninetales|0 fnt\n|faint|p2a: Ninetales\n|move|p2b: Crabominable|Ice Hammer|p1b: Archaludon\n|-damage|p1b: Archaludon|0 fnt\n|-unboost|p2b: Crabominable|spe|1\n|faint|p1b: Archaludon\n|\n|-weather|RainDance|[upkeep]\n|upkeep\n|\n|t:|1776425719\n|switch|p2a: Incineroar|Incineroar, L50, F, shiny|100/100\n|switch|p1a: Maushold|Maushold, L50|100/100\n|switch|p1b: Starmie|Starmie, L50|100/100\n|-ability|p2a: Incineroar|Intimidate|boost\n|-unboost|p1a: Maushold|atk|1\n|-unboost|p1b: Starmie|atk|1\n|turn|5\n|inactive|cj_g1997 has 30 seconds left.\n|inactive|cj_g1997 has 20 seconds left.\n|\n|t:|1776425756\n|detailschange|p1b: Starmie|Starmie-Mega, L50\n|-mega|p1b: Starmie|Starmie|Starminite\n|move|p1a: Maushold|Protect|p1a: Maushold\n|-singleturn|p1a: Maushold|Protect\n|move|p2a: Incineroar|Fake Out|p1b: Starmie\n|-damage|p1b: Starmie|90/100\n|cant|p1b: Starmie|flinch\n|move|p2b: Crabominable|Bulk Up|p2b: Crabominable\n|-boost|p2b: Crabominable|atk|1\n|-boost|p2b: Crabominable|def|1\n|\n|-weather|RainDance|[upkeep]\n|-sideend|p2: rxxnx|move: Aurora Veil\n|upkeep\n|turn|6\n|\n|t:|1776425777\n|move|p1a: Maushold|Protect|p1a: Maushold\n|-singleturn|p1a: Maushold|Protect\n|move|p2b: Crabominable|Protect|p2b: Crabominable\n|-singleturn|p2b: Crabominable|Protect\n|move|p1b: Starmie|Psycho Cut|p2b: Crabominable\n|-activate|p2b: Crabominable|move: Protect\n|move|p2a: Incineroar|Parting Shot|p1b: Starmie\n|-unboost|p1b: Starmie|atk|1\n|-unboost|p1b: Starmie|spa|1\n|\n|t:|1776425786\n|switch|p2a: Aegislash|Aegislash, L50, F, shiny|100/100|[from] Parting Shot\n|\n|-weather|none\n|upkeep\n|turn|7\n|c|\u2606cj_g1997|i hate you\n|\n|t:|1776425799\n|move|p1a: Maushold|Protect||[still]\n|-fail|p1a: Maushold\n|move|p1b: Starmie|Psycho Cut|p2b: Crabominable\n|-supereffective|p2b: Crabominable|1\n|-damage|p2b: Crabominable|26/100\n|-formechange|p2a: Aegislash|Aegislash-Blade|\n|move|p2a: Aegislash|Poltergeist|p1b: Starmie\n|-activate|p1b: Starmie|move: Poltergeist|Starminite\n|-supereffective|p1b: Starmie|1\n|-damage|p1b: Starmie|0 fnt\n|faint|p1b: Starmie\n|move|p2b: Crabominable|Drain Punch|p1a: Maushold\n|-supereffective|p1a: Maushold|1\n|-damage|p1a: Maushold|0 fnt\n|-heal|p2b: Crabominable|68/100|[from] drain|[of] p1a: Maushold\n|faint|p1a: Maushold\n|\n|win|rxxnx\n|raw|cj_g1997's rating: 1051 &rarr; <strong>1033</strong><br />(-18 for losing)\n|raw|rxxnx's rating: 1040 &rarr; <strong>1075</strong><br />(+35 for winning)\n|l|\u2606cj_g1997\n|player|p1|\n",
  "uploadtime": 1776425815,
  "views": 25,
  "formatid": "gen9championsvgc2026regma",
  "rating": 1033,
  "private": 0,
  "password": null
}