{
  "id": "gen9championsvgc2026regma-2585218085",
  "format": "[Gen 9 Champions] VGC 2026 Reg M-A",
  "players": [
    "Mask4M",
    "Shandog566"
  ],
  "log": "|j|\u2606Mask4M\n|j|\u2606Shandog566\n|t:|1776326274\n|gametype|doubles\n|player|p1|Mask4M|101|1193\n|player|p2|Shandog566|riley|1117\n|gen|9\n|tier|[Gen 9 Champions] VGC 2026 Reg M-A\n|rated|\n|rule|Species Clause: Limit one of each Pok\u00e9mon\n|rule|Item Clause: Limit 1 of each item\n|clearpoke\n|poke|p1|Glimmora, L50, M|\n|poke|p1|Dragonite, L50, M|\n|poke|p1|Sneasler, L50, F|\n|poke|p1|Incineroar, L50, M|\n|poke|p1|Whimsicott, L50, M|\n|poke|p1|Rotom-Wash, L50|\n|poke|p2|Golurk, L50|\n|poke|p2|Farigiraf, L50, F|\n|poke|p2|Crabominable, L50, F|\n|poke|p2|Torkoal, L50, M|\n|poke|p2|Incineroar, L50, F|\n|poke|p2|Hatterene, L50, F|\n|teampreview|4\n|inactive|Battle timer is ON: inactive players will automatically lose when time's up. (requested by Mask4M)\n|inactive|Mask4M has 60 seconds left.\n|inactive|Shandog566 has 60 seconds left.\n|inactive|Mask4M has 30 seconds left.\n|\n|t:|1776326345\n|teamsize|p1|4\n|teamsize|p2|4\n|start\n|switch|p1a: Incineroar|Incineroar, L50, M|100/100\n|switch|p1b: Whimsicott|Whimsicott, L50, M|100/100\n|switch|p2a: Farigiraf|Farigiraf, L50, F|100/100\n|switch|p2b: Golurk|Golurk, L50|100/100\n|-ability|p1a: Incineroar|Intimidate|boost\n|-unboost|p2a: Farigiraf|atk|1\n|-unboost|p2b: Golurk|atk|1\n|turn|1\n|l|\u2606Shandog566\n|inactive|Shandog566 disconnected and has a minute to reconnect!\n|player|p2|\n|j|\u2606Shandog566\n|inactive|Shandog566 reconnected and has 45 seconds left.\n|player|p2|Shandog566|riley|\n|inactive|Mask4M has 30 seconds left.\n|inactive|Shandog566 has 30 seconds left.\n|inactive|Mask4M has 20 seconds left.\n|inactive|Shandog566 has 20 seconds left.\n|inactive|Shandog566 has 15 seconds left.\n|inactive|Mask4M has 15 seconds left.\n|inactive|Shandog566 has 10 seconds left.\n|inactive|Mask4M has 10 seconds left.\n|\n|t:|1776326395\n|detailschange|p2b: Golurk|Golurk-Mega, L50\n|-mega|p2b: Golurk|Golurk|Golurkite\n|move|p1b: Whimsicott|Taunt||[still]\n|cant|p2a: Farigiraf|ability: Armor Tail|Taunt|[of] p1b: Whimsicott\n|move|p1a: Incineroar|Parting Shot|p2b: Golurk\n|-unboost|p2b: Golurk|atk|1\n|-unboost|p2b: Golurk|spa|1\n|\n|t:|1776326402\n|switch|p1a: Rotom|Rotom-Wash, L50|100/100|[from] Parting Shot\n|move|p2b: Golurk|Headlong Rush|p1a: Rotom\n|-immune|p1a: Rotom|[from] ability: Levitate\n|move|p2a: Farigiraf|Trick Room|p2a: Farigiraf\n|-fieldstart|move: Trick Room|[of] p2a: Farigiraf\n|\n|upkeep\n|turn|2\n|inactive|Shandog566 has 30 seconds left.\n|\n|t:|1776326432\n|switch|p2b: Crabominable|Crabominable, L50, F|100/100\n|switch|p1b: Incineroar|Incineroar, L50, M|100/100\n|-ability|p1b: Incineroar|Intimidate|boost\n|-unboost|p2a: Farigiraf|atk|1\n|-unboost|p2b: Crabominable|atk|1\n|move|p2a: Farigiraf|Hyper Voice|p1b: Incineroar|[spread] p1a,p1b\n|-damage|p1a: Rotom|55/100\n|-damage|p1b: Incineroar|71/100\n|move|p1a: Rotom|Hydro Pump|p2b: Crabominable|[miss]\n|-miss|p1a: Rotom|p2b: Crabominable\n|\n|upkeep\n|turn|3\n|inactive|Mask4M has 30 seconds left.\n|\n|t:|1776326457\n|switch|p1a: Glimmora|Glimmora, L50, M|100/100\n|move|p2b: Crabominable|Rock Slide|p1b: Incineroar|[spread] p1a\n|-miss|p2b: Crabominable|p1b: Incineroar\n|-damage|p1a: Glimmora|83/100\n|-activate|p1a: Glimmora|ability: Toxic Debris\n|-sidestart|p2: Shandog566|move: Toxic Spikes\n|move|p2a: Farigiraf|Hyper Voice|p1b: Incineroar|[spread] p1a,p1b\n|-resisted|p1a: Glimmora|1\n|-damage|p1a: Glimmora|60/100\n|-damage|p1b: Incineroar|41/100\n|-enditem|p1b: Incineroar|Sitrus Berry|[eat]\n|-heal|p1b: Incineroar|66/100|[from] item: Sitrus Berry\n|move|p1b: Incineroar|Throat Chop|p2a: Farigiraf\n|-supereffective|p2a: Farigiraf|1\n|-damage|p2a: Farigiraf|34/100\n|-start|p2a: Farigiraf|Throat Chop|[silent]\n|\n|upkeep\n|turn|4\n|inactive|Mask4M has 30 seconds left.\n|inactive|Shandog566 has 30 seconds left.\n|inactive|Mask4M has 20 seconds left.\n|inactive|Mask4M has 15 seconds left.\n|\n|t:|1776326501\n|detailschange|p1a: Glimmora|Glimmora-Mega, L50, M\n|-mega|p1a: Glimmora|Glimmora|Glimmoranite\n|move|p1a: Glimmora|Spiky Shield|p1a: Glimmora\n|-singleturn|p1a: Glimmora|move: Protect\n|move|p2b: Crabominable|Drain Punch|p1b: Incineroar\n|-supereffective|p1b: Incineroar|1\n|-damage|p1b: Incineroar|15/100\n|move|p1b: Incineroar|Parting Shot|p2b: Crabominable\n|-unboost|p2b: Crabominable|atk|1\n|-unboost|p2b: Crabominable|spa|1\n|\n|t:|1776326517\n|switch|p1b: Whimsicott|Whimsicott, L50, M|100/100|[from] Parting Shot\n|move|p2a: Farigiraf|Psychic|p1a: Glimmora\n|-activate|p1a: Glimmora|move: Protect\n|\n|-end|p2a: Farigiraf|Throat Chop|[silent]\n|upkeep\n|turn|5\n|inactive|Shandog566 has 30 seconds left.\n|inactive|Shandog566 has 20 seconds left.\n|inactive|Shandog566 has 15 seconds left.\n|inactive|Shandog566 has 10 seconds left.\n|inactive|Shandog566 has 5 seconds left.\n|\n|t:|1776326572\n|switch|p1a: Incineroar|Incineroar, L50, M|15/100\n|-ability|p1a: Incineroar|Intimidate|boost\n|-unboost|p2a: Farigiraf|atk|1\n|-unboost|p2b: Crabominable|atk|1\n|move|p2b: Crabominable|Ice Hammer|p1a: Incineroar\n|-resisted|p1a: Incineroar|1\n|-damage|p1a: Incineroar|5/100\n|-unboost|p2b: Crabominable|spe|1\n|move|p2a: Farigiraf|Psychic|p1a: Incineroar\n|-immune|p1a: Incineroar\n|move|p1b: Whimsicott|Moonblast|p2a: Farigiraf\n|-damage|p2a: Farigiraf|0 fnt\n|faint|p2a: Farigiraf\n|\n|-fieldend|move: Trick Room\n|upkeep\n|\n|t:|1776326589\n|switch|p2a: Hatterene|Hatterene, L50, F|100/100\n|-status|p2a: Hatterene|psn\n|turn|6\n|\n|t:|1776326603\n|move|p2b: Crabominable|Protect|p2b: Crabominable\n|-singleturn|p2b: Crabominable|Protect\n|move|p1a: Incineroar|Fake Out|p2a: Hatterene\n|-damage|p2a: Hatterene|90/100 psn\n|move|p1b: Whimsicott|Taunt|p2a: Hatterene\n|move|p2a: Hatterene|Taunt|p1b: Whimsicott|[from] ability: Magic Bounce\n|-start|p1b: Whimsicott|move: Taunt\n|cant|p2a: Hatterene|flinch\n|\n|-damage|p2a: Hatterene|77/100 psn|[from] psn\n|upkeep\n|turn|7\n|inactive|Mask4M has 30 seconds left.\n|inactive|Shandog566 has 30 seconds left.\n|inactive|Mask4M has 20 seconds left.\n|inactive|Shandog566 has 20 seconds left.\n|\n|t:|1776326642\n|move|p1b: Whimsicott|Moonblast|p2a: Hatterene\n|-damage|p2a: Hatterene|39/100 psn\n|-enditem|p2a: Hatterene|Sitrus Berry|[eat]\n|-heal|p2a: Hatterene|64/100 psn|[from] item: Sitrus Berry\n|move|p1a: Incineroar|Flare Blitz|p2a: Hatterene\n|-damage|p2a: Hatterene|14/100 psn\n|-damage|p1a: Incineroar|0 fnt|[from] Recoil\n|faint|p1a: Incineroar\n|move|p2b: Crabominable|Rock Slide|p1b: Whimsicott\n|-damage|p1b: Whimsicott|87/100\n|move|p2a: Hatterene|Trick Room|p2a: Hatterene\n|-fieldstart|move: Trick Room|[of] p2a: Hatterene\n|\n|-damage|p2a: Hatterene|2/100 psn|[from] psn\n|upkeep\n|\n|t:|1776326663\n|switch|p1a: Glimmora|Glimmora-Mega, L50, M|60/100\n|turn|8\n|\n|t:|1776326680\n|switch|p2b: Golurk|Golurk-Mega, L50|100/100\n|-status|p2b: Golurk|psn\n|move|p1a: Glimmora|Spiky Shield|p1a: Glimmora\n|-singleturn|p1a: Glimmora|move: Protect\n|move|p2a: Hatterene|Dazzling Gleam|p1a: Glimmora|[spread] p1b\n|-activate|p1a: Glimmora|move: Protect\n|-damage|p1b: Whimsicott|43/100\n|move|p1b: Whimsicott|Moonblast|p2b: Golurk\n|-damage|p2b: Golurk|68/100 psn\n|-unboost|p2b: Golurk|spa|1\n|\n|-damage|p2a: Hatterene|0 fnt|[from] psn\n|faint|p2a: Hatterene\n|-damage|p2b: Golurk|56/100 psn|[from] psn\n|upkeep\n|\n|t:|1776326699\n|switch|p2a: Crabominable|Crabominable, L50, F|100/100\n|-status|p2a: Crabominable|psn\n|turn|9\n|\n|t:|1776326723\n|switch|p1a: Rotom|Rotom-Wash, L50|55/100\n|move|p2a: Crabominable|Ice Hammer|p1b: Whimsicott\n|-supereffective|p1b: Whimsicott|1\n|-crit|p1b: Whimsicott\n|-damage|p1b: Whimsicott|0 fnt\n|-unboost|p2a: Crabominable|spe|1\n|faint|p1b: Whimsicott\n|move|p2b: Golurk|Headlong Rush|p1a: Rotom\n|-immune|p1a: Rotom|[from] ability: Levitate\n|\n|-damage|p2a: Crabominable|88/100 psn|[from] psn\n|-damage|p2b: Golurk|44/100 psn|[from] psn\n|upkeep\n|\n|t:|1776326737\n|switch|p1b: Glimmora|Glimmora-Mega, L50, M|60/100\n|turn|10\n|inactive|Mask4M has 30 seconds left.\n|inactive|Shandog566 has 30 seconds left.\n|inactive|Mask4M has 20 seconds left.\n|inactive|Shandog566 has 20 seconds left.\n|inactive|Mask4M has 15 seconds left.\n|inactive|Shandog566 has 15 seconds left.\n|\n|t:|1776326782\n|move|p1b: Glimmora|Spiky Shield|p1b: Glimmora\n|-singleturn|p1b: Glimmora|move: Protect\n|move|p2a: Crabominable|Drain Punch|p1a: Rotom\n|-damage|p1a: Rotom|0 fnt\n|-heal|p2a: Crabominable|100/100 psn|[from] drain|[of] p1a: Rotom\n|faint|p1a: Rotom\n|move|p2b: Golurk|Poltergeist|p1b: Glimmora\n|-activate|p1b: Glimmora|move: Protect\n|\n|-damage|p2a: Crabominable|88/100 psn|[from] psn\n|-damage|p2b: Golurk|32/100 psn|[from] psn\n|upkeep\n|turn|11\n|\n|t:|1776326801\n|move|p1b: Glimmora|Spiky Shield||[still]\n|-fail|p1b: Glimmora\n|move|p2a: Crabominable|Drain Punch|p1b: Glimmora\n|-damage|p1b: Glimmora|8/100\n|-heal|p2a: Crabominable|100/100 psn|[from] drain|[of] p1b: Glimmora\n|move|p2b: Golurk|Headlong Rush|p1b: Glimmora\n|-supereffective|p1b: Glimmora|2\n|-damage|p1b: Glimmora|0 fnt\n|-unboost|p2b: Golurk|def|1\n|-unboost|p2b: Golurk|spd|1\n|faint|p1b: Glimmora\n|\n|win|Shandog566\n|raw|Mask4M's rating: 1193 &rarr; <strong>1163</strong><br />(-30 for losing)\n|raw|Shandog566's rating: 1117 &rarr; <strong>1147</strong><br />(+30 for winning)\n",
  "uploadtime": 1776326817,
  "views": 23,
  "formatid": "gen9championsvgc2026regma",
  "rating": 1147,
  "private": 0,
  "password": null
}