{
  "id": "gen9championsvgc2026regma-2587807907",
  "format": "[Gen 9 Champions] VGC 2026 Reg M-A",
  "players": [
    "Amukhan",
    "noryad28"
  ],
  "log": "|j|\u2606Amukhan\n|j|\u2606noryad28\n|t:|1776566068\n|gametype|doubles\n|player|p1|Amukhan|ingo|1173\n|player|p2|noryad28|170|1211\n|gen|9\n|tier|[Gen 9 Champions] VGC 2026 Reg M-A\n|rated|\n|rule|Species Clause: Limit one of each Pok\u00e9mon\n|rule|Item Clause: Limit 1 of each item\n|clearpoke\n|poke|p1|Whimsicott, L50, M, shiny|\n|poke|p1|Tyranitar, L50, M|\n|poke|p1|Garchomp, L50, F|\n|poke|p1|Basculegion, L50, M|\n|poke|p1|Glimmora, L50, F, shiny|\n|poke|p1|Corviknight, L50, M, shiny|\n|poke|p2|Charizard, L50, M|\n|poke|p2|Venusaur, L50, F|\n|poke|p2|Milotic, L50, M|\n|poke|p2|Incineroar, L50, F|\n|poke|p2|Basculegion, L50, M|\n|poke|p2|Talonflame, L50, M|\n|teampreview|4\n|inactive|Battle timer is ON: inactive players will automatically lose when time's up. (requested by noryad28)\n|\n|t:|1776566110\n|teamsize|p1|4\n|teamsize|p2|4\n|start\n|switch|p1a: Whimsicott|Whimsicott, L50, M, shiny|100/100\n|switch|p1b: Glimmora|Glimmora, L50, F, shiny|100/100\n|switch|p2a: Charizard|Charizard, L50, M|100/100\n|switch|p2b: Venusaur|Venusaur, L50, F|100/100\n|turn|1\n|inactive|Amukhan has 30 seconds left.\n|\n|t:|1776566144\n|detailschange|p2a: Charizard|Charizard-Mega-Y, L50, M\n|-mega|p2a: Charizard|Charizard|Charizardite Y\n|-weather|SunnyDay|[from] ability: Drought|[of] p2a: Charizard\n|detailschange|p1b: Glimmora|Glimmora-Mega, L50, F, shiny\n|-mega|p1b: Glimmora|Glimmora|Glimmoranite\n|move|p2a: Charizard|Protect|p2a: Charizard\n|-singleturn|p2a: Charizard|Protect\n|move|p1a: Whimsicott|Tailwind|p1a: Whimsicott\n|-sidestart|p1: Amukhan|move: Tailwind\n|move|p1b: Glimmora|Power Gem|p2a: Charizard\n|-activate|p2a: Charizard|move: Protect\n|move|p2b: Venusaur|Solar Beam||[still]\n|-prepare|p2b: Venusaur|Solar Beam\n|-anim|p2b: Venusaur|Solar Beam|p1b: Glimmora\n|-damage|p1b: Glimmora|48/100\n|\n|-weather|SunnyDay|[upkeep]\n|upkeep\n|turn|2\n|inactive|noryad28 has 30 seconds left.\n|\n|t:|1776566171\n|switch|p1a: Tyranitar|Tyranitar, L50, M|100/100\n|-weather|Sandstorm|[from] ability: Sand Stream|[of] p1a: Tyranitar\n|switch|p2a: Milotic|Milotic, L50, M|100/100\n|move|p1b: Glimmora|Power Gem|p2a: Milotic\n|-crit|p2a: Milotic\n|-damage|p2a: Milotic|28/100\n|move|p2b: Venusaur|Sludge Bomb|p1a: Tyranitar\n|-resisted|p1a: Tyranitar|1\n|-damage|p1a: Tyranitar|85/100\n|\n|-weather|Sandstorm|[upkeep]\n|-damage|p2a: Milotic|22/100|[from] Sandstorm\n|-damage|p2b: Venusaur|95/100|[from] Sandstorm\n|-heal|p2a: Milotic|28/100|[from] item: Leftovers\n|upkeep\n|turn|3\n|inactive|Amukhan has 30 seconds left.\n|inactive|Amukhan has 20 seconds left.\n|inactive|Amukhan has 15 seconds left.\n|\n|t:|1776566214\n|switch|p1a: Basculegion|Basculegion, L50, M|100/100\n|switch|p2a: Incineroar|Incineroar, L50, F|100/100\n|-ability|p2a: Incineroar|Intimidate|boost\n|-unboost|p1a: Basculegion|atk|1\n|-unboost|p1b: Glimmora|atk|1\n|move|p1b: Glimmora|Substitute|p1b: Glimmora\n|-start|p1b: Glimmora|Substitute\n|-damage|p1b: Glimmora|24/100\n|move|p2b: Venusaur|Sleep Powder||[still]\n|-fail|p2b: Venusaur\n|\n|-weather|Sandstorm|[upkeep]\n|-damage|p1a: Basculegion|94/100|[from] Sandstorm\n|-damage|p2b: Venusaur|89/100|[from] Sandstorm\n|-damage|p2a: Incineroar|95/100|[from] Sandstorm\n|upkeep\n|turn|4\n|inactive|Amukhan has 30 seconds left.\n|inactive|noryad28 has 30 seconds left.\n|\n|t:|1776566243\n|move|p1a: Basculegion|Icy Wind|p2b: Venusaur|[spread] p2a,p2b\n|-resisted|p2a: Incineroar|1\n|-supereffective|p2b: Venusaur|1\n|-damage|p2a: Incineroar|91/100\n|-damage|p2b: Venusaur|75/100\n|-unboost|p2a: Incineroar|spe|1\n|-unboost|p2b: Venusaur|spe|1\n|move|p1b: Glimmora|Power Gem|p2a: Incineroar\n|-supereffective|p2a: Incineroar|1\n|-damage|p2a: Incineroar|0 fnt\n|faint|p2a: Incineroar\n|move|p2b: Venusaur|Sleep Powder|p1a: Basculegion\n|-status|p1a: Basculegion|slp|[from] move: Sleep Powder\n|\n|-weather|Sandstorm|[upkeep]\n|-damage|p1a: Basculegion|88/100 slp|[from] Sandstorm\n|-damage|p2b: Venusaur|69/100|[from] Sandstorm\n|-sideend|p1: Amukhan|move: Tailwind\n|upkeep\n|\n|t:|1776566256\n|switch|p2a: Charizard|Charizard-Mega-Y, L50, M|100/100\n|-weather|SunnyDay|[from] ability: Drought|[of] p2a: Charizard\n|turn|5\n|\n|t:|1776566278\n|switch|p1a: Tyranitar|Tyranitar, L50, M|85/100\n|-weather|Sandstorm|[from] ability: Sand Stream|[of] p1a: Tyranitar\n|switch|p2a: Milotic|Milotic, L50, M|28/100\n|move|p1b: Glimmora|Power Gem|p2a: Milotic\n|-damage|p2a: Milotic|0 fnt\n|faint|p2a: Milotic\n|move|p2b: Venusaur|Sleep Powder|p1a: Tyranitar\n|-status|p1a: Tyranitar|slp|[from] move: Sleep Powder\n|\n|-weather|Sandstorm|[upkeep]\n|-damage|p2b: Venusaur|63/100|[from] Sandstorm\n|upkeep\n|\n|t:|1776566291\n|switch|p2a: Charizard|Charizard-Mega-Y, L50, M|100/100\n|-weather|SunnyDay|[from] ability: Drought|[of] p2a: Charizard\n|turn|6\n|\n|t:|1776566308\n|switch|p1a: Basculegion|Basculegion, L50, M|88/100 slp\n|move|p2a: Charizard|Protect|p2a: Charizard\n|-singleturn|p2a: Charizard|Protect\n|move|p1b: Glimmora|Spiky Shield|p1b: Glimmora\n|-singleturn|p1b: Glimmora|move: Protect\n|move|p2b: Venusaur|Solar Beam||[still]\n|-prepare|p2b: Venusaur|Solar Beam\n|-anim|p2b: Venusaur|Solar Beam|p1a: Basculegion\n|-supereffective|p1a: Basculegion|1\n|-damage|p1a: Basculegion|0 fnt\n|faint|p1a: Basculegion\n|\n|-weather|SunnyDay|[upkeep]\n|upkeep\n|\n|t:|1776566323\n|switch|p1a: Tyranitar|Tyranitar, L50, M|85/100 slp\n|-weather|Sandstorm|[from] ability: Sand Stream|[of] p1a: Tyranitar\n|turn|7\n|\n|t:|1776566341\n|move|p2a: Charizard|Protect||[still]\n|-fail|p2a: Charizard\n|cant|p1a: Tyranitar|slp\n|move|p1b: Glimmora|Power Gem|p2a: Charizard\n|-supereffective|p2a: Charizard|2\n|-crit|p2a: Charizard\n|-damage|p2a: Charizard|0 fnt\n|faint|p2a: Charizard\n|move|p2b: Venusaur|Solar Beam||[still]\n|-prepare|p2b: Venusaur|Solar Beam\n|\n|-weather|Sandstorm|[upkeep]\n|-damage|p2b: Venusaur|57/100|[from] Sandstorm\n|upkeep\n|turn|8\n|-message|noryad28 forfeited.\n|\n|win|Amukhan\n|raw|Amukhan's rating: 1173 &rarr; <strong>1201</strong><br />(+28 for winning)\n|raw|noryad28's rating: 1211 &rarr; <strong>1183</strong><br />(-28 for losing)\n|l|\u2606noryad28\n|player|p2|\n",
  "uploadtime": 1776566362,
  "views": 8,
  "formatid": "gen9championsvgc2026regma",
  "rating": 1183,
  "private": 0,
  "password": null
}