{
  "id": "gen9championsvgc2026regma-2584206879",
  "format": "[Gen 9 Champions] VGC 2026 Reg M-A",
  "players": [
    "randomn1ck",
    "Emylia00"
  ],
  "log": "|j|\u2606randomn1ck\n|j|\u2606Emylia00\n|t:|1776238195\n|gametype|doubles\n|player|p1|randomn1ck|102|1236\n|player|p2|Emylia00|1|1153\n|gen|9\n|tier|[Gen 9 Champions] VGC 2026 Reg M-A\n|rated|\n|rule|Species Clause: Limit one of each Pok\u00e9mon\n|rule|Item Clause: Limit 1 of each item\n|clearpoke\n|poke|p1|Froslass, L50, F|\n|poke|p1|Aerodactyl, L50, M|\n|poke|p1|Incineroar, L50, M|\n|poke|p1|Sinistcha-Masterpiece, L50|\n|poke|p1|Milotic, L50, F|\n|poke|p1|Kingambit, L50, M|\n|poke|p2|Tyranitar, L50, M|\n|poke|p2|Excadrill, L50, F|\n|poke|p2|Incineroar, L50, F|\n|poke|p2|Corviknight, L50, M|\n|poke|p2|Sinistcha, L50|\n|poke|p2|Milotic, L50, F|\n|teampreview|4\n|inactive|Battle timer is ON: inactive players will automatically lose when time's up. (requested by randomn1ck)\n|inactive|randomn1ck has 60 seconds left.\n|inactive|Emylia00 has 60 seconds left.\n|\n|t:|1776238234\n|teamsize|p1|4\n|teamsize|p2|4\n|start\n|switch|p1a: Incineroar|Incineroar, L50, M, shiny|100/100\n|switch|p1b: Milotic|Milotic, L50, F, shiny|100/100\n|switch|p2a: Tyranitar|Tyranitar, L50, M|100/100\n|switch|p2b: Excadrill|Excadrill, L50, F|100/100\n|-weather|Sandstorm|[from] ability: Sand Stream|[of] p2a: Tyranitar\n|-ability|p1a: Incineroar|Intimidate|boost\n|-unboost|p2a: Tyranitar|atk|1\n|-unboost|p2b: Excadrill|atk|1\n|turn|1\n|inactive|Emylia00 has 30 seconds left.\n|inactive|Emylia00 has 20 seconds left.\n|inactive|Emylia00 has 15 seconds left.\n|inactive|Emylia00 has 10 seconds left.\n|\n|t:|1776238283\n|detailschange|p2a: Tyranitar|Tyranitar-Mega, L50, M\n|-mega|p2a: Tyranitar|Tyranitar|Tyranitarite\n|move|p2b: Excadrill|Protect|p2b: Excadrill\n|-singleturn|p2b: Excadrill|Protect\n|move|p1a: Incineroar|Fake Out|p2a: Tyranitar\n|-resisted|p2a: Tyranitar|1\n|-damage|p2a: Tyranitar|97/100\n|move|p1b: Milotic|Coil|p1b: Milotic\n|-boost|p1b: Milotic|atk|1\n|-boost|p1b: Milotic|def|1\n|-boost|p1b: Milotic|accuracy|1\n|cant|p2a: Tyranitar|flinch\n|\n|-weather|Sandstorm|[upkeep]\n|-damage|p1b: Milotic|95/100|[from] Sandstorm\n|-damage|p1a: Incineroar|95/100|[from] Sandstorm\n|-heal|p1b: Milotic|100/100|[from] item: Leftovers\n|upkeep\n|turn|2\n|inactive|Emylia00 has 30 seconds left.\n|\n|t:|1776238312\n|switch|p2a: Sinistcha|Sinistcha, L50|100/100\n|move|p2b: Excadrill|High Horsepower|p1a: Incineroar\n|-supereffective|p1a: Incineroar|1\n|-damage|p1a: Incineroar|25/100\n|-enditem|p1a: Incineroar|Sitrus Berry|[eat]\n|-heal|p1a: Incineroar|50/100|[from] item: Sitrus Berry\n|move|p1b: Milotic|Hypnosis|p2a: Sinistcha\n|-status|p2a: Sinistcha|slp|[from] move: Hypnosis\n|move|p1a: Incineroar|Parting Shot|p2b: Excadrill\n|-unboost|p2b: Excadrill|atk|1\n|-unboost|p2b: Excadrill|spa|1\n|\n|t:|1776238320\n|switch|p1a: Froslass|Froslass, L50, F, shiny|100/100|[from] Parting Shot\n|\n|-weather|Sandstorm|[upkeep]\n|-damage|p1a: Froslass|94/100|[from] Sandstorm\n|-damage|p1b: Milotic|95/100|[from] Sandstorm\n|-damage|p2a: Sinistcha|94/100 slp|[from] Sandstorm\n|-heal|p1b: Milotic|100/100|[from] item: Leftovers\n|upkeep\n|turn|3\n|\n|t:|1776238342\n|detailschange|p1a: Froslass|Froslass-Mega, L50, F, shiny\n|-mega|p1a: Froslass|Froslass|Froslassite\n|-weather|Snowscape|[from] ability: Snow Warning|[of] p1a: Froslass\n|move|p2b: Excadrill|Protect|p2b: Excadrill\n|-singleturn|p2b: Excadrill|Protect\n|move|p1a: Froslass|Blizzard|p2b: Excadrill|[spread] p2a\n|-activate|p2b: Excadrill|move: Protect\n|-supereffective|p2a: Sinistcha|1\n|-damage|p2a: Sinistcha|12/100 slp\n|move|p1b: Milotic|Muddy Water|p2a: Sinistcha|[spread] p2a\n|-activate|p2b: Excadrill|move: Protect\n|-resisted|p2a: Sinistcha|1\n|-damage|p2a: Sinistcha|0 fnt\n|faint|p2a: Sinistcha\n|\n|-weather|Snowscape|[upkeep]\n|upkeep\n|\n|t:|1776238357\n|switch|p2a: Tyranitar|Tyranitar-Mega, L50, M|97/100\n|-weather|Sandstorm|[from] ability: Sand Stream|[of] p2a: Tyranitar\n|turn|4\n|\n|t:|1776238376\n|switch|p1a: Incineroar|Incineroar, L50, M, shiny|50/100\n|-ability|p1a: Incineroar|Intimidate|boost\n|-unboost|p2a: Tyranitar|atk|1\n|-unboost|p2b: Excadrill|atk|1\n|move|p2b: Excadrill|Rock Slide|p1b: Milotic|[spread] p1a,p1b\n|-supereffective|p1a: Incineroar|1\n|-crit|p1b: Milotic\n|-damage|p1a: Incineroar|36/100\n|-damage|p1b: Milotic|75/100\n|cant|p1b: Milotic|flinch\n|move|p2a: Tyranitar|Rock Slide|p1a: Incineroar|[spread] p1a\n|-miss|p2a: Tyranitar|p1b: Milotic\n|-supereffective|p1a: Incineroar|1\n|-damage|p1a: Incineroar|0 fnt\n|faint|p1a: Incineroar\n|\n|-weather|Sandstorm|[upkeep]\n|-damage|p1b: Milotic|69/100|[from] Sandstorm\n|-heal|p1b: Milotic|75/100|[from] item: Leftovers\n|upkeep\n|\n|t:|1776238396\n|switch|p1a: Froslass|Froslass-Mega, L50, F, shiny|94/100\n|-weather|Snowscape|[from] ability: Snow Warning|[of] p1a: Froslass\n|turn|5\n|inactive|Emylia00 has 30 seconds left.\n|\n|t:|1776238423\n|switch|p2b: Incineroar|Incineroar, L50, F|100/100\n|-ability|p2b: Incineroar|Intimidate|boost\n|-unboost|p1a: Froslass|atk|1\n|-unboost|p1b: Milotic|atk|1\n|-ability|p1b: Milotic|Competitive|boost\n|-boost|p1b: Milotic|spa|2\n|move|p2a: Tyranitar|Protect|p2a: Tyranitar\n|-singleturn|p2a: Tyranitar|Protect\n|move|p1a: Froslass|Aurora Veil|p1a: Froslass\n|-sidestart|p1: randomn1ck|move: Aurora Veil\n|move|p1b: Milotic|Muddy Water|p2b: Incineroar|[spread] p2b\n|-activate|p2a: Tyranitar|move: Protect\n|-supereffective|p2b: Incineroar|1\n|-damage|p2b: Incineroar|25/100\n|-unboost|p2b: Incineroar|accuracy|1\n|-enditem|p2b: Incineroar|Sitrus Berry|[eat]\n|-heal|p2b: Incineroar|50/100|[from] item: Sitrus Berry\n|\n|-weather|Snowscape|[upkeep]\n|-heal|p1b: Milotic|81/100|[from] item: Leftovers\n|upkeep\n|turn|6\n|inactive|Emylia00 has 30 seconds left.\n|\n|t:|1776238452\n|move|p2b: Incineroar|Fake Out|p1b: Milotic|[miss]\n|-miss|p2b: Incineroar|p1b: Milotic\n|move|p1a: Froslass|Blizzard|p2b: Incineroar|[spread] p2a,p2b\n|-crit|p2a: Tyranitar\n|-resisted|p2b: Incineroar|1\n|-crit|p2b: Incineroar\n|-damage|p2a: Tyranitar|48/100\n|-damage|p2b: Incineroar|24/100\n|move|p1b: Milotic|Muddy Water|p2b: Incineroar|[spread] p2a,p2b\n|-supereffective|p2a: Tyranitar|1\n|-supereffective|p2b: Incineroar|1\n|-damage|p2a: Tyranitar|0 fnt\n|-damage|p2b: Incineroar|0 fnt\n|faint|p2a: Tyranitar\n|faint|p2b: Incineroar\n|\n|-weather|Snowscape|[upkeep]\n|-heal|p1b: Milotic|87/100|[from] item: Leftovers\n|upkeep\n|-message|Emylia00 forfeited.\n|\n|win|randomn1ck\n|raw|randomn1ck's rating: 1236 &rarr; <strong>1255</strong><br />(+19 for winning)\n|raw|Emylia00's rating: 1153 &rarr; <strong>1134</strong><br />(-19 for losing)\n|l|\u2606Emylia00\n|player|p2|\n",
  "uploadtime": 1776238512,
  "views": 24,
  "formatid": "gen9championsvgc2026regma",
  "rating": 1134,
  "private": 0,
  "password": null
}