{
  "id": "gen9championsvgc2026regma-2589401572",
  "format": "[Gen 9 Champions] VGC 2026 Reg M-A",
  "players": [
    "gorillastew",
    "Djinnkiwi"
  ],
  "log": "|j|\u2606gorillastew\n|j|\u2606Djinnkiwi\n|t:|1776719983\n|gametype|doubles\n|player|p1|gorillastew|clerkf|1118\n|player|p2|Djinnkiwi|veteran|1112\n|gen|9\n|tier|[Gen 9 Champions] VGC 2026 Reg M-A\n|rated|\n|rule|Species Clause: Limit one of each Pok\u00e9mon\n|rule|Item Clause: Limit 1 of each item\n|clearpoke\n|poke|p1|Glimmora, L50, M|\n|poke|p1|Talonflame, L50, F|\n|poke|p1|Sinistcha, L50|\n|poke|p1|Tauros-Paldea-Aqua, L50, M|\n|poke|p1|Orthworm, L50, F|\n|poke|p1|Mimikyu, L50, F|\n|poke|p2|Pelipper, L50, M|\n|poke|p2|Dragonite, L50, M|\n|poke|p2|Archaludon, L50, M|\n|poke|p2|Basculegion, L50, M|\n|poke|p2|Incineroar, L50, M|\n|poke|p2|Toxicroak, L50, F|\n|teampreview|4\n|inactive|Battle timer is ON: inactive players will automatically lose when time's up. (requested by Djinnkiwi)\nDjinnkiwi rejected open team sheets.\n|inactive|gorillastew has 60 seconds left.\n|\n|t:|1776720022\n|teamsize|p1|4\n|teamsize|p2|4\n|start\n|switch|p1a: Glimmora|Glimmora, L50, M|100/100\n|switch|p1b: Tauros|Tauros-Paldea-Aqua, L50, M|100/100\n|switch|p2a: Pelipper|Pelipper, L50, M|100/100\n|switch|p2b: Toxicroak|Toxicroak, L50, F|100/100\n|-ability|p1b: Tauros|Intimidate|boost\n|-unboost|p2a: Pelipper|atk|1\n|-unboost|p2b: Toxicroak|atk|1\n|-weather|RainDance|[from] ability: Drizzle|[of] p2a: Pelipper\n|turn|1\n|inactive|gorillastew has 30 seconds left.\n|inactive|gorillastew has 20 seconds left.\n|inactive|gorillastew has 15 seconds left.\n|\n|t:|1776720064\n|detailschange|p1a: Glimmora|Glimmora-Mega, L50, M\n|-mega|p1a: Glimmora|Glimmora|Glimmoranite\n|move|p2a: Pelipper|Wide Guard|p2a: Pelipper\n|-singleturn|p2a: Pelipper|Wide Guard\n|move|p1b: Tauros|Aqua Jet|p2a: Pelipper\n|-resisted|p2a: Pelipper|1\n|-damage|p2a: Pelipper|79/100\n|move|p1a: Glimmora|Power Gem|p2a: Pelipper\n|-supereffective|p2a: Pelipper|1\n|-damage|p2a: Pelipper|0 fnt\n|faint|p2a: Pelipper\n|move|p2b: Toxicroak|Bulk Up|p2b: Toxicroak\n|-boost|p2b: Toxicroak|atk|1\n|-boost|p2b: Toxicroak|def|1\n|\n|-weather|RainDance|[upkeep]\n|upkeep\n|\n|t:|1776720080\n|switch|p2a: Incineroar|Incineroar, L50, M|100/100\n|-ability|p2a: Incineroar|Intimidate|boost\n|-unboost|p1a: Glimmora|atk|1\n|-unboost|p1b: Tauros|atk|1\n|-enditem|p1b: Tauros|White Herb\n|-clearnegativeboost|p1b: Tauros|[silent]\n|turn|2\n|\n|t:|1776720090\n|move|p2a: Incineroar|Fake Out|p1b: Tauros\n|-damage|p1b: Tauros|84/100\n|move|p1a: Glimmora|Power Gem|p2a: Incineroar\n|-supereffective|p2a: Incineroar|1\n|-damage|p2a: Incineroar|0 fnt\n|faint|p2a: Incineroar\n|cant|p1b: Tauros|flinch\n|move|p2b: Toxicroak|Close Combat|p1a: Glimmora\n|-damage|p1a: Glimmora|40/100\n|-unboost|p2b: Toxicroak|def|1\n|-unboost|p2b: Toxicroak|spd|1\n|\n|-weather|RainDance|[upkeep]\n|upkeep\n|\n|t:|1776720101\n|switch|p2a: Dragonite|Dragonite, L50, M|100/100\n|turn|3\n|\n|t:|1776720110\n|detailschange|p2a: Dragonite|Dragonite-Mega, L50, M\n|-mega|p2a: Dragonite|Dragonite|Dragoninite\n|move|p1a: Glimmora|Spiky Shield|p1a: Glimmora\n|-singleturn|p1a: Glimmora|move: Protect\n|move|p2b: Toxicroak|Protect|p2b: Toxicroak\n|-singleturn|p2b: Toxicroak|Protect\n|move|p2a: Dragonite|Hurricane|p1b: Tauros\n|-supereffective|p1b: Tauros|1\n|-damage|p1b: Tauros|0 fnt\n|faint|p1b: Tauros\n|\n|-weather|RainDance|[upkeep]\n|upkeep\n|\n|t:|1776720130\n|switch|p1b: Talonflame|Talonflame, L50, F|100/100\n|turn|4\n|\n|t:|1776720145\n|switch|p1a: Sinistcha|Sinistcha, L50|100/100\n|move|p1b: Talonflame|Tailwind|p1b: Talonflame\n|-sidestart|p1: gorillastew|move: Tailwind\n|move|p2a: Dragonite|Hydro Pump|p1b: Talonflame\n|-supereffective|p1b: Talonflame|1\n|-enditem|p1b: Talonflame|Focus Sash\n|-damage|p1b: Talonflame|1/100\n|move|p2b: Toxicroak|Close Combat|p1a: Sinistcha\n|-immune|p1a: Sinistcha\n|\n|-weather|RainDance|[upkeep]\n|upkeep\n|turn|5\n|inactive|gorillastew has 30 seconds left.\n|\n|t:|1776720177\n|move|p1b: Talonflame|Will-O-Wisp|p2b: Toxicroak\n|-status|p2b: Toxicroak|brn\n|-enditem|p2b: Toxicroak|Lum Berry|[eat]\n|-curestatus|p2b: Toxicroak|brn|[msg]\n|move|p1a: Sinistcha|Matcha Gotcha|p2b: Toxicroak|[spread] p2a,p2b\n|-resisted|p2a: Dragonite|2\n|-resisted|p2b: Toxicroak|1\n|-damage|p2a: Dragonite|98/100\n|-damage|p2b: Toxicroak|73/100\n|move|p2a: Dragonite|Hurricane|p1b: Talonflame\n|-damage|p1b: Talonflame|0 fnt\n|faint|p1b: Talonflame\n|move|p2b: Toxicroak|Poison Jab|p1a: Sinistcha\n|-damage|p1a: Sinistcha|68/100\n|-status|p1a: Sinistcha|psn\n|\n|-weather|none\n|-damage|p1a: Sinistcha|56/100 psn|[from] psn\n|upkeep\n|\n|t:|1776720195\n|switch|p1b: Glimmora|Glimmora-Mega, L50, M|40/100\n|turn|6\n|\n|t:|1776720204\n|move|p2a: Dragonite|Protect|p2a: Dragonite\n|-singleturn|p2a: Dragonite|Protect\n|move|p2b: Toxicroak|Protect|p2b: Toxicroak\n|-singleturn|p2b: Toxicroak|Protect\n|move|p1b: Glimmora|Power Gem|p2a: Dragonite\n|-activate|p2a: Dragonite|move: Protect\n|move|p1a: Sinistcha|Matcha Gotcha|p2b: Toxicroak|[spread] \n|-activate|p2a: Dragonite|move: Protect\n|-activate|p2b: Toxicroak|move: Protect\n|\n|-damage|p1a: Sinistcha|44/100 psn|[from] psn\n|upkeep\n|-enditem|p1a: Sinistcha|Sitrus Berry|[eat]\n|-heal|p1a: Sinistcha|68/100 psn|[from] item: Sitrus Berry\n|turn|7\n|\n|t:|1776720221\n|move|p1b: Glimmora|Spiky Shield|p1b: Glimmora\n|-singleturn|p1b: Glimmora|move: Protect\n|move|p1a: Sinistcha|Strength Sap|p2b: Toxicroak\n|-unboost|p2b: Toxicroak|atk|1\n|-heal|p1a: Sinistcha|100/100 psn\n|move|p2a: Dragonite|Hydro Pump|p1b: Glimmora\n|-activate|p1b: Glimmora|move: Protect\n|move|p2b: Toxicroak|Poison Jab|p1a: Sinistcha\n|-damage|p1a: Sinistcha|81/100 psn\n|\n|-damage|p1a: Sinistcha|69/100 psn|[from] psn\n|-sideend|p1: gorillastew|move: Tailwind\n|upkeep\n|turn|8\n|\n|t:|1776720241\n|move|p1a: Sinistcha|Rage Powder|p1a: Sinistcha\n|-singleturn|p1a: Sinistcha|move: Rage Powder\n|move|p1b: Glimmora|Power Gem|p2a: Dragonite\n|-supereffective|p2a: Dragonite|1\n|-damage|p2a: Dragonite|0 fnt\n|faint|p2a: Dragonite\n|move|p2b: Toxicroak|Close Combat|p1a: Sinistcha\n|-immune|p1a: Sinistcha\n|\n|-damage|p1a: Sinistcha|57/100 psn|[from] psn\n|upkeep\n|turn|9\n|\n|t:|1776720254\n|move|p1b: Glimmora|Spiky Shield|p1b: Glimmora\n|-singleturn|p1b: Glimmora|move: Protect\n|move|p2b: Toxicroak|Poison Jab|p1a: Sinistcha\n|-damage|p1a: Sinistcha|35/100 psn\n|move|p1a: Sinistcha|Strength Sap|p2b: Toxicroak\n|-unboost|p2b: Toxicroak|atk|1\n|-heal|p1a: Sinistcha|94/100 psn\n|\n|-damage|p1a: Sinistcha|81/100 psn|[from] psn\n|upkeep\n|turn|10\n|\n|t:|1776720269\n|move|p1b: Glimmora|Earth Power|p2b: Toxicroak\n|-supereffective|p2b: Toxicroak|1\n|-damage|p2b: Toxicroak|0 fnt\n|faint|p2b: Toxicroak\n|\n|win|gorillastew\n|raw|gorillastew's rating: 1118 &rarr; <strong>1143</strong><br />(+25 for winning)\n|raw|Djinnkiwi's rating: 1112 &rarr; <strong>1087</strong><br />(-25 for losing)\n|l|\u2606Djinnkiwi\n|player|p2|\n",
  "uploadtime": 1776720276,
  "views": 5,
  "formatid": "gen9championsvgc2026regma",
  "rating": 1087,
  "private": 0,
  "password": null
}