{
  "id": "gen9championsvgc2026regma-2586372153",
  "format": "[Gen 9 Champions] VGC 2026 Reg M-A",
  "players": [
    "p3elz",
    "magister_dis"
  ],
  "log": "|j|\u2606p3elz\n|j|\u2606magister_dis\n|t:|1776429718\n|gametype|doubles\n|player|p1|p3elz|2|1021\n|player|p2|magister_dis|byron|1019\n|gen|9\n|tier|[Gen 9 Champions] VGC 2026 Reg M-A\n|rated|\n|rule|Species Clause: Limit one of each Pok\u00e9mon\n|rule|Item Clause: Limit 1 of each item\n|clearpoke\n|poke|p1|Cofagrigus, L50, F|\n|poke|p1|Crabominable, L50, M|\n|poke|p1|Farigiraf, L50, M|\n|poke|p1|Kingambit, L50, M|\n|poke|p1|Primarina, L50, F|\n|poke|p1|Torkoal, L50, M|\n|poke|p2|Clefable, L50, M|\n|poke|p2|Incineroar, L50, M|\n|poke|p2|Dragonite, L50, F|\n|poke|p2|Rotom-Wash, L50|\n|poke|p2|Kingambit, L50, M|\n|poke|p2|Whimsicott, L50, F|\n|teampreview|4\n|inactive|Battle timer is ON: inactive players will automatically lose when time's up. (requested by p3elz)\n|\n|t:|1776429773\n|teamsize|p1|4\n|teamsize|p2|4\n|start\n|switch|p1a: Kingambit|Kingambit, L50, M|100/100\n|switch|p1b: Torkoal|Torkoal, L50, M|100/100\n|switch|p2a: Whimsicott|Whimsicott, L50, F|100/100\n|switch|p2b: Dragonite|Dragonite, L50, F|100/100\n|-weather|SunnyDay|[from] ability: Drought|[of] p1b: Torkoal\n|turn|1\n|\n|t:|1776429793\n|move|p2b: Dragonite|Protect|p2b: Dragonite\n|-singleturn|p2b: Dragonite|Protect\n|move|p1a: Kingambit|Protect|p1a: Kingambit\n|-singleturn|p1a: Kingambit|Protect\n|move|p2a: Whimsicott|Tailwind|p2a: Whimsicott\n|-sidestart|p2: magister_dis|move: Tailwind\n|move|p1b: Torkoal|Eruption|p2a: Whimsicott|[spread] p2a\n|-activate|p2b: Dragonite|move: Protect\n|-supereffective|p2a: Whimsicott|1\n|-enditem|p2a: Whimsicott|Focus Sash\n|-damage|p2a: Whimsicott|1/100\n|\n|-weather|SunnyDay|[upkeep]\n|upkeep\n|turn|2\n|inactive|p3elz has 30 seconds left.\n|inactive|magister_dis has 30 seconds left.\n|\n|t:|1776429820\n|move|p2a: Whimsicott|Encore|p1a: Kingambit\n|-hint|Since gen 7, Dark is immune to Prankster moves.\n|-immune|p1a: Kingambit\n|move|p2b: Dragonite|Fire Punch|p1a: Kingambit\n|-supereffective|p1a: Kingambit|1\n|-damage|p1a: Kingambit|39/100\n|move|p1a: Kingambit|Iron Head|p2b: Dragonite\n|-damage|p2b: Dragonite|73/100\n|move|p1b: Torkoal|Weather Ball|p2a: Whimsicott\n|-supereffective|p2a: Whimsicott|1\n|-damage|p2a: Whimsicott|0 fnt\n|faint|p2a: Whimsicott\n|\n|-weather|SunnyDay|[upkeep]\n|upkeep\n|\n|t:|1776429836\n|switch|p2a: Clefable|Clefable, L50, M|100/100\n|turn|3\n|\n|t:|1776429854\n|detailschange|p2a: Clefable|Clefable-Mega, L50, M\n|-mega|p2a: Clefable|Clefable|Clefablite\n|move|p2a: Clefable|Protect|p2a: Clefable\n|-singleturn|p2a: Clefable|Protect\n|move|p1a: Kingambit|Protect|p1a: Kingambit\n|-singleturn|p1a: Kingambit|Protect\n|move|p2b: Dragonite|Fire Punch|p1a: Kingambit\n|-activate|p1a: Kingambit|move: Protect\n|move|p1b: Torkoal|Eruption|p2b: Dragonite|[spread] p2b\n|-activate|p2a: Clefable|move: Protect\n|-resisted|p2b: Dragonite|1\n|-damage|p2b: Dragonite|30/100\n|\n|-weather|SunnyDay|[upkeep]\n|upkeep\n|turn|4\n|inactive|p3elz has 30 seconds left.\n|\n|t:|1776429879\n|switch|p1a: Cofagrigus|Cofagrigus, L50, F|100/100\n|move|p2b: Dragonite|Fire Punch|p1a: Cofagrigus\n|-damage|p1a: Cofagrigus|75/100\n|-activate|p1a: Cofagrigus|ability: Mummy|p2b: Dragonite|[ability] Multiscale\n|move|p2a: Clefable|Moonblast|p1b: Torkoal\n|-resisted|p1b: Torkoal|1\n|-damage|p1b: Torkoal|71/100\n|-unboost|p1b: Torkoal|spa|1\n|move|p1b: Torkoal|Weather Ball|p2a: Clefable\n|-damage|p2a: Clefable|60/100\n|\n|-weather|SunnyDay|[upkeep]\n|-heal|p1a: Cofagrigus|81/100|[from] item: Leftovers\n|-sideend|p2: magister_dis|move: Tailwind\n|upkeep\n|turn|5\n|inactive|p3elz has 30 seconds left.\n|inactive|magister_dis has 30 seconds left.\n|\n|t:|1776429912\n|move|p2a: Clefable|Follow Me|p2a: Clefable\n|-singleturn|p2a: Clefable|move: Follow Me\n|move|p2b: Dragonite|Dragon Claw|p1a: Cofagrigus\n|-damage|p1a: Cofagrigus|55/100\n|move|p1b: Torkoal|Heat Wave|p2a: Clefable|[spread] p2a,p2b\n|-resisted|p2b: Dragonite|1\n|-damage|p2a: Clefable|33/100\n|-damage|p2b: Dragonite|9/100\n|move|p1a: Cofagrigus|Trick Room|p1a: Cofagrigus\n|-fieldstart|move: Trick Room|[of] p1a: Cofagrigus\n|\n|-weather|none\n|-heal|p1a: Cofagrigus|61/100|[from] item: Leftovers\n|upkeep\n|turn|6\n|\n|t:|1776429930\n|move|p1a: Cofagrigus|Protect|p1a: Cofagrigus\n|-singleturn|p1a: Cofagrigus|Protect\n|move|p1b: Torkoal|Eruption|p2b: Dragonite|[spread] p2a,p2b\n|-resisted|p2b: Dragonite|1\n|-damage|p2a: Clefable|13/100\n|-damage|p2b: Dragonite|0 fnt\n|faint|p2b: Dragonite\n|move|p2a: Clefable|Moonblast|p1b: Torkoal\n|-resisted|p1b: Torkoal|1\n|-damage|p1b: Torkoal|41/100\n|\n|-heal|p1a: Cofagrigus|67/100|[from] item: Leftovers\n|upkeep\n|\n|t:|1776429941\n|switch|p2b: Kingambit|Kingambit, L50, M|100/100\n|-activate|p2b: Kingambit|ability: Supreme Overlord\n|-start|p2b: Kingambit|fallen2|[silent]\n|turn|7\n|\n|t:|1776429960\n|move|p1b: Torkoal|Weather Ball|p2a: Clefable\n|-damage|p2a: Clefable|5/100\n|move|p1a: Cofagrigus|Body Press|p2b: Kingambit\n|-supereffective|p2b: Kingambit|2\n|-damage|p2b: Kingambit|0 fnt\n|faint|p2b: Kingambit\n|-end|p2b: Kingambit|fallen2|[silent]\n|move|p2a: Clefable|Moonblast|p1b: Torkoal\n|-resisted|p1b: Torkoal|1\n|-damage|p1b: Torkoal|13/100\n|\n|-heal|p1a: Cofagrigus|73/100|[from] item: Leftovers\n|upkeep\n|turn|8\n|l|\u2606magister_dis\n|inactive|magister_dis disconnected and has a minute to reconnect!\n|player|p2|\n|inactive|p3elz has 30 seconds left.\n|inactive|magister_dis has 30 seconds left.\n|inactive|magister_dis has 20 seconds left.\n|inactive|magister_dis has 15 seconds left.\n|inactive|magister_dis has 10 seconds left.\n|inactive|magister_dis has 5 seconds left.\n|-message|magister_dis lost due to inactivity.\n|\n|win|p3elz\n|raw|p3elz's rating: 1021 &rarr; <strong>1058</strong><br />(+37 for winning)\n|raw|magister_dis's rating: 1019 &rarr; <strong>1006</strong><br />(-13 for losing)\n",
  "uploadtime": 1776430021,
  "views": 28,
  "formatid": "gen9championsvgc2026regma",
  "rating": 1006,
  "private": 0,
  "password": null
}