{
  "id": "gen9championsvgc2026regma-2586646149",
  "format": "[Gen 9 Champions] VGC 2026 Reg M-A",
  "players": [
    "pakety209",
    "Xelemental 4ever"
  ],
  "log": "|j|\u2606pakety209\n|j|\u2606Xelemental 4ever\n|t:|1776449147\n|gametype|doubles\n|player|p1|pakety209|266|1102\n|player|p2|Xelemental 4ever|2|1173\n|gen|9\n|tier|[Gen 9 Champions] VGC 2026 Reg M-A\n|rated|\n|rule|Species Clause: Limit one of each Pok\u00e9mon\n|rule|Item Clause: Limit 1 of each item\n|clearpoke\n|poke|p1|Crabominable, L50, F|\n|poke|p1|Farigiraf, L50, F|\n|poke|p1|Sinistcha, L50|\n|poke|p1|Golurk, L50|\n|poke|p1|Araquanid, L50, M|\n|poke|p1|Torkoal, L50, F|\n|poke|p2|Froslass, L50, F|\n|poke|p2|Empoleon, L50, F|\n|poke|p2|Tsareena, L50, F|\n|poke|p2|Garchomp, L50, F|\n|poke|p2|Armarouge, L50, F|\n|poke|p2|Kingambit, L50, F|\n|teampreview|4\n|c|\u2606Xelemental 4ever|Gl hf\n|inactive|Battle timer is ON: inactive players will automatically lose when time's up. (requested by pakety209)\n|c|\u2606pakety209|U2!\n|\n|t:|1776449203\n|teamsize|p1|4\n|teamsize|p2|4\n|start\n|switch|p1a: Crabominable|Crabominable, L50, F|100/100\n|switch|p1b: Farigiraf|Farigiraf, L50, F|100/100\n|switch|p2a: Armarouge|Armarouge, L50, F|100/100\n|switch|p2b: Garchomp|Garchomp, L50, F|100/100\n|turn|1\n|\n|t:|1776449217\n|switch|p2b: Froslass|Froslass, L50, F|100/100\n|detailschange|p1a: Crabominable|Crabominable-Mega, L50, F\n|-mega|p1a: Crabominable|Crabominable|Crabominite\n|move|p2a: Armarouge|Heat Wave|p1a: Crabominable|[spread] p1a,p1b\n|-supereffective|p1a: Crabominable|1\n|-damage|p1a: Crabominable|29/100\n|-damage|p1b: Farigiraf|67/100\n|move|p1a: Crabominable|Ice Hammer|p2b: Froslass|[miss]\n|-miss|p1a: Crabominable|p2b: Froslass\n|move|p1b: Farigiraf|Trick Room|p1b: Farigiraf\n|-fieldstart|move: Trick Room|[of] p1b: Farigiraf\n|\n|upkeep\n|turn|2\n|inactive|Xelemental 4ever has 30 seconds left.\n|\n|t:|1776449249\n|switch|p1a: Torkoal|Torkoal, L50, F|100/100\n|-weather|SunnyDay|[from] ability: Drought|[of] p1a: Torkoal\n|switch|p1b: Araquanid|Araquanid, L50, M|100/100\n|detailschange|p2b: Froslass|Froslass-Mega, L50, F\n|-mega|p2b: Froslass|Froslass|Froslassite\n|-weather|Snowscape|[from] ability: Snow Warning|[of] p2b: Froslass\n|move|p2a: Armarouge|Heat Wave|p1a: Torkoal|[spread] p1a,p1b\n|-resisted|p1a: Torkoal|1\n|-crit|p1a: Torkoal\n|-damage|p1a: Torkoal|61/100\n|-damage|p1b: Araquanid|83/100\n|move|p2b: Froslass|Aurora Veil|p2b: Froslass\n|-sidestart|p2: Xelemental 4ever|move: Aurora Veil\n|\n|-weather|Snowscape|[upkeep]\n|upkeep\n|turn|3\n|\n|t:|1776449270\n|move|p2a: Armarouge|Wide Guard|p2a: Armarouge\n|-singleturn|p2a: Armarouge|Wide Guard\n|move|p1a: Torkoal|Eruption|p2b: Froslass|[spread] \n|-activate|p2a: Armarouge|move: Wide Guard\n|-activate|p2b: Froslass|move: Wide Guard\n|move|p1b: Araquanid|Liquidation|p2a: Armarouge\n|-supereffective|p2a: Armarouge|1\n|-damage|p2a: Armarouge|5/100\n|move|p2b: Froslass|Shadow Ball|p1b: Araquanid\n|-damage|p1b: Araquanid|47/100\n|-unboost|p1b: Araquanid|spd|1\n|\n|-weather|Snowscape|[upkeep]\n|upkeep\n|turn|4\n|inactive|Xelemental 4ever has 30 seconds left.\n|\n|t:|1776449300\n|switch|p2b: Garchomp|Garchomp, L50, F|100/100\n|move|p1a: Torkoal|Eruption|p2b: Garchomp|[spread] p2b\n|-start|p2a: Armarouge|ability: Flash Fire\n|-resisted|p2b: Garchomp|1\n|-damage|p2b: Garchomp|88/100\n|move|p1b: Araquanid|Liquidation|p2a: Armarouge\n|-supereffective|p2a: Armarouge|1\n|-damage|p2a: Armarouge|0 fnt\n|faint|p2a: Armarouge\n|\n|-weather|Snowscape|[upkeep]\n|upkeep\n|\n|t:|1776449309\n|switch|p2a: Kingambit|Kingambit, L50, F|100/100\n|turn|5\n|\n|t:|1776449318\n|move|p2a: Kingambit|Sucker Punch|p1a: Torkoal\n|-damage|p1a: Torkoal|25/100\n|move|p1a: Torkoal|Weather Ball|p2b: Garchomp\n|-supereffective|p2b: Garchomp|2\n|-damage|p2b: Garchomp|0 fnt\n|faint|p2b: Garchomp\n|move|p1b: Araquanid|Liquidation|p2a: Kingambit\n|-damage|p2a: Kingambit|60/100\n|\n|-weather|Snowscape|[upkeep]\n|-fieldend|move: Trick Room\n|upkeep\n|\n|t:|1776449329\n|switch|p2b: Froslass|Froslass-Mega, L50, F|100/100\n|turn|6\n|\n|t:|1776449341\n|move|p2b: Froslass|Shadow Ball|p1a: Torkoal\n|-damage|p1a: Torkoal|0 fnt\n|faint|p1a: Torkoal\n|move|p2a: Kingambit|Kowtow Cleave|p1b: Araquanid\n|-damage|p1b: Araquanid|0 fnt\n|faint|p1b: Araquanid\n|\n|-weather|none\n|-sideend|p2: Xelemental 4ever|move: Aurora Veil\n|upkeep\n|\n|t:|1776449345\n|switch|p1b: Crabominable|Crabominable-Mega, L50, F|29/100\n|switch|p1a: Farigiraf|Farigiraf, L50, F|67/100\n|turn|7\n|\n|t:|1776449364\n|move|p1b: Crabominable|Protect|p1b: Crabominable\n|-singleturn|p1b: Crabominable|Protect\n|move|p2b: Froslass|Shadow Ball|p1b: Crabominable\n|-activate|p1b: Crabominable|move: Protect\n|move|p2a: Kingambit|Kowtow Cleave|p1a: Farigiraf\n|-supereffective|p1a: Farigiraf|1\n|-damage|p1a: Farigiraf|0 fnt\n|faint|p1a: Farigiraf\n|\n|upkeep\n|turn|8\n|\n|t:|1776449377\n|move|p2b: Froslass|Shadow Ball|p1b: Crabominable\n|-damage|p1b: Crabominable|0 fnt\n|faint|p1b: Crabominable\n|\n|win|Xelemental 4ever\n|raw|pakety209's rating: 1102 &rarr; <strong>1082</strong><br />(-20 for losing)\n|raw|Xelemental 4ever's rating: 1173 &rarr; <strong>1193</strong><br />(+20 for winning)\n|c|\u2606Xelemental 4ever|Gg\n|l|\u2606pakety209\n|player|p1|\n",
  "uploadtime": 1776449389,
  "views": 26,
  "formatid": "gen9championsvgc2026regma",
  "rating": 1082,
  "private": 0,
  "password": null
}