{
  "id": "gen9championsvgc2026regma-2584613868",
  "format": "[Gen 9 Champions] VGC 2026 Reg M-A",
  "players": [
    "W1ll1am86",
    "frostexd"
  ],
  "log": "|j|\u2606W1ll1am86\n|j|\u2606frostexd\n|t:|1776272173\n|gametype|doubles\n|player|p1|W1ll1am86|palmer|1082\n|player|p2|frostexd|266|1072\n|gen|9\n|tier|[Gen 9 Champions] VGC 2026 Reg M-A\n|rated|\n|rule|Species Clause: Limit one of each Pok\u00e9mon\n|rule|Item Clause: Limit 1 of each item\n|clearpoke\n|poke|p1|Tauros-Paldea-Blaze, L50, M|\n|poke|p1|Meganium, L50, M|\n|poke|p1|Aerodactyl, L50, F|\n|poke|p1|Goodra-Hisui, L50, M|\n|poke|p1|Gengar, L50, M|\n|poke|p1|Sharpedo, L50, F|\n|poke|p2|Gengar, L50, M|\n|poke|p2|Sinistcha, L50|\n|poke|p2|Incineroar, L50, F|\n|poke|p2|Maushold-Four, L50|\n|poke|p2|Ninetales-Alola, L50, M|\n|poke|p2|Empoleon, L50, M|\n|teampreview|4\n|inactive|Battle timer is ON: inactive players will automatically lose when time's up. (requested by frostexd)\n|inactive|W1ll1am86 has 60 seconds left.\nfrostexd rejected open team sheets.\n|\n|t:|1776272230\n|teamsize|p1|4\n|teamsize|p2|4\n|start\n|switch|p1a: Aerodactyl|Aerodactyl, L50, F|100/100\n|switch|p1b: Gengar|Gengar, L50, M|100/100\n|switch|p2a: Gengar|Gengar, L50, M, shiny|100/100\n|switch|p2b: Empoleon|Empoleon, L50, M, shiny|100/100\n|-ability|p1a: Aerodactyl|Unnerve\n|turn|1\n|\n|t:|1776272252\n|detailschange|p2a: Gengar|Gengar-Mega, L50, M, shiny\n|-mega|p2a: Gengar|Gengar|Gengarite\n|move|p2a: Gengar|Protect|p2a: Gengar\n|-singleturn|p2a: Gengar|Protect\n|move|p1b: Gengar|Shadow Ball|p2a: Gengar\n|-activate|p2a: Gengar|move: Protect\n|move|p1a: Aerodactyl|Tailwind|p1a: Aerodactyl\n|-sidestart|p1: W1ll1am86|move: Tailwind\n|move|p2b: Empoleon|Hydro Pump|p1a: Aerodactyl\n|-supereffective|p1a: Aerodactyl|1\n|-enditem|p1a: Aerodactyl|Focus Sash\n|-damage|p1a: Aerodactyl|1/100\n|\n|upkeep\n|turn|2\n|inactive|frostexd has 30 seconds left.\n|\n|t:|1776272282\n|switch|p2a: Ninetales|Ninetales-Alola, L50, M|100/100\n|-weather|Snowscape|[from] ability: Snow Warning|[of] p2a: Ninetales\n|move|p1a: Aerodactyl|Protect|p1a: Aerodactyl\n|-singleturn|p1a: Aerodactyl|Protect\n|move|p1b: Gengar|Shadow Ball|p2a: Ninetales\n|-damage|p2a: Ninetales|55/100\n|move|p2b: Empoleon|Flash Cannon|p1b: Gengar\n|-damage|p1b: Gengar|41/100\n|\n|-weather|Snowscape|[upkeep]\n|upkeep\n|turn|3\n|\n|t:|1776272307\n|switch|p1b: Tauros|Tauros-Paldea-Blaze, L50, M|100/100\n|-ability|p1b: Tauros|Intimidate|boost\n|-unboost|p2a: Ninetales|atk|1\n|-unboost|p2b: Empoleon|atk|1\n|-ability|p2b: Empoleon|Competitive|boost\n|-boost|p2b: Empoleon|spa|2\n|switch|p1a: Meganium|Meganium, L50, M|100/100\n|move|p2a: Ninetales|Protect|p2a: Ninetales\n|-singleturn|p2a: Ninetales|Protect\n|move|p2b: Empoleon|Flash Cannon|p1a: Meganium\n|-damage|p1a: Meganium|33/100\n|\n|-weather|Snowscape|[upkeep]\n|upkeep\n|turn|4\n|\n|t:|1776272329\n|switch|p2a: Gengar|Gengar-Mega, L50, M, shiny|100/100\n|detailschange|p1a: Meganium|Meganium-Mega, L50, M\n|-mega|p1a: Meganium|Meganium|Meganiumite\n|move|p1b: Tauros|Flare Blitz|p2a: Gengar\n|-crit|p2a: Gengar\n|-damage|p2a: Gengar|0 fnt\n|faint|p2a: Gengar\n|-damage|p1b: Tauros|64/100|[from] Recoil\n|move|p1a: Meganium|Solar Beam||[still]\n|-prepare|p1a: Meganium|Solar Beam\n|-activate|p1a: Meganium|ability: Mega Sol\n|-anim|p1a: Meganium|Solar Beam|p2b: Empoleon\n|-damage|p2b: Empoleon|23/100\n|move|p2b: Empoleon|Hydro Pump|p1b: Tauros|[miss]\n|-miss|p2b: Empoleon|p1b: Tauros\n|\n|-weather|Snowscape|[upkeep]\n|-sideend|p1: W1ll1am86|move: Tailwind\n|upkeep\n|\n|t:|1776272347\n|switch|p2a: Sinistcha|Sinistcha, L50|100/100\n|-heal|p2b: Empoleon|48/100|[from] ability: Hospitality|[of] p2a: Sinistcha\n|turn|5\n|inactive|W1ll1am86 has 30 seconds left.\n|\n|t:|1776272373\n|move|p1b: Tauros|Protect|p1b: Tauros\n|-singleturn|p1b: Tauros|Protect\n|move|p2a: Sinistcha|Protect|p2a: Sinistcha\n|-singleturn|p2a: Sinistcha|Protect\n|move|p1a: Meganium|Solar Beam||[still]\n|-prepare|p1a: Meganium|Solar Beam\n|-activate|p1a: Meganium|ability: Mega Sol\n|-anim|p1a: Meganium|Solar Beam|p2b: Empoleon\n|-damage|p2b: Empoleon|0 fnt\n|faint|p2b: Empoleon\n|\n|-weather|Snowscape|[upkeep]\n|upkeep\n|-message|frostexd forfeited.\n|\n|win|W1ll1am86\n|raw|W1ll1am86's rating: 1082 &rarr; <strong>1109</strong><br />(+27 for winning)\n|raw|frostexd's rating: 1072 &rarr; <strong>1052</strong><br />(-20 for losing)\n|l|\u2606frostexd\n|player|p2|\n",
  "uploadtime": 1776272386,
  "views": 21,
  "formatid": "gen9championsvgc2026regma",
  "rating": 1052,
  "private": 0,
  "password": null
}