{
  "id": "gen9championsvgc2026regma-2582437801",
  "format": "[Gen 9 Champions] VGC 2026 Reg M-A",
  "players": [
    "OrtegaFX",
    "Kior"
  ],
  "log": "|j|\u2606OrtegaFX\n|j|\u2606Kior\n|t:|1776091666\n|gametype|doubles\n|player|p1|OrtegaFX|n|1466\n|player|p2|Kior|guitarist-gen4|1365\n|gen|9\n|tier|[Gen 9 Champions] VGC 2026 Reg M-A\n|rated|\n|rule|Species Clause: Limit one of each Pok\u00e9mon\n|rule|Item Clause: Limit 1 of each item\n|clearpoke\n|poke|p1|Charizard, L50, M|\n|poke|p1|Whimsicott, L50, M|\n|poke|p1|Garchomp, L50, F|\n|poke|p1|Farigiraf, L50, M|\n|poke|p1|Sneasler, L50, M|\n|poke|p1|Kingambit, L50, F|\n|poke|p2|Farigiraf, L50, F|\n|poke|p2|Kingambit, L50, F|\n|poke|p2|Golurk, L50|\n|poke|p2|Drampa, L50, M|\n|poke|p2|Incineroar, L50, M|\n|poke|p2|Sinistcha, L50|\n|teampreview|4\n|inactive|Battle timer is ON: inactive players will automatically lose when time's up. (requested by OrtegaFX)\n|j| misfortune100\n|inactive|OrtegaFX has 60 seconds left.\n|inactive|Kior has 60 seconds left.\n|inactive|OrtegaFX has 30 seconds left.\n|inactive|Kior has 30 seconds left.\n|\n|t:|1776091732\n|teamsize|p1|4\n|teamsize|p2|4\n|start\n|switch|p1a: Farigiraf|Farigiraf, L50, M|100/100\n|switch|p1b: Kingambit|Kingambit, L50, F, shiny|100/100\n|switch|p2a: Farigiraf|Farigiraf, L50, F|100/100\n|switch|p2b: Incineroar|Incineroar, L50, M|100/100\n|-ability|p2b: Incineroar|Intimidate|boost\n|-unboost|p1a: Farigiraf|atk|1\n|-unboost|p1b: Kingambit|atk|1\n|-ability|p1b: Kingambit|Defiant|boost\n|-boost|p1b: Kingambit|atk|2\n|turn|1\n|inactive|OrtegaFX has 30 seconds left.\n|inactive|OrtegaFX has 20 seconds left.\n|inactive|Kior has 30 seconds left.\n|inactive|OrtegaFX has 15 seconds left.\n|\n|t:|1776091776\n|move|p1a: Farigiraf|Helping Hand|p1b: Kingambit\n|-singleturn|p1b: Kingambit|Helping Hand|[of] p1a: Farigiraf\n|move|p2a: Farigiraf|Protect|p2a: Farigiraf\n|-singleturn|p2a: Farigiraf|Protect\n|move|p2b: Incineroar|Flare Blitz|p1b: Kingambit\n|-supereffective|p1b: Kingambit|1\n|-damage|p1b: Kingambit|36/100\n|-damage|p2b: Incineroar|79/100|[from] Recoil\n|move|p1b: Kingambit|Kowtow Cleave|p2a: Farigiraf\n|-activate|p2a: Farigiraf|move: Protect\n|\n|upkeep\n|turn|2\n|\n|t:|1776091801\n|move|p1a: Farigiraf|Helping Hand|p1b: Kingambit\n|-singleturn|p1b: Kingambit|Helping Hand|[of] p1a: Farigiraf\n|move|p2b: Incineroar|Flare Blitz|p1b: Kingambit\n|-supereffective|p1b: Kingambit|1\n|-damage|p1b: Kingambit|0 fnt\n|faint|p1b: Kingambit\n|-damage|p2b: Incineroar|67/100|[from] Recoil\n|move|p2a: Farigiraf|Trick Room|p2a: Farigiraf\n|-fieldstart|move: Trick Room|[of] p2a: Farigiraf\n|\n|upkeep\n|inactive|OrtegaFX has 30 seconds left.\n|\n|t:|1776091828\n|switch|p1b: Garchomp|Garchomp, L50, F|100/100\n|turn|3\n|\n|t:|1776091845\n|move|p2b: Incineroar|Parting Shot|p1b: Garchomp\n|-unboost|p1b: Garchomp|atk|1\n|-unboost|p1b: Garchomp|spa|1\n|\n|t:|1776091857\n|switch|p2b: Drampa|Drampa, L50, M|100/100|[from] Parting Shot\n|move|p2a: Farigiraf|Twin Beam|p1b: Garchomp\n|-damage|p1b: Garchomp|83/100\n|-damage|p1b: Garchomp|66/100\n|-hitcount|p1b: Garchomp|2\n|move|p1b: Garchomp|Earthquake|p2a: Farigiraf|[spread] p1a,p2a,p2b\n|-damage|p1a: Farigiraf|78/100\n|-damage|p2a: Farigiraf|79/100\n|-damage|p2b: Drampa|71/100\n|move|p1a: Farigiraf|Trick Room|p1a: Farigiraf\n|-fieldend|move: Trick Room\n|\n|upkeep\n|turn|4\n|inactive|OrtegaFX has 30 seconds left.\n|\n|t:|1776091888\n|move|p2b: Drampa|Protect|p2b: Drampa\n|-singleturn|p2b: Drampa|Protect\n|move|p1b: Garchomp|Earthquake|p2b: Drampa|[spread] p1a,p2a\n|-activate|p2b: Drampa|move: Protect\n|-damage|p1a: Farigiraf|57/100\n|-damage|p2a: Farigiraf|59/100\n|move|p1a: Farigiraf|Hyper Voice|p2a: Farigiraf|[spread] p2a\n|-activate|p2b: Drampa|move: Protect\n|-damage|p2a: Farigiraf|37/100\n|-enditem|p2a: Farigiraf|Sitrus Berry|[eat]\n|-heal|p2a: Farigiraf|61/100|[from] item: Sitrus Berry\n|move|p2a: Farigiraf|Trick Room|p2a: Farigiraf\n|-fieldstart|move: Trick Room|[of] p2a: Farigiraf\n|\n|upkeep\n|turn|5\n|inactive|Kior has 30 seconds left.\n|inactive|OrtegaFX has 30 seconds left.\n|inactive|Kior has 20 seconds left.\n|\n|t:|1776091927\n|switch|p2a: Incineroar|Incineroar, L50, M|67/100\n|-ability|p2a: Incineroar|Intimidate|boost\n|-unboost|p1a: Farigiraf|atk|1\n|-unboost|p1b: Garchomp|atk|1\n|switch|p1b: Charizard|Charizard, L50, M, shiny|100/100\n|move|p2b: Drampa|Draco Meteor|p1a: Farigiraf\n|-damage|p1a: Farigiraf|0 fnt\n|-unboost|p2b: Drampa|spa|2\n|faint|p1a: Farigiraf\n|\n|upkeep\n|\n|t:|1776091937\n|switch|p1a: Garchomp|Garchomp, L50, F|66/100\n|turn|6\n|inactive|OrtegaFX has 30 seconds left.\n|\n|t:|1776091970\n|move|p1b: Charizard|Protect|p1b: Charizard\n|-singleturn|p1b: Charizard|Protect\n|move|p2a: Incineroar|Fake Out|p1b: Charizard\n|-activate|p1b: Charizard|move: Protect\n|move|p2b: Drampa|Ice Beam|p1a: Garchomp\n|-supereffective|p1a: Garchomp|2\n|-damage|p1a: Garchomp|0 fnt\n|faint|p1a: Garchomp\n|\n|upkeep\n|turn|7\n|j| ketchupplant\n|\n|t:|1776091989\n|switch|p2b: Golurk|Golurk, L50|100/100\n|detailschange|p1b: Charizard|Charizard-Mega-Y, L50, M, shiny\n|-mega|p1b: Charizard|Charizard|Charizardite Y\n|-weather|SunnyDay|[from] ability: Drought|[of] p1b: Charizard\n|move|p2a: Incineroar|Parting Shot|p1b: Charizard\n|-unboost|p1b: Charizard|atk|1\n|-unboost|p1b: Charizard|spa|1\n|\n|t:|1776092000\n|switch|p2a: Farigiraf|Farigiraf, L50, F|61/100|[from] Parting Shot\n|move|p1b: Charizard|Heat Wave|p2b: Golurk|[spread] p2a,p2b\n|-damage|p2a: Farigiraf|19/100\n|-damage|p2b: Golurk|48/100\n|\n|-weather|SunnyDay|[upkeep]\n|upkeep\n|turn|8\n|l| ketchupplant\n|\n|t:|1776092020\n|switch|p2a: Incineroar|Incineroar, L50, M|67/100\n|-ability|p2a: Incineroar|Intimidate|boost\n|-unboost|p1b: Charizard|atk|1\n|detailschange|p2b: Golurk|Golurk-Mega, L50\n|-mega|p2b: Golurk|Golurk|Golurkite\n|move|p2b: Golurk|Poltergeist|p1b: Charizard\n|-activate|p1b: Charizard|move: Poltergeist|Charizardite Y\n|-damage|p1b: Charizard|17/100\n|move|p1b: Charizard|Heat Wave|p2a: Incineroar|[spread] p2a,p2b\n|-resisted|p2a: Incineroar|1\n|-crit|p2b: Golurk\n|-damage|p2a: Incineroar|49/100\n|-damage|p2b: Golurk|0 fnt\n|faint|p2b: Golurk\n|\n|-weather|SunnyDay|[upkeep]\n|-fieldend|move: Trick Room\n|upkeep\n|\n|t:|1776092034\n|switch|p2b: Farigiraf|Farigiraf, L50, F|19/100\n|turn|9\n|\n|t:|1776092039\n|move|p2a: Incineroar|Fake Out|p1b: Charizard\n|-damage|p1b: Charizard|5/100\n|cant|p1b: Charizard|flinch\n|move|p2b: Farigiraf|Trick Room|p2b: Farigiraf\n|-fieldstart|move: Trick Room|[of] p2b: Farigiraf\n|\n|-weather|SunnyDay|[upkeep]\n|upkeep\n|turn|10\n|\n|t:|1776092048\n|move|p2a: Incineroar|Throat Chop|p1b: Charizard\n|-damage|p1b: Charizard|0 fnt\n|faint|p1b: Charizard\n|\n|win|Kior\n|raw|OrtegaFX's rating: 1466 &rarr; <strong>1440</strong><br />(-26 for losing)\n|raw|Kior's rating: 1365 &rarr; <strong>1391</strong><br />(+26 for winning)\n|l|\u2606OrtegaFX\n|player|p1|\n|c|\u2606Kior|gg\n",
  "uploadtime": 1776092058,
  "views": 41,
  "formatid": "gen9championsvgc2026regma",
  "rating": 1391,
  "private": 0,
  "password": null
}