{
  "id": "gen9championsvgc2026regma-2585659326",
  "format": "[Gen 9 Champions] VGC 2026 Reg M-A",
  "players": [
    "lctrem",
    "GAPDHD"
  ],
  "log": "|j|\u2606lctrem\n|j|\u2606GAPDHD\n|t:|1776361842\n|gametype|doubles\n|player|p1|lctrem|2|1609\n|player|p2|GAPDHD|ruinmaniac|1495\n|gen|9\n|tier|[Gen 9 Champions] VGC 2026 Reg M-A\n|rated|\n|rule|Species Clause: Limit one of each Pok\u00e9mon\n|rule|Item Clause: Limit 1 of each item\n|clearpoke\n|poke|p1|Froslass, L50, F|\n|poke|p1|Kingambit, L50, M|\n|poke|p1|Whimsicott, L50, M|\n|poke|p1|Garchomp, L50, F|\n|poke|p1|Sneasler, L50, M|\n|poke|p1|Dragonite, L50, F|\n|poke|p2|Aerodactyl, L50, F|\n|poke|p2|Archaludon, L50, M|\n|poke|p2|Pelipper, L50, F|\n|poke|p2|Tauros-Paldea-Aqua, L50, M|\n|poke|p2|Venusaur, L50, F|\n|poke|p2|Klefki, L50, F|\n|teampreview|4\nGAPDHD has agreed to open team sheets.\n|j| newmegasbad\n|inactive|Battle timer is ON: inactive players will automatically lose when time's up. (requested by lctrem)\n|\n|t:|1776361874\n|teamsize|p1|4\n|teamsize|p2|4\n|start\n|switch|p1a: Whimsicott|Whimsicott, L50, M|100/100\n|switch|p1b: Garchomp|Garchomp, L50, F|100/100\n|switch|p2a: Tauros|Tauros-Paldea-Aqua, L50, M|100/100\n|switch|p2b: Klefki|Klefki, L50, F|100/100\n|-ability|p2a: Tauros|Intimidate|boost\n|-unboost|p1a: Whimsicott|atk|1\n|-unboost|p1b: Garchomp|atk|1\n|turn|1\n|\n|t:|1776361890\n|switch|p2a: Pelipper|Pelipper, L50, F|100/100\n|-weather|RainDance|[from] ability: Drizzle|[of] p2a: Pelipper\n|move|p1a: Whimsicott|Tailwind|p1a: Whimsicott\n|-sidestart|p1: lctrem|move: Tailwind\n|move|p2b: Klefki|Reflect|p2b: Klefki\n|-sidestart|p2: GAPDHD|Reflect\n|move|p1b: Garchomp|Dragon Claw|p2a: Pelipper\n|-damage|p2a: Pelipper|79/100\n|\n|-weather|RainDance|[upkeep]\n|upkeep\n|turn|2\n|\n|t:|1776361904\n|switch|p1a: Froslass|Froslass, L50, F|100/100\n|move|p1b: Garchomp|Rock Slide|p2b: Klefki|[spread] p2a,p2b\n|-supereffective|p2a: Pelipper|1\n|-resisted|p2b: Klefki|1\n|-damage|p2a: Pelipper|60/100\n|-damage|p2b: Klefki|96/100\n|cant|p2a: Pelipper|flinch\n|cant|p2b: Klefki|flinch\n|\n|-weather|RainDance|[upkeep]\n|upkeep\n|turn|3\n|\n|t:|1776361916\n|switch|p1b: Whimsicott|Whimsicott, L50, M|100/100\n|switch|p2a: Tauros|Tauros-Paldea-Aqua, L50, M|100/100\n|-ability|p2a: Tauros|Intimidate|boost\n|-unboost|p1a: Froslass|atk|1\n|-unboost|p1b: Whimsicott|atk|1\n|detailschange|p1a: Froslass|Froslass-Mega, L50, F\n|-mega|p1a: Froslass|Froslass|Froslassite\n|-weather|Snowscape|[from] ability: Snow Warning|[of] p1a: Froslass\n|move|p2b: Klefki|Light Screen|p2b: Klefki\n|-sidestart|p2: GAPDHD|move: Light Screen\n|move|p1a: Froslass|Blizzard|p2a: Tauros|[spread] p2a,p2b\n|-resisted|p2a: Tauros|1\n|-resisted|p2b: Klefki|1\n|-damage|p2a: Tauros|75/100\n|-damage|p2b: Klefki|80/100\n|-status|p2b: Klefki|frz\n|\n|-weather|Snowscape|[upkeep]\n|upkeep\n|turn|4\n|j| I'mFrancis\n|\n|t:|1776361937\n|switch|p2b: Pelipper|Pelipper, L50, F|60/100\n|-weather|RainDance|[from] ability: Drizzle|[of] p2b: Pelipper\n|move|p1a: Froslass|Shadow Ball|p2a: Tauros\n|-damage|p2a: Tauros|29/100\n|move|p1b: Whimsicott|Moonblast|p2a: Tauros\n|-supereffective|p2a: Tauros|1\n|-damage|p2a: Tauros|0 fnt\n|faint|p2a: Tauros\n|\n|-weather|RainDance|[upkeep]\n|-sideend|p1: lctrem|move: Tailwind\n|upkeep\n|\n|t:|1776361946\n|switch|p2a: Klefki|Klefki, L50, F|80/100 frz\n|turn|5\n|\n|t:|1776361953\n|switch|p1a: Garchomp|Garchomp, L50, F|100/100\n|move|p1b: Whimsicott|Tailwind|p1b: Whimsicott\n|-sidestart|p1: lctrem|move: Tailwind\n|cant|p2a: Klefki|frz\n|move|p2b: Pelipper|Hurricane|p1a: Garchomp\n|-damage|p1a: Garchomp|48/100\n|\n|-weather|RainDance|[upkeep]\n|-sideend|p2: GAPDHD|Reflect\n|upkeep\n|turn|6\n|\n|t:|1776361966\n|move|p1b: Whimsicott|Helping Hand|p1a: Garchomp\n|-singleturn|p1a: Garchomp|Helping Hand|[of] p1b: Whimsicott\n|move|p1a: Garchomp|Rock Slide|p2a: Klefki|[spread] p2a,p2b\n|-resisted|p2a: Klefki|1\n|-supereffective|p2b: Pelipper|1\n|-damage|p2a: Klefki|66/100 frz\n|-damage|p2b: Pelipper|0 fnt\n|faint|p2b: Pelipper\n|cant|p2a: Klefki|frz\n|\n|-weather|RainDance|[upkeep]\n|upkeep\n|\n|t:|1776361976\n|switch|p2b: Venusaur|Venusaur, L50, F|100/100\n|turn|7\n|\n|t:|1776361982\n|detailschange|p2b: Venusaur|Venusaur-Mega, L50, F\n|-mega|p2b: Venusaur|Venusaur|Venusaurite\n|move|p1b: Whimsicott|Helping Hand|p1a: Garchomp\n|-singleturn|p1a: Garchomp|Helping Hand|[of] p1b: Whimsicott\n|move|p1a: Garchomp|Earthquake|p2b: Venusaur|[spread] p1b,p2a,p2b\n|-resisted|p1b: Whimsicott|1\n|-supereffective|p2a: Klefki|1\n|-damage|p1b: Whimsicott|67/100\n|-damage|p2a: Klefki|0 fnt\n|-damage|p2b: Venusaur|61/100\n|faint|p2a: Klefki\n|move|p2b: Venusaur|Sludge Bomb|p1b: Whimsicott\n|-supereffective|p1b: Whimsicott|2\n|-damage|p1b: Whimsicott|0 fnt\n|faint|p1b: Whimsicott\n|\n|-weather|RainDance|[upkeep]\n|-sideend|p2: GAPDHD|move: Light Screen\n|upkeep\n|-message|GAPDHD forfeited.\n|\n|win|lctrem\n|raw|lctrem's rating: 1609 &rarr; <strong>1623</strong><br />(+14 for winning)\n|raw|GAPDHD's rating: 1495 &rarr; <strong>1481</strong><br />(-14 for losing)\n|l|\u2606GAPDHD\n|player|p2|\n|l|\u2606lctrem\n|player|p1|\n|l| I'mFrancis\n",
  "uploadtime": 1776362201,
  "views": 48,
  "formatid": "gen9championsvgc2026regma",
  "rating": 1481,
  "private": 0,
  "password": null
}