{
  "id": "gen9championsvgc2026regma-2582928690",
  "format": "[Gen 9 Champions] VGC 2026 Reg M-A",
  "players": [
    "Aspecxt_",
    "boysenorange"
  ],
  "log": "|j|\u2606Aspecxt_\n|j|\u2606boysenorange\n|t:|1776125822\n|gametype|doubles\n|player|p1|Aspecxt_|whitney|1037\n|player|p2|boysenorange|turo|1057\n|gen|9\n|tier|[Gen 9 Champions] VGC 2026 Reg M-A\n|rated|\n|rule|Species Clause: Limit one of each Pok\u00e9mon\n|rule|Item Clause: Limit 1 of each item\n|clearpoke\n|poke|p1|Manectric, L50, M|\n|poke|p1|Pelipper, L50, F|\n|poke|p1|Incineroar, L50, F|\n|poke|p1|Basculegion, L50, M|\n|poke|p1|Sinistcha, L50|\n|poke|p1|Glimmora, L50, M|\n|poke|p2|Torkoal, L50, M|\n|poke|p2|Farigiraf, L50, F|\n|poke|p2|Maushold-Four, L50|\n|poke|p2|Camerupt, L50, F|\n|poke|p2|Hatterene, L50, F|\n|poke|p2|Meowstic, L50, M|\n|teampreview|4\n|inactive|Battle timer is ON: inactive players will automatically lose when time's up. (requested by Aspecxt_)\n|\n|t:|1776125856\n|teamsize|p1|4\n|teamsize|p2|4\n|start\n|switch|p1a: Manectric|Manectric, L50, M|100/100\n|switch|p1b: Pelipper|Pelipper, L50, F|100/100\n|switch|p2a: Maushold|Maushold-Four, L50|100/100\n|switch|p2b: Farigiraf|Farigiraf, L50, F|100/100\n|-weather|RainDance|[from] ability: Drizzle|[of] p1b: Pelipper\n|turn|1\n|inactive|Aspecxt_ has 30 seconds left.\n|inactive|Aspecxt_ has 20 seconds left.\n|inactive|Aspecxt_ has 15 seconds left.\n|inactive|Aspecxt_ has 10 seconds left.\n|inactive|Aspecxt_ has 5 seconds left.\n|\n|t:|1776125906\n|detailschange|p1a: Manectric|Manectric-Mega, L50, M\n|-mega|p1a: Manectric|Manectric|Manectite\n|-ability|p1a: Manectric|Intimidate|boost\n|-unboost|p2a: Maushold|atk|1\n|-unboost|p2b: Farigiraf|atk|1\n|move|p2a: Maushold|Follow Me|p2a: Maushold\n|-singleturn|p2a: Maushold|move: Follow Me\n|move|p1a: Manectric|Snarl|p2a: Maushold|[spread] p2a,p2b\n|-supereffective|p2b: Farigiraf|1\n|-damage|p2a: Maushold|80/100\n|-damage|p2b: Farigiraf|85/100\n|-unboost|p2a: Maushold|spa|1\n|-unboost|p2b: Farigiraf|spa|1\n|move|p1b: Pelipper|Hurricane|p2a: Maushold\n|-damage|p2a: Maushold|12/100\n|move|p2b: Farigiraf|Trick Room|p2b: Farigiraf\n|-fieldstart|move: Trick Room|[of] p2b: Farigiraf\n|\n|-weather|RainDance|[upkeep]\n|upkeep\n|turn|2\n|\n|t:|1776125930\n|switch|p2b: Torkoal|Torkoal, L50, M|100/100\n|-weather|SunnyDay|[from] ability: Drought|[of] p2b: Torkoal\n|move|p2a: Maushold|Follow Me|p2a: Maushold\n|-singleturn|p2a: Maushold|move: Follow Me\n|move|p1b: Pelipper|Weather Ball|p2a: Maushold\n|-damage|p2a: Maushold|0 fnt\n|faint|p2a: Maushold\n|move|p1a: Manectric|Volt Switch|p2b: Torkoal\n|-damage|p2b: Torkoal|52/100\n|\n|t:|1776125943\n|switch|p1a: Incineroar|Incineroar, L50, F|100/100|[from] Volt Switch\n|-ability|p1a: Incineroar|Intimidate|boost\n|-unboost|p2b: Torkoal|atk|1\n|\n|-weather|SunnyDay|[upkeep]\n|upkeep\n|\n|t:|1776125946\n|switch|p2a: Camerupt|Camerupt, L50, F|100/100\n|turn|3\n|\n|t:|1776125961\n|switch|p2b: Farigiraf|Farigiraf, L50, F|85/100\n|switch|p1b: Manectric|Manectric-Mega, L50, M|100/100\n|-ability|p1b: Manectric|Intimidate|boost\n|-unboost|p2a: Camerupt|atk|1\n|-unboost|p2b: Farigiraf|atk|1\n|detailschange|p2a: Camerupt|Camerupt-Mega, L50, F\n|-mega|p2a: Camerupt|Camerupt|Cameruptite\n|move|p1a: Incineroar|Fake Out||[still]\n|cant|p2b: Farigiraf|ability: Armor Tail|Fake Out|[of] p1a: Incineroar\n|move|p2a: Camerupt|Earth Power|p1a: Incineroar\n|-supereffective|p1a: Incineroar|1\n|-damage|p1a: Incineroar|0 fnt\n|faint|p1a: Incineroar\n|\n|-weather|SunnyDay|[upkeep]\n|upkeep\n|\n|t:|1776125978\n|switch|p1a: Pelipper|Pelipper, L50, F|100/100\n|-weather|RainDance|[from] ability: Drizzle|[of] p1a: Pelipper\n|turn|4\n|c|\u2606Aspecxt_|well played\n|c|\u2606boysenorange|gg\n|\n|t:|1776125994\n|switch|p2b: Torkoal|Torkoal, L50, M|52/100\n|-weather|SunnyDay|[from] ability: Drought|[of] p2b: Torkoal\n|move|p2a: Camerupt|Eruption|p1a: Pelipper|[spread] p1a,p1b\n|-resisted|p1a: Pelipper|1\n|-damage|p1a: Pelipper|43/100\n|-damage|p1b: Manectric|0 fnt\n|faint|p1b: Manectric\n|move|p1a: Pelipper|Weather Ball|p2a: Camerupt\n|-resisted|p2a: Camerupt|1\n|-damage|p2a: Camerupt|80/100\n|\n|-weather|SunnyDay|[upkeep]\n|upkeep\n|\n|t:|1776126006\n|switch|p1b: Basculegion|Basculegion, L50, M, shiny|100/100\n|turn|5\n|-message|Aspecxt_ forfeited.\n|\n|win|boysenorange\n|raw|Aspecxt_'s rating: 1037 &rarr; <strong>1022</strong><br />(-15 for losing)\n|raw|boysenorange's rating: 1057 &rarr; <strong>1087</strong><br />(+30 for winning)\n|l|\u2606Aspecxt_\n|player|p1|\n",
  "uploadtime": 1776126028,
  "views": 12,
  "formatid": "gen9championsvgc2026regma",
  "rating": 1022,
  "private": 0,
  "password": null
}