{
  "id": "gen9championsvgc2026regma-2583863972",
  "format": "[Gen 9 Champions] VGC 2026 Reg M-A",
  "players": [
    "RandomGuyInSchool",
    "G64k"
  ],
  "log": "|j|\u2606RandomGuyInSchool\n|j|\u2606G64k\n|t:|1776203672\n|gametype|doubles\n|player|p1|RandomGuyInSchool|schoolkid-gen4|1059\n|player|p2|G64k|caitlin|1078\n|gen|9\n|tier|[Gen 9 Champions] VGC 2026 Reg M-A\n|rated|\n|rule|Species Clause: Limit one of each Pok\u00e9mon\n|rule|Item Clause: Limit 1 of each item\n|clearpoke\n|poke|p1|Incineroar, L50, M|\n|poke|p1|Farigiraf, L50, M|\n|poke|p1|Whimsicott, L50, F|\n|poke|p1|Gengar, L50, M|\n|poke|p1|Kingambit, L50, F|\n|poke|p1|Rotom-Wash, L50|\n|poke|p2|Pelipper, L50, M|\n|poke|p2|Basculegion, L50, M|\n|poke|p2|Altaria, L50, F|\n|poke|p2|Whimsicott, L50, F|\n|poke|p2|Archaludon, L50, M|\n|poke|p2|Tinkaton, L50, F|\n|teampreview|4\n|inactive|Battle timer is ON: inactive players will automatically lose when time's up. (requested by RandomGuyInSchool)\nRandomGuyInSchool rejected open team sheets.\n|inactive|RandomGuyInSchool has 60 seconds left.\n|\n|t:|1776203723\n|teamsize|p1|4\n|teamsize|p2|4\n|start\n|switch|p1a: Whimsicott|Whimsicott, L50, F|100/100\n|switch|p1b: Gengar|Gengar, L50, M|100/100\n|switch|p2a: Whimsicott|Whimsicott, L50, F|100/100\n|switch|p2b: Archaludon|Archaludon, L50, M|100/100\n|turn|1\n|\n|t:|1776203735\n|detailschange|p1b: Gengar|Gengar-Mega, L50, M\n|-mega|p1b: Gengar|Gengar|Gengarite\n|move|p2b: Archaludon|Protect|p2b: Archaludon\n|-singleturn|p2b: Archaludon|Protect\n|move|p2a: Whimsicott|Tailwind|p2a: Whimsicott\n|-sidestart|p2: G64k|move: Tailwind\n|move|p1a: Whimsicott|Encore|p2a: Whimsicott\n|-start|p2a: Whimsicott|Encore\n|-enditem|p2a: Whimsicott|Mental Herb\n|-end|p2a: Whimsicott|Encore\n|move|p1b: Gengar|Nasty Plot|p1b: Gengar\n|-boost|p1b: Gengar|spa|2\n|\n|upkeep\n|turn|2\n|\n|t:|1776203747\n|move|p1a: Whimsicott|Encore|p2b: Archaludon\n|-start|p2b: Archaludon|Encore\n|move|p2b: Archaludon|Protect||[still]\n|-fail|p2b: Archaludon\n|move|p2a: Whimsicott|Beat Up|p1b: Gengar\n|-supereffective|p1b: Gengar|1\n|-damage|p1b: Gengar|95/100\n|-supereffective|p1b: Gengar|1\n|-damage|p1b: Gengar|86/100\n|-supereffective|p1b: Gengar|1\n|-damage|p1b: Gengar|79/100\n|-supereffective|p1b: Gengar|1\n|-damage|p1b: Gengar|73/100\n|-hitcount|p1b: Gengar|4\n|move|p1b: Gengar|Nasty Plot|p1b: Gengar\n|-boost|p1b: Gengar|spa|2\n|\n|upkeep\n|turn|3\n|\n|t:|1776203771\n|move|p2b: Archaludon|Protect|p2b: Archaludon\n|-singleturn|p2b: Archaludon|Protect\n|move|p2a: Whimsicott|Encore|p1b: Gengar\n|-start|p1b: Gengar|Encore\n|move|p1a: Whimsicott|Tailwind|p1a: Whimsicott\n|-sidestart|p1: RandomGuyInSchool|move: Tailwind\n|move|p1b: Gengar|Nasty Plot|p1b: Gengar\n|-boost|p1b: Gengar|spa|2\n|\n|upkeep\n|turn|4\n|c|\u2606G64k|this is interesting isnt it\n|\n|t:|1776203790\n|move|p2b: Archaludon|Protect||[still]\n|-fail|p2b: Archaludon\n|move|p1b: Gengar|Nasty Plot|p1b: Gengar\n|-boost|p1b: Gengar|spa|0\n|move|p2a: Whimsicott|Moonblast|p1a: Whimsicott\n|-damage|p1a: Whimsicott|58/100\n|move|p1a: Whimsicott|Moonblast|p2a: Whimsicott\n|-damage|p2a: Whimsicott|47/100\n|\n|-end|p2b: Archaludon|Encore\n|-sideend|p2: G64k|move: Tailwind\n|upkeep\n|turn|5\n|c|\u2606RandomGuyInSchool|yeah\n|\n|t:|1776203814\n|move|p1a: Whimsicott|Encore|p2b: Archaludon\n|-start|p2b: Archaludon|Encore\n|move|p2b: Archaludon|Protect|p2b: Archaludon\n|-singleturn|p2b: Archaludon|Protect\n|move|p2a: Whimsicott|Tailwind|p2a: Whimsicott\n|-sidestart|p2: G64k|move: Tailwind\n|move|p1b: Gengar|Nasty Plot|p1b: Gengar\n|-boost|p1b: Gengar|spa|0\n|\n|-end|p1b: Gengar|Encore\n|upkeep\n|turn|6\n|\n|t:|1776203830\n|move|p1b: Gengar|Protect|p1b: Gengar\n|-singleturn|p1b: Gengar|Protect\n|move|p2b: Archaludon|Protect|p2b: Archaludon\n|-singleturn|p2b: Archaludon|Protect\n|move|p2a: Whimsicott|Encore|p1b: Gengar\n|-activate|p1b: Gengar|move: Protect\n|move|p1a: Whimsicott|Moonblast|p2a: Whimsicott\n|-damage|p2a: Whimsicott|0 fnt\n|faint|p2a: Whimsicott\n|\n|-sideend|p1: RandomGuyInSchool|move: Tailwind\n|upkeep\n|\n|t:|1776203836\n|switch|p2a: Pelipper|Pelipper, L50, M|100/100\n|-weather|RainDance|[from] ability: Drizzle|[of] p2a: Pelipper\n|turn|7\n|\n|t:|1776203849\n|move|p2b: Archaludon|Protect||[still]\n|-fail|p2b: Archaludon\n|move|p1b: Gengar|Shadow Ball|p2a: Pelipper\n|-enditem|p2a: Pelipper|Focus Sash\n|-damage|p2a: Pelipper|1/100\n|move|p2a: Pelipper|Hurricane|p1b: Gengar\n|-damage|p1b: Gengar|16/100\n|move|p1a: Whimsicott|Moonblast|p2a: Pelipper\n|-damage|p2a: Pelipper|0 fnt\n|faint|p2a: Pelipper\n|\n|-weather|RainDance|[upkeep]\n|-end|p2b: Archaludon|Encore\n|upkeep\n|\n|t:|1776203854\n|switch|p2a: Tinkaton|Tinkaton, L50, F|100/100\n|turn|8\n|\n|t:|1776203869\n|move|p1b: Gengar|Protect|p1b: Gengar\n|-singleturn|p1b: Gengar|Protect\n|move|p1a: Whimsicott|Encore|p2b: Archaludon\n|-start|p2b: Archaludon|Encore\n|move|p2b: Archaludon|Protect|p2b: Archaludon\n|-singleturn|p2b: Archaludon|Protect\n|move|p2a: Tinkaton|Gigaton Hammer|p1b: Gengar\n|-activate|p1b: Gengar|move: Protect\n|\n|-weather|RainDance|[upkeep]\n|-end|p2b: Archaludon|Encore\n|-sideend|p2: G64k|move: Tailwind\n|upkeep\n|turn|9\n|inactive|RandomGuyInSchool has 30 seconds left.\n|inactive|RandomGuyInSchool has 20 seconds left.\n|\n|t:|1776203907\n|move|p1a: Whimsicott|Tailwind|p1a: Whimsicott\n|-sidestart|p1: RandomGuyInSchool|move: Tailwind\n|move|p1b: Gengar|Shadow Ball|p2b: Archaludon\n|-damage|p2b: Archaludon|0 fnt\n|faint|p2b: Archaludon\n|move|p2a: Tinkaton|Knock Off|p1b: Gengar\n|-supereffective|p1b: Gengar|1\n|-damage|p1b: Gengar|0 fnt\n|faint|p1b: Gengar\n|\n|-weather|RainDance|[upkeep]\n|upkeep\n|\n|t:|1776203916\n|switch|p1b: Kingambit|Kingambit, L50, F|100/100\n|turn|10\n|c|\u2606RandomGuyInSchool|gg\n|\n|t:|1776203922\n|move|p1a: Whimsicott|Encore|p2a: Tinkaton\n|-start|p2a: Tinkaton|Encore\n|move|p1b: Kingambit|Swords Dance|p1b: Kingambit\n|-boost|p1b: Kingambit|atk|2\n|move|p2a: Tinkaton|Knock Off|p1a: Whimsicott\n|-resisted|p1a: Whimsicott|1\n|-damage|p1a: Whimsicott|41/100\n|-enditem|p1a: Whimsicott|Focus Sash|[from] move: Knock Off|[of] p2a: Tinkaton\n|\n|-weather|RainDance|[upkeep]\n|upkeep\n|turn|11\n|c|\u2606G64k|gg\n|\n|t:|1776203933\n|move|p1a: Whimsicott|Moonblast|p2a: Tinkaton\n|-resisted|p2a: Tinkaton|1\n|-damage|p2a: Tinkaton|85/100\n|move|p1b: Kingambit|Swords Dance|p1b: Kingambit\n|-boost|p1b: Kingambit|atk|2\n|move|p2a: Tinkaton|Knock Off|p1b: Kingambit\n|-resisted|p1b: Kingambit|1\n|-damage|p1b: Kingambit|91/100\n|-enditem|p1b: Kingambit|Leftovers|[from] move: Knock Off|[of] p2a: Tinkaton\n|\n|-weather|none\n|upkeep\n|turn|12\n|\n|t:|1776203945\n|move|p1a: Whimsicott|Moonblast|p2a: Tinkaton\n|-resisted|p2a: Tinkaton|1\n|-damage|p2a: Tinkaton|70/100\n|move|p1b: Kingambit|Iron Head|p2a: Tinkaton\n|-damage|p2a: Tinkaton|0 fnt\n|faint|p2a: Tinkaton\n|\n|win|RandomGuyInSchool\n|raw|RandomGuyInSchool's rating: 1059 &rarr; <strong>1092</strong><br />(+33 for winning)\n|raw|G64k's rating: 1078 &rarr; <strong>1055</strong><br />(-23 for losing)\n",
  "uploadtime": 1776203950,
  "views": 18,
  "formatid": "gen9championsvgc2026regma",
  "rating": 1055,
  "private": 0,
  "password": null
}