{
  "id": "gen9championsvgc2026regma-2583460984",
  "format": "[Gen 9 Champions] VGC 2026 Reg M-A",
  "players": [
    "DJYCGYHF",
    "paulywalnuts"
  ],
  "log": "|j|\u203dDJYCGYHF\n|j|\u2606paulywalnuts\n|t:|1776177126\n|gametype|doubles\n|player|p1|DJYCGYHF|169|1108\n|player|p2|paulywalnuts|hero-conquest|1141\n|gen|9\n|tier|[Gen 9 Champions] VGC 2026 Reg M-A\n|rated|\n|rule|Species Clause: Limit one of each Pok\u00e9mon\n|rule|Item Clause: Limit 1 of each item\n|clearpoke\n|poke|p1|Sableye, L50, M|\n|poke|p1|Typhlosion-Hisui, L50, F|\n|poke|p1|Aerodactyl, L50, F|\n|poke|p1|Kingambit, L50, F|\n|poke|p1|Rotom-Wash, L50|\n|poke|p1|Garchomp, L50, F|\n|poke|p2|Golurk, L50|\n|poke|p2|Farigiraf, L50, M|\n|poke|p2|Hatterene, L50, F|\n|poke|p2|Torkoal, L50, M|\n|poke|p2|Incineroar, L50, M|\n|poke|p2|Conkeldurr, L50, M|\n|teampreview|4\n|\n|t:|1776177161\n|teamsize|p1|4\n|teamsize|p2|4\n|start\n|switch|p1a: Sableye|Sableye, L50, M|100/100\n|switch|p1b: Typhlosion|Typhlosion-Hisui, L50, F|100/100\n|switch|p2a: Farigiraf|Farigiraf, L50, M|100/100\n|switch|p2b: Incineroar|Incineroar, L50, M|100/100\n|-ability|p2b: Incineroar|Intimidate|boost\n|-unboost|p1a: Sableye|atk|1\n|-unboost|p1b: Typhlosion|atk|1\n|turn|1\n|inactive|Battle timer is ON: inactive players will automatically lose when time's up. (requested by DJYCGYHF)\n|\n|t:|1776177185\n|move|p1a: Sableye|Sunny Day|p1a: Sableye\n|-weather|SunnyDay\n|move|p1b: Typhlosion|Eruption|p2b: Incineroar|[spread] p2a,p2b\n|-resisted|p2b: Incineroar|1\n|-damage|p2a: Farigiraf|29/100\n|-damage|p2b: Incineroar|68/100\n|move|p2b: Incineroar|Darkest Lariat|p1b: Typhlosion\n|-supereffective|p1b: Typhlosion|1\n|-damage|p1b: Typhlosion|0 fnt\n|faint|p1b: Typhlosion\n|move|p2a: Farigiraf|Trick Room|p2a: Farigiraf\n|-fieldstart|move: Trick Room|[of] p2a: Farigiraf\n|\n|-weather|SunnyDay|[upkeep]\n|upkeep\n|\n|t:|1776177199\n|switch|p1b: Garchomp|Garchomp, L50, F|100/100\n|turn|2\n|\n|t:|1776177220\n|switch|p2a: Golurk|Golurk, L50|100/100\n|move|p1a: Sableye|Foul Play|p2a: Golurk\n|-supereffective|p2a: Golurk|1\n|-damage|p2a: Golurk|0 fnt\n|faint|p2a: Golurk\n|move|p2b: Incineroar|Parting Shot|p1b: Garchomp\n|-unboost|p1b: Garchomp|atk|1\n|-unboost|p1b: Garchomp|spa|1\n|\n|t:|1776177228\n|switch|p2b: Conkeldurr|Conkeldurr, L50, M|100/100|[from] Parting Shot\n|-enditem|p1b: Garchomp|White Herb\n|-clearnegativeboost|p1b: Garchomp|[silent]\n|move|p1b: Garchomp|Earthquake|p2b: Conkeldurr|[spread] p1a,p2b\n|-crit|p1a: Sableye\n|-damage|p1a: Sableye|13/100\n|-damage|p2b: Conkeldurr|62/100\n|\n|-weather|SunnyDay|[upkeep]\n|-heal|p2b: Conkeldurr|68/100|[from] item: Leftovers\n|upkeep\n|\n|t:|1776177230\n|switch|p2a: Farigiraf|Farigiraf, L50, M|29/100\n|turn|3\n|\n|t:|1776177247\n|move|p2a: Farigiraf|Helping Hand|p2b: Conkeldurr\n|-singleturn|p2b: Conkeldurr|Helping Hand|[of] p2a: Farigiraf\n|move|p2b: Conkeldurr|Drain Punch|p1b: Garchomp\n|-damage|p1b: Garchomp|30/100\n|-heal|p2b: Conkeldurr|99/100|[from] drain|[of] p1b: Garchomp\n|-damage|p2b: Conkeldurr|88/100|[from] ability: Rough Skin|[of] p1b: Garchomp\n|move|p1a: Sableye|Foul Play|p2b: Conkeldurr\n|-resisted|p2b: Conkeldurr|1\n|-damage|p2b: Conkeldurr|62/100\n|move|p1b: Garchomp|Earthquake|p2a: Farigiraf|[spread] p1a,p2a,p2b\n|-damage|p1a: Sableye|0 fnt\n|-damage|p2a: Farigiraf|0 fnt\n|-damage|p2b: Conkeldurr|22/100\n|faint|p1a: Sableye\n|faint|p2a: Farigiraf\n|\n|-weather|SunnyDay|[upkeep]\n|-heal|p2b: Conkeldurr|28/100|[from] item: Leftovers\n|upkeep\n|\n|t:|1776177266\n|switch|p1a: Kingambit|Kingambit, L50, F|100/100\n|switch|p2a: Incineroar|Incineroar, L50, M|68/100\n|-ability|p2a: Incineroar|Intimidate|boost\n|-unboost|p1a: Kingambit|atk|1\n|-ability|p1a: Kingambit|Defiant|boost\n|-boost|p1a: Kingambit|atk|2\n|-unboost|p1b: Garchomp|atk|1\n|turn|4\n|\n|t:|1776177276\n|move|p1a: Kingambit|Protect|p1a: Kingambit\n|-singleturn|p1a: Kingambit|Protect\n|move|p1b: Garchomp|Protect|p1b: Garchomp\n|-singleturn|p1b: Garchomp|Protect\n|move|p2a: Incineroar|Fake Out|p1b: Garchomp\n|-activate|p1b: Garchomp|move: Protect\n|move|p2b: Conkeldurr|Drain Punch|p1a: Kingambit\n|-activate|p1a: Kingambit|move: Protect\n|\n|-weather|SunnyDay|[upkeep]\n|-heal|p2b: Conkeldurr|34/100|[from] item: Leftovers\n|upkeep\n|turn|5\n|\n|t:|1776177295\n|move|p2b: Conkeldurr|Protect|p2b: Conkeldurr\n|-singleturn|p2b: Conkeldurr|Protect\n|move|p1a: Kingambit|Sucker Punch||[still]\n|-fail|p1a: Kingambit\n|move|p2a: Incineroar|Flare Blitz|p1a: Kingambit\n|-supereffective|p1a: Kingambit|1\n|-damage|p1a: Kingambit|0 fnt\n|faint|p1a: Kingambit\n|-damage|p2a: Incineroar|35/100|[from] Recoil\n|move|p1b: Garchomp|Earthquake|p2b: Conkeldurr|[spread] p2a\n|-activate|p2b: Conkeldurr|move: Protect\n|-supereffective|p2a: Incineroar|1\n|-damage|p2a: Incineroar|0 fnt\n|faint|p2a: Incineroar\n|\n|-weather|none\n|-heal|p2b: Conkeldurr|40/100|[from] item: Leftovers\n|-fieldend|move: Trick Room\n|upkeep\n|turn|6\n|inactive|DJYCGYHF has 30 seconds left.\n|inactive|DJYCGYHF has 20 seconds left.\n|inactive|DJYCGYHF has 15 seconds left.\n|inactive|DJYCGYHF has 10 seconds left.\n|\n|t:|1776177342\n|move|p2b: Conkeldurr|Mach Punch|p1b: Garchomp\n|-damage|p1b: Garchomp|6/100\n|-damage|p2b: Conkeldurr|28/100|[from] ability: Rough Skin|[of] p1b: Garchomp\n|move|p1b: Garchomp|Earthquake|p2b: Conkeldurr\n|-damage|p2b: Conkeldurr|0 fnt\n|faint|p2b: Conkeldurr\n|\n|win|DJYCGYHF\n|raw|DJYCGYHF's rating: 1108 &rarr; <strong>1135</strong><br />(+27 for winning)\n|raw|paulywalnuts's rating: 1141 &rarr; <strong>1114</strong><br />(-27 for losing)\n|l|\u2606paulywalnuts\n|player|p2|\n",
  "uploadtime": 1776177351,
  "views": 27,
  "formatid": "gen9championsvgc2026regma",
  "rating": 1114,
  "private": 0,
  "password": null
}