{
  "id": "gen9championsvgc2026regma-2584583975",
  "format": "[Gen 9 Champions] VGC 2026 Reg M-A",
  "players": [
    "I\u2764\ufe0f\u5a1c\u7984Forever",
    "LamestAmos"
  ],
  "log": "|j|\u2606I\u2764\ufe0f\u5a1c\u7984Forever\n|j|\u2606LamestAmos\n|html|<table width=\"100%\"><tr><td align=\"left\">I\u2764\ufe0f\u5a1c\u7984Forever</td><td align=\"right\">LamestAmos</tr><tr><td align=\"left\"><i class=\"fa fa-circle-o\"></i> <i class=\"fa fa-circle-o\"></i> </td><td align=\"right\"><i class=\"fa fa-circle-o\"></i> <i class=\"fa fa-circle-o\"></i> </tr></table>\n|uhtml|bestof|<h2><strong>Game 1</strong> of <a href=\"/game-bestof3-gen9championsvgc2026regma-2584583974\">a best-of-3</a></h2>\n|t:|1776270302\n|gametype|doubles\n|player|p1|I\u2764\ufe0f\u5a1c\u7984Forever|youngcouple-gen4dp|\n|player|p2|LamestAmos|veteran|\n|gen|9\n|tier|[Gen 9 Champions] VGC 2026 Reg M-A\n|rated|Tournament battle\n|rule|Species Clause: Limit one of each Pok\u00e9mon\n|rule|Item Clause: Limit 1 of each item\n|raw|<div class=\"infobox\"><details class=\"readmore\" open><summary><strong>2 custom rules:</strong></summary> Force Open Team Sheets, Best of = 3</details></div>\n|clearpoke\n|poke|p1|Sylveon, L50, F|\n|poke|p1|Wyrdeer, L50, F|\n|poke|p1|Whimsicott, L50, M|\n|poke|p1|Blastoise, L50, M|\n|poke|p1|Archaludon, L50, M|\n|poke|p1|Aegislash, L50, M|\n|poke|p2|Basculegion, L50, M|\n|poke|p2|Orthworm, L50, F|\n|poke|p2|Garchomp, L50, M|\n|poke|p2|Delphox, L50, F|\n|poke|p2|Whimsicott, L50, F|\n|poke|p2|Sneasler, L50, M|\n|teampreview|4\n|showteam|p1|Sylveon||FairyFeather|Pixilate|HyperVoice,Protect,Psychic,QuickAttack|||F|||50|]Wyrdeer||SitrusBerry|Intimidate|Thunderbolt,EarthPower,Protect,Psychic|||F|||50|]Whimsicott||FocusSash|Prankster|Tailwind,TrickRoom,EnergyBall,Protect|||M|||50|]Blastoise||Blastoisinite|Torrent|WaterSpout,AuraSphere,DarkPulse,Protect|||M|||50|]Archaludon||ChoiceScarf|Sturdy|DracoMeteor,IronHead,AuraSphere,Thunderbolt|||M|||50|]Aegislash||Leftovers|StanceChange|SacredSword,KingsShield,Substitute,IronHead|||M|||50|\n|showteam|p2|Basculegion||ChoiceScarf|Adaptability|FlipTurn,LastRespects,WaveCrash,AquaJet|||M|||50|]Orthworm||SitrusBerry|EarthEater|Protect,ShedTail,HeavySlam,BodyPress|||F|||50|]Garchomp||SoftSand|RoughSkin|Protect,RockSlide,DragonClaw,Earthquake|||M|||50|]Delphox||Delphoxite|Blaze|Protect,NastyPlot,Psychic,HeatWave|||F|||50|]Whimsicott||FocusSash|Prankster|Protect,Moonblast,Tailwind,SunnyDay|||F|||50|]Sneasler||WhiteHerb|Unburden|Protect,DireClaw,CloseCombat,FakeOut|||M|||50|\n|j| I love womennn\n|c|\u2606LamestAmos|glhf\n|j|+holdingb\n|c| I love womennn|who is \u5a1c\u7984?\n|c|\u2606I\u2764\ufe0f\u5a1c\u7984Forever|My lover :)\n|j| Zonkah\n|c|+holdingb|that's very romantic\n|c|\u2606I\u2764\ufe0f\u5a1c\u7984Forever|Lol thks\n|c| I love womennn|yeah but who is ur lover?\n|c|\u2606I\u2764\ufe0f\u5a1c\u7984Forever|My waifu lol\n|c|\u2606LamestAmos|u just said it.....\n|j| larrazafio\n|c| I love womennn|is it some obscure anime girl that only you know about?\n|\n|t:|1776270420\n|teamsize|p1|4\n|teamsize|p2|4\n|start\n|switch|p1a: Whimsicott|Whimsicott, L50, M|100/100\n|switch|p1b: Blastoise|Blastoise, L50, M|100/100\n|switch|p2a: Basculegion|Basculegion, L50, M|100/100\n|switch|p2b: Orthworm|Orthworm, L50, F|100/100\n|turn|1\n|c| I love womennn|or is she mainstream or smth?\n|j|@Radio Free C-Side\n|\n|t:|1776270446\n|move|p1b: Blastoise|Protect|p1b: Blastoise\n|-singleturn|p1b: Blastoise|Protect\n|move|p2a: Basculegion|Flip Turn|p1b: Blastoise\n|-activate|p1b: Blastoise|move: Protect\n|move|p2b: Orthworm|Shed Tail|p2b: Orthworm\n|-start|p2b: Orthworm|Substitute|[from] move: Shed Tail\n|-damage|p2b: Orthworm|50/100\n|-enditem|p2b: Orthworm|Sitrus Berry|[eat]\n|-heal|p2b: Orthworm|75/100|[from] item: Sitrus Berry\n|\n|t:|1776270462\n|switch|p2b: I Cast Fireball!|Delphox, L50, F|100/100|[from] Shed Tail\n|move|p1a: Whimsicott|Trick Room|p1a: Whimsicott\n|-fieldstart|move: Trick Room|[of] p1a: Whimsicott\n|\n|upkeep\n|turn|2\n|\n|t:|1776270474\n|detailschange|p1b: Blastoise|Blastoise-Mega, L50, M\n|-mega|p1b: Blastoise|Blastoise|Blastoisinite\n|move|p2b: I Cast Fireball!|Protect|p2b: I Cast Fireball!\n|-singleturn|p2b: I Cast Fireball!|Protect\n|move|p1b: Blastoise|Water Spout|p2b: I Cast Fireball!|[spread] p2a\n|-activate|p2b: I Cast Fireball!|move: Protect\n|-resisted|p2a: Basculegion|1\n|-damage|p2a: Basculegion|64/100\n|move|p1a: Whimsicott|Energy Ball|p2a: Basculegion\n|-supereffective|p2a: Basculegion|1\n|-damage|p2a: Basculegion|0 fnt\n|faint|p2a: Basculegion\n|\n|upkeep\n|\n|t:|1776270490\n|switch|p2a: Sneasler|Sneasler, L50, M|100/100\n|turn|3\n|l|@Radio Free C-Side\n|\n|t:|1776270505\n|detailschange|p2b: I Cast Fireball!|Delphox-Mega, L50, F\n|-mega|p2b: I Cast Fireball!|Delphox|Delphoxite\n|move|p1a: Whimsicott|Protect|p1a: Whimsicott\n|-singleturn|p1a: Whimsicott|Protect\n|move|p1b: Blastoise|Protect|p1b: Blastoise\n|-singleturn|p1b: Blastoise|Protect\n|move|p2a: Sneasler|Fake Out|p1b: Blastoise\n|-activate|p1b: Blastoise|move: Protect\n|move|p2b: I Cast Fireball!|Nasty Plot|p2b: I Cast Fireball!\n|-boost|p2b: I Cast Fireball!|spa|2\n|\n|upkeep\n|turn|4\n|\n|t:|1776270531\n|move|p2a: Sneasler|Protect|p2a: Sneasler\n|-singleturn|p2a: Sneasler|Protect\n|move|p1b: Blastoise|Water Spout|p2b: I Cast Fireball!|[spread] p2b\n|-activate|p2a: Sneasler|move: Protect\n|-supereffective|p2b: I Cast Fireball!|1\n|-end|p2b: I Cast Fireball!|Substitute\n|move|p1a: Whimsicott|Energy Ball|p2b: I Cast Fireball!\n|-resisted|p2b: I Cast Fireball!|1\n|-damage|p2b: I Cast Fireball!|83/100\n|move|p2b: I Cast Fireball!|Heat Wave|p1b: Blastoise|[spread] p1a,p1b\n|-supereffective|p1a: Whimsicott|1\n|-resisted|p1b: Blastoise|1\n|-enditem|p1a: Whimsicott|Focus Sash\n|-damage|p1a: Whimsicott|1/100\n|-damage|p1b: Blastoise|61/100\n|\n|upkeep\n|turn|5\n|c| I love womennn|dang\n|\n|t:|1776270555\n|move|p2b: I Cast Fireball!|Protect|p2b: I Cast Fireball!\n|-singleturn|p2b: I Cast Fireball!|Protect\n|move|p1a: Whimsicott|Tailwind|p1a: Whimsicott\n|-sidestart|p1: I\u2764\ufe0f\u5a1c\u7984Forever|move: Tailwind\n|move|p2a: Sneasler|Close Combat|p1a: Whimsicott\n|-resisted|p1a: Whimsicott|1\n|-damage|p1a: Whimsicott|0 fnt\n|-unboost|p2a: Sneasler|def|1\n|-unboost|p2a: Sneasler|spd|1\n|faint|p1a: Whimsicott\n|-enditem|p2a: Sneasler|White Herb\n|-clearnegativeboost|p2a: Sneasler|[silent]\n|move|p1b: Blastoise|Water Spout|p2a: Sneasler|[spread] p2a\n|-activate|p2b: I Cast Fireball!|move: Protect\n|-damage|p2a: Sneasler|48/100\n|\n|-fieldend|move: Trick Room\n|upkeep\n|\n|t:|1776270566\n|switch|p1a: Archaludon|Archaludon, L50, M|100/100\n|turn|6\n|\n|t:|1776270577\n|move|p1a: Archaludon|Draco Meteor|p2b: I Cast Fireball!\n|-damage|p2b: I Cast Fireball!|17/100\n|-unboost|p1a: Archaludon|spa|2\n|move|p2a: Sneasler|Close Combat|p1b: Blastoise\n|-damage|p1b: Blastoise|7/100\n|-unboost|p2a: Sneasler|def|1\n|-unboost|p2a: Sneasler|spd|1\n|move|p2b: I Cast Fireball!|Heat Wave|p1b: Blastoise|[spread] p1a,p1b\n|-resisted|p1b: Blastoise|1\n|-ability|p1a: Archaludon|Sturdy\n|-damage|p1a: Archaludon|1/100\n|-damage|p1b: Blastoise|0 fnt\n|faint|p1b: Blastoise\n|\n|upkeep\n|j| RatzG\n|l| RatzG\n|\n|t:|1776270588\n|switch|p1b: Wyrdeer|Wyrdeer, L50, F|100/100\n|-ability|p1b: Wyrdeer|Intimidate|boost\n|-unboost|p2a: Sneasler|atk|1\n|-unboost|p2b: I Cast Fireball!|atk|1\n|turn|7\n|\n|t:|1776270602\n|move|p2b: I Cast Fireball!|Protect|p2b: I Cast Fireball!\n|-singleturn|p2b: I Cast Fireball!|Protect\n|move|p1a: Archaludon|Draco Meteor|p2b: I Cast Fireball!\n|-activate|p2b: I Cast Fireball!|move: Protect\n|move|p2a: Sneasler|Close Combat|p1a: Archaludon\n|-supereffective|p1a: Archaludon|1\n|-damage|p1a: Archaludon|0 fnt\n|-unboost|p2a: Sneasler|def|1\n|-unboost|p2a: Sneasler|spd|1\n|faint|p1a: Archaludon\n|move|p1b: Wyrdeer|Psychic|p2a: Sneasler\n|-supereffective|p2a: Sneasler|2\n|-damage|p2a: Sneasler|0 fnt\n|faint|p2a: Sneasler\n|\n|upkeep\n|c| I love womennn|oooooh this is a tourney\n|\n|t:|1776270615\n|switch|p2a: Orthworm|Orthworm, L50, F|75/100\n|turn|8\n|c| I love womennn|no wonder why so many ppl r here\n|j| Perhaps Perish?\n|\n|t:|1776270628\n|move|p2b: I Cast Fireball!|Heat Wave|p1b: Wyrdeer\n|-damage|p1b: Wyrdeer|0 fnt\n|faint|p1b: Wyrdeer\n|\n|win|LamestAmos\n||LamestAmos is ready for game 2.\n||I\u2764\ufe0f\u5a1c\u7984Forever is ready for game 2.\n|uhtml|next|Next: <a href=\"/battle-gen9championsvgc2026regma-2584589245\"><strong>Game 2 of 3</strong></a>\n",
  "uploadtime": 1776270636,
  "views": 16,
  "formatid": "gen9championsvgc2026regma",
  "rating": null,
  "private": 0,
  "password": null
}