{
  "id": "gen9championsvgc2026regma-2584025941",
  "format": "[Gen 9 Champions] VGC 2026 Reg M-A",
  "players": [
    "kylegibs",
    "yoogween"
  ],
  "log": "|j|\u2606kylegibs\n|j|\u2606yoogween\n|html|<table width=\"100%\"><tr><td align=\"left\">kylegibs</td><td align=\"right\">yoogween</tr><tr><td align=\"left\"><i class=\"fa fa-circle\"></i> <i class=\"fa fa-circle-o\"></i> </td><td align=\"right\"><i class=\"fa fa-circle-o\"></i> <i class=\"fa fa-circle\"></i> </tr></table>\n|uhtml|bestof|<h2><strong>Game 3</strong> of <a href=\"/game-bestof3-gen9championsvgc2026regma-2584018425\">a best-of-3</a></h2>\n|t:|1776217924\n|gametype|doubles\n|player|p1|kylegibs|ingo|\n|player|p2|yoogween|102|\n|gen|9\n|tier|[Gen 9 Champions] VGC 2026 Reg M-A\n|rule|Species Clause: Limit one of each Pok\u00e9mon\n|rule|Item Clause: Limit 1 of each item\n|raw|<div class=\"infobox\"><details class=\"readmore\" open><summary><strong>1 custom rule:</strong></summary> Best of = 3</details></div>\n|clearpoke\n|poke|p1|Archaludon, L50, M|\n|poke|p1|Sneasler, L50, M|\n|poke|p1|Sinistcha, L50|\n|poke|p1|Floette-Eternal, L50, F|\n|poke|p1|Tauros-Paldea-Aqua, L50, M|\n|poke|p1|Aggron, L50, M|\n|poke|p2|Froslass, L50, F|\n|poke|p2|Ninetales-Alola, L50, F|\n|poke|p2|Whimsicott, L50, F|\n|poke|p2|Palafin, L50, F|\n|poke|p2|Arcanine-Hisui, L50, F|\n|poke|p2|Garchomp, L50, M|\n|teampreview|4\n|j| Skelitron\nkylegibs rejected open team sheets.\n|inactive|Battle timer is ON: inactive players will automatically lose when time's up. (requested by kylegibs)\n|\n|t:|1776217958\n|teamsize|p1|4\n|teamsize|p2|4\n|start\n|switch|p1a: Girth|Aggron, L50, M, shiny|100/100\n|switch|p1b: Landon|Archaludon, L50, M|100/100\n|switch|p2a: Cold|Froslass, L50, F|100/100\n|switch|p2b: Palafin|Palafin, L50, F|100/100\n|turn|1\n|inactiveoff|Battle timer is now OFF.\n|inactive|Battle timer is ON: inactive players will automatically lose when time's up. (requested by kylegibs)\n|\n|t:|1776217990\n|detailschange|p2b: Palafin|Palafin-Hero, L50, F\n|switch|p2b: Garchomp|Garchomp, L50, M|100/100\n|detailschange|p2a: Cold|Froslass-Mega, L50, F\n|-mega|p2a: Cold|Froslass|Froslassite\n|-weather|Snowscape|[from] ability: Snow Warning|[of] p2a: Cold\n|detailschange|p1a: Girth|Aggron-Mega, L50, M, shiny\n|-mega|p1a: Girth|Aggron|Aggronite\n|move|p2a: Cold|Protect|p2a: Cold\n|-singleturn|p2a: Cold|Protect\n|move|p1b: Landon|Flash Cannon|p2a: Cold\n|-activate|p2a: Cold|move: Protect\n|move|p1a: Girth|Heavy Slam|p2a: Cold\n|-activate|p2a: Cold|move: Protect\n|\n|-weather|Snowscape|[upkeep]\n|upkeep\n|turn|2\n|inactive|yoogween has 30 seconds left.\n|inactive|kylegibs has 30 seconds left.\n|inactive|yoogween has 20 seconds left.\n|\n|t:|1776218033\n|switch|p1b: Floatzal|Tauros-Paldea-Aqua, L50, M|100/100\n|-ability|p1b: Floatzal|Intimidate|boost\n|-unboost|p2a: Cold|atk|1\n|-unboost|p2b: Garchomp|atk|1\n|-enditem|p2b: Garchomp|White Herb\n|-clearnegativeboost|p2b: Garchomp|[silent]\n|move|p2a: Cold|Aurora Veil|p2a: Cold\n|-sidestart|p2: yoogween|move: Aurora Veil\n|move|p2b: Garchomp|Earthquake|p1b: Floatzal|[spread] p2a,p1a,p1b\n|-supereffective|p1a: Girth|1\n|-damage|p2a: Cold|69/100\n|-damage|p1a: Girth|72/100\n|-damage|p1b: Floatzal|55/100\n|move|p1a: Girth|Brick Break|p2b: Garchomp\n|-sideend|p2: yoogween|move: Aurora Veil\n|-crit|p2b: Garchomp\n|-damage|p2b: Garchomp|63/100\n|-damage|p1a: Girth|59/100|[from] ability: Rough Skin|[of] p2b: Garchomp\n|\n|-weather|Snowscape|[upkeep]\n|upkeep\n|turn|3\n|inactive|yoogween has 30 seconds left.\n|inactive|yoogween has 20 seconds left.\n|inactive|yoogween has 15 seconds left.\n|inactive|yoogween has 10 seconds left.\n|\n|t:|1776218079\n|move|p2a: Cold|Protect|p2a: Cold\n|-singleturn|p2a: Cold|Protect\n|move|p2b: Garchomp|Earthquake|p1a: Girth|[spread] p1a,p1b\n|-activate|p2a: Cold|move: Protect\n|-supereffective|p1a: Girth|1\n|-damage|p1a: Girth|33/100\n|-damage|p1b: Floatzal|13/100\n|move|p1b: Floatzal|Rain Dance|p1b: Floatzal\n|-weather|RainDance\n|move|p1a: Girth|Heavy Slam|p2a: Cold\n|-activate|p2a: Cold|move: Protect\n|\n|-weather|RainDance|[upkeep]\n|upkeep\n|turn|4\n|inactive|yoogween has 30 seconds left.\n|\n|t:|1776218104\n|switch|p2a: Palafin|Palafin-Hero, L50, F|100/100\n|-activate|p2a: Palafin|ability: Zero to Hero\n|move|p1b: Floatzal|Protect|p1b: Floatzal\n|-singleturn|p1b: Floatzal|Protect\n|move|p1a: Girth|Protect|p1a: Girth\n|-singleturn|p1a: Girth|Protect\n|move|p2b: Garchomp|Earthquake|p1a: Girth|[spread] p2a\n|-activate|p1a: Girth|move: Protect\n|-activate|p1b: Floatzal|move: Protect\n|-damage|p2a: Palafin|58/100\n|\n|-weather|RainDance|[upkeep]\n|upkeep\n|turn|5\n|inactive|kylegibs has 30 seconds left.\n|\n|t:|1776218131\n|move|p2a: Palafin|Jet Punch|p1a: Girth\n|-damage|p1a: Girth|0 fnt\n|faint|p1a: Girth\n|move|p2b: Garchomp|Dragon Claw|p1b: Floatzal\n|-damage|p1b: Floatzal|0 fnt\n|faint|p1b: Floatzal\n|\n|-weather|RainDance|[upkeep]\n|upkeep\n|\n|t:|1776218136\n|switch|p1b: Landon|Archaludon, L50, M|100/100\n|switch|p1a: LaMelo Ball|Sneasler, L50, M|100/100\n|turn|6\n|\n|t:|1776218158\n|switch|p2a: Cold|Froslass-Mega, L50, F|69/100\n|-weather|Snowscape|[from] ability: Snow Warning|[of] p2a: Cold\n|move|p1a: LaMelo Ball|Fake Out|p2b: Garchomp\n|-damage|p2b: Garchomp|48/100\n|-damage|p1a: LaMelo Ball|88/100|[from] ability: Rough Skin|[of] p2b: Garchomp\n|cant|p2b: Garchomp|flinch\n|move|p1b: Landon|Electro Shot||[still]\n|-prepare|p1b: Landon|Electro Shot\n|-boost|p1b: Landon|spa|1\n|\n|-weather|Snowscape|[upkeep]\n|upkeep\n|turn|7\n|\n|t:|1776218182\n|move|p2a: Cold|Protect|p2a: Cold\n|-singleturn|p2a: Cold|Protect\n|move|p1a: LaMelo Ball|Close Combat|p2b: Garchomp\n|-damage|p2b: Garchomp|0 fnt\n|-unboost|p1a: LaMelo Ball|def|1\n|-unboost|p1a: LaMelo Ball|spd|1\n|-damage|p1a: LaMelo Ball|76/100|[from] ability: Rough Skin|[of] p2b: Garchomp\n|faint|p2b: Garchomp\n|-enditem|p1a: LaMelo Ball|White Herb\n|-clearnegativeboost|p1a: LaMelo Ball|[silent]\n|move|p1b: Landon|Electro Shot|p2a: Cold|[from] lockedmove\n|-activate|p2a: Cold|move: Protect\n|\n|-weather|Snowscape|[upkeep]\n|upkeep\n|\n|t:|1776218198\n|switch|p2b: Palafin|Palafin-Hero, L50, F|58/100\n|turn|8\n|\n|t:|1776218210\n|move|p2b: Palafin|Jet Punch|p1a: LaMelo Ball\n|-crit|p1a: LaMelo Ball\n|-damage|p1a: LaMelo Ball|0 fnt\n|faint|p1a: LaMelo Ball\n|move|p2a: Cold|Aurora Veil|p2a: Cold\n|-sidestart|p2: yoogween|move: Aurora Veil\n|move|p1b: Landon|Flash Cannon|p2a: Cold\n|-supereffective|p2a: Cold|1\n|-damage|p2a: Cold|0 fnt\n|faint|p2a: Cold\n|\n|-weather|Snowscape|[upkeep]\n|upkeep\n|\n|t:|1776218218\n|switch|p2a: Arcanine|Arcanine-Hisui, L50, F|100/100\n|-ability|p2a: Arcanine|Intimidate|boost\n|-unboost|p1b: Landon|atk|1\n|turn|9\n|\n|t:|1776218240\n|move|p1b: Landon|Protect|p1b: Landon\n|-singleturn|p1b: Landon|Protect\n|move|p2a: Arcanine|Flare Blitz|p1b: Landon\n|-activate|p1b: Landon|move: Protect\n|move|p2b: Palafin|Close Combat|p1b: Landon\n|-activate|p1b: Landon|move: Protect\n|\n|-weather|Snowscape|[upkeep]\n|upkeep\n|turn|10\n|\n|t:|1776218256\n|move|p2a: Arcanine|Flare Blitz|p1b: Landon\n|-damage|p1b: Landon|50/100\n|-damage|p2a: Arcanine|84/100|[from] Recoil\n|move|p2b: Palafin|Close Combat|p1b: Landon\n|-supereffective|p1b: Landon|1\n|-damage|p1b: Landon|0 fnt\n|-unboost|p2b: Palafin|def|1\n|-unboost|p2b: Palafin|spd|1\n|faint|p1b: Landon\n|\n|win|yoogween\n|l| Skelitron\n",
  "uploadtime": 1776218423,
  "views": 24,
  "formatid": "gen9championsvgc2026regma",
  "rating": null,
  "private": 0,
  "password": null
}