{
  "id": "gen9championsvgc2026regma-2585888587",
  "format": "[Gen 9 Champions] VGC 2026 Reg M-A",
  "players": [
    "Jerry Judewong",
    "THE_Boykisser9"
  ],
  "log": "|j|\u2606Jerry Judewong\n|j|\u2606THE_Boykisser9\n|t:|1776378658\n|gametype|doubles\n|player|p1|Jerry Judewong|hilbert|1210\n|player|p2|THE_Boykisser9|2|1184\n|gen|9\n|tier|[Gen 9 Champions] VGC 2026 Reg M-A\n|rated|\n|rule|Species Clause: Limit one of each Pok\u00e9mon\n|rule|Item Clause: Limit 1 of each item\n|clearpoke\n|poke|p1|Chimecho, L50, F|\n|poke|p1|Incineroar, L50, F|\n|poke|p1|Gallade, L50, M|\n|poke|p1|Chandelure, L50, M|\n|poke|p1|Bellibolt, L50, F|\n|poke|p1|Araquanid, L50, M|\n|poke|p2|Blastoise, L50, M|\n|poke|p2|Araquanid, L50, M|\n|poke|p2|Maushold-Four, L50|\n|poke|p2|Clefable, L50, M|\n|poke|p2|Basculegion, L50, M|\n|poke|p2|Pelipper, L50, M|\n|teampreview|4\n|\n|t:|1776378680\n|teamsize|p1|4\n|teamsize|p2|4\n|start\n|switch|p1a: Chandelure|Chandelure, L50, M|100/100\n|switch|p1b: Bellibolt|Bellibolt, L50, F|100/100\n|switch|p2a: Kyogre?|Blastoise, L50, M|100/100\n|switch|p2b: Pass the BUBBLE|Araquanid, L50, M|100/100\n|turn|1\n|\n|t:|1776378709\n|detailschange|p2a: Kyogre?|Blastoise-Mega, L50, M\n|-mega|p2a: Kyogre?|Blastoise|Blastoisinite\n|move|p2a: Kyogre?|Fake Out|p1b: Bellibolt\n|-crit|p1b: Bellibolt\n|-damage|p1b: Bellibolt|88/100\n|-start|p1b: Bellibolt|Charge|Fake Out|[from] ability: Electromorphosis\n|move|p2b: Pass the BUBBLE|Entrainment|p2a: Kyogre?\n|-ability|p2a: Kyogre?|Water Bubble|Mega Launcher|[from] move: Entrainment|[of] p2b: Pass the BUBBLE\n|cant|p1b: Bellibolt|flinch\n|-end|p1b: Bellibolt|Charge|[silent]\n|move|p1a: Chandelure|Trick Room|p1a: Chandelure\n|-fieldstart|move: Trick Room|[of] p1a: Chandelure\n|\n|upkeep\n|turn|2\n|\n|t:|1776378737\n|switch|p2b: Hit Me|Maushold-Four, L50|100/100\n|move|p2a: Kyogre?|Protect|p2a: Kyogre?\n|-singleturn|p2a: Kyogre?|Protect\n|move|p1b: Bellibolt|Thunderbolt|p2a: Kyogre?\n|-activate|p2a: Kyogre?|move: Protect\n|move|p1a: Chandelure|Shadow Ball|p2a: Kyogre?\n|-activate|p2a: Kyogre?|move: Protect\n|\n|upkeep\n|turn|3\n|\n|t:|1776378760\n|move|p2b: Hit Me|Follow Me|p2b: Hit Me\n|-singleturn|p2b: Hit Me|move: Follow Me\n|move|p1b: Bellibolt|Parabolic Charge|p2b: Hit Me|[spread] p1a,p2a,p2b\n|-supereffective|p2a: Kyogre?|1\n|-damage|p1a: Chandelure|68/100\n|-heal|p1b: Bellibolt|100/100|[from] drain|[of] p1a: Chandelure\n|-damage|p2a: Kyogre?|66/100\n|-damage|p2b: Hit Me|65/100\n|move|p2a: Kyogre?|Water Spout|p1a: Chandelure|[spread] p1a,p1b\n|-supereffective|p1a: Chandelure|1\n|-damage|p1a: Chandelure|0 fnt\n|-damage|p1b: Bellibolt|22/100\n|-start|p1b: Bellibolt|Charge|Water Spout|[from] ability: Electromorphosis\n|faint|p1a: Chandelure\n|\n|upkeep\n|\n|t:|1776378774\n|switch|p1a: Gallade|Gallade, L50, M|100/100\n|turn|4\n|\n|t:|1776378786\n|move|p1a: Gallade|Wide Guard|p1a: Gallade\n|-singleturn|p1a: Gallade|Wide Guard\n|move|p2b: Hit Me|Follow Me|p2b: Hit Me\n|-singleturn|p2b: Hit Me|move: Follow Me\n|move|p1b: Bellibolt|Parabolic Charge|p2a: Kyogre?|[spread] p2a,p2b\n|-activate|p1a: Gallade|move: Wide Guard\n|-supereffective|p2a: Kyogre?|1\n|-damage|p2a: Kyogre?|0 fnt\n|-heal|p1b: Bellibolt|53/100|[from] drain|[of] p2a: Kyogre?\n|-damage|p2b: Hit Me|4/100\n|-heal|p1b: Bellibolt|81/100|[from] drain|[of] p2b: Hit Me\n|faint|p2a: Kyogre?\n|-end|p1b: Bellibolt|Charge|[silent]\n|\n|upkeep\n|\n|t:|1776378799\n|switch|p2a: Pass the BUBBLE|Araquanid, L50, M|100/100\n|turn|5\n|\n|t:|1776378816\n|move|p2a: Pass the BUBBLE|Wide Guard|p2a: Pass the BUBBLE\n|-singleturn|p2a: Pass the BUBBLE|Wide Guard\n|move|p1b: Bellibolt|Thunderbolt|p2a: Pass the BUBBLE\n|-supereffective|p2a: Pass the BUBBLE|1\n|-damage|p2a: Pass the BUBBLE|36/100\n|move|p1a: Gallade|Psycho Cut|p2a: Pass the BUBBLE\n|-crit|p2a: Pass the BUBBLE\n|-damage|p2a: Pass the BUBBLE|0 fnt\n|faint|p2a: Pass the BUBBLE\n|move|p2b: Hit Me|Population Bomb|p1a: Gallade\n|-damage|p1a: Gallade|93/100\n|-damage|p1a: Gallade|86/100\n|-damage|p1a: Gallade|77/100\n|-damage|p1a: Gallade|68/100\n|-hitcount|p1a: Gallade|4\n|\n|-fieldend|move: Trick Room\n|upkeep\n|-message|THE_Boykisser9 forfeited.\n|\n|win|Jerry Judewong\n|raw|Jerry Judewong's rating: 1210 &rarr; <strong>1233</strong><br />(+23 for winning)\n|raw|THE_Boykisser9's rating: 1184 &rarr; <strong>1161</strong><br />(-23 for losing)\n|l|\u2606THE_Boykisser9\n|player|p2|\n",
  "uploadtime": 1776378841,
  "views": 16,
  "formatid": "gen9championsvgc2026regma",
  "rating": 1161,
  "private": 0,
  "password": null
}