{
  "id": "gen9championsvgc2026regma-2582214540",
  "format": "[Gen 9 Champions] VGC 2026 Reg M-A",
  "players": [
    "somearth",
    "treecko911"
  ],
  "log": "|j|\u2606somearth\n|j|\u2606treecko911\n|t:|1776072170\n|gametype|doubles\n|player|p1|somearth|169|1041\n|player|p2|treecko911|2|1000\n|gen|9\n|tier|[Gen 9 Champions] VGC 2026 Reg M-A\n|rated|\n|rule|Species Clause: Limit one of each Pok\u00e9mon\n|rule|Item Clause: Limit 1 of each item\n|clearpoke\n|poke|p1|Delphox, L50, F|\n|poke|p1|Garchomp, L50, F|\n|poke|p1|Incineroar, L50, F|\n|poke|p1|Sneasler, L50, M|\n|poke|p1|Floette-Eternal, L50, F|\n|poke|p1|Kingambit, L50, M|\n|poke|p2|Orthworm, L50, F|\n|poke|p2|Tyranitar, L50, M|\n|poke|p2|Excadrill, L50, F|\n|poke|p2|Clefable, L50, F|\n|poke|p2|Beedrill, L50, F|\n|poke|p2|Liepard, L50, M|\n|teampreview|4\n|inactive|Battle timer is ON: inactive players will automatically lose when time's up. (requested by somearth)\n|inactive|somearth has 60 seconds left.\n|inactive|treecko911 has 60 seconds left.\n|\n|t:|1776072207\n|teamsize|p1|4\n|teamsize|p2|4\n|start\n|switch|p1a: Delphox|Delphox, L50, F|100/100\n|switch|p1b: Garchomp|Garchomp, L50, F|100/100\n|switch|p2a: Liepard|Liepard, L50, M|100/100\n|switch|p2b: Beedrill|Beedrill, L50, F, shiny|100/100\n|turn|1\n|inactive|somearth has 30 seconds left.\n|inactive|treecko911 has 30 seconds left.\n|inactive|somearth has 20 seconds left.\n|inactive|treecko911 has 20 seconds left.\n|inactive|somearth has 15 seconds left.\n|inactive|treecko911 has 15 seconds left.\n|inactive|somearth has 10 seconds left.\n|inactive|somearth has 5 seconds left.\n|inactive|treecko911 has 10 seconds left.\n|\n|t:|1776072262\n|detailschange|p2b: Beedrill|Beedrill-Mega, L50, F, shiny\n|-mega|p2b: Beedrill|Beedrill|Beedrillite\n|move|p1b: Garchomp|Protect|p1b: Garchomp\n|-singleturn|p1b: Garchomp|Protect\n|move|p2a: Liepard|Fake Out|p1a: Delphox\n|-damage|p1a: Delphox|85/100\n|move|p2b: Beedrill|Cross Poison|p1a: Delphox\n|-crit|p1a: Delphox\n|-damage|p1a: Delphox|0 fnt\n|faint|p1a: Delphox\n|\n|upkeep\n|inactive|somearth has 30 seconds left.\n|inactive|somearth has 20 seconds left.\n|inactive|somearth has 15 seconds left.\n|inactive|somearth has 10 seconds left.\n|inactive|somearth has 5 seconds left.\n|\n|t:|1776072317\n|switch|p1a: Incineroar|Incineroar, L50, F|100/100\n|-ability|p1a: Incineroar|Intimidate|boost\n|-unboost|p2a: Liepard|atk|1\n|-unboost|p2b: Beedrill|atk|1\n|turn|2\n|inactive|somearth has 30 seconds left.\n|inactive|treecko911 has 30 seconds left.\n|inactive|somearth has 20 seconds left.\n|inactive|somearth has 15 seconds left.\n|inactive|somearth has 10 seconds left.\n|inactive|somearth has 5 seconds left.\n|\n|t:|1776072372\n|switch|p2b: Clefable|Clefable, L50, F|100/100\n|move|p1b: Garchomp|Protect|p1b: Garchomp\n|-singleturn|p1b: Garchomp|Protect\n|move|p2a: Liepard|Encore|p1b: Garchomp\n|-activate|p1b: Garchomp|move: Protect\n|move|p1a: Incineroar|Flare Blitz|p2a: Liepard\n|-crit|p2a: Liepard\n|-damage|p2a: Liepard|0 fnt\n|faint|p2a: Liepard\n|-damage|p1a: Incineroar|73/100|[from] Recoil\n|\n|-heal|p1a: Incineroar|79/100|[from] item: Leftovers\n|upkeep\n|\n|t:|1776072385\n|switch|p2a: Beedrill|Beedrill-Mega, L50, F, shiny|100/100\n|turn|3\n|inactive|somearth has 30 seconds left.\n|inactive|somearth has 20 seconds left.\n|inactive|somearth has 15 seconds left.\n|inactive|somearth has 10 seconds left.\n|inactive|somearth has 5 seconds left.\n|\n|t:|1776072440\n|move|p1b: Garchomp|Protect||[still]\n|-fail|p1b: Garchomp\n|move|p2b: Clefable|Follow Me|p2b: Clefable\n|-singleturn|p2b: Clefable|move: Follow Me\n|move|p2a: Beedrill|Drill Run|p1a: Incineroar|[miss]\n|-miss|p2a: Beedrill|p1a: Incineroar\n|move|p1a: Incineroar|Flare Blitz|p2b: Clefable\n|-damage|p2b: Clefable|35/100\n|-damage|p1a: Incineroar|57/100|[from] Recoil\n|\n|-heal|p1a: Incineroar|63/100|[from] item: Leftovers\n|upkeep\n|turn|4\n|c|\u2606treecko911|please bro i have to piss\n|\n|t:|1776072461\n|move|p2b: Clefable|Helping Hand|p2a: Beedrill\n|-singleturn|p2a: Beedrill|Helping Hand|[of] p2b: Clefable\n|move|p2a: Beedrill|Fell Stinger|p1a: Incineroar\n|-damage|p1a: Incineroar|0 fnt\n|faint|p1a: Incineroar\n|-boost|p2a: Beedrill|atk|3\n|move|p1b: Garchomp|Rock Slide|p2b: Clefable|[spread] p2a,p2b\n|-supereffective|p2a: Beedrill|1\n|-damage|p2a: Beedrill|3/100\n|-damage|p2b: Clefable|13/100\n|\n|upkeep\n|\n|t:|1776072471\n|switch|p1a: Sneasler|Sneasler, L50, M|100/100\n|turn|5\n|inactive|treecko911 has 30 seconds left.\n|inactive|treecko911 has 20 seconds left.\n|inactive|treecko911 has 15 seconds left.\n|inactive|treecko911 has 10 seconds left.\n|\n|t:|1776072520\n|move|p2a: Beedrill|Protect|p2a: Beedrill\n|-singleturn|p2a: Beedrill|Protect\n|move|p1a: Sneasler|Fake Out|p2a: Beedrill\n|-activate|p2a: Beedrill|move: Protect\n|move|p1b: Garchomp|Rock Slide|p2a: Beedrill|[spread] p2b\n|-activate|p2a: Beedrill|move: Protect\n|-damage|p2b: Clefable|0 fnt\n|faint|p2b: Clefable\n|\n|upkeep\n|\n|t:|1776072530\n|switch|p2b: Tyranitar|Tyranitar, L50, M|100/100\n|-weather|Sandstorm|[from] ability: Sand Stream|[of] p2b: Tyranitar\n|turn|6\n|\n|t:|1776072553\n|move|p2b: Tyranitar|Protect|p2b: Tyranitar\n|-singleturn|p2b: Tyranitar|Protect\n|move|p2a: Beedrill|Drill Run|p1a: Sneasler\n|-supereffective|p1a: Sneasler|1\n|-damage|p1a: Sneasler|0 fnt\n|faint|p1a: Sneasler\n|move|p1b: Garchomp|Earthquake|p2b: Tyranitar|[spread] p2a\n|-activate|p2b: Tyranitar|move: Protect\n|-damage|p2a: Beedrill|0 fnt\n|faint|p2a: Beedrill\n|\n|-weather|Sandstorm|[upkeep]\n|upkeep\n|turn|7\n|\n|t:|1776072578\n|move|p1b: Garchomp|Earthquake|p2b: Tyranitar\n|-supereffective|p2b: Tyranitar|1\n|-damage|p2b: Tyranitar|19/100\n|move|p2b: Tyranitar|Knock Off|p1b: Garchomp\n|-damage|p1b: Garchomp|46/100\n|-damage|p2b: Tyranitar|7/100|[from] ability: Rough Skin|[of] p1b: Garchomp\n|-enditem|p1b: Garchomp|Sitrus Berry|[from] move: Knock Off|[of] p2b: Tyranitar\n|\n|-weather|Sandstorm|[upkeep]\n|upkeep\n|turn|8\n|\n|t:|1776072589\n|move|p2b: Tyranitar|Protect|p2b: Tyranitar\n|-singleturn|p2b: Tyranitar|Protect\n|move|p1b: Garchomp|Earthquake|p2b: Tyranitar\n|-activate|p2b: Tyranitar|move: Protect\n|\n|-weather|Sandstorm|[upkeep]\n|upkeep\n|turn|9\n|\n|t:|1776072595\n|move|p1b: Garchomp|Earthquake|p2b: Tyranitar\n|-supereffective|p2b: Tyranitar|1\n|-damage|p2b: Tyranitar|0 fnt\n|faint|p2b: Tyranitar\n|\n|win|somearth\n|raw|somearth's rating: 1041 &rarr; <strong>1071</strong><br />(+30 for winning)\n|raw|treecko911's rating: 1000 &rarr; <strong>1000</strong><br />(+0 for losing)\n|l|\u2606somearth\n|player|p1|\n",
  "uploadtime": 1776072602,
  "views": 12,
  "formatid": "gen9championsvgc2026regma",
  "rating": 1000,
  "private": 0,
  "password": null
}