{
  "id": "gen9championsvgc2026regma-2585238644",
  "format": "[Gen 9 Champions] VGC 2026 Reg M-A",
  "players": [
    "txpxyy",
    "markesitoguapo"
  ],
  "log": "|j|\u2606txpxyy\n|j|\u2606markesitoguapo\n|t:|1776328651\n|gametype|doubles\n|player|p1|txpxyy|marshal|1048\n|player|p2|markesitoguapo|marlon|1085\n|gen|9\n|tier|[Gen 9 Champions] VGC 2026 Reg M-A\n|rated|\n|rule|Species Clause: Limit one of each Pok\u00e9mon\n|rule|Item Clause: Limit 1 of each item\n|clearpoke\n|poke|p1|Milotic, L50, M|\n|poke|p1|Arcanine-Hisui, L50, F|\n|poke|p1|Lopunny, L50, M|\n|poke|p1|Dragapult, L50, M|\n|poke|p1|Whimsicott, L50, M|\n|poke|p1|Corviknight, L50, F|\n|poke|p2|Kangaskhan, L50, F|\n|poke|p2|Sneasler, L50, M|\n|poke|p2|Hydreigon, L50, F|\n|poke|p2|Arcanine, L50, M|\n|poke|p2|Aegislash, L50, M|\n|poke|p2|Gyarados, L50, M|\n|teampreview|4\n|\n|t:|1776328676\n|teamsize|p1|4\n|teamsize|p2|4\n|start\n|switch|p1a: Cotton|Whimsicott, L50, M, shiny|100/100\n|switch|p1b: Dragapult|Dragapult, L50, M|100/100\n|switch|p2a: Falete|Kangaskhan, L50, F|100/100\n|switch|p2b: Bercero|Hydreigon, L50, F|100/100\n|turn|1\n|\n|t:|1776328695\n|detailschange|p2a: Falete|Kangaskhan-Mega, L50, F\n|-mega|p2a: Falete|Kangaskhan|Kangaskhanite\n|move|p1b: Dragapult|Protect|p1b: Dragapult\n|-singleturn|p1b: Dragapult|Protect\n|move|p2a: Falete|Fake Out|p1a: Cotton\n|-damage|p1a: Cotton|78/100\n|-crit|p1a: Cotton\n|-damage|p1a: Cotton|69/100\n|-hitcount|p1a: Cotton|2\n|move|p2b: Bercero|Tailwind|p2b: Bercero\n|-sidestart|p2: markesitoguapo|move: Tailwind\n|cant|p1a: Cotton|flinch\n|\n|upkeep\n|turn|2\n|\n|t:|1776328719\n|switch|p1b: Bunn|Lopunny, L50, M, shiny|100/100\n|move|p2a: Falete|Double-Edge|p1a: Cotton\n|-damage|p1a: Cotton|0 fnt\n|faint|p1a: Cotton\n|-hitcount|p1: Cotton|1\n|-damage|p2a: Falete|84/100|[from] Recoil\n|move|p2b: Bercero|Draco Meteor|p1b: Bunn\n|-damage|p1b: Bunn|3/100\n|-unboost|p2b: Bercero|spa|2\n|\n|upkeep\n|\n|t:|1776328732\n|switch|p1a: Corviknight|Corviknight, L50, F|100/100\n|-ability|p1a: Corviknight|Pressure\n|turn|3\n|inactive|Battle timer is ON: inactive players will automatically lose when time's up. (requested by txpxyy)\n|inactive|markesitoguapo has 60 seconds left.\n|inactive|markesitoguapo has 30 seconds left.\n|inactive|markesitoguapo has 20 seconds left.\n|inactive|markesitoguapo has 15 seconds left.\n|inactive|markesitoguapo has 10 seconds left.\n|inactive|markesitoguapo has 5 seconds left.\n|\n|t:|1776328884\n|detailschange|p1b: Bunn|Lopunny-Mega, L50, M, shiny\n|-mega|p1b: Bunn|Lopunny|Lopunnite\n|move|p1b: Bunn|Fake Out|p2a: Falete\n|-damage|p2a: Falete|59/100\n|cant|p2a: Falete|flinch\n|move|p2b: Bercero|Draco Meteor|p1b: Bunn\n|-damage|p1b: Bunn|0 fnt\n|-unboost|p2b: Bercero|spa|2\n|faint|p1b: Bunn\n|move|p1a: Corviknight|Iron Head|p2b: Bercero\n|-damage|p2b: Bercero|70/100\n|\n|upkeep\n|\n|t:|1776328896\n|switch|p1b: Dragapult|Dragapult, L50, M|100/100\n|turn|4\n|inactive|markesitoguapo has 30 seconds left.\n|inactive|markesitoguapo has 20 seconds left.\n|inactive|markesitoguapo has 15 seconds left.\n|inactive|markesitoguapo has 10 seconds left.\n|c|\u2606txpxyy|bro...\n|inactive|markesitoguapo has 5 seconds left.\n|\n|t:|1776328952\n|move|p2a: Falete|Double-Edge|p1b: Dragapult\n|-immune|p1b: Dragapult\n|move|p2b: Bercero|Draco Meteor|p1a: Corviknight\n|-resisted|p1a: Corviknight|1\n|-damage|p1a: Corviknight|90/100\n|-unboost|p2b: Bercero|spa|2\n|move|p1b: Dragapult|Dragon Darts|p2b: Bercero\n|-supereffective|p2b: Bercero|1\n|-damage|p2b: Bercero|6/100\n|-anim|p1b: Dragapult|Dragon Darts|p2a: Falete\n|-crit|p2a: Falete\n|-damage|p2a: Falete|19/100\n|move|p1a: Corviknight|Tailwind|p1a: Corviknight\n|-sidestart|p1: txpxyy|move: Tailwind\n|\n|-heal|p1a: Corviknight|96/100|[from] item: Leftovers\n|-sideend|p2: markesitoguapo|move: Tailwind\n|upkeep\n|turn|5\n|inactive|markesitoguapo has 30 seconds left.\n|inactive|markesitoguapo has 20 seconds left.\n|inactive|markesitoguapo has 15 seconds left.\n|inactive|markesitoguapo has 10 seconds left.\n|inactive|markesitoguapo has 5 seconds left.\n|\n|t:|1776329007\n|move|p1a: Corviknight|Protect|p1a: Corviknight\n|-singleturn|p1a: Corviknight|Protect\n|move|p1b: Dragapult|Dragon Darts|p2a: Falete\n|-damage|p2a: Falete|0 fnt\n|-anim|p1b: Dragapult|Dragon Darts|p2b: Bercero\n|-supereffective|p2b: Bercero|1\n|-damage|p2b: Bercero|0 fnt\n|faint|p2a: Falete\n|faint|p2b: Bercero\n|\n|-heal|p1a: Corviknight|100/100|[from] item: Leftovers\n|upkeep\n|inactive|markesitoguapo has 30 seconds left.\n|inactive|markesitoguapo has 20 seconds left.\n|inactive|markesitoguapo has 15 seconds left.\n|inactive|markesitoguapo has 10 seconds left.\n|inactive|markesitoguapo has 5 seconds left.\n|\n|t:|1776329062\n|switch|p2a: Solomeo|Aegislash, L50, M, shiny|100/100\n|switch|p2b: Aguja Din\u00e1mica|Sneasler, L50, M|100/100\n|turn|6\n|inactive|markesitoguapo has 30 seconds left.\n|inactive|markesitoguapo has 20 seconds left.\n|inactive|markesitoguapo has 15 seconds left.\n|inactive|markesitoguapo has 10 seconds left.\n|inactive|markesitoguapo has 5 seconds left.\n|c|\u2606txpxyy|bro why\n|\n|t:|1776329117\n|move|p1b: Dragapult|Dragon Darts|p2b: Aguja Din\u00e1mica\n|-damage|p2b: Aguja Din\u00e1mica|54/100\n|-anim|p1b: Dragapult|Dragon Darts|p2a: Solomeo\n|-resisted|p2a: Solomeo|1\n|-damage|p2a: Solomeo|89/100\n|move|p2b: Aguja Din\u00e1mica|Dire Claw|p1b: Dragapult\n|-resisted|p1b: Dragapult|1\n|-damage|p1b: Dragapult|70/100\n|move|p1a: Corviknight|Brave Bird|p2b: Aguja Din\u00e1mica\n|-supereffective|p2b: Aguja Din\u00e1mica|1\n|-damage|p2b: Aguja Din\u00e1mica|0 fnt\n|faint|p2b: Aguja Din\u00e1mica\n|-damage|p1a: Corviknight|84/100|[from] Recoil\n|-formechange|p2a: Solomeo|Aegislash-Blade|\n|move|p2a: Solomeo|Shadow Ball|p1a: Corviknight\n|-damage|p1a: Corviknight|37/100\n|\n|-heal|p1a: Corviknight|43/100|[from] item: Leftovers\n|-heal|p2a: Solomeo|96/100|[from] item: Leftovers\n|upkeep\n|turn|7\n|inactive|txpxyy has 30 seconds left.\n|inactive|markesitoguapo has 30 seconds left.\n|inactive|markesitoguapo has 20 seconds left.\n|inactive|markesitoguapo has 15 seconds left.\n|inactive|markesitoguapo has 10 seconds left.\n|inactive|markesitoguapo has 5 seconds left.\n|\n|t:|1776329172\n|move|p1b: Dragapult|Dragon Darts|p2a: Solomeo\n|-resisted|p2a: Solomeo|1\n|-damage|p2a: Solomeo|68/100\n|-anim|p1b: Dragapult|Dragon Darts|p2a: Solomeo\n|-resisted|p2a: Solomeo|1\n|-damage|p2a: Solomeo|40/100\n|move|p1a: Corviknight|Iron Head|p2a: Solomeo\n|-resisted|p2a: Solomeo|1\n|-damage|p2a: Solomeo|12/100\n|cant|p2a: Solomeo|flinch\n|\n|-heal|p1a: Corviknight|48/100|[from] item: Leftovers\n|-heal|p2a: Solomeo|19/100|[from] item: Leftovers\n|-sideend|p1: txpxyy|move: Tailwind\n|upkeep\n|turn|8\n|inactive|markesitoguapo has 30 seconds left.\n|inactive|markesitoguapo has 20 seconds left.\n|inactive|markesitoguapo has 15 seconds left.\n|inactive|markesitoguapo has 10 seconds left.\n|inactive|markesitoguapo has 5 seconds left.\n|\n|t:|1776329227\n|move|p1b: Dragapult|Dragon Darts|p2a: Solomeo\n|-resisted|p2a: Solomeo|1\n|-damage|p2a: Solomeo|0 fnt\n|faint|p2a: Solomeo\n|\n|win|txpxyy\n|raw|txpxyy's rating: 1048 &rarr; <strong>1084</strong><br />(+36 for winning)\n|raw|markesitoguapo's rating: 1085 &rarr; <strong>1060</strong><br />(-25 for losing)\n",
  "uploadtime": 1776329240,
  "views": 26,
  "formatid": "gen9championsvgc2026regma",
  "rating": 1060,
  "private": 0,
  "password": null
}