{
  "id": "gen9championsvgc2026regma-2582760699",
  "format": "[Gen 9 Champions] VGC 2026 Reg M-A",
  "players": [
    "the yig",
    "B. Farro"
  ],
  "log": "|j|\u2606the yig\n|j|\u2606B. Farro\n|t:|1776112216\n|gametype|doubles\n|player|p1|the yig|pokemaniac|1231\n|player|p2|B. Farro|ingo|1154\n|gen|9\n|tier|[Gen 9 Champions] VGC 2026 Reg M-A\n|rated|\n|rule|Species Clause: Limit one of each Pok\u00e9mon\n|rule|Item Clause: Limit 1 of each item\n|clearpoke\n|poke|p1|Froslass, L50, F|\n|poke|p1|Aerodactyl, L50, M|\n|poke|p1|Garchomp, L50, M|\n|poke|p1|Rotom-Wash, L50|\n|poke|p1|Milotic, L50, F|\n|poke|p1|Sneasler, L50, F|\n|poke|p2|Glimmora, L50, M|\n|poke|p2|Whimsicott, L50, F|\n|poke|p2|Altaria, L50, F|\n|poke|p2|Tauros-Paldea-Blaze, L50, M|\n|poke|p2|Garchomp, L50, F|\n|poke|p2|Kangaskhan, L50, F|\n|teampreview|4\n|inactive|Battle timer is ON: inactive players will automatically lose when time's up. (requested by the yig)\n|\n|t:|1776112301\n|teamsize|p1|4\n|teamsize|p2|4\n|start\n|switch|p1a: Garchomp|Garchomp, L50, M|100/100\n|switch|p1b: Milotic|Milotic, L50, F|100/100\n|switch|p2a: Altaria|Altaria, L50, F|100/100\n|switch|p2b: Whimsicott|Whimsicott, L50, F|100/100\n|-ability|p2a: Altaria|Cloud Nine\n|turn|1\n|\n|t:|1776112317\n|move|p2a: Altaria|Protect|p2a: Altaria\n|-singleturn|p2a: Altaria|Protect\n|move|p2b: Whimsicott|Tailwind|p2b: Whimsicott\n|-sidestart|p2: B. Farro|move: Tailwind\n|move|p1a: Garchomp|Fire Fang|p2b: Whimsicott\n|-supereffective|p2b: Whimsicott|1\n|-damage|p2b: Whimsicott|29/100\n|move|p1b: Milotic|Icy Wind|p2b: Whimsicott|[spread] p2b\n|-activate|p2a: Altaria|move: Protect\n|-supereffective|p2b: Whimsicott|1\n|-damage|p2b: Whimsicott|0 fnt\n|faint|p2b: Whimsicott\n|\n|upkeep\n|\n|t:|1776112337\n|switch|p2b: Kangaskhan|Kangaskhan, L50, F|100/100\n|turn|2\n|\n|t:|1776112346\n|switch|p1a: Aerodactyl|Aerodactyl, L50, M|100/100\n|-ability|p1a: Aerodactyl|Unnerve\n|move|p2b: Kangaskhan|Fake Out|p1b: Milotic\n|-damage|p1b: Milotic|82/100\n|move|p2a: Altaria|Ice Beam|p1a: Aerodactyl\n|-supereffective|p1a: Aerodactyl|1\n|-damage|p1a: Aerodactyl|38/100\n|cant|p1b: Milotic|flinch\n|\n|-heal|p1b: Milotic|88/100|[from] item: Leftovers\n|upkeep\n|turn|3\n|\n|t:|1776112364\n|move|p1a: Aerodactyl|Protect|p1a: Aerodactyl\n|-singleturn|p1a: Aerodactyl|Protect\n|move|p2a: Altaria|Ice Beam|p1a: Aerodactyl\n|-activate|p1a: Aerodactyl|move: Protect\n|move|p2b: Kangaskhan|Double-Edge|p1b: Milotic\n|-damage|p1b: Milotic|33/100\n|-damage|p2b: Kangaskhan|83/100|[from] Recoil\n|move|p1b: Milotic|Icy Wind|p2a: Altaria|[spread] p2a,p2b\n|-supereffective|p2a: Altaria|2\n|-crit|p2a: Altaria\n|-damage|p2a: Altaria|8/100\n|-damage|p2b: Kangaskhan|70/100\n|-unboost|p2a: Altaria|spe|1\n|-unboost|p2b: Kangaskhan|spe|1\n|\n|-heal|p1b: Milotic|39/100|[from] item: Leftovers\n|upkeep\n|turn|4\n|inactive|B. Farro has 30 seconds left.\n|\n|t:|1776112395\n|move|p1b: Milotic|Protect|p1b: Milotic\n|-singleturn|p1b: Milotic|Protect\n|move|p1a: Aerodactyl|Tailwind|p1a: Aerodactyl\n|-sidestart|p1: the yig|move: Tailwind\n|move|p2a: Altaria|Ice Beam|p1a: Aerodactyl\n|-supereffective|p1a: Aerodactyl|1\n|-damage|p1a: Aerodactyl|0 fnt\n|faint|p1a: Aerodactyl\n|move|p2b: Kangaskhan|Double-Edge|p1b: Milotic\n|-activate|p1b: Milotic|move: Protect\n|\n|-heal|p1b: Milotic|45/100|[from] item: Leftovers\n|-sideend|p2: B. Farro|move: Tailwind\n|upkeep\n|\n|t:|1776112399\n|switch|p1a: Froslass|Froslass, L50, F|100/100\n|turn|5\n|\n|t:|1776112416\n|detailschange|p1a: Froslass|Froslass-Mega, L50, F\n|-mega|p1a: Froslass|Froslass|Froslassite\n|-weather|Snowscape|[from] ability: Snow Warning|[of] p1a: Froslass\n|move|p2a: Altaria|Protect|p2a: Altaria\n|-singleturn|p2a: Altaria|Protect\n|move|p1a: Froslass|Blizzard|p2b: Kangaskhan|[spread] p2b\n|-activate|p2a: Altaria|move: Protect\n|-damage|p2b: Kangaskhan|24/100\n|move|p1b: Milotic|Icy Wind|p2a: Altaria|[spread] p2b\n|-activate|p2a: Altaria|move: Protect\n|-damage|p2b: Kangaskhan|11/100\n|-unboost|p2b: Kangaskhan|spe|1\n|move|p2b: Kangaskhan|Double-Edge|p1b: Milotic\n|-damage|p1b: Milotic|0 fnt\n|faint|p1b: Milotic\n|-damage|p2b: Kangaskhan|0 fnt|[from] Recoil\n|faint|p2b: Kangaskhan\n|\n|-weather|Snowscape|[upkeep]\n|upkeep\n|\n|t:|1776112436\n|switch|p2b: Glimmora|Glimmora, L50, M|100/100\n|switch|p1b: Garchomp|Garchomp, L50, M|100/100\n|turn|6\n|inactive|B. Farro has 30 seconds left.\n|\n|t:|1776112464\n|detailschange|p2b: Glimmora|Glimmora-Mega, L50, M\n|-mega|p2b: Glimmora|Glimmora|Glimmoranite\n|move|p1b: Garchomp|Earthquake|p2b: Glimmora|[spread] p1a,p2b\n|-immune|p2a: Altaria\n|-crit|p1a: Froslass\n|-supereffective|p2b: Glimmora|2\n|-damage|p1a: Froslass|0 fnt\n|-damage|p2b: Glimmora|0 fnt\n|faint|p1a: Froslass\n|faint|p2b: Glimmora\n|move|p2a: Altaria|Ice Beam|p1b: Garchomp\n|-supereffective|p1b: Garchomp|2\n|-damage|p1b: Garchomp|1/100\n|\n|-weather|Snowscape|[upkeep]\n|upkeep\n|turn|7\n|\n|t:|1776112486\n|move|p2a: Altaria|Protect|p2a: Altaria\n|-singleturn|p2a: Altaria|Protect\n|move|p1b: Garchomp|Earthquake|p2a: Altaria\n|-activate|p2a: Altaria|move: Protect\n|\n|-weather|Snowscape|[upkeep]\n|-sideend|p1: the yig|move: Tailwind\n|upkeep\n|turn|8\n|c|\u2606the yig|damn a crit is kinda\n|c|\u2606the yig|cmon garchomp why did you do that\n|\n|t:|1776112499\n|move|p1b: Garchomp|Earthquake|p2a: Altaria\n|-immune|p2a: Altaria\n|move|p2a: Altaria|Ice Beam|p1b: Garchomp\n|-supereffective|p1b: Garchomp|2\n|-damage|p1b: Garchomp|0 fnt\n|faint|p1b: Garchomp\n|\n|win|B. Farro\n|raw|the yig's rating: 1231 &rarr; <strong>1201</strong><br />(-30 for losing)\n|raw|B. Farro's rating: 1154 &rarr; <strong>1184</strong><br />(+30 for winning)\n",
  "uploadtime": 1776112513,
  "views": 21,
  "formatid": "gen9championsvgc2026regma",
  "rating": 1184,
  "private": 0,
  "password": null
}