{
  "id": "gen9championsvgc2026regma-2581938914",
  "format": "[Gen 9 Champions] VGC 2026 Reg M-A",
  "players": [
    "genzerow",
    "Unchained"
  ],
  "log": "|j|\u2606genzerow\n|j|\u2606Unchained\n|t:|1776041515\n|gametype|doubles\n|player|p1|genzerow|ethan-gen2c|1050\n|player|p2|Unchained|169|1000\n|gen|9\n|tier|[Gen 9 Champions] VGC 2026 Reg M-A\n|rated|\n|rule|Species Clause: Limit one of each Pok\u00e9mon\n|rule|Item Clause: Limit 1 of each item\n|clearpoke\n|poke|p1|Snorlax, L50, F|\n|poke|p1|Basculegion, L50, M|\n|poke|p1|Pelipper, L50, M|\n|poke|p1|Archaludon, L50, M|\n|poke|p1|Sinistcha, L50|\n|poke|p1|Kingambit, L50, M|\n|poke|p2|Oranguru, L50, F|\n|poke|p2|Passimian, L50, M|\n|poke|p2|Blastoise, L50, F|\n|poke|p2|Audino, L50, M|\n|poke|p2|Sableye, L50, M|\n|poke|p2|Glalie, L50, M|\n|teampreview|4\n|\n|t:|1776041562\n|teamsize|p1|4\n|teamsize|p2|4\n|start\n|switch|p1a: Pelipper|Pelipper, L50, M|100/100\n|switch|p1b: Basculegion|Basculegion, L50, M|100/100\n|switch|p2a: Sableye|Sableye, L50, M|100/100\n|switch|p2b: Glalie|Glalie, L50, M|100/100\n|-weather|RainDance|[from] ability: Drizzle|[of] p1a: Pelipper\n|turn|1\n|\n|t:|1776041582\n|detailschange|p2b: Glalie|Glalie-Mega, L50, M\n|-mega|p2b: Glalie|Glalie|Glalitite\n|move|p2a: Sableye|Quash|p1b: Basculegion\n|-activate|p1b: Basculegion|move: Quash\n|move|p1a: Pelipper|Tailwind|p1a: Pelipper\n|-sidestart|p1: genzerow|move: Tailwind\n|move|p2b: Glalie|Explosion|p1b: Basculegion|[spread] p2a,p1a,p1b\n|-resisted|p1b: Basculegion|1\n|-damage|p2a: Sableye|0 fnt\n|-enditem|p1a: Pelipper|Focus Sash\n|-damage|p1a: Pelipper|1/100\n|-damage|p1b: Basculegion|26/100\n|faint|p2b: Glalie\n|faint|p2a: Sableye\n|move|p1b: Basculegion|Flip Turn|p2: Sableye|[notarget]\n|-fail|p1b: Basculegion\n|\n|-weather|RainDance|[upkeep]\n|upkeep\n|\n|t:|1776041594\n|switch|p2b: Audino|Audino, L50, M|100/100\n|switch|p2a: Blastoise|Blastoise, L50, F|100/100\n|turn|2\n|\n|t:|1776041604\n|move|p1a: Pelipper|Helping Hand|p1b: Basculegion\n|-singleturn|p1b: Basculegion|Helping Hand|[of] p1a: Pelipper\n|move|p2a: Blastoise|Fake Out|p1a: Pelipper\n|-damage|p1a: Pelipper|0 fnt\n|faint|p1a: Pelipper\n|move|p1b: Basculegion|Flip Turn|p2b: Audino\n|-damage|p2b: Audino|9/100\n|-enditem|p2b: Audino|Sitrus Berry|[eat]\n|-heal|p2b: Audino|34/100|[from] item: Sitrus Berry\n|\n|t:|1776041613\n|switch|p1b: Sinistcha|Sinistcha, L50|100/100|[from] Flip Turn\n|move|p2b: Audino|Simple Beam|p2a: Blastoise\n|-ability|p2a: Blastoise|Simple|Rain Dish|[from] move: Simple Beam\n|\n|-weather|RainDance|[upkeep]\n|upkeep\n|\n|t:|1776041618\n|switch|p1a: Basculegion|Basculegion, L50, M|26/100\n|turn|3\n|\n|t:|1776041629\n|move|p2b: Audino|Ally Switch|p2b: Audino\n|swap|p2b: Audino|0|[from] move: Ally Switch\n|move|p1a: Basculegion|Flip Turn|p2b: Blastoise\n|-resisted|p2b: Blastoise|1\n|-damage|p2b: Blastoise|72/100\n|\n|t:|1776041634\n|switch|p1a: Archaludon|Archaludon, L50, M|100/100|[from] Flip Turn\n|move|p1b: Sinistcha|Strength Sap|p2a: Audino\n|-unboost|p2a: Audino|atk|1\n|move|p2b: Blastoise|Shell Smash|p2b: Blastoise\n|-unboost|p2b: Blastoise|def|2\n|-unboost|p2b: Blastoise|spd|2\n|-boost|p2b: Blastoise|atk|4\n|-boost|p2b: Blastoise|spa|4\n|-boost|p2b: Blastoise|spe|4\n|-enditem|p2b: Blastoise|White Herb\n|-clearnegativeboost|p2b: Blastoise|[silent]\n|\n|-weather|RainDance|[upkeep]\n|upkeep\n|turn|4\n|\n|t:|1776041649\n|move|p2b: Blastoise|Icy Wind|p1b: Sinistcha|[spread] p1a,p1b\n|-supereffective|p1b: Sinistcha|1\n|-damage|p1a: Archaludon|52/100\n|-damage|p1b: Sinistcha|38/100\n|-unboost|p1a: Archaludon|spe|1\n|-unboost|p1b: Sinistcha|spe|1\n|-ability|p1a: Archaludon|Stamina|boost\n|-boost|p1a: Archaludon|def|1\n|move|p1a: Archaludon|Electro Shot||[still]\n|-prepare|p1a: Archaludon|Electro Shot\n|-boost|p1a: Archaludon|spa|1\n|-anim|p1a: Archaludon|Electro Shot|p2a: Audino\n|-damage|p2a: Audino|0 fnt\n|faint|p2a: Audino\n|move|p1b: Sinistcha|Trick Room|p1b: Sinistcha\n|-fieldstart|move: Trick Room|[of] p1b: Sinistcha\n|\n|-weather|RainDance|[upkeep]\n|-sideend|p1: genzerow|move: Tailwind\n|upkeep\n|turn|5\n|c|\u2606Unchained|lol gg\n|\n|t:|1776041668\n|move|p1b: Sinistcha|Strength Sap|p2b: Blastoise\n|-unboost|p2b: Blastoise|atk|2\n|-heal|p1b: Sinistcha|100/100\n|move|p1a: Archaludon|Electro Shot||[still]\n|-prepare|p1a: Archaludon|Electro Shot\n|-boost|p1a: Archaludon|spa|1\n|-anim|p1a: Archaludon|Electro Shot|p2b: Blastoise\n|-supereffective|p2b: Blastoise|1\n|-damage|p2b: Blastoise|0 fnt\n|faint|p2b: Blastoise\n|\n|win|genzerow\n|raw|genzerow's rating: 1050 &rarr; <strong>1078</strong><br />(+28 for winning)\n|raw|Unchained's rating: 1000 &rarr; <strong>1000</strong><br />(+0 for losing)\n|l|\u2606Unchained\n|player|p2|\n|c|\u2606genzerow|gg\n",
  "uploadtime": 1776041689,
  "views": 17,
  "formatid": "gen9championsvgc2026regma",
  "rating": 1000,
  "private": 0,
  "password": null
}