{
  "id": "gen9championsvgc2026regma-2585159050",
  "format": "[Gen 9 Champions] VGC 2026 Reg M-A",
  "players": [
    "JacintoElGrande",
    "gunkqing"
  ],
  "log": "|j|\u2606JacintoElGrande\n|j|\u2606gunkqing\n|t:|1776319097\n|gametype|doubles\n|player|p1|JacintoElGrande|cheryl|1295\n|player|p2|gunkqing|nate|1334\n|gen|9\n|tier|[Gen 9 Champions] VGC 2026 Reg M-A\n|rated|\n|rule|Species Clause: Limit one of each Pok\u00e9mon\n|rule|Item Clause: Limit 1 of each item\n|clearpoke\n|poke|p1|Starmie, L50|\n|poke|p1|Sinistcha, L50|\n|poke|p1|Pelipper, L50, F|\n|poke|p1|Farigiraf, L50, M|\n|poke|p1|Incineroar, L50, F|\n|poke|p1|Sneasler, L50, F|\n|poke|p2|Scovillain, L50, F|\n|poke|p2|Kommo-o, L50, M|\n|poke|p2|Delphox, L50, M|\n|poke|p2|Garchomp, L50, M|\n|poke|p2|Aerodactyl, L50, M|\n|poke|p2|Kingambit, L50, M|\n|teampreview|4\n|inactive|Battle timer is ON: inactive players will automatically lose when time's up. (requested by gunkqing)\nJacintoElGrande has agreed to open team sheets.\n|inactive|JacintoElGrande has 60 seconds left.\n|\n|t:|1776319148\n|teamsize|p1|4\n|teamsize|p2|4\n|start\n|switch|p1a: Sneasler|Sneasler, L50, F|100/100\n|switch|p1b: Starmie|Starmie, L50|100/100\n|switch|p2a: Scovillain|Scovillain, L50, F|100/100\n|switch|p2b: Kommo-o|Kommo-o, L50, M|100/100\n|turn|1\n|inactive|JacintoElGrande has 30 seconds left.\n|\n|t:|1776319178\n|detailschange|p1b: Starmie|Starmie-Mega, L50\n|-mega|p1b: Starmie|Starmie|Starminite\n|move|p2b: Kommo-o|Protect|p2b: Kommo-o\n|-singleturn|p2b: Kommo-o|Protect\n|move|p2a: Scovillain|Protect|p2a: Scovillain\n|-singleturn|p2a: Scovillain|Protect\n|move|p1b: Starmie|Psycho Cut|p2b: Kommo-o\n|-activate|p2b: Kommo-o|move: Protect\n|move|p1a: Sneasler|Close Combat|p2b: Kommo-o\n|-activate|p2b: Kommo-o|move: Protect\n|\n|upkeep\n|turn|2\n|\n|t:|1776319195\n|detailschange|p2a: Scovillain|Scovillain-Mega, L50, F\n|-mega|p2a: Scovillain|Scovillain|Scovillainite\n|move|p2a: Scovillain|Rage Powder|p2a: Scovillain\n|-singleturn|p2a: Scovillain|move: Rage Powder\n|move|p1b: Starmie|Psycho Cut|p2a: Scovillain\n|-damage|p2a: Scovillain|35/100\n|-status|p1b: Starmie|brn|[from] ability: Spicy Spray|[of] p2a: Scovillain\n|move|p1a: Sneasler|Close Combat|p2a: Scovillain\n|-damage|p2a: Scovillain|0 fnt\n|-unboost|p1a: Sneasler|def|1\n|-unboost|p1a: Sneasler|spd|1\n|-status|p1a: Sneasler|brn|[from] ability: Spicy Spray|[of] p2a: Scovillain\n|faint|p2a: Scovillain\n|-enditem|p1a: Sneasler|White Herb\n|-clearnegativeboost|p1a: Sneasler|[silent]\n|move|p2b: Kommo-o|Clangorous Soul|p2b: Kommo-o\n|-boost|p2b: Kommo-o|atk|1\n|-boost|p2b: Kommo-o|def|1\n|-boost|p2b: Kommo-o|spa|1\n|-boost|p2b: Kommo-o|spd|1\n|-boost|p2b: Kommo-o|spe|1\n|-damage|p2b: Kommo-o|68/100\n|\n|-damage|p1a: Sneasler|95/100 brn|[from] brn\n|-damage|p1b: Starmie|95/100 brn|[from] brn\n|upkeep\n|\n|t:|1776319220\n|switch|p2a: Aerodactyl|Aerodactyl, L50, M|100/100\n|-ability|p2a: Aerodactyl|Unnerve\n|turn|3\n|\n|t:|1776319236\n|move|p1a: Sneasler|Dire Claw|p2a: Aerodactyl\n|-resisted|p2a: Aerodactyl|1\n|-damage|p2a: Aerodactyl|81/100\n|move|p2b: Kommo-o|Clanging Scales|p1a: Sneasler|[spread] p1a,p1b\n|-damage|p1a: Sneasler|2/100 brn\n|-damage|p1b: Starmie|2/100 brn\n|-unboost|p2b: Kommo-o|def|1\n|move|p2a: Aerodactyl|Rock Slide|p1a: Sneasler|[spread] p1a,p1b\n|-resisted|p1a: Sneasler|1\n|-damage|p1a: Sneasler|0 fnt\n|-damage|p1b: Starmie|0 fnt\n|faint|p1a: Sneasler\n|faint|p1b: Starmie\n|\n|upkeep\n|\n|t:|1776319241\n|switch|p1b: Incineroar|Incineroar, L50, F|100/100\n|switch|p1a: Pelipper|Pelipper, L50, F|100/100\n|-weather|RainDance|[from] ability: Drizzle|[of] p1a: Pelipper\n|-ability|p1b: Incineroar|Intimidate|boost\n|-unboost|p2a: Aerodactyl|atk|1\n|-unboost|p2b: Kommo-o|atk|1\n|turn|4\n|\n|t:|1776319252\n|move|p2b: Kommo-o|Protect|p2b: Kommo-o\n|-singleturn|p2b: Kommo-o|Protect\n|move|p1b: Incineroar|Fake Out|p2b: Kommo-o\n|-activate|p2b: Kommo-o|move: Protect\n|move|p2a: Aerodactyl|Tailwind|p2a: Aerodactyl\n|-sidestart|p2: gunkqing|move: Tailwind\n|move|p1a: Pelipper|Hurricane|p2b: Kommo-o\n|-activate|p2b: Kommo-o|move: Protect\n|\n|-weather|RainDance|[upkeep]\n|upkeep\n|turn|5\n|\n|t:|1776319264\n|move|p2b: Kommo-o|Clanging Scales|p1a: Pelipper|[spread] p1a,p1b\n|-enditem|p1a: Pelipper|Focus Sash\n|-damage|p1a: Pelipper|1/100\n|-damage|p1b: Incineroar|47/100\n|-unboost|p2b: Kommo-o|def|1\n|move|p2a: Aerodactyl|Rock Slide|p1b: Incineroar|[spread] p1a,p1b\n|-supereffective|p1a: Pelipper|1\n|-supereffective|p1b: Incineroar|1\n|-damage|p1a: Pelipper|0 fnt\n|-damage|p1b: Incineroar|17/100\n|faint|p1a: Pelipper\n|cant|p1b: Incineroar|flinch\n|\n|-weather|RainDance|[upkeep]\n|upkeep\n|turn|6\n|-message|JacintoElGrande forfeited.\n|\n|win|gunkqing\n|raw|JacintoElGrande's rating: 1295 &rarr; <strong>1273</strong><br />(-22 for losing)\n|raw|gunkqing's rating: 1334 &rarr; <strong>1352</strong><br />(+18 for winning)\n|l|\u2606JacintoElGrande\n|player|p1|\n",
  "uploadtime": 1776319271,
  "views": 30,
  "formatid": "gen9championsvgc2026regma",
  "rating": 1273,
  "private": 0,
  "password": null
}