{
  "id": "gen9championsvgc2026regma-2582941518",
  "format": "[Gen 9 Champions] VGC 2026 Reg M-A",
  "players": [
    "dain0364",
    "old and decrepit"
  ],
  "log": "|j|\u2606dain0364\n|j|\u2606old and decrepit\n|t:|1776126978\n|gametype|doubles\n|player|p1|dain0364|nate|1138\n|player|p2|old and decrepit|mira|1088\n|gen|9\n|tier|[Gen 9 Champions] VGC 2026 Reg M-A\n|rated|\n|rule|Species Clause: Limit one of each Pok\u00e9mon\n|rule|Item Clause: Limit 1 of each item\n|clearpoke\n|poke|p1|Tyranitar, L50, M|\n|poke|p1|Garchomp, L50, M|\n|poke|p1|Corviknight, L50, F|\n|poke|p1|Sneasler, L50, M|\n|poke|p1|Rotom-Wash, L50|\n|poke|p1|Sinistcha, L50|\n|poke|p2|Sableye, L50, M|\n|poke|p2|Audino, L50, F|\n|poke|p2|Hatterene, L50, F|\n|poke|p2|Crabominable, L50, M|\n|poke|p2|Sinistcha, L50|\n|poke|p2|Torkoal, L50, F|\n|teampreview|4\n|inactive|Battle timer is ON: inactive players will automatically lose when time's up. (requested by old and decrepit)\nold and decrepit rejected open team sheets.\n|inactive|dain0364 has 60 seconds left.\n|\n|t:|1776127024\n|teamsize|p1|4\n|teamsize|p2|4\n|start\n|switch|p1a: Sneasler|Sneasler, L50, M|100/100\n|switch|p1b: Garchomp|Garchomp, L50, M|100/100\n|switch|p2a: Sableye|Sableye, L50, M|100/100\n|switch|p2b: Audino|Audino, L50, F, shiny|100/100\n|turn|1\n|\n|t:|1776127044\n|move|p2b: Audino|Protect|p2b: Audino\n|-singleturn|p2b: Audino|Protect\n|move|p2a: Sableye|Will-O-Wisp|p1b: Garchomp|[miss]\n|-miss|p2a: Sableye|p1b: Garchomp\n|move|p1b: Garchomp|Stomping Tantrum|p2a: Sableye\n|-damage|p2a: Sableye|46/100\n|move|p1a: Sneasler|Close Combat|p2b: Audino\n|-activate|p2b: Audino|move: Protect\n|\n|upkeep\n|turn|2\n|\n|t:|1776127055\n|move|p2a: Sableye|Skill Swap|p2b: Audino\n|-activate|p2a: Sableye|Skill Swap|||[of] p2b: Audino\n|move|p2b: Audino|Substitute|p2b: Audino\n|-start|p2b: Audino|Substitute\n|-damage|p2b: Audino|76/100\n|move|p1b: Garchomp|Stomping Tantrum|p2a: Sableye\n|-damage|p2a: Sableye|0 fnt\n|faint|p2a: Sableye\n|move|p1a: Sneasler|Close Combat|p2b: Audino\n|-supereffective|p2b: Audino|1\n|-end|p2b: Audino|Substitute\n|-unboost|p1a: Sneasler|def|1\n|-unboost|p1a: Sneasler|spd|1\n|-enditem|p1a: Sneasler|White Herb\n|-clearnegativeboost|p1a: Sneasler|[silent]\n|\n|-heal|p2b: Audino|82/100|[from] item: Leftovers\n|upkeep\n|\n|t:|1776127064\n|switch|p2a: Torkoal|Torkoal, L50, F|100/100\n|-weather|SunnyDay|[from] ability: Drought|[of] p2a: Torkoal\n|turn|3\n|\n|t:|1776127070\n|move|p2b: Audino|After You|p2a: Torkoal\n|-activate|p2a: Torkoal|move: After You\n|move|p2a: Torkoal|Eruption|p1a: Sneasler|[spread] p1a,p1b\n|-resisted|p1b: Garchomp|1\n|-damage|p1a: Sneasler|0 fnt\n|-damage|p1b: Garchomp|55/100\n|faint|p1a: Sneasler\n|move|p1b: Garchomp|Stomping Tantrum|p2a: Torkoal\n|-supereffective|p2a: Torkoal|1\n|-damage|p2a: Torkoal|35/100\n|\n|-weather|SunnyDay|[upkeep]\n|-heal|p2b: Audino|88/100|[from] item: Leftovers\n|upkeep\n|\n|t:|1776127075\n|switch|p1a: Tyranitar|Tyranitar, L50, M|100/100\n|-weather|Sandstorm|[from] ability: Sand Stream|[of] p1a: Tyranitar\n|turn|4\n|\n|t:|1776127086\n|detailschange|p1a: Tyranitar|Tyranitar-Mega, L50, M\n|-mega|p1a: Tyranitar|Tyranitar|Tyranitarite\n|move|p2b: Audino|Protect|p2b: Audino\n|-singleturn|p2b: Audino|Protect\n|move|p1b: Garchomp|Stomping Tantrum|p2a: Torkoal\n|-supereffective|p2a: Torkoal|1\n|-damage|p2a: Torkoal|0 fnt\n|faint|p2a: Torkoal\n|move|p1a: Tyranitar|Dragon Dance|p1a: Tyranitar\n|-boost|p1a: Tyranitar|atk|1\n|-boost|p1a: Tyranitar|spe|1\n|\n|-weather|Sandstorm|[upkeep]\n|-damage|p2b: Audino|82/100|[from] Sandstorm\n|-heal|p2b: Audino|88/100|[from] item: Leftovers\n|upkeep\n|\n|t:|1776127089\n|switch|p2a: Crabominable|Crabominable, L50, M, shiny|100/100\n|turn|5\n|\n|t:|1776127100\n|detailschange|p2a: Crabominable|Crabominable-Mega, L50, M, shiny\n|-mega|p2a: Crabominable|Crabominable|Crabominite\n|-singleturn|p2a: Crabominable|move: Focus Punch\n|move|p2b: Audino|After You|p2a: Crabominable\n|-activate|p2a: Crabominable|move: After You\n|move|p2a: Crabominable|Focus Punch|p1a: Tyranitar\n|-supereffective|p1a: Tyranitar|2\n|-damage|p1a: Tyranitar|0 fnt\n|faint|p1a: Tyranitar\n|move|p1b: Garchomp|Stomping Tantrum|p2a: Crabominable\n|-damage|p2a: Crabominable|71/100\n|\n|-weather|Sandstorm|[upkeep]\n|-damage|p2b: Audino|82/100|[from] Sandstorm\n|-damage|p2a: Crabominable|65/100|[from] Sandstorm\n|-heal|p2b: Audino|88/100|[from] item: Leftovers\n|upkeep\n|\n|t:|1776127108\n|switch|p1a: Corviknight|Corviknight, L50, F|100/100\n|turn|6\n|\n|t:|1776127120\n|-singleturn|p2a: Crabominable|move: Focus Punch\n|move|p2b: Audino|After You|p2a: Crabominable\n|-activate|p2a: Crabominable|move: After You\n|move|p2a: Crabominable|Focus Punch|p1a: Corviknight\n|-damage|p1a: Corviknight|0 fnt\n|faint|p1a: Corviknight\n|move|p1b: Garchomp|Stomping Tantrum|p2a: Crabominable\n|-damage|p2a: Crabominable|32/100\n|\n|-weather|Sandstorm|[upkeep]\n|-damage|p2b: Audino|82/100|[from] Sandstorm\n|-damage|p2a: Crabominable|26/100|[from] Sandstorm\n|-heal|p2b: Audino|88/100|[from] item: Leftovers\n|upkeep\n|turn|7\n|\n|t:|1776127130\n|-singleturn|p2a: Crabominable|move: Focus Punch\n|move|p2b: Audino|After You|p2a: Crabominable\n|-activate|p2a: Crabominable|move: After You\n|move|p2a: Crabominable|Focus Punch|p1b: Garchomp\n|-damage|p1b: Garchomp|0 fnt\n|-damage|p2a: Crabominable|14/100|[from] ability: Rough Skin|[of] p1b: Garchomp\n|faint|p1b: Garchomp\n|\n|win|old and decrepit\n|raw|dain0364's rating: 1138 &rarr; <strong>1109</strong><br />(-29 for losing)\n|raw|old and decrepit's rating: 1088 &rarr; <strong>1119</strong><br />(+31 for winning)\n|l|\u2606dain0364\n|player|p1|\n",
  "uploadtime": 1776127132,
  "views": 17,
  "formatid": "gen9championsvgc2026regma",
  "rating": 1109,
  "private": 0,
  "password": null
}