{
  "id": "gen9championsvgc2026regma-2587109588",
  "format": "[Gen 9 Champions] VGC 2026 Reg M-A",
  "players": [
    "brojonski",
    "prettyworm"
  ],
  "log": "|j|\u2606brojonski\n|j|\u2606prettyworm\n|t:|1776494717\n|gametype|doubles\n|player|p1|brojonski|brock|1161\n|player|p2|prettyworm|burgh|1106\n|gen|9\n|tier|[Gen 9 Champions] VGC 2026 Reg M-A\n|rated|\n|rule|Species Clause: Limit one of each Pok\u00e9mon\n|rule|Item Clause: Limit 1 of each item\n|clearpoke\n|poke|p1|Goodra-Hisui, L50, F|\n|poke|p1|Sableye, L50, M|\n|poke|p1|Basculegion, L50, M|\n|poke|p1|Delphox, L50, F|\n|poke|p1|Pelipper, L50, M|\n|poke|p1|Sneasler, L50, F|\n|poke|p2|Meganium, L50, F|\n|poke|p2|Aerodactyl, L50, M|\n|poke|p2|Garchomp, L50, F|\n|poke|p2|Aegislash, L50, F|\n|poke|p2|Basculegion, L50, M|\n|poke|p2|Tyranitar, L50, M|\n|teampreview|4\n|inactive|Battle timer is ON: inactive players will automatically lose when time's up. (requested by brojonski)\n|inactive|brojonski has 60 seconds left.\n|inactive|prettyworm has 60 seconds left.\n|inactive|brojonski has 30 seconds left.\n|inactive|brojonski has 20 seconds left.\n|\n|t:|1776494788\n|teamsize|p1|4\n|teamsize|p2|4\n|start\n|switch|p1a: Goodra|Goodra-Hisui, L50, F|100/100\n|switch|p1b: Sableye|Sableye, L50, M|100/100\n|switch|p2a: Aerodactyl|Aerodactyl, L50, M|100/100\n|switch|p2b: Garchomp|Garchomp, L50, F|100/100\n|-ability|p2a: Aerodactyl|Unnerve\n|turn|1\n|inactive|prettyworm has 30 seconds left.\n|\n|t:|1776494818\n|move|p1b: Sableye|Fake Out|p2b: Garchomp\n|-damage|p2b: Garchomp|93/100\n|-damage|p1b: Sableye|88/100|[from] ability: Rough Skin|[of] p2b: Garchomp\n|move|p2a: Aerodactyl|Rock Slide|p1b: Sableye|[spread] p1a\n|-miss|p2a: Aerodactyl|p1b: Sableye\n|-resisted|p1a: Goodra|1\n|-damage|p1a: Goodra|92/100\n|cant|p2b: Garchomp|flinch\n|cant|p1a: Goodra|flinch\n|\n|-heal|p1a: Goodra|98/100|[from] item: Leftovers\n|upkeep\n|turn|2\n|\n|t:|1776494836\n|move|p1b: Sableye|Reflect|p1b: Sableye\n|-sidestart|p1: brojonski|Reflect\n|move|p2a: Aerodactyl|Rock Slide|p1a: Goodra|[spread] p1a,p1b\n|-resisted|p1a: Goodra|1\n|-damage|p1a: Goodra|92/100\n|-damage|p1b: Sableye|65/100\n|move|p2b: Garchomp|Earthquake|p1b: Sableye|[spread] p1a,p1b\n|-immune|p2a: Aerodactyl\n|-supereffective|p1a: Goodra|1\n|-damage|p1a: Goodra|48/100\n|-damage|p1b: Sableye|17/100\n|move|p1a: Goodra|Shelter|p1a: Goodra\n|-boost|p1a: Goodra|def|2\n|\n|-heal|p1a: Goodra|53/100|[from] item: Leftovers\n|upkeep\n|turn|3\n|inactive|brojonski has 30 seconds left.\n|\n|t:|1776494862\n|move|p1a: Goodra|Protect|p1a: Goodra\n|-singleturn|p1a: Goodra|Protect\n|move|p1b: Sableye|Light Screen|p1b: Sableye\n|-sidestart|p1: brojonski|move: Light Screen\n|move|p2a: Aerodactyl|Rock Slide|p1a: Goodra|[spread] p1b\n|-activate|p1a: Goodra|move: Protect\n|-damage|p1b: Sableye|0 fnt\n|faint|p1b: Sableye\n|move|p2b: Garchomp|Earthquake|p1a: Goodra|[spread] \n|-activate|p1a: Goodra|move: Protect\n|-immune|p2a: Aerodactyl\n|\n|-heal|p1a: Goodra|59/100|[from] item: Leftovers\n|upkeep\n|inactive|brojonski has 30 seconds left.\n|inactive|brojonski has 20 seconds left.\n|\n|t:|1776494900\n|switch|p1b: Basculegion|Basculegion, L50, M|100/100\n|turn|4\n|\n|t:|1776494916\n|move|p2a: Aerodactyl|Protect|p2a: Aerodactyl\n|-singleturn|p2a: Aerodactyl|Protect\n|move|p1b: Basculegion|Flip Turn|p2a: Aerodactyl\n|-activate|p2a: Aerodactyl|move: Protect\n|move|p2b: Garchomp|Earthquake|p1b: Basculegion|[spread] p1a,p1b\n|-activate|p2a: Aerodactyl|move: Protect\n|-supereffective|p1a: Goodra|1\n|-damage|p1a: Goodra|35/100\n|-damage|p1b: Basculegion|54/100\n|move|p1a: Goodra|Shelter|p1a: Goodra\n|-boost|p1a: Goodra|def|2\n|\n|-heal|p1a: Goodra|41/100|[from] item: Leftovers\n|upkeep\n|turn|5\n|inactive|prettyworm has 30 seconds left.\n|\n|t:|1776494951\n|move|p1a: Goodra|Protect|p1a: Goodra\n|-singleturn|p1a: Goodra|Protect\n|move|p1b: Basculegion|Flip Turn|p2a: Aerodactyl\n|-supereffective|p2a: Aerodactyl|1\n|-enditem|p2a: Aerodactyl|Focus Sash\n|-damage|p2a: Aerodactyl|1/100\n|\n|t:|1776494957\n|switch|p1b: Delphox|Delphox, L50, F|100/100|[from] Flip Turn\n|move|p2a: Aerodactyl|Rock Slide|p1a: Goodra|[spread] \n|-activate|p1a: Goodra|move: Protect\n|-miss|p2a: Aerodactyl|p1b: Delphox\n|move|p2b: Garchomp|Earthquake|p1b: Delphox|[spread] p1b\n|-activate|p1a: Goodra|move: Protect\n|-immune|p2a: Aerodactyl\n|-supereffective|p1b: Delphox|1\n|-damage|p1b: Delphox|0 fnt\n|faint|p1b: Delphox\n|\n|-heal|p1a: Goodra|47/100|[from] item: Leftovers\n|upkeep\n|\n|t:|1776494961\n|switch|p1b: Basculegion|Basculegion, L50, M|54/100\n|turn|6\n|inactive|brojonski has 30 seconds left.\n|inactive|prettyworm has 30 seconds left.\n|\n|t:|1776494989\n|move|p2a: Aerodactyl|Protect|p2a: Aerodactyl\n|-singleturn|p2a: Aerodactyl|Protect\n|move|p1b: Basculegion|Last Respects|p2a: Aerodactyl\n|-activate|p2a: Aerodactyl|move: Protect\n|move|p2b: Garchomp|Earthquake|p1b: Basculegion|[spread] p1a,p1b\n|-activate|p2a: Aerodactyl|move: Protect\n|-supereffective|p1a: Goodra|1\n|-damage|p1a: Goodra|32/100\n|-damage|p1b: Basculegion|13/100\n|move|p1a: Goodra|Body Press|p2b: Garchomp\n|-damage|p2b: Garchomp|20/100\n|-damage|p1a: Goodra|20/100|[from] ability: Rough Skin|[of] p2b: Garchomp\n|\n|-heal|p1a: Goodra|26/100|[from] item: Leftovers\n|-sideend|p1: brojonski|Reflect\n|upkeep\n|turn|7\n|\n|t:|1776495008\n|move|p1b: Basculegion|Last Respects|p2b: Garchomp\n|-damage|p2b: Garchomp|0 fnt\n|faint|p2b: Garchomp\n|move|p2a: Aerodactyl|Tailwind|p2a: Aerodactyl\n|-sidestart|p2: prettyworm|move: Tailwind\n|move|p1a: Goodra|Body Press|p2a: Aerodactyl\n|-damage|p2a: Aerodactyl|0 fnt\n|faint|p2a: Aerodactyl\n|\n|-heal|p1a: Goodra|32/100|[from] item: Leftovers\n|-sideend|p1: brojonski|move: Light Screen\n|upkeep\n|\n|t:|1776495019\n|switch|p2a: Tyranitar|Tyranitar, L50, M|100/100\n|switch|p2b: Basculegion|Basculegion, L50, M|100/100\n|-weather|Sandstorm|[from] ability: Sand Stream|[of] p2a: Tyranitar\n|turn|8\n|inactive|prettyworm has 30 seconds left.\n|\n|t:|1776495045\n|detailschange|p2a: Tyranitar|Tyranitar-Mega, L50, M\n|-mega|p2a: Tyranitar|Tyranitar|Tyranitarite\n|move|p2b: Basculegion|Last Respects|p1b: Basculegion\n|-supereffective|p1b: Basculegion|1\n|-damage|p1b: Basculegion|0 fnt\n|faint|p1b: Basculegion\n|move|p2a: Tyranitar|Knock Off|p1a: Goodra\n|-damage|p1a: Goodra|17/100\n|-enditem|p1a: Goodra|Leftovers|[from] move: Knock Off|[of] p2a: Tyranitar\n|move|p1a: Goodra|Body Press|p2a: Tyranitar\n|-supereffective|p2a: Tyranitar|2\n|-damage|p2a: Tyranitar|0 fnt\n|faint|p2a: Tyranitar\n|\n|-weather|Sandstorm|[upkeep]\n|-damage|p2b: Basculegion|94/100|[from] Sandstorm\n|upkeep\n|turn|9\n|\n|t:|1776495061\n|move|p1a: Goodra|Protect|p1a: Goodra\n|-singleturn|p1a: Goodra|Protect\n|move|p2b: Basculegion|Last Respects|p1a: Goodra\n|-activate|p1a: Goodra|move: Protect\n|\n|-weather|Sandstorm|[upkeep]\n|-damage|p2b: Basculegion|88/100|[from] Sandstorm\n|upkeep\n|turn|10\n|\n|t:|1776495069\n|move|p2b: Basculegion|Last Respects|p1a: Goodra\n|-damage|p1a: Goodra|0 fnt\n|faint|p1a: Goodra\n|\n|win|prettyworm\n|raw|brojonski's rating: 1161 &rarr; <strong>1132</strong><br />(-29 for losing)\n|raw|prettyworm's rating: 1106 &rarr; <strong>1135</strong><br />(+29 for winning)\n",
  "uploadtime": 1776495073,
  "views": 16,
  "formatid": "gen9championsvgc2026regma",
  "rating": 1132,
  "private": 0,
  "password": null
}