{
  "id": "gen9championsvgc2026regma-2583300412",
  "format": "[Gen 9 Champions] VGC 2026 Reg M-A",
  "players": [
    "Vperduevolte",
    "faric"
  ],
  "log": "|j|\u2606Vperduevolte\n|j|\u2606faric\n|t:|1776164695\n|gametype|doubles\n|player|p1|Vperduevolte|1|1219\n|player|p2|faric|265|1208\n|gen|9\n|tier|[Gen 9 Champions] VGC 2026 Reg M-A\n|rated|\n|rule|Species Clause: Limit one of each Pok\u00e9mon\n|rule|Item Clause: Limit 1 of each item\n|clearpoke\n|poke|p1|Froslass, L50, F|\n|poke|p1|Sneasler, L50, F|\n|poke|p1|Glaceon, L50, M|\n|poke|p1|Aerodactyl, L50, M|\n|poke|p1|Garchomp, L50, F|\n|poke|p1|Volcarona, L50, M|\n|poke|p2|Charizard, L50, F|\n|poke|p2|Garchomp, L50, F|\n|poke|p2|Rotom-Wash, L50|\n|poke|p2|Incineroar, L50, M|\n|poke|p2|Sneasler, L50, F|\n|poke|p2|Whimsicott, L50, M|\n|teampreview|4\n|j| Luitingh\n|inactive|Battle timer is ON: inactive players will automatically lose when time's up. (requested by faric)\n|\n|t:|1776164718\n|teamsize|p1|4\n|teamsize|p2|4\n|start\n|switch|p1a: Aerodactyl|Aerodactyl, L50, M|100/100\n|switch|p1b: Garchomp|Garchomp, L50, F|100/100\n|switch|p2a: Rotom|Rotom-Wash, L50|100/100\n|switch|p2b: Incineroar|Incineroar, L50, M|100/100\n|-ability|p1a: Aerodactyl|Unnerve\n|-ability|p2b: Incineroar|Intimidate|boost\n|-unboost|p1a: Aerodactyl|atk|1\n|-unboost|p1b: Garchomp|atk|1\n|turn|1\n|\n|t:|1776164735\n|move|p2b: Incineroar|Fake Out|p1a: Aerodactyl\n|-resisted|p1a: Aerodactyl|1\n|-damage|p1a: Aerodactyl|90/100\n|cant|p1a: Aerodactyl|flinch\n|move|p1b: Garchomp|Rock Slide|p2b: Incineroar|[spread] p2a,p2b\n|-supereffective|p2b: Incineroar|1\n|-damage|p2a: Rotom|86/100\n|-damage|p2b: Incineroar|77/100\n|cant|p2a: Rotom|flinch\n|\n|-heal|p2a: Rotom|92/100|[from] item: Leftovers\n|upkeep\n|turn|2\n|inactive|Vperduevolte has 30 seconds left.\n|inactive|Vperduevolte has 20 seconds left.\n|inactive|Vperduevolte has 15 seconds left.\n|\n|t:|1776164776\n|switch|p1a: Glaceon|Glaceon, L50, M, shiny|100/100\n|move|p1b: Garchomp|Stomping Tantrum|p2b: Incineroar\n|-supereffective|p2b: Incineroar|1\n|-damage|p2b: Incineroar|25/100\n|-enditem|p2b: Incineroar|Sitrus Berry|[eat]\n|-heal|p2b: Incineroar|50/100|[from] item: Sitrus Berry\n|move|p2a: Rotom|Thunderbolt|p1a: Glaceon\n|-damage|p1a: Glaceon|53/100\n|move|p2b: Incineroar|Parting Shot|p1b: Garchomp\n|-unboost|p1b: Garchomp|atk|1\n|-unboost|p1b: Garchomp|spa|1\n|inactive|faric has 30 seconds left.\n|\n|t:|1776164804\n|switch|p2b: Charizard|Charizard, L50, F|100/100|[from] Parting Shot\n|\n|-heal|p2a: Rotom|98/100|[from] item: Leftovers\n|upkeep\n|turn|3\n|\n|t:|1776164818\n|detailschange|p2b: Charizard|Charizard-Mega-Y, L50, F\n|-mega|p2b: Charizard|Charizard|Charizardite Y\n|-weather|SunnyDay|[from] ability: Drought|[of] p2b: Charizard\n|move|p1b: Garchomp|Rock Slide|p2b: Charizard|[spread] p2b\n|-miss|p1b: Garchomp|p2a: Rotom\n|-supereffective|p2b: Charizard|2\n|-damage|p2b: Charizard|51/100\n|move|p2b: Charizard|Heat Wave|p1b: Garchomp|[spread] p1a,p1b\n|-supereffective|p1a: Glaceon|1\n|-resisted|p1b: Garchomp|1\n|-damage|p1a: Glaceon|0 fnt\n|-damage|p1b: Garchomp|64/100\n|faint|p1a: Glaceon\n|move|p2a: Rotom|Hydro Pump|p1b: Garchomp\n|-damage|p1b: Garchomp|35/100\n|\n|-weather|SunnyDay|[upkeep]\n|-heal|p2a: Rotom|100/100|[from] item: Leftovers\n|upkeep\n|\n|t:|1776164837\n|switch|p1a: Aerodactyl|Aerodactyl, L50, M|90/100\n|-ability|p1a: Aerodactyl|Unnerve\n|turn|4\n|\n|t:|1776164850\n|switch|p2b: Whimsicott|Whimsicott, L50, M|100/100\n|move|p1a: Aerodactyl|Rock Slide|p2b: Whimsicott|[spread] p2a,p2b\n|-damage|p2a: Rotom|75/100\n|-damage|p2b: Whimsicott|65/100\n|move|p1b: Garchomp|Rock Slide|p2a: Rotom|[spread] p2a,p2b\n|-damage|p2a: Rotom|63/100\n|-damage|p2b: Whimsicott|52/100\n|cant|p2a: Rotom|flinch\n|\n|-weather|SunnyDay|[upkeep]\n|-heal|p2a: Rotom|69/100|[from] item: Leftovers\n|upkeep\n|turn|5\n|inactive|Vperduevolte has 30 seconds left.\n|\n|t:|1776164879\n|move|p2b: Whimsicott|Tailwind|p2b: Whimsicott\n|-sidestart|p2: faric|move: Tailwind\n|move|p2a: Rotom|Thunderbolt|p1a: Aerodactyl\n|-supereffective|p1a: Aerodactyl|1\n|-damage|p1a: Aerodactyl|0 fnt\n|faint|p1a: Aerodactyl\n|move|p1b: Garchomp|Rock Slide|p2b: Whimsicott|[spread] p2a,p2b\n|-damage|p2a: Rotom|58/100\n|-damage|p2b: Whimsicott|38/100\n|\n|-weather|SunnyDay|[upkeep]\n|-heal|p2a: Rotom|64/100|[from] item: Leftovers\n|upkeep\n|\n|t:|1776164889\n|switch|p1a: Froslass|Froslass, L50, F|100/100\n|turn|6\n|inactive|faric has 30 seconds left.\n|inactive|faric has 20 seconds left.\n|\n|t:|1776164925\n|move|p2b: Whimsicott|Protect|p2b: Whimsicott\n|-singleturn|p2b: Whimsicott|Protect\n|move|p2a: Rotom|Thunderbolt|p1a: Froslass\n|-damage|p1a: Froslass|25/100\n|move|p1b: Garchomp|Rock Slide|p2b: Whimsicott|[spread] p2a\n|-activate|p2b: Whimsicott|move: Protect\n|-damage|p2a: Rotom|53/100\n|move|p1a: Froslass|Shadow Ball|p2a: Rotom\n|-damage|p2a: Rotom|16/100\n|-unboost|p2a: Rotom|spd|1\n|\n|-weather|SunnyDay|[upkeep]\n|-heal|p2a: Rotom|22/100|[from] item: Leftovers\n|upkeep\n|turn|7\n|\n|t:|1776164946\n|move|p1a: Froslass|Protect|p1a: Froslass\n|-singleturn|p1a: Froslass|Protect\n|move|p2b: Whimsicott|Encore|p1a: Froslass\n|-activate|p1a: Froslass|move: Protect\n|move|p2a: Rotom|Thunderbolt|p1a: Froslass\n|-activate|p1a: Froslass|move: Protect\n|move|p1b: Garchomp|Rock Slide|p2b: Whimsicott|[spread] p2b\n|-miss|p1b: Garchomp|p2a: Rotom\n|-damage|p2b: Whimsicott|24/100\n|\n|-weather|none\n|-heal|p2a: Rotom|28/100|[from] item: Leftovers\n|upkeep\n|turn|8\n|inactive|Vperduevolte has 30 seconds left.\n|\n|t:|1776164972\n|move|p1a: Froslass|Protect||[still]\n|-fail|p1a: Froslass\n|move|p2b: Whimsicott|Encore|p1a: Froslass\n|-start|p1a: Froslass|Encore\n|move|p2a: Rotom|Hydro Pump|p1b: Garchomp\n|-damage|p1b: Garchomp|0 fnt\n|faint|p1b: Garchomp\n|\n|-heal|p2a: Rotom|34/100|[from] item: Leftovers\n|-sideend|p2: faric|move: Tailwind\n|upkeep\n|turn|9\n|-message|Vperduevolte forfeited.\n|\n|win|faric\n|raw|Vperduevolte's rating: 1219 &rarr; <strong>1193</strong><br />(-26 for losing)\n|raw|faric's rating: 1208 &rarr; <strong>1234</strong><br />(+26 for winning)\n|l|\u2606Vperduevolte\n|player|p1|\n",
  "uploadtime": 1776164990,
  "views": 29,
  "formatid": "gen9championsvgc2026regma",
  "rating": 1193,
  "private": 0,
  "password": null
}