{
  "id": "gen9championsvgc2026regma-2587831962",
  "format": "[Gen 9 Champions] VGC 2026 Reg M-A",
  "players": [
    "Frostoren",
    "Boredrake2"
  ],
  "log": "|j|\u2606Frostoren\n|j|\u2606Boredrake2\n|t:|1776568551\n|gametype|doubles\n|player|p1|Frostoren|265|1460\n|player|p2|Boredrake2|steven|1418\n|gen|9\n|tier|[Gen 9 Champions] VGC 2026 Reg M-A\n|rated|\n|rule|Species Clause: Limit one of each Pok\u00e9mon\n|rule|Item Clause: Limit 1 of each item\n|clearpoke\n|poke|p1|Mimikyu, L50, F|\n|poke|p1|Meganium, L50, F|\n|poke|p1|Politoed, L50, F|\n|poke|p1|Incineroar, L50, F|\n|poke|p1|Basculegion-F, L50, F|\n|poke|p1|Corviknight, L50, F|\n|poke|p2|Milotic, L50, M|\n|poke|p2|Farigiraf, L50, F|\n|poke|p2|Altaria, L50, M|\n|poke|p2|Volcarona, L50, M|\n|poke|p2|Aegislash, L50, M|\n|poke|p2|Garchomp, L50, M|\n|teampreview|4\n|inactive|Battle timer is ON: inactive players will automatically lose when time's up. (requested by Boredrake2)\n|\n|t:|1776568580\n|teamsize|p1|4\n|teamsize|p2|4\n|start\n|switch|p1a: Basculegion|Basculegion-F, L50, F|100/100\n|switch|p1b: Politoed|Politoed, L50, F|100/100\n|switch|p2a: Milotic|Milotic, L50, M|100/100\n|switch|p2b: Volcarona|Volcarona, L50, M|100/100\n|-weather|RainDance|[from] ability: Drizzle|[of] p1b: Politoed\n|turn|1\n|\n|t:|1776568596\n|switch|p2b: Altaria|Altaria, L50, M|100/100\n|-ability|p2b: Altaria|Cloud Nine\n|move|p1b: Politoed|Helping Hand|p1a: Basculegion\n|-singleturn|p1a: Basculegion|Helping Hand|[of] p1b: Politoed\n|move|p2a: Milotic|Scald|p1a: Basculegion\n|-resisted|p1a: Basculegion|1\n|-damage|p1a: Basculegion|81/100\n|-status|p1a: Basculegion|brn\n|move|p1a: Basculegion|Muddy Water|p2a: Milotic|[spread] p2a,p2b\n|-resisted|p2a: Milotic|1\n|-resisted|p2b: Altaria|1\n|-damage|p2a: Milotic|73/100\n|-damage|p2b: Altaria|63/100\n|\n|-weather|RainDance|[upkeep]\n|-damage|p1a: Basculegion|75/100 brn|[from] brn\n|upkeep\n|turn|2\n|\n|t:|1776568622\n|switch|p1a: Meganium|Meganium, L50, F|100/100\n|detailschange|p2b: Altaria|Altaria-Mega, L50, M\n|-mega|p2b: Altaria|Altaria|Altarianite\n|move|p2b: Altaria|Hyper Voice|p1a: Meganium|[spread] p1a,p1b\n|-damage|p1a: Meganium|69/100\n|-damage|p1b: Politoed|73/100\n|move|p2a: Milotic|Life Dew|p2a: Milotic|[spread] p2a,p2b\n|-heal|p2a: Milotic|99/100\n|-heal|p2b: Altaria|88/100\n|move|p1b: Politoed|Weather Ball|p2a: Milotic\n|-resisted|p2a: Milotic|1\n|-damage|p2a: Milotic|79/100\n|\n|-weather|RainDance|[upkeep]\n|upkeep\n|turn|3\n|inactive|Boredrake2 has 30 seconds left.\n|\n|t:|1776568649\n|detailschange|p1a: Meganium|Meganium-Mega, L50, F\n|-mega|p1a: Meganium|Meganium|Meganiumite\n|move|p1b: Politoed|Helping Hand|p1a: Meganium\n|-singleturn|p1a: Meganium|Helping Hand|[of] p1b: Politoed\n|move|p2b: Altaria|Tailwind|p2b: Altaria\n|-sidestart|p2: Boredrake2|move: Tailwind\n|move|p2a: Milotic|Ice Beam|p1a: Meganium\n|-supereffective|p1a: Meganium|1\n|-damage|p1a: Meganium|20/100\n|move|p1a: Meganium|Solar Beam||[still]\n|-prepare|p1a: Meganium|Solar Beam\n|-activate|p1a: Meganium|ability: Mega Sol\n|-anim|p1a: Meganium|Solar Beam|p2a: Milotic\n|-supereffective|p2a: Milotic|1\n|-damage|p2a: Milotic|0 fnt\n|faint|p2a: Milotic\n|\n|-weather|RainDance|[upkeep]\n|upkeep\n|\n|t:|1776568664\n|switch|p2a: Volcarona|Volcarona, L50, M|100/100\n|turn|4\n|\n|t:|1776568668\n|move|p1a: Meganium|Protect|p1a: Meganium\n|-singleturn|p1a: Meganium|Protect\n|move|p2a: Volcarona|Struggle Bug|p1b: Politoed|[spread] p1b\n|-activate|p1a: Meganium|move: Protect\n|-damage|p1b: Politoed|55/100\n|-unboost|p1b: Politoed|spa|1\n|move|p2b: Altaria|Hyper Voice|p1a: Meganium|[spread] p1b\n|-activate|p1a: Meganium|move: Protect\n|-damage|p1b: Politoed|25/100\n|-enditem|p1b: Politoed|Sitrus Berry|[eat]\n|-heal|p1b: Politoed|50/100|[from] item: Sitrus Berry\n|move|p1b: Politoed|Icy Wind|p2a: Volcarona|[spread] p2b\n|-miss|p1b: Politoed|p2a: Volcarona\n|-supereffective|p2b: Altaria|1\n|-damage|p2b: Altaria|77/100\n|-unboost|p2b: Altaria|spe|1\n|\n|-weather|RainDance|[upkeep]\n|upkeep\n|turn|5\n|\n|t:|1776568686\n|move|p2a: Volcarona|Struggle Bug|p1a: Meganium|[spread] p1a,p1b\n|-damage|p1a: Meganium|3/100\n|-damage|p1b: Politoed|33/100\n|-unboost|p1a: Meganium|spa|1\n|-unboost|p1b: Politoed|spa|1\n|move|p2b: Altaria|Hyper Voice|p1b: Politoed|[spread] p1a,p1b\n|-damage|p1a: Meganium|0 fnt\n|-damage|p1b: Politoed|6/100\n|faint|p1a: Meganium\n|move|p1b: Politoed|Weather Ball|p2a: Volcarona\n|-supereffective|p2a: Volcarona|1\n|-damage|p2a: Volcarona|47/100\n|\n|-weather|none\n|upkeep\n|\n|t:|1776568690\n|switch|p1a: Incineroar|Incineroar, L50, F|100/100\n|-ability|p1a: Incineroar|Intimidate|boost\n|-unboost|p2a: Volcarona|atk|1\n|-unboost|p2b: Altaria|atk|1\n|turn|6\n|\n|t:|1776568703\n|switch|p1b: Basculegion|Basculegion-F, L50, F|75/100 brn\n|move|p2a: Volcarona|Protect|p2a: Volcarona\n|-singleturn|p2a: Volcarona|Protect\n|move|p2b: Altaria|Protect|p2b: Altaria\n|-singleturn|p2b: Altaria|Protect\n|move|p1a: Incineroar|Fake Out|p2b: Altaria\n|-activate|p2b: Altaria|move: Protect\n|\n|-damage|p1b: Basculegion|68/100 brn|[from] brn\n|-sideend|p2: Boredrake2|move: Tailwind\n|upkeep\n|turn|7\n|\n|t:|1776568720\n|move|p2a: Volcarona|Struggle Bug|p1b: Basculegion|[spread] p1a,p1b\n|-resisted|p1b: Basculegion|1\n|-damage|p1a: Incineroar|86/100\n|-damage|p1b: Basculegion|59/100 brn\n|-unboost|p1a: Incineroar|spa|1\n|-unboost|p1b: Basculegion|spa|1\n|move|p2b: Altaria|Hyper Voice|p1a: Incineroar|[spread] p1a,p1b\n|-damage|p1a: Incineroar|60/100\n|-damage|p1b: Basculegion|24/100 brn\n|move|p1b: Basculegion|Muddy Water|p2b: Altaria|[spread] p2a,p2b\n|-supereffective|p2a: Volcarona|1\n|-resisted|p2b: Altaria|1\n|-damage|p2a: Volcarona|0 fnt\n|-damage|p2b: Altaria|59/100\n|faint|p2a: Volcarona\n|move|p1a: Incineroar|Parting Shot|p2b: Altaria\n|-unboost|p2b: Altaria|atk|1\n|-unboost|p2b: Altaria|spa|1\n|\n|t:|1776568730\n|switch|p1a: Politoed|Politoed, L50, F|6/100|[from] Parting Shot\n|-weather|RainDance|[from] ability: Drizzle|[of] p1a: Politoed\n|\n|-weather|RainDance|[upkeep]\n|-damage|p1b: Basculegion|18/100 brn|[from] brn\n|upkeep\n|\n|t:|1776568738\n|switch|p2a: Garchomp|Garchomp, L50, M|100/100\n|turn|8\n|\n|t:|1776568742\n|switch|p1b: Incineroar|Incineroar, L50, F|60/100\n|-ability|p1b: Incineroar|Intimidate|boost\n|-unboost|p2a: Garchomp|atk|1\n|-unboost|p2b: Altaria|atk|1\n|move|p2b: Altaria|Protect|p2b: Altaria\n|-singleturn|p2b: Altaria|Protect\n|move|p2a: Garchomp|Earthquake|p1b: Incineroar|[spread] p1a,p1b\n|-activate|p2b: Altaria|move: Protect\n|-supereffective|p1b: Incineroar|1\n|-damage|p1a: Politoed|0 fnt\n|-damage|p1b: Incineroar|12/100\n|faint|p1a: Politoed\n|\n|-weather|RainDance|[upkeep]\n|upkeep\n|\n|t:|1776568744\n|switch|p1a: Basculegion|Basculegion-F, L50, F|18/100 brn\n|turn|9\n|\n|t:|1776568756\n|move|p1b: Incineroar|Fake Out|p2a: Garchomp\n|-damage|p2a: Garchomp|90/100\n|-damage|p1b: Incineroar|0 fnt|[from] ability: Rough Skin|[of] p2a: Garchomp\n|faint|p1b: Incineroar\n|cant|p2a: Garchomp|flinch\n|move|p2b: Altaria|Hyper Voice|p1a: Basculegion\n|-damage|p1a: Basculegion|0 fnt\n|faint|p1a: Basculegion\n|\n|win|Boredrake2\n|raw|Frostoren's rating: 1460 &rarr; <strong>1438</strong><br />(-22 for losing)\n|raw|Boredrake2's rating: 1418 &rarr; <strong>1440</strong><br />(+22 for winning)\n|l|\u2606Frostoren\n|player|p1|\n",
  "uploadtime": 1776568762,
  "views": 15,
  "formatid": "gen9championsvgc2026regma",
  "rating": 1438,
  "private": 0,
  "password": null
}