{
  "id": "gen9championsvgc2026regma-2583335852",
  "format": "[Gen 9 Champions] VGC 2026 Reg M-A",
  "players": [
    "cwhit7",
    "NathanaelW19"
  ],
  "log": "|j|\u2606cwhit7\n|j|\u2606NathanaelW19\n|t:|1776167995\n|gametype|doubles\n|player|p1|cwhit7|flint|1200\n|player|p2|NathanaelW19|dragontamer|1255\n|gen|9\n|tier|[Gen 9 Champions] VGC 2026 Reg M-A\n|rated|\n|rule|Species Clause: Limit one of each Pok\u00e9mon\n|rule|Item Clause: Limit 1 of each item\n|clearpoke\n|poke|p1|Farigiraf, L50, F|\n|poke|p1|Kingambit, L50, F|\n|poke|p1|Incineroar, L50, F|\n|poke|p1|Crabominable, L50, M|\n|poke|p1|Rotom-Wash, L50|\n|poke|p1|Meowscarada, L50, M|\n|poke|p2|Excadrill, L50, M|\n|poke|p2|Tyranitar, L50, F|\n|poke|p2|Scizor, L50, M|\n|poke|p2|Kommo-o, L50, M|\n|poke|p2|Aerodactyl, L50, F|\n|poke|p2|Meganium, L50, M|\n|teampreview|4\n|inactive|Battle timer is ON: inactive players will automatically lose when time's up. (requested by NathanaelW19)\n|\n|t:|1776168015\n|teamsize|p1|4\n|teamsize|p2|4\n|start\n|switch|p1a: Tricky Tina|Farigiraf, L50, F|100/100\n|switch|p1b: Chesch|Incineroar, L50, F, shiny|100/100\n|switch|p2a: Kommo-o|Kommo-o, L50, M|100/100\n|switch|p2b: Tyranitar|Tyranitar, L50, F, shiny|100/100\n|-weather|Sandstorm|[from] ability: Sand Stream|[of] p2b: Tyranitar\n|-ability|p1b: Chesch|Intimidate|boost\n|-unboost|p2a: Kommo-o|atk|1\n|-unboost|p2b: Tyranitar|atk|1\n|turn|1\n|inactive|NathanaelW19 has 30 seconds left.\n|inactive|NathanaelW19 has 20 seconds left.\n|inactive|NathanaelW19 has 15 seconds left.\n|inactive|NathanaelW19 has 10 seconds left.\n|\n|t:|1776168062\n|move|p1b: Chesch|Fake Out|p2b: Tyranitar\n|-resisted|p2b: Tyranitar|1\n|-damage|p2b: Tyranitar|96/100\n|move|p2a: Kommo-o|Clanging Scales|p1a: Tricky Tina|[spread] p1a,p1b\n|-crit|p1b: Chesch\n|-damage|p1a: Tricky Tina|54/100\n|-damage|p1b: Chesch|42/100\n|-enditem|p1b: Chesch|Sitrus Berry|[eat]\n|-heal|p1b: Chesch|67/100|[from] item: Sitrus Berry\n|-unboost|p2a: Kommo-o|def|1\n|cant|p2b: Tyranitar|flinch\n|move|p1a: Tricky Tina|Trick Room|p1a: Tricky Tina\n|-fieldstart|move: Trick Room|[of] p1a: Tricky Tina\n|\n|-weather|Sandstorm|[upkeep]\n|-damage|p1a: Tricky Tina|48/100|[from] Sandstorm\n|-damage|p1b: Chesch|61/100|[from] Sandstorm\n|-heal|p1a: Tricky Tina|54/100|[from] item: Leftovers\n|upkeep\n|turn|2\n|inactive|cwhit7 has 30 seconds left.\n|\n|t:|1776168090\n|switch|p2b: Scizor|Scizor, L50, M, shiny|100/100\n|move|p1a: Tricky Tina|Psychic|p2a: Kommo-o\n|-supereffective|p2a: Kommo-o|1\n|-damage|p2a: Kommo-o|8/100\n|move|p1b: Chesch|Parting Shot|p2b: Scizor\n|-unboost|p2b: Scizor|atk|1\n|-unboost|p2b: Scizor|spa|1\n|\n|t:|1776168099\n|switch|p1b: The Crab|Crabominable, L50, M, shiny|100/100|[from] Parting Shot\n|move|p2a: Kommo-o|Clanging Scales|p1b: The Crab|[spread] p1a,p1b\n|-damage|p1a: Tricky Tina|8/100\n|-damage|p1b: The Crab|48/100\n|-unboost|p2a: Kommo-o|def|1\n|\n|-weather|Sandstorm|[upkeep]\n|-damage|p1b: The Crab|42/100|[from] Sandstorm\n|-damage|p1a: Tricky Tina|2/100|[from] Sandstorm\n|-heal|p1a: Tricky Tina|8/100|[from] item: Leftovers\n|upkeep\n|turn|3\n|\n|t:|1776168117\n|detailschange|p1b: The Crab|Crabominable-Mega, L50, M, shiny\n|-mega|p1b: The Crab|Crabominable|Crabominite\n|move|p2b: Scizor|Protect|p2b: Scizor\n|-singleturn|p2b: Scizor|Protect\n|move|p2a: Kommo-o|Protect|p2a: Kommo-o\n|-singleturn|p2a: Kommo-o|Protect\n|move|p1b: The Crab|Drain Punch|p2b: Scizor\n|-activate|p2b: Scizor|move: Protect\n|move|p1a: Tricky Tina|Hyper Voice|p2a: Kommo-o|[spread] \n|-activate|p2a: Kommo-o|move: Protect\n|-activate|p2b: Scizor|move: Protect\n|\n|-weather|Sandstorm|[upkeep]\n|-damage|p1b: The Crab|36/100|[from] Sandstorm\n|-damage|p1a: Tricky Tina|2/100|[from] Sandstorm\n|-heal|p1a: Tricky Tina|8/100|[from] item: Leftovers\n|upkeep\n|turn|4\n|\n|t:|1776168139\n|move|p1b: The Crab|Drain Punch|p2b: Scizor\n|-damage|p2b: Scizor|37/100\n|-heal|p1b: The Crab|63/100|[from] drain|[of] p2b: Scizor\n|move|p1a: Tricky Tina|Hyper Voice|p2a: Kommo-o|[spread] p2a,p2b\n|-resisted|p2b: Scizor|1\n|-damage|p2a: Kommo-o|0 fnt\n|-damage|p2b: Scizor|18/100\n|faint|p2a: Kommo-o\n|move|p2b: Scizor|Swords Dance|p2b: Scizor\n|-boost|p2b: Scizor|atk|2\n|\n|-weather|Sandstorm|[upkeep]\n|-damage|p1b: The Crab|57/100|[from] Sandstorm\n|-damage|p1a: Tricky Tina|2/100|[from] Sandstorm\n|-heal|p1a: Tricky Tina|8/100|[from] item: Leftovers\n|upkeep\n|\n|t:|1776168149\n|switch|p2a: Tyranitar|Tyranitar, L50, F, shiny|96/100\n|turn|5\n|\n|t:|1776168158\n|move|p2b: Scizor|Protect|p2b: Scizor\n|-singleturn|p2b: Scizor|Protect\n|move|p2a: Tyranitar|Protect|p2a: Tyranitar\n|-singleturn|p2a: Tyranitar|Protect\n|move|p1b: The Crab|Drain Punch|p2a: Tyranitar\n|-activate|p2a: Tyranitar|move: Protect\n|move|p1a: Tricky Tina|Psychic|p2b: Scizor\n|-activate|p2b: Scizor|move: Protect\n|\n|-weather|none\n|-heal|p1a: Tricky Tina|15/100|[from] item: Leftovers\n|-fieldend|move: Trick Room\n|upkeep\n|turn|6\n|\n|t:|1776168174\n|detailschange|p2a: Tyranitar|Tyranitar-Mega, L50, F, shiny\n|-mega|p2a: Tyranitar|Tyranitar|Tyranitarite\n|-weather|Sandstorm|[from] ability: Sand Stream|[of] p2a: Tyranitar\n|move|p1a: Tricky Tina|Protect|p1a: Tricky Tina\n|-singleturn|p1a: Tricky Tina|Protect\n|move|p1b: The Crab|Mach Punch|p2b: Scizor\n|-crit|p2b: Scizor\n|-damage|p2b: Scizor|0 fnt\n|faint|p2b: Scizor\n|move|p2a: Tyranitar|Rock Slide|p1a: Tricky Tina|[spread] p1b\n|-activate|p1a: Tricky Tina|move: Protect\n|-damage|p1b: The Crab|30/100\n|\n|-weather|Sandstorm|[upkeep]\n|-damage|p1a: Tricky Tina|8/100|[from] Sandstorm\n|-damage|p1b: The Crab|25/100|[from] Sandstorm\n|-heal|p1a: Tricky Tina|15/100|[from] item: Leftovers\n|upkeep\n|\n|t:|1776168181\n|switch|p2b: Excadrill|Excadrill, L50, M, shiny|100/100\n|-ability|p2b: Excadrill|Mold Breaker\n|turn|7\n|j| future wolfey 28\n|\n|t:|1776168191\n|move|p1b: The Crab|Protect|p1b: The Crab\n|-singleturn|p1b: The Crab|Protect\n|move|p2b: Excadrill|High Horsepower|p1b: The Crab\n|-activate|p1b: The Crab|move: Protect\n|move|p2a: Tyranitar|Rock Slide|p1b: The Crab|[spread] p1a\n|-activate|p1b: The Crab|move: Protect\n|-damage|p1a: Tricky Tina|0 fnt\n|faint|p1a: Tricky Tina\n|\n|-weather|Sandstorm|[upkeep]\n|-damage|p1b: The Crab|19/100|[from] Sandstorm\n|upkeep\n|\n|t:|1776168198\n|switch|p1a: Chesch|Incineroar, L50, F, shiny|61/100\n|-ability|p1a: Chesch|Intimidate|boost\n|-unboost|p2a: Tyranitar|atk|1\n|-unboost|p2b: Excadrill|atk|1\n|turn|8\n|\n|t:|1776168211\n|move|p1a: Chesch|Fake Out|p2b: Excadrill\n|-resisted|p2b: Excadrill|1\n|-damage|p2b: Excadrill|92/100\n|move|p1b: The Crab|Mach Punch|p2a: Tyranitar\n|-supereffective|p2a: Tyranitar|2\n|-damage|p2a: Tyranitar|0 fnt\n|faint|p2a: Tyranitar\n|cant|p2b: Excadrill|flinch\n|\n|-weather|Sandstorm|[upkeep]\n|-damage|p1a: Chesch|55/100|[from] Sandstorm\n|-damage|p1b: The Crab|13/100|[from] Sandstorm\n|upkeep\n|turn|9\n|\n|t:|1776168226\n|move|p1b: The Crab|Mach Punch|p2b: Excadrill\n|-supereffective|p2b: Excadrill|1\n|-damage|p2b: Excadrill|0 fnt\n|faint|p2b: Excadrill\n|\n|win|cwhit7\n|raw|cwhit7's rating: 1200 &rarr; <strong>1229</strong><br />(+29 for winning)\n|raw|NathanaelW19's rating: 1255 &rarr; <strong>1226</strong><br />(-29 for losing)\n",
  "uploadtime": 1776168233,
  "views": 18,
  "formatid": "gen9championsvgc2026regma",
  "rating": 1226,
  "private": 0,
  "password": null
}