{
  "id": "gen9championsvgc2026regma-2581456171",
  "format": "[Gen 9 Champions] VGC 2026 Reg M-A",
  "players": [
    "Yolita",
    "thealex610"
  ],
  "log": "|j|\u2606Yolita\n|j|\u2606thealex610\n|t:|1776002178\n|gametype|doubles\n|player|p1|Yolita|battlegirl-gen4|1147\n|player|p2|thealex610|170|1136\n|gen|9\n|tier|[Gen 9 Champions] VGC 2026 Reg M-A\n|rated|\n|rule|Species Clause: Limit one of each Pok\u00e9mon\n|rule|Item Clause: Limit 1 of each item\n|clearpoke\n|poke|p1|Tyranitar, L50, M|\n|poke|p1|Excadrill, L50, M|\n|poke|p1|Gyarados, L50, M|\n|poke|p1|Sinistcha, L50|\n|poke|p1|Corviknight, L50, M|\n|poke|p1|Sneasler, L50, F|\n|poke|p2|Sneasler, L50, M|\n|poke|p2|Talonflame, L50, F|\n|poke|p2|Milotic, L50, F|\n|poke|p2|Aegislash, L50, F|\n|poke|p2|Scizor, L50, F|\n|poke|p2|Tyranitar, L50, F|\n|teampreview|4\n|inactive|Battle timer is ON: inactive players will automatically lose when time's up. (requested by Yolita)\n|inactive|Yolita has 60 seconds left.\n|\n|t:|1776002228\n|teamsize|p1|4\n|teamsize|p2|4\n|start\n|switch|p1a: Tyranitar|Tyranitar, L50, M|100/100\n|switch|p1b: Excadrill|Excadrill, L50, M|100/100\n|switch|p2a: Sneasler|Sneasler, L50, M|100/100\n|switch|p2b: Milotic|Milotic, L50, F|100/100\n|-weather|Sandstorm|[from] ability: Sand Stream|[of] p1a: Tyranitar\n|turn|1\n|\n|t:|1776002246\n|switch|p1a: Gyarados|Gyarados, L50, M|100/100\n|-ability|p1a: Gyarados|Intimidate|boost\n|-unboost|p2a: Sneasler|atk|1\n|-unboost|p2b: Milotic|atk|1\n|-ability|p2b: Milotic|Competitive|boost\n|-boost|p2b: Milotic|spa|2\n|-enditem|p2a: Sneasler|White Herb\n|-clearnegativeboost|p2a: Sneasler|[silent]\n|move|p1b: Excadrill|Protect|p1b: Excadrill\n|-singleturn|p1b: Excadrill|Protect\n|move|p2a: Sneasler|Fake Out|p1b: Excadrill\n|-activate|p1b: Excadrill|move: Protect\n|move|p2b: Milotic|Scald|p1a: Gyarados\n|-resisted|p1a: Gyarados|1\n|-damage|p1a: Gyarados|74/100\n|-status|p1a: Gyarados|brn\n|-enditem|p1a: Gyarados|Lum Berry|[eat]\n|-curestatus|p1a: Gyarados|brn|[msg]\n|\n|-weather|Sandstorm|[upkeep]\n|-damage|p2a: Sneasler|95/100|[from] Sandstorm\n|-damage|p2b: Milotic|95/100|[from] Sandstorm\n|-damage|p1a: Gyarados|68/100|[from] Sandstorm\n|upkeep\n|turn|2\n|inactive|Yolita has 30 seconds left.\n|\n|t:|1776002275\n|move|p2a: Sneasler|Close Combat|p1b: Excadrill\n|-supereffective|p1b: Excadrill|1\n|-enditem|p1b: Excadrill|Focus Sash\n|-damage|p1b: Excadrill|1/100\n|-unboost|p2a: Sneasler|def|1\n|-unboost|p2a: Sneasler|spd|1\n|move|p1b: Excadrill|Earthquake|p2b: Milotic|[spread] p2a,p2b\n|-immune|p1a: Gyarados\n|-supereffective|p2a: Sneasler|1\n|-damage|p2a: Sneasler|0 fnt\n|-damage|p2b: Milotic|35/100\n|faint|p2a: Sneasler\n|move|p2b: Milotic|Icy Wind|p1a: Gyarados|[spread] p1a,p1b\n|-damage|p1a: Gyarados|50/100\n|-damage|p1b: Excadrill|0 fnt\n|-unboost|p1a: Gyarados|spe|1\n|faint|p1b: Excadrill\n|move|p1a: Gyarados|Thunder Wave|p2b: Milotic\n|-status|p2b: Milotic|par\n|\n|-weather|Sandstorm|[upkeep]\n|-damage|p2b: Milotic|29/100 par|[from] Sandstorm\n|-damage|p1a: Gyarados|44/100|[from] Sandstorm\n|upkeep\n|inactive|Yolita has 30 seconds left.\n|inactive|thealex610 has 30 seconds left.\n|\n|t:|1776002301\n|switch|p2a: Aegislash|Aegislash, L50, F|100/100\n|switch|p1b: Corviknight|Corviknight, L50, M|100/100\n|-ability|p1b: Corviknight|Pressure\n|turn|3\n|\n|t:|1776002316\n|switch|p1a: Tyranitar|Tyranitar, L50, M|100/100\n|move|p2b: Milotic|Protect|p2b: Milotic\n|-singleturn|p2b: Milotic|Protect\n|move|p1b: Corviknight|Brave Bird|p2b: Milotic\n|-activate|p2b: Milotic|move: Protect\n|-formechange|p2a: Aegislash|Aegislash-Blade|\n|move|p2a: Aegislash|Sacred Sword|p1b: Corviknight\n|-damage|p1b: Corviknight|74/100\n|\n|-weather|Sandstorm|[upkeep]\n|-damage|p2b: Milotic|23/100 par|[from] Sandstorm\n|-heal|p1b: Corviknight|80/100|[from] item: Leftovers\n|upkeep\n|turn|4\n|inactive|Yolita has 30 seconds left.\n|\n|t:|1776002344\n|move|p1a: Tyranitar|Protect|p1a: Tyranitar\n|-singleturn|p1a: Tyranitar|Protect\n|move|p2a: Aegislash|Wide Guard|p2a: Aegislash\n|-singleturn|p2a: Aegislash|Wide Guard\n|move|p1b: Corviknight|Brave Bird|p2b: Milotic\n|-damage|p2b: Milotic|0 fnt\n|faint|p2b: Milotic\n|-damage|p1b: Corviknight|74/100|[from] Recoil\n|\n|-weather|Sandstorm|[upkeep]\n|-heal|p1b: Corviknight|80/100|[from] item: Leftovers\n|upkeep\n|\n|t:|1776002354\n|switch|p2b: Scizor|Scizor, L50, F, shiny|100/100\n|turn|5\n|inactive|thealex610 has 30 seconds left.\n|\n|t:|1776002383\n|switch|p1a: Gyarados|Gyarados, L50, M|44/100\n|-ability|p1a: Gyarados|Intimidate|boost\n|-unboost|p2a: Aegislash|atk|1\n|-unboost|p2b: Scizor|atk|1\n|detailschange|p2b: Scizor|Scizor-Mega, L50, F, shiny\n|-mega|p2b: Scizor|Scizor|Scizorite\n|-formechange|p2a: Aegislash|Aegislash|\n|move|p2a: Aegislash|King's Shield||[still]\n|-fail|p2a: Aegislash\n|move|p2b: Scizor|Bullet Punch|p1a: Gyarados\n|-resisted|p1a: Gyarados|1\n|-damage|p1a: Gyarados|34/100\n|move|p1b: Corviknight|Bulk Up|p1b: Corviknight\n|-boost|p1b: Corviknight|atk|1\n|-boost|p1b: Corviknight|def|1\n|\n|-weather|none\n|-heal|p1b: Corviknight|85/100|[from] item: Leftovers\n|upkeep\n|turn|6\n|\n|t:|1776002404\n|move|p2b: Scizor|Swords Dance|p2b: Scizor\n|-boost|p2b: Scizor|atk|2\n|move|p1a: Gyarados|Taunt|p2a: Aegislash\n|-start|p2a: Aegislash|move: Taunt\n|move|p1b: Corviknight|Bulk Up|p1b: Corviknight\n|-boost|p1b: Corviknight|atk|1\n|-boost|p1b: Corviknight|def|1\n|-formechange|p2a: Aegislash|Aegislash-Blade|\n|move|p2a: Aegislash|Sacred Sword|p1b: Corviknight\n|-damage|p1b: Corviknight|67/100\n|\n|-heal|p1b: Corviknight|73/100|[from] item: Leftovers\n|upkeep\n|turn|7\n|inactive|thealex610 has 30 seconds left.\n|inactive|thealex610 has 20 seconds left.\n|inactive|Yolita has 30 seconds left.\n|\n|t:|1776002446\n|move|p2b: Scizor|Dual Wingbeat|p1a: Gyarados\n|-damage|p1a: Gyarados|0 fnt\n|faint|p1a: Gyarados\n|-hitcount|p1: Gyarados|1\n|move|p1b: Corviknight|Bulk Up|p1b: Corviknight\n|-boost|p1b: Corviknight|atk|1\n|-boost|p1b: Corviknight|def|1\n|move|p2a: Aegislash|Sacred Sword|p1b: Corviknight\n|-damage|p1b: Corviknight|57/100\n|\n|-heal|p1b: Corviknight|63/100|[from] item: Leftovers\n|upkeep\n|\n|t:|1776002451\n|switch|p1a: Tyranitar|Tyranitar, L50, M|100/100\n|-weather|Sandstorm|[from] ability: Sand Stream|[of] p1a: Tyranitar\n|turn|8\n|\n|t:|1776002468\n|detailschange|p1a: Tyranitar|Tyranitar-Mega, L50, M\n|-mega|p1a: Tyranitar|Tyranitar|Tyranitarite\n|move|p1a: Tyranitar|Protect|p1a: Tyranitar\n|-singleturn|p1a: Tyranitar|Protect\n|move|p2b: Scizor|Bullet Punch|p1a: Tyranitar\n|-activate|p1a: Tyranitar|move: Protect\n|move|p1b: Corviknight|Roost|p1b: Corviknight\n|-heal|p1b: Corviknight|100/100\n|-singleturn|p1b: Corviknight|move: Roost\n|move|p2a: Aegislash|Sacred Sword|p1b: Corviknight\n|-supereffective|p1b: Corviknight|1\n|-damage|p1b: Corviknight|67/100\n|\n|-weather|Sandstorm|[upkeep]\n|-heal|p1b: Corviknight|73/100|[from] item: Leftovers\n|-end|p2a: Aegislash|move: Taunt\n|upkeep\n|turn|9\n|inactive|thealex610 has 30 seconds left.\n|\n|t:|1776002498\n|move|p2b: Scizor|Protect|p2b: Scizor\n|-singleturn|p2b: Scizor|Protect\n|move|p1a: Tyranitar|Assurance|p2a: Aegislash\n|-supereffective|p2a: Aegislash|1\n|-damage|p2a: Aegislash|0 fnt\n|faint|p2a: Aegislash\n|move|p1b: Corviknight|Brave Bird|p2b: Scizor\n|-activate|p2b: Scizor|move: Protect\n|\n|-weather|Sandstorm|[upkeep]\n|-heal|p1b: Corviknight|79/100|[from] item: Leftovers\n|upkeep\n|turn|10\n|\n|t:|1776002510\n|move|p2b: Scizor|Bullet Punch|p1a: Tyranitar\n|-supereffective|p1a: Tyranitar|1\n|-damage|p1a: Tyranitar|41/100\n|move|p1a: Tyranitar|Rock Slide|p2b: Scizor\n|-damage|p2b: Scizor|60/100\n|move|p1b: Corviknight|Brave Bird|p2b: Scizor\n|-damage|p2b: Scizor|0 fnt\n|faint|p2b: Scizor\n|-damage|p1b: Corviknight|64/100|[from] Recoil\n|\n|win|Yolita\n|raw|Yolita's rating: 1147 &rarr; <strong>1171</strong><br />(+24 for winning)\n|raw|thealex610's rating: 1136 &rarr; <strong>1112</strong><br />(-24 for losing)\n|c|\u2606Yolita|Gg\n|l|\u2606Yolita\n|player|p1|\n",
  "uploadtime": 1776002521,
  "views": 55,
  "formatid": "gen9championsvgc2026regma",
  "rating": 1112,
  "private": 0,
  "password": null
}