{
  "id": "gen9championsvgc2026regma-2588180887",
  "format": "[Gen 9 Champions] VGC 2026 Reg M-A",
  "players": [
    "kris7443",
    "StrawberryBalloons"
  ],
  "log": "|j|\u2606kris7443\n|j|\u203dStrawberryBalloons\n|t:|1776612089\n|gametype|doubles\n|player|p1|kris7443|teamrocket|1348\n|player|p2|StrawberryBalloons|fisherman-gen4|1287\n|gen|9\n|tier|[Gen 9 Champions] VGC 2026 Reg M-A\n|rated|\n|rule|Species Clause: Limit one of each Pok\u00e9mon\n|rule|Item Clause: Limit 1 of each item\n|clearpoke\n|poke|p1|Garchomp, L50, F|\n|poke|p1|Tyranitar, L50, M|\n|poke|p1|Espathra, L50, M|\n|poke|p1|Meowstic-F, L50, F|\n|poke|p1|Araquanid, L50, M|\n|poke|p1|Excadrill, L50, M|\n|poke|p2|Chimecho, L50, F|\n|poke|p2|Skeledirge, L50, F|\n|poke|p2|Milotic, L50, F|\n|poke|p2|Sinistcha, L50|\n|poke|p2|Floette-Eternal, L50, F|\n|poke|p2|Incineroar, L50, M|\n|teampreview|4\n|inactive|Battle timer is ON: inactive players will automatically lose when time's up. (requested by StrawberryBalloons)\n|inactive|kris7443 has 60 seconds left.\n|\n|t:|1776612138\n|teamsize|p1|4\n|teamsize|p2|4\n|start\n|switch|p1a: Meowstic|Meowstic-F, L50, F|100/100\n|switch|p1b: Espathra|Espathra, L50, M|100/100\n|switch|p2a: Chimecho|Chimecho, L50, F|100/100\n|switch|p2b: Incineroar|Incineroar, L50, M|100/100\n|-ability|p2b: Incineroar|Intimidate|boost\n|-unboost|p1a: Meowstic|atk|1\n|-ability|p1a: Meowstic|Competitive|boost\n|-boost|p1a: Meowstic|spa|2\n|-unboost|p1b: Espathra|atk|1\n|turn|1\n|\n|t:|1776612159\n|detailschange|p2a: Chimecho|Chimecho-Mega, L50, F\n|-mega|p2a: Chimecho|Chimecho|Chimechite\n|move|p1a: Meowstic|Fake Out|p2b: Incineroar\n|-damage|p2b: Incineroar|97/100\n|move|p1b: Espathra|Psychic Terrain|p1b: Espathra\n|-fieldstart|move: Psychic Terrain\n|move|p2a: Chimecho|Cosmic Power|p2a: Chimecho\n|-boost|p2a: Chimecho|def|1\n|-boost|p2a: Chimecho|spd|1\n|cant|p2b: Incineroar|flinch\n|\n|-ability|p1b: Espathra|Speed Boost|boost\n|-boost|p1b: Espathra|spe|1\n|upkeep\n|turn|2\n|\n|t:|1776612175\n|move|p1a: Meowstic|Protect|p1a: Meowstic\n|-singleturn|p1a: Meowstic|Protect\n|move|p1b: Espathra|U-turn|p2a: Chimecho\n|-damage|p2a: Chimecho|97/100\n|\n|t:|1776612179\n|switch|p1b: Tyranitar|Tyranitar, L50, M|100/100|[from] U-turn\n|-weather|Sandstorm|[from] ability: Sand Stream|[of] p1b: Tyranitar\n|move|p2a: Chimecho|Cosmic Power|p2a: Chimecho\n|-boost|p2a: Chimecho|def|1\n|-boost|p2a: Chimecho|spd|1\n|move|p2b: Incineroar|Throat Chop|p1b: Tyranitar\n|-resisted|p1b: Tyranitar|1\n|-damage|p1b: Tyranitar|87/100\n|-start|p1b: Tyranitar|Throat Chop|[silent]\n|\n|-weather|Sandstorm|[upkeep]\n|-damage|p1a: Meowstic|95/100|[from] Sandstorm\n|-damage|p2b: Incineroar|91/100|[from] Sandstorm\n|upkeep\n|turn|3\n|\n|t:|1776612197\n|detailschange|p1a: Meowstic|Meowstic-F-Mega, L50, F\n|-mega|p1a: Meowstic|Meowstic|Meowsticite\n|-ability|p1a: Meowstic|Intimidate|Trace|[from] ability: Trace|[of] p2b: Incineroar\n|-ability|p1a: Meowstic|Intimidate|boost\n|-unboost|p2a: Chimecho|atk|1\n|-unboost|p2b: Incineroar|atk|1\n|move|p1a: Meowstic|Expanding Force|p2a: Chimecho|[spread] p2a\n|-immune|p2b: Incineroar\n|-resisted|p2a: Chimecho|2\n|-damage|p2a: Chimecho|84/100\n|move|p1b: Tyranitar|Rock Slide|p2b: Incineroar|[spread] p2a,p2b\n|-resisted|p2a: Chimecho|1\n|-supereffective|p2b: Incineroar|1\n|-damage|p2a: Chimecho|77/100\n|-damage|p2b: Incineroar|25/100\n|move|p2a: Chimecho|Cosmic Power|p2a: Chimecho\n|-boost|p2a: Chimecho|def|1\n|-boost|p2a: Chimecho|spd|1\n|move|p2b: Incineroar|Throat Chop|p1a: Meowstic\n|-supereffective|p1a: Meowstic|1\n|-damage|p1a: Meowstic|27/100\n|-start|p1a: Meowstic|Throat Chop|[silent]\n|\n|-weather|Sandstorm|[upkeep]\n|-damage|p1a: Meowstic|21/100|[from] Sandstorm\n|-damage|p2b: Incineroar|19/100|[from] Sandstorm\n|-end|p1b: Tyranitar|Throat Chop|[silent]\n|upkeep\n|turn|4\n|inactive|StrawberryBalloons has 30 seconds left.\n|\n|t:|1776612224\n|switch|p2b: Sinistcha|Sinistcha, L50|100/100\n|-heal|p2a: Chimecho|100/100|[from] ability: Hospitality|[of] p2b: Sinistcha\n|move|p1a: Meowstic|Thunderbolt|p2a: Chimecho\n|-damage|p2a: Chimecho|78/100\n|move|p1b: Tyranitar|Rock Slide|p2b: Sinistcha|[spread] p2a,p2b\n|-resisted|p2a: Chimecho|1\n|-damage|p2a: Chimecho|73/100\n|-damage|p2b: Sinistcha|70/100\n|cant|p2a: Chimecho|flinch\n|\n|-weather|Sandstorm|[upkeep]\n|-damage|p1a: Meowstic|15/100|[from] Sandstorm\n|-damage|p2b: Sinistcha|63/100|[from] Sandstorm\n|-end|p1a: Meowstic|Throat Chop|[silent]\n|upkeep\n|turn|5\n|\n|t:|1776612243\n|switch|p1b: Garchomp|Garchomp, L50, F|100/100\n|move|p1a: Meowstic|Expanding Force|p2a: Chimecho|[spread] p2a,p2b\n|-resisted|p2a: Chimecho|2\n|-damage|p2a: Chimecho|63/100\n|-damage|p2b: Sinistcha|0 fnt\n|faint|p2b: Sinistcha\n|move|p2a: Chimecho|Dazzling Gleam|p1b: Garchomp|[spread] p1a,p1b\n|-supereffective|p1b: Garchomp|1\n|-damage|p1a: Meowstic|0 fnt\n|-damage|p1b: Garchomp|60/100\n|faint|p1a: Meowstic\n|\n|-weather|Sandstorm|[upkeep]\n|-fieldend|move: Psychic Terrain\n|upkeep\n|\n|t:|1776612255\n|switch|p1a: Espathra|Espathra, L50, M|100/100\n|switch|p2b: Incineroar|Incineroar, L50, M|19/100\n|-ability|p2b: Incineroar|Intimidate|boost\n|-unboost|p1a: Espathra|atk|1\n|-unboost|p1b: Garchomp|atk|1\n|turn|6\n|\n|t:|1776612275\n|switch|p1b: Tyranitar|Tyranitar, L50, M|87/100\n|move|p2b: Incineroar|Fake Out|p1a: Espathra\n|-damage|p1a: Espathra|84/100\n|cant|p1a: Espathra|flinch\n|move|p2a: Chimecho|Baton Pass|p2a: Chimecho\n|\n|t:|1776612282\n|switch|p2a: Milotic|Milotic, L50, F|100/100|[from] Baton Pass\n|\n|-weather|none\n|-ability|p1a: Espathra|Speed Boost|boost\n|-boost|p1a: Espathra|spe|1\n|upkeep\n|turn|7\n|\n|t:|1776612305\n|switch|p2b: Chimecho|Chimecho-Mega, L50, F|63/100\n|move|p1a: Espathra|U-turn|p2a: Milotic\n|-damage|p2a: Milotic|98/100\n|\n|t:|1776612310\n|switch|p1a: Garchomp|Garchomp, L50, F|60/100|[from] U-turn\n|move|p1b: Tyranitar|Rock Slide|p2b: Chimecho|[spread] p2a\n|-miss|p1b: Tyranitar|p2b: Chimecho\n|-damage|p2a: Milotic|84/100\n|cant|p2a: Milotic|flinch\n|\n|-heal|p2a: Milotic|90/100|[from] item: Leftovers\n|upkeep\n|turn|8\n|\n|t:|1776612330\n|move|p1a: Garchomp|Stomping Tantrum|p2a: Milotic\n|-damage|p2a: Milotic|75/100\n|move|p1b: Tyranitar|Rock Slide|p2a: Milotic|[spread] p2a,p2b\n|-resisted|p2b: Chimecho|1\n|-damage|p2a: Milotic|62/100\n|-damage|p2b: Chimecho|51/100\n|move|p2a: Milotic|Coil|p2a: Milotic\n|-boost|p2a: Milotic|atk|1\n|-boost|p2a: Milotic|def|1\n|-boost|p2a: Milotic|accuracy|1\n|move|p2b: Chimecho|Recover|p2b: Chimecho\n|-heal|p2b: Chimecho|100/100\n|\n|-heal|p2a: Milotic|68/100|[from] item: Leftovers\n|upkeep\n|turn|9\n|inactive|kris7443 has 30 seconds left.\n|inactive|kris7443 has 20 seconds left.\n|inactive|kris7443 has 15 seconds left.\n|inactive|kris7443 has 10 seconds left.\n|inactive|kris7443 has 5 seconds left.\n|\n|t:|1776612385\n|move|p1a: Garchomp|Dragon Claw|p2b: Chimecho\n|-resisted|p2b: Chimecho|1\n|-damage|p2b: Chimecho|85/100\n|move|p1b: Tyranitar|Rock Slide|p2b: Chimecho|[spread] p2a,p2b\n|-resisted|p2b: Chimecho|1\n|-damage|p2a: Milotic|58/100\n|-damage|p2b: Chimecho|72/100\n|cant|p2a: Milotic|flinch\n|cant|p2b: Chimecho|flinch\n|\n|-heal|p2a: Milotic|64/100|[from] item: Leftovers\n|upkeep\n|turn|10\n|\n|t:|1776612407\n|move|p1a: Garchomp|Dragon Claw|p2a: Milotic\n|-damage|p2a: Milotic|49/100\n|move|p1b: Tyranitar|Rock Slide|p2a: Milotic|[spread] p2a,p2b\n|-resisted|p2b: Chimecho|1\n|-damage|p2a: Milotic|38/100\n|-damage|p2b: Chimecho|60/100\n|cant|p2a: Milotic|flinch\n|cant|p2b: Chimecho|flinch\n|\n|-heal|p2a: Milotic|44/100|[from] item: Leftovers\n|upkeep\n|turn|11\n|c|\u2606kris7443|i cast infinite flinch\n|\n|t:|1776612432\n|move|p1a: Garchomp|Dragon Claw|p2a: Milotic\n|-damage|p2a: Milotic|30/100\n|move|p1b: Tyranitar|Rock Slide|p2b: Chimecho|[spread] p2a,p2b\n|-resisted|p2b: Chimecho|1\n|-damage|p2a: Milotic|19/100\n|-damage|p2b: Chimecho|48/100\n|cant|p2a: Milotic|flinch\n|move|p2b: Chimecho|Dazzling Gleam|p1b: Tyranitar|[spread] p1a,p1b\n|-supereffective|p1a: Garchomp|1\n|-supereffective|p1b: Tyranitar|1\n|-damage|p1a: Garchomp|20/100\n|-damage|p1b: Tyranitar|55/100\n|\n|-heal|p2a: Milotic|25/100|[from] item: Leftovers\n|upkeep\n|turn|12\n|\n|t:|1776612447\n|move|p1a: Garchomp|Dragon Claw|p2a: Milotic\n|-damage|p2a: Milotic|10/100\n|move|p1b: Tyranitar|Rock Slide|p2b: Chimecho|[spread] p2a,p2b\n|-resisted|p2b: Chimecho|1\n|-damage|p2a: Milotic|0 fnt\n|-damage|p2b: Chimecho|36/100\n|faint|p2a: Milotic\n|move|p2b: Chimecho|Cosmic Power|p2b: Chimecho\n|-boost|p2b: Chimecho|def|1\n|-boost|p2b: Chimecho|spd|1\n|\n|upkeep\n|\n|t:|1776612452\n|switch|p2a: Incineroar|Incineroar, L50, M|19/100\n|-ability|p2a: Incineroar|Intimidate|boost\n|-unboost|p1a: Garchomp|atk|1\n|-unboost|p1b: Tyranitar|atk|1\n|turn|13\n|c|\u2606kris7443|nooo\n|\n|t:|1776612464\n|move|p2a: Incineroar|Fake Out|p1b: Tyranitar\n|-resisted|p1b: Tyranitar|1\n|-damage|p1b: Tyranitar|51/100\n|move|p1a: Garchomp|Dragon Claw|p2b: Chimecho\n|-resisted|p2b: Chimecho|1\n|-damage|p2b: Chimecho|29/100\n|cant|p1b: Tyranitar|flinch\n|move|p2b: Chimecho|Recover|p2b: Chimecho\n|-heal|p2b: Chimecho|79/100\n|\n|upkeep\n|turn|14\n|\n|t:|1776612475\n|move|p1a: Garchomp|Dragon Claw|p2b: Chimecho\n|-resisted|p2b: Chimecho|1\n|-damage|p2b: Chimecho|71/100\n|move|p1b: Tyranitar|Rock Slide|p2a: Incineroar|[spread] p2a,p2b\n|-supereffective|p2a: Incineroar|1\n|-resisted|p2b: Chimecho|1\n|-damage|p2a: Incineroar|0 fnt\n|-damage|p2b: Chimecho|65/100\n|faint|p2a: Incineroar\n|cant|p2b: Chimecho|flinch\n|\n|upkeep\n|turn|15\n|inactive|kris7443 has 30 seconds left.\n|\n|t:|1776612502\n|switch|p1b: Espathra|Espathra, L50, M|84/100\n|move|p1a: Garchomp|Protect|p1a: Garchomp\n|-singleturn|p1a: Garchomp|Protect\n|move|p2b: Chimecho|Cosmic Power|p2b: Chimecho\n|-boost|p2b: Chimecho|def|1\n|-boost|p2b: Chimecho|spd|1\n|\n|upkeep\n|turn|16\n|\n|t:|1776612512\n|switch|p1a: Tyranitar|Tyranitar, L50, M|51/100\n|-weather|Sandstorm|[from] ability: Sand Stream|[of] p1a: Tyranitar\n|move|p1b: Espathra|Lumina Crash|p2b: Chimecho\n|-resisted|p2b: Chimecho|2\n|-damage|p2b: Chimecho|61/100\n|-unboost|p2b: Chimecho|spd|2\n|move|p2b: Chimecho|Dazzling Gleam|p1a: Tyranitar|[spread] p1a,p1b\n|-supereffective|p1a: Tyranitar|1\n|-damage|p1a: Tyranitar|28/100\n|-damage|p1b: Espathra|54/100\n|\n|-weather|Sandstorm|[upkeep]\n|-damage|p1b: Espathra|48/100|[from] Sandstorm\n|-ability|p1b: Espathra|Speed Boost|boost\n|-boost|p1b: Espathra|spe|1\n|upkeep\n|turn|17\n|\n|t:|1776612529\n|move|p1b: Espathra|Lumina Crash|p2b: Chimecho\n|-resisted|p2b: Chimecho|2\n|-damage|p2b: Chimecho|54/100\n|-unboost|p2b: Chimecho|spd|2\n|move|p1a: Tyranitar|Knock Off|p2b: Chimecho\n|-supereffective|p2b: Chimecho|1\n|-damage|p2b: Chimecho|21/100\n|move|p2b: Chimecho|Dazzling Gleam|p1a: Tyranitar|[spread] p1a,p1b\n|-supereffective|p1a: Tyranitar|1\n|-damage|p1a: Tyranitar|3/100\n|-damage|p1b: Espathra|20/100\n|\n|-weather|Sandstorm|[upkeep]\n|-damage|p1b: Espathra|14/100|[from] Sandstorm\n|-ability|p1b: Espathra|Speed Boost|boost\n|-boost|p1b: Espathra|spe|1\n|upkeep\n|turn|18\n|\n|t:|1776612544\n|move|p1b: Espathra|Lumina Crash|p2b: Chimecho\n|-resisted|p2b: Chimecho|2\n|-damage|p2b: Chimecho|8/100\n|-unboost|p2b: Chimecho|spd|2\n|move|p1a: Tyranitar|Knock Off|p2b: Chimecho\n|-supereffective|p2b: Chimecho|1\n|-damage|p2b: Chimecho|0 fnt\n|faint|p2b: Chimecho\n|\n|win|kris7443\n|raw|kris7443's rating: 1348 &rarr; <strong>1365</strong><br />(+17 for winning)\n|raw|StrawberryBalloons's rating: 1287 &rarr; <strong>1266</strong><br />(-21 for losing)\n|l|\u203dStrawberryBalloons\n|player|p2|\n",
  "uploadtime": 1776612619,
  "views": 10,
  "formatid": "gen9championsvgc2026regma",
  "rating": 1266,
  "private": 0,
  "password": null
}