{
  "id": "gen9championsvgc2026regma-2580686927",
  "format": "[Gen 9 Champions] VGC 2026 Reg M-A",
  "players": [
    "sadmvldd",
    "FlinchFlinchBitch"
  ],
  "log": "|j|\u2606sadmvldd\n|j|\u2606FlinchFlinchBitch\n|t:|1775924277\n|gametype|doubles\n|player|p1|sadmvldd|266|1098\n|player|p2|FlinchFlinchBitch|bellelba|1040\n|gen|9\n|tier|[Gen 9 Champions] VGC 2026 Reg M-A\n|rated|\n|rule|Species Clause: Limit one of each Pok\u00e9mon\n|rule|Item Clause: Limit 1 of each item\n|clearpoke\n|poke|p1|Scizor, L50, M|\n|poke|p1|Incineroar, L50, F|\n|poke|p1|Sinistcha-Masterpiece, L50|\n|poke|p1|Kommo-o, L50, M|\n|poke|p1|Politoed, L50, F|\n|poke|p1|Basculegion, L50, M|\n|poke|p2|Pelipper, L50, F|\n|poke|p2|Blastoise, L50, M|\n|poke|p2|Aegislash, L50, M|\n|poke|p2|Archaludon, L50, F|\n|poke|p2|Floette-Eternal, L50, F|\n|poke|p2|Basculegion, L50, M|\n|teampreview|4\n|inactive|Battle timer is ON: inactive players will automatically lose when time's up. (requested by sadmvldd)\n|\n|t:|1775924317\n|teamsize|p1|4\n|teamsize|p2|4\n|start\n|switch|p1a: Incineroar|Incineroar, L50, F|100/100\n|switch|p1b: Kommo-o|Kommo-o, L50, M|100/100\n|switch|p2a: Pelipper|Pelipper, L50, F|100/100\n|switch|p2b: Basculegion|Basculegion, L50, M, shiny|100/100\n|-weather|RainDance|[from] ability: Drizzle|[of] p2a: Pelipper\n|-ability|p1a: Incineroar|Intimidate|boost\n|-unboost|p2a: Pelipper|atk|1\n|-unboost|p2b: Basculegion|atk|1\n|turn|1\n|\n|t:|1775924340\n|move|p2a: Pelipper|Protect|p2a: Pelipper\n|-singleturn|p2a: Pelipper|Protect\n|move|p1a: Incineroar|Fake Out|p2a: Pelipper\n|-activate|p2a: Pelipper|move: Protect\n|move|p2b: Basculegion|Wave Crash|p1a: Incineroar\n|-supereffective|p1a: Incineroar|1\n|-damage|p1a: Incineroar|0 fnt\n|faint|p1a: Incineroar\n|-damage|p2b: Basculegion|71/100|[from] Recoil\n|move|p1b: Kommo-o|Clangorous Soul|p1b: Kommo-o\n|-boost|p1b: Kommo-o|atk|1\n|-boost|p1b: Kommo-o|def|1\n|-boost|p1b: Kommo-o|spa|1\n|-boost|p1b: Kommo-o|spd|1\n|-boost|p1b: Kommo-o|spe|1\n|-damage|p1b: Kommo-o|68/100\n|\n|-weather|RainDance|[upkeep]\n|upkeep\n|inactive|sadmvldd has 30 seconds left.\n|\n|t:|1775924366\n|switch|p1a: Scizor|Scizor, L50, M|100/100\n|turn|2\n|\n|t:|1775924385\n|move|p1a: Scizor|Protect|p1a: Scizor\n|-singleturn|p1a: Scizor|Protect\n|move|p1b: Kommo-o|Clanging Scales|p2a: Pelipper|[spread] p2a,p2b\n|-damage|p2a: Pelipper|30/100\n|-damage|p2b: Basculegion|21/100\n|-unboost|p1b: Kommo-o|def|1\n|move|p2b: Basculegion|Flip Turn|p1a: Scizor\n|-activate|p1a: Scizor|move: Protect\n|move|p2a: Pelipper|Tailwind|p2a: Pelipper\n|-sidestart|p2: FlinchFlinchBitch|move: Tailwind\n|\n|-weather|RainDance|[upkeep]\n|upkeep\n|turn|3\n|\n|t:|1775924407\n|detailschange|p1a: Scizor|Scizor-Mega, L50, M\n|-mega|p1a: Scizor|Scizor|Scizorite\n|move|p1a: Scizor|Bullet Punch|p2b: Basculegion\n|-resisted|p2b: Basculegion|1\n|-damage|p2b: Basculegion|0 fnt\n|faint|p2b: Basculegion\n|move|p1b: Kommo-o|Aura Sphere|p2a: Pelipper\n|-resisted|p2a: Pelipper|1\n|-damage|p2a: Pelipper|0 fnt\n|faint|p2a: Pelipper\n|\n|-weather|RainDance|[upkeep]\n|upkeep\n|\n|t:|1775924414\n|switch|p2b: Aegislash|Aegislash, L50, M, shiny|100/100\n|switch|p2a: Archaludon|Archaludon, L50, F, shiny|100/100\n|turn|4\n|\n|t:|1775924431\n|move|p1b: Kommo-o|Aura Sphere|p2a: Archaludon\n|-supereffective|p2a: Archaludon|1\n|-damage|p2a: Archaludon|0 fnt\n|faint|p2a: Archaludon\n|-formechange|p2b: Aegislash|Aegislash-Blade|\n|move|p2b: Aegislash|Flash Cannon|p1b: Kommo-o\n|-damage|p1b: Kommo-o|38/100\n|-enditem|p1b: Kommo-o|Sitrus Berry|[eat]\n|-heal|p1b: Kommo-o|62/100|[from] item: Sitrus Berry\n|move|p1a: Scizor|Swords Dance|p1a: Scizor\n|-boost|p1a: Scizor|atk|2\n|\n|-weather|RainDance|[upkeep]\n|upkeep\n|turn|5\n|\n|t:|1775924444\n|move|p1b: Kommo-o|Clangorous Soul|p1b: Kommo-o\n|-boost|p1b: Kommo-o|atk|1\n|-boost|p1b: Kommo-o|def|1\n|-boost|p1b: Kommo-o|spa|1\n|-boost|p1b: Kommo-o|spd|1\n|-boost|p1b: Kommo-o|spe|1\n|-damage|p1b: Kommo-o|30/100\n|move|p2b: Aegislash|Shadow Ball|p1b: Kommo-o\n|-damage|p1b: Kommo-o|6/100\n|move|p1a: Scizor|Swords Dance|p1a: Scizor\n|-boost|p1a: Scizor|atk|2\n|\n|-weather|none\n|-sideend|p2: FlinchFlinchBitch|move: Tailwind\n|upkeep\n|turn|6\n|\n|t:|1775924458\n|move|p1b: Kommo-o|Protect|p1b: Kommo-o\n|-singleturn|p1b: Kommo-o|Protect\n|-formechange|p2b: Aegislash|Aegislash|\n|move|p2b: Aegislash|King's Shield|p2b: Aegislash\n|-singleturn|p2b: Aegislash|Protect\n|move|p1a: Scizor|Swords Dance|p1a: Scizor\n|-boost|p1a: Scizor|atk|2\n|\n|upkeep\n|turn|7\n|\n|t:|1775924472\n|move|p1b: Kommo-o|Clanging Scales|p2b: Aegislash\n|-resisted|p2b: Aegislash|1\n|-crit|p2b: Aegislash\n|-damage|p2b: Aegislash|41/100\n|-unboost|p1b: Kommo-o|def|1\n|move|p1a: Scizor|Dual Wingbeat|p2b: Aegislash\n|-resisted|p2b: Aegislash|1\n|-damage|p2b: Aegislash|2/100\n|-resisted|p2b: Aegislash|1\n|-damage|p2b: Aegislash|0 fnt\n|faint|p2b: Aegislash\n|-hitcount|p2: Aegislash|2\n|\n|win|sadmvldd\n|raw|sadmvldd's rating: 1098 &rarr; <strong>1119</strong><br />(+21 for winning)\n|raw|FlinchFlinchBitch's rating: 1040 &rarr; <strong>1027</strong><br />(-13 for losing)\n",
  "uploadtime": 1775924479,
  "views": 12,
  "formatid": "gen9championsvgc2026regma",
  "rating": 1027,
  "private": 0,
  "password": null
}