{
  "id": "gen9championsvgc2026regma-2585262146",
  "format": "[Gen 9 Champions] VGC 2026 Reg M-A",
  "players": [
    "codinaftw",
    "fwefhjk"
  ],
  "log": "|j|\u2606codinaftw\n|j|\u2606fwefhjk\n|t:|1776331297\n|gametype|doubles\n|player|p1|codinaftw|170|1054\n|player|p2|fwefhjk|169|1086\n|gen|9\n|tier|[Gen 9 Champions] VGC 2026 Reg M-A\n|rated|\n|rule|Species Clause: Limit one of each Pok\u00e9mon\n|rule|Item Clause: Limit 1 of each item\n|clearpoke\n|poke|p1|Meganium, L50, F|\n|poke|p1|Pelipper, L50, M|\n|poke|p1|Archaludon, L50, M|\n|poke|p1|Basculegion, L50, M|\n|poke|p1|Sneasler, L50, F|\n|poke|p1|Sinistcha, L50|\n|poke|p2|Froslass, L50, F|\n|poke|p2|Slowking, L50, M|\n|poke|p2|Crabominable, L50, F|\n|poke|p2|Rotom-Wash, L50|\n|poke|p2|Sneasler, L50, M|\n|poke|p2|Garchomp, L50, F|\n|teampreview|4\nfwefhjk rejected open team sheets.\n|\n|t:|1776331328\n|teamsize|p1|4\n|teamsize|p2|4\n|start\n|switch|p1a: Sneasler|Sneasler, L50, F|100/100\n|switch|p1b: Archaludon|Archaludon, L50, M|100/100\n|switch|p2a: Froslass|Froslass, L50, F|100/100\n|switch|p2b: Crabominable|Crabominable, L50, F|100/100\n|turn|1\n|\n|t:|1776331346\n|move|p1a: Sneasler|Fake Out|p2b: Crabominable\n|-damage|p2b: Crabominable|84/100\n|move|p2a: Froslass|Frost Breath|p2b: Crabominable\n|-resisted|p2b: Crabominable|1\n|-crit|p2b: Crabominable\n|-damage|p2b: Crabominable|67/100\n|-setboost|p2b: Crabominable|atk|6|[from] ability: Anger Point\n|move|p1b: Archaludon|Flash Cannon|p2a: Froslass\n|-supereffective|p2a: Froslass|1\n|-damage|p2a: Froslass|0 fnt\n|faint|p2a: Froslass\n|cant|p2b: Crabominable|flinch\n|\n|upkeep\n|\n|t:|1776331368\n|switch|p2a: Slowking|Slowking, L50, M|100/100\n|turn|2\n|\n|t:|1776331377\n|move|p1b: Archaludon|Protect|p1b: Archaludon\n|-singleturn|p1b: Archaludon|Protect\n|move|p2b: Crabominable|Protect|p2b: Crabominable\n|-singleturn|p2b: Crabominable|Protect\n|move|p1a: Sneasler|Close Combat|p2b: Crabominable\n|-activate|p2b: Crabominable|move: Protect\n|move|p2a: Slowking|Psychic|p1a: Sneasler\n|-supereffective|p1a: Sneasler|2\n|-enditem|p1a: Sneasler|Focus Sash\n|-damage|p1a: Sneasler|1/100\n|-unboost|p1a: Sneasler|spd|1\n|\n|upkeep\n|turn|3\n|\n|t:|1776331400\n|switch|p1b: Pelipper|Pelipper, L50, M|100/100\n|-weather|RainDance|[from] ability: Drizzle|[of] p1b: Pelipper\n|detailschange|p2b: Crabominable|Crabominable-Mega, L50, F\n|-mega|p2b: Crabominable|Crabominable|Crabominite\n|move|p2b: Crabominable|Mach Punch|p1a: Sneasler\n|-resisted|p1a: Sneasler|1\n|-damage|p1a: Sneasler|0 fnt\n|faint|p1a: Sneasler\n|move|p2a: Slowking|Trick Room|p2a: Slowking\n|-fieldstart|move: Trick Room|[of] p2a: Slowking\n|\n|-weather|RainDance|[upkeep]\n|upkeep\n|\n|t:|1776331413\n|switch|p1a: Archaludon|Archaludon, L50, M|100/100\n|turn|4\n|\n|t:|1776331454\n|move|p2a: Slowking|Power Gem|p1b: Pelipper\n|-supereffective|p1b: Pelipper|1\n|-damage|p1b: Pelipper|13/100\n|move|p2b: Crabominable|Drain Punch|p1a: Archaludon\n|-supereffective|p1a: Archaludon|1\n|-damage|p1a: Archaludon|0 fnt\n|-heal|p2b: Crabominable|100/100|[from] drain|[of] p1a: Archaludon\n|faint|p1a: Archaludon\n|move|p1b: Pelipper|Weather Ball|p2b: Crabominable\n|-damage|p2b: Crabominable|48/100\n|\n|-weather|RainDance|[upkeep]\n|upkeep\n|\n|t:|1776331467\n|switch|p1a: Meganium|Meganium, L50, F, shiny|100/100\n|turn|5\n|\n|t:|1776331490\n|detailschange|p1a: Meganium|Meganium-Mega, L50, F, shiny\n|-mega|p1a: Meganium|Meganium|Meganiumite\n|move|p2a: Slowking|Psychic|p1a: Meganium\n|-damage|p1a: Meganium|64/100\n|move|p2b: Crabominable|Rock Slide|p1a: Meganium|[spread] p1a,p1b\n|-crit|p1a: Meganium\n|-supereffective|p1b: Pelipper|1\n|-damage|p1a: Meganium|0 fnt\n|-damage|p1b: Pelipper|0 fnt\n|faint|p1a: Meganium\n|faint|p1b: Pelipper\n|\n|win|fwefhjk\n|raw|codinaftw's rating: 1054 &rarr; <strong>1038</strong><br />(-16 for losing)\n|raw|fwefhjk's rating: 1086 &rarr; <strong>1111</strong><br />(+25 for winning)\n|l|\u2606codinaftw\n|player|p1|\n",
  "uploadtime": 1776331501,
  "views": 28,
  "formatid": "gen9championsvgc2026regma",
  "rating": 1038,
  "private": 0,
  "password": null
}