{
  "id": "gen9championsvgc2026regma-2586436904",
  "format": "[Gen 9 Champions] VGC 2026 Reg M-A",
  "players": [
    "KogaAF1219",
    "ElPro_06"
  ],
  "log": "|j|\u2606KogaAF1219\n|j|\u2606ElPro_06\n|t:|1776434613\n|gametype|doubles\n|player|p1|KogaAF1219|koga|1433\n|player|p2|ElPro_06|red|1337\n|gen|9\n|tier|[Gen 9 Champions] VGC 2026 Reg M-A\n|rated|\n|rule|Species Clause: Limit one of each Pok\u00e9mon\n|rule|Item Clause: Limit 1 of each item\n|clearpoke\n|poke|p1|Torkoal, L50, F|\n|poke|p1|Venusaur, L50, M|\n|poke|p1|Incineroar, L50, M|\n|poke|p1|Farigiraf, L50, M|\n|poke|p1|Rotom-Fan, L50|\n|poke|p1|Excadrill, L50, M|\n|poke|p2|Archaludon, L50, M|\n|poke|p2|Incineroar, L50, M|\n|poke|p2|Scizor, L50, M|\n|poke|p2|Pelipper, L50, F|\n|poke|p2|Dragonite, L50, F|\n|poke|p2|Basculegion, L50, M|\n|teampreview|4\n|inactive|Battle timer is ON: inactive players will automatically lose when time's up. (requested by ElPro_06)\nKogaAF1219 has agreed to open team sheets.\n|\n|t:|1776434628\n|teamsize|p1|4\n|teamsize|p2|4\n|start\n|switch|p1a: Rotom|Rotom-Fan, L50|100/100\n|switch|p1b: Excadrill|Excadrill, L50, M|100/100\n|switch|p2a: Incineroar|Incineroar, L50, M, shiny|100/100\n|switch|p2b: Dragonite|Dragonite, L50, F|100/100\n|-ability|p1b: Excadrill|Mold Breaker\n|-ability|p2a: Incineroar|Intimidate|boost\n|-unboost|p1a: Rotom|atk|1\n|-unboost|p1b: Excadrill|atk|1\n|turn|1\n|\n|t:|1776434646\n|detailschange|p2b: Dragonite|Dragonite-Mega, L50, F\n|-mega|p2b: Dragonite|Dragonite|Dragoninite\n|move|p1b: Excadrill|Protect|p1b: Excadrill\n|-singleturn|p1b: Excadrill|Protect\n|move|p2a: Incineroar|Fake Out|p1b: Excadrill\n|-activate|p1b: Excadrill|move: Protect\n|move|p1a: Rotom|Discharge|p2b: Dragonite|[spread] p2a,p2b\n|-activate|p1b: Excadrill|move: Protect\n|-damage|p2a: Incineroar|81/100\n|-damage|p2b: Dragonite|93/100\n|-status|p2a: Incineroar|par\n|-status|p2b: Dragonite|par\n|move|p2b: Dragonite|Draco Meteor|p1a: Rotom\n|-damage|p1a: Rotom|20/100\n|-unboost|p2b: Dragonite|spa|2\n|\n|upkeep\n|turn|2\n|\n|t:|1776434669\n|move|p2b: Dragonite|Extreme Speed|p1a: Rotom\n|-damage|p1a: Rotom|0 fnt\n|faint|p1a: Rotom\n|move|p1b: Excadrill|Rock Slide|p2b: Dragonite|[spread] p2a,p2b\n|-supereffective|p2a: Incineroar|1\n|-supereffective|p2b: Dragonite|1\n|-damage|p2a: Incineroar|56/100 par\n|-damage|p2b: Dragonite|70/100 par\n|move|p2a: Incineroar|Parting Shot|p1b: Excadrill\n|-unboost|p1b: Excadrill|atk|1\n|-unboost|p1b: Excadrill|spa|1\n|\n|t:|1776434683\n|switch|p2a: Pelipper|Pelipper, L50, F|100/100|[from] Parting Shot\n|-weather|RainDance|[from] ability: Drizzle|[of] p2a: Pelipper\n|\n|-weather|RainDance|[upkeep]\n|upkeep\n|\n|t:|1776434692\n|switch|p1a: Venusaur|Venusaur, L50, M|100/100\n|turn|3\n|\n|t:|1776434708\n|detailschange|p1a: Venusaur|Venusaur-Mega, L50, M\n|-mega|p1a: Venusaur|Venusaur|Venusaurite\n|move|p1b: Excadrill|Rock Slide|p2b: Dragonite|[spread] p2a,p2b\n|-supereffective|p2a: Pelipper|1\n|-supereffective|p2b: Dragonite|1\n|-damage|p2a: Pelipper|73/100\n|-damage|p2b: Dragonite|54/100 par\n|move|p1a: Venusaur|Giga Drain|p2a: Pelipper\n|-damage|p2a: Pelipper|0 fnt\n|faint|p2a: Pelipper\n|move|p2b: Dragonite|Hurricane|p1a: Venusaur\n|-supereffective|p1a: Venusaur|1\n|-damage|p1a: Venusaur|30/100\n|-start|p1a: Venusaur|confusion\n|\n|-weather|RainDance|[upkeep]\n|upkeep\n|\n|t:|1776434723\n|switch|p2a: Archaludon|Archaludon, L50, M|100/100\n|turn|4\n|\n|t:|1776434737\n|switch|p1b: Torkoal|Torkoal, L50, F|100/100\n|-weather|SunnyDay|[from] ability: Drought|[of] p1b: Torkoal\n|switch|p2b: Incineroar|Incineroar, L50, M, shiny|56/100 par\n|-ability|p2b: Incineroar|Intimidate|boost\n|-unboost|p1a: Venusaur|atk|1\n|-unboost|p1b: Torkoal|atk|1\n|-activate|p1a: Venusaur|confusion\n|-damage|p1a: Venusaur|24/100|[from] confusion\n|move|p2a: Archaludon|Electro Shot||[still]\n|-prepare|p2a: Archaludon|Electro Shot\n|-boost|p2a: Archaludon|spa|1\n|\n|-weather|SunnyDay|[upkeep]\n|upkeep\n|turn|5\n|inactive|KogaAF1219 has 30 seconds left.\n|\n|t:|1776434769\n|switch|p1b: Excadrill|Excadrill, L50, M|100/100\n|-ability|p1b: Excadrill|Mold Breaker\n|cant|p2b: Incineroar|par\n|move|p2a: Archaludon|Electro Shot|p1a: Venusaur|[from] lockedmove\n|-resisted|p1a: Venusaur|1\n|-damage|p1a: Venusaur|0 fnt\n|faint|p1a: Venusaur\n|\n|-weather|SunnyDay|[upkeep]\n|upkeep\n|\n|t:|1776434781\n|switch|p1a: Torkoal|Torkoal, L50, F|100/100\n|turn|6\n|\n|t:|1776434790\n|move|p1b: Excadrill|Rock Slide|p2b: Incineroar|[spread] p2a,p2b\n|-resisted|p2a: Archaludon|1\n|-supereffective|p2b: Incineroar|1\n|-damage|p2a: Archaludon|92/100\n|-damage|p2b: Incineroar|16/100 par\n|-enditem|p2b: Incineroar|Sitrus Berry|[eat]\n|-heal|p2b: Incineroar|41/100 par|[from] item: Sitrus Berry\n|move|p2a: Archaludon|Draco Meteor|p1a: Torkoal\n|-damage|p1a: Torkoal|0 fnt\n|-unboost|p2a: Archaludon|spa|2\n|faint|p1a: Torkoal\n|cant|p2b: Incineroar|par\n|\n|-weather|SunnyDay|[upkeep]\n|upkeep\n|turn|7\n|\n|t:|1776434814\n|move|p1b: Excadrill|Earthquake|p2b: Incineroar|[spread] p2a,p2b\n|-supereffective|p2a: Archaludon|1\n|-supereffective|p2b: Incineroar|1\n|-damage|p2a: Archaludon|24/100\n|-damage|p2b: Incineroar|0 fnt\n|faint|p2b: Incineroar\n|move|p2a: Archaludon|Flash Cannon|p1b: Excadrill\n|-resisted|p1b: Excadrill|1\n|-damage|p1b: Excadrill|83/100\n|\n|-weather|SunnyDay|[upkeep]\n|upkeep\n|\n|t:|1776434821\n|switch|p2b: Dragonite|Dragonite-Mega, L50, F|54/100 par\n|turn|8\n|\n|t:|1776434826\n|move|p2a: Archaludon|Protect|p2a: Archaludon\n|-singleturn|p2a: Archaludon|Protect\n|move|p1b: Excadrill|Rock Slide|p2b: Dragonite|[spread] p2b\n|-activate|p2a: Archaludon|move: Protect\n|-supereffective|p2b: Dragonite|1\n|-damage|p2b: Dragonite|22/100 par\n|cant|p2b: Dragonite|par\n|\n|-weather|none\n|upkeep\n|turn|9\n|\n|t:|1776434839\n|move|p1b: Excadrill|Protect|p1b: Excadrill\n|-singleturn|p1b: Excadrill|Protect\n|move|p2a: Archaludon|Draco Meteor|p1b: Excadrill\n|-activate|p1b: Excadrill|move: Protect\n|move|p2b: Dragonite|Draco Meteor|p1b: Excadrill\n|-activate|p1b: Excadrill|move: Protect\n|\n|upkeep\n|turn|10\n|\n|t:|1776434844\n|move|p1b: Excadrill|Rock Slide|p2b: Dragonite|[spread] p2a,p2b\n|-resisted|p2a: Archaludon|1\n|-supereffective|p2b: Dragonite|1\n|-damage|p2a: Archaludon|15/100\n|-damage|p2b: Dragonite|0 fnt\n|faint|p2b: Dragonite\n|move|p2a: Archaludon|Draco Meteor|p1b: Excadrill\n|-resisted|p1b: Excadrill|1\n|-damage|p1b: Excadrill|49/100\n|-unboost|p2a: Archaludon|spa|2\n|\n|upkeep\n|turn|11\n|-message|ElPro_06 forfeited.\n|\n|win|KogaAF1219\n|raw|KogaAF1219's rating: 1433 &rarr; <strong>1448</strong><br />(+15 for winning)\n|raw|ElPro_06's rating: 1337 &rarr; <strong>1322</strong><br />(-15 for losing)\n|l|\u2606ElPro_06\n|player|p2|\n",
  "uploadtime": 1776434854,
  "views": 40,
  "formatid": "gen9championsvgc2026regma",
  "rating": 1322,
  "private": 0,
  "password": null
}