{
  "id": "gen9championsvgc2026regma-2587938319",
  "format": "[Gen 9 Champions] VGC 2026 Reg M-A",
  "players": [
    "Evil Yarrack",
    "DiamondNate"
  ],
  "log": "|j|\u2606Evil Yarrack\n|j|\u2606DiamondNate\n|t:|1776581824\n|gametype|doubles\n|player|p1|Evil Yarrack|youngster-gen4dp|1517\n|player|p2|DiamondNate|guitarist|1478\n|gen|9\n|tier|[Gen 9 Champions] VGC 2026 Reg M-A\n|rated|\n|rule|Species Clause: Limit one of each Pok\u00e9mon\n|rule|Item Clause: Limit 1 of each item\n|clearpoke\n|poke|p1|Whimsicott, L50, M|\n|poke|p1|Armarouge, L50, M|\n|poke|p1|Tsareena, L50, F|\n|poke|p1|Tyranitar, L50, F|\n|poke|p1|Basculegion, L50, M|\n|poke|p1|Excadrill, L50, M|\n|poke|p2|Floette-Eternal, L50, F|\n|poke|p2|Maushold, L50|\n|poke|p2|Garchomp, L50, F|\n|poke|p2|Talonflame, L50, M|\n|poke|p2|Milotic, L50, F|\n|poke|p2|Aegislash, L50, F|\n|teampreview|4\n|inactive|Battle timer is ON: inactive players will automatically lose when time's up. (requested by Evil Yarrack)\n|\n|t:|1776581851\n|teamsize|p1|4\n|teamsize|p2|4\n|start\n|switch|p1a: Whimsicott|Whimsicott, L50, M|100/100\n|switch|p1b: Tyranitar|Tyranitar, L50, F|100/100\n|switch|p2a: Talonflame|Talonflame, L50, M|100/100\n|switch|p2b: Milotic|Milotic, L50, F|100/100\n|-weather|Sandstorm|[from] ability: Sand Stream|[of] p1b: Tyranitar\n|turn|1\n|\n|t:|1776581866\n|detailschange|p1b: Tyranitar|Tyranitar-Mega, L50, F\n|-mega|p1b: Tyranitar|Tyranitar|Tyranitarite\n|move|p2a: Talonflame|Tailwind|p2a: Talonflame\n|-sidestart|p2: DiamondNate|move: Tailwind\n|move|p1a: Whimsicott|Tailwind|p1a: Whimsicott\n|-sidestart|p1: Evil Yarrack|move: Tailwind\n|move|p1b: Tyranitar|Rock Slide|p2b: Milotic|[spread] p2a,p2b\n|-supereffective|p2a: Talonflame|2\n|-damage|p2a: Talonflame|0 fnt\n|-damage|p2b: Milotic|62/100\n|faint|p2a: Talonflame\n|move|p2b: Milotic|Scald|p1b: Tyranitar\n|-supereffective|p1b: Tyranitar|1\n|-damage|p1b: Tyranitar|59/100\n|\n|-weather|Sandstorm|[upkeep]\n|-damage|p1a: Whimsicott|95/100|[from] Sandstorm\n|-damage|p2b: Milotic|56/100|[from] Sandstorm\n|-heal|p2b: Milotic|62/100|[from] item: Leftovers\n|upkeep\n|\n|t:|1776581881\n|switch|p2a: Floette|Floette-Eternal, L50, F|100/100\n|turn|2\n|\n|t:|1776581896\n|detailschange|p2a: Floette|Floette-Mega, L50, F\n|-mega|p2a: Floette|Floette|Floettite\n|-ability|p2a: Floette|Fairy Aura\n|move|p1a: Whimsicott|Moonblast|p2a: Floette\n|-crit|p2a: Floette\n|-damage|p2a: Floette|63/100\n|-unboost|p2a: Floette|spa|1\n|move|p2a: Floette|Dazzling Gleam|p1a: Whimsicott|[spread] p1a,p1b\n|-supereffective|p1b: Tyranitar|1\n|-damage|p1a: Whimsicott|51/100\n|-damage|p1b: Tyranitar|20/100\n|move|p1b: Tyranitar|Rock Slide|p2a: Floette|[spread] p2a\n|-miss|p1b: Tyranitar|p2b: Milotic\n|-damage|p2a: Floette|24/100\n|move|p2b: Milotic|Recover|p2b: Milotic\n|-heal|p2b: Milotic|100/100\n|\n|-weather|Sandstorm|[upkeep]\n|-damage|p1a: Whimsicott|45/100|[from] Sandstorm\n|-damage|p2a: Floette|18/100|[from] Sandstorm\n|-damage|p2b: Milotic|95/100|[from] Sandstorm\n|-heal|p2b: Milotic|100/100|[from] item: Leftovers\n|upkeep\n|turn|3\n|\n|t:|1776581918\n|switch|p2a: Garchomp|Garchomp, L50, F|100/100\n|move|p1a: Whimsicott|Encore|p2b: Milotic\n|-start|p2b: Milotic|Encore\n|move|p1b: Tyranitar|Rock Slide|p2a: Garchomp|[spread] p2a,p2b\n|-resisted|p2a: Garchomp|1\n|-damage|p2a: Garchomp|83/100\n|-damage|p2b: Milotic|63/100\n|move|p2b: Milotic|Recover|p2b: Milotic\n|-heal|p2b: Milotic|100/100\n|\n|-weather|Sandstorm|[upkeep]\n|-damage|p1a: Whimsicott|39/100|[from] Sandstorm\n|-damage|p2b: Milotic|95/100|[from] Sandstorm\n|-heal|p2b: Milotic|100/100|[from] item: Leftovers\n|upkeep\n|turn|4\n|inactive|Evil Yarrack has 30 seconds left.\n|\n|t:|1776581943\n|move|p1b: Tyranitar|Protect|p1b: Tyranitar\n|-singleturn|p1b: Tyranitar|Protect\n|move|p1a: Whimsicott|Moonblast|p2a: Garchomp\n|-supereffective|p2a: Garchomp|1\n|-damage|p2a: Garchomp|28/100\n|move|p2a: Garchomp|Earthquake|p1b: Tyranitar|[spread] p2b,p1a\n|-activate|p1b: Tyranitar|move: Protect\n|-resisted|p1a: Whimsicott|1\n|-damage|p2b: Milotic|51/100\n|-damage|p1a: Whimsicott|12/100\n|move|p2b: Milotic|Recover|p2b: Milotic\n|-heal|p2b: Milotic|100/100\n|\n|-weather|Sandstorm|[upkeep]\n|-damage|p1a: Whimsicott|6/100|[from] Sandstorm\n|-damage|p2b: Milotic|95/100|[from] Sandstorm\n|-heal|p2b: Milotic|100/100|[from] item: Leftovers\n|-sideend|p2: DiamondNate|move: Tailwind\n|-sideend|p1: Evil Yarrack|move: Tailwind\n|upkeep\n|turn|5\n|\n|t:|1776581952\n|move|p1a: Whimsicott|Tailwind|p1a: Whimsicott\n|-sidestart|p1: Evil Yarrack|move: Tailwind\n|move|p1b: Tyranitar|Ice Punch|p2a: Garchomp\n|-supereffective|p2a: Garchomp|2\n|-damage|p2a: Garchomp|0 fnt\n|-damage|p1b: Tyranitar|7/100|[from] ability: Rough Skin|[of] p2a: Garchomp\n|faint|p2a: Garchomp\n|move|p2b: Milotic|Recover||[still]\n|-fail|p2b: Milotic|heal\n|\n|-weather|none\n|-end|p2b: Milotic|Encore\n|upkeep\n|\n|t:|1776581953\n|switch|p2a: Floette|Floette-Mega, L50, F|18/100\n|-ability|p2a: Floette|Fairy Aura\n|turn|6\n|\n|t:|1776581958\n|move|p1a: Whimsicott|Encore|p2b: Milotic\n|-start|p2b: Milotic|Encore\n|move|p1b: Tyranitar|Rock Slide|p2a: Floette|[spread] p2a,p2b\n|-damage|p2a: Floette|0 fnt\n|-damage|p2b: Milotic|60/100\n|faint|p2a: Floette\n|move|p2b: Milotic|Recover|p2b: Milotic\n|-heal|p2b: Milotic|100/100\n|\n|upkeep\n|turn|7\n|-message|DiamondNate forfeited.\n|\n|win|Evil Yarrack\n|raw|Evil Yarrack's rating: 1517 &rarr; <strong>1535</strong><br />(+18 for winning)\n|raw|DiamondNate's rating: 1478 &rarr; <strong>1460</strong><br />(-18 for losing)\n|l|\u2606DiamondNate\n|player|p2|\n|l|\u2606Evil Yarrack\n|player|p1|\n",
  "uploadtime": 1776581977,
  "views": 18,
  "formatid": "gen9championsvgc2026regma",
  "rating": 1460,
  "private": 0,
  "password": null
}