{
  "id": "gen9championsvgc2026regma-2583027080",
  "format": "[Gen 9 Champions] VGC 2026 Reg M-A",
  "players": [
    "hdhshsshhs",
    "Person_McSomeone"
  ],
  "log": "|j|\u2606hdhshsshhs\n|j|\u2606Person_McSomeone\n|t:|1776134590\n|gametype|doubles\n|player|p1|hdhshsshhs|102|1011\n|player|p2|Person_McSomeone|miku-psychic|1041\n|gen|9\n|tier|[Gen 9 Champions] VGC 2026 Reg M-A\n|rated|\n|rule|Species Clause: Limit one of each Pok\u00e9mon\n|rule|Item Clause: Limit 1 of each item\n|clearpoke\n|poke|p1|Torkoal, L50, M|\n|poke|p1|Farigiraf, L50, M|\n|poke|p1|Meganium, L50, F|\n|poke|p1|Incineroar, L50, F|\n|poke|p1|Cofagrigus, L50, F|\n|poke|p1|Hatterene, L50, F|\n|poke|p2|Floette-Eternal, L50, F|\n|poke|p2|Sinistcha, L50|\n|poke|p2|Sneasler, L50, M|\n|poke|p2|Garchomp, L50, M|\n|poke|p2|Talonflame, L50, M|\n|poke|p2|Tyranitar, L50, M|\n|teampreview|4\n|inactive|Battle timer is ON: inactive players will automatically lose when time's up. (requested by Person_McSomeone)\nPerson_McSomeone has agreed to open team sheets.\n|inactive|hdhshsshhs has 60 seconds left.\n|\n|t:|1776134631\n|teamsize|p1|4\n|teamsize|p2|4\n|start\n|switch|p1a: Farigiraf|Farigiraf, L50, M|100/100\n|switch|p1b: Meganium|Meganium, L50, F|100/100\n|switch|p2a: Floette|Floette-Eternal, L50, F|100/100\n|switch|p2b: Sneasler|Sneasler, L50, M|100/100\n|turn|1\n|\n|t:|1776134646\n|detailschange|p2a: Floette|Floette-Mega, L50, F\n|-mega|p2a: Floette|Floette|Floettite\n|-ability|p2a: Floette|Fairy Aura\n|move|p2b: Sneasler|Dire Claw|p1a: Farigiraf\n|-damage|p1a: Farigiraf|53/100\n|-status|p1a: Farigiraf|psn\n|move|p2a: Floette|Light of Ruin|p1b: Meganium\n|-damage|p1b: Meganium|0 fnt\n|faint|p1b: Meganium\n|-damage|p2a: Floette|37/100|[from] Recoil\n|move|p1a: Farigiraf|Trick Room|p1a: Farigiraf\n|-fieldstart|move: Trick Room|[of] p1a: Farigiraf\n|\n|-damage|p1a: Farigiraf|41/100 psn|[from] psn\n|upkeep\n|-enditem|p1a: Farigiraf|Sitrus Berry|[eat]\n|-heal|p1a: Farigiraf|65/100 psn|[from] item: Sitrus Berry\n|\n|t:|1776134664\n|switch|p1b: Torkoal|Torkoal, L50, M|100/100\n|-weather|SunnyDay|[from] ability: Drought|[of] p1b: Torkoal\n|turn|2\n|\n|t:|1776134674\n|switch|p2a: Tyranitar|Tyranitar, L50, M|100/100\n|-weather|Sandstorm|[from] ability: Sand Stream|[of] p2a: Tyranitar\n|move|p2b: Sneasler|Protect|p2b: Sneasler\n|-singleturn|p2b: Sneasler|Protect\n|move|p1b: Torkoal|Eruption|p2b: Sneasler|[spread] p2a\n|-activate|p2b: Sneasler|move: Protect\n|-resisted|p2a: Tyranitar|1\n|-damage|p2a: Tyranitar|86/100\n|move|p1a: Farigiraf|Psychic Terrain|p1a: Farigiraf\n|-fieldstart|move: Psychic Terrain\n|\n|-weather|Sandstorm|[upkeep]\n|-damage|p1b: Torkoal|94/100|[from] Sandstorm\n|-damage|p1a: Farigiraf|59/100 psn|[from] Sandstorm\n|-damage|p2b: Sneasler|95/100|[from] Sandstorm\n|-damage|p1a: Farigiraf|47/100 psn|[from] psn\n|upkeep\n|turn|3\n|inactive|hdhshsshhs has 30 seconds left.\n|inactive|hdhshsshhs has 20 seconds left.\n|inactive|hdhshsshhs has 15 seconds left.\n|inactive|hdhshsshhs has 10 seconds left.\n|\n|t:|1776134720\n|move|p1b: Torkoal|Protect|p1b: Torkoal\n|-singleturn|p1b: Torkoal|Protect\n|move|p1a: Farigiraf|Expanding Force|p2b: Sneasler|[spread] p2b\n|-immune|p2a: Tyranitar\n|-supereffective|p2b: Sneasler|2\n|-damage|p2b: Sneasler|0 fnt\n|faint|p2b: Sneasler\n|move|p2a: Tyranitar|Rock Slide|p1b: Torkoal|[spread] p1a\n|-activate|p1b: Torkoal|move: Protect\n|-damage|p1a: Farigiraf|19/100 psn\n|\n|-weather|Sandstorm|[upkeep]\n|-damage|p1b: Torkoal|88/100|[from] Sandstorm\n|-damage|p1a: Farigiraf|12/100 psn|[from] Sandstorm\n|-damage|p1a: Farigiraf|0 fnt|[from] psn\n|faint|p1a: Farigiraf\n|upkeep\n|\n|t:|1776134734\n|switch|p1a: Incineroar|Incineroar, L50, F|100/100\n|switch|p2b: Sinistcha|Sinistcha, L50|100/100\n|-ability|p1a: Incineroar|Intimidate|boost\n|-unboost|p2a: Tyranitar|atk|1\n|-unboost|p2b: Sinistcha|atk|1\n|-heal|p2a: Tyranitar|100/100|[from] ability: Hospitality|[of] p2b: Sinistcha\n|turn|4\n|\n|t:|1776134754\n|move|p2a: Tyranitar|Protect|p2a: Tyranitar\n|-singleturn|p2a: Tyranitar|Protect\n|move|p1a: Incineroar|Fake Out|p2a: Tyranitar\n|-activate|p2a: Tyranitar|move: Psychic Terrain\n|move|p1b: Torkoal|Sunny Day|p1b: Torkoal\n|-weather|SunnyDay\n|move|p2b: Sinistcha|Scald|p1b: Torkoal\n|-supereffective|p1b: Torkoal|1\n|-damage|p1b: Torkoal|55/100\n|\n|-weather|SunnyDay|[upkeep]\n|upkeep\n|turn|5\n|\n|t:|1776134765\n|move|p2b: Sinistcha|Protect|p2b: Sinistcha\n|-singleturn|p2b: Sinistcha|Protect\n|move|p1b: Torkoal|Eruption|p2b: Sinistcha|[spread] p2a\n|-activate|p2b: Sinistcha|move: Protect\n|-resisted|p2a: Tyranitar|1\n|-damage|p2a: Tyranitar|83/100\n|move|p1a: Incineroar|Darkest Lariat|p2b: Sinistcha\n|-activate|p2b: Sinistcha|move: Protect\n|move|p2a: Tyranitar|Rock Slide|p1b: Torkoal|[spread] p1a,p1b\n|-supereffective|p1a: Incineroar|1\n|-supereffective|p1b: Torkoal|1\n|-damage|p1a: Incineroar|67/100\n|-damage|p1b: Torkoal|24/100\n|\n|-weather|SunnyDay|[upkeep]\n|-fieldend|move: Trick Room\n|upkeep\n|turn|6\n|inactive|hdhshsshhs has 30 seconds left.\n|\n|t:|1776134797\n|move|p2b: Sinistcha|Scald|p1a: Incineroar\n|-supereffective|p1a: Incineroar|1\n|-damage|p1a: Incineroar|47/100\n|move|p2a: Tyranitar|Rock Slide|p1a: Incineroar|[spread] p1a\n|-miss|p2a: Tyranitar|p1b: Torkoal\n|-supereffective|p1a: Incineroar|1\n|-damage|p1a: Incineroar|14/100\n|move|p1a: Incineroar|Parting Shot|p2a: Tyranitar\n|-unboost|p2a: Tyranitar|atk|1\n|-unboost|p2a: Tyranitar|spa|1\n|move|p1b: Torkoal|Earthquake|p2b: Sinistcha|[spread] p1a,p2a,p2b\n|-supereffective|p1a: Incineroar|1\n|-enditem|p1a: Incineroar|Shuca Berry|[eat]\n|-enditem|p1a: Incineroar|Shuca Berry|[weaken]\n|-supereffective|p2a: Tyranitar|1\n|-resisted|p2b: Sinistcha|1\n|-damage|p1a: Incineroar|2/100\n|-damage|p2a: Tyranitar|61/100\n|-damage|p2b: Sinistcha|92/100\n|\n|-weather|SunnyDay|[upkeep]\n|-fieldend|move: Psychic Terrain\n|upkeep\n|turn|7\n|-message|hdhshsshhs forfeited.\n|\n|win|Person_McSomeone\n|raw|hdhshsshhs's rating: 1011 &rarr; <strong>1000</strong><br />(-11 for losing)\n|raw|Person_McSomeone's rating: 1041 &rarr; <strong>1072</strong><br />(+31 for winning)\n|l|\u2606hdhshsshhs\n|player|p1|\n",
  "uploadtime": 1776134827,
  "views": 16,
  "formatid": "gen9championsvgc2026regma",
  "rating": 1000,
  "private": 0,
  "password": null
}