{
  "id": "gen9championsvgc2026regma-2584307417",
  "format": "[Gen 9 Champions] VGC 2026 Reg M-A",
  "players": [
    "gurbederbeste",
    "totg.soka"
  ],
  "log": "|j|\u2606gurbederbeste\n|j|\u2606totg.soka\n|t:|1776249552\n|gametype|doubles\n|player|p1|gurbederbeste|pryce|1329\n|player|p2|totg.soka|collector|1280\n|gen|9\n|tier|[Gen 9 Champions] VGC 2026 Reg M-A\n|rated|\n|rule|Species Clause: Limit one of each Pok\u00e9mon\n|rule|Item Clause: Limit 1 of each item\n|clearpoke\n|poke|p1|Slowbro, L50, F|\n|poke|p1|Meowstic, L50, M|\n|poke|p1|Farigiraf, L50, M|\n|poke|p1|Scovillain, L50, M|\n|poke|p1|Kingambit, L50, F|\n|poke|p1|Torkoal, L50, M|\n|poke|p2|Charizard, L50, F|\n|poke|p2|Gardevoir, L50, F|\n|poke|p2|Typhlosion-Hisui, L50, F|\n|poke|p2|Sneasler, L50, M|\n|poke|p2|Whimsicott, L50, M|\n|poke|p2|Garchomp, L50, M|\n|teampreview|4\n|inactive|Battle timer is ON: inactive players will automatically lose when time's up. (requested by totg.soka)\n|\n|t:|1776249582\n|teamsize|p1|4\n|teamsize|p2|4\n|start\n|switch|p1a: Slowbro|Slowbro, L50, F|100/100\n|switch|p1b: Meowstic|Meowstic, L50, M|100/100\n|switch|p2a: Charizard|Charizard, L50, F|100/100\n|switch|p2b: Typhlosion|Typhlosion-Hisui, L50, F|100/100\n|-item|p1a: Slowbro|Slowbronite|[from] ability: Frisk|[of] p2b: Typhlosion\n|-item|p1b: Meowstic|Focus Sash|[from] ability: Frisk|[of] p2b: Typhlosion\n|turn|1\n|\n|t:|1776249601\n|detailschange|p2a: Charizard|Charizard-Mega-Y, L50, F\n|-mega|p2a: Charizard|Charizard|Charizardite Y\n|-weather|SunnyDay|[from] ability: Drought|[of] p2a: Charizard\n|detailschange|p1a: Slowbro|Slowbro-Mega, L50, F\n|-mega|p1a: Slowbro|Slowbro|Slowbronite\n|move|p1b: Meowstic|Fake Out|p2a: Charizard\n|-damage|p2a: Charizard|94/100\n|move|p2b: Typhlosion|Eruption|p1b: Meowstic|[spread] p1a,p1b\n|-resisted|p1a: Slowbro|1\n|-damage|p1a: Slowbro|60/100\n|-enditem|p1b: Meowstic|Focus Sash\n|-damage|p1b: Meowstic|1/100\n|cant|p2a: Charizard|flinch\n|move|p1a: Slowbro|Trick Room|p1a: Slowbro\n|-fieldstart|move: Trick Room|[of] p1a: Slowbro\n|\n|-weather|SunnyDay|[upkeep]\n|upkeep\n|turn|2\n|\n|t:|1776249625\n|move|p1b: Meowstic|Psychic Terrain|p1b: Meowstic\n|-fieldstart|move: Psychic Terrain\n|move|p1a: Slowbro|Expanding Force|p2b: Typhlosion|[spread] p2a,p2b\n|-damage|p2a: Charizard|31/100\n|-damage|p2b: Typhlosion|17/100\n|move|p2a: Charizard|Heat Wave|p1a: Slowbro|[spread] p1a,p1b\n|-resisted|p1a: Slowbro|1\n|-damage|p1a: Slowbro|28/100\n|-damage|p1b: Meowstic|0 fnt\n|faint|p1b: Meowstic\n|move|p2b: Typhlosion|Eruption|p1a: Slowbro\n|-resisted|p1a: Slowbro|1\n|-damage|p1a: Slowbro|18/100\n|\n|-weather|SunnyDay|[upkeep]\n|upkeep\n|\n|t:|1776249638\n|switch|p1b: Torkoal|Torkoal, L50, M|100/100\n|turn|3\n|\n|t:|1776249651\n|move|p2a: Charizard|Protect|p2a: Charizard\n|-singleturn|p2a: Charizard|Protect\n|move|p1b: Torkoal|Eruption|p2b: Typhlosion|[spread] p2b\n|-activate|p2a: Charizard|move: Protect\n|-resisted|p2b: Typhlosion|1\n|-damage|p2b: Typhlosion|0 fnt\n|faint|p2b: Typhlosion\n|move|p1a: Slowbro|Expanding Force|p2a: Charizard\n|-activate|p2a: Charizard|move: Protect\n|\n|-weather|SunnyDay|[upkeep]\n|upkeep\n|\n|t:|1776249662\n|switch|p2b: Sneasler|Sneasler, L50, M|100/100\n|turn|4\n|\n|t:|1776249674\n|move|p2a: Charizard|Protect|p2a: Charizard\n|-singleturn|p2a: Charizard|Protect\n|move|p2b: Sneasler|Protect|p2b: Sneasler\n|-singleturn|p2b: Sneasler|Protect\n|move|p1b: Torkoal|Eruption|p2b: Sneasler|[spread] \n|-activate|p2a: Charizard|move: Protect\n|-activate|p2b: Sneasler|move: Protect\n|move|p1a: Slowbro|Expanding Force|p2a: Charizard|[spread] \n|-activate|p2a: Charizard|move: Protect\n|-activate|p2b: Sneasler|move: Protect\n|\n|-weather|SunnyDay|[upkeep]\n|upkeep\n|turn|5\n|inactive|totg.soka has 30 seconds left.\n|\n|t:|1776249703\n|move|p2a: Charizard|Protect||[still]\n|-fail|p2a: Charizard\n|move|p1b: Torkoal|Eruption|p2b: Sneasler|[spread] p2a,p2b\n|-resisted|p2a: Charizard|1\n|-damage|p2a: Charizard|0 fnt\n|-damage|p2b: Sneasler|0 fnt\n|faint|p2a: Charizard\n|faint|p2b: Sneasler\n|move|p1a: Slowbro|Expanding Force|p2: Charizard|[notarget]\n|-fail|p1a: Slowbro\n|\n|-weather|none\n|-fieldend|move: Trick Room\n|upkeep\n|\n|t:|1776249706\n|switch|p2b: Garchomp|Garchomp, L50, M|100/100\n|turn|6\n|\n|t:|1776249724\n|move|p2b: Garchomp|Earthquake|p1b: Torkoal|[spread] p1a,p1b\n|-supereffective|p1b: Torkoal|1\n|-damage|p1a: Slowbro|0 fnt\n|-damage|p1b: Torkoal|36/100\n|faint|p1a: Slowbro\n|move|p1b: Torkoal|Heat Wave|p2b: Garchomp\n|-resisted|p2b: Garchomp|1\n|-damage|p2b: Garchomp|74/100\n|\n|-fieldend|move: Psychic Terrain\n|upkeep\n|\n|t:|1776249732\n|switch|p1a: Kingambit|Kingambit, L50, F|100/100\n|turn|7\n|\n|t:|1776249746\n|move|p2b: Garchomp|Earthquake|p1a: Kingambit|[spread] p1a,p1b\n|-supereffective|p1a: Kingambit|1\n|-supereffective|p1b: Torkoal|1\n|-damage|p1a: Kingambit|43/100\n|-damage|p1b: Torkoal|0 fnt\n|faint|p1b: Torkoal\n|move|p1a: Kingambit|Kowtow Cleave|p2b: Garchomp\n|-damage|p2b: Garchomp|9/100\n|-damage|p1a: Kingambit|30/100|[from] ability: Rough Skin|[of] p2b: Garchomp\n|\n|upkeep\n|turn|8\n|\n|t:|1776249754\n|move|p2b: Garchomp|Protect|p2b: Garchomp\n|-singleturn|p2b: Garchomp|Protect\n|move|p1a: Kingambit|Sucker Punch||[still]\n|-fail|p1a: Kingambit\n|\n|upkeep\n|turn|9\n|\n|t:|1776249760\n|move|p2b: Garchomp|Protect||[still]\n|-fail|p2b: Garchomp\n|move|p1a: Kingambit|Sucker Punch||[still]\n|-fail|p1a: Kingambit\n|\n|upkeep\n|turn|10\n|\n|t:|1776249767\n|move|p1a: Kingambit|Sucker Punch|p2b: Garchomp\n|-damage|p2b: Garchomp|0 fnt\n|-damage|p1a: Kingambit|18/100|[from] ability: Rough Skin|[of] p2b: Garchomp\n|faint|p2b: Garchomp\n|\n|win|gurbederbeste\n|raw|gurbederbeste's rating: 1329 &rarr; <strong>1346</strong><br />(+17 for winning)\n|raw|totg.soka's rating: 1280 &rarr; <strong>1259</strong><br />(-21 for losing)\n",
  "uploadtime": 1776249769,
  "views": 38,
  "formatid": "gen9championsvgc2026regma",
  "rating": 1259,
  "private": 0,
  "password": null
}