{
  "id": "gen9championsvgc2026regma-2586674971",
  "format": "[Gen 9 Champions] VGC 2026 Reg M-A",
  "players": [
    "rabilos",
    "John Don Fortnite"
  ],
  "log": "|j|\u2606rabilos\n|j|\u2606John Don Fortnite\n|t:|1776451136\n|gametype|doubles\n|player|p1|rabilos|hilbert|1326\n|player|p2|John Don Fortnite|n|1307\n|gen|9\n|tier|[Gen 9 Champions] VGC 2026 Reg M-A\n|rated|\n|rule|Species Clause: Limit one of each Pok\u00e9mon\n|rule|Item Clause: Limit 1 of each item\n|clearpoke\n|poke|p1|Kingambit, L50, F|\n|poke|p1|Sneasler, L50, F|\n|poke|p1|Garchomp, L50, F|\n|poke|p1|Charizard, L50, F|\n|poke|p1|Farigiraf, L50, M|\n|poke|p1|Whimsicott, L50, F|\n|poke|p2|Kangaskhan, L50, F|\n|poke|p2|Aerodactyl, L50, M|\n|poke|p2|Basculegion, L50, M|\n|poke|p2|Armarouge, L50, F|\n|poke|p2|Sneasler, L50, F|\n|poke|p2|Archaludon, L50, F|\n|teampreview|4\n|inactive|Battle timer is ON: inactive players will automatically lose when time's up. (requested by John Don Fortnite)\n|\n|t:|1776451195\n|teamsize|p1|4\n|teamsize|p2|4\n|start\n|switch|p1a: Farigiraf|Farigiraf, L50, M|100/100\n|switch|p1b: Sneasler|Sneasler, L50, F|100/100\n|switch|p2a: Kangaskhan|Kangaskhan, L50, F|100/100\n|switch|p2b: Aerodactyl|Aerodactyl, L50, M|100/100\n|-ability|p2b: Aerodactyl|Unnerve\n|turn|1\n|\n|t:|1776451217\n|detailschange|p2a: Kangaskhan|Kangaskhan-Mega, L50, F\n|-mega|p2a: Kangaskhan|Kangaskhan|Kangaskhanite\n|move|p1a: Farigiraf|Helping Hand|p1b: Sneasler\n|-singleturn|p1b: Sneasler|Helping Hand|[of] p1a: Farigiraf\n|move|p2b: Aerodactyl|Dual Wingbeat|p1b: Sneasler\n|-supereffective|p1b: Sneasler|1\n|-damage|p1b: Sneasler|36/100\n|-supereffective|p1b: Sneasler|1\n|-damage|p1b: Sneasler|0 fnt\n|faint|p1b: Sneasler\n|-hitcount|p1: Sneasler|2\n|move|p2a: Kangaskhan|Bite|p1a: Farigiraf\n|-supereffective|p1a: Farigiraf|1\n|-damage|p1a: Farigiraf|68/100\n|-supereffective|p1a: Farigiraf|1\n|-damage|p1a: Farigiraf|59/100\n|-hitcount|p1a: Farigiraf|2\n|\n|upkeep\n|\n|t:|1776451235\n|switch|p1b: Garchomp|Garchomp, L50, F|100/100\n|turn|2\n|\n|t:|1776451277\n|move|p1b: Garchomp|Rock Slide|p2b: Aerodactyl|[spread] p2a,p2b\n|-supereffective|p2b: Aerodactyl|1\n|-damage|p2a: Kangaskhan|82/100\n|-damage|p2b: Aerodactyl|41/100\n|move|p2b: Aerodactyl|Rock Slide|p1b: Garchomp|[spread] p1a,p1b\n|-resisted|p1b: Garchomp|1\n|-damage|p1a: Farigiraf|36/100\n|-damage|p1b: Garchomp|88/100\n|cant|p2a: Kangaskhan|flinch\n|move|p1a: Farigiraf|Trick Room|p1a: Farigiraf\n|-fieldstart|move: Trick Room|[of] p1a: Farigiraf\n|\n|upkeep\n|turn|3\n|inactive|rabilos has 30 seconds left.\n|inactive|John Don Fortnite has 30 seconds left.\n|inactive|rabilos has 20 seconds left.\n|inactive|John Don Fortnite has 20 seconds left.\n|inactive|rabilos has 15 seconds left.\n|inactive|John Don Fortnite has 15 seconds left.\n|inactive|rabilos has 10 seconds left.\n|inactive|John Don Fortnite has 10 seconds left.\n|\n|t:|1776451352\n|move|p1a: Farigiraf|Twin Beam|p2b: Aerodactyl\n|-damage|p2b: Aerodactyl|18/100\n|-damage|p2b: Aerodactyl|0 fnt\n|-enditem|p1a: Farigiraf|Sitrus Berry|[eat]\n|-heal|p1a: Farigiraf|61/100|[from] item: Sitrus Berry\n|faint|p2b: Aerodactyl\n|-hitcount|p2: Aerodactyl|2\n|move|p2a: Kangaskhan|Bite|p1b: Garchomp\n|-damage|p1b: Garchomp|67/100\n|-damage|p2a: Kangaskhan|70/100|[from] ability: Rough Skin|[of] p1b: Garchomp\n|-damage|p1b: Garchomp|63/100\n|-damage|p2a: Kangaskhan|57/100|[from] ability: Rough Skin|[of] p1b: Garchomp\n|-hitcount|p1b: Garchomp|2\n|cant|p1b: Garchomp|flinch\n|\n|upkeep\n|inactive|John Don Fortnite has 30 seconds left.\n|\n|t:|1776451377\n|switch|p2b: Armarouge|Armarouge, L50, F|100/100\n|turn|4\n|inactive|rabilos has 30 seconds left.\n|inactive|John Don Fortnite has 30 seconds left.\n|inactive|rabilos has 20 seconds left.\n|inactive|rabilos has 15 seconds left.\n|\n|t:|1776451422\n|switch|p1b: Charizard|Charizard, L50, F|100/100\n|move|p1a: Farigiraf|Hyper Voice|p2b: Armarouge|[spread] p2a,p2b\n|-damage|p2a: Kangaskhan|32/100\n|-damage|p2b: Armarouge|72/100\n|move|p2b: Armarouge|Heat Wave|p1a: Farigiraf|[spread] p1a,p1b\n|-resisted|p1b: Charizard|1\n|-damage|p1a: Farigiraf|22/100\n|-damage|p1b: Charizard|71/100\n|move|p2a: Kangaskhan|Body Slam|p1a: Farigiraf\n|-damage|p1a: Farigiraf|0 fnt\n|faint|p1a: Farigiraf\n|-hitcount|p1: Farigiraf|1\n|\n|upkeep\n|\n|t:|1776451434\n|switch|p1a: Garchomp|Garchomp, L50, F|63/100\n|turn|5\n|\n|t:|1776451449\n|move|p1b: Charizard|Protect|p1b: Charizard\n|-singleturn|p1b: Charizard|Protect\n|move|p2b: Armarouge|Psychic|p1a: Garchomp\n|-damage|p1a: Garchomp|9/100\n|move|p2a: Kangaskhan|Bite|p1a: Garchomp\n|-damage|p1a: Garchomp|0 fnt\n|-damage|p2a: Kangaskhan|20/100|[from] ability: Rough Skin|[of] p1a: Garchomp\n|faint|p1a: Garchomp\n|-hitcount|p1: Garchomp|1\n|\n|upkeep\n|turn|6\n|\n|t:|1776451456\n|detailschange|p1b: Charizard|Charizard-Mega-Y, L50, F\n|-mega|p1b: Charizard|Charizard|Charizardite Y\n|-weather|SunnyDay|[from] ability: Drought|[of] p1b: Charizard\n|move|p2b: Armarouge|Wide Guard|p2b: Armarouge\n|-singleturn|p2b: Armarouge|Wide Guard\n|move|p1b: Charizard|Heat Wave|p2a: Kangaskhan|[spread] \n|-activate|p2a: Kangaskhan|move: Wide Guard\n|-activate|p2b: Armarouge|move: Wide Guard\n|move|p2a: Kangaskhan|Body Slam|p1b: Charizard\n|-damage|p1b: Charizard|15/100\n|-damage|p1b: Charizard|1/100\n|-hitcount|p1b: Charizard|2\n|\n|-weather|SunnyDay|[upkeep]\n|-fieldend|move: Trick Room\n|upkeep\n|turn|7\n|-message|rabilos forfeited.\n|\n|win|John Don Fortnite\n|raw|rabilos's rating: 1326 &rarr; <strong>1305</strong><br />(-21 for losing)\n|raw|John Don Fortnite's rating: 1307 &rarr; <strong>1328</strong><br />(+21 for winning)\n|l|\u2606rabilos\n|player|p1|\n|l|\u2606John Don Fortnite\n|player|p2|\n|j|\u2606John Don Fortnite\n|player|p2|John Don Fortnite|n|\n",
  "uploadtime": 1776451470,
  "views": 52,
  "formatid": "gen9championsvgc2026regma",
  "rating": 1305,
  "private": 0,
  "password": null
}