{
  "id": "gen9championsvgc2026regma-2587083092",
  "format": "[Gen 9 Champions] VGC 2026 Reg M-A",
  "players": [
    "vidioca",
    "spectralwater"
  ],
  "log": "|j|\u2606vidioca\n|j|\u2606spectralwater\n|t:|1776491043\n|gametype|doubles\n|player|p1|vidioca|dragontamer|1000\n|player|p2|spectralwater|hilbert|1025\n|gen|9\n|tier|[Gen 9 Champions] VGC 2026 Reg M-A\n|rated|\n|rule|Species Clause: Limit one of each Pok\u00e9mon\n|rule|Item Clause: Limit 1 of each item\n|clearpoke\n|poke|p1|Gengar, L50, M, shiny|\n|poke|p1|Politoed, L50, F|\n|poke|p1|Whimsicott, L50, M|\n|poke|p1|Maushold, L50|\n|poke|p1|Incineroar, L50, M|\n|poke|p1|Dragonite, L50, F|\n|poke|p2|Incineroar, L50, M, shiny|\n|poke|p2|Whimsicott, L50, F, shiny|\n|poke|p2|Medicham, L50, F, shiny|\n|poke|p2|Tyranitar, L50, M, shiny|\n|poke|p2|Lucario, L50, M, shiny|\n|poke|p2|Garchomp, L50, F, shiny|\n|teampreview|4\n|\n|t:|1776491062\n|teamsize|p1|4\n|teamsize|p2|4\n|start\n|switch|p1a: Gengar|Gengar, L50, M, shiny|100/100\n|switch|p1b: Whimsicott|Whimsicott, L50, M|100/100\n|switch|p2a: Incineroar|Incineroar, L50, M, shiny|100/100\n|switch|p2b: Whimsicott|Whimsicott, L50, F, shiny|100/100\n|-ability|p2a: Incineroar|Intimidate|boost\n|-unboost|p1a: Gengar|atk|1\n|-unboost|p1b: Whimsicott|atk|1\n|turn|1\n|\n|t:|1776491084\n|detailschange|p1a: Gengar|Gengar-Mega, L50, M, shiny\n|-mega|p1a: Gengar|Gengar|Gengarite\n|move|p2a: Incineroar|Fake Out|p1b: Whimsicott\n|-damage|p1b: Whimsicott|84/100\n|cant|p1b: Whimsicott|flinch\n|move|p2b: Whimsicott|Tailwind|p2b: Whimsicott\n|-sidestart|p2: spectralwater|move: Tailwind\n|move|p1a: Gengar|Dazzling Gleam|p2a: Incineroar|[spread] p2a,p2b\n|-damage|p2a: Incineroar|76/100\n|-damage|p2b: Whimsicott|72/100\n|\n|upkeep\n|turn|2\n|\n|t:|1776491102\n|move|p1a: Gengar|Protect|p1a: Gengar\n|-singleturn|p1a: Gengar|Protect\n|move|p2b: Whimsicott|Light Screen|p2b: Whimsicott\n|-sidestart|p2: spectralwater|move: Light Screen\n|move|p1b: Whimsicott|Tailwind|p1b: Whimsicott\n|-sidestart|p1: vidioca|move: Tailwind\n|move|p2a: Incineroar|Swords Dance|p2a: Incineroar\n|-boost|p2a: Incineroar|atk|2\n|\n|upkeep\n|turn|3\n|\n|t:|1776491153\n|move|p1b: Whimsicott|Protect|p1b: Whimsicott\n|-singleturn|p1b: Whimsicott|Protect\n|move|p1a: Gengar|Protect||[still]\n|-fail|p1a: Gengar\n|move|p2b: Whimsicott|Encore|p1a: Gengar\n|-start|p1a: Gengar|Encore\n|move|p2a: Incineroar|Swords Dance|p2a: Incineroar\n|-boost|p2a: Incineroar|atk|2\n|\n|upkeep\n|turn|4\n|\n|t:|1776491174\n|switch|p1a: Politoed|Politoed, L50, F|100/100\n|-weather|RainDance|[from] ability: Drizzle|[of] p1a: Politoed\n|move|p1b: Whimsicott|Encore|p2a: Incineroar\n|-hint|Since gen 7, Dark is immune to Prankster moves.\n|-immune|p2a: Incineroar\n|move|p2b: Whimsicott|Encore||[still]\n|-fail|p2b: Whimsicott\n|move|p2a: Incineroar|Swords Dance|p2a: Incineroar\n|-boost|p2a: Incineroar|atk|2\n|\n|-weather|RainDance|[upkeep]\n|-sideend|p2: spectralwater|move: Tailwind\n|upkeep\n|turn|5\n|\n|t:|1776491198\n|move|p2b: Whimsicott|Helping Hand|p2a: Incineroar\n|-singleturn|p2a: Incineroar|Helping Hand|[of] p2b: Whimsicott\n|move|p1b: Whimsicott|Moonblast|p2a: Incineroar\n|-damage|p2a: Incineroar|55/100\n|move|p1a: Politoed|Weather Ball|p2a: Incineroar\n|-supereffective|p2a: Incineroar|1\n|-enditem|p2a: Incineroar|Passho Berry|[eat]\n|-enditem|p2a: Incineroar|Passho Berry|[weaken]\n|-damage|p2a: Incineroar|21/100\n|move|p2a: Incineroar|Flare Blitz|p1a: Politoed\n|-resisted|p1a: Politoed|1\n|-damage|p1a: Politoed|30/100\n|-damage|p2a: Incineroar|0 fnt|[from] Recoil\n|faint|p2a: Incineroar\n|\n|-weather|RainDance|[upkeep]\n|-heal|p1a: Politoed|37/100|[from] item: Leftovers\n|-sideend|p1: vidioca|move: Tailwind\n|upkeep\n|\n|t:|1776491219\n|switch|p2a: Tyranitar|Tyranitar, L50, M, shiny|100/100\n|-weather|Sandstorm|[from] ability: Sand Stream|[of] p2a: Tyranitar\n|turn|6\n|\n|t:|1776491232\n|move|p1b: Whimsicott|Tailwind|p1b: Whimsicott\n|-sidestart|p1: vidioca|move: Tailwind\n|move|p2b: Whimsicott|Tailwind|p2b: Whimsicott\n|-sidestart|p2: spectralwater|move: Tailwind\n|move|p1a: Politoed|Perish Song|p1a: Politoed\n|-start|p1a: Politoed|perish3|[silent]\n|-start|p1b: Whimsicott|perish3|[silent]\n|-start|p2a: Tyranitar|perish3|[silent]\n|-start|p2b: Whimsicott|perish3|[silent]\n|-fieldactivate|move: Perish Song\n|move|p2a: Tyranitar|Dragon Dance|p2a: Tyranitar\n|-boost|p2a: Tyranitar|atk|1\n|-boost|p2a: Tyranitar|spe|1\n|\n|-weather|Sandstorm|[upkeep]\n|-damage|p1b: Whimsicott|78/100|[from] Sandstorm\n|-damage|p2b: Whimsicott|66/100|[from] Sandstorm\n|-damage|p1a: Politoed|30/100|[from] Sandstorm\n|-heal|p1a: Politoed|37/100|[from] item: Leftovers\n|-start|p1b: Whimsicott|perish3\n|-start|p2b: Whimsicott|perish3\n|-start|p2a: Tyranitar|perish3\n|-start|p1a: Politoed|perish3\n|-sideend|p2: spectralwater|move: Light Screen\n|upkeep\n|turn|7\n|\n|t:|1776491258\n|switch|p1a: Gengar|Gengar-Mega, L50, M, shiny|100/100\n|move|p1b: Whimsicott|Encore|p2a: Tyranitar\n|-hint|Since gen 7, Dark is immune to Prankster moves.\n|-immune|p2a: Tyranitar\n|move|p2b: Whimsicott|Encore||[still]\n|-fail|p2b: Whimsicott\n|move|p2a: Tyranitar|Iron Head|p1b: Whimsicott\n|-supereffective|p1b: Whimsicott|1\n|-damage|p1b: Whimsicott|0 fnt\n|faint|p1b: Whimsicott\n|\n|-weather|Sandstorm|[upkeep]\n|-damage|p1a: Gengar|95/100|[from] Sandstorm\n|-damage|p2b: Whimsicott|60/100|[from] Sandstorm\n|-start|p2b: Whimsicott|perish2\n|-start|p2a: Tyranitar|perish2\n|upkeep\n|\n|t:|1776491283\n|switch|p1b: Maushold|Maushold, L50|100/100\n|turn|8\n|\n|t:|1776491301\n|move|p1b: Maushold|Protect|p1b: Maushold\n|-singleturn|p1b: Maushold|Protect\n|move|p2b: Whimsicott|Light Screen|p2b: Whimsicott\n|-sidestart|p2: spectralwater|move: Light Screen\n|move|p1a: Gengar|Dazzling Gleam|p2a: Tyranitar|[spread] p2a,p2b\n|-supereffective|p2a: Tyranitar|1\n|-damage|p2a: Tyranitar|86/100\n|-damage|p2b: Whimsicott|41/100\n|move|p2a: Tyranitar|Stone Edge|p1a: Gengar\n|-damage|p1a: Gengar|33/100\n|\n|-weather|Sandstorm|[upkeep]\n|-damage|p1a: Gengar|28/100|[from] Sandstorm\n|-damage|p1b: Maushold|94/100|[from] Sandstorm\n|-damage|p2b: Whimsicott|35/100|[from] Sandstorm\n|-heal|p2a: Tyranitar|91/100|[from] item: Leftovers\n|-start|p2b: Whimsicott|perish1\n|-start|p2a: Tyranitar|perish1\n|upkeep\n|turn|9\n|\n|t:|1776491348\n|switch|p1a: Politoed|Politoed, L50, F|37/100\n|-weather|RainDance|[from] ability: Drizzle|[of] p1a: Politoed\n|move|p2b: Whimsicott|Helping Hand|p2a: Tyranitar\n|-singleturn|p2a: Tyranitar|Helping Hand|[of] p2b: Whimsicott\n|move|p1b: Maushold|Population Bomb|p2a: Tyranitar\n|-resisted|p2a: Tyranitar|1\n|-damage|p2a: Tyranitar|90/100\n|-resisted|p2a: Tyranitar|1\n|-damage|p2a: Tyranitar|88/100\n|-resisted|p2a: Tyranitar|1\n|-damage|p2a: Tyranitar|86/100\n|-resisted|p2a: Tyranitar|1\n|-damage|p2a: Tyranitar|84/100\n|-resisted|p2a: Tyranitar|1\n|-damage|p2a: Tyranitar|82/100\n|-resisted|p2a: Tyranitar|1\n|-damage|p2a: Tyranitar|80/100\n|-resisted|p2a: Tyranitar|1\n|-damage|p2a: Tyranitar|78/100\n|-resisted|p2a: Tyranitar|1\n|-damage|p2a: Tyranitar|76/100\n|-resisted|p2a: Tyranitar|1\n|-damage|p2a: Tyranitar|74/100\n|-resisted|p2a: Tyranitar|1\n|-damage|p2a: Tyranitar|72/100\n|-hitcount|p2a: Tyranitar|10\n|move|p2a: Tyranitar|Stone Edge|p1b: Maushold\n|-damage|p1b: Maushold|0 fnt\n|faint|p1b: Maushold\n|\n|-weather|RainDance|[upkeep]\n|-heal|p2a: Tyranitar|78/100|[from] item: Leftovers\n|-heal|p1a: Politoed|43/100|[from] item: Leftovers\n|-start|p2b: Whimsicott|perish0\n|-start|p2a: Tyranitar|perish0\n|faint|p2b: Whimsicott\n|faint|p2a: Tyranitar\n|-sideend|p1: vidioca|move: Tailwind\n|-sideend|p2: spectralwater|move: Tailwind\n|upkeep\n|\n|t:|1776491387\n|switch|p1b: Gengar|Gengar-Mega, L50, M, shiny|28/100\n|switch|p2a: Garchomp|Garchomp, L50, F, shiny|100/100\n|turn|10\n|inactive|Battle timer is ON: inactive players will automatically lose when time's up. (requested by spectralwater)\n|\n|t:|1776491426\n|detailschange|p2a: Garchomp|Garchomp-Mega, L50, F, shiny\n|-mega|p2a: Garchomp|Garchomp|Garchompite\n|move|p1b: Gengar|Dazzling Gleam|p2a: Garchomp\n|-supereffective|p2a: Garchomp|1\n|-damage|p2a: Garchomp|68/100\n|move|p2a: Garchomp|Earthquake|p1a: Politoed|[spread] p1a,p1b\n|-supereffective|p1b: Gengar|1\n|-damage|p1a: Politoed|9/100\n|-damage|p1b: Gengar|0 fnt\n|faint|p1b: Gengar\n|move|p1a: Politoed|Encore|p2a: Garchomp\n|-start|p2a: Garchomp|Encore\n|\n|-weather|RainDance|[upkeep]\n|-heal|p1a: Politoed|15/100|[from] item: Leftovers\n|upkeep\n|turn|11\n|\n|t:|1776491445\n|move|p1a: Politoed|Protect|p1a: Politoed\n|-singleturn|p1a: Politoed|Protect\n|move|p2a: Garchomp|Earthquake|p1a: Politoed\n|-activate|p1a: Politoed|move: Protect\n|\n|-weather|RainDance|[upkeep]\n|-heal|p1a: Politoed|21/100|[from] item: Leftovers\n|upkeep\n|turn|12\n|\n|t:|1776491457\n|move|p1a: Politoed|Protect|p1a: Politoed\n|-singleturn|p1a: Politoed|Protect\n|move|p2a: Garchomp|Earthquake|p1a: Politoed\n|-activate|p1a: Politoed|move: Protect\n|\n|-weather|RainDance|[upkeep]\n|-heal|p1a: Politoed|27/100|[from] item: Leftovers\n|-sideend|p2: spectralwater|move: Light Screen\n|upkeep\n|turn|13\n|\n|t:|1776491469\n|move|p2a: Garchomp|Earthquake|p1a: Politoed\n|-damage|p1a: Politoed|0 fnt\n|faint|p1a: Politoed\n|\n|win|spectralwater\n|raw|vidioca's rating: 1000 &rarr; <strong>1000</strong><br />(+0 for losing)\n|raw|spectralwater's rating: 1025 &rarr; <strong>1059</strong><br />(+34 for winning)\n|l|\u2606vidioca\n|player|p1|\n",
  "uploadtime": 1776491481,
  "views": 32,
  "formatid": "gen9championsvgc2026regma",
  "rating": 1000,
  "private": 0,
  "password": null
}