{
  "id": "gen9championsvgc2026regma-2585283134",
  "format": "[Gen 9 Champions] VGC 2026 Reg M-A",
  "players": [
    "ItzMaxx",
    "pf_di&go"
  ],
  "log": "|j|\u2606ItzMaxx\n|j|\u2606pf_di&go\n|t:|1776333582\n|gametype|doubles\n|player|p1|ItzMaxx|266|1020\n|player|p2|pf_di&go|169|1000\n|gen|9\n|tier|[Gen 9 Champions] VGC 2026 Reg M-A\n|rated|\n|rule|Species Clause: Limit one of each Pok\u00e9mon\n|rule|Item Clause: Limit 1 of each item\n|clearpoke\n|poke|p1|Medicham, L50, M|\n|poke|p1|Incineroar, L50, F|\n|poke|p1|Dragonite, L50, F|\n|poke|p1|Talonflame, L50, M|\n|poke|p1|Ditto, L50|\n|poke|p1|Lucario, L50, F|\n|poke|p2|Aggron, L50, M|\n|poke|p2|Sinistcha, L50|\n|poke|p2|Sneasler, L50, M|\n|poke|p2|Sableye, L50, M|\n|poke|p2|Aerodactyl, L50, M|\n|poke|p2|Incineroar, L50, M|\n|teampreview|4\n|\n|t:|1776333602\n|teamsize|p1|4\n|teamsize|p2|4\n|start\n|switch|p1a: Medicham|Medicham, L50, M|100/100\n|switch|p1b: Incineroar|Incineroar, L50, F|100/100\n|switch|p2a: Incineroar|Incineroar, L50, M|100/100\n|switch|p2b: Sinistcha|Sinistcha, L50|100/100\n|-ability|p2a: Incineroar|Intimidate|boost\n|-unboost|p1a: Medicham|atk|1\n|-unboost|p1b: Incineroar|atk|1\n|-ability|p1b: Incineroar|Intimidate|boost\n|-unboost|p2a: Incineroar|atk|1\n|-unboost|p2b: Sinistcha|atk|1\n|turn|1\n|\n|t:|1776333618\n|move|p2a: Incineroar|Fake Out|p1b: Incineroar\n|-damage|p1b: Incineroar|94/100\n|cant|p1b: Incineroar|flinch\n|move|p1a: Medicham|Skill Swap|p1b: Incineroar\n|-activate|p1a: Medicham|Skill Swap|||[of] p1b: Incineroar\n|-ability|p1a: Medicham|Intimidate|boost\n|-unboost|p2a: Incineroar|atk|1\n|-unboost|p2b: Sinistcha|atk|1\n|move|p2b: Sinistcha|Trick Room|p2b: Sinistcha\n|-fieldstart|move: Trick Room|[of] p2b: Sinistcha\n|\n|upkeep\n|turn|2\n|\n|t:|1776333635\n|detailschange|p1a: Medicham|Medicham-Mega, L50, M\n|-mega|p1a: Medicham|Medicham|Medichamite\n|move|p2b: Sinistcha|Protect|p2b: Sinistcha\n|-singleturn|p2b: Sinistcha|Protect\n|move|p2a: Incineroar|Parting Shot|p1b: Incineroar\n|-unboost|p1b: Incineroar|atk|1\n|-unboost|p1b: Incineroar|spa|1\n|\n|t:|1776333644\n|switch|p2a: Sableye|Sableye, L50, M|100/100|[from] Parting Shot\n|move|p1b: Incineroar|Flare Blitz|p2b: Sinistcha\n|-activate|p2b: Sinistcha|move: Protect\n|move|p1a: Medicham|Drain Punch|p2a: Sableye\n|-immune|p2a: Sableye\n|\n|upkeep\n|turn|3\n|\n|t:|1776333666\n|switch|p2b: Incineroar|Incineroar, L50, M|100/100\n|-ability|p2b: Incineroar|Intimidate|boost\n|-unboost|p1a: Medicham|atk|1\n|-unboost|p1b: Incineroar|atk|1\n|move|p1a: Medicham|Protect|p1a: Medicham\n|-singleturn|p1a: Medicham|Protect\n|move|p2a: Sableye|Encore|p1a: Medicham\n|-activate|p1a: Medicham|move: Protect\n|move|p1b: Incineroar|Parting Shot|p2b: Incineroar\n|-unboost|p2b: Incineroar|atk|1\n|-unboost|p2b: Incineroar|spa|1\n|\n|t:|1776333676\n|switch|p1b: Dragonite|Dragonite, L50, F|100/100|[from] Parting Shot\n|\n|upkeep\n|turn|4\n|\n|t:|1776333686\n|switch|p1a: Incineroar|Incineroar, L50, F|94/100\n|-ability|p1a: Incineroar|Intimidate|boost\n|-unboost|p2a: Sableye|atk|1\n|-unboost|p2b: Incineroar|atk|1\n|move|p2b: Incineroar|Fake Out|p1b: Dragonite\n|-damage|p1b: Dragonite|98/100\n|move|p2a: Sableye|Encore|p1a: Incineroar\n|-hint|Since gen 7, Dark is immune to Prankster moves.\n|-immune|p1a: Incineroar\n|cant|p1b: Dragonite|flinch\n|\n|-heal|p1b: Dragonite|100/100|[from] item: Leftovers\n|upkeep\n|turn|5\n|\n|t:|1776333724\n|move|p1a: Incineroar|Fake Out|p2b: Incineroar\n|-damage|p2b: Incineroar|90/100\n|move|p2a: Sableye|Reflect|p2a: Sableye\n|-sidestart|p2: pf_di&go|Reflect\n|cant|p2b: Incineroar|flinch\n|move|p1b: Dragonite|Rock Slide|p2a: Sableye|[spread] p2a,p2b\n|-supereffective|p2b: Incineroar|1\n|-damage|p2a: Sableye|85/100\n|-damage|p2b: Incineroar|66/100\n|\n|-fieldend|move: Trick Room\n|upkeep\n|turn|6\n|\n|t:|1776333764\n|switch|p1a: Medicham|Medicham-Mega, L50, M|100/100\n|move|p2a: Sableye|Encore|p1b: Dragonite\n|-start|p1b: Dragonite|Encore\n|move|p1b: Dragonite|Rock Slide|p2b: Incineroar|[spread] p2a,p2b\n|-supereffective|p2b: Incineroar|1\n|-crit|p2b: Incineroar\n|-damage|p2a: Sableye|70/100\n|-damage|p2b: Incineroar|10/100\n|cant|p2b: Incineroar|flinch\n|\n|upkeep\n|turn|7\n|\n|t:|1776333784\n|switch|p2b: Sinistcha|Sinistcha, L50|100/100\n|-heal|p2a: Sableye|95/100|[from] ability: Hospitality|[of] p2b: Sinistcha\n|move|p2a: Sableye|Disable|p1b: Dragonite\n|-start|p1b: Dragonite|Disable|Rock Slide\n|move|p1a: Medicham|Skill Swap|p1b: Dragonite\n|-activate|p1a: Medicham|Skill Swap|||[of] p1b: Dragonite\n|cant|p1b: Dragonite|Disable|Rock Slide\n|\n|upkeep\n|turn|8\n|\n|t:|1776333805\n|switch|p1a: Lucario|Lucario, L50, F|100/100\n|move|p2a: Sableye|Encore||[still]\n|-fail|p2a: Sableye\n|-activate|p1b: Dragonite|move: Struggle\n|move|p1b: Dragonite|Struggle|p2a: Sableye\n|-damage|p2a: Sableye|65/100\n|-damage|p1b: Dragonite|75/100|[from] recoil\n|move|p2b: Sinistcha|Trick Room|p2b: Sinistcha\n|-fieldstart|move: Trick Room|[of] p2b: Sinistcha\n|\n|-heal|p1b: Dragonite|81/100|[from] item: Leftovers\n|-end|p1b: Dragonite|Encore\n|upkeep\n|turn|9\n|\n|t:|1776333826\n|switch|p2a: Aggron|Aggron, L50, M|100/100\n|switch|p1a: Medicham|Medicham-Mega, L50, M|100/100\n|move|p2b: Sinistcha|Rage Powder|p2b: Sinistcha\n|-singleturn|p2b: Sinistcha|move: Rage Powder\n|move|p1b: Dragonite|Hurricane|p2b: Sinistcha|[miss]\n|-miss|p1b: Dragonite|p2b: Sinistcha\n|\n|-heal|p1b: Dragonite|87/100|[from] item: Leftovers\n|-sideend|p2: pf_di&go|Reflect\n|upkeep\n|turn|10\n|\n|t:|1776333848\n|switch|p2b: Sableye|Sableye, L50, M|65/100\n|detailschange|p2a: Aggron|Aggron-Mega, L50, M\n|-mega|p2a: Aggron|Aggron|Aggronite\n|move|p2a: Aggron|Protect|p2a: Aggron\n|-singleturn|p2a: Aggron|Protect\n|move|p1b: Dragonite|Hurricane|p2b: Sableye\n|-damage|p2b: Sableye|15/100\n|move|p1a: Medicham|Drain Punch|p2a: Aggron\n|-activate|p2a: Aggron|move: Protect\n|\n|-heal|p1b: Dragonite|93/100|[from] item: Leftovers\n|-end|p1b: Dragonite|Disable\n|upkeep\n|turn|11\n|\n|t:|1776333879\n|move|p2b: Sableye|Reflect|p2b: Sableye\n|-sidestart|p2: pf_di&go|Reflect\n|move|p2a: Aggron|Heavy Slam|p1a: Medicham\n|-damage|p1a: Medicham|39/100\n|move|p1b: Dragonite|Hurricane|p2b: Sableye\n|-damage|p2b: Sableye|0 fnt\n|faint|p2b: Sableye\n|move|p1a: Medicham|Drain Punch|p2a: Aggron\n|-supereffective|p2a: Aggron|1\n|-damage|p2a: Aggron|78/100\n|-heal|p1a: Medicham|50/100|[from] drain|[of] p2a: Aggron\n|\n|-heal|p1b: Dragonite|99/100|[from] item: Leftovers\n|upkeep\n|\n|t:|1776333895\n|switch|p2b: Sinistcha|Sinistcha, L50|100/100\n|-heal|p2a: Aggron|100/100|[from] ability: Hospitality|[of] p2b: Sinistcha\n|turn|12\n|\n|t:|1776333908\n|switch|p1a: Incineroar|Incineroar, L50, F|94/100\n|-ability|p1a: Incineroar|Intimidate|boost\n|-unboost|p2a: Aggron|atk|1\n|-unboost|p2b: Sinistcha|atk|1\n|move|p2b: Sinistcha|Protect|p2b: Sinistcha\n|-singleturn|p2b: Sinistcha|Protect\n|move|p2a: Aggron|Heavy Slam|p1a: Incineroar\n|-resisted|p1a: Incineroar|1\n|-damage|p1a: Incineroar|81/100\n|move|p1b: Dragonite|Rock Slide|p2b: Sinistcha|[spread] p2a\n|-activate|p2b: Sinistcha|move: Protect\n|-resisted|p2a: Aggron|1\n|-damage|p2a: Aggron|94/100\n|\n|-heal|p1b: Dragonite|100/100|[from] item: Leftovers\n|-fieldend|move: Trick Room\n|upkeep\n|turn|13\n|\n|t:|1776333939\n|move|p2b: Sinistcha|Rage Powder|p2b: Sinistcha\n|-singleturn|p2b: Sinistcha|move: Rage Powder\n|move|p1b: Dragonite|Hurricane|p2b: Sinistcha\n|-supereffective|p2b: Sinistcha|1\n|-damage|p2b: Sinistcha|33/100\n|-start|p2b: Sinistcha|confusion\n|move|p1a: Incineroar|Will-O-Wisp|p2b: Sinistcha\n|-status|p2b: Sinistcha|brn\n|move|p2a: Aggron|Body Press|p1a: Incineroar\n|-supereffective|p1a: Incineroar|1\n|-damage|p1a: Incineroar|10/100\n|-enditem|p1a: Incineroar|Sitrus Berry|[eat]\n|-heal|p1a: Incineroar|35/100|[from] item: Sitrus Berry\n|\n|-damage|p2b: Sinistcha|27/100 brn|[from] brn\n|upkeep\n|turn|14\n|\n|t:|1776333966\n|move|p2a: Aggron|Protect|p2a: Aggron\n|-singleturn|p2a: Aggron|Protect\n|move|p1b: Dragonite|Hurricane|p2b: Sinistcha|[miss]\n|-miss|p1b: Dragonite|p2b: Sinistcha\n|move|p1a: Incineroar|Will-O-Wisp|p2a: Aggron\n|-activate|p2a: Aggron|move: Protect\n|-activate|p2b: Sinistcha|confusion\n|move|p2b: Sinistcha|Trick Room|p2b: Sinistcha\n|-fieldstart|move: Trick Room|[of] p2b: Sinistcha\n|\n|-damage|p2b: Sinistcha|21/100 brn|[from] brn\n|upkeep\n|turn|15\n|\n|t:|1776333985\n|switch|p2b: Incineroar|Incineroar, L50, M|10/100\n|-ability|p2b: Incineroar|Intimidate|boost\n|-unboost|p1a: Incineroar|atk|1\n|-unboost|p1b: Dragonite|atk|1\n|move|p2a: Aggron|Body Press|p1a: Incineroar\n|-supereffective|p1a: Incineroar|1\n|-damage|p1a: Incineroar|0 fnt\n|faint|p1a: Incineroar\n|move|p1b: Dragonite|Hurricane|p2b: Incineroar\n|-damage|p2b: Incineroar|0 fnt\n|faint|p2b: Incineroar\n|\n|-sideend|p2: pf_di&go|Reflect\n|upkeep\n|\n|t:|1776333999\n|switch|p1a: Lucario|Lucario, L50, F|100/100\n|switch|p2b: Sinistcha|Sinistcha, L50|21/100 brn\n|-heal|p2a: Aggron|100/100|[from] ability: Hospitality|[of] p2b: Sinistcha\n|turn|16\n|\n|t:|1776334010\n|move|p2b: Sinistcha|Protect|p2b: Sinistcha\n|-singleturn|p2b: Sinistcha|Protect\n|move|p2a: Aggron|Body Press|p1a: Lucario\n|-supereffective|p1a: Lucario|1\n|-damage|p1a: Lucario|0 fnt\n|faint|p1a: Lucario\n|move|p1b: Dragonite|Hurricane|p2b: Sinistcha\n|-activate|p2b: Sinistcha|move: Protect\n|\n|-damage|p2b: Sinistcha|15/100 brn|[from] brn\n|upkeep\n|\n|t:|1776334019\n|switch|p1a: Medicham|Medicham-Mega, L50, M|50/100\n|turn|17\n|\n|t:|1776334045\n|move|p2b: Sinistcha|Protect|p2b: Sinistcha\n|-singleturn|p2b: Sinistcha|Protect\n|move|p1a: Medicham|Fake Out|p2a: Aggron\n|-resisted|p2a: Aggron|1\n|-damage|p2a: Aggron|97/100\n|cant|p2a: Aggron|flinch\n|move|p1b: Dragonite|Rock Slide|p2a: Aggron|[spread] p2a\n|-activate|p2b: Sinistcha|move: Protect\n|-resisted|p2a: Aggron|1\n|-damage|p2a: Aggron|90/100\n|\n|-damage|p2b: Sinistcha|8/100 brn|[from] brn\n|upkeep\n|turn|18\n|\n|t:|1776334068\n|move|p2a: Aggron|Heavy Slam|p1a: Medicham\n|-damage|p1a: Medicham|6/100\n|move|p2b: Sinistcha|Matcha Gotcha|p1b: Dragonite|[spread] p1a,p1b\n|-resisted|p1b: Dragonite|2\n|-damage|p1a: Medicham|0 fnt\n|-heal|p2b: Sinistcha|11/100 brn|[from] drain|[of] p1a: Medicham\n|-damage|p1b: Dragonite|93/100\n|-heal|p2b: Sinistcha|15/100 brn|[from] drain|[of] p1b: Dragonite\n|faint|p1a: Medicham\n|move|p1b: Dragonite|Rock Slide|p2a: Aggron|[spread] p2a,p2b\n|-resisted|p2a: Aggron|1\n|-damage|p2a: Aggron|85/100\n|-damage|p2b: Sinistcha|0 fnt\n|faint|p2b: Sinistcha\n|\n|-heal|p1b: Dragonite|99/100|[from] item: Leftovers\n|-fieldend|move: Trick Room\n|upkeep\n|turn|19\n|\n|t:|1776334090\n|move|p1b: Dragonite|Rock Slide|p2a: Aggron\n|-resisted|p2a: Aggron|1\n|-damage|p2a: Aggron|76/100\n|cant|p2a: Aggron|flinch\n|\n|-heal|p1b: Dragonite|100/100|[from] item: Leftovers\n|upkeep\n|turn|20\n|\n|t:|1776334100\n|move|p1b: Dragonite|Rock Slide|p2a: Aggron\n|-resisted|p2a: Aggron|1\n|-damage|p2a: Aggron|67/100\n|cant|p2a: Aggron|flinch\n|\n|upkeep\n|turn|21\n|\n|t:|1776334106\n|move|p1b: Dragonite|Rock Slide|p2a: Aggron\n|-resisted|p2a: Aggron|1\n|-damage|p2a: Aggron|60/100\n|cant|p2a: Aggron|flinch\n|\n|upkeep\n|turn|22\n|\n|t:|1776334112\n|move|p2a: Aggron|Protect|p2a: Aggron\n|-singleturn|p2a: Aggron|Protect\n|move|p1b: Dragonite|Rock Slide|p2a: Aggron\n|-activate|p2a: Aggron|move: Protect\n|\n|upkeep\n|turn|23\n|\n|t:|1776334119\n|move|p1b: Dragonite|Rock Slide|p2a: Aggron\n|-resisted|p2a: Aggron|1\n|-damage|p2a: Aggron|52/100\n|move|p2a: Aggron|Iron Defense|p2a: Aggron\n|-boost|p2a: Aggron|def|2\n|\n|upkeep\n|turn|24\n|\n|t:|1776334129\n|move|p2a: Aggron|Protect|p2a: Aggron\n|-singleturn|p2a: Aggron|Protect\n|move|p1b: Dragonite|Rock Slide|p2a: Aggron\n|-activate|p2a: Aggron|move: Protect\n|\n|upkeep\n|turn|25\n|\n|t:|1776334144\n|move|p1b: Dragonite|Rock Slide|p2a: Aggron\n|-resisted|p2a: Aggron|1\n|-damage|p2a: Aggron|48/100\n|move|p2a: Aggron|Body Press|p1b: Dragonite\n|-resisted|p1b: Dragonite|1\n|-damage|p1b: Dragonite|45/100\n|\n|-heal|p1b: Dragonite|51/100|[from] item: Leftovers\n|upkeep\n|turn|26\n|\n|t:|1776334154\n|move|p1b: Dragonite|Draco Meteor|p2a: Aggron\n|-resisted|p2a: Aggron|1\n|-damage|p2a: Aggron|24/100\n|-unboost|p1b: Dragonite|spa|2\n|move|p2a: Aggron|Body Press|p1b: Dragonite\n|-resisted|p1b: Dragonite|1\n|-damage|p1b: Dragonite|0 fnt\n|faint|p1b: Dragonite\n|\n|win|pf_di&go\n|raw|ItzMaxx's rating: 1020 &rarr; <strong>1006</strong><br />(-14 for losing)\n|raw|pf_di&amp;go's rating: 1000 &rarr; <strong>1042</strong><br />(+42 for winning)\n|l|\u2606ItzMaxx\n|player|p1|\n",
  "uploadtime": 1776334188,
  "views": 34,
  "formatid": "gen9championsvgc2026regma",
  "rating": 1006,
  "private": 0,
  "password": null
}