{
  "id": "gen9championsvgc2026regma-2587169257",
  "format": "[Gen 9 Champions] VGC 2026 Reg M-A",
  "players": [
    "test66669999",
    "DracoSpirit"
  ],
  "log": "|j|\u2606test66669999\n|j|\u2606DracoSpirit\n|t:|1776503578\n|gametype|doubles\n|player|p1|test66669999|170|1450\n|player|p2|DracoSpirit|ingo|1445\n|gen|9\n|tier|[Gen 9 Champions] VGC 2026 Reg M-A\n|rated|\n|rule|Species Clause: Limit one of each Pok\u00e9mon\n|rule|Item Clause: Limit 1 of each item\n|clearpoke\n|poke|p1|Floette-Eternal, L50, F|\n|poke|p1|Sinistcha, L50|\n|poke|p1|Archaludon, L50, M|\n|poke|p1|Sableye, L50, M|\n|poke|p1|Aerodactyl, L50, M|\n|poke|p1|Gengar, L50, M|\n|poke|p2|Clefable, L50, F|\n|poke|p2|Garchomp, L50, M|\n|poke|p2|Aegislash, L50, F|\n|poke|p2|Talonflame, L50, F|\n|poke|p2|Milotic, L50, F|\n|poke|p2|Rotom-Mow, L50|\n|teampreview|4\n|inactive|Battle timer is ON: inactive players will automatically lose when time's up. (requested by test66669999)\n|j| LorriiGaming\n|l| LorriiGaming\n|inactive|test66669999 has 60 seconds left.\n|\n|t:|1776503621\n|teamsize|p1|4\n|teamsize|p2|4\n|start\n|switch|p1a: Sableye|Sableye, L50, M|100/100\n|switch|p1b: Archaludon|Archaludon, L50, M|100/100\n|switch|p2a: Clefable|Clefable, L50, F|100/100\n|switch|p2b: Aegislash|Aegislash, L50, F|100/100\n|turn|1\n|\n|t:|1776503639\n|switch|p2a: Garchomp|Garchomp, L50, M|100/100\n|move|p1a: Sableye|Rain Dance|p1a: Sableye\n|-weather|RainDance\n|move|p1b: Archaludon|Electro Shot||[still]\n|-prepare|p1b: Archaludon|Electro Shot\n|-boost|p1b: Archaludon|spa|1\n|-anim|p1b: Archaludon|Electro Shot|p2a: Garchomp\n|-immune|p2a: Garchomp\n|-formechange|p2b: Aegislash|Aegislash-Blade|\n|move|p2b: Aegislash|Close Combat|p1b: Archaludon\n|-supereffective|p1b: Archaludon|1\n|-damage|p1b: Archaludon|23/100\n|-unboost|p2b: Aegislash|def|1\n|-unboost|p2b: Aegislash|spd|1\n|-ability|p1b: Archaludon|Stamina|boost\n|-boost|p1b: Archaludon|def|1\n|-enditem|p2b: Aegislash|White Herb\n|-clearnegativeboost|p2b: Aegislash|[silent]\n|\n|-weather|RainDance|[upkeep]\n|-heal|p1b: Archaludon|30/100|[from] item: Leftovers\n|upkeep\n|turn|2\n|\n|t:|1776503663\n|switch|p2b: Talonflame|Talonflame, L50, F|100/100\n|move|p1b: Archaludon|Protect|p1b: Archaludon\n|-singleturn|p1b: Archaludon|Protect\n|move|p1a: Sableye|Will-O-Wisp|p2a: Garchomp\n|-status|p2a: Garchomp|brn\n|move|p2a: Garchomp|Earthquake|p1b: Archaludon|[spread] p1a\n|-activate|p1b: Archaludon|move: Protect\n|-immune|p2b: Talonflame\n|-damage|p1a: Sableye|68/100\n|\n|-weather|RainDance|[upkeep]\n|-heal|p1b: Archaludon|36/100|[from] item: Leftovers\n|-damage|p2a: Garchomp|95/100 brn|[from] brn\n|upkeep\n|turn|3\n|inactive|DracoSpirit has 30 seconds left.\n|inactive|DracoSpirit has 20 seconds left.\n|\n|t:|1776503699\n|switch|p1a: Sinistcha|Sinistcha, L50|100/100\n|-heal|p1b: Archaludon|60/100|[from] ability: Hospitality|[of] p1a: Sinistcha\n|move|p2b: Talonflame|Tailwind|p2b: Talonflame\n|-sidestart|p2: DracoSpirit|move: Tailwind\n|move|p2a: Garchomp|Swords Dance|p2a: Garchomp\n|-boost|p2a: Garchomp|atk|2\n|move|p1b: Archaludon|Electro Shot||[still]\n|-prepare|p1b: Archaludon|Electro Shot\n|-boost|p1b: Archaludon|spa|1\n|-anim|p1b: Archaludon|Electro Shot|p2b: Talonflame\n|-supereffective|p2b: Talonflame|1\n|-enditem|p2b: Talonflame|Focus Sash\n|-damage|p2b: Talonflame|1/100\n|\n|-weather|RainDance|[upkeep]\n|-heal|p1b: Archaludon|66/100|[from] item: Leftovers\n|-damage|p2a: Garchomp|89/100 brn|[from] brn\n|upkeep\n|turn|4\n|\n|t:|1776503722\n|switch|p2b: Clefable|Clefable, L50, F|100/100\n|move|p2a: Garchomp|Protect|p2a: Garchomp\n|-singleturn|p2a: Garchomp|Protect\n|move|p1b: Archaludon|Protect|p1b: Archaludon\n|-singleturn|p1b: Archaludon|Protect\n|move|p1a: Sinistcha|Trick Room|p1a: Sinistcha\n|-fieldstart|move: Trick Room|[of] p1a: Sinistcha\n|\n|-weather|RainDance|[upkeep]\n|-heal|p1b: Archaludon|73/100|[from] item: Leftovers\n|-damage|p2a: Garchomp|83/100 brn|[from] brn\n|upkeep\n|turn|5\n|\n|t:|1776503742\n|detailschange|p2b: Clefable|Clefable-Mega, L50, F\n|-mega|p2b: Clefable|Clefable|Clefablite\n|move|p2b: Clefable|Helping Hand|p2a: Garchomp\n|-singleturn|p2a: Garchomp|Helping Hand|[of] p2b: Clefable\n|move|p1a: Sinistcha|Matcha Gotcha|p2b: Clefable|[spread] p2a\n|-miss|p1a: Sinistcha|p2b: Clefable\n|-damage|p2a: Garchomp|56/100 brn\n|move|p1b: Archaludon|Flash Cannon|p2a: Garchomp\n|-damage|p2a: Garchomp|0 fnt\n|faint|p2a: Garchomp\n|\n|-weather|none\n|-heal|p1b: Archaludon|79/100|[from] item: Leftovers\n|upkeep\n|\n|t:|1776503763\n|switch|p2a: Talonflame|Talonflame, L50, F|1/100\n|turn|6\n|inactive|test66669999 has 30 seconds left.\n|\n|t:|1776503793\n|switch|p2b: Aegislash|Aegislash, L50, F|100/100\n|move|p1a: Sinistcha|Matcha Gotcha|p2a: Talonflame|[spread] p2a,p2b\n|-resisted|p2a: Talonflame|2\n|-resisted|p2b: Aegislash|1\n|-damage|p2a: Talonflame|0 fnt\n|-damage|p2b: Aegislash|90/100\n|faint|p2a: Talonflame\n|move|p1b: Archaludon|Flash Cannon|p2b: Aegislash\n|-resisted|p2b: Aegislash|1\n|-damage|p2b: Aegislash|59/100\n|\n|-heal|p1b: Archaludon|85/100|[from] item: Leftovers\n|-sideend|p2: DracoSpirit|move: Tailwind\n|upkeep\n|\n|t:|1776503802\n|switch|p2a: Clefable|Clefable-Mega, L50, F|100/100\n|turn|7\n|-message|DracoSpirit forfeited.\n|\n|win|test66669999\n|raw|test66669999's rating: 1450 &rarr; <strong>1470</strong><br />(+20 for winning)\n|raw|DracoSpirit's rating: 1445 &rarr; <strong>1425</strong><br />(-20 for losing)\n|l|\u2606DracoSpirit\n|player|p2|\n|l|\u2606test66669999\n|player|p1|\n",
  "uploadtime": 1776503820,
  "views": 40,
  "formatid": "gen9championsvgc2026regma",
  "rating": 1425,
  "private": 0,
  "password": null
}