{
  "id": "gen9championsvgc2026regma-2583781423",
  "format": "[Gen 9 Champions] VGC 2026 Reg M-A",
  "players": [
    "WaluigiVGC",
    "leetlegamer"
  ],
  "log": "|j|\u2606WaluigiVGC\n|j|\u2606leetlegamer\n|t:|1776197270\n|gametype|doubles\n|player|p1|WaluigiVGC|266|1183\n|player|p2|leetlegamer|preschooler|1195\n|gen|9\n|tier|[Gen 9 Champions] VGC 2026 Reg M-A\n|rated|\n|rule|Species Clause: Limit one of each Pok\u00e9mon\n|rule|Item Clause: Limit 1 of each item\n|clearpoke\n|poke|p1|Archaludon, L50, M|\n|poke|p1|Pelipper, L50, F|\n|poke|p1|Basculegion, L50, M|\n|poke|p1|Sneasler, L50, F|\n|poke|p1|Dragonite, L50, M|\n|poke|p1|Sinistcha, L50|\n|poke|p2|Farigiraf, L50, F|\n|poke|p2|Camerupt, L50, M|\n|poke|p2|Maushold-Four, L50|\n|poke|p2|Sylveon, L50, M|\n|poke|p2|Kingambit, L50, F|\n|poke|p2|Dragonite, L50, F|\n|teampreview|4\n|\n|t:|1776197297\n|teamsize|p1|4\n|teamsize|p2|4\n|start\n|switch|p1a: Sinistcha|Sinistcha, L50|100/100\n|switch|p1b: Dragonite|Dragonite, L50, M|100/100\n|switch|p2a: Farigiraf|Farigiraf, L50, F|100/100\n|switch|p2b: Maushold|Maushold-Four, L50|100/100\n|turn|1\n|\n|t:|1776197327\n|detailschange|p1b: Dragonite|Dragonite-Mega, L50, M\n|-mega|p1b: Dragonite|Dragonite|Dragoninite\n|move|p2b: Maushold|Super Fang|p1b: Dragonite|[miss]\n|-miss|p2b: Maushold|p1b: Dragonite\n|move|p1b: Dragonite|Draco Meteor|p2a: Farigiraf\n|-damage|p2a: Farigiraf|46/100\n|-unboost|p1b: Dragonite|spa|2\n|-enditem|p2a: Farigiraf|Sitrus Berry|[eat]\n|-heal|p2a: Farigiraf|70/100|[from] item: Sitrus Berry\n|move|p2a: Farigiraf|Psychic|p1a: Sinistcha\n|-crit|p1a: Sinistcha\n|-damage|p1a: Sinistcha|23/100\n|-enditem|p1a: Sinistcha|Sitrus Berry|[eat]\n|-heal|p1a: Sinistcha|48/100|[from] item: Sitrus Berry\n|move|p1a: Sinistcha|Trick Room|p1a: Sinistcha\n|-fieldstart|move: Trick Room|[of] p1a: Sinistcha\n|\n|upkeep\n|turn|2\n|\n|t:|1776197354\n|move|p1b: Dragonite|Protect|p1b: Dragonite\n|-singleturn|p1b: Dragonite|Protect\n|move|p2a: Farigiraf|Psychic|p1a: Sinistcha\n|-damage|p1a: Sinistcha|0 fnt\n|faint|p1a: Sinistcha\n|move|p2b: Maushold|U-turn|p1b: Dragonite\n|-activate|p1b: Dragonite|move: Protect\n|\n|upkeep\n|\n|t:|1776197368\n|switch|p1a: Archaludon|Archaludon, L50, M|100/100\n|turn|3\n|\n|t:|1776197386\n|switch|p1b: Pelipper|Pelipper, L50, F|100/100\n|-weather|RainDance|[from] ability: Drizzle|[of] p1b: Pelipper\n|move|p2a: Farigiraf|Psychic|p1b: Pelipper\n|-damage|p1b: Pelipper|19/100\n|move|p1a: Archaludon|Electro Shot||[still]\n|-prepare|p1a: Archaludon|Electro Shot\n|-boost|p1a: Archaludon|spa|1\n|-anim|p1a: Archaludon|Electro Shot|p2a: Farigiraf\n|-damage|p2a: Farigiraf|3/100\n|move|p2b: Maushold|U-turn|p1b: Pelipper\n|-resisted|p1b: Pelipper|1\n|-damage|p1b: Pelipper|11/100\n|\n|t:|1776197398\n|switch|p2b: Sylveon|Sylveon, L50, M|100/100|[from] U-turn\n|\n|-weather|RainDance|[upkeep]\n|upkeep\n|turn|4\n|\n|t:|1776197407\n|move|p1b: Pelipper|Protect|p1b: Pelipper\n|-singleturn|p1b: Pelipper|Protect\n|move|p1a: Archaludon|Protect|p1a: Archaludon\n|-singleturn|p1a: Archaludon|Protect\n|move|p2a: Farigiraf|Psychic|p1a: Archaludon\n|-activate|p1a: Archaludon|move: Protect\n|move|p2b: Sylveon|Hyper Beam|p1a: Archaludon\n|-activate|p1a: Archaludon|move: Protect\n|\n|-weather|RainDance|[upkeep]\n|upkeep\n|turn|5\n|\n|t:|1776197431\n|move|p2a: Farigiraf|Hyper Voice|p1b: Pelipper|[spread] p1a,p1b\n|-resisted|p1a: Archaludon|1\n|-damage|p1a: Archaludon|77/100\n|-damage|p1b: Pelipper|0 fnt\n|faint|p1b: Pelipper\n|move|p2b: Sylveon|Hyper Beam|p1a: Archaludon\n|-damage|p1a: Archaludon|0 fnt\n|-mustrecharge|p2b: Sylveon\n|faint|p1a: Archaludon\n|\n|-weather|RainDance|[upkeep]\n|-fieldend|move: Trick Room\n|upkeep\n|\n|t:|1776197443\n|switch|p1b: Dragonite|Dragonite-Mega, L50, M|100/100\n|turn|6\n|\n|t:|1776197455\n|move|p1b: Dragonite|Hurricane|p2a: Farigiraf\n|-damage|p2a: Farigiraf|0 fnt\n|faint|p2a: Farigiraf\n|cant|p2b: Sylveon|recharge\n|\n|-weather|RainDance|[upkeep]\n|upkeep\n|\n|t:|1776197458\n|switch|p2a: Maushold|Maushold-Four, L50|100/100\n|turn|7\n|\n|t:|1776197476\n|move|p2a: Maushold|After You|p2b: Sylveon\n|-activate|p2b: Sylveon|move: After You\n|move|p2b: Sylveon|Hyper Voice|p1b: Dragonite\n|-supereffective|p1b: Dragonite|1\n|-damage|p1b: Dragonite|44/100\n|move|p1b: Dragonite|Hurricane|p2b: Sylveon\n|-damage|p2b: Sylveon|66/100\n|\n|-weather|none\n|upkeep\n|turn|8\n|\n|t:|1776197488\n|move|p2a: Maushold|After You|p2b: Sylveon\n|-activate|p2b: Sylveon|move: After You\n|move|p2b: Sylveon|Hyper Voice|p1b: Dragonite\n|-supereffective|p1b: Dragonite|1\n|-damage|p1b: Dragonite|0 fnt\n|faint|p1b: Dragonite\n|\n|win|leetlegamer\n|raw|WaluigiVGC's rating: 1183 &rarr; <strong>1159</strong><br />(-24 for losing)\n|raw|leetlegamer's rating: 1195 &rarr; <strong>1219</strong><br />(+24 for winning)\n",
  "uploadtime": 1776197495,
  "views": 15,
  "formatid": "gen9championsvgc2026regma",
  "rating": 1159,
  "private": 0,
  "password": null
}