{
  "id": "gen9championsvgc2026regma-2580417579",
  "format": "[Gen 9 Champions] VGC 2026 Reg M-A",
  "players": [
    "IcarusIsBestGirl",
    "slr_pwr"
  ],
  "log": "|j|\u2606IcarusIsBestGirl\n|j|\u2606slr_pwr\n|t:|1775893401\n|gametype|doubles\n|player|p1|IcarusIsBestGirl|yellow|1040\n|player|p2|slr_pwr|alder|1056\n|gen|9\n|tier|[Gen 9 Champions] VGC 2026 Reg M-A\n|rated|\n|rule|Species Clause: Limit one of each Pok\u00e9mon\n|rule|Item Clause: Limit 1 of each item\n|clearpoke\n|poke|p1|Froslass, L50, F|\n|poke|p1|Kingambit, L50, M|\n|poke|p1|Clefable, L50, F|\n|poke|p1|Sneasler, L50, M|\n|poke|p1|Rotom-Wash, L50|\n|poke|p1|Garchomp, L50, M|\n|poke|p2|Pelipper, L50, M|\n|poke|p2|Archaludon, L50, M|\n|poke|p2|Dragonite, L50, M|\n|poke|p2|Sableye, L50, M|\n|poke|p2|Maushold-Four, L50|\n|poke|p2|Araquanid, L50, M|\n|teampreview|4\n|inactive|Battle timer is ON: inactive players will automatically lose when time's up. (requested by slr_pwr)\nIcarusIsBestGirl rejected open team sheets.\n|inactive|IcarusIsBestGirl has 60 seconds left.\n|inactive|slr_pwr has 60 seconds left.\n|\n|t:|1775893450\n|teamsize|p1|4\n|teamsize|p2|4\n|start\n|switch|p1a: FamishedCube|Clefable, L50, F|100/100\n|switch|p1b: Claw of Hermos|Sneasler, L50, M, shiny|100/100\n|switch|p2a: Sableye|Sableye, L50, M|100/100\n|switch|p2b: Archaludon|Archaludon, L50, M|100/100\n|-ability|p1b: Claw of Hermos|Pressure\n|turn|1\n|inactive|IcarusIsBestGirl has 30 seconds left.\n|\n|t:|1775893480\n|move|p1b: Claw of Hermos|Fake Out|p2b: Archaludon\n|-resisted|p2b: Archaludon|1\n|-damage|p2b: Archaludon|94/100\n|-ability|p2b: Archaludon|Stamina|boost\n|-boost|p2b: Archaludon|def|1\n|move|p2a: Sableye|Fake Out|p1b: Claw of Hermos\n|-damage|p1b: Claw of Hermos|86/100\n|cant|p2b: Archaludon|flinch\n|move|p1a: FamishedCube|Moonblast|p2a: Sableye\n|-supereffective|p2a: Sableye|1\n|-damage|p2a: Sableye|0 fnt\n|faint|p2a: Sableye\n|\n|upkeep\n|\n|t:|1775893495\n|switch|p2a: Pelipper|Pelipper, L50, M|100/100\n|-weather|RainDance|[from] ability: Drizzle|[of] p2a: Pelipper\n|turn|2\n|\n|t:|1775893517\n|move|p1b: Claw of Hermos|Protect|p1b: Claw of Hermos\n|-singleturn|p1b: Claw of Hermos|Protect\n|move|p2b: Archaludon|Electro Shot||[still]\n|-prepare|p2b: Archaludon|Electro Shot\n|-boost|p2b: Archaludon|spa|1\n|-anim|p2b: Archaludon|Electro Shot|p1b: Claw of Hermos\n|-activate|p1b: Claw of Hermos|move: Protect\n|move|p2a: Pelipper|Tailwind|p2a: Pelipper\n|-sidestart|p2: slr_pwr|move: Tailwind\n|move|p1a: FamishedCube|Thunder Wave|p2b: Archaludon\n|-status|p2b: Archaludon|par\n|\n|-weather|RainDance|[upkeep]\n|upkeep\n|turn|3\n|\n|t:|1775893540\n|move|p1a: FamishedCube|Follow Me|p1a: FamishedCube\n|-singleturn|p1a: FamishedCube|move: Follow Me\n|move|p1b: Claw of Hermos|Dire Claw|p2a: Pelipper\n|-damage|p2a: Pelipper|59/100\n|move|p2a: Pelipper|Hurricane|p1a: FamishedCube\n|-damage|p1a: FamishedCube|65/100\n|-start|p1a: FamishedCube|confusion\n|move|p2b: Archaludon|Flash Cannon|p1a: FamishedCube\n|-supereffective|p1a: FamishedCube|1\n|-damage|p1a: FamishedCube|0 fnt\n|faint|p1a: FamishedCube\n|\n|-weather|RainDance|[upkeep]\n|upkeep\n|\n|t:|1775893550\n|switch|p1a: thing japan|Froslass, L50, F, shiny|100/100\n|turn|4\n|inactive|slr_pwr has 30 seconds left.\n|\n|t:|1775893575\n|switch|p2a: Dragonite|Dragonite, L50, M|100/100\n|detailschange|p1a: thing japan|Froslass-Mega, L50, F, shiny\n|-mega|p1a: thing japan|Froslass|Froslassite\n|-weather|Snowscape|[from] ability: Snow Warning|[of] p1a: thing japan\n|move|p1b: Claw of Hermos|Dire Claw|p2a: Dragonite\n|-damage|p2a: Dragonite|55/100\n|-status|p2a: Dragonite|par\n|move|p1a: thing japan|Aurora Veil|p1a: thing japan\n|-sidestart|p1: IcarusIsBestGirl|move: Aurora Veil\n|move|p2b: Archaludon|Flash Cannon|p1a: thing japan\n|-supereffective|p1a: thing japan|1\n|-damage|p1a: thing japan|26/100\n|\n|-weather|Snowscape|[upkeep]\n|upkeep\n|turn|5\n|inactive|slr_pwr has 30 seconds left.\n|\n|t:|1775893608\n|switch|p2a: Pelipper|Pelipper, L50, M|59/100\n|-weather|RainDance|[from] ability: Drizzle|[of] p2a: Pelipper\n|move|p1b: Claw of Hermos|Close Combat|p2b: Archaludon\n|-supereffective|p2b: Archaludon|1\n|-damage|p2b: Archaludon|20/100 par\n|-unboost|p1b: Claw of Hermos|def|1\n|-unboost|p1b: Claw of Hermos|spd|1\n|-ability|p2b: Archaludon|Stamina|boost\n|-boost|p2b: Archaludon|def|1\n|move|p1a: thing japan|Blizzard|p2a: Pelipper|[spread] p2b\n|-miss|p1a: thing japan|p2a: Pelipper\n|-damage|p2b: Archaludon|0 fnt\n|faint|p2b: Archaludon\n|\n|-weather|RainDance|[upkeep]\n|-sideend|p2: slr_pwr|move: Tailwind\n|upkeep\n|\n|t:|1775893622\n|switch|p2b: Dragonite|Dragonite, L50, M|55/100 par\n|turn|6\n|inactive|slr_pwr has 30 seconds left.\n|\n|t:|1775893651\n|switch|p1b: Dark Blue Moon|Kingambit, L50, M, shiny|100/100\n|detailschange|p2b: Dragonite|Dragonite-Mega, L50, M\n|-mega|p2b: Dragonite|Dragonite|Dragoninite\n|move|p1a: thing japan|Shadow Ball|p2a: Pelipper\n|-damage|p2a: Pelipper|19/100\n|move|p2a: Pelipper|Hurricane|p1a: thing japan\n|-damage|p1a: thing japan|2/100\n|move|p2b: Dragonite|Hurricane|p1b: Dark Blue Moon\n|-resisted|p1b: Dark Blue Moon|1\n|-damage|p1b: Dark Blue Moon|79/100\n|\n|-weather|RainDance|[upkeep]\n|upkeep\n|turn|7\n|inactive|IcarusIsBestGirl has 30 seconds left.\n|inactive|slr_pwr has 30 seconds left.\n|\n|t:|1775893685\n|move|p1b: Dark Blue Moon|Sucker Punch|p2b: Dragonite\n|-damage|p2b: Dragonite|17/100 par\n|move|p1a: thing japan|Shadow Ball|p2a: Pelipper\n|-damage|p2a: Pelipper|0 fnt\n|faint|p2a: Pelipper\n|move|p2b: Dragonite|Hurricane|p1a: thing japan\n|-damage|p1a: thing japan|0 fnt\n|faint|p1a: thing japan\n|\n|-weather|RainDance|[upkeep]\n|upkeep\n|\n|t:|1775893692\n|switch|p1a: Claw of Hermos|Sneasler, L50, M, shiny|86/100\n|-ability|p1a: Claw of Hermos|Pressure\n|turn|8\n|\n|t:|1775893698\n|move|p1a: Claw of Hermos|Fake Out|p2b: Dragonite\n|-damage|p2b: Dragonite|4/100 par\n|cant|p2b: Dragonite|flinch\n|move|p1b: Dark Blue Moon|Kowtow Cleave|p2b: Dragonite\n|-damage|p2b: Dragonite|0 fnt\n|faint|p2b: Dragonite\n|\n|win|IcarusIsBestGirl\n|raw|IcarusIsBestGirl's rating: 1040 &rarr; <strong>1076</strong><br />(+36 for winning)\n|raw|slr_pwr's rating: 1056 &rarr; <strong>1037</strong><br />(-19 for losing)\n|c|\u2606slr_pwr|Ggs\n|c|\u2606IcarusIsBestGirl|gg\n|l|\u2606slr_pwr\n|player|p2|\n",
  "uploadtime": 1775893710,
  "views": 34,
  "formatid": "gen9championsvgc2026regma",
  "rating": 1037,
  "private": 0,
  "password": null
}