{
  "id": "gen9championsvgc2026regma-2584869612",
  "format": "[Gen 9 Champions] VGC 2026 Reg M-A",
  "players": [
    "MvillMpersonality",
    "Bluemarioisahhh"
  ],
  "log": "|j|\u2606MvillMpersonality\n|j|\u2606Bluemarioisahhh\n|t:|1776290148\n|gametype|doubles\n|player|p1|MvillMpersonality|pokemaniac|1163\n|player|p2|Bluemarioisahhh|2|1248\n|gen|9\n|tier|[Gen 9 Champions] VGC 2026 Reg M-A\n|rated|\n|rule|Species Clause: Limit one of each Pok\u00e9mon\n|rule|Item Clause: Limit 1 of each item\n|clearpoke\n|poke|p1|Scovillain, L50, F|\n|poke|p1|Sinistcha, L50|\n|poke|p1|Gallade, L50, M|\n|poke|p1|Kingambit, L50, M|\n|poke|p1|Rhyperior, L50, M|\n|poke|p1|Primarina, L50, F|\n|poke|p2|Froslass, L50, F|\n|poke|p2|Mamoswine, L50, F|\n|poke|p2|Rotom-Wash, L50|\n|poke|p2|Whimsicott, L50, F|\n|poke|p2|Sneasler, L50, F|\n|poke|p2|Incineroar, L50, F|\n|teampreview|4\n|inactive|Battle timer is ON: inactive players will automatically lose when time's up. (requested by Bluemarioisahhh)\n|inactive|MvillMpersonality has 60 seconds left.\n|\n|t:|1776290192\n|teamsize|p1|4\n|teamsize|p2|4\n|start\n|switch|p1a: Kingambit|Kingambit, L50, M|100/100\n|switch|p1b: Rhyperior|Rhyperior, L50, M|100/100\n|switch|p2a: Froslass|Froslass, L50, F|100/100\n|switch|p2b: Sneasler|Sneasler, L50, F|100/100\n|turn|1\n|inactive|MvillMpersonality has 30 seconds left.\n|inactive|Bluemarioisahhh has 30 seconds left.\n|inactive|Bluemarioisahhh has 20 seconds left.\n|inactive|Bluemarioisahhh has 15 seconds left.\n|\n|t:|1776290235\n|switch|p1b: Scovillain|Scovillain, L50, F|100/100\n|detailschange|p2a: Froslass|Froslass-Mega, L50, F\n|-mega|p2a: Froslass|Froslass|Froslassite\n|-weather|Snowscape|[from] ability: Snow Warning|[of] p2a: Froslass\n|move|p1a: Kingambit|Protect|p1a: Kingambit\n|-singleturn|p1a: Kingambit|Protect\n|move|p2b: Sneasler|Fake Out|p1a: Kingambit\n|-activate|p1a: Kingambit|move: Protect\n|move|p2a: Froslass|Nasty Plot|p2a: Froslass\n|-boost|p2a: Froslass|spa|2\n|\n|-weather|Snowscape|[upkeep]\n|upkeep\n|turn|2\n|\n|t:|1776290257\n|detailschange|p1b: Scovillain|Scovillain-Mega, L50, F\n|-mega|p1b: Scovillain|Scovillain|Scovillainite\n|move|p2a: Froslass|Protect|p2a: Froslass\n|-singleturn|p2a: Froslass|Protect\n|move|p1b: Scovillain|Rage Powder|p1b: Scovillain\n|-singleturn|p1b: Scovillain|move: Rage Powder\n|move|p1a: Kingambit|Sucker Punch||[still]\n|-fail|p1a: Kingambit\n|move|p2b: Sneasler|Dire Claw|p1b: Scovillain\n|-supereffective|p1b: Scovillain|1\n|-damage|p1b: Scovillain|6/100\n|-status|p2b: Sneasler|brn|[from] ability: Spicy Spray|[of] p1b: Scovillain\n|\n|-weather|Snowscape|[upkeep]\n|-damage|p2b: Sneasler|95/100 brn|[from] brn\n|upkeep\n|turn|3\n|inactive|MvillMpersonality has 30 seconds left.\n|inactive|Bluemarioisahhh has 30 seconds left.\n|inactive|Bluemarioisahhh has 20 seconds left.\n|inactive|Bluemarioisahhh has 15 seconds left.\n|inactive|Bluemarioisahhh has 10 seconds left.\n|inactive|Bluemarioisahhh has 5 seconds left.\n|\n|t:|1776290309\n|move|p2a: Froslass|Protect|p2a: Froslass\n|-singleturn|p2a: Froslass|Protect\n|move|p1a: Kingambit|Sucker Punch||[still]\n|-fail|p1a: Kingambit\n|move|p2b: Sneasler|Dire Claw|p1b: Scovillain\n|-supereffective|p1b: Scovillain|1\n|-damage|p1b: Scovillain|0 fnt\n|faint|p1b: Scovillain\n|\n|-weather|Snowscape|[upkeep]\n|-damage|p2b: Sneasler|89/100 brn|[from] brn\n|upkeep\n|\n|t:|1776290323\n|switch|p1b: Sinistcha|Sinistcha, L50|100/100\n|turn|4\n|\n|t:|1776290337\n|switch|p2a: Mamoswine|Mamoswine, L50, F|100/100\n|move|p1a: Kingambit|Sucker Punch||[still]\n|-fail|p1a: Kingambit\n|move|p2b: Sneasler|Dire Claw|p1b: Sinistcha\n|-damage|p1b: Sinistcha|77/100\n|move|p1b: Sinistcha|Trick Room|p1b: Sinistcha\n|-fieldstart|move: Trick Room|[of] p1b: Sinistcha\n|\n|-weather|Snowscape|[upkeep]\n|-damage|p2b: Sneasler|83/100 brn|[from] brn\n|upkeep\n|turn|5\n|\n|t:|1776290360\n|move|p1b: Sinistcha|Protect|p1b: Sinistcha\n|-singleturn|p1b: Sinistcha|Protect\n|move|p1a: Kingambit|Iron Head|p2a: Mamoswine\n|-supereffective|p2a: Mamoswine|1\n|-damage|p2a: Mamoswine|37/100\n|move|p2a: Mamoswine|Icicle Crash|p1b: Sinistcha\n|-activate|p1b: Sinistcha|move: Protect\n|move|p2b: Sneasler|Close Combat|p1a: Kingambit\n|-supereffective|p1a: Kingambit|2\n|-damage|p1a: Kingambit|0 fnt\n|-unboost|p2b: Sneasler|def|1\n|-unboost|p2b: Sneasler|spd|1\n|faint|p1a: Kingambit\n|-enditem|p2b: Sneasler|White Herb\n|-clearnegativeboost|p2b: Sneasler|[silent]\n|\n|-weather|none\n|-damage|p2b: Sneasler|78/100 brn|[from] brn\n|upkeep\n|\n|t:|1776290376\n|switch|p1a: Rhyperior|Rhyperior, L50, M|100/100\n|turn|6\n|inactive|Bluemarioisahhh has 30 seconds left.\n|inactive|Bluemarioisahhh has 20 seconds left.\n|inactive|Bluemarioisahhh has 15 seconds left.\n|inactive|Bluemarioisahhh has 10 seconds left.\n|\n|t:|1776290425\n|move|p2a: Mamoswine|Protect|p2a: Mamoswine\n|-singleturn|p2a: Mamoswine|Protect\n|move|p1a: Rhyperior|High Horsepower|p2b: Sneasler\n|-supereffective|p2b: Sneasler|1\n|-damage|p2b: Sneasler|0 fnt\n|faint|p2b: Sneasler\n|move|p1b: Sinistcha|Matcha Gotcha|p2a: Mamoswine\n|-activate|p2a: Mamoswine|move: Protect\n|\n|upkeep\n|\n|t:|1776290434\n|switch|p2b: Rotom|Rotom-Wash, L50|100/100\n|turn|7\n|\n|t:|1776290452\n|move|p1a: Rhyperior|Protect|p1a: Rhyperior\n|-singleturn|p1a: Rhyperior|Protect\n|move|p1b: Sinistcha|Matcha Gotcha|p2b: Rotom|[spread] p2a,p2b\n|-supereffective|p2a: Mamoswine|1\n|-supereffective|p2b: Rotom|1\n|-damage|p2a: Mamoswine|0 fnt\n|-heal|p1b: Sinistcha|99/100|[from] drain|[of] p2a: Mamoswine\n|-damage|p2b: Rotom|24/100\n|-heal|p1b: Sinistcha|100/100|[from] drain|[of] p2b: Rotom\n|-status|p2b: Rotom|brn\n|faint|p2a: Mamoswine\n|move|p2b: Rotom|Hydro Pump|p1a: Rhyperior\n|-activate|p1a: Rhyperior|move: Protect\n|\n|-heal|p2b: Rotom|30/100 brn|[from] item: Leftovers\n|-damage|p2b: Rotom|24/100 brn|[from] brn\n|upkeep\n|\n|t:|1776290456\n|switch|p2a: Froslass|Froslass-Mega, L50, F|100/100\n|-weather|Snowscape|[from] ability: Snow Warning|[of] p2a: Froslass\n|turn|8\n|inactive|MvillMpersonality has 30 seconds left.\n|inactive|MvillMpersonality has 20 seconds left.\n|inactive|MvillMpersonality has 15 seconds left.\n|inactive|MvillMpersonality has 10 seconds left.\n|j| 23wfe3gr454\n|\n|t:|1776290501\n|move|p2b: Rotom|Protect|p2b: Rotom\n|-singleturn|p2b: Rotom|Protect\n|move|p2a: Froslass|Protect|p2a: Froslass\n|-singleturn|p2a: Froslass|Protect\n|move|p1a: Rhyperior|Swords Dance|p1a: Rhyperior\n|-boost|p1a: Rhyperior|atk|2\n|move|p1b: Sinistcha|Nasty Plot|p1b: Sinistcha\n|-boost|p1b: Sinistcha|spa|2\n|\n|-weather|Snowscape|[upkeep]\n|-heal|p2b: Rotom|30/100 brn|[from] item: Leftovers\n|-damage|p2b: Rotom|24/100 brn|[from] brn\n|-fieldend|move: Trick Room\n|upkeep\n|turn|9\n|\n|t:|1776290522\n|move|p2a: Froslass|Blizzard|p1b: Sinistcha|[spread] p1a,p1b\n|-supereffective|p1a: Rhyperior|1\n|-supereffective|p1b: Sinistcha|1\n|-damage|p1a: Rhyperior|24/100\n|-enditem|p1b: Sinistcha|Focus Sash\n|-damage|p1b: Sinistcha|1/100\n|move|p2b: Rotom|Hydro Pump|p1a: Rhyperior|[miss]\n|-miss|p2b: Rotom|p1a: Rhyperior\n|move|p1b: Sinistcha|Matcha Gotcha|p2b: Rotom|[spread] p2a\n|-miss|p1b: Sinistcha|p2b: Rotom\n|-damage|p2a: Froslass|23/100\n|-heal|p1b: Sinistcha|33/100|[from] drain|[of] p2a: Froslass\n|move|p1a: Rhyperior|Rock Slide|p2a: Froslass|[spread] p2a,p2b\n|-supereffective|p2a: Froslass|1\n|-damage|p2a: Froslass|0 fnt\n|-damage|p2b: Rotom|0 fnt\n|faint|p2a: Froslass\n|faint|p2b: Rotom\n|\n|win|MvillMpersonality\n|raw|MvillMpersonality's rating: 1163 &rarr; <strong>1192</strong><br />(+29 for winning)\n|raw|Bluemarioisahhh's rating: 1217 &rarr; <strong>1188</strong><br />(-29 for losing)\n|l|\u2606Bluemarioisahhh\n|player|p2|\n",
  "uploadtime": 1776290624,
  "views": 27,
  "formatid": "gen9championsvgc2026regma",
  "rating": 1188,
  "private": 0,
  "password": null
}