{
  "id": "gen9championsvgc2026regma-2584003952",
  "format": "[Gen 9 Champions] VGC 2026 Reg M-A",
  "players": [
    "orionsayshi",
    "DeltaCX"
  ],
  "log": "|j|\u2606orionsayshi\n|j|\u2606DeltaCX\n|t:|1776215909\n|gametype|doubles\n|player|p1|orionsayshi|elesa|1034\n|player|p2|DeltaCX|265|1003\n|gen|9\n|tier|[Gen 9 Champions] VGC 2026 Reg M-A\n|rated|\n|rule|Species Clause: Limit one of each Pok\u00e9mon\n|rule|Item Clause: Limit 1 of each item\n|clearpoke\n|poke|p1|Gengar, L50, M|\n|poke|p1|Sinistcha, L50|\n|poke|p1|Blastoise, L50, M|\n|poke|p1|Sableye, L50, F|\n|poke|p1|Kommo-o, L50, M|\n|poke|p1|Aerodactyl, L50, F|\n|poke|p2|Meganium, L50, F|\n|poke|p2|Aerodactyl, L50, F|\n|poke|p2|Tauros-Paldea-Aqua, L50, M|\n|poke|p2|Archaludon, L50, M|\n|poke|p2|Typhlosion-Hisui, L50, F|\n|poke|p2|Kangaskhan, L50, F|\n|teampreview|4\n|inactive|Battle timer is ON: inactive players will automatically lose when time's up. (requested by DeltaCX)\n|\n|t:|1776215948\n|teamsize|p1|4\n|teamsize|p2|4\n|start\n|switch|p1a: Aerodactyl|Aerodactyl, L50, F|100/100\n|switch|p1b: Gengar|Gengar, L50, M|100/100\n|switch|p2a: Meganium|Meganium, L50, F|100/100\n|switch|p2b: Aerodactyl|Aerodactyl, L50, F|100/100\n|-ability|p2b: Aerodactyl|Unnerve\n|-ability|p1a: Aerodactyl|Unnerve\n|turn|1\n|\n|t:|1776215969\n|detailschange|p1b: Gengar|Gengar-Mega, L50, M\n|-mega|p1b: Gengar|Gengar|Gengarite\n|detailschange|p2a: Meganium|Meganium-Mega, L50, F\n|-mega|p2a: Meganium|Meganium|Meganiumite\n|move|p1a: Aerodactyl|Tailwind|p1a: Aerodactyl\n|-sidestart|p1: orionsayshi|move: Tailwind\n|move|p1b: Gengar|Perish Song|p1b: Gengar\n|-start|p1a: Aerodactyl|perish3|[silent]\n|-start|p1b: Gengar|perish3|[silent]\n|-start|p2a: Meganium|perish3|[silent]\n|-start|p2b: Aerodactyl|perish3|[silent]\n|-fieldactivate|move: Perish Song\n|move|p2b: Aerodactyl|Dual Wingbeat|p1b: Gengar\n|-damage|p1b: Gengar|80/100\n|-damage|p1b: Gengar|60/100\n|-hitcount|p1b: Gengar|2\n|move|p2a: Meganium|Solar Beam||[still]\n|-prepare|p2a: Meganium|Solar Beam\n|-activate|p2a: Meganium|ability: Mega Sol\n|-anim|p2a: Meganium|Solar Beam|p1b: Gengar\n|-resisted|p1b: Gengar|1\n|-damage|p1b: Gengar|24/100\n|\n|-start|p1b: Gengar|perish3\n|-start|p1a: Aerodactyl|perish3\n|-start|p2b: Aerodactyl|perish3\n|-start|p2a: Meganium|perish3\n|upkeep\n|turn|2\n|\n|t:|1776215992\n|move|p1b: Gengar|Protect|p1b: Gengar\n|-singleturn|p1b: Gengar|Protect\n|move|p1a: Aerodactyl|Rock Slide|p2b: Aerodactyl|[spread] p2a,p2b\n|-crit|p2a: Meganium\n|-supereffective|p2b: Aerodactyl|1\n|-damage|p2a: Meganium|58/100\n|-damage|p2b: Aerodactyl|23/100\n|move|p2b: Aerodactyl|Tailwind|p2b: Aerodactyl\n|-sidestart|p2: DeltaCX|move: Tailwind\n|move|p2a: Meganium|Dazzling Gleam|p1a: Aerodactyl|[spread] p1a\n|-activate|p1b: Gengar|move: Protect\n|-damage|p1a: Aerodactyl|54/100\n|\n|-start|p1b: Gengar|perish2\n|-start|p1a: Aerodactyl|perish2\n|-start|p2b: Aerodactyl|perish2\n|-start|p2a: Meganium|perish2\n|upkeep\n|turn|3\n|inactive|orionsayshi has 30 seconds left.\n|inactive|DeltaCX has 30 seconds left.\n|\n|t:|1776216021\n|move|p1b: Gengar|Protect||[still]\n|-fail|p1b: Gengar\n|move|p2b: Aerodactyl|Dual Wingbeat|p1b: Gengar\n|-damage|p1b: Gengar|5/100\n|-damage|p1b: Gengar|0 fnt\n|faint|p1b: Gengar\n|-hitcount|p1: Gengar|2\n|move|p1a: Aerodactyl|Rock Slide|p2a: Meganium|[spread] p2a,p2b\n|-supereffective|p2b: Aerodactyl|1\n|-damage|p2a: Meganium|34/100\n|-damage|p2b: Aerodactyl|0 fnt\n|faint|p2b: Aerodactyl\n|cant|p2a: Meganium|flinch\n|\n|-start|p1a: Aerodactyl|perish1\n|-start|p2a: Meganium|perish1\n|upkeep\n|\n|t:|1776216038\n|switch|p2b: Typhlosion|Typhlosion-Hisui, L50, F|100/100\n|switch|p1b: Sableye|Sableye, L50, F|100/100\n|turn|4\n|\n|t:|1776216061\n|switch|p1a: Blastoise|Blastoise, L50, M|100/100\n|switch|p2a: Tauros|Tauros-Paldea-Aqua, L50, M|100/100\n|-ability|p2a: Tauros|Intimidate|boost\n|-unboost|p1a: Blastoise|atk|1\n|-unboost|p1b: Sableye|atk|1\n|move|p1b: Sableye|Protect|p1b: Sableye\n|-singleturn|p1b: Sableye|Protect\n|move|p2b: Typhlosion|Eruption|p1b: Sableye|[spread] p1a\n|-activate|p1b: Sableye|move: Protect\n|-resisted|p1a: Blastoise|1\n|-damage|p1a: Blastoise|75/100\n|\n|-heal|p1a: Blastoise|81/100|[from] item: Leftovers\n|-sideend|p1: orionsayshi|move: Tailwind\n|upkeep\n|turn|5\n|\n|t:|1776216085\n|move|p2a: Tauros|Protect|p2a: Tauros\n|-singleturn|p2a: Tauros|Protect\n|move|p1b: Sableye|Disable|p2b: Typhlosion\n|-start|p2b: Typhlosion|Disable|Eruption\n|cant|p2b: Typhlosion|Disable|Eruption\n|move|p1a: Blastoise|Flip Turn|p2b: Typhlosion\n|-supereffective|p2b: Typhlosion|1\n|-damage|p2b: Typhlosion|71/100\n|\n|t:|1776216094\n|switch|p1a: Aerodactyl|Aerodactyl, L50, F|54/100|[from] Flip Turn\n|-ability|p1a: Aerodactyl|Unnerve\n|\n|-sideend|p2: DeltaCX|move: Tailwind\n|upkeep\n|turn|6\n|\n|t:|1776216104\n|switch|p2b: Meganium|Meganium-Mega, L50, F|34/100\n|move|p1b: Sableye|Encore|p2a: Tauros\n|-start|p2a: Tauros|Encore\n|move|p2a: Tauros|Protect|p2a: Tauros\n|-singleturn|p2a: Tauros|Protect\n|move|p1a: Aerodactyl|Rock Slide|p2a: Tauros|[spread] p2b\n|-activate|p2a: Tauros|move: Protect\n|-damage|p2b: Meganium|6/100\n|\n|upkeep\n|turn|7\n|\n|t:|1776216121\n|switch|p2a: Typhlosion|Typhlosion-Hisui, L50, F|71/100\n|move|p1b: Sableye|Protect|p1b: Sableye\n|-singleturn|p1b: Sableye|Protect\n|move|p1a: Aerodactyl|Rock Slide|p2a: Typhlosion|[spread] p2a,p2b\n|-supereffective|p2a: Typhlosion|1\n|-crit|p2a: Typhlosion\n|-damage|p2a: Typhlosion|0 fnt\n|-damage|p2b: Meganium|0 fnt\n|faint|p2a: Typhlosion\n|faint|p2b: Meganium\n|\n|upkeep\n|-message|DeltaCX forfeited.\n|\n|win|orionsayshi\n|raw|orionsayshi's rating: 1034 &rarr; <strong>1066</strong><br />(+32 for winning)\n|raw|DeltaCX's rating: 1003 &rarr; <strong>1000</strong><br />(-3 for losing)\n|l|\u2606DeltaCX\n|player|p2|\n",
  "uploadtime": 1776216139,
  "views": 20,
  "formatid": "gen9championsvgc2026regma",
  "rating": 1000,
  "private": 0,
  "password": null
}