{
  "id": "gen9championsvgc2026regma-2584579990",
  "format": "[Gen 9 Champions] VGC 2026 Reg M-A",
  "players": [
    "alvarriderr",
    "rorsss"
  ],
  "log": "|j|\u2606alvarriderr\n|j|\u2606rorsss\n|t:|1776270051\n|gametype|doubles\n|player|p1|alvarriderr|hilbert-wonderlauncher|1113\n|player|p2|rorsss|266|1195\n|gen|9\n|tier|[Gen 9 Champions] VGC 2026 Reg M-A\n|rated|\n|rule|Species Clause: Limit one of each Pok\u00e9mon\n|rule|Item Clause: Limit 1 of each item\n|clearpoke\n|poke|p1|Hawlucha, L50, M|\n|poke|p1|Excadrill, L50, M|\n|poke|p1|Tyranitar, L50, M|\n|poke|p1|Sinistcha, L50|\n|poke|p1|Rotom-Wash, L50|\n|poke|p1|Volcarona, L50, M|\n|poke|p2|Charizard, L50, F|\n|poke|p2|Venusaur, L50, M|\n|poke|p2|Incineroar, L50, M|\n|poke|p2|Basculegion, L50, M|\n|poke|p2|Garchomp, L50, M|\n|poke|p2|Sneasler, L50, F|\n|teampreview|4\nalvarriderr has agreed to open team sheets.\n|\n|t:|1776270098\n|teamsize|p1|4\n|teamsize|p2|4\n|start\n|switch|p1a: Hawlucha|Hawlucha, L50, M|100/100\n|switch|p1b: Excadrill|Excadrill, L50, M|100/100\n|switch|p2a: Basculegion|Basculegion, L50, M|100/100\n|switch|p2b: Incineroar|Incineroar, L50, M|100/100\n|-ability|p2b: Incineroar|Intimidate|boost\n|-unboost|p1a: Hawlucha|atk|1\n|-unboost|p1b: Excadrill|atk|1\n|turn|1\n|\n|t:|1776270133\n|switch|p1b: Rotom|Rotom-Wash, L50|100/100\n|detailschange|p1a: Hawlucha|Hawlucha-Mega, L50, M\n|-mega|p1a: Hawlucha|Hawlucha|Hawluchanite\n|move|p1a: Hawlucha|Upper Hand|p2b: Incineroar\n|-supereffective|p2b: Incineroar|1\n|-damage|p2b: Incineroar|61/100\n|cant|p2b: Incineroar|flinch\n|move|p2a: Basculegion|Wave Crash|p1b: Rotom\n|-resisted|p1b: Rotom|1\n|-damage|p1b: Rotom|58/100\n|-damage|p2a: Basculegion|91/100|[from] Recoil\n|\n|-heal|p1b: Rotom|64/100|[from] item: Leftovers\n|-heal|p2a: Basculegion|97/100|[from] item: Leftovers\n|upkeep\n|turn|2\n|inactive|Battle timer is ON: inactive players will automatically lose when time's up. (requested by alvarriderr)\n|\n|t:|1776270251\n|switch|p1a: Excadrill|Excadrill, L50, M|100/100\n|switch|p2b: Garchomp|Garchomp, L50, M|100/100\n|move|p1b: Rotom|Discharge|p2a: Basculegion|[spread] p2a\n|-immune|p1a: Excadrill\n|-immune|p2b: Garchomp\n|-supereffective|p2a: Basculegion|1\n|-damage|p2a: Basculegion|51/100\n|move|p2a: Basculegion|Wave Crash|p1a: Excadrill\n|-supereffective|p1a: Excadrill|1\n|-enditem|p1a: Excadrill|Focus Sash\n|-damage|p1a: Excadrill|1/100\n|-damage|p2a: Basculegion|24/100|[from] Recoil\n|\n|-heal|p1b: Rotom|69/100|[from] item: Leftovers\n|-heal|p2a: Basculegion|30/100|[from] item: Leftovers\n|upkeep\n|turn|3\n|inactive|alvarriderr has 30 seconds left.\n|inactive|rorsss has 30 seconds left.\n|inactive|rorsss has 20 seconds left.\n|inactive|rorsss has 15 seconds left.\n|inactive|rorsss has 10 seconds left.\n|inactive|rorsss has 5 seconds left.\n|\n|t:|1776270303\n|move|p1a: Excadrill|Protect|p1a: Excadrill\n|-singleturn|p1a: Excadrill|Protect\n|move|p2a: Basculegion|Aqua Jet|p1a: Excadrill\n|-activate|p1a: Excadrill|move: Protect\n|move|p2b: Garchomp|Rock Slide|p1b: Rotom|[spread] \n|-activate|p1a: Excadrill|move: Protect\n|-miss|p2b: Garchomp|p1b: Rotom\n|move|p1b: Rotom|Volt Switch|p2a: Basculegion\n|-supereffective|p2a: Basculegion|1\n|-damage|p2a: Basculegion|0 fnt\n|faint|p2a: Basculegion\n|\n|t:|1776270326\n|switch|p1b: Hawlucha|Hawlucha-Mega, L50, M|100/100|[from] Volt Switch\n|\n|upkeep\n|\n|t:|1776270331\n|switch|p2a: Charizard|Charizard, L50, F|100/100\n|turn|4\n|inactive|alvarriderr has 30 seconds left.\n|\n|t:|1776270362\n|switch|p1a: Rotom|Rotom-Wash, L50|69/100\n|detailschange|p2a: Charizard|Charizard-Mega-Y, L50, F\n|-mega|p2a: Charizard|Charizard|Charizardite Y\n|-weather|SunnyDay|[from] ability: Drought|[of] p2a: Charizard\n|move|p2b: Garchomp|Rock Slide|p1a: Rotom|[spread] p1a,p1b\n|-damage|p1a: Rotom|48/100\n|-damage|p1b: Hawlucha|77/100\n|move|p1b: Hawlucha|Rock Tomb|p2a: Charizard\n|-supereffective|p2a: Charizard|2\n|-damage|p2a: Charizard|0 fnt\n|faint|p2a: Charizard\n|\n|-weather|SunnyDay|[upkeep]\n|-heal|p1a: Rotom|53/100|[from] item: Leftovers\n|upkeep\n|\n|t:|1776270379\n|switch|p2a: Incineroar|Incineroar, L50, M|61/100\n|-ability|p2a: Incineroar|Intimidate|boost\n|-unboost|p1a: Rotom|atk|1\n|-unboost|p1b: Hawlucha|atk|1\n|turn|5\n|inactive|alvarriderr has 30 seconds left.\n|inactive|rorsss has 30 seconds left.\n|inactive|alvarriderr has 20 seconds left.\n|inactive|alvarriderr has 15 seconds left.\n|\n|t:|1776270420\n|move|p1b: Hawlucha|Upper Hand|p2a: Incineroar\n|-supereffective|p2a: Incineroar|1\n|-damage|p2a: Incineroar|22/100\n|-enditem|p2a: Incineroar|Sitrus Berry|[eat]\n|-heal|p2a: Incineroar|47/100|[from] item: Sitrus Berry\n|cant|p2a: Incineroar|flinch\n|move|p2b: Garchomp|Rock Slide|p1a: Rotom|[spread] p1a,p1b\n|-damage|p1a: Rotom|32/100\n|-damage|p1b: Hawlucha|57/100\n|move|p1a: Rotom|Volt Switch|p2a: Incineroar\n|-damage|p2a: Incineroar|23/100\n|\n|t:|1776270433\n|switch|p1a: Tyranitar|Tyranitar, L50, M|100/100|[from] Volt Switch\n|-weather|Sandstorm|[from] ability: Sand Stream|[of] p1a: Tyranitar\n|\n|-weather|Sandstorm|[upkeep]\n|-damage|p1b: Hawlucha|51/100|[from] Sandstorm\n|-damage|p2a: Incineroar|17/100|[from] Sandstorm\n|upkeep\n|turn|6\n|inactive|alvarriderr has 30 seconds left.\n|\n|t:|1776270462\n|move|p2b: Garchomp|Rock Slide|p1a: Tyranitar|[spread] p1a,p1b\n|-damage|p1a: Tyranitar|83/100\n|-damage|p1b: Hawlucha|31/100\n|cant|p1b: Hawlucha|flinch\n|move|p1a: Tyranitar|Low Kick|p2a: Incineroar\n|-supereffective|p2a: Incineroar|1\n|-damage|p2a: Incineroar|0 fnt\n|faint|p2a: Incineroar\n|\n|-weather|Sandstorm|[upkeep]\n|-damage|p1b: Hawlucha|25/100|[from] Sandstorm\n|upkeep\n|turn|7\n|-message|rorsss forfeited.\n|\n|win|alvarriderr\n|raw|alvarriderr's rating: 1113 &rarr; <strong>1144</strong><br />(+31 for winning)\n|raw|rorsss's rating: 1195 &rarr; <strong>1164</strong><br />(-31 for losing)\n|l|\u2606rorsss\n|player|p2|\n|c|\u2606alvarriderr|gg\n",
  "uploadtime": 1776270477,
  "views": 41,
  "formatid": "gen9championsvgc2026regma",
  "rating": 1144,
  "private": 0,
  "password": null
}