{
  "id": "gen9championsvgc2026regma-2581569588",
  "format": "[Gen 9 Champions] VGC 2026 Reg M-A",
  "players": [
    "Gigithegyarados",
    "Braute"
  ],
  "log": "|j|\u2606Gigithegyarados\n|j|\u2606Braute\n|t:|1776011739\n|gametype|doubles\n|player|p1|Gigithegyarados|266|1046\n|player|p2|Braute|miku-fire|1143\n|gen|9\n|tier|[Gen 9 Champions] VGC 2026 Reg M-A\n|rated|\n|rule|Species Clause: Limit one of each Pok\u00e9mon\n|rule|Item Clause: Limit 1 of each item\n|clearpoke\n|poke|p1|Espathra, L50, F|\n|poke|p1|Sinistcha, L50|\n|poke|p1|Incineroar, L50, F|\n|poke|p1|Gyarados, L50, M|\n|poke|p1|Gardevoir, L50, M|\n|poke|p1|Greninja-*, L50, M|\n|poke|p2|Beedrill, L50, F|\n|poke|p2|Incineroar, L50, M|\n|poke|p2|Talonflame, L50, M|\n|poke|p2|Kingambit, L50, F|\n|poke|p2|Tyranitar, L50, M|\n|poke|p2|Excadrill, L50, M|\n|teampreview|4\n|inactive|Battle timer is ON: inactive players will automatically lose when time's up. (requested by Braute)\n|inactive|Braute has 60 seconds left.\n|inactive|Gigithegyarados has 60 seconds left.\n|\n|t:|1776011777\n|teamsize|p1|4\n|teamsize|p2|4\n|start\n|switch|p1a: Gardevoir|Gardevoir, L50, M|100/100\n|switch|p1b: Wallace|Incineroar, L50, F|100/100\n|switch|p2a: Beedrill|Beedrill, L50, F, shiny|100/100\n|switch|p2b: Talonflame|Talonflame, L50, M|100/100\n|-ability|p1b: Wallace|Intimidate|boost\n|-unboost|p2a: Beedrill|atk|1\n|-unboost|p2b: Talonflame|atk|1\n|turn|1\n|\n|t:|1776011793\n|detailschange|p1a: Gardevoir|Gardevoir-Mega, L50, M\n|-mega|p1a: Gardevoir|Gardevoir|Gardevoirite\n|move|p2b: Talonflame|Protect|p2b: Talonflame\n|-singleturn|p2b: Talonflame|Protect\n|move|p2a: Beedrill|Protect|p2a: Beedrill\n|-singleturn|p2a: Beedrill|Protect\n|move|p1b: Wallace|Fake Out|p2a: Beedrill\n|-activate|p2a: Beedrill|move: Protect\n|move|p1a: Gardevoir|Psyshock|p2a: Beedrill\n|-activate|p2a: Beedrill|move: Protect\n|\n|upkeep\n|turn|2\n|\n|t:|1776011815\n|switch|p1b: Gigi|Gyarados, L50, M|100/100\n|-ability|p1b: Gigi|Intimidate|boost\n|-unboost|p2a: Beedrill|atk|1\n|-unboost|p2b: Talonflame|atk|1\n|detailschange|p2a: Beedrill|Beedrill-Mega, L50, F, shiny\n|-mega|p2a: Beedrill|Beedrill|Beedrillite\n|move|p2b: Talonflame|Dual Wingbeat|p1a: Gardevoir\n|-damage|p1a: Gardevoir|90/100\n|-damage|p1a: Gardevoir|79/100\n|-hitcount|p1a: Gardevoir|2\n|move|p2a: Beedrill|U-turn|p1a: Gardevoir\n|-damage|p1a: Gardevoir|45/100\n|\n|t:|1776011826\n|switch|p2a: Incineroar|Incineroar, L50, M, shiny|100/100|[from] U-turn\n|-ability|p2a: Incineroar|Intimidate|boost\n|-unboost|p1a: Gardevoir|atk|1\n|-unboost|p1b: Gigi|atk|1\n|move|p1a: Gardevoir|Hyper Voice|p2b: Talonflame|[spread] p2a,p2b\n|-resisted|p2b: Talonflame|1\n|-damage|p2a: Incineroar|59/100\n|-damage|p2b: Talonflame|61/100\n|\n|upkeep\n|turn|3\n|\n|t:|1776011852\n|move|p1a: Gardevoir|Protect|p1a: Gardevoir\n|-singleturn|p1a: Gardevoir|Protect\n|move|p2a: Incineroar|Fake Out|p1b: Gigi\n|-damage|p1b: Gigi|88/100\n|move|p2b: Talonflame|Tailwind|p2b: Talonflame\n|-sidestart|p2: Braute|move: Tailwind\n|cant|p1b: Gigi|flinch\n|\n|-heal|p1b: Gigi|94/100|[from] item: Leftovers\n|upkeep\n|turn|4\n|\n|t:|1776011867\n|switch|p1a: Wallace|Incineroar, L50, F|100/100\n|-ability|p1a: Wallace|Intimidate|boost\n|-unboost|p2a: Incineroar|atk|1\n|-unboost|p2b: Talonflame|atk|1\n|move|p2b: Talonflame|Protect|p2b: Talonflame\n|-singleturn|p2b: Talonflame|Protect\n|move|p2a: Incineroar|Parting Shot|p1a: Wallace\n|-unboost|p1a: Wallace|atk|1\n|-unboost|p1a: Wallace|spa|1\n|\n|t:|1776011881\n|switch|p2a: Beedrill|Beedrill-Mega, L50, F, shiny|100/100|[from] Parting Shot\n|move|p1b: Gigi|Waterfall|p2a: Beedrill\n|-damage|p2a: Beedrill|47/100\n|\n|-heal|p1b: Gigi|99/100|[from] item: Leftovers\n|upkeep\n|turn|5\n|inactive|Gigithegyarados has 30 seconds left.\n|\n|t:|1776011909\n|switch|p2b: Incineroar|Incineroar, L50, M, shiny|59/100\n|-ability|p2b: Incineroar|Intimidate|boost\n|-unboost|p1a: Wallace|atk|1\n|-unboost|p1b: Gigi|atk|1\n|switch|p1b: Greninja|Greninja, L50, M|100/100\n|move|p2a: Beedrill|Protect|p2a: Beedrill\n|-singleturn|p2a: Beedrill|Protect\n|move|p1a: Wallace|Fake Out|p2a: Beedrill\n|-activate|p2a: Beedrill|move: Protect\n|\n|upkeep\n|turn|6\n|inactive|Braute has 30 seconds left.\n|inactive|Gigithegyarados has 30 seconds left.\n|\n|t:|1776011940\n|switch|p1b: Gigi|Gyarados, L50, M|99/100\n|-ability|p1b: Gigi|Intimidate|boost\n|-unboost|p2a: Beedrill|atk|1\n|-unboost|p2b: Incineroar|atk|1\n|move|p2b: Incineroar|Fake Out|p1a: Wallace\n|-damage|p1a: Wallace|93/100\n|move|p2a: Beedrill|U-turn|p1b: Gigi\n|-resisted|p1b: Gigi|1\n|-damage|p1b: Gigi|81/100\n|\n|t:|1776011955\n|switch|p2a: Kingambit|Kingambit, L50, F, shiny|100/100|[from] U-turn\n|cant|p1a: Wallace|flinch\n|\n|-heal|p1b: Gigi|87/100|[from] item: Leftovers\n|-sideend|p2: Braute|move: Tailwind\n|upkeep\n|turn|7\n|\n|t:|1776011973\n|switch|p2b: Talonflame|Talonflame, L50, M|61/100\n|move|p1b: Gigi|Thunder Wave|p2a: Kingambit\n|-status|p2a: Kingambit|par\n|move|p1a: Wallace|Flare Blitz|p2a: Kingambit\n|-supereffective|p2a: Kingambit|1\n|-damage|p2a: Kingambit|59/100 par\n|-damage|p1a: Wallace|81/100|[from] Recoil\n|move|p2a: Kingambit|Kowtow Cleave|p1b: Gigi\n|-crit|p1b: Gigi\n|-damage|p1b: Gigi|2/100\n|\n|-heal|p1b: Gigi|8/100|[from] item: Leftovers\n|upkeep\n|turn|8\n|\n|t:|1776011996\n|move|p2b: Talonflame|Dual Wingbeat|p1b: Gigi\n|-damage|p1b: Gigi|0 fnt\n|faint|p1b: Gigi\n|-hitcount|p1: Gigi|1\n|move|p1a: Wallace|Flare Blitz|p2a: Kingambit\n|-supereffective|p2a: Kingambit|1\n|-damage|p2a: Kingambit|18/100 par\n|-damage|p1a: Wallace|69/100|[from] Recoil\n|move|p2a: Kingambit|Low Kick|p1a: Wallace\n|-supereffective|p1a: Wallace|1\n|-damage|p1a: Wallace|15/100\n|\n|upkeep\n|\n|t:|1776012005\n|switch|p1b: Greninja|Greninja, L50, M|100/100\n|turn|9\n|\n|t:|1776012015\n|move|p1b: Greninja|Water Shuriken|p2a: Kingambit\n|-start|p1b: Greninja|typechange|Water|[from] ability: Protean\n|-damage|p2a: Kingambit|11/100 par\n|-damage|p2a: Kingambit|4/100 par\n|-damage|p2a: Kingambit|0 fnt\n|faint|p2a: Kingambit\n|-hitcount|p2: Kingambit|3\n|move|p2b: Talonflame|Tailwind|p2b: Talonflame\n|-sidestart|p2: Braute|move: Tailwind\n|move|p1a: Wallace|Parting Shot|p2b: Talonflame\n|-unboost|p2b: Talonflame|atk|1\n|-unboost|p2b: Talonflame|spa|1\n|\n|t:|1776012026\n|switch|p1a: Gardevoir|Gardevoir-Mega, L50, M|45/100|[from] Parting Shot\n|\n|upkeep\n|\n|t:|1776012032\n|switch|p2a: Beedrill|Beedrill-Mega, L50, F, shiny|47/100\n|turn|10\n|\n|t:|1776012048\n|switch|p1a: Wallace|Incineroar, L50, F|15/100\n|-ability|p1a: Wallace|Intimidate|boost\n|-unboost|p2a: Beedrill|atk|1\n|-unboost|p2b: Talonflame|atk|1\n|move|p1b: Greninja|Water Shuriken|p2a: Beedrill\n|-damage|p2a: Beedrill|36/100\n|-damage|p2a: Beedrill|25/100\n|-hitcount|p2a: Beedrill|2\n|move|p2a: Beedrill|Lunge|p1b: Greninja\n|-damage|p1b: Greninja|29/100\n|-unboost|p1b: Greninja|atk|1\n|move|p2b: Talonflame|Dual Wingbeat|p1b: Greninja\n|-damage|p1b: Greninja|15/100\n|-damage|p1b: Greninja|0 fnt\n|faint|p1b: Greninja\n|-hitcount|p1: Greninja|2\n|\n|upkeep\n|\n|t:|1776012062\n|switch|p1b: Gardevoir|Gardevoir-Mega, L50, M|45/100\n|turn|11\n|\n|t:|1776012083\n|switch|p2b: Incineroar|Incineroar, L50, M, shiny|59/100\n|-ability|p2b: Incineroar|Intimidate|boost\n|-unboost|p1a: Wallace|atk|1\n|-unboost|p1b: Gardevoir|atk|1\n|move|p2a: Beedrill|Protect|p2a: Beedrill\n|-singleturn|p2a: Beedrill|Protect\n|move|p1a: Wallace|Fake Out|p2b: Incineroar\n|-damage|p2b: Incineroar|52/100\n|move|p1b: Gardevoir|Hyper Voice|p2b: Incineroar|[spread] p2b\n|-activate|p2a: Beedrill|move: Protect\n|-damage|p2b: Incineroar|12/100\n|-enditem|p2b: Incineroar|Sitrus Berry|[eat]\n|-heal|p2b: Incineroar|36/100|[from] item: Sitrus Berry\n|\n|upkeep\n|turn|12\n|\n|t:|1776012098\n|move|p2b: Incineroar|Fake Out|p1a: Wallace\n|-damage|p1a: Wallace|4/100\n|move|p2a: Beedrill|Poison Jab|p1b: Gardevoir\n|-supereffective|p1b: Gardevoir|1\n|-damage|p1b: Gardevoir|0 fnt\n|faint|p1b: Gardevoir\n|cant|p1a: Wallace|flinch\n|\n|-sideend|p2: Braute|move: Tailwind\n|upkeep\n|turn|13\n|-message|Gigithegyarados forfeited.\n|\n|win|Braute\n|raw|Gigithegyarados's rating: 1046 &rarr; <strong>1034</strong><br />(-12 for losing)\n|raw|Braute's rating: 1143 &rarr; <strong>1161</strong><br />(+18 for winning)\n|l|\u2606Gigithegyarados\n|player|p1|\n",
  "uploadtime": 1776012106,
  "views": 64,
  "formatid": "gen9championsvgc2026regma",
  "rating": 1034,
  "private": 0,
  "password": null
}