{
  "id": "gen9championsvgc2026regma-2587226767",
  "format": "[Gen 9 Champions] VGC 2026 Reg M-A",
  "players": [
    "gekko kabu",
    "joymaxxing"
  ],
  "log": "|j|\u2606gekko kabu\n|j|\u2606joymaxxing\n|t:|1776511535\n|gametype|doubles\n|player|p1|gekko kabu|bugcatcher-gen4dp|1395\n|player|p2|joymaxxing|elesa|1467\n|gen|9\n|tier|[Gen 9 Champions] VGC 2026 Reg M-A\n|rated|\n|rule|Species Clause: Limit one of each Pok\u00e9mon\n|rule|Item Clause: Limit 1 of each item\n|clearpoke\n|poke|p1|Charizard, L50, M, shiny|\n|poke|p1|Incineroar, L50, M, shiny|\n|poke|p1|Whimsicott, L50, F, shiny|\n|poke|p1|Garchomp, L50, M, shiny|\n|poke|p1|Rotom-Wash, L50, shiny|\n|poke|p1|Sneasler, L50, F|\n|poke|p2|Scovillain, L50, F, shiny|\n|poke|p2|Incineroar, L50, F, shiny|\n|poke|p2|Milotic, L50, M|\n|poke|p2|Sylveon, L50, F|\n|poke|p2|Farigiraf, L50, M, shiny|\n|poke|p2|Aegislash, L50, F|\n|teampreview|4\n|\n|t:|1776511556\n|teamsize|p1|4\n|teamsize|p2|4\n|start\n|switch|p1a: Charizard|Charizard, L50, M, shiny|100/100\n|switch|p1b: Garchomp|Garchomp, L50, M, shiny|100/100\n|switch|p2a: Incineroar|Incineroar, L50, F, shiny|100/100\n|switch|p2b: Farigiraf|Farigiraf, L50, M, shiny|100/100\n|-ability|p2a: Incineroar|Intimidate|boost\n|-unboost|p1a: Charizard|atk|1\n|-unboost|p1b: Garchomp|atk|1\n|turn|1\n|\n|t:|1776511571\n|detailschange|p1a: Charizard|Charizard-Mega-Y, L50, M, shiny\n|-mega|p1a: Charizard|Charizard|Charizardite Y\n|-weather|SunnyDay|[from] ability: Drought|[of] p1a: Charizard\n|move|p2a: Incineroar|Fake Out|p1a: Charizard\n|-damage|p1a: Charizard|90/100\n|move|p1b: Garchomp|Earthquake|p2a: Incineroar|[spread] p2a,p2b\n|-immune|p1a: Charizard\n|-supereffective|p2a: Incineroar|1\n|-damage|p2a: Incineroar|52/100\n|-damage|p2b: Farigiraf|72/100\n|cant|p1a: Charizard|flinch\n|move|p2b: Farigiraf|Trick Room|p2b: Farigiraf\n|-fieldstart|move: Trick Room|[of] p2b: Farigiraf\n|\n|-weather|SunnyDay|[upkeep]\n|upkeep\n|turn|2\n|j| Zafirion\n|\n|t:|1776511586\n|move|p2b: Farigiraf|Protect|p2b: Farigiraf\n|-singleturn|p2b: Farigiraf|Protect\n|move|p2a: Incineroar|Parting Shot|p1a: Charizard\n|-unboost|p1a: Charizard|atk|1\n|-unboost|p1a: Charizard|spa|1\n|\n|t:|1776511592\n|switch|p2a: Sylveon|Sylveon, L50, F|100/100|[from] Parting Shot\n|move|p1a: Charizard|Weather Ball|p2b: Farigiraf\n|-activate|p2b: Farigiraf|move: Protect\n|move|p1b: Garchomp|Earthquake|p2b: Farigiraf|[spread] p2a\n|-activate|p2b: Farigiraf|move: Protect\n|-immune|p1a: Charizard\n|-damage|p2a: Sylveon|63/100\n|\n|-weather|SunnyDay|[upkeep]\n|upkeep\n|turn|3\n|\n|t:|1776511602\n|switch|p1b: Rotom|Rotom-Wash, L50, shiny|100/100\n|move|p1a: Charizard|Protect|p1a: Charizard\n|-singleturn|p1a: Charizard|Protect\n|move|p2b: Farigiraf|Hyper Voice|p1b: Rotom|[spread] p1b\n|-activate|p1a: Charizard|move: Protect\n|-damage|p1b: Rotom|60/100\n|move|p2a: Sylveon|Hyper Voice|p1a: Charizard|[spread] p1b\n|-activate|p1a: Charizard|move: Protect\n|-crit|p1b: Rotom\n|-damage|p1b: Rotom|0 fnt\n|faint|p1b: Rotom\n|\n|-weather|SunnyDay|[upkeep]\n|upkeep\n|\n|t:|1776511609\n|switch|p1b: Sneasler|Sneasler, L50, F|100/100\n|turn|4\n|\n|t:|1776511617\n|move|p1b: Sneasler|Protect|p1b: Sneasler\n|-singleturn|p1b: Sneasler|Protect\n|move|p2b: Farigiraf|Hyper Voice|p1a: Charizard|[spread] p1a\n|-activate|p1b: Sneasler|move: Protect\n|-damage|p1a: Charizard|57/100\n|move|p2a: Sylveon|Hyper Voice|p1b: Sneasler|[spread] p1a\n|-activate|p1b: Sneasler|move: Protect\n|-resisted|p1a: Charizard|1\n|-damage|p1a: Charizard|35/100\n|move|p1a: Charizard|Heat Wave|p2a: Sylveon|[spread] p2a,p2b\n|-damage|p2a: Sylveon|30/100\n|-damage|p2b: Farigiraf|33/100\n|-status|p2a: Sylveon|brn\n|\n|-weather|SunnyDay|[upkeep]\n|-damage|p2a: Sylveon|24/100 brn|[from] brn\n|upkeep\n|turn|5\n|\n|t:|1776511632\n|move|p1a: Charizard|Protect|p1a: Charizard\n|-singleturn|p1a: Charizard|Protect\n|move|p1b: Sneasler|Protect||[still]\n|-fail|p1b: Sneasler\n|move|p2b: Farigiraf|Hyper Voice|p1b: Sneasler|[spread] p1b\n|-activate|p1a: Charizard|move: Protect\n|-damage|p1b: Sneasler|47/100\n|move|p2a: Sylveon|Hyper Voice|p1a: Charizard|[spread] p1b\n|-activate|p1a: Charizard|move: Protect\n|-damage|p1b: Sneasler|0 fnt\n|faint|p1b: Sneasler\n|\n|-weather|none\n|-damage|p2a: Sylveon|18/100 brn|[from] brn\n|-fieldend|move: Trick Room\n|upkeep\n|\n|t:|1776511636\n|switch|p1b: Garchomp|Garchomp, L50, M, shiny|100/100\n|turn|6\n|\n|t:|1776511641\n|move|p2b: Farigiraf|Protect|p2b: Farigiraf\n|-singleturn|p2b: Farigiraf|Protect\n|move|p1b: Garchomp|Earthquake|p2b: Farigiraf|[spread] p2a\n|-activate|p2b: Farigiraf|move: Protect\n|-immune|p1a: Charizard\n|-damage|p2a: Sylveon|0 fnt\n|faint|p2a: Sylveon\n|move|p1a: Charizard|Heat Wave|p2b: Farigiraf\n|-activate|p2b: Farigiraf|move: Protect\n|\n|upkeep\n|\n|t:|1776511646\n|switch|p2a: Incineroar|Incineroar, L50, F, shiny|52/100\n|-ability|p2a: Incineroar|Intimidate|boost\n|-unboost|p1a: Charizard|atk|1\n|-unboost|p1b: Garchomp|atk|1\n|turn|7\n|-message|gekko kabu forfeited.\n|\n|win|joymaxxing\n|raw|gekko kabu's rating: 1395 &rarr; <strong>1379</strong><br />(-16 for losing)\n|raw|joymaxxing's rating: 1467 &rarr; <strong>1483</strong><br />(+16 for winning)\n|l|\u2606gekko kabu\n|player|p1|\n",
  "uploadtime": 1776511663,
  "views": 41,
  "formatid": "gen9championsvgc2026regma",
  "rating": 1379,
  "private": 0,
  "password": null
}