{
  "id": "gen9championsvgc2026regma-2584811845",
  "format": "[Gen 9 Champions] VGC 2026 Reg M-A",
  "players": [
    "benjiapollo",
    "Pedrotiago11"
  ],
  "log": "|j|\u2606benjiapollo\n|j|\u2606Pedrotiago11\n|t:|1776285465\n|gametype|doubles\n|player|p1|benjiapollo|giovanni|1209\n|player|p2|Pedrotiago11|hilbert|1156\n|gen|9\n|tier|[Gen 9 Champions] VGC 2026 Reg M-A\n|rated|\n|rule|Species Clause: Limit one of each Pok\u00e9mon\n|rule|Item Clause: Limit 1 of each item\n|clearpoke\n|poke|p1|Basculegion, L50, M|\n|poke|p1|Charizard, L50, F|\n|poke|p1|Kingambit, L50, F|\n|poke|p1|Sneasler, L50, M|\n|poke|p1|Venusaur, L50, F|\n|poke|p1|Talonflame, L50, M|\n|poke|p2|Garchomp, L50, M|\n|poke|p2|Tyranitar, L50, F|\n|poke|p2|Aerodactyl, L50, M|\n|poke|p2|Excadrill, L50, F|\n|poke|p2|Rotom-Wash, L50|\n|poke|p2|Sinistcha, L50|\n|teampreview|4\n|\n|t:|1776285491\n|teamsize|p1|4\n|teamsize|p2|4\n|start\n|switch|p1a: Talonflame|Talonflame, L50, M|100/100\n|switch|p1b: Charizard|Charizard, L50, F|100/100\n|switch|p2a: Tyranitar|Tyranitar, L50, F|100/100\n|switch|p2b: Excadrill|Excadrill, L50, F|100/100\n|-weather|Sandstorm|[from] ability: Sand Stream|[of] p2a: Tyranitar\n|turn|1\n|inactive|Battle timer is ON: inactive players will automatically lose when time's up. (requested by benjiapollo)\n|inactive|Pedrotiago11 has 60 seconds left.\n|\n|t:|1776285526\n|switch|p2a: Garchomp|Garchomp, L50, M|100/100\n|detailschange|p1b: Charizard|Charizard-Mega-X, L50, F\n|-mega|p1b: Charizard|Charizard|Charizardite X\n|move|p2b: Excadrill|Protect|p2b: Excadrill\n|-singleturn|p2b: Excadrill|Protect\n|move|p1b: Charizard|Protect|p1b: Charizard\n|-singleturn|p1b: Charizard|Protect\n|move|p1a: Talonflame|Tailwind|p1a: Talonflame\n|-sidestart|p1: benjiapollo|move: Tailwind\n|\n|-weather|Sandstorm|[upkeep]\n|-damage|p1a: Talonflame|95/100|[from] Sandstorm\n|-damage|p1b: Charizard|95/100|[from] Sandstorm\n|upkeep\n|turn|2\n|inactive|Pedrotiago11 has 30 seconds left.\n|\n|t:|1776285556\n|switch|p2a: Tyranitar|Tyranitar, L50, F|100/100\n|move|p1a: Talonflame|Flare Blitz|p2b: Excadrill\n|-supereffective|p2b: Excadrill|1\n|-enditem|p2b: Excadrill|Focus Sash\n|-damage|p2b: Excadrill|1/100\n|-damage|p1a: Talonflame|55/100|[from] Recoil\n|move|p1b: Charizard|Dragon Claw|p2a: Tyranitar\n|-damage|p2a: Tyranitar|64/100\n|move|p2b: Excadrill|Rock Slide|p1b: Charizard|[spread] p1a,p1b\n|-supereffective|p1a: Talonflame|2\n|-supereffective|p1b: Charizard|1\n|-damage|p1a: Talonflame|0 fnt\n|-damage|p1b: Charizard|46/100\n|faint|p1a: Talonflame\n|\n|-weather|Sandstorm|[upkeep]\n|-damage|p1b: Charizard|40/100|[from] Sandstorm\n|upkeep\n|\n|t:|1776285574\n|switch|p1a: Basculegion|Basculegion, L50, M|100/100\n|turn|3\n|\n|t:|1776285584\n|switch|p1b: Kingambit|Kingambit, L50, F|100/100\n|move|p2b: Excadrill|Protect|p2b: Excadrill\n|-singleturn|p2b: Excadrill|Protect\n|move|p2a: Tyranitar|Protect|p2a: Tyranitar\n|-singleturn|p2a: Tyranitar|Protect\n|move|p1a: Basculegion|Wave Crash|p2a: Tyranitar\n|-activate|p2a: Tyranitar|move: Protect\n|\n|-weather|Sandstorm|[upkeep]\n|-damage|p1a: Basculegion|94/100|[from] Sandstorm\n|upkeep\n|turn|4\n|\n|t:|1776285599\n|switch|p2a: Rotom|Rotom-Wash, L50|100/100\n|move|p1a: Basculegion|Wave Crash|p2a: Rotom\n|-resisted|p2a: Rotom|1\n|-damage|p2a: Rotom|57/100\n|-damage|p1a: Basculegion|83/100|[from] Recoil\n|move|p2b: Excadrill|Earthquake|p1b: Kingambit|[spread] p1a,p1b\n|-immune|p2a: Rotom|[from] ability: Levitate\n|-supereffective|p1b: Kingambit|1\n|-damage|p1a: Basculegion|22/100\n|-damage|p1b: Kingambit|31/100\n|move|p1b: Kingambit|Iron Head|p2b: Excadrill\n|-resisted|p2b: Excadrill|1\n|-damage|p2b: Excadrill|0 fnt\n|faint|p2b: Excadrill\n|\n|-weather|Sandstorm|[upkeep]\n|-damage|p1a: Basculegion|16/100|[from] Sandstorm\n|-damage|p2a: Rotom|51/100|[from] Sandstorm\n|-heal|p2a: Rotom|57/100|[from] item: Leftovers\n|-sideend|p1: benjiapollo|move: Tailwind\n|upkeep\n|\n|t:|1776285617\n|switch|p2b: Garchomp|Garchomp, L50, M|100/100\n|turn|5\n|\n|t:|1776285631\n|detailschange|p2b: Garchomp|Garchomp-Mega, L50, M\n|-mega|p2b: Garchomp|Garchomp|Garchompite\n|move|p1b: Kingambit|Sucker Punch|p2b: Garchomp\n|-damage|p2b: Garchomp|58/100\n|move|p1a: Basculegion|Wave Crash|p2b: Garchomp\n|-damage|p2b: Garchomp|0 fnt\n|faint|p2b: Garchomp\n|-damage|p1a: Basculegion|0 fnt|[from] Recoil\n|faint|p1a: Basculegion\n|move|p2a: Rotom|Discharge|p1b: Kingambit\n|-damage|p1b: Kingambit|0 fnt\n|faint|p1b: Kingambit\n|\n|-weather|none\n|-heal|p2a: Rotom|62/100|[from] item: Leftovers\n|upkeep\n|\n|t:|1776285645\n|switch|p2b: Tyranitar|Tyranitar, L50, F|64/100\n|switch|p1a: Charizard|Charizard-Mega-X, L50, F|40/100\n|-weather|Sandstorm|[from] ability: Sand Stream|[of] p2b: Tyranitar\n|turn|6\n|\n|t:|1776285656\n|move|p1a: Charizard|Dragon Claw|p2b: Tyranitar\n|-damage|p2b: Tyranitar|28/100\n|move|p2a: Rotom|Hydro Pump|p1a: Charizard\n|-damage|p1a: Charizard|0 fnt\n|faint|p1a: Charizard\n|\n|win|Pedrotiago11\n|raw|benjiapollo's rating: 1209 &rarr; <strong>1180</strong><br />(-29 for losing)\n|raw|Pedrotiago11's rating: 1156 &rarr; <strong>1185</strong><br />(+29 for winning)\n|l|\u2606Pedrotiago11\n|player|p2|\n",
  "uploadtime": 1776285665,
  "views": 26,
  "formatid": "gen9championsvgc2026regma",
  "rating": 1180,
  "private": 0,
  "password": null
}