{
  "id": "gen9championsvgc2026regma-2580660490",
  "format": "[Gen 9 Champions] VGC 2026 Reg M-A",
  "players": [
    "kommomaxxing",
    "CafeQuente8252"
  ],
  "log": "|j|\u203dkommomaxxing\n|j|\u2606CafeQuente8252\n|t:|1775922150\n|gametype|doubles\n|player|p1|kommomaxxing|clown|1050\n|player|p2|CafeQuente8252|169|1000\n|gen|9\n|tier|[Gen 9 Champions] VGC 2026 Reg M-A\n|rated|\n|rule|Species Clause: Limit one of each Pok\u00e9mon\n|rule|Item Clause: Limit 1 of each item\n|clearpoke\n|poke|p1|Excadrill, L50, F|\n|poke|p1|Tyranitar, L50, F|\n|poke|p1|Aegislash, L50, M|\n|poke|p1|Aerodactyl, L50, F|\n|poke|p1|Empoleon, L50, F|\n|poke|p1|Archaludon, L50, M|\n|poke|p2|Delphox, L50, F|\n|poke|p2|Incineroar, L50, M|\n|poke|p2|Garchomp, L50, F|\n|poke|p2|Farigiraf, L50, M|\n|poke|p2|Rotom-Mow, L50|\n|poke|p2|Clefable, L50, M|\n|teampreview|4\n|\n|t:|1775922183\n|teamsize|p1|4\n|teamsize|p2|4\n|start\n|switch|p1a: Aerodactyl|Aerodactyl, L50, F|100/100\n|switch|p1b: Archaludon|Archaludon, L50, M|100/100\n|switch|p2a: Cynthia|Garchomp, L50, F|100/100\n|switch|p2b: Chris Pratt|Incineroar, L50, M, shiny|100/100\n|-ability|p1a: Aerodactyl|Unnerve\n|-ability|p2b: Chris Pratt|Intimidate|boost\n|-unboost|p1a: Aerodactyl|atk|1\n|-unboost|p1b: Archaludon|atk|1\n|turn|1\n|\n|t:|1775922214\n|move|p1b: Archaludon|Protect|p1b: Archaludon\n|-singleturn|p1b: Archaludon|Protect\n|move|p1a: Aerodactyl|Tailwind|p1a: Aerodactyl\n|-sidestart|p1: kommomaxxing|move: Tailwind\n|move|p2a: Cynthia|Rock Slide|p1a: Aerodactyl|[spread] p1a\n|-activate|p1b: Archaludon|move: Protect\n|-supereffective|p1a: Aerodactyl|1\n|-damage|p1a: Aerodactyl|51/100\n|move|p2b: Chris Pratt|Parting Shot|p1b: Archaludon\n|-activate|p1b: Archaludon|move: Protect\n|\n|upkeep\n|turn|2\n|\n|t:|1775922260\n|switch|p1b: Empoleon|Empoleon, L50, F|100/100\n|switch|p2b: The Grass Reaper|Rotom-Mow, L50|100/100\n|move|p1a: Aerodactyl|Wide Guard|p1a: Aerodactyl\n|-singleturn|p1a: Aerodactyl|Wide Guard\n|move|p2a: Cynthia|Rock Slide|p1b: Empoleon|[spread] \n|-activate|p1a: Aerodactyl|move: Wide Guard\n|-activate|p1b: Empoleon|move: Wide Guard\n|\n|upkeep\n|turn|3\n|\n|t:|1775922293\n|switch|p2a: Zory|Delphox, L50, F, shiny|100/100\n|move|p1b: Empoleon|Protect|p1b: Empoleon\n|-singleturn|p1b: Empoleon|Protect\n|move|p1a: Aerodactyl|Rock Slide|p2a: Zory|[spread] p2a,p2b\n|-supereffective|p2a: Zory|1\n|-damage|p2a: Zory|61/100\n|-damage|p2b: The Grass Reaper|87/100\n|move|p2b: The Grass Reaper|Sunny Day|p2b: The Grass Reaper\n|-weather|SunnyDay\n|\n|-weather|SunnyDay|[upkeep]\n|upkeep\n|turn|4\n|\n|t:|1775922326\n|switch|p2b: Chris Pratt|Incineroar, L50, M, shiny|100/100\n|-ability|p2b: Chris Pratt|Intimidate|boost\n|-unboost|p1a: Aerodactyl|atk|1\n|-unboost|p1b: Empoleon|atk|1\n|-ability|p1b: Empoleon|Competitive|boost\n|-boost|p1b: Empoleon|spa|2\n|detailschange|p2a: Zory|Delphox-Mega, L50, F, shiny\n|-mega|p2a: Zory|Delphox|Delphoxite\n|move|p2a: Zory|Protect|p2a: Zory\n|-singleturn|p2a: Zory|Protect\n|move|p1a: Aerodactyl|Rock Slide|p2a: Zory|[spread] p2b\n|-activate|p2a: Zory|move: Protect\n|-supereffective|p2b: Chris Pratt|1\n|-damage|p2b: Chris Pratt|82/100\n|move|p1b: Empoleon|Hydro Pump|p2a: Zory\n|-activate|p2a: Zory|move: Protect\n|\n|-weather|SunnyDay|[upkeep]\n|-sideend|p1: kommomaxxing|move: Tailwind\n|upkeep\n|turn|5\n|\n|t:|1775922406\n|move|p1a: Aerodactyl|Protect|p1a: Aerodactyl\n|-singleturn|p1a: Aerodactyl|Protect\n|move|p1b: Empoleon|Protect|p1b: Empoleon\n|-singleturn|p1b: Empoleon|Protect\n|move|p2b: Chris Pratt|Fake Out|p1b: Empoleon\n|-activate|p1b: Empoleon|move: Protect\n|move|p2a: Zory|Psyshock|p1a: Aerodactyl\n|-activate|p1a: Aerodactyl|move: Protect\n|\n|-weather|SunnyDay|[upkeep]\n|upkeep\n|turn|6\n|\n|t:|1775922431\n|switch|p2a: The Grass Reaper|Rotom-Mow, L50|87/100\n|move|p1a: Aerodactyl|Wide Guard|p1a: Aerodactyl\n|-singleturn|p1a: Aerodactyl|Wide Guard\n|move|p2b: Chris Pratt|Darkest Lariat|p1a: Aerodactyl\n|-damage|p1a: Aerodactyl|0 fnt\n|faint|p1a: Aerodactyl\n|move|p1b: Empoleon|Hydro Pump|p2a: The Grass Reaper|[miss]\n|-miss|p1b: Empoleon|p2a: The Grass Reaper\n|\n|-weather|SunnyDay|[upkeep]\n|upkeep\n|\n|t:|1775922441\n|switch|p1a: Archaludon|Archaludon, L50, M|100/100\n|turn|7\n|\n|t:|1775922470\n|move|p1b: Empoleon|Protect|p1b: Empoleon\n|-singleturn|p1b: Empoleon|Protect\n|move|p2a: The Grass Reaper|Volt Switch|p1b: Empoleon\n|-activate|p1b: Empoleon|move: Protect\n|move|p1a: Archaludon|Draco Meteor|p2a: The Grass Reaper\n|-damage|p2a: The Grass Reaper|10/100\n|-unboost|p1a: Archaludon|spa|2\n|move|p2b: Chris Pratt|Parting Shot|p1b: Empoleon\n|-activate|p1b: Empoleon|move: Protect\n|\n|-weather|none\n|upkeep\n|turn|8\n|\n|t:|1775922509\n|switch|p1a: Excadrill|Excadrill, L50, F, shiny|100/100\n|switch|p2b: Cynthia|Garchomp, L50, F|100/100\n|move|p2a: The Grass Reaper|Volt Switch|p1b: Empoleon\n|-supereffective|p1b: Empoleon|1\n|-damage|p1b: Empoleon|50/100\n|\n|t:|1775922519\n|switch|p2a: Chris Pratt|Incineroar, L50, M, shiny|82/100|[from] Volt Switch\n|-ability|p2a: Chris Pratt|Intimidate|boost\n|-unboost|p1a: Excadrill|atk|1\n|-unboost|p1b: Empoleon|atk|1\n|-ability|p1b: Empoleon|Competitive|boost\n|-boost|p1b: Empoleon|spa|2\n|move|p1b: Empoleon|Hydro Pump|p2a: Chris Pratt\n|-supereffective|p2a: Chris Pratt|1\n|-damage|p2a: Chris Pratt|0 fnt\n|faint|p2a: Chris Pratt\n|\n|upkeep\n|\n|t:|1775922539\n|switch|p2a: The Grass Reaper|Rotom-Mow, L50|10/100\n|turn|9\n|\n|t:|1775922550\n|detailschange|p1a: Excadrill|Excadrill-Mega, L50, F, shiny\n|-mega|p1a: Excadrill|Excadrill|Excadrite\n|move|p1b: Empoleon|Protect|p1b: Empoleon\n|-singleturn|p1b: Empoleon|Protect\n|move|p2a: The Grass Reaper|Sunny Day|p2a: The Grass Reaper\n|-weather|SunnyDay\n|move|p1a: Excadrill|High Horsepower|p2b: Cynthia\n|-damage|p2b: Cynthia|61/100\n|-damage|p1a: Excadrill|88/100|[from] ability: Rough Skin|[of] p2b: Cynthia\n|move|p2b: Cynthia|Earthquake|p1b: Empoleon|[spread] p1a\n|-activate|p1b: Empoleon|move: Protect\n|-immune|p2a: The Grass Reaper|[from] ability: Levitate\n|-supereffective|p1a: Excadrill|1\n|-damage|p1a: Excadrill|13/100\n|\n|-weather|SunnyDay|[upkeep]\n|upkeep\n|turn|10\n|\n|t:|1775922571\n|move|p2a: The Grass Reaper|Sunny Day||[still]\n|-fail|p2a: The Grass Reaper\n|move|p1a: Excadrill|Rock Slide|p2b: Cynthia|[spread] p2a,p2b\n|-resisted|p2b: Cynthia|1\n|-damage|p2a: The Grass Reaper|0 fnt\n|-damage|p2b: Cynthia|53/100\n|faint|p2a: The Grass Reaper\n|move|p2b: Cynthia|Earthquake|p1b: Empoleon|[spread] p1a,p1b\n|-supereffective|p1a: Excadrill|1\n|-supereffective|p1b: Empoleon|1\n|-damage|p1a: Excadrill|0 fnt\n|-damage|p1b: Empoleon|0 fnt\n|faint|p1a: Excadrill\n|faint|p1b: Empoleon\n|\n|-weather|SunnyDay|[upkeep]\n|upkeep\n|\n|t:|1775922586\n|switch|p2a: Zory|Delphox-Mega, L50, F, shiny|61/100\n|switch|p1b: Archaludon|Archaludon, L50, M|100/100\n|turn|11\n|\n|t:|1775922601\n|move|p2a: Zory|Overheat|p1b: Archaludon\n|-damage|p1b: Archaludon|0 fnt\n|-unboost|p2a: Zory|spa|2\n|faint|p1b: Archaludon\n|\n|win|CafeQuente8252\n|raw|kommomaxxing's rating: 1050 &rarr; <strong>1030</strong><br />(-20 for losing)\n|raw|CafeQuente8252's rating: 1000 &rarr; <strong>1046</strong><br />(+46 for winning)\n|l|\u203dkommomaxxing\n|player|p1|\n",
  "uploadtime": 1775922638,
  "views": 22,
  "formatid": "gen9championsvgc2026regma",
  "rating": 1030,
  "private": 0,
  "password": null
}