{
  "id": "gen9championsvgc2026regma-2580877159",
  "format": "[Gen 9 Champions] VGC 2026 Reg M-A",
  "players": [
    "Elemelons97",
    "DoubleScroll181"
  ],
  "log": "|j|\u2606Elemelons97\n|j|\u2606DoubleScroll181\n|t:|1775939810\n|gametype|doubles\n|player|p1|Elemelons97|veteran|1000\n|player|p2|DoubleScroll181|1|1016\n|gen|9\n|tier|[Gen 9 Champions] VGC 2026 Reg M-A\n|rated|\n|rule|Species Clause: Limit one of each Pok\u00e9mon\n|rule|Item Clause: Limit 1 of each item\n|clearpoke\n|poke|p1|Tyranitar, L50, F|\n|poke|p1|Excadrill, L50, M|\n|poke|p1|Passimian, L50, M|\n|poke|p1|Sinistcha, L50|\n|poke|p1|Milotic, L50, M|\n|poke|p1|Kangaskhan, L50, F|\n|poke|p2|Aegislash, L50, F|\n|poke|p2|Archaludon, L50, M|\n|poke|p2|Pelipper, L50, F|\n|poke|p2|Dragonite, L50, F|\n|poke|p2|Basculegion, L50, M|\n|poke|p2|Incineroar, L50, M|\n|teampreview|4\n|inactive|Battle timer is ON: inactive players will automatically lose when time's up. (requested by Elemelons97)\n|inactive|Elemelons97 has 60 seconds left.\n|\n|t:|1775939860\n|teamsize|p1|4\n|teamsize|p2|4\n|start\n|switch|p1a: Passimian|Passimian, L50, M|100/100\n|switch|p1b: Kangaskhan|Kangaskhan, L50, F|100/100\n|switch|p2a: Incineroar|Incineroar, L50, M|100/100\n|switch|p2b: Pelipper|Pelipper, L50, F|100/100\n|-weather|RainDance|[from] ability: Drizzle|[of] p2b: Pelipper\n|-ability|p2a: Incineroar|Intimidate|boost\n|-unboost|p1a: Passimian|atk|1\n|-ability|p1a: Passimian|Defiant|boost\n|-boost|p1a: Passimian|atk|2\n|-unboost|p1b: Kangaskhan|atk|1\n|turn|1\n|inactive|Elemelons97 has 30 seconds left.\n|inactive|Elemelons97 has 20 seconds left.\n|inactive|Elemelons97 has 15 seconds left.\n|\n|t:|1775939901\n|detailschange|p1b: Kangaskhan|Kangaskhan-Mega, L50, F\n|-mega|p1b: Kangaskhan|Kangaskhan|Kangaskhanite\n|move|p1b: Kangaskhan|Fake Out|p2b: Pelipper\n|-damage|p2b: Pelipper|86/100\n|-damage|p2b: Pelipper|81/100\n|-hitcount|p2b: Pelipper|2\n|move|p2a: Incineroar|Fake Out|p1a: Passimian\n|-damage|p1a: Passimian|89/100\n|cant|p1a: Passimian|flinch\n|cant|p2b: Pelipper|flinch\n|\n|-weather|RainDance|[upkeep]\n|upkeep\n|turn|2\n|\n|t:|1775939917\n|switch|p1a: Tyranitar|Tyranitar, L50, F|100/100\n|-weather|Sandstorm|[from] ability: Sand Stream|[of] p1a: Tyranitar\n|move|p1b: Kangaskhan|Last Resort|p2b: Pelipper\n|-damage|p2b: Pelipper|30/100\n|-damage|p2b: Pelipper|18/100\n|-hitcount|p2b: Pelipper|2\n|move|p2b: Pelipper|Tailwind|p2b: Pelipper\n|-sidestart|p2: DoubleScroll181|move: Tailwind\n|move|p2a: Incineroar|Will-O-Wisp|p1b: Kangaskhan|[miss]\n|-miss|p2a: Incineroar|p1b: Kangaskhan\n|\n|-weather|Sandstorm|[upkeep]\n|-damage|p2b: Pelipper|12/100|[from] Sandstorm\n|-damage|p1b: Kangaskhan|94/100|[from] Sandstorm\n|-damage|p2a: Incineroar|95/100|[from] Sandstorm\n|upkeep\n|turn|3\n|inactive|Elemelons97 has 30 seconds left.\n|\n|t:|1775939949\n|switch|p2b: Dragonite|Dragonite, L50, F|100/100\n|move|p1b: Kangaskhan|Last Resort|p2a: Incineroar\n|-damage|p2a: Incineroar|50/100\n|-damage|p2a: Incineroar|40/100\n|-hitcount|p2a: Incineroar|2\n|move|p2a: Incineroar|Parting Shot|p1a: Tyranitar\n|-unboost|p1a: Tyranitar|atk|1\n|-unboost|p1a: Tyranitar|spa|1\n|\n|t:|1775939959\n|switch|p2a: Pelipper|Pelipper, L50, F|12/100|[from] Parting Shot\n|-weather|RainDance|[from] ability: Drizzle|[of] p2a: Pelipper\n|move|p1a: Tyranitar|Rock Slide|p2b: Dragonite|[spread] p2a,p2b\n|-supereffective|p2a: Pelipper|1\n|-supereffective|p2b: Dragonite|1\n|-damage|p2a: Pelipper|0 fnt\n|-damage|p2b: Dragonite|74/100\n|faint|p2a: Pelipper\n|\n|-weather|RainDance|[upkeep]\n|upkeep\n|\n|t:|1775939969\n|switch|p2a: Incineroar|Incineroar, L50, M|40/100\n|-ability|p2a: Incineroar|Intimidate|boost\n|-unboost|p1a: Tyranitar|atk|1\n|-unboost|p1b: Kangaskhan|atk|1\n|turn|4\n|\n|t:|1775939988\n|switch|p1b: Passimian|Passimian, L50, M|89/100\n|switch|p1a: Excadrill|Excadrill, L50, M|100/100\n|detailschange|p2b: Dragonite|Dragonite-Mega, L50, F\n|-mega|p2b: Dragonite|Dragonite|Dragoninite\n|move|p2a: Incineroar|Fake Out|p1a: Excadrill\n|-resisted|p1a: Excadrill|1\n|-damage|p1a: Excadrill|92/100\n|move|p2b: Dragonite|Weather Ball|p1a: Excadrill\n|-supereffective|p1a: Excadrill|1\n|-damage|p1a: Excadrill|0 fnt\n|faint|p1a: Excadrill\n|\n|-weather|RainDance|[upkeep]\n|upkeep\n|\n|t:|1775940004\n|switch|p1a: Tyranitar|Tyranitar, L50, F|100/100\n|-weather|Sandstorm|[from] ability: Sand Stream|[of] p1a: Tyranitar\n|turn|5\n|\n|t:|1775940022\n|move|p2b: Dragonite|Hurricane|p1b: Passimian\n|-supereffective|p1b: Passimian|1\n|-damage|p1b: Passimian|0 fnt\n|faint|p1b: Passimian\n|move|p2a: Incineroar|Will-O-Wisp|p1a: Tyranitar\n|-status|p1a: Tyranitar|brn\n|move|p1a: Tyranitar|Rock Slide|p2a: Incineroar|[spread] p2a,p2b\n|-supereffective|p2a: Incineroar|1\n|-supereffective|p2b: Dragonite|1\n|-damage|p2a: Incineroar|8/100\n|-damage|p2b: Dragonite|42/100\n|\n|-weather|Sandstorm|[upkeep]\n|-damage|p2b: Dragonite|36/100|[from] Sandstorm\n|-damage|p2a: Incineroar|2/100|[from] Sandstorm\n|-damage|p1a: Tyranitar|95/100 brn|[from] brn\n|-sideend|p2: DoubleScroll181|move: Tailwind\n|upkeep\n|\n|t:|1775940028\n|switch|p1b: Kangaskhan|Kangaskhan-Mega, L50, F|94/100\n|turn|6\n|inactive|DoubleScroll181 has 30 seconds left.\n|\n|t:|1775940054\n|move|p1b: Kangaskhan|Fake Out|p2a: Incineroar\n|-damage|p2a: Incineroar|0 fnt\n|faint|p2a: Incineroar\n|-hitcount|p2: Incineroar|1\n|move|p2b: Dragonite|Draco Meteor|p1b: Kangaskhan|[miss]\n|-miss|p2b: Dragonite|p1b: Kangaskhan\n|move|p1a: Tyranitar|Rock Slide|p2b: Dragonite\n|-supereffective|p2b: Dragonite|1\n|-damage|p2b: Dragonite|0 fnt\n|faint|p2b: Dragonite\n|\n|-weather|Sandstorm|[upkeep]\n|-damage|p1b: Kangaskhan|88/100|[from] Sandstorm\n|-damage|p1a: Tyranitar|89/100 brn|[from] brn\n|upkeep\n|\n|t:|1775940070\n|switch|p2a: Archaludon|Archaludon, L50, M|100/100\n|turn|7\n|\n|t:|1775940083\n|move|p2a: Archaludon|Flash Cannon|p1a: Tyranitar\n|-supereffective|p1a: Tyranitar|1\n|-damage|p1a: Tyranitar|41/100 brn\n|move|p1b: Kangaskhan|Last Resort|p2a: Archaludon\n|-resisted|p2a: Archaludon|1\n|-crit|p2a: Archaludon\n|-damage|p2a: Archaludon|55/100\n|-ability|p2a: Archaludon|Stamina|boost\n|-boost|p2a: Archaludon|def|1\n|-resisted|p2a: Archaludon|1\n|-crit|p2a: Archaludon\n|-damage|p2a: Archaludon|44/100\n|-ability|p2a: Archaludon|Stamina|boost\n|-boost|p2a: Archaludon|def|1\n|-hitcount|p2a: Archaludon|2\n|move|p1a: Tyranitar|Knock Off|p2a: Archaludon\n|-damage|p2a: Archaludon|33/100\n|-ability|p2a: Archaludon|Stamina|boost\n|-boost|p2a: Archaludon|def|1\n|-enditem|p2a: Archaludon|Choice Scarf|[from] move: Knock Off|[of] p1a: Tyranitar\n|\n|-weather|Sandstorm|[upkeep]\n|-damage|p1b: Kangaskhan|82/100|[from] Sandstorm\n|-damage|p1a: Tyranitar|35/100 brn|[from] brn\n|upkeep\n|turn|8\n|\n|t:|1775940102\n|move|p1a: Tyranitar|Protect|p1a: Tyranitar\n|-singleturn|p1a: Tyranitar|Protect\n|move|p1b: Kangaskhan|Last Resort|p2a: Archaludon\n|-resisted|p2a: Archaludon|1\n|-damage|p2a: Archaludon|21/100\n|-ability|p2a: Archaludon|Stamina|boost\n|-boost|p2a: Archaludon|def|1\n|-resisted|p2a: Archaludon|1\n|-damage|p2a: Archaludon|19/100\n|-ability|p2a: Archaludon|Stamina|boost\n|-boost|p2a: Archaludon|def|1\n|-hitcount|p2a: Archaludon|2\n|move|p2a: Archaludon|Flash Cannon|p1a: Tyranitar\n|-activate|p1a: Tyranitar|move: Protect\n|\n|-weather|Sandstorm|[upkeep]\n|-damage|p1b: Kangaskhan|76/100|[from] Sandstorm\n|-damage|p1a: Tyranitar|30/100 brn|[from] brn\n|upkeep\n|turn|9\n|c|\u2606Elemelons97|So glad this thing lost BP\n|\n|t:|1775940117\n|move|p1b: Kangaskhan|Last Resort|p2a: Archaludon\n|-resisted|p2a: Archaludon|1\n|-damage|p2a: Archaludon|9/100\n|-ability|p2a: Archaludon|Stamina|boost\n|-boost|p2a: Archaludon|def|1\n|-resisted|p2a: Archaludon|1\n|-damage|p2a: Archaludon|8/100\n|-hitcount|p2a: Archaludon|2\n|move|p2a: Archaludon|Flash Cannon|p1b: Kangaskhan\n|-damage|p1b: Kangaskhan|35/100\n|move|p1a: Tyranitar|Knock Off|p2a: Archaludon\n|-damage|p2a: Archaludon|3/100\n|\n|-weather|none\n|-damage|p1a: Tyranitar|24/100 brn|[from] brn\n|upkeep\n|turn|10\n|\n|t:|1775940130\n|move|p1b: Kangaskhan|Last Resort|p2a: Archaludon\n|-resisted|p2a: Archaludon|1\n|-damage|p2a: Archaludon|0 fnt\n|faint|p2a: Archaludon\n|-hitcount|p2: Archaludon|1\n|\n|win|Elemelons97\n|raw|Elemelons97's rating: 1000 &rarr; <strong>1042</strong><br />(+42 for winning)\n|raw|DoubleScroll181's rating: 1016 &rarr; <strong>1003</strong><br />(-13 for losing)\n|c|\u2606DoubleScroll181|gg\n|c|\u2606Elemelons97|Gg\n|l|\u2606DoubleScroll181\n|player|p2|\n",
  "uploadtime": 1775940141,
  "views": 14,
  "formatid": "gen9championsvgc2026regma",
  "rating": 1003,
  "private": 0,
  "password": null
}