{
  "id": "gen9championsvgc2026regma-2580582179",
  "format": "[Gen 9 Champions] VGC 2026 Reg M-A",
  "players": [
    "testGen",
    "25th_mang"
  ],
  "log": "|j|\u2606testGen\n|j|\u260625th_mang\n|t:|1775915172\n|gametype|doubles\n|player|p1|testGen|169|1049\n|player|p2|25th_mang|ballguy|1147\n|gen|9\n|tier|[Gen 9 Champions] VGC 2026 Reg M-A\n|rated|\n|rule|Species Clause: Limit one of each Pok\u00e9mon\n|rule|Item Clause: Limit 1 of each item\n|clearpoke\n|poke|p1|Charizard, L50, F|\n|poke|p1|Incineroar, L50, M|\n|poke|p1|Basculegion, L50, M|\n|poke|p1|Sneasler, L50, F|\n|poke|p1|Venusaur, L50, F|\n|poke|p1|Garchomp, L50, M|\n|poke|p2|Crabominable, L50, F|\n|poke|p2|Farigiraf, L50, F|\n|poke|p2|Incineroar, L50, F|\n|poke|p2|Archaludon, L50, F|\n|poke|p2|Pelipper, L50, F|\n|poke|p2|Sinistcha, L50|\n|teampreview|4\n|inactive|Battle timer is ON: inactive players will automatically lose when time's up. (requested by 25th_mang)\n|inactive|testGen has 60 seconds left.\n|inactive|testGen has 30 seconds left.\n|inactive|testGen has 20 seconds left.\n|inactive|testGen has 15 seconds left.\n|inactive|testGen has 10 seconds left.\n|inactive|testGen has 5 seconds left.\n|\n|t:|1775915262\n|teamsize|p1|4\n|teamsize|p2|4\n|start\n|switch|p1a: Garchomp|Garchomp, L50, M|100/100\n|switch|p1b: Incineroar|Incineroar, L50, M|100/100\n|switch|p2a: Flip|Farigiraf, L50, F|100/100\n|switch|p2b: Roar|Incineroar, L50, F|100/100\n|-ability|p1b: Incineroar|Intimidate|boost\n|-unboost|p2a: Flip|atk|1\n|-unboost|p2b: Roar|atk|1\n|-ability|p2b: Roar|Intimidate|boost\n|-unboost|p1a: Garchomp|atk|1\n|-unboost|p1b: Incineroar|atk|1\n|turn|1\n|inactive|25th_mang has 30 seconds left.\n|inactive|25th_mang has 20 seconds left.\n|\n|t:|1775915299\n|move|p2b: Roar|Fake Out|p1a: Garchomp\n|-damage|p1a: Garchomp|92/100\n|-damage|p2b: Roar|88/100|[from] ability: Rough Skin|[of] p1a: Garchomp\n|cant|p1a: Garchomp|flinch\n|move|p1b: Incineroar|Throat Chop|p2a: Flip\n|-supereffective|p2a: Flip|1\n|-damage|p2a: Flip|59/100\n|-start|p2a: Flip|Throat Chop|[silent]\n|move|p2a: Flip|Trick Room|p2a: Flip\n|-fieldstart|move: Trick Room|[of] p2a: Flip\n|\n|upkeep\n|turn|2\n|inactive|testGen has 30 seconds left.\n|inactive|25th_mang has 30 seconds left.\n|inactive|testGen has 20 seconds left.\n|inactive|testGen has 15 seconds left.\n|inactive|testGen has 10 seconds left.\n|\n|t:|1775915348\n|move|p2a: Flip|Helping Hand|p2b: Roar\n|-singleturn|p2b: Roar|Helping Hand|[of] p2a: Flip\n|move|p2b: Roar|Darkest Lariat|p1a: Garchomp\n|-damage|p1a: Garchomp|54/100\n|-damage|p2b: Roar|76/100|[from] ability: Rough Skin|[of] p1a: Garchomp\n|move|p1b: Incineroar|Throat Chop|p2a: Flip\n|-supereffective|p2a: Flip|1\n|-damage|p2a: Flip|23/100\n|move|p1a: Garchomp|Rock Slide|p2b: Roar|[spread] p2a,p2b\n|-supereffective|p2b: Roar|1\n|-damage|p2a: Flip|11/100\n|-damage|p2b: Roar|52/100\n|\n|-end|p2a: Flip|Throat Chop|[silent]\n|upkeep\n|turn|3\n|inactive|testGen has 30 seconds left.\n|inactive|testGen has 20 seconds left.\n|inactive|testGen has 15 seconds left.\n|inactive|testGen has 10 seconds left.\n|\n|t:|1775915397\n|switch|p2a: My Direction|Sinistcha, L50|100/100\n|-heal|p2b: Roar|77/100|[from] ability: Hospitality|[of] p2a: My Direction\n|switch|p1a: Charizard|Charizard, L50, F|100/100\n|move|p2b: Roar|Darkest Lariat|p1a: Charizard\n|-damage|p1a: Charizard|65/100\n|move|p1b: Incineroar|Throat Chop|p2a: My Direction\n|-supereffective|p2a: My Direction|1\n|-damage|p2a: My Direction|62/100\n|-start|p2a: My Direction|Throat Chop|[silent]\n|\n|upkeep\n|turn|4\n|inactive|25th_mang has 30 seconds left.\n|inactive|25th_mang has 20 seconds left.\n|\n|t:|1775915435\n|switch|p2b: Flip|Farigiraf, L50, F|11/100\n|detailschange|p1a: Charizard|Charizard-Mega-Y, L50, F\n|-mega|p1a: Charizard|Charizard|Charizardite Y\n|-weather|SunnyDay|[from] ability: Drought|[of] p1a: Charizard\n|move|p1a: Charizard|Protect|p1a: Charizard\n|-singleturn|p1a: Charizard|Protect\n|move|p2a: My Direction|Life Dew|p2a: My Direction|[spread] p2a,p2b\n|-heal|p2a: My Direction|88/100\n|-heal|p2b: Flip|36/100\n|move|p1b: Incineroar|Flare Blitz|p2a: My Direction\n|-supereffective|p2a: My Direction|1\n|-damage|p2a: My Direction|3/100\n|-enditem|p2a: My Direction|Sitrus Berry|[eat]\n|-heal|p2a: My Direction|28/100|[from] item: Sitrus Berry\n|-damage|p1b: Incineroar|76/100|[from] Recoil\n|\n|-weather|SunnyDay|[upkeep]\n|-end|p2a: My Direction|Throat Chop|[silent]\n|upkeep\n|turn|5\n|inactive|testGen has 30 seconds left.\n|inactive|25th_mang has 30 seconds left.\n|inactive|testGen has 20 seconds left.\n|inactive|25th_mang has 20 seconds left.\n|inactive|testGen has 15 seconds left.\n|inactive|testGen has 10 seconds left.\n|inactive|testGen has 5 seconds left.\n|\n|t:|1775915489\n|switch|p2b: Roar|Incineroar, L50, F|77/100\n|-ability|p2b: Roar|Intimidate|boost\n|-unboost|p1a: Charizard|atk|1\n|-unboost|p1b: Incineroar|atk|1\n|move|p1a: Charizard|Protect||[still]\n|-fail|p1a: Charizard\n|move|p2a: My Direction|Life Dew|p2a: My Direction|[spread] p2a,p2b\n|-heal|p2a: My Direction|53/100\n|-heal|p2b: Roar|100/100\n|move|p1b: Incineroar|Throat Chop|p2b: Roar\n|-resisted|p2b: Roar|1\n|-damage|p2b: Roar|93/100\n|-start|p2b: Roar|Throat Chop|[silent]\n|\n|-weather|SunnyDay|[upkeep]\n|-fieldend|move: Trick Room\n|upkeep\n|turn|6\n|inactive|testGen has 30 seconds left.\n|\n|t:|1775915519\n|move|p1a: Charizard|Protect|p1a: Charizard\n|-singleturn|p1a: Charizard|Protect\n|move|p2b: Roar|Fake Out|p1a: Charizard\n|-activate|p1a: Charizard|move: Protect\n|move|p1b: Incineroar|Flare Blitz|p2a: My Direction\n|-supereffective|p2a: My Direction|1\n|-damage|p2a: My Direction|0 fnt\n|faint|p2a: My Direction\n|-damage|p1b: Incineroar|60/100|[from] Recoil\n|\n|-weather|SunnyDay|[upkeep]\n|-end|p2b: Roar|Throat Chop|[silent]\n|upkeep\n|\n|t:|1775915531\n|switch|p2a: Flip|Farigiraf, L50, F|36/100\n|turn|7\n|\n|t:|1775915541\n|move|p2a: Flip|Helping Hand|p2b: Roar\n|-singleturn|p2b: Roar|Helping Hand|[of] p2a: Flip\n|move|p1a: Charizard|Heat Wave|p2b: Roar|[spread] p2a,p2b\n|-resisted|p2b: Roar|1\n|-damage|p2a: Flip|0 fnt\n|-damage|p2b: Roar|62/100\n|faint|p2a: Flip\n|move|p1b: Incineroar|Throat Chop|p2b: Roar\n|-resisted|p2b: Roar|1\n|-damage|p2b: Roar|54/100\n|-start|p2b: Roar|Throat Chop|[silent]\n|move|p2b: Roar|Darkest Lariat|p1a: Charizard\n|-damage|p1a: Charizard|0 fnt\n|faint|p1a: Charizard\n|\n|-weather|SunnyDay|[upkeep]\n|upkeep\n|\n|t:|1775915559\n|switch|p1a: Sneasler|Sneasler, L50, F|100/100\n|switch|p2a: Hockey Reference|Crabominable, L50, F|100/100\n|turn|8\n|\n|t:|1775915582\n|move|p2a: Hockey Reference|Protect|p2a: Hockey Reference\n|-singleturn|p2a: Hockey Reference|Protect\n|move|p1a: Sneasler|Close Combat|p2a: Hockey Reference\n|-activate|p2a: Hockey Reference|move: Protect\n|move|p1b: Incineroar|Flare Blitz|p2a: Hockey Reference\n|-activate|p2a: Hockey Reference|move: Protect\n|move|p2b: Roar|Flare Blitz|p1a: Sneasler\n|-damage|p1a: Sneasler|0 fnt\n|faint|p1a: Sneasler\n|-damage|p2b: Roar|26/100|[from] Recoil\n|\n|-weather|none\n|-end|p2b: Roar|Throat Chop|[silent]\n|upkeep\n|\n|t:|1775915598\n|switch|p1a: Garchomp|Garchomp, L50, M|54/100\n|turn|9\n|\n|t:|1775915619\n|detailschange|p2a: Hockey Reference|Crabominable-Mega, L50, F\n|-mega|p2a: Hockey Reference|Crabominable|Crabominite\n|move|p1a: Garchomp|Rock Slide|p2b: Roar|[spread] p2a,p2b\n|-supereffective|p2b: Roar|1\n|-damage|p2a: Hockey Reference|86/100\n|-damage|p2b: Roar|0 fnt\n|faint|p2b: Roar\n|move|p1b: Incineroar|Flare Blitz|p2a: Hockey Reference\n|-supereffective|p2a: Hockey Reference|1\n|-damage|p2a: Hockey Reference|43/100\n|-damage|p1b: Incineroar|47/100|[from] Recoil\n|-enditem|p1b: Incineroar|Sitrus Berry|[eat]\n|-heal|p1b: Incineroar|71/100|[from] item: Sitrus Berry\n|move|p2a: Hockey Reference|Drain Punch|p1b: Incineroar\n|-supereffective|p1b: Incineroar|1\n|-crit|p1b: Incineroar\n|-damage|p1b: Incineroar|0 fnt\n|-heal|p2a: Hockey Reference|79/100|[from] drain|[of] p1b: Incineroar\n|faint|p1b: Incineroar\n|\n|upkeep\n|turn|10\n|\n|t:|1775915639\n|move|p1a: Garchomp|Rock Slide|p2a: Hockey Reference\n|-damage|p2a: Hockey Reference|59/100\n|move|p2a: Hockey Reference|Ice Hammer|p1a: Garchomp\n|-supereffective|p1a: Garchomp|2\n|-damage|p1a: Garchomp|0 fnt\n|-unboost|p2a: Hockey Reference|spe|1\n|-damage|p2a: Hockey Reference|47/100|[from] ability: Rough Skin|[of] p1a: Garchomp\n|faint|p1a: Garchomp\n|\n|win|25th_mang\n|raw|testGen's rating: 1049 &rarr; <strong>1036</strong><br />(-13 for losing)\n|raw|25th_mang's rating: 1147 &rarr; <strong>1165</strong><br />(+18 for winning)\n|l|\u2606testGen\n|player|p1|\n",
  "uploadtime": 1775915668,
  "views": 11,
  "formatid": "gen9championsvgc2026regma",
  "rating": 1036,
  "private": 0,
  "password": null
}