{
  "id": "gen9championsvgc2026regma-2580746865",
  "format": "[Gen 9 Champions] VGC 2026 Reg M-A",
  "players": [
    "sirgib",
    "Alaskan_fisher"
  ],
  "log": "|j|\u2606sirgib\n|j|\u2606Alaskan_fisher\n|t:|1775929147\n|gametype|doubles\n|player|p1|sirgib|fisherman-gen4|1122\n|player|p2|Alaskan_fisher|1|1183\n|gen|9\n|tier|[Gen 9 Champions] VGC 2026 Reg M-A\n|rated|\n|rule|Species Clause: Limit one of each Pok\u00e9mon\n|rule|Item Clause: Limit 1 of each item\n|clearpoke\n|poke|p1|Aerodactyl, L50, M|\n|poke|p1|Ceruledge, L50, M|\n|poke|p1|Quaquaval, L50, M|\n|poke|p1|Floette-Eternal, L50, F|\n|poke|p1|Rotom-Mow, L50|\n|poke|p1|Lucario, L50, F|\n|poke|p2|Charizard, L50, M|\n|poke|p2|Garchomp, L50, M|\n|poke|p2|Incineroar, L50, F|\n|poke|p2|Whimsicott, L50, M|\n|poke|p2|Rotom-Wash, L50|\n|poke|p2|Sneasler, L50, F|\n|teampreview|4\nAlaskan_fisher has agreed to open team sheets.\n|\n|t:|1775929203\n|teamsize|p1|4\n|teamsize|p2|4\n|start\n|switch|p1a: Aerodactyl|Aerodactyl, L50, M|100/100\n|switch|p1b: Rotom|Rotom-Mow, L50|100/100\n|switch|p2a: Garchomp|Garchomp, L50, M|100/100\n|switch|p2b: Rotom|Rotom-Wash, L50|100/100\n|-ability|p1a: Aerodactyl|Unnerve\n|turn|1\n|\n|t:|1775929243\n|move|p2a: Garchomp|Dragon Claw|p1b: Rotom\n|-damage|p1b: Rotom|49/100\n|move|p1b: Rotom|Leaf Storm|p2b: Rotom\n|-supereffective|p2b: Rotom|1\n|-damage|p2b: Rotom|0 fnt\n|-unboost|p1b: Rotom|spa|2\n|faint|p2b: Rotom\n|move|p1a: Aerodactyl|Tailwind|p1a: Aerodactyl\n|-sidestart|p1: sirgib|move: Tailwind\n|\n|upkeep\n|\n|t:|1775929255\n|switch|p2b: Sneasler|Sneasler, L50, F|100/100\n|turn|2\n|\n|t:|1775929264\n|move|p2b: Sneasler|Fake Out|p1a: Aerodactyl\n|-resisted|p1a: Aerodactyl|1\n|-damage|p1a: Aerodactyl|88/100\n|move|p1b: Rotom|Leaf Storm|p2a: Garchomp\n|-damage|p2a: Garchomp|64/100\n|-unboost|p1b: Rotom|spa|2\n|cant|p1a: Aerodactyl|flinch\n|move|p2a: Garchomp|Dragon Claw|p1a: Aerodactyl\n|-damage|p1a: Aerodactyl|28/100\n|\n|upkeep\n|turn|3\n|\n|t:|1775929282\n|move|p2b: Sneasler|Protect|p2b: Sneasler\n|-singleturn|p2b: Sneasler|Protect\n|move|p1b: Rotom|Leaf Storm|p2a: Garchomp|[miss]\n|-miss|p1b: Rotom|p2a: Garchomp\n|move|p1a: Aerodactyl|Dual Wingbeat|p2b: Sneasler\n|-activate|p2b: Sneasler|move: Protect\n|move|p2a: Garchomp|Dragon Claw|p1a: Aerodactyl\n|-damage|p1a: Aerodactyl|0 fnt\n|faint|p1a: Aerodactyl\n|\n|upkeep\n|\n|t:|1775929289\n|switch|p1a: Quaquaval|Quaquaval, L50, M|100/100\n|turn|4\n|\n|t:|1775929301\n|switch|p1b: Floette|Floette-Eternal, L50, F|100/100\n|switch|p2a: Charizard|Charizard, L50, M|100/100\n|move|p1a: Quaquaval|Aqua Step|p2b: Sneasler\n|-damage|p2b: Sneasler|29/100\n|-boost|p1a: Quaquaval|spe|1\n|move|p2b: Sneasler|Dire Claw|p1a: Quaquaval\n|-damage|p1a: Quaquaval|40/100\n|-status|p1a: Quaquaval|slp\n|\n|-sideend|p1: sirgib|move: Tailwind\n|upkeep\n|turn|5\n|\n|t:|1775929345\n|detailschange|p2a: Charizard|Charizard-Mega-Y, L50, M\n|-mega|p2a: Charizard|Charizard|Charizardite Y\n|-weather|SunnyDay|[from] ability: Drought|[of] p2a: Charizard\n|detailschange|p1b: Floette|Floette-Mega, L50, F\n|-mega|p1b: Floette|Floette|Floettite\n|-ability|p1b: Floette|Fairy Aura\n|cant|p1a: Quaquaval|slp\n|move|p2b: Sneasler|Dire Claw|p1a: Quaquaval\n|-damage|p1a: Quaquaval|0 fnt\n|faint|p1a: Quaquaval\n|move|p1b: Floette|Dazzling Gleam|p2a: Charizard|[spread] p2a,p2b\n|-resisted|p2a: Charizard|1\n|-damage|p2a: Charizard|73/100\n|-damage|p2b: Sneasler|0 fnt\n|faint|p2b: Sneasler\n|move|p2a: Charizard|Overheat|p1b: Floette\n|-damage|p1b: Floette|0 fnt\n|-unboost|p2a: Charizard|spa|2\n|faint|p1b: Floette\n|\n|-weather|SunnyDay|[upkeep]\n|upkeep\n|-message|sirgib forfeited.\n|\n|win|Alaskan_fisher\n|raw|sirgib's rating: 1122 &rarr; <strong>1101</strong><br />(-21 for losing)\n|raw|Alaskan_fisher's rating: 1183 &rarr; <strong>1204</strong><br />(+21 for winning)\n|l|\u2606sirgib\n|player|p1|\n",
  "uploadtime": 1775929366,
  "views": 32,
  "formatid": "gen9championsvgc2026regma",
  "rating": 1101,
  "private": 0,
  "password": null
}