{
  "id": "gen9championsvgc2026regma-2582492967",
  "format": "[Gen 9 Champions] VGC 2026 Reg M-A",
  "players": [
    "Absback910",
    "Pegassin"
  ],
  "log": "|j|\u2606Absback910\n|j|\u203dPegassin\n|t:|1776095193\n|gametype|doubles\n|player|p1|Absback910|170|1147\n|player|p2|Pegassin|170|1074\n|gen|9\n|tier|[Gen 9 Champions] VGC 2026 Reg M-A\n|rated|\n|rule|Species Clause: Limit one of each Pok\u00e9mon\n|rule|Item Clause: Limit 1 of each item\n|clearpoke\n|poke|p1|Gengar, L50, M|\n|poke|p1|Palafin, L50, F|\n|poke|p1|Sneasler, L50, F|\n|poke|p1|Rotom-Mow, L50|\n|poke|p1|Incineroar, L50, M|\n|poke|p1|Politoed, L50, F|\n|poke|p2|Floette-Eternal, L50, F|\n|poke|p2|Aerodactyl, L50, F|\n|poke|p2|Primarina, L50, M|\n|poke|p2|Maushold, L50|\n|poke|p2|Garchomp, L50, F|\n|poke|p2|Incineroar, L50, F|\n|teampreview|4\n|inactive|Battle timer is ON: inactive players will automatically lose when time's up. (requested by Absback910)\n|\n|t:|1776095224\n|teamsize|p1|4\n|teamsize|p2|4\n|start\n|switch|p1a: Gengar|Gengar, L50, M, shiny|100/100\n|switch|p1b: Palafin|Palafin, L50, F|100/100\n|switch|p2a: Aerodactyl|Aerodactyl, L50, F|100/100\n|switch|p2b: Maushold|Maushold, L50|100/100\n|-ability|p2a: Aerodactyl|Unnerve\n|turn|1\n|\n|t:|1776095239\n|detailschange|p1a: Gengar|Gengar-Mega, L50, M, shiny\n|-mega|p1a: Gengar|Gengar|Gengarite\n|move|p2b: Maushold|Follow Me|p2b: Maushold\n|-singleturn|p2b: Maushold|move: Follow Me\n|move|p1a: Gengar|Perish Song|p1a: Gengar\n|-start|p1a: Gengar|perish3|[silent]\n|-start|p1b: Palafin|perish3|[silent]\n|-start|p2a: Aerodactyl|perish3|[silent]\n|-start|p2b: Maushold|perish3|[silent]\n|-fieldactivate|move: Perish Song\n|move|p2a: Aerodactyl|Tailwind|p2a: Aerodactyl\n|-sidestart|p2: Pegassin|move: Tailwind\n|move|p1b: Palafin|Flip Turn|p2b: Maushold\n|-damage|p2b: Maushold|67/100\n|\n|t:|1776095249\n|detailschange|p1b: Palafin|Palafin-Hero, L50, F\n|switch|p1b: Incineroar|Incineroar, L50, M, shiny|100/100|[from] Flip Turn\n|-ability|p1b: Incineroar|Intimidate|boost\n|-unboost|p2a: Aerodactyl|atk|1\n|-unboost|p2b: Maushold|atk|1\n|\n|-start|p2a: Aerodactyl|perish3\n|-start|p2b: Maushold|perish3\n|-start|p1a: Gengar|perish3\n|upkeep\n|turn|2\n|\n|t:|1776095263\n|move|p2a: Aerodactyl|Protect|p2a: Aerodactyl\n|-singleturn|p2a: Aerodactyl|Protect\n|move|p1b: Incineroar|Fake Out|p2a: Aerodactyl\n|-activate|p2a: Aerodactyl|move: Protect\n|move|p2b: Maushold|Super Fang|p1b: Incineroar\n|-damage|p1b: Incineroar|51/100\n|move|p1a: Gengar|Disable|p2b: Maushold\n|-start|p2b: Maushold|Disable|Super Fang\n|\n|-start|p2a: Aerodactyl|perish2\n|-start|p2b: Maushold|perish2\n|-start|p1a: Gengar|perish2\n|upkeep\n|turn|3\n|\n|t:|1776095282\n|switch|p1b: Politoed|Politoed, L50, F|100/100\n|-weather|RainDance|[from] ability: Drizzle|[of] p1b: Politoed\n|move|p2b: Maushold|Helping Hand|p2a: Aerodactyl\n|-singleturn|p2a: Aerodactyl|Helping Hand|[of] p2b: Maushold\n|move|p1a: Gengar|Protect|p1a: Gengar\n|-singleturn|p1a: Gengar|Protect\n|move|p2a: Aerodactyl|Rock Slide|p1a: Gengar|[spread] p1b\n|-activate|p1a: Gengar|move: Protect\n|-damage|p1b: Politoed|72/100\n|\n|-weather|RainDance|[upkeep]\n|-start|p2a: Aerodactyl|perish1\n|-start|p2b: Maushold|perish1\n|-start|p1a: Gengar|perish1\n|upkeep\n|turn|4\n|\n|t:|1776095303\n|switch|p1a: Incineroar|Incineroar, L50, M, shiny|51/100\n|-ability|p1a: Incineroar|Intimidate|boost\n|-unboost|p2a: Aerodactyl|atk|1\n|-unboost|p2b: Maushold|atk|1\n|move|p2b: Maushold|Helping Hand|p2a: Aerodactyl\n|-singleturn|p2a: Aerodactyl|Helping Hand|[of] p2b: Maushold\n|move|p1b: Politoed|Protect|p1b: Politoed\n|-singleturn|p1b: Politoed|Protect\n|move|p2a: Aerodactyl|Rock Slide|p1b: Politoed|[spread] p1a\n|-activate|p1b: Politoed|move: Protect\n|-supereffective|p1a: Incineroar|1\n|-damage|p1a: Incineroar|17/100\n|\n|-weather|RainDance|[upkeep]\n|-start|p2a: Aerodactyl|perish0\n|-start|p2b: Maushold|perish0\n|-sideend|p2: Pegassin|move: Tailwind\n|faint|p2a: Aerodactyl\n|faint|p2b: Maushold\n|upkeep\n|-enditem|p1a: Incineroar|Sitrus Berry|[eat]\n|-heal|p1a: Incineroar|42/100|[from] item: Sitrus Berry\n|\n|t:|1776095312\n|switch|p2a: Incineroar|Incineroar, L50, F|100/100\n|switch|p2b: Garchomp|Garchomp, L50, F|100/100\n|-ability|p2a: Incineroar|Intimidate|boost\n|-unboost|p1a: Incineroar|atk|1\n|-unboost|p1b: Politoed|atk|1\n|turn|5\n|\n|t:|1776095332\n|move|p1a: Incineroar|Fake Out|p2b: Garchomp\n|-damage|p2b: Garchomp|93/100\n|-damage|p1a: Incineroar|29/100|[from] ability: Rough Skin|[of] p2b: Garchomp\n|move|p2a: Incineroar|Fake Out|p1b: Politoed\n|-damage|p1b: Politoed|56/100\n|cant|p2b: Garchomp|flinch\n|cant|p1b: Politoed|flinch\n|\n|-weather|RainDance|[upkeep]\n|upkeep\n|turn|6\n|\n|t:|1776095347\n|switch|p1a: Palafin|Palafin-Hero, L50, F|100/100\n|-activate|p1a: Palafin|ability: Zero to Hero\n|move|p2b: Garchomp|Stomping Tantrum|p1a: Palafin\n|-damage|p1a: Palafin|16/100\n|move|p1b: Politoed|Perish Song|p1b: Politoed\n|-start|p1a: Palafin|perish3|[silent]\n|-start|p1b: Politoed|perish3|[silent]\n|-start|p2a: Incineroar|perish3|[silent]\n|-start|p2b: Garchomp|perish3|[silent]\n|-fieldactivate|move: Perish Song\n|move|p2a: Incineroar|Throat Chop|p1b: Politoed\n|-damage|p1b: Politoed|11/100\n|-start|p1b: Politoed|Throat Chop|[silent]\n|\n|-weather|RainDance|[upkeep]\n|-start|p2b: Garchomp|perish3\n|-start|p1a: Palafin|perish3\n|-start|p1b: Politoed|perish3\n|-start|p2a: Incineroar|perish3\n|upkeep\n|turn|7\n|\n|t:|1776095365\n|move|p1a: Palafin|Protect|p1a: Palafin\n|-singleturn|p1a: Palafin|Protect\n|move|p1b: Politoed|Protect|p1b: Politoed\n|-singleturn|p1b: Politoed|Protect\n|move|p2b: Garchomp|Stomping Tantrum|p1b: Politoed\n|-activate|p1b: Politoed|move: Protect\n|move|p2a: Incineroar|Throat Chop|p1a: Palafin\n|-activate|p1a: Palafin|move: Protect\n|\n|-weather|none\n|-end|p1b: Politoed|Throat Chop|[silent]\n|-start|p2b: Garchomp|perish2\n|-start|p1a: Palafin|perish2\n|-start|p1b: Politoed|perish2\n|-start|p2a: Incineroar|perish2\n|upkeep\n|turn|8\n|\n|t:|1776095387\n|switch|p1a: Incineroar|Incineroar, L50, M, shiny|29/100\n|-ability|p1a: Incineroar|Intimidate|boost\n|-unboost|p2a: Incineroar|atk|1\n|-unboost|p2b: Garchomp|atk|1\n|-enditem|p2b: Garchomp|White Herb\n|-clearnegativeboost|p2b: Garchomp|[silent]\n|switch|p1b: Gengar|Gengar-Mega, L50, M, shiny|100/100\n|move|p2b: Garchomp|Stomping Tantrum|p1b: Gengar\n|-supereffective|p1b: Gengar|1\n|-damage|p1b: Gengar|2/100\n|move|p2a: Incineroar|Throat Chop|p1a: Incineroar\n|-resisted|p1a: Incineroar|1\n|-damage|p1a: Incineroar|17/100\n|-start|p1a: Incineroar|Throat Chop|[silent]\n|\n|-start|p2b: Garchomp|perish1\n|-start|p2a: Incineroar|perish1\n|upkeep\n|turn|9\n|\n|t:|1776095407\n|switch|p1a: Politoed|Politoed, L50, F|11/100\n|-weather|RainDance|[from] ability: Drizzle|[of] p1a: Politoed\n|move|p1b: Gengar|Protect|p1b: Gengar\n|-singleturn|p1b: Gengar|Protect\n|move|p2b: Garchomp|Earthquake|p1a: Politoed|[spread] p2a,p1a\n|-activate|p1b: Gengar|move: Protect\n|-supereffective|p2a: Incineroar|1\n|-crit|p1a: Politoed\n|-damage|p2a: Incineroar|25/100\n|-damage|p1a: Politoed|0 fnt\n|-enditem|p2a: Incineroar|Sitrus Berry|[eat]\n|-heal|p2a: Incineroar|50/100|[from] item: Sitrus Berry\n|faint|p1a: Politoed\n|move|p2a: Incineroar|Throat Chop|p1b: Gengar\n|-activate|p1b: Gengar|move: Protect\n|\n|-weather|RainDance|[upkeep]\n|-start|p2b: Garchomp|perish0\n|-start|p2a: Incineroar|perish0\n|faint|p2b: Garchomp\n|faint|p2a: Incineroar\n|\n|win|Absback910\n|raw|Absback910's rating: 1147 &rarr; <strong>1167</strong><br />(+20 for winning)\n|raw|Pegassin's rating: 1074 &rarr; <strong>1057</strong><br />(-17 for losing)\n",
  "uploadtime": 1776095407,
  "views": 8,
  "formatid": "gen9championsvgc2026regma",
  "rating": 1057,
  "private": 0,
  "password": null
}