{
  "id": "gen9championsvgc2026regma-2586745371",
  "format": "[Gen 9 Champions] VGC 2026 Reg M-A",
  "players": [
    "askeru",
    "mxbeat"
  ],
  "log": "|j|\u2606askeru\n|j|\u2606mxbeat\n|t:|1776456587\n|gametype|doubles\n|player|p1|askeru|aromalady|1004\n|player|p2|mxbeat|hilbert-wonderlauncher|1103\n|gen|9\n|tier|[Gen 9 Champions] VGC 2026 Reg M-A\n|rated|\n|rule|Species Clause: Limit one of each Pok\u00e9mon\n|rule|Item Clause: Limit 1 of each item\n|clearpoke\n|poke|p1|Gardevoir, L50, F|\n|poke|p1|Ninetales-Alola, L50, M|\n|poke|p1|Corviknight, L50, F|\n|poke|p1|Sneasler, L50, M|\n|poke|p1|Umbreon, L50, F|\n|poke|p1|Clefable, L50, M|\n|poke|p2|Meowscarada, L50, F|\n|poke|p2|Alakazam, L50, F|\n|poke|p2|Arcanine, L50, M|\n|poke|p2|Glaceon, L50, M|\n|poke|p2|Skeledirge, L50, M|\n|poke|p2|Heracross, L50, M|\n|teampreview|4\n|\n|t:|1776456633\n|teamsize|p1|4\n|teamsize|p2|4\n|start\n|switch|p1a: Ninetales|Ninetales-Alola, L50, M|100/100\n|switch|p1b: Corviknight|Corviknight, L50, F|100/100\n|switch|p2a: Skeledirge|Skeledirge, L50, M|100/100\n|switch|p2b: Alakazam|Alakazam, L50, F|100/100\n|-weather|Snowscape|[from] ability: Snow Warning|[of] p1a: Ninetales\n|turn|1\n|\n|t:|1776456657\n|move|p2b: Alakazam|Psychic|p1a: Ninetales\n|-damage|p1a: Ninetales|41/100\n|move|p1a: Ninetales|Aurora Veil|p1a: Ninetales\n|-sidestart|p1: askeru|move: Aurora Veil\n|move|p1b: Corviknight|Tailwind|p1b: Corviknight\n|-sidestart|p1: askeru|move: Tailwind\n|move|p2a: Skeledirge|Torch Song|p1b: Corviknight\n|-supereffective|p1b: Corviknight|1\n|-enditem|p1b: Corviknight|Occa Berry|[eat]\n|-enditem|p1b: Corviknight|Occa Berry|[weaken]\n|-damage|p1b: Corviknight|74/100\n|-boost|p2a: Skeledirge|spa|1\n|\n|-weather|Snowscape|[upkeep]\n|upkeep\n|turn|2\n|\n|t:|1776456702\n|switch|p1b: Umbreon|Umbreon, L50, F|100/100\n|move|p1a: Ninetales|Nasty Plot|p1a: Ninetales\n|-boost|p1a: Ninetales|spa|2\n|move|p2b: Alakazam|Psychic|p1b: Umbreon\n|-immune|p1b: Umbreon\n|move|p2a: Skeledirge|Torch Song|p1b: Umbreon\n|-damage|p1b: Umbreon|74/100\n|-boost|p2a: Skeledirge|spa|1\n|\n|-weather|Snowscape|[upkeep]\n|-heal|p1b: Umbreon|80/100|[from] item: Leftovers\n|upkeep\n|turn|3\n|\n|t:|1776456733\n|move|p1a: Ninetales|Baton Pass|p1a: Ninetales\n|\n|t:|1776456736\n|switch|p1a: Gardevoir|Gardevoir, L50, F|100/100|[from] Baton Pass\n|-ability|p1a: Gardevoir|Unaware|Trace|[from] ability: Trace|[of] p2a: Skeledirge\n|move|p2b: Alakazam|Focus Blast|p1b: Umbreon\n|-supereffective|p1b: Umbreon|1\n|-damage|p1b: Umbreon|44/100\n|move|p1b: Umbreon|Snarl|p2a: Skeledirge|[spread] p2a,p2b\n|-supereffective|p2a: Skeledirge|1\n|-supereffective|p2b: Alakazam|1\n|-crit|p2b: Alakazam\n|-damage|p2a: Skeledirge|82/100\n|-damage|p2b: Alakazam|60/100\n|-unboost|p2a: Skeledirge|spa|1\n|-unboost|p2b: Alakazam|spa|1\n|move|p2a: Skeledirge|Torch Song|p1a: Gardevoir\n|-damage|p1a: Gardevoir|74/100\n|-boost|p2a: Skeledirge|spa|1\n|\n|-weather|Snowscape|[upkeep]\n|-heal|p1b: Umbreon|50/100|[from] item: Leftovers\n|-heal|p2a: Skeledirge|89/100|[from] item: Leftovers\n|upkeep\n|turn|4\n|\n|t:|1776456775\n|detailschange|p1a: Gardevoir|Gardevoir-Mega, L50, F\n|-mega|p1a: Gardevoir|Gardevoir|Gardevoirite\n|move|p1a: Gardevoir|Psychic|p2a: Skeledirge\n|-damage|p2a: Skeledirge|30/100\n|move|p2b: Alakazam|Focus Blast|p1b: Umbreon\n|-supereffective|p1b: Umbreon|1\n|-damage|p1b: Umbreon|25/100\n|move|p1b: Umbreon|Foul Play|p2b: Alakazam\n|-supereffective|p2b: Alakazam|1\n|-damage|p2b: Alakazam|0 fnt\n|faint|p2b: Alakazam\n|move|p2a: Skeledirge|Shadow Ball|p1a: Gardevoir\n|-supereffective|p1a: Gardevoir|1\n|-damage|p1a: Gardevoir|0 fnt\n|faint|p1a: Gardevoir\n|\n|-weather|Snowscape|[upkeep]\n|-heal|p1b: Umbreon|31/100|[from] item: Leftovers\n|-heal|p2a: Skeledirge|37/100|[from] item: Leftovers\n|-sideend|p1: askeru|move: Tailwind\n|upkeep\n|\n|t:|1776456798\n|switch|p2b: Heracross|Heracross, L50, M|100/100\n|switch|p1a: Corviknight|Corviknight, L50, F|74/100\n|turn|5\n|\n|t:|1776456837\n|detailschange|p2b: Heracross|Heracross-Mega, L50, M\n|-mega|p2b: Heracross|Heracross|Heracronite\n|move|p2b: Heracross|Close Combat|p1b: Umbreon\n|-supereffective|p1b: Umbreon|1\n|-damage|p1b: Umbreon|0 fnt\n|-unboost|p2b: Heracross|def|1\n|-unboost|p2b: Heracross|spd|1\n|faint|p1b: Umbreon\n|move|p1a: Corviknight|Brave Bird|p2b: Heracross\n|-supereffective|p2b: Heracross|2\n|-damage|p2b: Heracross|0 fnt\n|faint|p2b: Heracross\n|-damage|p1a: Corviknight|49/100|[from] Recoil\n|move|p2a: Skeledirge|Torch Song|p1a: Corviknight\n|-supereffective|p1a: Corviknight|1\n|-damage|p1a: Corviknight|0 fnt\n|-boost|p2a: Skeledirge|spa|1\n|faint|p1a: Corviknight\n|\n|-weather|none\n|-heal|p2a: Skeledirge|43/100|[from] item: Leftovers\n|-sideend|p1: askeru|move: Aurora Veil\n|upkeep\n|\n|t:|1776456864\n|switch|p2b: Meowscarada|Meowscarada, L50, F|100/100\n|switch|p1b: Ninetales|Ninetales-Alola, L50, M|41/100\n|-weather|Snowscape|[from] ability: Snow Warning|[of] p1b: Ninetales\n|turn|6\n|\n|t:|1776456880\n|move|p2b: Meowscarada|Flower Trick|p1b: Ninetales\n|-crit|p1b: Ninetales\n|-damage|p1b: Ninetales|0 fnt\n|faint|p1b: Ninetales\n|\n|win|mxbeat\n|raw|askeru's rating: 1004 &rarr; <strong>1000</strong><br />(-4 for losing)\n|raw|mxbeat's rating: 1103 &rarr; <strong>1121</strong><br />(+18 for winning)\n|c|\u2606askeru|gg\n",
  "uploadtime": 1776456893,
  "views": 26,
  "formatid": "gen9championsvgc2026regma",
  "rating": 1000,
  "private": 0,
  "password": null
}