{
  "id": "gen9championsvgc2026regma-2584373000",
  "format": "[Gen 9 Champions] VGC 2026 Reg M-A",
  "players": [
    "rubyouo",
    "SpareMePlz"
  ],
  "log": "|j|\u2606rubyouo\n|j|\u2606SpareMePlz\n|t:|1776255886\n|gametype|doubles\n|player|p1|rubyouo|101|1154\n|player|p2|SpareMePlz|169|1228\n|gen|9\n|tier|[Gen 9 Champions] VGC 2026 Reg M-A\n|rated|\n|rule|Species Clause: Limit one of each Pok\u00e9mon\n|rule|Item Clause: Limit 1 of each item\n|clearpoke\n|poke|p1|Chimecho, L50, M|\n|poke|p1|Sinistcha, L50|\n|poke|p1|Tyranitar, L50, M|\n|poke|p1|Incineroar, L50, M|\n|poke|p1|Farigiraf, L50, M|\n|poke|p1|Dragonite, L50, M|\n|poke|p2|Talonflame, L50, F|\n|poke|p2|Kingambit, L50, F|\n|poke|p2|Araquanid, L50, M|\n|poke|p2|Sinistcha, L50|\n|poke|p2|Arcanine-Hisui, L50, F|\n|poke|p2|Floette-Eternal, L50, F|\n|teampreview|4\n|\n|t:|1776255924\n|teamsize|p1|4\n|teamsize|p2|4\n|start\n|switch|p1a: Dragonite|Dragonite, L50, M|100/100\n|switch|p1b: Farigiraf|Farigiraf, L50, M|100/100\n|switch|p2a: Floette|Floette-Eternal, L50, F|100/100\n|switch|p2b: Sinistcha|Sinistcha, L50|100/100\n|turn|1\n|\n|t:|1776255946\n|switch|p1a: Incineroar|Incineroar, L50, M|100/100\n|-ability|p1a: Incineroar|Intimidate|boost\n|-unboost|p2a: Floette|atk|1\n|-block|p2b: Sinistcha|ability: Flower Veil|[of] p2a: Floette\n|detailschange|p2a: Floette|Floette-Mega, L50, F\n|-mega|p2a: Floette|Floette|Floettite\n|-ability|p2a: Floette|Fairy Aura\n|move|p2a: Floette|Calm Mind|p2a: Floette\n|-boost|p2a: Floette|spa|1\n|-boost|p2a: Floette|spd|1\n|move|p2b: Sinistcha|Trick Room|p2b: Sinistcha\n|-fieldstart|move: Trick Room|[of] p2b: Sinistcha\n|move|p1b: Farigiraf|Trick Room|p1b: Farigiraf\n|-fieldend|move: Trick Room\n|\n|upkeep\n|turn|2\n|\n|t:|1776255976\n|switch|p2b: Arcanine|Arcanine-Hisui, L50, F|100/100\n|-ability|p2b: Arcanine|Intimidate|boost\n|-unboost|p1a: Incineroar|atk|1\n|-unboost|p1b: Farigiraf|atk|1\n|move|p2a: Floette|Calm Mind|p2a: Floette\n|-boost|p2a: Floette|spa|1\n|-boost|p2a: Floette|spd|1\n|move|p1a: Incineroar|Flare Blitz|p2b: Arcanine\n|-resisted|p2b: Arcanine|2\n|-damage|p2b: Arcanine|93/100\n|-damage|p1a: Incineroar|98/100|[from] Recoil\n|move|p1b: Farigiraf|Trick Room|p1b: Farigiraf\n|-fieldstart|move: Trick Room|[of] p1b: Farigiraf\n|\n|-heal|p1a: Incineroar|100/100|[from] item: Leftovers\n|upkeep\n|turn|3\n|\n|t:|1776256007\n|move|p1a: Incineroar|Parting Shot|p2a: Floette\n|-unboost|p2a: Floette|atk|1\n|-unboost|p2a: Floette|spa|1\n|\n|t:|1776256021\n|switch|p1a: Dragonite|Dragonite, L50, M|100/100|[from] Parting Shot\n|move|p1b: Farigiraf|Light Screen|p1b: Farigiraf\n|-sidestart|p1: rubyouo|move: Light Screen\n|move|p2b: Arcanine|Power Gem|p1a: Dragonite\n|-supereffective|p1a: Dragonite|1\n|-damage|p1a: Dragonite|62/100\n|move|p2a: Floette|Dazzling Gleam|p1b: Farigiraf|[spread] p1a,p1b\n|-supereffective|p1a: Dragonite|1\n|-damage|p1a: Dragonite|0 fnt\n|-damage|p1b: Farigiraf|56/100\n|faint|p1a: Dragonite\n|\n|upkeep\n|\n|t:|1776256034\n|switch|p1a: Incineroar|Incineroar, L50, M|100/100\n|-ability|p1a: Incineroar|Intimidate|boost\n|-unboost|p2a: Floette|atk|1\n|-unboost|p2b: Arcanine|atk|1\n|turn|4\n|\n|t:|1776256063\n|move|p1a: Incineroar|Parting Shot|p2a: Floette\n|-unboost|p2a: Floette|atk|1\n|-unboost|p2a: Floette|spa|1\n|\n|t:|1776256066\n|switch|p1a: Chimecho|Chimecho, L50, M|100/100|[from] Parting Shot\n|move|p1b: Farigiraf|Reflect|p1b: Farigiraf\n|-sidestart|p1: rubyouo|Reflect\n|move|p2b: Arcanine|Power Gem|p1a: Chimecho\n|-damage|p1a: Chimecho|75/100\n|move|p2a: Floette|Calm Mind|p2a: Floette\n|-boost|p2a: Floette|spa|1\n|-boost|p2a: Floette|spd|1\n|\n|upkeep\n|turn|5\n|\n|t:|1776256091\n|switch|p1b: Incineroar|Incineroar, L50, M|100/100\n|-ability|p1b: Incineroar|Intimidate|boost\n|-unboost|p2a: Floette|atk|1\n|-unboost|p2b: Arcanine|atk|1\n|detailschange|p1a: Chimecho|Chimecho-Mega, L50, M\n|-mega|p1a: Chimecho|Chimecho|Chimechite\n|move|p1a: Chimecho|Calm Mind|p1a: Chimecho\n|-boost|p1a: Chimecho|spa|1\n|-boost|p1a: Chimecho|spd|1\n|move|p2b: Arcanine|Heat Wave|p1b: Incineroar|[spread] p1a,p1b\n|-supereffective|p1a: Chimecho|1\n|-resisted|p1b: Incineroar|1\n|-damage|p1a: Chimecho|53/100\n|-damage|p1b: Incineroar|91/100\n|move|p2a: Floette|Dazzling Gleam|p1b: Incineroar|[spread] p1a,p1b\n|-resisted|p1a: Chimecho|1\n|-damage|p1a: Chimecho|41/100\n|-damage|p1b: Incineroar|50/100\n|\n|-heal|p1b: Incineroar|55/100|[from] item: Leftovers\n|upkeep\n|turn|6\n|\n|t:|1776256134\n|move|p1b: Incineroar|Flare Blitz|p2a: Floette\n|-damage|p2a: Floette|57/100\n|-damage|p1b: Incineroar|43/100|[from] Recoil\n|move|p1a: Chimecho|Stored Power|p2b: Arcanine\n|-damage|p2b: Arcanine|37/100\n|-enditem|p2b: Arcanine|Sitrus Berry|[eat]\n|-heal|p2b: Arcanine|62/100|[from] item: Sitrus Berry\n|move|p2b: Arcanine|Scorching Sands|p1a: Chimecho\n|-immune|p1a: Chimecho|[from] ability: Levitate\n|move|p2a: Floette|Moonblast|p1b: Incineroar\n|-damage|p1b: Incineroar|0 fnt\n|faint|p1b: Incineroar\n|\n|-fieldend|move: Trick Room\n|upkeep\n|\n|t:|1776256151\n|switch|p1b: Farigiraf|Farigiraf, L50, M|56/100\n|turn|7\n|\n|t:|1776256165\n|move|p1a: Chimecho|Protect|p1a: Chimecho\n|-singleturn|p1a: Chimecho|Protect\n|move|p2a: Floette|Moonblast|p1b: Farigiraf\n|-damage|p1b: Farigiraf|0 fnt\n|faint|p1b: Farigiraf\n|move|p2b: Arcanine|Heat Wave|p1a: Chimecho\n|-activate|p1a: Chimecho|move: Protect\n|\n|-sideend|p1: rubyouo|move: Light Screen\n|upkeep\n|turn|8\n|\n|t:|1776256197\n|move|p2a: Floette|Moonblast|p1a: Chimecho\n|-resisted|p1a: Chimecho|1\n|-damage|p1a: Chimecho|10/100\n|move|p2b: Arcanine|Heat Wave|p1a: Chimecho\n|-supereffective|p1a: Chimecho|1\n|-damage|p1a: Chimecho|0 fnt\n|faint|p1a: Chimecho\n|\n|win|SpareMePlz\n|raw|rubyouo's rating: 1154 &rarr; <strong>1134</strong><br />(-20 for losing)\n|raw|SpareMePlz's rating: 1228 &rarr; <strong>1248</strong><br />(+20 for winning)\n|l|\u2606rubyouo\n|player|p1|\n",
  "uploadtime": 1776256208,
  "views": 19,
  "formatid": "gen9championsvgc2026regma",
  "rating": 1134,
  "private": 0,
  "password": null
}