{
  "id": "gen9championsvgc2026regma-2584610072",
  "format": "[Gen 9 Champions] VGC 2026 Reg M-A",
  "players": [
    "Yunobo7",
    "TheColorDown"
  ],
  "log": "|j|\u2606Yunobo7\n|j|\u2606TheColorDown\n|t:|1776271941\n|gametype|doubles\n|player|p1|Yunobo7|miku-ghost|1270\n|player|p2|TheColorDown|265|1214\n|gen|9\n|tier|[Gen 9 Champions] VGC 2026 Reg M-A\n|rated|\n|rule|Species Clause: Limit one of each Pok\u00e9mon\n|rule|Item Clause: Limit 1 of each item\n|clearpoke\n|poke|p1|Delphox, L50, M|\n|poke|p1|Garchomp, L50, M|\n|poke|p1|Rotom-Wash, L50|\n|poke|p1|Kingambit, L50, M|\n|poke|p1|Sneasler, L50, M|\n|poke|p1|Sinistcha, L50|\n|poke|p2|Zoroark-Hisui, L50, F|\n|poke|p2|Delphox, L50, F|\n|poke|p2|Kingambit, L50, F|\n|poke|p2|Sneasler, L50, M|\n|poke|p2|Clefable, L50, F|\n|poke|p2|Dragonite, L50, M|\n|teampreview|4\n|inactive|Battle timer is ON: inactive players will automatically lose when time's up. (requested by Yunobo7)\n|inactive|TheColorDown has 60 seconds left.\n|\n|t:|1776271995\n|teamsize|p1|4\n|teamsize|p2|4\n|start\n|switch|p1a: Sneasler|Sneasler, L50, M|100/100\n|switch|p1b: Rotom|Rotom-Wash, L50|100/100\n|switch|p2a: Kingambit|Kingambit, L50, F|100/100\n|switch|p2b: Sneasler|Sneasler, L50, M|100/100\n|turn|1\n|\n|t:|1776272021\n|move|p2b: Sneasler|Fake Out|p1a: Sneasler\n|-damage|p1a: Sneasler|75/100\n|move|p1b: Rotom|Discharge|p2a: Kingambit|[spread] p1a,p2a,p2b\n|-damage|p1a: Sneasler|32/100\n|-damage|p2a: Kingambit|72/100\n|-damage|p2b: Sneasler|64/100\n|-status|p1a: Sneasler|par\n|-status|p2b: Sneasler|par\n|cant|p1a: Sneasler|flinch\n|move|p2a: Kingambit|Swords Dance|p2a: Kingambit\n|-boost|p2a: Kingambit|atk|2\n|\n|upkeep\n|turn|2\n|inactive|TheColorDown has 30 seconds left.\n|\n|t:|1776272056\n|switch|p1b: Garchomp|Garchomp, L50, M|100/100\n|switch|p2b: Sneasler|Sneasler, L50, M|100/100\n|move|p2a: Kingambit|Sucker Punch|p1a: Sneasler\n|-resisted|p1a: Sneasler|1\n|-damage|p1a: Sneasler|0 fnt\n|faint|p1a: Sneasler\n|\n|upkeep\n|\n|t:|1776272064\n|switch|p1a: Delphox|Delphox, L50, M|100/100\n|turn|3\n|\n|t:|1776272078\n|detailschange|p1a: Delphox|Delphox-Mega, L50, M\n|-mega|p1a: Delphox|Delphox|Delphoxite\n|move|p1b: Garchomp|Protect|p1b: Garchomp\n|-singleturn|p1b: Garchomp|Protect\n|move|p2a: Kingambit|Protect|p2a: Kingambit\n|-singleturn|p2a: Kingambit|Protect\n|move|p2b: Sneasler|Icy Wind|p1a: Delphox|[spread] p1a\n|-activate|p1b: Garchomp|move: Protect\n|-resisted|p1a: Delphox|1\n|-damage|p1a: Delphox|94/100\n|-unboost|p1a: Delphox|spe|1\n|move|p1a: Delphox|Substitute|p1a: Delphox\n|-start|p1a: Delphox|Substitute\n|-damage|p1a: Delphox|69/100\n|\n|upkeep\n|turn|4\n|inactive|TheColorDown has 30 seconds left.\n|inactive|TheColorDown has 20 seconds left.\n|inactive|TheColorDown has 15 seconds left.\n|\n|t:|1776272122\n|switch|p1b: Rotom|Rotom-Wash, L50|100/100\n|move|p2a: Kingambit|Sucker Punch||[still]\n|-fail|p2a: Kingambit\n|move|p2b: Sneasler|Icy Wind|p1b: Rotom|[spread] p1a,p1b\n|-resisted|p1a: Delphox|1\n|-activate|p1a: Delphox|move: Substitute|[damage]\n|-resisted|p1b: Rotom|1\n|-damage|p1b: Rotom|92/100\n|-unboost|p1b: Rotom|spe|1\n|move|p1a: Delphox|Heat Wave|p2a: Kingambit|[spread] p2a,p2b\n|-supereffective|p2a: Kingambit|1\n|-damage|p2a: Kingambit|0 fnt\n|-damage|p2b: Sneasler|7/100\n|replace|p2b: Zoroark|Zoroark-Hisui, L50, F\n|-end|p2b: Zoroark|Illusion\n|faint|p2a: Kingambit\n|\n|upkeep\n|inactive|TheColorDown has 30 seconds left.\n|\n|t:|1776272151\n|switch|p2a: Delphox|Delphox, L50, F|100/100\n|turn|5\n|\n|t:|1776272163\n|detailschange|p2a: Delphox|Delphox-Mega, L50, F\n|-mega|p2a: Delphox|Delphox|Delphoxite\n|move|p2b: Zoroark|Icy Wind|p1b: Rotom|[spread] p1a,p1b\n|-resisted|p1a: Delphox|1\n|-activate|p1a: Delphox|move: Substitute|[damage]\n|-resisted|p1b: Rotom|1\n|-crit|p1b: Rotom\n|-damage|p1b: Rotom|79/100\n|-unboost|p1b: Rotom|spe|1\n|move|p2a: Delphox|Psychic|p1b: Rotom\n|-damage|p1b: Rotom|6/100\n|move|p1a: Delphox|Heat Wave|p2a: Delphox|[spread] p2a,p2b\n|-resisted|p2a: Delphox|1\n|-damage|p2a: Delphox|80/100\n|-damage|p2b: Zoroark|0 fnt\n|faint|p2b: Zoroark\n|move|p1b: Rotom|Hydro Pump|p2a: Delphox\n|-supereffective|p2a: Delphox|1\n|-damage|p2a: Delphox|0 fnt\n|faint|p2a: Delphox\n|\n|upkeep\n|\n|t:|1776272182\n|switch|p2b: Sneasler|Sneasler, L50, M|64/100 par\n|turn|6\n|\n|t:|1776272190\n|switch|p1b: Garchomp|Garchomp, L50, M|100/100\n|move|p2b: Sneasler|Fake Out|p1b: Garchomp\n|-damage|p1b: Garchomp|88/100\n|-damage|p2b: Sneasler|51/100 par|[from] ability: Rough Skin|[of] p1b: Garchomp\n|move|p1a: Delphox|Psychic|p2b: Sneasler\n|-supereffective|p2b: Sneasler|2\n|-crit|p2b: Sneasler\n|-damage|p2b: Sneasler|0 fnt\n|faint|p2b: Sneasler\n|\n|win|Yunobo7\n|raw|Yunobo7's rating: 1270 &rarr; <strong>1291</strong><br />(+21 for winning)\n|raw|TheColorDown's rating: 1214 &rarr; <strong>1193</strong><br />(-21 for losing)\n|c|\u2606TheColorDown|gg\n|c|\u2606Yunobo7|Gg\n",
  "uploadtime": 1776272205,
  "views": 24,
  "formatid": "gen9championsvgc2026regma",
  "rating": 1193,
  "private": 0,
  "password": null
}