{
  "id": "gen9championsvgc2026regma-2583038213",
  "format": "[Gen 9 Champions] VGC 2026 Reg M-A",
  "players": [
    "Dosa16",
    "Duho"
  ],
  "log": "|j|\u2606Dosa16\n|j|\u2606Duho\n|t:|1776135601\n|gametype|doubles\n|player|p1|Dosa16|calem-masters|1046\n|player|p2|Duho|whitney|1001\n|gen|9\n|tier|[Gen 9 Champions] VGC 2026 Reg M-A\n|rated|\n|rule|Species Clause: Limit one of each Pok\u00e9mon\n|rule|Item Clause: Limit 1 of each item\n|clearpoke\n|poke|p1|Aggron, L50, F|\n|poke|p1|Milotic, L50, F|\n|poke|p1|Sinistcha, L50|\n|poke|p1|Sableye, L50, M|\n|poke|p1|Incineroar, L50, M|\n|poke|p1|Excadrill, L50, M|\n|poke|p2|Sableye, L50, F|\n|poke|p2|Whimsicott, L50, F|\n|poke|p2|Kommo-o, L50, M|\n|poke|p2|Zoroark-Hisui, L50, F|\n|poke|p2|Skarmory, L50, F|\n|poke|p2|Incineroar, L50, M|\n|teampreview|4\n|inactive|Battle timer is ON: inactive players will automatically lose when time's up. (requested by Dosa16)\n|c|\u2606Dosa16|fellow sableye shenanigans enjoyer\n|inactive|Dosa16 has 60 seconds left.\n|inactive|Dosa16 has 30 seconds left.\n|inactive|Dosa16 has 20 seconds left.\n|inactive|Dosa16 has 15 seconds left.\n|\n|t:|1776135681\n|teamsize|p1|4\n|teamsize|p2|4\n|start\n|switch|p1a: Sableye|Sableye, L50, M|100/100\n|switch|p1b: Incineroar|Incineroar, L50, M, shiny|100/100\n|switch|p2a: Sableye|Sableye, L50, F|100/100\n|switch|p2b: Kommo-o|Kommo-o, L50, M|100/100\n|-ability|p1b: Incineroar|Intimidate|boost\n|-unboost|p2a: Sableye|atk|1\n|-unboost|p2b: Kommo-o|atk|1\n|turn|1\n|inactive|Dosa16 has 30 seconds left.\n|\n|t:|1776135711\n|move|p2b: Kommo-o|Protect|p2b: Kommo-o\n|-singleturn|p2b: Kommo-o|Protect\n|move|p2a: Sableye|Fake Out|p1b: Incineroar\n|-damage|p1b: Incineroar|96/100\n|move|p1a: Sableye|Light Screen|p1a: Sableye\n|-sidestart|p1: Dosa16|move: Light Screen\n|cant|p1b: Incineroar|flinch\n|\n|upkeep\n|turn|2\n|\n|t:|1776135731\n|switch|p2a: Skarmory|Skarmory, L50, F|100/100\n|switch|p1a: Aggron|Aggron, L50, F, shiny|100/100\n|move|p2b: Kommo-o|Clangorous Soul|p2b: Kommo-o\n|-boost|p2b: Kommo-o|atk|1\n|-boost|p2b: Kommo-o|def|1\n|-boost|p2b: Kommo-o|spa|1\n|-boost|p2b: Kommo-o|spd|1\n|-boost|p2b: Kommo-o|spe|1\n|-damage|p2b: Kommo-o|68/100\n|move|p1b: Incineroar|Darkest Lariat|p2b: Kommo-o\n|-resisted|p2b: Kommo-o|1\n|-damage|p2b: Kommo-o|48/100\n|\n|upkeep\n|turn|3\n|inactive|Dosa16 has 30 seconds left.\n|inactive|Dosa16 has 20 seconds left.\n|inactive|Dosa16 has 15 seconds left.\n|\n|t:|1776135771\n|detailschange|p2a: Skarmory|Skarmory-Mega, L50, F\n|-mega|p2a: Skarmory|Skarmory|Skarmorite\n|detailschange|p1a: Aggron|Aggron-Mega, L50, F, shiny\n|-mega|p1a: Aggron|Aggron|Aggronite\n|move|p2b: Kommo-o|Aura Sphere|p1a: Aggron\n|-supereffective|p1a: Aggron|1\n|-damage|p1a: Aggron|43/100\n|move|p2a: Skarmory|Brave Bird|p1b: Incineroar\n|-damage|p1b: Incineroar|34/100\n|-damage|p2a: Skarmory|72/100|[from] Recoil\n|move|p1b: Incineroar|Parting Shot|p2a: Skarmory\n|-unboost|p2a: Skarmory|atk|1\n|-unboost|p2a: Skarmory|spa|1\n|\n|t:|1776135788\n|switch|p1b: Milotic|Milotic, L50, F|100/100|[from] Parting Shot\n|move|p1a: Aggron|Body Press|p2b: Kommo-o\n|-damage|p2b: Kommo-o|24/100\n|\n|upkeep\n|turn|4\n|inactive|Dosa16 has 30 seconds left.\n|inactive|Dosa16 has 20 seconds left.\n|\n|t:|1776135825\n|switch|p2a: Skarmory|Skarmory-Mega, L50, F|100/100\n|switch|p1a: Sableye|Sableye, L50, M|100/100\n|move|p2b: Kommo-o|Protect|p2b: Kommo-o\n|-singleturn|p2b: Kommo-o|Protect\n|move|p1b: Milotic|Hypnosis|p2a: Skarmory|[miss]\n|-miss|p1b: Milotic|p2a: Skarmory\n|\n|upkeep\n|turn|5\n|\n|t:|1776135846\n|move|p2a: Skarmory|Protect|p2a: Skarmory\n|-singleturn|p2a: Skarmory|Protect\n|move|p1a: Sableye|Gravity|p1a: Sableye\n|-fieldstart|move: Gravity\n|move|p2b: Kommo-o|Clanging Scales|p1a: Sableye|[spread] p1a,p1b\n|-damage|p1a: Sableye|46/100\n|-damage|p1b: Milotic|67/100\n|-unboost|p2b: Kommo-o|def|1\n|move|p1b: Milotic|Hypnosis|p2b: Kommo-o\n|-status|p2b: Kommo-o|slp|[from] move: Hypnosis\n|\n|-heal|p1b: Milotic|73/100|[from] item: Leftovers\n|-sideend|p1: Dosa16|move: Light Screen\n|upkeep\n|turn|6\n|inactive|Duho has 30 seconds left.\n|\n|t:|1776135875\n|cant|p2b: Kommo-o|slp\n|move|p2a: Skarmory|Hyper Voice|p1a: Sableye|[spread] p1b\n|-immune|p1a: Sableye\n|-damage|p1b: Milotic|44/100\n|move|p1b: Milotic|Hydro Pump|p2b: Kommo-o\n|-resisted|p2b: Kommo-o|1\n|-damage|p2b: Kommo-o|5/100 slp\n|move|p1a: Sableye|Foul Play|p2a: Skarmory\n|-supereffective|p2a: Skarmory|1\n|-damage|p2a: Skarmory|0 fnt\n|replace|p2a: Zoroark|Zoroark-Hisui, L50, F\n|-end|p2a: Zoroark|Illusion\n|faint|p2a: Zoroark\n|\n|-heal|p1b: Milotic|50/100|[from] item: Leftovers\n|upkeep\n|\n|t:|1776135887\n|switch|p2a: Skarmory|Skarmory-Mega, L50, F|72/100\n|turn|7\n|\n|t:|1776135910\n|-curestatus|p2b: Kommo-o|slp|[msg]\n|move|p2b: Kommo-o|Clanging Scales|p1b: Milotic|[spread] p1a,p1b\n|-damage|p1a: Sableye|0 fnt\n|-damage|p1b: Milotic|1/100\n|faint|p1a: Sableye\n|-unboost|p2b: Kommo-o|def|1\n|move|p2a: Skarmory|Brave Bird|p1b: Milotic\n|-damage|p1b: Milotic|0 fnt\n|faint|p1b: Milotic\n|-damage|p2a: Skarmory|71/100|[from] Recoil\n|\n|upkeep\n|\n|t:|1776135919\n|switch|p1b: Aggron|Aggron-Mega, L50, F, shiny|43/100\n|switch|p1a: Incineroar|Incineroar, L50, M, shiny|34/100\n|-ability|p1a: Incineroar|Intimidate|boost\n|-unboost|p2a: Skarmory|atk|1\n|-unboost|p2b: Kommo-o|atk|1\n|turn|8\n|\n|t:|1776135930\n|move|p2b: Kommo-o|Protect|p2b: Kommo-o\n|-singleturn|p2b: Kommo-o|Protect\n|move|p2a: Skarmory|Protect|p2a: Skarmory\n|-singleturn|p2a: Skarmory|Protect\n|move|p1a: Incineroar|Fake Out|p2b: Kommo-o\n|-activate|p2b: Kommo-o|move: Protect\n|move|p1b: Aggron|Body Press|p2a: Skarmory\n|-activate|p2a: Skarmory|move: Protect\n|\n|upkeep\n|turn|9\n|inactive|Dosa16 has 30 seconds left.\n|inactive|Dosa16 has 20 seconds left.\n|\n|t:|1776135969\n|move|p2b: Kommo-o|Aura Sphere|p1b: Aggron\n|-supereffective|p1b: Aggron|1\n|-damage|p1b: Aggron|0 fnt\n|faint|p1b: Aggron\n|move|p2a: Skarmory|Brave Bird|p1a: Incineroar\n|-damage|p1a: Incineroar|0 fnt\n|faint|p1a: Incineroar\n|-damage|p2a: Skarmory|55/100|[from] Recoil\n|\n|win|Duho\n|raw|Dosa16's rating: 1046 &rarr; <strong>1027</strong><br />(-19 for losing)\n|raw|Duho's rating: 1001 &rarr; <strong>1046</strong><br />(+45 for winning)\n|l|\u2606Dosa16\n|player|p1|\n",
  "uploadtime": 1776135979,
  "views": 10,
  "formatid": "gen9championsvgc2026regma",
  "rating": 1027,
  "private": 0,
  "password": null
}