{
  "id": "gen9championsvgc2026regma-2586091826",
  "format": "[Gen 9 Champions] VGC 2026 Reg M-A",
  "players": [
    "CBNUN003",
    "NotTheRightTime"
  ],
  "log": "|j|\u2606CBNUN003\n|j|\u2606NotTheRightTime\n|t:|1776398061\n|gametype|doubles\n|player|p1|CBNUN003|266|1067\n|player|p2|NotTheRightTime|clerk|1000\n|gen|9\n|tier|[Gen 9 Champions] VGC 2026 Reg M-A\n|rated|\n|rule|Species Clause: Limit one of each Pok\u00e9mon\n|rule|Item Clause: Limit 1 of each item\n|clearpoke\n|poke|p1|Tyranitar, L50, M|\n|poke|p1|Gliscor, L50, M|\n|poke|p1|Aggron, L50, F|\n|poke|p1|Sableye, L50, F|\n|poke|p1|Sinistcha, L50|\n|poke|p1|Rotom-Wash, L50|\n|poke|p2|Aerodactyl, L50, M|\n|poke|p2|Floette-Eternal, L50, F|\n|poke|p2|Charizard, L50, M|\n|poke|p2|Venusaur, L50, M|\n|poke|p2|Incineroar, L50, M|\n|poke|p2|Garchomp, L50, M|\n|teampreview|4\n|inactive|Battle timer is ON: inactive players will automatically lose when time's up. (requested by NotTheRightTime)\n|\n|t:|1776398098\n|teamsize|p1|4\n|teamsize|p2|4\n|start\n|switch|p1a: Rotom|Rotom-Wash, L50|100/100\n|switch|p1b: Sableye|Sableye, L50, F|100/100\n|switch|p2a: Incineroar|Incineroar, L50, M|100/100\n|switch|p2b: Garchomp|Garchomp, L50, M|100/100\n|-ability|p2a: Incineroar|Intimidate|boost\n|-unboost|p1a: Rotom|atk|1\n|-unboost|p1b: Sableye|atk|1\n|turn|1\n|\n|t:|1776398123\n|move|p2a: Incineroar|Fake Out|p1a: Rotom\n|-damage|p1a: Rotom|88/100\n|move|p1b: Sableye|Fake Out|p2b: Garchomp\n|-damage|p2b: Garchomp|95/100\n|-damage|p1b: Sableye|88/100|[from] ability: Rough Skin|[of] p2b: Garchomp\n|cant|p1a: Rotom|flinch\n|cant|p2b: Garchomp|flinch\n|\n|upkeep\n|turn|2\n|inactive|CBNUN003 has 30 seconds left.\n|inactive|CBNUN003 has 20 seconds left.\n|\n|t:|1776398159\n|switch|p1b: Gliscor|Gliscor, L50, M|100/100\n|move|p1a: Rotom|Hydro Pump|p2a: Incineroar|[miss]\n|-miss|p1a: Rotom|p2a: Incineroar\n|move|p2b: Garchomp|Rock Slide|p1b: Gliscor|[spread] p1a,p1b\n|-damage|p1a: Rotom|62/100\n|-damage|p1b: Gliscor|82/100\n|move|p2a: Incineroar|Flare Blitz|p1b: Gliscor\n|-damage|p1b: Gliscor|47/100\n|-damage|p2a: Incineroar|90/100|[from] Recoil\n|\n|upkeep\n|turn|3\n|\n|t:|1776398177\n|move|p2b: Garchomp|Rock Slide|p1b: Gliscor|[spread] p1a,p1b\n|-damage|p1a: Rotom|39/100\n|-damage|p1b: Gliscor|28/100\n|cant|p1a: Rotom|flinch\n|move|p1b: Gliscor|Ice Fang|p2b: Garchomp\n|-supereffective|p2b: Garchomp|2\n|-damage|p2b: Garchomp|16/100\n|-damage|p1b: Gliscor|16/100|[from] ability: Rough Skin|[of] p2b: Garchomp\n|move|p2a: Incineroar|Parting Shot|p1a: Rotom\n|-unboost|p1a: Rotom|atk|1\n|-unboost|p1a: Rotom|spa|1\n|\n|t:|1776398189\n|switch|p2a: Charizard|Charizard, L50, M, shiny|100/100|[from] Parting Shot\n|\n|upkeep\n|turn|4\n|\n|t:|1776398206\n|move|p2a: Charizard|Protect|p2a: Charizard\n|-singleturn|p2a: Charizard|Protect\n|move|p1a: Rotom|Hydro Pump|p2a: Charizard\n|-activate|p2a: Charizard|move: Protect\n|move|p2b: Garchomp|Rock Slide|p1b: Gliscor|[spread] p1a,p1b\n|-damage|p1a: Rotom|14/100\n|-damage|p1b: Gliscor|0 fnt\n|faint|p1b: Gliscor\n|\n|upkeep\n|\n|t:|1776398221\n|switch|p1b: Tyranitar|Tyranitar, L50, M|100/100\n|-weather|Sandstorm|[from] ability: Sand Stream|[of] p1b: Tyranitar\n|turn|5\n|\n|t:|1776398234\n|switch|p2b: Incineroar|Incineroar, L50, M|90/100\n|-ability|p2b: Incineroar|Intimidate|boost\n|-unboost|p1a: Rotom|atk|1\n|-unboost|p1b: Tyranitar|atk|1\n|detailschange|p2a: Charizard|Charizard-Mega-Y, L50, M, shiny\n|-mega|p2a: Charizard|Charizard|Charizardite Y\n|-weather|SunnyDay|[from] ability: Drought|[of] p2a: Charizard\n|move|p1b: Tyranitar|Protect|p1b: Tyranitar\n|-singleturn|p1b: Tyranitar|Protect\n|move|p1a: Rotom|Hydro Pump|p2b: Incineroar\n|-supereffective|p2b: Incineroar|1\n|-damage|p2b: Incineroar|68/100\n|move|p2a: Charizard|Heat Wave|p1b: Tyranitar|[spread] p1a\n|-activate|p1b: Tyranitar|move: Protect\n|-resisted|p1a: Rotom|1\n|-damage|p1a: Rotom|0 fnt\n|faint|p1a: Rotom\n|\n|-weather|SunnyDay|[upkeep]\n|upkeep\n|\n|t:|1776398255\n|switch|p1a: Sableye|Sableye, L50, F|88/100\n|turn|6\n|\n|t:|1776398267\n|detailschange|p1b: Tyranitar|Tyranitar-Mega, L50, M\n|-mega|p1b: Tyranitar|Tyranitar|Tyranitarite\n|-weather|Sandstorm|[from] ability: Sand Stream|[of] p1b: Tyranitar\n|move|p2a: Charizard|Protect|p2a: Charizard\n|-singleturn|p2a: Charizard|Protect\n|move|p1a: Sableye|Fake Out|p2a: Charizard\n|-activate|p2a: Charizard|move: Protect\n|move|p1b: Tyranitar|Rock Slide|p2b: Incineroar|[spread] p2b\n|-activate|p2a: Charizard|move: Protect\n|-supereffective|p2b: Incineroar|1\n|-damage|p2b: Incineroar|29/100\n|cant|p2b: Incineroar|flinch\n|\n|-weather|Sandstorm|[upkeep]\n|-damage|p2a: Charizard|95/100|[from] Sandstorm\n|-damage|p2b: Incineroar|23/100|[from] Sandstorm\n|-damage|p1a: Sableye|83/100|[from] Sandstorm\n|upkeep\n|turn|7\n|\n|t:|1776398290\n|switch|p2a: Garchomp|Garchomp, L50, M|16/100\n|move|p1a: Sableye|Encore||[still]\n|-fail|p1a: Sableye\n|move|p1b: Tyranitar|Rock Slide|p2b: Incineroar|[spread] p2a,p2b\n|-resisted|p2a: Garchomp|1\n|-supereffective|p2b: Incineroar|1\n|-damage|p2a: Garchomp|5/100\n|-damage|p2b: Incineroar|0 fnt\n|faint|p2b: Incineroar\n|\n|-weather|Sandstorm|[upkeep]\n|-damage|p1a: Sableye|77/100|[from] Sandstorm\n|upkeep\n|\n|t:|1776398301\n|switch|p2b: Charizard|Charizard-Mega-Y, L50, M, shiny|95/100\n|-weather|SunnyDay|[from] ability: Drought|[of] p2b: Charizard\n|turn|8\n|\n|t:|1776398310\n|move|p1a: Sableye|Quash|p2a: Garchomp\n|-activate|p2a: Garchomp|move: Quash\n|move|p2b: Charizard|Heat Wave|p1b: Tyranitar|[spread] p1a,p1b\n|-resisted|p1b: Tyranitar|1\n|-damage|p1a: Sableye|8/100\n|-damage|p1b: Tyranitar|79/100\n|-enditem|p1a: Sableye|Sitrus Berry|[eat]\n|-heal|p1a: Sableye|32/100|[from] item: Sitrus Berry\n|move|p1b: Tyranitar|Rock Slide|p2b: Charizard|[spread] p2b\n|-miss|p1b: Tyranitar|p2a: Garchomp\n|-supereffective|p2b: Charizard|2\n|-damage|p2b: Charizard|0 fnt\n|faint|p2b: Charizard\n|move|p2a: Garchomp|Earthquake|p1b: Tyranitar|[spread] p1a,p1b\n|-supereffective|p1b: Tyranitar|1\n|-damage|p1a: Sableye|0 fnt\n|-damage|p1b: Tyranitar|29/100\n|faint|p1a: Sableye\n|\n|-weather|SunnyDay|[upkeep]\n|upkeep\n|\n|t:|1776398327\n|switch|p2b: Venusaur|Venusaur, L50, M|100/100\n|turn|9\n|\n|t:|1776398336\n|move|p2a: Garchomp|Earthquake|p1b: Tyranitar|[spread] p2b,p1b\n|-supereffective|p1b: Tyranitar|1\n|-damage|p2b: Venusaur|58/100\n|-damage|p1b: Tyranitar|0 fnt\n|faint|p1b: Tyranitar\n|\n|win|NotTheRightTime\n|raw|CBNUN003's rating: 1067 &rarr; <strong>1043</strong><br />(-24 for losing)\n|raw|NotTheRightTime's rating: 1000 &rarr; <strong>1048</strong><br />(+48 for winning)\n",
  "uploadtime": 1776398349,
  "views": 15,
  "formatid": "gen9championsvgc2026regma",
  "rating": 1043,
  "private": 0,
  "password": null
}