{
  "id": "gen9championsvgc2026regma-2581799292",
  "format": "[Gen 9 Champions] VGC 2026 Reg M-A",
  "players": [
    "BlueKnightmare",
    "Dancindevil"
  ],
  "log": "|j|\u2606BlueKnightmare\n|j|\u2606Dancindevil\n|t:|1776029348\n|gametype|doubles\n|player|p1|BlueKnightmare|lucas|1147\n|player|p2|Dancindevil|sailor|1228\n|gen|9\n|tier|[Gen 9 Champions] VGC 2026 Reg M-A\n|rated|\n|rule|Species Clause: Limit one of each Pok\u00e9mon\n|rule|Item Clause: Limit 1 of each item\n|clearpoke\n|poke|p1|Garchomp, L50, F|\n|poke|p1|Gardevoir, L50, F|\n|poke|p1|Tyranitar, L50, M|\n|poke|p1|Talonflame, L50, F|\n|poke|p1|Aegislash, L50, M|\n|poke|p1|Sneasler, L50, F|\n|poke|p2|Glimmora, L50, M|\n|poke|p2|Incineroar, L50, F|\n|poke|p2|Tauros-Paldea-Aqua, L50, M|\n|poke|p2|Froslass, L50, F|\n|poke|p2|Raichu, L50, F|\n|poke|p2|Pelipper, L50, F|\n|teampreview|4\n|c|\u2606BlueKnightmare|gl hf\nBlueKnightmare has agreed to open team sheets.\n|inactive|Battle timer is ON: inactive players will automatically lose when time's up. (requested by BlueKnightmare)\n|inactive|BlueKnightmare has 60 seconds left.\n|\n|t:|1776029390\n|teamsize|p1|4\n|teamsize|p2|4\n|start\n|switch|p1a: Talonflame|Talonflame, L50, F, shiny|100/100\n|switch|p1b: Gardevoir|Gardevoir, L50, F, shiny|100/100\n|switch|p2a: Pelipper|Pelipper, L50, F|100/100\n|switch|p2b: Incineroar|Incineroar, L50, F|100/100\n|-weather|RainDance|[from] ability: Drizzle|[of] p2a: Pelipper\n|-ability|p2b: Incineroar|Intimidate|boost\n|-unboost|p1a: Talonflame|atk|1\n|-unboost|p1b: Gardevoir|atk|1\n|turn|1\n|\n|t:|1776029414\n|detailschange|p1b: Gardevoir|Gardevoir-Mega, L50, F, shiny\n|-mega|p1b: Gardevoir|Gardevoir|Gardevoirite\n|move|p1a: Talonflame|Protect|p1a: Talonflame\n|-singleturn|p1a: Talonflame|Protect\n|move|p2b: Incineroar|Fake Out|p1a: Talonflame\n|-activate|p1a: Talonflame|move: Protect\n|move|p1b: Gardevoir|Hyper Voice|p2a: Pelipper|[spread] p2a,p2b\n|-damage|p2a: Pelipper|45/100\n|-damage|p2b: Incineroar|51/100\n|-enditem|p2a: Pelipper|Sitrus Berry|[eat]\n|-heal|p2a: Pelipper|69/100|[from] item: Sitrus Berry\n|move|p2a: Pelipper|Tailwind|p2a: Pelipper\n|-sidestart|p2: Dancindevil|move: Tailwind\n|\n|-weather|RainDance|[upkeep]\n|upkeep\n|turn|2\n|inactive|BlueKnightmare has 30 seconds left.\n|inactive|Dancindevil has 30 seconds left.\n|\n|t:|1776029447\n|move|p2a: Pelipper|Wide Guard|p2a: Pelipper\n|-singleturn|p2a: Pelipper|Wide Guard\n|move|p1a: Talonflame|Tailwind|p1a: Talonflame\n|-sidestart|p1: BlueKnightmare|move: Tailwind\n|move|p1b: Gardevoir|Hyper Voice|p2b: Incineroar|[spread] \n|-activate|p2a: Pelipper|move: Wide Guard\n|-activate|p2b: Incineroar|move: Wide Guard\n|move|p2b: Incineroar|Parting Shot|p1b: Gardevoir\n|-unboost|p1b: Gardevoir|atk|1\n|-unboost|p1b: Gardevoir|spa|1\n|\n|t:|1776029459\n|switch|p2b: Froslass|Froslass, L50, F|100/100|[from] Parting Shot\n|\n|-weather|RainDance|[upkeep]\n|upkeep\n|turn|3\n|\n|t:|1776029477\n|move|p1a: Talonflame|Taunt|p2a: Pelipper\n|-start|p2a: Pelipper|move: Taunt\n|move|p2b: Froslass|Icy Wind|p1b: Gardevoir|[spread] p1a,p1b\n|-damage|p1a: Talonflame|79/100\n|-damage|p1b: Gardevoir|86/100\n|-unboost|p1a: Talonflame|spe|1\n|-unboost|p1b: Gardevoir|spe|1\n|move|p1b: Gardevoir|Hyper Beam|p2b: Froslass\n|-damage|p2b: Froslass|5/100\n|-mustrecharge|p1b: Gardevoir\n|move|p2a: Pelipper|Muddy Water|p1b: Gardevoir|[spread] p1a,p1b\n|-supereffective|p1a: Talonflame|1\n|-damage|p1a: Talonflame|0 fnt\n|-damage|p1b: Gardevoir|51/100\n|faint|p1a: Talonflame\n|\n|-weather|RainDance|[upkeep]\n|upkeep\n|\n|t:|1776029490\n|switch|p1a: Tyranitar|Tyranitar, L50, M|100/100\n|-weather|Sandstorm|[from] ability: Sand Stream|[of] p1a: Tyranitar\n|turn|4\n|\n|t:|1776029505\n|move|p1a: Tyranitar|Protect|p1a: Tyranitar\n|-singleturn|p1a: Tyranitar|Protect\n|move|p2b: Froslass|Destiny Bond|p2b: Froslass\n|-singlemove|p2b: Froslass|Destiny Bond\n|cant|p1b: Gardevoir|recharge\n|move|p2a: Pelipper|Muddy Water|p1b: Gardevoir|[spread] p1b\n|-activate|p1a: Tyranitar|move: Protect\n|-damage|p1b: Gardevoir|27/100\n|\n|-weather|Sandstorm|[upkeep]\n|-damage|p2b: Froslass|0 fnt|[from] Sandstorm\n|-damage|p1b: Gardevoir|21/100|[from] Sandstorm\n|-damage|p2a: Pelipper|63/100|[from] Sandstorm\n|faint|p2b: Froslass\n|-sideend|p2: Dancindevil|move: Tailwind\n|upkeep\n|inactive|Dancindevil has 30 seconds left.\n|\n|t:|1776029538\n|switch|p2b: Incineroar|Incineroar, L50, F|51/100\n|-ability|p2b: Incineroar|Intimidate|boost\n|-unboost|p1a: Tyranitar|atk|1\n|-unboost|p1b: Gardevoir|atk|1\n|turn|5\n|\n|t:|1776029551\n|switch|p1b: Aegislash|Aegislash, L50, M, shiny|100/100\n|move|p2b: Incineroar|Fake Out|p1a: Tyranitar\n|-resisted|p1a: Tyranitar|1\n|-damage|p1a: Tyranitar|95/100\n|cant|p1a: Tyranitar|flinch\n|move|p2a: Pelipper|Muddy Water|p1b: Aegislash|[spread] p1a,p1b\n|-supereffective|p1a: Tyranitar|1\n|-damage|p1a: Tyranitar|59/100\n|-damage|p1b: Aegislash|77/100\n|-unboost|p1b: Aegislash|accuracy|1\n|\n|-weather|Sandstorm|[upkeep]\n|-damage|p2a: Pelipper|57/100|[from] Sandstorm\n|-damage|p2b: Incineroar|46/100|[from] Sandstorm\n|-end|p2a: Pelipper|move: Taunt\n|-sideend|p1: BlueKnightmare|move: Tailwind\n|upkeep\n|turn|6\n|inactive|Dancindevil has 30 seconds left.\n|inactive|Dancindevil has 20 seconds left.\n|inactive|Dancindevil has 15 seconds left.\n|inactive|Dancindevil has 10 seconds left.\n|\n|t:|1776029597\n|move|p1b: Aegislash|King's Shield|p1b: Aegislash\n|-singleturn|p1b: Aegislash|Protect\n|move|p2a: Pelipper|Tailwind|p2a: Pelipper\n|-sidestart|p2: Dancindevil|move: Tailwind\n|move|p2b: Incineroar|Flare Blitz|p1b: Aegislash\n|-activate|p1b: Aegislash|move: Protect\n|-unboost|p2b: Incineroar|atk|1\n|move|p1a: Tyranitar|Rock Slide|p2b: Incineroar|[spread] p2a,p2b\n|-supereffective|p2a: Pelipper|1\n|-supereffective|p2b: Incineroar|1\n|-damage|p2a: Pelipper|9/100\n|-damage|p2b: Incineroar|3/100\n|\n|-weather|Sandstorm|[upkeep]\n|-damage|p2a: Pelipper|3/100|[from] Sandstorm\n|-damage|p2b: Incineroar|0 fnt|[from] Sandstorm\n|faint|p2b: Incineroar\n|upkeep\n|\n|t:|1776029614\n|switch|p2b: Glimmora|Glimmora, L50, M|100/100\n|turn|7\n|\n|t:|1776029624\n|switch|p1a: Gardevoir|Gardevoir-Mega, L50, F, shiny|21/100\n|detailschange|p2b: Glimmora|Glimmora-Mega, L50, M\n|-mega|p2b: Glimmora|Glimmora|Glimmoranite\n|-formechange|p1b: Aegislash|Aegislash-Blade|\n|move|p1b: Aegislash|Shadow Sneak|p2a: Pelipper\n|-damage|p2a: Pelipper|0 fnt\n|faint|p2a: Pelipper\n|move|p2b: Glimmora|Earth Power|p1b: Aegislash\n|-supereffective|p1b: Aegislash|1\n|-damage|p1b: Aegislash|0 fnt\n|faint|p1b: Aegislash\n|\n|-weather|Sandstorm|[upkeep]\n|-damage|p1a: Gardevoir|15/100|[from] Sandstorm\n|upkeep\n|\n|t:|1776029633\n|switch|p1b: Tyranitar|Tyranitar, L50, M|59/100\n|turn|8\n|\n|t:|1776029647\n|move|p2b: Glimmora|Sludge Wave|p1a: Gardevoir|[spread] p1a,p1b\n|-supereffective|p1a: Gardevoir|1\n|-resisted|p1b: Tyranitar|1\n|-damage|p1a: Gardevoir|0 fnt\n|-damage|p1b: Tyranitar|42/100\n|faint|p1a: Gardevoir\n|move|p1b: Tyranitar|Knock Off|p2b: Glimmora\n|-damage|p2b: Glimmora|59/100\n|\n|-weather|none\n|upkeep\n|turn|9\n|\n|t:|1776029659\n|move|p2b: Glimmora|Earth Power|p1b: Tyranitar\n|-supereffective|p1b: Tyranitar|1\n|-damage|p1b: Tyranitar|0 fnt\n|faint|p1b: Tyranitar\n|\n|win|Dancindevil\n|raw|BlueKnightmare's rating: 1147 &rarr; <strong>1128</strong><br />(-19 for losing)\n|raw|Dancindevil's rating: 1228 &rarr; <strong>1247</strong><br />(+19 for winning)\n|c|\u2606BlueKnightmare|gg\n|l|\u2606BlueKnightmare\n|player|p1|\n",
  "uploadtime": 1776029668,
  "views": 26,
  "formatid": "gen9championsvgc2026regma",
  "rating": 1128,
  "private": 0,
  "password": null
}