{
  "id": "gen9championsvgc2026regma-2585662863",
  "format": "[Gen 9 Champions] VGC 2026 Reg M-A",
  "players": [
    "MiMiQuiu01",
    "Disfrazdetigre"
  ],
  "log": "|j|\u2606MiMiQuiu01\n|j|\u2606Disfrazdetigre\n|t:|1776362066\n|gametype|doubles\n|player|p1|MiMiQuiu01|102|1407\n|player|p2|Disfrazdetigre|2|1403\n|gen|9\n|tier|[Gen 9 Champions] VGC 2026 Reg M-A\n|rated|\n|rule|Species Clause: Limit one of each Pok\u00e9mon\n|rule|Item Clause: Limit 1 of each item\n|clearpoke\n|poke|p1|Excadrill, L50, F|\n|poke|p1|Rotom-Wash, L50|\n|poke|p1|Kommo-o, L50, F|\n|poke|p1|Tyranitar, L50, M|\n|poke|p1|Corviknight, L50, F|\n|poke|p1|Sinistcha, L50|\n|poke|p2|Orthworm, L50, F|\n|poke|p2|Arcanine-Hisui, L50, F|\n|poke|p2|Medicham, L50, M|\n|poke|p2|Alakazam, L50, M|\n|poke|p2|Blastoise, L50, M|\n|poke|p2|Hydreigon, L50, F|\n|teampreview|4\n|j| cyusontheinternet\n|l| cyusontheinternet\n|inactive|Battle timer is ON: inactive players will automatically lose when time's up. (requested by Disfrazdetigre)\n|\n|t:|1776362120\n|teamsize|p1|4\n|teamsize|p2|4\n|start\n|switch|p1a: Rotom|Rotom-Wash, L50|100/100\n|switch|p1b: Tyranitar|Tyranitar, L50, M|100/100\n|switch|p2a: Orthworm|Orthworm, L50, F|100/100\n|switch|p2b: Alakazam|Alakazam, L50, M|100/100\n|-weather|Sandstorm|[from] ability: Sand Stream|[of] p1b: Tyranitar\n|turn|1\n|\n|t:|1776362141\n|detailschange|p1b: Tyranitar|Tyranitar-Mega, L50, M\n|-mega|p1b: Tyranitar|Tyranitar|Tyranitarite\n|move|p2a: Orthworm|Helping Hand|p2b: Alakazam\n|-singleturn|p2b: Alakazam|Helping Hand|[of] p2a: Orthworm\n|move|p1a: Rotom|Electroweb|p2a: Orthworm|[spread] p2a,p2b\n|-damage|p2a: Orthworm|85/100\n|-damage|p2b: Alakazam|78/100\n|-unboost|p2a: Orthworm|spe|1\n|-unboost|p2b: Alakazam|spe|1\n|move|p1b: Tyranitar|Low Kick|p2a: Orthworm\n|-supereffective|p2a: Orthworm|1\n|-damage|p2a: Orthworm|17/100\n|-enditem|p2a: Orthworm|Sitrus Berry|[eat]\n|-heal|p2a: Orthworm|42/100|[from] item: Sitrus Berry\n|move|p2b: Alakazam|Focus Blast|p1b: Tyranitar\n|-supereffective|p1b: Tyranitar|2\n|-damage|p1b: Tyranitar|0 fnt\n|faint|p1b: Tyranitar\n|\n|-weather|Sandstorm|[upkeep]\n|-damage|p1a: Rotom|95/100|[from] Sandstorm\n|-damage|p2b: Alakazam|72/100|[from] Sandstorm\n|upkeep\n|\n|t:|1776362158\n|switch|p1b: Kommo-o|Kommo-o, L50, F|100/100\n|turn|2\n|\n|t:|1776362176\n|move|p2a: Orthworm|Helping Hand|p2b: Alakazam\n|-singleturn|p2b: Alakazam|Helping Hand|[of] p2a: Orthworm\n|move|p1b: Kommo-o|Protect|p1b: Kommo-o\n|-singleturn|p1b: Kommo-o|Protect\n|move|p1a: Rotom|Electroweb|p2b: Alakazam|[spread] p2a\n|-miss|p1a: Rotom|p2b: Alakazam\n|-damage|p2a: Orthworm|26/100\n|-unboost|p2a: Orthworm|spe|1\n|move|p2b: Alakazam|Future Sight|p1b: Kommo-o\n|-start|p2b: Alakazam|move: Future Sight\n|\n|-weather|Sandstorm|[upkeep]\n|-damage|p1a: Rotom|89/100|[from] Sandstorm\n|-damage|p2b: Alakazam|66/100|[from] Sandstorm\n|upkeep\n|turn|3\n|inactive|MiMiQuiu01 has 30 seconds left.\n|inactive|MiMiQuiu01 has 20 seconds left.\n|\n|t:|1776362214\n|move|p2a: Orthworm|Helping Hand|p2b: Alakazam\n|-singleturn|p2b: Alakazam|Helping Hand|[of] p2a: Orthworm\n|move|p1a: Rotom|Electroweb|p2a: Orthworm|[spread] p2a,p2b\n|-damage|p2a: Orthworm|11/100\n|-damage|p2b: Alakazam|43/100\n|-unboost|p2a: Orthworm|spe|1\n|-unboost|p2b: Alakazam|spe|1\n|move|p1b: Kommo-o|Clanging Scales|p2a: Orthworm|[spread] p2a,p2b\n|-resisted|p2a: Orthworm|1\n|-damage|p2a: Orthworm|0 fnt\n|-damage|p2b: Alakazam|0 fnt\n|faint|p2a: Orthworm\n|faint|p2b: Alakazam\n|-unboost|p1b: Kommo-o|def|1\n|\n|-weather|Sandstorm|[upkeep]\n|-damage|p1a: Rotom|83/100|[from] Sandstorm\n|upkeep\n|\n|t:|1776362232\n|switch|p2b: Hydreigon|Hydreigon, L50, F|100/100\n|switch|p2a: Medicham|Medicham, L50, M|100/100\n|turn|4\n|inactive|MiMiQuiu01 has 30 seconds left.\n|\n|t:|1776362260\n|switch|p1b: Sinistcha|Sinistcha, L50|100/100\n|-heal|p1a: Rotom|100/100|[from] ability: Hospitality|[of] p1b: Sinistcha\n|detailschange|p2a: Medicham|Medicham-Mega, L50, M\n|-mega|p2a: Medicham|Medicham|Medichamite\n|move|p2a: Medicham|Fake Out|p1b: Sinistcha\n|-immune|p1b: Sinistcha\n|move|p1a: Rotom|Electroweb|p2a: Medicham|[spread] p2a,p2b\n|-resisted|p2b: Hydreigon|1\n|-damage|p2a: Medicham|81/100\n|-damage|p2b: Hydreigon|93/100\n|-unboost|p2a: Medicham|spe|1\n|-unboost|p2b: Hydreigon|spe|1\n|move|p2b: Hydreigon|Tailwind|p2b: Hydreigon\n|-sidestart|p2: Disfrazdetigre|move: Tailwind\n|\n|-weather|Sandstorm|[upkeep]\n|-damage|p1a: Rotom|95/100|[from] Sandstorm\n|-damage|p2b: Hydreigon|87/100|[from] Sandstorm\n|-damage|p2a: Medicham|75/100|[from] Sandstorm\n|-damage|p1b: Sinistcha|94/100|[from] Sandstorm\n|-end|p1b: Sinistcha|move: Future Sight\n|-damage|p1b: Sinistcha|40/100\n|-enditem|p1b: Sinistcha|Sitrus Berry|[eat]\n|-heal|p1b: Sinistcha|65/100|[from] item: Sitrus Berry\n|upkeep\n|turn|5\n|inactive|Disfrazdetigre has 30 seconds left.\n|\n|t:|1776362286\n|move|p1b: Sinistcha|Rage Powder|p1b: Sinistcha\n|-singleturn|p1b: Sinistcha|move: Rage Powder\n|move|p1a: Rotom|Electroweb|p2a: Medicham|[spread] p2a,p2b\n|-resisted|p2b: Hydreigon|1\n|-damage|p2a: Medicham|53/100\n|-damage|p2b: Hydreigon|79/100\n|-unboost|p2a: Medicham|spe|1\n|-unboost|p2b: Hydreigon|spe|1\n|move|p2b: Hydreigon|Dark Pulse|p1b: Sinistcha\n|-supereffective|p1b: Sinistcha|1\n|-damage|p1b: Sinistcha|0 fnt\n|faint|p1b: Sinistcha\n|move|p2a: Medicham|Trick Room|p2a: Medicham\n|-fieldstart|move: Trick Room|[of] p2a: Medicham\n|\n|-weather|none\n|upkeep\n|\n|t:|1776362301\n|switch|p1b: Kommo-o|Kommo-o, L50, F|100/100\n|turn|6\n|\n|t:|1776362321\n|move|p1b: Kommo-o|Clanging Scales|p2a: Medicham|[spread] p2a,p2b\n|-supereffective|p2b: Hydreigon|1\n|-damage|p2a: Medicham|12/100\n|-damage|p2b: Hydreigon|10/100\n|-unboost|p1b: Kommo-o|def|1\n|move|p2a: Medicham|Zen Headbutt|p1b: Kommo-o\n|-supereffective|p1b: Kommo-o|1\n|-damage|p1b: Kommo-o|0 fnt\n|faint|p1b: Kommo-o\n|move|p2b: Hydreigon|Draco Meteor|p1a: Rotom\n|-damage|p1a: Rotom|29/100\n|-unboost|p2b: Hydreigon|spa|2\n|move|p1a: Rotom|Electroweb|p2b: Hydreigon|[spread] p2a,p2b\n|-resisted|p2b: Hydreigon|1\n|-damage|p2a: Medicham|0 fnt\n|-damage|p2b: Hydreigon|3/100\n|-unboost|p2b: Hydreigon|spe|1\n|faint|p2a: Medicham\n|\n|upkeep\n|turn|7\n|inactive|Disfrazdetigre has 30 seconds left.\n|\n|t:|1776362347\n|move|p2b: Hydreigon|Protect|p2b: Hydreigon\n|-singleturn|p2b: Hydreigon|Protect\n|move|p1a: Rotom|Electroweb|p2b: Hydreigon\n|-activate|p2b: Hydreigon|move: Protect\n|\n|-sideend|p2: Disfrazdetigre|move: Tailwind\n|upkeep\n|turn|8\n|\n|t:|1776362355\n|move|p2b: Hydreigon|Draco Meteor|p1a: Rotom\n|-damage|p1a: Rotom|0 fnt\n|-unboost|p2b: Hydreigon|spa|2\n|faint|p1a: Rotom\n|\n|win|Disfrazdetigre\n|raw|MiMiQuiu01's rating: 1407 &rarr; <strong>1387</strong><br />(-20 for losing)\n|raw|Disfrazdetigre's rating: 1403 &rarr; <strong>1423</strong><br />(+20 for winning)\n|c|\u2606Disfrazdetigre|Wow\n|c|\u2606Disfrazdetigre|crazy battle\n",
  "uploadtime": 1776362380,
  "views": 33,
  "formatid": "gen9championsvgc2026regma",
  "rating": 1387,
  "private": 0,
  "password": null
}