{
  "id": "gen9championsvgc2026regma-2584199370",
  "format": "[Gen 9 Champions] VGC 2026 Reg M-A",
  "players": [
    "orz",
    "WojtusG"
  ],
  "log": "|j|\u203dorz\n|j|\u2606WojtusG\n|t:|1776237309\n|gametype|doubles\n|player|p1|orz|fisherman-gen4|1150\n|player|p2|WojtusG|steven|1082\n|gen|9\n|tier|[Gen 9 Champions] VGC 2026 Reg M-A\n|rated|\n|rule|Species Clause: Limit one of each Pok\u00e9mon\n|rule|Item Clause: Limit 1 of each item\n|clearpoke\n|poke|p1|Pinsir, L50, M|\n|poke|p1|Basculegion, L50, M|\n|poke|p1|Sneasler, L50, F|\n|poke|p1|Pelipper, L50, F|\n|poke|p1|Sylveon, L50, F|\n|poke|p1|Glimmora, L50, M|\n|poke|p2|Zoroark-Hisui, L50, M|\n|poke|p2|Meganium, L50, F|\n|poke|p2|Pelipper, L50, F|\n|poke|p2|Archaludon, L50, F|\n|poke|p2|Sneasler, L50, F|\n|poke|p2|Incineroar, L50, F|\n|teampreview|4\n|\n|t:|1776237338\n|teamsize|p1|4\n|teamsize|p2|4\n|start\n|switch|p1a: Sneasler|Sneasler, L50, F|100/100\n|switch|p1b: Sylveon|Sylveon, L50, F|100/100\n|switch|p2a: Incineroar|Incineroar, L50, F|100/100\n|switch|p2b: Pelipper|Pelipper, L50, F|100/100\n|-weather|RainDance|[from] ability: Drizzle|[of] p2b: Pelipper\n|turn|1\n|inactive|Battle timer is ON: inactive players will automatically lose when time's up. (requested by orz)\n|\n|t:|1776237355\n|move|p1a: Sneasler|Fake Out|p2a: Incineroar\n|-immune|p2a: Incineroar\n|move|p2a: Incineroar|Nasty Plot|p2a: Incineroar\n|-boost|p2a: Incineroar|spa|2\n|move|p1b: Sylveon|Hyper Voice|p2a: Incineroar|[spread] p2a,p2b\n|-damage|p2a: Incineroar|12/100\n|-damage|p2b: Pelipper|38/100\n|replace|p2a: Zoroark|Zoroark-Hisui, L50, M\n|-end|p2a: Zoroark|Illusion\n|-enditem|p2b: Pelipper|Sitrus Berry|[eat]\n|-heal|p2b: Pelipper|62/100|[from] item: Sitrus Berry\n|move|p2b: Pelipper|Tailwind|p2b: Pelipper\n|-sidestart|p2: WojtusG|move: Tailwind\n|\n|-weather|RainDance|[upkeep]\n|upkeep\n|turn|2\n|inactive|orz has 30 seconds left.\n|inactive|WojtusG has 30 seconds left.\n|inactive|orz has 20 seconds left.\n|\n|t:|1776237391\n|move|p2a: Zoroark|Hyper Voice|p1b: Sylveon|[spread] p1a,p1b\n|-damage|p1a: Sneasler|0 fnt\n|-damage|p1b: Sylveon|38/100\n|faint|p1a: Sneasler\n|move|p2b: Pelipper|Hurricane|p1b: Sylveon\n|-damage|p1b: Sylveon|4/100\n|move|p1b: Sylveon|Hyper Voice|p2a: Zoroark|[spread] p2a,p2b\n|-damage|p2a: Zoroark|0 fnt\n|-damage|p2b: Pelipper|3/100\n|faint|p2a: Zoroark\n|\n|-weather|RainDance|[upkeep]\n|upkeep\n|\n|t:|1776237402\n|switch|p2a: Archaludon|Archaludon, L50, F|100/100\n|switch|p1a: Pinsir|Pinsir, L50, M|100/100\n|turn|3\n|\n|t:|1776237418\n|move|p1a: Pinsir|Quick Attack|p2b: Pelipper\n|-damage|p2b: Pelipper|0 fnt\n|faint|p2b: Pelipper\n|-ability|p1a: Pinsir|Moxie|boost\n|-boost|p1a: Pinsir|atk|1\n|move|p2a: Archaludon|Electro Shot||[still]\n|-prepare|p2a: Archaludon|Electro Shot\n|-boost|p2a: Archaludon|spa|1\n|-anim|p2a: Archaludon|Electro Shot|p1a: Pinsir\n|-crit|p1a: Pinsir\n|-damage|p1a: Pinsir|0 fnt\n|faint|p1a: Pinsir\n|move|p1b: Sylveon|Hyper Voice|p2a: Archaludon\n|-damage|p2a: Archaludon|15/100\n|-ability|p2a: Archaludon|Stamina|boost\n|-boost|p2a: Archaludon|def|1\n|\n|-weather|RainDance|[upkeep]\n|-heal|p2a: Archaludon|21/100|[from] item: Leftovers\n|upkeep\n|\n|t:|1776237433\n|switch|p1a: Basculegion|Basculegion, L50, M|100/100\n|switch|p2b: Incineroar|Incineroar, L50, F|100/100\n|-ability|p2b: Incineroar|Intimidate|boost\n|-unboost|p1a: Basculegion|atk|1\n|-unboost|p1b: Sylveon|atk|1\n|turn|4\n|\n|t:|1776237446\n|move|p2a: Archaludon|Protect|p2a: Archaludon\n|-singleturn|p2a: Archaludon|Protect\n|move|p1b: Sylveon|Detect|p1b: Sylveon\n|-singleturn|p1b: Sylveon|Protect\n|move|p1a: Basculegion|Aqua Jet|p2a: Archaludon\n|-activate|p2a: Archaludon|move: Protect\n|move|p2b: Incineroar|Darkest Lariat|p1a: Basculegion\n|-supereffective|p1a: Basculegion|1\n|-damage|p1a: Basculegion|0 fnt\n|faint|p1a: Basculegion\n|\n|-weather|RainDance|[upkeep]\n|-heal|p2a: Archaludon|27/100|[from] item: Leftovers\n|-sideend|p2: WojtusG|move: Tailwind\n|upkeep\n|turn|5\n|\n|t:|1776237465\n|move|p2a: Archaludon|Electro Shot||[still]\n|-prepare|p2a: Archaludon|Electro Shot\n|-boost|p2a: Archaludon|spa|1\n|-anim|p2a: Archaludon|Electro Shot|p1b: Sylveon\n|-damage|p1b: Sylveon|0 fnt\n|faint|p1b: Sylveon\n|\n|win|WojtusG\n|raw|orz's rating: 1150 &rarr; <strong>1120</strong><br />(-30 for losing)\n|raw|WojtusG's rating: 1082 &rarr; <strong>1115</strong><br />(+33 for winning)\n",
  "uploadtime": 1776237483,
  "views": 23,
  "formatid": "gen9championsvgc2026regma",
  "rating": 1115,
  "private": 0,
  "password": null
}