{
  "id": "gen9championsvgc2026regma-2582072386",
  "format": "[Gen 9 Champions] VGC 2026 Reg M-A",
  "players": [
    "arroyofran2",
    "lakeandbake"
  ],
  "log": "|j|\u2606arroyofran2\n|j|\u203dlakeandbake\n|t:|1776054452\n|gametype|doubles\n|player|p1|arroyofran2|fisherman|1094\n|player|p2|lakeandbake|iono-masters|1131\n|gen|9\n|tier|[Gen 9 Champions] VGC 2026 Reg M-A\n|rated|\n|rule|Species Clause: Limit one of each Pok\u00e9mon\n|rule|Item Clause: Limit 1 of each item\n|clearpoke\n|poke|p1|Starmie, L50|\n|poke|p1|Politoed, L50, F|\n|poke|p1|Raichu, L50, F|\n|poke|p1|Sinistcha, L50|\n|poke|p1|Sneasler, L50, F|\n|poke|p1|Kingambit, L50, F|\n|poke|p2|Aerodactyl, L50, F|\n|poke|p2|Rotom-Wash, L50|\n|poke|p2|Sneasler, L50, M|\n|poke|p2|Incineroar, L50, F|\n|poke|p2|Delphox, L50, F|\n|poke|p2|Garchomp, L50, M|\n|teampreview|4\n|inactive|Battle timer is ON: inactive players will automatically lose when time's up. (requested by lakeandbake)\nlakeandbake rejected open team sheets.\n|\n|t:|1776054519\n|teamsize|p1|4\n|teamsize|p2|4\n|start\n|switch|p1a: Raichu|Raichu, L50, F|100/100\n|switch|p1b: Sinistcha|Sinistcha, L50|100/100\n|switch|p2a: Incineroar|Incineroar, L50, F|100/100\n|switch|p2b: Garchomp|Garchomp, L50, M|100/100\n|-ability|p2a: Incineroar|Intimidate|boost\n|-unboost|p1a: Raichu|atk|1\n|-unboost|p1b: Sinistcha|atk|1\n|turn|1\n|inactive|lakeandbake has 30 seconds left.\n|\n|t:|1776054547\n|switch|p1b: Starmie|Starmie, L50, shiny|100/100\n|move|p1a: Raichu|Fake Out|p2a: Incineroar\n|-damage|p2a: Incineroar|94/100\n|cant|p2a: Incineroar|flinch\n|move|p2b: Garchomp|Rock Slide|p1b: Starmie|[spread] p1a,p1b\n|-damage|p1a: Raichu|62/100\n|-damage|p1b: Starmie|71/100\n|\n|upkeep\n|turn|2\n|\n|t:|1776054570\n|detailschange|p1b: Starmie|Starmie-Mega, L50, shiny\n|-mega|p1b: Starmie|Starmie|Starminite\n|move|p2b: Garchomp|Rock Slide|p1b: Starmie|[spread] p1a,p1b\n|-damage|p1a: Raichu|21/100\n|-damage|p1b: Starmie|46/100\n|cant|p1b: Starmie|flinch\n|move|p1a: Raichu|Volt Switch|p2a: Incineroar\n|-damage|p2a: Incineroar|72/100\n|\n|t:|1776054582\n|switch|p1a: Sinistcha|Sinistcha, L50|100/100|[from] Volt Switch\n|move|p2a: Incineroar|Throat Chop|p1b: Starmie\n|-supereffective|p1b: Starmie|1\n|-damage|p1b: Starmie|0 fnt\n|faint|p1b: Starmie\n|\n|upkeep\n|\n|t:|1776054584\n|switch|p1b: Raichu|Raichu, L50, F|21/100\n|turn|3\n|\n|t:|1776054597\n|switch|p2a: Rotom|Rotom-Wash, L50|100/100\n|move|p1b: Raichu|Fake Out|p2a: Rotom\n|-damage|p2a: Rotom|92/100\n|move|p2b: Garchomp|Rock Slide|p1b: Raichu|[spread] p1a,p1b\n|-damage|p1a: Sinistcha|86/100\n|-damage|p1b: Raichu|0 fnt\n|faint|p1b: Raichu\n|move|p1a: Sinistcha|Trick Room|p1a: Sinistcha\n|-fieldstart|move: Trick Room|[of] p1a: Sinistcha\n|\n|-heal|p2a: Rotom|98/100|[from] item: Leftovers\n|upkeep\n|\n|t:|1776054607\n|switch|p1b: Politoed|Politoed, L50, F|100/100\n|-weather|RainDance|[from] ability: Drizzle|[of] p1b: Politoed\n|turn|4\n|\n|t:|1776054615\n|move|p1a: Sinistcha|Matcha Gotcha|p2b: Garchomp|[spread] p2a,p2b\n|-supereffective|p2a: Rotom|1\n|-damage|p2a: Rotom|48/100\n|-heal|p1a: Sinistcha|100/100|[from] drain|[of] p2a: Rotom\n|-damage|p2b: Garchomp|74/100\n|move|p1b: Politoed|Icy Wind|p2a: Rotom|[spread] p2a,p2b\n|-resisted|p2a: Rotom|1\n|-supereffective|p2b: Garchomp|2\n|-damage|p2a: Rotom|44/100\n|-damage|p2b: Garchomp|35/100\n|-unboost|p2a: Rotom|spe|1\n|-unboost|p2b: Garchomp|spe|1\n|move|p2a: Rotom|Thunderbolt|p1b: Politoed\n|-supereffective|p1b: Politoed|1\n|-damage|p1b: Politoed|47/100\n|-enditem|p1b: Politoed|Sitrus Berry|[eat]\n|-heal|p1b: Politoed|72/100|[from] item: Sitrus Berry\n|move|p2b: Garchomp|Rock Slide|p1a: Sinistcha|[spread] p1a,p1b\n|-damage|p1a: Sinistcha|84/100\n|-damage|p1b: Politoed|54/100\n|\n|-weather|RainDance|[upkeep]\n|-heal|p2a: Rotom|50/100|[from] item: Leftovers\n|upkeep\n|turn|5\n|\n|t:|1776054638\n|move|p2a: Rotom|Thunderbolt|p1b: Politoed\n|-supereffective|p1b: Politoed|1\n|-damage|p1b: Politoed|4/100\n|move|p1a: Sinistcha|Matcha Gotcha|p2a: Rotom|[spread] p2a,p2b\n|-supereffective|p2a: Rotom|1\n|-damage|p2a: Rotom|0 fnt\n|-heal|p1a: Sinistcha|100/100|[from] drain|[of] p2a: Rotom\n|-damage|p2b: Garchomp|7/100\n|faint|p2a: Rotom\n|move|p1b: Politoed|Muddy Water|p2b: Garchomp\n|-damage|p2b: Garchomp|0 fnt\n|faint|p2b: Garchomp\n|\n|-weather|RainDance|[upkeep]\n|upkeep\n|\n|t:|1776054652\n|switch|p2a: Incineroar|Incineroar, L50, F|72/100\n|switch|p2b: Delphox|Delphox, L50, F|100/100\n|-ability|p2a: Incineroar|Intimidate|boost\n|-unboost|p1a: Sinistcha|atk|1\n|-unboost|p1b: Politoed|atk|1\n|turn|6\n|\n|t:|1776054674\n|detailschange|p2b: Delphox|Delphox-Mega, L50, F\n|-mega|p2b: Delphox|Delphox|Delphoxite\n|move|p1b: Politoed|Protect|p1b: Politoed\n|-singleturn|p1b: Politoed|Protect\n|move|p2a: Incineroar|Fake Out|p1b: Politoed\n|-activate|p1b: Politoed|move: Protect\n|move|p1a: Sinistcha|Shadow Ball|p2b: Delphox\n|-supereffective|p2b: Delphox|1\n|-damage|p2b: Delphox|41/100\n|move|p2b: Delphox|Psychic|p1a: Sinistcha\n|-crit|p1a: Sinistcha\n|-damage|p1a: Sinistcha|20/100\n|-unboost|p1a: Sinistcha|spd|1\n|\n|-weather|RainDance|[upkeep]\n|upkeep\n|turn|7\n|\n|t:|1776054691\n|move|p2b: Delphox|Protect|p2b: Delphox\n|-singleturn|p2b: Delphox|Protect\n|move|p1a: Sinistcha|Rage Powder|p1a: Sinistcha\n|-singleturn|p1a: Sinistcha|move: Rage Powder\n|move|p1b: Politoed|Muddy Water|p2b: Delphox|[spread] p2a\n|-activate|p2b: Delphox|move: Protect\n|-supereffective|p2a: Incineroar|1\n|-damage|p2a: Incineroar|21/100\n|-enditem|p2a: Incineroar|Sitrus Berry|[eat]\n|-heal|p2a: Incineroar|46/100|[from] item: Sitrus Berry\n|move|p2a: Incineroar|Throat Chop|p1a: Sinistcha\n|-supereffective|p1a: Sinistcha|1\n|-enditem|p1a: Sinistcha|Colbur Berry|[eat]\n|-enditem|p1a: Sinistcha|Colbur Berry|[weaken]\n|-damage|p1a: Sinistcha|0 fnt\n|faint|p1a: Sinistcha\n|\n|-weather|RainDance|[upkeep]\n|-fieldend|move: Trick Room\n|upkeep\n|turn|8\n|-message|arroyofran2 forfeited.\n|\n|win|lakeandbake\n|raw|arroyofran2's rating: 1094 &rarr; <strong>1072</strong><br />(-22 for losing)\n|raw|lakeandbake's rating: 1131 &rarr; <strong>1153</strong><br />(+22 for winning)\n",
  "uploadtime": 1776054709,
  "views": 11,
  "formatid": "gen9championsvgc2026regma",
  "rating": 1072,
  "private": 0,
  "password": null
}