{
  "id": "gen9championsvgc2026regma-2587056873",
  "format": "[Gen 9 Champions] VGC 2026 Reg M-A",
  "players": [
    "A!! M1GHT",
    "magicalarcher57"
  ],
  "log": "|j|\u2606A!! M1GHT\n|j|\u2606magicalarcher57\n|t:|1776487703\n|gametype|doubles\n|player|p1|A!! M1GHT|265|\n|player|p2|magicalarcher57|valerie|\n|gen|9\n|tier|[Gen 9 Champions] VGC 2026 Reg M-A\n|rated|Tournament battle\n|rule|Species Clause: Limit one of each Pok\u00e9mon\n|rule|Item Clause: Limit 1 of each item\n|raw|<div class=\"infobox\"><details class=\"readmore\" open><summary><strong>1 custom rule:</strong></summary> Force Open Team Sheets</details></div>\n|clearpoke\n|poke|p1|Aerodactyl, L50, F|\n|poke|p1|Tsareena, L50, F|\n|poke|p1|Kingambit, L50, M|\n|poke|p1|Milotic, L50, F, shiny|\n|poke|p1|Tauros-Paldea-Blaze, L50, M, shiny|\n|poke|p1|Gengar, L50, M, shiny|\n|poke|p2|Kangaskhan, L50, F, shiny|\n|poke|p2|Farigiraf, L50, F, shiny|\n|poke|p2|Basculegion, L50, M, shiny|\n|poke|p2|Talonflame, L50, F, shiny|\n|poke|p2|Floette-Eternal, L50, F|\n|poke|p2|Garchomp, L50, M|\n|teampreview|4\n|showteam|p1|Aerodactyl||FocusSash|Unnerve|Taunt,Tailwind,WideGuard,RockSlide|||F|||50|]Tsareena||MiracleSeed|QueenlyMajesty|PlayRough,TropKick,Protect,LowKick|||F|||50|]Kingambit||BlackGlasses|Defiant|KowtowCleave,IronHead,SuckerPunch,Protect|||M|||50|]Milotic||Leftovers|Competitive|Scald,IceBeam,Protect,DragonTail|||F|||50|]Tauros-Paldea-Blaze||BlackBelt|Intimidate|CloseCombat,FlareBlitz,Protect,HighHorsepower|||M|||50|]Gengar||Gengarite|CursedBody|Protect,ShadowBall,SludgeBomb,Psychic|||M|||50|\n|showteam|p2|Kangaskhan||Kangaskhanite|Scrappy|FakeOut,HammerArm,DoubleEdge,Crunch|||F|||50|]Farigiraf||ColburBerry|ArmorTail|ShadowBall,HyperVoice,TrickRoom,Psychic|||F|||50|]Basculegion||MysticWater|Adaptability|WaveCrash,LastRespects,AquaJet,Protect|||M|||50|]Talonflame||SharpBeak|GaleWings|Tailwind,Taunt,Overheat,BraveBird|||F|||50|]Floette-Eternal||Floettite|FlowerVeil|Moonblast,LightofRuin,DazzlingGleam,Protect|||F|||50|]Garchomp||LumBerry|RoughSkin|RockSlide,Earthquake,DragonClaw,Protect|||M|||50|\n|inactive|Battle timer is ON: inactive players will automatically lose when time's up. (requested by A!! M1GHT)\n|c|\u2606A!! M1GHT|Glhf\n|c|\u2606magicalarcher57|glhf\n|inactive|A!! M1GHT has 60 seconds left.\n|\n|t:|1776487747\n|teamsize|p1|4\n|teamsize|p2|4\n|start\n|switch|p1a: Aerodactyl|Aerodactyl, L50, F|100/100\n|switch|p1b: Kingambit|Kingambit, L50, M|100/100\n|switch|p2a: Ryoiki Tenkai|Farigiraf, L50, F, shiny|100/100\n|switch|p2b: Kangaskhan|Kangaskhan, L50, F, shiny|100/100\n|-ability|p1a: Aerodactyl|Unnerve\n|turn|1\n|inactive|A!! M1GHT has 30 seconds left.\n|inactive|magicalarcher57 has 30 seconds left.\n|\n|t:|1776487777\n|switch|p1a: Tsareena|Tsareena, L50, F|100/100\n|detailschange|p2b: Kangaskhan|Kangaskhan-Mega, L50, F, shiny\n|-mega|p2b: Kangaskhan|Kangaskhan|Kangaskhanite\n|move|p2b: Kangaskhan|Hammer Arm|p1b: Kingambit\n|-supereffective|p1b: Kingambit|2\n|-damage|p1b: Kingambit|0 fnt\n|-unboost|p2b: Kangaskhan|spe|1\n|faint|p1b: Kingambit\n|-hitcount|p1: Kingambit|1\n|move|p2a: Ryoiki Tenkai|Trick Room|p2a: Ryoiki Tenkai\n|-fieldstart|move: Trick Room|[of] p2a: Ryoiki Tenkai\n|\n|upkeep\n|\n|t:|1776487791\n|switch|p1b: Gengar|Gengar, L50, M, shiny|100/100\n|turn|2\n|\n|t:|1776487802\n|move|p1b: Gengar|Protect|p1b: Gengar\n|-singleturn|p1b: Gengar|Protect\n|move|p2a: Ryoiki Tenkai|Psychic|p1b: Gengar\n|-activate|p1b: Gengar|move: Protect\n|move|p2b: Kangaskhan|Double-Edge|p1a: Tsareena\n|-damage|p1a: Tsareena|28/100\n|-damage|p1a: Tsareena|11/100\n|-hitcount|p1a: Tsareena|2\n|-damage|p2b: Kangaskhan|75/100|[from] Recoil\n|move|p1a: Tsareena|Low Kick|p2b: Kangaskhan\n|-supereffective|p2b: Kangaskhan|1\n|-damage|p2b: Kangaskhan|10/100\n|\n|upkeep\n|turn|3\n|\n|t:|1776487820\n|switch|p1b: Aerodactyl|Aerodactyl, L50, F|100/100\n|-ability|p1b: Aerodactyl|Unnerve\n|move|p1a: Tsareena|Protect|p1a: Tsareena\n|-singleturn|p1a: Tsareena|Protect\n|move|p2b: Kangaskhan|Crunch|p1a: Tsareena\n|-activate|p1a: Tsareena|move: Protect\n|move|p2a: Ryoiki Tenkai|Psychic|p1b: Aerodactyl\n|-damage|p1b: Aerodactyl|46/100\n|\n|upkeep\n|turn|4\n|\n|t:|1776487836\n|move|p1a: Tsareena|Protect||[still]\n|-fail|p1a: Tsareena\n|move|p1b: Aerodactyl|Wide Guard|p1b: Aerodactyl\n|-singleturn|p1b: Aerodactyl|Wide Guard\n|move|p2a: Ryoiki Tenkai|Hyper Voice|p1b: Aerodactyl|[spread] \n|-activate|p1a: Tsareena|move: Wide Guard\n|-activate|p1b: Aerodactyl|move: Wide Guard\n|move|p2b: Kangaskhan|Crunch|p1b: Aerodactyl\n|-damage|p1b: Aerodactyl|3/100\n|-damage|p1b: Aerodactyl|0 fnt\n|faint|p1b: Aerodactyl\n|-hitcount|p1: Aerodactyl|2\n|\n|upkeep\n|\n|t:|1776487848\n|switch|p1b: Gengar|Gengar, L50, M, shiny|100/100\n|turn|5\n|\n|t:|1776487866\n|move|p1a: Tsareena|Protect|p1a: Tsareena\n|-singleturn|p1a: Tsareena|Protect\n|move|p1b: Gengar|Protect|p1b: Gengar\n|-singleturn|p1b: Gengar|Protect\n|move|p2b: Kangaskhan|Crunch|p1b: Gengar\n|-activate|p1b: Gengar|move: Protect\n|move|p2a: Ryoiki Tenkai|Psychic|p1a: Tsareena\n|-activate|p1a: Tsareena|move: Protect\n|\n|-fieldend|move: Trick Room\n|upkeep\n|turn|6\n|\n|t:|1776487884\n|detailschange|p1b: Gengar|Gengar-Mega, L50, M, shiny\n|-mega|p1b: Gengar|Gengar|Gengarite\n|move|p1b: Gengar|Psychic|p2a: Ryoiki Tenkai\n|-resisted|p2a: Ryoiki Tenkai|1\n|-damage|p2a: Ryoiki Tenkai|79/100\n|move|p1a: Tsareena|Low Kick|p2b: Kangaskhan\n|-supereffective|p2b: Kangaskhan|1\n|-damage|p2b: Kangaskhan|0 fnt\n|faint|p2b: Kangaskhan\n|move|p2a: Ryoiki Tenkai|Psychic|p1b: Gengar\n|-supereffective|p1b: Gengar|1\n|-damage|p1b: Gengar|0 fnt\n|faint|p1b: Gengar\n|\n|upkeep\n|j| christianfinity\n|-message|A!! M1GHT forfeited.\n|\n|win|magicalarcher57\n|n|\u2606A!! M1GHT|am1ght\n|n|\u2606magicalarcher57|magicalarcher57\n|n| christianfinity|christianfinity\n|l|\u2606A!! M1GHT\n|player|p1|\n",
  "uploadtime": 1776487896,
  "views": 12,
  "formatid": "gen9championsvgc2026regma",
  "rating": null,
  "private": 0,
  "password": null
}