{
  "id": "gen9championsvgc2026regma-2586169820",
  "format": "[Gen 9 Champions] VGC 2026 Reg M-A",
  "players": [
    "mahou no prism",
    "Mentalsyndrome"
  ],
  "log": "|j|\u2606mahou no prism\n|j|\u2606Mentalsyndrome\n|t:|1776407896\n|gametype|doubles\n|player|p1|mahou no prism|miku-fairy|1181\n|player|p2|Mentalsyndrome|169|1174\n|gen|9\n|tier|[Gen 9 Champions] VGC 2026 Reg M-A\n|rated|\n|rule|Species Clause: Limit one of each Pok\u00e9mon\n|rule|Item Clause: Limit 1 of each item\n|clearpoke\n|poke|p1|Oranguru, L50, F|\n|poke|p1|Sylveon, L50, M|\n|poke|p1|Golurk, L50|\n|poke|p1|Milotic, L50, F|\n|poke|p1|Incineroar, L50, F|\n|poke|p1|Heracross, L50, M|\n|poke|p2|Tinkaton, L50, F|\n|poke|p2|Kangaskhan, L50, F|\n|poke|p2|Farigiraf, L50, M|\n|poke|p2|Camerupt, L50, F|\n|poke|p2|Gardevoir, L50, M|\n|poke|p2|Conkeldurr, L50, M|\n|teampreview|4\n|inactive|Battle timer is ON: inactive players will automatically lose when time's up. (requested by Mentalsyndrome)\n|inactive|Mentalsyndrome has 60 seconds left.\n|\n|t:|1776407932\n|teamsize|p1|4\n|teamsize|p2|4\n|start\n|switch|p1a: Oranguru|Oranguru, L50, F|100/100\n|switch|p1b: Heracross|Heracross, L50, M|100/100\n|switch|p2a: Kangaskhan|Kangaskhan, L50, F|100/100\n|switch|p2b: Farigiraf|Farigiraf, L50, M|100/100\n|turn|1\n|\n|t:|1776407948\n|detailschange|p1b: Heracross|Heracross-Mega, L50, M\n|-mega|p1b: Heracross|Heracross|Heracronite\n|move|p1b: Heracross|Protect|p1b: Heracross\n|-singleturn|p1b: Heracross|Protect\n|move|p2a: Kangaskhan|Fake Out|p1b: Heracross\n|-activate|p1b: Heracross|move: Protect\n|move|p1a: Oranguru|Trick Room|p1a: Oranguru\n|-fieldstart|move: Trick Room|[of] p1a: Oranguru\n|move|p2b: Farigiraf|Trick Room|p2b: Farigiraf\n|-fieldend|move: Trick Room\n|\n|upkeep\n|turn|2\n|\n|t:|1776407961\n|move|p2b: Farigiraf|Helping Hand|p2a: Kangaskhan\n|-singleturn|p2a: Kangaskhan|Helping Hand|[of] p2b: Farigiraf\n|move|p2a: Kangaskhan|Double-Edge|p1b: Heracross\n|-damage|p1b: Heracross|10/100\n|-damage|p2a: Kangaskhan|71/100|[from] Recoil\n|move|p1b: Heracross|Pin Missile|p2b: Farigiraf\n|-supereffective|p2b: Farigiraf|1\n|-crit|p2b: Farigiraf\n|-damage|p2b: Farigiraf|45/100\n|-supereffective|p2b: Farigiraf|1\n|-damage|p2b: Farigiraf|12/100\n|-supereffective|p2b: Farigiraf|1\n|-damage|p2b: Farigiraf|0 fnt\n|faint|p2b: Farigiraf\n|-hitcount|p2: Farigiraf|3\n|move|p1a: Oranguru|Trick Room|p1a: Oranguru\n|-fieldstart|move: Trick Room|[of] p1a: Oranguru\n|\n|upkeep\n|\n|t:|1776407967\n|switch|p2b: Camerupt|Camerupt, L50, F|100/100\n|turn|3\n|\n|t:|1776407985\n|switch|p1b: Sylveon|Sylveon, L50, M|100/100\n|detailschange|p2b: Camerupt|Camerupt-Mega, L50, F\n|-mega|p2b: Camerupt|Camerupt|Cameruptite\n|move|p2b: Camerupt|Eruption|p1b: Sylveon|[spread] p1a,p1b\n|-damage|p1a: Oranguru|45/100\n|-damage|p1b: Sylveon|54/100\n|move|p1a: Oranguru|Psychic|p2b: Camerupt\n|-damage|p2b: Camerupt|73/100\n|move|p2a: Kangaskhan|Double-Edge|p1a: Oranguru\n|-damage|p1a: Oranguru|0 fnt\n|faint|p1a: Oranguru\n|-damage|p2a: Kangaskhan|56/100|[from] Recoil\n|\n|upkeep\n|\n|t:|1776407996\n|switch|p1a: Golurk|Golurk, L50|100/100\n|turn|4\n|\n|t:|1776408009\n|move|p2b: Camerupt|Protect|p2b: Camerupt\n|-singleturn|p2b: Camerupt|Protect\n|move|p2a: Kangaskhan|Sucker Punch|p1a: Golurk\n|-supereffective|p1a: Golurk|1\n|-damage|p1a: Golurk|57/100\n|move|p1a: Golurk|Headlong Rush|p2b: Camerupt\n|-activate|p2b: Camerupt|move: Protect\n|move|p1b: Sylveon|Hyper Voice|p2a: Kangaskhan|[spread] p2a\n|-activate|p2b: Camerupt|move: Protect\n|-damage|p2a: Kangaskhan|3/100\n|\n|upkeep\n|turn|5\n|\n|t:|1776408021\n|move|p1a: Golurk|Protect|p1a: Golurk\n|-singleturn|p1a: Golurk|Protect\n|move|p2a: Kangaskhan|Sucker Punch||[still]\n|-fail|p2a: Kangaskhan\n|move|p2b: Camerupt|Eruption|p1b: Sylveon|[spread] p1b\n|-activate|p1a: Golurk|move: Protect\n|-damage|p1b: Sylveon|19/100\n|move|p1b: Sylveon|Hyper Voice|p2b: Camerupt|[spread] p2a,p2b\n|-resisted|p2b: Camerupt|1\n|-damage|p2a: Kangaskhan|0 fnt\n|-damage|p2b: Camerupt|48/100\n|faint|p2a: Kangaskhan\n|\n|upkeep\n|\n|t:|1776408023\n|switch|p2a: Conkeldurr|Conkeldurr, L50, M|100/100\n|turn|6\n|\n|t:|1776408042\n|switch|p1a: Heracross|Heracross-Mega, L50, M|10/100\n|move|p1b: Sylveon|Protect|p1b: Sylveon\n|-singleturn|p1b: Sylveon|Protect\n|move|p2b: Camerupt|Earth Power|p1a: Heracross\n|-resisted|p1a: Heracross|1\n|-damage|p1a: Heracross|0 fnt\n|faint|p1a: Heracross\n|move|p2a: Conkeldurr|Ice Punch|p1b: Sylveon\n|-activate|p1b: Sylveon|move: Protect\n|\n|-fieldend|move: Trick Room\n|upkeep\n|\n|t:|1776408047\n|switch|p1a: Golurk|Golurk, L50|57/100\n|turn|7\n|\n|t:|1776408058\n|move|p2b: Camerupt|Protect|p2b: Camerupt\n|-singleturn|p2b: Camerupt|Protect\n|move|p2a: Conkeldurr|Mach Punch|p1b: Sylveon\n|-resisted|p1b: Sylveon|1\n|-crit|p1b: Sylveon\n|-damage|p1b: Sylveon|0 fnt\n|faint|p1b: Sylveon\n|move|p1a: Golurk|Headlong Rush|p2b: Camerupt\n|-activate|p2b: Camerupt|move: Protect\n|\n|upkeep\n|turn|8\n|c|\u2606mahou no prism|oh ok\n|\n|t:|1776408066\n|move|p1a: Golurk|Headlong Rush|p2b: Camerupt\n|-supereffective|p2b: Camerupt|1\n|-damage|p2b: Camerupt|0 fnt\n|-unboost|p1a: Golurk|def|1\n|-unboost|p1a: Golurk|spd|1\n|faint|p2b: Camerupt\n|move|p2a: Conkeldurr|Ice Punch|p1a: Golurk\n|-supereffective|p1a: Golurk|1\n|-damage|p1a: Golurk|0 fnt\n|faint|p1a: Golurk\n|\n|win|Mentalsyndrome\n|raw|mahou no prism's rating: 1181 &rarr; <strong>1155</strong><br />(-26 for losing)\n|raw|Mentalsyndrome's rating: 1174 &rarr; <strong>1200</strong><br />(+26 for winning)\n|l|\u2606mahou no prism\n|player|p1|\n",
  "uploadtime": 1776408072,
  "views": 18,
  "formatid": "gen9championsvgc2026regma",
  "rating": 1155,
  "private": 0,
  "password": null
}