{
  "id": "gen9championsvgc2026regma-2586389371",
  "format": "[Gen 9 Champions] VGC 2026 Reg M-A",
  "players": [
    "Rizalynn",
    "Aria9"
  ],
  "log": "|j|\u2606Rizalynn\n|j|\u2606Aria9\n|t:|1776431135\n|gametype|doubles\n|player|p1|Rizalynn|2|1040\n|player|p2|Aria9|101|1034\n|gen|9\n|tier|[Gen 9 Champions] VGC 2026 Reg M-A\n|rated|\n|rule|Species Clause: Limit one of each Pok\u00e9mon\n|rule|Item Clause: Limit 1 of each item\n|clearpoke\n|poke|p1|Aggron, L50, M|\n|poke|p1|Basculegion, L50, M|\n|poke|p1|Pelipper, L50, F|\n|poke|p1|Sinistcha, L50|\n|poke|p1|Incineroar, L50, M|\n|poke|p1|Dragonite, L50, M|\n|poke|p2|Sneasler, L50, F|\n|poke|p2|Aerodactyl, L50, F|\n|poke|p2|Kangaskhan, L50, F|\n|poke|p2|Archaludon, L50, M|\n|poke|p2|Pelipper, L50, M|\n|poke|p2|Meganium, L50, F|\n|teampreview|4\n|inactive|Battle timer is ON: inactive players will automatically lose when time's up. (requested by Rizalynn)\nRizalynn rejected open team sheets.\n|\n|t:|1776431171\n|teamsize|p1|4\n|teamsize|p2|4\n|start\n|switch|p1a: THE WALL|Aggron, L50, M|100/100\n|switch|p1b: Wolfey|Incineroar, L50, M|100/100\n|switch|p2a: Archaludon|Archaludon, L50, M|100/100\n|switch|p2b: Aerodactyl|Aerodactyl, L50, F|100/100\n|-ability|p2b: Aerodactyl|Unnerve\n|-ability|p1b: Wolfey|Intimidate|boost\n|-unboost|p2a: Archaludon|atk|1\n|-unboost|p2b: Aerodactyl|atk|1\n|turn|1\n|\n|t:|1776431194\n|detailschange|p1a: THE WALL|Aggron-Mega, L50, M\n|-mega|p1a: THE WALL|Aggron|Aggronite\n|move|p2a: Archaludon|Protect|p2a: Archaludon\n|-singleturn|p2a: Archaludon|Protect\n|move|p1b: Wolfey|Fake Out|p2a: Archaludon\n|-activate|p2a: Archaludon|move: Protect\n|move|p2b: Aerodactyl|Tailwind|p2b: Aerodactyl\n|-sidestart|p2: Aria9|move: Tailwind\n|move|p1a: THE WALL|Iron Defense|p1a: THE WALL\n|-boost|p1a: THE WALL|def|2\n|\n|upkeep\n|turn|2\n|inactive|Aria9 has 30 seconds left.\n|\n|t:|1776431227\n|switch|p2a: Sneasler|Sneasler, L50, F, shiny|100/100\n|move|p2b: Aerodactyl|Rock Slide|p1b: Wolfey|[spread] p1a,p1b\n|-resisted|p1a: THE WALL|1\n|-supereffective|p1b: Wolfey|1\n|-damage|p1a: THE WALL|98/100\n|-damage|p1b: Wolfey|70/100\n|move|p1b: Wolfey|Parting Shot|p2b: Aerodactyl\n|-unboost|p2b: Aerodactyl|atk|1\n|-unboost|p2b: Aerodactyl|spa|1\n|\n|t:|1776431237\n|switch|p1b: Booze|Sinistcha, L50|100/100|[from] Parting Shot\n|-heal|p1a: THE WALL|100/100|[from] ability: Hospitality|[of] p1b: Booze\n|move|p1a: THE WALL|Body Press|p2a: Sneasler\n|-resisted|p2a: Sneasler|1\n|-damage|p2a: Sneasler|35/100\n|\n|upkeep\n|turn|3\n|\n|t:|1776431248\n|switch|p2b: Meganium|Meganium, L50, F|100/100\n|move|p1a: THE WALL|Protect|p1a: THE WALL\n|-singleturn|p1a: THE WALL|Protect\n|move|p2a: Sneasler|Fake Out|p1a: THE WALL\n|-activate|p1a: THE WALL|move: Protect\n|move|p1b: Booze|Trick Room|p1b: Booze\n|-fieldstart|move: Trick Room|[of] p1b: Booze\n|\n|upkeep\n|turn|4\n|\n|t:|1776431271\n|switch|p1a: Wolfey|Incineroar, L50, M|70/100\n|-ability|p1a: Wolfey|Intimidate|boost\n|-unboost|p2a: Sneasler|atk|1\n|-unboost|p2b: Meganium|atk|1\n|-enditem|p2a: Sneasler|White Herb\n|-clearnegativeboost|p2a: Sneasler|[silent]\n|move|p2b: Meganium|Protect|p2b: Meganium\n|-singleturn|p2b: Meganium|Protect\n|move|p2a: Sneasler|Protect|p2a: Sneasler\n|-singleturn|p2a: Sneasler|Protect\n|move|p1b: Booze|Matcha Gotcha|p2b: Meganium|[spread] \n|-activate|p2a: Sneasler|move: Protect\n|-activate|p2b: Meganium|move: Protect\n|\n|-sideend|p2: Aria9|move: Tailwind\n|upkeep\n|turn|5\n|\n|t:|1776431294\n|switch|p1b: THE WALL|Aggron-Mega, L50, M|100/100\n|switch|p2a: Archaludon|Archaludon, L50, M|100/100\n|detailschange|p2b: Meganium|Meganium-Mega, L50, F\n|-mega|p2b: Meganium|Meganium|Meganiumite\n|move|p1a: Wolfey|Flare Blitz|p2b: Meganium\n|-supereffective|p2b: Meganium|1\n|-damage|p2b: Meganium|14/100\n|-status|p2b: Meganium|brn\n|-damage|p1a: Wolfey|44/100|[from] Recoil\n|move|p2b: Meganium|Dazzling Gleam|p1a: Wolfey|[spread] p1a,p1b\n|-resisted|p1b: THE WALL|1\n|-damage|p1a: Wolfey|17/100\n|-damage|p1b: THE WALL|85/100\n|\n|-damage|p2b: Meganium|8/100 brn|[from] brn\n|upkeep\n|turn|6\n|inactive|Aria9 has 30 seconds left.\n|\n|t:|1776431328\n|move|p1b: THE WALL|Protect|p1b: THE WALL\n|-singleturn|p1b: THE WALL|Protect\n|move|p2b: Meganium|Protect|p2b: Meganium\n|-singleturn|p2b: Meganium|Protect\n|move|p1a: Wolfey|Parting Shot|p2a: Archaludon\n|-unboost|p2a: Archaludon|atk|1\n|-unboost|p2a: Archaludon|spa|1\n|\n|t:|1776431335\n|switch|p1a: Booze|Sinistcha, L50|100/100|[from] Parting Shot\n|-heal|p1b: THE WALL|100/100|[from] ability: Hospitality|[of] p1a: Booze\n|move|p2a: Archaludon|Electro Shot||[still]\n|-prepare|p2a: Archaludon|Electro Shot\n|-boost|p2a: Archaludon|spa|1\n|\n|-damage|p2b: Meganium|2/100 brn|[from] brn\n|upkeep\n|turn|7\n|\n|t:|1776431355\n|switch|p2b: Aerodactyl|Aerodactyl, L50, F|100/100\n|-ability|p2b: Aerodactyl|Unnerve\n|move|p1b: THE WALL|Body Press|p2a: Archaludon\n|-supereffective|p2a: Archaludon|1\n|-damage|p2a: Archaludon|42/100\n|-ability|p2a: Archaludon|Stamina|boost\n|-boost|p2a: Archaludon|def|1\n|move|p1a: Booze|Matcha Gotcha|p2b: Aerodactyl|[spread] p2a,p2b\n|-resisted|p2a: Archaludon|2\n|-damage|p2a: Archaludon|32/100\n|-damage|p2b: Aerodactyl|68/100\n|-status|p2a: Archaludon|brn\n|-status|p2b: Aerodactyl|brn\n|-ability|p2a: Archaludon|Stamina|boost\n|-boost|p2a: Archaludon|def|1\n|move|p2a: Archaludon|Electro Shot|p1b: THE WALL|[from] lockedmove\n|-damage|p1b: THE WALL|62/100\n|\n|-heal|p2a: Archaludon|38/100 brn|[from] item: Leftovers\n|-damage|p2a: Archaludon|32/100 brn|[from] brn\n|-damage|p2b: Aerodactyl|62/100 brn|[from] brn\n|-fieldend|move: Trick Room\n|upkeep\n|turn|8\n|-message|Aria9 forfeited.\n|\n|win|Rizalynn\n|raw|Rizalynn's rating: 1040 &rarr; <strong>1073</strong><br />(+33 for winning)\n|raw|Aria9's rating: 1034 &rarr; <strong>1019</strong><br />(-15 for losing)\n|l|\u2606Aria9\n|player|p2|\n",
  "uploadtime": 1776431377,
  "views": 27,
  "formatid": "gen9championsvgc2026regma",
  "rating": 1019,
  "private": 0,
  "password": null
}