{
  "id": "gen9championsvgc2026regma-2581055696",
  "format": "[Gen 9 Champions] VGC 2026 Reg M-A",
  "players": [
    "Galbitrix",
    "BiggerMonkey"
  ],
  "log": "|j|\u2606Galbitrix\n|j|\u2606BiggerMonkey\n|t:|1775955671\n|gametype|doubles\n|player|p1|Galbitrix|1|\n|player|p2|BiggerMonkey|clay|\n|gen|9\n|tier|[Gen 9 Champions] VGC 2026 Reg M-A\n|rule|Species Clause: Limit one of each Pok\u00e9mon\n|rule|Item Clause: Limit 1 of each item\n|clearpoke\n|poke|p1|Pelipper, L50, M|\n|poke|p1|Archaludon, L50, M|\n|poke|p1|Clefable, L50, F|\n|poke|p1|Basculegion, L50, M|\n|poke|p1|Sneasler, L50, F|\n|poke|p1|Palafin, L50, M|\n|poke|p2|Scovillain, L50, F|\n|poke|p2|Pangoro, L50, F|\n|poke|p2|Klefki, L50, F|\n|poke|p2|Diggersby, L50, M|\n|poke|p2|Greninja-*, L50, F|\n|poke|p2|Hatterene, L50, F|\n|teampreview|4\n|\n|t:|1775955702\n|teamsize|p1|4\n|teamsize|p2|4\n|start\n|switch|p1a: Pelipper|Pelipper, L50, M|100/100\n|switch|p1b: Palafin|Palafin, L50, M|100/100\n|switch|p2a: Klepto|Klefki, L50, F|100/100\n|switch|p2b: Shinobi|Greninja, L50, F|100/100\n|-weather|RainDance|[from] ability: Drizzle|[of] p1a: Pelipper\n|turn|1\n|\n|t:|1775955722\n|move|p2a: Klepto|Thunder Wave|p1b: Palafin\n|-status|p1b: Palafin|par\n|move|p2b: Shinobi|Toxic Spikes|p1b: Palafin\n|-start|p2b: Shinobi|typechange|Poison|[from] ability: Protean\n|-sidestart|p1: Galbitrix|move: Toxic Spikes\n|move|p1b: Palafin|Flip Turn|p2a: Klepto\n|-damage|p2a: Klepto|66/100\n|\n|t:|1775955731\n|detailschange|p1b: Palafin|Palafin-Hero, L50, M\n|switch|p1b: Basculegion|Basculegion, L50, M|100/100|[from] Flip Turn\n|-status|p1b: Basculegion|psn\n|move|p1a: Pelipper|Tailwind|p1a: Pelipper\n|-sidestart|p1: Galbitrix|move: Tailwind\n|\n|-weather|RainDance|[upkeep]\n|-damage|p1b: Basculegion|88/100 psn|[from] psn\n|upkeep\n|turn|2\n|\n|t:|1775955797\n|move|p1b: Basculegion|Flip Turn|p2a: Klepto\n|-damage|p2a: Klepto|12/100\n|\n|t:|1775955800\n|switch|p1b: Archaludon|Archaludon, L50, M|100/100|[from] Flip Turn\n|move|p2b: Shinobi|U-turn|p1b: Archaludon\n|-resisted|p1b: Archaludon|1\n|-damage|p1b: Archaludon|96/100\n|-ability|p1b: Archaludon|Stamina|boost\n|-boost|p1b: Archaludon|def|1\n|\n|t:|1775955807\n|switch|p2b: Sukeban|Hatterene, L50, F|100/100|[from] U-turn\n|move|p1a: Pelipper|Weather Ball|p2a: Klepto\n|-damage|p2a: Klepto|0 fnt\n|faint|p2a: Klepto\n|\n|-weather|RainDance|[upkeep]\n|upkeep\n|\n|t:|1775955815\n|switch|p2a: Bancho|Pangoro, L50, F|100/100\n|turn|3\n|\n|t:|1775955834\n|move|p1b: Archaludon|Flash Cannon|p2b: Sukeban\n|-supereffective|p2b: Sukeban|1\n|-damage|p2b: Sukeban|15/100\n|-enditem|p2b: Sukeban|Sitrus Berry|[eat]\n|-heal|p2b: Sukeban|40/100|[from] item: Sitrus Berry\n|move|p1a: Pelipper|Hurricane|p2a: Bancho\n|-supereffective|p2a: Bancho|1\n|-damage|p2a: Bancho|17/100\n|-start|p2a: Bancho|confusion\n|-activate|p2a: Bancho|confusion\n|-damage|p2a: Bancho|1/100|[from] confusion\n|move|p2b: Sukeban|Mystical Fire|p1b: Archaludon\n|-damage|p1b: Archaludon|73/100\n|-unboost|p1b: Archaludon|spa|1\n|-ability|p1b: Archaludon|Stamina|boost\n|-boost|p1b: Archaludon|def|1\n|\n|-weather|RainDance|[upkeep]\n|-heal|p2a: Bancho|7/100|[from] item: Leftovers\n|upkeep\n|turn|4\n|\n|t:|1775955859\n|move|p1b: Archaludon|Flash Cannon|p2b: Sukeban\n|-supereffective|p2b: Sukeban|1\n|-damage|p2b: Sukeban|0 fnt\n|faint|p2b: Sukeban\n|move|p1a: Pelipper|Hurricane|p2a: Bancho\n|-supereffective|p2a: Bancho|1\n|-damage|p2a: Bancho|0 fnt\n|faint|p2a: Bancho\n|\n|-weather|RainDance|[upkeep]\n|-sideend|p1: Galbitrix|move: Tailwind\n|upkeep\n|\n|t:|1775955869\n|switch|p2b: Shinobi|Greninja, L50, F|100/100\n|turn|5\n|\n|t:|1775955878\n|move|p2b: Shinobi|Weather Ball|p1b: Archaludon\n|-start|p2b: Shinobi|typechange|Water|[from] ability: Protean\n|-resisted|p1b: Archaludon|1\n|-damage|p1b: Archaludon|24/100\n|-ability|p1b: Archaludon|Stamina|boost\n|-boost|p1b: Archaludon|def|1\n|-enditem|p1b: Archaludon|Sitrus Berry|[eat]\n|-heal|p1b: Archaludon|48/100|[from] item: Sitrus Berry\n|move|p1b: Archaludon|Aura Sphere|p2b: Shinobi\n|-damage|p2b: Shinobi|71/100\n|move|p1a: Pelipper|Tailwind|p1a: Pelipper\n|-sidestart|p1: Galbitrix|move: Tailwind\n|\n|-weather|none\n|upkeep\n|turn|6\n|\n|t:|1775955918\n|switch|p1a: Palafin|Palafin-Hero, L50, M|100/100 par\n|-activate|p1a: Palafin|ability: Zero to Hero\n|move|p2b: Shinobi|Water Shuriken|p1b: Archaludon\n|-resisted|p1b: Archaludon|1\n|-damage|p1b: Archaludon|43/100\n|-ability|p1b: Archaludon|Stamina|boost\n|-boost|p1b: Archaludon|def|1\n|-resisted|p1b: Archaludon|1\n|-damage|p1b: Archaludon|37/100\n|-ability|p1b: Archaludon|Stamina|boost\n|-boost|p1b: Archaludon|def|1\n|-hitcount|p1b: Archaludon|2\n|move|p1b: Archaludon|Electro Shot||[still]\n|-prepare|p1b: Archaludon|Electro Shot\n|-boost|p1b: Archaludon|spa|1\n|\n|upkeep\n|turn|7\n|\n|t:|1775955940\n|move|p1a: Palafin|Close Combat|p2b: Shinobi\n|-damage|p2b: Shinobi|0 fnt\n|-unboost|p1a: Palafin|def|1\n|-unboost|p1a: Palafin|spd|1\n|faint|p2b: Shinobi\n|\n|win|Galbitrix\n|l|\u2606BiggerMonkey\n|player|p2|\n",
  "uploadtime": 1775955949,
  "views": 9,
  "formatid": "gen9championsvgc2026regma",
  "rating": null,
  "private": 0,
  "password": null
}