{
  "id": "gen9championsvgc2026regma-2589505428",
  "format": "[Gen 9 Champions] VGC 2026 Reg M-A",
  "players": [
    "regitron 21",
    "Northgdh"
  ],
  "log": "|j|\u2606regitron 21\n|j|\u2606Northgdh\n|t:|1776729078\n|gametype|doubles\n|player|p1|regitron 21|n|1248\n|player|p2|Northgdh|pokemonranger-gen4|1283\n|gen|9\n|tier|[Gen 9 Champions] VGC 2026 Reg M-A\n|rated|\n|rule|Species Clause: Limit one of each Pok\u00e9mon\n|rule|Item Clause: Limit 1 of each item\n|clearpoke\n|poke|p1|Aegislash, L50, M|\n|poke|p1|Froslass, L50, F|\n|poke|p1|Incineroar, L50, F|\n|poke|p1|Sneasler, L50, F|\n|poke|p1|Rotom-Wash, L50|\n|poke|p1|Volcarona, L50, M|\n|poke|p2|Floette-Eternal, L50, F|\n|poke|p2|Sinistcha, L50|\n|poke|p2|Espathra, L50, M|\n|poke|p2|Incineroar, L50, M, shiny|\n|poke|p2|Garchomp, L50, F|\n|poke|p2|Ninetales-Alola, L50, M, shiny|\n|teampreview|4\n|inactive|Battle timer is ON: inactive players will automatically lose when time's up. (requested by Northgdh)\n|c|\u2606regitron 21|hey good luck bud\n|c|\u2606regitron 21|cool team\n|inactive|regitron 21 has 60 seconds left.\n|inactive|Northgdh has 60 seconds left.\n|c|\u2606Northgdh|Ty! Good luck!\n|c|\u2606regitron 21|tnx\n|inactive|regitron 21 has 30 seconds left.\n|inactive|regitron 21 has 20 seconds left.\n|\n|t:|1776729152\n|teamsize|p1|4\n|teamsize|p2|4\n|start\n|switch|p1a: Incineroar|Incineroar, L50, F|100/100\n|switch|p1b: Rotom|Rotom-Wash, L50|100/100\n|switch|p2a: Espathra|Espathra, L50, M|100/100\n|switch|p2b: Garchomp|Garchomp, L50, F|100/100\n|-ability|p1a: Incineroar|Intimidate|boost\n|-unboost|p2a: Espathra|atk|1\n|-unboost|p2b: Garchomp|atk|1\n|-enditem|p2b: Garchomp|White Herb\n|-clearnegativeboost|p2b: Garchomp|[silent]\n|turn|1\n|inactive|Northgdh has 30 seconds left.\n|\n|t:|1776729178\n|move|p1a: Incineroar|Fake Out|p2b: Garchomp\n|-damage|p2b: Garchomp|88/100\n|-damage|p1a: Incineroar|88/100|[from] ability: Rough Skin|[of] p2b: Garchomp\n|move|p1b: Rotom|Trick|p2a: Espathra\n|-activate|p1b: Rotom|move: Trick|[of] p2a: Espathra\n|-item|p2a: Espathra|Choice Scarf|[from] move: Trick\n|-item|p1b: Rotom|Focus Sash|[from] move: Trick\n|move|p2a: Espathra|Calm Mind|p2a: Espathra\n|-boost|p2a: Espathra|spa|1\n|-boost|p2a: Espathra|spd|1\n|cant|p2b: Garchomp|flinch\n|\n|-ability|p2a: Espathra|Speed Boost|boost\n|-boost|p2a: Espathra|spe|1\n|upkeep\n|turn|2\n|inactive|Northgdh has 30 seconds left.\n|\n|t:|1776729207\n|switch|p2a: Incin|Incineroar, L50, M, shiny|100/100\n|-ability|p2a: Incin|Intimidate|boost\n|-unboost|p1a: Incineroar|atk|1\n|-unboost|p1b: Rotom|atk|1\n|switch|p1a: Volcarona|Volcarona, L50, M|100/100\n|move|p2b: Garchomp|Stomping Tantrum|p1a: Volcarona\n|-damage|p1a: Volcarona|0 fnt\n|faint|p1a: Volcarona\n|move|p1b: Rotom|Will-O-Wisp|p2b: Garchomp\n|-status|p2b: Garchomp|brn\n|\n|-damage|p2b: Garchomp|82/100 brn|[from] brn\n|upkeep\n|\n|t:|1776729218\n|switch|p1a: Incineroar|Incineroar, L50, F|88/100\n|-ability|p1a: Incineroar|Intimidate|boost\n|-unboost|p2a: Incin|atk|1\n|-unboost|p2b: Garchomp|atk|1\n|turn|3\n|\n|t:|1776729227\n|move|p2a: Incin|Fake Out|p1a: Incineroar\n|-damage|p1a: Incineroar|82/100\n|move|p2b: Garchomp|Stomping Tantrum|p1a: Incineroar\n|-supereffective|p1a: Incineroar|1\n|-damage|p1a: Incineroar|56/100\n|move|p1b: Rotom|Hydro Pump|p2a: Incin\n|-supereffective|p2a: Incin|1\n|-damage|p2a: Incin|13/100\n|-enditem|p2a: Incin|Sitrus Berry|[eat]\n|-heal|p2a: Incin|38/100|[from] item: Sitrus Berry\n|cant|p1a: Incineroar|flinch\n|\n|-damage|p2b: Garchomp|76/100 brn|[from] brn\n|upkeep\n|turn|4\n|\n|t:|1776729248\n|switch|p2a: Espathra|Espathra, L50, M|100/100\n|move|p2b: Garchomp|Stomping Tantrum|p1a: Incineroar\n|-supereffective|p1a: Incineroar|1\n|-damage|p1a: Incineroar|34/100\n|-enditem|p1a: Incineroar|Sitrus Berry|[eat]\n|-heal|p1a: Incineroar|59/100|[from] item: Sitrus Berry\n|move|p1b: Rotom|Hydro Pump|p2a: Espathra\n|-damage|p2a: Espathra|19/100\n|move|p1a: Incineroar|Darkest Lariat|p2b: Garchomp\n|-damage|p2b: Garchomp|44/100 brn\n|-damage|p1a: Incineroar|47/100|[from] ability: Rough Skin|[of] p2b: Garchomp\n|\n|-damage|p2b: Garchomp|38/100 brn|[from] brn\n|upkeep\n|turn|5\n|\n|t:|1776729272\n|move|p2a: Espathra|Lumina Crash|p1b: Rotom\n|-damage|p1b: Rotom|50/100\n|-unboost|p1b: Rotom|spd|2\n|move|p2b: Garchomp|Stomping Tantrum|p1a: Incineroar\n|-supereffective|p1a: Incineroar|1\n|-damage|p1a: Incineroar|22/100\n|move|p1b: Rotom|Hydro Pump|p2b: Garchomp\n|-damage|p2b: Garchomp|0 fnt\n|faint|p2b: Garchomp\n|move|p1a: Incineroar|Darkest Lariat|p2a: Espathra\n|-supereffective|p2a: Espathra|1\n|-damage|p2a: Espathra|0 fnt\n|faint|p2a: Espathra\n|\n|upkeep\n|\n|t:|1776729279\n|switch|p2a: Floette|Floette-Eternal, L50, F|100/100\n|switch|p2b: Incin|Incineroar, L50, M, shiny|38/100\n|-ability|p2b: Incin|Intimidate|boost\n|-unboost|p1a: Incineroar|atk|1\n|-unboost|p1b: Rotom|atk|1\n|turn|6\n|\n|t:|1776729297\n|switch|p1b: Aegislash|Aegislash, L50, M|100/100\n|detailschange|p2a: Floette|Floette-Mega, L50, F\n|-mega|p2a: Floette|Floette|Floettite\n|-ability|p2a: Floette|Fairy Aura\n|move|p2a: Floette|Dazzling Gleam|p1a: Incineroar|[spread] p1a,p1b\n|-resisted|p1b: Aegislash|1\n|-damage|p1a: Incineroar|0 fnt\n|-damage|p1b: Aegislash|80/100\n|faint|p1a: Incineroar\n|move|p2b: Incin|Will-O-Wisp|p1b: Aegislash\n|-status|p1b: Aegislash|brn\n|\n|-damage|p1b: Aegislash|74/100 brn|[from] brn\n|upkeep\n|\n|t:|1776729309\n|switch|p1a: Rotom|Rotom-Wash, L50|50/100\n|turn|7\n|\n|t:|1776729315\n|move|p2a: Floette|Dazzling Gleam|p1b: Aegislash|[spread] p1a,p1b\n|-resisted|p1b: Aegislash|1\n|-damage|p1a: Rotom|0 fnt\n|-damage|p1b: Aegislash|55/100 brn\n|faint|p1a: Rotom\n|move|p2b: Incin|Throat Chop|p1b: Aegislash\n|-supereffective|p1b: Aegislash|1\n|-damage|p1b: Aegislash|7/100 brn\n|-start|p1b: Aegislash|Throat Chop|[silent]\n|-formechange|p1b: Aegislash|Aegislash-Blade|\n|move|p1b: Aegislash|Poltergeist|p2a: Floette\n|-activate|p2a: Floette|move: Poltergeist|Floettite\n|-damage|p2a: Floette|49/100\n|\n|-damage|p1b: Aegislash|1/100 brn|[from] brn\n|upkeep\n|turn|8\n|\n|t:|1776729325\n|move|p2a: Floette|Protect|p2a: Floette\n|-singleturn|p2a: Floette|Protect\n|move|p1b: Aegislash|Shadow Sneak|p2a: Floette\n|-activate|p2a: Floette|move: Protect\n|move|p2b: Incin|Throat Chop|p1b: Aegislash\n|-supereffective|p1b: Aegislash|1\n|-damage|p1b: Aegislash|0 fnt\n|faint|p1b: Aegislash\n|\n|win|Northgdh\n|raw|regitron 21's rating: 1248 &rarr; <strong>1226</strong><br />(-22 for losing)\n|raw|Northgdh's rating: 1283 &rarr; <strong>1305</strong><br />(+22 for winning)\n|c|\u2606regitron 21|gg\n|c|\u2606Northgdh|ggwp\n|c|\u2606regitron 21|will incin is cool\n",
  "uploadtime": 1776729343,
  "views": 3,
  "formatid": "gen9championsvgc2026regma",
  "rating": 1226,
  "private": 0,
  "password": null
}