{
  "id": "gen9championsvgc2026regma-2587903983",
  "format": "[Gen 9 Champions] VGC 2026 Reg M-A",
  "players": [
    "IDONTTWARDD",
    "arstgmnei"
  ],
  "log": "|j|\u2606IDONTTWARDD\n|j|\u2606arstgmnei\n|t:|1776576955\n|gametype|doubles\n|player|p1|IDONTTWARDD|170|1045\n|player|p2|arstgmnei|169|1029\n|gen|9\n|tier|[Gen 9 Champions] VGC 2026 Reg M-A\n|rated|\n|rule|Species Clause: Limit one of each Pok\u00e9mon\n|rule|Item Clause: Limit 1 of each item\n|clearpoke\n|poke|p1|Froslass, L50, F|\n|poke|p1|Orthworm, L50, F|\n|poke|p1|Incineroar, L50, F|\n|poke|p1|Basculegion, L50, M|\n|poke|p1|Garchomp, L50, F|\n|poke|p1|Rotom-Frost, L50|\n|poke|p2|Froslass, L50, F|\n|poke|p2|Garchomp, L50, F|\n|poke|p2|Rotom-Frost, L50|\n|poke|p2|Empoleon, L50, M|\n|poke|p2|Incineroar, L50, F|\n|poke|p2|Kingambit, L50, M|\n|teampreview|4\n|inactive|Battle timer is ON: inactive players will automatically lose when time's up. (requested by arstgmnei)\n|inactive|IDONTTWARDD has 60 seconds left.\n|inactive|IDONTTWARDD has 30 seconds left.\n|\n|t:|1776577020\n|teamsize|p1|4\n|teamsize|p2|4\n|start\n|switch|p1a: Orthworm|Orthworm, L50, F|100/100\n|switch|p1b: Garchomp|Garchomp, L50, F|100/100\n|switch|p2a: Froslass|Froslass, L50, F|100/100\n|switch|p2b: Incineroar|Incineroar, L50, F|100/100\n|-ability|p2b: Incineroar|Intimidate|boost\n|-unboost|p1a: Orthworm|atk|1\n|-unboost|p1b: Garchomp|atk|1\n|turn|1\n|inactive|IDONTTWARDD has 30 seconds left.\n|inactive|arstgmnei has 30 seconds left.\n|\n|t:|1776577053\n|switch|p1b: Basculegion|Basculegion, L50, M|100/100\n|detailschange|p2a: Froslass|Froslass-Mega, L50, F\n|-mega|p2a: Froslass|Froslass|Froslassite\n|-weather|Snowscape|[from] ability: Snow Warning|[of] p2a: Froslass\n|move|p2b: Incineroar|Fake Out|p1a: Orthworm\n|-resisted|p1a: Orthworm|1\n|-damage|p1a: Orthworm|96/100\n|move|p2a: Froslass|Blizzard|p1b: Basculegion|[spread] p1a,p1b\n|-resisted|p1a: Orthworm|1\n|-resisted|p1b: Basculegion|1\n|-damage|p1a: Orthworm|68/100\n|-damage|p1b: Basculegion|75/100\n|cant|p1a: Orthworm|flinch\n|\n|-weather|Snowscape|[upkeep]\n|upkeep\n|turn|2\n|inactive|IDONTTWARDD has 30 seconds left.\n|inactive|arstgmnei has 30 seconds left.\n|\n|t:|1776577082\n|move|p1b: Basculegion|Wave Crash|p2b: Incineroar\n|-supereffective|p2b: Incineroar|1\n|-damage|p2b: Incineroar|0 fnt\n|faint|p2b: Incineroar\n|-damage|p1b: Basculegion|41/100|[from] Recoil\n|move|p2a: Froslass|Shadow Ball|p1b: Basculegion\n|-supereffective|p1b: Basculegion|1\n|-damage|p1b: Basculegion|0 fnt\n|faint|p1b: Basculegion\n|move|p1a: Orthworm|Shed Tail|p1a: Orthworm\n|-start|p1a: Orthworm|Substitute|[from] move: Shed Tail\n|-damage|p1a: Orthworm|18/100\n|-enditem|p1a: Orthworm|Sitrus Berry|[eat]\n|-heal|p1a: Orthworm|43/100|[from] item: Sitrus Berry\n|\n|t:|1776577095\n|switch|p1a: Froslass|Froslass, L50, F|100/100|[from] Shed Tail\n|\n|-weather|Snowscape|[upkeep]\n|upkeep\n|\n|t:|1776577105\n|switch|p1b: Orthworm|Orthworm, L50, F|43/100\n|switch|p2b: Rotom|Rotom-Frost, L50|100/100\n|turn|3\n|inactive|IDONTTWARDD has 30 seconds left.\n|inactive|IDONTTWARDD has 20 seconds left.\n|\n|t:|1776577144\n|detailschange|p1a: Froslass|Froslass-Mega, L50, F\n|-mega|p1a: Froslass|Froslass|Froslassite\n|move|p2b: Rotom|Blizzard|p1a: Froslass|[spread] p1a,p1b\n|-resisted|p1a: Froslass|1\n|-activate|p1a: Froslass|move: Substitute|[damage]\n|-resisted|p1b: Orthworm|1\n|-damage|p1b: Orthworm|20/100\n|move|p1a: Froslass|Shadow Ball|p2a: Froslass\n|-supereffective|p2a: Froslass|1\n|-damage|p2a: Froslass|0 fnt\n|faint|p2a: Froslass\n|move|p1b: Orthworm|Body Press|p2b: Rotom\n|-supereffective|p2b: Rotom|1\n|-damage|p2b: Rotom|50/100\n|\n|-weather|Snowscape|[upkeep]\n|upkeep\n|\n|t:|1776577160\n|switch|p2a: Kingambit|Kingambit, L50, M|100/100\n|turn|4\n|\n|t:|1776577180\n|move|p2a: Kingambit|Sucker Punch|p1b: Orthworm\n|-damage|p1b: Orthworm|0 fnt\n|faint|p1b: Orthworm\n|move|p2b: Rotom|Blizzard|p1a: Froslass\n|-resisted|p1a: Froslass|1\n|-end|p1a: Froslass|Substitute\n|move|p1a: Froslass|Nasty Plot|p1a: Froslass\n|-boost|p1a: Froslass|spa|2\n|\n|-weather|Snowscape|[upkeep]\n|upkeep\n|\n|t:|1776577189\n|switch|p1b: Garchomp|Garchomp, L50, F|100/100\n|turn|5\n|\n|t:|1776577213\n|move|p2a: Kingambit|Sucker Punch|p1a: Froslass\n|-supereffective|p1a: Froslass|1\n|-damage|p1a: Froslass|14/100\n|move|p2b: Rotom|Blizzard|p1a: Froslass|[spread] p1a,p1b\n|-resisted|p1a: Froslass|1\n|-supereffective|p1b: Garchomp|2\n|-damage|p1a: Froslass|0 fnt\n|-enditem|p1b: Garchomp|Focus Sash\n|-damage|p1b: Garchomp|1/100\n|faint|p1a: Froslass\n|move|p1b: Garchomp|Rock Slide|p2a: Kingambit|[spread] p2b\n|-miss|p1b: Garchomp|p2a: Kingambit\n|-supereffective|p2b: Rotom|1\n|-damage|p2b: Rotom|15/100\n|\n|-weather|none\n|upkeep\n|turn|6\n|\n|t:|1776577232\n|move|p2a: Kingambit|Sucker Punch|p1b: Garchomp\n|-damage|p1b: Garchomp|0 fnt\n|faint|p1b: Garchomp\n|\n|win|arstgmnei\n|raw|IDONTTWARDD's rating: 1045 &rarr; <strong>1027</strong><br />(-18 for losing)\n|raw|arstgmnei's rating: 1029 &rarr; <strong>1066</strong><br />(+37 for winning)\n|l|\u2606IDONTTWARDD\n|player|p1|\n",
  "uploadtime": 1776577246,
  "views": 24,
  "formatid": "gen9championsvgc2026regma",
  "rating": 1027,
  "private": 0,
  "password": null
}