{
  "id": "gen9championsvgc2026regma-2588714265",
  "format": "[Gen 9 Champions] VGC 2026 Reg M-A",
  "players": [
    "kevin7195",
    "GrandMasterGreg"
  ],
  "log": "|j|\u2606kevin7195\n|j|\u2606GrandMasterGreg\n|t:|1776661031\n|gametype|doubles\n|player|p1|kevin7195|169|1179\n|player|p2|GrandMasterGreg|hilbert|1112\n|gen|9\n|tier|[Gen 9 Champions] VGC 2026 Reg M-A\n|rated|\n|rule|Species Clause: Limit one of each Pok\u00e9mon\n|rule|Item Clause: Limit 1 of each item\n|clearpoke\n|poke|p1|Incineroar, L50, M|\n|poke|p1|Pelipper, L50, F, shiny|\n|poke|p1|Aggron, L50, M|\n|poke|p1|Farigiraf, L50, F|\n|poke|p1|Sinistcha, L50|\n|poke|p1|Blastoise, L50, M|\n|poke|p2|Feraligatr, L50, F, shiny|\n|poke|p2|Liepard, L50, F, shiny|\n|poke|p2|Farigiraf, L50, F|\n|poke|p2|Aerodactyl, L50, M|\n|poke|p2|Chandelure, L50, M, shiny|\n|poke|p2|Gallade, L50, M, shiny|\n|teampreview|4\n|\n|t:|1776661075\n|teamsize|p1|4\n|teamsize|p2|4\n|start\n|switch|p1a: Aggron|Aggron, L50, M|100/100\n|switch|p1b: Farigiraf|Farigiraf, L50, F|100/100\n|switch|p2a: Feraligatr|Feraligatr, L50, F, shiny|100/100\n|switch|p2b: Liepard|Liepard, L50, F, shiny|100/100\n|turn|1\n|\n|t:|1776661097\n|detailschange|p2a: Feraligatr|Feraligatr-Mega, L50, F, shiny\n|-mega|p2a: Feraligatr|Feraligatr|Feraligite\n|detailschange|p1a: Aggron|Aggron-Mega, L50, M\n|-mega|p1a: Aggron|Aggron|Aggronite\n|move|p2b: Liepard|Fake Out||[still]\n|cant|p1b: Farigiraf|ability: Armor Tail|Fake Out|[of] p2b: Liepard\n|move|p2a: Feraligatr|Liquidation|p1a: Aggron\n|-damage|p1a: Aggron|75/100\n|move|p1a: Aggron|Iron Defense|p1a: Aggron\n|-boost|p1a: Aggron|def|2\n|move|p1b: Farigiraf|Trick Room|p1b: Farigiraf\n|-fieldstart|move: Trick Room|[of] p1b: Farigiraf\n|\n|upkeep\n|turn|2\n|\n|t:|1776661132\n|switch|p1b: Sinistcha|Sinistcha, L50|100/100\n|-heal|p1a: Aggron|99/100|[from] ability: Hospitality|[of] p1b: Sinistcha\n|move|p1a: Aggron|Body Press|p2a: Feraligatr\n|-damage|p2a: Feraligatr|41/100\n|move|p2a: Feraligatr|Body Slam|p1b: Sinistcha\n|-damage|p1b: Sinistcha|48/100\n|move|p2b: Liepard|Snarl|p1a: Aggron|[spread] p1a,p1b\n|-supereffective|p1b: Sinistcha|1\n|-damage|p1a: Aggron|82/100\n|-damage|p1b: Sinistcha|16/100\n|-unboost|p1a: Aggron|spa|1\n|-unboost|p1b: Sinistcha|spa|1\n|\n|-heal|p1b: Sinistcha|22/100|[from] item: Leftovers\n|upkeep\n|turn|3\n|\n|t:|1776661156\n|move|p2a: Feraligatr|Aqua Jet|p1a: Aggron\n|-damage|p1a: Aggron|76/100\n|move|p1a: Aggron|Body Press|p2b: Liepard\n|-supereffective|p2b: Liepard|1\n|-enditem|p2b: Liepard|Focus Sash\n|-damage|p2b: Liepard|1/100\n|move|p1b: Sinistcha|Matcha Gotcha|p2a: Feraligatr|[spread] p2a,p2b\n|-damage|p2a: Feraligatr|25/100\n|-heal|p1b: Sinistcha|31/100|[from] drain|[of] p2a: Feraligatr\n|-damage|p2b: Liepard|0 fnt\n|-heal|p1b: Sinistcha|32/100|[from] drain|[of] p2b: Liepard\n|faint|p2b: Liepard\n|\n|-heal|p1b: Sinistcha|38/100|[from] item: Leftovers\n|upkeep\n|\n|t:|1776661176\n|switch|p2b: Aerodactyl|Aerodactyl, L50, M|100/100\n|-ability|p2b: Aerodactyl|Unnerve\n|turn|4\n|\n|t:|1776661192\n|move|p2b: Aerodactyl|Protect|p2b: Aerodactyl\n|-singleturn|p2b: Aerodactyl|Protect\n|move|p1b: Sinistcha|Rage Powder|p1b: Sinistcha\n|-singleturn|p1b: Sinistcha|move: Rage Powder\n|move|p1a: Aggron|Iron Defense|p1a: Aggron\n|-boost|p1a: Aggron|def|2\n|move|p2a: Feraligatr|Ice Punch|p1b: Sinistcha\n|-supereffective|p1b: Sinistcha|1\n|-damage|p1b: Sinistcha|0 fnt\n|faint|p1b: Sinistcha\n|\n|upkeep\n|\n|t:|1776661208\n|switch|p1b: Pelipper|Pelipper, L50, F, shiny|100/100\n|-weather|RainDance|[from] ability: Drizzle|[of] p1b: Pelipper\n|turn|5\n|\n|t:|1776661222\n|move|p1a: Aggron|Body Press|p2a: Feraligatr\n|-damage|p2a: Feraligatr|0 fnt\n|faint|p2a: Feraligatr\n|move|p1b: Pelipper|Weather Ball|p2b: Aerodactyl\n|-supereffective|p2b: Aerodactyl|1\n|-damage|p2b: Aerodactyl|0 fnt\n|faint|p2b: Aerodactyl\n|\n|-weather|RainDance|[upkeep]\n|-fieldend|move: Trick Room\n|upkeep\n|\n|t:|1776661232\n|switch|p2b: Gallade|Gallade, L50, M, shiny|100/100\n|turn|6\n|inactive|Battle timer is ON: inactive players will automatically lose when time's up. (requested by GrandMasterGreg)\n|\n|t:|1776661245\n|move|p2b: Gallade|Close Combat|p1a: Aggron\n|-supereffective|p1a: Aggron|1\n|-damage|p1a: Aggron|61/100\n|-unboost|p2b: Gallade|def|1\n|-unboost|p2b: Gallade|spd|1\n|move|p1b: Pelipper|Hurricane|p2b: Gallade\n|-supereffective|p2b: Gallade|1\n|-damage|p2b: Gallade|0 fnt\n|faint|p2b: Gallade\n|\n|win|kevin7195\n|raw|kevin7195's rating: 1179 &rarr; <strong>1199</strong><br />(+20 for winning)\n|raw|GrandMasterGreg's rating: 1112 &rarr; <strong>1092</strong><br />(-20 for losing)\n|l|\u2606GrandMasterGreg\n|player|p2|\n",
  "uploadtime": 1776661263,
  "views": 15,
  "formatid": "gen9championsvgc2026regma",
  "rating": 1092,
  "private": 0,
  "password": null
}