{
  "id": "gen9championsvgc2026regma-2587944395",
  "format": "[Gen 9 Champions] VGC 2026 Reg M-A",
  "players": [
    "DracoSpirit",
    "Marspiter"
  ],
  "log": "|j|\u2606DracoSpirit\n|j|\u2606Marspiter\n|t:|1776582717\n|gametype|doubles\n|player|p1|DracoSpirit|ingo|1443\n|player|p2|Marspiter|steven|1409\n|gen|9\n|tier|[Gen 9 Champions] VGC 2026 Reg M-A\n|rated|\n|rule|Species Clause: Limit one of each Pok\u00e9mon\n|rule|Item Clause: Limit 1 of each item\n|clearpoke\n|poke|p1|Scizor, L50, M|\n|poke|p1|Kingambit, L50, M|\n|poke|p1|Politoed, L50, F|\n|poke|p1|Rotom-Mow, L50|\n|poke|p1|Incineroar, L50, F|\n|poke|p1|Gardevoir, L50, F|\n|poke|p2|Scizor, L50, F|\n|poke|p2|Basculegion, L50, M|\n|poke|p2|Sneasler, L50, M|\n|poke|p2|Archaludon, L50, M|\n|poke|p2|Pelipper, L50, M|\n|poke|p2|Garchomp, L50, F|\n|teampreview|4\n|\n|t:|1776582786\n|teamsize|p1|4\n|teamsize|p2|4\n|start\n|switch|p1a: Gardevoir|Gardevoir, L50, F|100/100\n|switch|p1b: Incineroar|Incineroar, L50, F|100/100\n|switch|p2a: Sneasler|Sneasler, L50, M|100/100\n|switch|p2b: Basculegion|Basculegion, L50, M|100/100\n|-ability|p1a: Gardevoir|Unburden|Trace|[from] ability: Trace|[of] p2a: Sneasler\n|-ability|p1b: Incineroar|Intimidate|boost\n|-unboost|p2a: Sneasler|atk|1\n|-unboost|p2b: Basculegion|atk|1\n|-enditem|p2a: Sneasler|White Herb\n|-clearnegativeboost|p2a: Sneasler|[silent]\n|turn|1\n|\n|t:|1776582815\n|move|p1a: Gardevoir|Protect|p1a: Gardevoir\n|-singleturn|p1a: Gardevoir|Protect\n|move|p2a: Sneasler|Fake Out|p1a: Gardevoir\n|-activate|p1a: Gardevoir|move: Protect\n|move|p2b: Basculegion|Flip Turn|p1b: Incineroar\n|-supereffective|p1b: Incineroar|1\n|-damage|p1b: Incineroar|55/100\n|\n|t:|1776582828\n|switch|p2b: Garchomp|Garchomp, L50, F|100/100|[from] Flip Turn\n|move|p1b: Incineroar|Will-O-Wisp|p2a: Sneasler\n|-status|p2a: Sneasler|brn\n|\n|-damage|p2a: Sneasler|95/100 brn|[from] brn\n|upkeep\n|turn|2\n|\n|t:|1776582871\n|switch|p1a: Kingambit|Kingambit, L50, M|100/100\n|move|p2a: Sneasler|Dire Claw|p1a: Kingambit\n|-immune|p1a: Kingambit\n|move|p2b: Garchomp|Rock Slide|p1b: Incineroar|[spread] p1b\n|-miss|p2b: Garchomp|p1a: Kingambit\n|-supereffective|p1b: Incineroar|1\n|-damage|p1b: Incineroar|20/100\n|move|p1b: Incineroar|Parting Shot|p2b: Garchomp\n|-unboost|p2b: Garchomp|atk|1\n|-unboost|p2b: Garchomp|spa|1\n|\n|t:|1776582885\n|switch|p1b: Gardevoir|Gardevoir, L50, F|100/100|[from] Parting Shot\n|-ability|p1b: Gardevoir|Rough Skin|Trace|[from] ability: Trace|[of] p2b: Garchomp\n|\n|-damage|p2a: Sneasler|89/100 brn|[from] brn\n|upkeep\n|turn|3\n|\n|t:|1776582918\n|switch|p2b: Scizor|Scizor, L50, F|100/100\n|switch|p1a: Incineroar|Incineroar, L50, F|20/100\n|-ability|p1a: Incineroar|Intimidate|boost\n|-unboost|p2a: Sneasler|atk|1\n|-unboost|p2b: Scizor|atk|1\n|detailschange|p1b: Gardevoir|Gardevoir-Mega, L50, F\n|-mega|p1b: Gardevoir|Gardevoir|Gardevoirite\n|move|p2a: Sneasler|Close Combat|p1a: Incineroar\n|-supereffective|p1a: Incineroar|1\n|-enditem|p1a: Incineroar|Chople Berry|[eat]\n|-enditem|p1a: Incineroar|Chople Berry|[weaken]\n|-damage|p1a: Incineroar|0 fnt\n|-unboost|p2a: Sneasler|def|1\n|-unboost|p2a: Sneasler|spd|1\n|faint|p1a: Incineroar\n|move|p1b: Gardevoir|Trick Room|p1b: Gardevoir\n|-fieldstart|move: Trick Room|[of] p1b: Gardevoir\n|\n|-damage|p2a: Sneasler|83/100 brn|[from] brn\n|upkeep\n|\n|t:|1776582935\n|switch|p1a: Kingambit|Kingambit, L50, M|100/100\n|turn|4\n|\n|t:|1776582989\n|switch|p2a: Garchomp|Garchomp, L50, F|100/100\n|detailschange|p2b: Scizor|Scizor-Mega, L50, F\n|-mega|p2b: Scizor|Scizor|Scizorite\n|move|p1a: Kingambit|Sucker Punch||[still]\n|-fail|p1a: Kingambit\n|move|p2b: Scizor|Swords Dance|p2b: Scizor\n|-boost|p2b: Scizor|atk|2\n|move|p1b: Gardevoir|Hyper Voice|p2a: Garchomp|[spread] p2a,p2b\n|-supereffective|p2a: Garchomp|1\n|-resisted|p2b: Scizor|1\n|-damage|p2a: Garchomp|0 fnt\n|-damage|p2b: Scizor|72/100\n|faint|p2a: Garchomp\n|\n|upkeep\n|\n|t:|1776583006\n|switch|p2a: Sneasler|Sneasler, L50, M|83/100 brn\n|turn|5\n|\n|t:|1776583046\n|move|p1a: Kingambit|Protect|p1a: Kingambit\n|-singleturn|p1a: Kingambit|Protect\n|move|p2a: Sneasler|Fake Out|p1a: Kingambit\n|-activate|p1a: Kingambit|move: Protect\n|move|p2b: Scizor|Bug Bite|p1a: Kingambit\n|-activate|p1a: Kingambit|move: Protect\n|move|p1b: Gardevoir|Hyper Voice|p2b: Scizor|[spread] p2a,p2b\n|-resisted|p2b: Scizor|1\n|-damage|p2a: Sneasler|12/100 brn\n|-damage|p2b: Scizor|43/100\n|\n|-damage|p2a: Sneasler|6/100 brn|[from] brn\n|upkeep\n|turn|6\n|\n|t:|1776583072\n|move|p2b: Scizor|Protect|p2b: Scizor\n|-singleturn|p2b: Scizor|Protect\n|move|p1a: Kingambit|Sucker Punch||[still]\n|-fail|p1a: Kingambit\n|move|p1b: Gardevoir|Hyper Voice|p2a: Sneasler|[spread] p2a\n|-activate|p2b: Scizor|move: Protect\n|-damage|p2a: Sneasler|0 fnt\n|faint|p2a: Sneasler\n|\n|upkeep\n|\n|t:|1776583084\n|switch|p2a: Basculegion|Basculegion, L50, M|100/100\n|turn|7\n|\n|t:|1776583099\n|move|p2a: Basculegion|Aqua Jet|p1a: Kingambit\n|-damage|p1a: Kingambit|81/100\n|move|p1a: Kingambit|Kowtow Cleave|p2a: Basculegion\n|-supereffective|p2a: Basculegion|1\n|-damage|p2a: Basculegion|0 fnt\n|faint|p2a: Basculegion\n|move|p2b: Scizor|Bug Bite|p1a: Kingambit\n|-damage|p1a: Kingambit|20/100\n|move|p1b: Gardevoir|Hyper Voice|p2b: Scizor\n|-resisted|p2b: Scizor|1\n|-damage|p2b: Scizor|3/100\n|\n|-fieldend|move: Trick Room\n|upkeep\n|turn|8\n|-message|Marspiter forfeited.\n|\n|win|DracoSpirit\n|raw|DracoSpirit's rating: 1443 &rarr; <strong>1461</strong><br />(+18 for winning)\n|raw|Marspiter's rating: 1409 &rarr; <strong>1391</strong><br />(-18 for losing)\n|l|\u2606Marspiter\n|player|p2|\n|l|\u2606DracoSpirit\n|player|p1|\n",
  "uploadtime": 1776583323,
  "views": 14,
  "formatid": "gen9championsvgc2026regma",
  "rating": 1391,
  "private": 0,
  "password": null
}