{
  "id": "gen9championsvgc2026regma-2587867643",
  "format": "[Gen 9 Champions] VGC 2026 Reg M-A",
  "players": [
    "zhz2021",
    "fangyusuhe"
  ],
  "log": "|j|\u2606zhz2021\n|j|\u2606fangyusuhe\n|t:|1776572454\n|gametype|doubles\n|player|p1|zhz2021|marley|1519\n|player|p2|fangyusuhe|dawn|1489\n|gen|9\n|tier|[Gen 9 Champions] VGC 2026 Reg M-A\n|rated|\n|rule|Species Clause: Limit one of each Pok\u00e9mon\n|rule|Item Clause: Limit 1 of each item\n|clearpoke\n|poke|p1|Sableye, L50, M|\n|poke|p1|Archaludon, L50, M|\n|poke|p1|Scovillain, L50, M, shiny|\n|poke|p1|Basculegion-F, L50, F, shiny|\n|poke|p1|Pelipper, L50, M|\n|poke|p1|Mamoswine, L50, F|\n|poke|p2|Floette-Eternal, L50, F|\n|poke|p2|Sinistcha, L50|\n|poke|p2|Incineroar, L50, M|\n|poke|p2|Maushold, L50|\n|poke|p2|Talonflame, L50, F|\n|poke|p2|Garchomp, L50, M|\n|teampreview|4\n|\n|t:|1776572468\n|teamsize|p1|4\n|teamsize|p2|4\n|start\n|switch|p1a: Scovillain|Scovillain, L50, M, shiny|100/100\n|switch|p1b: Pelipper|Pelipper, L50, M|100/100\n|switch|p2a: Floette|Floette-Eternal, L50, F|100/100\n|switch|p2b: Talonflame|Talonflame, L50, F|100/100\n|-weather|RainDance|[from] ability: Drizzle|[of] p1b: Pelipper\n|turn|1\n|inactive|Battle timer is ON: inactive players will automatically lose when time's up. (requested by fangyusuhe)\n|\n|t:|1776572474\n|detailschange|p1a: Scovillain|Scovillain-Mega, L50, M, shiny\n|-mega|p1a: Scovillain|Scovillain|Scovillainite\n|move|p2b: Talonflame|Acrobatics|p1a: Scovillain\n|-supereffective|p1a: Scovillain|1\n|-damage|p1a: Scovillain|12/100\n|-immune|p2b: Talonflame\n|move|p1b: Pelipper|Soak|p2a: Floette\n|-start|p2a: Floette|typechange|Water\n|move|p2a: Floette|Calm Mind|p2a: Floette\n|-boost|p2a: Floette|spa|1\n|-boost|p2a: Floette|spd|1\n|move|p1a: Scovillain|Giga Drain|p2a: Floette\n|-supereffective|p2a: Floette|1\n|-damage|p2a: Floette|61/100\n|-heal|p1a: Scovillain|33/100|[from] drain|[of] p2a: Floette\n|\n|-weather|RainDance|[upkeep]\n|upkeep\n|turn|2\n|inactive|fangyusuhe has 30 seconds left.\n|\n|t:|1776572503\n|detailschange|p2a: Floette|Floette-Mega, L50, F\n|-mega|p2a: Floette|Floette|Floettite\n|-ability|p2a: Floette|Fairy Aura\n|move|p1a: Scovillain|Protect|p1a: Scovillain\n|-singleturn|p1a: Scovillain|Protect\n|move|p2b: Talonflame|Tailwind|p2b: Talonflame\n|-sidestart|p2: fangyusuhe|move: Tailwind\n|move|p2a: Floette|Dazzling Gleam|p1b: Pelipper|[spread] p1b\n|-activate|p1a: Scovillain|move: Protect\n|-damage|p1b: Pelipper|14/100\n|-enditem|p1b: Pelipper|Sitrus Berry|[eat]\n|-heal|p1b: Pelipper|38/100|[from] item: Sitrus Berry\n|move|p1b: Pelipper|Tailwind|p1b: Pelipper\n|-sidestart|p1: zhz2021|move: Tailwind\n|\n|-weather|RainDance|[upkeep]\n|upkeep\n|turn|3\n|\n|t:|1776572512\n|move|p2b: Talonflame|Acrobatics|p1a: Scovillain\n|-supereffective|p1a: Scovillain|1\n|-damage|p1a: Scovillain|0 fnt\n|-immune|p2b: Talonflame\n|faint|p1a: Scovillain\n|move|p2a: Floette|Draining Kiss|p1b: Pelipper\n|-damage|p1b: Pelipper|0 fnt\n|-heal|p2a: Floette|87/100|[from] drain|[of] p1b: Pelipper\n|faint|p1b: Pelipper\n|\n|-weather|RainDance|[upkeep]\n|upkeep\n|\n|t:|1776572514\n|switch|p1b: Mamoswine|Mamoswine, L50, F|100/100\n|switch|p1a: Basculegion|Basculegion-F, L50, F, shiny|100/100\n|turn|4\n|\n|t:|1776572528\n|move|p1a: Basculegion|Muddy Water|p2b: Talonflame|[spread] p2a,p2b\n|-supereffective|p2b: Talonflame|1\n|-damage|p2a: Floette|65/100\n|-damage|p2b: Talonflame|0 fnt\n|-unboost|p2a: Floette|accuracy|1\n|faint|p2b: Talonflame\n|move|p1b: Mamoswine|High Horsepower|p2a: Floette\n|-damage|p2a: Floette|18/100\n|move|p2a: Floette|Dazzling Gleam|p1b: Mamoswine|[spread] p1a,p1b\n|-damage|p1a: Basculegion|16/100\n|-damage|p1b: Mamoswine|0 fnt\n|faint|p1b: Mamoswine\n|\n|-weather|RainDance|[upkeep]\n|upkeep\n|\n|t:|1776572531\n|switch|p2b: Sinistcha|Sinistcha, L50|100/100\n|-heal|p2a: Floette|43/100|[from] ability: Hospitality|[of] p2b: Sinistcha\n|turn|5\n|-message|zhz2021 forfeited.\n|\n|win|fangyusuhe\n|raw|zhz2021's rating: 1519 &rarr; <strong>1496</strong><br />(-23 for losing)\n|raw|fangyusuhe's rating: 1464 &rarr; <strong>1487</strong><br />(+23 for winning)\n|l|\u2606zhz2021\n|player|p1|\n|l|\u2606fangyusuhe\n|player|p2|\n",
  "uploadtime": 1776572590,
  "views": 14,
  "formatid": "gen9championsvgc2026regma",
  "rating": 1487,
  "private": 0,
  "password": null
}