{
  "id": "gen9championsvgc2026regma-2587544817",
  "format": "[Gen 9 Champions] VGC 2026 Reg M-A",
  "players": [
    "BotsuanaKing",
    "cookies14"
  ],
  "log": "|j|\u2606BotsuanaKing\n|j|\u2606cookies14\n|t:|1776540982\n|gametype|doubles\n|player|p1|BotsuanaKing|101|1105\n|player|p2|cookies14|169|1064\n|gen|9\n|tier|[Gen 9 Champions] VGC 2026 Reg M-A\n|rated|\n|rule|Species Clause: Limit one of each Pok\u00e9mon\n|rule|Item Clause: Limit 1 of each item\n|clearpoke\n|poke|p1|Altaria, L50, F|\n|poke|p1|Venusaur, L50, M|\n|poke|p1|Incineroar, L50, F|\n|poke|p1|Aegislash, L50, F|\n|poke|p1|Corviknight, L50, F|\n|poke|p1|Rotom-Wash, L50|\n|poke|p2|Beedrill, L50, F, shiny|\n|poke|p2|Ninetales-Alola, L50, F|\n|poke|p2|Incineroar, L50, F|\n|poke|p2|Mr. Rime, L50, M|\n|poke|p2|Froslass, L50, F|\n|poke|p2|Aegislash, L50, M|\n|teampreview|4\n|inactive|Battle timer is ON: inactive players will automatically lose when time's up. (requested by BotsuanaKing)\n|\n|t:|1776541030\n|teamsize|p1|4\n|teamsize|p2|4\n|start\n|switch|p1a: Rotom|Rotom-Wash, L50|100/100\n|switch|p1b: Incineroar|Incineroar, L50, F|100/100\n|switch|p2a: Incineroar|Incineroar, L50, F|100/100\n|switch|p2b: Beedrill|Beedrill, L50, F, shiny|100/100\n|-ability|p1b: Incineroar|Intimidate|boost\n|-unboost|p2a: Incineroar|atk|1\n|-unboost|p2b: Beedrill|atk|1\n|-ability|p2a: Incineroar|Intimidate|boost\n|-unboost|p1a: Rotom|atk|1\n|-unboost|p1b: Incineroar|atk|1\n|turn|1\n|\n|t:|1776541047\n|detailschange|p2b: Beedrill|Beedrill-Mega, L50, F, shiny\n|-mega|p2b: Beedrill|Beedrill|Beedrillite\n|move|p2b: Beedrill|Protect|p2b: Beedrill\n|-singleturn|p2b: Beedrill|Protect\n|move|p1a: Rotom|Protect|p1a: Rotom\n|-singleturn|p1a: Rotom|Protect\n|move|p2a: Incineroar|Fake Out|p1a: Rotom\n|-activate|p1a: Rotom|move: Protect\n|move|p1b: Incineroar|Flare Blitz|p2b: Beedrill\n|-activate|p2b: Beedrill|move: Protect\n|\n|upkeep\n|turn|2\n|inactive|cookies14 has 30 seconds left.\n|\n|t:|1776541075\n|move|p2b: Beedrill|U-turn|p1a: Rotom\n|-damage|p1a: Rotom|60/100\n|\n|t:|1776541085\n|switch|p2b: Mr. Rime|Mr. Rime, L50, M|100/100|[from] U-turn\n|move|p1a: Rotom|Volt Switch|p2a: Incineroar\n|-damage|p2a: Incineroar|75/100\n|\n|t:|1776541092\n|switch|p1a: Altaria|Altaria, L50, F|100/100|[from] Volt Switch\n|-ability|p1a: Altaria|Cloud Nine\n|move|p1b: Incineroar|Parting Shot|p2b: Mr. Rime\n|-unboost|p2b: Mr. Rime|atk|1\n|-unboost|p2b: Mr. Rime|spa|1\n|\n|t:|1776541100\n|switch|p1b: Rotom|Rotom-Wash, L50|60/100|[from] Parting Shot\n|move|p2a: Incineroar|Parting Shot|p1b: Rotom\n|-unboost|p1b: Rotom|atk|1\n|-unboost|p1b: Rotom|spa|1\n|c|\u2606cookies14|wp lmao\n|inactive|cookies14 has 30 seconds left.\n|\n|t:|1776541127\n|switch|p2a: Ninetales|Ninetales-Alola, L50, F|100/100|[from] Parting Shot\n|-weather|Snowscape|[from] ability: Snow Warning|[of] p2a: Ninetales\n|\n|-weather|Snowscape|[upkeep]\n|upkeep\n|turn|3\n|\n|t:|1776541144\n|switch|p1a: Incineroar|Incineroar, L50, F|100/100\n|-ability|p1a: Incineroar|Intimidate|boost\n|-unboost|p2a: Ninetales|atk|1\n|-unboost|p2b: Mr. Rime|atk|1\n|move|p2b: Mr. Rime|Fake Out|p1a: Incineroar\n|-damage|p1a: Incineroar|96/100\n|move|p2a: Ninetales|Icy Wind|p1b: Rotom|[spread] p1a,p1b\n|-resisted|p1a: Incineroar|1\n|-resisted|p1b: Rotom|1\n|-damage|p1a: Incineroar|90/100\n|-damage|p1b: Rotom|51/100\n|-unboost|p1a: Incineroar|spe|1\n|-unboost|p1b: Rotom|spe|1\n|move|p1b: Rotom|Volt Switch|p2a: Ninetales\n|-damage|p2a: Ninetales|75/100\n|\n|t:|1776541158\n|switch|p1b: Altaria|Altaria, L50, F|100/100|[from] Volt Switch\n|-ability|p1b: Altaria|Cloud Nine\n|\n|-weather|Snowscape|[upkeep]\n|upkeep\n|turn|4\n|\n|t:|1776541166\n|move|p1a: Incineroar|Fake Out|p2a: Ninetales\n|-damage|p2a: Ninetales|58/100\n|cant|p2a: Ninetales|flinch\n|move|p1b: Altaria|Tailwind|p1b: Altaria\n|-sidestart|p1: BotsuanaKing|move: Tailwind\n|move|p2b: Mr. Rime|Blizzard|p1b: Altaria|[spread] p1a\n|-miss|p2b: Mr. Rime|p1b: Altaria\n|-resisted|p1a: Incineroar|1\n|-damage|p1a: Incineroar|82/100\n|\n|-weather|Snowscape|[upkeep]\n|upkeep\n|turn|5\n|\n|t:|1776541184\n|switch|p2a: Incineroar|Incineroar, L50, F|75/100\n|-ability|p2a: Incineroar|Intimidate|boost\n|-unboost|p1a: Incineroar|atk|1\n|-unboost|p1b: Altaria|atk|1\n|switch|p1b: Rotom|Rotom-Wash, L50|51/100\n|move|p1a: Incineroar|Flare Blitz|p2b: Mr. Rime\n|-supereffective|p2b: Mr. Rime|1\n|-damage|p2b: Mr. Rime|48/100\n|-damage|p1a: Incineroar|66/100|[from] Recoil\n|move|p2b: Mr. Rime|Trick Room|p2b: Mr. Rime\n|-fieldstart|move: Trick Room|[of] p2b: Mr. Rime\n|\n|-weather|Snowscape|[upkeep]\n|-heal|p2b: Mr. Rime|54/100|[from] ability: Ice Body\n|-heal|p2b: Mr. Rime|60/100|[from] item: Leftovers\n|upkeep\n|turn|6\n|inactive|cookies14 has 30 seconds left.\n|\n|t:|1776541217\n|move|p1b: Rotom|Protect|p1b: Rotom\n|-singleturn|p1b: Rotom|Protect\n|move|p2a: Incineroar|Fake Out|p1a: Incineroar\n|-crit|p1a: Incineroar\n|-damage|p1a: Incineroar|52/100\n|move|p2b: Mr. Rime|Nasty Plot|p2b: Mr. Rime\n|-boost|p2b: Mr. Rime|spa|2\n|cant|p1a: Incineroar|flinch\n|\n|-weather|none\n|-heal|p2b: Mr. Rime|66/100|[from] item: Leftovers\n|upkeep\n|turn|7\n|inactive|cookies14 has 30 seconds left.\n|\n|t:|1776541249\n|move|p1b: Rotom|Protect||[still]\n|-fail|p1b: Rotom\n|move|p2a: Incineroar|Will-O-Wisp|p1b: Rotom\n|-status|p1b: Rotom|brn\n|move|p2b: Mr. Rime|Blizzard|p1b: Rotom|[spread] p1a,p1b\n|-resisted|p1a: Incineroar|1\n|-resisted|p1b: Rotom|1\n|-damage|p1a: Incineroar|30/100\n|-damage|p1b: Rotom|25/100 brn\n|-status|p1a: Incineroar|frz\n|-enditem|p1a: Incineroar|Sitrus Berry|[eat]\n|-heal|p1a: Incineroar|55/100 frz|[from] item: Sitrus Berry\n|cant|p1a: Incineroar|frz\n|\n|-heal|p2b: Mr. Rime|72/100|[from] item: Leftovers\n|-damage|p1b: Rotom|19/100 brn|[from] brn\n|-sideend|p1: BotsuanaKing|move: Tailwind\n|upkeep\n|turn|8\n|c|\u2606BotsuanaKing|Lol\n|\n|t:|1776541272\n|-curestatus|p1a: Incineroar|frz|[msg]\n|move|p1a: Incineroar|Parting Shot|p2b: Mr. Rime\n|-unboost|p2b: Mr. Rime|atk|1\n|-unboost|p2b: Mr. Rime|spa|1\n|\n|t:|1776541274\n|switch|p1a: Altaria|Altaria, L50, F|100/100|[from] Parting Shot\n|-ability|p1a: Altaria|Cloud Nine\n|move|p2a: Incineroar|Throat Chop|p1a: Altaria\n|-damage|p1a: Altaria|70/100\n|-start|p1a: Altaria|Throat Chop|[silent]\n|move|p2b: Mr. Rime|Nasty Plot|p2b: Mr. Rime\n|-boost|p2b: Mr. Rime|spa|2\n|move|p1b: Rotom|Volt Switch|p2b: Mr. Rime\n|-damage|p2b: Mr. Rime|44/100\n|\n|t:|1776541280\n|switch|p1b: Incineroar|Incineroar, L50, F|55/100|[from] Volt Switch\n|-ability|p1b: Incineroar|Intimidate|boost\n|-unboost|p2a: Incineroar|atk|1\n|-unboost|p2b: Mr. Rime|atk|1\n|\n|-heal|p2b: Mr. Rime|50/100|[from] item: Leftovers\n|upkeep\n|turn|9\n|inactive|cookies14 has 30 seconds left.\n|\n|t:|1776541314\n|switch|p2b: Ninetales|Ninetales-Alola, L50, F|58/100\n|-weather|Snowscape|[from] ability: Snow Warning|[of] p2b: Ninetales\n|move|p1b: Incineroar|Fake Out|p2b: Ninetales\n|-damage|p2b: Ninetales|42/100\n|move|p2a: Incineroar|Will-O-Wisp|p1a: Altaria\n|-status|p1a: Altaria|brn\n|move|p1a: Altaria|Acrobatics|p2b: Ninetales\n|-damage|p2b: Ninetales|21/100\n|\n|-weather|Snowscape|[upkeep]\n|-damage|p1a: Altaria|64/100 brn|[from] brn\n|-end|p1a: Altaria|Throat Chop|[silent]\n|-fieldend|move: Trick Room\n|upkeep\n|turn|10\n|inactive|cookies14 has 30 seconds left.\n|\n|t:|1776541344\n|move|p2b: Ninetales|Aurora Veil||[still]\n|-fail|p2b: Ninetales\n|move|p1a: Altaria|Tailwind|p1a: Altaria\n|-sidestart|p1: BotsuanaKing|move: Tailwind\n|move|p1b: Incineroar|Flare Blitz|p2b: Ninetales\n|-supereffective|p2b: Ninetales|1\n|-damage|p2b: Ninetales|0 fnt\n|faint|p2b: Ninetales\n|-damage|p1b: Incineroar|50/100|[from] Recoil\n|move|p2a: Incineroar|Throat Chop|p1a: Altaria\n|-damage|p1a: Altaria|42/100 brn\n|-start|p1a: Altaria|Throat Chop|[silent]\n|\n|-weather|Snowscape|[upkeep]\n|-damage|p1a: Altaria|36/100 brn|[from] brn\n|upkeep\n|\n|t:|1776541368\n|switch|p2b: Mr. Rime|Mr. Rime, L50, M|50/100\n|turn|11\n|\n|t:|1776541383\n|move|p1a: Altaria|Roost|p1a: Altaria\n|-heal|p1a: Altaria|86/100 brn\n|-singleturn|p1a: Altaria|move: Roost\n|move|p1b: Incineroar|Flare Blitz|p2b: Mr. Rime\n|-supereffective|p2b: Mr. Rime|1\n|-damage|p2b: Mr. Rime|0 fnt\n|faint|p2b: Mr. Rime\n|-damage|p1b: Incineroar|34/100|[from] Recoil\n|move|p2a: Incineroar|Parting Shot|p1a: Altaria\n|-unboost|p1a: Altaria|atk|1\n|-unboost|p1a: Altaria|spa|1\n|\n|t:|1776541389\n|switch|p2a: Beedrill|Beedrill-Mega, L50, F, shiny|100/100|[from] Parting Shot\n|\n|-weather|Snowscape|[upkeep]\n|-damage|p1a: Altaria|80/100 brn|[from] brn\n|-end|p1a: Altaria|Throat Chop|[silent]\n|upkeep\n|\n|t:|1776541391\n|switch|p2b: Incineroar|Incineroar, L50, F|75/100\n|-ability|p2b: Incineroar|Intimidate|boost\n|-unboost|p1a: Altaria|atk|1\n|-unboost|p1b: Incineroar|atk|1\n|turn|12\n|\n|t:|1776541414\n|move|p2b: Incineroar|Fake Out|p1b: Incineroar\n|-damage|p1b: Incineroar|25/100\n|move|p2a: Beedrill|Fell Stinger|p1b: Incineroar\n|-damage|p1b: Incineroar|0 fnt\n|faint|p1b: Incineroar\n|-boost|p2a: Beedrill|atk|3\n|move|p1a: Altaria|Will-O-Wisp|p2a: Beedrill\n|-status|p2a: Beedrill|brn\n|\n|-weather|Snowscape|[upkeep]\n|-damage|p2a: Beedrill|95/100 brn|[from] brn\n|-damage|p1a: Altaria|74/100 brn|[from] brn\n|upkeep\n|\n|t:|1776541424\n|switch|p1b: Rotom|Rotom-Wash, L50|19/100 brn\n|turn|13\n|\n|t:|1776541449\n|switch|p1a: Venusaur|Venusaur, L50, M|100/100\n|move|p2a: Beedrill|Fell Stinger|p1b: Rotom\n|-damage|p1b: Rotom|0 fnt\n|faint|p1b: Rotom\n|-boost|p2a: Beedrill|atk|3\n|move|p2b: Incineroar|Throat Chop|p1a: Venusaur\n|-damage|p1a: Venusaur|76/100\n|-start|p1a: Venusaur|Throat Chop|[silent]\n|\n|-weather|none\n|-damage|p2a: Beedrill|89/100 brn|[from] brn\n|-sideend|p1: BotsuanaKing|move: Tailwind\n|upkeep\n|\n|t:|1776541455\n|switch|p1b: Altaria|Altaria, L50, F|74/100 brn\n|-ability|p1b: Altaria|Cloud Nine\n|turn|14\n|inactive|cookies14 has 30 seconds left.\n|\n|t:|1776541488\n|detailschange|p1a: Venusaur|Venusaur-Mega, L50, M\n|-mega|p1a: Venusaur|Venusaur|Venusaurite\n|move|p2a: Beedrill|Knock Off|p1b: Altaria\n|-damage|p1b: Altaria|23/100 brn\n|move|p1a: Venusaur|Sludge Bomb|p2a: Beedrill\n|-resisted|p2a: Beedrill|1\n|-damage|p2a: Beedrill|55/100 brn\n|move|p1b: Altaria|Acrobatics|p2a: Beedrill\n|-supereffective|p2a: Beedrill|1\n|-damage|p2a: Beedrill|0 fnt\n|faint|p2a: Beedrill\n|move|p2b: Incineroar|Will-O-Wisp|p1a: Venusaur\n|-status|p1a: Venusaur|brn\n|\n|-damage|p1b: Altaria|17/100 brn|[from] brn\n|-damage|p1a: Venusaur|70/100 brn|[from] brn\n|-end|p1a: Venusaur|Throat Chop|[silent]\n|upkeep\n|turn|15\n|c|\u2606BotsuanaKing|Lol did not expected this move\n|inactive|cookies14 has 30 seconds left.\n|inactive|cookies14 has 20 seconds left.\n|\n|t:|1776541525\n|move|p1b: Altaria|Roost|p1b: Altaria\n|-heal|p1b: Altaria|67/100 brn\n|-singleturn|p1b: Altaria|move: Roost\n|move|p1a: Venusaur|Sludge Bomb|p2b: Incineroar\n|-damage|p2b: Incineroar|46/100\n|-enditem|p2b: Incineroar|Sitrus Berry|[eat]\n|-heal|p2b: Incineroar|70/100|[from] item: Sitrus Berry\n|move|p2b: Incineroar|Throat Chop|p1b: Altaria\n|-damage|p1b: Altaria|34/100 brn\n|-start|p1b: Altaria|Throat Chop|[silent]\n|\n|-damage|p1a: Venusaur|64/100 brn|[from] brn\n|-damage|p1b: Altaria|28/100 brn|[from] brn\n|upkeep\n|turn|16\n|inactive|cookies14 has 30 seconds left.\n|\n|t:|1776541539\n|move|p1a: Venusaur|Sludge Bomb|p2b: Incineroar\n|-crit|p2b: Incineroar\n|-damage|p2b: Incineroar|27/100\n|-status|p2b: Incineroar|psn\n|move|p1b: Altaria|Acrobatics|p2b: Incineroar\n|-damage|p2b: Incineroar|16/100 psn\n|move|p2b: Incineroar|Parting Shot|p1a: Venusaur\n|-unboost|p1a: Venusaur|atk|1\n|-unboost|p1a: Venusaur|spa|1\n|\n|-damage|p2b: Incineroar|4/100 psn|[from] psn\n|-damage|p1a: Venusaur|58/100 brn|[from] brn\n|-damage|p1b: Altaria|22/100 brn|[from] brn\n|-end|p1b: Altaria|Throat Chop|[silent]\n|upkeep\n|turn|17\n|inactive|cookies14 has 25 seconds left this turn.\n|inactive|cookies14 has 20 seconds left.\n|inactive|cookies14 has 15 seconds left.\n|-message|cookies14 forfeited.\n|\n|win|BotsuanaKing\n|raw|BotsuanaKing's rating: 1105 &rarr; <strong>1127</strong><br />(+22 for winning)\n|raw|cookies14's rating: 1064 &rarr; <strong>1047</strong><br />(-17 for losing)\n|l|\u2606cookies14\n|player|p2|\n|c|\u2606BotsuanaKing|Gg\n|l|\u2606BotsuanaKing\n|player|p1|\n|j|\u2606BotsuanaKing\n|player|p1|BotsuanaKing|101|\n|l|\u2606BotsuanaKing\n|player|p1|\n|j|\u2606BotsuanaKing\n|player|p1|BotsuanaKing|101|\n",
  "uploadtime": 1776541661,
  "views": 19,
  "formatid": "gen9championsvgc2026regma",
  "rating": 1047,
  "private": 0,
  "password": null
}