{
  "id": "gen9championsvgc2026regma-2583738828",
  "format": "[Gen 9 Champions] VGC 2026 Reg M-A",
  "players": [
    "JojoPado",
    "KingGenius"
  ],
  "log": "|j|\u203dJojoPado\n|j|\u2606KingGenius\n|t:|1776194377\n|gametype|doubles\n|player|p1|JojoPado|camper|1046\n|player|p2|KingGenius|170|1003\n|gen|9\n|tier|[Gen 9 Champions] VGC 2026 Reg M-A\n|rated|\n|rule|Species Clause: Limit one of each Pok\u00e9mon\n|rule|Item Clause: Limit 1 of each item\n|clearpoke\n|poke|p1|Charizard, L50, F|\n|poke|p1|Sneasler, L50, M|\n|poke|p1|Whimsicott, L50, F|\n|poke|p1|Garchomp, L50, F|\n|poke|p1|Incineroar, L50, M|\n|poke|p1|Venusaur, L50, F|\n|poke|p2|Maushold-Four, L50|\n|poke|p2|Floette-Eternal, L50, F|\n|poke|p2|Garchomp, L50, M|\n|poke|p2|Talonflame, L50, F|\n|poke|p2|Rotom-Wash, L50|\n|poke|p2|Aegislash, L50, M|\n|teampreview|4\nKingGenius has agreed to open team sheets.\n|inactive|Battle timer is ON: inactive players will automatically lose when time's up. (requested by KingGenius)\n|inactive|JojoPado has 60 seconds left.\n|\n|t:|1776194411\n|teamsize|p1|4\n|teamsize|p2|4\n|start\n|switch|p1a: Charizard|Charizard, L50, F|100/100\n|switch|p1b: Whimsicott|Whimsicott, L50, F|100/100\n|switch|p2a: Garchomp|Garchomp, L50, M|100/100\n|switch|p2b: Talonflame|Talonflame, L50, F|100/100\n|turn|1\n|\n|t:|1776194430\n|move|p1a: Charizard|Protect|p1a: Charizard\n|-singleturn|p1a: Charizard|Protect\n|move|p2b: Talonflame|Tailwind|p2b: Talonflame\n|-sidestart|p2: KingGenius|move: Tailwind\n|move|p2a: Garchomp|Rock Slide|p1b: Whimsicott|[spread] p1b\n|-activate|p1a: Charizard|move: Protect\n|-damage|p1b: Whimsicott|74/100\n|cant|p1b: Whimsicott|flinch\n|\n|upkeep\n|turn|2\n|\n|t:|1776194451\n|switch|p1a: Incineroar|Incineroar, L50, M|100/100\n|-ability|p1a: Incineroar|Intimidate|boost\n|-unboost|p2a: Garchomp|atk|1\n|-unboost|p2b: Talonflame|atk|1\n|move|p2b: Talonflame|Acrobatics|p1b: Whimsicott\n|-supereffective|p1b: Whimsicott|1\n|-damage|p1b: Whimsicott|4/100\n|move|p1b: Whimsicott|Encore|p2b: Talonflame\n|-start|p2b: Talonflame|Encore\n|move|p2a: Garchomp|Rock Slide|p1b: Whimsicott|[spread] p1a\n|-miss|p2a: Garchomp|p1b: Whimsicott\n|-supereffective|p1a: Incineroar|1\n|-damage|p1a: Incineroar|78/100\n|\n|upkeep\n|turn|3\n|inactive|JojoPado has 30 seconds left.\n|inactive|KingGenius has 30 seconds left.\n|inactive|KingGenius has 20 seconds left.\n|\n|t:|1776194488\n|switch|p2b: Floette|Floette-Eternal, L50, F|100/100\n|switch|p2a: Rotom|Rotom-Wash, L50|100/100\n|move|p1a: Incineroar|Fake Out|p2b: Floette\n|-crit|p2b: Floette\n|-damage|p2b: Floette|75/100\n|move|p1b: Whimsicott|Tailwind|p1b: Whimsicott\n|-sidestart|p1: JojoPado|move: Tailwind\n|\n|upkeep\n|turn|4\n|inactive|JojoPado has 30 seconds left.\n|inactive|JojoPado has 20 seconds left.\n|inactive|JojoPado has 15 seconds left.\n|\n|t:|1776194528\n|switch|p1b: Charizard|Charizard, L50, F|100/100\n|detailschange|p2b: Floette|Floette-Mega, L50, F\n|-mega|p2b: Floette|Floette|Floettite\n|-ability|p2b: Floette|Fairy Aura\n|move|p2a: Rotom|Volt Switch|p1a: Incineroar\n|-damage|p1a: Incineroar|45/100\n|-enditem|p1a: Incineroar|Sitrus Berry|[eat]\n|-heal|p1a: Incineroar|70/100|[from] item: Sitrus Berry\n|\n|t:|1776194539\n|switch|p2a: Talonflame|Talonflame, L50, F|100/100|[from] Volt Switch\n|move|p2b: Floette|Calm Mind|p2b: Floette\n|-boost|p2b: Floette|spa|1\n|-boost|p2b: Floette|spd|1\n|move|p1a: Incineroar|Parting Shot|p2b: Floette\n|-unboost|p2b: Floette|atk|1\n|-unboost|p2b: Floette|spa|1\n|\n|t:|1776194559\n|switch|p1a: Venusaur|Venusaur, L50, F|100/100|[from] Parting Shot\n|\n|-sideend|p2: KingGenius|move: Tailwind\n|upkeep\n|turn|5\n|inactive|KingGenius has 30 seconds left.\n|inactive|KingGenius has 20 seconds left.\n|inactive|KingGenius has 15 seconds left.\n|\n|t:|1776194604\n|detailschange|p1b: Charizard|Charizard-Mega-Y, L50, F\n|-mega|p1b: Charizard|Charizard|Charizardite Y\n|-weather|SunnyDay|[from] ability: Drought|[of] p1b: Charizard\n|move|p2b: Floette|Protect|p2b: Floette\n|-singleturn|p2b: Floette|Protect\n|move|p2a: Talonflame|Acrobatics|p1a: Venusaur\n|-supereffective|p1a: Venusaur|1\n|-damage|p1a: Venusaur|1/100\n|move|p1a: Venusaur|Sludge Bomb|p2b: Floette\n|-activate|p2b: Floette|move: Protect\n|move|p1b: Charizard|Heat Wave|p2a: Talonflame|[spread] p2a\n|-activate|p2b: Floette|move: Protect\n|-resisted|p2a: Talonflame|1\n|-damage|p2a: Talonflame|49/100\n|\n|-weather|SunnyDay|[upkeep]\n|upkeep\n|turn|6\n|inactive|KingGenius has 30 seconds left.\n|\n|t:|1776194637\n|switch|p1a: Whimsicott|Whimsicott, L50, F|4/100\n|switch|p2b: Garchomp|Garchomp, L50, M|100/100\n|move|p2a: Talonflame|Protect|p2a: Talonflame\n|-singleturn|p2a: Talonflame|Protect\n|move|p1b: Charizard|Heat Wave|p2a: Talonflame|[spread] p2b\n|-activate|p2a: Talonflame|move: Protect\n|-resisted|p2b: Garchomp|1\n|-damage|p2b: Garchomp|67/100\n|\n|-weather|SunnyDay|[upkeep]\n|-sideend|p1: JojoPado|move: Tailwind\n|upkeep\n|turn|7\n|inactive|JojoPado has 30 seconds left.\n|\n|t:|1776194665\n|switch|p1a: Incineroar|Incineroar, L50, M|70/100\n|-ability|p1a: Incineroar|Intimidate|boost\n|-unboost|p2a: Talonflame|atk|1\n|-unboost|p2b: Garchomp|atk|1\n|move|p1b: Charizard|Protect|p1b: Charizard\n|-singleturn|p1b: Charizard|Protect\n|move|p2a: Talonflame|Acrobatics|p1a: Incineroar\n|-damage|p1a: Incineroar|45/100\n|move|p2b: Garchomp|Rock Slide|p1b: Charizard|[spread] p1a\n|-activate|p1b: Charizard|move: Protect\n|-supereffective|p1a: Incineroar|1\n|-damage|p1a: Incineroar|18/100\n|\n|-weather|SunnyDay|[upkeep]\n|upkeep\n|turn|8\n|inactive|JojoPado has 30 seconds left.\n|\n|t:|1776194690\n|move|p2b: Garchomp|Protect|p2b: Garchomp\n|-singleturn|p2b: Garchomp|Protect\n|move|p1a: Incineroar|Fake Out|p2b: Garchomp\n|-activate|p2b: Garchomp|move: Protect\n|move|p2a: Talonflame|Acrobatics|p1a: Incineroar\n|-damage|p1a: Incineroar|0 fnt\n|faint|p1a: Incineroar\n|move|p1b: Charizard|Heat Wave|p2b: Garchomp|[spread] p2a\n|-activate|p2b: Garchomp|move: Protect\n|-resisted|p2a: Talonflame|1\n|-damage|p2a: Talonflame|0 fnt\n|faint|p2a: Talonflame\n|\n|-weather|SunnyDay|[upkeep]\n|upkeep\n|\n|t:|1776194706\n|switch|p2a: Rotom|Rotom-Wash, L50|100/100\n|switch|p1a: Whimsicott|Whimsicott, L50, F|4/100\n|turn|9\n|\n|t:|1776194726\n|move|p1a: Whimsicott|Tailwind|p1a: Whimsicott\n|-sidestart|p1: JojoPado|move: Tailwind\n|move|p1b: Charizard|Heat Wave|p2a: Rotom|[spread] p2a,p2b\n|-resisted|p2a: Rotom|1\n|-resisted|p2b: Garchomp|1\n|-damage|p2a: Rotom|60/100\n|-damage|p2b: Garchomp|32/100\n|move|p2a: Rotom|Volt Switch|p1b: Charizard\n|-supereffective|p1b: Charizard|1\n|-damage|p1b: Charizard|26/100\n|\n|t:|1776194734\n|switch|p2a: Floette|Floette-Mega, L50, F|75/100|[from] Volt Switch\n|-ability|p2a: Floette|Fairy Aura\n|move|p2b: Garchomp|Rock Slide|p1a: Whimsicott|[spread] p1a,p1b\n|-supereffective|p1b: Charizard|2\n|-damage|p1a: Whimsicott|0 fnt\n|-damage|p1b: Charizard|0 fnt\n|faint|p1a: Whimsicott\n|faint|p1b: Charizard\n|\n|-weather|none\n|upkeep\n|\n|t:|1776194745\n|switch|p1a: Venusaur|Venusaur, L50, F|1/100\n|turn|10\n|c|\u2606KingGenius|ggs\n|\n|t:|1776194755\n|move|p1a: Venusaur|Earth Power|p2a: Floette\n|-damage|p2a: Floette|56/100\n|-unboost|p2a: Floette|spd|1\n|move|p2b: Garchomp|Stomping Tantrum|p1a: Venusaur\n|-damage|p1a: Venusaur|0 fnt\n|faint|p1a: Venusaur\n|\n|win|KingGenius\n|raw|JojoPado's rating: 1046 &rarr; <strong>1027</strong><br />(-19 for losing)\n|raw|KingGenius's rating: 1003 &rarr; <strong>1047</strong><br />(+44 for winning)\n|l|\u203dJojoPado\n|player|p1|\n",
  "uploadtime": 1776194762,
  "views": 20,
  "formatid": "gen9championsvgc2026regma",
  "rating": 1027,
  "private": 0,
  "password": null
}