{
  "id": "gen9championsvgc2026regma-2585223178",
  "format": "[Gen 9 Champions] VGC 2026 Reg M-A",
  "players": [
    "nazumi11674",
    "evokenz"
  ],
  "log": "|j|\u2606nazumi11674\n|j|\u2606evokenz\n|t:|1776326878\n|gametype|doubles\n|player|p1|nazumi11674|2|1205\n|player|p2|evokenz|101|1178\n|gen|9\n|tier|[Gen 9 Champions] VGC 2026 Reg M-A\n|rated|\n|rule|Species Clause: Limit one of each Pok\u00e9mon\n|rule|Item Clause: Limit 1 of each item\n|clearpoke\n|poke|p1|Floette-Eternal, L50, F|\n|poke|p1|Aegislash, L50, M|\n|poke|p1|Tauros-Paldea-Aqua, L50, M|\n|poke|p1|Sinistcha, L50|\n|poke|p1|Typhlosion-Hisui, L50, F|\n|poke|p1|Aerodactyl, L50, M|\n|poke|p2|Aerodactyl, L50, F|\n|poke|p2|Kangaskhan, L50, F|\n|poke|p2|Gengar, L50, M|\n|poke|p2|Sneasler, L50, F|\n|poke|p2|Rotom-Wash, L50|\n|poke|p2|Garchomp, L50, M|\n|teampreview|4\n|inactive|Battle timer is ON: inactive players will automatically lose when time's up. (requested by nazumi11674)\n|inactive|evokenz has 60 seconds left.\n|\n|t:|1776326923\n|teamsize|p1|4\n|teamsize|p2|4\n|start\n|switch|p1a: Typhlosion|Typhlosion-Hisui, L50, F|100/100\n|switch|p1b: Aerodactyl|Aerodactyl, L50, M|100/100\n|switch|p2a: Gengar|Gengar, L50, M|100/100\n|switch|p2b: Aerodactyl|Aerodactyl, L50, F|100/100\n|-ability|p1b: Aerodactyl|Unnerve\n|-ability|p2b: Aerodactyl|Unnerve\n|turn|1\n|\n|t:|1776326947\n|move|p2a: Gengar|Shadow Ball|p1a: Typhlosion\n|-supereffective|p1a: Typhlosion|1\n|-damage|p1a: Typhlosion|0 fnt\n|faint|p1a: Typhlosion\n|move|p2b: Aerodactyl|Tailwind|p2b: Aerodactyl\n|-sidestart|p2: evokenz|move: Tailwind\n|move|p1b: Aerodactyl|Rock Slide|p2a: Gengar|[spread] p2a,p2b\n|-supereffective|p2b: Aerodactyl|1\n|-damage|p2a: Gengar|52/100\n|-damage|p2b: Aerodactyl|26/100\n|\n|upkeep\n|\n|t:|1776326958\n|switch|p1a: Aegislash|Aegislash, L50, M|100/100\n|turn|2\n|\n|t:|1776326977\n|switch|p2a: Kangaskhan|Kangaskhan, L50, F|100/100\n|-formechange|p1a: Aegislash|Aegislash-Blade|\n|move|p1a: Aegislash|Shadow Sneak|p2a: Kangaskhan\n|-immune|p2a: Kangaskhan\n|move|p2b: Aerodactyl|Rock Slide|p1b: Aerodactyl|[spread] p1a\n|-miss|p2b: Aerodactyl|p1b: Aerodactyl\n|-resisted|p1a: Aegislash|1\n|-damage|p1a: Aegislash|82/100\n|move|p1b: Aerodactyl|Rock Slide|p2a: Kangaskhan|[spread] p2a,p2b\n|-supereffective|p2b: Aerodactyl|1\n|-damage|p2a: Kangaskhan|73/100\n|-damage|p2b: Aerodactyl|0 fnt\n|faint|p2b: Aerodactyl\n|\n|upkeep\n|\n|t:|1776326996\n|switch|p2b: Sneasler|Sneasler, L50, F|100/100\n|turn|3\n|inactive|nazumi11674 has 30 seconds left.\n|inactive|evokenz has 30 seconds left.\n|inactive|evokenz has 20 seconds left.\n|\n|t:|1776327034\n|detailschange|p2a: Kangaskhan|Kangaskhan-Mega, L50, F\n|-mega|p2a: Kangaskhan|Kangaskhan|Kangaskhanite\n|move|p1b: Aerodactyl|Protect|p1b: Aerodactyl\n|-singleturn|p1b: Aerodactyl|Protect\n|move|p2b: Sneasler|Fake Out|p1b: Aerodactyl\n|-activate|p1b: Aerodactyl|move: Protect\n|move|p2a: Kangaskhan|Sucker Punch|p1a: Aegislash\n|-supereffective|p1a: Aegislash|1\n|-damage|p1a: Aegislash|0 fnt\n|faint|p1a: Aegislash\n|-hitcount|p1: Aegislash|1\n|\n|upkeep\n|\n|t:|1776327045\n|switch|p1a: Floette|Floette-Eternal, L50, F|100/100\n|turn|4\n|\n|t:|1776327053\n|move|p1a: Floette|Protect|p1a: Floette\n|-singleturn|p1a: Floette|Protect\n|move|p2b: Sneasler|Dire Claw|p1a: Floette\n|-activate|p1a: Floette|move: Protect\n|move|p2a: Kangaskhan|Drain Punch|p1b: Aerodactyl\n|-damage|p1b: Aerodactyl|53/100\n|-heal|p2a: Kangaskhan|91/100|[from] drain|[of] p1b: Aerodactyl\n|-damage|p1b: Aerodactyl|41/100\n|-heal|p2a: Kangaskhan|95/100|[from] drain|[of] p1b: Aerodactyl\n|-hitcount|p1b: Aerodactyl|2\n|move|p1b: Aerodactyl|Dual Wingbeat|p2b: Sneasler\n|-supereffective|p2b: Sneasler|1\n|-damage|p2b: Sneasler|34/100\n|-supereffective|p2b: Sneasler|1\n|-damage|p2b: Sneasler|0 fnt\n|faint|p2b: Sneasler\n|-hitcount|p2: Sneasler|2\n|\n|-sideend|p2: evokenz|move: Tailwind\n|upkeep\n|\n|t:|1776327070\n|switch|p2b: Gengar|Gengar, L50, M|52/100\n|turn|5\n|\n|t:|1776327087\n|detailschange|p1a: Floette|Floette-Mega, L50, F\n|-mega|p1a: Floette|Floette|Floettite\n|-ability|p1a: Floette|Fairy Aura\n|move|p2b: Gengar|Sludge Bomb|p1a: Floette\n|-supereffective|p1a: Floette|1\n|-damage|p1a: Floette|24/100\n|move|p1b: Aerodactyl|Tailwind|p1b: Aerodactyl\n|-sidestart|p1: nazumi11674|move: Tailwind\n|move|p1a: Floette|Moonblast|p2b: Gengar\n|-resisted|p2b: Gengar|1\n|-damage|p2b: Gengar|0 fnt\n|-start|p1a: Floette|Disable|Moonblast|[from] ability: Cursed Body|[of] p2b: Gengar\n|faint|p2b: Gengar\n|move|p2a: Kangaskhan|Double-Edge|p1a: Floette\n|-damage|p1a: Floette|0 fnt\n|faint|p1a: Floette\n|-hitcount|p1: Floette|1\n|-damage|p2a: Kangaskhan|89/100|[from] Recoil\n|\n|upkeep\n|turn|6\n|\n|t:|1776327104\n|move|p1b: Aerodactyl|Rock Slide|p2a: Kangaskhan\n|-damage|p2a: Kangaskhan|60/100\n|move|p2a: Kangaskhan|Drain Punch|p1b: Aerodactyl\n|-damage|p1b: Aerodactyl|0 fnt\n|-heal|p2a: Kangaskhan|75/100|[from] drain|[of] p1b: Aerodactyl\n|faint|p1b: Aerodactyl\n|-hitcount|p1: Aerodactyl|1\n|\n|win|evokenz\n|raw|nazumi11674's rating: 1205 &rarr; <strong>1178</strong><br />(-27 for losing)\n|raw|evokenz's rating: 1178 &rarr; <strong>1205</strong><br />(+27 for winning)\n",
  "uploadtime": 1776327105,
  "views": 18,
  "formatid": "gen9championsvgc2026regma",
  "rating": 1178,
  "private": 0,
  "password": null
}