{
  "id": "gen9championsvgc2026regma-2582892835",
  "format": "[Gen 9 Champions] VGC 2026 Reg M-A",
  "players": [
    "ShinxINarmor",
    "the same as here"
  ],
  "log": "|j|\u2606ShinxINarmor\n|j|\u2606the same as here\n|t:|1776122647\n|gametype|doubles\n|player|p1|ShinxINarmor|266|1138\n|player|p2|the same as here|janitor|1125\n|gen|9\n|tier|[Gen 9 Champions] VGC 2026 Reg M-A\n|rated|\n|rule|Species Clause: Limit one of each Pok\u00e9mon\n|rule|Item Clause: Limit 1 of each item\n|clearpoke\n|poke|p1|Torkoal, L50, M|\n|poke|p1|Delphox, L50, M|\n|poke|p1|Maushold-Four, L50|\n|poke|p1|Farigiraf, L50, M|\n|poke|p1|Garchomp, L50, M|\n|poke|p1|Sneasler, L50, F|\n|poke|p2|Floette-Eternal, L50, F|\n|poke|p2|Sinistcha, L50|\n|poke|p2|Incineroar, L50, M|\n|poke|p2|Gyarados, L50, F|\n|poke|p2|Garchomp, L50, F|\n|poke|p2|Glimmora, L50, F|\n|teampreview|4\n|inactive|Battle timer is ON: inactive players will automatically lose when time's up. (requested by ShinxINarmor)\n|\n|t:|1776122697\n|teamsize|p1|4\n|teamsize|p2|4\n|start\n|switch|p1a: Delphox|Delphox, L50, M|100/100\n|switch|p1b: Farigiraf|Farigiraf, L50, M|100/100\n|switch|p2a: Problems|Sinistcha, L50|100/100\n|switch|p2b: Eden Hazards|Glimmora, L50, F|100/100\n|turn|1\n|inactive|ShinxINarmor has 30 seconds left.\n|inactive|the same as here has 30 seconds left.\n|inactive|the same as here has 20 seconds left.\n|inactive|the same as here has 15 seconds left.\n|\n|t:|1776122741\n|detailschange|p1a: Delphox|Delphox-Mega, L50, M\n|-mega|p1a: Delphox|Delphox|Delphoxite\n|detailschange|p2b: Eden Hazards|Glimmora-Mega, L50, F\n|-mega|p2b: Eden Hazards|Glimmora|Glimmoranite\n|move|p1b: Farigiraf|Helping Hand|p1a: Delphox\n|-singleturn|p1a: Delphox|Helping Hand|[of] p1b: Farigiraf\n|move|p2b: Eden Hazards|Spiky Shield|p2b: Eden Hazards\n|-singleturn|p2b: Eden Hazards|move: Protect\n|move|p1a: Delphox|Heat Wave|p2a: Problems|[spread] p2a\n|-activate|p2b: Eden Hazards|move: Protect\n|-supereffective|p2a: Problems|1\n|-damage|p2a: Problems|45/100\n|-enditem|p2a: Problems|Sitrus Berry|[eat]\n|-heal|p2a: Problems|70/100|[from] item: Sitrus Berry\n|move|p2a: Problems|Stun Spore|p1a: Delphox\n|-status|p1a: Delphox|par\n|\n|upkeep\n|turn|2\n|inactive|the same as here has 30 seconds left.\n|\n|t:|1776122767\n|move|p1b: Farigiraf|Ally Switch|p1b: Farigiraf\n|swap|p1b: Farigiraf|0|[from] move: Ally Switch\n|move|p2b: Eden Hazards|Power Gem|p1b: Delphox\n|-supereffective|p1b: Delphox|1\n|-damage|p1b: Delphox|0 fnt\n|faint|p1b: Delphox\n|move|p2a: Problems|Hex|p1a: Farigiraf\n|-immune|p1a: Farigiraf\n|\n|upkeep\n|\n|t:|1776122779\n|switch|p1b: Garchomp|Garchomp, L50, M|100/100\n|turn|3\n|\n|t:|1776122791\n|switch|p2b: Ye old Gyara|Gyarados, L50, F|100/100\n|-ability|p2b: Ye old Gyara|Intimidate|boost\n|-unboost|p1a: Farigiraf|atk|1\n|-unboost|p1b: Garchomp|atk|1\n|move|p1a: Farigiraf|Protect|p1a: Farigiraf\n|-singleturn|p1a: Farigiraf|Protect\n|move|p1b: Garchomp|Earthquake|p2a: Problems|[spread] p2a\n|-activate|p1a: Farigiraf|move: Protect\n|-immune|p2b: Ye old Gyara\n|-resisted|p2a: Problems|1\n|-damage|p2a: Problems|57/100\n|move|p2a: Problems|Stun Spore|p1b: Garchomp\n|-status|p1b: Garchomp|par\n|\n|upkeep\n|turn|4\n|\n|t:|1776122812\n|move|p2b: Ye old Gyara|Taunt|p1a: Farigiraf\n|-start|p1a: Farigiraf|move: Taunt\n|move|p2a: Problems|Matcha Gotcha|p1a: Farigiraf|[spread] p1a,p1b\n|-damage|p1a: Farigiraf|73/100\n|-heal|p2a: Problems|75/100|[from] drain|[of] p1a: Farigiraf\n|-damage|p1b: Garchomp|74/100 par\n|-heal|p2a: Problems|89/100|[from] drain|[of] p1b: Garchomp\n|cant|p1b: Garchomp|par\n|move|p1a: Farigiraf|Psychic|p2b: Ye old Gyara\n|-damage|p2b: Ye old Gyara|75/100\n|\n|-heal|p2b: Ye old Gyara|81/100|[from] item: Leftovers\n|upkeep\n|turn|5\n|\n|t:|1776122837\n|switch|p1a: Torkoal|Torkoal, L50, M|100/100\n|-weather|SunnyDay|[from] ability: Drought|[of] p1a: Torkoal\n|move|p2b: Ye old Gyara|Waterfall|p1b: Garchomp\n|-damage|p1b: Garchomp|58/100 par\n|-damage|p2b: Ye old Gyara|69/100|[from] ability: Rough Skin|[of] p1b: Garchomp\n|move|p2a: Problems|Hex|p1b: Garchomp\n|-damage|p1b: Garchomp|4/100 par\n|move|p1b: Garchomp|Dragon Claw|p2b: Ye old Gyara\n|-damage|p2b: Ye old Gyara|39/100\n|\n|-weather|SunnyDay|[upkeep]\n|-heal|p2b: Ye old Gyara|45/100|[from] item: Leftovers\n|upkeep\n|turn|6\n|inactive|the same as here has 30 seconds left.\n|inactive|the same as here has 20 seconds left.\n|inactive|the same as here has 15 seconds left.\n|inactive|the same as here has 10 seconds left.\n|-activate|p1a: Torkoal|item: Quick Claw\n|\n|t:|1776122886\n|switch|p2a: Piano|Garchomp, L50, F|100/100\n|move|p1a: Torkoal|Eruption|p2a: Piano|[spread] p2a,p2b\n|-resisted|p2a: Piano|1\n|-resisted|p2b: Ye old Gyara|1\n|-damage|p2a: Piano|71/100\n|-damage|p2b: Ye old Gyara|27/100\n|move|p2b: Ye old Gyara|Waterfall|p1b: Garchomp\n|-damage|p1b: Garchomp|0 fnt\n|-damage|p2b: Ye old Gyara|14/100|[from] ability: Rough Skin|[of] p1b: Garchomp\n|faint|p1b: Garchomp\n|\n|-weather|SunnyDay|[upkeep]\n|-heal|p2b: Ye old Gyara|20/100|[from] item: Leftovers\n|upkeep\n|\n|t:|1776122903\n|switch|p1b: Farigiraf|Farigiraf, L50, M|73/100\n|turn|7\n|\n|t:|1776122911\n|move|p2a: Piano|Stomping Tantrum|p1b: Farigiraf\n|-damage|p1b: Farigiraf|38/100\n|move|p2b: Ye old Gyara|Taunt|p1b: Farigiraf\n|-start|p1b: Farigiraf|move: Taunt\n|move|p1b: Farigiraf|Psychic|p2a: Piano\n|-crit|p2a: Piano\n|-damage|p2a: Piano|12/100\n|move|p1a: Torkoal|Eruption|p2b: Ye old Gyara|[spread] p2a,p2b\n|-resisted|p2a: Piano|1\n|-resisted|p2b: Ye old Gyara|1\n|-damage|p2a: Piano|0 fnt\n|-damage|p2b: Ye old Gyara|2/100\n|faint|p2a: Piano\n|\n|-weather|SunnyDay|[upkeep]\n|-heal|p2b: Ye old Gyara|8/100|[from] item: Leftovers\n|upkeep\n|\n|t:|1776122916\n|switch|p2a: Eden Hazards|Glimmora-Mega, L50, F|100/100\n|turn|8\n|\n|t:|1776122937\n|move|p2a: Eden Hazards|Power Gem|p1a: Torkoal\n|-supereffective|p1a: Torkoal|1\n|-damage|p1a: Torkoal|0 fnt\n|faint|p1a: Torkoal\n|move|p2b: Ye old Gyara|Waterfall|p1b: Farigiraf\n|-damage|p1b: Farigiraf|26/100\n|cant|p1b: Farigiraf|flinch\n|\n|-weather|SunnyDay|[upkeep]\n|-heal|p2b: Ye old Gyara|14/100|[from] item: Leftovers\n|upkeep\n|turn|9\n|\n|t:|1776122949\n|move|p2a: Eden Hazards|Power Gem|p1b: Farigiraf\n|-damage|p1b: Farigiraf|0 fnt\n|faint|p1b: Farigiraf\n|\n|win|the same as here\n|raw|ShinxINarmor's rating: 1138 &rarr; <strong>1112</strong><br />(-26 for losing)\n|raw|the same as here's rating: 1125 &rarr; <strong>1151</strong><br />(+26 for winning)\n|l|\u2606ShinxINarmor\n|player|p1|\n",
  "uploadtime": 1776122964,
  "views": 12,
  "formatid": "gen9championsvgc2026regma",
  "rating": 1112,
  "private": 0,
  "password": null
}