{
  "id": "gen9championsvgc2026regma-2581299905",
  "format": "[Gen 9 Champions] VGC 2026 Reg M-A",
  "players": [
    "Murphy's kitchen",
    "MalteseShark"
  ],
  "log": "|j|\u2606Murphy's kitchen\n|j|\u2606MalteseShark\n|t:|1775983377\n|gametype|doubles\n|player|p1|Murphy's kitchen|1|1077\n|player|p2|MalteseShark|101|1158\n|gen|9\n|tier|[Gen 9 Champions] VGC 2026 Reg M-A\n|rated|\n|rule|Species Clause: Limit one of each Pok\u00e9mon\n|rule|Item Clause: Limit 1 of each item\n|clearpoke\n|poke|p1|Starmie, L50|\n|poke|p1|Maushold-Four, L50|\n|poke|p1|Kommo-o, L50, F|\n|poke|p1|Aegislash, L50, M|\n|poke|p1|Rotom-Heat, L50|\n|poke|p1|Whimsicott, L50, F|\n|poke|p2|Floette-Eternal, L50, F|\n|poke|p2|Incineroar, L50, M|\n|poke|p2|Empoleon, L50, M|\n|poke|p2|Talonflame, L50, M|\n|poke|p2|Maushold-Four, L50|\n|poke|p2|Sneasler, L50, F|\n|teampreview|4\n|inactive|Battle timer is ON: inactive players will automatically lose when time's up. (requested by MalteseShark)\n|\n|t:|1775983417\n|teamsize|p1|4\n|teamsize|p2|4\n|start\n|switch|p1a: Rotom|Rotom-Heat, L50|100/100\n|switch|p1b: Kommo-o|Kommo-o, L50, F|100/100\n|switch|p2a: Floette|Floette-Eternal, L50, F|100/100\n|switch|p2b: Sneasler|Sneasler, L50, F|100/100\n|turn|1\n|\n|t:|1775983431\n|switch|p1b: Aegislash|Aegislash, L50, M|100/100\n|detailschange|p2a: Floette|Floette-Mega, L50, F\n|-mega|p2a: Floette|Floette|Floettite\n|-ability|p2a: Floette|Fairy Aura\n|move|p2b: Sneasler|Fake Out|p1b: Aegislash\n|-immune|p1b: Aegislash\n|move|p1a: Rotom|Electroweb|p2b: Sneasler|[spread] p2a,p2b\n|-damage|p2a: Floette|87/100\n|-damage|p2b: Sneasler|73/100\n|-unboost|p2a: Floette|spe|1\n|-unboost|p2b: Sneasler|spe|1\n|-enditem|p2b: Sneasler|White Herb\n|-clearnegativeboost|p2b: Sneasler|[silent]\n|move|p2a: Floette|Calm Mind|p2a: Floette\n|-boost|p2a: Floette|spa|1\n|-boost|p2a: Floette|spd|1\n|\n|upkeep\n|turn|2\n|inactive|MalteseShark has 30 seconds left.\n|\n|t:|1775983459\n|move|p2b: Sneasler|Protect|p2b: Sneasler\n|-singleturn|p2b: Sneasler|Protect\n|move|p1a: Rotom|Electroweb|p2a: Floette|[spread] \n|-activate|p2b: Sneasler|move: Protect\n|-miss|p1a: Rotom|p2a: Floette\n|-formechange|p1b: Aegislash|Aegislash-Blade|\n|move|p1b: Aegislash|Iron Head|p2b: Sneasler\n|-activate|p2b: Sneasler|move: Protect\n|move|p2a: Floette|Dazzling Gleam|p1b: Aegislash|[spread] p1a,p1b\n|-resisted|p1a: Rotom|1\n|-resisted|p1b: Aegislash|1\n|-damage|p1a: Rotom|57/100\n|-damage|p1b: Aegislash|41/100\n|\n|upkeep\n|turn|3\n|\n|t:|1775983480\n|switch|p2b: Incineroar|Incineroar, L50, M|100/100\n|-ability|p2b: Incineroar|Intimidate|boost\n|-unboost|p1a: Rotom|atk|1\n|-unboost|p1b: Aegislash|atk|1\n|move|p1b: Aegislash|Protect|p1b: Aegislash\n|-singleturn|p1b: Aegislash|Protect\n|move|p1a: Rotom|Electroweb|p2b: Incineroar|[spread] p2a,p2b\n|-damage|p2a: Floette|77/100\n|-damage|p2b: Incineroar|84/100\n|-unboost|p2a: Floette|spe|1\n|-unboost|p2b: Incineroar|spe|1\n|move|p2a: Floette|Dazzling Gleam|p1a: Rotom|[spread] p1a\n|-activate|p1b: Aegislash|move: Protect\n|-resisted|p1a: Rotom|1\n|-damage|p1a: Rotom|16/100\n|\n|upkeep\n|turn|4\n|\n|t:|1775983504\n|move|p1a: Rotom|Electroweb|p2a: Floette|[spread] p2a,p2b\n|-damage|p2a: Floette|68/100\n|-damage|p2b: Incineroar|69/100\n|-unboost|p2a: Floette|spe|1\n|-unboost|p2b: Incineroar|spe|1\n|move|p1b: Aegislash|Iron Head|p2a: Floette\n|-supereffective|p2a: Floette|1\n|-damage|p2a: Floette|15/100\n|move|p2a: Floette|Dazzling Gleam|p1b: Aegislash|[spread] p1a,p1b\n|-resisted|p1a: Rotom|1\n|-resisted|p1b: Aegislash|1\n|-damage|p1a: Rotom|0 fnt\n|-damage|p1b: Aegislash|0 fnt\n|faint|p1a: Rotom\n|faint|p1b: Aegislash\n|move|p2b: Incineroar|Throat Chop|p1: Rotom|[notarget]\n|-fail|p2b: Incineroar\n|\n|upkeep\n|\n|t:|1775983522\n|switch|p1a: Kommo-o|Kommo-o, L50, F|100/100\n|switch|p1b: Starmie|Starmie, L50|100/100\n|turn|5\n|inactive|Murphy's kitchen has 30 seconds left.\n|\n|t:|1775983548\n|detailschange|p1b: Starmie|Starmie-Mega, L50\n|-mega|p1b: Starmie|Starmie|Starminite\n|move|p1b: Starmie|Liquidation|p2a: Floette\n|-damage|p2a: Floette|0 fnt\n|faint|p2a: Floette\n|move|p1a: Kommo-o|Clangorous Soul|p1a: Kommo-o\n|-boost|p1a: Kommo-o|atk|1\n|-boost|p1a: Kommo-o|def|1\n|-boost|p1a: Kommo-o|spa|1\n|-boost|p1a: Kommo-o|spd|1\n|-boost|p1a: Kommo-o|spe|1\n|-damage|p1a: Kommo-o|68/100\n|move|p2b: Incineroar|Parting Shot|p1b: Starmie\n|-unboost|p1b: Starmie|atk|1\n|-unboost|p1b: Starmie|spa|1\n|\n|t:|1775983570\n|switch|p2b: Maushold|Maushold-Four, L50|100/100|[from] Parting Shot\n|\n|upkeep\n|\n|t:|1775983573\n|switch|p2a: Incineroar|Incineroar, L50, M|69/100\n|-ability|p2a: Incineroar|Intimidate|boost\n|-unboost|p1a: Kommo-o|atk|1\n|-unboost|p1b: Starmie|atk|1\n|turn|6\n|\n|t:|1775983586\n|move|p2a: Incineroar|Fake Out|p1a: Kommo-o\n|-damage|p1a: Kommo-o|60/100\n|cant|p1a: Kommo-o|flinch\n|move|p1b: Starmie|Liquidation|p2a: Incineroar\n|-supereffective|p2a: Incineroar|1\n|-damage|p2a: Incineroar|20/100\n|-enditem|p2a: Incineroar|Sitrus Berry|[eat]\n|-heal|p2a: Incineroar|45/100|[from] item: Sitrus Berry\n|move|p2b: Maushold|Super Fang|p1a: Kommo-o\n|-damage|p1a: Kommo-o|31/100\n|-enditem|p1a: Kommo-o|Sitrus Berry|[eat]\n|-heal|p1a: Kommo-o|56/100|[from] item: Sitrus Berry\n|\n|upkeep\n|turn|7\n|\n|t:|1775983610\n|switch|p2a: Sneasler|Sneasler, L50, F|73/100\n|move|p1a: Kommo-o|Clanging Scales|p2a: Sneasler|[spread] p2a,p2b\n|-damage|p2a: Sneasler|16/100\n|-damage|p2b: Maushold|37/100\n|-unboost|p1a: Kommo-o|def|1\n|move|p1b: Starmie|Liquidation|p2a: Sneasler\n|-damage|p2a: Sneasler|0 fnt\n|faint|p2a: Sneasler\n|move|p2b: Maushold|Super Fang|p1b: Starmie\n|-damage|p1b: Starmie|51/100\n|\n|upkeep\n|\n|t:|1775983622\n|switch|p2a: Incineroar|Incineroar, L50, M|45/100\n|-ability|p2a: Incineroar|Intimidate|boost\n|-unboost|p1a: Kommo-o|atk|1\n|-unboost|p1b: Starmie|atk|1\n|turn|8\n|\n|t:|1775983636\n|move|p1a: Kommo-o|Protect|p1a: Kommo-o\n|-singleturn|p1a: Kommo-o|Protect\n|move|p1b: Starmie|Protect|p1b: Starmie\n|-singleturn|p1b: Starmie|Protect\n|move|p2a: Incineroar|Fake Out|p1a: Kommo-o\n|-activate|p1a: Kommo-o|move: Protect\n|move|p2b: Maushold|Super Fang|p1a: Kommo-o\n|-activate|p1a: Kommo-o|move: Protect\n|\n|upkeep\n|turn|9\n|\n|t:|1775983656\n|move|p2b: Maushold|Follow Me|p2b: Maushold\n|-singleturn|p2b: Maushold|move: Follow Me\n|move|p1a: Kommo-o|Clanging Scales|p2b: Maushold|[spread] p2a,p2b\n|-damage|p2a: Incineroar|13/100\n|-damage|p2b: Maushold|0 fnt\n|faint|p2b: Maushold\n|-unboost|p1a: Kommo-o|def|1\n|move|p1b: Starmie|Liquidation|p2a: Incineroar\n|-supereffective|p2a: Incineroar|1\n|-damage|p2a: Incineroar|0 fnt\n|faint|p2a: Incineroar\n|\n|win|Murphy's kitchen\n|raw|Murphy&apos;s kitchen's rating: 1077 &rarr; <strong>1112</strong><br />(+35 for winning)\n|raw|MalteseShark's rating: 1158 &rarr; <strong>1127</strong><br />(-31 for losing)\n|l|\u2606MalteseShark\n|player|p2|\n",
  "uploadtime": 1775983671,
  "views": 25,
  "formatid": "gen9championsvgc2026regma",
  "rating": 1112,
  "private": 0,
  "password": null
}