{
  "id": "gen9championsvgc2026regma-2584464763",
  "format": "[Gen 9 Champions] VGC 2026 Reg M-A",
  "players": [
    "joshawott14",
    "heroplayer2026"
  ],
  "log": "|j|\u2606joshawott14\n|j|\u2606heroplayer2026\n|t:|1776262674\n|gametype|doubles\n|player|p1|joshawott14|170|1116\n|player|p2|heroplayer2026|fisherman-gen4|1158\n|gen|9\n|tier|[Gen 9 Champions] VGC 2026 Reg M-A\n|rated|\n|rule|Species Clause: Limit one of each Pok\u00e9mon\n|rule|Item Clause: Limit 1 of each item\n|clearpoke\n|poke|p1|Meganium, L50, F|\n|poke|p1|Incineroar, L50, M|\n|poke|p1|Aegislash, L50, F|\n|poke|p1|Pelipper, L50, F|\n|poke|p1|Primarina, L50, M|\n|poke|p1|Basculegion, L50, M|\n|poke|p2|Torkoal, L50, F|\n|poke|p2|Incineroar, L50, F|\n|poke|p2|Farigiraf, L50, M|\n|poke|p2|Golurk, L50|\n|poke|p2|Conkeldurr, L50, M|\n|poke|p2|Garchomp, L50, F|\n|teampreview|4\n|inactive|Battle timer is ON: inactive players will automatically lose when time's up. (requested by joshawott14)\njoshawott14 has agreed to open team sheets.\n|inactive|joshawott14 has 60 seconds left.\n|inactive|heroplayer2026 has 60 seconds left.\n|inactive|joshawott14 has 30 seconds left.\n|inactive|joshawott14 has 20 seconds left.\n|inactive|joshawott14 has 15 seconds left.\n|\n|t:|1776262752\n|teamsize|p1|4\n|teamsize|p2|4\n|start\n|switch|p1a: Primarina|Primarina, L50, M|100/100\n|switch|p1b: Pelipper|Pelipper, L50, F|100/100\n|switch|p2a: Farigiraf|Farigiraf, L50, M|100/100\n|switch|p2b: Conkeldurr|Conkeldurr, L50, M|100/100\n|-weather|RainDance|[from] ability: Drizzle|[of] p1b: Pelipper\n|turn|1\n|\n|t:|1776262775\n|switch|p1b: Aegislash|Aegislash, L50, F, shiny|100/100\n|move|p1a: Primarina|Calm Mind|p1a: Primarina\n|-boost|p1a: Primarina|spa|1\n|-boost|p1a: Primarina|spd|1\n|move|p2b: Conkeldurr|Thunder Punch|p1b: Aegislash\n|-damage|p1b: Aegislash|65/100\n|move|p2a: Farigiraf|Trick Room|p2a: Farigiraf\n|-fieldstart|move: Trick Room|[of] p2a: Farigiraf\n|\n|-weather|RainDance|[upkeep]\n|upkeep\n|turn|2\n|\n|t:|1776262797\n|move|p1b: Aegislash|King's Shield|p1b: Aegislash\n|-singleturn|p1b: Aegislash|Protect\n|move|p2b: Conkeldurr|Thunder Punch|p1a: Primarina\n|-supereffective|p1a: Primarina|1\n|-damage|p1a: Primarina|0 fnt\n|faint|p1a: Primarina\n|move|p2a: Farigiraf|Hyper Voice|p1b: Aegislash\n|-activate|p1b: Aegislash|move: Protect\n|\n|-weather|RainDance|[upkeep]\n|upkeep\n|\n|t:|1776262810\n|switch|p1a: Meganium|Meganium, L50, F|100/100\n|turn|3\n|inactive|joshawott14 has 30 seconds left.\n|\n|t:|1776262835\n|detailschange|p1a: Meganium|Meganium-Mega, L50, F\n|-mega|p1a: Meganium|Meganium|Meganiumite\n|move|p2a: Farigiraf|Helping Hand|p2b: Conkeldurr\n|-singleturn|p2b: Conkeldurr|Helping Hand|[of] p2a: Farigiraf\n|move|p2b: Conkeldurr|Ice Punch|p1a: Meganium\n|-supereffective|p1a: Meganium|1\n|-damage|p1a: Meganium|21/100\n|move|p1a: Meganium|Solar Beam||[still]\n|-prepare|p1a: Meganium|Solar Beam\n|-activate|p1a: Meganium|ability: Mega Sol\n|-anim|p1a: Meganium|Solar Beam|p2b: Conkeldurr\n|-damage|p2b: Conkeldurr|25/100\n|-formechange|p1b: Aegislash|Aegislash-Blade|\n|move|p1b: Aegislash|Iron Head|p2b: Conkeldurr\n|-damage|p2b: Conkeldurr|0 fnt\n|faint|p2b: Conkeldurr\n|\n|-weather|RainDance|[upkeep]\n|upkeep\n|\n|t:|1776262843\n|switch|p2b: Garchomp|Garchomp, L50, F|100/100\n|turn|4\n|inactive|joshawott14 has 30 seconds left.\n|inactive|joshawott14 has 20 seconds left.\n|inactive|joshawott14 has 15 seconds left.\n|inactive|joshawott14 has 10 seconds left.\n|\n|t:|1776262892\n|detailschange|p2b: Garchomp|Garchomp-Mega, L50, F\n|-mega|p2b: Garchomp|Garchomp|Garchompite\n|-formechange|p1b: Aegislash|Aegislash|\n|move|p1b: Aegislash|King's Shield|p1b: Aegislash\n|-singleturn|p1b: Aegislash|Protect\n|move|p2a: Farigiraf|Hyper Voice|p1a: Meganium|[spread] p1a\n|-activate|p1b: Aegislash|move: Protect\n|-damage|p1a: Meganium|0 fnt\n|faint|p1a: Meganium\n|move|p2b: Garchomp|Poison Jab|p1b: Aegislash\n|-activate|p1b: Aegislash|move: Protect\n|-unboost|p2b: Garchomp|atk|1\n|\n|-weather|RainDance|[upkeep]\n|upkeep\n|\n|t:|1776262909\n|switch|p1a: Pelipper|Pelipper, L50, F|100/100\n|turn|5\n|\n|t:|1776262921\n|move|p2a: Farigiraf|Helping Hand|p2b: Garchomp\n|-singleturn|p2b: Garchomp|Helping Hand|[of] p2a: Farigiraf\n|move|p1a: Pelipper|Protect|p1a: Pelipper\n|-singleturn|p1a: Pelipper|Protect\n|move|p2b: Garchomp|Rock Slide|p1b: Aegislash|[spread] p1b\n|-activate|p1a: Pelipper|move: Protect\n|-resisted|p1b: Aegislash|1\n|-damage|p1b: Aegislash|53/100\n|cant|p1b: Aegislash|flinch\n|\n|-weather|none\n|-fieldend|move: Trick Room\n|upkeep\n|turn|6\n|-message|joshawott14 forfeited.\n|\n|win|heroplayer2026\n|raw|joshawott14's rating: 1116 &rarr; <strong>1094</strong><br />(-22 for losing)\n|raw|heroplayer2026's rating: 1158 &rarr; <strong>1180</strong><br />(+22 for winning)\n|l|\u2606joshawott14\n|player|p1|\n",
  "uploadtime": 1776262946,
  "views": 21,
  "formatid": "gen9championsvgc2026regma",
  "rating": 1094,
  "private": 0,
  "password": null
}