{
  "id": "gen9championsvgc2026regma-2587283804",
  "format": "[Gen 9 Champions] VGC 2026 Reg M-A",
  "players": [
    "Dwedge",
    "sisi1"
  ],
  "log": "|j|\u2606Dwedge\n|j|\u2606sisi1\n|t:|1776518154\n|gametype|doubles\n|player|p1|Dwedge|pokemonbreeder|1162\n|player|p2|sisi1|dawn|1165\n|gen|9\n|tier|[Gen 9 Champions] VGC 2026 Reg M-A\n|rated|\n|rule|Species Clause: Limit one of each Pok\u00e9mon\n|rule|Item Clause: Limit 1 of each item\n|clearpoke\n|poke|p1|Ampharos, L50, M|\n|poke|p1|Sinistcha, L50|\n|poke|p1|Mudsdale, L50, M|\n|poke|p1|Slowbro-Galar, L50, M|\n|poke|p1|Kingambit, L50, F|\n|poke|p1|Incineroar, L50, M|\n|poke|p2|Maushold, L50|\n|poke|p2|Meowstic, L50, M|\n|poke|p2|Gallade, L50, M|\n|poke|p2|Talonflame, L50, F|\n|poke|p2|Alakazam, L50, M|\n|poke|p2|Ninetales-Alola, L50, F|\n|teampreview|4\n|\n|t:|1776518196\n|teamsize|p1|4\n|teamsize|p2|4\n|start\n|switch|p1a: Ampharos|Ampharos, L50, M|100/100\n|switch|p1b: Sinistcha|Sinistcha, L50|100/100\n|switch|p2a: Meowstic|Meowstic, L50, M|100/100\n|switch|p2b: Gallade|Gallade, L50, M|100/100\n|turn|1\n|\n|t:|1776518215\n|detailschange|p1a: Ampharos|Ampharos-Mega, L50, M\n|-mega|p1a: Ampharos|Ampharos|Ampharosite\n|-ability|p1a: Ampharos|Mold Breaker\n|move|p1a: Ampharos|Protect|p1a: Ampharos\n|-singleturn|p1a: Ampharos|Protect\n|move|p2a: Meowstic|Fake Out|p1a: Ampharos\n|-activate|p1a: Ampharos|move: Protect\n|move|p2b: Gallade|Sacred Sword|p1a: Ampharos\n|-activate|p1a: Ampharos|move: Protect\n|move|p1b: Sinistcha|Trick Room|p1b: Sinistcha\n|-fieldstart|move: Trick Room|[of] p1b: Sinistcha\n|\n|upkeep\n|turn|2\n|\n|t:|1776518229\n|move|p2a: Meowstic|Psychic Terrain|p2a: Meowstic\n|-fieldstart|move: Psychic Terrain\n|move|p1a: Ampharos|Cotton Guard|p1a: Ampharos\n|-boost|p1a: Ampharos|def|3\n|move|p1b: Sinistcha|Matcha Gotcha|p2b: Gallade|[spread] p2a,p2b\n|-damage|p2a: Meowstic|78/100\n|-damage|p2b: Gallade|75/100\n|move|p2b: Gallade|Trick Room|p2b: Gallade\n|-fieldend|move: Trick Room\n|\n|upkeep\n|turn|3\n|\n|t:|1776518243\n|move|p2a: Meowstic|Helping Hand|p2b: Gallade\n|-singleturn|p2b: Gallade|Helping Hand|[of] p2a: Meowstic\n|move|p2b: Gallade|Psycho Cut|p1b: Sinistcha\n|-damage|p1b: Sinistcha|0 fnt\n|faint|p1b: Sinistcha\n|move|p1a: Ampharos|Dragon Pulse|p2b: Gallade\n|-damage|p2b: Gallade|12/100\n|\n|upkeep\n|\n|t:|1776518251\n|switch|p1b: Kingambit|Kingambit, L50, F|100/100\n|turn|4\n|\n|t:|1776518271\n|move|p1b: Kingambit|Protect|p1b: Kingambit\n|-singleturn|p1b: Kingambit|Protect\n|move|p2a: Meowstic|Gravity|p2a: Meowstic\n|-fieldstart|move: Gravity\n|move|p2b: Gallade|Sacred Sword|p1b: Kingambit\n|-activate|p1b: Kingambit|move: Protect\n|move|p1a: Ampharos|Discharge|p2a: Meowstic|[spread] p2a,p2b\n|-activate|p1b: Kingambit|move: Protect\n|-damage|p2a: Meowstic|37/100\n|-damage|p2b: Gallade|0 fnt\n|faint|p2b: Gallade\n|\n|upkeep\n|\n|t:|1776518293\n|switch|p2b: Alakazam|Alakazam, L50, M|100/100\n|turn|5\n|\n|t:|1776518304\n|switch|p1b: Incineroar|Incineroar, L50, M|100/100\n|-ability|p1b: Incineroar|Intimidate|boost\n|-unboost|p2a: Meowstic|atk|1\n|-unboost|p2b: Alakazam|atk|1\n|detailschange|p2b: Alakazam|Alakazam-Mega, L50, M\n|-mega|p2b: Alakazam|Alakazam|Alakazite\n|-ability|p2b: Alakazam|Intimidate|Trace|[from] ability: Trace|[of] p1b: Incineroar\n|-ability|p2b: Alakazam|Intimidate|boost\n|-unboost|p1a: Ampharos|atk|1\n|-unboost|p1b: Incineroar|atk|1\n|move|p2a: Meowstic|Helping Hand|p2b: Alakazam\n|-singleturn|p2b: Alakazam|Helping Hand|[of] p2a: Meowstic\n|move|p2b: Alakazam|Focus Blast|p1b: Incineroar\n|-supereffective|p1b: Incineroar|1\n|-damage|p1b: Incineroar|0 fnt\n|faint|p1b: Incineroar\n|move|p1a: Ampharos|Dragon Pulse|p2b: Alakazam\n|-damage|p2b: Alakazam|28/100\n|\n|upkeep\n|\n|t:|1776518307\n|switch|p1b: Kingambit|Kingambit, L50, F|100/100\n|turn|6\n|\n|t:|1776518323\n|move|p2a: Meowstic|Helping Hand|p2b: Alakazam\n|-singleturn|p2b: Alakazam|Helping Hand|[of] p2a: Meowstic\n|move|p1b: Kingambit|Protect|p1b: Kingambit\n|-singleturn|p1b: Kingambit|Protect\n|move|p1a: Ampharos|Protect|p1a: Ampharos\n|-singleturn|p1a: Ampharos|Protect\n|move|p2b: Alakazam|Expanding Force|p1a: Ampharos|[spread] \n|-activate|p1a: Ampharos|move: Protect\n|-activate|p1b: Kingambit|move: Protect\n|\n|-fieldend|move: Psychic Terrain\n|upkeep\n|turn|7\n|\n|t:|1776518345\n|move|p2a: Meowstic|Psychic Terrain|p2a: Meowstic\n|-fieldstart|move: Psychic Terrain\n|move|p2b: Alakazam|Focus Blast|p1b: Kingambit\n|-supereffective|p1b: Kingambit|2\n|-damage|p1b: Kingambit|0 fnt\n|faint|p1b: Kingambit\n|move|p1a: Ampharos|Dragon Pulse|p2b: Alakazam\n|-damage|p2b: Alakazam|0 fnt\n|faint|p2b: Alakazam\n|\n|upkeep\n|\n|t:|1776518353\n|switch|p2b: Ninetales|Ninetales-Alola, L50, F|100/100\n|-weather|Snowscape|[from] ability: Snow Warning|[of] p2b: Ninetales\n|turn|8\n|\n|t:|1776518359\n|move|p2a: Meowstic|Helping Hand|p2b: Ninetales\n|-singleturn|p2b: Ninetales|Helping Hand|[of] p2a: Meowstic\n|move|p2b: Ninetales|Blizzard|p1a: Ampharos\n|-supereffective|p1a: Ampharos|1\n|-damage|p1a: Ampharos|0 fnt\n|faint|p1a: Ampharos\n|\n|win|sisi1\n|raw|Dwedge's rating: 1162 &rarr; <strong>1137</strong><br />(-25 for losing)\n|raw|sisi1's rating: 1165 &rarr; <strong>1190</strong><br />(+25 for winning)\n|l|\u2606Dwedge\n|player|p1|\n",
  "uploadtime": 1776518369,
  "views": 15,
  "formatid": "gen9championsvgc2026regma",
  "rating": 1137,
  "private": 0,
  "password": null
}