{
  "id": "gen9championsvgc2026regma-2582646105",
  "format": "[Gen 9 Champions] VGC 2026 Reg M-A",
  "players": [
    "Juya",
    "LamestAmos"
  ],
  "log": "|j|\u2606Juya\n|j|\u2606LamestAmos\n|t:|1776104691\n|gametype|doubles\n|player|p1|Juya|265|1187\n|player|p2|LamestAmos|veteran|1224\n|gen|9\n|tier|[Gen 9 Champions] VGC 2026 Reg M-A\n|rated|\n|rule|Species Clause: Limit one of each Pok\u00e9mon\n|rule|Item Clause: Limit 1 of each item\n|clearpoke\n|poke|p1|Gengar, L50, M|\n|poke|p1|Azumarill, L50, M|\n|poke|p1|Kommo-o, L50, M|\n|poke|p1|Tsareena, L50, F|\n|poke|p1|Incineroar, L50, M|\n|poke|p1|Corviknight, L50, F|\n|poke|p2|Aggron, L50, F|\n|poke|p2|Sinistcha-Masterpiece, L50|\n|poke|p2|Incineroar, L50, F|\n|poke|p2|Sneasler, L50, F|\n|poke|p2|Politoed, L50, F|\n|poke|p2|Garchomp, L50, F|\n|teampreview|4\n|inactive|Battle timer is ON: inactive players will automatically lose when time's up. (requested by Juya)\n|inactive|Juya has 60 seconds left.\n|\n|t:|1776104732\n|teamsize|p1|4\n|teamsize|p2|4\n|start\n|switch|p1a: Tsareena|Tsareena, L50, F|100/100\n|switch|p1b: Kommo-o|Kommo-o, L50, M|100/100\n|switch|p2a: Garchomp|Garchomp, L50, F|100/100\n|switch|p2b: Incineroar|Incineroar, L50, F|100/100\n|-ability|p2b: Incineroar|Intimidate|boost\n|-unboost|p1a: Tsareena|atk|1\n|-unboost|p1b: Kommo-o|atk|1\n|-enditem|p1b: Kommo-o|White Herb\n|-clearnegativeboost|p1b: Kommo-o|[silent]\n|turn|1\n|inactive|LamestAmos has 30 seconds left.\n|\n|t:|1776104764\n|move|p2a: Garchomp|Dragon Claw|p1b: Kommo-o\n|-supereffective|p1b: Kommo-o|1\n|-damage|p1b: Kommo-o|33/100\n|move|p1b: Kommo-o|Close Combat|p2b: Incineroar\n|-supereffective|p2b: Incineroar|1\n|-damage|p2b: Incineroar|16/100\n|-unboost|p1b: Kommo-o|def|1\n|-unboost|p1b: Kommo-o|spd|1\n|-enditem|p2b: Incineroar|Sitrus Berry|[eat]\n|-heal|p2b: Incineroar|41/100|[from] item: Sitrus Berry\n|move|p1a: Tsareena|Triple Axel|p2a: Garchomp\n|-supereffective|p2a: Garchomp|2\n|-damage|p2a: Garchomp|77/100\n|-damage|p1a: Tsareena|88/100|[from] ability: Rough Skin|[of] p2a: Garchomp\n|-supereffective|p2a: Garchomp|2\n|-damage|p2a: Garchomp|27/100\n|-damage|p1a: Tsareena|76/100|[from] ability: Rough Skin|[of] p2a: Garchomp\n|-supereffective|p2a: Garchomp|2\n|-damage|p2a: Garchomp|0 fnt\n|-damage|p1a: Tsareena|64/100|[from] ability: Rough Skin|[of] p2a: Garchomp\n|faint|p2a: Garchomp\n|-hitcount|p2: Garchomp|3\n|move|p2b: Incineroar|Parting Shot|p1a: Tsareena\n|-unboost|p1a: Tsareena|atk|1\n|-unboost|p1a: Tsareena|spa|1\n|inactive|LamestAmos has 30 seconds left.\n|l|\u2606LamestAmos\n|inactive|LamestAmos disconnected and has a minute to reconnect!\n|player|p2|\n|inactive|LamestAmos has 20 seconds left.\n|inactive|LamestAmos has 15 seconds left.\n|inactive|LamestAmos has 10 seconds left.\n|inactive|LamestAmos has 5 seconds left.\n|j|\u2606LamestAmos\n|inactive|LamestAmos reconnected and has 5 seconds left.\n|player|p2|LamestAmos|veteran|\n|\n|t:|1776104820\n|switch|p2b: The Wall|Aggron, L50, F|100/100|[from] Parting Shot\n|\n|upkeep\n|\n|t:|1776104842\n|switch|p2a: Incineroar|Incineroar, L50, F|41/100\n|-ability|p2a: Incineroar|Intimidate|boost\n|-unboost|p1a: Tsareena|atk|1\n|-unboost|p1b: Kommo-o|atk|1\n|turn|2\n|\n|t:|1776104866\n|switch|p2a: Sinistcha|Sinistcha-Masterpiece, L50|100/100\n|detailschange|p2b: The Wall|Aggron-Mega, L50, F\n|-mega|p2b: The Wall|Aggron|Aggronite\n|move|p1a: Tsareena|Protect|p1a: Tsareena\n|-singleturn|p1a: Tsareena|Protect\n|move|p1b: Kommo-o|Close Combat|p2a: Sinistcha\n|-immune|p2a: Sinistcha\n|move|p2b: The Wall|Iron Defense|p2b: The Wall\n|-boost|p2b: The Wall|def|2\n|\n|upkeep\n|turn|3\n|inactive|Juya has 30 seconds left.\n|inactive|Juya has 20 seconds left.\n|\n|t:|1776104903\n|move|p1b: Kommo-o|Throat Chop|p2a: Sinistcha\n|-supereffective|p2a: Sinistcha|1\n|-damage|p2a: Sinistcha|71/100\n|-start|p2a: Sinistcha|Throat Chop|[silent]\n|move|p1a: Tsareena|Triple Axel|p2a: Sinistcha\n|-supereffective|p2a: Sinistcha|1\n|-damage|p2a: Sinistcha|65/100\n|-supereffective|p2a: Sinistcha|1\n|-damage|p2a: Sinistcha|52/100\n|-hitcount|p2a: Sinistcha|2\n|move|p2b: The Wall|Body Press|p1b: Kommo-o\n|-damage|p1b: Kommo-o|0 fnt\n|faint|p1b: Kommo-o\n|move|p2a: Sinistcha|Trick Room|p2a: Sinistcha\n|-fieldstart|move: Trick Room|[of] p2a: Sinistcha\n|\n|upkeep\n|\n|t:|1776104921\n|switch|p1b: Gengar|Gengar, L50, M|100/100\n|turn|4\n|\n|t:|1776104937\n|switch|p2a: Incineroar|Incineroar, L50, F|41/100\n|-ability|p2a: Incineroar|Intimidate|boost\n|-unboost|p1a: Tsareena|atk|1\n|-unboost|p1b: Gengar|atk|1\n|detailschange|p1b: Gengar|Gengar-Mega, L50, M\n|-mega|p1b: Gengar|Gengar|Gengarite\n|move|p1a: Tsareena|Protect|p1a: Tsareena\n|-singleturn|p1a: Tsareena|Protect\n|move|p2b: The Wall|Body Press|p1a: Tsareena\n|-activate|p1a: Tsareena|move: Protect\n|move|p1b: Gengar|Perish Song|p1b: Gengar\n|-start|p1a: Tsareena|perish3|[silent]\n|-start|p1b: Gengar|perish3|[silent]\n|-start|p2a: Incineroar|perish3|[silent]\n|-start|p2b: The Wall|perish3|[silent]\n|-fieldactivate|move: Perish Song\n|\n|-start|p2b: The Wall|perish3\n|-start|p2a: Incineroar|perish3\n|-start|p1a: Tsareena|perish3\n|-start|p1b: Gengar|perish3\n|upkeep\n|turn|5\n|\n|t:|1776104959\n|switch|p1a: Azumarill|Azumarill, L50, M|100/100\n|move|p1b: Gengar|Protect|p1b: Gengar\n|-singleturn|p1b: Gengar|Protect\n|move|p2b: The Wall|Body Press|p1a: Azumarill\n|-resisted|p1a: Azumarill|1\n|-damage|p1a: Azumarill|61/100\n|move|p2a: Incineroar|Darkest Lariat|p1b: Gengar\n|-activate|p1b: Gengar|move: Protect\n|\n|-start|p2b: The Wall|perish2\n|-start|p2a: Incineroar|perish2\n|-start|p1b: Gengar|perish2\n|upkeep\n|turn|6\n|inactive|LamestAmos has 30 seconds left.\n|\n|t:|1776104985\n|switch|p1b: Tsareena|Tsareena, L50, F|64/100\n|move|p1a: Azumarill|Aqua Jet|p2a: Incineroar\n|-supereffective|p2a: Incineroar|1\n|-damage|p2a: Incineroar|0 fnt\n|faint|p2a: Incineroar\n|move|p2b: The Wall|Heavy Slam|p1a: Azumarill\n|-damage|p1a: Azumarill|3/100\n|\n|-start|p2b: The Wall|perish1\n|upkeep\n|\n|t:|1776104997\n|switch|p2a: Sinistcha|Sinistcha-Masterpiece, L50|52/100\n|turn|7\n|\n|t:|1776105007\n|move|p1a: Azumarill|Protect|p1a: Azumarill\n|-singleturn|p1a: Azumarill|Protect\n|move|p2b: The Wall|Body Press|p1b: Tsareena\n|-damage|p1b: Tsareena|0 fnt\n|faint|p1b: Tsareena\n|move|p2a: Sinistcha|Life Dew||[still]|[spread] p2a,p2b\n|-heal|p2a: Sinistcha|77/100\n|-fail|p2b: The Wall|heal\n|\n|-start|p2b: The Wall|perish0\n|-fieldend|move: Trick Room\n|faint|p2b: The Wall\n|upkeep\n|\n|t:|1776105017\n|switch|p1b: Gengar|Gengar-Mega, L50, M|100/100\n|turn|8\n|\n|t:|1776105023\n|move|p1a: Azumarill|Aqua Jet|p2a: Sinistcha\n|-resisted|p2a: Sinistcha|1\n|-damage|p2a: Sinistcha|65/100\n|move|p1b: Gengar|Shadow Ball|p2a: Sinistcha\n|-supereffective|p2a: Sinistcha|1\n|-damage|p2a: Sinistcha|0 fnt\n|faint|p2a: Sinistcha\n|\n|win|Juya\n|raw|Juya's rating: 1187 &rarr; <strong>1215</strong><br />(+28 for winning)\n|raw|LamestAmos's rating: 1224 &rarr; <strong>1196</strong><br />(-28 for losing)\n|l|\u2606LamestAmos\n|player|p2|\n",
  "uploadtime": 1776105035,
  "views": 15,
  "formatid": "gen9championsvgc2026regma",
  "rating": 1196,
  "private": 0,
  "password": null
}