{
  "id": "gen9championsvgc2026regma-2584424891",
  "format": "[Gen 9 Champions] VGC 2026 Reg M-A",
  "players": [
    "ihatecalyrexes",
    "BlazingDurendal"
  ],
  "log": "|j|\u2606ihatecalyrexes\n|j|\u2606BlazingDurendal\n|t:|1776259943\n|gametype|doubles\n|player|p1|ihatecalyrexes|hilbert|1070\n|player|p2|BlazingDurendal|janitor|1016\n|gen|9\n|tier|[Gen 9 Champions] VGC 2026 Reg M-A\n|rated|\n|rule|Species Clause: Limit one of each Pok\u00e9mon\n|rule|Item Clause: Limit 1 of each item\n|clearpoke\n|poke|p1|Gengar, L50, F|\n|poke|p1|Sableye, L50, F|\n|poke|p1|Incineroar, L50, M|\n|poke|p1|Zoroark-Hisui, L50, M|\n|poke|p1|Kommo-o, L50, F|\n|poke|p1|Blastoise, L50, F|\n|poke|p2|Oranguru, L50, F|\n|poke|p2|Cofagrigus, L50, F|\n|poke|p2|Chesnaught, L50, F|\n|poke|p2|Lycanroc-Dusk, L50, M|\n|poke|p2|Torkoal, L50, M|\n|poke|p2|Basculegion, L50, M|\n|teampreview|4\n|\n|t:|1776259976\n|teamsize|p1|4\n|teamsize|p2|4\n|start\n|switch|p1a: :)|Gengar, L50, F|100/100\n|switch|p1b: WOLFE GLICK|Incineroar, L50, M|100/100\n|switch|p2a: Oranguru|Oranguru, L50, F|100/100\n|switch|p2b: Cofagrigus|Cofagrigus, L50, F|100/100\n|-ability|p1b: WOLFE GLICK|Intimidate|boost\n|-fail|p2a: Oranguru|unboost|Attack|[from] ability: Inner Focus|[of] p2a: Oranguru\n|-unboost|p2b: Cofagrigus|atk|1\n|turn|1\n|\n|t:|1776260011\n|detailschange|p1a: :)|Gengar-Mega, L50, F\n|-mega|p1a: :)|Gengar|Gengarite\n|move|p1a: :)|Perish Song|p1a: :)\n|-start|p1a: :)|perish3|[silent]\n|-start|p1b: WOLFE GLICK|perish3|[silent]\n|-start|p2a: Oranguru|perish3|[silent]\n|-start|p2b: Cofagrigus|perish3|[silent]\n|-fieldactivate|move: Perish Song\n|move|p1b: WOLFE GLICK|Parting Shot|p2b: Cofagrigus\n|-unboost|p2b: Cofagrigus|atk|1\n|-unboost|p2b: Cofagrigus|spa|1\n|\n|t:|1776260021\n|switch|p1b: Blastoise|Blastoise, L50, F|100/100|[from] Parting Shot\n|move|p2b: Cofagrigus|Shadow Ball|p1a: :)\n|-supereffective|p1a: :)|1\n|-damage|p1a: :)|55/100\n|move|p2a: Oranguru|Trick Room|p2a: Oranguru\n|-fieldstart|move: Trick Room|[of] p2a: Oranguru\n|\n|-start|p2b: Cofagrigus|perish3\n|-start|p2a: Oranguru|perish3\n|-start|p1a: :)|perish3\n|upkeep\n|turn|2\n|\n|t:|1776260051\n|move|p1a: :)|Protect|p1a: :)\n|-singleturn|p1a: :)|Protect\n|move|p2b: Cofagrigus|Shadow Ball|p1b: Blastoise\n|-damage|p1b: Blastoise|87/100\n|move|p2a: Oranguru|Psychic|p1b: Blastoise\n|-damage|p1b: Blastoise|66/100\n|move|p1b: Blastoise|Body Press|p2a: Oranguru\n|-damage|p2a: Oranguru|78/100\n|\n|-heal|p1b: Blastoise|72/100|[from] item: Leftovers\n|-start|p2b: Cofagrigus|perish2\n|-start|p2a: Oranguru|perish2\n|-start|p1a: :)|perish2\n|upkeep\n|turn|3\n|\n|t:|1776260085\n|switch|p1a: :)|Gengar-Mega, L50, F|100/100\n|move|p2b: Cofagrigus|Shadow Ball|p1a: :)\n|-immune|p1a: :)\n|move|p2a: Oranguru|Psychic|p1a: :)\n|-damage|p1a: :)|42/100\n|replace|p1a: Zoroark|Zoroark-Hisui, L50, M\n|-end|p1a: Zoroark|Illusion\n|move|p1b: Blastoise|Flip Turn|p2b: Cofagrigus\n|-damage|p2b: Cofagrigus|85/100\n|-activate|p2b: Cofagrigus|ability: Mummy|p1b: Blastoise|[ability] Rain Dish\n|\n|t:|1776260097\n|switch|p1b: :)|Gengar-Mega, L50, F|55/100|[from] Flip Turn\n|\n|-heal|p2b: Cofagrigus|91/100|[from] item: Leftovers\n|-start|p2b: Cofagrigus|perish1\n|-start|p2a: Oranguru|perish1\n|upkeep\n|turn|4\n|\n|t:|1776260126\n|switch|p1a: WOLFE GLICK|Incineroar, L50, M|100/100\n|-ability|p1a: WOLFE GLICK|Intimidate|boost\n|-fail|p2a: Oranguru|unboost|Attack|[from] ability: Inner Focus|[of] p2a: Oranguru\n|-unboost|p2b: Cofagrigus|atk|1\n|move|p1b: :)|Protect|p1b: :)\n|-singleturn|p1b: :)|Protect\n|move|p2b: Cofagrigus|Shadow Ball|p1a: WOLFE GLICK\n|-resisted|p1a: WOLFE GLICK|1\n|-damage|p1a: WOLFE GLICK|93/100\n|move|p2a: Oranguru|Psychic|p1b: :)\n|-activate|p1b: :)|move: Protect\n|\n|-heal|p2b: Cofagrigus|97/100|[from] item: Leftovers\n|-start|p2b: Cofagrigus|perish0\n|-start|p2a: Oranguru|perish0\n|faint|p2b: Cofagrigus\n|faint|p2a: Oranguru\n|upkeep\n|\n|t:|1776260151\n|switch|p2b: Chesnaught|Chesnaught, L50, F|100/100\n|switch|p2a: Torkoal|Torkoal, L50, M|100/100\n|turn|5\n|-message|BlazingDurendal forfeited.\n|\n|win|ihatecalyrexes\n|raw|ihatecalyrexes's rating: 1070 &rarr; <strong>1095</strong><br />(+25 for winning)\n|raw|BlazingDurendal's rating: 1016 &rarr; <strong>1006</strong><br />(-10 for losing)\n|l|\u2606BlazingDurendal\n|player|p2|\n",
  "uploadtime": 1776260169,
  "views": 26,
  "formatid": "gen9championsvgc2026regma",
  "rating": 1006,
  "private": 0,
  "password": null
}