{
  "id": "gen9championsvgc2026regma-2581491205",
  "format": "[Gen 9 Champions] VGC 2026 Reg M-A",
  "players": [
    "jabenski",
    "DavidTIS"
  ],
  "log": "|j|\u2606jabenski\n|j|\u2606DavidTIS\n|t:|1776005354\n|gametype|doubles\n|player|p1|jabenski|silver|1000\n|player|p2|DavidTIS|volkner|1044\n|gen|9\n|tier|[Gen 9 Champions] VGC 2026 Reg M-A\n|rated|\n|rule|Species Clause: Limit one of each Pok\u00e9mon\n|rule|Item Clause: Limit 1 of each item\n|clearpoke\n|poke|p1|Charizard, L50, M|\n|poke|p1|Venusaur, L50, M|\n|poke|p1|Whimsicott, L50, F|\n|poke|p1|Sneasler, L50, F|\n|poke|p1|Milotic, L50, M|\n|poke|p1|Archaludon, L50, M|\n|poke|p2|Garganacl, L50, F|\n|poke|p2|Mimikyu, L50, F|\n|poke|p2|Chimecho, L50, F|\n|poke|p2|Avalugg, L50, M|\n|poke|p2|Slowbro, L50, M|\n|poke|p2|Lucario, L50, M|\n|teampreview|4\n|inactive|Battle timer is ON: inactive players will automatically lose when time's up. (requested by DavidTIS)\njabenski rejected open team sheets.\n|inactive|DavidTIS has 60 seconds left.\n|\n|t:|1776005392\n|teamsize|p1|4\n|teamsize|p2|4\n|start\n|switch|p1a: AnnaWhim|Whimsicott, L50, F, shiny|100/100\n|switch|p1b: 808|Milotic, L50, M, shiny|100/100\n|switch|p2a: Garganacl|Garganacl, L50, F|100/100\n|switch|p2b: Mimikyu|Mimikyu, L50, F|100/100\n|turn|1\n|inactive|jabenski has 30 seconds left.\n|\n|t:|1776005418\n|move|p2a: Garganacl|Protect|p2a: Garganacl\n|-singleturn|p2a: Garganacl|Protect\n|move|p1a: AnnaWhim|Moonblast|p2b: Mimikyu\n|-activate|p2b: Mimikyu|ability: Disguise\n|-damage|p2b: Mimikyu|100/100\n|detailschange|p2b: Mimikyu|Mimikyu-Busted, L50, F\n|-damage|p2b: Mimikyu|88/100|[from] pokemon: Mimikyu-Busted\n|move|p1b: 808|Icy Wind|p2a: Garganacl|[spread] p2b\n|-activate|p2a: Garganacl|move: Protect\n|-damage|p2b: Mimikyu|77/100\n|-unboost|p2b: Mimikyu|spe|1\n|move|p2b: Mimikyu|Trick Room|p2b: Mimikyu\n|-fieldstart|move: Trick Room|[of] p2b: Mimikyu\n|\n|upkeep\n|turn|2\n|inactive|jabenski has 30 seconds left.\n|inactive|DavidTIS has 30 seconds left.\n|inactive|jabenski has 20 seconds left.\n|inactive|jabenski has 15 seconds left.\n|\n|t:|1776005461\n|switch|p2a: Chimecho|Chimecho, L50, F|100/100\n|move|p1b: 808|Protect|p1b: 808\n|-singleturn|p1b: 808|Protect\n|move|p2b: Mimikyu|Shadow Claw|p1a: AnnaWhim\n|-damage|p1a: AnnaWhim|50/100\n|move|p1a: AnnaWhim|Endeavor|p2a: Chimecho\n|-damage|p2a: Chimecho|46/100\n|\n|upkeep\n|turn|3\n|\n|t:|1776005484\n|detailschange|p2a: Chimecho|Chimecho-Mega, L50, F\n|-mega|p2a: Chimecho|Chimecho|Chimechite\n|move|p2b: Mimikyu|Shadow Claw|p1a: AnnaWhim\n|-damage|p1a: AnnaWhim|6/100\n|move|p2a: Chimecho|Recover|p2a: Chimecho\n|-heal|p2a: Chimecho|96/100\n|move|p1b: 808|Icy Wind|p2a: Chimecho|[spread] p2b\n|-miss|p1b: 808|p2a: Chimecho\n|-damage|p2b: Mimikyu|66/100\n|-unboost|p2b: Mimikyu|spe|1\n|move|p1a: AnnaWhim|Endeavor|p2b: Mimikyu\n|-immune|p2b: Mimikyu\n|\n|upkeep\n|turn|4\n|inactive|jabenski has 30 seconds left.\n|\n|t:|1776005511\n|switch|p1a: Rizzard|Charizard, L50, M, shiny|100/100\n|move|p1b: 808|Protect|p1b: 808\n|-singleturn|p1b: 808|Protect\n|move|p2b: Mimikyu|Shadow Sneak|p1a: Rizzard\n|-damage|p1a: Rizzard|75/100\n|move|p2a: Chimecho|Energy Ball|p1b: 808\n|-activate|p1b: 808|move: Protect\n|\n|upkeep\n|turn|5\n|\n|t:|1776005532\n|switch|p2a: Garganacl|Garganacl, L50, F|100/100\n|switch|p1b: Vsaur|Venusaur, L50, M, shiny|100/100\n|detailschange|p1a: Rizzard|Charizard-Mega-X, L50, M, shiny\n|-mega|p1a: Rizzard|Charizard|Charizardite X\n|move|p1a: Rizzard|Protect|p1a: Rizzard\n|-singleturn|p1a: Rizzard|Protect\n|move|p2b: Mimikyu|Shadow Claw|p1b: Vsaur\n|-damage|p1b: Vsaur|60/100\n|\n|-fieldend|move: Trick Room\n|upkeep\n|turn|6\n|\n|t:|1776005557\n|move|p1a: Rizzard|Flare Blitz|p2b: Mimikyu\n|-damage|p2b: Mimikyu|0 fnt\n|faint|p2b: Mimikyu\n|-damage|p1a: Rizzard|57/100|[from] Recoil\n|move|p1b: Vsaur|Sunny Day|p1b: Vsaur\n|-weather|SunnyDay\n|move|p2a: Garganacl|Avalanche|p1b: Vsaur\n|-supereffective|p1b: Vsaur|1\n|-damage|p1b: Vsaur|16/100\n|\n|-weather|SunnyDay|[upkeep]\n|upkeep\n|\n|t:|1776005570\n|switch|p2b: Lucario|Lucario, L50, M|100/100\n|turn|7\n|\n|t:|1776005581\n|move|p1b: Vsaur|Energy Ball|p2a: Garganacl\n|-supereffective|p2a: Garganacl|1\n|-damage|p2a: Garganacl|18/100\n|move|p1a: Rizzard|Flare Blitz|p2b: Lucario\n|-supereffective|p2b: Lucario|1\n|-enditem|p2b: Lucario|Focus Sash\n|-damage|p2b: Lucario|1/100\n|-damage|p1a: Rizzard|26/100|[from] Recoil\n|move|p2b: Lucario|Dragon Pulse|p1a: Rizzard\n|-supereffective|p1a: Rizzard|1\n|-damage|p1a: Rizzard|0 fnt\n|faint|p1a: Rizzard\n|move|p2a: Garganacl|Rock Slide|p1b: Vsaur\n|-damage|p1b: Vsaur|0 fnt\n|faint|p1b: Vsaur\n|\n|-weather|SunnyDay|[upkeep]\n|upkeep\n|\n|t:|1776005597\n|switch|p1a: AnnaWhim|Whimsicott, L50, F, shiny|6/100\n|switch|p1b: 808|Milotic, L50, M, shiny|100/100\n|turn|8\n|\n|t:|1776005611\n|move|p2a: Garganacl|Protect|p2a: Garganacl\n|-singleturn|p2a: Garganacl|Protect\n|move|p1a: AnnaWhim|Tailwind|p1a: AnnaWhim\n|-sidestart|p1: jabenski|move: Tailwind\n|move|p2b: Lucario|Bullet Punch|p1a: AnnaWhim\n|-supereffective|p1a: AnnaWhim|1\n|-damage|p1a: AnnaWhim|0 fnt\n|faint|p1a: AnnaWhim\n|move|p1b: 808|Icy Wind|p2b: Lucario|[spread] p2b\n|-activate|p2a: Garganacl|move: Protect\n|-resisted|p2b: Lucario|1\n|-damage|p2b: Lucario|0 fnt\n|faint|p2b: Lucario\n|\n|-weather|SunnyDay|[upkeep]\n|upkeep\n|\n|t:|1776005626\n|switch|p2b: Chimecho|Chimecho-Mega, L50, F|96/100\n|turn|9\n|\n|t:|1776005637\n|move|p1b: 808|Icy Wind|p2b: Chimecho|[spread] p2a,p2b\n|-resisted|p2b: Chimecho|1\n|-damage|p2a: Garganacl|7/100\n|-damage|p2b: Chimecho|91/100\n|-unboost|p2b: Chimecho|spe|1\n|move|p2b: Chimecho|Energy Ball|p1b: 808\n|-supereffective|p1b: 808|1\n|-damage|p1b: 808|57/100\n|-unboost|p1b: 808|spd|1\n|-ability|p1b: 808|Competitive|boost\n|-boost|p1b: 808|spa|2\n|move|p2a: Garganacl|Rock Slide|p1b: 808\n|-damage|p1b: 808|24/100\n|\n|-weather|SunnyDay|[upkeep]\n|-heal|p1b: 808|30/100|[from] item: Leftovers\n|upkeep\n|turn|10\n|-activate|p2a: Garganacl|item: Quick Claw\n|\n|t:|1776005656\n|move|p2a: Garganacl|Rock Slide|p1b: 808\n|-damage|p1b: 808|0 fnt\n|faint|p1b: 808\n|\n|win|DavidTIS\n|raw|jabenski's rating: 1000 &rarr; <strong>1000</strong><br />(+0 for losing)\n|raw|DavidTIS's rating: 1044 &rarr; <strong>1073</strong><br />(+29 for winning)\n|l|\u2606jabenski\n|player|p1|\n",
  "uploadtime": 1776005668,
  "views": 22,
  "formatid": "gen9championsvgc2026regma",
  "rating": 1000,
  "private": 0,
  "password": null
}