{
  "id": "gen9championsvgc2026regma-2583556559",
  "format": "[Gen 9 Champions] VGC 2026 Reg M-A",
  "players": [
    "chris466",
    "marinersman"
  ],
  "log": "|j|\u2606chris466\n|j|\u2606marinersman\n|t:|1776183111\n|gametype|doubles\n|player|p1|chris466|red|1057\n|player|p2|marinersman|n|1000\n|gen|9\n|tier|[Gen 9 Champions] VGC 2026 Reg M-A\n|rated|\n|rule|Species Clause: Limit one of each Pok\u00e9mon\n|rule|Item Clause: Limit 1 of each item\n|clearpoke\n|poke|p1|Sneasler, L50, F|\n|poke|p1|Golurk, L50|\n|poke|p1|Ninetales-Alola, L50, M|\n|poke|p1|Incineroar, L50, F|\n|poke|p1|Archaludon, L50, M|\n|poke|p1|Primarina, L50, F|\n|poke|p2|Hatterene, L50, F|\n|poke|p2|Trevenant, L50, M|\n|poke|p2|Torkoal, L50, F|\n|poke|p2|Oranguru, L50, F|\n|poke|p2|Incineroar, L50, F|\n|poke|p2|Conkeldurr, L50, M|\n|teampreview|4\nmarinersman rejected open team sheets.\n|inactive|Battle timer is ON: inactive players will automatically lose when time's up. (requested by chris466)\n|\n|t:|1776183169\n|teamsize|p1|4\n|teamsize|p2|4\n|start\n|switch|p1a: Sneasler|Sneasler, L50, F|100/100\n|switch|p1b: Incineroar|Incineroar, L50, F|100/100\n|switch|p2a: Oranguru|Oranguru, L50, F, shiny|100/100\n|switch|p2b: Incineroar|Incineroar, L50, F, shiny|100/100\n|-ability|p1b: Incineroar|Intimidate|boost\n|-fail|p2a: Oranguru|unboost|Attack|[from] ability: Inner Focus|[of] p2a: Oranguru\n|-unboost|p2b: Incineroar|atk|1\n|-ability|p2b: Incineroar|Intimidate|boost\n|-unboost|p1a: Sneasler|atk|1\n|-unboost|p1b: Incineroar|atk|1\n|turn|1\n|\n|t:|1776183193\n|move|p2b: Incineroar|Fake Out|p1a: Sneasler\n|-damage|p1a: Sneasler|89/100\n|cant|p1a: Sneasler|flinch\n|move|p1b: Incineroar|Parting Shot|p2a: Oranguru\n|-unboost|p2a: Oranguru|atk|1\n|-unboost|p2a: Oranguru|spa|1\n|\n|t:|1776183200\n|switch|p1b: Ninetales|Ninetales-Alola, L50, M|100/100|[from] Parting Shot\n|-weather|Snowscape|[from] ability: Snow Warning|[of] p1b: Ninetales\n|move|p2a: Oranguru|Trick Room|p2a: Oranguru\n|-fieldstart|move: Trick Room|[of] p2a: Oranguru\n|\n|-weather|Snowscape|[upkeep]\n|upkeep\n|turn|2\n|\n|t:|1776183218\n|switch|p1b: Incineroar|Incineroar, L50, F|100/100\n|-ability|p1b: Incineroar|Intimidate|boost\n|-fail|p2a: Oranguru|unboost|Attack|[from] ability: Inner Focus|[of] p2a: Oranguru\n|-unboost|p2b: Incineroar|atk|1\n|move|p1a: Sneasler|Protect|p1a: Sneasler\n|-singleturn|p1a: Sneasler|Protect\n|move|p2a: Oranguru|Psychic|p1a: Sneasler\n|-activate|p1a: Sneasler|move: Protect\n|move|p2b: Incineroar|Flare Blitz|p1b: Incineroar\n|-resisted|p1b: Incineroar|1\n|-damage|p1b: Incineroar|83/100\n|-damage|p2b: Incineroar|95/100|[from] Recoil\n|\n|-weather|Snowscape|[upkeep]\n|upkeep\n|turn|3\n|\n|t:|1776183241\n|switch|p1a: Primarina|Primarina, L50, F|100/100\n|move|p2b: Incineroar|Parting Shot|p1b: Incineroar\n|-unboost|p1b: Incineroar|atk|1\n|-unboost|p1b: Incineroar|spa|1\n|\n|t:|1776183249\n|switch|p2b: Trevenant|Trevenant, L50, M, shiny|100/100|[from] Parting Shot\n|move|p2a: Oranguru|Psychic|p1a: Primarina\n|-damage|p1a: Primarina|86/100\n|move|p1b: Incineroar|Parting Shot|p2b: Trevenant\n|-unboost|p2b: Trevenant|atk|1\n|-unboost|p2b: Trevenant|spa|1\n|\n|t:|1776183257\n|switch|p1b: Sneasler|Sneasler, L50, F|89/100|[from] Parting Shot\n|\n|-weather|Snowscape|[upkeep]\n|-heal|p1a: Primarina|92/100|[from] item: Leftovers\n|upkeep\n|turn|4\n|\n|t:|1776183271\n|switch|p1b: Incineroar|Incineroar, L50, F|83/100\n|-ability|p1b: Incineroar|Intimidate|boost\n|-fail|p2a: Oranguru|unboost|Attack|[from] ability: Inner Focus|[of] p2a: Oranguru\n|-unboost|p2b: Trevenant|atk|1\n|move|p1a: Primarina|Protect|p1a: Primarina\n|-singleturn|p1a: Primarina|Protect\n|move|p2b: Trevenant|Horn Leech|p1a: Primarina\n|-activate|p1a: Primarina|move: Protect\n|move|p2a: Oranguru|Psychic|p1b: Incineroar\n|-immune|p1b: Incineroar\n|\n|-weather|Snowscape|[upkeep]\n|-heal|p1a: Primarina|98/100|[from] item: Leftovers\n|upkeep\n|turn|5\n|\n|t:|1776183291\n|switch|p2a: Conkeldurr|Conkeldurr, L50, M, shiny|100/100\n|switch|p1a: Sneasler|Sneasler, L50, F|89/100\n|move|p2b: Trevenant|Horn Leech|p1a: Sneasler\n|-resisted|p1a: Sneasler|1\n|-damage|p1a: Sneasler|76/100\n|move|p1b: Incineroar|Flare Blitz|p2b: Trevenant\n|-supereffective|p2b: Trevenant|1\n|-damage|p2b: Trevenant|0 fnt\n|faint|p2b: Trevenant\n|-damage|p1b: Incineroar|49/100|[from] Recoil\n|\n|-weather|none\n|-fieldend|move: Trick Room\n|upkeep\n|\n|t:|1776183306\n|switch|p2b: Oranguru|Oranguru, L50, F, shiny|100/100\n|turn|6\n|\n|t:|1776183316\n|move|p2a: Conkeldurr|Mach Punch|p1b: Incineroar\n|-supereffective|p1b: Incineroar|1\n|-crit|p1b: Incineroar\n|-damage|p1b: Incineroar|0 fnt\n|faint|p1b: Incineroar\n|move|p1a: Sneasler|Close Combat|p2a: Conkeldurr\n|-damage|p2a: Conkeldurr|47/100\n|-unboost|p1a: Sneasler|def|1\n|-unboost|p1a: Sneasler|spd|1\n|move|p2b: Oranguru|Trick Room|p2b: Oranguru\n|-fieldstart|move: Trick Room|[of] p2b: Oranguru\n|\n|upkeep\n|\n|t:|1776183320\n|switch|p1b: Ninetales|Ninetales-Alola, L50, M|100/100\n|-weather|Snowscape|[from] ability: Snow Warning|[of] p1b: Ninetales\n|turn|7\n|\n|t:|1776183339\n|move|p2a: Conkeldurr|Drain Punch|p1b: Ninetales\n|-damage|p1b: Ninetales|70/100\n|-heal|p2a: Conkeldurr|59/100|[from] drain|[of] p1b: Ninetales\n|move|p2b: Oranguru|Psychic|p1a: Sneasler\n|-supereffective|p1a: Sneasler|2\n|-damage|p1a: Sneasler|0 fnt\n|faint|p1a: Sneasler\n|move|p1b: Ninetales|Aurora Veil|p1b: Ninetales\n|-sidestart|p1: chris466|move: Aurora Veil\n|\n|-weather|Snowscape|[upkeep]\n|upkeep\n|\n|t:|1776183345\n|switch|p1a: Primarina|Primarina, L50, F|98/100\n|turn|8\n|inactive|marinersman has 30 seconds left.\n|inactive|marinersman has 20 seconds left.\n|\n|t:|1776183380\n|move|p2a: Conkeldurr|Protect|p2a: Conkeldurr\n|-singleturn|p2a: Conkeldurr|Protect\n|move|p2b: Oranguru|Psychic|p1a: Primarina\n|-damage|p1a: Primarina|82/100\n|move|p1a: Primarina|Moonblast|p2a: Conkeldurr\n|-activate|p2a: Conkeldurr|move: Protect\n|move|p1b: Ninetales|Encore|p2b: Oranguru\n|-start|p2b: Oranguru|Encore\n|\n|-weather|Snowscape|[upkeep]\n|-heal|p1a: Primarina|88/100|[from] item: Leftovers\n|upkeep\n|turn|9\n|\n|t:|1776183405\n|move|p2a: Conkeldurr|Mach Punch|p1a: Primarina\n|-resisted|p1a: Primarina|1\n|-damage|p1a: Primarina|80/100\n|move|p2b: Oranguru|Psychic|p1a: Primarina\n|-damage|p1a: Primarina|63/100\n|move|p1a: Primarina|Moonblast|p2a: Conkeldurr\n|-supereffective|p2a: Conkeldurr|1\n|-damage|p2a: Conkeldurr|0 fnt\n|faint|p2a: Conkeldurr\n|move|p1b: Ninetales|Encore||[still]\n|-fail|p1b: Ninetales\n|\n|-weather|Snowscape|[upkeep]\n|-heal|p1a: Primarina|68/100|[from] item: Leftovers\n|upkeep\n|\n|t:|1776183417\n|switch|p2a: Incineroar|Incineroar, L50, F, shiny|95/100\n|-ability|p2a: Incineroar|Intimidate|boost\n|-unboost|p1a: Primarina|atk|1\n|-unboost|p1b: Ninetales|atk|1\n|turn|10\n|\n|t:|1776183426\n|move|p1a: Primarina|Protect|p1a: Primarina\n|-singleturn|p1a: Primarina|Protect\n|move|p2b: Oranguru|Psychic|p1a: Primarina\n|-activate|p1a: Primarina|move: Protect\n|move|p2a: Incineroar|Flare Blitz|p1b: Ninetales\n|-supereffective|p1b: Ninetales|1\n|-damage|p1b: Ninetales|17/100\n|-damage|p2a: Incineroar|80/100|[from] Recoil\n|move|p1b: Ninetales|Icy Wind|p2b: Oranguru|[spread] p2a,p2b\n|-resisted|p2a: Incineroar|1\n|-damage|p2a: Incineroar|74/100\n|-damage|p2b: Oranguru|93/100\n|-unboost|p2a: Incineroar|spe|1\n|-unboost|p2b: Oranguru|spe|1\n|\n|-weather|Snowscape|[upkeep]\n|-heal|p1a: Primarina|74/100|[from] item: Leftovers\n|-fieldend|move: Trick Room\n|upkeep\n|turn|11\n|inactive|marinersman has 30 seconds left.\n|\n|t:|1776183457\n|move|p1b: Ninetales|Icy Wind|p2a: Incineroar|[spread] p2a,p2b\n|-resisted|p2a: Incineroar|1\n|-damage|p2a: Incineroar|69/100\n|-damage|p2b: Oranguru|85/100\n|-unboost|p2a: Incineroar|spe|1\n|-unboost|p2b: Oranguru|spe|1\n|move|p1a: Primarina|Hyper Voice|p2a: Incineroar|[spread] p2a,p2b\n|-supereffective|p2a: Incineroar|1\n|-damage|p2a: Incineroar|12/100\n|-damage|p2b: Oranguru|68/100\n|move|p2a: Incineroar|Flare Blitz|p1b: Ninetales\n|-supereffective|p1b: Ninetales|1\n|-damage|p1b: Ninetales|0 fnt\n|faint|p1b: Ninetales\n|-damage|p2a: Incineroar|7/100|[from] Recoil\n|move|p2b: Oranguru|Psychic|p1a: Primarina\n|-crit|p1a: Primarina\n|-damage|p1a: Primarina|38/100\n|-unboost|p1a: Primarina|spd|1\n|\n|-weather|none\n|-heal|p1a: Primarina|44/100|[from] item: Leftovers\n|-end|p2b: Oranguru|Encore\n|-sideend|p1: chris466|move: Aurora Veil\n|upkeep\n|turn|12\n|inactive|marinersman has 30 seconds left.\n|inactive|marinersman has 20 seconds left.\n|\n|t:|1776183495\n|move|p1a: Primarina|Hyper Voice|p2b: Oranguru|[spread] p2a,p2b\n|-supereffective|p2a: Incineroar|1\n|-damage|p2a: Incineroar|0 fnt\n|-damage|p2b: Oranguru|52/100\n|faint|p2a: Incineroar\n|move|p2b: Oranguru|Trick Room|p2b: Oranguru\n|-fieldstart|move: Trick Room|[of] p2b: Oranguru\n|\n|-heal|p1a: Primarina|50/100|[from] item: Leftovers\n|upkeep\n|turn|13\n|\n|t:|1776183509\n|move|p1a: Primarina|Protect|p1a: Primarina\n|-singleturn|p1a: Primarina|Protect\n|move|p2b: Oranguru|Psychic|p1a: Primarina\n|-activate|p1a: Primarina|move: Protect\n|\n|-heal|p1a: Primarina|56/100|[from] item: Leftovers\n|upkeep\n|turn|14\n|\n|t:|1776183518\n|move|p2b: Oranguru|Psychic|p1a: Primarina\n|-damage|p1a: Primarina|19/100\n|move|p1a: Primarina|Calm Mind|p1a: Primarina\n|-boost|p1a: Primarina|spa|1\n|-boost|p1a: Primarina|spd|1\n|\n|-heal|p1a: Primarina|25/100|[from] item: Leftovers\n|upkeep\n|turn|15\n|\n|t:|1776183529\n|move|p2b: Oranguru|Protect|p2b: Oranguru\n|-singleturn|p2b: Oranguru|Protect\n|move|p1a: Primarina|Protect||[still]\n|-fail|p1a: Primarina\n|\n|-heal|p1a: Primarina|30/100|[from] item: Leftovers\n|upkeep\n|turn|16\n|\n|t:|1776183547\n|move|p1a: Primarina|Protect|p1a: Primarina\n|-singleturn|p1a: Primarina|Protect\n|move|p2b: Oranguru|Instruct|p1a: Primarina\n|-activate|p1a: Primarina|move: Protect\n|\n|-heal|p1a: Primarina|36/100|[from] item: Leftovers\n|-fieldend|move: Trick Room\n|upkeep\n|turn|17\n|\n|t:|1776183555\n|move|p1a: Primarina|Calm Mind|p1a: Primarina\n|-boost|p1a: Primarina|spa|1\n|-boost|p1a: Primarina|spd|1\n|move|p2b: Oranguru|Trick Room|p2b: Oranguru\n|-fieldstart|move: Trick Room|[of] p2b: Oranguru\n|\n|-heal|p1a: Primarina|42/100|[from] item: Leftovers\n|upkeep\n|turn|18\n|\n|t:|1776183564\n|move|p2b: Oranguru|Protect|p2b: Oranguru\n|-singleturn|p2b: Oranguru|Protect\n|move|p1a: Primarina|Moonblast|p2b: Oranguru\n|-activate|p2b: Oranguru|move: Protect\n|\n|-heal|p1a: Primarina|48/100|[from] item: Leftovers\n|upkeep\n|turn|19\n|\n|t:|1776183573\n|move|p2b: Oranguru|Psychic|p1a: Primarina\n|-damage|p1a: Primarina|32/100\n|move|p1a: Primarina|Moonblast|p2b: Oranguru\n|-damage|p2b: Oranguru|4/100\n|\n|-heal|p1a: Primarina|38/100|[from] item: Leftovers\n|upkeep\n|turn|20\n|\n|t:|1776183582\n|move|p1a: Primarina|Protect|p1a: Primarina\n|-singleturn|p1a: Primarina|Protect\n|move|p2b: Oranguru|Psychic|p1a: Primarina\n|-activate|p1a: Primarina|move: Protect\n|\n|-heal|p1a: Primarina|44/100|[from] item: Leftovers\n|upkeep\n|turn|21\n|\n|t:|1776183591\n|move|p2b: Oranguru|Protect|p2b: Oranguru\n|-singleturn|p2b: Oranguru|Protect\n|move|p1a: Primarina|Hyper Voice|p2b: Oranguru\n|-activate|p2b: Oranguru|move: Protect\n|\n|-heal|p1a: Primarina|50/100|[from] item: Leftovers\n|-fieldend|move: Trick Room\n|upkeep\n|turn|22\n|\n|t:|1776183611\n|move|p1a: Primarina|Hyper Voice|p2b: Oranguru\n|-damage|p2b: Oranguru|0 fnt\n|faint|p2b: Oranguru\n|\n|win|chris466\n|raw|chris466's rating: 1057 &rarr; <strong>1083</strong><br />(+26 for winning)\n|raw|marinersman's rating: 1000 &rarr; <strong>1000</strong><br />(+0 for losing)\n",
  "uploadtime": 1776183613,
  "views": 15,
  "formatid": "gen9championsvgc2026regma",
  "rating": 1000,
  "private": 0,
  "password": null
}