{
  "id": "gen9championsvgc2026regma-2584460793",
  "format": "[Gen 9 Champions] VGC 2026 Reg M-A",
  "players": [
    "ASilentDragon",
    "FunnyOwl27"
  ],
  "log": "|j|\u2606ASilentDragon\n|j|\u2606FunnyOwl27\n|t:|1776262416\n|gametype|doubles\n|player|p1|ASilentDragon|cynthia-gen4|1139\n|player|p2|FunnyOwl27|266|1078\n|gen|9\n|tier|[Gen 9 Champions] VGC 2026 Reg M-A\n|rated|\n|rule|Species Clause: Limit one of each Pok\u00e9mon\n|rule|Item Clause: Limit 1 of each item\n|clearpoke\n|poke|p1|Meganium, L50, M|\n|poke|p1|Politoed, L50, F|\n|poke|p1|Aerodactyl, L50, M|\n|poke|p1|Archaludon, L50, F|\n|poke|p1|Sinistcha, L50|\n|poke|p1|Basculegion, L50, M|\n|poke|p2|Araquanid, L50, M|\n|poke|p2|Pinsir, L50, M|\n|poke|p2|Froslass, L50, F|\n|poke|p2|Medicham, L50, F|\n|poke|p2|Ariados, L50, M|\n|poke|p2|Vivillon, L50, F|\n|teampreview|4\n|inactive|Battle timer is ON: inactive players will automatically lose when time's up. (requested by FunnyOwl27)\n|\n|t:|1776262483\n|teamsize|p1|4\n|teamsize|p2|4\n|start\n|switch|p1a: Aerodactyl|Aerodactyl, L50, M|100/100\n|switch|p1b: Archaludon|Archaludon, L50, F|100/100\n|switch|p2a: Vivillon|Vivillon, L50, F|100/100\n|switch|p2b: Medicham|Medicham, L50, F|100/100\n|-ability|p1a: Aerodactyl|Unnerve\n|turn|1\n|\n|t:|1776262505\n|move|p2b: Medicham|Fake Out|p1a: Aerodactyl\n|-resisted|p1a: Aerodactyl|1\n|-damage|p1a: Aerodactyl|86/100\n|cant|p1a: Aerodactyl|flinch\n|move|p2a: Vivillon|Tailwind|p2a: Vivillon\n|-sidestart|p2: FunnyOwl27|move: Tailwind\n|move|p1b: Archaludon|Flash Cannon|p2a: Vivillon\n|-damage|p2a: Vivillon|33/100\n|\n|upkeep\n|turn|2\n|\n|t:|1776262524\n|move|p2a: Vivillon|Sleep Powder|p1a: Aerodactyl\n|-status|p1a: Aerodactyl|slp|[from] move: Sleep Powder\n|move|p2b: Medicham|Close Combat|p1b: Archaludon\n|-supereffective|p1b: Archaludon|1\n|-damage|p1b: Archaludon|0 fnt\n|-unboost|p2b: Medicham|def|1\n|-unboost|p2b: Medicham|spd|1\n|faint|p1b: Archaludon\n|-enditem|p2b: Medicham|White Herb\n|-clearnegativeboost|p2b: Medicham|[silent]\n|cant|p1a: Aerodactyl|slp\n|\n|upkeep\n|\n|t:|1776262532\n|switch|p1b: Meganium|Meganium, L50, M|100/100\n|turn|3\n|\n|t:|1776262548\n|move|p1b: Meganium|Protect|p1b: Meganium\n|-singleturn|p1b: Meganium|Protect\n|move|p2a: Vivillon|Hurricane|p1b: Meganium\n|-activate|p1b: Meganium|move: Protect\n|move|p2b: Medicham|Thunder Punch|p1a: Aerodactyl\n|-supereffective|p1a: Aerodactyl|1\n|-damage|p1a: Aerodactyl|0 fnt\n|faint|p1a: Aerodactyl\n|\n|upkeep\n|\n|t:|1776262555\n|switch|p1a: Politoed|Politoed, L50, F|100/100\n|-weather|RainDance|[from] ability: Drizzle|[of] p1a: Politoed\n|turn|4\n|\n|t:|1776262569\n|detailschange|p1b: Meganium|Meganium-Mega, L50, M\n|-mega|p1b: Meganium|Meganium|Meganiumite\n|move|p2a: Vivillon|Hurricane|p1b: Meganium\n|-supereffective|p1b: Meganium|1\n|-damage|p1b: Meganium|32/100\n|move|p2b: Medicham|Thunder Punch|p1a: Politoed\n|-supereffective|p1a: Politoed|1\n|-damage|p1a: Politoed|14/100\n|move|p1b: Meganium|Weather Ball|p2a: Vivillon\n|-supereffective|p2a: Vivillon|1\n|-damage|p2a: Vivillon|0 fnt\n|faint|p2a: Vivillon\n|move|p1a: Politoed|Weather Ball|p2b: Medicham\n|-damage|p2b: Medicham|28/100\n|\n|-weather|RainDance|[upkeep]\n|-heal|p1a: Politoed|20/100|[from] item: Leftovers\n|-sideend|p2: FunnyOwl27|move: Tailwind\n|upkeep\n|\n|t:|1776262588\n|switch|p2a: Froslass|Froslass, L50, F|100/100\n|turn|5\n|inactive|FunnyOwl27 has 30 seconds left.\n|inactive|FunnyOwl27 has 20 seconds left.\n|\n|t:|1776262627\n|detailschange|p2a: Froslass|Froslass-Mega, L50, F\n|-mega|p2a: Froslass|Froslass|Froslassite\n|-weather|Snowscape|[from] ability: Snow Warning|[of] p2a: Froslass\n|move|p2a: Froslass|Blizzard|p1a: Politoed|[spread] p1a,p1b\n|-resisted|p1a: Politoed|1\n|-supereffective|p1b: Meganium|1\n|-damage|p1a: Politoed|4/100\n|-damage|p1b: Meganium|0 fnt\n|faint|p1b: Meganium\n|move|p2b: Medicham|Thunder Punch|p1a: Politoed\n|-supereffective|p1a: Politoed|1\n|-damage|p1a: Politoed|0 fnt\n|faint|p1a: Politoed\n|\n|win|FunnyOwl27\n|raw|ASilentDragon's rating: 1139 &rarr; <strong>1110</strong><br />(-29 for losing)\n|raw|FunnyOwl27's rating: 1078 &rarr; <strong>1111</strong><br />(+33 for winning)\n|l|\u2606ASilentDragon\n|player|p1|\n",
  "uploadtime": 1776262640,
  "views": 39,
  "formatid": "gen9championsvgc2026regma",
  "rating": 1110,
  "private": 0,
  "password": null
}