{
  "id": "gen9championsvgc2026regma-2581307422",
  "format": "[Gen 9 Champions] VGC 2026 Reg M-A",
  "players": [
    "nsbnsb",
    "lilJesus07"
  ],
  "log": "|j|\u2606nsbnsb\n|j|\u2606lilJesus07\n|t:|1775984420\n|gametype|doubles\n|player|p1|nsbnsb|ghetsis|1263\n|player|p2|lilJesus07|brawly|1335\n|gen|9\n|tier|[Gen 9 Champions] VGC 2026 Reg M-A\n|rated|\n|rule|Species Clause: Limit one of each Pok\u00e9mon\n|rule|Item Clause: Limit 1 of each item\n|clearpoke\n|poke|p1|Crabominable, L50, F|\n|poke|p1|Farigiraf, L50, M|\n|poke|p1|Kingambit, L50, M|\n|poke|p1|Sinistcha, L50|\n|poke|p1|Camerupt, L50, F|\n|poke|p1|Incineroar, L50, M|\n|poke|p2|Corviknight, L50, F|\n|poke|p2|Arcanine-Hisui, L50, F|\n|poke|p2|Kommo-o, L50, F|\n|poke|p2|Drampa, L50, M|\n|poke|p2|Farigiraf, L50, M|\n|poke|p2|Sinistcha, L50|\n|teampreview|4\n|inactive|Battle timer is ON: inactive players will automatically lose when time's up. (requested by nsbnsb)\n|inactive|lilJesus07 also wants the timer to be on.\n|inactive|lilJesus07 has 60 seconds left.\n|\n|t:|1775984461\n|teamsize|p1|4\n|teamsize|p2|4\n|start\n|switch|p1a: Farigiraf|Farigiraf, L50, M|100/100\n|switch|p1b: Sinistcha|Sinistcha, L50|100/100\n|switch|p2a: Farigiraf|Farigiraf, L50, M|100/100\n|switch|p2b: Kommo-o|Kommo-o, L50, F|100/100\n|turn|1\n|\n|t:|1775984486\n|move|p2b: Kommo-o|Clangorous Soul|p2b: Kommo-o\n|-boost|p2b: Kommo-o|atk|1\n|-boost|p2b: Kommo-o|def|1\n|-boost|p2b: Kommo-o|spa|1\n|-boost|p2b: Kommo-o|spd|1\n|-boost|p2b: Kommo-o|spe|1\n|-damage|p2b: Kommo-o|68/100\n|move|p2a: Farigiraf|Foul Play|p1a: Farigiraf\n|-supereffective|p1a: Farigiraf|1\n|-damage|p1a: Farigiraf|64/100\n|move|p1a: Farigiraf|Psychic|p2b: Kommo-o\n|-supereffective|p2b: Kommo-o|1\n|-damage|p2b: Kommo-o|3/100\n|move|p1b: Sinistcha|Trick Room|p1b: Sinistcha\n|-fieldstart|move: Trick Room|[of] p1b: Sinistcha\n|\n|-heal|p2b: Kommo-o|9/100|[from] item: Leftovers\n|upkeep\n|turn|2\n|\n|t:|1775984507\n|switch|p2a: Drampa|Drampa, L50, M|100/100\n|-ability|p2a: Drampa|Cloud Nine\n|switch|p1b: Kingambit|Kingambit, L50, M|100/100\n|move|p2b: Kommo-o|Protect|p2b: Kommo-o\n|-singleturn|p2b: Kommo-o|Protect\n|move|p1a: Farigiraf|Hyper Voice|p2a: Drampa|[spread] p2a\n|-activate|p2b: Kommo-o|move: Protect\n|-damage|p2a: Drampa|71/100\n|\n|-heal|p2b: Kommo-o|15/100|[from] item: Leftovers\n|upkeep\n|turn|3\n|\n|t:|1775984532\n|detailschange|p2a: Drampa|Drampa-Mega, L50, M\n|-mega|p2a: Drampa|Drampa|Drampanite\n|move|p1b: Kingambit|Sucker Punch|p2a: Drampa\n|-damage|p2a: Drampa|26/100\n|-ability|p2a: Drampa|Berserk|boost\n|-boost|p2a: Drampa|spa|1\n|move|p2a: Drampa|Flamethrower|p1b: Kingambit\n|-supereffective|p1b: Kingambit|1\n|-damage|p1b: Kingambit|0 fnt\n|faint|p1b: Kingambit\n|move|p1a: Farigiraf|Hyper Voice|p2a: Drampa|[spread] p2a\n|-immune|p2b: Kommo-o|[from] ability: Soundproof\n|-damage|p2a: Drampa|0 fnt\n|faint|p2a: Drampa\n|move|p2b: Kommo-o|Clanging Scales|p1a: Farigiraf\n|-damage|p1a: Farigiraf|0 fnt\n|faint|p1a: Farigiraf\n|-unboost|p2b: Kommo-o|def|1\n|\n|-heal|p2b: Kommo-o|21/100|[from] item: Leftovers\n|upkeep\n|j| gE1xjZRtuhW2DdT0AK\n|\n|t:|1775984552\n|switch|p2a: Farigiraf|Farigiraf, L50, M|100/100\n|switch|p1b: Camerupt|Camerupt, L50, F|100/100\n|switch|p1a: Sinistcha|Sinistcha, L50|100/100\n|turn|4\n|\n|t:|1775984559\n|detailschange|p1b: Camerupt|Camerupt-Mega, L50, F\n|-mega|p1b: Camerupt|Camerupt|Cameruptite\n|move|p2b: Kommo-o|Protect|p2b: Kommo-o\n|-singleturn|p2b: Kommo-o|Protect\n|move|p1b: Camerupt|Eruption|p2a: Farigiraf|[spread] p2a\n|-activate|p2b: Kommo-o|move: Protect\n|-crit|p2a: Farigiraf\n|-damage|p2a: Farigiraf|0 fnt\n|faint|p2a: Farigiraf\n|move|p1a: Sinistcha|Matcha Gotcha|p2b: Kommo-o\n|-activate|p2b: Kommo-o|move: Protect\n|\n|-heal|p2b: Kommo-o|27/100|[from] item: Leftovers\n|upkeep\n|\n|t:|1775984568\n|switch|p2a: Arcanine|Arcanine-Hisui, L50, F, shiny|100/100\n|-ability|p2a: Arcanine|Intimidate|boost\n|-unboost|p1a: Sinistcha|atk|1\n|-unboost|p1b: Camerupt|atk|1\n|turn|5\n|\n|t:|1775984577\n|move|p2a: Arcanine|Protect|p2a: Arcanine\n|-singleturn|p2a: Arcanine|Protect\n|move|p2b: Kommo-o|Protect||[still]\n|-fail|p2b: Kommo-o\n|move|p1b: Camerupt|Earth Power|p2a: Arcanine\n|-activate|p2a: Arcanine|move: Protect\n|move|p1a: Sinistcha|Shadow Ball|p2b: Kommo-o\n|-damage|p2b: Kommo-o|0 fnt\n|faint|p2b: Kommo-o\n|\n|-fieldend|move: Trick Room\n|upkeep\n|turn|6\n|\n|t:|1775984591\n|move|p1b: Camerupt|Protect|p1b: Camerupt\n|-singleturn|p1b: Camerupt|Protect\n|move|p2a: Arcanine|Rock Slide|p1a: Sinistcha|[spread] \n|-activate|p1b: Camerupt|move: Protect\n|-miss|p2a: Arcanine|p1a: Sinistcha\n|move|p1a: Sinistcha|Trick Room|p1a: Sinistcha\n|-fieldstart|move: Trick Room|[of] p1a: Sinistcha\n|\n|upkeep\n|turn|7\n|\n|t:|1775984603\n|move|p2a: Arcanine|Protect|p2a: Arcanine\n|-singleturn|p2a: Arcanine|Protect\n|move|p1b: Camerupt|Earth Power|p2a: Arcanine\n|-activate|p2a: Arcanine|move: Protect\n|move|p1a: Sinistcha|Shadow Ball|p2a: Arcanine\n|-activate|p2a: Arcanine|move: Protect\n|\n|upkeep\n|turn|8\n|\n|t:|1775984607\n|move|p1b: Camerupt|Earth Power|p2a: Arcanine\n|-supereffective|p2a: Arcanine|2\n|-damage|p2a: Arcanine|0 fnt\n|faint|p2a: Arcanine\n|\n|win|nsbnsb\n|raw|nsbnsb's rating: 1263 &rarr; <strong>1293</strong><br />(+30 for winning)\n|raw|lilJesus07's rating: 1335 &rarr; <strong>1311</strong><br />(-24 for losing)\n",
  "uploadtime": 1775984612,
  "views": 23,
  "formatid": "gen9championsvgc2026regma",
  "rating": 1293,
  "private": 0,
  "password": null
}