{
  "id": "gen9championsvgc2026regma-2580598038",
  "format": "[Gen 9 Champions] VGC 2026 Reg M-A",
  "players": [
    "lau334",
    "Gorgon4939"
  ],
  "log": "|j|\u2606lau334\n|j|\u2606Gorgon4939\n|t:|1775916705\n|gametype|doubles\n|player|p1|lau334|1|1000\n|player|p2|Gorgon4939|biker-gen4|1044\n|gen|9\n|tier|[Gen 9 Champions] VGC 2026 Reg M-A\n|rated|\n|rule|Species Clause: Limit one of each Pok\u00e9mon\n|rule|Item Clause: Limit 1 of each item\n|clearpoke\n|poke|p1|Froslass, L50, F|\n|poke|p1|Incineroar, L50, M|\n|poke|p1|Orthworm, L50, M|\n|poke|p1|Basculegion, L50, M|\n|poke|p1|Garchomp, L50, M|\n|poke|p1|Rotom-Frost, L50|\n|poke|p2|Incineroar, L50, F|\n|poke|p2|Sinistcha, L50|\n|poke|p2|Aggron, L50, F|\n|poke|p2|Whimsicott, L50, F|\n|poke|p2|Farigiraf, L50, M|\n|poke|p2|Slowbro, L50, F|\n|teampreview|4\nlau334 has agreed to open team sheets.\n|inactive|Battle timer is ON: inactive players will automatically lose when time's up. (requested by Gorgon4939)\n|\n|t:|1775916771\n|teamsize|p1|4\n|teamsize|p2|4\n|start\n|switch|p1a: Orthworm|Orthworm, L50, M|100/100\n|switch|p1b: Garchomp|Garchomp, L50, M|100/100\n|switch|p2a: Incineroar|Incineroar, L50, F|100/100\n|switch|p2b: Sinistcha|Sinistcha, L50|100/100\n|-ability|p2a: Incineroar|Intimidate|boost\n|-unboost|p1a: Orthworm|atk|1\n|-unboost|p1b: Garchomp|atk|1\n|turn|1\n|\n|t:|1775916789\n|move|p1b: Garchomp|Protect|p1b: Garchomp\n|-singleturn|p1b: Garchomp|Protect\n|move|p2a: Incineroar|Fake Out|p1a: Orthworm\n|-resisted|p1a: Orthworm|1\n|-damage|p1a: Orthworm|97/100\n|cant|p1a: Orthworm|flinch\n|move|p2b: Sinistcha|Trick Room|p2b: Sinistcha\n|-fieldstart|move: Trick Room|[of] p2b: Sinistcha\n|\n|upkeep\n|turn|2\n|inactive|lau334 has 30 seconds left.\n|inactive|lau334 has 20 seconds left.\n|inactive|lau334 has 15 seconds left.\n|\n|t:|1775916831\n|move|p2a: Incineroar|Flare Blitz|p1a: Orthworm\n|-supereffective|p1a: Orthworm|1\n|-damage|p1a: Orthworm|43/100\n|-enditem|p1a: Orthworm|Sitrus Berry|[eat]\n|-heal|p1a: Orthworm|68/100|[from] item: Sitrus Berry\n|-damage|p2a: Incineroar|84/100|[from] Recoil\n|move|p2b: Sinistcha|Shadow Ball|p1a: Orthworm\n|-damage|p1a: Orthworm|20/100\n|-unboost|p1a: Orthworm|spd|1\n|move|p1a: Orthworm|Body Press|p2a: Incineroar\n|-supereffective|p2a: Incineroar|1\n|-damage|p2a: Incineroar|32/100\n|-enditem|p2a: Incineroar|Sitrus Berry|[eat]\n|-heal|p2a: Incineroar|57/100|[from] item: Sitrus Berry\n|move|p1b: Garchomp|Earthquake|p2a: Incineroar|[spread] p2a,p2b\n|-heal|p1a: Orthworm|45/100|[from] ability: Earth Eater|[of] p1b: Garchomp\n|-supereffective|p2a: Incineroar|1\n|-resisted|p2b: Sinistcha|1\n|-damage|p2a: Incineroar|9/100\n|-damage|p2b: Sinistcha|88/100\n|\n|upkeep\n|turn|3\n|inactive|lau334 has 30 seconds left.\n|inactive|Gorgon4939 has 30 seconds left.\n|inactive|Gorgon4939 has 20 seconds left.\n|inactive|Gorgon4939 has 15 seconds left.\n|inactive|Gorgon4939 has 10 seconds left.\n|\n|t:|1775916877\n|move|p1a: Orthworm|Protect|p1a: Orthworm\n|-singleturn|p1a: Orthworm|Protect\n|move|p2a: Incineroar|Flare Blitz|p1a: Orthworm\n|-activate|p1a: Orthworm|move: Protect\n|move|p2b: Sinistcha|Matcha Gotcha|p1a: Orthworm|[spread] p1b\n|-activate|p1a: Orthworm|move: Protect\n|-damage|p1b: Garchomp|68/100\n|-heal|p2b: Sinistcha|100/100|[from] drain|[of] p1b: Garchomp\n|move|p1b: Garchomp|Earthquake|p2b: Sinistcha|[spread] p2a,p2b\n|-activate|p1a: Orthworm|move: Protect\n|-supereffective|p2a: Incineroar|1\n|-resisted|p2b: Sinistcha|1\n|-damage|p2a: Incineroar|0 fnt\n|-damage|p2b: Sinistcha|89/100\n|faint|p2a: Incineroar\n|\n|upkeep\n|\n|t:|1775916898\n|switch|p2a: Slowbro|Slowbro, L50, F|100/100\n|turn|4\n|inactive|lau334 has 30 seconds left.\n|inactive|lau334 has 20 seconds left.\n|inactive|lau334 has 15 seconds left.\n|\n|t:|1775916939\n|detailschange|p2a: Slowbro|Slowbro-Mega, L50, F\n|-mega|p2a: Slowbro|Slowbro|Slowbronite\n|move|p2a: Slowbro|Calm Mind|p2a: Slowbro\n|-boost|p2a: Slowbro|spa|1\n|-boost|p2a: Slowbro|spd|1\n|move|p2b: Sinistcha|Shadow Ball|p1a: Orthworm\n|-damage|p1a: Orthworm|0 fnt\n|faint|p1a: Orthworm\n|move|p1b: Garchomp|Earthquake|p2a: Slowbro|[spread] p2a,p2b\n|-resisted|p2b: Sinistcha|1\n|-damage|p2a: Slowbro|82/100\n|-damage|p2b: Sinistcha|77/100\n|\n|upkeep\n|\n|t:|1775916949\n|switch|p1a: Froslass|Froslass, L50, F|100/100\n|turn|5\n|\n|t:|1775916969\n|switch|p1b: Basculegion|Basculegion, L50, M|100/100\n|-ability|p1b: Basculegion|Mold Breaker\n|move|p1a: Froslass|Protect|p1a: Froslass\n|-singleturn|p1a: Froslass|Protect\n|move|p2a: Slowbro|Calm Mind|p2a: Slowbro\n|-boost|p2a: Slowbro|spa|1\n|-boost|p2a: Slowbro|spd|1\n|move|p2b: Sinistcha|Shadow Ball|p1a: Froslass\n|-activate|p1a: Froslass|move: Protect\n|\n|-fieldend|move: Trick Room\n|upkeep\n|turn|6\n|inactive|lau334 has 30 seconds left.\n|inactive|Gorgon4939 has 30 seconds left.\n|\n|t:|1775917002\n|detailschange|p1a: Froslass|Froslass-Mega, L50, F\n|-mega|p1a: Froslass|Froslass|Froslassite\n|-weather|Snowscape|[from] ability: Snow Warning|[of] p1a: Froslass\n|move|p1b: Basculegion|Last Respects|p2a: Slowbro\n|-supereffective|p2a: Slowbro|1\n|-damage|p2a: Slowbro|12/100\n|move|p1a: Froslass|Blizzard|p2a: Slowbro|[spread] p2a,p2b\n|-resisted|p2a: Slowbro|1\n|-supereffective|p2b: Sinistcha|1\n|-damage|p2a: Slowbro|2/100\n|-damage|p2b: Sinistcha|0 fnt\n|faint|p2b: Sinistcha\n|move|p2a: Slowbro|Stored Power|p1b: Basculegion\n|-damage|p1b: Basculegion|0 fnt\n|faint|p1b: Basculegion\n|\n|-weather|Snowscape|[upkeep]\n|upkeep\n|\n|t:|1775917019\n|switch|p1b: Garchomp|Garchomp, L50, M|68/100\n|switch|p2b: Farigiraf|Farigiraf, L50, M|100/100\n|turn|7\n|\n|t:|1775917039\n|move|p2a: Slowbro|Protect|p2a: Slowbro\n|-singleturn|p2a: Slowbro|Protect\n|move|p1a: Froslass|Blizzard|p2a: Slowbro|[spread] p2b\n|-activate|p2a: Slowbro|move: Protect\n|-damage|p2b: Farigiraf|56/100\n|move|p1b: Garchomp|Dragon Claw|p2b: Farigiraf\n|-damage|p2b: Farigiraf|14/100\n|move|p2b: Farigiraf|Trick Room|p2b: Farigiraf\n|-fieldstart|move: Trick Room|[of] p2b: Farigiraf\n|\n|-weather|Snowscape|[upkeep]\n|-heal|p2b: Farigiraf|20/100|[from] item: Leftovers\n|upkeep\n|turn|8\n|inactive|Gorgon4939 has 30 seconds left.\n|\n|t:|1775917065\n|move|p2a: Slowbro|Slack Off|p2a: Slowbro\n|-heal|p2a: Slowbro|52/100\n|move|p2b: Farigiraf|Hyper Voice|p1b: Garchomp|[spread] p1b\n|-immune|p1a: Froslass\n|-damage|p1b: Garchomp|29/100\n|move|p1b: Garchomp|Rock Slide|p2b: Farigiraf|[spread] p2a,p2b\n|-damage|p2a: Slowbro|39/100\n|-damage|p2b: Farigiraf|1/100\n|move|p1a: Froslass|Blizzard|p2b: Farigiraf|[spread] p2a,p2b\n|-resisted|p2a: Slowbro|1\n|-damage|p2a: Slowbro|30/100\n|-damage|p2b: Farigiraf|0 fnt\n|faint|p2b: Farigiraf\n|\n|-weather|Snowscape|[upkeep]\n|upkeep\n|turn|9\n|inactive|Gorgon4939 has 30 seconds left.\n|inactive|Gorgon4939 has 20 seconds left.\n|inactive|Gorgon4939 has 15 seconds left.\n|\n|t:|1775917108\n|move|p2a: Slowbro|Stored Power|p1b: Garchomp\n|-crit|p1b: Garchomp\n|-damage|p1b: Garchomp|0 fnt\n|faint|p1b: Garchomp\n|move|p1a: Froslass|Shadow Ball|p2a: Slowbro\n|-supereffective|p2a: Slowbro|1\n|-damage|p2a: Slowbro|0 fnt\n|faint|p2a: Slowbro\n|\n|win|lau334\n|raw|lau334's rating: 1000 &rarr; <strong>1045</strong><br />(+45 for winning)\n|raw|Gorgon4939's rating: 1044 &rarr; <strong>1025</strong><br />(-19 for losing)\n|l|\u2606Gorgon4939\n|player|p2|\n",
  "uploadtime": 1775917514,
  "views": 10,
  "formatid": "gen9championsvgc2026regma",
  "rating": 1025,
  "private": 0,
  "password": null
}