{
  "id": "gen9championsvgc2026regma-2581795407",
  "format": "[Gen 9 Champions] VGC 2026 Reg M-A",
  "players": [
    "teamvaro",
    "estoc2"
  ],
  "log": "|j|\u2606teamvaro\n|j|\u2606estoc2\n|t:|1776029031\n|gametype|doubles\n|player|p1|teamvaro|266|1180\n|player|p2|estoc2|dawn|1190\n|gen|9\n|tier|[Gen 9 Champions] VGC 2026 Reg M-A\n|rated|\n|rule|Species Clause: Limit one of each Pok\u00e9mon\n|rule|Item Clause: Limit 1 of each item\n|clearpoke\n|poke|p1|Tyranitar, L50, M|\n|poke|p1|Gliscor, L50, M|\n|poke|p1|Aegislash, L50, M|\n|poke|p1|Incineroar, L50, F|\n|poke|p1|Mamoswine, L50, F|\n|poke|p1|Rotom-Wash, L50|\n|poke|p2|Corviknight, L50, F|\n|poke|p2|Sinistcha, L50|\n|poke|p2|Sneasler, L50, M|\n|poke|p2|Talonflame, L50, M|\n|poke|p2|Kommo-o, L50, F|\n|poke|p2|Delphox, L50, F|\n|teampreview|4\n|inactive|Battle timer is ON: inactive players will automatically lose when time's up. (requested by teamvaro)\n|inactive|estoc2 has 60 seconds left.\n|\n|t:|1776029092\n|teamsize|p1|4\n|teamsize|p2|4\n|start\n|switch|p1a: Gliscor|Gliscor, L50, M|100/100\n|switch|p1b: Incineroar|Incineroar, L50, F|100/100\n|switch|p2a: Sneasler|Sneasler, L50, M|100/100\n|switch|p2b: Kommo-o|Kommo-o, L50, F|100/100\n|-ability|p1b: Incineroar|Intimidate|boost\n|-unboost|p2a: Sneasler|atk|1\n|-unboost|p2b: Kommo-o|atk|1\n|-enditem|p2a: Sneasler|White Herb\n|-clearnegativeboost|p2a: Sneasler|[silent]\n|turn|1\n|inactive|teamvaro has 30 seconds left.\n|\n|t:|1776029120\n|move|p2a: Sneasler|Fake Out|p1b: Incineroar\n|-damage|p1b: Incineroar|90/100\n|cant|p1b: Incineroar|flinch\n|move|p2b: Kommo-o|Clangorous Soul|p2b: Kommo-o\n|-boost|p2b: Kommo-o|atk|1\n|-boost|p2b: Kommo-o|def|1\n|-boost|p2b: Kommo-o|spa|1\n|-boost|p2b: Kommo-o|spd|1\n|-boost|p2b: Kommo-o|spe|1\n|-damage|p2b: Kommo-o|68/100\n|move|p1a: Gliscor|Substitute|p1a: Gliscor\n|-start|p1a: Gliscor|Substitute\n|-damage|p1a: Gliscor|76/100\n|\n|-heal|p1a: Gliscor|82/100|[from] item: Leftovers\n|upkeep\n|turn|2\n|\n|t:|1776029143\n|move|p1b: Incineroar|Protect|p1b: Incineroar\n|-singleturn|p1b: Incineroar|Protect\n|move|p2a: Sneasler|Close Combat|p1b: Incineroar\n|-activate|p1b: Incineroar|move: Protect\n|move|p2b: Kommo-o|Clanging Scales|p1b: Incineroar|[spread] p1a\n|-activate|p1b: Incineroar|move: Protect\n|-damage|p1a: Gliscor|17/100\n|-unboost|p2b: Kommo-o|def|1\n|move|p1a: Gliscor|Toxic|p2b: Kommo-o\n|-status|p2b: Kommo-o|tox\n|\n|-heal|p1a: Gliscor|23/100|[from] item: Leftovers\n|-damage|p2b: Kommo-o|62/100 tox|[from] psn\n|upkeep\n|turn|3\n|inactive|teamvaro has 30 seconds left.\n|\n|t:|1776029171\n|switch|p2a: Delphox|Delphox, L50, F|100/100\n|switch|p1b: Rotom|Rotom-Wash, L50|100/100\n|move|p1a: Gliscor|Protect|p1a: Gliscor\n|-singleturn|p1a: Gliscor|Protect\n|move|p2b: Kommo-o|Clanging Scales|p1b: Rotom|[spread] p1b\n|-activate|p1a: Gliscor|move: Protect\n|-damage|p1b: Rotom|57/100\n|-unboost|p2b: Kommo-o|def|1\n|\n|-heal|p1a: Gliscor|29/100|[from] item: Leftovers\n|-damage|p2b: Kommo-o|49/100 tox|[from] psn\n|upkeep\n|-enditem|p2b: Kommo-o|Sitrus Berry|[eat]\n|-heal|p2b: Kommo-o|74/100 tox|[from] item: Sitrus Berry\n|turn|4\n|inactive|teamvaro has 30 seconds left.\n|\n|t:|1776029197\n|detailschange|p2a: Delphox|Delphox-Mega, L50, F\n|-mega|p2a: Delphox|Delphox|Delphoxite\n|move|p2a: Delphox|Psychic|p1b: Rotom\n|-damage|p1b: Rotom|13/100\n|move|p2b: Kommo-o|Clanging Scales|p1b: Rotom|[spread] p1a,p1b\n|-damage|p1a: Gliscor|0 fnt\n|-damage|p1b: Rotom|0 fnt\n|faint|p1a: Gliscor\n|faint|p1b: Rotom\n|-unboost|p2b: Kommo-o|def|1\n|\n|-damage|p2b: Kommo-o|55/100 tox|[from] psn\n|upkeep\n|\n|t:|1776029204\n|switch|p1a: Incineroar|Incineroar, L50, F|90/100\n|switch|p1b: Tyranitar|Tyranitar, L50, M|100/100\n|-weather|Sandstorm|[from] ability: Sand Stream|[of] p1b: Tyranitar\n|-ability|p1a: Incineroar|Intimidate|boost\n|-unboost|p2a: Delphox|atk|1\n|-unboost|p2b: Kommo-o|atk|1\n|turn|5\n|inactive|estoc2 has 30 seconds left.\n|\n|t:|1776029233\n|switch|p2a: Sinistcha|Sinistcha, L50|100/100\n|-heal|p2b: Kommo-o|80/100 tox|[from] ability: Hospitality|[of] p2a: Sinistcha\n|detailschange|p1b: Tyranitar|Tyranitar-Mega, L50, M\n|-mega|p1b: Tyranitar|Tyranitar|Tyranitarite\n|move|p2b: Kommo-o|Protect|p2b: Kommo-o\n|-singleturn|p2b: Kommo-o|Protect\n|move|p1a: Incineroar|Fake Out|p2b: Kommo-o\n|-activate|p2b: Kommo-o|move: Protect\n|move|p1b: Tyranitar|Rock Slide|p2a: Sinistcha|[spread] p2a\n|-activate|p2b: Kommo-o|move: Protect\n|-damage|p2a: Sinistcha|74/100\n|\n|-weather|Sandstorm|[upkeep]\n|-damage|p2a: Sinistcha|67/100|[from] Sandstorm\n|-damage|p1a: Incineroar|84/100|[from] Sandstorm\n|-damage|p2b: Kommo-o|55/100 tox|[from] psn\n|upkeep\n|turn|6\n|inactive|teamvaro has 30 seconds left.\n|inactive|teamvaro has 20 seconds left.\n|\n|t:|1776029270\n|move|p1a: Incineroar|Protect|p1a: Incineroar\n|-singleturn|p1a: Incineroar|Protect\n|move|p2b: Kommo-o|Aura Sphere|p1a: Incineroar\n|-activate|p1a: Incineroar|move: Protect\n|move|p1b: Tyranitar|Crunch|p2a: Sinistcha\n|-supereffective|p2a: Sinistcha|1\n|-damage|p2a: Sinistcha|0 fnt\n|faint|p2a: Sinistcha\n|\n|-weather|Sandstorm|[upkeep]\n|-damage|p1a: Incineroar|78/100|[from] Sandstorm\n|-damage|p2b: Kommo-o|25/100 tox|[from] psn\n|upkeep\n|\n|t:|1776029282\n|switch|p2a: Sneasler|Sneasler, L50, M|100/100\n|turn|7\n|\n|t:|1776029295\n|move|p1b: Tyranitar|Protect|p1b: Tyranitar\n|-singleturn|p1b: Tyranitar|Protect\n|move|p1a: Incineroar|Protect||[still]\n|-fail|p1a: Incineroar\n|move|p2a: Sneasler|Fake Out|p1b: Tyranitar\n|-activate|p1b: Tyranitar|move: Protect\n|move|p2b: Kommo-o|Aura Sphere|p1a: Incineroar\n|-supereffective|p1a: Incineroar|1\n|-damage|p1a: Incineroar|0 fnt\n|faint|p1a: Incineroar\n|\n|-weather|Sandstorm|[upkeep]\n|-damage|p2a: Sneasler|95/100|[from] Sandstorm\n|-damage|p2b: Kommo-o|0 fnt|[from] psn\n|faint|p2b: Kommo-o\n|upkeep\n|\n|t:|1776029308\n|switch|p2b: Delphox|Delphox-Mega, L50, F|100/100\n|turn|8\n|inactive|teamvaro has 30 seconds left.\n|inactive|teamvaro has 20 seconds left.\n|\n|t:|1776029346\n|move|p2b: Delphox|Heat Wave|p1b: Tyranitar\n|-resisted|p1b: Tyranitar|1\n|-damage|p1b: Tyranitar|89/100\n|move|p2a: Sneasler|Close Combat|p1b: Tyranitar\n|-supereffective|p1b: Tyranitar|2\n|-damage|p1b: Tyranitar|0 fnt\n|-unboost|p2a: Sneasler|def|1\n|-unboost|p2a: Sneasler|spd|1\n|faint|p1b: Tyranitar\n|\n|win|estoc2\n|raw|teamvaro's rating: 1180 &rarr; <strong>1156</strong><br />(-24 for losing)\n|raw|estoc2's rating: 1190 &rarr; <strong>1214</strong><br />(+24 for winning)\n|c|\u2606estoc2|gg\n",
  "uploadtime": 1776029361,
  "views": 15,
  "formatid": "gen9championsvgc2026regma",
  "rating": 1156,
  "private": 0,
  "password": null
}