{
  "id": "gen9championsvgc2026regma-2586122544",
  "format": "[Gen 9 Champions] VGC 2026 Reg M-A",
  "players": [
    "icecreamtail",
    "yernforscytherbuff"
  ],
  "log": "|j|\u2606icecreamtail\n|j|\u2606yernforscytherbuff\n|t:|1776401704\n|gametype|doubles\n|player|p1|icecreamtail|169|1194\n|player|p2|yernforscytherbuff|bugcatcher-gen4dp|1158\n|gen|9\n|tier|[Gen 9 Champions] VGC 2026 Reg M-A\n|rated|\n|rule|Species Clause: Limit one of each Pok\u00e9mon\n|rule|Item Clause: Limit 1 of each item\n|clearpoke\n|poke|p1|Glimmora, L50, F|\n|poke|p1|Sneasler, L50, M|\n|poke|p1|Delphox, L50, F|\n|poke|p1|Kingambit, L50, F|\n|poke|p1|Garchomp, L50, F|\n|poke|p1|Espathra, L50, M|\n|poke|p2|Beedrill, L50, M|\n|poke|p2|Hydreigon, L50, M|\n|poke|p2|Pikachu, L50, F|\n|poke|p2|Lycanroc-Dusk, L50, M|\n|poke|p2|Farigiraf, L50, F|\n|poke|p2|Rotom-Wash, L50|\n|teampreview|4\n|c|\u2606yernforscytherbuff|Hi\nyernforscytherbuff has agreed to open team sheets.\n|\n|t:|1776401774\n|teamsize|p1|4\n|teamsize|p2|4\n|start\n|switch|p1a: Sneasler|Sneasler, L50, M|100/100\n|switch|p1b: Kingambit|Kingambit, L50, F|100/100\n|switch|p2a: CEO Drilliam Sr.|Beedrill, L50, M|100/100\n|switch|p2b: Call Center Lady|Pikachu, L50, F|100/100\n|turn|1\n|\n|t:|1776401805\n|move|p2a: CEO Drilliam Sr.|Protect|p2a: CEO Drilliam Sr.\n|-singleturn|p2a: CEO Drilliam Sr.|Protect\n|move|p1a: Sneasler|Fake Out|p2b: Call Center Lady\n|-damage|p2b: Call Center Lady|56/100\n|cant|p2b: Call Center Lady|flinch\n|move|p1b: Kingambit|Swords Dance|p1b: Kingambit\n|-boost|p1b: Kingambit|atk|2\n|\n|upkeep\n|turn|2\n|\n|t:|1776401825\n|detailschange|p2a: CEO Drilliam Sr.|Beedrill-Mega, L50, M\n|-mega|p2a: CEO Drilliam Sr.|Beedrill|Beedrillite\n|move|p2a: CEO Drilliam Sr.|U-turn|p1a: Sneasler\n|-resisted|p1a: Sneasler|2\n|-damage|p1a: Sneasler|75/100\n|\n|t:|1776401832\n|switch|p2a: Human Resources|Hydreigon, L50, M|100/100|[from] U-turn\n|move|p1a: Sneasler|Close Combat|p2b: Call Center Lady\n|-damage|p2b: Call Center Lady|0 fnt\n|-unboost|p1a: Sneasler|def|1\n|-unboost|p1a: Sneasler|spd|1\n|-status|p1a: Sneasler|par|[from] ability: Static|[of] p2b: Call Center Lady\n|faint|p2b: Call Center Lady\n|-enditem|p1a: Sneasler|White Herb\n|-clearnegativeboost|p1a: Sneasler|[silent]\n|move|p1b: Kingambit|Kowtow Cleave|p2a: Human Resources\n|-resisted|p2a: Human Resources|1\n|-crit|p2a: Human Resources\n|-damage|p2a: Human Resources|0 fnt\n|faint|p2a: Human Resources\n|\n|upkeep\n|\n|t:|1776401847\n|switch|p2b: SECURITY|Lycanroc-Dusk, L50, M|100/100\n|switch|p2a: CEO Drilliam Sr.|Beedrill-Mega, L50, M|100/100\n|turn|3\n|\n|t:|1776401865\n|move|p1b: Kingambit|Protect|p1b: Kingambit\n|-singleturn|p1b: Kingambit|Protect\n|move|p2a: CEO Drilliam Sr.|Drill Run|p1a: Sneasler\n|-supereffective|p1a: Sneasler|1\n|-damage|p1a: Sneasler|0 fnt\n|faint|p1a: Sneasler\n|move|p2b: SECURITY|Close Combat|p1b: Kingambit\n|-activate|p1b: Kingambit|move: Protect\n|\n|upkeep\n|\n|t:|1776401875\n|switch|p1a: Garchomp|Garchomp, L50, F|100/100\n|turn|4\n|\n|t:|1776401901\n|move|p2a: CEO Drilliam Sr.|Protect|p2a: CEO Drilliam Sr.\n|-singleturn|p2a: CEO Drilliam Sr.|Protect\n|move|p1b: Kingambit|Sucker Punch|p2b: SECURITY\n|-enditem|p2b: SECURITY|Focus Sash\n|-damage|p2b: SECURITY|1/100\n|move|p1a: Garchomp|Dragon Claw|p2b: SECURITY\n|-damage|p2b: SECURITY|0 fnt\n|faint|p2b: SECURITY\n|\n|upkeep\n|turn|5\n|\n|t:|1776401910\n|move|p1b: Kingambit|Sucker Punch|p2a: CEO Drilliam Sr.\n|-damage|p2a: CEO Drilliam Sr.|0 fnt\n|faint|p2a: CEO Drilliam Sr.\n|\n|win|icecreamtail\n|raw|icecreamtail's rating: 1194 &rarr; <strong>1216</strong><br />(+22 for winning)\n|raw|yernforscytherbuff's rating: 1158 &rarr; <strong>1136</strong><br />(-22 for losing)\n|c|\u2606yernforscytherbuff|gg\n|l|\u2606yernforscytherbuff\n|player|p2|\n",
  "uploadtime": 1776401923,
  "views": 47,
  "formatid": "gen9championsvgc2026regma",
  "rating": 1136,
  "private": 0,
  "password": null
}