{
  "id": "gen9championsvgc2026regma-2588569510",
  "format": "[Gen 9 Champions] VGC 2026 Reg M-A",
  "players": [
    "lessa_ped",
    "Vict04hz_"
  ],
  "log": "|j|\u2606lessa_ped\n|j|\u2606Vict04hz_\n|t:|1776645922\n|gametype|doubles\n|player|p1|lessa_ped|101|1220\n|player|p2|Vict04hz_|cynthia-gen4|1174\n|gen|9\n|tier|[Gen 9 Champions] VGC 2026 Reg M-A\n|rated|\n|rule|Species Clause: Limit one of each Pok\u00e9mon\n|rule|Item Clause: Limit 1 of each item\n|clearpoke\n|poke|p1|Sinistcha, L50|\n|poke|p1|Sneasler, L50, M|\n|poke|p1|Kingambit, L50, F, shiny|\n|poke|p1|Incineroar, L50, M|\n|poke|p1|Politoed, L50, M|\n|poke|p1|Gengar, L50, M|\n|poke|p2|Sinistcha-Masterpiece, L50, shiny|\n|poke|p2|Dragonite, L50, F, shiny|\n|poke|p2|Archaludon, L50, M, shiny|\n|poke|p2|Politoed, L50, F, shiny|\n|poke|p2|Meganium, L50, F, shiny|\n|poke|p2|Basculegion, L50, M, shiny|\n|teampreview|4\nVict04hz_ has agreed to open team sheets.\nlessa_ped has agreed to open team sheets.\n|showteam|p1|Sinistcha||OccaBerry|Hospitality|MatchaGotcha,RagePowder,LifeDew,Protect||||||50|]Sneasler||WhiteHerb|Unburden|CloseCombat,DireClaw,FakeOut,Protect|||M|||50|]Kingambit||BlackGlasses|Defiant|SuckerPunch,KowtowCleave,IronHead,Protect|||F|||50|]Incineroar||SitrusBerry|Intimidate|FakeOut,PartingShot,DarkestLariat,FlareBlitz|||M|||50|]Politoed||Leftovers|Drizzle|Protect,PerishSong,WeatherBall,Encore|||M|||50|]Gengar||Gengarite|CursedBody|PerishSong,Protect,ShadowBall,SludgeBomb|||M|||50|\n|showteam|p2|Sinistcha-Masterpiece||SitrusBerry|Hospitality|Protect,MatchaGotcha,RagePowder,LifeDew||||||50|]Dragonite||Dragoninite|Multiscale|DracoMeteor,Thunder,Hurricane,Protect|||F|||50|]Archaludon||FocusSash|Stamina|ElectroShot,DracoMeteor,FlashCannon,AuraSphere|||M|||50|]Politoed||Leftovers|Drizzle|Protect,Encore,HelpingHand,WeatherBall|||F|||50|]Meganium||Meganiumite|Overgrow|DazzlingGleam,WeatherBall,SolarBeam,Synthesis|||F|||50|]Basculegion||MysticWater|SwiftSwim|WaveCrash,LastRespects,AquaJet,Protect|||M|||50|\n|\n|t:|1776646023\n|teamsize|p1|4\n|teamsize|p2|4\n|start\n|switch|p1a: Sneasler|Sneasler, L50, M|100/100\n|switch|p1b: Sinistcha|Sinistcha, L50|100/100\n|switch|p2a: Dragonite|Dragonite, L50, F, shiny|100/100\n|switch|p2b: Politoed|Politoed, L50, F, shiny|100/100\n|-weather|RainDance|[from] ability: Drizzle|[of] p2b: Politoed\n|turn|1\n|\n|t:|1776646046\n|detailschange|p2a: Dragonite|Dragonite-Mega, L50, F, shiny\n|-mega|p2a: Dragonite|Dragonite|Dragoninite\n|move|p2b: Politoed|Protect|p2b: Politoed\n|-singleturn|p2b: Politoed|Protect\n|move|p1a: Sneasler|Fake Out|p2a: Dragonite\n|-damage|p2a: Dragonite|93/100\n|cant|p2a: Dragonite|flinch\n|move|p1b: Sinistcha|Matcha Gotcha|p2b: Politoed|[spread] p2a\n|-activate|p2b: Politoed|move: Protect\n|-resisted|p2a: Dragonite|2\n|-damage|p2a: Dragonite|88/100\n|\n|-weather|RainDance|[upkeep]\n|upkeep\n|turn|2\n|\n|t:|1776646096\n|switch|p2b: Archaludon|Archaludon, L50, M, shiny|100/100\n|move|p1a: Sneasler|Protect|p1a: Sneasler\n|-singleturn|p1a: Sneasler|Protect\n|move|p1b: Sinistcha|Protect|p1b: Sinistcha\n|-singleturn|p1b: Sinistcha|Protect\n|move|p2a: Dragonite|Hurricane|p1a: Sneasler\n|-activate|p1a: Sneasler|move: Protect\n|\n|-weather|RainDance|[upkeep]\n|upkeep\n|turn|3\n|\n|t:|1776646149\n|switch|p1b: Kingambit|Kingambit, L50, F, shiny|100/100\n|move|p1a: Sneasler|Close Combat|p2b: Archaludon\n|-supereffective|p2b: Archaludon|1\n|-enditem|p2b: Archaludon|Focus Sash\n|-damage|p2b: Archaludon|1/100\n|-unboost|p1a: Sneasler|def|1\n|-unboost|p1a: Sneasler|spd|1\n|-ability|p2b: Archaludon|Stamina|boost\n|-boost|p2b: Archaludon|def|1\n|-enditem|p1a: Sneasler|White Herb\n|-clearnegativeboost|p1a: Sneasler|[silent]\n|move|p2a: Dragonite|Hurricane|p1b: Kingambit\n|-resisted|p1b: Kingambit|1\n|-damage|p1b: Kingambit|69/100\n|-start|p1b: Kingambit|confusion\n|move|p2b: Archaludon|Electro Shot||[still]\n|-prepare|p2b: Archaludon|Electro Shot\n|-boost|p2b: Archaludon|spa|1\n|-anim|p2b: Archaludon|Electro Shot|p1a: Sneasler\n|-damage|p1a: Sneasler|8/100\n|\n|-weather|RainDance|[upkeep]\n|upkeep\n|turn|4\n|\n|t:|1776646215\n|switch|p1a: Sinistcha|Sinistcha, L50|100/100\n|-heal|p1b: Kingambit|93/100|[from] ability: Hospitality|[of] p1a: Sinistcha\n|-activate|p1b: Kingambit|confusion\n|move|p1b: Kingambit|Protect|p1b: Kingambit\n|-singleturn|p1b: Kingambit|Protect\n|move|p2a: Dragonite|Thunder|p1b: Kingambit\n|-activate|p1b: Kingambit|move: Protect\n|move|p2b: Archaludon|Electro Shot||[still]\n|-prepare|p2b: Archaludon|Electro Shot\n|-boost|p2b: Archaludon|spa|1\n|-anim|p2b: Archaludon|Electro Shot|p1a: Sinistcha\n|-resisted|p1a: Sinistcha|1\n|-damage|p1a: Sinistcha|57/100\n|\n|-weather|RainDance|[upkeep]\n|upkeep\n|turn|5\n|\n|t:|1776646247\n|move|p1a: Sinistcha|Protect|p1a: Sinistcha\n|-singleturn|p1a: Sinistcha|Protect\n|-activate|p1b: Kingambit|confusion\n|move|p1b: Kingambit|Sucker Punch|p2b: Archaludon\n|-damage|p2b: Archaludon|0 fnt\n|faint|p2b: Archaludon\n|move|p2a: Dragonite|Thunder|p1b: Kingambit\n|-damage|p1b: Kingambit|51/100\n|\n|-weather|none\n|upkeep\n|\n|t:|1776646256\n|switch|p2b: Politoed|Politoed, L50, F, shiny|100/100\n|-weather|RainDance|[from] ability: Drizzle|[of] p2b: Politoed\n|turn|6\n|\n|t:|1776646294\n|move|p1a: Sinistcha|Rage Powder|p1a: Sinistcha\n|-singleturn|p1a: Sinistcha|move: Rage Powder\n|move|p2a: Dragonite|Hurricane|p1a: Sinistcha\n|-supereffective|p1a: Sinistcha|1\n|-damage|p1a: Sinistcha|0 fnt\n|faint|p1a: Sinistcha\n|move|p2b: Politoed|Encore|p1b: Kingambit\n|-start|p1b: Kingambit|Encore\n|-end|p1b: Kingambit|confusion\n|move|p1b: Kingambit|Sucker Punch||[still]\n|-fail|p1b: Kingambit\n|\n|-weather|RainDance|[upkeep]\n|upkeep\n|\n|t:|1776646305\n|switch|p1a: Politoed|Politoed, L50, M|100/100\n|turn|7\n|\n|t:|1776646347\n|switch|p1b: Sneasler|Sneasler, L50, M|8/100\n|move|p2b: Politoed|Protect|p2b: Politoed\n|-singleturn|p2b: Politoed|Protect\n|move|p2a: Dragonite|Thunder|p1b: Sneasler\n|-damage|p1b: Sneasler|0 fnt\n|faint|p1b: Sneasler\n|move|p1a: Politoed|Encore|p2b: Politoed\n|-activate|p2b: Politoed|move: Protect\n|\n|-weather|RainDance|[upkeep]\n|upkeep\n|\n|t:|1776646354\n|switch|p1b: Kingambit|Kingambit, L50, F, shiny|51/100\n|turn|8\n|\n|t:|1776646378\n|move|p2a: Dragonite|Protect|p2a: Dragonite\n|-singleturn|p2a: Dragonite|Protect\n|move|p2b: Politoed|Encore||[still]\n|-fail|p2b: Politoed\n|move|p1a: Politoed|Perish Song|p1a: Politoed\n|-start|p1a: Politoed|perish3|[silent]\n|-start|p1b: Kingambit|perish3|[silent]\n|-start|p2a: Dragonite|perish3|[silent]\n|-start|p2b: Politoed|perish3|[silent]\n|-fieldactivate|move: Perish Song\n|move|p1b: Kingambit|Kowtow Cleave|p2a: Dragonite\n|-activate|p2a: Dragonite|move: Protect\n|\n|-weather|RainDance|[upkeep]\n|-start|p2a: Dragonite|perish3\n|-start|p2b: Politoed|perish3\n|-start|p1a: Politoed|perish3\n|-start|p1b: Kingambit|perish3\n|upkeep\n|turn|9\n|\n|t:|1776646435\n|move|p1a: Politoed|Protect|p1a: Politoed\n|-singleturn|p1a: Politoed|Protect\n|move|p2a: Dragonite|Thunder|p1a: Politoed\n|-activate|p1a: Politoed|move: Protect\n|move|p2b: Politoed|Weather Ball|p1b: Kingambit\n|-damage|p1b: Kingambit|6/100\n|move|p1b: Kingambit|Kowtow Cleave|p2b: Politoed\n|-damage|p2b: Politoed|46/100\n|\n|-weather|RainDance|[upkeep]\n|-heal|p2b: Politoed|52/100|[from] item: Leftovers\n|-start|p2a: Dragonite|perish2\n|-start|p2b: Politoed|perish2\n|-start|p1a: Politoed|perish2\n|-start|p1b: Kingambit|perish2\n|upkeep\n|turn|10\n|\n|t:|1776646459\n|move|p1b: Kingambit|Sucker Punch|p2b: Politoed\n|-damage|p2b: Politoed|9/100\n|move|p2a: Dragonite|Thunder|p1a: Politoed\n|-supereffective|p1a: Politoed|1\n|-damage|p1a: Politoed|32/100\n|move|p2b: Politoed|Weather Ball|p1b: Kingambit\n|-damage|p1b: Kingambit|0 fnt\n|faint|p1b: Kingambit\n|move|p1a: Politoed|Weather Ball|p2a: Dragonite\n|-resisted|p2a: Dragonite|1\n|-damage|p2a: Dragonite|68/100\n|\n|-weather|none\n|-heal|p2b: Politoed|15/100|[from] item: Leftovers\n|-heal|p1a: Politoed|39/100|[from] item: Leftovers\n|-start|p2a: Dragonite|perish1\n|-start|p2b: Politoed|perish1\n|-start|p1a: Politoed|perish1\n|upkeep\n|turn|11\n|-message|lessa_ped forfeited.\n|\n|win|Vict04hz_\n|raw|lessa_ped's rating: 1220 &rarr; <strong>1192</strong><br />(-28 for losing)\n|raw|Vict04hz_'s rating: 1174 &rarr; <strong>1202</strong><br />(+28 for winning)\n",
  "uploadtime": 1776646478,
  "views": 8,
  "formatid": "gen9championsvgc2026regma",
  "rating": 1192,
  "private": 0,
  "password": null
}