{
  "id": "gen9championsvgc2026regma-2588519905",
  "format": "[Gen 9 Champions] VGC 2026 Reg M-A",
  "players": [
    "bsqe",
    "lun4rspace"
  ],
  "log": "|j|\u2606bsqe\n|j|\u2606lun4rspace\n|t:|1776641087\n|gametype|doubles\n|player|p1|bsqe|blue|1245\n|player|p2|lun4rspace|266|1288\n|gen|9\n|tier|[Gen 9 Champions] VGC 2026 Reg M-A\n|rated|\n|rule|Species Clause: Limit one of each Pok\u00e9mon\n|rule|Item Clause: Limit 1 of each item\n|clearpoke\n|poke|p1|Meganium, L50, F|\n|poke|p1|Tauros-Paldea-Aqua, L50, M, shiny|\n|poke|p1|Aerodactyl, L50, M|\n|poke|p1|Archaludon, L50, M, shiny|\n|poke|p1|Houndoom, L50, M|\n|poke|p1|Scizor, L50, F, shiny|\n|poke|p2|Aerodactyl, L50, F|\n|poke|p2|Basculegion, L50, M|\n|poke|p2|Kommo-o, L50, M|\n|poke|p2|Scizor, L50, F|\n|poke|p2|Scovillain, L50, F|\n|poke|p2|Sneasler, L50, F|\n|teampreview|4\n|inactive|Battle timer is ON: inactive players will automatically lose when time's up. (requested by bsqe)\nbsqe rejected open team sheets.\n|inactive|bsqe has 60 seconds left.\n|\n|t:|1776641130\n|teamsize|p1|4\n|teamsize|p2|4\n|start\n|switch|p1a: Aerodactyl|Aerodactyl, L50, M|100/100\n|switch|p1b: Meganium|Meganium, L50, F|100/100\n|switch|p2a: Scovillain|Scovillain, L50, F|100/100\n|switch|p2b: Sneasler|Sneasler, L50, F|100/100\n|-ability|p1a: Aerodactyl|Unnerve\n|turn|1\n|\n|t:|1776641154\n|switch|p1b: Archaludon|Archaludon, L50, M, shiny|100/100\n|detailschange|p2a: Scovillain|Scovillain-Mega, L50, F\n|-mega|p2a: Scovillain|Scovillain|Scovillainite\n|move|p1a: Aerodactyl|Protect|p1a: Aerodactyl\n|-singleturn|p1a: Aerodactyl|Protect\n|move|p2a: Scovillain|Rage Powder|p2a: Scovillain\n|-singleturn|p2a: Scovillain|move: Rage Powder\n|move|p2b: Sneasler|Close Combat|p1a: Aerodactyl\n|-activate|p1a: Aerodactyl|move: Protect\n|\n|upkeep\n|turn|2\n|\n|t:|1776641168\n|switch|p2b: Kommo-o|Kommo-o, L50, M|100/100\n|move|p1b: Archaludon|Protect|p1b: Archaludon\n|-singleturn|p1b: Archaludon|Protect\n|move|p2a: Scovillain|Rage Powder|p2a: Scovillain\n|-singleturn|p2a: Scovillain|move: Rage Powder\n|move|p1a: Aerodactyl|Tailwind|p1a: Aerodactyl\n|-sidestart|p1: bsqe|move: Tailwind\n|\n|upkeep\n|turn|3\n|\n|t:|1776641184\n|move|p2a: Scovillain|Rage Powder|p2a: Scovillain\n|-singleturn|p2a: Scovillain|move: Rage Powder\n|move|p1a: Aerodactyl|Rock Slide|p2b: Kommo-o|[spread] p2a,p2b\n|-supereffective|p2a: Scovillain|1\n|-resisted|p2b: Kommo-o|1\n|-damage|p2a: Scovillain|57/100\n|-damage|p2b: Kommo-o|89/100\n|-status|p1a: Aerodactyl|brn|[from] ability: Spicy Spray|[of] p2a: Scovillain\n|move|p1b: Archaludon|Dragon Pulse|p2a: Scovillain\n|-damage|p2a: Scovillain|12/100\n|-status|p1b: Archaludon|brn|[from] ability: Spicy Spray|[of] p2a: Scovillain\n|cant|p2b: Kommo-o|flinch\n|\n|-heal|p2b: Kommo-o|95/100|[from] item: Leftovers\n|-damage|p1a: Aerodactyl|95/100 brn|[from] brn\n|-damage|p1b: Archaludon|94/100 brn|[from] brn\n|upkeep\n|turn|4\n|\n|t:|1776641201\n|move|p2a: Scovillain|Rage Powder|p2a: Scovillain\n|-singleturn|p2a: Scovillain|move: Rage Powder\n|move|p1a: Aerodactyl|Rock Slide|p2b: Kommo-o|[spread] p2a,p2b\n|-supereffective|p2a: Scovillain|1\n|-resisted|p2b: Kommo-o|1\n|-damage|p2a: Scovillain|0 fnt\n|-damage|p2b: Kommo-o|89/100\n|faint|p2a: Scovillain\n|move|p1b: Archaludon|Dragon Pulse|p2b: Kommo-o\n|-supereffective|p2b: Kommo-o|1\n|-damage|p2b: Kommo-o|0 fnt\n|faint|p2b: Kommo-o\n|\n|-heal|p1b: Archaludon|100/100 brn|[from] item: Leftovers\n|-damage|p1a: Aerodactyl|89/100 brn|[from] brn\n|-damage|p1b: Archaludon|94/100 brn|[from] brn\n|upkeep\n|\n|t:|1776641218\n|switch|p2b: Sneasler|Sneasler, L50, F|100/100\n|switch|p2a: Basculegion|Basculegion, L50, M|100/100\n|turn|5\n|\n|t:|1776641239\n|move|p1a: Aerodactyl|Protect|p1a: Aerodactyl\n|-singleturn|p1a: Aerodactyl|Protect\n|move|p2a: Basculegion|Protect|p2a: Basculegion\n|-singleturn|p2a: Basculegion|Protect\n|move|p1b: Archaludon|Thunderbolt|p2a: Basculegion\n|-activate|p2a: Basculegion|move: Protect\n|move|p2b: Sneasler|Close Combat|p1b: Archaludon\n|-supereffective|p1b: Archaludon|1\n|-damage|p1b: Archaludon|6/100 brn\n|-unboost|p2b: Sneasler|def|1\n|-unboost|p2b: Sneasler|spd|1\n|-ability|p1b: Archaludon|Stamina|boost\n|-boost|p1b: Archaludon|def|1\n|-enditem|p2b: Sneasler|White Herb\n|-clearnegativeboost|p2b: Sneasler|[silent]\n|\n|-heal|p1b: Archaludon|12/100 brn|[from] item: Leftovers\n|-damage|p1a: Aerodactyl|83/100 brn|[from] brn\n|-damage|p1b: Archaludon|6/100 brn|[from] brn\n|-sideend|p1: bsqe|move: Tailwind\n|upkeep\n|turn|6\n|inactive|lun4rspace has 30 seconds left.\n|\n|t:|1776641267\n|move|p2b: Sneasler|Close Combat|p1b: Archaludon\n|-supereffective|p1b: Archaludon|1\n|-damage|p1b: Archaludon|0 fnt\n|-unboost|p2b: Sneasler|def|1\n|-unboost|p2b: Sneasler|spd|1\n|faint|p1b: Archaludon\n|move|p1a: Aerodactyl|Tailwind|p1a: Aerodactyl\n|-sidestart|p1: bsqe|move: Tailwind\n|move|p2a: Basculegion|Wave Crash|p1a: Aerodactyl\n|-supereffective|p1a: Aerodactyl|1\n|-damage|p1a: Aerodactyl|0 fnt\n|faint|p1a: Aerodactyl\n|-damage|p2a: Basculegion|79/100|[from] Recoil\n|\n|upkeep\n|\n|t:|1776641280\n|switch|p1a: Houndoom|Houndoom, L50, M|100/100\n|switch|p1b: Meganium|Meganium, L50, F|100/100\n|turn|7\n|\n|t:|1776641292\n|detailschange|p1b: Meganium|Meganium-Mega, L50, F\n|-mega|p1b: Meganium|Meganium|Meganiumite\n|move|p1b: Meganium|Protect|p1b: Meganium\n|-singleturn|p1b: Meganium|Protect\n|move|p2a: Basculegion|Protect|p2a: Basculegion\n|-singleturn|p2a: Basculegion|Protect\n|move|p1a: Houndoom|Scorching Sands|p2b: Sneasler\n|-supereffective|p2b: Sneasler|1\n|-damage|p2b: Sneasler|8/100\n|move|p2b: Sneasler|Dire Claw|p1b: Meganium\n|-activate|p1b: Meganium|move: Protect\n|\n|upkeep\n|turn|8\n|\n|t:|1776641312\n|move|p1a: Houndoom|Scorching Sands|p2b: Sneasler\n|-supereffective|p2b: Sneasler|1\n|-crit|p2b: Sneasler\n|-damage|p2b: Sneasler|0 fnt\n|faint|p2b: Sneasler\n|move|p1b: Meganium|Solar Beam||[still]\n|-prepare|p1b: Meganium|Solar Beam\n|-activate|p1b: Meganium|ability: Mega Sol\n|-anim|p1b: Meganium|Solar Beam|p2a: Basculegion\n|-supereffective|p2a: Basculegion|1\n|-damage|p2a: Basculegion|0 fnt\n|faint|p2a: Basculegion\n|\n|win|bsqe\n|raw|bsqe's rating: 1245 &rarr; <strong>1273</strong><br />(+28 for winning)\n|raw|lun4rspace's rating: 1288 &rarr; <strong>1260</strong><br />(-28 for losing)\n",
  "uploadtime": 1776641313,
  "views": 16,
  "formatid": "gen9championsvgc2026regma",
  "rating": 1260,
  "private": 0,
  "password": null
}