{
  "id": "gen9championsvgc2026regma-2580749917",
  "format": "[Gen 9 Champions] VGC 2026 Reg M-A",
  "players": [
    "calacadura",
    "Venekko"
  ],
  "log": "|j|\u2606calacadura\n|j|\u2606Venekko\n|t:|1775929398\n|gametype|doubles\n|player|p1|calacadura|2|1082\n|player|p2|Venekko|az|1045\n|gen|9\n|tier|[Gen 9 Champions] VGC 2026 Reg M-A\n|rated|\n|rule|Species Clause: Limit one of each Pok\u00e9mon\n|rule|Item Clause: Limit 1 of each item\n|clearpoke\n|poke|p1|Farigiraf, L50, M|\n|poke|p1|Tyranitar, L50, M|\n|poke|p1|Basculegion, L50, M|\n|poke|p1|Incineroar, L50, M|\n|poke|p1|Sinistcha, L50|\n|poke|p1|Dragonite, L50, M|\n|poke|p2|Floette-Eternal, L50, F|\n|poke|p2|Garchomp, L50, F|\n|poke|p2|Incineroar, L50, F|\n|poke|p2|Rotom-Wash, L50|\n|poke|p2|Sinistcha, L50|\n|poke|p2|Kingambit, L50, F|\n|teampreview|4\n|inactive|Battle timer is ON: inactive players will automatically lose when time's up. (requested by Venekko)\n|inactiveoff|Battle timer is now OFF.\n|inactive|Battle timer is ON: inactive players will automatically lose when time's up. (requested by Venekko)\n|\n|t:|1775929476\n|teamsize|p1|4\n|teamsize|p2|4\n|start\n|switch|p1a: Kitten|Incineroar, L50, M, shiny|100/100\n|switch|p1b: Basculegion|Basculegion, L50, M|100/100\n|switch|p2a: Incineroar|Incineroar, L50, F|100/100\n|switch|p2b: Floette|Floette-Eternal, L50, F|100/100\n|-ability|p2a: Incineroar|Intimidate|boost\n|-unboost|p1a: Kitten|atk|1\n|-unboost|p1b: Basculegion|atk|1\n|-ability|p1a: Kitten|Intimidate|boost\n|-unboost|p2a: Incineroar|atk|1\n|-unboost|p2b: Floette|atk|1\n|turn|1\n|inactive|calacadura has 30 seconds left.\n|\n|t:|1775929510\n|switch|p2a: Sinistcha|Sinistcha, L50|100/100\n|detailschange|p2b: Floette|Floette-Mega, L50, F\n|-mega|p2b: Floette|Floette|Floettite\n|-ability|p2b: Floette|Fairy Aura\n|move|p2b: Floette|Protect|p2b: Floette\n|-singleturn|p2b: Floette|Protect\n|move|p1a: Kitten|Fake Out|p2a: Sinistcha\n|-immune|p2a: Sinistcha\n|move|p1b: Basculegion|Flip Turn|p2a: Sinistcha\n|-resisted|p2a: Sinistcha|1\n|-damage|p2a: Sinistcha|89/100\n|\n|t:|1775929524\n|switch|p1b: Tiny|Sinistcha, L50, shiny|100/100|[from] Flip Turn\n|\n|upkeep\n|turn|2\n|\n|t:|1775929534\n|switch|p2a: Incineroar|Incineroar, L50, F|100/100\n|-ability|p2a: Incineroar|Intimidate|boost\n|-unboost|p1a: Kitten|atk|1\n|-unboost|p1b: Tiny|atk|1\n|move|p2b: Floette|Calm Mind|p2b: Floette\n|-boost|p2b: Floette|spa|1\n|-boost|p2b: Floette|spd|1\n|move|p1b: Tiny|Calm Mind|p1b: Tiny\n|-boost|p1b: Tiny|spa|1\n|-boost|p1b: Tiny|spd|1\n|move|p1a: Kitten|Parting Shot|p2b: Floette\n|-unboost|p2b: Floette|atk|1\n|-unboost|p2b: Floette|spa|1\n|\n|t:|1775929543\n|switch|p1a: Dragonite|Dragonite, L50, M|100/100|[from] Parting Shot\n|\n|upkeep\n|turn|3\n|\n|t:|1775929568\n|switch|p1a: Kitten|Incineroar, L50, M, shiny|100/100\n|-ability|p1a: Kitten|Intimidate|boost\n|-unboost|p2a: Incineroar|atk|1\n|-unboost|p2b: Floette|atk|1\n|move|p2b: Floette|Moonblast|p1a: Kitten\n|-damage|p1a: Kitten|51/100\n|move|p1b: Tiny|Calm Mind|p1b: Tiny\n|-boost|p1b: Tiny|spa|1\n|-boost|p1b: Tiny|spd|1\n|move|p2a: Incineroar|Taunt|p1b: Tiny\n|-start|p1b: Tiny|move: Taunt\n|\n|upkeep\n|turn|4\n|\n|t:|1775929584\n|move|p2b: Floette|Protect|p2b: Floette\n|-singleturn|p2b: Floette|Protect\n|move|p1b: Tiny|Matcha Gotcha|p2b: Floette|[spread] p2a\n|-activate|p2b: Floette|move: Protect\n|-resisted|p2a: Incineroar|1\n|-damage|p2a: Incineroar|83/100\n|move|p2a: Incineroar|Parting Shot|p1b: Tiny\n|-unboost|p1b: Tiny|atk|1\n|-unboost|p1b: Tiny|spa|1\n|\n|t:|1775929595\n|switch|p2a: Sinistcha|Sinistcha, L50|89/100|[from] Parting Shot\n|move|p1a: Kitten|Flare Blitz|p2b: Floette\n|-activate|p2b: Floette|move: Protect\n|\n|upkeep\n|turn|5\n|\n|t:|1775929615\n|switch|p2a: Incineroar|Incineroar, L50, F|83/100\n|-ability|p2a: Incineroar|Intimidate|boost\n|-unboost|p1a: Kitten|atk|1\n|-unboost|p1b: Tiny|atk|1\n|move|p2b: Floette|Calm Mind|p2b: Floette\n|-boost|p2b: Floette|spa|1\n|-boost|p2b: Floette|spd|1\n|move|p1b: Tiny|Matcha Gotcha|p2a: Incineroar|[spread] p2a,p2b\n|-resisted|p2a: Incineroar|1\n|-damage|p2a: Incineroar|70/100\n|-damage|p2b: Floette|87/100\n|move|p1a: Kitten|Flare Blitz|p2b: Floette\n|-damage|p2b: Floette|56/100\n|-damage|p1a: Kitten|42/100|[from] Recoil\n|\n|upkeep\n|turn|6\n|inactive|Venekko has 30 seconds left.\n|inactive|Venekko has 20 seconds left.\n|\n|t:|1775929653\n|move|p2b: Floette|Dazzling Gleam|p1a: Kitten|[spread] p1a,p1b\n|-damage|p1a: Kitten|0 fnt\n|-damage|p1b: Tiny|67/100\n|faint|p1a: Kitten\n|move|p1b: Tiny|Matcha Gotcha|p2a: Incineroar|[spread] p2b\n|-miss|p1b: Tiny|p2a: Incineroar\n|-damage|p2b: Floette|41/100\n|-heal|p1b: Tiny|75/100|[from] drain|[of] p2b: Floette\n|move|p2a: Incineroar|Flare Blitz|p1b: Tiny\n|-supereffective|p1b: Tiny|1\n|-damage|p1b: Tiny|11/100\n|-damage|p2a: Incineroar|51/100|[from] Recoil\n|\n|-end|p1b: Tiny|move: Taunt\n|upkeep\n|\n|t:|1775929663\n|switch|p1a: Basculegion|Basculegion, L50, M|100/100\n|turn|7\n|\n|t:|1775929672\n|switch|p2a: Sinistcha|Sinistcha, L50|89/100\n|-heal|p2b: Floette|66/100|[from] ability: Hospitality|[of] p2a: Sinistcha\n|move|p2b: Floette|Protect|p2b: Floette\n|-singleturn|p2b: Floette|Protect\n|move|p1a: Basculegion|Last Respects|p2b: Floette\n|-activate|p2b: Floette|move: Protect\n|move|p1b: Tiny|Matcha Gotcha|p2a: Sinistcha|[spread] p2a\n|-activate|p2b: Floette|move: Protect\n|-resisted|p2a: Sinistcha|1\n|-damage|p2a: Sinistcha|75/100\n|-heal|p1b: Tiny|18/100|[from] drain|[of] p2a: Sinistcha\n|\n|upkeep\n|turn|8\n|\n|t:|1775929684\n|move|p2a: Sinistcha|Rage Powder|p2a: Sinistcha\n|-singleturn|p2a: Sinistcha|move: Rage Powder\n|move|p1a: Basculegion|Last Respects|p2a: Sinistcha\n|-supereffective|p2a: Sinistcha|1\n|-damage|p2a: Sinistcha|0 fnt\n|faint|p2a: Sinistcha\n|move|p2b: Floette|Dazzling Gleam|p1a: Basculegion|[spread] p1a,p1b\n|-damage|p1a: Basculegion|28/100\n|-damage|p1b: Tiny|0 fnt\n|faint|p1b: Tiny\n|\n|upkeep\n|\n|t:|1775929694\n|switch|p2a: Kingambit|Kingambit, L50, F|100/100\n|switch|p1b: Dragonite|Dragonite, L50, M|100/100\n|turn|9\n|\n|t:|1775929701\n|move|p2a: Kingambit|Sucker Punch|p1a: Basculegion\n|-supereffective|p1a: Basculegion|1\n|-damage|p1a: Basculegion|0 fnt\n|faint|p1a: Basculegion\n|move|p2b: Floette|Moonblast|p1b: Dragonite\n|-supereffective|p1b: Dragonite|1\n|-damage|p1b: Dragonite|0 fnt\n|faint|p1b: Dragonite\n|\n|win|Venekko\n|raw|calacadura's rating: 1082 &rarr; <strong>1057</strong><br />(-25 for losing)\n|raw|Venekko's rating: 1045 &rarr; <strong>1082</strong><br />(+37 for winning)\n",
  "uploadtime": 1775929702,
  "views": 22,
  "formatid": "gen9championsvgc2026regma",
  "rating": 1057,
  "private": 0,
  "password": null
}