{
  "id": "gen9championsvgc2026regma-2587044909",
  "format": "[Gen 9 Champions] VGC 2026 Reg M-A",
  "players": [
    "pjgp",
    "Kirbo5500"
  ],
  "log": "|j|\u2606pjgp\n|j|\u2606Kirbo5500\n|t:|1776486140\n|gametype|doubles\n|player|p1|pjgp|266|1248\n|player|p2|Kirbo5500|2|1158\n|gen|9\n|tier|[Gen 9 Champions] VGC 2026 Reg M-A\n|rated|\n|rule|Species Clause: Limit one of each Pok\u00e9mon\n|rule|Item Clause: Limit 1 of each item\n|clearpoke\n|poke|p1|Aerodactyl, L50, F|\n|poke|p1|Incineroar, L50, M|\n|poke|p1|Floette-Eternal, L50, F|\n|poke|p1|Basculegion, L50, M|\n|poke|p1|Garchomp, L50, F|\n|poke|p1|Sneasler, L50, M|\n|poke|p2|Meganium, L50, M|\n|poke|p2|Primarina, L50, F|\n|poke|p2|Incineroar, L50, M|\n|poke|p2|Garchomp, L50, M|\n|poke|p2|Talonflame, L50, M|\n|poke|p2|Lucario, L50, M|\n|teampreview|4\n|\n|t:|1776486174\n|teamsize|p1|4\n|teamsize|p2|4\n|start\n|switch|p1a: Aerodactyl|Aerodactyl, L50, F|100/100\n|switch|p1b: Incineroar|Incineroar, L50, M|100/100\n|switch|p2a: Garchomp|Garchomp, L50, M|100/100\n|switch|p2b: Incineroar|Incineroar, L50, M|100/100\n|-ability|p1a: Aerodactyl|Unnerve\n|-ability|p2b: Incineroar|Intimidate|boost\n|-unboost|p1a: Aerodactyl|atk|1\n|-unboost|p1b: Incineroar|atk|1\n|-ability|p1b: Incineroar|Intimidate|boost\n|-unboost|p2a: Garchomp|atk|1\n|-unboost|p2b: Incineroar|atk|1\n|turn|1\n|\n|t:|1776486189\n|move|p1a: Aerodactyl|Protect|p1a: Aerodactyl\n|-singleturn|p1a: Aerodactyl|Protect\n|move|p2b: Incineroar|Fake Out|p1b: Incineroar\n|-damage|p1b: Incineroar|91/100\n|cant|p1b: Incineroar|flinch\n|move|p2a: Garchomp|Stealth Rock|p1a: Aerodactyl\n|-sidestart|p1: pjgp|move: Stealth Rock\n|\n|upkeep\n|turn|2\n|\n|t:|1776486209\n|move|p1a: Aerodactyl|Tailwind|p1a: Aerodactyl\n|-sidestart|p1: pjgp|move: Tailwind\n|move|p2a: Garchomp|Breaking Swipe|p1a: Aerodactyl|[spread] p1a,p1b\n|-damage|p1a: Aerodactyl|75/100\n|-damage|p1b: Incineroar|76/100\n|-unboost|p1a: Aerodactyl|atk|1\n|-unboost|p1b: Incineroar|atk|1\n|move|p1b: Incineroar|Parting Shot|p2a: Garchomp\n|-unboost|p2a: Garchomp|atk|1\n|-unboost|p2a: Garchomp|spa|1\n|\n|t:|1776486215\n|switch|p1b: Floette|Floette-Eternal, L50, F|100/100|[from] Parting Shot\n|-damage|p1b: Floette|89/100|[from] Stealth Rock\n|move|p2b: Incineroar|Parting Shot|p1b: Floette\n|-unboost|p1b: Floette|atk|1\n|-unboost|p1b: Floette|spa|1\n|\n|t:|1776486225\n|switch|p2b: Lucario|Lucario, L50, M|100/100|[from] Parting Shot\n|\n|upkeep\n|turn|3\n|\n|t:|1776486237\n|detailschange|p1b: Floette|Floette-Mega, L50, F\n|-mega|p1b: Floette|Floette|Floettite\n|-ability|p1b: Floette|Fairy Aura\n|detailschange|p2b: Lucario|Lucario-Mega, L50, M\n|-mega|p2b: Lucario|Lucario|Lucarionite\n|move|p2a: Garchomp|Protect|p2a: Garchomp\n|-singleturn|p2a: Garchomp|Protect\n|move|p1a: Aerodactyl|Dual Wingbeat|p2b: Lucario\n|-damage|p2b: Lucario|88/100\n|-damage|p2b: Lucario|75/100\n|-hitcount|p2b: Lucario|2\n|move|p1b: Floette|Dazzling Gleam|p2b: Lucario|[spread] p2b\n|-activate|p2a: Garchomp|move: Protect\n|-damage|p2b: Lucario|20/100\n|move|p2b: Lucario|Meteor Mash|p1b: Floette\n|-supereffective|p1b: Floette|1\n|-damage|p1b: Floette|0 fnt\n|-boost|p2b: Lucario|atk|1\n|faint|p1b: Floette\n|\n|upkeep\n|\n|t:|1776486250\n|switch|p1b: Incineroar|Incineroar, L50, M|76/100\n|-damage|p1b: Incineroar|51/100|[from] Stealth Rock\n|-ability|p1b: Incineroar|Intimidate|boost\n|-unboost|p2a: Garchomp|atk|1\n|-unboost|p2b: Lucario|atk|1\n|turn|4\n|\n|t:|1776486257\n|move|p2b: Lucario|Protect|p2b: Lucario\n|-singleturn|p2b: Lucario|Protect\n|move|p1b: Incineroar|Fake Out|p2a: Garchomp\n|-damage|p2a: Garchomp|90/100\n|-damage|p1b: Incineroar|39/100|[from] ability: Rough Skin|[of] p2a: Garchomp\n|-enditem|p1b: Incineroar|Sitrus Berry|[eat]\n|-heal|p1b: Incineroar|63/100|[from] item: Sitrus Berry\n|move|p1a: Aerodactyl|Dual Wingbeat|p2b: Lucario\n|-activate|p2b: Lucario|move: Protect\n|cant|p2a: Garchomp|flinch\n|\n|upkeep\n|turn|5\n|\n|t:|1776486289\n|switch|p2b: Incineroar|Incineroar, L50, M|100/100\n|-ability|p2b: Incineroar|Intimidate|boost\n|-unboost|p1a: Aerodactyl|atk|1\n|-unboost|p1b: Incineroar|atk|1\n|move|p1a: Aerodactyl|Dual Wingbeat|p2b: Incineroar\n|-damage|p2b: Incineroar|93/100\n|-damage|p2b: Incineroar|86/100\n|-hitcount|p2b: Incineroar|2\n|move|p2a: Garchomp|Breaking Swipe|p1b: Incineroar|[spread] p1a,p1b\n|-damage|p1a: Aerodactyl|59/100\n|-damage|p1b: Incineroar|55/100\n|-unboost|p1a: Aerodactyl|atk|1\n|-unboost|p1b: Incineroar|atk|1\n|move|p1b: Incineroar|Flare Blitz|p2b: Incineroar\n|-resisted|p2b: Incineroar|1\n|-damage|p2b: Incineroar|74/100\n|-damage|p1b: Incineroar|51/100|[from] Recoil\n|\n|-sideend|p1: pjgp|move: Tailwind\n|upkeep\n|turn|6\n|\n|t:|1776486305\n|move|p2b: Incineroar|Fake Out|p1a: Aerodactyl\n|-resisted|p1a: Aerodactyl|1\n|-damage|p1a: Aerodactyl|48/100\n|cant|p1a: Aerodactyl|flinch\n|move|p2a: Garchomp|Breaking Swipe|p1b: Incineroar|[spread] p1a,p1b\n|-damage|p1a: Aerodactyl|34/100\n|-damage|p1b: Incineroar|44/100\n|-unboost|p1a: Aerodactyl|atk|1\n|-unboost|p1b: Incineroar|atk|1\n|move|p1b: Incineroar|Flare Blitz|p2b: Incineroar\n|-resisted|p2b: Incineroar|1\n|-damage|p2b: Incineroar|65/100\n|-damage|p1b: Incineroar|41/100|[from] Recoil\n|\n|upkeep\n|turn|7\n|\n|t:|1776486322\n|move|p1a: Aerodactyl|Tailwind|p1a: Aerodactyl\n|-sidestart|p1: pjgp|move: Tailwind\n|move|p2a: Garchomp|Breaking Swipe|p1a: Aerodactyl|[spread] p1a,p1b\n|-crit|p1b: Incineroar\n|-damage|p1a: Aerodactyl|20/100\n|-damage|p1b: Incineroar|8/100\n|-unboost|p1a: Aerodactyl|atk|1\n|-unboost|p1b: Incineroar|atk|1\n|move|p1b: Incineroar|Flare Blitz|p2b: Incineroar\n|-resisted|p2b: Incineroar|1\n|-damage|p2b: Incineroar|57/100\n|-damage|p1b: Incineroar|5/100|[from] Recoil\n|move|p2b: Incineroar|Darkest Lariat|p1a: Aerodactyl\n|-damage|p1a: Aerodactyl|0 fnt\n|faint|p1a: Aerodactyl\n|\n|upkeep\n|\n|t:|1776486336\n|switch|p1a: Sneasler|Sneasler, L50, M|100/100\n|-damage|p1a: Sneasler|95/100|[from] Stealth Rock\n|turn|8\n|\n|t:|1776486348\n|move|p1b: Incineroar|Helping Hand|p1a: Sneasler\n|-singleturn|p1a: Sneasler|Helping Hand|[of] p1b: Incineroar\n|move|p2a: Garchomp|Protect|p2a: Garchomp\n|-singleturn|p2a: Garchomp|Protect\n|move|p1a: Sneasler|Close Combat|p2a: Garchomp\n|-activate|p2a: Garchomp|move: Protect\n|move|p2b: Incineroar|Parting Shot|p1a: Sneasler\n|-unboost|p1a: Sneasler|atk|1\n|-unboost|p1a: Sneasler|spa|1\n|-message|pjgp forfeited.\n|\n|win|Kirbo5500\n|raw|pjgp's rating: 1248 &rarr; <strong>1217</strong><br />(-31 for losing)\n|raw|Kirbo5500's rating: 1158 &rarr; <strong>1189</strong><br />(+31 for winning)\n|l|\u2606pjgp\n|player|p1|\n",
  "uploadtime": 1776486360,
  "views": 15,
  "formatid": "gen9championsvgc2026regma",
  "rating": 1189,
  "private": 0,
  "password": null
}