{
  "id": "gen9championsvgc2026regma-2585174873",
  "format": "[Gen 9 Champions] VGC 2026 Reg M-A",
  "players": [
    "WeAreAllWrong",
    "jyotsha"
  ],
  "log": "|j|\u2606WeAreAllWrong\n|j|\u2606jyotsha\n|t:|1776321114\n|gametype|doubles\n|player|p1|WeAreAllWrong|pokemaniac|1189\n|player|p2|jyotsha|265|1238\n|gen|9\n|tier|[Gen 9 Champions] VGC 2026 Reg M-A\n|rated|\n|rule|Species Clause: Limit one of each Pok\u00e9mon\n|rule|Item Clause: Limit 1 of each item\n|clearpoke\n|poke|p1|Froslass, L50, F|\n|poke|p1|Delphox, L50, M|\n|poke|p1|Arcanine-Hisui, L50, M|\n|poke|p1|Sinistcha, L50|\n|poke|p1|Aerodactyl, L50, F|\n|poke|p1|Raichu, L50, M|\n|poke|p2|Torkoal, L50, M|\n|poke|p2|Basculegion, L50, M|\n|poke|p2|Delphox, L50, F|\n|poke|p2|Tauros-Paldea-Aqua, L50, M|\n|poke|p2|Skarmory, L50, F|\n|poke|p2|Farigiraf, L50, M|\n|teampreview|4\n|inactive|Battle timer is ON: inactive players will automatically lose when time's up. (requested by jyotsha)\n|j| Legend3793\n|l| Legend3793\n|inactive|WeAreAllWrong has 60 seconds left.\n|inactive|jyotsha has 60 seconds left.\n|inactive|WeAreAllWrong has 30 seconds left.\n|\n|t:|1776321185\n|teamsize|p1|4\n|teamsize|p2|4\n|start\n|switch|p1a: Froslass|Froslass, L50, F, shiny|100/100\n|switch|p1b: Sinistcha|Sinistcha, L50|100/100\n|switch|p2a: Basculegion|Basculegion, L50, M|100/100\n|switch|p2b: Tauros|Tauros-Paldea-Aqua, L50, M|100/100\n|-ability|p2b: Tauros|Intimidate|boost\n|-unboost|p1a: Froslass|atk|1\n|-unboost|p1b: Sinistcha|atk|1\n|turn|1\n|\n|t:|1776321204\n|move|p1b: Sinistcha|Rage Powder|p1b: Sinistcha\n|-singleturn|p1b: Sinistcha|move: Rage Powder\n|move|p2a: Basculegion|Icy Wind|p1a: Froslass|[spread] p1a,p1b\n|-resisted|p1a: Froslass|1\n|-supereffective|p1b: Sinistcha|1\n|-damage|p1a: Froslass|95/100\n|-damage|p1b: Sinistcha|87/100\n|-unboost|p1a: Froslass|spe|1\n|-unboost|p1b: Sinistcha|spe|1\n|move|p2b: Tauros|Wave Crash|p1b: Sinistcha\n|-resisted|p1b: Sinistcha|1\n|-damage|p1b: Sinistcha|63/100\n|-damage|p2b: Tauros|91/100|[from] Recoil\n|move|p1a: Froslass|Nasty Plot|p1a: Froslass\n|-boost|p1a: Froslass|spa|2\n|\n|upkeep\n|turn|2\n|\n|t:|1776321227\n|detailschange|p1a: Froslass|Froslass-Mega, L50, F, shiny\n|-mega|p1a: Froslass|Froslass|Froslassite\n|-weather|Snowscape|[from] ability: Snow Warning|[of] p1a: Froslass\n|move|p1b: Sinistcha|Rage Powder|p1b: Sinistcha\n|-singleturn|p1b: Sinistcha|move: Rage Powder\n|move|p2a: Basculegion|Icy Wind|p1b: Sinistcha|[spread] p1a,p1b\n|-resisted|p1a: Froslass|1\n|-supereffective|p1b: Sinistcha|1\n|-damage|p1a: Froslass|90/100\n|-damage|p1b: Sinistcha|48/100\n|-unboost|p1a: Froslass|spe|1\n|-unboost|p1b: Sinistcha|spe|1\n|-enditem|p1b: Sinistcha|Sitrus Berry|[eat]\n|-heal|p1b: Sinistcha|72/100|[from] item: Sitrus Berry\n|move|p2b: Tauros|Wave Crash|p1b: Sinistcha\n|-resisted|p1b: Sinistcha|1\n|-damage|p1b: Sinistcha|50/100\n|-damage|p2b: Tauros|83/100|[from] Recoil\n|move|p1a: Froslass|Shadow Ball|p2a: Basculegion\n|-supereffective|p2a: Basculegion|1\n|-crit|p2a: Basculegion\n|-damage|p2a: Basculegion|0 fnt\n|faint|p2a: Basculegion\n|\n|-weather|Snowscape|[upkeep]\n|upkeep\n|\n|t:|1776321242\n|switch|p2a: Delphox|Delphox, L50, F|100/100\n|turn|3\n|\n|t:|1776321254\n|switch|p2b: Torkoal|Torkoal, L50, M|100/100\n|-weather|SunnyDay|[from] ability: Drought|[of] p2b: Torkoal\n|detailschange|p2a: Delphox|Delphox-Mega, L50, F\n|-mega|p2a: Delphox|Delphox|Delphoxite\n|move|p1b: Sinistcha|Rage Powder|p1b: Sinistcha\n|-singleturn|p1b: Sinistcha|move: Rage Powder\n|move|p2a: Delphox|Heat Wave|p1a: Froslass|[spread] p1a,p1b\n|-supereffective|p1a: Froslass|1\n|-supereffective|p1b: Sinistcha|1\n|-damage|p1a: Froslass|0 fnt\n|-damage|p1b: Sinistcha|0 fnt\n|faint|p1a: Froslass\n|faint|p1b: Sinistcha\n|\n|-weather|SunnyDay|[upkeep]\n|upkeep\n|\n|t:|1776321263\n|switch|p1a: Arcanine|Arcanine-Hisui, L50, M, shiny|100/100\n|switch|p1b: Raichu|Raichu, L50, M, shiny|100/100\n|turn|4\n|\n|t:|1776321280\n|move|p2a: Delphox|Protect|p2a: Delphox\n|-singleturn|p2a: Delphox|Protect\n|move|p2b: Torkoal|Protect|p2b: Torkoal\n|-singleturn|p2b: Torkoal|Protect\n|move|p1b: Raichu|Fake Out|p2b: Torkoal\n|-activate|p2b: Torkoal|move: Protect\n|move|p1a: Arcanine|Head Smash|p2a: Delphox\n|-activate|p2a: Delphox|move: Protect\n|\n|-weather|SunnyDay|[upkeep]\n|upkeep\n|turn|5\n|inactive|jyotsha has 30 seconds left.\n|\n|t:|1776321312\n|switch|p2a: Tauros|Tauros-Paldea-Aqua, L50, M|83/100\n|-ability|p2a: Tauros|Intimidate|boost\n|-unboost|p1a: Arcanine|atk|1\n|-unboost|p1b: Raichu|atk|1\n|-enditem|p1a: Arcanine|White Herb\n|-clearnegativeboost|p1a: Arcanine|[silent]\n|move|p1b: Raichu|Endeavor|p2b: Torkoal\n|-damage|p2b: Torkoal|77/100\n|move|p1a: Arcanine|Head Smash|p2a: Tauros\n|-resisted|p2a: Tauros|1\n|-damage|p2a: Tauros|39/100\n|move|p2b: Torkoal|Yawn|p1a: Arcanine\n|-start|p1a: Arcanine|move: Yawn|[of] p2b: Torkoal\n|\n|-weather|SunnyDay|[upkeep]\n|upkeep\n|turn|6\n|\n|t:|1776321337\n|move|p2b: Torkoal|Helping Hand|p2a: Tauros\n|-singleturn|p2a: Tauros|Helping Hand|[of] p2b: Torkoal\n|move|p1a: Arcanine|Protect|p1a: Arcanine\n|-singleturn|p1a: Arcanine|Protect\n|move|p2a: Tauros|Aqua Jet|p1a: Arcanine\n|-activate|p1a: Arcanine|move: Protect\n|move|p1b: Raichu|Thunderbolt|p2a: Tauros\n|-supereffective|p2a: Tauros|1\n|-damage|p2a: Tauros|0 fnt\n|faint|p2a: Tauros\n|\n|-weather|SunnyDay|[upkeep]\n|-end|p1a: Arcanine|move: Yawn|[silent]\n|-status|p1a: Arcanine|slp\n|upkeep\n|\n|t:|1776321342\n|switch|p2a: Delphox|Delphox-Mega, L50, F|100/100\n|turn|7\n|l|\u2606WeAreAllWrong\n|inactive|WeAreAllWrong disconnected and has a minute to reconnect!\n|player|p1|\n|inactive|WeAreAllWrong has 30 seconds left.\n|inactive|WeAreAllWrong has 20 seconds left.\n|inactive|WeAreAllWrong has 15 seconds left.\n|inactive|WeAreAllWrong has 10 seconds left.\n|inactive|WeAreAllWrong has 5 seconds left.\n|-message|WeAreAllWrong lost due to inactivity.\n|\n|win|jyotsha\n|raw|WeAreAllWrong's rating: 1189 &rarr; <strong>1168</strong><br />(-21 for losing)\n|raw|jyotsha's rating: 1238 &rarr; <strong>1259</strong><br />(+21 for winning)\n",
  "uploadtime": 1776321397,
  "views": 21,
  "formatid": "gen9championsvgc2026regma",
  "rating": 1168,
  "private": 0,
  "password": null
}