{
  "id": "gen9championsvgc2026regma-2585774968",
  "format": "[Gen 9 Champions] VGC 2026 Reg M-A",
  "players": [
    "loklastaji",
    "DitoNotDuck02"
  ],
  "log": "|j|\u2606loklastaji\n|j|\u2606DitoNotDuck02\n|t:|1776369729\n|gametype|doubles\n|player|p1|loklastaji|265|1080\n|player|p2|DitoNotDuck02|winona|1149\n|gen|9\n|tier|[Gen 9 Champions] VGC 2026 Reg M-A\n|rated|\n|rule|Species Clause: Limit one of each Pok\u00e9mon\n|rule|Item Clause: Limit 1 of each item\n|clearpoke\n|poke|p1|Samurott-Hisui, L50, M|\n|poke|p1|Delphox, L50, F|\n|poke|p1|Tinkaton, L50, F|\n|poke|p1|Decidueye-Hisui, L50, F|\n|poke|p1|Dragonite, L50, F|\n|poke|p1|Farigiraf, L50, F|\n|poke|p2|Torkoal, L50, F|\n|poke|p2|Oranguru, L50, F|\n|poke|p2|Incineroar, L50, F|\n|poke|p2|Crabominable, L50, M|\n|poke|p2|Kingambit, L50, F|\n|poke|p2|Lopunny, L50, F|\n|teampreview|4\n|inactive|Battle timer is ON: inactive players will automatically lose when time's up. (requested by DitoNotDuck02)\n|inactive|loklastaji has 60 seconds left.\n|\n|t:|1776369772\n|teamsize|p1|4\n|teamsize|p2|4\n|start\n|switch|p1a: Tinkaton|Tinkaton, L50, F|100/100\n|switch|p1b: Samurott|Samurott-Hisui, L50, M|100/100\n|switch|p2a: Boo|Incineroar, L50, F|100/100\n|switch|p2b: Domain Expansion|Oranguru, L50, F|100/100\n|-ability|p2a: Boo|Intimidate|boost\n|-fail|p1a: Tinkaton|unboost|Attack|[from] ability: Own Tempo|[of] p1a: Tinkaton\n|-unboost|p1b: Samurott|atk|1\n|-enditem|p1b: Samurott|White Herb\n|-clearnegativeboost|p1b: Samurott|[silent]\n|turn|1\n|inactive|loklastaji has 30 seconds left.\n|\n|t:|1776369800\n|move|p1a: Tinkaton|Fake Out|p2b: Domain Expansion\n|-damage|p2b: Domain Expansion|90/100\n|move|p2a: Boo|Fake Out|p1b: Samurott\n|-damage|p1b: Samurott|84/100\n|cant|p1b: Samurott|flinch\n|cant|p2b: Domain Expansion|flinch\n|\n|upkeep\n|turn|2\n|\n|t:|1776369823\n|move|p1a: Tinkaton|Gigaton Hammer|p2b: Domain Expansion\n|-damage|p2b: Domain Expansion|32/100\n|move|p1b: Samurott|Ceaseless Edge|p2b: Domain Expansion\n|-supereffective|p2b: Domain Expansion|1\n|-damage|p2b: Domain Expansion|0 fnt\n|-sidestart|p2: DitoNotDuck02|Spikes\n|faint|p2b: Domain Expansion\n|move|p2a: Boo|Flare Blitz|p1a: Tinkaton\n|-supereffective|p1a: Tinkaton|1\n|-enditem|p1a: Tinkaton|Focus Sash\n|-damage|p1a: Tinkaton|1/100\n|-damage|p2a: Boo|75/100|[from] Recoil\n|\n|upkeep\n|\n|t:|1776369832\n|switch|p2b: The 1-2|Crabominable, L50, M|100/100\n|-damage|p2b: The 1-2|88/100|[from] Spikes\n|turn|3\n|\n|t:|1776369848\n|switch|p1a: Delphox|Delphox, L50, F|100/100\n|detailschange|p2b: The 1-2|Crabominable-Mega, L50, M\n|-mega|p2b: The 1-2|Crabominable|Crabominite\n|move|p1b: Samurott|Aqua Cutter|p2a: Boo\n|-supereffective|p2a: Boo|1\n|-damage|p2a: Boo|0 fnt\n|faint|p2a: Boo\n|move|p2b: The 1-2|Drain Punch|p1b: Samurott\n|-supereffective|p1b: Samurott|1\n|-damage|p1b: Samurott|0 fnt\n|-heal|p2b: The 1-2|100/100|[from] drain|[of] p1b: Samurott\n|faint|p1b: Samurott\n|\n|upkeep\n|\n|t:|1776369866\n|switch|p1b: Tinkaton|Tinkaton, L50, F|1/100\n|switch|p2a: Akira Slide|Kingambit, L50, F|100/100\n|-damage|p2a: Akira Slide|88/100|[from] Spikes\n|turn|4\n|\n|t:|1776369880\n|detailschange|p1a: Delphox|Delphox-Mega, L50, F\n|-mega|p1a: Delphox|Delphox|Delphoxite\n|move|p1b: Tinkaton|Fake Out|p2a: Akira Slide\n|-resisted|p2a: Akira Slide|1\n|-damage|p2a: Akira Slide|85/100\n|cant|p2a: Akira Slide|flinch\n|move|p1a: Delphox|Heat Wave|p2b: The 1-2|[spread] p2a\n|-miss|p1a: Delphox|p2b: The 1-2\n|-supereffective|p2a: Akira Slide|1\n|-damage|p2a: Akira Slide|9/100\n|move|p2b: The 1-2|Drain Punch|p1b: Tinkaton\n|-damage|p1b: Tinkaton|0 fnt\n|faint|p1b: Tinkaton\n|\n|upkeep\n|\n|t:|1776369896\n|switch|p1b: Decidueye|Decidueye-Hisui, L50, F|100/100\n|turn|5\n|\n|t:|1776369913\n|move|p2a: Akira Slide|Sucker Punch||[still]\n|-fail|p2a: Akira Slide\n|move|p1a: Delphox|Nasty Plot|p1a: Delphox\n|-boost|p1a: Delphox|spa|2\n|move|p1b: Decidueye|Close Combat|p2a: Akira Slide\n|-supereffective|p2a: Akira Slide|2\n|-damage|p2a: Akira Slide|0 fnt\n|-unboost|p1b: Decidueye|def|1\n|-unboost|p1b: Decidueye|spd|1\n|faint|p2a: Akira Slide\n|move|p2b: The 1-2|Ice Hammer|p1b: Decidueye\n|-supereffective|p1b: Decidueye|1\n|-damage|p1b: Decidueye|0 fnt\n|-unboost|p2b: The 1-2|spe|1\n|faint|p1b: Decidueye\n|\n|upkeep\n|turn|6\n|-message|DitoNotDuck02 forfeited.\n|\n|win|loklastaji\n|raw|loklastaji's rating: 1080 &rarr; <strong>1113</strong><br />(+33 for winning)\n|raw|DitoNotDuck02's rating: 1149 &rarr; <strong>1119</strong><br />(-30 for losing)\n|l|\u2606DitoNotDuck02\n|player|p2|\n",
  "uploadtime": 1776369932,
  "views": 18,
  "formatid": "gen9championsvgc2026regma",
  "rating": 1113,
  "private": 0,
  "password": null
}