{
  "id": "gen9championsvgc2026regma-2588818482",
  "format": "[Gen 9 Champions] VGC 2026 Reg M-A",
  "players": [
    "lolnezan78",
    "albertito2005"
  ],
  "log": "|j|\u2606lolnezan78\n|j|\u2606albertito2005\n|t:|1776674642\n|gametype|doubles\n|player|p1|lolnezan78|brycen|1437\n|player|p2|albertito2005|veteran|1476\n|gen|9\n|tier|[Gen 9 Champions] VGC 2026 Reg M-A\n|rated|\n|rule|Species Clause: Limit one of each Pok\u00e9mon\n|rule|Item Clause: Limit 1 of each item\n|clearpoke\n|poke|p1|Gallade, L50, M|\n|poke|p1|Kingambit, L50, M|\n|poke|p1|Aegislash, L50, F|\n|poke|p1|Aerodactyl, L50, F|\n|poke|p1|Arcanine, L50, M|\n|poke|p1|Venusaur, L50, M|\n|poke|p2|Scovillain, L50, M|\n|poke|p2|Incineroar, L50, F|\n|poke|p2|Farigiraf, L50, F|\n|poke|p2|Gallade, L50, M|\n|poke|p2|Kingambit, L50, F|\n|poke|p2|Pelipper, L50, F|\n|teampreview|4\n|inactive|Battle timer is ON: inactive players will automatically lose when time's up. (requested by lolnezan78)\n|\n|t:|1776674684\n|teamsize|p1|4\n|teamsize|p2|4\n|start\n|switch|p1a: Venusaur|Venusaur, L50, M|100/100\n|switch|p1b: Gallade|Gallade, L50, M|100/100\n|switch|p2a: Scovillain|Scovillain, L50, M|100/100\n|switch|p2b: Gallade|Gallade, L50, M|100/100\n|turn|1\n|\n|t:|1776674704\n|switch|p1b: Arcanine|Arcanine, L50, M|100/100\n|-ability|p1b: Arcanine|Intimidate|boost\n|-unboost|p2a: Scovillain|atk|1\n|-unboost|p2b: Gallade|atk|1\n|detailschange|p1a: Venusaur|Venusaur-Mega, L50, M\n|-mega|p1a: Venusaur|Venusaur|Venusaurite\n|detailschange|p2a: Scovillain|Scovillain-Mega, L50, M\n|-mega|p2a: Scovillain|Scovillain|Scovillainite\n|move|p1a: Venusaur|Leech Seed|p2b: Gallade\n|-start|p2b: Gallade|move: Leech Seed\n|move|p2a: Scovillain|Overheat|p1a: Venusaur\n|-supereffective|p1a: Venusaur|1\n|-damage|p1a: Venusaur|58/100\n|-unboost|p2a: Scovillain|spa|2\n|move|p2b: Gallade|Trick Room|p2b: Gallade\n|-fieldstart|move: Trick Room|[of] p2b: Gallade\n|\n|-damage|p2b: Gallade|88/100|[from] Leech Seed|[of] p1a: Venusaur\n|-heal|p1a: Venusaur|69/100|[silent]\n|upkeep\n|turn|2\n|inactive|lolnezan78 has 30 seconds left.\n|inactive|lolnezan78 has 20 seconds left.\n|\n|t:|1776674742\n|switch|p2a: Pelipper|Pelipper, L50, F|100/100\n|-weather|RainDance|[from] ability: Drizzle|[of] p2a: Pelipper\n|move|p1a: Venusaur|Protect|p1a: Venusaur\n|-singleturn|p1a: Venusaur|Protect\n|move|p2b: Gallade|Psycho Cut|p1a: Venusaur\n|-activate|p1a: Venusaur|move: Protect\n|move|p1b: Arcanine|Will-O-Wisp|p2b: Gallade\n|-status|p2b: Gallade|brn\n|\n|-weather|RainDance|[upkeep]\n|-damage|p2b: Gallade|76/100 brn|[from] Leech Seed|[of] p1a: Venusaur\n|-heal|p1a: Venusaur|80/100|[silent]\n|-damage|p2b: Gallade|71/100 brn|[from] brn\n|upkeep\n|turn|3\n|\n|t:|1776674761\n|switch|p2b: Farigiraf|Farigiraf, L50, F|100/100\n|switch|p1a: Kingambit|Kingambit, L50, M|100/100\n|move|p2a: Pelipper|Hurricane|p1a: Kingambit\n|-resisted|p1a: Kingambit|1\n|-damage|p1a: Kingambit|72/100\n|move|p1b: Arcanine|Snarl|p2a: Pelipper|[spread] p2a,p2b\n|-supereffective|p2b: Farigiraf|1\n|-damage|p2a: Pelipper|88/100\n|-damage|p2b: Farigiraf|86/100\n|-unboost|p2a: Pelipper|spa|1\n|-unboost|p2b: Farigiraf|spa|1\n|\n|-weather|RainDance|[upkeep]\n|upkeep\n|turn|4\n|\n|t:|1776674777\n|switch|p2b: Scovillain|Scovillain-Mega, L50, M|100/100\n|move|p2a: Pelipper|Muddy Water|p1a: Kingambit|[spread] p1a,p1b\n|-supereffective|p1b: Arcanine|1\n|-damage|p1a: Kingambit|34/100\n|-damage|p1b: Arcanine|18/100\n|-unboost|p1a: Kingambit|accuracy|1\n|-ability|p1a: Kingambit|Defiant|boost\n|-boost|p1a: Kingambit|atk|2\n|-enditem|p1b: Arcanine|Sitrus Berry|[eat]\n|-heal|p1b: Arcanine|43/100|[from] item: Sitrus Berry\n|move|p1a: Kingambit|Kowtow Cleave|p2b: Scovillain\n|-damage|p2b: Scovillain|0 fnt\n|-status|p1a: Kingambit|brn|[from] ability: Spicy Spray|[of] p2b: Scovillain\n|faint|p2b: Scovillain\n|move|p1b: Arcanine|Snarl|p2a: Pelipper\n|-damage|p2a: Pelipper|71/100\n|-unboost|p2a: Pelipper|spa|1\n|\n|-weather|RainDance|[upkeep]\n|-damage|p1a: Kingambit|28/100 brn|[from] brn\n|upkeep\n|\n|t:|1776674793\n|switch|p2b: Farigiraf|Farigiraf, L50, F|86/100\n|turn|5\n|\n|t:|1776674813\n|move|p1b: Arcanine|Protect|p1b: Arcanine\n|-singleturn|p1b: Arcanine|Protect\n|move|p2b: Farigiraf|Hyper Voice|p1b: Arcanine|[spread] p1a\n|-activate|p1b: Arcanine|move: Protect\n|-resisted|p1a: Kingambit|1\n|-damage|p1a: Kingambit|11/100 brn\n|move|p2a: Pelipper|Muddy Water|p1a: Kingambit|[spread] p1a\n|-activate|p1b: Arcanine|move: Protect\n|-damage|p1a: Kingambit|0 fnt\n|faint|p1a: Kingambit\n|\n|-weather|RainDance|[upkeep]\n|-fieldend|move: Trick Room\n|upkeep\n|\n|t:|1776674831\n|switch|p1a: Gallade|Gallade, L50, M|100/100\n|turn|6\n|\n|t:|1776674845\n|move|p1a: Gallade|Night Slash|p2b: Farigiraf\n|-supereffective|p2b: Farigiraf|1\n|-damage|p2b: Farigiraf|8/100\n|-enditem|p2b: Farigiraf|Sitrus Berry|[eat]\n|-heal|p2b: Farigiraf|33/100|[from] item: Sitrus Berry\n|move|p1b: Arcanine|Snarl|p2a: Pelipper|[spread] p2a,p2b\n|-supereffective|p2b: Farigiraf|1\n|-crit|p2b: Farigiraf\n|-damage|p2a: Pelipper|60/100\n|-damage|p2b: Farigiraf|9/100\n|-unboost|p2a: Pelipper|spa|1\n|-unboost|p2b: Farigiraf|spa|1\n|move|p2a: Pelipper|Hurricane|p1a: Gallade\n|-supereffective|p1a: Gallade|1\n|-damage|p1a: Gallade|54/100\n|-start|p1a: Gallade|confusion\n|move|p2b: Farigiraf|Hyper Voice|p1a: Gallade|[spread] p1a,p1b\n|-damage|p1a: Gallade|27/100\n|-damage|p1b: Arcanine|20/100\n|\n|-weather|none\n|upkeep\n|turn|7\n|\n|t:|1776674866\n|switch|p2a: Gallade|Gallade, L50, M|71/100 brn\n|-activate|p1a: Gallade|confusion\n|move|p1a: Gallade|Night Slash|p2a: Gallade\n|-damage|p2a: Gallade|20/100 brn\n|move|p1b: Arcanine|Snarl|p2b: Farigiraf|[spread] p2a,p2b\n|-supereffective|p2b: Farigiraf|1\n|-damage|p2a: Gallade|12/100 brn\n|-damage|p2b: Farigiraf|0 fnt\n|-unboost|p2a: Gallade|spa|1\n|faint|p2b: Farigiraf\n|\n|-damage|p2a: Gallade|6/100 brn|[from] brn\n|upkeep\n|\n|t:|1776674877\n|switch|p2b: Pelipper|Pelipper, L50, F|60/100\n|-weather|RainDance|[from] ability: Drizzle|[of] p2b: Pelipper\n|turn|8\n|\n|t:|1776674884\n|move|p1b: Arcanine|Protect|p1b: Arcanine\n|-singleturn|p1b: Arcanine|Protect\n|-end|p1a: Gallade|confusion\n|move|p1a: Gallade|Night Slash|p2b: Pelipper\n|-damage|p2b: Pelipper|24/100\n|move|p2b: Pelipper|Muddy Water|p1b: Arcanine|[spread] p1a\n|-activate|p1b: Arcanine|move: Protect\n|-crit|p1a: Gallade\n|-damage|p1a: Gallade|0 fnt\n|faint|p1a: Gallade\n|move|p2a: Gallade|Trick Room|p2a: Gallade\n|-fieldstart|move: Trick Room|[of] p2a: Gallade\n|\n|-weather|RainDance|[upkeep]\n|-damage|p2a: Gallade|0 fnt|[from] brn\n|faint|p2a: Gallade\n|upkeep\n|\n|t:|1776674898\n|switch|p1a: Venusaur|Venusaur-Mega, L50, M|80/100\n|turn|9\n|\n|t:|1776674909\n|move|p1a: Venusaur|Protect|p1a: Venusaur\n|-singleturn|p1a: Venusaur|Protect\n|move|p2b: Pelipper|Hurricane|p1a: Venusaur\n|-activate|p1a: Venusaur|move: Protect\n|move|p1b: Arcanine|Snarl|p2b: Pelipper\n|-damage|p2b: Pelipper|9/100\n|-unboost|p2b: Pelipper|spa|1\n|\n|-weather|RainDance|[upkeep]\n|upkeep\n|turn|10\n|-message|albertito2005 forfeited.\n|\n|win|lolnezan78\n|raw|lolnezan78's rating: 1437 &rarr; <strong>1459</strong><br />(+22 for winning)\n|raw|albertito2005's rating: 1476 &rarr; <strong>1454</strong><br />(-22 for losing)\n|l|\u2606albertito2005\n|player|p2|\n",
  "uploadtime": 1776674926,
  "views": 22,
  "formatid": "gen9championsvgc2026regma",
  "rating": 1454,
  "private": 0,
  "password": null
}