{
  "id": "gen9championsvgc2026regma-2582903462",
  "format": "[Gen 9 Champions] VGC 2026 Reg M-A",
  "players": [
    "ChickenZx",
    "Scrapple"
  ],
  "log": "|j|\u2606ChickenZx\n|j|\u2606Scrapple\n|t:|1776123573\n|gametype|doubles\n|player|p1|ChickenZx|266|1091\n|player|p2|Scrapple|169|1017\n|gen|9\n|tier|[Gen 9 Champions] VGC 2026 Reg M-A\n|rated|\n|rule|Species Clause: Limit one of each Pok\u00e9mon\n|rule|Item Clause: Limit 1 of each item\n|clearpoke\n|poke|p1|Lopunny, L50, F|\n|poke|p1|Farigiraf, L50, M|\n|poke|p1|Aegislash, L50, M|\n|poke|p1|Torkoal, L50, M|\n|poke|p1|Typhlosion-Hisui, L50, M|\n|poke|p1|Aerodactyl, L50, M|\n|poke|p2|Sneasler, L50, M|\n|poke|p2|Venusaur, L50, F|\n|poke|p2|Golurk, L50|\n|poke|p2|Farigiraf, L50, M|\n|poke|p2|Incineroar, L50, F|\n|poke|p2|Torkoal, L50, F|\n|teampreview|4\n|inactive|Battle timer is ON: inactive players will automatically lose when time's up. (requested by ChickenZx)\n|\n|t:|1776123614\n|teamsize|p1|4\n|teamsize|p2|4\n|start\n|switch|p1a: Typhlosion|Typhlosion-Hisui, L50, M|100/100\n|switch|p1b: Lopunny|Lopunny, L50, F, shiny|100/100\n|switch|p2a: Sneasler|Sneasler, L50, M|100/100\n|switch|p2b: Golurk|Golurk, L50|100/100\n|turn|1\n|\n|t:|1776123637\n|detailschange|p1b: Lopunny|Lopunny-Mega, L50, F, shiny\n|-mega|p1b: Lopunny|Lopunny|Lopunnite\n|detailschange|p2b: Golurk|Golurk-Mega, L50\n|-mega|p2b: Golurk|Golurk|Golurkite\n|move|p1b: Lopunny|Fake Out|p2a: Sneasler\n|-crit|p2a: Sneasler\n|-damage|p2a: Sneasler|42/100\n|cant|p2a: Sneasler|flinch\n|move|p1a: Typhlosion|Shadow Ball|p2b: Golurk\n|-supereffective|p2b: Golurk|1\n|-damage|p2b: Golurk|25/100\n|move|p2b: Golurk|Headlong Rush|p1a: Typhlosion\n|-supereffective|p1a: Typhlosion|1\n|-damage|p1a: Typhlosion|0 fnt\n|-unboost|p2b: Golurk|def|1\n|-unboost|p2b: Golurk|spd|1\n|faint|p1a: Typhlosion\n|\n|upkeep\n|\n|t:|1776123652\n|switch|p1a: Torkoal|Torkoal, L50, M|100/100\n|-weather|SunnyDay|[from] ability: Drought|[of] p1a: Torkoal\n|turn|2\n|\n|t:|1776123663\n|move|p2b: Golurk|Protect|p2b: Golurk\n|-singleturn|p2b: Golurk|Protect\n|move|p1b: Lopunny|After You|p1a: Torkoal\n|-activate|p1a: Torkoal|move: After You\n|move|p1a: Torkoal|Eruption|p2a: Sneasler|[spread] p2a\n|-activate|p2b: Golurk|move: Protect\n|-damage|p2a: Sneasler|0 fnt\n|faint|p2a: Sneasler\n|\n|-weather|SunnyDay|[upkeep]\n|upkeep\n|\n|t:|1776123676\n|switch|p2a: Venusaur|Venusaur, L50, F|100/100\n|turn|3\n|\n|t:|1776123694\n|move|p2a: Venusaur|Sleep Powder|p1a: Torkoal\n|-status|p1a: Torkoal|slp|[from] move: Sleep Powder\n|move|p1b: Lopunny|After You|p1a: Torkoal\n|-activate|p1a: Torkoal|move: After You\n|cant|p1a: Torkoal|slp\n|move|p2b: Golurk|Headlong Rush|p1a: Torkoal\n|-supereffective|p1a: Torkoal|1\n|-damage|p1a: Torkoal|0 fnt\n|-unboost|p2b: Golurk|def|1\n|-unboost|p2b: Golurk|spd|1\n|faint|p1a: Torkoal\n|\n|-weather|SunnyDay|[upkeep]\n|upkeep\n|\n|t:|1776123697\n|switch|p1a: Aegislash|Aegislash, L50, M|100/100\n|turn|4\n|inactive|Scrapple has 30 seconds left.\n|\n|t:|1776123732\n|move|p2b: Golurk|Protect|p2b: Golurk\n|-singleturn|p2b: Golurk|Protect\n|-formechange|p1a: Aegislash|Aegislash-Blade|\n|move|p1a: Aegislash|Shadow Sneak|p2b: Golurk\n|-activate|p2b: Golurk|move: Protect\n|move|p2a: Venusaur|Sludge Bomb|p1b: Lopunny\n|-damage|p1b: Lopunny|45/100\n|-status|p1b: Lopunny|psn\n|move|p1b: Lopunny|Triple Axel|p2a: Venusaur\n|-supereffective|p2a: Venusaur|1\n|-crit|p2a: Venusaur\n|-damage|p2a: Venusaur|71/100\n|-supereffective|p2a: Venusaur|1\n|-damage|p2a: Venusaur|29/100\n|-supereffective|p2a: Venusaur|1\n|-damage|p2a: Venusaur|0 fnt\n|faint|p2a: Venusaur\n|-hitcount|p2: Venusaur|3\n|\n|-weather|SunnyDay|[upkeep]\n|-damage|p1b: Lopunny|33/100 psn|[from] psn\n|upkeep\n|\n|t:|1776123751\n|switch|p2a: Torkoal|Torkoal, L50, F|100/100\n|turn|5\n|\n|t:|1776123773\n|-formechange|p1a: Aegislash|Aegislash|\n|move|p1a: Aegislash|King's Shield|p1a: Aegislash\n|-singleturn|p1a: Aegislash|Protect\n|move|p1b: Lopunny|Close Combat|p2a: Torkoal\n|-damage|p2a: Torkoal|46/100\n|-unboost|p1b: Lopunny|def|1\n|-unboost|p1b: Lopunny|spd|1\n|move|p2b: Golurk|Headlong Rush|p1a: Aegislash\n|-supereffective|p1a: Aegislash|1\n|-enditem|p1a: Aegislash|Shuca Berry|[eat]\n|-enditem|p1a: Aegislash|Shuca Berry|[weaken]\n|-ability|p2b: Golurk|Unseen Fist\n|-zbroken|p1a: Aegislash\n|-damage|p1a: Aegislash|85/100\n|-unboost|p2b: Golurk|def|1\n|-unboost|p2b: Golurk|spd|1\n|move|p2a: Torkoal|Heat Wave|p1b: Lopunny|[spread] \n|-activate|p1a: Aegislash|move: Protect\n|-miss|p2a: Torkoal|p1b: Lopunny\n|\n|-weather|SunnyDay|[upkeep]\n|-damage|p1b: Lopunny|21/100 psn|[from] psn\n|upkeep\n|turn|6\n|\n|t:|1776123796\n|move|p2b: Golurk|Protect|p2b: Golurk\n|-singleturn|p2b: Golurk|Protect\n|move|p2a: Torkoal|Protect|p2a: Torkoal\n|-singleturn|p2a: Torkoal|Protect\n|-formechange|p1a: Aegislash|Aegislash-Blade|\n|move|p1a: Aegislash|Shadow Sneak|p2b: Golurk\n|-activate|p2b: Golurk|move: Protect\n|move|p1b: Lopunny|Close Combat|p2a: Torkoal\n|-activate|p2a: Torkoal|move: Protect\n|\n|-weather|none\n|-damage|p1b: Lopunny|9/100 psn|[from] psn\n|upkeep\n|turn|7\n|c|\u2606Scrapple|awful video game btw\n|inactive|Scrapple has 30 seconds left.\n|\n|t:|1776123821\n|move|p1a: Aegislash|Shadow Sneak|p2b: Golurk\n|-supereffective|p2b: Golurk|1\n|-damage|p2b: Golurk|0 fnt\n|faint|p2b: Golurk\n|move|p1b: Lopunny|Close Combat|p2a: Torkoal\n|-damage|p2a: Torkoal|0 fnt\n|-unboost|p1b: Lopunny|def|1\n|-unboost|p1b: Lopunny|spd|1\n|faint|p2a: Torkoal\n|\n|win|ChickenZx\n|raw|ChickenZx's rating: 1091 &rarr; <strong>1112</strong><br />(+21 for winning)\n|raw|Scrapple's rating: 1017 &rarr; <strong>1007</strong><br />(-10 for losing)\n|l|\u2606Scrapple\n|player|p2|\n|c|\u2606ChickenZx|Gg\n",
  "uploadtime": 1776123837,
  "views": 12,
  "formatid": "gen9championsvgc2026regma",
  "rating": 1007,
  "private": 0,
  "password": null
}