{
  "id": "gen9championsvgc2026regma-2588881724",
  "format": "[Gen 9 Champions] VGC 2026 Reg M-A",
  "players": [
    "Fuochissimo",
    "NoMoreRegFAgain"
  ],
  "log": "|j|\u2606Fuochissimo\n|j|\u2606NoMoreRegFAgain\n|t:|1776681967\n|gametype|doubles\n|player|p1|Fuochissimo|1|1175\n|player|p2|NoMoreRegFAgain|li|1232\n|gen|9\n|tier|[Gen 9 Champions] VGC 2026 Reg M-A\n|rated|\n|rule|Species Clause: Limit one of each Pok\u00e9mon\n|rule|Item Clause: Limit 1 of each item\n|clearpoke\n|poke|p1|Charizard, L50, F|\n|poke|p1|Garchomp, L50, M|\n|poke|p1|Aegislash, L50, F|\n|poke|p1|Milotic, L50, M|\n|poke|p1|Kingambit, L50, M|\n|poke|p1|Basculegion, L50, M|\n|poke|p2|Froslass, L50, F, shiny|\n|poke|p2|Milotic, L50, F, shiny|\n|poke|p2|Sneasler, L50, M, shiny|\n|poke|p2|Rotom-Frost, L50|\n|poke|p2|Goodra-Hisui, L50, M, shiny|\n|poke|p2|Incineroar, L50, M, shiny|\n|teampreview|4\n|inactive|Battle timer is ON: inactive players will automatically lose when time's up. (requested by NoMoreRegFAgain)\n|inactive|Fuochissimo has 60 seconds left.\n|\n|t:|1776682005\n|teamsize|p1|4\n|teamsize|p2|4\n|start\n|switch|p1a: Milotic|Milotic, L50, M|100/100\n|switch|p1b: Kingambit|Kingambit, L50, M|100/100\n|switch|p2a: Froslass|Froslass, L50, F, shiny|100/100\n|switch|p2b: Rotom|Rotom-Frost, L50|100/100\n|turn|1\n|inactive|Fuochissimo has 30 seconds left.\n|\n|t:|1776682030\n|detailschange|p2a: Froslass|Froslass-Mega, L50, F, shiny\n|-mega|p2a: Froslass|Froslass|Froslassite\n|-weather|Snowscape|[from] ability: Snow Warning|[of] p2a: Froslass\n|move|p2b: Rotom|Thunderbolt|p1a: Milotic\n|-supereffective|p1a: Milotic|1\n|-damage|p1a: Milotic|37/100\n|move|p2a: Froslass|Aurora Veil|p2a: Froslass\n|-sidestart|p2: NoMoreRegFAgain|move: Aurora Veil\n|move|p1a: Milotic|Icy Wind|p2a: Froslass|[spread] p2a,p2b\n|-resisted|p2a: Froslass|1\n|-resisted|p2b: Rotom|1\n|-damage|p2a: Froslass|96/100\n|-damage|p2b: Rotom|97/100\n|-unboost|p2a: Froslass|spe|1\n|-unboost|p2b: Rotom|spe|1\n|move|p1b: Kingambit|Iron Head|p2a: Froslass\n|-supereffective|p2a: Froslass|1\n|-damage|p2a: Froslass|28/100\n|\n|-weather|Snowscape|[upkeep]\n|-heal|p1a: Milotic|43/100|[from] item: Leftovers\n|upkeep\n|turn|2\n|inactive|Fuochissimo has 30 seconds left.\n|\n|t:|1776682057\n|switch|p2a: Goodra|Goodra-Hisui, L50, M, shiny|100/100\n|move|p1b: Kingambit|Sucker Punch||[still]\n|-fail|p1b: Kingambit\n|move|p2b: Rotom|Thunderbolt|p1a: Milotic\n|-supereffective|p1a: Milotic|1\n|-damage|p1a: Milotic|0 fnt\n|faint|p1a: Milotic\n|\n|-weather|Snowscape|[upkeep]\n|upkeep\n|\n|t:|1776682067\n|switch|p1a: Garchomp|Garchomp, L50, M|100/100\n|turn|3\n|\n|t:|1776682073\n|switch|p2b: Sneasler|Sneasler, L50, M, shiny|100/100\n|switch|p1b: Charizard|Charizard, L50, F|100/100\n|move|p1a: Garchomp|Earthquake|p2a: Goodra|[spread] p2a,p2b\n|-immune|p1b: Charizard\n|-supereffective|p2a: Goodra|1\n|-supereffective|p2b: Sneasler|1\n|-damage|p2a: Goodra|62/100\n|-damage|p2b: Sneasler|11/100\n|move|p2a: Goodra|Shelter|p2a: Goodra\n|-boost|p2a: Goodra|def|2\n|\n|-weather|Snowscape|[upkeep]\n|-heal|p2a: Goodra|68/100|[from] item: Leftovers\n|upkeep\n|turn|4\n|inactive|Fuochissimo has 30 seconds left.\n|inactive|NoMoreRegFAgain has 30 seconds left.\n|\n|t:|1776682106\n|detailschange|p1b: Charizard|Charizard-Mega-Y, L50, F\n|-mega|p1b: Charizard|Charizard|Charizardite Y\n|-weather|SunnyDay|[from] ability: Drought|[of] p1b: Charizard\n|move|p2b: Sneasler|Fake Out|p1a: Garchomp\n|-damage|p1a: Garchomp|87/100\n|-damage|p2b: Sneasler|0 fnt|[from] ability: Rough Skin|[of] p1a: Garchomp\n|faint|p2b: Sneasler\n|cant|p1a: Garchomp|flinch\n|move|p1b: Charizard|Weather Ball|p2a: Goodra\n|-damage|p2a: Goodra|31/100\n|move|p2a: Goodra|Shelter|p2a: Goodra\n|-boost|p2a: Goodra|def|2\n|\n|-weather|SunnyDay|[upkeep]\n|-heal|p2a: Goodra|37/100|[from] item: Leftovers\n|upkeep\n|\n|t:|1776682115\n|switch|p2b: Rotom|Rotom-Frost, L50|97/100\n|turn|5\n|inactive|Fuochissimo has 30 seconds left.\n|\n|t:|1776682144\n|move|p2b: Rotom|Blizzard|p1a: Garchomp|[spread] p1b\n|-miss|p2b: Rotom|p1a: Garchomp\n|-damage|p1b: Charizard|71/100\n|move|p1a: Garchomp|Rock Slide|p2b: Rotom|[spread] p2a,p2b\n|-resisted|p2a: Goodra|1\n|-supereffective|p2b: Rotom|1\n|-damage|p2a: Goodra|35/100\n|-damage|p2b: Rotom|59/100\n|move|p1b: Charizard|Heat Wave|p2b: Rotom|[spread] p2a,p2b\n|-supereffective|p2b: Rotom|1\n|-damage|p2a: Goodra|10/100\n|-damage|p2b: Rotom|0 fnt\n|faint|p2b: Rotom\n|move|p2a: Goodra|Body Press|p1b: Charizard\n|-resisted|p1b: Charizard|1\n|-damage|p1b: Charizard|34/100\n|\n|-weather|SunnyDay|[upkeep]\n|-heal|p2a: Goodra|15/100|[from] item: Leftovers\n|-sideend|p2: NoMoreRegFAgain|move: Aurora Veil\n|upkeep\n|\n|t:|1776682150\n|switch|p2b: Froslass|Froslass-Mega, L50, F, shiny|28/100\n|-weather|Snowscape|[from] ability: Snow Warning|[of] p2b: Froslass\n|turn|6\n|\n|t:|1776682167\n|move|p2b: Froslass|Blizzard|p1a: Garchomp|[spread] p1a,p1b\n|-supereffective|p1a: Garchomp|2\n|-damage|p1a: Garchomp|0 fnt\n|-damage|p1b: Charizard|0 fnt\n|faint|p1a: Garchomp\n|faint|p1b: Charizard\n|move|p2a: Goodra|Body Press|p1: Garchomp|[notarget]\n|-fail|p2a: Goodra\n|\n|-weather|Snowscape|[upkeep]\n|-heal|p2a: Goodra|21/100|[from] item: Leftovers\n|upkeep\n|\n|t:|1776682171\n|switch|p1b: Kingambit|Kingambit, L50, M|100/100\n|turn|7\n|\n|t:|1776682186\n|move|p2a: Goodra|Protect|p2a: Goodra\n|-singleturn|p2a: Goodra|Protect\n|move|p1b: Kingambit|Sucker Punch||[still]\n|-fail|p1b: Kingambit\n|move|p2b: Froslass|Aurora Veil|p2b: Froslass\n|-sidestart|p2: NoMoreRegFAgain|move: Aurora Veil\n|\n|-weather|Snowscape|[upkeep]\n|-heal|p2a: Goodra|27/100|[from] item: Leftovers\n|upkeep\n|turn|8\n|\n|t:|1776682195\n|move|p2b: Froslass|Blizzard|p1b: Kingambit\n|-resisted|p1b: Kingambit|1\n|-damage|p1b: Kingambit|69/100\n|move|p2a: Goodra|Body Press|p1b: Kingambit\n|-supereffective|p1b: Kingambit|2\n|-damage|p1b: Kingambit|0 fnt\n|faint|p1b: Kingambit\n|\n|win|NoMoreRegFAgain\n|raw|Fuochissimo's rating: 1175 &rarr; <strong>1154</strong><br />(-21 for losing)\n|raw|NoMoreRegFAgain's rating: 1232 &rarr; <strong>1253</strong><br />(+21 for winning)\n",
  "uploadtime": 1776682195,
  "views": 9,
  "formatid": "gen9championsvgc2026regma",
  "rating": 1154,
  "private": 0,
  "password": null
}