{
  "id": "gen9championsvgc2026regma-2588608094",
  "format": "[Gen 9 Champions] VGC 2026 Reg M-A",
  "players": [
    "raichu_2507",
    "ShaggyMetagross"
  ],
  "log": "|j|\u2606raichu_2507\n|j|\u2606ShaggyMetagross\n|t:|1776649644\n|gametype|doubles\n|player|p1|raichu_2507|hilbert|1147\n|player|p2|ShaggyMetagross|emmet|1183\n|gen|9\n|tier|[Gen 9 Champions] VGC 2026 Reg M-A\n|rated|\n|rule|Species Clause: Limit one of each Pok\u00e9mon\n|rule|Item Clause: Limit 1 of each item\n|clearpoke\n|poke|p1|Milotic, L50, M|\n|poke|p1|Meganium, L50, M|\n|poke|p1|Incineroar, L50, M|\n|poke|p1|Kingambit, L50, F|\n|poke|p1|Garchomp, L50, M|\n|poke|p1|Sinistcha, L50|\n|poke|p2|Meganium, L50, F, shiny|\n|poke|p2|Milotic, L50, F, shiny|\n|poke|p2|Aerodactyl, L50, F, shiny|\n|poke|p2|Kangaskhan, L50, F, shiny|\n|poke|p2|Aegislash, L50, M, shiny|\n|poke|p2|Sneasler, L50, F, shiny|\n|teampreview|4\n|\n|t:|1776649680\n|teamsize|p1|4\n|teamsize|p2|4\n|start\n|switch|p1a: Milotic|Milotic, L50, M|100/100\n|switch|p1b: Garchomp|Garchomp, L50, M|100/100\n|switch|p2a: Nessa|Milotic, L50, F, shiny|100/100\n|switch|p2b: Peetree|Aerodactyl, L50, F, shiny|100/100\n|-ability|p2b: Peetree|Unnerve\n|turn|1\n|\n|t:|1776649706\n|move|p1b: Garchomp|Bulldoze|p2b: Peetree|[spread] p1a,p2a\n|-immune|p2b: Peetree\n|-damage|p1a: Milotic|79/100\n|-damage|p2a: Nessa|75/100\n|-unboost|p1a: Milotic|spe|1\n|-unboost|p2a: Nessa|spe|1\n|-ability|p2a: Nessa|Competitive|boost\n|-boost|p2a: Nessa|spa|2\n|move|p2b: Peetree|Tailwind|p2b: Peetree\n|-sidestart|p2: ShaggyMetagross|move: Tailwind\n|move|p2a: Nessa|Coil|p2a: Nessa\n|-boost|p2a: Nessa|atk|1\n|-boost|p2a: Nessa|def|1\n|-boost|p2a: Nessa|accuracy|1\n|move|p1a: Milotic|Scald|p2b: Peetree\n|-supereffective|p2b: Peetree|1\n|-damage|p2b: Peetree|4/100\n|\n|-heal|p1a: Milotic|85/100|[from] item: Leftovers\n|upkeep\n|turn|2\n|\n|t:|1776649744\n|switch|p1b: Kingambit|Kingambit, L50, F|100/100\n|move|p2b: Peetree|Rock Slide|p1a: Milotic|[spread] p1a,p1b\n|-resisted|p1b: Kingambit|1\n|-damage|p1a: Milotic|58/100\n|-damage|p1b: Kingambit|90/100\n|move|p2a: Nessa|Blizzard|p1b: Kingambit|[spread] p1a,p1b\n|-resisted|p1a: Milotic|1\n|-resisted|p1b: Kingambit|1\n|-damage|p1a: Milotic|39/100\n|-damage|p1b: Kingambit|71/100\n|cant|p1a: Milotic|flinch\n|\n|-heal|p1a: Milotic|45/100|[from] item: Leftovers\n|upkeep\n|turn|3\n|\n|t:|1776649778\n|switch|p2b: Sneasler|Sneasler, L50, F, shiny|100/100\n|move|p2a: Nessa|Hydro Pump|p1b: Kingambit\n|-damage|p1b: Kingambit|0 fnt\n|faint|p1b: Kingambit\n|move|p1a: Milotic|Recover|p1a: Milotic\n|-heal|p1a: Milotic|95/100\n|\n|-heal|p1a: Milotic|100/100|[from] item: Leftovers\n|upkeep\n|\n|t:|1776649784\n|switch|p1b: Meganium|Meganium, L50, M|100/100\n|turn|4\n|\n|t:|1776649802\n|switch|p1b: Garchomp|Garchomp, L50, M|100/100\n|move|p2b: Sneasler|Fake Out|p1b: Garchomp\n|-crit|p1b: Garchomp\n|-damage|p1b: Garchomp|79/100\n|-damage|p2b: Sneasler|88/100|[from] ability: Rough Skin|[of] p1b: Garchomp\n|move|p2a: Nessa|Blizzard|p1b: Garchomp|[spread] p1a,p1b\n|-resisted|p1a: Milotic|1\n|-supereffective|p1b: Garchomp|2\n|-damage|p1a: Milotic|82/100\n|-damage|p1b: Garchomp|0 fnt\n|faint|p1b: Garchomp\n|move|p1a: Milotic|Scald|p2b: Sneasler\n|-damage|p2b: Sneasler|44/100\n|\n|-heal|p1a: Milotic|88/100|[from] item: Leftovers\n|-sideend|p2: ShaggyMetagross|move: Tailwind\n|upkeep\n|\n|t:|1776649811\n|switch|p1b: Meganium|Meganium, L50, M|100/100\n|turn|5\n|\n|t:|1776649830\n|detailschange|p1b: Meganium|Meganium-Mega, L50, M\n|-mega|p1b: Meganium|Meganium|Meganiumite\n|move|p2b: Sneasler|Dire Claw|p1b: Meganium\n|-supereffective|p1b: Meganium|2\n|-damage|p1b: Meganium|0 fnt\n|faint|p1b: Meganium\n|move|p2a: Nessa|Blizzard|p1a: Milotic\n|-resisted|p1a: Milotic|1\n|-damage|p1a: Milotic|65/100\n|move|p1a: Milotic|Scald|p2b: Sneasler\n|-damage|p2b: Sneasler|0 fnt\n|faint|p2b: Sneasler\n|\n|-heal|p1a: Milotic|71/100|[from] item: Leftovers\n|upkeep\n|-message|raichu_2507 forfeited.\n|\n|win|ShaggyMetagross\n|raw|raichu_2507's rating: 1147 &rarr; <strong>1125</strong><br />(-22 for losing)\n|raw|ShaggyMetagross's rating: 1183 &rarr; <strong>1205</strong><br />(+22 for winning)\n|l|\u2606raichu_2507\n|player|p1|\n",
  "uploadtime": 1776649852,
  "views": 14,
  "formatid": "gen9championsvgc2026regma",
  "rating": 1125,
  "private": 0,
  "password": null
}