{
  "id": "gen9championsvgc2026regma-2588598686",
  "format": "[Gen 9 Champions] VGC 2026 Reg M-A",
  "players": [
    "tumama2.0",
    "vamphoneybeeoberon"
  ],
  "log": "|j|\u2606tumama2.0\n|j|\u2606vamphoneybeeoberon\n|t:|1776648762\n|gametype|doubles\n|player|p1|tumama2.0|1|1088\n|player|p2|vamphoneybeeoberon|265|1100\n|gen|9\n|tier|[Gen 9 Champions] VGC 2026 Reg M-A\n|rated|\n|rule|Species Clause: Limit one of each Pok\u00e9mon\n|rule|Item Clause: Limit 1 of each item\n|clearpoke\n|poke|p1|Delphox, L50, F|\n|poke|p1|Garchomp, L50, M|\n|poke|p1|Archaludon, L50, M|\n|poke|p1|Gyarados, L50, M|\n|poke|p1|Manectric, L50, F|\n|poke|p1|Conkeldurr, L50, M|\n|poke|p2|Lopunny, L50, F, shiny|\n|poke|p2|Primarina, L50, F, shiny|\n|poke|p2|Sinistcha-Masterpiece, L50, shiny|\n|poke|p2|Cofagrigus, L50, M, shiny|\n|poke|p2|Pelipper, L50, F, shiny|\n|poke|p2|Blastoise, L50, F, shiny|\n|teampreview|4\n|inactive|Battle timer is ON: inactive players will automatically lose when time's up. (requested by vamphoneybeeoberon)\n|inactive|tumama2.0 has 60 seconds left.\n|\n|t:|1776648809\n|teamsize|p1|4\n|teamsize|p2|4\n|start\n|switch|p1a: Manectric|Manectric, L50, F|100/100\n|switch|p1b: Gyarados|Gyarados, L50, M|100/100\n|switch|p2a: Blastoise|Blastoise, L50, F, shiny|100/100\n|switch|p2b: Sinistcha|Sinistcha-Masterpiece, L50, shiny|100/100\n|-ability|p1b: Gyarados|Intimidate|boost\n|-unboost|p2a: Blastoise|atk|1\n|-unboost|p2b: Sinistcha|atk|1\n|turn|1\n|inactive|tumama2.0 has 30 seconds left.\n|inactive|tumama2.0 has 20 seconds left.\n|\n|t:|1776648845\n|detailschange|p1a: Manectric|Manectric-Mega, L50, F\n|-mega|p1a: Manectric|Manectric|Manectite\n|-ability|p1a: Manectric|Intimidate|boost\n|-unboost|p2a: Blastoise|atk|1\n|-unboost|p2b: Sinistcha|atk|1\n|detailschange|p2a: Blastoise|Blastoise-Mega, L50, F, shiny\n|-mega|p2a: Blastoise|Blastoise|Blastoisinite\n|move|p2b: Sinistcha|Rage Powder|p2b: Sinistcha\n|-singleturn|p2b: Sinistcha|move: Rage Powder\n|move|p1a: Manectric|Volt Switch|p2b: Sinistcha\n|-resisted|p2b: Sinistcha|1\n|-damage|p2b: Sinistcha|78/100\n|\n|t:|1776648854\n|switch|p1a: Archaludon|Archaludon, L50, M|100/100|[from] Volt Switch\n|move|p2a: Blastoise|Shell Smash|p2a: Blastoise\n|-unboost|p2a: Blastoise|def|1\n|-unboost|p2a: Blastoise|spd|1\n|-boost|p2a: Blastoise|atk|2\n|-boost|p2a: Blastoise|spa|2\n|-boost|p2a: Blastoise|spe|2\n|move|p1b: Gyarados|Ice Fang|p2b: Sinistcha\n|-supereffective|p2b: Sinistcha|1\n|-damage|p2b: Sinistcha|26/100\n|-enditem|p2b: Sinistcha|Sitrus Berry|[eat]\n|-heal|p2b: Sinistcha|51/100|[from] item: Sitrus Berry\n|\n|upkeep\n|turn|2\n|\n|t:|1776648877\n|move|p1a: Archaludon|Protect|p1a: Archaludon\n|-singleturn|p1a: Archaludon|Protect\n|move|p2b: Sinistcha|Rage Powder|p2b: Sinistcha\n|-singleturn|p2b: Sinistcha|move: Rage Powder\n|move|p2a: Blastoise|Water Spout|p1b: Gyarados|[spread] p1b\n|-activate|p1a: Archaludon|move: Protect\n|-resisted|p1b: Gyarados|1\n|-damage|p1b: Gyarados|38/100\n|-enditem|p1b: Gyarados|Sitrus Berry|[eat]\n|-heal|p1b: Gyarados|63/100|[from] item: Sitrus Berry\n|move|p1b: Gyarados|Ice Fang|p2b: Sinistcha\n|-supereffective|p2b: Sinistcha|1\n|-damage|p2b: Sinistcha|0 fnt\n|faint|p2b: Sinistcha\n|\n|upkeep\n|\n|t:|1776648890\n|switch|p2b: Pelipper|Pelipper, L50, F, shiny|100/100\n|-weather|RainDance|[from] ability: Drizzle|[of] p2b: Pelipper\n|turn|3\n|\n|t:|1776648910\n|switch|p1a: Garchomp|Garchomp, L50, M|100/100\n|move|p2a: Blastoise|Water Spout|p1a: Garchomp|[spread] p1a,p1b\n|-resisted|p1b: Gyarados|1\n|-damage|p1a: Garchomp|0 fnt\n|-damage|p1b: Gyarados|0 fnt\n|faint|p1a: Garchomp\n|faint|p1b: Gyarados\n|move|p2b: Pelipper|Weather Ball|p1: Garchomp|[notarget]\n|-fail|p2b: Pelipper\n|\n|-weather|RainDance|[upkeep]\n|upkeep\n|\n|t:|1776648921\n|switch|p1a: Manectric|Manectric-Mega, L50, F|100/100\n|switch|p1b: Archaludon|Archaludon, L50, M|100/100\n|-ability|p1a: Manectric|Intimidate|boost\n|-unboost|p2a: Blastoise|atk|1\n|-unboost|p2b: Pelipper|atk|1\n|turn|4\n|\n|t:|1776648933\n|move|p1b: Archaludon|Protect|p1b: Archaludon\n|-singleturn|p1b: Archaludon|Protect\n|move|p2b: Pelipper|Wide Guard|p2b: Pelipper\n|-singleturn|p2b: Pelipper|Wide Guard\n|move|p2a: Blastoise|Water Spout|p1b: Archaludon|[spread] p1a\n|-activate|p1b: Archaludon|move: Protect\n|-damage|p1a: Manectric|0 fnt\n|faint|p1a: Manectric\n|\n|-weather|RainDance|[upkeep]\n|upkeep\n|turn|5\n|-message|tumama2.0 forfeited.\n|\n|win|vamphoneybeeoberon\n|raw|tumama2.0's rating: 1088 &rarr; <strong>1066</strong><br />(-22 for losing)\n|raw|vamphoneybeeoberon's rating: 1100 &rarr; <strong>1124</strong><br />(+24 for winning)\n|l|\u2606tumama2.0\n|player|p1|\n",
  "uploadtime": 1776648945,
  "views": 9,
  "formatid": "gen9championsvgc2026regma",
  "rating": 1066,
  "private": 0,
  "password": null
}