{
  "id": "gen9championsvgc2026regma-2581993660",
  "format": "[Gen 9 Champions] VGC 2026 Reg M-A",
  "players": [
    "silveredretriever",
    "Uraniano"
  ],
  "log": "|j|\u2606silveredretriever\n|j|\u2606Uraniano\n|t:|1776046479\n|gametype|doubles\n|player|p1|silveredretriever|gambler|1080\n|player|p2|Uraniano|psychic-gen4|1000\n|gen|9\n|tier|[Gen 9 Champions] VGC 2026 Reg M-A\n|rated|\n|rule|Species Clause: Limit one of each Pok\u00e9mon\n|rule|Item Clause: Limit 1 of each item\n|clearpoke\n|poke|p1|Chesnaught, L50, F|\n|poke|p1|Tyranitar, L50, M|\n|poke|p1|Incineroar, L50, M|\n|poke|p1|Rotom-Wash, L50|\n|poke|p1|Excadrill, L50, F|\n|poke|p1|Sneasler, L50, M|\n|poke|p2|Delphox, L50, M|\n|poke|p2|Sneasler, L50, M|\n|poke|p2|Salazzle, L50, F|\n|poke|p2|Noivern, L50, F|\n|poke|p2|Whimsicott, L50, F|\n|poke|p2|Drampa, L50, M|\n|teampreview|4\n|\n|t:|1776046511\n|teamsize|p1|4\n|teamsize|p2|4\n|start\n|switch|p1a: Rotom|Rotom-Wash, L50|100/100\n|switch|p1b: Sneasler|Sneasler, L50, M|100/100\n|switch|p2a: Sneasler|Sneasler, L50, M|100/100\n|switch|p2b: Whimsicott|Whimsicott, L50, F|100/100\n|turn|1\n|\n|t:|1776046527\n|move|p1b: Sneasler|Fake Out|p2b: Whimsicott\n|-damage|p2b: Whimsicott|87/100\n|cant|p2b: Whimsicott|flinch\n|move|p2a: Sneasler|Acid Spray|p1a: Rotom\n|-damage|p1a: Rotom|94/100\n|-unboost|p1a: Rotom|spd|2\n|move|p1a: Rotom|Volt Switch|p2a: Sneasler\n|-damage|p2a: Sneasler|62/100\n|\n|t:|1776046539\n|switch|p1a: Incineroar|Incineroar, L50, M|100/100|[from] Volt Switch\n|-ability|p1a: Incineroar|Intimidate|boost\n|-unboost|p2a: Sneasler|atk|1\n|-unboost|p2b: Whimsicott|atk|1\n|\n|-heal|p2b: Whimsicott|93/100|[from] item: Leftovers\n|upkeep\n|turn|2\n|\n|t:|1776046562\n|switch|p2a: Noivern|Noivern, L50, F|100/100\n|move|p1a: Incineroar|Fake Out|p2b: Whimsicott\n|-damage|p2b: Whimsicott|84/100\n|cant|p2b: Whimsicott|flinch\n|move|p1b: Sneasler|U-turn|p2b: Whimsicott\n|-damage|p2b: Whimsicott|62/100\n|\n|t:|1776046572\n|switch|p1b: Rotom|Rotom-Wash, L50|94/100|[from] U-turn\n|\n|-heal|p2b: Whimsicott|68/100|[from] item: Leftovers\n|upkeep\n|turn|3\n|\n|t:|1776046599\n|move|p2b: Whimsicott|Fake Tears|p1b: Rotom\n|-unboost|p1b: Rotom|spd|2\n|move|p2a: Noivern|Boomburst|p1b: Rotom|[spread] p2b,p1a,p1b\n|-damage|p2b: Whimsicott|29/100\n|-damage|p1a: Incineroar|76/100\n|-damage|p1b: Rotom|30/100\n|move|p1b: Rotom|Volt Switch|p2a: Noivern\n|-damage|p2a: Noivern|67/100\n|\n|t:|1776046609\n|switch|p1b: Sneasler|Sneasler, L50, M|100/100|[from] Volt Switch\n|move|p1a: Incineroar|Parting Shot|p2a: Noivern\n|-unboost|p2a: Noivern|atk|1\n|-unboost|p2a: Noivern|spa|1\n|\n|t:|1776046615\n|switch|p1a: Rotom|Rotom-Wash, L50|30/100|[from] Parting Shot\n|\n|-heal|p2b: Whimsicott|35/100|[from] item: Leftovers\n|upkeep\n|turn|4\n|\n|t:|1776046638\n|move|p1b: Sneasler|Fake Out|p2a: Noivern\n|-damage|p2a: Noivern|46/100\n|move|p2b: Whimsicott|Tailwind|p2b: Whimsicott\n|-sidestart|p2: Uraniano|move: Tailwind\n|cant|p2a: Noivern|flinch\n|move|p1a: Rotom|Volt Switch|p2a: Noivern\n|-damage|p2a: Noivern|5/100\n|\n|t:|1776046649\n|switch|p1a: Ramon|Chesnaught, L50, F, shiny|100/100|[from] Volt Switch\n|\n|-heal|p2b: Whimsicott|41/100|[from] item: Leftovers\n|upkeep\n|turn|5\n|\n|t:|1776046664\n|move|p1a: Ramon|Spiky Shield|p1a: Ramon\n|-singleturn|p1a: Ramon|move: Protect\n|move|p2b: Whimsicott|Taunt|p1a: Ramon\n|-activate|p1a: Ramon|move: Protect\n|move|p2a: Noivern|Heat Wave|p1a: Ramon|[spread] p1b\n|-activate|p1a: Ramon|move: Protect\n|-damage|p1b: Sneasler|76/100\n|move|p1b: Sneasler|U-turn|p2a: Noivern\n|-resisted|p2a: Noivern|1\n|-damage|p2a: Noivern|0 fnt\n|faint|p2a: Noivern\n|\n|t:|1776046675\n|switch|p1b: Incineroar|Incineroar, L50, M|76/100|[from] U-turn\n|-ability|p1b: Incineroar|Intimidate|boost\n|-unboost|p2b: Whimsicott|atk|1\n|\n|-heal|p2b: Whimsicott|47/100|[from] item: Leftovers\n|upkeep\n|\n|t:|1776046683\n|switch|p2a: Sneasler|Sneasler, L50, M|62/100\n|turn|6\n|\n|t:|1776046710\n|move|p1b: Incineroar|Fake Out|p2a: Sneasler\n|-damage|p2a: Sneasler|41/100\n|-enditem|p2a: Sneasler|Sitrus Berry|[eat]\n|-heal|p2a: Sneasler|66/100|[from] item: Sitrus Berry\n|move|p2b: Whimsicott|Encore|p1b: Incineroar\n|-hint|Since gen 7, Dark is immune to Prankster moves.\n|-immune|p1b: Incineroar\n|cant|p2a: Sneasler|flinch\n|move|p1a: Ramon|Body Press|p2b: Whimsicott\n|-resisted|p2b: Whimsicott|1\n|-damage|p2b: Whimsicott|27/100\n|\n|-heal|p2b: Whimsicott|33/100|[from] item: Leftovers\n|upkeep\n|turn|7\n|\n|t:|1776046735\n|move|p2b: Whimsicott|Encore|p1a: Ramon\n|-start|p1a: Ramon|Encore\n|move|p2a: Sneasler|Close Combat|p1b: Incineroar\n|-supereffective|p1b: Incineroar|1\n|-damage|p1b: Incineroar|0 fnt\n|-unboost|p2a: Sneasler|def|1\n|-unboost|p2a: Sneasler|spd|1\n|faint|p1b: Incineroar\n|move|p1a: Ramon|Body Press|p2b: Whimsicott\n|-resisted|p2b: Whimsicott|1\n|-damage|p2b: Whimsicott|14/100\n|\n|-heal|p2b: Whimsicott|20/100|[from] item: Leftovers\n|-sideend|p2: Uraniano|move: Tailwind\n|upkeep\n|\n|t:|1776046748\n|switch|p1b: Sneasler|Sneasler, L50, M|76/100\n|turn|8\n|\n|t:|1776046758\n|move|p1b: Sneasler|Fake Out|p2a: Sneasler\n|-damage|p2a: Sneasler|21/100\n|move|p2b: Whimsicott|Fake Tears|p1b: Sneasler\n|-unboost|p1b: Sneasler|spd|2\n|-enditem|p1b: Sneasler|White Herb\n|-clearnegativeboost|p1b: Sneasler|[silent]\n|cant|p2a: Sneasler|flinch\n|move|p1a: Ramon|Body Press|p2a: Sneasler\n|-resisted|p2a: Sneasler|1\n|-damage|p2a: Sneasler|0 fnt\n|faint|p2a: Sneasler\n|\n|-heal|p2b: Whimsicott|26/100|[from] item: Leftovers\n|upkeep\n|\n|t:|1776046771\n|switch|p2a: Delphox|Delphox, L50, M, shiny|100/100\n|turn|9\n|\n|t:|1776046803\n|move|p2b: Whimsicott|Fake Tears|p1b: Sneasler\n|-unboost|p1b: Sneasler|spd|2\n|move|p1b: Sneasler|U-turn|p2b: Whimsicott\n|-damage|p2b: Whimsicott|0 fnt\n|faint|p2b: Whimsicott\n|\n|t:|1776046808\n|switch|p1b: Rotom|Rotom-Wash, L50|30/100|[from] U-turn\n|move|p2a: Delphox|Dazzling Gleam|p1a: Ramon|[spread] p1a,p1b\n|-supereffective|p1a: Ramon|1\n|-damage|p1a: Ramon|54/100\n|-damage|p1b: Rotom|9/100\n|move|p1a: Ramon|Body Press|p2a: Delphox\n|-resisted|p2a: Delphox|1\n|-damage|p2a: Delphox|69/100\n|\n|-end|p1a: Ramon|Encore\n|upkeep\n|turn|10\n|\n|t:|1776046826\n|move|p1a: Ramon|Spiky Shield|p1a: Ramon\n|-singleturn|p1a: Ramon|move: Protect\n|move|p2a: Delphox|Heat Wave|p1a: Ramon|[spread] p1b\n|-activate|p1a: Ramon|move: Protect\n|-resisted|p1b: Rotom|1\n|-damage|p1b: Rotom|0 fnt\n|faint|p1b: Rotom\n|\n|upkeep\n|\n|t:|1776046833\n|switch|p1b: Sneasler|Sneasler, L50, M|76/100\n|turn|11\n|\n|t:|1776046842\n|move|p2a: Delphox|Protect|p2a: Delphox\n|-singleturn|p2a: Delphox|Protect\n|move|p1b: Sneasler|Fake Out|p2a: Delphox\n|-activate|p2a: Delphox|move: Protect\n|move|p1a: Ramon|Body Press|p2a: Delphox\n|-activate|p2a: Delphox|move: Protect\n|\n|upkeep\n|turn|12\n|\n|t:|1776046855\n|move|p1b: Sneasler|Dire Claw|p2a: Delphox\n|-damage|p2a: Delphox|0 fnt\n|faint|p2a: Delphox\n|\n|win|silveredretriever\n|raw|silveredretriever's rating: 1080 &rarr; <strong>1102</strong><br />(+22 for winning)\n|raw|Uraniano's rating: 1000 &rarr; <strong>1000</strong><br />(+0 for losing)\n",
  "uploadtime": 1776046861,
  "views": 39,
  "formatid": "gen9championsvgc2026regma",
  "rating": 1000,
  "private": 0,
  "password": null
}