{
  "id": "gen9championsvgc2026regma-2582188106",
  "format": "[Gen 9 Champions] VGC 2026 Reg M-A",
  "players": [
    "NINTAIL12",
    "weilshark"
  ],
  "log": "|j|\u2606NINTAIL12\n|j|\u2606weilshark\n|t:|1776069083\n|gametype|doubles\n|player|p1|NINTAIL12|1|1033\n|player|p2|weilshark|169|1032\n|gen|9\n|tier|[Gen 9 Champions] VGC 2026 Reg M-A\n|rated|\n|rule|Species Clause: Limit one of each Pok\u00e9mon\n|rule|Item Clause: Limit 1 of each item\n|clearpoke\n|poke|p1|Ninetales-Alola, L50, M|\n|poke|p1|Starmie, L50|\n|poke|p1|Delphox, L50, M|\n|poke|p1|Talonflame, L50, F|\n|poke|p1|Garchomp, L50, F|\n|poke|p1|Kingambit, L50, M|\n|poke|p2|Rotom-Wash, L50|\n|poke|p2|Gengar, L50, M|\n|poke|p2|Sinistcha, L50|\n|poke|p2|Scizor, L50, M|\n|poke|p2|Tyranitar, L50, F|\n|poke|p2|Kommo-o, L50, M|\n|teampreview|4\n|\n|t:|1776069121\n|teamsize|p1|4\n|teamsize|p2|4\n|start\n|switch|p1a: Delphox|Delphox, L50, M|100/100\n|switch|p1b: Garchomp|Garchomp, L50, F|100/100\n|switch|p2a: Gengar|Gengar, L50, M, shiny|100/100\n|switch|p2b: Rotom|Rotom-Wash, L50|100/100\n|turn|1\n|\n|t:|1776069142\n|detailschange|p2a: Gengar|Gengar-Mega, L50, M, shiny\n|-mega|p2a: Gengar|Gengar|Gengarite\n|detailschange|p1a: Delphox|Delphox-Mega, L50, M\n|-mega|p1a: Delphox|Delphox|Delphoxite\n|move|p2a: Gengar|Protect|p2a: Gengar\n|-singleturn|p2a: Gengar|Protect\n|move|p1a: Delphox|Psychic|p2a: Gengar\n|-activate|p2a: Gengar|move: Protect\n|move|p2b: Rotom|Will-O-Wisp|p1b: Garchomp\n|-status|p1b: Garchomp|brn\n|move|p1b: Garchomp|Dragon Claw|p2b: Rotom\n|-damage|p2b: Rotom|79/100\n|\n|-heal|p2b: Rotom|85/100|[from] item: Leftovers\n|-damage|p1b: Garchomp|94/100 brn|[from] brn\n|upkeep\n|turn|2\n|\n|t:|1776069181\n|switch|p2a: Tyranitar|Tyranitar, L50, F, shiny|100/100\n|-weather|Sandstorm|[from] ability: Sand Stream|[of] p2a: Tyranitar\n|move|p1a: Delphox|Psychic|p2a: Tyranitar\n|-immune|p2a: Tyranitar\n|move|p2b: Rotom|Hydro Pump|p1a: Delphox|[miss]\n|-miss|p2b: Rotom|p1a: Delphox\n|move|p1b: Garchomp|Earthquake|p2a: Tyranitar|[spread] p2a\n|-immune|p1a: Delphox|[from] ability: Levitate\n|-immune|p2b: Rotom|[from] ability: Levitate\n|-supereffective|p2a: Tyranitar|1\n|-damage|p2a: Tyranitar|60/100\n|\n|-weather|Sandstorm|[upkeep]\n|-damage|p1a: Delphox|95/100|[from] Sandstorm\n|-damage|p2b: Rotom|79/100|[from] Sandstorm\n|-heal|p2b: Rotom|85/100|[from] item: Leftovers\n|-damage|p1b: Garchomp|88/100 brn|[from] brn\n|upkeep\n|turn|3\n|\n|t:|1776069213\n|switch|p1b: Ninetales|Ninetales-Alola, L50, M|100/100\n|-weather|Snowscape|[from] ability: Snow Warning|[of] p1b: Ninetales\n|move|p1a: Delphox|Dazzling Gleam|p2a: Tyranitar|[spread] p2a,p2b\n|-supereffective|p2a: Tyranitar|1\n|-damage|p2a: Tyranitar|15/100\n|-damage|p2b: Rotom|60/100\n|move|p2a: Tyranitar|Ice Punch|p1b: Ninetales\n|-resisted|p1b: Ninetales|1\n|-damage|p1b: Ninetales|88/100\n|move|p2b: Rotom|Volt Switch|p1a: Delphox\n|-damage|p1a: Delphox|71/100\n|\n|t:|1776069233\n|switch|p2b: Gengar|Gengar-Mega, L50, M, shiny|100/100|[from] Volt Switch\n|\n|-weather|Snowscape|[upkeep]\n|upkeep\n|turn|4\n|\n|t:|1776069253\n|switch|p2a: Sinistcha|Sinistcha, L50, shiny|100/100\n|move|p2b: Gengar|Protect|p2b: Gengar\n|-singleturn|p2b: Gengar|Protect\n|move|p1a: Delphox|Dazzling Gleam|p2b: Gengar|[spread] p2a\n|-activate|p2b: Gengar|move: Protect\n|-damage|p2a: Sinistcha|80/100\n|move|p1b: Ninetales|Blizzard|p2b: Gengar|[spread] p2a\n|-activate|p2b: Gengar|move: Protect\n|-supereffective|p2a: Sinistcha|1\n|-damage|p2a: Sinistcha|19/100\n|-enditem|p2a: Sinistcha|Sitrus Berry|[eat]\n|-heal|p2a: Sinistcha|43/100|[from] item: Sitrus Berry\n|\n|-weather|Snowscape|[upkeep]\n|upkeep\n|turn|5\n|\n|t:|1776069271\n|switch|p2a: Tyranitar|Tyranitar, L50, F, shiny|15/100\n|-weather|Sandstorm|[from] ability: Sand Stream|[of] p2a: Tyranitar\n|move|p1a: Delphox|Dazzling Gleam|p2a: Tyranitar|[spread] p2a,p2b\n|-supereffective|p2a: Tyranitar|1\n|-resisted|p2b: Gengar|1\n|-damage|p2a: Tyranitar|0 fnt\n|-damage|p2b: Gengar|86/100\n|faint|p2a: Tyranitar\n|move|p2b: Gengar|Shadow Ball|p1a: Delphox\n|-supereffective|p1a: Delphox|1\n|-damage|p1a: Delphox|0 fnt\n|faint|p1a: Delphox\n|move|p1b: Ninetales|Blizzard|p2b: Gengar\n|-damage|p2b: Gengar|42/100\n|\n|-weather|Sandstorm|[upkeep]\n|-damage|p2b: Gengar|36/100|[from] Sandstorm\n|-damage|p1b: Ninetales|83/100|[from] Sandstorm\n|upkeep\n|\n|t:|1776069294\n|switch|p1a: Garchomp|Garchomp, L50, F|88/100 brn\n|switch|p2a: Sinistcha|Sinistcha, L50, shiny|43/100\n|-heal|p2b: Gengar|61/100|[from] ability: Hospitality|[of] p2a: Sinistcha\n|turn|6\n|\n|t:|1776069315\n|move|p2b: Gengar|Protect|p2b: Gengar\n|-singleturn|p2b: Gengar|Protect\n|move|p1b: Ninetales|Dazzling Gleam|p2a: Sinistcha|[spread] p2a\n|-activate|p2b: Gengar|move: Protect\n|-damage|p2a: Sinistcha|25/100\n|move|p1a: Garchomp|Poison Jab|p2a: Sinistcha\n|-damage|p2a: Sinistcha|13/100\n|move|p2a: Sinistcha|Matcha Gotcha|p1b: Ninetales|[spread] p1a,p1b\n|-damage|p1a: Garchomp|64/100 brn\n|-heal|p2a: Sinistcha|28/100|[from] drain|[of] p1a: Garchomp\n|-damage|p1b: Ninetales|54/100\n|-heal|p2a: Sinistcha|41/100|[from] drain|[of] p1b: Ninetales\n|\n|-weather|Sandstorm|[upkeep]\n|-damage|p2b: Gengar|55/100|[from] Sandstorm\n|-damage|p1b: Ninetales|48/100|[from] Sandstorm\n|-damage|p2a: Sinistcha|34/100|[from] Sandstorm\n|-damage|p1a: Garchomp|58/100 brn|[from] brn\n|upkeep\n|turn|7\n|\n|t:|1776069357\n|move|p1b: Ninetales|Protect|p1b: Ninetales\n|-singleturn|p1b: Ninetales|Protect\n|move|p2a: Sinistcha|Protect|p2a: Sinistcha\n|-singleturn|p2a: Sinistcha|Protect\n|move|p2b: Gengar|Shadow Ball|p1a: Garchomp\n|-damage|p1a: Garchomp|14/100 brn\n|move|p1a: Garchomp|Earthquake|p2b: Gengar|[spread] p2b\n|-activate|p1b: Ninetales|move: Protect\n|-activate|p2a: Sinistcha|move: Protect\n|-supereffective|p2b: Gengar|1\n|-damage|p2b: Gengar|0 fnt\n|faint|p2b: Gengar\n|\n|-weather|Sandstorm|[upkeep]\n|-damage|p1b: Ninetales|42/100|[from] Sandstorm\n|-damage|p2a: Sinistcha|28/100|[from] Sandstorm\n|-damage|p1a: Garchomp|7/100 brn|[from] brn\n|upkeep\n|\n|t:|1776069374\n|switch|p2b: Rotom|Rotom-Wash, L50|60/100\n|turn|8\n|\n|t:|1776069404\n|switch|p1b: Kingambit|Kingambit, L50, M|100/100\n|-activate|p1b: Kingambit|ability: Supreme Overlord\n|-start|p1b: Kingambit|fallen1|[silent]\n|move|p2b: Rotom|Hydro Pump|p1b: Kingambit\n|-damage|p1b: Kingambit|70/100\n|move|p1a: Garchomp|Dragon Claw|p2a: Sinistcha\n|-damage|p2a: Sinistcha|11/100\n|move|p2a: Sinistcha|Life Dew|p2a: Sinistcha|[spread] p2a,p2b\n|-heal|p2a: Sinistcha|36/100\n|-heal|p2b: Rotom|85/100\n|\n|-weather|Sandstorm|[upkeep]\n|-damage|p2b: Rotom|79/100|[from] Sandstorm\n|-damage|p2a: Sinistcha|30/100|[from] Sandstorm\n|-heal|p2b: Rotom|85/100|[from] item: Leftovers\n|-damage|p1a: Garchomp|1/100 brn|[from] brn\n|upkeep\n|turn|9\n|\n|t:|1776069433\n|-end|p1b: Kingambit|fallen1|[silent]\n|switch|p1b: Ninetales|Ninetales-Alola, L50, M|42/100\n|-weather|Snowscape|[from] ability: Snow Warning|[of] p1b: Ninetales\n|move|p2b: Rotom|Protect|p2b: Rotom\n|-singleturn|p2b: Rotom|Protect\n|move|p2a: Sinistcha|Protect|p2a: Sinistcha\n|-singleturn|p2a: Sinistcha|Protect\n|move|p1a: Garchomp|Dragon Claw|p2b: Rotom\n|-activate|p2b: Rotom|move: Protect\n|\n|-weather|Snowscape|[upkeep]\n|-heal|p2b: Rotom|91/100|[from] item: Leftovers\n|-damage|p1a: Garchomp|0 fnt|[from] brn\n|faint|p1a: Garchomp\n|upkeep\n|\n|t:|1776069446\n|switch|p1a: Kingambit|Kingambit, L50, M|70/100\n|-activate|p1a: Kingambit|ability: Supreme Overlord\n|-start|p1a: Kingambit|fallen2|[silent]\n|turn|10\n|\n|t:|1776069475\n|move|p2a: Sinistcha|Rage Powder|p2a: Sinistcha\n|-singleturn|p2a: Sinistcha|move: Rage Powder\n|move|p1b: Ninetales|Blizzard|p2b: Rotom|[spread] p2a,p2b\n|-supereffective|p2a: Sinistcha|1\n|-resisted|p2b: Rotom|1\n|-damage|p2a: Sinistcha|0 fnt\n|-damage|p2b: Rotom|76/100\n|-status|p2b: Rotom|frz\n|faint|p2a: Sinistcha\n|-curestatus|p2b: Rotom|frz|[msg]\n|move|p2b: Rotom|Will-O-Wisp|p1a: Kingambit|[miss]\n|-miss|p2b: Rotom|p1a: Kingambit\n|move|p1a: Kingambit|Kowtow Cleave|p2b: Rotom\n|-damage|p2b: Rotom|0 fnt\n|faint|p2b: Rotom\n|\n|win|NINTAIL12\n|raw|NINTAIL12's rating: 1033 &rarr; <strong>1068</strong><br />(+35 for winning)\n|raw|weilshark's rating: 1032 &rarr; <strong>1017</strong><br />(-15 for losing)\n",
  "uploadtime": 1776069506,
  "views": 9,
  "formatid": "gen9championsvgc2026regma",
  "rating": 1017,
  "private": 0,
  "password": null
}