{
  "id": "gen9championsvgc2026regma-2584476279",
  "format": "[Gen 9 Champions] VGC 2026 Reg M-A",
  "players": [
    "12435b",
    "ascasf"
  ],
  "log": "|j|\u260612435b\n|j|\u2606ascasf\n|t:|1776263415\n|gametype|doubles\n|player|p1|12435b|101|1116\n|player|p2|ascasf|102|1049\n|gen|9\n|tier|[Gen 9 Champions] VGC 2026 Reg M-A\n|rated|\n|rule|Species Clause: Limit one of each Pok\u00e9mon\n|rule|Item Clause: Limit 1 of each item\n|clearpoke\n|poke|p1|Aerodactyl, L50, F|\n|poke|p1|Garchomp, L50, F|\n|poke|p1|Tyranitar, L50, M|\n|poke|p1|Arcanine, L50, F|\n|poke|p1|Sinistcha-Masterpiece, L50|\n|poke|p1|Rotom-Wash, L50|\n|poke|p2|Crabominable, L50, M|\n|poke|p2|Oranguru, L50, M|\n|poke|p2|Empoleon, L50, M|\n|poke|p2|Cofagrigus, L50, F|\n|poke|p2|Bastiodon, L50, F|\n|poke|p2|Stunfisk, L50, M|\n|teampreview|4\n|inactive|Battle timer is ON: inactive players will automatically lose when time's up. (requested by ascasf)\nascasf rejected open team sheets.\n|inactive|ascasf has 60 seconds left.\n|\n|t:|1776263453\n|teamsize|p1|4\n|teamsize|p2|4\n|start\n|switch|p1a: Tyranitar|Tyranitar, L50, M|100/100\n|switch|p1b: Garchomp|Garchomp, L50, F|100/100\n|switch|p2a: Oranguru|Oranguru, L50, M|100/100\n|switch|p2b: Empoleon|Empoleon, L50, M|100/100\n|-weather|Sandstorm|[from] ability: Sand Stream|[of] p1a: Tyranitar\n|turn|1\n|\n|t:|1776263469\n|detailschange|p1a: Tyranitar|Tyranitar-Mega, L50, M\n|-mega|p1a: Tyranitar|Tyranitar|Tyranitarite\n|move|p2b: Empoleon|Protect|p2b: Empoleon\n|-singleturn|p2b: Empoleon|Protect\n|move|p1b: Garchomp|Stealth Rock|p2a: Oranguru\n|-sidestart|p2: ascasf|move: Stealth Rock\n|move|p1a: Tyranitar|Dragon Dance|p1a: Tyranitar\n|-boost|p1a: Tyranitar|atk|1\n|-boost|p1a: Tyranitar|spe|1\n|move|p2a: Oranguru|Trick Room|p2a: Oranguru\n|-fieldstart|move: Trick Room|[of] p2a: Oranguru\n|\n|-weather|Sandstorm|[upkeep]\n|-damage|p2a: Oranguru|94/100|[from] Sandstorm\n|upkeep\n|turn|2\n|\n|t:|1776263492\n|switch|p1b: Arcanine|Arcanine, L50, F|100/100\n|-ability|p1b: Arcanine|Intimidate|boost\n|-fail|p2a: Oranguru|unboost|Attack|[from] ability: Inner Focus|[of] p2a: Oranguru\n|-unboost|p2b: Empoleon|atk|1\n|-ability|p2b: Empoleon|Competitive|boost\n|-boost|p2b: Empoleon|spa|2\n|move|p2a: Oranguru|Instruct|p2b: Empoleon\n|-singleturn|p2b: Empoleon|move: Instruct|[of] p2a: Oranguru\n|move|p2b: Empoleon|Protect|p2b: Empoleon\n|-singleturn|p2b: Empoleon|Protect\n|move|p2b: Empoleon|Chilling Water|p1a: Tyranitar\n|-supereffective|p1a: Tyranitar|1\n|-damage|p1a: Tyranitar|26/100\n|-unboost|p1a: Tyranitar|atk|1\n|move|p1a: Tyranitar|Knock Off|p2a: Oranguru\n|-supereffective|p2a: Oranguru|1\n|-damage|p2a: Oranguru|0 fnt\n|-enditem|p2a: Oranguru|Mental Herb|[from] move: Knock Off|[of] p1a: Tyranitar\n|faint|p2a: Oranguru\n|\n|-weather|Sandstorm|[upkeep]\n|-damage|p1b: Arcanine|94/100|[from] Sandstorm\n|-heal|p1b: Arcanine|100/100|[from] item: Leftovers\n|upkeep\n|\n|t:|1776263513\n|switch|p2a: Crabominable|Crabominable, L50, M|100/100\n|-damage|p2a: Crabominable|88/100|[from] Stealth Rock\n|turn|3\n|\n|t:|1776263530\n|detailschange|p2a: Crabominable|Crabominable-Mega, L50, M\n|-mega|p2a: Crabominable|Crabominable|Crabominite\n|move|p2a: Crabominable|Crabhammer|p1b: Arcanine\n|-supereffective|p1b: Arcanine|1\n|-crit|p1b: Arcanine\n|-damage|p1b: Arcanine|0 fnt\n|faint|p1b: Arcanine\n|move|p2b: Empoleon|Chilling Water|p1a: Tyranitar\n|-supereffective|p1a: Tyranitar|1\n|-damage|p1a: Tyranitar|0 fnt\n|faint|p1a: Tyranitar\n|\n|-weather|Sandstorm|[upkeep]\n|-damage|p2a: Crabominable|82/100|[from] Sandstorm\n|upkeep\n|\n|t:|1776263537\n|switch|p1b: Rotom|Rotom-Wash, L50|100/100\n|switch|p1a: Garchomp|Garchomp, L50, F|100/100\n|turn|4\n|inactive|ascasf has 30 seconds left.\n|\n|t:|1776263563\n|move|p1b: Rotom|Protect|p1b: Rotom\n|-singleturn|p1b: Rotom|Protect\n|move|p1a: Garchomp|Protect|p1a: Garchomp\n|-singleturn|p1a: Garchomp|Protect\n|move|p2a: Crabominable|Drain Punch|p1b: Rotom\n|-activate|p1b: Rotom|move: Protect\n|move|p2b: Empoleon|Chilling Water|p1a: Garchomp\n|-activate|p1a: Garchomp|move: Protect\n|\n|-weather|Sandstorm|[upkeep]\n|-damage|p2a: Crabominable|76/100|[from] Sandstorm\n|-damage|p1b: Rotom|95/100|[from] Sandstorm\n|upkeep\n|turn|5\n|\n|t:|1776263587\n|move|p2a: Crabominable|Drain Punch|p1b: Rotom\n|-damage|p1b: Rotom|29/100\n|-heal|p2a: Crabominable|97/100|[from] drain|[of] p1b: Rotom\n|move|p2b: Empoleon|Chilling Water|p1a: Garchomp\n|-damage|p1a: Garchomp|31/100\n|-unboost|p1a: Garchomp|atk|1\n|-enditem|p1a: Garchomp|Sitrus Berry|[eat]\n|-heal|p1a: Garchomp|56/100|[from] item: Sitrus Berry\n|move|p1b: Rotom|Thunderbolt|p2b: Empoleon\n|-supereffective|p2b: Empoleon|1\n|-damage|p2b: Empoleon|24/100\n|move|p1a: Garchomp|Earthquake|p2b: Empoleon|[spread] p2a,p2b\n|-immune|p1b: Rotom|[from] ability: Levitate\n|-supereffective|p2b: Empoleon|1\n|-damage|p2a: Crabominable|76/100\n|-damage|p2b: Empoleon|0 fnt\n|faint|p2b: Empoleon\n|\n|-weather|none\n|-fieldend|move: Trick Room\n|upkeep\n|\n|t:|1776263605\n|switch|p2b: Cofagrigus|Cofagrigus, L50, F|100/100\n|-damage|p2b: Cofagrigus|89/100|[from] Stealth Rock\n|turn|6\n|inactive|12435b has 30 seconds left.\n|inactive|12435b has 20 seconds left.\n|inactive|12435b has 15 seconds left.\n|\n|t:|1776263649\n|move|p1a: Garchomp|Earthquake|p2b: Cofagrigus|[spread] p2a,p2b\n|-immune|p1b: Rotom|[from] ability: Levitate\n|-damage|p2a: Crabominable|55/100\n|-damage|p2b: Cofagrigus|61/100\n|move|p1b: Rotom|Hydro Pump|p2a: Crabominable\n|-damage|p2a: Crabominable|18/100\n|move|p2a: Crabominable|Ice Hammer|p1a: Garchomp\n|-supereffective|p1a: Garchomp|2\n|-damage|p1a: Garchomp|0 fnt\n|-unboost|p2a: Crabominable|spe|1\n|faint|p1a: Garchomp\n|move|p2b: Cofagrigus|Giga Drain|p1b: Rotom\n|-supereffective|p1b: Rotom|1\n|-enditem|p1b: Rotom|Rindo Berry|[eat]\n|-enditem|p1b: Rotom|Rindo Berry|[weaken]\n|-damage|p1b: Rotom|0 fnt\n|-heal|p2b: Cofagrigus|75/100|[from] drain|[of] p1b: Rotom\n|faint|p1b: Rotom\n|\n|win|ascasf\n|raw|12435b's rating: 1116 &rarr; <strong>1086</strong><br />(-30 for losing)\n|raw|ascasf's rating: 1049 &rarr; <strong>1088</strong><br />(+39 for winning)\n|l|\u260612435b\n|player|p1|\n",
  "uploadtime": 1776263681,
  "views": 31,
  "formatid": "gen9championsvgc2026regma",
  "rating": 1086,
  "private": 0,
  "password": null
}