{
  "id": "gen9championsvgc2026regma-2584426003",
  "format": "[Gen 9 Champions] VGC 2026 Reg M-A",
  "players": [
    "Charliep1212",
    "miredsvgc"
  ],
  "log": "|j|\u2606Charliep1212\n|j|\u2606miredsvgc\n|t:|1776260024\n|gametype|doubles\n|player|p1|Charliep1212|morty|1317\n|player|p2|miredsvgc|cynthia|1304\n|gen|9\n|tier|[Gen 9 Champions] VGC 2026 Reg M-A\n|rated|\n|rule|Species Clause: Limit one of each Pok\u00e9mon\n|rule|Item Clause: Limit 1 of each item\n|clearpoke\n|poke|p1|Pelipper, L50, F|\n|poke|p1|Basculegion, L50, M|\n|poke|p1|Dragonite, L50, F|\n|poke|p1|Sableye, L50, M|\n|poke|p1|Meowscarada, L50, F|\n|poke|p1|Archaludon, L50, F|\n|poke|p2|Sneasler, L50, F|\n|poke|p2|Kingambit, L50, M|\n|poke|p2|Aerodactyl, L50, M|\n|poke|p2|Basculegion, L50, M|\n|poke|p2|Floette-Eternal, L50, F|\n|poke|p2|Maushold, L50|\n|teampreview|4\n|inactive|Battle timer is ON: inactive players will automatically lose when time's up. (requested by Charliep1212)\n|inactive|miredsvgc has 60 seconds left.\nCharliep1212 rejected open team sheets.\n|\n|t:|1776260099\n|teamsize|p1|4\n|teamsize|p2|4\n|start\n|switch|p1a: Sableye|Sableye, L50, M|100/100\n|switch|p1b: Basculegion|Basculegion, L50, M, shiny|100/100\n|switch|p2a: Aerodactyl|Aerodactyl, L50, M|100/100\n|switch|p2b: Floette|Floette-Eternal, L50, F|100/100\n|-ability|p2a: Aerodactyl|Unnerve\n|turn|1\n|\n|t:|1776260111\n|move|p1a: Sableye|Rain Dance|p1a: Sableye\n|-weather|RainDance\n|move|p1b: Basculegion|Wave Crash|p2b: Floette\n|-damage|p2b: Floette|0 fnt\n|faint|p2b: Floette\n|-damage|p1b: Basculegion|71/100|[from] Recoil\n|move|p2a: Aerodactyl|Tailwind|p2a: Aerodactyl\n|-sidestart|p2: miredsvgc|move: Tailwind\n|\n|-weather|RainDance|[upkeep]\n|upkeep\n|\n|t:|1776260122\n|switch|p2b: Kingambit|Kingambit, L50, M|100/100\n|turn|2\n|\n|t:|1776260133\n|switch|p1b: Archaludon|Archaludon, L50, F|100/100\n|move|p1a: Sableye|Encore|p2a: Aerodactyl\n|-start|p2a: Aerodactyl|Encore\n|move|p2a: Aerodactyl|Tailwind||[still]\n|-fail|p2a: Aerodactyl\n|move|p2b: Kingambit|Kowtow Cleave|p1a: Sableye\n|-damage|p1a: Sableye|29/100\n|\n|-weather|RainDance|[upkeep]\n|upkeep\n|turn|3\n|\n|t:|1776260145\n|switch|p2a: Maushold|Maushold, L50|100/100\n|move|p2b: Kingambit|Protect|p2b: Kingambit\n|-singleturn|p2b: Kingambit|Protect\n|move|p1a: Sableye|Will-O-Wisp|p2b: Kingambit\n|-activate|p2b: Kingambit|move: Protect\n|move|p1b: Archaludon|Electro Shot||[still]\n|-prepare|p1b: Archaludon|Electro Shot\n|-boost|p1b: Archaludon|spa|1\n|-anim|p1b: Archaludon|Electro Shot|p2a: Maushold\n|-damage|p2a: Maushold|35/100\n|\n|-weather|RainDance|[upkeep]\n|upkeep\n|turn|4\n|\n|t:|1776260167\n|move|p1b: Archaludon|Protect|p1b: Archaludon\n|-singleturn|p1b: Archaludon|Protect\n|move|p2a: Maushold|Follow Me|p2a: Maushold\n|-singleturn|p2a: Maushold|move: Follow Me\n|move|p2b: Kingambit|Kowtow Cleave|p1a: Sableye\n|-damage|p1a: Sableye|0 fnt\n|faint|p1a: Sableye\n|\n|-weather|RainDance|[upkeep]\n|-sideend|p2: miredsvgc|move: Tailwind\n|upkeep\n|\n|t:|1776260181\n|switch|p1a: Dragonite|Dragonite, L50, F, shiny|100/100\n|turn|5\n|\n|t:|1776260190\n|detailschange|p1a: Dragonite|Dragonite-Mega, L50, F, shiny\n|-mega|p1a: Dragonite|Dragonite|Dragoninite\n|move|p2a: Maushold|Super Fang|p1b: Archaludon\n|-damage|p1b: Archaludon|51/100\n|-ability|p1b: Archaludon|Stamina|boost\n|-boost|p1b: Archaludon|def|1\n|move|p1a: Dragonite|Hurricane|p2a: Maushold\n|-damage|p2a: Maushold|0 fnt\n|faint|p2a: Maushold\n|move|p1b: Archaludon|Aura Sphere|p2b: Kingambit\n|-supereffective|p2b: Kingambit|2\n|-damage|p2b: Kingambit|0 fnt\n|faint|p2b: Kingambit\n|\n|-weather|none\n|-heal|p1b: Archaludon|57/100|[from] item: Leftovers\n|upkeep\n|\n|t:|1776260201\n|switch|p2b: Aerodactyl|Aerodactyl, L50, M|100/100\n|-ability|p2b: Aerodactyl|Unnerve\n|turn|6\n|\n|t:|1776260207\n|move|p2b: Aerodactyl|Rock Slide|p1a: Dragonite|[spread] p1a,p1b\n|-supereffective|p1a: Dragonite|1\n|-resisted|p1b: Archaludon|1\n|-damage|p1a: Dragonite|73/100\n|-damage|p1b: Archaludon|51/100\n|-ability|p1b: Archaludon|Stamina|boost\n|-boost|p1b: Archaludon|def|1\n|move|p1a: Dragonite|Thunder|p2b: Aerodactyl\n|-supereffective|p2b: Aerodactyl|1\n|-enditem|p2b: Aerodactyl|Focus Sash\n|-damage|p2b: Aerodactyl|1/100\n|move|p1b: Archaludon|Flash Cannon|p2b: Aerodactyl\n|-supereffective|p2b: Aerodactyl|1\n|-damage|p2b: Aerodactyl|0 fnt\n|faint|p2b: Aerodactyl\n|\n|win|Charliep1212\n|raw|Charliep1212's rating: 1317 &rarr; <strong>1336</strong><br />(+19 for winning)\n|raw|miredsvgc's rating: 1304 &rarr; <strong>1285</strong><br />(-19 for losing)\n",
  "uploadtime": 1776260218,
  "views": 43,
  "formatid": "gen9championsvgc2026regma",
  "rating": 1285,
  "private": 0,
  "password": null
}