{
  "id": "gen9championsvgc2026regma-2582840088",
  "format": "[Gen 9 Champions] VGC 2026 Reg M-A",
  "players": [
    "cloudyskyloftymoon",
    "retromaster14"
  ],
  "log": "|j|\u2606cloudyskyloftymoon\n|j|\u2606retromaster14\n|t:|1776118172\n|gametype|doubles\n|player|p1|cloudyskyloftymoon|acetrainerf|\n|player|p2|retromaster14|101|\n|gen|9\n|tier|[Gen 9 Champions] VGC 2026 Reg M-A\n|rule|Species Clause: Limit one of each Pok\u00e9mon\n|rule|Item Clause: Limit 1 of each item\n|clearpoke\n|poke|p1|Aerodactyl, L50, M|\n|poke|p1|Kingambit, L50, M|\n|poke|p1|Sneasler, L50, F|\n|poke|p1|Rotom-Wash, L50|\n|poke|p1|Meganium, L50, M|\n|poke|p1|Garchomp, L50, F|\n|poke|p2|Pelipper, L50, M|\n|poke|p2|Basculegion, L50, M|\n|poke|p2|Archaludon, L50, F|\n|poke|p2|Meganium, L50, F|\n|poke|p2|Sneasler, L50, F|\n|poke|p2|Greninja-*, L50, M|\n|teampreview|4\n|\n|t:|1776118196\n|teamsize|p1|4\n|teamsize|p2|4\n|start\n|switch|p1a: Rotom|Rotom-Wash, L50|100/100\n|switch|p1b: Garchomp|Garchomp, L50, F|100/100\n|switch|p2a: Sneasler|Sneasler, L50, F|100/100\n|switch|p2b: Pelipper|Pelipper, L50, M|100/100\n|-weather|RainDance|[from] ability: Drizzle|[of] p2b: Pelipper\n|turn|1\n|\n|t:|1776118234\n|move|p2a: Sneasler|Protect|p2a: Sneasler\n|-singleturn|p2a: Sneasler|Protect\n|move|p1a: Rotom|Protect|p1a: Rotom\n|-singleturn|p1a: Rotom|Protect\n|move|p1b: Garchomp|Stomping Tantrum|p2a: Sneasler\n|-activate|p2a: Sneasler|move: Protect\n|move|p2b: Pelipper|Weather Ball|p1b: Garchomp\n|-damage|p1b: Garchomp|19/100\n|\n|-weather|RainDance|[upkeep]\n|upkeep\n|turn|2\n|\n|t:|1776118263\n|switch|p2a: Archaludon|Archaludon, L50, F|100/100\n|move|p1b: Garchomp|Stomping Tantrum|p2a: Archaludon\n|-supereffective|p2a: Archaludon|1\n|-damage|p2a: Archaludon|24/100\n|-ability|p2a: Archaludon|Stamina|boost\n|-boost|p2a: Archaludon|def|1\n|move|p2b: Pelipper|Weather Ball|p1b: Garchomp\n|-damage|p1b: Garchomp|0 fnt\n|faint|p1b: Garchomp\n|move|p1a: Rotom|Thunderbolt|p2b: Pelipper\n|-supereffective|p2b: Pelipper|2\n|-enditem|p2b: Pelipper|Focus Sash\n|-damage|p2b: Pelipper|1/100\n|\n|-weather|RainDance|[upkeep]\n|-heal|p2a: Archaludon|30/100|[from] item: Leftovers\n|upkeep\n|\n|t:|1776118281\n|switch|p1b: Aerodactyl|Aerodactyl, L50, M|100/100\n|-ability|p1b: Aerodactyl|Unnerve\n|turn|3\n|\n|t:|1776118321\n|move|p1b: Aerodactyl|Tailwind|p1b: Aerodactyl\n|-sidestart|p1: cloudyskyloftymoon|move: Tailwind\n|move|p1a: Rotom|Will-O-Wisp|p2a: Archaludon\n|-status|p2a: Archaludon|brn\n|move|p2a: Archaludon|Flash Cannon|p1b: Aerodactyl\n|-supereffective|p1b: Aerodactyl|1\n|-enditem|p1b: Aerodactyl|Focus Sash\n|-damage|p1b: Aerodactyl|1/100\n|move|p2b: Pelipper|Weather Ball|p1b: Aerodactyl\n|-supereffective|p1b: Aerodactyl|1\n|-damage|p1b: Aerodactyl|0 fnt\n|faint|p1b: Aerodactyl\n|\n|-weather|RainDance|[upkeep]\n|-heal|p2a: Archaludon|36/100 brn|[from] item: Leftovers\n|-damage|p2a: Archaludon|30/100 brn|[from] brn\n|upkeep\n|\n|t:|1776118336\n|switch|p1b: Meganium|Meganium, L50, M|100/100\n|turn|4\n|\n|t:|1776118348\n|detailschange|p1b: Meganium|Meganium-Mega, L50, M\n|-mega|p1b: Meganium|Meganium|Meganiumite\n|move|p2b: Pelipper|Wide Guard|p2b: Pelipper\n|-singleturn|p2b: Pelipper|Wide Guard\n|move|p1a: Rotom|Thunderbolt|p2b: Pelipper\n|-supereffective|p2b: Pelipper|2\n|-damage|p2b: Pelipper|0 fnt\n|faint|p2b: Pelipper\n|move|p1b: Meganium|Dazzling Gleam|p2a: Archaludon\n|-activate|p2a: Archaludon|move: Wide Guard\n|move|p2a: Archaludon|Flash Cannon|p1b: Meganium\n|-supereffective|p1b: Meganium|1\n|-damage|p1b: Meganium|30/100\n|\n|-weather|RainDance|[upkeep]\n|-heal|p2a: Archaludon|36/100 brn|[from] item: Leftovers\n|-damage|p2a: Archaludon|30/100 brn|[from] brn\n|upkeep\n|c|\u2606cloudyskyloftymoon|damn, thought it would vanish when Peli fainted\n|\n|t:|1776118370\n|switch|p2b: Sneasler|Sneasler, L50, F|100/100\n|turn|5\n|\n|t:|1776118387\n|move|p1a: Rotom|Protect|p1a: Rotom\n|-singleturn|p1a: Rotom|Protect\n|move|p1b: Meganium|Protect|p1b: Meganium\n|-singleturn|p1b: Meganium|Protect\n|move|p2b: Sneasler|Fake Out|p1a: Rotom\n|-activate|p1a: Rotom|move: Protect\n|move|p2a: Archaludon|Flash Cannon|p1b: Meganium\n|-activate|p1b: Meganium|move: Protect\n|\n|-weather|none\n|-heal|p2a: Archaludon|36/100 brn|[from] item: Leftovers\n|-damage|p2a: Archaludon|30/100 brn|[from] brn\n|upkeep\n|turn|6\n|\n|t:|1776118405\n|move|p2b: Sneasler|Protect|p2b: Sneasler\n|-singleturn|p2b: Sneasler|Protect\n|move|p1a: Rotom|Thunderbolt|p2b: Sneasler\n|-activate|p2b: Sneasler|move: Protect\n|move|p1b: Meganium|Dazzling Gleam|p2b: Sneasler|[spread] p2a\n|-activate|p2b: Sneasler|move: Protect\n|-damage|p2a: Archaludon|0 fnt\n|faint|p2a: Archaludon\n|\n|-sideend|p1: cloudyskyloftymoon|move: Tailwind\n|upkeep\n|\n|t:|1776118416\n|switch|p2a: Greninja|Greninja, L50, M|100/100\n|turn|7\n|\n|t:|1776118430\n|move|p1b: Meganium|Protect|p1b: Meganium\n|-singleturn|p1b: Meganium|Protect\n|move|p2a: Greninja|Sludge Wave|p1b: Meganium|[spread] p2b,p1a\n|-start|p2a: Greninja|typechange|Poison|[from] ability: Protean\n|-activate|p1b: Meganium|move: Protect\n|-resisted|p2b: Sneasler|1\n|-damage|p2b: Sneasler|77/100\n|-damage|p1a: Rotom|71/100\n|move|p2b: Sneasler|Dire Claw|p1a: Rotom\n|-damage|p1a: Rotom|25/100\n|-enditem|p1a: Rotom|Sitrus Berry|[eat]\n|-heal|p1a: Rotom|50/100|[from] item: Sitrus Berry\n|move|p1a: Rotom|Will-O-Wisp|p2b: Sneasler|[miss]\n|-miss|p1a: Rotom|p2b: Sneasler\n|\n|upkeep\n|turn|8\n|c|\u2606retromaster14|rip\n|c|\u2606cloudyskyloftymoon|ggs\n|\n|t:|1776118459\n|move|p2a: Greninja|Sludge Wave|p1a: Rotom|[spread] p2b,p1a,p1b\n|-resisted|p2b: Sneasler|1\n|-supereffective|p1b: Meganium|2\n|-damage|p2b: Sneasler|57/100\n|-damage|p1a: Rotom|23/100\n|-damage|p1b: Meganium|0 fnt\n|-status|p1a: Rotom|psn\n|faint|p1b: Meganium\n|move|p2b: Sneasler|Dire Claw|p1a: Rotom\n|-damage|p1a: Rotom|0 fnt\n|faint|p1a: Rotom\n|\n|win|retromaster14\n|c|\u2606retromaster14|gg\n|l|\u2606cloudyskyloftymoon\n|player|p1|\n",
  "uploadtime": 1776118475,
  "views": 11,
  "formatid": "gen9championsvgc2026regma",
  "rating": null,
  "private": 0,
  "password": null
}