{
  "id": "gen9championsvgc2026regma-2581323562",
  "format": "[Gen 9 Champions] VGC 2026 Reg M-A",
  "players": [
    "SimplyNarwall",
    "33daan"
  ],
  "log": "|j|\u2606SimplyNarwall\n|j|\u260633daan\n|t:|1775986650\n|gametype|doubles\n|player|p1|SimplyNarwall|102|1307\n|player|p2|33daan|101|1271\n|gen|9\n|tier|[Gen 9 Champions] VGC 2026 Reg M-A\n|rated|\n|rule|Species Clause: Limit one of each Pok\u00e9mon\n|rule|Item Clause: Limit 1 of each item\n|clearpoke\n|poke|p1|Zoroark-Hisui, L50, F|\n|poke|p1|Glimmora, L50, F|\n|poke|p1|Altaria, L50, M|\n|poke|p1|Primarina, L50, F|\n|poke|p1|Chesnaught, L50, F|\n|poke|p1|Chimecho, L50, M|\n|poke|p2|Incineroar, L50, F|\n|poke|p2|Farigiraf, L50, F|\n|poke|p2|Torkoal, L50, F|\n|poke|p2|Golurk, L50|\n|poke|p2|Gardevoir, L50, F|\n|poke|p2|Sinistcha, L50|\n|teampreview|4\n|\n|t:|1775986682\n|teamsize|p1|4\n|teamsize|p2|4\n|start\n|switch|p1a: Altaria|Altaria, L50, M|100/100\n|switch|p1b: Primarina|Primarina, L50, F|100/100\n|switch|p2a: Sinistcha|Sinistcha, L50|100/100\n|switch|p2b: Farigiraf|Farigiraf, L50, F|100/100\n|-ability|p1a: Altaria|Cloud Nine\n|turn|1\n|\n|t:|1775986702\n|detailschange|p1a: Altaria|Altaria-Mega, L50, M\n|-mega|p1a: Altaria|Altaria|Altarianite\n|move|p1b: Primarina|Shadow Ball|p2a: Sinistcha\n|-supereffective|p2a: Sinistcha|1\n|-damage|p2a: Sinistcha|0 fnt\n|faint|p2a: Sinistcha\n|move|p1a: Altaria|Hyper Voice|p2b: Farigiraf\n|-damage|p2b: Farigiraf|50/100\n|move|p2b: Farigiraf|Trick Room|p2b: Farigiraf\n|-fieldstart|move: Trick Room|[of] p2b: Farigiraf\n|\n|upkeep\n|j| gE1xjZRtuhW2DdT0AK\n|\n|t:|1775986717\n|switch|p2a: Golurk|Golurk, L50|100/100\n|turn|2\n|\n|t:|1775986738\n|move|p2b: Farigiraf|Psychic|p1b: Primarina\n|-damage|p1b: Primarina|20/100\n|replace|p1b: Zoroark|Zoroark-Hisui, L50, F\n|-end|p1b: Zoroark|Illusion\n|move|p2a: Golurk|Thunder Punch|p1b: Zoroark\n|-damage|p1b: Zoroark|0 fnt\n|faint|p1b: Zoroark\n|move|p1a: Altaria|Hyper Voice|p2a: Golurk|[spread] p2a,p2b\n|-damage|p2a: Golurk|60/100\n|-damage|p2b: Farigiraf|18/100\n|\n|upkeep\n|\n|t:|1775986757\n|switch|p1b: Primarina|Primarina, L50, F|100/100\n|turn|3\n|\n|t:|1775986772\n|switch|p2a: Gardevoir|Gardevoir, L50, F|100/100\n|move|p1b: Primarina|Protect|p1b: Primarina\n|-singleturn|p1b: Primarina|Protect\n|move|p2b: Farigiraf|Psychic|p1a: Altaria\n|-damage|p1a: Altaria|52/100\n|move|p1a: Altaria|Hyper Voice|p2a: Gardevoir|[spread] p2a,p2b\n|-crit|p2a: Gardevoir\n|-damage|p2a: Gardevoir|48/100\n|-damage|p2b: Farigiraf|0 fnt\n|faint|p2b: Farigiraf\n|\n|upkeep\n|\n|t:|1775986780\n|switch|p2b: Golurk|Golurk, L50|60/100\n|turn|4\n|\n|t:|1775986802\n|switch|p1b: Glimmora|Glimmora, L50, F|100/100\n|detailschange|p2a: Gardevoir|Gardevoir-Mega, L50, F\n|-mega|p2a: Gardevoir|Gardevoir|Gardevoirite\n|move|p1a: Altaria|Protect|p1a: Altaria\n|-singleturn|p1a: Altaria|Protect\n|move|p2b: Golurk|Ice Punch|p1a: Altaria\n|-activate|p1a: Altaria|move: Protect\n|move|p2a: Gardevoir|Hyper Voice|p1b: Glimmora|[spread] p1b\n|-activate|p1a: Altaria|move: Protect\n|-resisted|p1b: Glimmora|1\n|-damage|p1b: Glimmora|68/100\n|\n|upkeep\n|turn|5\n|\n|t:|1775986838\n|move|p2b: Golurk|Poltergeist|p1a: Altaria\n|-activate|p1a: Altaria|move: Poltergeist|Altarianite\n|-damage|p1a: Altaria|0 fnt\n|faint|p1a: Altaria\n|move|p2a: Gardevoir|Psychic|p1b: Glimmora\n|-supereffective|p1b: Glimmora|1\n|-damage|p1b: Glimmora|0 fnt\n|faint|p1b: Glimmora\n|\n|-fieldend|move: Trick Room\n|upkeep\n|\n|t:|1775986848\n|switch|p1b: Primarina|Primarina, L50, F|100/100\n|turn|6\n|\n|t:|1775986892\n|move|p2a: Gardevoir|Hyper Voice|p1b: Primarina\n|-crit|p1b: Primarina\n|-damage|p1b: Primarina|9/100\n|move|p1b: Primarina|Hyper Voice|p2b: Golurk|[spread] p2a,p2b\n|-supereffective|p2b: Golurk|1\n|-damage|p2a: Gardevoir|14/100\n|-damage|p2b: Golurk|0 fnt\n|faint|p2b: Golurk\n|\n|upkeep\n|turn|7\n|\n|t:|1775986902\n|move|p2a: Gardevoir|Hyper Voice|p1b: Primarina\n|-damage|p1b: Primarina|0 fnt\n|faint|p1b: Primarina\n|\n|win|33daan\n|raw|SimplyNarwall's rating: 1307 &rarr; <strong>1285</strong><br />(-22 for losing)\n|raw|33daan's rating: 1271 &rarr; <strong>1299</strong><br />(+28 for winning)\n|l|\u260633daan\n|player|p2|\n|l|\u2606SimplyNarwall\n|player|p1|\n",
  "uploadtime": 1775986936,
  "views": 23,
  "formatid": "gen9championsvgc2026regma",
  "rating": 1285,
  "private": 0,
  "password": null
}