{
  "id": "gen9championsvgc2026regma-2583192553",
  "format": "[Gen 9 Champions] VGC 2026 Reg M-A",
  "players": [
    "morsaFolana",
    "RandomGuyInSchool"
  ],
  "log": "|j|\u2606morsaFolana\n|j|\u2606RandomGuyInSchool\n|t:|1776153113\n|gametype|doubles\n|player|p1|morsaFolana|170|1043\n|player|p2|RandomGuyInSchool|schoolkid-gen4|1066\n|gen|9\n|tier|[Gen 9 Champions] VGC 2026 Reg M-A\n|rated|\n|rule|Species Clause: Limit one of each Pok\u00e9mon\n|rule|Item Clause: Limit 1 of each item\n|clearpoke\n|poke|p1|Lucario, L50, F|\n|poke|p1|Aerodactyl, L50, M|\n|poke|p1|Garchomp, L50, F|\n|poke|p1|Rotom-Wash, L50|\n|poke|p1|Ninetales-Alola, L50, M|\n|poke|p1|Incineroar, L50, M|\n|poke|p2|Rotom-Wash, L50|\n|poke|p2|Incineroar, L50, M|\n|poke|p2|Sinistcha, L50|\n|poke|p2|Drampa, L50, M|\n|poke|p2|Gallade, L50, M|\n|poke|p2|Gengar, L50, M|\n|teampreview|4\n|inactive|Battle timer is ON: inactive players will automatically lose when time's up. (requested by RandomGuyInSchool)\nRandomGuyInSchool rejected open team sheets.\n|c|\u2606RandomGuyInSchool|glhf\n|c|\u2606morsaFolana|glhf\n|inactive|morsaFolana has 60 seconds left.\n|inactive|RandomGuyInSchool has 60 seconds left.\n|\n|t:|1776153161\n|teamsize|p1|4\n|teamsize|p2|4\n|start\n|switch|p1a: Aerodactyl|Aerodactyl, L50, M|100/100\n|switch|p1b: Garchomp|Garchomp, L50, F|100/100\n|switch|p2a: Rotom|Rotom-Wash, L50|100/100\n|switch|p2b: Incineroar|Incineroar, L50, M|100/100\n|-ability|p1a: Aerodactyl|Unnerve\n|-ability|p2b: Incineroar|Intimidate|boost\n|-unboost|p1a: Aerodactyl|atk|1\n|-unboost|p1b: Garchomp|atk|1\n|-enditem|p1b: Garchomp|White Herb\n|-clearnegativeboost|p1b: Garchomp|[silent]\n|turn|1\n|inactive|morsaFolana has 30 seconds left.\n|\n|t:|1776153190\n|move|p1a: Aerodactyl|Protect|p1a: Aerodactyl\n|-singleturn|p1a: Aerodactyl|Protect\n|move|p1b: Garchomp|Protect|p1b: Garchomp\n|-singleturn|p1b: Garchomp|Protect\n|move|p2b: Incineroar|Fake Out|p1b: Garchomp\n|-activate|p1b: Garchomp|move: Protect\n|move|p2a: Rotom|Hydro Pump|p1a: Aerodactyl\n|-activate|p1a: Aerodactyl|move: Protect\n|\n|upkeep\n|turn|2\n|\n|t:|1776153214\n|move|p2a: Rotom|Hydro Pump|p1a: Aerodactyl\n|-supereffective|p1a: Aerodactyl|1\n|-enditem|p1a: Aerodactyl|Focus Sash\n|-damage|p1a: Aerodactyl|1/100\n|move|p1a: Aerodactyl|Rock Slide|p2b: Incineroar|[spread] p2b\n|-miss|p1a: Aerodactyl|p2a: Rotom\n|-supereffective|p2b: Incineroar|1\n|-damage|p2b: Incineroar|76/100\n|move|p1b: Garchomp|Dragon Claw|p2a: Rotom\n|-damage|p2a: Rotom|54/100\n|move|p2b: Incineroar|Parting Shot|p1b: Garchomp\n|-unboost|p1b: Garchomp|atk|1\n|-unboost|p1b: Garchomp|spa|1\n|\n|t:|1776153232\n|switch|p2b: Gengar|Gengar, L50, M|100/100|[from] Parting Shot\n|\n|upkeep\n|turn|3\n|\n|t:|1776153243\n|switch|p1a: Rotom|Rotom-Wash, L50|100/100\n|switch|p2b: Incineroar|Incineroar, L50, M|76/100\n|-ability|p2b: Incineroar|Intimidate|boost\n|-unboost|p1a: Rotom|atk|1\n|-unboost|p1b: Garchomp|atk|1\n|move|p2a: Rotom|Hydro Pump|p1a: Rotom\n|-resisted|p1a: Rotom|1\n|-damage|p1a: Rotom|72/100\n|move|p1b: Garchomp|Earthquake|p2a: Rotom|[spread] p2b\n|-immune|p1a: Rotom|[from] ability: Levitate\n|-immune|p2a: Rotom|[from] ability: Levitate\n|-supereffective|p2b: Incineroar|1\n|-damage|p2b: Incineroar|49/100\n|\n|upkeep\n|turn|4\n|inactive|morsaFolana has 30 seconds left.\n|inactive|RandomGuyInSchool has 30 seconds left.\n|inactive|RandomGuyInSchool has 20 seconds left.\n|inactive|RandomGuyInSchool has 15 seconds left.\n|\n|t:|1776153284\n|switch|p1a: Lucario|Lucario, L50, F|100/100\n|switch|p2a: Gallade|Gallade, L50, M|100/100\n|switch|p1b: Aerodactyl|Aerodactyl, L50, M|1/100\n|-ability|p1b: Aerodactyl|Unnerve\n|move|p2b: Incineroar|Fake Out|p1a: Lucario\n|-resisted|p1a: Lucario|1\n|-damage|p1a: Lucario|92/100\n|\n|upkeep\n|turn|5\n|inactive|morsaFolana has 30 seconds left.\n|\n|t:|1776153311\n|detailschange|p1a: Lucario|Lucario-Mega, L50, F\n|-mega|p1a: Lucario|Lucario|Lucarionite\n|detailschange|p2a: Gallade|Gallade-Mega, L50, M\n|-mega|p2a: Gallade|Gallade|Galladite\n|move|p1b: Aerodactyl|Dual Wingbeat|p2a: Gallade\n|-supereffective|p2a: Gallade|1\n|-damage|p2a: Gallade|50/100\n|-supereffective|p2a: Gallade|1\n|-damage|p2a: Gallade|3/100\n|-hitcount|p2a: Gallade|2\n|move|p1a: Lucario|Close Combat|p2b: Incineroar\n|-supereffective|p2b: Incineroar|1\n|-damage|p2b: Incineroar|0 fnt\n|-unboost|p1a: Lucario|def|1\n|-unboost|p1a: Lucario|spd|1\n|faint|p2b: Incineroar\n|move|p2a: Gallade|Swords Dance|p2a: Gallade\n|-boost|p2a: Gallade|atk|2\n|\n|upkeep\n|\n|t:|1776153329\n|switch|p2b: Gengar|Gengar, L50, M|100/100\n|turn|6\n|\n|t:|1776153347\n|move|p1b: Aerodactyl|Protect|p1b: Aerodactyl\n|-singleturn|p1b: Aerodactyl|Protect\n|move|p1a: Lucario|Protect|p1a: Lucario\n|-singleturn|p1a: Lucario|Protect\n|move|p2a: Gallade|Protect|p2a: Gallade\n|-singleturn|p2a: Gallade|Protect\n|move|p2b: Gengar|Shadow Ball|p1a: Lucario\n|-activate|p1a: Lucario|move: Protect\n|\n|upkeep\n|turn|7\n|\n|t:|1776153364\n|switch|p2a: Rotom|Rotom-Wash, L50|54/100\n|move|p1a: Lucario|Bullet Punch|p2a: Rotom\n|-resisted|p2a: Rotom|2\n|-damage|p2a: Rotom|46/100\n|move|p1b: Aerodactyl|Tailwind|p1b: Aerodactyl\n|-sidestart|p1: morsaFolana|move: Tailwind\n|move|p2b: Gengar|Shadow Ball|p1a: Lucario\n|-damage|p1a: Lucario|0 fnt\n|faint|p1a: Lucario\n|\n|upkeep\n|\n|t:|1776153377\n|switch|p1a: Rotom|Rotom-Wash, L50|72/100\n|turn|8\n|\n|t:|1776153395\n|move|p2b: Gengar|Protect|p2b: Gengar\n|-singleturn|p2b: Gengar|Protect\n|move|p1a: Rotom|Volt Switch|p2a: Rotom\n|-damage|p2a: Rotom|9/100\n|\n|t:|1776153401\n|switch|p1a: Garchomp|Garchomp, L50, F|100/100|[from] Volt Switch\n|move|p1b: Aerodactyl|Rock Slide|p2a: Rotom|[spread] p2a\n|-activate|p2b: Gengar|move: Protect\n|-damage|p2a: Rotom|0 fnt\n|faint|p2a: Rotom\n|\n|upkeep\n|-message|RandomGuyInSchool forfeited.\n|\n|win|morsaFolana\n|raw|morsaFolana's rating: 1043 &rarr; <strong>1079</strong><br />(+36 for winning)\n|raw|RandomGuyInSchool's rating: 1066 &rarr; <strong>1045</strong><br />(-21 for losing)\n",
  "uploadtime": 1776153412,
  "views": 21,
  "formatid": "gen9championsvgc2026regma",
  "rating": 1045,
  "private": 0,
  "password": null
}