{
  "id": "gen9championsvgc2026regma-2581246901",
  "format": "[Gen 9 Champions] VGC 2026 Reg M-A",
  "players": [
    "garchumpz",
    "pubaladdering"
  ],
  "log": "|j|\u2606garchumpz\n|j|\u2606pubaladdering\n|t:|1775975860\n|gametype|doubles\n|player|p1|garchumpz|1|1126\n|player|p2|pubaladdering|iono|1108\n|gen|9\n|tier|[Gen 9 Champions] VGC 2026 Reg M-A\n|rated|\n|rule|Species Clause: Limit one of each Pok\u00e9mon\n|rule|Item Clause: Limit 1 of each item\n|clearpoke\n|poke|p1|Froslass, L50, F|\n|poke|p1|Palafin, L50, F|\n|poke|p1|Kingambit, L50, M|\n|poke|p1|Arcanine-Hisui, L50, M|\n|poke|p1|Sinistcha, L50|\n|poke|p1|Sneasler, L50, M|\n|poke|p2|Tyranitar, L50, F|\n|poke|p2|Garchomp, L50, F|\n|poke|p2|Excadrill, L50, F|\n|poke|p2|Gyarados, L50, M|\n|poke|p2|Meowstic-F, L50, F|\n|poke|p2|Venusaur, L50, M|\n|teampreview|4\n|inactive|Battle timer is ON: inactive players will automatically lose when time's up. (requested by pubaladdering)\n|\n|t:|1775975881\n|teamsize|p1|4\n|teamsize|p2|4\n|start\n|switch|p1a: Sneasler|Sneasler, L50, M|100/100\n|switch|p1b: Arcanine|Arcanine-Hisui, L50, M|100/100\n|switch|p2a: Meowstic|Meowstic-F, L50, F|100/100\n|switch|p2b: Gyarados|Gyarados, L50, M|100/100\n|-ability|p1b: Arcanine|Intimidate|boost\n|-unboost|p2a: Meowstic|atk|1\n|-ability|p2a: Meowstic|Competitive|boost\n|-boost|p2a: Meowstic|spa|2\n|-unboost|p2b: Gyarados|atk|1\n|-ability|p2b: Gyarados|Intimidate|boost\n|-unboost|p1a: Sneasler|atk|1\n|-unboost|p1b: Arcanine|atk|1\n|-enditem|p1a: Sneasler|White Herb\n|-clearnegativeboost|p1a: Sneasler|[silent]\n|turn|1\n|\n|t:|1775975902\n|move|p1a: Sneasler|Fake Out|p2a: Meowstic\n|-damage|p2a: Meowstic|80/100\n|move|p1b: Arcanine|Rock Slide|p2b: Gyarados|[spread] \n|-miss|p1b: Arcanine|p2a: Meowstic\n|-miss|p1b: Arcanine|p2b: Gyarados\n|cant|p2a: Meowstic|flinch\n|move|p2b: Gyarados|Dragon Dance|p2b: Gyarados\n|-boost|p2b: Gyarados|atk|1\n|-boost|p2b: Gyarados|spe|1\n|\n|upkeep\n|turn|2\n|\n|t:|1775975918\n|switch|p1b: Sinistcha|Sinistcha, L50|100/100\n|move|p1a: Sneasler|Dire Claw|p2b: Gyarados\n|-damage|p2b: Gyarados|51/100\n|-status|p2b: Gyarados|psn\n|move|p2b: Gyarados|Waterfall|p1b: Sinistcha\n|-resisted|p1b: Sinistcha|1\n|-damage|p1b: Sinistcha|85/100\n|move|p2a: Meowstic|Psychic|p1a: Sneasler\n|-supereffective|p1a: Sneasler|2\n|-damage|p1a: Sneasler|0 fnt\n|faint|p1a: Sneasler\n|\n|-damage|p2b: Gyarados|39/100 psn|[from] psn\n|upkeep\n|\n|t:|1775975933\n|switch|p1a: Froslass|Froslass, L50, F|100/100\n|turn|3\n|\n|t:|1775975945\n|detailschange|p1a: Froslass|Froslass-Mega, L50, F\n|-mega|p1a: Froslass|Froslass|Froslassite\n|-weather|Snowscape|[from] ability: Snow Warning|[of] p1a: Froslass\n|move|p2a: Meowstic|Helping Hand|p2b: Gyarados\n|-singleturn|p2b: Gyarados|Helping Hand|[of] p2a: Meowstic\n|move|p1b: Sinistcha|Rage Powder|p1b: Sinistcha\n|-singleturn|p1b: Sinistcha|move: Rage Powder\n|move|p1a: Froslass|Aurora Veil|p1a: Froslass\n|-sidestart|p1: garchumpz|move: Aurora Veil\n|move|p2b: Gyarados|Crunch|p1b: Sinistcha\n|-supereffective|p1b: Sinistcha|1\n|-crit|p1b: Sinistcha\n|-damage|p1b: Sinistcha|0 fnt\n|faint|p1b: Sinistcha\n|\n|-weather|Snowscape|[upkeep]\n|-damage|p2b: Gyarados|26/100 psn|[from] psn\n|upkeep\n|\n|t:|1775975958\n|switch|p1b: Arcanine|Arcanine-Hisui, L50, M|100/100\n|-ability|p1b: Arcanine|Intimidate|boost\n|-unboost|p2a: Meowstic|atk|1\n|-ability|p2a: Meowstic|Competitive|boost\n|-boost|p2a: Meowstic|spa|2\n|-unboost|p2b: Gyarados|atk|1\n|turn|4\n|\n|t:|1775975974\n|switch|p2b: Tyranitar|Tyranitar, L50, F|100/100\n|-weather|Sandstorm|[from] ability: Sand Stream|[of] p2b: Tyranitar\n|move|p1b: Arcanine|Extreme Speed|p2b: Tyranitar\n|-resisted|p2b: Tyranitar|1\n|-damage|p2b: Tyranitar|88/100\n|move|p1a: Froslass|Shadow Ball|p2a: Meowstic\n|-supereffective|p2a: Meowstic|1\n|-damage|p2a: Meowstic|9/100\n|move|p2a: Meowstic|Psychic|p1b: Arcanine\n|-damage|p1b: Arcanine|56/100\n|\n|-weather|Sandstorm|[upkeep]\n|-damage|p1a: Froslass|94/100|[from] Sandstorm\n|-damage|p2a: Meowstic|3/100|[from] Sandstorm\n|upkeep\n|turn|5\n|\n|t:|1775975995\n|switch|p2a: Gyarados|Gyarados, L50, M|26/100 psn\n|-ability|p2a: Gyarados|Intimidate|boost\n|-unboost|p1a: Froslass|atk|1\n|-unboost|p1b: Arcanine|atk|1\n|detailschange|p2b: Tyranitar|Tyranitar-Mega, L50, F\n|-mega|p2b: Tyranitar|Tyranitar|Tyranitarite\n|move|p1a: Froslass|Protect|p1a: Froslass\n|-singleturn|p1a: Froslass|Protect\n|move|p1b: Arcanine|Extreme Speed|p2a: Gyarados\n|-damage|p2a: Gyarados|5/100 psn\n|move|p2b: Tyranitar|Brick Break|p1b: Arcanine\n|-sideend|p1: garchumpz|move: Aurora Veil\n|-supereffective|p1b: Arcanine|1\n|-damage|p1b: Arcanine|0 fnt\n|faint|p1b: Arcanine\n|\n|-weather|Sandstorm|[upkeep]\n|-damage|p1a: Froslass|88/100|[from] Sandstorm\n|-damage|p2a: Gyarados|0 fnt|[from] Sandstorm\n|faint|p2a: Gyarados\n|upkeep\n|\n|t:|1775976010\n|switch|p2a: Excadrill|Excadrill, L50, F|100/100\n|turn|6\n|-message|garchumpz forfeited.\n|\n|win|pubaladdering\n|raw|garchumpz's rating: 1126 &rarr; <strong>1100</strong><br />(-26 for losing)\n|raw|pubaladdering's rating: 1108 &rarr; <strong>1134</strong><br />(+26 for winning)\n|l|\u2606garchumpz\n|player|p1|\n",
  "uploadtime": 1775976024,
  "views": 12,
  "formatid": "gen9championsvgc2026regma",
  "rating": 1100,
  "private": 0,
  "password": null
}