{
  "id": "gen9championsvgc2026regma-2583726996",
  "format": "[Gen 9 Champions] VGC 2026 Reg M-A",
  "players": [
    "grounddegree125",
    "bobthemango141"
  ],
  "log": "|j|\u2606grounddegree125\n|j|\u2606bobthemango141\n|t:|1776193565\n|gametype|doubles\n|player|p1|grounddegree125|kieran-champion|1285\n|player|p2|bobthemango141|barry|1397\n|gen|9\n|tier|[Gen 9 Champions] VGC 2026 Reg M-A\n|rated|\n|rule|Species Clause: Limit one of each Pok\u00e9mon\n|rule|Item Clause: Limit 1 of each item\n|clearpoke\n|poke|p1|Tyranitar, L50, F|\n|poke|p1|Excadrill, L50, F|\n|poke|p1|Gengar, L50, F|\n|poke|p1|Kommo-o, L50, F|\n|poke|p1|Sinistcha-Masterpiece, L50|\n|poke|p1|Incineroar, L50, F|\n|poke|p2|Vaporeon, L50, M|\n|poke|p2|Jolteon, L50, F|\n|poke|p2|Flareon, L50, M|\n|poke|p2|Espeon, L50, M|\n|poke|p2|Umbreon, L50, F|\n|poke|p2|Sylveon, L50, M|\n|teampreview|4\n|inactive|Battle timer is ON: inactive players will automatically lose when time's up. (requested by grounddegree125)\n|\n|t:|1776193576\n|teamsize|p1|4\n|teamsize|p2|4\n|start\n|switch|p1a: Tyranitar|Tyranitar, L50, F|100/100\n|switch|p1b: Excadrill|Excadrill, L50, F|100/100\n|switch|p2a: Umbreon|Umbreon, L50, F|100/100\n|switch|p2b: Vaporeon|Vaporeon, L50, M|100/100\n|-weather|Sandstorm|[from] ability: Sand Stream|[of] p1a: Tyranitar\n|turn|1\n|\n|t:|1776193583\n|detailschange|p1a: Tyranitar|Tyranitar-Mega, L50, F\n|-mega|p1a: Tyranitar|Tyranitar|Tyranitarite\n|move|p1b: Excadrill|Rock Slide|p2b: Vaporeon|[spread] p2a,p2b\n|-damage|p2a: Umbreon|88/100\n|-damage|p2b: Vaporeon|85/100\n|move|p1a: Tyranitar|Rock Slide|p2a: Umbreon|[spread] p2a,p2b\n|-damage|p2a: Umbreon|67/100\n|-damage|p2b: Vaporeon|58/100\n|move|p2b: Vaporeon|Scald|p1a: Tyranitar\n|-supereffective|p1a: Tyranitar|1\n|-damage|p1a: Tyranitar|67/100\n|move|p2a: Umbreon|Foul Play|p1b: Excadrill\n|-damage|p1b: Excadrill|26/100\n|\n|-weather|Sandstorm|[upkeep]\n|-damage|p2b: Vaporeon|52/100|[from] Sandstorm\n|-damage|p2a: Umbreon|61/100|[from] Sandstorm\n|-heal|p2a: Umbreon|67/100|[from] item: Leftovers\n|upkeep\n|turn|2\n|\n|t:|1776193600\n|move|p1b: Excadrill|Rock Slide|p2a: Umbreon|[spread] p2a,p2b\n|-damage|p2a: Umbreon|54/100\n|-damage|p2b: Vaporeon|38/100\n|-enditem|p2b: Vaporeon|Sitrus Berry|[eat]\n|-heal|p2b: Vaporeon|63/100|[from] item: Sitrus Berry\n|move|p1a: Tyranitar|Rock Slide|p2a: Umbreon|[spread] p2a,p2b\n|-damage|p2a: Umbreon|30/100\n|-damage|p2b: Vaporeon|32/100\n|move|p2b: Vaporeon|Scald|p1a: Tyranitar\n|-supereffective|p1a: Tyranitar|1\n|-damage|p1a: Tyranitar|36/100\n|move|p2a: Umbreon|Foul Play|p1b: Excadrill\n|-damage|p1b: Excadrill|0 fnt\n|faint|p1b: Excadrill\n|\n|-weather|Sandstorm|[upkeep]\n|-damage|p2b: Vaporeon|26/100|[from] Sandstorm\n|-damage|p2a: Umbreon|24/100|[from] Sandstorm\n|-heal|p2a: Umbreon|30/100|[from] item: Leftovers\n|upkeep\n|\n|t:|1776193616\n|switch|p1b: Sinistcha|Sinistcha-Masterpiece, L50|100/100\n|-heal|p1a: Tyranitar|61/100|[from] ability: Hospitality|[of] p1b: Sinistcha\n|turn|3\n|\n|t:|1776193631\n|move|p1a: Tyranitar|Rock Slide|p2b: Vaporeon|[spread] p2a\n|-miss|p1a: Tyranitar|p2b: Vaporeon\n|-damage|p2a: Umbreon|6/100\n|move|p1b: Sinistcha|Matcha Gotcha|p2b: Vaporeon|[spread] p2a,p2b\n|-crit|p2a: Umbreon\n|-supereffective|p2b: Vaporeon|1\n|-damage|p2a: Umbreon|0 fnt\n|-damage|p2b: Vaporeon|0 fnt\n|faint|p2a: Umbreon\n|faint|p2b: Vaporeon\n|\n|-weather|Sandstorm|[upkeep]\n|-damage|p1b: Sinistcha|94/100|[from] Sandstorm\n|upkeep\n|\n|t:|1776193636\n|switch|p2b: Sylveon|Sylveon, L50, M|100/100\n|switch|p2a: Espeon|Espeon, L50, M|100/100\n|turn|4\n|\n|t:|1776193642\n|move|p1a: Tyranitar|Knock Off|p2a: Espeon\n|-supereffective|p2a: Espeon|1\n|-enditem|p2a: Espeon|Colbur Berry|[eat]\n|-enditem|p2a: Espeon|Colbur Berry|[weaken]\n|-damage|p2a: Espeon|27/100\n|move|p1b: Sinistcha|Life Dew|p1b: Sinistcha|[spread] p1a,p1b\n|-heal|p1a: Tyranitar|86/100\n|-heal|p1b: Sinistcha|100/100\n|move|p2b: Sylveon|Hyper Voice|p1b: Sinistcha|[spread] p1a,p1b\n|-supereffective|p1a: Tyranitar|1\n|-damage|p1a: Tyranitar|41/100\n|-damage|p1b: Sinistcha|44/100\n|move|p2a: Espeon|Trick Room|p2a: Espeon\n|-fieldstart|move: Trick Room|[of] p2a: Espeon\n|\n|-weather|Sandstorm|[upkeep]\n|-damage|p2b: Sylveon|95/100|[from] Sandstorm\n|-damage|p1b: Sinistcha|38/100|[from] Sandstorm\n|-damage|p2a: Espeon|21/100|[from] Sandstorm\n|upkeep\n|turn|5\n|\n|t:|1776193658\n|move|p2a: Espeon|Helping Hand|p2b: Sylveon\n|-singleturn|p2b: Sylveon|Helping Hand|[of] p2a: Espeon\n|move|p2b: Sylveon|Hyper Voice|p1a: Tyranitar|[spread] p1a,p1b\n|-supereffective|p1a: Tyranitar|1\n|-damage|p1a: Tyranitar|0 fnt\n|-damage|p1b: Sinistcha|0 fnt\n|faint|p1a: Tyranitar\n|faint|p1b: Sinistcha\n|\n|-weather|none\n|upkeep\n|\n|t:|1776193665\n|switch|p1b: Incineroar|Incineroar, L50, F|100/100\n|-ability|p1b: Incineroar|Intimidate|boost\n|-unboost|p2a: Espeon|atk|1\n|-unboost|p2b: Sylveon|atk|1\n|turn|6\n|\n|t:|1776193673\n|move|p2b: Sylveon|Detect|p2b: Sylveon\n|-singleturn|p2b: Sylveon|Protect\n|move|p2a: Espeon|Detect|p2a: Espeon\n|-singleturn|p2a: Espeon|Protect\n|move|p1b: Incineroar|Flare Blitz|p2b: Sylveon\n|-activate|p2b: Sylveon|move: Protect\n|\n|upkeep\n|turn|7\n|\n|t:|1776193678\n|move|p2a: Espeon|Helping Hand|p2b: Sylveon\n|-singleturn|p2b: Sylveon|Helping Hand|[of] p2a: Espeon\n|move|p2b: Sylveon|Hyper Voice|p1b: Incineroar\n|-damage|p1b: Incineroar|37/100\n|-enditem|p1b: Incineroar|Sitrus Berry|[eat]\n|-heal|p1b: Incineroar|61/100|[from] item: Sitrus Berry\n|move|p1b: Incineroar|Flare Blitz|p2b: Sylveon\n|-damage|p2b: Sylveon|41/100\n|-damage|p1b: Incineroar|44/100|[from] Recoil\n|\n|upkeep\n|turn|8\n|\n|t:|1776193688\n|move|p2a: Espeon|Helping Hand|p2b: Sylveon\n|-singleturn|p2b: Sylveon|Helping Hand|[of] p2a: Espeon\n|move|p2b: Sylveon|Hyper Voice|p1b: Incineroar\n|-damage|p1b: Incineroar|0 fnt\n|faint|p1b: Incineroar\n|\n|win|bobthemango141\n|raw|grounddegree125's rating: 1285 &rarr; <strong>1268</strong><br />(-17 for losing)\n|raw|bobthemango141's rating: 1397 &rarr; <strong>1411</strong><br />(+14 for winning)\n|l|\u2606grounddegree125\n|player|p1|\n",
  "uploadtime": 1776193696,
  "views": 41,
  "formatid": "gen9championsvgc2026regma",
  "rating": 1268,
  "private": 0,
  "password": null
}