{
  "id": "gen9championsvgc2026regma-2586717650",
  "format": "[Gen 9 Champions] VGC 2026 Reg M-A",
  "players": [
    "orionsayshi",
    "AverageAsh"
  ],
  "log": "|j|\u2606orionsayshi\n|j|\u2606AverageAsh\n|t:|1776454493\n|gametype|doubles\n|player|p1|orionsayshi|elesa|1107\n|player|p2|AverageAsh|101|1013\n|gen|9\n|tier|[Gen 9 Champions] VGC 2026 Reg M-A\n|rated|\n|rule|Species Clause: Limit one of each Pok\u00e9mon\n|rule|Item Clause: Limit 1 of each item\n|clearpoke\n|poke|p1|Incineroar, L50, F|\n|poke|p1|Gengar, L50, F|\n|poke|p1|Sableye, L50, F|\n|poke|p1|Arcanine-Hisui, L50, M|\n|poke|p1|Bellibolt, L50, F|\n|poke|p1|Sinistcha, L50|\n|poke|p2|Scovillain, L50, F|\n|poke|p2|Dragapult, L50, F|\n|poke|p2|Milotic, L50, F|\n|poke|p2|Oranguru, L50, F|\n|poke|p2|Glimmora, L50, F|\n|poke|p2|Delphox, L50, M|\n|teampreview|4\n|inactive|Battle timer is ON: inactive players will automatically lose when time's up. (requested by AverageAsh)\n|inactive|orionsayshi has 60 seconds left.\n|\n|t:|1776454525\n|teamsize|p1|4\n|teamsize|p2|4\n|start\n|switch|p1a: Gengar|Gengar, L50, F|100/100\n|switch|p1b: Incineroar|Incineroar, L50, F|100/100\n|switch|p2a: Milotic|Milotic, L50, F|100/100\n|switch|p2b: Scovillain|Scovillain, L50, F|100/100\n|-ability|p1b: Incineroar|Intimidate|boost\n|-unboost|p2a: Milotic|atk|1\n|-ability|p2a: Milotic|Competitive|boost\n|-boost|p2a: Milotic|spa|2\n|-unboost|p2b: Scovillain|atk|1\n|turn|1\n|\n|t:|1776454546\n|switch|p1b: Sableye|Sableye, L50, F|100/100\n|detailschange|p1a: Gengar|Gengar-Mega, L50, F\n|-mega|p1a: Gengar|Gengar|Gengarite\n|detailschange|p2b: Scovillain|Scovillain-Mega, L50, F\n|-mega|p2b: Scovillain|Scovillain|Scovillainite\n|move|p2b: Scovillain|Protect|p2b: Scovillain\n|-singleturn|p2b: Scovillain|Protect\n|move|p1a: Gengar|Perish Song|p1a: Gengar\n|-start|p1a: Gengar|perish3|[silent]\n|-start|p1b: Sableye|perish3|[silent]\n|-start|p2a: Milotic|perish3|[silent]\n|-start|p2b: Scovillain|perish3|[silent]\n|-fieldactivate|move: Perish Song\n|move|p2a: Milotic|Coil|p2a: Milotic\n|-boost|p2a: Milotic|atk|1\n|-boost|p2a: Milotic|def|1\n|-boost|p2a: Milotic|accuracy|1\n|\n|-start|p1a: Gengar|perish3\n|-start|p2b: Scovillain|perish3\n|-start|p2a: Milotic|perish3\n|-start|p1b: Sableye|perish3\n|upkeep\n|turn|2\n|inactive|orionsayshi has 30 seconds left.\n|\n|t:|1776454572\n|move|p2b: Scovillain|Rage Powder|p2b: Scovillain\n|-singleturn|p2b: Scovillain|move: Rage Powder\n|move|p1b: Sableye|Encore|p2b: Scovillain\n|-start|p2b: Scovillain|Encore\n|move|p1a: Gengar|Hypnosis|p2b: Scovillain\n|-status|p2b: Scovillain|slp|[from] move: Hypnosis\n|move|p2a: Milotic|Muddy Water|p1a: Gengar|[spread] p1a,p1b\n|-damage|p1a: Gengar|45/100\n|-damage|p1b: Sableye|33/100\n|-unboost|p1b: Sableye|accuracy|1\n|\n|-start|p1a: Gengar|perish2\n|-start|p2b: Scovillain|perish2\n|-start|p2a: Milotic|perish2\n|-start|p1b: Sableye|perish2\n|upkeep\n|turn|3\n|\n|t:|1776454590\n|cant|p2b: Scovillain|slp\n|move|p1b: Sableye|Gravity|p1b: Sableye\n|-fieldstart|move: Gravity\n|move|p1a: Gengar|Hypnosis|p2a: Milotic\n|-status|p2a: Milotic|slp|[from] move: Hypnosis\n|cant|p2a: Milotic|slp\n|\n|-start|p1a: Gengar|perish1\n|-start|p2b: Scovillain|perish1\n|-start|p2a: Milotic|perish1\n|-start|p1b: Sableye|perish1\n|upkeep\n|turn|4\n|\n|t:|1776454611\n|switch|p1a: Incineroar|Incineroar, L50, F|100/100\n|-ability|p1a: Incineroar|Intimidate|boost\n|-unboost|p2a: Milotic|atk|1\n|-ability|p2a: Milotic|Competitive|boost\n|-boost|p2a: Milotic|spa|2\n|-unboost|p2b: Scovillain|atk|1\n|switch|p1b: Bellibolt|Bellibolt, L50, F|100/100\n|-curestatus|p2b: Scovillain|slp|[msg]\n|move|p2b: Scovillain|Rage Powder|p2b: Scovillain\n|-singleturn|p2b: Scovillain|move: Rage Powder\n|cant|p2a: Milotic|slp\n|\n|-start|p2b: Scovillain|perish0\n|-start|p2a: Milotic|perish0\n|faint|p2b: Scovillain\n|faint|p2a: Milotic\n|upkeep\n|\n|t:|1776454616\n|switch|p2b: Glimmora|Glimmora, L50, F|100/100\n|switch|p2a: Dragapult|Dragapult, L50, F|100/100\n|turn|5\n|\n|t:|1776454632\n|move|p2a: Dragapult|Protect|p2a: Dragapult\n|-singleturn|p2a: Dragapult|Protect\n|move|p2b: Glimmora|Spiky Shield|p2b: Glimmora\n|-singleturn|p2b: Glimmora|move: Protect\n|move|p1a: Incineroar|Fake Out|p2b: Glimmora\n|-activate|p2b: Glimmora|move: Protect\n|-damage|p1a: Incineroar|88/100|[from] Spiky Shield|[of] p2b: Glimmora\n|move|p1b: Bellibolt|Zap Cannon|p2b: Glimmora\n|-activate|p2b: Glimmora|move: Protect\n|\n|upkeep\n|turn|6\n|\n|t:|1776454652\n|move|p2a: Dragapult|Dragon Pulse|p1a: Incineroar\n|-damage|p1a: Incineroar|52/100\n|move|p2b: Glimmora|Power Gem|p1a: Incineroar\n|-supereffective|p1a: Incineroar|1\n|-damage|p1a: Incineroar|0 fnt\n|faint|p1a: Incineroar\n|move|p1b: Bellibolt|Parabolic Charge|p2b: Glimmora|[spread] p2a,p2b\n|-resisted|p2a: Dragapult|1\n|-damage|p2a: Dragapult|86/100\n|-damage|p2b: Glimmora|78/100\n|\n|upkeep\n|\n|t:|1776454662\n|switch|p1a: Gengar|Gengar-Mega, L50, F|45/100\n|turn|7\n|\n|t:|1776454669\n|move|p2a: Dragapult|Shadow Ball|p1a: Gengar\n|-supereffective|p1a: Gengar|1\n|-damage|p1a: Gengar|0 fnt\n|faint|p1a: Gengar\n|move|p2b: Glimmora|Earth Power|p1b: Bellibolt\n|-supereffective|p1b: Bellibolt|1\n|-damage|p1b: Bellibolt|50/100\n|-start|p1b: Bellibolt|Charge|Earth Power|[from] ability: Electromorphosis\n|move|p1b: Bellibolt|Zap Cannon|p2b: Glimmora\n|-damage|p2b: Glimmora|0 fnt\n|faint|p2b: Glimmora\n|-end|p1b: Bellibolt|Charge|[silent]\n|\n|-fieldend|move: Gravity\n|upkeep\n|\n|t:|1776454680\n|switch|p1a: Sableye|Sableye, L50, F|33/100\n|turn|8\n|\n|t:|1776454696\n|move|p1a: Sableye|Gravity|p1a: Sableye\n|-fieldstart|move: Gravity\n|move|p2a: Dragapult|Shadow Ball|p1b: Bellibolt\n|-damage|p1b: Bellibolt|13/100\n|-start|p1b: Bellibolt|Charge|Shadow Ball|[from] ability: Electromorphosis\n|move|p1b: Bellibolt|Zap Cannon|p2a: Dragapult|[miss]\n|-miss|p1b: Bellibolt|p2a: Dragapult\n|-end|p1b: Bellibolt|Charge|[silent]\n|\n|upkeep\n|turn|9\n|\n|t:|1776454707\n|move|p1a: Sableye|Disable|p2a: Dragapult\n|-start|p2a: Dragapult|Disable|Shadow Ball\n|cant|p2a: Dragapult|Disable|Shadow Ball\n|move|p1b: Bellibolt|Zap Cannon|p2a: Dragapult\n|-resisted|p2a: Dragapult|1\n|-damage|p2a: Dragapult|47/100\n|-status|p2a: Dragapult|par\n|\n|upkeep\n|turn|10\n|\n|t:|1776454717\n|move|p1a: Sableye|Encore|p2a: Dragapult\n|-start|p2a: Dragapult|Encore\n|cant|p2a: Dragapult|Disable|Shadow Ball\n|move|p1b: Bellibolt|Zap Cannon|p2a: Dragapult|[miss]\n|-miss|p1b: Bellibolt|p2a: Dragapult\n|\n|upkeep\n|turn|11\n|\n|t:|1776454727\n|move|p1a: Sableye|Protect|p1a: Sableye\n|-singleturn|p1a: Sableye|Protect\n|-activate|p2a: Dragapult|move: Struggle\n|move|p2a: Dragapult|Struggle|p1a: Sableye\n|-activate|p1a: Sableye|move: Protect\n|move|p1b: Bellibolt|Zap Cannon|p2a: Dragapult\n|-resisted|p2a: Dragapult|1\n|-crit|p2a: Dragapult\n|-damage|p2a: Dragapult|0 fnt\n|faint|p2a: Dragapult\n|\n|win|orionsayshi\n|raw|orionsayshi's rating: 1107 &rarr; <strong>1125</strong><br />(+18 for winning)\n|raw|AverageAsh's rating: 1013 &rarr; <strong>1004</strong><br />(-9 for losing)\n|l|\u2606AverageAsh\n|player|p2|\n",
  "uploadtime": 1776454756,
  "views": 24,
  "formatid": "gen9championsvgc2026regma",
  "rating": 1004,
  "private": 0,
  "password": null
}