{
  "id": "gen9championsvgc2026regma-2582036972",
  "format": "[Gen 9 Champions] VGC 2026 Reg M-A",
  "players": [
    "Burner Accnt",
    "MaxiSilv"
  ],
  "log": "|j|\u2606Burner Accnt\n|j|\u2606MaxiSilv\n|t:|1776050649\n|gametype|doubles\n|player|p1|Burner Accnt|bugcatcher-gen1|1237\n|player|p2|MaxiSilv|102|1170\n|gen|9\n|tier|[Gen 9 Champions] VGC 2026 Reg M-A\n|rated|\n|rule|Species Clause: Limit one of each Pok\u00e9mon\n|rule|Item Clause: Limit 1 of each item\n|clearpoke\n|poke|p1|Excadrill, L50, F|\n|poke|p1|Milotic, L50, M|\n|poke|p1|Talonflame, L50, M|\n|poke|p1|Garchomp, L50, M|\n|poke|p1|Tyranitar, L50, M|\n|poke|p1|Kommo-o, L50, F|\n|poke|p2|Tyranitar, L50, M|\n|poke|p2|Excadrill, L50, M|\n|poke|p2|Delphox, L50, M|\n|poke|p2|Milotic, L50, M|\n|poke|p2|Sinistcha, L50|\n|poke|p2|Sylveon, L50, F|\n|teampreview|4\nMaxiSilv has agreed to open team sheets.\n|inactive|Battle timer is ON: inactive players will automatically lose when time's up. (requested by Burner Accnt)\n|\n|t:|1776050692\n|teamsize|p1|4\n|teamsize|p2|4\n|start\n|switch|p1a: Talonflame|Talonflame, L50, M|100/100\n|switch|p1b: Excadrill|Excadrill, L50, F|100/100\n|switch|p2a: Tyranitar|Tyranitar, L50, M|100/100\n|switch|p2b: Excadrill|Excadrill, L50, M|100/100\n|-weather|Sandstorm|[from] ability: Sand Stream|[of] p2a: Tyranitar\n|turn|1\n|inactive|MaxiSilv has 30 seconds left.\n|inactive|MaxiSilv has 20 seconds left.\n|inactive|MaxiSilv has 15 seconds left.\n|\n|t:|1776050735\n|move|p1a: Talonflame|Tailwind|p1a: Talonflame\n|-sidestart|p1: Burner Accnt|move: Tailwind\n|move|p1b: Excadrill|Earthquake|p2a: Tyranitar|[spread] p2a,p2b\n|-immune|p1a: Talonflame\n|-supereffective|p2a: Tyranitar|1\n|-supereffective|p2b: Excadrill|1\n|-damage|p2a: Tyranitar|28/100\n|-enditem|p2b: Excadrill|Focus Sash\n|-damage|p2b: Excadrill|1/100\n|move|p2b: Excadrill|Rock Slide|p1a: Talonflame|[spread] p1a,p1b\n|-supereffective|p1a: Talonflame|2\n|-resisted|p1b: Excadrill|2\n|-damage|p1a: Talonflame|0 fnt\n|-damage|p1b: Excadrill|94/100\n|faint|p1a: Talonflame\n|move|p2a: Tyranitar|Superpower|p1b: Excadrill\n|-supereffective|p1b: Excadrill|1\n|-damage|p1b: Excadrill|0 fnt\n|-unboost|p2a: Tyranitar|atk|1\n|-unboost|p2a: Tyranitar|def|1\n|faint|p1b: Excadrill\n|\n|-weather|Sandstorm|[upkeep]\n|upkeep\n|\n|t:|1776050754\n|switch|p1a: Garchomp|Garchomp, L50, M|100/100\n|switch|p1b: Tyranitar|Tyranitar, L50, M|100/100\n|turn|2\n|inactive|MaxiSilv has 30 seconds left.\n|inactive|MaxiSilv has 20 seconds left.\n|inactive|MaxiSilv has 15 seconds left.\n|inactive|MaxiSilv has 10 seconds left.\n|\n|t:|1776050802\n|switch|p2b: Sinistcha|Sinistcha, L50|100/100\n|-heal|p2a: Tyranitar|53/100|[from] ability: Hospitality|[of] p2b: Sinistcha\n|move|p1b: Tyranitar|Protect|p1b: Tyranitar\n|-singleturn|p1b: Tyranitar|Protect\n|move|p2a: Tyranitar|Protect|p2a: Tyranitar\n|-singleturn|p2a: Tyranitar|Protect\n|move|p1a: Garchomp|Earthquake|p2b: Sinistcha|[spread] p2b\n|-activate|p1b: Tyranitar|move: Protect\n|-activate|p2a: Tyranitar|move: Protect\n|-resisted|p2b: Sinistcha|1\n|-damage|p2b: Sinistcha|86/100\n|\n|-weather|Sandstorm|[upkeep]\n|-damage|p2b: Sinistcha|80/100|[from] Sandstorm\n|upkeep\n|turn|3\n|\n|t:|1776050828\n|switch|p2a: Sylveon|Sylveon, L50, F|100/100\n|move|p1a: Garchomp|Rock Slide|p2a: Sylveon|[spread] p2b\n|-miss|p1a: Garchomp|p2a: Sylveon\n|-damage|p2b: Sinistcha|64/100\n|move|p1b: Tyranitar|Knock Off|p2b: Sinistcha\n|-supereffective|p2b: Sinistcha|1\n|-damage|p2b: Sinistcha|0 fnt\n|-enditem|p2b: Sinistcha|Sitrus Berry|[from] move: Knock Off|[of] p1b: Tyranitar\n|faint|p2b: Sinistcha\n|\n|-weather|Sandstorm|[upkeep]\n|-damage|p2a: Sylveon|95/100|[from] Sandstorm\n|upkeep\n|\n|t:|1776050848\n|switch|p2b: Excadrill|Excadrill, L50, M|1/100\n|turn|4\n|\n|t:|1776050866\n|detailschange|p1a: Garchomp|Garchomp-Mega, L50, M\n|-mega|p1a: Garchomp|Garchomp|Garchompite\n|move|p1a: Garchomp|Rock Slide|p2a: Sylveon|[spread] p2a,p2b\n|-resisted|p2b: Excadrill|2\n|-damage|p2a: Sylveon|62/100\n|-damage|p2b: Excadrill|0 fnt\n|faint|p2b: Excadrill\n|move|p1b: Tyranitar|Rock Slide|p2a: Sylveon\n|-damage|p2a: Sylveon|21/100\n|move|p2a: Sylveon|Hyper Voice|p1b: Tyranitar|[spread] p1a,p1b\n|-supereffective|p1a: Garchomp|1\n|-supereffective|p1b: Tyranitar|1\n|-damage|p1a: Garchomp|12/100\n|-damage|p1b: Tyranitar|42/100\n|\n|-weather|Sandstorm|[upkeep]\n|-damage|p2a: Sylveon|15/100|[from] Sandstorm\n|-sideend|p1: Burner Accnt|move: Tailwind\n|upkeep\n|\n|t:|1776050880\n|switch|p2b: Tyranitar|Tyranitar, L50, M|53/100\n|turn|5\n|\n|t:|1776050902\n|detailschange|p2b: Tyranitar|Tyranitar-Mega, L50, M\n|-mega|p2b: Tyranitar|Tyranitar|Tyranitarite\n|move|p1b: Tyranitar|Protect|p1b: Tyranitar\n|-singleturn|p1b: Tyranitar|Protect\n|move|p2a: Sylveon|Quick Attack|p1a: Garchomp\n|-supereffective|p1a: Garchomp|1\n|-damage|p1a: Garchomp|0 fnt\n|faint|p1a: Garchomp\n|move|p2b: Tyranitar|Superpower|p1b: Tyranitar\n|-activate|p1b: Tyranitar|move: Protect\n|\n|-weather|none\n|upkeep\n|turn|6\n|-message|Burner Accnt forfeited.\n|\n|win|MaxiSilv\n|raw|Burner Accnt's rating: 1237 &rarr; <strong>1207</strong><br />(-30 for losing)\n|raw|MaxiSilv's rating: 1170 &rarr; <strong>1200</strong><br />(+30 for winning)\n|l|\u2606Burner Accnt\n|player|p1|\n",
  "uploadtime": 1776050920,
  "views": 54,
  "formatid": "gen9championsvgc2026regma",
  "rating": 1200,
  "private": 0,
  "password": null
}