{
  "id": "gen9championsvgc2026regma-2584195322",
  "format": "[Gen 9 Champions] VGC 2026 Reg M-A",
  "players": [
    "waez97",
    "RandomGuyInSchool"
  ],
  "log": "|j|\u2606waez97\n|j|\u2606RandomGuyInSchool\n|t:|1776236827\n|gametype|doubles\n|player|p1|waez97|102|1125\n|player|p2|RandomGuyInSchool|schoolkid-gen4|1113\n|gen|9\n|tier|[Gen 9 Champions] VGC 2026 Reg M-A\n|rated|\n|rule|Species Clause: Limit one of each Pok\u00e9mon\n|rule|Item Clause: Limit 1 of each item\n|clearpoke\n|poke|p1|Passimian, L50, M|\n|poke|p1|Floette-Eternal, L50, F|\n|poke|p1|Farigiraf, L50, M|\n|poke|p1|Aerodactyl, L50, M|\n|poke|p1|Aegislash, L50, M|\n|poke|p1|Drampa, L50, M|\n|poke|p2|Incineroar, L50, M|\n|poke|p2|Farigiraf, L50, M|\n|poke|p2|Whimsicott, L50, M|\n|poke|p2|Gengar, L50, F|\n|poke|p2|Kingambit, L50, M|\n|poke|p2|Rotom-Wash, L50|\n|teampreview|4\n|inactive|Battle timer is ON: inactive players will automatically lose when time's up. (requested by RandomGuyInSchool)\nRandomGuyInSchool rejected open team sheets.\n|inactive|waez97 has 60 seconds left.\n|inactive|RandomGuyInSchool has 60 seconds left.\n|inactive|waez97 has 30 seconds left.\n|\n|t:|1776236894\n|teamsize|p1|4\n|teamsize|p2|4\n|start\n|switch|p1a: Passimian|Passimian, L50, M|100/100\n|switch|p1b: Floette|Floette-Eternal, L50, F|100/100\n|switch|p2a: Incineroar|Incineroar, L50, M|100/100\n|switch|p2b: Gengar|Gengar, L50, F|100/100\n|-ability|p2a: Incineroar|Intimidate|boost\n|-unboost|p1a: Passimian|atk|1\n|-ability|p1a: Passimian|Defiant|boost\n|-boost|p1a: Passimian|atk|2\n|-unboost|p1b: Floette|atk|1\n|turn|1\n|\n|t:|1776236912\n|switch|p1b: Aegislash|Aegislash, L50, M, shiny|100/100\n|detailschange|p2b: Gengar|Gengar-Mega, L50, F\n|-mega|p2b: Gengar|Gengar|Gengarite\n|move|p2b: Gengar|Protect|p2b: Gengar\n|-singleturn|p2b: Gengar|Protect\n|move|p1a: Passimian|Protect|p1a: Passimian\n|-singleturn|p1a: Passimian|Protect\n|move|p2a: Incineroar|Parting Shot|p1b: Aegislash\n|-unboost|p1b: Aegislash|atk|1\n|-unboost|p1b: Aegislash|spa|1\n|\n|t:|1776236925\n|switch|p2a: Whimsicott|Whimsicott, L50, M|100/100|[from] Parting Shot\n|\n|upkeep\n|turn|2\n|\n|t:|1776236943\n|move|p2a: Whimsicott|Encore|p1a: Passimian\n|-start|p1a: Passimian|Encore\n|move|p1a: Passimian|Protect||[still]\n|-fail|p1a: Passimian\n|move|p2b: Gengar|Shadow Ball|p1b: Aegislash\n|-supereffective|p1b: Aegislash|1\n|-crit|p1b: Aegislash\n|-damage|p1b: Aegislash|0 fnt\n|faint|p1b: Aegislash\n|\n|upkeep\n|\n|t:|1776236953\n|switch|p1b: Farigiraf|Farigiraf, L50, M|100/100\n|turn|3\n|\n|t:|1776236977\n|move|p1a: Passimian|Protect|p1a: Passimian\n|-singleturn|p1a: Passimian|Protect\n|move|p2b: Gengar|Sludge Bomb|p1b: Farigiraf\n|-damage|p1b: Farigiraf|46/100\n|-enditem|p1b: Farigiraf|Sitrus Berry|[eat]\n|-heal|p1b: Farigiraf|71/100|[from] item: Sitrus Berry\n|move|p2a: Whimsicott|Moonblast|p1b: Farigiraf\n|-damage|p1b: Farigiraf|30/100\n|move|p1b: Farigiraf|Psychic|p2a: Whimsicott\n|-damage|p2a: Whimsicott|23/100\n|\n|upkeep\n|turn|4\n|inactive|RandomGuyInSchool has 30 seconds left.\n|\n|t:|1776237008\n|move|p2a: Whimsicott|Protect|p2a: Whimsicott\n|-singleturn|p2a: Whimsicott|Protect\n|move|p1a: Passimian|Protect||[still]\n|-fail|p1a: Passimian\n|move|p1b: Farigiraf|Protect|p1b: Farigiraf\n|-singleturn|p1b: Farigiraf|Protect\n|move|p2b: Gengar|Sludge Bomb|p1b: Farigiraf\n|-activate|p1b: Farigiraf|move: Protect\n|\n|-end|p1a: Passimian|Encore\n|-activate|p1b: Farigiraf|ability: Cud Chew\n|-enditem|p1b: Farigiraf|Sitrus Berry|[eat]\n|-heal|p1b: Farigiraf|55/100|[from] item: Sitrus Berry\n|upkeep\n|turn|5\n|inactive|waez97 has 30 seconds left.\n|inactive|RandomGuyInSchool has 30 seconds left.\n|inactive|waez97 has 20 seconds left.\n|\n|t:|1776237044\n|move|p1b: Farigiraf|Protect||[still]\n|-fail|p1b: Farigiraf\n|move|p2b: Gengar|Sludge Bomb|p1b: Farigiraf\n|-damage|p1b: Farigiraf|0 fnt\n|faint|p1b: Farigiraf\n|move|p2a: Whimsicott|Moonblast|p1a: Passimian\n|-supereffective|p1a: Passimian|1\n|-enditem|p1a: Passimian|Roseli Berry|[eat]\n|-enditem|p1a: Passimian|Roseli Berry|[weaken]\n|-damage|p1a: Passimian|52/100\n|-unboost|p1a: Passimian|spa|1\n|-ability|p1a: Passimian|Defiant|boost\n|-boost|p1a: Passimian|atk|2\n|move|p1a: Passimian|Gunk Shot|p2a: Whimsicott\n|-supereffective|p2a: Whimsicott|2\n|-damage|p2a: Whimsicott|0 fnt\n|faint|p2a: Whimsicott\n|\n|upkeep\n|\n|t:|1776237067\n|switch|p2a: Incineroar|Incineroar, L50, M|100/100\n|switch|p1b: Floette|Floette-Eternal, L50, F|100/100\n|-ability|p2a: Incineroar|Intimidate|boost\n|-unboost|p1a: Passimian|atk|1\n|-ability|p1a: Passimian|Defiant|boost\n|-boost|p1a: Passimian|atk|2\n|-unboost|p1b: Floette|atk|1\n|turn|6\n|\n|t:|1776237083\n|move|p1b: Floette|Protect|p1b: Floette\n|-singleturn|p1b: Floette|Protect\n|move|p1a: Passimian|Protect|p1a: Passimian\n|-singleturn|p1a: Passimian|Protect\n|move|p2a: Incineroar|Fake Out|p1a: Passimian\n|-activate|p1a: Passimian|move: Protect\n|move|p2b: Gengar|Sludge Bomb|p1b: Floette\n|-activate|p1b: Floette|move: Protect\n|\n|upkeep\n|turn|7\n|\n|t:|1776237097\n|detailschange|p1b: Floette|Floette-Mega, L50, F\n|-mega|p1b: Floette|Floette|Floettite\n|-ability|p1b: Floette|Fairy Aura\n|move|p2b: Gengar|Sludge Bomb|p1a: Passimian\n|-damage|p1a: Passimian|0 fnt\n|faint|p1a: Passimian\n|move|p1b: Floette|Calm Mind|p1b: Floette\n|-boost|p1b: Floette|spa|1\n|-boost|p1b: Floette|spd|1\n|move|p2a: Incineroar|Parting Shot|p1b: Floette\n|-unboost|p1b: Floette|atk|1\n|-unboost|p1b: Floette|spa|1\n|\n|t:|1776237106\n|switch|p2a: Kingambit|Kingambit, L50, M|100/100|[from] Parting Shot\n|\n|upkeep\n|turn|8\n|-message|waez97 forfeited.\n|\n|win|RandomGuyInSchool\n|raw|waez97's rating: 1125 &rarr; <strong>1099</strong><br />(-26 for losing)\n|raw|RandomGuyInSchool's rating: 1113 &rarr; <strong>1139</strong><br />(+26 for winning)\n|l|\u2606waez97\n|player|p1|\n",
  "uploadtime": 1776237115,
  "views": 17,
  "formatid": "gen9championsvgc2026regma",
  "rating": 1099,
  "private": 0,
  "password": null
}