{
  "id": "gen9championsvgc2026regma-2583070627",
  "format": "[Gen 9 Champions] VGC 2026 Reg M-A",
  "players": [
    "eeaka",
    "rexoguns"
  ],
  "log": "|j|\u2606eeaka\n|j|\u2606rexoguns\n|t:|1776138746\n|gametype|doubles\n|player|p1|eeaka|lady|1433\n|player|p2|rexoguns|ingo|1504\n|gen|9\n|tier|[Gen 9 Champions] VGC 2026 Reg M-A\n|rated|\n|rule|Species Clause: Limit one of each Pok\u00e9mon\n|rule|Item Clause: Limit 1 of each item\n|clearpoke\n|poke|p1|Charizard, L50, F|\n|poke|p1|Incineroar, L50, F|\n|poke|p1|Whimsicott, L50, F|\n|poke|p1|Rotom-Wash, L50|\n|poke|p1|Sneasler, L50, F|\n|poke|p1|Garchomp, L50, M|\n|poke|p2|Kingambit, L50, M|\n|poke|p2|Sneasler, L50, F|\n|poke|p2|Delphox, L50, F|\n|poke|p2|Basculegion, L50, M|\n|poke|p2|Sinistcha, L50|\n|poke|p2|Clefable, L50, F|\n|teampreview|4\n|inactive|Battle timer is ON: inactive players will automatically lose when time's up. (requested by rexoguns)\n|inactive|eeaka also wants the timer to be on.\n|inactive|eeaka has 60 seconds left.\n|inactive|rexoguns has 60 seconds left.\n|inactive|eeaka has 30 seconds left.\n|inactive|eeaka has 20 seconds left.\n|inactive|eeaka has 15 seconds left.\n|inactive|eeaka has 10 seconds left.\n|\n|t:|1776138831\n|teamsize|p1|4\n|teamsize|p2|4\n|start\n|switch|p1a: Charizard|Charizard, L50, F|100/100\n|switch|p1b: Rotom|Rotom-Wash, L50|100/100\n|switch|p2a: Argus|Kingambit, L50, M|100/100\n|switch|p2b: Natalia|Sneasler, L50, F|100/100\n|turn|1\n|j| Rainbow Chrome\n|\n|t:|1776138849\n|move|p1a: Charizard|Protect|p1a: Charizard\n|-singleturn|p1a: Charizard|Protect\n|move|p2b: Natalia|Fake Out|p1b: Rotom\n|-damage|p1b: Rotom|84/100\n|cant|p1b: Rotom|flinch\n|move|p2a: Argus|Swords Dance|p2a: Argus\n|-boost|p2a: Argus|atk|2\n|\n|-heal|p1b: Rotom|90/100|[from] item: Leftovers\n|upkeep\n|turn|2\n|\n|t:|1776138874\n|switch|p1a: Garchomp|Garchomp, L50, M|100/100\n|move|p2a: Argus|Protect|p2a: Argus\n|-singleturn|p2a: Argus|Protect\n|move|p2b: Natalia|Dire Claw|p1a: Garchomp\n|-resisted|p1a: Garchomp|1\n|-damage|p1a: Garchomp|81/100\n|-damage|p2b: Natalia|88/100|[from] ability: Rough Skin|[of] p1a: Garchomp\n|move|p1b: Rotom|Thunderbolt|p2a: Argus\n|-activate|p2a: Argus|move: Protect\n|\n|-heal|p1b: Rotom|95/100|[from] item: Leftovers\n|upkeep\n|turn|3\n|\n|t:|1776138898\n|move|p2a: Argus|Sucker Punch|p1a: Garchomp\n|-crit|p1a: Garchomp\n|-damage|p1a: Garchomp|0 fnt\n|-damage|p2a: Argus|88/100|[from] ability: Rough Skin|[of] p1a: Garchomp\n|faint|p1a: Garchomp\n|move|p2b: Natalia|Close Combat|p1b: Rotom\n|-damage|p1b: Rotom|26/100\n|-unboost|p2b: Natalia|def|1\n|-unboost|p2b: Natalia|spd|1\n|move|p1b: Rotom|Volt Switch|p2a: Argus\n|-damage|p2a: Argus|58/100\n|\n|t:|1776138906\n|switch|p1b: Charizard|Charizard, L50, F|100/100|[from] Volt Switch\n|\n|upkeep\n|\n|t:|1776138913\n|switch|p1a: Rotom|Rotom-Wash, L50|26/100\n|turn|4\n|\n|t:|1776138921\n|move|p1b: Charizard|Protect|p1b: Charizard\n|-singleturn|p1b: Charizard|Protect\n|move|p2a: Argus|Protect|p2a: Argus\n|-singleturn|p2a: Argus|Protect\n|move|p2b: Natalia|Close Combat|p1a: Rotom\n|-damage|p1a: Rotom|0 fnt\n|-unboost|p2b: Natalia|def|1\n|-unboost|p2b: Natalia|spd|1\n|faint|p1a: Rotom\n|\n|upkeep\n|\n|t:|1776138926\n|switch|p1a: Whimsicott|Whimsicott, L50, F|100/100\n|turn|5\n|\n|t:|1776138936\n|move|p1b: Charizard|Protect||[still]\n|-fail|p1b: Charizard\n|move|p1a: Whimsicott|Encore|p2b: Natalia\n|-start|p2b: Natalia|Encore\n|move|p2a: Argus|Sucker Punch||[still]\n|-fail|p2a: Argus\n|move|p2b: Natalia|Close Combat|p1b: Charizard\n|-resisted|p1b: Charizard|1\n|-damage|p1b: Charizard|70/100\n|-unboost|p2b: Natalia|def|1\n|-unboost|p2b: Natalia|spd|1\n|\n|upkeep\n|turn|6\n|\n|t:|1776138951\n|detailschange|p1b: Charizard|Charizard-Mega-Y, L50, F\n|-mega|p1b: Charizard|Charizard|Charizardite Y\n|-weather|SunnyDay|[from] ability: Drought|[of] p1b: Charizard\n|move|p2a: Argus|Sucker Punch|p1b: Charizard\n|-damage|p1b: Charizard|0 fnt\n|faint|p1b: Charizard\n|move|p2b: Natalia|Close Combat|p1a: Whimsicott\n|-resisted|p1a: Whimsicott|1\n|-damage|p1a: Whimsicott|57/100\n|-unboost|p2b: Natalia|def|1\n|-unboost|p2b: Natalia|spd|1\n|move|p1a: Whimsicott|Moonblast|p2a: Argus\n|-damage|p2a: Argus|22/100\n|\n|-weather|SunnyDay|[upkeep]\n|upkeep\n|turn|7\n|-message|eeaka forfeited.\n|\n|win|rexoguns\n|raw|eeaka's rating: 1433 &rarr; <strong>1417</strong><br />(-16 for losing)\n|raw|rexoguns's rating: 1504 &rarr; <strong>1520</strong><br />(+16 for winning)\n|l|\u2606eeaka\n|player|p1|\n|l|\u2606rexoguns\n|player|p2|\n",
  "uploadtime": 1776138975,
  "views": 54,
  "formatid": "gen9championsvgc2026regma",
  "rating": 1417,
  "private": 0,
  "password": null
}