{
  "id": "gen9championsvgc2026regma-2583757819",
  "format": "[Gen 9 Champions] VGC 2026 Reg M-A",
  "players": [
    "salfur",
    "Yoshiforlife"
  ],
  "log": "|j|\u2606salfur\n|j|\u2606Yoshiforlife\n|t:|1776195675\n|gametype|doubles\n|player|p1|salfur|guitarist|1164\n|player|p2|Yoshiforlife|2|1075\n|gen|9\n|tier|[Gen 9 Champions] VGC 2026 Reg M-A\n|rated|\n|rule|Species Clause: Limit one of each Pok\u00e9mon\n|rule|Item Clause: Limit 1 of each item\n|clearpoke\n|poke|p1|Whimsicott, L50, F|\n|poke|p1|Sinistcha, L50|\n|poke|p1|Scizor, L50, F|\n|poke|p1|Kommo-o, L50, M|\n|poke|p1|Primarina, L50, M|\n|poke|p1|Typhlosion-Hisui, L50, M|\n|poke|p2|Delphox, L50, F|\n|poke|p2|Basculegion, L50, M|\n|poke|p2|Clefable, L50, M|\n|poke|p2|Kingambit, L50, M|\n|poke|p2|Dragonite, L50, M|\n|poke|p2|Sneasler, L50, F|\n|teampreview|4\n|inactive|Battle timer is ON: inactive players will automatically lose when time's up. (requested by Yoshiforlife)\n|inactive|salfur also wants the timer to be on.\n|\n|t:|1776195703\n|teamsize|p1|4\n|teamsize|p2|4\n|start\n|switch|p1a: Whimsicott|Whimsicott, L50, F|100/100\n|switch|p1b: Primarina|Primarina, L50, M|100/100\n|switch|p2a: Sneasler|Sneasler, L50, F|100/100\n|switch|p2b: Kingambit|Kingambit, L50, M|100/100\n|turn|1\n|\n|t:|1776195721\n|move|p1b: Primarina|Protect|p1b: Primarina\n|-singleturn|p1b: Primarina|Protect\n|move|p1a: Whimsicott|Tailwind|p1a: Whimsicott\n|-sidestart|p1: salfur|move: Tailwind\n|move|p2a: Sneasler|Dire Claw|p1a: Whimsicott\n|-supereffective|p1a: Whimsicott|2\n|-damage|p1a: Whimsicott|0 fnt\n|faint|p1a: Whimsicott\n|move|p2b: Kingambit|Swords Dance|p2b: Kingambit\n|-boost|p2b: Kingambit|atk|2\n|\n|upkeep\n|\n|t:|1776195731\n|switch|p1a: Kommo-o|Kommo-o, L50, M|100/100\n|turn|2\n|\n|t:|1776195741\n|switch|p2a: Clefable|Clefable, L50, M|100/100\n|move|p2b: Kingambit|Sucker Punch|p1b: Primarina\n|-resisted|p1b: Primarina|1\n|-damage|p1b: Primarina|40/100\n|move|p1a: Kommo-o|Brick Break|p2b: Kingambit\n|-supereffective|p2b: Kingambit|2\n|-damage|p2b: Kingambit|0 fnt\n|faint|p2b: Kingambit\n|move|p1b: Primarina|Sparkling Aria|p2a: Clefable|[spread] p2a\n|-immune|p1a: Kommo-o|[from] ability: Soundproof\n|-damage|p2a: Clefable|67/100\n|\n|-heal|p1b: Primarina|47/100|[from] item: Leftovers\n|upkeep\n|\n|t:|1776195758\n|switch|p2b: Delphox|Delphox, L50, F|100/100\n|turn|3\n|\n|t:|1776195764\n|detailschange|p2b: Delphox|Delphox-Mega, L50, F\n|-mega|p2b: Delphox|Delphox|Delphoxite\n|move|p2b: Delphox|Protect|p2b: Delphox\n|-singleturn|p2b: Delphox|Protect\n|move|p1a: Kommo-o|Poison Jab|p2a: Clefable\n|-supereffective|p2a: Clefable|1\n|-damage|p2a: Clefable|29/100\n|-enditem|p2a: Clefable|Sitrus Berry|[eat]\n|-heal|p2a: Clefable|53/100|[from] item: Sitrus Berry\n|move|p1b: Primarina|Sparkling Aria|p2a: Clefable|[spread] p2a\n|-activate|p2b: Delphox|move: Protect\n|-immune|p1a: Kommo-o|[from] ability: Soundproof\n|-damage|p2a: Clefable|18/100\n|move|p2a: Clefable|Moonblast|p1a: Kommo-o\n|-supereffective|p1a: Kommo-o|2\n|-damage|p1a: Kommo-o|0 fnt\n|faint|p1a: Kommo-o\n|\n|-heal|p1b: Primarina|53/100|[from] item: Leftovers\n|upkeep\n|\n|t:|1776195766\n|switch|p1a: Scizor|Scizor, L50, F|100/100\n|turn|4\n|\n|t:|1776195789\n|detailschange|p1a: Scizor|Scizor-Mega, L50, F\n|-mega|p1a: Scizor|Scizor|Scizorite\n|move|p2a: Clefable|Follow Me|p2a: Clefable\n|-singleturn|p2a: Clefable|move: Follow Me\n|move|p1a: Scizor|Bullet Punch|p2a: Clefable\n|-supereffective|p2a: Clefable|1\n|-damage|p2a: Clefable|0 fnt\n|faint|p2a: Clefable\n|move|p2b: Delphox|Heat Wave|p1a: Scizor|[spread] p1a,p1b\n|-supereffective|p1a: Scizor|2\n|-resisted|p1b: Primarina|1\n|-damage|p1a: Scizor|0 fnt\n|-damage|p1b: Primarina|34/100\n|faint|p1a: Scizor\n|move|p1b: Primarina|Sparkling Aria|p2b: Delphox\n|-supereffective|p2b: Delphox|1\n|-damage|p2b: Delphox|8/100\n|\n|-heal|p1b: Primarina|40/100|[from] item: Leftovers\n|-sideend|p1: salfur|move: Tailwind\n|upkeep\n|\n|t:|1776195806\n|switch|p2a: Sneasler|Sneasler, L50, F|100/100\n|turn|5\n|\n|t:|1776195815\n|move|p1b: Primarina|Protect|p1b: Primarina\n|-singleturn|p1b: Primarina|Protect\n|move|p2a: Sneasler|Fake Out|p1b: Primarina\n|-activate|p1b: Primarina|move: Protect\n|move|p2b: Delphox|Psychic|p1b: Primarina\n|-activate|p1b: Primarina|move: Protect\n|\n|-heal|p1b: Primarina|47/100|[from] item: Leftovers\n|upkeep\n|turn|6\n|\n|t:|1776195837\n|move|p2b: Delphox|Psychic|p1b: Primarina\n|-damage|p1b: Primarina|0 fnt\n|faint|p1b: Primarina\n|\n|win|Yoshiforlife\n|raw|salfur's rating: 1164 &rarr; <strong>1133</strong><br />(-31 for losing)\n|raw|Yoshiforlife's rating: 1075 &rarr; <strong>1111</strong><br />(+36 for winning)\n|l|\u2606salfur\n|player|p1|\n",
  "uploadtime": 1776195842,
  "views": 21,
  "formatid": "gen9championsvgc2026regma",
  "rating": 1111,
  "private": 0,
  "password": null
}