{
  "id": "gen9championsvgc2026regma-2587612830",
  "format": "[Gen 9 Champions] VGC 2026 Reg M-A",
  "players": [
    "tankiton",
    "Evil Yarrack"
  ],
  "log": "|j|\u2606tankiton\n|j|\u2606Evil Yarrack\n|t:|1776546967\n|gametype|doubles\n|player|p1|tankiton|266|1414\n|player|p2|Evil Yarrack|youngster-gen4dp|1503\n|gen|9\n|tier|[Gen 9 Champions] VGC 2026 Reg M-A\n|rated|\n|rule|Species Clause: Limit one of each Pok\u00e9mon\n|rule|Item Clause: Limit 1 of each item\n|clearpoke\n|poke|p1|Floette-Eternal, L50, F|\n|poke|p1|Rotom-Wash, L50|\n|poke|p1|Garchomp, L50, F|\n|poke|p1|Sneasler, L50, F|\n|poke|p1|Aerodactyl, L50, M|\n|poke|p1|Incineroar, L50, M|\n|poke|p2|Whimsicott, L50, F|\n|poke|p2|Tyranitar, L50, M|\n|poke|p2|Lycanroc, L50, M|\n|poke|p2|Corviknight, L50, F|\n|poke|p2|Sinistcha, L50|\n|poke|p2|Clawitzer, L50, F|\n|teampreview|4\n|inactive|Battle timer is ON: inactive players will automatically lose when time's up. (requested by Evil Yarrack)\n|j| EsqciMinhaSenha2\n|inactive|tankiton has 60 seconds left.\n|\n|t:|1776547008\n|teamsize|p1|4\n|teamsize|p2|4\n|start\n|switch|p1a: Rotom|Rotom-Wash, L50|100/100\n|switch|p1b: Garchomp|Garchomp, L50, F|100/100\n|switch|p2a: Whimsicott|Whimsicott, L50, F|100/100\n|switch|p2b: Tyranitar|Tyranitar, L50, M|100/100\n|-weather|Sandstorm|[from] ability: Sand Stream|[of] p2b: Tyranitar\n|turn|1\n|inactive|tankiton has 30 seconds left.\n|\n|t:|1776547040\n|switch|p1b: Incineroar|Incineroar, L50, M|100/100\n|-ability|p1b: Incineroar|Intimidate|boost\n|-unboost|p2a: Whimsicott|atk|1\n|-unboost|p2b: Tyranitar|atk|1\n|move|p2b: Tyranitar|Protect|p2b: Tyranitar\n|-singleturn|p2b: Tyranitar|Protect\n|move|p1a: Rotom|Volt Switch|p2b: Tyranitar\n|-activate|p2b: Tyranitar|move: Protect\n|move|p2a: Whimsicott|Energy Ball|p1a: Rotom\n|-supereffective|p1a: Rotom|1\n|-damage|p1a: Rotom|45/100\n|\n|-weather|Sandstorm|[upkeep]\n|-damage|p1a: Rotom|40/100|[from] Sandstorm\n|-damage|p2a: Whimsicott|95/100|[from] Sandstorm\n|-damage|p1b: Incineroar|95/100|[from] Sandstorm\n|upkeep\n|turn|2\n|\n|t:|1776547064\n|detailschange|p2b: Tyranitar|Tyranitar-Mega, L50, M\n|-mega|p2b: Tyranitar|Tyranitar|Tyranitarite\n|move|p1b: Incineroar|Fake Out|p2b: Tyranitar\n|-resisted|p2b: Tyranitar|1\n|-damage|p2b: Tyranitar|97/100\n|move|p1a: Rotom|Volt Switch|p2a: Whimsicott\n|-resisted|p2a: Whimsicott|1\n|-damage|p2a: Whimsicott|75/100\n|\n|t:|1776547073\n|switch|p1a: Floette|Floette-Eternal, L50, F|100/100|[from] Volt Switch\n|move|p2a: Whimsicott|Energy Ball|p1a: Floette\n|-damage|p1a: Floette|78/100\n|cant|p2b: Tyranitar|flinch\n|\n|-weather|Sandstorm|[upkeep]\n|-damage|p2a: Whimsicott|69/100|[from] Sandstorm\n|-damage|p1a: Floette|72/100|[from] Sandstorm\n|-damage|p1b: Incineroar|89/100|[from] Sandstorm\n|upkeep\n|turn|3\n|inactive|tankiton has 30 seconds left.\n|\n|t:|1776547098\n|detailschange|p1a: Floette|Floette-Mega, L50, F\n|-mega|p1a: Floette|Floette|Floettite\n|-ability|p1a: Floette|Fairy Aura\n|move|p2a: Whimsicott|Tailwind|p2a: Whimsicott\n|-sidestart|p2: Evil Yarrack|move: Tailwind\n|move|p2b: Tyranitar|Rock Slide|p1b: Incineroar|[spread] p1a,p1b\n|-supereffective|p1b: Incineroar|1\n|-damage|p1a: Floette|51/100\n|-damage|p1b: Incineroar|53/100\n|move|p1a: Floette|Dazzling Gleam|p2b: Tyranitar|[spread] p2a,p2b\n|-supereffective|p2b: Tyranitar|1\n|-damage|p2a: Whimsicott|0 fnt\n|-damage|p2b: Tyranitar|45/100\n|faint|p2a: Whimsicott\n|move|p1b: Incineroar|Parting Shot|p2b: Tyranitar\n|-unboost|p2b: Tyranitar|atk|1\n|-unboost|p2b: Tyranitar|spa|1\n|\n|t:|1776547118\n|switch|p1b: Garchomp|Garchomp, L50, F|100/100|[from] Parting Shot\n|\n|-weather|Sandstorm|[upkeep]\n|-damage|p1a: Floette|45/100|[from] Sandstorm\n|upkeep\n|\n|t:|1776547134\n|switch|p2a: Corviknight|Corviknight, L50, F|100/100\n|turn|4\n|\n|t:|1776547151\n|switch|p1b: Incineroar|Incineroar, L50, M|53/100\n|-ability|p1b: Incineroar|Intimidate|boost\n|-ability|p2a: Corviknight|Mirror Armor\n|-unboost|p1b: Incineroar|atk|1\n|-unboost|p2b: Tyranitar|atk|1\n|move|p1a: Floette|Protect|p1a: Floette\n|-singleturn|p1a: Floette|Protect\n|move|p2b: Tyranitar|Ice Punch|p1b: Incineroar\n|-resisted|p1b: Incineroar|1\n|-damage|p1b: Incineroar|48/100\n|-enditem|p1b: Incineroar|Sitrus Berry|[eat]\n|-heal|p1b: Incineroar|73/100|[from] item: Sitrus Berry\n|move|p2a: Corviknight|Iron Head|p1a: Floette\n|-activate|p1a: Floette|move: Protect\n|\n|-weather|Sandstorm|[upkeep]\n|-damage|p1a: Floette|39/100|[from] Sandstorm\n|-damage|p1b: Incineroar|67/100|[from] Sandstorm\n|upkeep\n|turn|5\n|\n|t:|1776547174\n|switch|p2b: Sinistcha|Sinistcha, L50|100/100\n|move|p1b: Incineroar|Fake Out|p2a: Corviknight\n|-resisted|p2a: Corviknight|1\n|-damage|p2a: Corviknight|98/100\n|cant|p2a: Corviknight|flinch\n|move|p1a: Floette|Dazzling Gleam|p2b: Sinistcha|[spread] p2a,p2b\n|-resisted|p2a: Corviknight|1\n|-crit|p2b: Sinistcha\n|-damage|p2a: Corviknight|73/100\n|-damage|p2b: Sinistcha|18/100\n|-enditem|p2b: Sinistcha|Sitrus Berry|[eat]\n|-heal|p2b: Sinistcha|42/100|[from] item: Sitrus Berry\n|\n|-weather|none\n|-heal|p2a: Corviknight|79/100|[from] item: Leftovers\n|upkeep\n|turn|6\n|inactive|tankiton has 30 seconds left.\n|\n|t:|1776547200\n|move|p1a: Floette|Protect|p1a: Floette\n|-singleturn|p1a: Floette|Protect\n|move|p2a: Corviknight|Body Press|p1b: Incineroar\n|-supereffective|p1b: Incineroar|1\n|-damage|p1b: Incineroar|35/100\n|move|p1b: Incineroar|Parting Shot|p2b: Sinistcha\n|-unboost|p2b: Sinistcha|atk|1\n|-unboost|p2b: Sinistcha|spa|1\n|\n|t:|1776547207\n|switch|p1b: Rotom|Rotom-Wash, L50|40/100|[from] Parting Shot\n|move|p2b: Sinistcha|Trick Room|p2b: Sinistcha\n|-fieldstart|move: Trick Room|[of] p2b: Sinistcha\n|\n|-heal|p2a: Corviknight|84/100|[from] item: Leftovers\n|-sideend|p2: Evil Yarrack|move: Tailwind\n|upkeep\n|turn|7\n|\n|t:|1776547228\n|switch|p1a: Garchomp|Garchomp, L50, F|100/100\n|move|p2a: Corviknight|Iron Head|p1a: Garchomp\n|-damage|p1a: Garchomp|71/100\n|-damage|p2a: Corviknight|72/100|[from] ability: Rough Skin|[of] p1a: Garchomp\n|move|p2b: Sinistcha|Matcha Gotcha|p1a: Garchomp|[spread] p1a,p1b\n|-supereffective|p1b: Rotom|1\n|-damage|p1a: Garchomp|53/100\n|-heal|p2b: Sinistcha|52/100|[from] drain|[of] p1a: Garchomp\n|-damage|p1b: Rotom|4/100\n|-heal|p2b: Sinistcha|68/100|[from] drain|[of] p1b: Rotom\n|move|p1b: Rotom|Will-O-Wisp|p2a: Corviknight|[miss]\n|-miss|p1b: Rotom|p2a: Corviknight\n|\n|-heal|p2a: Corviknight|78/100|[from] item: Leftovers\n|upkeep\n|turn|8\n|inactive|tankiton has 30 seconds left.\n|\n|t:|1776547262\n|switch|p1b: Incineroar|Incineroar, L50, M|35/100\n|-ability|p1b: Incineroar|Intimidate|boost\n|-ability|p2a: Corviknight|Mirror Armor\n|-unboost|p1b: Incineroar|atk|1\n|-unboost|p2b: Sinistcha|atk|1\n|move|p2a: Corviknight|Brave Bird|p1a: Garchomp\n|-damage|p1a: Garchomp|8/100\n|-damage|p2a: Corviknight|66/100|[from] ability: Rough Skin|[of] p1a: Garchomp\n|-damage|p2a: Corviknight|52/100|[from] Recoil\n|move|p2b: Sinistcha|Matcha Gotcha|p1b: Incineroar|[spread] p1a,p1b\n|-resisted|p1b: Incineroar|1\n|-damage|p1a: Garchomp|0 fnt\n|-heal|p2b: Sinistcha|72/100|[from] drain|[of] p1a: Garchomp\n|-damage|p1b: Incineroar|28/100\n|-heal|p2b: Sinistcha|76/100|[from] drain|[of] p1b: Incineroar\n|faint|p1a: Garchomp\n|\n|-heal|p2a: Corviknight|58/100|[from] item: Leftovers\n|upkeep\n|\n|t:|1776547281\n|switch|p1a: Floette|Floette-Mega, L50, F|39/100\n|-ability|p1a: Floette|Fairy Aura\n|turn|9\n|inactive|Evil Yarrack has 30 seconds left.\n|\n|t:|1776547308\n|move|p1b: Incineroar|Flare Blitz|p2b: Sinistcha\n|-supereffective|p2b: Sinistcha|1\n|-damage|p2b: Sinistcha|35/100\n|-damage|p1b: Incineroar|16/100|[from] Recoil\n|move|p2a: Corviknight|Body Press|p1b: Incineroar\n|-supereffective|p1b: Incineroar|1\n|-damage|p1b: Incineroar|0 fnt\n|faint|p1b: Incineroar\n|move|p2b: Sinistcha|Matcha Gotcha|p1a: Floette\n|-damage|p1a: Floette|24/100\n|-heal|p2b: Sinistcha|43/100|[from] drain|[of] p1a: Floette\n|move|p1a: Floette|Dazzling Gleam|p2a: Corviknight|[spread] p2a,p2b\n|-resisted|p2a: Corviknight|1\n|-damage|p2a: Corviknight|35/100\n|-damage|p2b: Sinistcha|0 fnt\n|faint|p2b: Sinistcha\n|\n|-heal|p2a: Corviknight|41/100|[from] item: Leftovers\n|upkeep\n|\n|t:|1776547315\n|switch|p1b: Rotom|Rotom-Wash, L50|4/100\n|switch|p2b: Tyranitar|Tyranitar-Mega, L50, M|45/100\n|-weather|Sandstorm|[from] ability: Sand Stream|[of] p2b: Tyranitar\n|turn|10\n|\n|t:|1776547327\n|move|p1a: Floette|Protect|p1a: Floette\n|-singleturn|p1a: Floette|Protect\n|move|p2a: Corviknight|Body Press|p1b: Rotom\n|-damage|p1b: Rotom|0 fnt\n|faint|p1b: Rotom\n|move|p2b: Tyranitar|Rock Slide|p1a: Floette\n|-activate|p1a: Floette|move: Protect\n|\n|-weather|Sandstorm|[upkeep]\n|-damage|p1a: Floette|18/100|[from] Sandstorm\n|-heal|p2a: Corviknight|47/100|[from] item: Leftovers\n|-fieldend|move: Trick Room\n|upkeep\n|turn|11\n|\n|t:|1776547345\n|move|p1a: Floette|Dazzling Gleam|p2a: Corviknight|[spread] p2a,p2b\n|-resisted|p2a: Corviknight|1\n|-supereffective|p2b: Tyranitar|1\n|-damage|p2a: Corviknight|24/100\n|-damage|p2b: Tyranitar|0 fnt\n|faint|p2b: Tyranitar\n|move|p2a: Corviknight|Iron Head|p1a: Floette\n|-supereffective|p1a: Floette|1\n|-damage|p1a: Floette|0 fnt\n|faint|p1a: Floette\n|\n|win|Evil Yarrack\n|raw|tankiton's rating: 1414 &rarr; <strong>1398</strong><br />(-16 for losing)\n|raw|Evil Yarrack's rating: 1485 &rarr; <strong>1501</strong><br />(+16 for winning)\n|l|\u2606tankiton\n|player|p1|\n|l|\u2606Evil Yarrack\n|player|p2|\n|l| EsqciMinhaSenha2\n",
  "uploadtime": 1776547363,
  "views": 17,
  "formatid": "gen9championsvgc2026regma",
  "rating": 1398,
  "private": 0,
  "password": null
}