{
  "id": "gen9championsvgc2026regma-2585970625",
  "format": "[Gen 9 Champions] VGC 2026 Reg M-A",
  "players": [
    "eheueheu",
    "Chocolatebeast9800"
  ],
  "log": "|j|\u2606eheueheu\n|j|\u2606Chocolatebeast9800\n|t:|1776386252\n|gametype|doubles\n|player|p1|eheueheu|volo|1049\n|player|p2|Chocolatebeast9800|102|1023\n|gen|9\n|tier|[Gen 9 Champions] VGC 2026 Reg M-A\n|rated|\n|rule|Species Clause: Limit one of each Pok\u00e9mon\n|rule|Item Clause: Limit 1 of each item\n|clearpoke\n|poke|p1|Scovillain, L50, M|\n|poke|p1|Milotic, L50, F|\n|poke|p1|Incineroar, L50, F|\n|poke|p1|Sinistcha, L50|\n|poke|p1|Garchomp, L50, F|\n|poke|p1|Kingambit, L50, M|\n|poke|p2|Milotic, L50, M|\n|poke|p2|Kangaskhan, L50, F|\n|poke|p2|Aegislash, L50, M|\n|poke|p2|Aerodactyl, L50, M|\n|poke|p2|Garchomp, L50, M|\n|poke|p2|Rotom-Heat, L50|\n|teampreview|4\n|inactive|Battle timer is ON: inactive players will automatically lose when time's up. (requested by Chocolatebeast9800)\n|inactive|Chocolatebeast9800 has 60 seconds left.\n|\n|t:|1776386287\n|teamsize|p1|4\n|teamsize|p2|4\n|start\n|switch|p1a: Scovillain|Scovillain, L50, M|100/100\n|switch|p1b: Milotic|Milotic, L50, F|100/100\n|switch|p2a: Kangaskhan|Kangaskhan, L50, F|100/100\n|switch|p2b: Aerodactyl|Aerodactyl, L50, M|100/100\n|-ability|p2b: Aerodactyl|Unnerve\n|turn|1\n|\n|t:|1776386302\n|detailschange|p1a: Scovillain|Scovillain-Mega, L50, M\n|-mega|p1a: Scovillain|Scovillain|Scovillainite\n|move|p2a: Kangaskhan|Fake Out|p1b: Milotic\n|-damage|p1b: Milotic|83/100\n|move|p1a: Scovillain|Rage Powder|p1a: Scovillain\n|-singleturn|p1a: Scovillain|move: Rage Powder\n|move|p2b: Aerodactyl|Tailwind|p2b: Aerodactyl\n|-sidestart|p2: Chocolatebeast9800|move: Tailwind\n|cant|p1b: Milotic|flinch\n|\n|-heal|p1b: Milotic|89/100|[from] item: Leftovers\n|upkeep\n|turn|2\n|\n|t:|1776386319\n|detailschange|p2a: Kangaskhan|Kangaskhan-Mega, L50, F\n|-mega|p2a: Kangaskhan|Kangaskhan|Kangaskhanite\n|move|p1a: Scovillain|Rage Powder|p1a: Scovillain\n|-singleturn|p1a: Scovillain|move: Rage Powder\n|move|p2a: Kangaskhan|Sucker Punch||[still]\n|-fail|p2a: Kangaskhan\n|move|p2b: Aerodactyl|Dual Wingbeat|p1a: Scovillain|[miss]\n|-miss|p2b: Aerodactyl|p1a: Scovillain\n|move|p1b: Milotic|Surf|p2a: Kangaskhan|[spread] p1a,p2a,p2b\n|-supereffective|p2b: Aerodactyl|1\n|-crit|p2b: Aerodactyl\n|-damage|p1a: Scovillain|69/100\n|-damage|p2a: Kangaskhan|75/100\n|-enditem|p2b: Aerodactyl|Focus Sash\n|-damage|p2b: Aerodactyl|1/100\n|-status|p1b: Milotic|brn|[from] ability: Spicy Spray|[of] p1a: Scovillain\n|\n|-heal|p1b: Milotic|95/100 brn|[from] item: Leftovers\n|-damage|p1b: Milotic|89/100 brn|[from] brn\n|upkeep\n|turn|3\n|inactive|eheueheu has 30 seconds left.\n|inactive|eheueheu has 20 seconds left.\n|\n|t:|1776386356\n|switch|p1a: Incineroar|Incineroar, L50, F|100/100\n|-ability|p1a: Incineroar|Intimidate|boost\n|-unboost|p2a: Kangaskhan|atk|1\n|-unboost|p2b: Aerodactyl|atk|1\n|move|p2b: Aerodactyl|Dual Wingbeat|p1a: Incineroar|[miss]\n|-miss|p2b: Aerodactyl|p1a: Incineroar\n|move|p2a: Kangaskhan|Double-Edge|p1b: Milotic\n|-damage|p1b: Milotic|57/100 brn\n|-damage|p1b: Milotic|51/100 brn\n|-hitcount|p1b: Milotic|2\n|-damage|p2a: Kangaskhan|63/100|[from] Recoil\n|move|p1b: Milotic|Scald|p2a: Kangaskhan\n|-damage|p2a: Kangaskhan|32/100\n|\n|-heal|p1b: Milotic|57/100 brn|[from] item: Leftovers\n|-damage|p1b: Milotic|51/100 brn|[from] brn\n|upkeep\n|turn|4\n|inactive|eheueheu has 30 seconds left.\n|inactive|Chocolatebeast9800 has 30 seconds left.\n|\n|t:|1776386389\n|switch|p2a: Aegislash|Aegislash, L50, M, shiny|100/100\n|move|p2b: Aerodactyl|Protect|p2b: Aerodactyl\n|-singleturn|p2b: Aerodactyl|Protect\n|move|p1a: Incineroar|Fake Out|p2b: Aerodactyl\n|-activate|p2b: Aerodactyl|move: Protect\n|move|p1b: Milotic|Recover|p1b: Milotic\n|-heal|p1b: Milotic|100/100 brn\n|\n|-damage|p1b: Milotic|95/100 brn|[from] brn\n|-sideend|p2: Chocolatebeast9800|move: Tailwind\n|upkeep\n|turn|5\n|inactive|eheueheu has 30 seconds left.\n|\n|t:|1776386423\n|move|p2b: Aerodactyl|Tailwind|p2b: Aerodactyl\n|-sidestart|p2: Chocolatebeast9800|move: Tailwind\n|-formechange|p2a: Aegislash|Aegislash-Blade|\n|move|p2a: Aegislash|Poltergeist|p1b: Milotic\n|-activate|p1b: Milotic|move: Poltergeist|Leftovers\n|-damage|p1b: Milotic|34/100 brn\n|move|p1b: Milotic|Scald|p2b: Aerodactyl\n|-supereffective|p2b: Aerodactyl|1\n|-damage|p2b: Aerodactyl|0 fnt\n|faint|p2b: Aerodactyl\n|move|p1a: Incineroar|Flare Blitz|p2a: Aegislash\n|-supereffective|p2a: Aegislash|1\n|-damage|p2a: Aegislash|0 fnt\n|faint|p2a: Aegislash\n|-damage|p1a: Incineroar|73/100|[from] Recoil\n|\n|-heal|p1b: Milotic|40/100 brn|[from] item: Leftovers\n|-damage|p1b: Milotic|34/100 brn|[from] brn\n|upkeep\n|-message|Chocolatebeast9800 forfeited.\n|\n|win|eheueheu\n|raw|eheueheu's rating: 1049 &rarr; <strong>1079</strong><br />(+30 for winning)\n|raw|Chocolatebeast9800's rating: 1023 &rarr; <strong>1011</strong><br />(-12 for losing)\n|l|\u2606Chocolatebeast9800\n|player|p2|\n",
  "uploadtime": 1776386448,
  "views": 15,
  "formatid": "gen9championsvgc2026regma",
  "rating": 1011,
  "private": 0,
  "password": null
}