{
  "id": "gen9championsvgc2026regma-2585542201",
  "format": "[Gen 9 Champions] VGC 2026 Reg M-A",
  "players": [
    "ActualRandomizer",
    "xandreszn"
  ],
  "log": "|j|\u2606ActualRandomizer\n|j|\u2606xandreszn\n|t:|1776354408\n|gametype|doubles\n|player|p1|ActualRandomizer|skier|1099\n|player|p2|xandreszn|169|1195\n|gen|9\n|tier|[Gen 9 Champions] VGC 2026 Reg M-A\n|rated|\n|rule|Species Clause: Limit one of each Pok\u00e9mon\n|rule|Item Clause: Limit 1 of each item\n|clearpoke\n|poke|p1|Aurorus, L50, F|\n|poke|p1|Emolga, L50, M|\n|poke|p1|Castform, L50, F|\n|poke|p1|Pangoro, L50, M|\n|poke|p1|Diggersby, L50, M|\n|poke|p1|Pidgeot, L50, M|\n|poke|p2|Froslass, L50, F|\n|poke|p2|Garchomp, L50, M|\n|poke|p2|Rotom-Wash, L50|\n|poke|p2|Farigiraf, L50, M|\n|poke|p2|Whimsicott, L50, F|\n|poke|p2|Milotic, L50, F|\n|teampreview|4\n|inactive|Battle timer is ON: inactive players will automatically lose when time's up. (requested by xandreszn)\n|\n|t:|1776354443\n|teamsize|p1|4\n|teamsize|p2|4\n|start\n|switch|p1a: Diggersby|Diggersby, L50, M|100/100\n|switch|p1b: Pangoro|Pangoro, L50, M|100/100\n|switch|p2a: Froslass|Froslass, L50, F, shiny|100/100\n|switch|p2b: Milotic|Milotic, L50, F|100/100\n|turn|1\n|\n|t:|1776354451\n|detailschange|p2a: Froslass|Froslass-Mega, L50, F, shiny\n|-mega|p2a: Froslass|Froslass|Froslassite\n|-weather|Snowscape|[from] ability: Snow Warning|[of] p2a: Froslass\n|move|p1a: Diggersby|Iron Head|p2a: Froslass\n|-supereffective|p2a: Froslass|1\n|-damage|p2a: Froslass|25/100\n|cant|p2a: Froslass|flinch\n|move|p2b: Milotic|Muddy Water|p1a: Diggersby|[spread] p1a,p1b\n|-supereffective|p1a: Diggersby|1\n|-damage|p1a: Diggersby|29/100\n|-damage|p1b: Pangoro|66/100\n|-unboost|p1a: Diggersby|accuracy|1\n|move|p1b: Pangoro|Rock Slide|p2b: Milotic|[spread] p2a,p2b\n|-supereffective|p2a: Froslass|1\n|-damage|p2a: Froslass|0 fnt\n|-damage|p2b: Milotic|79/100\n|faint|p2a: Froslass\n|\n|-weather|Snowscape|[upkeep]\n|-heal|p2b: Milotic|85/100|[from] item: Leftovers\n|upkeep\n|\n|t:|1776354464\n|switch|p2a: Rotom|Rotom-Wash, L50|100/100\n|turn|2\n|\n|t:|1776354475\n|switch|p1a: Emolga|Emolga, L50, M|100/100\n|move|p1b: Pangoro|Detect|p1b: Pangoro\n|-singleturn|p1b: Pangoro|Protect\n|move|p2a: Rotom|Thunderbolt|p1b: Pangoro\n|-activate|p1b: Pangoro|move: Protect\n|move|p2b: Milotic|Muddy Water|p1a: Emolga|[spread] p1a\n|-activate|p1b: Pangoro|move: Protect\n|-damage|p1a: Emolga|45/100\n|\n|-weather|Snowscape|[upkeep]\n|-heal|p2b: Milotic|90/100|[from] item: Leftovers\n|upkeep\n|turn|3\n|\n|t:|1776354488\n|move|p2b: Milotic|Protect|p2b: Milotic\n|-singleturn|p2b: Milotic|Protect\n|move|p1a: Emolga|Thunderbolt|p2a: Rotom\n|-damage|p2a: Rotom|57/100\n|move|p2a: Rotom|Hydro Pump|p1a: Emolga\n|-damage|p1a: Emolga|0 fnt\n|faint|p1a: Emolga\n|move|p1b: Pangoro|Close Combat|p2a: Rotom\n|-crit|p2a: Rotom\n|-damage|p2a: Rotom|0 fnt\n|-unboost|p1b: Pangoro|def|1\n|-unboost|p1b: Pangoro|spd|1\n|faint|p2a: Rotom\n|\n|-weather|Snowscape|[upkeep]\n|-heal|p2b: Milotic|96/100|[from] item: Leftovers\n|upkeep\n|\n|t:|1776354502\n|switch|p1a: Diggersby|Diggersby, L50, M|29/100\n|switch|p2a: Farigiraf|Farigiraf, L50, M|100/100\n|turn|4\n|\n|t:|1776354511\n|move|p1a: Diggersby|Body Slam|p2b: Milotic\n|-damage|p2b: Milotic|34/100\n|move|p2b: Milotic|Muddy Water|p1a: Diggersby|[spread] p1a,p1b\n|-supereffective|p1a: Diggersby|1\n|-damage|p1a: Diggersby|0 fnt\n|-damage|p1b: Pangoro|16/100\n|faint|p1a: Diggersby\n|move|p1b: Pangoro|Knock Off|p2b: Milotic\n|-damage|p2b: Milotic|0 fnt\n|-enditem|p2b: Milotic|Leftovers|[from] move: Knock Off|[of] p1b: Pangoro\n|faint|p2b: Milotic\n|move|p2a: Farigiraf|Hyper Voice|p1b: Pangoro\n|-damage|p1b: Pangoro|0 fnt\n|faint|p1b: Pangoro\n|\n|-weather|Snowscape|[upkeep]\n|upkeep\n|\n|t:|1776354524\n|switch|p1b: Aurorus|Aurorus, L50, F|100/100\n|turn|5\n|-message|xandreszn forfeited.\n|\n|win|ActualRandomizer\n|raw|ActualRandomizer's rating: 1099 &rarr; <strong>1131</strong><br />(+32 for winning)\n|raw|xandreszn's rating: 1195 &rarr; <strong>1163</strong><br />(-32 for losing)\n|l|\u2606xandreszn\n|player|p2|\n",
  "uploadtime": 1776354536,
  "views": 31,
  "formatid": "gen9championsvgc2026regma",
  "rating": 1131,
  "private": 0,
  "password": null
}