{
  "id": "gen9championsvgc2026regma-2581555942",
  "format": "[Gen 9 Champions] VGC 2026 Reg M-A",
  "players": [
    "WoChien Fangirl",
    "EatingP1zza"
  ],
  "log": "|j|\u2606WoChien Fangirl\n|j|\u2606EatingP1zza\n|t:|1776010666\n|gametype|doubles\n|player|p1|WoChien Fangirl|lady|1139\n|player|p2|EatingP1zza|iris|1071\n|gen|9\n|tier|[Gen 9 Champions] VGC 2026 Reg M-A\n|rated|\n|rule|Species Clause: Limit one of each Pok\u00e9mon\n|rule|Item Clause: Limit 1 of each item\n|clearpoke\n|poke|p1|Delphox, L50, F|\n|poke|p1|Whimsicott, L50, F|\n|poke|p1|Maushold-Four, L50|\n|poke|p1|Tauros-Paldea-Aqua, L50, M|\n|poke|p1|Scizor, L50, M|\n|poke|p1|Garchomp, L50, M|\n|poke|p2|Whimsicott, L50, M|\n|poke|p2|Excadrill, L50, M|\n|poke|p2|Kingambit, L50, F|\n|poke|p2|Weavile, L50, M|\n|poke|p2|Tyranitar, L50, F|\n|poke|p2|Hawlucha, L50, M|\n|teampreview|4\n|inactive|Battle timer is ON: inactive players will automatically lose when time's up. (requested by EatingP1zza)\n|\n|t:|1776010726\n|teamsize|p1|4\n|teamsize|p2|4\n|start\n|switch|p1a: Delphox|Delphox, L50, F|100/100\n|switch|p1b: Whimsicott|Whimsicott, L50, F, shiny|100/100\n|switch|p2a: Weavile|Weavile, L50, M|100/100\n|switch|p2b: Whimsicott|Whimsicott, L50, M|100/100\n|-ability|p2a: Weavile|Pressure\n|turn|1\n|\n|t:|1776010747\n|detailschange|p1a: Delphox|Delphox-Mega, L50, F\n|-mega|p1a: Delphox|Delphox|Delphoxite\n|move|p1b: Whimsicott|Tailwind|p1b: Whimsicott\n|-sidestart|p1: WoChien Fangirl|move: Tailwind\n|move|p2b: Whimsicott|Tailwind|p2b: Whimsicott\n|-sidestart|p2: EatingP1zza|move: Tailwind\n|move|p1a: Delphox|Nasty Plot|p1a: Delphox\n|-boost|p1a: Delphox|spa|2\n|move|p2a: Weavile|Knock Off|p1a: Delphox\n|-supereffective|p1a: Delphox|1\n|-damage|p1a: Delphox|0 fnt\n|faint|p1a: Delphox\n|\n|upkeep\n|inactive|WoChien Fangirl has 30 seconds left.\n|c|\u2606WoChien Fangirl|No way....\n|inactive|WoChien Fangirl has 20 seconds left.\n|\n|t:|1776010786\n|switch|p1a: Scizor|Scizor, L50, M|100/100\n|turn|2\n|\n|t:|1776010803\n|move|p2b: Whimsicott|Encore|p1b: Whimsicott\n|-start|p1b: Whimsicott|Encore\n|move|p1b: Whimsicott|Tailwind||[still]\n|-fail|p1b: Whimsicott\n|move|p2a: Weavile|Triple Axel|p1b: Whimsicott\n|-supereffective|p1b: Whimsicott|1\n|-damage|p1b: Whimsicott|72/100\n|-supereffective|p1b: Whimsicott|1\n|-damage|p1b: Whimsicott|9/100\n|-supereffective|p1b: Whimsicott|1\n|-damage|p1b: Whimsicott|0 fnt\n|faint|p1b: Whimsicott\n|-hitcount|p1: Whimsicott|3\n|move|p1a: Scizor|Dual Wingbeat|p2b: Whimsicott\n|-supereffective|p2b: Whimsicott|1\n|-damage|p2b: Whimsicott|45/100\n|-supereffective|p2b: Whimsicott|1\n|-damage|p2b: Whimsicott|0 fnt\n|faint|p2b: Whimsicott\n|-hitcount|p2: Whimsicott|2\n|\n|upkeep\n|inactive|WoChien Fangirl has 30 seconds left.\n|\n|t:|1776010832\n|switch|p1b: Tauros|Tauros-Paldea-Aqua, L50, M|100/100\n|switch|p2b: Hawlucha|Hawlucha, L50, M|100/100\n|-ability|p1b: Tauros|Intimidate|boost\n|-unboost|p2a: Weavile|atk|1\n|-unboost|p2b: Hawlucha|atk|1\n|-enditem|p2a: Weavile|White Herb\n|-clearnegativeboost|p2a: Weavile|[silent]\n|turn|3\n|inactive|EatingP1zza has 30 seconds left.\n|\n|t:|1776010858\n|detailschange|p2b: Hawlucha|Hawlucha-Mega, L50, M\n|-mega|p2b: Hawlucha|Hawlucha|Hawluchanite\n|move|p1b: Tauros|Protect|p1b: Tauros\n|-singleturn|p1b: Tauros|Protect\n|move|p2a: Weavile|Knock Off|p1b: Tauros\n|-activate|p1b: Tauros|move: Protect\n|move|p2b: Hawlucha|Brave Bird|p1a: Scizor\n|-damage|p1a: Scizor|58/100\n|-damage|p2b: Hawlucha|87/100|[from] Recoil\n|move|p1a: Scizor|Bug Bite|p2a: Weavile\n|-supereffective|p2a: Weavile|1\n|-damage|p2a: Weavile|0 fnt\n|faint|p2a: Weavile\n|\n|upkeep\n|\n|t:|1776010866\n|switch|p2a: Excadrill|Excadrill, L50, M|100/100\n|-ability|p2a: Excadrill|Mold Breaker\n|turn|4\n|\n|t:|1776010876\n|move|p1a: Scizor|Protect|p1a: Scizor\n|-singleturn|p1a: Scizor|Protect\n|move|p2b: Hawlucha|Entrainment|p2a: Excadrill\n|-ability|p2a: Excadrill|No Guard|Mold Breaker|[from] move: Entrainment|[of] p2b: Hawlucha\n|move|p2a: Excadrill|Fissure|p1b: Tauros\n|-damage|p1b: Tauros|0 fnt\n|faint|p1b: Tauros\n|-ohko\n|\n|-sideend|p2: EatingP1zza|move: Tailwind\n|-sideend|p1: WoChien Fangirl|move: Tailwind\n|upkeep\n|turn|5\n|\n|t:|1776010894\n|move|p2b: Hawlucha|Protect|p2b: Hawlucha\n|-singleturn|p2b: Hawlucha|Protect\n|move|p2a: Excadrill|Fissure|p1a: Scizor\n|-damage|p1a: Scizor|0 fnt\n|faint|p1a: Scizor\n|-ohko\n|\n|win|EatingP1zza\n|raw|WoChien Fangirl's rating: 1139 &rarr; <strong>1109</strong><br />(-30 for losing)\n|raw|EatingP1zza's rating: 1071 &rarr; <strong>1106</strong><br />(+35 for winning)\n",
  "uploadtime": 1776010901,
  "views": 17,
  "formatid": "gen9championsvgc2026regma",
  "rating": 1106,
  "private": 0,
  "password": null
}