{
  "id": "gen9championsvgc2026regma-2581196202",
  "format": "[Gen 9 Champions] VGC 2026 Reg M-A",
  "players": [
    "eeaka",
    "Slawppi"
  ],
  "log": "|j|\u2606eeaka\n|j|\u2606Slawppi\n|t:|1775969550\n|gametype|doubles\n|player|p1|eeaka|lady|1110\n|player|p2|Slawppi|1|1061\n|gen|9\n|tier|[Gen 9 Champions] VGC 2026 Reg M-A\n|rated|\n|rule|Species Clause: Limit one of each Pok\u00e9mon\n|rule|Item Clause: Limit 1 of each item\n|clearpoke\n|poke|p1|Charizard, L50, M|\n|poke|p1|Incineroar, L50, F|\n|poke|p1|Whimsicott, L50, F|\n|poke|p1|Rotom-Wash, L50|\n|poke|p1|Sneasler, L50, M|\n|poke|p1|Garchomp, L50, M|\n|poke|p2|Garchomp, L50, M|\n|poke|p2|Charizard, L50, F|\n|poke|p2|Sneasler, L50, M|\n|poke|p2|Whimsicott, L50, F|\n|poke|p2|Incineroar, L50, F|\n|poke|p2|Maushold-Four, L50|\n|teampreview|4\n|inactive|Battle timer is ON: inactive players will automatically lose when time's up. (requested by eeaka)\n|inactive|eeaka has 60 seconds left.\n|\n|t:|1775969592\n|teamsize|p1|4\n|teamsize|p2|4\n|start\n|switch|p1a: Charizard|Charizard, L50, M|100/100\n|switch|p1b: Incineroar|Incineroar, L50, F|100/100\n|switch|p2a: Garchomp|Garchomp, L50, M|100/100\n|switch|p2b: Charizard|Charizard, L50, F|100/100\n|-ability|p1b: Incineroar|Intimidate|boost\n|-unboost|p2a: Garchomp|atk|1\n|-unboost|p2b: Charizard|atk|1\n|turn|1\n|inactive|Slawppi has 30 seconds left.\n|inactive|Slawppi has 20 seconds left.\n|inactive|Slawppi has 15 seconds left.\n|inactive|eeaka has 30 seconds left.\n|inactive|eeaka has 20 seconds left.\n|\n|t:|1775969647\n|detailschange|p1a: Charizard|Charizard-Mega-Y, L50, M\n|-mega|p1a: Charizard|Charizard|Charizardite Y\n|-weather|SunnyDay|[from] ability: Drought|[of] p1a: Charizard\n|detailschange|p2b: Charizard|Charizard-Mega-Y, L50, F\n|-mega|p2b: Charizard|Charizard|Charizardite Y\n|move|p2a: Garchomp|Protect|p2a: Garchomp\n|-singleturn|p2a: Garchomp|Protect\n|move|p2b: Charizard|Protect|p2b: Charizard\n|-singleturn|p2b: Charizard|Protect\n|move|p1b: Incineroar|Fake Out|p2a: Garchomp\n|-activate|p2a: Garchomp|move: Protect\n|move|p1a: Charizard|Solar Beam||[still]\n|-prepare|p1a: Charizard|Solar Beam\n|-anim|p1a: Charizard|Solar Beam|p2a: Garchomp\n|-activate|p2a: Garchomp|move: Protect\n|\n|-weather|SunnyDay|[upkeep]\n|upkeep\n|turn|2\n|inactive|Slawppi has 30 seconds left.\n|\n|t:|1775969676\n|switch|p1b: Garchomp|Garchomp, L50, M|100/100\n|move|p1a: Charizard|Protect|p1a: Charizard\n|-singleturn|p1a: Charizard|Protect\n|move|p2a: Garchomp|Rock Slide|p1a: Charizard|[spread] p1b\n|-activate|p1a: Charizard|move: Protect\n|-resisted|p1b: Garchomp|1\n|-damage|p1b: Garchomp|94/100\n|move|p2b: Charizard|Heat Wave|p1b: Garchomp|[spread] p1b\n|-activate|p1a: Charizard|move: Protect\n|-resisted|p1b: Garchomp|1\n|-damage|p1b: Garchomp|58/100\n|\n|-weather|SunnyDay|[upkeep]\n|upkeep\n|turn|3\n|inactive|eeaka has 30 seconds left.\n|inactive|Slawppi has 30 seconds left.\n|\n|t:|1775969711\n|move|p1b: Garchomp|Dragon Claw|p2a: Garchomp\n|-supereffective|p2a: Garchomp|1\n|-damage|p2a: Garchomp|15/100\n|-damage|p1b: Garchomp|46/100|[from] ability: Rough Skin|[of] p2a: Garchomp\n|move|p2a: Garchomp|Rock Slide|p1a: Charizard|[spread] p1a,p1b\n|-supereffective|p1a: Charizard|2\n|-resisted|p1b: Garchomp|1\n|-damage|p1a: Charizard|48/100\n|-damage|p1b: Garchomp|40/100\n|move|p1a: Charizard|Solar Beam||[still]\n|-prepare|p1a: Charizard|Solar Beam\n|-anim|p1a: Charizard|Solar Beam|p2a: Garchomp\n|-damage|p2a: Garchomp|0 fnt\n|faint|p2a: Garchomp\n|move|p2b: Charizard|Heat Wave|p1a: Charizard|[spread] p1a,p1b\n|-resisted|p1a: Charizard|1\n|-resisted|p1b: Garchomp|1\n|-damage|p1a: Charizard|20/100\n|-damage|p1b: Garchomp|4/100\n|\n|-weather|SunnyDay|[upkeep]\n|upkeep\n|\n|t:|1775969727\n|switch|p2a: Whimsicott|Whimsicott, L50, F|100/100\n|turn|4\n|\n|t:|1775969744\n|switch|p1b: Rotom|Rotom-Wash, L50|100/100\n|switch|p1a: Incineroar|Incineroar, L50, F|100/100\n|-ability|p1a: Incineroar|Intimidate|boost\n|-unboost|p2a: Whimsicott|atk|1\n|-unboost|p2b: Charizard|atk|1\n|move|p2a: Whimsicott|Tailwind|p2a: Whimsicott\n|-sidestart|p2: Slawppi|move: Tailwind\n|move|p2b: Charizard|Heat Wave|p1b: Rotom|[spread] p1a,p1b\n|-resisted|p1a: Incineroar|1\n|-resisted|p1b: Rotom|1\n|-damage|p1a: Incineroar|71/100\n|-damage|p1b: Rotom|64/100\n|\n|-weather|SunnyDay|[upkeep]\n|-heal|p1b: Rotom|70/100|[from] item: Leftovers\n|upkeep\n|turn|5\n|inactive|eeaka has 30 seconds left.\n|inactive|Slawppi has 30 seconds left.\n|inactive|Slawppi has 20 seconds left.\n|inactive|Slawppi has 15 seconds left.\n|inactive|Slawppi has 10 seconds left.\n|\n|t:|1775969794\n|move|p1a: Incineroar|Fake Out|p2b: Charizard\n|-damage|p2b: Charizard|88/100\n|move|p2a: Whimsicott|Moonblast|p1a: Incineroar\n|-damage|p1a: Incineroar|36/100\n|-enditem|p1a: Incineroar|Sitrus Berry|[eat]\n|-heal|p1a: Incineroar|61/100|[from] item: Sitrus Berry\n|cant|p2b: Charizard|flinch\n|move|p1b: Rotom|Volt Switch|p2a: Whimsicott\n|-resisted|p2a: Whimsicott|1\n|-damage|p2a: Whimsicott|76/100\n|\n|t:|1775969805\n|switch|p1b: Charizard|Charizard-Mega-Y, L50, M|20/100|[from] Volt Switch\n|\n|-weather|none\n|upkeep\n|turn|6\n|inactive|Slawppi has 30 seconds left.\n|\n|t:|1775969833\n|move|p2a: Whimsicott|Helping Hand|p2b: Charizard\n|-singleturn|p2b: Charizard|Helping Hand|[of] p2a: Whimsicott\n|move|p1b: Charizard|Protect|p1b: Charizard\n|-singleturn|p1b: Charizard|Protect\n|move|p2b: Charizard|Heat Wave|p1a: Incineroar|[spread] p1a\n|-activate|p1b: Charizard|move: Protect\n|-resisted|p1a: Incineroar|1\n|-damage|p1a: Incineroar|26/100\n|move|p1a: Incineroar|Flare Blitz|p2a: Whimsicott\n|-supereffective|p2a: Whimsicott|1\n|-damage|p2a: Whimsicott|0 fnt\n|faint|p2a: Whimsicott\n|-damage|p1a: Incineroar|9/100|[from] Recoil\n|\n|upkeep\n|\n|t:|1775969846\n|switch|p2a: Sneasler|Sneasler, L50, M|100/100\n|turn|7\n|\n|t:|1775969870\n|switch|p1a: Rotom|Rotom-Wash, L50|70/100\n|move|p2a: Sneasler|Fake Out|p1a: Rotom\n|-damage|p1a: Rotom|53/100\n|move|p2b: Charizard|Heat Wave|p1a: Rotom|[spread] p1a,p1b\n|-resisted|p1a: Rotom|1\n|-resisted|p1b: Charizard|1\n|-damage|p1a: Rotom|30/100\n|-damage|p1b: Charizard|1/100\n|move|p1b: Charizard|Heat Wave|p2a: Sneasler|[spread] p2a,p2b\n|-resisted|p2b: Charizard|1\n|-damage|p2a: Sneasler|41/100\n|-damage|p2b: Charizard|69/100\n|\n|-heal|p1a: Rotom|36/100|[from] item: Leftovers\n|-sideend|p2: Slawppi|move: Tailwind\n|upkeep\n|turn|8\n|inactive|Slawppi has 30 seconds left.\n|\n|t:|1775969904\n|move|p2a: Sneasler|Close Combat|p1a: Rotom\n|-damage|p1a: Rotom|0 fnt\n|-unboost|p2a: Sneasler|def|1\n|-unboost|p2a: Sneasler|spd|1\n|faint|p1a: Rotom\n|-enditem|p2a: Sneasler|White Herb\n|-clearnegativeboost|p2a: Sneasler|[silent]\n|move|p1b: Charizard|Heat Wave|p2b: Charizard|[spread] p2a,p2b\n|-resisted|p2b: Charizard|1\n|-damage|p2a: Sneasler|0 fnt\n|-damage|p2b: Charizard|49/100\n|faint|p2a: Sneasler\n|move|p2b: Charizard|Heat Wave|p1b: Charizard\n|-resisted|p1b: Charizard|1\n|-damage|p1b: Charizard|0 fnt\n|faint|p1b: Charizard\n|\n|upkeep\n|\n|t:|1775969915\n|switch|p1b: Garchomp|Garchomp, L50, M|4/100\n|switch|p1a: Incineroar|Incineroar, L50, F|9/100\n|-ability|p1a: Incineroar|Intimidate|boost\n|-unboost|p2b: Charizard|atk|1\n|turn|9\n|\n|t:|1775969925\n|move|p1a: Incineroar|Fake Out|p2b: Charizard\n|-damage|p2b: Charizard|37/100\n|move|p1b: Garchomp|Rock Slide|p2b: Charizard\n|-supereffective|p2b: Charizard|2\n|-damage|p2b: Charizard|0 fnt\n|faint|p2b: Charizard\n|\n|win|eeaka\n|raw|eeaka's rating: 1110 &rarr; <strong>1131</strong><br />(+21 for winning)\n|raw|Slawppi's rating: 1061 &rarr; <strong>1045</strong><br />(-16 for losing)\n|l|\u2606Slawppi\n|player|p2|\n",
  "uploadtime": 1775969933,
  "views": 15,
  "formatid": "gen9championsvgc2026regma",
  "rating": 1045,
  "private": 0,
  "password": null
}