{
  "id": "gen9championsvgc2026regma-2586289464",
  "format": "[Gen 9 Champions] VGC 2026 Reg M-A",
  "players": [
    "apexdesu",
    "suimochi"
  ],
  "log": "|j|\u2606apexdesu\n|j|\u2606suimochi\n|t:|1776421743\n|gametype|doubles\n|player|p1|apexdesu|cowgirl|\n|player|p2|suimochi|102|\n|gen|9\n|tier|[Gen 9 Champions] VGC 2026 Reg M-A\n|rule|Species Clause: Limit one of each Pok\u00e9mon\n|rule|Item Clause: Limit 1 of each item\n|clearpoke\n|poke|p1|Ninetales-Alola, L50, M|\n|poke|p1|Crabominable, L50, F|\n|poke|p1|Camerupt, L50, M|\n|poke|p1|Incineroar, L50, F|\n|poke|p1|Farigiraf, L50, F|\n|poke|p1|Torkoal, L50, M|\n|poke|p2|Camerupt, L50, F|\n|poke|p2|Alcremie, L50, F|\n|poke|p2|Oranguru, L50, M|\n|poke|p2|Conkeldurr, L50, F|\n|poke|p2|Hatterene, L50, F|\n|poke|p2|Sableye, L50, M|\n|teampreview|4\n|l|\u2606apexdesu\n|player|p1|\n|j|\u2606apexdesu\n|player|p1|apexdesu|cowgirl|\n|\n|t:|1776421770\n|teamsize|p1|4\n|teamsize|p2|4\n|start\n|switch|p1a: Incineroar|Incineroar, L50, F|100/100\n|switch|p1b: Farigiraf|Farigiraf, L50, F|100/100\n|switch|p2a: Camerupt|Camerupt, L50, F, shiny|100/100\n|switch|p2b: Alcremie|Alcremie, L50, F, shiny|100/100\n|-ability|p1a: Incineroar|Intimidate|boost\n|-unboost|p2a: Camerupt|atk|1\n|-unboost|p2b: Alcremie|atk|1\n|turn|1\n|\n|t:|1776421807\n|detailschange|p2a: Camerupt|Camerupt-Mega, L50, F, shiny\n|-mega|p2a: Camerupt|Camerupt|Cameruptite\n|move|p1a: Incineroar|Fake Out|p2a: Camerupt\n|-damage|p2a: Camerupt|89/100\n|move|p2b: Alcremie|Decorate|p2a: Camerupt\n|-boost|p2a: Camerupt|atk|2\n|-boost|p2a: Camerupt|spa|2\n|move|p1b: Farigiraf|Psychic|p2a: Camerupt\n|-damage|p2a: Camerupt|55/100\n|cant|p2a: Camerupt|flinch\n|\n|upkeep\n|turn|2\n|\n|t:|1776421829\n|move|p2b: Alcremie|Decorate|p2a: Camerupt\n|-boost|p2a: Camerupt|atk|2\n|-boost|p2a: Camerupt|spa|2\n|move|p1a: Incineroar|Parting Shot|p2a: Camerupt\n|-unboost|p2a: Camerupt|atk|1\n|-unboost|p2a: Camerupt|spa|1\n|\n|t:|1776421836\n|switch|p1a: Camerupt|Camerupt, L50, M|100/100|[from] Parting Shot\n|move|p1b: Farigiraf|Psychic|p2a: Camerupt\n|-damage|p2a: Camerupt|21/100\n|move|p2a: Camerupt|Earth Power|p1a: Camerupt\n|-supereffective|p1a: Camerupt|1\n|-damage|p1a: Camerupt|0 fnt\n|faint|p1a: Camerupt\n|\n|upkeep\n|\n|t:|1776421849\n|switch|p1a: Incineroar|Incineroar, L50, F|100/100\n|-ability|p1a: Incineroar|Intimidate|boost\n|-unboost|p2a: Camerupt|atk|1\n|-unboost|p2b: Alcremie|atk|1\n|turn|3\n|l|\u2606suimochi\n|player|p2|\n|j|\u2606suimochi\n|player|p2|suimochi|102|\n|\n|t:|1776421916\n|switch|p2b: Conkeldurr|Conkeldurr, L50, F, shiny|100/100\n|move|p2a: Camerupt|Protect|p2a: Camerupt\n|-singleturn|p2a: Camerupt|Protect\n|move|p1a: Incineroar|Fake Out|p2a: Camerupt\n|-activate|p2a: Camerupt|move: Protect\n|move|p1b: Farigiraf|Dazzling Gleam|p2b: Conkeldurr|[spread] p2b\n|-activate|p2a: Camerupt|move: Protect\n|-supereffective|p2b: Conkeldurr|1\n|-damage|p2b: Conkeldurr|63/100\n|\n|upkeep\n|turn|4\n|l|\u2606suimochi\n|player|p2|\n|j|\u2606suimochi\n|player|p2|suimochi|102|\n|\n|t:|1776422008\n|switch|p2a: Oranguru|Oranguru, L50, M, shiny|100/100\n|move|p1a: Incineroar|Close Combat|p2a: Oranguru\n|-damage|p2a: Oranguru|66/100\n|-unboost|p1a: Incineroar|def|1\n|-unboost|p1a: Incineroar|spd|1\n|move|p1b: Farigiraf|Psychic|p2b: Conkeldurr\n|-supereffective|p2b: Conkeldurr|1\n|-damage|p2b: Conkeldurr|0 fnt\n|faint|p2b: Conkeldurr\n|\n|upkeep\n|l|\u2606suimochi\n|player|p2|\n|j|\u2606suimochi\n|player|p2|suimochi|102|\n|l|\u2606apexdesu\n|player|p1|\n|\n|t:|1776422108\n|switch|p2b: Camerupt|Camerupt-Mega, L50, F, shiny|21/100\n|turn|5\n|j|\u2606apexdesu\n|player|p1|apexdesu|cowgirl|\n|\n|t:|1776422158\n|move|p2b: Camerupt|Protect|p2b: Camerupt\n|-singleturn|p2b: Camerupt|Protect\n|move|p1b: Farigiraf|Psychic|p2a: Oranguru\n|-resisted|p2a: Oranguru|1\n|-damage|p2a: Oranguru|51/100\n|move|p1a: Incineroar|Flare Blitz|p2b: Camerupt\n|-activate|p2b: Camerupt|move: Protect\n|move|p2a: Oranguru|Trick Room|p2a: Oranguru\n|-fieldstart|move: Trick Room|[of] p2a: Oranguru\n|\n|upkeep\n|turn|6\n|\n|t:|1776422201\n|move|p2b: Camerupt|Earth Power|p1a: Incineroar\n|-supereffective|p1a: Incineroar|1\n|-damage|p1a: Incineroar|0 fnt\n|faint|p1a: Incineroar\n|move|p2a: Oranguru|Instruct|p2b: Camerupt\n|-singleturn|p2b: Camerupt|move: Instruct|[of] p2a: Oranguru\n|move|p2b: Camerupt|Earth Power|p1b: Farigiraf\n|-damage|p1b: Farigiraf|39/100\n|-enditem|p1b: Farigiraf|Sitrus Berry|[eat]\n|-heal|p1b: Farigiraf|64/100|[from] item: Sitrus Berry\n|move|p1b: Farigiraf|Trick Room|p1b: Farigiraf\n|-fieldend|move: Trick Room\n|\n|upkeep\n|\n|t:|1776422214\n|switch|p1a: Torkoal|Torkoal, L50, M|100/100\n|-weather|SunnyDay|[from] ability: Drought|[of] p1a: Torkoal\n|turn|7\n|\n|t:|1776422229\n|move|p2b: Camerupt|Protect|p2b: Camerupt\n|-singleturn|p2b: Camerupt|Protect\n|move|p1b: Farigiraf|Psychic|p2a: Oranguru\n|-resisted|p2a: Oranguru|1\n|-damage|p2a: Oranguru|38/100\n|-enditem|p2a: Oranguru|Sitrus Berry|[eat]\n|-heal|p2a: Oranguru|62/100|[from] item: Sitrus Berry\n|move|p1a: Torkoal|Eruption|p2a: Oranguru|[spread] p2a\n|-activate|p2b: Camerupt|move: Protect\n|-damage|p2a: Oranguru|0 fnt\n|faint|p2a: Oranguru\n|\n|-weather|SunnyDay|[upkeep]\n|upkeep\n|\n|t:|1776422299\n|switch|p2a: Alcremie|Alcremie, L50, F, shiny|100/100\n|turn|8\n|\n|t:|1776422325\n|move|p2b: Camerupt|Protect|p2b: Camerupt\n|-singleturn|p2b: Camerupt|Protect\n|move|p2a: Alcremie|Decorate|p1a: Torkoal\n|-boost|p1a: Torkoal|atk|2\n|-boost|p1a: Torkoal|spa|2\n|move|p1b: Farigiraf|Dazzling Gleam|p2b: Camerupt|[spread] p2a\n|-activate|p2b: Camerupt|move: Protect\n|-crit|p2a: Alcremie\n|-damage|p2a: Alcremie|84/100\n|move|p1a: Torkoal|Eruption|p2a: Alcremie|[spread] p2a\n|-activate|p2b: Camerupt|move: Protect\n|-damage|p2a: Alcremie|0 fnt\n|faint|p2a: Alcremie\n|\n|-weather|SunnyDay|[upkeep]\n|upkeep\n|turn|9\n|\n|t:|1776422346\n|move|p2b: Camerupt|Protect||[still]\n|-fail|p2b: Camerupt\n|move|p1b: Farigiraf|Dazzling Gleam|p2b: Camerupt\n|-resisted|p2b: Camerupt|1\n|-damage|p2b: Camerupt|11/100\n|move|p1a: Torkoal|Earth Power|p2b: Camerupt\n|-supereffective|p2b: Camerupt|1\n|-damage|p2b: Camerupt|0 fnt\n|faint|p2b: Camerupt\n|\n|win|apexdesu\n",
  "uploadtime": 1776422360,
  "views": 30,
  "formatid": "gen9championsvgc2026regma",
  "rating": null,
  "private": 0,
  "password": null
}