{
  "id": "gen9championsvgc2026regma-2583700411",
  "format": "[Gen 9 Champions] VGC 2026 Reg M-A",
  "players": [
    "Iijvi k",
    "MefShowdown0"
  ],
  "log": "|j|\u2606Iijvi k\n|j|\u2606MefShowdown0\n|t:|1776191874\n|gametype|doubles\n|player|p1|Iijvi k|169|1040\n|player|p2|MefShowdown0|selene-masters2|1082\n|gen|9\n|tier|[Gen 9 Champions] VGC 2026 Reg M-A\n|rated|\n|rule|Species Clause: Limit one of each Pok\u00e9mon\n|rule|Item Clause: Limit 1 of each item\n|clearpoke\n|poke|p1|Raichu-Alola, L50, M|\n|poke|p1|Whimsicott, L50, F|\n|poke|p1|Rotom-Heat, L50|\n|poke|p1|Excadrill, L50, M|\n|poke|p1|Blastoise, L50, M|\n|poke|p1|Pelipper, L50, F|\n|poke|p2|Floette-Eternal, L50, F|\n|poke|p2|Delphox, L50, F|\n|poke|p2|Aerodactyl, L50, M|\n|poke|p2|Maushold, L50|\n|poke|p2|Garchomp, L50, M|\n|poke|p2|Incineroar, L50, F|\n|teampreview|4\n|\n|t:|1776191911\n|teamsize|p1|4\n|teamsize|p2|4\n|start\n|switch|p1a: Pelipper|Pelipper, L50, F|100/100\n|switch|p1b: Ryu ishigori|Blastoise, L50, M, shiny|100/100\n|switch|p2a: Floette|Floette-Eternal, L50, F|100/100\n|switch|p2b: Maushold|Maushold, L50|100/100\n|-weather|RainDance|[from] ability: Drizzle|[of] p1a: Pelipper\n|turn|1\n|inactive|Battle timer is ON: inactive players will automatically lose when time's up. (requested by MefShowdown0)\n|\n|t:|1776191937\n|detailschange|p1b: Ryu ishigori|Blastoise-Mega, L50, M, shiny\n|-mega|p1b: Ryu ishigori|Blastoise|Blastoisinite\n|detailschange|p2a: Floette|Floette-Mega, L50, F\n|-mega|p2a: Floette|Floette|Floettite\n|-ability|p2a: Floette|Fairy Aura\n|move|p2b: Maushold|Follow Me|p2b: Maushold\n|-singleturn|p2b: Maushold|move: Follow Me\n|move|p2a: Floette|Calm Mind|p2a: Floette\n|-boost|p2a: Floette|spa|1\n|-boost|p2a: Floette|spd|1\n|move|p1b: Ryu ishigori|Shell Smash|p1b: Ryu ishigori\n|-unboost|p1b: Ryu ishigori|def|1\n|-unboost|p1b: Ryu ishigori|spd|1\n|-boost|p1b: Ryu ishigori|atk|2\n|-boost|p1b: Ryu ishigori|spa|2\n|-boost|p1b: Ryu ishigori|spe|2\n|move|p1a: Pelipper|Tailwind|p1a: Pelipper\n|-sidestart|p1: Iijvi k|move: Tailwind\n|\n|-weather|RainDance|[upkeep]\n|upkeep\n|turn|2\n|inactive|Iijvi k has 30 seconds left.\n|inactive|MefShowdown0 has 30 seconds left.\n|\n|t:|1776191969\n|move|p2b: Maushold|Follow Me|p2b: Maushold\n|-singleturn|p2b: Maushold|move: Follow Me\n|move|p1b: Ryu ishigori|Water Pulse|p2b: Maushold\n|-damage|p2b: Maushold|0 fnt\n|faint|p2b: Maushold\n|move|p1a: Pelipper|Hurricane|p2a: Floette\n|-crit|p2a: Floette\n|-damage|p2a: Floette|44/100\n|move|p2a: Floette|Moonblast|p1b: Ryu ishigori\n|-damage|p1b: Ryu ishigori|0 fnt\n|faint|p1b: Ryu ishigori\n|\n|-weather|RainDance|[upkeep]\n|upkeep\n|\n|t:|1776191982\n|switch|p2b: Aerodactyl|Aerodactyl, L50, M|100/100\n|switch|p1b: Rotom|Rotom-Heat, L50|100/100\n|-ability|p2b: Aerodactyl|Unnerve\n|turn|3\n|inactive|MefShowdown0 has 30 seconds left.\n|inactive|MefShowdown0 has 20 seconds left.\n|inactive|MefShowdown0 has 15 seconds left.\n|\n|t:|1776192025\n|move|p1b: Rotom|Electric Terrain|p1b: Rotom\n|-fieldstart|move: Electric Terrain\n|move|p2b: Aerodactyl|Tailwind|p2b: Aerodactyl\n|-sidestart|p2: MefShowdown0|move: Tailwind\n|move|p2a: Floette|Dazzling Gleam|p1a: Pelipper|[spread] p1a,p1b\n|-resisted|p1b: Rotom|1\n|-damage|p1a: Pelipper|0 fnt\n|-damage|p1b: Rotom|48/100\n|faint|p1a: Pelipper\n|\n|-weather|RainDance|[upkeep]\n|upkeep\n|\n|t:|1776192038\n|switch|p1a: Raichu|Raichu-Alola, L50, M, shiny|100/100\n|turn|4\n|\n|t:|1776192050\n|move|p2b: Aerodactyl|Protect|p2b: Aerodactyl\n|-singleturn|p2b: Aerodactyl|Protect\n|move|p2a: Floette|Protect|p2a: Floette\n|-singleturn|p2a: Floette|Protect\n|move|p1a: Raichu|Rising Voltage|p2a: Floette\n|-activate|p2a: Floette|move: Protect\n|move|p1b: Rotom|Foul Play|p2b: Aerodactyl\n|-activate|p2b: Aerodactyl|move: Protect\n|\n|-weather|RainDance|[upkeep]\n|-sideend|p1: Iijvi k|move: Tailwind\n|upkeep\n|turn|5\n|\n|t:|1776192074\n|move|p2b: Aerodactyl|Rock Slide|p1b: Rotom|[spread] p1a,p1b\n|-supereffective|p1b: Rotom|1\n|-crit|p1b: Rotom\n|-damage|p1a: Raichu|44/100\n|-damage|p1b: Rotom|0 fnt\n|faint|p1b: Rotom\n|cant|p1a: Raichu|flinch\n|move|p2a: Floette|Dazzling Gleam|p1a: Raichu\n|-damage|p1a: Raichu|0 fnt\n|faint|p1a: Raichu\n|\n|win|MefShowdown0\n|raw|Iijvi k's rating: 1040 &rarr; <strong>1026</strong><br />(-14 for losing)\n|raw|MefShowdown0's rating: 1082 &rarr; <strong>1106</strong><br />(+24 for winning)\n",
  "uploadtime": 1776192074,
  "views": 15,
  "formatid": "gen9championsvgc2026regma",
  "rating": 1026,
  "private": 0,
  "password": null
}