{
  "id": "gen9championsvgc2026regma-2582443989",
  "format": "[Gen 9 Champions] VGC 2026 Reg M-A",
  "players": [
    "CertifiedDumbass67",
    "gurbederbeste"
  ],
  "log": "|j|\u2606CertifiedDumbass67\n|j|\u2606gurbederbeste\n|t:|1776092065\n|gametype|doubles\n|player|p1|CertifiedDumbass67|ingo|1154\n|player|p2|gurbederbeste|pryce|1248\n|gen|9\n|tier|[Gen 9 Champions] VGC 2026 Reg M-A\n|rated|\n|rule|Species Clause: Limit one of each Pok\u00e9mon\n|rule|Item Clause: Limit 1 of each item\n|clearpoke\n|poke|p1|Oranguru, L50, F|\n|poke|p1|Crabominable, L50, M|\n|poke|p1|Kingambit, L50, M|\n|poke|p1|Incineroar, L50, M|\n|poke|p1|Aegislash, L50, M|\n|poke|p1|Whimsicott, L50, F|\n|poke|p2|Aggron, L50, M|\n|poke|p2|Sinistcha, L50|\n|poke|p2|Incineroar, L50, M|\n|poke|p2|Kleavor, L50, M|\n|poke|p2|Gengar, L50, M|\n|poke|p2|Politoed, L50, M|\n|teampreview|4\n|inactive|Battle timer is ON: inactive players will automatically lose when time's up. (requested by CertifiedDumbass67)\n|inactive|CertifiedDumbass67 has 60 seconds left.\n|inactive|gurbederbeste has 60 seconds left.\n|\n|t:|1776092106\n|teamsize|p1|4\n|teamsize|p2|4\n|start\n|switch|p1a: Oranguru|Oranguru, L50, F|100/100\n|switch|p1b: Kingambit|Kingambit, L50, M|100/100\n|switch|p2a: Aggron|Aggron, L50, M|100/100\n|switch|p2b: Kleavor|Kleavor, L50, M|100/100\n|turn|1\n|\n|t:|1776092121\n|detailschange|p2a: Aggron|Aggron-Mega, L50, M\n|-mega|p2a: Aggron|Aggron|Aggronite\n|move|p2b: Kleavor|Stone Axe|p1a: Oranguru\n|-damage|p1a: Oranguru|43/100\n|-sidestart|p1: CertifiedDumbass67|move: Stealth Rock\n|move|p2a: Aggron|Body Press|p1b: Kingambit\n|-supereffective|p1b: Kingambit|2\n|-enditem|p1b: Kingambit|Chople Berry|[eat]\n|-enditem|p1b: Kingambit|Chople Berry|[weaken]\n|-damage|p1b: Kingambit|48/100\n|move|p1b: Kingambit|Low Kick|p2a: Aggron\n|-supereffective|p2a: Aggron|1\n|-damage|p2a: Aggron|64/100\n|move|p1a: Oranguru|Trick Room|p1a: Oranguru\n|-fieldstart|move: Trick Room|[of] p1a: Oranguru\n|\n|upkeep\n|turn|2\n|inactive|gurbederbeste has 30 seconds left.\n|\n|t:|1776092153\n|switch|p2b: Sinistcha|Sinistcha, L50|100/100\n|-heal|p2a: Aggron|89/100|[from] ability: Hospitality|[of] p2b: Sinistcha\n|move|p1a: Oranguru|Protect|p1a: Oranguru\n|-singleturn|p1a: Oranguru|Protect\n|move|p1b: Kingambit|Iron Head|p2b: Sinistcha\n|-damage|p2b: Sinistcha|56/100\n|move|p2a: Aggron|Body Press|p1b: Kingambit\n|-supereffective|p1b: Kingambit|2\n|-damage|p1b: Kingambit|0 fnt\n|faint|p1b: Kingambit\n|\n|upkeep\n|\n|t:|1776092163\n|switch|p1b: Crabominable|Crabominable, L50, M|100/100\n|-damage|p1b: Crabominable|88/100|[from] Stealth Rock\n|turn|3\n|\n|t:|1776092185\n|switch|p2b: Incineroar|Incineroar, L50, M|100/100\n|-ability|p2b: Incineroar|Intimidate|boost\n|-fail|p1a: Oranguru|unboost|Attack|[from] ability: Inner Focus|[of] p1a: Oranguru\n|-unboost|p1b: Crabominable|atk|1\n|detailschange|p1b: Crabominable|Crabominable-Mega, L50, M\n|-mega|p1b: Crabominable|Crabominable|Crabominite\n|move|p2a: Aggron|Protect|p2a: Aggron\n|-singleturn|p2a: Aggron|Protect\n|move|p1b: Crabominable|Drain Punch|p2a: Aggron\n|-activate|p2a: Aggron|move: Protect\n|move|p1a: Oranguru|Instruct|p1b: Crabominable\n|-singleturn|p1b: Crabominable|move: Instruct|[of] p1a: Oranguru\n|move|p1b: Crabominable|Drain Punch|p2a: Aggron\n|-activate|p2a: Aggron|move: Protect\n|\n|upkeep\n|turn|4\n|inactive|gurbederbeste has 30 seconds left.\n|\n|t:|1776092217\n|move|p1b: Crabominable|Protect|p1b: Crabominable\n|-singleturn|p1b: Crabominable|Protect\n|move|p2b: Incineroar|Fake Out|p1b: Crabominable\n|-activate|p1b: Crabominable|move: Protect\n|move|p2a: Aggron|Iron Defense|p2a: Aggron\n|-boost|p2a: Aggron|def|2\n|move|p1a: Oranguru|Extrasensory|p2b: Incineroar\n|-immune|p2b: Incineroar\n|\n|upkeep\n|turn|5\n|\n|t:|1776092235\n|switch|p1a: Whimsicott|Whimsicott, L50, F|100/100\n|-damage|p1a: Whimsicott|88/100|[from] Stealth Rock\n|move|p1b: Crabominable|Drain Punch|p2b: Incineroar\n|-supereffective|p2b: Incineroar|1\n|-damage|p2b: Incineroar|22/100\n|-heal|p1b: Crabominable|100/100|[from] drain|[of] p2b: Incineroar\n|move|p2a: Aggron|Body Press|p1b: Crabominable\n|-supereffective|p1b: Crabominable|1\n|-damage|p1b: Crabominable|0 fnt\n|faint|p1b: Crabominable\n|move|p2b: Incineroar|Darkest Lariat|p1a: Whimsicott\n|-resisted|p1a: Whimsicott|1\n|-damage|p1a: Whimsicott|64/100\n|\n|-fieldend|move: Trick Room\n|upkeep\n|-message|CertifiedDumbass67 forfeited.\n|\n|win|gurbederbeste\n|raw|CertifiedDumbass67's rating: 1154 &rarr; <strong>1136</strong><br />(-18 for losing)\n|raw|gurbederbeste's rating: 1248 &rarr; <strong>1266</strong><br />(+18 for winning)\n|l|\u2606CertifiedDumbass67\n|player|p1|\n",
  "uploadtime": 1776092250,
  "views": 20,
  "formatid": "gen9championsvgc2026regma",
  "rating": 1136,
  "private": 0,
  "password": null
}