{
  "id": "gen9championsvgc2026regma-2587956322",
  "format": "[Gen 9 Champions] VGC 2026 Reg M-A",
  "players": [
    "ksnfllzjo",
    "0skiir"
  ],
  "log": "|j|\u2606ksnfllzjo\n|j|\u26060skiir\n|t:|1776584518\n|gametype|doubles\n|player|p1|ksnfllzjo|102|1052\n|player|p2|0skiir|n|1000\n|gen|9\n|tier|[Gen 9 Champions] VGC 2026 Reg M-A\n|rated|\n|rule|Species Clause: Limit one of each Pok\u00e9mon\n|rule|Item Clause: Limit 1 of each item\n|clearpoke\n|poke|p1|Rotom-Wash, L50|\n|poke|p1|Kingambit, L50, F|\n|poke|p1|Mamoswine, L50, F|\n|poke|p1|Tsareena, L50, F|\n|poke|p1|Meowstic, L50, M|\n|poke|p1|Chandelure, L50, M|\n|poke|p2|Floette-Eternal, L50, F|\n|poke|p2|Incineroar, L50, F|\n|poke|p2|Sinistcha, L50|\n|poke|p2|Rotom-Wash, L50|\n|poke|p2|Garchomp, L50, F|\n|poke|p2|Talonflame, L50, M|\n|teampreview|4\n|inactive|Battle timer is ON: inactive players will automatically lose when time's up. (requested by 0skiir)\n|inactive|ksnfllzjo has 60 seconds left.\n|inactive|0skiir has 60 seconds left.\n|inactive|ksnfllzjo has 30 seconds left.\n|\n|t:|1776584581\n|teamsize|p1|4\n|teamsize|p2|4\n|start\n|switch|p1a: Kingambit|Kingambit, L50, F|100/100\n|switch|p1b: Rotom|Rotom-Wash, L50|100/100\n|switch|p2a: Talonflame|Talonflame, L50, M|100/100\n|switch|p2b: Floette|Floette-Eternal, L50, F|100/100\n|turn|1\n|inactive|0skiir has 30 seconds left.\n|\n|t:|1776584608\n|switch|p2b: Garchomp|Garchomp, L50, F|100/100\n|move|p2a: Talonflame|Tailwind|p2a: Talonflame\n|-sidestart|p2: 0skiir|move: Tailwind\n|move|p1b: Rotom|Thunderbolt|p2b: Garchomp\n|-immune|p2b: Garchomp\n|move|p1a: Kingambit|Iron Head|p2b: Garchomp\n|-damage|p2b: Garchomp|55/100\n|-damage|p1a: Kingambit|88/100|[from] ability: Rough Skin|[of] p2b: Garchomp\n|\n|upkeep\n|turn|2\n|inactive|0skiir has 30 seconds left.\n|inactive|0skiir has 20 seconds left.\n|\n|t:|1776584645\n|move|p2a: Talonflame|Protect|p2a: Talonflame\n|-singleturn|p2a: Talonflame|Protect\n|move|p1a: Kingambit|Protect|p1a: Kingambit\n|-singleturn|p1a: Kingambit|Protect\n|move|p2b: Garchomp|Stomping Tantrum|p1a: Kingambit\n|-activate|p1a: Kingambit|move: Protect\n|move|p1b: Rotom|Will-O-Wisp|p2b: Garchomp\n|-status|p2b: Garchomp|brn\n|\n|-damage|p2b: Garchomp|49/100 brn|[from] brn\n|upkeep\n|turn|3\n|inactive|ksnfllzjo has 30 seconds left.\n|\n|t:|1776584673\n|switch|p1a: Chandelure|Chandelure, L50, M|100/100\n|move|p2a: Talonflame|Flare Blitz|p1a: Chandelure\n|-start|p1a: Chandelure|ability: Flash Fire\n|move|p2b: Garchomp|Stone Edge|p1b: Rotom|[miss]\n|-miss|p2b: Garchomp|p1b: Rotom\n|move|p1b: Rotom|Thunderbolt|p2a: Talonflame\n|-supereffective|p2a: Talonflame|1\n|-damage|p2a: Talonflame|0 fnt\n|faint|p2a: Talonflame\n|\n|-damage|p2b: Garchomp|43/100 brn|[from] brn\n|upkeep\n|\n|t:|1776584687\n|switch|p2a: Rotom|Rotom-Wash, L50|100/100\n|turn|4\n|\n|t:|1776584710\n|move|p1a: Chandelure|Protect|p1a: Chandelure\n|-singleturn|p1a: Chandelure|Protect\n|move|p2b: Garchomp|Stomping Tantrum|p1a: Chandelure\n|-activate|p1a: Chandelure|move: Protect\n|move|p2a: Rotom|Volt Switch|p1b: Rotom\n|-damage|p1b: Rotom|66/100\n|\n|t:|1776584718\n|switch|p2a: Floette|Floette-Eternal, L50, F|100/100|[from] Volt Switch\n|move|p1b: Rotom|Thunderbolt|p2a: Floette\n|-damage|p2a: Floette|67/100\n|\n|-heal|p1b: Rotom|72/100|[from] item: Leftovers\n|-damage|p2b: Garchomp|37/100 brn|[from] brn\n|-sideend|p2: 0skiir|move: Tailwind\n|upkeep\n|turn|5\n|inactive|0skiir has 30 seconds left.\n|\n|t:|1776584750\n|detailschange|p1a: Chandelure|Chandelure-Mega, L50, M\n|-mega|p1a: Chandelure|Chandelure|Chandelurite\n|-end|p1a: Chandelure|ability: Flash Fire|[silent]\n|detailschange|p2a: Floette|Floette-Mega, L50, F\n|-mega|p2a: Floette|Floette|Floettite\n|-ability|p2a: Floette|Fairy Aura\n|move|p2b: Garchomp|Stomping Tantrum|p1a: Chandelure\n|-supereffective|p1a: Chandelure|1\n|-damage|p1a: Chandelure|43/100\n|move|p1a: Chandelure|Heat Wave|p2a: Floette|[spread] p2a,p2b\n|-resisted|p2b: Garchomp|1\n|-damage|p2a: Floette|34/100\n|-damage|p2b: Garchomp|12/100 brn\n|move|p2a: Floette|Moonblast|p1b: Rotom\n|-damage|p1b: Rotom|0 fnt\n|faint|p1b: Rotom\n|\n|-damage|p2b: Garchomp|6/100 brn|[from] brn\n|upkeep\n|\n|t:|1776584756\n|switch|p1b: Mamoswine|Mamoswine, L50, F|100/100\n|turn|6\n|inactive|ksnfllzjo has 30 seconds left.\n|inactive|0skiir has 30 seconds left.\n|inactive|ksnfllzjo has 20 seconds left.\n|inactive|0skiir has 20 seconds left.\n|inactive|ksnfllzjo has 15 seconds left.\n|inactive|0skiir has 15 seconds left.\n|inactive|0skiir has 10 seconds left.\n|inactive|ksnfllzjo has 10 seconds left.\n|\n|t:|1776584807\n|move|p1a: Chandelure|Protect|p1a: Chandelure\n|-singleturn|p1a: Chandelure|Protect\n|move|p2a: Floette|Protect|p2a: Floette\n|-singleturn|p2a: Floette|Protect\n|move|p1b: Mamoswine|Protect|p1b: Mamoswine\n|-singleturn|p1b: Mamoswine|Protect\n|move|p2b: Garchomp|Earthquake|p1a: Chandelure|[spread] \n|-activate|p2a: Floette|move: Protect\n|-activate|p1a: Chandelure|move: Protect\n|-activate|p1b: Mamoswine|move: Protect\n|\n|-damage|p2b: Garchomp|0 fnt|[from] brn\n|faint|p2b: Garchomp\n|upkeep\n|\n|t:|1776584820\n|switch|p2b: Rotom|Rotom-Wash, L50|100/100\n|turn|7\n|\n|t:|1776584830\n|move|p1b: Mamoswine|Ice Shard|p2a: Floette\n|-crit|p2a: Floette\n|-damage|p2a: Floette|0 fnt\n|faint|p2a: Floette\n|move|p1a: Chandelure|Energy Ball|p2b: Rotom\n|-supereffective|p2b: Rotom|1\n|-damage|p2b: Rotom|13/100\n|move|p2b: Rotom|Hydro Pump|p1a: Chandelure|[miss]\n|-miss|p2b: Rotom|p1a: Chandelure\n|\n|-heal|p2b: Rotom|18/100|[from] item: Leftovers\n|upkeep\n|turn|8\n|\n|t:|1776584841\n|move|p1a: Chandelure|Energy Ball|p2b: Rotom\n|-supereffective|p2b: Rotom|1\n|-damage|p2b: Rotom|0 fnt\n|faint|p2b: Rotom\n|\n|win|ksnfllzjo\n|raw|ksnfllzjo's rating: 1052 &rarr; <strong>1079</strong><br />(+27 for winning)\n|raw|0skiir's rating: 1000 &rarr; <strong>1000</strong><br />(+0 for losing)\n|l|\u2606ksnfllzjo\n|player|p1|\n",
  "uploadtime": 1776584852,
  "views": 8,
  "formatid": "gen9championsvgc2026regma",
  "rating": 1000,
  "private": 0,
  "password": null
}