{
  "id": "gen9championsvgc2026regma-2589513756",
  "format": "[Gen 9 Champions] VGC 2026 Reg M-A",
  "players": [
    "Kazuma Yato",
    "joepete"
  ],
  "log": "|j|\u2606Kazuma Yato\n|j|\u2606joepete\n|t:|1776729849\n|gametype|doubles\n|player|p1|Kazuma Yato|169|1247\n|player|p2|joepete|n|1235\n|gen|9\n|tier|[Gen 9 Champions] VGC 2026 Reg M-A\n|rated|\n|rule|Species Clause: Limit one of each Pok\u00e9mon\n|rule|Item Clause: Limit 1 of each item\n|clearpoke\n|poke|p1|Scizor, L50, M|\n|poke|p1|Sneasler, L50, M|\n|poke|p1|Sinistcha, L50|\n|poke|p1|Milotic, L50, F|\n|poke|p1|Aerodactyl, L50, M|\n|poke|p1|Hydreigon, L50, M|\n|poke|p2|Dragonite, L50, F|\n|poke|p2|Rotom-Wash, L50|\n|poke|p2|Sneasler, L50, M|\n|poke|p2|Corviknight, L50, F|\n|poke|p2|Incineroar, L50, M, shiny|\n|poke|p2|Blastoise, L50, M|\n|teampreview|4\n|inactive|Battle timer is ON: inactive players will automatically lose when time's up. (requested by joepete)\n|inactive|Kazuma Yato has 60 seconds left.\n|inactive|joepete has 60 seconds left.\n|inactive|joepete has 30 seconds left.\n|inactive|joepete has 20 seconds left.\n|inactive|joepete has 15 seconds left.\n|\n|t:|1776729925\n|teamsize|p1|4\n|teamsize|p2|4\n|start\n|switch|p1a: Milotic|Milotic, L50, F|100/100\n|switch|p1b: Sneasler|Sneasler, L50, M|100/100\n|switch|p2a: Corviknight|Corviknight, L50, F|100/100\n|switch|p2b: Blastoise|Blastoise, L50, M|100/100\n|turn|1\n|inactive|Kazuma Yato has 30 seconds left.\n|inactive|Kazuma Yato has 20 seconds left.\n|inactive|Kazuma Yato has 15 seconds left.\n|\n|t:|1776729969\n|detailschange|p2b: Blastoise|Blastoise-Mega, L50, M\n|-mega|p2b: Blastoise|Blastoise|Blastoisinite\n|move|p1b: Sneasler|Close Combat|p2b: Blastoise\n|-damage|p2b: Blastoise|50/100\n|-unboost|p1b: Sneasler|def|1\n|-unboost|p1b: Sneasler|spd|1\n|-enditem|p1b: Sneasler|White Herb\n|-clearnegativeboost|p1b: Sneasler|[silent]\n|move|p1a: Milotic|Scald|p2a: Corviknight\n|-damage|p2a: Corviknight|73/100\n|-status|p2a: Corviknight|brn\n|move|p2a: Corviknight|Tailwind|p2a: Corviknight\n|-sidestart|p2: joepete|move: Tailwind\n|move|p2b: Blastoise|Water Spout|p1a: Milotic|[spread] p1a,p1b\n|-resisted|p1a: Milotic|1\n|-damage|p1a: Milotic|89/100\n|-damage|p1b: Sneasler|63/100\n|\n|-heal|p2a: Corviknight|79/100 brn|[from] item: Leftovers\n|-heal|p1a: Milotic|95/100|[from] item: Leftovers\n|-damage|p2a: Corviknight|73/100 brn|[from] brn\n|upkeep\n|turn|2\n|\n|t:|1776729993\n|move|p2b: Blastoise|Protect|p2b: Blastoise\n|-singleturn|p2b: Blastoise|Protect\n|move|p1b: Sneasler|Dire Claw|p2b: Blastoise\n|-activate|p2b: Blastoise|move: Protect\n|move|p2a: Corviknight|Brave Bird|p1b: Sneasler\n|-supereffective|p1b: Sneasler|1\n|-damage|p1b: Sneasler|18/100\n|-damage|p2a: Corviknight|60/100 brn|[from] Recoil\n|move|p1a: Milotic|Scald|p2b: Blastoise\n|-activate|p2b: Blastoise|move: Protect\n|\n|-heal|p2a: Corviknight|66/100 brn|[from] item: Leftovers\n|-heal|p1a: Milotic|100/100|[from] item: Leftovers\n|-damage|p2a: Corviknight|60/100 brn|[from] brn\n|upkeep\n|turn|3\n|\n|t:|1776730016\n|move|p1b: Sneasler|Close Combat|p2b: Blastoise\n|-damage|p2b: Blastoise|6/100\n|-unboost|p1b: Sneasler|def|1\n|-unboost|p1b: Sneasler|spd|1\n|move|p2a: Corviknight|Brave Bird|p1b: Sneasler\n|-supereffective|p1b: Sneasler|1\n|-damage|p1b: Sneasler|0 fnt\n|faint|p1b: Sneasler\n|-damage|p2a: Corviknight|54/100 brn|[from] Recoil\n|move|p2b: Blastoise|Dark Pulse|p1a: Milotic\n|-damage|p1a: Milotic|68/100\n|move|p1a: Milotic|Scald|p2a: Corviknight\n|-damage|p2a: Corviknight|29/100 brn\n|\n|-heal|p2a: Corviknight|35/100 brn|[from] item: Leftovers\n|-heal|p1a: Milotic|74/100|[from] item: Leftovers\n|-damage|p2a: Corviknight|29/100 brn|[from] brn\n|upkeep\n|\n|t:|1776730038\n|switch|p1b: Sinistcha|Sinistcha, L50|100/100\n|-heal|p1a: Milotic|99/100|[from] ability: Hospitality|[of] p1b: Sinistcha\n|turn|4\n|\n|t:|1776730044\n|move|p2a: Corviknight|Brave Bird|p1b: Sinistcha\n|-supereffective|p1b: Sinistcha|1\n|-damage|p1b: Sinistcha|68/100\n|-damage|p2a: Corviknight|20/100 brn|[from] Recoil\n|move|p2b: Blastoise|Dark Pulse|p1b: Sinistcha\n|-supereffective|p1b: Sinistcha|1\n|-damage|p1b: Sinistcha|0 fnt\n|faint|p1b: Sinistcha\n|move|p1a: Milotic|Scald|p2a: Corviknight\n|-crit|p2a: Corviknight\n|-damage|p2a: Corviknight|0 fnt\n|faint|p2a: Corviknight\n|\n|-heal|p1a: Milotic|100/100|[from] item: Leftovers\n|-sideend|p2: joepete|move: Tailwind\n|upkeep\n|\n|t:|1776730054\n|switch|p1b: Scizor|Scizor, L50, M|100/100\n|switch|p2a: Rotom|Rotom-Wash, L50|100/100\n|turn|5\n|\n|t:|1776730070\n|detailschange|p1b: Scizor|Scizor-Mega, L50, M\n|-mega|p1b: Scizor|Scizor|Scizorite\n|move|p1a: Milotic|Protect|p1a: Milotic\n|-singleturn|p1a: Milotic|Protect\n|move|p1b: Scizor|Bullet Punch|p2b: Blastoise\n|-resisted|p2b: Blastoise|1\n|-damage|p2b: Blastoise|0 fnt\n|faint|p2b: Blastoise\n|move|p2a: Rotom|Will-O-Wisp|p1b: Scizor\n|-status|p1b: Scizor|brn\n|\n|-damage|p1b: Scizor|94/100 brn|[from] brn\n|upkeep\n|\n|t:|1776730079\n|switch|p2b: Incineroar|Incineroar, L50, M, shiny|100/100\n|-ability|p2b: Incineroar|Intimidate|boost\n|-unboost|p1a: Milotic|atk|1\n|-ability|p1a: Milotic|Competitive|boost\n|-boost|p1a: Milotic|spa|2\n|-unboost|p1b: Scizor|atk|1\n|turn|6\n|\n|t:|1776730093\n|move|p2b: Incineroar|Fake Out|p1a: Milotic\n|-damage|p1a: Milotic|90/100\n|move|p2a: Rotom|Electroweb|p1a: Milotic|[spread] p1a,p1b\n|-supereffective|p1a: Milotic|1\n|-damage|p1a: Milotic|59/100\n|-damage|p1b: Scizor|75/100 brn\n|-unboost|p1a: Milotic|spe|1\n|-ability|p1a: Milotic|Competitive|boost\n|-boost|p1a: Milotic|spa|2\n|-unboost|p1b: Scizor|spe|1\n|cant|p1a: Milotic|flinch\n|move|p1b: Scizor|Swords Dance|p1b: Scizor\n|-boost|p1b: Scizor|atk|2\n|\n|-heal|p1a: Milotic|65/100|[from] item: Leftovers\n|-damage|p1b: Scizor|69/100 brn|[from] brn\n|upkeep\n|turn|7\n|\n|t:|1776730117\n|move|p1b: Scizor|Protect|p1b: Scizor\n|-singleturn|p1b: Scizor|Protect\n|move|p2a: Rotom|Electroweb|p1a: Milotic|[spread] p1a\n|-activate|p1b: Scizor|move: Protect\n|-supereffective|p1a: Milotic|1\n|-crit|p1a: Milotic\n|-damage|p1a: Milotic|23/100\n|-unboost|p1a: Milotic|spe|1\n|-ability|p1a: Milotic|Competitive|boost\n|-boost|p1a: Milotic|spa|2\n|move|p2b: Incineroar|Darkest Lariat|p1a: Milotic\n|-damage|p1a: Milotic|0 fnt\n|faint|p1a: Milotic\n|\n|-damage|p1b: Scizor|63/100 brn|[from] brn\n|upkeep\n|turn|8\n|\n|t:|1776730132\n|move|p2a: Rotom|Hydro Pump|p1b: Scizor\n|-damage|p1b: Scizor|8/100 brn\n|move|p2b: Incineroar|Flare Blitz|p1b: Scizor\n|-supereffective|p1b: Scizor|2\n|-damage|p1b: Scizor|0 fnt\n|faint|p1b: Scizor\n|-damage|p2b: Incineroar|98/100|[from] Recoil\n|\n|win|joepete\n|raw|Kazuma Yato's rating: 1247 &rarr; <strong>1221</strong><br />(-26 for losing)\n|raw|joepete's rating: 1235 &rarr; <strong>1261</strong><br />(+26 for winning)\n",
  "uploadtime": 1776730133,
  "views": 6,
  "formatid": "gen9championsvgc2026regma",
  "rating": 1221,
  "private": 0,
  "password": null
}