{
  "id": "gen9championsvgc2026regma-2586851652",
  "format": "[Gen 9 Champions] VGC 2026 Reg M-A",
  "players": [
    "471 Scyther",
    "xXElementalordXx"
  ],
  "log": "|j|\u2606471 Scyther\n|j|\u2606xXElementalordXx\n|t:|1776465346\n|gametype|doubles\n|player|p1|471 Scyther|265|1182\n|player|p2|xXElementalordXx|266|1268\n|gen|9\n|tier|[Gen 9 Champions] VGC 2026 Reg M-A\n|rated|\n|rule|Species Clause: Limit one of each Pok\u00e9mon\n|rule|Item Clause: Limit 1 of each item\n|clearpoke\n|poke|p1|Gardevoir, L50, F|\n|poke|p1|Garchomp, L50, F|\n|poke|p1|Aerodactyl, L50, M|\n|poke|p1|Rotom-Wash, L50|\n|poke|p1|Kingambit, L50, F|\n|poke|p1|Typhlosion-Hisui, L50, F|\n|poke|p2|Gengar, L50, F|\n|poke|p2|Gyarados, L50, F|\n|poke|p2|Incineroar, L50, F|\n|poke|p2|Sinistcha, L50|\n|poke|p2|Basculegion, L50, M|\n|poke|p2|Sneasler, L50, M|\n|teampreview|4\n|inactive|Battle timer is ON: inactive players will automatically lose when time's up. (requested by xXElementalordXx)\n|inactive|xXElementalordXx has 60 seconds left.\n|\n|t:|1776465392\n|teamsize|p1|4\n|teamsize|p2|4\n|start\n|switch|p1a: Aerodactyl|Aerodactyl, L50, M|100/100\n|switch|p1b: Garchomp|Garchomp, L50, F|100/100\n|switch|p2a: Gengar|Gengar, L50, F|100/100\n|switch|p2b: Incineroar|Incineroar, L50, F|100/100\n|-ability|p1a: Aerodactyl|Unnerve\n|-ability|p2b: Incineroar|Intimidate|boost\n|-unboost|p1a: Aerodactyl|atk|1\n|-unboost|p1b: Garchomp|atk|1\n|turn|1\n|\n|t:|1776465409\n|detailschange|p2a: Gengar|Gengar-Mega, L50, F\n|-mega|p2a: Gengar|Gengar|Gengarite\n|move|p2b: Incineroar|Fake Out|p1b: Garchomp\n|-damage|p1b: Garchomp|90/100\n|-damage|p2b: Incineroar|88/100|[from] ability: Rough Skin|[of] p1b: Garchomp\n|move|p1a: Aerodactyl|Tailwind|p1a: Aerodactyl\n|-sidestart|p1: 471 Scyther|move: Tailwind\n|cant|p1b: Garchomp|flinch\n|move|p2a: Gengar|Perish Song|p2a: Gengar\n|-start|p1a: Aerodactyl|perish3|[silent]\n|-start|p1b: Garchomp|perish3|[silent]\n|-start|p2a: Gengar|perish3|[silent]\n|-start|p2b: Incineroar|perish3|[silent]\n|-fieldactivate|move: Perish Song\n|\n|-start|p1a: Aerodactyl|perish3\n|-start|p1b: Garchomp|perish3\n|-start|p2a: Gengar|perish3\n|-start|p2b: Incineroar|perish3\n|upkeep\n|turn|2\n|inactive|471 Scyther has 30 seconds left.\n|\n|t:|1776465442\n|move|p1b: Garchomp|Protect|p1b: Garchomp\n|-singleturn|p1b: Garchomp|Protect\n|move|p2a: Gengar|Protect|p2a: Gengar\n|-singleturn|p2a: Gengar|Protect\n|move|p2b: Incineroar|Protect|p2b: Incineroar\n|-singleturn|p2b: Incineroar|Protect\n|move|p1a: Aerodactyl|Rock Slide|p2a: Gengar|[spread] \n|-activate|p2a: Gengar|move: Protect\n|-activate|p2b: Incineroar|move: Protect\n|\n|-start|p1a: Aerodactyl|perish2\n|-start|p1b: Garchomp|perish2\n|-start|p2a: Gengar|perish2\n|-start|p2b: Incineroar|perish2\n|upkeep\n|turn|3\n|\n|t:|1776465467\n|switch|p2a: Gyarados|Gyarados, L50, F|100/100\n|-ability|p2a: Gyarados|Intimidate|boost\n|-unboost|p1a: Aerodactyl|atk|1\n|-unboost|p1b: Garchomp|atk|1\n|move|p1a: Aerodactyl|Rock Slide|p2a: Gyarados|[spread] p2a,p2b\n|-supereffective|p2a: Gyarados|1\n|-supereffective|p2b: Incineroar|1\n|-damage|p2a: Gyarados|79/100\n|-damage|p2b: Incineroar|66/100\n|move|p1b: Garchomp|Earthquake|p2a: Gyarados|[spread] p2b\n|-immune|p1a: Aerodactyl\n|-immune|p2a: Gyarados\n|-supereffective|p2b: Incineroar|1\n|-damage|p2b: Incineroar|25/100\n|move|p2b: Incineroar|Parting Shot|p1b: Garchomp\n|-unboost|p1b: Garchomp|atk|1\n|-unboost|p1b: Garchomp|spa|1\n|\n|t:|1776465482\n|switch|p2b: Gengar|Gengar-Mega, L50, F|100/100|[from] Parting Shot\n|\n|-heal|p2a: Gyarados|85/100|[from] item: Leftovers\n|-start|p1a: Aerodactyl|perish1\n|-start|p1b: Garchomp|perish1\n|upkeep\n|turn|4\n|\n|t:|1776465495\n|move|p2b: Gengar|Protect|p2b: Gengar\n|-singleturn|p2b: Gengar|Protect\n|move|p2a: Gyarados|Protect|p2a: Gyarados\n|-singleturn|p2a: Gyarados|Protect\n|move|p1a: Aerodactyl|Rock Slide|p2b: Gengar|[spread] \n|-activate|p2a: Gyarados|move: Protect\n|-activate|p2b: Gengar|move: Protect\n|move|p1b: Garchomp|Earthquake|p2a: Gyarados|[spread] \n|-activate|p2a: Gyarados|move: Protect\n|-activate|p2b: Gengar|move: Protect\n|-immune|p1a: Aerodactyl\n|\n|-heal|p2a: Gyarados|91/100|[from] item: Leftovers\n|-start|p1a: Aerodactyl|perish0\n|-start|p1b: Garchomp|perish0\n|-sideend|p1: 471 Scyther|move: Tailwind\n|faint|p1a: Aerodactyl\n|faint|p1b: Garchomp\n|upkeep\n|\n|t:|1776465500\n|switch|p1a: Kingambit|Kingambit, L50, F|100/100\n|switch|p1b: Gardevoir|Gardevoir, L50, F, shiny|100/100\n|turn|5\n|inactive|xXElementalordXx has 30 seconds left.\n|\n|t:|1776465527\n|detailschange|p1b: Gardevoir|Gardevoir-Mega, L50, F, shiny\n|-mega|p1b: Gardevoir|Gardevoir|Gardevoirite\n|move|p2b: Gengar|Perish Song|p2b: Gengar\n|-start|p1a: Kingambit|perish3|[silent]\n|-start|p1b: Gardevoir|perish3|[silent]\n|-start|p2a: Gyarados|perish3|[silent]\n|-start|p2b: Gengar|perish3|[silent]\n|-fieldactivate|move: Perish Song\n|move|p2a: Gyarados|Waterfall|p1b: Gardevoir\n|-damage|p1b: Gardevoir|52/100\n|move|p1a: Kingambit|Kowtow Cleave|p2b: Gengar\n|-supereffective|p2b: Gengar|1\n|-damage|p2b: Gengar|0 fnt\n|faint|p2b: Gengar\n|move|p1b: Gardevoir|Trick Room|p1b: Gardevoir\n|-fieldstart|move: Trick Room|[of] p1b: Gardevoir\n|\n|-heal|p2a: Gyarados|97/100|[from] item: Leftovers\n|-start|p1a: Kingambit|perish3\n|-start|p2a: Gyarados|perish3\n|-start|p1b: Gardevoir|perish3\n|upkeep\n|\n|t:|1776465543\n|switch|p2b: Incineroar|Incineroar, L50, F|25/100\n|-enditem|p2b: Incineroar|Sitrus Berry|[eat]\n|-heal|p2b: Incineroar|50/100|[from] item: Sitrus Berry\n|-ability|p2b: Incineroar|Intimidate|boost\n|-unboost|p1a: Kingambit|atk|1\n|-ability|p1a: Kingambit|Defiant|boost\n|-boost|p1a: Kingambit|atk|2\n|-unboost|p1b: Gardevoir|atk|1\n|turn|6\n|inactive|xXElementalordXx has 30 seconds left.\n|inactive|xXElementalordXx has 20 seconds left.\n|\n|t:|1776465583\n|move|p2a: Gyarados|Protect|p2a: Gyarados\n|-singleturn|p2a: Gyarados|Protect\n|move|p2b: Incineroar|Fake Out|p1b: Gardevoir\n|-damage|p1b: Gardevoir|37/100\n|move|p1a: Kingambit|Kowtow Cleave|p2a: Gyarados\n|-activate|p2a: Gyarados|move: Protect\n|cant|p1b: Gardevoir|flinch\n|\n|-heal|p2a: Gyarados|100/100|[from] item: Leftovers\n|-start|p1a: Kingambit|perish2\n|-start|p2a: Gyarados|perish2\n|-start|p1b: Gardevoir|perish2\n|upkeep\n|turn|7\n|\n|t:|1776465602\n|switch|p2a: Basculegion|Basculegion, L50, M|100/100\n|move|p2b: Incineroar|Protect|p2b: Incineroar\n|-singleturn|p2b: Incineroar|Protect\n|move|p1a: Kingambit|Kowtow Cleave|p2a: Basculegion\n|-supereffective|p2a: Basculegion|1\n|-damage|p2a: Basculegion|0 fnt\n|faint|p2a: Basculegion\n|move|p1b: Gardevoir|Hyper Voice|p2b: Incineroar\n|-activate|p2b: Incineroar|move: Protect\n|\n|-start|p1a: Kingambit|perish1\n|-start|p1b: Gardevoir|perish1\n|upkeep\n|\n|t:|1776465614\n|switch|p2a: Gyarados|Gyarados, L50, F|100/100\n|-ability|p2a: Gyarados|Intimidate|boost\n|-unboost|p1a: Kingambit|atk|1\n|-ability|p1a: Kingambit|Defiant|boost\n|-boost|p1a: Kingambit|atk|2\n|-unboost|p1b: Gardevoir|atk|1\n|turn|8\n|\n|t:|1776465624\n|move|p2b: Incineroar|Protect||[still]\n|-fail|p2b: Incineroar\n|move|p2a: Gyarados|Protect|p2a: Gyarados\n|-singleturn|p2a: Gyarados|Protect\n|move|p1a: Kingambit|Kowtow Cleave|p2a: Gyarados\n|-activate|p2a: Gyarados|move: Protect\n|move|p1b: Gardevoir|Hyper Voice|p2a: Gyarados|[spread] p2b\n|-activate|p2a: Gyarados|move: Protect\n|-damage|p2b: Incineroar|7/100\n|\n|-start|p1a: Kingambit|perish0\n|-start|p1b: Gardevoir|perish0\n|faint|p1a: Kingambit\n|faint|p1b: Gardevoir\n|\n|win|xXElementalordXx\n|raw|471 Scyther's rating: 1182 &rarr; <strong>1163</strong><br />(-19 for losing)\n|raw|xXElementalordXx's rating: 1268 &rarr; <strong>1287</strong><br />(+19 for winning)\n|l|\u2606471 Scyther\n|player|p1|\n",
  "uploadtime": 1776465734,
  "views": 26,
  "formatid": "gen9championsvgc2026regma",
  "rating": 1163,
  "private": 0,
  "password": null
}