{
  "id": "gen9championsvgc2026regma-2586125469",
  "format": "[Gen 9 Champions] VGC 2026 Reg M-A",
  "players": [
    "Elite Four Gerald",
    "Phillip Blevin"
  ],
  "log": "|j|\u2606Elite Four Gerald\n|j|\u2606Phillip Blevin\n|t:|1776402074\n|gametype|doubles\n|player|p1|Elite Four Gerald|265|1185\n|player|p2|Phillip Blevin|cynthia-masters4|1224\n|gen|9\n|tier|[Gen 9 Champions] VGC 2026 Reg M-A\n|rated|\n|rule|Species Clause: Limit one of each Pok\u00e9mon\n|rule|Item Clause: Limit 1 of each item\n|clearpoke\n|poke|p1|Oranguru, L50, M|\n|poke|p1|Floette-Eternal, L50, F|\n|poke|p1|Sneasler, L50, F|\n|poke|p1|Feraligatr, L50, M|\n|poke|p1|Chandelure, L50, F|\n|poke|p1|Abomasnow, L50, M|\n|poke|p2|Froslass, L50, F|\n|poke|p2|Corviknight, L50, M|\n|poke|p2|Incineroar, L50, F|\n|poke|p2|Meowscarada, L50, M|\n|poke|p2|Sneasler, L50, M|\n|poke|p2|Gyarados, L50, F|\n|teampreview|4\n|inactive|Battle timer is ON: inactive players will automatically lose when time's up. (requested by Phillip Blevin)\nPhillip Blevin has agreed to open team sheets.\n|inactive|Elite Four Gerald has 60 seconds left.\n|inactive|Phillip Blevin has 60 seconds left.\n|\n|t:|1776402106\n|teamsize|p1|4\n|teamsize|p2|4\n|start\n|switch|p1a: Oranguru|Oranguru, L50, M|100/100\n|switch|p1b: Floette|Floette-Eternal, L50, F|100/100\n|switch|p2a: Incineroar|Incineroar, L50, F|100/100\n|switch|p2b: Meowscarada|Meowscarada, L50, M|100/100\n|-ability|p2a: Incineroar|Intimidate|boost\n|-fail|p1a: Oranguru|unboost|Attack|[from] ability: Inner Focus|[of] p1a: Oranguru\n|-unboost|p1b: Floette|atk|1\n|turn|1\n|\n|t:|1776402130\n|switch|p1a: Sneasler|Sneasler, L50, F|100/100\n|-ability|p1a: Sneasler|Pressure\n|move|p1b: Floette|Protect|p1b: Floette\n|-singleturn|p1b: Floette|Protect\n|move|p2b: Meowscarada|Knock Off|p1a: Sneasler\n|-resisted|p1a: Sneasler|1\n|-damage|p1a: Sneasler|58/100\n|-enditem|p1a: Sneasler|White Herb|[from] move: Knock Off|[of] p2b: Meowscarada\n|move|p2a: Incineroar|Darkest Lariat|p1a: Sneasler\n|-resisted|p1a: Sneasler|1\n|-damage|p1a: Sneasler|26/100\n|\n|upkeep\n|turn|2\n|\n|t:|1776402152\n|switch|p2b: Gyarados|Gyarados, L50, F|100/100\n|-ability|p2b: Gyarados|Intimidate|boost\n|-unboost|p1a: Sneasler|atk|1\n|-unboost|p1b: Floette|atk|1\n|move|p1a: Sneasler|Dire Claw|p2b: Gyarados\n|-damage|p2b: Gyarados|67/100\n|-status|p2b: Gyarados|psn\n|move|p1b: Floette|Calm Mind|p1b: Floette\n|-boost|p1b: Floette|spa|1\n|-boost|p1b: Floette|spd|1\n|move|p2a: Incineroar|Flare Blitz|p1b: Floette\n|-damage|p1b: Floette|46/100\n|-damage|p2a: Incineroar|84/100|[from] Recoil\n|\n|-damage|p2b: Gyarados|55/100 psn|[from] psn\n|upkeep\n|turn|3\n|inactive|Elite Four Gerald has 30 seconds left.\n|\n|t:|1776402183\n|detailschange|p1b: Floette|Floette-Mega, L50, F\n|-mega|p1b: Floette|Floette|Floettite\n|-ability|p1b: Floette|Fairy Aura\n|move|p1a: Sneasler|Close Combat|p2a: Incineroar\n|-supereffective|p2a: Incineroar|1\n|-damage|p2a: Incineroar|12/100\n|-unboost|p1a: Sneasler|def|1\n|-unboost|p1a: Sneasler|spd|1\n|move|p1b: Floette|Dazzling Gleam|p2b: Gyarados|[spread] p2a,p2b\n|-damage|p2a: Incineroar|0 fnt\n|-damage|p2b: Gyarados|0 fnt\n|faint|p2a: Incineroar\n|faint|p2b: Gyarados\n|\n|upkeep\n|\n|t:|1776402191\n|switch|p2b: Meowscarada|Meowscarada, L50, M|100/100\n|switch|p2a: Froslass|Froslass, L50, F|100/100\n|turn|4\n|\n|t:|1776402200\n|detailschange|p2a: Froslass|Froslass-Mega, L50, F\n|-mega|p2a: Froslass|Froslass|Froslassite\n|-weather|Snowscape|[from] ability: Snow Warning|[of] p2a: Froslass\n|move|p1b: Floette|Protect|p1b: Floette\n|-singleturn|p1b: Floette|Protect\n|move|p2b: Meowscarada|Flower Trick|p1b: Floette\n|-activate|p1b: Floette|move: Protect\n|move|p2a: Froslass|Blizzard|p1b: Floette|[spread] p1a\n|-activate|p1b: Floette|move: Protect\n|-damage|p1a: Sneasler|0 fnt\n|faint|p1a: Sneasler\n|\n|-weather|Snowscape|[upkeep]\n|upkeep\n|\n|t:|1776402213\n|switch|p1a: Chandelure|Chandelure, L50, F|100/100\n|turn|5\n|\n|t:|1776402221\n|move|p2b: Meowscarada|Flower Trick|p1b: Floette\n|-crit|p1b: Floette\n|-damage|p1b: Floette|0 fnt\n|faint|p1b: Floette\n|move|p1a: Chandelure|Flamethrower|p2a: Froslass\n|-supereffective|p2a: Froslass|1\n|-damage|p2a: Froslass|0 fnt\n|faint|p2a: Froslass\n|\n|-weather|Snowscape|[upkeep]\n|upkeep\n|\n|t:|1776402224\n|switch|p1b: Oranguru|Oranguru, L50, M|100/100\n|turn|6\n|\n|t:|1776402232\n|move|p2b: Meowscarada|Flower Trick|p1a: Chandelure\n|-resisted|p1a: Chandelure|1\n|-crit|p1a: Chandelure\n|-damage|p1a: Chandelure|60/100\n|move|p1a: Chandelure|Flamethrower|p2b: Meowscarada\n|-supereffective|p2b: Meowscarada|1\n|-damage|p2b: Meowscarada|0 fnt\n|faint|p2b: Meowscarada\n|\n|win|Elite Four Gerald\n|raw|Elite Four Gerald's rating: 1185 &rarr; <strong>1213</strong><br />(+28 for winning)\n|raw|Phillip Blevin's rating: 1224 &rarr; <strong>1196</strong><br />(-28 for losing)\n",
  "uploadtime": 1776402232,
  "views": 17,
  "formatid": "gen9championsvgc2026regma",
  "rating": 1196,
  "private": 0,
  "password": null
}