{
  "id": "gen9championsvgc2026regma-2587810759",
  "format": "[Gen 9 Champions] VGC 2026 Reg M-A",
  "players": [
    "AzInNow!",
    "kiuvippro5"
  ],
  "log": "|j|\u2606AzInNow!\n|j|\u2606kiuvippro5\n|t:|1776566360\n|gametype|doubles\n|player|p1|AzInNow!|hilbert|1135\n|player|p2|kiuvippro5|169|1162\n|gen|9\n|tier|[Gen 9 Champions] VGC 2026 Reg M-A\n|rated|\n|rule|Species Clause: Limit one of each Pok\u00e9mon\n|rule|Item Clause: Limit 1 of each item\n|clearpoke\n|poke|p1|Floette-Eternal, L50, F|\n|poke|p1|Incineroar, L50, F|\n|poke|p1|Sinistcha, L50|\n|poke|p1|Sneasler, L50, M|\n|poke|p1|Rotom-Wash, L50|\n|poke|p1|Garchomp, L50, F|\n|poke|p2|Charizard, L50, F|\n|poke|p2|Tyranitar, L50, F|\n|poke|p2|Garchomp, L50, M|\n|poke|p2|Sneasler, L50, F|\n|poke|p2|Sinistcha-Masterpiece, L50|\n|poke|p2|Froslass, L50, F|\n|teampreview|4\n|inactive|Battle timer is ON: inactive players will automatically lose when time's up. (requested by AzInNow!)\n|inactive|AzInNow! has 60 seconds left.\n|\n|t:|1776566407\n|teamsize|p1|4\n|teamsize|p2|4\n|start\n|switch|p1a: Garchomp|Garchomp, L50, F|100/100\n|switch|p1b: Rotom|Rotom-Wash, L50|100/100\n|switch|p2a: Froslass|Froslass, L50, F|100/100\n|switch|p2b: Sneasler|Sneasler, L50, F|100/100\n|turn|1\n|\n|t:|1776566427\n|switch|p1a: Incineroar|Incineroar, L50, F|100/100\n|-ability|p1a: Incineroar|Intimidate|boost\n|-unboost|p2a: Froslass|atk|1\n|-unboost|p2b: Sneasler|atk|1\n|detailschange|p2a: Froslass|Froslass-Mega, L50, F\n|-mega|p2a: Froslass|Froslass|Froslassite\n|-weather|Snowscape|[from] ability: Snow Warning|[of] p2a: Froslass\n|move|p2b: Sneasler|Fake Out|p1b: Rotom\n|-damage|p1b: Rotom|92/100\n|move|p2a: Froslass|Aurora Veil|p2a: Froslass\n|-sidestart|p2: kiuvippro5|move: Aurora Veil\n|cant|p1b: Rotom|flinch\n|\n|-weather|Snowscape|[upkeep]\n|-heal|p1b: Rotom|97/100|[from] item: Leftovers\n|upkeep\n|turn|2\n|\n|t:|1776566448\n|switch|p2a: Garchomp|Garchomp, L50, M|100/100\n|move|p1a: Incineroar|Fake Out|p2b: Sneasler\n|-damage|p2b: Sneasler|90/100\n|cant|p2b: Sneasler|flinch\n|move|p1b: Rotom|Will-O-Wisp|p2b: Sneasler|[miss]\n|-miss|p1b: Rotom|p2b: Sneasler\n|\n|-weather|Snowscape|[upkeep]\n|-heal|p1b: Rotom|100/100|[from] item: Leftovers\n|upkeep\n|turn|3\n|\n|t:|1776566464\n|move|p2a: Garchomp|Rock Slide|p1b: Rotom|[spread] p1a,p1b\n|-supereffective|p1a: Incineroar|1\n|-damage|p1a: Incineroar|69/100\n|-damage|p1b: Rotom|85/100\n|move|p2b: Sneasler|Close Combat|p1a: Incineroar\n|-supereffective|p1a: Incineroar|1\n|-enditem|p1a: Incineroar|Chople Berry|[eat]\n|-enditem|p1a: Incineroar|Chople Berry|[weaken]\n|-damage|p1a: Incineroar|33/100\n|-unboost|p2b: Sneasler|def|1\n|-unboost|p2b: Sneasler|spd|1\n|cant|p1b: Rotom|flinch\n|move|p1a: Incineroar|Parting Shot|p2b: Sneasler\n|-unboost|p2b: Sneasler|atk|1\n|-unboost|p2b: Sneasler|spa|1\n|c|\u2606AzInNow!|this fuckass rotom\n|\n|t:|1776566483\n|switch|p1a: Garchomp|Garchomp, L50, F|100/100|[from] Parting Shot\n|\n|-weather|Snowscape|[upkeep]\n|-heal|p1b: Rotom|90/100|[from] item: Leftovers\n|upkeep\n|turn|4\n|\n|t:|1776566493\n|move|p1a: Garchomp|Earthquake|p2b: Sneasler|[spread] p2a,p2b\n|-immune|p1b: Rotom|[from] ability: Levitate\n|-supereffective|p2b: Sneasler|1\n|-damage|p2a: Garchomp|77/100\n|-damage|p2b: Sneasler|0 fnt\n|faint|p2b: Sneasler\n|move|p2a: Garchomp|Dragon Claw|p1a: Garchomp\n|-supereffective|p1a: Garchomp|1\n|-damage|p1a: Garchomp|28/100\n|-damage|p2a: Garchomp|65/100|[from] ability: Rough Skin|[of] p1a: Garchomp\n|move|p1b: Rotom|Hydro Pump|p2a: Garchomp\n|-damage|p2a: Garchomp|35/100\n|-enditem|p2a: Garchomp|Sitrus Berry|[eat]\n|-heal|p2a: Garchomp|60/100|[from] item: Sitrus Berry\n|\n|-weather|Snowscape|[upkeep]\n|-heal|p1b: Rotom|96/100|[from] item: Leftovers\n|upkeep\n|\n|t:|1776566503\n|switch|p2b: Froslass|Froslass-Mega, L50, F|100/100\n|turn|5\n|\n|t:|1776566519\n|move|p1a: Garchomp|Earthquake|p2a: Garchomp|[spread] p2a,p2b\n|-immune|p1b: Rotom|[from] ability: Levitate\n|-damage|p2a: Garchomp|37/100\n|-damage|p2b: Froslass|76/100\n|move|p2b: Froslass|Blizzard|p1a: Garchomp|[spread] p1a,p1b\n|-supereffective|p1a: Garchomp|2\n|-resisted|p1b: Rotom|1\n|-damage|p1a: Garchomp|0 fnt\n|-damage|p1b: Rotom|71/100\n|faint|p1a: Garchomp\n|move|p2a: Garchomp|Rock Slide|p1b: Rotom\n|-damage|p1b: Rotom|49/100\n|move|p1b: Rotom|Will-O-Wisp|p2a: Garchomp\n|-status|p2a: Garchomp|brn\n|\n|-weather|none\n|-heal|p1b: Rotom|55/100|[from] item: Leftovers\n|-damage|p2a: Garchomp|31/100 brn|[from] brn\n|-sideend|p2: kiuvippro5|move: Aurora Veil\n|upkeep\n|\n|t:|1776566529\n|switch|p1a: Incineroar|Incineroar, L50, F|33/100\n|-ability|p1a: Incineroar|Intimidate|boost\n|-unboost|p2a: Garchomp|atk|1\n|-unboost|p2b: Froslass|atk|1\n|turn|6\n|\n|t:|1776566541\n|switch|p2b: Sinistcha|Sinistcha-Masterpiece, L50|100/100\n|-heal|p2a: Garchomp|56/100 brn|[from] ability: Hospitality|[of] p2b: Sinistcha\n|move|p2a: Garchomp|Protect|p2a: Garchomp\n|-singleturn|p2a: Garchomp|Protect\n|move|p1a: Incineroar|Fake Out|p2a: Garchomp\n|-activate|p2a: Garchomp|move: Protect\n|move|p1b: Rotom|Volt Switch|p2b: Sinistcha\n|-resisted|p2b: Sinistcha|1\n|-damage|p2b: Sinistcha|84/100\n|\n|t:|1776566551\n|switch|p1b: Floette|Floette-Eternal, L50, F|100/100|[from] Volt Switch\n|\n|-heal|p2b: Sinistcha|90/100|[from] item: Leftovers\n|-damage|p2a: Garchomp|50/100 brn|[from] brn\n|upkeep\n|turn|7\n|\n|t:|1776566565\n|detailschange|p1b: Floette|Floette-Mega, L50, F\n|-mega|p1b: Floette|Floette|Floettite\n|-ability|p1b: Floette|Fairy Aura\n|move|p1b: Floette|Dazzling Gleam|p2a: Garchomp|[spread] p2a,p2b\n|-supereffective|p2a: Garchomp|1\n|-damage|p2a: Garchomp|0 fnt\n|-damage|p2b: Sinistcha|34/100\n|faint|p2a: Garchomp\n|move|p2b: Sinistcha|Matcha Gotcha|p1b: Floette|[spread] p1a,p1b\n|-resisted|p1a: Incineroar|1\n|-damage|p1a: Incineroar|24/100\n|-heal|p2b: Sinistcha|39/100|[from] drain|[of] p1a: Incineroar\n|-damage|p1b: Floette|81/100\n|-heal|p2b: Sinistcha|49/100|[from] drain|[of] p1b: Floette\n|move|p1a: Incineroar|Darkest Lariat|p2b: Sinistcha\n|-supereffective|p2b: Sinistcha|1\n|-damage|p2b: Sinistcha|0 fnt\n|faint|p2b: Sinistcha\n|\n|upkeep\n|\n|t:|1776566580\n|switch|p2a: Froslass|Froslass-Mega, L50, F|76/100\n|-weather|Snowscape|[from] ability: Snow Warning|[of] p2a: Froslass\n|turn|8\n|\n|t:|1776566589\n|move|p2a: Froslass|Blizzard|p1a: Incineroar|[spread] p1a,p1b\n|-resisted|p1a: Incineroar|1\n|-damage|p1a: Incineroar|8/100\n|-damage|p1b: Floette|46/100\n|move|p1b: Floette|Moonblast|p2a: Froslass\n|-damage|p2a: Froslass|0 fnt\n|faint|p2a: Froslass\n|\n|win|AzInNow!\n",
  "uploadtime": 1776566481,
  "views": 10,
  "formatid": "gen9championsvgc2026regma",
  "rating": null,
  "private": 0,
  "password": null
}