{
  "id": "gen9championsvgc2026regma-2588772213",
  "format": "[Gen 9 Champions] VGC 2026 Reg M-A",
  "players": [
    "Ammo78",
    "halcony"
  ],
  "log": "|j|\u2606Ammo78\n|j|\u2606halcony\n|t:|1776668799\n|gametype|doubles\n|player|p1|Ammo78|102|1044\n|player|p2|halcony|169|1107\n|gen|9\n|tier|[Gen 9 Champions] VGC 2026 Reg M-A\n|rated|\n|rule|Species Clause: Limit one of each Pok\u00e9mon\n|rule|Item Clause: Limit 1 of each item\n|clearpoke\n|poke|p1|Decidueye, L50, F|\n|poke|p1|Feraligatr, L50, F|\n|poke|p1|Incineroar, L50, M|\n|poke|p1|Hatterene, L50, F|\n|poke|p1|Ampharos, L50, M|\n|poke|p1|Aegislash, L50, F|\n|poke|p2|Charizard, L50, M|\n|poke|p2|Sinistcha, L50|\n|poke|p2|Aerodactyl, L50, F|\n|poke|p2|Typhlosion-Hisui, L50, M|\n|poke|p2|Feraligatr, L50, F|\n|poke|p2|Kingambit, L50, F|\n|teampreview|4\n|inactive|Battle timer is ON: inactive players will automatically lose when time's up. (requested by halcony)\nhalcony rejected open team sheets.\n|\n|t:|1776668834\n|teamsize|p1|4\n|teamsize|p2|4\n|start\n|switch|p1a: Aegislash|Aegislash, L50, F|100/100\n|switch|p1b: Hatterene|Hatterene, L50, F|100/100\n|switch|p2a: Aerodactyl|Aerodactyl, L50, F|100/100\n|switch|p2b: Feraligatr|Feraligatr, L50, F|100/100\n|-ability|p2a: Aerodactyl|Unnerve\n|turn|1\n|inactive|Ammo78 has 30 seconds left.\n|\n|t:|1776668866\n|switch|p1b: Incineroar|Incineroar, L50, M|100/100\n|-ability|p1b: Incineroar|Intimidate|boost\n|-unboost|p2a: Aerodactyl|atk|1\n|-unboost|p2b: Feraligatr|atk|1\n|detailschange|p2b: Feraligatr|Feraligatr-Mega, L50, F\n|-mega|p2b: Feraligatr|Feraligatr|Feraligite\n|move|p1a: Aegislash|King's Shield|p1a: Aegislash\n|-singleturn|p1a: Aegislash|Protect\n|move|p2a: Aerodactyl|Stealth Rock|p1b: Incineroar\n|-sidestart|p1: Ammo78|move: Stealth Rock\n|move|p2b: Feraligatr|Liquidation|p1b: Incineroar\n|-supereffective|p1b: Incineroar|1\n|-damage|p1b: Incineroar|31/100\n|\n|upkeep\n|turn|2\n|inactive|Ammo78 has 30 seconds left.\n|inactive|Ammo78 has 20 seconds left.\n|inactive|Ammo78 has 15 seconds left.\n|\n|t:|1776668910\n|switch|p1a: Hatterene|Hatterene, L50, F|100/100\n|-damage|p1a: Hatterene|88/100|[from] Stealth Rock\n|move|p1b: Incineroar|Fake Out|p2b: Feraligatr\n|-damage|p2b: Feraligatr|91/100\n|move|p2a: Aerodactyl|Tailwind|p2a: Aerodactyl\n|-sidestart|p2: halcony|move: Tailwind\n|cant|p2b: Feraligatr|flinch\n|\n|-heal|p1a: Hatterene|94/100|[from] item: Leftovers\n|upkeep\n|turn|3\n|inactive|Ammo78 has 30 seconds left.\n|\n|t:|1776668937\n|move|p2a: Aerodactyl|Rock Slide|p1a: Hatterene|[spread] p1a,p1b\n|-supereffective|p1b: Incineroar|1\n|-damage|p1a: Hatterene|76/100\n|-damage|p1b: Incineroar|0 fnt\n|faint|p1b: Incineroar\n|move|p2b: Feraligatr|Liquidation|p1a: Hatterene\n|-damage|p1a: Hatterene|32/100\n|-unboost|p1a: Hatterene|def|1\n|move|p1a: Hatterene|Trick Room|p1a: Hatterene\n|-fieldstart|move: Trick Room|[of] p1a: Hatterene\n|\n|-heal|p1a: Hatterene|38/100|[from] item: Leftovers\n|upkeep\n|\n|t:|1776668952\n|switch|p1b: Ampharos|Ampharos, L50, M|100/100\n|-damage|p1b: Ampharos|88/100|[from] Stealth Rock\n|turn|4\n|\n|t:|1776668970\n|switch|p2b: Sinistcha|Sinistcha, L50|100/100\n|detailschange|p1b: Ampharos|Ampharos-Mega, L50, M\n|-mega|p1b: Ampharos|Ampharos|Ampharosite\n|-ability|p1b: Ampharos|Mold Breaker\n|move|p1a: Hatterene|Dazzling Gleam|p2b: Sinistcha|[spread] p2a,p2b\n|-crit|p2a: Aerodactyl\n|-damage|p2a: Aerodactyl|18/100\n|-damage|p2b: Sinistcha|54/100\n|move|p1b: Ampharos|Dragon Pulse|p2b: Sinistcha\n|-damage|p2b: Sinistcha|0 fnt\n|faint|p2b: Sinistcha\n|move|p2a: Aerodactyl|Rock Slide|p1b: Ampharos|[spread] p1a,p1b\n|-crit|p1b: Ampharos\n|-damage|p1a: Hatterene|11/100\n|-damage|p1b: Ampharos|56/100\n|\n|-heal|p1a: Hatterene|18/100|[from] item: Leftovers\n|upkeep\n|\n|t:|1776668977\n|switch|p2b: Feraligatr|Feraligatr-Mega, L50, F|91/100\n|turn|5\n|\n|t:|1776669000\n|move|p2b: Feraligatr|Aqua Jet|p1a: Hatterene\n|-damage|p1a: Hatterene|0 fnt\n|faint|p1a: Hatterene\n|move|p1b: Ampharos|Dragon Pulse|p2b: Feraligatr\n|-supereffective|p2b: Feraligatr|1\n|-damage|p2b: Feraligatr|0 fnt\n|faint|p2b: Feraligatr\n|move|p2a: Aerodactyl|Rock Slide|p1b: Ampharos\n|-damage|p1b: Ampharos|38/100\n|\n|-sideend|p2: halcony|move: Tailwind\n|upkeep\n|\n|t:|1776669013\n|switch|p1a: Aegislash|Aegislash, L50, F|100/100\n|switch|p2b: Kingambit|Kingambit, L50, F|100/100\n|-damage|p1a: Aegislash|95/100|[from] Stealth Rock\n|turn|6\n|\n|t:|1776669029\n|move|p2b: Kingambit|Sucker Punch|p1b: Ampharos\n|-damage|p1b: Ampharos|3/100\n|move|p1b: Ampharos|Focus Blast|p2b: Kingambit\n|-supereffective|p2b: Kingambit|2\n|-damage|p2b: Kingambit|0 fnt\n|faint|p2b: Kingambit\n|-formechange|p1a: Aegislash|Aegislash-Blade|\n|move|p1a: Aegislash|Flash Cannon|p2a: Aerodactyl\n|-supereffective|p2a: Aerodactyl|1\n|-damage|p2a: Aerodactyl|0 fnt\n|faint|p2a: Aerodactyl\n|\n|win|Ammo78\n|raw|Ammo78's rating: 1044 &rarr; <strong>1083</strong><br />(+39 for winning)\n|raw|halcony's rating: 1107 &rarr; <strong>1078</strong><br />(-29 for losing)\n|l|\u2606halcony\n|player|p2|\n",
  "uploadtime": 1776669088,
  "views": 18,
  "formatid": "gen9championsvgc2026regma",
  "rating": 1078,
  "private": 0,
  "password": null
}