{
  "id": "gen9championsvgc2026regma-2582775623",
  "format": "[Gen 9 Champions] VGC 2026 Reg M-A",
  "players": [
    "Ahelo",
    "Poseidon425"
  ],
  "log": "|j|\u2606Ahelo\n|j|\u2606Poseidon425\n|t:|1776113262\n|gametype|doubles\n|player|p1|Ahelo|red|1081\n|player|p2|Poseidon425|265|1000\n|gen|9\n|tier|[Gen 9 Champions] VGC 2026 Reg M-A\n|rated|\n|rule|Species Clause: Limit one of each Pok\u00e9mon\n|rule|Item Clause: Limit 1 of each item\n|clearpoke\n|poke|p1|Dragonite, L50, F|\n|poke|p1|Politoed, L50, M|\n|poke|p1|Basculegion, L50, M|\n|poke|p1|Rotom-Mow, L50|\n|poke|p1|Aegislash, L50, M|\n|poke|p1|Incineroar, L50, M|\n|poke|p2|Sneasler, L50, M|\n|poke|p2|Incineroar, L50, F|\n|poke|p2|Charizard, L50, F|\n|poke|p2|Venusaur, L50, M|\n|poke|p2|Garchomp, L50, M|\n|poke|p2|Rotom-Wash, L50|\n|teampreview|4\n|\n|t:|1776113318\n|teamsize|p1|4\n|teamsize|p2|4\n|start\n|switch|p1a: Incineroar|Incineroar, L50, M|100/100\n|switch|p1b: Dragonite|Dragonite, L50, F|100/100\n|switch|p2a: Sneasler|Sneasler, L50, M|100/100\n|switch|p2b: Charizard|Charizard, L50, F|100/100\n|-ability|p1a: Incineroar|Intimidate|boost\n|-unboost|p2a: Sneasler|atk|1\n|-unboost|p2b: Charizard|atk|1\n|-enditem|p2a: Sneasler|White Herb\n|-clearnegativeboost|p2a: Sneasler|[silent]\n|turn|1\n|inactive|Battle timer is ON: inactive players will automatically lose when time's up. (requested by Poseidon425)\n|inactive|Poseidon425 has 60 seconds left.\n|\n|t:|1776113363\n|move|p2b: Charizard|Protect|p2b: Charizard\n|-singleturn|p2b: Charizard|Protect\n|move|p1b: Dragonite|Protect|p1b: Dragonite\n|-singleturn|p1b: Dragonite|Protect\n|move|p2a: Sneasler|Fake Out|p1b: Dragonite\n|-activate|p1b: Dragonite|move: Protect\n|move|p1a: Incineroar|Fake Out|p2b: Charizard\n|-activate|p2b: Charizard|move: Protect\n|\n|upkeep\n|turn|2\n|inactive|Poseidon425 has 30 seconds left.\n|inactive|Ahelo has 30 seconds left.\n|inactive|Poseidon425 has 20 seconds left.\n|inactive|Ahelo has 20 seconds left.\n|\n|t:|1776113407\n|switch|p1a: Politoed|Politoed, L50, M|100/100\n|-weather|RainDance|[from] ability: Drizzle|[of] p1a: Politoed\n|detailschange|p2b: Charizard|Charizard-Mega-Y, L50, F\n|-mega|p2b: Charizard|Charizard|Charizardite Y\n|-weather|SunnyDay|[from] ability: Drought|[of] p2b: Charizard\n|detailschange|p1b: Dragonite|Dragonite-Mega, L50, F\n|-mega|p1b: Dragonite|Dragonite|Dragoninite\n|move|p2a: Sneasler|Close Combat|p1a: Politoed\n|-crit|p1a: Politoed\n|-damage|p1a: Politoed|28/100\n|-unboost|p2a: Sneasler|def|1\n|-unboost|p2a: Sneasler|spd|1\n|move|p2b: Charizard|Weather Ball|p1a: Politoed\n|-resisted|p1a: Politoed|1\n|-damage|p1a: Politoed|0 fnt\n|faint|p1a: Politoed\n|move|p1b: Dragonite|Hurricane|p2a: Sneasler|[miss]\n|-miss|p1b: Dragonite|p2a: Sneasler\n|\n|-weather|SunnyDay|[upkeep]\n|upkeep\n|\n|t:|1776113427\n|switch|p1a: Incineroar|Incineroar, L50, M|100/100\n|-ability|p1a: Incineroar|Intimidate|boost\n|-unboost|p2a: Sneasler|atk|1\n|-unboost|p2b: Charizard|atk|1\n|turn|3\n|inactive|Poseidon425 has 30 seconds left.\n|inactive|Poseidon425 has 20 seconds left.\n|inactive|Poseidon425 has 15 seconds left.\n|\n|t:|1776113470\n|switch|p2a: Venusaur|Venusaur, L50, M|100/100\n|move|p1a: Incineroar|Fake Out|p2a: Venusaur\n|-damage|p2a: Venusaur|85/100\n|move|p2b: Charizard|Weather Ball|p1b: Dragonite\n|-resisted|p1b: Dragonite|1\n|-damage|p1b: Dragonite|80/100\n|move|p1b: Dragonite|Draco Meteor|p2b: Charizard\n|-damage|p2b: Charizard|28/100\n|-unboost|p1b: Dragonite|spa|2\n|\n|-weather|SunnyDay|[upkeep]\n|upkeep\n|turn|4\n|inactive|Poseidon425 has 30 seconds left.\n|\n|t:|1776113496\n|switch|p2b: Sneasler|Sneasler, L50, M|100/100\n|move|p2a: Venusaur|Protect|p2a: Venusaur\n|-singleturn|p2a: Venusaur|Protect\n|move|p1b: Dragonite|Protect|p1b: Dragonite\n|-singleturn|p1b: Dragonite|Protect\n|move|p1a: Incineroar|Flare Blitz|p2a: Venusaur\n|-activate|p2a: Venusaur|move: Protect\n|\n|-weather|SunnyDay|[upkeep]\n|upkeep\n|turn|5\n|\n|t:|1776113520\n|switch|p2a: Rotom|Rotom-Wash, L50|100/100\n|switch|p1a: Basculegion|Basculegion, L50, M|100/100\n|move|p2b: Sneasler|Fake Out|p1a: Basculegion\n|-immune|p1a: Basculegion\n|move|p1b: Dragonite|Heat Wave|p2a: Rotom|[spread] p2a,p2b\n|-resisted|p2a: Rotom|1\n|-damage|p2a: Rotom|90/100\n|-damage|p2b: Sneasler|74/100\n|-status|p2a: Rotom|brn\n|\n|-weather|SunnyDay|[upkeep]\n|-heal|p2a: Rotom|95/100 brn|[from] item: Leftovers\n|-damage|p2a: Rotom|90/100 brn|[from] brn\n|upkeep\n|turn|6\n|inactive|Ahelo has 30 seconds left.\n|\n|t:|1776113547\n|switch|p1b: Incineroar|Incineroar, L50, M|100/100\n|-ability|p1b: Incineroar|Intimidate|boost\n|-unboost|p2a: Rotom|atk|1\n|-unboost|p2b: Sneasler|atk|1\n|move|p2b: Sneasler|Rock Tomb|p1b: Incineroar\n|-supereffective|p1b: Incineroar|1\n|-damage|p1b: Incineroar|76/100\n|-unboost|p1b: Incineroar|spe|1\n|move|p1a: Basculegion|Wave Crash|p2b: Sneasler\n|-damage|p2b: Sneasler|13/100\n|-damage|p1a: Basculegion|85/100|[from] Recoil\n|move|p2a: Rotom|Thunderbolt|p1a: Basculegion\n|-supereffective|p1a: Basculegion|1\n|-damage|p1a: Basculegion|8/100\n|-status|p1a: Basculegion|par\n|\n|-weather|none\n|-heal|p2a: Rotom|95/100 brn|[from] item: Leftovers\n|-damage|p2a: Rotom|90/100 brn|[from] brn\n|upkeep\n|turn|7\n|inactive|Poseidon425 has 30 seconds left.\n|inactive|Poseidon425 has 20 seconds left.\n|\n|t:|1776113582\n|move|p2a: Rotom|Protect|p2a: Rotom\n|-singleturn|p2a: Rotom|Protect\n|move|p1a: Basculegion|Protect|p1a: Basculegion\n|-singleturn|p1a: Basculegion|Protect\n|move|p1b: Incineroar|Fake Out|p2b: Sneasler\n|-damage|p2b: Sneasler|0 fnt\n|faint|p2b: Sneasler\n|\n|-heal|p2a: Rotom|95/100 brn|[from] item: Leftovers\n|-damage|p2a: Rotom|90/100 brn|[from] brn\n|upkeep\n|\n|t:|1776113595\n|switch|p2b: Charizard|Charizard-Mega-Y, L50, F|28/100\n|-weather|SunnyDay|[from] ability: Drought|[of] p2b: Charizard\n|turn|8\n|\n|t:|1776113606\n|move|p2b: Charizard|Heat Wave|p1b: Incineroar|[spread] p1a,p1b\n|-resisted|p1a: Basculegion|1\n|-resisted|p1b: Incineroar|1\n|-damage|p1a: Basculegion|0 fnt\n|-damage|p1b: Incineroar|49/100\n|-enditem|p1b: Incineroar|Sitrus Berry|[eat]\n|-heal|p1b: Incineroar|74/100|[from] item: Sitrus Berry\n|faint|p1a: Basculegion\n|move|p2a: Rotom|Hydro Pump|p1b: Incineroar|[miss]\n|-miss|p2a: Rotom|p1b: Incineroar\n|move|p1b: Incineroar|Darkest Lariat|p2a: Rotom\n|-crit|p2a: Rotom\n|-damage|p2a: Rotom|38/100 brn\n|\n|-weather|SunnyDay|[upkeep]\n|-heal|p2a: Rotom|44/100 brn|[from] item: Leftovers\n|-damage|p2a: Rotom|38/100 brn|[from] brn\n|upkeep\n|\n|t:|1776113622\n|switch|p1a: Dragonite|Dragonite-Mega, L50, F|80/100\n|turn|9\n|\n|t:|1776113641\n|move|p2b: Charizard|Weather Ball|p1b: Incineroar\n|-resisted|p1b: Incineroar|1\n|-damage|p1b: Incineroar|35/100\n|move|p1a: Dragonite|Heat Wave|p2b: Charizard|[spread] p2a,p2b\n|-resisted|p2a: Rotom|1\n|-resisted|p2b: Charizard|1\n|-damage|p2a: Rotom|18/100 brn\n|-damage|p2b: Charizard|8/100\n|move|p2a: Rotom|Hydro Pump|p1b: Incineroar\n|-supereffective|p1b: Incineroar|1\n|-damage|p1b: Incineroar|0 fnt\n|faint|p1b: Incineroar\n|\n|-weather|SunnyDay|[upkeep]\n|-heal|p2a: Rotom|23/100 brn|[from] item: Leftovers\n|-damage|p2a: Rotom|18/100 brn|[from] brn\n|upkeep\n|turn|10\n|\n|t:|1776113662\n|move|p1a: Dragonite|Protect|p1a: Dragonite\n|-singleturn|p1a: Dragonite|Protect\n|move|p2b: Charizard|Weather Ball|p1a: Dragonite\n|-activate|p1a: Dragonite|move: Protect\n|move|p2a: Rotom|Thunderbolt|p1a: Dragonite\n|-activate|p1a: Dragonite|move: Protect\n|\n|-weather|SunnyDay|[upkeep]\n|-heal|p2a: Rotom|23/100 brn|[from] item: Leftovers\n|-damage|p2a: Rotom|18/100 brn|[from] brn\n|upkeep\n|turn|11\n|\n|t:|1776113675\n|move|p2b: Charizard|Weather Ball|p1a: Dragonite\n|-resisted|p1a: Dragonite|1\n|-damage|p1a: Dragonite|43/100\n|move|p1a: Dragonite|Heat Wave|p2b: Charizard|[spread] p2a,p2b\n|-resisted|p2a: Rotom|1\n|-resisted|p2b: Charizard|1\n|-damage|p2a: Rotom|0 fnt\n|-damage|p2b: Charizard|0 fnt\n|faint|p2a: Rotom\n|faint|p2b: Charizard\n|\n|-weather|SunnyDay|[upkeep]\n|upkeep\n|\n|t:|1776113687\n|switch|p2b: Venusaur|Venusaur, L50, M|85/100\n|turn|12\n|\n|t:|1776113693\n|move|p1a: Dragonite|Protect|p1a: Dragonite\n|-singleturn|p1a: Dragonite|Protect\n|move|p2b: Venusaur|Sleep Powder|p1a: Dragonite\n|-activate|p1a: Dragonite|move: Protect\n|\n|-weather|none\n|upkeep\n|turn|13\n|\n|t:|1776113703\n|move|p1a: Dragonite|Hurricane|p2b: Venusaur|[miss]\n|-miss|p1a: Dragonite|p2b: Venusaur\n|move|p2b: Venusaur|Sleep Powder|p1a: Dragonite\n|-status|p1a: Dragonite|slp|[from] move: Sleep Powder\n|\n|upkeep\n|turn|14\n|\n|t:|1776113711\n|cant|p1a: Dragonite|slp\n|move|p2b: Venusaur|Sludge Bomb|p1a: Dragonite\n|-damage|p1a: Dragonite|2/100 slp\n|\n|upkeep\n|turn|15\n|\n|t:|1776113717\n|-curestatus|p1a: Dragonite|slp|[msg]\n|move|p1a: Dragonite|Protect|p1a: Dragonite\n|-singleturn|p1a: Dragonite|Protect\n|move|p2b: Venusaur|Sludge Bomb|p1a: Dragonite\n|-activate|p1a: Dragonite|move: Protect\n|\n|upkeep\n|turn|16\n|\n|t:|1776113726\n|move|p1a: Dragonite|Hurricane|p2b: Venusaur\n|-supereffective|p2b: Venusaur|1\n|-crit|p2b: Venusaur\n|-damage|p2b: Venusaur|0 fnt\n|faint|p2b: Venusaur\n|\n|win|Ahelo\n|raw|Ahelo's rating: 1081 &rarr; <strong>1102</strong><br />(+21 for winning)\n|raw|Poseidon425's rating: 1000 &rarr; <strong>1000</strong><br />(+0 for losing)\n|l|\u2606Poseidon425\n|player|p2|\n",
  "uploadtime": 1776113737,
  "views": 19,
  "formatid": "gen9championsvgc2026regma",
  "rating": 1000,
  "private": 0,
  "password": null
}