{
  "id": "gen9championsvgc2026regma-2585830290",
  "format": "[Gen 9 Champions] VGC 2026 Reg M-A",
  "players": [
    "opokoko",
    "alejandro_l38"
  ],
  "log": "|j|\u2606opokoko\n|j|\u2606alejandro_l38\n|t:|1776373829\n|gametype|doubles\n|player|p1|opokoko|1|1325\n|player|p2|alejandro_l38|lance|1405\n|gen|9\n|tier|[Gen 9 Champions] VGC 2026 Reg M-A\n|rated|\n|rule|Species Clause: Limit one of each Pok\u00e9mon\n|rule|Item Clause: Limit 1 of each item\n|clearpoke\n|poke|p1|Pelipper, L50, M|\n|poke|p1|Meganium, L50, F|\n|poke|p1|Greninja-*, L50, M|\n|poke|p1|Archaludon, L50, F|\n|poke|p1|Basculegion, L50, M|\n|poke|p1|Sneasler, L50, F|\n|poke|p2|Kingambit, L50, M|\n|poke|p2|Dragonite, L50, F|\n|poke|p2|Sneasler, L50, M|\n|poke|p2|Incineroar, L50, M|\n|poke|p2|Torkoal, L50, M|\n|poke|p2|Farigiraf, L50, F|\n|teampreview|4\n|inactive|Battle timer is ON: inactive players will automatically lose when time's up. (requested by opokoko)\nopokoko rejected open team sheets.\n|inactive|alejandro_l38 has 60 seconds left.\n|\n|t:|1776373900\n|teamsize|p1|4\n|teamsize|p2|4\n|start\n|switch|p1a: Meganium|Meganium, L50, F|100/100\n|switch|p1b: Sneasler|Sneasler, L50, F|100/100\n|switch|p2a: Sneasler|Sneasler, L50, M|100/100\n|switch|p2b: Farigiraf|Farigiraf, L50, F|100/100\n|turn|1\n|inactive|alejandro_l38 has 30 seconds left.\n|\n|t:|1776373932\n|detailschange|p1a: Meganium|Meganium-Mega, L50, F\n|-mega|p1a: Meganium|Meganium|Meganiumite\n|move|p2a: Sneasler|Protect|p2a: Sneasler\n|-singleturn|p2a: Sneasler|Protect\n|move|p1a: Meganium|Protect|p1a: Meganium\n|-singleturn|p1a: Meganium|Protect\n|move|p1b: Sneasler|U-turn|p2b: Farigiraf\n|-supereffective|p2b: Farigiraf|1\n|-damage|p2b: Farigiraf|63/100\n|\n|t:|1776373944\n|switch|p1b: Pelipper|Pelipper, L50, M|100/100|[from] U-turn\n|-weather|RainDance|[from] ability: Drizzle|[of] p1b: Pelipper\n|move|p2b: Farigiraf|Psychic|p1b: Pelipper\n|-damage|p1b: Pelipper|50/100\n|\n|-weather|RainDance|[upkeep]\n|upkeep\n|turn|2\n|inactive|alejandro_l38 has 30 seconds left.\n|\n|t:|1776373977\n|switch|p1a: Sneasler|Sneasler, L50, F|100/100\n|move|p2b: Farigiraf|Helping Hand|p2a: Sneasler\n|-singleturn|p2a: Sneasler|Helping Hand|[of] p2b: Farigiraf\n|move|p2a: Sneasler|Dire Claw|p1a: Sneasler\n|-resisted|p1a: Sneasler|1\n|-damage|p1a: Sneasler|51/100\n|move|p1b: Pelipper|Hurricane|p2a: Sneasler\n|-supereffective|p2a: Sneasler|1\n|-enditem|p2a: Sneasler|Focus Sash\n|-damage|p2a: Sneasler|1/100\n|\n|-weather|RainDance|[upkeep]\n|upkeep\n|turn|3\n|inactive|alejandro_l38 has 30 seconds left.\n|inactive|alejandro_l38 has 20 seconds left.\n|inactive|alejandro_l38 has 15 seconds left.\n|\n|t:|1776374021\n|switch|p2a: Torkoal|Torkoal, L50, M|100/100\n|-weather|SunnyDay|[from] ability: Drought|[of] p2a: Torkoal\n|move|p1a: Sneasler|Dire Claw|p2b: Farigiraf\n|-damage|p2b: Farigiraf|30/100\n|-enditem|p2b: Farigiraf|Sitrus Berry|[eat]\n|-heal|p2b: Farigiraf|54/100|[from] item: Sitrus Berry\n|move|p1b: Pelipper|Muddy Water|p2a: Torkoal|[spread] p2a,p2b\n|-supereffective|p2a: Torkoal|1\n|-damage|p2a: Torkoal|63/100\n|-damage|p2b: Farigiraf|42/100\n|move|p2b: Farigiraf|Trick Room|p2b: Farigiraf\n|-fieldstart|move: Trick Room|[of] p2b: Farigiraf\n|\n|-weather|SunnyDay|[upkeep]\n|upkeep\n|turn|4\n|inactive|alejandro_l38 has 30 seconds left.\n|\n|t:|1776374049\n|switch|p1b: Basculegion|Basculegion, L50, M|100/100\n|move|p2a: Torkoal|Heat Wave|p1b: Basculegion|[spread] p1a,p1b\n|-resisted|p1b: Basculegion|1\n|-crit|p1b: Basculegion\n|-damage|p1a: Sneasler|0 fnt\n|-damage|p1b: Basculegion|61/100\n|faint|p1a: Sneasler\n|move|p2b: Farigiraf|Psychic|p1b: Basculegion\n|-damage|p1b: Basculegion|21/100\n|\n|-weather|SunnyDay|[upkeep]\n|upkeep\n|\n|t:|1776374058\n|switch|p1a: Pelipper|Pelipper, L50, M|50/100\n|-weather|RainDance|[from] ability: Drizzle|[of] p1a: Pelipper\n|turn|5\n|\n|t:|1776374071\n|switch|p2a: Sneasler|Sneasler, L50, M|1/100\n|move|p2b: Farigiraf|Psychic|p1a: Pelipper\n|-damage|p1a: Pelipper|0 fnt\n|faint|p1a: Pelipper\n|move|p1b: Basculegion|Wave Crash|p2a: Sneasler\n|-damage|p2a: Sneasler|0 fnt\n|faint|p2a: Sneasler\n|-damage|p1b: Basculegion|21/100|[from] Recoil\n|\n|-weather|RainDance|[upkeep]\n|upkeep\n|\n|t:|1776374083\n|switch|p1a: Meganium|Meganium-Mega, L50, F|100/100\n|switch|p2a: Torkoal|Torkoal, L50, M|63/100\n|-weather|SunnyDay|[from] ability: Drought|[of] p2a: Torkoal\n|turn|6\n|\n|t:|1776374092\n|move|p2b: Farigiraf|Helping Hand|p2a: Torkoal\n|-singleturn|p2a: Torkoal|Helping Hand|[of] p2b: Farigiraf\n|move|p2a: Torkoal|Heat Wave|p1b: Basculegion|[spread] p1a,p1b\n|-supereffective|p1a: Meganium|1\n|-resisted|p1b: Basculegion|1\n|-damage|p1a: Meganium|0 fnt\n|-damage|p1b: Basculegion|0 fnt\n|faint|p1a: Meganium\n|faint|p1b: Basculegion\n|\n|win|alejandro_l38\n|raw|opokoko's rating: 1325 &rarr; <strong>1310</strong><br />(-15 for losing)\n|raw|alejandro_l38's rating: 1405 &rarr; <strong>1420</strong><br />(+15 for winning)\n|l|\u2606opokoko\n|player|p1|\n",
  "uploadtime": 1776374108,
  "views": 40,
  "formatid": "gen9championsvgc2026regma",
  "rating": 1310,
  "private": 0,
  "password": null
}