{
  "id": "gen9championsvgc2026regma-2583526479",
  "format": "[Gen 9 Champions] VGC 2026 Reg M-A",
  "players": [
    "fdhdfgdfgdfg",
    "Vgcgen"
  ],
  "log": "|j|\u2606fdhdfgdfgdfg\n|j|\u2606Vgcgen\n|t:|1776181229\n|gametype|doubles\n|player|p1|fdhdfgdfgdfg|101|1205\n|player|p2|Vgcgen|1|1192\n|gen|9\n|tier|[Gen 9 Champions] VGC 2026 Reg M-A\n|rated|\n|rule|Species Clause: Limit one of each Pok\u00e9mon\n|rule|Item Clause: Limit 1 of each item\n|clearpoke\n|poke|p1|Starmie, L50|\n|poke|p1|Garchomp, L50, M|\n|poke|p1|Incineroar, L50, M|\n|poke|p1|Vivillon-Modern, L50, F|\n|poke|p1|Sneasler, L50, F|\n|poke|p1|Mimikyu, L50, F|\n|poke|p2|Aerodactyl, L50, M|\n|poke|p2|Incineroar, L50, F|\n|poke|p2|Floette-Eternal, L50, F|\n|poke|p2|Basculegion, L50, M|\n|poke|p2|Garchomp, L50, F|\n|poke|p2|Sneasler, L50, F|\n|teampreview|4\n|inactive|Battle timer is ON: inactive players will automatically lose when time's up. (requested by fdhdfgdfgdfg)\n|\n|t:|1776181251\n|teamsize|p1|4\n|teamsize|p2|4\n|start\n|switch|p1a: Vivillon|Vivillon-Modern, L50, F|100/100\n|switch|p1b: Sneasler|Sneasler, L50, F|100/100\n|switch|p2a: Aerodactyl|Aerodactyl, L50, M|100/100\n|switch|p2b: Floette|Floette-Eternal, L50, F|100/100\n|-ability|p2a: Aerodactyl|Unnerve\n|turn|1\n|\n|t:|1776181268\n|move|p2b: Floette|Protect|p2b: Floette\n|-singleturn|p2b: Floette|Protect\n|move|p1b: Sneasler|Fake Out|p2a: Aerodactyl\n|-resisted|p2a: Aerodactyl|1\n|-damage|p2a: Aerodactyl|89/100\n|cant|p2a: Aerodactyl|flinch\n|move|p1a: Vivillon|Tailwind|p1a: Vivillon\n|-sidestart|p1: fdhdfgdfgdfg|move: Tailwind\n|\n|upkeep\n|turn|2\n|\n|t:|1776181286\n|switch|p2b: Basculegion|Basculegion, L50, M|100/100\n|move|p1b: Sneasler|Dire Claw|p2b: Basculegion\n|-resisted|p2b: Basculegion|1\n|-damage|p2b: Basculegion|74/100\n|move|p1a: Vivillon|Sleep Powder|p2a: Aerodactyl\n|-status|p2a: Aerodactyl|slp|[from] move: Sleep Powder\n|cant|p2a: Aerodactyl|slp\n|\n|upkeep\n|turn|3\n|\n|t:|1776181310\n|move|p1b: Sneasler|Rock Slide|p2a: Aerodactyl|[spread] p2a,p2b\n|-supereffective|p2a: Aerodactyl|1\n|-damage|p2a: Aerodactyl|26/100 slp\n|-damage|p2b: Basculegion|49/100\n|move|p1a: Vivillon|Sleep Powder|p2b: Basculegion\n|-status|p2b: Basculegion|slp|[from] move: Sleep Powder\n|cant|p2b: Basculegion|slp\n|-curestatus|p2a: Aerodactyl|slp|[msg]\n|move|p2a: Aerodactyl|Dual Wingbeat|p1b: Sneasler\n|-supereffective|p1b: Sneasler|1\n|-damage|p1b: Sneasler|43/100\n|-supereffective|p1b: Sneasler|1\n|-damage|p1b: Sneasler|0 fnt\n|faint|p1b: Sneasler\n|-hitcount|p1: Sneasler|2\n|\n|upkeep\n|\n|t:|1776181323\n|switch|p1b: Starmie|Starmie, L50|100/100\n|turn|4\n|\n|t:|1776181336\n|detailschange|p1b: Starmie|Starmie-Mega, L50\n|-mega|p1b: Starmie|Starmie|Starminite\n|move|p2a: Aerodactyl|Protect|p2a: Aerodactyl\n|-singleturn|p2a: Aerodactyl|Protect\n|move|p1b: Starmie|Liquidation|p2a: Aerodactyl\n|-activate|p2a: Aerodactyl|move: Protect\n|move|p1a: Vivillon|Hurricane|p2b: Basculegion|[miss]\n|-miss|p1a: Vivillon|p2b: Basculegion\n|cant|p2b: Basculegion|slp\n|\n|-sideend|p1: fdhdfgdfgdfg|move: Tailwind\n|upkeep\n|turn|5\n|\n|t:|1776181358\n|move|p1b: Starmie|Protect|p1b: Starmie\n|-singleturn|p1b: Starmie|Protect\n|-curestatus|p2b: Basculegion|slp|[msg]\n|move|p2b: Basculegion|Last Respects|p1b: Starmie\n|-activate|p1b: Starmie|move: Protect\n|move|p2a: Aerodactyl|Tailwind|p2a: Aerodactyl\n|-sidestart|p2: Vgcgen|move: Tailwind\n|move|p1a: Vivillon|Tailwind|p1a: Vivillon\n|-sidestart|p1: fdhdfgdfgdfg|move: Tailwind\n|\n|upkeep\n|turn|6\n|\n|t:|1776181375\n|switch|p1b: Garchomp|Garchomp, L50, M|100/100\n|move|p2b: Basculegion|Last Respects|p1b: Garchomp\n|-damage|p1b: Garchomp|66/100\n|move|p2a: Aerodactyl|Rock Slide|p1b: Garchomp|[spread] p1a,p1b\n|-supereffective|p1a: Vivillon|2\n|-resisted|p1b: Garchomp|1\n|-enditem|p1a: Vivillon|Focus Sash\n|-damage|p1a: Vivillon|1/100\n|-damage|p1b: Garchomp|52/100\n|move|p1a: Vivillon|Sleep Powder|p2b: Basculegion\n|-status|p2b: Basculegion|slp|[from] move: Sleep Powder\n|\n|upkeep\n|turn|7\n|\n|t:|1776181396\n|move|p1b: Garchomp|Stomping Tantrum|p2b: Basculegion\n|-damage|p2b: Basculegion|0 fnt\n|faint|p2b: Basculegion\n|move|p2a: Aerodactyl|Rock Slide|p1a: Vivillon|[spread] p1a\n|-miss|p2a: Aerodactyl|p1b: Garchomp\n|-supereffective|p1a: Vivillon|2\n|-damage|p1a: Vivillon|0 fnt\n|faint|p1a: Vivillon\n|\n|upkeep\n|\n|t:|1776181410\n|switch|p1a: Starmie|Starmie-Mega, L50|100/100\n|switch|p2b: Floette|Floette-Eternal, L50, F|100/100\n|turn|8\n|\n|t:|1776181422\n|move|p2b: Floette|Protect|p2b: Floette\n|-singleturn|p2b: Floette|Protect\n|move|p1b: Garchomp|Stomping Tantrum|p2b: Floette\n|-activate|p2b: Floette|move: Protect\n|move|p2a: Aerodactyl|Rock Slide|p1a: Starmie|[spread] p1a,p1b\n|-resisted|p1b: Garchomp|1\n|-damage|p1a: Starmie|70/100\n|-damage|p1b: Garchomp|39/100\n|cant|p1a: Starmie|flinch\n|\n|-sideend|p2: Vgcgen|move: Tailwind\n|-sideend|p1: fdhdfgdfgdfg|move: Tailwind\n|upkeep\n|turn|9\n|inactive|Vgcgen has 30 seconds left.\n|\n|t:|1776181457\n|detailschange|p2b: Floette|Floette-Mega, L50, F\n|-mega|p2b: Floette|Floette|Floettite\n|-ability|p2b: Floette|Fairy Aura\n|move|p1b: Garchomp|Stomping Tantrum|p2b: Floette\n|-damage|p2b: Floette|48/100\n|move|p2a: Aerodactyl|Tailwind|p2a: Aerodactyl\n|-sidestart|p2: Vgcgen|move: Tailwind\n|move|p2b: Floette|Dazzling Gleam|p1a: Starmie|[spread] p1a,p1b\n|-supereffective|p1b: Garchomp|1\n|-damage|p1a: Starmie|0 fnt\n|-damage|p1b: Garchomp|0 fnt\n|faint|p1a: Starmie\n|faint|p1b: Garchomp\n|\n|win|Vgcgen\n|raw|fdhdfgdfgdfg's rating: 1205 &rarr; <strong>1179</strong><br />(-26 for losing)\n|raw|Vgcgen's rating: 1192 &rarr; <strong>1218</strong><br />(+26 for winning)\n|l|\u2606fdhdfgdfgdfg\n|player|p1|\n|j| Nomad3929\n",
  "uploadtime": 1776181488,
  "views": 15,
  "formatid": "gen9championsvgc2026regma",
  "rating": 1179,
  "private": 0,
  "password": null
}