{
  "id": "gen9championsvgc2026regma-2588427900",
  "format": "[Gen 9 Champions] VGC 2026 Reg M-A",
  "players": [
    "testhan92",
    "thebeast4895"
  ],
  "log": "|j|\u2606testhan92\n|j|\u2606thebeast4895\n|t:|1776632651\n|gametype|doubles\n|player|p1|testhan92|169|1373\n|player|p2|thebeast4895|265|1438\n|gen|9\n|tier|[Gen 9 Champions] VGC 2026 Reg M-A\n|rated|\n|rule|Species Clause: Limit one of each Pok\u00e9mon\n|rule|Item Clause: Limit 1 of each item\n|clearpoke\n|poke|p1|Charizard, L50, F|\n|poke|p1|Sneasler, L50, M|\n|poke|p1|Aegislash, L50, M|\n|poke|p1|Floette-Eternal, L50, F|\n|poke|p1|Sinistcha, L50|\n|poke|p1|Incineroar, L50, F|\n|poke|p2|Ninetales-Alola, L50, F|\n|poke|p2|Excadrill, L50, M, shiny|\n|poke|p2|Kingambit, L50, M, shiny|\n|poke|p2|Incineroar, L50, M|\n|poke|p2|Aerodactyl, L50, M|\n|poke|p2|Milotic, L50, F, shiny|\n|teampreview|4\n|inactive|Battle timer is ON: inactive players will automatically lose when time's up. (requested by thebeast4895)\n|\n|t:|1776632706\n|teamsize|p1|4\n|teamsize|p2|4\n|start\n|switch|p1a: Floette|Floette-Eternal, L50, F|100/100\n|switch|p1b: Sneasler|Sneasler, L50, M|100/100\n|switch|p2a: Excadrill|Excadrill, L50, M, shiny|100/100\n|switch|p2b: Aerodactyl|Aerodactyl, L50, M|100/100\n|-ability|p2b: Aerodactyl|Unnerve\n|turn|1\n|\n|t:|1776632721\n|detailschange|p2a: Excadrill|Excadrill-Mega, L50, M, shiny\n|-mega|p2a: Excadrill|Excadrill|Excadrite\n|detailschange|p1a: Floette|Floette-Mega, L50, F\n|-mega|p1a: Floette|Floette|Floettite\n|-ability|p1a: Floette|Fairy Aura\n|move|p2b: Aerodactyl|Dual Wingbeat|p1b: Sneasler\n|-supereffective|p1b: Sneasler|1\n|-damage|p1b: Sneasler|44/100\n|-supereffective|p1b: Sneasler|1\n|-damage|p1b: Sneasler|0 fnt\n|faint|p1b: Sneasler\n|-hitcount|p1: Sneasler|2\n|move|p2a: Excadrill|Iron Head|p1a: Floette\n|-supereffective|p1a: Floette|1\n|-damage|p1a: Floette|18/100\n|move|p1a: Floette|Calm Mind|p1a: Floette\n|-boost|p1a: Floette|spa|1\n|-boost|p1a: Floette|spd|1\n|\n|upkeep\n|\n|t:|1776632732\n|switch|p1b: Sinistcha|Sinistcha, L50|100/100\n|-heal|p1a: Floette|42/100|[from] ability: Hospitality|[of] p1b: Sinistcha\n|turn|2\n|c|\u2606thebeast4895|i fucking called it\n|c|\u2606thebeast4895|so stupidly tanky\n|inactive|testhan92 has 30 seconds left.\n|inactive|thebeast4895 has 30 seconds left.\n|inactive|thebeast4895 has 20 seconds left.\n|\n|t:|1776632768\n|switch|p1b: Incineroar|Incineroar, L50, F|100/100\n|-ability|p1b: Incineroar|Intimidate|boost\n|-unboost|p2a: Excadrill|atk|1\n|-unboost|p2b: Aerodactyl|atk|1\n|move|p1a: Floette|Protect|p1a: Floette\n|-singleturn|p1a: Floette|Protect\n|move|p2b: Aerodactyl|Dual Wingbeat|p1b: Incineroar\n|-damage|p1b: Incineroar|92/100\n|-damage|p1b: Incineroar|82/100\n|-hitcount|p1b: Incineroar|2\n|move|p2a: Excadrill|Rock Slide|p1a: Floette|[spread] p1b\n|-activate|p1a: Floette|move: Protect\n|-supereffective|p1b: Incineroar|1\n|-damage|p1b: Incineroar|56/100\n|\n|upkeep\n|turn|3\n|\n|t:|1776632791\n|move|p2a: Excadrill|Protect|p2a: Excadrill\n|-singleturn|p2a: Excadrill|Protect\n|move|p1b: Incineroar|Fake Out|p2a: Excadrill\n|-activate|p2a: Excadrill|move: Protect\n|move|p2b: Aerodactyl|Rock Slide|p1b: Incineroar|[spread] p1a\n|-miss|p2b: Aerodactyl|p1b: Incineroar\n|-damage|p1a: Floette|29/100\n|cant|p1a: Floette|flinch\n|\n|upkeep\n|turn|4\n|inactive|thebeast4895 has 30 seconds left.\n|\n|t:|1776632819\n|switch|p1b: Sinistcha|Sinistcha, L50|100/100\n|-heal|p1a: Floette|54/100|[from] ability: Hospitality|[of] p1b: Sinistcha\n|move|p1a: Floette|Protect|p1a: Floette\n|-singleturn|p1a: Floette|Protect\n|move|p2b: Aerodactyl|Rock Slide|p1a: Floette|[spread] p1b\n|-activate|p1a: Floette|move: Protect\n|-damage|p1b: Sinistcha|85/100\n|move|p2a: Excadrill|Iron Head|p1a: Floette\n|-supereffective|p1a: Floette|1\n|-ability|p2a: Excadrill|Piercing Drill\n|-zbroken|p1a: Floette\n|-damage|p1a: Floette|41/100\n|\n|upkeep\n|turn|5\n|\n|t:|1776632834\n|switch|p2a: Kingambit|Kingambit, L50, M, shiny|100/100\n|move|p1b: Sinistcha|Rage Powder|p1b: Sinistcha\n|-singleturn|p1b: Sinistcha|move: Rage Powder\n|move|p2b: Aerodactyl|Rock Slide|p1b: Sinistcha|[spread] p1a,p1b\n|-damage|p1a: Floette|27/100\n|-damage|p1b: Sinistcha|69/100\n|move|p1a: Floette|Draining Kiss|p2b: Aerodactyl\n|-damage|p2b: Aerodactyl|33/100\n|-heal|p1a: Floette|71/100|[from] drain|[of] p2b: Aerodactyl\n|\n|upkeep\n|turn|6\n|inactive|testhan92 has 30 seconds left.\n|\n|t:|1776632866\n|move|p2b: Aerodactyl|Dual Wingbeat|p1b: Sinistcha\n|-supereffective|p1b: Sinistcha|1\n|-damage|p1b: Sinistcha|48/100\n|-supereffective|p1b: Sinistcha|1\n|-damage|p1b: Sinistcha|27/100\n|-hitcount|p1b: Sinistcha|2\n|move|p1a: Floette|Dazzling Gleam|p2a: Kingambit|[spread] p2a,p2b\n|-damage|p2a: Kingambit|47/100\n|-damage|p2b: Aerodactyl|0 fnt\n|faint|p2b: Aerodactyl\n|move|p1b: Sinistcha|Matcha Gotcha|p2a: Kingambit\n|-resisted|p2a: Kingambit|1\n|-damage|p2a: Kingambit|32/100\n|-heal|p1b: Sinistcha|36/100|[from] drain|[of] p2a: Kingambit\n|-status|p2a: Kingambit|brn\n|move|p2a: Kingambit|Swords Dance|p2a: Kingambit\n|-boost|p2a: Kingambit|atk|2\n|\n|-damage|p2a: Kingambit|26/100 brn|[from] brn\n|upkeep\n|\n|t:|1776632884\n|switch|p2b: Ninetales|Ninetales-Alola, L50, F|100/100\n|-weather|Snowscape|[from] ability: Snow Warning|[of] p2b: Ninetales\n|turn|7\n|inactive|testhan92 has 30 seconds left.\n|\n|t:|1776632912\n|move|p2a: Kingambit|Sucker Punch||[still]\n|-fail|p2a: Kingambit\n|move|p2b: Ninetales|Blizzard|p1a: Floette|[spread] p1a,p1b\n|-supereffective|p1b: Sinistcha|1\n|-damage|p1a: Floette|51/100\n|-damage|p1b: Sinistcha|0 fnt\n|faint|p1b: Sinistcha\n|move|p1a: Floette|Dazzling Gleam|p2b: Ninetales|[spread] p2a,p2b\n|-damage|p2a: Kingambit|0 fnt\n|-damage|p2b: Ninetales|24/100\n|faint|p2a: Kingambit\n|\n|-weather|Snowscape|[upkeep]\n|upkeep\n|\n|t:|1776632925\n|switch|p1b: Incineroar|Incineroar, L50, F|56/100\n|switch|p2a: Excadrill|Excadrill-Mega, L50, M, shiny|100/100\n|-ability|p1b: Incineroar|Intimidate|boost\n|-unboost|p2a: Excadrill|atk|1\n|-unboost|p2b: Ninetales|atk|1\n|turn|8\n|\n|t:|1776632934\n|move|p2b: Ninetales|Protect|p2b: Ninetales\n|-singleturn|p2b: Ninetales|Protect\n|move|p2a: Excadrill|Protect|p2a: Excadrill\n|-singleturn|p2a: Excadrill|Protect\n|move|p1b: Incineroar|Fake Out|p2a: Excadrill\n|-activate|p2a: Excadrill|move: Protect\n|move|p1a: Floette|Dazzling Gleam|p2a: Excadrill|[spread] \n|-activate|p2a: Excadrill|move: Protect\n|-activate|p2b: Ninetales|move: Protect\n|\n|-weather|Snowscape|[upkeep]\n|upkeep\n|turn|9\n|c|\u2606thebeast4895|see floette is way to bulky\n|c|\u2606thebeast4895|i dont know what they where thinging\n|c|\u2606thebeast4895|thinking\n|inactive|thebeast4895 has 30 seconds left.\n|inactive|thebeast4895 has 20 seconds left.\n|inactive|thebeast4895 has 15 seconds left.\n|inactive|thebeast4895 has 10 seconds left.\n|\n|t:|1776632984\n|move|p2b: Ninetales|Aurora Veil|p2b: Ninetales\n|-sidestart|p2: thebeast4895|move: Aurora Veil\n|move|p2a: Excadrill|High Horsepower|p1b: Incineroar\n|-supereffective|p1b: Incineroar|1\n|-damage|p1b: Incineroar|0 fnt\n|faint|p1b: Incineroar\n|move|p1a: Floette|Dazzling Gleam|p2a: Excadrill|[spread] p2a,p2b\n|-resisted|p2a: Excadrill|1\n|-damage|p2a: Excadrill|76/100\n|-damage|p2b: Ninetales|0 fnt\n|faint|p2b: Ninetales\n|\n|-weather|Snowscape|[upkeep]\n|upkeep\n|turn|10\n|inactive|thebeast4895 has 30 seconds left.\n|inactive|thebeast4895 has 20 seconds left.\n|c|\u2606thebeast4895|like a pokemon with an attack 15 points lower than PRIMAL GROUNDON cant 1 shot floette with a physical attack its weakests stat,  with a stab super effective move\n|\n|t:|1776633023\n|move|p1a: Floette|Protect|p1a: Floette\n|-singleturn|p1a: Floette|Protect\n|move|p2a: Excadrill|Iron Head|p1a: Floette\n|-supereffective|p1a: Floette|1\n|-crit|p1a: Floette\n|-ability|p2a: Excadrill|Piercing Drill\n|-zbroken|p1a: Floette\n|-damage|p1a: Floette|20/100\n|\n|-weather|Snowscape|[upkeep]\n|upkeep\n|turn|11\n|\n|t:|1776633031\n|move|p2a: Excadrill|Iron Head|p1a: Floette\n|-supereffective|p1a: Floette|1\n|-damage|p1a: Floette|0 fnt\n|faint|p1a: Floette\n|\n|win|thebeast4895\n|raw|testhan92's rating: 1373 &rarr; <strong>1357</strong><br />(-16 for losing)\n|raw|thebeast4895's rating: 1438 &rarr; <strong>1454</strong><br />(+16 for winning)\n|c|\u2606thebeast4895|no no no\n|l|\u2606testhan92\n|player|p1|\n|c|\u2606thebeast4895|protect cant save\n",
  "uploadtime": 1776633037,
  "views": 23,
  "formatid": "gen9championsvgc2026regma",
  "rating": 1357,
  "private": 0,
  "password": null
}