{
  "id": "gen9championsvgc2026regma-2588366681",
  "format": "[Gen 9 Champions] VGC 2026 Reg M-A",
  "players": [
    "Mahmood23",
    "1#MiraidonHater"
  ],
  "log": "|j|\u2606Mahmood23\n|j|\u26061#MiraidonHater\n|t:|1776627579\n|gametype|doubles\n|player|p1|Mahmood23|linebacker|1434\n|player|p2|1#MiraidonHater|volkner|1519\n|gen|9\n|tier|[Gen 9 Champions] VGC 2026 Reg M-A\n|rated|\n|rule|Species Clause: Limit one of each Pok\u00e9mon\n|rule|Item Clause: Limit 1 of each item\n|clearpoke\n|poke|p1|Aerodactyl, L50, M|\n|poke|p1|Basculegion, L50, M|\n|poke|p1|Kommo-o, L50, F|\n|poke|p1|Scizor, L50, M|\n|poke|p1|Scovillain, L50, F|\n|poke|p1|Sneasler, L50, F|\n|poke|p2|Gardevoir, L50, M|\n|poke|p2|Basculegion, L50, M|\n|poke|p2|Tsareena, L50, F|\n|poke|p2|Incineroar, L50, M|\n|poke|p2|Pelipper, L50, M|\n|poke|p2|Archaludon, L50, F|\n|teampreview|4\n1#MiraidonHater has agreed to open team sheets.\n|j| porygon-epilepz\n|\n|t:|1776627635\n|teamsize|p1|4\n|teamsize|p2|4\n|start\n|switch|p1a: Sneasler|Sneasler, L50, F|100/100\n|switch|p1b: Aerodactyl|Aerodactyl, L50, M|100/100\n|switch|p2a: Dop Dururum|Basculegion, L50, M|100/100\n|switch|p2b: Bishow|Gardevoir, L50, M|100/100\n|-ability|p1b: Aerodactyl|Unnerve\n|-ability|p2b: Bishow|Unburden|Trace|[from] ability: Trace|[of] p1a: Sneasler\n|turn|1\n|inactive|Battle timer is ON: inactive players will automatically lose when time's up. (requested by Mahmood23)\n|\n|t:|1776627651\n|switch|p2a: Killer Queen|Tsareena, L50, F|100/100\n|detailschange|p2b: Bishow|Gardevoir-Mega, L50, M\n|-mega|p2b: Bishow|Gardevoir|Gardevoirite\n|move|p1b: Aerodactyl|Tailwind|p1b: Aerodactyl\n|-sidestart|p1: Mahmood23|move: Tailwind\n|move|p1a: Sneasler|Dire Claw|p2b: Bishow\n|-supereffective|p2b: Bishow|1\n|-damage|p2b: Bishow|0 fnt\n|faint|p2b: Bishow\n|\n|upkeep\n|\n|t:|1776627664\n|switch|p2b: Dop Dururum|Basculegion, L50, M|100/100\n|turn|2\n|\n|t:|1776627681\n|switch|p2a: Teaser|Incineroar, L50, M|100/100\n|-ability|p2a: Teaser|Intimidate|boost\n|-unboost|p1a: Sneasler|atk|1\n|-unboost|p1b: Aerodactyl|atk|1\n|-enditem|p1a: Sneasler|White Herb\n|-clearnegativeboost|p1a: Sneasler|[silent]\n|move|p1a: Sneasler|Dire Claw|p2a: Teaser\n|-damage|p2a: Teaser|65/100\n|move|p1b: Aerodactyl|Dual Wingbeat|p2b: Dop Dururum\n|-damage|p2b: Dop Dururum|85/100\n|-damage|p2b: Dop Dururum|71/100\n|-hitcount|p2b: Dop Dururum|2\n|move|p2b: Dop Dururum|Wave Crash|p1a: Sneasler\n|-damage|p1a: Sneasler|0 fnt\n|faint|p1a: Sneasler\n|-damage|p2b: Dop Dururum|44/100|[from] Recoil\n|\n|upkeep\n|\n|t:|1776627699\n|switch|p1a: Scovillain|Scovillain, L50, F|100/100\n|turn|3\n|\n|t:|1776627719\n|detailschange|p1a: Scovillain|Scovillain-Mega, L50, F\n|-mega|p1a: Scovillain|Scovillain|Scovillainite\n|move|p2a: Teaser|Fake Out|p1b: Aerodactyl\n|-resisted|p1b: Aerodactyl|1\n|-damage|p1b: Aerodactyl|90/100\n|move|p1a: Scovillain|Rage Powder|p1a: Scovillain\n|-singleturn|p1a: Scovillain|move: Rage Powder\n|cant|p1b: Aerodactyl|flinch\n|move|p2b: Dop Dururum|Wave Crash|p1a: Scovillain\n|-damage|p1a: Scovillain|31/100\n|-status|p2b: Dop Dururum|brn|[from] ability: Spicy Spray|[of] p1a: Scovillain\n|-damage|p2b: Dop Dururum|24/100 brn|[from] Recoil\n|\n|-damage|p2b: Dop Dururum|17/100 brn|[from] brn\n|upkeep\n|turn|4\n|\n|t:|1776627739\n|move|p1a: Scovillain|Protect|p1a: Scovillain\n|-singleturn|p1a: Scovillain|Protect\n|move|p1b: Aerodactyl|Rock Slide|p2b: Dop Dururum|[spread] p2a,p2b\n|-supereffective|p2a: Teaser|1\n|-damage|p2a: Teaser|35/100\n|-damage|p2b: Dop Dururum|0 fnt\n|faint|p2b: Dop Dururum\n|cant|p2a: Teaser|flinch\n|\n|-sideend|p1: Mahmood23|move: Tailwind\n|upkeep\n|\n|t:|1776627744\n|switch|p2b: Killer Queen|Tsareena, L50, F|100/100\n|turn|5\n|\n|t:|1776627755\n|move|p2b: Killer Queen|Protect|p2b: Killer Queen\n|-singleturn|p2b: Killer Queen|Protect\n|move|p1a: Scovillain|Rage Powder|p1a: Scovillain\n|-singleturn|p1a: Scovillain|move: Rage Powder\n|move|p1b: Aerodactyl|Tailwind|p1b: Aerodactyl\n|-sidestart|p1: Mahmood23|move: Tailwind\n|move|p2a: Teaser|Flare Blitz|p1a: Scovillain\n|-damage|p1a: Scovillain|0 fnt\n|-immune|p2a: Teaser\n|faint|p1a: Scovillain\n|-damage|p2a: Teaser|27/100|[from] Recoil\n|\n|upkeep\n|\n|t:|1776627759\n|switch|p1a: Kommo-o|Kommo-o, L50, F|100/100\n|turn|6\n|\n|t:|1776627775\n|move|p1b: Aerodactyl|Dual Wingbeat|p2b: Killer Queen\n|-supereffective|p2b: Killer Queen|1\n|-damage|p2b: Killer Queen|77/100\n|-supereffective|p2b: Killer Queen|1\n|-damage|p2b: Killer Queen|57/100\n|-hitcount|p2b: Killer Queen|2\n|move|p1a: Kommo-o|Aura Sphere|p2a: Teaser\n|-supereffective|p2a: Teaser|1\n|-damage|p2a: Teaser|0 fnt\n|faint|p2a: Teaser\n|move|p2b: Killer Queen|Triple Axel|p1b: Aerodactyl\n|-supereffective|p1b: Aerodactyl|1\n|-damage|p1b: Aerodactyl|70/100\n|-hitcount|p1b: Aerodactyl|1\n|\n|upkeep\n|turn|7\n|-message|1#MiraidonHater forfeited.\n|\n|win|Mahmood23\n|raw|Mahmood23's rating: 1434 &rarr; <strong>1459</strong><br />(+25 for winning)\n|raw|1#MiraidonHater's rating: 1519 &rarr; <strong>1494</strong><br />(-25 for losing)\n|l|\u2606Mahmood23\n|player|p1|\n|l|\u26061#MiraidonHater\n|player|p2|\n",
  "uploadtime": 1776627581,
  "views": 24,
  "formatid": "gen9championsvgc2026regma",
  "rating": 1459,
  "private": 0,
  "password": null
}