{
  "id": "gen9championsvgc2026regma-2580857960",
  "format": "[Gen 9 Champions] VGC 2026 Reg M-A",
  "players": [
    "ambatakumph",
    "yuriimon"
  ],
  "log": "|j|\u2606ambatakumph\n|j|\u2606yuriimon\n|t:|1775938237\n|gametype|doubles\n|player|p1|ambatakumph|169|1038\n|player|p2|yuriimon|waitress-gen4|1089\n|gen|9\n|tier|[Gen 9 Champions] VGC 2026 Reg M-A\n|rated|\n|rule|Species Clause: Limit one of each Pok\u00e9mon\n|rule|Item Clause: Limit 1 of each item\n|clearpoke\n|poke|p1|Charizard, L50, F|\n|poke|p1|Torkoal, L50, M|\n|poke|p1|Venusaur, L50, F|\n|poke|p1|Incineroar, L50, M|\n|poke|p1|Farigiraf, L50, F|\n|poke|p1|Whimsicott, L50, F|\n|poke|p2|Feraligatr, L50, M|\n|poke|p2|Gallade, L50, M|\n|poke|p2|Politoed, L50, M|\n|poke|p2|Raichu, L50, F|\n|poke|p2|Arcanine-Hisui, L50, F|\n|poke|p2|Clefable, L50, F|\n|teampreview|4\n|inactive|Battle timer is ON: inactive players will automatically lose when time's up. (requested by yuriimon)\n|inactive|ambatakumph also wants the timer to be on.\n|\n|t:|1775938258\n|teamsize|p1|4\n|teamsize|p2|4\n|start\n|switch|p1a: Farigiraf|Farigiraf, L50, F|100/100\n|switch|p1b: Incineroar|Incineroar, L50, M|100/100\n|switch|p2a: Raichu|Raichu, L50, F|100/100\n|switch|p2b: Gallade|Gallade, L50, M|100/100\n|-ability|p1b: Incineroar|Intimidate|boost\n|-unboost|p2a: Raichu|atk|1\n|-unboost|p2b: Gallade|atk|1\n|turn|1\n|\n|t:|1775938274\n|move|p2a: Raichu|Upper Hand||[still]\n|cant|p1a: Farigiraf|ability: Armor Tail|Upper Hand|[of] p2a: Raichu\n|move|p1b: Incineroar|Fake Out|p2a: Raichu\n|-damage|p2a: Raichu|78/100\n|move|p2b: Gallade|Trick Room|p2b: Gallade\n|-fieldstart|move: Trick Room|[of] p2b: Gallade\n|move|p1a: Farigiraf|Trick Room|p1a: Farigiraf\n|-fieldend|move: Trick Room\n|\n|upkeep\n|turn|2\n|\n|t:|1775938288\n|move|p2a: Raichu|Volt Switch|p1b: Incineroar\n|-damage|p1b: Incineroar|79/100\n|\n|t:|1775938292\n|switch|p2a: Arcanine|Arcanine-Hisui, L50, F|100/100|[from] Volt Switch\n|move|p1b: Incineroar|Darkest Lariat|p2b: Gallade\n|-damage|p2b: Gallade|50/100\n|move|p2b: Gallade|Sacred Sword|p1b: Incineroar\n|-supereffective|p1b: Incineroar|1\n|-damage|p1b: Incineroar|0 fnt\n|faint|p1b: Incineroar\n|move|p1a: Farigiraf|Trick Room|p1a: Farigiraf\n|-fieldstart|move: Trick Room|[of] p1a: Farigiraf\n|\n|upkeep\n|\n|t:|1775938302\n|switch|p1b: Torkoal|Torkoal, L50, M|100/100\n|-weather|SunnyDay|[from] ability: Drought|[of] p1b: Torkoal\n|turn|3\n|\n|t:|1775938324\n|move|p2b: Gallade|Wide Guard|p2b: Gallade\n|-singleturn|p2b: Gallade|Wide Guard\n|move|p1b: Torkoal|Eruption|p2b: Gallade|[spread] \n|-activate|p2a: Arcanine|move: Wide Guard\n|-activate|p2b: Gallade|move: Wide Guard\n|move|p1a: Farigiraf|Psychic|p2a: Arcanine\n|-damage|p2a: Arcanine|51/100\n|move|p2a: Arcanine|Head Smash|p1b: Torkoal\n|-supereffective|p1b: Torkoal|1\n|-damage|p1b: Torkoal|0 fnt\n|faint|p1b: Torkoal\n|\n|-weather|SunnyDay|[upkeep]\n|upkeep\n|\n|t:|1775938337\n|switch|p1b: Charizard|Charizard, L50, F, shiny|100/100\n|turn|4\n|\n|t:|1775938351\n|move|p2a: Arcanine|Protect|p2a: Arcanine\n|-singleturn|p2a: Arcanine|Protect\n|move|p1a: Farigiraf|Psychic|p2a: Arcanine\n|-activate|p2a: Arcanine|move: Protect\n|move|p2b: Gallade|Sacred Sword|p1a: Farigiraf\n|-damage|p1a: Farigiraf|52/100\n|move|p1b: Charizard|Air Slash|p2b: Gallade|[miss]\n|-miss|p1b: Charizard|p2b: Gallade\n|\n|-weather|SunnyDay|[upkeep]\n|-damage|p1b: Charizard|88/100|[from] ability: Solar Power|[of] p1b: Charizard\n|upkeep\n|turn|5\n|\n|t:|1775938375\n|move|p1a: Farigiraf|Psychic|p2a: Arcanine\n|-damage|p2a: Arcanine|0 fnt\n|faint|p2a: Arcanine\n|move|p2b: Gallade|Sacred Sword|p1a: Farigiraf\n|-damage|p1a: Farigiraf|5/100\n|move|p1b: Charizard|Air Slash|p2b: Gallade\n|-supereffective|p2b: Gallade|1\n|-damage|p2b: Gallade|0 fnt\n|faint|p2b: Gallade\n|\n|-weather|SunnyDay|[upkeep]\n|-damage|p1b: Charizard|76/100|[from] ability: Solar Power|[of] p1b: Charizard\n|upkeep\n|\n|t:|1775938381\n|switch|p2b: Feraligatr|Feraligatr, L50, M|100/100\n|switch|p2a: Raichu|Raichu, L50, F|78/100\n|turn|6\n|inactive|ambatakumph has 30 seconds left.\n|inactive|ambatakumph has 20 seconds left.\n|inactive|yuriimon has 30 seconds left.\n|inactive|ambatakumph has 15 seconds left.\n|inactive|ambatakumph has 10 seconds left.\n|\n|t:|1775938428\n|detailschange|p2b: Feraligatr|Feraligatr-Mega, L50, M\n|-mega|p2b: Feraligatr|Feraligatr|Feraligite\n|move|p1a: Farigiraf|Psychic|p2b: Feraligatr\n|-damage|p2b: Feraligatr|59/100\n|move|p2b: Feraligatr|Body Slam|p1a: Farigiraf\n|-damage|p1a: Farigiraf|0 fnt\n|faint|p1a: Farigiraf\n|move|p1b: Charizard|Solar Beam||[still]\n|-prepare|p1b: Charizard|Solar Beam\n|-anim|p1b: Charizard|Solar Beam|p2b: Feraligatr\n|-damage|p2b: Feraligatr|7/100\n|move|p2a: Raichu|Volt Switch|p1b: Charizard\n|-supereffective|p1b: Charizard|1\n|-damage|p1b: Charizard|19/100\n|\n|-weather|SunnyDay|[upkeep]\n|-damage|p1b: Charizard|7/100|[from] ability: Solar Power|[of] p1b: Charizard\n|-fieldend|move: Trick Room\n|upkeep\n|turn|7\n|\n|t:|1775938453\n|detailschange|p1b: Charizard|Charizard-Mega-Y, L50, F, shiny\n|-mega|p1b: Charizard|Charizard|Charizardite Y\n|move|p2b: Feraligatr|Protect|p2b: Feraligatr\n|-singleturn|p2b: Feraligatr|Protect\n|move|p2a: Raichu|Volt Switch|p1b: Charizard\n|-supereffective|p1b: Charizard|1\n|-damage|p1b: Charizard|0 fnt\n|faint|p1b: Charizard\n|\n|win|yuriimon\n|raw|ambatakumph's rating: 1038 &rarr; <strong>1025</strong><br />(-13 for losing)\n|raw|yuriimon's rating: 1089 &rarr; <strong>1112</strong><br />(+23 for winning)\n|c|\u2606yuriimon|gg\n|c|\u2606ambatakumph|fah\n|l|\u2606ambatakumph\n|player|p1|\n",
  "uploadtime": 1775938463,
  "views": 15,
  "formatid": "gen9championsvgc2026regma",
  "rating": 1025,
  "private": 0,
  "password": null
}