{
  "id": "gen9championsvgc2026regma-2580675060",
  "format": "[Gen 9 Champions] VGC 2026 Reg M-A",
  "players": [
    "Big Soul Mama",
    "Catyreiji"
  ],
  "log": "|j|\u2606Big Soul Mama\n|j|\u2606Catyreiji\n|t:|1775923326\n|gametype|doubles\n|player|p1|Big Soul Mama|lenora|1006\n|player|p2|Catyreiji|shauntal|1040\n|gen|9\n|tier|[Gen 9 Champions] VGC 2026 Reg M-A\n|rated|\n|rule|Species Clause: Limit one of each Pok\u00e9mon\n|rule|Item Clause: Limit 1 of each item\n|clearpoke\n|poke|p1|Chimecho, L50, F|\n|poke|p1|Slowking-Galar, L50, F|\n|poke|p1|Rhyperior, L50, M|\n|poke|p1|Tinkaton, L50, F|\n|poke|p1|Maushold, L50|\n|poke|p1|Milotic, L50, F|\n|poke|p2|Absol, L50, M|\n|poke|p2|Beartic, L50, F|\n|poke|p2|Sneasler, L50, F|\n|poke|p2|Aegislash, L50, F|\n|poke|p2|Corviknight, L50, F|\n|poke|p2|Froslass, L50, F|\n|teampreview|4\n|\n|t:|1775923383\n|teamsize|p1|4\n|teamsize|p2|4\n|start\n|switch|p1a: Tinkaton|Tinkaton, L50, F|100/100\n|switch|p1b: Slowking|Slowking-Galar, L50, F|100/100\n|switch|p2a: Absol|Absol, L50, M, shiny|100/100\n|switch|p2b: Sneasler|Sneasler, L50, F|100/100\n|-ability|p1a: Tinkaton|Mold Breaker\n|turn|1\n|\n|t:|1775923404\n|detailschange|p2a: Absol|Absol-Mega, L50, M, shiny\n|-mega|p2a: Absol|Absol|Absolite\n|move|p2a: Absol|Protect|p2a: Absol\n|-singleturn|p2a: Absol|Protect\n|move|p2b: Sneasler|Fake Out|p1b: Slowking\n|-damage|p1b: Slowking|85/100\n|move|p1a: Tinkaton|Fake Out|p2a: Absol\n|-activate|p2a: Absol|move: Protect\n|cant|p1b: Slowking|flinch\n|\n|upkeep\n|turn|2\n|\n|t:|1775923444\n|move|p2b: Sneasler|Close Combat|p1a: Tinkaton\n|-damage|p1a: Tinkaton|43/100\n|-unboost|p2b: Sneasler|def|1\n|-unboost|p2b: Sneasler|spd|1\n|-enditem|p2b: Sneasler|White Herb\n|-clearnegativeboost|p2b: Sneasler|[silent]\n|move|p2a: Absol|Swords Dance|p2a: Absol\n|-boost|p2a: Absol|atk|2\n|move|p1a: Tinkaton|Gigaton Hammer|p2b: Sneasler\n|-damage|p2b: Sneasler|2/100\n|move|p1b: Slowking|Trick Room|p1b: Slowking\n|-fieldstart|move: Trick Room|[of] p1b: Slowking\n|\n|upkeep\n|turn|3\n|\n|t:|1775923464\n|move|p2b: Sneasler|Protect|p2b: Sneasler\n|-singleturn|p2b: Sneasler|Protect\n|move|p1a: Tinkaton|Feint|p2a: Absol\n|-damage|p2a: Absol|89/100\n|move|p2a: Absol|Sucker Punch|p1b: Slowking\n|-supereffective|p1b: Slowking|1\n|-damage|p1b: Slowking|0 fnt\n|faint|p1b: Slowking\n|\n|upkeep\n|\n|t:|1775923476\n|switch|p1b: Rhyperior|Rhyperior, L50, M|100/100\n|turn|4\n|\n|t:|1775923486\n|switch|p1a: Chimecho|Chimecho, L50, F|100/100\n|switch|p2b: Aegislash|Aegislash, L50, F|100/100\n|move|p2a: Absol|Protect|p2a: Absol\n|-singleturn|p2a: Absol|Protect\n|move|p1b: Rhyperior|Earthquake|p2b: Aegislash|[spread] p2b\n|-activate|p2a: Absol|move: Protect\n|-immune|p1a: Chimecho|[from] ability: Levitate\n|-supereffective|p2b: Aegislash|1\n|-damage|p2b: Aegislash|11/100\n|\n|upkeep\n|turn|5\n|\n|t:|1775923514\n|detailschange|p1a: Chimecho|Chimecho-Mega, L50, F\n|-mega|p1a: Chimecho|Chimecho|Chimechite\n|move|p1a: Chimecho|Helping Hand|p1b: Rhyperior\n|-singleturn|p1b: Rhyperior|Helping Hand|[of] p1a: Chimecho\n|move|p2b: Aegislash|King's Shield|p2b: Aegislash\n|-singleturn|p2b: Aegislash|Protect\n|move|p2a: Absol|Sucker Punch||[still]\n|-fail|p2a: Absol\n|move|p1b: Rhyperior|Earthquake|p2b: Aegislash|[spread] p2a\n|-activate|p2b: Aegislash|move: Protect\n|-immune|p1a: Chimecho|[from] ability: Levitate\n|-damage|p2a: Absol|0 fnt\n|faint|p2a: Absol\n|\n|upkeep\n|\n|t:|1775923532\n|switch|p2a: Sneasler|Sneasler, L50, F|2/100\n|turn|6\n|\n|t:|1775923567\n|switch|p1b: Tinkaton|Tinkaton, L50, F|43/100\n|-ability|p1b: Tinkaton|Mold Breaker\n|move|p2a: Sneasler|Fake Out|p1b: Tinkaton\n|-resisted|p1b: Tinkaton|1\n|-damage|p1b: Tinkaton|37/100\n|move|p1a: Chimecho|Flash Cannon|p2a: Sneasler\n|-damage|p2a: Sneasler|0 fnt\n|faint|p2a: Sneasler\n|-formechange|p2b: Aegislash|Aegislash-Blade|\n|move|p2b: Aegislash|Poltergeist|p1a: Chimecho|[miss]\n|-miss|p2b: Aegislash|p1a: Chimecho\n|\n|-fieldend|move: Trick Room\n|upkeep\n|\n|t:|1775923581\n|switch|p2a: Corviknight|Corviknight, L50, F|100/100\n|turn|7\n|\n|t:|1775923599\n|-formechange|p2b: Aegislash|Aegislash|\n|move|p2b: Aegislash|King's Shield|p2b: Aegislash\n|-singleturn|p2b: Aegislash|Protect\n|move|p1b: Tinkaton|Gigaton Hammer|p2b: Aegislash\n|-activate|p2b: Aegislash|move: Protect\n|move|p2a: Corviknight|Iron Defense|p2a: Corviknight\n|-boost|p2a: Corviknight|def|2\n|move|p1a: Chimecho|Trick Room|p1a: Chimecho\n|-fieldstart|move: Trick Room|[of] p1a: Chimecho\n|\n|upkeep\n|turn|8\n|\n|t:|1775923625\n|move|p1b: Tinkaton|Helping Hand|p1a: Chimecho\n|-singleturn|p1a: Chimecho|Helping Hand|[of] p1b: Tinkaton\n|move|p1a: Chimecho|Flash Cannon|p2b: Aegislash\n|-resisted|p2b: Aegislash|1\n|-damage|p2b: Aegislash|0 fnt\n|faint|p2b: Aegislash\n|move|p2a: Corviknight|Body Press|p1b: Tinkaton\n|-damage|p1b: Tinkaton|0 fnt\n|faint|p1b: Tinkaton\n|\n|upkeep\n|\n|t:|1775923635\n|switch|p1b: Rhyperior|Rhyperior, L50, M|100/100\n|turn|9\n|\n|t:|1775923645\n|move|p1b: Rhyperior|Rock Slide|p2a: Corviknight\n|-damage|p2a: Corviknight|83/100\n|move|p1a: Chimecho|Flash Cannon|p2a: Corviknight\n|-resisted|p2a: Corviknight|1\n|-damage|p2a: Corviknight|68/100\n|-ability|p2a: Corviknight|Mirror Armor\n|-unboost|p1a: Chimecho|spd|1\n|move|p2a: Corviknight|Body Press|p1b: Rhyperior\n|-supereffective|p1b: Rhyperior|1\n|-damage|p1b: Rhyperior|53/100\n|\n|-heal|p2a: Corviknight|74/100|[from] item: Leftovers\n|upkeep\n|turn|10\n|\n|t:|1775923662\n|move|p1b: Rhyperior|Rock Slide|p2a: Corviknight\n|-damage|p2a: Corviknight|54/100\n|move|p1a: Chimecho|Flash Cannon|p2a: Corviknight\n|-resisted|p2a: Corviknight|1\n|-damage|p2a: Corviknight|38/100\n|move|p2a: Corviknight|Body Press|p1b: Rhyperior\n|-supereffective|p1b: Rhyperior|1\n|-damage|p1b: Rhyperior|6/100\n|\n|-heal|p2a: Corviknight|43/100|[from] item: Leftovers\n|upkeep\n|turn|11\n|\n|t:|1775923675\n|move|p2a: Corviknight|Protect|p2a: Corviknight\n|-singleturn|p2a: Corviknight|Protect\n|move|p1b: Rhyperior|Rock Slide|p2a: Corviknight\n|-activate|p2a: Corviknight|move: Protect\n|move|p1a: Chimecho|Flash Cannon|p2a: Corviknight\n|-activate|p2a: Corviknight|move: Protect\n|\n|-heal|p2a: Corviknight|49/100|[from] item: Leftovers\n|-fieldend|move: Trick Room\n|upkeep\n|turn|12\n|\n|t:|1775923689\n|move|p1b: Rhyperior|Protect|p1b: Rhyperior\n|-singleturn|p1b: Rhyperior|Protect\n|move|p2a: Corviknight|Roost|p2a: Corviknight\n|-heal|p2a: Corviknight|99/100\n|-singleturn|p2a: Corviknight|move: Roost\n|move|p1a: Chimecho|Flash Cannon|p2a: Corviknight\n|-resisted|p2a: Corviknight|1\n|-damage|p2a: Corviknight|83/100\n|\n|-heal|p2a: Corviknight|89/100|[from] item: Leftovers\n|upkeep\n|turn|13\n|\n|t:|1775923704\n|move|p2a: Corviknight|Body Press|p1b: Rhyperior\n|-supereffective|p1b: Rhyperior|1\n|-damage|p1b: Rhyperior|0 fnt\n|faint|p1b: Rhyperior\n|move|p1a: Chimecho|Flash Cannon|p2a: Corviknight\n|-resisted|p2a: Corviknight|1\n|-damage|p2a: Corviknight|74/100\n|\n|-heal|p2a: Corviknight|80/100|[from] item: Leftovers\n|upkeep\n|turn|14\n|\n|t:|1775923721\n|move|p2a: Corviknight|Iron Defense|p2a: Corviknight\n|-boost|p2a: Corviknight|def|2\n|move|p1a: Chimecho|Flash Cannon|p2a: Corviknight\n|-resisted|p2a: Corviknight|1\n|-damage|p2a: Corviknight|64/100\n|\n|-heal|p2a: Corviknight|70/100|[from] item: Leftovers\n|upkeep\n|turn|15\n|-message|Big Soul Mama forfeited.\n|\n|win|Catyreiji\n|raw|Big Soul Mama's rating: 1006 &rarr; <strong>1000</strong><br />(-6 for losing)\n|raw|Catyreiji's rating: 1040 &rarr; <strong>1071</strong><br />(+31 for winning)\n|l|\u2606Big Soul Mama\n|player|p1|\n",
  "uploadtime": 1775923738,
  "views": 10,
  "formatid": "gen9championsvgc2026regma",
  "rating": 1000,
  "private": 0,
  "password": null
}