{
  "id": "gen9championsvgc2026regma-2584078086",
  "format": "[Gen 9 Champions] VGC 2026 Reg M-A",
  "players": [
    "maki201",
    "skelii"
  ],
  "log": "|j|\u2606maki201\n|j|\u2606skelii\n|t:|1776222889\n|gametype|doubles\n|player|p1|maki201|2|1048\n|player|p2|skelii|102|1030\n|gen|9\n|tier|[Gen 9 Champions] VGC 2026 Reg M-A\n|rated|\n|rule|Species Clause: Limit one of each Pok\u00e9mon\n|rule|Item Clause: Limit 1 of each item\n|clearpoke\n|poke|p1|Tyranitar, L50, M|\n|poke|p1|Excadrill, L50, M|\n|poke|p1|Gardevoir, L50, M|\n|poke|p1|Corviknight, L50, F|\n|poke|p1|Sinistcha, L50|\n|poke|p1|Rotom-Wash, L50|\n|poke|p2|Aegislash, L50, F|\n|poke|p2|Hydreigon, L50, M|\n|poke|p2|Floette-Eternal, L50, F|\n|poke|p2|Sneasler, L50, F|\n|poke|p2|Whimsicott, L50, F|\n|poke|p2|Maushold, L50|\n|teampreview|4\n|\n|t:|1776222929\n|teamsize|p1|4\n|teamsize|p2|4\n|start\n|switch|p1a: Tyranitar|Tyranitar, L50, M|100/100\n|switch|p1b: Excadrill|Excadrill, L50, M|100/100\n|switch|p2a: Whimsicott|Whimsicott, L50, F|100/100\n|switch|p2b: Sneasler|Sneasler, L50, F|100/100\n|-weather|Sandstorm|[from] ability: Sand Stream|[of] p1a: Tyranitar\n|turn|1\n|\n|t:|1776222955\n|move|p1b: Excadrill|Protect|p1b: Excadrill\n|-singleturn|p1b: Excadrill|Protect\n|move|p1a: Tyranitar|Protect|p1a: Tyranitar\n|-singleturn|p1a: Tyranitar|Protect\n|move|p2b: Sneasler|Fake Out|p1b: Excadrill\n|-activate|p1b: Excadrill|move: Protect\n|move|p2a: Whimsicott|Tailwind|p2a: Whimsicott\n|-sidestart|p2: skelii|move: Tailwind\n|\n|-weather|Sandstorm|[upkeep]\n|-damage|p2b: Sneasler|95/100|[from] Sandstorm\n|-damage|p2a: Whimsicott|95/100|[from] Sandstorm\n|upkeep\n|turn|2\n|\n|t:|1776222984\n|switch|p1b: Gardevoir|Gardevoir, L50, M|100/100\n|-ability|p1b: Gardevoir|Prankster|Trace|[from] ability: Trace|[of] p2a: Whimsicott\n|move|p2a: Whimsicott|Encore||[still]\n|-fail|p2a: Whimsicott\n|move|p2b: Sneasler|Close Combat|p1a: Tyranitar\n|-supereffective|p1a: Tyranitar|2\n|-damage|p1a: Tyranitar|0 fnt\n|-unboost|p2b: Sneasler|def|1\n|-unboost|p2b: Sneasler|spd|1\n|faint|p1a: Tyranitar\n|\n|-weather|Sandstorm|[upkeep]\n|-damage|p2b: Sneasler|89/100|[from] Sandstorm\n|-damage|p2a: Whimsicott|89/100|[from] Sandstorm\n|-damage|p1b: Gardevoir|95/100|[from] Sandstorm\n|upkeep\n|\n|t:|1776223005\n|switch|p1a: Corviknight|Corviknight, L50, F|100/100\n|turn|3\n|\n|t:|1776223025\n|switch|p2a: Aegislash|Aegislash, L50, F|100/100\n|switch|p1b: Excadrill|Excadrill, L50, M|100/100\n|move|p2b: Sneasler|Dire Claw|p1b: Excadrill\n|-immune|p1b: Excadrill\n|move|p1a: Corviknight|Tailwind|p1a: Corviknight\n|-sidestart|p1: maki201|move: Tailwind\n|\n|-weather|Sandstorm|[upkeep]\n|-damage|p2b: Sneasler|83/100|[from] Sandstorm\n|upkeep\n|turn|4\n|\n|t:|1776223048\n|switch|p2b: Whimsicott|Whimsicott, L50, F|89/100\n|move|p2a: Aegislash|King's Shield|p2a: Aegislash\n|-singleturn|p2a: Aegislash|Protect\n|move|p1b: Excadrill|High Horsepower|p2b: Whimsicott\n|-resisted|p2b: Whimsicott|1\n|-damage|p2b: Whimsicott|56/100\n|move|p1a: Corviknight|Iron Defense|p1a: Corviknight\n|-boost|p1a: Corviknight|def|2\n|\n|-weather|Sandstorm|[upkeep]\n|-damage|p2b: Whimsicott|50/100|[from] Sandstorm\n|-sideend|p2: skelii|move: Tailwind\n|upkeep\n|turn|5\n|\n|t:|1776223071\n|switch|p2a: Sneasler|Sneasler, L50, F|83/100\n|move|p1a: Corviknight|Protect|p1a: Corviknight\n|-singleturn|p1a: Corviknight|Protect\n|move|p2b: Whimsicott|Charm|p1b: Excadrill\n|-unboost|p1b: Excadrill|atk|2\n|move|p1b: Excadrill|Rock Slide|p2b: Whimsicott|[spread] p2a,p2b\n|-resisted|p2a: Sneasler|1\n|-damage|p2a: Sneasler|76/100\n|-damage|p2b: Whimsicott|39/100\n|\n|-weather|none\n|upkeep\n|turn|6\n|\n|t:|1776223095\n|move|p2a: Sneasler|Fake Out|p1b: Excadrill\n|-resisted|p1b: Excadrill|1\n|-damage|p1b: Excadrill|89/100\n|move|p2b: Whimsicott|Encore|p1a: Corviknight\n|-start|p1a: Corviknight|Encore\n|move|p1a: Corviknight|Protect||[still]\n|-fail|p1a: Corviknight\n|cant|p1b: Excadrill|flinch\n|\n|-sideend|p1: maki201|move: Tailwind\n|upkeep\n|turn|7\n|\n|t:|1776223111\n|switch|p1b: Gardevoir|Gardevoir, L50, M|95/100\n|-ability|p1b: Gardevoir|Prankster|Trace|[from] ability: Trace|[of] p2b: Whimsicott\n|move|p1a: Corviknight|Protect|p1a: Corviknight\n|-singleturn|p1a: Corviknight|Protect\n|move|p2b: Whimsicott|Tailwind|p2b: Whimsicott\n|-sidestart|p2: skelii|move: Tailwind\n|move|p2a: Sneasler|Close Combat|p1b: Gardevoir\n|-resisted|p1b: Gardevoir|2\n|-damage|p1b: Gardevoir|63/100\n|-unboost|p2a: Sneasler|def|1\n|-unboost|p2a: Sneasler|spd|1\n|\n|upkeep\n|turn|8\n|\n|t:|1776223142\n|switch|p1a: Excadrill|Excadrill, L50, M|89/100\n|detailschange|p1b: Gardevoir|Gardevoir-Mega, L50, M\n|-mega|p1b: Gardevoir|Gardevoir|Gardevoirite\n|move|p1b: Gardevoir|Protect|p1b: Gardevoir\n|-singleturn|p1b: Gardevoir|Protect\n|move|p2a: Sneasler|Close Combat|p1a: Excadrill\n|-supereffective|p1a: Excadrill|1\n|-damage|p1a: Excadrill|0 fnt\n|-unboost|p2a: Sneasler|def|1\n|-unboost|p2a: Sneasler|spd|1\n|faint|p1a: Excadrill\n|move|p2b: Whimsicott|Endeavor|p1b: Gardevoir\n|-activate|p1b: Gardevoir|move: Protect\n|\n|upkeep\n|\n|t:|1776223150\n|switch|p1a: Corviknight|Corviknight, L50, F|100/100\n|turn|9\n|\n|t:|1776223173\n|move|p2b: Whimsicott|Encore|p1b: Gardevoir\n|-start|p1b: Gardevoir|Encore\n|move|p1b: Gardevoir|Protect||[still]\n|-fail|p1b: Gardevoir\n|move|p2a: Sneasler|Close Combat|p1a: Corviknight\n|-damage|p1a: Corviknight|47/100\n|-unboost|p2a: Sneasler|def|1\n|-unboost|p2a: Sneasler|spd|1\n|move|p1a: Corviknight|Body Press|p2a: Sneasler\n|-resisted|p2a: Sneasler|1\n|-damage|p2a: Sneasler|25/100\n|\n|-heal|p1a: Corviknight|52/100|[from] item: Leftovers\n|upkeep\n|turn|10\n|\n|t:|1776223201\n|move|p1b: Gardevoir|Protect|p1b: Gardevoir\n|-singleturn|p1b: Gardevoir|Protect\n|move|p1a: Corviknight|Protect|p1a: Corviknight\n|-singleturn|p1a: Corviknight|Protect\n|move|p2a: Sneasler|Close Combat|p1a: Corviknight\n|-activate|p1a: Corviknight|move: Protect\n|move|p2b: Whimsicott|Endeavor|p1b: Gardevoir\n|-activate|p1b: Gardevoir|move: Protect\n|\n|-heal|p1a: Corviknight|58/100|[from] item: Leftovers\n|-sideend|p2: skelii|move: Tailwind\n|upkeep\n|turn|11\n|\n|t:|1776223224\n|move|p1b: Gardevoir|Protect||[still]\n|-fail|p1b: Gardevoir\n|move|p2b: Whimsicott|Encore|p1a: Corviknight\n|-start|p1a: Corviknight|Encore\n|move|p1a: Corviknight|Protect|p1a: Corviknight\n|-singleturn|p1a: Corviknight|Protect\n|move|p2a: Sneasler|Dire Claw|p1b: Gardevoir\n|-supereffective|p1b: Gardevoir|1\n|-damage|p1b: Gardevoir|0 fnt\n|faint|p1b: Gardevoir\n|\n|-heal|p1a: Corviknight|64/100|[from] item: Leftovers\n|upkeep\n|turn|12\n|-message|maki201 forfeited.\n|\n|win|skelii\n|raw|maki201's rating: 1048 &rarr; <strong>1030</strong><br />(-18 for losing)\n|raw|skelii's rating: 1030 &rarr; <strong>1067</strong><br />(+37 for winning)\n|l|\u2606maki201\n|player|p1|\n",
  "uploadtime": 1776223241,
  "views": 38,
  "formatid": "gen9championsvgc2026regma",
  "rating": 1030,
  "private": 0,
  "password": null
}