{
  "id": "gen9championsvgc2026regma-2581629526",
  "format": "[Gen 9 Champions] VGC 2026 Reg M-A",
  "players": [
    "Autismic2",
    "thraevinn"
  ],
  "log": "|j|\u2606Autismic2\n|j|\u2606thraevinn\n|t:|1776016398\n|gametype|doubles\n|player|p1|Autismic2|2|1047\n|player|p2|thraevinn|lucas|1000\n|gen|9\n|tier|[Gen 9 Champions] VGC 2026 Reg M-A\n|rated|\n|rule|Species Clause: Limit one of each Pok\u00e9mon\n|rule|Item Clause: Limit 1 of each item\n|clearpoke\n|poke|p1|Zoroark-Hisui, L50, F|\n|poke|p1|Aegislash, L50, M|\n|poke|p1|Kommo-o, L50, F|\n|poke|p1|Starmie, L50|\n|poke|p1|Pelipper, L50, F|\n|poke|p1|Meowstic, L50, M|\n|poke|p2|Gardevoir, L50, F|\n|poke|p2|Ninetales-Alola, L50, F|\n|poke|p2|Corviknight, L50, M|\n|poke|p2|Whimsicott, L50, F|\n|poke|p2|Arcanine-Hisui, L50, M|\n|poke|p2|Milotic, L50, F|\n|teampreview|4\n|inactive|Battle timer is ON: inactive players will automatically lose when time's up. (requested by Autismic2)\n|\n|t:|1776016428\n|teamsize|p1|4\n|teamsize|p2|4\n|start\n|switch|p1a: Pelipper|Pelipper, L50, F, shiny|100/100\n|switch|p1b: Starmie|Starmie, L50, shiny|100/100\n|switch|p2a: Whimsicott|Whimsicott, L50, F, shiny|100/100\n|switch|p2b: Milotic|Milotic, L50, F, shiny|100/100\n|-weather|RainDance|[from] ability: Drizzle|[of] p1a: Pelipper\n|turn|1\n|inactive|thraevinn has 30 seconds left.\n|\n|t:|1776016454\n|detailschange|p1b: Starmie|Starmie-Mega, L50, shiny\n|-mega|p1b: Starmie|Starmie|Starminite\n|move|p2a: Whimsicott|Taunt|p1a: Pelipper\n|-start|p1a: Pelipper|move: Taunt\n|cant|p1a: Pelipper|move: Taunt|Tailwind\n|move|p1b: Starmie|Zen Headbutt|p2b: Milotic|[miss]\n|-miss|p1b: Starmie|p2b: Milotic\n|move|p2b: Milotic|Scald|p1b: Starmie\n|-resisted|p1b: Starmie|1\n|-damage|p1b: Starmie|72/100\n|\n|-weather|RainDance|[upkeep]\n|upkeep\n|turn|2\n|\n|t:|1776016471\n|move|p2a: Whimsicott|Tailwind|p2a: Whimsicott\n|-sidestart|p2: thraevinn|move: Tailwind\n|move|p2b: Milotic|Scald|p1b: Starmie\n|-resisted|p1b: Starmie|1\n|-damage|p1b: Starmie|46/100\n|move|p1a: Pelipper|Hurricane|p2a: Whimsicott\n|-supereffective|p2a: Whimsicott|1\n|-damage|p2a: Whimsicott|0 fnt\n|faint|p2a: Whimsicott\n|move|p1b: Starmie|Zen Headbutt|p2b: Milotic|[miss]\n|-miss|p1b: Starmie|p2b: Milotic\n|\n|-weather|RainDance|[upkeep]\n|upkeep\n|\n|t:|1776016482\n|switch|p2a: Corviknight|Corviknight, L50, M, shiny|100/100\n|turn|3\n|c|\u2606Autismic2|Bruh\n|c|\u2606Autismic2|what are the chances\n|c|\u2606thraevinn|i dontknow but not impossible\n|\n|t:|1776016501\n|move|p1b: Starmie|Protect|p1b: Starmie\n|-singleturn|p1b: Starmie|Protect\n|move|p2b: Milotic|Scald|p1b: Starmie\n|-activate|p1b: Starmie|move: Protect\n|move|p1a: Pelipper|Hurricane|p2b: Milotic\n|-damage|p2b: Milotic|65/100\n|move|p2a: Corviknight|Iron Defense|p2a: Corviknight\n|-boost|p2a: Corviknight|def|2\n|\n|-weather|RainDance|[upkeep]\n|-heal|p2b: Milotic|71/100|[from] item: Leftovers\n|-end|p1a: Pelipper|move: Taunt\n|upkeep\n|turn|4\n|inactive|Autismic2 has 30 seconds left.\n|\n|t:|1776016526\n|switch|p1b: Aegislash|Aegislash, L50, M, shiny|100/100\n|move|p2b: Milotic|Protect|p2b: Milotic\n|-singleturn|p2b: Milotic|Protect\n|move|p1a: Pelipper|Hurricane|p2b: Milotic\n|-activate|p2b: Milotic|move: Protect\n|move|p2a: Corviknight|Brave Bird|p1a: Pelipper\n|-damage|p1a: Pelipper|49/100\n|-damage|p2a: Corviknight|89/100|[from] Recoil\n|-heal|p2a: Corviknight|93/100|[from] item: Shell Bell|[of] p1a: Pelipper\n|\n|-weather|RainDance|[upkeep]\n|-heal|p2b: Milotic|77/100|[from] item: Leftovers\n|upkeep\n|turn|5\n|\n|t:|1776016543\n|move|p2b: Milotic|Scald|p1b: Aegislash\n|-damage|p1b: Aegislash|61/100\n|move|p1a: Pelipper|Hurricane|p2a: Corviknight\n|-resisted|p2a: Corviknight|1\n|-crit|p2a: Corviknight\n|-damage|p2a: Corviknight|58/100\n|move|p2a: Corviknight|Brave Bird|p1a: Pelipper\n|-damage|p1a: Pelipper|1/100\n|-damage|p2a: Corviknight|47/100|[from] Recoil\n|-heal|p2a: Corviknight|51/100|[from] item: Shell Bell|[of] p1a: Pelipper\n|-formechange|p1b: Aegislash|Aegislash-Blade|\n|move|p1b: Aegislash|Shadow Ball|p2a: Corviknight\n|-damage|p2a: Corviknight|4/100\n|\n|-weather|none\n|-heal|p2b: Milotic|83/100|[from] item: Leftovers\n|-sideend|p2: thraevinn|move: Tailwind\n|upkeep\n|turn|6\n|inactive|Autismic2 has 30 seconds left.\n|\n|t:|1776016569\n|-formechange|p1b: Aegislash|Aegislash|\n|move|p1b: Aegislash|King's Shield|p1b: Aegislash\n|-singleturn|p1b: Aegislash|Protect\n|move|p1a: Pelipper|Hurricane|p2a: Corviknight|[miss]\n|-miss|p1a: Pelipper|p2a: Corviknight\n|move|p2b: Milotic|Scald|p1b: Aegislash\n|-activate|p1b: Aegislash|move: Protect\n|move|p2a: Corviknight|Iron Head|p1a: Pelipper\n|-resisted|p1a: Pelipper|1\n|-damage|p1a: Pelipper|0 fnt\n|faint|p1a: Pelipper\n|-heal|p2a: Corviknight|5/100|[from] item: Shell Bell|[of] p1: Pelipper\n|\n|-heal|p2b: Milotic|89/100|[from] item: Leftovers\n|upkeep\n|\n|t:|1776016584\n|switch|p1a: Starmie|Starmie-Mega, L50, shiny|46/100\n|turn|7\n|\n|t:|1776016593\n|move|p1a: Starmie|Protect|p1a: Starmie\n|-singleturn|p1a: Starmie|Protect\n|-formechange|p1b: Aegislash|Aegislash-Blade|\n|move|p1b: Aegislash|Shadow Ball|p2a: Corviknight\n|-damage|p2a: Corviknight|0 fnt\n|faint|p2a: Corviknight\n|move|p2b: Milotic|Scald|p1b: Aegislash\n|-damage|p1b: Aegislash|0 fnt\n|faint|p1b: Aegislash\n|\n|-heal|p2b: Milotic|95/100|[from] item: Leftovers\n|upkeep\n|\n|t:|1776016604\n|switch|p1b: Kommo-o|Kommo-o, L50, F|100/100\n|switch|p2a: Gardevoir|Gardevoir, L50, F, shiny|100/100\n|-ability|p2a: Gardevoir|Huge Power|Trace|[from] ability: Trace|[of] p1a: Starmie\n|turn|8\n|inactive|Autismic2 has 30 seconds left.\n|inactive|thraevinn has 30 seconds left.\n|\n|t:|1776016634\n|detailschange|p2a: Gardevoir|Gardevoir-Mega, L50, F, shiny\n|-mega|p2a: Gardevoir|Gardevoir|Gardevoirite\n|move|p2a: Gardevoir|Protect|p2a: Gardevoir\n|-singleturn|p2a: Gardevoir|Protect\n|move|p1a: Starmie|Waterfall|p2a: Gardevoir\n|-activate|p2a: Gardevoir|move: Protect\n|move|p1b: Kommo-o|Clangorous Soul|p1b: Kommo-o\n|-boost|p1b: Kommo-o|atk|1\n|-boost|p1b: Kommo-o|def|1\n|-boost|p1b: Kommo-o|spa|1\n|-boost|p1b: Kommo-o|spd|1\n|-boost|p1b: Kommo-o|spe|1\n|-damage|p1b: Kommo-o|68/100\n|move|p2b: Milotic|Ice Beam|p1b: Kommo-o\n|-supereffective|p1b: Kommo-o|1\n|-crit|p1b: Kommo-o\n|-damage|p1b: Kommo-o|0 fnt\n|faint|p1b: Kommo-o\n|\n|-heal|p2b: Milotic|100/100|[from] item: Leftovers\n|upkeep\n|turn|9\n|c|\u2606Autismic2|Crit\u2026\n|inactive|Autismic2 has 30 seconds left.\n|\n|t:|1776016663\n|move|p1a: Starmie|Waterfall|p2a: Gardevoir\n|-damage|p2a: Gardevoir|0 fnt\n|faint|p2a: Gardevoir\n|move|p2b: Milotic|Scald|p1a: Starmie\n|-resisted|p1a: Starmie|1\n|-damage|p1a: Starmie|28/100\n|\n|upkeep\n|turn|10\n|\n|t:|1776016679\n|move|p1a: Starmie|Zen Headbutt|p2b: Milotic\n|-damage|p2b: Milotic|48/100\n|cant|p2b: Milotic|flinch\n|\n|-heal|p2b: Milotic|54/100|[from] item: Leftovers\n|upkeep\n|turn|11\n|\n|t:|1776016688\n|move|p2b: Milotic|Protect|p2b: Milotic\n|-singleturn|p2b: Milotic|Protect\n|move|p1a: Starmie|Zen Headbutt|p2b: Milotic\n|-activate|p2b: Milotic|move: Protect\n|\n|-heal|p2b: Milotic|60/100|[from] item: Leftovers\n|upkeep\n|turn|12\n|\n|t:|1776016694\n|move|p1a: Starmie|Zen Headbutt|p2b: Milotic\n|-damage|p2b: Milotic|3/100\n|move|p2b: Milotic|Recover|p2b: Milotic\n|-heal|p2b: Milotic|53/100\n|\n|-heal|p2b: Milotic|59/100|[from] item: Leftovers\n|upkeep\n|turn|13\n|\n|t:|1776016701\n|move|p2b: Milotic|Protect|p2b: Milotic\n|-singleturn|p2b: Milotic|Protect\n|move|p1a: Starmie|Zen Headbutt|p2b: Milotic\n|-activate|p2b: Milotic|move: Protect\n|\n|-heal|p2b: Milotic|65/100|[from] item: Leftovers\n|upkeep\n|turn|14\n|\n|t:|1776016707\n|move|p1a: Starmie|Zen Headbutt|p2b: Milotic\n|-damage|p2b: Milotic|15/100\n|move|p2b: Milotic|Recover|p2b: Milotic\n|-heal|p2b: Milotic|65/100\n|\n|-heal|p2b: Milotic|71/100|[from] item: Leftovers\n|upkeep\n|turn|15\n|\n|t:|1776016715\n|move|p1a: Starmie|Zen Headbutt|p2b: Milotic\n|-damage|p2b: Milotic|20/100\n|move|p2b: Milotic|Scald|p1a: Starmie\n|-resisted|p1a: Starmie|1\n|-damage|p1a: Starmie|9/100\n|\n|-heal|p2b: Milotic|26/100|[from] item: Leftovers\n|upkeep\n|turn|16\n|\n|t:|1776016725\n|move|p2b: Milotic|Protect|p2b: Milotic\n|-singleturn|p2b: Milotic|Protect\n|move|p1a: Starmie|Zen Headbutt|p2b: Milotic\n|-activate|p2b: Milotic|move: Protect\n|\n|-heal|p2b: Milotic|32/100|[from] item: Leftovers\n|upkeep\n|turn|17\n|\n|t:|1776016732\n|move|p1a: Starmie|Zen Headbutt|p2b: Milotic\n|-damage|p2b: Milotic|0 fnt\n|faint|p2b: Milotic\n|\n|win|Autismic2\n|raw|Autismic2's rating: 1047 &rarr; <strong>1076</strong><br />(+29 for winning)\n|raw|thraevinn's rating: 1000 &rarr; <strong>1000</strong><br />(+0 for losing)\n|l|\u2606thraevinn\n|player|p2|\n|l|\u2606Autismic2\n|player|p1|\n|j|\u2606Autismic2\n|player|p1|Autismic2|2|\n",
  "uploadtime": 1776016804,
  "views": 19,
  "formatid": "gen9championsvgc2026regma",
  "rating": 1000,
  "private": 0,
  "password": null
}