{
  "id": "gen9championsvgc2026regma-2586826206",
  "format": "[Gen 9 Champions] VGC 2026 Reg M-A",
  "players": [
    "2sweep4u",
    "Fogglez"
  ],
  "log": "|j|\u26062sweep4u\n|j|\u2606Fogglez\n|t:|1776463104\n|gametype|doubles\n|player|p1|2sweep4u|unknownf|1100\n|player|p2|Fogglez|169|1056\n|gen|9\n|tier|[Gen 9 Champions] VGC 2026 Reg M-A\n|rated|\n|rule|Species Clause: Limit one of each Pok\u00e9mon\n|rule|Item Clause: Limit 1 of each item\n|clearpoke\n|poke|p1|Charizard, L50, F|\n|poke|p1|Incineroar, L50, M|\n|poke|p1|Whimsicott, L50, M|\n|poke|p1|Farigiraf, L50, M|\n|poke|p1|Sinistcha-Masterpiece, L50|\n|poke|p1|Dragapult, L50, M|\n|poke|p2|Kleavor, L50, M|\n|poke|p2|Whimsicott, L50, M|\n|poke|p2|Aerodactyl, L50, F|\n|poke|p2|Weavile, L50, F|\n|poke|p2|Typhlosion-Hisui, L50, M|\n|poke|p2|Maushold-Four, L50|\n|teampreview|4\nFogglez rejected open team sheets.\n|inactive|Battle timer is ON: inactive players will automatically lose when time's up. (requested by Fogglez)\n|inactive|2sweep4u has 60 seconds left.\n|\n|t:|1776463176\n|teamsize|p1|4\n|teamsize|p2|4\n|start\n|switch|p1a: Charizard|Charizard, L50, F|100/100\n|switch|p1b: Whimsicott|Whimsicott, L50, M|100/100\n|switch|p2a: Kleavor|Kleavor, L50, M|100/100\n|switch|p2b: Maushold|Maushold-Four, L50|100/100\n|turn|1\n|inactive|Fogglez has 30 seconds left.\n|\n|t:|1776463211\n|move|p1a: Charizard|Protect|p1a: Charizard\n|-singleturn|p1a: Charizard|Protect\n|move|p1b: Whimsicott|Tailwind|p1b: Whimsicott\n|-sidestart|p1: 2sweep4u|move: Tailwind\n|move|p2b: Maushold|Taunt|p1b: Whimsicott\n|-start|p1b: Whimsicott|move: Taunt\n|move|p2a: Kleavor|Stone Axe|p1a: Charizard\n|-activate|p1a: Charizard|move: Protect\n|\n|upkeep\n|turn|2\n|inactive|2sweep4u has 30 seconds left.\n|\n|t:|1776463237\n|switch|p1a: Julia Wolf|Farigiraf, L50, M|100/100\n|move|p2b: Maushold|Follow Me|p2b: Maushold\n|-singleturn|p2b: Maushold|move: Follow Me\n|move|p1b: Whimsicott|Moonblast|p2b: Maushold\n|-damage|p2b: Maushold|62/100\n|move|p2a: Kleavor|Stone Axe|p1a: Julia Wolf\n|-damage|p1a: Julia Wolf|71/100\n|-sidestart|p1: 2sweep4u|move: Stealth Rock\n|\n|upkeep\n|turn|3\n|inactive|Fogglez has 30 seconds left.\n|\n|t:|1776463264\n|switch|p1b: Incineroar|Incineroar, L50, M|100/100\n|-damage|p1b: Incineroar|76/100|[from] Stealth Rock\n|-ability|p1b: Incineroar|Intimidate|boost\n|-unboost|p2a: Kleavor|atk|1\n|-unboost|p2b: Maushold|atk|1\n|move|p2b: Maushold|Population Bomb|p1a: Julia Wolf\n|-damage|p1a: Julia Wolf|66/100\n|-damage|p1a: Julia Wolf|62/100\n|-damage|p1a: Julia Wolf|58/100\n|-damage|p1a: Julia Wolf|53/100\n|-damage|p1a: Julia Wolf|49/100\n|-enditem|p1a: Julia Wolf|Sitrus Berry|[eat]\n|-heal|p1a: Julia Wolf|74/100|[from] item: Sitrus Berry\n|-damage|p1a: Julia Wolf|69/100\n|-damage|p1a: Julia Wolf|65/100\n|-damage|p1a: Julia Wolf|61/100\n|-damage|p1a: Julia Wolf|56/100\n|-damage|p1a: Julia Wolf|51/100\n|-hitcount|p1a: Julia Wolf|10\n|move|p1a: Julia Wolf|Dazzling Gleam|p2b: Maushold|[spread] p2a,p2b\n|-damage|p2a: Kleavor|79/100\n|-damage|p2b: Maushold|42/100\n|move|p2a: Kleavor|Rock Slide|p1a: Julia Wolf|[spread] p1a\n|-miss|p2a: Kleavor|p1b: Incineroar\n|-damage|p1a: Julia Wolf|34/100\n|\n|-heal|p2a: Kleavor|85/100|[from] item: Leftovers\n|upkeep\n|turn|4\n|inactive|2sweep4u has 30 seconds left.\n|inactive|Fogglez has 30 seconds left.\n|inactive|2sweep4u has 20 seconds left.\n|inactive|2sweep4u has 15 seconds left.\n|inactive|2sweep4u has 10 seconds left.\n|inactive|2sweep4u has 5 seconds left.\n|\n|t:|1776463316\n|move|p2b: Maushold|Follow Me|p2b: Maushold\n|-singleturn|p2b: Maushold|move: Follow Me\n|move|p1a: Julia Wolf|Psychic|p2b: Maushold\n|-damage|p2b: Maushold|0 fnt\n|faint|p2b: Maushold\n|move|p1b: Incineroar|Parting Shot|p2a: Kleavor\n|-unboost|p2a: Kleavor|atk|1\n|-unboost|p2a: Kleavor|spa|1\n|\n|t:|1776463322\n|switch|p1b: Whimsicott|Whimsicott, L50, M|100/100|[from] Parting Shot\n|-damage|p1b: Whimsicott|89/100|[from] Stealth Rock\n|move|p2a: Kleavor|Rock Slide|p1a: Julia Wolf|[spread] p1a,p1b\n|-damage|p1a: Julia Wolf|20/100\n|-damage|p1b: Whimsicott|75/100\n|\n|-heal|p2a: Kleavor|92/100|[from] item: Leftovers\n|-sideend|p1: 2sweep4u|move: Tailwind\n|upkeep\n|\n|t:|1776463330\n|switch|p2b: Typhlosion|Typhlosion-Hisui, L50, M|100/100\n|-item|p1b: Whimsicott|Focus Sash|[from] ability: Frisk|[of] p2b: Typhlosion\n|turn|5\n|\n|t:|1776463352\n|switch|p2a: Aerodactyl|Aerodactyl, L50, F|100/100\n|-ability|p2a: Aerodactyl|Unnerve\n|move|p1b: Whimsicott|Tailwind|p1b: Whimsicott\n|-sidestart|p1: 2sweep4u|move: Tailwind\n|move|p2b: Typhlosion|Eruption|p1a: Julia Wolf|[spread] p1a,p1b\n|-supereffective|p1b: Whimsicott|1\n|-damage|p1a: Julia Wolf|0 fnt\n|-damage|p1b: Whimsicott|0 fnt\n|faint|p1a: Julia Wolf\n|faint|p1b: Whimsicott\n|\n|upkeep\n|\n|t:|1776463362\n|switch|p1b: Incineroar|Incineroar, L50, M|76/100\n|switch|p1a: Charizard|Charizard, L50, F|100/100\n|-damage|p1a: Charizard|51/100|[from] Stealth Rock\n|-damage|p1b: Incineroar|51/100|[from] Stealth Rock\n|-ability|p1b: Incineroar|Intimidate|boost\n|-unboost|p2a: Aerodactyl|atk|1\n|-unboost|p2b: Typhlosion|atk|1\n|turn|6\n|inactive|2sweep4u has 30 seconds left.\n|inactive|2sweep4u has 20 seconds left.\n|inactive|2sweep4u has 15 seconds left.\n|\n|t:|1776463402\n|switch|p2a: Kleavor|Kleavor, L50, M|92/100\n|detailschange|p1a: Charizard|Charizard-Mega-Y, L50, F\n|-mega|p1a: Charizard|Charizard|Charizardite Y\n|-weather|SunnyDay|[from] ability: Drought|[of] p1a: Charizard\n|move|p1a: Charizard|Protect|p1a: Charizard\n|-singleturn|p1a: Charizard|Protect\n|move|p2b: Typhlosion|Eruption|p1b: Incineroar|[spread] p1b\n|-activate|p1a: Charizard|move: Protect\n|-resisted|p1b: Incineroar|1\n|-damage|p1b: Incineroar|17/100\n|move|p1b: Incineroar|Flare Blitz|p2a: Kleavor\n|-damage|p2a: Kleavor|0 fnt\n|faint|p2a: Kleavor\n|-damage|p1b: Incineroar|0 fnt|[from] Recoil\n|faint|p1b: Incineroar\n|\n|-weather|SunnyDay|[upkeep]\n|upkeep\n|\n|t:|1776463417\n|switch|p2a: Aerodactyl|Aerodactyl, L50, F|100/100\n|-ability|p2a: Aerodactyl|Unnerve\n|turn|7\n|\n|t:|1776463434\n|detailschange|p2a: Aerodactyl|Aerodactyl-Mega, L50, F\n|-mega|p2a: Aerodactyl|Aerodactyl|Aerodactylite\n|move|p1a: Charizard|Solar Beam||[still]\n|-prepare|p1a: Charizard|Solar Beam\n|-anim|p1a: Charizard|Solar Beam|p2a: Aerodactyl\n|-damage|p2a: Aerodactyl|46/100\n|move|p2b: Typhlosion|Eruption|p1a: Charizard\n|-resisted|p1a: Charizard|1\n|-damage|p1a: Charizard|0 fnt\n|faint|p1a: Charizard\n|\n|win|Fogglez\n|raw|2sweep4u's rating: 1100 &rarr; <strong>1072</strong><br />(-28 for losing)\n|raw|Fogglez's rating: 1056 &rarr; <strong>1092</strong><br />(+36 for winning)\n",
  "uploadtime": 1776463435,
  "views": 19,
  "formatid": "gen9championsvgc2026regma",
  "rating": 1072,
  "private": 0,
  "password": null
}