{
  "id": "gen9championsvgc2026regma-2587620340",
  "format": "[Gen 9 Champions] VGC 2026 Reg M-A",
  "players": [
    "DimensionalFool",
    "meadwag"
  ],
  "log": "|j|\u2606DimensionalFool\n|j|\u2606meadwag\n|t:|1776547631\n|gametype|doubles\n|player|p1|DimensionalFool|169|1460\n|player|p2|meadwag|steven|1490\n|gen|9\n|tier|[Gen 9 Champions] VGC 2026 Reg M-A\n|rated|\n|rule|Species Clause: Limit one of each Pok\u00e9mon\n|rule|Item Clause: Limit 1 of each item\n|clearpoke\n|poke|p1|Pelipper, L50, F|\n|poke|p1|Kingambit, L50, F|\n|poke|p1|Corviknight, L50, M|\n|poke|p1|Scovillain, L50, M|\n|poke|p1|Sneasler, L50, M|\n|poke|p1|Basculegion, L50, M|\n|poke|p2|Charizard, L50, M|\n|poke|p2|Venusaur, L50, M|\n|poke|p2|Rotom-Wash, L50|\n|poke|p2|Garchomp, L50, M|\n|poke|p2|Aegislash, L50, F|\n|poke|p2|Sneasler, L50, F|\n|teampreview|4\n|inactive|Battle timer is ON: inactive players will automatically lose when time's up. (requested by DimensionalFool)\nDimensionalFool rejected open team sheets.\n|j| p3elz\n|l| p3elz\n|inactive|DimensionalFool has 60 seconds left.\n|inactive|meadwag has 60 seconds left.\n|\n|t:|1776547681\n|teamsize|p1|4\n|teamsize|p2|4\n|start\n|switch|p1a: Pelipper|Pelipper, L50, F|100/100\n|switch|p1b: Basculegion|Basculegion, L50, M|100/100\n|switch|p2a: Charizard|Charizard, L50, M|100/100\n|switch|p2b: Sneasler|Sneasler, L50, F|100/100\n|-weather|RainDance|[from] ability: Drizzle|[of] p1a: Pelipper\n|turn|1\n|\n|t:|1776547696\n|switch|p1a: Scovillain|Scovillain, L50, M|100/100\n|detailschange|p2a: Charizard|Charizard-Mega-Y, L50, M\n|-mega|p2a: Charizard|Charizard|Charizardite Y\n|-weather|SunnyDay|[from] ability: Drought|[of] p2a: Charizard\n|move|p2a: Charizard|Protect|p2a: Charizard\n|-singleturn|p2a: Charizard|Protect\n|move|p1b: Basculegion|Flip Turn|p2b: Sneasler\n|-damage|p2b: Sneasler|68/100\n|\n|t:|1776547705\n|switch|p1b: Pelipper|Pelipper, L50, F|100/100|[from] Flip Turn\n|-weather|RainDance|[from] ability: Drizzle|[of] p1b: Pelipper\n|move|p2b: Sneasler|Rock Tomb|p1b: Pelipper\n|-supereffective|p1b: Pelipper|1\n|-damage|p1b: Pelipper|41/100\n|-unboost|p1b: Pelipper|spe|1\n|\n|-weather|RainDance|[upkeep]\n|-ability|p1a: Scovillain|Moody|boost\n|-boost|p1a: Scovillain|atk|2\n|-unboost|p1a: Scovillain|spe|1\n|upkeep\n|turn|2\n|\n|t:|1776547727\n|switch|p2a: Rotom|Rotom-Wash, L50|100/100\n|move|p1a: Scovillain|Rage Powder|p1a: Scovillain\n|-singleturn|p1a: Scovillain|move: Rage Powder\n|move|p2b: Sneasler|Dire Claw|p1a: Scovillain\n|-supereffective|p1a: Scovillain|1\n|-damage|p1a: Scovillain|17/100\n|move|p1b: Pelipper|Tailwind|p1b: Pelipper\n|-sidestart|p1: DimensionalFool|move: Tailwind\n|\n|-weather|RainDance|[upkeep]\n|-ability|p1a: Scovillain|Moody|boost\n|-boost|p1a: Scovillain|spe|2\n|-unboost|p1a: Scovillain|atk|1\n|upkeep\n|turn|3\n|\n|t:|1776547755\n|detailschange|p1a: Scovillain|Scovillain-Mega, L50, M\n|-mega|p1a: Scovillain|Scovillain|Scovillainite\n|move|p2a: Rotom|Protect|p2a: Rotom\n|-singleturn|p2a: Rotom|Protect\n|move|p1a: Scovillain|Leaf Storm|p2a: Rotom\n|-activate|p2a: Rotom|move: Protect\n|move|p2b: Sneasler|Dire Claw|p1a: Scovillain\n|-supereffective|p1a: Scovillain|1\n|-damage|p1a: Scovillain|0 fnt\n|-status|p2b: Sneasler|brn|[from] ability: Spicy Spray|[of] p1a: Scovillain\n|faint|p1a: Scovillain\n|move|p1b: Pelipper|Hurricane|p2b: Sneasler\n|-supereffective|p2b: Sneasler|1\n|-damage|p2b: Sneasler|0 fnt\n|faint|p2b: Sneasler\n|\n|-weather|RainDance|[upkeep]\n|upkeep\n|\n|t:|1776547766\n|switch|p2b: Charizard|Charizard-Mega-Y, L50, M|100/100\n|switch|p1a: Basculegion|Basculegion, L50, M|100/100\n|-weather|SunnyDay|[from] ability: Drought|[of] p2b: Charizard\n|turn|4\n|\n|t:|1776547779\n|switch|p2b: Aegislash|Aegislash, L50, F|100/100\n|move|p1a: Basculegion|Last Respects|p2a: Rotom\n|-damage|p2a: Rotom|36/100\n|-enditem|p2a: Rotom|Sitrus Berry|[eat]\n|-heal|p2a: Rotom|60/100|[from] item: Sitrus Berry\n|move|p1b: Pelipper|Weather Ball|p2a: Rotom\n|-resisted|p2a: Rotom|1\n|-damage|p2a: Rotom|46/100\n|move|p2a: Rotom|Thunderbolt|p1a: Basculegion\n|-supereffective|p1a: Basculegion|1\n|-damage|p1a: Basculegion|29/100\n|\n|-weather|SunnyDay|[upkeep]\n|upkeep\n|turn|5\n|inactive|meadwag has 30 seconds left.\n|inactive|meadwag has 20 seconds left.\n|\n|t:|1776547816\n|switch|p1a: Corviknight|Corviknight, L50, M|100/100\n|move|p1b: Pelipper|Weather Ball|p2b: Aegislash\n|-supereffective|p2b: Aegislash|1\n|-damage|p2b: Aegislash|35/100\n|move|p2a: Rotom|Thunderbolt|p1a: Corviknight\n|-supereffective|p1a: Corviknight|1\n|-damage|p1a: Corviknight|54/100\n|-formechange|p2b: Aegislash|Aegislash-Blade|\n|move|p2b: Aegislash|Shadow Ball|p1a: Corviknight\n|-damage|p1a: Corviknight|17/100\n|-ability|p1a: Corviknight|Mirror Armor\n|-unboost|p2b: Aegislash|spd|1\n|\n|-weather|SunnyDay|[upkeep]\n|-heal|p1a: Corviknight|23/100|[from] item: Leftovers\n|-heal|p2b: Aegislash|41/100|[from] item: Leftovers\n|-sideend|p1: DimensionalFool|move: Tailwind\n|upkeep\n|turn|6\n|\n|t:|1776547841\n|switch|p1b: Basculegion|Basculegion, L50, M|29/100\n|move|p2a: Rotom|Thunderbolt|p1b: Basculegion\n|-supereffective|p1b: Basculegion|1\n|-damage|p1b: Basculegion|0 fnt\n|faint|p1b: Basculegion\n|move|p1a: Corviknight|Body Press|p2a: Rotom\n|-damage|p2a: Rotom|25/100\n|move|p2b: Aegislash|Substitute|p2b: Aegislash\n|-start|p2b: Aegislash|Substitute\n|-damage|p2b: Aegislash|16/100\n|\n|-weather|SunnyDay|[upkeep]\n|-heal|p1a: Corviknight|29/100|[from] item: Leftovers\n|-heal|p2b: Aegislash|22/100|[from] item: Leftovers\n|upkeep\n|\n|t:|1776547846\n|switch|p1b: Pelipper|Pelipper, L50, F|41/100\n|-weather|RainDance|[from] ability: Drizzle|[of] p1b: Pelipper\n|turn|7\n|\n|t:|1776547863\n|-formechange|p2b: Aegislash|Aegislash|\n|move|p2b: Aegislash|King's Shield|p2b: Aegislash\n|-singleturn|p2b: Aegislash|Protect\n|move|p1b: Pelipper|Weather Ball|p2b: Aegislash\n|-activate|p2b: Aegislash|move: Protect\n|move|p2a: Rotom|Thunderbolt|p1b: Pelipper\n|-supereffective|p1b: Pelipper|2\n|-damage|p1b: Pelipper|0 fnt\n|faint|p1b: Pelipper\n|move|p1a: Corviknight|Brave Bird|p2b: Aegislash\n|-activate|p2b: Aegislash|move: Protect\n|-ability|p1a: Corviknight|Mirror Armor\n|-unboost|p2b: Aegislash|atk|1\n|\n|-weather|RainDance|[upkeep]\n|-heal|p1a: Corviknight|35/100|[from] item: Leftovers\n|-heal|p2b: Aegislash|28/100|[from] item: Leftovers\n|upkeep\n|turn|8\n|-message|DimensionalFool forfeited.\n|\n|win|meadwag\n|raw|DimensionalFool's rating: 1460 &rarr; <strong>1442</strong><br />(-18 for losing)\n|raw|meadwag's rating: 1490 &rarr; <strong>1508</strong><br />(+18 for winning)\n|l|\u2606DimensionalFool\n|player|p1|\n|l|\u2606meadwag\n|player|p2|\n",
  "uploadtime": 1776547889,
  "views": 21,
  "formatid": "gen9championsvgc2026regma",
  "rating": 1442,
  "private": 0,
  "password": null
}