{
  "id": "gen9championsvgc2026regma-2584726486",
  "format": "[Gen 9 Champions] VGC 2026 Reg M-A",
  "players": [
    "jukesstyle",
    "katysub"
  ],
  "log": "|j|\u2606jukesstyle\n|j|\u2606katysub\n|t:|1776279361\n|gametype|doubles\n|player|p1|jukesstyle|265|1053\n|player|p2|katysub|lass-gen4|1087\n|gen|9\n|tier|[Gen 9 Champions] VGC 2026 Reg M-A\n|rated|\n|rule|Species Clause: Limit one of each Pok\u00e9mon\n|rule|Item Clause: Limit 1 of each item\n|clearpoke\n|poke|p1|Alakazam, L50, F|\n|poke|p1|Weavile, L50, M|\n|poke|p1|Maushold, L50|\n|poke|p1|Incineroar, L50, F|\n|poke|p1|Rotom-Wash, L50|\n|poke|p1|Basculegion, L50, M|\n|poke|p2|Gardevoir, L50, F|\n|poke|p2|Aerodactyl, L50, M|\n|poke|p2|Incineroar, L50, M|\n|poke|p2|Rotom-Wash, L50|\n|poke|p2|Sinistcha, L50|\n|poke|p2|Garchomp, L50, F|\n|teampreview|4\n|inactive|Battle timer is ON: inactive players will automatically lose when time's up. (requested by jukesstyle)\n|\n|t:|1776279394\n|teamsize|p1|4\n|teamsize|p2|4\n|start\n|switch|p1a: Alakazam|Alakazam, L50, F|100/100\n|switch|p1b: Weavile|Weavile, L50, M|100/100\n|switch|p2a: Aerodactyl|Aerodactyl, L50, M|100/100\n|switch|p2b: Incineroar|Incineroar, L50, M|100/100\n|-ability|p2a: Aerodactyl|Unnerve\n|-ability|p2b: Incineroar|Intimidate|boost\n|-unboost|p1a: Alakazam|atk|1\n|-unboost|p1b: Weavile|atk|1\n|turn|1\n|inactive|jukesstyle has 30 seconds left.\n|\n|t:|1776279420\n|detailschange|p1a: Alakazam|Alakazam-Mega, L50, F\n|-mega|p1a: Alakazam|Alakazam|Alakazite\n|-ability|p1a: Alakazam|Unnerve|Trace|[from] ability: Trace|[of] p2a: Aerodactyl\n|-ability|p1a: Alakazam|Unnerve\n|move|p1b: Weavile|Fake Out|p2b: Incineroar\n|-damage|p2b: Incineroar|92/100\n|cant|p2b: Incineroar|flinch\n|move|p1a: Alakazam|Nasty Plot|p1a: Alakazam\n|-boost|p1a: Alakazam|spa|2\n|move|p2a: Aerodactyl|Tailwind|p2a: Aerodactyl\n|-sidestart|p2: katysub|move: Tailwind\n|\n|upkeep\n|turn|2\n|\n|t:|1776279442\n|switch|p1b: Incineroar|Incineroar, L50, F|100/100\n|-ability|p1b: Incineroar|Intimidate|boost\n|-unboost|p2a: Aerodactyl|atk|1\n|-unboost|p2b: Incineroar|atk|1\n|move|p1a: Alakazam|Protect|p1a: Alakazam\n|-singleturn|p1a: Alakazam|Protect\n|move|p2a: Aerodactyl|Rock Slide|p1b: Incineroar|[spread] p1b\n|-activate|p1a: Alakazam|move: Protect\n|-supereffective|p1b: Incineroar|1\n|-damage|p1b: Incineroar|71/100\n|move|p2b: Incineroar|Darkest Lariat|p1a: Alakazam\n|-activate|p1a: Alakazam|move: Protect\n|\n|upkeep\n|turn|3\n|\n|t:|1776279465\n|move|p2a: Aerodactyl|Protect|p2a: Aerodactyl\n|-singleturn|p2a: Aerodactyl|Protect\n|move|p1b: Incineroar|Fake Out|p2b: Incineroar\n|-damage|p2b: Incineroar|82/100\n|move|p1a: Alakazam|Dazzling Gleam|p2a: Aerodactyl|[spread] p2b\n|-activate|p2a: Aerodactyl|move: Protect\n|-damage|p2b: Incineroar|39/100\n|cant|p2b: Incineroar|flinch\n|\n|upkeep\n|turn|4\n|\n|t:|1776279488\n|move|p1a: Alakazam|Protect|p1a: Alakazam\n|-singleturn|p1a: Alakazam|Protect\n|move|p2a: Aerodactyl|Rock Slide|p1b: Incineroar|[spread] p1b\n|-activate|p1a: Alakazam|move: Protect\n|-supereffective|p1b: Incineroar|1\n|-damage|p1b: Incineroar|40/100\n|move|p2b: Incineroar|Darkest Lariat|p1a: Alakazam\n|-activate|p1a: Alakazam|move: Protect\n|move|p1b: Incineroar|Parting Shot|p2a: Aerodactyl\n|-unboost|p2a: Aerodactyl|atk|1\n|-unboost|p2a: Aerodactyl|spa|1\n|\n|t:|1776279501\n|switch|p1b: Weavile|Weavile, L50, M|100/100|[from] Parting Shot\n|\n|-sideend|p2: katysub|move: Tailwind\n|upkeep\n|turn|5\n|\n|t:|1776279516\n|switch|p2b: Sinistcha|Sinistcha, L50|100/100\n|move|p2a: Aerodactyl|Protect|p2a: Aerodactyl\n|-singleturn|p2a: Aerodactyl|Protect\n|move|p1a: Alakazam|Dazzling Gleam|p2a: Aerodactyl|[spread] p2b\n|-activate|p2a: Aerodactyl|move: Protect\n|-damage|p2b: Sinistcha|48/100\n|move|p1b: Weavile|Reflect|p1b: Weavile\n|-sidestart|p1: jukesstyle|Reflect\n|\n|-heal|p2b: Sinistcha|54/100|[from] item: Leftovers\n|upkeep\n|turn|6\n|\n|t:|1776279536\n|switch|p2a: Incineroar|Incineroar, L50, M|39/100\n|-ability|p2a: Incineroar|Intimidate|boost\n|-unboost|p1a: Alakazam|atk|1\n|-unboost|p1b: Weavile|atk|1\n|move|p1a: Alakazam|Dazzling Gleam|p2a: Incineroar|[spread] p2a,p2b\n|-damage|p2a: Incineroar|0 fnt\n|-damage|p2b: Sinistcha|4/100\n|faint|p2a: Incineroar\n|move|p1b: Weavile|Ice Spinner|p2b: Sinistcha\n|-supereffective|p2b: Sinistcha|1\n|-damage|p2b: Sinistcha|0 fnt\n|faint|p2b: Sinistcha\n|\n|upkeep\n|\n|t:|1776279546\n|switch|p2b: Aerodactyl|Aerodactyl, L50, M|100/100\n|switch|p2a: Gardevoir|Gardevoir, L50, F|100/100\n|-ability|p2b: Aerodactyl|Unnerve\n|-ability|p2a: Gardevoir|Pickpocket|Trace|[from] ability: Trace|[of] p1b: Weavile\n|turn|7\n|inactive|jukesstyle has 30 seconds left.\n|inactive|jukesstyle has 20 seconds left.\n|inactive|jukesstyle has 15 seconds left.\n|inactive|jukesstyle has 10 seconds left.\n|inactive|jukesstyle has 5 seconds left.\n|\n|t:|1776279601\n|detailschange|p2a: Gardevoir|Gardevoir-Mega, L50, F\n|-mega|p2a: Gardevoir|Gardevoir|Gardevoirite\n|move|p1a: Alakazam|Expanding Force|p2b: Aerodactyl\n|-enditem|p2b: Aerodactyl|Focus Sash\n|-damage|p2b: Aerodactyl|1/100\n|move|p2b: Aerodactyl|Tailwind|p2b: Aerodactyl\n|-sidestart|p2: katysub|move: Tailwind\n|move|p2a: Gardevoir|Hyper Voice|p1b: Weavile|[spread] p1a,p1b\n|-supereffective|p1b: Weavile|1\n|-damage|p1a: Alakazam|32/100\n|-enditem|p1b: Weavile|Focus Sash\n|-damage|p1b: Weavile|1/100\n|move|p1b: Weavile|Reflect||[still]\n|-fail|p1b: Weavile\n|\n|upkeep\n|turn|8\n|\n|t:|1776279625\n|switch|p1b: Incineroar|Incineroar, L50, F|40/100\n|-ability|p1b: Incineroar|Intimidate|boost\n|-unboost|p2a: Gardevoir|atk|1\n|-unboost|p2b: Aerodactyl|atk|1\n|move|p1a: Alakazam|Protect|p1a: Alakazam\n|-singleturn|p1a: Alakazam|Protect\n|move|p2b: Aerodactyl|Rock Slide|p1a: Alakazam|[spread] p1b\n|-activate|p1a: Alakazam|move: Protect\n|-supereffective|p1b: Incineroar|1\n|-damage|p1b: Incineroar|22/100\n|move|p2a: Gardevoir|Hyper Voice|p1a: Alakazam|[spread] p1b\n|-activate|p1a: Alakazam|move: Protect\n|-damage|p1b: Incineroar|0 fnt\n|faint|p1b: Incineroar\n|\n|upkeep\n|\n|t:|1776279642\n|switch|p1b: Weavile|Weavile, L50, M|1/100\n|turn|9\n|\n|t:|1776279666\n|switch|p1a: Maushold|Maushold, L50|100/100\n|move|p2b: Aerodactyl|Protect|p2b: Aerodactyl\n|-singleturn|p2b: Aerodactyl|Protect\n|move|p2a: Gardevoir|Protect|p2a: Gardevoir\n|-singleturn|p2a: Gardevoir|Protect\n|move|p1b: Weavile|Fake Out|p2b: Aerodactyl\n|-activate|p2b: Aerodactyl|move: Protect\n|\n|-sideend|p1: jukesstyle|Reflect\n|upkeep\n|turn|10\n|\n|t:|1776279684\n|move|p2b: Aerodactyl|Rock Slide|p1a: Maushold|[spread] p1a,p1b\n|-supereffective|p1b: Weavile|1\n|-damage|p1a: Maushold|84/100\n|-damage|p1b: Weavile|0 fnt\n|faint|p1b: Weavile\n|move|p2a: Gardevoir|Calm Mind|p2a: Gardevoir\n|-boost|p2a: Gardevoir|spa|1\n|-boost|p2a: Gardevoir|spd|1\n|move|p1a: Maushold|Super Fang|p2a: Gardevoir\n|-damage|p2a: Gardevoir|51/100\n|\n|-sideend|p2: katysub|move: Tailwind\n|upkeep\n|\n|t:|1776279697\n|switch|p1b: Alakazam|Alakazam-Mega, L50, F|32/100\n|-ability|p1b: Alakazam|Pixilate|Trace|[from] ability: Trace|[of] p2a: Gardevoir\n|turn|11\n|\n|t:|1776279720\n|move|p1a: Maushold|Follow Me|p1a: Maushold\n|-singleturn|p1a: Maushold|move: Follow Me\n|move|p1b: Alakazam|Dazzling Gleam|p2a: Gardevoir|[spread] p2a,p2b\n|-damage|p2a: Gardevoir|37/100\n|-damage|p2b: Aerodactyl|0 fnt\n|faint|p2b: Aerodactyl\n|move|p2a: Gardevoir|Hyper Voice|p1a: Maushold|[spread] p1a,p1b\n|-damage|p1a: Maushold|0 fnt\n|-damage|p1b: Alakazam|0 fnt\n|faint|p1a: Maushold\n|faint|p1b: Alakazam\n|\n|win|katysub\n|raw|jukesstyle's rating: 1053 &rarr; <strong>1037</strong><br />(-16 for losing)\n|raw|katysub's rating: 1087 &rarr; <strong>1111</strong><br />(+24 for winning)\n|l|\u2606jukesstyle\n|player|p1|\n",
  "uploadtime": 1776279733,
  "views": 20,
  "formatid": "gen9championsvgc2026regma",
  "rating": 1037,
  "private": 0,
  "password": null
}