{
  "id": "gen9championsvgc2026regma-2584028575",
  "format": "[Gen 9 Champions] VGC 2026 Reg M-A",
  "players": [
    "Cahna",
    "Possibly Human"
  ],
  "log": "|j|\u2606Cahna\n|j|\u2606Possibly Human\n|t:|1776218175\n|gametype|doubles\n|player|p1|Cahna|265|1000\n|player|p2|Possibly Human|caitlin|1000\n|gen|9\n|tier|[Gen 9 Champions] VGC 2026 Reg M-A\n|rated|\n|rule|Species Clause: Limit one of each Pok\u00e9mon\n|rule|Item Clause: Limit 1 of each item\n|clearpoke\n|poke|p1|Chimecho, L50, M|\n|poke|p1|Basculegion, L50, M|\n|poke|p1|Kingambit, L50, M|\n|poke|p1|Farigiraf, L50, F|\n|poke|p1|Torkoal, L50, M|\n|poke|p1|Mudsdale, L50, F|\n|poke|p2|Sableye, L50, M|\n|poke|p2|Farigiraf, L50, M|\n|poke|p2|Hydrapple, L50, M|\n|poke|p2|Aromatisse, L50, F|\n|poke|p2|Lopunny, L50, F|\n|poke|p2|Avalugg-Hisui, L50, F|\n|teampreview|4\n|\n|t:|1776218238\n|teamsize|p1|4\n|teamsize|p2|4\n|start\n|switch|p1a: Chimecho|Chimecho, L50, M|100/100\n|switch|p1b: Basculegion|Basculegion, L50, M|100/100\n|switch|p2a: Gemlin|Sableye, L50, M|100/100\n|switch|p2b: Avalugg|Avalugg-Hisui, L50, F|100/100\n|turn|1\n|\n|t:|1776218258\n|detailschange|p1a: Chimecho|Chimecho-Mega, L50, M\n|-mega|p1a: Chimecho|Chimecho|Chimechite\n|move|p2b: Avalugg|Protect|p2b: Avalugg\n|-singleturn|p2b: Avalugg|Protect\n|move|p1b: Basculegion|Wave Crash|p2a: Gemlin\n|-enditem|p2a: Gemlin|Focus Sash\n|-damage|p2a: Gemlin|1/100\n|-damage|p1b: Basculegion|75/100|[from] Recoil\n|move|p1a: Chimecho|Dazzling Gleam|p2b: Avalugg|[spread] p2a\n|-activate|p2b: Avalugg|move: Protect\n|-supereffective|p2a: Gemlin|1\n|-damage|p2a: Gemlin|0 fnt\n|faint|p2a: Gemlin\n|\n|upkeep\n|\n|t:|1776218274\n|switch|p2a: Hydrapple|Hydrapple, L50, M|100/100\n|-ability|p2a: Hydrapple|Supersweet Syrup\n|-unboost|p1a: Chimecho|evasion|1\n|-unboost|p1b: Basculegion|evasion|1\n|turn|2\n|\n|t:|1776218300\n|move|p1b: Basculegion|Wave Crash|p2b: Avalugg\n|-supereffective|p2b: Avalugg|1\n|-ability|p2b: Avalugg|Sturdy\n|-damage|p2b: Avalugg|1/100\n|-damage|p1b: Basculegion|46/100|[from] Recoil\n|move|p1a: Chimecho|Dazzling Gleam|p2a: Hydrapple|[spread] p2a,p2b\n|-supereffective|p2a: Hydrapple|1\n|-enditem|p2a: Hydrapple|Roseli Berry|[eat]\n|-enditem|p2a: Hydrapple|Roseli Berry|[weaken]\n|-damage|p2a: Hydrapple|79/100\n|-damage|p2b: Avalugg|0 fnt\n|faint|p2b: Avalugg\n|move|p2a: Hydrapple|Fickle Beam|p1b: Basculegion\n|-damage|p1b: Basculegion|0 fnt\n|faint|p1b: Basculegion\n|\n|upkeep\n|\n|t:|1776218314\n|switch|p1b: Mudsdale|Mudsdale, L50, F|100/100\n|switch|p2b: Lopunny|Lopunny, L50, F|100/100\n|turn|3\n|\n|t:|1776218329\n|detailschange|p2b: Lopunny|Lopunny-Mega, L50, F\n|-mega|p2b: Lopunny|Lopunny|Lopunnite\n|move|p1b: Mudsdale|Protect|p1b: Mudsdale\n|-singleturn|p1b: Mudsdale|Protect\n|move|p2b: Lopunny|Close Combat|p1a: Chimecho\n|-damage|p1a: Chimecho|53/100\n|-unboost|p2b: Lopunny|def|1\n|-unboost|p2b: Lopunny|spd|1\n|move|p2a: Hydrapple|Hydro Pump|p1b: Mudsdale\n|-activate|p1b: Mudsdale|move: Protect\n|move|p1a: Chimecho|Trick Room|p1a: Chimecho\n|-fieldstart|move: Trick Room|[of] p1a: Chimecho\n|\n|upkeep\n|turn|4\n|\n|t:|1776218352\n|move|p1b: Mudsdale|Earthquake|p2b: Lopunny|[spread] p2a,p2b\n|-immune|p1a: Chimecho|[from] ability: Levitate\n|-resisted|p2a: Hydrapple|1\n|-damage|p2a: Hydrapple|58/100\n|-damage|p2b: Lopunny|27/100\n|move|p2a: Hydrapple|Hydro Pump|p1b: Mudsdale\n|-supereffective|p1b: Mudsdale|1\n|-damage|p1b: Mudsdale|16/100\n|move|p1a: Chimecho|Dazzling Gleam|p2b: Lopunny|[spread] p2a,p2b\n|-supereffective|p2a: Hydrapple|1\n|-supereffective|p2b: Lopunny|1\n|-damage|p2a: Hydrapple|9/100\n|-damage|p2b: Lopunny|0 fnt\n|faint|p2b: Lopunny\n|\n|upkeep\n|turn|5\n|\n|t:|1776218368\n|move|p1b: Mudsdale|Earthquake|p2a: Hydrapple|[spread] p2a\n|-immune|p1a: Chimecho|[from] ability: Levitate\n|-resisted|p2a: Hydrapple|1\n|-damage|p2a: Hydrapple|0 fnt\n|faint|p2a: Hydrapple\n|\n|win|Cahna\n|raw|Cahna's rating: 1000 &rarr; <strong>1040</strong><br />(+40 for winning)\n|raw|Possibly Human's rating: 1000 &rarr; <strong>1000</strong><br />(+0 for losing)\n|l|\u2606Possibly Human\n|player|p2|\n",
  "uploadtime": 1776218377,
  "views": 18,
  "formatid": "gen9championsvgc2026regma",
  "rating": 1000,
  "private": 0,
  "password": null
}