{
  "id": "gen9championsvgc2026regma-2585446682",
  "format": "[Gen 9 Champions] VGC 2026 Reg M-A",
  "players": [
    "eevee1ynn",
    "Rufinius"
  ],
  "log": "|j|\u2606eevee1ynn\n|j|\u2606Rufinius\n|t:|1776347879\n|gametype|doubles\n|player|p1|eevee1ynn|unknownf|1314\n|player|p2|Rufinius|swimmer-gen4|1398\n|gen|9\n|tier|[Gen 9 Champions] VGC 2026 Reg M-A\n|rated|\n|rule|Species Clause: Limit one of each Pok\u00e9mon\n|rule|Item Clause: Limit 1 of each item\n|clearpoke\n|poke|p1|Delphox, L50, M|\n|poke|p1|Garchomp, L50, F|\n|poke|p1|Meowscarada, L50, F|\n|poke|p1|Aerodactyl, L50, M|\n|poke|p1|Gallade, L50, M|\n|poke|p1|Maushold, L50|\n|poke|p2|Charizard, L50, M|\n|poke|p2|Maushold, L50|\n|poke|p2|Sneasler, L50, F|\n|poke|p2|Dragapult, L50, F|\n|poke|p2|Kingambit, L50, F|\n|poke|p2|Garchomp, L50, F|\n|teampreview|4\n|\n|t:|1776347912\n|teamsize|p1|4\n|teamsize|p2|4\n|start\n|switch|p1a: Garchomp|Garchomp, L50, F|100/100\n|switch|p1b: Aerodactyl|Aerodactyl, L50, M|100/100\n|switch|p2a: Sneasler|Sneasler, L50, F|100/100\n|switch|p2b: Garchomp|Garchomp, L50, F|100/100\n|-ability|p1b: Aerodactyl|Unnerve\n|turn|1\n|\n|t:|1776347934\n|move|p1b: Aerodactyl|Protect|p1b: Aerodactyl\n|-singleturn|p1b: Aerodactyl|Protect\n|move|p2a: Sneasler|Fake Out|p1b: Aerodactyl\n|-activate|p1b: Aerodactyl|move: Protect\n|move|p2b: Garchomp|Dragon Claw|p1a: Garchomp\n|-supereffective|p1a: Garchomp|1\n|-damage|p1a: Garchomp|16/100\n|-damage|p2b: Garchomp|88/100|[from] ability: Rough Skin|[of] p1a: Garchomp\n|move|p1a: Garchomp|Swords Dance|p1a: Garchomp\n|-boost|p1a: Garchomp|atk|2\n|\n|upkeep\n|turn|2\n|\n|t:|1776347965\n|switch|p2a: Kingambit|Kingambit, L50, F|100/100\n|move|p1a: Garchomp|Protect|p1a: Garchomp\n|-singleturn|p1a: Garchomp|Protect\n|move|p2b: Garchomp|Dragon Claw|p1a: Garchomp\n|-activate|p1a: Garchomp|move: Protect\n|move|p1b: Aerodactyl|Tailwind|p1b: Aerodactyl\n|-sidestart|p1: eevee1ynn|move: Tailwind\n|\n|upkeep\n|turn|3\n|\n|t:|1776347989\n|switch|p1a: Maushold|Maushold, L50|100/100\n|move|p2a: Kingambit|Sucker Punch||[still]\n|-fail|p2a: Kingambit\n|move|p1b: Aerodactyl|Rock Slide|p2b: Garchomp|[spread] p2a,p2b\n|-resisted|p2a: Kingambit|1\n|-resisted|p2b: Garchomp|1\n|-damage|p2a: Kingambit|91/100\n|-damage|p2b: Garchomp|76/100\n|move|p2b: Garchomp|Dragon Claw|p1b: Aerodactyl\n|-damage|p1b: Aerodactyl|42/100\n|\n|upkeep\n|turn|4\n|\n|t:|1776348021\n|switch|p1b: Delphox|Delphox, L50, M|100/100\n|move|p1a: Maushold|Encore|p2a: Kingambit\n|-start|p2a: Kingambit|Encore\n|move|p2a: Kingambit|Sucker Punch||[still]\n|-fail|p2a: Kingambit\n|move|p2b: Garchomp|Dragon Claw|p1b: Delphox\n|-crit|p1b: Delphox\n|-damage|p1b: Delphox|21/100\n|\n|upkeep\n|turn|5\n|\n|t:|1776348052\n|detailschange|p1b: Delphox|Delphox-Mega, L50, M\n|-mega|p1b: Delphox|Delphox|Delphoxite\n|move|p1a: Maushold|Follow Me|p1a: Maushold\n|-singleturn|p1a: Maushold|move: Follow Me\n|move|p2a: Kingambit|Sucker Punch||[still]\n|-fail|p2a: Kingambit\n|move|p1b: Delphox|Heat Wave|p2b: Garchomp|[spread] p2a,p2b\n|-supereffective|p2a: Kingambit|1\n|-resisted|p2b: Garchomp|1\n|-damage|p2a: Kingambit|6/100\n|-damage|p2b: Garchomp|51/100\n|move|p2b: Garchomp|Dragon Claw|p1a: Maushold\n|-damage|p1a: Maushold|46/100\n|-enditem|p1a: Maushold|Sitrus Berry|[eat]\n|-heal|p1a: Maushold|71/100|[from] item: Sitrus Berry\n|\n|-sideend|p1: eevee1ynn|move: Tailwind\n|upkeep\n|turn|6\n|\n|t:|1776348092\n|switch|p2a: Sneasler|Sneasler, L50, F|100/100\n|move|p1a: Maushold|Follow Me|p1a: Maushold\n|-singleturn|p1a: Maushold|move: Follow Me\n|move|p2b: Garchomp|Dragon Claw|p1a: Maushold\n|-damage|p1a: Maushold|16/100\n|move|p1b: Delphox|Heat Wave|p2a: Sneasler|[spread] p2a,p2b\n|-resisted|p2b: Garchomp|1\n|-damage|p2a: Sneasler|41/100\n|-damage|p2b: Garchomp|29/100\n|-status|p2a: Sneasler|brn\n|\n|-damage|p2a: Sneasler|36/100 brn|[from] brn\n|upkeep\n|turn|7\n|\n|t:|1776348126\n|switch|p1a: Garchomp|Garchomp, L50, F|16/100\n|move|p1b: Delphox|Protect|p1b: Delphox\n|-singleturn|p1b: Delphox|Protect\n|move|p2a: Sneasler|Feint|p1b: Delphox\n|-activate|p1b: Delphox|move: Feint\n|-damage|p1b: Delphox|12/100\n|move|p2b: Garchomp|Dragon Claw|p1a: Garchomp\n|-supereffective|p1a: Garchomp|1\n|-damage|p1a: Garchomp|0 fnt\n|-damage|p2b: Garchomp|16/100|[from] ability: Rough Skin|[of] p1a: Garchomp\n|faint|p1a: Garchomp\n|\n|-damage|p2a: Sneasler|30/100 brn|[from] brn\n|upkeep\n|\n|t:|1776348140\n|switch|p1a: Maushold|Maushold, L50|16/100\n|turn|8\n|\n|t:|1776348152\n|move|p1a: Maushold|Follow Me|p1a: Maushold\n|-singleturn|p1a: Maushold|move: Follow Me\n|move|p2b: Garchomp|Dragon Claw|p1a: Maushold\n|-damage|p1a: Maushold|0 fnt\n|faint|p1a: Maushold\n|move|p1b: Delphox|Heat Wave|p2a: Sneasler|[spread] p2a,p2b\n|-resisted|p2b: Garchomp|1\n|-damage|p2a: Sneasler|0 fnt\n|-damage|p2b: Garchomp|0 fnt\n|faint|p2a: Sneasler\n|faint|p2b: Garchomp\n|\n|upkeep\n|\n|t:|1776348161\n|switch|p2a: Kingambit|Kingambit, L50, F|6/100\n|switch|p1a: Aerodactyl|Aerodactyl, L50, M|42/100\n|switch|p2b: Charizard|Charizard, L50, M, shiny|100/100\n|-ability|p1a: Aerodactyl|Unnerve\n|turn|9\n|\n|t:|1776348191\n|move|p1b: Delphox|Protect|p1b: Delphox\n|-singleturn|p1b: Delphox|Protect\n|move|p1a: Aerodactyl|Protect|p1a: Aerodactyl\n|-singleturn|p1a: Aerodactyl|Protect\n|move|p2b: Charizard|Protect|p2b: Charizard\n|-singleturn|p2b: Charizard|Protect\n|move|p2a: Kingambit|Sucker Punch||[still]\n|-fail|p2a: Kingambit\n|\n|upkeep\n|turn|10\n|\n|t:|1776348214\n|detailschange|p2b: Charizard|Charizard-Mega-Y, L50, M, shiny\n|-mega|p2b: Charizard|Charizard|Charizardite Y\n|-weather|SunnyDay|[from] ability: Drought|[of] p2b: Charizard\n|move|p2a: Kingambit|Sucker Punch|p1b: Delphox\n|-supereffective|p1b: Delphox|1\n|-damage|p1b: Delphox|0 fnt\n|faint|p1b: Delphox\n|move|p1a: Aerodactyl|Rock Slide|p2a: Kingambit|[spread] p2a,p2b\n|-resisted|p2a: Kingambit|1\n|-supereffective|p2b: Charizard|2\n|-damage|p2a: Kingambit|0 fnt\n|-damage|p2b: Charizard|0 fnt\n|faint|p2a: Kingambit\n|faint|p2b: Charizard\n|\n|win|eevee1ynn\n|raw|eevee1ynn's rating: 1314 &rarr; <strong>1339</strong><br />(+25 for winning)\n|raw|Rufinius's rating: 1398 &rarr; <strong>1373</strong><br />(-25 for losing)\n",
  "uploadtime": 1776348215,
  "views": 30,
  "formatid": "gen9championsvgc2026regma",
  "rating": 1339,
  "private": 0,
  "password": null
}