{
  "id": "gen9championsvgc2026regma-2587400767",
  "format": "[Gen 9 Champions] VGC 2026 Reg M-A",
  "players": [
    "wlg123123",
    "DrizzleSwim"
  ],
  "log": "|j|\u2606wlg123123\n|j|\u2606DrizzleSwim\n|t:|1776528714\n|gametype|doubles\n|player|p1|wlg123123|1|1293\n|player|p2|DrizzleSwim|170|1286\n|gen|9\n|tier|[Gen 9 Champions] VGC 2026 Reg M-A\n|rated|\n|rule|Species Clause: Limit one of each Pok\u00e9mon\n|rule|Item Clause: Limit 1 of each item\n|clearpoke\n|poke|p1|Greninja, L50, M|\n|poke|p1|Pelipper, L50, F|\n|poke|p1|Ninetales-Alola, L50, M|\n|poke|p1|Sneasler, L50, F|\n|poke|p1|Incineroar, L50, F|\n|poke|p1|Garchomp, L50, F|\n|poke|p2|Camerupt, L50, M|\n|poke|p2|Farigiraf, L50, M|\n|poke|p2|Sinistcha-Masterpiece, L50|\n|poke|p2|Clawitzer, L50, F|\n|poke|p2|Torkoal, L50, F|\n|poke|p2|Hatterene, L50, F|\n|teampreview|4\n|inactive|Battle timer is ON: inactive players will automatically lose when time's up. (requested by DrizzleSwim)\n|inactive|wlg123123 has 60 seconds left.\n|inactive|DrizzleSwim has 60 seconds left.\n|inactive|wlg123123 has 30 seconds left.\n|\n|t:|1776528774\n|teamsize|p1|4\n|teamsize|p2|4\n|start\n|switch|p1a: Greninja|Greninja, L50, M|100/100\n|switch|p1b: Sneasler|Sneasler, L50, F|100/100\n|switch|p2a: Farigiraf|Farigiraf, L50, M|100/100\n|switch|p2b: Hatterene|Hatterene, L50, F|100/100\n|turn|1\n|\n|t:|1776528790\n|detailschange|p1a: Greninja|Greninja-Mega, L50, M\n|-mega|p1a: Greninja|Greninja|Greninjite\n|move|p1a: Greninja|Low Kick|p2a: Farigiraf\n|-start|p1a: Greninja|typechange|Fighting|[from] ability: Protean\n|-damage|p2a: Farigiraf|61/100\n|move|p1b: Sneasler|Close Combat|p2a: Farigiraf\n|-damage|p2a: Farigiraf|16/100\n|-unboost|p1b: Sneasler|def|1\n|-unboost|p1b: Sneasler|spd|1\n|-enditem|p1b: Sneasler|White Herb\n|-clearnegativeboost|p1b: Sneasler|[silent]\n|move|p2b: Hatterene|Psychic Terrain|p2b: Hatterene\n|-fieldstart|move: Psychic Terrain\n|move|p2a: Farigiraf|Trick Room|p2a: Farigiraf\n|-fieldstart|move: Trick Room|[of] p2a: Farigiraf\n|\n|upkeep\n|turn|2\n|\n|t:|1776528807\n|switch|p1b: Incineroar|Incineroar, L50, F|100/100\n|-ability|p1b: Incineroar|Intimidate|boost\n|-unboost|p2a: Farigiraf|atk|1\n|-unboost|p2b: Hatterene|atk|1\n|move|p1a: Greninja|Protect|p1a: Greninja\n|-singleturn|p1a: Greninja|Protect\n|move|p2b: Hatterene|Expanding Force|p1b: Incineroar|[spread] \n|-activate|p1a: Greninja|move: Protect\n|-immune|p1b: Incineroar\n|move|p2a: Farigiraf|Hyper Voice|p1a: Greninja|[spread] p1b\n|-activate|p1a: Greninja|move: Protect\n|-damage|p1b: Incineroar|78/100\n|\n|upkeep\n|turn|3\n|\n|t:|1776528830\n|switch|p2b: Camerupt|Camerupt, L50, M|100/100\n|switch|p1a: Pelipper|Pelipper, L50, F|100/100\n|-weather|RainDance|[from] ability: Drizzle|[of] p1a: Pelipper\n|move|p2a: Farigiraf|Imprison|p2a: Farigiraf\n|-start|p2a: Farigiraf|move: Imprison\n|move|p1b: Incineroar|Darkest Lariat|p2a: Farigiraf\n|-supereffective|p2a: Farigiraf|1\n|-damage|p2a: Farigiraf|0 fnt\n|faint|p2a: Farigiraf\n|\n|-weather|RainDance|[upkeep]\n|upkeep\n|\n|t:|1776528842\n|switch|p2a: Clawitzer|Clawitzer, L50, F|100/100\n|turn|4\n|\n|t:|1776528860\n|detailschange|p2b: Camerupt|Camerupt-Mega, L50, M\n|-mega|p2b: Camerupt|Camerupt|Cameruptite\n|move|p1a: Pelipper|Wide Guard|p1a: Pelipper\n|-singleturn|p1a: Pelipper|Wide Guard\n|move|p2b: Camerupt|Earth Power|p1b: Incineroar\n|-supereffective|p1b: Incineroar|1\n|-damage|p1b: Incineroar|0 fnt\n|faint|p1b: Incineroar\n|move|p2a: Clawitzer|Water Pulse|p1a: Pelipper\n|-resisted|p1a: Pelipper|1\n|-damage|p1a: Pelipper|38/100\n|\n|-weather|RainDance|[upkeep]\n|upkeep\n|\n|t:|1776528869\n|switch|p1b: Sneasler|Sneasler, L50, F|100/100\n|turn|5\n|inactive|DrizzleSwim has 30 seconds left.\n|\n|t:|1776528901\n|move|p1b: Sneasler|Fake Out|p2a: Clawitzer\n|-activate|p2a: Clawitzer|move: Psychic Terrain\n|move|p2b: Camerupt|Earth Power|p1b: Sneasler\n|-supereffective|p1b: Sneasler|1\n|-damage|p1b: Sneasler|0 fnt\n|faint|p1b: Sneasler\n|move|p2a: Clawitzer|Dragon Pulse|p1a: Pelipper\n|-damage|p1a: Pelipper|0 fnt\n|faint|p1a: Pelipper\n|\n|-weather|RainDance|[upkeep]\n|-fieldend|move: Trick Room\n|-fieldend|move: Psychic Terrain\n|upkeep\n|\n|t:|1776528912\n|switch|p1b: Greninja|Greninja-Mega, L50, M|100/100\n|turn|6\n|-message|wlg123123 forfeited.\n|\n|win|DrizzleSwim\n|raw|wlg123123's rating: 1293 &rarr; <strong>1267</strong><br />(-26 for losing)\n|raw|DrizzleSwim's rating: 1286 &rarr; <strong>1312</strong><br />(+26 for winning)\n|l|\u2606wlg123123\n|player|p1|\n",
  "uploadtime": 1776528919,
  "views": 25,
  "formatid": "gen9championsvgc2026regma",
  "rating": 1267,
  "private": 0,
  "password": null
}