{
  "id": "gen9championsvgc2026regma-2587640953",
  "format": "[Gen 9 Champions] VGC 2026 Reg M-A",
  "players": [
    "Despotia",
    "Javyyn"
  ],
  "log": "|j|\u2606Despotia\n|j|\u2606Javyyn\n|t:|1776549540\n|gametype|doubles\n|player|p1|Despotia|rainbowrocketgruntf|1266\n|player|p2|Javyyn|102|1298\n|gen|9\n|tier|[Gen 9 Champions] VGC 2026 Reg M-A\n|rated|\n|rule|Species Clause: Limit one of each Pok\u00e9mon\n|rule|Item Clause: Limit 1 of each item\n|clearpoke\n|poke|p1|Gengar, L50, M|\n|poke|p1|Incineroar, L50, F|\n|poke|p1|Floette-Eternal, L50, F|\n|poke|p1|Sinistcha-Masterpiece, L50|\n|poke|p1|Sneasler, L50, M|\n|poke|p1|Talonflame, L50, M|\n|poke|p2|Floette-Eternal, L50, F|\n|poke|p2|Garchomp, L50, F, shiny|\n|poke|p2|Kingambit, L50, M, shiny|\n|poke|p2|Basculegion, L50, M, shiny|\n|poke|p2|Sneasler, L50, F, shiny|\n|poke|p2|Froslass, L50, F, shiny|\n|teampreview|4\n|inactive|Battle timer is ON: inactive players will automatically lose when time's up. (requested by Despotia)\nDespotia has agreed to open team sheets.\n|c|\u2606Despotia|hf\n|inactive|Javyyn has 60 seconds left.\n|\n|t:|1776549588\n|teamsize|p1|4\n|teamsize|p2|4\n|start\n|switch|p1a: Gengar|Gengar, L50, M|100/100\n|switch|p1b: Sneasler|Sneasler, L50, M|100/100\n|switch|p2a: Sneasler|Sneasler, L50, F, shiny|100/100\n|switch|p2b: Froslass|Froslass, L50, F, shiny|100/100\n|turn|1\n|c|\u2606Javyyn|hf\n|inactive|Javyyn has 30 seconds left.\n|inactive|Despotia has 30 seconds left.\n|inactive|Javyyn has 20 seconds left.\n|inactive|Javyyn has 15 seconds left.\n|\n|t:|1776549631\n|switch|p1a: Incineroar|Incineroar, L50, F|100/100\n|-ability|p1a: Incineroar|Intimidate|boost\n|-unboost|p2a: Sneasler|atk|1\n|-unboost|p2b: Froslass|atk|1\n|switch|p2a: Kingambit|Kingambit, L50, M, shiny|100/100\n|detailschange|p2b: Froslass|Froslass-Mega, L50, F, shiny\n|-mega|p2b: Froslass|Froslass|Froslassite\n|-weather|Snowscape|[from] ability: Snow Warning|[of] p2b: Froslass\n|move|p1b: Sneasler|Rock Slide|p2a: Kingambit|[spread] p2a,p2b\n|-resisted|p2a: Kingambit|1\n|-supereffective|p2b: Froslass|1\n|-damage|p2a: Kingambit|93/100\n|-damage|p2b: Froslass|62/100\n|move|p2b: Froslass|Substitute|p2b: Froslass\n|-start|p2b: Froslass|Substitute\n|-damage|p2b: Froslass|37/100\n|\n|-weather|Snowscape|[upkeep]\n|upkeep\n|turn|2\n|inactive|Javyyn has 30 seconds left.\n|\n|t:|1776549658\n|move|p2a: Kingambit|Sucker Punch|p1b: Sneasler\n|-resisted|p1b: Sneasler|1\n|-damage|p1b: Sneasler|66/100\n|move|p1b: Sneasler|Close Combat|p2a: Kingambit\n|-supereffective|p2a: Kingambit|2\n|-enditem|p2a: Kingambit|Chople Berry|[eat]\n|-enditem|p2a: Kingambit|Chople Berry|[weaken]\n|-damage|p2a: Kingambit|0 fnt\n|-unboost|p1b: Sneasler|def|1\n|-unboost|p1b: Sneasler|spd|1\n|faint|p2a: Kingambit\n|move|p2b: Froslass|Blizzard|p1a: Incineroar|[spread] p1a,p1b\n|-resisted|p1a: Incineroar|1\n|-crit|p1a: Incineroar\n|-damage|p1a: Incineroar|74/100\n|-damage|p1b: Sneasler|0 fnt\n|faint|p1b: Sneasler\n|move|p1a: Incineroar|Roar|p2b: Froslass\n|drag|p2b: Sneasler|Sneasler, L50, F, shiny|100/100\n|\n|-weather|Snowscape|[upkeep]\n|upkeep\n|c|\u2606Javyyn|what the fck\n|inactive|Javyyn has 30 seconds left.\n|\n|t:|1776549686\n|switch|p1b: Gengar|Gengar, L50, M|100/100\n|switch|p2a: Froslass|Froslass-Mega, L50, F, shiny|37/100\n|turn|3\n|\n|t:|1776549702\n|detailschange|p1b: Gengar|Gengar-Mega, L50, M\n|-mega|p1b: Gengar|Gengar|Gengarite\n|move|p1b: Gengar|Protect|p1b: Gengar\n|-singleturn|p1b: Gengar|Protect\n|move|p2b: Sneasler|Fake Out|p1a: Incineroar\n|-damage|p1a: Incineroar|61/100\n|move|p2a: Froslass|Shadow Ball|p1b: Gengar\n|-activate|p1b: Gengar|move: Protect\n|cant|p1a: Incineroar|flinch\n|\n|-weather|Snowscape|[upkeep]\n|upkeep\n|turn|4\n|\n|t:|1776549723\n|switch|p1b: Floette|Floette-Eternal, L50, F|100/100\n|move|p2a: Froslass|Protect|p2a: Froslass\n|-singleturn|p2a: Froslass|Protect\n|move|p2b: Sneasler|Close Combat|p1a: Incineroar\n|-supereffective|p1a: Incineroar|1\n|-damage|p1a: Incineroar|0 fnt\n|-unboost|p2b: Sneasler|def|1\n|-unboost|p2b: Sneasler|spd|1\n|faint|p1a: Incineroar\n|\n|-weather|Snowscape|[upkeep]\n|upkeep\n|\n|t:|1776549729\n|switch|p1a: Gengar|Gengar-Mega, L50, M|100/100\n|turn|5\n|c|\u2606Javyyn|??\n|inactive|Despotia has 30 seconds left.\n|inactive|Despotia has 20 seconds left.\n|inactive|Despotia has 15 seconds left.\n|\n|t:|1776549771\n|move|p1a: Gengar|Shadow Ball|p2a: Froslass\n|-supereffective|p2a: Froslass|1\n|-damage|p2a: Froslass|0 fnt\n|faint|p2a: Froslass\n|move|p2b: Sneasler|Dire Claw|p1b: Floette\n|-supereffective|p1b: Floette|1\n|-damage|p1b: Floette|0 fnt\n|faint|p1b: Floette\n|\n|-weather|none\n|upkeep\n|\n|t:|1776549785\n|switch|p2a: Basculegion|Basculegion, L50, M, shiny|100/100\n|turn|6\n|\n|t:|1776549795\n|move|p2a: Basculegion|Protect|p2a: Basculegion\n|-singleturn|p2a: Basculegion|Protect\n|move|p1a: Gengar|Shadow Ball|p2a: Basculegion\n|-activate|p2a: Basculegion|move: Protect\n|move|p2b: Sneasler|Dire Claw|p1a: Gengar\n|-resisted|p1a: Gengar|2\n|-damage|p1a: Gengar|83/100\n|\n|upkeep\n|turn|7\n|\n|t:|1776549815\n|move|p2a: Basculegion|Aqua Jet|p1a: Gengar\n|-damage|p1a: Gengar|52/100\n|move|p1a: Gengar|Shadow Ball|p2a: Basculegion\n|-supereffective|p2a: Basculegion|1\n|-crit|p2a: Basculegion\n|-damage|p2a: Basculegion|0 fnt\n|faint|p2a: Basculegion\n|move|p2b: Sneasler|Dire Claw|p1a: Gengar\n|-resisted|p1a: Gengar|2\n|-damage|p1a: Gengar|33/100\n|\n|upkeep\n|turn|8\n|\n|t:|1776549840\n|move|p1a: Gengar|Sludge Bomb|p2b: Sneasler\n|-resisted|p2b: Sneasler|1\n|-damage|p2b: Sneasler|36/100\n|move|p2b: Sneasler|Dire Claw|p1a: Gengar\n|-resisted|p1a: Gengar|2\n|-damage|p1a: Gengar|15/100\n|\n|upkeep\n|turn|9\n|c|\u2606Despotia|gg\n|\n|t:|1776549854\n|move|p1a: Gengar|Shadow Ball|p2b: Sneasler\n|-damage|p2b: Sneasler|0 fnt\n|faint|p2b: Sneasler\n|\n|win|Despotia\n|raw|Despotia's rating: 1266 &rarr; <strong>1293</strong><br />(+27 for winning)\n|raw|Javyyn's rating: 1298 &rarr; <strong>1271</strong><br />(-27 for losing)\n|c|\u2606Javyyn|REALLY\n",
  "uploadtime": 1776549858,
  "views": 26,
  "formatid": "gen9championsvgc2026regma",
  "rating": 1271,
  "private": 0,
  "password": null
}