{
  "id": "gen9championsvgc2026regma-2582028377",
  "format": "[Gen 9 Champions] VGC 2026 Reg M-A",
  "players": [
    "mewten000",
    "toxapextoglory"
  ],
  "log": "|j|\u2606mewten000\n|j|\u2606toxapextoglory\n|t:|1776049803\n|gametype|doubles\n|player|p1|mewten000|169|1086\n|player|p2|toxapextoglory|2|1113\n|gen|9\n|tier|[Gen 9 Champions] VGC 2026 Reg M-A\n|rated|\n|rule|Species Clause: Limit one of each Pok\u00e9mon\n|rule|Item Clause: Limit 1 of each item\n|clearpoke\n|poke|p1|Sableye, L50, M|\n|poke|p1|Espathra, L50, F|\n|poke|p1|Floette-Eternal, L50, F|\n|poke|p1|Maushold-Four, L50|\n|poke|p1|Sinistcha, L50|\n|poke|p1|Kingambit, L50, M|\n|poke|p2|Sneasler, L50, M|\n|poke|p2|Kingambit, L50, F|\n|poke|p2|Froslass, L50, F|\n|poke|p2|Basculegion, L50, M|\n|poke|p2|Garchomp, L50, M|\n|poke|p2|Whimsicott, L50, F|\n|teampreview|4\n|\n|t:|1776049836\n|teamsize|p1|4\n|teamsize|p2|4\n|start\n|switch|p1a: Sableye|Sableye, L50, M|100/100\n|switch|p1b: Espathra|Espathra, L50, F|100/100\n|switch|p2a: Sneasler|Sneasler, L50, M|100/100\n|switch|p2b: Whimsicott|Whimsicott, L50, F|100/100\n|turn|1\n|\n|t:|1776049862\n|move|p1b: Espathra|Protect|p1b: Espathra\n|-singleturn|p1b: Espathra|Protect\n|move|p2a: Sneasler|Fake Out|p1b: Espathra\n|-activate|p1b: Espathra|move: Protect\n|move|p1a: Sableye|Disable||[still]\n|-fail|p1a: Sableye\n|move|p2b: Whimsicott|Moonblast|p1a: Sableye\n|-supereffective|p1a: Sableye|1\n|-damage|p1a: Sableye|24/100\n|-unboost|p1a: Sableye|spa|1\n|-enditem|p1a: Sableye|Sitrus Berry|[eat]\n|-heal|p1a: Sableye|49/100|[from] item: Sitrus Berry\n|\n|-ability|p1b: Espathra|Speed Boost|boost\n|-boost|p1b: Espathra|spe|1\n|upkeep\n|turn|2\n|\n|t:|1776049885\n|switch|p2a: Kingambit|Kingambit, L50, F|100/100\n|move|p1a: Sableye|Gravity|p1a: Sableye\n|-fieldstart|move: Gravity\n|move|p1b: Espathra|Hypnosis|p2a: Kingambit\n|-status|p2a: Kingambit|slp|[from] move: Hypnosis\n|move|p2b: Whimsicott|Moonblast|p1a: Sableye\n|-supereffective|p1a: Sableye|1\n|-damage|p1a: Sableye|0 fnt\n|faint|p1a: Sableye\n|\n|-ability|p1b: Espathra|Speed Boost|boost\n|-boost|p1b: Espathra|spe|1\n|upkeep\n|\n|t:|1776049897\n|switch|p1a: Sinistcha|Sinistcha, L50|100/100\n|turn|3\n|\n|t:|1776049921\n|switch|p2a: Sneasler|Sneasler, L50, M|100/100\n|move|p1b: Espathra|Calm Mind|p1b: Espathra\n|-boost|p1b: Espathra|spa|1\n|-boost|p1b: Espathra|spd|1\n|move|p2b: Whimsicott|Moonblast|p1a: Sinistcha\n|-damage|p1a: Sinistcha|66/100\n|move|p1a: Sinistcha|Matcha Gotcha|p2b: Whimsicott|[spread] p2a,p2b\n|-resisted|p2a: Sneasler|1\n|-resisted|p2b: Whimsicott|1\n|-damage|p2a: Sneasler|85/100\n|-heal|p1a: Sinistcha|73/100|[from] drain|[of] p2a: Sneasler\n|-damage|p2b: Whimsicott|84/100\n|-heal|p1a: Sinistcha|81/100|[from] drain|[of] p2b: Whimsicott\n|-status|p2a: Sneasler|brn\n|\n|-damage|p2a: Sneasler|79/100 brn|[from] brn\n|-ability|p1b: Espathra|Speed Boost|boost\n|-boost|p1b: Espathra|spe|1\n|upkeep\n|turn|4\n|\n|t:|1776049961\n|switch|p2b: Kingambit|Kingambit, L50, F|100/100 slp\n|move|p2a: Sneasler|Fake Out|p1b: Espathra\n|-damage|p1b: Espathra|90/100\n|cant|p1b: Espathra|flinch\n|move|p1a: Sinistcha|Matcha Gotcha|p2a: Sneasler|[spread] p2a,p2b\n|-resisted|p2a: Sneasler|1\n|-resisted|p2b: Kingambit|1\n|-damage|p2a: Sneasler|64/100 brn\n|-heal|p1a: Sinistcha|88/100|[from] drain|[of] p2a: Sneasler\n|-damage|p2b: Kingambit|89/100 slp\n|-heal|p1a: Sinistcha|94/100|[from] drain|[of] p2b: Kingambit\n|\n|-damage|p2a: Sneasler|58/100 brn|[from] brn\n|-ability|p1b: Espathra|Speed Boost|boost\n|-boost|p1b: Espathra|spe|1\n|upkeep\n|turn|5\n|\n|t:|1776050002\n|switch|p2a: Whimsicott|Whimsicott, L50, F|84/100\n|move|p1a: Sinistcha|Rage Powder|p1a: Sinistcha\n|-singleturn|p1a: Sinistcha|move: Rage Powder\n|cant|p2b: Kingambit|slp\n|move|p1b: Espathra|Baton Pass|p1b: Espathra\n|\n|t:|1776050010\n|switch|p1b: Floette|Floette-Eternal, L50, F|100/100|[from] Baton Pass\n|\n|upkeep\n|turn|6\n|\n|t:|1776050025\n|switch|p2a: Sneasler|Sneasler, L50, M|58/100 brn\n|detailschange|p1b: Floette|Floette-Mega, L50, F\n|-mega|p1b: Floette|Floette|Floettite\n|-ability|p1b: Floette|Fairy Aura\n|cant|p2b: Kingambit|slp\n|move|p1b: Floette|Dazzling Gleam|p2b: Kingambit|[spread] p2a,p2b\n|-damage|p2a: Sneasler|0 fnt\n|-damage|p2b: Kingambit|19/100 slp\n|faint|p2a: Sneasler\n|move|p1a: Sinistcha|Life Dew||[still]|[spread] p1a,p1b\n|-heal|p1a: Sinistcha|100/100\n|-fail|p1b: Floette|heal\n|\n|-fieldend|move: Gravity\n|upkeep\n|\n|t:|1776050044\n|switch|p2a: Froslass|Froslass, L50, F|100/100\n|turn|7\n|inactive|Battle timer is ON: inactive players will automatically lose when time's up. (requested by mewten000)\n|\n|t:|1776050080\n|detailschange|p2a: Froslass|Froslass-Mega, L50, F\n|-mega|p2a: Froslass|Froslass|Froslassite\n|-weather|Snowscape|[from] ability: Snow Warning|[of] p2a: Froslass\n|-curestatus|p2b: Kingambit|slp|[msg]\n|move|p2b: Kingambit|Protect|p2b: Kingambit\n|-singleturn|p2b: Kingambit|Protect\n|move|p1a: Sinistcha|Rage Powder|p1a: Sinistcha\n|-singleturn|p1a: Sinistcha|move: Rage Powder\n|move|p1b: Floette|Dazzling Gleam|p2a: Froslass|[spread] p2a\n|-activate|p2b: Kingambit|move: Protect\n|-damage|p2a: Froslass|13/100\n|move|p2a: Froslass|Nasty Plot|p2a: Froslass\n|-boost|p2a: Froslass|spa|2\n|\n|-weather|Snowscape|[upkeep]\n|upkeep\n|turn|8\n|\n|t:|1776050105\n|move|p1b: Floette|Dazzling Gleam|p2b: Kingambit|[spread] p2a,p2b\n|-damage|p2a: Froslass|0 fnt\n|-damage|p2b: Kingambit|0 fnt\n|faint|p2a: Froslass\n|faint|p2b: Kingambit\n|move|p1a: Sinistcha|Life Dew||[still]|[still]|[spread] \n|-fail|p1a: Sinistcha|heal\n|-fail|p1b: Floette|heal\n|\n|-weather|Snowscape|[upkeep]\n|upkeep\n|\n|t:|1776050124\n|switch|p2a: Whimsicott|Whimsicott, L50, F|84/100\n|turn|9\n|inactive|mewten000 has 30 seconds left.\n|\n|t:|1776050150\n|move|p1b: Floette|Moonblast|p2a: Whimsicott\n|-damage|p2a: Whimsicott|0 fnt\n|faint|p2a: Whimsicott\n|\n|win|mewten000\n|raw|mewten000's rating: 1086 &rarr; <strong>1115</strong><br />(+29 for winning)\n|raw|toxapextoglory's rating: 1113 &rarr; <strong>1086</strong><br />(-27 for losing)\n|l|\u2606toxapextoglory\n|player|p2|\n",
  "uploadtime": 1776050238,
  "views": 39,
  "formatid": "gen9championsvgc2026regma",
  "rating": 1086,
  "private": 0,
  "password": null
}