{
  "id": "gen9championsvgc2026regma-2588381427",
  "format": "[Gen 9 Champions] VGC 2026 Reg M-A",
  "players": [
    "silverhaffling01",
    "Caligo33"
  ],
  "log": "|j|\u2606silverhaffling01\n|j|\u2606Caligo33\n|t:|1776628783\n|gametype|doubles\n|player|p1|silverhaffling01|gambler|1158\n|player|p2|Caligo33|170|1135\n|gen|9\n|tier|[Gen 9 Champions] VGC 2026 Reg M-A\n|rated|\n|rule|Species Clause: Limit one of each Pok\u00e9mon\n|rule|Item Clause: Limit 1 of each item\n|clearpoke\n|poke|p1|Charizard, L50, M, shiny|\n|poke|p1|Venusaur, L50, M|\n|poke|p1|Incineroar, L50, M|\n|poke|p1|Garchomp, L50, F|\n|poke|p1|Whimsicott, L50, M|\n|poke|p1|Rotom-Wash, L50|\n|poke|p2|Gengar, L50, M, shiny|\n|poke|p2|Incineroar, L50, M|\n|poke|p2|Gallade, L50, M|\n|poke|p2|Araquanid, L50, M|\n|poke|p2|Dragonite, L50, F|\n|poke|p2|Corviknight, L50, F|\n|teampreview|4\n|inactive|Battle timer is ON: inactive players will automatically lose when time's up. (requested by Caligo33)\nCaligo33 has agreed to open team sheets.\nsilverhaffling01 has agreed to open team sheets.\n|showteam|p1|Charizard||CharizarditeY|Blaze|HeatWave,SolarBeam,Protect,WeatherBall|||M|||50|]Venusaur||OccaBerry|Chlorophyll|Protect,SleepPowder,SludgeBomb,EnergyBall|||M|||50|]Incineroar||LumBerry|Intimidate|FakeOut,FlareBlitz,PartingShot,DarkestLariat|||M|||50|]Garchomp||ChoiceScarf|RoughSkin|Earthquake,RockSlide,DragonClaw,IronHead|||F|||50|]Whimsicott||FocusSash|Prankster|Tailwind,Encore,Protect,Moonblast|||M|||50|]Rotom-Wash||SitrusBerry|Levitate|HydroPump,Protect,Thunderbolt,NastyPlot||||||50|\n|showteam|p2|Gengar||Gengarite|CursedBody|ShadowBall,SludgeBomb,ThunderWave,Protect|||M|||50|]Incineroar||SitrusBerry|Intimidate|FakeOut,FlareBlitz,DarkestLariat,PartingShot|||M|||50|]Gallade||WhiteHerb|Sharpness|PsychoCut,SacredSword,Encore,Protect|||M|||50|]Araquanid||MysticWater|WaterBubble|Liquidation,IcyWind,WideGuard,Protect|||M|||50|]Dragonite||DragonFang|InnerFocus|DracoMeteor,ExtremeSpeed,DragonTail,ThunderWave|||F|||50|]Corviknight||Leftovers|MirrorArmor|DualWingbeat,BodyPress,IronDefense,Tailwind|||F|||50|\n|inactive|Caligo33 has 60 seconds left.\n|\n|t:|1776628831\n|teamsize|p1|4\n|teamsize|p2|4\n|start\n|switch|p1a: Charizard|Charizard, L50, M, shiny|100/100\n|switch|p1b: Garchomp|Garchomp, L50, F|100/100\n|switch|p2a: Araquanid|Araquanid, L50, M|100/100\n|switch|p2b: Incineroar|Incineroar, L50, M|100/100\n|-ability|p2b: Incineroar|Intimidate|boost\n|-unboost|p1a: Charizard|atk|1\n|-unboost|p1b: Garchomp|atk|1\n|turn|1\n|inactive|silverhaffling01 has 30 seconds left.\n|inactive|silverhaffling01 has 20 seconds left.\n|\n|t:|1776628869\n|switch|p1a: Incineroar|Incineroar, L50, M|100/100\n|-ability|p1a: Incineroar|Intimidate|boost\n|-unboost|p2a: Araquanid|atk|1\n|-unboost|p2b: Incineroar|atk|1\n|move|p2b: Incineroar|Fake Out|p1b: Garchomp\n|-damage|p1b: Garchomp|92/100\n|-damage|p2b: Incineroar|88/100|[from] ability: Rough Skin|[of] p1b: Garchomp\n|cant|p1b: Garchomp|flinch\n|move|p2a: Araquanid|Icy Wind|p1a: Incineroar|[spread] p1a,p1b\n|-resisted|p1a: Incineroar|1\n|-supereffective|p1b: Garchomp|2\n|-damage|p1a: Incineroar|99/100\n|-damage|p1b: Garchomp|71/100\n|-unboost|p1a: Incineroar|spe|1\n|-unboost|p1b: Garchomp|spe|1\n|\n|upkeep\n|turn|2\n|\n|t:|1776628892\n|move|p2a: Araquanid|Protect|p2a: Araquanid\n|-singleturn|p2a: Araquanid|Protect\n|move|p1a: Incineroar|Fake Out|p2a: Araquanid\n|-activate|p2a: Araquanid|move: Protect\n|move|p1b: Garchomp|Rock Slide|p2b: Incineroar|[spread] p2b\n|-activate|p2a: Araquanid|move: Protect\n|-supereffective|p2b: Incineroar|1\n|-damage|p2b: Incineroar|63/100\n|move|p2b: Incineroar|Parting Shot|p1b: Garchomp\n|-unboost|p1b: Garchomp|atk|1\n|-unboost|p1b: Garchomp|spa|1\n|\n|t:|1776628903\n|switch|p2b: Gallade|Gallade, L50, M|100/100|[from] Parting Shot\n|\n|upkeep\n|turn|3\n|\n|t:|1776628918\n|switch|p1b: Charizard|Charizard, L50, M, shiny|100/100\n|switch|p1a: Whimsicott|Whimsicott, L50, M|100/100\n|move|p2b: Gallade|Sacred Sword|p1b: Charizard\n|-resisted|p1b: Charizard|1\n|-damage|p1b: Charizard|56/100\n|move|p2a: Araquanid|Liquidation|p1a: Whimsicott\n|-resisted|p1a: Whimsicott|1\n|-damage|p1a: Whimsicott|60/100\n|\n|upkeep\n|turn|4\n|inactive|Caligo33 has 30 seconds left.\n|\n|t:|1776628943\n|move|p1b: Charizard|Protect|p1b: Charizard\n|-singleturn|p1b: Charizard|Protect\n|move|p2a: Araquanid|Wide Guard|p2a: Araquanid\n|-singleturn|p2a: Araquanid|Wide Guard\n|move|p1a: Whimsicott|Moonblast|p2b: Gallade\n|-supereffective|p2b: Gallade|1\n|-damage|p2b: Gallade|31/100\n|move|p2b: Gallade|Encore|p1a: Whimsicott\n|-start|p1a: Whimsicott|Encore\n|\n|upkeep\n|turn|5\n|\n|t:|1776628960\n|switch|p1b: Incineroar|Incineroar, L50, M|99/100\n|-ability|p1b: Incineroar|Intimidate|boost\n|-unboost|p2a: Araquanid|atk|1\n|-unboost|p2b: Gallade|atk|1\n|-enditem|p2b: Gallade|White Herb\n|-clearnegativeboost|p2b: Gallade|[silent]\n|switch|p2b: Incineroar|Incineroar, L50, M|63/100\n|-ability|p2b: Incineroar|Intimidate|boost\n|-unboost|p1a: Whimsicott|atk|1\n|-unboost|p1b: Incineroar|atk|1\n|move|p1a: Whimsicott|Moonblast|p2b: Incineroar\n|-damage|p2b: Incineroar|39/100\n|-enditem|p2b: Incineroar|Sitrus Berry|[eat]\n|-heal|p2b: Incineroar|64/100|[from] item: Sitrus Berry\n|move|p2a: Araquanid|Liquidation|p1b: Incineroar\n|-supereffective|p1b: Incineroar|1\n|-damage|p1b: Incineroar|35/100\n|\n|upkeep\n|turn|6\n|inactive|Caligo33 has 30 seconds left.\n|inactive|Caligo33 has 20 seconds left.\n|inactive|Caligo33 has 15 seconds left.\n|\n|t:|1776629001\n|switch|p2a: Gengar|Gengar, L50, M, shiny|100/100\n|move|p1b: Incineroar|Fake Out|p2a: Gengar\n|-immune|p2a: Gengar\n|move|p1a: Whimsicott|Moonblast|p2a: Gengar\n|-resisted|p2a: Gengar|1\n|-damage|p2a: Gengar|72/100\n|move|p2b: Incineroar|Flare Blitz|p1a: Whimsicott\n|-supereffective|p1a: Whimsicott|1\n|-damage|p1a: Whimsicott|0 fnt\n|faint|p1a: Whimsicott\n|-damage|p2b: Incineroar|51/100|[from] Recoil\n|\n|upkeep\n|\n|t:|1776629011\n|switch|p1a: Garchomp|Garchomp, L50, F|71/100\n|turn|7\n|\n|t:|1776629029\n|switch|p1b: Charizard|Charizard, L50, M, shiny|56/100\n|detailschange|p2a: Gengar|Gengar-Mega, L50, M, shiny\n|-mega|p2a: Gengar|Gengar|Gengarite\n|move|p2a: Gengar|Protect|p2a: Gengar\n|-singleturn|p2a: Gengar|Protect\n|move|p1a: Garchomp|Earthquake|p2b: Incineroar|[spread] p2b\n|-activate|p2a: Gengar|move: Protect\n|-immune|p1b: Charizard\n|-supereffective|p2b: Incineroar|1\n|-damage|p2b: Incineroar|0 fnt\n|faint|p2b: Incineroar\n|\n|upkeep\n|\n|t:|1776629040\n|switch|p2b: Araquanid|Araquanid, L50, M|100/100\n|turn|8\n|\n|t:|1776629052\n|detailschange|p1b: Charizard|Charizard-Mega-Y, L50, M, shiny\n|-mega|p1b: Charizard|Charizard|Charizardite Y\n|-weather|SunnyDay|[from] ability: Drought|[of] p1b: Charizard\n|move|p2b: Araquanid|Wide Guard|p2b: Araquanid\n|-singleturn|p2b: Araquanid|Wide Guard\n|move|p1a: Garchomp|Earthquake|p2a: Gengar|[spread] \n|-activate|p2a: Gengar|move: Wide Guard\n|-activate|p2b: Araquanid|move: Wide Guard\n|-immune|p1b: Charizard\n|move|p2a: Gengar|Sludge Bomb|p1b: Charizard\n|-damage|p1b: Charizard|0 fnt\n|faint|p1b: Charizard\n|\n|-weather|SunnyDay|[upkeep]\n|upkeep\n|-message|silverhaffling01 forfeited.\n|\n|win|Caligo33\n|raw|silverhaffling01's rating: 1158 &rarr; <strong>1131</strong><br />(-27 for losing)\n|raw|Caligo33's rating: 1135 &rarr; <strong>1162</strong><br />(+27 for winning)\n|l|\u2606silverhaffling01\n|player|p1|\n",
  "uploadtime": 1776629068,
  "views": 11,
  "formatid": "gen9championsvgc2026regma",
  "rating": 1131,
  "private": 0,
  "password": null
}