{
  "id": "gen9championsvgc2026regma-2581442209",
  "format": "[Gen 9 Champions] VGC 2026 Reg M-A",
  "players": [
    "Dux-El52",
    "soulo333"
  ],
  "log": "|j|\u2606Dux-El52\n|j|\u2606soulo333\n|t:|1776000823\n|gametype|doubles\n|player|p1|Dux-El52|102|1257\n|player|p2|soulo333|2|1262\n|gen|9\n|tier|[Gen 9 Champions] VGC 2026 Reg M-A\n|rated|\n|rule|Species Clause: Limit one of each Pok\u00e9mon\n|rule|Item Clause: Limit 1 of each item\n|clearpoke\n|poke|p1|Floette-Eternal, L50, F|\n|poke|p1|Incineroar, L50, M|\n|poke|p1|Farigiraf, L50, M|\n|poke|p1|Garchomp, L50, F|\n|poke|p1|Aerodactyl, L50, M|\n|poke|p1|Rotom-Wash, L50|\n|poke|p2|Charizard, L50, F|\n|poke|p2|Kingambit, L50, F|\n|poke|p2|Rotom-Wash, L50|\n|poke|p2|Sinistcha, L50|\n|poke|p2|Ninetales-Alola, L50, F|\n|poke|p2|Sneasler, L50, M|\n|teampreview|4\n|inactive|Battle timer is ON: inactive players will automatically lose when time's up. (requested by soulo333)\nDux-El52 has agreed to open team sheets.\n|\n|t:|1776000876\n|teamsize|p1|4\n|teamsize|p2|4\n|start\n|switch|p1a: Aerodactyl|Aerodactyl, L50, M, shiny|100/100\n|switch|p1b: Farigiraf|Farigiraf, L50, M, shiny|100/100\n|switch|p2a: Kingambit|Kingambit, L50, F|100/100\n|switch|p2b: Rotom|Rotom-Wash, L50|100/100\n|-ability|p1a: Aerodactyl|Unnerve\n|turn|1\n|\n|t:|1776000899\n|switch|p1b: Garchomp|Garchomp, L50, F, shiny|100/100\n|move|p1a: Aerodactyl|Rock Slide|p2b: Rotom|[spread] p2a,p2b\n|-resisted|p2a: Kingambit|1\n|-damage|p2a: Kingambit|91/100\n|-damage|p2b: Rotom|71/100\n|cant|p2b: Rotom|flinch\n|move|p2a: Kingambit|Kowtow Cleave|p1b: Garchomp\n|-damage|p1b: Garchomp|55/100\n|-damage|p2a: Kingambit|79/100|[from] ability: Rough Skin|[of] p1b: Garchomp\n|\n|upkeep\n|turn|2\n|\n|t:|1776000918\n|switch|p2a: Sinistcha|Sinistcha, L50|100/100\n|-heal|p2b: Rotom|96/100|[from] ability: Hospitality|[of] p2a: Sinistcha\n|move|p1a: Aerodactyl|Rock Slide|p2b: Rotom|[spread] p2a,p2b\n|-damage|p2a: Sinistcha|81/100\n|-damage|p2b: Rotom|69/100\n|move|p1b: Garchomp|Dragon Claw|p2b: Rotom\n|-damage|p2b: Rotom|23/100\n|move|p2b: Rotom|Volt Switch|p1a: Aerodactyl\n|-supereffective|p1a: Aerodactyl|1\n|-damage|p1a: Aerodactyl|27/100\n|\n|t:|1776000932\n|switch|p2b: Kingambit|Kingambit, L50, F|79/100|[from] Volt Switch\n|\n|-heal|p2a: Sinistcha|88/100|[from] item: Leftovers\n|upkeep\n|turn|3\n|\n|t:|1776000950\n|switch|p1b: Farigiraf|Farigiraf, L50, M, shiny|100/100\n|move|p2b: Kingambit|Sucker Punch||[still]\n|cant|p1b: Farigiraf|ability: Armor Tail|Sucker Punch|[of] p2b: Kingambit\n|move|p1a: Aerodactyl|Dual Wingbeat|p2a: Sinistcha\n|-supereffective|p2a: Sinistcha|1\n|-damage|p2a: Sinistcha|59/100\n|-supereffective|p2a: Sinistcha|1\n|-damage|p2a: Sinistcha|31/100\n|-hitcount|p2a: Sinistcha|2\n|move|p2a: Sinistcha|Matcha Gotcha|p1b: Farigiraf|[spread] p1a,p1b\n|-damage|p1a: Aerodactyl|0 fnt\n|-heal|p2a: Sinistcha|43/100|[from] drain|[of] p1a: Aerodactyl\n|-damage|p1b: Farigiraf|77/100\n|-heal|p2a: Sinistcha|58/100|[from] drain|[of] p1b: Farigiraf\n|faint|p1a: Aerodactyl\n|\n|-heal|p2a: Sinistcha|64/100|[from] item: Leftovers\n|upkeep\n|\n|t:|1776000966\n|switch|p1a: Floette|Floette-Eternal, L50, F|100/100\n|turn|4\n|\n|t:|1776000984\n|detailschange|p1a: Floette|Floette-Mega, L50, F\n|-mega|p1a: Floette|Floette|Floettite\n|-ability|p1a: Floette|Fairy Aura\n|move|p1b: Farigiraf|Helping Hand|p1a: Floette\n|-singleturn|p1a: Floette|Helping Hand|[of] p1b: Farigiraf\n|move|p1a: Floette|Dazzling Gleam|p2b: Kingambit|[spread] p2a,p2b\n|-damage|p2a: Sinistcha|0 fnt\n|-damage|p2b: Kingambit|8/100\n|faint|p2a: Sinistcha\n|move|p2b: Kingambit|Iron Head|p1a: Floette\n|-supereffective|p1a: Floette|1\n|-crit|p1a: Floette\n|-damage|p1a: Floette|0 fnt\n|faint|p1a: Floette\n|\n|upkeep\n|\n|t:|1776000996\n|switch|p1a: Garchomp|Garchomp, L50, F, shiny|55/100\n|switch|p2a: Charizard|Charizard, L50, F|100/100\n|turn|5\n|\n|t:|1776001003\n|detailschange|p2a: Charizard|Charizard-Mega-X, L50, F\n|-mega|p2a: Charizard|Charizard|Charizardite X\n|move|p1b: Farigiraf|Helping Hand|p1a: Garchomp\n|-singleturn|p1a: Garchomp|Helping Hand|[of] p1b: Farigiraf\n|move|p1a: Garchomp|Rock Slide|p2b: Kingambit|[spread] p2a,p2b\n|-supereffective|p2a: Charizard|1\n|-resisted|p2b: Kingambit|1\n|-damage|p2a: Charizard|53/100\n|-damage|p2b: Kingambit|0 fnt\n|faint|p2b: Kingambit\n|move|p2a: Charizard|Dragon Dance|p2a: Charizard\n|-boost|p2a: Charizard|atk|1\n|-boost|p2a: Charizard|spe|1\n|\n|upkeep\n|\n|t:|1776001009\n|switch|p2b: Rotom|Rotom-Wash, L50|23/100\n|-enditem|p2b: Rotom|Sitrus Berry|[eat]\n|-heal|p2b: Rotom|48/100|[from] item: Sitrus Berry\n|turn|6\n|\n|t:|1776001021\n|move|p1a: Garchomp|Protect|p1a: Garchomp\n|-singleturn|p1a: Garchomp|Protect\n|move|p2a: Charizard|Dragon Claw|p1a: Garchomp\n|-activate|p1a: Garchomp|move: Protect\n|move|p2b: Rotom|Hydro Pump|p1b: Farigiraf\n|-damage|p1b: Farigiraf|34/100\n|move|p1b: Farigiraf|Psychic|p2a: Charizard\n|-damage|p2a: Charizard|4/100\n|\n|upkeep\n|turn|7\n|\n|t:|1776001034\n|move|p2a: Charizard|Dragon Claw|p1a: Garchomp\n|-supereffective|p1a: Garchomp|1\n|-damage|p1a: Garchomp|0 fnt\n|-damage|p2a: Charizard|0 fnt|[from] ability: Rough Skin|[of] p1a: Garchomp\n|faint|p1a: Garchomp\n|faint|p2a: Charizard\n|move|p2b: Rotom|Thunderbolt|p1b: Farigiraf\n|-damage|p1b: Farigiraf|0 fnt\n|faint|p1b: Farigiraf\n|\n|win|soulo333\n|raw|Dux-El52's rating: 1257 &rarr; <strong>1232</strong><br />(-25 for losing)\n|raw|soulo333's rating: 1262 &rarr; <strong>1287</strong><br />(+25 for winning)\n",
  "uploadtime": 1776001034,
  "views": 23,
  "formatid": "gen9championsvgc2026regma",
  "rating": 1232,
  "private": 0,
  "password": null
}