{
  "id": "gen9championsvgc2026regma-2584791718",
  "format": "[Gen 9 Champions] VGC 2026 Reg M-A",
  "players": [
    "tunnelzx",
    "Chyre"
  ],
  "log": "|j|\u2606tunnelzx\n|j|\u2606Chyre\n|t:|1776283956\n|gametype|doubles\n|player|p1|tunnelzx|harlequin|1096\n|player|p2|Chyre|winona|1000\n|gen|9\n|tier|[Gen 9 Champions] VGC 2026 Reg M-A\n|rated|\n|rule|Species Clause: Limit one of each Pok\u00e9mon\n|rule|Item Clause: Limit 1 of each item\n|clearpoke\n|poke|p1|Spiritomb, L50, F|\n|poke|p1|Simipour, L50, F|\n|poke|p1|Maushold-Four, L50|\n|poke|p1|Camerupt, L50, M|\n|poke|p1|Chesnaught, L50, M|\n|poke|p1|Tsareena, L50, F|\n|poke|p2|Froslass, L50, F|\n|poke|p2|Mamoswine, L50, F|\n|poke|p2|Abomasnow, L50, F|\n|poke|p2|Ninetales-Alola, L50, M|\n|poke|p2|Rotom-Frost, L50|\n|poke|p2|Beartic, L50, M|\n|teampreview|4\n|inactive|Battle timer is ON: inactive players will automatically lose when time's up. (requested by Chyre)\ntunnelzx rejected open team sheets.\n|\n|t:|1776283985\n|teamsize|p1|4\n|teamsize|p2|4\n|start\n|switch|p1a: Masqueico|Simipour, L50, F, shiny|100/100\n|switch|p1b: ratinhozinhos|Maushold-Four, L50|100/100\n|switch|p2a: Froslass|Froslass, L50, F, shiny|100/100\n|switch|p2b: Ninetales|Ninetales-Alola, L50, M|100/100\n|turn|1\n|\n|t:|1776283998\n|detailschange|p2a: Froslass|Froslass-Mega, L50, F, shiny\n|-mega|p2a: Froslass|Froslass|Froslassite\n|-weather|Snowscape|[from] ability: Snow Warning|[of] p2a: Froslass\n|move|p1b: ratinhozinhos|Population Bomb|p2b: Ninetales|[miss]\n|-miss|p1b: ratinhozinhos|p2b: Ninetales\n|move|p2a: Froslass|Will-O-Wisp|p1b: ratinhozinhos\n|-status|p1b: ratinhozinhos|brn\n|move|p1a: Masqueico|Flip Turn|p2a: Froslass\n|-damage|p2a: Froslass|70/100\n|c|\u2606Chyre|glhf\n|\n|t:|1776284009\n|switch|p1a: mi bombo|Spiritomb, L50, F, shiny|100/100|[from] Flip Turn\n|-ability|p1a: mi bombo|Pressure\n|move|p2b: Ninetales|Nasty Plot|p2b: Ninetales\n|-boost|p2b: Ninetales|spa|2\n|\n|-weather|Snowscape|[upkeep]\n|-damage|p1b: ratinhozinhos|95/100 brn|[from] brn\n|upkeep\n|turn|2\n|\n|t:|1776284024\n|move|p1b: ratinhozinhos|Population Bomb|p2b: Ninetales\n|-damage|p2b: Ninetales|94/100\n|-hitcount|p2b: Ninetales|1\n|move|p2a: Froslass|Blizzard|p1b: ratinhozinhos|[spread] p1a,p1b\n|-damage|p1a: mi bombo|68/100\n|-damage|p1b: ratinhozinhos|29/100 brn\n|-status|p1a: mi bombo|frz\n|move|p2b: Ninetales|Nasty Plot|p2b: Ninetales\n|-boost|p2b: Ninetales|spa|2\n|cant|p1a: mi bombo|frz\n|\n|-weather|Snowscape|[upkeep]\n|-heal|p1a: mi bombo|74/100 frz|[from] item: Leftovers\n|-damage|p1b: ratinhozinhos|23/100 brn|[from] brn\n|upkeep\n|turn|3\n|\n|t:|1776284045\n|switch|p1b: Masqueico|Simipour, L50, F, shiny|100/100\n|move|p2a: Froslass|Aurora Veil|p2a: Froslass\n|-sidestart|p2: Chyre|move: Aurora Veil\n|move|p2b: Ninetales|Nasty Plot|p2b: Ninetales\n|-boost|p2b: Ninetales|spa|2\n|cant|p1a: mi bombo|frz\n|\n|-weather|Snowscape|[upkeep]\n|-heal|p1a: mi bombo|79/100 frz|[from] item: Leftovers\n|upkeep\n|turn|4\n|\n|t:|1776284061\n|move|p1b: Masqueico|Fake Out|p2b: Ninetales\n|-damage|p2b: Ninetales|86/100\n|move|p2a: Froslass|Blizzard|p1b: Masqueico|[spread] p1a,p1b\n|-resisted|p1b: Masqueico|1\n|-damage|p1a: mi bombo|46/100 frz\n|-damage|p1b: Masqueico|66/100\n|cant|p2b: Ninetales|flinch\n|-curestatus|p1a: mi bombo|frz|[msg]\n|move|p1a: mi bombo|Trick Room|p1a: mi bombo\n|-fieldstart|move: Trick Room|[of] p1a: mi bombo\n|\n|-weather|Snowscape|[upkeep]\n|-heal|p1a: mi bombo|52/100|[from] item: Leftovers\n|upkeep\n|turn|5\n|\n|t:|1776284086\n|switch|p2a: Mamoswine|Mamoswine, L50, F|100/100\n|move|p1a: mi bombo|Night Shade|p2a: Mamoswine|[miss]\n|-miss|p1a: mi bombo|p2a: Mamoswine\n|move|p2b: Ninetales|Baton Pass|p2b: Ninetales\n|\n|t:|1776284101\n|switch|p2b: Froslass|Froslass-Mega, L50, F, shiny|70/100|[from] Baton Pass\n|move|p1b: Masqueico|Flip Turn|p2b: Froslass\n|-damage|p2b: Froslass|52/100\n|\n|t:|1776284107\n|switch|p1b: primal gordon|Camerupt, L50, M, shiny|100/100|[from] Flip Turn\n|\n|-weather|none\n|-heal|p1a: mi bombo|58/100|[from] item: Leftovers\n|upkeep\n|turn|6\n|\n|t:|1776284127\n|switch|p2b: Rotom|Rotom-Frost, L50|100/100\n|detailschange|p1b: primal gordon|Camerupt-Mega, L50, M, shiny\n|-mega|p1b: primal gordon|Camerupt|Cameruptite\n|move|p1b: primal gordon|Eruption|p2a: Mamoswine|[spread] p2a,p2b\n|-supereffective|p2a: Mamoswine|1\n|-enditem|p2a: Mamoswine|Occa Berry|[eat]\n|-enditem|p2a: Mamoswine|Occa Berry|[weaken]\n|-supereffective|p2b: Rotom|1\n|-damage|p2a: Mamoswine|31/100\n|-damage|p2b: Rotom|0 fnt\n|faint|p2b: Rotom\n|move|p1a: mi bombo|Sunny Day|p1a: mi bombo\n|-weather|SunnyDay\n|move|p2a: Mamoswine|Earthquake|p1a: mi bombo|[spread] p1a,p1b\n|-supereffective|p1b: primal gordon|1\n|-damage|p1a: mi bombo|15/100\n|-damage|p1b: primal gordon|26/100\n|\n|-weather|SunnyDay|[upkeep]\n|-heal|p1a: mi bombo|21/100|[from] item: Leftovers\n|upkeep\n|\n|t:|1776284138\n|switch|p2b: Froslass|Froslass-Mega, L50, F, shiny|52/100\n|-weather|Snowscape|[from] ability: Snow Warning|[of] p2b: Froslass\n|turn|7\n|\n|t:|1776284153\n|move|p1b: primal gordon|Heat Wave|p2b: Froslass|[spread] p2a,p2b\n|-supereffective|p2a: Mamoswine|1\n|-supereffective|p2b: Froslass|1\n|-damage|p2a: Mamoswine|0 fnt\n|-damage|p2b: Froslass|0 fnt\n|faint|p2a: Mamoswine\n|faint|p2b: Froslass\n|move|p1a: mi bombo|Sunny Day|p1a: mi bombo\n|-weather|SunnyDay\n|\n|-weather|SunnyDay|[upkeep]\n|-heal|p1a: mi bombo|27/100|[from] item: Leftovers\n|-sideend|p2: Chyre|move: Aurora Veil\n|upkeep\n|\n|t:|1776284158\n|switch|p2b: Ninetales|Ninetales-Alola, L50, M|86/100\n|turn|8\n|\n|t:|1776284170\n|move|p1b: primal gordon|Heat Wave|p2b: Ninetales\n|-supereffective|p2b: Ninetales|1\n|-damage|p2b: Ninetales|0 fnt\n|faint|p2b: Ninetales\n|\n|win|tunnelzx\n|raw|tunnelzx's rating: 1096 &rarr; <strong>1115</strong><br />(+19 for winning)\n|raw|Chyre's rating: 1000 &rarr; <strong>1000</strong><br />(+0 for losing)\n|l|\u2606Chyre\n|player|p2|\n",
  "uploadtime": 1776284175,
  "views": 33,
  "formatid": "gen9championsvgc2026regma",
  "rating": 1000,
  "private": 0,
  "password": null
}