{
  "id": "gen9championsvgc2026regma-2581902487",
  "format": "[Gen 9 Champions] VGC 2026 Reg M-A",
  "players": [
    "seinyaaaaaa",
    "Krisg94"
  ],
  "log": "|j|\u2606seinyaaaaaa\n|j|\u2606Krisg94\n|t:|1776038222\n|gametype|doubles\n|player|p1|seinyaaaaaa|waitress|1000\n|player|p2|Krisg94|2|1046\n|gen|9\n|tier|[Gen 9 Champions] VGC 2026 Reg M-A\n|rated|\n|rule|Species Clause: Limit one of each Pok\u00e9mon\n|rule|Item Clause: Limit 1 of each item\n|clearpoke\n|poke|p1|Meganium, L50, M|\n|poke|p1|Dragonite, L50, M|\n|poke|p1|Archaludon, L50, F|\n|poke|p1|Pelipper, L50, M|\n|poke|p1|Basculegion, L50, M|\n|poke|p1|Sneasler, L50, M|\n|poke|p2|Aegislash, L50, F|\n|poke|p2|Whimsicott, L50, M|\n|poke|p2|Meowstic, L50, M|\n|poke|p2|Garchomp, L50, M|\n|poke|p2|Dragapult, L50, F|\n|poke|p2|Hydreigon, L50, M|\n|teampreview|4\n|inactive|Battle timer is ON: inactive players will automatically lose when time's up. (requested by seinyaaaaaa)\n|\n|t:|1776038260\n|teamsize|p1|4\n|teamsize|p2|4\n|start\n|switch|p1a: Archaludon|Archaludon, L50, F|100/100\n|switch|p1b: Pelipper|Pelipper, L50, M|100/100\n|switch|p2a: Whimsicott|Whimsicott, L50, M|100/100\n|switch|p2b: Meowstic|Meowstic, L50, M|100/100\n|-weather|RainDance|[from] ability: Drizzle|[of] p1b: Pelipper\n|turn|1\n|\n|t:|1776038283\n|detailschange|p2b: Meowstic|Meowstic-M-Mega, L50, M\n|-mega|p2b: Meowstic|Meowstic|Meowsticite\n|-ability|p2b: Meowstic|Sturdy|Trace|[from] ability: Trace|[of] p1a: Archaludon\n|move|p2b: Meowstic|Fake Out|p1a: Archaludon\n|-resisted|p1a: Archaludon|1\n|-damage|p1a: Archaludon|98/100\n|move|p2a: Whimsicott|Taunt|p1b: Pelipper\n|-start|p1b: Pelipper|move: Taunt\n|cant|p1a: Archaludon|flinch\n|cant|p1b: Pelipper|move: Taunt|Tailwind\n|\n|-weather|RainDance|[upkeep]\n|-heal|p1a: Archaludon|100/100|[from] item: Leftovers\n|upkeep\n|turn|2\n|inactive|seinyaaaaaa has 30 seconds left.\n|\n|t:|1776038309\n|move|p2a: Whimsicott|Tailwind|p2a: Whimsicott\n|-sidestart|p2: Krisg94|move: Tailwind\n|move|p2b: Meowstic|Thunderbolt|p1b: Pelipper\n|-supereffective|p1b: Pelipper|2\n|-enditem|p1b: Pelipper|Focus Sash\n|-damage|p1b: Pelipper|1/100\n|move|p1a: Archaludon|Flash Cannon|p2a: Whimsicott\n|-supereffective|p2a: Whimsicott|1\n|-damage|p2a: Whimsicott|0 fnt\n|faint|p2a: Whimsicott\n|move|p1b: Pelipper|Hurricane|p2b: Meowstic\n|-damage|p2b: Meowstic|56/100\n|\n|-weather|RainDance|[upkeep]\n|upkeep\n|\n|t:|1776038322\n|switch|p2a: Aegislash|Aegislash, L50, F|100/100\n|turn|3\n|\n|t:|1776038347\n|move|p1a: Archaludon|Protect|p1a: Archaludon\n|-singleturn|p1a: Archaludon|Protect\n|move|p2b: Meowstic|Psychic|p1b: Pelipper\n|-damage|p1b: Pelipper|0 fnt\n|faint|p1b: Pelipper\n|-formechange|p2a: Aegislash|Aegislash-Blade|\n|move|p2a: Aegislash|Sacred Sword|p1a: Archaludon\n|-activate|p1a: Archaludon|move: Protect\n|\n|-weather|RainDance|[upkeep]\n|upkeep\n|\n|t:|1776038360\n|switch|p1b: Meganium|Meganium, L50, M|100/100\n|turn|4\n|inactive|Krisg94 has 30 seconds left.\n|\n|t:|1776038388\n|detailschange|p1b: Meganium|Meganium-Mega, L50, M\n|-mega|p1b: Meganium|Meganium|Meganiumite\n|move|p2b: Meowstic|Psychic|p1b: Meganium\n|-damage|p1b: Meganium|55/100\n|move|p2a: Aegislash|Sacred Sword|p1a: Archaludon\n|-supereffective|p1a: Archaludon|1\n|-damage|p1a: Archaludon|54/100\n|move|p1a: Archaludon|Electro Shot||[still]\n|-prepare|p1a: Archaludon|Electro Shot\n|-boost|p1a: Archaludon|spa|1\n|-anim|p1a: Archaludon|Electro Shot|p2b: Meowstic\n|-damage|p2b: Meowstic|0 fnt\n|faint|p2b: Meowstic\n|move|p1b: Meganium|Weather Ball|p2a: Aegislash\n|-supereffective|p2a: Aegislash|1\n|-damage|p2a: Aegislash|0 fnt\n|faint|p2a: Aegislash\n|\n|-weather|RainDance|[upkeep]\n|-heal|p1a: Archaludon|60/100|[from] item: Leftovers\n|upkeep\n|\n|t:|1776038408\n|switch|p2b: Hydreigon|Hydreigon, L50, M|100/100\n|turn|5\n|\n|t:|1776038417\n|move|p2b: Hydreigon|Flamethrower|p1a: Archaludon\n|-damage|p1a: Archaludon|37/100\n|move|p1a: Archaludon|Dragon Pulse|p2b: Hydreigon\n|-supereffective|p2b: Hydreigon|1\n|-damage|p2b: Hydreigon|0 fnt\n|faint|p2b: Hydreigon\n|\n|win|seinyaaaaaa\n|raw|seinyaaaaaa's rating: 1000 &rarr; <strong>1045</strong><br />(+45 for winning)\n|raw|Krisg94's rating: 1046 &rarr; <strong>1027</strong><br />(-19 for losing)\n|l|\u2606Krisg94\n|player|p2|\n",
  "uploadtime": 1776038429,
  "views": 22,
  "formatid": "gen9championsvgc2026regma",
  "rating": 1027,
  "private": 0,
  "password": null
}