{
  "id": "gen9championsvgc2026regma-2586767311",
  "format": "[Gen 9 Champions] VGC 2026 Reg M-A",
  "players": [
    "outofthebox215",
    "Dr.GorillaTactics"
  ],
  "log": "|j|\u2606outofthebox215\n|j|\u2606Dr.GorillaTactics\n|t:|1776458299\n|gametype|doubles\n|player|p1|outofthebox215|265|1141\n|player|p2|Dr.GorillaTactics|265|1120\n|gen|9\n|tier|[Gen 9 Champions] VGC 2026 Reg M-A\n|rated|\n|rule|Species Clause: Limit one of each Pok\u00e9mon\n|rule|Item Clause: Limit 1 of each item\n|clearpoke\n|poke|p1|Froslass, L50, F|\n|poke|p1|Maushold, L50|\n|poke|p1|Milotic, L50, F|\n|poke|p1|Whimsicott, L50, M|\n|poke|p1|Corviknight, L50, M|\n|poke|p1|Arcanine-Hisui, L50, F|\n|poke|p2|Delphox, L50, F|\n|poke|p2|Garchomp, L50, F|\n|poke|p2|Kingambit, L50, F|\n|poke|p2|Tsareena, L50, F|\n|poke|p2|Aggron, L50, M|\n|poke|p2|Mimikyu, L50, M|\n|teampreview|4\n|\n|t:|1776458346\n|teamsize|p1|4\n|teamsize|p2|4\n|start\n|switch|p1a: Arcanine|Arcanine-Hisui, L50, F, shiny|100/100\n|switch|p1b: Milotic|Milotic, L50, F, shiny|100/100\n|switch|p2a: Mimikyu|Mimikyu, L50, M|100/100\n|switch|p2b: Kingambit|Kingambit, L50, F|100/100\n|-ability|p1a: Arcanine|Intimidate|boost\n|-unboost|p2a: Mimikyu|atk|1\n|-unboost|p2b: Kingambit|atk|1\n|-ability|p2b: Kingambit|Defiant|boost\n|-boost|p2b: Kingambit|atk|2\n|turn|1\n|inactive|Battle timer is ON: inactive players will automatically lose when time's up. (requested by outofthebox215)\n|\n|t:|1776458357\n|move|p2b: Kingambit|Protect|p2b: Kingambit\n|-singleturn|p2b: Kingambit|Protect\n|move|p1b: Milotic|Scald|p2b: Kingambit\n|-activate|p2b: Kingambit|move: Protect\n|move|p1a: Arcanine|Rock Slide|p2a: Mimikyu|[spread] p2a\n|-activate|p2b: Kingambit|move: Protect\n|-activate|p2a: Mimikyu|ability: Disguise\n|-damage|p2a: Mimikyu|100/100\n|detailschange|p2a: Mimikyu|Mimikyu-Busted, L50, M\n|-damage|p2a: Mimikyu|88/100|[from] pokemon: Mimikyu-Busted\n|move|p2a: Mimikyu|Trick Room|p2a: Mimikyu\n|-fieldstart|move: Trick Room|[of] p2a: Mimikyu\n|\n|upkeep\n|turn|2\n|\n|t:|1776458380\n|move|p1a: Arcanine|Protect|p1a: Arcanine\n|-singleturn|p1a: Arcanine|Protect\n|move|p2b: Kingambit|Iron Head|p1a: Arcanine\n|-activate|p1a: Arcanine|move: Protect\n|move|p2a: Mimikyu|Light Screen|p2a: Mimikyu\n|-sidestart|p2: Dr.GorillaTactics|move: Light Screen\n|move|p1b: Milotic|Scald|p2b: Kingambit\n|-damage|p2b: Kingambit|82/100\n|\n|upkeep\n|turn|3\n|\n|t:|1776458393\n|switch|p1a: Corviknight|Corviknight, L50, M, shiny|100/100\n|move|p2b: Kingambit|Kowtow Cleave|p1a: Corviknight\n|-damage|p1a: Corviknight|43/100\n|-enditem|p1a: Corviknight|Sitrus Berry|[eat]\n|-heal|p1a: Corviknight|68/100|[from] item: Sitrus Berry\n|move|p2a: Mimikyu|Play Rough|p1b: Milotic\n|-damage|p1b: Milotic|84/100\n|move|p1b: Milotic|Scald|p2b: Kingambit\n|-damage|p2b: Kingambit|62/100\n|\n|-heal|p1b: Milotic|90/100|[from] item: Leftovers\n|upkeep\n|turn|4\n|\n|t:|1776458413\n|move|p2b: Kingambit|Kowtow Cleave|p1b: Milotic\n|-damage|p1b: Milotic|21/100\n|move|p2a: Mimikyu|Will-O-Wisp|p1a: Corviknight\n|-status|p1a: Corviknight|brn\n|move|p1a: Corviknight|Body Press|p2b: Kingambit\n|-supereffective|p2b: Kingambit|2\n|-damage|p2b: Kingambit|31/100\n|move|p1b: Milotic|Life Dew|p1b: Milotic|[spread] p1a,p1b\n|-heal|p1a: Corviknight|93/100 brn\n|-heal|p1b: Milotic|47/100\n|\n|-heal|p1b: Milotic|52/100|[from] item: Leftovers\n|-damage|p1a: Corviknight|87/100 brn|[from] brn\n|upkeep\n|turn|5\n|\n|t:|1776458435\n|move|p2b: Kingambit|Kowtow Cleave|p1b: Milotic\n|-damage|p1b: Milotic|0 fnt\n|faint|p1b: Milotic\n|move|p2a: Mimikyu|Play Rough|p1a: Corviknight\n|-resisted|p1a: Corviknight|1\n|-damage|p1a: Corviknight|80/100 brn\n|move|p1a: Corviknight|Bulk Up|p1a: Corviknight\n|-boost|p1a: Corviknight|atk|1\n|-boost|p1a: Corviknight|def|1\n|\n|-damage|p1a: Corviknight|74/100 brn|[from] brn\n|-fieldend|move: Trick Room\n|upkeep\n|\n|t:|1776458442\n|switch|p1b: Froslass|Froslass, L50, F, shiny|100/100\n|turn|6\n|\n|t:|1776458457\n|move|p1b: Froslass|Protect|p1b: Froslass\n|-singleturn|p1b: Froslass|Protect\n|move|p2b: Kingambit|Sucker Punch||[still]\n|-fail|p2b: Kingambit\n|move|p1a: Corviknight|Body Press|p2b: Kingambit\n|-supereffective|p2b: Kingambit|2\n|-damage|p2b: Kingambit|0 fnt\n|faint|p2b: Kingambit\n|move|p2a: Mimikyu|Trick Room|p2a: Mimikyu\n|-fieldstart|move: Trick Room|[of] p2a: Mimikyu\n|\n|-damage|p1a: Corviknight|68/100 brn|[from] brn\n|-sideend|p2: Dr.GorillaTactics|move: Light Screen\n|upkeep\n|\n|t:|1776458462\n|switch|p2b: Aggron|Aggron, L50, M|100/100\n|turn|7\n|\n|t:|1776458474\n|switch|p1b: Arcanine|Arcanine-Hisui, L50, F, shiny|100/100\n|-ability|p1b: Arcanine|Intimidate|boost\n|-unboost|p2a: Mimikyu|atk|1\n|-unboost|p2b: Aggron|atk|1\n|detailschange|p2b: Aggron|Aggron-Mega, L50, M\n|-mega|p2b: Aggron|Aggron|Aggronite\n|move|p2b: Aggron|Heavy Slam|p1b: Arcanine\n|-damage|p1b: Arcanine|81/100\n|move|p2a: Mimikyu|Play Rough|p1b: Arcanine|[miss]\n|-miss|p2a: Mimikyu|p1b: Arcanine\n|move|p1a: Corviknight|Bulk Up|p1a: Corviknight\n|-boost|p1a: Corviknight|atk|1\n|-boost|p1a: Corviknight|def|1\n|\n|-damage|p1a: Corviknight|62/100 brn|[from] brn\n|upkeep\n|turn|8\n|\n|t:|1776458499\n|move|p2b: Aggron|Curse|p2b: Aggron\n|-unboost|p2b: Aggron|spe|1\n|-boost|p2b: Aggron|atk|1\n|-boost|p2b: Aggron|def|1\n|move|p2a: Mimikyu|Play Rough|p1b: Arcanine\n|-resisted|p1b: Arcanine|1\n|-crit|p1b: Arcanine\n|-damage|p1b: Arcanine|57/100\n|move|p1a: Corviknight|Roost|p1a: Corviknight\n|-heal|p1a: Corviknight|100/100 brn\n|-singleturn|p1a: Corviknight|move: Roost\n|move|p1b: Arcanine|Flare Blitz|p2a: Mimikyu\n|-damage|p2a: Mimikyu|25/100\n|-damage|p1b: Arcanine|40/100|[from] Recoil\n|\n|-damage|p1a: Corviknight|95/100 brn|[from] brn\n|upkeep\n|turn|9\n|inactive|Dr.GorillaTactics has 30 seconds left.\n|\n|t:|1776458533\n|move|p1b: Arcanine|Protect|p1b: Arcanine\n|-singleturn|p1b: Arcanine|Protect\n|move|p2b: Aggron|Heavy Slam|p1b: Arcanine\n|-activate|p1b: Arcanine|move: Protect\n|move|p2a: Mimikyu|Play Rough|p1b: Arcanine\n|-activate|p1b: Arcanine|move: Protect\n|move|p1a: Corviknight|Bulk Up|p1a: Corviknight\n|-boost|p1a: Corviknight|atk|1\n|-boost|p1a: Corviknight|def|1\n|\n|-damage|p1a: Corviknight|89/100 brn|[from] brn\n|upkeep\n|turn|10\n|\n|t:|1776458555\n|move|p1b: Arcanine|Protect|p1b: Arcanine\n|-singleturn|p1b: Arcanine|Protect\n|move|p2b: Aggron|Body Press|p1b: Arcanine\n|-activate|p1b: Arcanine|move: Protect\n|move|p2a: Mimikyu|Light Screen|p2a: Mimikyu\n|-sidestart|p2: Dr.GorillaTactics|move: Light Screen\n|move|p1a: Corviknight|Bulk Up|p1a: Corviknight\n|-boost|p1a: Corviknight|atk|1\n|-boost|p1a: Corviknight|def|1\n|\n|-damage|p1a: Corviknight|83/100 brn|[from] brn\n|-fieldend|move: Trick Room\n|upkeep\n|turn|11\n|\n|t:|1776458579\n|move|p1b: Arcanine|Flare Blitz|p2a: Mimikyu\n|-damage|p2a: Mimikyu|0 fnt\n|faint|p2a: Mimikyu\n|-damage|p1b: Arcanine|34/100|[from] Recoil\n|move|p1a: Corviknight|Body Press|p2b: Aggron\n|-supereffective|p2b: Aggron|1\n|-damage|p2b: Aggron|86/100\n|move|p2b: Aggron|Heavy Slam|p1b: Arcanine\n|-crit|p1b: Arcanine\n|-damage|p1b: Arcanine|0 fnt\n|faint|p1b: Arcanine\n|\n|-damage|p1a: Corviknight|77/100 brn|[from] brn\n|upkeep\n|\n|t:|1776458589\n|switch|p1b: Froslass|Froslass, L50, F, shiny|100/100\n|switch|p2a: Tsareena|Tsareena, L50, F|100/100\n|turn|12\n|\n|t:|1776458604\n|move|p1b: Froslass|Protect|p1b: Froslass\n|-singleturn|p1b: Froslass|Protect\n|move|p2a: Tsareena|Triple Axel|p1a: Corviknight\n|-damage|p1a: Corviknight|75/100 brn\n|-damage|p1a: Corviknight|71/100 brn\n|-damage|p1a: Corviknight|65/100 brn\n|-hitcount|p1a: Corviknight|3\n|move|p1a: Corviknight|Dual Wingbeat|p2a: Tsareena\n|-supereffective|p2a: Tsareena|1\n|-damage|p2a: Tsareena|56/100\n|-supereffective|p2a: Tsareena|1\n|-damage|p2a: Tsareena|12/100\n|-hitcount|p2a: Tsareena|2\n|move|p2b: Aggron|Body Press|p1a: Corviknight\n|-damage|p1a: Corviknight|50/100 brn\n|\n|-damage|p1a: Corviknight|44/100 brn|[from] brn\n|upkeep\n|turn|13\n|\n|t:|1776458624\n|detailschange|p1b: Froslass|Froslass-Mega, L50, F, shiny\n|-mega|p1b: Froslass|Froslass|Froslassite\n|-weather|Snowscape|[from] ability: Snow Warning|[of] p1b: Froslass\n|move|p1b: Froslass|Blizzard|p2b: Aggron|[spread] p2a,p2b\n|-supereffective|p2a: Tsareena|1\n|-resisted|p2b: Aggron|1\n|-crit|p2b: Aggron\n|-damage|p2a: Tsareena|0 fnt\n|-damage|p2b: Aggron|55/100\n|faint|p2a: Tsareena\n|move|p1a: Corviknight|Roost|p1a: Corviknight\n|-heal|p1a: Corviknight|94/100 brn\n|-singleturn|p1a: Corviknight|move: Roost\n|move|p2b: Aggron|Heavy Slam|p1b: Froslass\n|-supereffective|p1b: Froslass|1\n|-damage|p1b: Froslass|0 fnt\n|faint|p1b: Froslass\n|\n|-weather|Snowscape|[upkeep]\n|-damage|p1a: Corviknight|88/100 brn|[from] brn\n|upkeep\n|turn|14\n|\n|t:|1776458642\n|move|p1a: Corviknight|Bulk Up|p1a: Corviknight\n|-boost|p1a: Corviknight|atk|1\n|-boost|p1a: Corviknight|def|1\n|move|p2b: Aggron|Body Press|p1a: Corviknight\n|-damage|p1a: Corviknight|74/100 brn\n|\n|-weather|Snowscape|[upkeep]\n|-damage|p1a: Corviknight|68/100 brn|[from] brn\n|-sideend|p2: Dr.GorillaTactics|move: Light Screen\n|upkeep\n|turn|15\n|\n|t:|1776458648\n|move|p1a: Corviknight|Body Press|p2b: Aggron\n|-supereffective|p2b: Aggron|1\n|-damage|p2b: Aggron|38/100\n|move|p2b: Aggron|Body Press|p1a: Corviknight\n|-damage|p1a: Corviknight|55/100 brn\n|\n|-weather|Snowscape|[upkeep]\n|-damage|p1a: Corviknight|49/100 brn|[from] brn\n|upkeep\n|turn|16\n|\n|t:|1776458655\n|move|p1a: Corviknight|Body Press|p2b: Aggron\n|-supereffective|p2b: Aggron|1\n|-damage|p2b: Aggron|21/100\n|move|p2b: Aggron|Body Press|p1a: Corviknight\n|-damage|p1a: Corviknight|36/100 brn\n|\n|-weather|Snowscape|[upkeep]\n|-damage|p1a: Corviknight|30/100 brn|[from] brn\n|upkeep\n|turn|17\n|\n|t:|1776458660\n|move|p1a: Corviknight|Roost|p1a: Corviknight\n|-heal|p1a: Corviknight|80/100 brn\n|-singleturn|p1a: Corviknight|move: Roost\n|move|p2b: Aggron|Body Press|p1a: Corviknight\n|-supereffective|p1a: Corviknight|1\n|-damage|p1a: Corviknight|50/100 brn\n|\n|-weather|none\n|-damage|p1a: Corviknight|44/100 brn|[from] brn\n|upkeep\n|turn|18\n|\n|t:|1776458669\n|move|p1a: Corviknight|Body Press|p2b: Aggron\n|-supereffective|p2b: Aggron|1\n|-damage|p2b: Aggron|5/100\n|move|p2b: Aggron|Body Press|p1a: Corviknight\n|-damage|p1a: Corviknight|29/100 brn\n|\n|-damage|p1a: Corviknight|23/100 brn|[from] brn\n|upkeep\n|turn|19\n|\n|t:|1776458675\n|move|p1a: Corviknight|Body Press|p2b: Aggron\n|-supereffective|p2b: Aggron|1\n|-damage|p2b: Aggron|0 fnt\n|faint|p2b: Aggron\n|\n|win|outofthebox215\n|raw|outofthebox215's rating: 1141 &rarr; <strong>1164</strong><br />(+23 for winning)\n|raw|Dr.GorillaTactics's rating: 1120 &rarr; <strong>1097</strong><br />(-23 for losing)\n|l|\u2606Dr.GorillaTactics\n|player|p2|\n",
  "uploadtime": 1776458680,
  "views": 30,
  "formatid": "gen9championsvgc2026regma",
  "rating": 1097,
  "private": 0,
  "password": null
}