{
  "id": "gen9championsvgc2026regma-2584104242",
  "format": "[Gen 9 Champions] VGC 2026 Reg M-A",
  "players": [
    "Gosuguy",
    "colfox"
  ],
  "log": "|j|\u2606Gosuguy\n|j|\u203dcolfox\n|t:|1776225559\n|gametype|doubles\n|player|p1|Gosuguy|steven|1144\n|player|p2|colfox|169|1151\n|gen|9\n|tier|[Gen 9 Champions] VGC 2026 Reg M-A\n|rated|\n|rule|Species Clause: Limit one of each Pok\u00e9mon\n|rule|Item Clause: Limit 1 of each item\n|clearpoke\n|poke|p1|Delphox, L50, F|\n|poke|p1|Kingambit, L50, F|\n|poke|p1|Rotom-Wash, L50|\n|poke|p1|Sinistcha, L50|\n|poke|p1|Milotic, L50, M|\n|poke|p1|Aerodactyl, L50, M|\n|poke|p2|Sylveon, L50, M|\n|poke|p2|Garchomp, L50, F|\n|poke|p2|Milotic, L50, M|\n|poke|p2|Ninetales, L50, F|\n|poke|p2|Raichu, L50, F|\n|poke|p2|Scizor, L50, M|\n|teampreview|4\n|inactive|Battle timer is ON: inactive players will automatically lose when time's up. (requested by Gosuguy)\n|inactive|Gosuguy has 60 seconds left.\n|inactive|colfox has 60 seconds left.\n|inactive|Gosuguy has 30 seconds left.\n|inactive|Gosuguy has 20 seconds left.\n|inactive|Gosuguy has 15 seconds left.\n|inactive|Gosuguy has 10 seconds left.\n|inactive|Gosuguy has 5 seconds left.\n|\n|t:|1776225649\n|teamsize|p1|4\n|teamsize|p2|4\n|start\n|switch|p1a: Delphox|Delphox, L50, F|100/100\n|switch|p1b: Milotic|Milotic, L50, M|100/100\n|switch|p2a: Raichu|Raichu, L50, F|100/100\n|switch|p2b: Garchomp|Garchomp, L50, F|100/100\n|turn|1\n|\n|t:|1776225669\n|switch|p1a: Aerodactyl|Aerodactyl, L50, M|100/100\n|-ability|p1a: Aerodactyl|Unnerve\n|switch|p1b: Sinistcha|Sinistcha, L50|100/100\n|move|p2a: Raichu|Fake Out|p1a: Aerodactyl\n|-resisted|p1a: Aerodactyl|1\n|-damage|p1a: Aerodactyl|94/100\n|move|p2b: Garchomp|Rock Slide|p1a: Aerodactyl|[spread] p1a,p1b\n|-supereffective|p1a: Aerodactyl|1\n|-damage|p1a: Aerodactyl|30/100\n|-damage|p1b: Sinistcha|86/100\n|\n|upkeep\n|turn|2\n|inactive|colfox has 30 seconds left.\n|\n|t:|1776225703\n|move|p1a: Aerodactyl|Earthquake|p2a: Raichu|[spread] p1b,p2a,p2b\n|-resisted|p1b: Sinistcha|1\n|-supereffective|p2a: Raichu|1\n|-damage|p1b: Sinistcha|78/100\n|-damage|p2a: Raichu|6/100\n|-damage|p2b: Garchomp|77/100\n|move|p2a: Raichu|Volt Switch|p1b: Sinistcha\n|-resisted|p1b: Sinistcha|1\n|-damage|p1b: Sinistcha|58/100\n|\n|t:|1776225715\n|switch|p2a: Ninetales|Ninetales, L50, F|100/100|[from] Volt Switch\n|-weather|SunnyDay|[from] ability: Drought|[of] p2a: Ninetales\n|move|p2b: Garchomp|Rock Slide|p1b: Sinistcha|[spread] p1a,p1b\n|-supereffective|p1a: Aerodactyl|1\n|-damage|p1a: Aerodactyl|0 fnt\n|-damage|p1b: Sinistcha|45/100\n|faint|p1a: Aerodactyl\n|cant|p1b: Sinistcha|flinch\n|\n|-weather|SunnyDay|[upkeep]\n|upkeep\n|\n|t:|1776225726\n|switch|p1a: Delphox|Delphox, L50, F|100/100\n|turn|3\n|\n|t:|1776225744\n|detailschange|p1a: Delphox|Delphox-Mega, L50, F\n|-mega|p1a: Delphox|Delphox|Delphoxite\n|move|p2a: Ninetales|Helping Hand|p2b: Garchomp\n|-singleturn|p2b: Garchomp|Helping Hand|[of] p2a: Ninetales\n|move|p1a: Delphox|Heat Wave|p2b: Garchomp|[spread] p2a,p2b\n|-resisted|p2a: Ninetales|1\n|-resisted|p2b: Garchomp|1\n|-damage|p2a: Ninetales|69/100\n|-damage|p2b: Garchomp|42/100\n|move|p2b: Garchomp|Rock Slide|p1a: Delphox|[spread] p1a,p1b\n|-supereffective|p1a: Delphox|1\n|-damage|p1a: Delphox|14/100\n|-damage|p1b: Sinistcha|23/100\n|cant|p1b: Sinistcha|flinch\n|\n|-weather|SunnyDay|[upkeep]\n|upkeep\n|turn|4\n|\n|t:|1776225768\n|move|p1a: Delphox|Protect|p1a: Delphox\n|-singleturn|p1a: Delphox|Protect\n|move|p2b: Garchomp|Rock Slide|p1a: Delphox|[spread] p1b\n|-activate|p1a: Delphox|move: Protect\n|-damage|p1b: Sinistcha|8/100\n|move|p2a: Ninetales|Heat Wave|p1a: Delphox|[spread] p1b\n|-activate|p1a: Delphox|move: Protect\n|-supereffective|p1b: Sinistcha|1\n|-damage|p1b: Sinistcha|0 fnt\n|faint|p1b: Sinistcha\n|\n|-weather|SunnyDay|[upkeep]\n|upkeep\n|\n|t:|1776225779\n|switch|p1b: Milotic|Milotic, L50, M|100/100\n|turn|5\n|\n|t:|1776225795\n|move|p2a: Ninetales|Helping Hand|p2b: Garchomp\n|-singleturn|p2b: Garchomp|Helping Hand|[of] p2a: Ninetales\n|move|p1b: Milotic|Helping Hand|p1a: Delphox\n|-singleturn|p1a: Delphox|Helping Hand|[of] p1b: Milotic\n|move|p1a: Delphox|Heat Wave|p2a: Ninetales|[spread] p2a,p2b\n|-resisted|p2a: Ninetales|1\n|-resisted|p2b: Garchomp|1\n|-damage|p2a: Ninetales|22/100\n|-damage|p2b: Garchomp|0 fnt\n|faint|p2b: Garchomp\n|\n|-weather|SunnyDay|[upkeep]\n|upkeep\n|\n|t:|1776225809\n|switch|p2b: Raichu|Raichu, L50, F|6/100\n|turn|6\n|inactive|colfox has 30 seconds left.\n|\n|t:|1776225839\n|move|p1a: Delphox|Protect|p1a: Delphox\n|-singleturn|p1a: Delphox|Protect\n|move|p2a: Ninetales|Protect|p2a: Ninetales\n|-singleturn|p2a: Ninetales|Protect\n|move|p2b: Raichu|Thunderbolt|p1b: Milotic\n|-supereffective|p1b: Milotic|1\n|-damage|p1b: Milotic|31/100\n|move|p1b: Milotic|Life Dew|p1b: Milotic|[spread] p1a,p1b\n|-heal|p1a: Delphox|39/100\n|-heal|p1b: Milotic|56/100\n|\n|-weather|none\n|upkeep\n|turn|7\n|inactive|colfox has 30 seconds left.\n|\n|t:|1776225867\n|move|p1b: Milotic|Helping Hand|p1a: Delphox\n|-singleturn|p1a: Delphox|Helping Hand|[of] p1b: Milotic\n|move|p1a: Delphox|Heat Wave|p2a: Ninetales|[spread] p2a,p2b\n|-resisted|p2a: Ninetales|1\n|-damage|p2a: Ninetales|0 fnt\n|-damage|p2b: Raichu|0 fnt\n|faint|p2a: Ninetales\n|faint|p2b: Raichu\n|\n|upkeep\n|\n|t:|1776225877\n|switch|p2b: Scizor|Scizor, L50, M|100/100\n|turn|8\n|\n|t:|1776225888\n|detailschange|p2b: Scizor|Scizor-Mega, L50, M\n|-mega|p2b: Scizor|Scizor|Scizorite\n|move|p2b: Scizor|Bullet Punch|p1a: Delphox\n|-resisted|p1a: Delphox|1\n|-damage|p1a: Delphox|10/100\n|move|p1a: Delphox|Heat Wave|p2b: Scizor\n|-supereffective|p2b: Scizor|2\n|-damage|p2b: Scizor|0 fnt\n|faint|p2b: Scizor\n|\n|win|Gosuguy\n|raw|Gosuguy's rating: 1144 &rarr; <strong>1170</strong><br />(+26 for winning)\n|raw|colfox's rating: 1151 &rarr; <strong>1125</strong><br />(-26 for losing)\n",
  "uploadtime": 1776225898,
  "views": 45,
  "formatid": "gen9championsvgc2026regma",
  "rating": 1125,
  "private": 0,
  "password": null
}