{
  "id": "gen9championsvgc2026regma-2587383164",
  "format": "[Gen 9 Champions] VGC 2026 Reg M-A",
  "players": [
    "brojonski",
    "piedi nei piedi"
  ],
  "log": "|j|\u2606brojonski\n|j|\u2606piedi nei piedi\n|t:|1776527221\n|gametype|doubles\n|player|p1|brojonski|brock|1401\n|player|p2|piedi nei piedi|zinnia|1457\n|gen|9\n|tier|[Gen 9 Champions] VGC 2026 Reg M-A\n|rated|\n|rule|Species Clause: Limit one of each Pok\u00e9mon\n|rule|Item Clause: Limit 1 of each item\n|clearpoke\n|poke|p1|Tyranitar, L50, M|\n|poke|p1|Zoroark-Hisui, L50, F|\n|poke|p1|Primarina, L50, M|\n|poke|p1|Garchomp, L50, F|\n|poke|p1|Hawlucha, L50, F|\n|poke|p1|Excadrill, L50, M|\n|poke|p2|Maushold-Four, L50|\n|poke|p2|Sneasler, L50, M|\n|poke|p2|Froslass, L50, F|\n|poke|p2|Samurott-Hisui, L50, F|\n|poke|p2|Arcanine-Hisui, L50, M|\n|poke|p2|Milotic, L50, F|\n|teampreview|4\n|inactive|Battle timer is ON: inactive players will automatically lose when time's up. (requested by brojonski)\n|j| Silversirfetchd\n|inactive|brojonski has 60 seconds left.\n|\n|t:|1776527276\n|teamsize|p1|4\n|teamsize|p2|4\n|start\n|switch|p1a: Excadrill|Excadrill, L50, M|100/100\n|switch|p1b: Tyranitar|Tyranitar, L50, M|100/100\n|switch|p2a: Sneaslerux|Sneasler, L50, M|100/100\n|switch|p2b: Froslasso|Froslass, L50, F|100/100\n|-weather|Sandstorm|[from] ability: Sand Stream|[of] p1b: Tyranitar\n|turn|1\n|inactive|brojonski has 30 seconds left.\n|\n|t:|1776527302\n|move|p2b: Froslasso|Protect|p2b: Froslasso\n|-singleturn|p2b: Froslasso|Protect\n|move|p2a: Sneaslerux|Protect|p2a: Sneaslerux\n|-singleturn|p2a: Sneaslerux|Protect\n|move|p1b: Tyranitar|Protect|p1b: Tyranitar\n|-singleturn|p1b: Tyranitar|Protect\n|move|p1a: Excadrill|Shadow Ball|p2b: Froslasso\n|-activate|p2b: Froslasso|move: Protect\n|\n|-weather|Sandstorm|[upkeep]\n|-damage|p1a: Excadrill|94/100|[from] Sandstorm\n|-damage|p2b: Froslasso|94/100|[from] Sandstorm\n|-damage|p2a: Sneaslerux|95/100|[from] Sandstorm\n|upkeep\n|turn|2\n|\n|t:|1776527324\n|switch|p2b: Mausholdi|Maushold-Four, L50|100/100\n|switch|p1b: Hawlucha|Hawlucha, L50, F|100/100\n|move|p1a: Excadrill|Shadow Ball|p2b: Mausholdi\n|-immune|p2b: Mausholdi\n|move|p2a: Sneaslerux|Close Combat|p1b: Hawlucha\n|-resisted|p1b: Hawlucha|1\n|-damage|p1b: Hawlucha|55/100\n|-unboost|p2a: Sneaslerux|def|1\n|-unboost|p2a: Sneaslerux|spd|1\n|-enditem|p2a: Sneaslerux|White Herb\n|-clearnegativeboost|p2a: Sneaslerux|[silent]\n|\n|-weather|Sandstorm|[upkeep]\n|-damage|p2a: Sneaslerux|89/100|[from] Sandstorm\n|-damage|p1a: Excadrill|88/100|[from] Sandstorm\n|-damage|p1b: Hawlucha|50/100|[from] Sandstorm\n|-damage|p2b: Mausholdi|94/100|[from] Sandstorm\n|upkeep\n|turn|3\n|inactive|brojonski has 30 seconds left.\n|\n|t:|1776527357\n|switch|p1a: Tyranitar|Tyranitar, L50, M|100/100\n|move|p2b: Mausholdi|Feint|p1b: Hawlucha\n|-damage|p1b: Hawlucha|36/100\n|move|p2a: Sneaslerux|Dire Claw|p1b: Hawlucha\n|-damage|p1b: Hawlucha|0 fnt\n|faint|p1b: Hawlucha\n|\n|-weather|Sandstorm|[upkeep]\n|-damage|p2a: Sneaslerux|83/100|[from] Sandstorm\n|-damage|p2b: Mausholdi|88/100|[from] Sandstorm\n|upkeep\n|\n|t:|1776527373\n|switch|p1b: Excadrill|Excadrill, L50, M|88/100\n|turn|4\n|\n|t:|1776527388\n|move|p2a: Sneaslerux|Protect|p2a: Sneaslerux\n|-singleturn|p2a: Sneaslerux|Protect\n|move|p1a: Tyranitar|Protect|p1a: Tyranitar\n|-singleturn|p1a: Tyranitar|Protect\n|move|p1b: Excadrill|Icy Wind|p2b: Mausholdi|[spread] p2b\n|-activate|p2a: Sneaslerux|move: Protect\n|-damage|p2b: Mausholdi|69/100\n|-unboost|p2b: Mausholdi|spe|1\n|move|p2b: Mausholdi|Taunt|p1a: Tyranitar\n|-activate|p1a: Tyranitar|move: Protect\n|\n|-weather|Sandstorm|[upkeep]\n|-damage|p2a: Sneaslerux|77/100|[from] Sandstorm\n|-damage|p1b: Excadrill|82/100|[from] Sandstorm\n|-damage|p2b: Mausholdi|63/100|[from] Sandstorm\n|upkeep\n|turn|5\n|inactive|brojonski has 30 seconds left.\n|\n|t:|1776527421\n|switch|p2b: Miloticus|Milotic, L50, F|100/100\n|move|p1a: Tyranitar|Protect|p1a: Tyranitar\n|-singleturn|p1a: Tyranitar|Protect\n|move|p2a: Sneaslerux|Close Combat|p1a: Tyranitar\n|-activate|p1a: Tyranitar|move: Protect\n|move|p1b: Excadrill|Icy Wind|p2a: Sneaslerux|[spread] p2a,p2b\n|-resisted|p2b: Miloticus|1\n|-damage|p2a: Sneaslerux|58/100\n|-damage|p2b: Miloticus|94/100\n|-unboost|p2a: Sneaslerux|spe|1\n|-unboost|p2b: Miloticus|spe|1\n|-ability|p2b: Miloticus|Competitive|boost\n|-boost|p2b: Miloticus|spa|2\n|\n|-weather|none\n|-heal|p2b: Miloticus|100/100|[from] item: Leftovers\n|upkeep\n|turn|6\n|inactive|brojonski has 30 seconds left.\n|-message|brojonski forfeited.\n|\n|win|piedi nei piedi\n|raw|brojonski's rating: 1401 &rarr; <strong>1384</strong><br />(-17 for losing)\n|raw|piedi nei piedi's rating: 1457 &rarr; <strong>1474</strong><br />(+17 for winning)\n",
  "uploadtime": 1776527449,
  "views": 42,
  "formatid": "gen9championsvgc2026regma",
  "rating": 1384,
  "private": 0,
  "password": null
}