{
  "id": "gen9championsvgc2026regma-2581408817",
  "format": "[Gen 9 Champions] VGC 2026 Reg M-A",
  "players": [
    "femiana",
    "iceman5687"
  ],
  "log": "|j|\u2606femiana\n|j|\u2606iceman5687\n|t:|1775997400\n|gametype|doubles\n|player|p1|femiana|265|1070\n|player|p2|iceman5687|266|1022\n|gen|9\n|tier|[Gen 9 Champions] VGC 2026 Reg M-A\n|rated|\n|rule|Species Clause: Limit one of each Pok\u00e9mon\n|rule|Item Clause: Limit 1 of each item\n|clearpoke\n|poke|p1|Dragonite, L50, F|\n|poke|p1|Torterra, L50, F|\n|poke|p1|Infernape, L50, M|\n|poke|p1|Sinistcha, L50|\n|poke|p1|Maushold, L50|\n|poke|p1|Empoleon, L50, F|\n|poke|p2|Feraligatr, L50, F|\n|poke|p2|Whimsicott, L50, F|\n|poke|p2|Aegislash, L50, M|\n|poke|p2|Incineroar, L50, M|\n|poke|p2|Basculegion, L50, M|\n|poke|p2|Sinistcha, L50|\n|teampreview|4\n|\n|t:|1775997425\n|teamsize|p1|4\n|teamsize|p2|4\n|start\n|switch|p1a: Empoleon|Empoleon, L50, F|100/100\n|switch|p1b: Infernape|Infernape, L50, M|100/100\n|switch|p2a: Feraligatr|Feraligatr, L50, F|100/100\n|switch|p2b: Whimsicott|Whimsicott, L50, F|100/100\n|turn|1\n|\n|t:|1775997457\n|detailschange|p2a: Feraligatr|Feraligatr-Mega, L50, F\n|-mega|p2a: Feraligatr|Feraligatr|Feraligite\n|move|p1b: Infernape|Fake Out|p2b: Whimsicott\n|-damage|p2b: Whimsicott|88/100\n|cant|p2b: Whimsicott|flinch\n|move|p2a: Feraligatr|Liquidation|p1b: Infernape\n|-supereffective|p1b: Infernape|1\n|-crit|p1b: Infernape\n|-damage|p1b: Infernape|0 fnt\n|faint|p1b: Infernape\n|move|p1a: Empoleon|Flash Cannon|p2b: Whimsicott\n|-supereffective|p2b: Whimsicott|1\n|-damage|p2b: Whimsicott|9/100\n|\n|upkeep\n|\n|t:|1775997471\n|switch|p1b: Sinistcha|Sinistcha, L50|100/100\n|turn|2\n|\n|t:|1775997488\n|move|p2b: Whimsicott|Endeavor|p1a: Empoleon\n|-damage|p1a: Empoleon|8/100\n|move|p2a: Feraligatr|Liquidation|p1a: Empoleon\n|-resisted|p1a: Empoleon|1\n|-damage|p1a: Empoleon|0 fnt\n|faint|p1a: Empoleon\n|move|p1b: Sinistcha|Matcha Gotcha|p2b: Whimsicott|[spread] p2b\n|-miss|p1b: Sinistcha|p2a: Feraligatr\n|-resisted|p2b: Whimsicott|1\n|-damage|p2b: Whimsicott|0 fnt\n|faint|p2b: Whimsicott\n|\n|upkeep\n|\n|t:|1775997500\n|switch|p2b: Aegislash|Aegislash, L50, M|100/100\n|switch|p1a: Dragonite|Dragonite, L50, F|100/100\n|turn|3\n|\n|t:|1775997515\n|detailschange|p1a: Dragonite|Dragonite-Mega, L50, F\n|-mega|p1a: Dragonite|Dragonite|Dragoninite\n|move|p1a: Dragonite|Protect|p1a: Dragonite\n|-singleturn|p1a: Dragonite|Protect\n|move|p2a: Feraligatr|Protect|p2a: Feraligatr\n|-singleturn|p2a: Feraligatr|Protect\n|-formechange|p2b: Aegislash|Aegislash-Blade|\n|move|p2b: Aegislash|Poltergeist|p1b: Sinistcha|[miss]\n|-miss|p2b: Aegislash|p1b: Sinistcha\n|move|p1b: Sinistcha|Matcha Gotcha|p2a: Feraligatr|[spread] p2b\n|-activate|p2a: Feraligatr|move: Protect\n|-resisted|p2b: Aegislash|1\n|-damage|p2b: Aegislash|72/100\n|-status|p2b: Aegislash|brn\n|\n|-heal|p2b: Aegislash|78/100 brn|[from] item: Leftovers\n|-damage|p2b: Aegislash|72/100 brn|[from] brn\n|upkeep\n|turn|4\n|\n|t:|1775997544\n|switch|p2a: Sinistcha|Sinistcha, L50|100/100\n|-heal|p2b: Aegislash|97/100 brn|[from] ability: Hospitality|[of] p2a: Sinistcha\n|move|p1b: Sinistcha|Rage Powder|p1b: Sinistcha\n|-singleturn|p1b: Sinistcha|move: Rage Powder\n|move|p2b: Aegislash|Poltergeist|p1b: Sinistcha\n|-activate|p1b: Sinistcha|move: Poltergeist|Mental Herb\n|-supereffective|p1b: Sinistcha|1\n|-damage|p1b: Sinistcha|47/100\n|move|p1a: Dragonite|Draco Meteor|p2a: Sinistcha\n|-damage|p2a: Sinistcha|21/100\n|-unboost|p1a: Dragonite|spa|2\n|\n|-heal|p2b: Aegislash|100/100 brn|[from] item: Leftovers\n|-damage|p2b: Aegislash|95/100 brn|[from] brn\n|upkeep\n|turn|5\n|\n|t:|1775997569\n|move|p2b: Aegislash|Poltergeist|p1b: Sinistcha\n|-activate|p1b: Sinistcha|move: Poltergeist|Mental Herb\n|-supereffective|p1b: Sinistcha|1\n|-damage|p1b: Sinistcha|0 fnt\n|faint|p1b: Sinistcha\n|move|p1a: Dragonite|Heat Wave|p2a: Sinistcha|[spread] p2a,p2b\n|-supereffective|p2a: Sinistcha|1\n|-crit|p2a: Sinistcha\n|-supereffective|p2b: Aegislash|1\n|-damage|p2a: Sinistcha|0 fnt\n|-damage|p2b: Aegislash|30/100 brn\n|faint|p2a: Sinistcha\n|\n|-heal|p2b: Aegislash|36/100 brn|[from] item: Leftovers\n|-damage|p2b: Aegislash|30/100 brn|[from] brn\n|upkeep\n|\n|t:|1775997577\n|switch|p2a: Feraligatr|Feraligatr-Mega, L50, F|100/100\n|turn|6\n|\n|t:|1775997590\n|move|p2b: Aegislash|Iron Head|p1a: Dragonite\n|-damage|p1a: Dragonite|92/100\n|move|p1a: Dragonite|Draco Meteor|p2a: Feraligatr|[miss]\n|-miss|p1a: Dragonite|p2a: Feraligatr\n|move|p2a: Feraligatr|Double-Edge|p1a: Dragonite\n|-supereffective|p1a: Dragonite|1\n|-damage|p1a: Dragonite|0 fnt\n|faint|p1a: Dragonite\n|-damage|p2a: Feraligatr|65/100|[from] Recoil\n|\n|win|iceman5687\n|raw|femiana's rating: 1070 &rarr; <strong>1047</strong><br />(-23 for losing)\n|raw|iceman5687's rating: 1022 &rarr; <strong>1064</strong><br />(+42 for winning)\n",
  "uploadtime": 1775997590,
  "views": 18,
  "formatid": "gen9championsvgc2026regma",
  "rating": 1047,
  "private": 0,
  "password": null
}