{
  "id": "gen9championsvgc2026regma-2581721778",
  "format": "[Gen 9 Champions] VGC 2026 Reg M-A",
  "players": [
    "Mayor Wren",
    "thealex610"
  ],
  "log": "|j|\u2606Mayor Wren\n|j|\u2606thealex610\n|t:|1776023369\n|gametype|doubles\n|player|p1|Mayor Wren|hilda|1105\n|player|p2|thealex610|169|1160\n|gen|9\n|tier|[Gen 9 Champions] VGC 2026 Reg M-A\n|rated|\n|rule|Species Clause: Limit one of each Pok\u00e9mon\n|rule|Item Clause: Limit 1 of each item\n|clearpoke\n|poke|p1|Froslass, L50, F|\n|poke|p1|Arcanine-Hisui, L50, F|\n|poke|p1|Palafin, L50, F|\n|poke|p1|Kingambit, L50, F|\n|poke|p1|Clefable, L50, F|\n|poke|p1|Kommo-o, L50, F|\n|poke|p2|Sneasler, L50, M|\n|poke|p2|Talonflame, L50, F|\n|poke|p2|Milotic, L50, F|\n|poke|p2|Aegislash, L50, F|\n|poke|p2|Scizor, L50, F|\n|poke|p2|Tyranitar, L50, F|\n|teampreview|4\n|\n|t:|1776023401\n|teamsize|p1|4\n|teamsize|p2|4\n|start\n|switch|p1a: Snowflake|Froslass, L50, F|100/100\n|switch|p1b: Ecco|Palafin, L50, F|100/100\n|switch|p2a: Sneasler|Sneasler, L50, M|100/100\n|switch|p2b: Talonflame|Talonflame, L50, F|100/100\n|turn|1\n|\n|t:|1776023429\n|detailschange|p1a: Snowflake|Froslass-Mega, L50, F\n|-mega|p1a: Snowflake|Froslass|Froslassite\n|-weather|Snowscape|[from] ability: Snow Warning|[of] p1a: Snowflake\n|move|p1b: Ecco|Protect|p1b: Ecco\n|-singleturn|p1b: Ecco|Protect\n|move|p2a: Sneasler|Fake Out|p1b: Ecco\n|-activate|p1b: Ecco|move: Protect\n|move|p1a: Snowflake|Aurora Veil|p1a: Snowflake\n|-sidestart|p1: Mayor Wren|move: Aurora Veil\n|move|p2b: Talonflame|Flare Blitz|p1a: Snowflake\n|-supereffective|p1a: Snowflake|1\n|-damage|p1a: Snowflake|31/100\n|-damage|p2b: Talonflame|80/100|[from] Recoil\n|\n|-weather|Snowscape|[upkeep]\n|upkeep\n|turn|2\n|\n|t:|1776023467\n|move|p1a: Snowflake|Blizzard|p2b: Talonflame|[spread] p2a,p2b\n|-damage|p2a: Sneasler|35/100\n|-damage|p2b: Talonflame|8/100\n|move|p2b: Talonflame|Flare Blitz|p1a: Snowflake\n|-supereffective|p1a: Snowflake|1\n|-damage|p1a: Snowflake|0 fnt\n|faint|p1a: Snowflake\n|-damage|p2b: Talonflame|0 fnt|[from] Recoil\n|faint|p2b: Talonflame\n|move|p2a: Sneasler|Close Combat|p1b: Ecco\n|-damage|p1b: Ecco|48/100\n|-unboost|p2a: Sneasler|def|1\n|-unboost|p2a: Sneasler|spd|1\n|-enditem|p2a: Sneasler|White Herb\n|-clearnegativeboost|p2a: Sneasler|[silent]\n|move|p1b: Ecco|Flip Turn|p2a: Sneasler\n|-damage|p2a: Sneasler|0 fnt\n|faint|p2a: Sneasler\n|\n|t:|1776023488\n|detailschange|p1b: Ecco|Palafin-Hero, L50, F\n|switch|p1b: Nines|Arcanine-Hisui, L50, F|100/100|[from] Flip Turn\n|\n|-weather|Snowscape|[upkeep]\n|upkeep\n|\n|t:|1776023497\n|switch|p1a: Ecco|Palafin-Hero, L50, F|48/100\n|switch|p2b: Tyranitar|Tyranitar, L50, F|100/100\n|switch|p2a: Aegislash|Aegislash, L50, F|100/100\n|-activate|p1a: Ecco|ability: Zero to Hero\n|-weather|Sandstorm|[from] ability: Sand Stream|[of] p2b: Tyranitar\n|turn|3\n|\n|t:|1776023524\n|detailschange|p2b: Tyranitar|Tyranitar-Mega, L50, F\n|-mega|p2b: Tyranitar|Tyranitar|Tyranitarite\n|move|p2b: Tyranitar|Protect|p2b: Tyranitar\n|-singleturn|p2b: Tyranitar|Protect\n|move|p2a: Aegislash|King's Shield|p2a: Aegislash\n|-singleturn|p2a: Aegislash|Protect\n|move|p1a: Ecco|Jet Punch|p2b: Tyranitar\n|-activate|p2b: Tyranitar|move: Protect\n|move|p1b: Nines|Howl|p1b: Nines|[spread] p1a,p1b\n|-boost|p1a: Ecco|atk|1\n|-boost|p1b: Nines|atk|1\n|\n|-weather|Sandstorm|[upkeep]\n|-damage|p1a: Ecco|43/100|[from] Sandstorm\n|upkeep\n|turn|4\n|\n|t:|1776023544\n|switch|p1b: Scales|Kommo-o, L50, F|100/100\n|move|p1a: Ecco|Jet Punch|p2b: Tyranitar\n|-supereffective|p2b: Tyranitar|1\n|-damage|p2b: Tyranitar|1/100\n|move|p2b: Tyranitar|Rock Slide|p1a: Ecco|[spread] p1a,p1b\n|-resisted|p1b: Scales|1\n|-damage|p1a: Ecco|20/100\n|-damage|p1b: Scales|92/100\n|-formechange|p2a: Aegislash|Aegislash-Blade|\n|move|p2a: Aegislash|Sacred Sword|p1a: Ecco\n|-damage|p1a: Ecco|1/100\n|\n|-weather|Sandstorm|[upkeep]\n|-damage|p1a: Ecco|0 fnt|[from] Sandstorm\n|faint|p1a: Ecco\n|-heal|p1b: Scales|98/100|[from] item: Leftovers\n|upkeep\n|\n|t:|1776023559\n|switch|p1a: Nines|Arcanine-Hisui, L50, F|100/100\n|-ability|p1a: Nines|Intimidate|boost\n|-unboost|p2a: Aegislash|atk|1\n|-unboost|p2b: Tyranitar|atk|1\n|turn|5\n|\n|t:|1776023575\n|move|p2b: Tyranitar|Protect|p2b: Tyranitar\n|-singleturn|p2b: Tyranitar|Protect\n|move|p1a: Nines|Flare Blitz|p2a: Aegislash\n|-supereffective|p2a: Aegislash|1\n|-damage|p2a: Aegislash|0 fnt\n|faint|p2a: Aegislash\n|-damage|p1a: Nines|77/100|[from] Recoil\n|move|p1b: Scales|Iron Defense|p1b: Scales\n|-boost|p1b: Scales|def|2\n|\n|-weather|Sandstorm|[upkeep]\n|-heal|p1b: Scales|100/100|[from] item: Leftovers\n|-sideend|p1: Mayor Wren|move: Aurora Veil\n|upkeep\n|turn|6\n|\n|t:|1776023594\n|move|p1a: Nines|Rock Slide|p2b: Tyranitar\n|-damage|p2b: Tyranitar|0 fnt\n|faint|p2b: Tyranitar\n|\n|win|Mayor Wren\n|raw|Mayor Wren's rating: 1105 &rarr; <strong>1134</strong><br />(+29 for winning)\n|raw|thealex610's rating: 1160 &rarr; <strong>1131</strong><br />(-29 for losing)\n|c|\u2606Mayor Wren|gg\n",
  "uploadtime": 1776023601,
  "views": 40,
  "formatid": "gen9championsvgc2026regma",
  "rating": 1131,
  "private": 0,
  "password": null
}