{
  "id": "gen9championsvgc2026regma-2586044952",
  "format": "[Gen 9 Champions] VGC 2026 Reg M-A",
  "players": [
    "donkey kong 223",
    "Phillip Blevin"
  ],
  "log": "|j|\u2606donkey kong 223\n|j|\u2606Phillip Blevin\n|t:|1776393317\n|gametype|doubles\n|player|p1|donkey kong 223|burglar|1436\n|player|p2|Phillip Blevin|cynthia-masters4|1370\n|gen|9\n|tier|[Gen 9 Champions] VGC 2026 Reg M-A\n|rated|\n|rule|Species Clause: Limit one of each Pok\u00e9mon\n|rule|Item Clause: Limit 1 of each item\n|clearpoke\n|poke|p1|Delphox, L50, F|\n|poke|p1|Basculegion, L50, M|\n|poke|p1|Kingambit, L50, M|\n|poke|p1|Sneasler, L50, F|\n|poke|p1|Clefable, L50, M|\n|poke|p1|Dragonite, L50, F|\n|poke|p2|Froslass, L50, F|\n|poke|p2|Corviknight, L50, F|\n|poke|p2|Sneasler, L50, F|\n|poke|p2|Rotom-Mow, L50|\n|poke|p2|Incineroar, L50, F|\n|poke|p2|Garchomp, L50, M|\n|teampreview|4\n|inactive|Battle timer is ON: inactive players will automatically lose when time's up. (requested by Phillip Blevin)\nPhillip Blevin has agreed to open team sheets.\n|\n|t:|1776393342\n|teamsize|p1|4\n|teamsize|p2|4\n|start\n|switch|p1a: Medea|Delphox, L50, F|100/100\n|switch|p1b: Jeremy Wade|Basculegion, L50, M|100/100\n|switch|p2a: Incineroar|Incineroar, L50, F|100/100\n|switch|p2b: Garchomp|Garchomp, L50, M|100/100\n|-ability|p2a: Incineroar|Intimidate|boost\n|-unboost|p1a: Medea|atk|1\n|-unboost|p1b: Jeremy Wade|atk|1\n|turn|1\n|\n|t:|1776393352\n|detailschange|p1a: Medea|Delphox-Mega, L50, F\n|-mega|p1a: Medea|Delphox|Delphoxite\n|move|p1a: Medea|Protect|p1a: Medea\n|-singleturn|p1a: Medea|Protect\n|move|p2b: Garchomp|Protect|p2b: Garchomp\n|-singleturn|p2b: Garchomp|Protect\n|move|p1b: Jeremy Wade|Wave Crash|p2a: Incineroar\n|-supereffective|p2a: Incineroar|1\n|-enditem|p2a: Incineroar|Passho Berry|[eat]\n|-enditem|p2a: Incineroar|Passho Berry|[weaken]\n|-damage|p2a: Incineroar|62/100\n|-damage|p1b: Jeremy Wade|87/100|[from] Recoil\n|move|p2a: Incineroar|Darkest Lariat|p1b: Jeremy Wade\n|-supereffective|p1b: Jeremy Wade|1\n|-damage|p1b: Jeremy Wade|0 fnt\n|faint|p1b: Jeremy Wade\n|\n|upkeep\n|c|\u2606donkey kong 223|I see\n|\n|t:|1776393366\n|switch|p1b: Edric|Sneasler, L50, F|100/100\n|turn|2\n|\n|t:|1776393383\n|move|p1a: Medea|Psychic|p2b: Garchomp\n|-damage|p2b: Garchomp|40/100\n|move|p1b: Edric|Close Combat|p2a: Incineroar\n|-supereffective|p2a: Incineroar|1\n|-damage|p2a: Incineroar|0 fnt\n|-unboost|p1b: Edric|def|1\n|-unboost|p1b: Edric|spd|1\n|faint|p2a: Incineroar\n|move|p2b: Garchomp|Scale Shot|p1a: Medea\n|-damage|p1a: Medea|80/100\n|-damage|p1a: Medea|58/100\n|-damage|p1a: Medea|38/100\n|-damage|p1a: Medea|17/100\n|-damage|p1a: Medea|0 fnt\n|faint|p1a: Medea\n|-hitcount|p1: Medea|5\n|-unboost|p2b: Garchomp|def|1\n|-boost|p2b: Garchomp|spe|1\n|\n|upkeep\n|\n|t:|1776393396\n|switch|p1a: Mefesto|Kingambit, L50, M|100/100\n|switch|p2a: Corviknight|Corviknight, L50, F|100/100\n|turn|3\n|\n|t:|1776393418\n|move|p2b: Garchomp|Protect|p2b: Garchomp\n|-singleturn|p2b: Garchomp|Protect\n|move|p1b: Edric|Close Combat|p2a: Corviknight\n|-damage|p2a: Corviknight|64/100\n|-unboost|p1b: Edric|def|1\n|-unboost|p1b: Edric|spd|1\n|move|p2a: Corviknight|Bulk Up|p2a: Corviknight\n|-boost|p2a: Corviknight|atk|1\n|-boost|p2a: Corviknight|def|1\n|move|p1a: Mefesto|Kowtow Cleave|p2a: Corviknight\n|-damage|p2a: Corviknight|39/100\n|\n|-heal|p2a: Corviknight|45/100|[from] item: Leftovers\n|upkeep\n|turn|4\n|\n|t:|1776393437\n|move|p1a: Mefesto|Sucker Punch|p2b: Garchomp\n|-damage|p2b: Garchomp|0 fnt\n|-damage|p1a: Mefesto|88/100|[from] ability: Rough Skin|[of] p2b: Garchomp\n|faint|p2b: Garchomp\n|move|p1b: Edric|Close Combat|p2a: Corviknight\n|-damage|p2a: Corviknight|21/100\n|-unboost|p1b: Edric|def|1\n|-unboost|p1b: Edric|spd|1\n|move|p2a: Corviknight|Roost|p2a: Corviknight\n|-heal|p2a: Corviknight|71/100\n|-singleturn|p2a: Corviknight|move: Roost\n|\n|-heal|p2a: Corviknight|77/100|[from] item: Leftovers\n|upkeep\n|\n|t:|1776393440\n|switch|p2b: Froslass|Froslass, L50, F|100/100\n|turn|5\n|\n|t:|1776393448\n|detailschange|p2b: Froslass|Froslass-Mega, L50, F\n|-mega|p2b: Froslass|Froslass|Froslassite\n|-weather|Snowscape|[from] ability: Snow Warning|[of] p2b: Froslass\n|move|p1b: Edric|Close Combat|p2a: Corviknight\n|-damage|p2a: Corviknight|53/100\n|-unboost|p1b: Edric|def|1\n|-unboost|p1b: Edric|spd|1\n|move|p2b: Froslass|Aurora Veil|p2b: Froslass\n|-sidestart|p2: Phillip Blevin|move: Aurora Veil\n|move|p2a: Corviknight|Body Press|p1a: Mefesto\n|-supereffective|p1a: Mefesto|2\n|-damage|p1a: Mefesto|0 fnt\n|faint|p1a: Mefesto\n|\n|-weather|Snowscape|[upkeep]\n|-heal|p2a: Corviknight|59/100|[from] item: Leftovers\n|upkeep\n|turn|6\n|c|\u2606donkey kong 223|why don't u just iron defense\n|c|\u2606Phillip Blevin|brave bird\n|c|\u2606donkey kong 223|ahh\n|c|\u2606donkey kong 223|gg\n|inactive|donkey kong 223 has 30 seconds left.\n|-message|donkey kong 223 forfeited.\n|\n|win|Phillip Blevin\n|raw|donkey kong 223's rating: 1436 &rarr; <strong>1412</strong><br />(-24 for losing)\n|raw|Phillip Blevin's rating: 1370 &rarr; <strong>1394</strong><br />(+24 for winning)\n",
  "uploadtime": 1776393474,
  "views": 28,
  "formatid": "gen9championsvgc2026regma",
  "rating": 1394,
  "private": 0,
  "password": null
}