{
  "id": "gen9championsvgc2026regma-2582819224",
  "format": "[Gen 9 Champions] VGC 2026 Reg M-A",
  "players": [
    "Nachofrize",
    "toxicBLenthusiast"
  ],
  "log": "|j|\u2606Nachofrize\n|j|\u2606toxicBLenthusiast\n|t:|1776116506\n|gametype|doubles\n|player|p1|Nachofrize|cynthia|1019\n|player|p2|toxicBLenthusiast|170|1000\n|gen|9\n|tier|[Gen 9 Champions] VGC 2026 Reg M-A\n|rated|\n|rule|Species Clause: Limit one of each Pok\u00e9mon\n|rule|Item Clause: Limit 1 of each item\n|clearpoke\n|poke|p1|Sableye, L50, M|\n|poke|p1|Aggron, L50, F|\n|poke|p1|Toxapex, L50, F|\n|poke|p1|Clefable, L50, M|\n|poke|p1|Meowscarada, L50, F|\n|poke|p1|Alakazam, L50, M|\n|poke|p2|Floette-Eternal, L50, F|\n|poke|p2|Kingambit, L50, F|\n|poke|p2|Delphox, L50, F|\n|poke|p2|Incineroar, L50, F|\n|poke|p2|Sneasler, L50, F|\n|poke|p2|Garchomp, L50, M|\n|teampreview|4\ntoxicBLenthusiast rejected open team sheets.\n|\n|t:|1776116587\n|teamsize|p1|4\n|teamsize|p2|4\n|start\n|switch|p1a: Sableye|Sableye, L50, M|100/100\n|switch|p1b: Aggron|Aggron, L50, F, shiny|100/100\n|switch|p2a: Delphox|Delphox, L50, F|100/100\n|switch|p2b: Kingambit|Kingambit, L50, F|100/100\n|turn|1\n|inactive|Battle timer is ON: inactive players will automatically lose when time's up. (requested by Nachofrize)\n|n|\u2606toxicBLenthusiast|toxicblenthusiast\n|inactive|toxicBLenthusiast has 60 seconds left.\n|\n|t:|1776116621\n|detailschange|p2a: Delphox|Delphox-Mega, L50, F\n|-mega|p2a: Delphox|Delphox|Delphoxite\n|detailschange|p1b: Aggron|Aggron-Mega, L50, F, shiny\n|-mega|p1b: Aggron|Aggron|Aggronite\n|move|p2a: Delphox|Protect|p2a: Delphox\n|-singleturn|p2a: Delphox|Protect\n|move|p2b: Kingambit|Protect|p2b: Kingambit\n|-singleturn|p2b: Kingambit|Protect\n|move|p1a: Sableye|Fake Out|p2a: Delphox\n|-activate|p2a: Delphox|move: Protect\n|move|p1b: Aggron|Iron Defense|p1b: Aggron\n|-boost|p1b: Aggron|def|2\n|\n|upkeep\n|turn|2\n|inactive|toxicBLenthusiast has 30 seconds left.\n|\n|t:|1776116646\n|switch|p1a: Toxapex|Toxapex, L50, F|100/100\n|move|p1b: Aggron|Protect|p1b: Aggron\n|-singleturn|p1b: Aggron|Protect\n|move|p2a: Delphox|Encore|p1b: Aggron\n|-activate|p1b: Aggron|move: Protect\n|move|p2b: Kingambit|Iron Head|p1a: Toxapex\n|-resisted|p1a: Toxapex|1\n|-crit|p1a: Toxapex\n|-damage|p1a: Toxapex|74/100\n|\n|-heal|p1a: Toxapex|79/100|[from] item: Leftovers\n|upkeep\n|turn|3\n|inactive|Nachofrize has 30 seconds left.\n|inactive|toxicBLenthusiast has 30 seconds left.\n|inactive|Nachofrize has 20 seconds left.\n|\n|t:|1776116682\n|switch|p2b: Incineroar|Incineroar, L50, F|100/100\n|-ability|p2b: Incineroar|Intimidate|boost\n|-unboost|p1a: Toxapex|atk|1\n|-unboost|p1b: Aggron|atk|1\n|move|p1a: Toxapex|Wide Guard|p1a: Toxapex\n|-singleturn|p1a: Toxapex|Wide Guard\n|move|p2a: Delphox|Encore|p1b: Aggron\n|-start|p1b: Aggron|Encore\n|move|p1b: Aggron|Protect||[still]\n|-fail|p1b: Aggron\n|\n|-heal|p1a: Toxapex|85/100|[from] item: Leftovers\n|upkeep\n|turn|4\n|inactive|Nachofrize has 30 seconds left.\n|inactive|toxicBLenthusiast has 30 seconds left.\n|\n|t:|1776116716\n|move|p1b: Aggron|Protect|p1b: Aggron\n|-singleturn|p1b: Aggron|Protect\n|move|p2a: Delphox|Psychic|p1a: Toxapex\n|-supereffective|p1a: Toxapex|1\n|-damage|p1a: Toxapex|27/100\n|move|p2b: Incineroar|Parting Shot|p1a: Toxapex\n|-unboost|p1a: Toxapex|atk|1\n|-unboost|p1a: Toxapex|spa|1\n|\n|t:|1776116724\n|switch|p2b: Kingambit|Kingambit, L50, F|100/100|[from] Parting Shot\n|move|p1a: Toxapex|Liquidation|p2a: Delphox\n|-supereffective|p2a: Delphox|1\n|-damage|p2a: Delphox|78/100\n|\n|-heal|p1a: Toxapex|32/100|[from] item: Leftovers\n|upkeep\n|turn|5\n|\n|t:|1776116738\n|switch|p2b: Incineroar|Incineroar, L50, F|100/100\n|-ability|p2b: Incineroar|Intimidate|boost\n|-unboost|p1a: Toxapex|atk|1\n|-unboost|p1b: Aggron|atk|1\n|move|p1b: Aggron|Protect||[still]\n|-fail|p1b: Aggron\n|move|p2a: Delphox|Psychic|p1a: Toxapex\n|-supereffective|p1a: Toxapex|1\n|-damage|p1a: Toxapex|0 fnt\n|faint|p1a: Toxapex\n|\n|-end|p1b: Aggron|Encore\n|upkeep\n|\n|t:|1776116748\n|switch|p1a: Meowscarada|Meowscarada, L50, F|100/100\n|turn|6\n|\n|t:|1776116764\n|move|p2b: Incineroar|Fake Out|p1a: Meowscarada\n|-damage|p1a: Meowscarada|83/100\n|cant|p1a: Meowscarada|flinch\n|move|p2a: Delphox|Encore|p1b: Aggron\n|-start|p1b: Aggron|Encore\n|move|p1b: Aggron|Protect||[still]\n|-fail|p1b: Aggron\n|\n|upkeep\n|turn|7\n|\n|t:|1776116779\n|move|p1b: Aggron|Protect|p1b: Aggron\n|-singleturn|p1b: Aggron|Protect\n|move|p1a: Meowscarada|Knock Off|p2a: Delphox\n|-start|p1a: Meowscarada|typechange|Dark|[from] ability: Protean\n|-supereffective|p2a: Delphox|1\n|-damage|p2a: Delphox|2/100\n|move|p2a: Delphox|Heat Wave|p1a: Meowscarada|[spread] p1a\n|-activate|p1b: Aggron|move: Protect\n|-damage|p1a: Meowscarada|22/100\n|-status|p1a: Meowscarada|brn\n|move|p2b: Incineroar|Parting Shot|p1a: Meowscarada\n|-unboost|p1a: Meowscarada|atk|1\n|-unboost|p1a: Meowscarada|spa|1\n|\n|t:|1776116793\n|switch|p2b: Sneasler|Sneasler, L50, F|100/100|[from] Parting Shot\n|\n|-damage|p1a: Meowscarada|16/100 brn|[from] brn\n|upkeep\n|turn|8\n|\n|t:|1776116807\n|switch|p1a: Sableye|Sableye, L50, M|100/100\n|move|p1b: Aggron|Protect|p1b: Aggron\n|-singleturn|p1b: Aggron|Protect\n|move|p2b: Sneasler|Fake Out|p1a: Sableye\n|-immune|p1a: Sableye\n|move|p2a: Delphox|Heat Wave|p1a: Sableye|[spread] \n|-activate|p1b: Aggron|move: Protect\n|-miss|p2a: Delphox|p1a: Sableye\n|\n|-end|p1b: Aggron|Encore\n|upkeep\n|turn|9\n|inactive|toxicBLenthusiast has 30 seconds left.\n|\n|t:|1776116839\n|switch|p2a: Incineroar|Incineroar, L50, F|100/100\n|-ability|p2a: Incineroar|Intimidate|boost\n|-unboost|p1a: Sableye|atk|1\n|-unboost|p1b: Aggron|atk|1\n|move|p2b: Sneasler|Dire Claw|p1a: Sableye\n|-resisted|p1a: Sableye|1\n|-damage|p1a: Sableye|77/100\n|move|p1b: Aggron|Body Press|p2a: Incineroar\n|-supereffective|p2a: Incineroar|1\n|-damage|p2a: Incineroar|0 fnt\n|faint|p2a: Incineroar\n|move|p1a: Sableye|Foul Play|p2b: Sneasler\n|-resisted|p2b: Sneasler|1\n|-damage|p2b: Sneasler|55/100\n|\n|upkeep\n|\n|t:|1776116853\n|switch|p2a: Delphox|Delphox-Mega, L50, F|2/100\n|turn|10\n|\n|t:|1776116870\n|move|p1a: Sableye|Quash|p2a: Delphox\n|-activate|p2a: Delphox|move: Quash\n|move|p2b: Sneasler|Close Combat|p1b: Aggron\n|-supereffective|p1b: Aggron|1\n|-damage|p1b: Aggron|73/100\n|-unboost|p2b: Sneasler|def|1\n|-unboost|p2b: Sneasler|spd|1\n|-enditem|p2b: Sneasler|White Herb\n|-clearnegativeboost|p2b: Sneasler|[silent]\n|move|p1b: Aggron|Body Press|p2a: Delphox\n|-resisted|p2a: Delphox|1\n|-damage|p2a: Delphox|0 fnt\n|faint|p2a: Delphox\n|\n|upkeep\n|\n|t:|1776116881\n|switch|p2a: Kingambit|Kingambit, L50, F|100/100\n|turn|11\n|\n|t:|1776116899\n|move|p1a: Sableye|Quash|p2b: Sneasler\n|-activate|p2b: Sneasler|move: Quash\n|move|p2a: Kingambit|Iron Head|p1a: Sableye\n|-damage|p1a: Sableye|25/100\n|move|p1b: Aggron|Body Press|p2a: Kingambit\n|-supereffective|p2a: Kingambit|2\n|-enditem|p2a: Kingambit|Chople Berry|[eat]\n|-enditem|p2a: Kingambit|Chople Berry|[weaken]\n|-damage|p2a: Kingambit|0 fnt\n|faint|p2a: Kingambit\n|move|p2b: Sneasler|Close Combat|p1b: Aggron\n|-supereffective|p1b: Aggron|1\n|-damage|p1b: Aggron|47/100\n|-unboost|p2b: Sneasler|def|1\n|-unboost|p2b: Sneasler|spd|1\n|\n|upkeep\n|turn|12\n|-message|toxicBLenthusiast forfeited.\n|\n|win|Nachofrize\n|raw|Nachofrize's rating: 1019 &rarr; <strong>1054</strong><br />(+35 for winning)\n|raw|toxicBLenthusiast's rating: 1000 &rarr; <strong>1000</strong><br />(+0 for losing)\n|l|\u2606toxicBLenthusiast\n|player|p2|\n",
  "uploadtime": 1776116923,
  "views": 15,
  "formatid": "gen9championsvgc2026regma",
  "rating": 1000,
  "private": 0,
  "password": null
}