{
  "id": "gen9championsvgc2026regma-2581484456",
  "format": "[Gen 9 Champions] VGC 2026 Reg M-A",
  "players": [
    "iloveapchamp",
    "Kalaphant"
  ],
  "log": "|j|\u2606iloveapchamp\n|j|\u2606Kalaphant\n|t:|1776004768\n|gametype|doubles\n|player|p1|iloveapchamp|266|1121\n|player|p2|Kalaphant|1|1040\n|gen|9\n|tier|[Gen 9 Champions] VGC 2026 Reg M-A\n|rated|\n|rule|Species Clause: Limit one of each Pok\u00e9mon\n|rule|Item Clause: Limit 1 of each item\n|clearpoke\n|poke|p1|Delphox, L50, F|\n|poke|p1|Incineroar, L50, M|\n|poke|p1|Meganium, L50, M|\n|poke|p1|Garchomp, L50, F|\n|poke|p1|Sneasler, L50, F|\n|poke|p1|Kingambit, L50, M|\n|poke|p2|Gengar, L50, F|\n|poke|p2|Politoed, L50, F|\n|poke|p2|Whimsicott, L50, F|\n|poke|p2|Incineroar, L50, F|\n|poke|p2|Charizard, L50, F|\n|poke|p2|Sneasler, L50, M|\n|teampreview|4\n|inactive|Battle timer is ON: inactive players will automatically lose when time's up. (requested by Kalaphant)\n|c|\u2606Kalaphant|glhf\nKalaphant has agreed to open team sheets.\n|\n|t:|1776004794\n|teamsize|p1|4\n|teamsize|p2|4\n|start\n|switch|p1a: Delphox|Delphox, L50, F|100/100\n|switch|p1b: Garchomp|Garchomp, L50, F|100/100\n|switch|p2a: Gengar|Gengar, L50, F|100/100\n|switch|p2b: Incineroar|Incineroar, L50, F|100/100\n|-ability|p2b: Incineroar|Intimidate|boost\n|-unboost|p1a: Delphox|atk|1\n|-unboost|p1b: Garchomp|atk|1\n|turn|1\n|\n|t:|1776004819\n|detailschange|p1a: Delphox|Delphox-Mega, L50, F\n|-mega|p1a: Delphox|Delphox|Delphoxite\n|detailschange|p2a: Gengar|Gengar-Mega, L50, F\n|-mega|p2a: Gengar|Gengar|Gengarite\n|move|p1a: Delphox|Protect|p1a: Delphox\n|-singleturn|p1a: Delphox|Protect\n|move|p2b: Incineroar|Fake Out|p1a: Delphox\n|-activate|p1a: Delphox|move: Protect\n|move|p2a: Gengar|Perish Song|p2a: Gengar\n|-start|p1a: Delphox|perish3|[silent]\n|-start|p1b: Garchomp|perish3|[silent]\n|-start|p2a: Gengar|perish3|[silent]\n|-start|p2b: Incineroar|perish3|[silent]\n|-fieldactivate|move: Perish Song\n|move|p1b: Garchomp|Earthquake|p2a: Gengar|[spread] p2a,p2b\n|-activate|p1a: Delphox|move: Protect\n|-supereffective|p2a: Gengar|1\n|-supereffective|p2b: Incineroar|1\n|-damage|p2a: Gengar|45/100\n|-damage|p2b: Incineroar|56/100\n|\n|-start|p1a: Delphox|perish3\n|-start|p2a: Gengar|perish3\n|-start|p1b: Garchomp|perish3\n|-start|p2b: Incineroar|perish3\n|upkeep\n|turn|2\n|inactive|iloveapchamp has 30 seconds left.\n|inactive|Kalaphant has 30 seconds left.\n|\n|t:|1776004847\n|move|p2a: Gengar|Protect|p2a: Gengar\n|-singleturn|p2a: Gengar|Protect\n|move|p1a: Delphox|Light Screen|p1a: Delphox\n|-sidestart|p1: iloveapchamp|move: Light Screen\n|move|p1b: Garchomp|Earthquake|p2a: Gengar|[spread] p2b\n|-activate|p2a: Gengar|move: Protect\n|-immune|p1a: Delphox|[from] ability: Levitate\n|-supereffective|p2b: Incineroar|1\n|-damage|p2b: Incineroar|8/100\n|move|p2b: Incineroar|Parting Shot|p1b: Garchomp\n|-unboost|p1b: Garchomp|atk|1\n|-unboost|p1b: Garchomp|spa|1\n|\n|t:|1776004867\n|switch|p2b: Politoed|Politoed, L50, F|100/100|[from] Parting Shot\n|-weather|RainDance|[from] ability: Drizzle|[of] p2b: Politoed\n|\n|-weather|RainDance|[upkeep]\n|-start|p1a: Delphox|perish2\n|-start|p2a: Gengar|perish2\n|-start|p1b: Garchomp|perish2\n|upkeep\n|turn|3\n|\n|t:|1776004879\n|switch|p2a: Incineroar|Incineroar, L50, F|8/100\n|-ability|p2a: Incineroar|Intimidate|boost\n|-unboost|p1a: Delphox|atk|1\n|-unboost|p1b: Garchomp|atk|1\n|move|p2b: Politoed|Protect|p2b: Politoed\n|-singleturn|p2b: Politoed|Protect\n|move|p1a: Delphox|Psychic|p2a: Incineroar\n|-immune|p2a: Incineroar\n|move|p1b: Garchomp|Earthquake|p2a: Incineroar|[spread] p2a\n|-activate|p2b: Politoed|move: Protect\n|-immune|p1a: Delphox|[from] ability: Levitate\n|-supereffective|p2a: Incineroar|1\n|-damage|p2a: Incineroar|0 fnt\n|faint|p2a: Incineroar\n|\n|-weather|RainDance|[upkeep]\n|-start|p1a: Delphox|perish1\n|-start|p1b: Garchomp|perish1\n|upkeep\n|\n|t:|1776004897\n|switch|p2a: Gengar|Gengar-Mega, L50, F|45/100\n|turn|4\n|\n|t:|1776004909\n|move|p2a: Gengar|Protect|p2a: Gengar\n|-singleturn|p2a: Gengar|Protect\n|move|p1a: Delphox|Psychic|p2b: Politoed\n|-damage|p2b: Politoed|59/100\n|move|p1b: Garchomp|Dragon Claw|p2b: Politoed\n|-damage|p2b: Politoed|41/100\n|-enditem|p2b: Politoed|Sitrus Berry|[eat]\n|-heal|p2b: Politoed|65/100|[from] item: Sitrus Berry\n|move|p2b: Politoed|Weather Ball|p1a: Delphox\n|-supereffective|p1a: Delphox|1\n|-damage|p1a: Delphox|36/100\n|\n|-weather|RainDance|[upkeep]\n|-start|p1a: Delphox|perish0\n|-start|p1b: Garchomp|perish0\n|faint|p1a: Delphox\n|faint|p1b: Garchomp\n|upkeep\n|\n|t:|1776004924\n|switch|p1a: Sneasler|Sneasler, L50, F|100/100\n|switch|p1b: Kingambit|Kingambit, L50, M|100/100\n|turn|5\n|\n|t:|1776004950\n|move|p2b: Politoed|Protect|p2b: Politoed\n|-singleturn|p2b: Politoed|Protect\n|move|p1a: Sneasler|Close Combat|p2b: Politoed\n|-activate|p2b: Politoed|move: Protect\n|move|p2a: Gengar|Perish Song|p2a: Gengar\n|-start|p1a: Sneasler|perish3|[silent]\n|-start|p1b: Kingambit|perish3|[silent]\n|-start|p2a: Gengar|perish3|[silent]\n|-start|p2b: Politoed|perish3|[silent]\n|-fieldactivate|move: Perish Song\n|move|p1b: Kingambit|Iron Head|p2a: Gengar\n|-damage|p2a: Gengar|7/100\n|\n|-weather|RainDance|[upkeep]\n|-start|p1a: Sneasler|perish3\n|-start|p2a: Gengar|perish3\n|-start|p2b: Politoed|perish3\n|-start|p1b: Kingambit|perish3\n|upkeep\n|turn|6\n|inactive|Kalaphant has 30 seconds left.\n|inactive|Kalaphant has 20 seconds left.\n|inactive|Kalaphant has 15 seconds left.\n|inactive|Kalaphant has 10 seconds left.\n|\n|t:|1776004995\n|move|p2a: Gengar|Protect|p2a: Gengar\n|-singleturn|p2a: Gengar|Protect\n|move|p1a: Sneasler|Close Combat|p2b: Politoed\n|-damage|p2b: Politoed|8/100\n|-unboost|p1a: Sneasler|def|1\n|-unboost|p1a: Sneasler|spd|1\n|-enditem|p1a: Sneasler|White Herb\n|-clearnegativeboost|p1a: Sneasler|[silent]\n|move|p2b: Politoed|Encore|p1a: Sneasler\n|-start|p1a: Sneasler|Encore\n|move|p1b: Kingambit|Iron Head|p2a: Gengar\n|-activate|p2a: Gengar|move: Protect\n|\n|-weather|none\n|-start|p1a: Sneasler|perish2\n|-start|p2a: Gengar|perish2\n|-start|p2b: Politoed|perish2\n|-start|p1b: Kingambit|perish2\n|-sideend|p1: iloveapchamp|move: Light Screen\n|upkeep\n|turn|7\n|-message|iloveapchamp forfeited.\n|\n|win|Kalaphant\n|raw|iloveapchamp's rating: 1121 &rarr; <strong>1090</strong><br />(-31 for losing)\n|raw|Kalaphant's rating: 1040 &rarr; <strong>1082</strong><br />(+42 for winning)\n",
  "uploadtime": 1776005013,
  "views": 11,
  "formatid": "gen9championsvgc2026regma",
  "rating": 1082,
  "private": 0,
  "password": null
}