{
  "id": "gen9championsvgc2026regma-2587626784",
  "format": "[Gen 9 Champions] VGC 2026 Reg M-A",
  "players": [
    "24Smguld",
    "steve353"
  ],
  "log": "|j|\u260624Smguld\n|j|\u2606steve353\n|t:|1776548215\n|gametype|doubles\n|player|p1|24Smguld|101|1421\n|player|p2|steve353|265|1416\n|gen|9\n|tier|[Gen 9 Champions] VGC 2026 Reg M-A\n|rated|\n|rule|Species Clause: Limit one of each Pok\u00e9mon\n|rule|Item Clause: Limit 1 of each item\n|clearpoke\n|poke|p1|Meganium, L50, M|\n|poke|p1|Aerodactyl, L50, F|\n|poke|p1|Incineroar, L50, F|\n|poke|p1|Farigiraf, L50, F|\n|poke|p1|Kingambit, L50, M|\n|poke|p1|Basculegion, L50, M|\n|poke|p2|Kangaskhan, L50, F|\n|poke|p2|Whimsicott, L50, F|\n|poke|p2|Milotic, L50, M|\n|poke|p2|Aegislash, L50, M|\n|poke|p2|Garchomp, L50, F|\n|poke|p2|Farigiraf, L50, F|\n|teampreview|4\n|\n|t:|1776548250\n|teamsize|p1|4\n|teamsize|p2|4\n|start\n|switch|p1a: Aerodactyl|Aerodactyl, L50, F|100/100\n|switch|p1b: Incineroar|Incineroar, L50, F|100/100\n|switch|p2a: Milotic|Milotic, L50, M|100/100\n|switch|p2b: Aegislash|Aegislash, L50, M|100/100\n|-ability|p1b: Incineroar|Intimidate|boost\n|-unboost|p2a: Milotic|atk|1\n|-ability|p2a: Milotic|Competitive|boost\n|-boost|p2a: Milotic|spa|2\n|-unboost|p2b: Aegislash|atk|1\n|turn|1\n|\n|t:|1776548308\n|move|p2b: Aegislash|King's Shield|p2b: Aegislash\n|-singleturn|p2b: Aegislash|Protect\n|move|p1b: Incineroar|Fake Out|p2a: Milotic\n|-damage|p2a: Milotic|90/100\n|move|p1a: Aerodactyl|Tailwind|p1a: Aerodactyl\n|-sidestart|p1: 24Smguld|move: Tailwind\n|cant|p2a: Milotic|flinch\n|\n|upkeep\n|turn|2\n|\n|t:|1776548337\n|move|p1a: Aerodactyl|Protect|p1a: Aerodactyl\n|-singleturn|p1a: Aerodactyl|Protect\n|move|p1b: Incineroar|Parting Shot|p2b: Aegislash\n|-unboost|p2b: Aegislash|atk|1\n|-unboost|p2b: Aegislash|spa|1\n|\n|t:|1776548342\n|switch|p1b: Meganium|Meganium, L50, M|100/100|[from] Parting Shot\n|move|p2a: Milotic|Icy Wind|p1a: Aerodactyl|[spread] p1b\n|-activate|p1a: Aerodactyl|move: Protect\n|-supereffective|p1b: Meganium|1\n|-damage|p1b: Meganium|60/100\n|-unboost|p1b: Meganium|spe|1\n|move|p2b: Aegislash|Substitute|p2b: Aegislash\n|-start|p2b: Aegislash|Substitute\n|-damage|p2b: Aegislash|75/100\n|\n|-heal|p2b: Aegislash|82/100|[from] item: Leftovers\n|upkeep\n|turn|3\n|\n|t:|1776548367\n|detailschange|p1b: Meganium|Meganium-Mega, L50, M\n|-mega|p1b: Meganium|Meganium|Meganiumite\n|move|p2a: Milotic|Protect|p2a: Milotic\n|-singleturn|p2a: Milotic|Protect\n|move|p1a: Aerodactyl|Dual Wingbeat|p2b: Aegislash\n|-resisted|p2b: Aegislash|1\n|-activate|p2b: Aegislash|move: Substitute|[damage]\n|-resisted|p2b: Aegislash|1\n|-activate|p2b: Aegislash|move: Substitute|[damage]\n|-hitcount|p2b: Aegislash|2\n|move|p1b: Meganium|Solar Beam||[still]\n|-prepare|p1b: Meganium|Solar Beam\n|-activate|p1b: Meganium|ability: Mega Sol\n|-anim|p1b: Meganium|Solar Beam|p2a: Milotic\n|-activate|p2a: Milotic|move: Protect\n|-formechange|p2b: Aegislash|Aegislash-Blade|\n|move|p2b: Aegislash|Iron Head|p1b: Meganium\n|-supereffective|p1b: Meganium|1\n|-damage|p1b: Meganium|27/100\n|\n|-heal|p2b: Aegislash|88/100|[from] item: Leftovers\n|upkeep\n|turn|4\n|\n|t:|1776548407\n|switch|p1a: Incineroar|Incineroar, L50, F|100/100\n|-ability|p1a: Incineroar|Intimidate|boost\n|-unboost|p2a: Milotic|atk|1\n|-ability|p2a: Milotic|Competitive|boost\n|-boost|p2a: Milotic|spa|2\n|-immune|p2b: Aegislash\n|switch|p2a: Whimsicott|Whimsicott, L50, F|100/100\n|-formechange|p2b: Aegislash|Aegislash|\n|move|p2b: Aegislash|King's Shield|p2b: Aegislash\n|-singleturn|p2b: Aegislash|Protect\n|move|p1b: Meganium|Solar Beam||[still]\n|-prepare|p1b: Meganium|Solar Beam\n|-activate|p1b: Meganium|ability: Mega Sol\n|-anim|p1b: Meganium|Solar Beam|p2a: Whimsicott\n|-resisted|p2a: Whimsicott|1\n|-damage|p2a: Whimsicott|35/100\n|\n|-heal|p2b: Aegislash|94/100|[from] item: Leftovers\n|-sideend|p1: 24Smguld|move: Tailwind\n|upkeep\n|turn|5\n|\n|t:|1776548447\n|switch|p2a: Kangaskhan|Kangaskhan, L50, F|100/100\n|switch|p1b: Aerodactyl|Aerodactyl, L50, F|100/100\n|move|p1a: Incineroar|Flare Blitz|p2b: Aegislash\n|-supereffective|p2b: Aegislash|1\n|-end|p2b: Aegislash|Substitute\n|-damage|p1a: Incineroar|98/100|[from] Recoil|[of] p2b: Aegislash\n|-formechange|p2b: Aegislash|Aegislash-Blade|\n|move|p2b: Aegislash|Iron Head|p1b: Aerodactyl\n|-supereffective|p1b: Aerodactyl|1\n|-damage|p1b: Aerodactyl|31/100\n|\n|-heal|p2b: Aegislash|100/100|[from] item: Leftovers\n|upkeep\n|turn|6\n|\n|t:|1776548490\n|detailschange|p2a: Kangaskhan|Kangaskhan-Mega, L50, F\n|-mega|p2a: Kangaskhan|Kangaskhan|Kangaskhanite\n|move|p1b: Aerodactyl|Protect|p1b: Aerodactyl\n|-singleturn|p1b: Aerodactyl|Protect\n|-formechange|p2b: Aegislash|Aegislash|\n|move|p2b: Aegislash|King's Shield|p2b: Aegislash\n|-singleturn|p2b: Aegislash|Protect\n|move|p2a: Kangaskhan|Low Kick|p1a: Incineroar\n|-supereffective|p1a: Incineroar|1\n|-damage|p1a: Incineroar|43/100\n|-enditem|p1a: Incineroar|Sitrus Berry|[eat]\n|-heal|p1a: Incineroar|67/100|[from] item: Sitrus Berry\n|-supereffective|p1a: Incineroar|1\n|-damage|p1a: Incineroar|54/100\n|-hitcount|p1a: Incineroar|2\n|move|p1a: Incineroar|Parting Shot|p2a: Kangaskhan\n|-unboost|p2a: Kangaskhan|atk|1\n|-unboost|p2a: Kangaskhan|spa|1\n|\n|t:|1776548518\n|switch|p1a: Meganium|Meganium-Mega, L50, M|27/100|[from] Parting Shot\n|\n|upkeep\n|turn|7\n|\n|t:|1776548531\n|move|p1b: Aerodactyl|Tailwind|p1b: Aerodactyl\n|-sidestart|p1: 24Smguld|move: Tailwind\n|move|p1a: Meganium|Weather Ball|p2b: Aegislash\n|-supereffective|p2b: Aegislash|1\n|-crit|p2b: Aegislash\n|-damage|p2b: Aegislash|0 fnt\n|faint|p2b: Aegislash\n|move|p2a: Kangaskhan|Low Kick|p1b: Aerodactyl\n|-damage|p1b: Aerodactyl|1/100\n|-damage|p1b: Aerodactyl|0 fnt\n|faint|p1b: Aerodactyl\n|-hitcount|p1: Aerodactyl|2\n|\n|upkeep\n|\n|t:|1776548550\n|switch|p1b: Incineroar|Incineroar, L50, F|54/100\n|switch|p2b: Whimsicott|Whimsicott, L50, F|35/100\n|-ability|p1b: Incineroar|Intimidate|boost\n|-unboost|p2a: Kangaskhan|atk|1\n|-unboost|p2b: Whimsicott|atk|1\n|turn|8\n|\n|t:|1776548579\n|switch|p2a: Milotic|Milotic, L50, M|90/100\n|move|p2b: Whimsicott|Protect|p2b: Whimsicott\n|-singleturn|p2b: Whimsicott|Protect\n|move|p1b: Incineroar|Fake Out|p2a: Milotic\n|-damage|p2a: Milotic|78/100\n|move|p1a: Meganium|Solar Beam||[still]\n|-prepare|p1a: Meganium|Solar Beam\n|-activate|p1a: Meganium|ability: Mega Sol\n|-anim|p1a: Meganium|Solar Beam|p2a: Milotic\n|-supereffective|p2a: Milotic|1\n|-damage|p2a: Milotic|0 fnt\n|faint|p2a: Milotic\n|\n|upkeep\n|\n|t:|1776548592\n|switch|p2a: Kangaskhan|Kangaskhan-Mega, L50, F|100/100\n|turn|9\n|\n|t:|1776548605\n|move|p2b: Whimsicott|Tailwind|p2b: Whimsicott\n|-sidestart|p2: steve353|move: Tailwind\n|move|p2a: Kangaskhan|Low Kick|p1b: Incineroar\n|-supereffective|p1b: Incineroar|1\n|-damage|p1b: Incineroar|2/100\n|-supereffective|p1b: Incineroar|1\n|-crit|p1b: Incineroar\n|-damage|p1b: Incineroar|0 fnt\n|faint|p1b: Incineroar\n|-hitcount|p1: Incineroar|2\n|move|p1a: Meganium|Solar Beam||[still]\n|-prepare|p1a: Meganium|Solar Beam\n|-activate|p1a: Meganium|ability: Mega Sol\n|-anim|p1a: Meganium|Solar Beam|p2a: Kangaskhan\n|-damage|p2a: Kangaskhan|37/100\n|\n|upkeep\n|\n|t:|1776548622\n|switch|p1b: Basculegion|Basculegion, L50, M|100/100\n|turn|10\n|\n|t:|1776548654\n|move|p1a: Meganium|Protect|p1a: Meganium\n|-singleturn|p1a: Meganium|Protect\n|move|p1b: Basculegion|Aqua Jet|p2a: Kangaskhan\n|-damage|p2a: Kangaskhan|15/100\n|move|p2a: Kangaskhan|Sucker Punch||[still]\n|-fail|p2a: Kangaskhan\n|move|p2b: Whimsicott|Moonblast|p1a: Meganium\n|-activate|p1a: Meganium|move: Protect\n|\n|-sideend|p1: 24Smguld|move: Tailwind\n|upkeep\n|turn|11\n|\n|t:|1776548678\n|move|p2b: Whimsicott|Encore|p1a: Meganium\n|-start|p1a: Meganium|Encore\n|move|p1a: Meganium|Protect|p1a: Meganium\n|-singleturn|p1a: Meganium|Protect\n|move|p2a: Kangaskhan|Sucker Punch|p1b: Basculegion\n|-supereffective|p1b: Basculegion|1\n|-damage|p1b: Basculegion|32/100\n|-supereffective|p1b: Basculegion|1\n|-damage|p1b: Basculegion|15/100\n|-hitcount|p1b: Basculegion|2\n|move|p1b: Basculegion|Aqua Jet|p2a: Kangaskhan\n|-damage|p2a: Kangaskhan|0 fnt\n|faint|p2a: Kangaskhan\n|\n|upkeep\n|turn|12\n|\n|t:|1776548699\n|move|p1a: Meganium|Protect||[still]\n|-fail|p1a: Meganium\n|move|p1b: Basculegion|Aqua Jet|p2b: Whimsicott\n|-resisted|p2b: Whimsicott|1\n|-damage|p2b: Whimsicott|17/100\n|move|p2b: Whimsicott|Moonblast|p1b: Basculegion\n|-damage|p1b: Basculegion|0 fnt\n|faint|p1b: Basculegion\n|\n|-sideend|p2: steve353|move: Tailwind\n|upkeep\n|turn|13\n|\n|t:|1776548711\n|move|p1a: Meganium|Protect|p1a: Meganium\n|-singleturn|p1a: Meganium|Protect\n|move|p2b: Whimsicott|Moonblast|p1a: Meganium\n|-activate|p1a: Meganium|move: Protect\n|\n|-end|p1a: Meganium|Encore\n|upkeep\n|turn|14\n|\n|t:|1776548722\n|move|p2b: Whimsicott|Encore|p1a: Meganium\n|-start|p1a: Meganium|Encore\n|move|p1a: Meganium|Protect||[still]\n|-fail|p1a: Meganium\n|\n|upkeep\n|turn|15\n|-message|24Smguld forfeited.\n|\n|win|steve353\n|raw|24Smguld's rating: 1421 &rarr; <strong>1401</strong><br />(-20 for losing)\n|raw|steve353's rating: 1416 &rarr; <strong>1436</strong><br />(+20 for winning)\n|l|\u260624Smguld\n|player|p1|\n",
  "uploadtime": 1776548769,
  "views": 22,
  "formatid": "gen9championsvgc2026regma",
  "rating": 1401,
  "private": 0,
  "password": null
}