{
  "id": "gen9championsvgc2026regma-2586939349",
  "format": "[Gen 9 Champions] VGC 2026 Reg M-A",
  "players": [
    "BSSS50",
    "Mithozz"
  ],
  "log": "|j|\u2606BSSS50\n|j|\u2606Mithozz\n|t:|1776473755\n|gametype|doubles\n|player|p1|BSSS50|palmer|1181\n|player|p2|Mithozz|hilbert|1089\n|gen|9\n|tier|[Gen 9 Champions] VGC 2026 Reg M-A\n|rated|\n|rule|Species Clause: Limit one of each Pok\u00e9mon\n|rule|Item Clause: Limit 1 of each item\n|clearpoke\n|poke|p1|Blastoise, L50, M|\n|poke|p1|Sinistcha, L50|\n|poke|p1|Politoed, L50, M|\n|poke|p1|Meganium, L50, F|\n|poke|p1|Palafin, L50, M|\n|poke|p1|Incineroar, L50, F|\n|poke|p2|Meowstic, L50, M|\n|poke|p2|Venusaur, L50, F|\n|poke|p2|Torkoal, L50, M|\n|poke|p2|Milotic, L50, F|\n|poke|p2|Charizard, L50, M|\n|poke|p2|Typhlosion, L50, F|\n|teampreview|4\n|inactive|Battle timer is ON: inactive players will automatically lose when time's up. (requested by BSSS50)\n|inactive|BSSS50 has 60 seconds left.\n|\n|t:|1776473793\n|teamsize|p1|4\n|teamsize|p2|4\n|start\n|switch|p1a: Palafin|Palafin, L50, M|100/100\n|switch|p1b: Incineroar|Incineroar, L50, F|100/100\n|switch|p2a: Charizard|Charizard, L50, M, shiny|100/100\n|switch|p2b: Typhlosion|Typhlosion, L50, F|100/100\n|-ability|p1b: Incineroar|Intimidate|boost\n|-unboost|p2a: Charizard|atk|1\n|-unboost|p2b: Typhlosion|atk|1\n|turn|1\n|inactive|Mithozz has 30 seconds left.\n|\n|t:|1776473820\n|detailschange|p2a: Charizard|Charizard-Mega-Y, L50, M, shiny\n|-mega|p2a: Charizard|Charizard|Charizardite Y\n|-weather|SunnyDay|[from] ability: Drought|[of] p2a: Charizard\n|move|p1a: Palafin|Jet Punch|p2b: Typhlosion\n|-supereffective|p2b: Typhlosion|1\n|-damage|p2b: Typhlosion|70/100\n|move|p2b: Typhlosion|Scorching Sands|p1b: Incineroar\n|-supereffective|p1b: Incineroar|1\n|-enditem|p1b: Incineroar|Shuca Berry|[eat]\n|-enditem|p1b: Incineroar|Shuca Berry|[weaken]\n|-damage|p1b: Incineroar|81/100\n|move|p2a: Charizard|Solar Beam||[still]\n|-prepare|p2a: Charizard|Solar Beam\n|-anim|p2a: Charizard|Solar Beam|p1a: Palafin\n|-supereffective|p1a: Palafin|1\n|-damage|p1a: Palafin|0 fnt\n|faint|p1a: Palafin\n|move|p1b: Incineroar|Parting Shot|p2a: Charizard\n|-unboost|p2a: Charizard|atk|1\n|-unboost|p2a: Charizard|spa|1\n|\n|t:|1776473834\n|switch|p1b: Politoed|Politoed, L50, M|100/100|[from] Parting Shot\n|-weather|RainDance|[from] ability: Drizzle|[of] p1b: Politoed\n|\n|-weather|RainDance|[upkeep]\n|upkeep\n|\n|t:|1776473840\n|switch|p1a: Meganium|Meganium, L50, F|100/100\n|turn|2\n|inactive|Mithozz has 30 seconds left.\n|inactive|Mithozz has 20 seconds left.\n|\n|t:|1776473878\n|switch|p2b: Torkoal|Torkoal, L50, M|100/100\n|-weather|SunnyDay|[from] ability: Drought|[of] p2b: Torkoal\n|move|p2a: Charizard|Heat Wave|p1a: Meganium|[spread] p1a,p1b\n|-supereffective|p1a: Meganium|1\n|-resisted|p1b: Politoed|1\n|-damage|p1a: Meganium|9/100\n|-damage|p1b: Politoed|85/100\n|-status|p1b: Politoed|brn\n|move|p1a: Meganium|Weather Ball|p2a: Charizard\n|-resisted|p2a: Charizard|1\n|-damage|p2a: Charizard|79/100\n|move|p1b: Politoed|Muddy Water|p2b: Torkoal|[spread] p2a,p2b\n|-supereffective|p2a: Charizard|1\n|-supereffective|p2b: Torkoal|1\n|-damage|p2a: Charizard|60/100\n|-damage|p2b: Torkoal|73/100\n|-unboost|p2a: Charizard|accuracy|1\n|-unboost|p2b: Torkoal|accuracy|1\n|\n|-weather|SunnyDay|[upkeep]\n|-heal|p1b: Politoed|91/100 brn|[from] item: Leftovers\n|-damage|p1b: Politoed|85/100 brn|[from] brn\n|upkeep\n|turn|3\n|-activate|p2b: Torkoal|item: Quick Claw\n|\n|t:|1776473902\n|switch|p1b: Incineroar|Incineroar, L50, F|81/100\n|-ability|p1b: Incineroar|Intimidate|boost\n|-unboost|p2a: Charizard|atk|1\n|-unboost|p2b: Torkoal|atk|1\n|detailschange|p1a: Meganium|Meganium-Mega, L50, F\n|-mega|p1a: Meganium|Meganium|Meganiumite\n|move|p1a: Meganium|Protect|p1a: Meganium\n|-singleturn|p1a: Meganium|Protect\n|move|p2b: Torkoal|Eruption|p1a: Meganium|[spread] p1b\n|-activate|p1a: Meganium|move: Protect\n|-resisted|p1b: Incineroar|1\n|-damage|p1b: Incineroar|63/100\n|move|p2a: Charizard|Solar Beam||[still]\n|-prepare|p2a: Charizard|Solar Beam\n|-anim|p2a: Charizard|Solar Beam|p1b: Incineroar\n|-resisted|p1b: Incineroar|1\n|-damage|p1b: Incineroar|51/100\n|\n|-weather|SunnyDay|[upkeep]\n|upkeep\n|turn|4\n|\n|t:|1776473926\n|switch|p2b: Typhlosion|Typhlosion, L50, F|70/100\n|move|p1b: Incineroar|Fake Out|p2a: Charizard\n|-damage|p2a: Charizard|46/100\n|cant|p2a: Charizard|flinch\n|move|p1a: Meganium|Dazzling Gleam|p2b: Typhlosion|[spread] p2a,p2b\n|-resisted|p2a: Charizard|1\n|-resisted|p2b: Typhlosion|1\n|-damage|p2a: Charizard|26/100\n|-damage|p2b: Typhlosion|47/100\n|\n|-weather|SunnyDay|[upkeep]\n|upkeep\n|turn|5\n|\n|t:|1776473938\n|move|p2b: Typhlosion|Scorching Sands|p1b: Incineroar\n|-supereffective|p1b: Incineroar|1\n|-damage|p1b: Incineroar|17/100\n|move|p2a: Charizard|Weather Ball|p1a: Meganium\n|-supereffective|p1a: Meganium|1\n|-damage|p1a: Meganium|0 fnt\n|faint|p1a: Meganium\n|move|p1b: Incineroar|Parting Shot|p2b: Typhlosion\n|-unboost|p2b: Typhlosion|atk|1\n|-unboost|p2b: Typhlosion|spa|1\n|\n|t:|1776473941\n|switch|p1b: Politoed|Politoed, L50, M|85/100 brn|[from] Parting Shot\n|-weather|RainDance|[from] ability: Drizzle|[of] p1b: Politoed\n|\n|-weather|RainDance|[upkeep]\n|-heal|p1b: Politoed|91/100 brn|[from] item: Leftovers\n|-damage|p1b: Politoed|85/100 brn|[from] brn\n|upkeep\n|\n|t:|1776473943\n|switch|p1a: Incineroar|Incineroar, L50, F|17/100\n|-ability|p1a: Incineroar|Intimidate|boost\n|-unboost|p2a: Charizard|atk|1\n|-unboost|p2b: Typhlosion|atk|1\n|turn|6\n|inactive|Mithozz has 30 seconds left.\n|\n|t:|1776473970\n|switch|p2a: Torkoal|Torkoal, L50, M|73/100\n|-weather|SunnyDay|[from] ability: Drought|[of] p2a: Torkoal\n|move|p2b: Typhlosion|Scorching Sands|p1a: Incineroar\n|-supereffective|p1a: Incineroar|1\n|-damage|p1a: Incineroar|0 fnt\n|faint|p1a: Incineroar\n|move|p1b: Politoed|Muddy Water|p2a: Torkoal|[spread] p2a\n|-miss|p1b: Politoed|p2b: Typhlosion\n|-supereffective|p2a: Torkoal|1\n|-damage|p2a: Torkoal|43/100\n|\n|-weather|SunnyDay|[upkeep]\n|-heal|p1b: Politoed|91/100 brn|[from] item: Leftovers\n|-damage|p1b: Politoed|85/100 brn|[from] brn\n|upkeep\n|turn|7\n|-activate|p2a: Torkoal|item: Quick Claw\n|\n|t:|1776473995\n|move|p2a: Torkoal|Overheat|p1b: Politoed\n|-resisted|p1b: Politoed|1\n|-damage|p1b: Politoed|53/100 brn\n|-unboost|p2a: Torkoal|spa|2\n|move|p2b: Typhlosion|Scorching Sands|p1b: Politoed\n|-damage|p1b: Politoed|42/100 brn\n|move|p1b: Politoed|Muddy Water|p2a: Torkoal|[spread] \n|-miss|p1b: Politoed|p2a: Torkoal\n|-miss|p1b: Politoed|p2b: Typhlosion\n|\n|-weather|SunnyDay|[upkeep]\n|-heal|p1b: Politoed|48/100 brn|[from] item: Leftovers\n|-damage|p1b: Politoed|42/100 brn|[from] brn\n|upkeep\n|turn|8\n|\n|t:|1776474019\n|move|p2b: Typhlosion|Scorching Sands|p1b: Politoed\n|-damage|p1b: Politoed|30/100 brn\n|move|p1b: Politoed|Muddy Water|p2b: Typhlosion|[spread] p2a,p2b\n|-supereffective|p2a: Torkoal|1\n|-supereffective|p2b: Typhlosion|1\n|-damage|p2a: Torkoal|16/100\n|-damage|p2b: Typhlosion|19/100\n|-unboost|p2b: Typhlosion|accuracy|1\n|move|p2a: Torkoal|Overheat|p1b: Politoed\n|-resisted|p1b: Politoed|1\n|-damage|p1b: Politoed|14/100 brn\n|-unboost|p2a: Torkoal|spa|2\n|\n|-weather|SunnyDay|[upkeep]\n|-heal|p1b: Politoed|20/100 brn|[from] item: Leftovers\n|-damage|p1b: Politoed|14/100 brn|[from] brn\n|upkeep\n|turn|9\n|\n|t:|1776474026\n|move|p2b: Typhlosion|Scorching Sands|p1b: Politoed\n|-damage|p1b: Politoed|3/100 brn\n|move|p1b: Politoed|Muddy Water|p2a: Torkoal|[spread] p2a,p2b\n|-supereffective|p2a: Torkoal|1\n|-supereffective|p2b: Typhlosion|1\n|-damage|p2a: Torkoal|0 fnt\n|-damage|p2b: Typhlosion|0 fnt\n|faint|p2a: Torkoal\n|faint|p2b: Typhlosion\n|\n|-weather|SunnyDay|[upkeep]\n|-heal|p1b: Politoed|9/100 brn|[from] item: Leftovers\n|-damage|p1b: Politoed|3/100 brn|[from] brn\n|upkeep\n|\n|t:|1776474039\n|switch|p2b: Venusaur|Venusaur, L50, F, shiny|100/100\n|switch|p2a: Charizard|Charizard-Mega-Y, L50, M, shiny|26/100\n|turn|10\n|\n|t:|1776474047\n|move|p1b: Politoed|Protect|p1b: Politoed\n|-singleturn|p1b: Politoed|Protect\n|move|p2b: Venusaur|Giga Drain|p1b: Politoed\n|-activate|p1b: Politoed|move: Protect\n|move|p2a: Charizard|Solar Beam||[still]\n|-prepare|p2a: Charizard|Solar Beam\n|-anim|p2a: Charizard|Solar Beam|p1b: Politoed\n|-activate|p1b: Politoed|move: Protect\n|\n|-weather|none\n|-heal|p1b: Politoed|9/100 brn|[from] item: Leftovers\n|-damage|p1b: Politoed|3/100 brn|[from] brn\n|upkeep\n|turn|11\n|\n|t:|1776474057\n|move|p2a: Charizard|Air Slash|p1b: Politoed\n|-damage|p1b: Politoed|0 fnt\n|faint|p1b: Politoed\n|\n|win|Mithozz\n|raw|BSSS50's rating: 1181 &rarr; <strong>1150</strong><br />(-31 for losing)\n|raw|Mithozz's rating: 1089 &rarr; <strong>1123</strong><br />(+34 for winning)\n|l|\u2606BSSS50\n|player|p1|\n",
  "uploadtime": 1776474063,
  "views": 19,
  "formatid": "gen9championsvgc2026regma",
  "rating": 1123,
  "private": 0,
  "password": null
}