{
  "id": "gen9championsvgc2026regma-2581183556",
  "format": "[Gen 9 Champions] VGC 2026 Reg M-A",
  "players": [
    "joe15g",
    "syshj"
  ],
  "log": "|j|\u2606joe15g\n|j|\u2606syshj\n|t:|1775968172\n|gametype|doubles\n|player|p1|joe15g|101|1124\n|player|p2|syshj|dawn|1116\n|gen|9\n|tier|[Gen 9 Champions] VGC 2026 Reg M-A\n|rated|\n|rule|Species Clause: Limit one of each Pok\u00e9mon\n|rule|Item Clause: Limit 1 of each item\n|clearpoke\n|poke|p1|Aegislash, L50, M|\n|poke|p1|Incineroar, L50, F|\n|poke|p1|Milotic, L50, M|\n|poke|p1|Sneasler, L50, M|\n|poke|p1|Gardevoir, L50, M|\n|poke|p1|Vivillon, L50, F|\n|poke|p2|Delphox, L50, F|\n|poke|p2|Whimsicott, L50, F|\n|poke|p2|Basculegion, L50, M|\n|poke|p2|Garchomp, L50, F|\n|poke|p2|Kingambit, L50, F|\n|poke|p2|Sneasler, L50, F|\n|teampreview|4\n|\n|t:|1775968217\n|teamsize|p1|4\n|teamsize|p2|4\n|start\n|switch|p1a: Vivillon|Vivillon, L50, F|100/100\n|switch|p1b: Aegislash|Aegislash, L50, M|100/100\n|switch|p2a: Kingambit|Kingambit, L50, F|100/100\n|switch|p2b: Basculegion|Basculegion, L50, M|100/100\n|turn|1\n|\n|t:|1775968241\n|move|p1b: Aegislash|King's Shield|p1b: Aegislash\n|-singleturn|p1b: Aegislash|Protect\n|move|p2b: Basculegion|Flip Turn|p1a: Vivillon\n|-damage|p1a: Vivillon|34/100\n|\n|t:|1775968254\n|switch|p2b: Whimsicott|Whimsicott, L50, F|100/100|[from] Flip Turn\n|move|p1a: Vivillon|Tailwind|p1a: Vivillon\n|-sidestart|p1: joe15g|move: Tailwind\n|move|p2a: Kingambit|Kowtow Cleave|p1b: Aegislash\n|-activate|p1b: Aegislash|move: Protect\n|-unboost|p2a: Kingambit|atk|1\n|-ability|p2a: Kingambit|Defiant|boost\n|-boost|p2a: Kingambit|atk|2\n|\n|upkeep\n|turn|2\n|\n|t:|1775968270\n|move|p2a: Kingambit|Protect|p2a: Kingambit\n|-singleturn|p2a: Kingambit|Protect\n|move|p2b: Whimsicott|Tailwind|p2b: Whimsicott\n|-sidestart|p2: syshj|move: Tailwind\n|move|p1a: Vivillon|Sleep Powder|p2a: Kingambit\n|-activate|p2a: Kingambit|move: Protect\n|-formechange|p1b: Aegislash|Aegislash-Blade|\n|move|p1b: Aegislash|Iron Head|p2b: Whimsicott\n|-supereffective|p2b: Whimsicott|1\n|-damage|p2b: Whimsicott|0 fnt\n|faint|p2b: Whimsicott\n|\n|upkeep\n|\n|t:|1775968283\n|switch|p2b: Delphox|Delphox, L50, F|100/100\n|turn|3\n|\n|t:|1775968311\n|detailschange|p2b: Delphox|Delphox-Mega, L50, F\n|-mega|p2b: Delphox|Delphox|Delphoxite\n|-formechange|p1b: Aegislash|Aegislash|\n|move|p1b: Aegislash|King's Shield|p1b: Aegislash\n|-singleturn|p1b: Aegislash|Protect\n|move|p2b: Delphox|Substitute|p2b: Delphox\n|-start|p2b: Delphox|Substitute\n|-damage|p2b: Delphox|76/100\n|move|p1a: Vivillon|Sleep Powder|p2b: Delphox|[miss]\n|-miss|p1a: Vivillon|p2b: Delphox\n|move|p2a: Kingambit|Iron Head|p1a: Vivillon\n|-damage|p1a: Vivillon|0 fnt\n|faint|p1a: Vivillon\n|\n|upkeep\n|\n|t:|1775968328\n|switch|p1a: Milotic|Milotic, L50, M|100/100\n|turn|4\n|\n|t:|1775968339\n|move|p2b: Delphox|Heat Wave|p1a: Milotic|[spread] p1a,p1b\n|-resisted|p1a: Milotic|1\n|-supereffective|p1b: Aegislash|1\n|-damage|p1a: Milotic|88/100\n|-damage|p1b: Aegislash|36/100\n|move|p1a: Milotic|Scald|p2a: Kingambit\n|-damage|p2a: Kingambit|71/100\n|-formechange|p1b: Aegislash|Aegislash-Blade|\n|move|p1b: Aegislash|Shadow Claw|p2b: Delphox\n|-supereffective|p2b: Delphox|1\n|-end|p2b: Delphox|Substitute\n|move|p2a: Kingambit|Kowtow Cleave|p1a: Milotic\n|-damage|p1a: Milotic|27/100\n|\n|-heal|p1a: Milotic|33/100|[from] item: Leftovers\n|-sideend|p1: joe15g|move: Tailwind\n|upkeep\n|turn|5\n|\n|t:|1775968360\n|move|p1b: Aegislash|Wide Guard|p1b: Aegislash\n|-singleturn|p1b: Aegislash|Wide Guard\n|move|p2b: Delphox|Substitute|p2b: Delphox\n|-start|p2b: Delphox|Substitute\n|-damage|p2b: Delphox|51/100\n|move|p2a: Kingambit|Kowtow Cleave|p1a: Milotic\n|-damage|p1a: Milotic|0 fnt\n|faint|p1a: Milotic\n|\n|-sideend|p2: syshj|move: Tailwind\n|upkeep\n|\n|t:|1775968372\n|switch|p1a: Gardevoir|Gardevoir, L50, M|100/100\n|-ability|p1a: Gardevoir|Defiant|Trace|[from] ability: Trace|[of] p2a: Kingambit\n|turn|6\n|-message|joe15g forfeited.\n|\n|win|syshj\n|raw|joe15g's rating: 1124 &rarr; <strong>1098</strong><br />(-26 for losing)\n|raw|syshj's rating: 1116 &rarr; <strong>1142</strong><br />(+26 for winning)\n|l|\u2606joe15g\n|player|p1|\n",
  "uploadtime": 1775968395,
  "views": 15,
  "formatid": "gen9championsvgc2026regma",
  "rating": 1098,
  "private": 0,
  "password": null
}