{
  "id": "gen9championsvgc2026regma-2584496838",
  "format": "[Gen 9 Champions] VGC 2026 Reg M-A",
  "players": [
    "starwardz",
    "Arwisbie"
  ],
  "log": "|j|\u2606starwardz\n|j|\u2606Arwisbie\n|t:|1776264733\n|gametype|doubles\n|player|p1|starwardz|102|1000\n|player|p2|Arwisbie|roxie|1056\n|gen|9\n|tier|[Gen 9 Champions] VGC 2026 Reg M-A\n|rated|\n|rule|Species Clause: Limit one of each Pok\u00e9mon\n|rule|Item Clause: Limit 1 of each item\n|clearpoke\n|poke|p1|Rotom-Wash, L50|\n|poke|p1|Sinistcha, L50|\n|poke|p1|Orthworm, L50, F|\n|poke|p1|Mudsdale, L50, M|\n|poke|p1|Garchomp, L50, F|\n|poke|p1|Bellibolt, L50, F|\n|poke|p2|Incineroar, L50, F|\n|poke|p2|Heliolisk, L50, F|\n|poke|p2|Floette-Eternal, L50, F|\n|poke|p2|Basculegion, L50, M|\n|poke|p2|Altaria, L50, F|\n|poke|p2|Garchomp, L50, M|\n|teampreview|4\n|inactive|Battle timer is ON: inactive players will automatically lose when time's up. (requested by Arwisbie)\n|inactive|starwardz has 60 seconds left.\n|inactive|Arwisbie has 60 seconds left.\n|\n|t:|1776264778\n|teamsize|p1|4\n|teamsize|p2|4\n|start\n|switch|p1a: Rotom|Rotom-Wash, L50|100/100\n|switch|p1b: Garchomp|Garchomp, L50, F|100/100\n|switch|p2a: Incineroar|Incineroar, L50, F|100/100\n|switch|p2b: Garchomp|Garchomp, L50, M|100/100\n|-ability|p2a: Incineroar|Intimidate|boost\n|-unboost|p1a: Rotom|atk|1\n|-unboost|p1b: Garchomp|atk|1\n|turn|1\n|inactive|Arwisbie has 30 seconds left.\n|\n|t:|1776264808\n|move|p2a: Incineroar|Fake Out|p1b: Garchomp\n|-damage|p1b: Garchomp|89/100\n|move|p1a: Rotom|Hydro Pump|p2b: Garchomp\n|-crit|p2b: Garchomp\n|-damage|p2b: Garchomp|28/100\n|cant|p1b: Garchomp|flinch\n|move|p2b: Garchomp|Dragon Claw|p1b: Garchomp\n|-supereffective|p1b: Garchomp|1\n|-damage|p1b: Garchomp|21/100\n|\n|upkeep\n|turn|2\n|\n|t:|1776264829\n|move|p1a: Rotom|Hydro Pump|p2a: Incineroar|[miss]\n|-miss|p1a: Rotom|p2a: Incineroar\n|move|p1b: Garchomp|Earthquake|p2b: Garchomp|[spread] p2a,p2b\n|-immune|p1a: Rotom|[from] ability: Levitate\n|-supereffective|p2a: Incineroar|1\n|-enditem|p2a: Incineroar|Shuca Berry|[eat]\n|-enditem|p2a: Incineroar|Shuca Berry|[weaken]\n|-damage|p2a: Incineroar|77/100\n|-damage|p2b: Garchomp|8/100\n|move|p2b: Garchomp|Earthquake|p1b: Garchomp|[spread] p2a,p1b\n|-immune|p1a: Rotom|[from] ability: Levitate\n|-supereffective|p2a: Incineroar|1\n|-damage|p2a: Incineroar|20/100\n|-damage|p1b: Garchomp|0 fnt\n|faint|p1b: Garchomp\n|move|p2a: Incineroar|Parting Shot|p1a: Rotom\n|-unboost|p1a: Rotom|atk|1\n|-unboost|p1a: Rotom|spa|1\n|\n|t:|1776264839\n|switch|p2a: Floette|Floette-Eternal, L50, F|100/100|[from] Parting Shot\n|\n|upkeep\n|\n|t:|1776264845\n|switch|p1b: Mudsdale|Mudsdale, L50, M|100/100\n|turn|3\n|\n|t:|1776264857\n|detailschange|p2a: Floette|Floette-Mega, L50, F\n|-mega|p2a: Floette|Floette|Floettite\n|-ability|p2a: Floette|Fairy Aura\n|move|p1a: Rotom|Hydro Pump|p2a: Floette|[miss]\n|-miss|p1a: Rotom|p2a: Floette\n|move|p2a: Floette|Energy Ball|p1b: Mudsdale\n|-supereffective|p1b: Mudsdale|1\n|-enditem|p1b: Mudsdale|Rindo Berry|[eat]\n|-enditem|p1b: Mudsdale|Rindo Berry|[weaken]\n|-damage|p1b: Mudsdale|69/100\n|move|p2b: Garchomp|Rock Slide|p1b: Mudsdale|[spread] p1a,p1b\n|-resisted|p1b: Mudsdale|1\n|-damage|p1a: Rotom|75/100\n|-damage|p1b: Mudsdale|60/100\n|move|p1b: Mudsdale|Earthquake|p2b: Garchomp|[spread] p2a,p2b\n|-immune|p1a: Rotom|[from] ability: Levitate\n|-damage|p2a: Floette|47/100\n|-damage|p2b: Garchomp|0 fnt\n|faint|p2b: Garchomp\n|\n|upkeep\n|\n|t:|1776264870\n|switch|p2b: Basculegion|Basculegion, L50, M|100/100\n|turn|4\n|\n|t:|1776264891\n|switch|p1a: Orthworm|Orthworm, L50, F|100/100\n|move|p1b: Mudsdale|Protect|p1b: Mudsdale\n|-singleturn|p1b: Mudsdale|Protect\n|move|p2b: Basculegion|Wave Crash|p1b: Mudsdale\n|-activate|p1b: Mudsdale|move: Protect\n|move|p2a: Floette|Light of Ruin|p1a: Orthworm\n|-resisted|p1a: Orthworm|1\n|-damage|p1a: Orthworm|45/100\n|-enditem|p1a: Orthworm|Sitrus Berry|[eat]\n|-heal|p1a: Orthworm|70/100|[from] item: Sitrus Berry\n|-damage|p2a: Floette|15/100|[from] Recoil\n|\n|upkeep\n|turn|5\n|\n|t:|1776264903\n|switch|p2a: Incineroar|Incineroar, L50, F|20/100\n|-ability|p2a: Incineroar|Intimidate|boost\n|-unboost|p1a: Orthworm|atk|1\n|-fail|p1b: Mudsdale|unboost|Attack|[from] ability: Inner Focus|[of] p1b: Mudsdale\n|switch|p1b: Rotom|Rotom-Wash, L50|75/100\n|move|p2b: Basculegion|Wave Crash|p1b: Rotom\n|-resisted|p1b: Rotom|1\n|-damage|p1b: Rotom|29/100\n|-damage|p2b: Basculegion|91/100|[from] Recoil\n|move|p1a: Orthworm|Shed Tail|p1a: Orthworm\n|-start|p1a: Orthworm|Substitute|[from] move: Shed Tail\n|-damage|p1a: Orthworm|20/100\n|\n|t:|1776264915\n|switch|p1a: Mudsdale|Mudsdale, L50, M|60/100|[from] Shed Tail\n|\n|upkeep\n|turn|6\n|\n|t:|1776264927\n|switch|p1b: Orthworm|Orthworm, L50, F|20/100\n|switch|p2b: Floette|Floette-Mega, L50, F|15/100\n|-ability|p2b: Floette|Fairy Aura\n|move|p2a: Incineroar|Fake Out|p1b: Orthworm\n|-resisted|p1b: Orthworm|1\n|-damage|p1b: Orthworm|16/100\n|move|p1a: Mudsdale|Earthquake|p2b: Floette|[spread] p2a,p2b\n|-heal|p1b: Orthworm|41/100|[from] ability: Earth Eater|[of] p1a: Mudsdale\n|-supereffective|p2a: Incineroar|1\n|-damage|p2a: Incineroar|0 fnt\n|-damage|p2b: Floette|0 fnt\n|faint|p2a: Incineroar\n|faint|p2b: Floette\n|\n|upkeep\n|\n|t:|1776264937\n|switch|p2b: Basculegion|Basculegion, L50, M|91/100\n|turn|7\n|-message|Arwisbie forfeited.\n|\n|win|starwardz\n|raw|starwardz's rating: 1000 &rarr; <strong>1046</strong><br />(+46 for winning)\n|raw|Arwisbie's rating: 1056 &rarr; <strong>1035</strong><br />(-21 for losing)\n|l|\u2606Arwisbie\n|player|p2|\n",
  "uploadtime": 1776264965,
  "views": 29,
  "formatid": "gen9championsvgc2026regma",
  "rating": 1035,
  "private": 0,
  "password": null
}