{
  "id": "gen9championsvgc2026regma-2586965021",
  "format": "[Gen 9 Champions] VGC 2026 Reg M-A",
  "players": [
    "truthwatcher2",
    "Jdjdhdbd"
  ],
  "log": "|j|\u2606truthwatcher2\n|j|\u203dJdjdhdbd\n|t:|1776476306\n|gametype|doubles\n|player|p1|truthwatcher2|roxie-masters|1098\n|player|p2|Jdjdhdbd|2|1040\n|gen|9\n|tier|[Gen 9 Champions] VGC 2026 Reg M-A\n|rated|\n|rule|Species Clause: Limit one of each Pok\u00e9mon\n|rule|Item Clause: Limit 1 of each item\n|clearpoke\n|poke|p1|Froslass, L50, F|\n|poke|p1|Milotic, L50, F|\n|poke|p1|Sneasler, L50, F|\n|poke|p1|Pelipper, L50, M|\n|poke|p1|Meganium, L50, F|\n|poke|p1|Arcanine-Hisui, L50, F|\n|poke|p2|Feraligatr, L50, M|\n|poke|p2|Espathra, L50, F|\n|poke|p2|Altaria, L50, F|\n|poke|p2|Krookodile, L50, F|\n|poke|p2|Meowscarada, L50, F|\n|poke|p2|Rotom-Heat, L50|\n|teampreview|4\n|\n|t:|1776476337\n|teamsize|p1|4\n|teamsize|p2|4\n|start\n|switch|p1a: Milotic|Milotic, L50, F|100/100\n|switch|p1b: Pelipper|Pelipper, L50, M|100/100\n|switch|p2a: Espathra|Espathra, L50, F|100/100\n|switch|p2b: Krookodile|Krookodile, L50, F|100/100\n|-ability|p2b: Krookodile|Intimidate|boost\n|-unboost|p1a: Milotic|atk|1\n|-ability|p1a: Milotic|Competitive|boost\n|-boost|p1a: Milotic|spa|2\n|-unboost|p1b: Pelipper|atk|1\n|-weather|RainDance|[from] ability: Drizzle|[of] p1b: Pelipper\n|turn|1\n|\n|t:|1776476367\n|move|p2b: Krookodile|Knock Off|p1a: Milotic\n|-damage|p1a: Milotic|54/100\n|-enditem|p1a: Milotic|Leftovers|[from] move: Knock Off|[of] p2b: Krookodile\n|move|p2a: Espathra|Lumina Crash|p1b: Pelipper\n|-damage|p1b: Pelipper|66/100\n|-unboost|p1b: Pelipper|spd|2\n|move|p1a: Milotic|Scald|p2b: Krookodile\n|-supereffective|p2b: Krookodile|1\n|-damage|p2b: Krookodile|0 fnt\n|faint|p2b: Krookodile\n|move|p1b: Pelipper|Tailwind|p1b: Pelipper\n|-sidestart|p1: truthwatcher2|move: Tailwind\n|\n|-weather|RainDance|[upkeep]\n|-ability|p2a: Espathra|Speed Boost|boost\n|-boost|p2a: Espathra|spe|1\n|upkeep\n|\n|t:|1776476391\n|switch|p2b: Rotom|Rotom-Heat, L50|100/100\n|turn|2\n|\n|t:|1776476419\n|move|p1a: Milotic|Protect|p1a: Milotic\n|-singleturn|p1a: Milotic|Protect\n|move|p2a: Espathra|Calm Mind|p2a: Espathra\n|-boost|p2a: Espathra|spa|1\n|-boost|p2a: Espathra|spd|1\n|move|p1b: Pelipper|Weather Ball|p2b: Rotom\n|-supereffective|p2b: Rotom|1\n|-damage|p2b: Rotom|0 fnt\n|faint|p2b: Rotom\n|\n|-weather|RainDance|[upkeep]\n|-ability|p2a: Espathra|Speed Boost|boost\n|-boost|p2a: Espathra|spe|1\n|upkeep\n|\n|t:|1776476427\n|switch|p2b: Feraligatr|Feraligatr, L50, M|100/100\n|turn|3\n|\n|t:|1776476442\n|detailschange|p2b: Feraligatr|Feraligatr-Mega, L50, M\n|-mega|p2b: Feraligatr|Feraligatr|Feraligite\n|move|p2a: Espathra|Protect|p2a: Espathra\n|-singleturn|p2a: Espathra|Protect\n|move|p1a: Milotic|Icy Wind|p2b: Feraligatr|[spread] p2b\n|-activate|p2a: Espathra|move: Protect\n|-damage|p2b: Feraligatr|80/100\n|-unboost|p2b: Feraligatr|spe|1\n|move|p1b: Pelipper|Hurricane|p2a: Espathra\n|-activate|p2a: Espathra|move: Protect\n|move|p2b: Feraligatr|Body Slam|p1a: Milotic\n|-damage|p1a: Milotic|0 fnt\n|faint|p1a: Milotic\n|\n|-weather|RainDance|[upkeep]\n|-ability|p2a: Espathra|Speed Boost|boost\n|-boost|p2a: Espathra|spe|1\n|upkeep\n|\n|t:|1776476474\n|switch|p1a: Meganium|Meganium, L50, F|100/100\n|turn|4\n|\n|t:|1776476508\n|detailschange|p1a: Meganium|Meganium-Mega, L50, F\n|-mega|p1a: Meganium|Meganium|Meganiumite\n|move|p2a: Espathra|Lumina Crash|p1a: Meganium\n|-damage|p1a: Meganium|68/100\n|-unboost|p1a: Meganium|spd|2\n|move|p1a: Meganium|Dazzling Gleam|p2b: Feraligatr|[spread] p2a,p2b\n|-supereffective|p2b: Feraligatr|1\n|-damage|p2a: Espathra|74/100\n|-damage|p2b: Feraligatr|7/100\n|move|p1b: Pelipper|Hurricane|p2a: Espathra\n|-damage|p2a: Espathra|41/100\n|move|p2b: Feraligatr|Liquidation|p1a: Meganium\n|-resisted|p1a: Meganium|1\n|-damage|p1a: Meganium|30/100\n|\n|-weather|RainDance|[upkeep]\n|-sideend|p1: truthwatcher2|move: Tailwind\n|-ability|p2a: Espathra|Speed Boost|boost\n|-boost|p2a: Espathra|spe|1\n|upkeep\n|turn|5\n|\n|t:|1776476540\n|move|p1a: Meganium|Protect|p1a: Meganium\n|-singleturn|p1a: Meganium|Protect\n|move|p2a: Espathra|Lumina Crash|p1a: Meganium\n|-activate|p1a: Meganium|move: Protect\n|move|p1b: Pelipper|Tailwind|p1b: Pelipper\n|-sidestart|p1: truthwatcher2|move: Tailwind\n|move|p2b: Feraligatr|Body Slam|p1b: Pelipper\n|-damage|p1b: Pelipper|3/100\n|-status|p1b: Pelipper|par\n|\n|-weather|none\n|-ability|p2a: Espathra|Speed Boost|boost\n|-boost|p2a: Espathra|spe|1\n|upkeep\n|turn|6\n|\n|t:|1776476566\n|move|p2a: Espathra|Lumina Crash|p1a: Meganium\n|-damage|p1a: Meganium|0 fnt\n|faint|p1a: Meganium\n|move|p1b: Pelipper|Weather Ball|p2b: Feraligatr\n|-damage|p2b: Feraligatr|0 fnt\n|faint|p2b: Feraligatr\n|\n|-ability|p2a: Espathra|Speed Boost|boost\n|-boost|p2a: Espathra|spe|1\n|upkeep\n|\n|t:|1776476577\n|switch|p1a: Arcanine|Arcanine-Hisui, L50, F|100/100\n|turn|7\n|-activate|p1b: Pelipper|item: Quick Claw\n|\n|t:|1776476590\n|move|p2a: Espathra|Protect|p2a: Espathra\n|-singleturn|p2a: Espathra|Protect\n|move|p1b: Pelipper|Hurricane|p2a: Espathra\n|-activate|p2a: Espathra|move: Protect\n|move|p1a: Arcanine|Flare Blitz|p2a: Espathra\n|-activate|p2a: Espathra|move: Protect\n|\n|upkeep\n|turn|8\n|\n|t:|1776476603\n|move|p2a: Espathra|Lumina Crash|p1a: Arcanine\n|-damage|p1a: Arcanine|52/100\n|-unboost|p1a: Arcanine|spd|2\n|move|p1a: Arcanine|Flare Blitz|p2a: Espathra\n|-damage|p2a: Espathra|0 fnt\n|faint|p2a: Espathra\n|\n|win|truthwatcher2\n|raw|truthwatcher2's rating: 1098 &rarr; <strong>1119</strong><br />(+21 for winning)\n|raw|Jdjdhdbd's rating: 1040 &rarr; <strong>1027</strong><br />(-13 for losing)\n|l|\u203dJdjdhdbd\n|player|p2|\n|c|\u2606truthwatcher2|GG\n",
  "uploadtime": 1776476617,
  "views": 23,
  "formatid": "gen9championsvgc2026regma",
  "rating": 1027,
  "private": 0,
  "password": null
}