{
  "id": "gen9championsvgc2026regma-2587847440",
  "format": "[Gen 9 Champions] VGC 2026 Reg M-A",
  "players": [
    "KarinaMomatova",
    "SilverVT"
  ],
  "log": "|j|\u2606KarinaMomatova\n|j|\u2606SilverVT\n|t:|1776570190\n|gametype|doubles\n|player|p1|KarinaMomatova|canari|1435\n|player|p2|SilverVT|silver-masters|1539\n|gen|9\n|tier|[Gen 9 Champions] VGC 2026 Reg M-A\n|rated|\n|rule|Species Clause: Limit one of each Pok\u00e9mon\n|rule|Item Clause: Limit 1 of each item\n|clearpoke\n|poke|p1|Archaludon, L50, M|\n|poke|p1|Sinistcha, L50|\n|poke|p1|Politoed, L50, F|\n|poke|p1|Scizor, L50, M, shiny|\n|poke|p1|Gyarados, L50, F|\n|poke|p1|Maushold-Four, L50|\n|poke|p2|Whimsicott, L50, F|\n|poke|p2|Gardevoir, L50, F|\n|poke|p2|Garchomp, L50, F|\n|poke|p2|Incineroar, L50, M|\n|poke|p2|Sneasler, L50, M|\n|poke|p2|Farigiraf, L50, F|\n|teampreview|4\n|inactive|Battle timer is ON: inactive players will automatically lose when time's up. (requested by SilverVT)\n|inactive|KarinaMomatova also wants the timer to be on.\n|inactive|SilverVT has 60 seconds left.\n|\n|t:|1776570229\n|teamsize|p1|4\n|teamsize|p2|4\n|start\n|switch|p1a: Maushold|Maushold-Four, L50|100/100\n|switch|p1b: Scizor|Scizor, L50, M, shiny|100/100\n|switch|p2a: Whimsicott|Whimsicott, L50, F|100/100\n|switch|p2b: Gardevoir|Gardevoir, L50, F|100/100\n|-ability|p2b: Gardevoir|Technician|Trace|[from] ability: Trace|[of] p1b: Scizor\n|turn|1\n|\n|t:|1776570250\n|switch|p2a: Farigiraf|Farigiraf, L50, F|100/100\n|detailschange|p2b: Gardevoir|Gardevoir-Mega, L50, F\n|-mega|p2b: Gardevoir|Gardevoir|Gardevoirite\n|detailschange|p1b: Scizor|Scizor-Mega, L50, M, shiny\n|-mega|p1b: Scizor|Scizor|Scizorite\n|move|p1a: Maushold|Follow Me|p1a: Maushold\n|-singleturn|p1a: Maushold|move: Follow Me\n|move|p2b: Gardevoir|Hyper Voice|p1a: Maushold|[spread] p1a,p1b\n|-crit|p1a: Maushold\n|-resisted|p1b: Scizor|1\n|-damage|p1a: Maushold|0 fnt\n|-damage|p1b: Scizor|81/100\n|faint|p1a: Maushold\n|move|p1b: Scizor|Swords Dance|p1b: Scizor\n|-boost|p1b: Scizor|atk|2\n|\n|upkeep\n|\n|t:|1776570264\n|switch|p1a: Politoed|Politoed, L50, F|100/100\n|-weather|RainDance|[from] ability: Drizzle|[of] p1a: Politoed\n|turn|2\n|\n|t:|1776570276\n|move|p2b: Gardevoir|Protect|p2b: Gardevoir\n|-singleturn|p2b: Gardevoir|Protect\n|move|p1b: Scizor|Dual Wingbeat|p2b: Gardevoir\n|-activate|p2b: Gardevoir|move: Protect\n|move|p1a: Politoed|Muddy Water|p2a: Farigiraf|[spread] \n|-activate|p2b: Gardevoir|move: Protect\n|-miss|p1a: Politoed|p2a: Farigiraf\n|move|p2a: Farigiraf|Hyper Voice|p1a: Politoed|[spread] p1a,p1b\n|-resisted|p1b: Scizor|1\n|-damage|p1a: Politoed|83/100\n|-damage|p1b: Scizor|68/100\n|\n|-weather|RainDance|[upkeep]\n|upkeep\n|turn|3\n|\n|t:|1776570292\n|switch|p2b: Garchomp|Garchomp, L50, F|100/100\n|switch|p2a: Whimsicott|Whimsicott, L50, F|100/100\n|move|p1b: Scizor|Dual Wingbeat|p2b: Garchomp\n|-damage|p2b: Garchomp|52/100\n|-damage|p1b: Scizor|55/100|[from] ability: Rough Skin|[of] p2b: Garchomp\n|-damage|p2b: Garchomp|0 fnt\n|-damage|p1b: Scizor|43/100|[from] ability: Rough Skin|[of] p2b: Garchomp\n|faint|p2b: Garchomp\n|-hitcount|p2: Garchomp|2\n|move|p1a: Politoed|Muddy Water|p2a: Whimsicott\n|-resisted|p2a: Whimsicott|1\n|-damage|p2a: Whimsicott|67/100\n|\n|-weather|RainDance|[upkeep]\n|upkeep\n|\n|t:|1776570311\n|switch|p2b: Gardevoir|Gardevoir-Mega, L50, F|100/100\n|turn|4\n|\n|t:|1776570319\n|switch|p2b: Farigiraf|Farigiraf, L50, F|100/100\n|move|p2a: Whimsicott|Tailwind|p2a: Whimsicott\n|-sidestart|p2: SilverVT|move: Tailwind\n|move|p1b: Scizor|Dual Wingbeat|p2b: Farigiraf\n|-damage|p2b: Farigiraf|57/100\n|-damage|p2b: Farigiraf|14/100\n|-enditem|p2b: Farigiraf|Sitrus Berry|[eat]\n|-heal|p2b: Farigiraf|39/100|[from] item: Sitrus Berry\n|-hitcount|p2b: Farigiraf|2\n|move|p1a: Politoed|Muddy Water|p2b: Farigiraf|[spread] p2a,p2b\n|-resisted|p2a: Whimsicott|1\n|-damage|p2a: Whimsicott|41/100\n|-damage|p2b: Farigiraf|13/100\n|-unboost|p2a: Whimsicott|accuracy|1\n|\n|-weather|RainDance|[upkeep]\n|upkeep\n|turn|5\n|\n|t:|1776570344\n|move|p2b: Farigiraf|Protect|p2b: Farigiraf\n|-singleturn|p2b: Farigiraf|Protect\n|move|p2a: Whimsicott|Moonblast|p1b: Scizor|[miss]\n|-miss|p2a: Whimsicott|p1b: Scizor\n|move|p1b: Scizor|Dual Wingbeat|p2a: Whimsicott\n|-supereffective|p2a: Whimsicott|1\n|-damage|p2a: Whimsicott|0 fnt\n|faint|p2a: Whimsicott\n|-hitcount|p2: Whimsicott|1\n|move|p1a: Politoed|Muddy Water|p2b: Farigiraf\n|-activate|p2b: Farigiraf|move: Protect\n|\n|-weather|RainDance|[upkeep]\n|upkeep\n|\n|t:|1776570353\n|switch|p2a: Gardevoir|Gardevoir-Mega, L50, F|100/100\n|turn|6\n|\n|t:|1776570358\n|move|p1b: Scizor|Protect|p1b: Scizor\n|-singleturn|p1b: Scizor|Protect\n|move|p2a: Gardevoir|Hyper Voice|p1a: Politoed|[spread] p1a\n|-activate|p1b: Scizor|move: Protect\n|-damage|p1a: Politoed|42/100\n|-enditem|p1a: Politoed|Sitrus Berry|[eat]\n|-heal|p1a: Politoed|67/100|[from] item: Sitrus Berry\n|move|p2b: Farigiraf|Hyper Voice|p1a: Politoed|[spread] p1a\n|-activate|p1b: Scizor|move: Protect\n|-damage|p1a: Politoed|47/100\n|move|p1a: Politoed|Muddy Water|p2a: Gardevoir|[spread] p2a\n|-miss|p1a: Politoed|p2b: Farigiraf\n|-damage|p2a: Gardevoir|72/100\n|\n|-weather|none\n|upkeep\n|turn|7\n|\n|t:|1776570380\n|move|p2a: Gardevoir|Hyper Voice|p1a: Politoed|[spread] p1a,p1b\n|-resisted|p1b: Scizor|1\n|-crit|p1b: Scizor\n|-damage|p1a: Politoed|5/100\n|-damage|p1b: Scizor|4/100\n|move|p2b: Farigiraf|Hyper Voice|p1b: Scizor|[spread] p1a,p1b\n|-resisted|p1b: Scizor|1\n|-damage|p1a: Politoed|0 fnt\n|-damage|p1b: Scizor|0 fnt\n|faint|p1a: Politoed\n|faint|p1b: Scizor\n|\n|-sideend|p2: SilverVT|move: Tailwind\n|upkeep\n|\n|t:|1776570393\n|switch|p1b: Gyarados|Gyarados, L50, F|100/100\n|-ability|p1b: Gyarados|Intimidate|boost\n|-unboost|p2a: Gardevoir|atk|1\n|-unboost|p2b: Farigiraf|atk|1\n|turn|8\n|\n|t:|1776570404\n|move|p1b: Gyarados|Waterfall|p2a: Gardevoir\n|-damage|p2a: Gardevoir|7/100\n|move|p2a: Gardevoir|Hyper Voice|p1b: Gyarados\n|-damage|p1b: Gyarados|25/100\n|move|p2b: Farigiraf|Hyper Voice|p1b: Gyarados\n|-damage|p1b: Gyarados|0 fnt\n|faint|p1b: Gyarados\n|\n|win|SilverVT\n|raw|KarinaMomatova's rating: 1435 &rarr; <strong>1421</strong><br />(-14 for losing)\n|raw|SilverVT's rating: 1539 &rarr; <strong>1553</strong><br />(+14 for winning)\n|l|\u2606KarinaMomatova\n|player|p1|\n|l|\u2606SilverVT\n|player|p2|\n",
  "uploadtime": 1776570433,
  "views": 20,
  "formatid": "gen9championsvgc2026regma",
  "rating": 1421,
  "private": 0,
  "password": null
}