{
  "id": "gen9championsvgc2026regma-2582048100",
  "format": "[Gen 9 Champions] VGC 2026 Reg M-A",
  "players": [
    "Gordeto",
    "ye979166426"
  ],
  "log": "|j|\u2606Gordeto\n|j|\u203dye979166426\n|t:|1776051774\n|gametype|doubles\n|player|p1|Gordeto|ethan|1189\n|player|p2|ye979166426|265|1284\n|gen|9\n|tier|[Gen 9 Champions] VGC 2026 Reg M-A\n|rated|\n|rule|Species Clause: Limit one of each Pok\u00e9mon\n|rule|Item Clause: Limit 1 of each item\n|clearpoke\n|poke|p1|Gallade, L50, M|\n|poke|p1|Kingambit, L50, M|\n|poke|p1|Milotic, L50, M|\n|poke|p1|Incineroar, L50, F|\n|poke|p1|Aerodactyl, L50, F|\n|poke|p1|Rotom-Wash, L50|\n|poke|p2|Excadrill, L50, F|\n|poke|p2|Tyranitar, L50, F|\n|poke|p2|Corviknight, L50, M|\n|poke|p2|Rotom-Wash, L50|\n|poke|p2|Primarina, L50, M|\n|poke|p2|Sneasler, L50, M|\n|teampreview|4\n|inactive|Battle timer is ON: inactive players will automatically lose when time's up. (requested by ye979166426)\n|\n|t:|1776051866\n|teamsize|p1|4\n|teamsize|p2|4\n|start\n|switch|p1a: Aerodactyl|Aerodactyl, L50, F|100/100\n|switch|p1b: Incineroar|Incineroar, L50, F|100/100\n|switch|p2a: Rotom|Rotom-Wash, L50, shiny|100/100\n|switch|p2b: Sneasler|Sneasler, L50, M|100/100\n|-ability|p1a: Aerodactyl|Unnerve\n|-ability|p1b: Incineroar|Intimidate|boost\n|-unboost|p2a: Rotom|atk|1\n|-unboost|p2b: Sneasler|atk|1\n|-enditem|p2b: Sneasler|White Herb\n|-clearnegativeboost|p2b: Sneasler|[silent]\n|turn|1\n|inactive|Gordeto has 30 seconds left.\n|inactive|ye979166426 has 30 seconds left.\n|\n|t:|1776051896\n|switch|p1a: Gallade|Gallade, L50, M|100/100\n|move|p2b: Sneasler|Protect|p2b: Sneasler\n|-singleturn|p2b: Sneasler|Protect\n|move|p1b: Incineroar|Fake Out|p2a: Rotom\n|-damage|p2a: Rotom|88/100\n|cant|p2a: Rotom|flinch\n|\n|upkeep\n|turn|2\n|inactive|Gordeto has 30 seconds left.\n|inactive|ye979166426 has 30 seconds left.\n|\n|t:|1776051923\n|detailschange|p1a: Gallade|Gallade-Mega, L50, M\n|-mega|p1a: Gallade|Gallade|Galladite\n|move|p2b: Sneasler|Dire Claw|p1a: Gallade\n|-damage|p1a: Gallade|43/100\n|move|p1a: Gallade|Swords Dance|p1a: Gallade\n|-boost|p1a: Gallade|atk|2\n|move|p2a: Rotom|Electroweb|p1a: Gallade|[spread] p1a,p1b\n|-damage|p1a: Gallade|18/100\n|-damage|p1b: Incineroar|81/100\n|-unboost|p1a: Gallade|spe|1\n|-unboost|p1b: Incineroar|spe|1\n|move|p1b: Incineroar|Parting Shot|p2b: Sneasler\n|-unboost|p2b: Sneasler|atk|1\n|-unboost|p2b: Sneasler|spa|1\n|\n|t:|1776051937\n|switch|p1b: Aerodactyl|Aerodactyl, L50, F|100/100|[from] Parting Shot\n|-ability|p1b: Aerodactyl|Unnerve\n|\n|upkeep\n|turn|3\n|\n|t:|1776051953\n|move|p1a: Gallade|Protect|p1a: Gallade\n|-singleturn|p1a: Gallade|Protect\n|move|p2b: Sneasler|Close Combat|p1b: Aerodactyl\n|-damage|p1b: Aerodactyl|29/100\n|-unboost|p2b: Sneasler|def|1\n|-unboost|p2b: Sneasler|spd|1\n|move|p1b: Aerodactyl|Tailwind|p1b: Aerodactyl\n|-sidestart|p1: Gordeto|move: Tailwind\n|move|p2a: Rotom|Electroweb|p1b: Aerodactyl|[spread] p1b\n|-activate|p1a: Gallade|move: Protect\n|-supereffective|p1b: Aerodactyl|1\n|-damage|p1b: Aerodactyl|0 fnt\n|faint|p1b: Aerodactyl\n|\n|upkeep\n|\n|t:|1776051967\n|switch|p1b: Incineroar|Incineroar, L50, F|81/100\n|-ability|p1b: Incineroar|Intimidate|boost\n|-unboost|p2a: Rotom|atk|1\n|-unboost|p2b: Sneasler|atk|1\n|turn|4\n|\n|t:|1776051977\n|move|p2b: Sneasler|Protect|p2b: Sneasler\n|-singleturn|p2b: Sneasler|Protect\n|move|p1b: Incineroar|Fake Out|p2a: Rotom\n|-damage|p2a: Rotom|74/100\n|move|p1a: Gallade|Sacred Sword|p2a: Rotom\n|-damage|p2a: Rotom|0 fnt\n|faint|p2a: Rotom\n|\n|upkeep\n|\n|t:|1776051985\n|switch|p2a: Tyranitar|Tyranitar, L50, F, shiny|100/100\n|-weather|Sandstorm|[from] ability: Sand Stream|[of] p2a: Tyranitar\n|turn|5\n|\n|t:|1776052004\n|move|p1a: Gallade|Protect|p1a: Gallade\n|-singleturn|p1a: Gallade|Protect\n|move|p2a: Tyranitar|Protect|p2a: Tyranitar\n|-singleturn|p2a: Tyranitar|Protect\n|move|p2b: Sneasler|Dire Claw|p1a: Gallade\n|-activate|p1a: Gallade|move: Protect\n|move|p1b: Incineroar|Flare Blitz|p2b: Sneasler\n|-damage|p2b: Sneasler|0 fnt\n|faint|p2b: Sneasler\n|-damage|p1b: Incineroar|55/100|[from] Recoil\n|\n|-weather|Sandstorm|[upkeep]\n|-damage|p1a: Gallade|12/100|[from] Sandstorm\n|-damage|p1b: Incineroar|49/100|[from] Sandstorm\n|-enditem|p1b: Incineroar|Sitrus Berry|[eat]\n|-heal|p1b: Incineroar|74/100|[from] item: Sitrus Berry\n|upkeep\n|\n|t:|1776052019\n|switch|p2b: Excadrill|Excadrill, L50, F, shiny|100/100\n|turn|6\n|\n|t:|1776052040\n|switch|p1b: Milotic|Milotic, L50, M|100/100\n|detailschange|p2a: Tyranitar|Tyranitar-Mega, L50, F, shiny\n|-mega|p2a: Tyranitar|Tyranitar|Tyranitarite\n|move|p2b: Excadrill|Earthquake|p1a: Gallade|[spread] p2a,p1a,p1b\n|-supereffective|p2a: Tyranitar|1\n|-damage|p2a: Tyranitar|45/100\n|-damage|p1a: Gallade|0 fnt\n|-damage|p1b: Milotic|55/100\n|faint|p1a: Gallade\n|move|p2a: Tyranitar|Rock Slide|p1b: Milotic\n|-damage|p1b: Milotic|5/100\n|\n|-weather|Sandstorm|[upkeep]\n|-damage|p1b: Milotic|0 fnt|[from] Sandstorm\n|faint|p1b: Milotic\n|-sideend|p1: Gordeto|move: Tailwind\n|upkeep\n|\n|t:|1776052050\n|switch|p1b: Incineroar|Incineroar, L50, F|74/100\n|-ability|p1b: Incineroar|Intimidate|boost\n|-unboost|p2a: Tyranitar|atk|1\n|-unboost|p2b: Excadrill|atk|1\n|turn|7\n|-message|Gordeto forfeited.\n|\n|win|ye979166426\n|raw|Gordeto's rating: 1189 &rarr; <strong>1171</strong><br />(-18 for losing)\n|raw|ye979166426's rating: 1284 &rarr; <strong>1302</strong><br />(+18 for winning)\n|l|\u2606Gordeto\n|player|p1|\n",
  "uploadtime": 1776052059,
  "views": 13,
  "formatid": "gen9championsvgc2026regma",
  "rating": 1171,
  "private": 0,
  "password": null
}