{
  "id": "gen9championsvgc2026regma-2582182129",
  "format": "[Gen 9 Champions] VGC 2026 Reg M-A",
  "players": [
    "Synthiox",
    "itsthebandit"
  ],
  "log": "|j|\u2606Synthiox\n|j|\u2606itsthebandit\n|t:|1776068364\n|gametype|doubles\n|player|p1|Synthiox|ethan|1110\n|player|p2|itsthebandit|miku-water|1091\n|gen|9\n|tier|[Gen 9 Champions] VGC 2026 Reg M-A\n|rated|\n|rule|Species Clause: Limit one of each Pok\u00e9mon\n|rule|Item Clause: Limit 1 of each item\n|clearpoke\n|poke|p1|Delphox, L50, F|\n|poke|p1|Ninetales, L50, M|\n|poke|p1|Corviknight, L50, F|\n|poke|p1|Milotic, L50, F|\n|poke|p1|Clefable, L50, M|\n|poke|p1|Arcanine-Hisui, L50, M|\n|poke|p2|Tyranitar, L50, M|\n|poke|p2|Primarina, L50, F|\n|poke|p2|Excadrill, L50, F|\n|poke|p2|Corviknight, L50, M|\n|poke|p2|Incineroar, L50, F|\n|poke|p2|Sinistcha, L50|\n|teampreview|4\n|\n|t:|1776068395\n|teamsize|p1|4\n|teamsize|p2|4\n|start\n|switch|p1a: Milotic|Milotic, L50, F|100/100\n|switch|p1b: Corviknight|Corviknight, L50, F|100/100\n|switch|p2a: Tyranitar|Tyranitar, L50, M|100/100\n|switch|p2b: Incineroar|Incineroar, L50, F, shiny|100/100\n|-ability|p2b: Incineroar|Intimidate|boost\n|-unboost|p1a: Milotic|atk|1\n|-ability|p1a: Milotic|Competitive|boost\n|-boost|p1a: Milotic|spa|2\n|-ability|p1b: Corviknight|Mirror Armor\n|-unboost|p2b: Incineroar|atk|1\n|-weather|Sandstorm|[from] ability: Sand Stream|[of] p2a: Tyranitar\n|turn|1\n|\n|t:|1776068427\n|move|p2a: Tyranitar|Protect|p2a: Tyranitar\n|-singleturn|p2a: Tyranitar|Protect\n|move|p2b: Incineroar|Will-O-Wisp|p1b: Corviknight\n|-status|p1b: Corviknight|brn\n|move|p1a: Milotic|Scald|p2b: Incineroar\n|-supereffective|p2b: Incineroar|1\n|-damage|p2b: Incineroar|0 fnt\n|faint|p2b: Incineroar\n|move|p1b: Corviknight|Tailwind|p1b: Corviknight\n|-sidestart|p1: Synthiox|move: Tailwind\n|\n|-weather|Sandstorm|[upkeep]\n|-damage|p1a: Milotic|95/100|[from] Sandstorm\n|-heal|p1a: Milotic|100/100|[from] item: Leftovers\n|-damage|p1b: Corviknight|95/100 brn|[from] brn\n|upkeep\n|\n|t:|1776068437\n|switch|p2b: Sinistcha|Sinistcha, L50|100/100\n|turn|2\n|\n|t:|1776068471\n|detailschange|p2a: Tyranitar|Tyranitar-Mega, L50, M\n|-mega|p2a: Tyranitar|Tyranitar|Tyranitarite\n|move|p1a: Milotic|Protect|p1a: Milotic\n|-singleturn|p1a: Milotic|Protect\n|move|p1b: Corviknight|Brave Bird|p2b: Sinistcha\n|-supereffective|p2b: Sinistcha|1\n|-damage|p2b: Sinistcha|72/100\n|-damage|p1b: Corviknight|86/100 brn|[from] Recoil\n|move|p2a: Tyranitar|Knock Off|p1a: Milotic\n|-activate|p1a: Milotic|move: Protect\n|move|p2b: Sinistcha|Trick Room|p2b: Sinistcha\n|-fieldstart|move: Trick Room|[of] p2b: Sinistcha\n|\n|-weather|Sandstorm|[upkeep]\n|-damage|p2b: Sinistcha|65/100|[from] Sandstorm\n|-damage|p1a: Milotic|95/100|[from] Sandstorm\n|-heal|p1a: Milotic|100/100|[from] item: Leftovers\n|-damage|p1b: Corviknight|80/100 brn|[from] brn\n|upkeep\n|turn|3\n|\n|t:|1776068500\n|switch|p1b: Ninetales|Ninetales, L50, M|100/100\n|-weather|SunnyDay|[from] ability: Drought|[of] p1b: Ninetales\n|move|p2b: Sinistcha|Matcha Gotcha|p1a: Milotic|[spread] p1b\n|-miss|p2b: Sinistcha|p1a: Milotic\n|-resisted|p1b: Ninetales|1\n|-damage|p1b: Ninetales|89/100\n|-heal|p2b: Sinistcha|72/100|[from] drain|[of] p1b: Ninetales\n|move|p2a: Tyranitar|Knock Off|p1a: Milotic\n|-damage|p1a: Milotic|41/100\n|-enditem|p1a: Milotic|Leftovers|[from] move: Knock Off|[of] p2a: Tyranitar\n|move|p1a: Milotic|Recover|p1a: Milotic\n|-heal|p1a: Milotic|91/100\n|\n|-weather|SunnyDay|[upkeep]\n|upkeep\n|turn|4\n|\n|t:|1776068531\n|switch|p2a: Excadrill|Excadrill, L50, F|100/100\n|switch|p1b: Corviknight|Corviknight, L50, F|80/100 brn\n|move|p2b: Sinistcha|Matcha Gotcha|p1b: Corviknight|[spread] p1a,p1b\n|-supereffective|p1a: Milotic|1\n|-resisted|p1b: Corviknight|2\n|-damage|p1a: Milotic|64/100\n|-heal|p2b: Sinistcha|87/100|[from] drain|[of] p1a: Milotic\n|-damage|p1b: Corviknight|75/100 brn\n|-heal|p2b: Sinistcha|90/100|[from] drain|[of] p1b: Corviknight\n|-status|p1a: Milotic|brn\n|move|p1a: Milotic|Scald|p2a: Excadrill\n|-supereffective|p2a: Excadrill|1\n|-damage|p2a: Excadrill|22/100\n|\n|-weather|SunnyDay|[upkeep]\n|-damage|p1b: Corviknight|69/100 brn|[from] brn\n|-damage|p1a: Milotic|58/100 brn|[from] brn\n|-sideend|p1: Synthiox|move: Tailwind\n|upkeep\n|turn|5\n|\n|t:|1776068570\n|move|p2a: Excadrill|Protect|p2a: Excadrill\n|-singleturn|p2a: Excadrill|Protect\n|move|p1b: Corviknight|Body Press|p2a: Excadrill\n|-activate|p2a: Excadrill|move: Protect\n|move|p1a: Milotic|Scald|p2a: Excadrill\n|-activate|p2a: Excadrill|move: Protect\n|move|p2b: Sinistcha|Trick Room|p2b: Sinistcha\n|-fieldend|move: Trick Room\n|\n|-weather|SunnyDay|[upkeep]\n|-damage|p1a: Milotic|52/100 brn|[from] brn\n|-damage|p1b: Corviknight|63/100 brn|[from] brn\n|upkeep\n|turn|6\n|\n|t:|1776068602\n|move|p1a: Milotic|Protect|p1a: Milotic\n|-singleturn|p1a: Milotic|Protect\n|move|p2b: Sinistcha|Rage Powder|p2b: Sinistcha\n|-singleturn|p2b: Sinistcha|move: Rage Powder\n|move|p2a: Excadrill|High Horsepower|p1a: Milotic\n|-activate|p1a: Milotic|move: Protect\n|move|p1b: Corviknight|Body Press|p2b: Sinistcha\n|-immune|p2b: Sinistcha\n|\n|-weather|SunnyDay|[upkeep]\n|-damage|p1a: Milotic|47/100 brn|[from] brn\n|-damage|p1b: Corviknight|58/100 brn|[from] brn\n|upkeep\n|turn|7\n|\n|t:|1776068636\n|move|p2a: Excadrill|Protect|p2a: Excadrill\n|-singleturn|p2a: Excadrill|Protect\n|move|p1a: Milotic|Recover|p1a: Milotic\n|-heal|p1a: Milotic|97/100 brn\n|move|p2b: Sinistcha|Matcha Gotcha|p1b: Corviknight|[spread] p1a,p1b\n|-supereffective|p1a: Milotic|1\n|-resisted|p1b: Corviknight|2\n|-damage|p1a: Milotic|69/100 brn\n|-heal|p2b: Sinistcha|100/100|[from] drain|[of] p1a: Milotic\n|-damage|p1b: Corviknight|52/100 brn\n|move|p1b: Corviknight|Brave Bird|p2b: Sinistcha\n|-supereffective|p2b: Sinistcha|1\n|-damage|p2b: Sinistcha|73/100\n|-damage|p1b: Corviknight|44/100 brn|[from] Recoil\n|-enditem|p1b: Corviknight|Sitrus Berry|[eat]\n|-heal|p1b: Corviknight|69/100 brn|[from] item: Sitrus Berry\n|\n|-weather|none\n|-damage|p1a: Milotic|63/100 brn|[from] brn\n|-damage|p1b: Corviknight|63/100 brn|[from] brn\n|upkeep\n|turn|8\n|\n|t:|1776068658\n|move|p2b: Sinistcha|Rage Powder|p2b: Sinistcha\n|-singleturn|p2b: Sinistcha|move: Rage Powder\n|move|p2a: Excadrill|High Horsepower|p1a: Milotic\n|-damage|p1a: Milotic|9/100 brn\n|move|p1a: Milotic|Scald|p2b: Sinistcha\n|-resisted|p2b: Sinistcha|1\n|-damage|p2b: Sinistcha|44/100\n|-enditem|p2b: Sinistcha|Sitrus Berry|[eat]\n|-heal|p2b: Sinistcha|69/100|[from] item: Sitrus Berry\n|move|p1b: Corviknight|Tailwind|p1b: Corviknight\n|-sidestart|p1: Synthiox|move: Tailwind\n|\n|-damage|p1a: Milotic|3/100 brn|[from] brn\n|-damage|p1b: Corviknight|57/100 brn|[from] brn\n|upkeep\n|turn|9\n|\n|t:|1776068679\n|switch|p2b: Tyranitar|Tyranitar-Mega, L50, M|100/100\n|-weather|Sandstorm|[from] ability: Sand Stream|[of] p2b: Tyranitar\n|move|p2a: Excadrill|Iron Head|p1a: Milotic\n|-resisted|p1a: Milotic|1\n|-damage|p1a: Milotic|0 fnt\n|faint|p1a: Milotic\n|move|p1b: Corviknight|Brave Bird|p2b: Tyranitar\n|-resisted|p2b: Tyranitar|1\n|-damage|p2b: Tyranitar|95/100\n|-damage|p1b: Corviknight|55/100 brn|[from] Recoil\n|\n|-weather|Sandstorm|[upkeep]\n|-damage|p1b: Corviknight|49/100 brn|[from] brn\n|upkeep\n|\n|t:|1776068693\n|switch|p1a: Ninetales|Ninetales, L50, M|89/100\n|-weather|SunnyDay|[from] ability: Drought|[of] p1a: Ninetales\n|turn|10\n|\n|t:|1776068709\n|switch|p2b: Sinistcha|Sinistcha, L50|69/100\n|-heal|p2a: Excadrill|47/100|[from] ability: Hospitality|[of] p2b: Sinistcha\n|move|p2a: Excadrill|Protect|p2a: Excadrill\n|-singleturn|p2a: Excadrill|Protect\n|move|p1a: Ninetales|Solar Beam||[still]\n|-prepare|p1a: Ninetales|Solar Beam\n|-anim|p1a: Ninetales|Solar Beam|p2b: Sinistcha\n|-resisted|p2b: Sinistcha|1\n|-damage|p2b: Sinistcha|54/100\n|move|p1b: Corviknight|Body Press|p2a: Excadrill\n|-activate|p2a: Excadrill|move: Protect\n|\n|-weather|SunnyDay|[upkeep]\n|-damage|p1b: Corviknight|43/100 brn|[from] brn\n|upkeep\n|turn|11\n|\n|t:|1776068763\n|switch|p1a: Delphox|Delphox, L50, F|100/100\n|switch|p2b: Tyranitar|Tyranitar-Mega, L50, M|95/100\n|-weather|Sandstorm|[from] ability: Sand Stream|[of] p2b: Tyranitar\n|move|p1b: Corviknight|Protect|p1b: Corviknight\n|-singleturn|p1b: Corviknight|Protect\n|move|p2a: Excadrill|High Horsepower|p1a: Delphox\n|-supereffective|p1a: Delphox|1\n|-damage|p1a: Delphox|0 fnt\n|faint|p1a: Delphox\n|\n|-weather|Sandstorm|[upkeep]\n|-damage|p1b: Corviknight|38/100 brn|[from] brn\n|-sideend|p1: Synthiox|move: Tailwind\n|upkeep\n|\n|t:|1776068776\n|switch|p1a: Ninetales|Ninetales, L50, M|89/100\n|-weather|SunnyDay|[from] ability: Drought|[of] p1a: Ninetales\n|turn|12\n|\n|t:|1776068796\n|switch|p2b: Sinistcha|Sinistcha, L50|54/100\n|-heal|p2a: Excadrill|72/100|[from] ability: Hospitality|[of] p2b: Sinistcha\n|move|p2a: Excadrill|Protect|p2a: Excadrill\n|-singleturn|p2a: Excadrill|Protect\n|move|p1a: Ninetales|Weather Ball|p2b: Sinistcha\n|-supereffective|p2b: Sinistcha|1\n|-damage|p2b: Sinistcha|0 fnt\n|faint|p2b: Sinistcha\n|move|p1b: Corviknight|Body Press|p2a: Excadrill\n|-activate|p2a: Excadrill|move: Protect\n|\n|-weather|SunnyDay|[upkeep]\n|-damage|p1b: Corviknight|32/100 brn|[from] brn\n|upkeep\n|\n|t:|1776068806\n|switch|p2b: Tyranitar|Tyranitar-Mega, L50, M|95/100\n|-weather|Sandstorm|[from] ability: Sand Stream|[of] p2b: Tyranitar\n|turn|13\n|-message|Synthiox forfeited.\n|\n|win|itsthebandit\n|raw|Synthiox's rating: 1110 &rarr; <strong>1084</strong><br />(-26 for losing)\n|raw|itsthebandit's rating: 1091 &rarr; <strong>1119</strong><br />(+28 for winning)\n|l|\u2606Synthiox\n|player|p1|\n",
  "uploadtime": 1776068820,
  "views": 30,
  "formatid": "gen9championsvgc2026regma",
  "rating": 1084,
  "private": 0,
  "password": null
}