{
  "id": "gen9championsvgc2026regma-2586499527",
  "format": "[Gen 9 Champions] VGC 2026 Reg M-A",
  "players": [
    "ItsNotAceee",
    "lorenzo000"
  ],
  "log": "|j|\u2606ItsNotAceee\n|j|\u2606lorenzo000\n|t:|1776438912\n|gametype|doubles\n|player|p1|ItsNotAceee|2|1000\n|player|p2|lorenzo000|mustard-master|1040\n|gen|9\n|tier|[Gen 9 Champions] VGC 2026 Reg M-A\n|rated|\n|rule|Species Clause: Limit one of each Pok\u00e9mon\n|rule|Item Clause: Limit 1 of each item\n|clearpoke\n|poke|p1|Slowking, L50, F|\n|poke|p1|Abomasnow, L50, M|\n|poke|p1|Farigiraf, L50, M|\n|poke|p1|Incineroar, L50, M|\n|poke|p1|Milotic, L50, F|\n|poke|p1|Bellibolt, L50, F|\n|poke|p2|Klefki, L50, F|\n|poke|p2|Beedrill, L50, M|\n|poke|p2|Sneasler, L50, F|\n|poke|p2|Greninja-*, L50, M|\n|poke|p2|Clefable, L50, F|\n|poke|p2|Hydreigon, L50, M|\n|teampreview|4\n|inactive|Battle timer is ON: inactive players will automatically lose when time's up. (requested by lorenzo000)\n|\n|t:|1776438946\n|teamsize|p1|4\n|teamsize|p2|4\n|start\n|switch|p1a: Slowking|Slowking, L50, F|100/100\n|switch|p1b: Farigiraf|Farigiraf, L50, M|100/100\n|switch|p2a: Klefki|Klefki, L50, F, shiny|100/100\n|switch|p2b: Hydreigon|Hydreigon, L50, M|100/100\n|turn|1\n|inactive|ItsNotAceee has 30 seconds left.\n|\n|t:|1776438975\n|move|p2a: Klefki|Imprison|p2a: Klefki\n|-start|p2a: Klefki|move: Imprison\n|move|p2b: Hydreigon|Dark Pulse|p1a: Slowking\n|-supereffective|p1a: Slowking|1\n|-damage|p1a: Slowking|43/100\n|-prepare|p1a: Slowking|Chilly Reception|[premajor]\n|move|p1a: Slowking|Chilly Reception|p1a: Slowking\n|-weather|Snowscape\n|\n|t:|1776438984\n|switch|p1a: Abomasnow|Abomasnow, L50, M|100/100|[from] Chilly Reception\n|cant|p1b: Farigiraf|move: Imprison|Trick Room\n|\n|-weather|Snowscape|[upkeep]\n|upkeep\n|turn|2\n|\n|t:|1776439001\n|switch|p2b: Clefable|Clefable, L50, F, shiny|100/100\n|detailschange|p1a: Abomasnow|Abomasnow-Mega, L50, M\n|-mega|p1a: Abomasnow|Abomasnow|Abomasite\n|move|p2a: Klefki|Protect|p2a: Klefki\n|-singleturn|p2a: Klefki|Protect\n|move|p1b: Farigiraf|Psychic|p2a: Klefki\n|-activate|p2a: Klefki|move: Protect\n|move|p1a: Abomasnow|Blizzard|p2a: Klefki|[spread] p2b\n|-activate|p2a: Klefki|move: Protect\n|-damage|p2b: Clefable|70/100\n|\n|-weather|Snowscape|[upkeep]\n|-heal|p2b: Clefable|76/100|[from] item: Leftovers\n|upkeep\n|turn|3\n|\n|t:|1776439022\n|move|p2a: Klefki|Dazzling Gleam|p1a: Abomasnow|[spread] p1a,p1b\n|-damage|p1a: Abomasnow|84/100\n|-damage|p1b: Farigiraf|82/100\n|move|p2b: Clefable|Knock Off|p1b: Farigiraf\n|-supereffective|p1b: Farigiraf|1\n|-crit|p1b: Farigiraf\n|-enditem|p1b: Farigiraf|Colbur Berry|[eat]\n|-enditem|p1b: Farigiraf|Colbur Berry|[weaken]\n|-damage|p1b: Farigiraf|61/100\n|move|p1b: Farigiraf|Psychic|p2b: Clefable\n|-damage|p2b: Clefable|53/100\n|move|p1a: Abomasnow|Blizzard|p2a: Klefki|[spread] p2a,p2b\n|-resisted|p2a: Klefki|1\n|-damage|p2a: Klefki|71/100\n|-damage|p2b: Clefable|20/100\n|\n|-weather|Snowscape|[upkeep]\n|-heal|p2b: Clefable|26/100|[from] item: Leftovers\n|upkeep\n|turn|4\n|\n|t:|1776439042\n|switch|p2b: Greninja|Greninja, L50, M, shiny|100/100\n|move|p2a: Klefki|Protect|p2a: Klefki\n|-singleturn|p2a: Klefki|Protect\n|move|p1b: Farigiraf|Psychic|p2a: Klefki\n|-activate|p2a: Klefki|move: Protect\n|move|p1a: Abomasnow|Blizzard|p2b: Greninja|[spread] p2b\n|-activate|p2a: Klefki|move: Protect\n|-resisted|p2b: Greninja|1\n|-damage|p2b: Greninja|62/100\n|\n|-weather|Snowscape|[upkeep]\n|upkeep\n|turn|5\n|\n|t:|1776439060\n|detailschange|p2b: Greninja|Greninja-Mega, L50, M, shiny\n|-mega|p2b: Greninja|Greninja|Greninjite\n|move|p2b: Greninja|Dark Pulse|p1b: Farigiraf\n|-start|p2b: Greninja|typechange|Dark|[from] ability: Protean\n|-supereffective|p1b: Farigiraf|1\n|-damage|p1b: Farigiraf|0 fnt\n|faint|p1b: Farigiraf\n|move|p2a: Klefki|Dazzling Gleam|p1a: Abomasnow\n|-damage|p1a: Abomasnow|60/100\n|move|p1a: Abomasnow|Wood Hammer|p2b: Greninja\n|-damage|p2b: Greninja|0 fnt\n|faint|p2b: Greninja\n|-damage|p1a: Abomasnow|44/100|[from] Recoil\n|\n|-weather|none\n|upkeep\n|\n|t:|1776439077\n|switch|p2b: Hydreigon|Hydreigon, L50, M|100/100\n|switch|p1b: Bellibolt|Bellibolt, L50, F|100/100\n|turn|6\n|\n|t:|1776439091\n|move|p2b: Hydreigon|Flamethrower|p1a: Abomasnow\n|-supereffective|p1a: Abomasnow|2\n|-damage|p1a: Abomasnow|0 fnt\n|faint|p1a: Abomasnow\n|move|p2a: Klefki|Dazzling Gleam|p1b: Bellibolt\n|-damage|p1b: Bellibolt|78/100\n|-start|p1b: Bellibolt|Charge|Dazzling Gleam|[from] ability: Electromorphosis\n|move|p1b: Bellibolt|Soak|p2b: Hydreigon\n|-start|p2b: Hydreigon|typechange|Water\n|\n|upkeep\n|\n|t:|1776439102\n|switch|p1a: Slowking|Slowking, L50, F|76/100\n|turn|7\n|\n|t:|1776439117\n|switch|p2b: Clefable|Clefable, L50, F, shiny|26/100\n|move|p2a: Klefki|Dazzling Gleam|p1b: Bellibolt|[spread] p1a,p1b\n|-damage|p1a: Slowking|64/100\n|-damage|p1b: Bellibolt|62/100\n|-start|p1b: Bellibolt|Charge|Dazzling Gleam|[from] ability: Electromorphosis\n|move|p1b: Bellibolt|Parabolic Charge|p2b: Clefable|[spread] p1a,p2a,p2b\n|-supereffective|p1a: Slowking|1\n|-crit|p2a: Klefki\n|-damage|p1a: Slowking|0 fnt\n|-heal|p1b: Bellibolt|95/100|[from] drain|[of] p1a: Slowking\n|-damage|p2a: Klefki|0 fnt\n|-heal|p1b: Bellibolt|100/100|[from] drain|[of] p2a: Klefki\n|-damage|p2b: Clefable|0 fnt\n|faint|p1a: Slowking\n|faint|p2a: Klefki\n|faint|p2b: Clefable\n|-end|p1b: Bellibolt|Charge|[silent]\n|\n|upkeep\n|inactive|lorenzo000 has 30 seconds left.\n|\n|t:|1776439150\n|switch|p2a: Hydreigon|Hydreigon, L50, M|100/100\n|turn|8\n|\n|t:|1776439159\n|move|p2a: Hydreigon|Earth Power|p1b: Bellibolt\n|-supereffective|p1b: Bellibolt|1\n|-enditem|p1b: Bellibolt|Shuca Berry|[eat]\n|-enditem|p1b: Bellibolt|Shuca Berry|[weaken]\n|-damage|p1b: Bellibolt|71/100\n|-start|p1b: Bellibolt|Charge|Earth Power|[from] ability: Electromorphosis\n|move|p1b: Bellibolt|Eerie Impulse|p2a: Hydreigon\n|-unboost|p2a: Hydreigon|spa|2\n|-end|p1b: Bellibolt|Charge|[silent]\n|\n|upkeep\n|turn|9\n|\n|t:|1776439176\n|move|p2a: Hydreigon|Earth Power|p1b: Bellibolt\n|-supereffective|p1b: Bellibolt|1\n|-damage|p1b: Bellibolt|40/100\n|-start|p1b: Bellibolt|Charge|Earth Power|[from] ability: Electromorphosis\n|move|p1b: Bellibolt|Parabolic Charge|p2a: Hydreigon\n|-resisted|p2a: Hydreigon|1\n|-damage|p2a: Hydreigon|61/100\n|-heal|p1b: Bellibolt|57/100|[from] drain|[of] p2a: Hydreigon\n|-end|p1b: Bellibolt|Charge|[silent]\n|\n|upkeep\n|turn|10\n|\n|t:|1776439190\n|move|p2a: Hydreigon|Earth Power|p1b: Bellibolt\n|-supereffective|p1b: Bellibolt|1\n|-damage|p1b: Bellibolt|25/100\n|-start|p1b: Bellibolt|Charge|Earth Power|[from] ability: Electromorphosis\n|move|p1b: Bellibolt|Parabolic Charge|p2a: Hydreigon\n|-resisted|p2a: Hydreigon|1\n|-damage|p2a: Hydreigon|28/100\n|-heal|p1b: Bellibolt|41/100|[from] drain|[of] p2a: Hydreigon\n|-end|p1b: Bellibolt|Charge|[silent]\n|\n|upkeep\n|turn|11\n|c|\u2606lorenzo000|crit pleaseeeee\n|\n|t:|1776439206\n|move|p2a: Hydreigon|Earth Power|p1b: Bellibolt\n|-supereffective|p1b: Bellibolt|1\n|-damage|p1b: Bellibolt|9/100\n|-start|p1b: Bellibolt|Charge|Earth Power|[from] ability: Electromorphosis\n|move|p1b: Bellibolt|Parabolic Charge|p2a: Hydreigon\n|-resisted|p2a: Hydreigon|1\n|-crit|p2a: Hydreigon\n|-damage|p2a: Hydreigon|0 fnt\n|-heal|p1b: Bellibolt|21/100|[from] drain|[of] p2a: Hydreigon\n|faint|p2a: Hydreigon\n|-end|p1b: Bellibolt|Charge|[silent]\n|\n|win|ItsNotAceee\n|raw|ItsNotAceee's rating: 1000 &rarr; <strong>1045</strong><br />(+45 for winning)\n|raw|lorenzo000's rating: 1040 &rarr; <strong>1022</strong><br />(-18 for losing)\n|c|\u2606lorenzo000|gg\n|l|\u2606lorenzo000\n|player|p2|\n",
  "uploadtime": 1776439234,
  "views": 38,
  "formatid": "gen9championsvgc2026regma",
  "rating": 1022,
  "private": 0,
  "password": null
}