{
  "id": "gen9championsvgc2026regma-2586832778",
  "format": "[Gen 9 Champions] VGC 2026 Reg M-A",
  "players": [
    "chessin776",
    "TheLightlessOne"
  ],
  "log": "|j|\u2606chessin776\n|j|\u2606TheLightlessOne\n|t:|1776463678\n|gametype|doubles\n|player|p1|chessin776|266|1075\n|player|p2|TheLightlessOne|169|1028\n|gen|9\n|tier|[Gen 9 Champions] VGC 2026 Reg M-A\n|rated|\n|rule|Species Clause: Limit one of each Pok\u00e9mon\n|rule|Item Clause: Limit 1 of each item\n|clearpoke\n|poke|p1|Charizard, L50, M|\n|poke|p1|Venusaur, L50, M|\n|poke|p1|Clefable, L50, F|\n|poke|p1|Primarina, L50, F|\n|poke|p1|Farigiraf, L50, F|\n|poke|p1|Aegislash, L50, M|\n|poke|p2|Aggron, L50, F|\n|poke|p2|Pelipper, L50, F|\n|poke|p2|Sinistcha, L50|\n|poke|p2|Incineroar, L50, F|\n|poke|p2|Blastoise, L50, F|\n|poke|p2|Oranguru, L50, F|\n|teampreview|4\n|\n|t:|1776463714\n|teamsize|p1|4\n|teamsize|p2|4\n|start\n|switch|p1a: Giraffe|Farigiraf, L50, F|100/100\n|switch|p1b: Roaring Nature|Venusaur, L50, M|100/100\n|switch|p2a: Sinistcha|Sinistcha, L50|100/100\n|switch|p2b: Incineroar|Incineroar, L50, F|100/100\n|-ability|p2b: Incineroar|Intimidate|boost\n|-unboost|p1a: Giraffe|atk|1\n|-unboost|p1b: Roaring Nature|atk|1\n|turn|1\n|inactive|Battle timer is ON: inactive players will automatically lose when time's up. (requested by TheLightlessOne)\n|\n|t:|1776463741\n|move|p1b: Roaring Nature|Sleep Powder|p2b: Incineroar\n|-status|p2b: Incineroar|slp|[from] move: Sleep Powder\n|cant|p2b: Incineroar|slp\n|move|p1a: Giraffe|Psychic|p2a: Sinistcha\n|-damage|p2a: Sinistcha|65/100\n|move|p2a: Sinistcha|Trick Room|p2a: Sinistcha\n|-fieldstart|move: Trick Room|[of] p2a: Sinistcha\n|\n|-heal|p2a: Sinistcha|71/100|[from] item: Leftovers\n|upkeep\n|turn|2\n|inactive|TheLightlessOne has 30 seconds left.\n|\n|t:|1776463767\n|move|p1a: Giraffe|Thunderbolt|p2b: Incineroar\n|-damage|p2b: Incineroar|75/100 slp\n|cant|p2b: Incineroar|slp\n|move|p2a: Sinistcha|Matcha Gotcha|p1a: Giraffe|[spread] p1a,p1b\n|-resisted|p1b: Roaring Nature|2\n|-damage|p1a: Giraffe|78/100\n|-heal|p2a: Sinistcha|86/100|[from] drain|[of] p1a: Giraffe\n|-damage|p1b: Roaring Nature|95/100\n|-heal|p2a: Sinistcha|89/100|[from] drain|[of] p1b: Roaring Nature\n|-status|p1a: Giraffe|brn\n|move|p1b: Roaring Nature|Poison Jab|p2a: Sinistcha\n|-damage|p2a: Sinistcha|71/100\n|\n|-heal|p2a: Sinistcha|77/100|[from] item: Leftovers\n|-damage|p1a: Giraffe|71/100 brn|[from] brn\n|upkeep\n|turn|3\n|inactive|TheLightlessOne has 30 seconds left.\n|\n|t:|1776463793\n|move|p1a: Giraffe|Reflect|p1a: Giraffe\n|-sidestart|p1: chessin776|Reflect\n|-curestatus|p2b: Incineroar|slp|[msg]\n|move|p2b: Incineroar|Flare Blitz|p1b: Roaring Nature\n|-supereffective|p1b: Roaring Nature|1\n|-damage|p1b: Roaring Nature|0 fnt\n|faint|p1b: Roaring Nature\n|-damage|p2b: Incineroar|46/100|[from] Recoil\n|-enditem|p2b: Incineroar|Sitrus Berry|[eat]\n|-heal|p2b: Incineroar|71/100|[from] item: Sitrus Berry\n|move|p2a: Sinistcha|Matcha Gotcha|p1a: Giraffe\n|-damage|p1a: Giraffe|40/100 brn\n|-heal|p2a: Sinistcha|98/100|[from] drain|[of] p1a: Giraffe\n|\n|-heal|p2a: Sinistcha|100/100|[from] item: Leftovers\n|-damage|p1a: Giraffe|34/100 brn|[from] brn\n|upkeep\n|\n|t:|1776463797\n|switch|p1b: Roaring Flame|Charizard, L50, M|100/100\n|turn|4\n|\n|t:|1776463818\n|switch|p2a: Pelipper|Pelipper, L50, F|100/100\n|-weather|RainDance|[from] ability: Drizzle|[of] p2a: Pelipper\n|move|p1a: Giraffe|Thunderbolt|p2b: Incineroar\n|-damage|p2b: Incineroar|45/100\n|-status|p2b: Incineroar|par\n|move|p2b: Incineroar|Parting Shot|p1b: Roaring Flame\n|-unboost|p1b: Roaring Flame|atk|1\n|-unboost|p1b: Roaring Flame|spa|1\n|\n|t:|1776463829\n|switch|p2b: Aggron|Aggron, L50, F|100/100|[from] Parting Shot\n|move|p1b: Roaring Flame|Heat Wave|p2b: Aggron|[spread] p2a\n|-miss|p1b: Roaring Flame|p2b: Aggron\n|-resisted|p2a: Pelipper|1\n|-damage|p2a: Pelipper|95/100\n|-status|p2a: Pelipper|brn\n|\n|-weather|RainDance|[upkeep]\n|-damage|p1a: Giraffe|27/100 brn|[from] brn\n|-damage|p2a: Pelipper|89/100 brn|[from] brn\n|upkeep\n|turn|5\n|\n|t:|1776463853\n|detailschange|p2b: Aggron|Aggron-Mega, L50, F\n|-mega|p2b: Aggron|Aggron|Aggronite\n|detailschange|p1b: Roaring Flame|Charizard-Mega-Y, L50, M\n|-mega|p1b: Roaring Flame|Charizard|Charizardite Y\n|-weather|SunnyDay|[from] ability: Drought|[of] p1b: Roaring Flame\n|move|p2b: Aggron|Iron Defense|p2b: Aggron\n|-boost|p2b: Aggron|def|2\n|move|p1a: Giraffe|Thunderbolt|p2a: Pelipper\n|-supereffective|p2a: Pelipper|2\n|-damage|p2a: Pelipper|0 fnt\n|faint|p2a: Pelipper\n|move|p1b: Roaring Flame|Heat Wave|p2b: Aggron\n|-supereffective|p2b: Aggron|1\n|-damage|p2b: Aggron|21/100\n|\n|-weather|SunnyDay|[upkeep]\n|-damage|p1a: Giraffe|21/100 brn|[from] brn\n|-fieldend|move: Trick Room\n|upkeep\n|\n|t:|1776463870\n|switch|p2a: Sinistcha|Sinistcha, L50|100/100\n|-heal|p2b: Aggron|45/100|[from] ability: Hospitality|[of] p2a: Sinistcha\n|turn|6\n|\n|t:|1776463882\n|move|p2b: Aggron|Protect|p2b: Aggron\n|-singleturn|p2b: Aggron|Protect\n|move|p1b: Roaring Flame|Heat Wave|p2b: Aggron|[spread] p2a\n|-activate|p2b: Aggron|move: Protect\n|-supereffective|p2a: Sinistcha|1\n|-damage|p2a: Sinistcha|26/100\n|-status|p2a: Sinistcha|brn\n|move|p2a: Sinistcha|Matcha Gotcha|p1b: Roaring Flame|[spread] p1a,p1b\n|-resisted|p1b: Roaring Flame|2\n|-damage|p1a: Giraffe|0 fnt\n|-heal|p2a: Sinistcha|40/100 brn|[from] drain|[of] p1a: Giraffe\n|-damage|p1b: Roaring Flame|95/100\n|-heal|p2a: Sinistcha|43/100 brn|[from] drain|[of] p1b: Roaring Flame\n|faint|p1a: Giraffe\n|\n|-weather|SunnyDay|[upkeep]\n|-heal|p2a: Sinistcha|49/100 brn|[from] item: Leftovers\n|-damage|p2a: Sinistcha|43/100 brn|[from] brn\n|upkeep\n|\n|t:|1776463902\n|switch|p1a: Cheers|Clefable, L50, F|100/100\n|turn|7\n|\n|t:|1776463910\n|move|p1a: Cheers|Helping Hand|p1b: Roaring Flame\n|-singleturn|p1b: Roaring Flame|Helping Hand|[of] p1a: Cheers\n|move|p2b: Aggron|Protect||[still]\n|-fail|p2b: Aggron\n|move|p1b: Roaring Flame|Heat Wave|p2b: Aggron|[spread] p2b\n|-miss|p1b: Roaring Flame|p2a: Sinistcha\n|-supereffective|p2b: Aggron|1\n|-damage|p2b: Aggron|0 fnt\n|faint|p2b: Aggron\n|move|p2a: Sinistcha|Trick Room|p2a: Sinistcha\n|-fieldstart|move: Trick Room|[of] p2a: Sinistcha\n|\n|-weather|SunnyDay|[upkeep]\n|-heal|p2a: Sinistcha|49/100 brn|[from] item: Leftovers\n|-damage|p2a: Sinistcha|43/100 brn|[from] brn\n|-sideend|p1: chessin776|Reflect\n|upkeep\n|\n|t:|1776463915\n|switch|p2b: Incineroar|Incineroar, L50, F|45/100 par\n|-ability|p2b: Incineroar|Intimidate|boost\n|-unboost|p1a: Cheers|atk|1\n|-unboost|p1b: Roaring Flame|atk|1\n|turn|8\n|inactive|chessin776 has 30 seconds left.\n|\n|t:|1776463941\n|move|p2b: Incineroar|Fake Out|p1b: Roaring Flame\n|-damage|p1b: Roaring Flame|77/100\n|move|p1a: Cheers|Follow Me|p1a: Cheers\n|-singleturn|p1a: Cheers|move: Follow Me\n|cant|p1b: Roaring Flame|flinch\n|move|p2a: Sinistcha|Trick Room|p2a: Sinistcha\n|-fieldend|move: Trick Room\n|\n|-weather|SunnyDay|[upkeep]\n|-heal|p2a: Sinistcha|49/100 brn|[from] item: Leftovers\n|-damage|p2a: Sinistcha|43/100 brn|[from] brn\n|upkeep\n|turn|9\n|-message|TheLightlessOne forfeited.\n|\n|win|chessin776\n|raw|chessin776's rating: 1075 &rarr; <strong>1100</strong><br />(+25 for winning)\n|raw|TheLightlessOne's rating: 1028 &rarr; <strong>1016</strong><br />(-12 for losing)\n|l|\u2606TheLightlessOne\n|player|p2|\n",
  "uploadtime": 1776463973,
  "views": 22,
  "formatid": "gen9championsvgc2026regma",
  "rating": 1016,
  "private": 0,
  "password": null
}