{
  "id": "gen9championsvgc2026regma-2582011120",
  "format": "[Gen 9 Champions] VGC 2026 Reg M-A",
  "players": [
    "Shatteredxprime",
    "HappyW"
  ],
  "log": "|j|\u2606Shatteredxprime\n|j|\u2606HappyW\n|t:|1776048138\n|gametype|doubles\n|player|p1|Shatteredxprime|2|1183\n|player|p2|HappyW|akari|1267\n|gen|9\n|tier|[Gen 9 Champions] VGC 2026 Reg M-A\n|rated|\n|rule|Species Clause: Limit one of each Pok\u00e9mon\n|rule|Item Clause: Limit 1 of each item\n|clearpoke\n|poke|p1|Hatterene, L50, F|\n|poke|p1|Clefable, L50, M|\n|poke|p1|Basculegion, L50, M|\n|poke|p1|Cofagrigus, L50, M|\n|poke|p1|Empoleon, L50, M|\n|poke|p1|Ampharos, L50, F|\n|poke|p2|Sneasler, L50, M|\n|poke|p2|Delphox, L50, F|\n|poke|p2|Whimsicott, L50, F|\n|poke|p2|Rotom-Wash, L50|\n|poke|p2|Kingambit, L50, M|\n|poke|p2|Dragonite, L50, F|\n|teampreview|4\n|inactive|Battle timer is ON: inactive players will automatically lose when time's up. (requested by HappyW)\n|\n|t:|1776048164\n|teamsize|p1|4\n|teamsize|p2|4\n|start\n|switch|p1a: Cofagrigus|Cofagrigus, L50, M|100/100\n|switch|p1b: Clefable|Clefable, L50, M|100/100\n|switch|p2a: Sneasler|Sneasler, L50, M|100/100\n|switch|p2b: Kingambit|Kingambit, L50, M|100/100\n|turn|1\n|\n|t:|1776048176\n|move|p1b: Clefable|Follow Me|p1b: Clefable\n|-singleturn|p1b: Clefable|move: Follow Me\n|move|p2a: Sneasler|Dire Claw|p1b: Clefable\n|-supereffective|p1b: Clefable|1\n|-enditem|p1b: Clefable|Kebia Berry|[eat]\n|-enditem|p1b: Clefable|Kebia Berry|[weaken]\n|-damage|p1b: Clefable|51/100\n|-status|p1b: Clefable|psn\n|move|p2b: Kingambit|Kowtow Cleave|p1b: Clefable\n|-resisted|p1b: Clefable|1\n|-damage|p1b: Clefable|21/100 psn\n|move|p1a: Cofagrigus|Trick Room|p1a: Cofagrigus\n|-fieldstart|move: Trick Room|[of] p1a: Cofagrigus\n|\n|upkeep\n|turn|2\n|\n|t:|1776048196\n|move|p2b: Kingambit|Protect|p2b: Kingambit\n|-singleturn|p2b: Kingambit|Protect\n|move|p1a: Cofagrigus|Shadow Ball|p2a: Sneasler\n|-damage|p2a: Sneasler|52/100\n|move|p1b: Clefable|Flamethrower|p2b: Kingambit\n|-activate|p2b: Kingambit|move: Protect\n|move|p2a: Sneasler|Dire Claw|p1b: Clefable\n|-supereffective|p1b: Clefable|1\n|-damage|p1b: Clefable|0 fnt\n|faint|p1b: Clefable\n|\n|upkeep\n|\n|t:|1776048212\n|switch|p1b: Ampharos|Ampharos, L50, F|100/100\n|turn|3\n|inactive|HappyW has 30 seconds left.\n|inactive|HappyW has 20 seconds left.\n|\n|t:|1776048251\n|switch|p2a: Whimsicott|Whimsicott, L50, F|100/100\n|detailschange|p1b: Ampharos|Ampharos-Mega, L50, F\n|-mega|p1b: Ampharos|Ampharos|Ampharosite\n|-ability|p1b: Ampharos|Mold Breaker\n|move|p1a: Cofagrigus|Shadow Ball|p2a: Whimsicott\n|-damage|p2a: Whimsicott|41/100\n|move|p1b: Ampharos|Thunderbolt|p2b: Kingambit\n|-damage|p2b: Kingambit|46/100\n|move|p2b: Kingambit|Kowtow Cleave|p1a: Cofagrigus\n|-supereffective|p1a: Cofagrigus|1\n|-damage|p1a: Cofagrigus|17/100\n|-activate|p1a: Cofagrigus|ability: Mummy|p2b: Kingambit|[ability] Defiant\n|\n|upkeep\n|turn|4\n|inactive|Shatteredxprime has 30 seconds left.\n|inactive|HappyW has 30 seconds left.\n|inactive|Shatteredxprime has 20 seconds left.\n|\n|t:|1776048286\n|move|p2a: Whimsicott|Protect|p2a: Whimsicott\n|-singleturn|p2a: Whimsicott|Protect\n|move|p2b: Kingambit|Sucker Punch|p1a: Cofagrigus\n|-supereffective|p1a: Cofagrigus|1\n|-damage|p1a: Cofagrigus|0 fnt\n|faint|p1a: Cofagrigus\n|move|p1b: Ampharos|Thunderbolt|p2b: Kingambit\n|-damage|p2b: Kingambit|0 fnt\n|faint|p2b: Kingambit\n|\n|upkeep\n|\n|t:|1776048298\n|switch|p1a: Empoleon|Empoleon, L50, M|100/100\n|switch|p2b: Sneasler|Sneasler, L50, M|52/100\n|turn|5\n|\n|t:|1776048306\n|switch|p2a: Dragonite|Dragonite, L50, F|100/100\n|move|p2b: Sneasler|Protect|p2b: Sneasler\n|-singleturn|p2b: Sneasler|Protect\n|move|p1b: Ampharos|Thunderbolt|p2b: Sneasler\n|-activate|p2b: Sneasler|move: Protect\n|move|p1a: Empoleon|Ice Beam|p2a: Dragonite\n|-supereffective|p2a: Dragonite|2\n|-damage|p2a: Dragonite|35/100\n|\n|-fieldend|move: Trick Room\n|upkeep\n|turn|6\n|inactive|Shatteredxprime has 30 seconds left.\n|\n|t:|1776048336\n|detailschange|p2a: Dragonite|Dragonite-Mega, L50, F\n|-mega|p2a: Dragonite|Dragonite|Dragoninite\n|move|p2b: Sneasler|Close Combat|p1a: Empoleon\n|-supereffective|p1a: Empoleon|1\n|-damage|p1a: Empoleon|0 fnt\n|-unboost|p2b: Sneasler|def|1\n|-unboost|p2b: Sneasler|spd|1\n|faint|p1a: Empoleon\n|-enditem|p2b: Sneasler|White Herb\n|-clearnegativeboost|p2b: Sneasler|[silent]\n|move|p2a: Dragonite|Draco Meteor|p1b: Ampharos\n|-supereffective|p1b: Ampharos|1\n|-damage|p1b: Ampharos|0 fnt\n|-unboost|p2a: Dragonite|spa|2\n|faint|p1b: Ampharos\n|\n|win|HappyW\n|raw|Shatteredxprime's rating: 1183 &rarr; <strong>1164</strong><br />(-19 for losing)\n|raw|HappyW's rating: 1267 &rarr; <strong>1286</strong><br />(+19 for winning)\n",
  "uploadtime": 1776048347,
  "views": 15,
  "formatid": "gen9championsvgc2026regma",
  "rating": 1164,
  "private": 0,
  "password": null
}