{
  "id": "gen9championsvgc2026regma-2586038798",
  "format": "[Gen 9 Champions] VGC 2026 Reg M-A",
  "players": [
    "disciple of blahaj",
    "RedPokemon0808"
  ],
  "log": "|j|\u2606disciple of blahaj\n|j|\u2606RedPokemon0808\n|t:|1776392713\n|gametype|doubles\n|player|p1|disciple of blahaj|jacinthe|1181\n|player|p2|RedPokemon0808|red|1221\n|gen|9\n|tier|[Gen 9 Champions] VGC 2026 Reg M-A\n|rated|\n|rule|Species Clause: Limit one of each Pok\u00e9mon\n|rule|Item Clause: Limit 1 of each item\n|clearpoke\n|poke|p1|Meganium, L50, F|\n|poke|p1|Pelipper, L50, F|\n|poke|p1|Archaludon, L50, M|\n|poke|p1|Sneasler, L50, F|\n|poke|p1|Basculegion, L50, M|\n|poke|p1|Garchomp, L50, F|\n|poke|p2|Charizard, L50, M|\n|poke|p2|Venusaur, L50, M|\n|poke|p2|Garchomp, L50, M|\n|poke|p2|Rotom-Wash, L50|\n|poke|p2|Sneasler, L50, F|\n|poke|p2|Incineroar, L50, M|\n|teampreview|4\n|inactive|Battle timer is ON: inactive players will automatically lose when time's up. (requested by disciple of blahaj)\n|\n|t:|1776392739\n|teamsize|p1|4\n|teamsize|p2|4\n|start\n|switch|p1a: Sneasler|Sneasler, L50, F, shiny|100/100\n|switch|p1b: Basculegion|Basculegion, L50, M|100/100\n|switch|p2a: Rotom|Rotom-Wash, L50, shiny|100/100\n|switch|p2b: Sneasler|Sneasler, L50, F, shiny|100/100\n|turn|1\n|\n|t:|1776392750\n|move|p2b: Sneasler|Fake Out|p1a: Sneasler\n|-damage|p1a: Sneasler|78/100\n|cant|p1a: Sneasler|flinch\n|move|p1b: Basculegion|Flip Turn|p2b: Sneasler\n|-damage|p2b: Sneasler|31/100\n|\n|t:|1776392758\n|switch|p1b: Garchomp|Garchomp, L50, F|100/100|[from] Flip Turn\n|move|p2a: Rotom|Thunderbolt|p1b: Garchomp\n|-immune|p1b: Garchomp\n|\n|upkeep\n|turn|2\n|\n|t:|1776392773\n|switch|p2b: Charizard|Charizard, L50, M, shiny|100/100\n|move|p1a: Sneasler|Dire Claw|p2a: Rotom\n|-damage|p2a: Rotom|57/100\n|-status|p2a: Rotom|slp\n|move|p1b: Garchomp|Dragon Claw|p2a: Rotom\n|-damage|p2a: Rotom|18/100 slp\n|cant|p2a: Rotom|slp\n|\n|-heal|p2a: Rotom|24/100 slp|[from] item: Leftovers\n|upkeep\n|turn|3\n|\n|t:|1776392786\n|detailschange|p2b: Charizard|Charizard-Mega-Y, L50, M, shiny\n|-mega|p2b: Charizard|Charizard|Charizardite Y\n|-weather|SunnyDay|[from] ability: Drought|[of] p2b: Charizard\n|cant|p2a: Rotom|slp\n|move|p1a: Sneasler|Rain Dance|p1a: Sneasler\n|-weather|RainDance\n|move|p2b: Charizard|Heat Wave|p1b: Garchomp|[spread] p1a\n|-miss|p2b: Charizard|p1b: Garchomp\n|-damage|p1a: Sneasler|50/100\n|move|p1b: Garchomp|Rock Slide|p2b: Charizard|[spread] p2a,p2b\n|-supereffective|p2b: Charizard|2\n|-damage|p2a: Rotom|7/100 slp\n|-damage|p2b: Charizard|0 fnt\n|faint|p2b: Charizard\n|\n|-weather|RainDance|[upkeep]\n|-heal|p2a: Rotom|13/100 slp|[from] item: Leftovers\n|upkeep\n|\n|t:|1776392791\n|switch|p2b: Sneasler|Sneasler, L50, F, shiny|31/100\n|turn|4\n|\n|t:|1776392812\n|move|p2b: Sneasler|Close Combat|p1a: Sneasler\n|-resisted|p1a: Sneasler|1\n|-damage|p1a: Sneasler|0 fnt\n|-unboost|p2b: Sneasler|def|1\n|-unboost|p2b: Sneasler|spd|1\n|faint|p1a: Sneasler\n|-enditem|p2b: Sneasler|White Herb\n|-clearnegativeboost|p2b: Sneasler|[silent]\n|move|p1b: Garchomp|Dragon Claw|p2a: Rotom\n|-damage|p2a: Rotom|0 fnt\n|faint|p2a: Rotom\n|\n|-weather|RainDance|[upkeep]\n|upkeep\n|\n|t:|1776392827\n|switch|p1a: Basculegion|Basculegion, L50, M|100/100\n|switch|p2a: Venusaur|Venusaur, L50, M|100/100\n|turn|5\n|\n|t:|1776392837\n|move|p2b: Sneasler|Close Combat|p1b: Garchomp\n|-damage|p1b: Garchomp|54/100\n|-unboost|p2b: Sneasler|def|1\n|-unboost|p2b: Sneasler|spd|1\n|-damage|p2b: Sneasler|19/100|[from] ability: Rough Skin|[of] p1b: Garchomp\n|move|p1a: Basculegion|Flip Turn|p2b: Sneasler\n|-damage|p2b: Sneasler|0 fnt\n|faint|p2b: Sneasler\n|l|\u2606RedPokemon0808\n|inactive|RedPokemon0808 disconnected and has a minute to reconnect!\n|player|p2|\n|\n|t:|1776392847\n|switch|p1a: Pelipper|Pelipper, L50, F|100/100|[from] Flip Turn\n|move|p2a: Venusaur|Giga Drain|p1a: Pelipper\n|-damage|p1a: Pelipper|38/100\n|move|p1b: Garchomp|Rock Slide|p2a: Venusaur\n|-crit|p2a: Venusaur\n|-damage|p2a: Venusaur|54/100\n|\n|-weather|RainDance|[upkeep]\n|upkeep\n|turn|6\n|inactive|RedPokemon0808 has 30 seconds left.\n|inactive|RedPokemon0808 has 20 seconds left.\n|inactive|RedPokemon0808 has 15 seconds left.\n|inactive|RedPokemon0808 has 10 seconds left.\n|inactive|RedPokemon0808 has 5 seconds left.\n|-message|RedPokemon0808 lost due to inactivity.\n|\n|win|disciple of blahaj\n|raw|disciple of blahaj's rating: 1181 &rarr; <strong>1209</strong><br />(+28 for winning)\n|raw|RedPokemon0808's rating: 1221 &rarr; <strong>1193</strong><br />(-28 for losing)\n",
  "uploadtime": 1776392904,
  "views": 16,
  "formatid": "gen9championsvgc2026regma",
  "rating": 1193,
  "private": 0,
  "password": null
}