{
  "id": "gen9championsvgc2026regma-2583469335",
  "format": "[Gen 9 Champions] VGC 2026 Reg M-A",
  "players": [
    "Scott Villan",
    "strami"
  ],
  "log": "|j|\u2606Scott Villan\n|j|\u2606strami\n|t:|1776177652\n|gametype|doubles\n|player|p1|Scott Villan|102|1116\n|player|p2|strami|hoopster|1155\n|gen|9\n|tier|[Gen 9 Champions] VGC 2026 Reg M-A\n|rated|\n|rule|Species Clause: Limit one of each Pok\u00e9mon\n|rule|Item Clause: Limit 1 of each item\n|clearpoke\n|poke|p1|Scovillain, L50, M|\n|poke|p1|Aerodactyl, L50, M|\n|poke|p1|Garchomp, L50, F|\n|poke|p1|Sneasler, L50, M|\n|poke|p1|Sinistcha, L50|\n|poke|p1|Primarina, L50, M|\n|poke|p2|Scovillain, L50, F|\n|poke|p2|Primarina, L50, F|\n|poke|p2|Aerodactyl, L50, M|\n|poke|p2|Sneasler, L50, M|\n|poke|p2|Garchomp, L50, M|\n|poke|p2|Sinistcha, L50|\n|teampreview|4\n|inactive|Battle timer is ON: inactive players will automatically lose when time's up. (requested by strami)\n|inactive|Scott Villan has 60 seconds left.\n|inactive|strami has 60 seconds left.\n|\n|t:|1776177707\n|teamsize|p1|4\n|teamsize|p2|4\n|start\n|switch|p1a: Primarina|Primarina, L50, M|100/100\n|switch|p1b: Scovillain|Scovillain, L50, M|100/100\n|switch|p2a: Scovillain|Scovillain, L50, F, shiny|100/100\n|switch|p2b: Aerodactyl|Aerodactyl, L50, M|100/100\n|turn|1\n|inactive|Scott Villan has 30 seconds left.\n|\n|t:|1776177734\n|detailschange|p2a: Scovillain|Scovillain-Mega, L50, F, shiny\n|-mega|p2a: Scovillain|Scovillain|Scovillainite\n|move|p1b: Scovillain|Protect|p1b: Scovillain\n|-singleturn|p1b: Scovillain|Protect\n|move|p2b: Aerodactyl|Tailwind|p2b: Aerodactyl\n|-sidestart|p2: strami|move: Tailwind\n|move|p2a: Scovillain|Giga Drain|p1a: Primarina\n|-supereffective|p1a: Primarina|1\n|-damage|p1a: Primarina|35/100\n|move|p1a: Primarina|Calm Mind|p1a: Primarina\n|-boost|p1a: Primarina|spa|1\n|-boost|p1a: Primarina|spd|1\n|\n|-heal|p1a: Primarina|41/100|[from] item: Leftovers\n|-ability|p1b: Scovillain|Moody|boost\n|-boost|p1b: Scovillain|spd|2\n|-unboost|p1b: Scovillain|spa|1\n|upkeep\n|turn|2\n|\n|t:|1776177748\n|detailschange|p1b: Scovillain|Scovillain-Mega, L50, M\n|-mega|p1b: Scovillain|Scovillain|Scovillainite\n|move|p1a: Primarina|Protect|p1a: Primarina\n|-singleturn|p1a: Primarina|Protect\n|move|p2b: Aerodactyl|Rock Slide|p1b: Scovillain|[spread] p1b\n|-activate|p1a: Primarina|move: Protect\n|-supereffective|p1b: Scovillain|1\n|-damage|p1b: Scovillain|55/100\n|-status|p2b: Aerodactyl|brn|[from] ability: Spicy Spray|[of] p1b: Scovillain\n|move|p2a: Scovillain|Giga Drain|p1a: Primarina\n|-activate|p1a: Primarina|move: Protect\n|move|p1b: Scovillain|Leech Seed|p2b: Aerodactyl\n|-start|p2b: Aerodactyl|move: Leech Seed\n|\n|-heal|p1a: Primarina|47/100|[from] item: Leftovers\n|-damage|p2b: Aerodactyl|88/100 brn|[from] Leech Seed|[of] p1b: Scovillain\n|-heal|p1b: Scovillain|66/100|[silent]\n|-damage|p2b: Aerodactyl|83/100 brn|[from] brn\n|upkeep\n|turn|3\n|\n|t:|1776177756\n|switch|p1b: Sinistcha|Sinistcha, L50|100/100\n|-heal|p1a: Primarina|72/100|[from] ability: Hospitality|[of] p1b: Sinistcha\n|move|p2b: Aerodactyl|Rock Slide|p1b: Sinistcha|[spread] p1a,p1b\n|-damage|p1a: Primarina|58/100\n|-damage|p1b: Sinistcha|90/100\n|move|p2a: Scovillain|Giga Drain|p1a: Primarina\n|-supereffective|p1a: Primarina|1\n|-damage|p1a: Primarina|17/100\n|cant|p1a: Primarina|flinch\n|\n|-heal|p1a: Primarina|23/100|[from] item: Leftovers\n|-damage|p2b: Aerodactyl|71/100 brn|[from] Leech Seed|[of] p1b: Sinistcha\n|-heal|p1b: Sinistcha|100/100|[silent]\n|-damage|p2b: Aerodactyl|65/100 brn|[from] brn\n|upkeep\n|turn|4\n|inactive|Scott Villan has 30 seconds left.\n|inactive|Scott Villan has 20 seconds left.\n|inactive|Scott Villan has 15 seconds left.\n|\n|t:|1776177798\n|switch|p2b: Primarina|Primarina, L50, F, shiny|100/100\n|switch|p1b: Scovillain|Scovillain-Mega, L50, M|66/100\n|move|p1a: Primarina|Protect|p1a: Primarina\n|-singleturn|p1a: Primarina|Protect\n|move|p2a: Scovillain|Giga Drain|p1a: Primarina\n|-activate|p1a: Primarina|move: Protect\n|\n|-heal|p1a: Primarina|29/100|[from] item: Leftovers\n|-sideend|p2: strami|move: Tailwind\n|upkeep\n|turn|5\n|\n|t:|1776177812\n|switch|p1a: Sinistcha|Sinistcha, L50|100/100\n|-heal|p1b: Scovillain|91/100|[from] ability: Hospitality|[of] p1a: Sinistcha\n|move|p1b: Scovillain|Leech Seed|p2b: Primarina|[miss]\n|-miss|p1b: Scovillain|p2b: Primarina\n|move|p2a: Scovillain|Giga Drain|p1a: Sinistcha\n|-resisted|p1a: Sinistcha|1\n|-damage|p1a: Sinistcha|84/100\n|move|p2b: Primarina|Calm Mind|p2b: Primarina\n|-boost|p2b: Primarina|spa|1\n|-boost|p2b: Primarina|spd|1\n|\n|upkeep\n|turn|6\n|\n|t:|1776177822\n|move|p1b: Scovillain|Leech Seed|p2b: Primarina\n|-start|p2b: Primarina|move: Leech Seed\n|move|p2b: Primarina|Hyper Voice|p1b: Scovillain|[spread] p1a,p1b\n|-resisted|p1a: Sinistcha|1\n|-damage|p1a: Sinistcha|59/100\n|-damage|p1b: Scovillain|35/100\n|-status|p2b: Primarina|brn|[from] ability: Spicy Spray|[of] p1b: Scovillain\n|move|p2a: Scovillain|Flamethrower|p1a: Sinistcha\n|-supereffective|p1a: Sinistcha|1\n|-damage|p1a: Sinistcha|0 fnt\n|faint|p1a: Sinistcha\n|\n|-damage|p2b: Primarina|88/100 brn|[from] Leech Seed|[of] p1b: Scovillain\n|-heal|p1b: Scovillain|48/100|[silent]\n|-damage|p2b: Primarina|82/100 brn|[from] brn\n|upkeep\n|\n|t:|1776177828\n|switch|p1a: Sneasler|Sneasler, L50, M|100/100\n|turn|7\n|\n|t:|1776177844\n|switch|p2b: Aerodactyl|Aerodactyl, L50, M|65/100 brn\n|move|p1a: Sneasler|Dire Claw|p2b: Aerodactyl\n|-resisted|p2b: Aerodactyl|1\n|-damage|p2b: Aerodactyl|28/100 brn\n|move|p2a: Scovillain|Flamethrower|p1b: Scovillain\n|-crit|p1b: Scovillain\n|-damage|p1b: Scovillain|0 fnt\n|-immune|p2a: Scovillain\n|faint|p1b: Scovillain\n|\n|-damage|p2b: Aerodactyl|22/100 brn|[from] brn\n|upkeep\n|\n|t:|1776177848\n|switch|p1b: Primarina|Primarina, L50, M|29/100\n|turn|8\n|-message|Scott Villan forfeited.\n|\n|win|strami\n|raw|Scott Villan's rating: 1116 &rarr; <strong>1094</strong><br />(-22 for losing)\n|raw|strami's rating: 1155 &rarr; <strong>1177</strong><br />(+22 for winning)\n|l|\u2606Scott Villan\n|player|p1|\n",
  "uploadtime": 1776177984,
  "views": 13,
  "formatid": "gen9championsvgc2026regma",
  "rating": 1094,
  "private": 0,
  "password": null
}