{
  "id": "gen9championsvgc2026regma-2585981385",
  "format": "[Gen 9 Champions] VGC 2026 Reg M-A",
  "players": [
    "foreclosure",
    "Dudeguy47"
  ],
  "log": "|j|\u2606foreclosure\n|j|\u2606Dudeguy47\n|t:|1776387254\n|gametype|doubles\n|player|p1|foreclosure|1|1090\n|player|p2|Dudeguy47|1|1157\n|gen|9\n|tier|[Gen 9 Champions] VGC 2026 Reg M-A\n|rated|\n|rule|Species Clause: Limit one of each Pok\u00e9mon\n|rule|Item Clause: Limit 1 of each item\n|clearpoke\n|poke|p1|Gengar, L50, F|\n|poke|p1|Typhlosion-Hisui, L50, M|\n|poke|p1|Maushold-Four, L50|\n|poke|p1|Torkoal, L50, F|\n|poke|p1|Whimsicott, L50, M|\n|poke|p1|Venusaur, L50, F|\n|poke|p2|Delphox, L50, F|\n|poke|p2|Garchomp, L50, M|\n|poke|p2|Sneasler, L50, F|\n|poke|p2|Clefable, L50, M|\n|poke|p2|Aegislash, L50, M|\n|poke|p2|Meowscarada, L50, F|\n|teampreview|4\n|inactive|Battle timer is ON: inactive players will automatically lose when time's up. (requested by Dudeguy47)\nforeclosure rejected open team sheets.\n|\n|t:|1776387281\n|teamsize|p1|4\n|teamsize|p2|4\n|start\n|switch|p1a: Torkoal|Torkoal, L50, F|100/100\n|switch|p1b: Maushold|Maushold-Four, L50|100/100\n|switch|p2a: Garchomp|Garchomp, L50, M|100/100\n|switch|p2b: Sneasler|Sneasler, L50, F|100/100\n|-weather|SunnyDay|[from] ability: Drought|[of] p1a: Torkoal\n|turn|1\n|inactive|foreclosure has 30 seconds left.\n|\n|t:|1776387308\n|move|p2b: Sneasler|Protect|p2b: Sneasler\n|-singleturn|p2b: Sneasler|Protect\n|move|p2a: Garchomp|Protect|p2a: Garchomp\n|-singleturn|p2a: Garchomp|Protect\n|move|p1b: Maushold|After You|p1a: Torkoal\n|-activate|p1a: Torkoal|move: After You\n|move|p1a: Torkoal|Eruption|p2a: Garchomp|[spread] \n|-activate|p2a: Garchomp|move: Protect\n|-activate|p2b: Sneasler|move: Protect\n|\n|-weather|SunnyDay|[upkeep]\n|upkeep\n|turn|2\n|inactive|Dudeguy47 has 30 seconds left.\n|inactive|Dudeguy47 has 20 seconds left.\n|inactive|Dudeguy47 has 15 seconds left.\n|inactive|Dudeguy47 has 10 seconds left.\n|\n|t:|1776387356\n|switch|p2b: Delphox|Delphox, L50, F|100/100\n|move|p1b: Maushold|After You|p1a: Torkoal\n|-activate|p1a: Torkoal|move: After You\n|move|p1a: Torkoal|Eruption|p2a: Garchomp|[spread] p2a,p2b\n|-resisted|p2a: Garchomp|1\n|-resisted|p2b: Delphox|1\n|-damage|p2a: Garchomp|55/100\n|-damage|p2b: Delphox|45/100\n|move|p2a: Garchomp|Stomping Tantrum|p1a: Torkoal\n|-supereffective|p1a: Torkoal|1\n|-damage|p1a: Torkoal|47/100\n|\n|-weather|SunnyDay|[upkeep]\n|upkeep\n|turn|3\n|\n|t:|1776387374\n|detailschange|p2b: Delphox|Delphox-Mega, L50, F\n|-mega|p2b: Delphox|Delphox|Delphoxite\n|move|p2b: Delphox|Heat Wave|p1a: Torkoal|[spread] p1a,p1b\n|-resisted|p1a: Torkoal|1\n|-damage|p1a: Torkoal|15/100\n|-damage|p1b: Maushold|23/100\n|move|p1b: Maushold|After You|p1a: Torkoal\n|-activate|p1a: Torkoal|move: After You\n|move|p1a: Torkoal|Heat Wave|p2b: Delphox|[spread] p2a\n|-miss|p1a: Torkoal|p2b: Delphox\n|-resisted|p2a: Garchomp|1\n|-damage|p2a: Garchomp|26/100\n|move|p2a: Garchomp|Earthquake|p1b: Maushold|[spread] p1a,p1b\n|-immune|p2b: Delphox|[from] ability: Levitate\n|-supereffective|p1a: Torkoal|1\n|-damage|p1a: Torkoal|0 fnt\n|-damage|p1b: Maushold|0 fnt\n|faint|p1a: Torkoal\n|faint|p1b: Maushold\n|\n|-weather|SunnyDay|[upkeep]\n|upkeep\n|\n|t:|1776387380\n|switch|p1b: Whimsicott|Whimsicott, L50, M|100/100\n|switch|p1a: Venusaur|Venusaur, L50, F|100/100\n|turn|4\n|inactive|Dudeguy47 has 30 seconds left.\n|\n|t:|1776387409\n|switch|p2a: Aegislash|Aegislash, L50, M|100/100\n|move|p2b: Delphox|Protect|p2b: Delphox\n|-singleturn|p2b: Delphox|Protect\n|move|p1b: Whimsicott|Tailwind|p1b: Whimsicott\n|-sidestart|p1: foreclosure|move: Tailwind\n|move|p1a: Venusaur|Sludge Bomb|p2b: Delphox\n|-activate|p2b: Delphox|move: Protect\n|\n|-weather|SunnyDay|[upkeep]\n|upkeep\n|turn|5\n|inactive|foreclosure has 30 seconds left.\n|\n|t:|1776387441\n|switch|p2b: Garchomp|Garchomp, L50, M|26/100\n|move|p1b: Whimsicott|Encore||[still]\n|-fail|p1b: Whimsicott\n|move|p1a: Venusaur|Earth Power|p2a: Aegislash\n|-supereffective|p2a: Aegislash|1\n|-damage|p2a: Aegislash|57/100\n|-unboost|p2a: Aegislash|spd|1\n|-formechange|p2a: Aegislash|Aegislash-Blade|\n|move|p2a: Aegislash|Flash Cannon|p1b: Whimsicott\n|-supereffective|p1b: Whimsicott|1\n|-damage|p1b: Whimsicott|6/100\n|\n|-weather|none\n|-heal|p1b: Whimsicott|12/100|[from] item: Leftovers\n|upkeep\n|turn|6\n|\n|t:|1776387461\n|move|p1b: Whimsicott|Protect|p1b: Whimsicott\n|-singleturn|p1b: Whimsicott|Protect\n|move|p2a: Aegislash|Shadow Sneak|p1b: Whimsicott\n|-activate|p1b: Whimsicott|move: Protect\n|move|p1a: Venusaur|Earth Power|p2a: Aegislash\n|-supereffective|p2a: Aegislash|1\n|-damage|p2a: Aegislash|0 fnt\n|faint|p2a: Aegislash\n|move|p2b: Garchomp|Stomping Tantrum|p1a: Venusaur\n|-damage|p1a: Venusaur|39/100\n|-enditem|p1a: Venusaur|Sitrus Berry|[eat]\n|-heal|p1a: Venusaur|64/100|[from] item: Sitrus Berry\n|\n|-heal|p1b: Whimsicott|18/100|[from] item: Leftovers\n|upkeep\n|\n|t:|1776387471\n|switch|p2a: Sneasler|Sneasler, L50, F|100/100\n|turn|7\n|inactive|foreclosure has 30 seconds left.\n|\n|t:|1776387496\n|move|p1b: Whimsicott|Protect||[still]\n|-fail|p1b: Whimsicott\n|move|p2b: Garchomp|Protect|p2b: Garchomp\n|-singleturn|p2b: Garchomp|Protect\n|move|p2a: Sneasler|Fake Out|p1b: Whimsicott\n|-damage|p1b: Whimsicott|3/100\n|move|p1a: Venusaur|Earth Power|p2a: Sneasler\n|-supereffective|p2a: Sneasler|1\n|-damage|p2a: Sneasler|24/100\n|\n|-heal|p1b: Whimsicott|9/100|[from] item: Leftovers\n|-sideend|p1: foreclosure|move: Tailwind\n|upkeep\n|turn|8\n|inactive|foreclosure has 30 seconds left.\n|inactive|Dudeguy47 has 30 seconds left.\n|\n|t:|1776387531\n|move|p2a: Sneasler|Protect|p2a: Sneasler\n|-singleturn|p2a: Sneasler|Protect\n|move|p1b: Whimsicott|Tailwind|p1b: Whimsicott\n|-sidestart|p1: foreclosure|move: Tailwind\n|move|p1a: Venusaur|Earth Power|p2b: Garchomp\n|-damage|p2b: Garchomp|0 fnt\n|faint|p2b: Garchomp\n|\n|-heal|p1b: Whimsicott|15/100|[from] item: Leftovers\n|upkeep\n|\n|t:|1776387540\n|switch|p2b: Delphox|Delphox-Mega, L50, F|45/100\n|turn|9\n|\n|t:|1776387557\n|move|p2b: Delphox|Protect|p2b: Delphox\n|-singleturn|p2b: Delphox|Protect\n|move|p1b: Whimsicott|Encore|p2a: Sneasler\n|-start|p2a: Sneasler|Encore\n|move|p2a: Sneasler|Protect|p2a: Sneasler\n|-singleturn|p2a: Sneasler|Protect\n|move|p1a: Venusaur|Sleep Powder|p2b: Delphox\n|-activate|p2b: Delphox|move: Protect\n|\n|-heal|p1b: Whimsicott|21/100|[from] item: Leftovers\n|upkeep\n|turn|10\n|\n|t:|1776387575\n|move|p2a: Sneasler|Protect||[still]\n|-fail|p2a: Sneasler\n|move|p1b: Whimsicott|Encore|p2b: Delphox\n|-start|p2b: Delphox|Encore\n|move|p2b: Delphox|Protect|p2b: Delphox\n|-singleturn|p2b: Delphox|Protect\n|move|p1a: Venusaur|Sludge Bomb|p2b: Delphox\n|-activate|p2b: Delphox|move: Protect\n|\n|-heal|p1b: Whimsicott|27/100|[from] item: Leftovers\n|upkeep\n|turn|11\n|\n|t:|1776387591\n|move|p2b: Delphox|Protect||[still]\n|-fail|p2b: Delphox\n|move|p2a: Sneasler|Protect|p2a: Sneasler\n|-singleturn|p2a: Sneasler|Protect\n|move|p1b: Whimsicott|Substitute|p1b: Whimsicott\n|-start|p1b: Whimsicott|Substitute\n|-damage|p1b: Whimsicott|3/100\n|move|p1a: Venusaur|Earth Power|p2a: Sneasler\n|-activate|p2a: Sneasler|move: Protect\n|\n|-heal|p1b: Whimsicott|9/100|[from] item: Leftovers\n|-end|p2a: Sneasler|Encore\n|-sideend|p1: foreclosure|move: Tailwind\n|upkeep\n|turn|12\n|\n|t:|1776387607\n|move|p2b: Delphox|Protect|p2b: Delphox\n|-singleturn|p2b: Delphox|Protect\n|move|p1b: Whimsicott|Encore|p2a: Sneasler\n|-start|p2a: Sneasler|Encore\n|move|p2a: Sneasler|Protect|p2a: Sneasler\n|-singleturn|p2a: Sneasler|Protect\n|move|p1a: Venusaur|Earth Power|p2a: Sneasler\n|-activate|p2a: Sneasler|move: Protect\n|\n|-heal|p1b: Whimsicott|15/100|[from] item: Leftovers\n|-end|p2b: Delphox|Encore\n|upkeep\n|turn|13\n|\n|t:|1776387622\n|move|p2a: Sneasler|Protect||[still]\n|-fail|p2a: Sneasler\n|move|p1b: Whimsicott|Encore|p2b: Delphox\n|-start|p2b: Delphox|Encore\n|move|p2b: Delphox|Protect|p2b: Delphox\n|-singleturn|p2b: Delphox|Protect\n|move|p1a: Venusaur|Sludge Bomb|p2b: Delphox\n|-activate|p2b: Delphox|move: Protect\n|\n|-heal|p1b: Whimsicott|21/100|[from] item: Leftovers\n|upkeep\n|turn|14\n|\n|t:|1776387639\n|move|p2b: Delphox|Protect||[still]\n|-fail|p2b: Delphox\n|move|p2a: Sneasler|Protect|p2a: Sneasler\n|-singleturn|p2a: Sneasler|Protect\n|move|p1b: Whimsicott|Tailwind|p1b: Whimsicott\n|-sidestart|p1: foreclosure|move: Tailwind\n|move|p1a: Venusaur|Sludge Bomb|p2b: Delphox\n|-damage|p2b: Delphox|3/100\n|\n|-heal|p1b: Whimsicott|27/100|[from] item: Leftovers\n|-end|p2a: Sneasler|Encore\n|upkeep\n|turn|15\n|\n|t:|1776387661\n|move|p2b: Delphox|Protect|p2b: Delphox\n|-singleturn|p2b: Delphox|Protect\n|move|p1b: Whimsicott|Encore||[still]\n|-fail|p1b: Whimsicott\n|move|p1a: Venusaur|Earth Power|p2a: Sneasler\n|-supereffective|p2a: Sneasler|1\n|-damage|p2a: Sneasler|0 fnt\n|faint|p2a: Sneasler\n|\n|-heal|p1b: Whimsicott|33/100|[from] item: Leftovers\n|-end|p2b: Delphox|Encore\n|upkeep\n|turn|16\n|-message|Dudeguy47 forfeited.\n|\n|win|foreclosure\n|raw|foreclosure's rating: 1090 &rarr; <strong>1122</strong><br />(+32 for winning)\n|raw|Dudeguy47's rating: 1157 &rarr; <strong>1127</strong><br />(-30 for losing)\n|l|\u2606Dudeguy47\n|player|p2|\n",
  "uploadtime": 1776387684,
  "views": 22,
  "formatid": "gen9championsvgc2026regma",
  "rating": 1122,
  "private": 0,
  "password": null
}