{
  "id": "gen9championsvgc2026regma-2586770328",
  "format": "[Gen 9 Champions] VGC 2026 Reg M-A",
  "players": [
    "Goldzafer",
    "slunkin_around"
  ],
  "log": "|j|\u2606Goldzafer\n|j|\u2606slunkin_around\n|t:|1776458539\n|gametype|doubles\n|player|p1|Goldzafer|mars|1118\n|player|p2|slunkin_around|hilbert|1154\n|gen|9\n|tier|[Gen 9 Champions] VGC 2026 Reg M-A\n|rated|\n|rule|Species Clause: Limit one of each Pok\u00e9mon\n|rule|Item Clause: Limit 1 of each item\n|clearpoke\n|poke|p1|Aggron, L50, M|\n|poke|p1|Sinistcha, L50|\n|poke|p1|Pelipper, L50, F|\n|poke|p1|Incineroar, L50, M|\n|poke|p1|Garchomp, L50, F|\n|poke|p1|Chimecho, L50, M|\n|poke|p2|Whimsicott, L50, F|\n|poke|p2|Tyranitar, L50, M|\n|poke|p2|Garchomp, L50, M|\n|poke|p2|Skarmory, L50, M|\n|poke|p2|Milotic, L50, F|\n|poke|p2|Incineroar, L50, M|\n|teampreview|4\n|\n|t:|1776458576\n|teamsize|p1|4\n|teamsize|p2|4\n|start\n|switch|p1a: Incineroar|Incineroar, L50, M|100/100\n|switch|p1b: The Drizzler|Pelipper, L50, F, shiny|100/100\n|switch|p2a: ILeadUFollow|Whimsicott, L50, F|100/100\n|switch|p2b: yo buddy what up|Milotic, L50, F, shiny|100/100\n|-ability|p1a: Incineroar|Intimidate|boost\n|-unboost|p2a: ILeadUFollow|atk|1\n|-unboost|p2b: yo buddy what up|atk|1\n|-ability|p2b: yo buddy what up|Competitive|boost\n|-boost|p2b: yo buddy what up|spa|2\n|-weather|RainDance|[from] ability: Drizzle|[of] p1b: The Drizzler\n|turn|1\n|inactive|Battle timer is ON: inactive players will automatically lose when time's up. (requested by slunkin_around)\n|\n|t:|1776458596\n|move|p1a: Incineroar|Fake Out|p2b: yo buddy what up\n|-damage|p2b: yo buddy what up|90/100\n|move|p2a: ILeadUFollow|Taunt|p1b: The Drizzler\n|-start|p1b: The Drizzler|move: Taunt\n|cant|p2b: yo buddy what up|flinch\n|move|p1b: The Drizzler|Hurricane|p2a: ILeadUFollow\n|-supereffective|p2a: ILeadUFollow|1\n|-enditem|p2a: ILeadUFollow|Focus Sash\n|-damage|p2a: ILeadUFollow|1/100\n|\n|-weather|RainDance|[upkeep]\n|-heal|p2b: yo buddy what up|96/100|[from] item: Leftovers\n|upkeep\n|turn|2\n|inactive|Goldzafer has 30 seconds left.\n|\n|t:|1776458626\n|move|p2a: ILeadUFollow|Moonblast|p1a: Incineroar\n|-damage|p1a: Incineroar|61/100\n|move|p2b: yo buddy what up|Icy Wind|p1b: The Drizzler|[spread] p1a,p1b\n|-resisted|p1a: Incineroar|1\n|-damage|p1a: Incineroar|50/100\n|-damage|p1b: The Drizzler|66/100\n|-unboost|p1a: Incineroar|spe|1\n|-unboost|p1b: The Drizzler|spe|1\n|move|p1a: Incineroar|Throat Chop|p2b: yo buddy what up\n|-damage|p2b: yo buddy what up|63/100\n|-start|p2b: yo buddy what up|Throat Chop|[silent]\n|move|p1b: The Drizzler|Hurricane|p2a: ILeadUFollow\n|-supereffective|p2a: ILeadUFollow|1\n|-damage|p2a: ILeadUFollow|0 fnt\n|faint|p2a: ILeadUFollow\n|\n|-weather|RainDance|[upkeep]\n|-heal|p2b: yo buddy what up|69/100|[from] item: Leftovers\n|upkeep\n|\n|t:|1776458641\n|switch|p2a: Big Idiot|Tyranitar, L50, M|100/100\n|-weather|Sandstorm|[from] ability: Sand Stream|[of] p2a: Big Idiot\n|turn|3\n|inactive|Goldzafer has 30 seconds left.\n|inactive|slunkin_around has 30 seconds left.\n|\n|t:|1776458671\n|switch|p1b: Sinistcha|Sinistcha, L50|100/100\n|-heal|p1a: Incineroar|75/100|[from] ability: Hospitality|[of] p1b: Sinistcha\n|detailschange|p2a: Big Idiot|Tyranitar-Mega, L50, M\n|-mega|p2a: Big Idiot|Tyranitar|Tyranitarite\n|move|p2b: yo buddy what up|Muddy Water|p1b: Sinistcha|[spread] p1a\n|-miss|p2b: yo buddy what up|p1b: Sinistcha\n|-supereffective|p1a: Incineroar|1\n|-crit|p1a: Incineroar\n|-damage|p1a: Incineroar|0 fnt\n|faint|p1a: Incineroar\n|move|p2a: Big Idiot|Low Kick|p1b: Sinistcha\n|-immune|p1b: Sinistcha\n|\n|-weather|Sandstorm|[upkeep]\n|-damage|p2b: yo buddy what up|63/100|[from] Sandstorm\n|-damage|p1b: Sinistcha|94/100|[from] Sandstorm\n|-heal|p2b: yo buddy what up|69/100|[from] item: Leftovers\n|-end|p2b: yo buddy what up|Throat Chop|[silent]\n|upkeep\n|\n|t:|1776458693\n|switch|p1a: The Drizzler|Pelipper, L50, F, shiny|66/100\n|-weather|RainDance|[from] ability: Drizzle|[of] p1a: The Drizzler\n|turn|4\n|\n|t:|1776458708\n|switch|p2a: bird|Skarmory, L50, M|100/100\n|move|p2b: yo buddy what up|Icy Wind|p1b: Sinistcha|[spread] p1a,p1b\n|-supereffective|p1b: Sinistcha|1\n|-damage|p1a: The Drizzler|34/100\n|-damage|p1b: Sinistcha|59/100\n|-unboost|p1a: The Drizzler|spe|1\n|-unboost|p1b: Sinistcha|spe|1\n|move|p1b: Sinistcha|Matcha Gotcha|p2a: bird|[spread] p2a,p2b\n|-resisted|p2a: bird|2\n|-supereffective|p2b: yo buddy what up|1\n|-damage|p2a: bird|92/100\n|-heal|p1b: Sinistcha|63/100|[from] drain|[of] p2a: bird\n|-damage|p2b: yo buddy what up|33/100\n|-heal|p1b: Sinistcha|84/100|[from] drain|[of] p2b: yo buddy what up\n|move|p1a: The Drizzler|Hurricane|p2b: yo buddy what up\n|-damage|p2b: yo buddy what up|0 fnt\n|faint|p2b: yo buddy what up\n|\n|-weather|RainDance|[upkeep]\n|upkeep\n|\n|t:|1776458723\n|switch|p2b: Big Idiot|Tyranitar-Mega, L50, M|100/100\n|-weather|Sandstorm|[from] ability: Sand Stream|[of] p2b: Big Idiot\n|turn|5\n|\n|t:|1776458745\n|switch|p1a: The Wall|Aggron, L50, M|100/100\n|move|p2a: bird|Iron Defense|p2a: bird\n|-boost|p2a: bird|def|2\n|move|p2b: Big Idiot|Crunch|p1b: Sinistcha\n|-supereffective|p1b: Sinistcha|1\n|-damage|p1b: Sinistcha|0 fnt\n|faint|p1b: Sinistcha\n|\n|-weather|Sandstorm|[upkeep]\n|upkeep\n|\n|t:|1776458755\n|switch|p1b: The Drizzler|Pelipper, L50, F, shiny|34/100\n|-weather|RainDance|[from] ability: Drizzle|[of] p1b: The Drizzler\n|turn|6\n|\n|t:|1776458770\n|detailschange|p1a: The Wall|Aggron-Mega, L50, M\n|-mega|p1a: The Wall|Aggron|Aggronite\n|move|p2a: bird|Body Press|p1b: The Drizzler\n|-resisted|p1b: The Drizzler|1\n|-damage|p1b: The Drizzler|4/100\n|move|p2b: Big Idiot|Low Kick|p1a: The Wall\n|-supereffective|p1a: The Wall|1\n|-damage|p1a: The Wall|68/100\n|move|p1b: The Drizzler|Weather Ball|p2b: Big Idiot\n|-supereffective|p2b: Big Idiot|1\n|-damage|p2b: Big Idiot|0 fnt\n|faint|p2b: Big Idiot\n|move|p1a: The Wall|Iron Defense|p1a: The Wall\n|-boost|p1a: The Wall|def|2\n|\n|-weather|RainDance|[upkeep]\n|upkeep\n|turn|7\n|\n|t:|1776458794\n|move|p1b: The Drizzler|Protect|p1b: The Drizzler\n|-singleturn|p1b: The Drizzler|Protect\n|move|p2a: bird|Body Press|p1b: The Drizzler\n|-activate|p1b: The Drizzler|move: Protect\n|move|p1a: The Wall|Body Press|p2a: bird\n|-damage|p2a: bird|64/100\n|\n|-weather|RainDance|[upkeep]\n|upkeep\n|turn|8\n|\n|t:|1776458817\n|move|p2a: bird|Body Press|p1b: The Drizzler\n|-resisted|p1b: The Drizzler|1\n|-damage|p1b: The Drizzler|0 fnt\n|faint|p1b: The Drizzler\n|move|p1a: The Wall|Body Press|p2a: bird\n|-damage|p2a: bird|37/100\n|\n|-weather|RainDance|[upkeep]\n|upkeep\n|turn|9\n|\n|t:|1776458827\n|move|p2a: bird|Iron Defense|p2a: bird\n|-boost|p2a: bird|def|2\n|move|p1a: The Wall|Body Press|p2a: bird\n|-damage|p2a: bird|16/100\n|\n|-weather|RainDance|[upkeep]\n|upkeep\n|turn|10\n|\n|t:|1776458837\n|move|p2a: bird|Roost|p2a: bird\n|-heal|p2a: bird|66/100\n|-singleturn|p2a: bird|move: Roost\n|move|p1a: The Wall|Body Press|p2a: bird\n|-supereffective|p2a: bird|1\n|-damage|p2a: bird|27/100\n|\n|-weather|none\n|upkeep\n|turn|11\n|\n|t:|1776458848\n|move|p2a: bird|Roost|p2a: bird\n|-heal|p2a: bird|77/100\n|-singleturn|p2a: bird|move: Roost\n|move|p1a: The Wall|Body Press|p2a: bird\n|-supereffective|p2a: bird|1\n|-damage|p2a: bird|37/100\n|\n|upkeep\n|turn|12\n|\n|t:|1776458855\n|move|p2a: bird|Iron Defense|p2a: bird\n|-boost|p2a: bird|def|2\n|move|p1a: The Wall|Body Press|p2a: bird\n|-damage|p2a: bird|20/100\n|\n|upkeep\n|turn|13\n|\n|t:|1776458863\n|move|p2a: bird|Roost|p2a: bird\n|-heal|p2a: bird|70/100\n|-singleturn|p2a: bird|move: Roost\n|move|p1a: The Wall|Body Press|p2a: bird\n|-supereffective|p2a: bird|1\n|-damage|p2a: bird|41/100\n|\n|upkeep\n|turn|14\n|\n|t:|1776458872\n|move|p2a: bird|Roost|p2a: bird\n|-heal|p2a: bird|91/100\n|-singleturn|p2a: bird|move: Roost\n|move|p1a: The Wall|Iron Defense|p1a: The Wall\n|-boost|p1a: The Wall|def|2\n|\n|upkeep\n|turn|15\n|\n|t:|1776458885\n|move|p2a: bird|Iron Head|p1a: The Wall\n|-resisted|p1a: The Wall|1\n|-damage|p1a: The Wall|67/100\n|move|p1a: The Wall|Iron Defense|p1a: The Wall\n|-boost|p1a: The Wall|def|2\n|\n|upkeep\n|turn|16\n|\n|t:|1776458895\n|move|p2a: bird|Iron Head|p1a: The Wall\n|-resisted|p1a: The Wall|1\n|-damage|p1a: The Wall|65/100\n|move|p1a: The Wall|Iron Defense|p1a: The Wall\n|-boost|p1a: The Wall|def|0\n|\n|upkeep\n|turn|17\n|\n|t:|1776458901\n|move|p2a: bird|Body Press|p1a: The Wall\n|-supereffective|p1a: The Wall|1\n|-damage|p1a: The Wall|47/100\n|move|p1a: The Wall|Body Press|p2a: bird\n|-damage|p2a: bird|60/100\n|\n|upkeep\n|turn|18\n|\n|t:|1776458908\n|move|p2a: bird|Body Press|p1a: The Wall\n|-supereffective|p1a: The Wall|1\n|-damage|p1a: The Wall|28/100\n|move|p1a: The Wall|Body Press|p2a: bird\n|-damage|p2a: bird|30/100\n|\n|upkeep\n|turn|19\n|\n|t:|1776458915\n|move|p2a: bird|Roost|p2a: bird\n|-heal|p2a: bird|80/100\n|-singleturn|p2a: bird|move: Roost\n|move|p1a: The Wall|Body Press|p2a: bird\n|-supereffective|p2a: bird|1\n|-damage|p2a: bird|23/100\n|\n|upkeep\n|turn|20\n|\n|t:|1776458923\n|move|p2a: bird|Roost|p2a: bird\n|-heal|p2a: bird|73/100\n|-singleturn|p2a: bird|move: Roost\n|move|p1a: The Wall|Body Press|p2a: bird\n|-supereffective|p2a: bird|1\n|-damage|p2a: bird|15/100\n|\n|upkeep\n|turn|21\n|c|\u2606Goldzafer|bro\n|c|\u2606Goldzafer|what is this game\n|c|\u2606Goldzafer|hahahaaa\n|\n|t:|1776458939\n|move|p2a: bird|Roost|p2a: bird\n|-heal|p2a: bird|65/100\n|-singleturn|p2a: bird|move: Roost\n|move|p1a: The Wall|Body Press|p2a: bird\n|-supereffective|p2a: bird|1\n|-damage|p2a: bird|5/100\n|\n|upkeep\n|turn|22\n|\n|t:|1776458949\n|move|p2a: bird|Roost|p2a: bird\n|-heal|p2a: bird|55/100\n|-singleturn|p2a: bird|move: Roost\n|move|p1a: The Wall|Heavy Slam|p2a: bird\n|-resisted|p2a: bird|1\n|-damage|p2a: bird|50/100\n|\n|upkeep\n|turn|23\n|\n|t:|1776458962\n|move|p1a: The Wall|Protect|p1a: The Wall\n|-singleturn|p1a: The Wall|Protect\n|move|p2a: bird|Body Press|p1a: The Wall\n|-activate|p1a: The Wall|move: Protect\n|\n|upkeep\n|turn|24\n|\n|t:|1776458968\n|move|p2a: bird|Body Press|p1a: The Wall\n|-supereffective|p1a: The Wall|1\n|-crit|p1a: The Wall\n|-damage|p1a: The Wall|0 fnt\n|faint|p1a: The Wall\n|\n|win|slunkin_around\n|raw|Goldzafer's rating: 1118 &rarr; <strong>1096</strong><br />(-22 for losing)\n|raw|slunkin_around's rating: 1154 &rarr; <strong>1176</strong><br />(+22 for winning)\n|l|\u2606slunkin_around\n|player|p2|\n|c|\u2606Goldzafer|ai gg\n",
  "uploadtime": 1776458984,
  "views": 30,
  "formatid": "gen9championsvgc2026regma",
  "rating": 1096,
  "private": 0,
  "password": null
}