{
  "id": "gen9championsvgc2026regma-2587033796",
  "format": "[Gen 9 Champions] VGC 2026 Reg M-A",
  "players": [
    "Quacklimore",
    "mrguy888"
  ],
  "log": "|j|\u2606Quacklimore\n|j|\u2606mrguy888\n|t:|1776483454\n|gametype|doubles\n|player|p1|Quacklimore|1|1205\n|player|p2|mrguy888|noland-gen3|1263\n|gen|9\n|tier|[Gen 9 Champions] VGC 2026 Reg M-A\n|rated|\n|rule|Species Clause: Limit one of each Pok\u00e9mon\n|rule|Item Clause: Limit 1 of each item\n|clearpoke\n|poke|p1|Meganium, L50, M|\n|poke|p1|Rampardos, L50, M|\n|poke|p1|Tyranitar, L50, M|\n|poke|p1|Farigiraf, L50, F|\n|poke|p1|Incineroar, L50, M|\n|poke|p1|Empoleon, L50, F|\n|poke|p2|Floette-Eternal, L50, F|\n|poke|p2|Aerodactyl, L50, F|\n|poke|p2|Tauros-Paldea-Aqua, L50, M|\n|poke|p2|Kangaskhan, L50, F|\n|poke|p2|Rotom-Heat, L50|\n|poke|p2|Aegislash, L50, F|\n|teampreview|4\n|inactive|Battle timer is ON: inactive players will automatically lose when time's up. (requested by mrguy888)\n|inactive|Quacklimore has 60 seconds left.\n|inactive|mrguy888 has 60 seconds left.\n|\n|t:|1776483501\n|teamsize|p1|4\n|teamsize|p2|4\n|start\n|switch|p1a: Farigiraf|Farigiraf, L50, F, shiny|100/100\n|switch|p1b: Empoleon|Empoleon, L50, F|100/100\n|switch|p2a: Tauros|Tauros-Paldea-Aqua, L50, M|100/100\n|switch|p2b: Floette|Floette-Eternal, L50, F|100/100\n|-ability|p2a: Tauros|Intimidate|boost\n|-unboost|p1a: Farigiraf|atk|1\n|-unboost|p1b: Empoleon|atk|1\n|-ability|p1b: Empoleon|Competitive|boost\n|-boost|p1b: Empoleon|spa|2\n|turn|1\n|\n|t:|1776483523\n|detailschange|p2b: Floette|Floette-Mega, L50, F\n|-mega|p2b: Floette|Floette|Floettite\n|-ability|p2b: Floette|Fairy Aura\n|move|p2a: Tauros|Close Combat|p1a: Farigiraf\n|-damage|p1a: Farigiraf|41/100\n|-unboost|p2a: Tauros|def|1\n|-unboost|p2a: Tauros|spd|1\n|-enditem|p2a: Tauros|White Herb\n|-clearnegativeboost|p2a: Tauros|[silent]\n|move|p2b: Floette|Dazzling Gleam|p1a: Farigiraf|[spread] p1a,p1b\n|-resisted|p1b: Empoleon|1\n|-damage|p1a: Farigiraf|0 fnt\n|-damage|p1b: Empoleon|80/100\n|faint|p1a: Farigiraf\n|move|p1b: Empoleon|Steel Beam|p2b: Floette\n|-supereffective|p2b: Floette|1\n|-damage|p2b: Floette|0 fnt\n|-damage|p1b: Empoleon|29/100|[from] steelbeam\n|faint|p2b: Floette\n|\n|-heal|p1b: Empoleon|35/100|[from] item: Leftovers\n|upkeep\n|\n|t:|1776483544\n|switch|p2b: Aegislash|Aegislash, L50, F|100/100\n|switch|p1a: Meganium|Meganium, L50, M|100/100\n|turn|2\n|\n|t:|1776483568\n|detailschange|p1a: Meganium|Meganium-Mega, L50, M\n|-mega|p1a: Meganium|Meganium|Meganiumite\n|move|p2a: Tauros|Close Combat|p1b: Empoleon\n|-supereffective|p1b: Empoleon|1\n|-damage|p1b: Empoleon|0 fnt\n|-unboost|p2a: Tauros|def|1\n|-unboost|p2a: Tauros|spd|1\n|faint|p1b: Empoleon\n|move|p1a: Meganium|Weather Ball|p2b: Aegislash\n|-supereffective|p2b: Aegislash|1\n|-damage|p2b: Aegislash|0 fnt\n|faint|p2b: Aegislash\n|\n|upkeep\n|\n|t:|1776483580\n|switch|p2b: Rotom|Rotom-Heat, L50|100/100\n|switch|p1b: Incineroar|Incineroar, L50, M, shiny|100/100\n|-ability|p1b: Incineroar|Intimidate|boost\n|-unboost|p2a: Tauros|atk|1\n|-unboost|p2b: Rotom|atk|1\n|turn|3\n|\n|t:|1776483602\n|move|p2a: Tauros|Protect|p2a: Tauros\n|-singleturn|p2a: Tauros|Protect\n|move|p1b: Incineroar|Fake Out|p2a: Tauros\n|-activate|p2a: Tauros|move: Protect\n|move|p2b: Rotom|Overheat|p1a: Meganium\n|-supereffective|p1a: Meganium|1\n|-damage|p1a: Meganium|22/100\n|-unboost|p2b: Rotom|spa|2\n|move|p1a: Meganium|Solar Beam||[still]\n|-prepare|p1a: Meganium|Solar Beam\n|-activate|p1a: Meganium|ability: Mega Sol\n|-anim|p1a: Meganium|Solar Beam|p2a: Tauros\n|-activate|p2a: Tauros|move: Protect\n|\n|upkeep\n|turn|4\n|inactive|Quacklimore has 30 seconds left.\n|\n|t:|1776483630\n|move|p1a: Meganium|Protect|p1a: Meganium\n|-singleturn|p1a: Meganium|Protect\n|move|p2b: Rotom|Overheat|p1a: Meganium\n|-activate|p1a: Meganium|move: Protect\n|move|p2a: Tauros|Close Combat|p1b: Incineroar\n|-supereffective|p1b: Incineroar|1\n|-damage|p1b: Incineroar|17/100\n|-unboost|p2a: Tauros|def|1\n|-unboost|p2a: Tauros|spd|1\n|-enditem|p1b: Incineroar|Sitrus Berry|[eat]\n|-heal|p1b: Incineroar|42/100|[from] item: Sitrus Berry\n|move|p1b: Incineroar|Flare Blitz|p2a: Tauros\n|-resisted|p2a: Tauros|1\n|-damage|p2a: Tauros|26/100\n|-damage|p1b: Incineroar|24/100|[from] Recoil\n|\n|upkeep\n|turn|5\n|\n|t:|1776483650\n|move|p2b: Rotom|Overheat|p1a: Meganium\n|-supereffective|p1a: Meganium|1\n|-damage|p1a: Meganium|0 fnt\n|-unboost|p2b: Rotom|spa|2\n|faint|p1a: Meganium\n|move|p2a: Tauros|Close Combat|p1b: Incineroar\n|-supereffective|p1b: Incineroar|1\n|-damage|p1b: Incineroar|0 fnt\n|-unboost|p2a: Tauros|def|1\n|-unboost|p2a: Tauros|spd|1\n|faint|p1b: Incineroar\n|\n|win|mrguy888\n|raw|Quacklimore's rating: 1205 &rarr; <strong>1184</strong><br />(-21 for losing)\n|raw|mrguy888's rating: 1263 &rarr; <strong>1284</strong><br />(+21 for winning)\n|l|\u2606Quacklimore\n|player|p1|\n",
  "uploadtime": 1776483656,
  "views": 18,
  "formatid": "gen9championsvgc2026regma",
  "rating": 1184,
  "private": 0,
  "password": null
}