{
  "id": "gen9championsvgc2026regma-2584901208",
  "format": "[Gen 9 Champions] VGC 2026 Reg M-A",
  "players": [
    "P0keJr",
    "juniperline"
  ],
  "log": "|j|\u2606P0keJr\n|j|\u2606juniperline\n|t:|1776292880\n|gametype|doubles\n|player|p1|P0keJr|102|1199\n|player|p2|juniperline|will|1246\n|gen|9\n|tier|[Gen 9 Champions] VGC 2026 Reg M-A\n|rated|\n|rule|Species Clause: Limit one of each Pok\u00e9mon\n|rule|Item Clause: Limit 1 of each item\n|clearpoke\n|poke|p1|Floette-Eternal, L50, F|\n|poke|p1|Aegislash, L50, M|\n|poke|p1|Talonflame, L50, F|\n|poke|p1|Incineroar, L50, M|\n|poke|p1|Garchomp, L50, M|\n|poke|p1|Rotom-Wash, L50|\n|poke|p2|Glimmora, L50, M|\n|poke|p2|Talonflame, L50, F|\n|poke|p2|Garchomp, L50, F|\n|poke|p2|Rotom-Wash, L50|\n|poke|p2|Basculegion, L50, M|\n|poke|p2|Incineroar, L50, M|\n|teampreview|4\n|inactive|Battle timer is ON: inactive players will automatically lose when time's up. (requested by P0keJr)\n|\n|t:|1776292924\n|teamsize|p1|4\n|teamsize|p2|4\n|start\n|switch|p1a: Talonflame|Talonflame, L50, F|100/100\n|switch|p1b: Rotom|Rotom-Wash, L50|100/100\n|switch|p2a: Incineroar|Incineroar, L50, M|100/100\n|switch|p2b: Talonflame|Talonflame, L50, F|100/100\n|-ability|p2a: Incineroar|Intimidate|boost\n|-unboost|p1a: Talonflame|atk|1\n|-unboost|p1b: Rotom|atk|1\n|turn|1\n|inactive|P0keJr has 30 seconds left.\n|\n|t:|1776292958\n|move|p1a: Talonflame|Protect|p1a: Talonflame\n|-singleturn|p1a: Talonflame|Protect\n|move|p2b: Talonflame|Tailwind|p2b: Talonflame\n|-sidestart|p2: juniperline|move: Tailwind\n|move|p2a: Incineroar|Parting Shot|p1b: Rotom\n|-unboost|p1b: Rotom|atk|1\n|-unboost|p1b: Rotom|spa|1\n|\n|t:|1776292973\n|switch|p2a: Garchomp|Garchomp, L50, F|100/100|[from] Parting Shot\n|move|p1b: Rotom|Thunderbolt|p2b: Talonflame\n|-supereffective|p2b: Talonflame|1\n|-damage|p2b: Talonflame|36/100\n|\n|upkeep\n|turn|2\n|inactive|P0keJr has 30 seconds left.\n|inactive|juniperline has 30 seconds left.\n|inactive|P0keJr has 20 seconds left.\n|inactive|P0keJr has 15 seconds left.\n|\n|t:|1776293017\n|switch|p1a: Floette|Floette-Eternal, L50, F|100/100\n|move|p1b: Rotom|Protect|p1b: Rotom\n|-singleturn|p1b: Rotom|Protect\n|move|p2b: Talonflame|Brave Bird|p1b: Rotom\n|-activate|p1b: Rotom|move: Protect\n|move|p2a: Garchomp|Rock Slide|p1b: Rotom|[spread] \n|-activate|p1b: Rotom|move: Protect\n|-miss|p2a: Garchomp|p1a: Floette\n|\n|upkeep\n|turn|3\n|inactive|P0keJr has 30 seconds left.\n|inactive|juniperline has 30 seconds left.\n|inactive|P0keJr has 20 seconds left.\n|\n|t:|1776293056\n|switch|p2a: Glimmora|Glimmora, L50, M|100/100\n|detailschange|p1a: Floette|Floette-Mega, L50, F\n|-mega|p1a: Floette|Floette|Floettite\n|-ability|p1a: Floette|Fairy Aura\n|move|p2b: Talonflame|Brave Bird|p1a: Floette\n|-damage|p1a: Floette|62/100\n|-damage|p2b: Talonflame|23/100|[from] Recoil\n|move|p1a: Floette|Dazzling Gleam|p2a: Glimmora|[spread] p2a,p2b\n|-resisted|p2a: Glimmora|1\n|-resisted|p2b: Talonflame|1\n|-damage|p2a: Glimmora|72/100\n|-damage|p2b: Talonflame|0 fnt\n|faint|p2b: Talonflame\n|move|p1b: Rotom|Will-O-Wisp|p2a: Glimmora\n|-status|p2a: Glimmora|brn\n|\n|-damage|p2a: Glimmora|66/100 brn|[from] brn\n|upkeep\n|inactive|juniperline has 30 seconds left.\n|\n|t:|1776293082\n|switch|p2b: Garchomp|Garchomp, L50, F|100/100\n|turn|4\n|\n|t:|1776293092\n|detailschange|p2a: Glimmora|Glimmora-Mega, L50, M\n|-mega|p2a: Glimmora|Glimmora|Glimmoranite\n|move|p1a: Floette|Protect|p1a: Floette\n|-singleturn|p1a: Floette|Protect\n|move|p1b: Rotom|Protect|p1b: Rotom\n|-singleturn|p1b: Rotom|Protect\n|move|p2b: Garchomp|Dragon Claw|p1b: Rotom\n|-activate|p1b: Rotom|move: Protect\n|move|p2a: Glimmora|Sludge Bomb|p1b: Rotom\n|-activate|p1b: Rotom|move: Protect\n|\n|-damage|p2a: Glimmora|60/100 brn|[from] brn\n|-sideend|p2: juniperline|move: Tailwind\n|upkeep\n|turn|5\n|inactive|P0keJr has 30 seconds left.\n|\n|t:|1776293120\n|switch|p2b: Incineroar|Incineroar, L50, M|100/100\n|-ability|p2b: Incineroar|Intimidate|boost\n|-unboost|p1a: Floette|atk|1\n|-unboost|p1b: Rotom|atk|1\n|move|p2a: Glimmora|Sludge Bomb|p1a: Floette\n|-supereffective|p1a: Floette|1\n|-damage|p1a: Floette|0 fnt\n|faint|p1a: Floette\n|move|p1b: Rotom|Hydro Pump|p2a: Glimmora|[miss]\n|-miss|p1b: Rotom|p2a: Glimmora\n|\n|-damage|p2a: Glimmora|54/100 brn|[from] brn\n|upkeep\n|\n|t:|1776293136\n|switch|p1a: Garchomp|Garchomp, L50, M|100/100\n|turn|6\n|\n|t:|1776293156\n|move|p2a: Glimmora|Spiky Shield|p2a: Glimmora\n|-singleturn|p2a: Glimmora|move: Protect\n|move|p1a: Garchomp|Earthquake|p2a: Glimmora|[spread] p2b\n|-activate|p2a: Glimmora|move: Protect\n|-immune|p1b: Rotom|[from] ability: Levitate\n|-supereffective|p2b: Incineroar|1\n|-damage|p2b: Incineroar|34/100\n|move|p1b: Rotom|Thunderbolt|p2a: Glimmora\n|-activate|p2a: Glimmora|move: Protect\n|move|p2b: Incineroar|Parting Shot|p1a: Garchomp\n|-unboost|p1a: Garchomp|atk|1\n|-unboost|p1a: Garchomp|spa|1\n|\n|t:|1776293167\n|switch|p2b: Garchomp|Garchomp, L50, F|100/100|[from] Parting Shot\n|-enditem|p1a: Garchomp|White Herb\n|-clearnegativeboost|p1a: Garchomp|[silent]\n|\n|-damage|p2a: Glimmora|47/100 brn|[from] brn\n|upkeep\n|turn|7\n|\n|t:|1776293177\n|move|p1a: Garchomp|Protect|p1a: Garchomp\n|-singleturn|p1a: Garchomp|Protect\n|move|p1b: Rotom|Protect|p1b: Rotom\n|-singleturn|p1b: Rotom|Protect\n|move|p2b: Garchomp|Dragon Claw|p1a: Garchomp\n|-activate|p1a: Garchomp|move: Protect\n|move|p2a: Glimmora|Sludge Bomb|p1b: Rotom\n|-activate|p1b: Rotom|move: Protect\n|\n|-damage|p2a: Glimmora|41/100 brn|[from] brn\n|upkeep\n|turn|8\n|inactive|P0keJr has 30 seconds left.\n|inactive|P0keJr has 20 seconds left.\n|inactive|P0keJr has 15 seconds left.\n|\n|t:|1776293221\n|move|p2a: Glimmora|Spiky Shield|p2a: Glimmora\n|-singleturn|p2a: Glimmora|move: Protect\n|move|p2b: Garchomp|Dragon Claw|p1a: Garchomp\n|-supereffective|p1a: Garchomp|1\n|-damage|p1a: Garchomp|29/100\n|-damage|p2b: Garchomp|88/100|[from] ability: Rough Skin|[of] p1a: Garchomp\n|move|p1a: Garchomp|Earthquake|p2b: Garchomp|[spread] p2b\n|-activate|p2a: Glimmora|move: Protect\n|-immune|p1b: Rotom|[from] ability: Levitate\n|-damage|p2b: Garchomp|49/100\n|move|p1b: Rotom|Hydro Pump|p2a: Glimmora\n|-activate|p2a: Glimmora|move: Protect\n|\n|-damage|p2a: Glimmora|35/100 brn|[from] brn\n|upkeep\n|turn|9\n|\n|t:|1776293244\n|move|p1a: Garchomp|Protect|p1a: Garchomp\n|-singleturn|p1a: Garchomp|Protect\n|move|p1b: Rotom|Protect|p1b: Rotom\n|-singleturn|p1b: Rotom|Protect\n|move|p2b: Garchomp|Dragon Claw|p1a: Garchomp\n|-activate|p1a: Garchomp|move: Protect\n|move|p2a: Glimmora|Sludge Bomb|p1b: Rotom\n|-activate|p1b: Rotom|move: Protect\n|\n|-damage|p2a: Glimmora|29/100 brn|[from] brn\n|upkeep\n|turn|10\n|inactive|P0keJr has 30 seconds left.\n|\n|t:|1776293278\n|switch|p1a: Talonflame|Talonflame, L50, F|100/100\n|move|p2b: Garchomp|Dragon Claw|p1a: Talonflame\n|-damage|p1a: Talonflame|42/100\n|move|p2a: Glimmora|Sludge Bomb|p1b: Rotom\n|-damage|p1b: Rotom|20/100\n|-enditem|p1b: Rotom|Sitrus Berry|[eat]\n|-heal|p1b: Rotom|45/100|[from] item: Sitrus Berry\n|move|p1b: Rotom|Hydro Pump|p2b: Garchomp\n|-damage|p2b: Garchomp|11/100\n|\n|-damage|p2a: Glimmora|22/100 brn|[from] brn\n|upkeep\n|turn|11\n|inactive|P0keJr has 30 seconds left.\n|inactive|juniperline has 30 seconds left.\n|inactive|P0keJr has 20 seconds left.\n|inactive|P0keJr has 15 seconds left.\n|inactive|P0keJr has 10 seconds left.\n|inactive|P0keJr has 5 seconds left.\n|\n|t:|1776293334\n|move|p2b: Garchomp|Protect|p2b: Garchomp\n|-singleturn|p2b: Garchomp|Protect\n|move|p1a: Talonflame|Acrobatics|p2b: Garchomp\n|-activate|p2b: Garchomp|move: Protect\n|move|p2a: Glimmora|Power Gem|p1a: Talonflame\n|-supereffective|p1a: Talonflame|2\n|-damage|p1a: Talonflame|0 fnt\n|faint|p1a: Talonflame\n|move|p1b: Rotom|Hydro Pump|p2a: Glimmora\n|-supereffective|p2a: Glimmora|1\n|-damage|p2a: Glimmora|0 fnt\n|faint|p2a: Glimmora\n|\n|upkeep\n|\n|t:|1776293349\n|switch|p1a: Garchomp|Garchomp, L50, M|29/100\n|switch|p2a: Incineroar|Incineroar, L50, M|34/100\n|-ability|p2a: Incineroar|Intimidate|boost\n|-unboost|p1a: Garchomp|atk|1\n|-unboost|p1b: Rotom|atk|1\n|turn|12\n|\n|t:|1776293367\n|move|p1a: Garchomp|Protect|p1a: Garchomp\n|-singleturn|p1a: Garchomp|Protect\n|move|p2a: Incineroar|Fake Out|p1b: Rotom\n|-crit|p1b: Rotom\n|-damage|p1b: Rotom|29/100\n|move|p2b: Garchomp|Dragon Claw|p1a: Garchomp\n|-activate|p1a: Garchomp|move: Protect\n|cant|p1b: Rotom|flinch\n|\n|upkeep\n|turn|13\n|inactive|P0keJr has 30 seconds left.\n|inactive|juniperline has 30 seconds left.\n|inactive|juniperline has 20 seconds left.\n|inactive|juniperline has 15 seconds left.\n|\n|t:|1776293409\n|move|p2b: Garchomp|Dragon Claw|p1a: Garchomp\n|-supereffective|p1a: Garchomp|1\n|-damage|p1a: Garchomp|0 fnt\n|-damage|p2b: Garchomp|0 fnt|[from] ability: Rough Skin|[of] p1a: Garchomp\n|faint|p1a: Garchomp\n|faint|p2b: Garchomp\n|move|p1b: Rotom|Will-O-Wisp|p2a: Incineroar\n|-immune|p2a: Incineroar\n|move|p2a: Incineroar|Parting Shot|p1b: Rotom\n|-unboost|p1b: Rotom|atk|1\n|-unboost|p1b: Rotom|spa|1\n|\n|upkeep\n|turn|14\n|\n|t:|1776293425\n|move|p2a: Incineroar|Protect|p2a: Incineroar\n|-singleturn|p2a: Incineroar|Protect\n|move|p1b: Rotom|Hydro Pump|p2a: Incineroar\n|-activate|p2a: Incineroar|move: Protect\n|\n|upkeep\n|turn|15\n|\n|t:|1776293432\n|move|p1b: Rotom|Hydro Pump|p2a: Incineroar|[miss]\n|-miss|p1b: Rotom|p2a: Incineroar\n|move|p2a: Incineroar|Parting Shot|p1b: Rotom\n|-unboost|p1b: Rotom|atk|1\n|-unboost|p1b: Rotom|spa|1\n|\n|upkeep\n|turn|16\n|\n|t:|1776293439\n|move|p2a: Incineroar|Protect|p2a: Incineroar\n|-singleturn|p2a: Incineroar|Protect\n|move|p1b: Rotom|Hydro Pump|p2a: Incineroar\n|-activate|p2a: Incineroar|move: Protect\n|\n|upkeep\n|turn|17\n|\n|t:|1776293452\n|move|p2a: Incineroar|Protect||[still]\n|-fail|p2a: Incineroar\n|move|p1b: Rotom|Hydro Pump|p2a: Incineroar\n|-supereffective|p2a: Incineroar|1\n|-damage|p2a: Incineroar|0 fnt\n|faint|p2a: Incineroar\n|\n|win|P0keJr\n|raw|P0keJr's rating: 1199 &rarr; <strong>1227</strong><br />(+28 for winning)\n|raw|juniperline's rating: 1246 &rarr; <strong>1218</strong><br />(-28 for losing)\n|l|\u2606juniperline\n|player|p2|\n",
  "uploadtime": 1776293462,
  "views": 39,
  "formatid": "gen9championsvgc2026regma",
  "rating": 1218,
  "private": 0,
  "password": null
}