{
  "id": "gen9championsvgc2026regma-2588210070",
  "format": "[Gen 9 Champions] VGC 2026 Reg M-A",
  "players": [
    "SakikoPlushie",
    "Poyo_poyini"
  ],
  "log": "|j|\u2606SakikoPlushie\n|j|\u2606Poyo_poyini\n|t:|1776614671\n|gametype|doubles\n|player|p1|SakikoPlushie|170|\n|player|p2|Poyo_poyini|hilda-wonderlauncher|\n|gen|9\n|tier|[Gen 9 Champions] VGC 2026 Reg M-A\n|rule|Species Clause: Limit one of each Pok\u00e9mon\n|rule|Item Clause: Limit 1 of each item\n|clearpoke\n|poke|p1|Archaludon, L50, M|\n|poke|p1|Lopunny, L50, M|\n|poke|p1|Zoroark-Hisui, L50, M|\n|poke|p1|Politoed, L50, M|\n|poke|p1|Toxicroak, L50, M|\n|poke|p1|Hydreigon, L50, M|\n|poke|p2|Meganium, L50, F, shiny|\n|poke|p2|Whimsicott, L50, M, shiny|\n|poke|p2|Arcanine-Hisui, L50, F|\n|poke|p2|Tyranitar, L50, M, shiny|\n|poke|p2|Oranguru, L50, F, shiny|\n|poke|p2|Tinkaton, L50, F, shiny|\n|teampreview|4\n|c|\u2606SakikoPlushie|Ala\n|c|\u2606Poyo_poyini|Ala\n|c|\u2606Poyo_poyini|Opem shit?\nSakikoPlushie has agreed to open team sheets.\nPoyo_poyini has agreed to open team sheets.\n|showteam|p1|Archaludon||DragonFang|Stamina|DracoMeteor,ElectroShot,FlashCannon,Protect|||M|||50|]Lopunny||Lopunnite|CuteCharm|FakeOut,CloseCombat,TripleAxel,Protect|||M|||50|]Zoroark-Hisui||FocusSash|Illusion|IcyWind,BitterMalice,HyperVoice,Protect|||M|||50|]Politoed||SitrusBerry|Drizzle|Protect,WeatherBall,Hypnosis,Encore|||M|||50|]Toxicroak||PoisonBarb|DrySkin|FakeOut,CloseCombat,Coaching,GunkShot|||M|||50|]Hydreigon||ScopeLens|Levitate|Tailwind,FocusEnergy,Protect,DracoMeteor|||M|||50|\n|showteam|p2|Meganium||Meganiumite|Overgrow|WeatherBall,Protect,SolarBeam,Synthesis|||F|||50|]Whimsicott||FocusSash|Prankster|Moonblast,Memento,Encore,Tailwind|||M|||50|]Arcanine-Hisui||ChoiceScarf|RockHead|HeadSmash,FlareBlitz,CloseCombat,RockSlide|||F|||50|]Tyranitar||Tyranitarite|SandStream|RockSlide,Protect,KnockOff,Earthquake|||M|||50|]Oranguru||MentalHerb|Telepathy|Instruct,TrickRoom,Protect,Psychic|||F|||50|]Tinkaton||SitrusBerry|MoldBreaker|FakeOut,PlayRough,GigatonHammer,Protect|||F|||50|\n|c|\u2606SakikoPlushie|S\u00ed, total ser\u00e1 as\u00ed en el bo3\n|c|\u2606Poyo_poyini|Ya\n|\n|t:|1776614782\n|teamsize|p1|4\n|teamsize|p2|4\n|start\n|switch|p1a: Lopunny|Lopunny, L50, M|100/100\n|switch|p1b: Hydreigon|Hydreigon, L50, M|100/100\n|switch|p2a: Tinkaton|Tinkaton, L50, F, shiny|100/100\n|switch|p2b: Whimsicott|Whimsicott, L50, M, shiny|100/100\n|-ability|p2a: Tinkaton|Mold Breaker\n|turn|1\n|\n|t:|1776614821\n|switch|p1b: Archaludon|Archaludon, L50, M|100/100\n|detailschange|p1a: Lopunny|Lopunny-Mega, L50, M\n|-mega|p1a: Lopunny|Lopunny|Lopunnite\n|move|p1a: Lopunny|Fake Out|p2a: Tinkaton\n|-resisted|p2a: Tinkaton|1\n|-damage|p2a: Tinkaton|85/100\n|move|p2b: Whimsicott|Tailwind|p2b: Whimsicott\n|-sidestart|p2: Poyo_poyini|move: Tailwind\n|cant|p2a: Tinkaton|flinch\n|\n|upkeep\n|turn|2\n|\n|t:|1776614846\n|switch|p1a: Politoed|Politoed, L50, M|100/100\n|-weather|RainDance|[from] ability: Drizzle|[of] p1a: Politoed\n|move|p2b: Whimsicott|Moonblast|p1b: Archaludon\n|-damage|p1b: Archaludon|54/100\n|-ability|p1b: Archaludon|Stamina|boost\n|-boost|p1b: Archaludon|def|1\n|move|p2a: Tinkaton|Play Rough|p1a: Politoed\n|-damage|p1a: Politoed|69/100\n|move|p1b: Archaludon|Electro Shot||[still]\n|-prepare|p1b: Archaludon|Electro Shot\n|-boost|p1b: Archaludon|spa|1\n|-anim|p1b: Archaludon|Electro Shot|p2a: Tinkaton\n|-damage|p2a: Tinkaton|21/100\n|-enditem|p2a: Tinkaton|Sitrus Berry|[eat]\n|-heal|p2a: Tinkaton|46/100|[from] item: Sitrus Berry\n|\n|-weather|RainDance|[upkeep]\n|upkeep\n|turn|3\n|\n|t:|1776614872\n|switch|p2a: Tyranitar|Tyranitar, L50, M, shiny|100/100\n|-weather|Sandstorm|[from] ability: Sand Stream|[of] p2a: Tyranitar\n|move|p1b: Archaludon|Protect|p1b: Archaludon\n|-singleturn|p1b: Archaludon|Protect\n|move|p2b: Whimsicott|Moonblast|p1b: Archaludon\n|-activate|p1b: Archaludon|move: Protect\n|move|p1a: Politoed|Weather Ball|p2a: Tyranitar\n|-damage|p2a: Tyranitar|85/100\n|\n|-weather|Sandstorm|[upkeep]\n|-damage|p2b: Whimsicott|95/100|[from] Sandstorm\n|-damage|p1a: Politoed|62/100|[from] Sandstorm\n|upkeep\n|turn|4\n|c|\u2606Poyo_poyini|Pego una banda\n|\n|t:|1776614890\n|switch|p1b: Lopunny|Lopunny-Mega, L50, M|100/100\n|detailschange|p2a: Tyranitar|Tyranitar-Mega, L50, M, shiny\n|-mega|p2a: Tyranitar|Tyranitar|Tyranitarite\n|move|p2b: Whimsicott|Moonblast|p1b: Lopunny\n|-supereffective|p1b: Lopunny|1\n|-damage|p1b: Lopunny|9/100\n|move|p2a: Tyranitar|Rock Slide|p1b: Lopunny|[spread] p1a,p1b\n|-resisted|p1b: Lopunny|1\n|-damage|p1a: Politoed|19/100\n|-damage|p1b: Lopunny|0 fnt\n|-enditem|p1a: Politoed|Sitrus Berry|[eat]\n|-heal|p1a: Politoed|44/100|[from] item: Sitrus Berry\n|faint|p1b: Lopunny\n|cant|p1a: Politoed|flinch\n|\n|-weather|Sandstorm|[upkeep]\n|-damage|p2b: Whimsicott|89/100|[from] Sandstorm\n|-damage|p1a: Politoed|38/100|[from] Sandstorm\n|-sideend|p2: Poyo_poyini|move: Tailwind\n|upkeep\n|\n|t:|1776614905\n|switch|p1b: Hydreigon|Hydreigon, L50, M|100/100\n|turn|5\n|\n|t:|1776614914\n|switch|p1a: Archaludon|Archaludon, L50, M|54/100\n|move|p1b: Hydreigon|Protect|p1b: Hydreigon\n|-singleturn|p1b: Hydreigon|Protect\n|move|p2b: Whimsicott|Tailwind|p2b: Whimsicott\n|-sidestart|p2: Poyo_poyini|move: Tailwind\n|move|p2a: Tyranitar|Rock Slide|p1b: Hydreigon|[spread] p1a\n|-activate|p1b: Hydreigon|move: Protect\n|-resisted|p1a: Archaludon|1\n|-damage|p1a: Archaludon|40/100\n|-ability|p1a: Archaludon|Stamina|boost\n|-boost|p1a: Archaludon|def|1\n|\n|-weather|Sandstorm|[upkeep]\n|-damage|p2b: Whimsicott|83/100|[from] Sandstorm\n|-damage|p1b: Hydreigon|95/100|[from] Sandstorm\n|upkeep\n|turn|6\n|\n|t:|1776614932\n|switch|p1b: Politoed|Politoed, L50, M|38/100\n|-weather|RainDance|[from] ability: Drizzle|[of] p1b: Politoed\n|move|p2b: Whimsicott|Moonblast|p1b: Politoed\n|-damage|p1b: Politoed|9/100\n|move|p2a: Tyranitar|Earthquake|p1b: Politoed|[spread] p2b,p1a,p1b\n|-resisted|p2b: Whimsicott|1\n|-supereffective|p1a: Archaludon|1\n|-damage|p2b: Whimsicott|56/100\n|-damage|p1a: Archaludon|3/100\n|-damage|p1b: Politoed|0 fnt\n|-ability|p1a: Archaludon|Stamina|boost\n|-boost|p1a: Archaludon|def|1\n|faint|p1b: Politoed\n|move|p1a: Archaludon|Flash Cannon|p2b: Whimsicott\n|-supereffective|p2b: Whimsicott|1\n|-damage|p2b: Whimsicott|0 fnt\n|faint|p2b: Whimsicott\n|\n|-weather|RainDance|[upkeep]\n|upkeep\n|c|\u2606Poyo_poyini|Ggs\n|\n|t:|1776614948\n|switch|p2b: Tinkaton|Tinkaton, L50, F, shiny|46/100\n|switch|p1b: Hydreigon|Hydreigon, L50, M|95/100\n|-ability|p2b: Tinkaton|Mold Breaker\n|turn|7\n|\n|t:|1776614958\n|move|p1b: Hydreigon|Protect|p1b: Hydreigon\n|-singleturn|p1b: Hydreigon|Protect\n|move|p1a: Archaludon|Protect|p1a: Archaludon\n|-singleturn|p1a: Archaludon|Protect\n|move|p2b: Tinkaton|Play Rough|p1b: Hydreigon\n|-activate|p1b: Hydreigon|move: Protect\n|move|p2a: Tyranitar|Rock Slide|p1a: Archaludon|[spread] \n|-activate|p1a: Archaludon|move: Protect\n|-activate|p1b: Hydreigon|move: Protect\n|\n|-weather|RainDance|[upkeep]\n|upkeep\n|turn|8\n|\n|t:|1776614972\n|move|p1b: Hydreigon|Protect|p1b: Hydreigon\n|-singleturn|p1b: Hydreigon|Protect\n|move|p1a: Archaludon|Protect||[still]\n|-fail|p1a: Archaludon\n|move|p2b: Tinkaton|Play Rough|p1b: Hydreigon\n|-activate|p1b: Hydreigon|move: Protect\n|move|p2a: Tyranitar|Rock Slide|p1a: Archaludon|[spread] p1a\n|-activate|p1b: Hydreigon|move: Protect\n|-resisted|p1a: Archaludon|1\n|-damage|p1a: Archaludon|0 fnt\n|faint|p1a: Archaludon\n|\n|-weather|RainDance|[upkeep]\n|-sideend|p2: Poyo_poyini|move: Tailwind\n|upkeep\n|turn|9\n|\n|t:|1776614987\n|move|p1b: Hydreigon|Draco Meteor|p2a: Tyranitar\n|-damage|p2a: Tyranitar|32/100\n|-unboost|p1b: Hydreigon|spa|2\n|move|p2b: Tinkaton|Play Rough|p1b: Hydreigon\n|-supereffective|p1b: Hydreigon|2\n|-crit|p1b: Hydreigon\n|-damage|p1b: Hydreigon|0 fnt\n|faint|p1b: Hydreigon\n|\n|win|Poyo_poyini\n|c|\u2606SakikoPlushie|gg\n|c|\u2606Poyo_poyini|Ggs\n",
  "uploadtime": 1776614674,
  "views": 6,
  "formatid": "gen9championsvgc2026regma",
  "rating": null,
  "private": 0,
  "password": null
}