{
  "id": "gen9championsvgc2026regma-2583898591",
  "format": "[Gen 9 Champions] VGC 2026 Reg M-A",
  "players": [
    "TheRealMyan",
    "Siff22"
  ],
  "log": "|j|\u2606TheRealMyan\n|j|\u2606Siff22\n|t:|1776206524\n|gametype|doubles\n|player|p1|TheRealMyan|miku-grass|1040\n|player|p2|Siff22|hilbert|1031\n|gen|9\n|tier|[Gen 9 Champions] VGC 2026 Reg M-A\n|rated|\n|rule|Species Clause: Limit one of each Pok\u00e9mon\n|rule|Item Clause: Limit 1 of each item\n|clearpoke\n|poke|p1|Pelipper, L50, F|\n|poke|p1|Basculegion, L50, M|\n|poke|p1|Sneasler, L50, F|\n|poke|p1|Incineroar, L50, F|\n|poke|p1|Meganium, L50, M|\n|poke|p1|Archaludon, L50, M|\n|poke|p2|Charizard, L50, M|\n|poke|p2|Whimsicott, L50, F|\n|poke|p2|Incineroar, L50, M|\n|poke|p2|Meowscarada, L50, F|\n|poke|p2|Garchomp, L50, M|\n|poke|p2|Sneasler, L50, F|\n|teampreview|4\nTheRealMyan has agreed to open team sheets.\n|\n|t:|1776206581\n|teamsize|p1|4\n|teamsize|p2|4\n|start\n|switch|p1a: Meganium|Meganium, L50, M|100/100\n|switch|p1b: Incineroar|Incineroar, L50, F, shiny|100/100\n|switch|p2a: Incineroar|Incineroar, L50, M|100/100\n|switch|p2b: Whimsicott|Whimsicott, L50, F|100/100\n|-ability|p1b: Incineroar|Intimidate|boost\n|-unboost|p2a: Incineroar|atk|1\n|-unboost|p2b: Whimsicott|atk|1\n|-ability|p2a: Incineroar|Intimidate|boost\n|-unboost|p1a: Meganium|atk|1\n|-unboost|p1b: Incineroar|atk|1\n|turn|1\n|\n|t:|1776206607\n|move|p2b: Whimsicott|Protect|p2b: Whimsicott\n|-singleturn|p2b: Whimsicott|Protect\n|move|p1a: Meganium|Protect|p1a: Meganium\n|-singleturn|p1a: Meganium|Protect\n|move|p1b: Incineroar|Fake Out|p2b: Whimsicott\n|-activate|p2b: Whimsicott|move: Protect\n|move|p2a: Incineroar|Flare Blitz|p1a: Meganium\n|-activate|p1a: Meganium|move: Protect\n|\n|upkeep\n|turn|2\n|\n|t:|1776206641\n|switch|p1a: Pelipper|Pelipper, L50, F|100/100\n|-weather|RainDance|[from] ability: Drizzle|[of] p1a: Pelipper\n|move|p2b: Whimsicott|Tailwind|p2b: Whimsicott\n|-sidestart|p2: Siff22|move: Tailwind\n|move|p2a: Incineroar|Parting Shot|p1a: Pelipper\n|-unboost|p1a: Pelipper|atk|1\n|-unboost|p1a: Pelipper|spa|1\n|\n|t:|1776206661\n|switch|p2a: Charizard|Charizard, L50, M, shiny|100/100|[from] Parting Shot\n|move|p1b: Incineroar|Flare Blitz|p2b: Whimsicott\n|-supereffective|p2b: Whimsicott|1\n|-damage|p2b: Whimsicott|68/100\n|-damage|p1b: Incineroar|91/100|[from] Recoil\n|\n|-weather|RainDance|[upkeep]\n|-heal|p2b: Whimsicott|74/100|[from] item: Leftovers\n|upkeep\n|turn|3\n|\n|t:|1776206733\n|detailschange|p2a: Charizard|Charizard-Mega-Y, L50, M, shiny\n|-mega|p2a: Charizard|Charizard|Charizardite Y\n|-weather|SunnyDay|[from] ability: Drought|[of] p2a: Charizard\n|move|p2b: Whimsicott|Protect|p2b: Whimsicott\n|-singleturn|p2b: Whimsicott|Protect\n|move|p1a: Pelipper|Protect|p1a: Pelipper\n|-singleturn|p1a: Pelipper|Protect\n|move|p2a: Charizard|Weather Ball|p1a: Pelipper\n|-activate|p1a: Pelipper|move: Protect\n|move|p1b: Incineroar|Flare Blitz|p2b: Whimsicott\n|-activate|p2b: Whimsicott|move: Protect\n|\n|-weather|SunnyDay|[upkeep]\n|-heal|p2b: Whimsicott|80/100|[from] item: Leftovers\n|upkeep\n|turn|4\n|\n|t:|1776206801\n|switch|p2b: Incineroar|Incineroar, L50, M|100/100\n|-ability|p2b: Incineroar|Intimidate|boost\n|-unboost|p1a: Pelipper|atk|1\n|-unboost|p1b: Incineroar|atk|1\n|switch|p1b: Sneasler|Sneasler, L50, F, shiny|100/100\n|move|p2a: Charizard|Protect|p2a: Charizard\n|-singleturn|p2a: Charizard|Protect\n|move|p1a: Pelipper|Weather Ball|p2b: Incineroar\n|-resisted|p2b: Incineroar|1\n|-damage|p2b: Incineroar|90/100\n|\n|-weather|SunnyDay|[upkeep]\n|upkeep\n|turn|5\n|\n|t:|1776206840\n|move|p1b: Sneasler|Fake Out|p2a: Charizard\n|-damage|p2a: Charizard|81/100\n|move|p2b: Incineroar|Fake Out|p1b: Sneasler\n|-damage|p1b: Sneasler|81/100\n|cant|p2a: Charizard|flinch\n|move|p1a: Pelipper|Tailwind|p1a: Pelipper\n|-sidestart|p1: TheRealMyan|move: Tailwind\n|\n|-weather|SunnyDay|[upkeep]\n|-sideend|p2: Siff22|move: Tailwind\n|upkeep\n|turn|6\n|\n|t:|1776206874\n|switch|p1a: Incineroar|Incineroar, L50, F, shiny|91/100\n|-ability|p1a: Incineroar|Intimidate|boost\n|-unboost|p2a: Charizard|atk|1\n|-unboost|p2b: Incineroar|atk|1\n|switch|p2b: Whimsicott|Whimsicott, L50, F|80/100\n|move|p1b: Sneasler|Close Combat|p2b: Whimsicott\n|-resisted|p2b: Whimsicott|1\n|-crit|p2b: Whimsicott\n|-damage|p2b: Whimsicott|29/100\n|-unboost|p1b: Sneasler|def|1\n|-unboost|p1b: Sneasler|spd|1\n|-enditem|p1b: Sneasler|White Herb\n|-clearnegativeboost|p1b: Sneasler|[silent]\n|move|p2a: Charizard|Weather Ball|p1b: Sneasler\n|-damage|p1b: Sneasler|0 fnt\n|faint|p1b: Sneasler\n|\n|-weather|SunnyDay|[upkeep]\n|-heal|p2b: Whimsicott|35/100|[from] item: Leftovers\n|upkeep\n|\n|t:|1776206898\n|switch|p1b: Meganium|Meganium, L50, M|100/100\n|turn|7\n|\n|t:|1776206933\n|move|p2b: Whimsicott|Protect|p2b: Whimsicott\n|-singleturn|p2b: Whimsicott|Protect\n|move|p1b: Meganium|Protect|p1b: Meganium\n|-singleturn|p1b: Meganium|Protect\n|move|p1a: Incineroar|Fake Out|p2b: Whimsicott\n|-activate|p2b: Whimsicott|move: Protect\n|move|p2a: Charizard|Weather Ball|p1b: Meganium\n|-activate|p1b: Meganium|move: Protect\n|\n|-weather|none\n|-heal|p2b: Whimsicott|41/100|[from] item: Leftovers\n|upkeep\n|turn|8\n|\n|t:|1776206978\n|switch|p1b: Pelipper|Pelipper, L50, F|100/100\n|-weather|RainDance|[from] ability: Drizzle|[of] p1b: Pelipper\n|switch|p2b: Sneasler|Sneasler, L50, F|100/100\n|move|p2a: Charizard|Protect|p2a: Charizard\n|-singleturn|p2a: Charizard|Protect\n|move|p1a: Incineroar|Parting Shot|p2b: Sneasler\n|-unboost|p2b: Sneasler|atk|1\n|-unboost|p2b: Sneasler|spa|1\n|\n|t:|1776206990\n|switch|p1a: Meganium|Meganium, L50, M|100/100|[from] Parting Shot\n|-enditem|p2b: Sneasler|White Herb\n|-clearnegativeboost|p2b: Sneasler|[silent]\n|\n|-weather|RainDance|[upkeep]\n|-sideend|p1: TheRealMyan|move: Tailwind\n|upkeep\n|turn|9\n|\n|t:|1776207025\n|switch|p2a: Whimsicott|Whimsicott, L50, F|41/100\n|detailschange|p1a: Meganium|Meganium-Mega, L50, M\n|-mega|p1a: Meganium|Meganium|Meganiumite\n|move|p2b: Sneasler|Fake Out|p1b: Pelipper\n|-damage|p1b: Pelipper|81/100\n|move|p1a: Meganium|Dazzling Gleam|p2a: Whimsicott|[spread] p2a,p2b\n|-damage|p2a: Whimsicott|14/100\n|-damage|p2b: Sneasler|62/100\n|cant|p1b: Pelipper|flinch\n|\n|-weather|RainDance|[upkeep]\n|-heal|p2a: Whimsicott|20/100|[from] item: Leftovers\n|upkeep\n|turn|10\n|\n|t:|1776207084\n|move|p1a: Meganium|Protect|p1a: Meganium\n|-singleturn|p1a: Meganium|Protect\n|move|p2a: Whimsicott|Tailwind|p2a: Whimsicott\n|-sidestart|p2: Siff22|move: Tailwind\n|move|p2b: Sneasler|Dire Claw|p1a: Meganium\n|-activate|p1a: Meganium|move: Protect\n|move|p1b: Pelipper|Tailwind|p1b: Pelipper\n|-sidestart|p1: TheRealMyan|move: Tailwind\n|\n|-weather|RainDance|[upkeep]\n|-heal|p2a: Whimsicott|26/100|[from] item: Leftovers\n|upkeep\n|turn|11\n|\n|t:|1776207132\n|switch|p1a: Incineroar|Incineroar, L50, F, shiny|91/100\n|-ability|p1a: Incineroar|Intimidate|boost\n|-unboost|p2a: Whimsicott|atk|1\n|-unboost|p2b: Sneasler|atk|1\n|switch|p2a: Charizard|Charizard-Mega-Y, L50, M, shiny|81/100\n|-weather|SunnyDay|[from] ability: Drought|[of] p2a: Charizard\n|move|p2b: Sneasler|Dire Claw|p1a: Incineroar\n|-damage|p1a: Incineroar|69/100\n|-status|p1a: Incineroar|psn|[from] ability: Poison Touch|[of] p2b: Sneasler\n|-enditem|p1a: Incineroar|Lum Berry|[eat]\n|-curestatus|p1a: Incineroar|psn|[msg]\n|move|p1b: Pelipper|Hurricane|p2b: Sneasler\n|-supereffective|p2b: Sneasler|1\n|-damage|p2b: Sneasler|0 fnt\n|faint|p2b: Sneasler\n|\n|-weather|SunnyDay|[upkeep]\n|upkeep\n|\n|t:|1776207153\n|switch|p2b: Incineroar|Incineroar, L50, M|90/100\n|-ability|p2b: Incineroar|Intimidate|boost\n|-unboost|p1a: Incineroar|atk|1\n|-unboost|p1b: Pelipper|atk|1\n|turn|12\n|\n|t:|1776207196\n|switch|p1b: Meganium|Meganium-Mega, L50, M|100/100\n|move|p1a: Incineroar|Fake Out|p2a: Charizard\n|-damage|p2a: Charizard|69/100\n|move|p2b: Incineroar|Fake Out|p1a: Incineroar\n|-damage|p1a: Incineroar|59/100\n|cant|p2a: Charizard|flinch\n|\n|-weather|SunnyDay|[upkeep]\n|upkeep\n|turn|13\n|\n|t:|1776207230\n|move|p2a: Charizard|Weather Ball|p1b: Meganium\n|-supereffective|p1b: Meganium|1\n|-damage|p1b: Meganium|0 fnt\n|faint|p1b: Meganium\n|move|p1a: Incineroar|Darkest Lariat|p2a: Charizard\n|-crit|p2a: Charizard\n|-damage|p2a: Charizard|0 fnt\n|faint|p2a: Charizard\n|move|p2b: Incineroar|Flare Blitz|p1a: Incineroar\n|-resisted|p1a: Incineroar|1\n|-damage|p1a: Incineroar|23/100\n|-damage|p2b: Incineroar|78/100|[from] Recoil\n|\n|-weather|SunnyDay|[upkeep]\n|-sideend|p2: Siff22|move: Tailwind\n|-sideend|p1: TheRealMyan|move: Tailwind\n|upkeep\n|\n|t:|1776207240\n|switch|p2a: Whimsicott|Whimsicott, L50, F|26/100\n|switch|p1b: Pelipper|Pelipper, L50, F|81/100\n|-weather|RainDance|[from] ability: Drizzle|[of] p1b: Pelipper\n|turn|14\n|\n|t:|1776207260\n|move|p2a: Whimsicott|Tailwind|p2a: Whimsicott\n|-sidestart|p2: Siff22|move: Tailwind\n|move|p2b: Incineroar|Darkest Lariat|p1a: Incineroar\n|-resisted|p1a: Incineroar|1\n|-damage|p1a: Incineroar|8/100\n|move|p1b: Pelipper|Weather Ball|p2b: Incineroar\n|-supereffective|p2b: Incineroar|1\n|-damage|p2b: Incineroar|0 fnt\n|faint|p2b: Incineroar\n|move|p1a: Incineroar|Flare Blitz|p2a: Whimsicott\n|-supereffective|p2a: Whimsicott|1\n|-damage|p2a: Whimsicott|0 fnt\n|faint|p2a: Whimsicott\n|-damage|p1a: Incineroar|1/100|[from] Recoil\n|\n|win|TheRealMyan\n|raw|TheRealMyan's rating: 1040 &rarr; <strong>1073</strong><br />(+33 for winning)\n|raw|Siff22's rating: 1031 &rarr; <strong>1017</strong><br />(-14 for losing)\n|l|\u2606Siff22\n|player|p2|\n",
  "uploadtime": 1776207277,
  "views": 19,
  "formatid": "gen9championsvgc2026regma",
  "rating": 1017,
  "private": 0,
  "password": null
}