{
  "id": "gen9championsvgc2026regma-2583817148",
  "format": "[Gen 9 Champions] VGC 2026 Reg M-A",
  "players": [
    "Disfrazdetigre",
    "Viijohnny07"
  ],
  "log": "|j|\u2606Disfrazdetigre\n|j|\u2606Viijohnny07\n|t:|1776199998\n|gametype|doubles\n|player|p1|Disfrazdetigre|170|1157\n|player|p2|Viijohnny07|1|1169\n|gen|9\n|tier|[Gen 9 Champions] VGC 2026 Reg M-A\n|rated|\n|rule|Species Clause: Limit one of each Pok\u00e9mon\n|rule|Item Clause: Limit 1 of each item\n|clearpoke\n|poke|p1|Sableye, L50, M|\n|poke|p1|Sinistcha, L50|\n|poke|p1|Medicham, L50, F|\n|poke|p1|Vanilluxe, L50, F|\n|poke|p1|Blastoise, L50, F|\n|poke|p1|Kingambit, L50, M|\n|poke|p2|Ampharos, L50, M|\n|poke|p2|Politoed, L50, M|\n|poke|p2|Tinkaton, L50, F|\n|poke|p2|Machamp, L50, F|\n|poke|p2|Incineroar, L50, M|\n|poke|p2|Farigiraf, L50, M|\n|teampreview|4\n|inactive|Battle timer is ON: inactive players will automatically lose when time's up. (requested by Viijohnny07)\n|inactive|Disfrazdetigre has 60 seconds left.\n|\n|t:|1776200040\n|teamsize|p1|4\n|teamsize|p2|4\n|start\n|switch|p1a: Kingambit|Kingambit, L50, M|100/100\n|switch|p1b: Medicham|Medicham, L50, F|100/100\n|switch|p2a: Farigiraf|Farigiraf, L50, M|100/100\n|switch|p2b: Machamp|Machamp, L50, F|100/100\n|turn|1\n|inactive|Viijohnny07 has 30 seconds left.\n|inactive|Viijohnny07 has 20 seconds left.\n|\n|t:|1776200077\n|detailschange|p1b: Medicham|Medicham-Mega, L50, F\n|-mega|p1b: Medicham|Medicham|Medichamite\n|move|p2a: Farigiraf|Protect|p2a: Farigiraf\n|-singleturn|p2a: Farigiraf|Protect\n|move|p1b: Medicham|Close Combat|p2a: Farigiraf\n|-activate|p2a: Farigiraf|move: Protect\n|move|p1a: Kingambit|Kowtow Cleave|p2a: Farigiraf\n|-activate|p2a: Farigiraf|move: Protect\n|move|p2b: Machamp|Cross Chop|p1a: Kingambit\n|-supereffective|p1a: Kingambit|2\n|-crit|p1a: Kingambit\n|-damage|p1a: Kingambit|0 fnt\n|faint|p1a: Kingambit\n|\n|upkeep\n|\n|t:|1776200086\n|switch|p1a: Blastoise|Blastoise, L50, F|100/100\n|turn|2\n|\n|t:|1776200091\n|switch|p2b: Incineroar|Incineroar, L50, M|100/100\n|-ability|p2b: Incineroar|Intimidate|boost\n|-unboost|p1a: Blastoise|atk|1\n|-unboost|p1b: Medicham|atk|1\n|-enditem|p1a: Blastoise|White Herb\n|-clearnegativeboost|p1a: Blastoise|[silent]\n|move|p1b: Medicham|Close Combat|p2a: Farigiraf\n|-damage|p2a: Farigiraf|38/100\n|-unboost|p1b: Medicham|def|1\n|-unboost|p1b: Medicham|spd|1\n|move|p1a: Blastoise|Water Spout|p2a: Farigiraf|[spread] p2a,p2b\n|-supereffective|p2b: Incineroar|1\n|-damage|p2a: Farigiraf|0 fnt\n|-damage|p2b: Incineroar|0 fnt\n|faint|p2a: Farigiraf\n|faint|p2b: Incineroar\n|\n|upkeep\n|\n|t:|1776200096\n|switch|p2b: Machamp|Machamp, L50, F|100/100\n|switch|p2a: Ampharos|Ampharos, L50, M|100/100\n|turn|3\n|inactive|Disfrazdetigre has 30 seconds left.\n|\n|t:|1776200122\n|detailschange|p2a: Ampharos|Ampharos-Mega, L50, M\n|-mega|p2a: Ampharos|Ampharos|Ampharosite\n|-ability|p2a: Ampharos|Mold Breaker\n|move|p2b: Machamp|Detect|p2b: Machamp\n|-singleturn|p2b: Machamp|Protect\n|move|p1b: Medicham|Close Combat|p2a: Ampharos\n|-damage|p2a: Ampharos|33/100\n|-unboost|p1b: Medicham|def|1\n|-unboost|p1b: Medicham|spd|1\n|move|p1a: Blastoise|Water Spout|p2a: Ampharos|[spread] p2a\n|-activate|p2b: Machamp|move: Protect\n|-resisted|p2a: Ampharos|1\n|-damage|p2a: Ampharos|14/100\n|move|p2a: Ampharos|Dazzling Gleam|p1b: Medicham|[spread] p1a,p1b\n|-supereffective|p1b: Medicham|1\n|-damage|p1a: Blastoise|69/100\n|-damage|p1b: Medicham|0 fnt\n|faint|p1b: Medicham\n|\n|upkeep\n|\n|t:|1776200131\n|switch|p1b: Sinistcha|Sinistcha, L50|100/100\n|-heal|p1a: Blastoise|94/100|[from] ability: Hospitality|[of] p1b: Sinistcha\n|turn|4\n|\n|t:|1776200143\n|move|p2a: Ampharos|Protect|p2a: Ampharos\n|-singleturn|p2a: Ampharos|Protect\n|move|p1b: Sinistcha|Rage Powder|p1b: Sinistcha\n|-singleturn|p1b: Sinistcha|move: Rage Powder\n|move|p1a: Blastoise|Water Spout|p2b: Machamp|[spread] p2b\n|-activate|p2a: Ampharos|move: Protect\n|-damage|p2b: Machamp|50/100\n|move|p2b: Machamp|Cross Chop|p1b: Sinistcha\n|-immune|p1b: Sinistcha\n|\n|upkeep\n|turn|5\n|-message|Viijohnny07 forfeited.\n|\n|win|Disfrazdetigre\n|raw|Disfrazdetigre's rating: 1157 &rarr; <strong>1183</strong><br />(+26 for winning)\n|raw|Viijohnny07's rating: 1169 &rarr; <strong>1143</strong><br />(-26 for losing)\n|l|\u2606Viijohnny07\n|player|p2|\n",
  "uploadtime": 1776200158,
  "views": 17,
  "formatid": "gen9championsvgc2026regma",
  "rating": 1143,
  "private": 0,
  "password": null
}