{
  "id": "gen9championsvgc2026regma-2582710868",
  "format": "[Gen 9 Champions] VGC 2026 Reg M-A",
  "players": [
    "Yoru No Kurage",
    "swirlingroses"
  ],
  "log": "|j|\u2606Yoru No Kurage\n|j|\u2606swirlingroses\n|html|<table width=\"100%\"><tr><td align=\"left\">Yoru No Kurage</td><td align=\"right\">swirlingroses</tr><tr><td align=\"left\"><i class=\"fa fa-circle-o\"></i> <i class=\"fa fa-circle-o\"></i> </td><td align=\"right\"><i class=\"fa fa-circle-o\"></i> <i class=\"fa fa-circle\"></i> </tr></table>\n|uhtml|bestof|<h2><strong>Game 2</strong> of <a href=\"/game-bestof3-gen9championsvgc2026regma-2582706953\">a best-of-3</a></h2>\n|t:|1776108865\n|gametype|doubles\n|player|p1|Yoru No Kurage|yancy|\n|player|p2|swirlingroses|lisia|\n|gen|9\n|tier|[Gen 9 Champions] VGC 2026 Reg M-A\n|rated|Tournament battle\n|rule|Species Clause: Limit one of each Pok\u00e9mon\n|rule|Item Clause: Limit 1 of each item\n|raw|<div class=\"infobox\"><details class=\"readmore\" open><summary><strong>2 custom rules:</strong></summary> Force Open Team Sheets, Best of = 3</details></div>\n|clearpoke\n|poke|p1|Kingambit, L50, M|\n|poke|p1|Sneasler, L50, M|\n|poke|p1|Charizard, L50, F|\n|poke|p1|Floette-Eternal, L50, F|\n|poke|p1|Garchomp, L50, M|\n|poke|p1|Aerodactyl, L50, M|\n|poke|p2|Floette-Eternal, L50, F|\n|poke|p2|Incineroar, L50, M|\n|poke|p2|Sneasler, L50, M|\n|poke|p2|Sinistcha-Masterpiece, L50|\n|poke|p2|Espeon, L50, M|\n|poke|p2|Garchomp, L50, M|\n|teampreview|4\n|showteam|p1|Kingambit||ChopleBerry|Defiant|KowtowCleave,SuckerPunch,IronHead,Protect|||M|||50|]Sneasler||WhiteHerb|Unburden|DireClaw,FakeOut,CloseCombat,Protect|||M|||50|]Charizard||CharizarditeY|Blaze|HeatWave,Protect,SolarBeam,WeatherBall|||F|||50|]Floette-Eternal||Floettite|FlowerVeil|Moonblast,DazzlingGleam,Substitute,Protect|||F|||50|]Garchomp||ChoiceScarf|RoughSkin|DragonClaw,Earthquake,RockSlide,StompingTantrum|||M|||50|]Aerodactyl||FocusSash|Unnerve|RockSlide,Tailwind,Taunt,Protect|||M|||50|\n|showteam|p2|Floette-Eternal||Floettite|FlowerVeil|CalmMind,Moonblast,DazzlingGleam,Protect|||F|||50|]Incineroar||Leftovers|Intimidate|FakeOut,FlareBlitz,Roar,PartingShot|||M|||50|]Sneasler||WhiteHerb|Unburden|FakeOut,CloseCombat,DireClaw,Protect|||M|||50|]Sinistcha-Masterpiece||SitrusBerry|Hospitality|RagePowder,TrickRoom,LifeDew,MatchaGotcha||||||50|]Espeon||ChoiceScarf|MagicBounce|Psychic,PowerGem,Trick,WeatherBall|||M|||50|]Garchomp||LumBerry|RoughSkin|StealthRock,DragonTail,Earthquake,Protect|||M|||50|\n|j| WhyMeDaddy\n|j| mysticmarshtomp\n|j| TG511\n|j| ido1234567890\n|l| ido1234567890\n|j| Luigi Magnezone\n|l| Luigi Magnezone\nYoru No Kurage rejected open team sheets.\n|inactive|Battle timer is ON: inactive players will automatically lose when time's up. (requested by Yoru No Kurage)\n|\n|t:|1776108922\n|teamsize|p1|4\n|teamsize|p2|4\n|start\n|switch|p1a: Floette|Floette-Eternal, L50, F|100/100\n|switch|p1b: Aerodactyl|Aerodactyl, L50, M|100/100\n|switch|p2a: Incineroar|Incineroar, L50, M|100/100\n|switch|p2b: Espeon|Espeon, L50, M|100/100\n|-ability|p1b: Aerodactyl|Unnerve\n|-ability|p2a: Incineroar|Intimidate|boost\n|-unboost|p1a: Floette|atk|1\n|-unboost|p1b: Aerodactyl|atk|1\n|turn|1\n|inactive|swirlingroses has 30 seconds left.\n|\n|t:|1776108951\n|switch|p2b: Sneasler|Sneasler, L50, M|100/100\n|switch|p2a: Floette|Floette-Eternal, L50, F|100/100\n|move|p1b: Aerodactyl|Protect|p1b: Aerodactyl\n|-singleturn|p1b: Aerodactyl|Protect\n|move|p1a: Floette|Protect||[still]\n|-fail|p1a: Floette\n|\n|upkeep\n|turn|2\n|inactive|swirlingroses has 30 seconds left.\n|\n|t:|1776108985\n|detailschange|p1a: Floette|Floette-Mega, L50, F\n|-mega|p1a: Floette|Floette|Floettite\n|-ability|p1a: Floette|Fairy Aura\n|detailschange|p2a: Floette|Floette-Mega, L50, F\n|-mega|p2a: Floette|Floette|Floettite\n|-ability|p2a: Floette|Fairy Aura\n|move|p2b: Sneasler|Fake Out|p1b: Aerodactyl\n|-resisted|p1b: Aerodactyl|1\n|-damage|p1b: Aerodactyl|88/100\n|cant|p1b: Aerodactyl|flinch\n|move|p1a: Floette|Moonblast|p2b: Sneasler\n|-damage|p2b: Sneasler|7/100\n|move|p2a: Floette|Moonblast|p1b: Aerodactyl\n|-damage|p1b: Aerodactyl|0 fnt\n|faint|p1b: Aerodactyl\n|\n|upkeep\n|\n|t:|1776109000\n|switch|p1b: Bisbix|Sneasler, L50, M|100/100\n|turn|3\n|\n|t:|1776109023\n|switch|p2b: Espeon|Espeon, L50, M|100/100\n|move|p1b: Bisbix|Close Combat|p2b: Espeon\n|-resisted|p2b: Espeon|1\n|-damage|p2b: Espeon|33/100\n|-unboost|p1b: Bisbix|def|1\n|-unboost|p1b: Bisbix|spd|1\n|-enditem|p1b: Bisbix|White Herb\n|-clearnegativeboost|p1b: Bisbix|[silent]\n|move|p1a: Floette|Substitute|p1a: Floette\n|-start|p1a: Floette|Substitute\n|-damage|p1a: Floette|76/100\n|move|p2a: Floette|Moonblast|p1b: Bisbix\n|-damage|p1b: Bisbix|0 fnt\n|faint|p1b: Bisbix\n|\n|upkeep\n|\n|t:|1776109036\n|switch|p1b: Kinguti|Kingambit, L50, M|100/100\n|turn|4\n|\n|t:|1776109055\n|move|p1a: Floette|Protect|p1a: Floette\n|-singleturn|p1a: Floette|Protect\n|move|p2a: Floette|Protect|p2a: Floette\n|-singleturn|p2a: Floette|Protect\n|move|p2b: Espeon|Trick|p1b: Kinguti\n|-activate|p2b: Espeon|move: Trick|[of] p1b: Kinguti\n|-item|p1b: Kinguti|Choice Scarf|[from] move: Trick\n|-item|p2b: Espeon|Chople Berry|[from] move: Trick\n|move|p1b: Kinguti|Iron Head|p2a: Floette\n|-activate|p2a: Floette|move: Protect\n|\n|upkeep\n|turn|5\n|inactive|swirlingroses has 30 seconds left.\n|\n|t:|1776109087\n|switch|p2a: Incineroar|Incineroar, L50, M|100/100\n|-ability|p2a: Incineroar|Intimidate|boost\n|-immune|p1a: Floette\n|-unboost|p1b: Kinguti|atk|1\n|-ability|p1b: Kinguti|Defiant|boost\n|-boost|p1b: Kinguti|atk|2\n|move|p2b: Espeon|Psychic|p1a: Floette\n|-crit|p1a: Floette\n|-end|p1a: Floette|Substitute\n|move|p1a: Floette|Substitute|p1a: Floette\n|-start|p1a: Floette|Substitute\n|-damage|p1a: Floette|51/100\n|move|p1b: Kinguti|Iron Head|p2b: Espeon\n|-damage|p2b: Espeon|0 fnt\n|faint|p2b: Espeon\n|\n|upkeep\n|\n|t:|1776109092\n|switch|p2b: Sneasler|Sneasler, L50, M|7/100\n|turn|6\n|\n|t:|1776109107\n|move|p2b: Sneasler|Close Combat|p1b: Kinguti\n|-supereffective|p1b: Kinguti|2\n|-damage|p1b: Kinguti|0 fnt\n|-unboost|p2b: Sneasler|def|1\n|-unboost|p2b: Sneasler|spd|1\n|faint|p1b: Kinguti\n|-enditem|p2b: Sneasler|White Herb\n|-clearnegativeboost|p2b: Sneasler|[silent]\n|move|p1a: Floette|Dazzling Gleam|p2a: Incineroar|[spread] p2a,p2b\n|-damage|p2a: Incineroar|63/100\n|-damage|p2b: Sneasler|0 fnt\n|faint|p2b: Sneasler\n|move|p2a: Incineroar|Parting Shot|p1a: Floette\n|-unboost|p1a: Floette|atk|1\n|-unboost|p1a: Floette|spa|1\n|\n|t:|1776109110\n|switch|p2a: Floette|Floette-Mega, L50, F|100/100|[from] Parting Shot\n|-ability|p2a: Floette|Fairy Aura\n|\n|upkeep\n|\n|t:|1776109112\n|switch|p2b: Incineroar|Incineroar, L50, M|63/100\n|-ability|p2b: Incineroar|Intimidate|boost\n|-immune|p1a: Floette\n|turn|7\n|\n|t:|1776109118\n|move|p1a: Floette|Moonblast|p2a: Floette\n|-damage|p2a: Floette|66/100\n|move|p2a: Floette|Moonblast|p1a: Floette\n|-end|p1a: Floette|Substitute\n|move|p2b: Incineroar|Flare Blitz|p1a: Floette\n|-damage|p1a: Floette|0 fnt\n|faint|p1a: Floette\n|-damage|p2b: Incineroar|50/100|[from] Recoil\n|\n|win|swirlingroses\n",
  "uploadtime": 1776109125,
  "views": 11,
  "formatid": "gen9championsvgc2026regma",
  "rating": null,
  "private": 0,
  "password": null
}