{
  "id": "gen9championsvgc2026regma-2589571716",
  "format": "[Gen 9 Champions] VGC 2026 Reg M-A",
  "players": [
    "CtrlAltDelicious1",
    "autiorez"
  ],
  "log": "|j|\u2606CtrlAltDelicious1\n|j|\u2606autiorez\n|t:|1776735242\n|gametype|doubles\n|player|p1|CtrlAltDelicious1|lady|1210\n|player|p2|autiorez|youngn|1194\n|gen|9\n|tier|[Gen 9 Champions] VGC 2026 Reg M-A\n|rated|\n|rule|Species Clause: Limit one of each Pok\u00e9mon\n|rule|Item Clause: Limit 1 of each item\n|clearpoke\n|poke|p1|Aerodactyl, L50, M|\n|poke|p1|Garchomp, L50, F|\n|poke|p1|Tsareena, L50, F, shiny|\n|poke|p1|Kingambit, L50, M|\n|poke|p1|Delphox, L50, M|\n|poke|p1|Sneasler, L50, M|\n|poke|p2|Lucario, L50, M|\n|poke|p2|Dragapult, L50, M|\n|poke|p2|Kingambit, L50, F|\n|poke|p2|Starmie, L50|\n|poke|p2|Hippowdon, L50, F|\n|poke|p2|Jolteon, L50, M|\n|teampreview|4\n|inactive|Battle timer is ON: inactive players will automatically lose when time's up. (requested by autiorez)\n|inactive|autiorez has 60 seconds left.\n|inactive|autiorez has 30 seconds left.\n|inactive|autiorez has 20 seconds left.\n|\n|t:|1776735312\n|teamsize|p1|4\n|teamsize|p2|4\n|start\n|switch|p1a: Sneasler|Sneasler, L50, M|100/100\n|switch|p1b: Garchomp|Garchomp, L50, F|100/100\n|switch|p2a: Starmie|Starmie, L50|100/100\n|switch|p2b: Dragapult|Dragapult, L50, M|100/100\n|turn|1\n|inactive|CtrlAltDelicious1 has 30 seconds left.\n|inactive|autiorez has 30 seconds left.\n|inactive|autiorez has 20 seconds left.\n|inactive|autiorez has 15 seconds left.\n|inactive|autiorez has 10 seconds left.\n|inactive|autiorez has 5 seconds left.\n|\n|t:|1776735367\n|move|p2a: Starmie|Protect|p2a: Starmie\n|-singleturn|p2a: Starmie|Protect\n|move|p1a: Sneasler|Protect|p1a: Sneasler\n|-singleturn|p1a: Sneasler|Protect\n|move|p2b: Dragapult|Hydro Pump|p1a: Sneasler\n|-activate|p1a: Sneasler|move: Protect\n|move|p1b: Garchomp|Earthquake|p2a: Starmie|[spread] p2b\n|-activate|p1a: Sneasler|move: Protect\n|-activate|p2a: Starmie|move: Protect\n|-damage|p2b: Dragapult|32/100\n|\n|upkeep\n|turn|2\n|inactive|autiorez has 30 seconds left.\n|inactive|autiorez has 20 seconds left.\n|inactive|autiorez has 15 seconds left.\n|c|\u2606autiorez|bruh\n|inactive|autiorez has 10 seconds left.\n|\n|t:|1776735414\n|switch|p1a: Tsareena|Tsareena, L50, F, shiny|100/100\n|detailschange|p2a: Starmie|Starmie-Mega, L50\n|-mega|p2a: Starmie|Starmie|Starminite\n|move|p1b: Garchomp|Protect|p1b: Garchomp\n|-singleturn|p1b: Garchomp|Protect\n|move|p2b: Dragapult|Hydro Pump|p1b: Garchomp\n|-activate|p1b: Garchomp|move: Protect\n|move|p2a: Starmie|Psycho Cut|p1a: Tsareena\n|-crit|p1a: Tsareena\n|-damage|p1a: Tsareena|0 fnt\n|faint|p1a: Tsareena\n|\n|upkeep\n|c|\u2606CtrlAltDelicious1|?\n|\n|t:|1776735429\n|switch|p1a: Sneasler|Sneasler, L50, M|100/100\n|turn|3\n|inactive|autiorez has 30 seconds left.\n|c|\u2606autiorez|i didnt get to move myself\n|\n|t:|1776735461\n|move|p2a: Starmie|Protect|p2a: Starmie\n|-singleturn|p2a: Starmie|Protect\n|move|p1a: Sneasler|Fake Out|p2a: Starmie\n|-activate|p2a: Starmie|move: Protect\n|move|p2b: Dragapult|Hydro Pump|p1a: Sneasler\n|-damage|p1a: Sneasler|54/100\n|move|p1b: Garchomp|Stomping Tantrum|p2b: Dragapult\n|-damage|p2b: Dragapult|0 fnt\n|faint|p2b: Dragapult\n|\n|upkeep\n|\n|t:|1776735464\n|switch|p2b: Hippowdon|Hippowdon, L50, F|100/100\n|-weather|Sandstorm|[from] ability: Sand Stream|[of] p2b: Hippowdon\n|turn|4\n|\n|t:|1776735488\n|move|p1a: Sneasler|Protect|p1a: Sneasler\n|-singleturn|p1a: Sneasler|Protect\n|move|p2a: Starmie|Psycho Cut|p1a: Sneasler\n|-activate|p1a: Sneasler|move: Protect\n|move|p1b: Garchomp|Earthquake|p2a: Starmie|[spread] p2a,p2b\n|-activate|p1a: Sneasler|move: Protect\n|-damage|p2a: Starmie|42/100\n|-damage|p2b: Hippowdon|75/100\n|move|p2b: Hippowdon|Yawn|p1b: Garchomp\n|-start|p1b: Garchomp|move: Yawn|[of] p2b: Hippowdon\n|\n|-weather|Sandstorm|[upkeep]\n|-damage|p2a: Starmie|36/100|[from] Sandstorm\n|-damage|p1a: Sneasler|48/100|[from] Sandstorm\n|-heal|p2b: Hippowdon|81/100|[from] item: Leftovers\n|upkeep\n|turn|5\n|\n|t:|1776735506\n|move|p2a: Starmie|Psycho Cut|p1a: Sneasler\n|-supereffective|p1a: Sneasler|2\n|-damage|p1a: Sneasler|0 fnt\n|faint|p1a: Sneasler\n|move|p1b: Garchomp|Earthquake|p2a: Starmie|[spread] p2a,p2b\n|-damage|p2a: Starmie|0 fnt\n|-damage|p2b: Hippowdon|57/100\n|faint|p2a: Starmie\n|move|p2b: Hippowdon|High Horsepower|p1b: Garchomp\n|-damage|p1b: Garchomp|63/100\n|-damage|p2b: Hippowdon|45/100|[from] ability: Rough Skin|[of] p1b: Garchomp\n|\n|-weather|Sandstorm|[upkeep]\n|-heal|p2b: Hippowdon|51/100|[from] item: Leftovers\n|-end|p1b: Garchomp|move: Yawn|[silent]\n|-status|p1b: Garchomp|slp\n|upkeep\n|\n|t:|1776735518\n|switch|p2a: Kingambit|Kingambit, L50, F|100/100\n|switch|p1a: Delphox|Delphox, L50, M|100/100\n|turn|6\n|\n|t:|1776735529\n|detailschange|p1a: Delphox|Delphox-Mega, L50, M\n|-mega|p1a: Delphox|Delphox|Delphoxite\n|move|p2a: Kingambit|Sucker Punch|p1a: Delphox\n|-supereffective|p1a: Delphox|1\n|-damage|p1a: Delphox|0 fnt\n|faint|p1a: Delphox\n|cant|p1b: Garchomp|slp\n|move|p2b: Hippowdon|Yawn||[still]\n|-fail|p2b: Hippowdon\n|\n|-weather|Sandstorm|[upkeep]\n|-heal|p2b: Hippowdon|57/100|[from] item: Leftovers\n|upkeep\n|turn|7\n|\n|t:|1776735539\n|move|p2a: Kingambit|Sucker Punch|p1b: Garchomp\n|-damage|p1b: Garchomp|14/100 slp\n|-damage|p2a: Kingambit|88/100|[from] ability: Rough Skin|[of] p1b: Garchomp\n|-curestatus|p1b: Garchomp|slp|[msg]\n|move|p1b: Garchomp|Earthquake|p2a: Kingambit|[spread] p2a,p2b\n|-supereffective|p2a: Kingambit|1\n|-damage|p2a: Kingambit|2/100\n|-damage|p2b: Hippowdon|30/100\n|move|p2b: Hippowdon|High Horsepower|p1b: Garchomp\n|-damage|p1b: Garchomp|0 fnt\n|-damage|p2b: Hippowdon|18/100|[from] ability: Rough Skin|[of] p1b: Garchomp\n|faint|p1b: Garchomp\n|\n|win|autiorez\n|raw|CtrlAltDelicious1's rating: 1210 &rarr; <strong>1180</strong><br />(-30 for losing)\n|raw|autiorez's rating: 1144 &rarr; <strong>1174</strong><br />(+30 for winning)\n",
  "uploadtime": 1776735545,
  "views": 13,
  "formatid": "gen9championsvgc2026regma",
  "rating": 1174,
  "private": 0,
  "password": null
}