{
  "id": "gen9championsvgc2026regma-2581504360",
  "format": "[Gen 9 Champions] VGC 2026 Reg M-A",
  "players": [
    "AdamJ17",
    "iceman5687"
  ],
  "log": "|j|\u2606AdamJ17\n|j|\u2606iceman5687\n|t:|1776006463\n|gametype|doubles\n|player|p1|AdamJ17|volkner|1083\n|player|p2|iceman5687|266|1103\n|gen|9\n|tier|[Gen 9 Champions] VGC 2026 Reg M-A\n|rated|\n|rule|Species Clause: Limit one of each Pok\u00e9mon\n|rule|Item Clause: Limit 1 of each item\n|clearpoke\n|poke|p1|Sneasler, L50, F|\n|poke|p1|Whimsicott, L50, M|\n|poke|p1|Dragonite, L50, M|\n|poke|p1|Volcarona, L50, M|\n|poke|p1|Gengar, L50, F|\n|poke|p1|Politoed, L50, F|\n|poke|p2|Charizard, L50, M|\n|poke|p2|Torkoal, L50, M|\n|poke|p2|Farigiraf, L50, F|\n|poke|p2|Incineroar, L50, F|\n|poke|p2|Venusaur, L50, M|\n|poke|p2|Maushold-Four, L50|\n|teampreview|4\n|\n|t:|1776006491\n|teamsize|p1|4\n|teamsize|p2|4\n|start\n|switch|p1a: Sneasler|Sneasler, L50, F|100/100\n|switch|p1b: Whimsicott|Whimsicott, L50, M|100/100\n|switch|p2a: Charizard|Charizard, L50, M|100/100\n|switch|p2b: Farigiraf|Farigiraf, L50, F|100/100\n|turn|1\n|\n|t:|1776006508\n|detailschange|p2a: Charizard|Charizard-Mega-X, L50, M\n|-mega|p2a: Charizard|Charizard|Charizardite X\n|move|p1a: Sneasler|Dire Claw|p2b: Farigiraf\n|-damage|p2b: Farigiraf|60/100\n|-status|p2b: Farigiraf|par\n|move|p1b: Whimsicott|Moonblast|p2a: Charizard\n|-damage|p2a: Charizard|61/100\n|move|p2a: Charizard|Dragon Dance|p2a: Charizard\n|-boost|p2a: Charizard|atk|1\n|-boost|p2a: Charizard|spe|1\n|move|p2b: Farigiraf|Psychic|p1a: Sneasler\n|-supereffective|p1a: Sneasler|2\n|-enditem|p1a: Sneasler|Focus Sash\n|-damage|p1a: Sneasler|1/100\n|\n|upkeep\n|turn|2\n|inactive|Battle timer is ON: inactive players will automatically lose when time's up. (requested by iceman5687)\n|\n|t:|1776006531\n|move|p1b: Whimsicott|Tailwind|p1b: Whimsicott\n|-sidestart|p1: AdamJ17|move: Tailwind\n|move|p1a: Sneasler|Dire Claw|p2a: Charizard\n|-damage|p2a: Charizard|12/100\n|move|p2a: Charizard|Flare Blitz|p1b: Whimsicott\n|-supereffective|p1b: Whimsicott|1\n|-damage|p1b: Whimsicott|0 fnt\n|faint|p1b: Whimsicott\n|-damage|p2a: Charizard|0 fnt|[from] Recoil\n|faint|p2a: Charizard\n|move|p2b: Farigiraf|Sunny Day|p2b: Farigiraf\n|-weather|SunnyDay\n|\n|-weather|SunnyDay|[upkeep]\n|upkeep\n|inactive|AdamJ17 has 30 seconds left.\n|\n|t:|1776006564\n|switch|p1b: Politoed|Politoed, L50, F|100/100\n|switch|p2a: Venusaur|Venusaur, L50, M|100/100\n|-weather|RainDance|[from] ability: Drizzle|[of] p1b: Politoed\n|turn|3\n|\n|t:|1776006577\n|move|p1b: Politoed|Protect|p1b: Politoed\n|-singleturn|p1b: Politoed|Protect\n|move|p1a: Sneasler|Dire Claw|p2a: Venusaur\n|-damage|p2a: Venusaur|41/100\n|move|p2a: Venusaur|Sleep Powder|p1b: Politoed\n|-activate|p1b: Politoed|move: Protect\n|move|p2b: Farigiraf|Psychic|p1a: Sneasler\n|-supereffective|p1a: Sneasler|2\n|-damage|p1a: Sneasler|0 fnt\n|faint|p1a: Sneasler\n|\n|-weather|RainDance|[upkeep]\n|upkeep\n|\n|t:|1776006591\n|switch|p1a: Gengar|Gengar, L50, F|100/100\n|turn|4\n|\n|t:|1776006611\n|switch|p2b: Maushold|Maushold-Four, L50|100/100\n|detailschange|p1a: Gengar|Gengar-Mega, L50, F\n|-mega|p1a: Gengar|Gengar|Gengarite\n|move|p2a: Venusaur|Protect|p2a: Venusaur\n|-singleturn|p2a: Venusaur|Protect\n|move|p1a: Gengar|Sludge Bomb|p2a: Venusaur\n|-activate|p2a: Venusaur|move: Protect\n|move|p1b: Politoed|Substitute|p1b: Politoed\n|-start|p1b: Politoed|Substitute\n|-damage|p1b: Politoed|76/100\n|\n|-weather|RainDance|[upkeep]\n|upkeep\n|turn|5\n|inactive|AdamJ17 has 30 seconds left.\n|inactive|iceman5687 has 30 seconds left.\n|\n|t:|1776006641\n|move|p2b: Maushold|Follow Me|p2b: Maushold\n|-singleturn|p2b: Maushold|move: Follow Me\n|move|p1a: Gengar|Sludge Bomb|p2b: Maushold\n|-damage|p2b: Maushold|28/100\n|-status|p2b: Maushold|psn\n|move|p1b: Politoed|Muddy Water|p2a: Venusaur|[spread] p2a,p2b\n|-resisted|p2a: Venusaur|1\n|-damage|p2a: Venusaur|25/100\n|-damage|p2b: Maushold|0 fnt\n|-unboost|p2a: Venusaur|accuracy|1\n|faint|p2b: Maushold\n|move|p2a: Venusaur|Sleep Powder|p1b: Politoed|[miss]\n|-miss|p2a: Venusaur|p1b: Politoed\n|\n|-weather|RainDance|[upkeep]\n|-sideend|p1: AdamJ17|move: Tailwind\n|upkeep\n|-message|iceman5687 forfeited.\n|\n|win|AdamJ17\n|raw|AdamJ17's rating: 1083 &rarr; <strong>1112</strong><br />(+29 for winning)\n|raw|iceman5687's rating: 1103 &rarr; <strong>1077</strong><br />(-26 for losing)\n",
  "uploadtime": 1776006654,
  "views": 15,
  "formatid": "gen9championsvgc2026regma",
  "rating": 1077,
  "private": 0,
  "password": null
}