{
  "id": "gen9championsvgc2026regma-2580362252",
  "format": "[Gen 9 Champions] VGC 2026 Reg M-A",
  "players": [
    "shuangjiji20",
    "KinimaP"
  ],
  "log": "|j|\u2606shuangjiji20\n|j|\u2606KinimaP\n|t:|1775885396\n|gametype|doubles\n|player|p1|shuangjiji20|101|1000\n|player|p2|KinimaP|2|1000\n|gen|9\n|tier|[Gen 9 Champions] VGC 2026 Reg M-A\n|rated|\n|rule|Species Clause: Limit one of each Pok\u00e9mon\n|rule|Item Clause: Limit 1 of each item\n|clearpoke\n|poke|p1|Froslass, L50, F|\n|poke|p1|Sneasler, L50, M|\n|poke|p1|Glaceon, L50, M|\n|poke|p1|Talonflame, L50, M|\n|poke|p1|Milotic, L50, F|\n|poke|p1|Garchomp, L50, M|\n|poke|p2|Floette-Eternal, L50, F|\n|poke|p2|Delphox, L50, F|\n|poke|p2|Maushold-Four, L50|\n|poke|p2|Aerodactyl, L50, M|\n|poke|p2|Garchomp, L50, F|\n|poke|p2|Incineroar, L50, F|\n|teampreview|4\n|\n|t:|1775885413\n|teamsize|p1|4\n|teamsize|p2|4\n|start\n|switch|p1a: Talonflame|Talonflame, L50, M|100/100\n|switch|p1b: Garchomp|Garchomp, L50, M|100/100\n|switch|p2a: Floette|Floette-Eternal, L50, F|100/100\n|switch|p2b: Maushold|Maushold-Four, L50|100/100\n|turn|1\n|\n|t:|1775885435\n|detailschange|p2a: Floette|Floette-Mega, L50, F\n|-mega|p2a: Floette|Floette|Floettite\n|-ability|p2a: Floette|Fairy Aura\n|move|p1b: Garchomp|Protect|p1b: Garchomp\n|-singleturn|p1b: Garchomp|Protect\n|move|p2b: Maushold|Follow Me|p2b: Maushold\n|-singleturn|p2b: Maushold|move: Follow Me\n|move|p1a: Talonflame|Tailwind|p1a: Talonflame\n|-sidestart|p1: shuangjiji20|move: Tailwind\n|move|p2a: Floette|Dazzling Gleam|p1b: Garchomp|[spread] p1a\n|-activate|p1b: Garchomp|move: Protect\n|-resisted|p1a: Talonflame|1\n|-damage|p1a: Talonflame|63/100\n|\n|upkeep\n|turn|2\n|\n|t:|1775885459\n|move|p2b: Maushold|Protect|p2b: Maushold\n|-singleturn|p2b: Maushold|Protect\n|move|p2a: Floette|Protect|p2a: Floette\n|-singleturn|p2a: Floette|Protect\n|move|p1a: Talonflame|Flare Blitz|p2a: Floette\n|-activate|p2a: Floette|move: Protect\n|move|p1b: Garchomp|Earthquake|p2a: Floette|[spread] \n|-activate|p2a: Floette|move: Protect\n|-activate|p2b: Maushold|move: Protect\n|-immune|p1a: Talonflame\n|\n|upkeep\n|turn|3\n|\n|t:|1775885477\n|move|p2b: Maushold|Follow Me|p2b: Maushold\n|-singleturn|p2b: Maushold|move: Follow Me\n|move|p1a: Talonflame|Flare Blitz|p2b: Maushold\n|-damage|p2b: Maushold|45/100\n|-damage|p1a: Talonflame|42/100|[from] Recoil\n|move|p1b: Garchomp|Earthquake|p2a: Floette|[spread] p2a,p2b\n|-immune|p1a: Talonflame\n|-damage|p2a: Floette|59/100\n|-damage|p2b: Maushold|0 fnt\n|faint|p2b: Maushold\n|move|p2a: Floette|Dazzling Gleam|p1b: Garchomp|[spread] p1a,p1b\n|-resisted|p1a: Talonflame|1\n|-supereffective|p1b: Garchomp|1\n|-damage|p1a: Talonflame|3/100\n|-damage|p1b: Garchomp|0 fnt\n|faint|p1b: Garchomp\n|\n|upkeep\n|\n|t:|1775885494\n|switch|p2b: Aerodactyl|Aerodactyl, L50, M|100/100\n|switch|p1b: Froslass|Froslass, L50, F|100/100\n|-ability|p2b: Aerodactyl|Unnerve\n|turn|4\n|\n|t:|1775885508\n|detailschange|p1b: Froslass|Froslass-Mega, L50, F\n|-mega|p1b: Froslass|Froslass|Froslassite\n|-weather|Snowscape|[from] ability: Snow Warning|[of] p1b: Froslass\n|move|p2b: Aerodactyl|Protect|p2b: Aerodactyl\n|-singleturn|p2b: Aerodactyl|Protect\n|move|p2a: Floette|Protect|p2a: Floette\n|-singleturn|p2a: Floette|Protect\n|move|p1a: Talonflame|Flare Blitz|p2a: Floette\n|-activate|p2a: Floette|move: Protect\n|move|p1b: Froslass|Blizzard|p2a: Floette|[spread] \n|-activate|p2a: Floette|move: Protect\n|-activate|p2b: Aerodactyl|move: Protect\n|\n|-weather|Snowscape|[upkeep]\n|-sideend|p1: shuangjiji20|move: Tailwind\n|upkeep\n|turn|5\n|\n|t:|1775885529\n|move|p2b: Aerodactyl|Rock Slide|p1a: Talonflame|[spread] p1a,p1b\n|-supereffective|p1a: Talonflame|2\n|-supereffective|p1b: Froslass|1\n|-damage|p1a: Talonflame|0 fnt\n|-damage|p1b: Froslass|48/100\n|faint|p1a: Talonflame\n|move|p1b: Froslass|Blizzard|p2b: Aerodactyl|[spread] p2a,p2b\n|-supereffective|p2b: Aerodactyl|1\n|-damage|p2a: Floette|26/100\n|-enditem|p2b: Aerodactyl|Focus Sash\n|-damage|p2b: Aerodactyl|1/100\n|move|p2a: Floette|Dazzling Gleam|p1b: Froslass\n|-damage|p1b: Froslass|0 fnt\n|faint|p1b: Froslass\n|\n|-weather|Snowscape|[upkeep]\n|upkeep\n|\n|t:|1775885550\n|switch|p1b: Milotic|Milotic, L50, F|100/100\n|turn|6\n|\n|t:|1775885567\n|move|p2b: Aerodactyl|Rock Slide|p1b: Milotic\n|-damage|p1b: Milotic|72/100\n|move|p2a: Floette|Moonblast|p1b: Milotic\n|-damage|p1b: Milotic|15/100\n|move|p1b: Milotic|Icy Wind|p2a: Floette|[spread] p2a,p2b\n|-supereffective|p2b: Aerodactyl|1\n|-damage|p2a: Floette|18/100\n|-damage|p2b: Aerodactyl|0 fnt\n|-unboost|p2a: Floette|spe|1\n|faint|p2b: Aerodactyl\n|\n|-weather|Snowscape|[upkeep]\n|-heal|p1b: Milotic|21/100|[from] item: Leftovers\n|upkeep\n|\n|t:|1775885582\n|switch|p2b: Garchomp|Garchomp, L50, F|100/100\n|turn|7\n|\n|t:|1775885591\n|move|p2b: Garchomp|Dragon Claw|p1b: Milotic\n|-damage|p1b: Milotic|0 fnt\n|faint|p1b: Milotic\n|\n|win|KinimaP\n|raw|shuangjiji20's rating: 1000 &rarr; <strong>1000</strong><br />(+0 for losing)\n|raw|KinimaP's rating: 1000 &rarr; <strong>1040</strong><br />(+40 for winning)\n",
  "uploadtime": 1775885602,
  "views": 22,
  "formatid": "gen9championsvgc2026regma",
  "rating": 1000,
  "private": 0,
  "password": null
}