{
  "id": "gen9championsvgc2026regma-2582605649",
  "format": "[Gen 9 Champions] VGC 2026 Reg M-A",
  "players": [
    "Johten",
    "queso45"
  ],
  "log": "|j|\u2606Johten\n|j|\u2606queso45\n|t:|1776102196\n|gametype|doubles\n|player|p1|Johten|veteran|1000\n|player|p2|queso45|2|1000\n|gen|9\n|tier|[Gen 9 Champions] VGC 2026 Reg M-A\n|rated|\n|rule|Species Clause: Limit one of each Pok\u00e9mon\n|rule|Item Clause: Limit 1 of each item\n|clearpoke\n|poke|p1|Flareon, L50, F|\n|poke|p1|Hatterene, L50, F|\n|poke|p1|Incineroar, L50, F|\n|poke|p1|Noivern, L50, F|\n|poke|p1|Chesnaught, L50, M|\n|poke|p1|Rotom-Wash, L50|\n|poke|p2|Froslass, L50, F|\n|poke|p2|Abomasnow, L50, M|\n|poke|p2|Rotom-Heat, L50|\n|poke|p2|Garchomp, L50, F|\n|poke|p2|Orthworm, L50, F|\n|poke|p2|Sneasler, L50, F|\n|teampreview|4\n|inactive|Battle timer is ON: inactive players will automatically lose when time's up. (requested by Johten)\n|\n|t:|1776102224\n|teamsize|p1|4\n|teamsize|p2|4\n|start\n|switch|p1a: Incineroar|Incineroar, L50, F|100/100\n|switch|p1b: Hatterene|Hatterene, L50, F|100/100\n|switch|p2a: Garchomp|Garchomp, L50, F|100/100\n|switch|p2b: Orthworm|Orthworm, L50, F|100/100\n|-ability|p1a: Incineroar|Intimidate|boost\n|-unboost|p2a: Garchomp|atk|1\n|-unboost|p2b: Orthworm|atk|1\n|turn|1\n|\n|t:|1776102242\n|move|p1a: Incineroar|Fake Out|p2b: Orthworm\n|-resisted|p2b: Orthworm|1\n|-damage|p2b: Orthworm|98/100\n|move|p2a: Garchomp|Earthquake|p1a: Incineroar|[spread] p1a,p1b\n|-heal|p2b: Orthworm|100/100|[from] ability: Earth Eater|[of] p2a: Garchomp\n|-supereffective|p1a: Incineroar|1\n|-damage|p1a: Incineroar|54/100\n|-damage|p1b: Hatterene|69/100\n|cant|p2b: Orthworm|flinch\n|move|p1b: Hatterene|Trick Room|p1b: Hatterene\n|-fieldstart|move: Trick Room|[of] p1b: Hatterene\n|\n|-heal|p1a: Incineroar|60/100|[from] item: Leftovers\n|upkeep\n|turn|2\n|\n|t:|1776102259\n|move|p1a: Incineroar|Parting Shot|p2a: Garchomp\n|-unboost|p2a: Garchomp|atk|1\n|-unboost|p2a: Garchomp|spa|1\n|\n|t:|1776102262\n|switch|p1a: Flareon|Flareon, L50, F|100/100|[from] Parting Shot\n|move|p1b: Hatterene|Thunder Wave|p1a: Flareon\n|-status|p1a: Flareon|par\n|move|p2b: Orthworm|Rock Slide|p1b: Hatterene|[spread] p1b\n|-miss|p2b: Orthworm|p1a: Flareon\n|-damage|p1b: Hatterene|60/100\n|move|p2a: Garchomp|Earthquake|p1b: Hatterene|[spread] p1a,p1b\n|-immune|p2b: Orthworm|[from] ability: Earth Eater\n|-supereffective|p1a: Flareon|1\n|-damage|p1a: Flareon|53/100 par\n|-damage|p1b: Hatterene|38/100\n|\n|upkeep\n|turn|3\n|inactive|Johten has 30 seconds left.\n|\n|t:|1776102289\n|switch|p1b: Incineroar|Incineroar, L50, F|60/100\n|-ability|p1b: Incineroar|Intimidate|boost\n|-unboost|p2a: Garchomp|atk|1\n|-unboost|p2b: Orthworm|atk|1\n|move|p2a: Garchomp|Protect|p2a: Garchomp\n|-singleturn|p2a: Garchomp|Protect\n|move|p1a: Flareon|Flare Blitz|p2b: Orthworm\n|-supereffective|p2b: Orthworm|1\n|-damage|p2b: Orthworm|0 fnt\n|faint|p2b: Orthworm\n|-damage|p1a: Flareon|19/100 par|[from] Recoil\n|-enditem|p1a: Flareon|Sitrus Berry|[eat]\n|-heal|p1a: Flareon|44/100 par|[from] item: Sitrus Berry\n|\n|-heal|p1b: Incineroar|66/100|[from] item: Leftovers\n|upkeep\n|\n|t:|1776102309\n|switch|p2b: Abomasnow|Abomasnow, L50, M|100/100\n|-weather|Snowscape|[from] ability: Snow Warning|[of] p2b: Abomasnow\n|turn|4\n|\n|t:|1776102328\n|move|p2b: Abomasnow|Protect|p2b: Abomasnow\n|-singleturn|p2b: Abomasnow|Protect\n|move|p1b: Incineroar|Fake Out|p2a: Garchomp\n|-damage|p2a: Garchomp|92/100\n|-damage|p1b: Incineroar|54/100|[from] ability: Rough Skin|[of] p2a: Garchomp\n|move|p1a: Flareon|Flare Blitz|p2b: Abomasnow\n|-activate|p2b: Abomasnow|move: Protect\n|cant|p2a: Garchomp|flinch\n|\n|-weather|Snowscape|[upkeep]\n|-heal|p1b: Incineroar|60/100|[from] item: Leftovers\n|upkeep\n|turn|5\n|inactive|Johten has 30 seconds left.\n|\n|t:|1776102353\n|cant|p1a: Flareon|par\n|move|p1b: Incineroar|Will-O-Wisp|p2a: Garchomp\n|-status|p2a: Garchomp|brn\n|move|p2b: Abomasnow|Aurora Veil|p2b: Abomasnow\n|-sidestart|p2: queso45|move: Aurora Veil\n|move|p2a: Garchomp|Earthquake|p1b: Incineroar|[spread] p2b,p1a,p1b\n|-resisted|p2b: Abomasnow|1\n|-supereffective|p1a: Flareon|1\n|-supereffective|p1b: Incineroar|1\n|-damage|p2b: Abomasnow|98/100\n|-damage|p1a: Flareon|24/100 par\n|-damage|p1b: Incineroar|46/100\n|\n|-weather|Snowscape|[upkeep]\n|-heal|p1b: Incineroar|52/100|[from] item: Leftovers\n|-damage|p2a: Garchomp|86/100 brn|[from] brn\n|-fieldend|move: Trick Room\n|upkeep\n|turn|6\n|\n|t:|1776102377\n|move|p1a: Flareon|Detect|p1a: Flareon\n|-singleturn|p1a: Flareon|Protect\n|move|p2a: Garchomp|Earthquake|p1b: Incineroar|[spread] p2b,p1b\n|-activate|p1a: Flareon|move: Protect\n|-resisted|p2b: Abomasnow|1\n|-supereffective|p1b: Incineroar|1\n|-damage|p2b: Abomasnow|96/100\n|-damage|p1b: Incineroar|37/100\n|move|p2b: Abomasnow|Body Slam|p1a: Flareon\n|-activate|p1a: Flareon|move: Protect\n|move|p1b: Incineroar|Parting Shot|p2b: Abomasnow\n|-unboost|p2b: Abomasnow|atk|1\n|-unboost|p2b: Abomasnow|spa|1\n|\n|t:|1776102392\n|switch|p1b: Hatterene|Hatterene, L50, F|38/100|[from] Parting Shot\n|\n|-weather|Snowscape|[upkeep]\n|-damage|p2a: Garchomp|80/100 brn|[from] brn\n|upkeep\n|turn|7\n|\n|t:|1776102405\n|switch|p2a: Froslass|Froslass, L50, F|100/100\n|switch|p1a: Incineroar|Incineroar, L50, F|37/100\n|-ability|p1a: Incineroar|Intimidate|boost\n|-unboost|p2a: Froslass|atk|1\n|-unboost|p2b: Abomasnow|atk|1\n|move|p2b: Abomasnow|Protect|p2b: Abomasnow\n|-singleturn|p2b: Abomasnow|Protect\n|move|p1b: Hatterene|Trick Room|p1b: Hatterene\n|-fieldstart|move: Trick Room|[of] p1b: Hatterene\n|\n|-weather|Snowscape|[upkeep]\n|-heal|p1a: Incineroar|44/100|[from] item: Leftovers\n|upkeep\n|turn|8\n|inactive|queso45 has 30 seconds left.\n|\n|t:|1776102431\n|detailschange|p2a: Froslass|Froslass-Mega, L50, F\n|-mega|p2a: Froslass|Froslass|Froslassite\n|move|p2b: Abomasnow|Ice Hammer|p1b: Hatterene\n|-damage|p1b: Hatterene|8/100\n|-unboost|p2b: Abomasnow|spe|1\n|move|p1a: Incineroar|Parting Shot|p2a: Froslass\n|-unboost|p2a: Froslass|atk|1\n|-unboost|p2a: Froslass|spa|1\n|\n|t:|1776102440\n|switch|p1a: Flareon|Flareon, L50, F|24/100 par|[from] Parting Shot\n|move|p1b: Hatterene|Life Dew|p1b: Hatterene|[spread] p1a,p1b\n|-heal|p1a: Flareon|49/100 par\n|-heal|p1b: Hatterene|33/100\n|move|p2a: Froslass|Blizzard|p1b: Hatterene|[spread] p1a,p1b\n|-resisted|p1a: Flareon|1\n|-damage|p1a: Flareon|33/100 par\n|-damage|p1b: Hatterene|1/100\n|\n|-weather|none\n|upkeep\n|turn|9\n|\n|t:|1776102462\n|move|p2a: Froslass|Protect|p2a: Froslass\n|-singleturn|p2a: Froslass|Protect\n|move|p1a: Flareon|Flare Blitz|p2b: Abomasnow\n|-supereffective|p2b: Abomasnow|2\n|-damage|p2b: Abomasnow|0 fnt\n|faint|p2b: Abomasnow\n|-damage|p1a: Flareon|0 fnt|[from] Recoil\n|faint|p1a: Flareon\n|move|p1b: Hatterene|Life Dew|p1b: Hatterene\n|-heal|p1b: Hatterene|26/100\n|\n|-sideend|p2: queso45|move: Aurora Veil\n|upkeep\n|\n|t:|1776102474\n|switch|p2b: Garchomp|Garchomp, L50, F|80/100 brn\n|switch|p1a: Incineroar|Incineroar, L50, F|44/100\n|-ability|p1a: Incineroar|Intimidate|boost\n|-unboost|p2a: Froslass|atk|1\n|-unboost|p2b: Garchomp|atk|1\n|turn|10\n|\n|t:|1776102499\n|move|p1a: Incineroar|Parting Shot|p2a: Froslass\n|-unboost|p2a: Froslass|atk|1\n|-unboost|p2a: Froslass|spa|1\n|\n|t:|1776102502\n|switch|p1a: Rotom|Rotom-Wash, L50|100/100|[from] Parting Shot\n|move|p1b: Hatterene|Future Sight|p2b: Garchomp\n|-start|p1b: Hatterene|move: Future Sight\n|move|p2b: Garchomp|Iron Head|p1b: Hatterene\n|-supereffective|p1b: Hatterene|1\n|-damage|p1b: Hatterene|2/100\n|move|p2a: Froslass|Shadow Ball|p1b: Hatterene\n|-supereffective|p1b: Hatterene|1\n|-crit|p1b: Hatterene\n|-damage|p1b: Hatterene|0 fnt\n|faint|p1b: Hatterene\n|\n|-damage|p2b: Garchomp|74/100 brn|[from] brn\n|upkeep\n|\n|t:|1776102513\n|switch|p1b: Incineroar|Incineroar, L50, F|44/100\n|-ability|p1b: Incineroar|Intimidate|boost\n|-unboost|p2a: Froslass|atk|1\n|-unboost|p2b: Garchomp|atk|1\n|turn|11\n|\n|t:|1776102523\n|move|p2b: Garchomp|Protect|p2b: Garchomp\n|-singleturn|p2b: Garchomp|Protect\n|move|p1b: Incineroar|Snarl|p2a: Froslass|[spread] p2a\n|-activate|p2b: Garchomp|move: Protect\n|-supereffective|p2a: Froslass|1\n|-damage|p2a: Froslass|74/100\n|-unboost|p2a: Froslass|spa|1\n|move|p1a: Rotom|Thunderbolt|p2a: Froslass\n|-damage|p2a: Froslass|23/100\n|move|p2a: Froslass|Shadow Ball|p1a: Rotom\n|-damage|p1a: Rotom|75/100\n|\n|-heal|p1b: Incineroar|50/100|[from] item: Leftovers\n|-damage|p2b: Garchomp|68/100 brn|[from] brn\n|-fieldend|move: Trick Room\n|upkeep\n|turn|12\n|inactive|Johten has 30 seconds left.\n|\n|t:|1776102558\n|move|p2a: Froslass|Protect|p2a: Froslass\n|-singleturn|p2a: Froslass|Protect\n|move|p1a: Rotom|Thunderbolt|p2a: Froslass\n|-activate|p2a: Froslass|move: Protect\n|move|p2b: Garchomp|Earthquake|p1b: Incineroar|[spread] p1b\n|-activate|p2a: Froslass|move: Protect\n|-immune|p1a: Rotom|[from] ability: Levitate\n|-supereffective|p1b: Incineroar|1\n|-damage|p1b: Incineroar|32/100\n|move|p1b: Incineroar|Parting Shot|p2b: Garchomp\n|-unboost|p2b: Garchomp|atk|1\n|-unboost|p2b: Garchomp|spa|1\n|\n|-end|p2b: Garchomp|move: Future Sight\n|-damage|p2b: Garchomp|18/100 brn\n|-heal|p1b: Incineroar|39/100|[from] item: Leftovers\n|-damage|p2b: Garchomp|12/100 brn|[from] brn\n|upkeep\n|turn|13\n|\n|t:|1776102581\n|move|p2a: Froslass|Blizzard|p1b: Incineroar|[spread] p1a,p1b\n|-resisted|p1a: Rotom|1\n|-resisted|p1b: Incineroar|1\n|-crit|p1b: Incineroar\n|-damage|p1a: Rotom|61/100\n|-damage|p1b: Incineroar|11/100\n|move|p1a: Rotom|Thunderbolt|p2a: Froslass\n|-damage|p2a: Froslass|0 fnt\n|faint|p2a: Froslass\n|move|p2b: Garchomp|Dragon Claw|p1a: Rotom\n|-damage|p1a: Rotom|49/100\n|move|p1b: Incineroar|Parting Shot|p2b: Garchomp\n|-unboost|p2b: Garchomp|atk|1\n|-unboost|p2b: Garchomp|spa|1\n|\n|-heal|p1b: Incineroar|18/100|[from] item: Leftovers\n|-damage|p2b: Garchomp|6/100 brn|[from] brn\n|upkeep\n|turn|14\n|\n|t:|1776102598\n|move|p1a: Rotom|Hydro Pump|p2b: Garchomp\n|-damage|p2b: Garchomp|0 fnt\n|faint|p2b: Garchomp\n|\n|win|Johten\n|raw|Johten's rating: 1000 &rarr; <strong>1040</strong><br />(+40 for winning)\n|raw|queso45's rating: 1000 &rarr; <strong>1000</strong><br />(+0 for losing)\n",
  "uploadtime": 1776102604,
  "views": 15,
  "formatid": "gen9championsvgc2026regma",
  "rating": 1000,
  "private": 0,
  "password": null
}