{
  "id": "gen9championsvgc2026regma-2581504749",
  "format": "[Gen 9 Champions] VGC 2026 Reg M-A",
  "players": [
    "nextxenp",
    "maccapacca1234456"
  ],
  "log": "|j|\u2606nextxenp\n|j|\u2606maccapacca1234456\n|t:|1776006497\n|gametype|doubles\n|player|p1|nextxenp|skier|1004\n|player|p2|maccapacca1234456|harlequin|1031\n|gen|9\n|tier|[Gen 9 Champions] VGC 2026 Reg M-A\n|rated|\n|rule|Species Clause: Limit one of each Pok\u00e9mon\n|rule|Item Clause: Limit 1 of each item\n|clearpoke\n|poke|p1|Gengar, L50, M|\n|poke|p1|Incineroar, L50, M|\n|poke|p1|Sinistcha, L50|\n|poke|p1|Kingambit, L50, M|\n|poke|p1|Tyranitar, L50, F|\n|poke|p1|Kommo-o, L50, F|\n|poke|p2|Altaria, L50, F|\n|poke|p2|Torkoal, L50, M|\n|poke|p2|Farigiraf, L50, F|\n|poke|p2|Incineroar, L50, M|\n|poke|p2|Sneasler, L50, M|\n|poke|p2|Kingambit, L50, M|\n|teampreview|4\nnextxenp has agreed to open team sheets.\n|\n|t:|1776006542\n|teamsize|p1|4\n|teamsize|p2|4\n|start\n|switch|p1a: Kommo-o|Kommo-o, L50, F|100/100\n|switch|p1b: Incineroar|Incineroar, L50, M|100/100\n|switch|p2a: Sneasler|Sneasler, L50, M|100/100\n|switch|p2b: Incineroar|Incineroar, L50, M|100/100\n|-ability|p2b: Incineroar|Intimidate|boost\n|-unboost|p1a: Kommo-o|atk|1\n|-unboost|p1b: Incineroar|atk|1\n|-ability|p1b: Incineroar|Intimidate|boost\n|-unboost|p2a: Sneasler|atk|1\n|-unboost|p2b: Incineroar|atk|1\n|turn|1\n|\n|t:|1776006571\n|move|p2b: Incineroar|Fake Out|p1a: Kommo-o\n|-damage|p1a: Kommo-o|94/100\n|move|p1b: Incineroar|Fake Out|p2a: Sneasler\n|-damage|p2a: Sneasler|88/100\n|cant|p2a: Sneasler|flinch\n|cant|p1a: Kommo-o|flinch\n|\n|-heal|p1a: Kommo-o|99/100|[from] item: Leftovers\n|upkeep\n|turn|2\n|\n|t:|1776006594\n|move|p1a: Kommo-o|Protect|p1a: Kommo-o\n|-singleturn|p1a: Kommo-o|Protect\n|move|p2a: Sneasler|Dire Claw|p1a: Kommo-o\n|-activate|p1a: Kommo-o|move: Protect\n|move|p2b: Incineroar|Low Kick|p1b: Incineroar\n|-supereffective|p1b: Incineroar|1\n|-damage|p1b: Incineroar|74/100\n|move|p1b: Incineroar|Parting Shot|p2a: Sneasler\n|-unboost|p2a: Sneasler|atk|1\n|-unboost|p2a: Sneasler|spa|1\n|\n|t:|1776006611\n|switch|p1b: Tyranitar|Tyranitar, L50, F|100/100|[from] Parting Shot\n|-weather|Sandstorm|[from] ability: Sand Stream|[of] p1b: Tyranitar\n|\n|-weather|Sandstorm|[upkeep]\n|-damage|p2a: Sneasler|82/100|[from] Sandstorm\n|-damage|p1a: Kommo-o|94/100|[from] Sandstorm\n|-damage|p2b: Incineroar|94/100|[from] Sandstorm\n|-heal|p1a: Kommo-o|99/100|[from] item: Leftovers\n|upkeep\n|turn|3\n|\n|t:|1776006651\n|switch|p2a: Altaria|Altaria, L50, F, shiny|100/100\n|switch|p1a: Incineroar|Incineroar, L50, M|74/100\n|-ability|p1a: Incineroar|Intimidate|boost\n|-unboost|p2a: Altaria|atk|1\n|-unboost|p2b: Incineroar|atk|1\n|move|p1b: Tyranitar|Rock Slide|p2a: Altaria|[spread] p2a,p2b\n|-supereffective|p2a: Altaria|1\n|-supereffective|p2b: Incineroar|1\n|-damage|p2a: Altaria|35/100\n|-damage|p2b: Incineroar|34/100\n|move|p2b: Incineroar|Low Kick|p1b: Tyranitar\n|-supereffective|p1b: Tyranitar|2\n|-damage|p1b: Tyranitar|44/100\n|\n|-weather|Sandstorm|[upkeep]\n|-damage|p2b: Incineroar|28/100|[from] Sandstorm\n|-damage|p2a: Altaria|29/100|[from] Sandstorm\n|-damage|p1a: Incineroar|68/100|[from] Sandstorm\n|upkeep\n|turn|4\n|\n|t:|1776006681\n|detailschange|p2a: Altaria|Altaria-Mega, L50, F, shiny\n|-mega|p2a: Altaria|Altaria|Altarianite\n|move|p2b: Incineroar|Protect|p2b: Incineroar\n|-singleturn|p2b: Incineroar|Protect\n|move|p1a: Incineroar|Fake Out|p2a: Altaria\n|-damage|p2a: Altaria|19/100\n|move|p1b: Tyranitar|Rock Slide|p2a: Altaria|[spread] p2a\n|-activate|p2b: Incineroar|move: Protect\n|-damage|p2a: Altaria|0 fnt\n|faint|p2a: Altaria\n|\n|-weather|Sandstorm|[upkeep]\n|-damage|p2b: Incineroar|22/100|[from] Sandstorm\n|-damage|p1a: Incineroar|62/100|[from] Sandstorm\n|upkeep\n|\n|t:|1776006697\n|switch|p2a: Farigiraf|Farigiraf, L50, F|100/100\n|turn|5\n|-activate|p2b: Incineroar|item: Quick Claw\n|\n|t:|1776006721\n|switch|p1b: Sinistcha|Sinistcha, L50|100/100\n|-heal|p1a: Incineroar|87/100|[from] ability: Hospitality|[of] p1b: Sinistcha\n|move|p2b: Incineroar|Low Kick|p1a: Incineroar\n|-supereffective|p1a: Incineroar|1\n|-damage|p1a: Incineroar|69/100\n|move|p1a: Incineroar|Throat Chop|p2a: Farigiraf\n|-supereffective|p2a: Farigiraf|1\n|-crit|p2a: Farigiraf\n|-damage|p2a: Farigiraf|37/100\n|-start|p2a: Farigiraf|Throat Chop|[silent]\n|move|p2a: Farigiraf|Dazzling Gleam|p1a: Incineroar|[spread] p1a,p1b\n|-crit|p1a: Incineroar\n|-damage|p1a: Incineroar|51/100\n|-damage|p1b: Sinistcha|85/100\n|\n|-weather|Sandstorm|[upkeep]\n|-damage|p2b: Incineroar|16/100|[from] Sandstorm\n|-damage|p1b: Sinistcha|79/100|[from] Sandstorm\n|-damage|p1a: Incineroar|45/100|[from] Sandstorm\n|-damage|p2a: Farigiraf|31/100|[from] Sandstorm\n|-heal|p2a: Farigiraf|37/100|[from] item: Leftovers\n|upkeep\n|turn|6\n|\n|t:|1776006769\n|move|p1b: Sinistcha|Rage Powder|p1b: Sinistcha\n|-singleturn|p1b: Sinistcha|move: Rage Powder\n|move|p2b: Incineroar|Flare Blitz|p1b: Sinistcha\n|-supereffective|p1b: Sinistcha|1\n|-damage|p1b: Sinistcha|34/100\n|-enditem|p1b: Sinistcha|Sitrus Berry|[eat]\n|-heal|p1b: Sinistcha|59/100|[from] item: Sitrus Berry\n|-damage|p2b: Incineroar|3/100|[from] Recoil\n|move|p1a: Incineroar|Throat Chop|p2a: Farigiraf\n|-supereffective|p2a: Farigiraf|1\n|-damage|p2a: Farigiraf|0 fnt\n|faint|p2a: Farigiraf\n|\n|-weather|none\n|upkeep\n|\n|t:|1776006782\n|switch|p2a: Sneasler|Sneasler, L50, M|82/100\n|turn|7\n|\n|t:|1776006803\n|move|p2b: Incineroar|Protect|p2b: Incineroar\n|-singleturn|p2b: Incineroar|Protect\n|move|p1b: Sinistcha|Protect|p1b: Sinistcha\n|-singleturn|p1b: Sinistcha|Protect\n|move|p2a: Sneasler|Dire Claw|p1b: Sinistcha\n|-activate|p1b: Sinistcha|move: Protect\n|move|p1a: Incineroar|Parting Shot|p2a: Sneasler\n|-unboost|p2a: Sneasler|atk|1\n|-unboost|p2a: Sneasler|spa|1\n|\n|t:|1776006817\n|switch|p1a: Tyranitar|Tyranitar, L50, F|44/100|[from] Parting Shot\n|-weather|Sandstorm|[from] ability: Sand Stream|[of] p1a: Tyranitar\n|\n|-weather|Sandstorm|[upkeep]\n|-damage|p2a: Sneasler|76/100|[from] Sandstorm\n|-damage|p2b: Incineroar|0 fnt|[from] Sandstorm\n|-damage|p1b: Sinistcha|52/100|[from] Sandstorm\n|faint|p2b: Incineroar\n|upkeep\n|turn|8\n|\n|t:|1776006857\n|switch|p1b: Incineroar|Incineroar, L50, M|45/100\n|-ability|p1b: Incineroar|Intimidate|boost\n|-unboost|p2a: Sneasler|atk|1\n|move|p2a: Sneasler|Dire Claw|p1b: Incineroar\n|-damage|p1b: Incineroar|29/100\n|-status|p1b: Incineroar|par\n|move|p1a: Tyranitar|Ice Punch|p2a: Sneasler\n|-damage|p2a: Sneasler|33/100\n|\n|-weather|Sandstorm|[upkeep]\n|-damage|p2a: Sneasler|27/100|[from] Sandstorm\n|-damage|p1b: Incineroar|23/100 par|[from] Sandstorm\n|upkeep\n|turn|9\n|-message|maccapacca1234456 forfeited.\n|\n|win|nextxenp\n|raw|nextxenp's rating: 1004 &rarr; <strong>1046</strong><br />(+42 for winning)\n|raw|maccapacca1234456's rating: 1031 &rarr; <strong>1015</strong><br />(-16 for losing)\n|l|\u2606maccapacca1234456\n|player|p2|\n",
  "uploadtime": 1776007254,
  "views": 23,
  "formatid": "gen9championsvgc2026regma",
  "rating": 1015,
  "private": 0,
  "password": null
}