{
  "id": "gen9championsvgc2026regma-2589508419",
  "format": "[Gen 9 Champions] VGC 2026 Reg M-A",
  "players": [
    "penledzuu",
    "kakkoiiwwwwww"
  ],
  "log": "|j|\u2606penledzuu\n|j|\u2606kakkoiiwwwwww\n|t:|1776729353\n|gametype|doubles\n|player|p1|penledzuu|ninjaboy|1358\n|player|p2|kakkoiiwwwwww|265|1390\n|gen|9\n|tier|[Gen 9 Champions] VGC 2026 Reg M-A\n|rated|\n|rule|Species Clause: Limit one of each Pok\u00e9mon\n|rule|Item Clause: Limit 1 of each item\n|clearpoke\n|poke|p1|Pinsir, L50, F, shiny|\n|poke|p1|Basculegion, L50, M|\n|poke|p1|Weavile, L50, F, shiny|\n|poke|p1|Archaludon, L50, M|\n|poke|p1|Pelipper, L50, M|\n|poke|p1|Gengar, L50, F|\n|poke|p2|Chandelure, L50, M|\n|poke|p2|Sneasler, L50, F|\n|poke|p2|Basculegion, L50, M|\n|poke|p2|Kingambit, L50, F|\n|poke|p2|Floette-Eternal, L50, F|\n|poke|p2|Dragonite, L50, M|\n|teampreview|4\n|inactive|Battle timer is ON: inactive players will automatically lose when time's up. (requested by penledzuu)\n|\n|t:|1776729378\n|teamsize|p1|4\n|teamsize|p2|4\n|start\n|switch|p1a: Weavile|Weavile, L50, F, shiny|100/100\n|switch|p1b: Pinsir|Pinsir, L50, F, shiny|100/100\n|switch|p2a: Sneasler|Sneasler, L50, F|100/100\n|switch|p2b: Kingambit|Kingambit, L50, F|100/100\n|turn|1\n|\n|t:|1776729399\n|detailschange|p1b: Pinsir|Pinsir-Mega, L50, F, shiny\n|-mega|p1b: Pinsir|Pinsir|Pinsirite\n|move|p2a: Sneasler|Protect|p2a: Sneasler\n|-singleturn|p2a: Sneasler|Protect\n|move|p2b: Kingambit|Protect|p2b: Kingambit\n|-singleturn|p2b: Kingambit|Protect\n|move|p1a: Weavile|Fake Out|p2a: Sneasler\n|-activate|p2a: Sneasler|move: Protect\n|move|p1b: Pinsir|Body Slam|p2a: Sneasler\n|-activate|p2a: Sneasler|move: Protect\n|\n|upkeep\n|turn|2\n|inactive|kakkoiiwwwwww has 30 seconds left.\n|\n|t:|1776729430\n|move|p1a: Weavile|Psycho Cut|p2a: Sneasler\n|-supereffective|p2a: Sneasler|2\n|-damage|p2a: Sneasler|0 fnt\n|faint|p2a: Sneasler\n|move|p1b: Pinsir|Close Combat|p2b: Kingambit\n|-supereffective|p2b: Kingambit|2\n|-enditem|p2b: Kingambit|Chople Berry|[eat]\n|-enditem|p2b: Kingambit|Chople Berry|[weaken]\n|-damage|p2b: Kingambit|28/100\n|-unboost|p1b: Pinsir|def|1\n|-unboost|p1b: Pinsir|spd|1\n|move|p2b: Kingambit|Kowtow Cleave|p1b: Pinsir\n|-damage|p1b: Pinsir|17/100\n|\n|upkeep\n|\n|t:|1776729448\n|switch|p2a: Floette|Floette-Eternal, L50, F|100/100\n|turn|3\n|\n|t:|1776729461\n|detailschange|p2a: Floette|Floette-Mega, L50, F\n|-mega|p2a: Floette|Floette|Floettite\n|-ability|p2a: Floette|Fairy Aura\n|move|p1b: Pinsir|Quick Attack|p2a: Floette\n|-damage|p2a: Floette|69/100\n|move|p2b: Kingambit|Sucker Punch||[still]\n|-fail|p2b: Kingambit\n|move|p1a: Weavile|Triple Axel|p2a: Floette\n|-damage|p2a: Floette|57/100\n|-damage|p2a: Floette|31/100\n|-damage|p2a: Floette|0 fnt\n|faint|p2a: Floette\n|-hitcount|p2: Floette|3\n|\n|upkeep\n|\n|t:|1776729476\n|switch|p2a: Basculegion|Basculegion, L50, M|100/100\n|turn|4\n|\n|t:|1776729493\n|move|p2b: Kingambit|Sucker Punch|p1b: Pinsir\n|-damage|p1b: Pinsir|0 fnt\n|faint|p1b: Pinsir\n|move|p1a: Weavile|Knock Off|p2a: Basculegion\n|-supereffective|p2a: Basculegion|1\n|-enditem|p2a: Basculegion|Focus Sash\n|-damage|p2a: Basculegion|1/100\n|move|p2a: Basculegion|Last Respects|p1a: Weavile\n|-resisted|p1a: Weavile|1\n|-damage|p1a: Weavile|5/100\n|\n|upkeep\n|\n|t:|1776729505\n|switch|p1b: Basculegion|Basculegion, L50, M|100/100\n|turn|5\n|\n|t:|1776729530\n|move|p1b: Basculegion|Aqua Jet|p2a: Basculegion\n|-resisted|p2a: Basculegion|1\n|-damage|p2a: Basculegion|0 fnt\n|faint|p2a: Basculegion\n|move|p1a: Weavile|Knock Off|p2b: Kingambit\n|-resisted|p2b: Kingambit|1\n|-damage|p2b: Kingambit|15/100\n|move|p2b: Kingambit|Kowtow Cleave|p1b: Basculegion\n|-supereffective|p1b: Basculegion|1\n|-damage|p1b: Basculegion|0 fnt\n|faint|p1b: Basculegion\n|\n|upkeep\n|\n|t:|1776729538\n|switch|p1b: Pelipper|Pelipper, L50, M|100/100\n|-weather|RainDance|[from] ability: Drizzle|[of] p1b: Pelipper\n|turn|6\n|\n|t:|1776729546\n|move|p2b: Kingambit|Sucker Punch|p1b: Pelipper\n|-damage|p1b: Pelipper|57/100\n|move|p1a: Weavile|Knock Off|p2b: Kingambit\n|-resisted|p2b: Kingambit|1\n|-damage|p2b: Kingambit|1/100\n|move|p1b: Pelipper|Weather Ball|p2b: Kingambit\n|-damage|p2b: Kingambit|0 fnt\n|faint|p2b: Kingambit\n|\n|win|penledzuu\n|raw|penledzuu's rating: 1358 &rarr; <strong>1380</strong><br />(+22 for winning)\n|raw|kakkoiiwwwwww's rating: 1390 &rarr; <strong>1368</strong><br />(-22 for losing)\n",
  "uploadtime": 1776729549,
  "views": 5,
  "formatid": "gen9championsvgc2026regma",
  "rating": 1368,
  "private": 0,
  "password": null
}