{
  "id": "gen9championsvgc2026regma-2588271979",
  "format": "[Gen 9 Champions] VGC 2026 Reg M-A",
  "players": [
    "PablixSama",
    "homosapienjoe"
  ],
  "log": "|j|\u2606PablixSama\n|j|\u2606homosapienjoe\n|t:|1776619879\n|gametype|doubles\n|player|p1|PablixSama|dawn|1073\n|player|p2|homosapienjoe|marlon|1000\n|gen|9\n|tier|[Gen 9 Champions] VGC 2026 Reg M-A\n|rated|\n|rule|Species Clause: Limit one of each Pok\u00e9mon\n|rule|Item Clause: Limit 1 of each item\n|clearpoke\n|poke|p1|Jolteon, L50, F|\n|poke|p1|Sneasler, L50, F|\n|poke|p1|Milotic, L50, M|\n|poke|p1|Charizard, L50, F, shiny|\n|poke|p1|Whimsicott, L50, F|\n|poke|p1|Garchomp, L50, M|\n|poke|p2|Scovillain, L50, M|\n|poke|p2|Milotic, L50, F|\n|poke|p2|Tauros-Paldea-Blaze, L50, M|\n|poke|p2|Sinistcha, L50|\n|poke|p2|Garganacl, L50, F|\n|poke|p2|Froslass, L50, F|\n|teampreview|4\n|\n|t:|1776619945\n|teamsize|p1|4\n|teamsize|p2|4\n|start\n|switch|p1a: Sneasler|Sneasler, L50, F|100/100\n|switch|p1b: Whimsicott|Whimsicott, L50, F|100/100\n|switch|p2a: Scovillain|Scovillain, L50, M|100/100\n|switch|p2b: Garganacl|Garganacl, L50, F|100/100\n|turn|1\n|\n|t:|1776619992\n|switch|p2b: Froslass|Froslass, L50, F|100/100\n|move|p1b: Whimsicott|Protect|p1b: Whimsicott\n|-singleturn|p1b: Whimsicott|Protect\n|move|p2a: Scovillain|Protect|p2a: Scovillain\n|-singleturn|p2a: Scovillain|Protect\n|move|p1a: Sneasler|Taunt|p2b: Froslass\n|-start|p2b: Froslass|move: Taunt\n|\n|-ability|p2a: Scovillain|Moody|boost\n|-boost|p2a: Scovillain|spe|2\n|-unboost|p2a: Scovillain|spa|1\n|upkeep\n|turn|2\n|\n|t:|1776620030\n|detailschange|p2b: Froslass|Froslass-Mega, L50, F\n|-mega|p2b: Froslass|Froslass|Froslassite\n|-weather|Snowscape|[from] ability: Snow Warning|[of] p2b: Froslass\n|move|p1b: Whimsicott|Encore|p2a: Scovillain\n|-start|p2a: Scovillain|Encore\n|move|p2a: Scovillain|Protect||[still]\n|-fail|p2a: Scovillain\n|move|p1a: Sneasler|Dire Claw|p2b: Froslass\n|-resisted|p2b: Froslass|1\n|-damage|p2b: Froslass|76/100\n|-status|p2b: Froslass|slp\n|cant|p2b: Froslass|slp\n|\n|-weather|Snowscape|[upkeep]\n|-ability|p2a: Scovillain|Moody|boost\n|-boost|p2a: Scovillain|spa|2\n|-unboost|p2a: Scovillain|def|1\n|upkeep\n|turn|3\n|\n|t:|1776620058\n|switch|p1a: Charizard|Charizard, L50, F, shiny|100/100\n|move|p2a: Scovillain|Protect|p2a: Scovillain\n|-singleturn|p2a: Scovillain|Protect\n|move|p1b: Whimsicott|Tailwind|p1b: Whimsicott\n|-sidestart|p1: PablixSama|move: Tailwind\n|cant|p2b: Froslass|slp\n|\n|-weather|Snowscape|[upkeep]\n|-end|p2b: Froslass|move: Taunt\n|-ability|p2a: Scovillain|Moody|boost\n|-boost|p2a: Scovillain|spa|2\n|-unboost|p2a: Scovillain|spd|1\n|upkeep\n|turn|4\n|\n|t:|1776620095\n|switch|p1b: Sneasler|Sneasler, L50, F|100/100\n|switch|p2b: Milotic|Milotic, L50, F|100/100\n|detailschange|p1a: Charizard|Charizard-Mega-Y, L50, F, shiny\n|-mega|p1a: Charizard|Charizard|Charizardite Y\n|-weather|SunnyDay|[from] ability: Drought|[of] p1a: Charizard\n|move|p2a: Scovillain|Protect||[still]\n|-fail|p2a: Scovillain\n|move|p1a: Charizard|Heat Wave|p2a: Scovillain|[spread] p2a,p2b\n|-resisted|p2b: Milotic|1\n|-damage|p2a: Scovillain|0 fnt\n|-damage|p2b: Milotic|76/100\n|faint|p2a: Scovillain\n|\n|-weather|SunnyDay|[upkeep]\n|-heal|p2b: Milotic|82/100|[from] item: Leftovers\n|upkeep\n|\n|t:|1776620111\n|switch|p2a: Garganacl|Garganacl, L50, F|100/100\n|turn|5\n|\n|t:|1776620155\n|switch|p1a: Garchomp|Garchomp, L50, M|100/100\n|switch|p2a: Froslass|Froslass-Mega, L50, F|76/100 slp\n|-weather|Snowscape|[from] ability: Snow Warning|[of] p2a: Froslass\n|move|p1b: Sneasler|Dire Claw|p2b: Milotic\n|-damage|p2b: Milotic|38/100\n|-status|p2b: Milotic|slp\n|cant|p2b: Milotic|slp\n|\n|-weather|Snowscape|[upkeep]\n|-heal|p2b: Milotic|44/100 slp|[from] item: Leftovers\n|upkeep\n|turn|6\n|c|\u2606PablixSama|Holy luck\n|\n|t:|1776620189\n|-curestatus|p2a: Froslass|slp|[msg]\n|move|p2a: Froslass|Protect|p2a: Froslass\n|-singleturn|p2a: Froslass|Protect\n|-curestatus|p2b: Milotic|slp|[msg]\n|move|p2b: Milotic|Protect|p2b: Milotic\n|-singleturn|p2b: Milotic|Protect\n|move|p1a: Garchomp|Iron Head|p2a: Froslass\n|-activate|p2a: Froslass|move: Protect\n|move|p1b: Sneasler|Dire Claw|p2a: Froslass\n|-activate|p2a: Froslass|move: Protect\n|\n|-weather|Snowscape|[upkeep]\n|-heal|p2b: Milotic|50/100|[from] item: Leftovers\n|-sideend|p1: PablixSama|move: Tailwind\n|upkeep\n|turn|7\n|c|\u2606homosapienjoe|this is the funniest possible first game to have\n|\n|t:|1776620220\n|move|p1a: Garchomp|Iron Head|p2a: Froslass\n|-supereffective|p2a: Froslass|1\n|-damage|p2a: Froslass|5/100\n|move|p1b: Sneasler|Dire Claw|p2a: Froslass\n|-resisted|p2a: Froslass|1\n|-damage|p2a: Froslass|0 fnt\n|faint|p2a: Froslass\n|move|p2b: Milotic|Icy Wind|p1b: Sneasler|[spread] p1a,p1b\n|-supereffective|p1a: Garchomp|2\n|-damage|p1a: Garchomp|41/100\n|-damage|p1b: Sneasler|84/100\n|-unboost|p1a: Garchomp|spe|1\n|-unboost|p1b: Sneasler|spe|1\n|-enditem|p1b: Sneasler|White Herb\n|-clearnegativeboost|p1b: Sneasler|[silent]\n|\n|-weather|Snowscape|[upkeep]\n|-heal|p2b: Milotic|56/100|[from] item: Leftovers\n|upkeep\n|\n|t:|1776620230\n|switch|p2a: Garganacl|Garganacl, L50, F|100/100\n|turn|8\n|\n|t:|1776620252\n|move|p1b: Sneasler|Close Combat|p2a: Garganacl\n|-supereffective|p2a: Garganacl|1\n|-damage|p2a: Garganacl|8/100\n|-unboost|p1b: Sneasler|def|1\n|-unboost|p1b: Sneasler|spd|1\n|move|p1a: Garchomp|Iron Head|p2a: Garganacl|[miss]\n|-miss|p1a: Garchomp|p2a: Garganacl\n|move|p2b: Milotic|Icy Wind|p1b: Sneasler|[spread] p1a,p1b\n|-supereffective|p1a: Garchomp|2\n|-damage|p1a: Garchomp|0 fnt\n|-damage|p1b: Sneasler|58/100\n|-unboost|p1b: Sneasler|spe|1\n|faint|p1a: Garchomp\n|move|p2a: Garganacl|Recover|p2a: Garganacl\n|-heal|p2a: Garganacl|58/100\n|\n|-weather|Snowscape|[upkeep]\n|-heal|p2b: Milotic|62/100|[from] item: Leftovers\n|upkeep\n|\n|t:|1776620270\n|switch|p1a: Charizard|Charizard-Mega-Y, L50, F, shiny|100/100\n|-weather|SunnyDay|[from] ability: Drought|[of] p1a: Charizard\n|turn|9\n|\n|t:|1776620299\n|move|p1b: Sneasler|Close Combat|p2a: Garganacl\n|-supereffective|p2a: Garganacl|1\n|-damage|p2a: Garganacl|0 fnt\n|-unboost|p1b: Sneasler|def|1\n|-unboost|p1b: Sneasler|spd|1\n|faint|p2a: Garganacl\n|move|p1a: Charizard|Solar Beam||[still]\n|-prepare|p1a: Charizard|Solar Beam\n|-anim|p1a: Charizard|Solar Beam|p2b: Milotic\n|-supereffective|p2b: Milotic|1\n|-damage|p2b: Milotic|0 fnt\n|faint|p2b: Milotic\n|\n|win|PablixSama\n|raw|PablixSama's rating: 1073 &rarr; <strong>1096</strong><br />(+23 for winning)\n|raw|homosapienjoe's rating: 1000 &rarr; <strong>1000</strong><br />(+0 for losing)\n|c|\u2606PablixSama|Sorry xd\n|c|\u2606homosapienjoe|ggwp\n|c|\u2606homosapienjoe|nah i got outskilled tbf\n",
  "uploadtime": 1776620328,
  "views": 15,
  "formatid": "gen9championsvgc2026regma",
  "rating": 1000,
  "private": 0,
  "password": null
}