{
  "id": "gen9championsvgc2026regma-2584725562",
  "format": "[Gen 9 Champions] VGC 2026 Reg M-A",
  "players": [
    "MurkrowFan1",
    "testy accounty 2"
  ],
  "log": "|j|\u2606MurkrowFan1\n|j|\u2606testy accounty 2\n|t:|1776279300\n|gametype|doubles\n|player|p1|MurkrowFan1|170|1302\n|player|p2|testy accounty 2|101|1345\n|gen|9\n|tier|[Gen 9 Champions] VGC 2026 Reg M-A\n|rated|\n|rule|Species Clause: Limit one of each Pok\u00e9mon\n|rule|Item Clause: Limit 1 of each item\n|clearpoke\n|poke|p1|Scovillain, L50, M|\n|poke|p1|Primarina, L50, F|\n|poke|p1|Garchomp, L50, M|\n|poke|p1|Maushold-Four, L50|\n|poke|p1|Aerodactyl, L50, F|\n|poke|p1|Sneasler, L50, F|\n|poke|p2|Gengar, L50, F|\n|poke|p2|Incineroar, L50, M|\n|poke|p2|Politoed, L50, M|\n|poke|p2|Archaludon, L50, F|\n|poke|p2|Basculegion, L50, M|\n|poke|p2|Meganium, L50, M|\n|teampreview|4\n|\n|t:|1776279333\n|teamsize|p1|4\n|teamsize|p2|4\n|start\n|switch|p1a: Scovillain|Scovillain, L50, M|100/100\n|switch|p1b: Primarina|Primarina, L50, F|100/100\n|switch|p2a: Gengar|Gengar, L50, F, shiny|100/100\n|switch|p2b: Ian|Incineroar, L50, M|100/100\n|-ability|p2b: Ian|Intimidate|boost\n|-unboost|p1a: Scovillain|atk|1\n|-unboost|p1b: Primarina|atk|1\n|turn|1\n|inactive|Battle timer is ON: inactive players will automatically lose when time's up. (requested by MurkrowFan1)\n|\n|t:|1776279373\n|detailschange|p2a: Gengar|Gengar-Mega, L50, F, shiny\n|-mega|p2a: Gengar|Gengar|Gengarite\n|detailschange|p1a: Scovillain|Scovillain-Mega, L50, M\n|-mega|p1a: Scovillain|Scovillain|Scovillainite\n|move|p2b: Ian|Fake Out|p1b: Primarina\n|-damage|p1b: Primarina|87/100\n|move|p2a: Gengar|Perish Song|p2a: Gengar\n|-start|p1a: Scovillain|perish3|[silent]\n|-start|p1b: Primarina|perish3|[silent]\n|-start|p2a: Gengar|perish3|[silent]\n|-start|p2b: Ian|perish3|[silent]\n|-fieldactivate|move: Perish Song\n|cant|p1b: Primarina|flinch\n|move|p1a: Scovillain|Flamethrower|p2a: Gengar\n|-damage|p2a: Gengar|59/100\n|\n|-heal|p1b: Primarina|93/100|[from] item: Leftovers\n|-start|p2a: Gengar|perish3\n|-start|p1a: Scovillain|perish3\n|-start|p1b: Primarina|perish3\n|-start|p2b: Ian|perish3\n|upkeep\n|turn|2\n|inactive|MurkrowFan1 has 30 seconds left.\n|inactive|testy accounty 2 has 30 seconds left.\n|inactive|MurkrowFan1 has 20 seconds left.\n|inactive|MurkrowFan1 has 15 seconds left.\n|inactive|testy accounty 2 has 20 seconds left.\n|l|\u2606MurkrowFan1\n|inactive|MurkrowFan1 disconnected and has a minute to reconnect!\n|player|p1|\n|inactive|MurkrowFan1 has 10 seconds left.\n|inactive|testy accounty 2 has 15 seconds left.\n|j|\u2606MurkrowFan1\n|inactive|MurkrowFan1 reconnected and has 10 seconds left.\n|player|p1|MurkrowFan1|170|\n|inactive|MurkrowFan1 has 5 seconds left.\n|\n|t:|1776279427\n|move|p2a: Gengar|Protect|p2a: Gengar\n|-singleturn|p2a: Gengar|Protect\n|move|p1a: Scovillain|Rage Powder|p1a: Scovillain\n|-singleturn|p1a: Scovillain|move: Rage Powder\n|move|p1b: Primarina|Hyper Voice|p2a: Gengar|[spread] p2b\n|-activate|p2a: Gengar|move: Protect\n|-supereffective|p2b: Ian|1\n|-damage|p2b: Ian|46/100\n|-enditem|p2b: Ian|Sitrus Berry|[eat]\n|-heal|p2b: Ian|71/100|[from] item: Sitrus Berry\n|move|p2b: Ian|Parting Shot|p1a: Scovillain\n|-unboost|p1a: Scovillain|atk|1\n|-unboost|p1a: Scovillain|spa|1\n|\n|t:|1776279440\n|switch|p2b: Kathleen|Archaludon, L50, F|100/100|[from] Parting Shot\n|\n|-heal|p1b: Primarina|99/100|[from] item: Leftovers\n|-start|p2a: Gengar|perish2\n|-start|p1b: Primarina|perish2\n|-start|p1a: Scovillain|perish2\n|upkeep\n|turn|3\n|inactive|testy accounty 2 has 30 seconds left.\n|\n|t:|1776279472\n|move|p1a: Scovillain|Rage Powder|p1a: Scovillain\n|-singleturn|p1a: Scovillain|move: Rage Powder\n|move|p2a: Gengar|Sludge Bomb|p1a: Scovillain\n|-supereffective|p1a: Scovillain|1\n|-damage|p1a: Scovillain|0 fnt\n|-status|p2a: Gengar|brn|[from] ability: Spicy Spray|[of] p1a: Scovillain\n|faint|p1a: Scovillain\n|move|p2b: Kathleen|Flash Cannon|p1b: Primarina\n|-damage|p1b: Primarina|60/100\n|move|p1b: Primarina|Hyper Voice|p2a: Gengar|[spread] p2a,p2b\n|-resisted|p2b: Kathleen|1\n|-damage|p2a: Gengar|15/100 brn\n|-damage|p2b: Kathleen|74/100\n|-ability|p2b: Kathleen|Stamina|boost\n|-boost|p2b: Kathleen|def|1\n|\n|-heal|p1b: Primarina|66/100|[from] item: Leftovers\n|-damage|p2a: Gengar|9/100 brn|[from] brn\n|-start|p2a: Gengar|perish1\n|-start|p1b: Primarina|perish1\n|upkeep\n|\n|t:|1776279495\n|switch|p1a: Sneasler|Sneasler, L50, F|100/100\n|turn|4\n|inactive|testy accounty 2 has 30 seconds left.\n|\n|t:|1776279527\n|move|p2b: Kathleen|Protect|p2b: Kathleen\n|-singleturn|p2b: Kathleen|Protect\n|move|p2a: Gengar|Perish Song|p2a: Gengar\n|-start|p1a: Sneasler|perish3|[silent]\n|-start|p2b: Kathleen|perish3|[silent]\n|-fieldactivate|move: Perish Song\n|move|p1a: Sneasler|Close Combat|p2b: Kathleen\n|-activate|p2b: Kathleen|move: Protect\n|move|p1b: Primarina|Hyper Voice|p2b: Kathleen|[spread] p2a\n|-activate|p2b: Kathleen|move: Protect\n|-damage|p2a: Gengar|0 fnt\n|faint|p2a: Gengar\n|\n|-heal|p1b: Primarina|73/100|[from] item: Leftovers\n|-start|p1a: Sneasler|perish3\n|-start|p2b: Kathleen|perish3\n|-start|p1b: Primarina|perish0\n|faint|p1b: Primarina\n|upkeep\n|inactive|testy accounty 2 has 30 seconds left.\n|\n|t:|1776279553\n|switch|p2a: Rosey|Politoed, L50, M|100/100\n|switch|p1b: Aerodactyl|Aerodactyl, L50, F|100/100\n|-ability|p1b: Aerodactyl|Unnerve\n|-weather|RainDance|[from] ability: Drizzle|[of] p2a: Rosey\n|turn|5\n|\n|t:|1776279569\n|switch|p2a: Ian|Incineroar, L50, M|71/100\n|-ability|p2a: Ian|Intimidate|boost\n|-unboost|p1a: Sneasler|atk|1\n|-unboost|p1b: Aerodactyl|atk|1\n|-enditem|p1a: Sneasler|White Herb\n|-clearnegativeboost|p1a: Sneasler|[silent]\n|move|p1a: Sneasler|Close Combat|p2b: Kathleen\n|-supereffective|p2b: Kathleen|1\n|-damage|p2b: Kathleen|15/100\n|-unboost|p1a: Sneasler|def|1\n|-unboost|p1a: Sneasler|spd|1\n|-ability|p2b: Kathleen|Stamina|boost\n|-boost|p2b: Kathleen|def|1\n|move|p1b: Aerodactyl|Dual Wingbeat|p2a: Ian\n|-damage|p2a: Ian|60/100\n|-damage|p2a: Ian|48/100\n|-hitcount|p2a: Ian|2\n|move|p2b: Kathleen|Electro Shot||[still]\n|-prepare|p2b: Kathleen|Electro Shot\n|-boost|p2b: Kathleen|spa|1\n|-anim|p2b: Kathleen|Electro Shot|p1b: Aerodactyl\n|-supereffective|p1b: Aerodactyl|1\n|-enditem|p1b: Aerodactyl|Focus Sash\n|-damage|p1b: Aerodactyl|1/100\n|\n|-weather|RainDance|[upkeep]\n|-start|p1a: Sneasler|perish2\n|-start|p2b: Kathleen|perish2\n|upkeep\n|turn|6\n|inactive|testy accounty 2 has 30 seconds left.\n|inactive|testy accounty 2 has 20 seconds left.\n|inactive|testy accounty 2 has 15 seconds left.\n|\n|t:|1776279614\n|move|p2a: Ian|Fake Out|p1a: Sneasler\n|-damage|p1a: Sneasler|75/100\n|cant|p1a: Sneasler|flinch\n|move|p1b: Aerodactyl|Rock Slide|p2a: Ian|[spread] p2a,p2b\n|-supereffective|p2a: Ian|1\n|-resisted|p2b: Kathleen|1\n|-damage|p2a: Ian|20/100\n|-damage|p2b: Kathleen|12/100\n|-ability|p2b: Kathleen|Stamina|boost\n|-boost|p2b: Kathleen|def|1\n|move|p2b: Kathleen|Electro Shot||[still]\n|-prepare|p2b: Kathleen|Electro Shot\n|-boost|p2b: Kathleen|spa|1\n|-anim|p2b: Kathleen|Electro Shot|p1b: Aerodactyl\n|-supereffective|p1b: Aerodactyl|1\n|-damage|p1b: Aerodactyl|0 fnt\n|faint|p1b: Aerodactyl\n|\n|-weather|RainDance|[upkeep]\n|-start|p1a: Sneasler|perish1\n|-start|p2b: Kathleen|perish1\n|upkeep\n|turn|7\n|-message|MurkrowFan1 forfeited.\n|\n|win|testy accounty 2\n|raw|MurkrowFan1's rating: 1302 &rarr; <strong>1284</strong><br />(-18 for losing)\n|raw|testy accounty 2's rating: 1345 &rarr; <strong>1363</strong><br />(+18 for winning)\n|l|\u2606MurkrowFan1\n|player|p1|\n",
  "uploadtime": 1776279637,
  "views": 41,
  "formatid": "gen9championsvgc2026regma",
  "rating": 1284,
  "private": 0,
  "password": null
}