{
  "id": "gen9championsvgc2026regma-2588687381",
  "format": "[Gen 9 Champions] VGC 2026 Reg M-A",
  "players": [
    "appollo999",
    "magato123"
  ],
  "log": "|j|\u2606appollo999\n|j|\u2606magato123\n|t:|1776657798\n|gametype|doubles\n|player|p1|appollo999|169|1071\n|player|p2|magato123|turo-ai|1022\n|gen|9\n|tier|[Gen 9 Champions] VGC 2026 Reg M-A\n|rated|\n|rule|Species Clause: Limit one of each Pok\u00e9mon\n|rule|Item Clause: Limit 1 of each item\n|clearpoke\n|poke|p1|Kangaskhan, L50, F|\n|poke|p1|Zoroark-Hisui, L50, F|\n|poke|p1|Hatterene, L50, F|\n|poke|p1|Sableye, L50, M|\n|poke|p1|Farigiraf, L50, M|\n|poke|p1|Torkoal, L50, F|\n|poke|p2|Gengar, L50, F|\n|poke|p2|Garchomp, L50, F|\n|poke|p2|Basculegion, L50, M|\n|poke|p2|Clefable, L50, M|\n|poke|p2|Sneasler, L50, F|\n|poke|p2|Sableye, L50, F|\n|teampreview|4\n|inactive|Battle timer is ON: inactive players will automatically lose when time's up. (requested by magato123)\nmagato123 rejected open team sheets.\n|\n|t:|1776657813\n|teamsize|p1|4\n|teamsize|p2|4\n|start\n|switch|p1a: Farigiraf|Farigiraf, L50, M|100/100\n|switch|p1b: Sableye|Sableye, L50, M|100/100\n|switch|p2a: Clefable|Clefable, L50, M|100/100\n|switch|p2b: Sneasler|Sneasler, L50, F|100/100\n|turn|1\n|j| SADATO69\n|inactive|appollo999 has 30 seconds left.\n|\n|t:|1776657847\n|move|p1b: Sableye|Helping Hand|p1a: Farigiraf\n|-singleturn|p1a: Farigiraf|Helping Hand|[of] p1b: Sableye\n|move|p2b: Sneasler|Fake Out|p1a: Farigiraf\n|-immune|p1a: Farigiraf\n|move|p1a: Farigiraf|Psychic|p2b: Sneasler\n|-supereffective|p2b: Sneasler|2\n|-enditem|p2b: Sneasler|Focus Sash\n|-damage|p2b: Sneasler|1/100\n|move|p2a: Clefable|Icy Wind|p1a: Farigiraf|[spread] p1a,p1b\n|-damage|p1a: Farigiraf|81/100\n|-damage|p1b: Sableye|90/100\n|-unboost|p1a: Farigiraf|spe|1\n|-unboost|p1b: Sableye|spe|1\n|replace|p1a: Zoroark|Zoroark-Hisui, L50, F\n|-end|p1a: Zoroark|Illusion\n|\n|upkeep\n|turn|2\n|\n|t:|1776657872\n|switch|p1a: Farigiraf|Farigiraf, L50, M|100/100\n|move|p1b: Sableye|Will-O-Wisp|p2b: Sneasler|[miss]\n|-miss|p1b: Sableye|p2b: Sneasler\n|move|p2b: Sneasler|Close Combat|p1a: Farigiraf\n|-damage|p1a: Farigiraf|23/100\n|-unboost|p2b: Sneasler|def|1\n|-unboost|p2b: Sneasler|spd|1\n|-enditem|p1a: Farigiraf|Sitrus Berry|[eat]\n|-heal|p1a: Farigiraf|48/100|[from] item: Sitrus Berry\n|move|p2a: Clefable|Icy Wind|p1b: Sableye|[spread] p1a,p1b\n|-crit|p1b: Sableye\n|-damage|p1a: Farigiraf|39/100\n|-damage|p1b: Sableye|75/100\n|-unboost|p1a: Farigiraf|spe|1\n|-unboost|p1b: Sableye|spe|1\n|\n|upkeep\n|turn|3\n|\n|t:|1776657891\n|move|p1b: Sableye|Will-O-Wisp|p2b: Sneasler\n|-status|p2b: Sneasler|brn\n|move|p2b: Sneasler|Close Combat|p1b: Sableye\n|-immune|p1b: Sableye\n|move|p2a: Clefable|Icy Wind|p1a: Farigiraf|[spread] p1a,p1b\n|-damage|p1a: Farigiraf|31/100\n|-damage|p1b: Sableye|65/100\n|-unboost|p1a: Farigiraf|spe|1\n|-unboost|p1b: Sableye|spe|1\n|move|p1a: Farigiraf|Dazzling Gleam|p2b: Sneasler|[spread] p2a,p2b\n|-damage|p2a: Clefable|85/100\n|-damage|p2b: Sneasler|0 fnt\n|faint|p2b: Sneasler\n|\n|-heal|p2a: Clefable|91/100|[from] item: Leftovers\n|upkeep\n|\n|t:|1776657891\n|switch|p2b: Garchomp|Garchomp, L50, F|100/100\n|turn|4\n|\n|t:|1776657906\n|detailschange|p2b: Garchomp|Garchomp-Mega, L50, F\n|-mega|p2b: Garchomp|Garchomp|Garchompite\n|move|p2a: Clefable|Follow Me|p2a: Clefable\n|-singleturn|p2a: Clefable|move: Follow Me\n|move|p1b: Sableye|Will-O-Wisp|p2a: Clefable|[miss]\n|-miss|p1b: Sableye|p2a: Clefable\n|move|p2b: Garchomp|Rock Slide|p1b: Sableye|[spread] p1a,p1b\n|-damage|p1a: Farigiraf|5/100\n|-damage|p1b: Sableye|30/100\n|move|p1a: Farigiraf|Dazzling Gleam|p2a: Clefable|[spread] p2a,p2b\n|-supereffective|p2b: Garchomp|1\n|-damage|p2a: Clefable|74/100\n|-damage|p2b: Garchomp|67/100\n|\n|-heal|p2a: Clefable|80/100|[from] item: Leftovers\n|upkeep\n|turn|5\n|\n|t:|1776657922\n|move|p1b: Sableye|Taunt|p2a: Clefable\n|-start|p2a: Clefable|move: Taunt\n|move|p2b: Garchomp|Earthquake|p1a: Farigiraf|[spread] p2a,p1a,p1b\n|-damage|p2a: Clefable|36/100\n|-damage|p1a: Farigiraf|0 fnt\n|-damage|p1b: Sableye|0 fnt\n|faint|p1a: Farigiraf\n|faint|p1b: Sableye\n|move|p2a: Clefable|Icy Wind|p1: Farigiraf|[notarget]\n|-fail|p2a: Clefable\n|\n|-heal|p2a: Clefable|42/100|[from] item: Leftovers\n|upkeep\n|\n|t:|1776657935\n|switch|p1a: Kangaskhan|Kangaskhan, L50, F|81/100\n|switch|p1b: Kangaskhan|Kangaskhan, L50, F|100/100\n|turn|6\n|\n|t:|1776657948\n|detailschange|p1b: Kangaskhan|Kangaskhan-Mega, L50, F\n|-mega|p1b: Kangaskhan|Kangaskhan|Kangaskhanite\n|move|p1b: Kangaskhan|Fake Out|p2b: Garchomp\n|-damage|p2b: Garchomp|49/100\n|-damage|p2b: Garchomp|45/100\n|-hitcount|p2b: Garchomp|2\n|move|p1a: Kangaskhan|Hyper Voice|p2a: Clefable|[spread] p2a,p2b\n|-crit|p2b: Garchomp\n|-damage|p2a: Clefable|14/100\n|-damage|p2b: Garchomp|0 fnt\n|faint|p2b: Garchomp\n|move|p2a: Clefable|Icy Wind|p1a: Kangaskhan|[spread] p1a,p1b\n|-damage|p1a: Kangaskhan|61/100\n|-damage|p1b: Kangaskhan|92/100\n|-unboost|p1a: Kangaskhan|spe|1\n|-unboost|p1b: Kangaskhan|spe|1\n|replace|p1a: Zoroark|Zoroark-Hisui, L50, F\n|-end|p1a: Zoroark|Illusion\n|\n|-heal|p2a: Clefable|20/100|[from] item: Leftovers\n|upkeep\n|\n|t:|1776657949\n|switch|p2b: Basculegion|Basculegion, L50, M|100/100\n|turn|7\n|\n|t:|1776657960\n|move|p2b: Basculegion|Last Respects|p1a: Zoroark\n|-immune|p1a: Zoroark\n|move|p1a: Zoroark|Hyper Voice|p2a: Clefable|[spread] p2a\n|-immune|p2b: Basculegion\n|-damage|p2a: Clefable|0 fnt\n|faint|p2a: Clefable\n|move|p1b: Kangaskhan|Rock Slide|p2b: Basculegion\n|-damage|p2b: Basculegion|68/100\n|-damage|p2b: Basculegion|59/100\n|-hitcount|p2b: Basculegion|2\n|\n|upkeep\n|turn|8\n|\n|t:|1776657967\n|move|p2b: Basculegion|Last Respects|p1a: Zoroark\n|-immune|p1a: Zoroark\n|move|p1a: Zoroark|Hyper Voice|p2b: Basculegion\n|-immune|p2b: Basculegion\n|move|p1b: Kangaskhan|Rock Slide|p2b: Basculegion\n|-crit|p2b: Basculegion\n|-damage|p2b: Basculegion|15/100\n|-damage|p2b: Basculegion|6/100\n|-hitcount|p2b: Basculegion|2\n|\n|upkeep\n|turn|9\n|\n|t:|1776657974\n|move|p2b: Basculegion|Last Respects|p1a: Zoroark\n|-immune|p1a: Zoroark\n|move|p1a: Zoroark|Hyper Voice|p2b: Basculegion\n|-immune|p2b: Basculegion\n|move|p1b: Kangaskhan|Rock Slide|p2b: Basculegion\n|-damage|p2b: Basculegion|0 fnt\n|faint|p2b: Basculegion\n|-hitcount|p2: Basculegion|1\n|\n|win|appollo999\n|raw|appollo999's rating: 1071 &rarr; <strong>1100</strong><br />(+29 for winning)\n|raw|magato123's rating: 1061 &rarr; <strong>1042</strong><br />(-19 for losing)\n|l|\u2606magato123\n|player|p2|\n",
  "uploadtime": 1776657974,
  "views": 6,
  "formatid": "gen9championsvgc2026regma",
  "rating": 1042,
  "private": 0,
  "password": null
}