{
  "id": "gen9championsvgc2026regma-2582248830",
  "format": "[Gen 9 Champions] VGC 2026 Reg M-A",
  "players": [
    "Dhervas15",
    "SCPRafael"
  ],
  "log": "|j|\u2606Dhervas15\n|j|\u2606SCPRafael\n|t:|1776075974\n|gametype|doubles\n|player|p1|Dhervas15|sage|1149\n|player|p2|SCPRafael|170|1167\n|gen|9\n|tier|[Gen 9 Champions] VGC 2026 Reg M-A\n|rated|\n|rule|Species Clause: Limit one of each Pok\u00e9mon\n|rule|Item Clause: Limit 1 of each item\n|clearpoke\n|poke|p1|Dragonite, L50, M|\n|poke|p1|Pelipper, L50, F|\n|poke|p1|Manectric, L50, F|\n|poke|p1|Basculegion, L50, M|\n|poke|p1|Sneasler, L50, F|\n|poke|p1|Sinistcha, L50|\n|poke|p2|Aegislash, L50, M|\n|poke|p2|Sneasler, L50, M|\n|poke|p2|Froslass, L50, F|\n|poke|p2|Volcarona, L50, M|\n|poke|p2|Araquanid, L50, F|\n|poke|p2|Garchomp, L50, M|\n|teampreview|4\n|inactive|Battle timer is ON: inactive players will automatically lose when time's up. (requested by SCPRafael)\n|inactive|Dhervas15 has 60 seconds left.\n|\n|t:|1776076064\n|teamsize|p1|4\n|teamsize|p2|4\n|start\n|switch|p1a: Sneasler|Sneasler, L50, F|100/100\n|switch|p1b: Sinistcha|Sinistcha, L50|100/100\n|switch|p2a: Sneasler|Sneasler, L50, M, shiny|100/100\n|switch|p2b: Froslass|Froslass, L50, F, shiny|100/100\n|turn|1\n|inactive|Dhervas15 has 30 seconds left.\n|inactive|SCPRafael has 30 seconds left.\n|\n|t:|1776076097\n|detailschange|p2b: Froslass|Froslass-Mega, L50, F, shiny\n|-mega|p2b: Froslass|Froslass|Froslassite\n|-weather|Snowscape|[from] ability: Snow Warning|[of] p2b: Froslass\n|move|p2a: Sneasler|Fake Out|p1a: Sneasler\n|-damage|p1a: Sneasler|80/100\n|-immune|p1a: Sneasler\n|cant|p1a: Sneasler|flinch\n|move|p2b: Froslass|Aurora Veil|p2b: Froslass\n|-sidestart|p2: SCPRafael|move: Aurora Veil\n|move|p1b: Sinistcha|Strength Sap|p2a: Sneasler\n|-unboost|p2a: Sneasler|atk|1\n|\n|-weather|Snowscape|[upkeep]\n|upkeep\n|turn|2\n|inactive|Dhervas15 has 30 seconds left.\n|inactive|Dhervas15 has 20 seconds left.\n|inactive|Dhervas15 has 15 seconds left.\n|\n|t:|1776076142\n|move|p1a: Sneasler|Protect|p1a: Sneasler\n|-singleturn|p1a: Sneasler|Protect\n|move|p2a: Sneasler|Dire Claw|p1b: Sinistcha\n|-damage|p1b: Sinistcha|77/100\n|-status|p1b: Sinistcha|slp\n|move|p2b: Froslass|Blizzard|p1b: Sinistcha|[spread] p1b\n|-activate|p1a: Sneasler|move: Protect\n|-supereffective|p1b: Sinistcha|1\n|-damage|p1b: Sinistcha|0 fnt\n|faint|p1b: Sinistcha\n|\n|-weather|Snowscape|[upkeep]\n|upkeep\n|\n|t:|1776076153\n|switch|p1b: Pelipper|Pelipper, L50, F|100/100\n|-weather|RainDance|[from] ability: Drizzle|[of] p1b: Pelipper\n|turn|3\n|\n|t:|1776076177\n|switch|p2a: Garchomp|Garchomp, L50, M, shiny|100/100\n|move|p1a: Sneasler|Dire Claw|p2b: Froslass\n|-resisted|p2b: Froslass|1\n|-damage|p2b: Froslass|81/100\n|move|p2b: Froslass|Blizzard|p1b: Pelipper|[spread] p1b\n|-miss|p2b: Froslass|p1a: Sneasler\n|-damage|p1b: Pelipper|17/100\n|move|p1b: Pelipper|Weather Ball|p2b: Froslass\n|-damage|p2b: Froslass|25/100\n|\n|-weather|RainDance|[upkeep]\n|upkeep\n|turn|4\n|inactive|Dhervas15 has 30 seconds left.\n|\n|t:|1776076204\n|move|p1a: Sneasler|Protect|p1a: Sneasler\n|-singleturn|p1a: Sneasler|Protect\n|move|p2b: Froslass|Protect|p2b: Froslass\n|-singleturn|p2b: Froslass|Protect\n|move|p1b: Pelipper|Wide Guard|p1b: Pelipper\n|-singleturn|p1b: Pelipper|Wide Guard\n|move|p2a: Garchomp|Rock Slide|p1a: Sneasler|[spread] \n|-activate|p1a: Sneasler|move: Wide Guard\n|-activate|p1b: Pelipper|move: Wide Guard\n|\n|-weather|RainDance|[upkeep]\n|upkeep\n|turn|5\n|\n|t:|1776076226\n|switch|p2a: Sneasler|Sneasler, L50, M, shiny|100/100\n|switch|p2b: Araquanid|Araquanid, L50, F, shiny|100/100\n|move|p1b: Pelipper|Wide Guard|p1b: Pelipper\n|-singleturn|p1b: Pelipper|Wide Guard\n|move|p1a: Sneasler|Dire Claw|p2b: Araquanid\n|-damage|p2b: Araquanid|76/100\n|\n|-weather|RainDance|[upkeep]\n|-sideend|p2: SCPRafael|move: Aurora Veil\n|upkeep\n|turn|6\n|\n|t:|1776076248\n|move|p1a: Sneasler|Protect|p1a: Sneasler\n|-singleturn|p1a: Sneasler|Protect\n|move|p1b: Pelipper|Protect|p1b: Pelipper\n|-singleturn|p1b: Pelipper|Protect\n|move|p2a: Sneasler|Fake Out|p1b: Pelipper\n|-activate|p1b: Pelipper|move: Protect\n|move|p2b: Araquanid|Liquidation|p1b: Pelipper\n|-activate|p1b: Pelipper|move: Protect\n|\n|-weather|RainDance|[upkeep]\n|upkeep\n|turn|7\n|inactive|Dhervas15 has 30 seconds left.\n|inactive|Dhervas15 has 20 seconds left.\n|inactive|Dhervas15 has 15 seconds left.\n|inactive|Dhervas15 has 10 seconds left.\n|\n|t:|1776076293\n|move|p2b: Araquanid|Protect|p2b: Araquanid\n|-singleturn|p2b: Araquanid|Protect\n|move|p2a: Sneasler|Dire Claw|p1b: Pelipper\n|-damage|p1b: Pelipper|0 fnt\n|faint|p1b: Pelipper\n|move|p1a: Sneasler|Dire Claw|p2b: Araquanid\n|-activate|p2b: Araquanid|move: Protect\n|\n|-weather|none\n|upkeep\n|\n|t:|1776076303\n|switch|p1b: Dragonite|Dragonite, L50, M|100/100\n|turn|8\n|\n|t:|1776076317\n|detailschange|p1b: Dragonite|Dragonite-Mega, L50, M\n|-mega|p1b: Dragonite|Dragonite|Dragoninite\n|move|p2a: Sneasler|Dire Claw|p1b: Dragonite\n|-damage|p1b: Dragonite|84/100\n|-status|p1b: Dragonite|psn|[from] ability: Poison Touch|[of] p2a: Sneasler\n|move|p1a: Sneasler|Dire Claw|p2b: Araquanid\n|-damage|p2b: Araquanid|35/100\n|move|p1b: Dragonite|Hurricane|p2a: Sneasler\n|-supereffective|p2a: Sneasler|1\n|-enditem|p2a: Sneasler|Focus Sash\n|-damage|p2a: Sneasler|1/100\n|-start|p2a: Sneasler|confusion\n|move|p2b: Araquanid|Liquidation|p1a: Sneasler\n|-damage|p1a: Sneasler|0 fnt\n|faint|p1a: Sneasler\n|\n|-damage|p1b: Dragonite|72/100 psn|[from] psn\n|upkeep\n|turn|9\n|inactive|Dhervas15 has 30 seconds left.\n|c|\u2606SCPRafael|Gg\n|\n|t:|1776076346\n|-activate|p2a: Sneasler|confusion\n|move|p2a: Sneasler|Dire Claw|p1b: Dragonite\n|-damage|p1b: Dragonite|38/100 psn\n|move|p1b: Dragonite|Tailwind|p1b: Dragonite\n|-sidestart|p1: Dhervas15|move: Tailwind\n|move|p2b: Araquanid|Liquidation|p1b: Dragonite\n|-resisted|p1b: Dragonite|1\n|-damage|p1b: Dragonite|14/100 psn\n|\n|-damage|p1b: Dragonite|2/100 psn|[from] psn\n|upkeep\n|turn|10\n|\n|t:|1776076356\n|-activate|p2a: Sneasler|confusion\n|move|p2a: Sneasler|Protect|p2a: Sneasler\n|-singleturn|p2a: Sneasler|Protect\n|move|p2b: Araquanid|Protect|p2b: Araquanid\n|-singleturn|p2b: Araquanid|Protect\n|move|p1b: Dragonite|Hurricane|p2b: Araquanid\n|-activate|p2b: Araquanid|move: Protect\n|\n|-damage|p1b: Dragonite|0 fnt|[from] psn\n|faint|p1b: Dragonite\n|\n|win|SCPRafael\n|raw|Dhervas15's rating: 1149 &rarr; <strong>1125</strong><br />(-24 for losing)\n|raw|SCPRafael's rating: 1167 &rarr; <strong>1191</strong><br />(+24 for winning)\n",
  "uploadtime": 1776076361,
  "views": 26,
  "formatid": "gen9championsvgc2026regma",
  "rating": 1125,
  "private": 0,
  "password": null
}