{
  "id": "gen9championsvgc2026regma-2583572867",
  "format": "[Gen 9 Champions] VGC 2026 Reg M-A",
  "players": [
    "Rei Lc1",
    "piedi nei piedi"
  ],
  "log": "|j|\u2606Rei Lc1\n|j|\u2606piedi nei piedi\n|t:|1776184116\n|gametype|doubles\n|player|p1|Rei Lc1|ethan|1397\n|player|p2|piedi nei piedi|zinnia|1448\n|gen|9\n|tier|[Gen 9 Champions] VGC 2026 Reg M-A\n|rated|\n|rule|Species Clause: Limit one of each Pok\u00e9mon\n|rule|Item Clause: Limit 1 of each item\n|clearpoke\n|poke|p1|Charizard, L50, M|\n|poke|p1|Sneasler, L50, M|\n|poke|p1|Whimsicott, L50, F|\n|poke|p1|Garchomp, L50, M|\n|poke|p1|Rotom-Wash, L50|\n|poke|p1|Kingambit, L50, M|\n|poke|p2|Maushold, L50|\n|poke|p2|Sneasler, L50, M|\n|poke|p2|Froslass, L50, F|\n|poke|p2|Samurott-Hisui, L50, M|\n|poke|p2|Arcanine-Hisui, L50, F|\n|poke|p2|Milotic, L50, M|\n|teampreview|4\n|\n|t:|1776184152\n|teamsize|p1|4\n|teamsize|p2|4\n|start\n|switch|p1a: Garchomp|Garchomp, L50, M, shiny|100/100\n|switch|p1b: Rotom|Rotom-Wash, L50, shiny|100/100\n|switch|p2a: Froslasso|Froslass, L50, F|100/100\n|switch|p2b: Sneaslerux|Sneasler, L50, M|100/100\n|turn|1\n|inactive|Battle timer is ON: inactive players will automatically lose when time's up. (requested by Rei Lc1)\n|\n|t:|1776184174\n|detailschange|p2a: Froslasso|Froslass-Mega, L50, F\n|-mega|p2a: Froslasso|Froslass|Froslassite\n|-weather|Snowscape|[from] ability: Snow Warning|[of] p2a: Froslasso\n|move|p2b: Sneaslerux|Protect|p2b: Sneaslerux\n|-singleturn|p2b: Sneaslerux|Protect\n|move|p1a: Garchomp|Protect|p1a: Garchomp\n|-singleturn|p1a: Garchomp|Protect\n|move|p1b: Rotom|Electroweb|p2a: Froslasso|[spread] p2a\n|-activate|p2b: Sneaslerux|move: Protect\n|-damage|p2a: Froslasso|77/100\n|-unboost|p2a: Froslasso|spe|1\n|move|p2a: Froslasso|Aurora Veil|p2a: Froslasso\n|-sidestart|p2: piedi nei piedi|move: Aurora Veil\n|\n|-weather|Snowscape|[upkeep]\n|upkeep\n|turn|2\n|inactive|Rei Lc1 has 30 seconds left.\n|\n|t:|1776184200\n|move|p1b: Rotom|Electroweb|p2a: Froslasso|[spread] p2a\n|-miss|p1b: Rotom|p2b: Sneaslerux\n|-damage|p2a: Froslasso|63/100\n|-unboost|p2a: Froslasso|spe|1\n|move|p2b: Sneaslerux|Close Combat|p1b: Rotom\n|-damage|p1b: Rotom|11/100\n|-unboost|p2b: Sneaslerux|def|1\n|-unboost|p2b: Sneaslerux|spd|1\n|-enditem|p2b: Sneaslerux|White Herb\n|-clearnegativeboost|p2b: Sneaslerux|[silent]\n|move|p1a: Garchomp|Earthquake|p2b: Sneaslerux|[spread] p2a,p2b\n|-immune|p1b: Rotom|[from] ability: Levitate\n|-supereffective|p2b: Sneaslerux|1\n|-damage|p2a: Froslasso|32/100\n|-damage|p2b: Sneaslerux|12/100\n|move|p2a: Froslasso|Blizzard|p1a: Garchomp|[spread] p1a,p1b\n|-supereffective|p1a: Garchomp|2\n|-resisted|p1b: Rotom|1\n|-damage|p1a: Garchomp|0 fnt\n|-damage|p1b: Rotom|0 fnt\n|faint|p1a: Garchomp\n|faint|p1b: Rotom\n|\n|-weather|Snowscape|[upkeep]\n|upkeep\n|\n|t:|1776184216\n|switch|p1b: Charizard|Charizard, L50, M|100/100\n|switch|p1a: Sneasler|Sneasler, L50, M|100/100\n|turn|3\n|inactive|Rei Lc1 has 30 seconds left.\n|inactive|Rei Lc1 has 20 seconds left.\n|inactive|Rei Lc1 has 15 seconds left.\n|inactive|Rei Lc1 has 10 seconds left.\n|\n|t:|1776184264\n|switch|p2a: Samurottium|Samurott-Hisui, L50, M|100/100\n|move|p2b: Sneaslerux|Protect|p2b: Sneaslerux\n|-singleturn|p2b: Sneaslerux|Protect\n|move|p1a: Sneasler|Dire Claw|p2a: Samurottium\n|-damage|p2a: Samurottium|62/100\n|-status|p2a: Samurottium|slp\n|move|p1b: Charizard|Heat Wave|p2b: Sneaslerux|[spread] p2a\n|-activate|p2b: Sneaslerux|move: Protect\n|-resisted|p2a: Samurottium|1\n|-damage|p2a: Samurottium|43/100 slp\n|\n|-weather|Snowscape|[upkeep]\n|upkeep\n|turn|4\n|inactive|Rei Lc1 has 30 seconds left.\n|\n|t:|1776184296\n|move|p1b: Charizard|Protect|p1b: Charizard\n|-singleturn|p1b: Charizard|Protect\n|cant|p2a: Samurottium|slp\n|move|p2b: Sneaslerux|Dire Claw|p1a: Sneasler\n|-resisted|p1a: Sneasler|1\n|-damage|p1a: Sneasler|64/100\n|move|p1a: Sneasler|Close Combat|p2b: Sneaslerux\n|-resisted|p2b: Sneaslerux|1\n|-damage|p2b: Sneaslerux|0 fnt\n|-unboost|p1a: Sneasler|def|1\n|-unboost|p1a: Sneasler|spd|1\n|faint|p2b: Sneaslerux\n|-enditem|p1a: Sneasler|White Herb\n|-clearnegativeboost|p1a: Sneasler|[silent]\n|\n|-weather|Snowscape|[upkeep]\n|upkeep\n|\n|t:|1776184313\n|switch|p2b: Arcaninnolo|Arcanine-Hisui, L50, F|100/100\n|-ability|p2b: Arcaninnolo|Intimidate|boost\n|-unboost|p1a: Sneasler|atk|1\n|-unboost|p1b: Charizard|atk|1\n|turn|5\n|\n|t:|1776184336\n|detailschange|p1b: Charizard|Charizard-Mega-Y, L50, M\n|-mega|p1b: Charizard|Charizard|Charizardite Y\n|-weather|SunnyDay|[from] ability: Drought|[of] p1b: Charizard\n|cant|p2a: Samurottium|slp\n|move|p1a: Sneasler|Close Combat|p2b: Arcaninnolo\n|-supereffective|p2b: Arcaninnolo|1\n|-damage|p2b: Arcaninnolo|26/100\n|-unboost|p1a: Sneasler|def|1\n|-unboost|p1a: Sneasler|spd|1\n|move|p2b: Arcaninnolo|Rock Slide|p1b: Charizard|[spread] p1a,p1b\n|-resisted|p1a: Sneasler|1\n|-crit|p1a: Sneasler\n|-supereffective|p1b: Charizard|2\n|-damage|p1a: Sneasler|13/100\n|-damage|p1b: Charizard|0 fnt\n|faint|p1b: Charizard\n|\n|-weather|SunnyDay|[upkeep]\n|-sideend|p2: piedi nei piedi|move: Aurora Veil\n|upkeep\n|turn|6\n|inactive|Rei Lc1 has 30 seconds left.\n|-message|Rei Lc1 forfeited.\n|\n|win|piedi nei piedi\n|raw|Rei Lc1's rating: 1397 &rarr; <strong>1380</strong><br />(-17 for losing)\n|raw|piedi nei piedi's rating: 1448 &rarr; <strong>1465</strong><br />(+17 for winning)\n|l|\u2606Rei Lc1\n|player|p1|\n",
  "uploadtime": 1776184366,
  "views": 24,
  "formatid": "gen9championsvgc2026regma",
  "rating": 1380,
  "private": 0,
  "password": null
}