{
  "id": "gen9championsvgc2026regma-2586855607",
  "format": "[Gen 9 Champions] VGC 2026 Reg M-A",
  "players": [
    "Millygan15",
    "Emilyabcde1ara"
  ],
  "log": "|j|\u2606Millygan15\n|j|\u2606Emilyabcde1ara\n|t:|1776465696\n|gametype|doubles\n|player|p1|Millygan15|volkner|1090\n|player|p2|Emilyabcde1ara|lass|1141\n|gen|9\n|tier|[Gen 9 Champions] VGC 2026 Reg M-A\n|rated|\n|rule|Species Clause: Limit one of each Pok\u00e9mon\n|rule|Item Clause: Limit 1 of each item\n|clearpoke\n|poke|p1|Zoroark-Hisui, L50, M|\n|poke|p1|Ditto, L50|\n|poke|p1|Incineroar, L50, M|\n|poke|p1|Dragonite, L50, M|\n|poke|p1|Rotom-Wash, L50|\n|poke|p1|Sneasler, L50, M|\n|poke|p2|Lucario, L50, F|\n|poke|p2|Talonflame, L50, M|\n|poke|p2|Primarina, L50, M|\n|poke|p2|Meowscarada, L50, M|\n|poke|p2|Dragapult, L50, F|\n|poke|p2|Clefable, L50, F|\n|teampreview|4\n|inactive|Battle timer is ON: inactive players will automatically lose when time's up. (requested by Emilyabcde1ara)\nMillygan15 rejected open team sheets.\n|inactive|Emilyabcde1ara has 60 seconds left.\n|\n|t:|1776465729\n|teamsize|p1|4\n|teamsize|p2|4\n|start\n|switch|p1a: Sneasler|Sneasler, L50, M|100/100\n|switch|p1b: Ditto|Ditto, L50|100/100\n|switch|p2a: Dragapult|Dragapult, L50, F|100/100\n|switch|p2b: Talonflame|Talonflame, L50, M|100/100\n|-transform|p1b: Ditto|p2a: Dragapult|[from] ability: Imposter\n|turn|1\n|inactive|Millygan15 has 30 seconds left.\n|\n|t:|1776465758\n|switch|p2a: Clefable|Clefable, L50, F|100/100\n|move|p2b: Talonflame|Protect|p2b: Talonflame\n|-singleturn|p2b: Talonflame|Protect\n|move|p1b: Ditto|Sucker Punch||[still]\n|-fail|p1b: Ditto\n|move|p1a: Sneasler|Icy Wind|p2a: Clefable|[spread] p2a\n|-activate|p2b: Talonflame|move: Protect\n|-damage|p2a: Clefable|91/100\n|-unboost|p2a: Clefable|spe|1\n|\n|upkeep\n|turn|2\n|\n|t:|1776465777\n|switch|p1b: Sneasler|Sneasler, L50, M|100/100\n|move|p2b: Talonflame|Dual Wingbeat|p1a: Sneasler|[miss]\n|-miss|p2b: Talonflame|p1a: Sneasler\n|move|p1a: Sneasler|Icy Wind|p2b: Talonflame|[spread] p2a,p2b\n|-damage|p2a: Clefable|81/100\n|-damage|p2b: Talonflame|82/100\n|-unboost|p2a: Clefable|spe|1\n|-unboost|p2b: Talonflame|spe|1\n|move|p2a: Clefable|Draining Kiss|p1b: Sneasler\n|-damage|p1b: Sneasler|79/100\n|-heal|p2a: Clefable|94/100|[from] drain|[of] p1b: Sneasler\n|\n|upkeep\n|turn|3\n|inactive|Millygan15 has 30 seconds left.\n|\n|t:|1776465803\n|move|p1b: Sneasler|Fake Out|p2b: Talonflame\n|-damage|p2b: Talonflame|59/100\n|-status|p2b: Talonflame|psn|[from] ability: Poison Touch|[of] p1b: Sneasler\n|move|p2a: Clefable|Follow Me|p2a: Clefable\n|-singleturn|p2a: Clefable|move: Follow Me\n|move|p1a: Sneasler|Bitter Malice|p2a: Clefable\n|-damage|p2a: Clefable|66/100\n|-unboost|p2a: Clefable|atk|1\n|cant|p2b: Talonflame|flinch\n|\n|-damage|p2b: Talonflame|47/100 psn|[from] psn\n|upkeep\n|turn|4\n|\n|t:|1776465819\n|move|p2a: Clefable|Follow Me|p2a: Clefable\n|-singleturn|p2a: Clefable|move: Follow Me\n|move|p1b: Sneasler|Dire Claw|p2a: Clefable\n|-supereffective|p2a: Clefable|1\n|-damage|p2a: Clefable|0 fnt\n|faint|p2a: Clefable\n|move|p1a: Sneasler|Bitter Malice|p2b: Talonflame\n|-damage|p2b: Talonflame|0 fnt\n|faint|p2b: Talonflame\n|\n|upkeep\n|\n|t:|1776465832\n|switch|p2b: Poppy|Primarina, L50, M|100/100\n|switch|p2a: Dragapult|Dragapult, L50, F|100/100\n|turn|5\n|\n|t:|1776465844\n|move|p2a: Dragapult|Dragon Darts|p1b: Sneasler\n|-damage|p1b: Sneasler|26/100\n|-anim|p2a: Dragapult|Dragon Darts|p1a: Sneasler\n|-damage|p1a: Sneasler|54/100\n|replace|p1a: Zoroark|Zoroark-Hisui, L50, M\n|-end|p1a: Zoroark|Illusion\n|move|p1b: Sneasler|Dire Claw|p2b: Poppy\n|-supereffective|p2b: Poppy|1\n|-damage|p2b: Poppy|0 fnt\n|faint|p2b: Poppy\n|move|p1a: Zoroark|Icy Wind|p2a: Dragapult\n|-supereffective|p2a: Dragapult|1\n|-damage|p2a: Dragapult|54/100\n|\n|upkeep\n|turn|6\n|\n|t:|1776465860\n|move|p2a: Dragapult|Dragon Darts|p1b: Sneasler\n|-damage|p1b: Sneasler|0 fnt\n|-anim|p2a: Dragapult|Dragon Darts|p1a: Zoroark\n|-damage|p1a: Zoroark|6/100\n|faint|p1b: Sneasler\n|move|p1a: Zoroark|Bitter Malice|p2a: Dragapult\n|-supereffective|p2a: Dragapult|1\n|-damage|p2a: Dragapult|0 fnt\n|faint|p2a: Dragapult\n|\n|win|Millygan15\n|raw|Millygan15's rating: 1090 &rarr; <strong>1120</strong><br />(+30 for winning)\n|raw|Emilyabcde1ara's rating: 1141 &rarr; <strong>1112</strong><br />(-29 for losing)\n|l|\u2606Emilyabcde1ara\n|player|p2|\n",
  "uploadtime": 1776465873,
  "views": 26,
  "formatid": "gen9championsvgc2026regma",
  "rating": 1112,
  "private": 0,
  "password": null
}