{
  "id": "gen9championsvgc2026regma-2581241995",
  "format": "[Gen 9 Champions] VGC 2026 Reg M-A",
  "players": [
    "maxd08",
    "Braytag"
  ],
  "log": "|j|\u2606maxd08\n|j|\u2606Braytag\n|t:|1775975186\n|gametype|doubles\n|player|p1|maxd08|skierf|1109\n|player|p2|Braytag|169|1055\n|gen|9\n|tier|[Gen 9 Champions] VGC 2026 Reg M-A\n|rated|\n|rule|Species Clause: Limit one of each Pok\u00e9mon\n|rule|Item Clause: Limit 1 of each item\n|clearpoke\n|poke|p1|Meganium, L50, F|\n|poke|p1|Aegislash, L50, M|\n|poke|p1|Pelipper, L50, M|\n|poke|p1|Torkoal, L50, F|\n|poke|p1|Farigiraf, L50, M|\n|poke|p1|Archaludon, L50, M|\n|poke|p2|Weavile, L50, M|\n|poke|p2|Kingambit, L50, F|\n|poke|p2|Talonflame, L50, M|\n|poke|p2|Rotom-Wash, L50|\n|poke|p2|Glimmora, L50, F|\n|poke|p2|Kommo-o, L50, M|\n|teampreview|4\nmaxd08 rejected open team sheets.\n|\n|t:|1775975228\n|teamsize|p1|4\n|teamsize|p2|4\n|start\n|switch|p1a: Archaludon|Archaludon, L50, M|100/100\n|switch|p1b: Pelipper|Pelipper, L50, M, shiny|100/100\n|switch|p2a: Weavile|Weavile, L50, M|100/100\n|switch|p2b: Kommo-o|Kommo-o, L50, M, shiny|100/100\n|-weather|RainDance|[from] ability: Drizzle|[of] p1b: Pelipper\n|turn|1\n|\n|t:|1775975244\n|move|p2a: Weavile|Fake Out|p1b: Pelipper\n|-damage|p1b: Pelipper|86/100\n|move|p2b: Kommo-o|Aura Sphere|p1a: Archaludon\n|-supereffective|p1a: Archaludon|1\n|-damage|p1a: Archaludon|1/100\n|-ability|p1a: Archaludon|Stamina|boost\n|-boost|p1a: Archaludon|def|1\n|move|p1a: Archaludon|Dragon Pulse|p2b: Kommo-o\n|-supereffective|p2b: Kommo-o|1\n|-damage|p2b: Kommo-o|16/100\n|cant|p1b: Pelipper|flinch\n|\n|-weather|RainDance|[upkeep]\n|-heal|p2b: Kommo-o|22/100|[from] item: Leftovers\n|upkeep\n|turn|2\n|\n|t:|1775975279\n|move|p1a: Archaludon|Protect|p1a: Archaludon\n|-singleturn|p1a: Archaludon|Protect\n|move|p2a: Weavile|Knock Off|p1a: Archaludon\n|-activate|p1a: Archaludon|move: Protect\n|move|p2b: Kommo-o|Clanging Scales|p1b: Pelipper|[spread] p1b\n|-activate|p1a: Archaludon|move: Protect\n|-damage|p1b: Pelipper|38/100\n|-unboost|p2b: Kommo-o|def|1\n|move|p1b: Pelipper|Tailwind|p1b: Pelipper\n|-sidestart|p1: maxd08|move: Tailwind\n|\n|-weather|RainDance|[upkeep]\n|-heal|p2b: Kommo-o|28/100|[from] item: Leftovers\n|upkeep\n|turn|3\n|\n|t:|1775975294\n|move|p2b: Kommo-o|Protect|p2b: Kommo-o\n|-singleturn|p2b: Kommo-o|Protect\n|move|p1a: Archaludon|Electro Shot||[still]\n|-prepare|p1a: Archaludon|Electro Shot\n|-boost|p1a: Archaludon|spa|1\n|-anim|p1a: Archaludon|Electro Shot|p2a: Weavile\n|-damage|p2a: Weavile|0 fnt\n|faint|p2a: Weavile\n|move|p1b: Pelipper|Hurricane|p2b: Kommo-o\n|-activate|p2b: Kommo-o|move: Protect\n|\n|-weather|RainDance|[upkeep]\n|-heal|p2b: Kommo-o|34/100|[from] item: Leftovers\n|upkeep\n|\n|t:|1775975310\n|switch|p2a: Glimmora|Glimmora, L50, F|100/100\n|turn|4\n|\n|t:|1775975324\n|switch|p2b: Kingambit|Kingambit, L50, F, shiny|100/100\n|detailschange|p2a: Glimmora|Glimmora-Mega, L50, F\n|-mega|p2a: Glimmora|Glimmora|Glimmoranite\n|move|p1a: Archaludon|Flash Cannon|p2a: Glimmora\n|-supereffective|p2a: Glimmora|1\n|-damage|p2a: Glimmora|0 fnt\n|faint|p2a: Glimmora\n|move|p1b: Pelipper|Weather Ball|p2b: Kingambit\n|-damage|p2b: Kingambit|43/100\n|\n|-weather|RainDance|[upkeep]\n|upkeep\n|\n|t:|1775975334\n|switch|p2a: Kommo-o|Kommo-o, L50, M, shiny|34/100\n|turn|5\n|\n|t:|1775975346\n|move|p1a: Archaludon|Electro Shot||[still]\n|-prepare|p1a: Archaludon|Electro Shot\n|-boost|p1a: Archaludon|spa|1\n|-anim|p1a: Archaludon|Electro Shot|p2b: Kingambit\n|-damage|p2b: Kingambit|0 fnt\n|faint|p2b: Kingambit\n|move|p1b: Pelipper|Hurricane|p2a: Kommo-o\n|-supereffective|p2a: Kommo-o|1\n|-damage|p2a: Kommo-o|0 fnt\n|faint|p2a: Kommo-o\n|\n|win|maxd08\n|raw|maxd08's rating: 1109 &rarr; <strong>1130</strong><br />(+21 for winning)\n|raw|Braytag's rating: 1055 &rarr; <strong>1040</strong><br />(-15 for losing)\n|l|\u2606Braytag\n|player|p2|\n",
  "uploadtime": 1775975352,
  "views": 11,
  "formatid": "gen9championsvgc2026regma",
  "rating": 1040,
  "private": 0,
  "password": null
}