{
  "id": "gen9championsvgc2026regma-2586809261",
  "format": "[Gen 9 Champions] VGC 2026 Reg M-A",
  "players": [
    "NotAShortKid232323",
    "TethysPersevere"
  ],
  "log": "|j|\u2606NotAShortKid232323\n|j|\u2606TethysPersevere\n|t:|1776461673\n|gametype|doubles\n|player|p1|NotAShortKid232323|102|1171\n|player|p2|TethysPersevere|lucas-gen4pt|1173\n|gen|9\n|tier|[Gen 9 Champions] VGC 2026 Reg M-A\n|rated|\n|rule|Species Clause: Limit one of each Pok\u00e9mon\n|rule|Item Clause: Limit 1 of each item\n|clearpoke\n|poke|p1|Floette-Eternal, L50, F|\n|poke|p1|Excadrill, L50, F|\n|poke|p1|Rotom-Wash, L50|\n|poke|p1|Incineroar, L50, M|\n|poke|p1|Whimsicott, L50, F|\n|poke|p1|Sinistcha, L50|\n|poke|p2|Empoleon, L50, M|\n|poke|p2|Sinistcha, L50|\n|poke|p2|Incineroar, L50, F|\n|poke|p2|Chimecho, L50, M|\n|poke|p2|Tyranitar, L50, F|\n|poke|p2|Kommo-o, L50, M|\n|teampreview|4\n|inactive|Battle timer is ON: inactive players will automatically lose when time's up. (requested by NotAShortKid232323)\n|inactive|TethysPersevere has 60 seconds left.\n|\n|t:|1776461713\n|teamsize|p1|4\n|teamsize|p2|4\n|start\n|switch|p1a: Excadrill|Excadrill, L50, F|100/100\n|switch|p1b: Whimsicott|Whimsicott, L50, F|100/100\n|switch|p2a: Empoleon|Empoleon, L50, M|100/100\n|switch|p2b: Sinistcha|Sinistcha, L50|100/100\n|turn|1\n|inactive|TethysPersevere has 30 seconds left.\n|\n|t:|1776461743\n|switch|p1a: Rotom|Rotom-Wash, L50|100/100\n|move|p1b: Whimsicott|Protect|p1b: Whimsicott\n|-singleturn|p1b: Whimsicott|Protect\n|move|p2b: Sinistcha|Matcha Gotcha|p1a: Rotom|[spread] p1a\n|-activate|p1b: Whimsicott|move: Protect\n|-supereffective|p1a: Rotom|1\n|-damage|p1a: Rotom|49/100\n|move|p2a: Empoleon|Flash Cannon|p1b: Whimsicott\n|-activate|p1b: Whimsicott|move: Protect\n|\n|upkeep\n|turn|2\n|\n|t:|1776461761\n|move|p1b: Whimsicott|Tailwind|p1b: Whimsicott\n|-sidestart|p1: NotAShortKid232323|move: Tailwind\n|move|p1a: Rotom|Volt Switch|p2a: Empoleon\n|-supereffective|p2a: Empoleon|1\n|-damage|p2a: Empoleon|24/100\n|\n|t:|1776461773\n|switch|p1a: Floette|Floette-Eternal, L50, F|100/100|[from] Volt Switch\n|move|p2b: Sinistcha|Matcha Gotcha|p1b: Whimsicott|[spread] p1a,p1b\n|-resisted|p1b: Whimsicott|1\n|-damage|p1a: Floette|78/100\n|-damage|p1b: Whimsicott|81/100\n|move|p2a: Empoleon|Flash Cannon|p1b: Whimsicott\n|-supereffective|p1b: Whimsicott|1\n|-damage|p1b: Whimsicott|0 fnt\n|faint|p1b: Whimsicott\n|\n|upkeep\n|\n|t:|1776461790\n|switch|p1b: Excadrill|Excadrill, L50, F|100/100\n|turn|3\n|\n|t:|1776461798\n|detailschange|p1a: Floette|Floette-Mega, L50, F\n|-mega|p1a: Floette|Floette|Floettite\n|-ability|p1a: Floette|Fairy Aura\n|move|p2a: Empoleon|Protect|p2a: Empoleon\n|-singleturn|p2a: Empoleon|Protect\n|move|p1b: Excadrill|Iron Head|p2b: Sinistcha\n|-damage|p2b: Sinistcha|60/100\n|move|p1a: Floette|Dazzling Gleam|p2a: Empoleon|[spread] p2b\n|-activate|p2a: Empoleon|move: Protect\n|-damage|p2b: Sinistcha|9/100\n|move|p2b: Sinistcha|Trick Room|p2b: Sinistcha\n|-fieldstart|move: Trick Room|[of] p2b: Sinistcha\n|\n|upkeep\n|turn|4\n|\n|t:|1776461820\n|move|p1a: Floette|Protect|p1a: Floette\n|-singleturn|p1a: Floette|Protect\n|move|p2a: Empoleon|Flash Cannon|p1a: Floette\n|-activate|p1a: Floette|move: Protect\n|move|p2b: Sinistcha|Life Dew|p2b: Sinistcha|[spread] p2a,p2b\n|-heal|p2a: Empoleon|49/100\n|-heal|p2b: Sinistcha|34/100\n|move|p1b: Excadrill|Iron Head|p2b: Sinistcha\n|-damage|p2b: Sinistcha|0 fnt\n|faint|p2b: Sinistcha\n|\n|upkeep\n|\n|t:|1776461831\n|switch|p2b: Chimecho|Chimecho, L50, M|100/100\n|turn|5\n|\n|t:|1776461840\n|switch|p1a: Rotom|Rotom-Wash, L50|49/100\n|detailschange|p2b: Chimecho|Chimecho-Mega, L50, M\n|-mega|p2b: Chimecho|Chimecho|Chimechite\n|move|p2a: Empoleon|Flash Cannon|p1a: Rotom\n|-resisted|p1a: Rotom|2\n|-damage|p1a: Rotom|37/100\n|-unboost|p1a: Rotom|spd|1\n|move|p2b: Chimecho|Calm Mind|p2b: Chimecho\n|-boost|p2b: Chimecho|spa|1\n|-boost|p2b: Chimecho|spd|1\n|move|p1b: Excadrill|Iron Head|p2b: Chimecho\n|-resisted|p2b: Chimecho|1\n|-damage|p2b: Chimecho|78/100\n|\n|-sideend|p1: NotAShortKid232323|move: Tailwind\n|upkeep\n|turn|6\n|\n|t:|1776461862\n|move|p2a: Empoleon|Surf|p1a: Rotom|[spread] p2b,p1a,p1b\n|-resisted|p1a: Rotom|1\n|-supereffective|p1b: Excadrill|1\n|-damage|p2b: Chimecho|52/100\n|-damage|p1a: Rotom|6/100\n|-damage|p1b: Excadrill|0 fnt\n|faint|p1b: Excadrill\n|move|p2b: Chimecho|Calm Mind|p2b: Chimecho\n|-boost|p2b: Chimecho|spa|1\n|-boost|p2b: Chimecho|spd|1\n|move|p1a: Rotom|Thunderbolt|p2a: Empoleon\n|-supereffective|p2a: Empoleon|1\n|-damage|p2a: Empoleon|0 fnt\n|faint|p2a: Empoleon\n|\n|upkeep\n|\n|t:|1776461872\n|switch|p2a: Kommo-o|Kommo-o, L50, M|100/100\n|switch|p1b: Floette|Floette-Mega, L50, F|78/100\n|-ability|p1b: Floette|Fairy Aura\n|turn|7\n|\n|t:|1776461892\n|move|p1a: Rotom|Protect|p1a: Rotom\n|-singleturn|p1a: Rotom|Protect\n|move|p1b: Floette|Protect|p1b: Floette\n|-singleturn|p1b: Floette|Protect\n|move|p2b: Chimecho|Calm Mind|p2b: Chimecho\n|-boost|p2b: Chimecho|spa|1\n|-boost|p2b: Chimecho|spd|1\n|move|p2a: Kommo-o|Clangorous Soul|p2a: Kommo-o\n|-boost|p2a: Kommo-o|atk|1\n|-boost|p2a: Kommo-o|def|1\n|-boost|p2a: Kommo-o|spa|1\n|-boost|p2a: Kommo-o|spd|1\n|-boost|p2a: Kommo-o|spe|1\n|-damage|p2a: Kommo-o|68/100\n|\n|-heal|p2a: Kommo-o|74/100|[from] item: Leftovers\n|-fieldend|move: Trick Room\n|upkeep\n|turn|8\n|\n|t:|1776461913\n|move|p2a: Kommo-o|Protect|p2a: Kommo-o\n|-singleturn|p2a: Kommo-o|Protect\n|move|p1b: Floette|Dazzling Gleam|p2b: Chimecho|[spread] p2b\n|-activate|p2a: Kommo-o|move: Protect\n|-resisted|p2b: Chimecho|1\n|-damage|p2b: Chimecho|42/100\n|move|p1a: Rotom|Hydro Pump|p2b: Chimecho\n|-damage|p2b: Chimecho|18/100\n|move|p2b: Chimecho|Flash Cannon|p1b: Floette\n|-supereffective|p1b: Floette|1\n|-damage|p1b: Floette|0 fnt\n|faint|p1b: Floette\n|\n|-heal|p2a: Kommo-o|79/100|[from] item: Leftovers\n|upkeep\n|turn|9\n|\n|t:|1776461930\n|move|p2a: Kommo-o|Clanging Scales|p1a: Rotom\n|-damage|p1a: Rotom|0 fnt\n|faint|p1a: Rotom\n|\n|win|TethysPersevere\n|raw|NotAShortKid232323's rating: 1171 &rarr; <strong>1146</strong><br />(-25 for losing)\n|raw|TethysPersevere's rating: 1173 &rarr; <strong>1198</strong><br />(+25 for winning)\n|l|\u2606NotAShortKid232323\n|player|p1|\n|c|\u2606TethysPersevere|gg\n",
  "uploadtime": 1776461938,
  "views": 26,
  "formatid": "gen9championsvgc2026regma",
  "rating": 1146,
  "private": 0,
  "password": null
}