{
  "id": "gen9championsvgc2026regma-2581333560",
  "format": "[Gen 9 Champions] VGC 2026 Reg M-A",
  "players": [
    "lilJesus07",
    "zeranogamer147"
  ],
  "log": "|j|\u2606lilJesus07\n|j|\u2606zeranogamer147\n|t:|1775987998\n|gametype|doubles\n|player|p1|lilJesus07|brawly|1308\n|player|p2|zeranogamer147|2|1394\n|gen|9\n|tier|[Gen 9 Champions] VGC 2026 Reg M-A\n|rated|\n|rule|Species Clause: Limit one of each Pok\u00e9mon\n|rule|Item Clause: Limit 1 of each item\n|clearpoke\n|poke|p1|Garchomp, L50, F|\n|poke|p1|Floette-Eternal, L50, F|\n|poke|p1|Incineroar, L50, F|\n|poke|p1|Sneasler, L50, F|\n|poke|p1|Kingambit, L50, F|\n|poke|p1|Basculegion, L50, M|\n|poke|p2|Charizard, L50, F|\n|poke|p2|Venusaur, L50, F|\n|poke|p2|Garchomp, L50, F|\n|poke|p2|Gardevoir, L50, M|\n|poke|p2|Milotic, L50, M|\n|poke|p2|Incineroar, L50, M|\n|teampreview|4\n|inactive|Battle timer is ON: inactive players will automatically lose when time's up. (requested by lilJesus07)\n|inactive|lilJesus07 has 60 seconds left.\n|\n|t:|1775988044\n|teamsize|p1|4\n|teamsize|p2|4\n|start\n|switch|p1a: Incineroar|Incineroar, L50, F|100/100\n|switch|p1b: Garchomp|Garchomp, L50, F|100/100\n|switch|p2a: Charizard|Charizard, L50, F|100/100\n|switch|p2b: Gardevoir|Gardevoir, L50, M|100/100\n|-ability|p2b: Gardevoir|Intimidate|Trace|[from] ability: Trace|[of] p1a: Incineroar\n|-ability|p2b: Gardevoir|Intimidate|boost\n|-unboost|p1a: Incineroar|atk|1\n|-unboost|p1b: Garchomp|atk|1\n|-ability|p1a: Incineroar|Intimidate|boost\n|-unboost|p2a: Charizard|atk|1\n|-unboost|p2b: Gardevoir|atk|1\n|turn|1\n|inactive|zeranogamer147 has 30 seconds left.\n|\n|t:|1775988075\n|detailschange|p2a: Charizard|Charizard-Mega-Y, L50, F\n|-mega|p2a: Charizard|Charizard|Charizardite Y\n|-weather|SunnyDay|[from] ability: Drought|[of] p2a: Charizard\n|move|p1a: Incineroar|Fake Out|p2b: Gardevoir\n|-crit|p2b: Gardevoir\n|-damage|p2b: Gardevoir|74/100\n|cant|p2b: Gardevoir|flinch\n|move|p1b: Garchomp|Rock Slide|p2a: Charizard|[spread] p2a,p2b\n|-supereffective|p2a: Charizard|2\n|-damage|p2a: Charizard|28/100\n|-damage|p2b: Gardevoir|53/100\n|move|p2a: Charizard|Heat Wave|p1a: Incineroar|[spread] p1a,p1b\n|-resisted|p1a: Incineroar|1\n|-resisted|p1b: Garchomp|1\n|-damage|p1a: Incineroar|79/100\n|-damage|p1b: Garchomp|68/100\n|\n|-weather|SunnyDay|[upkeep]\n|upkeep\n|turn|2\n|\n|t:|1775988096\n|switch|p2a: Venusaur|Venusaur, L50, F|100/100\n|move|p1b: Garchomp|Protect|p1b: Garchomp\n|-singleturn|p1b: Garchomp|Protect\n|move|p2b: Gardevoir|Moonblast|p1b: Garchomp\n|-activate|p1b: Garchomp|move: Protect\n|move|p1a: Incineroar|Parting Shot|p2b: Gardevoir\n|-unboost|p2b: Gardevoir|atk|1\n|-unboost|p2b: Gardevoir|spa|1\n|\n|t:|1775988106\n|switch|p1a: Sneasler|Sneasler, L50, F|100/100|[from] Parting Shot\n|\n|-weather|SunnyDay|[upkeep]\n|upkeep\n|turn|3\n|\n|t:|1775988116\n|move|p1a: Sneasler|Fake Out|p2a: Venusaur\n|-damage|p2a: Venusaur|83/100\n|cant|p2a: Venusaur|flinch\n|move|p2b: Gardevoir|Moonblast|p1b: Garchomp\n|-supereffective|p1b: Garchomp|1\n|-damage|p1b: Garchomp|0 fnt\n|faint|p1b: Garchomp\n|\n|-weather|SunnyDay|[upkeep]\n|upkeep\n|\n|t:|1775988138\n|switch|p1b: Incineroar|Incineroar, L50, F|79/100\n|-ability|p1b: Incineroar|Intimidate|boost\n|-unboost|p2a: Venusaur|atk|1\n|-unboost|p2b: Gardevoir|atk|1\n|turn|4\n|\n|t:|1775988162\n|switch|p2b: Garchomp|Garchomp, L50, F|100/100\n|move|p2a: Venusaur|Protect|p2a: Venusaur\n|-singleturn|p2a: Venusaur|Protect\n|move|p1b: Incineroar|Fake Out|p2b: Garchomp\n|-damage|p2b: Garchomp|91/100\n|-damage|p1b: Incineroar|66/100|[from] ability: Rough Skin|[of] p2b: Garchomp\n|move|p1a: Sneasler|Dire Claw|p2a: Venusaur\n|-activate|p2a: Venusaur|move: Protect\n|\n|-weather|SunnyDay|[upkeep]\n|upkeep\n|turn|5\n|\n|t:|1775988181\n|switch|p1b: Floette|Floette-Eternal, L50, F|100/100\n|move|p2a: Venusaur|Sludge Bomb|p1a: Sneasler\n|-resisted|p1a: Sneasler|1\n|-damage|p1a: Sneasler|73/100\n|move|p1a: Sneasler|Dire Claw|p2b: Garchomp\n|-resisted|p2b: Garchomp|1\n|-damage|p2b: Garchomp|70/100\n|-status|p2b: Garchomp|par\n|-enditem|p2b: Garchomp|Lum Berry|[eat]\n|-curestatus|p2b: Garchomp|par|[msg]\n|-damage|p1a: Sneasler|61/100|[from] ability: Rough Skin|[of] p2b: Garchomp\n|move|p2b: Garchomp|Earthquake|p1a: Sneasler|[spread] p2a,p1a,p1b\n|-supereffective|p1a: Sneasler|1\n|-damage|p2a: Venusaur|34/100\n|-damage|p1a: Sneasler|0 fnt\n|-damage|p1b: Floette|39/100\n|faint|p1a: Sneasler\n|\n|-weather|none\n|upkeep\n|\n|t:|1775988197\n|switch|p1a: Incineroar|Incineroar, L50, F|66/100\n|-ability|p1a: Incineroar|Intimidate|boost\n|-unboost|p2a: Venusaur|atk|1\n|-unboost|p2b: Garchomp|atk|1\n|turn|6\n|\n|t:|1775988217\n|detailschange|p1b: Floette|Floette-Mega, L50, F\n|-mega|p1b: Floette|Floette|Floettite\n|-ability|p1b: Floette|Fairy Aura\n|move|p2b: Garchomp|Protect|p2b: Garchomp\n|-singleturn|p2b: Garchomp|Protect\n|move|p2a: Venusaur|Protect|p2a: Venusaur\n|-singleturn|p2a: Venusaur|Protect\n|move|p1a: Incineroar|Fake Out|p2a: Venusaur\n|-activate|p2a: Venusaur|move: Protect\n|move|p1b: Floette|Dazzling Gleam|p2b: Garchomp|[spread] \n|-activate|p2a: Venusaur|move: Protect\n|-activate|p2b: Garchomp|move: Protect\n|\n|upkeep\n|turn|7\n|\n|t:|1775988234\n|switch|p2b: Charizard|Charizard-Mega-Y, L50, F|28/100\n|-weather|SunnyDay|[from] ability: Drought|[of] p2b: Charizard\n|move|p1b: Floette|Protect|p1b: Floette\n|-singleturn|p1b: Floette|Protect\n|move|p2a: Venusaur|Sludge Bomb|p1b: Floette\n|-activate|p1b: Floette|move: Protect\n|move|p1a: Incineroar|Darkest Lariat|p2a: Venusaur\n|-damage|p2a: Venusaur|0 fnt\n|faint|p2a: Venusaur\n|\n|-weather|SunnyDay|[upkeep]\n|upkeep\n|\n|t:|1775988246\n|switch|p2a: Gardevoir|Gardevoir, L50, M|53/100\n|-ability|p2a: Gardevoir|Fairy Aura|Trace|[from] ability: Trace|[of] p1b: Floette\n|-ability|p2a: Gardevoir|Fairy Aura\n|turn|8\n|\n|t:|1775988258\n|move|p2a: Gardevoir|Moonblast|p1b: Floette\n|-damage|p1b: Floette|0 fnt\n|faint|p1b: Floette\n|move|p2b: Charizard|Heat Wave|p1a: Incineroar\n|-resisted|p1a: Incineroar|1\n|-damage|p1a: Incineroar|37/100\n|-enditem|p1a: Incineroar|Sitrus Berry|[eat]\n|-heal|p1a: Incineroar|61/100|[from] item: Sitrus Berry\n|move|p1a: Incineroar|Darkest Lariat|p2b: Charizard\n|-damage|p2b: Charizard|0 fnt\n|faint|p2b: Charizard\n|\n|-weather|SunnyDay|[upkeep]\n|upkeep\n|\n|t:|1775988260\n|switch|p2b: Garchomp|Garchomp, L50, F|70/100\n|turn|9\n|\n|t:|1775988264\n|move|p2a: Gardevoir|Moonblast|p1a: Incineroar\n|-damage|p1a: Incineroar|9/100\n|move|p2b: Garchomp|Dragon Claw|p1a: Incineroar\n|-damage|p1a: Incineroar|0 fnt\n|faint|p1a: Incineroar\n|\n|win|zeranogamer147\n|raw|lilJesus07's rating: 1308 &rarr; <strong>1293</strong><br />(-15 for losing)\n|raw|zeranogamer147's rating: 1394 &rarr; <strong>1409</strong><br />(+15 for winning)\n|l|\u2606lilJesus07\n|player|p1|\n|j| gE1xjZRtuhW2DdT0AK\n|l|\u2606zeranogamer147\n|player|p2|\n",
  "uploadtime": 1775988421,
  "views": 23,
  "formatid": "gen9championsvgc2026regma",
  "rating": 1293,
  "private": 0,
  "password": null
}