{
  "id": "gen9championsvgc2026regma-2581103163",
  "format": "[Gen 9 Champions] VGC 2026 Reg M-A",
  "players": [
    "LampTG",
    "Cello L."
  ],
  "log": "|j|\u2606LampTG\n|j|\u2606Cello L.\n|t:|1775960136\n|gametype|doubles\n|player|p1|LampTG|2|\n|player|p2|Cello L.|cynthia-gen4|\n|gen|9\n|tier|[Gen 9 Champions] VGC 2026 Reg M-A\n|rated|Tournament battle\n|rule|Species Clause: Limit one of each Pok\u00e9mon\n|rule|Item Clause: Limit 1 of each item\n|raw|<div class=\"infobox\"><details class=\"readmore\" open><summary><strong>1 custom rule:</strong></summary> Force Open Team Sheets</details></div>\n|clearpoke\n|poke|p1|Incineroar, L50, M|\n|poke|p1|Whimsicott, L50, M|\n|poke|p1|Glimmora, L50, M|\n|poke|p1|Pelipper, L50, F|\n|poke|p1|Basculegion, L50, M|\n|poke|p1|Archaludon, L50, M|\n|poke|p2|Archaludon, L50, F|\n|poke|p2|Pelipper, L50, M|\n|poke|p2|Basculegion, L50, M|\n|poke|p2|Gardevoir, L50, F|\n|poke|p2|Sinistcha-Masterpiece, L50|\n|poke|p2|Incineroar, L50, M|\n|teampreview|4\n|showteam|p1|Incineroar||SitrusBerry|Intimidate|FakeOut,FlareBlitz,Crunch,PartingShot|||M|||50|]Whimsicott||MentalHerb|Prankster|Moonblast,Encore,FakeTears,Tailwind|||M|||50|]Glimmora||Glimmoranite|ToxicDebris|PowerGem,SludgeBomb,EarthPower,SpikyShield|||M|||50|]Pelipper||ChoiceScarf|Drizzle|WeatherBall,Hurricane,IcyWind,IceBeam|||F|||50|]Basculegion||FocusSash|Adaptability|Liquidation,LastRespects,AquaJet,Protect|||M|||50|]Archaludon||WhiteHerb|Sturdy|ElectroShot,DracoMeteor,FlashCannon,Protect|||M|||50|\n|showteam|p2|Archaludon||Leftovers|Stamina|ElectroShot,DracoMeteor,FlashCannon,Protect|||F|||50|]Pelipper||FocusSash|Drizzle|WeatherBall,Hurricane,Tailwind,Protect|||M|||50|]Basculegion||ChoiceScarf|Adaptability|WaveCrash,LastRespects,AquaJet,FlipTurn|||M|||50|]Gardevoir||Gardevoirite|Trace|HyperVoice,Psyshock,CalmMind,Protect|||F|||50|]Sinistcha-Masterpiece||SitrusBerry|Hospitality|MatchaGotcha,RagePowder,LifeDew,TrickRoom||||||50|]Incineroar||LumBerry|Intimidate|FlareBlitz,DarkestLariat,FakeOut,PartingShot|||M|||50|\n|inactive|Battle timer is ON: inactive players will automatically lose when time's up. (requested by LampTG)\n|inactive|LampTG has 60 seconds left.\n|inactive|Cello L. has 60 seconds left.\n|\n|t:|1775960177\n|teamsize|p1|4\n|teamsize|p2|4\n|start\n|switch|p1a: Whimsicott|Whimsicott, L50, M|100/100\n|switch|p1b: Incineroar|Incineroar, L50, M|100/100\n|switch|p2a: Allons-y|Archaludon, L50, F|100/100\n|switch|p2b: Fantastic|Pelipper, L50, M|100/100\n|-weather|RainDance|[from] ability: Drizzle|[of] p2b: Fantastic\n|-ability|p1b: Incineroar|Intimidate|boost\n|-unboost|p2a: Allons-y|atk|1\n|-unboost|p2b: Fantastic|atk|1\n|turn|1\n|inactive|LampTG has 30 seconds left.\n|\n|t:|1775960208\n|move|p1b: Incineroar|Fake Out|p2b: Fantastic\n|-damage|p2b: Fantastic|86/100\n|move|p1a: Whimsicott|Tailwind|p1a: Whimsicott\n|-sidestart|p1: LampTG|move: Tailwind\n|cant|p2b: Fantastic|flinch\n|move|p2a: Allons-y|Flash Cannon|p1a: Whimsicott\n|-supereffective|p1a: Whimsicott|1\n|-damage|p1a: Whimsicott|2/100\n|\n|-weather|RainDance|[upkeep]\n|upkeep\n|turn|2\n|\n|t:|1775960234\n|move|p2a: Allons-y|Protect|p2a: Allons-y\n|-singleturn|p2a: Allons-y|Protect\n|move|p1a: Whimsicott|Fake Tears|p2a: Allons-y\n|-activate|p2a: Allons-y|move: Protect\n|move|p1b: Incineroar|Parting Shot|p2b: Fantastic\n|-unboost|p2b: Fantastic|atk|1\n|-unboost|p2b: Fantastic|spa|1\n|\n|t:|1775960237\n|switch|p1b: Basculegion|Basculegion, L50, M|100/100|[from] Parting Shot\n|move|p2b: Fantastic|Weather Ball|p1a: Whimsicott\n|-resisted|p1a: Whimsicott|1\n|-damage|p1a: Whimsicott|0 fnt\n|faint|p1a: Whimsicott\n|\n|-weather|RainDance|[upkeep]\n|upkeep\n|\n|t:|1775960242\n|switch|p1a: Glimmora|Glimmora, L50, M|100/100\n|turn|3\n|\n|t:|1775960262\n|detailschange|p1a: Glimmora|Glimmora-Mega, L50, M\n|-mega|p1a: Glimmora|Glimmora|Glimmoranite\n|move|p1a: Glimmora|Power Gem|p2b: Fantastic\n|-supereffective|p2b: Fantastic|1\n|-crit|p2b: Fantastic\n|-damage|p2b: Fantastic|0 fnt\n|faint|p2b: Fantastic\n|move|p1b: Basculegion|Last Respects|p2a: Allons-y\n|-damage|p2a: Allons-y|52/100\n|-ability|p2a: Allons-y|Stamina|boost\n|-boost|p2a: Allons-y|def|1\n|move|p2a: Allons-y|Electro Shot||[still]\n|-prepare|p2a: Allons-y|Electro Shot\n|-boost|p2a: Allons-y|spa|1\n|-anim|p2a: Allons-y|Electro Shot|p1b: Basculegion\n|-supereffective|p1b: Basculegion|1\n|-enditem|p1b: Basculegion|Focus Sash\n|-damage|p1b: Basculegion|1/100\n|\n|-weather|RainDance|[upkeep]\n|-heal|p2a: Allons-y|58/100|[from] item: Leftovers\n|upkeep\n|\n|t:|1775960278\n|switch|p2b: Doctor|Sinistcha-Masterpiece, L50|100/100\n|-heal|p2a: Allons-y|83/100|[from] ability: Hospitality|[of] p2b: Doctor\n|turn|4\n|inactive|Cello L. has 30 seconds left.\n|\n|t:|1775960314\n|move|p1a: Glimmora|Sludge Bomb|p2b: Doctor\n|-damage|p2b: Doctor|36/100\n|-enditem|p2b: Doctor|Sitrus Berry|[eat]\n|-heal|p2b: Doctor|61/100|[from] item: Sitrus Berry\n|move|p1b: Basculegion|Last Respects|p2b: Doctor\n|-supereffective|p2b: Doctor|1\n|-damage|p2b: Doctor|0 fnt\n|faint|p2b: Doctor\n|move|p2a: Allons-y|Electro Shot||[still]\n|-prepare|p2a: Allons-y|Electro Shot\n|-boost|p2a: Allons-y|spa|1\n|-anim|p2a: Allons-y|Electro Shot|p1b: Basculegion\n|-supereffective|p1b: Basculegion|1\n|-damage|p1b: Basculegion|0 fnt\n|faint|p1b: Basculegion\n|\n|-weather|RainDance|[upkeep]\n|-heal|p2a: Allons-y|89/100|[from] item: Leftovers\n|-sideend|p1: LampTG|move: Tailwind\n|upkeep\n|\n|t:|1775960330\n|switch|p1b: Incineroar|Incineroar, L50, M|100/100\n|switch|p2b: Geronimo|Basculegion, L50, M|100/100\n|-ability|p1b: Incineroar|Intimidate|boost\n|-unboost|p2a: Allons-y|atk|1\n|-unboost|p2b: Geronimo|atk|1\n|turn|5\n|\n|t:|1775960344\n|move|p1a: Glimmora|Spiky Shield|p1a: Glimmora\n|-singleturn|p1a: Glimmora|move: Protect\n|move|p2b: Geronimo|Wave Crash|p1b: Incineroar\n|-supereffective|p1b: Incineroar|1\n|-damage|p1b: Incineroar|0 fnt\n|faint|p1b: Incineroar\n|-damage|p2b: Geronimo|67/100|[from] Recoil\n|move|p2a: Allons-y|Flash Cannon|p1a: Glimmora\n|-activate|p1a: Glimmora|move: Protect\n|\n|-weather|none\n|-heal|p2a: Allons-y|95/100|[from] item: Leftovers\n|upkeep\n|turn|6\n|-message|LampTG forfeited.\n|\n|win|Cello L.\n|n|\u2606LampTG|lamptg\n|n|\u2606Cello L.|cellol\n|l|\u2606LampTG\n|player|p1|\n|c|\u2606Cello L.|gg\n",
  "uploadtime": 1775960368,
  "views": 11,
  "formatid": "gen9championsvgc2026regma",
  "rating": null,
  "private": 0,
  "password": null
}