{
  "id": "gen9championsvgc2026regma-2586110034",
  "format": "[Gen 9 Champions] VGC 2026 Reg M-A",
  "players": [
    "retama",
    "Phillip Blevin"
  ],
  "log": "|j|\u2606retama\n|j|\u2606Phillip Blevin\n|t:|1776400167\n|gametype|doubles\n|player|p1|retama|1|1213\n|player|p2|Phillip Blevin|cynthia-masters4|1287\n|gen|9\n|tier|[Gen 9 Champions] VGC 2026 Reg M-A\n|rated|\n|rule|Species Clause: Limit one of each Pok\u00e9mon\n|rule|Item Clause: Limit 1 of each item\n|clearpoke\n|poke|p1|Alakazam, L50, M|\n|poke|p1|Pelipper, L50, F|\n|poke|p1|Sneasler, L50, F|\n|poke|p1|Sinistcha, L50|\n|poke|p1|Incineroar, L50, M|\n|poke|p1|Snorlax, L50, F|\n|poke|p2|Froslass, L50, F|\n|poke|p2|Corviknight, L50, M|\n|poke|p2|Incineroar, L50, M|\n|poke|p2|Rotom-Mow, L50|\n|poke|p2|Sneasler, L50, F|\n|poke|p2|Primarina, L50, M|\n|teampreview|4\n|inactive|Battle timer is ON: inactive players will automatically lose when time's up. (requested by Phillip Blevin)\nPhillip Blevin has agreed to open team sheets.\n|\n|t:|1776400185\n|teamsize|p1|4\n|teamsize|p2|4\n|start\n|switch|p1a: Alakazam|Alakazam, L50, M|100/100\n|switch|p1b: Snorlax|Snorlax, L50, F|100/100\n|switch|p2a: Corviknight|Corviknight, L50, M|100/100\n|switch|p2b: Rotom|Rotom-Mow, L50|100/100\n|turn|1\n|\n|t:|1776400206\n|detailschange|p1a: Alakazam|Alakazam-Mega, L50, M\n|-mega|p1a: Alakazam|Alakazam|Alakazite\n|-ability|p1a: Alakazam|Levitate|Trace|[from] ability: Trace|[of] p2b: Rotom\n|move|p2b: Rotom|Trick|p1b: Snorlax\n|-activate|p2b: Rotom|move: Trick|[of] p1b: Snorlax\n|-item|p1b: Snorlax|Choice Scarf|[from] move: Trick\n|-item|p2b: Rotom|Leftovers|[from] move: Trick\n|move|p1a: Alakazam|Speed Swap|p1b: Snorlax\n|-activate|p1a: Alakazam|move: Speed Swap|[of] p1b: Snorlax\n|move|p1b: Snorlax|Belly Drum|p1b: Snorlax\n|-damage|p1b: Snorlax|51/100\n|-setboost|p1b: Snorlax|atk|6|[from] move: Belly Drum\n|move|p2a: Corviknight|Bulk Up|p2a: Corviknight\n|-boost|p2a: Corviknight|atk|1\n|-boost|p2a: Corviknight|def|1\n|\n|upkeep\n|turn|2\n|\n|t:|1776400229\n|switch|p1b: Incineroar|Incineroar, L50, M, shiny|100/100\n|-ability|p1b: Incineroar|Intimidate|boost\n|-ability|p2a: Corviknight|Mirror Armor\n|-unboost|p1b: Incineroar|atk|1\n|-unboost|p2b: Rotom|atk|1\n|move|p2b: Rotom|Electroweb|p1b: Incineroar|[spread] p1a,p1b\n|-damage|p1a: Alakazam|80/100\n|-damage|p1b: Incineroar|87/100\n|-unboost|p1a: Alakazam|spe|1\n|-unboost|p1b: Incineroar|spe|1\n|move|p2a: Corviknight|Body Press|p1b: Incineroar\n|-supereffective|p1b: Incineroar|1\n|-damage|p1b: Incineroar|23/100\n|move|p1a: Alakazam|Encore|p2a: Corviknight\n|-start|p2a: Corviknight|Encore\n|\n|upkeep\n|turn|3\n|inactive|retama has 30 seconds left.\n|\n|t:|1776400255\n|switch|p1b: Sinistcha|Sinistcha, L50|100/100\n|-heal|p1a: Alakazam|100/100|[from] ability: Hospitality|[of] p1b: Sinistcha\n|move|p2b: Rotom|Volt Switch|p1a: Alakazam\n|-damage|p1a: Alakazam|69/100\n|\n|t:|1776400260\n|switch|p2b: Incineroar|Incineroar, L50, M|100/100|[from] Volt Switch\n|-ability|p2b: Incineroar|Intimidate|boost\n|-unboost|p1a: Alakazam|atk|1\n|-unboost|p1b: Sinistcha|atk|1\n|move|p2a: Corviknight|Body Press|p1b: Sinistcha\n|-immune|p1b: Sinistcha\n|move|p1a: Alakazam|Disable|p2a: Corviknight\n|-start|p2a: Corviknight|Disable|Body Press\n|\n|upkeep\n|turn|4\n|inactive|retama has 30 seconds left.\n|inactive|retama has 20 seconds left.\n|inactive|retama has 15 seconds left.\n|inactive|retama has 10 seconds left.\n|inactive|retama has 5 seconds left.\n|\n|t:|1776400311\n|-activate|p2a: Corviknight|move: Struggle\n|move|p2a: Corviknight|Struggle|p1b: Sinistcha\n|-damage|p1b: Sinistcha|85/100\n|-damage|p2a: Corviknight|76/100|[from] recoil\n|move|p2b: Incineroar|Flare Blitz|p1b: Sinistcha\n|-supereffective|p1b: Sinistcha|1\n|-damage|p1b: Sinistcha|0 fnt\n|faint|p1b: Sinistcha\n|-damage|p2b: Incineroar|76/100|[from] Recoil\n|move|p1a: Alakazam|Psychic|p2a: Corviknight\n|-resisted|p2a: Corviknight|1\n|-damage|p2a: Corviknight|48/100\n|-ability|p2a: Corviknight|Mirror Armor\n|-unboost|p1a: Alakazam|spd|1\n|\n|-heal|p2a: Corviknight|54/100|[from] item: Leftovers\n|upkeep\n|\n|t:|1776400322\n|switch|p1b: Snorlax|Snorlax, L50, F|51/100\n|turn|5\n|\n|t:|1776400328\n|switch|p1a: Incineroar|Incineroar, L50, M, shiny|23/100\n|-ability|p1a: Incineroar|Intimidate|boost\n|-ability|p2a: Corviknight|Mirror Armor\n|-unboost|p1a: Incineroar|atk|1\n|-unboost|p2b: Incineroar|atk|1\n|-activate|p2a: Corviknight|move: Struggle\n|move|p2a: Corviknight|Struggle|p1a: Incineroar\n|-damage|p1a: Incineroar|11/100\n|-damage|p2a: Corviknight|29/100|[from] recoil\n|move|p2b: Incineroar|Darkest Lariat|p1a: Incineroar\n|-resisted|p1a: Incineroar|1\n|-damage|p1a: Incineroar|2/100\n|move|p1b: Snorlax|Rock Slide|p2b: Incineroar|[spread] p2a,p2b\n|-supereffective|p2b: Incineroar|1\n|-damage|p2a: Corviknight|23/100\n|-damage|p2b: Incineroar|52/100\n|\n|-heal|p2a: Corviknight|29/100|[from] item: Leftovers\n|-end|p2a: Corviknight|Encore\n|upkeep\n|turn|6\n|\n|t:|1776400352\n|move|p1a: Incineroar|Fake Out|p2b: Incineroar\n|-damage|p2b: Incineroar|47/100\n|move|p2a: Corviknight|Roost|p2a: Corviknight\n|-heal|p2a: Corviknight|79/100\n|-singleturn|p2a: Corviknight|move: Roost\n|cant|p2b: Incineroar|flinch\n|move|p1b: Snorlax|Rock Slide|p2b: Incineroar|[spread] p2a\n|-miss|p1b: Snorlax|p2b: Incineroar\n|-resisted|p2a: Corviknight|1\n|-damage|p2a: Corviknight|76/100\n|\n|-heal|p2a: Corviknight|81/100|[from] item: Leftovers\n|upkeep\n|turn|7\n|\n|t:|1776400363\n|move|p2a: Corviknight|Brave Bird|p1a: Incineroar\n|-damage|p1a: Incineroar|0 fnt\n|faint|p1a: Incineroar\n|-damage|p2a: Corviknight|81/100|[from] Recoil\n|move|p2b: Incineroar|Parting Shot|p1b: Snorlax\n|-unboost|p1b: Snorlax|atk|1\n|-unboost|p1b: Snorlax|spa|1\n|\n|t:|1776400368\n|switch|p2b: Rotom|Rotom-Mow, L50|100/100|[from] Parting Shot\n|move|p1b: Snorlax|Rock Slide|p2b: Rotom|[spread] p2a,p2b\n|-damage|p2a: Corviknight|77/100\n|-damage|p2b: Rotom|89/100\n|\n|-heal|p2b: Rotom|95/100|[from] item: Leftovers\n|-heal|p2a: Corviknight|82/100|[from] item: Leftovers\n|-end|p2a: Corviknight|Disable\n|upkeep\n|\n|t:|1776400375\n|switch|p1a: Alakazam|Alakazam-Mega, L50, M|69/100\n|-ability|p1a: Alakazam|Levitate|Trace|[from] ability: Trace|[of] p2b: Rotom\n|turn|8\n|\n|t:|1776400384\n|move|p1a: Alakazam|Psychic|p2b: Rotom\n|-damage|p2b: Rotom|29/100\n|move|p2b: Rotom|Volt Switch|p1b: Snorlax\n|-damage|p1b: Snorlax|34/100\n|\n|t:|1776400389\n|switch|p2b: Incineroar|Incineroar, L50, M|47/100|[from] Volt Switch\n|-ability|p2b: Incineroar|Intimidate|boost\n|-unboost|p1a: Alakazam|atk|1\n|-unboost|p1b: Snorlax|atk|1\n|move|p2a: Corviknight|Brave Bird|p1a: Alakazam\n|-damage|p1a: Alakazam|0 fnt\n|faint|p1a: Alakazam\n|-damage|p2a: Corviknight|67/100|[from] Recoil\n|move|p1b: Snorlax|Rock Slide|p2b: Incineroar|[spread] p2a,p2b\n|-supereffective|p2b: Incineroar|1\n|-damage|p2a: Corviknight|64/100\n|-damage|p2b: Incineroar|34/100\n|\n|-heal|p2a: Corviknight|70/100|[from] item: Leftovers\n|upkeep\n|turn|9\n|\n|t:|1776400397\n|move|p2b: Incineroar|Fake Out|p1b: Snorlax\n|-damage|p1b: Snorlax|25/100\n|move|p2a: Corviknight|Body Press|p1b: Snorlax\n|-supereffective|p1b: Snorlax|1\n|-damage|p1b: Snorlax|0 fnt\n|faint|p1b: Snorlax\n|\n|win|Phillip Blevin\n|raw|retama's rating: 1213 &rarr; <strong>1193</strong><br />(-20 for losing)\n|raw|Phillip Blevin's rating: 1287 &rarr; <strong>1307</strong><br />(+20 for winning)\n",
  "uploadtime": 1776400397,
  "views": 19,
  "formatid": "gen9championsvgc2026regma",
  "rating": 1193,
  "private": 0,
  "password": null
}