{
  "id": "gen9championsvgc2026regma-2586524007",
  "format": "[Gen 9 Champions] VGC 2026 Reg M-A",
  "players": [
    "MegaAuraMaxxing",
    "Aduxz"
  ],
  "log": "|j|\u2606MegaAuraMaxxing\n|j|\u2606Aduxz\n|t:|1776440524\n|gametype|doubles\n|player|p1|MegaAuraMaxxing|red|1160\n|player|p2|Aduxz|170|1100\n|gen|9\n|tier|[Gen 9 Champions] VGC 2026 Reg M-A\n|rated|\n|rule|Species Clause: Limit one of each Pok\u00e9mon\n|rule|Item Clause: Limit 1 of each item\n|clearpoke\n|poke|p1|Gengar, L50, M|\n|poke|p1|Lucario, L50, M|\n|poke|p1|Tyranitar, L50, M|\n|poke|p1|Rotom-Wash, L50|\n|poke|p1|Corviknight, L50, M|\n|poke|p1|Clefable, L50, M|\n|poke|p2|Sableye, L50, M|\n|poke|p2|Sinistcha, L50|\n|poke|p2|Blastoise, L50, M|\n|poke|p2|Espathra, L50, F|\n|poke|p2|Rotom-Wash, L50|\n|poke|p2|Farigiraf, L50, F|\n|teampreview|4\n|inactive|Battle timer is ON: inactive players will automatically lose when time's up. (requested by MegaAuraMaxxing)\n|\n|t:|1776440558\n|teamsize|p1|4\n|teamsize|p2|4\n|start\n|switch|p1a: Gengar|Gengar, L50, M|100/100\n|switch|p1b: Lucario|Lucario, L50, M|100/100\n|switch|p2a: Farigiraf|Farigiraf, L50, F|100/100\n|switch|p2b: Sableye|Sableye, L50, M|100/100\n|turn|1\n|\n|t:|1776440576\n|detailschange|p1a: Gengar|Gengar-Mega, L50, M\n|-mega|p1a: Gengar|Gengar|Gengarite\n|move|p2b: Sableye|Fake Out|p1b: Lucario\n|-resisted|p1b: Lucario|1\n|-damage|p1b: Lucario|94/100\n|move|p1a: Gengar|Sludge Bomb|p2a: Farigiraf\n|-damage|p2a: Farigiraf|42/100\n|-enditem|p2a: Farigiraf|Sitrus Berry|[eat]\n|-heal|p2a: Farigiraf|67/100|[from] item: Sitrus Berry\n|move|p1b: Lucario|Meteor Mash|p2a: Farigiraf\n|-damage|p2a: Farigiraf|35/100\n|move|p2a: Farigiraf|Trick Room|p2a: Farigiraf\n|-fieldstart|move: Trick Room|[of] p2a: Farigiraf\n|\n|upkeep\n|turn|2\n|inactive|Aduxz has 30 seconds left.\n|\n|t:|1776440603\n|switch|p1a: Tyranitar|Tyranitar, L50, M|100/100\n|-weather|Sandstorm|[from] ability: Sand Stream|[of] p1a: Tyranitar\n|move|p2b: Sableye|Disable|p1a: Tyranitar\n|-hint|Since gen 7, Dark is immune to Prankster moves.\n|-immune|p1a: Tyranitar\n|move|p2a: Farigiraf|Calm Mind|p2a: Farigiraf\n|-boost|p2a: Farigiraf|spa|1\n|-boost|p2a: Farigiraf|spd|1\n|move|p1b: Lucario|Meteor Mash|p2a: Farigiraf\n|-damage|p2a: Farigiraf|4/100\n|\n|-weather|Sandstorm|[upkeep]\n|-damage|p2b: Sableye|95/100|[from] Sandstorm\n|-damage|p2a: Farigiraf|0 fnt|[from] Sandstorm\n|faint|p2a: Farigiraf\n|upkeep\n|\n|t:|1776440619\n|switch|p2a: Rotom|Rotom-Wash, L50|100/100\n|turn|3\n|\n|t:|1776440634\n|switch|p1b: Rotom|Rotom-Wash, L50|100/100\n|move|p2b: Sableye|Rain Dance|p2b: Sableye\n|-weather|RainDance\n|move|p1a: Tyranitar|Crunch|p2b: Sableye\n|-damage|p2b: Sableye|36/100\n|move|p2a: Rotom|Trick|p1b: Rotom\n|-activate|p2a: Rotom|move: Trick|[of] p1b: Rotom\n|-item|p1b: Rotom|Choice Scarf|[from] move: Trick\n|-item|p2a: Rotom|Choice Scarf|[from] move: Trick\n|\n|-weather|RainDance|[upkeep]\n|upkeep\n|turn|4\n|inactive|Aduxz has 30 seconds left.\n|inactive|Aduxz has 20 seconds left.\n|\n|t:|1776440671\n|switch|p1a: Gengar|Gengar-Mega, L50, M|100/100\n|move|p2b: Sableye|Disable||[still]\n|-fail|p2b: Sableye\n|move|p1b: Rotom|Volt Switch|p2b: Sableye\n|-damage|p2b: Sableye|0 fnt\n|faint|p2b: Sableye\n|\n|t:|1776440686\n|switch|p1b: Lucario|Lucario, L50, M|94/100|[from] Volt Switch\n|move|p2a: Rotom|Trick||[still]\n|-fail|p2a: Rotom\n|\n|-weather|RainDance|[upkeep]\n|upkeep\n|\n|t:|1776440693\n|switch|p2b: Blastoise|Blastoise, L50, M|100/100\n|turn|5\n|\n|t:|1776440711\n|detailschange|p2b: Blastoise|Blastoise-Mega, L50, M\n|-mega|p2b: Blastoise|Blastoise|Blastoisinite\n|move|p1a: Gengar|Protect|p1a: Gengar\n|-singleturn|p1a: Gengar|Protect\n|move|p2b: Blastoise|Water Spout|p1a: Gengar|[spread] p1b\n|-activate|p1a: Gengar|move: Protect\n|-damage|p1b: Lucario|0 fnt\n|faint|p1b: Lucario\n|move|p2a: Rotom|Trick|p1a: Gengar\n|-activate|p1a: Gengar|move: Protect\n|\n|-weather|RainDance|[upkeep]\n|-fieldend|move: Trick Room\n|upkeep\n|\n|t:|1776440720\n|switch|p1b: Rotom|Rotom-Wash, L50|100/100\n|turn|6\n|\n|t:|1776440735\n|switch|p1a: Tyranitar|Tyranitar, L50, M|100/100\n|-weather|Sandstorm|[from] ability: Sand Stream|[of] p1a: Tyranitar\n|move|p2a: Rotom|Trick||[still]\n|-fail|p2a: Rotom\n|move|p1b: Rotom|Thunderbolt|p2b: Blastoise\n|-supereffective|p2b: Blastoise|1\n|-crit|p2b: Blastoise\n|-damage|p2b: Blastoise|0 fnt\n|faint|p2b: Blastoise\n|\n|-weather|Sandstorm|[upkeep]\n|-damage|p2a: Rotom|95/100|[from] Sandstorm\n|-damage|p1b: Rotom|95/100|[from] Sandstorm\n|upkeep\n|turn|7\n|\n|t:|1776440749\n|move|p2a: Rotom|Trick|p1a: Tyranitar\n|-activate|p2a: Rotom|move: Trick|[of] p1a: Tyranitar\n|-item|p1a: Tyranitar|Choice Scarf|[from] move: Trick\n|-item|p2a: Rotom|White Herb|[from] move: Trick\n|move|p1b: Rotom|Thunderbolt|p2a: Rotom\n|-damage|p2a: Rotom|32/100\n|move|p1a: Tyranitar|Rock Slide|p2a: Rotom\n|-damage|p2a: Rotom|0 fnt\n|faint|p2a: Rotom\n|\n|win|MegaAuraMaxxing\n|raw|MegaAuraMaxxing's rating: 1160 &rarr; <strong>1181</strong><br />(+21 for winning)\n|raw|Aduxz's rating: 1100 &rarr; <strong>1079</strong><br />(-21 for losing)\n",
  "uploadtime": 1776440756,
  "views": 20,
  "formatid": "gen9championsvgc2026regma",
  "rating": 1079,
  "private": 0,
  "password": null
}