{
  "id": "gen9championsvgc2026regma-2588725709",
  "format": "[Gen 9 Champions] VGC 2026 Reg M-A",
  "players": [
    "RintoShion",
    "MapsWithoutNZ"
  ],
  "log": "|j|\u2606RintoShion\n|j|\u2606MapsWithoutNZ\n|t:|1776662490\n|gametype|doubles\n|player|p1|RintoShion|blue|1048\n|player|p2|MapsWithoutNZ|2|1113\n|gen|9\n|tier|[Gen 9 Champions] VGC 2026 Reg M-A\n|rated|\n|rule|Species Clause: Limit one of each Pok\u00e9mon\n|rule|Item Clause: Limit 1 of each item\n|clearpoke\n|poke|p1|Feraligatr, L50, F, shiny|\n|poke|p1|Pelipper, L50, M, shiny|\n|poke|p1|Sinistcha, L50, shiny|\n|poke|p1|Incineroar, L50, F, shiny|\n|poke|p1|Whimsicott, L50, M, shiny|\n|poke|p1|Sneasler, L50, M, shiny|\n|poke|p2|Floette-Eternal, L50, F|\n|poke|p2|Incineroar, L50, M|\n|poke|p2|Sinistcha, L50|\n|poke|p2|Aerodactyl, L50, F|\n|poke|p2|Sneasler, L50, M|\n|poke|p2|Scizor, L50, M|\n|teampreview|4\n|inactive|Battle timer is ON: inactive players will automatically lose when time's up. (requested by RintoShion)\nRintoShion rejected open team sheets.\n|inactive|MapsWithoutNZ has 60 seconds left.\n|inactive|MapsWithoutNZ has 30 seconds left.\n|\n|t:|1776662574\n|teamsize|p1|4\n|teamsize|p2|4\n|start\n|switch|p1a: te de dro-|Sinistcha, L50, shiny|100/100\n|switch|p1b: gato feo|Sneasler, L50, M, shiny|100/100\n|switch|p2a: Aerodactyl|Aerodactyl, L50, F|100/100\n|switch|p2b: Sneasler|Sneasler, L50, M|100/100\n|-ability|p2a: Aerodactyl|Unnerve\n|turn|1\n|inactive|MapsWithoutNZ has 30 seconds left.\n|\n|t:|1776662606\n|move|p1b: gato feo|Protect|p1b: gato feo\n|-singleturn|p1b: gato feo|Protect\n|move|p2b: Sneasler|Fake Out|p1b: gato feo\n|-activate|p1b: gato feo|move: Protect\n|move|p2a: Aerodactyl|Dual Wingbeat|p1a: te de dro-\n|-supereffective|p1a: te de dro-|1\n|-damage|p1a: te de dro-|67/100\n|-supereffective|p1a: te de dro-|1\n|-damage|p1a: te de dro-|38/100\n|-hitcount|p1a: te de dro-|2\n|move|p1a: te de dro-|Trick Room|p1a: te de dro-\n|-fieldstart|move: Trick Room|[of] p1a: te de dro-\n|\n|upkeep\n|turn|2\n|\n|t:|1776662626\n|move|p2a: Aerodactyl|Protect|p2a: Aerodactyl\n|-singleturn|p2a: Aerodactyl|Protect\n|move|p1a: te de dro-|Strength Sap|p2a: Aerodactyl\n|-activate|p2a: Aerodactyl|move: Protect\n|move|p1b: gato feo|Rock Slide|p2b: Sneasler|[spread] p2b\n|-activate|p2a: Aerodactyl|move: Protect\n|-resisted|p2b: Sneasler|1\n|-damage|p2b: Sneasler|83/100\n|move|p2b: Sneasler|Dire Claw|p1a: te de dro-\n|-damage|p1a: te de dro-|4/100\n|\n|upkeep\n|turn|3\n|\n|t:|1776662648\n|move|p1a: te de dro-|Strength Sap|p2a: Aerodactyl\n|-unboost|p2a: Aerodactyl|atk|1\n|-heal|p1a: te de dro-|93/100\n|move|p1b: gato feo|Rock Slide|p2a: Aerodactyl|[spread] p2a,p2b\n|-supereffective|p2a: Aerodactyl|1\n|-resisted|p2b: Sneasler|1\n|-damage|p2a: Aerodactyl|29/100\n|-damage|p2b: Sneasler|67/100\n|move|p2b: Sneasler|Dire Claw|p1a: te de dro-\n|-damage|p1a: te de dro-|56/100\n|move|p2a: Aerodactyl|Dual Wingbeat|p1b: gato feo\n|-supereffective|p1b: gato feo|1\n|-damage|p1b: gato feo|66/100\n|-supereffective|p1b: gato feo|1\n|-damage|p1b: gato feo|34/100\n|-hitcount|p1b: gato feo|2\n|\n|upkeep\n|turn|4\n|inactive|MapsWithoutNZ has 30 seconds left.\n|\n|t:|1776662676\n|move|p2a: Aerodactyl|Protect|p2a: Aerodactyl\n|-singleturn|p2a: Aerodactyl|Protect\n|move|p1a: te de dro-|Strength Sap|p2b: Sneasler\n|-unboost|p2b: Sneasler|atk|1\n|-heal|p1a: te de dro-|100/100\n|-enditem|p2b: Sneasler|White Herb\n|-clearnegativeboost|p2b: Sneasler|[silent]\n|move|p1b: gato feo|Rock Slide|p2b: Sneasler|[spread] p2b\n|-activate|p2a: Aerodactyl|move: Protect\n|-resisted|p2b: Sneasler|1\n|-damage|p2b: Sneasler|50/100\n|cant|p2b: Sneasler|flinch\n|\n|upkeep\n|turn|5\n|\n|t:|1776662696\n|switch|p2a: Scizor|Scizor, L50, M|100/100\n|move|p2b: Sneasler|Protect|p2b: Sneasler\n|-singleturn|p2b: Sneasler|Protect\n|move|p1a: te de dro-|Matcha Gotcha|p2b: Sneasler|[spread] p2a\n|-activate|p2b: Sneasler|move: Protect\n|-resisted|p2a: Scizor|2\n|-crit|p2a: Scizor\n|-damage|p2a: Scizor|88/100\n|move|p1b: gato feo|Close Combat|p2b: Sneasler\n|-activate|p2b: Sneasler|move: Protect\n|\n|-fieldend|move: Trick Room\n|upkeep\n|turn|6\n|\n|t:|1776662721\n|detailschange|p2a: Scizor|Scizor-Mega, L50, M\n|-mega|p2a: Scizor|Scizor|Scizorite\n|move|p1b: gato feo|Protect|p1b: gato feo\n|-singleturn|p1b: gato feo|Protect\n|move|p1a: te de dro-|Protect|p1a: te de dro-\n|-singleturn|p1a: te de dro-|Protect\n|move|p2b: Sneasler|Dire Claw|p1b: gato feo\n|-activate|p1b: gato feo|move: Protect\n|move|p2a: Scizor|Bug Bite|p1a: te de dro-\n|-activate|p1a: te de dro-|move: Protect\n|\n|upkeep\n|turn|7\n|\n|t:|1776662743\n|switch|p1b: rikisisisimo|Incineroar, L50, F, shiny|100/100\n|-ability|p1b: rikisisisimo|Intimidate|boost\n|-unboost|p2a: Scizor|atk|1\n|-unboost|p2b: Sneasler|atk|1\n|move|p2b: Sneasler|Dire Claw|p1a: te de dro-\n|-damage|p1a: te de dro-|75/100\n|-status|p1a: te de dro-|par\n|move|p2a: Scizor|Bug Bite|p1a: te de dro-\n|-damage|p1a: te de dro-|43/100 par\n|move|p1a: te de dro-|Trick Room|p1a: te de dro-\n|-fieldstart|move: Trick Room|[of] p1a: te de dro-\n|\n|upkeep\n|turn|8\n|\n|t:|1776662765\n|switch|p2a: Aerodactyl|Aerodactyl, L50, F|29/100\n|-ability|p2a: Aerodactyl|Unnerve\n|move|p1a: te de dro-|Strength Sap|p2a: Aerodactyl\n|-unboost|p2a: Aerodactyl|atk|1\n|-heal|p1a: te de dro-|100/100 par\n|move|p1b: rikisisisimo|Will-O-Wisp|p2b: Sneasler\n|-status|p2b: Sneasler|brn\n|move|p2b: Sneasler|Dire Claw|p1b: rikisisisimo\n|-damage|p1b: rikisisisimo|88/100\n|\n|-heal|p1b: rikisisisimo|94/100|[from] item: Leftovers\n|-damage|p2b: Sneasler|44/100 brn|[from] brn\n|upkeep\n|turn|9\n|\n|t:|1776662783\n|move|p1a: te de dro-|Matcha Gotcha|p2a: Aerodactyl|[spread] p2a,p2b\n|-resisted|p2b: Sneasler|1\n|-damage|p2a: Aerodactyl|0 fnt\n|-damage|p2b: Sneasler|28/100 brn\n|faint|p2a: Aerodactyl\n|move|p1b: rikisisisimo|Will-O-Wisp|p2b: Sneasler\n|-fail|p2b: Sneasler|brn\n|move|p2b: Sneasler|Dire Claw|p1b: rikisisisimo\n|-damage|p1b: rikisisisimo|81/100\n|\n|-heal|p1b: rikisisisimo|87/100|[from] item: Leftovers\n|-damage|p2b: Sneasler|22/100 brn|[from] brn\n|upkeep\n|\n|t:|1776662795\n|switch|p2a: Floette|Floette-Eternal, L50, F|100/100\n|turn|10\n|\n|t:|1776662806\n|move|p1a: te de dro-|Matcha Gotcha|p2b: Sneasler|[spread] p2a,p2b\n|-resisted|p2b: Sneasler|1\n|-damage|p2a: Floette|76/100\n|-damage|p2b: Sneasler|4/100 brn\n|move|p1b: rikisisisimo|Parting Shot|p2a: Floette\n|-unboost|p2a: Floette|atk|1\n|-unboost|p2a: Floette|spa|1\n|\n|t:|1776662820\n|switch|p1b: Brand|Whimsicott, L50, M, shiny|100/100|[from] Parting Shot\n|move|p2a: Floette|Calm Mind|p2a: Floette\n|-boost|p2a: Floette|spa|1\n|-boost|p2a: Floette|spd|1\n|move|p2b: Sneasler|Dire Claw|p1b: Brand\n|-supereffective|p1b: Brand|2\n|-damage|p1b: Brand|36/100\n|\n|-damage|p2b: Sneasler|0 fnt|[from] brn\n|faint|p2b: Sneasler\n|upkeep\n|\n|t:|1776662829\n|switch|p2b: Scizor|Scizor-Mega, L50, M|88/100\n|turn|11\n|\n|t:|1776662838\n|switch|p1a: rikisisisimo|Incineroar, L50, F, shiny|87/100\n|-ability|p1a: rikisisisimo|Intimidate|boost\n|-unboost|p2a: Floette|atk|1\n|-unboost|p2b: Scizor|atk|1\n|move|p2b: Scizor|Bullet Punch|p1b: Brand\n|-supereffective|p1b: Brand|1\n|-damage|p1b: Brand|0 fnt\n|faint|p1b: Brand\n|move|p2a: Floette|Moonblast|p1a: rikisisisimo\n|-damage|p1a: rikisisisimo|45/100\n|\n|-heal|p1a: rikisisisimo|51/100|[from] item: Leftovers\n|-fieldend|move: Trick Room\n|upkeep\n|\n|t:|1776662847\n|switch|p1b: gato feo|Sneasler, L50, M, shiny|34/100\n|turn|12\n|\n|t:|1776662854\n|move|p2a: Floette|Protect|p2a: Floette\n|-singleturn|p2a: Floette|Protect\n|move|p2b: Scizor|Protect|p2b: Scizor\n|-singleturn|p2b: Scizor|Protect\n|move|p1a: rikisisisimo|Fake Out|p2a: Floette\n|-activate|p2a: Floette|move: Protect\n|move|p1b: gato feo|Rock Slide|p2a: Floette|[spread] \n|-activate|p2a: Floette|move: Protect\n|-activate|p2b: Scizor|move: Protect\n|\n|-heal|p1a: rikisisisimo|57/100|[from] item: Leftovers\n|upkeep\n|turn|13\n|inactive|MapsWithoutNZ has 30 seconds left.\n|\n|t:|1776662882\n|move|p1b: gato feo|Protect|p1b: gato feo\n|-singleturn|p1b: gato feo|Protect\n|move|p2b: Scizor|Bullet Punch|p1b: gato feo\n|-activate|p1b: gato feo|move: Protect\n|move|p2a: Floette|Moonblast|p1a: rikisisisimo\n|-damage|p1a: rikisisisimo|18/100\n|move|p1a: rikisisisimo|Parting Shot|p2a: Floette\n|-unboost|p2a: Floette|atk|1\n|-unboost|p2a: Floette|spa|1\n|\n|t:|1776662892\n|switch|p1a: te de dro-|Sinistcha, L50, shiny|100/100 par|[from] Parting Shot\n|-heal|p1b: gato feo|59/100|[from] ability: Hospitality|[of] p1a: te de dro-\n|\n|upkeep\n|turn|14\n|\n|t:|1776662911\n|move|p2b: Scizor|Bullet Punch|p1b: gato feo\n|-damage|p1b: gato feo|25/100\n|move|p2a: Floette|Dazzling Gleam|p1b: gato feo|[spread] p1a,p1b\n|-damage|p1a: te de dro-|83/100 par\n|-damage|p1b: gato feo|3/100\n|move|p1b: gato feo|Rock Slide|p2b: Scizor|[spread] p2a,p2b\n|-damage|p2a: Floette|45/100\n|-damage|p2b: Scizor|70/100\n|move|p1a: te de dro-|Trick Room|p1a: te de dro-\n|-fieldstart|move: Trick Room|[of] p1a: te de dro-\n|\n|upkeep\n|turn|15\n|\n|t:|1776662934\n|move|p1b: gato feo|Protect|p1b: gato feo\n|-singleturn|p1b: gato feo|Protect\n|move|p2a: Floette|Protect|p2a: Floette\n|-singleturn|p2a: Floette|Protect\n|move|p1a: te de dro-|Matcha Gotcha|p2a: Floette|[spread] \n|-activate|p2a: Floette|move: Protect\n|-miss|p1a: te de dro-|p2b: Scizor\n|move|p2b: Scizor|Swords Dance|p2b: Scizor\n|-boost|p2b: Scizor|atk|2\n|\n|upkeep\n|turn|16\n|\n|t:|1776662955\n|move|p1b: gato feo|Protect||[still]\n|-fail|p1b: gato feo\n|move|p2b: Scizor|Bullet Punch|p1b: gato feo\n|-damage|p1b: gato feo|0 fnt\n|faint|p1b: gato feo\n|move|p1a: te de dro-|Matcha Gotcha|p2a: Floette|[spread] p2a,p2b\n|-resisted|p2b: Scizor|2\n|-damage|p2a: Floette|28/100\n|-heal|p1a: te de dro-|90/100 par|[from] drain|[of] p2a: Floette\n|-damage|p2b: Scizor|62/100\n|-heal|p1a: te de dro-|94/100 par|[from] drain|[of] p2b: Scizor\n|move|p2a: Floette|Moonblast|p1a: te de dro-\n|-damage|p1a: te de dro-|61/100 par\n|\n|upkeep\n|\n|t:|1776662968\n|switch|p1b: rikisisisimo|Incineroar, L50, F, shiny|18/100\n|-ability|p1b: rikisisisimo|Intimidate|boost\n|-unboost|p2a: Floette|atk|1\n|-unboost|p2b: Scizor|atk|1\n|turn|17\n|\n|t:|1776662979\n|move|p2b: Scizor|Protect|p2b: Scizor\n|-singleturn|p2b: Scizor|Protect\n|move|p2a: Floette|Protect|p2a: Floette\n|-singleturn|p2a: Floette|Protect\n|move|p1a: te de dro-|Strength Sap|p2b: Scizor\n|-activate|p2b: Scizor|move: Protect\n|move|p1b: rikisisisimo|Flare Blitz|p2b: Scizor\n|-activate|p2b: Scizor|move: Protect\n|\n|-heal|p1b: rikisisisimo|24/100|[from] item: Leftovers\n|upkeep\n|turn|18\n|inactive|MapsWithoutNZ has 30 seconds left.\n|inactive|MapsWithoutNZ has 20 seconds left.\n|inactive|MapsWithoutNZ has 15 seconds left.\n|\n|t:|1776663022\n|move|p1a: te de dro-|Matcha Gotcha|p2b: Scizor|[spread] p2a,p2b\n|-resisted|p2b: Scizor|2\n|-damage|p2a: Floette|12/100\n|-heal|p1a: te de dro-|68/100 par|[from] drain|[of] p2a: Floette\n|-damage|p2b: Scizor|55/100\n|-heal|p1a: te de dro-|71/100 par|[from] drain|[of] p2b: Scizor\n|-status|p2a: Floette|brn\n|move|p1b: rikisisisimo|Flare Blitz|p2b: Scizor\n|-supereffective|p2b: Scizor|2\n|-damage|p2b: Scizor|0 fnt\n|faint|p2b: Scizor\n|-damage|p1b: rikisisisimo|10/100|[from] Recoil\n|move|p2a: Floette|Moonblast|p1a: te de dro-\n|-damage|p1a: te de dro-|38/100 par\n|\n|-heal|p1b: rikisisisimo|16/100|[from] item: Leftovers\n|-damage|p2a: Floette|6/100 brn|[from] brn\n|-fieldend|move: Trick Room\n|upkeep\n|turn|19\n|-message|MapsWithoutNZ forfeited.\n|\n|win|RintoShion\n|raw|RintoShion's rating: 1048 &rarr; <strong>1087</strong><br />(+39 for winning)\n|raw|MapsWithoutNZ's rating: 1113 &rarr; <strong>1083</strong><br />(-30 for losing)\n|l|\u2606MapsWithoutNZ\n|player|p2|\n",
  "uploadtime": 1776663044,
  "views": 8,
  "formatid": "gen9championsvgc2026regma",
  "rating": 1083,
  "private": 0,
  "password": null
}