{
  "id": "gen9championsvgc2026regma-2587929734",
  "format": "[Gen 9 Champions] VGC 2026 Reg M-A",
  "players": [
    "Sparrow's Grace",
    "sommeliersam"
  ],
  "log": "|badge|p2|bronze|gen9ou|100-9\n|uhtml|medal-msg|<div class=\"broadcast-blue\">Curious what those medals under the avatar are? PS now has Ladder Seasons! For more information, check out the <a href=\"https://www.smogon.com/forums/threads/3740067/\">thread on Smogon.</a></div>\n|j|\u2606Sparrow's Grace\n|j|\u2606sommeliersam\n|t:|1776580552\n|gametype|doubles\n|player|p1|Sparrow's Grace|miku-flying|1445\n|player|p2|sommeliersam|102|1418\n|gen|9\n|tier|[Gen 9 Champions] VGC 2026 Reg M-A\n|rated|\n|rule|Species Clause: Limit one of each Pok\u00e9mon\n|rule|Item Clause: Limit 1 of each item\n|clearpoke\n|poke|p1|Pelipper, L50, M|\n|poke|p1|Basculegion, L50, M, shiny|\n|poke|p1|Archaludon, L50, M|\n|poke|p1|Sneasler, L50, F|\n|poke|p1|Sinistcha, L50|\n|poke|p1|Floette-Eternal, L50, F|\n|poke|p2|Floette-Eternal, L50, F|\n|poke|p2|Garchomp, L50, F|\n|poke|p2|Kingambit, L50, F|\n|poke|p2|Basculegion, L50, M|\n|poke|p2|Sneasler, L50, F|\n|poke|p2|Froslass, L50, F|\n|teampreview|4\n|inactive|Battle timer is ON: inactive players will automatically lose when time's up. (requested by Sparrow's Grace)\n|\n|t:|1776580602\n|teamsize|p1|4\n|teamsize|p2|4\n|start\n|switch|p1a: Basculegion|Basculegion, L50, M, shiny|100/100\n|switch|p1b: Archaludon|Archaludon, L50, M|100/100\n|switch|p2a: Garchomp|Garchomp, L50, F|100/100\n|switch|p2b: Froslass|Froslass, L50, F|100/100\n|turn|1\n|\n|t:|1776580623\n|detailschange|p2b: Froslass|Froslass-Mega, L50, F\n|-mega|p2b: Froslass|Froslass|Froslassite\n|-weather|Snowscape|[from] ability: Snow Warning|[of] p2b: Froslass\n|move|p2b: Froslass|Protect|p2b: Froslass\n|-singleturn|p2b: Froslass|Protect\n|move|p1a: Basculegion|Flip Turn|p2a: Garchomp\n|-damage|p2a: Garchomp|69/100\n|-damage|p1a: Basculegion|88/100|[from] ability: Rough Skin|[of] p2a: Garchomp\n|\n|t:|1776580632\n|switch|p1a: Pelipper|Pelipper, L50, M|100/100|[from] Flip Turn\n|-weather|RainDance|[from] ability: Drizzle|[of] p1a: Pelipper\n|move|p2a: Garchomp|Earthquake|p1b: Archaludon|[spread] p1b\n|-activate|p2b: Froslass|move: Protect\n|-immune|p1a: Pelipper\n|-supereffective|p1b: Archaludon|1\n|-damage|p1b: Archaludon|43/100\n|-ability|p1b: Archaludon|Stamina|boost\n|-boost|p1b: Archaludon|def|1\n|move|p1b: Archaludon|Flash Cannon|p2b: Froslass\n|-activate|p2b: Froslass|move: Protect\n|\n|-weather|RainDance|[upkeep]\n|-heal|p1b: Archaludon|49/100|[from] item: Leftovers\n|upkeep\n|turn|2\n|inactive|sommeliersam has 30 seconds left.\n|inactive|sommeliersam has 20 seconds left.\n|\n|t:|1776580670\n|move|p1a: Pelipper|Wide Guard|p1a: Pelipper\n|-singleturn|p1a: Pelipper|Wide Guard\n|move|p2b: Froslass|Shadow Ball|p1b: Archaludon\n|-damage|p1b: Archaludon|0 fnt\n|faint|p1b: Archaludon\n|move|p2a: Garchomp|Earthquake|p1a: Pelipper|[spread] p2b\n|-activate|p1a: Pelipper|move: Wide Guard\n|-damage|p2b: Froslass|51/100\n|\n|-weather|RainDance|[upkeep]\n|upkeep\n|\n|t:|1776580679\n|switch|p1b: Basculegion|Basculegion, L50, M, shiny|88/100\n|turn|3\n|\n|t:|1776580696\n|move|p2b: Froslass|Protect|p2b: Froslass\n|-singleturn|p2b: Froslass|Protect\n|move|p2a: Garchomp|Protect|p2a: Garchomp\n|-singleturn|p2a: Garchomp|Protect\n|move|p1b: Basculegion|Wave Crash|p2a: Garchomp\n|-activate|p2a: Garchomp|move: Protect\n|move|p1a: Pelipper|Tailwind|p1a: Pelipper\n|-sidestart|p1: Sparrow's Grace|move: Tailwind\n|\n|-weather|RainDance|[upkeep]\n|upkeep\n|turn|4\n|inactive|sommeliersam has 30 seconds left.\n|inactive|Sparrow's Grace has 30 seconds left.\n|inactive|sommeliersam has 20 seconds left.\n|inactive|sommeliersam has 15 seconds left.\n|\n|t:|1776580738\n|move|p1b: Basculegion|Wave Crash|p2a: Garchomp\n|-damage|p2a: Garchomp|0 fnt\n|-damage|p1b: Basculegion|76/100|[from] ability: Rough Skin|[of] p2a: Garchomp\n|faint|p2a: Garchomp\n|-damage|p1b: Basculegion|51/100|[from] Recoil\n|move|p1a: Pelipper|Hurricane|p2b: Froslass\n|-damage|p2b: Froslass|6/100\n|-start|p2b: Froslass|confusion\n|-activate|p2b: Froslass|confusion\n|move|p2b: Froslass|Shadow Ball|p1b: Basculegion\n|-supereffective|p1b: Basculegion|1\n|-damage|p1b: Basculegion|0 fnt\n|faint|p1b: Basculegion\n|\n|-weather|RainDance|[upkeep]\n|upkeep\n|j| sdfsfgh\n|\n|t:|1776580755\n|switch|p2a: Sneasler|Sneasler, L50, F|100/100\n|switch|p1b: Sneasler|Sneasler, L50, F|100/100\n|turn|5\n|j| sammap\n|\n|t:|1776580780\n|-end|p2b: Froslass|confusion\n|move|p2b: Froslass|Protect|p2b: Froslass\n|-singleturn|p2b: Froslass|Protect\n|move|p1b: Sneasler|Fake Out|p2a: Sneasler\n|-damage|p2a: Sneasler|77/100\n|cant|p2a: Sneasler|flinch\n|move|p1a: Pelipper|Muddy Water|p2b: Froslass|[spread] p2a\n|-activate|p2b: Froslass|move: Protect\n|-damage|p2a: Sneasler|22/100\n|\n|-weather|none\n|upkeep\n|turn|6\n|inactive|Sparrow's Grace has 30 seconds left.\n|inactive|sommeliersam has 30 seconds left.\n|\n|t:|1776580813\n|switch|p2b: Basculegion|Basculegion, L50, M|100/100\n|move|p2a: Sneasler|Protect|p2a: Sneasler\n|-singleturn|p2a: Sneasler|Protect\n|move|p1b: Sneasler|Dire Claw|p2b: Basculegion\n|-resisted|p2b: Basculegion|1\n|-damage|p2b: Basculegion|80/100\n|move|p1a: Pelipper|Muddy Water|p2b: Basculegion|[spread] p2b\n|-activate|p2a: Sneasler|move: Protect\n|-resisted|p2b: Basculegion|1\n|-damage|p2b: Basculegion|66/100\n|-unboost|p2b: Basculegion|accuracy|1\n|\n|-sideend|p1: Sparrow's Grace|move: Tailwind\n|upkeep\n|turn|7\n|\n|t:|1776580837\n|move|p1b: Sneasler|Dire Claw|p2b: Basculegion\n|-resisted|p2b: Basculegion|1\n|-damage|p2b: Basculegion|43/100\n|-enditem|p2b: Basculegion|Sitrus Berry|[eat]\n|-heal|p2b: Basculegion|68/100|[from] item: Sitrus Berry\n|move|p2a: Sneasler|Dire Claw|p1a: Pelipper\n|-damage|p1a: Pelipper|62/100\n|move|p2b: Basculegion|Last Respects|p1b: Sneasler\n|-damage|p1b: Sneasler|0 fnt\n|faint|p1b: Sneasler\n|move|p1a: Pelipper|Muddy Water|p2a: Sneasler|[spread] p2b\n|-miss|p1a: Pelipper|p2a: Sneasler\n|-resisted|p2b: Basculegion|1\n|-damage|p2b: Basculegion|56/100\n|\n|upkeep\n|turn|8\n|\n|t:|1776580853\n|move|p2a: Sneasler|Dire Claw|p1a: Pelipper\n|-damage|p1a: Pelipper|19/100\n|move|p2b: Basculegion|Last Respects|p1a: Pelipper\n|-damage|p1a: Pelipper|0 fnt\n|faint|p1a: Pelipper\n|\n|win|sommeliersam\n|raw|Sparrow&apos;s Grace's rating: 1445 &rarr; <strong>1423</strong><br />(-22 for losing)\n|raw|sommeliersam's rating: 1418 &rarr; <strong>1440</strong><br />(+22 for winning)\n|l|\u2606Sparrow's Grace\n|player|p1|\n|l|\u2606sommeliersam\n|player|p2|\n",
  "uploadtime": 1776580908,
  "views": 13,
  "formatid": "gen9championsvgc2026regma",
  "rating": 1423,
  "private": 0,
  "password": null
}