{
  "id": "gen9championsvgc2026regma-2583670443",
  "format": "[Gen 9 Champions] VGC 2026 Reg M-A",
  "players": [
    "kindlarkin",
    "syience"
  ],
  "log": "|j|\u2606kindlarkin\n|j|\u2606syience\n|t:|1776190017\n|gametype|doubles\n|player|p1|kindlarkin|2|1079\n|player|p2|syience|2|1030\n|gen|9\n|tier|[Gen 9 Champions] VGC 2026 Reg M-A\n|rated|\n|rule|Species Clause: Limit one of each Pok\u00e9mon\n|rule|Item Clause: Limit 1 of each item\n|clearpoke\n|poke|p1|Archaludon, L50, F|\n|poke|p1|Sinistcha, L50|\n|poke|p1|Camerupt, L50, F|\n|poke|p1|Hatterene, L50, F|\n|poke|p1|Araquanid, L50, F|\n|poke|p1|Aggron, L50, M|\n|poke|p2|Blastoise, L50, F|\n|poke|p2|Incineroar, L50, F|\n|poke|p2|Aerodactyl, L50, F|\n|poke|p2|Typhlosion-Hisui, L50, F|\n|poke|p2|Sinistcha, L50|\n|poke|p2|Excadrill, L50, M|\n|teampreview|4\n|\n|t:|1776190053\n|teamsize|p1|4\n|teamsize|p2|4\n|start\n|switch|p1a: Hatterene|Hatterene, L50, F|100/100\n|switch|p1b: Archaludon|Archaludon, L50, F|100/100\n|switch|p2a: Aerodactyl|Aerodactyl, L50, F, shiny|100/100\n|switch|p2b: Typhlosion|Typhlosion-Hisui, L50, F|100/100\n|-item|p1a: Hatterene|Babiri Berry|[from] ability: Frisk|[of] p2b: Typhlosion\n|-item|p1b: Archaludon|Leftovers|[from] ability: Frisk|[of] p2b: Typhlosion\n|turn|1\n|\n|t:|1776190088\n|move|p2b: Typhlosion|Eruption|p1b: Archaludon|[spread] p1a,p1b\n|-damage|p1a: Hatterene|54/100\n|-damage|p1b: Archaludon|41/100\n|-ability|p1b: Archaludon|Stamina|boost\n|-boost|p1b: Archaludon|def|1\n|move|p2a: Aerodactyl|Rock Slide|p1a: Hatterene|[spread] \n|-miss|p2a: Aerodactyl|p1a: Hatterene\n|-miss|p2a: Aerodactyl|p1b: Archaludon\n|move|p1b: Archaludon|Aura Sphere|p2a: Aerodactyl\n|-damage|p2a: Aerodactyl|67/100\n|move|p1a: Hatterene|Trick Room|p1a: Hatterene\n|-fieldstart|move: Trick Room|[of] p1a: Hatterene\n|\n|-heal|p1b: Archaludon|47/100|[from] item: Leftovers\n|upkeep\n|turn|2\n|\n|t:|1776190117\n|switch|p2b: Incineroar|Incineroar, L50, F|100/100\n|-ability|p2b: Incineroar|Intimidate|boost\n|-unboost|p1a: Hatterene|atk|1\n|-unboost|p1b: Archaludon|atk|1\n|move|p2a: Aerodactyl|Protect|p2a: Aerodactyl\n|-singleturn|p2a: Aerodactyl|Protect\n|move|p1a: Hatterene|Dazzling Gleam|p2b: Incineroar|[spread] p2b\n|-activate|p2a: Aerodactyl|move: Protect\n|-damage|p2b: Incineroar|79/100\n|move|p1b: Archaludon|Draco Meteor|p2b: Incineroar\n|-damage|p2b: Incineroar|39/100\n|-unboost|p1b: Archaludon|spa|2\n|-enditem|p2b: Incineroar|Sitrus Berry|[eat]\n|-heal|p2b: Incineroar|64/100|[from] item: Sitrus Berry\n|\n|-heal|p1b: Archaludon|53/100|[from] item: Leftovers\n|upkeep\n|turn|3\n|\n|t:|1776190160\n|switch|p1a: Camerupt|Camerupt, L50, F|100/100\n|move|p1b: Archaludon|Protect|p1b: Archaludon\n|-singleturn|p1b: Archaludon|Protect\n|move|p2b: Incineroar|Fake Out|p1b: Archaludon\n|-activate|p1b: Archaludon|move: Protect\n|move|p2a: Aerodactyl|Dual Wingbeat|p1a: Camerupt\n|-damage|p1a: Camerupt|75/100\n|-damage|p1a: Camerupt|51/100\n|-hitcount|p1a: Camerupt|2\n|\n|-heal|p1b: Archaludon|59/100|[from] item: Leftovers\n|upkeep\n|turn|4\n|\n|t:|1776190216\n|switch|p1b: Sinistcha|Sinistcha, L50|100/100\n|-heal|p1a: Camerupt|76/100|[from] ability: Hospitality|[of] p1b: Sinistcha\n|detailschange|p1a: Camerupt|Camerupt-Mega, L50, F\n|-mega|p1a: Camerupt|Camerupt|Cameruptite\n|move|p2a: Aerodactyl|Protect|p2a: Aerodactyl\n|-singleturn|p2a: Aerodactyl|Protect\n|move|p1a: Camerupt|Ancient Power|p2a: Aerodactyl\n|-activate|p2a: Aerodactyl|move: Protect\n|move|p2b: Incineroar|Parting Shot|p1b: Sinistcha\n|-unboost|p1b: Sinistcha|atk|1\n|-unboost|p1b: Sinistcha|spa|1\n|inactive|Battle timer is ON: inactive players will automatically lose when time's up. (requested by kindlarkin)\n|\n|t:|1776190246\n|switch|p2b: Blastoise|Blastoise, L50, F|100/100|[from] Parting Shot\n|\n|upkeep\n|turn|5\n|inactive|kindlarkin has 30 seconds left.\n|inactive|syience has 30 seconds left.\n|\n|t:|1776190278\n|switch|p2a: Incineroar|Incineroar, L50, F|64/100\n|-ability|p2a: Incineroar|Intimidate|boost\n|-unboost|p1a: Camerupt|atk|1\n|-unboost|p1b: Sinistcha|atk|1\n|move|p2b: Blastoise|Protect|p2b: Blastoise\n|-singleturn|p2b: Blastoise|Protect\n|move|p1a: Camerupt|Heat Wave|p2a: Incineroar|[spread] p2a\n|-activate|p2b: Blastoise|move: Protect\n|-resisted|p2a: Incineroar|1\n|-damage|p2a: Incineroar|43/100\n|move|p1b: Sinistcha|Matcha Gotcha|p2b: Blastoise|[spread] p2a\n|-activate|p2b: Blastoise|move: Protect\n|-resisted|p2a: Incineroar|1\n|-damage|p2a: Incineroar|37/100\n|\n|-fieldend|move: Trick Room\n|upkeep\n|turn|6\n|inactive|kindlarkin has 30 seconds left.\n|inactive|syience has 30 seconds left.\n|inactive|kindlarkin has 20 seconds left.\n|inactive|syience has 20 seconds left.\n|inactive|kindlarkin has 15 seconds left.\n|inactive|kindlarkin has 10 seconds left.\n|\n|t:|1776190327\n|detailschange|p2b: Blastoise|Blastoise-Mega, L50, F\n|-mega|p2b: Blastoise|Blastoise|Blastoisinite\n|move|p1a: Camerupt|Protect|p1a: Camerupt\n|-singleturn|p1a: Camerupt|Protect\n|move|p2a: Incineroar|Fake Out|p1a: Camerupt\n|-activate|p1a: Camerupt|move: Protect\n|move|p2b: Blastoise|Water Spout|p1b: Sinistcha|[spread] p1b\n|-activate|p1a: Camerupt|move: Protect\n|-resisted|p1b: Sinistcha|1\n|-damage|p1b: Sinistcha|66/100\n|move|p1b: Sinistcha|Trick Room|p1b: Sinistcha\n|-fieldstart|move: Trick Room|[of] p1b: Sinistcha\n|\n|upkeep\n|turn|7\n|\n|t:|1776190348\n|move|p2b: Blastoise|Protect|p2b: Blastoise\n|-singleturn|p2b: Blastoise|Protect\n|move|p1a: Camerupt|Ancient Power|p2a: Incineroar\n|-supereffective|p2a: Incineroar|1\n|-damage|p2a: Incineroar|0 fnt\n|faint|p2a: Incineroar\n|move|p1b: Sinistcha|Matcha Gotcha|p2b: Blastoise\n|-activate|p2b: Blastoise|move: Protect\n|\n|upkeep\n|\n|t:|1776190365\n|switch|p2a: Aerodactyl|Aerodactyl, L50, F, shiny|67/100\n|turn|8\n|inactive|kindlarkin has 30 seconds left.\n|\n|t:|1776190394\n|move|p2a: Aerodactyl|Protect|p2a: Aerodactyl\n|-singleturn|p2a: Aerodactyl|Protect\n|move|p1a: Camerupt|Earth Power|p2b: Blastoise\n|-damage|p2b: Blastoise|27/100\n|move|p1b: Sinistcha|Matcha Gotcha|p2b: Blastoise|[spread] p2b\n|-activate|p2a: Aerodactyl|move: Protect\n|-supereffective|p2b: Blastoise|1\n|-crit|p2b: Blastoise\n|-damage|p2b: Blastoise|0 fnt\n|-heal|p1b: Sinistcha|78/100|[from] drain|[of] p2b: Blastoise\n|faint|p2b: Blastoise\n|\n|upkeep\n|\n|t:|1776190406\n|switch|p2b: Typhlosion|Typhlosion-Hisui, L50, F|100/100\n|-item|p1a: Camerupt|Cameruptite|[from] ability: Frisk|[of] p2b: Typhlosion\n|-item|p1b: Sinistcha|Mental Herb|[from] ability: Frisk|[of] p2b: Typhlosion\n|turn|9\n|\n|t:|1776190421\n|move|p1a: Camerupt|Earth Power|p2b: Typhlosion\n|-supereffective|p2b: Typhlosion|1\n|-damage|p2b: Typhlosion|0 fnt\n|faint|p2b: Typhlosion\n|move|p1b: Sinistcha|Matcha Gotcha|p2a: Aerodactyl\n|-damage|p2a: Aerodactyl|33/100\n|-heal|p1b: Sinistcha|94/100|[from] drain|[of] p2a: Aerodactyl\n|move|p2a: Aerodactyl|Rock Slide|p1b: Sinistcha|[spread] p1a,p1b\n|-damage|p1a: Camerupt|51/100\n|-damage|p1b: Sinistcha|72/100\n|\n|upkeep\n|turn|10\n|-message|syience forfeited.\n|\n|win|kindlarkin\n|raw|kindlarkin's rating: 1079 &rarr; <strong>1106</strong><br />(+27 for winning)\n|raw|syience's rating: 1070 &rarr; <strong>1050</strong><br />(-20 for losing)\n|l|\u2606syience\n|player|p2|\n",
  "uploadtime": 1776190438,
  "views": 39,
  "formatid": "gen9championsvgc2026regma",
  "rating": 1050,
  "private": 0,
  "password": null
}