{
  "id": "gen9championsvgc2026regma-2582576003",
  "format": "[Gen 9 Champions] VGC 2026 Reg M-A",
  "players": [
    "4victor1",
    "Tamejo"
  ],
  "log": "|j|\u26064victor1\n|j|\u2606Tamejo\n|t:|1776100382\n|gametype|doubles\n|player|p1|4victor1|doctor-gen8|1199\n|player|p2|Tamejo|caitlin|1290\n|gen|9\n|tier|[Gen 9 Champions] VGC 2026 Reg M-A\n|rated|\n|rule|Species Clause: Limit one of each Pok\u00e9mon\n|rule|Item Clause: Limit 1 of each item\n|clearpoke\n|poke|p1|Hatterene, L50, F|\n|poke|p1|Oranguru, L50, F|\n|poke|p1|Torkoal, L50, F|\n|poke|p1|Sneasler, L50, F|\n|poke|p1|Meowstic-F, L50, F|\n|poke|p1|Whimsicott, L50, F|\n|poke|p2|Dragapult, L50, M|\n|poke|p2|Farigiraf, L50, F|\n|poke|p2|Sylveon, L50, F|\n|poke|p2|Whimsicott, L50, M|\n|poke|p2|Glimmora, L50, M|\n|poke|p2|Crabominable, L50, M|\n|teampreview|4\n|inactive|Battle timer is ON: inactive players will automatically lose when time's up. (requested by 4victor1)\n|inactive|4victor1 has 60 seconds left.\n|inactive|Tamejo has 60 seconds left.\n|inactive|Tamejo has 30 seconds left.\n|inactive|Tamejo has 20 seconds left.\n|inactive|Tamejo has 15 seconds left.\n|inactive|Tamejo has 10 seconds left.\n|inactive|Tamejo has 5 seconds left.\n|\n|t:|1776100471\n|teamsize|p1|4\n|teamsize|p2|4\n|start\n|switch|p1a: Homem Macaco|Oranguru, L50, F|100/100\n|switch|p1b: Oogway|Torkoal, L50, F|100/100\n|switch|p2a: Sylveon|Sylveon, L50, F|100/100\n|switch|p2b: Dragapult|Dragapult, L50, M|100/100\n|-weather|SunnyDay|[from] ability: Drought|[of] p1b: Oogway\n|turn|1\n|\n|t:|1776100488\n|move|p1b: Oogway|Protect|p1b: Oogway\n|-singleturn|p1b: Oogway|Protect\n|move|p2b: Dragapult|Dragon Darts|p1a: Homem Macaco\n|-damage|p1a: Homem Macaco|76/100\n|-anim|p2b: Dragapult|Dragon Darts|p1a: Homem Macaco\n|-damage|p1a: Homem Macaco|53/100\n|move|p2a: Sylveon|Calm Mind|p2a: Sylveon\n|-boost|p2a: Sylveon|spa|1\n|-boost|p2a: Sylveon|spd|1\n|move|p1a: Homem Macaco|Trick Room|p1a: Homem Macaco\n|-fieldstart|move: Trick Room|[of] p1a: Homem Macaco\n|\n|-weather|SunnyDay|[upkeep]\n|upkeep\n|turn|2\n|inactive|Tamejo has 30 seconds left.\n|inactive|Tamejo has 20 seconds left.\n|inactive|Tamejo has 15 seconds left.\n|inactive|Tamejo has 10 seconds left.\n|inactive|Tamejo has 5 seconds left.\n|\n|t:|1776100543\n|move|p1b: Oogway|Eruption|p2a: Sylveon|[spread] p2a,p2b\n|-resisted|p2b: Dragapult|1\n|-damage|p2a: Sylveon|59/100\n|-damage|p2b: Dragapult|38/100\n|move|p1a: Homem Macaco|Instruct|p1b: Oogway\n|-singleturn|p1b: Oogway|move: Instruct|[of] p1a: Homem Macaco\n|move|p1b: Oogway|Eruption|p2a: Sylveon|[spread] p2a,p2b\n|-resisted|p2b: Dragapult|1\n|-damage|p2a: Sylveon|19/100\n|-damage|p2b: Dragapult|0 fnt\n|faint|p2b: Dragapult\n|move|p2a: Sylveon|Mystical Fire|p1b: Oogway\n|-resisted|p1b: Oogway|1\n|-damage|p1b: Oogway|69/100\n|-unboost|p1b: Oogway|spa|1\n|\n|-weather|SunnyDay|[upkeep]\n|-heal|p2a: Sylveon|25/100|[from] item: Leftovers\n|upkeep\n|\n|t:|1776100553\n|switch|p2b: Glimmora|Glimmora, L50, M|100/100\n|turn|3\n|inactive|Tamejo has 30 seconds left.\n|inactive|Tamejo has 20 seconds left.\n|inactive|Tamejo has 15 seconds left.\n|\n|t:|1776100594\n|detailschange|p2b: Glimmora|Glimmora-Mega, L50, M\n|-mega|p2b: Glimmora|Glimmora|Glimmoranite\n|move|p2a: Sylveon|Protect|p2a: Sylveon\n|-singleturn|p2a: Sylveon|Protect\n|move|p1b: Oogway|Eruption|p2a: Sylveon|[spread] p2b\n|-activate|p2a: Sylveon|move: Protect\n|-resisted|p2b: Glimmora|1\n|-damage|p2b: Glimmora|75/100\n|move|p1a: Homem Macaco|Instruct|p1b: Oogway\n|-singleturn|p1b: Oogway|move: Instruct|[of] p1a: Homem Macaco\n|move|p1b: Oogway|Eruption|p2a: Sylveon|[spread] p2b\n|-activate|p2a: Sylveon|move: Protect\n|-resisted|p2b: Glimmora|1\n|-damage|p2b: Glimmora|50/100\n|move|p2b: Glimmora|Power Gem|p1b: Oogway\n|-supereffective|p1b: Oogway|1\n|-damage|p1b: Oogway|0 fnt\n|faint|p1b: Oogway\n|\n|-weather|SunnyDay|[upkeep]\n|-heal|p2a: Sylveon|31/100|[from] item: Leftovers\n|upkeep\n|\n|t:|1776100614\n|switch|p1b: Whimsicott|Whimsicott, L50, F|100/100\n|turn|4\n|\n|t:|1776100627\n|move|p1b: Whimsicott|Tailwind|p1b: Whimsicott\n|-sidestart|p1: 4victor1|move: Tailwind\n|move|p2a: Sylveon|Hyper Voice|p1a: Homem Macaco|[spread] p1a,p1b\n|-damage|p1a: Homem Macaco|14/100\n|-damage|p1b: Whimsicott|52/100\n|move|p1a: Homem Macaco|Psychic|p2b: Glimmora\n|-supereffective|p2b: Glimmora|1\n|-damage|p2b: Glimmora|0 fnt\n|faint|p2b: Glimmora\n|\n|-weather|SunnyDay|[upkeep]\n|-heal|p2a: Sylveon|37/100|[from] item: Leftovers\n|upkeep\n|\n|t:|1776100633\n|switch|p2b: Crabominable|Crabominable, L50, M|100/100\n|turn|5\n|\n|t:|1776100652\n|move|p1a: Homem Macaco|Protect|p1a: Homem Macaco\n|-singleturn|p1a: Homem Macaco|Protect\n|move|p1b: Whimsicott|Leech Seed|p2a: Sylveon\n|-start|p2a: Sylveon|move: Leech Seed\n|move|p2b: Crabominable|Substitute|p2b: Crabominable\n|-start|p2b: Crabominable|Substitute\n|-damage|p2b: Crabominable|75/100\n|move|p2a: Sylveon|Hyper Voice|p1a: Homem Macaco|[spread] p1b\n|-activate|p1a: Homem Macaco|move: Protect\n|-damage|p1b: Whimsicott|3/100\n|\n|-weather|none\n|-heal|p2a: Sylveon|43/100|[from] item: Leftovers\n|-damage|p2a: Sylveon|31/100|[from] Leech Seed|[of] p1b: Whimsicott\n|-heal|p1b: Whimsicott|18/100|[silent]\n|-fieldend|move: Trick Room\n|upkeep\n|turn|6\n|\n|t:|1776100671\n|move|p2b: Crabominable|Protect|p2b: Crabominable\n|-singleturn|p2b: Crabominable|Protect\n|move|p1b: Whimsicott|Moonblast|p2b: Crabominable\n|-activate|p2b: Crabominable|move: Protect\n|move|p1a: Homem Macaco|Psychic|p2b: Crabominable\n|-activate|p2b: Crabominable|move: Protect\n|move|p2a: Sylveon|Hyper Voice|p1a: Homem Macaco|[spread] p1a,p1b\n|-damage|p1a: Homem Macaco|0 fnt\n|-damage|p1b: Whimsicott|0 fnt\n|faint|p1a: Homem Macaco\n|faint|p1b: Whimsicott\n|\n|-heal|p2a: Sylveon|37/100|[from] item: Leftovers\n|upkeep\n|\n|t:|1776100674\n|switch|p1b: Meowstic|Meowstic-F, L50, F|100/100\n|turn|7\n|\n|t:|1776100691\n|detailschange|p1b: Meowstic|Meowstic-F-Mega, L50, F\n|-mega|p1b: Meowstic|Meowstic|Meowsticite\n|-ability|p1b: Meowstic|Iron Fist|Trace|[from] ability: Trace|[of] p2b: Crabominable\n|move|p1b: Meowstic|Alluring Voice|p2b: Crabominable\n|-supereffective|p2b: Crabominable|1\n|-damage|p2b: Crabominable|1/100\n|move|p2a: Sylveon|Hyper Voice|p1b: Meowstic\n|-damage|p1b: Meowstic|19/100\n|move|p2b: Crabominable|Ice Hammer|p1b: Meowstic\n|-damage|p1b: Meowstic|0 fnt\n|-unboost|p2b: Crabominable|spe|1\n|faint|p1b: Meowstic\n|\n|win|Tamejo\n|raw|4victor1's rating: 1199 &rarr; <strong>1180</strong><br />(-19 for losing)\n|raw|Tamejo's rating: 1290 &rarr; <strong>1309</strong><br />(+19 for winning)\n|l|\u26064victor1\n|player|p1|\n",
  "uploadtime": 1776100704,
  "views": 15,
  "formatid": "gen9championsvgc2026regma",
  "rating": 1180,
  "private": 0,
  "password": null
}