{
  "id": "gen9championsvgc2026regma-2586872660",
  "format": "[Gen 9 Champions] VGC 2026 Reg M-A",
  "players": [
    "Anibaltsuna",
    "toxapex_uchiha"
  ],
  "log": "|j|\u2606Anibaltsuna\n|j|\u2606toxapex_uchiha\n|t:|1776467276\n|gametype|doubles\n|player|p1|Anibaltsuna|veteran|1213\n|player|p2|toxapex_uchiha|flannery|1235\n|gen|9\n|tier|[Gen 9 Champions] VGC 2026 Reg M-A\n|rated|\n|rule|Species Clause: Limit one of each Pok\u00e9mon\n|rule|Item Clause: Limit 1 of each item\n|clearpoke\n|poke|p1|Tyranitar, L50, M|\n|poke|p1|Corviknight, L50, F|\n|poke|p1|Sinistcha, L50|\n|poke|p1|Gengar, L50, M|\n|poke|p1|Excadrill, L50, M|\n|poke|p1|Garchomp, L50, F|\n|poke|p2|Sinistcha, L50|\n|poke|p2|Sneasler, L50, F|\n|poke|p2|Basculegion, L50, M|\n|poke|p2|Floette-Eternal, L50, F|\n|poke|p2|Kingambit, L50, F|\n|poke|p2|Aerodactyl, L50, M|\n|teampreview|4\n|inactive|Battle timer is ON: inactive players will automatically lose when time's up. (requested by toxapex_uchiha)\n|\n|t:|1776467303\n|teamsize|p1|4\n|teamsize|p2|4\n|start\n|switch|p1a: Tyranitar|Tyranitar, L50, M|100/100\n|switch|p1b: Corviknight|Corviknight, L50, F|100/100\n|switch|p2a: Sneasler|Sneasler, L50, F|100/100\n|switch|p2b: Basculegion|Basculegion, L50, M|100/100\n|-weather|Sandstorm|[from] ability: Sand Stream|[of] p1a: Tyranitar\n|turn|1\n|\n|t:|1776467327\n|move|p1a: Tyranitar|Protect|p1a: Tyranitar\n|-singleturn|p1a: Tyranitar|Protect\n|move|p2b: Basculegion|Flip Turn|p1b: Corviknight\n|-damage|p1b: Corviknight|73/100\n|\n|t:|1776467332\n|switch|p2b: Sinistcha|Sinistcha, L50|100/100|[from] Flip Turn\n|move|p2a: Sneasler|Close Combat|p1b: Corviknight\n|-damage|p1b: Corviknight|27/100\n|-unboost|p2a: Sneasler|def|1\n|-unboost|p2a: Sneasler|spd|1\n|-enditem|p2a: Sneasler|White Herb\n|-clearnegativeboost|p2a: Sneasler|[silent]\n|move|p1b: Corviknight|Tailwind|p1b: Corviknight\n|-sidestart|p1: Anibaltsuna|move: Tailwind\n|\n|-weather|Sandstorm|[upkeep]\n|-damage|p2a: Sneasler|95/100|[from] Sandstorm\n|-damage|p2b: Sinistcha|94/100|[from] Sandstorm\n|-heal|p1b: Corviknight|33/100|[from] item: Leftovers\n|upkeep\n|turn|2\n|inactive|Anibaltsuna has 30 seconds left.\n|inactive|toxapex_uchiha has 30 seconds left.\n|\n|t:|1776467366\n|switch|p1a: Gengar|Gengar, L50, M|100/100\n|move|p2b: Sinistcha|Rage Powder|p2b: Sinistcha\n|-singleturn|p2b: Sinistcha|move: Rage Powder\n|move|p2a: Sneasler|Close Combat|p1a: Gengar\n|-immune|p1a: Gengar\n|move|p1b: Corviknight|Bulk Up|p1b: Corviknight\n|-boost|p1b: Corviknight|atk|1\n|-boost|p1b: Corviknight|def|1\n|\n|-weather|Sandstorm|[upkeep]\n|-damage|p2a: Sneasler|89/100|[from] Sandstorm\n|-damage|p1a: Gengar|94/100|[from] Sandstorm\n|-damage|p2b: Sinistcha|88/100|[from] Sandstorm\n|-heal|p1b: Corviknight|39/100|[from] item: Leftovers\n|upkeep\n|turn|3\n|inactive|Anibaltsuna has 30 seconds left.\n|inactive|Anibaltsuna has 20 seconds left.\n|inactive|Anibaltsuna has 15 seconds left.\n|\n|t:|1776467412\n|move|p2a: Sneasler|Close Combat|p1b: Corviknight\n|-damage|p1b: Corviknight|10/100\n|-unboost|p2a: Sneasler|def|1\n|-unboost|p2a: Sneasler|spd|1\n|move|p1a: Gengar|Shadow Ball|p2a: Sneasler\n|-damage|p2a: Sneasler|6/100\n|move|p1b: Corviknight|Brave Bird|p2a: Sneasler\n|-supereffective|p2a: Sneasler|1\n|-damage|p2a: Sneasler|0 fnt\n|faint|p2a: Sneasler\n|-damage|p1b: Corviknight|8/100|[from] Recoil\n|move|p2b: Sinistcha|Strength Sap|p1b: Corviknight\n|-ability|p1b: Corviknight|Mirror Armor\n|-unboost|p2b: Sinistcha|atk|1\n|-heal|p2b: Sinistcha|100/100\n|\n|-weather|Sandstorm|[upkeep]\n|-damage|p1a: Gengar|88/100|[from] Sandstorm\n|-damage|p2b: Sinistcha|94/100|[from] Sandstorm\n|-heal|p1b: Corviknight|14/100|[from] item: Leftovers\n|upkeep\n|\n|t:|1776467426\n|switch|p2a: Floette|Floette-Eternal, L50, F|100/100\n|turn|4\n|inactive|Anibaltsuna has 30 seconds left.\n|\n|t:|1776467453\n|detailschange|p1a: Gengar|Gengar-Mega, L50, M\n|-mega|p1a: Gengar|Gengar|Gengarite\n|move|p2a: Floette|Protect|p2a: Floette\n|-singleturn|p2a: Floette|Protect\n|move|p2b: Sinistcha|Protect|p2b: Sinistcha\n|-singleturn|p2b: Sinistcha|Protect\n|move|p1a: Gengar|Sludge Bomb|p2a: Floette\n|-activate|p2a: Floette|move: Protect\n|move|p1b: Corviknight|Brave Bird|p2b: Sinistcha\n|-activate|p2b: Sinistcha|move: Protect\n|\n|-weather|Sandstorm|[upkeep]\n|-damage|p1a: Gengar|82/100|[from] Sandstorm\n|-damage|p2a: Floette|95/100|[from] Sandstorm\n|-damage|p2b: Sinistcha|88/100|[from] Sandstorm\n|-heal|p1b: Corviknight|20/100|[from] item: Leftovers\n|-sideend|p1: Anibaltsuna|move: Tailwind\n|upkeep\n|turn|5\n|inactive|Anibaltsuna has 30 seconds left.\n|\n|t:|1776467480\n|detailschange|p2a: Floette|Floette-Mega, L50, F\n|-mega|p2a: Floette|Floette|Floettite\n|-ability|p2a: Floette|Fairy Aura\n|move|p2b: Sinistcha|Rage Powder|p2b: Sinistcha\n|-singleturn|p2b: Sinistcha|move: Rage Powder\n|move|p1a: Gengar|Sludge Bomb|p2b: Sinistcha\n|-damage|p2b: Sinistcha|21/100\n|-status|p2b: Sinistcha|psn\n|-enditem|p2b: Sinistcha|Sitrus Berry|[eat]\n|-heal|p2b: Sinistcha|45/100 psn|[from] item: Sitrus Berry\n|move|p2a: Floette|Dazzling Gleam|p1b: Corviknight|[spread] p1a,p1b\n|-resisted|p1a: Gengar|1\n|-resisted|p1b: Corviknight|1\n|-damage|p1a: Gengar|55/100\n|-damage|p1b: Corviknight|2/100\n|move|p1b: Corviknight|Tailwind|p1b: Corviknight\n|-sidestart|p1: Anibaltsuna|move: Tailwind\n|\n|-weather|none\n|-heal|p1b: Corviknight|8/100|[from] item: Leftovers\n|-damage|p2b: Sinistcha|33/100 psn|[from] psn\n|upkeep\n|turn|6\n|inactive|Anibaltsuna has 30 seconds left.\n|\n|t:|1776467507\n|move|p2b: Sinistcha|Rage Powder|p2b: Sinistcha\n|-singleturn|p2b: Sinistcha|move: Rage Powder\n|move|p1a: Gengar|Sludge Bomb|p2b: Sinistcha\n|-damage|p2b: Sinistcha|0 fnt\n|faint|p2b: Sinistcha\n|move|p1b: Corviknight|Brave Bird|p2a: Floette\n|-damage|p2a: Floette|20/100\n|-damage|p1b: Corviknight|0 fnt|[from] Recoil\n|faint|p1b: Corviknight\n|move|p2a: Floette|Dazzling Gleam|p1a: Gengar\n|-resisted|p1a: Gengar|1\n|-damage|p1a: Gengar|18/100\n|\n|upkeep\n|\n|t:|1776467518\n|switch|p2b: Basculegion|Basculegion, L50, M|100/100\n|switch|p1b: Tyranitar|Tyranitar, L50, M|100/100\n|-weather|Sandstorm|[from] ability: Sand Stream|[of] p1b: Tyranitar\n|turn|7\n|\n|t:|1776467538\n|move|p1a: Gengar|Shadow Ball|p2b: Basculegion\n|-supereffective|p2b: Basculegion|1\n|-damage|p2b: Basculegion|0 fnt\n|faint|p2b: Basculegion\n|move|p2a: Floette|Moonblast|p1b: Tyranitar\n|-supereffective|p1b: Tyranitar|1\n|-damage|p1b: Tyranitar|15/100\n|move|p1b: Tyranitar|Rock Slide|p2a: Floette\n|-damage|p2a: Floette|0 fnt\n|faint|p2a: Floette\n|\n|win|Anibaltsuna\n|raw|Anibaltsuna's rating: 1213 &rarr; <strong>1240</strong><br />(+27 for winning)\n|raw|toxapex_uchiha's rating: 1235 &rarr; <strong>1208</strong><br />(-27 for losing)\n|l|\u2606toxapex_uchiha\n|player|p2|\n",
  "uploadtime": 1776467559,
  "views": 31,
  "formatid": "gen9championsvgc2026regma",
  "rating": 1208,
  "private": 0,
  "password": null
}