{
  "id": "gen9championsvgc2026regma-2584691279",
  "format": "[Gen 9 Champions] VGC 2026 Reg M-A",
  "players": [
    "Vinket747",
    "nyxthe"
  ],
  "log": "|j|\u2606Vinket747\n|j|\u2606nyxthe\n|t:|1776277077\n|gametype|doubles\n|player|p1|Vinket747|lucas|1125\n|player|p2|nyxthe|101|1080\n|gen|9\n|tier|[Gen 9 Champions] VGC 2026 Reg M-A\n|rated|\n|rule|Species Clause: Limit one of each Pok\u00e9mon\n|rule|Item Clause: Limit 1 of each item\n|clearpoke\n|poke|p1|Lucario, L50, F|\n|poke|p1|Garchomp, L50, F|\n|poke|p1|Talonflame, L50, M|\n|poke|p1|Gyarados, L50, F|\n|poke|p1|Klefki, L50, F|\n|poke|p1|Sinistcha, L50|\n|poke|p2|Lucario, L50, M|\n|poke|p2|Orthworm, L50, M|\n|poke|p2|Arcanine-Hisui, L50, M|\n|poke|p2|Gyarados, L50, M|\n|poke|p2|Altaria, L50, F|\n|poke|p2|Dragapult, L50, F|\n|teampreview|4\nnyxthe rejected open team sheets.\n|\n|t:|1776277102\n|teamsize|p1|4\n|teamsize|p2|4\n|start\n|switch|p1a: Talonflame|Talonflame, L50, M, shiny|100/100\n|switch|p1b: Lucario|Lucario, L50, F|100/100\n|switch|p2a: Orthworm|Orthworm, L50, M|100/100\n|switch|p2b: Gyarados|Gyarados, L50, M|100/100\n|-ability|p2b: Gyarados|Intimidate|boost\n|-unboost|p1a: Talonflame|atk|1\n|-unboost|p1b: Lucario|atk|1\n|turn|1\n|\n|t:|1776277137\n|detailschange|p1b: Lucario|Lucario-Mega, L50, F\n|-mega|p1b: Lucario|Lucario|Lucarionite\n|move|p1a: Talonflame|Tailwind|p1a: Talonflame\n|-sidestart|p1: Vinket747|move: Tailwind\n|move|p1b: Lucario|Aura Sphere|p2a: Orthworm\n|-supereffective|p2a: Orthworm|1\n|-damage|p2a: Orthworm|0 fnt\n|faint|p2a: Orthworm\n|move|p2b: Gyarados|Earthquake|p1b: Lucario|[spread] p1b\n|-immune|p1a: Talonflame\n|-supereffective|p1b: Lucario|1\n|-damage|p1b: Lucario|20/100\n|\n|upkeep\n|\n|t:|1776277155\n|switch|p2a: Arcanine|Arcanine-Hisui, L50, M|100/100\n|turn|2\n|\n|t:|1776277177\n|switch|p1a: Gyarados|Gyarados, L50, F, shiny|100/100\n|-ability|p1a: Gyarados|Intimidate|boost\n|-unboost|p2a: Arcanine|atk|1\n|-unboost|p2b: Gyarados|atk|1\n|move|p1b: Lucario|Aura Sphere|p2a: Arcanine\n|-supereffective|p2a: Arcanine|1\n|-damage|p2a: Arcanine|0 fnt\n|faint|p2a: Arcanine\n|move|p2b: Gyarados|Temper Flare|p1b: Lucario\n|-supereffective|p1b: Lucario|1\n|-damage|p1b: Lucario|0 fnt\n|faint|p1b: Lucario\n|\n|upkeep\n|\n|t:|1776277193\n|switch|p1b: Garchomp|Garchomp, L50, F|100/100\n|switch|p2a: Lucario|Lucario, L50, M|100/100\n|turn|3\n|\n|t:|1776277213\n|detailschange|p2a: Lucario|Lucario-Mega, L50, M\n|-mega|p2a: Lucario|Lucario|Lucarionite\n|move|p1b: Garchomp|Stomping Tantrum|p2a: Lucario\n|-supereffective|p2a: Lucario|1\n|-damage|p2a: Lucario|0 fnt\n|faint|p2a: Lucario\n|move|p1a: Gyarados|Crunch|p2b: Gyarados\n|-damage|p2b: Gyarados|67/100\n|move|p2b: Gyarados|Dragon Tail|p1b: Garchomp\n|-supereffective|p1b: Garchomp|1\n|-crit|p1b: Garchomp\n|-damage|p1b: Garchomp|35/100\n|-damage|p2b: Gyarados|55/100|[from] ability: Rough Skin|[of] p1b: Garchomp\n|drag|p1b: Talonflame|Talonflame, L50, M, shiny|100/100\n|\n|upkeep\n|turn|4\n|\n|t:|1776277236\n|move|p1b: Talonflame|Tailwind||[still]\n|-fail|p1b: Talonflame\n|move|p1a: Gyarados|Crunch|p2b: Gyarados\n|-damage|p2b: Gyarados|23/100\n|move|p2b: Gyarados|Waterfall|p1b: Talonflame\n|-supereffective|p1b: Talonflame|1\n|-damage|p1b: Talonflame|14/100\n|\n|-heal|p1b: Talonflame|20/100|[from] item: Leftovers\n|-sideend|p1: Vinket747|move: Tailwind\n|upkeep\n|turn|5\n|\n|t:|1776277256\n|move|p1b: Talonflame|Tailwind|p1b: Talonflame\n|-sidestart|p1: Vinket747|move: Tailwind\n|move|p1a: Gyarados|Crunch|p2b: Gyarados\n|-damage|p2b: Gyarados|0 fnt\n|faint|p2b: Gyarados\n|\n|win|Vinket747\n|raw|Vinket747's rating: 1125 &rarr; <strong>1147</strong><br />(+22 for winning)\n|raw|nyxthe's rating: 1080 &rarr; <strong>1061</strong><br />(-19 for losing)\n|l|\u2606nyxthe\n|player|p2|\n",
  "uploadtime": 1776277265,
  "views": 20,
  "formatid": "gen9championsvgc2026regma",
  "rating": 1061,
  "private": 0,
  "password": null
}