{
  "id": "gen9championsvgc2026regma-2585599333",
  "format": "[Gen 9 Champions] VGC 2026 Reg M-A",
  "players": [
    "TheBeefMasterTM",
    "bl4ze4444"
  ],
  "log": "|j|\u2606TheBeefMasterTM\n|j|\u2606bl4ze4444\n|t:|1776358039\n|gametype|doubles\n|player|p1|TheBeefMasterTM|alder|1157\n|player|p2|bl4ze4444|steven|1113\n|gen|9\n|tier|[Gen 9 Champions] VGC 2026 Reg M-A\n|rated|\n|rule|Species Clause: Limit one of each Pok\u00e9mon\n|rule|Item Clause: Limit 1 of each item\n|clearpoke\n|poke|p1|Basculegion, L50, M|\n|poke|p1|Sneasler, L50, M|\n|poke|p1|Politoed, L50, M|\n|poke|p1|Meganium, L50, F|\n|poke|p1|Whimsicott, L50, F|\n|poke|p1|Glimmora, L50, M|\n|poke|p2|Glimmora, L50, M|\n|poke|p2|Zoroark-Hisui, L50, F|\n|poke|p2|Incineroar, L50, F|\n|poke|p2|Basculegion, L50, M|\n|poke|p2|Sinistcha, L50|\n|poke|p2|Kingambit, L50, F|\n|teampreview|4\n|inactive|Battle timer is ON: inactive players will automatically lose when time's up. (requested by TheBeefMasterTM)\n|\n|t:|1776358094\n|teamsize|p1|4\n|teamsize|p2|4\n|start\n|switch|p1a: Whimsicott|Whimsicott, L50, F, shiny|100/100\n|switch|p1b: Basculegion|Basculegion, L50, M, shiny|100/100\n|switch|p2a: Glimmora|Glimmora, L50, M|100/100\n|switch|p2b: Basculegion|Basculegion, L50, M|100/100\n|turn|1\n|inactive|bl4ze4444 has 60 seconds left.\n|\n|t:|1776358133\n|switch|p2b: Kingambit|Kingambit, L50, F|100/100\n|move|p1a: Whimsicott|Tailwind|p1a: Whimsicott\n|-sidestart|p1: TheBeefMasterTM|move: Tailwind\n|move|p1b: Basculegion|Phantom Force||[still]\n|-prepare|p1b: Basculegion|Phantom Force\n|move|p2a: Glimmora|Shadow Ball|p1b: Basculegion|[miss]\n|-miss|p2a: Glimmora|p1b: Basculegion\n|\n|upkeep\n|turn|2\n|\n|t:|1776358157\n|move|p1b: Basculegion|Phantom Force|p2b: Kingambit|[from] lockedmove\n|-resisted|p2b: Kingambit|1\n|-damage|p2b: Kingambit|81/100\n|move|p1a: Whimsicott|Moonblast|p2a: Glimmora\n|-damage|p2a: Glimmora|37/100\n|replace|p2a: Zoroark|Zoroark-Hisui, L50, F\n|-end|p2a: Zoroark|Illusion\n|move|p2a: Zoroark|Icy Wind|p1a: Whimsicott|[spread] p1a,p1b\n|-supereffective|p1a: Whimsicott|1\n|-resisted|p1b: Basculegion|1\n|-damage|p1a: Whimsicott|68/100\n|-damage|p1b: Basculegion|92/100\n|-unboost|p1a: Whimsicott|spe|1\n|-unboost|p1b: Basculegion|spe|1\n|move|p2b: Kingambit|Kowtow Cleave|p1b: Basculegion\n|-supereffective|p1b: Basculegion|1\n|-damage|p1b: Basculegion|0 fnt\n|faint|p1b: Basculegion\n|\n|upkeep\n|\n|t:|1776358177\n|switch|p1b: Sneasler|Sneasler, L50, M|100/100\n|turn|3\n|inactive|bl4ze4444 has 30 seconds left.\n|\n|t:|1776358203\n|move|p2b: Kingambit|Protect|p2b: Kingambit\n|-singleturn|p2b: Kingambit|Protect\n|move|p1b: Sneasler|Close Combat|p2b: Kingambit\n|-activate|p2b: Kingambit|move: Protect\n|move|p1a: Whimsicott|Moonblast|p2a: Zoroark\n|-damage|p2a: Zoroark|0 fnt\n|faint|p2a: Zoroark\n|\n|upkeep\n|\n|t:|1776358224\n|switch|p2a: Basculegion|Basculegion, L50, M|100/100\n|turn|4\n|inactive|bl4ze4444 has 30 seconds left.\n|inactive|bl4ze4444 has 20 seconds left.\n|inactive|bl4ze4444 has 15 seconds left.\n|\n|t:|1776358268\n|move|p2b: Kingambit|Sucker Punch|p1b: Sneasler\n|-resisted|p1b: Sneasler|1\n|-crit|p1b: Sneasler\n|-damage|p1b: Sneasler|36/100\n|move|p1b: Sneasler|Close Combat|p2b: Kingambit\n|-supereffective|p2b: Kingambit|2\n|-damage|p2b: Kingambit|0 fnt\n|-unboost|p1b: Sneasler|def|1\n|-unboost|p1b: Sneasler|spd|1\n|faint|p2b: Kingambit\n|move|p2a: Basculegion|Last Respects|p1b: Sneasler\n|-damage|p1b: Sneasler|0 fnt\n|faint|p1b: Sneasler\n|move|p1a: Whimsicott|Moonblast|p2a: Basculegion\n|-crit|p2a: Basculegion\n|-damage|p2a: Basculegion|52/100\n|-unboost|p2a: Basculegion|spa|1\n|\n|-sideend|p1: TheBeefMasterTM|move: Tailwind\n|upkeep\n|\n|t:|1776358286\n|switch|p1b: Meganium|Meganium, L50, F|100/100\n|switch|p2b: Glimmora|Glimmora, L50, M|100/100\n|turn|5\n|inactive|TheBeefMasterTM has 30 seconds left.\n|\n|t:|1776358315\n|detailschange|p2b: Glimmora|Glimmora-Mega, L50, M\n|-mega|p2b: Glimmora|Glimmora|Glimmoranite\n|detailschange|p1b: Meganium|Meganium-Mega, L50, F\n|-mega|p1b: Meganium|Meganium|Meganiumite\n|move|p1a: Whimsicott|Tailwind|p1a: Whimsicott\n|-sidestart|p1: TheBeefMasterTM|move: Tailwind\n|move|p2a: Basculegion|Last Respects|p1a: Whimsicott\n|-damage|p1a: Whimsicott|0 fnt\n|faint|p1a: Whimsicott\n|move|p1b: Meganium|Solar Beam||[still]\n|-prepare|p1b: Meganium|Solar Beam\n|-activate|p1b: Meganium|ability: Mega Sol\n|-anim|p1b: Meganium|Solar Beam|p2b: Glimmora\n|-damage|p2b: Glimmora|12/100\n|move|p2b: Glimmora|Sludge Bomb|p1b: Meganium\n|-supereffective|p1b: Meganium|2\n|-damage|p1b: Meganium|0 fnt\n|faint|p1b: Meganium\n|\n|win|bl4ze4444\n|raw|TheBeefMasterTM's rating: 1157 &rarr; <strong>1129</strong><br />(-28 for losing)\n|raw|bl4ze4444's rating: 1113 &rarr; <strong>1141</strong><br />(+28 for winning)\n",
  "uploadtime": 1776358336,
  "views": 22,
  "formatid": "gen9championsvgc2026regma",
  "rating": 1129,
  "private": 0,
  "password": null
}