{
  "id": "gen9championsvgc2026regma-2582910390",
  "format": "[Gen 9 Champions] VGC 2026 Reg M-A",
  "players": [
    "Stouterd",
    "JesHX11"
  ],
  "log": "|j|\u2606Stouterd\n|j|\u2606JesHX11\n|t:|1776124191\n|gametype|doubles\n|player|p1|Stouterd|lucas|1134\n|player|p2|JesHX11|266|1166\n|gen|9\n|tier|[Gen 9 Champions] VGC 2026 Reg M-A\n|rated|\n|rule|Species Clause: Limit one of each Pok\u00e9mon\n|rule|Item Clause: Limit 1 of each item\n|clearpoke\n|poke|p1|Feraligatr, L50, F|\n|poke|p1|Tinkaton, L50, F|\n|poke|p1|Incineroar, L50, M|\n|poke|p1|Farigiraf, L50, F|\n|poke|p1|Gengar, L50, F|\n|poke|p1|Decidueye-Hisui, L50, M|\n|poke|p2|Gyarados, L50, M|\n|poke|p2|Ampharos, L50, M|\n|poke|p2|Farigiraf, L50, M|\n|poke|p2|Crabominable, L50, F|\n|poke|p2|Sinistcha, L50|\n|poke|p2|Torkoal, L50, F|\n|teampreview|4\n|\n|t:|1776124238\n|teamsize|p1|4\n|teamsize|p2|4\n|start\n|switch|p1a: Incineroar|Incineroar, L50, M, shiny|100/100\n|switch|p1b: Tinkaton|Tinkaton, L50, F|100/100\n|switch|p2a: Crabominable|Crabominable, L50, F|100/100\n|switch|p2b: Farigiraf|Farigiraf, L50, M|100/100\n|-ability|p1a: Incineroar|Intimidate|boost\n|-fail|p2a: Crabominable|unboost|Attack|[from] ability: Hyper Cutter|[of] p2a: Crabominable\n|-unboost|p2b: Farigiraf|atk|1\n|turn|1\n|\n|t:|1776124263\n|move|p2a: Crabominable|Protect|p2a: Crabominable\n|-singleturn|p2a: Crabominable|Protect\n|move|p1b: Tinkaton|Gigaton Hammer|p2a: Crabominable\n|-activate|p2a: Crabominable|move: Protect\n|move|p1a: Incineroar|Parting Shot|p2a: Crabominable\n|-activate|p2a: Crabominable|move: Protect\n|move|p2b: Farigiraf|Trick Room|p2b: Farigiraf\n|-fieldstart|move: Trick Room|[of] p2b: Farigiraf\n|\n|upkeep\n|turn|2\n|\n|t:|1776124291\n|switch|p1b: Decidueye|Decidueye-Hisui, L50, M|100/100\n|detailschange|p2a: Crabominable|Crabominable-Mega, L50, F\n|-mega|p2a: Crabominable|Crabominable|Crabominite\n|move|p2a: Crabominable|Drain Punch|p1a: Incineroar\n|-supereffective|p1a: Incineroar|1\n|-damage|p1a: Incineroar|0 fnt\n|faint|p1a: Incineroar\n|move|p2b: Farigiraf|Hyper Voice|p1b: Decidueye\n|-damage|p1b: Decidueye|62/100\n|\n|upkeep\n|\n|t:|1776124309\n|switch|p1a: Farigiraf|Farigiraf, L50, F, shiny|100/100\n|turn|3\n|\n|t:|1776124322\n|move|p2a: Crabominable|Drain Punch|p1a: Farigiraf\n|-damage|p1a: Farigiraf|45/100\n|-enditem|p1a: Farigiraf|Sitrus Berry|[eat]\n|-heal|p1a: Farigiraf|69/100|[from] item: Sitrus Berry\n|move|p1b: Decidueye|Triple Arrows|p2a: Crabominable\n|-supereffective|p2a: Crabominable|1\n|-crit|p2a: Crabominable\n|-damage|p2a: Crabominable|0 fnt\n|faint|p2a: Crabominable\n|move|p2b: Farigiraf|Hyper Voice|p1a: Farigiraf|[spread] p1a,p1b\n|-damage|p1a: Farigiraf|45/100\n|-damage|p1b: Decidueye|35/100\n|move|p1a: Farigiraf|Psychic|p2b: Farigiraf\n|-resisted|p2b: Farigiraf|1\n|-damage|p2b: Farigiraf|86/100\n|\n|upkeep\n|\n|t:|1776124337\n|switch|p2a: Sinistcha|Sinistcha, L50|100/100\n|-heal|p2b: Farigiraf|100/100|[from] ability: Hospitality|[of] p2a: Sinistcha\n|turn|4\n|\n|t:|1776124354\n|move|p1a: Farigiraf|Protect|p1a: Farigiraf\n|-singleturn|p1a: Farigiraf|Protect\n|move|p1b: Decidueye|Triple Arrows|p2a: Sinistcha\n|-crit|p2a: Sinistcha\n|-damage|p2a: Sinistcha|46/100\n|move|p2b: Farigiraf|Dazzling Gleam|p1a: Farigiraf|[spread] p1b\n|-activate|p1a: Farigiraf|move: Protect\n|-supereffective|p1b: Decidueye|1\n|-damage|p1b: Decidueye|0 fnt\n|faint|p1b: Decidueye\n|move|p2a: Sinistcha|Matcha Gotcha|p1a: Farigiraf\n|-activate|p1a: Farigiraf|move: Protect\n|\n|upkeep\n|\n|t:|1776124370\n|switch|p1b: Tinkaton|Tinkaton, L50, F|100/100\n|turn|5\n|\n|t:|1776124395\n|switch|p2a: Gyarados|Gyarados, L50, M|100/100\n|-ability|p2a: Gyarados|Intimidate|boost\n|-unboost|p1a: Farigiraf|atk|1\n|-fail|p1b: Tinkaton|unboost|Attack|[from] ability: Own Tempo|[of] p1b: Tinkaton\n|move|p1a: Farigiraf|Protect|p1a: Farigiraf\n|-singleturn|p1a: Farigiraf|Protect\n|move|p2b: Farigiraf|Hyper Voice|p1b: Tinkaton|[spread] p1b\n|-activate|p1a: Farigiraf|move: Protect\n|-resisted|p1b: Tinkaton|1\n|-damage|p1b: Tinkaton|86/100\n|move|p1b: Tinkaton|Gigaton Hammer|p2a: Gyarados\n|-resisted|p2a: Gyarados|1\n|-damage|p2a: Gyarados|81/100\n|\n|-fieldend|move: Trick Room\n|upkeep\n|turn|6\n|\n|t:|1776124431\n|move|p1b: Tinkaton|Play Rough|p2b: Farigiraf\n|-damage|p2b: Farigiraf|73/100\n|move|p2a: Gyarados|Taunt|p1a: Farigiraf\n|-start|p1a: Farigiraf|move: Taunt\n|move|p1a: Farigiraf|Psychic|p2a: Gyarados\n|-damage|p2a: Gyarados|55/100\n|move|p2b: Farigiraf|Trick Room|p2b: Farigiraf\n|-fieldstart|move: Trick Room|[of] p2b: Farigiraf\n|\n|upkeep\n|turn|7\n|\n|t:|1776124447\n|move|p2a: Gyarados|Helping Hand|p2b: Farigiraf\n|-singleturn|p2b: Farigiraf|Helping Hand|[of] p2a: Gyarados\n|move|p2b: Farigiraf|Hyper Voice|p1a: Farigiraf|[spread] p1a,p1b\n|-resisted|p1b: Tinkaton|1\n|-crit|p1b: Tinkaton\n|-damage|p1a: Farigiraf|12/100\n|-damage|p1b: Tinkaton|57/100\n|move|p1a: Farigiraf|Hyper Voice|p2b: Farigiraf|[spread] p2a,p2b\n|-damage|p2a: Gyarados|34/100\n|-damage|p2b: Farigiraf|50/100\n|-enditem|p2a: Gyarados|Sitrus Berry|[eat]\n|-heal|p2a: Gyarados|59/100|[from] item: Sitrus Berry\n|move|p1b: Tinkaton|Gigaton Hammer|p2b: Farigiraf\n|-damage|p2b: Farigiraf|6/100\n|\n|upkeep\n|turn|8\n|\n|t:|1776124479\n|move|p1b: Tinkaton|Protect|p1b: Tinkaton\n|-singleturn|p1b: Tinkaton|Protect\n|move|p2b: Farigiraf|Hyper Voice|p1b: Tinkaton|[spread] p1a\n|-activate|p1b: Tinkaton|move: Protect\n|-damage|p1a: Farigiraf|0 fnt\n|faint|p1a: Farigiraf\n|move|p2a: Gyarados|Waterfall|p1b: Tinkaton\n|-activate|p1b: Tinkaton|move: Protect\n|\n|upkeep\n|turn|9\n|-message|Stouterd forfeited.\n|\n|win|JesHX11\n|raw|Stouterd's rating: 1134 &rarr; <strong>1111</strong><br />(-23 for losing)\n|raw|JesHX11's rating: 1166 &rarr; <strong>1189</strong><br />(+23 for winning)\n|l|\u2606Stouterd\n|player|p1|\n",
  "uploadtime": 1776124536,
  "views": 18,
  "formatid": "gen9championsvgc2026regma",
  "rating": 1111,
  "private": 0,
  "password": null
}