{
  "id": "gen9championsvgc2026regma-2581860504",
  "format": "[Gen 9 Champions] VGC 2026 Reg M-A",
  "players": [
    "Nbvfgjjjvf",
    "Jah_08"
  ],
  "log": "|j|\u2606Nbvfgjjjvf\n|j|\u2606Jah_08\n|t:|1776034468\n|gametype|doubles\n|player|p1|Nbvfgjjjvf|170|1210\n|player|p2|Jah_08|alder|1292\n|gen|9\n|tier|[Gen 9 Champions] VGC 2026 Reg M-A\n|rated|\n|rule|Species Clause: Limit one of each Pok\u00e9mon\n|rule|Item Clause: Limit 1 of each item\n|clearpoke\n|poke|p1|Starmie, L50|\n|poke|p1|Pelipper, L50, M|\n|poke|p1|Dragapult, L50, F|\n|poke|p1|Sneasler, L50, F|\n|poke|p1|Archaludon, L50, F|\n|poke|p1|Incineroar, L50, F|\n|poke|p2|Vanilluxe, L50, F|\n|poke|p2|Basculegion, L50, M|\n|poke|p2|Chandelure, L50, M|\n|poke|p2|Conkeldurr, L50, F|\n|poke|p2|Zoroark-Hisui, L50, M|\n|poke|p2|Whimsicott, L50, F|\n|teampreview|4\n|\n|t:|1776034505\n|teamsize|p1|4\n|teamsize|p2|4\n|start\n|switch|p1a: Starmie|Starmie, L50|100/100\n|switch|p1b: Dragapult|Dragapult, L50, F|100/100\n|switch|p2a: Basculegion|Basculegion, L50, M|100/100\n|switch|p2b: Conkeldurr|Conkeldurr, L50, F, shiny|100/100\n|turn|1\n|\n|t:|1776034542\n|detailschange|p1a: Starmie|Starmie-Mega, L50\n|-mega|p1a: Starmie|Starmie|Starminite\n|move|p1b: Dragapult|Breaking Swipe|p2b: Conkeldurr|[spread] p2a,p2b\n|-damage|p2a: Basculegion|72/100\n|-damage|p2b: Conkeldurr|52/100\n|-unboost|p2a: Basculegion|atk|1\n|-unboost|p2b: Conkeldurr|atk|1\n|replace|p2b: Zoroark|Zoroark-Hisui, L50, M\n|-end|p2b: Zoroark|Illusion\n|move|p2a: Basculegion|Flip Turn|p1b: Dragapult\n|-resisted|p1b: Dragapult|1\n|-damage|p1b: Dragapult|88/100\n|\n|t:|1776034555\n|switch|p2a: Vanilluxe|Vanilluxe, L50, F, shiny|100/100|[from] Flip Turn\n|-weather|Snowscape|[from] ability: Snow Warning|[of] p2a: Vanilluxe\n|move|p1a: Starmie|Zen Headbutt|p2b: Zoroark\n|-damage|p2b: Zoroark|0 fnt\n|faint|p2b: Zoroark\n|\n|-weather|Snowscape|[upkeep]\n|upkeep\n|\n|t:|1776034573\n|switch|p2b: Basculegion|Basculegion, L50, M|72/100\n|turn|2\n|\n|t:|1776034590\n|switch|p1b: Pelipper|Pelipper, L50, M|100/100\n|-weather|RainDance|[from] ability: Drizzle|[of] p1b: Pelipper\n|move|p1a: Starmie|Protect|p1a: Starmie\n|-singleturn|p1a: Starmie|Protect\n|move|p2b: Basculegion|Last Respects|p1a: Starmie\n|-activate|p1a: Starmie|move: Protect\n|move|p2a: Vanilluxe|Blizzard|p1b: Pelipper|[spread] \n|-activate|p1a: Starmie|move: Protect\n|-miss|p2a: Vanilluxe|p1b: Pelipper\n|\n|-weather|RainDance|[upkeep]\n|upkeep\n|turn|3\n|\n|t:|1776034610\n|switch|p1a: Archaludon|Archaludon, L50, F|100/100\n|move|p2b: Basculegion|Last Respects|p1a: Archaludon\n|-damage|p1a: Archaludon|66/100\n|-ability|p1a: Archaludon|Stamina|boost\n|-boost|p1a: Archaludon|def|1\n|move|p2a: Vanilluxe|Freeze-Dry|p1b: Pelipper\n|-supereffective|p1b: Pelipper|2\n|-damage|p1b: Pelipper|0 fnt\n|faint|p1b: Pelipper\n|\n|-weather|RainDance|[upkeep]\n|upkeep\n|\n|t:|1776034623\n|switch|p1b: Dragapult|Dragapult, L50, F|88/100\n|turn|4\n|\n|t:|1776034658\n|switch|p2b: Conkeldurr|Conkeldurr, L50, F, shiny|100/100\n|move|p1b: Dragapult|Dragon Darts|p2b: Conkeldurr\n|-damage|p2b: Conkeldurr|78/100\n|-anim|p1b: Dragapult|Dragon Darts|p2a: Vanilluxe\n|-damage|p2a: Vanilluxe|75/100\n|move|p1a: Archaludon|Dragon Pulse|p2b: Conkeldurr\n|-damage|p2b: Conkeldurr|35/100\n|move|p2a: Vanilluxe|Blizzard|p1a: Archaludon|[spread] p1b\n|-miss|p2a: Vanilluxe|p1a: Archaludon\n|-supereffective|p1b: Dragapult|1\n|-damage|p1b: Dragapult|0 fnt\n|faint|p1b: Dragapult\n|\n|-weather|RainDance|[upkeep]\n|upkeep\n|\n|t:|1776034668\n|switch|p1b: Starmie|Starmie-Mega, L50|100/100\n|turn|5\n|\n|t:|1776034708\n|move|p2a: Vanilluxe|Protect|p2a: Vanilluxe\n|-singleturn|p2a: Vanilluxe|Protect\n|move|p2b: Conkeldurr|Mach Punch|p1a: Archaludon\n|-supereffective|p1a: Archaludon|1\n|-enditem|p1a: Archaludon|Chople Berry|[eat]\n|-enditem|p1a: Archaludon|Chople Berry|[weaken]\n|-damage|p1a: Archaludon|52/100\n|-ability|p1a: Archaludon|Stamina|boost\n|-boost|p1a: Archaludon|def|1\n|move|p1b: Starmie|Liquidation|p2a: Vanilluxe\n|-activate|p2a: Vanilluxe|move: Protect\n|move|p1a: Archaludon|Dragon Pulse|p2b: Conkeldurr\n|-damage|p2b: Conkeldurr|0 fnt\n|faint|p2b: Conkeldurr\n|\n|-weather|RainDance|[upkeep]\n|upkeep\n|\n|t:|1776034726\n|switch|p2b: Basculegion|Basculegion, L50, M|72/100\n|turn|6\n|\n|t:|1776034761\n|move|p1b: Starmie|Protect|p1b: Starmie\n|-singleturn|p1b: Starmie|Protect\n|move|p2b: Basculegion|Last Respects|p1b: Starmie\n|-activate|p1b: Starmie|move: Protect\n|move|p1a: Archaludon|Dragon Pulse|p2b: Basculegion\n|-damage|p2b: Basculegion|32/100\n|move|p2a: Vanilluxe|Blizzard|p1a: Archaludon|[spread] p1a\n|-activate|p1b: Starmie|move: Protect\n|-damage|p1a: Archaludon|15/100\n|-ability|p1a: Archaludon|Stamina|boost\n|-boost|p1a: Archaludon|def|1\n|\n|-weather|none\n|upkeep\n|turn|7\n|\n|t:|1776034785\n|move|p1b: Starmie|Protect||[still]\n|-fail|p1b: Starmie\n|move|p2b: Basculegion|Last Respects|p1b: Starmie\n|-supereffective|p1b: Starmie|1\n|-damage|p1b: Starmie|0 fnt\n|faint|p1b: Starmie\n|move|p1a: Archaludon|Dragon Pulse|p2b: Basculegion\n|-damage|p2b: Basculegion|0 fnt\n|faint|p2b: Basculegion\n|move|p2a: Vanilluxe|Freeze-Dry|p1a: Archaludon\n|-damage|p1a: Archaludon|0 fnt\n|faint|p1a: Archaludon\n|\n|win|Jah_08\n|raw|Nbvfgjjjvf's rating: 1210 &rarr; <strong>1191</strong><br />(-19 for losing)\n|raw|Jah_08's rating: 1292 &rarr; <strong>1311</strong><br />(+19 for winning)\n|l|\u2606Nbvfgjjjvf\n|player|p1|\n",
  "uploadtime": 1776034804,
  "views": 24,
  "formatid": "gen9championsvgc2026regma",
  "rating": 1191,
  "private": 0,
  "password": null
}