{
  "id": "gen9championsvgc2026regma-2588733938",
  "format": "[Gen 9 Champions] VGC 2026 Reg M-A",
  "players": [
    "Blueturt",
    "cammellio"
  ],
  "log": "|j|\u2606Blueturt\n|j|\u2606cammellio\n|t:|1776663588\n|gametype|doubles\n|player|p1|Blueturt|hilda-wonderlauncher|1065\n|player|p2|cammellio|170|1104\n|gen|9\n|tier|[Gen 9 Champions] VGC 2026 Reg M-A\n|rated|\n|rule|Species Clause: Limit one of each Pok\u00e9mon\n|rule|Item Clause: Limit 1 of each item\n|clearpoke\n|poke|p1|Skarmory, L50, M, shiny|\n|poke|p1|Aerodactyl, L50, M|\n|poke|p1|Sneasler, L50, F|\n|poke|p1|Sinistcha-Masterpiece, L50|\n|poke|p1|Tyranitar, L50, F|\n|poke|p1|Sylveon, L50, F, shiny|\n|poke|p2|Scovillain, L50, M, shiny|\n|poke|p2|Victreebel, L50, F, shiny|\n|poke|p2|Whimsicott, L50, M, shiny|\n|poke|p2|Simisage, L50, M, shiny|\n|poke|p2|Sinistcha-Masterpiece, L50, shiny|\n|poke|p2|Rotom-Mow, L50, shiny|\n|teampreview|4\n|inactive|Battle timer is ON: inactive players will automatically lose when time's up. (requested by Blueturt)\n|c|\u2606cammellio|What an original team\n|c|\u2606cammellio|Heck yeah\n|c|\u2606cammellio|Ive lost, i know\n|inactive|cammellio has 60 seconds left.\n|c|\u2606Blueturt|simisage\n|inactive|cammellio has 30 seconds left.\n|inactive|cammellio has 20 seconds left.\n|inactive|cammellio has 15 seconds left.\n|\n|t:|1776663664\n|teamsize|p1|4\n|teamsize|p2|4\n|start\n|switch|p1a: rocky birb|Aerodactyl, L50, M|100/100\n|switch|p1b: toxic birb|Sneasler, L50, F|100/100\n|switch|p2a: Scovillain|Scovillain, L50, M, shiny|100/100\n|switch|p2b: Whimsicott|Whimsicott, L50, M, shiny|100/100\n|-ability|p1a: rocky birb|Unnerve\n|turn|1\n|\n|t:|1776663683\n|detailschange|p1a: rocky birb|Aerodactyl-Mega, L50, M\n|-mega|p1a: rocky birb|Aerodactyl|Aerodactylite\n|move|p2a: Scovillain|Protect|p2a: Scovillain\n|-singleturn|p2a: Scovillain|Protect\n|move|p2b: Whimsicott|Tailwind|p2b: Whimsicott\n|-sidestart|p2: cammellio|move: Tailwind\n|move|p1a: rocky birb|Dual Wingbeat|p2a: Scovillain\n|-activate|p2a: Scovillain|move: Protect\n|move|p1b: toxic birb|Dire Claw|p2b: Whimsicott\n|-supereffective|p2b: Whimsicott|2\n|-damage|p2b: Whimsicott|0 fnt\n|faint|p2b: Whimsicott\n|\n|-ability|p2a: Scovillain|Moody|boost\n|-boost|p2a: Scovillain|spa|2\n|-unboost|p2a: Scovillain|spd|1\n|upkeep\n|\n|t:|1776663704\n|switch|p2b: Simisage|Simisage, L50, M, shiny|100/100\n|turn|2\n|\n|t:|1776663721\n|detailschange|p2a: Scovillain|Scovillain-Mega, L50, M, shiny\n|-mega|p2a: Scovillain|Scovillain|Scovillainite\n|move|p2b: Simisage|Fake Out|p1a: rocky birb\n|-resisted|p1a: rocky birb|1\n|-damage|p1a: rocky birb|92/100\n|cant|p1a: rocky birb|flinch\n|move|p2a: Scovillain|Flamethrower|p1b: toxic birb\n|-crit|p1b: toxic birb\n|-damage|p1b: toxic birb|0 fnt\n|faint|p1b: toxic birb\n|\n|upkeep\n|\n|t:|1776663736\n|switch|p1b: godzilla birb|Tyranitar, L50, F|100/100\n|-weather|Sandstorm|[from] ability: Sand Stream|[of] p1b: godzilla birb\n|turn|3\n|inactive|Blueturt has 30 seconds left.\n|\n|t:|1776663761\n|move|p2b: Simisage|Low Kick|p1b: godzilla birb\n|-supereffective|p1b: godzilla birb|2\n|-damage|p1b: godzilla birb|0 fnt\n|faint|p1b: godzilla birb\n|move|p1a: rocky birb|Dual Wingbeat|p2b: Simisage\n|-supereffective|p2b: Simisage|1\n|-enditem|p2b: Simisage|Focus Sash\n|-damage|p2b: Simisage|1/100\n|-supereffective|p2b: Simisage|1\n|-damage|p2b: Simisage|0 fnt\n|faint|p2b: Simisage\n|-hitcount|p2: Simisage|2\n|move|p2a: Scovillain|Leech Seed|p1a: rocky birb|[miss]\n|-miss|p2a: Scovillain|p1a: rocky birb\n|\n|-weather|Sandstorm|[upkeep]\n|-damage|p2a: Scovillain|95/100|[from] Sandstorm\n|upkeep\n|\n|t:|1776663778\n|switch|p2b: Rotom|Rotom-Mow, L50, shiny|100/100\n|switch|p1b: Sinistcha|Sinistcha-Masterpiece, L50|100/100\n|-heal|p1a: rocky birb|100/100|[from] ability: Hospitality|[of] p1b: Sinistcha\n|turn|4\n|\n|t:|1776663797\n|move|p1b: Sinistcha|Rage Powder|p1b: Sinistcha\n|-singleturn|p1b: Sinistcha|move: Rage Powder\n|move|p2b: Rotom|Electroweb|p1b: Sinistcha|[spread] p1a,p1b\n|-supereffective|p1a: rocky birb|1\n|-resisted|p1b: Sinistcha|1\n|-damage|p1a: rocky birb|72/100\n|-damage|p1b: Sinistcha|90/100\n|-unboost|p1a: rocky birb|spe|1\n|-unboost|p1b: Sinistcha|spe|1\n|move|p2a: Scovillain|Flamethrower|p1b: Sinistcha\n|-supereffective|p1b: Sinistcha|1\n|-damage|p1b: Sinistcha|0 fnt\n|faint|p1b: Sinistcha\n|move|p1a: rocky birb|Dual Wingbeat|p2b: Rotom\n|-damage|p2b: Rotom|62/100\n|-damage|p2b: Rotom|26/100\n|-hitcount|p2b: Rotom|2\n|\n|-weather|Sandstorm|[upkeep]\n|-damage|p2b: Rotom|20/100|[from] Sandstorm\n|-damage|p2a: Scovillain|89/100|[from] Sandstorm\n|-sideend|p2: cammellio|move: Tailwind\n|upkeep\n|turn|5\n|\n|t:|1776663817\n|move|p2a: Scovillain|Rage Powder|p2a: Scovillain\n|-singleturn|p2a: Scovillain|move: Rage Powder\n|move|p2b: Rotom|Electroweb|p1a: rocky birb\n|-supereffective|p1a: rocky birb|1\n|-damage|p1a: rocky birb|27/100\n|-unboost|p1a: rocky birb|spe|1\n|move|p1a: rocky birb|Dual Wingbeat|p2a: Scovillain|[miss]\n|-miss|p1a: rocky birb|p2a: Scovillain\n|\n|-weather|Sandstorm|[upkeep]\n|-damage|p2b: Rotom|15/100|[from] Sandstorm\n|-damage|p2a: Scovillain|83/100|[from] Sandstorm\n|upkeep\n|turn|6\n|c|\u2606Blueturt|gg\n|\n|t:|1776663830\n|move|p2a: Scovillain|Rage Powder|p2a: Scovillain\n|-singleturn|p2a: Scovillain|move: Rage Powder\n|move|p2b: Rotom|Electroweb|p1a: rocky birb\n|-supereffective|p1a: rocky birb|1\n|-damage|p1a: rocky birb|0 fnt\n|faint|p1a: rocky birb\n|\n|win|cammellio\n|raw|Blueturt's rating: 1065 &rarr; <strong>1047</strong><br />(-18 for losing)\n|raw|cammellio's rating: 1104 &rarr; <strong>1126</strong><br />(+22 for winning)\n|c|\u2606cammellio|Gg\n|c|\u2606Blueturt|rare to see a rotom mow\n|c|\u2606cammellio|Grass theme\n|c|\u2606cammellio|I dont like it\n|c|\u2606cammellio|But, the theme\n",
  "uploadtime": 1776663840,
  "views": 26,
  "formatid": "gen9championsvgc2026regma",
  "rating": 1047,
  "private": 0,
  "password": null
}