{
  "id": "gen9championsvgc2026regma-2585269458",
  "format": "[Gen 9 Champions] VGC 2026 Reg M-A",
  "players": [
    "Bsincere",
    "totaljrkface"
  ],
  "log": "|j|\u2606Bsincere\n|j|\u2606totaljrkface\n|t:|1776332104\n|gametype|doubles\n|player|p1|Bsincere|169|1000\n|player|p2|totaljrkface|1|1074\n|gen|9\n|tier|[Gen 9 Champions] VGC 2026 Reg M-A\n|rated|\n|rule|Species Clause: Limit one of each Pok\u00e9mon\n|rule|Item Clause: Limit 1 of each item\n|clearpoke\n|poke|p1|Pikachu, L50, M|\n|poke|p1|Starmie, L50|\n|poke|p1|Aerodactyl, L50, M|\n|poke|p1|Incineroar, L50, M|\n|poke|p1|Sneasler, L50, M|\n|poke|p1|Aegislash, L50, M|\n|poke|p2|Charizard, L50, M|\n|poke|p2|Sneasler, L50, F|\n|poke|p2|Garchomp, L50, M|\n|poke|p2|Venusaur, L50, M|\n|poke|p2|Whimsicott, L50, F|\n|poke|p2|Kingambit, L50, M|\n|teampreview|4\n|\n|t:|1776332141\n|teamsize|p1|4\n|teamsize|p2|4\n|start\n|switch|p1a: Aerodactyl|Aerodactyl, L50, M, shiny|100/100\n|switch|p1b: Incineroar|Incineroar, L50, M, shiny|100/100\n|switch|p2a: Whimsicott|Whimsicott, L50, F|100/100\n|switch|p2b: Sneasler|Sneasler, L50, F|100/100\n|-ability|p1a: Aerodactyl|Unnerve\n|-ability|p1b: Incineroar|Intimidate|boost\n|-unboost|p2a: Whimsicott|atk|1\n|-unboost|p2b: Sneasler|atk|1\n|-enditem|p2b: Sneasler|White Herb\n|-clearnegativeboost|p2b: Sneasler|[silent]\n|turn|1\n|\n|t:|1776332158\n|move|p2b: Sneasler|Fake Out|p1a: Aerodactyl\n|-resisted|p1a: Aerodactyl|1\n|-damage|p1a: Aerodactyl|87/100\n|move|p1b: Incineroar|Fake Out|p2b: Sneasler\n|-damage|p2b: Sneasler|82/100\n|move|p2a: Whimsicott|Tailwind|p2a: Whimsicott\n|-sidestart|p2: totaljrkface|move: Tailwind\n|cant|p1a: Aerodactyl|flinch\n|\n|upkeep\n|turn|2\n|\n|t:|1776332183\n|switch|p1b: Starmie|Starmie, L50, shiny|100/100\n|move|p2b: Sneasler|Close Combat|p1b: Starmie\n|-resisted|p1b: Starmie|1\n|-damage|p1b: Starmie|49/100\n|-unboost|p2b: Sneasler|def|1\n|-unboost|p2b: Sneasler|spd|1\n|move|p2a: Whimsicott|Moonblast|p1b: Starmie\n|-damage|p1b: Starmie|11/100\n|move|p1a: Aerodactyl|Dual Wingbeat|p2b: Sneasler\n|-supereffective|p2b: Sneasler|1\n|-damage|p2b: Sneasler|0 fnt\n|faint|p2b: Sneasler\n|-hitcount|p2: Sneasler|1\n|\n|upkeep\n|\n|t:|1776332200\n|switch|p2b: Garchomp|Garchomp, L50, M|100/100\n|turn|3\n|\n|t:|1776332214\n|switch|p1b: Incineroar|Incineroar, L50, M, shiny|100/100\n|-ability|p1b: Incineroar|Intimidate|boost\n|-unboost|p2a: Whimsicott|atk|1\n|-unboost|p2b: Garchomp|atk|1\n|move|p1a: Aerodactyl|Protect|p1a: Aerodactyl\n|-singleturn|p1a: Aerodactyl|Protect\n|move|p2b: Garchomp|Rock Slide|p1b: Incineroar|[spread] p1b\n|-activate|p1a: Aerodactyl|move: Protect\n|-supereffective|p1b: Incineroar|1\n|-damage|p1b: Incineroar|80/100\n|move|p2a: Whimsicott|Moonblast|p1a: Aerodactyl\n|-activate|p1a: Aerodactyl|move: Protect\n|\n|upkeep\n|turn|4\n|\n|t:|1776332234\n|switch|p2b: Venusaur|Venusaur, L50, M|100/100\n|move|p2a: Whimsicott|Protect|p2a: Whimsicott\n|-singleturn|p2a: Whimsicott|Protect\n|move|p1b: Incineroar|Fake Out|p2a: Whimsicott\n|-activate|p2a: Whimsicott|move: Protect\n|move|p1a: Aerodactyl|Tailwind|p1a: Aerodactyl\n|-sidestart|p1: Bsincere|move: Tailwind\n|\n|-sideend|p2: totaljrkface|move: Tailwind\n|upkeep\n|turn|5\n|\n|t:|1776332253\n|move|p2a: Whimsicott|Tailwind|p2a: Whimsicott\n|-sidestart|p2: totaljrkface|move: Tailwind\n|move|p1a: Aerodactyl|Dual Wingbeat|p2a: Whimsicott\n|-supereffective|p2a: Whimsicott|1\n|-damage|p2a: Whimsicott|64/100\n|-supereffective|p2a: Whimsicott|1\n|-damage|p2a: Whimsicott|28/100\n|-hitcount|p2a: Whimsicott|2\n|move|p2b: Venusaur|Leech Seed|p1a: Aerodactyl\n|-start|p1a: Aerodactyl|move: Leech Seed\n|move|p1b: Incineroar|Flare Blitz|p2a: Whimsicott\n|-supereffective|p2a: Whimsicott|1\n|-damage|p2a: Whimsicott|0 fnt\n|faint|p2a: Whimsicott\n|-damage|p1b: Incineroar|74/100|[from] Recoil\n|\n|-damage|p1a: Aerodactyl|75/100|[from] Leech Seed|[of] p2b: Venusaur\n|upkeep\n|\n|t:|1776332265\n|switch|p2a: Garchomp|Garchomp, L50, M|100/100\n|turn|6\n|\n|t:|1776332285\n|move|p2a: Garchomp|Dragon Claw|p1a: Aerodactyl\n|-damage|p1a: Aerodactyl|2/100\n|move|p1a: Aerodactyl|Dual Wingbeat|p2b: Venusaur|[miss]\n|-miss|p1a: Aerodactyl|p2b: Venusaur\n|move|p2b: Venusaur|Earth Power|p1b: Incineroar\n|-supereffective|p1b: Incineroar|1\n|-damage|p1b: Incineroar|32/100\n|-enditem|p1b: Incineroar|Sitrus Berry|[eat]\n|-heal|p1b: Incineroar|57/100|[from] item: Sitrus Berry\n|move|p1b: Incineroar|Throat Chop|p2a: Garchomp\n|-damage|p2a: Garchomp|69/100\n|-start|p2a: Garchomp|Throat Chop|[silent]\n|-damage|p1b: Incineroar|45/100|[from] ability: Rough Skin|[of] p2a: Garchomp\n|\n|-damage|p1a: Aerodactyl|0 fnt|[from] Leech Seed|[of] p2b: Venusaur\n|faint|p1a: Aerodactyl\n|upkeep\n|\n|t:|1776332298\n|switch|p1a: Starmie|Starmie, L50, shiny|11/100\n|turn|7\n|\n|t:|1776332316\n|detailschange|p1a: Starmie|Starmie-Mega, L50, shiny\n|-mega|p1a: Starmie|Starmie|Starminite\n|move|p2a: Garchomp|Dragon Claw|p1b: Incineroar\n|-damage|p1b: Incineroar|6/100\n|move|p1a: Starmie|Icy Wind|p2a: Garchomp|[spread] p2a,p2b\n|-supereffective|p2a: Garchomp|2\n|-supereffective|p2b: Venusaur|1\n|-damage|p2a: Garchomp|21/100\n|-damage|p2b: Venusaur|78/100\n|-unboost|p2a: Garchomp|spe|1\n|-unboost|p2b: Venusaur|spe|1\n|move|p2b: Venusaur|Energy Ball|p1a: Starmie\n|-supereffective|p1a: Starmie|1\n|-damage|p1a: Starmie|0 fnt\n|faint|p1a: Starmie\n|move|p1b: Incineroar|Throat Chop|p2a: Garchomp\n|-damage|p2a: Garchomp|0 fnt\n|-damage|p1b: Incineroar|0 fnt|[from] ability: Rough Skin|[of] p2a: Garchomp\n|faint|p2a: Garchomp\n|faint|p1b: Incineroar\n|\n|-heal|p2b: Venusaur|84/100|[from] item: Leftovers\n|-sideend|p1: Bsincere|move: Tailwind\n|upkeep\n|\n|t:|1776332325\n|switch|p1b: Pikachu|Pikachu, L50, M, shiny|100/100\n|turn|8\n|\n|t:|1776332339\n|move|p1b: Pikachu|Fake Out|p2b: Venusaur\n|-damage|p2b: Venusaur|64/100\n|cant|p2b: Venusaur|flinch\n|\n|-heal|p2b: Venusaur|70/100|[from] item: Leftovers\n|-sideend|p2: totaljrkface|move: Tailwind\n|upkeep\n|turn|9\n|\n|t:|1776332343\n|move|p1b: Pikachu|Knock Off|p2b: Venusaur\n|-damage|p2b: Venusaur|21/100\n|-enditem|p2b: Venusaur|Leftovers|[from] move: Knock Off|[of] p1b: Pikachu\n|move|p2b: Venusaur|Leech Seed|p1b: Pikachu\n|-start|p1b: Pikachu|move: Leech Seed\n|\n|-damage|p1b: Pikachu|88/100|[from] Leech Seed|[of] p2b: Venusaur\n|-heal|p2b: Venusaur|29/100|[silent]\n|upkeep\n|turn|10\n|\n|t:|1776332353\n|move|p1b: Pikachu|Volt Tackle|p2b: Venusaur\n|-resisted|p2b: Venusaur|1\n|-damage|p2b: Venusaur|0 fnt\n|faint|p2b: Venusaur\n|-damage|p1b: Pikachu|74/100|[from] Recoil\n|\n|win|Bsincere\n|raw|Bsincere's rating: 1000 &rarr; <strong>1048</strong><br />(+48 for winning)\n|raw|totaljrkface's rating: 1074 &rarr; <strong>1048</strong><br />(-26 for losing)\n|l|\u2606totaljrkface\n|player|p2|\n",
  "uploadtime": 1776332363,
  "views": 26,
  "formatid": "gen9championsvgc2026regma",
  "rating": 1048,
  "private": 0,
  "password": null
}