{
  "id": "gen9championsvgc2026regma-2587233569",
  "format": "[Gen 9 Champions] VGC 2026 Reg M-A",
  "players": [
    "silverhaffling01",
    "lolgz"
  ],
  "log": "|j|\u2606silverhaffling01\n|j|\u2606lolgz\n|html|<table width=\"100%\"><tr><td align=\"left\">silverhaffling01</td><td align=\"right\">lolgz</tr><tr><td align=\"left\"><i class=\"fa fa-circle\"></i> <i class=\"fa fa-circle-o\"></i> </td><td align=\"right\"><i class=\"fa fa-circle-o\"></i> <i class=\"fa fa-circle-o\"></i> </tr></table>\n|uhtml|bestof|<h2><strong>Game 2</strong> of <a href=\"/game-bestof3-gen9championsvgc2026regma-2587231856\">a best-of-3</a></h2>\n|t:|1776512386\n|gametype|doubles\n|player|p1|silverhaffling01|gambler|\n|player|p2|lolgz|dawn|\n|gen|9\n|tier|[Gen 9 Champions] VGC 2026 Reg M-A\n|rated|Tournament battle\n|rule|Species Clause: Limit one of each Pok\u00e9mon\n|rule|Item Clause: Limit 1 of each item\n|raw|<div class=\"infobox\"><details class=\"readmore\" open><summary><strong>2 custom rules:</strong></summary> Force Open Team Sheets, Best of = 3</details></div>\n|clearpoke\n|poke|p1|Charizard, L50, F, shiny|\n|poke|p1|Venusaur, L50, M|\n|poke|p1|Incineroar, L50, F|\n|poke|p1|Garchomp, L50, M|\n|poke|p1|Whimsicott, L50, M|\n|poke|p1|Rotom-Wash, L50|\n|poke|p2|Charizard, L50, M|\n|poke|p2|Venusaur, L50, M|\n|poke|p2|Milotic, L50, F|\n|poke|p2|Incineroar, L50, M|\n|poke|p2|Garchomp, L50, M|\n|poke|p2|Gardevoir, L50, M|\n|teampreview|4\n|showteam|p1|Charizard||CharizarditeY|Blaze|HeatWave,SolarBeam,Protect,WeatherBall|||F|||50|]Venusaur||OccaBerry|Chlorophyll|Protect,SleepPowder,SludgeBomb,EnergyBall|||M|||50|]Incineroar||LumBerry|Intimidate|FakeOut,FlareBlitz,PartingShot,DarkestLariat|||F|||50|]Garchomp||ChoiceScarf|RoughSkin|Earthquake,RockSlide,DragonClaw,IronHead|||M|||50|]Whimsicott||FocusSash|Prankster|Tailwind,Encore,Moonblast,Protect|||M|||50|]Rotom-Wash||SitrusBerry|Levitate|HydroPump,Protect,Thunderbolt,NastyPlot||||||50|\n|showteam|p2|Charizard||CharizarditeY|SolarPower|AirSlash,HeatWave,SolarBeam,Protect|||M|||50|]Venusaur||FocusSash|Chlorophyll|SleepPowder,EnergyBall,SludgeBomb,Protect|||M|||50|]Milotic||Leftovers|Competitive|Scald,IceBeam,Recover,Protect|||F|||50|]Incineroar||SitrusBerry|Intimidate|FakeOut,PartingShot,FlareBlitz,ThroatChop|||M|||50|]Garchomp||WhiteHerb|RoughSkin|Earthquake,StompingTantrum,DragonClaw,Protect|||M|||50|]Gardevoir||ChoiceScarf|Synchronize|IcyWind,Psychic,DazzlingGleam,Moonblast|||M|||50|\n|\n|t:|1776512411\n|teamsize|p1|4\n|teamsize|p2|4\n|start\n|switch|p1a: Whimsicott|Whimsicott, L50, M|100/100\n|switch|p1b: Rotom|Rotom-Wash, L50|100/100\n|switch|p2a: Charizard|Charizard, L50, M|100/100\n|switch|p2b: Venusaur|Venusaur, L50, M|100/100\n|turn|1\n|\n|t:|1776512436\n|detailschange|p2a: Charizard|Charizard-Mega-Y, L50, M\n|-mega|p2a: Charizard|Charizard|Charizardite Y\n|-weather|SunnyDay|[from] ability: Drought|[of] p2a: Charizard\n|move|p1b: Rotom|Protect|p1b: Rotom\n|-singleturn|p1b: Rotom|Protect\n|move|p2b: Venusaur|Sleep Powder|p1b: Rotom\n|-activate|p1b: Rotom|move: Protect\n|move|p1a: Whimsicott|Moonblast|p2a: Charizard\n|-resisted|p2a: Charizard|1\n|-damage|p2a: Charizard|81/100\n|-unboost|p2a: Charizard|spa|1\n|move|p2a: Charizard|Heat Wave|p1b: Rotom|[spread] p1a\n|-activate|p1b: Rotom|move: Protect\n|-supereffective|p1a: Whimsicott|1\n|-enditem|p1a: Whimsicott|Focus Sash\n|-damage|p1a: Whimsicott|1/100\n|\n|-weather|SunnyDay|[upkeep]\n|upkeep\n|turn|2\n|\n|t:|1776512458\n|move|p1a: Whimsicott|Protect|p1a: Whimsicott\n|-singleturn|p1a: Whimsicott|Protect\n|move|p2b: Venusaur|Sleep Powder|p1b: Rotom\n|-status|p1b: Rotom|slp|[from] move: Sleep Powder\n|move|p2a: Charizard|Heat Wave|p1a: Whimsicott|[spread] p1b\n|-activate|p1a: Whimsicott|move: Protect\n|-resisted|p1b: Rotom|1\n|-damage|p1b: Rotom|79/100 slp\n|cant|p1b: Rotom|slp\n|\n|-weather|SunnyDay|[upkeep]\n|upkeep\n|turn|3\n|\n|t:|1776512475\n|move|p1a: Whimsicott|Tailwind|p1a: Whimsicott\n|-sidestart|p1: silverhaffling01|move: Tailwind\n|move|p2b: Venusaur|Energy Ball|p1b: Rotom\n|-supereffective|p1b: Rotom|1\n|-damage|p1b: Rotom|6/100 slp\n|-enditem|p1b: Rotom|Sitrus Berry|[eat]\n|-heal|p1b: Rotom|30/100 slp|[from] item: Sitrus Berry\n|cant|p1b: Rotom|slp\n|move|p2a: Charizard|Heat Wave|p1b: Rotom|[spread] p1a,p1b\n|-supereffective|p1a: Whimsicott|1\n|-resisted|p1b: Rotom|1\n|-damage|p1a: Whimsicott|0 fnt\n|-damage|p1b: Rotom|8/100 slp\n|faint|p1a: Whimsicott\n|\n|-weather|SunnyDay|[upkeep]\n|upkeep\n|\n|t:|1776512488\n|switch|p1a: Garchomp|Garchomp, L50, M|100/100\n|turn|4\n|\n|t:|1776512499\n|move|p2a: Charizard|Protect|p2a: Charizard\n|-singleturn|p2a: Charizard|Protect\n|move|p1a: Garchomp|Rock Slide|p2a: Charizard|[spread] p2b\n|-activate|p2a: Charizard|move: Protect\n|-damage|p2b: Venusaur|73/100\n|move|p2b: Venusaur|Sleep Powder|p1a: Garchomp\n|-status|p1a: Garchomp|slp|[from] move: Sleep Powder\n|-curestatus|p1b: Rotom|slp|[msg]\n|move|p1b: Rotom|Thunderbolt|p2a: Charizard\n|-activate|p2a: Charizard|move: Protect\n|\n|-weather|SunnyDay|[upkeep]\n|upkeep\n|turn|5\n|\n|t:|1776512522\n|switch|p2a: Gardevoir|Gardevoir, L50, M|100/100\n|cant|p1a: Garchomp|slp\n|move|p2b: Venusaur|Energy Ball|p1b: Rotom\n|-supereffective|p1b: Rotom|1\n|-damage|p1b: Rotom|0 fnt\n|faint|p1b: Rotom\n|\n|-weather|none\n|upkeep\n|\n|t:|1776512530\n|switch|p1b: Charizard|Charizard, L50, F, shiny|100/100\n|turn|6\n|\n|t:|1776512540\n|detailschange|p1b: Charizard|Charizard-Mega-Y, L50, F, shiny\n|-mega|p1b: Charizard|Charizard|Charizardite Y\n|-weather|SunnyDay|[from] ability: Drought|[of] p1b: Charizard\n|-curestatus|p1a: Garchomp|slp|[msg]\n|move|p1a: Garchomp|Rock Slide|p2a: Gardevoir|[spread] p2a,p2b\n|-damage|p2a: Gardevoir|67/100\n|-damage|p2b: Venusaur|46/100\n|move|p1b: Charizard|Weather Ball|p2a: Gardevoir\n|-damage|p2a: Gardevoir|0 fnt\n|faint|p2a: Gardevoir\n|cant|p2b: Venusaur|flinch\n|\n|-weather|SunnyDay|[upkeep]\n|-sideend|p1: silverhaffling01|move: Tailwind\n|upkeep\n|\n|t:|1776512556\n|switch|p2a: Milotic|Milotic, L50, F|100/100\n|turn|7\n|\n|t:|1776512562\n|move|p2b: Venusaur|Sleep Powder|p1b: Charizard|[miss]\n|-miss|p2b: Venusaur|p1b: Charizard\n|move|p1a: Garchomp|Rock Slide|p2a: Milotic|[spread] p2a\n|-miss|p1a: Garchomp|p2b: Venusaur\n|-damage|p2a: Milotic|76/100\n|move|p1b: Charizard|Solar Beam||[still]\n|-prepare|p1b: Charizard|Solar Beam\n|-anim|p1b: Charizard|Solar Beam|p2a: Milotic\n|-supereffective|p2a: Milotic|1\n|-damage|p2a: Milotic|0 fnt\n|faint|p2a: Milotic\n|\n|-weather|SunnyDay|[upkeep]\n|upkeep\n|\n|t:|1776512572\n|switch|p2a: Charizard|Charizard-Mega-Y, L50, M|81/100\n|turn|8\n|j| yagostik\n|\n|t:|1776512579\n|move|p2b: Venusaur|Sleep Powder|p1a: Garchomp\n|-status|p1a: Garchomp|slp|[from] move: Sleep Powder\n|cant|p1a: Garchomp|slp\n|move|p2a: Charizard|Air Slash|p1b: Charizard\n|-damage|p1b: Charizard|56/100\n|cant|p1b: Charizard|flinch\n|\n|-weather|SunnyDay|[upkeep]\n|upkeep\n|turn|9\n|\n|t:|1776512590\n|move|p2b: Venusaur|Sleep Powder|p1b: Charizard|[miss]\n|-miss|p2b: Venusaur|p1b: Charizard\n|cant|p1a: Garchomp|slp\n|move|p2a: Charizard|Heat Wave|p1b: Charizard|[spread] p1a,p1b\n|-resisted|p1a: Garchomp|1\n|-resisted|p1b: Charizard|1\n|-damage|p1a: Garchomp|67/100 slp\n|-damage|p1b: Charizard|23/100\n|move|p1b: Charizard|Weather Ball|p2b: Venusaur\n|-supereffective|p2b: Venusaur|1\n|-damage|p2b: Venusaur|0 fnt\n|faint|p2b: Venusaur\n|\n|-weather|SunnyDay|[upkeep]\n|upkeep\n|turn|10\n|-message|lolgz forfeited.\n|\n|win|silverhaffling01\n",
  "uploadtime": 1776512600,
  "views": 13,
  "formatid": "gen9championsvgc2026regma",
  "rating": null,
  "private": 0,
  "password": null
}