{
  "id": "gen9championsvgc2026regma-2585681154",
  "format": "[Gen 9 Champions] VGC 2026 Reg M-A",
  "players": [
    "isabellissima",
    "Talistic"
  ],
  "log": "|j|\u2606isabellissima\n|j|\u2606Talistic\n|t:|1776363354\n|gametype|doubles\n|player|p1|isabellissima|2|1136\n|player|p2|Talistic|265|1073\n|gen|9\n|tier|[Gen 9 Champions] VGC 2026 Reg M-A\n|rated|\n|rule|Species Clause: Limit one of each Pok\u00e9mon\n|rule|Item Clause: Limit 1 of each item\n|clearpoke\n|poke|p1|Incineroar, L50, M|\n|poke|p1|Gengar, L50, F|\n|poke|p1|Sneasler, L50, F|\n|poke|p1|Maushold-Four, L50|\n|poke|p1|Kommo-o, L50, F|\n|poke|p1|Politoed, L50, F|\n|poke|p2|Excadrill, L50, F|\n|poke|p2|Tyranitar, L50, M|\n|poke|p2|Typhlosion-Hisui, L50, F|\n|poke|p2|Gyarados, L50, M|\n|poke|p2|Meganium, L50, F|\n|poke|p2|Whimsicott, L50, F|\n|teampreview|4\n|inactive|Battle timer is ON: inactive players will automatically lose when time's up. (requested by isabellissima)\n|\n|t:|1776363378\n|teamsize|p1|4\n|teamsize|p2|4\n|start\n|switch|p1a: Incineroar|Incineroar, L50, M, shiny|100/100\n|switch|p1b: Gengar|Gengar, L50, F, shiny|100/100\n|switch|p2a: Excadrill|Excadrill, L50, F|100/100\n|switch|p2b: Typhlosion|Typhlosion-Hisui, L50, F|100/100\n|-item|p1a: Incineroar|Sitrus Berry|[from] ability: Frisk|[of] p2b: Typhlosion\n|-item|p1b: Gengar|Gengarite|[from] ability: Frisk|[of] p2b: Typhlosion\n|-ability|p1a: Incineroar|Intimidate|boost\n|-unboost|p2a: Excadrill|atk|1\n|-unboost|p2b: Typhlosion|atk|1\n|-enditem|p2a: Excadrill|White Herb\n|-clearnegativeboost|p2a: Excadrill|[silent]\n|turn|1\n|inactive|Talistic has 30 seconds left.\n|\n|t:|1776363406\n|detailschange|p1b: Gengar|Gengar-Mega, L50, F, shiny\n|-mega|p1b: Gengar|Gengar|Gengarite\n|move|p1a: Incineroar|Fake Out|p2a: Excadrill\n|-resisted|p2a: Excadrill|1\n|-damage|p2a: Excadrill|92/100\n|move|p2b: Typhlosion|Shadow Ball|p1b: Gengar\n|-supereffective|p1b: Gengar|1\n|-damage|p1b: Gengar|7/100\n|-unboost|p1b: Gengar|spd|1\n|move|p1b: Gengar|Shadow Ball|p2b: Typhlosion\n|-supereffective|p2b: Typhlosion|1\n|-crit|p2b: Typhlosion\n|-damage|p2b: Typhlosion|0 fnt\n|faint|p2b: Typhlosion\n|cant|p2a: Excadrill|flinch\n|\n|upkeep\n|\n|t:|1776363421\n|switch|p2b: Tyranitar|Tyranitar, L50, M|100/100\n|-weather|Sandstorm|[from] ability: Sand Stream|[of] p2b: Tyranitar\n|turn|2\n|\n|t:|1776363434\n|switch|p1b: Politoed|Politoed, L50, F, shiny|100/100\n|-weather|RainDance|[from] ability: Drizzle|[of] p1b: Politoed\n|move|p1a: Incineroar|Protect|p1a: Incineroar\n|-singleturn|p1a: Incineroar|Protect\n|move|p2a: Excadrill|Rock Slide|p1a: Incineroar|[spread] \n|-activate|p1a: Incineroar|move: Protect\n|-miss|p2a: Excadrill|p1b: Politoed\n|move|p2b: Tyranitar|Dragon Dance|p2b: Tyranitar\n|-boost|p2b: Tyranitar|atk|1\n|-boost|p2b: Tyranitar|spe|1\n|\n|-weather|RainDance|[upkeep]\n|upkeep\n|turn|3\n|inactive|Talistic has 30 seconds left.\n|inactive|Talistic has 20 seconds left.\n|\n|t:|1776363473\n|move|p2b: Tyranitar|Rock Slide|p1a: Incineroar|[spread] p1a,p1b\n|-supereffective|p1a: Incineroar|1\n|-damage|p1a: Incineroar|35/100\n|-damage|p1b: Politoed|59/100\n|-enditem|p1a: Incineroar|Sitrus Berry|[eat]\n|-heal|p1a: Incineroar|60/100|[from] item: Sitrus Berry\n|move|p2a: Excadrill|High Horsepower|p1b: Politoed|[miss]\n|-miss|p2a: Excadrill|p1b: Politoed\n|cant|p1b: Politoed|flinch\n|cant|p1a: Incineroar|flinch\n|\n|-weather|RainDance|[upkeep]\n|-heal|p1b: Politoed|65/100|[from] item: Leftovers\n|upkeep\n|turn|4\n|inactive|Talistic has 30 seconds left.\n|\n|t:|1776363499\n|move|p2b: Tyranitar|Rock Slide|p1a: Incineroar|[spread] p1a\n|-miss|p2b: Tyranitar|p1b: Politoed\n|-supereffective|p1a: Incineroar|1\n|-damage|p1a: Incineroar|0 fnt\n|faint|p1a: Incineroar\n|move|p2a: Excadrill|Rock Slide|p1b: Politoed\n|-damage|p1b: Politoed|41/100\n|move|p1b: Politoed|Perish Song|p1b: Politoed\n|-start|p1b: Politoed|perish3|[silent]\n|-start|p2a: Excadrill|perish3|[silent]\n|-start|p2b: Tyranitar|perish3|[silent]\n|-fieldactivate|move: Perish Song\n|\n|-weather|RainDance|[upkeep]\n|-heal|p1b: Politoed|47/100|[from] item: Leftovers\n|-start|p2b: Tyranitar|perish3\n|-start|p2a: Excadrill|perish3\n|-start|p1b: Politoed|perish3\n|upkeep\n|\n|t:|1776363509\n|switch|p1a: Gengar|Gengar-Mega, L50, F, shiny|7/100\n|turn|5\n|\n|t:|1776363530\n|move|p1a: Gengar|Protect|p1a: Gengar\n|-singleturn|p1a: Gengar|Protect\n|move|p1b: Politoed|Protect|p1b: Politoed\n|-singleturn|p1b: Politoed|Protect\n|move|p2b: Tyranitar|Dragon Dance|p2b: Tyranitar\n|-boost|p2b: Tyranitar|atk|1\n|-boost|p2b: Tyranitar|spe|1\n|move|p2a: Excadrill|Rock Slide|p1a: Gengar|[spread] \n|-activate|p1a: Gengar|move: Protect\n|-activate|p1b: Politoed|move: Protect\n|\n|-weather|RainDance|[upkeep]\n|-heal|p1b: Politoed|53/100|[from] item: Leftovers\n|-start|p2b: Tyranitar|perish2\n|-start|p2a: Excadrill|perish2\n|-start|p1b: Politoed|perish2\n|upkeep\n|turn|6\n|\n|t:|1776363551\n|switch|p1a: Sneasler|Sneasler, L50, F|100/100\n|move|p2b: Tyranitar|Rock Slide|p1b: Politoed|[spread] p1a,p1b\n|-resisted|p1a: Sneasler|1\n|-damage|p1a: Sneasler|41/100\n|-damage|p1b: Politoed|0 fnt\n|faint|p1b: Politoed\n|move|p2a: Excadrill|Rock Slide|p1a: Sneasler\n|-resisted|p1a: Sneasler|1\n|-damage|p1a: Sneasler|16/100\n|\n|-weather|none\n|-start|p2b: Tyranitar|perish1\n|-start|p2a: Excadrill|perish1\n|upkeep\n|\n|t:|1776363560\n|switch|p1b: Gengar|Gengar-Mega, L50, F, shiny|7/100\n|turn|7\n|l|\u2606Talistic\n|inactive|Talistic disconnected and has a minute to reconnect!\n|player|p2|\n|inactive|Talistic has 30 seconds left.\n|inactive|Talistic has 20 seconds left.\n|inactive|Talistic has 15 seconds left.\n|inactive|Talistic has 10 seconds left.\n|inactive|Talistic has 5 seconds left.\n|-message|Talistic lost due to inactivity.\n|\n|win|isabellissima\n|raw|isabellissima's rating: 1136 &rarr; <strong>1157</strong><br />(+21 for winning)\n|raw|Talistic's rating: 1073 &rarr; <strong>1056</strong><br />(-17 for losing)\n",
  "uploadtime": 1776363621,
  "views": 35,
  "formatid": "gen9championsvgc2026regma",
  "rating": 1056,
  "private": 0,
  "password": null
}