{
  "id": "gen9championsvgc2026regma-2584743387",
  "format": "[Gen 9 Champions] VGC 2026 Reg M-A",
  "players": [
    "jhon_gabriel",
    "Digga D2.0"
  ],
  "log": "|j|\u2606jhon_gabriel\n|j|\u2606Digga D2.0\n|t:|1776280539\n|gametype|doubles\n|player|p1|jhon_gabriel|blackbelt|1241\n|player|p2|Digga D2.0|gardenia|1234\n|gen|9\n|tier|[Gen 9 Champions] VGC 2026 Reg M-A\n|rated|\n|rule|Species Clause: Limit one of each Pok\u00e9mon\n|rule|Item Clause: Limit 1 of each item\n|clearpoke\n|poke|p1|Delphox, L50, M|\n|poke|p1|Sableye, L50, F|\n|poke|p1|Corviknight, L50, F|\n|poke|p1|Tauros-Paldea-Aqua, L50, M|\n|poke|p1|Rotom-Wash, L50|\n|poke|p1|Garchomp, L50, F|\n|poke|p2|Pelipper, L50, F|\n|poke|p2|Archaludon, L50, F|\n|poke|p2|Dragonite, L50, F|\n|poke|p2|Sneasler, L50, M|\n|poke|p2|Basculegion, L50, M|\n|poke|p2|Sinistcha, L50|\n|teampreview|4\n|inactive|Battle timer is ON: inactive players will automatically lose when time's up. (requested by Digga D2.0)\n|\n|t:|1776280607\n|teamsize|p1|4\n|teamsize|p2|4\n|start\n|switch|p1a: Delphox|Delphox, L50, M|100/100\n|switch|p1b: Sableye|Sableye, L50, F|100/100\n|switch|p2a: Poppin|Pelipper, L50, F|100/100\n|switch|p2b: OnThaLine|Dragonite, L50, F, shiny|100/100\n|-weather|RainDance|[from] ability: Drizzle|[of] p2a: Poppin\n|turn|1\n|inactiveoff|Battle timer is now OFF.\n|inactive|Battle timer is ON: inactive players will automatically lose when time's up. (requested by jhon_gabriel)\n|\n|t:|1776280645\n|detailschange|p1a: Delphox|Delphox-Mega, L50, M\n|-mega|p1a: Delphox|Delphox|Delphoxite\n|move|p1a: Delphox|Protect|p1a: Delphox\n|-singleturn|p1a: Delphox|Protect\n|move|p1b: Sableye|Sunny Day|p1b: Sableye\n|-weather|SunnyDay\n|move|p2b: OnThaLine|Tailwind|p2b: OnThaLine\n|-sidestart|p2: Digga D2.0|move: Tailwind\n|move|p2a: Poppin|Weather Ball|p1a: Delphox\n|-activate|p1a: Delphox|move: Protect\n|\n|-weather|SunnyDay|[upkeep]\n|upkeep\n|turn|2\n|inactive|Digga D2.0 has 30 seconds left.\n|inactive|Digga D2.0 has 20 seconds left.\n|inactive|Digga D2.0 has 15 seconds left.\n|inactive|Digga D2.0 has 10 seconds left.\n|\n|t:|1776280695\n|detailschange|p2b: OnThaLine|Dragonite-Mega, L50, F, shiny\n|-mega|p2b: OnThaLine|Dragonite|Dragoninite\n|move|p1b: Sableye|Encore|p2b: OnThaLine\n|-start|p2b: OnThaLine|Encore\n|move|p2b: OnThaLine|Tailwind||[still]\n|-fail|p2b: OnThaLine\n|move|p2a: Poppin|Weather Ball|p1b: Sableye\n|-damage|p1b: Sableye|44/100\n|move|p1a: Delphox|Dazzling Gleam|p2b: OnThaLine|[spread] p2a,p2b\n|-supereffective|p2b: OnThaLine|1\n|-damage|p2a: Poppin|57/100\n|-damage|p2b: OnThaLine|78/100\n|\n|-weather|SunnyDay|[upkeep]\n|upkeep\n|turn|3\n|inactive|Digga D2.0 has 30 seconds left.\n|\n|t:|1776280725\n|switch|p2b: Real six|Basculegion, L50, M, shiny|100/100\n|switch|p1b: Rotom|Rotom-Wash, L50|100/100\n|move|p2a: Poppin|Wide Guard|p2a: Poppin\n|-singleturn|p2a: Poppin|Wide Guard\n|move|p1a: Delphox|Dazzling Gleam|p2b: Real six|[spread] \n|-activate|p2a: Poppin|move: Wide Guard\n|-activate|p2b: Real six|move: Wide Guard\n|\n|-weather|SunnyDay|[upkeep]\n|upkeep\n|turn|4\n|inactive|Digga D2.0 has 30 seconds left.\n|inactive|Digga D2.0 has 20 seconds left.\n|\n|t:|1776280761\n|switch|p2a: Bak2Bed|Archaludon, L50, F, shiny|100/100\n|move|p2b: Real six|Protect|p2b: Real six\n|-singleturn|p2b: Real six|Protect\n|move|p1a: Delphox|Protect|p1a: Delphox\n|-singleturn|p1a: Delphox|Protect\n|move|p1b: Rotom|Electroweb|p2b: Real six|[spread] p2a\n|-activate|p2b: Real six|move: Protect\n|-resisted|p2a: Bak2Bed|1\n|-damage|p2a: Bak2Bed|87/100\n|-unboost|p2a: Bak2Bed|spe|1\n|-ability|p2a: Bak2Bed|Stamina|boost\n|-boost|p2a: Bak2Bed|def|1\n|\n|-weather|SunnyDay|[upkeep]\n|-heal|p2a: Bak2Bed|93/100|[from] item: Leftovers\n|-sideend|p2: Digga D2.0|move: Tailwind\n|upkeep\n|turn|5\n|inactive|Digga D2.0 has 30 seconds left.\n|inactive|Digga D2.0 has 20 seconds left.\n|\n|t:|1776280800\n|move|p1a: Delphox|Dazzling Gleam|p2a: Bak2Bed|[spread] p2a,p2b\n|-damage|p2a: Bak2Bed|62/100\n|-damage|p2b: Real six|73/100\n|-ability|p2a: Bak2Bed|Stamina|boost\n|-boost|p2a: Bak2Bed|def|1\n|move|p2b: Real six|Wave Crash|p1a: Delphox\n|-supereffective|p1a: Delphox|1\n|-damage|p1a: Delphox|0 fnt\n|faint|p1a: Delphox\n|-damage|p2b: Real six|47/100|[from] Recoil\n|move|p1b: Rotom|Volt Switch|p2b: Real six\n|-supereffective|p2b: Real six|1\n|-damage|p2b: Real six|0 fnt\n|faint|p2b: Real six\n|\n|t:|1776280816\n|switch|p1b: Sableye|Sableye, L50, F|44/100|[from] Volt Switch\n|move|p2a: Bak2Bed|Draco Meteor|p1b: Sableye\n|-crit|p1b: Sableye\n|-damage|p1b: Sableye|0 fnt\n|-unboost|p2a: Bak2Bed|spa|2\n|faint|p1b: Sableye\n|\n|-weather|none\n|-heal|p2a: Bak2Bed|69/100|[from] item: Leftovers\n|upkeep\n|\n|t:|1776280829\n|switch|p1a: Rotom|Rotom-Wash, L50|100/100\n|switch|p2b: Poppin|Pelipper, L50, F|57/100\n|switch|p1b: Garchomp|Garchomp, L50, F|100/100\n|-weather|RainDance|[from] ability: Drizzle|[of] p2b: Poppin\n|turn|6\n|inactive|jhon_gabriel has 30 seconds left.\n|inactive|Digga D2.0 has 30 seconds left.\n|\n|t:|1776280859\n|move|p2b: Poppin|Wide Guard|p2b: Poppin\n|-singleturn|p2b: Poppin|Wide Guard\n|move|p1b: Garchomp|Dragon Claw|p2a: Bak2Bed\n|-damage|p2a: Bak2Bed|52/100\n|-ability|p2a: Bak2Bed|Stamina|boost\n|-boost|p2a: Bak2Bed|def|1\n|move|p1a: Rotom|Volt Switch|p2b: Poppin\n|-supereffective|p2b: Poppin|2\n|-damage|p2b: Poppin|0 fnt\n|faint|p2b: Poppin\n|move|p2a: Bak2Bed|Draco Meteor|p1b: Garchomp\n|-supereffective|p1b: Garchomp|1\n|-damage|p1b: Garchomp|28/100\n|-unboost|p2a: Bak2Bed|spa|2\n|\n|-weather|RainDance|[upkeep]\n|-heal|p2a: Bak2Bed|58/100|[from] item: Leftovers\n|upkeep\n|\n|t:|1776280877\n|switch|p2b: OnThaLine|Dragonite-Mega, L50, F, shiny|78/100\n|turn|7\n|\n|t:|1776280890\n|move|p2b: OnThaLine|Protect|p2b: OnThaLine\n|-singleturn|p2b: OnThaLine|Protect\n|move|p1b: Garchomp|Dragon Claw|p2b: OnThaLine\n|-activate|p2b: OnThaLine|move: Protect\n|move|p1a: Rotom|Hydro Pump|p2a: Bak2Bed\n|-resisted|p2a: Bak2Bed|1\n|-damage|p2a: Bak2Bed|9/100\n|-ability|p2a: Bak2Bed|Stamina|boost\n|-boost|p2a: Bak2Bed|def|1\n|move|p2a: Bak2Bed|Draco Meteor|p1b: Garchomp\n|-supereffective|p1b: Garchomp|1\n|-damage|p1b: Garchomp|0 fnt\n|-unboost|p2a: Bak2Bed|spa|2\n|faint|p1b: Garchomp\n|\n|-weather|RainDance|[upkeep]\n|-heal|p2a: Bak2Bed|15/100|[from] item: Leftovers\n|upkeep\n|turn|8\n|inactive|Digga D2.0 has 30 seconds left.\n|\n|t:|1776280917\n|move|p2b: OnThaLine|Draco Meteor|p1a: Rotom\n|-damage|p1a: Rotom|22/100\n|-unboost|p2b: OnThaLine|spa|2\n|move|p1a: Rotom|Hydro Pump|p2a: Bak2Bed\n|-resisted|p2a: Bak2Bed|1\n|-damage|p2a: Bak2Bed|0 fnt\n|faint|p2a: Bak2Bed\n|\n|-weather|RainDance|[upkeep]\n|upkeep\n|turn|9\n|\n|t:|1776280932\n|move|p2b: OnThaLine|Draco Meteor|p1a: Rotom\n|-damage|p1a: Rotom|0 fnt\n|-unboost|p2b: OnThaLine|spa|2\n|faint|p1a: Rotom\n|\n|win|Digga D2.0\n|raw|jhon_gabriel's rating: 1241 &rarr; <strong>1215</strong><br />(-26 for losing)\n|raw|Digga D2.0's rating: 1234 &rarr; <strong>1260</strong><br />(+26 for winning)\n|l|\u2606jhon_gabriel\n|player|p1|\n",
  "uploadtime": 1776281132,
  "views": 28,
  "formatid": "gen9championsvgc2026regma",
  "rating": 1215,
  "private": 0,
  "password": null
}