{
  "id": "gen9championsvgc2026regma-2581298010",
  "format": "[Gen 9 Champions] VGC 2026 Reg M-A",
  "players": [
    "cataclyst03",
    "mlgpokeballer"
  ],
  "log": "|j|\u2606cataclyst03\n|j|\u2606mlgpokeballer\n|t:|1775983112\n|gametype|doubles\n|player|p1|cataclyst03|hilbert|1271\n|player|p2|mlgpokeballer|crasherwake|1288\n|gen|9\n|tier|[Gen 9 Champions] VGC 2026 Reg M-A\n|rated|\n|rule|Species Clause: Limit one of each Pok\u00e9mon\n|rule|Item Clause: Limit 1 of each item\n|clearpoke\n|poke|p1|Basculegion-F, L50, F|\n|poke|p1|Pelipper, L50, M|\n|poke|p1|Sneasler, L50, M|\n|poke|p1|Incineroar, L50, M|\n|poke|p1|Dragonite, L50, F|\n|poke|p1|Archaludon, L50, F|\n|poke|p2|Heliolisk, L50, F|\n|poke|p2|Starmie, L50|\n|poke|p2|Pelipper, L50, M|\n|poke|p2|Quaquaval, L50, F|\n|poke|p2|Basculegion, L50, M|\n|poke|p2|Dragonite, L50, F|\n|teampreview|4\n|inactive|Battle timer is ON: inactive players will automatically lose when time's up. (requested by cataclyst03)\n|j| gE1xjZRtuhW2DdT0AK\n|inactive|cataclyst03 has 60 seconds left.\n|inactive|mlgpokeballer has 60 seconds left.\n|\n|t:|1775983158\n|teamsize|p1|4\n|teamsize|p2|4\n|start\n|switch|p1a: Basculegion|Basculegion-F, L50, F|100/100\n|switch|p1b: Sneasler|Sneasler, L50, M|100/100\n|switch|p2a: Heliolisk|Heliolisk, L50, F|100/100\n|switch|p2b: Dragonite|Dragonite, L50, F|100/100\n|turn|1\n|inactive|cataclyst03 has 30 seconds left.\n|\n|t:|1775983187\n|move|p2b: Dragonite|Protect|p2b: Dragonite\n|-singleturn|p2b: Dragonite|Protect\n|move|p1b: Sneasler|Fake Out|p2b: Dragonite\n|-activate|p2b: Dragonite|move: Protect\n|move|p2a: Heliolisk|Glare|p1b: Sneasler\n|-status|p1b: Sneasler|par\n|move|p1a: Basculegion|Muddy Water|p2b: Dragonite|[spread] \n|-activate|p2b: Dragonite|move: Protect\n|-immune|p2a: Heliolisk|[from] ability: Dry Skin\n|\n|upkeep\n|turn|2\n|\n|t:|1775983204\n|detailschange|p2b: Dragonite|Dragonite-Mega, L50, F\n|-mega|p2b: Dragonite|Dragonite|Dragoninite\n|move|p1a: Basculegion|Protect|p1a: Basculegion\n|-singleturn|p1a: Basculegion|Protect\n|move|p2a: Heliolisk|Rain Dance|p2a: Heliolisk\n|-weather|RainDance\n|move|p2b: Dragonite|Hurricane|p1b: Sneasler\n|-supereffective|p1b: Sneasler|1\n|-damage|p1b: Sneasler|0 fnt\n|faint|p1b: Sneasler\n|\n|-weather|RainDance|[upkeep]\n|upkeep\n|\n|t:|1775983218\n|switch|p1b: Archaludon|Archaludon, L50, F|100/100\n|turn|3\n|\n|t:|1775983237\n|move|p2b: Dragonite|Protect|p2b: Dragonite\n|-singleturn|p2b: Dragonite|Protect\n|move|p1a: Basculegion|Muddy Water|p2a: Heliolisk|[spread] \n|-activate|p2b: Dragonite|move: Protect\n|-immune|p2a: Heliolisk|[from] ability: Dry Skin\n|move|p2a: Heliolisk|Thunder|p1a: Basculegion\n|-supereffective|p1a: Basculegion|1\n|-damage|p1a: Basculegion|0 fnt\n|faint|p1a: Basculegion\n|move|p1b: Archaludon|Electro Shot||[still]\n|-prepare|p1b: Archaludon|Electro Shot\n|-boost|p1b: Archaludon|spa|1\n|-anim|p1b: Archaludon|Electro Shot|p2b: Dragonite\n|-activate|p2b: Dragonite|move: Protect\n|\n|-weather|RainDance|[upkeep]\n|upkeep\n|\n|t:|1775983248\n|switch|p1a: Dragonite|Dragonite, L50, F|100/100\n|turn|4\n|\n|t:|1775983264\n|detailschange|p1a: Dragonite|Dragonite-Mega, L50, F\n|-mega|p1a: Dragonite|Dragonite|Dragoninite\n|move|p1a: Dragonite|Protect|p1a: Dragonite\n|-singleturn|p1a: Dragonite|Protect\n|move|p2a: Heliolisk|Thunder|p1a: Dragonite\n|-activate|p1a: Dragonite|move: Protect\n|move|p2b: Dragonite|Draco Meteor|p1a: Dragonite\n|-activate|p1a: Dragonite|move: Protect\n|move|p1b: Archaludon|Dragon Pulse|p2b: Dragonite\n|-supereffective|p2b: Dragonite|1\n|-damage|p2b: Dragonite|39/100\n|\n|-weather|RainDance|[upkeep]\n|upkeep\n|turn|5\n|\n|t:|1775983277\n|move|p1a: Dragonite|Protect||[still]\n|-fail|p1a: Dragonite\n|move|p2a: Heliolisk|Thunder|p1a: Dragonite\n|-damage|p1a: Dragonite|75/100\n|-status|p1a: Dragonite|par\n|move|p2b: Dragonite|Draco Meteor|p1a: Dragonite\n|-supereffective|p1a: Dragonite|1\n|-damage|p1a: Dragonite|0 fnt\n|-unboost|p2b: Dragonite|spa|2\n|faint|p1a: Dragonite\n|move|p1b: Archaludon|Dragon Pulse|p2b: Dragonite\n|-supereffective|p2b: Dragonite|1\n|-crit|p2b: Dragonite\n|-damage|p2b: Dragonite|0 fnt\n|faint|p2b: Dragonite\n|\n|-weather|RainDance|[upkeep]\n|upkeep\n|\n|t:|1775983283\n|switch|p2b: Quaquaval|Quaquaval, L50, F|100/100\n|turn|6\n|\n|t:|1775983292\n|move|p2a: Heliolisk|Glare|p1b: Archaludon\n|-status|p1b: Archaludon|par\n|move|p2b: Quaquaval|Close Combat|p1b: Archaludon\n|-supereffective|p1b: Archaludon|1\n|-damage|p1b: Archaludon|0 fnt\n|-unboost|p2b: Quaquaval|def|1\n|-unboost|p2b: Quaquaval|spd|1\n|faint|p1b: Archaludon\n|\n|win|mlgpokeballer\n|raw|cataclyst03's rating: 1271 &rarr; <strong>1247</strong><br />(-24 for losing)\n|raw|mlgpokeballer's rating: 1288 &rarr; <strong>1312</strong><br />(+24 for winning)\n|l|\u2606cataclyst03\n|player|p1|\n|l|\u2606mlgpokeballer\n|player|p2|\n",
  "uploadtime": 1775983340,
  "views": 22,
  "formatid": "gen9championsvgc2026regma",
  "rating": 1247,
  "private": 0,
  "password": null
}