{
  "id": "gen9championsvgc2026regma-2586226190",
  "format": "[Gen 9 Champions] VGC 2026 Reg M-A",
  "players": [
    "Prtbl_Trash",
    "eseable"
  ],
  "log": "|j|\u2606Prtbl_Trash\n|j|\u2606eseable\n|t:|1776414638\n|gametype|doubles\n|player|p1|Prtbl_Trash|ortega|1196\n|player|p2|eseable|169|1155\n|gen|9\n|tier|[Gen 9 Champions] VGC 2026 Reg M-A\n|rated|\n|rule|Species Clause: Limit one of each Pok\u00e9mon\n|rule|Item Clause: Limit 1 of each item\n|clearpoke\n|poke|p1|Chimecho, L50, F|\n|poke|p1|Incineroar, L50, F|\n|poke|p1|Garchomp, L50, M|\n|poke|p1|Sinistcha, L50|\n|poke|p1|Rotom-Wash, L50|\n|poke|p1|Conkeldurr, L50, F|\n|poke|p2|Gardevoir, L50, M|\n|poke|p2|Maushold-Four, L50|\n|poke|p2|Talonflame, L50, M|\n|poke|p2|Garchomp, L50, F|\n|poke|p2|Basculegion, L50, M|\n|poke|p2|Incineroar, L50, M|\n|teampreview|4\n|inactive|Battle timer is ON: inactive players will automatically lose when time's up. (requested by Prtbl_Trash)\n|\n|t:|1776414657\n|teamsize|p1|4\n|teamsize|p2|4\n|start\n|switch|p1a: Chimecho|Chimecho, L50, F|100/100\n|switch|p1b: Incineroar|Incineroar, L50, F|100/100\n|switch|p2a: Gardevoir|Gardevoir, L50, M|100/100\n|switch|p2b: Maushold|Maushold-Four, L50|100/100\n|-ability|p2a: Gardevoir|Levitate|Trace|[from] ability: Trace|[of] p1a: Chimecho\n|-ability|p1b: Incineroar|Intimidate|boost\n|-unboost|p2a: Gardevoir|atk|1\n|-unboost|p2b: Maushold|atk|1\n|turn|1\n|\n|t:|1776414670\n|detailschange|p1a: Chimecho|Chimecho-Mega, L50, F\n|-mega|p1a: Chimecho|Chimecho|Chimechite\n|move|p2a: Gardevoir|Protect|p2a: Gardevoir\n|-singleturn|p2a: Gardevoir|Protect\n|move|p1b: Incineroar|Fake Out|p2a: Gardevoir\n|-activate|p2a: Gardevoir|move: Protect\n|move|p2b: Maushold|Super Fang|p1b: Incineroar\n|-damage|p1b: Incineroar|51/100\n|move|p1a: Chimecho|Calm Mind|p1a: Chimecho\n|-boost|p1a: Chimecho|spa|1\n|-boost|p1a: Chimecho|spd|1\n|\n|upkeep\n|turn|2\n|\n|t:|1776414690\n|switch|p1b: Garchomp|Garchomp, L50, M|100/100\n|detailschange|p2a: Gardevoir|Gardevoir-Mega, L50, M\n|-mega|p2a: Gardevoir|Gardevoir|Gardevoirite\n|move|p2a: Gardevoir|Calm Mind|p2a: Gardevoir\n|-boost|p2a: Gardevoir|spa|1\n|-boost|p2a: Gardevoir|spd|1\n|move|p2b: Maushold|Encore|p1a: Chimecho\n|-start|p1a: Chimecho|Encore\n|move|p1a: Chimecho|Calm Mind|p1a: Chimecho\n|-boost|p1a: Chimecho|spa|1\n|-boost|p1a: Chimecho|spd|1\n|\n|upkeep\n|turn|3\n|\n|t:|1776414703\n|move|p1b: Garchomp|Poison Jab|p2a: Gardevoir\n|-supereffective|p2a: Gardevoir|1\n|-crit|p2a: Gardevoir\n|-damage|p2a: Gardevoir|0 fnt\n|faint|p2a: Gardevoir\n|move|p2b: Maushold|Super Fang|p1a: Chimecho\n|-damage|p1a: Chimecho|51/100\n|move|p1a: Chimecho|Calm Mind|p1a: Chimecho\n|-boost|p1a: Chimecho|spa|1\n|-boost|p1a: Chimecho|spd|1\n|\n|upkeep\n|\n|t:|1776414712\n|switch|p2a: Basculegion|Basculegion, L50, M|100/100\n|turn|4\n|\n|t:|1776414721\n|switch|p1a: Incineroar|Incineroar, L50, F|51/100\n|-ability|p1a: Incineroar|Intimidate|boost\n|-unboost|p2a: Basculegion|atk|1\n|-unboost|p2b: Maushold|atk|1\n|move|p1b: Garchomp|Breaking Swipe|p2a: Basculegion|[spread] p2a,p2b\n|-damage|p2a: Basculegion|80/100\n|-damage|p2b: Maushold|72/100\n|-unboost|p2a: Basculegion|atk|1\n|-unboost|p2b: Maushold|atk|1\n|move|p2b: Maushold|Super Fang|p1b: Garchomp\n|-damage|p1b: Garchomp|51/100\n|-damage|p2b: Maushold|60/100|[from] ability: Rough Skin|[of] p1b: Garchomp\n|move|p2a: Basculegion|Last Respects|p1a: Incineroar\n|-resisted|p1a: Incineroar|1\n|-damage|p1a: Incineroar|38/100\n|-enditem|p1a: Incineroar|Sitrus Berry|[eat]\n|-heal|p1a: Incineroar|63/100|[from] item: Sitrus Berry\n|\n|upkeep\n|turn|5\n|\n|t:|1776414743\n|switch|p2a: Talonflame|Talonflame, L50, M, shiny|100/100\n|move|p2b: Maushold|Protect|p2b: Maushold\n|-singleturn|p2b: Maushold|Protect\n|move|p1b: Garchomp|Breaking Swipe|p2b: Maushold|[spread] p2a\n|-activate|p2b: Maushold|move: Protect\n|-damage|p2a: Talonflame|77/100\n|-unboost|p2a: Talonflame|atk|1\n|move|p1a: Incineroar|Parting Shot|p2a: Talonflame\n|-unboost|p2a: Talonflame|atk|1\n|-unboost|p2a: Talonflame|spa|1\n|\n|t:|1776414749\n|switch|p1a: Rotom|Rotom-Wash, L50|100/100|[from] Parting Shot\n|\n|upkeep\n|turn|6\n|\n|t:|1776414759\n|move|p1a: Rotom|Volt Switch|p2a: Talonflame\n|-supereffective|p2a: Talonflame|1\n|-damage|p2a: Talonflame|16/100\n|\n|t:|1776414765\n|switch|p1a: Chimecho|Chimecho-Mega, L50, F|51/100|[from] Volt Switch\n|move|p1b: Garchomp|Earthquake|p2a: Talonflame|[spread] p2b\n|-immune|p1a: Chimecho|[from] ability: Levitate\n|-immune|p2a: Talonflame\n|-damage|p2b: Maushold|0 fnt\n|faint|p2b: Maushold\n|move|p2a: Talonflame|Tailwind|p2a: Talonflame\n|-sidestart|p2: eseable|move: Tailwind\n|\n|upkeep\n|\n|t:|1776414777\n|switch|p2b: Basculegion|Basculegion, L50, M|80/100\n|turn|7\n|\n|t:|1776414786\n|switch|p1a: Incineroar|Incineroar, L50, F|63/100\n|-ability|p1a: Incineroar|Intimidate|boost\n|-unboost|p2a: Talonflame|atk|1\n|-unboost|p2b: Basculegion|atk|1\n|move|p1b: Garchomp|Protect|p1b: Garchomp\n|-singleturn|p1b: Garchomp|Protect\n|move|p2b: Basculegion|Last Respects|p1a: Incineroar\n|-resisted|p1a: Incineroar|1\n|-damage|p1a: Incineroar|37/100\n|move|p2a: Talonflame|Will-O-Wisp|p1b: Garchomp\n|-activate|p1b: Garchomp|move: Protect\n|\n|upkeep\n|turn|8\n|-message|eseable forfeited.\n|\n|win|Prtbl_Trash\n|raw|Prtbl_Trash's rating: 1196 &rarr; <strong>1218</strong><br />(+22 for winning)\n|raw|eseable's rating: 1155 &rarr; <strong>1133</strong><br />(-22 for losing)\n|l|\u2606eseable\n|player|p2|\n",
  "uploadtime": 1776414799,
  "views": 26,
  "formatid": "gen9championsvgc2026regma",
  "rating": 1133,
  "private": 0,
  "password": null
}