{
  "id": "gen9championsvgc2026regma-2584780334",
  "format": "[Gen 9 Champions] VGC 2026 Reg M-A",
  "players": [
    "Mredin21",
    "justdandyguy"
  ],
  "log": "|j|\u2606Mredin21\n|j|\u2606justdandyguy\n|t:|1776283138\n|gametype|doubles\n|player|p1|Mredin21|roxie|1092\n|player|p2|justdandyguy|169|1068\n|gen|9\n|tier|[Gen 9 Champions] VGC 2026 Reg M-A\n|rated|\n|rule|Species Clause: Limit one of each Pok\u00e9mon\n|rule|Item Clause: Limit 1 of each item\n|clearpoke\n|poke|p1|Farigiraf, L50, M|\n|poke|p1|Tyranitar, L50, F|\n|poke|p1|Venusaur, L50, F|\n|poke|p1|Gengar, L50, M|\n|poke|p1|Snorlax, L50, F|\n|poke|p1|Slowbro-Galar, L50, M|\n|poke|p2|Scizor, L50, M|\n|poke|p2|Froslass, L50, F|\n|poke|p2|Milotic, L50, M|\n|poke|p2|Arcanine-Hisui, L50, F|\n|poke|p2|Sneasler, L50, F|\n|poke|p2|Sinistcha, L50|\n|teampreview|4\n|inactive|Battle timer is ON: inactive players will automatically lose when time's up. (requested by Mredin21)\nMredin21 rejected open team sheets.\n|\n|t:|1776283180\n|teamsize|p1|4\n|teamsize|p2|4\n|start\n|switch|p1a: Farigiraf|Farigiraf, L50, M, shiny|100/100\n|switch|p1b: Gengar|Gengar, L50, M, shiny|100/100\n|switch|p2a: Scizor|Scizor, L50, M|100/100\n|switch|p2b: Arcanine|Arcanine-Hisui, L50, F|100/100\n|-ability|p2b: Arcanine|Intimidate|boost\n|-unboost|p1a: Farigiraf|atk|1\n|-unboost|p1b: Gengar|atk|1\n|turn|1\n|inactive|Mredin21 has 30 seconds left.\n|\n|t:|1776283207\n|detailschange|p1b: Gengar|Gengar-Mega, L50, M, shiny\n|-mega|p1b: Gengar|Gengar|Gengarite\n|detailschange|p2a: Scizor|Scizor-Mega, L50, M\n|-mega|p2a: Scizor|Scizor|Scizorite\n|move|p1a: Farigiraf|Protect|p1a: Farigiraf\n|-singleturn|p1a: Farigiraf|Protect\n|move|p1b: Gengar|Shadow Ball|p2b: Arcanine\n|-damage|p2b: Arcanine|47/100\n|move|p2a: Scizor|Swords Dance|p2a: Scizor\n|-boost|p2a: Scizor|atk|2\n|move|p2b: Arcanine|Flare Blitz|p1b: Gengar\n|-damage|p1b: Gengar|10/100\n|-status|p1b: Gengar|brn\n|-damage|p2b: Arcanine|25/100|[from] Recoil\n|\n|-damage|p1b: Gengar|4/100 brn|[from] brn\n|upkeep\n|turn|2\n|\n|t:|1776283229\n|move|p2a: Scizor|Protect|p2a: Scizor\n|-singleturn|p2a: Scizor|Protect\n|move|p2b: Arcanine|Protect|p2b: Arcanine\n|-singleturn|p2b: Arcanine|Protect\n|move|p1b: Gengar|Shadow Ball|p2b: Arcanine\n|-activate|p2b: Arcanine|move: Protect\n|move|p1a: Farigiraf|Trick Room|p1a: Farigiraf\n|-fieldstart|move: Trick Room|[of] p1a: Farigiraf\n|\n|-damage|p1b: Gengar|0 fnt|[from] brn\n|faint|p1b: Gengar\n|upkeep\n|\n|t:|1776283245\n|switch|p1b: Tyranitar|Tyranitar, L50, F|100/100\n|-weather|Sandstorm|[from] ability: Sand Stream|[of] p1b: Tyranitar\n|turn|3\n|\n|t:|1776283256\n|move|p1a: Farigiraf|Helping Hand|p1b: Tyranitar\n|-singleturn|p1b: Tyranitar|Helping Hand|[of] p1a: Farigiraf\n|move|p1b: Tyranitar|Rock Slide|p2b: Arcanine|[spread] p2a,p2b\n|-supereffective|p2b: Arcanine|1\n|-damage|p2a: Scizor|59/100\n|-damage|p2b: Arcanine|0 fnt\n|faint|p2b: Arcanine\n|move|p2a: Scizor|Bug Bite|p1a: Farigiraf\n|-supereffective|p1a: Farigiraf|1\n|-damage|p1a: Farigiraf|0 fnt\n|faint|p1a: Farigiraf\n|\n|-weather|Sandstorm|[upkeep]\n|upkeep\n|\n|t:|1776283269\n|switch|p1a: Snorlax|Snorlax, L50, F, shiny|100/100\n|switch|p2b: Sinistcha|Sinistcha, L50|100/100\n|-heal|p2a: Scizor|84/100|[from] ability: Hospitality|[of] p2b: Sinistcha\n|turn|4\n|inactive|Mredin21 has 30 seconds left.\n|\n|t:|1776283303\n|move|p1a: Snorlax|Belly Drum|p1a: Snorlax\n|-damage|p1a: Snorlax|51/100\n|-setboost|p1a: Snorlax|atk|6|[from] move: Belly Drum\n|move|p1b: Tyranitar|Crunch|p2b: Sinistcha|[miss]\n|-miss|p1b: Tyranitar|p2b: Sinistcha\n|move|p2b: Sinistcha|Matcha Gotcha|p1b: Tyranitar|[spread] p1b\n|-miss|p2b: Sinistcha|p1a: Snorlax\n|-supereffective|p1b: Tyranitar|1\n|-damage|p1b: Tyranitar|72/100\n|-status|p1b: Tyranitar|brn\n|move|p2a: Scizor|Bug Bite|p1a: Snorlax\n|-damage|p1a: Snorlax|0 fnt\n|-enditem|p1a: Snorlax|Sitrus Berry|[from] stealeat|[move] Bug Bite|[of] p2a: Scizor\n|-heal|p2a: Scizor|100/100|[from] item: Sitrus Berry\n|faint|p1a: Snorlax\n|\n|-weather|Sandstorm|[upkeep]\n|-damage|p2b: Sinistcha|95/100|[from] Sandstorm\n|-damage|p1b: Tyranitar|66/100 brn|[from] brn\n|upkeep\n|turn|5\n|-message|Mredin21 forfeited.\n|\n|win|justdandyguy\n|raw|Mredin21's rating: 1092 &rarr; <strong>1067</strong><br />(-25 for losing)\n|raw|justdandyguy's rating: 1068 &rarr; <strong>1100</strong><br />(+32 for winning)\n|l|\u2606Mredin21\n|player|p1|\n",
  "uploadtime": 1776283325,
  "views": 26,
  "formatid": "gen9championsvgc2026regma",
  "rating": 1067,
  "private": 0,
  "password": null
}