{
  "id": "gen9championsvgc2026regma-2584525649",
  "format": "[Gen 9 Champions] VGC 2026 Reg M-A",
  "players": [
    "zankuo",
    "WaluigiVGC"
  ],
  "log": "|j|\u2606zankuo\n|j|\u2606WaluigiVGC\n|t:|1776266596\n|gametype|doubles\n|player|p1|zankuo|cynthia|1156\n|player|p2|WaluigiVGC|101|1175\n|gen|9\n|tier|[Gen 9 Champions] VGC 2026 Reg M-A\n|rated|\n|rule|Species Clause: Limit one of each Pok\u00e9mon\n|rule|Item Clause: Limit 1 of each item\n|clearpoke\n|poke|p1|Incineroar, L50, F|\n|poke|p1|Whimsicott, L50, M|\n|poke|p1|Aegislash, L50, M|\n|poke|p1|Gengar, L50, M|\n|poke|p1|Rotom-Wash, L50|\n|poke|p1|Sinistcha, L50|\n|poke|p2|Charizard, L50, F|\n|poke|p2|Whimsicott, L50, F|\n|poke|p2|Venusaur, L50, F|\n|poke|p2|Garchomp, L50, F|\n|poke|p2|Milotic, L50, M|\n|poke|p2|Sneasler, L50, M|\n|teampreview|4\n|inactive|Battle timer is ON: inactive players will automatically lose when time's up. (requested by WaluigiVGC)\n|\n|t:|1776266647\n|teamsize|p1|4\n|teamsize|p2|4\n|start\n|switch|p1a: Whimsicott|Whimsicott, L50, M|100/100\n|switch|p1b: Gengar|Gengar, L50, M|100/100\n|switch|p2a: Kiseki|Whimsicott, L50, F, shiny|100/100\n|switch|p2b: Tsuruno|Charizard, L50, F|100/100\n|turn|1\n|\n|t:|1776266670\n|detailschange|p2b: Tsuruno|Charizard-Mega-Y, L50, F\n|-mega|p2b: Tsuruno|Charizard|Charizardite Y\n|-weather|SunnyDay|[from] ability: Drought|[of] p2b: Tsuruno\n|detailschange|p1b: Gengar|Gengar-Mega, L50, M\n|-mega|p1b: Gengar|Gengar|Gengarite\n|move|p2a: Kiseki|Tailwind|p2a: Kiseki\n|-sidestart|p2: WaluigiVGC|move: Tailwind\n|move|p1a: Whimsicott|Tailwind|p1a: Whimsicott\n|-sidestart|p1: zankuo|move: Tailwind\n|move|p2b: Tsuruno|Heat Wave|p1b: Gengar|[spread] p1a,p1b\n|-supereffective|p1a: Whimsicott|1\n|-enditem|p1a: Whimsicott|Focus Sash\n|-damage|p1a: Whimsicott|1/100\n|-damage|p1b: Gengar|21/100\n|move|p1b: Gengar|Sludge Bomb|p2a: Kiseki\n|-supereffective|p2a: Kiseki|2\n|-enditem|p2a: Kiseki|Focus Sash\n|-damage|p2a: Kiseki|1/100\n|-status|p2a: Kiseki|psn\n|\n|-weather|SunnyDay|[upkeep]\n|-damage|p2a: Kiseki|0 fnt|[from] psn\n|faint|p2a: Kiseki\n|upkeep\n|\n|t:|1776266695\n|switch|p2a: Alicia|Sneasler, L50, M|100/100\n|turn|2\n|\n|t:|1776266704\n|move|p1a: Whimsicott|Protect|p1a: Whimsicott\n|-singleturn|p1a: Whimsicott|Protect\n|move|p1b: Gengar|Protect|p1b: Gengar\n|-singleturn|p1b: Gengar|Protect\n|move|p2a: Alicia|Dire Claw|p1a: Whimsicott\n|-activate|p1a: Whimsicott|move: Protect\n|move|p2b: Tsuruno|Heat Wave|p1b: Gengar|[spread] \n|-activate|p1a: Whimsicott|move: Protect\n|-activate|p1b: Gengar|move: Protect\n|\n|-weather|SunnyDay|[upkeep]\n|upkeep\n|turn|3\n|inactive|zankuo has 30 seconds left.\n|inactive|zankuo has 20 seconds left.\n|inactive|zankuo has 15 seconds left.\n|\n|t:|1776266745\n|switch|p1a: Sinistcha|Sinistcha, L50|100/100\n|-heal|p1b: Gengar|46/100|[from] ability: Hospitality|[of] p1a: Sinistcha\n|move|p2a: Alicia|Dire Claw|p1a: Sinistcha\n|-damage|p1a: Sinistcha|56/100\n|move|p2b: Tsuruno|Heat Wave|p1a: Sinistcha|[spread] p1a,p1b\n|-supereffective|p1a: Sinistcha|1\n|-damage|p1a: Sinistcha|0 fnt\n|-damage|p1b: Gengar|0 fnt\n|faint|p1a: Sinistcha\n|faint|p1b: Gengar\n|\n|-weather|SunnyDay|[upkeep]\n|upkeep\n|\n|t:|1776266762\n|switch|p1b: Rotom|Rotom-Wash, L50|100/100\n|switch|p1a: Whimsicott|Whimsicott, L50, M|1/100\n|turn|4\n|\n|t:|1776266777\n|move|p1a: Whimsicott|Protect|p1a: Whimsicott\n|-singleturn|p1a: Whimsicott|Protect\n|move|p1b: Rotom|Hydro Pump|p2b: Tsuruno\n|-supereffective|p2b: Tsuruno|1\n|-damage|p2b: Tsuruno|45/100\n|move|p2a: Alicia|Dire Claw|p1a: Whimsicott\n|-activate|p1a: Whimsicott|move: Protect\n|move|p2b: Tsuruno|Solar Beam||[still]\n|-prepare|p2b: Tsuruno|Solar Beam\n|-anim|p2b: Tsuruno|Solar Beam|p1b: Rotom\n|-supereffective|p1b: Rotom|1\n|-damage|p1b: Rotom|0 fnt\n|faint|p1b: Rotom\n|\n|-weather|SunnyDay|[upkeep]\n|-sideend|p1: zankuo|move: Tailwind\n|-sideend|p2: WaluigiVGC|move: Tailwind\n|upkeep\n|turn|5\n|-message|zankuo forfeited.\n|\n|win|WaluigiVGC\n|raw|zankuo's rating: 1156 &rarr; <strong>1132</strong><br />(-24 for losing)\n|raw|WaluigiVGC's rating: 1175 &rarr; <strong>1199</strong><br />(+24 for winning)\n|l|\u2606zankuo\n|player|p1|\n",
  "uploadtime": 1776266799,
  "views": 20,
  "formatid": "gen9championsvgc2026regma",
  "rating": 1132,
  "private": 0,
  "password": null
}