{
  "id": "gen9championsvgc2026regma-2588146608",
  "format": "[Gen 9 Champions] VGC 2026 Reg M-A",
  "players": [
    "mobmasher99",
    "S3RGI0o"
  ],
  "log": "|j|\u2606mobmasher99\n|j|\u2606S3RGI0o\n|t:|1776609001\n|gametype|doubles\n|player|p1|mobmasher99|teamrocket|1172\n|player|p2|S3RGI0o|1|1115\n|gen|9\n|tier|[Gen 9 Champions] VGC 2026 Reg M-A\n|rated|\n|rule|Species Clause: Limit one of each Pok\u00e9mon\n|rule|Item Clause: Limit 1 of each item\n|clearpoke\n|poke|p1|Aurorus, L50, M|\n|poke|p1|Slowking-Galar, L50, F|\n|poke|p1|Crabominable, L50, M|\n|poke|p1|Sinistcha, L50|\n|poke|p1|Incineroar, L50, F|\n|poke|p1|Oranguru, L50, F|\n|poke|p2|Politoed, L50, F|\n|poke|p2|Gengar, L50, F|\n|poke|p2|Sableye, L50, F|\n|poke|p2|Kingambit, L50, M|\n|poke|p2|Aerodactyl, L50, F|\n|poke|p2|Starmie, L50|\n|teampreview|4\n|inactive|Battle timer is ON: inactive players will automatically lose when time's up. (requested by mobmasher99)\n|\n|t:|1776609027\n|teamsize|p1|4\n|teamsize|p2|4\n|start\n|switch|p1a: Aurorus|Aurorus, L50, M|100/100\n|switch|p1b: Oranguru|Oranguru, L50, F|100/100\n|switch|p2a: Politoed|Politoed, L50, F|100/100\n|switch|p2b: Gengar|Gengar, L50, F|100/100\n|-weather|RainDance|[from] ability: Drizzle|[of] p2a: Politoed\n|-weather|Snowscape|[from] ability: Snow Warning|[of] p1a: Aurorus\n|turn|1\n|inactive|S3RGI0o has 30 seconds left.\n|\n|t:|1776609056\n|detailschange|p2b: Gengar|Gengar-Mega, L50, F\n|-mega|p2b: Gengar|Gengar|Gengarite\n|move|p2b: Gengar|Protect|p2b: Gengar\n|-singleturn|p2b: Gengar|Protect\n|move|p2a: Politoed|Perish Song|p2a: Politoed\n|-start|p1a: Aurorus|perish3|[silent]\n|-start|p1b: Oranguru|perish3|[silent]\n|-start|p2a: Politoed|perish3|[silent]\n|-start|p2b: Gengar|perish3|[silent]\n|-fieldactivate|move: Perish Song\n|move|p1a: Aurorus|Blizzard|p2b: Gengar|[spread] p2a\n|-activate|p2b: Gengar|move: Protect\n|-resisted|p2a: Politoed|1\n|-damage|p2a: Politoed|89/100\n|move|p1b: Oranguru|Trick Room|p1b: Oranguru\n|-fieldstart|move: Trick Room|[of] p1b: Oranguru\n|\n|-weather|Snowscape|[upkeep]\n|-start|p1a: Aurorus|perish3\n|-start|p1b: Oranguru|perish3\n|-start|p2a: Politoed|perish3\n|-start|p2b: Gengar|perish3\n|upkeep\n|turn|2\n|inactive|S3RGI0o has 30 seconds left.\n|inactive|mobmasher99 has 30 seconds left.\n|\n|t:|1776609088\n|move|p1a: Aurorus|Blizzard|p2b: Gengar|[spread] p2a,p2b\n|-resisted|p2a: Politoed|1\n|-damage|p2a: Politoed|76/100\n|-damage|p2b: Gengar|60/100\n|move|p1b: Oranguru|Psychic|p2b: Gengar\n|-supereffective|p2b: Gengar|1\n|-damage|p2b: Gengar|2/100\n|move|p2a: Politoed|Weather Ball|p1a: Aurorus\n|-resisted|p1a: Aurorus|1\n|-damage|p1a: Aurorus|91/100\n|move|p2b: Gengar|Shadow Ball|p1a: Aurorus\n|-damage|p1a: Aurorus|58/100\n|\n|-weather|Snowscape|[upkeep]\n|-start|p1a: Aurorus|perish2\n|-start|p1b: Oranguru|perish2\n|-start|p2a: Politoed|perish2\n|-start|p2b: Gengar|perish2\n|upkeep\n|turn|3\n|\n|t:|1776609107\n|move|p2a: Politoed|Protect|p2a: Politoed\n|-singleturn|p2a: Politoed|Protect\n|move|p2b: Gengar|Protect|p2b: Gengar\n|-singleturn|p2b: Gengar|Protect\n|move|p1a: Aurorus|Blizzard|p2a: Politoed|[spread] \n|-activate|p2a: Politoed|move: Protect\n|-activate|p2b: Gengar|move: Protect\n|move|p1b: Oranguru|Psychic|p2a: Politoed\n|-activate|p2a: Politoed|move: Protect\n|\n|-weather|Snowscape|[upkeep]\n|-start|p1a: Aurorus|perish1\n|-start|p1b: Oranguru|perish1\n|-start|p2a: Politoed|perish1\n|-start|p2b: Gengar|perish1\n|upkeep\n|turn|4\n|\n|t:|1776609127\n|switch|p2a: Starmie|Starmie, L50|100/100\n|switch|p2b: Aerodactyl|Aerodactyl, L50, F|100/100\n|-ability|p2b: Aerodactyl|Unnerve\n|move|p1a: Aurorus|Blizzard|p2a: Starmie|[spread] p2a,p2b\n|-resisted|p2a: Starmie|1\n|-supereffective|p2b: Aerodactyl|1\n|-damage|p2a: Starmie|70/100\n|-enditem|p2b: Aerodactyl|Focus Sash\n|-damage|p2b: Aerodactyl|1/100\n|-status|p2b: Aerodactyl|frz\n|move|p1b: Oranguru|Psychic|p2a: Starmie\n|-resisted|p2a: Starmie|1\n|-damage|p2a: Starmie|48/100\n|\n|-weather|Snowscape|[upkeep]\n|-start|p1a: Aurorus|perish0\n|-start|p1b: Oranguru|perish0\n|faint|p1a: Aurorus\n|faint|p1b: Oranguru\n|upkeep\n|\n|t:|1776609131\n|switch|p1a: Incineroar|Incineroar, L50, F|100/100\n|switch|p1b: Crabominable|Crabominable, L50, M|100/100\n|-ability|p1a: Incineroar|Intimidate|boost\n|-unboost|p2a: Starmie|atk|1\n|-unboost|p2b: Aerodactyl|atk|1\n|turn|5\n|\n|t:|1776609154\n|switch|p2b: Politoed|Politoed, L50, F|76/100\n|-weather|RainDance|[from] ability: Drizzle|[of] p2b: Politoed\n|detailschange|p1b: Crabominable|Crabominable-Mega, L50, M\n|-mega|p1b: Crabominable|Crabominable|Crabominite\n|move|p2a: Starmie|Protect|p2a: Starmie\n|-singleturn|p2a: Starmie|Protect\n|move|p1b: Crabominable|Drain Punch|p2b: Politoed\n|-damage|p2b: Politoed|12/100\n|-enditem|p2b: Politoed|Sitrus Berry|[eat]\n|-heal|p2b: Politoed|37/100|[from] item: Sitrus Berry\n|move|p1a: Incineroar|Darkest Lariat|p2a: Starmie\n|-activate|p2a: Starmie|move: Protect\n|\n|-weather|RainDance|[upkeep]\n|-fieldend|move: Trick Room\n|upkeep\n|turn|6\n|inactive|S3RGI0o has 30 seconds left.\n|\n|t:|1776609187\n|move|p2a: Starmie|Liquidation|p1a: Incineroar\n|-supereffective|p1a: Incineroar|1\n|-crit|p1a: Incineroar\n|-damage|p1a: Incineroar|0 fnt\n|faint|p1a: Incineroar\n|move|p2b: Politoed|Perish Song|p2b: Politoed\n|-start|p1b: Crabominable|perish3|[silent]\n|-start|p2a: Starmie|perish3|[silent]\n|-start|p2b: Politoed|perish3|[silent]\n|-fieldactivate|move: Perish Song\n|move|p1b: Crabominable|Drain Punch|p2b: Politoed\n|-damage|p2b: Politoed|0 fnt\n|faint|p2b: Politoed\n|\n|-weather|RainDance|[upkeep]\n|-start|p2a: Starmie|perish3\n|-start|p1b: Crabominable|perish3\n|upkeep\n|\n|t:|1776609202\n|switch|p2b: Gengar|Gengar-Mega, L50, F|2/100\n|turn|7\n|\n|t:|1776609212\n|move|p2b: Gengar|Shadow Ball|p1b: Crabominable\n|-damage|p1b: Crabominable|65/100\n|move|p2a: Starmie|Liquidation|p1b: Crabominable\n|-damage|p1b: Crabominable|41/100\n|move|p1b: Crabominable|Ice Hammer|p2b: Gengar\n|-damage|p2b: Gengar|0 fnt\n|-unboost|p1b: Crabominable|spe|1\n|faint|p2b: Gengar\n|\n|-weather|RainDance|[upkeep]\n|-start|p2a: Starmie|perish2\n|-start|p1b: Crabominable|perish2\n|upkeep\n|\n|t:|1776609224\n|switch|p2b: Aerodactyl|Aerodactyl, L50, F|1/100 frz\n|-ability|p2b: Aerodactyl|Unnerve\n|turn|8\n|\n|t:|1776609234\n|cant|p2b: Aerodactyl|frz\n|move|p2a: Starmie|Protect|p2a: Starmie\n|-singleturn|p2a: Starmie|Protect\n|move|p1b: Crabominable|Mach Punch|p2b: Aerodactyl\n|-damage|p2b: Aerodactyl|0 fnt\n|faint|p2b: Aerodactyl\n|\n|-weather|RainDance|[upkeep]\n|-start|p2a: Starmie|perish1\n|-start|p1b: Crabominable|perish1\n|upkeep\n|turn|9\n|\n|t:|1776609246\n|move|p1b: Crabominable|Protect|p1b: Crabominable\n|-singleturn|p1b: Crabominable|Protect\n|move|p2a: Starmie|Zen Headbutt|p1b: Crabominable\n|-activate|p1b: Crabominable|move: Protect\n|\n|-weather|none\n|-start|p2a: Starmie|perish0\n|-start|p1b: Crabominable|perish0\n|faint|p2a: Starmie\n|faint|p1b: Crabominable\n|\n|win|mobmasher99\n|raw|mobmasher99's rating: 1172 &rarr; <strong>1193</strong><br />(+21 for winning)\n|raw|S3RGI0o's rating: 1115 &rarr; <strong>1094</strong><br />(-21 for losing)\n",
  "uploadtime": 1776609256,
  "views": 12,
  "formatid": "gen9championsvgc2026regma",
  "rating": 1094,
  "private": 0,
  "password": null
}