{
  "id": "gen9championsvgc2026regma-2586575127",
  "format": "[Gen 9 Champions] VGC 2026 Reg M-A",
  "players": [
    "chabezoid",
    "heroplayer2026"
  ],
  "log": "|j|\u2606chabezoid\n|j|\u2606heroplayer2026\n|t:|1776444191\n|gametype|doubles\n|player|p1|chabezoid|medium|1212\n|player|p2|heroplayer2026|fisherman-gen4|1228\n|gen|9\n|tier|[Gen 9 Champions] VGC 2026 Reg M-A\n|rated|\n|rule|Species Clause: Limit one of each Pok\u00e9mon\n|rule|Item Clause: Limit 1 of each item\n|clearpoke\n|poke|p1|Aerodactyl, L50, M|\n|poke|p1|Basculegion, L50, M|\n|poke|p1|Sneasler, L50, M|\n|poke|p1|Floette-Eternal, L50, F|\n|poke|p1|Aegislash, L50, M|\n|poke|p1|Kingambit, L50, M|\n|poke|p2|Slowbro, L50, M|\n|poke|p2|Garganacl, L50, M|\n|poke|p2|Umbreon, L50, M|\n|poke|p2|Cofagrigus, L50, F|\n|poke|p2|Garchomp, L50, M|\n|poke|p2|Blastoise, L50, F|\n|teampreview|4\n|\n|t:|1776444241\n|teamsize|p1|4\n|teamsize|p2|4\n|start\n|switch|p1a: Kingambit|Kingambit, L50, M|100/100\n|switch|p1b: Sneasler|Sneasler, L50, M|100/100\n|switch|p2a: Cofagrigus|Cofagrigus, L50, F|100/100\n|switch|p2b: Umbreon|Umbreon, L50, M|100/100\n|turn|1\n|inactive|Battle timer is ON: inactive players will automatically lose when time's up. (requested by heroplayer2026)\n|\n|t:|1776444265\n|move|p1b: Sneasler|Close Combat|p2b: Umbreon\n|-supereffective|p2b: Umbreon|1\n|-enditem|p2b: Umbreon|Chople Berry|[eat]\n|-enditem|p2b: Umbreon|Chople Berry|[weaken]\n|-damage|p2b: Umbreon|63/100\n|-unboost|p1b: Sneasler|def|1\n|-unboost|p1b: Sneasler|spd|1\n|-enditem|p1b: Sneasler|White Herb\n|-clearnegativeboost|p1b: Sneasler|[silent]\n|move|p2b: Umbreon|Foul Play|p1b: Sneasler\n|-resisted|p1b: Sneasler|1\n|-damage|p1b: Sneasler|58/100\n|move|p1a: Kingambit|Kowtow Cleave|p2a: Cofagrigus\n|-supereffective|p2a: Cofagrigus|1\n|-damage|p2a: Cofagrigus|12/100\n|-activate|p2a: Cofagrigus|ability: Mummy|p1a: Kingambit|[ability] Defiant\n|move|p2a: Cofagrigus|Trick Room|p2a: Cofagrigus\n|-fieldstart|move: Trick Room|[of] p2a: Cofagrigus\n|\n|upkeep\n|turn|2\n|inactive|chabezoid has 30 seconds left.\n|\n|t:|1776444299\n|move|p1a: Kingambit|Sucker Punch||[still]\n|-fail|p1a: Kingambit\n|move|p2a: Cofagrigus|Will-O-Wisp|p1a: Kingambit\n|-status|p1a: Kingambit|brn\n|move|p2b: Umbreon|Foul Play|p1b: Sneasler\n|-resisted|p1b: Sneasler|1\n|-damage|p1b: Sneasler|16/100\n|move|p1b: Sneasler|Close Combat|p2b: Umbreon\n|-supereffective|p2b: Umbreon|1\n|-damage|p2b: Umbreon|0 fnt\n|-unboost|p1b: Sneasler|def|1\n|-unboost|p1b: Sneasler|spd|1\n|faint|p2b: Umbreon\n|\n|-damage|p1a: Kingambit|95/100 brn|[from] brn\n|upkeep\n|\n|t:|1776444311\n|switch|p2b: Blastoise|Blastoise, L50, F|100/100\n|turn|3\n|inactive|chabezoid has 30 seconds left.\n|\n|t:|1776444338\n|move|p1b: Sneasler|Protect|p1b: Sneasler\n|-singleturn|p1b: Sneasler|Protect\n|move|p1a: Kingambit|Sucker Punch||[still]\n|-fail|p1a: Kingambit\n|move|p2a: Cofagrigus|Will-O-Wisp|p1b: Sneasler\n|-activate|p1b: Sneasler|move: Protect\n|move|p2b: Blastoise|Iron Defense|p2b: Blastoise\n|-boost|p2b: Blastoise|def|2\n|\n|-damage|p1a: Kingambit|89/100 brn|[from] brn\n|upkeep\n|turn|4\n|inactive|chabezoid has 30 seconds left.\n|\n|t:|1776444364\n|switch|p1b: Floette|Floette-Eternal, L50, F|100/100\n|move|p2a: Cofagrigus|Shadow Ball|p1b: Floette\n|-damage|p1b: Floette|78/100\n|move|p1a: Kingambit|Kowtow Cleave|p2a: Cofagrigus\n|-supereffective|p2a: Cofagrigus|1\n|-damage|p2a: Cofagrigus|0 fnt\n|faint|p2a: Cofagrigus\n|move|p2b: Blastoise|Body Press|p1a: Kingambit\n|-supereffective|p1a: Kingambit|2\n|-damage|p1a: Kingambit|0 fnt\n|-activate|p1a: Kingambit|ability: Mummy|p2b: Blastoise|[ability] Rain Dish\n|faint|p1a: Kingambit\n|\n|upkeep\n|\n|t:|1776444384\n|switch|p2a: Garchomp|Garchomp, L50, M|100/100\n|switch|p1a: Sneasler|Sneasler, L50, M|16/100\n|turn|5\n|\n|t:|1776444400\n|detailschange|p2a: Garchomp|Garchomp-Mega, L50, M\n|-mega|p2a: Garchomp|Garchomp|Garchompite\n|detailschange|p1b: Floette|Floette-Mega, L50, F\n|-mega|p1b: Floette|Floette|Floettite\n|-ability|p1b: Floette|Fairy Aura\n|move|p1a: Sneasler|Fake Out|p2b: Blastoise\n|-damage|p2b: Blastoise|94/100\n|-activate|p2b: Blastoise|ability: Mummy|p1a: Sneasler|[ability] Unburden\n|cant|p2b: Blastoise|flinch\n|move|p2a: Garchomp|Poison Jab|p1b: Floette\n|-supereffective|p1b: Floette|1\n|-damage|p1b: Floette|0 fnt\n|faint|p1b: Floette\n|\n|-fieldend|move: Trick Room\n|upkeep\n|\n|t:|1776444418\n|switch|p1b: Basculegion|Basculegion, L50, M|100/100\n|turn|6\n|\n|t:|1776444440\n|move|p2a: Garchomp|Protect|p2a: Garchomp\n|-singleturn|p2a: Garchomp|Protect\n|move|p1b: Basculegion|Last Respects|p2a: Garchomp\n|-activate|p2a: Garchomp|move: Protect\n|move|p1a: Sneasler|Dire Claw|p2b: Blastoise\n|-damage|p2b: Blastoise|73/100\n|move|p2b: Blastoise|Body Press|p1a: Sneasler\n|-resisted|p1a: Sneasler|1\n|-damage|p1a: Sneasler|0 fnt\n|faint|p1a: Sneasler\n|\n|upkeep\n|turn|7\n|\n|t:|1776444455\n|move|p1b: Basculegion|Last Respects|p2b: Blastoise\n|-damage|p2b: Blastoise|12/100\n|move|p2a: Garchomp|Outrage|p1b: Basculegion\n|-damage|p1b: Basculegion|1/100\n|move|p2b: Blastoise|Body Press|p1b: Basculegion\n|-immune|p1b: Basculegion\n|\n|upkeep\n|turn|8\n|\n|t:|1776444470\n|move|p1b: Basculegion|Last Respects|p2a: Garchomp\n|-damage|p2a: Garchomp|3/100\n|move|p2a: Garchomp|Outrage|p1b: Basculegion|[from] lockedmove\n|-damage|p1b: Basculegion|0 fnt\n|faint|p1b: Basculegion\n|-start|p2a: Garchomp|confusion|[fatigue]\n|\n|win|heroplayer2026\n|raw|chabezoid's rating: 1212 &rarr; <strong>1188</strong><br />(-24 for losing)\n|raw|heroplayer2026's rating: 1228 &rarr; <strong>1252</strong><br />(+24 for winning)\n",
  "uploadtime": 1776444477,
  "views": 23,
  "formatid": "gen9championsvgc2026regma",
  "rating": 1188,
  "private": 0,
  "password": null
}