{
  "id": "gen9championsvgc2026regma-2587150138",
  "format": "[Gen 9 Champions] VGC 2026 Reg M-A",
  "players": [
    "kimbrayen",
    "zaulpokemonpro"
  ],
  "log": "|j|\u2606kimbrayen\n|j|\u2606zaulpokemonpro\n|t:|1776500768\n|gametype|doubles\n|player|p1|kimbrayen|265|1245\n|player|p2|zaulpokemonpro|morty|1230\n|gen|9\n|tier|[Gen 9 Champions] VGC 2026 Reg M-A\n|rated|\n|rule|Species Clause: Limit one of each Pok\u00e9mon\n|rule|Item Clause: Limit 1 of each item\n|clearpoke\n|poke|p1|Meganium, L50, F|\n|poke|p1|Archaludon, L50, F|\n|poke|p1|Aerodactyl, L50, M|\n|poke|p1|Typhlosion-Hisui, L50, F|\n|poke|p1|Tauros-Paldea-Aqua, L50, M|\n|poke|p1|Kangaskhan, L50, F|\n|poke|p2|Froslass, L50, F|\n|poke|p2|Garchomp, L50, F|\n|poke|p2|Rotom-Frost, L50|\n|poke|p2|Empoleon, L50, F|\n|poke|p2|Incineroar, L50, F|\n|poke|p2|Kingambit, L50, M|\n|teampreview|4\n|inactive|Battle timer is ON: inactive players will automatically lose when time's up. (requested by zaulpokemonpro)\n|c|\u2606zaulpokemonpro|glhfffff\n|c|\u2606kimbrayen|thxxx u too\n|inactive|zaulpokemonpro has 60 seconds left.\n|c|\u2606zaulpokemonpro|im new go ezz plzzz\n|\n|t:|1776500815\n|teamsize|p1|4\n|teamsize|p2|4\n|start\n|switch|p1a: Tauros|Tauros-Paldea-Aqua, L50, M|100/100\n|switch|p1b: Archaludon|Archaludon, L50, F|100/100\n|switch|p2a: Froslass|Froslass, L50, F|100/100\n|switch|p2b: Rotom|Rotom-Frost, L50|100/100\n|-ability|p1a: Tauros|Intimidate|boost\n|-unboost|p2a: Froslass|atk|1\n|-unboost|p2b: Rotom|atk|1\n|turn|1\n|inactive|zaulpokemonpro has 30 seconds left.\n|inactive|zaulpokemonpro has 20 seconds left.\n|\n|t:|1776500855\n|move|p2a: Froslass|Protect|p2a: Froslass\n|-singleturn|p2a: Froslass|Protect\n|move|p2b: Rotom|Volt Switch|p1a: Tauros\n|-supereffective|p1a: Tauros|1\n|-damage|p1a: Tauros|10/100\n|\n|t:|1776500870\n|switch|p2b: Kingambit|Kingambit, L50, M|100/100|[from] Volt Switch\n|move|p1a: Tauros|Close Combat|p2b: Kingambit\n|-supereffective|p2b: Kingambit|2\n|-enditem|p2b: Kingambit|Focus Sash\n|-damage|p2b: Kingambit|1/100\n|-unboost|p1a: Tauros|def|1\n|-unboost|p1a: Tauros|spd|1\n|-enditem|p1a: Tauros|White Herb\n|-clearnegativeboost|p1a: Tauros|[silent]\n|move|p1b: Archaludon|Flash Cannon|p2a: Froslass\n|-activate|p2a: Froslass|move: Protect\n|\n|upkeep\n|turn|2\n|inactive|zaulpokemonpro has 30 seconds left.\n|\n|t:|1776500903\n|detailschange|p2a: Froslass|Froslass-Mega, L50, F\n|-mega|p2a: Froslass|Froslass|Froslassite\n|-weather|Snowscape|[from] ability: Snow Warning|[of] p2a: Froslass\n|move|p1a: Tauros|Aqua Jet|p2b: Kingambit\n|-damage|p2b: Kingambit|0 fnt\n|faint|p2b: Kingambit\n|move|p2a: Froslass|Blizzard|p1a: Tauros|[spread] p1a,p1b\n|-resisted|p1a: Tauros|1\n|-damage|p1a: Tauros|0 fnt\n|-damage|p1b: Archaludon|25/100\n|faint|p1a: Tauros\n|move|p1b: Archaludon|Flash Cannon|p2a: Froslass\n|-supereffective|p2a: Froslass|1\n|-damage|p2a: Froslass|0 fnt\n|faint|p2a: Froslass\n|\n|-weather|Snowscape|[upkeep]\n|upkeep\n|\n|t:|1776500921\n|switch|p2a: Incineroar|Incineroar, L50, F|100/100\n|switch|p1a: Meganium|Meganium, L50, F|100/100\n|switch|p2b: Rotom|Rotom-Frost, L50|100/100\n|-ability|p2a: Incineroar|Intimidate|boost\n|-unboost|p1a: Meganium|atk|1\n|-unboost|p1b: Archaludon|atk|1\n|turn|3\n|inactive|zaulpokemonpro has 30 seconds left.\n|\n|t:|1776500950\n|detailschange|p1a: Meganium|Meganium-Mega, L50, F\n|-mega|p1a: Meganium|Meganium|Meganiumite\n|move|p2a: Incineroar|Fake Out|p1a: Meganium\n|-damage|p1a: Meganium|89/100\n|move|p2b: Rotom|Thunderbolt|p1b: Archaludon\n|-resisted|p1b: Archaludon|1\n|-damage|p1b: Archaludon|0 fnt\n|faint|p1b: Archaludon\n|cant|p1a: Meganium|flinch\n|\n|-weather|Snowscape|[upkeep]\n|upkeep\n|\n|t:|1776500961\n|switch|p1b: Typhlosion|Typhlosion-Hisui, L50, F|100/100\n|-item|p2a: Incineroar|Sitrus Berry|[from] ability: Frisk|[of] p1b: Typhlosion\n|-item|p2b: Rotom|Choice Scarf|[from] ability: Frisk|[of] p1b: Typhlosion\n|turn|4\n|\n|t:|1776500980\n|move|p2b: Rotom|Thunderbolt|p1a: Meganium\n|-resisted|p1a: Meganium|1\n|-damage|p1a: Meganium|71/100\n|move|p1b: Typhlosion|Eruption|p2a: Incineroar|[spread] p2a,p2b\n|-resisted|p2a: Incineroar|1\n|-supereffective|p2b: Rotom|1\n|-damage|p2a: Incineroar|75/100\n|-damage|p2b: Rotom|0 fnt\n|faint|p2b: Rotom\n|move|p1a: Meganium|Weather Ball|p2a: Incineroar\n|-resisted|p2a: Incineroar|1\n|-damage|p2a: Incineroar|47/100\n|-enditem|p2a: Incineroar|Sitrus Berry|[eat]\n|-heal|p2a: Incineroar|71/100|[from] item: Sitrus Berry\n|move|p2a: Incineroar|Flare Blitz|p1a: Meganium\n|-supereffective|p1a: Meganium|1\n|-damage|p1a: Meganium|0 fnt\n|faint|p1a: Meganium\n|-damage|p2a: Incineroar|50/100|[from] Recoil\n|\n|-weather|Snowscape|[upkeep]\n|upkeep\n|turn|5\n|\n|t:|1776501000\n|move|p1b: Typhlosion|Eruption|p2a: Incineroar\n|-resisted|p2a: Incineroar|1\n|-damage|p2a: Incineroar|13/100\n|move|p2a: Incineroar|Darkest Lariat|p1b: Typhlosion\n|-supereffective|p1b: Typhlosion|1\n|-damage|p1b: Typhlosion|0 fnt\n|faint|p1b: Typhlosion\n|\n|win|zaulpokemonpro\n|raw|kimbrayen's rating: 1245 &rarr; <strong>1219</strong><br />(-26 for losing)\n|raw|zaulpokemonpro's rating: 1230 &rarr; <strong>1256</strong><br />(+26 for winning)\n|c|\u2606zaulpokemonpro|OOOOO MMM MGGGGGG\n|c|\u2606kimbrayen|lmaoooo\n|c|\u2606zaulpokemonpro|WOOOOO GGS\n|c|\u2606kimbrayen|gg ggsas\n|c|\u2606zaulpokemonpro|YAYYY\n|l|\u2606kimbrayen\n|player|p1|\n",
  "uploadtime": 1776501044,
  "views": 18,
  "formatid": "gen9championsvgc2026regma",
  "rating": 1219,
  "private": 0,
  "password": null
}