{
  "id": "gen9championsvgc2026regma-2587124677",
  "format": "[Gen 9 Champions] VGC 2026 Reg M-A",
  "players": [
    "Anicredible",
    "Aurossssss"
  ],
  "log": "|j|\u2606Anicredible\n|j|\u2606Aurossssss\n|t:|1776496917\n|gametype|doubles\n|player|p1|Anicredible|schoolkid-gen4|1009\n|player|p2|Aurossssss|cynthia|1026\n|gen|9\n|tier|[Gen 9 Champions] VGC 2026 Reg M-A\n|rated|\n|rule|Species Clause: Limit one of each Pok\u00e9mon\n|rule|Item Clause: Limit 1 of each item\n|clearpoke\n|poke|p1|Kangaskhan, L50, F|\n|poke|p1|Sinistcha, L50|\n|poke|p1|Sneasler, L50, F|\n|poke|p1|Talonflame, L50, F|\n|poke|p1|Corviknight, L50, M|\n|poke|p1|Primarina, L50, F|\n|poke|p2|Basculegion, L50, M|\n|poke|p2|Garchomp, L50, M|\n|poke|p2|Pelipper, L50, F|\n|poke|p2|Archaludon, L50, F|\n|poke|p2|Dragonite, L50, F|\n|poke|p2|Rotom-Heat, L50|\n|teampreview|4\n|inactive|Battle timer is ON: inactive players will automatically lose when time's up. (requested by Anicredible)\nAnicredible rejected open team sheets.\n|\n|t:|1776496947\n|teamsize|p1|4\n|teamsize|p2|4\n|start\n|switch|p1a: Kangaskhan|Kangaskhan, L50, F|100/100\n|switch|p1b: Sneasler|Sneasler, L50, F|100/100\n|switch|p2a: Pelipper|Pelipper, L50, F|100/100\n|switch|p2b: Rotom|Rotom-Heat, L50|100/100\n|-weather|RainDance|[from] ability: Drizzle|[of] p2a: Pelipper\n|turn|1\n|\n|t:|1776496967\n|detailschange|p1a: Kangaskhan|Kangaskhan-Mega, L50, F\n|-mega|p1a: Kangaskhan|Kangaskhan|Kangaskhanite\n|move|p2a: Pelipper|Protect|p2a: Pelipper\n|-singleturn|p2a: Pelipper|Protect\n|move|p1a: Kangaskhan|Fake Out|p2b: Rotom\n|-damage|p2b: Rotom|76/100\n|-damage|p2b: Rotom|71/100\n|-hitcount|p2b: Rotom|2\n|move|p1b: Sneasler|Coaching|p1a: Kangaskhan\n|-boost|p1a: Kangaskhan|atk|1\n|-boost|p1a: Kangaskhan|def|1\n|cant|p2b: Rotom|flinch\n|\n|-weather|RainDance|[upkeep]\n|upkeep\n|turn|2\n|inactive|Anicredible has 30 seconds left.\n|inactive|Aurossssss has 30 seconds left.\n|inactive|Anicredible has 20 seconds left.\n|inactive|Anicredible has 15 seconds left.\n|inactive|Anicredible has 10 seconds left.\n|inactive|Anicredible has 5 seconds left.\n|\n|t:|1776497018\n|move|p1b: Sneasler|Close Combat|p2a: Pelipper\n|-resisted|p2a: Pelipper|1\n|-damage|p2a: Pelipper|59/100\n|-unboost|p1b: Sneasler|def|1\n|-unboost|p1b: Sneasler|spd|1\n|-enditem|p1b: Sneasler|White Herb\n|-clearnegativeboost|p1b: Sneasler|[silent]\n|move|p2b: Rotom|Thunder|p1a: Kangaskhan\n|-damage|p1a: Kangaskhan|59/100\n|-status|p1a: Kangaskhan|par\n|move|p2a: Pelipper|Tailwind|p2a: Pelipper\n|-sidestart|p2: Aurossssss|move: Tailwind\n|move|p1a: Kangaskhan|Double-Edge|p2b: Rotom\n|-damage|p2b: Rotom|0 fnt\n|faint|p2b: Rotom\n|-hitcount|p2: Rotom|1\n|-damage|p1a: Kangaskhan|45/100 par|[from] Recoil\n|\n|-weather|RainDance|[upkeep]\n|upkeep\n|\n|t:|1776497036\n|switch|p2b: Dragonite|Dragonite, L50, F|100/100\n|turn|3\n|\n|t:|1776497056\n|detailschange|p2b: Dragonite|Dragonite-Mega, L50, F\n|-mega|p2b: Dragonite|Dragonite|Dragoninite\n|move|p1a: Kangaskhan|Protect|p1a: Kangaskhan\n|-singleturn|p1a: Kangaskhan|Protect\n|move|p1b: Sneasler|Dire Claw|p2b: Dragonite\n|-damage|p2b: Dragonite|80/100\n|-status|p2b: Dragonite|slp\n|cant|p2b: Dragonite|slp\n|move|p2a: Pelipper|Hurricane|p1b: Sneasler\n|-supereffective|p1b: Sneasler|1\n|-damage|p1b: Sneasler|0 fnt\n|faint|p1b: Sneasler\n|\n|-weather|RainDance|[upkeep]\n|upkeep\n|\n|t:|1776497070\n|switch|p1b: Sinistcha|Sinistcha, L50|100/100\n|-heal|p1a: Kangaskhan|70/100 par|[from] ability: Hospitality|[of] p1b: Sinistcha\n|turn|4\n|inactive|Anicredible has 30 seconds left.\n|\n|t:|1776497104\n|cant|p2b: Dragonite|slp\n|move|p2a: Pelipper|Hurricane|p1b: Sinistcha\n|-supereffective|p1b: Sinistcha|1\n|-damage|p1b: Sinistcha|20/100\n|move|p1a: Kangaskhan|Double-Edge|p2b: Dragonite\n|-damage|p2b: Dragonite|0 fnt\n|faint|p2b: Dragonite\n|-hitcount|p2: Dragonite|1\n|-damage|p1a: Kangaskhan|50/100 par|[from] Recoil\n|move|p1b: Sinistcha|Trick Room|p1b: Sinistcha\n|-fieldstart|move: Trick Room|[of] p1b: Sinistcha\n|\n|-weather|RainDance|[upkeep]\n|upkeep\n|\n|t:|1776497111\n|switch|p2b: Basculegion|Basculegion, L50, M|100/100\n|turn|5\n|inactive|Anicredible has 30 seconds left.\n|\n|t:|1776497141\n|move|p1b: Sinistcha|Rage Powder|p1b: Sinistcha\n|-singleturn|p1b: Sinistcha|move: Rage Powder\n|move|p1a: Kangaskhan|Sucker Punch|p2b: Basculegion\n|-supereffective|p2b: Basculegion|1\n|-damage|p2b: Basculegion|20/100\n|-supereffective|p2b: Basculegion|1\n|-damage|p2b: Basculegion|0 fnt\n|faint|p2b: Basculegion\n|-hitcount|p2: Basculegion|2\n|move|p2a: Pelipper|Weather Ball|p1b: Sinistcha\n|-resisted|p1b: Sinistcha|1\n|-damage|p1b: Sinistcha|0 fnt\n|faint|p1b: Sinistcha\n|\n|-weather|none\n|-sideend|p2: Aurossssss|move: Tailwind\n|upkeep\n|c|\u2606Anicredible|ggwp\n|\n|t:|1776497158\n|switch|p1b: Primarina|Primarina, L50, F|100/100\n|turn|6\n|-message|Aurossssss forfeited.\n|\n|win|Anicredible\n|raw|Anicredible's rating: 1009 &rarr; <strong>1050</strong><br />(+41 for winning)\n|raw|Aurossssss's rating: 1026 &rarr; <strong>1011</strong><br />(-15 for losing)\n|l|\u2606Aurossssss\n|player|p2|\n",
  "uploadtime": 1776497166,
  "views": 18,
  "formatid": "gen9championsvgc2026regma",
  "rating": 1011,
  "private": 0,
  "password": null
}