{
  "id": "gen9championsvgc2026regma-2584865354",
  "format": "[Gen 9 Champions] VGC 2026 Reg M-A",
  "players": [
    "hugogaaar",
    "OColaco"
  ],
  "log": "|j|\u2606hugogaaar\n|j|\u2606OColaco\n|t:|1776289799\n|gametype|doubles\n|player|p1|hugogaaar|170|1155\n|player|p2|OColaco|blackbelt-gen4dp|1142\n|gen|9\n|tier|[Gen 9 Champions] VGC 2026 Reg M-A\n|rated|\n|rule|Species Clause: Limit one of each Pok\u00e9mon\n|rule|Item Clause: Limit 1 of each item\n|clearpoke\n|poke|p1|Arcanine-Hisui, L50, F|\n|poke|p1|Incineroar, L50, F|\n|poke|p1|Whimsicott, L50, F|\n|poke|p1|Sneasler, L50, F|\n|poke|p1|Venusaur, L50, F|\n|poke|p1|Garchomp, L50, F|\n|poke|p2|Orthworm, L50, F|\n|poke|p2|Basculegion, L50, M|\n|poke|p2|Incineroar, L50, M|\n|poke|p2|Froslass, L50, F|\n|poke|p2|Garchomp, L50, M|\n|poke|p2|Sneasler, L50, M|\n|teampreview|4\n|\n|t:|1776289816\n|teamsize|p1|4\n|teamsize|p2|4\n|start\n|switch|p1a: Garchomp|Garchomp, L50, F|100/100\n|switch|p1b: Whimsicott|Whimsicott, L50, F|100/100\n|switch|p2a: Sneasler|Sneasler, L50, M|100/100\n|switch|p2b: Incineroar|Incineroar, L50, M|100/100\n|-ability|p2b: Incineroar|Intimidate|boost\n|-unboost|p1a: Garchomp|atk|1\n|-unboost|p1b: Whimsicott|atk|1\n|turn|1\n|\n|t:|1776289831\n|move|p2a: Sneasler|Fake Out|p1b: Whimsicott\n|-damage|p1b: Whimsicott|85/100\n|move|p2b: Incineroar|Fake Out|p1a: Garchomp\n|-damage|p1a: Garchomp|89/100\n|-damage|p2b: Incineroar|88/100|[from] ability: Rough Skin|[of] p1a: Garchomp\n|cant|p1b: Whimsicott|flinch\n|cant|p1a: Garchomp|flinch\n|\n|upkeep\n|turn|2\n|\n|t:|1776289849\n|move|p1b: Whimsicott|Tailwind|p1b: Whimsicott\n|-sidestart|p1: hugogaaar|move: Tailwind\n|move|p1a: Garchomp|Swords Dance|p1a: Garchomp\n|-boost|p1a: Garchomp|atk|2\n|move|p2a: Sneasler|Dire Claw|p1b: Whimsicott\n|-supereffective|p1b: Whimsicott|2\n|-damage|p1b: Whimsicott|0 fnt\n|faint|p1b: Whimsicott\n|move|p2b: Incineroar|Parting Shot|p1a: Garchomp\n|-unboost|p1a: Garchomp|atk|1\n|-unboost|p1a: Garchomp|spa|1\n|\n|t:|1776289864\n|switch|p2b: Froslass|Froslass, L50, F|100/100|[from] Parting Shot\n|\n|upkeep\n|\n|t:|1776289868\n|switch|p1b: Incineroar|Incineroar, L50, F|100/100\n|-ability|p1b: Incineroar|Intimidate|boost\n|-unboost|p2a: Sneasler|atk|1\n|-unboost|p2b: Froslass|atk|1\n|-enditem|p2a: Sneasler|White Herb\n|-clearnegativeboost|p2a: Sneasler|[silent]\n|turn|3\n|\n|t:|1776289880\n|detailschange|p2b: Froslass|Froslass-Mega, L50, F\n|-mega|p2b: Froslass|Froslass|Froslassite\n|-weather|Snowscape|[from] ability: Snow Warning|[of] p2b: Froslass\n|move|p2b: Froslass|Protect|p2b: Froslass\n|-singleturn|p2b: Froslass|Protect\n|move|p1b: Incineroar|Fake Out|p2a: Sneasler\n|-damage|p2a: Sneasler|78/100\n|cant|p2a: Sneasler|flinch\n|move|p1a: Garchomp|Swords Dance|p1a: Garchomp\n|-boost|p1a: Garchomp|atk|2\n|\n|-weather|Snowscape|[upkeep]\n|upkeep\n|turn|4\n|\n|t:|1776289905\n|switch|p2b: Basculegion|Basculegion, L50, M|100/100\n|switch|p1b: Venusaur|Venusaur, L50, F|100/100\n|move|p2a: Sneasler|Protect|p2a: Sneasler\n|-singleturn|p2a: Sneasler|Protect\n|move|p1a: Garchomp|Earthquake|p2a: Sneasler|[spread] p1b,p2b\n|-activate|p2a: Sneasler|move: Protect\n|-damage|p1b: Venusaur|16/100\n|-damage|p2b: Basculegion|3/100\n|\n|-weather|Snowscape|[upkeep]\n|upkeep\n|turn|5\n|\n|t:|1776289928\n|switch|p2a: Incineroar|Incineroar, L50, M|88/100\n|-ability|p2a: Incineroar|Intimidate|boost\n|-unboost|p1a: Garchomp|atk|1\n|-unboost|p1b: Venusaur|atk|1\n|move|p1b: Venusaur|Protect|p1b: Venusaur\n|-singleturn|p1b: Venusaur|Protect\n|move|p2b: Basculegion|Aqua Jet|p1b: Venusaur\n|-activate|p1b: Venusaur|move: Protect\n|move|p1a: Garchomp|Earthquake|p2a: Incineroar|[spread] p2a,p2b\n|-activate|p1b: Venusaur|move: Protect\n|-supereffective|p2a: Incineroar|1\n|-damage|p2a: Incineroar|0 fnt\n|-damage|p2b: Basculegion|0 fnt\n|faint|p2a: Incineroar\n|faint|p2b: Basculegion\n|\n|-weather|Snowscape|[upkeep]\n|-sideend|p1: hugogaaar|move: Tailwind\n|upkeep\n|\n|t:|1776289946\n|switch|p2b: Sneasler|Sneasler, L50, M|78/100\n|switch|p2a: Froslass|Froslass-Mega, L50, F|100/100\n|turn|6\n|\n|t:|1776289956\n|switch|p1b: Incineroar|Incineroar, L50, F|100/100\n|-ability|p1b: Incineroar|Intimidate|boost\n|-unboost|p2a: Froslass|atk|1\n|-unboost|p2b: Sneasler|atk|1\n|move|p1a: Garchomp|Protect|p1a: Garchomp\n|-singleturn|p1a: Garchomp|Protect\n|move|p2b: Sneasler|Fake Out|p1a: Garchomp\n|-activate|p1a: Garchomp|move: Protect\n|move|p2a: Froslass|Blizzard|p1b: Incineroar|[spread] p1b\n|-activate|p1a: Garchomp|move: Protect\n|-resisted|p1b: Incineroar|1\n|-damage|p1b: Incineroar|78/100\n|\n|-weather|Snowscape|[upkeep]\n|upkeep\n|turn|7\n|\n|t:|1776289982\n|move|p1b: Incineroar|Fake Out|p2b: Sneasler\n|-damage|p2b: Sneasler|54/100\n|move|p2a: Froslass|Blizzard|p1a: Garchomp|[spread] p1a,p1b\n|-supereffective|p1a: Garchomp|2\n|-enditem|p1a: Garchomp|Yache Berry|[eat]\n|-enditem|p1a: Garchomp|Yache Berry|[weaken]\n|-resisted|p1b: Incineroar|1\n|-damage|p1a: Garchomp|0 fnt\n|-damage|p1b: Incineroar|57/100\n|faint|p1a: Garchomp\n|cant|p2b: Sneasler|flinch\n|\n|-weather|none\n|upkeep\n|\n|t:|1776289990\n|switch|p1a: Venusaur|Venusaur, L50, F|16/100\n|turn|8\n|\n|t:|1776290006\n|detailschange|p1a: Venusaur|Venusaur-Mega, L50, F\n|-mega|p1a: Venusaur|Venusaur|Venusaurite\n|move|p2b: Sneasler|Close Combat|p1b: Incineroar\n|-supereffective|p1b: Incineroar|1\n|-enditem|p1b: Incineroar|Chople Berry|[eat]\n|-enditem|p1b: Incineroar|Chople Berry|[weaken]\n|-damage|p1b: Incineroar|20/100\n|-unboost|p2b: Sneasler|def|1\n|-unboost|p2b: Sneasler|spd|1\n|move|p2a: Froslass|Blizzard|p1a: Venusaur|[spread] p1b\n|-miss|p2a: Froslass|p1a: Venusaur\n|-resisted|p1b: Incineroar|1\n|-damage|p1b: Incineroar|0 fnt\n|faint|p1b: Incineroar\n|move|p1a: Venusaur|Leech Seed|p2a: Froslass\n|-start|p2a: Froslass|move: Leech Seed\n|\n|-damage|p2a: Froslass|88/100|[from] Leech Seed|[of] p1a: Venusaur\n|-heal|p1a: Venusaur|27/100|[silent]\n|upkeep\n|turn|9\n|\n|t:|1776290028\n|move|p1a: Venusaur|Protect|p1a: Venusaur\n|-singleturn|p1a: Venusaur|Protect\n|move|p2b: Sneasler|Dire Claw|p1a: Venusaur\n|-activate|p1a: Venusaur|move: Protect\n|move|p2a: Froslass|Shadow Ball|p1a: Venusaur\n|-activate|p1a: Venusaur|move: Protect\n|\n|-damage|p2a: Froslass|76/100|[from] Leech Seed|[of] p1a: Venusaur\n|-heal|p1a: Venusaur|37/100|[silent]\n|upkeep\n|turn|10\n|\n|t:|1776290044\n|move|p2a: Froslass|Shadow Ball|p1a: Venusaur\n|-damage|p1a: Venusaur|5/100\n|-unboost|p1a: Venusaur|spd|1\n|move|p2b: Sneasler|Close Combat|p1a: Venusaur\n|-resisted|p1a: Venusaur|1\n|-damage|p1a: Venusaur|0 fnt\n|-unboost|p2b: Sneasler|def|1\n|-unboost|p2b: Sneasler|spd|1\n|faint|p1a: Venusaur\n|\n|win|OColaco\n|raw|hugogaaar's rating: 1155 &rarr; <strong>1129</strong><br />(-26 for losing)\n|raw|OColaco's rating: 1142 &rarr; <strong>1168</strong><br />(+26 for winning)\n|l|\u2606hugogaaar\n|player|p1|\n",
  "uploadtime": 1776290057,
  "views": 23,
  "formatid": "gen9championsvgc2026regma",
  "rating": 1129,
  "private": 0,
  "password": null
}