{
  "id": "gen9championsvgc2026regma-2584129263",
  "format": "[Gen 9 Champions] VGC 2026 Reg M-A",
  "players": [
    "derbeste enjoyer",
    "sunwind"
  ],
  "log": "|j|\u2606derbeste enjoyer\n|j|\u2606sunwind\n|t:|1776228397\n|gametype|doubles\n|player|p1|derbeste enjoyer|dawn|\n|player|p2|sunwind|depotagent|\n|gen|9\n|tier|[Gen 9 Champions] VGC 2026 Reg M-A\n|rated|Tournament battle\n|rule|Species Clause: Limit one of each Pok\u00e9mon\n|rule|Item Clause: Limit 1 of each item\n|raw|<div class=\"infobox\"><details class=\"readmore\" open><summary><strong>1 custom rule:</strong></summary> Force Open Team Sheets</details></div>\n|clearpoke\n|poke|p1|Aerodactyl, L50, M|\n|poke|p1|Basculegion, L50, M|\n|poke|p1|Kingambit, L50, F|\n|poke|p1|Conkeldurr, L50, F|\n|poke|p1|Chandelure, L50, F|\n|poke|p1|Clefable, L50, M|\n|poke|p2|Alakazam, L50, M|\n|poke|p2|Meowstic, L50, M|\n|poke|p2|Sneasler, L50, F|\n|poke|p2|Garchomp, L50, M|\n|poke|p2|Incineroar, L50, F|\n|poke|p2|Whimsicott, L50, F|\n|teampreview|4\n|showteam|p1|Aerodactyl||Aerodactylite|Unnerve|RockSlide,Protect,Tailwind,DualWingbeat|||M|||50|]Basculegion||WhiteHerb|Adaptability|LastRespects,AquaJet,WaveCrash,Protect|||M|||50|]Kingambit||BlackGlasses|Defiant|SwordsDance,SuckerPunch,KowtowCleave,Protect|||F|||50|]Conkeldurr||BlackBelt|IronFist|MachPunch,DrainPunch,ThunderPunch,Protect|||F|||50|]Chandelure||FocusSash|FlashFire|ShadowBall,HeatWave,TrickRoom,Protect|||F|||50|]Clefable||SitrusBerry|Unaware|FollowMe,HelpingHand,Moonblast,Protect|||M|||50|\n|showteam|p2|Alakazam||Alakazite|InnerFocus|ExpandingForce,FocusBlast,CalmMind,Protect|||M|||50|]Meowstic||ColburBerry|Prankster|Psychic,Reflect,LightScreen,PsychicTerrain|||M|||50|]Sneasler||WhiteHerb|Unburden|DireClaw,CloseCombat,Taunt,Protect|||F|||50|]Garchomp||SoftSand|RoughSkin|Earthquake,RockSlide,DragonClaw,Protect|||M|||50|]Incineroar||SitrusBerry|Intimidate|FakeOut,FlareBlitz,DarkestLariat,PartingShot|||F|||50|]Whimsicott||FocusSash|Prankster|Moonblast,Tailwind,Encore,Memento|||F|||50|\n|j| Sibanz\n|j| OnToTheOther\n|c|\u2606sunwind|glhf\n|inactive|Battle timer is ON: inactive players will automatically lose when time's up. (requested by sunwind)\n|c|\u2606derbeste enjoyer|gl hf\n|inactive|derbeste enjoyer has 60 seconds left.\n|j| PhantomzTK\n|\n|t:|1776228448\n|teamsize|p1|4\n|teamsize|p2|4\n|start\n|switch|p1a: Chandelure|Chandelure, L50, F|100/100\n|switch|p1b: Aerodactyl|Aerodactyl, L50, M|100/100\n|switch|p2a: Meowstic|Meowstic, L50, M|100/100\n|switch|p2b: Whimsicott|Whimsicott, L50, F|100/100\n|-ability|p1b: Aerodactyl|Unnerve\n|turn|1\n|inactive|derbeste enjoyer has 30 seconds left.\n|inactive|derbeste enjoyer has 20 seconds left.\n|inactive|derbeste enjoyer has 15 seconds left.\n|inactive|sunwind has 30 seconds left.\n|\n|t:|1776228493\n|move|p2b: Whimsicott|Tailwind|p2b: Whimsicott\n|-sidestart|p2: sunwind|move: Tailwind\n|move|p2a: Meowstic|Psychic|p1a: Chandelure\n|-damage|p1a: Chandelure|66/100\n|move|p1b: Aerodactyl|Dual Wingbeat|p2b: Whimsicott\n|-supereffective|p2b: Whimsicott|1\n|-damage|p2b: Whimsicott|46/100\n|-supereffective|p2b: Whimsicott|1\n|-damage|p2b: Whimsicott|0 fnt\n|faint|p2b: Whimsicott\n|-hitcount|p2: Whimsicott|2\n|move|p1a: Chandelure|Trick Room|p1a: Chandelure\n|-fieldstart|move: Trick Room|[of] p1a: Chandelure\n|\n|upkeep\n|\n|t:|1776228512\n|switch|p2b: Garchomp|Garchomp, L50, M|100/100\n|turn|2\n|j| speedyturtle87\n|j|+Helios of Sun\n|\n|t:|1776228535\n|switch|p1a: Clefable|Clefable, L50, M|100/100\n|move|p2a: Meowstic|Light Screen|p2a: Meowstic\n|-sidestart|p2: sunwind|move: Light Screen\n|move|p1b: Aerodactyl|Rock Slide|p2a: Meowstic|[spread] p2a,p2b\n|-resisted|p2b: Garchomp|1\n|-damage|p2a: Meowstic|68/100\n|-damage|p2b: Garchomp|90/100\n|move|p2b: Garchomp|Rock Slide|p1a: Clefable|[spread] p1a,p1b\n|-supereffective|p1b: Aerodactyl|1\n|-damage|p1a: Clefable|81/100\n|-damage|p1b: Aerodactyl|49/100\n|\n|upkeep\n|turn|3\n|l| speedyturtle87\n|inactive|sunwind has 30 seconds left.\n|l|+Helios of Sun\n|inactive|sunwind has 20 seconds left.\n|inactive|derbeste enjoyer has 30 seconds left.\n|\n|t:|1776228577\n|switch|p1b: Kingambit|Kingambit, L50, F|100/100\n|move|p2a: Meowstic|Reflect|p2a: Meowstic\n|-sidestart|p2: sunwind|Reflect\n|move|p1a: Clefable|Moonblast|p2b: Garchomp\n|-supereffective|p2b: Garchomp|1\n|-damage|p2b: Garchomp|44/100\n|move|p2b: Garchomp|Rock Slide|p1a: Clefable|[spread] p1a,p1b\n|-resisted|p1b: Kingambit|1\n|-damage|p1a: Clefable|62/100\n|-damage|p1b: Kingambit|93/100\n|\n|upkeep\n|turn|4\n|j| mynamegrassgreen\n|inactive|derbeste enjoyer has 30 seconds left.\n|inactive|sunwind has 30 seconds left.\n|\n|t:|1776228606\n|switch|p1b: Aerodactyl|Aerodactyl, L50, M|49/100\n|-ability|p1b: Aerodactyl|Unnerve\n|move|p2b: Garchomp|Protect|p2b: Garchomp\n|-singleturn|p2b: Garchomp|Protect\n|move|p1a: Clefable|Moonblast|p2b: Garchomp\n|-activate|p2b: Garchomp|move: Protect\n|move|p2a: Meowstic|Psychic|p1a: Clefable\n|-damage|p1a: Clefable|40/100\n|-unboost|p1a: Clefable|spd|1\n|-enditem|p1a: Clefable|Sitrus Berry|[eat]\n|-heal|p1a: Clefable|64/100|[from] item: Sitrus Berry\n|\n|-sideend|p2: sunwind|move: Tailwind\n|upkeep\n|turn|5\n|inactive|sunwind has 30 seconds left.\n|\n|t:|1776228640\n|detailschange|p1b: Aerodactyl|Aerodactyl-Mega, L50, M\n|-mega|p1b: Aerodactyl|Aerodactyl|Aerodactylite\n|move|p1a: Clefable|Moonblast|p2b: Garchomp\n|-supereffective|p2b: Garchomp|1\n|-damage|p2b: Garchomp|0 fnt\n|faint|p2b: Garchomp\n|move|p2a: Meowstic|Psychic|p1b: Aerodactyl\n|-damage|p1b: Aerodactyl|16/100\n|move|p1b: Aerodactyl|Tailwind|p1b: Aerodactyl\n|-sidestart|p1: derbeste enjoyer|move: Tailwind\n|\n|-fieldend|move: Trick Room\n|upkeep\n|\n|t:|1776228652\n|switch|p2b: Alakazam|Alakazam, L50, M|100/100\n|turn|6\n|\n|t:|1776228661\n|detailschange|p2b: Alakazam|Alakazam-Mega, L50, M\n|-mega|p2b: Alakazam|Alakazam|Alakazite\n|-ability|p2b: Alakazam|Unaware|Trace|[from] ability: Trace|[of] p1a: Clefable\n|move|p1a: Clefable|Helping Hand|p1b: Aerodactyl\n|-singleturn|p1b: Aerodactyl|Helping Hand|[of] p1a: Clefable\n|move|p2a: Meowstic|Psychic Terrain|p2a: Meowstic\n|-fieldstart|move: Psychic Terrain\n|move|p1b: Aerodactyl|Rock Slide|p2b: Alakazam|[spread] p2a,p2b\n|-damage|p2a: Meowstic|31/100\n|-damage|p2b: Alakazam|41/100\n|move|p2b: Alakazam|Expanding Force|p1a: Clefable|[spread] p1a,p1b\n|-damage|p1a: Clefable|3/100\n|-damage|p1b: Aerodactyl|0 fnt\n|faint|p1b: Aerodactyl\n|\n|-sideend|p2: sunwind|move: Light Screen\n|upkeep\n|\n|t:|1776228671\n|switch|p1b: Kingambit|Kingambit, L50, F|93/100\n|turn|7\n|inactive|sunwind has 30 seconds left.\n|\n|t:|1776228696\n|move|p2b: Alakazam|Protect|p2b: Alakazam\n|-singleturn|p2b: Alakazam|Protect\n|move|p1a: Clefable|Follow Me|p1a: Clefable\n|-singleturn|p1a: Clefable|move: Follow Me\n|move|p1b: Kingambit|Kowtow Cleave|p2a: Meowstic\n|-supereffective|p2a: Meowstic|1\n|-enditem|p2a: Meowstic|Colbur Berry|[eat]\n|-enditem|p2a: Meowstic|Colbur Berry|[weaken]\n|-damage|p2a: Meowstic|0 fnt\n|faint|p2a: Meowstic\n|\n|-sideend|p2: sunwind|Reflect\n|upkeep\n|turn|8\n|c|\u2606derbeste enjoyer|gg\n|\n|t:|1776228717\n|move|p1a: Clefable|Follow Me|p1a: Clefable\n|-singleturn|p1a: Clefable|move: Follow Me\n|move|p2b: Alakazam|Focus Blast|p1a: Clefable\n|-resisted|p1a: Clefable|1\n|-damage|p1a: Clefable|0 fnt\n|faint|p1a: Clefable\n|move|p1b: Kingambit|Kowtow Cleave|p2b: Alakazam\n|-supereffective|p2b: Alakazam|1\n|-damage|p2b: Alakazam|0 fnt\n|faint|p2b: Alakazam\n|\n|win|derbeste enjoyer\n|n|\u2606derbeste enjoyer|derbesteenjoyer\n|n|\u2606sunwind|sunwind\n|n| Sibanz|sibanz\n|n| OnToTheOther|ontotheother\n|n| PhantomzTK|phantomztk\n|n| mynamegrassgreen|mynamegrassgreen\n",
  "uploadtime": 1776228717,
  "views": 23,
  "formatid": "gen9championsvgc2026regma",
  "rating": null,
  "private": 0,
  "password": null
}