{
  "id": "gen9championsvgc2026regma-2581653011",
  "format": "[Gen 9 Champions] VGC 2026 Reg M-A",
  "players": [
    "gallium1005",
    "Catactual"
  ],
  "log": "|j|\u2606gallium1005\n|j|\u2606Catactual\n|t:|1776018165\n|gametype|doubles\n|player|p1|gallium1005|hilbert|1123\n|player|p2|Catactual|266|1140\n|gen|9\n|tier|[Gen 9 Champions] VGC 2026 Reg M-A\n|rated|\n|rule|Species Clause: Limit one of each Pok\u00e9mon\n|rule|Item Clause: Limit 1 of each item\n|clearpoke\n|poke|p1|Sneasler, L50, M|\n|poke|p1|Delphox, L50, F|\n|poke|p1|Garchomp, L50, M|\n|poke|p1|Whimsicott, L50, M|\n|poke|p1|Rotom-Wash, L50|\n|poke|p1|Corviknight, L50, M|\n|poke|p2|Garchomp, L50, F|\n|poke|p2|Sneasler, L50, M|\n|poke|p2|Delphox, L50, M|\n|poke|p2|Ninetales-Alola, L50, F|\n|poke|p2|Incineroar, L50, F|\n|poke|p2|Sinistcha, L50|\n|teampreview|4\n|\n|t:|1776018211\n|teamsize|p1|4\n|teamsize|p2|4\n|start\n|switch|p1a: Rotom|Rotom-Wash, L50|100/100\n|switch|p1b: Corviknight|Corviknight, L50, M|100/100\n|switch|p2a: Delphox|Delphox, L50, M|100/100\n|switch|p2b: Incineroar|Incineroar, L50, F|100/100\n|-ability|p2b: Incineroar|Intimidate|boost\n|-unboost|p1a: Rotom|atk|1\n|-ability|p1b: Corviknight|Mirror Armor\n|-unboost|p2b: Incineroar|atk|1\n|turn|1\n|\n|t:|1776018239\n|switch|p1b: Garchomp|Garchomp, L50, M|100/100\n|detailschange|p2a: Delphox|Delphox-Mega, L50, M\n|-mega|p2a: Delphox|Delphox|Delphoxite\n|move|p2b: Incineroar|Fake Out|p1a: Rotom\n|-damage|p1a: Rotom|91/100\n|cant|p1a: Rotom|flinch\n|move|p2a: Delphox|Heat Wave|p1a: Rotom|[spread] p1a,p1b\n|-resisted|p1a: Rotom|1\n|-resisted|p1b: Garchomp|1\n|-damage|p1a: Rotom|65/100\n|-damage|p1b: Garchomp|81/100\n|\n|-heal|p1b: Garchomp|87/100|[from] item: Leftovers\n|upkeep\n|turn|2\n|\n|t:|1776018271\n|move|p2a: Delphox|Protect|p2a: Delphox\n|-singleturn|p2a: Delphox|Protect\n|move|p1a: Rotom|Hydro Pump|p2a: Delphox\n|-activate|p2a: Delphox|move: Protect\n|move|p1b: Garchomp|Rock Slide|p2a: Delphox|[spread] p2b\n|-activate|p2a: Delphox|move: Protect\n|-supereffective|p2b: Incineroar|1\n|-damage|p2b: Incineroar|72/100\n|move|p2b: Incineroar|Parting Shot|p1a: Rotom\n|-unboost|p1a: Rotom|atk|1\n|-unboost|p1a: Rotom|spa|1\n|\n|t:|1776018284\n|switch|p2b: Ninetales|Ninetales-Alola, L50, F|100/100|[from] Parting Shot\n|-weather|Snowscape|[from] ability: Snow Warning|[of] p2b: Ninetales\n|\n|-weather|Snowscape|[upkeep]\n|-heal|p1b: Garchomp|93/100|[from] item: Leftovers\n|upkeep\n|turn|3\n|\n|t:|1776018323\n|switch|p1a: Corviknight|Corviknight, L50, M|100/100\n|move|p2a: Delphox|Psychic|p1b: Garchomp\n|-damage|p1b: Garchomp|38/100\n|move|p2b: Ninetales|Aurora Veil|p2b: Ninetales\n|-sidestart|p2: Catactual|move: Aurora Veil\n|move|p1b: Garchomp|Rock Slide|p2b: Ninetales|[spread] p2b\n|-miss|p1b: Garchomp|p2a: Delphox\n|-supereffective|p2b: Ninetales|1\n|-damage|p2b: Ninetales|73/100\n|\n|-weather|Snowscape|[upkeep]\n|-heal|p1b: Garchomp|44/100|[from] item: Leftovers\n|upkeep\n|turn|4\n|\n|t:|1776018344\n|switch|p1b: Delphox|Delphox, L50, F|100/100\n|move|p2a: Delphox|Heat Wave|p1a: Corviknight|[spread] p1a,p1b\n|-supereffective|p1a: Corviknight|1\n|-resisted|p1b: Delphox|1\n|-damage|p1a: Corviknight|29/100\n|-damage|p1b: Delphox|77/100\n|-enditem|p1a: Corviknight|Sitrus Berry|[eat]\n|-heal|p1a: Corviknight|54/100|[from] item: Sitrus Berry\n|move|p2b: Ninetales|Blizzard|p1a: Corviknight|[spread] p1a,p1b\n|-resisted|p1b: Delphox|1\n|-damage|p1a: Corviknight|29/100\n|-damage|p1b: Delphox|58/100\n|move|p1a: Corviknight|Iron Head|p2b: Ninetales\n|-supereffective|p2b: Ninetales|2\n|-damage|p2b: Ninetales|12/100\n|\n|-weather|Snowscape|[upkeep]\n|upkeep\n|turn|5\n|\n|t:|1776018370\n|detailschange|p1b: Delphox|Delphox-Mega, L50, F\n|-mega|p1b: Delphox|Delphox|Delphoxite\n|move|p1a: Corviknight|Protect|p1a: Corviknight\n|-singleturn|p1a: Corviknight|Protect\n|move|p2a: Delphox|Heat Wave|p1a: Corviknight|[spread] p1b\n|-activate|p1a: Corviknight|move: Protect\n|-resisted|p1b: Delphox|1\n|-damage|p1b: Delphox|38/100\n|move|p1b: Delphox|Heat Wave|p2a: Delphox|[spread] p2a,p2b\n|-resisted|p2a: Delphox|1\n|-supereffective|p2b: Ninetales|1\n|-damage|p2a: Delphox|86/100\n|-damage|p2b: Ninetales|0 fnt\n|faint|p2b: Ninetales\n|\n|-weather|Snowscape|[upkeep]\n|upkeep\n|\n|t:|1776018381\n|switch|p2b: Incineroar|Incineroar, L50, F|72/100\n|-ability|p2b: Incineroar|Intimidate|boost\n|-ability|p1a: Corviknight|Mirror Armor\n|-unboost|p2b: Incineroar|atk|1\n|-unboost|p1b: Delphox|atk|1\n|turn|6\n|\n|t:|1776018396\n|move|p1b: Delphox|Protect|p1b: Delphox\n|-singleturn|p1b: Delphox|Protect\n|move|p2a: Delphox|Heat Wave|p1a: Corviknight|[spread] p1a\n|-activate|p1b: Delphox|move: Protect\n|-supereffective|p1a: Corviknight|1\n|-damage|p1a: Corviknight|0 fnt\n|faint|p1a: Corviknight\n|move|p2b: Incineroar|Darkest Lariat|p1b: Delphox\n|-activate|p1b: Delphox|move: Protect\n|\n|-weather|none\n|upkeep\n|\n|t:|1776018411\n|switch|p1a: Garchomp|Garchomp, L50, M|44/100\n|turn|7\n|\n|t:|1776018430\n|move|p2a: Delphox|Psychic|p1a: Garchomp\n|-damage|p1a: Garchomp|0 fnt\n|faint|p1a: Garchomp\n|move|p1b: Delphox|Heat Wave|p2b: Incineroar|[spread] p2a,p2b\n|-resisted|p2a: Delphox|1\n|-crit|p2a: Delphox\n|-resisted|p2b: Incineroar|1\n|-damage|p2a: Delphox|56/100\n|-damage|p2b: Incineroar|61/100\n|move|p2b: Incineroar|Darkest Lariat|p1b: Delphox\n|-supereffective|p1b: Delphox|1\n|-damage|p1b: Delphox|0 fnt\n|faint|p1b: Delphox\n|\n|-sideend|p2: Catactual|move: Aurora Veil\n|upkeep\n|\n|t:|1776018441\n|switch|p1b: Rotom|Rotom-Wash, L50|65/100\n|turn|8\n|\n|t:|1776018447\n|move|p1b: Rotom|Hydro Pump|p2b: Incineroar\n|-supereffective|p2b: Incineroar|1\n|-damage|p2b: Incineroar|0 fnt\n|faint|p2b: Incineroar\n|move|p2a: Delphox|Psychic|p1b: Rotom\n|-damage|p1b: Rotom|0 fnt\n|faint|p1b: Rotom\n|\n|win|Catactual\n|raw|gallium1005's rating: 1123 &rarr; <strong>1099</strong><br />(-24 for losing)\n|raw|Catactual's rating: 1140 &rarr; <strong>1164</strong><br />(+24 for winning)\n|c|\u2606gallium1005|gg\n|l|\u2606Catactual\n|player|p2|\n",
  "uploadtime": 1776018455,
  "views": 17,
  "formatid": "gen9championsvgc2026regma",
  "rating": 1099,
  "private": 0,
  "password": null
}