{
  "id": "gen9championsvgc2026regma-2586861216",
  "format": "[Gen 9 Champions] VGC 2026 Reg M-A",
  "players": [
    "fallen_whimmy",
    "greeneiscue1"
  ],
  "log": "|j|\u2606fallen_whimmy\n|j|\u2606greeneiscue1\n|t:|1776466202\n|gametype|doubles\n|player|p1|fallen_whimmy|101|1034\n|player|p2|greeneiscue1|veteran|1039\n|gen|9\n|tier|[Gen 9 Champions] VGC 2026 Reg M-A\n|rated|\n|rule|Species Clause: Limit one of each Pok\u00e9mon\n|rule|Item Clause: Limit 1 of each item\n|clearpoke\n|poke|p1|Chimecho, L50, F|\n|poke|p1|Farigiraf, L50, F|\n|poke|p1|Armarouge, L50, F|\n|poke|p1|Garchomp, L50, M|\n|poke|p1|Rotom-Wash, L50|\n|poke|p1|Clefable, L50, F|\n|poke|p2|Froslass, L50, F|\n|poke|p2|Garchomp, L50, F|\n|poke|p2|Gyarados, L50, M|\n|poke|p2|Rotom-Heat, L50|\n|poke|p2|Kingambit, L50, F|\n|poke|p2|Whimsicott, L50, F|\n|teampreview|4\n|inactive|Battle timer is ON: inactive players will automatically lose when time's up. (requested by greeneiscue1)\n|inactive|fallen_whimmy has 60 seconds left.\ngreeneiscue1 has agreed to open team sheets.\n|inactive|fallen_whimmy has 30 seconds left.\n|\n|t:|1776466268\n|teamsize|p1|4\n|teamsize|p2|4\n|start\n|switch|p1a: Garchomp|Garchomp, L50, M|100/100\n|switch|p1b: Armarouge|Armarouge, L50, F|100/100\n|switch|p2a: Froslass|Froslass, L50, F|100/100\n|switch|p2b: Whimsicott|Whimsicott, L50, F|100/100\n|turn|1\n|\n|t:|1776466288\n|switch|p1a: Farigiraf|Farigiraf, L50, F|100/100\n|move|p2a: Froslass|Protect|p2a: Froslass\n|-singleturn|p2a: Froslass|Protect\n|move|p2b: Whimsicott|Tailwind|p2b: Whimsicott\n|-sidestart|p2: greeneiscue1|move: Tailwind\n|move|p1b: Armarouge|Psychic Terrain|p1b: Armarouge\n|-fieldstart|move: Psychic Terrain\n|\n|upkeep\n|turn|2\n|\n|t:|1776466306\n|detailschange|p2a: Froslass|Froslass-Mega, L50, F\n|-mega|p2a: Froslass|Froslass|Froslassite\n|-weather|Snowscape|[from] ability: Snow Warning|[of] p2a: Froslass\n|move|p2a: Froslass|Shadow Ball|p1b: Armarouge\n|-supereffective|p1b: Armarouge|1\n|-crit|p1b: Armarouge\n|-damage|p1b: Armarouge|0 fnt\n|faint|p1b: Armarouge\n|move|p2b: Whimsicott|Moonblast|p1a: Farigiraf\n|-damage|p1a: Farigiraf|78/100\n|move|p1a: Farigiraf|Trick Room|p1a: Farigiraf\n|-fieldstart|move: Trick Room|[of] p1a: Farigiraf\n|\n|-weather|Snowscape|[upkeep]\n|-heal|p1a: Farigiraf|84/100|[from] item: Leftovers\n|upkeep\n|\n|t:|1776466314\n|switch|p1b: Chimecho|Chimecho, L50, F|100/100\n|turn|3\n|\n|t:|1776466339\n|switch|p2a: Rotom|Rotom-Heat, L50|100/100\n|detailschange|p1b: Chimecho|Chimecho-Mega, L50, F\n|-mega|p1b: Chimecho|Chimecho|Chimechite\n|move|p2b: Whimsicott|Protect|p2b: Whimsicott\n|-singleturn|p2b: Whimsicott|Protect\n|move|p1a: Farigiraf|Expanding Force|p2b: Whimsicott|[spread] p2a\n|-activate|p2b: Whimsicott|move: Protect\n|-damage|p2a: Rotom|65/100\n|move|p1b: Chimecho|Expanding Force|p2b: Whimsicott\n|-activate|p2b: Whimsicott|move: Protect\n|\n|-weather|Snowscape|[upkeep]\n|-heal|p1a: Farigiraf|90/100|[from] item: Leftovers\n|upkeep\n|turn|4\n|\n|t:|1776466360\n|switch|p1b: Garchomp|Garchomp, L50, M|100/100\n|move|p1a: Farigiraf|Expanding Force|p2b: Whimsicott|[spread] p2a,p2b\n|-damage|p2a: Rotom|29/100\n|-damage|p2b: Whimsicott|41/100\n|move|p2a: Rotom|Overheat|p1b: Garchomp\n|-resisted|p1b: Garchomp|1\n|-damage|p1b: Garchomp|72/100\n|-unboost|p2a: Rotom|spa|2\n|move|p2b: Whimsicott|Moonblast|p1a: Farigiraf\n|-damage|p1a: Farigiraf|69/100\n|\n|-weather|Snowscape|[upkeep]\n|-heal|p1a: Farigiraf|75/100|[from] item: Leftovers\n|-sideend|p2: greeneiscue1|move: Tailwind\n|upkeep\n|turn|5\n|\n|t:|1776466376\n|move|p2b: Whimsicott|Protect|p2b: Whimsicott\n|-singleturn|p2b: Whimsicott|Protect\n|move|p2a: Rotom|Protect|p2a: Rotom\n|-singleturn|p2a: Rotom|Protect\n|move|p1a: Farigiraf|Expanding Force|p2a: Rotom|[spread] \n|-activate|p2a: Rotom|move: Protect\n|-activate|p2b: Whimsicott|move: Protect\n|move|p1b: Garchomp|Rock Slide|p2a: Rotom|[spread] \n|-activate|p2a: Rotom|move: Protect\n|-activate|p2b: Whimsicott|move: Protect\n|\n|-weather|Snowscape|[upkeep]\n|-heal|p1a: Farigiraf|82/100|[from] item: Leftovers\n|-fieldend|move: Psychic Terrain\n|upkeep\n|turn|6\n|\n|t:|1776466396\n|switch|p1b: Chimecho|Chimecho-Mega, L50, F|100/100\n|move|p1a: Farigiraf|Protect|p1a: Farigiraf\n|-singleturn|p1a: Farigiraf|Protect\n|move|p2a: Rotom|Will-O-Wisp|p1b: Chimecho\n|-status|p1b: Chimecho|brn\n|move|p2b: Whimsicott|Moonblast|p1b: Chimecho\n|-resisted|p1b: Chimecho|1\n|-damage|p1b: Chimecho|90/100 brn\n|\n|-weather|none\n|-heal|p1a: Farigiraf|88/100|[from] item: Leftovers\n|-damage|p1b: Chimecho|84/100 brn|[from] brn\n|-fieldend|move: Trick Room\n|upkeep\n|turn|7\n|\n|t:|1776466410\n|move|p1b: Chimecho|Protect|p1b: Chimecho\n|-singleturn|p1b: Chimecho|Protect\n|move|p2b: Whimsicott|Encore||[still]\n|cant|p1a: Farigiraf|ability: Armor Tail|Encore|[of] p2b: Whimsicott\n|move|p2a: Rotom|Overheat|p1b: Chimecho\n|-activate|p1b: Chimecho|move: Protect\n|move|p1a: Farigiraf|Trick Room|p1a: Farigiraf\n|-fieldstart|move: Trick Room|[of] p1a: Farigiraf\n|\n|-heal|p1a: Farigiraf|94/100|[from] item: Leftovers\n|-damage|p1b: Chimecho|78/100 brn|[from] brn\n|upkeep\n|turn|8\n|\n|t:|1776466425\n|move|p1a: Farigiraf|Psychic Terrain|p1a: Farigiraf\n|-fieldstart|move: Psychic Terrain\n|move|p1b: Chimecho|Flash Cannon|p2b: Whimsicott\n|-supereffective|p2b: Whimsicott|1\n|-damage|p2b: Whimsicott|0 fnt\n|faint|p2b: Whimsicott\n|move|p2a: Rotom|Overheat|p1b: Chimecho\n|-supereffective|p1b: Chimecho|1\n|-damage|p1b: Chimecho|31/100 brn\n|-unboost|p2a: Rotom|spa|2\n|\n|-heal|p1a: Farigiraf|99/100|[from] item: Leftovers\n|-damage|p1b: Chimecho|25/100 brn|[from] brn\n|upkeep\n|\n|t:|1776466431\n|switch|p2b: Garchomp|Garchomp, L50, F|100/100\n|turn|9\n|\n|t:|1776466448\n|move|p1a: Farigiraf|Expanding Force|p2b: Garchomp|[spread] p2a,p2b\n|-damage|p2a: Rotom|0 fnt\n|-damage|p2b: Garchomp|57/100\n|faint|p2a: Rotom\n|move|p1b: Chimecho|Dazzling Gleam|p2b: Garchomp\n|-supereffective|p2b: Garchomp|1\n|-damage|p2b: Garchomp|0 fnt\n|faint|p2b: Garchomp\n|\n|-heal|p1a: Farigiraf|100/100|[from] item: Leftovers\n|-damage|p1b: Chimecho|19/100 brn|[from] brn\n|upkeep\n|\n|t:|1776466453\n|switch|p2b: Froslass|Froslass-Mega, L50, F|100/100\n|-weather|Snowscape|[from] ability: Snow Warning|[of] p2b: Froslass\n|turn|10\n|-message|greeneiscue1 forfeited.\n|\n|win|fallen_whimmy\n|raw|fallen_whimmy's rating: 1034 &rarr; <strong>1069</strong><br />(+35 for winning)\n|raw|greeneiscue1's rating: 1039 &rarr; <strong>1023</strong><br />(-16 for losing)\n|l|\u2606greeneiscue1\n|player|p2|\n",
  "uploadtime": 1776466463,
  "views": 23,
  "formatid": "gen9championsvgc2026regma",
  "rating": 1023,
  "private": 0,
  "password": null
}