{
  "id": "gen9championsvgc2026regma-2587448633",
  "format": "[Gen 9 Champions] VGC 2026 Reg M-A",
  "players": [
    "biggestblastoise",
    "bl4ze4444"
  ],
  "log": "|j|\u2606biggestblastoise\n|j|\u2606bl4ze4444\n|t:|1776532697\n|gametype|doubles\n|player|p1|biggestblastoise|1|\n|player|p2|bl4ze4444|steven|\n|gen|9\n|tier|[Gen 9 Champions] VGC 2026 Reg M-A\n|rated|Tournament battle\n|rule|Species Clause: Limit one of each Pok\u00e9mon\n|rule|Item Clause: Limit 1 of each item\n|raw|<div class=\"infobox\"><details class=\"readmore\" open><summary><strong>1 custom rule:</strong></summary> Force Open Team Sheets</details></div>\n|clearpoke\n|poke|p1|Blastoise, L50, F|\n|poke|p1|Sneasler, L50, F|\n|poke|p1|Sinistcha, L50|\n|poke|p1|Garchomp, L50, M|\n|poke|p1|Whimsicott, L50, M|\n|poke|p1|Delphox, L50, F|\n|poke|p2|Floette-Eternal, L50, F|\n|poke|p2|Sneasler, L50, F|\n|poke|p2|Rotom-Wash, L50|\n|poke|p2|Aerodactyl, L50, M|\n|poke|p2|Garchomp, L50, M|\n|poke|p2|Whimsicott, L50, F|\n|teampreview|4\n|showteam|p1|Blastoise||Blastoisinite|RainDish|Protect,WaterSpout,IceBeam,ShellSmash|||F|||50|]Sneasler||FocusSash|Unburden|CloseCombat,FakeOut,DireClaw,Protect|||F|||50|]Sinistcha||Leftovers|Hospitality|RagePowder,MatchaGotcha,Protect,TrickRoom||||||50|]Garchomp||SoftSand|RoughSkin|Protect,StompingTantrum,Earthquake,RockSlide|||M|||50|]Whimsicott||SitrusBerry|Prankster|FakeTears,Encore,Tailwind,Moonblast|||M|||50|]Delphox||Delphoxite|Blaze|Protect,NastyPlot,HeatWave,Psychic|||F|||50|\n|showteam|p2|Floette-Eternal||Floettite|FlowerVeil|Moonblast,CalmMind,Protect,DazzlingGleam|||F|||50|]Sneasler||WhiteHerb|Unburden|CloseCombat,DireClaw,RockTomb,FakeOut|||F|||50|]Rotom-Wash||SitrusBerry|Levitate|HydroPump,HelpingHand,Thunderbolt,VoltSwitch||||||50|]Aerodactyl||LumBerry|Unnerve|RockSlide,Taunt,Tailwind,WideGuard|||M|||50|]Garchomp||QuickClaw|RoughSkin|Earthquake,DragonClaw,Protect,RockSlide|||M|||50|]Whimsicott||FocusSash|Prankster|Moonblast,Tailwind,Endeavor,Encore|||F|||50|\n|j| Raynobi\n|l| Raynobi\n|j|%Yuichi\n|\n|t:|1776532784\n|teamsize|p1|4\n|teamsize|p2|4\n|start\n|switch|p1a: Sneasler|Sneasler, L50, F|100/100\n|switch|p1b: Delphox|Delphox, L50, F|100/100\n|switch|p2a: Sneasler|Sneasler, L50, F|100/100\n|switch|p2b: Rotom|Rotom-Wash, L50|100/100\n|turn|1\n|\n|t:|1776532809\n|detailschange|p1b: Delphox|Delphox-Mega, L50, F\n|-mega|p1b: Delphox|Delphox|Delphoxite\n|move|p1a: Sneasler|Fake Out|p2b: Rotom\n|-damage|p2b: Rotom|86/100\n|move|p2a: Sneasler|Fake Out|p1a: Sneasler\n|-damage|p1a: Sneasler|76/100\n|move|p1b: Delphox|Psychic|p2a: Sneasler\n|-supereffective|p2a: Sneasler|2\n|-damage|p2a: Sneasler|0 fnt\n|faint|p2a: Sneasler\n|cant|p2b: Rotom|flinch\n|\n|upkeep\n|\n|t:|1776532821\n|switch|p2a: Garchomp|Garchomp, L50, M|100/100\n|turn|2\n|-activate|p2a: Garchomp|item: Quick Claw\n|\n|t:|1776532841\n|move|p2b: Rotom|Helping Hand|p2a: Garchomp\n|-singleturn|p2a: Garchomp|Helping Hand|[of] p2b: Rotom\n|move|p2a: Garchomp|Rock Slide|p1b: Delphox|[spread] p1a,p1b\n|-resisted|p1a: Sneasler|1\n|-supereffective|p1b: Delphox|1\n|-damage|p1a: Sneasler|52/100\n|-damage|p1b: Delphox|7/100\n|move|p1b: Delphox|Psychic|p2b: Rotom\n|-damage|p2b: Rotom|25/100\n|-enditem|p2b: Rotom|Sitrus Berry|[eat]\n|-heal|p2b: Rotom|50/100|[from] item: Sitrus Berry\n|move|p1a: Sneasler|Close Combat|p2b: Rotom\n|-damage|p2b: Rotom|0 fnt\n|-unboost|p1a: Sneasler|def|1\n|-unboost|p1a: Sneasler|spd|1\n|faint|p2b: Rotom\n|\n|upkeep\n|\n|t:|1776532857\n|switch|p2b: Floette|Floette-Eternal, L50, F|100/100\n|turn|3\n|l|%Yuichi\n|\n|t:|1776532870\n|switch|p1a: Sinistcha|Sinistcha, L50|100/100\n|-heal|p1b: Delphox|32/100|[from] ability: Hospitality|[of] p1a: Sinistcha\n|move|p1b: Delphox|Protect|p1b: Delphox\n|-singleturn|p1b: Delphox|Protect\n|move|p2b: Floette|Protect|p2b: Floette\n|-singleturn|p2b: Floette|Protect\n|move|p2a: Garchomp|Earthquake|p1a: Sinistcha|[spread] p1a\n|-activate|p2b: Floette|move: Protect\n|-activate|p1b: Delphox|move: Protect\n|-resisted|p1a: Sinistcha|1\n|-damage|p1a: Sinistcha|80/100\n|\n|-heal|p1a: Sinistcha|86/100|[from] item: Leftovers\n|upkeep\n|turn|4\n|\n|t:|1776532894\n|move|p1a: Sinistcha|Rage Powder|p1a: Sinistcha\n|-singleturn|p1a: Sinistcha|move: Rage Powder\n|move|p1b: Delphox|Psychic|p2a: Garchomp\n|-damage|p2a: Garchomp|36/100\n|move|p2a: Garchomp|Rock Slide|p1a: Sinistcha|[spread] p1a,p1b\n|-supereffective|p1b: Delphox|1\n|-damage|p1a: Sinistcha|68/100\n|-damage|p1b: Delphox|0 fnt\n|faint|p1b: Delphox\n|move|p2b: Floette|Dazzling Gleam|p1a: Sinistcha\n|-damage|p1a: Sinistcha|28/100\n|\n|-heal|p1a: Sinistcha|35/100|[from] item: Leftovers\n|upkeep\n|j| gayaoi\n|\n|t:|1776532922\n|switch|p1b: Garchomp|Garchomp, L50, M|100/100\n|turn|5\n|\n|t:|1776532933\n|detailschange|p2b: Floette|Floette-Mega, L50, F\n|-mega|p2b: Floette|Floette|Floettite\n|-ability|p2b: Floette|Fairy Aura\n|move|p2a: Garchomp|Protect|p2a: Garchomp\n|-singleturn|p2a: Garchomp|Protect\n|move|p1b: Garchomp|Stomping Tantrum|p2a: Garchomp\n|-activate|p2a: Garchomp|move: Protect\n|move|p2b: Floette|Dazzling Gleam|p1b: Garchomp|[spread] p1a,p1b\n|-supereffective|p1b: Garchomp|1\n|-damage|p1a: Sinistcha|0 fnt\n|-damage|p1b: Garchomp|0 fnt\n|faint|p1a: Sinistcha\n|faint|p1b: Garchomp\n|\n|upkeep\n|\n|t:|1776532949\n|switch|p1a: Sneasler|Sneasler, L50, F|52/100\n|turn|6\n|-activate|p2a: Garchomp|item: Quick Claw\n|\n|t:|1776532965\n|move|p2a: Garchomp|Earthquake|p1a: Sneasler|[spread] p2b,p1a\n|-supereffective|p1a: Sneasler|1\n|-damage|p2b: Floette|56/100\n|-damage|p1a: Sneasler|0 fnt\n|faint|p1a: Sneasler\n|\n|win|bl4ze4444\n|n|\u2606biggestblastoise|biggestblastoise\n|n|\u2606bl4ze4444|bl4ze4444\n|n| gayaoi|gayaoi\n|c|\u2606bl4ze4444|gg\n|c|\u2606biggestblastoise|gg\n|l|\u2606biggestblastoise\n|player|p1|\n|l| gayaoi\n|j| m3dic\n|l| m3dic\n",
  "uploadtime": 1776534020,
  "views": 14,
  "formatid": "gen9championsvgc2026regma",
  "rating": null,
  "private": 0,
  "password": null
}