{
  "id": "gen9championsvgc2026regma-2584393850",
  "format": "[Gen 9 Champions] VGC 2026 Reg M-A",
  "players": [
    "flaemm",
    "Squidface87"
  ],
  "log": "|j|\u2606flaemm\n|j|\u2606Squidface87\n|t:|1776257601\n|gametype|doubles\n|player|p1|flaemm|alder|1203\n|player|p2|Squidface87|266|1152\n|gen|9\n|tier|[Gen 9 Champions] VGC 2026 Reg M-A\n|rated|\n|rule|Species Clause: Limit one of each Pok\u00e9mon\n|rule|Item Clause: Limit 1 of each item\n|clearpoke\n|poke|p1|Farigiraf, L50, F|\n|poke|p1|Floette-Eternal, L50, F|\n|poke|p1|Incineroar, L50, M|\n|poke|p1|Delphox, L50, M|\n|poke|p1|Kommo-o, L50, M|\n|poke|p1|Sinistcha-Masterpiece, L50|\n|poke|p2|Meganium, L50, M|\n|poke|p2|Aerodactyl, L50, F|\n|poke|p2|Tauros-Paldea-Aqua, L50, M|\n|poke|p2|Typhlosion-Hisui, L50, M|\n|poke|p2|Kangaskhan, L50, F|\n|poke|p2|Aegislash, L50, F|\n|teampreview|4\n|inactive|Battle timer is ON: inactive players will automatically lose when time's up. (requested by Squidface87)\n|c|\u2606flaemm|wolfes team\n|c|\u2606flaemm|sick\nflaemm has agreed to open team sheets.\n|inactive|flaemm has 60 seconds left.\n|inactive|Squidface87 has 60 seconds left.\n|inactive|flaemm has 30 seconds left.\n|c|\u2606Squidface87|Thx\n|\n|t:|1776257669\n|teamsize|p1|4\n|teamsize|p2|4\n|start\n|switch|p1a: Farigiraf|Farigiraf, L50, F|100/100\n|switch|p1b: Incineroar|Incineroar, L50, M|100/100\n|switch|p2a: Aerodactyl|Aerodactyl, L50, F|100/100\n|switch|p2b: Typhlosion|Typhlosion-Hisui, L50, M|100/100\n|-ability|p2a: Aerodactyl|Unnerve\n|-item|p1a: Farigiraf|Mental Herb|[from] ability: Frisk|[of] p2b: Typhlosion\n|-item|p1b: Incineroar|Sitrus Berry|[from] ability: Frisk|[of] p2b: Typhlosion\n|-ability|p1b: Incineroar|Intimidate|boost\n|-unboost|p2a: Aerodactyl|atk|1\n|-unboost|p2b: Typhlosion|atk|1\n|turn|1\n|inactive|flaemm has 30 seconds left.\n|inactive|Squidface87 has 30 seconds left.\n|inactive|flaemm has 20 seconds left.\n|\n|t:|1776257705\n|switch|p1a: Kommo-o|Kommo-o, L50, M|100/100\n|move|p2b: Typhlosion|Eruption|p1a: Kommo-o|[spread] p1a,p1b\n|-resisted|p1a: Kommo-o|1\n|-resisted|p1b: Incineroar|1\n|-damage|p1a: Kommo-o|67/100\n|-damage|p1b: Incineroar|77/100\n|move|p2a: Aerodactyl|Tailwind|p2a: Aerodactyl\n|-sidestart|p2: Squidface87|move: Tailwind\n|move|p1b: Incineroar|Throat Chop|p2b: Typhlosion\n|-supereffective|p2b: Typhlosion|1\n|-damage|p2b: Typhlosion|23/100\n|-start|p2b: Typhlosion|Throat Chop|[silent]\n|\n|upkeep\n|turn|2\n|inactive|Squidface87 has 30 seconds left.\n|\n|t:|1776257730\n|switch|p2b: Tauros|Tauros-Paldea-Aqua, L50, M|100/100\n|-ability|p2b: Tauros|Intimidate|boost\n|-unboost|p1a: Kommo-o|atk|1\n|-unboost|p1b: Incineroar|atk|1\n|move|p2a: Aerodactyl|Dual Wingbeat|p1a: Kommo-o|[miss]\n|-miss|p2a: Aerodactyl|p1a: Kommo-o\n|move|p1a: Kommo-o|Clanging Scales|p2b: Tauros|[spread] p2a,p2b\n|-damage|p2a: Aerodactyl|50/100\n|-damage|p2b: Tauros|44/100\n|-unboost|p1a: Kommo-o|def|1\n|move|p1b: Incineroar|Parting Shot|p2a: Aerodactyl\n|-unboost|p2a: Aerodactyl|atk|1\n|-unboost|p2a: Aerodactyl|spa|1\n|\n|t:|1776257737\n|switch|p1b: Farigiraf|Farigiraf, L50, F|100/100|[from] Parting Shot\n|\n|upkeep\n|turn|3\n|inactive|Squidface87 has 30 seconds left.\n|\n|t:|1776257766\n|move|p2a: Aerodactyl|Protect|p2a: Aerodactyl\n|-singleturn|p2a: Aerodactyl|Protect\n|move|p1a: Kommo-o|Protect|p1a: Kommo-o\n|-singleturn|p1a: Kommo-o|Protect\n|move|p2b: Tauros|Close Combat|p1a: Kommo-o\n|-activate|p1a: Kommo-o|move: Protect\n|move|p1b: Farigiraf|Trick Room|p1b: Farigiraf\n|-fieldstart|move: Trick Room|[of] p1b: Farigiraf\n|\n|upkeep\n|turn|4\n|inactive|flaemm has 30 seconds left.\n|\n|t:|1776257791\n|switch|p2a: Typhlosion|Typhlosion-Hisui, L50, M|23/100\n|-item|p1a: Kommo-o|Roseli Berry|[from] ability: Frisk|[of] p2a: Typhlosion\n|-item|p1b: Farigiraf|Mental Herb|[from] ability: Frisk|[of] p2a: Typhlosion\n|move|p2b: Tauros|Protect|p2b: Tauros\n|-singleturn|p2b: Tauros|Protect\n|move|p1b: Farigiraf|Calm Mind|p1b: Farigiraf\n|-boost|p1b: Farigiraf|spa|1\n|-boost|p1b: Farigiraf|spd|1\n|move|p1a: Kommo-o|Clanging Scales|p2a: Typhlosion|[spread] p2a\n|-activate|p2b: Tauros|move: Protect\n|-damage|p2a: Typhlosion|0 fnt\n|faint|p2a: Typhlosion\n|-unboost|p1a: Kommo-o|def|1\n|\n|-sideend|p2: Squidface87|move: Tailwind\n|upkeep\n|\n|t:|1776257810\n|switch|p2a: Aegislash|Aegislash, L50, F|100/100\n|turn|5\n|inactive|Squidface87 has 30 seconds left.\n|\n|t:|1776257843\n|switch|p1a: Incineroar|Incineroar, L50, M|77/100\n|-ability|p1a: Incineroar|Intimidate|boost\n|-unboost|p2a: Aegislash|atk|1\n|-unboost|p2b: Tauros|atk|1\n|-enditem|p2b: Tauros|White Herb\n|-clearnegativeboost|p2b: Tauros|[silent]\n|move|p2b: Tauros|Aqua Jet||[still]\n|cant|p1b: Farigiraf|ability: Armor Tail|Aqua Jet|[of] p2b: Tauros\n|move|p1b: Farigiraf|Calm Mind|p1b: Farigiraf\n|-boost|p1b: Farigiraf|spa|1\n|-boost|p1b: Farigiraf|spd|1\n|move|p2a: Aegislash|Substitute|p2a: Aegislash\n|-start|p2a: Aegislash|Substitute\n|-damage|p2a: Aegislash|76/100\n|\n|-heal|p2a: Aegislash|82/100|[from] item: Leftovers\n|upkeep\n|turn|6\n|inactive|flaemm has 30 seconds left.\n|inactive|Squidface87 has 30 seconds left.\n|inactive|flaemm has 20 seconds left.\n|\n|t:|1776257883\n|move|p2a: Aegislash|King's Shield|p2a: Aegislash\n|-singleturn|p2a: Aegislash|Protect\n|move|p2b: Tauros|Protect|p2b: Tauros\n|-singleturn|p2b: Tauros|Protect\n|move|p1b: Farigiraf|Calm Mind|p1b: Farigiraf\n|-boost|p1b: Farigiraf|spa|1\n|-boost|p1b: Farigiraf|spd|1\n|move|p1a: Incineroar|Throat Chop|p2a: Aegislash\n|-activate|p2a: Aegislash|move: Protect\n|-unboost|p1a: Incineroar|atk|1\n|\n|-heal|p2a: Aegislash|88/100|[from] item: Leftovers\n|upkeep\n|turn|7\n|inactive|flaemm has 30 seconds left.\n|inactive|Squidface87 has 30 seconds left.\n|inactive|flaemm has 20 seconds left.\n|\n|t:|1776257918\n|move|p1b: Farigiraf|Baton Pass|p1b: Farigiraf\n|\n|t:|1776257920\n|switch|p1b: Delphox|Delphox, L50, M|100/100|[from] Baton Pass\n|move|p1a: Incineroar|Parting Shot|p2b: Tauros\n|-unboost|p2b: Tauros|atk|1\n|-unboost|p2b: Tauros|spa|1\n|\n|t:|1776257927\n|switch|p1a: Farigiraf|Farigiraf, L50, F|100/100|[from] Parting Shot\n|-formechange|p2a: Aegislash|Aegislash-Blade|\n|move|p2a: Aegislash|Flash Cannon|p1b: Delphox\n|-resisted|p1b: Delphox|1\n|-damage|p1b: Delphox|89/100\n|move|p2b: Tauros|Close Combat|p1a: Farigiraf\n|-damage|p1a: Farigiraf|68/100\n|-unboost|p2b: Tauros|def|1\n|-unboost|p2b: Tauros|spd|1\n|\n|-heal|p2a: Aegislash|94/100|[from] item: Leftovers\n|-fieldend|move: Trick Room\n|upkeep\n|turn|8\n|inactive|Squidface87 has 30 seconds left.\n|\n|t:|1776257953\n|switch|p2b: Aerodactyl|Aerodactyl, L50, F|50/100\n|-ability|p2b: Aerodactyl|Unnerve\n|switch|p1a: Incineroar|Incineroar, L50, M|77/100\n|-ability|p1a: Incineroar|Intimidate|boost\n|-immune|p2a: Aegislash\n|-unboost|p2b: Aerodactyl|atk|1\n|move|p1b: Delphox|Protect|p1b: Delphox\n|-singleturn|p1b: Delphox|Protect\n|-formechange|p2a: Aegislash|Aegislash|\n|move|p2a: Aegislash|King's Shield||[still]\n|-fail|p2a: Aegislash\n|\n|-heal|p2a: Aegislash|99/100|[from] item: Leftovers\n|upkeep\n|turn|9\n|inactive|Squidface87 has 30 seconds left.\n|\n|t:|1776257988\n|detailschange|p1b: Delphox|Delphox-Mega, L50, M\n|-mega|p1b: Delphox|Delphox|Delphoxite\n|move|p2b: Aerodactyl|Protect|p2b: Aerodactyl\n|-singleturn|p2b: Aerodactyl|Protect\n|move|p1b: Delphox|Substitute|p1b: Delphox\n|-start|p1b: Delphox|Substitute\n|-damage|p1b: Delphox|64/100\n|move|p1a: Incineroar|Flare Blitz|p2a: Aegislash\n|-supereffective|p2a: Aegislash|1\n|-end|p2a: Aegislash|Substitute\n|-damage|p1a: Incineroar|70/100|[from] Recoil|[of] p2a: Aegislash\n|-formechange|p2a: Aegislash|Aegislash-Blade|\n|move|p2a: Aegislash|Shadow Ball|p1b: Delphox\n|-supereffective|p1b: Delphox|1\n|-end|p1b: Delphox|Substitute\n|\n|-heal|p2a: Aegislash|100/100|[from] item: Leftovers\n|upkeep\n|turn|10\n|inactive|Squidface87 has 30 seconds left.\n|\n|t:|1776258017\n|switch|p1a: Farigiraf|Farigiraf, L50, F|68/100\n|move|p1b: Delphox|Heat Wave|p2a: Aegislash|[spread] p2a,p2b\n|-supereffective|p2a: Aegislash|1\n|-resisted|p2b: Aerodactyl|1\n|-damage|p2a: Aegislash|0 fnt\n|-damage|p2b: Aerodactyl|0 fnt\n|faint|p2a: Aegislash\n|faint|p2b: Aerodactyl\n|\n|upkeep\n|c|\u2606Squidface87|Gg i like the team\n|c|\u2606flaemm|:D\n|-message|Squidface87 forfeited.\n|\n|win|flaemm\n|raw|flaemm's rating: 1203 &rarr; <strong>1224</strong><br />(+21 for winning)\n|raw|Squidface87's rating: 1152 &rarr; <strong>1131</strong><br />(-21 for losing)\n|c|\u2606flaemm|ggwp\n|l|\u2606Squidface87\n|player|p2|\n",
  "uploadtime": 1776258043,
  "views": 23,
  "formatid": "gen9championsvgc2026regma",
  "rating": 1131,
  "private": 0,
  "password": null
}