{
  "id": "gen9championsvgc2026regma-2588844650",
  "format": "[Gen 9 Champions] VGC 2026 Reg M-A",
  "players": [
    "orennnnn",
    "galbiazzoh"
  ],
  "log": "|j|\u2606orennnnn\n|j|\u2606galbiazzoh\n|t:|1776677766\n|gametype|doubles\n|player|p1|orennnnn|ghetsis-gen5bw|1182\n|player|p2|galbiazzoh|li|1179\n|gen|9\n|tier|[Gen 9 Champions] VGC 2026 Reg M-A\n|rated|\n|rule|Species Clause: Limit one of each Pok\u00e9mon\n|rule|Item Clause: Limit 1 of each item\n|clearpoke\n|poke|p1|Milotic, L50, M|\n|poke|p1|Pelipper, L50, M|\n|poke|p1|Crabominable, L50, M, shiny|\n|poke|p1|Archaludon, L50, M|\n|poke|p1|Aegislash, L50, F|\n|poke|p1|Sinistcha, L50|\n|poke|p2|Froslass, L50, F|\n|poke|p2|Incineroar, L50, F|\n|poke|p2|Sneasler, L50, F|\n|poke|p2|Sinistcha, L50|\n|poke|p2|Basculegion, L50, M|\n|poke|p2|Corviknight, L50, M|\n|teampreview|4\ngalbiazzoh has agreed to open team sheets.\n|inactive|Battle timer is ON: inactive players will automatically lose when time's up. (requested by galbiazzoh)\n|inactive|galbiazzoh has 60 seconds left.\n|\n|t:|1776677813\n|teamsize|p1|4\n|teamsize|p2|4\n|start\n|switch|p1a: Milotic|Milotic, L50, M|100/100\n|switch|p1b: Aegislash|Aegislash, L50, F|100/100\n|switch|p2a: Sneasler|Sneasler, L50, F|100/100\n|switch|p2b: Froslass|Froslass, L50, F|100/100\n|turn|1\n|\n|t:|1776677832\n|move|p2b: Froslass|Protect|p2b: Froslass\n|-singleturn|p2b: Froslass|Protect\n|move|p2a: Sneasler|Dire Claw|p1a: Milotic\n|-damage|p1a: Milotic|60/100\n|move|p1a: Milotic|Muddy Water|p2a: Sneasler|[spread] p2a\n|-activate|p2b: Froslass|move: Protect\n|-damage|p2a: Sneasler|62/100\n|-formechange|p1b: Aegislash|Aegislash-Blade|\n|move|p1b: Aegislash|Poltergeist|p2a: Sneasler\n|-activate|p2a: Sneasler|move: Poltergeist|White Herb\n|-damage|p2a: Sneasler|0 fnt\n|faint|p2a: Sneasler\n|\n|upkeep\n|\n|t:|1776677847\n|switch|p2a: Basculegion|Basculegion, L50, M|100/100\n|turn|2\n|\n|t:|1776677854\n|detailschange|p2b: Froslass|Froslass-Mega, L50, F\n|-mega|p2b: Froslass|Froslass|Froslassite\n|-weather|Snowscape|[from] ability: Snow Warning|[of] p2b: Froslass\n|-formechange|p1b: Aegislash|Aegislash|\n|move|p1b: Aegislash|King's Shield|p1b: Aegislash\n|-singleturn|p1b: Aegislash|Protect\n|move|p2a: Basculegion|Last Respects|p1a: Milotic\n|-damage|p1a: Milotic|3/100\n|move|p2b: Froslass|Aurora Veil|p2b: Froslass\n|-sidestart|p2: galbiazzoh|move: Aurora Veil\n|move|p1a: Milotic|Muddy Water|p2a: Basculegion|[spread] p2a,p2b\n|-resisted|p2a: Basculegion|1\n|-damage|p2a: Basculegion|89/100\n|-damage|p2b: Froslass|76/100\n|-unboost|p2a: Basculegion|accuracy|1\n|-unboost|p2b: Froslass|accuracy|1\n|\n|-weather|Snowscape|[upkeep]\n|upkeep\n|turn|3\n|\n|t:|1776677871\n|move|p2a: Basculegion|Last Respects|p1b: Aegislash|[miss]\n|-miss|p2a: Basculegion|p1b: Aegislash\n|move|p2b: Froslass|Blizzard|p1b: Aegislash|[spread] p1a,p1b\n|-resisted|p1a: Milotic|1\n|-resisted|p1b: Aegislash|1\n|-damage|p1a: Milotic|0 fnt\n|-damage|p1b: Aegislash|83/100\n|faint|p1a: Milotic\n|-formechange|p1b: Aegislash|Aegislash-Blade|\n|move|p1b: Aegislash|Poltergeist|p2a: Basculegion|[miss]\n|-miss|p1b: Aegislash|p2a: Basculegion\n|\n|-weather|Snowscape|[upkeep]\n|upkeep\n|\n|t:|1776677880\n|switch|p1a: Pelipper|Pelipper, L50, M|100/100\n|-weather|RainDance|[from] ability: Drizzle|[of] p1a: Pelipper\n|turn|4\n|\n|t:|1776677900\n|switch|p2b: Sinistcha|Sinistcha, L50|100/100\n|-heal|p2a: Basculegion|100/100|[from] ability: Hospitality|[of] p2b: Sinistcha\n|move|p2a: Basculegion|Last Respects|p1a: Pelipper\n|-damage|p1a: Pelipper|20/100\n|move|p1a: Pelipper|Hurricane|p2a: Basculegion\n|-damage|p2a: Basculegion|62/100\n|move|p1b: Aegislash|Poltergeist|p2a: Basculegion\n|-activate|p2a: Basculegion|move: Poltergeist|Choice Scarf\n|-supereffective|p2a: Basculegion|1\n|-damage|p2a: Basculegion|0 fnt\n|faint|p2a: Basculegion\n|\n|-weather|RainDance|[upkeep]\n|upkeep\n|\n|t:|1776677913\n|switch|p2a: Froslass|Froslass-Mega, L50, F|76/100\n|-weather|Snowscape|[from] ability: Snow Warning|[of] p2a: Froslass\n|turn|5\n|\n|t:|1776677930\n|switch|p1a: Crabominable|Crabominable, L50, M, shiny|100/100\n|-formechange|p1b: Aegislash|Aegislash|\n|move|p1b: Aegislash|King's Shield|p1b: Aegislash\n|-singleturn|p1b: Aegislash|Protect\n|move|p2a: Froslass|Shadow Ball|p1b: Aegislash\n|-activate|p1b: Aegislash|move: Protect\n|move|p2b: Sinistcha|Life Dew||[still]|[spread] p2a,p2b\n|-heal|p2a: Froslass|100/100\n|-fail|p2b: Sinistcha|heal\n|\n|-weather|Snowscape|[upkeep]\n|upkeep\n|turn|6\n|inactive|orennnnn has 30 seconds left.\n|\n|t:|1776677961\n|detailschange|p1a: Crabominable|Crabominable-Mega, L50, M, shiny\n|-mega|p1a: Crabominable|Crabominable|Crabominite\n|move|p2a: Froslass|Shadow Ball|p1b: Aegislash\n|-supereffective|p1b: Aegislash|1\n|-damage|p1b: Aegislash|11/100\n|-unboost|p1b: Aegislash|spd|1\n|move|p2b: Sinistcha|Matcha Gotcha|p1a: Crabominable|[spread] p1a,p1b\n|-resisted|p1b: Aegislash|1\n|-damage|p1a: Crabominable|81/100\n|-damage|p1b: Aegislash|0 fnt\n|faint|p1b: Aegislash\n|move|p1a: Crabominable|Ice Hammer|p2b: Sinistcha\n|-supereffective|p2b: Sinistcha|1\n|-damage|p2b: Sinistcha|24/100\n|-unboost|p1a: Crabominable|spe|1\n|\n|-weather|Snowscape|[upkeep]\n|-heal|p2b: Sinistcha|30/100|[from] item: Leftovers\n|-sideend|p2: galbiazzoh|move: Aurora Veil\n|upkeep\n|\n|t:|1776677975\n|switch|p1b: Pelipper|Pelipper, L50, M|20/100\n|-weather|RainDance|[from] ability: Drizzle|[of] p1b: Pelipper\n|turn|7\n|inactive|orennnnn has 30 seconds left.\n|inactive|orennnnn has 20 seconds left.\n|\n|t:|1776678013\n|move|p1b: Pelipper|Wide Guard|p1b: Pelipper\n|-singleturn|p1b: Pelipper|Wide Guard\n|move|p2a: Froslass|Shadow Ball|p1b: Pelipper\n|-damage|p1b: Pelipper|0 fnt\n|faint|p1b: Pelipper\n|move|p2b: Sinistcha|Matcha Gotcha|p1a: Crabominable\n|-activate|p1a: Crabominable|move: Wide Guard\n|move|p1a: Crabominable|Crabhammer|p2a: Froslass\n|-crit|p2a: Froslass\n|-damage|p2a: Froslass|0 fnt\n|faint|p2a: Froslass\n|\n|-weather|RainDance|[upkeep]\n|-heal|p2b: Sinistcha|36/100|[from] item: Leftovers\n|upkeep\n|turn|8\n|-message|galbiazzoh forfeited.\n|\n|win|orennnnn\n|raw|orennnnn's rating: 1182 &rarr; <strong>1207</strong><br />(+25 for winning)\n|raw|galbiazzoh's rating: 1179 &rarr; <strong>1154</strong><br />(-25 for losing)\n",
  "uploadtime": 1776678026,
  "views": 10,
  "formatid": "gen9championsvgc2026regma",
  "rating": 1154,
  "private": 0,
  "password": null
}