{
  "id": "gen9championsvgc2026regma-2582880884",
  "format": "[Gen 9 Champions] VGC 2026 Reg M-A",
  "players": [
    "bus",
    "s11verflame"
  ],
  "log": "|j|\u2606bus\n|j|\u2606s11verflame\n|t:|1776121610\n|gametype|doubles\n|player|p1|bus|sabrina|1042\n|player|p2|s11verflame|n|1108\n|gen|9\n|tier|[Gen 9 Champions] VGC 2026 Reg M-A\n|rated|\n|rule|Species Clause: Limit one of each Pok\u00e9mon\n|rule|Item Clause: Limit 1 of each item\n|clearpoke\n|poke|p1|Incineroar, L50, F|\n|poke|p1|Meowstic, L50, M|\n|poke|p1|Gardevoir, L50, F|\n|poke|p1|Maushold, L50|\n|poke|p1|Aegislash, L50, F|\n|poke|p1|Altaria, L50, F|\n|poke|p2|Meganium, L50, F|\n|poke|p2|Pelipper, L50, F|\n|poke|p2|Archaludon, L50, F|\n|poke|p2|Basculegion, L50, M|\n|poke|p2|Incineroar, L50, F|\n|poke|p2|Sneasler, L50, M|\n|teampreview|4\n|\n|t:|1776121636\n|teamsize|p1|4\n|teamsize|p2|4\n|start\n|switch|p1a: Incineroar|Incineroar, L50, F|100/100\n|switch|p1b: Meowstic|Meowstic, L50, M|100/100\n|switch|p2a: Incineroar|Incineroar, L50, F|100/100\n|switch|p2b: Meganium|Meganium, L50, F|100/100\n|-ability|p2a: Incineroar|Intimidate|boost\n|-unboost|p1a: Incineroar|atk|1\n|-unboost|p1b: Meowstic|atk|1\n|-ability|p1a: Incineroar|Intimidate|boost\n|-unboost|p2a: Incineroar|atk|1\n|-unboost|p2b: Meganium|atk|1\n|turn|1\n|\n|t:|1776121681\n|switch|p1a: Gardevoir|Gardevoir, L50, F|100/100\n|move|p2b: Meganium|Protect|p2b: Meganium\n|-singleturn|p2b: Meganium|Protect\n|move|p2a: Incineroar|Fake Out|p1a: Gardevoir\n|-damage|p1a: Gardevoir|90/100\n|move|p1b: Meowstic|Psychic Terrain|p1b: Meowstic\n|-fieldstart|move: Psychic Terrain\n|\n|upkeep\n|turn|2\n|\n|t:|1776121704\n|detailschange|p2b: Meganium|Meganium-Mega, L50, F\n|-mega|p2b: Meganium|Meganium|Meganiumite\n|detailschange|p1a: Gardevoir|Gardevoir-Mega, L50, F\n|-mega|p1a: Gardevoir|Gardevoir|Gardevoirite\n|move|p1b: Meowstic|Light Screen|p1b: Meowstic\n|-sidestart|p1: bus|move: Light Screen\n|move|p1a: Gardevoir|Hyper Voice|p2b: Meganium|[spread] p2a,p2b\n|-damage|p2a: Incineroar|56/100\n|-damage|p2b: Meganium|52/100\n|move|p2b: Meganium|Solar Beam||[still]\n|-prepare|p2b: Meganium|Solar Beam\n|-activate|p2b: Meganium|ability: Mega Sol\n|-anim|p2b: Meganium|Solar Beam|p1a: Gardevoir\n|-damage|p1a: Gardevoir|51/100\n|move|p2a: Incineroar|Throat Chop|p1a: Gardevoir\n|-damage|p1a: Gardevoir|23/100\n|-start|p1a: Gardevoir|Throat Chop|[silent]\n|\n|upkeep\n|turn|3\n|\n|t:|1776121727\n|move|p1b: Meowstic|Reflect|p1b: Meowstic\n|-sidestart|p1: bus|Reflect\n|move|p1a: Gardevoir|Expanding Force|p2b: Meganium|[spread] p2b\n|-immune|p2a: Incineroar\n|-damage|p2b: Meganium|0 fnt\n|faint|p2b: Meganium\n|move|p2a: Incineroar|Throat Chop|p1b: Meowstic\n|-supereffective|p1b: Meowstic|1\n|-damage|p1b: Meowstic|67/100\n|-start|p1b: Meowstic|Throat Chop|[silent]\n|\n|-end|p1a: Gardevoir|Throat Chop|[silent]\n|upkeep\n|\n|t:|1776121736\n|switch|p2b: Basculegion|Basculegion, L50, M|100/100\n|turn|4\n|\n|t:|1776121759\n|switch|p1b: Incineroar|Incineroar, L50, F|100/100\n|-ability|p1b: Incineroar|Intimidate|boost\n|-unboost|p2a: Incineroar|atk|1\n|-unboost|p2b: Basculegion|atk|1\n|move|p1a: Gardevoir|Protect|p1a: Gardevoir\n|-singleturn|p1a: Gardevoir|Protect\n|move|p2b: Basculegion|Flip Turn|p1a: Gardevoir\n|-activate|p1a: Gardevoir|move: Protect\n|move|p2a: Incineroar|Throat Chop|p1a: Gardevoir\n|-activate|p1a: Gardevoir|move: Protect\n|\n|upkeep\n|turn|5\n|\n|t:|1776121796\n|switch|p1b: Maushold|Maushold, L50|100/100\n|move|p2b: Basculegion|Aqua Jet|p1a: Gardevoir\n|-activate|p1a: Gardevoir|move: Psychic Terrain\n|move|p1a: Gardevoir|Expanding Force|p2b: Basculegion|[spread] p2b\n|-immune|p2a: Incineroar\n|-damage|p2b: Basculegion|7/100\n|move|p2a: Incineroar|Throat Chop|p1a: Gardevoir\n|-damage|p1a: Gardevoir|12/100\n|-start|p1a: Gardevoir|Throat Chop|[silent]\n|\n|-fieldend|move: Psychic Terrain\n|upkeep\n|turn|6\n|\n|t:|1776121820\n|switch|p2a: Sneasler|Sneasler, L50, M|100/100\n|move|p1b: Maushold|Follow Me|p1b: Maushold\n|-singleturn|p1b: Maushold|move: Follow Me\n|move|p2b: Basculegion|Flip Turn|p1b: Maushold\n|-damage|p1b: Maushold|78/100\n|\n|t:|1776121826\n|switch|p2b: Incineroar|Incineroar, L50, F|56/100|[from] Flip Turn\n|-ability|p2b: Incineroar|Intimidate|boost\n|-unboost|p1a: Gardevoir|atk|1\n|-unboost|p1b: Maushold|atk|1\n|move|p1a: Gardevoir|Trick Room|p1a: Gardevoir\n|-fieldstart|move: Trick Room|[of] p1a: Gardevoir\n|\n|-end|p1a: Gardevoir|Throat Chop|[silent]\n|-sideend|p1: bus|move: Light Screen\n|upkeep\n|turn|7\n|inactive|Battle timer is ON: inactive players will automatically lose when time's up. (requested by bus)\n|\n|t:|1776121886\n|switch|p1b: Meowstic|Meowstic, L50, M|67/100\n|move|p1a: Gardevoir|Protect|p1a: Gardevoir\n|-singleturn|p1a: Gardevoir|Protect\n|move|p2b: Incineroar|Fake Out|p1a: Gardevoir\n|-activate|p1a: Gardevoir|move: Protect\n|move|p2a: Sneasler|Close Combat|p1b: Meowstic\n|-resisted|p1b: Meowstic|1\n|-damage|p1b: Meowstic|41/100\n|-unboost|p2a: Sneasler|def|1\n|-unboost|p2a: Sneasler|spd|1\n|-enditem|p2a: Sneasler|White Herb\n|-clearnegativeboost|p2a: Sneasler|[silent]\n|\n|-sideend|p1: bus|Reflect\n|upkeep\n|turn|8\n|\n|t:|1776121907\n|switch|p1a: Incineroar|Incineroar, L50, F|100/100\n|-ability|p1a: Incineroar|Intimidate|boost\n|-unboost|p2a: Sneasler|atk|1\n|-unboost|p2b: Incineroar|atk|1\n|move|p2a: Sneasler|Protect|p2a: Sneasler\n|-singleturn|p2a: Sneasler|Protect\n|move|p1b: Meowstic|Reflect|p1b: Meowstic\n|-sidestart|p1: bus|Reflect\n|move|p2b: Incineroar|Throat Chop|p1a: Incineroar\n|-resisted|p1a: Incineroar|1\n|-damage|p1a: Incineroar|95/100\n|-start|p1a: Incineroar|Throat Chop|[silent]\n|\n|upkeep\n|turn|9\n|inactive|bus has 30 seconds left.\n|inactive|s11verflame has 30 seconds left.\n|\n|t:|1776121942\n|switch|p2a: Basculegion|Basculegion, L50, M|7/100\n|move|p1a: Incineroar|Fake Out|p2a: Basculegion\n|-immune|p2a: Basculegion\n|move|p1b: Meowstic|Thunder Wave|p2a: Basculegion|[miss]\n|-miss|p1b: Meowstic|p2a: Basculegion\n|move|p2b: Incineroar|Parting Shot|p1b: Meowstic\n|-unboost|p1b: Meowstic|atk|1\n|-unboost|p1b: Meowstic|spa|1\n|\n|t:|1776121951\n|switch|p2b: Sneasler|Sneasler, L50, M|100/100|[from] Parting Shot\n|\n|-end|p1a: Incineroar|Throat Chop|[silent]\n|upkeep\n|turn|10\n|\n|t:|1776121970\n|switch|p1a: Maushold|Maushold, L50|78/100\n|move|p2b: Sneasler|Protect|p2b: Sneasler\n|-singleturn|p2b: Sneasler|Protect\n|move|p2a: Basculegion|Aqua Jet|p1b: Meowstic\n|-damage|p1b: Meowstic|25/100\n|move|p1b: Meowstic|Psychic Terrain|p1b: Meowstic\n|-fieldstart|move: Psychic Terrain\n|\n|-fieldend|move: Trick Room\n|upkeep\n|turn|11\n|inactive|s11verflame has 30 seconds left.\n|\n|t:|1776121999\n|move|p1a: Maushold|Protect|p1a: Maushold\n|-singleturn|p1a: Maushold|Protect\n|move|p1b: Meowstic|Light Screen|p1b: Meowstic\n|-sidestart|p1: bus|move: Light Screen\n|move|p2b: Sneasler|Dire Claw|p1a: Maushold\n|-activate|p1a: Maushold|move: Protect\n|move|p2a: Basculegion|Flip Turn|p1b: Meowstic\n|-damage|p1b: Meowstic|2/100\n|\n|t:|1776122009\n|switch|p2a: Incineroar|Incineroar, L50, F|56/100|[from] Flip Turn\n|-ability|p2a: Incineroar|Intimidate|boost\n|-unboost|p1a: Maushold|atk|1\n|-unboost|p1b: Meowstic|atk|1\n|\n|upkeep\n|turn|12\n|inactive|bus has 30 seconds left.\n|\n|t:|1776122046\n|switch|p1b: Incineroar|Incineroar, L50, F|95/100\n|-ability|p1b: Incineroar|Intimidate|boost\n|-unboost|p2a: Incineroar|atk|1\n|-unboost|p2b: Sneasler|atk|1\n|switch|p2a: Basculegion|Basculegion, L50, M|7/100\n|move|p2b: Sneasler|Dire Claw|p1b: Incineroar\n|-damage|p1b: Incineroar|85/100\n|move|p1a: Maushold|Super Fang|p2a: Basculegion\n|-immune|p2a: Basculegion\n|\n|-sideend|p1: bus|Reflect\n|upkeep\n|turn|13\n|inactive|s11verflame has 30 seconds left.\n|\n|t:|1776122071\n|move|p2b: Sneasler|Dire Claw|p1b: Incineroar\n|-damage|p1b: Incineroar|71/100\n|-status|p1b: Incineroar|psn\n|move|p1a: Maushold|Super Fang|p2b: Sneasler\n|-damage|p2b: Sneasler|51/100\n|move|p2a: Basculegion|Flip Turn|p1b: Incineroar\n|-supereffective|p1b: Incineroar|1\n|-damage|p1b: Incineroar|31/100 psn\n|\n|t:|1776122081\n|switch|p2a: Incineroar|Incineroar, L50, F|56/100|[from] Flip Turn\n|-ability|p2a: Incineroar|Intimidate|boost\n|-unboost|p1a: Maushold|atk|1\n|-unboost|p1b: Incineroar|atk|1\n|move|p1b: Incineroar|Parting Shot|p2a: Incineroar\n|-unboost|p2a: Incineroar|atk|1\n|-unboost|p2a: Incineroar|spa|1\n|\n|t:|1776122090\n|switch|p1b: Gardevoir|Gardevoir-Mega, L50, F|12/100|[from] Parting Shot\n|\n|upkeep\n|turn|14\n|inactive|s11verflame has 30 seconds left.\n|\n|t:|1776122118\n|move|p2b: Sneasler|Protect|p2b: Sneasler\n|-singleturn|p2b: Sneasler|Protect\n|move|p1a: Maushold|Follow Me|p1a: Maushold\n|-singleturn|p1a: Maushold|move: Follow Me\n|move|p2a: Incineroar|Parting Shot|p1a: Maushold\n|-unboost|p1a: Maushold|atk|1\n|-unboost|p1a: Maushold|spa|1\n|\n|t:|1776122125\n|switch|p2a: Basculegion|Basculegion, L50, M|7/100|[from] Parting Shot\n|move|p1b: Gardevoir|Trick Room|p1b: Gardevoir\n|-fieldstart|move: Trick Room|[of] p1b: Gardevoir\n|\n|-fieldend|move: Psychic Terrain\n|upkeep\n|turn|15\n|\n|t:|1776122142\n|switch|p2b: Incineroar|Incineroar, L50, F|56/100\n|-ability|p2b: Incineroar|Intimidate|boost\n|-unboost|p1a: Maushold|atk|1\n|-unboost|p1b: Gardevoir|atk|1\n|move|p1a: Maushold|Follow Me|p1a: Maushold\n|-singleturn|p1a: Maushold|move: Follow Me\n|move|p2a: Basculegion|Aqua Jet|p1a: Maushold\n|-damage|p1a: Maushold|44/100\n|-enditem|p1a: Maushold|Sitrus Berry|[eat]\n|-heal|p1a: Maushold|68/100|[from] item: Sitrus Berry\n|move|p1b: Gardevoir|Hyper Voice|p2a: Basculegion|[spread] p2a,p2b\n|-crit|p2a: Basculegion\n|-damage|p2a: Basculegion|0 fnt\n|-damage|p2b: Incineroar|13/100\n|-enditem|p2b: Incineroar|Sitrus Berry|[eat]\n|-heal|p2b: Incineroar|38/100|[from] item: Sitrus Berry\n|faint|p2a: Basculegion\n|\n|-sideend|p1: bus|move: Light Screen\n|upkeep\n|\n|t:|1776122161\n|switch|p2a: Sneasler|Sneasler, L50, M|51/100\n|turn|16\n|\n|t:|1776122169\n|switch|p1a: Meowstic|Meowstic, L50, M|2/100\n|move|p1b: Gardevoir|Protect|p1b: Gardevoir\n|-singleturn|p1b: Gardevoir|Protect\n|move|p2b: Incineroar|Throat Chop|p1b: Gardevoir\n|-activate|p1b: Gardevoir|move: Protect\n|move|p2a: Sneasler|Close Combat|p1a: Meowstic\n|-resisted|p1a: Meowstic|1\n|-damage|p1a: Meowstic|0 fnt\n|-unboost|p2a: Sneasler|def|1\n|-unboost|p2a: Sneasler|spd|1\n|faint|p1a: Meowstic\n|\n|upkeep\n|\n|t:|1776122187\n|switch|p1a: Maushold|Maushold, L50|68/100\n|turn|17\n|\n|t:|1776122210\n|move|p2a: Sneasler|Protect|p2a: Sneasler\n|-singleturn|p2a: Sneasler|Protect\n|move|p1a: Maushold|Follow Me|p1a: Maushold\n|-singleturn|p1a: Maushold|move: Follow Me\n|move|p2b: Incineroar|Flare Blitz|p1a: Maushold\n|-damage|p1a: Maushold|12/100\n|-damage|p2b: Incineroar|21/100|[from] Recoil\n|move|p1b: Gardevoir|Hyper Voice|p2a: Sneasler|[spread] p2b\n|-activate|p2a: Sneasler|move: Protect\n|-damage|p2b: Incineroar|0 fnt\n|faint|p2b: Incineroar\n|\n|upkeep\n|turn|18\n|\n|t:|1776122227\n|move|p2a: Sneasler|Protect||[still]\n|-fail|p2a: Sneasler\n|move|p1a: Maushold|Follow Me|p1a: Maushold\n|-singleturn|p1a: Maushold|move: Follow Me\n|move|p1b: Gardevoir|Expanding Force|p2a: Sneasler\n|-supereffective|p2a: Sneasler|2\n|-damage|p2a: Sneasler|0 fnt\n|faint|p2a: Sneasler\n|\n|win|bus\n|raw|bus's rating: 1042 &rarr; <strong>1082</strong><br />(+40 for winning)\n|raw|s11verflame's rating: 1108 &rarr; <strong>1078</strong><br />(-30 for losing)\n|l|\u2606s11verflame\n|player|p2|\n|c|\u2606bus|gg (:\n",
  "uploadtime": 1776122250,
  "views": 32,
  "formatid": "gen9championsvgc2026regma",
  "rating": 1078,
  "private": 0,
  "password": null
}