{
  "id": "gen9championsvgc2026regma-2581521246",
  "format": "[Gen 9 Champions] VGC 2026 Reg M-A",
  "players": [
    "luvass",
    "Tnbtony"
  ],
  "log": "|j|\u2606luvass\n|j|\u2606Tnbtony\n|t:|1776007861\n|gametype|doubles\n|player|p1|luvass|102|1000\n|player|p2|Tnbtony|benga|1080\n|gen|9\n|tier|[Gen 9 Champions] VGC 2026 Reg M-A\n|rated|\n|rule|Species Clause: Limit one of each Pok\u00e9mon\n|rule|Item Clause: Limit 1 of each item\n|clearpoke\n|poke|p1|Basculegion, L50, M|\n|poke|p1|Pelipper, L50, F|\n|poke|p1|Dragonite, L50, F|\n|poke|p1|Archaludon, L50, M|\n|poke|p1|Sinistcha, L50|\n|poke|p1|Sableye, L50, F|\n|poke|p2|Incineroar, L50, M|\n|poke|p2|Meganium, L50, M|\n|poke|p2|Ceruledge, L50, F|\n|poke|p2|Archaludon, L50, M|\n|poke|p2|Meowstic, L50, M|\n|poke|p2|Pelipper, L50, M|\n|teampreview|4\n|c|\u2606Tnbtony|Glhf\nTnbtony has agreed to open team sheets.\n|\n|t:|1776007895\n|teamsize|p1|4\n|teamsize|p2|4\n|start\n|switch|p1a: Sableye|Sableye, L50, F, shiny|100/100\n|switch|p1b: Archaludon|Archaludon, L50, M, shiny|100/100\n|switch|p2a: Incineroar|Incineroar, L50, M, shiny|100/100\n|switch|p2b: Meganium|Meganium, L50, M, shiny|100/100\n|-ability|p2a: Incineroar|Intimidate|boost\n|-unboost|p1a: Sableye|atk|1\n|-unboost|p1b: Archaludon|atk|1\n|turn|1\n|\n|t:|1776007910\n|detailschange|p2b: Meganium|Meganium-Mega, L50, M, shiny\n|-mega|p2b: Meganium|Meganium|Meganiumite\n|move|p1a: Sableye|Protect|p1a: Sableye\n|-singleturn|p1a: Sableye|Protect\n|move|p1b: Archaludon|Protect|p1b: Archaludon\n|-singleturn|p1b: Archaludon|Protect\n|move|p2a: Incineroar|Fake Out|p1b: Archaludon\n|-activate|p1b: Archaludon|move: Protect\n|move|p2b: Meganium|Dazzling Gleam|p1b: Archaludon|[spread] \n|-activate|p1a: Sableye|move: Protect\n|-activate|p1b: Archaludon|move: Protect\n|\n|upkeep\n|turn|2\n|-activate|p2a: Incineroar|item: Quick Claw\n|\n|t:|1776007944\n|move|p1a: Sableye|Disable|p2b: Meganium\n|-start|p2b: Meganium|Disable|Dazzling Gleam\n|move|p2a: Incineroar|Drain Punch|p1b: Archaludon\n|-supereffective|p1b: Archaludon|1\n|-damage|p1b: Archaludon|70/100\n|-ability|p1b: Archaludon|Stamina|boost\n|-boost|p1b: Archaludon|def|1\n|cant|p2b: Meganium|Disable|Dazzling Gleam\n|move|p1b: Archaludon|Flash Cannon|p2b: Meganium\n|-supereffective|p2b: Meganium|1\n|-damage|p2b: Meganium|16/100\n|\n|-heal|p1b: Archaludon|76/100|[from] item: Leftovers\n|upkeep\n|turn|3\n|\n|t:|1776007984\n|switch|p2b: Archaludon|Archaludon, L50, M, shiny|100/100\n|move|p1a: Sableye|Rain Dance|p1a: Sableye\n|-weather|RainDance\n|move|p2a: Incineroar|Flame Charge|p1b: Archaludon\n|-damage|p1b: Archaludon|72/100\n|-boost|p2a: Incineroar|spe|1\n|-ability|p1b: Archaludon|Stamina|boost\n|-boost|p1b: Archaludon|def|1\n|move|p1b: Archaludon|Electro Shot||[still]\n|-prepare|p1b: Archaludon|Electro Shot\n|-boost|p1b: Archaludon|spa|1\n|-anim|p1b: Archaludon|Electro Shot|p2a: Incineroar\n|-damage|p2a: Incineroar|35/100\n|\n|-weather|RainDance|[upkeep]\n|-heal|p1b: Archaludon|78/100|[from] item: Leftovers\n|upkeep\n|turn|4\n|\n|t:|1776008018\n|move|p1a: Sableye|Protect|p1a: Sableye\n|-singleturn|p1a: Sableye|Protect\n|move|p1b: Archaludon|Protect|p1b: Archaludon\n|-singleturn|p1b: Archaludon|Protect\n|move|p2a: Incineroar|Flame Charge|p1a: Sableye\n|-activate|p1a: Sableye|move: Protect\n|move|p2b: Archaludon|Electro Shot||[still]\n|-prepare|p2b: Archaludon|Electro Shot\n|-boost|p2b: Archaludon|spa|1\n|-anim|p2b: Archaludon|Electro Shot|p1b: Archaludon\n|-activate|p1b: Archaludon|move: Protect\n|\n|-weather|RainDance|[upkeep]\n|-heal|p1b: Archaludon|84/100|[from] item: Leftovers\n|upkeep\n|turn|5\n|\n|t:|1776008037\n|move|p1a: Sableye|Disable|p2b: Archaludon\n|-start|p2b: Archaludon|Disable|Electro Shot\n|move|p2a: Incineroar|Flame Charge|p1a: Sableye\n|-damage|p1a: Sableye|88/100\n|-boost|p2a: Incineroar|spe|1\n|move|p1b: Archaludon|Electro Shot||[still]\n|-prepare|p1b: Archaludon|Electro Shot\n|-boost|p1b: Archaludon|spa|1\n|-anim|p1b: Archaludon|Electro Shot|p2a: Incineroar\n|-damage|p2a: Incineroar|0 fnt\n|faint|p2a: Incineroar\n|move|p2b: Archaludon|Dragon Pulse|p1b: Archaludon\n|-damage|p1b: Archaludon|28/100\n|-ability|p1b: Archaludon|Stamina|boost\n|-boost|p1b: Archaludon|def|1\n|\n|-weather|RainDance|[upkeep]\n|-heal|p1b: Archaludon|34/100|[from] item: Leftovers\n|upkeep\n|\n|t:|1776008040\n|switch|p2a: Meganium|Meganium-Mega, L50, M, shiny|16/100\n|turn|6\n|inactive|Battle timer is ON: inactive players will automatically lose when time's up. (requested by Tnbtony)\n|\n|t:|1776008087\n|move|p1a: Sableye|Disable||[still]\n|-fail|p1a: Sableye\n|move|p2a: Meganium|Giga Drain|p1a: Sableye\n|-damage|p1a: Sableye|33/100\n|-heal|p2a: Meganium|44/100|[from] drain|[of] p1a: Sableye\n|move|p1b: Archaludon|Draco Meteor|p2b: Archaludon\n|-damage|p2b: Archaludon|0 fnt\n|-unboost|p1b: Archaludon|spa|2\n|faint|p2b: Archaludon\n|\n|-weather|RainDance|[upkeep]\n|-heal|p1b: Archaludon|39/100|[from] item: Leftovers\n|upkeep\n|\n|t:|1776008094\n|switch|p2b: Ceruledge|Ceruledge, L50, F, shiny|100/100\n|turn|7\n|\n|t:|1776008108\n|move|p2b: Ceruledge|Shadow Sneak|p1a: Sableye\n|-damage|p1a: Sableye|4/100\n|move|p1a: Sableye|Encore|p2a: Meganium\n|-start|p2a: Meganium|Encore\n|move|p2a: Meganium|Giga Drain|p1a: Sableye\n|-damage|p1a: Sableye|0 fnt\n|-heal|p2a: Meganium|46/100|[from] drain|[of] p1a: Sableye\n|faint|p1a: Sableye\n|move|p1b: Archaludon|Flash Cannon|p2a: Meganium\n|-supereffective|p2a: Meganium|1\n|-crit|p2a: Meganium\n|-damage|p2a: Meganium|0 fnt\n|faint|p2a: Meganium\n|\n|-weather|none\n|-heal|p1b: Archaludon|45/100|[from] item: Leftovers\n|upkeep\n|\n|t:|1776008121\n|switch|p1a: Pelipper|Pelipper, L50, F|100/100\n|-weather|RainDance|[from] ability: Drizzle|[of] p1a: Pelipper\n|turn|8\n|\n|t:|1776008129\n|move|p2b: Ceruledge|Shadow Sneak|p1a: Pelipper\n|-damage|p1a: Pelipper|75/100\n|move|p1b: Archaludon|Electro Shot||[still]\n|-prepare|p1b: Archaludon|Electro Shot\n|-boost|p1b: Archaludon|spa|1\n|-anim|p1b: Archaludon|Electro Shot|p2b: Ceruledge\n|-damage|p2b: Ceruledge|22/100\n|move|p1a: Pelipper|Weather Ball|p2b: Ceruledge\n|-supereffective|p2b: Ceruledge|1\n|-damage|p2b: Ceruledge|0 fnt\n|faint|p2b: Ceruledge\n|\n|win|luvass\n|raw|luvass's rating: 1000 &rarr; <strong>1049</strong><br />(+49 for winning)\n|raw|Tnbtony's rating: 1080 &rarr; <strong>1053</strong><br />(-27 for losing)\n|l|\u2606Tnbtony\n|player|p2|\n|c|\u2606luvass|gg\n",
  "uploadtime": 1776008277,
  "views": 18,
  "formatid": "gen9championsvgc2026regma",
  "rating": 1049,
  "private": 0,
  "password": null
}