{
  "id": "gen9championsvgc2026regma-2589565501",
  "format": "[Gen 9 Champions] VGC 2026 Reg M-A",
  "players": [
    "FabinKKKKK",
    "blazegeo"
  ],
  "log": "|j|\u2606FabinKKKKK\n|j|\u2606blazegeo\n|t:|1776734671\n|gametype|doubles\n|player|p1|FabinKKKKK|steven|1020\n|player|p2|blazegeo|266|1050\n|gen|9\n|tier|[Gen 9 Champions] VGC 2026 Reg M-A\n|rated|\n|rule|Species Clause: Limit one of each Pok\u00e9mon\n|rule|Item Clause: Limit 1 of each item\n|clearpoke\n|poke|p1|Starmie, L50|\n|poke|p1|Tyranitar, L50, F|\n|poke|p1|Quaquaval, L50, F|\n|poke|p1|Incineroar, L50, F, shiny|\n|poke|p1|Farigiraf, L50, F|\n|poke|p1|Volcarona, L50, F|\n|poke|p2|Greninja, L50, F|\n|poke|p2|Zoroark-Hisui, L50, M|\n|poke|p2|Talonflame, L50, F|\n|poke|p2|Farigiraf, L50, F|\n|poke|p2|Tyranitar, L50, M|\n|poke|p2|Aegislash, L50, M|\n|teampreview|4\n|inactive|Battle timer is ON: inactive players will automatically lose when time's up. (requested by blazegeo)\n|\n|t:|1776734701\n|teamsize|p1|4\n|teamsize|p2|4\n|start\n|switch|p1a: Starmie|Starmie, L50|100/100\n|switch|p1b: Tyranitar|Tyranitar, L50, F|100/100\n|switch|p2a: Greninja|Greninja, L50, F|100/100\n|switch|p2b: Farigiraf|Farigiraf, L50, F|100/100\n|-weather|Sandstorm|[from] ability: Sand Stream|[of] p1b: Tyranitar\n|turn|1\n|inactive|FabinKKKKK has 30 seconds left.\n|inactive|FabinKKKKK has 20 seconds left.\n|\n|t:|1776734739\n|switch|p1b: Quaquaval|Quaquaval, L50, F|100/100\n|detailschange|p1a: Starmie|Starmie-Mega, L50\n|-mega|p1a: Starmie|Starmie|Starminite\n|detailschange|p2a: Greninja|Greninja-Mega, L50, F\n|-mega|p2a: Greninja|Greninja|Greninjite\n|move|p2a: Greninja|Water Shuriken|p1b: Quaquaval\n|-start|p2a: Greninja|typechange|Water|[from] ability: Protean\n|-resisted|p1b: Quaquaval|1\n|-damage|p1b: Quaquaval|94/100\n|-resisted|p1b: Quaquaval|1\n|-damage|p1b: Quaquaval|86/100\n|-hitcount|p1b: Quaquaval|2\n|move|p1a: Starmie|Self-Destruct|p2a: Greninja|[spread] p1b,p2a\n|-immune|p2b: Farigiraf\n|-damage|p1b: Quaquaval|0 fnt\n|-damage|p2a: Greninja|0 fnt\n|faint|p1a: Starmie\n|faint|p1b: Quaquaval\n|faint|p2a: Greninja\n|move|p2b: Farigiraf|Bitter Malice|p1: Starmie|[notarget]\n|-fail|p2b: Farigiraf\n|\n|-weather|Sandstorm|[upkeep]\n|-damage|p2b: Farigiraf|94/100|[from] Sandstorm\n|upkeep\n|\n|t:|1776734764\n|switch|p2a: Farigiraf|Farigiraf, L50, F|100/100\n|switch|p1a: Incineroar|Incineroar, L50, F, shiny|100/100\n|switch|p1b: Tyranitar|Tyranitar, L50, F|100/100\n|-ability|p1a: Incineroar|Intimidate|boost\n|-unboost|p2a: Farigiraf|atk|1\n|-unboost|p2b: Farigiraf|atk|1\n|turn|2\n|c|\u2606FabinKKKKK|isee\n|\n|t:|1776734788\n|move|p2b: Farigiraf|Protect|p2b: Farigiraf\n|-singleturn|p2b: Farigiraf|Protect\n|move|p1b: Tyranitar|Crunch|p2b: Farigiraf\n|-activate|p2b: Farigiraf|move: Protect\n|move|p1a: Incineroar|Darkest Lariat|p2b: Farigiraf\n|-activate|p2b: Farigiraf|move: Protect\n|move|p2a: Farigiraf|Trick Room|p2a: Farigiraf\n|-fieldstart|move: Trick Room|[of] p2a: Farigiraf\n|\n|-weather|Sandstorm|[upkeep]\n|-damage|p2a: Farigiraf|94/100|[from] Sandstorm\n|-damage|p1a: Incineroar|95/100|[from] Sandstorm\n|-damage|p2b: Farigiraf|88/100|[from] Sandstorm\n|upkeep\n|turn|3\n|inactive|blazegeo has 30 seconds left.\n|\n|t:|1776734814\n|switch|p2b: Tyranitar|Tyranitar, L50, M|100/100\n|move|p1a: Incineroar|Darkest Lariat|p2a: Farigiraf\n|-supereffective|p2a: Farigiraf|1\n|-damage|p2a: Farigiraf|25/100\n|move|p2a: Farigiraf|Energy Ball|p1b: Tyranitar\n|-supereffective|p1b: Tyranitar|1\n|-damage|p1b: Tyranitar|64/100\n|move|p1b: Tyranitar|Crunch|p2b: Tyranitar\n|-resisted|p2b: Tyranitar|1\n|-damage|p2b: Tyranitar|81/100\n|\n|-weather|Sandstorm|[upkeep]\n|-damage|p1a: Incineroar|89/100|[from] Sandstorm\n|-damage|p2a: Farigiraf|19/100|[from] Sandstorm\n|upkeep\n|turn|4\n|inactive|FabinKKKKK has 30 seconds left.\n|\n|t:|1776734840\n|move|p2a: Farigiraf|Protect|p2a: Farigiraf\n|-singleturn|p2a: Farigiraf|Protect\n|move|p1a: Incineroar|Darkest Lariat|p2a: Farigiraf\n|-activate|p2a: Farigiraf|move: Protect\n|move|p2b: Tyranitar|Low Kick|p1b: Tyranitar\n|-supereffective|p1b: Tyranitar|2\n|-damage|p1b: Tyranitar|0 fnt\n|faint|p1b: Tyranitar\n|\n|-weather|Sandstorm|[upkeep]\n|-damage|p1a: Incineroar|83/100|[from] Sandstorm\n|-damage|p2a: Farigiraf|12/100|[from] Sandstorm\n|upkeep\n|turn|5\n|-message|FabinKKKKK forfeited.\n|\n|win|blazegeo\n|raw|FabinKKKKK's rating: 1020 &rarr; <strong>1008</strong><br />(-12 for losing)\n|raw|blazegeo's rating: 1050 &rarr; <strong>1080</strong><br />(+30 for winning)\n|l|\u2606FabinKKKKK\n|player|p1|\n",
  "uploadtime": 1776734864,
  "views": 3,
  "formatid": "gen9championsvgc2026regma",
  "rating": 1008,
  "private": 0,
  "password": null
}