{
  "id": "gen9championsvgc2026regma-2587505564",
  "format": "[Gen 9 Champions] VGC 2026 Reg M-A",
  "players": [
    "Longbabu123",
    "dedenne379"
  ],
  "log": "|j|\u2606Longbabu123\n|j|\u2606dedenne379\n|t:|1776537555\n|gametype|doubles\n|player|p1|Longbabu123|ghetsis|1082\n|player|p2|dedenne379|psychic|1045\n|gen|9\n|tier|[Gen 9 Champions] VGC 2026 Reg M-A\n|rated|\n|rule|Species Clause: Limit one of each Pok\u00e9mon\n|rule|Item Clause: Limit 1 of each item\n|clearpoke\n|poke|p1|Blastoise, L50, M|\n|poke|p1|Garchomp, L50, F|\n|poke|p1|Sneasler, L50, F|\n|poke|p1|Aerodactyl, L50, M|\n|poke|p1|Sylveon, L50, M|\n|poke|p1|Sinistcha, L50|\n|poke|p2|Camerupt, L50, M|\n|poke|p2|Klefki, L50, M|\n|poke|p2|Excadrill, L50, M|\n|poke|p2|Sableye, L50, F|\n|poke|p2|Tyranitar, L50, M|\n|poke|p2|Sneasler, L50, M|\n|teampreview|4\n|inactive|Battle timer is ON: inactive players will automatically lose when time's up. (requested by dedenne379)\n|\n|t:|1776537567\n|teamsize|p1|4\n|teamsize|p2|4\n|start\n|switch|p1a: Blastoise|Blastoise, L50, M|100/100\n|switch|p1b: Aerodactyl|Aerodactyl, L50, M|100/100\n|switch|p2a: Klefki|Klefki, L50, M|100/100\n|switch|p2b: Camerupt|Camerupt, L50, M|100/100\n|-ability|p1b: Aerodactyl|Unnerve\n|turn|1\n|\n|t:|1776537582\n|detailschange|p1a: Blastoise|Blastoise-Mega, L50, M\n|-mega|p1a: Blastoise|Blastoise|Blastoisinite\n|detailschange|p2b: Camerupt|Camerupt-Mega, L50, M\n|-mega|p2b: Camerupt|Camerupt|Cameruptite\n|move|p2b: Camerupt|Protect|p2b: Camerupt\n|-singleturn|p2b: Camerupt|Protect\n|move|p1b: Aerodactyl|Tailwind|p1b: Aerodactyl\n|-sidestart|p1: Longbabu123|move: Tailwind\n|move|p1a: Blastoise|Shell Smash|p1a: Blastoise\n|-unboost|p1a: Blastoise|def|1\n|-unboost|p1a: Blastoise|spd|1\n|-boost|p1a: Blastoise|atk|2\n|-boost|p1a: Blastoise|spa|2\n|-boost|p1a: Blastoise|spe|2\n|move|p2a: Klefki|Trick Room|p2a: Klefki\n|-fieldstart|move: Trick Room|[of] p2a: Klefki\n|\n|upkeep\n|turn|2\n|\n|t:|1776537605\n|switch|p1b: Sinistcha|Sinistcha, L50|100/100\n|move|p2a: Klefki|Thunder Wave|p1b: Sinistcha\n|-status|p1b: Sinistcha|par\n|move|p2b: Camerupt|Eruption|p1b: Sinistcha|[spread] p1a,p1b\n|-resisted|p1a: Blastoise|1\n|-supereffective|p1b: Sinistcha|1\n|-damage|p1a: Blastoise|60/100\n|-damage|p1b: Sinistcha|0 fnt\n|faint|p1b: Sinistcha\n|move|p1a: Blastoise|Water Spout|p2b: Camerupt|[spread] p2a,p2b\n|-supereffective|p2b: Camerupt|2\n|-damage|p2a: Klefki|12/100\n|-damage|p2b: Camerupt|0 fnt\n|faint|p2b: Camerupt\n|\n|-heal|p2a: Klefki|18/100|[from] item: Leftovers\n|upkeep\n|\n|t:|1776537623\n|switch|p2b: Sableye|Sableye, L50, F|100/100\n|switch|p1b: Garchomp|Garchomp, L50, F|100/100\n|turn|3\n|c|\u2606dedenne379|Damn\n|\n|t:|1776537639\n|move|p1a: Blastoise|Protect|p1a: Blastoise\n|-singleturn|p1a: Blastoise|Protect\n|move|p2a: Klefki|Draining Kiss|p1b: Garchomp\n|-supereffective|p1b: Garchomp|1\n|-damage|p1b: Garchomp|61/100\n|-heal|p2a: Klefki|54/100|[from] drain|[of] p1b: Garchomp\n|-damage|p2a: Klefki|42/100|[from] ability: Rough Skin|[of] p1b: Garchomp\n|move|p2b: Sableye|Foul Play|p1a: Blastoise\n|-activate|p1a: Blastoise|move: Protect\n|move|p1b: Garchomp|Earthquake|p2a: Klefki|[spread] p2a,p2b\n|-activate|p1a: Blastoise|move: Protect\n|-supereffective|p2a: Klefki|1\n|-damage|p2a: Klefki|0 fnt\n|-damage|p2b: Sableye|25/100\n|faint|p2a: Klefki\n|\n|upkeep\n|\n|t:|1776537645\n|switch|p2a: Sneasler|Sneasler, L50, M|100/100\n|turn|4\n|\n|t:|1776537664\n|move|p2a: Sneasler|Fake Out|p1b: Garchomp\n|-damage|p1b: Garchomp|48/100\n|-damage|p2a: Sneasler|88/100|[from] ability: Rough Skin|[of] p1b: Garchomp\n|move|p2b: Sableye|Foul Play|p1a: Blastoise\n|-damage|p1a: Blastoise|0 fnt\n|faint|p1a: Blastoise\n|cant|p1b: Garchomp|flinch\n|\n|-sideend|p1: Longbabu123|move: Tailwind\n|upkeep\n|\n|t:|1776537675\n|switch|p1a: Aerodactyl|Aerodactyl, L50, M|100/100\n|-ability|p1a: Aerodactyl|Unnerve\n|turn|5\n|\n|t:|1776537687\n|move|p2b: Sableye|Foul Play|p1b: Garchomp\n|-damage|p1b: Garchomp|0 fnt\n|-damage|p2b: Sableye|13/100|[from] ability: Rough Skin|[of] p1b: Garchomp\n|faint|p1b: Garchomp\n|move|p2a: Sneasler|Close Combat|p1a: Aerodactyl\n|-enditem|p1a: Aerodactyl|Focus Sash\n|-damage|p1a: Aerodactyl|1/100\n|-unboost|p2a: Sneasler|def|1\n|-unboost|p2a: Sneasler|spd|1\n|move|p1a: Aerodactyl|Dual Wingbeat|p2a: Sneasler\n|-supereffective|p2a: Sneasler|1\n|-damage|p2a: Sneasler|2/100\n|-supereffective|p2a: Sneasler|1\n|-damage|p2a: Sneasler|0 fnt\n|faint|p2a: Sneasler\n|-hitcount|p2: Sneasler|2\n|\n|-fieldend|move: Trick Room\n|upkeep\n|turn|6\n|\n|t:|1776537707\n|move|p2b: Sableye|Will-O-Wisp|p1a: Aerodactyl|[miss]\n|-miss|p2b: Sableye|p1a: Aerodactyl\n|move|p1a: Aerodactyl|Dual Wingbeat|p2b: Sableye\n|-damage|p2b: Sableye|0 fnt\n|faint|p2b: Sableye\n|-hitcount|p2: Sableye|1\n|\n|win|Longbabu123\n|raw|Longbabu123's rating: 1082 &rarr; <strong>1107</strong><br />(+25 for winning)\n|raw|dedenne379's rating: 1045 &rarr; <strong>1030</strong><br />(-15 for losing)\n",
  "uploadtime": 1776537711,
  "views": 13,
  "formatid": "gen9championsvgc2026regma",
  "rating": 1030,
  "private": 0,
  "password": null
}