{
  "id": "gen9championsvgc2026regma-2582418440",
  "format": "[Gen 9 Champions] VGC 2026 Reg M-A",
  "players": [
    "landofdeparture",
    "LokiOnTheEdge"
  ],
  "log": "|j|\u2606landofdeparture\n|j|\u2606LokiOnTheEdge\n|t:|1776090401\n|gametype|doubles\n|player|p1|landofdeparture|swimmerf|1067\n|player|p2|LokiOnTheEdge|n|1075\n|gen|9\n|tier|[Gen 9 Champions] VGC 2026 Reg M-A\n|rated|\n|rule|Species Clause: Limit one of each Pok\u00e9mon\n|rule|Item Clause: Limit 1 of each item\n|clearpoke\n|poke|p1|Dragapult, L50, F|\n|poke|p1|Avalugg, L50, F|\n|poke|p1|Klefki, L50, M|\n|poke|p1|Starmie, L50|\n|poke|p1|Krookodile, L50, M|\n|poke|p1|Oranguru, L50, M|\n|poke|p2|Torkoal, L50, M|\n|poke|p2|Rotom-Wash, L50|\n|poke|p2|Gallade, L50, M|\n|poke|p2|Sylveon, L50, F|\n|poke|p2|Kingambit, L50, M|\n|poke|p2|Mimikyu, L50, M|\n|teampreview|4\n|j| marco_oficial\n|inactive|Battle timer is ON: inactive players will automatically lose when time's up. (requested by LokiOnTheEdge)\n|inactive|landofdeparture has 60 seconds left.\n|\n|t:|1776090483\n|teamsize|p1|4\n|teamsize|p2|4\n|start\n|switch|p1a: Starmie|Starmie, L50, shiny|100/100\n|switch|p1b: Oranguru|Oranguru, L50, M|100/100\n|switch|p2a: Rotom|Rotom-Wash, L50|100/100\n|switch|p2b: Mimikyu|Mimikyu, L50, M|100/100\n|turn|1\n|inactive|landofdeparture has 30 seconds left.\n|inactive|LokiOnTheEdge has 30 seconds left.\n|inactive|LokiOnTheEdge has 20 seconds left.\n|inactive|LokiOnTheEdge has 15 seconds left.\n|\n|t:|1776090527\n|detailschange|p1a: Starmie|Starmie-Mega, L50, shiny\n|-mega|p1a: Starmie|Starmie|Starminite\n|move|p1a: Starmie|Liquidation|p2b: Mimikyu\n|-activate|p2b: Mimikyu|ability: Disguise\n|-damage|p2b: Mimikyu|100/100\n|detailschange|p2b: Mimikyu|Mimikyu-Busted, L50, M\n|-damage|p2b: Mimikyu|88/100|[from] pokemon: Mimikyu-Busted\n|move|p2a: Rotom|Thunderbolt|p1a: Starmie\n|-supereffective|p1a: Starmie|1\n|-damage|p1a: Starmie|0 fnt\n|faint|p1a: Starmie\n|move|p2b: Mimikyu|Swords Dance|p2b: Mimikyu\n|-boost|p2b: Mimikyu|atk|2\n|move|p1b: Oranguru|Instruct|p1: Starmie|[notarget]\n|-fail|p1b: Oranguru\n|\n|upkeep\n|\n|t:|1776090541\n|switch|p1a: Dragapult|Dragapult, L50, F|100/100\n|turn|2\n|l| marco_oficial\n|inactive|LokiOnTheEdge has 30 seconds left.\n|\n|t:|1776090572\n|move|p1a: Dragapult|Will-O-Wisp|p2b: Mimikyu|[miss]\n|-miss|p1a: Dragapult|p2b: Mimikyu\n|move|p2a: Rotom|Hydro Pump|p1b: Oranguru|[miss]\n|-miss|p2a: Rotom|p1b: Oranguru\n|move|p2b: Mimikyu|Shadow Claw|p1a: Dragapult\n|-supereffective|p1a: Dragapult|1\n|-damage|p1a: Dragapult|0 fnt\n|faint|p1a: Dragapult\n|move|p1b: Oranguru|Psychic Terrain|p1b: Oranguru\n|-fieldstart|move: Psychic Terrain\n|\n|upkeep\n|\n|t:|1776090583\n|switch|p1a: Klefki|Klefki, L50, M, shiny|100/100\n|turn|3\n|c|\u2606landofdeparture|these dumb bitches ofg\n|\n|t:|1776090607\n|move|p1a: Klefki|Reflect|p1a: Klefki\n|-sidestart|p1: landofdeparture|Reflect\n|move|p2a: Rotom|Hydro Pump|p1b: Oranguru|[miss]\n|-miss|p2a: Rotom|p1b: Oranguru\n|move|p2b: Mimikyu|Shadow Claw|p1a: Klefki\n|-crit|p1a: Klefki\n|-damage|p1a: Klefki|0 fnt\n|faint|p1a: Klefki\n|move|p1b: Oranguru|Expanding Force|p2a: Rotom|[spread] p2a,p2b\n|-damage|p2a: Rotom|55/100\n|-damage|p2b: Mimikyu|47/100\n|\n|upkeep\n|turn|4\n|c|\u2606LokiOnTheEdge|gulp\n|inactive|LokiOnTheEdge has 30 seconds left.\n|\n|t:|1776090632\n|move|p2a: Rotom|Thunderbolt|p1b: Oranguru\n|-damage|p1b: Oranguru|69/100\n|move|p2b: Mimikyu|Play Rough|p1b: Oranguru\n|-damage|p1b: Oranguru|16/100\n|move|p1b: Oranguru|Expanding Force|p2a: Rotom|[spread] p2a,p2b\n|-damage|p2a: Rotom|2/100\n|-damage|p2b: Mimikyu|8/100\n|-enditem|p2a: Rotom|Sitrus Berry|[eat]\n|-heal|p2a: Rotom|27/100|[from] item: Sitrus Berry\n|\n|-heal|p1b: Oranguru|22/100|[from] item: Leftovers\n|upkeep\n|turn|5\n|c|\u2606landofdeparture|gg\n|c|\u2606LokiOnTheEdge|gg\n|\n|t:|1776090644\n|move|p2a: Rotom|Thunderbolt|p1b: Oranguru\n|-damage|p1b: Oranguru|0 fnt\n|faint|p1b: Oranguru\n|\n|win|LokiOnTheEdge\n",
  "uploadtime": 1776090592,
  "views": 8,
  "formatid": "gen9championsvgc2026regma",
  "rating": null,
  "private": 0,
  "password": null
}