{
  "id": "gen9championsvgc2026regma-2580932404",
  "format": "[Gen 9 Champions] VGC 2026 Reg M-A",
  "players": [
    "el1azss",
    "SilphGambleR"
  ],
  "log": "|j|\u2606el1azss\n|j|\u2606SilphGambleR\n|t:|1775944450\n|gametype|doubles\n|player|p1|el1azss|proton|1120\n|player|p2|SilphGambleR|hilbert|1115\n|gen|9\n|tier|[Gen 9 Champions] VGC 2026 Reg M-A\n|rated|\n|rule|Species Clause: Limit one of each Pok\u00e9mon\n|rule|Item Clause: Limit 1 of each item\n|clearpoke\n|poke|p1|Manectric, L50, F|\n|poke|p1|Sneasler, L50, F|\n|poke|p1|Pelipper, L50, M|\n|poke|p1|Rotom-Heat, L50|\n|poke|p1|Hydreigon, L50, M|\n|poke|p1|Garchomp, L50, M|\n|poke|p2|Archaludon, L50, F|\n|poke|p2|Floette-Eternal, L50, F|\n|poke|p2|Lucario, L50, F|\n|poke|p2|Golurk, L50|\n|poke|p2|Armarouge, L50, M|\n|poke|p2|Sableye, L50, M|\n|teampreview|4\n|inactive|Battle timer is ON: inactive players will automatically lose when time's up. (requested by el1azss)\n|\n|t:|1775944466\n|teamsize|p1|4\n|teamsize|p2|4\n|start\n|switch|p1a: Manectric|Manectric, L50, F|100/100\n|switch|p1b: Rotom|Rotom-Heat, L50, shiny|100/100\n|switch|p2a: Floette|Floette-Eternal, L50, F|100/100\n|switch|p2b: Lucario|Lucario, L50, F|100/100\n|turn|1\n|\n|t:|1775944490\n|detailschange|p2a: Floette|Floette-Mega, L50, F\n|-mega|p2a: Floette|Floette|Floettite\n|-ability|p2a: Floette|Fairy Aura\n|move|p2b: Lucario|Protect|p2b: Lucario\n|-singleturn|p2b: Lucario|Protect\n|move|p1a: Manectric|Snarl|p2a: Floette|[spread] p2a\n|-activate|p2b: Lucario|move: Protect\n|-resisted|p2a: Floette|1\n|-damage|p2a: Floette|96/100\n|-unboost|p2a: Floette|spa|1\n|move|p2a: Floette|Moonblast|p1a: Manectric\n|-damage|p1a: Manectric|24/100\n|move|p1b: Rotom|Discharge|p2a: Floette|[spread] p2a\n|-activate|p2b: Lucario|move: Protect\n|-ability|p1a: Manectric|Lightning Rod|boost\n|-boost|p1a: Manectric|spa|1\n|-damage|p2a: Floette|76/100\n|-status|p2a: Floette|par\n|\n|upkeep\n|turn|2\n|\n|t:|1775944509\n|move|p1a: Manectric|Protect|p1a: Manectric\n|-singleturn|p1a: Manectric|Protect\n|move|p2a: Floette|Protect|p2a: Floette\n|-singleturn|p2a: Floette|Protect\n|move|p2b: Lucario|Close Combat|p1a: Manectric\n|-activate|p1a: Manectric|move: Protect\n|move|p1b: Rotom|Discharge|p2a: Floette|[spread] p2b\n|-activate|p1a: Manectric|move: Protect\n|-activate|p2a: Floette|move: Protect\n|-damage|p2b: Lucario|63/100\n|-status|p2b: Lucario|par\n|\n|upkeep\n|turn|3\n|\n|t:|1775944528\n|detailschange|p1a: Manectric|Manectric-Mega, L50, F\n|-mega|p1a: Manectric|Manectric|Manectite\n|-ability|p1a: Manectric|Intimidate|boost\n|-unboost|p2a: Floette|atk|1\n|-fail|p2b: Lucario|unboost|Attack|[from] ability: Inner Focus|[of] p2b: Lucario\n|move|p1a: Manectric|Volt Switch|p2a: Floette\n|-damage|p2a: Floette|36/100 par\n|\n|t:|1775944537\n|switch|p1a: Garchomp|Garchomp, L50, M|100/100|[from] Volt Switch\n|move|p1b: Rotom|Overheat|p2b: Lucario\n|-supereffective|p2b: Lucario|1\n|-damage|p2b: Lucario|0 fnt\n|-unboost|p1b: Rotom|spa|2\n|faint|p2b: Lucario\n|move|p2a: Floette|Dazzling Gleam|p1b: Rotom|[spread] p1a,p1b\n|-supereffective|p1a: Garchomp|1\n|-resisted|p1b: Rotom|1\n|-damage|p1a: Garchomp|40/100\n|-damage|p1b: Rotom|84/100\n|\n|upkeep\n|\n|t:|1775944547\n|switch|p2b: Armarouge|Armarouge, L50, M|100/100\n|turn|4\n|\n|t:|1775944554\n|move|p1a: Garchomp|Earthquake|p2a: Floette|[spread] p2a,p2b\n|-immune|p1b: Rotom|[from] ability: Levitate\n|-supereffective|p2b: Armarouge|1\n|-damage|p2a: Floette|0 fnt\n|-damage|p2b: Armarouge|25/100\n|-ability|p2b: Armarouge|Weak Armor|boost\n|-unboost|p2b: Armarouge|def|1\n|-boost|p2b: Armarouge|spe|2\n|faint|p2a: Floette\n|move|p2b: Armarouge|Psychic|p1b: Rotom\n|-damage|p1b: Rotom|36/100\n|-enditem|p1b: Rotom|Sitrus Berry|[eat]\n|-heal|p1b: Rotom|60/100|[from] item: Sitrus Berry\n|move|p1b: Rotom|Electroweb|p2b: Armarouge\n|-damage|p2b: Armarouge|10/100\n|-unboost|p2b: Armarouge|spe|1\n|\n|upkeep\n|\n|t:|1775944560\n|switch|p2a: Archaludon|Archaludon, L50, F|100/100\n|turn|5\n|\n|t:|1775944570\n|move|p1a: Garchomp|Earthquake|p2b: Armarouge|[spread] p2a,p2b\n|-immune|p1b: Rotom|[from] ability: Levitate\n|-supereffective|p2a: Archaludon|1\n|-enditem|p2a: Archaludon|Shuca Berry|[eat]\n|-enditem|p2a: Archaludon|Shuca Berry|[weaken]\n|-supereffective|p2b: Armarouge|1\n|-damage|p2a: Archaludon|76/100\n|-damage|p2b: Armarouge|0 fnt\n|-ability|p2a: Archaludon|Stamina|boost\n|-boost|p2a: Archaludon|def|1\n|faint|p2b: Armarouge\n|move|p1b: Rotom|Volt Switch|p2a: Archaludon\n|-resisted|p2a: Archaludon|1\n|-damage|p2a: Archaludon|67/100\n|-ability|p2a: Archaludon|Stamina|boost\n|-boost|p2a: Archaludon|def|1\n|\n|t:|1775944577\n|switch|p1b: Manectric|Manectric-Mega, L50, F|24/100|[from] Volt Switch\n|-ability|p1b: Manectric|Intimidate|boost\n|-unboost|p2a: Archaludon|atk|1\n|move|p2a: Archaludon|Dragon Pulse|p1a: Garchomp\n|-supereffective|p1a: Garchomp|1\n|-damage|p1a: Garchomp|0 fnt\n|faint|p1a: Garchomp\n|\n|upkeep\n|\n|t:|1775944580\n|switch|p1a: Rotom|Rotom-Heat, L50, shiny|60/100\n|turn|6\n|\n|t:|1775944583\n|move|p1b: Manectric|Snarl|p2a: Archaludon\n|-crit|p2a: Archaludon\n|-damage|p2a: Archaludon|34/100\n|-unboost|p2a: Archaludon|spa|1\n|-ability|p2a: Archaludon|Stamina|boost\n|-boost|p2a: Archaludon|def|1\n|move|p1a: Rotom|Overheat|p2a: Archaludon\n|-damage|p2a: Archaludon|0 fnt\n|-unboost|p1a: Rotom|spa|2\n|faint|p2a: Archaludon\n|\n|win|el1azss\n|raw|el1azss's rating: 1120 &rarr; <strong>1145</strong><br />(+25 for winning)\n|raw|SilphGambleR's rating: 1115 &rarr; <strong>1090</strong><br />(-25 for losing)\n|l|\u2606SilphGambleR\n|player|p2|\n",
  "uploadtime": 1775944597,
  "views": 9,
  "formatid": "gen9championsvgc2026regma",
  "rating": 1090,
  "private": 0,
  "password": null
}