{
  "id": "gen9championsvgc2026regma-2580822511",
  "format": "[Gen 9 Champions] VGC 2026 Reg M-A",
  "players": [
    "Mikatt",
    "themegaisiug"
  ],
  "log": "|j|\u2606Mikatt\n|j|\u2606themegaisiug\n|t:|1775935314\n|gametype|doubles\n|player|p1|Mikatt|2|1046\n|player|p2|themegaisiug|boarder|1013\n|gen|9\n|tier|[Gen 9 Champions] VGC 2026 Reg M-A\n|rated|\n|rule|Species Clause: Limit one of each Pok\u00e9mon\n|rule|Item Clause: Limit 1 of each item\n|clearpoke\n|poke|p1|Arcanine, L50, M|\n|poke|p1|Aerodactyl, L50, F|\n|poke|p1|Zoroark-Hisui, L50, M|\n|poke|p1|Hydrapple, L50, F|\n|poke|p1|Clefable, L50, F|\n|poke|p1|Milotic, L50, F|\n|poke|p2|Charizard, L50, M|\n|poke|p2|Whimsicott, L50, F|\n|poke|p2|Farigiraf, L50, M|\n|poke|p2|Garchomp, L50, M|\n|poke|p2|Sneasler, L50, M|\n|poke|p2|Rotom-Wash, L50|\n|teampreview|4\n|\n|t:|1775935364\n|teamsize|p1|4\n|teamsize|p2|4\n|start\n|switch|p1a: Ignite|Arcanine, L50, M|100/100\n|switch|p1b: Mery|Clefable, L50, F|100/100\n|switch|p2a: Rotom|Rotom-Wash, L50, shiny|100/100\n|switch|p2b: Charizard|Charizard, L50, M, shiny|100/100\n|-ability|p1a: Ignite|Intimidate|boost\n|-unboost|p2a: Rotom|atk|1\n|-unboost|p2b: Charizard|atk|1\n|turn|1\n|\n|t:|1775935396\n|move|p2b: Charizard|Protect|p2b: Charizard\n|-singleturn|p2b: Charizard|Protect\n|move|p2a: Rotom|Hydro Pump|p1a: Ignite\n|-supereffective|p1a: Ignite|1\n|-enditem|p1a: Ignite|Passho Berry|[eat]\n|-enditem|p1a: Ignite|Passho Berry|[weaken]\n|-damage|p1a: Ignite|55/100\n|move|p1a: Ignite|Snarl|p2a: Rotom|[spread] p2a\n|-activate|p2b: Charizard|move: Protect\n|-damage|p2a: Rotom|89/100\n|-unboost|p2a: Rotom|spa|1\n|move|p1b: Mery|Calm Mind|p1b: Mery\n|-boost|p1b: Mery|spa|1\n|-boost|p1b: Mery|spd|1\n|\n|-heal|p2a: Rotom|94/100|[from] item: Leftovers\n|upkeep\n|turn|2\n|\n|t:|1775935441\n|detailschange|p2b: Charizard|Charizard-Mega-Y, L50, M, shiny\n|-mega|p2b: Charizard|Charizard|Charizardite Y\n|-weather|SunnyDay|[from] ability: Drought|[of] p2b: Charizard\n|move|p2b: Charizard|Solar Beam||[still]\n|-prepare|p2b: Charizard|Solar Beam\n|-anim|p2b: Charizard|Solar Beam|p1b: Mery\n|-damage|p1b: Mery|70/100\n|move|p2a: Rotom|Hydro Pump|p1a: Ignite\n|-supereffective|p1a: Ignite|1\n|-damage|p1a: Ignite|23/100\n|move|p1a: Ignite|Snarl|p2b: Charizard|[spread] p2a,p2b\n|-crit|p2a: Rotom\n|-damage|p2a: Rotom|76/100\n|-damage|p2b: Charizard|92/100\n|-unboost|p2a: Rotom|spa|1\n|-unboost|p2b: Charizard|spa|1\n|move|p1b: Mery|Dazzling Gleam|p2b: Charizard|[spread] p2a,p2b\n|-resisted|p2b: Charizard|1\n|-damage|p2a: Rotom|38/100\n|-damage|p2b: Charizard|76/100\n|\n|-weather|SunnyDay|[upkeep]\n|-heal|p2a: Rotom|43/100|[from] item: Leftovers\n|upkeep\n|turn|3\n|\n|t:|1775935474\n|switch|p1a: Manzana|Hydrapple, L50, F|100/100\n|move|p2b: Charizard|Heat Wave|p1a: Manzana|[spread] p1a,p1b\n|-damage|p1a: Manzana|61/100\n|-damage|p1b: Mery|44/100\n|move|p2a: Rotom|Hydro Pump|p1a: Manzana\n|-resisted|p1a: Manzana|2\n|-damage|p1a: Manzana|58/100\n|move|p1b: Mery|Calm Mind|p1b: Mery\n|-boost|p1b: Mery|spa|1\n|-boost|p1b: Mery|spd|1\n|\n|-weather|SunnyDay|[upkeep]\n|-heal|p2a: Rotom|49/100|[from] item: Leftovers\n|-heal|p1a: Manzana|64/100|[from] item: Leftovers\n|upkeep\n|turn|4\n|\n|t:|1775935510\n|switch|p2a: Sneasler|Sneasler, L50, M, shiny|100/100\n|move|p2b: Charizard|Heat Wave|p1b: Mery|[spread] p1a,p1b\n|-crit|p1a: Manzana\n|-damage|p1a: Manzana|0 fnt\n|-damage|p1b: Mery|24/100\n|faint|p1a: Manzana\n|move|p1b: Mery|Draining Kiss|p2a: Sneasler\n|-damage|p2a: Sneasler|51/100\n|-heal|p1b: Mery|53/100|[from] drain|[of] p2a: Sneasler\n|\n|-weather|SunnyDay|[upkeep]\n|upkeep\n|\n|t:|1775935531\n|switch|p1a: Ignite|Arcanine, L50, M|23/100\n|-ability|p1a: Ignite|Intimidate|boost\n|-unboost|p2a: Sneasler|atk|1\n|-unboost|p2b: Charizard|atk|1\n|-enditem|p2a: Sneasler|White Herb\n|-clearnegativeboost|p2a: Sneasler|[silent]\n|turn|5\n|\n|t:|1775935550\n|detailschange|p1b: Mery|Clefable-Mega, L50, F\n|-mega|p1b: Mery|Clefable|Clefablite\n|move|p2a: Sneasler|Dire Claw|p1b: Mery\n|-supereffective|p1b: Mery|1\n|-crit|p1b: Mery\n|-damage|p1b: Mery|0 fnt\n|faint|p1b: Mery\n|move|p2b: Charizard|Weather Ball|p1a: Ignite\n|-resisted|p1a: Ignite|1\n|-damage|p1a: Ignite|0 fnt\n|faint|p1a: Ignite\n|\n|-weather|SunnyDay|[upkeep]\n|upkeep\n|\n|t:|1775935562\n|switch|p1a: Ori|Milotic, L50, F|100/100\n|turn|6\n|\n|t:|1775935580\n|move|p2a: Sneasler|Close Combat|p1a: Ori\n|-damage|p1a: Ori|49/100\n|-unboost|p2a: Sneasler|def|1\n|-unboost|p2a: Sneasler|spd|1\n|move|p2b: Charizard|Solar Beam||[still]\n|-prepare|p2b: Charizard|Solar Beam\n|-anim|p2b: Charizard|Solar Beam|p1a: Ori\n|-supereffective|p1a: Ori|1\n|-damage|p1a: Ori|0 fnt\n|faint|p1a: Ori\n|\n|win|themegaisiug\n|raw|Mikatt's rating: 1046 &rarr; <strong>1027</strong><br />(-19 for losing)\n|raw|themegaisiug's rating: 1013 &rarr; <strong>1055</strong><br />(+42 for winning)\n|c|\u2606Mikatt|gg\n",
  "uploadtime": 1775935590,
  "views": 12,
  "formatid": "gen9championsvgc2026regma",
  "rating": 1027,
  "private": 0,
  "password": null
}