{
  "id": "gen9championsvgc2026regma-2584789361",
  "format": "[Gen 9 Champions] VGC 2026 Reg M-A",
  "players": [
    "workseanz",
    "breloomb01"
  ],
  "log": "|j|\u2606workseanz\n|j|\u2606breloomb01\n|t:|1776283785\n|gametype|doubles\n|player|p1|workseanz|266|1401\n|player|p2|breloomb01|roughneck|1318\n|gen|9\n|tier|[Gen 9 Champions] VGC 2026 Reg M-A\n|rated|\n|rule|Species Clause: Limit one of each Pok\u00e9mon\n|rule|Item Clause: Limit 1 of each item\n|clearpoke\n|poke|p1|Floette-Eternal, L50, F|\n|poke|p1|Sinistcha, L50|\n|poke|p1|Incineroar, L50, M|\n|poke|p1|Roserade, L50, M|\n|poke|p1|Kommo-o, L50, F|\n|poke|p1|Tauros-Paldea-Aqua, L50, M|\n|poke|p2|Charizard, L50, M|\n|poke|p2|Sneasler, L50, F|\n|poke|p2|Basculegion, L50, M|\n|poke|p2|Garchomp, L50, M|\n|poke|p2|Incineroar, L50, F|\n|poke|p2|Venusaur, L50, F|\n|teampreview|4\n|inactive|Battle timer is ON: inactive players will automatically lose when time's up. (requested by workseanz)\n|\n|t:|1776283808\n|teamsize|p1|4\n|teamsize|p2|4\n|start\n|switch|p1a: Incineroar|Incineroar, L50, M|100/100\n|switch|p1b: Kommo-o|Kommo-o, L50, F|100/100\n|switch|p2a: Sneasler|Sneasler, L50, F|100/100\n|switch|p2b: Basculegion|Basculegion, L50, M|100/100\n|-ability|p1a: Incineroar|Intimidate|boost\n|-unboost|p2a: Sneasler|atk|1\n|-unboost|p2b: Basculegion|atk|1\n|-enditem|p2a: Sneasler|White Herb\n|-clearnegativeboost|p2a: Sneasler|[silent]\n|turn|1\n|\n|t:|1776283824\n|move|p1a: Incineroar|Fake Out|p2a: Sneasler\n|-damage|p2a: Sneasler|80/100\n|cant|p2a: Sneasler|flinch\n|move|p2b: Basculegion|Wave Crash|p1a: Incineroar\n|-supereffective|p1a: Incineroar|1\n|-damage|p1a: Incineroar|19/100\n|-damage|p2b: Basculegion|73/100|[from] Recoil\n|move|p1b: Kommo-o|Clangorous Soul|p1b: Kommo-o\n|-boost|p1b: Kommo-o|atk|1\n|-boost|p1b: Kommo-o|def|1\n|-boost|p1b: Kommo-o|spa|1\n|-boost|p1b: Kommo-o|spd|1\n|-boost|p1b: Kommo-o|spe|1\n|-damage|p1b: Kommo-o|68/100\n|\n|-heal|p1b: Kommo-o|74/100|[from] item: Leftovers\n|upkeep\n|turn|2\n|inactive|workseanz has 30 seconds left.\n|\n|t:|1776283851\n|switch|p1a: Roserade|Roserade, L50, M|100/100\n|move|p2a: Sneasler|Dire Claw|p1b: Kommo-o\n|-damage|p1b: Kommo-o|49/100\n|-status|p1b: Kommo-o|slp\n|move|p2b: Basculegion|Wave Crash|p1a: Roserade\n|-resisted|p1a: Roserade|1\n|-damage|p1a: Roserade|56/100\n|-status|p2b: Basculegion|psn|[from] ability: Poison Point|[of] p1a: Roserade\n|-damage|p2b: Basculegion|63/100 psn|[from] Recoil\n|cant|p1b: Kommo-o|slp\n|\n|-heal|p1b: Kommo-o|55/100 slp|[from] item: Leftovers\n|-damage|p2b: Basculegion|51/100 psn|[from] psn\n|upkeep\n|turn|3\n|\n|t:|1776283869\n|switch|p1a: Incineroar|Incineroar, L50, M|19/100\n|-ability|p1a: Incineroar|Intimidate|boost\n|-unboost|p2a: Sneasler|atk|1\n|-unboost|p2b: Basculegion|atk|1\n|switch|p2b: Charizard|Charizard, L50, M|100/100\n|move|p2a: Sneasler|Dire Claw|p1a: Incineroar\n|-damage|p1a: Incineroar|0 fnt\n|faint|p1a: Incineroar\n|-curestatus|p1b: Kommo-o|slp|[msg]\n|move|p1b: Kommo-o|Clanging Scales|p2b: Charizard|[spread] p2a,p2b\n|-damage|p2a: Sneasler|6/100\n|-damage|p2b: Charizard|28/100\n|-unboost|p1b: Kommo-o|def|1\n|\n|-heal|p1b: Kommo-o|62/100|[from] item: Leftovers\n|upkeep\n|\n|t:|1776283889\n|switch|p1a: Roserade|Roserade, L50, M|56/100\n|turn|4\n|\n|t:|1776283895\n|detailschange|p2b: Charizard|Charizard-Mega-Y, L50, M\n|-mega|p2b: Charizard|Charizard|Charizardite Y\n|-weather|SunnyDay|[from] ability: Drought|[of] p2b: Charizard\n|move|p2a: Sneasler|Dire Claw|p1b: Kommo-o\n|-damage|p1b: Kommo-o|37/100\n|-status|p1b: Kommo-o|slp\n|move|p1a: Roserade|Sludge Bomb|p2b: Charizard\n|-damage|p2b: Charizard|0 fnt\n|faint|p2b: Charizard\n|cant|p1b: Kommo-o|slp\n|\n|-weather|SunnyDay|[upkeep]\n|-heal|p1b: Kommo-o|44/100 slp|[from] item: Leftovers\n|upkeep\n|c|\u2606workseanz|LMFAO\n|\n|t:|1776283910\n|switch|p2b: Venusaur|Venusaur, L50, F|100/100\n|turn|5\n|\n|t:|1776283932\n|move|p2a: Sneasler|Dire Claw|p1a: Roserade\n|-damage|p1a: Roserade|5/100\n|-status|p1a: Roserade|par\n|move|p2b: Venusaur|Earth Power|p1b: Kommo-o\n|-damage|p1b: Kommo-o|23/100 slp\n|-curestatus|p1b: Kommo-o|slp|[msg]\n|move|p1b: Kommo-o|Clanging Scales|p2b: Venusaur|[spread] p2a,p2b\n|-damage|p2a: Sneasler|0 fnt\n|-damage|p2b: Venusaur|34/100\n|faint|p2a: Sneasler\n|-unboost|p1b: Kommo-o|def|1\n|move|p1a: Roserade|Sludge Bomb|p2b: Venusaur\n|-damage|p2b: Venusaur|0 fnt\n|faint|p2b: Venusaur\n|\n|-weather|SunnyDay|[upkeep]\n|-heal|p1b: Kommo-o|29/100|[from] item: Leftovers\n|upkeep\n|\n|t:|1776283941\n|switch|p2b: Basculegion|Basculegion, L50, M|51/100 psn\n|turn|6\n|\n|t:|1776283959\n|switch|p1a: Floette|Floette-Eternal, L50, F|100/100\n|move|p1b: Kommo-o|Protect|p1b: Kommo-o\n|-singleturn|p1b: Kommo-o|Protect\n|move|p2b: Basculegion|Last Respects|p1b: Kommo-o\n|-activate|p1b: Kommo-o|move: Protect\n|\n|-weather|SunnyDay|[upkeep]\n|-heal|p1b: Kommo-o|35/100|[from] item: Leftovers\n|-damage|p2b: Basculegion|39/100 psn|[from] psn\n|upkeep\n|turn|7\n|\n|t:|1776283966\n|detailschange|p1a: Floette|Floette-Mega, L50, F\n|-mega|p1a: Floette|Floette|Floettite\n|-ability|p1a: Floette|Fairy Aura\n|move|p2b: Basculegion|Last Respects|p1b: Kommo-o\n|-damage|p1b: Kommo-o|0 fnt\n|faint|p1b: Kommo-o\n|move|p1a: Floette|Dazzling Gleam|p2b: Basculegion\n|-damage|p2b: Basculegion|0 fnt\n|faint|p2b: Basculegion\n|\n|win|workseanz\n|raw|workseanz's rating: 1401 &rarr; <strong>1415</strong><br />(+14 for winning)\n|raw|breloomb01's rating: 1296 &rarr; <strong>1278</strong><br />(-18 for losing)\n|l|\u2606breloomb01\n|player|p2|\n",
  "uploadtime": 1776283980,
  "views": 27,
  "formatid": "gen9championsvgc2026regma",
  "rating": 1278,
  "private": 0,
  "password": null
}