{
  "id": "gen9championsvgc2026regma-2583285798",
  "format": "[Gen 9 Champions] VGC 2026 Reg M-A",
  "players": [
    "kebab f*cker",
    "soulo333"
  ],
  "log": "|j|\u2606kebab f*cker\n|j|\u2606soulo333\n|t:|1776163225\n|gametype|doubles\n|player|p1|kebab f*cker|burglar|1153\n|player|p2|soulo333|101|1120\n|gen|9\n|tier|[Gen 9 Champions] VGC 2026 Reg M-A\n|rated|\n|rule|Species Clause: Limit one of each Pok\u00e9mon\n|rule|Item Clause: Limit 1 of each item\n|clearpoke\n|poke|p1|Golurk, L50|\n|poke|p1|Torkoal, L50, M|\n|poke|p1|Incineroar, L50, F|\n|poke|p1|Kingambit, L50, M|\n|poke|p1|Hatterene, L50, F|\n|poke|p1|Farigiraf, L50, F|\n|poke|p2|Charizard, L50, F|\n|poke|p2|Sneasler, L50, M|\n|poke|p2|Sinistcha, L50|\n|poke|p2|Incineroar, L50, F|\n|poke|p2|Milotic, L50, F|\n|poke|p2|Tyranitar, L50, M|\n|teampreview|4\n|inactive|Battle timer is ON: inactive players will automatically lose when time's up. (requested by kebab f*cker)\n|\n|t:|1776163237\n|teamsize|p1|4\n|teamsize|p2|4\n|start\n|switch|p1a: Farigiraf|Farigiraf, L50, F|100/100\n|switch|p1b: Incineroar|Incineroar, L50, F|100/100\n|switch|p2a: Milotic|Milotic, L50, F|100/100\n|switch|p2b: Incineroar|Incineroar, L50, F|100/100\n|-ability|p2b: Incineroar|Intimidate|boost\n|-unboost|p1a: Farigiraf|atk|1\n|-unboost|p1b: Incineroar|atk|1\n|-ability|p1b: Incineroar|Intimidate|boost\n|-unboost|p2a: Milotic|atk|1\n|-ability|p2a: Milotic|Competitive|boost\n|-boost|p2a: Milotic|spa|2\n|-unboost|p2b: Incineroar|atk|1\n|turn|1\n|\n|t:|1776163249\n|move|p1b: Incineroar|Fake Out|p2a: Milotic\n|-damage|p2a: Milotic|94/100\n|cant|p2a: Milotic|flinch\n|move|p2b: Incineroar|Parting Shot|p1a: Farigiraf\n|-unboost|p1a: Farigiraf|atk|1\n|-unboost|p1a: Farigiraf|spa|1\n|\n|t:|1776163257\n|switch|p2b: Tyranitar|Tyranitar, L50, M|100/100|[from] Parting Shot\n|-weather|Sandstorm|[from] ability: Sand Stream|[of] p2b: Tyranitar\n|move|p1a: Farigiraf|Trick Room|p1a: Farigiraf\n|-fieldstart|move: Trick Room|[of] p1a: Farigiraf\n|\n|-weather|Sandstorm|[upkeep]\n|-damage|p1a: Farigiraf|94/100|[from] Sandstorm\n|-damage|p1b: Incineroar|95/100|[from] Sandstorm\n|-damage|p2a: Milotic|88/100|[from] Sandstorm\n|-heal|p2a: Milotic|94/100|[from] item: Leftovers\n|upkeep\n|turn|2\n|\n|t:|1776163265\n|switch|p2b: Incineroar|Incineroar, L50, F|100/100\n|-ability|p2b: Incineroar|Intimidate|boost\n|-unboost|p1a: Farigiraf|atk|1\n|-unboost|p1b: Incineroar|atk|1\n|move|p1a: Farigiraf|Hyper Voice|p2b: Incineroar|[spread] p2a,p2b\n|-damage|p2a: Milotic|80/100\n|-damage|p2b: Incineroar|84/100\n|move|p1b: Incineroar|Parting Shot|p2a: Milotic\n|-unboost|p2a: Milotic|atk|1\n|-ability|p2a: Milotic|Competitive|boost\n|-boost|p2a: Milotic|spa|2\n|-unboost|p2a: Milotic|spa|1\n|-ability|p2a: Milotic|Competitive|boost\n|-boost|p2a: Milotic|spa|2\n|\n|t:|1776163275\n|switch|p1b: Kingambit|Kingambit, L50, M|100/100|[from] Parting Shot\n|move|p2a: Milotic|Scald|p1b: Kingambit\n|-damage|p1b: Kingambit|13/100\n|\n|-weather|Sandstorm|[upkeep]\n|-damage|p1a: Farigiraf|88/100|[from] Sandstorm\n|-damage|p2b: Incineroar|78/100|[from] Sandstorm\n|-damage|p2a: Milotic|74/100|[from] Sandstorm\n|-heal|p2a: Milotic|80/100|[from] item: Leftovers\n|upkeep\n|turn|3\n|\n|t:|1776163289\n|move|p1a: Farigiraf|Helping Hand|p1b: Kingambit\n|-singleturn|p1b: Kingambit|Helping Hand|[of] p1a: Farigiraf\n|move|p1b: Kingambit|Kowtow Cleave|p2a: Milotic\n|-damage|p2a: Milotic|0 fnt\n|faint|p2a: Milotic\n|move|p2b: Incineroar|Flare Blitz|p1b: Kingambit\n|-supereffective|p1b: Kingambit|1\n|-damage|p1b: Kingambit|0 fnt\n|faint|p1b: Kingambit\n|-damage|p2b: Incineroar|73/100|[from] Recoil\n|\n|-weather|Sandstorm|[upkeep]\n|-damage|p1a: Farigiraf|82/100|[from] Sandstorm\n|-damage|p2b: Incineroar|67/100|[from] Sandstorm\n|upkeep\n|\n|t:|1776163297\n|switch|p1b: Golurk|Golurk, L50|100/100\n|switch|p2a: Tyranitar|Tyranitar, L50, M|100/100\n|turn|4\n|\n|t:|1776163304\n|switch|p2b: Sinistcha|Sinistcha, L50|100/100\n|detailschange|p1b: Golurk|Golurk-Mega, L50\n|-mega|p1b: Golurk|Golurk|Golurkite\n|move|p1a: Farigiraf|Helping Hand|p1b: Golurk\n|-singleturn|p1b: Golurk|Helping Hand|[of] p1a: Farigiraf\n|move|p2a: Tyranitar|Protect|p2a: Tyranitar\n|-singleturn|p2a: Tyranitar|Protect\n|move|p1b: Golurk|Earthquake|p2a: Tyranitar|[spread] p1a,p2b\n|-activate|p2a: Tyranitar|move: Protect\n|-resisted|p2b: Sinistcha|1\n|-damage|p1a: Farigiraf|9/100\n|-damage|p2b: Sinistcha|64/100\n|\n|-weather|Sandstorm|[upkeep]\n|-damage|p1a: Farigiraf|3/100|[from] Sandstorm\n|-damage|p2b: Sinistcha|58/100|[from] Sandstorm\n|upkeep\n|turn|5\n|inactive|kebab f*cker has 30 seconds left.\n|\n|t:|1776163330\n|switch|p2b: Incineroar|Incineroar, L50, F|67/100\n|-ability|p2b: Incineroar|Intimidate|boost\n|-unboost|p1a: Farigiraf|atk|1\n|-unboost|p1b: Golurk|atk|1\n|move|p1a: Farigiraf|Protect|p1a: Farigiraf\n|-singleturn|p1a: Farigiraf|Protect\n|move|p1b: Golurk|Poltergeist|p2b: Incineroar\n|-activate|p2b: Incineroar|move: Poltergeist|Sitrus Berry\n|-resisted|p2b: Incineroar|1\n|-damage|p2b: Incineroar|48/100\n|-enditem|p2b: Incineroar|Sitrus Berry|[eat]\n|-heal|p2b: Incineroar|73/100|[from] item: Sitrus Berry\n|move|p2a: Tyranitar|Rock Slide|p1b: Golurk|[spread] p1b\n|-activate|p1a: Farigiraf|move: Protect\n|-resisted|p1b: Golurk|1\n|-damage|p1b: Golurk|87/100\n|\n|-weather|none\n|-fieldend|move: Trick Room\n|upkeep\n|turn|6\n|\n|t:|1776163344\n|move|p1a: Farigiraf|Helping Hand|p1b: Golurk\n|-singleturn|p1b: Golurk|Helping Hand|[of] p1a: Farigiraf\n|move|p2a: Tyranitar|Rock Slide|p1b: Golurk|[spread] p1a,p1b\n|-crit|p1a: Farigiraf\n|-resisted|p1b: Golurk|1\n|-damage|p1a: Farigiraf|0 fnt\n|-damage|p1b: Golurk|71/100\n|faint|p1a: Farigiraf\n|move|p2b: Incineroar|Parting Shot|p1b: Golurk\n|-unboost|p1b: Golurk|atk|1\n|-unboost|p1b: Golurk|spa|1\n|\n|t:|1776163352\n|switch|p2b: Sinistcha|Sinistcha, L50|58/100|[from] Parting Shot\n|move|p1b: Golurk|Earthquake|p2b: Sinistcha|[spread] p2a,p2b\n|-supereffective|p2a: Tyranitar|1\n|-resisted|p2b: Sinistcha|1\n|-damage|p2a: Tyranitar|37/100\n|-damage|p2b: Sinistcha|42/100\n|\n|upkeep\n|\n|t:|1776163357\n|switch|p1a: Incineroar|Incineroar, L50, F|95/100\n|-ability|p1a: Incineroar|Intimidate|boost\n|-unboost|p2a: Tyranitar|atk|1\n|-unboost|p2b: Sinistcha|atk|1\n|turn|7\n|\n|t:|1776163371\n|switch|p2a: Incineroar|Incineroar, L50, F|73/100\n|-ability|p2a: Incineroar|Intimidate|boost\n|-unboost|p1a: Incineroar|atk|1\n|-unboost|p1b: Golurk|atk|1\n|move|p1a: Incineroar|Fake Out|p2a: Incineroar\n|-damage|p2a: Incineroar|66/100\n|move|p2b: Sinistcha|Life Dew|p2b: Sinistcha|[spread] p2a,p2b\n|-heal|p2a: Incineroar|92/100\n|-heal|p2b: Sinistcha|67/100\n|move|p1b: Golurk|Earthquake|p2a: Incineroar|[spread] p1a,p2a,p2b\n|-supereffective|p1a: Incineroar|1\n|-supereffective|p2a: Incineroar|1\n|-resisted|p2b: Sinistcha|1\n|-damage|p1a: Incineroar|59/100\n|-damage|p2a: Incineroar|58/100\n|-damage|p2b: Sinistcha|57/100\n|\n|upkeep\n|turn|8\n|\n|t:|1776163385\n|move|p2a: Incineroar|Fake Out|p1a: Incineroar\n|-damage|p1a: Incineroar|51/100\n|move|p2b: Sinistcha|Life Dew|p2b: Sinistcha|[spread] p2a,p2b\n|-heal|p2a: Incineroar|83/100\n|-heal|p2b: Sinistcha|83/100\n|cant|p1a: Incineroar|flinch\n|move|p1b: Golurk|Drain Punch|p2a: Incineroar\n|-supereffective|p2a: Incineroar|1\n|-crit|p2a: Incineroar\n|-damage|p2a: Incineroar|0 fnt\n|-heal|p1b: Golurk|100/100|[from] drain|[of] p2a: Incineroar\n|faint|p2a: Incineroar\n|\n|upkeep\n|\n|t:|1776163391\n|switch|p2a: Tyranitar|Tyranitar, L50, M|37/100\n|-weather|Sandstorm|[from] ability: Sand Stream|[of] p2a: Tyranitar\n|turn|9\n|\n|t:|1776163396\n|detailschange|p2a: Tyranitar|Tyranitar-Mega, L50, M\n|-mega|p2a: Tyranitar|Tyranitar|Tyranitarite\n|move|p2b: Sinistcha|Matcha Gotcha|p1a: Incineroar|[spread] p1a,p1b\n|-resisted|p1a: Incineroar|1\n|-supereffective|p1b: Golurk|1\n|-damage|p1a: Incineroar|38/100\n|-heal|p2b: Sinistcha|90/100|[from] drain|[of] p1a: Incineroar\n|-damage|p1b: Golurk|39/100\n|-heal|p2b: Sinistcha|100/100|[from] drain|[of] p1b: Golurk\n|-enditem|p1a: Incineroar|Sitrus Berry|[eat]\n|-heal|p1a: Incineroar|62/100|[from] item: Sitrus Berry\n|move|p2a: Tyranitar|Knock Off|p1b: Golurk\n|-supereffective|p1b: Golurk|1\n|-damage|p1b: Golurk|0 fnt\n|faint|p1b: Golurk\n|move|p1a: Incineroar|Flare Blitz|p2b: Sinistcha\n|-supereffective|p2b: Sinistcha|1\n|-damage|p2b: Sinistcha|40/100\n|-damage|p1a: Incineroar|45/100|[from] Recoil\n|\n|-weather|Sandstorm|[upkeep]\n|-damage|p2b: Sinistcha|34/100|[from] Sandstorm\n|-damage|p1a: Incineroar|39/100|[from] Sandstorm\n|upkeep\n|turn|10\n|\n|t:|1776163409\n|move|p2b: Sinistcha|Life Dew|p2b: Sinistcha|[spread] p2a,p2b\n|-heal|p2a: Tyranitar|62/100\n|-heal|p2b: Sinistcha|59/100\n|move|p2a: Tyranitar|Rock Slide|p1a: Incineroar\n|-supereffective|p1a: Incineroar|1\n|-damage|p1a: Incineroar|0 fnt\n|faint|p1a: Incineroar\n|\n|win|soulo333\n|raw|kebab f*cker's rating: 1153 &rarr; <strong>1126</strong><br />(-27 for losing)\n|raw|soulo333's rating: 1120 &rarr; <strong>1147</strong><br />(+27 for winning)\n",
  "uploadtime": 1776163409,
  "views": 15,
  "formatid": "gen9championsvgc2026regma",
  "rating": 1126,
  "private": 0,
  "password": null
}