{
  "id": "gen9championsvgc2026regma-2583526548",
  "format": "[Gen 9 Champions] VGC 2026 Reg M-A",
  "players": [
    "Gallon of poo",
    "SugarTempest"
  ],
  "log": "|j|\u2606Gallon of poo\n|j|\u2606SugarTempest\n|t:|1776181233\n|gametype|doubles\n|player|p1|Gallon of poo|ghetsis|1128\n|player|p2|SugarTempest|101|1096\n|gen|9\n|tier|[Gen 9 Champions] VGC 2026 Reg M-A\n|rated|\n|rule|Species Clause: Limit one of each Pok\u00e9mon\n|rule|Item Clause: Limit 1 of each item\n|clearpoke\n|poke|p1|Medicham, L50, M|\n|poke|p1|Talonflame, L50, M|\n|poke|p1|Ninetales, L50, M|\n|poke|p1|Excadrill, L50, M|\n|poke|p1|Hawlucha, L50, F|\n|poke|p1|Glimmora, L50, F|\n|poke|p2|Lopunny, L50, F|\n|poke|p2|Meowscarada, L50, F|\n|poke|p2|Primarina, L50, F|\n|poke|p2|Tinkaton, L50, F|\n|poke|p2|Klefki, L50, F|\n|poke|p2|Raichu, L50, F|\n|teampreview|4\n|\n|t:|1776181276\n|teamsize|p1|4\n|teamsize|p2|4\n|start\n|switch|p1a: Medicham|Medicham, L50, M|100/100\n|switch|p1b: Kamina|Excadrill, L50, M, shiny|100/100\n|switch|p2a: Primarina|Primarina, L50, F|100/100\n|switch|p2b: Klefki|Klefki, L50, F|100/100\n|turn|1\n|\n|t:|1776181298\n|detailschange|p1b: Kamina|Excadrill-Mega, L50, M, shiny\n|-mega|p1b: Kamina|Excadrill|Excadrite\n|move|p2b: Klefki|Thunder Wave|p1b: Kamina\n|-immune|p1b: Kamina\n|move|p1a: Medicham|Skill Swap|p1b: Kamina\n|-activate|p1a: Medicham|Skill Swap|||[of] p1b: Kamina\n|move|p1b: Kamina|High Horsepower|p2a: Primarina\n|-damage|p2a: Primarina|0 fnt\n|faint|p2a: Primarina\n|\n|upkeep\n|\n|t:|1776181313\n|switch|p2a: Lopunny|Lopunny, L50, F, shiny|100/100\n|turn|2\n|\n|t:|1776181323\n|switch|p1a: Talonflame|Talonflame, L50, M|100/100\n|detailschange|p2a: Lopunny|Lopunny-Mega, L50, F, shiny\n|-mega|p2a: Lopunny|Lopunny|Lopunnite\n|move|p1b: Kamina|Protect|p1b: Kamina\n|-singleturn|p1b: Kamina|Protect\n|move|p2a: Lopunny|Fake Out|p1b: Kamina\n|-activate|p1b: Kamina|move: Protect\n|move|p2b: Klefki|Thunder Wave|p1a: Talonflame\n|-status|p1a: Talonflame|par\n|\n|upkeep\n|turn|3\n|\n|t:|1776181358\n|move|p2a: Lopunny|Protect|p2a: Lopunny\n|-singleturn|p2a: Lopunny|Protect\n|move|p1a: Talonflame|Tailwind|p1a: Talonflame\n|-sidestart|p1: Gallon of poo|move: Tailwind\n|move|p1b: Kamina|Iron Head|p2a: Lopunny\n|-activate|p2a: Lopunny|move: Protect\n|move|p2b: Klefki|Foul Play|p1b: Kamina\n|-damage|p1b: Kamina|63/100\n|\n|upkeep\n|turn|4\n|\n|t:|1776181384\n|switch|p2a: Raichu|Raichu, L50, F, shiny|100/100\n|move|p1a: Talonflame|Acrobatics|p2a: Raichu\n|-resisted|p2a: Raichu|1\n|-damage|p2a: Raichu|55/100\n|move|p2b: Klefki|Reflect|p2b: Klefki\n|-sidestart|p2: SugarTempest|Reflect\n|move|p1b: Kamina|High Horsepower|p2b: Klefki\n|-supereffective|p2b: Klefki|1\n|-damage|p2b: Klefki|0 fnt\n|faint|p2b: Klefki\n|\n|upkeep\n|\n|t:|1776181396\n|switch|p2b: Lopunny|Lopunny-Mega, L50, F, shiny|100/100\n|turn|5\n|\n|t:|1776181406\n|move|p2a: Raichu|Fake Out|p1b: Kamina\n|-resisted|p1b: Kamina|1\n|-damage|p1b: Kamina|59/100\n|move|p1a: Talonflame|Acrobatics|p2b: Lopunny\n|-supereffective|p2b: Lopunny|1\n|-damage|p2b: Lopunny|27/100\n|cant|p1b: Kamina|flinch\n|move|p2b: Lopunny|Close Combat|p1b: Kamina\n|-supereffective|p1b: Kamina|1\n|-damage|p1b: Kamina|0 fnt\n|-unboost|p2b: Lopunny|def|1\n|-unboost|p2b: Lopunny|spd|1\n|faint|p1b: Kamina\n|\n|upkeep\n|\n|t:|1776181410\n|switch|p1b: Medicham|Medicham, L50, M|100/100\n|turn|6\n|\n|t:|1776181437\n|move|p2b: Lopunny|Protect|p2b: Lopunny\n|-singleturn|p2b: Lopunny|Protect\n|move|p1a: Talonflame|Acrobatics|p2b: Lopunny\n|-activate|p2b: Lopunny|move: Protect\n|move|p1b: Medicham|Close Combat|p2a: Raichu\n|-damage|p2a: Raichu|0 fnt\n|-unboost|p1b: Medicham|def|1\n|-unboost|p1b: Medicham|spd|1\n|faint|p2a: Raichu\n|\n|-sideend|p1: Gallon of poo|move: Tailwind\n|upkeep\n|turn|7\n|\n|t:|1776181460\n|move|p1a: Talonflame|Acrobatics|p2b: Lopunny\n|-supereffective|p2b: Lopunny|1\n|-damage|p2b: Lopunny|0 fnt\n|faint|p2b: Lopunny\n|\n|win|Gallon of poo\n|raw|Gallon of poo's rating: 1128 &rarr; <strong>1151</strong><br />(+23 for winning)\n|raw|SugarTempest's rating: 1096 &rarr; <strong>1074</strong><br />(-22 for losing)\n|l|\u2606SugarTempest\n|player|p2|\n",
  "uploadtime": 1776181473,
  "views": 12,
  "formatid": "gen9championsvgc2026regma",
  "rating": 1074,
  "private": 0,
  "password": null
}