{
  "id": "gen9championsvgc2026regma-2581306310",
  "format": "[Gen 9 Champions] VGC 2026 Reg M-A",
  "players": [
    "lilJesus07",
    "bmartdaking"
  ],
  "log": "|j|\u2606lilJesus07\n|j|\u2606bmartdaking\n|t:|1775984267\n|gametype|doubles\n|player|p1|lilJesus07|brawly|1315\n|player|p2|bmartdaking|265|1308\n|gen|9\n|tier|[Gen 9 Champions] VGC 2026 Reg M-A\n|rated|\n|rule|Species Clause: Limit one of each Pok\u00e9mon\n|rule|Item Clause: Limit 1 of each item\n|clearpoke\n|poke|p1|Corviknight, L50, M|\n|poke|p1|Arcanine-Hisui, L50, M|\n|poke|p1|Kommo-o, L50, F|\n|poke|p1|Drampa, L50, F|\n|poke|p1|Farigiraf, L50, F|\n|poke|p1|Sinistcha, L50|\n|poke|p2|Oranguru, L50, F|\n|poke|p2|Gardevoir, L50, F|\n|poke|p2|Incineroar, L50, M|\n|poke|p2|Sinistcha, L50|\n|poke|p2|Venusaur, L50, M|\n|poke|p2|Torkoal, L50, F|\n|teampreview|4\n|inactive|Battle timer is ON: inactive players will automatically lose when time's up. (requested by lilJesus07)\nbmartdaking rejected open team sheets.\n|\n|t:|1775984297\n|teamsize|p1|4\n|teamsize|p2|4\n|start\n|switch|p1a: Drampa|Drampa, L50, F|100/100\n|switch|p1b: Farigiraf|Farigiraf, L50, F|100/100\n|switch|p2a: Oranguru|Oranguru, L50, F|100/100\n|switch|p2b: Torkoal|Torkoal, L50, F|100/100\n|-ability|p1a: Drampa|Cloud Nine\n|-weather|SunnyDay|[from] ability: Drought|[of] p2b: Torkoal\n|turn|1\n|\n|t:|1775984315\n|switch|p2a: Sinistcha|Sinistcha, L50|100/100\n|switch|p2b: Gardevoir|Gardevoir, L50, F|100/100\n|-ability|p2b: Gardevoir|Armor Tail|Trace|[from] ability: Trace|[of] p1b: Farigiraf\n|detailschange|p1a: Drampa|Drampa-Mega, L50, F\n|-mega|p1a: Drampa|Drampa|Drampanite\n|move|p1a: Drampa|Hyper Voice|p2b: Gardevoir|[spread] p2b\n|-immune|p2a: Sinistcha\n|-damage|p2b: Gardevoir|50/100\n|move|p1b: Farigiraf|Trick Room|p1b: Farigiraf\n|-fieldstart|move: Trick Room|[of] p1b: Farigiraf\n|\n|-weather|SunnyDay|[upkeep]\n|upkeep\n|turn|2\n|j| gE1xjZRtuhW2DdT0AK\n|j| Junglebolt\n|l| Junglebolt\n|inactive|lilJesus07 has 30 seconds left.\n|inactive|bmartdaking has 30 seconds left.\n|inactive|bmartdaking has 20 seconds left.\n|inactive|bmartdaking has 15 seconds left.\n|\n|t:|1775984358\n|move|p1b: Farigiraf|Helping Hand|p1a: Drampa\n|-singleturn|p1a: Drampa|Helping Hand|[of] p1b: Farigiraf\n|move|p2b: Gardevoir|Protect|p2b: Gardevoir\n|-singleturn|p2b: Gardevoir|Protect\n|move|p1a: Drampa|Flamethrower|p2a: Sinistcha\n|-supereffective|p2a: Sinistcha|1\n|-crit|p2a: Sinistcha\n|-damage|p2a: Sinistcha|0 fnt\n|faint|p2a: Sinistcha\n|\n|-weather|SunnyDay|[upkeep]\n|upkeep\n|\n|t:|1775984367\n|switch|p2a: Oranguru|Oranguru, L50, F|100/100\n|turn|3\n|\n|t:|1775984378\n|detailschange|p2b: Gardevoir|Gardevoir-Mega, L50, F\n|-mega|p2b: Gardevoir|Gardevoir|Gardevoirite\n|move|p1b: Farigiraf|Helping Hand|p1a: Drampa\n|-singleturn|p1a: Drampa|Helping Hand|[of] p1b: Farigiraf\n|move|p1a: Drampa|Hyper Voice|p2a: Oranguru|[spread] p2a,p2b\n|-damage|p2a: Oranguru|50/100\n|-damage|p2b: Gardevoir|0 fnt\n|faint|p2b: Gardevoir\n|move|p2a: Oranguru|Encore|p1a: Drampa\n|-start|p1a: Drampa|Encore\n|\n|-weather|SunnyDay|[upkeep]\n|upkeep\n|\n|t:|1775984384\n|switch|p2b: Torkoal|Torkoal, L50, F|100/100\n|turn|4\n|\n|t:|1775984393\n|move|p1b: Farigiraf|Helping Hand|p1a: Drampa\n|-singleturn|p1a: Drampa|Helping Hand|[of] p1b: Farigiraf\n|move|p2b: Torkoal|Eruption|p1b: Farigiraf|[spread] p1a,p1b\n|-resisted|p1a: Drampa|1\n|-damage|p1a: Drampa|64/100\n|-damage|p1b: Farigiraf|13/100\n|move|p1a: Drampa|Hyper Voice|p2b: Torkoal|[spread] p2a,p2b\n|-damage|p2a: Oranguru|0 fnt\n|-damage|p2b: Torkoal|13/100\n|faint|p2a: Oranguru\n|\n|-weather|SunnyDay|[upkeep]\n|upkeep\n|turn|5\n|-message|bmartdaking forfeited.\n|\n|win|lilJesus07\n|raw|lilJesus07's rating: 1315 &rarr; <strong>1335</strong><br />(+20 for winning)\n|raw|bmartdaking's rating: 1308 &rarr; <strong>1288</strong><br />(-20 for losing)\n|l|\u2606bmartdaking\n|player|p2|\n|l|\u2606lilJesus07\n|player|p1|\n",
  "uploadtime": 1775984574,
  "views": 22,
  "formatid": "gen9championsvgc2026regma",
  "rating": 1288,
  "private": 0,
  "password": null
}