{
  "id": "gen9championsvgc2026regma-2587593436",
  "format": "[Gen 9 Champions] VGC 2026 Reg M-A",
  "players": [
    "darthdankulous",
    "Spurr12"
  ],
  "log": "|j|\u2606darthdankulous\n|j|\u2606Spurr12\n|t:|1776545235\n|gametype|doubles\n|player|p1|darthdankulous|n|1109\n|player|p2|Spurr12|1|1208\n|gen|9\n|tier|[Gen 9 Champions] VGC 2026 Reg M-A\n|rated|\n|rule|Species Clause: Limit one of each Pok\u00e9mon\n|rule|Item Clause: Limit 1 of each item\n|clearpoke\n|poke|p1|Hawlucha, L50, F|\n|poke|p1|Excadrill, L50, F|\n|poke|p1|Tyranitar, L50, M|\n|poke|p1|Rotom-Wash, L50|\n|poke|p1|Whimsicott, L50, F|\n|poke|p1|Espathra, L50, F|\n|poke|p2|Alakazam, L50, F|\n|poke|p2|Orthworm, L50, M|\n|poke|p2|Raichu, L50, F|\n|poke|p2|Incineroar, L50, M|\n|poke|p2|Palafin, L50, M|\n|poke|p2|Lucario, L50, F|\n|teampreview|4\n|inactive|Battle timer is ON: inactive players will automatically lose when time's up. (requested by darthdankulous)\ndarthdankulous rejected open team sheets.\n|\n|t:|1776545302\n|teamsize|p1|4\n|teamsize|p2|4\n|start\n|switch|p1a: Excadrill|Excadrill, L50, F|100/100\n|switch|p1b: Tyranitar|Tyranitar, L50, M|100/100\n|switch|p2a: Orthworm|Orthworm, L50, M|100/100\n|switch|p2b: Incineroar|Incineroar, L50, M|100/100\n|-ability|p2b: Incineroar|Intimidate|boost\n|-unboost|p1a: Excadrill|atk|1\n|-unboost|p1b: Tyranitar|atk|1\n|-weather|Sandstorm|[from] ability: Sand Stream|[of] p1b: Tyranitar\n|turn|1\n|\n|t:|1776545323\n|move|p1a: Excadrill|Protect|p1a: Excadrill\n|-singleturn|p1a: Excadrill|Protect\n|move|p1b: Tyranitar|Protect|p1b: Tyranitar\n|-singleturn|p1b: Tyranitar|Protect\n|move|p2b: Incineroar|Fake Out|p1a: Excadrill\n|-activate|p1a: Excadrill|move: Protect\n|move|p2a: Orthworm|Body Press|p1b: Tyranitar\n|-activate|p1b: Tyranitar|move: Protect\n|\n|-weather|Sandstorm|[upkeep]\n|-damage|p2b: Incineroar|95/100|[from] Sandstorm\n|upkeep\n|turn|2\n|\n|t:|1776545339\n|switch|p1b: Whimsicott|Whimsicott, L50, F|100/100\n|detailschange|p1a: Excadrill|Excadrill-Mega, L50, F\n|-mega|p1a: Excadrill|Excadrill|Excadrite\n|move|p1a: Excadrill|High Horsepower|p2b: Incineroar\n|-supereffective|p2b: Incineroar|1\n|-crit|p2b: Incineroar\n|-damage|p2b: Incineroar|0 fnt\n|faint|p2b: Incineroar\n|move|p2a: Orthworm|Shed Tail|p2a: Orthworm\n|-start|p2a: Orthworm|Substitute|[from] move: Shed Tail\n|-damage|p2a: Orthworm|50/100\n|\n|t:|1776545349\n|switch|p2a: Lucario|Lucario, L50, F|100/100|[from] Shed Tail\n|\n|-weather|Sandstorm|[upkeep]\n|-damage|p1b: Whimsicott|95/100|[from] Sandstorm\n|upkeep\n|\n|t:|1776545354\n|switch|p2b: Orthworm|Orthworm, L50, M|50/100\n|turn|3\n|\n|t:|1776545378\n|detailschange|p2a: Lucario|Lucario-Mega, L50, F\n|-mega|p2a: Lucario|Lucario|Lucarionite\n|move|p1b: Whimsicott|Tailwind|p1b: Whimsicott\n|-sidestart|p1: darthdankulous|move: Tailwind\n|move|p1a: Excadrill|High Horsepower|p2b: Orthworm\n|-heal|p2b: Orthworm|75/100|[from] ability: Earth Eater|[of] p1a: Excadrill\n|move|p2a: Lucario|Close Combat|p1a: Excadrill\n|-supereffective|p1a: Excadrill|1\n|-damage|p1a: Excadrill|0 fnt\n|-unboost|p2a: Lucario|def|1\n|-unboost|p2a: Lucario|spd|1\n|faint|p1a: Excadrill\n|move|p2b: Orthworm|Heavy Slam|p1b: Whimsicott\n|-supereffective|p1b: Whimsicott|1\n|-damage|p1b: Whimsicott|32/100\n|\n|-weather|Sandstorm|[upkeep]\n|-damage|p1b: Whimsicott|26/100|[from] Sandstorm\n|upkeep\n|c|\u2606darthdankulous|FCUK\n|c|\u2606darthdankulous|fuck\n|\n|t:|1776545395\n|switch|p1a: Rotom|Rotom-Wash, L50|100/100\n|turn|4\n|c|\u2606Spurr12|Lol sorry\n|c|\u2606darthdankulous|i ruv low elo\n|\n|t:|1776545414\n|move|p2b: Orthworm|Protect|p2b: Orthworm\n|-singleturn|p2b: Orthworm|Protect\n|move|p2a: Lucario|Bullet Punch|p1b: Whimsicott\n|-supereffective|p1b: Whimsicott|1\n|-damage|p1b: Whimsicott|0 fnt\n|faint|p1b: Whimsicott\n|move|p1a: Rotom|Hydro Pump|p2b: Orthworm\n|-activate|p2b: Orthworm|move: Protect\n|\n|-weather|Sandstorm|[upkeep]\n|-damage|p1a: Rotom|95/100|[from] Sandstorm\n|upkeep\n|\n|t:|1776545416\n|switch|p1b: Tyranitar|Tyranitar, L50, M|100/100\n|turn|5\n|c|\u2606Spurr12|I mean you suck why else would you be here w me\n|inactive|Spurr12 has 30 seconds left.\n|c|\u2606darthdankulous|cos my team sucks\n|c|\u2606darthdankulous|this entrainment no guard shit sucks balls\n|inactive|Spurr12 has 20 seconds left.\n|inactive|Spurr12 has 15 seconds left.\n|c|\u2606Spurr12|Yeah hella gimmick\n|inactive|Spurr12 has 10 seconds left.\n|c|\u2606Spurr12|My team gimmicks too\n|inactive|Spurr12 has 5 seconds left.\n|\n|t:|1776545467\n|move|p1a: Rotom|Hydro Pump|p2b: Orthworm\n|-damage|p2b: Orthworm|0 fnt\n|faint|p2b: Orthworm\n|move|p2a: Lucario|Close Combat|p1a: Rotom\n|-damage|p1a: Rotom|0 fnt\n|-unboost|p2a: Lucario|def|1\n|-unboost|p2a: Lucario|spd|1\n|faint|p1a: Rotom\n|move|p1b: Tyranitar|Knock Off|p2a: Lucario\n|-resisted|p2a: Lucario|1\n|-end|p2a: Lucario|Substitute\n|\n|-weather|none\n|upkeep\n|c|\u2606darthdankulous|i fucking hate orthworm\n|c|\u2606darthdankulous|good riddance\n|\n|t:|1776545479\n|switch|p2b: Raichu|Raichu, L50, F|100/100\n|turn|6\n|\n|t:|1776545488\n|move|p2b: Raichu|Fake Out|p1b: Tyranitar\n|-resisted|p1b: Tyranitar|1\n|-damage|p1b: Tyranitar|97/100\n|move|p2a: Lucario|Close Combat|p1b: Tyranitar\n|-supereffective|p1b: Tyranitar|2\n|-damage|p1b: Tyranitar|0 fnt\n|-unboost|p2a: Lucario|def|1\n|-unboost|p2a: Lucario|spd|1\n|faint|p1b: Tyranitar\n|\n|win|Spurr12\n",
  "uploadtime": 1776545450,
  "views": 9,
  "formatid": "gen9championsvgc2026regma",
  "rating": null,
  "private": 0,
  "password": null
}