{
  "id": "gen9championsvgc2026regma-2581877674",
  "format": "[Gen 9 Champions] VGC 2026 Reg M-A",
  "players": [
    "luxor0545",
    "TheTailwindEnjoyer"
  ],
  "log": "|j|\u2606luxor0545\n|j|\u2606TheTailwindEnjoyer\n|t:|1776035999\n|gametype|doubles\n|player|p1|luxor0545|102|1048\n|player|p2|TheTailwindEnjoyer|player-go|1125\n|gen|9\n|tier|[Gen 9 Champions] VGC 2026 Reg M-A\n|rated|\n|rule|Species Clause: Limit one of each Pok\u00e9mon\n|rule|Item Clause: Limit 1 of each item\n|clearpoke\n|poke|p1|Chandelure, L50, M|\n|poke|p1|Sneasler, L50, M|\n|poke|p1|Kingambit, L50, M|\n|poke|p1|Sinistcha, L50|\n|poke|p1|Dragonite, L50, F|\n|poke|p1|Farigiraf, L50, F|\n|poke|p2|Gengar, L50, F|\n|poke|p2|Basculegion, L50, M|\n|poke|p2|Typhlosion-Hisui, L50, M|\n|poke|p2|Whimsicott, L50, M|\n|poke|p2|Dragonite, L50, F|\n|poke|p2|Sneasler, L50, F|\n|teampreview|4\n|inactive|Battle timer is ON: inactive players will automatically lose when time's up. (requested by TheTailwindEnjoyer)\nluxor0545 rejected open team sheets.\n|inactive|TheTailwindEnjoyer has 60 seconds left.\n|\n|t:|1776036038\n|teamsize|p1|4\n|teamsize|p2|4\n|start\n|switch|p1a: Kingambit|Kingambit, L50, M|100/100\n|switch|p1b: Farigiraf|Farigiraf, L50, F|100/100\n|switch|p2a: Sneasler|Sneasler, L50, F|100/100\n|switch|p2b: Dragonite|Dragonite, L50, F|100/100\n|turn|1\n|\n|t:|1776036053\n|move|p1a: Kingambit|Protect|p1a: Kingambit\n|-singleturn|p1a: Kingambit|Protect\n|move|p2a: Sneasler|Close Combat|p1b: Farigiraf\n|-damage|p1b: Farigiraf|31/100\n|-unboost|p2a: Sneasler|def|1\n|-unboost|p2a: Sneasler|spd|1\n|-enditem|p2a: Sneasler|White Herb\n|-clearnegativeboost|p2a: Sneasler|[silent]\n|move|p2b: Dragonite|Outrage|p1b: Farigiraf\n|-damage|p1b: Farigiraf|0 fnt\n|faint|p1b: Farigiraf\n|\n|upkeep\n|\n|t:|1776036066\n|switch|p1b: Sneasler|Sneasler, L50, M|100/100\n|-ability|p1b: Sneasler|Pressure\n|turn|2\n|inactive|luxor0545 has 30 seconds left.\n|l|\u2606luxor0545\n|inactive|luxor0545 disconnected and has a minute to reconnect!\n|player|p1|\n|inactive|luxor0545 has 20 seconds left.\n|j|\u2606luxor0545\n|inactive|luxor0545 reconnected and has 20 seconds left.\n|player|p1|luxor0545|102|\n|\n|t:|1776036106\n|move|p1b: Sneasler|Fake Out|p2a: Sneasler\n|-damage|p2a: Sneasler|77/100\n|cant|p2a: Sneasler|flinch\n|move|p2b: Dragonite|Outrage|p1a: Kingambit|[from] lockedmove\n|-resisted|p1a: Kingambit|1\n|-damage|p1a: Kingambit|69/100\n|-start|p2b: Dragonite|confusion|[fatigue]\n|move|p1a: Kingambit|Iron Head|p2a: Sneasler\n|-damage|p2a: Sneasler|0 fnt\n|faint|p2a: Sneasler\n|\n|upkeep\n|\n|t:|1776036122\n|switch|p2a: Whimsicott|Whimsicott, L50, M|100/100\n|turn|3\n|\n|t:|1776036132\n|move|p2a: Whimsicott|Encore|p1b: Sneasler\n|-start|p1b: Sneasler|Encore\n|-enditem|p1b: Sneasler|Mental Herb\n|-end|p1b: Sneasler|Encore\n|move|p1b: Sneasler|Dire Claw|p2a: Whimsicott\n|-supereffective|p2a: Whimsicott|2\n|-crit|p2a: Whimsicott\n|-enditem|p2a: Whimsicott|Focus Sash\n|-damage|p2a: Whimsicott|1/100\n|-status|p2a: Whimsicott|par\n|-activate|p2b: Dragonite|confusion\n|move|p2b: Dragonite|Low Kick|p1a: Kingambit\n|-supereffective|p1a: Kingambit|2\n|-damage|p1a: Kingambit|0 fnt\n|faint|p1a: Kingambit\n|\n|upkeep\n|\n|t:|1776036145\n|switch|p1a: Chandelure|Chandelure, L50, M|100/100\n|turn|4\n|j| Carrielis\n|j| Jackleton\n|j| Nytter877\n|\n|t:|1776036157\n|detailschange|p1a: Chandelure|Chandelure-Mega, L50, M\n|-mega|p1a: Chandelure|Chandelure|Chandelurite\n|move|p2a: Whimsicott|Tailwind|p2a: Whimsicott\n|-sidestart|p2: TheTailwindEnjoyer|move: Tailwind\n|-activate|p2b: Dragonite|confusion\n|move|p2b: Dragonite|Outrage|p1b: Sneasler\n|-damage|p1b: Sneasler|0 fnt\n|faint|p1b: Sneasler\n|move|p1a: Chandelure|Shadow Ball|p2b: Dragonite\n|-damage|p2b: Dragonite|38/100\n|\n|upkeep\n|turn|5\n|j| Tealnotsu\n|\n|t:|1776036170\n|move|p2a: Whimsicott|Encore|p1a: Chandelure\n|-start|p1a: Chandelure|Encore\n|-activate|p2b: Dragonite|confusion\n|move|p2b: Dragonite|Outrage|p1a: Chandelure|[from] lockedmove\n|-damage|p1a: Chandelure|2/100\n|move|p1a: Chandelure|Shadow Ball|p2a: Whimsicott\n|-damage|p2a: Whimsicott|0 fnt\n|faint|p2a: Whimsicott\n|\n|upkeep\n|\n|t:|1776036173\n|switch|p2a: Basculegion|Basculegion, L50, M|100/100\n|turn|6\n|l| Nytter877\n|\n|t:|1776036181\n|-end|p2b: Dragonite|confusion\n|move|p2b: Dragonite|Outrage|p1a: Chandelure|[from] lockedmove\n|-crit|p1a: Chandelure\n|-damage|p1a: Chandelure|0 fnt\n|faint|p1a: Chandelure\n|-start|p2b: Dragonite|confusion|[fatigue]\n|\n|win|TheTailwindEnjoyer\n|raw|luxor0545's rating: 1048 &rarr; <strong>1034</strong><br />(-14 for losing)\n|raw|TheTailwindEnjoyer's rating: 1118 &rarr; <strong>1138</strong><br />(+20 for winning)\n|l|\u2606luxor0545\n|player|p1|\n|l| Jackleton\n|l| Tealnotsu\n",
  "uploadtime": 1776036202,
  "views": 11,
  "formatid": "gen9championsvgc2026regma",
  "rating": 1034,
  "private": 0,
  "password": null
}