{
  "id": "gen9championsvgc2026regma-2583546381",
  "format": "[Gen 9 Champions] VGC 2026 Reg M-A",
  "players": [
    "1Neku",
    "cosmitx"
  ],
  "log": "|j|\u26061Neku\n|j|\u2606cosmitx\n|t:|1776182476\n|gametype|doubles\n|player|p1|1Neku|170|1098\n|player|p2|cosmitx|1|1069\n|gen|9\n|tier|[Gen 9 Champions] VGC 2026 Reg M-A\n|rated|\n|rule|Species Clause: Limit one of each Pok\u00e9mon\n|rule|Item Clause: Limit 1 of each item\n|clearpoke\n|poke|p1|Pelipper, L50, M|\n|poke|p1|Basculegion, L50, M|\n|poke|p1|Sinistcha, L50|\n|poke|p1|Archaludon, L50, F|\n|poke|p1|Sneasler, L50, F|\n|poke|p1|Dragonite, L50, M|\n|poke|p2|Incineroar, L50, F|\n|poke|p2|Whimsicott, L50, F|\n|poke|p2|Jolteon, L50, F|\n|poke|p2|Gallade, L50, M|\n|poke|p2|Pelipper, L50, M|\n|poke|p2|Manectric, L50, F|\n|teampreview|4\n|inactive|Battle timer is ON: inactive players will automatically lose when time's up. (requested by cosmitx)\n|\n|t:|1776182508\n|teamsize|p1|4\n|teamsize|p2|4\n|start\n|switch|p1a: Basculegion|Basculegion, L50, M|100/100\n|switch|p1b: Sneasler|Sneasler, L50, F|100/100\n|switch|p2a: Pelipper|Pelipper, L50, M|100/100\n|switch|p2b: Manectric|Manectric, L50, F, shiny|100/100\n|-weather|RainDance|[from] ability: Drizzle|[of] p2a: Pelipper\n|turn|1\n|inactive|1Neku has 30 seconds left.\n|inactive|cosmitx has 30 seconds left.\n|\n|t:|1776182537\n|switch|p2b: Incineroar|Incineroar, L50, F|100/100\n|-ability|p2b: Incineroar|Intimidate|boost\n|-unboost|p1a: Basculegion|atk|1\n|-unboost|p1b: Sneasler|atk|1\n|-enditem|p1b: Sneasler|White Herb\n|-clearnegativeboost|p1b: Sneasler|[silent]\n|move|p1b: Sneasler|Fake Out|p2a: Pelipper\n|-damage|p2a: Pelipper|84/100\n|move|p1a: Basculegion|Flip Turn|p2a: Pelipper\n|-resisted|p2a: Pelipper|1\n|-damage|p2a: Pelipper|65/100\n|\n|t:|1776182549\n|switch|p1a: Pelipper|Pelipper, L50, M, shiny|100/100|[from] Flip Turn\n|cant|p2a: Pelipper|flinch\n|\n|-weather|RainDance|[upkeep]\n|-heal|p2a: Pelipper|71/100|[from] item: Leftovers\n|upkeep\n|turn|2\n|inactive|1Neku has 30 seconds left.\n|inactive|1Neku has 20 seconds left.\n|\n|t:|1776182585\n|move|p1b: Sneasler|Protect|p1b: Sneasler\n|-singleturn|p1b: Sneasler|Protect\n|move|p2b: Incineroar|Fake Out|p1a: Pelipper\n|-damage|p1a: Pelipper|83/100\n|cant|p1a: Pelipper|flinch\n|move|p2a: Pelipper|Hurricane|p1b: Sneasler\n|-activate|p1b: Sneasler|move: Protect\n|\n|-weather|RainDance|[upkeep]\n|-heal|p2a: Pelipper|77/100|[from] item: Leftovers\n|upkeep\n|turn|3\n|inactive|cosmitx has 30 seconds left.\n|inactive|cosmitx has 20 seconds left.\n|\n|t:|1776182622\n|switch|p1b: Dragonite|Dragonite, L50, M|100/100\n|switch|p2b: Manectric|Manectric, L50, F, shiny|100/100\n|move|p1a: Pelipper|Tailwind|p1a: Pelipper\n|-sidestart|p1: 1Neku|move: Tailwind\n|move|p2a: Pelipper|Hurricane|p1b: Dragonite\n|-damage|p1b: Dragonite|53/100\n|-start|p1b: Dragonite|confusion\n|\n|-weather|RainDance|[upkeep]\n|-heal|p2a: Pelipper|83/100|[from] item: Leftovers\n|upkeep\n|turn|4\n|inactive|1Neku has 30 seconds left.\n|\n|t:|1776182651\n|detailschange|p1b: Dragonite|Dragonite-Mega, L50, M\n|-mega|p1b: Dragonite|Dragonite|Dragoninite\n|detailschange|p2b: Manectric|Manectric-Mega, L50, F, shiny\n|-mega|p2b: Manectric|Manectric|Manectite\n|-ability|p2b: Manectric|Intimidate|boost\n|-unboost|p1a: Pelipper|atk|1\n|-unboost|p1b: Dragonite|atk|1\n|-activate|p1b: Dragonite|confusion\n|move|p1b: Dragonite|Protect|p1b: Dragonite\n|-singleturn|p1b: Dragonite|Protect\n|move|p1a: Pelipper|Protect|p1a: Pelipper\n|-singleturn|p1a: Pelipper|Protect\n|move|p2b: Manectric|Thunder|p1b: Dragonite\n|-activate|p1b: Dragonite|move: Protect\n|move|p2a: Pelipper|Tailwind|p2a: Pelipper\n|-sidestart|p2: cosmitx|move: Tailwind\n|\n|-weather|RainDance|[upkeep]\n|-heal|p2a: Pelipper|89/100|[from] item: Leftovers\n|upkeep\n|turn|5\n|inactive|1Neku has 30 seconds left.\n|inactive|1Neku has 20 seconds left.\n|\n|t:|1776182687\n|move|p2b: Manectric|Thunder|p1b: Dragonite\n|-damage|p1b: Dragonite|3/100\n|-end|p1b: Dragonite|confusion\n|move|p1b: Dragonite|Draco Meteor|p2b: Manectric\n|-damage|p2b: Manectric|0 fnt\n|-unboost|p1b: Dragonite|spa|2\n|faint|p2b: Manectric\n|move|p1a: Pelipper|Hurricane|p2a: Pelipper\n|-crit|p2a: Pelipper\n|-damage|p2a: Pelipper|0 fnt\n|faint|p2a: Pelipper\n|\n|-weather|none\n|upkeep\n|\n|t:|1776182695\n|switch|p2b: Incineroar|Incineroar, L50, F|100/100\n|switch|p2a: Gallade|Gallade, L50, M, shiny|100/100\n|-ability|p2b: Incineroar|Intimidate|boost\n|-unboost|p1a: Pelipper|atk|1\n|-unboost|p1b: Dragonite|atk|1\n|turn|6\n|\n|t:|1776182717\n|switch|p1a: Basculegion|Basculegion, L50, M|100/100\n|move|p1b: Dragonite|Protect|p1b: Dragonite\n|-singleturn|p1b: Dragonite|Protect\n|move|p2b: Incineroar|Fake Out|p1a: Basculegion\n|-immune|p1a: Basculegion\n|move|p2a: Gallade|Psycho Cut|p1b: Dragonite\n|-activate|p1b: Dragonite|move: Protect\n|\n|-sideend|p1: 1Neku|move: Tailwind\n|upkeep\n|turn|7\n|inactive|1Neku has 30 seconds left.\n|\n|t:|1776182742\n|switch|p1b: Pelipper|Pelipper, L50, M, shiny|83/100\n|-weather|RainDance|[from] ability: Drizzle|[of] p1b: Pelipper\n|move|p1a: Basculegion|Wave Crash|p2b: Incineroar\n|-supereffective|p2b: Incineroar|1\n|-damage|p2b: Incineroar|0 fnt\n|faint|p2b: Incineroar\n|-damage|p1a: Basculegion|70/100|[from] Recoil\n|move|p2a: Gallade|Psycho Cut|p1b: Pelipper\n|-crit|p1b: Pelipper\n|-damage|p1b: Pelipper|0 fnt\n|faint|p1b: Pelipper\n|\n|-weather|RainDance|[upkeep]\n|-sideend|p2: cosmitx|move: Tailwind\n|upkeep\n|\n|t:|1776182760\n|switch|p1b: Sneasler|Sneasler, L50, F|100/100\n|turn|8\n|\n|t:|1776182765\n|move|p1b: Sneasler|Fake Out|p2a: Gallade\n|-damage|p2a: Gallade|77/100\n|move|p1a: Basculegion|Wave Crash|p2a: Gallade\n|-damage|p2a: Gallade|0 fnt\n|faint|p2a: Gallade\n|-damage|p1a: Basculegion|52/100|[from] Recoil\n|\n|win|1Neku\n|raw|1Neku's rating: 1098 &rarr; <strong>1121</strong><br />(+23 for winning)\n|raw|cosmitx's rating: 1069 &rarr; <strong>1050</strong><br />(-19 for losing)\n|l|\u2606cosmitx\n|player|p2|\n",
  "uploadtime": 1776182774,
  "views": 19,
  "formatid": "gen9championsvgc2026regma",
  "rating": 1050,
  "private": 0,
  "password": null
}