{
  "id": "gen9championsvgc2026regma-2583649459",
  "format": "[Gen 9 Champions] VGC 2026 Reg M-A",
  "players": [
    "cuttica",
    "dizzypants"
  ],
  "log": "|j|\u2606cuttica\n|j|\u2606dizzypants\n|t:|1776188726\n|gametype|doubles\n|player|p1|cuttica|266|1104\n|player|p2|dizzypants|lance-lgpe|1122\n|gen|9\n|tier|[Gen 9 Champions] VGC 2026 Reg M-A\n|rated|\n|rule|Species Clause: Limit one of each Pok\u00e9mon\n|rule|Item Clause: Limit 1 of each item\n|clearpoke\n|poke|p1|Gengar, L50, M|\n|poke|p1|Whimsicott, L50, F|\n|poke|p1|Incineroar, L50, M|\n|poke|p1|Kingambit, L50, M|\n|poke|p1|Politoed, L50, M|\n|poke|p1|Archaludon, L50, M|\n|poke|p2|Toxicroak, L50, M|\n|poke|p2|Pelipper, L50, F|\n|poke|p2|Archaludon, L50, M|\n|poke|p2|Maushold, L50|\n|poke|p2|Basculegion, L50, M|\n|poke|p2|Meganium, L50, F|\n|teampreview|4\n|inactive|Battle timer is ON: inactive players will automatically lose when time's up. (requested by cuttica)\n|inactive|dizzypants has 60 seconds left.\n|\n|t:|1776188774\n|teamsize|p1|4\n|teamsize|p2|4\n|start\n|switch|p1a: Gengar|Gengar, L50, M, shiny|100/100\n|switch|p1b: Politoed|Politoed, L50, M, shiny|100/100\n|switch|p2a: Basculegion|Basculegion, L50, M|100/100\n|switch|p2b: Toxicroak|Toxicroak, L50, M|100/100\n|-weather|RainDance|[from] ability: Drizzle|[of] p1b: Politoed\n|turn|1\n|inactive|dizzypants has 30 seconds left.\n|inactive|dizzypants has 20 seconds left.\n|inactive|dizzypants has 15 seconds left.\n|inactive|dizzypants has 10 seconds left.\n|inactive|dizzypants has 5 seconds left.\n|\n|t:|1776188829\n|detailschange|p1a: Gengar|Gengar-Mega, L50, M, shiny\n|-mega|p1a: Gengar|Gengar|Gengarite\n|move|p2a: Basculegion|Protect|p2a: Basculegion\n|-singleturn|p2a: Basculegion|Protect\n|move|p1a: Gengar|Protect|p1a: Gengar\n|-singleturn|p1a: Gengar|Protect\n|move|p2b: Toxicroak|Gunk Shot|p1a: Gengar\n|-activate|p1a: Gengar|move: Protect\n|move|p1b: Politoed|Icy Wind|p2b: Toxicroak|[spread] p2b\n|-activate|p2a: Basculegion|move: Protect\n|-damage|p2b: Toxicroak|87/100\n|-unboost|p2b: Toxicroak|spe|1\n|-enditem|p2b: Toxicroak|White Herb\n|-clearnegativeboost|p2b: Toxicroak|[silent]\n|\n|-weather|RainDance|[upkeep]\n|-heal|p2b: Toxicroak|99/100|[from] ability: Dry Skin\n|upkeep\n|turn|2\n|\n|t:|1776188850\n|move|p2a: Basculegion|Last Respects|p1a: Gengar\n|-supereffective|p1a: Gengar|1\n|-damage|p1a: Gengar|35/100\n|move|p1a: Gengar|Shadow Ball|p2a: Basculegion\n|-supereffective|p2a: Basculegion|1\n|-damage|p2a: Basculegion|0 fnt\n|faint|p2a: Basculegion\n|move|p2b: Toxicroak|Knock Off|p1a: Gengar\n|-supereffective|p1a: Gengar|1\n|-crit|p1a: Gengar\n|-damage|p1a: Gengar|0 fnt\n|faint|p1a: Gengar\n|move|p1b: Politoed|Icy Wind|p2b: Toxicroak\n|-damage|p2b: Toxicroak|80/100\n|-unboost|p2b: Toxicroak|spe|1\n|\n|-weather|RainDance|[upkeep]\n|-heal|p2b: Toxicroak|92/100|[from] ability: Dry Skin\n|upkeep\n|\n|t:|1776188869\n|switch|p1a: Incineroar|Incineroar, L50, M, shiny|100/100\n|switch|p2a: Pelipper|Pelipper, L50, F|100/100\n|-ability|p1a: Incineroar|Intimidate|boost\n|-unboost|p2a: Pelipper|atk|1\n|-unboost|p2b: Toxicroak|atk|1\n|turn|3\n|\n|t:|1776188888\n|switch|p2b: Archaludon|Archaludon, L50, M|100/100\n|move|p1a: Incineroar|Fake Out|p2b: Archaludon\n|-resisted|p2b: Archaludon|1\n|-damage|p2b: Archaludon|97/100\n|-ability|p2b: Archaludon|Stamina|boost\n|-boost|p2b: Archaludon|def|1\n|move|p2a: Pelipper|Surf|p1a: Incineroar|[spread] p2b,p1a,p1b\n|-resisted|p2b: Archaludon|1\n|-supereffective|p1a: Incineroar|1\n|-resisted|p1b: Politoed|1\n|-damage|p2b: Archaludon|71/100\n|-damage|p1a: Incineroar|37/100\n|-damage|p1b: Politoed|84/100\n|-ability|p2b: Archaludon|Stamina|boost\n|-boost|p2b: Archaludon|def|1\n|-enditem|p1a: Incineroar|Sitrus Berry|[eat]\n|-heal|p1a: Incineroar|62/100|[from] item: Sitrus Berry\n|move|p1b: Politoed|Weather Ball|p2b: Archaludon\n|-resisted|p2b: Archaludon|1\n|-damage|p2b: Archaludon|42/100\n|-ability|p2b: Archaludon|Stamina|boost\n|-boost|p2b: Archaludon|def|1\n|-enditem|p2b: Archaludon|Sitrus Berry|[eat]\n|-heal|p2b: Archaludon|67/100|[from] item: Sitrus Berry\n|\n|-weather|RainDance|[upkeep]\n|-heal|p1b: Politoed|90/100|[from] item: Leftovers\n|upkeep\n|turn|4\n|inactive|cuttica has 30 seconds left.\n|inactive|dizzypants has 30 seconds left.\n|inactive|cuttica has 20 seconds left.\n|\n|t:|1776188928\n|switch|p1a: Kingambit|Kingambit, L50, M, shiny|100/100\n|move|p2a: Pelipper|Surf|p1b: Politoed|[spread] p2b,p1a,p1b\n|-resisted|p2b: Archaludon|1\n|-crit|p1a: Kingambit\n|-resisted|p1b: Politoed|1\n|-damage|p2b: Archaludon|38/100\n|-damage|p1a: Kingambit|39/100\n|-damage|p1b: Politoed|75/100\n|-ability|p2b: Archaludon|Stamina|boost\n|-boost|p2b: Archaludon|def|1\n|move|p2b: Archaludon|Electro Shot||[still]\n|-prepare|p2b: Archaludon|Electro Shot\n|-boost|p2b: Archaludon|spa|1\n|-anim|p2b: Archaludon|Electro Shot|p1a: Kingambit\n|-damage|p1a: Kingambit|0 fnt\n|faint|p1a: Kingambit\n|move|p1b: Politoed|Perish Song|p1b: Politoed\n|-start|p1b: Politoed|perish3|[silent]\n|-start|p2a: Pelipper|perish3|[silent]\n|-start|p2b: Archaludon|perish3|[silent]\n|-fieldactivate|move: Perish Song\n|\n|-weather|RainDance|[upkeep]\n|-heal|p1b: Politoed|81/100|[from] item: Leftovers\n|-start|p2a: Pelipper|perish3\n|-start|p2b: Archaludon|perish3\n|-start|p1b: Politoed|perish3\n|upkeep\n|\n|t:|1776188941\n|switch|p1a: Incineroar|Incineroar, L50, M, shiny|62/100\n|-ability|p1a: Incineroar|Intimidate|boost\n|-unboost|p2a: Pelipper|atk|1\n|-unboost|p2b: Archaludon|atk|1\n|turn|5\n|inactive|cuttica has 30 seconds left.\n|\n|t:|1776188970\n|move|p2b: Archaludon|Protect|p2b: Archaludon\n|-singleturn|p2b: Archaludon|Protect\n|move|p1a: Incineroar|Fake Out|p2a: Pelipper\n|-damage|p2a: Pelipper|86/100\n|cant|p2a: Pelipper|flinch\n|move|p1b: Politoed|Icy Wind|p2a: Pelipper|[spread] p2a\n|-activate|p2b: Archaludon|move: Protect\n|-damage|p2a: Pelipper|71/100\n|-unboost|p2a: Pelipper|spe|1\n|\n|-weather|none\n|-heal|p1b: Politoed|87/100|[from] item: Leftovers\n|-start|p2a: Pelipper|perish2\n|-start|p2b: Archaludon|perish2\n|-start|p1b: Politoed|perish2\n|upkeep\n|turn|6\n|inactive|cuttica has 30 seconds left.\n|inactive|dizzypants has 30 seconds left.\n|\n|t:|1776189002\n|move|p2a: Pelipper|Surf|p1b: Politoed|[spread] p2b,p1a,p1b\n|-resisted|p2b: Archaludon|1\n|-supereffective|p1a: Incineroar|1\n|-resisted|p1b: Politoed|1\n|-damage|p2b: Archaludon|21/100\n|-damage|p1a: Incineroar|16/100\n|-damage|p1b: Politoed|77/100\n|-ability|p2b: Archaludon|Stamina|boost\n|-boost|p2b: Archaludon|def|1\n|move|p2b: Archaludon|Dragon Pulse|p1a: Incineroar\n|-damage|p1a: Incineroar|0 fnt\n|faint|p1a: Incineroar\n|move|p1b: Politoed|Icy Wind|p2b: Archaludon|[spread] p2a,p2b\n|-damage|p2a: Pelipper|57/100\n|-damage|p2b: Archaludon|9/100\n|-unboost|p2a: Pelipper|spe|1\n|-unboost|p2b: Archaludon|spe|1\n|-ability|p2b: Archaludon|Stamina|boost\n|-boost|p2b: Archaludon|def|1\n|\n|-heal|p1b: Politoed|83/100|[from] item: Leftovers\n|-start|p2a: Pelipper|perish1\n|-start|p1b: Politoed|perish1\n|-start|p2b: Archaludon|perish1\n|upkeep\n|turn|7\n|-message|cuttica forfeited.\n|\n|win|dizzypants\n|raw|cuttica's rating: 1104 &rarr; <strong>1080</strong><br />(-24 for losing)\n|raw|dizzypants's rating: 1122 &rarr; <strong>1146</strong><br />(+24 for winning)\n|l|\u2606cuttica\n|player|p1|\n",
  "uploadtime": 1776189024,
  "views": 17,
  "formatid": "gen9championsvgc2026regma",
  "rating": 1080,
  "private": 0,
  "password": null
}