{
  "id": "gen9championsvgc2026regma-2581508459",
  "format": "[Gen 9 Champions] VGC 2026 Reg M-A",
  "players": [
    "santhenix92",
    "Chikitriskis"
  ],
  "log": "|j|\u2606santhenix92\n|j|\u2606Chikitriskis\n|t:|1776006812\n|gametype|doubles\n|player|p1|santhenix92|lance|1117\n|player|p2|Chikitriskis|canari|1179\n|gen|9\n|tier|[Gen 9 Champions] VGC 2026 Reg M-A\n|rated|\n|rule|Species Clause: Limit one of each Pok\u00e9mon\n|rule|Item Clause: Limit 1 of each item\n|clearpoke\n|poke|p1|Tyrantrum, L50, F|\n|poke|p1|Incineroar, L50, F|\n|poke|p1|Serperior, L50, F|\n|poke|p1|Starmie, L50|\n|poke|p1|Conkeldurr, L50, M|\n|poke|p1|Luxray, L50, M|\n|poke|p2|Venusaur, L50, M|\n|poke|p2|Toxapex, L50, F|\n|poke|p2|Farigiraf, L50, M|\n|poke|p2|Arcanine-Hisui, L50, F|\n|poke|p2|Ninetales-Alola, L50, F|\n|poke|p2|Basculegion, L50, M|\n|teampreview|4\n|inactive|Battle timer is ON: inactive players will automatically lose when time's up. (requested by Chikitriskis)\n|\n|t:|1776006842\n|teamsize|p1|4\n|teamsize|p2|4\n|start\n|switch|p1a: Tyrantrum|Tyrantrum, L50, F|100/100\n|switch|p1b: Incineroar|Incineroar, L50, F|100/100\n|switch|p2a: Venusaur|Venusaur, L50, M, shiny|100/100\n|switch|p2b: Toxapex|Toxapex, L50, F|100/100\n|-ability|p1b: Incineroar|Intimidate|boost\n|-unboost|p2a: Venusaur|atk|1\n|-unboost|p2b: Toxapex|atk|1\n|turn|1\n|-activate|p1a: Tyrantrum|item: Quick Claw\n|\n|t:|1776006866\n|switch|p2a: Arcanine|Arcanine-Hisui, L50, F|100/100\n|-ability|p2a: Arcanine|Intimidate|boost\n|-unboost|p1a: Tyrantrum|atk|1\n|-unboost|p1b: Incineroar|atk|1\n|move|p2b: Toxapex|Baneful Bunker|p2b: Toxapex\n|-singleturn|p2b: Toxapex|move: Protect\n|move|p1b: Incineroar|Fake Out|p2b: Toxapex\n|-activate|p2b: Toxapex|move: Protect\n|-status|p1b: Incineroar|psn\n|move|p1a: Tyrantrum|Head Smash|p2b: Toxapex\n|-activate|p2b: Toxapex|move: Protect\n|-status|p1a: Tyrantrum|psn\n|\n|-damage|p1a: Tyrantrum|88/100 psn|[from] psn\n|-damage|p1b: Incineroar|88/100 psn|[from] psn\n|upkeep\n|turn|2\n|inactive|santhenix92 has 30 seconds left.\n|\n|t:|1776006894\n|move|p2a: Arcanine|Stealth Rock|p1b: Incineroar\n|-sidestart|p1: santhenix92|move: Stealth Rock\n|move|p1a: Tyrantrum|Dragon Dance|p1a: Tyrantrum\n|-boost|p1a: Tyrantrum|atk|1\n|-boost|p1a: Tyrantrum|spe|1\n|move|p1b: Incineroar|Parting Shot|p2a: Arcanine\n|-unboost|p2a: Arcanine|atk|1\n|-unboost|p2a: Arcanine|spa|1\n|\n|t:|1776006907\n|switch|p1b: Starmie|Starmie, L50|100/100|[from] Parting Shot\n|-damage|p1b: Starmie|88/100|[from] Stealth Rock\n|move|p2b: Toxapex|Toxic Spikes|p1a: Tyrantrum\n|-sidestart|p1: santhenix92|move: Toxic Spikes\n|\n|-damage|p1a: Tyrantrum|76/100 psn|[from] psn\n|upkeep\n|turn|3\n|\n|t:|1776006925\n|detailschange|p1b: Starmie|Starmie-Mega, L50\n|-mega|p1b: Starmie|Starmie|Starminite\n|move|p1b: Starmie|Aqua Jet|p2a: Arcanine\n|-supereffective|p2a: Arcanine|2\n|-damage|p2a: Arcanine|0 fnt\n|faint|p2a: Arcanine\n|move|p1a: Tyrantrum|Dragon Dance|p1a: Tyrantrum\n|-boost|p1a: Tyrantrum|atk|1\n|-boost|p1a: Tyrantrum|spe|1\n|move|p2b: Toxapex|Infestation|p1b: Starmie\n|-supereffective|p1b: Starmie|1\n|-damage|p1b: Starmie|82/100\n|-activate|p1b: Starmie|move: Infestation|[of] p2b: Toxapex\n|\n|-damage|p1a: Tyrantrum|64/100 psn|[from] psn\n|-damage|p1b: Starmie|69/100|[from] move: Infestation|[partiallytrapped]\n|upkeep\n|\n|t:|1776006938\n|switch|p2a: Venusaur|Venusaur, L50, M, shiny|100/100\n|turn|4\n|\n|t:|1776006953\n|detailschange|p2a: Venusaur|Venusaur-Mega, L50, M, shiny\n|-mega|p2a: Venusaur|Venusaur|Venusaurite\n|move|p1a: Tyrantrum|Head Smash|p2a: Venusaur\n|-damage|p2a: Venusaur|34/100\n|move|p1b: Starmie|Psychic|p2a: Venusaur\n|-supereffective|p2a: Venusaur|1\n|-damage|p2a: Venusaur|0 fnt\n|faint|p2a: Venusaur\n|move|p2b: Toxapex|Infestation|p1a: Tyrantrum\n|-damage|p1a: Tyrantrum|60/100 psn\n|-activate|p1a: Tyrantrum|move: Infestation|[of] p2b: Toxapex\n|\n|-damage|p1a: Tyrantrum|48/100 psn|[from] psn\n|-damage|p1a: Tyrantrum|36/100 psn|[from] move: Infestation|[partiallytrapped]\n|-damage|p1b: Starmie|57/100|[from] move: Infestation|[partiallytrapped]\n|upkeep\n|\n|t:|1776006961\n|switch|p2a: Farigiraf|Farigiraf, L50, M|100/100\n|turn|5\n|inactive|Chikitriskis has 30 seconds left.\n|\n|t:|1776006989\n|move|p2b: Toxapex|Baneful Bunker|p2b: Toxapex\n|-singleturn|p2b: Toxapex|move: Protect\n|move|p1b: Starmie|Aqua Jet||[still]\n|cant|p2a: Farigiraf|ability: Armor Tail|Aqua Jet|[of] p1b: Starmie\n|move|p1a: Tyrantrum|Head Smash|p2a: Farigiraf\n|-damage|p2a: Farigiraf|17/100\n|-enditem|p2a: Farigiraf|Sitrus Berry|[eat]\n|-heal|p2a: Farigiraf|42/100|[from] item: Sitrus Berry\n|move|p2a: Farigiraf|Hyper Voice|p1a: Tyrantrum|[spread] p1a,p1b\n|-resisted|p1a: Tyrantrum|1\n|-damage|p1a: Tyrantrum|16/100 psn\n|-damage|p1b: Starmie|27/100\n|\n|-damage|p1a: Tyrantrum|4/100 psn|[from] psn\n|-damage|p1a: Tyrantrum|0 fnt|[from] move: Infestation|[partiallytrapped]\n|faint|p1a: Tyrantrum\n|-damage|p1b: Starmie|15/100|[from] move: Infestation|[partiallytrapped]\n|upkeep\n|\n|t:|1776007010\n|switch|p1a: Serperior|Serperior, L50, F|100/100\n|-damage|p1a: Serperior|88/100|[from] Stealth Rock\n|-status|p1a: Serperior|psn\n|turn|6\n|\n|t:|1776007019\n|move|p2a: Farigiraf|Ally Switch|p2a: Farigiraf\n|swap|p2a: Farigiraf|1|[from] move: Ally Switch\n|move|p1b: Starmie|Aqua Jet||[still]\n|cant|p2b: Farigiraf|ability: Armor Tail|Aqua Jet|[of] p1b: Starmie\n|move|p1a: Serperior|Leaf Storm|p2b: Farigiraf\n|-damage|p2b: Farigiraf|3/100\n|-boost|p1a: Serperior|spa|2\n|move|p2a: Toxapex|Infestation|p1a: Serperior\n|-supereffective|p1a: Serperior|1\n|-damage|p1a: Serperior|82/100 psn\n|-activate|p1a: Serperior|move: Infestation|[of] p2a: Toxapex\n|\n|-damage|p1a: Serperior|70/100 psn|[from] psn\n|-damage|p1b: Starmie|2/100|[from] move: Infestation|[partiallytrapped]\n|-damage|p1a: Serperior|58/100 psn|[from] move: Infestation|[partiallytrapped]\n|upkeep\n|turn|7\n|inactive|santhenix92 has 30 seconds left.\n|\n|t:|1776007045\n|move|p2b: Farigiraf|Protect|p2b: Farigiraf\n|-singleturn|p2b: Farigiraf|Protect\n|move|p2a: Toxapex|Baneful Bunker|p2a: Toxapex\n|-singleturn|p2a: Toxapex|move: Protect\n|move|p1b: Starmie|Liquidation|p2a: Toxapex\n|-activate|p2a: Toxapex|move: Protect\n|-status|p1b: Starmie|psn\n|move|p1a: Serperior|Leaf Storm|p2b: Farigiraf\n|-activate|p2b: Farigiraf|move: Protect\n|\n|-damage|p1b: Starmie|0 fnt|[from] psn\n|faint|p1b: Starmie\n|-damage|p1a: Serperior|46/100 psn|[from] psn\n|-damage|p1a: Serperior|34/100 psn|[from] move: Infestation|[partiallytrapped]\n|upkeep\n|\n|t:|1776007063\n|switch|p1b: Incineroar|Incineroar, L50, F|88/100 psn\n|-damage|p1b: Incineroar|63/100 psn|[from] Stealth Rock\n|-ability|p1b: Incineroar|Intimidate|boost\n|-unboost|p2a: Toxapex|atk|1\n|-unboost|p2b: Farigiraf|atk|1\n|turn|8\n|\n|t:|1776007077\n|move|p2b: Farigiraf|Ally Switch|p2b: Farigiraf\n|swap|p2b: Farigiraf|0|[from] move: Ally Switch\n|move|p1a: Serperior|Leaf Storm|p2a: Farigiraf\n|-damage|p2a: Farigiraf|0 fnt\n|-boost|p1a: Serperior|spa|2\n|faint|p2a: Farigiraf\n|move|p1b: Incineroar|Flare Blitz|p2b: Toxapex\n|-resisted|p2b: Toxapex|1\n|-damage|p2b: Toxapex|81/100\n|-damage|p1b: Incineroar|58/100 psn|[from] Recoil\n|move|p2b: Toxapex|Lunge|p1a: Serperior\n|-supereffective|p1a: Serperior|1\n|-damage|p1a: Serperior|18/100 psn\n|-boost|p1a: Serperior|atk|1\n|\n|-heal|p2b: Toxapex|86/100|[from] item: Leftovers\n|-damage|p1a: Serperior|6/100 psn|[from] psn\n|-damage|p1b: Incineroar|46/100 psn|[from] psn\n|-damage|p1a: Serperior|0 fnt|[from] move: Infestation|[partiallytrapped]\n|faint|p1a: Serperior\n|upkeep\n|-enditem|p1b: Incineroar|Sitrus Berry|[eat]\n|-heal|p1b: Incineroar|71/100 psn|[from] item: Sitrus Berry\n|turn|9\n|inactive|santhenix92 has 30 seconds left.\n|\n|t:|1776007105\n|move|p1b: Incineroar|Parting Shot|p2b: Toxapex\n|-unboost|p2b: Toxapex|atk|1\n|-unboost|p2b: Toxapex|spa|1\n|move|p2b: Toxapex|Infestation|p1b: Incineroar\n|-damage|p1b: Incineroar|70/100 psn\n|-activate|p1b: Incineroar|move: Infestation|[of] p2b: Toxapex\n|\n|-heal|p2b: Toxapex|92/100|[from] item: Leftovers\n|-damage|p1b: Incineroar|57/100 psn|[from] psn\n|-damage|p1b: Incineroar|45/100 psn|[from] move: Infestation|[partiallytrapped]\n|upkeep\n|turn|10\n|\n|t:|1776007118\n|move|p2b: Toxapex|Baneful Bunker|p2b: Toxapex\n|-singleturn|p2b: Toxapex|move: Protect\n|move|p1b: Incineroar|Flare Blitz|p2b: Toxapex\n|-activate|p2b: Toxapex|move: Protect\n|\n|-heal|p2b: Toxapex|98/100|[from] item: Leftovers\n|-damage|p1b: Incineroar|33/100 psn|[from] psn\n|-damage|p1b: Incineroar|21/100 psn|[from] move: Infestation|[partiallytrapped]\n|upkeep\n|turn|11\n|\n|t:|1776007129\n|move|p1b: Incineroar|Flare Blitz|p2b: Toxapex\n|-resisted|p2b: Toxapex|1\n|-damage|p2b: Toxapex|80/100\n|-damage|p1b: Incineroar|16/100 psn|[from] Recoil\n|move|p2b: Toxapex|Lunge|p1b: Incineroar\n|-damage|p1b: Incineroar|12/100 psn\n|-unboost|p1b: Incineroar|atk|1\n|\n|-heal|p2b: Toxapex|86/100|[from] item: Leftovers\n|-damage|p1b: Incineroar|0 fnt|[from] psn\n|faint|p1b: Incineroar\n|\n|win|Chikitriskis\n|raw|santhenix92's rating: 1117 &rarr; <strong>1096</strong><br />(-21 for losing)\n|raw|Chikitriskis's rating: 1179 &rarr; <strong>1200</strong><br />(+21 for winning)\n",
  "uploadtime": 1776007136,
  "views": 29,
  "formatid": "gen9championsvgc2026regma",
  "rating": 1096,
  "private": 0,
  "password": null
}