{
  "id": "gen9championsvgc2026regma-2582252624",
  "format": "[Gen 9 Champions] VGC 2026 Reg M-A",
  "players": [
    "benedettaer",
    "eduardsen05"
  ],
  "log": "|j|\u2606benedettaer\n|j|\u2606eduardsen05\n|t:|1776076393\n|gametype|doubles\n|player|p1|benedettaer|2|1028\n|player|p2|eduardsen05|102|1000\n|gen|9\n|tier|[Gen 9 Champions] VGC 2026 Reg M-A\n|rated|\n|rule|Species Clause: Limit one of each Pok\u00e9mon\n|rule|Item Clause: Limit 1 of each item\n|clearpoke\n|poke|p1|Lopunny, L50, M|\n|poke|p1|Hatterene, L50, F|\n|poke|p1|Kingambit, L50, M|\n|poke|p1|Basculegion, L50, M|\n|poke|p1|Arcanine, L50, M|\n|poke|p1|Aerodactyl, L50, F|\n|poke|p2|Glimmora, L50, M|\n|poke|p2|Ninetales-Alola, L50, M|\n|poke|p2|Kommo-o, L50, F|\n|poke|p2|Corviknight, L50, F|\n|poke|p2|Rotom-Wash, L50|\n|poke|p2|Incineroar, L50, F|\n|teampreview|4\neduardsen05 has agreed to open team sheets.\n|inactive|Battle timer is ON: inactive players will automatically lose when time's up. (requested by eduardsen05)\nbenedettaer has agreed to open team sheets.\n|showteam|p1|Lopunny||Lopunnite|Limber|FakeOut,CloseCombat,AfterYou,Protect|||M|||50|]Hatterene||FairyFeather|MagicBounce|DazzlingGleam,Psychic,MysticalFire,Protect|||F|||50|]Kingambit||BlackGlasses|Defiant|KowtowCleave,SuckerPunch,IronHead,Protect|||M|||50|]Basculegion||ChoiceScarf|Adaptability|FlipTurn,AquaJet,LastRespects,WaveCrash|||M|||50|]Arcanine||SitrusBerry|Intimidate|CloseCombat,FlareBlitz,WildCharge,Protect|||M|||50|]Aerodactyl||FocusSash|Unnerve|DualWingbeat,RockSlide,Tailwind,Protect|||F|||50|\n|showteam|p2|Glimmora||Glimmoranite|ToxicDebris|EarthPower,SludgeBomb,SpikyShield,PowerGem|||M|||50|]Ninetales-Alola||FocusSash|SnowWarning|Protect,IcyWind,Blizzard,FreezeDry|||M|||50|]Kommo-o||Leftovers|Soundproof|Protect,VacuumWave,ClangingScales,ClangorousSoul|||F|||50|]Corviknight||SitrusBerry|MirrorArmor|BraveBird,BodyPress,Roost,BulkUp|||F|||50|]Rotom-Wash||ChoiceScarf|Levitate|Trick,HydroPump,Electroweb,VoltSwitch||||||50|]Incineroar||ShucaBerry|Intimidate|DarkestLariat,FakeOut,FlareBlitz,PartingShot|||F|||50|\n|inactive|eduardsen05 has 60 seconds left.\n|\n|t:|1776076451\n|teamsize|p1|4\n|teamsize|p2|4\n|start\n|switch|p1a: Lopunny|Lopunny, L50, M|100/100\n|switch|p1b: Kingambit|Kingambit, L50, M|100/100\n|switch|p2a: Rotom|Rotom-Wash, L50, shiny|100/100\n|switch|p2b: Kommo-o|Kommo-o, L50, F|100/100\n|turn|1\n|inactive|benedettaer has 30 seconds left.\n|inactive|benedettaer has 20 seconds left.\n|inactive|benedettaer has 15 seconds left.\n|\n|t:|1776076495\n|detailschange|p1a: Lopunny|Lopunny-Mega, L50, M\n|-mega|p1a: Lopunny|Lopunny|Lopunnite\n|move|p1a: Lopunny|Fake Out|p2b: Kommo-o\n|-damage|p2b: Kommo-o|77/100\n|cant|p2b: Kommo-o|flinch\n|move|p2a: Rotom|Trick|p1b: Kingambit\n|-activate|p2a: Rotom|move: Trick|[of] p1b: Kingambit\n|-item|p1b: Kingambit|Choice Scarf|[from] move: Trick\n|-item|p2a: Rotom|Black Glasses|[from] move: Trick\n|move|p1b: Kingambit|Kowtow Cleave|p2a: Rotom\n|-damage|p2a: Rotom|42/100\n|\n|-heal|p2b: Kommo-o|83/100|[from] item: Leftovers\n|upkeep\n|turn|2\n|\n|t:|1776076523\n|move|p2b: Kommo-o|Vacuum Wave|p1b: Kingambit\n|-supereffective|p1b: Kingambit|2\n|-damage|p1b: Kingambit|25/100\n|move|p1a: Lopunny|Close Combat|p2b: Kommo-o\n|-damage|p2b: Kommo-o|19/100\n|-unboost|p1a: Lopunny|def|1\n|-unboost|p1a: Lopunny|spd|1\n|move|p2a: Rotom|Electroweb|p1a: Lopunny|[spread] p1a\n|-miss|p2a: Rotom|p1b: Kingambit\n|-damage|p1a: Lopunny|65/100\n|-unboost|p1a: Lopunny|spe|1\n|move|p1b: Kingambit|Kowtow Cleave|p2a: Rotom\n|-damage|p2a: Rotom|0 fnt\n|faint|p2a: Rotom\n|\n|-heal|p2b: Kommo-o|25/100|[from] item: Leftovers\n|upkeep\n|\n|t:|1776076541\n|switch|p2a: Glimmora|Glimmora, L50, M, shiny|100/100\n|turn|3\n|\n|t:|1776076554\n|switch|p1a: Arcanine|Arcanine, L50, M|100/100\n|-ability|p1a: Arcanine|Intimidate|boost\n|-unboost|p2a: Glimmora|atk|1\n|-unboost|p2b: Kommo-o|atk|1\n|detailschange|p2a: Glimmora|Glimmora-Mega, L50, M, shiny\n|-mega|p2a: Glimmora|Glimmora|Glimmoranite\n|move|p2b: Kommo-o|Vacuum Wave|p1a: Arcanine\n|-damage|p1a: Arcanine|77/100\n|move|p2a: Glimmora|Earth Power|p1b: Kingambit\n|-supereffective|p1b: Kingambit|1\n|-damage|p1b: Kingambit|0 fnt\n|faint|p1b: Kingambit\n|\n|-heal|p2b: Kommo-o|31/100|[from] item: Leftovers\n|upkeep\n|\n|t:|1776076569\n|switch|p1b: Lopunny|Lopunny-Mega, L50, M|65/100\n|turn|4\n|\n|t:|1776076579\n|switch|p1a: Basculegion|Basculegion, L50, M|100/100\n|move|p2a: Glimmora|Spiky Shield|p2a: Glimmora\n|-singleturn|p2a: Glimmora|move: Protect\n|move|p2b: Kommo-o|Protect|p2b: Kommo-o\n|-singleturn|p2b: Kommo-o|Protect\n|move|p1b: Lopunny|Close Combat|p2b: Kommo-o\n|-activate|p2b: Kommo-o|move: Protect\n|\n|-heal|p2b: Kommo-o|37/100|[from] item: Leftovers\n|upkeep\n|turn|5\n|\n|t:|1776076594\n|switch|p2a: Incineroar|Incineroar, L50, F, shiny|100/100\n|-ability|p2a: Incineroar|Intimidate|boost\n|-unboost|p1a: Basculegion|atk|1\n|-fail|p1b: Lopunny|unboost|Attack|[from] ability: Scrappy|[of] p1b: Lopunny\n|move|p2b: Kommo-o|Vacuum Wave|p1b: Lopunny\n|-supereffective|p1b: Lopunny|1\n|-crit|p1b: Lopunny\n|-damage|p1b: Lopunny|0 fnt\n|faint|p1b: Lopunny\n|move|p1a: Basculegion|Wave Crash|p2a: Incineroar\n|-supereffective|p2a: Incineroar|1\n|-damage|p2a: Incineroar|12/100\n|-damage|p1a: Basculegion|71/100|[from] Recoil\n|\n|-heal|p2b: Kommo-o|43/100|[from] item: Leftovers\n|upkeep\n|\n|t:|1776076598\n|switch|p1b: Arcanine|Arcanine, L50, M|77/100\n|-ability|p1b: Arcanine|Intimidate|boost\n|-unboost|p2a: Incineroar|atk|1\n|-unboost|p2b: Kommo-o|atk|1\n|turn|6\n|inactive|benedettaer has 30 seconds left.\n|inactive|eduardsen05 has 30 seconds left.\n|inactive|benedettaer has 20 seconds left.\n|\n|t:|1776076636\n|move|p2a: Incineroar|Fake Out|p1b: Arcanine\n|-damage|p1b: Arcanine|69/100\n|move|p1a: Basculegion|Wave Crash|p2a: Incineroar\n|-supereffective|p2a: Incineroar|1\n|-damage|p2a: Incineroar|0 fnt\n|faint|p2a: Incineroar\n|-damage|p1a: Basculegion|67/100|[from] Recoil\n|move|p2b: Kommo-o|Clanging Scales|p1b: Arcanine|[spread] p1a,p1b\n|-damage|p1a: Basculegion|19/100\n|-damage|p1b: Arcanine|22/100\n|-enditem|p1b: Arcanine|Sitrus Berry|[eat]\n|-heal|p1b: Arcanine|47/100|[from] item: Sitrus Berry\n|-unboost|p2b: Kommo-o|def|1\n|cant|p1b: Arcanine|flinch\n|\n|-heal|p2b: Kommo-o|49/100|[from] item: Leftovers\n|upkeep\n|\n|t:|1776076650\n|switch|p2a: Glimmora|Glimmora-Mega, L50, M, shiny|100/100\n|turn|7\n|\n|t:|1776076670\n|move|p1a: Basculegion|Wave Crash|p2a: Glimmora\n|-supereffective|p2a: Glimmora|1\n|-damage|p2a: Glimmora|0 fnt\n|faint|p2a: Glimmora\n|-damage|p1a: Basculegion|0 fnt|[from] Recoil\n|faint|p1a: Basculegion\n|move|p2b: Kommo-o|Clanging Scales|p1b: Arcanine\n|-damage|p1b: Arcanine|0 fnt\n|faint|p1b: Arcanine\n|\n|win|eduardsen05\n|raw|benedettaer's rating: 1028 &rarr; <strong>1013</strong><br />(-15 for losing)\n|raw|eduardsen05's rating: 1000 &rarr; <strong>1043</strong><br />(+43 for winning)\n|c|\u2606benedettaer|gg\n",
  "uploadtime": 1776076682,
  "views": 9,
  "formatid": "gen9championsvgc2026regma",
  "rating": 1013,
  "private": 0,
  "password": null
}