{
  "id": "gen9championsvgc2026regma-2582279283",
  "format": "[Gen 9 Champions] VGC 2026 Reg M-A",
  "players": [
    "Casual1465",
    "MiikeAMG"
  ],
  "log": "|j|\u2606Casual1465\n|j|\u2606MiikeAMG\n|t:|1776079204\n|gametype|doubles\n|player|p1|Casual1465|giovanni|1100\n|player|p2|MiikeAMG|266|1162\n|gen|9\n|tier|[Gen 9 Champions] VGC 2026 Reg M-A\n|rated|\n|rule|Species Clause: Limit one of each Pok\u00e9mon\n|rule|Item Clause: Limit 1 of each item\n|clearpoke\n|poke|p1|Meowscarada, L50, M|\n|poke|p1|Delphox, L50, M|\n|poke|p1|Basculegion, L50, M|\n|poke|p1|Sneasler, L50, F|\n|poke|p1|Garchomp, L50, F|\n|poke|p1|Whimsicott, L50, M|\n|poke|p2|Starmie, L50|\n|poke|p2|Aegislash, L50, F|\n|poke|p2|Sneasler, L50, M|\n|poke|p2|Pelipper, L50, F|\n|poke|p2|Archaludon, L50, F|\n|poke|p2|Maushold, L50|\n|teampreview|4\n|inactive|Battle timer is ON: inactive players will automatically lose when time's up. (requested by MiikeAMG)\nCasual1465 rejected open team sheets.\n|inactive|Casual1465 has 60 seconds left.\n|inactive|MiikeAMG has 60 seconds left.\n|\n|t:|1776079266\n|teamsize|p1|4\n|teamsize|p2|4\n|start\n|switch|p1a: Delphox|Delphox, L50, M|100/100\n|switch|p1b: Basculegion|Basculegion, L50, M|100/100\n|switch|p2a: Pelipper|Pelipper, L50, F|100/100\n|switch|p2b: Starmie|Starmie, L50|100/100\n|-weather|RainDance|[from] ability: Drizzle|[of] p2a: Pelipper\n|turn|1\n|inactive|MiikeAMG has 30 seconds left.\n|\n|t:|1776079292\n|detailschange|p2b: Starmie|Starmie-Mega, L50\n|-mega|p2b: Starmie|Starmie|Starminite\n|move|p2b: Starmie|Protect|p2b: Starmie\n|-singleturn|p2b: Starmie|Protect\n|move|p1a: Delphox|Protect|p1a: Delphox\n|-singleturn|p1a: Delphox|Protect\n|move|p1b: Basculegion|Flip Turn|p2a: Pelipper\n|-resisted|p2a: Pelipper|1\n|-damage|p2a: Pelipper|63/100\n|\n|t:|1776079296\n|switch|p1b: Whimsicott|Whimsicott, L50, M|100/100|[from] Flip Turn\n|move|p2a: Pelipper|Weather Ball|p1b: Whimsicott\n|-resisted|p1b: Whimsicott|1\n|-damage|p1b: Whimsicott|42/100\n|\n|-weather|RainDance|[upkeep]\n|upkeep\n|turn|2\n|inactive|Casual1465 has 30 seconds left.\n|\n|t:|1776079331\n|detailschange|p1a: Delphox|Delphox-Mega, L50, M\n|-mega|p1a: Delphox|Delphox|Delphoxite\n|move|p1b: Whimsicott|Sunny Day|p1b: Whimsicott\n|-weather|SunnyDay\n|move|p1a: Delphox|Encore|p2b: Starmie\n|-start|p2b: Starmie|Encore\n|move|p2b: Starmie|Protect||[still]\n|-fail|p2b: Starmie\n|move|p2a: Pelipper|Tailwind|p2a: Pelipper\n|-sidestart|p2: MiikeAMG|move: Tailwind\n|\n|-weather|SunnyDay|[upkeep]\n|upkeep\n|turn|3\n|inactive|MiikeAMG has 30 seconds left.\n|\n|t:|1776079363\n|move|p2b: Starmie|Protect|p2b: Starmie\n|-singleturn|p2b: Starmie|Protect\n|move|p2a: Pelipper|Weather Ball|p1b: Whimsicott\n|-supereffective|p1b: Whimsicott|1\n|-damage|p1b: Whimsicott|0 fnt\n|faint|p1b: Whimsicott\n|move|p1a: Delphox|Heat Wave|p2b: Starmie|[spread] p2a\n|-activate|p2b: Starmie|move: Protect\n|-resisted|p2a: Pelipper|1\n|-damage|p2a: Pelipper|4/100\n|\n|-weather|SunnyDay|[upkeep]\n|upkeep\n|c|\u2606Casual1465|I forgot about tailwind LMAO\n|\n|t:|1776079381\n|switch|p1b: Meowscarada|Meowscarada, L50, M|100/100\n|turn|4\n|\n|t:|1776079398\n|switch|p2b: Aegislash|Aegislash, L50, F|100/100\n|switch|p2a: Maushold|Maushold, L50|100/100\n|move|p1a: Delphox|Heat Wave|p2a: Maushold|[spread] p2a,p2b\n|-supereffective|p2b: Aegislash|1\n|-damage|p2a: Maushold|17/100\n|-damage|p2b: Aegislash|24/100\n|move|p1b: Meowscarada|Flower Trick|p2b: Aegislash\n|-resisted|p2b: Aegislash|1\n|-crit|p2b: Aegislash\n|-damage|p2b: Aegislash|4/100\n|\n|-weather|SunnyDay|[upkeep]\n|upkeep\n|turn|5\n|\n|t:|1776079421\n|move|p1a: Delphox|Protect|p1a: Delphox\n|-singleturn|p1a: Delphox|Protect\n|move|p1b: Meowscarada|Protect|p1b: Meowscarada\n|-singleturn|p1b: Meowscarada|Protect\n|move|p2a: Maushold|Super Fang|p1b: Meowscarada\n|-activate|p1b: Meowscarada|move: Protect\n|-formechange|p2b: Aegislash|Aegislash-Blade|\n|move|p2b: Aegislash|Poltergeist|p1a: Delphox\n|-activate|p1a: Delphox|move: Protect\n|\n|-weather|SunnyDay|[upkeep]\n|-sideend|p2: MiikeAMG|move: Tailwind\n|upkeep\n|turn|6\n|inactive|Casual1465 has 30 seconds left.\n|inactive|MiikeAMG has 30 seconds left.\n|\n|t:|1776079456\n|move|p2a: Maushold|Protect|p2a: Maushold\n|-singleturn|p2a: Maushold|Protect\n|move|p1a: Delphox|Heat Wave|p2a: Maushold|[spread] p2b\n|-activate|p2a: Maushold|move: Protect\n|-supereffective|p2b: Aegislash|1\n|-damage|p2b: Aegislash|0 fnt\n|faint|p2b: Aegislash\n|move|p1b: Meowscarada|Flower Trick|p2a: Maushold\n|-activate|p2a: Maushold|move: Protect\n|\n|-weather|none\n|upkeep\n|\n|t:|1776079466\n|switch|p2b: Starmie|Starmie-Mega, L50|100/100\n|turn|7\n|inactive|Casual1465 has 30 seconds left.\n|\n|t:|1776079496\n|move|p2a: Maushold|Follow Me|p2a: Maushold\n|-singleturn|p2a: Maushold|move: Follow Me\n|move|p1a: Delphox|Psychic|p2a: Maushold\n|-damage|p2a: Maushold|0 fnt\n|faint|p2a: Maushold\n|move|p1b: Meowscarada|Flower Trick|p2b: Starmie\n|-supereffective|p2b: Starmie|1\n|-crit|p2b: Starmie\n|-damage|p2b: Starmie|0 fnt\n|faint|p2b: Starmie\n|\n|upkeep\n|-message|MiikeAMG forfeited.\n|\n|win|Casual1465\n|raw|Casual1465's rating: 1100 &rarr; <strong>1129</strong><br />(+29 for winning)\n|raw|MiikeAMG's rating: 1162 &rarr; <strong>1133</strong><br />(-29 for losing)\n",
  "uploadtime": 1776079509,
  "views": 22,
  "formatid": "gen9championsvgc2026regma",
  "rating": 1129,
  "private": 0,
  "password": null
}