{
  "id": "gen9championsvgc2026regma-2583593992",
  "format": "[Gen 9 Champions] VGC 2026 Reg M-A",
  "players": [
    "LukeeCastt",
    "Kuschki"
  ],
  "log": "|j|\u2606LukeeCastt\n|j|\u2606Kuschki\n|t:|1776185404\n|gametype|doubles\n|player|p1|LukeeCastt|veteran|1031\n|player|p2|Kuschki|102|1103\n|gen|9\n|tier|[Gen 9 Champions] VGC 2026 Reg M-A\n|rated|\n|rule|Species Clause: Limit one of each Pok\u00e9mon\n|rule|Item Clause: Limit 1 of each item\n|clearpoke\n|poke|p1|Gengar, L50, M|\n|poke|p1|Incineroar, L50, M|\n|poke|p1|Kingambit, L50, M|\n|poke|p1|Lucario, L50, F|\n|poke|p1|Lycanroc-Dusk, L50, M|\n|poke|p1|Sinistcha, L50|\n|poke|p2|Charizard, L50, F|\n|poke|p2|Meganium, L50, M|\n|poke|p2|Clefable, L50, F|\n|poke|p2|Sableye, L50, F|\n|poke|p2|Slowking-Galar, L50, M|\n|poke|p2|Milotic, L50, M|\n|teampreview|4\nLukeeCastt has agreed to open team sheets.\n|inactive|Battle timer is ON: inactive players will automatically lose when time's up. (requested by LukeeCastt)\n|inactive|LukeeCastt has 60 seconds left.\n|\n|t:|1776185461\n|teamsize|p1|4\n|teamsize|p2|4\n|start\n|switch|p1a: Gengar|Gengar, L50, M, shiny|100/100\n|switch|p1b: Incineroar|Incineroar, L50, M|100/100\n|switch|p2a: Charizard|Charizard, L50, F|100/100\n|switch|p2b: Milotic|Milotic, L50, M|100/100\n|-ability|p1b: Incineroar|Intimidate|boost\n|-unboost|p2a: Charizard|atk|1\n|-unboost|p2b: Milotic|atk|1\n|-ability|p2b: Milotic|Competitive|boost\n|-boost|p2b: Milotic|spa|2\n|turn|1\n|\n|t:|1776185481\n|switch|p2a: Sableye|Sableye, L50, F|100/100\n|move|p1b: Incineroar|Fake Out|p2b: Milotic\n|-damage|p2b: Milotic|85/100\n|move|p1a: Gengar|Perish Song|p1a: Gengar\n|-start|p1a: Gengar|perish3|[silent]\n|-start|p1b: Incineroar|perish3|[silent]\n|-start|p2a: Sableye|perish3|[silent]\n|-start|p2b: Milotic|perish3|[silent]\n|-fieldactivate|move: Perish Song\n|cant|p2b: Milotic|flinch\n|\n|-start|p1a: Gengar|perish3\n|-start|p2b: Milotic|perish3\n|-start|p1b: Incineroar|perish3\n|-start|p2a: Sableye|perish3\n|upkeep\n|turn|2\n|\n|t:|1776185505\n|switch|p2b: Charizard|Charizard, L50, F|100/100\n|detailschange|p1a: Gengar|Gengar-Mega, L50, M, shiny\n|-mega|p1a: Gengar|Gengar|Gengarite\n|move|p1a: Gengar|Protect|p1a: Gengar\n|-singleturn|p1a: Gengar|Protect\n|move|p1b: Incineroar|Parting Shot|p2b: Charizard\n|-unboost|p2b: Charizard|atk|1\n|-unboost|p2b: Charizard|spa|1\n|\n|t:|1776185519\n|switch|p1b: Kingambit|Kingambit, L50, M|100/100|[from] Parting Shot\n|move|p2a: Sableye|Foul Play|p1a: Gengar\n|-activate|p1a: Gengar|move: Protect\n|\n|-start|p1a: Gengar|perish2\n|-start|p2a: Sableye|perish2\n|upkeep\n|turn|3\n|\n|t:|1776185546\n|switch|p2a: Slowking|Slowking-Galar, L50, M|100/100\n|-clearboost|p2b: Charizard|[from] ability: Curious Medicine|[of] p2a: Slowking\n|detailschange|p2b: Charizard|Charizard-Mega-X, L50, F\n|-mega|p2b: Charizard|Charizard|Charizardite X\n|move|p1a: Gengar|Protect||[still]\n|-fail|p1a: Gengar\n|move|p2b: Charizard|Flare Blitz|p1a: Gengar\n|-damage|p1a: Gengar|0 fnt\n|faint|p1a: Gengar\n|-damage|p2b: Charizard|72/100|[from] Recoil\n|move|p1b: Kingambit|Swords Dance|p1b: Kingambit\n|-boost|p1b: Kingambit|atk|2\n|\n|upkeep\n|\n|t:|1776185552\n|switch|p1a: Incineroar|Incineroar, L50, M|100/100\n|-ability|p1a: Incineroar|Intimidate|boost\n|-unboost|p2a: Slowking|atk|1\n|-unboost|p2b: Charizard|atk|1\n|turn|4\n|inactive|Kuschki has 30 seconds left.\n|\n|t:|1776185579\n|switch|p2b: Milotic|Milotic, L50, M|85/100\n|move|p1b: Kingambit|Swords Dance|p1b: Kingambit\n|-boost|p1b: Kingambit|atk|2\n|move|p1a: Incineroar|Parting Shot|p2b: Milotic\n|-unboost|p2b: Milotic|atk|1\n|-ability|p2b: Milotic|Competitive|boost\n|-boost|p2b: Milotic|spa|2\n|-unboost|p2b: Milotic|spa|1\n|-ability|p2b: Milotic|Competitive|boost\n|-boost|p2b: Milotic|spa|2\n|\n|t:|1776185587\n|switch|p1a: Sinistcha|Sinistcha, L50|100/100|[from] Parting Shot\n|move|p2a: Slowking|Power Gem|p1a: Sinistcha\n|-damage|p1a: Sinistcha|73/100\n|\n|-heal|p1a: Sinistcha|79/100|[from] item: Leftovers\n|upkeep\n|turn|5\n|\n|t:|1776185609\n|move|p1a: Sinistcha|Rage Powder|p1a: Sinistcha\n|-singleturn|p1a: Sinistcha|move: Rage Powder\n|move|p2b: Milotic|Scald|p1a: Sinistcha\n|-resisted|p1a: Sinistcha|1\n|-damage|p1a: Sinistcha|15/100\n|-status|p1a: Sinistcha|brn\n|move|p1b: Kingambit|Kowtow Cleave|p2a: Slowking\n|-supereffective|p2a: Slowking|1\n|-damage|p2a: Slowking|0 fnt\n|faint|p2a: Slowking\n|\n|-heal|p1a: Sinistcha|21/100 brn|[from] item: Leftovers\n|-damage|p1a: Sinistcha|18/100 brn|[from] brn\n|upkeep\n|\n|t:|1776185630\n|switch|p2a: Charizard|Charizard-Mega-X, L50, F|72/100\n|turn|6\n|\n|t:|1776185649\n|move|p1b: Kingambit|Protect|p1b: Kingambit\n|-singleturn|p1b: Kingambit|Protect\n|move|p2a: Charizard|Flame Charge|p1a: Sinistcha\n|-supereffective|p1a: Sinistcha|1\n|-damage|p1a: Sinistcha|0 fnt\n|-boost|p2a: Charizard|spe|1\n|faint|p1a: Sinistcha\n|move|p2b: Milotic|Scald|p1b: Kingambit\n|-activate|p1b: Kingambit|move: Protect\n|\n|upkeep\n|\n|t:|1776185651\n|switch|p1a: Incineroar|Incineroar, L50, M|100/100\n|-ability|p1a: Incineroar|Intimidate|boost\n|-unboost|p2a: Charizard|atk|1\n|-unboost|p2b: Milotic|atk|1\n|-ability|p2b: Milotic|Competitive|boost\n|-boost|p2b: Milotic|spa|2\n|turn|7\n|\n|t:|1776185668\n|move|p1a: Incineroar|Fake Out|p2a: Charizard\n|-damage|p2a: Charizard|58/100\n|move|p1b: Kingambit|Sucker Punch||[still]\n|-fail|p1b: Kingambit\n|cant|p2a: Charizard|flinch\n|move|p2b: Milotic|Recover|p2b: Milotic\n|-heal|p2b: Milotic|100/100\n|\n|upkeep\n|turn|8\n|\n|t:|1776185688\n|move|p1a: Incineroar|Protect|p1a: Incineroar\n|-singleturn|p1a: Incineroar|Protect\n|move|p1b: Kingambit|Sucker Punch|p2a: Charizard\n|-damage|p2a: Charizard|0 fnt\n|faint|p2a: Charizard\n|move|p2b: Milotic|Scald|p1a: Incineroar\n|-activate|p1a: Incineroar|move: Protect\n|\n|upkeep\n|\n|t:|1776185697\n|switch|p2a: Sableye|Sableye, L50, F|100/100\n|turn|9\n|inactive|LukeeCastt has 30 seconds left.\n|\n|t:|1776185725\n|move|p2a: Sableye|Fake Out|p1b: Kingambit\n|-resisted|p1b: Kingambit|1\n|-damage|p1b: Kingambit|98/100\n|cant|p1b: Kingambit|flinch\n|move|p2b: Milotic|Scald|p1a: Incineroar\n|-supereffective|p1a: Incineroar|1\n|-damage|p1a: Incineroar|0 fnt\n|faint|p1a: Incineroar\n|\n|upkeep\n|turn|10\n|\n|t:|1776185748\n|move|p1b: Kingambit|Sucker Punch||[still]\n|-fail|p1b: Kingambit\n|move|p2a: Sableye|Encore|p1b: Kingambit\n|-hint|Since gen 7, Dark is immune to Prankster moves.\n|-immune|p1b: Kingambit\n|move|p2b: Milotic|Recover||[still]\n|-fail|p2b: Milotic|heal\n|\n|upkeep\n|turn|11\n|\n|t:|1776185766\n|move|p1b: Kingambit|Sucker Punch|p2b: Milotic\n|-damage|p2b: Milotic|0 fnt\n|faint|p2b: Milotic\n|move|p2a: Sableye|Foul Play|p1b: Kingambit\n|-resisted|p1b: Kingambit|1\n|-damage|p1b: Kingambit|25/100\n|\n|upkeep\n|turn|12\n|\n|t:|1776185775\n|move|p1b: Kingambit|Sucker Punch|p2a: Sableye\n|-damage|p2a: Sableye|0 fnt\n|faint|p2a: Sableye\n|\n|win|LukeeCastt\n|raw|LukeeCastt's rating: 1031 &rarr; <strong>1074</strong><br />(+43 for winning)\n|raw|Kuschki's rating: 1103 &rarr; <strong>1073</strong><br />(-30 for losing)\n|l|\u2606Kuschki\n|player|p2|\n",
  "uploadtime": 1776185781,
  "views": 20,
  "formatid": "gen9championsvgc2026regma",
  "rating": 1073,
  "private": 0,
  "password": null
}