{
  "id": "gen9championsvgc2026regma-2585553118",
  "format": "[Gen 9 Champions] VGC 2026 Reg M-A",
  "players": [
    "5wamp",
    "gojosaturo"
  ],
  "log": "|j|\u26065wamp\n|j|\u2606gojosaturo\n|t:|1776355092\n|gametype|doubles\n|player|p1|5wamp|carmine-festival|1206\n|player|p2|gojosaturo|101|1278\n|gen|9\n|tier|[Gen 9 Champions] VGC 2026 Reg M-A\n|rated|\n|rule|Species Clause: Limit one of each Pok\u00e9mon\n|rule|Item Clause: Limit 1 of each item\n|clearpoke\n|poke|p1|Floette-Eternal, L50, F|\n|poke|p1|Sneasler, L50, M|\n|poke|p1|Basculegion, L50, M|\n|poke|p1|Aerodactyl, L50, F|\n|poke|p1|Kingambit, L50, M|\n|poke|p1|Incineroar, L50, M|\n|poke|p2|Whimsicott, L50, M|\n|poke|p2|Farigiraf, L50, M|\n|poke|p2|Meganium, L50, F|\n|poke|p2|Politoed, L50, F|\n|poke|p2|Basculegion, L50, M|\n|poke|p2|Chandelure, L50, M|\n|teampreview|4\n|inactive|Battle timer is ON: inactive players will automatically lose when time's up. (requested by 5wamp)\n|inactive|5wamp has 60 seconds left.\n|inactive|gojosaturo has 60 seconds left.\n|\n|t:|1776355138\n|teamsize|p1|4\n|teamsize|p2|4\n|start\n|switch|p1a: Sneasler|Sneasler, L50, M|100/100\n|switch|p1b: Kingambit|Kingambit, L50, M|100/100\n|switch|p2a: Meganium|Meganium, L50, F|100/100\n|switch|p2b: Whimsicott|Whimsicott, L50, M|100/100\n|turn|1\n|l|\u2606gojosaturo\n|inactive|gojosaturo disconnected and has a minute to reconnect!\n|player|p2|\n|j|\u2606gojosaturo\n|inactive|gojosaturo reconnected and has 45 seconds left.\n|player|p2|gojosaturo|101|\n|inactive|gojosaturo has 30 seconds left.\n|n|\u2606gojosaturo|gojosaturo\n|inactive|gojosaturo has 20 seconds left.\n|inactive|gojosaturo has 15 seconds left.\n|inactive|gojosaturo has 10 seconds left.\n|\n|t:|1776355188\n|move|p2a: Meganium|Protect|p2a: Meganium\n|-singleturn|p2a: Meganium|Protect\n|move|p2b: Whimsicott|Tailwind|p2b: Whimsicott\n|-sidestart|p2: gojosaturo|move: Tailwind\n|move|p1a: Sneasler|Dire Claw|p2a: Meganium\n|-activate|p2a: Meganium|move: Protect\n|move|p1b: Kingambit|Kowtow Cleave|p2b: Whimsicott\n|-resisted|p2b: Whimsicott|1\n|-damage|p2b: Whimsicott|72/100\n|\n|upkeep\n|turn|2\n|inactive|gojosaturo has 30 seconds left.\n|inactive|gojosaturo has 20 seconds left.\n|\n|t:|1776355225\n|switch|p2a: Farigiraf|Farigiraf, L50, M|100/100\n|move|p2b: Whimsicott|Cotton Guard|p2b: Whimsicott\n|-boost|p2b: Whimsicott|def|3\n|move|p1a: Sneasler|Dire Claw|p2a: Farigiraf\n|-damage|p2a: Farigiraf|66/100\n|move|p1b: Kingambit|Kowtow Cleave|p2a: Farigiraf\n|-supereffective|p2a: Farigiraf|1\n|-damage|p2a: Farigiraf|0 fnt\n|faint|p2a: Farigiraf\n|\n|upkeep\n|\n|t:|1776355241\n|switch|p2a: Chandelure|Chandelure, L50, M|100/100\n|turn|3\n|\n|t:|1776355250\n|move|p2b: Whimsicott|Cotton Guard|p2b: Whimsicott\n|-boost|p2b: Whimsicott|def|3\n|move|p1b: Kingambit|Sucker Punch|p2a: Chandelure\n|-supereffective|p2a: Chandelure|1\n|-damage|p2a: Chandelure|20/100\n|move|p2a: Chandelure|Heat Wave|p1b: Kingambit|[spread] p1a\n|-miss|p2a: Chandelure|p1b: Kingambit\n|-damage|p1a: Sneasler|36/100\n|move|p1a: Sneasler|Dire Claw|p2b: Whimsicott\n|-supereffective|p2b: Whimsicott|2\n|-damage|p2b: Whimsicott|14/100\n|-status|p2b: Whimsicott|slp\n|\n|upkeep\n|turn|4\n|inactive|gojosaturo has 30 seconds left.\n|\n|t:|1776355280\n|move|p2a: Chandelure|Protect|p2a: Chandelure\n|-singleturn|p2a: Chandelure|Protect\n|cant|p2b: Whimsicott|slp\n|move|p1b: Kingambit|Sucker Punch||[still]\n|-fail|p1b: Kingambit\n|move|p1a: Sneasler|Dire Claw|p2b: Whimsicott\n|-supereffective|p2b: Whimsicott|2\n|-damage|p2b: Whimsicott|0 fnt\n|faint|p2b: Whimsicott\n|\n|-sideend|p2: gojosaturo|move: Tailwind\n|upkeep\n|\n|t:|1776355293\n|switch|p2b: Meganium|Meganium, L50, F|100/100\n|turn|5\n|\n|t:|1776355309\n|detailschange|p2b: Meganium|Meganium-Mega, L50, F\n|-mega|p2b: Meganium|Meganium|Meganiumite\n|move|p1b: Kingambit|Sucker Punch|p2a: Chandelure\n|-supereffective|p2a: Chandelure|1\n|-damage|p2a: Chandelure|0 fnt\n|faint|p2a: Chandelure\n|move|p1a: Sneasler|Dire Claw|p2b: Meganium\n|-supereffective|p2b: Meganium|2\n|-damage|p2b: Meganium|0 fnt\n|faint|p2b: Meganium\n|\n|win|5wamp\n|raw|5wamp's rating: 1206 &rarr; <strong>1236</strong><br />(+30 for winning)\n|raw|gojosaturo's rating: 1278 &rarr; <strong>1248</strong><br />(-30 for losing)\n",
  "uploadtime": 1776355309,
  "views": 43,
  "formatid": "gen9championsvgc2026regma",
  "rating": 1236,
  "private": 0,
  "password": null
}