{
  "id": "gen9championsvgc2026regma-2586619626",
  "format": "[Gen 9 Champions] VGC 2026 Reg M-A",
  "players": [
    "Solaris231231",
    "Mentalsyndrome"
  ],
  "log": "|j|\u2606Solaris231231\n|j|\u2606Mentalsyndrome\n|t:|1776447333\n|gametype|doubles\n|player|p1|Solaris231231|170|1308\n|player|p2|Mentalsyndrome|2|1262\n|gen|9\n|tier|[Gen 9 Champions] VGC 2026 Reg M-A\n|rated|\n|rule|Species Clause: Limit one of each Pok\u00e9mon\n|rule|Item Clause: Limit 1 of each item\n|clearpoke\n|poke|p1|Chandelure, L50, F|\n|poke|p1|Whimsicott, L50, F|\n|poke|p1|Garchomp, L50, M|\n|poke|p1|Kingambit, L50, M|\n|poke|p1|Rotom-Wash, L50|\n|poke|p1|Sneasler, L50, M|\n|poke|p2|Tinkaton, L50, F|\n|poke|p2|Kangaskhan, L50, F|\n|poke|p2|Farigiraf, L50, F|\n|poke|p2|Camerupt, L50, M|\n|poke|p2|Gardevoir, L50, M|\n|poke|p2|Conkeldurr, L50, M|\n|teampreview|4\n|inactive|Battle timer is ON: inactive players will automatically lose when time's up. (requested by Mentalsyndrome)\n|\n|t:|1776447355\n|teamsize|p1|4\n|teamsize|p2|4\n|start\n|switch|p1a: Whimsicott|Whimsicott, L50, F|100/100\n|switch|p1b: Kingambit|Kingambit, L50, M|100/100\n|switch|p2a: Taco Tuesday|Kangaskhan, L50, F|100/100\n|switch|p2b: Shane|Farigiraf, L50, F|100/100\n|turn|1\n|inactive|Solaris231231 has 30 seconds left.\n|inactive|Solaris231231 has 20 seconds left.\n|inactive|Solaris231231 has 15 seconds left.\n|inactive|Solaris231231 has 10 seconds left.\n|\n|t:|1776447402\n|move|p1b: Kingambit|Protect|p1b: Kingambit\n|-singleturn|p1b: Kingambit|Protect\n|move|p2a: Taco Tuesday|Fake Out|p1b: Kingambit\n|-activate|p1b: Kingambit|move: Protect\n|move|p1a: Whimsicott|Moonblast|p2a: Taco Tuesday\n|-damage|p2a: Taco Tuesday|59/100\n|move|p2b: Shane|Trick Room|p2b: Shane\n|-fieldstart|move: Trick Room|[of] p2b: Shane\n|\n|upkeep\n|turn|2\n|\n|t:|1776447418\n|switch|p1b: Rotom|Rotom-Wash, L50|100/100\n|move|p2b: Shane|Twin Beam|p1a: Whimsicott\n|-crit|p1a: Whimsicott\n|-damage|p1a: Whimsicott|50/100\n|-damage|p1a: Whimsicott|17/100\n|-hitcount|p1a: Whimsicott|2\n|move|p2a: Taco Tuesday|Low Kick|p1b: Rotom\n|-damage|p1b: Rotom|93/100\n|move|p1a: Whimsicott|Moonblast|p2a: Taco Tuesday\n|-damage|p2a: Taco Tuesday|16/100\n|\n|-heal|p1b: Rotom|99/100|[from] item: Leftovers\n|upkeep\n|turn|3\n|\n|t:|1776447443\n|switch|p2a: Ranger|Camerupt, L50, M|100/100\n|move|p1a: Whimsicott|Sunny Day|p1a: Whimsicott\n|-weather|SunnyDay\n|move|p2b: Shane|Twin Beam|p1a: Whimsicott\n|-damage|p1a: Whimsicott|0 fnt\n|faint|p1a: Whimsicott\n|-hitcount|p1: Whimsicott|1\n|move|p1b: Rotom|Thunderbolt|p2a: Ranger\n|-immune|p2a: Ranger\n|\n|-weather|SunnyDay|[upkeep]\n|-heal|p1b: Rotom|100/100|[from] item: Leftovers\n|upkeep\n|\n|t:|1776447457\n|switch|p1a: Kingambit|Kingambit, L50, M|100/100\n|turn|4\n|\n|t:|1776447467\n|detailschange|p2a: Ranger|Camerupt-Mega, L50, M\n|-mega|p2a: Ranger|Camerupt|Cameruptite\n|move|p1a: Kingambit|Protect|p1a: Kingambit\n|-singleturn|p1a: Kingambit|Protect\n|move|p1b: Rotom|Protect|p1b: Rotom\n|-singleturn|p1b: Rotom|Protect\n|move|p2a: Ranger|Eruption|p1b: Rotom|[spread] \n|-activate|p1a: Kingambit|move: Protect\n|-activate|p1b: Rotom|move: Protect\n|move|p2b: Shane|Trick Room|p2b: Shane\n|-fieldend|move: Trick Room\n|\n|-weather|SunnyDay|[upkeep]\n|upkeep\n|turn|5\n|\n|t:|1776447488\n|switch|p1a: Chandelure|Chandelure, L50, F, shiny|100/100\n|move|p2a: Ranger|Protect|p2a: Ranger\n|-singleturn|p2a: Ranger|Protect\n|move|p1b: Rotom|Hydro Pump|p2a: Ranger\n|-activate|p2a: Ranger|move: Protect\n|move|p2b: Shane|Trick Room|p2b: Shane\n|-fieldstart|move: Trick Room|[of] p2b: Shane\n|\n|-weather|SunnyDay|[upkeep]\n|upkeep\n|turn|6\n|\n|t:|1776447504\n|switch|p2b: Taco Tuesday|Kangaskhan, L50, F|16/100\n|move|p1a: Chandelure|Protect|p1a: Chandelure\n|-singleturn|p1a: Chandelure|Protect\n|move|p2a: Ranger|Earth Power|p1a: Chandelure\n|-activate|p1a: Chandelure|move: Protect\n|move|p1b: Rotom|Hydro Pump|p2a: Ranger\n|-supereffective|p2a: Ranger|2\n|-damage|p2a: Ranger|19/100\n|\n|-weather|SunnyDay|[upkeep]\n|upkeep\n|turn|7\n|inactive|Solaris231231 has 30 seconds left.\n|inactive|Solaris231231 has 20 seconds left.\n|\n|t:|1776447542\n|move|p1a: Chandelure|Protect|p1a: Chandelure\n|-singleturn|p1a: Chandelure|Protect\n|move|p2b: Taco Tuesday|Fake Out|p1b: Rotom\n|-damage|p1b: Rotom|78/100\n|move|p2a: Ranger|Earth Power|p1a: Chandelure\n|-activate|p1a: Chandelure|move: Protect\n|cant|p1b: Rotom|flinch\n|\n|-weather|none\n|-heal|p1b: Rotom|83/100|[from] item: Leftovers\n|upkeep\n|turn|8\n|\n|t:|1776447555\n|switch|p1a: Kingambit|Kingambit, L50, M|100/100\n|move|p2a: Ranger|Earth Power|p1a: Kingambit\n|-supereffective|p1a: Kingambit|1\n|-damage|p1a: Kingambit|0 fnt\n|faint|p1a: Kingambit\n|move|p1b: Rotom|Hydro Pump|p2a: Ranger\n|-supereffective|p2a: Ranger|2\n|-damage|p2a: Ranger|0 fnt\n|faint|p2a: Ranger\n|move|p2b: Taco Tuesday|Double-Edge|p1b: Rotom\n|-damage|p1b: Rotom|15/100\n|-damage|p2b: Taco Tuesday|0 fnt|[from] Recoil\n|faint|p2b: Taco Tuesday\n|\n|-heal|p1b: Rotom|20/100|[from] item: Leftovers\n|upkeep\n|inactive|Solaris231231 has 30 seconds left.\n|\n|t:|1776447581\n|switch|p2a: Shane|Farigiraf, L50, F|100/100\n|switch|p1a: Chandelure|Chandelure, L50, F, shiny|100/100\n|switch|p2b: Ai|Gardevoir, L50, M, shiny|100/100\n|-ability|p2b: Ai|Levitate|Trace|[from] ability: Trace|[of] p1b: Rotom\n|turn|9\n|\n|t:|1776447605\n|detailschange|p1a: Chandelure|Chandelure-Mega, L50, F, shiny\n|-mega|p1a: Chandelure|Chandelure|Chandelurite\n|move|p2b: Ai|Protect|p2b: Ai\n|-singleturn|p2b: Ai|Protect\n|move|p2a: Shane|Twin Beam|p1b: Rotom\n|-crit|p1b: Rotom\n|-damage|p1b: Rotom|0 fnt\n|faint|p1b: Rotom\n|-hitcount|p1: Rotom|1\n|move|p1a: Chandelure|Shadow Ball|p2b: Ai\n|-activate|p2b: Ai|move: Protect\n|\n|-fieldend|move: Trick Room\n|upkeep\n|turn|10\n|\n|t:|1776447629\n|move|p1a: Chandelure|Calm Mind|p1a: Chandelure\n|-boost|p1a: Chandelure|spa|1\n|-boost|p1a: Chandelure|spd|1\n|move|p2b: Ai|Psychic|p1a: Chandelure\n|-damage|p1a: Chandelure|57/100\n|move|p2a: Shane|Twin Beam|p1a: Chandelure\n|-damage|p1a: Chandelure|39/100\n|-damage|p1a: Chandelure|23/100\n|-hitcount|p1a: Chandelure|2\n|\n|upkeep\n|turn|11\n|\n|t:|1776447649\n|move|p1a: Chandelure|Heat Wave|p2b: Ai|[spread] p2a,p2b\n|-damage|p2a: Shane|38/100\n|-damage|p2b: Ai|28/100\n|move|p2b: Ai|Psychic|p1a: Chandelure\n|-damage|p1a: Chandelure|0 fnt\n|faint|p1a: Chandelure\n|\n|win|Mentalsyndrome\n|raw|Solaris231231's rating: 1333 &rarr; <strong>1309</strong><br />(-24 for losing)\n|raw|Mentalsyndrome's rating: 1262 &rarr; <strong>1292</strong><br />(+30 for winning)\n|l|\u2606Solaris231231\n|player|p1|\n",
  "uploadtime": 1776447651,
  "views": 46,
  "formatid": "gen9championsvgc2026regma",
  "rating": 1292,
  "private": 0,
  "password": null
}