{
  "id": "gen9championsvgc2026regma-2582072532",
  "format": "[Gen 9 Champions] VGC 2026 Reg M-A",
  "players": [
    "kyedae",
    "Asteck"
  ],
  "log": "|j|\u2606kyedae\n|j|\u2606Asteck\n|t:|1776054468\n|gametype|doubles\n|player|p1|kyedae|jasmine|1090\n|player|p2|Asteck|169|1080\n|gen|9\n|tier|[Gen 9 Champions] VGC 2026 Reg M-A\n|rated|\n|rule|Species Clause: Limit one of each Pok\u00e9mon\n|rule|Item Clause: Limit 1 of each item\n|clearpoke\n|poke|p1|Delphox, L50, M|\n|poke|p1|Sneasler, L50, F|\n|poke|p1|Kingambit, L50, M|\n|poke|p1|Clefable, L50, M|\n|poke|p1|Dragonite, L50, F|\n|poke|p1|Basculegion, L50, M|\n|poke|p2|Crabominable, L50, F|\n|poke|p2|Slowking-Galar, L50, M|\n|poke|p2|Incineroar, L50, F|\n|poke|p2|Sinistcha, L50|\n|poke|p2|Primarina, L50, F|\n|poke|p2|Kingambit, L50, M|\n|teampreview|4\n|inactive|Battle timer is ON: inactive players will automatically lose when time's up. (requested by kyedae)\n|inactive|Asteck has 60 seconds left.\n|\n|t:|1776054500\n|teamsize|p1|4\n|teamsize|p2|4\n|start\n|switch|p1a: Delphox|Delphox, L50, M, shiny|100/100\n|switch|p1b: Sneasler|Sneasler, L50, F, shiny|100/100\n|switch|p2a: Slowking|Slowking-Galar, L50, M|100/100\n|switch|p2b: Primarina|Primarina, L50, F|100/100\n|turn|1\n|\n|t:|1776054521\n|detailschange|p1a: Delphox|Delphox-Mega, L50, M, shiny\n|-mega|p1a: Delphox|Delphox|Delphoxite\n|move|p2b: Primarina|Protect|p2b: Primarina\n|-singleturn|p2b: Primarina|Protect\n|move|p1b: Sneasler|Fake Out|p2b: Primarina\n|-activate|p2b: Primarina|move: Protect\n|move|p1a: Delphox|Psychic|p2b: Primarina\n|-activate|p2b: Primarina|move: Protect\n|move|p2a: Slowking|Trick Room|p2a: Slowking\n|-fieldstart|move: Trick Room|[of] p2a: Slowking\n|\n|upkeep\n|turn|2\n|inactive|Asteck has 30 seconds left.\n|inactive|Asteck has 20 seconds left.\n|\n|t:|1776054556\n|move|p1b: Sneasler|Protect|p1b: Sneasler\n|-singleturn|p1b: Sneasler|Protect\n|-prepare|p2a: Slowking|Chilly Reception|[premajor]\n|move|p2a: Slowking|Chilly Reception|p2a: Slowking\n|-weather|Snowscape\n|\n|t:|1776054565\n|switch|p2a: Incineroar|Incineroar, L50, F|100/100|[from] Chilly Reception\n|-ability|p2a: Incineroar|Intimidate|boost\n|-unboost|p1a: Delphox|atk|1\n|-unboost|p1b: Sneasler|atk|1\n|move|p2b: Primarina|Hyper Voice|p1a: Delphox|[spread] p1a\n|-activate|p1b: Sneasler|move: Protect\n|-supereffective|p1a: Delphox|1\n|-damage|p1a: Delphox|8/100\n|move|p1a: Delphox|Substitute|p1a: Delphox\n|-fail|p1a: Delphox|move: Substitute|[weak]\n|\n|-weather|Snowscape|[upkeep]\n|upkeep\n|turn|3\n|\n|t:|1776054589\n|move|p1a: Delphox|Protect|p1a: Delphox\n|-singleturn|p1a: Delphox|Protect\n|move|p2a: Incineroar|Fake Out|p1b: Sneasler\n|-damage|p1b: Sneasler|80/100\n|move|p2b: Primarina|Hyper Voice|p1b: Sneasler|[spread] p1b\n|-activate|p1a: Delphox|move: Protect\n|-damage|p1b: Sneasler|16/100\n|cant|p1b: Sneasler|flinch\n|\n|-weather|Snowscape|[upkeep]\n|upkeep\n|turn|4\n|\n|t:|1776054604\n|switch|p1a: Clefable|Clefable, L50, M, shiny|100/100\n|move|p2b: Primarina|Hyper Voice|p1b: Sneasler|[spread] p1a,p1b\n|-damage|p1a: Clefable|57/100\n|-damage|p1b: Sneasler|0 fnt\n|faint|p1b: Sneasler\n|move|p2a: Incineroar|Parting Shot|p1a: Clefable\n|-unboost|p1a: Clefable|atk|1\n|-unboost|p1a: Clefable|spa|1\n|\n|t:|1776054610\n|switch|p2a: Crabominable|Crabominable, L50, F|100/100|[from] Parting Shot\n|\n|-weather|Snowscape|[upkeep]\n|upkeep\n|\n|t:|1776054617\n|switch|p1b: Basculegion|Basculegion, L50, M, shiny|100/100\n|turn|5\n|\n|t:|1776054628\n|switch|p2b: Slowking|Slowking-Galar, L50, M|100/100\n|detailschange|p2a: Crabominable|Crabominable-Mega, L50, F\n|-mega|p2a: Crabominable|Crabominable|Crabominite\n|move|p2a: Crabominable|Ice Punch|p1a: Clefable\n|-damage|p1a: Clefable|11/100\n|-enditem|p1a: Clefable|Sitrus Berry|[eat]\n|-heal|p1a: Clefable|36/100|[from] item: Sitrus Berry\n|move|p1a: Clefable|Moonblast|p2a: Crabominable\n|-supereffective|p2a: Crabominable|1\n|-damage|p2a: Crabominable|67/100\n|-unboost|p2a: Crabominable|spa|1\n|move|p1b: Basculegion|Flip Turn|p2a: Crabominable\n|-damage|p2a: Crabominable|46/100\n|\n|t:|1776054633\n|switch|p1b: Delphox|Delphox-Mega, L50, M, shiny|8/100|[from] Flip Turn\n|\n|-weather|Snowscape|[upkeep]\n|-fieldend|move: Trick Room\n|upkeep\n|turn|6\n|\n|t:|1776054654\n|switch|p2a: Primarina|Primarina, L50, F|100/100\n|move|p1a: Clefable|Helping Hand|p1b: Delphox\n|-singleturn|p1b: Delphox|Helping Hand|[of] p1a: Clefable\n|move|p1b: Delphox|Heat Wave|p2b: Slowking|[spread] p2a\n|-miss|p1b: Delphox|p2b: Slowking\n|-resisted|p2a: Primarina|1\n|-damage|p2a: Primarina|72/100\n|move|p2b: Slowking|Trick Room|p2b: Slowking\n|-fieldstart|move: Trick Room|[of] p2b: Slowking\n|\n|-weather|none\n|upkeep\n|turn|7\n|\n|t:|1776054668\n|move|p1a: Clefable|Protect|p1a: Clefable\n|-singleturn|p1a: Clefable|Protect\n|move|p1b: Delphox|Protect|p1b: Delphox\n|-singleturn|p1b: Delphox|Protect\n|-prepare|p2b: Slowking|Chilly Reception|[premajor]\n|move|p2b: Slowking|Chilly Reception|p2b: Slowking\n|-weather|Snowscape\n|\n|t:|1776054673\n|switch|p2b: Incineroar|Incineroar, L50, F|100/100|[from] Chilly Reception\n|-ability|p2b: Incineroar|Intimidate|boost\n|-unboost|p1a: Clefable|atk|1\n|-unboost|p1b: Delphox|atk|1\n|move|p2a: Primarina|Hyper Voice|p1a: Clefable|[spread] \n|-activate|p1a: Clefable|move: Protect\n|-activate|p1b: Delphox|move: Protect\n|\n|-weather|Snowscape|[upkeep]\n|upkeep\n|turn|8\n|\n|t:|1776054689\n|switch|p2b: Crabominable|Crabominable-Mega, L50, F|46/100\n|move|p2a: Primarina|Hyper Voice|p1a: Clefable|[spread] p1a,p1b\n|-supereffective|p1b: Delphox|1\n|-damage|p1a: Clefable|0 fnt\n|-damage|p1b: Delphox|0 fnt\n|faint|p1a: Clefable\n|faint|p1b: Delphox\n|\n|-weather|Snowscape|[upkeep]\n|upkeep\n|\n|t:|1776054695\n|switch|p1b: Basculegion|Basculegion, L50, M, shiny|100/100\n|turn|9\n|\n|t:|1776054703\n|move|p2b: Crabominable|Ice Punch|p1b: Basculegion\n|-resisted|p1b: Basculegion|1\n|-damage|p1b: Basculegion|67/100\n|move|p2a: Primarina|Hyper Voice|p1b: Basculegion\n|-resisted|p1b: Basculegion|1\n|-damage|p1b: Basculegion|31/100\n|move|p1b: Basculegion|Last Respects|p2a: Primarina\n|-damage|p2a: Primarina|0 fnt\n|faint|p2a: Primarina\n|\n|-weather|Snowscape|[upkeep]\n|upkeep\n|\n|t:|1776054707\n|switch|p2a: Slowking|Slowking-Galar, L50, M|100/100\n|turn|10\n|\n|t:|1776054726\n|-prepare|p2a: Slowking|Chilly Reception|[premajor]\n|move|p2a: Slowking|Chilly Reception|p2a: Slowking\n|\n|t:|1776054730\n|switch|p2a: Incineroar|Incineroar, L50, F|100/100|[from] Chilly Reception\n|-ability|p2a: Incineroar|Intimidate|boost\n|-unboost|p1b: Basculegion|atk|1\n|move|p2b: Crabominable|Ice Punch|p1b: Basculegion\n|-resisted|p1b: Basculegion|1\n|-crit|p1b: Basculegion\n|-damage|p1b: Basculegion|0 fnt\n|faint|p1b: Basculegion\n|\n|win|Asteck\n|raw|kyedae's rating: 1090 &rarr; <strong>1066</strong><br />(-24 for losing)\n|raw|Asteck's rating: 1080 &rarr; <strong>1109</strong><br />(+29 for winning)\n",
  "uploadtime": 1776054737,
  "views": 11,
  "formatid": "gen9championsvgc2026regma",
  "rating": 1066,
  "private": 0,
  "password": null
}