{
  "id": "gen9championsvgc2026regma-2581402954",
  "format": "[Gen 9 Champions] VGC 2026 Reg M-A",
  "players": [
    "emiyaemiya",
    "Nerd271828"
  ],
  "log": "|j|\u2606emiyaemiya\n|j|\u2606Nerd271828\n|t:|1775996743\n|gametype|doubles\n|player|p1|emiyaemiya|1|1108\n|player|p2|Nerd271828|lucas|1087\n|gen|9\n|tier|[Gen 9 Champions] VGC 2026 Reg M-A\n|rated|\n|rule|Species Clause: Limit one of each Pok\u00e9mon\n|rule|Item Clause: Limit 1 of each item\n|clearpoke\n|poke|p1|Gengar, L50, F|\n|poke|p1|Whimsicott, L50, M|\n|poke|p1|Tyranitar, L50, F|\n|poke|p1|Incineroar, L50, M|\n|poke|p1|Kommo-o, L50, F|\n|poke|p1|Sinistcha-Masterpiece, L50|\n|poke|p2|Farigiraf, L50, M|\n|poke|p2|Tyranitar, L50, F|\n|poke|p2|Steelix, L50, F|\n|poke|p2|Rotom-Heat, L50|\n|poke|p2|Sinistcha, L50|\n|poke|p2|Araquanid, L50, M|\n|teampreview|4\n|c|\u2606Nerd271828|Gl hf\n|c|\u2606emiyaemiya|u 2 :)\n|\n|t:|1775996775\n|teamsize|p1|4\n|teamsize|p2|4\n|start\n|switch|p1a: Gengar|Gengar, L50, F|100/100\n|switch|p1b: Incineroar|Incineroar, L50, M|100/100\n|switch|p2a: Steelix|Steelix, L50, F|100/100\n|switch|p2b: Farigiraf|Farigiraf, L50, M|100/100\n|-ability|p1b: Incineroar|Intimidate|boost\n|-unboost|p2a: Steelix|atk|1\n|-unboost|p2b: Farigiraf|atk|1\n|turn|1\n|\n|t:|1775996804\n|switch|p1b: Sinistcha|Sinistcha-Masterpiece, L50|100/100\n|detailschange|p1a: Gengar|Gengar-Mega, L50, F\n|-mega|p1a: Gengar|Gengar|Gengarite\n|move|p1a: Gengar|Perish Song|p1a: Gengar\n|-start|p1a: Gengar|perish3|[silent]\n|-start|p1b: Sinistcha|perish3|[silent]\n|-start|p2a: Steelix|perish3|[silent]\n|-start|p2b: Farigiraf|perish3|[silent]\n|-fieldactivate|move: Perish Song\n|move|p2a: Steelix|Body Press|p1b: Sinistcha\n|-immune|p1b: Sinistcha\n|move|p2b: Farigiraf|Trick Room|p2b: Farigiraf\n|-fieldstart|move: Trick Room|[of] p2b: Farigiraf\n|\n|-start|p2a: Steelix|perish3\n|-start|p2b: Farigiraf|perish3\n|-start|p1b: Sinistcha|perish3\n|-start|p1a: Gengar|perish3\n|upkeep\n|turn|2\n|\n|t:|1775996852\n|switch|p1b: Incineroar|Incineroar, L50, M|100/100\n|-ability|p1b: Incineroar|Intimidate|boost\n|-unboost|p2a: Steelix|atk|1\n|-unboost|p2b: Farigiraf|atk|1\n|detailschange|p2a: Steelix|Steelix-Mega, L50, F\n|-mega|p2a: Steelix|Steelix|Steelixite\n|move|p1a: Gengar|Protect|p1a: Gengar\n|-singleturn|p1a: Gengar|Protect\n|move|p2a: Steelix|Earthquake|p1a: Gengar|[spread] p2b,p1b\n|-activate|p1a: Gengar|move: Protect\n|-supereffective|p1b: Incineroar|1\n|-damage|p2b: Farigiraf|85/100\n|-damage|p1b: Incineroar|73/100\n|move|p2b: Farigiraf|Foul Play|p1a: Gengar\n|-activate|p1a: Gengar|move: Protect\n|\n|-start|p2a: Steelix|perish2\n|-start|p2b: Farigiraf|perish2\n|-start|p1a: Gengar|perish2\n|upkeep\n|turn|3\n|\n|t:|1775996877\n|switch|p1a: Kommo-o|Kommo-o, L50, F|100/100\n|move|p2a: Steelix|Body Press|p1b: Incineroar\n|-supereffective|p1b: Incineroar|1\n|-damage|p1b: Incineroar|5/100\n|-enditem|p1b: Incineroar|Sitrus Berry|[eat]\n|-heal|p1b: Incineroar|30/100|[from] item: Sitrus Berry\n|move|p1b: Incineroar|Parting Shot|p2a: Steelix\n|-unboost|p2a: Steelix|atk|1\n|-unboost|p2a: Steelix|spa|1\n|\n|t:|1775996887\n|switch|p1b: Gengar|Gengar-Mega, L50, F|100/100|[from] Parting Shot\n|move|p2b: Farigiraf|Foul Play|p1a: Kommo-o\n|-resisted|p1a: Kommo-o|1\n|-damage|p1a: Kommo-o|90/100\n|\n|-heal|p1a: Kommo-o|96/100|[from] item: Leftovers\n|-start|p2a: Steelix|perish1\n|-start|p2b: Farigiraf|perish1\n|upkeep\n|turn|4\n|\n|t:|1775996898\n|move|p1a: Kommo-o|Protect|p1a: Kommo-o\n|-singleturn|p1a: Kommo-o|Protect\n|move|p1b: Gengar|Protect|p1b: Gengar\n|-singleturn|p1b: Gengar|Protect\n|move|p2a: Steelix|Earthquake|p1b: Gengar|[spread] p2b\n|-activate|p1a: Kommo-o|move: Protect\n|-activate|p1b: Gengar|move: Protect\n|-damage|p2b: Farigiraf|71/100\n|move|p2b: Farigiraf|Psychic|p1a: Kommo-o\n|-activate|p1a: Kommo-o|move: Protect\n|\n|-heal|p1a: Kommo-o|100/100|[from] item: Leftovers\n|-start|p2a: Steelix|perish0\n|-start|p2b: Farigiraf|perish0\n|faint|p2a: Steelix\n|faint|p2b: Farigiraf\n|upkeep\n|\n|t:|1775996902\n|switch|p2a: Araquanid|Araquanid, L50, M|100/100\n|switch|p2b: Sinistcha|Sinistcha, L50|100/100\n|turn|5\n|c|\u2606Nerd271828|Gg\n|-message|Nerd271828 forfeited.\n|\n|win|emiyaemiya\n|raw|emiyaemiya's rating: 1108 &rarr; <strong>1131</strong><br />(+23 for winning)\n|raw|Nerd271828's rating: 1087 &rarr; <strong>1065</strong><br />(-22 for losing)\n|l|\u2606Nerd271828\n|player|p2|\n",
  "uploadtime": 1775997239,
  "views": 20,
  "formatid": "gen9championsvgc2026regma",
  "rating": 1065,
  "private": 0,
  "password": null
}