{
  "id": "gen9championsvgc2026regma-2581645841",
  "format": "[Gen 9 Champions] VGC 2026 Reg M-A",
  "players": [
    "sgrunz10",
    "gonegeb"
  ],
  "log": "|j|\u2606sgrunz10\n|j|\u2606gonegeb\n|t:|1776017620\n|gametype|doubles\n|player|p1|sgrunz10|lance|1158\n|player|p2|gonegeb|corbeau|1071\n|gen|9\n|tier|[Gen 9 Champions] VGC 2026 Reg M-A\n|rated|\n|rule|Species Clause: Limit one of each Pok\u00e9mon\n|rule|Item Clause: Limit 1 of each item\n|clearpoke\n|poke|p1|Froslass, L50, F|\n|poke|p1|Orthworm, L50, M|\n|poke|p1|Garchomp, L50, M|\n|poke|p1|Incineroar, L50, F|\n|poke|p1|Basculegion, L50, M|\n|poke|p1|Rotom-Frost, L50|\n|poke|p2|Lucario, L50, M|\n|poke|p2|Umbreon, L50, M|\n|poke|p2|Arcanine, L50, F|\n|poke|p2|Ceruledge, L50, M|\n|poke|p2|Corviknight, L50, M|\n|poke|p2|Whimsicott, L50, F|\n|teampreview|4\n|\n|t:|1776017666\n|teamsize|p1|4\n|teamsize|p2|4\n|start\n|switch|p1a: Orthworm|Orthworm, L50, M|100/100\n|switch|p1b: Garchomp|Garchomp, L50, M|100/100\n|switch|p2a: Umbreon|Umbreon, L50, M, shiny|100/100\n|switch|p2b: Whimsicott|Whimsicott, L50, F, shiny|100/100\n|turn|1\n|\n|t:|1776017695\n|move|p1b: Garchomp|Dragon Claw|p2a: Umbreon\n|-damage|p2a: Umbreon|75/100\n|move|p2b: Whimsicott|Moonblast|p1b: Garchomp\n|-supereffective|p1b: Garchomp|1\n|-damage|p1b: Garchomp|18/100\n|move|p2a: Umbreon|Foul Play|p1b: Garchomp\n|-damage|p1b: Garchomp|0 fnt\n|-damage|p2a: Umbreon|63/100|[from] ability: Rough Skin|[of] p1b: Garchomp\n|faint|p1b: Garchomp\n|move|p1a: Orthworm|Shed Tail|p1a: Orthworm\n|-start|p1a: Orthworm|Substitute|[from] move: Shed Tail\n|-damage|p1a: Orthworm|50/100\n|-enditem|p1a: Orthworm|Sitrus Berry|[eat]\n|-heal|p1a: Orthworm|75/100|[from] item: Sitrus Berry\n|\n|t:|1776017710\n|switch|p1a: Froslass|Froslass, L50, F|100/100|[from] Shed Tail\n|\n|-heal|p2a: Umbreon|69/100|[from] item: Leftovers\n|upkeep\n|\n|t:|1776017716\n|switch|p1b: Orthworm|Orthworm, L50, M|75/100\n|turn|2\n|\n|t:|1776017739\n|move|p2b: Whimsicott|Taunt|p1b: Orthworm\n|-start|p1b: Orthworm|move: Taunt\n|move|p1a: Froslass|Nasty Plot|p1a: Froslass\n|-boost|p1a: Froslass|spa|2\n|cant|p1b: Orthworm|move: Taunt|Shed Tail\n|move|p2a: Umbreon|Foul Play|p1a: Froslass\n|-supereffective|p1a: Froslass|1\n|-end|p1a: Froslass|Substitute\n|\n|-heal|p2a: Umbreon|75/100|[from] item: Leftovers\n|upkeep\n|turn|3\n|\n|t:|1776017763\n|move|p1a: Froslass|Protect|p1a: Froslass\n|-singleturn|p1a: Froslass|Protect\n|move|p2b: Whimsicott|Encore|p1a: Froslass\n|-activate|p1a: Froslass|move: Protect\n|move|p1b: Orthworm|Heavy Slam|p2b: Whimsicott\n|-supereffective|p2b: Whimsicott|1\n|-damage|p2b: Whimsicott|9/100\n|move|p2a: Umbreon|Snarl|p1a: Froslass|[spread] p1b\n|-activate|p1a: Froslass|move: Protect\n|-damage|p1b: Orthworm|64/100\n|-unboost|p1b: Orthworm|spa|1\n|\n|-heal|p2a: Umbreon|81/100|[from] item: Leftovers\n|upkeep\n|turn|4\n|\n|t:|1776017801\n|switch|p1a: Basculegion|Basculegion, L50, M|100/100\n|move|p2b: Whimsicott|Encore||[still]\n|-fail|p2b: Whimsicott\n|move|p1b: Orthworm|Heavy Slam|p2b: Whimsicott\n|-supereffective|p2b: Whimsicott|1\n|-damage|p2b: Whimsicott|0 fnt\n|faint|p2b: Whimsicott\n|move|p2a: Umbreon|Yawn|p1b: Orthworm\n|-start|p1b: Orthworm|move: Yawn|[of] p2a: Umbreon\n|\n|-heal|p2a: Umbreon|87/100|[from] item: Leftovers\n|-end|p1b: Orthworm|move: Taunt\n|upkeep\n|\n|t:|1776017807\n|switch|p2b: Lucario|Lucario, L50, M|100/100\n|turn|5\n|\n|t:|1776017829\n|move|p2b: Lucario|Protect|p2b: Lucario\n|-singleturn|p2b: Lucario|Protect\n|move|p1a: Basculegion|Wave Crash|p2b: Lucario\n|-activate|p2b: Lucario|move: Protect\n|move|p2a: Umbreon|Foul Play|p1a: Basculegion\n|-supereffective|p1a: Basculegion|1\n|-damage|p1a: Basculegion|0 fnt\n|faint|p1a: Basculegion\n|move|p1b: Orthworm|Shed Tail|p1b: Orthworm\n|-start|p1b: Orthworm|Substitute|[from] move: Shed Tail\n|-damage|p1b: Orthworm|14/100\n|\n|t:|1776017839\n|switch|p1b: Froslass|Froslass, L50, F|100/100|[from] Shed Tail\n|\n|-heal|p2a: Umbreon|93/100|[from] item: Leftovers\n|upkeep\n|\n|t:|1776017845\n|switch|p1a: Orthworm|Orthworm, L50, M|14/100\n|turn|6\n|\n|t:|1776017874\n|detailschange|p2b: Lucario|Lucario-Mega, L50, M\n|-mega|p2b: Lucario|Lucario|Lucarionite\n|move|p1b: Froslass|Protect|p1b: Froslass\n|-singleturn|p1b: Froslass|Protect\n|move|p2b: Lucario|Meteor Mash|p1b: Froslass\n|-activate|p1b: Froslass|move: Protect\n|move|p1a: Orthworm|Body Press|p2b: Lucario\n|-supereffective|p2b: Lucario|1\n|-damage|p2b: Lucario|26/100\n|move|p2a: Umbreon|Snarl|p1b: Froslass|[spread] p1a\n|-activate|p1b: Froslass|move: Protect\n|-damage|p1a: Orthworm|3/100\n|-unboost|p1a: Orthworm|spa|1\n|\n|-heal|p2a: Umbreon|99/100|[from] item: Leftovers\n|upkeep\n|turn|7\n|inactive|Battle timer is ON: inactive players will automatically lose when time's up. (requested by gonegeb)\n|\n|t:|1776017930\n|detailschange|p1b: Froslass|Froslass-Mega, L50, F\n|-mega|p1b: Froslass|Froslass|Froslassite\n|-weather|Snowscape|[from] ability: Snow Warning|[of] p1b: Froslass\n|move|p2b: Lucario|Protect|p2b: Lucario\n|-singleturn|p2b: Lucario|Protect\n|move|p1b: Froslass|Blizzard|p2a: Umbreon|[spread] p2a\n|-activate|p2b: Lucario|move: Protect\n|-damage|p2a: Umbreon|68/100\n|move|p2a: Umbreon|Snarl|p1b: Froslass|[spread] p1a,p1b\n|-supereffective|p1b: Froslass|1\n|-damage|p1a: Orthworm|0 fnt\n|-damage|p1b: Froslass|76/100\n|-unboost|p1b: Froslass|spa|1\n|faint|p1a: Orthworm\n|\n|-weather|Snowscape|[upkeep]\n|-heal|p2a: Umbreon|74/100|[from] item: Leftovers\n|upkeep\n|turn|8\n|\n|t:|1776017951\n|switch|p2b: Ceruledge|Ceruledge, L50, M|100/100\n|move|p1b: Froslass|Shadow Ball|p2b: Ceruledge\n|-supereffective|p2b: Ceruledge|1\n|-crit|p2b: Ceruledge\n|-damage|p2b: Ceruledge|0 fnt\n|faint|p2b: Ceruledge\n|move|p2a: Umbreon|Snarl|p1b: Froslass\n|-supereffective|p1b: Froslass|1\n|-damage|p1b: Froslass|41/100\n|-unboost|p1b: Froslass|spa|1\n|\n|-weather|Snowscape|[upkeep]\n|-heal|p2a: Umbreon|80/100|[from] item: Leftovers\n|upkeep\n|\n|t:|1776017959\n|switch|p2b: Lucario|Lucario-Mega, L50, M|26/100\n|turn|9\n|\n|t:|1776017970\n|move|p1b: Froslass|Blizzard|p2b: Lucario|[spread] p2a,p2b\n|-resisted|p2b: Lucario|1\n|-damage|p2a: Umbreon|65/100\n|-damage|p2b: Lucario|7/100\n|move|p2b: Lucario|Meteor Mash|p1b: Froslass|[miss]\n|-miss|p2b: Lucario|p1b: Froslass\n|move|p2a: Umbreon|Snarl|p1b: Froslass\n|-supereffective|p1b: Froslass|1\n|-damage|p1b: Froslass|8/100\n|-unboost|p1b: Froslass|spa|1\n|\n|-weather|Snowscape|[upkeep]\n|-heal|p2a: Umbreon|71/100|[from] item: Leftovers\n|upkeep\n|turn|10\n|\n|t:|1776017983\n|move|p1b: Froslass|Blizzard|p2b: Lucario|[spread] p2a,p2b\n|-resisted|p2b: Lucario|1\n|-damage|p2a: Umbreon|59/100\n|-damage|p2b: Lucario|0 fnt\n|faint|p2b: Lucario\n|move|p2a: Umbreon|Snarl|p1b: Froslass\n|-supereffective|p1b: Froslass|1\n|-damage|p1b: Froslass|0 fnt\n|faint|p1b: Froslass\n|\n|win|gonegeb\n|raw|sgrunz10's rating: 1158 &rarr; <strong>1127</strong><br />(-31 for losing)\n|raw|gonegeb's rating: 1071 &rarr; <strong>1108</strong><br />(+37 for winning)\n|l|\u2606sgrunz10\n|player|p1|\n",
  "uploadtime": 1776017996,
  "views": 17,
  "formatid": "gen9championsvgc2026regma",
  "rating": 1108,
  "private": 0,
  "password": null
}