{
  "id": "gen9championsvgc2026regma-2588503789",
  "format": "[Gen 9 Champions] VGC 2026 Reg M-A",
  "players": [
    "Toshinori4",
    "ageil2"
  ],
  "log": "|j|\u2606Toshinori4\n|j|\u2606ageil2\n|t:|1776639512\n|gametype|doubles\n|player|p1|Toshinori4|caitlin|1439\n|player|p2|ageil2|102|1402\n|gen|9\n|tier|[Gen 9 Champions] VGC 2026 Reg M-A\n|rated|\n|rule|Species Clause: Limit one of each Pok\u00e9mon\n|rule|Item Clause: Limit 1 of each item\n|clearpoke\n|poke|p1|Archaludon, L50, M|\n|poke|p1|Sinistcha, L50|\n|poke|p1|Scizor, L50, M|\n|poke|p1|Incineroar, L50, M|\n|poke|p1|Pelipper, L50, M|\n|poke|p1|Scovillain, L50, M|\n|poke|p2|Venusaur, L50, F|\n|poke|p2|Tauros-Paldea-Aqua, L50, M|\n|poke|p2|Talonflame, L50, M|\n|poke|p2|Garchomp, L50, F|\n|poke|p2|Kangaskhan, L50, F|\n|poke|p2|Volcarona, L50, M|\n|teampreview|4\nToshinori4 rejected open team sheets.\n|inactive|Battle timer is ON: inactive players will automatically lose when time's up. (requested by ageil2)\n|\n|t:|1776639552\n|teamsize|p1|4\n|teamsize|p2|4\n|start\n|switch|p1a: Archaludon|Archaludon, L50, M|100/100\n|switch|p1b: Scovillain|Scovillain, L50, M|100/100\n|switch|p2a: Venusaur|Venusaur, L50, F|100/100\n|switch|p2b: Talonflame|Talonflame, L50, M|100/100\n|turn|1\n|inactive|ageil2 has 30 seconds left.\n|\n|t:|1776639582\n|detailschange|p2a: Venusaur|Venusaur-Mega, L50, F\n|-mega|p2a: Venusaur|Venusaur|Venusaurite\n|detailschange|p1b: Scovillain|Scovillain-Mega, L50, M\n|-mega|p1b: Scovillain|Scovillain|Scovillainite\n|move|p1b: Scovillain|Protect|p1b: Scovillain\n|-singleturn|p1b: Scovillain|Protect\n|move|p2b: Talonflame|Dual Wingbeat|p1b: Scovillain\n|-activate|p1b: Scovillain|move: Protect\n|move|p1a: Archaludon|Snarl|p2a: Venusaur|[spread] p2a,p2b\n|-damage|p2a: Venusaur|91/100\n|-damage|p2b: Talonflame|80/100\n|-unboost|p2a: Venusaur|spa|1\n|-unboost|p2b: Talonflame|spa|1\n|move|p2a: Venusaur|Leech Seed|p1a: Archaludon\n|-start|p1a: Archaludon|move: Leech Seed\n|\n|-damage|p1a: Archaludon|88/100|[from] Leech Seed|[of] p2a: Venusaur\n|-heal|p2a: Venusaur|100/100|[silent]\n|upkeep\n|turn|2\n|inactive|ageil2 has 30 seconds left.\n|\n|t:|1776639607\n|switch|p1a: Incineroar|Incineroar, L50, M|100/100\n|-ability|p1a: Incineroar|Intimidate|boost\n|-unboost|p2a: Venusaur|atk|1\n|-unboost|p2b: Talonflame|atk|1\n|switch|p1b: Pelipper|Pelipper, L50, M|100/100\n|-weather|RainDance|[from] ability: Drizzle|[of] p1b: Pelipper\n|move|p2b: Talonflame|Tailwind|p2b: Talonflame\n|-sidestart|p2: ageil2|move: Tailwind\n|move|p2a: Venusaur|Sludge Bomb|p1b: Pelipper\n|-damage|p1b: Pelipper|63/100\n|-status|p1b: Pelipper|psn\n|\n|-weather|RainDance|[upkeep]\n|-damage|p1b: Pelipper|51/100 psn|[from] psn\n|upkeep\n|turn|3\n|inactive|ageil2 has 30 seconds left.\n|inactive|ageil2 has 20 seconds left.\n|inactive|ageil2 has 15 seconds left.\n|\n|t:|1776639648\n|switch|p2b: Garchomp|Garchomp, L50, F|100/100\n|move|p2a: Venusaur|Protect|p2a: Venusaur\n|-singleturn|p2a: Venusaur|Protect\n|move|p1a: Incineroar|Fake Out|p2a: Venusaur\n|-activate|p2a: Venusaur|move: Protect\n|move|p1b: Pelipper|Weather Ball|p2b: Garchomp\n|-damage|p2b: Garchomp|49/100\n|\n|-weather|RainDance|[upkeep]\n|-damage|p1b: Pelipper|39/100 psn|[from] psn\n|upkeep\n|-enditem|p1b: Pelipper|Sitrus Berry|[eat]\n|-heal|p1b: Pelipper|63/100 psn|[from] item: Sitrus Berry\n|turn|4\n|\n|t:|1776639672\n|move|p2b: Garchomp|Rock Slide|p1b: Pelipper|[spread] p1a,p1b\n|-supereffective|p1a: Incineroar|1\n|-supereffective|p1b: Pelipper|1\n|-damage|p1a: Incineroar|62/100\n|-damage|p1b: Pelipper|30/100 psn\n|move|p2a: Venusaur|Sludge Bomb|p1a: Incineroar\n|-damage|p1a: Incineroar|37/100\n|move|p1b: Pelipper|Tailwind|p1b: Pelipper\n|-sidestart|p1: Toshinori4|move: Tailwind\n|move|p1a: Incineroar|Will-O-Wisp|p2b: Garchomp\n|-status|p2b: Garchomp|brn\n|\n|-weather|RainDance|[upkeep]\n|-damage|p1b: Pelipper|18/100 psn|[from] psn\n|-damage|p2b: Garchomp|43/100 brn|[from] brn\n|upkeep\n|turn|5\n|inactive|ageil2 has 30 seconds left.\n|\n|t:|1776639699\n|move|p1b: Pelipper|Protect|p1b: Pelipper\n|-singleturn|p1b: Pelipper|Protect\n|move|p2b: Garchomp|Rock Slide|p1a: Incineroar|[spread] \n|-activate|p1b: Pelipper|move: Protect\n|-miss|p2b: Garchomp|p1a: Incineroar\n|move|p2a: Venusaur|Sludge Bomb|p1b: Pelipper\n|-activate|p1b: Pelipper|move: Protect\n|move|p1a: Incineroar|Will-O-Wisp|p2a: Venusaur|[miss]\n|-miss|p1a: Incineroar|p2a: Venusaur\n|\n|-weather|RainDance|[upkeep]\n|-damage|p1b: Pelipper|6/100 psn|[from] psn\n|-damage|p2b: Garchomp|37/100 brn|[from] brn\n|-sideend|p2: ageil2|move: Tailwind\n|upkeep\n|turn|6\n|\n|t:|1776639719\n|move|p2a: Venusaur|Protect|p2a: Venusaur\n|-singleturn|p2a: Venusaur|Protect\n|move|p2b: Garchomp|Rock Slide|p1b: Pelipper|[spread] p1a,p1b\n|-supereffective|p1a: Incineroar|1\n|-supereffective|p1b: Pelipper|1\n|-damage|p1a: Incineroar|19/100\n|-damage|p1b: Pelipper|0 fnt\n|faint|p1b: Pelipper\n|move|p1a: Incineroar|Will-O-Wisp|p2a: Venusaur\n|-activate|p2a: Venusaur|move: Protect\n|\n|-weather|none\n|-damage|p2b: Garchomp|31/100 brn|[from] brn\n|upkeep\n|\n|t:|1776639739\n|switch|p1b: Archaludon|Archaludon, L50, M|88/100\n|turn|7\n|\n|t:|1776639752\n|switch|p1a: Scovillain|Scovillain-Mega, L50, M|100/100\n|switch|p2a: Talonflame|Talonflame, L50, M|80/100\n|move|p1b: Archaludon|Dragon Pulse|p2a: Talonflame\n|-damage|p2a: Talonflame|28/100\n|move|p2b: Garchomp|Rock Slide|p1b: Archaludon|[spread] p1a,p1b\n|-supereffective|p1a: Scovillain|1\n|-resisted|p1b: Archaludon|1\n|-damage|p1a: Scovillain|82/100\n|-damage|p1b: Archaludon|84/100\n|-ability|p1b: Archaludon|Stamina|boost\n|-boost|p1b: Archaludon|def|1\n|\n|-heal|p1b: Archaludon|91/100|[from] item: Leftovers\n|-damage|p2b: Garchomp|25/100 brn|[from] brn\n|-sideend|p1: Toshinori4|move: Tailwind\n|upkeep\n|turn|8\n|\n|t:|1776639771\n|move|p1a: Scovillain|Protect|p1a: Scovillain\n|-singleturn|p1a: Scovillain|Protect\n|move|p2b: Garchomp|Rock Slide|p1b: Archaludon|[spread] p1b\n|-activate|p1a: Scovillain|move: Protect\n|-resisted|p1b: Archaludon|1\n|-damage|p1b: Archaludon|89/100\n|-ability|p1b: Archaludon|Stamina|boost\n|-boost|p1b: Archaludon|def|1\n|move|p2a: Talonflame|Tailwind|p2a: Talonflame\n|-sidestart|p2: ageil2|move: Tailwind\n|move|p1b: Archaludon|Dragon Pulse|p2a: Talonflame\n|-damage|p2a: Talonflame|0 fnt\n|faint|p2a: Talonflame\n|\n|-heal|p1b: Archaludon|95/100|[from] item: Leftovers\n|-damage|p2b: Garchomp|19/100 brn|[from] brn\n|upkeep\n|\n|t:|1776639775\n|switch|p2a: Volcarona|Volcarona, L50, M|100/100\n|turn|9\n|\n|t:|1776639791\n|move|p1a: Scovillain|Rage Powder|p1a: Scovillain\n|-singleturn|p1a: Scovillain|move: Rage Powder\n|move|p2b: Garchomp|Rock Slide|p1a: Scovillain|[spread] p1a,p1b\n|-supereffective|p1a: Scovillain|1\n|-resisted|p1b: Archaludon|1\n|-damage|p1a: Scovillain|64/100\n|-damage|p1b: Archaludon|93/100\n|-ability|p1b: Archaludon|Stamina|boost\n|-boost|p1b: Archaludon|def|1\n|move|p2a: Volcarona|Will-O-Wisp|p1a: Scovillain\n|-immune|p1a: Scovillain\n|cant|p1b: Archaludon|flinch\n|\n|-heal|p1b: Archaludon|99/100|[from] item: Leftovers\n|-damage|p2b: Garchomp|13/100 brn|[from] brn\n|upkeep\n|turn|10\n|\n|t:|1776639804\n|move|p2a: Volcarona|Protect|p2a: Volcarona\n|-singleturn|p2a: Volcarona|Protect\n|move|p1a: Scovillain|Rage Powder|p1a: Scovillain\n|-singleturn|p1a: Scovillain|move: Rage Powder\n|move|p2b: Garchomp|Rock Slide|p1a: Scovillain|[spread] p1a,p1b\n|-supereffective|p1a: Scovillain|1\n|-resisted|p1b: Archaludon|1\n|-damage|p1a: Scovillain|46/100\n|-damage|p1b: Archaludon|98/100\n|-ability|p1b: Archaludon|Stamina|boost\n|-boost|p1b: Archaludon|def|1\n|move|p1b: Archaludon|Dragon Pulse|p2a: Volcarona\n|-activate|p2a: Volcarona|move: Protect\n|\n|-heal|p1b: Archaludon|100/100|[from] item: Leftovers\n|-damage|p2b: Garchomp|7/100 brn|[from] brn\n|upkeep\n|turn|11\n|\n|t:|1776639815\n|move|p2b: Garchomp|Rock Slide|p1a: Scovillain|[spread] p1a,p1b\n|-supereffective|p1a: Scovillain|1\n|-resisted|p1b: Archaludon|1\n|-damage|p1a: Scovillain|26/100\n|-damage|p1b: Archaludon|99/100\n|-ability|p1b: Archaludon|Stamina|boost\n|-boost|p1b: Archaludon|def|1\n|move|p2a: Volcarona|Will-O-Wisp|p1b: Archaludon\n|-status|p1b: Archaludon|brn\n|cant|p1b: Archaludon|flinch\n|cant|p1a: Scovillain|flinch\n|\n|-heal|p1b: Archaludon|100/100 brn|[from] item: Leftovers\n|-damage|p2b: Garchomp|1/100 brn|[from] brn\n|-damage|p1b: Archaludon|94/100 brn|[from] brn\n|-sideend|p2: ageil2|move: Tailwind\n|upkeep\n|turn|12\n|c|\u2606Toshinori4|bro\n|n|!Toshinori4|toshinori4\n|\n|t:|1776639832\n|move|p2a: Volcarona|Protect|p2a: Volcarona\n|-singleturn|p2a: Volcarona|Protect\n|move|p2b: Garchomp|Rock Slide|p1b: Archaludon|[spread] p1a,p1b\n|-supereffective|p1a: Scovillain|1\n|-resisted|p1b: Archaludon|1\n|-damage|p1a: Scovillain|8/100\n|-damage|p1b: Archaludon|93/100 brn\n|-ability|p1b: Archaludon|Stamina|boost\n|-boost|p1b: Archaludon|def|1\n|move|p1b: Archaludon|Dragon Pulse|p2a: Volcarona\n|-activate|p2a: Volcarona|move: Protect\n|move|p1a: Scovillain|Giga Drain|p2a: Volcarona\n|-activate|p2a: Volcarona|move: Protect\n|\n|-heal|p1b: Archaludon|99/100 brn|[from] item: Leftovers\n|-damage|p2b: Garchomp|0 fnt|[from] brn\n|faint|p2b: Garchomp\n|-damage|p1b: Archaludon|93/100 brn|[from] brn\n|upkeep\n|\n|t:|1776639842\n|switch|p2b: Venusaur|Venusaur-Mega, L50, F|100/100\n|turn|13\n|\n|t:|1776639852\n|move|p2a: Volcarona|Heat Wave|p1a: Scovillain|[spread] p1a,p1b\n|-damage|p1a: Scovillain|0 fnt\n|-damage|p1b: Archaludon|59/100 brn\n|-immune|p2a: Volcarona\n|faint|p1a: Scovillain\n|move|p1b: Archaludon|Snarl|p2b: Venusaur|[spread] p2a,p2b\n|-crit|p2a: Volcarona\n|-damage|p2a: Volcarona|85/100\n|-damage|p2b: Venusaur|92/100\n|-unboost|p2a: Volcarona|spa|1\n|-unboost|p2b: Venusaur|spa|1\n|move|p2b: Venusaur|Leech Seed|p1b: Archaludon\n|-start|p1b: Archaludon|move: Leech Seed\n|\n|-heal|p1b: Archaludon|65/100 brn|[from] item: Leftovers\n|-damage|p1b: Archaludon|53/100 brn|[from] Leech Seed|[of] p2b: Venusaur\n|-heal|p2b: Venusaur|100/100|[silent]\n|-damage|p1b: Archaludon|46/100 brn|[from] brn\n|upkeep\n|\n|t:|1776639854\n|switch|p1a: Incineroar|Incineroar, L50, M|19/100\n|-ability|p1a: Incineroar|Intimidate|boost\n|-unboost|p2a: Volcarona|atk|1\n|-unboost|p2b: Venusaur|atk|1\n|turn|14\n|-message|Toshinori4 forfeited.\n|\n|win|ageil2\n",
  "uploadtime": 1776639823,
  "views": 9,
  "formatid": "gen9championsvgc2026regma",
  "rating": null,
  "private": 0,
  "password": null
}