{
  "id": "gen9championsvgc2026regma-2589527004",
  "format": "[Gen 9 Champions] VGC 2026 Reg M-A",
  "players": [
    "tonybravais",
    "maodepedra"
  ],
  "log": "|j|\u2606tonybravais\n|j|\u2606maodepedra\n|t:|1776731079\n|gametype|doubles\n|player|p1|tonybravais|byron|1133\n|player|p2|maodepedra|blackbelt-gen4|1047\n|gen|9\n|tier|[Gen 9 Champions] VGC 2026 Reg M-A\n|rated|\n|rule|Species Clause: Limit one of each Pok\u00e9mon\n|rule|Item Clause: Limit 1 of each item\n|clearpoke\n|poke|p1|Rotom-Wash, L50|\n|poke|p1|Volcarona, L50, F|\n|poke|p1|Hydreigon, L50, F|\n|poke|p1|Lucario, L50, F|\n|poke|p1|Glimmora, L50, F|\n|poke|p1|Whimsicott, L50, M|\n|poke|p2|Sneasler, L50, F|\n|poke|p2|Kingambit, L50, M|\n|poke|p2|Sinistcha, L50|\n|poke|p2|Incineroar, L50, F|\n|poke|p2|Floette-Eternal, L50, F|\n|poke|p2|Aerodactyl, L50, M|\n|teampreview|4\n|\n|t:|1776731113\n|teamsize|p1|4\n|teamsize|p2|4\n|start\n|switch|p1a: Lucario|Lucario, L50, F|100/100\n|switch|p1b: Rotom|Rotom-Wash, L50|100/100\n|switch|p2a: Floette|Floette-Eternal, L50, F|100/100\n|switch|p2b: Sinistcha|Sinistcha, L50|100/100\n|turn|1\n|\n|t:|1776731131\n|detailschange|p2a: Floette|Floette-Mega, L50, F\n|-mega|p2a: Floette|Floette|Floettite\n|-ability|p2a: Floette|Fairy Aura\n|move|p2a: Floette|Dazzling Gleam|p1a: Lucario|[spread] p1a,p1b\n|-damage|p1a: Lucario|22/100\n|-damage|p1b: Rotom|67/100\n|move|p1a: Lucario|Meteor Mash|p2a: Floette\n|-supereffective|p2a: Floette|1\n|-damage|p2a: Floette|0 fnt\n|faint|p2a: Floette\n|move|p1b: Rotom|Volt Switch|p2b: Sinistcha\n|-resisted|p2b: Sinistcha|1\n|-damage|p2b: Sinistcha|85/100\n|\n|t:|1776731144\n|switch|p1b: Hydreigon|Hydreigon, L50, F|100/100|[from] Volt Switch\n|move|p2b: Sinistcha|Matcha Gotcha|p1b: Hydreigon|[spread] p1a,p1b\n|-resisted|p1a: Lucario|1\n|-resisted|p1b: Hydreigon|1\n|-damage|p1a: Lucario|0 fnt\n|-heal|p2b: Sinistcha|94/100|[from] drain|[of] p1a: Lucario\n|-damage|p1b: Hydreigon|83/100\n|-heal|p2b: Sinistcha|100/100|[from] drain|[of] p1b: Hydreigon\n|faint|p1a: Lucario\n|\n|upkeep\n|\n|t:|1776731156\n|switch|p2a: Aerodactyl|Aerodactyl, L50, M|100/100\n|switch|p1a: Glimmora|Glimmora, L50, F|100/100\n|-ability|p2a: Aerodactyl|Unnerve\n|turn|2\n|\n|t:|1776731171\n|switch|p2b: Sneasler|Sneasler, L50, F|100/100\n|detailschange|p1a: Glimmora|Glimmora-Mega, L50, F\n|-mega|p1a: Glimmora|Glimmora|Glimmoranite\n|move|p1b: Hydreigon|Dark Pulse|p2b: Sneasler\n|-resisted|p2b: Sneasler|1\n|-damage|p2b: Sneasler|77/100\n|move|p2a: Aerodactyl|Rock Slide|p1a: Glimmora|[spread] p1b\n|-miss|p2a: Aerodactyl|p1a: Glimmora\n|-damage|p1b: Hydreigon|54/100\n|move|p1a: Glimmora|Sludge Bomb|p2b: Sneasler\n|-resisted|p2b: Sneasler|1\n|-crit|p2b: Sneasler\n|-damage|p2b: Sneasler|17/100\n|\n|upkeep\n|turn|3\n|\n|t:|1776731188\n|move|p1b: Hydreigon|Dark Pulse|p2b: Sneasler\n|-resisted|p2b: Sneasler|1\n|-damage|p2b: Sneasler|0 fnt\n|faint|p2b: Sneasler\n|move|p2a: Aerodactyl|Rock Slide|p1a: Glimmora|[spread] p1a,p1b\n|-damage|p1a: Glimmora|73/100\n|-damage|p1b: Hydreigon|27/100\n|cant|p1a: Glimmora|flinch\n|\n|upkeep\n|\n|t:|1776731198\n|switch|p2b: Sinistcha|Sinistcha, L50|100/100\n|turn|4\n|\n|t:|1776731208\n|move|p1b: Hydreigon|Dark Pulse|p2b: Sinistcha\n|-supereffective|p2b: Sinistcha|1\n|-damage|p2b: Sinistcha|0 fnt\n|faint|p2b: Sinistcha\n|move|p2a: Aerodactyl|Rock Slide|p1a: Glimmora|[spread] p1a,p1b\n|-damage|p1a: Glimmora|47/100\n|-damage|p1b: Hydreigon|0 fnt\n|faint|p1b: Hydreigon\n|cant|p1a: Glimmora|flinch\n|\n|upkeep\n|\n|t:|1776731216\n|switch|p1b: Rotom|Rotom-Wash, L50|67/100\n|turn|5\n|\n|t:|1776731227\n|move|p1a: Glimmora|Spiky Shield|p1a: Glimmora\n|-singleturn|p1a: Glimmora|move: Protect\n|move|p2a: Aerodactyl|Rock Slide|p1b: Rotom|[spread] p1b\n|-activate|p1a: Glimmora|move: Protect\n|-damage|p1b: Rotom|44/100\n|cant|p1b: Rotom|flinch\n|\n|-heal|p1b: Rotom|50/100|[from] item: Leftovers\n|upkeep\n|turn|6\n|\n|t:|1776731247\n|move|p2a: Aerodactyl|Rock Slide|p1a: Glimmora|[spread] p1a,p1b\n|-damage|p1a: Glimmora|22/100\n|-damage|p1b: Rotom|27/100\n|move|p1a: Glimmora|Power Gem|p2a: Aerodactyl\n|-supereffective|p2a: Aerodactyl|1\n|-enditem|p2a: Aerodactyl|Focus Sash\n|-damage|p2a: Aerodactyl|1/100\n|move|p1b: Rotom|Electroweb|p2a: Aerodactyl\n|-supereffective|p2a: Aerodactyl|1\n|-damage|p2a: Aerodactyl|0 fnt\n|faint|p2a: Aerodactyl\n|\n|win|tonybravais\n|raw|tonybravais's rating: 1133 &rarr; <strong>1152</strong><br />(+19 for winning)\n|raw|maodepedra's rating: 1047 &rarr; <strong>1034</strong><br />(-13 for losing)\n|l|\u2606maodepedra\n|player|p2|\n",
  "uploadtime": 1776731258,
  "views": 3,
  "formatid": "gen9championsvgc2026regma",
  "rating": 1034,
  "private": 0,
  "password": null
}