{
  "id": "gen9championsvgc2026regma-2584601552",
  "format": "[Gen 9 Champions] VGC 2026 Reg M-A",
  "players": [
    "Team Evasion Boss",
    "voltei hoje"
  ],
  "log": "|j|\u2606Team Evasion Boss\n|j|\u2606voltei hoje\n|t:|1776271406\n|gametype|doubles\n|player|p1|Team Evasion Boss|chuck|1243\n|player|p2|voltei hoje|iris|1336\n|gen|9\n|tier|[Gen 9 Champions] VGC 2026 Reg M-A\n|rated|\n|rule|Species Clause: Limit one of each Pok\u00e9mon\n|rule|Item Clause: Limit 1 of each item\n|clearpoke\n|poke|p1|Aggron, L50, M|\n|poke|p1|Incineroar, L50, M|\n|poke|p1|Sinistcha, L50|\n|poke|p1|Sneasler, L50, M|\n|poke|p1|Palafin, L50, M|\n|poke|p1|Pelipper, L50, M|\n|poke|p2|Gardevoir, L50, F|\n|poke|p2|Palafin, L50, M|\n|poke|p2|Incineroar, L50, M|\n|poke|p2|Sinistcha, L50|\n|poke|p2|Machamp, L50, F|\n|poke|p2|Aegislash, L50, M|\n|teampreview|4\nvoltei hoje rejected open team sheets.\n|inactive|Battle timer is ON: inactive players will automatically lose when time's up. (requested by voltei hoje)\n|\n|t:|1776271471\n|teamsize|p1|4\n|teamsize|p2|4\n|start\n|switch|p1a: Behemoth|Aggron, L50, M|100/100\n|switch|p1b: Dr. Monster|Sneasler, L50, M|100/100\n|switch|p2a: Gardevoir|Gardevoir, L50, F, shiny|100/100\n|switch|p2b: Palafin|Palafin, L50, M|100/100\n|-ability|p2a: Gardevoir|Sturdy|Trace|[from] ability: Trace|[of] p1a: Behemoth\n|turn|1\n|\n|t:|1776271494\n|detailschange|p2b: Palafin|Palafin-Hero, L50, M\n|switch|p2b: Incineroar|Incineroar, L50, M|100/100\n|-ability|p2b: Incineroar|Intimidate|boost\n|-unboost|p1a: Behemoth|atk|1\n|-unboost|p1b: Dr. Monster|atk|1\n|detailschange|p1a: Behemoth|Aggron-Mega, L50, M\n|-mega|p1a: Behemoth|Aggron|Aggronite\n|move|p1b: Dr. Monster|Dire Claw|p2a: Gardevoir\n|-supereffective|p2a: Gardevoir|1\n|-crit|p2a: Gardevoir\n|-ability|p2a: Gardevoir|Sturdy\n|-damage|p2a: Gardevoir|1/100\n|move|p2a: Gardevoir|Psyshock|p1b: Dr. Monster\n|-supereffective|p1b: Dr. Monster|2\n|-enditem|p1b: Dr. Monster|Focus Sash\n|-damage|p1b: Dr. Monster|1/100\n|move|p1a: Behemoth|Heavy Slam|p2a: Gardevoir\n|-supereffective|p2a: Gardevoir|1\n|-damage|p2a: Gardevoir|0 fnt\n|faint|p2a: Gardevoir\n|\n|upkeep\n|inactive|voltei hoje has 30 seconds left.\n|\n|t:|1776271523\n|switch|p2a: Palafin|Palafin-Hero, L50, M|100/100\n|-activate|p2a: Palafin|ability: Zero to Hero\n|turn|2\n|\n|t:|1776271541\n|move|p1b: Dr. Monster|Protect|p1b: Dr. Monster\n|-singleturn|p1b: Dr. Monster|Protect\n|move|p2b: Incineroar|Fake Out|p1a: Behemoth\n|-resisted|p1a: Behemoth|1\n|-damage|p1a: Behemoth|98/100\n|move|p2a: Palafin|Jet Punch|p1b: Dr. Monster\n|-activate|p1b: Dr. Monster|move: Protect\n|cant|p1a: Behemoth|flinch\n|\n|upkeep\n|turn|3\n|\n|t:|1776271563\n|move|p2a: Palafin|Jet Punch|p1b: Dr. Monster\n|-damage|p1b: Dr. Monster|0 fnt\n|faint|p1b: Dr. Monster\n|move|p2b: Incineroar|Parting Shot|p1a: Behemoth\n|-unboost|p1a: Behemoth|atk|1\n|-unboost|p1a: Behemoth|spa|1\n|\n|t:|1776271576\n|switch|p2b: Sinistcha|Sinistcha, L50|100/100|[from] Parting Shot\n|move|p1a: Behemoth|Iron Defense|p1a: Behemoth\n|-boost|p1a: Behemoth|def|2\n|\n|upkeep\n|\n|t:|1776271581\n|switch|p1b: Bonesaw|Incineroar, L50, M, shiny|100/100\n|-ability|p1b: Bonesaw|Intimidate|boost\n|-unboost|p2a: Palafin|atk|1\n|-unboost|p2b: Sinistcha|atk|1\n|turn|4\n|inactive|voltei hoje has 30 seconds left.\n|inactive|Team Evasion Boss has 30 seconds left.\n|inactive|voltei hoje has 20 seconds left.\n|\n|t:|1776271617\n|move|p2b: Sinistcha|Rage Powder|p2b: Sinistcha\n|-singleturn|p2b: Sinistcha|move: Rage Powder\n|move|p2a: Palafin|Jet Punch|p1b: Bonesaw\n|-supereffective|p1b: Bonesaw|1\n|-damage|p1b: Bonesaw|64/100\n|move|p1b: Bonesaw|Darkest Lariat|p2b: Sinistcha\n|-supereffective|p2b: Sinistcha|1\n|-enditem|p2b: Sinistcha|Colbur Berry|[eat]\n|-enditem|p2b: Sinistcha|Colbur Berry|[weaken]\n|-damage|p2b: Sinistcha|68/100\n|move|p1a: Behemoth|Iron Defense|p1a: Behemoth\n|-boost|p1a: Behemoth|def|2\n|\n|upkeep\n|turn|5\n|\n|t:|1776271635\n|switch|p1b: Dunkin'|Sinistcha, L50|100/100\n|-heal|p1a: Behemoth|100/100|[from] ability: Hospitality|[of] p1b: Dunkin'\n|move|p2b: Sinistcha|Protect|p2b: Sinistcha\n|-singleturn|p2b: Sinistcha|Protect\n|move|p1a: Behemoth|Protect|p1a: Behemoth\n|-singleturn|p1a: Behemoth|Protect\n|move|p2a: Palafin|Bulk Up|p2a: Palafin\n|-boost|p2a: Palafin|atk|1\n|-boost|p2a: Palafin|def|1\n|\n|upkeep\n|turn|6\n|inactive|Team Evasion Boss has 30 seconds left.\n|inactive|voltei hoje has 30 seconds left.\n|\n|t:|1776271668\n|move|p2a: Palafin|Bulk Up|p2a: Palafin\n|-boost|p2a: Palafin|atk|1\n|-boost|p2a: Palafin|def|1\n|move|p2b: Sinistcha|Shadow Ball|p1b: Dunkin'\n|-supereffective|p1b: Dunkin'|1\n|-damage|p1b: Dunkin'|40/100\n|-enditem|p1b: Dunkin'|Sitrus Berry|[eat]\n|-heal|p1b: Dunkin'|65/100|[from] item: Sitrus Berry\n|move|p1b: Dunkin'|Matcha Gotcha|p2a: Palafin|[spread] p2a,p2b\n|-supereffective|p2a: Palafin|1\n|-resisted|p2b: Sinistcha|1\n|-damage|p2a: Palafin|65/100\n|-heal|p1b: Dunkin'|85/100|[from] drain|[of] p2a: Palafin\n|-damage|p2b: Sinistcha|57/100\n|-heal|p1b: Dunkin'|91/100|[from] drain|[of] p2b: Sinistcha\n|-status|p2a: Palafin|brn\n|-status|p2b: Sinistcha|brn\n|move|p1a: Behemoth|Heavy Slam|p2b: Sinistcha\n|-damage|p2b: Sinistcha|33/100 brn\n|\n|-heal|p2a: Palafin|71/100 brn|[from] item: Leftovers\n|-damage|p2a: Palafin|65/100 brn|[from] brn\n|-damage|p2b: Sinistcha|27/100 brn|[from] brn\n|upkeep\n|turn|7\n|inactive|Team Evasion Boss has 30 seconds left.\n|inactive|voltei hoje has 30 seconds left.\n|\n|t:|1776271701\n|move|p2a: Palafin|Drain Punch|p1a: Behemoth\n|-supereffective|p1a: Behemoth|1\n|-damage|p1a: Behemoth|95/100\n|-heal|p2a: Palafin|67/100 brn|[from] drain|[of] p1a: Behemoth\n|move|p2b: Sinistcha|Shadow Ball|p1b: Dunkin'\n|-supereffective|p1b: Dunkin'|1\n|-damage|p1b: Dunkin'|30/100\n|move|p1b: Dunkin'|Matcha Gotcha|p2a: Palafin|[spread] p2a,p2b\n|-supereffective|p2a: Palafin|1\n|-resisted|p2b: Sinistcha|1\n|-damage|p2a: Palafin|29/100 brn\n|-heal|p1b: Dunkin'|53/100|[from] drain|[of] p2a: Palafin\n|-damage|p2b: Sinistcha|16/100 brn\n|-heal|p1b: Dunkin'|58/100|[from] drain|[of] p2b: Sinistcha\n|move|p1a: Behemoth|Body Press|p2a: Palafin\n|-damage|p2a: Palafin|0 fnt\n|faint|p2a: Palafin\n|\n|-damage|p2b: Sinistcha|9/100 brn|[from] brn\n|upkeep\n|\n|t:|1776271724\n|switch|p2a: Incineroar|Incineroar, L50, M|100/100\n|-ability|p2a: Incineroar|Intimidate|boost\n|-unboost|p1a: Behemoth|atk|1\n|-unboost|p1b: Dunkin'|atk|1\n|turn|8\n|\n|t:|1776271740\n|switch|p1b: Bonesaw|Incineroar, L50, M, shiny|64/100\n|-ability|p1b: Bonesaw|Intimidate|boost\n|-unboost|p2a: Incineroar|atk|1\n|-unboost|p2b: Sinistcha|atk|1\n|move|p1a: Behemoth|Protect|p1a: Behemoth\n|-singleturn|p1a: Behemoth|Protect\n|move|p2b: Sinistcha|Shadow Ball|p1b: Bonesaw\n|-resisted|p1b: Bonesaw|1\n|-damage|p1b: Bonesaw|51/100\n|move|p2a: Incineroar|Darkest Lariat|p1b: Bonesaw\n|-resisted|p1b: Bonesaw|1\n|-damage|p1b: Bonesaw|42/100\n|\n|-damage|p2b: Sinistcha|3/100 brn|[from] brn\n|upkeep\n|turn|9\n|\n|t:|1776271761\n|move|p2b: Sinistcha|Shadow Ball|p1a: Behemoth\n|-damage|p1a: Behemoth|68/100\n|move|p1b: Bonesaw|Darkest Lariat|p2b: Sinistcha\n|-supereffective|p2b: Sinistcha|1\n|-damage|p2b: Sinistcha|0 fnt\n|faint|p2b: Sinistcha\n|move|p2a: Incineroar|Darkest Lariat|p1b: Bonesaw\n|-resisted|p1b: Bonesaw|1\n|-damage|p1b: Bonesaw|33/100\n|move|p1a: Behemoth|Body Press|p2a: Incineroar\n|-supereffective|p2a: Incineroar|1\n|-damage|p2a: Incineroar|0 fnt\n|faint|p2a: Incineroar\n|\n|win|Team Evasion Boss\n|raw|Team Evasion Boss's rating: 1243 &rarr; <strong>1275</strong><br />(+32 for winning)\n|raw|voltei hoje's rating: 1336 &rarr; <strong>1311</strong><br />(-25 for losing)\n|l|\u2606Team Evasion Boss\n|player|p1|\n",
  "uploadtime": 1776271775,
  "views": 46,
  "formatid": "gen9championsvgc2026regma",
  "rating": 1275,
  "private": 0,
  "password": null
}