{
  "id": "gen9championsvgc2026regma-2581293021",
  "format": "[Gen 9 Champions] VGC 2026 Reg M-A",
  "players": [
    "testballs",
    "dmryrdtp"
  ],
  "log": "|j|\u203dtestballs\n|j|\u2606dmryrdtp\n|t:|1775982413\n|gametype|doubles\n|player|p1|testballs|twins|1116\n|player|p2|dmryrdtp|nate|1185\n|gen|9\n|tier|[Gen 9 Champions] VGC 2026 Reg M-A\n|rated|\n|rule|Species Clause: Limit one of each Pok\u00e9mon\n|rule|Item Clause: Limit 1 of each item\n|clearpoke\n|poke|p1|Kommo-o, L50, F|\n|poke|p1|Politoed, L50, M|\n|poke|p1|Sableye, L50, M|\n|poke|p1|Volcarona, L50, F|\n|poke|p1|Glimmora, L50, F|\n|poke|p1|Rotom-Wash, L50|\n|poke|p2|Starmie, L50|\n|poke|p2|Whimsicott, L50, F|\n|poke|p2|Incineroar, L50, M|\n|poke|p2|Sneasler, L50, F|\n|poke|p2|Aegislash, L50, M|\n|poke|p2|Dragonite, L50, F|\n|teampreview|4\n|inactive|Battle timer is ON: inactive players will automatically lose when time's up. (requested by testballs)\n|\n|t:|1775982441\n|teamsize|p1|4\n|teamsize|p2|4\n|start\n|switch|p1a: Glimmora|Glimmora, L50, F|100/100\n|switch|p1b: Volcarona|Volcarona, L50, F|100/100\n|switch|p2a: Incineroar|Incineroar, L50, M|100/100\n|switch|p2b: Sneasler|Sneasler, L50, F|100/100\n|-ability|p2a: Incineroar|Intimidate|boost\n|-unboost|p1a: Glimmora|atk|1\n|-unboost|p1b: Volcarona|atk|1\n|turn|1\n|\n|t:|1775982456\n|switch|p1b: Sableye|Sableye, L50, M|100/100\n|detailschange|p1a: Glimmora|Glimmora-Mega, L50, F\n|-mega|p1a: Glimmora|Glimmora|Glimmoranite\n|move|p1a: Glimmora|Spiky Shield|p1a: Glimmora\n|-singleturn|p1a: Glimmora|move: Protect\n|move|p2a: Incineroar|Fake Out|p1b: Sableye\n|-immune|p1b: Sableye\n|move|p2b: Sneasler|Dire Claw|p1b: Sableye\n|-resisted|p1b: Sableye|1\n|-damage|p1b: Sableye|73/100\n|\n|upkeep\n|turn|2\n|\n|t:|1775982474\n|move|p1b: Sableye|Fake Out|p2b: Sneasler\n|-damage|p2b: Sneasler|87/100\n|cant|p2b: Sneasler|flinch\n|move|p1a: Glimmora|Power Gem|p2a: Incineroar\n|-supereffective|p2a: Incineroar|1\n|-damage|p2a: Incineroar|9/100\n|-enditem|p2a: Incineroar|Sitrus Berry|[eat]\n|-heal|p2a: Incineroar|34/100|[from] item: Sitrus Berry\n|move|p2a: Incineroar|Parting Shot|p1a: Glimmora\n|-unboost|p1a: Glimmora|atk|1\n|-unboost|p1a: Glimmora|spa|1\n|\n|t:|1775982486\n|switch|p2a: Starmie|Starmie, L50|100/100|[from] Parting Shot\n|\n|upkeep\n|turn|3\n|\n|t:|1775982499\n|switch|p1a: Rotom|Rotom-Wash, L50|100/100\n|detailschange|p2a: Starmie|Starmie-Mega, L50\n|-mega|p2a: Starmie|Starmie|Starminite\n|move|p2b: Sneasler|Dire Claw|p1b: Sableye\n|-resisted|p1b: Sableye|1\n|-damage|p1b: Sableye|50/100\n|move|p2a: Starmie|Liquidation|p1a: Rotom\n|-resisted|p1a: Rotom|1\n|-damage|p1a: Rotom|60/100\n|move|p1b: Sableye|Foul Play|p2a: Starmie\n|-supereffective|p2a: Starmie|1\n|-damage|p2a: Starmie|3/100\n|\n|-heal|p1a: Rotom|66/100|[from] item: Leftovers\n|upkeep\n|turn|4\n|inactive|testballs has 30 seconds left.\n|inactive|testballs has 20 seconds left.\n|inactive|testballs has 15 seconds left.\n|\n|t:|1775982539\n|move|p1a: Rotom|Protect|p1a: Rotom\n|-singleturn|p1a: Rotom|Protect\n|move|p1b: Sableye|Encore|p2a: Starmie\n|-start|p2a: Starmie|Encore\n|move|p2a: Starmie|Liquidation|p1a: Rotom\n|-activate|p1a: Rotom|move: Protect\n|move|p2b: Sneasler|Dire Claw|p1a: Rotom\n|-activate|p1a: Rotom|move: Protect\n|\n|-heal|p1a: Rotom|72/100|[from] item: Leftovers\n|upkeep\n|turn|5\n|\n|t:|1775982552\n|move|p1b: Sableye|Quash|p2b: Sneasler\n|-activate|p2b: Sneasler|move: Quash\n|move|p2a: Starmie|Liquidation|p1b: Sableye\n|-damage|p1b: Sableye|0 fnt\n|faint|p1b: Sableye\n|move|p1a: Rotom|Electroweb|p2a: Starmie|[spread] p2a,p2b\n|-supereffective|p2a: Starmie|1\n|-damage|p2a: Starmie|0 fnt\n|-damage|p2b: Sneasler|60/100\n|-unboost|p2b: Sneasler|spe|1\n|faint|p2a: Starmie\n|move|p2b: Sneasler|Dire Claw|p1a: Rotom\n|-damage|p1a: Rotom|24/100\n|\n|-heal|p1a: Rotom|30/100|[from] item: Leftovers\n|upkeep\n|\n|t:|1775982568\n|switch|p2a: Whimsicott|Whimsicott, L50, F|100/100\n|switch|p1b: Glimmora|Glimmora-Mega, L50, F|100/100\n|turn|6\n|\n|t:|1775982585\n|switch|p1a: Volcarona|Volcarona, L50, F|100/100\n|move|p2a: Whimsicott|Tailwind|p2a: Whimsicott\n|-sidestart|p2: dmryrdtp|move: Tailwind\n|move|p2b: Sneasler|Close Combat|p1b: Glimmora\n|-damage|p1b: Glimmora|27/100\n|-unboost|p2b: Sneasler|def|1\n|-unboost|p2b: Sneasler|spd|1\n|move|p1b: Glimmora|Earth Power|p2b: Sneasler\n|-supereffective|p2b: Sneasler|1\n|-damage|p2b: Sneasler|0 fnt\n|faint|p2b: Sneasler\n|\n|upkeep\n|\n|t:|1775982595\n|switch|p2b: Incineroar|Incineroar, L50, M|34/100\n|-ability|p2b: Incineroar|Intimidate|boost\n|-unboost|p1a: Volcarona|atk|1\n|-unboost|p1b: Glimmora|atk|1\n|turn|7\n|\n|t:|1775982622\n|move|p1b: Glimmora|Spiky Shield|p1b: Glimmora\n|-singleturn|p1b: Glimmora|move: Protect\n|move|p2b: Incineroar|Fake Out|p1a: Volcarona\n|-damage|p1a: Volcarona|87/100\n|move|p2a: Whimsicott|Moonblast|p1b: Glimmora\n|-activate|p1b: Glimmora|move: Protect\n|cant|p1a: Volcarona|flinch\n|\n|upkeep\n|turn|8\n|\n|t:|1775982633\n|move|p2a: Whimsicott|Moonblast|p1b: Glimmora\n|-resisted|p1b: Glimmora|1\n|-damage|p1b: Glimmora|12/100\n|move|p1b: Glimmora|Power Gem|p2b: Incineroar\n|-supereffective|p2b: Incineroar|1\n|-damage|p2b: Incineroar|0 fnt\n|faint|p2b: Incineroar\n|move|p1a: Volcarona|Heat Wave|p2a: Whimsicott\n|-supereffective|p2a: Whimsicott|1\n|-damage|p2a: Whimsicott|0 fnt\n|faint|p2a: Whimsicott\n|\n|win|testballs\n|raw|testballs's rating: 1116 &rarr; <strong>1146</strong><br />(+30 for winning)\n|raw|dmryrdtp's rating: 1185 &rarr; <strong>1155</strong><br />(-30 for losing)\n|l|\u2606dmryrdtp\n|player|p2|\n",
  "uploadtime": 1775982783,
  "views": 16,
  "formatid": "gen9championsvgc2026regma",
  "rating": 1146,
  "private": 0,
  "password": null
}