{
  "id": "gen9championsvgc2026regma-2585944645",
  "format": "[Gen 9 Champions] VGC 2026 Reg M-A",
  "players": [
    "Kalaphant",
    "hoons"
  ],
  "log": "|j|\u2606Kalaphant\n|j|\u2606hoons\n|t:|1776383802\n|gametype|doubles\n|player|p1|Kalaphant|1|1246\n|player|p2|hoons|265|1313\n|gen|9\n|tier|[Gen 9 Champions] VGC 2026 Reg M-A\n|rated|\n|rule|Species Clause: Limit one of each Pok\u00e9mon\n|rule|Item Clause: Limit 1 of each item\n|clearpoke\n|poke|p1|Crabominable, L50, F|\n|poke|p1|Farigiraf, L50, M|\n|poke|p1|Incineroar, L50, F|\n|poke|p1|Charizard, L50, M|\n|poke|p1|Sneasler, L50, M|\n|poke|p1|Sinistcha, L50|\n|poke|p2|Gengar, L50, M|\n|poke|p2|Whimsicott, L50, M|\n|poke|p2|Basculegion, L50, M|\n|poke|p2|Pelipper, L50, M|\n|poke|p2|Garchomp, L50, F|\n|poke|p2|Tyranitar, L50, M|\n|teampreview|4\n|inactive|Battle timer is ON: inactive players will automatically lose when time's up. (requested by Kalaphant)\n|c|\u2606Kalaphant|glhf\nKalaphant has agreed to open team sheets.\n|inactive|Kalaphant has 60 seconds left.\n|inactive|hoons has 60 seconds left.\n|inactive|hoons has 30 seconds left.\n|inactive|hoons has 20 seconds left.\n|inactive|hoons has 15 seconds left.\n|inactive|hoons has 10 seconds left.\n|inactive|hoons has 5 seconds left.\n|\n|t:|1776383889\n|teamsize|p1|4\n|teamsize|p2|4\n|start\n|switch|p1a: Crabominable|Crabominable, L50, F|100/100\n|switch|p1b: Farigiraf|Farigiraf, L50, M|100/100\n|switch|p2a: Basculegion|Basculegion, L50, M|100/100\n|switch|p2b: Gengar|Gengar, L50, M|100/100\n|turn|1\n|\n|t:|1776383914\n|switch|p2b: Pelipper|Pelipper, L50, M|100/100\n|-weather|RainDance|[from] ability: Drizzle|[of] p2b: Pelipper\n|detailschange|p1a: Crabominable|Crabominable-Mega, L50, F\n|-mega|p1a: Crabominable|Crabominable|Crabominite\n|move|p2a: Basculegion|Wave Crash|p1b: Farigiraf\n|-damage|p1b: Farigiraf|8/100\n|-enditem|p1b: Farigiraf|Sitrus Berry|[eat]\n|-heal|p1b: Farigiraf|32/100|[from] item: Sitrus Berry\n|-damage|p2a: Basculegion|65/100|[from] Recoil\n|move|p1a: Crabominable|Earthquake|p2b: Pelipper|[spread] p1b,p2a\n|-immune|p2b: Pelipper\n|-damage|p1b: Farigiraf|0 fnt\n|-damage|p2a: Basculegion|26/100\n|faint|p1b: Farigiraf\n|\n|-weather|RainDance|[upkeep]\n|upkeep\n|\n|t:|1776383930\n|switch|p1b: Incineroar|Incineroar, L50, F|100/100\n|-ability|p1b: Incineroar|Intimidate|boost\n|-unboost|p2a: Basculegion|atk|1\n|-unboost|p2b: Pelipper|atk|1\n|-enditem|p2a: Basculegion|White Herb\n|-clearnegativeboost|p2a: Basculegion|[silent]\n|turn|2\n|\n|t:|1776383951\n|move|p1b: Incineroar|Fake Out|p2b: Pelipper\n|-damage|p2b: Pelipper|89/100\n|move|p2a: Basculegion|Wave Crash|p1a: Crabominable\n|-damage|p1a: Crabominable|28/100\n|-damage|p2a: Basculegion|2/100|[from] Recoil\n|cant|p2b: Pelipper|flinch\n|move|p1a: Crabominable|Ice Punch|p2a: Basculegion\n|-resisted|p2a: Basculegion|1\n|-damage|p2a: Basculegion|0 fnt\n|faint|p2a: Basculegion\n|\n|-weather|RainDance|[upkeep]\n|upkeep\n|\n|t:|1776383956\n|switch|p2a: Tyranitar|Tyranitar, L50, M|100/100\n|-weather|Sandstorm|[from] ability: Sand Stream|[of] p2a: Tyranitar\n|turn|3\n|\n|t:|1776383979\n|switch|p1b: Sinistcha|Sinistcha, L50|100/100\n|-heal|p1a: Crabominable|53/100|[from] ability: Hospitality|[of] p1b: Sinistcha\n|detailschange|p2a: Tyranitar|Tyranitar-Mega, L50, M\n|-mega|p2a: Tyranitar|Tyranitar|Tyranitarite\n|move|p2a: Tyranitar|Rock Slide|p1a: Crabominable|[spread] p1a,p1b\n|-damage|p1a: Crabominable|26/100\n|-damage|p1b: Sinistcha|73/100\n|move|p2b: Pelipper|U-turn|p1a: Crabominable\n|-resisted|p1a: Crabominable|1\n|-damage|p1a: Crabominable|24/100\n|\n|t:|1776383989\n|switch|p2b: Gengar|Gengar, L50, M|100/100|[from] U-turn\n|move|p1a: Crabominable|Drain Punch|p2a: Tyranitar\n|-supereffective|p2a: Tyranitar|2\n|-damage|p2a: Tyranitar|0 fnt\n|-heal|p1a: Crabominable|75/100|[from] drain|[of] p2a: Tyranitar\n|faint|p2a: Tyranitar\n|\n|-weather|Sandstorm|[upkeep]\n|-damage|p2b: Gengar|95/100|[from] Sandstorm\n|-damage|p1b: Sinistcha|67/100|[from] Sandstorm\n|-damage|p1a: Crabominable|69/100|[from] Sandstorm\n|-heal|p1b: Sinistcha|73/100|[from] item: Leftovers\n|upkeep\n|\n|t:|1776383991\n|switch|p2a: Pelipper|Pelipper, L50, M|89/100\n|-weather|RainDance|[from] ability: Drizzle|[of] p2a: Pelipper\n|turn|4\n|inactive|Kalaphant has 30 seconds left.\n|inactive|Kalaphant has 20 seconds left.\n|inactive|Kalaphant has 15 seconds left.\n|\n|t:|1776384032\n|move|p2b: Gengar|Protect|p2b: Gengar\n|-singleturn|p2b: Gengar|Protect\n|move|p2a: Pelipper|Hurricane|p1b: Sinistcha\n|-supereffective|p1b: Sinistcha|1\n|-damage|p1b: Sinistcha|0 fnt\n|faint|p1b: Sinistcha\n|move|p1a: Crabominable|Earthquake|p2a: Pelipper|[spread] \n|-activate|p2b: Gengar|move: Protect\n|-immune|p2a: Pelipper\n|\n|-weather|RainDance|[upkeep]\n|upkeep\n|\n|t:|1776384041\n|switch|p1b: Incineroar|Incineroar, L50, F|100/100\n|-ability|p1b: Incineroar|Intimidate|boost\n|-unboost|p2a: Pelipper|atk|1\n|-unboost|p2b: Gengar|atk|1\n|turn|5\n|\n|t:|1776384058\n|move|p1b: Incineroar|Fake Out|p2a: Pelipper\n|-damage|p2a: Pelipper|79/100\n|move|p2b: Gengar|Disable|p1a: Crabominable\n|-start|p1a: Crabominable|Disable|Earthquake\n|cant|p2a: Pelipper|flinch\n|cant|p1a: Crabominable|Disable|Earthquake\n|\n|-weather|RainDance|[upkeep]\n|upkeep\n|turn|6\n|\n|t:|1776384076\n|move|p2b: Gengar|Protect|p2b: Gengar\n|-singleturn|p2b: Gengar|Protect\n|move|p2a: Pelipper|Muddy Water|p1b: Incineroar|[spread] p1a,p1b\n|-supereffective|p1b: Incineroar|1\n|-damage|p1a: Crabominable|32/100\n|-damage|p1b: Incineroar|37/100\n|move|p1b: Incineroar|Throat Chop|p2b: Gengar\n|-activate|p2b: Gengar|move: Protect\n|move|p1a: Crabominable|Ice Punch|p2b: Gengar\n|-activate|p2b: Gengar|move: Protect\n|\n|-weather|RainDance|[upkeep]\n|upkeep\n|turn|7\n|\n|t:|1776384090\n|move|p2b: Gengar|Sludge Bomb|p1a: Crabominable\n|-damage|p1a: Crabominable|0 fnt\n|faint|p1a: Crabominable\n|move|p2a: Pelipper|Muddy Water|p1b: Incineroar|[miss]\n|-miss|p2a: Pelipper|p1b: Incineroar\n|move|p1b: Incineroar|Throat Chop|p2b: Gengar\n|-supereffective|p2b: Gengar|1\n|-damage|p2b: Gengar|0 fnt\n|faint|p2b: Gengar\n|\n|-weather|RainDance|[upkeep]\n|upkeep\n|turn|8\n|\n|t:|1776384100\n|move|p2a: Pelipper|Muddy Water|p1b: Incineroar\n|-supereffective|p1b: Incineroar|1\n|-damage|p1b: Incineroar|0 fnt\n|faint|p1b: Incineroar\n|\n|win|hoons\n|raw|Kalaphant's rating: 1246 &rarr; <strong>1226</strong><br />(-20 for losing)\n|raw|hoons's rating: 1313 &rarr; <strong>1329</strong><br />(+16 for winning)\n",
  "uploadtime": 1776384100,
  "views": 21,
  "formatid": "gen9championsvgc2026regma",
  "rating": 1226,
  "private": 0,
  "password": null
}