{
  "id": "gen9championsvgc2026regma-2583464196",
  "format": "[Gen 9 Champions] VGC 2026 Reg M-A",
  "players": [
    "xm3u4tp6",
    "DarknessBeat"
  ],
  "log": "|j|\u2606xm3u4tp6\n|j|\u2606DarknessBeat\n|t:|1776177329\n|gametype|doubles\n|player|p1|xm3u4tp6|iris|1164\n|player|p2|DarknessBeat|colress|1081\n|gen|9\n|tier|[Gen 9 Champions] VGC 2026 Reg M-A\n|rated|\n|rule|Species Clause: Limit one of each Pok\u00e9mon\n|rule|Item Clause: Limit 1 of each item\n|clearpoke\n|poke|p1|Gengar, L50, M|\n|poke|p1|Incineroar, L50, F|\n|poke|p1|Kingambit, L50, F|\n|poke|p1|Tyranitar, L50, F|\n|poke|p1|Sinistcha, L50|\n|poke|p1|Kommo-o, L50, M|\n|poke|p2|Sinistcha, L50|\n|poke|p2|Aggron, L50, M|\n|poke|p2|Sneasler, L50, M|\n|poke|p2|Absol, L50, F|\n|poke|p2|Camerupt, L50, F|\n|poke|p2|Whimsicott, L50, M|\n|teampreview|4\n|\n|t:|1776177347\n|teamsize|p1|4\n|teamsize|p2|4\n|start\n|switch|p1a: Incineroar|Incineroar, L50, F|100/100\n|switch|p1b: Gengar|Gengar, L50, M|100/100\n|switch|p2a: Sinistcha|Sinistcha, L50|100/100\n|switch|p2b: Aggron|Aggron, L50, M|100/100\n|-ability|p1a: Incineroar|Intimidate|boost\n|-unboost|p2a: Sinistcha|atk|1\n|-unboost|p2b: Aggron|atk|1\n|turn|1\n|\n|t:|1776177366\n|detailschange|p1b: Gengar|Gengar-Mega, L50, M\n|-mega|p1b: Gengar|Gengar|Gengarite\n|detailschange|p2b: Aggron|Aggron-Mega, L50, M\n|-mega|p2b: Aggron|Aggron|Aggronite\n|move|p1a: Incineroar|Fake Out|p2b: Aggron\n|-resisted|p2b: Aggron|1\n|-damage|p2b: Aggron|98/100\n|move|p1b: Gengar|Perish Song|p1b: Gengar\n|-start|p1a: Incineroar|perish3|[silent]\n|-start|p1b: Gengar|perish3|[silent]\n|-start|p2a: Sinistcha|perish3|[silent]\n|-start|p2b: Aggron|perish3|[silent]\n|-fieldactivate|move: Perish Song\n|cant|p2b: Aggron|flinch\n|move|p2a: Sinistcha|Trick Room|p2a: Sinistcha\n|-fieldstart|move: Trick Room|[of] p2a: Sinistcha\n|\n|-start|p2b: Aggron|perish3\n|-start|p1a: Incineroar|perish3\n|-start|p2a: Sinistcha|perish3\n|-start|p1b: Gengar|perish3\n|upkeep\n|turn|2\n|\n|t:|1776177398\n|switch|p2a: Camerupt|Camerupt, L50, F|100/100\n|move|p1a: Incineroar|Protect|p1a: Incineroar\n|-singleturn|p1a: Incineroar|Protect\n|move|p1b: Gengar|Protect|p1b: Gengar\n|-singleturn|p1b: Gengar|Protect\n|move|p2b: Aggron|Shadow Claw|p1b: Gengar\n|-activate|p1b: Gengar|move: Protect\n|\n|-start|p2b: Aggron|perish2\n|-start|p1a: Incineroar|perish2\n|-start|p1b: Gengar|perish2\n|upkeep\n|turn|3\n|\n|t:|1776177428\n|switch|p1b: Sinistcha|Sinistcha, L50|100/100\n|move|p2a: Camerupt|Scorching Sands|p1b: Sinistcha\n|-resisted|p1b: Sinistcha|1\n|-damage|p1b: Sinistcha|86/100\n|move|p2b: Aggron|Body Press|p1a: Incineroar\n|-supereffective|p1a: Incineroar|1\n|-damage|p1a: Incineroar|35/100\n|move|p1a: Incineroar|Parting Shot|p2a: Camerupt\n|-unboost|p2a: Camerupt|atk|1\n|-unboost|p2a: Camerupt|spa|1\n|\n|t:|1776177440\n|switch|p1a: Gengar|Gengar-Mega, L50, M|100/100|[from] Parting Shot\n|\n|-start|p2b: Aggron|perish1\n|upkeep\n|turn|4\n|\n|t:|1776177463\n|move|p1b: Sinistcha|Protect|p1b: Sinistcha\n|-singleturn|p1b: Sinistcha|Protect\n|move|p1a: Gengar|Protect|p1a: Gengar\n|-singleturn|p1a: Gengar|Protect\n|move|p2a: Camerupt|Lava Plume|p1a: Gengar|[spread] p2b\n|-activate|p1a: Gengar|move: Protect\n|-activate|p1b: Sinistcha|move: Protect\n|-supereffective|p2b: Aggron|1\n|-damage|p2b: Aggron|41/100\n|move|p2b: Aggron|Shadow Claw|p1b: Sinistcha\n|-activate|p1b: Sinistcha|move: Protect\n|\n|-start|p2b: Aggron|perish0\n|faint|p2b: Aggron\n|upkeep\n|\n|t:|1776177478\n|switch|p2b: Sinistcha|Sinistcha, L50|100/100\n|turn|5\n|\n|t:|1776177497\n|switch|p2b: Sneasler|Sneasler, L50, M|100/100\n|switch|p1a: Incineroar|Incineroar, L50, F|35/100\n|-ability|p1a: Incineroar|Intimidate|boost\n|-unboost|p2a: Camerupt|atk|1\n|-unboost|p2b: Sneasler|atk|1\n|move|p2a: Camerupt|Scorching Sands|p1a: Incineroar\n|-supereffective|p1a: Incineroar|1\n|-enditem|p1a: Incineroar|Shuca Berry|[eat]\n|-enditem|p1a: Incineroar|Shuca Berry|[weaken]\n|-damage|p1a: Incineroar|15/100\n|move|p1b: Sinistcha|Life Dew|p1b: Sinistcha|[spread] p1a,p1b\n|-heal|p1a: Incineroar|41/100\n|-heal|p1b: Sinistcha|100/100\n|\n|-fieldend|move: Trick Room\n|upkeep\n|turn|6\n|\n|t:|1776177548\n|switch|p2a: Sinistcha|Sinistcha, L50|100/100\n|move|p1a: Incineroar|Fake Out|p2a: Sinistcha\n|-immune|p2a: Sinistcha\n|move|p2b: Sneasler|Dire Claw|p1b: Sinistcha\n|-damage|p1b: Sinistcha|75/100\n|-status|p1b: Sinistcha|slp\n|cant|p1b: Sinistcha|slp\n|\n|upkeep\n|turn|7\n|\n|t:|1776177567\n|move|p2b: Sneasler|Protect|p2b: Sneasler\n|-singleturn|p2b: Sneasler|Protect\n|cant|p1b: Sinistcha|slp\n|move|p1a: Incineroar|Protect|p1a: Incineroar\n|-singleturn|p1a: Incineroar|Protect\n|move|p2a: Sinistcha|Strength Sap|p1a: Incineroar\n|-activate|p1a: Incineroar|move: Protect\n|\n|upkeep\n|turn|8\n|\n|t:|1776177581\n|switch|p1a: Gengar|Gengar-Mega, L50, M|100/100\n|-curestatus|p1b: Sinistcha|slp|[msg]\n|move|p1b: Sinistcha|Rage Powder|p1b: Sinistcha\n|-singleturn|p1b: Sinistcha|move: Rage Powder\n|move|p2b: Sneasler|Close Combat|p1b: Sinistcha\n|-immune|p1b: Sinistcha\n|move|p2a: Sinistcha|Trick Room|p2a: Sinistcha\n|-fieldstart|move: Trick Room|[of] p2a: Sinistcha\n|\n|upkeep\n|turn|9\n|\n|t:|1776177602\n|move|p2b: Sneasler|Protect|p2b: Sneasler\n|-singleturn|p2b: Sneasler|Protect\n|move|p1b: Sinistcha|Rage Powder|p1b: Sinistcha\n|-singleturn|p1b: Sinistcha|move: Rage Powder\n|move|p2a: Sinistcha|Matcha Gotcha|p1b: Sinistcha|[spread] p1a,p1b\n|-resisted|p1a: Gengar|1\n|-resisted|p1b: Sinistcha|1\n|-damage|p1a: Gengar|84/100\n|-damage|p1b: Sinistcha|62/100\n|-status|p1b: Sinistcha|brn\n|move|p1a: Gengar|Perish Song|p1a: Gengar\n|-start|p1a: Gengar|perish3|[silent]\n|-start|p1b: Sinistcha|perish3|[silent]\n|-start|p2a: Sinistcha|perish3|[silent]\n|-start|p2b: Sneasler|perish3|[silent]\n|-fieldactivate|move: Perish Song\n|\n|-damage|p1b: Sinistcha|56/100 brn|[from] brn\n|-start|p2a: Sinistcha|perish3\n|-start|p1b: Sinistcha|perish3\n|-start|p2b: Sneasler|perish3\n|-start|p1a: Gengar|perish3\n|upkeep\n|turn|10\n|\n|t:|1776177630\n|switch|p2a: Camerupt|Camerupt, L50, F|100/100\n|switch|p1b: Kingambit|Kingambit, L50, F|100/100\n|move|p1a: Gengar|Protect|p1a: Gengar\n|-singleturn|p1a: Gengar|Protect\n|move|p2b: Sneasler|Dire Claw|p1b: Kingambit\n|-immune|p1b: Kingambit\n|\n|-start|p2b: Sneasler|perish2\n|-start|p1a: Gengar|perish2\n|upkeep\n|turn|11\n|\n|t:|1776177656\n|switch|p1a: Sinistcha|Sinistcha, L50|56/100 brn\n|move|p1b: Kingambit|Protect|p1b: Kingambit\n|-singleturn|p1b: Kingambit|Protect\n|move|p2b: Sneasler|Protect|p2b: Sneasler\n|-singleturn|p2b: Sneasler|Protect\n|move|p2a: Camerupt|Earth Power|p1a: Sinistcha\n|-resisted|p1a: Sinistcha|1\n|-damage|p1a: Sinistcha|34/100 brn\n|-enditem|p1a: Sinistcha|Sitrus Berry|[eat]\n|-heal|p1a: Sinistcha|59/100 brn|[from] item: Sitrus Berry\n|\n|-damage|p1a: Sinistcha|53/100 brn|[from] brn\n|-start|p2b: Sneasler|perish1\n|upkeep\n|turn|12\n|\n|t:|1776177682\n|move|p2b: Sneasler|Protect||[still]\n|-fail|p2b: Sneasler\n|move|p1a: Sinistcha|Rage Powder|p1a: Sinistcha\n|-singleturn|p1a: Sinistcha|move: Rage Powder\n|move|p2a: Camerupt|Lava Plume|p1a: Sinistcha|[spread] p2b,p1a,p1b\n|-supereffective|p1a: Sinistcha|1\n|-supereffective|p1b: Kingambit|1\n|-damage|p2b: Sneasler|50/100\n|-damage|p1a: Sinistcha|0 fnt\n|-damage|p1b: Kingambit|30/100\n|-status|p1b: Kingambit|brn\n|faint|p1a: Sinistcha\n|move|p1b: Kingambit|Kowtow Cleave|p2b: Sneasler\n|-resisted|p2b: Sneasler|1\n|-damage|p2b: Sneasler|30/100\n|\n|-damage|p1b: Kingambit|24/100 brn|[from] brn\n|-start|p2b: Sneasler|perish0\n|-fieldend|move: Trick Room\n|upkeep\n|faint|p2b: Sneasler\n|\n|t:|1776177698\n|switch|p2b: Sinistcha|Sinistcha, L50|100/100\n|switch|p1a: Gengar|Gengar-Mega, L50, M|84/100\n|turn|13\n|\n|t:|1776177718\n|move|p1a: Gengar|Perish Song|p1a: Gengar\n|-start|p1a: Gengar|perish3|[silent]\n|-start|p1b: Kingambit|perish3|[silent]\n|-start|p2a: Camerupt|perish3|[silent]\n|-start|p2b: Sinistcha|perish3|[silent]\n|-fieldactivate|move: Perish Song\n|move|p1b: Kingambit|Kowtow Cleave|p2b: Sinistcha\n|-supereffective|p2b: Sinistcha|1\n|-damage|p2b: Sinistcha|59/100\n|move|p2a: Camerupt|Scorching Sands|p1a: Gengar\n|-supereffective|p1a: Gengar|1\n|-damage|p1a: Gengar|7/100\n|move|p2b: Sinistcha|Trick Room|p2b: Sinistcha\n|-fieldstart|move: Trick Room|[of] p2b: Sinistcha\n|\n|-damage|p1b: Kingambit|18/100 brn|[from] brn\n|-start|p2a: Camerupt|perish3\n|-start|p2b: Sinistcha|perish3\n|-start|p1b: Kingambit|perish3\n|-start|p1a: Gengar|perish3\n|upkeep\n|turn|14\n|\n|t:|1776177747\n|switch|p1b: Incineroar|Incineroar, L50, F|41/100\n|-ability|p1b: Incineroar|Intimidate|boost\n|-unboost|p2a: Camerupt|atk|1\n|-unboost|p2b: Sinistcha|atk|1\n|move|p1a: Gengar|Protect|p1a: Gengar\n|-singleturn|p1a: Gengar|Protect\n|move|p2a: Camerupt|Earth Power|p1b: Incineroar\n|-supereffective|p1b: Incineroar|1\n|-damage|p1b: Incineroar|0 fnt\n|faint|p1b: Incineroar\n|move|p2b: Sinistcha|Matcha Gotcha|p1a: Gengar\n|-activate|p1a: Gengar|move: Protect\n|\n|-start|p2a: Camerupt|perish2\n|-start|p2b: Sinistcha|perish2\n|-start|p1a: Gengar|perish2\n|upkeep\n|\n|t:|1776177760\n|switch|p1b: Kingambit|Kingambit, L50, F|18/100 brn\n|turn|15\n|\n|t:|1776177778\n|move|p1b: Kingambit|Protect|p1b: Kingambit\n|-singleturn|p1b: Kingambit|Protect\n|move|p1a: Gengar|Protect|p1a: Gengar\n|-singleturn|p1a: Gengar|Protect\n|move|p2a: Camerupt|Earth Power|p1a: Gengar\n|-activate|p1a: Gengar|move: Protect\n|move|p2b: Sinistcha|Matcha Gotcha|p1a: Gengar|[spread] \n|-activate|p1a: Gengar|move: Protect\n|-activate|p1b: Kingambit|move: Protect\n|\n|-damage|p1b: Kingambit|12/100 brn|[from] brn\n|-start|p2a: Camerupt|perish1\n|-start|p2b: Sinistcha|perish1\n|-start|p1a: Gengar|perish1\n|upkeep\n|turn|16\n|\n|t:|1776177799\n|move|p1b: Kingambit|Protect||[still]\n|-fail|p1b: Kingambit\n|move|p1a: Gengar|Protect||[still]\n|-fail|p1a: Gengar\n|move|p2a: Camerupt|Lava Plume|p1a: Gengar|[spread] p2b,p1a,p1b\n|-supereffective|p2b: Sinistcha|1\n|-supereffective|p1b: Kingambit|1\n|-damage|p2b: Sinistcha|0 fnt\n|-damage|p1a: Gengar|0 fnt\n|-damage|p1b: Kingambit|0 fnt\n|faint|p2b: Sinistcha\n|faint|p1a: Gengar\n|faint|p1b: Kingambit\n|\n|win|DarknessBeat\n|raw|xm3u4tp6's rating: 1164 &rarr; <strong>1133</strong><br />(-31 for losing)\n|raw|DarknessBeat's rating: 1081 &rarr; <strong>1115</strong><br />(+34 for winning)\n|c|\u2606DarknessBeat|ggwp\n|l|\u2606xm3u4tp6\n|player|p1|\n",
  "uploadtime": 1776177843,
  "views": 39,
  "formatid": "gen9championsvgc2026regma",
  "rating": 1115,
  "private": 0,
  "password": null
}