{
  "id": "gen9championsvgc2026regma-2581411409",
  "format": "[Gen 9 Champions] VGC 2026 Reg M-A",
  "players": [
    "Elemelons97",
    "Sturdy_Sand_"
  ],
  "log": "|j|\u2606Elemelons97\n|j|\u2606Sturdy_Sand_\n|t:|1775997687\n|gametype|doubles\n|player|p1|Elemelons97|veteran|1097\n|player|p2|Sturdy_Sand_|beauty-gen4dp|1060\n|gen|9\n|tier|[Gen 9 Champions] VGC 2026 Reg M-A\n|rated|\n|rule|Species Clause: Limit one of each Pok\u00e9mon\n|rule|Item Clause: Limit 1 of each item\n|clearpoke\n|poke|p1|Pelipper, L50, M|\n|poke|p1|Meowstic, L50, M|\n|poke|p1|Greninja-*, L50, M|\n|poke|p1|Milotic, L50, M|\n|poke|p1|Whimsicott, L50, M|\n|poke|p1|Blastoise, L50, M|\n|poke|p2|Victreebel, L50, M|\n|poke|p2|Whimsicott, L50, F|\n|poke|p2|Corviknight, L50, F|\n|poke|p2|Sneasler, L50, F|\n|poke|p2|Pelipper, L50, F|\n|poke|p2|Archaludon, L50, M|\n|teampreview|4\n|inactive|Battle timer is ON: inactive players will automatically lose when time's up. (requested by Elemelons97)\n|c|\u2606Sturdy_Sand_|Oooo meowstic\n|c|\u2606Sturdy_Sand_|nice\nSturdy_Sand_ rejected open team sheets.\n|c|\u2606Sturdy_Sand_|Gl hf\n|inactive|Elemelons97 has 60 seconds left.\n|inactive|Sturdy_Sand_ has 60 seconds left.\n|\n|t:|1775997737\n|teamsize|p1|4\n|teamsize|p2|4\n|start\n|switch|p1a: Meowstic|Meowstic, L50, M|100/100\n|switch|p1b: Blastoise|Blastoise, L50, M|100/100\n|switch|p2a: Whimsicott|Whimsicott, L50, F|100/100\n|switch|p2b: Sneasler|Sneasler, L50, F|100/100\n|turn|1\n|\n|t:|1775997759\n|detailschange|p1b: Blastoise|Blastoise-Mega, L50, M\n|-mega|p1b: Blastoise|Blastoise|Blastoisinite\n|move|p1a: Meowstic|Quick Guard|p1a: Meowstic\n|-singleturn|p1a: Meowstic|Quick Guard\n|move|p2b: Sneasler|Fake Out|p1a: Meowstic\n|-activate|p1a: Meowstic|move: Quick Guard\n|move|p2a: Whimsicott|Sunny Day|p2a: Whimsicott\n|-weather|SunnyDay\n|move|p1b: Blastoise|Shell Smash|p1b: Blastoise\n|-unboost|p1b: Blastoise|def|1\n|-unboost|p1b: Blastoise|spd|1\n|-boost|p1b: Blastoise|atk|2\n|-boost|p1b: Blastoise|spa|2\n|-boost|p1b: Blastoise|spe|2\n|\n|-weather|SunnyDay|[upkeep]\n|upkeep\n|turn|2\n|c|\u2606Sturdy_Sand_|Oh nice\n|c|\u2606Sturdy_Sand_|I don\u2019t see that often\n|inactive|Sturdy_Sand_ has 30 seconds left.\n|\n|t:|1775997785\n|switch|p1a: Pelipper|Pelipper, L50, M|100/100\n|-weather|RainDance|[from] ability: Drizzle|[of] p1a: Pelipper\n|move|p2a: Whimsicott|Tailwind|p2a: Whimsicott\n|-sidestart|p2: Sturdy_Sand_|move: Tailwind\n|move|p2b: Sneasler|Close Combat|p1b: Blastoise\n|-damage|p1b: Blastoise|0 fnt\n|-unboost|p2b: Sneasler|def|1\n|-unboost|p2b: Sneasler|spd|1\n|faint|p1b: Blastoise\n|\n|-weather|RainDance|[upkeep]\n|upkeep\n|\n|t:|1775997793\n|switch|p1b: Greninja|Greninja, L50, M|100/100\n|turn|3\n|\n|t:|1775997808\n|move|p2a: Whimsicott|Sunny Day|p2a: Whimsicott\n|-weather|SunnyDay\n|move|p2b: Sneasler|Close Combat|p1b: Greninja\n|-supereffective|p1b: Greninja|1\n|-damage|p1b: Greninja|0 fnt\n|-unboost|p2b: Sneasler|def|1\n|-unboost|p2b: Sneasler|spd|1\n|faint|p1b: Greninja\n|move|p1a: Pelipper|Hurricane|p2b: Sneasler\n|-supereffective|p2b: Sneasler|1\n|-damage|p2b: Sneasler|0 fnt\n|faint|p2b: Sneasler\n|\n|-weather|SunnyDay|[upkeep]\n|upkeep\n|\n|t:|1775997818\n|switch|p2b: Pelipper|Pelipper, L50, F|100/100\n|switch|p1b: Meowstic|Meowstic, L50, M|100/100\n|-weather|RainDance|[from] ability: Drizzle|[of] p2b: Pelipper\n|turn|4\n|c|\u2606Sturdy_Sand_|Misclick\n|\n|t:|1775997839\n|move|p1b: Meowstic|Fake Out|p2a: Whimsicott\n|-damage|p2a: Whimsicott|94/100\n|cant|p2a: Whimsicott|flinch\n|move|p2b: Pelipper|Weather Ball|p1b: Meowstic\n|-damage|p1b: Meowstic|45/100\n|-enditem|p1b: Meowstic|Sitrus Berry|[eat]\n|-heal|p1b: Meowstic|70/100|[from] item: Sitrus Berry\n|move|p1a: Pelipper|Hurricane|p2a: Whimsicott\n|-supereffective|p2a: Whimsicott|1\n|-damage|p2a: Whimsicott|0 fnt\n|faint|p2a: Whimsicott\n|\n|-weather|RainDance|[upkeep]\n|upkeep\n|\n|t:|1775997848\n|switch|p2a: Victreebel|Victreebel, L50, M, shiny|100/100\n|turn|5\n|\n|t:|1775997859\n|detailschange|p2a: Victreebel|Victreebel-Mega, L50, M, shiny\n|-mega|p2a: Victreebel|Victreebel|Victreebelite\n|move|p1b: Meowstic|Thunder Wave|p2b: Pelipper\n|-status|p2b: Pelipper|par\n|move|p2a: Victreebel|Sludge Wave|p1a: Pelipper|[spread] p2b,p1a,p1b\n|-damage|p2b: Pelipper|41/100 par\n|-damage|p1a: Pelipper|24/100\n|-damage|p1b: Meowstic|36/100\n|-enditem|p2b: Pelipper|Sitrus Berry|[eat]\n|-heal|p2b: Pelipper|66/100 par|[from] item: Sitrus Berry\n|move|p1a: Pelipper|Hurricane|p2a: Victreebel\n|-supereffective|p2a: Victreebel|1\n|-damage|p2a: Victreebel|0 fnt\n|-damage|p1a: Pelipper|0 fnt|[from] ability: Innards Out|[of] p2a: Victreebel\n|faint|p2a: Victreebel\n|faint|p1a: Pelipper\n|move|p2b: Pelipper|Hurricane|p1b: Meowstic\n|-damage|p1b: Meowstic|0 fnt\n|faint|p1b: Meowstic\n|\n|win|Sturdy_Sand_\n|raw|Elemelons97's rating: 1097 &rarr; <strong>1070</strong><br />(-27 for losing)\n|raw|Sturdy_Sand_'s rating: 1060 &rarr; <strong>1094</strong><br />(+34 for winning)\n|l|\u2606Elemelons97\n|player|p1|\n|c|\u2606Sturdy_Sand_|Whew\n",
  "uploadtime": 1775997882,
  "views": 23,
  "formatid": "gen9championsvgc2026regma",
  "rating": 1070,
  "private": 0,
  "password": null
}