{
  "id": "gen9championsvgc2026regma-2581927977",
  "format": "[Gen 9 Champions] VGC 2026 Reg M-A",
  "players": [
    "Groink335",
    "fizixes"
  ],
  "log": "|j|\u2606Groink335\n|j|\u2606fizixes\n|t:|1776040531\n|gametype|doubles\n|player|p1|Groink335|102|1092\n|player|p2|fizixes|1|1111\n|gen|9\n|tier|[Gen 9 Champions] VGC 2026 Reg M-A\n|rated|\n|rule|Species Clause: Limit one of each Pok\u00e9mon\n|rule|Item Clause: Limit 1 of each item\n|clearpoke\n|poke|p1|Starmie, L50|\n|poke|p1|Kingambit, L50, F|\n|poke|p1|Incineroar, L50, M|\n|poke|p1|Pelipper, L50, F|\n|poke|p1|Sneasler, L50, M|\n|poke|p1|Sinistcha, L50|\n|poke|p2|Gengar, L50, F|\n|poke|p2|Lucario, L50, M|\n|poke|p2|Flapple, L50, M|\n|poke|p2|Kleavor, L50, M|\n|poke|p2|Slowking, L50, F|\n|poke|p2|Weavile, L50, F|\n|teampreview|4\n|inactive|Battle timer is ON: inactive players will automatically lose when time's up. (requested by fizixes)\n|\n|t:|1776040553\n|teamsize|p1|4\n|teamsize|p2|4\n|start\n|switch|p1a: Pelipper|Pelipper, L50, F|100/100\n|switch|p1b: Incineroar|Incineroar, L50, M|100/100\n|switch|p2a: Lucario|Lucario, L50, M|100/100\n|switch|p2b: Weavile|Weavile, L50, F|100/100\n|-ability|p2b: Weavile|Pressure\n|-weather|RainDance|[from] ability: Drizzle|[of] p1a: Pelipper\n|-ability|p1b: Incineroar|Intimidate|boost\n|-fail|p2a: Lucario|unboost|Attack|[from] ability: Inner Focus|[of] p2a: Lucario\n|-unboost|p2b: Weavile|atk|1\n|turn|1\n|j| ICE Agent #327\n|\n|t:|1776040575\n|switch|p1b: Starmie|Starmie, L50|100/100\n|move|p2b: Weavile|Fake Out|p1b: Starmie\n|-damage|p1b: Starmie|87/100\n|move|p2a: Lucario|Close Combat|p1b: Starmie\n|-resisted|p1b: Starmie|1\n|-damage|p1b: Starmie|45/100\n|-unboost|p2a: Lucario|def|1\n|-unboost|p2a: Lucario|spd|1\n|move|p1a: Pelipper|Tailwind|p1a: Pelipper\n|-sidestart|p1: Groink335|move: Tailwind\n|\n|-weather|RainDance|[upkeep]\n|upkeep\n|turn|2\n|c| ICE Agent #327|Sic em\n|\n|t:|1776040595\n|switch|p2a: Flapple|Flapple, L50, M|100/100\n|detailschange|p1b: Starmie|Starmie-Mega, L50\n|-mega|p1b: Starmie|Starmie|Starminite\n|move|p1b: Starmie|Liquidation|p2a: Flapple\n|-resisted|p2a: Flapple|2\n|-damage|p2a: Flapple|53/100\n|-unboost|p2a: Flapple|def|1\n|move|p2b: Weavile|Knock Off|p1b: Starmie\n|-supereffective|p1b: Starmie|1\n|-damage|p1b: Starmie|0 fnt\n|faint|p1b: Starmie\n|move|p1a: Pelipper|Weather Ball|p2b: Weavile\n|-enditem|p2b: Weavile|Focus Sash\n|-damage|p2b: Weavile|1/100\n|\n|-weather|RainDance|[upkeep]\n|upkeep\n|\n|t:|1776040612\n|switch|p1b: Incineroar|Incineroar, L50, M|100/100\n|-ability|p1b: Incineroar|Intimidate|boost\n|-unboost|p2a: Flapple|atk|1\n|-unboost|p2b: Weavile|atk|1\n|turn|3\n|\n|t:|1776040622\n|move|p2b: Weavile|Protect|p2b: Weavile\n|-singleturn|p2b: Weavile|Protect\n|move|p1b: Incineroar|Fake Out|p2b: Weavile\n|-activate|p2b: Weavile|move: Protect\n|move|p1a: Pelipper|Hurricane|p2a: Flapple\n|-supereffective|p2a: Flapple|1\n|-damage|p2a: Flapple|0 fnt\n|faint|p2a: Flapple\n|\n|-weather|RainDance|[upkeep]\n|upkeep\n|\n|t:|1776040630\n|switch|p2a: Kleavor|Kleavor, L50, M|100/100\n|turn|4\n|\n|t:|1776040640\n|move|p1a: Pelipper|Protect|p1a: Pelipper\n|-singleturn|p1a: Pelipper|Protect\n|move|p2a: Kleavor|Stone Axe|p1a: Pelipper\n|-activate|p1a: Pelipper|move: Protect\n|move|p2b: Weavile|Icicle Crash|p1a: Pelipper\n|-activate|p1a: Pelipper|move: Protect\n|move|p1b: Incineroar|Parting Shot|p2a: Kleavor\n|-unboost|p2a: Kleavor|atk|1\n|-unboost|p2a: Kleavor|spa|1\n|\n|t:|1776040649\n|switch|p1b: Sneasler|Sneasler, L50, M|100/100|[from] Parting Shot\n|\n|-weather|RainDance|[upkeep]\n|-sideend|p1: Groink335|move: Tailwind\n|upkeep\n|turn|5\n|c| ICE Agent #327|Oof\n|\n|t:|1776040664\n|switch|p2b: Lucario|Lucario, L50, M|100/100\n|switch|p1a: Incineroar|Incineroar, L50, M|100/100\n|-ability|p1a: Incineroar|Intimidate|boost\n|-unboost|p2a: Kleavor|atk|1\n|-fail|p2b: Lucario|unboost|Attack|[from] ability: Inner Focus|[of] p2b: Lucario\n|move|p1b: Sneasler|Fake Out|p2b: Lucario\n|-resisted|p2b: Lucario|1\n|-damage|p2b: Lucario|89/100\n|move|p2a: Kleavor|Stone Axe|p1a: Incineroar\n|-supereffective|p1a: Incineroar|1\n|-damage|p1a: Incineroar|49/100\n|-sidestart|p1: Groink335|move: Stealth Rock\n|-enditem|p1a: Incineroar|Sitrus Berry|[eat]\n|-heal|p1a: Incineroar|74/100|[from] item: Sitrus Berry\n|\n|-weather|none\n|upkeep\n|turn|6\n|c| ICE Agent #327|See what I said about sneasler\n|inactive|fizixes has 30 seconds left.\n|inactive|fizixes has 20 seconds left.\n|inactive|fizixes has 15 seconds left.\n|\n|t:|1776040706\n|switch|p1a: Pelipper|Pelipper, L50, F|100/100\n|-damage|p1a: Pelipper|76/100|[from] Stealth Rock\n|-weather|RainDance|[from] ability: Drizzle|[of] p1a: Pelipper\n|move|p2a: Kleavor|Stone Axe|p1a: Pelipper\n|-supereffective|p1a: Pelipper|1\n|-damage|p1a: Pelipper|18/100\n|move|p1b: Sneasler|Close Combat|p2b: Lucario\n|-supereffective|p2b: Lucario|1\n|-enditem|p2b: Lucario|Chople Berry|[eat]\n|-enditem|p2b: Lucario|Chople Berry|[weaken]\n|-damage|p2b: Lucario|0 fnt\n|-unboost|p1b: Sneasler|def|1\n|-unboost|p1b: Sneasler|spd|1\n|faint|p2b: Lucario\n|\n|-weather|RainDance|[upkeep]\n|upkeep\n|c|\u2606fizixes|what the fuck are you feeding that thing\n|\n|t:|1776040729\n|switch|p2b: Weavile|Weavile, L50, F|1/100\n|-ability|p2b: Weavile|Pressure\n|turn|7\n|c| ICE Agent #327|Bro how did that kill\n|\n|t:|1776040753\n|move|p2b: Weavile|Fake Out|p1b: Sneasler\n|-damage|p1b: Sneasler|65/100\n|move|p2a: Kleavor|Stone Axe|p1a: Pelipper\n|-supereffective|p1a: Pelipper|1\n|-damage|p1a: Pelipper|0 fnt\n|faint|p1a: Pelipper\n|cant|p1b: Sneasler|flinch\n|\n|-weather|RainDance|[upkeep]\n|upkeep\n|\n|t:|1776040767\n|switch|p1a: Incineroar|Incineroar, L50, M|74/100\n|-damage|p1a: Incineroar|49/100|[from] Stealth Rock\n|-ability|p1a: Incineroar|Intimidate|boost\n|-unboost|p2a: Kleavor|atk|1\n|-unboost|p2b: Weavile|atk|1\n|turn|8\n|c| ICE Agent #327|That implies it would have killed at 178% without the berry\n|\n|t:|1776040778\n|move|p2b: Weavile|Protect|p2b: Weavile\n|-singleturn|p2b: Weavile|Protect\n|move|p2a: Kleavor|Stone Axe|p1a: Incineroar\n|-supereffective|p1a: Incineroar|1\n|-damage|p1a: Incineroar|6/100\n|move|p1b: Sneasler|Close Combat|p2a: Kleavor\n|-damage|p2a: Kleavor|23/100\n|-unboost|p1b: Sneasler|def|1\n|-unboost|p1b: Sneasler|spd|1\n|move|p1a: Incineroar|Flare Blitz|p2a: Kleavor\n|-damage|p2a: Kleavor|0 fnt\n|faint|p2a: Kleavor\n|-damage|p1a: Incineroar|0 fnt|[from] Recoil\n|faint|p1a: Incineroar\n|\n|-weather|RainDance|[upkeep]\n|upkeep\n|turn|9\n|\n|t:|1776040794\n|move|p2b: Weavile|Icicle Crash|p1b: Sneasler\n|-damage|p1b: Sneasler|0 fnt\n|faint|p1b: Sneasler\n|\n|win|fizixes\n|raw|Groink335's rating: 1092 &rarr; <strong>1070</strong><br />(-22 for losing)\n|raw|fizixes's rating: 1111 &rarr; <strong>1135</strong><br />(+24 for winning)\n|c| ICE Agent #327|No way\n|c| ICE Agent #327|insane win\n",
  "uploadtime": 1776040855,
  "views": 10,
  "formatid": "gen9championsvgc2026regma",
  "rating": 1070,
  "private": 0,
  "password": null
}