{
  "id": "gen9championsvgc2026regma-2585895789",
  "format": "[Gen 9 Champions] VGC 2026 Reg M-A",
  "players": [
    "carp1",
    "Jerry Judewong"
  ],
  "log": "|j|\u2606carp1\n|j|\u2606Jerry Judewong\n|t:|1776379299\n|gametype|doubles\n|player|p1|carp1|hilbert-wonderlauncher|1114\n|player|p2|Jerry Judewong|hilbert|1188\n|gen|9\n|tier|[Gen 9 Champions] VGC 2026 Reg M-A\n|rated|\n|rule|Species Clause: Limit one of each Pok\u00e9mon\n|rule|Item Clause: Limit 1 of each item\n|clearpoke\n|poke|p1|Gengar, L50, F|\n|poke|p1|Politoed, L50, M|\n|poke|p1|Incineroar, L50, M|\n|poke|p1|Sinistcha, L50|\n|poke|p1|Sneasler, L50, M|\n|poke|p1|Basculegion, L50, M|\n|poke|p2|Delphox, L50, M|\n|poke|p2|Sneasler, L50, M|\n|poke|p2|Farigiraf, L50, F|\n|poke|p2|Kingambit, L50, M|\n|poke|p2|Basculegion, L50, M|\n|poke|p2|Whimsicott, L50, M|\n|teampreview|4\n|inactive|Battle timer is ON: inactive players will automatically lose when time's up. (requested by carp1)\n|inactive|Jerry Judewong has 60 seconds left.\n|\n|t:|1776379350\n|teamsize|p1|4\n|teamsize|p2|4\n|start\n|switch|p1a: \u725b\u5934\u5fcd\u86d9|Politoed, L50, M|100/100\n|switch|p1b: \u5413\u9762\u767d\u864e|Incineroar, L50, M, shiny|100/100\n|switch|p2a: Sneasler|Sneasler, L50, M|100/100\n|switch|p2b: Delphox|Delphox, L50, M|100/100\n|-weather|RainDance|[from] ability: Drizzle|[of] p1a: \u725b\u5934\u5fcd\u86d9\n|-ability|p1b: \u5413\u9762\u767d\u864e|Intimidate|boost\n|-unboost|p2a: Sneasler|atk|1\n|-unboost|p2b: Delphox|atk|1\n|-enditem|p2a: Sneasler|White Herb\n|-clearnegativeboost|p2a: Sneasler|[silent]\n|turn|1\n|inactive|carp1 has 30 seconds left.\n|inactive|carp1 has 20 seconds left.\n|inactive|carp1 has 15 seconds left.\n|\n|t:|1776379394\n|switch|p2b: Farigiraf|Farigiraf, L50, F|100/100\n|move|p2a: Sneasler|Close Combat|p1b: \u5413\u9762\u767d\u864e\n|-supereffective|p1b: \u5413\u9762\u767d\u864e|1\n|-damage|p1b: \u5413\u9762\u767d\u864e|1/100\n|-unboost|p2a: Sneasler|def|1\n|-unboost|p2a: Sneasler|spd|1\n|-enditem|p1b: \u5413\u9762\u767d\u864e|Sitrus Berry|[eat]\n|-heal|p1b: \u5413\u9762\u767d\u864e|26/100|[from] item: Sitrus Berry\n|move|p1a: \u725b\u5934\u5fcd\u86d9|Weather Ball|p2b: Farigiraf\n|-damage|p2b: Farigiraf|53/100\n|move|p1b: \u5413\u9762\u767d\u864e|Throat Chop|p2b: Farigiraf\n|-supereffective|p2b: Farigiraf|1\n|-enditem|p2b: Farigiraf|Colbur Berry|[eat]\n|-enditem|p2b: Farigiraf|Colbur Berry|[weaken]\n|-damage|p2b: Farigiraf|27/100\n|-start|p2b: Farigiraf|Throat Chop|[silent]\n|\n|-weather|RainDance|[upkeep]\n|upkeep\n|turn|2\n|inactive|carp1 has 30 seconds left.\n|inactive|Jerry Judewong has 30 seconds left.\n|\n|t:|1776379427\n|move|p1b: \u5413\u9762\u767d\u864e|Protect|p1b: \u5413\u9762\u767d\u864e\n|-singleturn|p1b: \u5413\u9762\u767d\u864e|Protect\n|move|p2a: Sneasler|Dire Claw|p1b: \u5413\u9762\u767d\u864e\n|-activate|p1b: \u5413\u9762\u767d\u864e|move: Protect\n|move|p1a: \u725b\u5934\u5fcd\u86d9|Weather Ball|p2a: Sneasler\n|-damage|p2a: Sneasler|4/100\n|move|p2b: Farigiraf|Psychic|p1a: \u725b\u5934\u5fcd\u86d9\n|-damage|p1a: \u725b\u5934\u5fcd\u86d9|67/100\n|\n|-weather|RainDance|[upkeep]\n|-heal|p1a: \u725b\u5934\u5fcd\u86d9|74/100|[from] item: Leftovers\n|-end|p2b: Farigiraf|Throat Chop|[silent]\n|upkeep\n|turn|3\n|inactive|carp1 has 30 seconds left.\n|inactive|carp1 has 20 seconds left.\n|inactive|carp1 has 15 seconds left.\n|inactive|carp1 has 10 seconds left.\n|\n|t:|1776379475\n|move|p1a: \u725b\u5934\u5fcd\u86d9|Protect|p1a: \u725b\u5934\u5fcd\u86d9\n|-singleturn|p1a: \u725b\u5934\u5fcd\u86d9|Protect\n|move|p2a: Sneasler|Dire Claw|p1b: \u5413\u9762\u767d\u864e\n|-crit|p1b: \u5413\u9762\u767d\u864e\n|-damage|p1b: \u5413\u9762\u767d\u864e|0 fnt\n|faint|p1b: \u5413\u9762\u767d\u864e\n|move|p2b: Farigiraf|Psychic|p1a: \u725b\u5934\u5fcd\u86d9\n|-activate|p1a: \u725b\u5934\u5fcd\u86d9|move: Protect\n|\n|-weather|RainDance|[upkeep]\n|-heal|p1a: \u725b\u5934\u5fcd\u86d9|80/100|[from] item: Leftovers\n|upkeep\n|\n|t:|1776379493\n|switch|p1b: \u6784\u53f2|Gengar, L50, F|100/100\n|turn|4\n|\n|t:|1776379513\n|detailschange|p1b: \u6784\u53f2|Gengar-Mega, L50, F\n|-mega|p1b: \u6784\u53f2|Gengar|Gengarite\n|move|p2a: Sneasler|Close Combat|p1a: \u725b\u5934\u5fcd\u86d9\n|-damage|p1a: \u725b\u5934\u5fcd\u86d9|25/100\n|-unboost|p2a: Sneasler|def|1\n|-unboost|p2a: Sneasler|spd|1\n|move|p1b: \u6784\u53f2|Shadow Ball|p2a: Sneasler\n|-damage|p2a: Sneasler|0 fnt\n|faint|p2a: Sneasler\n|move|p1a: \u725b\u5934\u5fcd\u86d9|Weather Ball|p2b: Farigiraf\n|-damage|p2b: Farigiraf|0 fnt\n|faint|p2b: Farigiraf\n|\n|-weather|RainDance|[upkeep]\n|-heal|p1a: \u725b\u5934\u5fcd\u86d9|32/100|[from] item: Leftovers\n|upkeep\n|\n|t:|1776379531\n|switch|p2a: Delphox|Delphox, L50, M|100/100\n|switch|p2b: Basculegion|Basculegion, L50, M|100/100\n|turn|5\n|\n|t:|1776379546\n|detailschange|p2a: Delphox|Delphox-Mega, L50, M\n|-mega|p2a: Delphox|Delphox|Delphoxite\n|move|p1b: \u6784\u53f2|Protect|p1b: \u6784\u53f2\n|-singleturn|p1b: \u6784\u53f2|Protect\n|move|p2a: Delphox|Psychic|p1b: \u6784\u53f2\n|-activate|p1b: \u6784\u53f2|move: Protect\n|move|p2b: Basculegion|Last Respects|p1a: \u725b\u5934\u5fcd\u86d9\n|-damage|p1a: \u725b\u5934\u5fcd\u86d9|0 fnt\n|faint|p1a: \u725b\u5934\u5fcd\u86d9\n|\n|-weather|none\n|upkeep\n|\n|t:|1776379556\n|switch|p1a: \u6b66\u9053\u718a\u5e08|Sneasler, L50, M|100/100\n|turn|6\n|\n|t:|1776379571\n|move|p1a: \u6b66\u9053\u718a\u5e08|Fake Out|p2a: Delphox\n|-damage|p2a: Delphox|79/100\n|cant|p2a: Delphox|flinch\n|move|p2b: Basculegion|Last Respects|p1b: \u6784\u53f2\n|-supereffective|p1b: \u6784\u53f2|1\n|-damage|p1b: \u6784\u53f2|0 fnt\n|faint|p1b: \u6784\u53f2\n|\n|upkeep\n|turn|7\n|-message|carp1 forfeited.\n|\n|win|Jerry Judewong\n|raw|carp1's rating: 1114 &rarr; <strong>1094</strong><br />(-20 for losing)\n|raw|Jerry Judewong's rating: 1188 &rarr; <strong>1208</strong><br />(+20 for winning)\n|l|\u2606carp1\n|player|p1|\n",
  "uploadtime": 1776379597,
  "views": 21,
  "formatid": "gen9championsvgc2026regma",
  "rating": 1094,
  "private": 0,
  "password": null
}