{
  "id": "gen9championsvgc2026regma-2587821874",
  "format": "[Gen 9 Champions] VGC 2026 Reg M-A",
  "players": [
    "Yamoshi78",
    "serena3668"
  ],
  "log": "|j|\u2606Yamoshi78\n|j|\u2606serena3668\n|t:|1776567503\n|gametype|doubles\n|player|p1|Yamoshi78|shadowtriad|1143\n|player|p2|serena3668|1|1104\n|gen|9\n|tier|[Gen 9 Champions] VGC 2026 Reg M-A\n|rated|\n|rule|Species Clause: Limit one of each Pok\u00e9mon\n|rule|Item Clause: Limit 1 of each item\n|clearpoke\n|poke|p1|Froslass, L50, F|\n|poke|p1|Rotom-Frost, L50|\n|poke|p1|Talonflame, L50, M|\n|poke|p1|Garchomp, L50, M|\n|poke|p1|Sneasler, L50, F|\n|poke|p1|Kingambit, L50, M|\n|poke|p2|Feraligatr, L50, F|\n|poke|p2|Roserade, L50, F|\n|poke|p2|Whimsicott, L50, M|\n|poke|p2|Incineroar, L50, F, shiny|\n|poke|p2|Sinistcha, L50|\n|poke|p2|Milotic, L50, M|\n|teampreview|4\n|\n|t:|1776567561\n|teamsize|p1|4\n|teamsize|p2|4\n|start\n|switch|p1a: Talonflame|Talonflame, L50, M|100/100\n|switch|p1b: Kingambit|Kingambit, L50, M|100/100\n|switch|p2a: Incineroar|Incineroar, L50, F, shiny|100/100\n|switch|p2b: Milotic|Milotic, L50, M|100/100\n|-ability|p2a: Incineroar|Intimidate|boost\n|-unboost|p1a: Talonflame|atk|1\n|-unboost|p1b: Kingambit|atk|1\n|-ability|p1b: Kingambit|Defiant|boost\n|-boost|p1b: Kingambit|atk|2\n|turn|1\n|\n|t:|1776567605\n|move|p1a: Talonflame|Upper Hand|p2a: Incineroar\n|-supereffective|p2a: Incineroar|1\n|-damage|p2a: Incineroar|81/100\n|cant|p2a: Incineroar|flinch\n|move|p1b: Kingambit|Kowtow Cleave|p2b: Milotic\n|-crit|p2b: Milotic\n|-damage|p2b: Milotic|0 fnt\n|faint|p2b: Milotic\n|\n|upkeep\n|\n|t:|1776567615\n|switch|p2b: Feraligatr|Feraligatr, L50, F|100/100\n|turn|2\n|\n|t:|1776567633\n|move|p1b: Kingambit|Protect|p1b: Kingambit\n|-singleturn|p1b: Kingambit|Protect\n|move|p1a: Talonflame|Tailwind|p1a: Talonflame\n|-sidestart|p1: Yamoshi78|move: Tailwind\n|move|p2b: Feraligatr|Liquidation|p1a: Talonflame\n|-supereffective|p1a: Talonflame|1\n|-enditem|p1a: Talonflame|Focus Sash\n|-damage|p1a: Talonflame|1/100\n|move|p2a: Incineroar|Flare Blitz|p1b: Kingambit\n|-activate|p1b: Kingambit|move: Protect\n|\n|upkeep\n|turn|3\n|\n|t:|1776567658\n|switch|p1b: Garchomp|Garchomp, L50, M|100/100\n|move|p1a: Talonflame|Will-O-Wisp|p2b: Feraligatr\n|-status|p2b: Feraligatr|brn\n|move|p2b: Feraligatr|Liquidation|p1a: Talonflame\n|-supereffective|p1a: Talonflame|1\n|-damage|p1a: Talonflame|0 fnt\n|faint|p1a: Talonflame\n|move|p2a: Incineroar|Flare Blitz|p1b: Garchomp\n|-resisted|p1b: Garchomp|1\n|-damage|p1b: Garchomp|75/100\n|-damage|p2a: Incineroar|68/100|[from] ability: Rough Skin|[of] p1b: Garchomp\n|-damage|p2a: Incineroar|60/100|[from] Recoil\n|\n|-damage|p2b: Feraligatr|95/100 brn|[from] brn\n|upkeep\n|\n|t:|1776567677\n|switch|p1a: Kingambit|Kingambit, L50, M|100/100\n|turn|4\n|\n|t:|1776567693\n|move|p1a: Kingambit|Sucker Punch||[still]\n|-fail|p1a: Kingambit\n|move|p1b: Garchomp|Rock Slide|p2b: Feraligatr|[spread] p2a,p2b\n|-supereffective|p2a: Incineroar|1\n|-damage|p2a: Incineroar|25/100\n|-damage|p2b: Feraligatr|72/100 brn\n|-enditem|p2a: Incineroar|Sitrus Berry|[eat]\n|-heal|p2a: Incineroar|50/100|[from] item: Sitrus Berry\n|cant|p2b: Feraligatr|flinch\n|move|p2a: Incineroar|Flare Blitz|p1a: Kingambit\n|-supereffective|p1a: Kingambit|1\n|-damage|p1a: Kingambit|26/100\n|-damage|p2a: Incineroar|26/100|[from] Recoil\n|\n|-damage|p2b: Feraligatr|66/100 brn|[from] brn\n|upkeep\n|turn|5\n|\n|t:|1776567715\n|move|p1a: Kingambit|Protect|p1a: Kingambit\n|-singleturn|p1a: Kingambit|Protect\n|move|p1b: Garchomp|Earthquake|p2b: Feraligatr|[spread] p2a,p2b\n|-activate|p1a: Kingambit|move: Protect\n|-supereffective|p2a: Incineroar|1\n|-damage|p2a: Incineroar|0 fnt\n|-damage|p2b: Feraligatr|24/100 brn\n|faint|p2a: Incineroar\n|move|p2b: Feraligatr|Swords Dance|p2b: Feraligatr\n|-boost|p2b: Feraligatr|atk|2\n|\n|-damage|p2b: Feraligatr|19/100 brn|[from] brn\n|-sideend|p1: Yamoshi78|move: Tailwind\n|upkeep\n|\n|t:|1776567726\n|switch|p2a: Whimsicott|Whimsicott, L50, M|100/100\n|turn|6\n|\n|t:|1776567750\n|switch|p1b: Froslass|Froslass, L50, F|100/100\n|move|p1a: Kingambit|Sucker Punch||[still]\n|-fail|p1a: Kingambit\n|move|p2a: Whimsicott|Dazzling Gleam|p1b: Froslass|[spread] p1a,p1b\n|-damage|p1a: Kingambit|0 fnt\n|-damage|p1b: Froslass|60/100\n|faint|p1a: Kingambit\n|move|p2b: Feraligatr|Swords Dance|p2b: Feraligatr\n|-boost|p2b: Feraligatr|atk|2\n|\n|-damage|p2b: Feraligatr|13/100 brn|[from] brn\n|upkeep\n|\n|t:|1776567764\n|switch|p1a: Garchomp|Garchomp, L50, M|75/100\n|turn|7\n|\n|t:|1776567774\n|detailschange|p1b: Froslass|Froslass-Mega, L50, F\n|-mega|p1b: Froslass|Froslass|Froslassite\n|-weather|Snowscape|[from] ability: Snow Warning|[of] p1b: Froslass\n|detailschange|p2b: Feraligatr|Feraligatr-Mega, L50, F\n|-mega|p2b: Feraligatr|Feraligatr|Feraligite\n|move|p1a: Garchomp|Protect|p1a: Garchomp\n|-singleturn|p1a: Garchomp|Protect\n|move|p2a: Whimsicott|Tailwind|p2a: Whimsicott\n|-sidestart|p2: serena3668|move: Tailwind\n|move|p2b: Feraligatr|Thrash|p1a: Garchomp\n|-activate|p1a: Garchomp|move: Protect\n|move|p1b: Froslass|Blizzard|p2b: Feraligatr|[spread] p2a,p2b\n|-supereffective|p2a: Whimsicott|1\n|-enditem|p2a: Whimsicott|Focus Sash\n|-damage|p2a: Whimsicott|1/100\n|-damage|p2b: Feraligatr|0 fnt\n|faint|p2b: Feraligatr\n|\n|-weather|Snowscape|[upkeep]\n|upkeep\n|turn|8\n|\n|t:|1776567800\n|move|p2a: Whimsicott|Dazzling Gleam|p1b: Froslass|[spread] p1a,p1b\n|-supereffective|p1a: Garchomp|1\n|-damage|p1a: Garchomp|17/100\n|-damage|p1b: Froslass|32/100\n|-enditem|p1a: Garchomp|Sitrus Berry|[eat]\n|-heal|p1a: Garchomp|42/100|[from] item: Sitrus Berry\n|move|p1b: Froslass|Aurora Veil|p1b: Froslass\n|-sidestart|p1: Yamoshi78|move: Aurora Veil\n|move|p1a: Garchomp|Rock Slide|p2a: Whimsicott\n|-damage|p2a: Whimsicott|0 fnt\n|faint|p2a: Whimsicott\n|\n|win|Yamoshi78\n|raw|Yamoshi78's rating: 1143 &rarr; <strong>1165</strong><br />(+22 for winning)\n|raw|serena3668's rating: 1104 &rarr; <strong>1082</strong><br />(-22 for losing)\n",
  "uploadtime": 1776567812,
  "views": 7,
  "formatid": "gen9championsvgc2026regma",
  "rating": 1082,
  "private": 0,
  "password": null
}