{
  "id": "gen9championsvgc2026regma-2585300873",
  "format": "[Gen 9 Champions] VGC 2026 Reg M-A",
  "players": [
    "frexkul",
    "aderhell666"
  ],
  "log": "|j|\u2606frexkul\n|j|\u2606aderhell666\n|t:|1776335462\n|gametype|doubles\n|player|p1|frexkul|psychicf-gen4|1108\n|player|p2|aderhell666|266|1050\n|gen|9\n|tier|[Gen 9 Champions] VGC 2026 Reg M-A\n|rated|\n|rule|Species Clause: Limit one of each Pok\u00e9mon\n|rule|Item Clause: Limit 1 of each item\n|clearpoke\n|poke|p1|Glimmora, L50, M|\n|poke|p1|Meowscarada, L50, F|\n|poke|p1|Hydreigon, L50, F|\n|poke|p1|Espathra, L50, M|\n|poke|p1|Maushold, L50|\n|poke|p1|Talonflame, L50, M|\n|poke|p2|Tinkaton, L50, F|\n|poke|p2|Pelipper, L50, F|\n|poke|p2|Incineroar, L50, M|\n|poke|p2|Farigiraf, L50, M|\n|poke|p2|Sneasler, L50, M|\n|poke|p2|Venusaur, L50, F|\n|teampreview|4\n|inactive|Battle timer is ON: inactive players will automatically lose when time's up. (requested by frexkul)\n|\n|t:|1776335491\n|teamsize|p1|4\n|teamsize|p2|4\n|start\n|switch|p1a: Espathra|Espathra, L50, M|100/100\n|switch|p1b: Maushold|Maushold, L50|100/100\n|switch|p2a: Farigiraf|Farigiraf, L50, M|100/100\n|switch|p2b: Tinkaton|Tinkaton, L50, F|100/100\n|turn|1\n|\n|t:|1776335510\n|move|p1b: Maushold|Follow Me|p1b: Maushold\n|-singleturn|p1b: Maushold|move: Follow Me\n|move|p1a: Espathra|Calm Mind|p1a: Espathra\n|-boost|p1a: Espathra|spa|1\n|-boost|p1a: Espathra|spd|1\n|move|p2b: Tinkaton|Foul Play|p1b: Maushold\n|-damage|p1b: Maushold|78/100\n|move|p2a: Farigiraf|Trick Room|p2a: Farigiraf\n|-fieldstart|move: Trick Room|[of] p2a: Farigiraf\n|\n|-ability|p1a: Espathra|Speed Boost|boost\n|-boost|p1a: Espathra|spe|1\n|upkeep\n|turn|2\n|inactive|frexkul has 30 seconds left.\n|\n|t:|1776335541\n|move|p1b: Maushold|Follow Me|p1b: Maushold\n|-singleturn|p1b: Maushold|move: Follow Me\n|move|p2a: Farigiraf|Hyper Voice|p1b: Maushold|[spread] p1a,p1b\n|-damage|p1a: Espathra|83/100\n|-damage|p1b: Maushold|46/100\n|move|p2b: Tinkaton|Gigaton Hammer|p1b: Maushold\n|-damage|p1b: Maushold|0 fnt\n|faint|p1b: Maushold\n|move|p1a: Espathra|Calm Mind|p1a: Espathra\n|-boost|p1a: Espathra|spa|1\n|-boost|p1a: Espathra|spd|1\n|\n|-heal|p1a: Espathra|88/100|[from] item: Leftovers\n|-ability|p1a: Espathra|Speed Boost|boost\n|-boost|p1a: Espathra|spe|1\n|upkeep\n|\n|t:|1776335558\n|switch|p1b: Talonflame|Talonflame, L50, M|100/100\n|turn|3\n|\n|t:|1776335570\n|move|p2a: Farigiraf|Hyper Voice|p1a: Espathra|[spread] p1a,p1b\n|-damage|p1a: Espathra|72/100\n|-damage|p1b: Talonflame|64/100\n|move|p2b: Tinkaton|Foul Play|p1a: Espathra\n|-supereffective|p1a: Espathra|1\n|-damage|p1a: Espathra|33/100\n|move|p1b: Talonflame|Flare Blitz|p2b: Tinkaton\n|-supereffective|p2b: Tinkaton|1\n|-damage|p2b: Tinkaton|13/100\n|-damage|p1b: Talonflame|32/100|[from] Recoil\n|move|p1a: Espathra|Baton Pass|p1a: Espathra\n|\n|t:|1776335582\n|switch|p1a: Glimmora|Glimmora, L50, M|100/100|[from] Baton Pass\n|\n|upkeep\n|turn|4\n|inactive|frexkul has 30 seconds left.\n|inactive|frexkul has 20 seconds left.\n|inactive|frexkul has 15 seconds left.\n|inactive|frexkul has 10 seconds left.\n|inactive|frexkul has 5 seconds left.\n|\n|t:|1776335637\n|move|p2a: Farigiraf|Hyper Voice|p1a: Glimmora|[spread] p1a,p1b\n|-resisted|p1a: Glimmora|1\n|-crit|p1a: Glimmora\n|-damage|p1a: Glimmora|78/100\n|-damage|p1b: Talonflame|0 fnt\n|faint|p1b: Talonflame\n|move|p2b: Tinkaton|Gigaton Hammer|p1a: Glimmora\n|-supereffective|p1a: Glimmora|1\n|-crit|p1a: Glimmora\n|-damage|p1a: Glimmora|0 fnt\n|-activate|p1a: Glimmora|ability: Toxic Debris\n|-sidestart|p2: aderhell666|move: Toxic Spikes\n|faint|p1a: Glimmora\n|\n|upkeep\n|\n|t:|1776335650\n|switch|p1b: Espathra|Espathra, L50, M|33/100\n|turn|5\n|-message|frexkul forfeited.\n|\n|win|aderhell666\n|raw|frexkul's rating: 1108 &rarr; <strong>1079</strong><br />(-29 for losing)\n|raw|aderhell666's rating: 1050 &rarr; <strong>1088</strong><br />(+38 for winning)\n|l|\u2606frexkul\n|player|p1|\n",
  "uploadtime": 1776335674,
  "views": 22,
  "formatid": "gen9championsvgc2026regma",
  "rating": 1079,
  "private": 0,
  "password": null
}