{
  "id": "gen9championsvgc2026regma-2585820166",
  "format": "[Gen 9 Champions] VGC 2026 Reg M-A",
  "players": [
    "Directeur Ian",
    "Arkhyr"
  ],
  "log": "|j|\u2606Directeur Ian\n|j|\u2606Arkhyr\n|html|<table width=\"100%\"><tr><td align=\"left\">Directeur Ian</td><td align=\"right\">Arkhyr</tr><tr><td align=\"left\"><i class=\"fa fa-circle-o\"></i> <i class=\"fa fa-circle-o\"></i> </td><td align=\"right\"><i class=\"fa fa-circle-o\"></i> <i class=\"fa fa-circle-o\"></i> </tr></table>\n|uhtml|bestof|<h2><strong>Game 1</strong> of <a href=\"/game-bestof3-gen9championsvgc2026regma-2585820165\">a best-of-3</a></h2>\n|t:|1776373045\n|gametype|doubles\n|player|p1|Directeur Ian|gentleman-gen4|\n|player|p2|Arkhyr|lusamine-nihilego|\n|gen|9\n|tier|[Gen 9 Champions] VGC 2026 Reg M-A\n|rule|Species Clause: Limit one of each Pok\u00e9mon\n|rule|Item Clause: Limit 1 of each item\n|raw|<div class=\"infobox\"><details class=\"readmore\" open><summary><strong>1 custom rule:</strong></summary> Best of = 3</details></div>\n|clearpoke\n|poke|p1|Sinistcha, L50|\n|poke|p1|Maushold, L50|\n|poke|p1|Aerodactyl, L50, M|\n|poke|p1|Weavile, L50, M|\n|poke|p1|Emboar, L50, F|\n|poke|p1|Mudsdale, L50, F|\n|poke|p2|Tauros-Paldea-Aqua, L50, M|\n|poke|p2|Floette-Eternal, L50, F|\n|poke|p2|Crabominable, L50, F|\n|poke|p2|Oranguru, L50, M|\n|poke|p2|Incineroar, L50, M|\n|poke|p2|Zoroark-Hisui, L50, M|\n|teampreview|4\n|c|\u2606Arkhyr|Good Luck, Have Fun!\n|c|\u2606Directeur Ian|Goodluck have fun!\nDirecteur Ian rejected open team sheets.\n|\n|t:|1776373132\n|teamsize|p1|4\n|teamsize|p2|4\n|start\n|switch|p1a: Aerodactyl|Aerodactyl, L50, M|100/100\n|switch|p1b: Weavile|Weavile, L50, M|100/100\n|switch|p2a: Floette|Floette-Eternal, L50, F|100/100\n|switch|p2b: Tauros|Tauros-Paldea-Aqua, L50, M|100/100\n|-ability|p1a: Aerodactyl|Unnerve\n|-ability|p2b: Tauros|Intimidate|boost\n|-unboost|p1a: Aerodactyl|atk|1\n|-unboost|p1b: Weavile|atk|1\n|turn|1\n|\n|t:|1776373185\n|detailschange|p1a: Aerodactyl|Aerodactyl-Mega, L50, M\n|-mega|p1a: Aerodactyl|Aerodactyl|Aerodactylite\n|move|p1b: Weavile|Fake Out|p2b: Tauros\n|-damage|p2b: Tauros|92/100\n|move|p2a: Floette|Icy Wind|p1a: Aerodactyl|[spread] p1a,p1b\n|-supereffective|p1a: Aerodactyl|1\n|-resisted|p1b: Weavile|1\n|-damage|p1a: Aerodactyl|64/100\n|-damage|p1b: Weavile|91/100\n|-unboost|p1a: Aerodactyl|spe|1\n|-unboost|p1b: Weavile|spe|1\n|cant|p2b: Tauros|flinch\n|move|p1a: Aerodactyl|Tailwind|p1a: Aerodactyl\n|-sidestart|p1: Directeur Ian|move: Tailwind\n|\n|upkeep\n|turn|2\n|\n|t:|1776373246\n|switch|p2a: Incineroar|Incineroar, L50, M|100/100\n|-ability|p2a: Incineroar|Intimidate|boost\n|-unboost|p1a: Aerodactyl|atk|1\n|-unboost|p1b: Weavile|atk|1\n|move|p2b: Tauros|Protect|p2b: Tauros\n|-singleturn|p2b: Tauros|Protect\n|move|p1a: Aerodactyl|Dual Wingbeat|p2b: Tauros\n|-activate|p2b: Tauros|move: Protect\n|move|p1b: Weavile|Icy Wind|p2b: Tauros|[spread] \n|-activate|p2b: Tauros|move: Protect\n|-miss|p1b: Weavile|p2a: Incineroar\n|\n|upkeep\n|turn|3\n|\n|t:|1776373312\n|switch|p1b: Mudsdale|Mudsdale, L50, F|100/100\n|move|p1a: Aerodactyl|Protect|p1a: Aerodactyl\n|-singleturn|p1a: Aerodactyl|Protect\n|move|p2a: Incineroar|Fake Out|p1a: Aerodactyl\n|-activate|p1a: Aerodactyl|move: Protect\n|move|p2b: Tauros|Raging Bull|p1a: Aerodactyl\n|-activate|p1a: Aerodactyl|move: Protect\n|\n|upkeep\n|turn|4\n|\n|t:|1776373336\n|switch|p1a: Weavile|Weavile, L50, M|91/100\n|move|p2b: Tauros|Protect|p2b: Tauros\n|-singleturn|p2b: Tauros|Protect\n|move|p1b: Mudsdale|Rock Slide|p2b: Tauros|[spread] \n|-activate|p2b: Tauros|move: Protect\n|-miss|p1b: Mudsdale|p2a: Incineroar\n|move|p2a: Incineroar|Parting Shot|p1b: Mudsdale\n|-unboost|p1b: Mudsdale|atk|1\n|-unboost|p1b: Mudsdale|spa|1\n|c|\u2606Arkhyr|im sorry\n|\n|t:|1776373347\n|switch|p2a: Floette|Floette-Eternal, L50, F|100/100|[from] Parting Shot\n|\n|-sideend|p1: Directeur Ian|move: Tailwind\n|upkeep\n|turn|5\n|l|\u2606Directeur Ian\n|player|p1|\n|j|\u2606Directeur Ian\n|player|p1|Directeur Ian|gentleman-gen4|\n|c|\u2606Directeur Ian|Bright Powder Incin lol\n|c|\u2606Arkhyr|i am not\n|c|\u2606Arkhyr|i promise!\n|\n|t:|1776373391\n|move|p1a: Weavile|Fake Out|p2b: Tauros\n|-crit|p2b: Tauros\n|-damage|p2b: Tauros|75/100\n|move|p2a: Floette|Focus Blast|p1a: Weavile\n|-supereffective|p1a: Weavile|2\n|-damage|p1a: Weavile|0 fnt\n|faint|p1a: Weavile\n|cant|p2b: Tauros|flinch\n|move|p1b: Mudsdale|Heavy Slam|p2a: Floette\n|-damage|p2a: Floette|54/100\n|replace|p2a: Zoroark|Zoroark-Hisui, L50, M\n|-end|p2a: Zoroark|Illusion\n|\n|upkeep\n|\n|t:|1776373408\n|switch|p1a: Emboar|Emboar, L50, F|100/100\n|turn|6\n|\n|t:|1776373439\n|switch|p2a: Floette|Floette-Eternal, L50, F|100/100\n|switch|p1a: Aerodactyl|Aerodactyl-Mega, L50, M|64/100\n|move|p2b: Tauros|Raging Bull|p1a: Aerodactyl\n|-supereffective|p1a: Aerodactyl|1\n|-damage|p1a: Aerodactyl|0 fnt\n|faint|p1a: Aerodactyl\n|move|p1b: Mudsdale|Bulldoze|p2b: Tauros|[spread] p2a,p2b\n|-damage|p2a: Floette|85/100\n|-damage|p2b: Tauros|64/100\n|-unboost|p2a: Floette|spe|1\n|-unboost|p2b: Tauros|spe|1\n|\n|upkeep\n|\n|t:|1776373452\n|switch|p1a: Emboar|Emboar, L50, F|100/100\n|turn|7\n|\n|t:|1776373474\n|switch|p2b: Incineroar|Incineroar, L50, M|100/100\n|-ability|p2b: Incineroar|Intimidate|boost\n|-unboost|p1a: Emboar|atk|1\n|-unboost|p1b: Mudsdale|atk|1\n|switch|p2a: Floette|Floette-Eternal, L50, F|54/100\n|move|p1a: Emboar|Coaching|p1b: Mudsdale\n|-boost|p1b: Mudsdale|atk|1\n|-boost|p1b: Mudsdale|def|1\n|move|p1b: Mudsdale|Heavy Slam|p2a: Floette\n|-damage|p2a: Floette|7/100\n|replace|p2a: Zoroark|Zoroark-Hisui, L50, M\n|-end|p2a: Zoroark|Illusion\n|\n|upkeep\n|turn|8\n|\n|t:|1776373496\n|move|p2a: Zoroark|Hyper Voice|p1a: Emboar|[spread] p1a,p1b\n|-damage|p1a: Emboar|59/100\n|-damage|p1b: Mudsdale|75/100\n|-ability|p1b: Mudsdale|Stamina|boost\n|-boost|p1b: Mudsdale|def|1\n|move|p1a: Emboar|Drain Punch|p2b: Incineroar\n|-supereffective|p2b: Incineroar|1\n|-crit|p2b: Incineroar\n|-damage|p2b: Incineroar|28/100\n|-heal|p1a: Emboar|92/100|[from] drain|[of] p2b: Incineroar\n|-enditem|p2b: Incineroar|Sitrus Berry|[eat]\n|-heal|p2b: Incineroar|53/100|[from] item: Sitrus Berry\n|move|p2b: Incineroar|Parting Shot|p1a: Emboar\n|-unboost|p1a: Emboar|atk|1\n|-unboost|p1a: Emboar|spa|1\n|\n|t:|1776373508\n|switch|p2b: Tauros|Tauros-Paldea-Aqua, L50, M|64/100|[from] Parting Shot\n|-ability|p2b: Tauros|Intimidate|boost\n|-unboost|p1a: Emboar|atk|1\n|-unboost|p1b: Mudsdale|atk|1\n|move|p1b: Mudsdale|Rock Slide|p2b: Tauros|[spread] p2a,p2b\n|-crit|p2a: Zoroark\n|-resisted|p2b: Tauros|1\n|-damage|p2a: Zoroark|0 fnt\n|-damage|p2b: Tauros|60/100\n|faint|p2a: Zoroark\n|\n|-heal|p1b: Mudsdale|81/100|[from] item: Leftovers\n|upkeep\n|\n|t:|1776373517\n|switch|p2a: Floette|Floette-Eternal, L50, F|85/100\n|turn|9\n|\n|t:|1776373529\n|detailschange|p2a: Floette|Floette-Mega, L50, F\n|-mega|p2a: Floette|Floette|Floettite\n|-ability|p2a: Floette|Fairy Aura\n|move|p1a: Emboar|Helping Hand|p1b: Mudsdale\n|-singleturn|p1b: Mudsdale|Helping Hand|[of] p1a: Emboar\n|move|p2a: Floette|Moonblast|p1b: Mudsdale\n|-damage|p1b: Mudsdale|30/100\n|-ability|p1b: Mudsdale|Stamina|boost\n|-boost|p1b: Mudsdale|def|1\n|move|p2b: Tauros|Raging Bull|p1a: Emboar\n|-supereffective|p1a: Emboar|1\n|-damage|p1a: Emboar|0 fnt\n|faint|p1a: Emboar\n|move|p1b: Mudsdale|Heavy Slam|p2a: Floette\n|-supereffective|p2a: Floette|1\n|-damage|p2a: Floette|30/100\n|\n|-heal|p1b: Mudsdale|36/100|[from] item: Leftovers\n|upkeep\n|turn|10\n|\n|t:|1776373552\n|move|p2a: Floette|Moonblast|p1b: Mudsdale\n|-damage|p1b: Mudsdale|0 fnt\n|faint|p1b: Mudsdale\n|\n|win|Arkhyr\n|c|\u2606Directeur Ian|Ggs\n||Directeur Ian is ready for game 2.\n|c|\u2606Arkhyr|gg\n||Arkhyr is ready for game 2.\n|uhtml|next|Next: <a href=\"/battle-gen9championsvgc2026regma-2585826852\"><strong>Game 2 of 3</strong></a>\n",
  "uploadtime": 1776373846,
  "views": 55,
  "formatid": "gen9championsvgc2026regma",
  "rating": null,
  "private": 0,
  "password": null
}