{
  "id": "gen9championsvgc2026regma-2587088505",
  "format": "[Gen 9 Champions] VGC 2026 Reg M-A",
  "players": [
    "evilkyatt",
    "W0kMeDed"
  ],
  "log": "|j|\u2606evilkyatt\n|j|\u2606W0kMeDed\n|t:|1776491760\n|gametype|doubles\n|player|p1|evilkyatt|scientist-gen4dp|1336\n|player|p2|W0kMeDed|palmer|1442\n|gen|9\n|tier|[Gen 9 Champions] VGC 2026 Reg M-A\n|rated|\n|rule|Species Clause: Limit one of each Pok\u00e9mon\n|rule|Item Clause: Limit 1 of each item\n|clearpoke\n|poke|p1|Aggron, L50, M|\n|poke|p1|Rotom-Wash, L50|\n|poke|p1|Sinistcha-Masterpiece, L50|\n|poke|p1|Incineroar, L50, F|\n|poke|p1|Drampa, L50, M|\n|poke|p1|Zoroark-Hisui, L50, F|\n|poke|p2|Manectric, L50, F|\n|poke|p2|Archaludon, L50, M|\n|poke|p2|Sinistcha, L50|\n|poke|p2|Pelipper, L50, F|\n|poke|p2|Basculegion, L50, M|\n|poke|p2|Sneasler, L50, M|\n|teampreview|4\n|inactive|Battle timer is ON: inactive players will automatically lose when time's up. (requested by evilkyatt)\n|inactive|W0kMeDed has 60 seconds left.\n|\n|t:|1776491794\n|teamsize|p1|4\n|teamsize|p2|4\n|start\n|switch|p1a: Olm|Drampa, L50, M|100/100\n|switch|p1b: Incineroar|Incineroar, L50, F|100/100\n|switch|p2a: Voltra|Manectric, L50, F|100/100\n|switch|p2b: Silvergate|Archaludon, L50, M|100/100\n|-ability|p1b: Incineroar|Intimidate|boost\n|-unboost|p2a: Voltra|atk|1\n|-unboost|p2b: Silvergate|atk|1\n|-ability|p1a: Olm|Cloud Nine\n|turn|1\n|\n|t:|1776491816\n|move|p2a: Voltra|Protect|p2a: Voltra\n|-singleturn|p2a: Voltra|Protect\n|move|p2b: Silvergate|Protect|p2b: Silvergate\n|-singleturn|p2b: Silvergate|Protect\n|move|p1b: Incineroar|Fake Out|p2b: Silvergate\n|-activate|p2b: Silvergate|move: Protect\n|move|p1a: Olm|Calm Mind|p1a: Olm\n|-boost|p1a: Olm|spa|1\n|-boost|p1a: Olm|spd|1\n|\n|upkeep\n|turn|2\n|\n|t:|1776491836\n|detailschange|p2a: Voltra|Manectric-Mega, L50, F\n|-mega|p2a: Voltra|Manectric|Manectite\n|-ability|p2a: Voltra|Intimidate|boost\n|-unboost|p1a: Olm|atk|1\n|-unboost|p1b: Incineroar|atk|1\n|move|p2a: Voltra|Snarl|p1b: Incineroar|[spread] p1a,p1b\n|-resisted|p1b: Incineroar|1\n|-damage|p1a: Olm|91/100\n|-damage|p1b: Incineroar|97/100\n|-unboost|p1a: Olm|spa|1\n|-unboost|p1b: Incineroar|spa|1\n|move|p2b: Silvergate|Draco Meteor|p1a: Olm\n|-supereffective|p1a: Olm|1\n|-damage|p1a: Olm|4/100\n|-unboost|p2b: Silvergate|spa|2\n|move|p1b: Incineroar|Parting Shot|p2b: Silvergate\n|-unboost|p2b: Silvergate|atk|1\n|-unboost|p2b: Silvergate|spa|1\n|\n|t:|1776491844\n|switch|p1b: amazing reason|Sinistcha-Masterpiece, L50|100/100|[from] Parting Shot\n|-heal|p1a: Olm|29/100|[from] ability: Hospitality|[of] p1b: amazing reason\n|move|p1a: Olm|Calm Mind|p1a: Olm\n|-boost|p1a: Olm|spa|1\n|-boost|p1a: Olm|spd|1\n|\n|upkeep\n|turn|3\n|inactive|W0kMeDed has 30 seconds left.\n|\n|t:|1776491878\n|detailschange|p1a: Olm|Drampa-Mega, L50, M\n|-mega|p1a: Olm|Drampa|Drampanite\n|move|p2a: Voltra|Snarl|p1b: amazing reason|[spread] p1a,p1b\n|-supereffective|p1b: amazing reason|1\n|-damage|p1a: Olm|24/100\n|-damage|p1b: amazing reason|74/100\n|-unboost|p1a: Olm|spa|1\n|-unboost|p1b: amazing reason|spa|1\n|move|p2b: Silvergate|Flash Cannon|p1a: Olm\n|-damage|p1a: Olm|17/100\n|move|p1a: Olm|Hyper Voice|p2b: Silvergate|[spread] p2a,p2b\n|-resisted|p2b: Silvergate|1\n|-damage|p2a: Voltra|54/100\n|-damage|p2b: Silvergate|82/100\n|-ability|p2b: Silvergate|Stamina|boost\n|-boost|p2b: Silvergate|def|1\n|move|p1b: amazing reason|Trick Room|p1b: amazing reason\n|-fieldstart|move: Trick Room|[of] p1b: amazing reason\n|\n|-heal|p2b: Silvergate|88/100|[from] item: Leftovers\n|upkeep\n|turn|4\n|inactive|W0kMeDed has 30 seconds left.\n|\n|t:|1776491903\n|switch|p1b: Incineroar|Incineroar, L50, F|97/100\n|-ability|p1b: Incineroar|Intimidate|boost\n|-unboost|p2a: Voltra|atk|1\n|-unboost|p2b: Silvergate|atk|1\n|switch|p2b: Whisky|Sinistcha, L50|100/100\n|-heal|p2a: Voltra|79/100|[from] ability: Hospitality|[of] p2b: Whisky\n|move|p1a: Olm|Protect|p1a: Olm\n|-singleturn|p1a: Olm|Protect\n|move|p2a: Voltra|Snarl|p1a: Olm|[spread] p1b\n|-activate|p1a: Olm|move: Protect\n|-resisted|p1b: Incineroar|1\n|-damage|p1b: Incineroar|93/100\n|-unboost|p1b: Incineroar|spa|1\n|\n|upkeep\n|turn|5\n|inactive|W0kMeDed has 30 seconds left.\n|inactive|W0kMeDed has 20 seconds left.\n|\n|t:|1776491939\n|switch|p2a: Silvergate|Archaludon, L50, M|88/100\n|move|p1a: Olm|Hyper Voice|p2a: Silvergate|[spread] p2a\n|-immune|p2b: Whisky\n|-resisted|p2a: Silvergate|1\n|-crit|p2a: Silvergate\n|-damage|p2a: Silvergate|61/100\n|-ability|p2a: Silvergate|Stamina|boost\n|-boost|p2a: Silvergate|def|1\n|move|p1b: Incineroar|Flare Blitz|p2a: Silvergate\n|-damage|p2a: Silvergate|38/100\n|-ability|p2a: Silvergate|Stamina|boost\n|-boost|p2a: Silvergate|def|1\n|-damage|p1b: Incineroar|85/100|[from] Recoil\n|move|p2b: Whisky|Matcha Gotcha|p1b: Incineroar|[spread] p1a,p1b\n|-resisted|p1a: Olm|1\n|-resisted|p1b: Incineroar|1\n|-damage|p1a: Olm|13/100\n|-damage|p1b: Incineroar|78/100\n|-status|p1a: Olm|brn\n|\n|-heal|p2a: Silvergate|44/100|[from] item: Leftovers\n|-damage|p1a: Olm|7/100 brn|[from] brn\n|upkeep\n|turn|6\n|inactive|W0kMeDed has 30 seconds left.\n|\n|t:|1776491972\n|switch|p1b: amazing reason|Sinistcha-Masterpiece, L50|74/100\n|-heal|p1a: Olm|32/100 brn|[from] ability: Hospitality|[of] p1b: amazing reason\n|switch|p2b: Pelistorm|Pelipper, L50, F|100/100\n|-weather|RainDance|[from] ability: Drizzle|[of] p2b: Pelistorm\n|move|p1a: Olm|Protect|p1a: Olm\n|-singleturn|p1a: Olm|Protect\n|move|p2a: Silvergate|Protect||[still]\n|-fail|p2a: Silvergate\n|\n|-weather|RainDance|[upkeep]\n|-heal|p2a: Silvergate|50/100|[from] item: Leftovers\n|-damage|p1a: Olm|26/100 brn|[from] brn\n|upkeep\n|turn|7\n|inactive|evilkyatt has 30 seconds left.\n|\n|t:|1776492002\n|switch|p1b: Incineroar|Incineroar, L50, F|78/100\n|-ability|p1b: Incineroar|Intimidate|boost\n|-unboost|p2a: Silvergate|atk|1\n|-unboost|p2b: Pelistorm|atk|1\n|move|p1a: Olm|Dragon Pulse|p2a: Silvergate\n|-damage|p2a: Silvergate|0 fnt\n|faint|p2a: Silvergate\n|move|p2b: Pelistorm|Hurricane|p1b: Incineroar\n|-damage|p1b: Incineroar|46/100\n|\n|-weather|RainDance|[upkeep]\n|-damage|p1a: Olm|20/100 brn|[from] brn\n|-fieldend|move: Trick Room\n|upkeep\n|\n|t:|1776492019\n|switch|p2a: Voltra|Manectric-Mega, L50, F|79/100\n|-ability|p2a: Voltra|Intimidate|boost\n|-unboost|p1a: Olm|atk|1\n|-unboost|p1b: Incineroar|atk|1\n|turn|8\n|\n|t:|1776492030\n|move|p1a: Olm|Protect|p1a: Olm\n|-singleturn|p1a: Olm|Protect\n|move|p2a: Voltra|Snarl|p1b: Incineroar|[spread] p1b\n|-activate|p1a: Olm|move: Protect\n|-resisted|p1b: Incineroar|1\n|-damage|p1b: Incineroar|41/100\n|-unboost|p1b: Incineroar|spa|1\n|move|p2b: Pelistorm|Weather Ball|p1b: Incineroar\n|-supereffective|p1b: Incineroar|1\n|-damage|p1b: Incineroar|0 fnt\n|faint|p1b: Incineroar\n|\n|-weather|RainDance|[upkeep]\n|-damage|p1a: Olm|14/100 brn|[from] brn\n|upkeep\n|\n|t:|1776492043\n|switch|p1b: amazing reason|Sinistcha-Masterpiece, L50|74/100\n|-heal|p1a: Olm|39/100 brn|[from] ability: Hospitality|[of] p1b: amazing reason\n|turn|9\n|\n|t:|1776492050\n|move|p2a: Voltra|Snarl|p1b: amazing reason|[spread] p1a,p1b\n|-supereffective|p1b: amazing reason|1\n|-damage|p1a: Olm|34/100 brn\n|-damage|p1b: amazing reason|48/100\n|-unboost|p1a: Olm|spa|1\n|-unboost|p1b: amazing reason|spa|1\n|-enditem|p1b: amazing reason|Sitrus Berry|[eat]\n|-heal|p1b: amazing reason|72/100|[from] item: Sitrus Berry\n|move|p2b: Pelistorm|Hurricane|p1b: amazing reason\n|-supereffective|p1b: amazing reason|1\n|-damage|p1b: amazing reason|0 fnt\n|faint|p1b: amazing reason\n|move|p1a: Olm|Hyper Voice|p2a: Voltra|[spread] p2a,p2b\n|-damage|p2a: Voltra|52/100\n|-damage|p2b: Pelistorm|63/100\n|\n|-weather|RainDance|[upkeep]\n|-damage|p1a: Olm|28/100 brn|[from] brn\n|upkeep\n|\n|t:|1776492053\n|switch|p1b: Zoroark|Zoroark-Hisui, L50, F|100/100\n|turn|10\n|\n|t:|1776492074\n|move|p2a: Voltra|Snarl|p1a: Olm|[spread] p1a,p1b\n|-crit|p1a: Olm\n|-supereffective|p1b: Zoroark|1\n|-damage|p1a: Olm|12/100 brn\n|-damage|p1b: Zoroark|46/100\n|-unboost|p1a: Olm|spa|1\n|-unboost|p1b: Zoroark|spa|1\n|move|p1b: Zoroark|Shadow Ball|p2a: Voltra\n|-damage|p2a: Voltra|21/100\n|move|p2b: Pelistorm|Hurricane|p1a: Olm\n|-damage|p1a: Olm|0 fnt\n|faint|p1a: Olm\n|\n|-weather|none\n|upkeep\n|turn|11\n|\n|t:|1776492088\n|switch|p2b: Whisky|Sinistcha, L50|100/100\n|-heal|p2a: Voltra|46/100|[from] ability: Hospitality|[of] p2b: Whisky\n|move|p2a: Voltra|Thunderbolt|p1b: Zoroark\n|-damage|p1b: Zoroark|0 fnt\n|faint|p1b: Zoroark\n|\n|win|W0kMeDed\n|raw|evilkyatt's rating: 1336 &rarr; <strong>1322</strong><br />(-14 for losing)\n|raw|W0kMeDed's rating: 1442 &rarr; <strong>1456</strong><br />(+14 for winning)\n|c|\u2606evilkyatt|gg\n|c|\u2606W0kMeDed|gg\n|l|\u2606evilkyatt\n|player|p1|\n",
  "uploadtime": 1776492813,
  "views": 32,
  "formatid": "gen9championsvgc2026regma",
  "rating": 1322,
  "private": 0,
  "password": null
}