{
  "id": "gen9championsvgc2026regma-2586126738",
  "format": "[Gen 9 Champions] VGC 2026 Reg M-A",
  "players": [
    "loldiet",
    "Dokja ain't dead"
  ],
  "log": "|j|\u2606loldiet\n|j|\u2606Dokja ain't dead\n|t:|1776402239\n|gametype|doubles\n|player|p1|loldiet|gardenia|1099\n|player|p2|Dokja ain't dead|266|1000\n|gen|9\n|tier|[Gen 9 Champions] VGC 2026 Reg M-A\n|rated|\n|rule|Species Clause: Limit one of each Pok\u00e9mon\n|rule|Item Clause: Limit 1 of each item\n|clearpoke\n|poke|p1|Floette-Eternal, L50, F|\n|poke|p1|Sylveon, L50, F|\n|poke|p1|Talonflame, L50, F|\n|poke|p1|Aegislash, L50, F|\n|poke|p1|Volcarona, L50, M|\n|poke|p1|Sinistcha, L50|\n|poke|p2|Incineroar, L50, F|\n|poke|p2|Gengar, L50, F|\n|poke|p2|Kommo-o, L50, F|\n|poke|p2|Sinistcha, L50|\n|poke|p2|Sableye, L50, M|\n|poke|p2|Clefable, L50, M|\n|teampreview|4\n|\n|t:|1776402251\n|teamsize|p1|4\n|teamsize|p2|4\n|start\n|switch|p1a: Floette|Floette-Eternal, L50, F|100/100\n|switch|p1b: Volcarona|Volcarona, L50, M|100/100\n|switch|p2a: Gengar|Gengar, L50, F|100/100\n|switch|p2b: Incineroar|Incineroar, L50, F|100/100\n|-ability|p2b: Incineroar|Intimidate|boost\n|-unboost|p1a: Floette|atk|1\n|-unboost|p1b: Volcarona|atk|1\n|turn|1\n|\n|t:|1776402272\n|detailschange|p2a: Gengar|Gengar-Mega, L50, F\n|-mega|p2a: Gengar|Gengar|Gengarite\n|move|p1a: Floette|Protect|p1a: Floette\n|-singleturn|p1a: Floette|Protect\n|move|p2b: Incineroar|Fake Out|p1a: Floette\n|-activate|p1a: Floette|move: Protect\n|move|p2a: Gengar|Perish Song|p2a: Gengar\n|-start|p1a: Floette|perish3|[silent]\n|-start|p1b: Volcarona|perish3|[silent]\n|-start|p2a: Gengar|perish3|[silent]\n|-start|p2b: Incineroar|perish3|[silent]\n|-fieldactivate|move: Perish Song\n|move|p1b: Volcarona|Tailwind|p1b: Volcarona\n|-sidestart|p1: loldiet|move: Tailwind\n|\n|-start|p1b: Volcarona|perish3\n|-start|p1a: Floette|perish3\n|-start|p2a: Gengar|perish3\n|-start|p2b: Incineroar|perish3\n|upkeep\n|turn|2\n|\n|t:|1776402313\n|move|p2a: Gengar|Protect|p2a: Gengar\n|-singleturn|p2a: Gengar|Protect\n|move|p1b: Volcarona|Fiery Dance|p2b: Incineroar\n|-resisted|p2b: Incineroar|1\n|-damage|p2b: Incineroar|87/100\n|-boost|p1b: Volcarona|spa|1\n|move|p1a: Floette|Calm Mind|p1a: Floette\n|-boost|p1a: Floette|spa|1\n|-boost|p1a: Floette|spd|1\n|move|p2b: Incineroar|Parting Shot|p1a: Floette\n|-unboost|p1a: Floette|atk|1\n|-unboost|p1a: Floette|spa|1\n|inactive|Battle timer is ON: inactive players will automatically lose when time's up. (requested by Dokja ain't dead)\n|\n|t:|1776402330\n|switch|p2b: Sinistcha|Sinistcha, L50|100/100|[from] Parting Shot\n|\n|-start|p1b: Volcarona|perish2\n|-start|p1a: Floette|perish2\n|-start|p2a: Gengar|perish2\n|upkeep\n|turn|3\n|inactive|Dokja ain't dead has 30 seconds left.\n|inactive|Dokja ain't dead has 20 seconds left.\n|\n|t:|1776402366\n|detailschange|p1a: Floette|Floette-Mega, L50, F\n|-mega|p1a: Floette|Floette|Floettite\n|-ability|p1a: Floette|Fairy Aura\n|move|p2b: Sinistcha|Rage Powder|p2b: Sinistcha\n|-singleturn|p2b: Sinistcha|move: Rage Powder\n|move|p1b: Volcarona|Fiery Dance|p2b: Sinistcha\n|-supereffective|p2b: Sinistcha|1\n|-enditem|p2b: Sinistcha|Focus Sash\n|-damage|p2b: Sinistcha|1/100\n|-boost|p1b: Volcarona|spa|1\n|move|p1a: Floette|Psychic|p2b: Sinistcha\n|-damage|p2b: Sinistcha|0 fnt\n|faint|p2b: Sinistcha\n|move|p2a: Gengar|Substitute|p2a: Gengar\n|-start|p2a: Gengar|Substitute\n|-damage|p2a: Gengar|76/100\n|\n|-start|p1b: Volcarona|perish1\n|-start|p1a: Floette|perish1\n|-start|p2a: Gengar|perish1\n|upkeep\n|\n|t:|1776402385\n|switch|p2b: Incineroar|Incineroar, L50, F|87/100\n|-ability|p2b: Incineroar|Intimidate|boost\n|-unboost|p1a: Floette|atk|1\n|-unboost|p1b: Volcarona|atk|1\n|turn|4\n|\n|t:|1776402410\n|switch|p2a: Kommo-o|Kommo-o, L50, F|100/100\n|move|p2b: Incineroar|Fake Out|p1a: Floette\n|-damage|p1a: Floette|85/100\n|move|p1b: Volcarona|Fiery Dance|p2a: Kommo-o\n|-resisted|p2a: Kommo-o|1\n|-damage|p2a: Kommo-o|61/100\n|cant|p1a: Floette|flinch\n|\n|-start|p1b: Volcarona|perish0\n|-start|p1a: Floette|perish0\n|-sideend|p1: loldiet|move: Tailwind\n|upkeep\n|faint|p1b: Volcarona\n|faint|p1a: Floette\n|\n|t:|1776402422\n|switch|p1b: Sylveon|Sylveon, L50, F|100/100\n|switch|p1a: Talonflame|Talonflame, L50, F|100/100\n|turn|5\n|inactive|loldiet has 30 seconds left.\n|inactive|Dokja ain't dead has 30 seconds left.\n|\n|t:|1776402458\n|move|p1a: Talonflame|Tailwind|p1a: Talonflame\n|-sidestart|p1: loldiet|move: Tailwind\n|move|p1b: Sylveon|Hyper Voice|p2b: Incineroar|[spread] p2b\n|-immune|p2a: Kommo-o|[from] ability: Soundproof\n|-damage|p2b: Incineroar|56/100\n|move|p2a: Kommo-o|Clangorous Soul|p2a: Kommo-o\n|-boost|p2a: Kommo-o|atk|1\n|-boost|p2a: Kommo-o|def|1\n|-boost|p2a: Kommo-o|spa|1\n|-boost|p2a: Kommo-o|spd|1\n|-boost|p2a: Kommo-o|spe|1\n|-damage|p2a: Kommo-o|28/100\n|move|p2b: Incineroar|Parting Shot|p1b: Sylveon\n|-unboost|p1b: Sylveon|atk|1\n|-unboost|p1b: Sylveon|spa|1\n|\n|t:|1776402472\n|switch|p2b: Gengar|Gengar-Mega, L50, F|76/100|[from] Parting Shot\n|\n|upkeep\n|turn|6\n|\n|t:|1776402481\n|move|p1a: Talonflame|Brave Bird|p2a: Kommo-o\n|-supereffective|p2a: Kommo-o|1\n|-damage|p2a: Kommo-o|0 fnt\n|faint|p2a: Kommo-o\n|-damage|p1a: Talonflame|91/100|[from] Recoil\n|move|p1b: Sylveon|Hyper Voice|p2b: Gengar\n|-resisted|p2b: Gengar|1\n|-damage|p2b: Gengar|54/100\n|move|p2b: Gengar|Sludge Bomb|p1b: Sylveon\n|-supereffective|p1b: Sylveon|1\n|-damage|p1b: Sylveon|6/100\n|\n|upkeep\n|\n|t:|1776402493\n|switch|p2a: Incineroar|Incineroar, L50, F|56/100\n|-ability|p2a: Incineroar|Intimidate|boost\n|-unboost|p1a: Talonflame|atk|1\n|-unboost|p1b: Sylveon|atk|1\n|turn|7\n|inactive|loldiet has 30 seconds left.\n|inactive|loldiet has 20 seconds left.\n|\n|t:|1776402529\n|move|p2a: Incineroar|Fake Out|p1a: Talonflame\n|-damage|p1a: Talonflame|74/100\n|cant|p1a: Talonflame|flinch\n|move|p1b: Sylveon|Hyper Voice|p2b: Gengar|[spread] p2a,p2b\n|-resisted|p2b: Gengar|1\n|-damage|p2a: Incineroar|36/100\n|-damage|p2b: Gengar|36/100\n|-enditem|p2a: Incineroar|Sitrus Berry|[eat]\n|-heal|p2a: Incineroar|60/100|[from] item: Sitrus Berry\n|move|p2b: Gengar|Sludge Bomb|p1b: Sylveon\n|-supereffective|p1b: Sylveon|1\n|-damage|p1b: Sylveon|0 fnt\n|faint|p1b: Sylveon\n|\n|upkeep\n|turn|8\n|\n|t:|1776402552\n|move|p2b: Gengar|Protect|p2b: Gengar\n|-singleturn|p2b: Gengar|Protect\n|move|p1a: Talonflame|Roost|p1a: Talonflame\n|-heal|p1a: Talonflame|100/100\n|-singleturn|p1a: Talonflame|move: Roost\n|move|p2a: Incineroar|Parting Shot|p1a: Talonflame\n|-unboost|p1a: Talonflame|atk|1\n|-unboost|p1a: Talonflame|spa|1\n|\n|-sideend|p1: loldiet|move: Tailwind\n|upkeep\n|turn|9\n|\n|t:|1776402570\n|move|p1a: Talonflame|Brave Bird|p2b: Gengar\n|-damage|p2b: Gengar|0 fnt\n|faint|p2b: Gengar\n|-damage|p1a: Talonflame|90/100|[from] Recoil\n|move|p2a: Incineroar|Flare Blitz|p1a: Talonflame\n|-resisted|p1a: Talonflame|1\n|-damage|p1a: Talonflame|57/100\n|-damage|p2a: Incineroar|52/100|[from] Recoil\n|\n|upkeep\n|turn|10\n|\n|t:|1776402590\n|move|p1a: Talonflame|Roost|p1a: Talonflame\n|-heal|p1a: Talonflame|100/100\n|-singleturn|p1a: Talonflame|move: Roost\n|move|p2a: Incineroar|Parting Shot|p1a: Talonflame\n|-unboost|p1a: Talonflame|atk|1\n|-unboost|p1a: Talonflame|spa|1\n|\n|upkeep\n|turn|11\n|\n|t:|1776402600\n|move|p1a: Talonflame|Brave Bird|p2a: Incineroar\n|-damage|p2a: Incineroar|37/100\n|-damage|p1a: Talonflame|94/100|[from] Recoil\n|move|p2a: Incineroar|Parting Shot|p1a: Talonflame\n|-unboost|p1a: Talonflame|atk|1\n|-unboost|p1a: Talonflame|spa|1\n|\n|upkeep\n|turn|12\n|inactive|loldiet has 30 seconds left.\n|\n|t:|1776402627\n|move|p1a: Talonflame|Brave Bird|p2a: Incineroar\n|-damage|p2a: Incineroar|23/100\n|-damage|p1a: Talonflame|88/100|[from] Recoil\n|move|p2a: Incineroar|Flare Blitz|p1a: Talonflame\n|-resisted|p1a: Talonflame|1\n|-damage|p1a: Talonflame|55/100\n|-damage|p2a: Incineroar|14/100|[from] Recoil\n|\n|upkeep\n|turn|13\n|\n|t:|1776402636\n|move|p2a: Incineroar|Protect|p2a: Incineroar\n|-singleturn|p2a: Incineroar|Protect\n|move|p1a: Talonflame|Roost|p1a: Talonflame\n|-heal|p1a: Talonflame|100/100\n|-singleturn|p1a: Talonflame|move: Roost\n|\n|upkeep\n|turn|14\n|\n|t:|1776402643\n|move|p1a: Talonflame|Brave Bird|p2a: Incineroar\n|-damage|p2a: Incineroar|2/100\n|-damage|p1a: Talonflame|95/100|[from] Recoil\n|move|p2a: Incineroar|Flare Blitz|p1a: Talonflame\n|-resisted|p1a: Talonflame|1\n|-damage|p1a: Talonflame|59/100\n|-damage|p2a: Incineroar|0 fnt|[from] Recoil\n|faint|p2a: Incineroar\n|\n|win|loldiet\n|raw|loldiet's rating: 1099 &rarr; <strong>1117</strong><br />(+18 for winning)\n|raw|Dokja ain&apos;t dead's rating: 1000 &rarr; <strong>1000</strong><br />(+0 for losing)\n|c|\u2606loldiet|i deserve ts bro\n|l|\u2606Dokja ain't dead\n|player|p2|\n|c|\u2606loldiet|ggs\n",
  "uploadtime": 1776402673,
  "views": 38,
  "formatid": "gen9championsvgc2026regma",
  "rating": 1000,
  "private": 0,
  "password": null
}