{
  "id": "gen9championsvgc2026regma-2580907031",
  "format": "[Gen 9 Champions] VGC 2026 Reg M-A",
  "players": [
    "JSA08",
    "stxaz"
  ],
  "log": "|j|\u2606JSA08\n|j|\u2606stxaz\n|t:|1775942290\n|gametype|doubles\n|player|p1|JSA08|jasmine|1000\n|player|p2|stxaz|169|1000\n|gen|9\n|tier|[Gen 9 Champions] VGC 2026 Reg M-A\n|rated|\n|rule|Species Clause: Limit one of each Pok\u00e9mon\n|rule|Item Clause: Limit 1 of each item\n|clearpoke\n|poke|p1|Tyranitar, L50, M|\n|poke|p1|Milotic, L50, F|\n|poke|p1|Sinistcha, L50|\n|poke|p1|Sneasler, L50, M|\n|poke|p1|Kommo-o, L50, F|\n|poke|p1|Clefable, L50, F|\n|poke|p2|Charizard, L50, M|\n|poke|p2|Rotom-Heat, L50|\n|poke|p2|Incineroar, L50, M|\n|poke|p2|Aegislash, L50, F|\n|poke|p2|Ceruledge, L50, M|\n|poke|p2|Bellibolt, L50, F|\n|teampreview|4\n|\n|t:|1775942337\n|teamsize|p1|4\n|teamsize|p2|4\n|start\n|switch|p1a: Milotic|Milotic, L50, F|100/100\n|switch|p1b: Tyranitar|Tyranitar, L50, M|100/100\n|switch|p2a: Charizard|Charizard, L50, M|100/100\n|switch|p2b: Rotom|Rotom-Heat, L50|100/100\n|-weather|Sandstorm|[from] ability: Sand Stream|[of] p1b: Tyranitar\n|turn|1\n|inactive|Battle timer is ON: inactive players will automatically lose when time's up. (requested by JSA08)\n|\n|t:|1775942347\n|detailschange|p2a: Charizard|Charizard-Mega-Y, L50, M\n|-mega|p2a: Charizard|Charizard|Charizardite Y\n|-weather|SunnyDay|[from] ability: Drought|[of] p2a: Charizard\n|detailschange|p1b: Tyranitar|Tyranitar-Mega, L50, M\n|-mega|p1b: Tyranitar|Tyranitar|Tyranitarite\n|-weather|Sandstorm|[from] ability: Sand Stream|[of] p1b: Tyranitar\n|move|p2a: Charizard|Heat Wave|p1a: Milotic|[spread] p1a,p1b\n|-resisted|p1a: Milotic|1\n|-resisted|p1b: Tyranitar|1\n|-damage|p1a: Milotic|81/100\n|-damage|p1b: Tyranitar|89/100\n|-status|p1a: Milotic|brn\n|move|p2b: Rotom|Thunderbolt|p1a: Milotic\n|-supereffective|p1a: Milotic|1\n|-damage|p1a: Milotic|16/100 brn\n|move|p1a: Milotic|Icy Wind|p2b: Rotom|[spread] p2a\n|-miss|p1a: Milotic|p2b: Rotom\n|-damage|p2a: Charizard|88/100\n|-unboost|p2a: Charizard|spe|1\n|move|p1b: Tyranitar|Dragon Dance|p1b: Tyranitar\n|-boost|p1b: Tyranitar|atk|1\n|-boost|p1b: Tyranitar|spe|1\n|\n|-weather|Sandstorm|[upkeep]\n|-damage|p2b: Rotom|95/100|[from] Sandstorm\n|-damage|p2a: Charizard|82/100|[from] Sandstorm\n|-damage|p1a: Milotic|10/100 brn|[from] Sandstorm\n|-heal|p1a: Milotic|16/100 brn|[from] item: Leftovers\n|-damage|p1a: Milotic|10/100 brn|[from] brn\n|upkeep\n|turn|2\n|inactive|stxaz has 30 seconds left.\n|\n|t:|1775942381\n|move|p1a: Milotic|Protect|p1a: Milotic\n|-singleturn|p1a: Milotic|Protect\n|move|p1b: Tyranitar|Stone Edge|p2b: Rotom|[miss]\n|-miss|p1b: Tyranitar|p2b: Rotom\n|move|p2b: Rotom|Shadow Ball|p1a: Milotic\n|-activate|p1a: Milotic|move: Protect\n|move|p2a: Charizard|Weather Ball|p1b: Tyranitar\n|-damage|p1b: Tyranitar|66/100\n|\n|-weather|Sandstorm|[upkeep]\n|-damage|p2b: Rotom|89/100|[from] Sandstorm\n|-damage|p1a: Milotic|4/100 brn|[from] Sandstorm\n|-damage|p2a: Charizard|76/100|[from] Sandstorm\n|-heal|p1a: Milotic|10/100 brn|[from] item: Leftovers\n|-damage|p1a: Milotic|4/100 brn|[from] brn\n|upkeep\n|turn|3\n|\n|t:|1775942400\n|move|p1b: Tyranitar|Stone Edge|p2a: Charizard\n|-supereffective|p2a: Charizard|2\n|-damage|p2a: Charizard|0 fnt\n|faint|p2a: Charizard\n|move|p2b: Rotom|Shadow Ball|p1a: Milotic\n|-damage|p1a: Milotic|0 fnt\n|faint|p1a: Milotic\n|\n|-weather|Sandstorm|[upkeep]\n|-damage|p2b: Rotom|84/100|[from] Sandstorm\n|upkeep\n|\n|t:|1775942410\n|switch|p2a: Bellibolt|Bellibolt, L50, F|100/100\n|switch|p1a: Sinistcha|Sinistcha, L50|100/100\n|-heal|p1b: Tyranitar|90/100|[from] ability: Hospitality|[of] p1a: Sinistcha\n|turn|4\n|\n|t:|1775942420\n|move|p1a: Sinistcha|Protect|p1a: Sinistcha\n|-singleturn|p1a: Sinistcha|Protect\n|move|p1b: Tyranitar|Stone Edge|p2b: Rotom\n|-supereffective|p2b: Rotom|1\n|-enditem|p2b: Rotom|Charti Berry|[eat]\n|-enditem|p2b: Rotom|Charti Berry|[weaken]\n|-damage|p2b: Rotom|0 fnt\n|faint|p2b: Rotom\n|move|p2a: Bellibolt|Soak|p1b: Tyranitar\n|-start|p1b: Tyranitar|typechange|Water\n|\n|-weather|Sandstorm|[upkeep]\n|-damage|p1b: Tyranitar|85/100|[from] Sandstorm\n|-damage|p1a: Sinistcha|94/100|[from] Sandstorm\n|-damage|p2a: Bellibolt|94/100|[from] Sandstorm\n|-heal|p2a: Bellibolt|100/100|[from] item: Leftovers\n|upkeep\n|\n|t:|1775942429\n|switch|p2b: Ceruledge|Ceruledge, L50, M|100/100\n|turn|5\n|\n|t:|1775942435\n|move|p1a: Sinistcha|Rage Powder|p1a: Sinistcha\n|-singleturn|p1a: Sinistcha|move: Rage Powder\n|move|p2b: Ceruledge|Bitter Blade|p1a: Sinistcha\n|-supereffective|p1a: Sinistcha|1\n|-damage|p1a: Sinistcha|22/100\n|-enditem|p1a: Sinistcha|Sitrus Berry|[eat]\n|-heal|p1a: Sinistcha|47/100|[from] item: Sitrus Berry\n|move|p1b: Tyranitar|Knock Off|p2b: Ceruledge\n|-supereffective|p2b: Ceruledge|1\n|-enditem|p2b: Ceruledge|Focus Sash\n|-damage|p2b: Ceruledge|1/100\n|-ability|p2b: Ceruledge|Weak Armor|boost\n|-unboost|p2b: Ceruledge|def|1\n|-boost|p2b: Ceruledge|spe|2\n|move|p2a: Bellibolt|Parabolic Charge|p1b: Tyranitar|[spread] p2b,p1a,p1b\n|-resisted|p1a: Sinistcha|1\n|-supereffective|p1b: Tyranitar|1\n|-damage|p2b: Ceruledge|0 fnt\n|-damage|p1a: Sinistcha|37/100\n|-damage|p1b: Tyranitar|52/100\n|faint|p2b: Ceruledge\n|\n|-weather|none\n|upkeep\n|turn|6\n|\n|t:|1775942447\n|move|p2a: Bellibolt|Sucker Punch|p1a: Sinistcha\n|-supereffective|p1a: Sinistcha|1\n|-damage|p1a: Sinistcha|18/100\n|move|p1b: Tyranitar|Knock Off|p2a: Bellibolt\n|-damage|p2a: Bellibolt|48/100\n|-start|p2a: Bellibolt|Charge|Knock Off|[from] ability: Electromorphosis\n|-enditem|p2a: Bellibolt|Leftovers|[from] move: Knock Off|[of] p1b: Tyranitar\n|move|p1a: Sinistcha|Matcha Gotcha|p2a: Bellibolt\n|-damage|p2a: Bellibolt|16/100\n|-heal|p1a: Sinistcha|38/100|[from] drain|[of] p2a: Bellibolt\n|-start|p2a: Bellibolt|Charge|Matcha Gotcha|[from] ability: Electromorphosis\n|\n|upkeep\n|turn|7\n|\n|t:|1775942451\n|move|p1a: Sinistcha|Rage Powder|p1a: Sinistcha\n|-singleturn|p1a: Sinistcha|move: Rage Powder\n|move|p1b: Tyranitar|Knock Off|p2a: Bellibolt\n|-damage|p2a: Bellibolt|0 fnt\n|faint|p2a: Bellibolt\n|\n|win|JSA08\n|raw|JSA08's rating: 1000 &rarr; <strong>1040</strong><br />(+40 for winning)\n|raw|stxaz's rating: 1000 &rarr; <strong>1000</strong><br />(+0 for losing)\n",
  "uploadtime": 1775942454,
  "views": 22,
  "formatid": "gen9championsvgc2026regma",
  "rating": 1000,
  "private": 0,
  "password": null
}