{
  "id": "gen9championsvgc2026regma-2584035557",
  "format": "[Gen 9 Champions] VGC 2026 Reg M-A",
  "players": [
    "savemelivie",
    "Gmeese34"
  ],
  "log": "|j|\u2606savemelivie\n|j|\u2606Gmeese34\n|t:|1776218820\n|gametype|doubles\n|player|p1|savemelivie|swimmerf-gen4|1077\n|player|p2|Gmeese34|102|1133\n|gen|9\n|tier|[Gen 9 Champions] VGC 2026 Reg M-A\n|rated|\n|rule|Species Clause: Limit one of each Pok\u00e9mon\n|rule|Item Clause: Limit 1 of each item\n|clearpoke\n|poke|p1|Gardevoir, L50, F|\n|poke|p1|Milotic, L50, F|\n|poke|p1|Whimsicott, L50, F|\n|poke|p1|Volcarona, L50, F|\n|poke|p1|Espathra, L50, F|\n|poke|p1|Ninetales, L50, F|\n|poke|p2|Delphox, L50, F|\n|poke|p2|Whimsicott, L50, F|\n|poke|p2|Garchomp, L50, F|\n|poke|p2|Incineroar, L50, M|\n|poke|p2|Milotic, L50, F|\n|poke|p2|Kingambit, L50, F|\n|teampreview|4\n|inactive|Battle timer is ON: inactive players will automatically lose when time's up. (requested by Gmeese34)\n|\n|t:|1776218847\n|teamsize|p1|4\n|teamsize|p2|4\n|start\n|switch|p1a: Espathra|Espathra, L50, F|100/100\n|switch|p1b: Whimsicott|Whimsicott, L50, F|100/100\n|switch|p2a: Delphox|Delphox, L50, F|100/100\n|switch|p2b: Whimsicott|Whimsicott, L50, F|100/100\n|turn|1\n|inactive|savemelivie has 30 seconds left.\n|\n|t:|1776218877\n|detailschange|p2a: Delphox|Delphox-Mega, L50, F\n|-mega|p2a: Delphox|Delphox|Delphoxite\n|move|p2b: Whimsicott|Tailwind|p2b: Whimsicott\n|-sidestart|p2: Gmeese34|move: Tailwind\n|move|p1b: Whimsicott|Tailwind|p1b: Whimsicott\n|-sidestart|p1: savemelivie|move: Tailwind\n|move|p2a: Delphox|Heat Wave|p1b: Whimsicott|[spread] p1a,p1b\n|-supereffective|p1b: Whimsicott|1\n|-enditem|p1b: Whimsicott|Occa Berry|[eat]\n|-enditem|p1b: Whimsicott|Occa Berry|[weaken]\n|-damage|p1a: Espathra|33/100\n|-damage|p1b: Whimsicott|30/100\n|move|p1a: Espathra|Calm Mind|p1a: Espathra\n|-boost|p1a: Espathra|spa|1\n|-boost|p1a: Espathra|spd|1\n|\n|-ability|p1a: Espathra|Speed Boost|boost\n|-boost|p1a: Espathra|spe|1\n|upkeep\n|turn|2\n|inactive|savemelivie has 30 seconds left.\n|\n|t:|1776218908\n|move|p2b: Whimsicott|Encore|p1b: Whimsicott\n|-start|p1b: Whimsicott|Encore\n|move|p1b: Whimsicott|Tailwind||[still]\n|-fail|p1b: Whimsicott\n|move|p1a: Espathra|Baton Pass|p1a: Espathra\n|\n|t:|1776218914\n|switch|p1a: Duchess|Gardevoir, L50, F|100/100|[from] Baton Pass\n|move|p2a: Delphox|Heat Wave|p1a: Duchess|[spread] p1a,p1b\n|-supereffective|p1b: Whimsicott|1\n|-damage|p1a: Duchess|67/100\n|-damage|p1b: Whimsicott|0 fnt\n|faint|p1b: Whimsicott\n|\n|upkeep\n|\n|t:|1776218923\n|switch|p1b: Milotic|Milotic, L50, F|100/100\n|turn|3\n|inactive|Gmeese34 has 30 seconds left.\n|inactive|Gmeese34 has 20 seconds left.\n|inactive|Gmeese34 has 15 seconds left.\n|inactive|Gmeese34 has 10 seconds left.\n|\n|t:|1776218972\n|detailschange|p1a: Duchess|Gardevoir-Mega, L50, F\n|-mega|p1a: Duchess|Gardevoir|Gardevoirite\n|move|p1b: Milotic|Helping Hand|p1a: Duchess\n|-singleturn|p1a: Duchess|Helping Hand|[of] p1b: Milotic\n|move|p1a: Duchess|Hyper Voice|p2b: Whimsicott|[spread] p2a,p2b\n|-resisted|p2a: Delphox|1\n|-damage|p2a: Delphox|48/100\n|-enditem|p2b: Whimsicott|Focus Sash\n|-damage|p2b: Whimsicott|1/100\n|move|p2a: Delphox|Substitute|p2a: Delphox\n|-start|p2a: Delphox|Substitute\n|-damage|p2a: Delphox|24/100\n|move|p2b: Whimsicott|Moonblast|p1a: Duchess\n|-damage|p1a: Duchess|46/100\n|\n|upkeep\n|turn|4\n|\n|t:|1776218995\n|move|p2b: Whimsicott|Protect|p2b: Whimsicott\n|-singleturn|p2b: Whimsicott|Protect\n|move|p1a: Duchess|Hyper Voice|p2b: Whimsicott|[spread] p2a\n|-activate|p2b: Whimsicott|move: Protect\n|-resisted|p2a: Delphox|1\n|-damage|p2a: Delphox|0 fnt\n|faint|p2a: Delphox\n|move|p1b: Milotic|Life Dew||[still]|[spread] p1a,p1b\n|-heal|p1a: Duchess|71/100\n|-fail|p1b: Milotic|heal\n|\n|-sideend|p2: Gmeese34|move: Tailwind\n|-sideend|p1: savemelivie|move: Tailwind\n|upkeep\n|\n|t:|1776219010\n|switch|p2a: Milotic|Milotic, L50, F|100/100\n|turn|5\n|\n|t:|1776219018\n|move|p1b: Milotic|Helping Hand|p1a: Duchess\n|-singleturn|p1a: Duchess|Helping Hand|[of] p1b: Milotic\n|move|p2b: Whimsicott|Tailwind|p2b: Whimsicott\n|-sidestart|p2: Gmeese34|move: Tailwind\n|move|p1a: Duchess|Hyper Voice|p2b: Whimsicott|[spread] p2a,p2b\n|-crit|p2a: Milotic\n|-damage|p2a: Milotic|0 fnt\n|-damage|p2b: Whimsicott|0 fnt\n|faint|p2a: Milotic\n|faint|p2b: Whimsicott\n|\n|upkeep\n|-message|Gmeese34 forfeited.\n|\n|win|savemelivie\n|raw|savemelivie's rating: 1077 &rarr; <strong>1110</strong><br />(+33 for winning)\n|raw|Gmeese34's rating: 1133 &rarr; <strong>1104</strong><br />(-29 for losing)\n|l|\u2606Gmeese34\n|player|p2|\n",
  "uploadtime": 1776219033,
  "views": 18,
  "formatid": "gen9championsvgc2026regma",
  "rating": 1104,
  "private": 0,
  "password": null
}