{
  "id": "gen9championsvgc2026regma-2581102294",
  "format": "[Gen 9 Champions] VGC 2026 Reg M-A",
  "players": [
    "hunterbarber",
    "Gallon of poo"
  ],
  "log": "|j|\u2606hunterbarber\n|j|\u2606Gallon of poo\n|t:|1775960054\n|gametype|doubles\n|player|p1|hunterbarber|170|1186\n|player|p2|Gallon of poo|ghetsis|1193\n|gen|9\n|tier|[Gen 9 Champions] VGC 2026 Reg M-A\n|rated|\n|rule|Species Clause: Limit one of each Pok\u00e9mon\n|rule|Item Clause: Limit 1 of each item\n|clearpoke\n|poke|p1|Gardevoir, L50, F|\n|poke|p1|Garchomp, L50, M|\n|poke|p1|Rotom-Wash, L50|\n|poke|p1|Zoroark-Hisui, L50, F|\n|poke|p1|Glimmora, L50, M|\n|poke|p1|Orthworm, L50, F|\n|poke|p2|Drampa, L50, M|\n|poke|p2|Oranguru, L50, M|\n|poke|p2|Palafin, L50, M|\n|poke|p2|Talonflame, L50, M|\n|poke|p2|Vanilluxe, L50, F|\n|poke|p2|Aggron, L50, M|\n|teampreview|4\n|inactive|Battle timer is ON: inactive players will automatically lose when time's up. (requested by hunterbarber)\n|\n|t:|1775960097\n|teamsize|p1|4\n|teamsize|p2|4\n|start\n|switch|p1a: Garchomp|Garchomp, L50, M|100/100\n|switch|p1b: Rotom|Rotom-Wash, L50|100/100\n|switch|p2a: Talonflame|Talonflame, L50, M|100/100\n|switch|p2b: Palafin|Palafin, L50, M|100/100\n|turn|1\n|\n|t:|1775960118\n|detailschange|p2b: Palafin|Palafin-Hero, L50, M\n|switch|p2b: Pavillion|Vanilluxe, L50, F|100/100\n|-weather|Snowscape|[from] ability: Snow Warning|[of] p2b: Pavillion\n|move|p2a: Talonflame|Tailwind|p2a: Talonflame\n|-sidestart|p2: Gallon of poo|move: Tailwind\n|move|p1a: Garchomp|Rock Tomb|p2a: Talonflame\n|-supereffective|p2a: Talonflame|2\n|-damage|p2a: Talonflame|0 fnt\n|faint|p2a: Talonflame\n|move|p1b: Rotom|Discharge|p2b: Pavillion|[spread] p2b\n|-immune|p1a: Garchomp\n|-damage|p2b: Pavillion|60/100\n|\n|-weather|Snowscape|[upkeep]\n|upkeep\n|inactive|Gallon of poo has 30 seconds left.\n|l|\u2606Gallon of poo\n|inactive|Gallon of poo disconnected and has a minute to reconnect!\n|player|p2|\n|inactive|Gallon of poo has 20 seconds left.\n|inactive|Gallon of poo has 15 seconds left.\n|j|\u2606Gallon of poo\n|inactive|Gallon of poo reconnected and has 15 seconds left.\n|player|p2|Gallon of poo|ghetsis|\n|inactive|Gallon of poo has 10 seconds left.\n|\n|t:|1775960167\n|switch|p2a: Roro|Aggron, L50, M|100/100\n|turn|2\n|\n|t:|1775960186\n|switch|p1a: Glimmora|Glimmora, L50, M|100/100\n|detailschange|p2a: Roro|Aggron-Mega, L50, M\n|-mega|p2a: Roro|Aggron|Aggronite\n|move|p2b: Pavillion|Blizzard|p1a: Glimmora|[spread] p1a,p1b\n|-resisted|p1b: Rotom|1\n|-damage|p1a: Glimmora|50/100\n|-damage|p1b: Rotom|83/100\n|move|p2a: Roro|Body Press|p1b: Rotom\n|-damage|p1b: Rotom|36/100\n|move|p1b: Rotom|Will-O-Wisp|p2a: Roro|[miss]\n|-miss|p1b: Rotom|p2a: Roro\n|\n|-weather|Snowscape|[upkeep]\n|upkeep\n|turn|3\n|\n|t:|1775960207\n|move|p1a: Glimmora|Protect|p1a: Glimmora\n|-singleturn|p1a: Glimmora|Protect\n|move|p1b: Rotom|Protect|p1b: Rotom\n|-singleturn|p1b: Rotom|Protect\n|move|p2b: Pavillion|Blizzard|p1b: Rotom|[spread] \n|-activate|p1a: Glimmora|move: Protect\n|-activate|p1b: Rotom|move: Protect\n|move|p2a: Roro|Body Press|p1b: Rotom\n|-activate|p1b: Rotom|move: Protect\n|\n|-weather|Snowscape|[upkeep]\n|upkeep\n|turn|4\n|inactive|hunterbarber has 30 seconds left.\n|\n|t:|1775960237\n|detailschange|p1a: Glimmora|Glimmora-Mega, L50, M\n|-mega|p1a: Glimmora|Glimmora|Glimmoranite\n|move|p2b: Pavillion|Blizzard|p1b: Rotom|[spread] p1a,p1b\n|-resisted|p1b: Rotom|1\n|-damage|p1a: Glimmora|2/100\n|-damage|p1b: Rotom|19/100\n|move|p2a: Roro|Body Press|p1b: Rotom\n|-damage|p1b: Rotom|0 fnt\n|faint|p1b: Rotom\n|move|p1a: Glimmora|Power Gem|p2b: Pavillion\n|-supereffective|p2b: Pavillion|1\n|-damage|p2b: Pavillion|0 fnt\n|faint|p2b: Pavillion\n|\n|-weather|Snowscape|[upkeep]\n|-sideend|p2: Gallon of poo|move: Tailwind\n|upkeep\n|\n|t:|1775960257\n|switch|p2b: Palafin|Palafin-Hero, L50, M|100/100\n|switch|p1b: Garchomp|Garchomp, L50, M|100/100\n|-activate|p2b: Palafin|ability: Zero to Hero\n|turn|5\n|\n|t:|1775960276\n|switch|p1a: Orthworm|Orthworm, L50, F|100/100\n|move|p2b: Palafin|Wave Crash|p1b: Garchomp\n|-damage|p1b: Garchomp|23/100\n|-damage|p2b: Palafin|88/100|[from] ability: Rough Skin|[of] p1b: Garchomp\n|-damage|p2b: Palafin|57/100|[from] Recoil\n|move|p1b: Garchomp|Earthquake|p2a: Roro|[spread] p2a,p2b\n|-immune|p1a: Orthworm|[from] ability: Earth Eater\n|-supereffective|p2a: Roro|1\n|-damage|p2a: Roro|77/100\n|-damage|p2b: Palafin|21/100\n|move|p2a: Roro|Iron Defense|p2a: Roro\n|-boost|p2a: Roro|def|2\n|\n|-weather|none\n|upkeep\n|turn|6\n|\n|t:|1775960300\n|move|p2b: Palafin|Protect|p2b: Palafin\n|-singleturn|p2b: Palafin|Protect\n|move|p1b: Garchomp|Earthquake|p2b: Palafin|[spread] p2a\n|-activate|p2b: Palafin|move: Protect\n|-immune|p1a: Orthworm|[from] ability: Earth Eater\n|-supereffective|p2a: Roro|1\n|-damage|p2a: Roro|65/100\n|move|p1a: Orthworm|Shed Tail|p1a: Orthworm\n|-start|p1a: Orthworm|Substitute|[from] move: Shed Tail\n|-damage|p1a: Orthworm|50/100\n|-enditem|p1a: Orthworm|Sitrus Berry|[eat]\n|-heal|p1a: Orthworm|75/100|[from] item: Sitrus Berry\n|\n|t:|1775960312\n|switch|p1a: Glimmora|Glimmora-Mega, L50, M|2/100|[from] Shed Tail\n|move|p2a: Roro|Body Press|p1a: Glimmora\n|-end|p1a: Glimmora|Substitute\n|\n|upkeep\n|turn|7\n|\n|t:|1775960329\n|move|p2b: Palafin|Jet Punch|p1b: Garchomp\n|-damage|p1b: Garchomp|0 fnt\n|-damage|p2b: Palafin|8/100|[from] ability: Rough Skin|[of] p1b: Garchomp\n|faint|p1b: Garchomp\n|move|p1a: Glimmora|Power Gem|p2a: Roro\n|-resisted|p2a: Roro|1\n|-damage|p2a: Roro|13/100\n|move|p2a: Roro|Body Press|p1a: Glimmora\n|-damage|p1a: Glimmora|0 fnt\n|faint|p1a: Glimmora\n|\n|upkeep\n|\n|t:|1775960340\n|switch|p1b: Orthworm|Orthworm, L50, F|75/100\n|turn|8\n|\n|t:|1775960348\n|move|p2b: Palafin|Close Combat|p1b: Orthworm\n|-supereffective|p1b: Orthworm|1\n|-damage|p1b: Orthworm|16/100\n|-unboost|p2b: Palafin|def|1\n|-unboost|p2b: Palafin|spd|1\n|move|p1b: Orthworm|Body Press|p2a: Roro\n|-supereffective|p2a: Roro|1\n|-damage|p2a: Roro|1/100\n|move|p2a: Roro|Body Press|p1b: Orthworm\n|-supereffective|p1b: Orthworm|1\n|-crit|p1b: Orthworm\n|-damage|p1b: Orthworm|0 fnt\n|faint|p1b: Orthworm\n|\n|win|Gallon of poo\n|raw|hunterbarber's rating: 1186 &rarr; <strong>1162</strong><br />(-24 for losing)\n|raw|Gallon of poo's rating: 1193 &rarr; <strong>1217</strong><br />(+24 for winning)\n|l|\u2606hunterbarber\n|player|p1|\n|c|\u2606Gallon of poo|Gg\n",
  "uploadtime": 1775960352,
  "views": 19,
  "formatid": "gen9championsvgc2026regma",
  "rating": 1162,
  "private": 0,
  "password": null
}