{
  "id": "gen9championsvgc2026regma-2587734976",
  "format": "[Gen 9 Champions] VGC 2026 Reg M-A",
  "players": [
    "greetathunberg",
    "KilamanolaVGC"
  ],
  "log": "|j|\u2606greetathunberg\n|j|\u203dKilamanolaVGC\n|t:|1776558696\n|gametype|doubles\n|player|p1|greetathunberg|169|1322\n|player|p2|KilamanolaVGC|benga|1308\n|gen|9\n|tier|[Gen 9 Champions] VGC 2026 Reg M-A\n|rated|\n|rule|Species Clause: Limit one of each Pok\u00e9mon\n|rule|Item Clause: Limit 1 of each item\n|clearpoke\n|poke|p1|Tyranitar, L50, M|\n|poke|p1|Incineroar, L50, M|\n|poke|p1|Excadrill, L50, F|\n|poke|p1|Farigiraf, L50, F|\n|poke|p1|Dragapult, L50, M|\n|poke|p1|Sneasler, L50, M|\n|poke|p2|Scovillain, L50, M, shiny|\n|poke|p2|Sneasler, L50, M, shiny|\n|poke|p2|Pelipper, L50, M, shiny|\n|poke|p2|Basculegion, L50, M|\n|poke|p2|Aerodactyl, L50, M, shiny|\n|poke|p2|Archaludon, L50, F, shiny|\n|teampreview|4\n|inactive|Battle timer is ON: inactive players will automatically lose when time's up. (requested by KilamanolaVGC)\nKilamanolaVGC has agreed to open team sheets.\n|inactive|KilamanolaVGC has 60 seconds left.\n|inactive|KilamanolaVGC has 30 seconds left.\ngreetathunberg rejected open team sheets.\n|inactive|KilamanolaVGC has 20 seconds left.\n|\n|t:|1776558770\n|teamsize|p1|4\n|teamsize|p2|4\n|start\n|switch|p1a: Tyranitar|Tyranitar, L50, M|100/100\n|switch|p1b: Excadrill|Excadrill, L50, F|100/100\n|switch|p2a: Scovillain|Scovillain, L50, M, shiny|100/100\n|switch|p2b: Basculegion|Basculegion, L50, M|100/100\n|-weather|Sandstorm|[from] ability: Sand Stream|[of] p1a: Tyranitar\n|turn|1\n|inactive|greetathunberg has 30 seconds left.\n|inactive|greetathunberg has 20 seconds left.\n|inactive|KilamanolaVGC has 30 seconds left.\n|inactive|greetathunberg has 15 seconds left.\n|inactive|greetathunberg has 10 seconds left.\n|\n|t:|1776558820\n|switch|p2b: Archaludon|Archaludon, L50, F, shiny|100/100\n|detailschange|p2a: Scovillain|Scovillain-Mega, L50, M, shiny\n|-mega|p2a: Scovillain|Scovillain|Scovillainite\n|detailschange|p1a: Tyranitar|Tyranitar-Mega, L50, M\n|-mega|p1a: Tyranitar|Tyranitar|Tyranitarite\n|move|p1b: Excadrill|Rock Slide|p2a: Scovillain|[spread] p2a,p2b\n|-supereffective|p2a: Scovillain|1\n|-resisted|p2b: Archaludon|1\n|-damage|p2a: Scovillain|59/100\n|-damage|p2b: Archaludon|92/100\n|-status|p1b: Excadrill|brn|[from] ability: Spicy Spray|[of] p2a: Scovillain\n|move|p1a: Tyranitar|Dragon Dance|p1a: Tyranitar\n|-boost|p1a: Tyranitar|atk|1\n|-boost|p1a: Tyranitar|spe|1\n|move|p2a: Scovillain|Leech Seed|p1a: Tyranitar\n|-start|p1a: Tyranitar|move: Leech Seed\n|\n|-weather|Sandstorm|[upkeep]\n|-damage|p2a: Scovillain|53/100|[from] Sandstorm\n|-damage|p1a: Tyranitar|88/100|[from] Leech Seed|[of] p2a: Scovillain\n|-heal|p2a: Scovillain|67/100|[silent]\n|-damage|p1b: Excadrill|95/100 brn|[from] brn\n|upkeep\n|turn|2\n|inactive|KilamanolaVGC has 30 seconds left.\n|\n|t:|1776558847\n|move|p1a: Tyranitar|Protect|p1a: Tyranitar\n|-singleturn|p1a: Tyranitar|Protect\n|move|p2a: Scovillain|Protect|p2a: Scovillain\n|-singleturn|p2a: Scovillain|Protect\n|move|p1b: Excadrill|Earthquake|p2a: Scovillain|[spread] p2b\n|-activate|p1a: Tyranitar|move: Protect\n|-activate|p2a: Scovillain|move: Protect\n|-supereffective|p2b: Archaludon|1\n|-damage|p2b: Archaludon|57/100\n|move|p2b: Archaludon|Flash Cannon|p1a: Tyranitar\n|-activate|p1a: Tyranitar|move: Protect\n|\n|-weather|Sandstorm|[upkeep]\n|-damage|p2a: Scovillain|62/100|[from] Sandstorm\n|-damage|p1a: Tyranitar|76/100|[from] Leech Seed|[of] p2a: Scovillain\n|-heal|p2a: Scovillain|76/100|[silent]\n|-damage|p1b: Excadrill|89/100 brn|[from] brn\n|upkeep\n|turn|3\n|\n|t:|1776558867\n|switch|p2a: Pelipper|Pelipper, L50, M, shiny|100/100\n|-weather|RainDance|[from] ability: Drizzle|[of] p2a: Pelipper\n|move|p2b: Archaludon|Flash Cannon|p1a: Tyranitar\n|-supereffective|p1a: Tyranitar|1\n|-damage|p1a: Tyranitar|27/100\n|move|p1b: Excadrill|Throat Chop|p2a: Pelipper\n|-damage|p2a: Pelipper|87/100\n|-start|p2a: Pelipper|Throat Chop|[silent]\n|move|p1a: Tyranitar|Knock Off|p2b: Archaludon\n|-damage|p2b: Archaludon|0 fnt\n|-enditem|p2b: Archaludon|Choice Scarf|[from] move: Knock Off|[of] p1a: Tyranitar\n|faint|p2b: Archaludon\n|\n|-weather|RainDance|[upkeep]\n|-damage|p1a: Tyranitar|15/100|[from] Leech Seed|[of] p2a: Pelipper\n|-heal|p2a: Pelipper|100/100|[silent]\n|-damage|p1b: Excadrill|83/100 brn|[from] brn\n|upkeep\n|\n|t:|1776558885\n|switch|p2b: Basculegion|Basculegion, L50, M|100/100\n|turn|4\n|\n|t:|1776558900\n|switch|p1a: Farigiraf|Farigiraf, L50, F|100/100\n|move|p2b: Basculegion|Liquidation|p1b: Excadrill\n|-supereffective|p1b: Excadrill|1\n|-damage|p1b: Excadrill|0 fnt\n|faint|p1b: Excadrill\n|move|p2a: Pelipper|Weather Ball|p1a: Farigiraf\n|-damage|p1a: Farigiraf|38/100\n|\n|-weather|RainDance|[upkeep]\n|-end|p2a: Pelipper|Throat Chop|[silent]\n|upkeep\n|\n|t:|1776558904\n|switch|p1b: Dragapult|Dragapult, L50, M|100/100\n|turn|5\n|inactive|greetathunberg has 30 seconds left.\n|\n|t:|1776558933\n|switch|p2a: Scovillain|Scovillain-Mega, L50, M, shiny|76/100\n|switch|p1a: Tyranitar|Tyranitar-Mega, L50, M|15/100\n|-weather|Sandstorm|[from] ability: Sand Stream|[of] p1a: Tyranitar\n|move|p1b: Dragapult|Thunderbolt|p2b: Basculegion\n|-supereffective|p2b: Basculegion|1\n|-damage|p2b: Basculegion|41/100\n|move|p2b: Basculegion|Liquidation|p1a: Tyranitar\n|-supereffective|p1a: Tyranitar|1\n|-damage|p1a: Tyranitar|0 fnt\n|faint|p1a: Tyranitar\n|\n|-weather|Sandstorm|[upkeep]\n|-damage|p1b: Dragapult|94/100|[from] Sandstorm\n|-damage|p2b: Basculegion|35/100|[from] Sandstorm\n|-damage|p2a: Scovillain|70/100|[from] Sandstorm\n|upkeep\n|\n|t:|1776558941\n|switch|p1a: Farigiraf|Farigiraf, L50, F|38/100\n|turn|6\n|\n|t:|1776558964\n|switch|p2a: Pelipper|Pelipper, L50, M, shiny|100/100\n|-weather|RainDance|[from] ability: Drizzle|[of] p2a: Pelipper\n|move|p2b: Basculegion|Last Respects|p1b: Dragapult\n|-supereffective|p1b: Dragapult|1\n|-damage|p1b: Dragapult|0 fnt\n|faint|p1b: Dragapult\n|move|p1a: Farigiraf|Trick Room|p1a: Farigiraf\n|-fieldstart|move: Trick Room|[of] p1a: Farigiraf\n|\n|-weather|RainDance|[upkeep]\n|upkeep\n|turn|7\n|\n|t:|1776558976\n|switch|p2b: Scovillain|Scovillain-Mega, L50, M, shiny|70/100\n|move|p1a: Farigiraf|Psychic|p2b: Scovillain\n|-damage|p2b: Scovillain|24/100\n|-status|p1a: Farigiraf|brn|[from] ability: Spicy Spray|[of] p2b: Scovillain\n|move|p2a: Pelipper|Weather Ball|p1a: Farigiraf\n|-damage|p1a: Farigiraf|0 fnt\n|faint|p1a: Farigiraf\n|\n|win|KilamanolaVGC\n|raw|greetathunberg's rating: 1322 &rarr; <strong>1301</strong><br />(-21 for losing)\n|raw|KilamanolaVGC's rating: 1308 &rarr; <strong>1329</strong><br />(+21 for winning)\n|l|\u2606greetathunberg\n|player|p1|\n",
  "uploadtime": 1776558996,
  "views": 21,
  "formatid": "gen9championsvgc2026regma",
  "rating": 1301,
  "private": 0,
  "password": null
}