{
  "id": "gen9championsvgc2026regma-2585002331",
  "format": "[Gen 9 Champions] VGC 2026 Reg M-A",
  "players": [
    "JoyBoy311",
    "Skadoty"
  ],
  "log": "|j|\u2606JoyBoy311\n|j|\u2606Skadoty\n|t:|1776302304\n|gametype|doubles\n|player|p1|JoyBoy311|266|1325\n|player|p2|Skadoty|101|1446\n|gen|9\n|tier|[Gen 9 Champions] VGC 2026 Reg M-A\n|rated|\n|rule|Species Clause: Limit one of each Pok\u00e9mon\n|rule|Item Clause: Limit 1 of each item\n|clearpoke\n|poke|p1|Kingambit, L50, M|\n|poke|p1|Gengar, L50, F|\n|poke|p1|Aerodactyl, L50, F|\n|poke|p1|Incineroar, L50, M|\n|poke|p1|Garchomp, L50, M|\n|poke|p1|Sneasler, L50, M|\n|poke|p2|Hydreigon, L50, F|\n|poke|p2|Farigiraf, L50, F|\n|poke|p2|Torkoal, L50, M|\n|poke|p2|Crabominable, L50, F|\n|poke|p2|Kingambit, L50, M|\n|poke|p2|Armarouge, L50, F|\n|teampreview|4\n|inactive|Battle timer is ON: inactive players will automatically lose when time's up. (requested by Skadoty)\n|inactive|JoyBoy311 has 60 seconds left.\n|inactive|JoyBoy311 has 30 seconds left.\n|inactive|JoyBoy311 has 20 seconds left.\n|inactive|JoyBoy311 has 15 seconds left.\n|inactive|JoyBoy311 has 10 seconds left.\n|inactive|JoyBoy311 has 5 seconds left.\n|\n|t:|1776302413\n|teamsize|p1|4\n|teamsize|p2|4\n|start\n|switch|p1a: Kingambit|Kingambit, L50, M, shiny|100/100\n|switch|p1b: Gengar|Gengar, L50, F, shiny|100/100\n|switch|p2a: Hydreigon|Hydreigon, L50, F|100/100\n|switch|p2b: Armarouge|Armarouge, L50, F|100/100\n|turn|1\n|\n|t:|1776302438\n|switch|p1b: Incineroar|Incineroar, L50, M, shiny|100/100\n|-ability|p1b: Incineroar|Intimidate|boost\n|-unboost|p2a: Hydreigon|atk|1\n|-unboost|p2b: Armarouge|atk|1\n|move|p2a: Hydreigon|Dark Pulse|p1b: Incineroar\n|-resisted|p1b: Incineroar|1\n|-damage|p1b: Incineroar|82/100\n|move|p2b: Armarouge|Armor Cannon|p1a: Kingambit\n|-supereffective|p1a: Kingambit|1\n|-damage|p1a: Kingambit|0 fnt\n|-unboost|p2b: Armarouge|def|1\n|-unboost|p2b: Armarouge|spd|1\n|faint|p1a: Kingambit\n|\n|-heal|p1b: Incineroar|88/100|[from] item: Leftovers\n|upkeep\n|\n|t:|1776302452\n|switch|p1a: Aerodactyl|Aerodactyl, L50, F, shiny|100/100\n|-ability|p1a: Aerodactyl|Unnerve\n|turn|2\n|\n|t:|1776302476\n|move|p1a: Aerodactyl|Rock Slide|p2a: Hydreigon|[spread] p2a,p2b\n|-supereffective|p2b: Armarouge|1\n|-damage|p2a: Hydreigon|73/100\n|-damage|p2b: Armarouge|30/100\n|move|p2a: Hydreigon|Draco Meteor|p1b: Incineroar|[miss]\n|-miss|p2a: Hydreigon|p1b: Incineroar\n|move|p1b: Incineroar|Parting Shot|p2a: Hydreigon\n|-unboost|p2a: Hydreigon|atk|1\n|-unboost|p2a: Hydreigon|spa|1\n|\n|t:|1776302483\n|switch|p1b: Gengar|Gengar, L50, F, shiny|100/100|[from] Parting Shot\n|move|p2b: Armarouge|Trick Room|p2b: Armarouge\n|-fieldstart|move: Trick Room|[of] p2b: Armarouge\n|\n|upkeep\n|turn|3\n|\n|t:|1776302495\n|switch|p1b: Incineroar|Incineroar, L50, M, shiny|88/100\n|-ability|p1b: Incineroar|Intimidate|boost\n|-unboost|p2a: Hydreigon|atk|1\n|-unboost|p2b: Armarouge|atk|1\n|move|p2b: Armarouge|Psychic|p1b: Incineroar\n|-immune|p1b: Incineroar\n|move|p2a: Hydreigon|Dark Pulse|p1a: Aerodactyl\n|-damage|p1a: Aerodactyl|64/100\n|move|p1a: Aerodactyl|Rock Slide|p2a: Hydreigon|[spread] p2a,p2b\n|-supereffective|p2b: Armarouge|1\n|-damage|p2a: Hydreigon|47/100\n|-damage|p2b: Armarouge|0 fnt\n|faint|p2b: Armarouge\n|\n|-heal|p1b: Incineroar|94/100|[from] item: Leftovers\n|upkeep\n|\n|t:|1776302513\n|switch|p2b: Kingambit|Kingambit, L50, M|100/100\n|turn|4\n|inactive|JoyBoy311 has 30 seconds left.\n|\n|t:|1776302546\n|move|p2b: Kingambit|Low Kick|p1b: Incineroar\n|-supereffective|p1b: Incineroar|1\n|-damage|p1b: Incineroar|40/100\n|move|p1b: Incineroar|Flare Blitz|p2b: Kingambit\n|-supereffective|p2b: Kingambit|1\n|-damage|p2b: Kingambit|31/100\n|-damage|p1b: Incineroar|18/100|[from] Recoil\n|move|p2a: Hydreigon|Draco Meteor|p1a: Aerodactyl\n|-damage|p1a: Aerodactyl|3/100\n|-unboost|p2a: Hydreigon|spa|2\n|move|p1a: Aerodactyl|Rock Slide|p2a: Hydreigon|[spread] p2a,p2b\n|-resisted|p2b: Kingambit|1\n|-damage|p2a: Hydreigon|21/100\n|-damage|p2b: Kingambit|22/100\n|\n|-heal|p1b: Incineroar|24/100|[from] item: Leftovers\n|upkeep\n|turn|5\n|\n|t:|1776302570\n|move|p1a: Aerodactyl|Protect|p1a: Aerodactyl\n|-singleturn|p1a: Aerodactyl|Protect\n|move|p2b: Kingambit|Kowtow Cleave|p1b: Incineroar\n|-resisted|p1b: Incineroar|1\n|-damage|p1b: Incineroar|0 fnt\n|faint|p1b: Incineroar\n|move|p2a: Hydreigon|Dark Pulse|p1a: Aerodactyl\n|-activate|p1a: Aerodactyl|move: Protect\n|\n|upkeep\n|\n|t:|1776302582\n|switch|p1b: Gengar|Gengar, L50, F, shiny|100/100\n|turn|6\n|\n|t:|1776302599\n|move|p1b: Gengar|Protect|p1b: Gengar\n|-singleturn|p1b: Gengar|Protect\n|move|p2b: Kingambit|Iron Head|p1a: Aerodactyl\n|-supereffective|p1a: Aerodactyl|1\n|-damage|p1a: Aerodactyl|0 fnt\n|faint|p1a: Aerodactyl\n|move|p2a: Hydreigon|Tailwind|p2a: Hydreigon\n|-sidestart|p2: Skadoty|move: Tailwind\n|\n|-fieldend|move: Trick Room\n|upkeep\n|turn|7\n|\n|t:|1776302621\n|detailschange|p1b: Gengar|Gengar-Mega, L50, F, shiny\n|-mega|p1b: Gengar|Gengar|Gengarite\n|move|p2b: Kingambit|Sucker Punch|p1b: Gengar\n|-supereffective|p1b: Gengar|1\n|-damage|p1b: Gengar|0 fnt\n|faint|p1b: Gengar\n|\n|win|Skadoty\n|raw|JoyBoy311's rating: 1325 &rarr; <strong>1312</strong><br />(-13 for losing)\n|raw|Skadoty's rating: 1446 &rarr; <strong>1459</strong><br />(+13 for winning)\n|l|\u2606Skadoty\n|player|p2|\n",
  "uploadtime": 1776302633,
  "views": 40,
  "formatid": "gen9championsvgc2026regma",
  "rating": 1312,
  "private": 0,
  "password": null
}