{
  "id": "gen9championsvgc2026regma-2582119903",
  "format": "[Gen 9 Champions] VGC 2026 Reg M-A",
  "players": [
    "sebeeajwvn",
    "0ctober3rd"
  ],
  "log": "|j|\u2606sebeeajwvn\n|j|\u26060ctober3rd\n|t:|1776060472\n|gametype|doubles\n|player|p1|sebeeajwvn|266|1094\n|player|p2|0ctober3rd|fantina|1138\n|gen|9\n|tier|[Gen 9 Champions] VGC 2026 Reg M-A\n|rated|\n|rule|Species Clause: Limit one of each Pok\u00e9mon\n|rule|Item Clause: Limit 1 of each item\n|clearpoke\n|poke|p1|Basculegion, L50, M|\n|poke|p1|Kingambit, L50, F|\n|poke|p1|Rotom-Heat, L50|\n|poke|p1|Froslass, L50, F|\n|poke|p1|Sneasler, L50, F|\n|poke|p1|Clefable, L50, M|\n|poke|p2|Floette-Eternal, L50, F|\n|poke|p2|Incineroar, L50, M|\n|poke|p2|Basculegion, L50, M|\n|poke|p2|Clefable, L50, F|\n|poke|p2|Sinistcha-Masterpiece, L50|\n|poke|p2|Sneasler, L50, F|\n|teampreview|4\n|inactive|Battle timer is ON: inactive players will automatically lose when time's up. (requested by 0ctober3rd)\n|inactive|sebeeajwvn has 60 seconds left.\n|\n|t:|1776060547\n|teamsize|p1|4\n|teamsize|p2|4\n|start\n|switch|p1a: Froslass|Froslass, L50, F|100/100\n|switch|p1b: Sneasler|Sneasler, L50, F|100/100\n|switch|p2a: Qn. Floeterapaxern|Floette-Eternal, L50, F|100/100\n|switch|p2b: this crusty ass ho|Incineroar, L50, M|100/100\n|-ability|p2b: this crusty ass ho|Intimidate|boost\n|-unboost|p1a: Froslass|atk|1\n|-unboost|p1b: Sneasler|atk|1\n|turn|1\n|inactive|sebeeajwvn has 30 seconds left.\n|inactive|0ctober3rd has 30 seconds left.\n|inactive|sebeeajwvn has 20 seconds left.\n|inactive|0ctober3rd has 20 seconds left.\n|inactive|sebeeajwvn has 15 seconds left.\n|inactive|0ctober3rd has 15 seconds left.\n|inactive|sebeeajwvn has 10 seconds left.\n|inactive|0ctober3rd has 10 seconds left.\n|\n|t:|1776060594\n|detailschange|p1a: Froslass|Froslass-Mega, L50, F\n|-mega|p1a: Froslass|Froslass|Froslassite\n|-weather|Snowscape|[from] ability: Snow Warning|[of] p1a: Froslass\n|move|p2a: Qn. Floeterapaxern|Protect|p2a: Qn. Floeterapaxern\n|-singleturn|p2a: Qn. Floeterapaxern|Protect\n|move|p1a: Froslass|Shadow Ball|p2a: Qn. Floeterapaxern\n|-activate|p2a: Qn. Floeterapaxern|move: Protect\n|move|p1b: Sneasler|Dire Claw|p2a: Qn. Floeterapaxern\n|-activate|p2a: Qn. Floeterapaxern|move: Protect\n|move|p2b: this crusty ass ho|Flare Blitz|p1a: Froslass\n|-supereffective|p1a: Froslass|1\n|-damage|p1a: Froslass|0 fnt\n|faint|p1a: Froslass\n|-damage|p2b: this crusty ass ho|76/100|[from] Recoil\n|\n|-weather|Snowscape|[upkeep]\n|upkeep\n|\n|t:|1776060610\n|switch|p1a: Kingambit|Kingambit, L50, F|100/100\n|turn|2\n|\n|t:|1776060628\n|switch|p2a: Palafin was ass|Basculegion, L50, M|100/100\n|move|p1b: Sneasler|Dire Claw|p2a: Palafin was ass\n|-resisted|p2a: Palafin was ass|1\n|-damage|p2a: Palafin was ass|82/100\n|-status|p2a: Palafin was ass|psn|[from] ability: Poison Touch|[of] p1b: Sneasler\n|move|p2b: this crusty ass ho|Flare Blitz|p1a: Kingambit\n|-supereffective|p1a: Kingambit|1\n|-damage|p1a: Kingambit|28/100\n|-damage|p2b: this crusty ass ho|51/100|[from] Recoil\n|move|p1a: Kingambit|Swords Dance|p1a: Kingambit\n|-boost|p1a: Kingambit|atk|2\n|\n|-weather|Snowscape|[upkeep]\n|-damage|p2a: Palafin was ass|69/100 psn|[from] psn\n|upkeep\n|turn|3\n|inactive|0ctober3rd has 30 seconds left.\n|\n|t:|1776060663\n|move|p2a: Palafin was ass|Aqua Jet|p1b: Sneasler\n|-damage|p1b: Sneasler|57/100\n|move|p1a: Kingambit|Sucker Punch||[still]\n|-fail|p1a: Kingambit\n|move|p1b: Sneasler|Close Combat|p2b: this crusty ass ho\n|-supereffective|p2b: this crusty ass ho|1\n|-damage|p2b: this crusty ass ho|0 fnt\n|-unboost|p1b: Sneasler|def|1\n|-unboost|p1b: Sneasler|spd|1\n|faint|p2b: this crusty ass ho\n|\n|-weather|Snowscape|[upkeep]\n|-damage|p2a: Palafin was ass|57/100 psn|[from] psn\n|upkeep\n|\n|t:|1776060677\n|switch|p2b: queens attendant|Clefable, L50, F|100/100\n|turn|4\n|\n|t:|1776060701\n|move|p2a: Palafin was ass|Aqua Jet|p1b: Sneasler\n|-crit|p1b: Sneasler\n|-damage|p1b: Sneasler|0 fnt\n|faint|p1b: Sneasler\n|move|p2b: queens attendant|Moonblast|p1a: Kingambit\n|-damage|p1a: Kingambit|0 fnt\n|faint|p1a: Kingambit\n|\n|-weather|Snowscape|[upkeep]\n|-damage|p2a: Palafin was ass|45/100 psn|[from] psn\n|upkeep\n|\n|t:|1776060713\n|switch|p1b: Basculegion|Basculegion, L50, M|100/100\n|turn|5\n|inactive|sebeeajwvn has 30 seconds left.\n|\n|t:|1776060742\n|switch|p2a: Qn. Floeterapaxern|Floette-Eternal, L50, F|100/100\n|move|p1b: Basculegion|Last Respects|p2a: Qn. Floeterapaxern\n|-damage|p2a: Qn. Floeterapaxern|0 fnt\n|faint|p2a: Qn. Floeterapaxern\n|move|p2b: queens attendant|Thunder Wave|p1b: Basculegion\n|-status|p1b: Basculegion|par\n|\n|-weather|none\n|upkeep\n|\n|t:|1776060751\n|switch|p2a: Palafin was ass|Basculegion, L50, M|45/100 psn\n|turn|6\n|\n|t:|1776060756\n|move|p2b: queens attendant|Follow Me|p2b: queens attendant\n|-singleturn|p2b: queens attendant|move: Follow Me\n|move|p2a: Palafin was ass|Last Respects|p1b: Basculegion\n|-supereffective|p1b: Basculegion|1\n|-damage|p1b: Basculegion|0 fnt\n|faint|p1b: Basculegion\n|\n|win|0ctober3rd\n|raw|sebeeajwvn's rating: 1094 &rarr; <strong>1073</strong><br />(-21 for losing)\n|raw|0ctober3rd's rating: 1138 &rarr; <strong>1160</strong><br />(+22 for winning)\n|l|\u2606sebeeajwvn\n|player|p1|\n",
  "uploadtime": 1776060770,
  "views": 11,
  "formatid": "gen9championsvgc2026regma",
  "rating": 1073,
  "private": 0,
  "password": null
}