{
  "id": "gen9championsvgc2026regma-2587238455",
  "format": "[Gen 9 Champions] VGC 2026 Reg M-A",
  "players": [
    "MiagicMike1",
    "Pegassin"
  ],
  "log": "|j|\u2606MiagicMike1\n|j|\u203dPegassin\n|t:|1776512991\n|gametype|doubles\n|player|p1|MiagicMike1|266|1137\n|player|p2|Pegassin|170|1143\n|gen|9\n|tier|[Gen 9 Champions] VGC 2026 Reg M-A\n|rated|\n|rule|Species Clause: Limit one of each Pok\u00e9mon\n|rule|Item Clause: Limit 1 of each item\n|clearpoke\n|poke|p1|Incineroar, L50, M|\n|poke|p1|Corviknight, L50, F|\n|poke|p1|Manectric, L50, M|\n|poke|p1|Pelipper, L50, M|\n|poke|p1|Basculegion, L50, M|\n|poke|p1|Tsareena, L50, F|\n|poke|p2|Floette-Eternal, L50, F|\n|poke|p2|Aerodactyl, L50, M|\n|poke|p2|Primarina, L50, F|\n|poke|p2|Maushold, L50|\n|poke|p2|Garchomp, L50, M|\n|poke|p2|Incineroar, L50, M|\n|teampreview|4\nPegassin rejected open team sheets.\n|inactive|Battle timer is ON: inactive players will automatically lose when time's up. (requested by Pegassin)\n|\n|t:|1776513016\n|teamsize|p1|4\n|teamsize|p2|4\n|start\n|switch|p1a: Incineroar|Incineroar, L50, M|100/100\n|switch|p1b: Corviknight|Corviknight, L50, F|100/100\n|switch|p2a: Maushold|Maushold, L50|100/100\n|switch|p2b: Aerodactyl|Aerodactyl, L50, M|100/100\n|-ability|p2b: Aerodactyl|Unnerve\n|-ability|p1b: Corviknight|Pressure\n|-ability|p1a: Incineroar|Intimidate|boost\n|-unboost|p2a: Maushold|atk|1\n|-unboost|p2b: Aerodactyl|atk|1\n|turn|1\n|\n|t:|1776513034\n|move|p2b: Aerodactyl|Protect|p2b: Aerodactyl\n|-singleturn|p2b: Aerodactyl|Protect\n|move|p1a: Incineroar|Fake Out|p2b: Aerodactyl\n|-activate|p2b: Aerodactyl|move: Protect\n|move|p2a: Maushold|Super Fang|p1b: Corviknight\n|-damage|p1b: Corviknight|50/100\n|move|p1b: Corviknight|Tailwind|p1b: Corviknight\n|-sidestart|p1: MiagicMike1|move: Tailwind\n|\n|-heal|p1b: Corviknight|56/100|[from] item: Leftovers\n|upkeep\n|turn|2\n|\n|t:|1776513050\n|switch|p1a: Manectric|Manectric, L50, M|100/100\n|move|p2a: Maushold|Follow Me|p2a: Maushold\n|-singleturn|p2a: Maushold|move: Follow Me\n|move|p1b: Corviknight|Body Press|p2a: Maushold\n|-supereffective|p2a: Maushold|1\n|-damage|p2a: Maushold|44/100\n|move|p2b: Aerodactyl|Tailwind|p2b: Aerodactyl\n|-sidestart|p2: Pegassin|move: Tailwind\n|\n|-heal|p1b: Corviknight|62/100|[from] item: Leftovers\n|upkeep\n|turn|3\n|\n|t:|1776513075\n|detailschange|p1a: Manectric|Manectric-Mega, L50, M\n|-mega|p1a: Manectric|Manectric|Manectite\n|-ability|p1a: Manectric|Intimidate|boost\n|-unboost|p2a: Maushold|atk|1\n|-unboost|p2b: Aerodactyl|atk|1\n|move|p1a: Manectric|Protect|p1a: Manectric\n|-singleturn|p1a: Manectric|Protect\n|move|p2b: Aerodactyl|Protect|p2b: Aerodactyl\n|-singleturn|p2b: Aerodactyl|Protect\n|move|p2a: Maushold|Super Fang|p1a: Manectric\n|-activate|p1a: Manectric|move: Protect\n|move|p1b: Corviknight|Body Press|p2a: Maushold\n|-supereffective|p2a: Maushold|1\n|-damage|p2a: Maushold|0 fnt\n|faint|p2a: Maushold\n|\n|-heal|p1b: Corviknight|68/100|[from] item: Leftovers\n|upkeep\n|\n|t:|1776513087\n|switch|p2a: Incineroar|Incineroar, L50, M|100/100\n|-ability|p2a: Incineroar|Intimidate|boost\n|-unboost|p1a: Manectric|atk|1\n|-unboost|p1b: Corviknight|atk|1\n|turn|4\n|inactive|MiagicMike1 has 30 seconds left.\n|\n|t:|1776513114\n|switch|p1a: Incineroar|Incineroar, L50, M|100/100\n|-ability|p1a: Incineroar|Intimidate|boost\n|-unboost|p2a: Incineroar|atk|1\n|-unboost|p2b: Aerodactyl|atk|1\n|move|p2b: Aerodactyl|Protect||[still]\n|-fail|p2b: Aerodactyl\n|move|p2a: Incineroar|Fake Out|p1a: Incineroar\n|-damage|p1a: Incineroar|91/100\n|move|p1b: Corviknight|Body Press|p2a: Incineroar\n|-supereffective|p2a: Incineroar|1\n|-damage|p2a: Incineroar|59/100\n|\n|-heal|p1b: Corviknight|74/100|[from] item: Leftovers\n|-sideend|p1: MiagicMike1|move: Tailwind\n|upkeep\n|turn|5\n|\n|t:|1776513134\n|move|p2b: Aerodactyl|Protect|p2b: Aerodactyl\n|-singleturn|p2b: Aerodactyl|Protect\n|move|p1a: Incineroar|Fake Out|p2b: Aerodactyl\n|-activate|p2b: Aerodactyl|move: Protect\n|move|p2a: Incineroar|Flare Blitz|p1b: Corviknight\n|-supereffective|p1b: Corviknight|1\n|-damage|p1b: Corviknight|4/100\n|-damage|p2a: Incineroar|36/100|[from] Recoil\n|-enditem|p2a: Incineroar|Sitrus Berry|[eat]\n|-heal|p2a: Incineroar|61/100|[from] item: Sitrus Berry\n|move|p1b: Corviknight|Tailwind|p1b: Corviknight\n|-sidestart|p1: MiagicMike1|move: Tailwind\n|\n|-heal|p1b: Corviknight|10/100|[from] item: Leftovers\n|-sideend|p2: Pegassin|move: Tailwind\n|upkeep\n|turn|6\n|inactive|MiagicMike1 has 30 seconds left.\n|inactive|MiagicMike1 has 20 seconds left.\n|\n|t:|1776513170\n|switch|p1a: Basculegion|Basculegion, L50, M|100/100\n|move|p1b: Corviknight|Body Press|p2a: Incineroar\n|-supereffective|p2a: Incineroar|1\n|-damage|p2a: Incineroar|22/100\n|move|p2b: Aerodactyl|Tailwind|p2b: Aerodactyl\n|-sidestart|p2: Pegassin|move: Tailwind\n|move|p2a: Incineroar|Flare Blitz|p1b: Corviknight\n|-supereffective|p1b: Corviknight|1\n|-damage|p1b: Corviknight|0 fnt\n|faint|p1b: Corviknight\n|-damage|p2a: Incineroar|19/100|[from] Recoil\n|\n|upkeep\n|\n|t:|1776513181\n|switch|p1b: Manectric|Manectric-Mega, L50, M|100/100\n|-ability|p1b: Manectric|Intimidate|boost\n|-unboost|p2a: Incineroar|atk|1\n|-unboost|p2b: Aerodactyl|atk|1\n|turn|7\n|inactive|MiagicMike1 has 30 seconds left.\n|\n|t:|1776513212\n|move|p2b: Aerodactyl|Protect|p2b: Aerodactyl\n|-singleturn|p2b: Aerodactyl|Protect\n|move|p1b: Manectric|Volt Switch|p2b: Aerodactyl\n|-activate|p2b: Aerodactyl|move: Protect\n|move|p1a: Basculegion|Wave Crash|p2b: Aerodactyl\n|-activate|p2b: Aerodactyl|move: Protect\n|move|p2a: Incineroar|Parting Shot|p1a: Basculegion\n|-unboost|p1a: Basculegion|atk|1\n|-unboost|p1a: Basculegion|spa|1\n|\n|t:|1776513219\n|switch|p2a: Floette|Floette-Eternal, L50, F|100/100|[from] Parting Shot\n|\n|upkeep\n|turn|8\n|\n|t:|1776513232\n|switch|p2b: Incineroar|Incineroar, L50, M|19/100\n|-ability|p2b: Incineroar|Intimidate|boost\n|-unboost|p1a: Basculegion|atk|1\n|-unboost|p1b: Manectric|atk|1\n|switch|p1a: Incineroar|Incineroar, L50, M|91/100\n|-ability|p1a: Incineroar|Intimidate|boost\n|-unboost|p2a: Floette|atk|1\n|-unboost|p2b: Incineroar|atk|1\n|detailschange|p2a: Floette|Floette-Mega, L50, F\n|-mega|p2a: Floette|Floette|Floettite\n|-ability|p2a: Floette|Fairy Aura\n|move|p1b: Manectric|Protect|p1b: Manectric\n|-singleturn|p1b: Manectric|Protect\n|move|p2a: Floette|Dazzling Gleam|p1b: Manectric|[spread] p1a\n|-activate|p1b: Manectric|move: Protect\n|-damage|p1a: Incineroar|52/100\n|\n|-sideend|p1: MiagicMike1|move: Tailwind\n|upkeep\n|turn|9\n|inactive|MiagicMike1 has 30 seconds left.\n|\n|t:|1776513257\n|move|p2a: Floette|Protect|p2a: Floette\n|-singleturn|p2a: Floette|Protect\n|move|p2b: Incineroar|Fake Out|p1b: Manectric\n|-damage|p1b: Manectric|86/100\n|move|p1a: Incineroar|Fake Out|p2a: Floette\n|-activate|p2a: Floette|move: Protect\n|cant|p1b: Manectric|flinch\n|\n|-sideend|p2: Pegassin|move: Tailwind\n|upkeep\n|turn|10\n|\n|t:|1776513279\n|move|p1b: Manectric|Snarl|p2a: Floette|[spread] p2a,p2b\n|-resisted|p2a: Floette|1\n|-resisted|p2b: Incineroar|1\n|-damage|p2a: Floette|94/100\n|-damage|p2b: Incineroar|11/100\n|-unboost|p2a: Floette|spa|1\n|-unboost|p2b: Incineroar|spa|1\n|move|p2a: Floette|Dazzling Gleam|p1b: Manectric|[spread] p1a,p1b\n|-damage|p1a: Incineroar|25/100\n|-damage|p1b: Manectric|42/100\n|-enditem|p1a: Incineroar|Sitrus Berry|[eat]\n|-heal|p1a: Incineroar|50/100|[from] item: Sitrus Berry\n|move|p1a: Incineroar|Throat Chop|p2b: Incineroar\n|-resisted|p2b: Incineroar|1\n|-damage|p2b: Incineroar|0 fnt\n|faint|p2b: Incineroar\n|\n|upkeep\n|\n|t:|1776513287\n|switch|p2b: Aerodactyl|Aerodactyl, L50, M|100/100\n|-ability|p2b: Aerodactyl|Unnerve\n|turn|11\n|\n|t:|1776513308\n|move|p1b: Manectric|Volt Switch|p2b: Aerodactyl\n|-supereffective|p2b: Aerodactyl|1\n|-enditem|p2b: Aerodactyl|Focus Sash\n|-damage|p2b: Aerodactyl|1/100\n|\n|t:|1776513312\n|switch|p1b: Basculegion|Basculegion, L50, M|100/100|[from] Volt Switch\n|move|p2b: Aerodactyl|Tailwind|p2b: Aerodactyl\n|-sidestart|p2: Pegassin|move: Tailwind\n|move|p2a: Floette|Dazzling Gleam|p1b: Basculegion|[spread] p1a,p1b\n|-damage|p1a: Incineroar|21/100\n|-damage|p1b: Basculegion|62/100\n|move|p1a: Incineroar|Parting Shot|p2a: Floette\n|-unboost|p2a: Floette|atk|1\n|-unboost|p2a: Floette|spa|1\n|\n|t:|1776513321\n|switch|p1a: Manectric|Manectric-Mega, L50, M|42/100|[from] Parting Shot\n|-ability|p1a: Manectric|Intimidate|boost\n|-unboost|p2a: Floette|atk|1\n|-unboost|p2b: Aerodactyl|atk|1\n|\n|upkeep\n|turn|12\n|\n|t:|1776513346\n|move|p1a: Manectric|Protect|p1a: Manectric\n|-singleturn|p1a: Manectric|Protect\n|move|p1b: Basculegion|Aqua Jet|p2b: Aerodactyl\n|-supereffective|p2b: Aerodactyl|1\n|-damage|p2b: Aerodactyl|0 fnt\n|faint|p2b: Aerodactyl\n|move|p2a: Floette|Dazzling Gleam|p1a: Manectric|[spread] p1b\n|-activate|p1a: Manectric|move: Protect\n|-damage|p1b: Basculegion|33/100\n|\n|upkeep\n|turn|13\n|\n|t:|1776513361\n|switch|p1b: Incineroar|Incineroar, L50, M|21/100\n|-ability|p1b: Incineroar|Intimidate|boost\n|-unboost|p2a: Floette|atk|1\n|move|p2a: Floette|Moonblast|p1a: Manectric\n|-damage|p1a: Manectric|0 fnt\n|faint|p1a: Manectric\n|\n|upkeep\n|\n|t:|1776513369\n|switch|p1a: Basculegion|Basculegion, L50, M|33/100\n|turn|14\n|\n|t:|1776513374\n|move|p2a: Floette|Protect|p2a: Floette\n|-singleturn|p2a: Floette|Protect\n|move|p1b: Incineroar|Fake Out|p2a: Floette\n|-activate|p2a: Floette|move: Protect\n|move|p1a: Basculegion|Last Respects|p2a: Floette\n|-activate|p2a: Floette|move: Protect\n|\n|-sideend|p2: Pegassin|move: Tailwind\n|upkeep\n|turn|15\n|\n|t:|1776513387\n|move|p1a: Basculegion|Last Respects|p2a: Floette\n|-damage|p2a: Floette|0 fnt\n|faint|p2a: Floette\n|\n|win|MiagicMike1\n|raw|MiagicMike1's rating: 1137 &rarr; <strong>1162</strong><br />(+25 for winning)\n|raw|Pegassin's rating: 1143 &rarr; <strong>1118</strong><br />(-25 for losing)\n",
  "uploadtime": 1776513388,
  "views": 18,
  "formatid": "gen9championsvgc2026regma",
  "rating": 1118,
  "private": 0,
  "password": null
}