{
  "id": "gen9championsvgc2026regma-2586713766",
  "format": "[Gen 9 Champions] VGC 2026 Reg M-A",
  "players": [
    "Tawn",
    "reedsandseeds"
  ],
  "log": "|j|\u2606Tawn\n|j|\u2606reedsandseeds\n|t:|1776454205\n|gametype|doubles\n|player|p1|Tawn|red|1044\n|player|p2|reedsandseeds|102|1006\n|gen|9\n|tier|[Gen 9 Champions] VGC 2026 Reg M-A\n|rated|\n|rule|Species Clause: Limit one of each Pok\u00e9mon\n|rule|Item Clause: Limit 1 of each item\n|clearpoke\n|poke|p1|Froslass, L50, F|\n|poke|p1|Glaceon, L50, M|\n|poke|p1|Sneasler, L50, F|\n|poke|p1|Ninetales-Alola, L50, M|\n|poke|p1|Goodra-Hisui, L50, F|\n|poke|p1|Skarmory, L50, M|\n|poke|p2|Glimmora, L50, F|\n|poke|p2|Incineroar, L50, F|\n|poke|p2|Aerodactyl, L50, F|\n|poke|p2|Tyranitar, L50, F|\n|poke|p2|Rotom-Wash, L50|\n|poke|p2|Garchomp, L50, F|\n|teampreview|4\n|\n|t:|1776454244\n|teamsize|p1|4\n|teamsize|p2|4\n|start\n|switch|p1a: Ninetales|Ninetales-Alola, L50, M|100/100\n|switch|p1b: Sneasler|Sneasler, L50, F|100/100\n|switch|p2a: mr awsome|Incineroar, L50, F|100/100\n|switch|p2b: blibob|Aerodactyl, L50, F|100/100\n|-ability|p2b: blibob|Unnerve\n|-weather|Snowscape|[from] ability: Snow Warning|[of] p1a: Ninetales\n|-ability|p2a: mr awsome|Intimidate|boost\n|-unboost|p1a: Ninetales|atk|1\n|-unboost|p1b: Sneasler|atk|1\n|turn|1\n|\n|t:|1776454265\n|move|p1a: Ninetales|Protect|p1a: Ninetales\n|-singleturn|p1a: Ninetales|Protect\n|move|p1b: Sneasler|Fake Out|p2b: blibob\n|-resisted|p2b: blibob|1\n|-damage|p2b: blibob|92/100\n|move|p2a: mr awsome|Fake Out|p1b: Sneasler\n|-damage|p1b: Sneasler|79/100\n|cant|p2b: blibob|flinch\n|\n|-weather|Snowscape|[upkeep]\n|upkeep\n|turn|2\n|\n|t:|1776454281\n|move|p2b: blibob|Tailwind|p2b: blibob\n|-sidestart|p2: reedsandseeds|move: Tailwind\n|move|p2a: mr awsome|Parting Shot|p1a: Ninetales\n|-unboost|p1a: Ninetales|atk|1\n|-unboost|p1a: Ninetales|spa|1\n|\n|t:|1776454287\n|switch|p2a: dribber|Tyranitar, L50, F|100/100|[from] Parting Shot\n|-weather|Sandstorm|[from] ability: Sand Stream|[of] p2a: dribber\n|move|p1b: Sneasler|Close Combat|p2a: dribber\n|-supereffective|p2a: dribber|2\n|-enditem|p2a: dribber|Chople Berry|[eat]\n|-enditem|p2a: dribber|Chople Berry|[weaken]\n|-damage|p2a: dribber|36/100\n|-unboost|p1b: Sneasler|def|1\n|-unboost|p1b: Sneasler|spd|1\n|move|p1a: Ninetales|Aurora Veil||[still]\n|-fail|p1a: Ninetales\n|\n|-weather|Sandstorm|[upkeep]\n|-damage|p1b: Sneasler|74/100|[from] Sandstorm\n|-damage|p1a: Ninetales|94/100|[from] Sandstorm\n|upkeep\n|turn|3\n|\n|t:|1776454309\n|switch|p1a: Skarmory|Skarmory, L50, M|100/100\n|move|p1b: Sneasler|Protect|p1b: Sneasler\n|-singleturn|p1b: Sneasler|Protect\n|move|p2b: blibob|Rock Slide|p1a: Skarmory|[spread] p1a\n|-activate|p1b: Sneasler|move: Protect\n|-damage|p1a: Skarmory|79/100\n|-ability|p1a: Skarmory|Weak Armor|boost\n|-unboost|p1a: Skarmory|def|1\n|-boost|p1a: Skarmory|spe|2\n|move|p2a: dribber|Rock Slide|p1b: Sneasler|[spread] \n|-activate|p1b: Sneasler|move: Protect\n|-miss|p2a: dribber|p1a: Skarmory\n|\n|-weather|Sandstorm|[upkeep]\n|-damage|p1b: Sneasler|68/100|[from] Sandstorm\n|upkeep\n|turn|4\n|\n|t:|1776454359\n|switch|p1b: Ninetales|Ninetales-Alola, L50, M|94/100\n|-weather|Snowscape|[from] ability: Snow Warning|[of] p1b: Ninetales\n|detailschange|p1a: Skarmory|Skarmory-Mega, L50, M\n|-mega|p1a: Skarmory|Skarmory|Skarmorite\n|move|p2a: dribber|Protect|p2a: dribber\n|-singleturn|p2a: dribber|Protect\n|move|p2b: blibob|Dual Wingbeat|p1b: Ninetales\n|-damage|p1b: Ninetales|84/100\n|-damage|p1b: Ninetales|72/100\n|-hitcount|p1b: Ninetales|2\n|move|p1a: Skarmory|Iron Head|p2a: dribber\n|-activate|p2a: dribber|move: Protect\n|\n|-weather|Snowscape|[upkeep]\n|upkeep\n|turn|5\n|\n|t:|1776454381\n|switch|p2a: mr awsome|Incineroar, L50, F|100/100\n|-ability|p2a: mr awsome|Intimidate|boost\n|-unboost|p1a: Skarmory|atk|1\n|-unboost|p1b: Ninetales|atk|1\n|move|p2b: blibob|Rock Slide|p1b: Ninetales|[spread] p1a,p1b\n|-crit|p1a: Skarmory\n|-supereffective|p1b: Ninetales|1\n|-damage|p1a: Skarmory|9/100\n|-damage|p1b: Ninetales|45/100\n|move|p1a: Skarmory|Iron Head|p2b: blibob\n|-supereffective|p2b: blibob|1\n|-damage|p2b: blibob|0 fnt\n|faint|p2b: blibob\n|cant|p1b: Ninetales|flinch\n|\n|-weather|Snowscape|[upkeep]\n|-sideend|p2: reedsandseeds|move: Tailwind\n|upkeep\n|\n|t:|1776454394\n|switch|p2b: dribber|Tyranitar, L50, F|36/100\n|-weather|Sandstorm|[from] ability: Sand Stream|[of] p2b: dribber\n|turn|6\n|\n|t:|1776454420\n|switch|p1b: Sneasler|Sneasler, L50, F|68/100\n|move|p2a: mr awsome|Fake Out|p1a: Skarmory\n|-resisted|p1a: Skarmory|1\n|-damage|p1a: Skarmory|0 fnt\n|faint|p1a: Skarmory\n|move|p2b: dribber|Low Kick|p1b: Sneasler\n|-resisted|p1b: Sneasler|1\n|-damage|p1b: Sneasler|51/100\n|\n|-weather|Sandstorm|[upkeep]\n|-damage|p1b: Sneasler|45/100|[from] Sandstorm\n|-damage|p2a: mr awsome|95/100|[from] Sandstorm\n|upkeep\n|\n|t:|1776454428\n|switch|p1a: Ninetales|Ninetales-Alola, L50, M|45/100\n|-weather|Snowscape|[from] ability: Snow Warning|[of] p1a: Ninetales\n|turn|7\n|\n|t:|1776454444\n|switch|p2b: blap|Garchomp, L50, F|100/100\n|move|p1b: Sneasler|Fake Out|p2b: blap\n|-damage|p2b: blap|86/100\n|move|p1a: Ninetales|Aurora Veil|p1a: Ninetales\n|-sidestart|p1: Tawn|move: Aurora Veil\n|move|p2a: mr awsome|Parting Shot|p1b: Sneasler\n|-unboost|p1b: Sneasler|atk|1\n|-unboost|p1b: Sneasler|spa|1\n|\n|t:|1776454453\n|switch|p2a: dribber|Tyranitar, L50, F|36/100|[from] Parting Shot\n|-weather|Sandstorm|[from] ability: Sand Stream|[of] p2a: dribber\n|\n|-weather|Sandstorm|[upkeep]\n|-damage|p1b: Sneasler|39/100|[from] Sandstorm\n|-damage|p1a: Ninetales|39/100|[from] Sandstorm\n|upkeep\n|turn|8\n|\n|t:|1776454469\n|switch|p1a: Froslass|Froslass, L50, F|100/100\n|move|p1b: Sneasler|Close Combat|p2a: dribber\n|-supereffective|p2a: dribber|2\n|-damage|p2a: dribber|0 fnt\n|-unboost|p1b: Sneasler|def|1\n|-unboost|p1b: Sneasler|spd|1\n|faint|p2a: dribber\n|move|p2b: blap|Stomping Tantrum|p1b: Sneasler\n|-supereffective|p1b: Sneasler|1\n|-damage|p1b: Sneasler|0 fnt\n|faint|p1b: Sneasler\n|\n|-weather|Sandstorm|[upkeep]\n|-damage|p1a: Froslass|94/100|[from] Sandstorm\n|upkeep\n|\n|t:|1776454484\n|switch|p1b: Ninetales|Ninetales-Alola, L50, M|39/100\n|switch|p2a: mr awsome|Incineroar, L50, F|95/100\n|-weather|Snowscape|[from] ability: Snow Warning|[of] p1b: Ninetales\n|-ability|p2a: mr awsome|Intimidate|boost\n|-unboost|p1a: Froslass|atk|1\n|-unboost|p1b: Ninetales|atk|1\n|turn|9\n|\n|t:|1776454504\n|move|p1b: Ninetales|Protect|p1b: Ninetales\n|-singleturn|p1b: Ninetales|Protect\n|move|p2a: mr awsome|Fake Out|p1a: Froslass\n|-immune|p1a: Froslass\n|move|p1a: Froslass|Nasty Plot|p1a: Froslass\n|-boost|p1a: Froslass|spa|2\n|move|p2b: blap|Earthquake|p1b: Ninetales|[spread] p2a,p1a\n|-activate|p1b: Ninetales|move: Protect\n|-supereffective|p2a: mr awsome|1\n|-damage|p2a: mr awsome|17/100\n|-damage|p1a: Froslass|64/100\n|-enditem|p2a: mr awsome|Sitrus Berry|[eat]\n|-heal|p2a: mr awsome|42/100|[from] item: Sitrus Berry\n|\n|-weather|Snowscape|[upkeep]\n|upkeep\n|turn|10\n|\n|t:|1776454533\n|move|p1b: Ninetales|Helping Hand|p1a: Froslass\n|-singleturn|p1a: Froslass|Helping Hand|[of] p1b: Ninetales\n|move|p1a: Froslass|Blizzard|p2a: mr awsome|[spread] p2a,p2b\n|-resisted|p2a: mr awsome|1\n|-supereffective|p2b: blap|2\n|-damage|p2a: mr awsome|1/100\n|-damage|p2b: blap|0 fnt\n|faint|p2b: blap\n|move|p2a: mr awsome|Flare Blitz|p1a: Froslass\n|-supereffective|p1a: Froslass|1\n|-damage|p1a: Froslass|0 fnt\n|faint|p1a: Froslass\n|-damage|p2a: mr awsome|0 fnt|[from] Recoil\n|faint|p2a: mr awsome\n|\n|win|Tawn\n|raw|Tawn's rating: 1044 &rarr; <strong>1074</strong><br />(+30 for winning)\n|raw|reedsandseeds's rating: 1006 &rarr; <strong>1000</strong><br />(-6 for losing)\n",
  "uploadtime": 1776454549,
  "views": 31,
  "formatid": "gen9championsvgc2026regma",
  "rating": 1000,
  "private": 0,
  "password": null
}