{
  "id": "gen9championsvgc2026regma-2580802086",
  "format": "[Gen 9 Champions] VGC 2026 Reg M-A",
  "players": [
    "Acideyes42",
    "bunearyboicherry"
  ],
  "log": "|j|\u2606Acideyes42\n|j|\u2606bunearyboicherry\n|t:|1775933652\n|gametype|doubles\n|player|p1|Acideyes42|roxie|1260\n|player|p2|bunearyboicherry|preschoolerf-gen6|1342\n|gen|9\n|tier|[Gen 9 Champions] VGC 2026 Reg M-A\n|rated|\n|rule|Species Clause: Limit one of each Pok\u00e9mon\n|rule|Item Clause: Limit 1 of each item\n|clearpoke\n|poke|p1|Gengar, L50, M|\n|poke|p1|Pelipper, L50, F|\n|poke|p1|Archaludon, L50, F|\n|poke|p1|Kangaskhan, L50, F|\n|poke|p1|Sneasler, L50, F|\n|poke|p1|Sinistcha, L50|\n|poke|p2|Crabominable, L50, M|\n|poke|p2|Farigiraf, L50, F|\n|poke|p2|Drampa, L50, M|\n|poke|p2|Typhlosion-Hisui, L50, F|\n|poke|p2|Primarina, L50, F|\n|poke|p2|Slowbro-Galar, L50, M|\n|teampreview|4\n|inactive|Battle timer is ON: inactive players will automatically lose when time's up. (requested by Acideyes42)\n|\n|t:|1775933679\n|teamsize|p1|4\n|teamsize|p2|4\n|start\n|switch|p1a: Pelipper|Pelipper, L50, F|100/100\n|switch|p1b: Archaludon|Archaludon, L50, F|100/100\n|switch|p2a: Farigiraf|Farigiraf, L50, F, shiny|100/100\n|switch|p2b: Typhlosion|Typhlosion-Hisui, L50, F, shiny|100/100\n|-weather|RainDance|[from] ability: Drizzle|[of] p1a: Pelipper\n|turn|1\n|inactive|Acideyes42 has 30 seconds left.\n|inactive|Acideyes42 has 20 seconds left.\n|inactive|Acideyes42 has 15 seconds left.\n|\n|t:|1775933722\n|switch|p2a: Drampa|Drampa, L50, M, shiny|100/100\n|-ability|p2a: Drampa|Cloud Nine\n|move|p2b: Typhlosion|Eruption|p1b: Archaludon|[spread] p1a,p1b\n|-resisted|p1a: Pelipper|1\n|-damage|p1a: Pelipper|69/100\n|-damage|p1b: Archaludon|26/100\n|-ability|p1b: Archaludon|Stamina|boost\n|-boost|p1b: Archaludon|def|1\n|move|p1b: Archaludon|Electro Shot||[still]\n|-prepare|p1b: Archaludon|Electro Shot\n|-boost|p1b: Archaludon|spa|1\n|move|p1a: Pelipper|Weather Ball|p2b: Typhlosion\n|-immune|p2b: Typhlosion\n|\n|-weather|RainDance|[upkeep]\n|-heal|p1b: Archaludon|32/100|[from] item: Leftovers\n|upkeep\n|turn|2\n|c|\u2606bunearyboicherry|Welp time to get electro shotted\n|\n|t:|1775933745\n|switch|p1a: Gengar|Gengar, L50, M|100/100\n|move|p2b: Typhlosion|Eruption|p1a: Gengar|[spread] p1a,p1b\n|-damage|p1a: Gengar|15/100\n|-damage|p1b: Archaludon|0 fnt\n|faint|p1b: Archaludon\n|move|p2a: Drampa|Dragon Pulse|p1a: Gengar\n|-damage|p1a: Gengar|0 fnt\n|-start|p2a: Drampa|Disable|Dragon Pulse|[from] ability: Cursed Body|[of] p1a: Gengar\n|faint|p1a: Gengar\n|\n|-weather|RainDance|[upkeep]\n|upkeep\n|\n|t:|1775933757\n|switch|p1a: Pelipper|Pelipper, L50, F|69/100\n|switch|p1b: Sinistcha|Sinistcha, L50|100/100\n|-heal|p1a: Pelipper|94/100|[from] ability: Hospitality|[of] p1b: Sinistcha\n|turn|3\n|\n|t:|1775933770\n|move|p2b: Typhlosion|Eruption|p1a: Pelipper|[spread] p1a,p1b\n|-resisted|p1a: Pelipper|1\n|-supereffective|p1b: Sinistcha|1\n|-enditem|p1b: Sinistcha|Occa Berry|[eat]\n|-enditem|p1b: Sinistcha|Occa Berry|[weaken]\n|-damage|p1a: Pelipper|64/100\n|-damage|p1b: Sinistcha|49/100\n|move|p1b: Sinistcha|Shadow Ball|p2b: Typhlosion\n|-supereffective|p2b: Typhlosion|1\n|-damage|p2b: Typhlosion|7/100\n|-unboost|p2b: Typhlosion|spd|1\n|move|p1a: Pelipper|Tailwind|p1a: Pelipper\n|-sidestart|p1: Acideyes42|move: Tailwind\n|move|p2a: Drampa|Hyper Voice|p1b: Sinistcha|[spread] p1a\n|-immune|p1b: Sinistcha\n|-damage|p1a: Pelipper|26/100\n|\n|-weather|RainDance|[upkeep]\n|upkeep\n|turn|4\n|c|\u2606Acideyes42|i may be screwed\n|\n|t:|1775933793\n|switch|p2b: Farigiraf|Farigiraf, L50, F, shiny|100/100\n|move|p1b: Sinistcha|Matcha Gotcha|p2b: Farigiraf|[spread] p2a,p2b\n|-resisted|p2a: Drampa|1\n|-damage|p2a: Drampa|89/100\n|-heal|p1b: Sinistcha|56/100|[from] drain|[of] p2a: Drampa\n|-damage|p2b: Farigiraf|78/100\n|-heal|p1b: Sinistcha|68/100|[from] drain|[of] p2b: Farigiraf\n|-status|p2b: Farigiraf|brn\n|move|p1a: Pelipper|Hurricane|p2a: Drampa|[miss]\n|-miss|p1a: Pelipper|p2a: Drampa\n|move|p2a: Drampa|Flamethrower|p1b: Sinistcha\n|-supereffective|p1b: Sinistcha|1\n|-damage|p1b: Sinistcha|10/100\n|\n|-weather|RainDance|[upkeep]\n|-damage|p2b: Farigiraf|72/100 brn|[from] brn\n|upkeep\n|turn|5\n|\n|t:|1775933813\n|move|p1b: Sinistcha|Matcha Gotcha|p2a: Drampa|[spread] p2b\n|-miss|p1b: Sinistcha|p2a: Drampa\n|-damage|p2b: Farigiraf|50/100 brn\n|-heal|p1b: Sinistcha|22/100|[from] drain|[of] p2b: Farigiraf\n|move|p1a: Pelipper|Hurricane|p2a: Drampa|[miss]\n|-miss|p1a: Pelipper|p2a: Drampa\n|move|p2a: Drampa|Flamethrower|p1b: Sinistcha\n|-supereffective|p1b: Sinistcha|1\n|-damage|p1b: Sinistcha|0 fnt\n|faint|p1b: Sinistcha\n|move|p2b: Farigiraf|Trick Room|p2b: Farigiraf\n|-fieldstart|move: Trick Room|[of] p2b: Farigiraf\n|\n|-weather|none\n|-damage|p2b: Farigiraf|44/100 brn|[from] brn\n|-end|p2a: Drampa|Disable\n|upkeep\n|turn|6\n|c|\u2606Acideyes42|yeah gg lol\n|\n|t:|1775933833\n|switch|p2a: Crabominable|Crabominable, L50, M, shiny|100/100\n|move|p2b: Farigiraf|Twin Beam|p1a: Pelipper\n|-damage|p1a: Pelipper|7/100\n|-damage|p1a: Pelipper|0 fnt\n|faint|p1a: Pelipper\n|-hitcount|p1: Pelipper|2\n|\n|win|bunearyboicherry\n|raw|Acideyes42's rating: 1260 &rarr; <strong>1241</strong><br />(-19 for losing)\n|raw|bunearyboicherry's rating: 1342 &rarr; <strong>1357</strong><br />(+15 for winning)\n|c|\u2606bunearyboicherry|GG\n|l|\u2606Acideyes42\n|player|p1|\n",
  "uploadtime": 1775933854,
  "views": 35,
  "formatid": "gen9championsvgc2026regma",
  "rating": 1241,
  "private": 0,
  "password": null
}