{
  "id": "gen9championsvgc2026regma-2587371249",
  "format": "[Gen 9 Champions] VGC 2026 Reg M-A",
  "players": [
    "SheZardOnMyY",
    "hydrator16"
  ],
  "log": "|j|\u203dSheZardOnMyY\n|j|\u2606hydrator16\n|t:|1776526187\n|gametype|doubles\n|player|p1|SheZardOnMyY|red|1028\n|player|p2|hydrator16|pokemonbreeder-gen4|1068\n|gen|9\n|tier|[Gen 9 Champions] VGC 2026 Reg M-A\n|rated|\n|rule|Species Clause: Limit one of each Pok\u00e9mon\n|rule|Item Clause: Limit 1 of each item\n|clearpoke\n|poke|p1|Charizard, L50, F|\n|poke|p1|Incineroar, L50, M|\n|poke|p1|Sinistcha-Masterpiece, L50|\n|poke|p1|Sneasler, L50, F|\n|poke|p1|Basculegion, L50, M|\n|poke|p1|Ninetales-Alola, L50, F, shiny|\n|poke|p2|Scovillain, L50, M|\n|poke|p2|Vanilluxe, L50, M|\n|poke|p2|Sinistcha, L50|\n|poke|p2|Rotom-Frost, L50|\n|poke|p2|Appletun, L50, M|\n|poke|p2|Slurpuff, L50, F|\n|teampreview|4\n|\n|t:|1776526238\n|teamsize|p1|4\n|teamsize|p2|4\n|start\n|switch|p1a: Ninetales|Ninetales-Alola, L50, F, shiny|100/100\n|switch|p1b: Charizard|Charizard, L50, F|100/100\n|switch|p2a: Rotom|Rotom-Frost, L50|100/100\n|switch|p2b: Scovillain|Scovillain, L50, M|100/100\n|-weather|Snowscape|[from] ability: Snow Warning|[of] p1a: Ninetales\n|turn|1\n|\n|t:|1776526274\n|detailschange|p1b: Charizard|Charizard-Mega-X, L50, F\n|-mega|p1b: Charizard|Charizard|Charizardite X\n|move|p2a: Rotom|Volt Switch|p1b: Charizard\n|-resisted|p1b: Charizard|1\n|-damage|p1b: Charizard|82/100\n|\n|t:|1776526284\n|switch|p2a: Sinistcha|Sinistcha, L50|100/100|[from] Volt Switch\n|move|p1a: Ninetales|Aurora Veil|p1a: Ninetales\n|-sidestart|p1: SheZardOnMyY|move: Aurora Veil\n|move|p1b: Charizard|Dragon Dance|p1b: Charizard\n|-boost|p1b: Charizard|atk|1\n|-boost|p1b: Charizard|spe|1\n|move|p2b: Scovillain|Flamethrower|p1a: Ninetales\n|-supereffective|p1a: Ninetales|1\n|-damage|p1a: Ninetales|44/100\n|\n|-weather|Snowscape|[upkeep]\n|-ability|p2b: Scovillain|Moody|boost\n|-boost|p2b: Scovillain|def|2\n|-unboost|p2b: Scovillain|spd|1\n|upkeep\n|turn|2\n|\n|t:|1776526311\n|move|p2b: Scovillain|Protect|p2b: Scovillain\n|-singleturn|p2b: Scovillain|Protect\n|move|p1b: Charizard|Breaking Swipe|p2b: Scovillain|[spread] p2a\n|-activate|p2b: Scovillain|move: Protect\n|-damage|p2a: Sinistcha|72/100\n|-unboost|p2a: Sinistcha|atk|1\n|move|p1a: Ninetales|Blizzard|p2b: Scovillain|[spread] p2a\n|-activate|p2b: Scovillain|move: Protect\n|-supereffective|p2a: Sinistcha|1\n|-damage|p2a: Sinistcha|0 fnt\n|faint|p2a: Sinistcha\n|\n|-weather|Snowscape|[upkeep]\n|-ability|p2b: Scovillain|Moody|boost\n|-boost|p2b: Scovillain|atk|2\n|-unboost|p2b: Scovillain|spe|1\n|upkeep\n|\n|t:|1776526330\n|switch|p2a: Rotom|Rotom-Frost, L50|100/100\n|turn|3\n|\n|t:|1776526346\n|detailschange|p2b: Scovillain|Scovillain-Mega, L50, M\n|-mega|p2b: Scovillain|Scovillain|Scovillainite\n|move|p2a: Rotom|Blizzard|p1a: Ninetales|[spread] p1a,p1b\n|-resisted|p1a: Ninetales|1\n|-damage|p1a: Ninetales|30/100\n|-damage|p1b: Charizard|54/100\n|move|p1b: Charizard|Flare Blitz|p2a: Rotom\n|-supereffective|p2a: Rotom|1\n|-damage|p2a: Rotom|0 fnt\n|faint|p2a: Rotom\n|-damage|p1b: Charizard|31/100|[from] Recoil\n|move|p1a: Ninetales|Blizzard|p2b: Scovillain\n|-damage|p2b: Scovillain|46/100\n|-status|p1a: Ninetales|brn|[from] ability: Spicy Spray|[of] p2b: Scovillain\n|move|p2b: Scovillain|Leech Seed|p1b: Charizard\n|-start|p1b: Charizard|move: Leech Seed\n|\n|-weather|Snowscape|[upkeep]\n|-damage|p1b: Charizard|19/100|[from] Leech Seed|[of] p2b: Scovillain\n|-heal|p2b: Scovillain|59/100|[silent]\n|-damage|p1a: Ninetales|24/100 brn|[from] brn\n|upkeep\n|\n|t:|1776526367\n|switch|p2a: Vanilluxe|Vanilluxe, L50, M|100/100\n|turn|4\n|\n|t:|1776526381\n|switch|p1a: Sinistcha|Sinistcha-Masterpiece, L50|100/100\n|-heal|p1b: Charizard|44/100|[from] ability: Hospitality|[of] p1a: Sinistcha\n|move|p2b: Scovillain|Protect|p2b: Scovillain\n|-singleturn|p2b: Scovillain|Protect\n|move|p1b: Charizard|Flare Blitz|p2a: Vanilluxe\n|-supereffective|p2a: Vanilluxe|1\n|-damage|p2a: Vanilluxe|0 fnt\n|faint|p2a: Vanilluxe\n|-damage|p1b: Charizard|10/100|[from] Recoil\n|\n|-weather|Snowscape|[upkeep]\n|-damage|p1b: Charizard|0 fnt|[from] Leech Seed|[of] p2b: Scovillain\n|-heal|p2b: Scovillain|69/100|[silent]\n|faint|p1b: Charizard\n|upkeep\n|\n|t:|1776526391\n|switch|p1b: Ninetales|Ninetales-Alola, L50, F, shiny|24/100 brn\n|turn|5\n|\n|t:|1776526406\n|move|p1b: Ninetales|Blizzard|p2b: Scovillain\n|-damage|p2b: Scovillain|18/100\n|move|p1a: Sinistcha|Matcha Gotcha|p2b: Scovillain|[miss]\n|-miss|p1a: Sinistcha|p2b: Scovillain\n|move|p2b: Scovillain|Leech Seed|p1b: Ninetales\n|-start|p1b: Ninetales|move: Leech Seed\n|\n|-weather|none\n|-damage|p1b: Ninetales|12/100 brn|[from] Leech Seed|[of] p2b: Scovillain\n|-heal|p2b: Scovillain|28/100|[silent]\n|-damage|p1b: Ninetales|6/100 brn|[from] brn\n|-sideend|p1: SheZardOnMyY|move: Aurora Veil\n|upkeep\n|turn|6\n|\n|t:|1776526423\n|move|p2b: Scovillain|Protect|p2b: Scovillain\n|-singleturn|p2b: Scovillain|Protect\n|move|p1b: Ninetales|Blizzard|p2b: Scovillain\n|-activate|p2b: Scovillain|move: Protect\n|move|p1a: Sinistcha|Matcha Gotcha|p2b: Scovillain\n|-activate|p2b: Scovillain|move: Protect\n|\n|-damage|p1b: Ninetales|0 fnt|[from] Leech Seed|[of] p2b: Scovillain\n|-heal|p2b: Scovillain|33/100|[silent]\n|faint|p1b: Ninetales\n|upkeep\n|\n|t:|1776526426\n|switch|p1b: Basculegion|Basculegion, L50, M|100/100\n|turn|7\n|\n|t:|1776526440\n|move|p1b: Basculegion|Last Respects|p2b: Scovillain\n|-damage|p2b: Scovillain|0 fnt\n|-status|p1b: Basculegion|brn|[from] ability: Spicy Spray|[of] p2b: Scovillain\n|faint|p2b: Scovillain\n|\n|win|SheZardOnMyY\n|raw|SheZardOnMyY's rating: 1028 &rarr; <strong>1068</strong><br />(+40 for winning)\n|raw|hydrator16's rating: 1068 &rarr; <strong>1045</strong><br />(-23 for losing)\n",
  "uploadtime": 1776526443,
  "views": 15,
  "formatid": "gen9championsvgc2026regma",
  "rating": 1045,
  "private": 0,
  "password": null
}