{
  "id": "gen9championsvgc2026regma-2587740844",
  "format": "[Gen 9 Champions] VGC 2026 Reg M-A",
  "players": [
    "itzmauitime",
    "bleebobloop"
  ],
  "log": "|j|\u2606itzmauitime\n|j|\u2606bleebobloop\n|t:|1776559290\n|gametype|doubles\n|player|p1|itzmauitime|170|1245\n|player|p2|bleebobloop|bruno|1209\n|gen|9\n|tier|[Gen 9 Champions] VGC 2026 Reg M-A\n|rated|\n|rule|Species Clause: Limit one of each Pok\u00e9mon\n|rule|Item Clause: Limit 1 of each item\n|clearpoke\n|poke|p1|Tyranitar, L50, M|\n|poke|p1|Skeledirge, L50, M|\n|poke|p1|Hatterene, L50, F|\n|poke|p1|Araquanid, L50, F|\n|poke|p1|Scizor, L50, F|\n|poke|p1|Clawitzer, L50, F|\n|poke|p2|Delphox, L50, F|\n|poke|p2|Torkoal, L50, F|\n|poke|p2|Orthworm, L50, F|\n|poke|p2|Floette-Eternal, L50, F|\n|poke|p2|Garchomp, L50, M|\n|poke|p2|Araquanid, L50, F|\n|teampreview|4\n|\n|t:|1776559333\n|teamsize|p1|4\n|teamsize|p2|4\n|start\n|switch|p1a: Araquanid|Araquanid, L50, F|100/100\n|switch|p1b: Skeledirge|Skeledirge, L50, M|100/100\n|switch|p2a: Delphox|Delphox, L50, F|100/100\n|switch|p2b: Garchomp|Garchomp, L50, M|100/100\n|turn|1\n|inactive|Battle timer is ON: inactive players will automatically lose when time's up. (requested by itzmauitime)\n|\n|t:|1776559360\n|detailschange|p2a: Delphox|Delphox-Mega, L50, F\n|-mega|p2a: Delphox|Delphox|Delphoxite\n|move|p2a: Delphox|Protect|p2a: Delphox\n|-singleturn|p2a: Delphox|Protect\n|move|p2b: Garchomp|Rock Slide|p1b: Skeledirge|[spread] p1a,p1b\n|-supereffective|p1a: Araquanid|1\n|-supereffective|p1b: Skeledirge|1\n|-damage|p1a: Araquanid|65/100\n|-damage|p1b: Skeledirge|61/100\n|move|p1b: Skeledirge|Slack Off|p1b: Skeledirge\n|-heal|p1b: Skeledirge|100/100\n|move|p1a: Araquanid|Liquidation|p2b: Garchomp\n|-damage|p2b: Garchomp|46/100\n|-damage|p1a: Araquanid|53/100|[from] ability: Rough Skin|[of] p2b: Garchomp\n|\n|-heal|p1a: Araquanid|59/100|[from] item: Leftovers\n|upkeep\n|turn|2\n|\n|t:|1776559379\n|move|p1a: Araquanid|Wide Guard|p1a: Araquanid\n|-singleturn|p1a: Araquanid|Wide Guard\n|move|p2b: Garchomp|Rock Slide|p1a: Araquanid|[spread] \n|-activate|p1a: Araquanid|move: Wide Guard\n|-activate|p1b: Skeledirge|move: Wide Guard\n|move|p2a: Delphox|Psyshock|p1a: Araquanid\n|-damage|p1a: Araquanid|17/100\n|move|p1b: Skeledirge|Shadow Ball|p2a: Delphox\n|-supereffective|p2a: Delphox|1\n|-damage|p2a: Delphox|24/100\n|\n|-heal|p1a: Araquanid|23/100|[from] item: Leftovers\n|upkeep\n|turn|3\n|inactive|bleebobloop has 30 seconds left.\n|\n|t:|1776559412\n|switch|p2b: Torkoal|Torkoal, L50, F|100/100\n|-weather|SunnyDay|[from] ability: Drought|[of] p2b: Torkoal\n|move|p2a: Delphox|Protect|p2a: Delphox\n|-singleturn|p2a: Delphox|Protect\n|move|p1a: Araquanid|Wide Guard|p1a: Araquanid\n|-singleturn|p1a: Araquanid|Wide Guard\n|move|p1b: Skeledirge|Shadow Ball|p2b: Torkoal\n|-damage|p2b: Torkoal|60/100\n|\n|-weather|SunnyDay|[upkeep]\n|-heal|p1a: Araquanid|28/100|[from] item: Leftovers\n|upkeep\n|turn|4\n|inactive|itzmauitime has 30 seconds left.\n|inactive|itzmauitime has 20 seconds left.\n|\n|t:|1776559452\n|move|p2a: Delphox|Psyshock|p1a: Araquanid\n|-damage|p1a: Araquanid|0 fnt\n|faint|p1a: Araquanid\n|move|p1b: Skeledirge|Torch Song|p2a: Delphox\n|-resisted|p2a: Delphox|1\n|-damage|p2a: Delphox|0 fnt\n|-boost|p1b: Skeledirge|spa|1\n|faint|p2a: Delphox\n|move|p2b: Torkoal|Earth Power|p1b: Skeledirge\n|-supereffective|p1b: Skeledirge|1\n|-damage|p1b: Skeledirge|48/100\n|\n|-weather|SunnyDay|[upkeep]\n|upkeep\n|\n|t:|1776559465\n|switch|p2a: Garchomp|Garchomp, L50, M|46/100\n|switch|p1a: Scizor|Scizor, L50, F|100/100\n|turn|5\n|\n|t:|1776559482\n|switch|p2b: Orthworm|Orthworm, L50, F|100/100\n|detailschange|p1a: Scizor|Scizor-Mega, L50, F\n|-mega|p1a: Scizor|Scizor|Scizorite\n|move|p1a: Scizor|Bullet Punch|p2a: Garchomp\n|-damage|p2a: Garchomp|11/100\n|-damage|p1a: Scizor|88/100|[from] ability: Rough Skin|[of] p2a: Garchomp\n|move|p2a: Garchomp|Earthquake|p1b: Skeledirge|[spread] p1a,p1b\n|-immune|p2b: Orthworm|[from] ability: Earth Eater\n|-supereffective|p1b: Skeledirge|1\n|-damage|p1a: Scizor|54/100\n|-damage|p1b: Skeledirge|0 fnt\n|faint|p1b: Skeledirge\n|\n|-weather|SunnyDay|[upkeep]\n|upkeep\n|\n|t:|1776559493\n|switch|p1b: Tyranitar|Tyranitar, L50, M|100/100\n|-weather|Sandstorm|[from] ability: Sand Stream|[of] p1b: Tyranitar\n|turn|6\n|\n|t:|1776559508\n|switch|p2a: Torkoal|Torkoal, L50, F|60/100\n|-weather|SunnyDay|[from] ability: Drought|[of] p2a: Torkoal\n|move|p2b: Orthworm|Coil|p2b: Orthworm\n|-boost|p2b: Orthworm|atk|1\n|-boost|p2b: Orthworm|def|1\n|-boost|p2b: Orthworm|accuracy|1\n|move|p1a: Scizor|Swords Dance|p1a: Scizor\n|-boost|p1a: Scizor|atk|2\n|move|p1b: Tyranitar|Rock Slide|p2b: Orthworm|[spread] p2a,p2b\n|-supereffective|p2a: Torkoal|1\n|-resisted|p2b: Orthworm|1\n|-damage|p2a: Torkoal|0 fnt\n|-damage|p2b: Orthworm|93/100\n|faint|p2a: Torkoal\n|\n|-weather|SunnyDay|[upkeep]\n|-heal|p2b: Orthworm|99/100|[from] item: Leftovers\n|upkeep\n|\n|t:|1776559519\n|switch|p2a: Garchomp|Garchomp, L50, M|11/100\n|turn|7\n|\n|t:|1776559533\n|move|p1a: Scizor|Protect|p1a: Scizor\n|-singleturn|p1a: Scizor|Protect\n|move|p2a: Garchomp|Earthquake|p1b: Tyranitar|[spread] p1b\n|-activate|p1a: Scizor|move: Protect\n|-heal|p2b: Orthworm|100/100|[from] ability: Earth Eater|[of] p2a: Garchomp\n|-supereffective|p1b: Tyranitar|1\n|-damage|p1b: Tyranitar|33/100\n|move|p2b: Orthworm|Body Press|p1a: Scizor\n|-activate|p1a: Scizor|move: Protect\n|move|p1b: Tyranitar|Rock Slide|p2a: Garchomp|[spread] p2a,p2b\n|-resisted|p2a: Garchomp|1\n|-resisted|p2b: Orthworm|1\n|-damage|p2a: Garchomp|0 fnt\n|-damage|p2b: Orthworm|93/100\n|faint|p2a: Garchomp\n|\n|-weather|SunnyDay|[upkeep]\n|-heal|p2b: Orthworm|99/100|[from] item: Leftovers\n|upkeep\n|turn|8\n|\n|t:|1776559554\n|move|p2b: Orthworm|Body Press|p1a: Scizor\n|-damage|p1a: Scizor|22/100\n|move|p1a: Scizor|Bug Bite|p2b: Orthworm\n|-resisted|p2b: Orthworm|1\n|-damage|p2b: Orthworm|73/100\n|move|p1b: Tyranitar|Crunch|p2b: Orthworm\n|-damage|p2b: Orthworm|49/100\n|\n|-weather|SunnyDay|[upkeep]\n|-heal|p2b: Orthworm|55/100|[from] item: Leftovers\n|upkeep\n|turn|9\n|\n|t:|1776559572\n|move|p1a: Scizor|Protect|p1a: Scizor\n|-singleturn|p1a: Scizor|Protect\n|move|p2b: Orthworm|Body Press|p1b: Tyranitar\n|-supereffective|p1b: Tyranitar|2\n|-damage|p1b: Tyranitar|0 fnt\n|faint|p1b: Tyranitar\n|\n|-weather|SunnyDay|[upkeep]\n|-heal|p2b: Orthworm|62/100|[from] item: Leftovers\n|upkeep\n|turn|10\n|\n|t:|1776559577\n|move|p1a: Scizor|Bug Bite|p2b: Orthworm\n|-resisted|p2b: Orthworm|1\n|-damage|p2b: Orthworm|34/100\n|move|p2b: Orthworm|Body Press|p1a: Scizor\n|-damage|p1a: Scizor|0 fnt\n|faint|p1a: Scizor\n|\n|win|bleebobloop\n|raw|itzmauitime's rating: 1245 &rarr; <strong>1217</strong><br />(-28 for losing)\n|raw|bleebobloop's rating: 1209 &rarr; <strong>1237</strong><br />(+28 for winning)\n",
  "uploadtime": 1776559581,
  "views": 23,
  "formatid": "gen9championsvgc2026regma",
  "rating": 1217,
  "private": 0,
  "password": null
}