{
  "id": "gen9championsvgc2026regma-2585051952",
  "format": "[Gen 9 Champions] VGC 2026 Reg M-A",
  "players": [
    "noohooloo",
    "Hemlocks in May"
  ],
  "log": "|j|\u2606noohooloo\n|j|\u2606Hemlocks in May\n|t:|1776306944\n|gametype|doubles\n|player|p1|noohooloo|cynthia-gen4|1133\n|player|p2|Hemlocks in May|plasmagruntf-gen5bw|1054\n|gen|9\n|tier|[Gen 9 Champions] VGC 2026 Reg M-A\n|rated|\n|rule|Species Clause: Limit one of each Pok\u00e9mon\n|rule|Item Clause: Limit 1 of each item\n|clearpoke\n|poke|p1|Garchomp, L50, F|\n|poke|p1|Rotom-Wash, L50|\n|poke|p1|Aerodactyl, L50, F|\n|poke|p1|Incineroar, L50, F|\n|poke|p1|Meowscarada, L50, M|\n|poke|p1|Tyranitar, L50, F|\n|poke|p2|Froslass, L50, F|\n|poke|p2|Ninetales-Alola, L50, F|\n|poke|p2|Arcanine-Hisui, L50, M|\n|poke|p2|Milotic, L50, M|\n|poke|p2|Rotom-Wash, L50|\n|poke|p2|Kommo-o, L50, F|\n|teampreview|4\n|\n|t:|1776306982\n|teamsize|p1|4\n|teamsize|p2|4\n|start\n|switch|p1a: Garchomp|Garchomp, L50, F|100/100\n|switch|p1b: Rotom|Rotom-Wash, L50|100/100\n|switch|p2a: Kommo-o|Kommo-o, L50, F|100/100\n|switch|p2b: Montana|Rotom-Wash, L50|100/100\n|turn|1\n|\n|t:|1776307012\n|detailschange|p1a: Garchomp|Garchomp-Mega, L50, F\n|-mega|p1a: Garchomp|Garchomp|Garchompite\n|move|p1b: Rotom|Electroweb|p2b: Montana|[spread] p2a,p2b\n|-resisted|p2a: Kommo-o|1\n|-damage|p2a: Kommo-o|90/100\n|-damage|p2b: Montana|83/100\n|-unboost|p2a: Kommo-o|spe|1\n|-unboost|p2b: Montana|spe|1\n|move|p1a: Garchomp|Dragon Claw|p2a: Kommo-o\n|-supereffective|p2a: Kommo-o|1\n|-enditem|p2a: Kommo-o|Haban Berry|[eat]\n|-enditem|p2a: Kommo-o|Haban Berry|[weaken]\n|-damage|p2a: Kommo-o|53/100\n|move|p2a: Kommo-o|Draco Meteor|p1a: Garchomp|[miss]\n|-miss|p2a: Kommo-o|p1a: Garchomp\n|move|p2b: Montana|Will-O-Wisp|p1b: Rotom\n|-status|p1b: Rotom|brn\n|\n|-damage|p1b: Rotom|95/100 brn|[from] brn\n|upkeep\n|turn|2\n|\n|t:|1776307055\n|move|p2a: Kommo-o|Protect|p2a: Kommo-o\n|-singleturn|p2a: Kommo-o|Protect\n|move|p1b: Rotom|Thunderbolt|p2a: Kommo-o\n|-activate|p2a: Kommo-o|move: Protect\n|move|p1a: Garchomp|Dragon Claw|p2a: Kommo-o\n|-activate|p2a: Kommo-o|move: Protect\n|move|p2b: Montana|Volt Switch|p1b: Rotom\n|-damage|p1b: Rotom|58/100 brn\n|\n|t:|1776307066\n|switch|p2b: Grace|Ninetales-Alola, L50, F|100/100|[from] Volt Switch\n|-weather|Snowscape|[from] ability: Snow Warning|[of] p2b: Grace\n|\n|-weather|Snowscape|[upkeep]\n|-damage|p1b: Rotom|52/100 brn|[from] brn\n|upkeep\n|turn|3\n|\n|t:|1776307085\n|switch|p2a: Montana|Rotom-Wash, L50|83/100\n|move|p1a: Garchomp|Protect|p1a: Garchomp\n|-singleturn|p1a: Garchomp|Protect\n|move|p2b: Grace|Aurora Veil|p2b: Grace\n|-sidestart|p2: Hemlocks in May|move: Aurora Veil\n|move|p1b: Rotom|Electroweb|p2a: Montana|[spread] p2a,p2b\n|-damage|p2a: Montana|71/100\n|-damage|p2b: Grace|86/100\n|-unboost|p2a: Montana|spe|1\n|-unboost|p2b: Grace|spe|1\n|\n|-weather|Snowscape|[upkeep]\n|-damage|p1b: Rotom|47/100 brn|[from] brn\n|upkeep\n|turn|4\n|\n|t:|1776307142\n|switch|p1a: Tyranitar|Tyranitar, L50, F|100/100\n|-weather|Sandstorm|[from] ability: Sand Stream|[of] p1a: Tyranitar\n|move|p1b: Rotom|Electroweb|p2a: Montana|[spread] p2a,p2b\n|-damage|p2a: Montana|58/100\n|-damage|p2b: Grace|71/100\n|-unboost|p2a: Montana|spe|1\n|-unboost|p2b: Grace|spe|1\n|move|p2b: Grace|Moonblast|p1a: Tyranitar\n|-supereffective|p1a: Tyranitar|1\n|-damage|p1a: Tyranitar|68/100\n|move|p2a: Montana|Volt Switch|p1b: Rotom\n|-damage|p1b: Rotom|13/100 brn\n|\n|t:|1776307161\n|switch|p2a: Kommo-o|Kommo-o, L50, F|53/100|[from] Volt Switch\n|\n|-weather|Sandstorm|[upkeep]\n|-damage|p1b: Rotom|8/100 brn|[from] Sandstorm\n|-damage|p2a: Kommo-o|47/100|[from] Sandstorm\n|-damage|p2b: Grace|65/100|[from] Sandstorm\n|-damage|p1b: Rotom|2/100 brn|[from] brn\n|upkeep\n|turn|5\n|\n|t:|1776307190\n|switch|p2b: Montana|Rotom-Wash, L50|58/100\n|move|p1b: Rotom|Thunderbolt|p2b: Montana\n|-damage|p2b: Montana|29/100\n|-enditem|p2b: Montana|Sitrus Berry|[eat]\n|-heal|p2b: Montana|53/100|[from] item: Sitrus Berry\n|move|p2a: Kommo-o|Body Press|p1a: Tyranitar\n|-supereffective|p1a: Tyranitar|2\n|-damage|p1a: Tyranitar|0 fnt\n|faint|p1a: Tyranitar\n|\n|-weather|Sandstorm|[upkeep]\n|-damage|p1b: Rotom|0 fnt|[from] Sandstorm\n|-damage|p2b: Montana|48/100|[from] Sandstorm\n|-damage|p2a: Kommo-o|42/100|[from] Sandstorm\n|faint|p1b: Rotom\n|upkeep\n|\n|t:|1776307203\n|switch|p1b: Meowscarada|Meowscarada, L50, M|100/100\n|switch|p1a: Garchomp|Garchomp-Mega, L50, F|100/100\n|turn|6\n|\n|t:|1776307224\n|move|p2a: Kommo-o|Protect|p2a: Kommo-o\n|-singleturn|p2a: Kommo-o|Protect\n|move|p1b: Meowscarada|Acrobatics|p2a: Kommo-o\n|-start|p1b: Meowscarada|typechange|Flying|[from] ability: Protean\n|-activate|p2a: Kommo-o|move: Protect\n|move|p1a: Garchomp|Dragon Claw|p2a: Kommo-o\n|-activate|p2a: Kommo-o|move: Protect\n|move|p2b: Montana|Volt Switch|p1b: Meowscarada\n|-supereffective|p1b: Meowscarada|1\n|-damage|p1b: Meowscarada|19/100\n|\n|t:|1776307236\n|switch|p2b: Grace|Ninetales-Alola, L50, F|65/100|[from] Volt Switch\n|-weather|Snowscape|[from] ability: Snow Warning|[of] p2b: Grace\n|\n|-weather|Snowscape|[upkeep]\n|upkeep\n|turn|7\n|\n|t:|1776307254\n|switch|p2a: Montana|Rotom-Wash, L50|48/100\n|move|p1b: Meowscarada|Acrobatics|p2a: Montana\n|-resisted|p2a: Montana|1\n|-damage|p2a: Montana|31/100\n|move|p2b: Grace|Blizzard|p1b: Meowscarada|[spread] p1a,p1b\n|-supereffective|p1a: Garchomp|2\n|-supereffective|p1b: Meowscarada|1\n|-damage|p1a: Garchomp|2/100\n|-damage|p1b: Meowscarada|0 fnt\n|faint|p1b: Meowscarada\n|move|p1a: Garchomp|Earthquake|p2a: Montana|[spread] p2b\n|-immune|p2a: Montana|[from] ability: Levitate\n|-damage|p2b: Grace|36/100\n|\n|-weather|Snowscape|[upkeep]\n|-sideend|p2: Hemlocks in May|move: Aurora Veil\n|upkeep\n|turn|8\n|-message|noohooloo forfeited.\n|\n|win|Hemlocks in May\n|raw|noohooloo's rating: 1133 &rarr; <strong>1102</strong><br />(-31 for losing)\n|raw|Hemlocks in May's rating: 1054 &rarr; <strong>1093</strong><br />(+39 for winning)\n|l|\u2606noohooloo\n|player|p1|\n",
  "uploadtime": 1776307407,
  "views": 23,
  "formatid": "gen9championsvgc2026regma",
  "rating": 1093,
  "private": 0,
  "password": null
}