{
  "id": "gen9championsvgc2026regma-2584835651",
  "format": "[Gen 9 Champions] VGC 2026 Reg M-A",
  "players": [
    "retrojp",
    "chessin776"
  ],
  "log": "|j|\u2606retrojp\n|j|\u2606chessin776\n|t:|1776287375\n|gametype|doubles\n|player|p1|retrojp|2|1065\n|player|p2|chessin776|102|1131\n|gen|9\n|tier|[Gen 9 Champions] VGC 2026 Reg M-A\n|rated|\n|rule|Species Clause: Limit one of each Pok\u00e9mon\n|rule|Item Clause: Limit 1 of each item\n|clearpoke\n|poke|p1|Aggron, L50, F|\n|poke|p1|Aerodactyl, L50, M|\n|poke|p1|Hydreigon, L50, F|\n|poke|p1|Tyranitar, L50, M|\n|poke|p1|Sneasler, L50, M|\n|poke|p1|Sinistcha, L50|\n|poke|p2|Charizard, L50, M|\n|poke|p2|Venusaur, L50, M|\n|poke|p2|Clefable, L50, F|\n|poke|p2|Primarina, L50, F|\n|poke|p2|Farigiraf, L50, M|\n|poke|p2|Aegislash, L50, M|\n|teampreview|4\n|inactive|Battle timer is ON: inactive players will automatically lose when time's up. (requested by retrojp)\nretrojp rejected open team sheets.\n|\n|t:|1776287406\n|teamsize|p1|4\n|teamsize|p2|4\n|start\n|switch|p1a: Aggron|Aggron, L50, F|100/100\n|switch|p1b: Sneasler|Sneasler, L50, M|100/100\n|switch|p2a: Aegislash|Aegislash, L50, M|100/100\n|switch|p2b: Farigiraf|Farigiraf, L50, M|100/100\n|-ability|p1b: Sneasler|Pressure\n|turn|1\n|inactive|chessin776 has 30 seconds left.\n|inactive|chessin776 has 20 seconds left.\n|\n|t:|1776287446\n|move|p1b: Sneasler|Coaching|p1a: Aggron\n|-boost|p1a: Aggron|atk|1\n|-boost|p1a: Aggron|def|1\n|-formechange|p2a: Aegislash|Aegislash-Blade|\n|move|p2a: Aegislash|Shadow Claw|p1a: Aggron\n|-damage|p1a: Aggron|86/100\n|move|p1a: Aggron|Iron Defense|p1a: Aggron\n|-boost|p1a: Aggron|def|2\n|move|p2b: Farigiraf|Trick Room|p2b: Farigiraf\n|-fieldstart|move: Trick Room|[of] p2b: Farigiraf\n|\n|upkeep\n|turn|2\n|inactive|retrojp has 30 seconds left.\n|inactive|chessin776 has 30 seconds left.\n|inactive|chessin776 has 20 seconds left.\n|inactive|chessin776 has 15 seconds left.\n|\n|t:|1776287486\n|switch|p2b: Clefable|Clefable, L50, F|100/100\n|detailschange|p1a: Aggron|Aggron-Mega, L50, F\n|-mega|p1a: Aggron|Aggron|Aggronite\n|move|p1a: Aggron|Body Press|p2b: Clefable\n|-resisted|p2b: Clefable|1\n|-damage|p2b: Clefable|51/100\n|move|p2a: Aegislash|Gyro Ball|p1b: Sneasler\n|-damage|p1b: Sneasler|23/100\n|move|p1b: Sneasler|Coaching|p1a: Aggron\n|-boost|p1a: Aggron|atk|1\n|-boost|p1a: Aggron|def|1\n|\n|upkeep\n|turn|3\n|\n|t:|1776287506\n|move|p1a: Aggron|Heavy Slam|p2b: Clefable\n|-supereffective|p2b: Clefable|1\n|-damage|p2b: Clefable|0 fnt\n|faint|p2b: Clefable\n|move|p2a: Aegislash|Gyro Ball|p1b: Sneasler\n|-damage|p1b: Sneasler|0 fnt\n|faint|p1b: Sneasler\n|\n|upkeep\n|\n|t:|1776287515\n|switch|p2b: Farigiraf|Farigiraf, L50, M|100/100\n|switch|p1b: Sinistcha|Sinistcha, L50|100/100\n|-heal|p1a: Aggron|100/100|[from] ability: Hospitality|[of] p1b: Sinistcha\n|turn|4\n|\n|t:|1776287533\n|move|p1a: Aggron|Body Press|p2b: Farigiraf\n|-damage|p2b: Farigiraf|0 fnt\n|faint|p2b: Farigiraf\n|move|p2a: Aegislash|Shadow Claw|p1b: Sinistcha\n|-supereffective|p1b: Sinistcha|1\n|-damage|p1b: Sinistcha|36/100\n|move|p1b: Sinistcha|Matcha Gotcha|p2a: Aegislash\n|-resisted|p2a: Aegislash|1\n|-damage|p2a: Aegislash|72/100\n|-heal|p1b: Sinistcha|49/100|[from] drain|[of] p2a: Aegislash\n|\n|upkeep\n|\n|t:|1776287537\n|switch|p2b: Primarina|Primarina, L50, F|100/100\n|turn|5\n|\n|t:|1776287551\n|move|p1a: Aggron|Protect|p1a: Aggron\n|-singleturn|p1a: Aggron|Protect\n|move|p2b: Primarina|Protect|p2b: Primarina\n|-singleturn|p2b: Primarina|Protect\n|move|p2a: Aegislash|Shadow Claw|p1b: Sinistcha\n|-supereffective|p1b: Sinistcha|1\n|-damage|p1b: Sinistcha|0 fnt\n|faint|p1b: Sinistcha\n|\n|-fieldend|move: Trick Room\n|upkeep\n|\n|t:|1776287562\n|switch|p1b: Tyranitar|Tyranitar, L50, M|100/100\n|-weather|Sandstorm|[from] ability: Sand Stream|[of] p1b: Tyranitar\n|turn|6\n|\n|t:|1776287579\n|move|p1b: Tyranitar|Rock Slide|p2a: Aegislash|[spread] p2a,p2b\n|-resisted|p2a: Aegislash|1\n|-damage|p2a: Aegislash|42/100\n|-damage|p2b: Primarina|64/100\n|move|p2a: Aegislash|Close Combat|p1b: Tyranitar\n|-supereffective|p1b: Tyranitar|2\n|-enditem|p1b: Tyranitar|Focus Sash\n|-damage|p1b: Tyranitar|1/100\n|-unboost|p2a: Aegislash|def|1\n|-unboost|p2a: Aegislash|spd|1\n|move|p2b: Primarina|Hyper Voice|p1b: Tyranitar|[spread] p1a,p1b\n|-supereffective|p1b: Tyranitar|1\n|-damage|p1a: Aggron|58/100\n|-damage|p1b: Tyranitar|0 fnt\n|faint|p1b: Tyranitar\n|move|p1a: Aggron|Body Press|p2b: Primarina\n|-resisted|p2b: Primarina|1\n|-damage|p2b: Primarina|0 fnt\n|faint|p2b: Primarina\n|\n|-weather|Sandstorm|[upkeep]\n|upkeep\n|turn|7\n|\n|t:|1776287601\n|-formechange|p2a: Aegislash|Aegislash|\n|move|p2a: Aegislash|King's Shield|p2a: Aegislash\n|-singleturn|p2a: Aegislash|Protect\n|move|p1a: Aggron|Heavy Slam|p2a: Aegislash\n|-activate|p2a: Aegislash|move: Protect\n|-unboost|p1a: Aggron|atk|1\n|\n|-weather|Sandstorm|[upkeep]\n|upkeep\n|turn|8\n|\n|t:|1776287616\n|-formechange|p2a: Aegislash|Aegislash-Blade|\n|move|p2a: Aegislash|Close Combat|p1a: Aggron\n|-supereffective|p1a: Aggron|1\n|-damage|p1a: Aggron|47/100\n|-unboost|p2a: Aegislash|def|1\n|-unboost|p2a: Aegislash|spd|1\n|move|p1a: Aggron|Heavy Slam|p2a: Aegislash\n|-resisted|p2a: Aegislash|1\n|-damage|p2a: Aegislash|0 fnt\n|faint|p2a: Aegislash\n|\n|win|retrojp\n|raw|retrojp's rating: 1065 &rarr; <strong>1101</strong><br />(+36 for winning)\n|raw|chessin776's rating: 1131 &rarr; <strong>1101</strong><br />(-30 for losing)\n|c|\u2606chessin776|ggwp\n|c|\u2606retrojp|Thanks you too\n",
  "uploadtime": 1776287627,
  "views": 28,
  "formatid": "gen9championsvgc2026regma",
  "rating": 1101,
  "private": 0,
  "password": null
}