{
  "id": "gen9championsvgc2026regma-2581970047",
  "format": "[Gen 9 Champions] VGC 2026 Reg M-A",
  "players": [
    "AsiaNord27",
    "johnkharkiv"
  ],
  "log": "|j|\u2606AsiaNord27\n|j|\u2606johnkharkiv\n|t:|1776044322\n|gametype|doubles\n|player|p1|AsiaNord27|blackbelt-gen4dp|1102\n|player|p2|johnkharkiv|swimmerf-gen4dp|1133\n|gen|9\n|tier|[Gen 9 Champions] VGC 2026 Reg M-A\n|rated|\n|rule|Species Clause: Limit one of each Pok\u00e9mon\n|rule|Item Clause: Limit 1 of each item\n|clearpoke\n|poke|p1|Tyranitar, L50, F|\n|poke|p1|Starmie, L50|\n|poke|p1|Garchomp, L50, M|\n|poke|p1|Incineroar, L50, F|\n|poke|p1|Rotom-Mow, L50|\n|poke|p1|Aegislash, L50, M|\n|poke|p2|Politoed, L50, M|\n|poke|p2|Chesnaught, L50, F|\n|poke|p2|Sinistcha-Masterpiece, L50|\n|poke|p2|Slowbro, L50, M|\n|poke|p2|Incineroar, L50, F|\n|poke|p2|Kleavor, L50, F|\n|teampreview|4\n|inactive|Battle timer is ON: inactive players will automatically lose when time's up. (requested by AsiaNord27)\n|\n|t:|1776044348\n|teamsize|p1|4\n|teamsize|p2|4\n|start\n|switch|p1a: Starmie|Starmie, L50|100/100\n|switch|p1b: Incineroar|Incineroar, L50, F|100/100\n|switch|p2a: Chesnutty|Chesnaught, L50, F|100/100\n|switch|p2b: Kleavor|Kleavor, L50, F|100/100\n|-ability|p1b: Incineroar|Intimidate|boost\n|-unboost|p2a: Chesnutty|atk|1\n|-unboost|p2b: Kleavor|atk|1\n|turn|1\n|inactive|johnkharkiv has 30 seconds left.\n|\n|t:|1776044378\n|switch|p2a: NPC Mon|Incineroar, L50, F|100/100\n|-ability|p2a: NPC Mon|Intimidate|boost\n|-unboost|p1a: Starmie|atk|1\n|-unboost|p1b: Incineroar|atk|1\n|detailschange|p1a: Starmie|Starmie-Mega, L50\n|-mega|p1a: Starmie|Starmie|Starminite\n|move|p1b: Incineroar|Fake Out|p2b: Kleavor\n|-resisted|p2b: Kleavor|1\n|-damage|p2b: Kleavor|96/100\n|move|p1a: Starmie|Psychic|p2a: NPC Mon\n|-immune|p2a: NPC Mon\n|cant|p2b: Kleavor|flinch\n|\n|upkeep\n|turn|2\n|inactive|AsiaNord27 has 30 seconds left.\n|\n|t:|1776044403\n|move|p2a: NPC Mon|Fake Out|p1a: Starmie\n|-damage|p1a: Starmie|87/100\n|cant|p1a: Starmie|flinch\n|move|p2b: Kleavor|Stone Axe|p1b: Incineroar\n|-supereffective|p1b: Incineroar|1\n|-damage|p1b: Incineroar|19/100\n|-sidestart|p1: AsiaNord27|move: Stealth Rock\n|move|p1b: Incineroar|Parting Shot|p2a: NPC Mon\n|-unboost|p2a: NPC Mon|atk|1\n|-unboost|p2a: NPC Mon|spa|1\n|\n|t:|1776044416\n|switch|p1b: Garchomp|Garchomp, L50, M|100/100|[from] Parting Shot\n|-damage|p1b: Garchomp|94/100|[from] Stealth Rock\n|\n|upkeep\n|turn|3\n|\n|t:|1776044436\n|switch|p2b: Chesnutty|Chesnaught, L50, F|100/100\n|move|p1a: Starmie|Scald|p2b: Chesnutty\n|-resisted|p2b: Chesnutty|1\n|-crit|p2b: Chesnutty\n|-damage|p2b: Chesnutty|71/100\n|move|p1b: Garchomp|Stealth Rock|p2a: NPC Mon\n|-sidestart|p2: johnkharkiv|move: Stealth Rock\n|move|p2a: NPC Mon|Throat Chop|p1a: Starmie\n|-supereffective|p1a: Starmie|1\n|-damage|p1a: Starmie|34/100\n|-start|p1a: Starmie|Throat Chop|[silent]\n|\n|upkeep\n|turn|4\n|\n|t:|1776044459\n|switch|p1b: Incineroar|Incineroar, L50, F|19/100\n|-damage|p1b: Incineroar|0 fnt|[from] Stealth Rock\n|faint|p1b: Incineroar\n|move|p2b: Chesnutty|Spiky Shield|p2b: Chesnutty\n|-singleturn|p2b: Chesnutty|move: Protect\n|move|p1a: Starmie|Flip Turn|p2a: NPC Mon\n|-supereffective|p2a: NPC Mon|1\n|-damage|p2a: NPC Mon|68/100\n|\n|t:|1776044469\n|switch|p1a: Rotom|Rotom-Mow, L50|100/100|[from] Flip Turn\n|-damage|p1a: Rotom|88/100|[from] Stealth Rock\n|move|p2a: NPC Mon|Throat Chop|p1a: Rotom\n|-damage|p1a: Rotom|60/100\n|-start|p1a: Rotom|Throat Chop|[silent]\n|\n|upkeep\n|\n|t:|1776044479\n|switch|p1b: Garchomp|Garchomp, L50, M|94/100\n|-damage|p1b: Garchomp|88/100|[from] Stealth Rock\n|turn|5\n|\n|t:|1776044490\n|switch|p2a: Tea Girl|Sinistcha-Masterpiece, L50|100/100\n|-damage|p2a: Tea Girl|88/100|[from] Stealth Rock\n|-heal|p2b: Chesnutty|96/100|[from] ability: Hospitality|[of] p2a: Tea Girl\n|detailschange|p2b: Chesnutty|Chesnaught-Mega, L50, F\n|-mega|p2b: Chesnutty|Chesnaught|Chesnaughtite\n|move|p1b: Garchomp|Earthquake|p2a: Tea Girl|[spread] p2a,p2b\n|-immune|p1a: Rotom|[from] ability: Levitate\n|-resisted|p2a: Tea Girl|1\n|-resisted|p2b: Chesnutty|1\n|-damage|p2a: Tea Girl|70/100\n|-damage|p2b: Chesnutty|82/100\n|move|p1a: Rotom|Will-O-Wisp|p2b: Chesnutty\n|-status|p2b: Chesnutty|brn\n|move|p2b: Chesnutty|Belly Drum|p2b: Chesnutty\n|-damage|p2b: Chesnutty|32/100 brn\n|-setboost|p2b: Chesnutty|atk|6|[from] move: Belly Drum\n|\n|-damage|p2b: Chesnutty|26/100 brn|[from] brn\n|-end|p1a: Rotom|Throat Chop|[silent]\n|upkeep\n|turn|6\n|inactive|AsiaNord27 has 30 seconds left.\n|inactive|AsiaNord27 has 20 seconds left.\n|inactive|AsiaNord27 has 15 seconds left.\n|inactive|AsiaNord27 has 10 seconds left.\n|\n|t:|1776044539\n|move|p2b: Chesnutty|Spiky Shield|p2b: Chesnutty\n|-singleturn|p2b: Chesnutty|move: Protect\n|move|p1b: Garchomp|Dragon Claw|p2b: Chesnutty\n|-activate|p2b: Chesnutty|move: Protect\n|-damage|p1b: Garchomp|76/100|[from] Spiky Shield|[of] p2b: Chesnutty\n|move|p1a: Rotom|Discharge|p2a: Tea Girl|[spread] p2a\n|-activate|p2b: Chesnutty|move: Protect\n|-immune|p1b: Garchomp\n|-resisted|p2a: Tea Girl|1\n|-damage|p2a: Tea Girl|58/100\n|move|p2a: Tea Girl|Trick Room|p2a: Tea Girl\n|-fieldstart|move: Trick Room|[of] p2a: Tea Girl\n|\n|-damage|p2b: Chesnutty|20/100 brn|[from] brn\n|upkeep\n|turn|7\n|\n|t:|1776044561\n|move|p2b: Chesnutty|Drain Punch|p1a: Rotom\n|-damage|p1a: Rotom|0 fnt\n|-heal|p2b: Chesnutty|42/100 brn|[from] drain|[of] p1a: Rotom\n|faint|p1a: Rotom\n|move|p2a: Tea Girl|Life Dew|p2a: Tea Girl|[spread] p2a,p2b\n|-heal|p2a: Tea Girl|83/100\n|-heal|p2b: Chesnutty|67/100 brn\n|move|p1b: Garchomp|Dragon Claw|p2a: Tea Girl\n|-damage|p2a: Tea Girl|43/100\n|-enditem|p2a: Tea Girl|Sitrus Berry|[eat]\n|-heal|p2a: Tea Girl|68/100|[from] item: Sitrus Berry\n|\n|-damage|p2b: Chesnutty|61/100 brn|[from] brn\n|upkeep\n|\n|t:|1776044577\n|switch|p1a: Starmie|Starmie-Mega, L50|34/100\n|-damage|p1a: Starmie|22/100|[from] Stealth Rock\n|turn|8\n|\n|t:|1776044599\n|move|p2b: Chesnutty|Grassy Glide|p1a: Starmie\n|-supereffective|p1a: Starmie|1\n|-damage|p1a: Starmie|0 fnt\n|faint|p1a: Starmie\n|move|p2a: Tea Girl|Matcha Gotcha|p1b: Garchomp\n|-damage|p1b: Garchomp|38/100\n|-heal|p2a: Tea Girl|89/100|[from] drain|[of] p1b: Garchomp\n|move|p1b: Garchomp|Earthquake|p2a: Tea Girl|[spread] p2a,p2b\n|-resisted|p2a: Tea Girl|1\n|-resisted|p2b: Chesnutty|1\n|-crit|p2b: Chesnutty\n|-damage|p2a: Tea Girl|71/100\n|-damage|p2b: Chesnutty|40/100 brn\n|\n|-damage|p2b: Chesnutty|34/100 brn|[from] brn\n|upkeep\n|turn|9\n|-message|AsiaNord27 forfeited.\n|\n|win|johnkharkiv\n|raw|AsiaNord27's rating: 1102 &rarr; <strong>1079</strong><br />(-23 for losing)\n|raw|johnkharkiv's rating: 1133 &rarr; <strong>1156</strong><br />(+23 for winning)\n|l|\u2606AsiaNord27\n|player|p1|\n",
  "uploadtime": 1776044838,
  "views": 24,
  "formatid": "gen9championsvgc2026regma",
  "rating": 1079,
  "private": 0,
  "password": null
}