{
  "id": "gen9championsvgc2026regma-2585638420",
  "format": "[Gen 9 Champions] VGC 2026 Reg M-A",
  "players": [
    "bushidobayleef",
    "joymaxxing"
  ],
  "log": "|j|\u2606bushidobayleef\n|j|\u2606joymaxxing\n|t:|1776360516\n|gametype|doubles\n|player|p1|bushidobayleef|anabel-gen7|1331\n|player|p2|joymaxxing|elesa|1333\n|gen|9\n|tier|[Gen 9 Champions] VGC 2026 Reg M-A\n|rated|\n|rule|Species Clause: Limit one of each Pok\u00e9mon\n|rule|Item Clause: Limit 1 of each item\n|clearpoke\n|poke|p1|Glimmora, L50, F|\n|poke|p1|Tinkaton, L50, F|\n|poke|p1|Corviknight, L50, F|\n|poke|p1|Tauros-Paldea-Aqua, L50, M|\n|poke|p1|Tyranitar, L50, F|\n|poke|p1|Sinistcha-Masterpiece, L50|\n|poke|p2|Lopunny, L50, F|\n|poke|p2|Sylveon, L50, M|\n|poke|p2|Milotic, L50, F|\n|poke|p2|Incineroar, L50, M|\n|poke|p2|Garchomp, L50, M|\n|poke|p2|Sableye, L50, F|\n|teampreview|4\n|\n|t:|1776360547\n|teamsize|p1|4\n|teamsize|p2|4\n|start\n|switch|p1a: r/disnonored|Corviknight, L50, F|100/100\n|switch|p1b: Chucklenuts|Tinkaton, L50, F|100/100\n|switch|p2a: Lopunny|Lopunny, L50, F, shiny|100/100\n|switch|p2b: Sableye|Sableye, L50, F, shiny|100/100\n|turn|1\n|\n|t:|1776360581\n|detailschange|p2a: Lopunny|Lopunny-Mega, L50, F, shiny\n|-mega|p2a: Lopunny|Lopunny|Lopunnite\n|move|p2a: Lopunny|Fake Out|p1a: r/disnonored\n|-resisted|p1a: r/disnonored|1\n|-damage|p1a: r/disnonored|94/100\n|move|p2b: Sableye|Will-O-Wisp|p1a: r/disnonored\n|-status|p1a: r/disnonored|brn\n|move|p1b: Chucklenuts|Play Rough|p2a: Lopunny\n|-supereffective|p2a: Lopunny|1\n|-damage|p2a: Lopunny|10/100\n|cant|p1a: r/disnonored|flinch\n|\n|-damage|p1a: r/disnonored|88/100 brn|[from] brn\n|upkeep\n|turn|2\n|\n|t:|1776360604\n|switch|p1b: #myshelburne|Sinistcha-Masterpiece, L50|100/100\n|-heal|p1a: r/disnonored|100/100 brn|[from] ability: Hospitality|[of] p1b: #myshelburne\n|move|p2a: Lopunny|Protect|p2a: Lopunny\n|-singleturn|p2a: Lopunny|Protect\n|move|p2b: Sableye|Will-O-Wisp|p1b: #myshelburne\n|-status|p1b: #myshelburne|brn\n|move|p1a: r/disnonored|Tailwind|p1a: r/disnonored\n|-sidestart|p1: bushidobayleef|move: Tailwind\n|\n|-damage|p1b: #myshelburne|95/100 brn|[from] brn\n|-damage|p1a: r/disnonored|95/100 brn|[from] brn\n|upkeep\n|turn|3\n|\n|t:|1776360632\n|move|p2b: Sableye|Will-O-Wisp|p2a: Lopunny\n|-status|p2a: Lopunny|brn\n|move|p2a: Lopunny|Facade|p1b: #myshelburne\n|-damage|p1b: #myshelburne|38/100 brn\n|move|p1b: #myshelburne|Matcha Gotcha|p2b: Sableye|[spread] p2a,p2b\n|-damage|p2a: Lopunny|0 fnt\n|-heal|p1b: #myshelburne|42/100 brn|[from] drain|[of] p2a: Lopunny\n|-damage|p2b: Sableye|69/100\n|-heal|p1b: #myshelburne|56/100 brn|[from] drain|[of] p2b: Sableye\n|-status|p2b: Sableye|brn\n|faint|p2a: Lopunny\n|move|p1a: r/disnonored|Brave Bird|p2b: Sableye\n|-damage|p2b: Sableye|50/100 brn\n|-damage|p1a: r/disnonored|90/100 brn|[from] Recoil\n|\n|-damage|p1b: #myshelburne|50/100 brn|[from] brn\n|-damage|p1a: r/disnonored|84/100 brn|[from] brn\n|-damage|p2b: Sableye|44/100 brn|[from] brn\n|upkeep\n|\n|t:|1776360641\n|switch|p2a: Milotic|Milotic, L50, F|100/100\n|turn|4\n|\n|t:|1776360668\n|move|p2b: Sableye|Detect|p2b: Sableye\n|-singleturn|p2b: Sableye|Protect\n|move|p1b: #myshelburne|Matcha Gotcha|p2a: Milotic|[spread] p2a\n|-activate|p2b: Sableye|move: Protect\n|-supereffective|p2a: Milotic|1\n|-damage|p2a: Milotic|59/100\n|-heal|p1b: #myshelburne|73/100 brn|[from] drain|[of] p2a: Milotic\n|move|p1a: r/disnonored|Brave Bird|p2b: Sableye\n|-activate|p2b: Sableye|move: Protect\n|move|p2a: Milotic|Icy Wind|p1a: r/disnonored|[spread] p1a,p1b\n|-supereffective|p1b: #myshelburne|1\n|-crit|p1b: #myshelburne\n|-damage|p1a: r/disnonored|74/100 brn\n|-damage|p1b: #myshelburne|33/100 brn\n|-ability|p1a: r/disnonored|Mirror Armor\n|-unboost|p2a: Milotic|spe|1\n|-ability|p2a: Milotic|Competitive|boost\n|-boost|p2a: Milotic|spa|2\n|-unboost|p1b: #myshelburne|spe|1\n|\n|-heal|p2a: Milotic|65/100|[from] item: Leftovers\n|-damage|p1a: r/disnonored|68/100 brn|[from] brn\n|-damage|p1b: #myshelburne|27/100 brn|[from] brn\n|-damage|p2b: Sableye|39/100 brn|[from] brn\n|upkeep\n|turn|5\n|\n|t:|1776360703\n|move|p1a: r/disnonored|Brave Bird|p2b: Sableye\n|-damage|p2b: Sableye|18/100 brn\n|-damage|p1a: r/disnonored|62/100 brn|[from] Recoil\n|move|p1b: #myshelburne|Matcha Gotcha|p2a: Milotic|[spread] p2a\n|-miss|p1b: #myshelburne|p2b: Sableye\n|-supereffective|p2a: Milotic|1\n|-damage|p2a: Milotic|28/100\n|-heal|p1b: #myshelburne|48/100 brn|[from] drain|[of] p2a: Milotic\n|move|p2a: Milotic|Scald|p1a: r/disnonored\n|-damage|p1a: r/disnonored|0 fnt\n|faint|p1a: r/disnonored\n|move|p2b: Sableye|Foul Play|p1b: #myshelburne\n|-supereffective|p1b: #myshelburne|1\n|-damage|p1b: #myshelburne|34/100 brn\n|\n|-heal|p2a: Milotic|34/100|[from] item: Leftovers\n|-damage|p1b: #myshelburne|28/100 brn|[from] brn\n|-damage|p2b: Sableye|12/100 brn|[from] brn\n|-sideend|p1: bushidobayleef|move: Tailwind\n|upkeep\n|\n|t:|1776360725\n|switch|p1a: Chucklenuts|Tinkaton, L50, F|100/100\n|turn|6\n|\n|t:|1776360735\n|move|p2a: Milotic|Protect|p2a: Milotic\n|-singleturn|p2a: Milotic|Protect\n|move|p1a: Chucklenuts|Fake Out|p2a: Milotic\n|-activate|p2a: Milotic|move: Protect\n|move|p2b: Sableye|Will-O-Wisp|p1a: Chucklenuts\n|-status|p1a: Chucklenuts|brn\n|move|p1b: #myshelburne|Matcha Gotcha|p2a: Milotic|[spread] p2b\n|-activate|p2a: Milotic|move: Protect\n|-damage|p2b: Sableye|0 fnt\n|-heal|p1b: #myshelburne|33/100 brn|[from] drain|[of] p2b: Sableye\n|faint|p2b: Sableye\n|\n|-heal|p2a: Milotic|40/100|[from] item: Leftovers\n|-damage|p1a: Chucklenuts|94/100 brn|[from] brn\n|-damage|p1b: #myshelburne|27/100 brn|[from] brn\n|upkeep\n|\n|t:|1776360742\n|switch|p2b: Garchomp|Garchomp, L50, M|100/100\n|turn|7\n|\n|t:|1776360784\n|move|p1a: Chucklenuts|Helping Hand|p1b: #myshelburne\n|-singleturn|p1b: #myshelburne|Helping Hand|[of] p1a: Chucklenuts\n|move|p2b: Garchomp|Dragon Claw|p1b: #myshelburne\n|-damage|p1b: #myshelburne|0 fnt\n|faint|p1b: #myshelburne\n|move|p2a: Milotic|Scald|p1a: Chucklenuts\n|-damage|p1a: Chucklenuts|19/100 brn\n|\n|-heal|p2a: Milotic|46/100|[from] item: Leftovers\n|-damage|p1a: Chucklenuts|13/100 brn|[from] brn\n|upkeep\n|\n|t:|1776360798\n|switch|p1b: CosmicHorror|Glimmora, L50, F|100/100\n|turn|8\n|\n|t:|1776360827\n|detailschange|p1b: CosmicHorror|Glimmora-Mega, L50, F\n|-mega|p1b: CosmicHorror|Glimmora|Glimmoranite\n|move|p2b: Garchomp|Stomping Tantrum|p1a: Chucklenuts\n|-supereffective|p1a: Chucklenuts|1\n|-damage|p1a: Chucklenuts|0 fnt\n|faint|p1a: Chucklenuts\n|move|p1b: CosmicHorror|Sludge Wave|p2b: Garchomp|[spread] p2a,p2b\n|-resisted|p2b: Garchomp|1\n|-damage|p2a: Milotic|2/100\n|-damage|p2b: Garchomp|72/100\n|move|p2a: Milotic|Life Dew|p2a: Milotic|[spread] p2a,p2b\n|-heal|p2a: Milotic|27/100\n|-heal|p2b: Garchomp|97/100\n|\n|-heal|p2a: Milotic|33/100|[from] item: Leftovers\n|upkeep\n|turn|9\n|\n|t:|1776360852\n|move|p1b: CosmicHorror|Spiky Shield|p1b: CosmicHorror\n|-singleturn|p1b: CosmicHorror|move: Protect\n|move|p2b: Garchomp|Stomping Tantrum|p1b: CosmicHorror\n|-activate|p1b: CosmicHorror|move: Protect\n|-damage|p2b: Garchomp|84/100|[from] Spiky Shield|[of] p1b: CosmicHorror\n|move|p2a: Milotic|Scald|p1b: CosmicHorror\n|-activate|p1b: CosmicHorror|move: Protect\n|\n|-heal|p2a: Milotic|39/100|[from] item: Leftovers\n|upkeep\n|turn|10\n|\n|t:|1776360865\n|move|p2b: Garchomp|Stomping Tantrum|p1b: CosmicHorror\n|-supereffective|p1b: CosmicHorror|2\n|-damage|p1b: CosmicHorror|0 fnt\n|faint|p1b: CosmicHorror\n|\n|win|joymaxxing\n|raw|bushidobayleef's rating: 1331 &rarr; <strong>1311</strong><br />(-20 for losing)\n|raw|joymaxxing's rating: 1333 &rarr; <strong>1353</strong><br />(+20 for winning)\n|l|\u2606bushidobayleef\n|player|p1|\n",
  "uploadtime": 1776360885,
  "views": 27,
  "formatid": "gen9championsvgc2026regma",
  "rating": 1311,
  "private": 0,
  "password": null
}