{
  "id": "gen9championsvgc2026regma-2586992354",
  "format": "[Gen 9 Champions] VGC 2026 Reg M-A",
  "players": [
    "iqsolid",
    "Todo CCT"
  ],
  "log": "|j|\u2606iqsolid\n|j|\u2606Todo CCT\n|t:|1776479066\n|gametype|doubles\n|player|p1|iqsolid|steven|1343\n|player|p2|Todo CCT|giovanni|1459\n|gen|9\n|tier|[Gen 9 Champions] VGC 2026 Reg M-A\n|rated|\n|rule|Species Clause: Limit one of each Pok\u00e9mon\n|rule|Item Clause: Limit 1 of each item\n|clearpoke\n|poke|p1|Maushold, L50|\n|poke|p1|Rotom-Wash, L50|\n|poke|p1|Incineroar, L50, M|\n|poke|p1|Whimsicott, L50, F|\n|poke|p1|Gengar, L50, M|\n|poke|p1|Goodra-Hisui, L50, M|\n|poke|p2|Sneasler, L50, F|\n|poke|p2|Kingambit, L50, M|\n|poke|p2|Farigiraf, L50, M|\n|poke|p2|Torkoal, L50, M|\n|poke|p2|Whimsicott, L50, M|\n|poke|p2|Floette-Eternal, L50, F|\n|teampreview|4\n|\n|t:|1776479097\n|teamsize|p1|4\n|teamsize|p2|4\n|start\n|switch|p1a: Maushold|Maushold, L50|100/100\n|switch|p1b: Gengar|Gengar, L50, M|100/100\n|switch|p2a: Farigiraf|Farigiraf, L50, M|100/100\n|switch|p2b: Kingambit|Kingambit, L50, M|100/100\n|turn|1\n|\n|t:|1776479118\n|detailschange|p1b: Gengar|Gengar-Mega, L50, M\n|-mega|p1b: Gengar|Gengar|Gengarite\n|move|p1a: Maushold|Taunt|p2a: Farigiraf\n|-start|p2a: Farigiraf|move: Taunt\n|-enditem|p2a: Farigiraf|Mental Herb\n|-end|p2a: Farigiraf|move: Taunt\n|move|p1b: Gengar|Will-O-Wisp|p2b: Kingambit\n|-status|p2b: Kingambit|brn\n|move|p2b: Kingambit|Iron Head|p1a: Maushold\n|-damage|p1a: Maushold|73/100\n|move|p2a: Farigiraf|Twin Beam|p1b: Gengar\n|-supereffective|p1b: Gengar|1\n|-damage|p1b: Gengar|70/100\n|-supereffective|p1b: Gengar|1\n|-damage|p1b: Gengar|38/100\n|-hitcount|p1b: Gengar|2\n|\n|-damage|p2b: Kingambit|95/100 brn|[from] brn\n|upkeep\n|turn|2\n|\n|t:|1776479141\n|move|p1a: Maushold|Follow Me|p1a: Maushold\n|-singleturn|p1a: Maushold|move: Follow Me\n|move|p1b: Gengar|Sludge Bomb|p2a: Farigiraf\n|-damage|p2a: Farigiraf|53/100\n|move|p2b: Kingambit|Iron Head|p1a: Maushold\n|-damage|p1a: Maushold|48/100\n|move|p2a: Farigiraf|Twin Beam|p1a: Maushold\n|-damage|p1a: Maushold|25/100\n|-damage|p1a: Maushold|4/100\n|-hitcount|p1a: Maushold|2\n|\n|-damage|p2b: Kingambit|89/100 brn|[from] brn\n|upkeep\n|turn|3\n|\n|t:|1776479170\n|switch|p1b: Goodra|Goodra-Hisui, L50, M|100/100\n|move|p1a: Maushold|Taunt|p2a: Farigiraf\n|-start|p2a: Farigiraf|move: Taunt\n|move|p2b: Kingambit|Iron Head|p1a: Maushold\n|-damage|p1a: Maushold|0 fnt\n|faint|p1a: Maushold\n|move|p2a: Farigiraf|Twin Beam|p1b: Goodra\n|-resisted|p1b: Goodra|1\n|-damage|p1b: Goodra|96/100\n|-resisted|p1b: Goodra|1\n|-damage|p1b: Goodra|91/100\n|-hitcount|p1b: Goodra|2\n|\n|-heal|p1b: Goodra|97/100|[from] item: Leftovers\n|-damage|p2b: Kingambit|83/100 brn|[from] brn\n|upkeep\n|\n|t:|1776479182\n|switch|p1a: Gengar|Gengar-Mega, L50, M|38/100\n|turn|4\n|\n|t:|1776479191\n|switch|p1a: Incineroar|Incineroar, L50, M|100/100\n|-ability|p1a: Incineroar|Intimidate|boost\n|-unboost|p2a: Farigiraf|atk|1\n|-unboost|p2b: Kingambit|atk|1\n|-ability|p2b: Kingambit|Defiant|boost\n|-boost|p2b: Kingambit|atk|2\n|move|p2b: Kingambit|Low Kick|p1b: Goodra\n|-supereffective|p1b: Goodra|1\n|-damage|p1b: Goodra|51/100\n|-ability|p1b: Goodra|Gooey\n|-unboost|p2b: Kingambit|spe|1\n|-ability|p2b: Kingambit|Defiant|boost\n|-boost|p2b: Kingambit|atk|2\n|move|p1b: Goodra|Shelter|p1b: Goodra\n|-boost|p1b: Goodra|def|2\n|move|p2a: Farigiraf|Twin Beam|p1a: Incineroar\n|-immune|p1a: Incineroar\n|\n|-heal|p1b: Goodra|57/100|[from] item: Leftovers\n|-damage|p2b: Kingambit|77/100 brn|[from] brn\n|upkeep\n|turn|5\n|\n|t:|1776479214\n|move|p1a: Incineroar|Parting Shot|p2a: Farigiraf\n|-unboost|p2a: Farigiraf|atk|1\n|-unboost|p2a: Farigiraf|spa|1\n|\n|t:|1776479220\n|switch|p1a: Gengar|Gengar-Mega, L50, M|38/100|[from] Parting Shot\n|move|p1b: Goodra|Body Press|p2b: Kingambit\n|-supereffective|p2b: Kingambit|2\n|-enditem|p2b: Kingambit|Chople Berry|[eat]\n|-enditem|p2b: Kingambit|Chople Berry|[weaken]\n|-damage|p2b: Kingambit|13/100 brn\n|move|p2a: Farigiraf|Hyper Voice|p1a: Gengar|[spread] p1b\n|-immune|p1a: Gengar\n|-resisted|p1b: Goodra|1\n|-damage|p1b: Goodra|50/100\n|move|p2b: Kingambit|Low Kick|p1a: Gengar\n|-immune|p1a: Gengar\n|\n|-heal|p1b: Goodra|56/100|[from] item: Leftovers\n|-damage|p2b: Kingambit|7/100 brn|[from] brn\n|-end|p2a: Farigiraf|move: Taunt\n|upkeep\n|turn|6\n|\n|t:|1776479243\n|move|p2a: Farigiraf|Helping Hand|p2b: Kingambit\n|-singleturn|p2b: Kingambit|Helping Hand|[of] p2a: Farigiraf\n|move|p1a: Gengar|Protect|p1a: Gengar\n|-singleturn|p1a: Gengar|Protect\n|move|p1b: Goodra|Body Press|p2b: Kingambit\n|-supereffective|p2b: Kingambit|2\n|-damage|p2b: Kingambit|0 fnt\n|faint|p2b: Kingambit\n|\n|-heal|p1b: Goodra|62/100|[from] item: Leftovers\n|upkeep\n|\n|t:|1776479251\n|switch|p2b: Whimsicott|Whimsicott, L50, M|100/100\n|turn|7\n|\n|t:|1776479268\n|move|p2b: Whimsicott|Encore|p1a: Gengar\n|-start|p1a: Gengar|Encore\n|move|p1a: Gengar|Protect|p1a: Gengar\n|-singleturn|p1a: Gengar|Protect\n|move|p1b: Goodra|Body Press|p2a: Farigiraf\n|-damage|p2a: Farigiraf|12/100\n|move|p2a: Farigiraf|Twin Beam|p1a: Gengar\n|-activate|p1a: Gengar|move: Protect\n|\n|-heal|p1b: Goodra|68/100|[from] item: Leftovers\n|upkeep\n|turn|8\n|\n|t:|1776479286\n|switch|p1a: Incineroar|Incineroar, L50, M|100/100\n|-ability|p1a: Incineroar|Intimidate|boost\n|-unboost|p2a: Farigiraf|atk|1\n|-unboost|p2b: Whimsicott|atk|1\n|move|p2b: Whimsicott|Fake Tears|p1b: Goodra\n|-unboost|p1b: Goodra|spd|2\n|move|p1b: Goodra|Flash Cannon|p2b: Whimsicott\n|-supereffective|p2b: Whimsicott|1\n|-enditem|p2b: Whimsicott|Focus Sash\n|-damage|p2b: Whimsicott|1/100\n|move|p2a: Farigiraf|Twin Beam|p1a: Incineroar\n|-immune|p1a: Incineroar\n|\n|-heal|p1b: Goodra|74/100|[from] item: Leftovers\n|upkeep\n|turn|9\n|\n|t:|1776479314\n|move|p2b: Whimsicott|Fake Tears|p1b: Goodra\n|-unboost|p1b: Goodra|spd|2\n|move|p1a: Incineroar|Flare Blitz|p2a: Farigiraf\n|-damage|p2a: Farigiraf|0 fnt\n|faint|p2a: Farigiraf\n|-damage|p1a: Incineroar|96/100|[from] Recoil\n|move|p1b: Goodra|Flash Cannon|p2b: Whimsicott\n|-supereffective|p2b: Whimsicott|1\n|-damage|p2b: Whimsicott|0 fnt\n|faint|p2b: Whimsicott\n|\n|-heal|p1b: Goodra|80/100|[from] item: Leftovers\n|upkeep\n|\n|t:|1776479316\n|switch|p2b: Floette|Floette-Eternal, L50, F|100/100\n|turn|10\n|\n|t:|1776479326\n|detailschange|p2b: Floette|Floette-Mega, L50, F\n|-mega|p2b: Floette|Floette|Floettite\n|-ability|p2b: Floette|Fairy Aura\n|move|p2b: Floette|Dazzling Gleam|p1b: Goodra|[spread] p1a,p1b\n|-damage|p1a: Incineroar|54/100\n|-damage|p1b: Goodra|0 fnt\n|faint|p1b: Goodra\n|move|p1a: Incineroar|Parting Shot|p2b: Floette\n|-unboost|p2b: Floette|atk|1\n|-unboost|p2b: Floette|spa|1\n|\n|t:|1776479331\n|switch|p1a: Gengar|Gengar-Mega, L50, M|38/100|[from] Parting Shot\n|\n|upkeep\n|\n|t:|1776479334\n|switch|p1b: Incineroar|Incineroar, L50, M|54/100\n|-ability|p1b: Incineroar|Intimidate|boost\n|-unboost|p2b: Floette|atk|1\n|turn|11\n|\n|t:|1776479341\n|move|p2b: Floette|Protect|p2b: Floette\n|-singleturn|p2b: Floette|Protect\n|move|p1b: Incineroar|Fake Out|p2b: Floette\n|-activate|p2b: Floette|move: Protect\n|move|p1a: Gengar|Sludge Bomb|p2b: Floette\n|-activate|p2b: Floette|move: Protect\n|\n|upkeep\n|turn|12\n|\n|t:|1776479352\n|move|p1a: Gengar|Sludge Bomb|p2b: Floette\n|-supereffective|p2b: Floette|1\n|-crit|p2b: Floette\n|-damage|p2b: Floette|0 fnt\n|faint|p2b: Floette\n|\n|win|iqsolid\n|raw|iqsolid's rating: 1343 &rarr; <strong>1369</strong><br />(+26 for winning)\n|raw|Todo CCT's rating: 1459 &rarr; <strong>1433</strong><br />(-26 for losing)\n|l|\u2606Todo CCT\n|player|p2|\n",
  "uploadtime": 1776479358,
  "views": 25,
  "formatid": "gen9championsvgc2026regma",
  "rating": 1369,
  "private": 0,
  "password": null
}