{
  "id": "gen9championsvgc2026regma-2583448312",
  "format": "[Gen 9 Champions] VGC 2026 Reg M-A",
  "players": [
    "ZeroPops",
    "W0kMeDed"
  ],
  "log": "|j|\u2606ZeroPops\n|j|\u2606W0kMeDed\n|t:|1776176317\n|gametype|doubles\n|player|p1|ZeroPops|1|1105\n|player|p2|W0kMeDed|palmer|1207\n|gen|9\n|tier|[Gen 9 Champions] VGC 2026 Reg M-A\n|rated|\n|rule|Species Clause: Limit one of each Pok\u00e9mon\n|rule|Item Clause: Limit 1 of each item\n|clearpoke\n|poke|p1|Floette-Eternal, L50, F|\n|poke|p1|Kingambit, L50, F|\n|poke|p1|Incineroar, L50, F|\n|poke|p1|Sneasler, L50, F|\n|poke|p1|Basculegion, L50, M|\n|poke|p1|Aerodactyl, L50, M|\n|poke|p2|Floette-Eternal, L50, F|\n|poke|p2|Salazzle, L50, F|\n|poke|p2|Palafin, L50, F|\n|poke|p2|Hydreigon, L50, M|\n|poke|p2|Clefable, L50, F|\n|poke|p2|Whimsicott, L50, M|\n|teampreview|4\n|\n|t:|1776176374\n|teamsize|p1|4\n|teamsize|p2|4\n|start\n|switch|p1a: Aerodactyl|Aerodactyl, L50, M|100/100\n|switch|p1b: Sneasler|Sneasler, L50, F|100/100\n|switch|p2a: Salazzle|Salazzle, L50, F|100/100\n|switch|p2b: Palafin|Palafin, L50, F|100/100\n|-ability|p1a: Aerodactyl|Unnerve\n|turn|1\n|\n|t:|1776176397\n|detailschange|p2b: Palafin|Palafin-Hero, L50, F\n|switch|p2b: Clefable|Clefable, L50, F|100/100\n|move|p1b: Sneasler|Fake Out|p2b: Clefable\n|-damage|p2b: Clefable|88/100\n|move|p2a: Salazzle|Fake Out|p1a: Aerodactyl\n|-resisted|p1a: Aerodactyl|1\n|-damage|p1a: Aerodactyl|96/100\n|cant|p1a: Aerodactyl|flinch\n|\n|upkeep\n|turn|2\n|\n|t:|1776176413\n|move|p1a: Aerodactyl|Rock Slide|p2a: Salazzle|[spread] p2a,p2b\n|-supereffective|p2a: Salazzle|1\n|-damage|p2a: Salazzle|33/100\n|-damage|p2b: Clefable|65/100\n|move|p1b: Sneasler|Dire Claw|p2b: Clefable\n|-supereffective|p2b: Clefable|1\n|-damage|p2b: Clefable|0 fnt\n|faint|p2b: Clefable\n|move|p2a: Salazzle|Heat Wave|p1b: Sneasler|[spread] p1b\n|-miss|p2a: Salazzle|p1a: Aerodactyl\n|-damage|p1b: Sneasler|62/100\n|-status|p1b: Sneasler|brn\n|\n|-damage|p1b: Sneasler|56/100 brn|[from] brn\n|upkeep\n|\n|t:|1776176424\n|switch|p2b: Palafin|Palafin-Hero, L50, F|100/100\n|-activate|p2b: Palafin|ability: Zero to Hero\n|turn|3\n|\n|t:|1776176450\n|move|p1a: Aerodactyl|Protect|p1a: Aerodactyl\n|-singleturn|p1a: Aerodactyl|Protect\n|move|p2b: Palafin|Wave Crash|p1a: Aerodactyl\n|-activate|p1a: Aerodactyl|move: Protect\n|move|p1b: Sneasler|Dire Claw|p2b: Palafin\n|-damage|p2b: Palafin|78/100\n|move|p2a: Salazzle|Heat Wave|p1a: Aerodactyl|[spread] p1b\n|-activate|p1a: Aerodactyl|move: Protect\n|-damage|p1b: Sneasler|19/100 brn\n|\n|-damage|p1b: Sneasler|13/100 brn|[from] brn\n|upkeep\n|turn|4\n|\n|t:|1776176463\n|move|p2b: Palafin|Wave Crash|p1a: Aerodactyl\n|-supereffective|p1a: Aerodactyl|1\n|-damage|p1a: Aerodactyl|0 fnt\n|faint|p1a: Aerodactyl\n|-damage|p2b: Palafin|51/100|[from] Recoil\n|move|p1b: Sneasler|Dire Claw|p2b: Palafin\n|-damage|p2b: Palafin|30/100\n|move|p2a: Salazzle|Heat Wave|p1b: Sneasler|[miss]\n|-miss|p2a: Salazzle|p1b: Sneasler\n|\n|-damage|p1b: Sneasler|8/100 brn|[from] brn\n|upkeep\n|\n|t:|1776176470\n|switch|p1a: Kingambit|Kingambit, L50, F|100/100\n|turn|5\n|\n|t:|1776176483\n|move|p1a: Kingambit|Sucker Punch|p2a: Salazzle\n|-damage|p2a: Salazzle|0 fnt\n|faint|p2a: Salazzle\n|move|p2b: Palafin|Wave Crash|p1b: Sneasler\n|-damage|p1b: Sneasler|0 fnt\n|faint|p1b: Sneasler\n|-damage|p2b: Palafin|28/100|[from] Recoil\n|\n|upkeep\n|\n|t:|1776176488\n|switch|p1b: Floette|Floette-Eternal, L50, F|100/100\n|switch|p2a: Floette|Floette-Eternal, L50, F|100/100\n|turn|6\n|\n|t:|1776176502\n|detailschange|p2a: Floette|Floette-Mega, L50, F\n|-mega|p2a: Floette|Floette|Floettite\n|-ability|p2a: Floette|Fairy Aura\n|detailschange|p1b: Floette|Floette-Mega, L50, F\n|-mega|p1b: Floette|Floette|Floettite\n|-ability|p1b: Floette|Fairy Aura\n|move|p1a: Kingambit|Sucker Punch|p2b: Palafin\n|-damage|p2b: Palafin|0 fnt\n|faint|p2b: Palafin\n|move|p2a: Floette|Dazzling Gleam|p1a: Kingambit|[spread] p1a,p1b\n|-crit|p1a: Kingambit\n|-damage|p1a: Kingambit|25/100\n|-damage|p1b: Floette|66/100\n|move|p1b: Floette|Calm Mind|p1b: Floette\n|-boost|p1b: Floette|spa|1\n|-boost|p1b: Floette|spd|1\n|\n|upkeep\n|turn|7\n|\n|t:|1776176520\n|move|p1a: Kingambit|Sucker Punch|p2a: Floette\n|-resisted|p2a: Floette|1\n|-damage|p2a: Floette|64/100\n|move|p2a: Floette|Dazzling Gleam|p1b: Floette|[spread] p1a,p1b\n|-damage|p1a: Kingambit|0 fnt\n|-damage|p1b: Floette|42/100\n|faint|p1a: Kingambit\n|move|p1b: Floette|Moonblast|p2a: Floette\n|-damage|p2a: Floette|0 fnt\n|faint|p2a: Floette\n|\n|win|ZeroPops\n|raw|ZeroPops's rating: 1105 &rarr; <strong>1137</strong><br />(+32 for winning)\n|raw|W0kMeDed's rating: 1207 &rarr; <strong>1175</strong><br />(-32 for losing)\n|l|\u2606W0kMeDed\n|player|p2|\n",
  "uploadtime": 1776176526,
  "views": 46,
  "formatid": "gen9championsvgc2026regma",
  "rating": 1137,
  "private": 0,
  "password": null
}