{
  "id": "gen9championsvgc2026regma-2589473659",
  "format": "[Gen 9 Champions] VGC 2026 Reg M-A",
  "players": [
    "e4mence",
    "Paulywalnuts"
  ],
  "log": "|j|\u2606e4mence\n|j|\u2606Paulywalnuts\n|t:|1776726150\n|gametype|doubles\n|player|p1|e4mence|266|1222\n|player|p2|Paulywalnuts|169|1177\n|gen|9\n|tier|[Gen 9 Champions] VGC 2026 Reg M-A\n|rated|\n|rule|Species Clause: Limit one of each Pok\u00e9mon\n|rule|Item Clause: Limit 1 of each item\n|clearpoke\n|poke|p1|Scovillain, L50, M|\n|poke|p1|Sneasler, L50, M|\n|poke|p1|Aerodactyl, L50, F|\n|poke|p1|Incineroar, L50, F|\n|poke|p1|Basculegion, L50, M|\n|poke|p1|Garchomp, L50, F|\n|poke|p2|Aggron, L50, M|\n|poke|p2|Tyranitar, L50, M|\n|poke|p2|Incineroar, L50, M|\n|poke|p2|Sinistcha, L50|\n|poke|p2|Sylveon, L50, F|\n|poke|p2|Tauros-Paldea-Aqua, L50, M|\n|teampreview|4\n|\n|t:|1776726181\n|teamsize|p1|4\n|teamsize|p2|4\n|start\n|switch|p1a: Scovillain|Scovillain, L50, M|100/100\n|switch|p1b: Basculegion|Basculegion, L50, M|100/100\n|switch|p2a: Incineroar|Incineroar, L50, M|100/100\n|switch|p2b: Sinistcha|Sinistcha, L50|100/100\n|-ability|p2a: Incineroar|Intimidate|boost\n|-unboost|p1a: Scovillain|atk|1\n|-unboost|p1b: Basculegion|atk|1\n|turn|1\n|\n|t:|1776726193\n|move|p1a: Scovillain|Protect|p1a: Scovillain\n|-singleturn|p1a: Scovillain|Protect\n|move|p1b: Basculegion|Flip Turn|p2a: Incineroar\n|-supereffective|p2a: Incineroar|1\n|-damage|p2a: Incineroar|63/100\n|\n|t:|1776726199\n|switch|p1b: Incineroar|Incineroar, L50, F|100/100|[from] Flip Turn\n|-ability|p1b: Incineroar|Intimidate|boost\n|-unboost|p2a: Incineroar|atk|1\n|-unboost|p2b: Sinistcha|atk|1\n|move|p2a: Incineroar|Snarl|p1a: Scovillain|[spread] p1b\n|-activate|p1a: Scovillain|move: Protect\n|-resisted|p1b: Incineroar|1\n|-damage|p1b: Incineroar|96/100\n|-unboost|p1b: Incineroar|spa|1\n|move|p2b: Sinistcha|Trick Room|p2b: Sinistcha\n|-fieldstart|move: Trick Room|[of] p2b: Sinistcha\n|\n|-ability|p1a: Scovillain|Moody|boost\n|-boost|p1a: Scovillain|spa|2\n|-unboost|p1a: Scovillain|atk|1\n|upkeep\n|turn|2\n|\n|t:|1776726218\n|detailschange|p1a: Scovillain|Scovillain-Mega, L50, M\n|-mega|p1a: Scovillain|Scovillain|Scovillainite\n|move|p1b: Incineroar|Fake Out|p2a: Incineroar\n|-damage|p2a: Incineroar|55/100\n|cant|p2a: Incineroar|flinch\n|move|p2b: Sinistcha|Shadow Ball|p1a: Scovillain\n|-damage|p1a: Scovillain|63/100\n|-status|p2b: Sinistcha|brn|[from] ability: Spicy Spray|[of] p1a: Scovillain\n|move|p1a: Scovillain|Overheat|p2b: Sinistcha\n|-supereffective|p2b: Sinistcha|1\n|-damage|p2b: Sinistcha|0 fnt\n|-unboost|p1a: Scovillain|spa|2\n|faint|p2b: Sinistcha\n|\n|upkeep\n|\n|t:|1776726229\n|switch|p2b: Sylveon|Sylveon, L50, F|100/100\n|turn|3\n|\n|t:|1776726244\n|move|p1a: Scovillain|Rage Powder|p1a: Scovillain\n|-singleturn|p1a: Scovillain|move: Rage Powder\n|move|p2b: Sylveon|Calm Mind|p2b: Sylveon\n|-boost|p2b: Sylveon|spa|1\n|-boost|p2b: Sylveon|spd|1\n|move|p1b: Incineroar|Flare Blitz|p2b: Sylveon\n|-damage|p2b: Sylveon|46/100\n|-status|p2b: Sylveon|brn\n|-damage|p1b: Incineroar|77/100|[from] Recoil\n|move|p2a: Incineroar|Snarl|p1b: Incineroar|[spread] p1a,p1b\n|-resisted|p1b: Incineroar|1\n|-crit|p1b: Incineroar\n|-damage|p1a: Scovillain|51/100\n|-damage|p1b: Incineroar|71/100\n|-unboost|p1a: Scovillain|spa|1\n|-unboost|p1b: Incineroar|spa|1\n|-immune|p2a: Incineroar\n|\n|-damage|p2b: Sylveon|40/100 brn|[from] brn\n|upkeep\n|turn|4\n|\n|t:|1776726263\n|move|p2b: Sylveon|Hyper Voice|p1b: Incineroar|[spread] p1a,p1b\n|-resisted|p1a: Scovillain|1\n|-damage|p1a: Scovillain|14/100\n|-damage|p1b: Incineroar|9/100\n|-enditem|p1b: Incineroar|Sitrus Berry|[eat]\n|-heal|p1b: Incineroar|34/100|[from] item: Sitrus Berry\n|move|p2a: Incineroar|Parting Shot|p1b: Incineroar\n|-unboost|p1b: Incineroar|atk|1\n|-unboost|p1b: Incineroar|spa|1\n|\n|t:|1776726270\n|switch|p2a: Aggron|Aggron, L50, M|100/100|[from] Parting Shot\n|move|p1b: Incineroar|Parting Shot|p2b: Sylveon\n|-unboost|p2b: Sylveon|atk|1\n|-unboost|p2b: Sylveon|spa|1\n|\n|t:|1776726277\n|switch|p1b: Basculegion|Basculegion, L50, M|100/100|[from] Parting Shot\n|move|p1a: Scovillain|Leech Seed|p2b: Sylveon\n|-start|p2b: Sylveon|move: Leech Seed\n|\n|-damage|p2b: Sylveon|27/100 brn|[from] Leech Seed|[of] p1a: Scovillain\n|-heal|p1a: Scovillain|28/100|[silent]\n|-damage|p2b: Sylveon|21/100 brn|[from] brn\n|upkeep\n|turn|5\n|\n|t:|1776726288\n|switch|p2b: Incineroar|Incineroar, L50, M|55/100\n|-ability|p2b: Incineroar|Intimidate|boost\n|-unboost|p1a: Scovillain|atk|1\n|-unboost|p1b: Basculegion|atk|1\n|detailschange|p2a: Aggron|Aggron-Mega, L50, M\n|-mega|p2a: Aggron|Aggron|Aggronite\n|move|p1a: Scovillain|Protect|p1a: Scovillain\n|-singleturn|p1a: Scovillain|Protect\n|move|p1b: Basculegion|Aqua Jet|p2b: Incineroar\n|-supereffective|p2b: Incineroar|1\n|-damage|p2b: Incineroar|25/100\n|-enditem|p2b: Incineroar|Sitrus Berry|[eat]\n|-heal|p2b: Incineroar|50/100|[from] item: Sitrus Berry\n|move|p2a: Aggron|Iron Defense|p2a: Aggron\n|-boost|p2a: Aggron|def|2\n|\n|-fieldend|move: Trick Room\n|upkeep\n|turn|6\n|\n|t:|1776726303\n|switch|p1b: Garchomp|Garchomp, L50, F|100/100\n|switch|p1a: Incineroar|Incineroar, L50, F|34/100\n|-ability|p1a: Incineroar|Intimidate|boost\n|-unboost|p2a: Aggron|atk|1\n|-unboost|p2b: Incineroar|atk|1\n|move|p2b: Incineroar|Fake Out|p1a: Incineroar\n|-damage|p1a: Incineroar|28/100\n|move|p2a: Aggron|Body Press|p1a: Incineroar\n|-supereffective|p1a: Incineroar|1\n|-damage|p1a: Incineroar|0 fnt\n|faint|p1a: Incineroar\n|\n|upkeep\n|\n|t:|1776726315\n|switch|p1a: Scovillain|Scovillain-Mega, L50, M|28/100\n|turn|7\n|\n|t:|1776726322\n|switch|p2b: Sylveon|Sylveon, L50, F|21/100 brn\n|move|p2a: Aggron|Protect|p2a: Aggron\n|-singleturn|p2a: Aggron|Protect\n|move|p1a: Scovillain|Rage Powder|p1a: Scovillain\n|-singleturn|p1a: Scovillain|move: Rage Powder\n|move|p1b: Garchomp|Stomping Tantrum|p2b: Sylveon\n|-damage|p2b: Sylveon|0 fnt\n|faint|p2b: Sylveon\n|\n|upkeep\n|\n|t:|1776726330\n|switch|p2b: Incineroar|Incineroar, L50, M|50/100\n|-ability|p2b: Incineroar|Intimidate|boost\n|-unboost|p1a: Scovillain|atk|1\n|-unboost|p1b: Garchomp|atk|1\n|turn|8\n|\n|t:|1776726337\n|move|p1a: Scovillain|Protect|p1a: Scovillain\n|-singleturn|p1a: Scovillain|Protect\n|move|p2b: Incineroar|Fake Out|p1a: Scovillain\n|-activate|p1a: Scovillain|move: Protect\n|move|p1b: Garchomp|Earthquake|p2b: Incineroar|[spread] p2a,p2b\n|-activate|p1a: Scovillain|move: Protect\n|-supereffective|p2a: Aggron|1\n|-supereffective|p2b: Incineroar|1\n|-damage|p2a: Aggron|90/100\n|-damage|p2b: Incineroar|8/100\n|move|p2a: Aggron|Body Press|p1b: Garchomp\n|-damage|p1b: Garchomp|24/100\n|-damage|p2a: Aggron|78/100|[from] ability: Rough Skin|[of] p1b: Garchomp\n|\n|upkeep\n|turn|9\n|\n|t:|1776726354\n|move|p1a: Scovillain|Rage Powder|p1a: Scovillain\n|-singleturn|p1a: Scovillain|move: Rage Powder\n|move|p1b: Garchomp|Stomping Tantrum|p2b: Incineroar\n|-supereffective|p2b: Incineroar|1\n|-damage|p2b: Incineroar|0 fnt\n|faint|p2b: Incineroar\n|move|p2a: Aggron|Body Press|p1a: Scovillain\n|-damage|p1a: Scovillain|0 fnt\n|-status|p2a: Aggron|brn|[from] ability: Spicy Spray|[of] p1a: Scovillain\n|faint|p1a: Scovillain\n|\n|-damage|p2a: Aggron|72/100 brn|[from] brn\n|upkeep\n|\n|t:|1776726359\n|switch|p1a: Basculegion|Basculegion, L50, M|100/100\n|turn|10\n|\n|t:|1776726363\n|move|p1a: Basculegion|Last Respects|p2a: Aggron\n|-damage|p2a: Aggron|48/100 brn\n|move|p1b: Garchomp|Stomping Tantrum|p2a: Aggron\n|-supereffective|p2a: Aggron|1\n|-damage|p2a: Aggron|38/100 brn\n|move|p2a: Aggron|Body Press|p1b: Garchomp\n|-damage|p1b: Garchomp|0 fnt\n|-damage|p2a: Aggron|25/100 brn|[from] ability: Rough Skin|[of] p1b: Garchomp\n|faint|p1b: Garchomp\n|\n|-damage|p2a: Aggron|19/100 brn|[from] brn\n|upkeep\n|turn|11\n|c|\u2606Paulywalnuts|gg\n|\n|t:|1776726373\n|move|p1a: Basculegion|Last Respects|p2a: Aggron\n|-damage|p2a: Aggron|0 fnt\n|faint|p2a: Aggron\n|\n|win|e4mence\n|raw|e4mence's rating: 1222 &rarr; <strong>1244</strong><br />(+22 for winning)\n|raw|Paulywalnuts's rating: 1177 &rarr; <strong>1155</strong><br />(-22 for losing)\n|l|\u2606Paulywalnuts\n|player|p2|\n",
  "uploadtime": 1776726395,
  "views": 4,
  "formatid": "gen9championsvgc2026regma",
  "rating": 1155,
  "private": 0,
  "password": null
}