{
  "id": "gen9championsvgc2026regma-2587693994",
  "format": "[Gen 9 Champions] VGC 2026 Reg M-A",
  "players": [
    "CatioloQuenti",
    "Zenakuss17"
  ],
  "log": "|j|\u2606CatioloQuenti\n|j|\u2606Zenakuss17\n|t:|1776554613\n|gametype|doubles\n|player|p1|CatioloQuenti|policeman-gen4|1080\n|player|p2|Zenakuss17|benga|1131\n|gen|9\n|tier|[Gen 9 Champions] VGC 2026 Reg M-A\n|rated|\n|rule|Species Clause: Limit one of each Pok\u00e9mon\n|rule|Item Clause: Limit 1 of each item\n|clearpoke\n|poke|p1|Gyarados, L50, F|\n|poke|p1|Pelipper, L50, M|\n|poke|p1|Garchomp, L50, F|\n|poke|p1|Sneasler, L50, F|\n|poke|p1|Arcanine-Hisui, L50, F|\n|poke|p1|Sinistcha, L50|\n|poke|p2|Starmie, L50|\n|poke|p2|Pelipper, L50, F|\n|poke|p2|Archaludon, L50, M, shiny|\n|poke|p2|Incineroar, L50, F|\n|poke|p2|Sinistcha, L50|\n|poke|p2|Kingambit, L50, F|\n|teampreview|4\n|\n|t:|1776554668\n|teamsize|p1|4\n|teamsize|p2|4\n|start\n|switch|p1a: Garchomp|Garchomp, L50, F|100/100\n|switch|p1b: Gyarados|Gyarados, L50, F|100/100\n|switch|p2a: Pelipper|Pelipper, L50, F|100/100\n|switch|p2b: Kingambit|Kingambit, L50, F|100/100\n|-ability|p1b: Gyarados|Intimidate|boost\n|-unboost|p2a: Pelipper|atk|1\n|-unboost|p2b: Kingambit|atk|1\n|-ability|p2b: Kingambit|Defiant|boost\n|-boost|p2b: Kingambit|atk|2\n|-weather|RainDance|[from] ability: Drizzle|[of] p2a: Pelipper\n|turn|1\n|\n|t:|1776554703\n|move|p2a: Pelipper|Wide Guard|p2a: Pelipper\n|-singleturn|p2a: Pelipper|Wide Guard\n|move|p1a: Garchomp|Earthquake|p2a: Pelipper|[spread] \n|-activate|p2a: Pelipper|move: Wide Guard\n|-activate|p2b: Kingambit|move: Wide Guard\n|-immune|p1b: Gyarados\n|move|p1b: Gyarados|Dragon Dance|p1b: Gyarados\n|-boost|p1b: Gyarados|atk|1\n|-boost|p1b: Gyarados|spe|1\n|move|p2b: Kingambit|Kowtow Cleave|p1b: Gyarados\n|-damage|p1b: Gyarados|11/100\n|\n|-weather|RainDance|[upkeep]\n|upkeep\n|turn|2\n|\n|t:|1776554722\n|move|p1b: Gyarados|Protect|p1b: Gyarados\n|-singleturn|p1b: Gyarados|Protect\n|move|p2a: Pelipper|Wide Guard|p2a: Pelipper\n|-singleturn|p2a: Pelipper|Wide Guard\n|move|p2b: Kingambit|Sucker Punch||[still]\n|-fail|p2b: Kingambit\n|move|p1a: Garchomp|Earthquake|p2b: Kingambit|[spread] \n|-activate|p2a: Pelipper|move: Wide Guard\n|-activate|p2b: Kingambit|move: Wide Guard\n|-activate|p1b: Gyarados|move: Protect\n|\n|-weather|RainDance|[upkeep]\n|upkeep\n|turn|3\n|\n|t:|1776554764\n|switch|p1a: Sneasler|Sneasler, L50, F|100/100\n|move|p2a: Pelipper|Wide Guard|p2a: Pelipper\n|-singleturn|p2a: Pelipper|Wide Guard\n|move|p1b: Gyarados|Crunch|p2a: Pelipper\n|-crit|p2a: Pelipper\n|-damage|p2a: Pelipper|30/100\n|move|p2b: Kingambit|Kowtow Cleave|p1b: Gyarados\n|-damage|p1b: Gyarados|0 fnt\n|faint|p1b: Gyarados\n|\n|-weather|RainDance|[upkeep]\n|upkeep\n|\n|t:|1776554775\n|switch|p1b: Sinistcha|Sinistcha, L50|100/100\n|turn|4\n|\n|t:|1776554789\n|switch|p2a: Archaludon|Archaludon, L50, M, shiny|100/100\n|move|p1a: Sneasler|Fake Out|p2b: Kingambit\n|-resisted|p2b: Kingambit|1\n|-damage|p2b: Kingambit|94/100\n|cant|p2b: Kingambit|flinch\n|move|p1b: Sinistcha|Matcha Gotcha|p2b: Kingambit|[spread] p2a,p2b\n|-resisted|p2a: Archaludon|2\n|-resisted|p2b: Kingambit|1\n|-damage|p2a: Archaludon|95/100\n|-damage|p2b: Kingambit|81/100\n|-ability|p2a: Archaludon|Stamina|boost\n|-boost|p2a: Archaludon|def|1\n|\n|-weather|RainDance|[upkeep]\n|-heal|p2a: Archaludon|100/100|[from] item: Leftovers\n|upkeep\n|turn|5\n|\n|t:|1776554817\n|switch|p1b: Garchomp|Garchomp, L50, F|100/100\n|move|p2b: Kingambit|Sucker Punch||[still]\n|-fail|p2b: Kingambit\n|move|p1a: Sneasler|Close Combat|p2b: Kingambit\n|-supereffective|p2b: Kingambit|2\n|-enditem|p2b: Kingambit|Chople Berry|[eat]\n|-enditem|p2b: Kingambit|Chople Berry|[weaken]\n|-damage|p2b: Kingambit|0 fnt\n|-unboost|p1a: Sneasler|def|1\n|-unboost|p1a: Sneasler|spd|1\n|faint|p2b: Kingambit\n|move|p2a: Archaludon|Electro Shot||[still]\n|-prepare|p2a: Archaludon|Electro Shot\n|-boost|p2a: Archaludon|spa|1\n|-anim|p2a: Archaludon|Electro Shot|p1a: Sneasler\n|-crit|p1a: Sneasler\n|-enditem|p1a: Sneasler|Focus Sash\n|-damage|p1a: Sneasler|1/100\n|\n|-weather|none\n|upkeep\n|\n|t:|1776554835\n|switch|p2b: Pelipper|Pelipper, L50, F|30/100\n|-weather|RainDance|[from] ability: Drizzle|[of] p2b: Pelipper\n|turn|6\n|\n|t:|1776554858\n|switch|p2b: Starmie|Starmie, L50|100/100\n|move|p1a: Sneasler|Throat Chop|p2b: Starmie\n|-supereffective|p2b: Starmie|1\n|-damage|p2b: Starmie|19/100\n|-start|p2b: Starmie|Throat Chop|[silent]\n|move|p1b: Garchomp|Earthquake|p2b: Starmie|[spread] p1a,p2a,p2b\n|-supereffective|p1a: Sneasler|1\n|-supereffective|p2a: Archaludon|1\n|-damage|p1a: Sneasler|0 fnt\n|-damage|p2a: Archaludon|61/100\n|-damage|p2b: Starmie|0 fnt\n|-ability|p2a: Archaludon|Stamina|boost\n|-boost|p2a: Archaludon|def|1\n|faint|p1a: Sneasler\n|faint|p2b: Starmie\n|move|p2a: Archaludon|Draco Meteor|p1b: Garchomp\n|-supereffective|p1b: Garchomp|1\n|-damage|p1b: Garchomp|0 fnt\n|-unboost|p2a: Archaludon|spa|2\n|faint|p1b: Garchomp\n|\n|-weather|RainDance|[upkeep]\n|-heal|p2a: Archaludon|67/100|[from] item: Leftovers\n|upkeep\n|\n|t:|1776554881\n|switch|p2b: Pelipper|Pelipper, L50, F|30/100\n|switch|p1b: Sinistcha|Sinistcha, L50|100/100\n|turn|7\n|\n|t:|1776554895\n|move|p2a: Archaludon|Electro Shot||[still]\n|-prepare|p2a: Archaludon|Electro Shot\n|-boost|p2a: Archaludon|spa|1\n|-anim|p2a: Archaludon|Electro Shot|p1b: Sinistcha\n|-resisted|p1b: Sinistcha|1\n|-damage|p1b: Sinistcha|75/100\n|move|p1b: Sinistcha|Matcha Gotcha|p2a: Archaludon|[spread] p2a,p2b\n|-resisted|p2a: Archaludon|2\n|-damage|p2a: Archaludon|62/100\n|-heal|p1b: Sinistcha|78/100|[from] drain|[of] p2a: Archaludon\n|-damage|p2b: Pelipper|0 fnt\n|-heal|p1b: Sinistcha|90/100|[from] drain|[of] p2b: Pelipper\n|-ability|p2a: Archaludon|Stamina|boost\n|-boost|p2a: Archaludon|def|1\n|faint|p2b: Pelipper\n|\n|-weather|RainDance|[upkeep]\n|-heal|p2a: Archaludon|68/100|[from] item: Leftovers\n|-heal|p1b: Sinistcha|96/100|[from] item: Leftovers\n|upkeep\n|turn|8\n|c|\u2606CatioloQuenti|oh well\n|c|\u2606CatioloQuenti|i cant even damage archaludon lol\n|c|\u2606CatioloQuenti|gg\n|-message|CatioloQuenti forfeited.\n|\n|win|Zenakuss17\n|raw|CatioloQuenti's rating: 1080 &rarr; <strong>1061</strong><br />(-19 for losing)\n|raw|Zenakuss17's rating: 1131 &rarr; <strong>1152</strong><br />(+21 for winning)\n",
  "uploadtime": 1776554936,
  "views": 13,
  "formatid": "gen9championsvgc2026regma",
  "rating": 1061,
  "private": 0,
  "password": null
}