{
  "id": "gen9championsvgc2026regma-2588551453",
  "format": "[Gen 9 Champions] VGC 2026 Reg M-A",
  "players": [
    "zackafoo",
    "SiberianWastes"
  ],
  "log": "|j|\u2606zackafoo\n|j|\u2606SiberianWastes\n|t:|1776644155\n|gametype|doubles\n|player|p1|zackafoo|102|1000\n|player|p2|SiberianWastes|bugcatcher-gen4dp|1031\n|gen|9\n|tier|[Gen 9 Champions] VGC 2026 Reg M-A\n|rated|\n|rule|Species Clause: Limit one of each Pok\u00e9mon\n|rule|Item Clause: Limit 1 of each item\n|clearpoke\n|poke|p1|Beartic, L50, M|\n|poke|p1|Dragonite, L50, M|\n|poke|p1|Politoed, L50, M|\n|poke|p1|Incineroar, L50, M|\n|poke|p1|Tsareena, L50, F|\n|poke|p1|Sneasler, L50, F|\n|poke|p2|Sandaconda, L50, M, shiny|\n|poke|p2|Tyranitar, L50, F|\n|poke|p2|Sneasler, L50, F|\n|poke|p2|Scovillain, L50, M|\n|poke|p2|Garchomp, L50, F|\n|poke|p2|Glimmora, L50, F|\n|teampreview|4\n|\n|t:|1776644179\n|teamsize|p1|4\n|teamsize|p2|4\n|start\n|switch|p1a: Tsareena|Tsareena, L50, F|100/100\n|switch|p1b: Politoed|Politoed, L50, M|100/100\n|switch|p2a: silly|Sandaconda, L50, M, shiny|100/100\n|switch|p2b: Tyranitar|Tyranitar, L50, F|100/100\n|-weather|RainDance|[from] ability: Drizzle|[of] p1b: Politoed\n|-weather|Sandstorm|[from] ability: Sand Stream|[of] p2b: Tyranitar\n|turn|1\n|inactive|Battle timer is ON: inactive players will automatically lose when time's up. (requested by SiberianWastes)\n|\n|t:|1776644197\n|move|p2b: Tyranitar|Protect|p2b: Tyranitar\n|-singleturn|p2b: Tyranitar|Protect\n|move|p1a: Tsareena|Trop Kick|p2b: Tyranitar\n|-activate|p2b: Tyranitar|move: Protect\n|move|p2a: silly|Minimize|p2a: silly\n|-boost|p2a: silly|evasion|2\n|move|p1b: Politoed|Rain Dance|p1b: Politoed\n|-weather|RainDance\n|\n|-weather|RainDance|[upkeep]\n|upkeep\n|turn|2\n|\n|t:|1776644210\n|switch|p2b: Scovillain|Scovillain, L50, M|100/100\n|move|p1a: Tsareena|Trop Kick|p2b: Scovillain\n|-resisted|p2b: Scovillain|2\n|-damage|p2b: Scovillain|88/100\n|-unboost|p2b: Scovillain|atk|1\n|move|p2a: silly|Minimize|p2a: silly\n|-boost|p2a: silly|evasion|2\n|move|p1b: Politoed|Icy Wind|p2a: silly|[spread] p2b\n|-miss|p1b: Politoed|p2a: silly\n|-damage|p2b: Scovillain|77/100\n|-unboost|p2b: Scovillain|spe|1\n|\n|-weather|RainDance|[upkeep]\n|-ability|p2b: Scovillain|Moody|boost\n|-boost|p2b: Scovillain|def|2\n|-unboost|p2b: Scovillain|spe|1\n|upkeep\n|turn|3\n|\n|t:|1776644232\n|detailschange|p2b: Scovillain|Scovillain-Mega, L50, M\n|-mega|p2b: Scovillain|Scovillain|Scovillainite\n|move|p1b: Politoed|Protect|p1b: Politoed\n|-singleturn|p1b: Politoed|Protect\n|move|p2b: Scovillain|Rage Powder|p2b: Scovillain\n|-singleturn|p2b: Scovillain|move: Rage Powder\n|move|p1a: Tsareena|Trop Kick|p2a: silly|[miss]\n|-miss|p1a: Tsareena|p2a: silly\n|move|p2a: silly|Minimize|p2a: silly\n|-boost|p2a: silly|evasion|2\n|\n|-weather|RainDance|[upkeep]\n|upkeep\n|turn|4\n|\n|t:|1776644251\n|move|p1a: Tsareena|Trop Kick|p2a: silly|[miss]\n|-miss|p1a: Tsareena|p2a: silly\n|move|p2a: silly|Coil|p2a: silly\n|-boost|p2a: silly|atk|1\n|-boost|p2a: silly|def|1\n|-boost|p2a: silly|accuracy|1\n|move|p1b: Politoed|Muddy Water|p2b: Scovillain|[spread] p2b\n|-miss|p1b: Politoed|p2a: silly\n|-damage|p2b: Scovillain|41/100\n|-status|p1b: Politoed|brn|[from] ability: Spicy Spray|[of] p2b: Scovillain\n|move|p2b: Scovillain|Giga Drain|p1b: Politoed\n|-supereffective|p1b: Politoed|1\n|-damage|p1b: Politoed|51/100 brn\n|-heal|p2b: Scovillain|70/100|[from] drain|[of] p1b: Politoed\n|\n|-weather|RainDance|[upkeep]\n|-heal|p1b: Politoed|57/100 brn|[from] item: Leftovers\n|-damage|p1b: Politoed|51/100 brn|[from] brn\n|upkeep\n|turn|5\n|\n|t:|1776644272\n|move|p1b: Politoed|Protect|p1b: Politoed\n|-singleturn|p1b: Politoed|Protect\n|move|p1a: Tsareena|Trop Kick|p2a: silly|[miss]\n|-miss|p1a: Tsareena|p2a: silly\n|move|p2a: silly|Coil|p2a: silly\n|-boost|p2a: silly|atk|1\n|-boost|p2a: silly|def|1\n|-boost|p2a: silly|accuracy|1\n|move|p2b: Scovillain|Giga Drain|p1b: Politoed\n|-activate|p1b: Politoed|move: Protect\n|\n|-weather|none\n|-heal|p1b: Politoed|57/100 brn|[from] item: Leftovers\n|-damage|p1b: Politoed|51/100 brn|[from] brn\n|upkeep\n|turn|6\n|\n|t:|1776644291\n|move|p1a: Tsareena|Trop Kick|p2a: silly|[miss]\n|-miss|p1a: Tsareena|p2a: silly\n|move|p2a: silly|Coil|p2a: silly\n|-boost|p2a: silly|atk|1\n|-boost|p2a: silly|def|1\n|-boost|p2a: silly|accuracy|1\n|move|p1b: Politoed|Rain Dance|p1b: Politoed\n|-weather|RainDance\n|move|p2b: Scovillain|Flamethrower|p1a: Tsareena\n|-supereffective|p1a: Tsareena|1\n|-enditem|p1a: Tsareena|Occa Berry|[eat]\n|-enditem|p1a: Tsareena|Occa Berry|[weaken]\n|-damage|p1a: Tsareena|78/100\n|\n|-weather|RainDance|[upkeep]\n|-heal|p1b: Politoed|57/100 brn|[from] item: Leftovers\n|-damage|p1b: Politoed|51/100 brn|[from] brn\n|upkeep\n|turn|7\n|\n|t:|1776644312\n|switch|p1a: Dragonite|Dragonite, L50, M|100/100\n|move|p1b: Politoed|Protect|p1b: Politoed\n|-singleturn|p1b: Politoed|Protect\n|move|p2b: Scovillain|Rage Powder|p2b: Scovillain\n|-singleturn|p2b: Scovillain|move: Rage Powder\n|move|p2a: silly|Coil|p2a: silly\n|-boost|p2a: silly|atk|1\n|-boost|p2a: silly|def|1\n|-boost|p2a: silly|accuracy|1\n|\n|-weather|RainDance|[upkeep]\n|-heal|p1b: Politoed|57/100 brn|[from] item: Leftovers\n|-damage|p1b: Politoed|51/100 brn|[from] brn\n|upkeep\n|turn|8\n|\n|t:|1776644329\n|detailschange|p1a: Dragonite|Dragonite-Mega, L50, M\n|-mega|p1a: Dragonite|Dragonite|Dragoninite\n|move|p2b: Scovillain|Rage Powder|p2b: Scovillain\n|-singleturn|p2b: Scovillain|move: Rage Powder\n|move|p1a: Dragonite|Hurricane|p2b: Scovillain\n|-supereffective|p2b: Scovillain|1\n|-damage|p2b: Scovillain|0 fnt\n|-status|p1a: Dragonite|brn|[from] ability: Spicy Spray|[of] p2b: Scovillain\n|faint|p2b: Scovillain\n|move|p2a: silly|Rock Slide|p1a: Dragonite|[spread] p1a,p1b\n|-supereffective|p1a: Dragonite|1\n|-damage|p1a: Dragonite|52/100 brn\n|-damage|p1b: Politoed|0 fnt\n|faint|p1b: Politoed\n|\n|-weather|RainDance|[upkeep]\n|-damage|p1a: Dragonite|46/100 brn|[from] brn\n|upkeep\n|\n|t:|1776644348\n|switch|p2b: Tyranitar|Tyranitar, L50, F|100/100\n|switch|p1b: Sneasler|Sneasler, L50, F|100/100\n|-weather|Sandstorm|[from] ability: Sand Stream|[of] p2b: Tyranitar\n|turn|9\n|\n|t:|1776644373\n|move|p1a: Dragonite|Protect|p1a: Dragonite\n|-singleturn|p1a: Dragonite|Protect\n|move|p2b: Tyranitar|Protect|p2b: Tyranitar\n|-singleturn|p2b: Tyranitar|Protect\n|move|p1b: Sneasler|Fake Out|p2b: Tyranitar\n|-activate|p2b: Tyranitar|move: Protect\n|move|p2a: silly|High Horsepower|p1b: Sneasler\n|-supereffective|p1b: Sneasler|1\n|-damage|p1b: Sneasler|0 fnt\n|faint|p1b: Sneasler\n|\n|-weather|Sandstorm|[upkeep]\n|-damage|p1a: Dragonite|40/100 brn|[from] Sandstorm\n|-damage|p1a: Dragonite|35/100 brn|[from] brn\n|upkeep\n|-message|zackafoo forfeited.\n|\n|win|SiberianWastes\n|raw|zackafoo's rating: 1000 &rarr; <strong>1000</strong><br />(+0 for losing)\n|raw|SiberianWastes's rating: 1031 &rarr; <strong>1063</strong><br />(+32 for winning)\n|l|\u2606zackafoo\n|player|p1|\n",
  "uploadtime": 1776644389,
  "views": 6,
  "formatid": "gen9championsvgc2026regma",
  "rating": 1000,
  "private": 0,
  "password": null
}