{
  "id": "gen9championsvgc2026regma-2589391998",
  "format": "[Gen 9 Champions] VGC 2026 Reg M-A",
  "players": [
    "nk.luna",
    "luddinho98"
  ],
  "log": "|j|\u2606nk.luna\n|j|\u2606luddinho98\n|t:|1776719251\n|gametype|doubles\n|player|p1|nk.luna|marley|1083\n|player|p2|luddinho98|candice|1119\n|gen|9\n|tier|[Gen 9 Champions] VGC 2026 Reg M-A\n|rated|\n|rule|Species Clause: Limit one of each Pok\u00e9mon\n|rule|Item Clause: Limit 1 of each item\n|clearpoke\n|poke|p1|Gardevoir, L50, F, shiny|\n|poke|p1|Whimsicott, L50, F|\n|poke|p1|Primarina, L50, F|\n|poke|p1|Meowstic, L50, M|\n|poke|p1|Ceruledge, L50, F|\n|poke|p1|Meowscarada, L50, F|\n|poke|p2|Floette-Eternal, L50, F|\n|poke|p2|Aerodactyl, L50, F|\n|poke|p2|Alcremie, L50, F|\n|poke|p2|Maushold, L50|\n|poke|p2|Sinistcha, L50|\n|poke|p2|Farigiraf, L50, M|\n|teampreview|4\n|inactive|Battle timer is ON: inactive players will automatically lose when time's up. (requested by nk.luna)\n|\n|t:|1776719279\n|teamsize|p1|4\n|teamsize|p2|4\n|start\n|switch|p1a: whimsi|Whimsicott, L50, F|100/100\n|switch|p1b: Primarina|Primarina, L50, F|100/100\n|switch|p2a: Farigiraf|Farigiraf, L50, M|100/100\n|switch|p2b: Alcremie|Alcremie, L50, F|100/100\n|turn|1\n|\n|t:|1776719301\n|move|p1a: whimsi|Tailwind|p1a: whimsi\n|-sidestart|p1: nk.luna|move: Tailwind\n|move|p2b: Alcremie|Decorate|p2a: Farigiraf\n|-boost|p2a: Farigiraf|atk|2\n|-boost|p2a: Farigiraf|spa|2\n|move|p1b: Primarina|Moonblast|p2b: Alcremie\n|-damage|p2b: Alcremie|55/100\n|move|p2a: Farigiraf|Baton Pass|p2a: Farigiraf\n|\n|t:|1776719310\n|switch|p2a: Floette|Floette-Eternal, L50, F|100/100|[from] Baton Pass\n|\n|upkeep\n|turn|2\n|\n|t:|1776719318\n|detailschange|p2a: Floette|Floette-Mega, L50, F\n|-mega|p2a: Floette|Floette|Floettite\n|-ability|p2a: Floette|Fairy Aura\n|move|p2a: Floette|Protect|p2a: Floette\n|-singleturn|p2a: Floette|Protect\n|move|p1a: whimsi|Taunt|p2b: Alcremie\n|-block|p2b: Alcremie|ability: Aroma Veil|[of] p2b: Alcremie\n|move|p2b: Alcremie|Decorate|p2a: Floette\n|-boost|p2a: Floette|atk|2\n|-boost|p2a: Floette|spa|2\n|move|p1b: Primarina|Haze|p1b: Primarina\n|-clearallboost\n|\n|upkeep\n|turn|3\n|\n|t:|1776719337\n|switch|p1a: Meowstic|Meowstic, L50, M|100/100\n|move|p2b: Alcremie|Decorate|p2a: Floette\n|-boost|p2a: Floette|atk|2\n|-boost|p2a: Floette|spa|2\n|move|p1b: Primarina|Moonblast|p2a: Floette\n|-damage|p2a: Floette|56/100\n|move|p2a: Floette|Dazzling Gleam|p1a: Meowstic|[spread] p1a,p1b\n|-enditem|p1a: Meowstic|Focus Sash\n|-damage|p1a: Meowstic|1/100\n|-damage|p1b: Primarina|17/100\n|\n|-heal|p1b: Primarina|23/100|[from] item: Leftovers\n|upkeep\n|turn|4\n|inactive|luddinho98 has 30 seconds left.\n|\n|t:|1776719368\n|move|p1a: Meowstic|Psychic Terrain|p1a: Meowstic\n|-fieldstart|move: Psychic Terrain\n|move|p2b: Alcremie|Decorate|p2a: Floette\n|-boost|p2a: Floette|atk|2\n|-boost|p2a: Floette|spa|2\n|move|p1b: Primarina|Haze|p1b: Primarina\n|-clearallboost\n|move|p2a: Floette|Dazzling Gleam|p1b: Primarina|[spread] p1a,p1b\n|-damage|p1a: Meowstic|0 fnt\n|-damage|p1b: Primarina|0 fnt\n|faint|p1a: Meowstic\n|faint|p1b: Primarina\n|\n|-sideend|p1: nk.luna|move: Tailwind\n|upkeep\n|\n|t:|1776719377\n|switch|p1a: Gardevoir|Gardevoir, L50, F, shiny|100/100\n|switch|p1b: whimsi|Whimsicott, L50, F|100/100\n|turn|5\n|\n|t:|1776719391\n|detailschange|p1a: Gardevoir|Gardevoir-Mega, L50, F, shiny\n|-mega|p1a: Gardevoir|Gardevoir|Gardevoirite\n|move|p2a: Floette|Protect|p2a: Floette\n|-singleturn|p2a: Floette|Protect\n|move|p1b: whimsi|Tailwind|p1b: whimsi\n|-sidestart|p1: nk.luna|move: Tailwind\n|move|p1a: Gardevoir|Moonblast|p2a: Floette\n|-activate|p2a: Floette|move: Protect\n|move|p2b: Alcremie|Decorate|p2a: Floette\n|-boost|p2a: Floette|atk|2\n|-boost|p2a: Floette|spa|2\n|\n|upkeep\n|turn|6\n|inactive|luddinho98 has 30 seconds left.\n|\n|t:|1776719426\n|switch|p2b: Farigiraf|Farigiraf, L50, M|100/100\n|move|p1b: whimsi|Moonblast|p2a: Floette\n|-damage|p2a: Floette|29/100\n|move|p1a: Gardevoir|Moonblast|p2a: Floette\n|-damage|p2a: Floette|0 fnt\n|faint|p2a: Floette\n|\n|upkeep\n|\n|t:|1776719437\n|switch|p2a: Alcremie|Alcremie, L50, F|55/100\n|turn|7\n|\n|t:|1776719458\n|move|p2b: Farigiraf|Protect|p2b: Farigiraf\n|-singleturn|p2b: Farigiraf|Protect\n|move|p1b: whimsi|Moonblast|p2b: Farigiraf\n|-activate|p2b: Farigiraf|move: Protect\n|move|p1a: Gardevoir|Expanding Force|p2b: Farigiraf|[spread] p2a\n|-activate|p2b: Farigiraf|move: Protect\n|-damage|p2a: Alcremie|0 fnt\n|faint|p2a: Alcremie\n|\n|upkeep\n|\n|t:|1776719468\n|switch|p2a: Aerodactyl|Aerodactyl, L50, F|100/100\n|-ability|p2a: Aerodactyl|Unnerve\n|turn|8\n|\n|t:|1776719488\n|move|p2a: Aerodactyl|Wide Guard|p2a: Aerodactyl\n|-singleturn|p2a: Aerodactyl|Wide Guard\n|move|p1b: whimsi|Moonblast|p2a: Aerodactyl\n|-damage|p2a: Aerodactyl|58/100\n|move|p1a: Gardevoir|Expanding Force|p2b: Farigiraf|[spread] \n|-activate|p2a: Aerodactyl|move: Wide Guard\n|-activate|p2b: Farigiraf|move: Wide Guard\n|move|p2b: Farigiraf|Twin Beam|p1b: whimsi\n|-damage|p1b: whimsi|75/100\n|-damage|p1b: whimsi|51/100\n|-hitcount|p1b: whimsi|2\n|\n|-sideend|p1: nk.luna|move: Tailwind\n|-fieldend|move: Psychic Terrain\n|upkeep\n|turn|9\n|\n|t:|1776719506\n|move|p1b: whimsi|Tailwind|p1b: whimsi\n|-sidestart|p1: nk.luna|move: Tailwind\n|move|p1a: Gardevoir|Moonblast|p2a: Aerodactyl\n|-damage|p2a: Aerodactyl|0 fnt\n|faint|p2a: Aerodactyl\n|move|p2b: Farigiraf|Hyper Voice|p1a: Gardevoir|[spread] p1a,p1b\n|-damage|p1a: Gardevoir|74/100\n|-damage|p1b: whimsi|20/100\n|\n|upkeep\n|turn|10\n|\n|t:|1776719517\n|move|p1b: whimsi|Moonblast|p2b: Farigiraf\n|-damage|p2b: Farigiraf|74/100\n|move|p1a: Gardevoir|Moonblast|p2b: Farigiraf\n|-damage|p2b: Farigiraf|10/100\n|-unboost|p2b: Farigiraf|spa|1\n|move|p2b: Farigiraf|Hyper Voice|p1a: Gardevoir|[spread] p1a,p1b\n|-damage|p1a: Gardevoir|59/100\n|-damage|p1b: whimsi|0 fnt\n|faint|p1b: whimsi\n|\n|upkeep\n|turn|11\n|\n|t:|1776719527\n|move|p1a: Gardevoir|Moonblast|p2b: Farigiraf\n|-damage|p2b: Farigiraf|0 fnt\n|faint|p2b: Farigiraf\n|\n|win|nk.luna\n|raw|nk.luna's rating: 1083 &rarr; <strong>1113</strong><br />(+30 for winning)\n|raw|luddinho98's rating: 1119 &rarr; <strong>1091</strong><br />(-28 for losing)\n|l|\u2606luddinho98\n|player|p2|\n",
  "uploadtime": 1776719531,
  "views": 10,
  "formatid": "gen9championsvgc2026regma",
  "rating": 1091,
  "private": 0,
  "password": null
}