{
  "id": "gen9championsvgc2026regma-2587806259",
  "format": "[Gen 9 Champions] VGC 2026 Reg M-A",
  "players": [
    "Moxxdd",
    "Mac_Time"
  ],
  "log": "|j|\u2606Moxxdd\n|j|\u2606Mac_Time\n|t:|1776565895\n|gametype|doubles\n|player|p1|Moxxdd|emmet|\n|player|p2|Mac_Time|266|\n|gen|9\n|tier|[Gen 9 Champions] VGC 2026 Reg M-A\n|rule|Species Clause: Limit one of each Pok\u00e9mon\n|rule|Item Clause: Limit 1 of each item\n|clearpoke\n|poke|p1|Golurk, L50|\n|poke|p1|Farigiraf, L50, M|\n|poke|p1|Sinistcha, L50|\n|poke|p1|Hatterene, L50, F|\n|poke|p1|Sableye, L50, M|\n|poke|p1|Ampharos, L50, M|\n|poke|p2|Emboar, L50, M|\n|poke|p2|Volcarona, L50, F|\n|poke|p2|Zoroark, L50, F|\n|poke|p2|Garbodor, L50, M|\n|poke|p2|Hydreigon, L50, M|\n|poke|p2|Kingambit, L50, M|\n|teampreview|4\nMoxxdd has agreed to open team sheets.\n|\n|t:|1776565965\n|teamsize|p1|4\n|teamsize|p2|4\n|start\n|switch|p1a: Hatterene|Hatterene, L50, F|100/100\n|switch|p1b: Farigiraf|Farigiraf, L50, M|100/100\n|switch|p2a: Baconator|Emboar, L50, M|100/100\n|switch|p2b: I\u2019m in your walls|Volcarona, L50, F|100/100\n|turn|1\n|\n|t:|1776565983\n|move|p2a: Baconator|Night Daze|p1b: Farigiraf\n|-supereffective|p1b: Farigiraf|1\n|-damage|p1b: Farigiraf|26/100\n|move|p2b: I\u2019m in your walls|Fiery Dance|p1b: Farigiraf\n|-damage|p1b: Farigiraf|0 fnt\n|-boost|p2b: I\u2019m in your walls|spa|1\n|faint|p1b: Farigiraf\n|move|p1a: Hatterene|Trick Room|p1a: Hatterene\n|-fieldstart|move: Trick Room|[of] p1a: Hatterene\n|\n|upkeep\n|\n|t:|1776565992\n|switch|p1b: Golurk|Golurk, L50|100/100\n|turn|2\n|\n|t:|1776566015\n|detailschange|p1b: Golurk|Golurk-Mega, L50\n|-mega|p1b: Golurk|Golurk|Golurkite\n|move|p1a: Hatterene|Dazzling Gleam|p2b: I\u2019m in your walls|[spread] p2a,p2b\n|-supereffective|p2a: Baconator|1\n|-resisted|p2b: I\u2019m in your walls|1\n|-enditem|p2a: Baconator|Focus Sash\n|-damage|p2a: Baconator|1/100\n|-damage|p2b: I\u2019m in your walls|82/100\n|replace|p2a: Sus|Zoroark, L50, F\n|-end|p2a: Sus|Illusion\n|move|p1b: Golurk|Headlong Rush|p2a: Sus\n|-damage|p2a: Sus|0 fnt\n|-unboost|p1b: Golurk|def|1\n|-unboost|p1b: Golurk|spd|1\n|faint|p2a: Sus\n|move|p2b: I\u2019m in your walls|Giga Drain|p1b: Golurk\n|-supereffective|p1b: Golurk|1\n|-damage|p1b: Golurk|0 fnt\n|-heal|p2b: I\u2019m in your walls|100/100|[from] drain|[of] p1b: Golurk\n|faint|p1b: Golurk\n|\n|upkeep\n|\n|t:|1776566038\n|switch|p1b: Sinistcha|Sinistcha, L50|100/100\n|switch|p2a: YOOOOOOOOOO|Kingambit, L50, M|100/100\n|-activate|p2a: YOOOOOOOOOO|ability: Supreme Overlord\n|-start|p2a: YOOOOOOOOOO|fallen1|[silent]\n|turn|3\n|\n|t:|1776566060\n|move|p1a: Hatterene|Mystical Fire|p2a: YOOOOOOOOOO\n|-supereffective|p2a: YOOOOOOOOOO|1\n|-damage|p2a: YOOOOOOOOOO|43/100\n|-unboost|p2a: YOOOOOOOOOO|spa|1\n|move|p2a: YOOOOOOOOOO|Kowtow Cleave|p1b: Sinistcha\n|-supereffective|p1b: Sinistcha|1\n|-damage|p1b: Sinistcha|20/100\n|-enditem|p1b: Sinistcha|Sitrus Berry|[eat]\n|-heal|p1b: Sinistcha|44/100|[from] item: Sitrus Berry\n|move|p1b: Sinistcha|Life Dew||[still]|[spread] p1a,p1b\n|-fail|p1a: Hatterene|heal\n|-heal|p1b: Sinistcha|70/100\n|move|p2b: I\u2019m in your walls|Bug Buzz|p1a: Hatterene\n|-damage|p1a: Hatterene|25/100\n|-unboost|p1a: Hatterene|spd|1\n|\n|upkeep\n|turn|4\n|\n|t:|1776566081\n|move|p1b: Sinistcha|Rage Powder|p1b: Sinistcha\n|-singleturn|p1b: Sinistcha|move: Rage Powder\n|move|p2a: YOOOOOOOOOO|Sucker Punch||[still]\n|-fail|p2a: YOOOOOOOOOO\n|move|p1a: Hatterene|Mystical Fire|p2a: YOOOOOOOOOO\n|-supereffective|p2a: YOOOOOOOOOO|1\n|-damage|p2a: YOOOOOOOOOO|0 fnt\n|faint|p2a: YOOOOOOOOOO\n|-end|p2a: YOOOOOOOOOO|fallen1|[silent]\n|move|p2b: I\u2019m in your walls|Fiery Dance|p1b: Sinistcha\n|-supereffective|p1b: Sinistcha|1\n|-damage|p1b: Sinistcha|0 fnt\n|faint|p1b: Sinistcha\n|\n|upkeep\n|\n|t:|1776566095\n|switch|p2a: Baconator|Emboar, L50, M|100/100\n|turn|5\n|\n|t:|1776566106\n|move|p1a: Hatterene|Shadow Ball|p2a: Baconator\n|-damage|p2a: Baconator|65/100\n|move|p2a: Baconator|Heat Crash|p1a: Hatterene\n|-damage|p1a: Hatterene|0 fnt\n|faint|p1a: Hatterene\n|\n|win|Mac_Time\n",
  "uploadtime": 1776566115,
  "views": 14,
  "formatid": "gen9championsvgc2026regma",
  "rating": null,
  "private": 0,
  "password": null
}