{
  "id": "gen9championsvgc2026regma-2584291487",
  "format": "[Gen 9 Champions] VGC 2026 Reg M-A",
  "players": [
    "bald podcast",
    "Mischievouz"
  ],
  "log": "|j|\u2606bald podcast\n|j|\u2606Mischievouz\n|t:|1776247806\n|gametype|doubles\n|player|p1|bald podcast|266|1133\n|player|p2|Mischievouz|cynthia-gen4|1124\n|gen|9\n|tier|[Gen 9 Champions] VGC 2026 Reg M-A\n|rated|\n|rule|Species Clause: Limit one of each Pok\u00e9mon\n|rule|Item Clause: Limit 1 of each item\n|clearpoke\n|poke|p1|Delphox, L50, F|\n|poke|p1|Garchomp, L50, M|\n|poke|p1|Tsareena, L50, F|\n|poke|p1|Talonflame, L50, F|\n|poke|p1|Scizor, L50, F|\n|poke|p1|Gyarados, L50, M|\n|poke|p2|Froslass, L50, F|\n|poke|p2|Garchomp, L50, M|\n|poke|p2|Rotom-Frost, L50|\n|poke|p2|Incineroar, L50, M|\n|poke|p2|Kingambit, L50, F|\n|poke|p2|Whimsicott, L50, F|\n|teampreview|4\n|\n|t:|1776247858\n|teamsize|p1|4\n|teamsize|p2|4\n|start\n|switch|p1a: Talonflame|Talonflame, L50, F|100/100\n|switch|p1b: Scizor|Scizor, L50, F|100/100\n|switch|p2a: Froslass|Froslass, L50, F|100/100\n|switch|p2b: Kingambit|Kingambit, L50, F|100/100\n|turn|1\n|\n|t:|1776247903\n|switch|p2a: Incineroar|Incineroar, L50, M|100/100\n|-ability|p2a: Incineroar|Intimidate|boost\n|-unboost|p1a: Talonflame|atk|1\n|-unboost|p1b: Scizor|atk|1\n|move|p2b: Kingambit|Protect|p2b: Kingambit\n|-singleturn|p2b: Kingambit|Protect\n|move|p1a: Talonflame|Tailwind|p1a: Talonflame\n|-sidestart|p1: bald podcast|move: Tailwind\n|move|p1b: Scizor|Close Combat|p2b: Kingambit\n|-activate|p2b: Kingambit|move: Protect\n|\n|upkeep\n|turn|2\n|\n|t:|1776247943\n|switch|p1b: Delphox|Delphox, L50, F|100/100\n|move|p1a: Talonflame|Upper Hand|p2a: Incineroar\n|-supereffective|p2a: Incineroar|1\n|-damage|p2a: Incineroar|81/100\n|cant|p2a: Incineroar|flinch\n|move|p2b: Kingambit|Low Kick|p1b: Delphox\n|-resisted|p1b: Delphox|1\n|-damage|p1b: Delphox|85/100\n|\n|upkeep\n|turn|3\n|\n|t:|1776247975\n|switch|p1a: Garchomp|Garchomp, L50, M|100/100\n|detailschange|p1b: Delphox|Delphox-Mega, L50, F\n|-mega|p1b: Delphox|Delphox|Delphoxite\n|move|p1b: Delphox|Protect|p1b: Delphox\n|-singleturn|p1b: Delphox|Protect\n|move|p2b: Kingambit|Sucker Punch||[still]\n|-fail|p2b: Kingambit\n|move|p2a: Incineroar|Darkest Lariat|p1b: Delphox\n|-activate|p1b: Delphox|move: Protect\n|\n|upkeep\n|turn|4\n|\n|t:|1776247992\n|switch|p1b: Talonflame|Talonflame, L50, F|100/100\n|move|p2b: Kingambit|Protect|p2b: Kingambit\n|-singleturn|p2b: Kingambit|Protect\n|move|p1a: Garchomp|Earthquake|p2b: Kingambit|[spread] p2a\n|-activate|p2b: Kingambit|move: Protect\n|-immune|p1b: Talonflame\n|-supereffective|p2a: Incineroar|1\n|-damage|p2a: Incineroar|12/100\n|-enditem|p2a: Incineroar|Sitrus Berry|[eat]\n|-heal|p2a: Incineroar|37/100|[from] item: Sitrus Berry\n|move|p2a: Incineroar|Parting Shot|p1b: Talonflame\n|-unboost|p1b: Talonflame|atk|1\n|-unboost|p1b: Talonflame|spa|1\n|\n|t:|1776248006\n|switch|p2a: Froslass|Froslass, L50, F|100/100|[from] Parting Shot\n|\n|-sideend|p1: bald podcast|move: Tailwind\n|upkeep\n|turn|5\n|\n|t:|1776248025\n|switch|p2b: Incineroar|Incineroar, L50, M|37/100\n|-ability|p2b: Incineroar|Intimidate|boost\n|-unboost|p1a: Garchomp|atk|1\n|-unboost|p1b: Talonflame|atk|1\n|-enditem|p1a: Garchomp|White Herb\n|-clearnegativeboost|p1a: Garchomp|[silent]\n|detailschange|p2a: Froslass|Froslass-Mega, L50, F\n|-mega|p2a: Froslass|Froslass|Froslassite\n|-weather|Snowscape|[from] ability: Snow Warning|[of] p2a: Froslass\n|move|p1b: Talonflame|Tailwind|p1b: Talonflame\n|-sidestart|p1: bald podcast|move: Tailwind\n|move|p1a: Garchomp|Rock Slide|p2b: Incineroar|[spread] p2a,p2b\n|-supereffective|p2a: Froslass|1\n|-supereffective|p2b: Incineroar|1\n|-damage|p2a: Froslass|56/100\n|-damage|p2b: Incineroar|1/100\n|cant|p2a: Froslass|flinch\n|\n|-weather|Snowscape|[upkeep]\n|upkeep\n|turn|6\n|\n|t:|1776248065\n|switch|p1b: Scizor|Scizor, L50, F|100/100\n|switch|p2b: Kingambit|Kingambit, L50, F|100/100\n|move|p1a: Garchomp|Rock Slide|p2b: Kingambit|[spread] p2a,p2b\n|-supereffective|p2a: Froslass|1\n|-resisted|p2b: Kingambit|1\n|-damage|p2a: Froslass|16/100\n|-damage|p2b: Kingambit|92/100\n|move|p2a: Froslass|Aurora Veil|p2a: Froslass\n|-sidestart|p2: Mischievouz|move: Aurora Veil\n|\n|-weather|Snowscape|[upkeep]\n|upkeep\n|turn|7\n|\n|t:|1776248090\n|move|p2a: Froslass|Protect|p2a: Froslass\n|-singleturn|p2a: Froslass|Protect\n|move|p1a: Garchomp|Dragon Claw|p2a: Froslass\n|-activate|p2a: Froslass|move: Protect\n|move|p1b: Scizor|Bug Bite|p2b: Kingambit\n|-damage|p2b: Kingambit|62/100\n|move|p2b: Kingambit|Low Kick|p1b: Scizor\n|-damage|p1b: Scizor|64/100\n|\n|-weather|Snowscape|[upkeep]\n|upkeep\n|turn|8\n|\n|t:|1776248130\n|switch|p2a: Incineroar|Incineroar, L50, M|1/100\n|-ability|p2a: Incineroar|Intimidate|boost\n|-unboost|p1a: Garchomp|atk|1\n|-unboost|p1b: Scizor|atk|1\n|switch|p2b: Rotom|Rotom-Frost, L50|100/100\n|move|p1a: Garchomp|Dragon Claw|p2a: Incineroar\n|-damage|p2a: Incineroar|0 fnt\n|faint|p2a: Incineroar\n|move|p1b: Scizor|Close Combat|p2b: Rotom\n|-supereffective|p2b: Rotom|1\n|-damage|p2b: Rotom|65/100\n|-unboost|p1b: Scizor|def|1\n|-unboost|p1b: Scizor|spd|1\n|\n|-weather|Snowscape|[upkeep]\n|-sideend|p1: bald podcast|move: Tailwind\n|upkeep\n|\n|t:|1776248145\n|switch|p2a: Froslass|Froslass-Mega, L50, F|16/100\n|turn|9\n|\n|t:|1776248151\n|move|p1b: Scizor|Bullet Punch|p2a: Froslass\n|-supereffective|p2a: Froslass|1\n|-damage|p2a: Froslass|0 fnt\n|faint|p2a: Froslass\n|move|p2b: Rotom|Blizzard|p1b: Scizor|[spread] p1a,p1b\n|-supereffective|p1a: Garchomp|2\n|-resisted|p1b: Scizor|1\n|-damage|p1a: Garchomp|0 fnt\n|-damage|p1b: Scizor|32/100\n|faint|p1a: Garchomp\n|\n|-weather|none\n|upkeep\n|\n|t:|1776248159\n|switch|p2a: Kingambit|Kingambit, L50, F|62/100\n|switch|p1a: Talonflame|Talonflame, L50, F|100/100\n|turn|10\n|\n|t:|1776248169\n|move|p1a: Talonflame|Tailwind|p1a: Talonflame\n|-sidestart|p1: bald podcast|move: Tailwind\n|move|p2b: Rotom|Blizzard|p1a: Talonflame|[spread] p1a,p1b\n|-resisted|p1b: Scizor|1\n|-damage|p1a: Talonflame|42/100\n|-damage|p1b: Scizor|0 fnt\n|faint|p1b: Scizor\n|move|p2a: Kingambit|Low Kick|p1a: Talonflame\n|-resisted|p1a: Talonflame|1\n|-damage|p1a: Talonflame|31/100\n|\n|-sideend|p2: Mischievouz|move: Aurora Veil\n|upkeep\n|\n|t:|1776248174\n|switch|p1b: Delphox|Delphox-Mega, L50, F|85/100\n|turn|11\n|\n|t:|1776248183\n|move|p1a: Talonflame|Upper Hand|p2a: Kingambit\n|-supereffective|p2a: Kingambit|2\n|-damage|p2a: Kingambit|2/100\n|cant|p2a: Kingambit|flinch\n|move|p1b: Delphox|Heat Wave|p2b: Rotom|[spread] p2a,p2b\n|-supereffective|p2a: Kingambit|1\n|-supereffective|p2b: Rotom|1\n|-crit|p2b: Rotom\n|-damage|p2a: Kingambit|0 fnt\n|-damage|p2b: Rotom|0 fnt\n|faint|p2a: Kingambit\n|faint|p2b: Rotom\n|\n|win|bald podcast\n|raw|bald podcast's rating: 1133 &rarr; <strong>1157</strong><br />(+24 for winning)\n|raw|Mischievouz's rating: 1124 &rarr; <strong>1100</strong><br />(-24 for losing)\n|l|\u2606Mischievouz\n|player|p2|\n",
  "uploadtime": 1776248201,
  "views": 26,
  "formatid": "gen9championsvgc2026regma",
  "rating": 1100,
  "private": 0,
  "password": null
}