{
  "id": "gen9championsvgc2026regma-2585333138",
  "format": "[Gen 9 Champions] VGC 2026 Reg M-A",
  "players": [
    "colfox",
    "BloodMinister01"
  ],
  "log": "|j|\u203dcolfox\n|j|\u2606BloodMinister01\n|t:|1776338730\n|gametype|doubles\n|player|p1|colfox|2|1242\n|player|p2|BloodMinister01|gentleman-gen4|1221\n|gen|9\n|tier|[Gen 9 Champions] VGC 2026 Reg M-A\n|rated|\n|rule|Species Clause: Limit one of each Pok\u00e9mon\n|rule|Item Clause: Limit 1 of each item\n|clearpoke\n|poke|p1|Sylveon, L50, F|\n|poke|p1|Garchomp, L50, F|\n|poke|p1|Milotic, L50, F|\n|poke|p1|Ninetales, L50, M|\n|poke|p1|Raichu, L50, F|\n|poke|p1|Scizor, L50, M|\n|poke|p2|Glimmora, L50, F|\n|poke|p2|Whimsicott, L50, F|\n|poke|p2|Basculegion, L50, M|\n|poke|p2|Sneasler, L50, F|\n|poke|p2|Froslass, L50, F|\n|poke|p2|Kingambit, L50, F|\n|teampreview|4\n|\n|t:|1776338768\n|teamsize|p1|4\n|teamsize|p2|4\n|start\n|switch|p1a: Raichu|Raichu, L50, F|100/100\n|switch|p1b: Scizor|Scizor, L50, M|100/100\n|switch|p2a: Glimmora|Glimmora, L50, F|100/100\n|switch|p2b: Sneasler|Sneasler, L50, F|100/100\n|turn|1\n|\n|t:|1776338803\n|detailschange|p2a: Glimmora|Glimmora-Mega, L50, F\n|-mega|p2a: Glimmora|Glimmora|Glimmoranite\n|detailschange|p1b: Scizor|Scizor-Mega, L50, M\n|-mega|p1b: Scizor|Scizor|Scizorite\n|move|p2b: Sneasler|Fake Out|p1a: Raichu\n|-damage|p1a: Raichu|69/100\n|cant|p1a: Raichu|flinch\n|move|p1b: Scizor|Bullet Punch|p2a: Glimmora\n|-supereffective|p2a: Glimmora|1\n|-damage|p2a: Glimmora|22/100\n|move|p2a: Glimmora|Earth Power|p1a: Raichu\n|-supereffective|p1a: Raichu|1\n|-damage|p1a: Raichu|0 fnt\n|faint|p1a: Raichu\n|\n|upkeep\n|\n|t:|1776338821\n|switch|p1a: Garchomp|Garchomp, L50, F|100/100\n|turn|2\n|\n|t:|1776338831\n|move|p2a: Glimmora|Spiky Shield|p2a: Glimmora\n|-singleturn|p2a: Glimmora|move: Protect\n|move|p1b: Scizor|Protect|p1b: Scizor\n|-singleturn|p1b: Scizor|Protect\n|move|p2b: Sneasler|Close Combat|p1b: Scizor\n|-activate|p1b: Scizor|move: Protect\n|move|p1a: Garchomp|Earthquake|p2b: Sneasler|[spread] p2b\n|-activate|p1b: Scizor|move: Protect\n|-activate|p2a: Glimmora|move: Protect\n|-supereffective|p2b: Sneasler|1\n|-crit|p2b: Sneasler\n|-damage|p2b: Sneasler|0 fnt\n|faint|p2b: Sneasler\n|\n|upkeep\n|\n|t:|1776338844\n|switch|p2b: Whimsicott|Whimsicott, L50, F|100/100\n|turn|3\n|\n|t:|1776338856\n|switch|p2a: Basculegion|Basculegion, L50, M|100/100\n|move|p1b: Scizor|Bullet Punch|p2a: Basculegion\n|-resisted|p2a: Basculegion|1\n|-damage|p2a: Basculegion|77/100\n|move|p2b: Whimsicott|Moonblast|p1a: Garchomp\n|-supereffective|p1a: Garchomp|1\n|-damage|p1a: Garchomp|45/100\n|move|p1a: Garchomp|Rock Slide|p2b: Whimsicott|[spread] p2a,p2b\n|-damage|p2a: Basculegion|50/100\n|-damage|p2b: Whimsicott|75/100\n|\n|upkeep\n|turn|4\n|\n|t:|1776338889\n|move|p1b: Scizor|Bullet Punch|p2b: Whimsicott\n|-supereffective|p2b: Whimsicott|1\n|-damage|p2b: Whimsicott|0 fnt\n|faint|p2b: Whimsicott\n|move|p2a: Basculegion|Last Respects|p1b: Scizor\n|-damage|p1b: Scizor|20/100\n|move|p1a: Garchomp|Dragon Claw|p2a: Basculegion\n|-damage|p2a: Basculegion|0 fnt\n|faint|p2a: Basculegion\n|\n|upkeep\n|\n|t:|1776338899\n|switch|p2b: Glimmora|Glimmora-Mega, L50, F|22/100\n|turn|5\n|\n|t:|1776338913\n|move|p1b: Scizor|Bullet Punch|p2b: Glimmora\n|-supereffective|p2b: Glimmora|1\n|-damage|p2b: Glimmora|0 fnt\n|faint|p2b: Glimmora\n|\n|win|colfox\n|raw|colfox's rating: 1242 &rarr; <strong>1265</strong><br />(+23 for winning)\n|raw|BloodMinister01's rating: 1221 &rarr; <strong>1198</strong><br />(-23 for losing)\n|l|\u2606BloodMinister01\n|player|p2|\n",
  "uploadtime": 1776338926,
  "views": 32,
  "formatid": "gen9championsvgc2026regma",
  "rating": 1198,
  "private": 0,
  "password": null
}