{
  "id": "gen9championsvgc2026regma-2582243038",
  "format": "[Gen 9 Champions] VGC 2026 Reg M-A",
  "players": [
    "drtdtrd",
    "thewi7"
  ],
  "log": "|j|\u2606drtdtrd\n|j|\u2606thewi7\n|t:|1776075352\n|gametype|doubles\n|player|p1|drtdtrd|2|1084\n|player|p2|thewi7|zinzolin|1044\n|gen|9\n|tier|[Gen 9 Champions] VGC 2026 Reg M-A\n|rated|\n|rule|Species Clause: Limit one of each Pok\u00e9mon\n|rule|Item Clause: Limit 1 of each item\n|clearpoke\n|poke|p1|Drampa, L50, F|\n|poke|p1|Farigiraf, L50, F|\n|poke|p1|Incineroar, L50, M|\n|poke|p1|Orthworm, L50, M|\n|poke|p1|Torkoal, L50, F|\n|poke|p1|Basculegion, L50, M|\n|poke|p2|Archaludon, L50, F|\n|poke|p2|Sneasler, L50, M|\n|poke|p2|Dragonite, L50, F|\n|poke|p2|Pelipper, L50, M|\n|poke|p2|Basculegion, L50, M|\n|poke|p2|Clefable, L50, M|\n|teampreview|4\n|\n|t:|1776075398\n|teamsize|p1|4\n|teamsize|p2|4\n|start\n|switch|p1a: Farigiraf|Farigiraf, L50, F|100/100\n|switch|p1b: Orthworm|Orthworm, L50, M|100/100\n|switch|p2a: Archaludon|Archaludon, L50, F|100/100\n|switch|p2b: Dragonite|Dragonite, L50, F, shiny|100/100\n|turn|1\n|\n|t:|1776075429\n|detailschange|p2b: Dragonite|Dragonite-Mega, L50, F, shiny\n|-mega|p2b: Dragonite|Dragonite|Dragoninite\n|move|p2a: Archaludon|Protect|p2a: Archaludon\n|-singleturn|p2a: Archaludon|Protect\n|move|p1b: Orthworm|Protect|p1b: Orthworm\n|-singleturn|p1b: Orthworm|Protect\n|move|p2b: Dragonite|Tailwind|p2b: Dragonite\n|-sidestart|p2: thewi7|move: Tailwind\n|move|p1a: Farigiraf|Trick Room|p1a: Farigiraf\n|-fieldstart|move: Trick Room|[of] p1a: Farigiraf\n|\n|upkeep\n|turn|2\n|\n|t:|1776075449\n|move|p1a: Farigiraf|Dazzling Gleam|p2a: Archaludon|[spread] p2a,p2b\n|-supereffective|p2b: Dragonite|1\n|-damage|p2a: Archaludon|77/100\n|-damage|p2b: Dragonite|89/100\n|move|p1b: Orthworm|Earth Power|p2a: Archaludon\n|-supereffective|p2a: Archaludon|1\n|-damage|p2a: Archaludon|41/100\n|move|p2b: Dragonite|Dragon Pulse|p1a: Farigiraf\n|-damage|p1a: Farigiraf|56/100\n|move|p2a: Archaludon|Draco Meteor|p1a: Farigiraf\n|-damage|p1a: Farigiraf|0 fnt\n|-unboost|p2a: Archaludon|spa|2\n|faint|p1a: Farigiraf\n|\n|upkeep\n|\n|t:|1776075469\n|switch|p1a: Torkoal|Torkoal, L50, F|100/100\n|-weather|SunnyDay|[from] ability: Drought|[of] p1a: Torkoal\n|turn|3\n|\n|t:|1776075490\n|switch|p2a: Peli/Poli|Pelipper, L50, M|100/100\n|-weather|RainDance|[from] ability: Drizzle|[of] p2a: Peli/Poli\n|move|p1a: Torkoal|Eruption|p2b: Dragonite|[spread] p2a,p2b\n|-resisted|p2a: Peli/Poli|1\n|-resisted|p2b: Dragonite|1\n|-damage|p2a: Peli/Poli|74/100\n|-damage|p2b: Dragonite|79/100\n|move|p1b: Orthworm|Shed Tail|p1b: Orthworm\n|-start|p1b: Orthworm|Substitute|[from] move: Shed Tail\n|-damage|p1b: Orthworm|50/100\n|\n|t:|1776075500\n|switch|p1b: Drampa|Drampa, L50, F|100/100|[from] Shed Tail\n|move|p2b: Dragonite|Dragon Pulse|p1a: Torkoal\n|-damage|p1a: Torkoal|34/100\n|\n|-weather|RainDance|[upkeep]\n|upkeep\n|turn|4\n|\n|t:|1776075524\n|switch|p1a: Orthworm|Orthworm, L50, M|50/100\n|switch|p2b: Archaludon|Archaludon, L50, F|41/100\n|move|p1b: Drampa|Thunderbolt|p2a: Peli/Poli\n|-supereffective|p2a: Peli/Poli|2\n|-damage|p2a: Peli/Poli|0 fnt\n|faint|p2a: Peli/Poli\n|\n|-weather|RainDance|[upkeep]\n|-sideend|p2: thewi7|move: Tailwind\n|upkeep\n|\n|t:|1776075533\n|switch|p2a: Sneasler|Sneasler, L50, M, shiny|100/100\n|turn|5\n|\n|t:|1776075572\n|detailschange|p1b: Drampa|Drampa-Mega, L50, F\n|-mega|p1b: Drampa|Drampa|Drampanite\n|move|p1a: Orthworm|Protect|p1a: Orthworm\n|-singleturn|p1a: Orthworm|Protect\n|move|p2a: Sneasler|Fake Out|p1a: Orthworm\n|-activate|p1a: Orthworm|move: Protect\n|move|p1b: Drampa|Draco Meteor|p2a: Sneasler\n|-damage|p2a: Sneasler|0 fnt\n|-unboost|p1b: Drampa|spa|2\n|faint|p2a: Sneasler\n|move|p2b: Archaludon|Draco Meteor|p1b: Drampa|[miss]\n|-miss|p2b: Archaludon|p1b: Drampa\n|\n|-weather|RainDance|[upkeep]\n|-fieldend|move: Trick Room\n|upkeep\n|\n|t:|1776075585\n|switch|p2a: Dragonite|Dragonite-Mega, L50, F, shiny|79/100\n|turn|6\n|\n|t:|1776075593\n|move|p2b: Archaludon|Draco Meteor|p1b: Drampa\n|-supereffective|p1b: Drampa|1\n|-end|p1b: Drampa|Substitute\n|-unboost|p2b: Archaludon|spa|2\n|move|p2a: Dragonite|Dragon Pulse|p1b: Drampa\n|-supereffective|p1b: Drampa|1\n|-damage|p1b: Drampa|16/100\n|-ability|p1b: Drampa|Berserk|boost\n|-boost|p1b: Drampa|spa|1\n|move|p1a: Orthworm|Earth Power|p2b: Archaludon\n|-supereffective|p2b: Archaludon|1\n|-damage|p2b: Archaludon|3/100\n|move|p1b: Drampa|Draco Meteor|p2a: Dragonite|[miss]\n|-miss|p1b: Drampa|p2a: Dragonite\n|\n|-weather|RainDance|[upkeep]\n|upkeep\n|turn|7\n|\n|t:|1776075611\n|move|p1b: Drampa|Protect|p1b: Drampa\n|-singleturn|p1b: Drampa|Protect\n|move|p2b: Archaludon|Draco Meteor|p1a: Orthworm\n|-resisted|p1a: Orthworm|1\n|-damage|p1a: Orthworm|20/100\n|-unboost|p2b: Archaludon|spa|2\n|move|p2a: Dragonite|Dragon Pulse|p1b: Drampa\n|-activate|p1b: Drampa|move: Protect\n|move|p1a: Orthworm|Iron Head|p2b: Archaludon\n|-resisted|p2b: Archaludon|1\n|-damage|p2b: Archaludon|0 fnt\n|faint|p2b: Archaludon\n|\n|-weather|none\n|upkeep\n|turn|8\n|inactive|Battle timer is ON: inactive players will automatically lose when time's up. (requested by thewi7)\n|\n|t:|1776075629\n|move|p2a: Dragonite|Dragon Pulse|p1a: Orthworm\n|-resisted|p1a: Orthworm|1\n|-damage|p1a: Orthworm|0 fnt\n|faint|p1a: Orthworm\n|move|p1b: Drampa|Draco Meteor|p2a: Dragonite|[miss]\n|-miss|p1b: Drampa|p2a: Dragonite\n|\n|upkeep\n|\n|t:|1776075635\n|switch|p1a: Torkoal|Torkoal, L50, F|34/100\n|-weather|SunnyDay|[from] ability: Drought|[of] p1a: Torkoal\n|turn|9\n|inactive|thewi7 has 30 seconds left.\n|\n|t:|1776075665\n|move|p1b: Drampa|Protect|p1b: Drampa\n|-singleturn|p1b: Drampa|Protect\n|move|p2a: Dragonite|Dragon Pulse|p1a: Torkoal\n|-damage|p1a: Torkoal|0 fnt\n|faint|p1a: Torkoal\n|\n|-weather|SunnyDay|[upkeep]\n|upkeep\n|turn|10\n|\n|t:|1776075674\n|move|p2a: Dragonite|Dragon Pulse|p1b: Drampa\n|-supereffective|p1b: Drampa|1\n|-damage|p1b: Drampa|0 fnt\n|faint|p1b: Drampa\n|\n|win|thewi7\n|raw|drtdtrd's rating: 1084 &rarr; <strong>1059</strong><br />(-25 for losing)\n|raw|thewi7's rating: 1044 &rarr; <strong>1081</strong><br />(+37 for winning)\n",
  "uploadtime": 1776075680,
  "views": 14,
  "formatid": "gen9championsvgc2026regma",
  "rating": 1059,
  "private": 0,
  "password": null
}