{
  "id": "gen9championsvgc2026regma-2586701706",
  "format": "[Gen 9 Champions] VGC 2026 Reg M-A",
  "players": [
    "Gaby Glytxii",
    "Corsila"
  ],
  "log": "|j|\u2606Gaby Glytxii\n|j|\u2606Corsila\n|t:|1776453303\n|gametype|doubles\n|player|p1|Gaby Glytxii|2|1027\n|player|p2|Corsila|winona|1015\n|gen|9\n|tier|[Gen 9 Champions] VGC 2026 Reg M-A\n|rated|\n|rule|Species Clause: Limit one of each Pok\u00e9mon\n|rule|Item Clause: Limit 1 of each item\n|clearpoke\n|poke|p1|Abomasnow, L50, F|\n|poke|p1|Umbreon, L50, M|\n|poke|p1|Avalugg, L50, M|\n|poke|p1|Goodra-Hisui, L50, M|\n|poke|p1|Volcarona, L50, F|\n|poke|p1|Froslass, L50, F|\n|poke|p2|Meganium, L50, F|\n|poke|p2|Talonflame, L50, M|\n|poke|p2|Palafin, L50, F|\n|poke|p2|Whimsicott, L50, F|\n|poke|p2|Alcremie, L50, F|\n|poke|p2|Emolga, L50, F|\n|teampreview|4\n|inactive|Battle timer is ON: inactive players will automatically lose when time's up. (requested by Corsila)\n|\n|t:|1776453323\n|teamsize|p1|4\n|teamsize|p2|4\n|start\n|switch|p1a: Abomasnow|Abomasnow, L50, F|100/100\n|switch|p1b: Umbreon|Umbreon, L50, M|100/100\n|switch|p2a: Meganium|Meganium, L50, F|100/100\n|switch|p2b: Whimsicott|Whimsicott, L50, F|100/100\n|-weather|Snowscape|[from] ability: Snow Warning|[of] p1a: Abomasnow\n|turn|1\n|inactive|Gaby Glytxii has 30 seconds left.\n|\n|t:|1776453355\n|move|p2a: Meganium|Protect|p2a: Meganium\n|-singleturn|p2a: Meganium|Protect\n|move|p1a: Abomasnow|Protect|p1a: Abomasnow\n|-singleturn|p1a: Abomasnow|Protect\n|move|p2b: Whimsicott|Dazzling Gleam|p1a: Abomasnow|[spread] p1b\n|-activate|p1a: Abomasnow|move: Protect\n|-supereffective|p1b: Umbreon|1\n|-damage|p1b: Umbreon|82/100\n|move|p1b: Umbreon|Roar|p2a: Meganium\n|drag|p2a: Emolga|Emolga, L50, F|100/100\n|\n|-weather|Snowscape|[upkeep]\n|upkeep\n|turn|2\n|inactive|Corsila has 30 seconds left.\n|inactive|Corsila has 20 seconds left.\n|\n|t:|1776453393\n|detailschange|p1a: Abomasnow|Abomasnow-Mega, L50, F\n|-mega|p1a: Abomasnow|Abomasnow|Abomasite\n|move|p2b: Whimsicott|Encore|p1b: Umbreon\n|-hint|Since gen 7, Dark is immune to Prankster moves.\n|-immune|p1b: Umbreon\n|move|p2a: Emolga|Taunt|p1b: Umbreon\n|-start|p1b: Umbreon|move: Taunt\n|-enditem|p1b: Umbreon|Mental Herb\n|-end|p1b: Umbreon|move: Taunt\n|move|p1b: Umbreon|Snarl|p2b: Whimsicott|[spread] p2a,p2b\n|-resisted|p2b: Whimsicott|1\n|-damage|p2a: Emolga|79/100\n|-damage|p2b: Whimsicott|94/100\n|-unboost|p2a: Emolga|spa|1\n|-unboost|p2b: Whimsicott|spa|1\n|move|p1a: Abomasnow|Aurora Veil|p1a: Abomasnow\n|-sidestart|p1: Gaby Glytxii|move: Aurora Veil\n|\n|-weather|Snowscape|[upkeep]\n|upkeep\n|turn|3\n|\n|t:|1776453418\n|switch|p1a: Goodra|Goodra-Hisui, L50, M|100/100\n|move|p2b: Whimsicott|Tailwind|p2b: Whimsicott\n|-sidestart|p2: Corsila|move: Tailwind\n|move|p2a: Emolga|Thunder Wave|p1a: Goodra\n|-status|p1a: Goodra|par\n|move|p1b: Umbreon|Snarl|p2a: Emolga|[spread] p2a,p2b\n|-resisted|p2b: Whimsicott|1\n|-damage|p2a: Emolga|58/100\n|-damage|p2b: Whimsicott|87/100\n|-unboost|p2a: Emolga|spa|1\n|-unboost|p2b: Whimsicott|spa|1\n|\n|-weather|Snowscape|[upkeep]\n|upkeep\n|turn|4\n|\n|t:|1776453440\n|move|p2a: Emolga|Thunder Wave|p1b: Umbreon\n|-status|p1b: Umbreon|par\n|move|p2b: Whimsicott|Dazzling Gleam|p1b: Umbreon|[spread] p1a,p1b\n|-supereffective|p1b: Umbreon|1\n|-damage|p1a: Goodra|97/100 par\n|-damage|p1b: Umbreon|76/100 par\n|move|p1b: Umbreon|Light Screen|p1b: Umbreon\n|-sidestart|p1: Gaby Glytxii|move: Light Screen\n|move|p1a: Goodra|Ice Spinner|p2a: Emolga\n|-supereffective|p2a: Emolga|1\n|-damage|p2a: Emolga|0 fnt\n|faint|p2a: Emolga\n|\n|-weather|Snowscape|[upkeep]\n|upkeep\n|\n|t:|1776453452\n|switch|p2a: Meganium|Meganium, L50, F|100/100\n|turn|5\n|\n|t:|1776453473\n|switch|p2b: Palafin|Palafin, L50, F|100/100\n|detailschange|p2a: Meganium|Meganium-Mega, L50, F\n|-mega|p2a: Meganium|Meganium|Meganiumite\n|move|p2a: Meganium|Weather Ball|p1b: Umbreon\n|-damage|p1b: Umbreon|55/100 par\n|cant|p1b: Umbreon|par\n|move|p1a: Goodra|Iron Head|p1b: Umbreon\n|-damage|p1b: Umbreon|36/100 par\n|\n|-weather|none\n|upkeep\n|turn|6\n|c|\u2606Corsila|???\n|inactive|Corsila has 30 seconds left.\n|\n|t:|1776453503\n|switch|p1b: Abomasnow|Abomasnow-Mega, L50, F|100/100\n|-weather|Snowscape|[from] ability: Snow Warning|[of] p1b: Abomasnow\n|move|p2a: Meganium|Protect|p2a: Meganium\n|-singleturn|p2a: Meganium|Protect\n|move|p2b: Palafin|Flip Turn|p1b: Abomasnow\n|-resisted|p1b: Abomasnow|1\n|-damage|p1b: Abomasnow|96/100\n|\n|t:|1776453512\n|detailschange|p2b: Palafin|Palafin-Hero, L50, F\n|switch|p2b: Whimsicott|Whimsicott, L50, F|87/100|[from] Flip Turn\n|move|p1a: Goodra|Iron Head|p2a: Meganium\n|-activate|p2a: Meganium|move: Protect\n|\n|-weather|Snowscape|[upkeep]\n|-sideend|p2: Corsila|move: Tailwind\n|-sideend|p1: Gaby Glytxii|move: Aurora Veil\n|upkeep\n|turn|7\n|\n|t:|1776453521\n|switch|p1a: Umbreon|Umbreon, L50, M|36/100 par\n|move|p2b: Whimsicott|Tailwind|p2b: Whimsicott\n|-sidestart|p2: Corsila|move: Tailwind\n|move|p2a: Meganium|Weather Ball|p1b: Abomasnow\n|-supereffective|p1b: Abomasnow|2\n|-damage|p1b: Abomasnow|10/100\n|move|p1b: Abomasnow|Blizzard|p2a: Meganium|[spread] p2a,p2b\n|-supereffective|p2a: Meganium|1\n|-supereffective|p2b: Whimsicott|1\n|-damage|p2a: Meganium|27/100\n|-damage|p2b: Whimsicott|3/100\n|-status|p2a: Meganium|frz\n|-status|p2b: Whimsicott|frz\n|\n|-weather|Snowscape|[upkeep]\n|upkeep\n|turn|8\n|inactive|Gaby Glytxii has 30 seconds left.\n|\n|t:|1776453551\n|cant|p2a: Meganium|frz\n|-curestatus|p2b: Whimsicott|frz|[msg]\n|move|p2b: Whimsicott|Dazzling Gleam|p1b: Abomasnow|[spread] p1a,p1b\n|-supereffective|p1a: Umbreon|1\n|-damage|p1a: Umbreon|22/100 par\n|-damage|p1b: Abomasnow|3/100\n|move|p1b: Abomasnow|Blizzard|p2b: Whimsicott|[spread] p2a,p2b\n|-supereffective|p2a: Meganium|1\n|-supereffective|p2b: Whimsicott|1\n|-damage|p2a: Meganium|0 fnt\n|-damage|p2b: Whimsicott|0 fnt\n|faint|p2a: Meganium\n|faint|p2b: Whimsicott\n|move|p1a: Umbreon|Roar|p2: Meganium|[notarget]\n|-fail|p1a: Umbreon\n|\n|-weather|Snowscape|[upkeep]\n|-sideend|p1: Gaby Glytxii|move: Light Screen\n|upkeep\n|\n|t:|1776453565\n|switch|p2a: Palafin|Palafin-Hero, L50, F|100/100\n|-activate|p2a: Palafin|ability: Zero to Hero\n|turn|9\n|\n|t:|1776453577\n|move|p2a: Palafin|Close Combat|p1b: Abomasnow\n|-supereffective|p1b: Abomasnow|1\n|-damage|p1b: Abomasnow|0 fnt\n|-unboost|p2a: Palafin|def|1\n|-unboost|p2a: Palafin|spd|1\n|faint|p1b: Abomasnow\n|move|p1a: Umbreon|Foul Play|p2a: Palafin\n|-damage|p2a: Palafin|4/100\n|\n|-weather|Snowscape|[upkeep]\n|upkeep\n|\n|t:|1776453587\n|switch|p1b: Goodra|Goodra-Hisui, L50, M|97/100 par\n|turn|10\n|\n|t:|1776453594\n|move|p2a: Palafin|Close Combat|p1b: Goodra\n|-supereffective|p1b: Goodra|1\n|-damage|p1b: Goodra|0 fnt\n|-unboost|p2a: Palafin|def|1\n|-unboost|p2a: Palafin|spd|1\n|faint|p1b: Goodra\n|move|p1a: Umbreon|Foul Play|p2a: Palafin\n|-damage|p2a: Palafin|0 fnt\n|faint|p2a: Palafin\n|\n|win|Gaby Glytxii\n|raw|Gaby Glytxii's rating: 1027 &rarr; <strong>1062</strong><br />(+35 for winning)\n|raw|Corsila's rating: 1015 &rarr; <strong>1003</strong><br />(-12 for losing)\n|c|\u2606Corsila|Ggs.\n|l|\u2606Corsila\n|player|p2|\n",
  "uploadtime": 1776453683,
  "views": 31,
  "formatid": "gen9championsvgc2026regma",
  "rating": 1003,
  "private": 0,
  "password": null
}