{
  "id": "gen9championsvgc2026regma-2588698425",
  "format": "[Gen 9 Champions] VGC 2026 Reg M-A",
  "players": [
    "Medoy_2",
    "Gideon.prager20"
  ],
  "log": "|j|\u2606Medoy_2\n|j|\u2606Gideon.prager20\n|t:|1776659071\n|gametype|doubles\n|player|p1|Medoy_2|dancer|1298\n|player|p2|Gideon.prager20|170|1342\n|gen|9\n|tier|[Gen 9 Champions] VGC 2026 Reg M-A\n|rated|\n|rule|Species Clause: Limit one of each Pok\u00e9mon\n|rule|Item Clause: Limit 1 of each item\n|clearpoke\n|poke|p1|Excadrill, L50, M|\n|poke|p1|Sinistcha, L50|\n|poke|p1|Sneasler, L50, F, shiny|\n|poke|p1|Aerodactyl, L50, M|\n|poke|p1|Floette-Eternal, L50, F|\n|poke|p1|Incineroar, L50, M|\n|poke|p2|Dragonite, L50, F|\n|poke|p2|Espathra, L50, F|\n|poke|p2|Incineroar, L50, F|\n|poke|p2|Milotic, L50, F|\n|poke|p2|Sneasler, L50, F|\n|poke|p2|Venusaur, L50, M|\n|teampreview|4\n|inactive|Battle timer is ON: inactive players will automatically lose when time's up. (requested by Medoy_2)\n|\n|t:|1776659125\n|teamsize|p1|4\n|teamsize|p2|4\n|start\n|switch|p1a: Soeun|Floette-Eternal, L50, F|100/100\n|switch|p1b: Beabadoobee|Sinistcha, L50|100/100\n|switch|p2a: Espathra|Espathra, L50, F|100/100\n|switch|p2b: Milotic|Milotic, L50, F|100/100\n|turn|1\n|\n|t:|1776659139\n|detailschange|p1a: Soeun|Floette-Mega, L50, F\n|-mega|p1a: Soeun|Floette|Floettite\n|-ability|p1a: Soeun|Fairy Aura\n|move|p1a: Soeun|Calm Mind|p1a: Soeun\n|-boost|p1a: Soeun|spa|1\n|-boost|p1a: Soeun|spd|1\n|move|p2a: Espathra|Calm Mind|p2a: Espathra\n|-boost|p2a: Espathra|spa|1\n|-boost|p2a: Espathra|spd|1\n|move|p2b: Milotic|Icy Wind|p1b: Beabadoobee|[spread] p1a,p1b\n|-supereffective|p1b: Beabadoobee|1\n|-damage|p1a: Soeun|94/100\n|-damage|p1b: Beabadoobee|74/100\n|-unboost|p1a: Soeun|spe|1\n|-unboost|p1b: Beabadoobee|spe|1\n|move|p1b: Beabadoobee|Matcha Gotcha|p2b: Milotic|[spread] p2a,p2b\n|-supereffective|p2b: Milotic|1\n|-damage|p2a: Espathra|82/100\n|-heal|p1b: Beabadoobee|84/100|[from] drain|[of] p2a: Espathra\n|-damage|p2b: Milotic|71/100\n|-heal|p1b: Beabadoobee|98/100|[from] drain|[of] p2b: Milotic\n|-status|p2a: Espathra|brn\n|-status|p2b: Milotic|brn\n|\n|-heal|p2b: Milotic|77/100 brn|[from] item: Leftovers\n|-heal|p1b: Beabadoobee|100/100|[from] item: Leftovers\n|-damage|p2a: Espathra|76/100 brn|[from] brn\n|-damage|p2b: Milotic|71/100 brn|[from] brn\n|-ability|p2a: Espathra|Speed Boost|boost\n|-boost|p2a: Espathra|spe|1\n|upkeep\n|turn|2\n|inactive|Medoy_2 has 30 seconds left.\n|inactive|Gideon.prager20 has 30 seconds left.\n|inactive|Gideon.prager20 has 20 seconds left.\n|inactive|Gideon.prager20 has 15 seconds left.\n|inactive|Medoy_2 has 20 seconds left.\n|inactive|Medoy_2 has 15 seconds left.\n|inactive|Medoy_2 has 10 seconds left.\n|\n|t:|1776659195\n|switch|p1b: Dolores|Sneasler, L50, F, shiny|100/100\n|move|p2a: Espathra|Calm Mind|p2a: Espathra\n|-boost|p2a: Espathra|spa|1\n|-boost|p2a: Espathra|spd|1\n|move|p1a: Soeun|Dazzling Gleam|p2a: Espathra|[spread] p2a,p2b\n|-damage|p2a: Espathra|34/100 brn\n|-damage|p2b: Milotic|30/100 brn\n|move|p2b: Milotic|Scald|p1a: Soeun\n|-damage|p1a: Soeun|73/100\n|-status|p1a: Soeun|brn\n|\n|-heal|p2b: Milotic|36/100 brn|[from] item: Leftovers\n|-damage|p2a: Espathra|28/100 brn|[from] brn\n|-damage|p1a: Soeun|67/100 brn|[from] brn\n|-damage|p2b: Milotic|30/100 brn|[from] brn\n|-ability|p2a: Espathra|Speed Boost|boost\n|-boost|p2a: Espathra|spe|1\n|upkeep\n|turn|3\n|inactive|Gideon.prager20 has 30 seconds left.\n|inactive|Gideon.prager20 has 20 seconds left.\n|\n|t:|1776659231\n|move|p2a: Espathra|Protect|p2a: Espathra\n|-singleturn|p2a: Espathra|Protect\n|move|p1b: Dolores|Fake Out|p2a: Espathra\n|-activate|p2a: Espathra|move: Protect\n|move|p1a: Soeun|Dazzling Gleam|p2a: Espathra|[spread] p2b\n|-activate|p2a: Espathra|move: Protect\n|-damage|p2b: Milotic|0 fnt\n|faint|p2b: Milotic\n|\n|-damage|p2a: Espathra|22/100 brn|[from] brn\n|-damage|p1a: Soeun|60/100 brn|[from] brn\n|-ability|p2a: Espathra|Speed Boost|boost\n|-boost|p2a: Espathra|spe|1\n|upkeep\n|\n|t:|1776659242\n|switch|p2b: Incineroar|Incineroar, L50, F|100/100\n|-ability|p2b: Incineroar|Intimidate|boost\n|-unboost|p1a: Soeun|atk|1\n|-unboost|p1b: Dolores|atk|1\n|turn|4\n|\n|t:|1776659251\n|switch|p1b: Jose Jose|Incineroar, L50, M|100/100\n|-ability|p1b: Jose Jose|Intimidate|boost\n|-unboost|p2a: Espathra|atk|1\n|-unboost|p2b: Incineroar|atk|1\n|move|p1a: Soeun|Protect|p1a: Soeun\n|-singleturn|p1a: Soeun|Protect\n|move|p2b: Incineroar|Fake Out|p1a: Soeun\n|-activate|p1a: Soeun|move: Protect\n|move|p2a: Espathra|Baton Pass|p2a: Espathra\n|\n|t:|1776659263\n|switch|p2a: Dragonite|Dragonite, L50, F|100/100|[from] Baton Pass\n|\n|-damage|p1a: Soeun|54/100 brn|[from] brn\n|upkeep\n|turn|5\n|inactive|Gideon.prager20 has 30 seconds left.\n|inactive|Gideon.prager20 has 20 seconds left.\n|inactive|Gideon.prager20 has 15 seconds left.\n|\n|t:|1776659305\n|detailschange|p2a: Dragonite|Dragonite-Mega, L50, F\n|-mega|p2a: Dragonite|Dragonite|Dragoninite\n|move|p1b: Jose Jose|Fake Out|p2a: Dragonite\n|-damage|p2a: Dragonite|95/100\n|cant|p2a: Dragonite|flinch\n|move|p1a: Soeun|Draining Kiss|p2b: Incineroar\n|-damage|p2b: Incineroar|53/100\n|-heal|p1a: Soeun|92/100 brn|[from] drain|[of] p2b: Incineroar\n|move|p2b: Incineroar|Parting Shot|p1b: Jose Jose\n|-unboost|p1b: Jose Jose|atk|1\n|-unboost|p1b: Jose Jose|spa|1\n|\n|t:|1776659313\n|switch|p2b: Espathra|Espathra, L50, F|22/100 brn|[from] Parting Shot\n|\n|-damage|p2b: Espathra|16/100 brn|[from] brn\n|-damage|p1a: Soeun|86/100 brn|[from] brn\n|upkeep\n|turn|6\n|\n|t:|1776659328\n|switch|p1b: Beabadoobee|Sinistcha, L50|100/100\n|-heal|p1a: Soeun|100/100 brn|[from] ability: Hospitality|[of] p1b: Beabadoobee\n|move|p2b: Espathra|Protect|p2b: Espathra\n|-singleturn|p2b: Espathra|Protect\n|move|p1a: Soeun|Protect|p1a: Soeun\n|-singleturn|p1a: Soeun|Protect\n|move|p2a: Dragonite|Hurricane|p1a: Soeun\n|-activate|p1a: Soeun|move: Protect\n|\n|-damage|p2b: Espathra|10/100 brn|[from] brn\n|-damage|p1a: Soeun|94/100 brn|[from] brn\n|-ability|p2b: Espathra|Speed Boost|boost\n|-boost|p2b: Espathra|spe|1\n|upkeep\n|turn|7\n|\n|t:|1776659343\n|move|p1b: Beabadoobee|Rage Powder|p1b: Beabadoobee\n|-singleturn|p1b: Beabadoobee|move: Rage Powder\n|move|p2a: Dragonite|Hurricane|p1b: Beabadoobee\n|-supereffective|p1b: Beabadoobee|1\n|-damage|p1b: Beabadoobee|0 fnt\n|faint|p1b: Beabadoobee\n|move|p2b: Espathra|Lumina Crash|p1a: Soeun\n|-damage|p1a: Soeun|75/100 brn\n|-unboost|p1a: Soeun|spd|2\n|move|p1a: Soeun|Dazzling Gleam|p2b: Espathra|[spread] p2a,p2b\n|-supereffective|p2a: Dragonite|1\n|-damage|p2a: Dragonite|34/100\n|-damage|p2b: Espathra|0 fnt\n|faint|p2b: Espathra\n|\n|-damage|p1a: Soeun|69/100 brn|[from] brn\n|upkeep\n|\n|t:|1776659360\n|switch|p2b: Incineroar|Incineroar, L50, F|53/100\n|switch|p1b: Jose Jose|Incineroar, L50, M|100/100\n|-ability|p2b: Incineroar|Intimidate|boost\n|-unboost|p1a: Soeun|atk|1\n|-unboost|p1b: Jose Jose|atk|1\n|-ability|p1b: Jose Jose|Intimidate|boost\n|-unboost|p2a: Dragonite|atk|1\n|-unboost|p2b: Incineroar|atk|1\n|turn|8\n|\n|t:|1776659375\n|switch|p1b: Dolores|Sneasler, L50, F, shiny|100/100\n|move|p1a: Soeun|Protect|p1a: Soeun\n|-singleturn|p1a: Soeun|Protect\n|move|p2b: Incineroar|Fake Out|p1b: Dolores\n|-damage|p1b: Dolores|89/100\n|move|p2a: Dragonite|Hurricane|p1a: Soeun\n|-activate|p1a: Soeun|move: Protect\n|\n|-damage|p1a: Soeun|63/100 brn|[from] brn\n|upkeep\n|turn|9\n|inactive|Medoy_2 has 30 seconds left.\n|\n|t:|1776659402\n|move|p1b: Dolores|Fake Out|p2a: Dragonite\n|-damage|p2a: Dragonite|19/100\n|-status|p2a: Dragonite|psn|[from] ability: Poison Touch|[of] p1b: Dolores\n|cant|p2a: Dragonite|flinch\n|move|p1a: Soeun|Dazzling Gleam|p2b: Incineroar|[spread] p2a,p2b\n|-supereffective|p2a: Dragonite|1\n|-damage|p2a: Dragonite|0 fnt\n|-damage|p2b: Incineroar|0 fnt\n|faint|p2a: Dragonite\n|faint|p2b: Incineroar\n|\n|win|Medoy_2\n|raw|Medoy_2's rating: 1298 &rarr; <strong>1326</strong><br />(+28 for winning)\n|raw|Gideon.prager20's rating: 1342 &rarr; <strong>1319</strong><br />(-23 for losing)\n",
  "uploadtime": 1776659426,
  "views": 14,
  "formatid": "gen9championsvgc2026regma",
  "rating": 1319,
  "private": 0,
  "password": null
}