{
  "id": "gen9championsvgc2026regma-2582125871",
  "format": "[Gen 9 Champions] VGC 2026 Reg M-A",
  "players": [
    "endytr",
    "Beckycita"
  ],
  "log": "|j|\u2606endytr\n|j|\u2606Beckycita\n|t:|1776061285\n|gametype|doubles\n|player|p1|endytr|170|1024\n|player|p2|Beckycita|burgh|1026\n|gen|9\n|tier|[Gen 9 Champions] VGC 2026 Reg M-A\n|rated|\n|rule|Species Clause: Limit one of each Pok\u00e9mon\n|rule|Item Clause: Limit 1 of each item\n|clearpoke\n|poke|p1|Froslass, L50, F|\n|poke|p1|Gallade, L50, M|\n|poke|p1|Rotom-Frost, L50|\n|poke|p1|Infernape, L50, F|\n|poke|p1|Skarmory, L50, M|\n|poke|p1|Snorlax, L50, M|\n|poke|p2|Chesnaught, L50, F|\n|poke|p2|Glimmora, L50, M|\n|poke|p2|Klefki, L50, F|\n|poke|p2|Starmie, L50|\n|poke|p2|Samurott-Hisui, L50, F|\n|poke|p2|Raichu-Alola, L50, M|\n|teampreview|4\nBeckycita rejected open team sheets.\n|\n|t:|1776061320\n|teamsize|p1|4\n|teamsize|p2|4\n|start\n|switch|p1a: Rotom|Rotom-Frost, L50|100/100\n|switch|p1b: Skarmory|Skarmory, L50, M|100/100\n|switch|p2a: Klefki|Klefki, L50, F, shiny|100/100\n|switch|p2b: Samurott|Samurott-Hisui, L50, F|100/100\n|turn|1\n|\n|t:|1776061350\n|move|p2a: Klefki|Light Screen|p2a: Klefki\n|-sidestart|p2: Beckycita|move: Light Screen\n|move|p2b: Samurott|Sacred Sword|p1b: Skarmory\n|-damage|p1b: Skarmory|65/100\n|-ability|p1b: Skarmory|Weak Armor|boost\n|-unboost|p1b: Skarmory|def|1\n|-boost|p1b: Skarmory|spe|2\n|move|p1b: Skarmory|Tailwind|p1b: Skarmory\n|-sidestart|p1: endytr|move: Tailwind\n|move|p1a: Rotom|Electroweb|p2b: Samurott|[spread] p2a,p2b\n|-crit|p2a: Klefki\n|-supereffective|p2b: Samurott|1\n|-damage|p2a: Klefki|74/100\n|-damage|p2b: Samurott|73/100\n|-unboost|p2a: Klefki|spe|1\n|-unboost|p2b: Samurott|spe|1\n|\n|upkeep\n|turn|2\n|\n|t:|1776061383\n|switch|p2b: Raichu|Raichu-Alola, L50, M|100/100\n|detailschange|p1b: Skarmory|Skarmory-Mega, L50, M\n|-mega|p1b: Skarmory|Skarmory|Skarmorite\n|move|p2a: Klefki|Thunder Wave|p1b: Skarmory\n|-status|p1b: Skarmory|par\n|move|p1b: Skarmory|Body Press|p2b: Raichu\n|-resisted|p2b: Raichu|1\n|-damage|p2b: Raichu|82/100\n|move|p1a: Rotom|Volt Switch|p2b: Raichu\n|-resisted|p2b: Raichu|1\n|-damage|p2b: Raichu|70/100\n|\n|t:|1776061402\n|switch|p1a: LAx|Snorlax, L50, M|100/100|[from] Volt Switch\n|\n|upkeep\n|turn|3\n|\n|t:|1776061426\n|switch|p2a: Chesnaught|Chesnaught, L50, F|100/100\n|move|p2b: Raichu|Fake Out|p1b: Skarmory\n|-resisted|p1b: Skarmory|1\n|-damage|p1b: Skarmory|60/100 par\n|cant|p1b: Skarmory|flinch\n|move|p1a: LAx|Earthquake|p2b: Raichu|[spread] p2a,p2b\n|-immune|p1b: Skarmory\n|-resisted|p2a: Chesnaught|1\n|-supereffective|p2b: Raichu|1\n|-damage|p2a: Chesnaught|94/100\n|-damage|p2b: Raichu|0 fnt\n|faint|p2b: Raichu\n|\n|upkeep\n|\n|t:|1776061454\n|switch|p2b: Samurott|Samurott-Hisui, L50, F|73/100\n|turn|4\n|\n|t:|1776061480\n|detailschange|p2a: Chesnaught|Chesnaught-Mega, L50, F\n|-mega|p2a: Chesnaught|Chesnaught|Chesnaughtite\n|move|p2a: Chesnaught|Spiky Shield|p2a: Chesnaught\n|-singleturn|p2a: Chesnaught|move: Protect\n|move|p1b: Skarmory|Brave Bird|p2a: Chesnaught\n|-activate|p2a: Chesnaught|move: Protect\n|-damage|p1b: Skarmory|48/100 par|[from] Spiky Shield|[of] p2a: Chesnaught\n|move|p2b: Samurott|Sacred Sword|p1b: Skarmory\n|-damage|p1b: Skarmory|8/100 par\n|move|p1a: LAx|Body Slam|p2b: Samurott\n|-damage|p2b: Samurott|31/100\n|-status|p2b: Samurott|par\n|\n|-sideend|p1: endytr|move: Tailwind\n|upkeep\n|turn|5\n|\n|t:|1776061500\n|switch|p2a: Klefki|Klefki, L50, F, shiny|74/100\n|move|p1b: Skarmory|Brave Bird|p2a: Klefki\n|-resisted|p2a: Klefki|1\n|-damage|p2a: Klefki|33/100\n|-damage|p1b: Skarmory|0 fnt|[from] Recoil\n|faint|p1b: Skarmory\n|move|p2b: Samurott|Sacred Sword|p1a: LAx\n|-supereffective|p1a: LAx|1\n|-damage|p1a: LAx|20/100\n|move|p1a: LAx|Body Slam|p2b: Samurott\n|-damage|p2b: Samurott|0 fnt\n|faint|p2b: Samurott\n|\n|-sideend|p2: Beckycita|move: Light Screen\n|upkeep\n|\n|t:|1776061519\n|switch|p1b: Rotom|Rotom-Frost, L50|100/100\n|switch|p2b: Chesnaught|Chesnaught-Mega, L50, F|94/100\n|turn|6\n|\n|t:|1776061538\n|move|p2a: Klefki|Light Screen|p2a: Klefki\n|-sidestart|p2: Beckycita|move: Light Screen\n|move|p1b: Rotom|Volt Switch|p2a: Klefki\n|-damage|p2a: Klefki|13/100\n|\n|t:|1776061546\n|switch|p1b: Infernape|Infernape, L50, F|100/100|[from] Volt Switch\n|move|p2b: Chesnaught|Iron Defense|p2b: Chesnaught\n|-boost|p2b: Chesnaught|def|2\n|move|p1a: LAx|Rest|p1a: LAx\n|-status|p1a: LAx|slp|[from] move: Rest\n|-enditem|p1a: LAx|Lum Berry|[eat]\n|-curestatus|p1a: LAx|slp|[msg]\n|-heal|p1a: LAx|100/100|[silent]\n|\n|upkeep\n|turn|7\n|\n|t:|1776061590\n|move|p2a: Klefki|Thunder Wave|p1a: LAx\n|-status|p1a: LAx|par\n|move|p1b: Infernape|Heat Wave|p2a: Klefki|[spread] p2a,p2b\n|-supereffective|p2a: Klefki|1\n|-supereffective|p2b: Chesnaught|1\n|-damage|p2a: Klefki|0 fnt\n|-damage|p2b: Chesnaught|67/100\n|faint|p2a: Klefki\n|move|p2b: Chesnaught|Body Press|p1b: Infernape\n|-damage|p1b: Infernape|0 fnt\n|faint|p1b: Infernape\n|move|p1a: LAx|Body Slam|p2b: Chesnaught\n|-damage|p2b: Chesnaught|59/100\n|-status|p2b: Chesnaught|par\n|\n|upkeep\n|\n|t:|1776061614\n|switch|p1b: Rotom|Rotom-Frost, L50|100/100\n|turn|8\n|\n|t:|1776061630\n|move|p1b: Rotom|Blizzard|p2b: Chesnaught\n|-supereffective|p2b: Chesnaught|1\n|-damage|p2b: Chesnaught|13/100 par\n|move|p2b: Chesnaught|Body Press|p1b: Rotom\n|-supereffective|p1b: Rotom|1\n|-enditem|p1b: Rotom|Chople Berry|[eat]\n|-enditem|p1b: Rotom|Chople Berry|[weaken]\n|-damage|p1b: Rotom|0 fnt\n|faint|p1b: Rotom\n|move|p1a: LAx|Rock Slide|p2b: Chesnaught\n|-resisted|p2b: Chesnaught|1\n|-damage|p2b: Chesnaught|11/100 par\n|\n|upkeep\n|turn|9\n|\n|t:|1776061649\n|move|p2b: Chesnaught|Body Press|p1a: LAx\n|-supereffective|p1a: LAx|1\n|-damage|p1a: LAx|0 fnt\n|faint|p1a: LAx\n|\n|win|Beckycita\n|raw|endytr's rating: 1024 &rarr; <strong>1010</strong><br />(-14 for losing)\n|raw|Beckycita's rating: 1026 &rarr; <strong>1062</strong><br />(+36 for winning)\n|l|\u2606endytr\n|player|p1|\n|c|\u2606Beckycita|gg finallllyy\n",
  "uploadtime": 1776061659,
  "views": 8,
  "formatid": "gen9championsvgc2026regma",
  "rating": 1010,
  "private": 0,
  "password": null
}