{
  "id": "gen9championsvgc2026regma-2585773919",
  "format": "[Gen 9 Champions] VGC 2026 Reg M-A",
  "players": [
    "AJB0000",
    "KalosKiller"
  ],
  "log": "|j|\u2606AJB0000\n|j|\u2606KalosKiller\n|t:|1776369654\n|gametype|doubles\n|player|p1|AJB0000|dawn|1198\n|player|p2|KalosKiller|hilbert|1154\n|gen|9\n|tier|[Gen 9 Champions] VGC 2026 Reg M-A\n|rated|\n|rule|Species Clause: Limit one of each Pok\u00e9mon\n|rule|Item Clause: Limit 1 of each item\n|clearpoke\n|poke|p1|Dragonite, L50, M|\n|poke|p1|Archaludon, L50, M|\n|poke|p1|Basculegion, L50, M|\n|poke|p1|Pelipper, L50, F|\n|poke|p1|Sneasler, L50, F|\n|poke|p1|Rotom-Heat, L50|\n|poke|p2|Sneasler, L50, F|\n|poke|p2|Clawitzer, L50, F|\n|poke|p2|Archaludon, L50, M|\n|poke|p2|Pelipper, L50, F|\n|poke|p2|Incineroar, L50, F|\n|poke|p2|Starmie, L50|\n|teampreview|4\n|inactive|Battle timer is ON: inactive players will automatically lose when time's up. (requested by KalosKiller)\nKalosKiller rejected open team sheets.\n|\n|t:|1776369686\n|teamsize|p1|4\n|teamsize|p2|4\n|start\n|switch|p1a: Rotom|Rotom-Heat, L50|100/100\n|switch|p1b: Dragonite|Dragonite, L50, M|100/100\n|switch|p2a: Sneasler|Sneasler, L50, F|100/100\n|switch|p2b: Starmie|Starmie, L50|100/100\n|turn|1\n|\n|t:|1776369699\n|detailschange|p2b: Starmie|Starmie-Mega, L50\n|-mega|p2b: Starmie|Starmie|Starminite\n|move|p1b: Dragonite|Protect|p1b: Dragonite\n|-singleturn|p1b: Dragonite|Protect\n|move|p1a: Rotom|Volt Switch|p2b: Starmie\n|-supereffective|p2b: Starmie|1\n|-damage|p2b: Starmie|13/100\n|\n|t:|1776369708\n|switch|p1a: Basculegion|Basculegion, L50, M|100/100|[from] Volt Switch\n|move|p2a: Sneasler|Coaching|p2b: Starmie\n|-boost|p2b: Starmie|atk|1\n|-boost|p2b: Starmie|def|1\n|move|p2b: Starmie|Ice Spinner|p1b: Dragonite\n|-activate|p1b: Dragonite|move: Protect\n|\n|upkeep\n|turn|2\n|inactive|AJB0000 has 30 seconds left.\n|inactive|AJB0000 has 20 seconds left.\n|\n|t:|1776369743\n|switch|p2a: Incineroar|Incineroar, L50, F|100/100\n|-ability|p2a: Incineroar|Intimidate|boost\n|-unboost|p1a: Basculegion|atk|1\n|-unboost|p1b: Dragonite|atk|1\n|switch|p1b: Rotom|Rotom-Heat, L50|100/100\n|move|p2b: Starmie|Protect|p2b: Starmie\n|-singleturn|p2b: Starmie|Protect\n|move|p1a: Basculegion|Wave Crash|p2a: Incineroar\n|-supereffective|p2a: Incineroar|1\n|-damage|p2a: Incineroar|8/100\n|-enditem|p2a: Incineroar|Sitrus Berry|[eat]\n|-heal|p2a: Incineroar|33/100|[from] item: Sitrus Berry\n|-damage|p1a: Basculegion|70/100|[from] Recoil\n|\n|upkeep\n|turn|3\n|inactive|KalosKiller has 30 seconds left.\n|inactive|KalosKiller has 20 seconds left.\n|inactive|KalosKiller has 15 seconds left.\n|\n|t:|1776369786\n|switch|p2b: Archaludon|Archaludon, L50, M|100/100\n|move|p1a: Basculegion|Aqua Jet|p2a: Incineroar\n|-supereffective|p2a: Incineroar|1\n|-damage|p2a: Incineroar|2/100\n|move|p1b: Rotom|Volt Switch|p2b: Archaludon\n|-resisted|p2b: Archaludon|1\n|-damage|p2b: Archaludon|73/100\n|-ability|p2b: Archaludon|Stamina|boost\n|-boost|p2b: Archaludon|def|1\n|\n|t:|1776369798\n|switch|p1b: Dragonite|Dragonite, L50, M|100/100|[from] Volt Switch\n|move|p2a: Incineroar|Parting Shot|p1a: Basculegion\n|-unboost|p1a: Basculegion|atk|1\n|-unboost|p1a: Basculegion|spa|1\n|\n|t:|1776369804\n|switch|p2a: Sneasler|Sneasler, L50, F|100/100|[from] Parting Shot\n|\n|upkeep\n|turn|4\n|\n|t:|1776369818\n|switch|p1a: Archaludon|Archaludon, L50, M|100/100\n|move|p1b: Dragonite|Protect|p1b: Dragonite\n|-singleturn|p1b: Dragonite|Protect\n|move|p2a: Sneasler|Coaching|p2b: Archaludon\n|-boost|p2b: Archaludon|atk|1\n|-boost|p2b: Archaludon|def|1\n|move|p2b: Archaludon|Electro Shot||[still]\n|-prepare|p2b: Archaludon|Electro Shot\n|-boost|p2b: Archaludon|spa|1\n|\n|upkeep\n|turn|5\n|\n|t:|1776369837\n|detailschange|p1b: Dragonite|Dragonite-Mega, L50, M\n|-mega|p1b: Dragonite|Dragonite|Dragoninite\n|move|p2a: Sneasler|Close Combat|p1a: Archaludon\n|-supereffective|p1a: Archaludon|1\n|-damage|p1a: Archaludon|5/100\n|-unboost|p2a: Sneasler|def|1\n|-unboost|p2a: Sneasler|spd|1\n|-ability|p1a: Archaludon|Stamina|boost\n|-boost|p1a: Archaludon|def|1\n|-enditem|p2a: Sneasler|White Herb\n|-clearnegativeboost|p2a: Sneasler|[silent]\n|move|p1b: Dragonite|Dragon Pulse|p2b: Archaludon\n|-damage|p2b: Archaludon|0 fnt\n|faint|p2b: Archaludon\n|move|p1a: Archaludon|Dragon Pulse|p2a: Sneasler\n|-damage|p2a: Sneasler|48/100\n|\n|-heal|p1a: Archaludon|11/100|[from] item: Leftovers\n|upkeep\n|\n|t:|1776369852\n|switch|p2b: Incineroar|Incineroar, L50, F|2/100\n|-ability|p2b: Incineroar|Intimidate|boost\n|-unboost|p1a: Archaludon|atk|1\n|-unboost|p1b: Dragonite|atk|1\n|turn|6\n|\n|t:|1776369865\n|move|p1b: Dragonite|Protect|p1b: Dragonite\n|-singleturn|p1b: Dragonite|Protect\n|move|p1a: Archaludon|Protect|p1a: Archaludon\n|-singleturn|p1a: Archaludon|Protect\n|move|p2b: Incineroar|Fake Out|p1a: Archaludon\n|-activate|p1a: Archaludon|move: Protect\n|move|p2a: Sneasler|Dire Claw|p1b: Dragonite\n|-activate|p1b: Dragonite|move: Protect\n|\n|-heal|p1a: Archaludon|17/100|[from] item: Leftovers\n|upkeep\n|turn|7\n|inactive|KalosKiller has 30 seconds left.\n|\n|t:|1776369892\n|move|p2b: Incineroar|Helping Hand|p2a: Sneasler\n|-singleturn|p2a: Sneasler|Helping Hand|[of] p2b: Incineroar\n|move|p2a: Sneasler|Dire Claw|p1b: Dragonite\n|-damage|p1b: Dragonite|73/100\n|-status|p1b: Dragonite|par\n|move|p1a: Archaludon|Dragon Pulse|p2b: Incineroar\n|-damage|p2b: Incineroar|0 fnt\n|faint|p2b: Incineroar\n|move|p1b: Dragonite|Dragon Pulse|p2a: Sneasler\n|-damage|p2a: Sneasler|0 fnt\n|faint|p2a: Sneasler\n|\n|-heal|p1a: Archaludon|23/100|[from] item: Leftovers\n|upkeep\n|-message|KalosKiller forfeited.\n|\n|win|AJB0000\n|raw|AJB0000's rating: 1198 &rarr; <strong>1220</strong><br />(+22 for winning)\n|raw|KalosKiller's rating: 1154 &rarr; <strong>1132</strong><br />(-22 for losing)\n|l|\u2606KalosKiller\n|player|p2|\n",
  "uploadtime": 1776369912,
  "views": 29,
  "formatid": "gen9championsvgc2026regma",
  "rating": 1132,
  "private": 0,
  "password": null
}