{
  "id": "gen9championsvgc2026regma-2585314585",
  "format": "[Gen 9 Champions] VGC 2026 Reg M-A",
  "players": [
    "MisterP155",
    "porygon-epilepz"
  ],
  "log": "|j|\u2606MisterP155\n|j|\u2606porygon-epilepz\n|t:|1776336871\n|gametype|doubles\n|player|p1|MisterP155|lady|1353\n|player|p2|porygon-epilepz|hiker-gen4|1251\n|gen|9\n|tier|[Gen 9 Champions] VGC 2026 Reg M-A\n|rated|\n|rule|Species Clause: Limit one of each Pok\u00e9mon\n|rule|Item Clause: Limit 1 of each item\n|clearpoke\n|poke|p1|Sneasler, L50, M|\n|poke|p1|Kingambit, L50, F|\n|poke|p1|Garchomp, L50, F|\n|poke|p1|Venusaur, L50, F|\n|poke|p1|Whimsicott, L50, M|\n|poke|p1|Charizard, L50, M|\n|poke|p2|Floette-Eternal, L50, F|\n|poke|p2|Incineroar, L50, F|\n|poke|p2|Garchomp, L50, M|\n|poke|p2|Aerodactyl, L50, M|\n|poke|p2|Sneasler, L50, F|\n|poke|p2|Basculegion, L50, M|\n|teampreview|4\n|inactive|Battle timer is ON: inactive players will automatically lose when time's up. (requested by MisterP155)\nMisterP155 rejected open team sheets.\n|\n|t:|1776336931\n|teamsize|p1|4\n|teamsize|p2|4\n|start\n|switch|p1a: Garchomp|Garchomp, L50, F|100/100\n|switch|p1b: Kingambit|Kingambit, L50, F|100/100\n|switch|p2a: Sneasler|Sneasler, L50, F|100/100\n|switch|p2b: Aerodactyl|Aerodactyl, L50, M|100/100\n|-ability|p2b: Aerodactyl|Unnerve\n|turn|1\n|\n|t:|1776336948\n|move|p1b: Kingambit|Protect|p1b: Kingambit\n|-singleturn|p1b: Kingambit|Protect\n|move|p1a: Garchomp|Earthquake|p2b: Aerodactyl|[spread] p2a\n|-activate|p1b: Kingambit|move: Protect\n|-immune|p2b: Aerodactyl\n|-supereffective|p2a: Sneasler|1\n|-damage|p2a: Sneasler|0 fnt\n|faint|p2a: Sneasler\n|move|p2b: Aerodactyl|Tailwind|p2b: Aerodactyl\n|-sidestart|p2: porygon-epilepz|move: Tailwind\n|\n|upkeep\n|\n|t:|1776336953\n|switch|p2a: Garchomp|Garchomp, L50, M|100/100\n|turn|2\n|\n|t:|1776336967\n|switch|p1b: Charizard|Charizard, L50, M|100/100\n|move|p2b: Aerodactyl|Rock Slide|p1a: Garchomp|[spread] p1a\n|-miss|p2b: Aerodactyl|p1b: Charizard\n|-resisted|p1a: Garchomp|1\n|-damage|p1a: Garchomp|89/100\n|move|p2a: Garchomp|Earthquake|p1b: Charizard|[spread] p1a\n|-immune|p2b: Aerodactyl\n|-immune|p1b: Charizard\n|-damage|p1a: Garchomp|44/100\n|move|p1a: Garchomp|Earthquake|p2a: Garchomp|[spread] p2a\n|-immune|p1b: Charizard\n|-immune|p2b: Aerodactyl\n|-damage|p2a: Garchomp|58/100\n|\n|upkeep\n|turn|3\n|\n|t:|1776336988\n|switch|p1a: Venusaur|Venusaur, L50, F|100/100\n|move|p1b: Charizard|Protect|p1b: Charizard\n|-singleturn|p1b: Charizard|Protect\n|move|p2b: Aerodactyl|Rock Slide|p1a: Venusaur|[spread] p1a\n|-activate|p1b: Charizard|move: Protect\n|-damage|p1a: Venusaur|64/100\n|move|p2a: Garchomp|Earthquake|p1b: Charizard|[spread] p1a\n|-activate|p1b: Charizard|move: Protect\n|-immune|p2b: Aerodactyl\n|-damage|p1a: Venusaur|5/100\n|\n|upkeep\n|turn|4\n|inactive|MisterP155 has 30 seconds left.\n|inactive|MisterP155 has 20 seconds left.\n|\n|t:|1776337026\n|detailschange|p1b: Charizard|Charizard-Mega-Y, L50, M\n|-mega|p1b: Charizard|Charizard|Charizardite Y\n|-weather|SunnyDay|[from] ability: Drought|[of] p1b: Charizard\n|move|p2b: Aerodactyl|Rock Slide|p1a: Venusaur|[spread] p1a,p1b\n|-supereffective|p1b: Charizard|2\n|-damage|p1a: Venusaur|0 fnt\n|-damage|p1b: Charizard|0 fnt\n|faint|p1a: Venusaur\n|faint|p1b: Charizard\n|move|p2a: Garchomp|Dragon Claw|p1: Venusaur|[notarget]\n|-fail|p2a: Garchomp\n|\n|-weather|SunnyDay|[upkeep]\n|-sideend|p2: porygon-epilepz|move: Tailwind\n|upkeep\n|\n|t:|1776337033\n|switch|p1b: Garchomp|Garchomp, L50, F|44/100\n|switch|p1a: Kingambit|Kingambit, L50, F|100/100\n|turn|5\n|\n|t:|1776337039\n|move|p1a: Kingambit|Sucker Punch|p2a: Garchomp\n|-damage|p2a: Garchomp|5/100\n|-damage|p1a: Kingambit|88/100|[from] ability: Rough Skin|[of] p2a: Garchomp\n|move|p1b: Garchomp|Rock Slide|p2a: Garchomp|[spread] p2a,p2b\n|-resisted|p2a: Garchomp|1\n|-supereffective|p2b: Aerodactyl|1\n|-damage|p2a: Garchomp|0 fnt\n|-damage|p2b: Aerodactyl|40/100\n|faint|p2a: Garchomp\n|move|p2b: Aerodactyl|Tailwind|p2b: Aerodactyl\n|-sidestart|p2: porygon-epilepz|move: Tailwind\n|\n|-weather|SunnyDay|[upkeep]\n|upkeep\n|\n|t:|1776337047\n|switch|p2a: Basculegion|Basculegion, L50, M|100/100\n|turn|6\n|inactive|porygon-epilepz has 30 seconds left.\n|\n|t:|1776337082\n|move|p2a: Basculegion|Aqua Jet|p1b: Garchomp\n|-damage|p1b: Garchomp|32/100\n|-damage|p2a: Basculegion|88/100|[from] ability: Rough Skin|[of] p1b: Garchomp\n|move|p1a: Kingambit|Sucker Punch||[still]\n|-fail|p1a: Kingambit\n|move|p2b: Aerodactyl|Dual Wingbeat|p1b: Garchomp\n|-crit|p1b: Garchomp\n|-damage|p1b: Garchomp|2/100\n|-damage|p2b: Aerodactyl|28/100|[from] ability: Rough Skin|[of] p1b: Garchomp\n|-damage|p1b: Garchomp|0 fnt\n|-damage|p2b: Aerodactyl|16/100|[from] ability: Rough Skin|[of] p1b: Garchomp\n|faint|p1b: Garchomp\n|-hitcount|p1: Garchomp|2\n|\n|-weather|SunnyDay|[upkeep]\n|upkeep\n|turn|7\n|\n|t:|1776337095\n|move|p2a: Basculegion|Aqua Jet|p1a: Kingambit\n|-damage|p1a: Kingambit|80/100\n|move|p1a: Kingambit|Sucker Punch||[still]\n|-fail|p1a: Kingambit\n|move|p2b: Aerodactyl|Rock Slide|p1a: Kingambit|[miss]\n|-miss|p2b: Aerodactyl|p1a: Kingambit\n|\n|-weather|SunnyDay|[upkeep]\n|upkeep\n|turn|8\n|\n|t:|1776337104\n|move|p2a: Basculegion|Aqua Jet|p1a: Kingambit\n|-damage|p1a: Kingambit|71/100\n|move|p2b: Aerodactyl|Dual Wingbeat|p1a: Kingambit\n|-resisted|p1a: Kingambit|1\n|-damage|p1a: Kingambit|64/100\n|-resisted|p1a: Kingambit|1\n|-damage|p1a: Kingambit|58/100\n|-hitcount|p1a: Kingambit|2\n|move|p1a: Kingambit|Kowtow Cleave|p2a: Basculegion\n|-supereffective|p2a: Basculegion|1\n|-damage|p2a: Basculegion|0 fnt\n|faint|p2a: Basculegion\n|\n|-weather|none\n|-sideend|p2: porygon-epilepz|move: Tailwind\n|upkeep\n|turn|9\n|\n|t:|1776337111\n|move|p1a: Kingambit|Sucker Punch|p2b: Aerodactyl\n|-damage|p2b: Aerodactyl|0 fnt\n|faint|p2b: Aerodactyl\n|\n|win|MisterP155\n|raw|MisterP155's rating: 1371 &rarr; <strong>1384</strong><br />(+13 for winning)\n|raw|porygon-epilepz's rating: 1251 &rarr; <strong>1234</strong><br />(-17 for losing)\n",
  "uploadtime": 1776336875,
  "views": 42,
  "formatid": "gen9championsvgc2026regma",
  "rating": 1234,
  "private": 0,
  "password": null
}