{
  "id": "gen9championsvgc2026regma-2583142061",
  "format": "[Gen 9 Champions] VGC 2026 Reg M-A",
  "players": [
    "0chs0",
    "Isidino"
  ],
  "log": "|j|\u26060chs0\n|j|\u2606Isidino\n|t:|1776147128\n|gametype|doubles\n|player|p1|0chs0|roxie|1115\n|player|p2|Isidino|169|1175\n|gen|9\n|tier|[Gen 9 Champions] VGC 2026 Reg M-A\n|rated|\n|rule|Species Clause: Limit one of each Pok\u00e9mon\n|rule|Item Clause: Limit 1 of each item\n|clearpoke\n|poke|p1|Talonflame, L50, F|\n|poke|p1|Ditto, L50|\n|poke|p1|Gardevoir, L50, M|\n|poke|p1|Froslass, L50, F|\n|poke|p1|Azumarill, L50, F|\n|poke|p1|Tinkaton, L50, F|\n|poke|p2|Pelipper, L50, M|\n|poke|p2|Basculegion-F, L50, F|\n|poke|p2|Starmie, L50|\n|poke|p2|Sneasler, L50, M|\n|poke|p2|Sableye, L50, M|\n|poke|p2|Archaludon, L50, M|\n|teampreview|4\n|inactive|Battle timer is ON: inactive players will automatically lose when time's up. (requested by Isidino)\n|inactive|0chs0 has 60 seconds left.\n|\n|t:|1776147187\n|teamsize|p1|4\n|teamsize|p2|4\n|start\n|switch|p1a: Talonflame|Talonflame, L50, F|100/100\n|switch|p1b: Froslass|Froslass, L50, F|100/100\n|switch|p2a: Basculegion|Basculegion-F, L50, F, shiny|100/100\n|switch|p2b: Sableye|Sableye, L50, M, shiny|100/100\n|turn|1\n|\n|t:|1776147194\n|move|p1a: Talonflame|Protect|p1a: Talonflame\n|-singleturn|p1a: Talonflame|Protect\n|move|p1b: Froslass|Protect|p1b: Froslass\n|-singleturn|p1b: Froslass|Protect\n|move|p2b: Sableye|Rain Dance|p2b: Sableye\n|-weather|RainDance\n|move|p2a: Basculegion|Muddy Water|p1b: Froslass|[spread] \n|-activate|p1a: Talonflame|move: Protect\n|-activate|p1b: Froslass|move: Protect\n|\n|-weather|RainDance|[upkeep]\n|upkeep\n|turn|2\n|\n|t:|1776147216\n|detailschange|p1b: Froslass|Froslass-Mega, L50, F\n|-mega|p1b: Froslass|Froslass|Froslassite\n|-weather|Snowscape|[from] ability: Snow Warning|[of] p1b: Froslass\n|move|p1a: Talonflame|Acrobatics|p2a: Basculegion\n|-damage|p2a: Basculegion|48/100\n|move|p2b: Sableye|Encore|p1b: Froslass\n|-start|p1b: Froslass|Encore\n|move|p1b: Froslass|Protect||[still]\n|-fail|p1b: Froslass\n|move|p2a: Basculegion|Muddy Water|p1b: Froslass|[spread] p1a\n|-miss|p2a: Basculegion|p1b: Froslass\n|-supereffective|p1a: Talonflame|1\n|-damage|p1a: Talonflame|2/100\n|-unboost|p1a: Talonflame|accuracy|1\n|\n|-weather|Snowscape|[upkeep]\n|upkeep\n|turn|3\n|inactive|0chs0 has 30 seconds left.\n|inactive|0chs0 has 20 seconds left.\n|\n|t:|1776147252\n|switch|p1b: Ditto|Ditto, L50|100/100\n|-transform|p1b: Ditto|p2a: Basculegion|[from] ability: Imposter\n|move|p2b: Sableye|Rain Dance|p2b: Sableye\n|-weather|RainDance\n|move|p2a: Basculegion|Muddy Water|p1b: Ditto|[spread] p1a,p1b\n|-supereffective|p1a: Talonflame|1\n|-resisted|p1b: Ditto|1\n|-damage|p1a: Talonflame|0 fnt\n|-damage|p1b: Ditto|66/100\n|faint|p1a: Talonflame\n|\n|-weather|RainDance|[upkeep]\n|upkeep\n|\n|t:|1776147263\n|switch|p1a: Froslass|Froslass-Mega, L50, F|100/100\n|-weather|Snowscape|[from] ability: Snow Warning|[of] p1a: Froslass\n|turn|4\n|inactive|0chs0 has 30 seconds left.\n|inactive|0chs0 has 20 seconds left.\n|\n|t:|1776147299\n|move|p2b: Sableye|Rain Dance|p2b: Sableye\n|-weather|RainDance\n|move|p2a: Basculegion|Shadow Ball|p1b: Ditto\n|-supereffective|p1b: Ditto|1\n|-damage|p1b: Ditto|0 fnt\n|faint|p1b: Ditto\n|move|p1a: Froslass|Shadow Ball|p2b: Sableye\n|-damage|p2b: Sableye|44/100\n|\n|-weather|RainDance|[upkeep]\n|-heal|p2b: Sableye|50/100|[from] item: Leftovers\n|upkeep\n|\n|t:|1776147303\n|switch|p1b: Tinkaton|Tinkaton, L50, F|100/100\n|-ability|p1b: Tinkaton|Mold Breaker\n|turn|5\n|\n|t:|1776147325\n|move|p1a: Froslass|Protect|p1a: Froslass\n|-singleturn|p1a: Froslass|Protect\n|move|p2b: Sableye|Recover|p2b: Sableye\n|-heal|p2b: Sableye|100/100\n|move|p2a: Basculegion|Muddy Water|p1b: Tinkaton|[spread] p1b\n|-activate|p1a: Froslass|move: Protect\n|-damage|p1b: Tinkaton|45/100\n|move|p1b: Tinkaton|Play Rough|p2a: Basculegion|[miss]\n|-miss|p1b: Tinkaton|p2a: Basculegion\n|\n|-weather|RainDance|[upkeep]\n|upkeep\n|turn|6\n|-message|0chs0 forfeited.\n|\n|win|Isidino\n|raw|0chs0's rating: 1115 &rarr; <strong>1094</strong><br />(-21 for losing)\n|raw|Isidino's rating: 1175 &rarr; <strong>1196</strong><br />(+21 for winning)\n|l|\u26060chs0\n|player|p1|\n",
  "uploadtime": 1776147338,
  "views": 18,
  "formatid": "gen9championsvgc2026regma",
  "rating": 1094,
  "private": 0,
  "password": null
}