{
  "id": "gen9championsvgc2026regma-2585706590",
  "format": "[Gen 9 Champions] VGC 2026 Reg M-A",
  "players": [
    "Czardas",
    "Vizsla_falconer"
  ],
  "log": "|j|\u2606Czardas\n|j|\u2606Vizsla_falconer\n|t:|1776365031\n|gametype|doubles\n|player|p1|Czardas|clown|1040\n|player|p2|Vizsla_falconer|2|1129\n|gen|9\n|tier|[Gen 9 Champions] VGC 2026 Reg M-A\n|rated|\n|rule|Species Clause: Limit one of each Pok\u00e9mon\n|rule|Item Clause: Limit 1 of each item\n|clearpoke\n|poke|p1|Tyranitar, L50, M|\n|poke|p1|Orthworm, L50, F|\n|poke|p1|Zoroark-Hisui, L50, F|\n|poke|p1|Maushold, L50|\n|poke|p1|Arcanine-Hisui, L50, M|\n|poke|p1|Meganium, L50, F|\n|poke|p2|Excadrill, L50, F|\n|poke|p2|Tyranitar, L50, F|\n|poke|p2|Orthworm, L50, F|\n|poke|p2|Sinistcha, L50|\n|poke|p2|Delphox, L50, F|\n|poke|p2|Vivillon, L50, F|\n|teampreview|4\n|inactive|Battle timer is ON: inactive players will automatically lose when time's up. (requested by Czardas)\n|\n|t:|1776365085\n|teamsize|p1|4\n|teamsize|p2|4\n|start\n|switch|p1a: Arcanine|Arcanine-Hisui, L50, M|100/100\n|switch|p1b: Orthworm|Orthworm, L50, F|100/100\n|switch|p2a: Sinistcha|Sinistcha, L50|100/100\n|switch|p2b: Delphox|Delphox, L50, F|100/100\n|turn|1\n|\n|t:|1776365109\n|detailschange|p2b: Delphox|Delphox-Mega, L50, F\n|-mega|p2b: Delphox|Delphox|Delphoxite\n|move|p1b: Orthworm|Protect|p1b: Orthworm\n|-singleturn|p1b: Orthworm|Protect\n|move|p2a: Sinistcha|Rage Powder|p2a: Sinistcha\n|-singleturn|p2a: Sinistcha|move: Rage Powder\n|move|p2b: Delphox|Focus Blast|p1a: Arcanine\n|-immune|p1a: Arcanine\n|move|p1a: Arcanine|Poltergeist|p2a: Sinistcha\n|-activate|p2a: Sinistcha|move: Poltergeist|Sitrus Berry\n|-supereffective|p2a: Sinistcha|1\n|-damage|p2a: Sinistcha|13/100\n|-enditem|p2a: Sinistcha|Sitrus Berry|[eat]\n|-heal|p2a: Sinistcha|38/100|[from] item: Sitrus Berry\n|\n|upkeep\n|turn|2\n|inactive|Vizsla_falconer has 30 seconds left.\n|\n|t:|1776365134\n|switch|p1b: Tyranitar|Tyranitar, L50, M|100/100\n|-weather|Sandstorm|[from] ability: Sand Stream|[of] p1b: Tyranitar\n|switch|p2a: Tyranitar|Tyranitar, L50, F|100/100\n|move|p2b: Delphox|Heat Wave|p1a: Arcanine|[spread] p1a,p1b\n|-resisted|p1b: Tyranitar|1\n|-damage|p1a: Arcanine|15/100\n|-damage|p1b: Tyranitar|91/100\n|replace|p1a: Zoroark|Zoroark-Hisui, L50, F\n|-end|p1a: Zoroark|Illusion\n|move|p1a: Zoroark|Poltergeist|p2a: Tyranitar\n|-activate|p2a: Tyranitar|move: Poltergeist|Chople Berry\n|-resisted|p2a: Tyranitar|1\n|-damage|p2a: Tyranitar|80/100\n|\n|-weather|Sandstorm|[upkeep]\n|-damage|p2b: Delphox|95/100|[from] Sandstorm\n|-damage|p1a: Zoroark|9/100|[from] Sandstorm\n|upkeep\n|turn|3\n|inactive|Czardas has 30 seconds left.\n|\n|t:|1776365161\n|detailschange|p1b: Tyranitar|Tyranitar-Mega, L50, M\n|-mega|p1b: Tyranitar|Tyranitar|Tyranitarite\n|move|p1a: Zoroark|Helping Hand|p1b: Tyranitar\n|-singleturn|p1b: Tyranitar|Helping Hand|[of] p1a: Zoroark\n|move|p2b: Delphox|Protect|p2b: Delphox\n|-singleturn|p2b: Delphox|Protect\n|move|p2a: Tyranitar|Rock Slide|p1b: Tyranitar|[spread] p1a,p1b\n|-damage|p1a: Zoroark|0 fnt\n|-damage|p1b: Tyranitar|73/100\n|faint|p1a: Zoroark\n|move|p1b: Tyranitar|Rock Slide|p2b: Delphox|[spread] \n|-activate|p2b: Delphox|move: Protect\n|-miss|p1b: Tyranitar|p2a: Tyranitar\n|\n|-weather|Sandstorm|[upkeep]\n|-damage|p2b: Delphox|89/100|[from] Sandstorm\n|upkeep\n|\n|t:|1776365178\n|switch|p1a: Orthworm|Orthworm, L50, F|100/100\n|turn|4\n|inactive|Vizsla_falconer has 30 seconds left.\n|\n|t:|1776365205\n|switch|p2b: Sinistcha|Sinistcha, L50|38/100\n|-heal|p2a: Tyranitar|100/100|[from] ability: Hospitality|[of] p2b: Sinistcha\n|move|p2a: Tyranitar|Crunch|p1a: Orthworm\n|-damage|p1a: Orthworm|74/100\n|move|p1a: Orthworm|Iron Defense|p1a: Orthworm\n|-boost|p1a: Orthworm|def|2\n|move|p1b: Tyranitar|Rock Slide|p2a: Tyranitar|[spread] p2a\n|-miss|p1b: Tyranitar|p2b: Sinistcha\n|-damage|p2a: Tyranitar|71/100\n|\n|-weather|Sandstorm|[upkeep]\n|-damage|p2b: Sinistcha|31/100|[from] Sandstorm\n|-heal|p1a: Orthworm|80/100|[from] item: Leftovers\n|upkeep\n|turn|5\n|inactive|Vizsla_falconer has 30 seconds left.\n|\n|t:|1776365238\n|move|p2a: Tyranitar|Crunch|p1a: Orthworm\n|-damage|p1a: Orthworm|67/100\n|move|p1a: Orthworm|Body Press|p2a: Tyranitar\n|-supereffective|p2a: Tyranitar|2\n|-enditem|p2a: Tyranitar|Chople Berry|[eat]\n|-enditem|p2a: Tyranitar|Chople Berry|[weaken]\n|-damage|p2a: Tyranitar|0 fnt\n|faint|p2a: Tyranitar\n|move|p1b: Tyranitar|Knock Off|p2b: Sinistcha\n|-supereffective|p2b: Sinistcha|1\n|-damage|p2b: Sinistcha|0 fnt\n|faint|p2b: Sinistcha\n|\n|-weather|Sandstorm|[upkeep]\n|-heal|p1a: Orthworm|74/100|[from] item: Leftovers\n|upkeep\n|\n|t:|1776365255\n|switch|p2a: Delphox|Delphox-Mega, L50, F|89/100\n|switch|p2b: Excadrill|Excadrill, L50, F|100/100\n|turn|6\n|inactive|Vizsla_falconer has 30 seconds left.\n|\n|t:|1776365283\n|move|p2a: Delphox|Protect|p2a: Delphox\n|-singleturn|p2a: Delphox|Protect\n|move|p2b: Excadrill|Earthquake|p1a: Orthworm|[spread] p1b\n|-activate|p2a: Delphox|move: Protect\n|-heal|p1a: Orthworm|99/100|[from] ability: Earth Eater|[of] p2b: Excadrill\n|-supereffective|p1b: Tyranitar|1\n|-damage|p1b: Tyranitar|17/100\n|move|p1a: Orthworm|Body Press|p2b: Excadrill\n|-supereffective|p2b: Excadrill|1\n|-enditem|p2b: Excadrill|Focus Sash\n|-damage|p2b: Excadrill|1/100\n|move|p1b: Tyranitar|Knock Off|p2a: Delphox\n|-activate|p2a: Delphox|move: Protect\n|\n|-weather|none\n|-heal|p1a: Orthworm|100/100|[from] item: Leftovers\n|upkeep\n|turn|7\n|inactive|Czardas has 30 seconds left.\n|inactive|Vizsla_falconer has 30 seconds left.\n|\n|t:|1776365316\n|move|p1b: Tyranitar|Protect|p1b: Tyranitar\n|-singleturn|p1b: Tyranitar|Protect\n|move|p2a: Delphox|Heat Wave|p1a: Orthworm|[spread] p1a\n|-activate|p1b: Tyranitar|move: Protect\n|-supereffective|p1a: Orthworm|1\n|-damage|p1a: Orthworm|0 fnt\n|faint|p1a: Orthworm\n|move|p2b: Excadrill|Earthquake|p1b: Tyranitar|[spread] \n|-activate|p1b: Tyranitar|move: Protect\n|-immune|p2a: Delphox|[from] ability: Levitate\n|\n|upkeep\n|\n|t:|1776365327\n|switch|p1a: Arcanine|Arcanine-Hisui, L50, M|100/100\n|-ability|p1a: Arcanine|Intimidate|boost\n|-unboost|p2a: Delphox|atk|1\n|-unboost|p2b: Excadrill|atk|1\n|turn|8\n|\n|t:|1776365351\n|move|p1b: Tyranitar|Protect||[still]\n|-fail|p1b: Tyranitar\n|move|p1a: Arcanine|Extreme Speed|p2b: Excadrill\n|-resisted|p2b: Excadrill|1\n|-damage|p2b: Excadrill|0 fnt\n|faint|p2b: Excadrill\n|move|p2a: Delphox|Focus Blast|p1a: Arcanine\n|-supereffective|p1a: Arcanine|1\n|-damage|p1a: Arcanine|0 fnt\n|faint|p1a: Arcanine\n|\n|upkeep\n|turn|9\n|\n|t:|1776365367\n|move|p2a: Delphox|Grass Knot|p1b: Tyranitar\n|-supereffective|p1b: Tyranitar|1\n|-damage|p1b: Tyranitar|0 fnt\n|faint|p1b: Tyranitar\n|\n|win|Vizsla_falconer\n|raw|Czardas's rating: 1040 &rarr; <strong>1028</strong><br />(-12 for losing)\n|raw|Vizsla_falconer's rating: 1129 &rarr; <strong>1148</strong><br />(+19 for winning)\n|c|\u2606Czardas|gg\n|l|\u2606Czardas\n|player|p1|\n",
  "uploadtime": 1776365379,
  "views": 25,
  "formatid": "gen9championsvgc2026regma",
  "rating": 1028,
  "private": 0,
  "password": null
}