{
  "id": "gen9championsvgc2026regma-2583761994",
  "format": "[Gen 9 Champions] VGC 2026 Reg M-A",
  "players": [
    "IuseExeggutor",
    "Thogi_"
  ],
  "log": "|j|\u2606IuseExeggutor\n|j|\u2606Thogi_\n|t:|1776195965\n|gametype|doubles\n|player|p1|IuseExeggutor|psychic-gen3rs|\n|player|p2|Thogi_|harlequin|\n|gen|9\n|tier|[Gen 9 Champions] VGC 2026 Reg M-A\n|rated|Tournament battle\n|rule|Species Clause: Limit one of each Pok\u00e9mon\n|rule|Item Clause: Limit 1 of each item\n|clearpoke\n|poke|p1|Lucario, L50, F|\n|poke|p1|Clefable, L50, F|\n|poke|p1|Aerodactyl, L50, M|\n|poke|p1|Incineroar, L50, F|\n|poke|p1|Rotom-Mow, L50|\n|poke|p1|Milotic, L50, F|\n|poke|p2|Slowbro, L50, M|\n|poke|p2|Tsareena, L50, F|\n|poke|p2|Sableye, L50, F|\n|poke|p2|Corviknight, L50, F|\n|poke|p2|Farigiraf, L50, F|\n|poke|p2|Camerupt, L50, F|\n|teampreview|4\nThogi_ has agreed to open team sheets.\nIuseExeggutor has agreed to open team sheets.\n|showteam|p1|Lucario||Lucarionite|InnerFocus|SteelBeam,AuraSphere,FlashCannon,ExtremeSpeed|||F|||50|]Clefable||Leftovers|MagicGuard|LifeDew,HelpingHand,FollowMe,Moonblast|||F|||50|]Aerodactyl||FocusSash|Unnerve|Tailwind,WideGuard,RockSlide,DualWingbeat|||M|||50|]Incineroar||SitrusBerry|Intimidate|ThroatChop,PartingShot,FakeOut,WillOWisp|||F|||50|]Rotom-Mow||ChoiceScarf|Levitate|LeafStorm,Thunderbolt,VoltSwitch,DarkPulse||||||50|]Milotic||MysticWater|Competitive|Scald,IceBeam,IcyWind,Hypnosis|||F|||50|\n|showteam|p2|Slowbro||SitrusBerry|Oblivious|TrickRoom,HydroPump,HealPulse,Protect|||M|||50|]Tsareena||OccaBerry|QueenlyMajesty|TropKick,Protect,TripleAxel,HighJumpKick|||F|||50|]Sableye||FocusSash|Prankster|Quash,FakeOut,FoulPlay,WillOWisp|||F|||50|]Corviknight||Leftovers|MirrorArmor|IronDefense,IronHead,Protect,Roost|||F|||50|]Farigiraf||MentalHerb|ArmorTail|TrickRoom,HyperVoice,Psychic,Protect|||F|||50|]Camerupt||Cameruptite|SolidRock|EarthPower,Overheat,Protect,RockSlide|||F|||50|\n|\n|t:|1776196022\n|teamsize|p1|4\n|teamsize|p2|4\n|start\n|switch|p1a: not a fan|Incineroar, L50, F|100/100\n|switch|p1b: rng jumpscare|Aerodactyl, L50, M|100/100\n|switch|p2a: Slowbro|Slowbro, L50, M, shiny|100/100\n|switch|p2b: Farigiraf|Farigiraf, L50, F|100/100\n|-ability|p1b: rng jumpscare|Unnerve\n|-ability|p1a: not a fan|Intimidate|boost\n|-fail|p2a: Slowbro|unboost|Attack|[from] ability: Oblivious|[of] p2a: Slowbro\n|-unboost|p2b: Farigiraf|atk|1\n|turn|1\n|\n|t:|1776196056\n|move|p1b: rng jumpscare|Rock Slide|p2a: Slowbro|[spread] p2a,p2b\n|-damage|p2a: Slowbro|84/100\n|-damage|p2b: Farigiraf|74/100\n|move|p1a: not a fan|Throat Chop|p2b: Farigiraf\n|-supereffective|p2b: Farigiraf|1\n|-damage|p2b: Farigiraf|2/100\n|-start|p2b: Farigiraf|Throat Chop|[silent]\n|cant|p2a: Slowbro|flinch\n|move|p2b: Farigiraf|Trick Room|p2b: Farigiraf\n|-fieldstart|move: Trick Room|[of] p2b: Farigiraf\n|\n|upkeep\n|turn|2\n|\n|t:|1776196078\n|switch|p2b: Camerupt|Camerupt, L50, F, shiny|100/100\n|move|p2a: Slowbro|Protect|p2a: Slowbro\n|-singleturn|p2a: Slowbro|Protect\n|move|p1a: not a fan|Throat Chop|p2a: Slowbro\n|-activate|p2a: Slowbro|move: Protect\n|move|p1b: rng jumpscare|Rock Slide|p2b: Camerupt|[spread] p2b\n|-activate|p2a: Slowbro|move: Protect\n|-damage|p2b: Camerupt|71/100\n|\n|upkeep\n|turn|3\n|j| Subway Sire\n|j| Tepigace\n|\n|t:|1776196106\n|detailschange|p2b: Camerupt|Camerupt-Mega, L50, F, shiny\n|-mega|p2b: Camerupt|Camerupt|Cameruptite\n|move|p2b: Camerupt|Rock Slide|p1b: rng jumpscare|[spread] p1a,p1b\n|-supereffective|p1a: not a fan|1\n|-supereffective|p1b: rng jumpscare|1\n|-damage|p1a: not a fan|63/100\n|-damage|p1b: rng jumpscare|37/100\n|move|p2a: Slowbro|Hydro Pump|p1b: rng jumpscare\n|-supereffective|p1b: rng jumpscare|1\n|-crit|p1b: rng jumpscare\n|-damage|p1b: rng jumpscare|0 fnt\n|faint|p1b: rng jumpscare\n|move|p1a: not a fan|Parting Shot|p2b: Camerupt\n|-unboost|p2b: Camerupt|atk|1\n|-unboost|p2b: Camerupt|spa|1\n|inactive|Battle timer is ON: inactive players will automatically lose when time's up. (requested by Thogi_)\n|\n|t:|1776196112\n|switch|p1a: incin bot counter|Milotic, L50, F|100/100|[from] Parting Shot\n|\n|upkeep\n|\n|t:|1776196116\n|switch|p1b: not a fan|Incineroar, L50, F|63/100\n|-ability|p1b: not a fan|Intimidate|boost\n|-fail|p2a: Slowbro|unboost|Attack|[from] ability: Oblivious|[of] p2a: Slowbro\n|-unboost|p2b: Camerupt|atk|1\n|turn|4\n|inactive|Thogi_ has 30 seconds left.\n|\n|t:|1776196151\n|switch|p2b: Farigiraf|Farigiraf, L50, F|2/100\n|move|p1b: not a fan|Fake Out||[still]\n|cant|p2b: Farigiraf|ability: Armor Tail|Fake Out|[of] p1b: not a fan\n|move|p2a: Slowbro|Hydro Pump|p1b: not a fan|[miss]\n|-miss|p2a: Slowbro|p1b: not a fan\n|move|p1a: incin bot counter|Hypnosis|p2a: Slowbro\n|-status|p2a: Slowbro|slp|[from] move: Hypnosis\n|\n|upkeep\n|turn|5\n|\n|t:|1776196173\n|cant|p2a: Slowbro|slp\n|move|p2b: Farigiraf|Hyper Voice|p1b: not a fan|[spread] p1a,p1b\n|-damage|p1a: incin bot counter|73/100\n|-damage|p1b: not a fan|29/100\n|-enditem|p1b: not a fan|Sitrus Berry|[eat]\n|-heal|p1b: not a fan|54/100|[from] item: Sitrus Berry\n|move|p1b: not a fan|Throat Chop|p2a: Slowbro\n|-supereffective|p2a: Slowbro|1\n|-damage|p2a: Slowbro|31/100 slp\n|-start|p2a: Slowbro|Throat Chop|[silent]\n|-enditem|p2a: Slowbro|Sitrus Berry|[eat]\n|-heal|p2a: Slowbro|55/100 slp|[from] item: Sitrus Berry\n|move|p1a: incin bot counter|Scald|p2b: Farigiraf\n|-damage|p2b: Farigiraf|0 fnt\n|faint|p2b: Farigiraf\n|\n|-fieldend|move: Trick Room\n|upkeep\n|\n|t:|1776196189\n|switch|p2b: Tsareena|Tsareena, L50, F|100/100\n|turn|6\n|c|\u2606IuseExeggutor|trop kick is crazy\n|\n|t:|1776196209\n|move|p2b: Tsareena|Trop Kick|p1a: incin bot counter\n|-supereffective|p1a: incin bot counter|1\n|-damage|p1a: incin bot counter|0 fnt\n|faint|p1a: incin bot counter\n|move|p1b: not a fan|Will-O-Wisp|p2b: Tsareena\n|-status|p2b: Tsareena|brn\n|cant|p2a: Slowbro|slp\n|\n|-damage|p2b: Tsareena|94/100 brn|[from] brn\n|-end|p2a: Slowbro|Throat Chop|[silent]\n|upkeep\n|\n|t:|1776196212\n|switch|p1a: the funny|Lucario, L50, F|100/100\n|turn|7\n|j| poyolo33\n|inactive|Thogi_ has 30 seconds left.\n|\n|t:|1776196241\n|detailschange|p1a: the funny|Lucario-Mega, L50, F\n|-mega|p1a: the funny|Lucario|Lucarionite\n|move|p1a: the funny|Aura Sphere|p2b: Tsareena\n|-damage|p2b: Tsareena|28/100 brn\n|move|p2b: Tsareena|High Jump Kick|p1b: not a fan\n|-supereffective|p1b: not a fan|1\n|-damage|p1b: not a fan|11/100\n|move|p1b: not a fan|Throat Chop|p2a: Slowbro\n|-supereffective|p2a: Slowbro|1\n|-crit|p2a: Slowbro\n|-damage|p2a: Slowbro|0 fnt\n|faint|p2a: Slowbro\n|\n|-damage|p2b: Tsareena|22/100 brn|[from] brn\n|upkeep\n|\n|t:|1776196253\n|switch|p2a: Camerupt|Camerupt-Mega, L50, F, shiny|71/100\n|turn|8\n|\n|t:|1776196272\n|move|p2b: Tsareena|Protect|p2b: Tsareena\n|-singleturn|p2b: Tsareena|Protect\n|move|p1a: the funny|Aura Sphere|p2a: Camerupt\n|-damage|p2a: Camerupt|12/100\n|move|p1b: not a fan|Throat Chop|p2b: Tsareena\n|-activate|p2b: Tsareena|move: Protect\n|move|p2a: Camerupt|Earth Power|p1a: the funny\n|-supereffective|p1a: the funny|1\n|-damage|p1a: the funny|0 fnt\n|faint|p1a: the funny\n|\n|-damage|p2b: Tsareena|15/100 brn|[from] brn\n|upkeep\n|turn|9\n|l| poyolo33\n|\n|t:|1776196294\n|move|p2b: Tsareena|Trop Kick|p1b: not a fan\n|-resisted|p1b: not a fan|1\n|-damage|p1b: not a fan|2/100\n|-unboost|p1b: not a fan|atk|1\n|move|p1b: not a fan|Throat Chop|p2a: Camerupt\n|-damage|p2a: Camerupt|0 fnt\n|faint|p2a: Camerupt\n|\n|-damage|p2b: Tsareena|9/100 brn|[from] brn\n|upkeep\n|turn|10\n|c|\u2606IuseExeggutor|gg\n|\n|t:|1776196306\n|move|p2b: Tsareena|Trop Kick|p1b: not a fan\n|-resisted|p1b: not a fan|1\n|-damage|p1b: not a fan|0 fnt\n|faint|p1b: not a fan\n|\n|win|Thogi_\n|n|\u2606IuseExeggutor|iuseexeggutor\n|n|\u2606Thogi_|thogi\n|n| Subway Sire|subwaysire\n|n| Tepigace|tepigace\n",
  "uploadtime": 1776196314,
  "views": 15,
  "formatid": "gen9championsvgc2026regma",
  "rating": null,
  "private": 0,
  "password": null
}