{
  "id": "gen9championsvgc2026regma-2583132535",
  "format": "[Gen 9 Champions] VGC 2026 Reg M-A",
  "players": [
    "bookworm2818",
    "Golurk365"
  ],
  "log": "|j|\u2606bookworm2818\n|j|\u2606Golurk365\n|t:|1776145931\n|gametype|doubles\n|player|p1|bookworm2818|169|1079\n|player|p2|Golurk365|hugh|1038\n|gen|9\n|tier|[Gen 9 Champions] VGC 2026 Reg M-A\n|rated|\n|rule|Species Clause: Limit one of each Pok\u00e9mon\n|rule|Item Clause: Limit 1 of each item\n|clearpoke\n|poke|p1|Archaludon, L50, M|\n|poke|p1|Pelipper, L50, M|\n|poke|p1|Dragonite, L50, M|\n|poke|p1|Basculegion, L50, M|\n|poke|p1|Floette-Eternal, L50, F|\n|poke|p1|Incineroar, L50, F|\n|poke|p2|Golurk, L50|\n|poke|p2|Whimsicott, L50, M|\n|poke|p2|Basculegion, L50, M|\n|poke|p2|Incineroar, L50, F|\n|poke|p2|Tyranitar, L50, F|\n|poke|p2|Archaludon, L50, M|\n|teampreview|4\n|inactive|Battle timer is ON: inactive players will automatically lose when time's up. (requested by Golurk365)\n|inactive|Golurk365 has 60 seconds left.\n|\n|t:|1776145964\n|teamsize|p1|4\n|teamsize|p2|4\n|start\n|switch|p1a: Archaludon|Archaludon, L50, M|100/100\n|switch|p1b: Pelipper|Pelipper, L50, M|100/100\n|switch|p2a: Whimsicott|Whimsicott, L50, M|100/100\n|switch|p2b: Tyranitar|Tyranitar, L50, F|100/100\n|-weather|RainDance|[from] ability: Drizzle|[of] p1b: Pelipper\n|-weather|Sandstorm|[from] ability: Sand Stream|[of] p2b: Tyranitar\n|turn|1\n|\n|t:|1776145987\n|switch|p1b: Incineroar|Incineroar, L50, F|100/100\n|-ability|p1b: Incineroar|Intimidate|boost\n|-unboost|p2a: Whimsicott|atk|1\n|-unboost|p2b: Tyranitar|atk|1\n|move|p1a: Archaludon|Protect|p1a: Archaludon\n|-singleturn|p1a: Archaludon|Protect\n|move|p2a: Whimsicott|Tailwind|p2a: Whimsicott\n|-sidestart|p2: Golurk365|move: Tailwind\n|move|p2b: Tyranitar|Rock Slide|p1b: Incineroar|[spread] p1b\n|-activate|p1a: Archaludon|move: Protect\n|-supereffective|p1b: Incineroar|1\n|-damage|p1b: Incineroar|64/100\n|\n|-weather|Sandstorm|[upkeep]\n|-damage|p2a: Whimsicott|95/100|[from] Sandstorm\n|-damage|p1b: Incineroar|58/100|[from] Sandstorm\n|upkeep\n|turn|2\n|inactive|Golurk365 has 30 seconds left.\n|\n|t:|1776146018\n|switch|p2b: Golurk|Golurk, L50|100/100\n|switch|p1b: Pelipper|Pelipper, L50, M|100/100\n|-weather|RainDance|[from] ability: Drizzle|[of] p1b: Pelipper\n|move|p2a: Whimsicott|Moonblast|p1a: Archaludon\n|-damage|p1a: Archaludon|65/100\n|-ability|p1a: Archaludon|Stamina|boost\n|-boost|p1a: Archaludon|def|1\n|move|p1a: Archaludon|Electro Shot||[still]\n|-prepare|p1a: Archaludon|Electro Shot\n|-boost|p1a: Archaludon|spa|1\n|-anim|p1a: Archaludon|Electro Shot|p2a: Whimsicott\n|-resisted|p2a: Whimsicott|1\n|-damage|p2a: Whimsicott|48/100\n|\n|-weather|RainDance|[upkeep]\n|-heal|p1a: Archaludon|71/100|[from] item: Leftovers\n|upkeep\n|turn|3\n|inactive|bookworm2818 has 30 seconds left.\n|inactive|Golurk365 has 30 seconds left.\n|\n|t:|1776146045\n|detailschange|p2b: Golurk|Golurk-Mega, L50\n|-mega|p2b: Golurk|Golurk|Golurkite\n|move|p2a: Whimsicott|Light Screen|p2a: Whimsicott\n|-sidestart|p2: Golurk365|move: Light Screen\n|move|p2b: Golurk|Poltergeist|p1b: Pelipper\n|-activate|p1b: Pelipper|move: Poltergeist|Focus Sash\n|-damage|p1b: Pelipper|9/100\n|move|p1b: Pelipper|Tailwind|p1b: Pelipper\n|-sidestart|p1: bookworm2818|move: Tailwind\n|move|p1a: Archaludon|Flash Cannon|p2b: Golurk\n|-damage|p2b: Golurk|52/100\n|\n|-weather|RainDance|[upkeep]\n|-heal|p1a: Archaludon|77/100|[from] item: Leftovers\n|upkeep\n|turn|4\n|inactive|bookworm2818 has 30 seconds left.\n|\n|t:|1776146074\n|switch|p2a: Tyranitar|Tyranitar, L50, F|100/100\n|-weather|Sandstorm|[from] ability: Sand Stream|[of] p2a: Tyranitar\n|switch|p1b: Dragonite|Dragonite, L50, M|100/100\n|move|p1a: Archaludon|Flash Cannon|p2a: Tyranitar\n|-supereffective|p2a: Tyranitar|1\n|-damage|p2a: Tyranitar|43/100\n|move|p2b: Golurk|Drain Punch|p1b: Dragonite\n|-resisted|p1b: Dragonite|1\n|-damage|p1b: Dragonite|92/100\n|-heal|p2b: Golurk|57/100|[from] drain|[of] p1b: Dragonite\n|\n|-weather|Sandstorm|[upkeep]\n|-damage|p1b: Dragonite|86/100|[from] Sandstorm\n|-heal|p1a: Archaludon|83/100|[from] item: Leftovers\n|-sideend|p2: Golurk365|move: Tailwind\n|upkeep\n|turn|5\n|inactive|bookworm2818 has 30 seconds left.\n|inactive|Golurk365 has 30 seconds left.\n|\n|t:|1776146107\n|detailschange|p1b: Dragonite|Dragonite-Mega, L50, M\n|-mega|p1b: Dragonite|Dragonite|Dragoninite\n|move|p1b: Dragonite|Extreme Speed|p2a: Tyranitar\n|-resisted|p2a: Tyranitar|1\n|-damage|p2a: Tyranitar|34/100\n|move|p1a: Archaludon|Flash Cannon|p2a: Tyranitar\n|-supereffective|p2a: Tyranitar|1\n|-damage|p2a: Tyranitar|0 fnt\n|faint|p2a: Tyranitar\n|move|p2b: Golurk|Headlong Rush|p1a: Archaludon\n|-supereffective|p1a: Archaludon|1\n|-damage|p1a: Archaludon|12/100\n|-unboost|p2b: Golurk|def|1\n|-unboost|p2b: Golurk|spd|1\n|-ability|p1a: Archaludon|Stamina|boost\n|-boost|p1a: Archaludon|def|1\n|\n|-weather|Sandstorm|[upkeep]\n|-damage|p1b: Dragonite|80/100|[from] Sandstorm\n|-heal|p1a: Archaludon|18/100|[from] item: Leftovers\n|upkeep\n|\n|t:|1776146122\n|switch|p2a: Whimsicott|Whimsicott, L50, M|48/100\n|turn|6\n|\n|t:|1776146144\n|switch|p1b: Pelipper|Pelipper, L50, M|9/100\n|-weather|RainDance|[from] ability: Drizzle|[of] p1b: Pelipper\n|move|p1a: Archaludon|Protect|p1a: Archaludon\n|-singleturn|p1a: Archaludon|Protect\n|move|p2a: Whimsicott|Stun Spore|p1b: Pelipper|[miss]\n|-miss|p2a: Whimsicott|p1b: Pelipper\n|move|p2b: Golurk|Drain Punch|p1a: Archaludon\n|-supereffective|p1a: Archaludon|1\n|-crit|p1a: Archaludon\n|-ability|p2b: Golurk|Unseen Fist\n|-zbroken|p1a: Archaludon\n|-damage|p1a: Archaludon|0 fnt\n|-heal|p2b: Golurk|68/100|[from] drain|[of] p1a: Archaludon\n|faint|p1a: Archaludon\n|\n|-weather|RainDance|[upkeep]\n|-sideend|p1: bookworm2818|move: Tailwind\n|upkeep\n|\n|t:|1776146164\n|switch|p1a: Dragonite|Dragonite-Mega, L50, M|80/100\n|turn|7\n|\n|t:|1776146179\n|move|p1b: Pelipper|Protect|p1b: Pelipper\n|-singleturn|p1b: Pelipper|Protect\n|move|p2b: Golurk|Protect|p2b: Golurk\n|-singleturn|p2b: Golurk|Protect\n|move|p2a: Whimsicott|Stun Spore|p1a: Dragonite\n|-status|p1a: Dragonite|par\n|move|p1a: Dragonite|Hurricane|p2a: Whimsicott\n|-supereffective|p2a: Whimsicott|1\n|-damage|p2a: Whimsicott|0 fnt\n|faint|p2a: Whimsicott\n|\n|-weather|RainDance|[upkeep]\n|-sideend|p2: Golurk365|move: Light Screen\n|upkeep\n|\n|t:|1776146192\n|switch|p2a: Basculegion|Basculegion, L50, M|100/100\n|turn|8\n|\n|t:|1776146204\n|move|p1b: Pelipper|Hurricane|p2b: Golurk\n|-damage|p2b: Golurk|13/100\n|-start|p2b: Golurk|confusion\n|move|p2a: Basculegion|Last Respects|p1a: Dragonite\n|-damage|p1a: Dragonite|0 fnt\n|faint|p1a: Dragonite\n|-activate|p2b: Golurk|confusion\n|move|p2b: Golurk|Drain Punch|p1b: Pelipper\n|-resisted|p1b: Pelipper|1\n|-damage|p1b: Pelipper|0 fnt\n|-heal|p2b: Golurk|17/100|[from] drain|[of] p1b: Pelipper\n|faint|p1b: Pelipper\n|\n|-weather|RainDance|[upkeep]\n|upkeep\n|\n|t:|1776146227\n|switch|p1a: Incineroar|Incineroar, L50, F|58/100\n|-ability|p1a: Incineroar|Intimidate|boost\n|-unboost|p2a: Basculegion|atk|1\n|-unboost|p2b: Golurk|atk|1\n|turn|9\n|\n|t:|1776146234\n|move|p2a: Basculegion|Liquidation|p1a: Incineroar\n|-supereffective|p1a: Incineroar|1\n|-damage|p1a: Incineroar|0 fnt\n|faint|p1a: Incineroar\n|\n|win|Golurk365\n|raw|bookworm2818's rating: 1079 &rarr; <strong>1055</strong><br />(-24 for losing)\n|raw|Golurk365's rating: 1038 &rarr; <strong>1076</strong><br />(+38 for winning)\n|l|\u2606bookworm2818\n|player|p1|\n",
  "uploadtime": 1776146243,
  "views": 20,
  "formatid": "gen9championsvgc2026regma",
  "rating": 1055,
  "private": 0,
  "password": null
}