{
  "id": "gen9championsvgc2026regma-2583891649",
  "format": "[Gen 9 Champions] VGC 2026 Reg M-A",
  "players": [
    "GlaceusArcanine",
    "saokaon1"
  ],
  "log": "|j|\u2606GlaceusArcanine\n|j|\u2606saokaon1\n|t:|1776205948\n|gametype|doubles\n|player|p1|GlaceusArcanine|170|1023\n|player|p2|saokaon1|102|1126\n|gen|9\n|tier|[Gen 9 Champions] VGC 2026 Reg M-A\n|rated|\n|rule|Species Clause: Limit one of each Pok\u00e9mon\n|rule|Item Clause: Limit 1 of each item\n|clearpoke\n|poke|p1|Charizard, L50, F|\n|poke|p1|Aerodactyl, L50, F|\n|poke|p1|Farigiraf, L50, M|\n|poke|p1|Milotic, L50, M|\n|poke|p1|Camerupt, L50, F|\n|poke|p1|Liepard, L50, F|\n|poke|p2|Whimsicott, L50, F|\n|poke|p2|Kommo-o, L50, M|\n|poke|p2|Glimmora, L50, F|\n|poke|p2|Sneasler, L50, M|\n|poke|p2|Basculegion, L50, M|\n|poke|p2|Ninetales-Alola, L50, M|\n|teampreview|4\n|inactive|Battle timer is ON: inactive players will automatically lose when time's up. (requested by GlaceusArcanine)\nsaokaon1 rejected open team sheets.\n|inactive|GlaceusArcanine has 60 seconds left.\n|\n|t:|1776205993\n|teamsize|p1|4\n|teamsize|p2|4\n|start\n|switch|p1a: Farigiraf|Farigiraf, L50, M|100/100\n|switch|p1b: Liepard|Liepard, L50, F|100/100\n|switch|p2a: Glimmora|Glimmora, L50, F|100/100\n|switch|p2b: Whimsicott|Whimsicott, L50, F|100/100\n|turn|1\n|\n|t:|1776206012\n|detailschange|p2a: Glimmora|Glimmora-Mega, L50, F\n|-mega|p2a: Glimmora|Glimmora|Glimmoranite\n|move|p2a: Glimmora|Spiky Shield|p2a: Glimmora\n|-singleturn|p2a: Glimmora|move: Protect\n|move|p2b: Whimsicott|Tailwind|p2b: Whimsicott\n|-sidestart|p2: saokaon1|move: Tailwind\n|move|p1b: Liepard|Sunny Day|p1b: Liepard\n|-weather|SunnyDay\n|move|p1a: Farigiraf|Trick Room|p1a: Farigiraf\n|-fieldstart|move: Trick Room|[of] p1a: Farigiraf\n|\n|-weather|SunnyDay|[upkeep]\n|upkeep\n|turn|2\n|\n|t:|1776206030\n|switch|p1a: Camerupt|Camerupt, L50, F|100/100\n|move|p1b: Liepard|Encore|p2a: Glimmora\n|-start|p2a: Glimmora|Encore\n|move|p2a: Glimmora|Spiky Shield||[still]\n|-fail|p2a: Glimmora\n|move|p2b: Whimsicott|Moonblast|p1b: Liepard\n|-supereffective|p1b: Liepard|1\n|-damage|p1b: Liepard|1/100\n|\n|-weather|SunnyDay|[upkeep]\n|upkeep\n|turn|3\n|inactive|saokaon1 has 30 seconds left.\n|\n|t:|1776206061\n|switch|p2a: Kommo-o|Kommo-o, L50, M|100/100\n|detailschange|p1a: Camerupt|Camerupt-Mega, L50, F\n|-mega|p1a: Camerupt|Camerupt|Cameruptite\n|move|p1a: Camerupt|Eruption|p2b: Whimsicott|[spread] p2a,p2b\n|-resisted|p2a: Kommo-o|1\n|-supereffective|p2b: Whimsicott|1\n|-damage|p2a: Kommo-o|48/100\n|-enditem|p2b: Whimsicott|Focus Sash\n|-damage|p2b: Whimsicott|1/100\n|move|p1b: Liepard|Foul Play|p2b: Whimsicott\n|-resisted|p2b: Whimsicott|1\n|-damage|p2b: Whimsicott|0 fnt\n|faint|p2b: Whimsicott\n|\n|-weather|SunnyDay|[upkeep]\n|-heal|p2a: Kommo-o|54/100|[from] item: Leftovers\n|upkeep\n|\n|t:|1776206065\n|switch|p2b: Glimmora|Glimmora-Mega, L50, F|100/100\n|turn|4\n|inactive|GlaceusArcanine has 30 seconds left.\n|\n|t:|1776206093\n|move|p1b: Liepard|Copycat|p1b: Liepard\n|move|p1b: Liepard|Foul Play|p2b: Glimmora|[from] move: Copycat\n|-damage|p2b: Glimmora|68/100\n|move|p1a: Camerupt|Earth Power|p2b: Glimmora\n|-supereffective|p2b: Glimmora|2\n|-damage|p2b: Glimmora|0 fnt\n|faint|p2b: Glimmora\n|move|p2a: Kommo-o|Clanging Scales|p1b: Liepard|[spread] p1a,p1b\n|-damage|p1a: Camerupt|67/100\n|-damage|p1b: Liepard|0 fnt\n|faint|p1b: Liepard\n|-unboost|p2a: Kommo-o|def|1\n|\n|-weather|SunnyDay|[upkeep]\n|-heal|p2a: Kommo-o|60/100|[from] item: Leftovers\n|-sideend|p2: saokaon1|move: Tailwind\n|upkeep\n|\n|t:|1776206109\n|switch|p1b: Milotic|Milotic, L50, M|100/100\n|switch|p2b: Basculegion|Basculegion, L50, M|100/100\n|turn|5\n|inactive|saokaon1 has 30 seconds left.\n|\n|t:|1776206134\n|move|p1a: Camerupt|Earth Power|p2b: Basculegion\n|-damage|p2b: Basculegion|22/100\n|move|p1b: Milotic|Ice Beam|p2a: Kommo-o\n|-supereffective|p2a: Kommo-o|1\n|-damage|p2a: Kommo-o|3/100\n|move|p2a: Kommo-o|Clangorous Soul||[still]\n|-fail|p2a: Kommo-o\n|move|p2b: Basculegion|Flip Turn|p1a: Camerupt\n|-supereffective|p1a: Camerupt|2\n|-damage|p1a: Camerupt|0 fnt\n|faint|p1a: Camerupt\n|\n|-weather|none\n|-heal|p2a: Kommo-o|9/100|[from] item: Leftovers\n|-fieldend|move: Trick Room\n|upkeep\n|\n|t:|1776206148\n|switch|p1a: Farigiraf|Farigiraf, L50, M|100/100\n|turn|6\n|inactive|GlaceusArcanine has 30 seconds left.\n|\n|t:|1776206175\n|move|p2b: Basculegion|Flip Turn|p1a: Farigiraf\n|-damage|p1a: Farigiraf|65/100\n|move|p2a: Kommo-o|Clanging Scales|p1b: Milotic|[spread] p1a,p1b\n|-damage|p1a: Farigiraf|38/100\n|-damage|p1b: Milotic|76/100\n|-enditem|p1a: Farigiraf|Sitrus Berry|[eat]\n|-heal|p1a: Farigiraf|63/100|[from] item: Sitrus Berry\n|-unboost|p2a: Kommo-o|def|1\n|move|p1b: Milotic|Ice Beam|p2a: Kommo-o\n|-supereffective|p2a: Kommo-o|1\n|-damage|p2a: Kommo-o|0 fnt\n|faint|p2a: Kommo-o\n|move|p1a: Farigiraf|Psychic|p2b: Basculegion\n|-damage|p2b: Basculegion|0 fnt\n|faint|p2b: Basculegion\n|\n|win|GlaceusArcanine\n|raw|GlaceusArcanine's rating: 1023 &rarr; <strong>1070</strong><br />(+47 for winning)\n|raw|saokaon1's rating: 1126 &rarr; <strong>1094</strong><br />(-32 for losing)\n|l|\u2606saokaon1\n|player|p2|\n",
  "uploadtime": 1776206196,
  "views": 20,
  "formatid": "gen9championsvgc2026regma",
  "rating": 1070,
  "private": 0,
  "password": null
}