{
  "id": "gen9championsvgc2026regma-2584705675",
  "format": "[Gen 9 Champions] VGC 2026 Reg M-A",
  "players": [
    "Who Decided This",
    "Nezk025"
  ],
  "log": "|j|\u2606Who Decided This\n|j|\u2606Nezk025\n|t:|1776278009\n|gametype|doubles\n|player|p1|Who Decided This|pokekid|\n|player|p2|Nezk025|nate|\n|gen|9\n|tier|[Gen 9 Champions] VGC 2026 Reg M-A\n|rated|Tournament battle\n|rule|Species Clause: Limit one of each Pok\u00e9mon\n|rule|Item Clause: Limit 1 of each item\n|raw|<div class=\"infobox\"><details class=\"readmore\" open><summary><strong>1 custom rule:</strong></summary> Force Open Team Sheets</details></div>\n|clearpoke\n|poke|p1|Floette-Eternal, L50, F|\n|poke|p1|Whimsicott, L50, F|\n|poke|p1|Garchomp, L50, M|\n|poke|p1|Oranguru, L50, M|\n|poke|p1|Rotom-Wash, L50|\n|poke|p1|Conkeldurr, L50, F|\n|poke|p2|Blastoise, L50, F|\n|poke|p2|Pelipper, L50, F|\n|poke|p2|Sinistcha, L50|\n|poke|p2|Sneasler, L50, M|\n|poke|p2|Garchomp, L50, M|\n|poke|p2|Kingambit, L50, F|\n|teampreview|4\n|showteam|p1|Floette-Eternal||Floettite|FlowerVeil|Protect,CalmMind,DazzlingGleam,LightofRuin|||F|||50|]Whimsicott||FocusSash|Prankster|Protect,Encore,Moonblast,Tailwind|||F|||50|]Garchomp||SoftSand|RoughSkin|Protect,DragonClaw,Earthquake,StompingTantrum|||M|||50|]Oranguru||MentalHerb|Telepathy|Protect,TrickRoom,Instruct,Psychic|||M|||50|]Rotom-Wash||ChoiceScarf|Levitate|Thunderbolt,HydroPump,ThunderWave,VoltSwitch||||||50|]Conkeldurr||RoseliBerry|IronFist|WideGuard,IcePunch,PoisonJab,DrainPunch|||F|||50|\n|showteam|p2|Blastoise||Blastoisinite|RainDish|WaterSpout,WaterPulse,IceBeam,Protect|||F|||50|]Pelipper||ChoiceScarf|Drizzle|Hurricane,WeatherBall,Uturn,Tailwind|||F|||50|]Sinistcha||KasibBerry|Hospitality|MatchaGotcha,LifeDew,TrickRoom,RagePowder||||||50|]Sneasler||FocusSash|Unburden|CloseCombat,DireClaw,RockSlide,Protect|||M|||50|]Garchomp||LumBerry|RoughSkin|Earthquake,DragonClaw,RockSlide,Protect|||M|||50|]Kingambit||BlackGlasses|Defiant|KowtowCleave,SuckerPunch,IronHead,Protect|||F|||50|\n|c|\u2606Nezk025|Glhf\n|c|\u2606Who Decided This|glhf\n|c|\u2606Who Decided This|and please don't miss\n|j| island pocket\n|c|\u2606Nezk025|Even though both of us dont know why we in semis\n|j| chillinark921\n|c|\u2606Who Decided This|it seems the feeling is mutual.\n|j| scottishinterista\n|c|\u2606Nezk025|If you scroll above i asked a similar question\n|j| harming soul\nNezk025 rejected open team sheets.\n|c| chillinark921|everyone uses big chomp I guess\n|c|\u2606Who Decided This|He's the big chomp\n|c|\u2606Who Decided This|with big damage\n|c|\u2606Who Decided This|why not\n|j| dodododobirdbird\n|j| DratiniKing10\n|j| OnToTheOther\n|\n|t:|1776278103\n|teamsize|p1|4\n|teamsize|p2|4\n|start\n|switch|p1a: Rotom|Rotom-Wash, L50|100/100\n|switch|p1b: Whimsicott|Whimsicott, L50, F|100/100\n|switch|p2a: Kingambit|Kingambit, L50, F|100/100\n|switch|p2b: Sinistcha|Sinistcha, L50|100/100\n|turn|1\n|l| chillinark921\n|\n|t:|1776278117\n|move|p1b: Whimsicott|Protect|p1b: Whimsicott\n|-singleturn|p1b: Whimsicott|Protect\n|move|p2a: Kingambit|Protect|p2a: Kingambit\n|-singleturn|p2a: Kingambit|Protect\n|move|p1a: Rotom|Thunderbolt|p2a: Kingambit\n|-activate|p2a: Kingambit|move: Protect\n|move|p2b: Sinistcha|Trick Room|p2b: Sinistcha\n|-fieldstart|move: Trick Room|[of] p2b: Sinistcha\n|\n|upkeep\n|turn|2\n|j| BigKukardo\n|j| Ducktile\n|\n|t:|1776278136\n|move|p2b: Sinistcha|Rage Powder|p2b: Sinistcha\n|-singleturn|p2b: Sinistcha|move: Rage Powder\n|move|p1b: Whimsicott|Encore|p2b: Sinistcha\n|-start|p2b: Sinistcha|Encore\n|move|p2a: Kingambit|Iron Head|p1b: Whimsicott\n|-supereffective|p1b: Whimsicott|1\n|-enditem|p1b: Whimsicott|Focus Sash\n|-damage|p1b: Whimsicott|1/100\n|move|p1a: Rotom|Thunderbolt|p2b: Sinistcha\n|-resisted|p2b: Sinistcha|1\n|-damage|p2b: Sinistcha|76/100\n|\n|upkeep\n|turn|3\n|j| stinkyton\n|\n|t:|1776278158\n|switch|p1b: Garchomp|Garchomp, L50, M|100/100\n|move|p2b: Sinistcha|Rage Powder|p2b: Sinistcha\n|-singleturn|p2b: Sinistcha|move: Rage Powder\n|move|p2a: Kingambit|Kowtow Cleave|p1a: Rotom\n|-damage|p1a: Rotom|18/100\n|move|p1a: Rotom|Thunderbolt|p2b: Sinistcha\n|-resisted|p2b: Sinistcha|1\n|-damage|p2b: Sinistcha|51/100\n|\n|upkeep\n|turn|4\n|c|\u2606Who Decided This|the last sinis I fought didn't have tr\n|c|\u2606Who Decided This|so I got confused\n|\n|t:|1776278177\n|move|p2b: Sinistcha|Rage Powder|p2b: Sinistcha\n|-singleturn|p2b: Sinistcha|move: Rage Powder\n|move|p2a: Kingambit|Kowtow Cleave|p1a: Rotom\n|-damage|p1a: Rotom|0 fnt\n|faint|p1a: Rotom\n|move|p1b: Garchomp|Earthquake|p2b: Sinistcha|[spread] p2a,p2b\n|-supereffective|p2a: Kingambit|1\n|-resisted|p2b: Sinistcha|1\n|-crit|p2b: Sinistcha\n|-damage|p2a: Kingambit|22/100\n|-damage|p2b: Sinistcha|14/100\n|\n|upkeep\n|l| scottishinterista\n|\n|t:|1776278186\n|switch|p1a: Floette|Floette-Eternal, L50, F|100/100\n|turn|5\n|j| Ongalabong\n|l| Ongalabong\n|\n|t:|1776278209\n|detailschange|p1a: Floette|Floette-Mega, L50, F\n|-mega|p1a: Floette|Floette|Floettite\n|-ability|p1a: Floette|Fairy Aura\n|move|p2a: Kingambit|Protect|p2a: Kingambit\n|-singleturn|p2a: Kingambit|Protect\n|move|p1a: Floette|Protect|p1a: Floette\n|-singleturn|p1a: Floette|Protect\n|move|p2b: Sinistcha|Rage Powder|p2b: Sinistcha\n|-singleturn|p2b: Sinistcha|move: Rage Powder\n|move|p1b: Garchomp|Earthquake|p2b: Sinistcha|[spread] p2b\n|-activate|p1a: Floette|move: Protect\n|-activate|p2a: Kingambit|move: Protect\n|-resisted|p2b: Sinistcha|1\n|-damage|p2b: Sinistcha|0 fnt\n|faint|p2b: Sinistcha\n|\n|-fieldend|move: Trick Room\n|upkeep\n|\n|t:|1776278218\n|switch|p2b: Pelipper|Pelipper, L50, F|100/100\n|-weather|RainDance|[from] ability: Drizzle|[of] p2b: Pelipper\n|turn|6\n|\n|t:|1776278225\n|move|p2b: Pelipper|Tailwind|p2b: Pelipper\n|-sidestart|p2: Nezk025|move: Tailwind\n|move|p2a: Kingambit|Iron Head|p1a: Floette\n|-supereffective|p1a: Floette|1\n|-damage|p1a: Floette|1/100\n|cant|p1a: Floette|flinch\n|move|p1b: Garchomp|Stomping Tantrum|p2a: Kingambit\n|-supereffective|p2a: Kingambit|1\n|-damage|p2a: Kingambit|0 fnt\n|faint|p2a: Kingambit\n|\n|-weather|RainDance|[upkeep]\n|upkeep\n|j| ido1234567890\n|c|\u2606Who Decided This|D A N G\n|l| ido1234567890\n|c|\u2606Nezk025|Mb\n|\n|t:|1776278239\n|switch|p2a: Blastoise|Blastoise, L50, F|100/100\n|turn|7\n|j| scottishinterista\n|c|\u2606Nezk025|Chat i still might be cooked\n|\n|t:|1776278253\n|detailschange|p2a: Blastoise|Blastoise-Mega, L50, F\n|-mega|p2a: Blastoise|Blastoise|Blastoisinite\n|move|p1a: Floette|Protect|p1a: Floette\n|-singleturn|p1a: Floette|Protect\n|move|p2b: Pelipper|Tailwind||[still]\n|-fail|p2b: Pelipper\n|move|p2a: Blastoise|Water Spout|p1b: Garchomp|[spread] p1b\n|-activate|p1a: Floette|move: Protect\n|-damage|p1b: Garchomp|8/100\n|move|p1b: Garchomp|Earthquake|p2a: Blastoise|[spread] p2a\n|-activate|p1a: Floette|move: Protect\n|-immune|p2b: Pelipper\n|-damage|p2a: Blastoise|49/100\n|\n|-weather|RainDance|[upkeep]\n|upkeep\n|turn|8\n|c|\u2606Who Decided This|you'd have to mess up really bad\n|c|\u2606Who Decided This|to lose thi-\n|c|\u2606Nezk025|Yeah no now its gg\n|\n|t:|1776278282\n|switch|p1a: Whimsicott|Whimsicott, L50, F|1/100\n|move|p2b: Pelipper|Tailwind||[still]\n|-fail|p2b: Pelipper\n|move|p2a: Blastoise|Water Spout|p1a: Whimsicott|[spread] p1a,p1b\n|-resisted|p1a: Whimsicott|1\n|-damage|p1a: Whimsicott|0 fnt\n|-damage|p1b: Garchomp|0 fnt\n|faint|p1a: Whimsicott\n|faint|p1b: Garchomp\n|\n|-weather|RainDance|[upkeep]\n|upkeep\n|j| chillinark921\n|\n|t:|1776278287\n|switch|p1b: Floette|Floette-Mega, L50, F|1/100\n|-ability|p1b: Floette|Fairy Aura\n|turn|9\n|l| Ducktile\n|\n|t:|1776278293\n|move|p1b: Floette|Protect|p1b: Floette\n|-singleturn|p1b: Floette|Protect\n|move|p2b: Pelipper|Tailwind||[still]\n|-fail|p2b: Pelipper\n|move|p2a: Blastoise|Water Spout|p1b: Floette\n|-activate|p1b: Floette|move: Protect\n|\n|-weather|RainDance|[upkeep]\n|-sideend|p2: Nezk025|move: Tailwind\n|upkeep\n|turn|10\n|c|\u2606Who Decided This|I lose this\n|\n|t:|1776278301\n|move|p2b: Pelipper|Tailwind|p2b: Pelipper\n|-sidestart|p2: Nezk025|move: Tailwind\n|move|p2a: Blastoise|Water Spout|p1b: Floette\n|-damage|p1b: Floette|0 fnt\n|faint|p1b: Floette\n|\n|win|Nezk025\n|n|\u2606Who Decided This|whodecidedthis\n|n|\u2606Nezk025|nezk025\n|n| island pocket|islandpocket\n|n| harming soul|harmingsoul\n|n| dodododobirdbird|dodododobirdbird\n|n| DratiniKing10|dratiniking10\n|n| OnToTheOther|ontotheother\n|n| BigKukardo|bigkukardo\n|n| stinkyton|stinkyton\n|n| scottishinterista|scottishinterista\n|n| chillinark921|chillinark921\n|c|\u2606Nezk025|Ggwp\n|c|\u2606Who Decided This|gg\n",
  "uploadtime": 1776278310,
  "views": 22,
  "formatid": "gen9championsvgc2026regma",
  "rating": null,
  "private": 0,
  "password": null
}