{
  "id": "gen9championsvgc2026regma-2582602075",
  "format": "[Gen 9 Champions] VGC 2026 Reg M-A",
  "players": [
    "gsgxbdhd",
    "bawktuah"
  ],
  "log": "|j|\u2606gsgxbdhd\n|j|\u2606bawktuah\n|t:|1776101983\n|gametype|doubles\n|player|p1|gsgxbdhd|102|1000\n|player|p2|bawktuah|benga|1000\n|gen|9\n|tier|[Gen 9 Champions] VGC 2026 Reg M-A\n|rated|\n|rule|Species Clause: Limit one of each Pok\u00e9mon\n|rule|Item Clause: Limit 1 of each item\n|clearpoke\n|poke|p1|Tauros-Paldea-Aqua, L50, M|\n|poke|p1|Empoleon, L50, F|\n|poke|p1|Sharpedo, L50, F|\n|poke|p1|Pelipper, L50, F|\n|poke|p1|Jolteon, L50, F|\n|poke|p1|Noivern, L50, M|\n|poke|p2|Slowbro, L50, M|\n|poke|p2|Politoed, L50, F|\n|poke|p2|Incineroar, L50, M|\n|poke|p2|Heliolisk, L50, M|\n|poke|p2|Meganium, L50, F|\n|poke|p2|Archaludon, L50, M|\n|teampreview|4\n|\n|t:|1776102040\n|teamsize|p1|4\n|teamsize|p2|4\n|start\n|switch|p1a: Empoleon|Empoleon, L50, F|100/100\n|switch|p1b: Tauros|Tauros-Paldea-Aqua, L50, M|100/100\n|switch|p2a: Archaludon|Archaludon, L50, M|100/100\n|switch|p2b: Heliolisk|Heliolisk, L50, M|100/100\n|-ability|p1b: Tauros|Intimidate|boost\n|-unboost|p2a: Archaludon|atk|1\n|-unboost|p2b: Heliolisk|atk|1\n|turn|1\n|\n|t:|1776102064\n|move|p2a: Archaludon|Protect|p2a: Archaludon\n|-singleturn|p2a: Archaludon|Protect\n|move|p1b: Tauros|Close Combat|p2a: Archaludon\n|-activate|p2a: Archaludon|move: Protect\n|move|p2b: Heliolisk|Low Sweep|p1a: Empoleon\n|-supereffective|p1a: Empoleon|1\n|-damage|p1a: Empoleon|81/100\n|-unboost|p1a: Empoleon|spe|1\n|-ability|p1a: Empoleon|Competitive|boost\n|-boost|p1a: Empoleon|spa|2\n|move|p1a: Empoleon|Icy Wind|p2a: Archaludon|[spread] p2b\n|-activate|p2a: Archaludon|move: Protect\n|-damage|p2b: Heliolisk|69/100\n|-unboost|p2b: Heliolisk|spe|1\n|\n|-heal|p1a: Empoleon|86/100|[from] item: Leftovers\n|upkeep\n|turn|2\n|\n|t:|1776102086\n|switch|p2b: Politoed|Politoed, L50, F|100/100\n|-weather|RainDance|[from] ability: Drizzle|[of] p2b: Politoed\n|move|p1b: Tauros|Close Combat|p2a: Archaludon\n|-supereffective|p2a: Archaludon|1\n|-damage|p2a: Archaludon|14/100\n|-unboost|p1b: Tauros|def|1\n|-unboost|p1b: Tauros|spd|1\n|-enditem|p1b: Tauros|White Herb\n|-clearnegativeboost|p1b: Tauros|[silent]\n|move|p2a: Archaludon|Electro Shot||[still]\n|-prepare|p2a: Archaludon|Electro Shot\n|-boost|p2a: Archaludon|spa|1\n|-anim|p2a: Archaludon|Electro Shot|p1a: Empoleon\n|-supereffective|p1a: Empoleon|1\n|-damage|p1a: Empoleon|0 fnt\n|faint|p1a: Empoleon\n|\n|-weather|RainDance|[upkeep]\n|upkeep\n|\n|t:|1776102111\n|switch|p1a: Jolteon|Jolteon, L50, F|100/100\n|turn|3\n|\n|t:|1776102123\n|switch|p2b: Heliolisk|Heliolisk, L50, M|69/100\n|move|p2a: Archaludon|Protect|p2a: Archaludon\n|-singleturn|p2a: Archaludon|Protect\n|move|p1a: Jolteon|Thunder|p2a: Archaludon\n|-activate|p2a: Archaludon|move: Protect\n|move|p1b: Tauros|Close Combat|p2b: Heliolisk\n|-supereffective|p2b: Heliolisk|1\n|-damage|p2b: Heliolisk|0 fnt\n|-unboost|p1b: Tauros|def|1\n|-unboost|p1b: Tauros|spd|1\n|faint|p2b: Heliolisk\n|\n|-weather|RainDance|[upkeep]\n|upkeep\n|\n|t:|1776102131\n|switch|p2b: Meganium|Meganium, L50, F|100/100\n|turn|4\n|\n|t:|1776102161\n|detailschange|p2b: Meganium|Meganium-Mega, L50, F\n|-mega|p2b: Meganium|Meganium|Meganiumite\n|move|p1a: Jolteon|Volt Switch|p2a: Archaludon\n|-resisted|p2a: Archaludon|1\n|-damage|p2a: Archaludon|0 fnt\n|faint|p2a: Archaludon\n|\n|t:|1776102167\n|switch|p1a: Sharpedo|Sharpedo, L50, F|100/100|[from] Volt Switch\n|move|p1b: Tauros|Iron Head|p2b: Meganium\n|-supereffective|p2b: Meganium|1\n|-damage|p2b: Meganium|55/100\n|move|p2b: Meganium|Solar Beam||[still]\n|-prepare|p2b: Meganium|Solar Beam\n|-activate|p2b: Meganium|ability: Mega Sol\n|-anim|p2b: Meganium|Solar Beam|p1a: Sharpedo\n|-supereffective|p1a: Sharpedo|1\n|-crit|p1a: Sharpedo\n|-damage|p1a: Sharpedo|0 fnt\n|faint|p1a: Sharpedo\n|\n|-weather|RainDance|[upkeep]\n|upkeep\n|\n|t:|1776102180\n|switch|p1a: Jolteon|Jolteon, L50, F|100/100\n|switch|p2a: Politoed|Politoed, L50, F|100/100\n|turn|5\n|\n|t:|1776102192\n|move|p1b: Tauros|Protect|p1b: Tauros\n|-singleturn|p1b: Tauros|Protect\n|move|p2b: Meganium|Protect|p2b: Meganium\n|-singleturn|p2b: Meganium|Protect\n|move|p1a: Jolteon|Thunder|p2b: Meganium\n|-activate|p2b: Meganium|move: Protect\n|move|p2a: Politoed|Icy Wind|p1a: Jolteon|[spread] p1a\n|-activate|p1b: Tauros|move: Protect\n|-damage|p1a: Jolteon|85/100\n|-unboost|p1a: Jolteon|spe|1\n|\n|-weather|RainDance|[upkeep]\n|upkeep\n|turn|6\n|inactive|Battle timer is ON: inactive players will automatically lose when time's up. (requested by bawktuah)\n|inactive|gsgxbdhd has 60 seconds left.\n|inactive|gsgxbdhd has 30 seconds left.\n|inactive|gsgxbdhd has 20 seconds left.\n|inactive|gsgxbdhd has 15 seconds left.\n|inactive|gsgxbdhd has 10 seconds left.\n|inactive|gsgxbdhd has 5 seconds left.\n|\n|t:|1776102418\n|move|p2b: Meganium|Protect|p2b: Meganium\n|-singleturn|p2b: Meganium|Protect\n|move|p1b: Tauros|Iron Head|p2b: Meganium\n|-activate|p2b: Meganium|move: Protect\n|move|p2a: Politoed|Icy Wind|p1b: Tauros|[spread] p1a,p1b\n|-resisted|p1b: Tauros|1\n|-damage|p1a: Jolteon|68/100\n|-damage|p1b: Tauros|86/100\n|-unboost|p1a: Jolteon|spe|1\n|-unboost|p1b: Tauros|spe|1\n|move|p1a: Jolteon|Thunder|p2a: Politoed\n|-supereffective|p2a: Politoed|1\n|-damage|p2a: Politoed|0 fnt\n|faint|p2a: Politoed\n|\n|-weather|none\n|upkeep\n|turn|7\n|inactive|gsgxbdhd has 30 seconds left.\n|inactive|bawktuah has 30 seconds left.\n|inactive|gsgxbdhd has 20 seconds left.\n|inactive|bawktuah has 20 seconds left.\n|inactive|gsgxbdhd has 15 seconds left.\n|inactive|bawktuah has 15 seconds left.\n|inactive|gsgxbdhd has 10 seconds left.\n|inactive|bawktuah has 10 seconds left.\n|inactive|gsgxbdhd has 5 seconds left.\n|inactive|bawktuah has 5 seconds left.\n|\n|t:|1776102474\n|move|p2b: Meganium|Solar Beam||[still]\n|-prepare|p2b: Meganium|Solar Beam\n|-activate|p2b: Meganium|ability: Mega Sol\n|-anim|p2b: Meganium|Solar Beam|p1b: Tauros\n|-supereffective|p1b: Tauros|1\n|-damage|p1b: Tauros|0 fnt\n|faint|p1b: Tauros\n|move|p1a: Jolteon|Thunder|p2b: Meganium\n|-resisted|p2b: Meganium|1\n|-damage|p2b: Meganium|22/100\n|-status|p2b: Meganium|par\n|\n|upkeep\n|turn|8\n|c|\u2606bawktuah|ah, so close\n|inactive|gsgxbdhd has 30 seconds left.\n|c|\u2606bawktuah|do it, finish me!\n|inactive|gsgxbdhd has 20 seconds left.\n|inactive|gsgxbdhd has 15 seconds left.\n|inactive|gsgxbdhd has 10 seconds left.\n|inactive|gsgxbdhd has 5 seconds left.\n|\n|t:|1776102529\n|move|p1a: Jolteon|Thunder|p2b: Meganium\n|-resisted|p2b: Meganium|1\n|-damage|p2b: Meganium|0 fnt\n|faint|p2b: Meganium\n|\n|win|gsgxbdhd\n|raw|gsgxbdhd's rating: 1000 &rarr; <strong>1040</strong><br />(+40 for winning)\n|raw|bawktuah's rating: 1000 &rarr; <strong>1000</strong><br />(+0 for losing)\n|c|\u2606bawktuah|wp\n",
  "uploadtime": 1776102540,
  "views": 23,
  "formatid": "gen9championsvgc2026regma",
  "rating": 1000,
  "private": 0,
  "password": null
}