{
  "id": "gen9championsvgc2026regma-2587828085",
  "format": "[Gen 9 Champions] VGC 2026 Reg M-A",
  "players": [
    "Twishts",
    "Danievania"
  ],
  "log": "|j|\u2606Twishts\n|j|\u2606Danievania\n|t:|1776568149\n|gametype|doubles\n|player|p1|Twishts|policeman-gen4|1443\n|player|p2|Danievania|byron|1486\n|gen|9\n|tier|[Gen 9 Champions] VGC 2026 Reg M-A\n|rated|\n|rule|Species Clause: Limit one of each Pok\u00e9mon\n|rule|Item Clause: Limit 1 of each item\n|clearpoke\n|poke|p1|Aerodactyl, L50, M|\n|poke|p1|Garchomp, L50, F|\n|poke|p1|Milotic, L50, M|\n|poke|p1|Floette-Eternal, L50, F|\n|poke|p1|Incineroar, L50, F|\n|poke|p1|Scizor, L50, M|\n|poke|p2|Delphox, L50, M, shiny|\n|poke|p2|Sneasler, L50, F, shiny|\n|poke|p2|Garchomp, L50, M, shiny|\n|poke|p2|Aerodactyl, L50, F|\n|poke|p2|Kingambit, L50, F|\n|poke|p2|Sinistcha, L50|\n|teampreview|4\n|inactive|Battle timer is ON: inactive players will automatically lose when time's up. (requested by Twishts)\nTwishts rejected open team sheets.\n|\n|t:|1776568176\n|teamsize|p1|4\n|teamsize|p2|4\n|start\n|switch|p1a: Garchomp|Garchomp, L50, F|100/100\n|switch|p1b: Aerodactyl|Aerodactyl, L50, M|100/100\n|switch|p2a: Delphox|Delphox, L50, M, shiny|100/100\n|switch|p2b: Sneasler|Sneasler, L50, F, shiny|100/100\n|-ability|p1b: Aerodactyl|Unnerve\n|turn|1\n|inactive|Danievania has 30 seconds left.\n|\n|t:|1776568202\n|detailschange|p2a: Delphox|Delphox-Mega, L50, M, shiny\n|-mega|p2a: Delphox|Delphox|Delphoxite\n|move|p1b: Aerodactyl|Protect|p1b: Aerodactyl\n|-singleturn|p1b: Aerodactyl|Protect\n|move|p1a: Garchomp|Protect|p1a: Garchomp\n|-singleturn|p1a: Garchomp|Protect\n|move|p2b: Sneasler|Fake Out|p1b: Aerodactyl\n|-activate|p1b: Aerodactyl|move: Protect\n|move|p2a: Delphox|Nasty Plot|p2a: Delphox\n|-boost|p2a: Delphox|spa|2\n|\n|upkeep\n|turn|2\n|inactive|Danievania has 30 seconds left.\n|\n|t:|1776568232\n|move|p2a: Delphox|Protect|p2a: Delphox\n|-singleturn|p2a: Delphox|Protect\n|move|p1b: Aerodactyl|Tailwind|p1b: Aerodactyl\n|-sidestart|p1: Twishts|move: Tailwind\n|move|p1a: Garchomp|Rock Slide|p2a: Delphox|[spread] p2b\n|-activate|p2a: Delphox|move: Protect\n|-resisted|p2b: Sneasler|1\n|-damage|p2b: Sneasler|85/100\n|cant|p2b: Sneasler|flinch\n|\n|upkeep\n|turn|3\n|inactive|Danievania has 30 seconds left.\n|\n|t:|1776568260\n|move|p1b: Aerodactyl|Rock Slide|p2b: Sneasler|[spread] p2a,p2b\n|-supereffective|p2a: Delphox|1\n|-resisted|p2b: Sneasler|1\n|-damage|p2a: Delphox|20/100\n|-damage|p2b: Sneasler|63/100\n|move|p1a: Garchomp|Rock Slide|p2b: Sneasler|[spread] p2b\n|-miss|p1a: Garchomp|p2a: Delphox\n|-resisted|p2b: Sneasler|1\n|-damage|p2b: Sneasler|46/100\n|cant|p2a: Delphox|flinch\n|move|p2b: Sneasler|Close Combat|p1b: Aerodactyl\n|-enditem|p1b: Aerodactyl|Focus Sash\n|-damage|p1b: Aerodactyl|1/100\n|-unboost|p2b: Sneasler|def|1\n|-unboost|p2b: Sneasler|spd|1\n|\n|upkeep\n|turn|4\n|\n|t:|1776568279\n|move|p2a: Delphox|Protect|p2a: Delphox\n|-singleturn|p2a: Delphox|Protect\n|move|p1b: Aerodactyl|Rock Slide|p2b: Sneasler|[spread] p2b\n|-activate|p2a: Delphox|move: Protect\n|-resisted|p2b: Sneasler|1\n|-damage|p2b: Sneasler|11/100\n|move|p1a: Garchomp|Rock Slide|p2a: Delphox|[spread] p2b\n|-activate|p2a: Delphox|move: Protect\n|-resisted|p2b: Sneasler|1\n|-damage|p2b: Sneasler|0 fnt\n|faint|p2b: Sneasler\n|\n|upkeep\n|\n|t:|1776568289\n|switch|p2b: Aerodactyl|Aerodactyl, L50, F|100/100\n|turn|5\n|\n|t:|1776568300\n|switch|p2a: Garchomp|Garchomp, L50, M, shiny|100/100\n|move|p2b: Aerodactyl|Protect|p2b: Aerodactyl\n|-singleturn|p2b: Aerodactyl|Protect\n|move|p1b: Aerodactyl|Rock Slide|p2b: Aerodactyl|[spread] p2a\n|-activate|p2b: Aerodactyl|move: Protect\n|-resisted|p2a: Garchomp|1\n|-damage|p2a: Garchomp|88/100\n|move|p1a: Garchomp|Rock Slide|p2a: Garchomp|[spread] p2a\n|-activate|p2b: Aerodactyl|move: Protect\n|-resisted|p2a: Garchomp|1\n|-damage|p2a: Garchomp|79/100\n|\n|-sideend|p1: Twishts|move: Tailwind\n|upkeep\n|turn|6\n|\n|t:|1776568317\n|move|p1b: Aerodactyl|Tailwind|p1b: Aerodactyl\n|-sidestart|p1: Twishts|move: Tailwind\n|move|p1a: Garchomp|Dragon Claw|p2a: Garchomp\n|-supereffective|p2a: Garchomp|1\n|-damage|p2a: Garchomp|0 fnt\n|-damage|p1a: Garchomp|88/100|[from] ability: Rough Skin|[of] p2a: Garchomp\n|faint|p2a: Garchomp\n|move|p2b: Aerodactyl|Tailwind|p2b: Aerodactyl\n|-sidestart|p2: Danievania|move: Tailwind\n|\n|upkeep\n|\n|t:|1776568321\n|switch|p2a: Delphox|Delphox-Mega, L50, M, shiny|20/100\n|turn|7\n|\n|t:|1776568332\n|move|p2a: Delphox|Heat Wave|p1a: Garchomp|[spread] p1b\n|-miss|p2a: Delphox|p1a: Garchomp\n|-resisted|p1b: Aerodactyl|1\n|-damage|p1b: Aerodactyl|0 fnt\n|faint|p1b: Aerodactyl\n|move|p2b: Aerodactyl|Rock Slide|p1a: Garchomp\n|-resisted|p1a: Garchomp|1\n|-damage|p1a: Garchomp|71/100\n|move|p1a: Garchomp|Dragon Claw|p2a: Delphox\n|-damage|p2a: Delphox|0 fnt\n|faint|p2a: Delphox\n|\n|upkeep\n|\n|t:|1776568342\n|switch|p1b: Milotic|Milotic, L50, M|100/100\n|turn|8\n|-message|Danievania forfeited.\n|\n|win|Twishts\n|raw|Twishts's rating: 1443 &rarr; <strong>1465</strong><br />(+22 for winning)\n|raw|Danievania's rating: 1486 &rarr; <strong>1464</strong><br />(-22 for losing)\n|l|\u2606Danievania\n|player|p2|\n|l|\u2606Twishts\n|player|p1|\n",
  "uploadtime": 1776568362,
  "views": 15,
  "formatid": "gen9championsvgc2026regma",
  "rating": 1464,
  "private": 0,
  "password": null
}