{
  "id": "gen9championsvgc2026regma-2585912099",
  "format": "[Gen 9 Champions] VGC 2026 Reg M-A",
  "players": [
    "claudou",
    "siddhy2007"
  ],
  "log": "|j|\u2606claudou\n|j|\u2606siddhy2007\n|t:|1776380794\n|gametype|doubles\n|player|p1|claudou|ghetsis|\n|player|p2|siddhy2007|266|\n|gen|9\n|tier|[Gen 9 Champions] VGC 2026 Reg M-A\n|rule|Species Clause: Limit one of each Pok\u00e9mon\n|rule|Item Clause: Limit 1 of each item\n|clearpoke\n|poke|p1|Pelipper, L50, M|\n|poke|p1|Sinistcha, L50|\n|poke|p1|Starmie, L50|\n|poke|p1|Sneasler, L50, M|\n|poke|p1|Aegislash, L50, M|\n|poke|p1|Dragonite, L50, F|\n|poke|p2|Sinistcha, L50|\n|poke|p2|Floette-Eternal, L50, F|\n|poke|p2|Aerodactyl, L50, F|\n|poke|p2|Kangaskhan, L50, F|\n|poke|p2|Garganacl, L50, M|\n|poke|p2|Sneasler, L50, F|\n|teampreview|4\n|c|\u2606siddhy2007|im such a mporon\n|c|\u2606siddhy2007|i played a random\n|c|\u2606siddhy2007|and thought it was u\n|inactive|Battle timer is ON: inactive players will automatically lose when time's up. (requested by siddhy2007)\n|c|\u2606claudou|lol\n|inactive|claudou has 60 seconds left.\n|\n|t:|1776380841\n|teamsize|p1|4\n|teamsize|p2|4\n|start\n|switch|p1a: Pelipper|Pelipper, L50, M, shiny|100/100\n|switch|p1b: saIamence|Dragonite, L50, F, shiny|100/100\n|switch|p2a: Aerodactyl|Aerodactyl, L50, F|100/100\n|switch|p2b: Sneasler|Sneasler, L50, F|100/100\n|-ability|p2a: Aerodactyl|Unnerve\n|-weather|RainDance|[from] ability: Drizzle|[of] p1a: Pelipper\n|turn|1\n|inactive|siddhy2007 has 30 seconds left.\n|\n|t:|1776380867\n|switch|p1b: Aegislash|Aegislash, L50, M, shiny|100/100\n|move|p2a: Aerodactyl|Rock Slide|p1b: Aegislash|[spread] p1a,p1b\n|-supereffective|p1a: Pelipper|1\n|-resisted|p1b: Aegislash|1\n|-damage|p1a: Pelipper|34/100\n|-damage|p1b: Aegislash|88/100\n|move|p2b: Sneasler|Dire Claw|p1b: Aegislash\n|-immune|p1b: Aegislash\n|cant|p1a: Pelipper|flinch\n|\n|-weather|RainDance|[upkeep]\n|upkeep\n|turn|2\n|c|\u2606claudou|BRERO\n|c|\u2606claudou|i cant mn\n|\n|t:|1776380891\n|move|p1a: Pelipper|Wide Guard|p1a: Pelipper\n|-singleturn|p1a: Pelipper|Wide Guard\n|move|p2a: Aerodactyl|Rock Slide|p1a: Pelipper|[spread] \n|-activate|p1a: Pelipper|move: Wide Guard\n|-activate|p1b: Aegislash|move: Wide Guard\n|move|p2b: Sneasler|Dire Claw|p1a: Pelipper\n|-damage|p1a: Pelipper|0 fnt\n|faint|p1a: Pelipper\n|-formechange|p1b: Aegislash|Aegislash-Blade|\n|move|p1b: Aegislash|Iron Head|p2a: Aerodactyl\n|-supereffective|p2a: Aerodactyl|1\n|-damage|p2a: Aerodactyl|0 fnt\n|faint|p2a: Aerodactyl\n|\n|-weather|RainDance|[upkeep]\n|upkeep\n|\n|t:|1776380907\n|switch|p2a: Floette|Floette-Eternal, L50, F|100/100\n|switch|p1a: saIamence|Dragonite, L50, F, shiny|100/100\n|turn|3\n|inactive|claudou has 30 seconds left.\n|\n|t:|1776380935\n|switch|p2b: Sinistcha|Sinistcha, L50|100/100\n|detailschange|p1a: saIamence|Dragonite-Mega, L50, F, shiny\n|-mega|p1a: saIamence|Dragonite|Dragoninite\n|detailschange|p2a: Floette|Floette-Mega, L50, F\n|-mega|p2a: Floette|Floette|Floettite\n|-ability|p2a: Floette|Fairy Aura\n|move|p2a: Floette|Protect|p2a: Floette\n|-singleturn|p2a: Floette|Protect\n|move|p1b: Aegislash|Shadow Sneak|p2b: Sinistcha\n|-supereffective|p2b: Sinistcha|1\n|-damage|p2b: Sinistcha|60/100\n|move|p1a: saIamence|Hurricane|p2a: Floette\n|-activate|p2a: Floette|move: Protect\n|\n|-weather|RainDance|[upkeep]\n|-heal|p2b: Sinistcha|66/100|[from] item: Leftovers\n|upkeep\n|turn|4\n|inactive|claudou has 30 seconds left.\n|inactive|claudou has 20 seconds left.\n|\n|t:|1776380974\n|move|p1a: saIamence|Hurricane|p2a: Floette\n|-damage|p2a: Floette|43/100\n|move|p2a: Floette|Dazzling Gleam|p1b: Aegislash|[spread] p1a,p1b\n|-supereffective|p1a: saIamence|1\n|-resisted|p1b: Aegislash|1\n|-damage|p1a: saIamence|61/100\n|-damage|p1b: Aegislash|35/100\n|move|p1b: Aegislash|Poltergeist|p2b: Sinistcha\n|-activate|p2b: Sinistcha|move: Poltergeist|Leftovers\n|-supereffective|p2b: Sinistcha|1\n|-damage|p2b: Sinistcha|0 fnt\n|faint|p2b: Sinistcha\n|\n|-weather|RainDance|[upkeep]\n|upkeep\n|\n|t:|1776380985\n|switch|p2b: Sneasler|Sneasler, L50, F|100/100\n|turn|5\n|\n|t:|1776380992\n|move|p1a: saIamence|Protect|p1a: saIamence\n|-singleturn|p1a: saIamence|Protect\n|-formechange|p1b: Aegislash|Aegislash|\n|move|p1b: Aegislash|King's Shield|p1b: Aegislash\n|-singleturn|p1b: Aegislash|Protect\n|move|p2b: Sneasler|Fake Out|p1a: saIamence\n|-activate|p1a: saIamence|move: Protect\n|move|p2a: Floette|Dazzling Gleam|p1b: Aegislash|[spread] \n|-activate|p1a: saIamence|move: Protect\n|-activate|p1b: Aegislash|move: Protect\n|\n|-weather|none\n|upkeep\n|turn|6\n|inactive|claudou has 30 seconds left.\n|\n|t:|1776381025\n|-formechange|p1b: Aegislash|Aegislash-Blade|\n|move|p1b: Aegislash|Shadow Sneak|p2b: Sneasler\n|-damage|p2b: Sneasler|57/100\n|move|p2b: Sneasler|Dire Claw|p1a: saIamence\n|-damage|p1a: saIamence|19/100\n|move|p1a: saIamence|Hurricane|p2a: Floette|[miss]\n|-miss|p1a: saIamence|p2a: Floette\n|move|p2a: Floette|Dazzling Gleam|p1b: Aegislash|[spread] p1a,p1b\n|-supereffective|p1a: saIamence|1\n|-resisted|p1b: Aegislash|1\n|-damage|p1a: saIamence|0 fnt\n|-damage|p1b: Aegislash|0 fnt\n|faint|p1a: saIamence\n|faint|p1b: Aegislash\n|\n|upkeep\n|\n|t:|1776381039\n|switch|p1b: Sneasler|Sneasler, L50, M, shiny|100/100\n|turn|7\n|\n|t:|1776381054\n|move|p2a: Floette|Protect|p2a: Floette\n|-singleturn|p2a: Floette|Protect\n|move|p1b: Sneasler|Fake Out|p2b: Sneasler\n|-damage|p2b: Sneasler|35/100\n|cant|p2b: Sneasler|flinch\n|\n|upkeep\n|turn|8\n|\n|t:|1776381068\n|move|p1b: Sneasler|Dire Claw|p2a: Floette\n|-supereffective|p2a: Floette|1\n|-damage|p2a: Floette|0 fnt\n|faint|p2a: Floette\n|move|p2b: Sneasler|Close Combat|p1b: Sneasler\n|-resisted|p1b: Sneasler|1\n|-damage|p1b: Sneasler|45/100\n|-unboost|p2b: Sneasler|def|1\n|-unboost|p2b: Sneasler|spd|1\n|\n|upkeep\n|turn|9\n|\n|t:|1776381079\n|move|p1b: Sneasler|Close Combat|p2b: Sneasler\n|-resisted|p2b: Sneasler|1\n|-damage|p2b: Sneasler|0 fnt\n|-unboost|p1b: Sneasler|def|1\n|-unboost|p1b: Sneasler|spd|1\n|faint|p2b: Sneasler\n|\n|win|claudou\n",
  "uploadtime": 1776381089,
  "views": 15,
  "formatid": "gen9championsvgc2026regma",
  "rating": null,
  "private": 0,
  "password": null
}