{
  "id": "gen9championsvgc2026regma-2587157776",
  "format": "[Gen 9 Champions] VGC 2026 Reg M-A",
  "players": [
    "Snippyro",
    "nomnomnoma"
  ],
  "log": "|j|\u2606Snippyro\n|j|\u2606nomnomnoma\n|t:|1776501897\n|gametype|doubles\n|player|p1|Snippyro|red-gen7|\n|player|p2|nomnomnoma|1|\n|gen|9\n|tier|[Gen 9 Champions] VGC 2026 Reg M-A\n|rule|Species Clause: Limit one of each Pok\u00e9mon\n|rule|Item Clause: Limit 1 of each item\n|clearpoke\n|poke|p1|Milotic, L50, F, shiny|\n|poke|p1|Kingambit, L50, F, shiny|\n|poke|p1|Charizard, L50, F, shiny|\n|poke|p1|Gengar, L50, F, shiny|\n|poke|p1|Garchomp, L50, F|\n|poke|p1|Venusaur, L50, F, shiny|\n|poke|p2|Aegislash, L50, M|\n|poke|p2|Arcanine-Hisui, L50, M|\n|poke|p2|Froslass, L50, F|\n|poke|p2|Whimsicott, L50, M|\n|poke|p2|Kommo-o, L50, F|\n|poke|p2|Rotom-Wash, L50|\n|teampreview|4\nSnippyro has agreed to open team sheets.\nnomnomnoma has agreed to open team sheets.\n|showteam|p1|Milotic||Leftovers|Competitive|Scald,IcyWind,LifeDew,Protect|||F|||50|]Kingambit||BlackGlasses|Defiant|Assurance,SuckerPunch,IronHead,Protect|||F|||50|]Charizard||CharizarditeY|Blaze|SolarBeam,HeatWave,ScorchingSands,Protect|||F|||50|]Gengar||Gengarite|CursedBody|SludgeBomb,ShadowBall,Psychic,Protect|||F|||50|]Garchomp||FocusSash|RoughSkin|Earthquake,RockSlide,DragonClaw,Protect|||F|||50|]Venusaur||BrightPowder|Chlorophyll|SludgeBomb,EnergyBall,SleepPowder,Protect|||F|||50|\n|showteam|p2|Aegislash||MetalCoat|StanceChange|Poltergeist,ShadowBall,IronHead,KingsShield|||M|||50|]Arcanine-Hisui||HardStone|Intimidate|RockSlide,FlareBlitz,WillOWisp,Protect|||M|||50|]Froslass||Froslassite|SnowCloak|Blizzard,ShadowBall,AuroraVeil,Protect|||F|||50|]Whimsicott||FocusSash|Prankster|Moonblast,Encore,Tailwind,Protect|||M|||50|]Kommo-o||Leftovers|Soundproof|ClangingScales,AuraSphere,ClangorousSoul,Protect|||F|||50|]Rotom-Wash||SitrusBerry|Levitate|NastyPlot,Thunderbolt,HydroPump,Protect||||||50|\n|\n|t:|1776502002\n|teamsize|p1|4\n|teamsize|p2|4\n|start\n|switch|p1a: Gringar|Gengar, L50, F, shiny|100/100\n|switch|p1b: Shogun|Kingambit, L50, F, shiny|100/100\n|switch|p2a: Froslass|Froslass, L50, F|100/100\n|switch|p2b: Rotom|Rotom-Wash, L50|100/100\n|turn|1\n|\n|t:|1776502081\n|switch|p2a: Kommo-o|Kommo-o, L50, F|100/100\n|move|p1b: Shogun|Sucker Punch||[still]\n|-fail|p1b: Shogun\n|move|p1a: Gringar|Shadow Ball|p2a: Kommo-o\n|-damage|p2a: Kommo-o|57/100\n|move|p2b: Rotom|Nasty Plot|p2b: Rotom\n|-boost|p2b: Rotom|spa|2\n|\n|-heal|p2a: Kommo-o|63/100|[from] item: Leftovers\n|upkeep\n|turn|2\n|\n|t:|1776502144\n|move|p1b: Shogun|Sucker Punch|p2b: Rotom\n|-damage|p2b: Rotom|52/100\n|move|p1a: Gringar|Psychic|p2a: Kommo-o\n|-supereffective|p2a: Kommo-o|1\n|-damage|p2a: Kommo-o|2/100\n|move|p2b: Rotom|Thunderbolt|p1a: Gringar\n|-damage|p1a: Gringar|0 fnt\n|faint|p1a: Gringar\n|move|p2a: Kommo-o|Aura Sphere|p1b: Shogun\n|-supereffective|p1b: Shogun|2\n|-damage|p1b: Shogun|0 fnt\n|faint|p1b: Shogun\n|\n|-heal|p2a: Kommo-o|8/100|[from] item: Leftovers\n|upkeep\n|\n|t:|1776502169\n|switch|p1a: Charizard|Charizard, L50, F, shiny|100/100\n|switch|p1b: Chomper|Garchomp, L50, F|100/100\n|turn|3\n|\n|t:|1776502221\n|detailschange|p1a: Charizard|Charizard-Mega-Y, L50, F, shiny\n|-mega|p1a: Charizard|Charizard|Charizardite Y\n|-weather|SunnyDay|[from] ability: Drought|[of] p1a: Charizard\n|move|p2a: Kommo-o|Protect|p2a: Kommo-o\n|-singleturn|p2a: Kommo-o|Protect\n|move|p1b: Chomper|Dragon Claw|p2a: Kommo-o\n|-activate|p2a: Kommo-o|move: Protect\n|move|p1a: Charizard|Solar Beam||[still]\n|-prepare|p1a: Charizard|Solar Beam\n|-anim|p1a: Charizard|Solar Beam|p2b: Rotom\n|-supereffective|p2b: Rotom|1\n|-damage|p2b: Rotom|0 fnt\n|faint|p2b: Rotom\n|\n|-weather|SunnyDay|[upkeep]\n|-heal|p2a: Kommo-o|14/100|[from] item: Leftovers\n|upkeep\n|\n|t:|1776502250\n|switch|p2b: Froslass|Froslass, L50, F|100/100\n|turn|4\n|\n|t:|1776502272\n|detailschange|p2b: Froslass|Froslass-Mega, L50, F\n|-mega|p2b: Froslass|Froslass|Froslassite\n|-weather|Snowscape|[from] ability: Snow Warning|[of] p2b: Froslass\n|move|p2b: Froslass|Protect|p2b: Froslass\n|-singleturn|p2b: Froslass|Protect\n|move|p1b: Chomper|Protect|p1b: Chomper\n|-singleturn|p1b: Chomper|Protect\n|move|p1a: Charizard|Heat Wave|p2b: Froslass|[spread] p2a\n|-activate|p2b: Froslass|move: Protect\n|-resisted|p2a: Kommo-o|1\n|-damage|p2a: Kommo-o|0 fnt\n|faint|p2a: Kommo-o\n|\n|-weather|Snowscape|[upkeep]\n|upkeep\n|\n|t:|1776502285\n|switch|p2a: Aegislash|Aegislash, L50, M|100/100\n|turn|5\n|\n|t:|1776502359\n|move|p1b: Chomper|Protect||[still]\n|-fail|p1b: Chomper\n|move|p2b: Froslass|Blizzard|p1b: Chomper|[spread] p1a,p1b\n|-supereffective|p1b: Chomper|2\n|-damage|p1a: Charizard|53/100\n|-enditem|p1b: Chomper|Focus Sash\n|-damage|p1b: Chomper|1/100\n|-status|p1a: Charizard|frz\n|cant|p1a: Charizard|frz\n|-formechange|p2a: Aegislash|Aegislash-Blade|\n|move|p2a: Aegislash|Poltergeist||[still]\n|-fail|p2a: Aegislash\n|\n|-weather|Snowscape|[upkeep]\n|upkeep\n|turn|6\n|\n|t:|1776502402\n|move|p1b: Chomper|Protect|p1b: Chomper\n|-singleturn|p1b: Chomper|Protect\n|move|p2b: Froslass|Shadow Ball|p1a: Charizard\n|-damage|p1a: Charizard|4/100 frz\n|-unboost|p1a: Charizard|spd|1\n|-curestatus|p1a: Charizard|frz|[msg]\n|move|p1a: Charizard|Heat Wave|p2a: Aegislash|[spread] p2a,p2b\n|-supereffective|p2a: Aegislash|1\n|-supereffective|p2b: Froslass|1\n|-damage|p2a: Aegislash|0 fnt\n|-damage|p2b: Froslass|5/100\n|faint|p2a: Aegislash\n|\n|-weather|Snowscape|[upkeep]\n|upkeep\n|turn|7\n|\n|t:|1776502422\n|move|p2b: Froslass|Blizzard|p1b: Chomper|[spread] p1a,p1b\n|-supereffective|p1b: Chomper|2\n|-damage|p1a: Charizard|0 fnt\n|-damage|p1b: Chomper|0 fnt\n|faint|p1a: Charizard\n|faint|p1b: Chomper\n|\n|win|nomnomnoma\n",
  "uploadtime": 1776502433,
  "views": 12,
  "formatid": "gen9championsvgc2026regma",
  "rating": null,
  "private": 0,
  "password": null
}