{
  "id": "gen9championsvgc2026regma-2583587371",
  "format": "[Gen 9 Champions] VGC 2026 Reg M-A",
  "players": [
    "MotherFeng",
    "miguelon611"
  ],
  "log": "|j|\u2606MotherFeng\n|j|\u2606miguelon611\n|t:|1776185005\n|gametype|doubles\n|player|p1|MotherFeng|elesa|1143\n|player|p2|miguelon611|1|1196\n|gen|9\n|tier|[Gen 9 Champions] VGC 2026 Reg M-A\n|rated|\n|rule|Species Clause: Limit one of each Pok\u00e9mon\n|rule|Item Clause: Limit 1 of each item\n|clearpoke\n|poke|p1|Crabominable, L50, F|\n|poke|p1|Farigiraf, L50, M|\n|poke|p1|Samurott-Hisui, L50, M|\n|poke|p1|Camerupt, L50, F|\n|poke|p1|Excadrill, L50, M|\n|poke|p1|Gardevoir, L50, M|\n|poke|p2|Garchomp, L50, F|\n|poke|p2|Aerodactyl, L50, M|\n|poke|p2|Floette-Eternal, L50, F|\n|poke|p2|Milotic, L50, M|\n|poke|p2|Incineroar, L50, M|\n|poke|p2|Scizor, L50, M|\n|teampreview|4\n|inactive|Battle timer is ON: inactive players will automatically lose when time's up. (requested by MotherFeng)\n|inactive|MotherFeng has 60 seconds left.\n|inactive|miguelon611 has 60 seconds left.\n|\n|t:|1776185053\n|teamsize|p1|4\n|teamsize|p2|4\n|start\n|switch|p1a: Farigiraf|Farigiraf, L50, M|100/100\n|switch|p1b: Excadrill|Excadrill, L50, M|100/100\n|switch|p2a: Scizor|Scizor, L50, M|100/100\n|switch|p2b: Incineroar|Incineroar, L50, M|100/100\n|-ability|p1b: Excadrill|Mold Breaker\n|-ability|p2b: Incineroar|Intimidate|boost\n|-unboost|p1a: Farigiraf|atk|1\n|-unboost|p1b: Excadrill|atk|1\n|turn|1\n|\n|t:|1776185065\n|move|p1a: Farigiraf|Protect|p1a: Farigiraf\n|-singleturn|p1a: Farigiraf|Protect\n|move|p1b: Excadrill|Earthquake|p2b: Incineroar|[spread] p2a,p2b\n|-activate|p1a: Farigiraf|move: Protect\n|-supereffective|p2b: Incineroar|1\n|-damage|p2a: Scizor|71/100\n|-damage|p2b: Incineroar|52/100\n|move|p2a: Scizor|Bug Bite|p1a: Farigiraf\n|-activate|p1a: Farigiraf|move: Protect\n|move|p2b: Incineroar|Darkest Lariat|p1a: Farigiraf\n|-activate|p1a: Farigiraf|move: Protect\n|\n|upkeep\n|turn|2\n|\n|t:|1776185081\n|switch|p1a: Gardevoir|Gardevoir, L50, M|100/100\n|move|p1b: Excadrill|Earthquake|p2a: Scizor|[spread] p1a,p2a,p2b\n|-supereffective|p2b: Incineroar|1\n|-damage|p1a: Gardevoir|59/100\n|-damage|p2a: Scizor|41/100\n|-damage|p2b: Incineroar|3/100\n|-enditem|p2b: Incineroar|Sitrus Berry|[eat]\n|-heal|p2b: Incineroar|28/100|[from] item: Sitrus Berry\n|move|p2a: Scizor|Bug Bite|p1a: Gardevoir\n|-damage|p1a: Gardevoir|0 fnt\n|faint|p1a: Gardevoir\n|move|p2b: Incineroar|Darkest Lariat|p1b: Excadrill\n|-damage|p1b: Excadrill|60/100\n|\n|upkeep\n|\n|t:|1776185093\n|switch|p1a: Farigiraf|Farigiraf, L50, M|100/100\n|turn|3\n|\n|t:|1776185101\n|switch|p2b: Aerodactyl|Aerodactyl, L50, M|100/100\n|-ability|p2b: Aerodactyl|Unnerve\n|move|p2a: Scizor|Protect|p2a: Scizor\n|-singleturn|p2a: Scizor|Protect\n|move|p1a: Farigiraf|Protect|p1a: Farigiraf\n|-singleturn|p1a: Farigiraf|Protect\n|move|p1b: Excadrill|Earthquake|p2a: Scizor|[spread] \n|-activate|p1a: Farigiraf|move: Protect\n|-activate|p2a: Scizor|move: Protect\n|-immune|p2b: Aerodactyl\n|\n|upkeep\n|turn|4\n|\n|t:|1776185118\n|switch|p1b: Crabominable|Crabominable, L50, F|100/100\n|move|p2b: Aerodactyl|Rock Slide|p1a: Farigiraf|[spread] p1a,p1b\n|-damage|p1a: Farigiraf|75/100\n|-damage|p1b: Crabominable|75/100\n|move|p2a: Scizor|Bug Bite|p1a: Farigiraf\n|-supereffective|p1a: Farigiraf|1\n|-damage|p1a: Farigiraf|0 fnt\n|-enditem|p1a: Farigiraf|Sitrus Berry|[from] stealeat|[move] Bug Bite|[of] p2a: Scizor\n|-heal|p2a: Scizor|65/100|[from] item: Sitrus Berry\n|faint|p1a: Farigiraf\n|\n|upkeep\n|\n|t:|1776185129\n|switch|p1a: Excadrill|Excadrill, L50, M|60/100\n|-ability|p1a: Excadrill|Mold Breaker\n|turn|5\n|\n|t:|1776185137\n|switch|p2b: Incineroar|Incineroar, L50, M|28/100\n|-ability|p2b: Incineroar|Intimidate|boost\n|-unboost|p1a: Excadrill|atk|1\n|-fail|p1b: Crabominable|unboost|Attack|[from] ability: Hyper Cutter|[of] p1b: Crabominable\n|detailschange|p1b: Crabominable|Crabominable-Mega, L50, F\n|-mega|p1b: Crabominable|Crabominable|Crabominite\n|move|p2a: Scizor|Protect|p2a: Scizor\n|-singleturn|p2a: Scizor|Protect\n|move|p1a: Excadrill|Rock Slide|p2b: Incineroar|[spread] p2b\n|-activate|p2a: Scizor|move: Protect\n|-supereffective|p2b: Incineroar|1\n|-damage|p2b: Incineroar|1/100\n|move|p1b: Crabominable|Drain Punch|p2a: Scizor\n|-activate|p2a: Scizor|move: Protect\n|\n|upkeep\n|turn|6\n|inactive|miguelon611 has 30 seconds left.\n|\n|t:|1776185164\n|move|p2b: Incineroar|Fake Out|p1a: Excadrill\n|-resisted|p1a: Excadrill|1\n|-damage|p1a: Excadrill|53/100\n|move|p2a: Scizor|Bullet Punch|p1b: Crabominable\n|-supereffective|p1b: Crabominable|1\n|-damage|p1b: Crabominable|16/100\n|cant|p1a: Excadrill|flinch\n|move|p1b: Crabominable|Drain Punch|p2a: Scizor\n|-damage|p2a: Scizor|5/100\n|-heal|p1b: Crabominable|41/100|[from] drain|[of] p2a: Scizor\n|\n|upkeep\n|turn|7\n|\n|t:|1776185181\n|switch|p2b: Aerodactyl|Aerodactyl, L50, M|100/100\n|-ability|p2b: Aerodactyl|Unnerve\n|move|p2a: Scizor|Protect|p2a: Scizor\n|-singleturn|p2a: Scizor|Protect\n|move|p1b: Crabominable|Protect|p1b: Crabominable\n|-singleturn|p1b: Crabominable|Protect\n|move|p1a: Excadrill|Rock Slide|p2a: Scizor|[spread] p2b\n|-activate|p2a: Scizor|move: Protect\n|-supereffective|p2b: Aerodactyl|1\n|-damage|p2b: Aerodactyl|55/100\n|\n|upkeep\n|turn|8\n|\n|t:|1776185198\n|move|p2b: Aerodactyl|Protect|p2b: Aerodactyl\n|-singleturn|p2b: Aerodactyl|Protect\n|move|p2a: Scizor|Bullet Punch|p1b: Crabominable\n|-supereffective|p1b: Crabominable|1\n|-damage|p1b: Crabominable|0 fnt\n|faint|p1b: Crabominable\n|move|p1a: Excadrill|Rock Slide|p2b: Aerodactyl|[spread] p2a\n|-activate|p2b: Aerodactyl|move: Protect\n|-damage|p2a: Scizor|0 fnt\n|faint|p2a: Scizor\n|\n|upkeep\n|\n|t:|1776185206\n|switch|p2a: Incineroar|Incineroar, L50, M|1/100\n|-ability|p2a: Incineroar|Intimidate|boost\n|-unboost|p1a: Excadrill|atk|1\n|turn|9\n|\n|t:|1776185212\n|move|p2a: Incineroar|Fake Out|p1a: Excadrill\n|-resisted|p1a: Excadrill|1\n|-damage|p1a: Excadrill|47/100\n|move|p2b: Aerodactyl|Tailwind|p2b: Aerodactyl\n|-sidestart|p2: miguelon611|move: Tailwind\n|cant|p1a: Excadrill|flinch\n|\n|upkeep\n|turn|10\n|\n|t:|1776185221\n|move|p2b: Aerodactyl|Rock Slide|p1a: Excadrill\n|-resisted|p1a: Excadrill|2\n|-damage|p1a: Excadrill|36/100\n|move|p1a: Excadrill|Rock Slide|p2a: Incineroar|[spread] p2a,p2b\n|-supereffective|p2a: Incineroar|1\n|-supereffective|p2b: Aerodactyl|1\n|-damage|p2a: Incineroar|0 fnt\n|-damage|p2b: Aerodactyl|22/100\n|faint|p2a: Incineroar\n|\n|upkeep\n|\n|t:|1776185228\n|switch|p2a: Milotic|Milotic, L50, M|100/100\n|turn|11\n|\n|t:|1776185232\n|move|p2b: Aerodactyl|Rock Slide|p1a: Excadrill\n|-resisted|p1a: Excadrill|2\n|-damage|p1a: Excadrill|25/100\n|move|p2a: Milotic|Scald|p1a: Excadrill\n|-supereffective|p1a: Excadrill|1\n|-damage|p1a: Excadrill|0 fnt\n|faint|p1a: Excadrill\n|\n|win|miguelon611\n|raw|MotherFeng's rating: 1143 &rarr; <strong>1122</strong><br />(-21 for losing)\n|raw|miguelon611's rating: 1196 &rarr; <strong>1217</strong><br />(+21 for winning)\n|l|\u2606MotherFeng\n|player|p1|\n",
  "uploadtime": 1776185247,
  "views": 14,
  "formatid": "gen9championsvgc2026regma",
  "rating": 1122,
  "private": 0,
  "password": null
}