{
  "id": "gen9championsvgc2026regma-2581704481",
  "format": "[Gen 9 Champions] VGC 2026 Reg M-A",
  "players": [
    "Gremmble",
    "Ozempic Glorp"
  ],
  "log": "|j|\u2606Gremmble\n|j|\u2606Ozempic Glorp\n|t:|1776022052\n|gametype|doubles\n|player|p1|Gremmble|n|1193\n|player|p2|Ozempic Glorp|hilda-wonderlauncher|1202\n|gen|9\n|tier|[Gen 9 Champions] VGC 2026 Reg M-A\n|rated|\n|rule|Species Clause: Limit one of each Pok\u00e9mon\n|rule|Item Clause: Limit 1 of each item\n|clearpoke\n|poke|p1|Farigiraf, L50, M|\n|poke|p1|Golurk, L50|\n|poke|p1|Sneasler, L50, M|\n|poke|p1|Torkoal, L50, F|\n|poke|p1|Heliolisk, L50, F|\n|poke|p1|Incineroar, L50, F|\n|poke|p2|Venusaur, L50, F|\n|poke|p2|Incineroar, L50, M|\n|poke|p2|Garchomp, L50, M|\n|poke|p2|Charizard, L50, M|\n|poke|p2|Sneasler, L50, F|\n|poke|p2|Rotom-Wash, L50|\n|teampreview|4\n|inactive|Battle timer is ON: inactive players will automatically lose when time's up. (requested by Ozempic Glorp)\n|inactive|Gremmble has 60 seconds left.\n|\n|t:|1776022098\n|teamsize|p1|4\n|teamsize|p2|4\n|start\n|switch|p1a: Golurk|Golurk, L50, shiny|100/100\n|switch|p1b: Farigiraf|Farigiraf, L50, M|100/100\n|switch|p2a: Toad|Venusaur, L50, F, shiny|100/100\n|switch|p2b: Sneezler|Sneasler, L50, F|100/100\n|turn|1\n|inactive|Gremmble has 30 seconds left.\n|inactive|Ozempic Glorp has 30 seconds left.\n|\n|t:|1776022126\n|detailschange|p1a: Golurk|Golurk-Mega, L50, shiny\n|-mega|p1a: Golurk|Golurk|Golurkite\n|move|p1a: Golurk|Protect|p1a: Golurk\n|-singleturn|p1a: Golurk|Protect\n|move|p2b: Sneezler|Close Combat|p1b: Farigiraf\n|-damage|p1b: Farigiraf|42/100\n|-unboost|p2b: Sneezler|def|1\n|-unboost|p2b: Sneezler|spd|1\n|-enditem|p1b: Farigiraf|Sitrus Berry|[eat]\n|-heal|p1b: Farigiraf|67/100|[from] item: Sitrus Berry\n|-enditem|p2b: Sneezler|White Herb\n|-clearnegativeboost|p2b: Sneezler|[silent]\n|move|p2a: Toad|Sleep Powder|p1b: Farigiraf\n|-status|p1b: Farigiraf|slp|[from] move: Sleep Powder\n|cant|p1b: Farigiraf|slp\n|\n|upkeep\n|turn|2\n|inactive|Ozempic Glorp has 30 seconds left.\n|\n|t:|1776022157\n|move|p2b: Sneezler|Close Combat|p1b: Farigiraf\n|-damage|p1b: Farigiraf|7/100 slp\n|-unboost|p2b: Sneezler|def|1\n|-unboost|p2b: Sneezler|spd|1\n|move|p2a: Toad|Leaf Storm|p1a: Golurk\n|-supereffective|p1a: Golurk|1\n|-damage|p1a: Golurk|0 fnt\n|-unboost|p2a: Toad|spa|2\n|faint|p1a: Golurk\n|cant|p1b: Farigiraf|slp\n|\n|upkeep\n|inactive|Gremmble has 30 seconds left.\n|\n|t:|1776022182\n|switch|p1a: Sneasler|Sneasler, L50, M|100/100\n|turn|3\n|\n|t:|1776022201\n|move|p1a: Sneasler|Fake Out|p2b: Sneezler\n|-damage|p2b: Sneezler|63/100\n|cant|p2b: Sneezler|flinch\n|move|p2a: Toad|Sleep Powder|p1a: Sneasler\n|-status|p1a: Sneasler|slp|[from] move: Sleep Powder\n|-curestatus|p1b: Farigiraf|slp|[msg]\n|move|p1b: Farigiraf|Twin Beam|p2a: Toad\n|-supereffective|p2a: Toad|1\n|-damage|p2a: Toad|66/100\n|-supereffective|p2a: Toad|1\n|-damage|p2a: Toad|34/100\n|-hitcount|p2a: Toad|2\n|\n|upkeep\n|turn|4\n|\n|t:|1776022224\n|move|p2b: Sneezler|Rock Slide|p1b: Farigiraf|[spread] p1a,p1b\n|-resisted|p1a: Sneasler|1\n|-damage|p1a: Sneasler|84/100 slp\n|-damage|p1b: Farigiraf|0 fnt\n|faint|p1b: Farigiraf\n|cant|p1a: Sneasler|slp\n|move|p2a: Toad|Sludge Bomb|p1a: Sneasler\n|-resisted|p1a: Sneasler|1\n|-damage|p1a: Sneasler|69/100 slp\n|\n|upkeep\n|\n|t:|1776022233\n|switch|p1b: Heliolisk|Heliolisk, L50, F, shiny|100/100\n|turn|5\n|\n|t:|1776022248\n|move|p2b: Sneezler|Close Combat|p1b: Heliolisk\n|-supereffective|p1b: Heliolisk|1\n|-enditem|p1b: Heliolisk|Focus Sash\n|-damage|p1b: Heliolisk|1/100\n|-unboost|p2b: Sneezler|def|1\n|-unboost|p2b: Sneezler|spd|1\n|cant|p1a: Sneasler|slp\n|move|p1b: Heliolisk|Hyper Voice|p2a: Toad|[spread] p2a,p2b\n|-damage|p2a: Toad|0 fnt\n|-damage|p2b: Sneezler|0 fnt\n|faint|p2a: Toad\n|faint|p2b: Sneezler\n|\n|upkeep\n|\n|t:|1776022259\n|switch|p2b: Washed|Rotom-Wash, L50|100/100\n|switch|p2a: John Pokemon|Charizard, L50, M|100/100\n|turn|6\n|\n|t:|1776022272\n|detailschange|p2a: John Pokemon|Charizard-Mega-Y, L50, M\n|-mega|p2a: John Pokemon|Charizard|Charizardite Y\n|-weather|SunnyDay|[from] ability: Drought|[of] p2a: John Pokemon\n|-curestatus|p1a: Sneasler|slp|[msg]\n|move|p1a: Sneasler|Dire Claw|p2a: John Pokemon\n|-damage|p2a: John Pokemon|45/100\n|move|p1b: Heliolisk|Hyper Voice|p2b: Washed|[spread] p2a,p2b\n|-damage|p2a: John Pokemon|0 fnt\n|-damage|p2b: Washed|51/100\n|faint|p2a: John Pokemon\n|move|p2b: Washed|Thunderbolt|p1a: Sneasler\n|-damage|p1a: Sneasler|17/100\n|\n|-weather|SunnyDay|[upkeep]\n|-damage|p1b: Heliolisk|0 fnt|[from] ability: Solar Power|[of] p1b: Heliolisk\n|faint|p1b: Heliolisk\n|-heal|p2b: Washed|57/100|[from] item: Leftovers\n|upkeep\n|turn|7\n|\n|t:|1776022291\n|move|p1a: Sneasler|Dire Claw|p2b: Washed\n|-damage|p2b: Washed|18/100\n|move|p2b: Washed|Thunderbolt|p1a: Sneasler\n|-damage|p1a: Sneasler|0 fnt\n|faint|p1a: Sneasler\n|\n|win|Ozempic Glorp\n|raw|Gremmble's rating: 1193 &rarr; <strong>1169</strong><br />(-24 for losing)\n|raw|Ozempic Glorp's rating: 1202 &rarr; <strong>1226</strong><br />(+24 for winning)\n|l|\u2606Gremmble\n|player|p1|\n",
  "uploadtime": 1776022303,
  "views": 15,
  "formatid": "gen9championsvgc2026regma",
  "rating": 1169,
  "private": 0,
  "password": null
}