{
  "id": "gen9championsvgc2026regma-2583162937",
  "format": "[Gen 9 Champions] VGC 2026 Reg M-A",
  "players": [
    "ToastyCheese789",
    "Star7700"
  ],
  "log": "|j|\u2606ToastyCheese789\n|j|\u2606Star7700\n|t:|1776149673\n|gametype|doubles\n|player|p1|ToastyCheese789|102|1126\n|player|p2|Star7700|102|1108\n|gen|9\n|tier|[Gen 9 Champions] VGC 2026 Reg M-A\n|rated|\n|rule|Species Clause: Limit one of each Pok\u00e9mon\n|rule|Item Clause: Limit 1 of each item\n|clearpoke\n|poke|p1|Starmie, L50|\n|poke|p1|Tyranitar, L50, M|\n|poke|p1|Garchomp, L50, M|\n|poke|p1|Rotom-Heat, L50|\n|poke|p1|Whimsicott, L50, M|\n|poke|p1|Incineroar, L50, M|\n|poke|p2|Aerodactyl, L50, F|\n|poke|p2|Tyranitar, L50, M|\n|poke|p2|Excadrill, L50, F|\n|poke|p2|Rotom-Wash, L50|\n|poke|p2|Sinistcha, L50|\n|poke|p2|Kingambit, L50, F|\n|teampreview|4\nToastyCheese789 rejected open team sheets.\n|\n|t:|1776149711\n|teamsize|p1|4\n|teamsize|p2|4\n|start\n|switch|p1a: Whimsicott|Whimsicott, L50, M, shiny|100/100\n|switch|p1b: Garchomp|Garchomp, L50, M, shiny|100/100\n|switch|p2a: Sinistcha|Sinistcha, L50|100/100\n|switch|p2b: Kingambit|Kingambit, L50, F|100/100\n|turn|1\n|\n|t:|1776149741\n|switch|p2a: Aerodactyl|Aerodactyl, L50, F|100/100\n|move|p1a: Whimsicott|Tailwind|p1a: Whimsicott\n|-sidestart|p1: ToastyCheese789|move: Tailwind\n|move|p1b: Garchomp|Earthquake|p2a: Aerodactyl|[spread] p1a,p2b\n|-immune|p2a: Aerodactyl\n|-resisted|p1a: Whimsicott|1\n|-supereffective|p2b: Kingambit|1\n|-damage|p1a: Whimsicott|74/100\n|-damage|p2b: Kingambit|34/100\n|move|p2b: Kingambit|Iron Head|p1a: Whimsicott\n|-supereffective|p1a: Whimsicott|1\n|-damage|p1a: Whimsicott|0 fnt\n|faint|p1a: Whimsicott\n|\n|upkeep\n|\n|t:|1776149757\n|switch|p1a: Starmie|Starmie, L50, shiny|100/100\n|turn|2\n|\n|t:|1776149772\n|detailschange|p1a: Starmie|Starmie-Mega, L50, shiny\n|-mega|p1a: Starmie|Starmie|Starminite\n|detailschange|p2a: Aerodactyl|Aerodactyl-Mega, L50, F\n|-mega|p2a: Aerodactyl|Aerodactyl|Aerodactylite\n|move|p2a: Aerodactyl|Protect|p2a: Aerodactyl\n|-singleturn|p2a: Aerodactyl|Protect\n|move|p2b: Kingambit|Sucker Punch||[still]\n|-fail|p2b: Kingambit\n|move|p1a: Starmie|Skill Swap|p1b: Garchomp\n|-activate|p1a: Starmie|Skill Swap|||[of] p1b: Garchomp\n|move|p1b: Garchomp|Iron Head|p2a: Aerodactyl\n|-activate|p2a: Aerodactyl|move: Protect\n|\n|upkeep\n|turn|3\n|\n|t:|1776149798\n|switch|p1a: Tyranitar|Tyranitar, L50, M, shiny|100/100\n|-weather|Sandstorm|[from] ability: Sand Stream|[of] p1a: Tyranitar\n|switch|p2a: Sinistcha|Sinistcha, L50|100/100\n|-heal|p2b: Kingambit|58/100|[from] ability: Hospitality|[of] p2a: Sinistcha\n|move|p2b: Kingambit|Sucker Punch||[still]\n|-fail|p2b: Kingambit\n|move|p1b: Garchomp|Earthquake|p2b: Kingambit|[spread] p1a,p2a,p2b\n|-supereffective|p1a: Tyranitar|1\n|-resisted|p2a: Sinistcha|1\n|-supereffective|p2b: Kingambit|1\n|-damage|p1a: Tyranitar|0 fnt\n|-damage|p2a: Sinistcha|58/100\n|-damage|p2b: Kingambit|0 fnt\n|faint|p1a: Tyranitar\n|faint|p2b: Kingambit\n|\n|-weather|Sandstorm|[upkeep]\n|-damage|p2a: Sinistcha|52/100|[from] Sandstorm\n|upkeep\n|\n|t:|1776149828\n|switch|p1a: Starmie|Starmie-Mega, L50, shiny|100/100\n|switch|p2b: Tyranitar|Tyranitar, L50, M|100/100\n|turn|4\n|\n|t:|1776149857\n|move|p2a: Sinistcha|Rage Powder|p2a: Sinistcha\n|-singleturn|p2a: Sinistcha|move: Rage Powder\n|move|p1a: Starmie|Psychic|p2a: Sinistcha\n|-damage|p2a: Sinistcha|7/100\n|-enditem|p2a: Sinistcha|Sitrus Berry|[eat]\n|-heal|p2a: Sinistcha|31/100|[from] item: Sitrus Berry\n|move|p1b: Garchomp|Iron Head|p2a: Sinistcha\n|-damage|p2a: Sinistcha|0 fnt\n|faint|p2a: Sinistcha\n|move|p2b: Tyranitar|Ice Punch|p1b: Garchomp\n|-supereffective|p1b: Garchomp|2\n|-damage|p1b: Garchomp|0 fnt\n|faint|p1b: Garchomp\n|\n|-weather|Sandstorm|[upkeep]\n|-damage|p1a: Starmie|95/100|[from] Sandstorm\n|-sideend|p1: ToastyCheese789|move: Tailwind\n|upkeep\n|\n|t:|1776149874\n|switch|p2a: Aerodactyl|Aerodactyl-Mega, L50, F|100/100\n|turn|5\n|\n|t:|1776149886\n|move|p2a: Aerodactyl|Protect|p2a: Aerodactyl\n|-singleturn|p2a: Aerodactyl|Protect\n|move|p2b: Tyranitar|Ice Punch|p1a: Starmie\n|-resisted|p1a: Starmie|1\n|-damage|p1a: Starmie|79/100\n|move|p1a: Starmie|Liquidation|p2a: Aerodactyl\n|-activate|p2a: Aerodactyl|move: Protect\n|\n|-weather|Sandstorm|[upkeep]\n|-damage|p1a: Starmie|73/100|[from] Sandstorm\n|upkeep\n|turn|6\n|\n|t:|1776149900\n|move|p2a: Aerodactyl|Dual Wingbeat|p1a: Starmie\n|-damage|p1a: Starmie|38/100\n|-damage|p1a: Starmie|0 fnt\n|faint|p1a: Starmie\n|-hitcount|p1: Starmie|2\n|\n|win|Star7700\n|raw|ToastyCheese789's rating: 1126 &rarr; <strong>1100</strong><br />(-26 for losing)\n|raw|Star7700's rating: 1108 &rarr; <strong>1134</strong><br />(+26 for winning)\n",
  "uploadtime": 1776149907,
  "views": 32,
  "formatid": "gen9championsvgc2026regma",
  "rating": 1100,
  "private": 0,
  "password": null
}