{
  "id": "gen9championsvgc2026regma-2588394992",
  "format": "[Gen 9 Champions] VGC 2026 Reg M-A",
  "players": [
    "SleepySilver07",
    "GinjaninjaRed"
  ],
  "log": "|j|\u2606SleepySilver07\n|j|\u2606GinjaninjaRed\n|t:|1776629898\n|gametype|doubles\n|player|p1|SleepySilver07|2|1423\n|player|p2|GinjaninjaRed|266|1436\n|gen|9\n|tier|[Gen 9 Champions] VGC 2026 Reg M-A\n|rated|\n|rule|Species Clause: Limit one of each Pok\u00e9mon\n|rule|Item Clause: Limit 1 of each item\n|clearpoke\n|poke|p1|Gardevoir, L50, F|\n|poke|p1|Araquanid, L50, M|\n|poke|p1|Incineroar, L50, M|\n|poke|p1|Aegislash, L50, F|\n|poke|p1|Kangaskhan, L50, F|\n|poke|p1|Farigiraf, L50, M|\n|poke|p2|Gardevoir, L50, M|\n|poke|p2|Farigiraf, L50, F|\n|poke|p2|Torkoal, L50, F|\n|poke|p2|Rhyperior, L50, F|\n|poke|p2|Incineroar, L50, F|\n|poke|p2|Kingambit, L50, M|\n|teampreview|4\n|\n|t:|1776629936\n|teamsize|p1|4\n|teamsize|p2|4\n|start\n|switch|p1a: Gardevoir|Gardevoir, L50, F|100/100\n|switch|p1b: Aegislash|Aegislash, L50, F|100/100\n|switch|p2a: Farigiraf|Farigiraf, L50, F|100/100\n|switch|p2b: Kingambit|Kingambit, L50, M|100/100\n|turn|1\n|\n|t:|1776629988\n|detailschange|p1a: Gardevoir|Gardevoir-Mega, L50, F\n|-mega|p1a: Gardevoir|Gardevoir|Gardevoirite\n|move|p1a: Gardevoir|Hyper Voice|p2a: Farigiraf|[spread] p2a,p2b\n|-damage|p2a: Farigiraf|55/100\n|-damage|p2b: Kingambit|43/100\n|-formechange|p1b: Aegislash|Aegislash-Blade|\n|move|p1b: Aegislash|Sacred Sword|p2b: Kingambit\n|-supereffective|p2b: Kingambit|2\n|-damage|p2b: Kingambit|0 fnt\n|faint|p2b: Kingambit\n|move|p2a: Farigiraf|Trick Room|p2a: Farigiraf\n|-fieldstart|move: Trick Room|[of] p2a: Farigiraf\n|\n|upkeep\n|\n|t:|1776630002\n|switch|p2b: Torkoal|Torkoal, L50, F|100/100\n|-weather|SunnyDay|[from] ability: Drought|[of] p2b: Torkoal\n|turn|2\n|\n|t:|1776630012\n|switch|p2a: Rhyperior|Rhyperior, L50, F|100/100\n|-formechange|p1b: Aegislash|Aegislash|\n|move|p1b: Aegislash|King's Shield|p1b: Aegislash\n|-singleturn|p1b: Aegislash|Protect\n|move|p1a: Gardevoir|Protect|p1a: Gardevoir\n|-singleturn|p1a: Gardevoir|Protect\n|move|p2b: Torkoal|Eruption|p1b: Aegislash|[spread] \n|-activate|p1a: Gardevoir|move: Protect\n|-activate|p1b: Aegislash|move: Protect\n|\n|-weather|SunnyDay|[upkeep]\n|upkeep\n|turn|3\n|\n|t:|1776630031\n|switch|p1b: Araquanid|Araquanid, L50, M|100/100\n|switch|p1a: Incineroar|Incineroar, L50, M|100/100\n|-ability|p1a: Incineroar|Intimidate|boost\n|-unboost|p2a: Rhyperior|atk|1\n|-unboost|p2b: Torkoal|atk|1\n|move|p2b: Torkoal|Eruption|p1b: Araquanid|[spread] p1a,p1b\n|-resisted|p1a: Incineroar|1\n|-damage|p1a: Incineroar|65/100\n|-damage|p1b: Araquanid|66/100\n|move|p2a: Rhyperior|Rock Slide|p1a: Incineroar|[spread] p1a,p1b\n|-supereffective|p1a: Incineroar|1\n|-supereffective|p1b: Araquanid|1\n|-damage|p1a: Incineroar|21/100\n|-damage|p1b: Araquanid|16/100\n|\n|-weather|SunnyDay|[upkeep]\n|upkeep\n|turn|4\n|\n|t:|1776630068\n|switch|p2a: Farigiraf|Farigiraf, L50, F|55/100\n|move|p1a: Incineroar|Fake Out||[still]\n|cant|p2a: Farigiraf|ability: Armor Tail|Fake Out|[of] p1a: Incineroar\n|move|p2b: Torkoal|Eruption|p1b: Araquanid|[spread] p1a,p1b\n|-resisted|p1a: Incineroar|1\n|-damage|p1a: Incineroar|0 fnt\n|-damage|p1b: Araquanid|0 fnt\n|faint|p1a: Incineroar\n|faint|p1b: Araquanid\n|\n|-weather|SunnyDay|[upkeep]\n|upkeep\n|\n|t:|1776630070\n|switch|p1b: Aegislash|Aegislash, L50, F|100/100\n|switch|p1a: Gardevoir|Gardevoir-Mega, L50, F|100/100\n|turn|5\n|\n|t:|1776630094\n|switch|p2a: Rhyperior|Rhyperior, L50, F|100/100\n|move|p1b: Aegislash|King's Shield|p1b: Aegislash\n|-singleturn|p1b: Aegislash|Protect\n|move|p1a: Gardevoir|Protect|p1a: Gardevoir\n|-singleturn|p1a: Gardevoir|Protect\n|move|p2b: Torkoal|Eruption|p1b: Aegislash|[spread] \n|-activate|p1a: Gardevoir|move: Protect\n|-activate|p1b: Aegislash|move: Protect\n|\n|-weather|SunnyDay|[upkeep]\n|-fieldend|move: Trick Room\n|upkeep\n|turn|6\n|j| JzuzuanoOzjxjdjj\n|-activate|p2a: Rhyperior|item: Quick Claw\n|\n|t:|1776630126\n|move|p2a: Rhyperior|Heat Crash|p1a: Gardevoir\n|-damage|p1a: Gardevoir|0 fnt\n|faint|p1a: Gardevoir\n|-formechange|p1b: Aegislash|Aegislash-Blade|\n|move|p1b: Aegislash|Poltergeist|p2a: Rhyperior\n|-activate|p2a: Rhyperior|move: Poltergeist|Quick Claw\n|-damage|p2a: Rhyperior|55/100\n|move|p2b: Torkoal|Eruption|p1b: Aegislash\n|-supereffective|p1b: Aegislash|1\n|-damage|p1b: Aegislash|0 fnt\n|faint|p1b: Aegislash\n|\n|win|GinjaninjaRed\n|raw|SleepySilver07's rating: 1423 &rarr; <strong>1404</strong><br />(-19 for losing)\n|raw|GinjaninjaRed's rating: 1436 &rarr; <strong>1455</strong><br />(+19 for winning)\n|l|\u2606SleepySilver07\n|player|p1|\n|l| JzuzuanoOzjxjdjj\n|l|\u2606GinjaninjaRed\n|player|p2|\n",
  "uploadtime": 1776630241,
  "views": 12,
  "formatid": "gen9championsvgc2026regma",
  "rating": 1404,
  "private": 0,
  "password": null
}