{
  "id": "gen9championsvgc2026regma-2583437624",
  "format": "[Gen 9 Champions] VGC 2026 Reg M-A",
  "players": [
    "KeckleonKidVGC",
    "SirLowrey"
  ],
  "log": "|j|\u2606KeckleonKidVGC\n|j|\u2606SirLowrey\n|t:|1776175626\n|gametype|doubles\n|player|p1|KeckleonKidVGC|1|1264\n|player|p2|SirLowrey|colress|1286\n|gen|9\n|tier|[Gen 9 Champions] VGC 2026 Reg M-A\n|rated|\n|rule|Species Clause: Limit one of each Pok\u00e9mon\n|rule|Item Clause: Limit 1 of each item\n|clearpoke\n|poke|p1|Politoed, L50, M|\n|poke|p1|Basculegion, L50, M|\n|poke|p1|Feraligatr, L50, M|\n|poke|p1|Archaludon, L50, M|\n|poke|p1|Gyarados, L50, F|\n|poke|p1|Ditto, L50|\n|poke|p2|Scovillain, L50, M|\n|poke|p2|Kommo-o, L50, F|\n|poke|p2|Primarina, L50, M|\n|poke|p2|Sneasler, L50, M|\n|poke|p2|Farigiraf, L50, F|\n|poke|p2|Aegislash, L50, F|\n|teampreview|4\n|inactive|Battle timer is ON: inactive players will automatically lose when time's up. (requested by KeckleonKidVGC)\n|\n|t:|1776175639\n|teamsize|p1|4\n|teamsize|p2|4\n|start\n|switch|p1a: Politoed|Politoed, L50, M|100/100\n|switch|p1b: Basculegion|Basculegion, L50, M|100/100\n|switch|p2a: Scovillain|Scovillain, L50, M|100/100\n|switch|p2b: Primarina|Primarina, L50, M|100/100\n|-weather|RainDance|[from] ability: Drizzle|[of] p1a: Politoed\n|turn|1\n|\n|t:|1776175654\n|detailschange|p2a: Scovillain|Scovillain-Mega, L50, M\n|-mega|p2a: Scovillain|Scovillain|Scovillainite\n|move|p2a: Scovillain|Rage Powder|p2a: Scovillain\n|-singleturn|p2a: Scovillain|move: Rage Powder\n|move|p1b: Basculegion|Wave Crash|p2a: Scovillain\n|-damage|p2a: Scovillain|0 fnt\n|-status|p1b: Basculegion|brn|[from] ability: Spicy Spray|[of] p2a: Scovillain\n|faint|p2a: Scovillain\n|-damage|p1b: Basculegion|72/100 brn|[from] Recoil\n|move|p1a: Politoed|Weather Ball|p2b: Primarina\n|-resisted|p2b: Primarina|1\n|-damage|p2b: Primarina|71/100\n|move|p2b: Primarina|Calm Mind|p2b: Primarina\n|-boost|p2b: Primarina|spa|1\n|-boost|p2b: Primarina|spd|1\n|\n|-weather|RainDance|[upkeep]\n|-damage|p1b: Basculegion|65/100 brn|[from] brn\n|upkeep\n|\n|t:|1776175667\n|switch|p2a: Kommo-o|Kommo-o, L50, F|100/100\n|turn|2\n|\n|t:|1776175683\n|switch|p1b: Archaludon|Archaludon, L50, M|100/100\n|move|p2a: Kommo-o|Clangorous Soul|p2a: Kommo-o\n|-boost|p2a: Kommo-o|atk|1\n|-boost|p2a: Kommo-o|def|1\n|-boost|p2a: Kommo-o|spa|1\n|-boost|p2a: Kommo-o|spd|1\n|-boost|p2a: Kommo-o|spe|1\n|-damage|p2a: Kommo-o|68/100\n|move|p1a: Politoed|Encore|p2b: Primarina\n|-start|p2b: Primarina|Encore\n|move|p2b: Primarina|Calm Mind|p2b: Primarina\n|-boost|p2b: Primarina|spa|1\n|-boost|p2b: Primarina|spd|1\n|\n|-weather|RainDance|[upkeep]\n|-heal|p2a: Kommo-o|74/100|[from] item: Leftovers\n|upkeep\n|turn|3\n|\n|t:|1776175701\n|move|p2a: Kommo-o|Aura Sphere|p1b: Archaludon\n|-supereffective|p1b: Archaludon|1\n|-damage|p1b: Archaludon|0 fnt\n|faint|p1b: Archaludon\n|move|p1a: Politoed|Ice Beam|p2a: Kommo-o\n|-supereffective|p2a: Kommo-o|1\n|-crit|p2a: Kommo-o\n|-damage|p2a: Kommo-o|0 fnt\n|faint|p2a: Kommo-o\n|move|p2b: Primarina|Calm Mind|p2b: Primarina\n|-boost|p2b: Primarina|spa|1\n|-boost|p2b: Primarina|spd|1\n|\n|-weather|RainDance|[upkeep]\n|upkeep\n|\n|t:|1776175716\n|switch|p2a: Sneasler|Sneasler, L50, M|100/100\n|switch|p1b: Basculegion|Basculegion, L50, M|65/100 brn\n|turn|4\n|\n|t:|1776175726\n|move|p1a: Politoed|Protect|p1a: Politoed\n|-singleturn|p1a: Politoed|Protect\n|move|p2a: Sneasler|Fake Out|p1a: Politoed\n|-activate|p1a: Politoed|move: Protect\n|move|p1b: Basculegion|Wave Crash|p2a: Sneasler\n|-damage|p2a: Sneasler|1/100\n|-damage|p1b: Basculegion|40/100 brn|[from] Recoil\n|move|p2b: Primarina|Calm Mind|p2b: Primarina\n|-boost|p2b: Primarina|spa|1\n|-boost|p2b: Primarina|spd|1\n|\n|-weather|RainDance|[upkeep]\n|-damage|p1b: Basculegion|33/100 brn|[from] brn\n|-end|p2b: Primarina|Encore\n|upkeep\n|turn|5\n|\n|t:|1776175743\n|move|p2a: Sneasler|Protect|p2a: Sneasler\n|-singleturn|p2a: Sneasler|Protect\n|move|p2b: Primarina|Protect|p2b: Primarina\n|-singleturn|p2b: Primarina|Protect\n|move|p1b: Basculegion|Wave Crash|p2a: Sneasler\n|-activate|p2a: Sneasler|move: Protect\n|move|p1a: Politoed|Encore|p2b: Primarina\n|-activate|p2b: Primarina|move: Protect\n|\n|-weather|none\n|-damage|p1b: Basculegion|27/100 brn|[from] brn\n|upkeep\n|turn|6\n|\n|t:|1776175756\n|move|p1b: Basculegion|Wave Crash|p2a: Sneasler\n|-damage|p2a: Sneasler|0 fnt\n|faint|p2a: Sneasler\n|-damage|p1b: Basculegion|27/100 brn|[from] Recoil\n|move|p1a: Politoed|Encore|p2b: Primarina\n|-start|p2b: Primarina|Encore\n|move|p2b: Primarina|Protect||[still]\n|-fail|p2b: Primarina\n|\n|-damage|p1b: Basculegion|21/100 brn|[from] brn\n|upkeep\n|turn|7\n|\n|t:|1776175767\n|switch|p1a: Feraligatr|Feraligatr, L50, M|100/100\n|move|p2b: Primarina|Protect|p2b: Primarina\n|-singleturn|p2b: Primarina|Protect\n|move|p1b: Basculegion|Wave Crash|p2b: Primarina\n|-activate|p2b: Primarina|move: Protect\n|\n|-damage|p1b: Basculegion|15/100 brn|[from] brn\n|upkeep\n|turn|8\n|\n|t:|1776175779\n|switch|p1b: Politoed|Politoed, L50, M|100/100\n|-weather|RainDance|[from] ability: Drizzle|[of] p1b: Politoed\n|move|p2b: Primarina|Protect||[still]\n|-fail|p2b: Primarina\n|move|p1a: Feraligatr|Dragon Dance|p1a: Feraligatr\n|-boost|p1a: Feraligatr|atk|1\n|-boost|p1a: Feraligatr|spe|1\n|\n|-weather|RainDance|[upkeep]\n|-end|p2b: Primarina|Encore\n|upkeep\n|turn|9\n|\n|t:|1776175803\n|move|p2b: Primarina|Protect|p2b: Primarina\n|-singleturn|p2b: Primarina|Protect\n|move|p1a: Feraligatr|Dragon Dance|p1a: Feraligatr\n|-boost|p1a: Feraligatr|atk|1\n|-boost|p1a: Feraligatr|spe|1\n|move|p1b: Politoed|Encore|p2b: Primarina\n|-activate|p2b: Primarina|move: Protect\n|\n|-weather|RainDance|[upkeep]\n|upkeep\n|turn|10\n|\n|t:|1776175818\n|detailschange|p1a: Feraligatr|Feraligatr-Mega, L50, M\n|-mega|p1a: Feraligatr|Feraligatr|Feraligite\n|move|p2b: Primarina|Protect|p2b: Primarina\n|-singleturn|p2b: Primarina|Protect\n|move|p1a: Feraligatr|Liquidation|p2b: Primarina\n|-activate|p2b: Primarina|move: Protect\n|move|p1b: Politoed|Encore|p2b: Primarina\n|-activate|p2b: Primarina|move: Protect\n|\n|-weather|RainDance|[upkeep]\n|upkeep\n|turn|11\n|\n|t:|1776175831\n|move|p2b: Primarina|Protect||[still]\n|-fail|p2b: Primarina\n|move|p1a: Feraligatr|Liquidation|p2b: Primarina\n|-resisted|p2b: Primarina|1\n|-damage|p2b: Primarina|3/100\n|-enditem|p2b: Primarina|Sitrus Berry|[eat]\n|-heal|p2b: Primarina|28/100|[from] item: Sitrus Berry\n|move|p1b: Politoed|Encore|p2b: Primarina\n|-start|p2b: Primarina|Encore\n|\n|-weather|RainDance|[upkeep]\n|upkeep\n|turn|12\n|\n|t:|1776175844\n|move|p2b: Primarina|Protect|p2b: Primarina\n|-singleturn|p2b: Primarina|Protect\n|move|p1a: Feraligatr|Dragon Dance|p1a: Feraligatr\n|-boost|p1a: Feraligatr|atk|1\n|-boost|p1a: Feraligatr|spe|1\n|move|p1b: Politoed|Weather Ball|p2b: Primarina\n|-activate|p2b: Primarina|move: Protect\n|\n|-weather|none\n|-end|p2b: Primarina|Encore\n|upkeep\n|turn|13\n|\n|t:|1776175858\n|move|p1a: Feraligatr|Liquidation|p2b: Primarina\n|-resisted|p2b: Primarina|1\n|-damage|p2b: Primarina|0 fnt\n|faint|p2b: Primarina\n|\n|win|KeckleonKidVGC\n|raw|KeckleonKidVGC's rating: 1264 &rarr; <strong>1291</strong><br />(+27 for winning)\n|raw|SirLowrey's rating: 1286 &rarr; <strong>1259</strong><br />(-27 for losing)\n|l|\u2606SirLowrey\n|player|p2|\n",
  "uploadtime": 1776175866,
  "views": 22,
  "formatid": "gen9championsvgc2026regma",
  "rating": 1259,
  "private": 0,
  "password": null
}