{
  "id": "gen9championsvgc2026regma-2588657163",
  "format": "[Gen 9 Champions] VGC 2026 Reg M-A",
  "players": [
    "captainfluff28",
    "ogrelord20"
  ],
  "log": "|j|\u2606captainfluff28\n|j|\u2606ogrelord20\n|t:|1776654521\n|gametype|doubles\n|player|p1|captainfluff28|caitlin|1115\n|player|p2|ogrelord20|101|1139\n|gen|9\n|tier|[Gen 9 Champions] VGC 2026 Reg M-A\n|rated|\n|rule|Species Clause: Limit one of each Pok\u00e9mon\n|rule|Item Clause: Limit 1 of each item\n|clearpoke\n|poke|p1|Kangaskhan, L50, F, shiny|\n|poke|p1|Gardevoir, L50, F|\n|poke|p1|Basculegion, L50, M|\n|poke|p1|Aerodactyl, L50, M|\n|poke|p1|Archaludon, L50, F|\n|poke|p1|Sinistcha, L50|\n|poke|p2|Sinistcha-Masterpiece, L50|\n|poke|p2|Scovillain, L50, M, shiny|\n|poke|p2|Primarina, L50, F, shiny|\n|poke|p2|Garchomp, L50, F|\n|poke|p2|Corviknight, L50, F|\n|poke|p2|Floette-Eternal, L50, F|\n|teampreview|4\n|\n|t:|1776654580\n|teamsize|p1|4\n|teamsize|p2|4\n|start\n|switch|p1a: Aerodactyl|Aerodactyl, L50, M|100/100\n|switch|p1b: Archaludon|Archaludon, L50, F|100/100\n|switch|p2a: Scovillain|Scovillain, L50, M, shiny|100/100\n|switch|p2b: Corviknight|Corviknight, L50, F|100/100\n|-ability|p1a: Aerodactyl|Unnerve\n|turn|1\n|\n|t:|1776654608\n|move|p2a: Scovillain|Protect|p2a: Scovillain\n|-singleturn|p2a: Scovillain|Protect\n|move|p1a: Aerodactyl|Dual Wingbeat|p2a: Scovillain\n|-activate|p2a: Scovillain|move: Protect\n|move|p1b: Archaludon|Dragon Pulse|p2a: Scovillain\n|-activate|p2a: Scovillain|move: Protect\n|move|p2b: Corviknight|Iron Defense|p2b: Corviknight\n|-boost|p2b: Corviknight|def|2\n|\n|-ability|p2a: Scovillain|Moody|boost\n|-boost|p2a: Scovillain|def|2\n|-unboost|p2a: Scovillain|spa|1\n|upkeep\n|turn|2\n|\n|t:|1776654637\n|move|p1a: Aerodactyl|Dual Wingbeat|p2a: Scovillain|[miss]\n|-miss|p1a: Aerodactyl|p2a: Scovillain\n|move|p1b: Archaludon|Dragon Pulse|p2a: Scovillain\n|-damage|p2a: Scovillain|40/100\n|move|p2b: Corviknight|Iron Defense|p2b: Corviknight\n|-boost|p2b: Corviknight|def|2\n|move|p2a: Scovillain|Leech Seed|p1b: Archaludon\n|-start|p1b: Archaludon|move: Leech Seed\n|\n|-damage|p1b: Archaludon|88/100|[from] Leech Seed|[of] p2a: Scovillain\n|-heal|p2a: Scovillain|55/100|[silent]\n|-ability|p2a: Scovillain|Moody|boost\n|-boost|p2a: Scovillain|spa|2\n|-unboost|p2a: Scovillain|atk|1\n|upkeep\n|turn|3\n|\n|t:|1776654668\n|move|p2a: Scovillain|Protect|p2a: Scovillain\n|-singleturn|p2a: Scovillain|Protect\n|move|p1a: Aerodactyl|Tailwind|p1a: Aerodactyl\n|-sidestart|p1: captainfluff28|move: Tailwind\n|move|p1b: Archaludon|Electro Shot||[still]\n|-prepare|p1b: Archaludon|Electro Shot\n|-boost|p1b: Archaludon|spa|1\n|move|p2b: Corviknight|Iron Defense|p2b: Corviknight\n|-boost|p2b: Corviknight|def|2\n|\n|-heal|p1b: Archaludon|94/100|[from] item: Leftovers\n|-damage|p1b: Archaludon|82/100|[from] Leech Seed|[of] p2a: Scovillain\n|-heal|p2a: Scovillain|69/100|[silent]\n|-ability|p2a: Scovillain|Moody|boost\n|-boost|p2a: Scovillain|atk|2\n|-unboost|p2a: Scovillain|spe|1\n|upkeep\n|turn|4\n|\n|t:|1776654700\n|detailschange|p2a: Scovillain|Scovillain-Mega, L50, M, shiny\n|-mega|p2a: Scovillain|Scovillain|Scovillainite\n|move|p1a: Aerodactyl|Rock Slide|p2b: Corviknight|[spread] p2a,p2b\n|-supereffective|p2a: Scovillain|1\n|-damage|p2a: Scovillain|44/100\n|-damage|p2b: Corviknight|95/100\n|-status|p1a: Aerodactyl|brn|[from] ability: Spicy Spray|[of] p2a: Scovillain\n|move|p1b: Archaludon|Electro Shot|p2b: Corviknight|[from] lockedmove\n|-supereffective|p2b: Corviknight|1\n|-damage|p2b: Corviknight|0 fnt\n|faint|p2b: Corviknight\n|move|p2a: Scovillain|Giga Drain|p1a: Aerodactyl\n|-damage|p1a: Aerodactyl|32/100 brn\n|-heal|p2a: Scovillain|76/100|[from] drain|[of] p1a: Aerodactyl\n|\n|-heal|p1b: Archaludon|88/100|[from] item: Leftovers\n|-damage|p1b: Archaludon|76/100|[from] Leech Seed|[of] p2a: Scovillain\n|-heal|p2a: Scovillain|90/100|[silent]\n|-damage|p1a: Aerodactyl|26/100 brn|[from] brn\n|upkeep\n|\n|t:|1776654725\n|switch|p2b: Floette|Floette-Eternal, L50, F|100/100\n|turn|5\n|\n|t:|1776654774\n|move|p1a: Aerodactyl|Dual Wingbeat|p2a: Scovillain\n|-supereffective|p2a: Scovillain|1\n|-damage|p2a: Scovillain|81/100\n|-supereffective|p2a: Scovillain|1\n|-damage|p2a: Scovillain|70/100\n|-hitcount|p2a: Scovillain|2\n|move|p1b: Archaludon|Flash Cannon|p2b: Floette\n|-supereffective|p2b: Floette|1\n|-damage|p2b: Floette|0 fnt\n|faint|p2b: Floette\n|move|p2a: Scovillain|Overheat|p1b: Archaludon\n|-damage|p1b: Archaludon|0 fnt\n|-unboost|p2a: Scovillain|spa|2\n|faint|p1b: Archaludon\n|\n|-damage|p1a: Aerodactyl|21/100 brn|[from] brn\n|upkeep\n|\n|t:|1776654793\n|switch|p2b: Sinistcha|Sinistcha-Masterpiece, L50|100/100\n|switch|p1b: Gardevoir|Gardevoir, L50, F|100/100\n|-heal|p2a: Scovillain|95/100|[from] ability: Hospitality|[of] p2b: Sinistcha\n|turn|6\n|\n|t:|1776654823\n|detailschange|p1b: Gardevoir|Gardevoir-Mega, L50, F\n|-mega|p1b: Gardevoir|Gardevoir|Gardevoirite\n|move|p1a: Aerodactyl|Protect|p1a: Aerodactyl\n|-singleturn|p1a: Aerodactyl|Protect\n|move|p1b: Gardevoir|Protect|p1b: Gardevoir\n|-singleturn|p1b: Gardevoir|Protect\n|move|p2a: Scovillain|Leech Seed|p1b: Gardevoir\n|-activate|p1b: Gardevoir|move: Protect\n|move|p2b: Sinistcha|Trick Room|p2b: Sinistcha\n|-fieldstart|move: Trick Room|[of] p2b: Sinistcha\n|\n|-damage|p1a: Aerodactyl|15/100 brn|[from] brn\n|-sideend|p1: captainfluff28|move: Tailwind\n|upkeep\n|turn|7\n|\n|t:|1776654847\n|move|p2a: Scovillain|Leech Seed|p1b: Gardevoir\n|-start|p1b: Gardevoir|move: Leech Seed\n|move|p2b: Sinistcha|Matcha Gotcha|p1b: Gardevoir|[spread] p1a,p1b\n|-crit|p1a: Aerodactyl\n|-damage|p1a: Aerodactyl|0 fnt\n|-damage|p1b: Gardevoir|78/100\n|faint|p1a: Aerodactyl\n|move|p1b: Gardevoir|Calm Mind|p1b: Gardevoir\n|-boost|p1b: Gardevoir|spa|1\n|-boost|p1b: Gardevoir|spd|1\n|\n|-damage|p1b: Gardevoir|65/100|[from] Leech Seed|[of] p2a: Scovillain\n|-heal|p2a: Scovillain|100/100|[silent]\n|upkeep\n|\n|t:|1776654858\n|switch|p1a: Basculegion|Basculegion, L50, M|100/100\n|turn|8\n|\n|t:|1776654880\n|move|p2a: Scovillain|Overheat|p1b: Gardevoir\n|-damage|p1b: Gardevoir|38/100\n|-unboost|p2a: Scovillain|spa|2\n|move|p2b: Sinistcha|Matcha Gotcha|p1b: Gardevoir|[spread] p1a,p1b\n|-supereffective|p1a: Basculegion|1\n|-damage|p1a: Basculegion|47/100\n|-damage|p1b: Gardevoir|22/100\n|move|p1b: Gardevoir|Psychic|p2a: Scovillain\n|-damage|p2a: Scovillain|12/100\n|-status|p1b: Gardevoir|brn|[from] ability: Spicy Spray|[of] p2a: Scovillain\n|move|p1a: Basculegion|Last Respects|p2a: Scovillain\n|-damage|p2a: Scovillain|0 fnt\n|-status|p1a: Basculegion|brn|[from] ability: Spicy Spray|[of] p2a: Scovillain\n|faint|p2a: Scovillain\n|\n|-damage|p1b: Gardevoir|16/100 brn|[from] brn\n|-damage|p1a: Basculegion|41/100 brn|[from] brn\n|upkeep\n|turn|9\n|inactive|Battle timer is ON: inactive players will automatically lose when time's up. (requested by ogrelord20)\n|\n|t:|1776654913\n|move|p2b: Sinistcha|Matcha Gotcha|p1a: Basculegion|[spread] p1a,p1b\n|-supereffective|p1a: Basculegion|1\n|-damage|p1a: Basculegion|0 fnt\n|-damage|p1b: Gardevoir|0 fnt\n|faint|p1a: Basculegion\n|faint|p1b: Gardevoir\n|\n|win|ogrelord20\n|raw|captainfluff28's rating: 1115 &rarr; <strong>1092</strong><br />(-23 for losing)\n|raw|ogrelord20's rating: 1139 &rarr; <strong>1162</strong><br />(+23 for winning)\n",
  "uploadtime": 1776654913,
  "views": 5,
  "formatid": "gen9championsvgc2026regma",
  "rating": 1092,
  "private": 0,
  "password": null
}