{
  "id": "gen9championsvgc2026regma-2587728980",
  "format": "[Gen 9 Champions] VGC 2026 Reg M-A",
  "players": [
    "sulstice",
    "Ohnoitsdad"
  ],
  "log": "|j|\u2606sulstice\n|j|\u2606Ohnoitsdad\n|t:|1776558090\n|gametype|doubles\n|player|p1|sulstice|169|1221\n|player|p2|Ohnoitsdad|101|1274\n|gen|9\n|tier|[Gen 9 Champions] VGC 2026 Reg M-A\n|rated|\n|rule|Species Clause: Limit one of each Pok\u00e9mon\n|rule|Item Clause: Limit 1 of each item\n|clearpoke\n|poke|p1|Sylveon, L50, M|\n|poke|p1|Sinistcha, L50|\n|poke|p1|Whimsicott, L50, M|\n|poke|p1|Typhlosion-Hisui, L50, F|\n|poke|p1|Floette-Eternal, L50, F|\n|poke|p1|Sneasler, L50, F|\n|poke|p2|Aerodactyl, L50, F|\n|poke|p2|Rotom-Wash, L50|\n|poke|p2|Tyranitar, L50, F|\n|poke|p2|Excadrill, L50, M|\n|poke|p2|Milotic, L50, F|\n|poke|p2|Sinistcha, L50|\n|teampreview|4\n|inactive|Battle timer is ON: inactive players will automatically lose when time's up. (requested by Ohnoitsdad)\n|inactive|Ohnoitsdad has 60 seconds left.\n|\n|t:|1776558127\n|teamsize|p1|4\n|teamsize|p2|4\n|start\n|switch|p1a: Whimsicott|Whimsicott, L50, M|100/100\n|switch|p1b: Typhlosion|Typhlosion-Hisui, L50, F|100/100\n|switch|p2a: Aerodactyl|Aerodactyl, L50, F|100/100\n|switch|p2b: Excadrill|Excadrill, L50, M|100/100\n|-ability|p2a: Aerodactyl|Unnerve\n|turn|1\n|\n|t:|1776558141\n|move|p2a: Aerodactyl|Wide Guard|p2a: Aerodactyl\n|-singleturn|p2a: Aerodactyl|Wide Guard\n|move|p1a: Whimsicott|Tailwind|p1a: Whimsicott\n|-sidestart|p1: sulstice|move: Tailwind\n|move|p1b: Typhlosion|Eruption|p2b: Excadrill|[spread] \n|-activate|p2a: Aerodactyl|move: Wide Guard\n|-activate|p2b: Excadrill|move: Wide Guard\n|move|p2b: Excadrill|Earthquake|p1a: Whimsicott|[spread] p1a,p1b\n|-activate|p2a: Aerodactyl|move: Wide Guard\n|-resisted|p1a: Whimsicott|1\n|-supereffective|p1b: Typhlosion|1\n|-damage|p1a: Whimsicott|58/100\n|-damage|p1b: Typhlosion|0 fnt\n|faint|p1b: Typhlosion\n|\n|upkeep\n|\n|t:|1776558149\n|switch|p1b: Floette|Floette-Eternal, L50, F|100/100\n|turn|2\n|\n|t:|1776558164\n|move|p1a: Whimsicott|Encore|p2b: Excadrill\n|-start|p2b: Excadrill|Encore\n|move|p1b: Floette|Calm Mind|p1b: Floette\n|-boost|p1b: Floette|spa|1\n|-boost|p1b: Floette|spd|1\n|move|p2a: Aerodactyl|Tailwind|p2a: Aerodactyl\n|-sidestart|p2: Ohnoitsdad|move: Tailwind\n|move|p2b: Excadrill|Earthquake|p1b: Floette|[spread] p1a,p1b\n|-immune|p2a: Aerodactyl\n|-resisted|p1a: Whimsicott|1\n|-damage|p1a: Whimsicott|19/100\n|-damage|p1b: Floette|36/100\n|\n|upkeep\n|turn|3\n|inactive|sulstice has 30 seconds left.\n|\n|t:|1776558197\n|move|p1b: Floette|Protect|p1b: Floette\n|-singleturn|p1b: Floette|Protect\n|move|p1a: Whimsicott|Encore|p2a: Aerodactyl\n|-start|p2a: Aerodactyl|Encore\n|move|p2a: Aerodactyl|Tailwind||[still]\n|-fail|p2a: Aerodactyl\n|move|p2b: Excadrill|Earthquake|p1b: Floette|[spread] p1a\n|-activate|p1b: Floette|move: Protect\n|-immune|p2a: Aerodactyl\n|-resisted|p1a: Whimsicott|1\n|-damage|p1a: Whimsicott|0 fnt\n|faint|p1a: Whimsicott\n|\n|upkeep\n|\n|t:|1776558204\n|switch|p1a: Sneasler|Sneasler, L50, F|100/100\n|turn|4\n|\n|t:|1776558215\n|switch|p2a: Milotic|Milotic, L50, F|100/100\n|detailschange|p1b: Floette|Floette-Mega, L50, F\n|-mega|p1b: Floette|Floette|Floettite\n|-ability|p1b: Floette|Fairy Aura\n|move|p1a: Sneasler|Fake Out|p2b: Excadrill\n|-resisted|p2b: Excadrill|1\n|-damage|p2b: Excadrill|90/100\n|cant|p2b: Excadrill|flinch\n|move|p1b: Floette|Dazzling Gleam|p2b: Excadrill|[spread] p2a,p2b\n|-resisted|p2b: Excadrill|1\n|-damage|p2a: Milotic|43/100\n|-damage|p2b: Excadrill|35/100\n|\n|-heal|p2a: Milotic|49/100|[from] item: Leftovers\n|-end|p2b: Excadrill|Encore\n|-sideend|p1: sulstice|move: Tailwind\n|upkeep\n|turn|5\n|inactive|sulstice has 30 seconds left.\n|\n|t:|1776558242\n|move|p1b: Floette|Protect|p1b: Floette\n|-singleturn|p1b: Floette|Protect\n|move|p2b: Excadrill|Earthquake|p1a: Sneasler|[spread] p2a,p1a\n|-activate|p1b: Floette|move: Protect\n|-supereffective|p1a: Sneasler|1\n|-damage|p2a: Milotic|0 fnt\n|-damage|p1a: Sneasler|0 fnt\n|faint|p2a: Milotic\n|faint|p1a: Sneasler\n|\n|-sideend|p2: Ohnoitsdad|move: Tailwind\n|upkeep\n|\n|t:|1776558250\n|switch|p2a: Aerodactyl|Aerodactyl, L50, F|100/100\n|-ability|p2a: Aerodactyl|Unnerve\n|turn|6\n|-message|sulstice forfeited.\n|\n|win|Ohnoitsdad\n|raw|sulstice's rating: 1221 &rarr; <strong>1200</strong><br />(-21 for losing)\n|raw|Ohnoitsdad's rating: 1274 &rarr; <strong>1295</strong><br />(+21 for winning)\n|l|\u2606sulstice\n|player|p1|\n",
  "uploadtime": 1776558262,
  "views": 21,
  "formatid": "gen9championsvgc2026regma",
  "rating": 1200,
  "private": 0,
  "password": null
}