{
  "id": "gen9championsvgc2026regma-2582337670",
  "format": "[Gen 9 Champions] VGC 2026 Reg M-A",
  "players": [
    "are you random?",
    "awwgdgj"
  ],
  "log": "|j|\u2606are you random?\n|j|\u2606awwgdgj\n|t:|1776084525\n|gametype|doubles\n|player|p1|are you random?|iris-gen5bw2|1040\n|player|p2|awwgdgj|wattson|1000\n|gen|9\n|tier|[Gen 9 Champions] VGC 2026 Reg M-A\n|rated|\n|rule|Species Clause: Limit one of each Pok\u00e9mon\n|rule|Item Clause: Limit 1 of each item\n|clearpoke\n|poke|p1|Whimsicott, L50, F|\n|poke|p1|Dragonite, L50, M|\n|poke|p1|Basculegion, L50, M|\n|poke|p1|Arcanine, L50, F|\n|poke|p1|Delphox, L50, F|\n|poke|p1|Ditto, L50|\n|poke|p2|Aerodactyl, L50, F|\n|poke|p2|Tyranitar, L50, F|\n|poke|p2|Excadrill, L50, F|\n|poke|p2|Archaludon, L50, M|\n|poke|p2|Clefable, L50, F|\n|poke|p2|Kingambit, L50, F|\n|teampreview|4\n|inactive|Battle timer is ON: inactive players will automatically lose when time's up. (requested by awwgdgj)\n|inactive|are you random? also wants the timer to be on.\nawwgdgj has agreed to open team sheets.\nare you random? has agreed to open team sheets.\n|showteam|p1|Whimsicott||MentalHerb|Prankster|Tailwind,Taunt,Protect,DazzlingGleam|||F|||50|]Dragonite||Dragoninite|Multiscale|Roost,DracoMeteor,Surf,HeatWave|||M|||50|]Basculegion||MysticWater|Adaptability|FlipTurn,LastRespects,Liquidation,WaveCrash|||M|||50|]Arcanine||Leftovers|Intimidate|Snarl,WillOWisp,Protect,HelpingHand|||F|||50|]Delphox||Delphoxite|Blaze|Protect,HeatWave,DazzlingGleam,PsychicNoise|||F|||50|]Ditto||ChoiceScarf|Imposter|Transform||||||50|\n|showteam|p2|Aerodactyl||Aerodactylite|RockHead|RockSlide,DualWingbeat,Tailwind,Protect|||F|||50|]Tyranitar||Tyranitarite|SandStream|RockSlide,KnockOff,DragonDance,Protect|||F|||50|]Excadrill||FocusSash|SandRush|Earthquake,HighHorsepower,IronHead,Protect|||F|||50|]Archaludon||DragonFang|Stamina|DracoMeteor,FlashCannon,AuraSphere,Protect|||M|||50|]Clefable||SitrusBerry|Unaware|FollowMe,Moonblast,Protect,HelpingHand|||F|||50|]Kingambit||BlackGlasses|Defiant|SuckerPunch,KowtowCleave,SwordsDance,Protect|||F|||50|\n|inactive|are you random? has 60 seconds left.\n|inactive|awwgdgj has 60 seconds left.\n|\n|t:|1776084576\n|teamsize|p1|4\n|teamsize|p2|4\n|start\n|switch|p1a: Whimsicott|Whimsicott, L50, F|100/100\n|switch|p1b: Arcanine|Arcanine, L50, F|100/100\n|switch|p2a: Aerodactyl|Aerodactyl, L50, F|100/100\n|switch|p2b: Kingambit|Kingambit, L50, F|100/100\n|-ability|p1b: Arcanine|Intimidate|boost\n|-unboost|p2a: Aerodactyl|atk|1\n|-unboost|p2b: Kingambit|atk|1\n|-ability|p2b: Kingambit|Defiant|boost\n|-boost|p2b: Kingambit|atk|2\n|turn|1\n|\n|t:|1776084594\n|detailschange|p2a: Aerodactyl|Aerodactyl-Mega, L50, F\n|-mega|p2a: Aerodactyl|Aerodactyl|Aerodactylite\n|move|p2b: Kingambit|Protect|p2b: Kingambit\n|-singleturn|p2b: Kingambit|Protect\n|move|p1a: Whimsicott|Tailwind|p1a: Whimsicott\n|-sidestart|p1: are you random?|move: Tailwind\n|move|p1b: Arcanine|Will-O-Wisp|p2b: Kingambit\n|-activate|p2b: Kingambit|move: Protect\n|move|p2a: Aerodactyl|Rock Slide|p1b: Arcanine|[spread] p1a,p1b\n|-supereffective|p1b: Arcanine|1\n|-damage|p1a: Whimsicott|78/100\n|-damage|p1b: Arcanine|60/100\n|\n|-heal|p1b: Arcanine|66/100|[from] item: Leftovers\n|upkeep\n|turn|2\n|\n|t:|1776084618\n|move|p1a: Whimsicott|Protect|p1a: Whimsicott\n|-singleturn|p1a: Whimsicott|Protect\n|move|p2b: Kingambit|Sucker Punch||[still]\n|-fail|p2b: Kingambit\n|move|p1b: Arcanine|Will-O-Wisp|p2b: Kingambit\n|-status|p2b: Kingambit|brn\n|move|p2a: Aerodactyl|Dual Wingbeat|p1a: Whimsicott\n|-activate|p1a: Whimsicott|move: Protect\n|\n|-heal|p1b: Arcanine|72/100|[from] item: Leftovers\n|-damage|p2b: Kingambit|95/100 brn|[from] brn\n|upkeep\n|turn|3\n|\n|t:|1776084641\n|move|p1a: Whimsicott|Taunt|p2a: Aerodactyl\n|-start|p2a: Aerodactyl|move: Taunt\n|move|p1b: Arcanine|Will-O-Wisp|p2a: Aerodactyl\n|-status|p2a: Aerodactyl|brn\n|move|p2a: Aerodactyl|Dual Wingbeat|p1a: Whimsicott\n|-supereffective|p1a: Whimsicott|1\n|-damage|p1a: Whimsicott|57/100\n|-supereffective|p1a: Whimsicott|1\n|-damage|p1a: Whimsicott|36/100\n|-hitcount|p1a: Whimsicott|2\n|move|p2b: Kingambit|Kowtow Cleave|p1b: Arcanine\n|-damage|p1b: Arcanine|28/100\n|\n|-heal|p1b: Arcanine|34/100|[from] item: Leftovers\n|-damage|p2a: Aerodactyl|94/100 brn|[from] brn\n|-damage|p2b: Kingambit|89/100 brn|[from] brn\n|upkeep\n|turn|4\n|\n|t:|1776084663\n|switch|p1b: Delphox|Delphox, L50, F|100/100\n|move|p1a: Whimsicott|Protect|p1a: Whimsicott\n|-singleturn|p1a: Whimsicott|Protect\n|move|p2b: Kingambit|Protect|p2b: Kingambit\n|-singleturn|p2b: Kingambit|Protect\n|move|p2a: Aerodactyl|Dual Wingbeat|p1a: Whimsicott\n|-activate|p1a: Whimsicott|move: Protect\n|\n|-damage|p2a: Aerodactyl|88/100 brn|[from] brn\n|-damage|p2b: Kingambit|83/100 brn|[from] brn\n|-sideend|p1: are you random?|move: Tailwind\n|upkeep\n|turn|5\n|\n|t:|1776084677\n|detailschange|p1b: Delphox|Delphox-Mega, L50, F\n|-mega|p1b: Delphox|Delphox|Delphoxite\n|move|p1a: Whimsicott|Tailwind|p1a: Whimsicott\n|-sidestart|p1: are you random?|move: Tailwind\n|move|p2b: Kingambit|Sucker Punch|p1b: Delphox\n|-supereffective|p1b: Delphox|1\n|-damage|p1b: Delphox|0 fnt\n|faint|p1b: Delphox\n|move|p2a: Aerodactyl|Rock Slide|p1a: Whimsicott|[miss]\n|-miss|p2a: Aerodactyl|p1a: Whimsicott\n|\n|-damage|p2a: Aerodactyl|82/100 brn|[from] brn\n|-damage|p2b: Kingambit|77/100 brn|[from] brn\n|-end|p2a: Aerodactyl|move: Taunt\n|upkeep\n|\n|t:|1776084684\n|switch|p1b: Ditto|Ditto, L50|100/100\n|-transform|p1b: Ditto|p2a: Aerodactyl|[from] ability: Imposter\n|turn|6\n|\n|t:|1776084700\n|move|p1b: Ditto|Rock Slide|p2b: Kingambit|[spread] p2a,p2b\n|-supereffective|p2a: Aerodactyl|1\n|-resisted|p2b: Kingambit|1\n|-damage|p2a: Aerodactyl|38/100 brn\n|-damage|p2b: Kingambit|71/100 brn\n|move|p1a: Whimsicott|Dazzling Gleam|p2b: Kingambit|[spread] p2a,p2b\n|-damage|p2a: Aerodactyl|18/100 brn\n|-damage|p2b: Kingambit|55/100 brn\n|move|p2a: Aerodactyl|Dual Wingbeat|p1a: Whimsicott\n|-supereffective|p1a: Whimsicott|1\n|-damage|p1a: Whimsicott|15/100\n|-supereffective|p1a: Whimsicott|1\n|-damage|p1a: Whimsicott|0 fnt\n|faint|p1a: Whimsicott\n|-hitcount|p1: Whimsicott|2\n|move|p2b: Kingambit|Swords Dance|p2b: Kingambit\n|-boost|p2b: Kingambit|atk|2\n|\n|-damage|p2a: Aerodactyl|12/100 brn|[from] brn\n|-damage|p2b: Kingambit|49/100 brn|[from] brn\n|upkeep\n|\n|t:|1776084703\n|switch|p1a: Arcanine|Arcanine, L50, F|34/100\n|-ability|p1a: Arcanine|Intimidate|boost\n|-unboost|p2a: Aerodactyl|atk|1\n|-unboost|p2b: Kingambit|atk|1\n|-ability|p2b: Kingambit|Defiant|boost\n|-boost|p2b: Kingambit|atk|2\n|turn|7\n|-message|are you random? forfeited.\n|\n|win|awwgdgj\n|raw|are you random?'s rating: 1040 &rarr; <strong>1022</strong><br />(-18 for losing)\n|raw|awwgdgj's rating: 1000 &rarr; <strong>1045</strong><br />(+45 for winning)\n",
  "uploadtime": 1776084707,
  "views": 9,
  "formatid": "gen9championsvgc2026regma",
  "rating": 1022,
  "private": 0,
  "password": null
}