{
  "id": "gen9championsvgc2026regma-2587696859",
  "format": "[Gen 9 Champions] VGC 2026 Reg M-A",
  "players": [
    "Mago0negro",
    "PurpleSnowyyy"
  ],
  "log": "|j|\u2606Mago0negro\n|j|\u2606PurpleSnowyyy\n|t:|1776554894\n|gametype|doubles\n|player|p1|Mago0negro|dahlia|1114\n|player|p2|PurpleSnowyyy|rosa-masters|1136\n|gen|9\n|tier|[Gen 9 Champions] VGC 2026 Reg M-A\n|rated|\n|rule|Species Clause: Limit one of each Pok\u00e9mon\n|rule|Item Clause: Limit 1 of each item\n|clearpoke\n|poke|p1|Froslass, L50, F|\n|poke|p1|Sneasler, L50, F, shiny|\n|poke|p1|Garchomp, L50, M|\n|poke|p1|Aerodactyl, L50, F|\n|poke|p1|Rotom-Wash, L50|\n|poke|p1|Kingambit, L50, M|\n|poke|p2|Froslass, L50, F|\n|poke|p2|Sneasler, L50, F|\n|poke|p2|Samurott-Hisui, L50, F|\n|poke|p2|Corviknight, L50, M|\n|poke|p2|Arcanine-Hisui, L50, M|\n|poke|p2|Volcarona, L50, F, shiny|\n|teampreview|4\n|inactive|Battle timer is ON: inactive players will automatically lose when time's up. (requested by Mago0negro)\n|inactive|PurpleSnowyyy has 60 seconds left.\n|\n|t:|1776554933\n|teamsize|p1|4\n|teamsize|p2|4\n|start\n|switch|p1a: Sneasler|Sneasler, L50, F, shiny|100/100\n|switch|p1b: Kingambit|Kingambit, L50, M|100/100\n|switch|p2a: Sneasler|Sneasler, L50, F|100/100\n|switch|p2b: Froslass|Froslass, L50, F|100/100\n|turn|1\n|\n|t:|1776554946\n|detailschange|p2b: Froslass|Froslass-Mega, L50, F\n|-mega|p2b: Froslass|Froslass|Froslassite\n|-weather|Snowscape|[from] ability: Snow Warning|[of] p2b: Froslass\n|move|p2a: Sneasler|Fake Out|p1b: Kingambit\n|-resisted|p1b: Kingambit|1\n|-damage|p1b: Kingambit|96/100\n|move|p1a: Sneasler|Fake Out|p2a: Sneasler\n|-damage|p2a: Sneasler|74/100\n|move|p2b: Froslass|Blizzard|p1a: Sneasler|[spread] p1a,p1b\n|-resisted|p1b: Kingambit|1\n|-damage|p1a: Sneasler|35/100\n|-damage|p1b: Kingambit|73/100\n|cant|p1b: Kingambit|flinch\n|\n|-weather|Snowscape|[upkeep]\n|upkeep\n|turn|2\n|inactive|Mago0negro has 30 seconds left.\n|\n|t:|1776554976\n|switch|p1a: Aerodactyl|Aerodactyl, L50, F|100/100\n|-ability|p1a: Aerodactyl|Unnerve\n|switch|p1b: Froslass|Froslass, L50, F|100/100\n|move|p2b: Froslass|Nasty Plot|p2b: Froslass\n|-boost|p2b: Froslass|spa|2\n|move|p2a: Sneasler|Close Combat|p1b: Froslass\n|-immune|p1b: Froslass\n|\n|-weather|Snowscape|[upkeep]\n|upkeep\n|turn|3\n|inactive|Mago0negro has 30 seconds left.\n|\n|t:|1776555004\n|detailschange|p1b: Froslass|Froslass-Mega, L50, F\n|-mega|p1b: Froslass|Froslass|Froslassite\n|move|p1a: Aerodactyl|Tailwind|p1a: Aerodactyl\n|-sidestart|p1: Mago0negro|move: Tailwind\n|move|p1b: Froslass|Shadow Ball|p2b: Froslass\n|-supereffective|p2b: Froslass|1\n|-damage|p2b: Froslass|0 fnt\n|faint|p2b: Froslass\n|move|p2a: Sneasler|Close Combat|p1a: Aerodactyl\n|-damage|p1a: Aerodactyl|3/100\n|-unboost|p2a: Sneasler|def|1\n|-unboost|p2a: Sneasler|spd|1\n|-enditem|p2a: Sneasler|White Herb\n|-clearnegativeboost|p2a: Sneasler|[silent]\n|\n|-weather|Snowscape|[upkeep]\n|upkeep\n|\n|t:|1776555019\n|switch|p2b: Volcarona|Volcarona, L50, F, shiny|100/100\n|turn|4\n|\n|t:|1776555027\n|move|p1a: Aerodactyl|Wide Guard|p1a: Aerodactyl\n|-singleturn|p1a: Aerodactyl|Wide Guard\n|move|p2a: Sneasler|Dire Claw|p1a: Aerodactyl\n|-resisted|p1a: Aerodactyl|1\n|-crit|p1a: Aerodactyl\n|-damage|p1a: Aerodactyl|0 fnt\n|faint|p1a: Aerodactyl\n|move|p1b: Froslass|Aurora Veil|p1b: Froslass\n|-sidestart|p1: Mago0negro|move: Aurora Veil\n|move|p2b: Volcarona|Fiery Dance|p1b: Froslass\n|-supereffective|p1b: Froslass|1\n|-damage|p1b: Froslass|31/100\n|-boost|p2b: Volcarona|spa|1\n|\n|-weather|Snowscape|[upkeep]\n|upkeep\n|\n|t:|1776555034\n|switch|p1a: Sneasler|Sneasler, L50, F, shiny|35/100\n|turn|5\n|\n|t:|1776555052\n|move|p1a: Sneasler|Fake Out|p2a: Sneasler\n|-damage|p2a: Sneasler|45/100\n|move|p2b: Volcarona|Rage Powder|p2b: Volcarona\n|-singleturn|p2b: Volcarona|move: Rage Powder\n|cant|p2a: Sneasler|flinch\n|move|p1b: Froslass|Shadow Ball|p2b: Volcarona\n|-damage|p2b: Volcarona|59/100\n|-unboost|p2b: Volcarona|spd|1\n|\n|-weather|none\n|upkeep\n|turn|6\n|\n|t:|1776555072\n|move|p2a: Sneasler|Dire Claw|p1b: Froslass\n|-resisted|p1b: Froslass|1\n|-damage|p1b: Froslass|12/100\n|move|p1a: Sneasler|Dire Claw|p2b: Volcarona\n|-damage|p2b: Volcarona|0 fnt\n|-status|p1a: Sneasler|brn|[from] ability: Flame Body|[of] p2b: Volcarona\n|faint|p2b: Volcarona\n|move|p1b: Froslass|Shadow Ball|p2a: Sneasler\n|-damage|p2a: Sneasler|0 fnt\n|faint|p2a: Sneasler\n|\n|-damage|p1a: Sneasler|29/100 brn|[from] brn\n|-sideend|p1: Mago0negro|move: Tailwind\n|upkeep\n|\n|t:|1776555086\n|switch|p2b: Samurott|Samurott-Hisui, L50, F|100/100\n|turn|7\n|\n|t:|1776555093\n|switch|p1b: Kingambit|Kingambit, L50, M|73/100\n|move|p2b: Samurott|Aqua Jet|p1a: Sneasler\n|-damage|p1a: Sneasler|2/100 brn\n|move|p1a: Sneasler|Close Combat|p2b: Samurott\n|-supereffective|p2b: Samurott|1\n|-damage|p2b: Samurott|10/100\n|-unboost|p1a: Sneasler|def|1\n|-unboost|p1a: Sneasler|spd|1\n|-enditem|p1a: Sneasler|White Herb\n|-clearnegativeboost|p1a: Sneasler|[silent]\n|\n|-damage|p1a: Sneasler|0 fnt|[from] brn\n|faint|p1a: Sneasler\n|upkeep\n|\n|t:|1776555097\n|switch|p1a: Froslass|Froslass-Mega, L50, F|12/100\n|-weather|Snowscape|[from] ability: Snow Warning|[of] p1a: Froslass\n|turn|8\n|\n|t:|1776555110\n|move|p2b: Samurott|Aqua Jet|p1a: Froslass\n|-damage|p1a: Froslass|0 fnt\n|faint|p1a: Froslass\n|move|p1b: Kingambit|Sucker Punch||[still]\n|-fail|p1b: Kingambit\n|\n|-weather|Snowscape|[upkeep]\n|-sideend|p1: Mago0negro|move: Aurora Veil\n|upkeep\n|turn|9\n|\n|t:|1776555120\n|move|p2b: Samurott|Sacred Sword|p1b: Kingambit\n|-supereffective|p1b: Kingambit|2\n|-damage|p1b: Kingambit|0 fnt\n|faint|p1b: Kingambit\n|\n|win|PurpleSnowyyy\n|raw|Mago0negro's rating: 1114 &rarr; <strong>1091</strong><br />(-23 for losing)\n|raw|PurpleSnowyyy's rating: 1136 &rarr; <strong>1159</strong><br />(+23 for winning)\n|l|\u2606Mago0negro\n|player|p1|\n|c|\u2606PurpleSnowyyy|gg\n",
  "uploadtime": 1776555138,
  "views": 13,
  "formatid": "gen9championsvgc2026regma",
  "rating": 1091,
  "private": 0,
  "password": null
}