{
  "id": "gen9championsvgc2026regma-2588249551",
  "format": "[Gen 9 Champions] VGC 2026 Reg M-A",
  "players": [
    "Thiagovik",
    "epog123"
  ],
  "log": "|j|\u2606Thiagovik\n|j|\u2606epog123\n|t:|1776618004\n|gametype|doubles\n|player|p1|Thiagovik|blackbelt-gen4|1058\n|player|p2|epog123|1|1147\n|gen|9\n|tier|[Gen 9 Champions] VGC 2026 Reg M-A\n|rated|\n|rule|Species Clause: Limit one of each Pok\u00e9mon\n|rule|Item Clause: Limit 1 of each item\n|clearpoke\n|poke|p1|Hawlucha, L50, M|\n|poke|p1|Mr. Rime, L50, F|\n|poke|p1|Steelix, L50, F, shiny|\n|poke|p1|Garganacl, L50, F|\n|poke|p1|Whimsicott, L50, F|\n|poke|p1|Maushold, L50|\n|poke|p2|Beedrill, L50, F|\n|poke|p2|Hydreigon, L50, F|\n|poke|p2|Palafin, L50, F|\n|poke|p2|Pelipper, L50, F|\n|poke|p2|Basculegion, L50, M|\n|poke|p2|Archaludon, L50, F|\n|teampreview|4\n|inactive|Battle timer is ON: inactive players will automatically lose when time's up. (requested by epog123)\n|inactive|epog123 has 60 seconds left.\n|\n|t:|1776618052\n|teamsize|p1|4\n|teamsize|p2|4\n|start\n|switch|p1a: Hawlucha|Hawlucha, L50, M|100/100\n|switch|p1b: Mr. Rime|Mr. Rime, L50, F|100/100\n|switch|p2a: Beedrill|Beedrill, L50, F|100/100\n|switch|p2b: Hydreigon|Hydreigon, L50, F|100/100\n|turn|1\n|inactive|Thiagovik has 30 seconds left.\n|\n|t:|1776618079\n|detailschange|p1a: Hawlucha|Hawlucha-Mega, L50, M\n|-mega|p1a: Hawlucha|Hawlucha|Hawluchanite\n|detailschange|p2a: Beedrill|Beedrill-Mega, L50, F\n|-mega|p2a: Beedrill|Beedrill|Beedrillite\n|move|p1b: Mr. Rime|Fake Out|p2a: Beedrill\n|-damage|p2a: Beedrill|86/100\n|cant|p2a: Beedrill|flinch\n|move|p1a: Hawlucha|Brave Bird|p2b: Hydreigon\n|-damage|p2b: Hydreigon|28/100\n|-damage|p1a: Hawlucha|74/100|[from] Recoil\n|move|p2b: Hydreigon|Draco Meteor|p1a: Hawlucha\n|-damage|p1a: Hawlucha|0 fnt\n|-unboost|p2b: Hydreigon|spa|2\n|faint|p1a: Hawlucha\n|-enditem|p2b: Hydreigon|White Herb\n|-clearnegativeboost|p2b: Hydreigon|[silent]\n|\n|upkeep\n|\n|t:|1776618100\n|switch|p1a: Goldsteel|Steelix, L50, F, shiny|100/100\n|turn|2\n|inactive|Thiagovik has 30 seconds left.\n|\n|t:|1776618133\n|move|p1b: Mr. Rime|Protect|p1b: Mr. Rime\n|-singleturn|p1b: Mr. Rime|Protect\n|move|p2a: Beedrill|U-turn|p1b: Mr. Rime\n|-activate|p1b: Mr. Rime|move: Protect\n|move|p2b: Hydreigon|Focus Blast|p1a: Goldsteel|[miss]\n|-miss|p2b: Hydreigon|p1a: Goldsteel\n|move|p1a: Goldsteel|Gyro Ball|p2a: Beedrill\n|-crit|p2a: Beedrill\n|-damage|p2a: Beedrill|0 fnt\n|faint|p2a: Beedrill\n|\n|upkeep\n|\n|t:|1776618145\n|switch|p2a: Pelipper|Pelipper, L50, F|100/100\n|-weather|RainDance|[from] ability: Drizzle|[of] p2a: Pelipper\n|turn|3\n|-activate|p1a: Goldsteel|item: Quick Claw\n|\n|t:|1776618166\n|move|p1a: Goldsteel|Gyro Ball|p2b: Hydreigon\n|-damage|p2b: Hydreigon|1/100\n|move|p2b: Hydreigon|Focus Blast|p1a: Goldsteel|[miss]\n|-miss|p2b: Hydreigon|p1a: Goldsteel\n|move|p1b: Mr. Rime|Sheer Cold|p2a: Pelipper|[miss]\n|-miss|p1b: Mr. Rime|p2a: Pelipper\n|move|p2a: Pelipper|Tailwind|p2a: Pelipper\n|-sidestart|p2: epog123|move: Tailwind\n|\n|-weather|RainDance|[upkeep]\n|upkeep\n|turn|4\n|-activate|p1a: Goldsteel|item: Quick Claw\n|\n|t:|1776618187\n|move|p1a: Goldsteel|Gyro Ball|p2b: Hydreigon\n|-damage|p2b: Hydreigon|0 fnt\n|faint|p2b: Hydreigon\n|move|p2a: Pelipper|U-turn|p1b: Mr. Rime\n|-supereffective|p1b: Mr. Rime|1\n|-damage|p1b: Mr. Rime|79/100\n|\n|t:|1776618194\n|switch|p2a: Archaludon|Archaludon, L50, F|100/100|[from] U-turn\n|move|p1b: Mr. Rime|Sheer Cold|p2a: Archaludon|[miss]\n|-miss|p1b: Mr. Rime|p2a: Archaludon\n|\n|-weather|RainDance|[upkeep]\n|upkeep\n|\n|t:|1776618200\n|switch|p2b: Pelipper|Pelipper, L50, F|100/100\n|turn|5\n|\n|t:|1776618218\n|move|p2a: Archaludon|Aura Sphere|p1a: Goldsteel\n|-supereffective|p1a: Goldsteel|1\n|-damage|p1a: Goldsteel|24/100\n|move|p2b: Pelipper|Weather Ball|p1b: Mr. Rime\n|-damage|p1b: Mr. Rime|17/100\n|move|p1b: Mr. Rime|Skill Swap|p2a: Archaludon\n|-activate|p1b: Mr. Rime|Skill Swap|Stamina|Tangled Feet|[of] p2a: Archaludon\n|move|p1a: Goldsteel|Fissure|p2a: Archaludon\n|-damage|p2a: Archaludon|0 fnt\n|faint|p2a: Archaludon\n|-ohko\n|\n|-weather|RainDance|[upkeep]\n|upkeep\n|turn|6\n|inactive|Thiagovik has 30 seconds left.\n|inactive|Thiagovik has 20 seconds left.\n|inactive|Thiagovik has 15 seconds left.\n|inactive|Thiagovik has 10 seconds left.\n|\n|t:|1776618263\n|move|p1b: Mr. Rime|Protect|p1b: Mr. Rime\n|-singleturn|p1b: Mr. Rime|Protect\n|move|p2b: Pelipper|Weather Ball|p1a: Goldsteel\n|-supereffective|p1a: Goldsteel|1\n|-damage|p1a: Goldsteel|0 fnt\n|faint|p1a: Goldsteel\n|\n|-weather|RainDance|[upkeep]\n|-sideend|p2: epog123|move: Tailwind\n|upkeep\n|\n|t:|1776618273\n|switch|p1a: Whimsicott|Whimsicott, L50, F|100/100\n|turn|7\n|inactive|Thiagovik has 30 seconds left.\n|\n|t:|1776618305\n|move|p1a: Whimsicott|Encore|p2b: Pelipper\n|-start|p2b: Pelipper|Encore\n|move|p1b: Mr. Rime|Sheer Cold|p2b: Pelipper|[miss]\n|-miss|p1b: Mr. Rime|p2b: Pelipper\n|move|p2b: Pelipper|Weather Ball|p1b: Mr. Rime\n|-damage|p1b: Mr. Rime|0 fnt\n|faint|p1b: Mr. Rime\n|\n|-weather|none\n|upkeep\n|turn|8\n|\n|t:|1776618321\n|move|p1a: Whimsicott|Light Screen|p1a: Whimsicott\n|-sidestart|p1: Thiagovik|move: Light Screen\n|move|p2b: Pelipper|Weather Ball|p1a: Whimsicott\n|-damage|p1a: Whimsicott|89/100\n|\n|upkeep\n|turn|9\n|\n|t:|1776618327\n|move|p1a: Whimsicott|Dazzling Gleam|p2b: Pelipper\n|-damage|p2b: Pelipper|69/100\n|move|p2b: Pelipper|Weather Ball|p1a: Whimsicott\n|-damage|p1a: Whimsicott|77/100\n|\n|-end|p2b: Pelipper|Encore\n|upkeep\n|turn|10\n|\n|t:|1776618339\n|move|p1a: Whimsicott|Encore|p2b: Pelipper\n|-start|p2b: Pelipper|Encore\n|move|p2b: Pelipper|Weather Ball|p1a: Whimsicott\n|-damage|p1a: Whimsicott|64/100\n|\n|upkeep\n|turn|11\n|\n|t:|1776618347\n|move|p1a: Whimsicott|Dazzling Gleam|p2b: Pelipper\n|-damage|p2b: Pelipper|38/100\n|move|p2b: Pelipper|Weather Ball|p1a: Whimsicott\n|-damage|p1a: Whimsicott|51/100\n|\n|upkeep\n|turn|12\n|\n|t:|1776618354\n|move|p1a: Whimsicott|Dazzling Gleam|p2b: Pelipper\n|-damage|p2b: Pelipper|8/100\n|move|p2b: Pelipper|Weather Ball|p1a: Whimsicott\n|-damage|p1a: Whimsicott|38/100\n|\n|-end|p2b: Pelipper|Encore\n|-sideend|p1: Thiagovik|move: Light Screen\n|upkeep\n|turn|13\n|\n|t:|1776618364\n|move|p1a: Whimsicott|Dazzling Gleam|p2b: Pelipper\n|-damage|p2b: Pelipper|0 fnt\n|faint|p2b: Pelipper\n|\n|win|Thiagovik\n|raw|Thiagovik's rating: 1058 &rarr; <strong>1097</strong><br />(+39 for winning)\n|raw|epog123's rating: 1147 &rarr; <strong>1116</strong><br />(-31 for losing)\n|l|\u2606epog123\n|player|p2|\n",
  "uploadtime": 1776618376,
  "views": 11,
  "formatid": "gen9championsvgc2026regma",
  "rating": 1097,
  "private": 0,
  "password": null
}