{
  "id": "gen9championsvgc2026regma-2582226849",
  "format": "[Gen 9 Champions] VGC 2026 Reg M-A",
  "players": [
    "evokenz",
    "lemonoda"
  ],
  "log": "|j|\u2606evokenz\n|j|\u2606lemonoda\n|t:|1776073546\n|gametype|doubles\n|player|p1|evokenz|265|1155\n|player|p2|lemonoda|mars|1161\n|gen|9\n|tier|[Gen 9 Champions] VGC 2026 Reg M-A\n|rated|\n|rule|Species Clause: Limit one of each Pok\u00e9mon\n|rule|Item Clause: Limit 1 of each item\n|clearpoke\n|poke|p1|Dragapult, L50, M|\n|poke|p1|Sneasler, L50, F|\n|poke|p1|Incineroar, L50, M|\n|poke|p1|Maushold, L50|\n|poke|p1|Floette-Eternal, L50, F|\n|poke|p1|Kingambit, L50, M|\n|poke|p2|Archaludon, L50, M|\n|poke|p2|Pelipper, L50, F|\n|poke|p2|Basculegion, L50, M|\n|poke|p2|Sneasler, L50, F|\n|poke|p2|Incineroar, L50, F|\n|poke|p2|Sinistcha, L50|\n|teampreview|4\nevokenz has agreed to open team sheets.\nlemonoda has agreed to open team sheets.\n|showteam|p1|Dragapult|||ClearBody|DracoMeteor,ShadowBall,ThunderWave,WillOWisp|||M|||50|]Sneasler||WhiteHerb|Unburden|DireClaw,CloseCombat,RockTomb,Protect|||F|||50|]Incineroar||SitrusBerry|Intimidate|FakeOut,FlareBlitz,ThroatChop,PartingShot|||M|||50|]Maushold||ChopleBerry|FriendGuard|SuperFang,FollowMe,HelpingHand,ThunderWave||||||50|]Floette-Eternal||Floettite|FlowerVeil|Moonblast,DazzlingGleam,CalmMind,Protect|||F|||50|]Kingambit||BlackBelt|Defiant|KowtowCleave,SuckerPunch,SwordsDance,Protect|||M|||50|\n|showteam|p2|Archaludon||Leftovers|Stamina|ElectroShot,DracoMeteor,FlashCannon,Protect|||M|||50|]Pelipper||KingsRock|Drizzle|Hurricane,Surf,Tailwind,WideGuard|||F|||50|]Basculegion||MysticWater|SwiftSwim|LastRespects,WaveCrash,AquaJet,Protect|||M|||50|]Sneasler||WhiteHerb|Unburden|FakeOut,DireClaw,CloseCombat,Protect|||F|||50|]Incineroar||BlackGlasses|Intimidate|FakeOut,HelpingHand,ThroatChop,PartingShot|||F|||50|]Sinistcha||MentalHerb|Hospitality|MatchaGotcha,RagePowder,Protect,TrickRoom||||||50|\n|c|\u2606lemonoda|rock tomb kinda sus\n|\n|t:|1776073620\n|teamsize|p1|4\n|teamsize|p2|4\n|start\n|switch|p1a: Dragapult|Dragapult, L50, M|100/100\n|switch|p1b: Maushold|Maushold, L50|100/100\n|switch|p2a: Tea|Sinistcha, L50|100/100\n|switch|p2b: Cat|Incineroar, L50, F|100/100\n|-ability|p2b: Cat|Intimidate|boost\n|-fail|p1a: Dragapult|unboost|[from] ability: Clear Body|[of] p1a: Dragapult\n|-unboost|p1b: Maushold|atk|1\n|turn|1\n|\n|t:|1776073657\n|switch|p1b: Kingambit|Kingambit, L50, M|100/100\n|move|p1a: Dragapult|Shadow Ball|p2a: Tea\n|-supereffective|p2a: Tea|1\n|-damage|p2a: Tea|40/100\n|-unboost|p2a: Tea|spd|1\n|move|p2b: Cat|Throat Chop|p1a: Dragapult\n|-supereffective|p1a: Dragapult|1\n|-damage|p1a: Dragapult|0 fnt\n|faint|p1a: Dragapult\n|move|p2a: Tea|Trick Room|p2a: Tea\n|-fieldstart|move: Trick Room|[of] p2a: Tea\n|\n|upkeep\n|\n|t:|1776073675\n|switch|p1a: Sneasler|Sneasler, L50, F|100/100\n|turn|2\n|\n|t:|1776073699\n|switch|p2b: Bridge|Archaludon, L50, M|100/100\n|switch|p1a: Maushold|Maushold, L50|100/100\n|move|p2a: Tea|Protect|p2a: Tea\n|-singleturn|p2a: Tea|Protect\n|move|p1b: Kingambit|Swords Dance|p1b: Kingambit\n|-boost|p1b: Kingambit|atk|2\n|\n|upkeep\n|turn|3\n|\n|t:|1776073723\n|switch|p2a: Beans|Pelipper, L50, F, shiny|100/100\n|-weather|RainDance|[from] ability: Drizzle|[of] p2a: Beans\n|move|p1b: Kingambit|Kowtow Cleave|p2a: Beans\n|-damage|p2a: Beans|2/100\n|move|p2b: Bridge|Electro Shot||[still]\n|-prepare|p2b: Bridge|Electro Shot\n|-boost|p2b: Bridge|spa|1\n|-anim|p2b: Bridge|Electro Shot|p1b: Kingambit\n|-damage|p1b: Kingambit|48/100\n|move|p1a: Maushold|Super Fang|p2b: Bridge\n|-damage|p2b: Bridge|51/100\n|-ability|p2b: Bridge|Stamina|boost\n|-boost|p2b: Bridge|def|1\n|\n|-weather|RainDance|[upkeep]\n|-heal|p2b: Bridge|57/100|[from] item: Leftovers\n|upkeep\n|turn|4\n|\n|t:|1776073752\n|move|p1a: Maushold|Follow Me|p1a: Maushold\n|-singleturn|p1a: Maushold|move: Follow Me\n|move|p1b: Kingambit|Kowtow Cleave|p2b: Bridge\n|-damage|p2b: Bridge|0 fnt\n|faint|p2b: Bridge\n|move|p2a: Beans|Surf|p1b: Kingambit|[spread] p1a,p1b\n|-damage|p1a: Maushold|63/100\n|-damage|p1b: Kingambit|23/100\n|\n|-weather|RainDance|[upkeep]\n|upkeep\n|\n|t:|1776073761\n|switch|p2b: Tea|Sinistcha, L50|40/100\n|-heal|p2a: Beans|26/100|[from] ability: Hospitality|[of] p2b: Tea\n|turn|5\n|\n|t:|1776073774\n|move|p1b: Kingambit|Sucker Punch|p2a: Beans\n|-damage|p2a: Beans|0 fnt\n|faint|p2a: Beans\n|move|p2b: Tea|Matcha Gotcha|p1b: Kingambit|[spread] p1a,p1b\n|-resisted|p1b: Kingambit|1\n|-damage|p1a: Maushold|36/100\n|-heal|p2b: Tea|54/100|[from] drain|[of] p1a: Maushold\n|-damage|p1b: Kingambit|15/100\n|-heal|p2b: Tea|58/100|[from] drain|[of] p1b: Kingambit\n|-status|p1a: Maushold|brn\n|move|p1a: Maushold|Thunder Wave|p2b: Tea\n|-status|p2b: Tea|par\n|\n|-weather|RainDance|[upkeep]\n|-damage|p1a: Maushold|30/100 brn|[from] brn\n|-fieldend|move: Trick Room\n|upkeep\n|\n|t:|1776073787\n|switch|p2a: Cat|Incineroar, L50, F|100/100\n|-ability|p2a: Cat|Intimidate|boost\n|-unboost|p1a: Maushold|atk|1\n|-unboost|p1b: Kingambit|atk|1\n|-ability|p1b: Kingambit|Defiant|boost\n|-boost|p1b: Kingambit|atk|2\n|turn|6\n|\n|t:|1776073805\n|move|p2a: Cat|Fake Out|p1b: Kingambit\n|-resisted|p1b: Kingambit|1\n|-damage|p1b: Kingambit|12/100\n|move|p1a: Maushold|Follow Me|p1a: Maushold\n|-singleturn|p1a: Maushold|move: Follow Me\n|cant|p1b: Kingambit|flinch\n|move|p2b: Tea|Matcha Gotcha|p1a: Maushold|[spread] p1a,p1b\n|-resisted|p1b: Kingambit|1\n|-damage|p1a: Maushold|3/100 brn\n|-heal|p2b: Tea|72/100 par|[from] drain|[of] p1a: Maushold\n|-damage|p1b: Kingambit|3/100\n|-heal|p2b: Tea|77/100 par|[from] drain|[of] p1b: Kingambit\n|-status|p1b: Kingambit|brn\n|\n|-weather|RainDance|[upkeep]\n|-damage|p1a: Maushold|0 fnt|[from] brn\n|faint|p1a: Maushold\n|-damage|p1b: Kingambit|0 fnt|[from] brn\n|faint|p1b: Kingambit\n|upkeep\n|\n|t:|1776073824\n|switch|p1a: Sneasler|Sneasler, L50, F|100/100\n|turn|7\n|c|\u2606lemonoda|massive burn\n|c|\u2606evokenz|yea\n|\n|t:|1776073861\n|move|p2b: Tea|Rage Powder|p2b: Tea\n|-singleturn|p2b: Tea|move: Rage Powder\n|move|p1a: Sneasler|Dire Claw|p2b: Tea\n|-damage|p2b: Tea|40/100 par\n|move|p2a: Cat|Throat Chop|p1a: Sneasler\n|-resisted|p1a: Sneasler|1\n|-damage|p1a: Sneasler|66/100\n|-start|p1a: Sneasler|Throat Chop|[silent]\n|\n|-weather|none\n|upkeep\n|turn|8\n|\n|t:|1776073882\n|move|p1a: Sneasler|Close Combat|p2a: Cat\n|-supereffective|p2a: Cat|1\n|-damage|p2a: Cat|0 fnt\n|-unboost|p1a: Sneasler|def|1\n|-unboost|p1a: Sneasler|spd|1\n|faint|p2a: Cat\n|-enditem|p1a: Sneasler|White Herb\n|-clearnegativeboost|p1a: Sneasler|[silent]\n|move|p2b: Tea|Trick Room|p2b: Tea\n|-fieldstart|move: Trick Room|[of] p2b: Tea\n|\n|-end|p1a: Sneasler|Throat Chop|[silent]\n|upkeep\n|turn|9\n|\n|t:|1776073893\n|move|p2b: Tea|Matcha Gotcha|p1a: Sneasler|[miss]\n|-miss|p2b: Tea|p1a: Sneasler\n|move|p1a: Sneasler|Dire Claw|p2b: Tea\n|-damage|p2b: Tea|1/100 par\n|\n|upkeep\n|turn|10\n|\n|t:|1776073901\n|move|p2b: Tea|Matcha Gotcha|p1a: Sneasler\n|-resisted|p1a: Sneasler|1\n|-damage|p1a: Sneasler|45/100\n|-heal|p2b: Tea|11/100 par|[from] drain|[of] p1a: Sneasler\n|move|p1a: Sneasler|Dire Claw|p2b: Tea\n|-damage|p2b: Tea|0 fnt\n|faint|p2b: Tea\n|\n|win|evokenz\n|raw|evokenz's rating: 1155 &rarr; <strong>1180</strong><br />(+25 for winning)\n|raw|lemonoda's rating: 1161 &rarr; <strong>1136</strong><br />(-25 for losing)\n",
  "uploadtime": 1776073902,
  "views": 12,
  "formatid": "gen9championsvgc2026regma",
  "rating": 1136,
  "private": 0,
  "password": null
}