{
  "id": "gen9championsvgc2026regma-2588013094",
  "format": "[Gen 9 Champions] VGC 2026 Reg M-A",
  "players": [
    "JeyK05",
    "bjhhrtr"
  ],
  "log": "|j|\u2606JeyK05\n|j|\u2606bjhhrtr\n|t:|1776592891\n|gametype|doubles\n|player|p1|JeyK05|ingo|1060\n|player|p2|bjhhrtr|1|1100\n|gen|9\n|tier|[Gen 9 Champions] VGC 2026 Reg M-A\n|rated|\n|rule|Species Clause: Limit one of each Pok\u00e9mon\n|rule|Item Clause: Limit 1 of each item\n|clearpoke\n|poke|p1|Tyranitar, L50, F|\n|poke|p1|Starmie, L50|\n|poke|p1|Garchomp, L50, F|\n|poke|p1|Aerodactyl, L50, F|\n|poke|p1|Rotom-Heat, L50|\n|poke|p1|Aegislash, L50, M|\n|poke|p2|Meganium, L50, F|\n|poke|p2|Archaludon, L50, M|\n|poke|p2|Aerodactyl, L50, F|\n|poke|p2|Typhlosion-Hisui, L50, M|\n|poke|p2|Tauros-Paldea-Aqua, L50, M|\n|poke|p2|Kangaskhan, L50, F|\n|teampreview|4\n|\n|t:|1776592932\n|teamsize|p1|4\n|teamsize|p2|4\n|start\n|switch|p1a: Aegislash|Aegislash, L50, M|100/100\n|switch|p1b: Tyranitar|Tyranitar, L50, F|100/100\n|switch|p2a: Aerodactyl|Aerodactyl, L50, F|100/100\n|switch|p2b: Tauros|Tauros-Paldea-Aqua, L50, M|100/100\n|-ability|p2a: Aerodactyl|Unnerve\n|-weather|Sandstorm|[from] ability: Sand Stream|[of] p1b: Tyranitar\n|-ability|p2b: Tauros|Intimidate|boost\n|-unboost|p1a: Aegislash|atk|1\n|-unboost|p1b: Tyranitar|atk|1\n|turn|1\n|inactive|Battle timer is ON: inactive players will automatically lose when time's up. (requested by JeyK05)\n|\n|t:|1776592976\n|switch|p1b: Starmie|Starmie, L50|100/100\n|move|p1a: Aegislash|King's Shield|p1a: Aegislash\n|-singleturn|p1a: Aegislash|Protect\n|move|p2a: Aerodactyl|Tailwind|p2a: Aerodactyl\n|-sidestart|p2: bjhhrtr|move: Tailwind\n|move|p2b: Tauros|Wave Crash|p1a: Aegislash\n|-activate|p1a: Aegislash|move: Protect\n|-unboost|p2b: Tauros|atk|1\n|-enditem|p2b: Tauros|White Herb\n|-clearnegativeboost|p2b: Tauros|[silent]\n|\n|-weather|Sandstorm|[upkeep]\n|-damage|p2b: Tauros|95/100|[from] Sandstorm\n|-damage|p1b: Starmie|95/100|[from] Sandstorm\n|upkeep\n|turn|2\n|inactive|JeyK05 has 30 seconds left.\n|inactive|bjhhrtr has 30 seconds left.\n|inactive|bjhhrtr has 20 seconds left.\n|inactive|bjhhrtr has 15 seconds left.\n|inactive|bjhhrtr has 10 seconds left.\n|inactive|bjhhrtr has 5 seconds left.\n|\n|t:|1776593030\n|switch|p2b: Meganium|Meganium, L50, F|100/100\n|move|p2a: Aerodactyl|Protect|p2a: Aerodactyl\n|-singleturn|p2a: Aerodactyl|Protect\n|move|p1b: Starmie|Protect|p1b: Starmie\n|-singleturn|p1b: Starmie|Protect\n|-formechange|p1a: Aegislash|Aegislash-Blade|\n|move|p1a: Aegislash|Flash Cannon|p2a: Aerodactyl\n|-activate|p2a: Aerodactyl|move: Protect\n|\n|-weather|Sandstorm|[upkeep]\n|-damage|p2b: Meganium|95/100|[from] Sandstorm\n|-damage|p1b: Starmie|89/100|[from] Sandstorm\n|upkeep\n|turn|3\n|inactive|JeyK05 has 30 seconds left.\n|\n|t:|1776593056\n|switch|p2a: Archaludon|Archaludon, L50, M|100/100\n|detailschange|p2b: Meganium|Meganium-Mega, L50, F\n|-mega|p2b: Meganium|Meganium|Meganiumite\n|detailschange|p1b: Starmie|Starmie-Mega, L50\n|-mega|p1b: Starmie|Starmie|Starminite\n|-formechange|p1a: Aegislash|Aegislash|\n|move|p1a: Aegislash|King's Shield|p1a: Aegislash\n|-singleturn|p1a: Aegislash|Protect\n|move|p2b: Meganium|Dazzling Gleam|p1b: Starmie|[spread] p1b\n|-activate|p1a: Aegislash|move: Protect\n|-damage|p1b: Starmie|48/100\n|move|p1b: Starmie|Liquidation|p2a: Archaludon\n|-resisted|p2a: Archaludon|1\n|-damage|p2a: Archaludon|71/100\n|\n|-weather|Sandstorm|[upkeep]\n|-damage|p2b: Meganium|89/100|[from] Sandstorm\n|-damage|p1b: Starmie|42/100|[from] Sandstorm\n|upkeep\n|turn|4\n|inactive|JeyK05 has 30 seconds left.\n|inactive|bjhhrtr has 30 seconds left.\n|\n|t:|1776593084\n|move|p1b: Starmie|Protect|p1b: Starmie\n|-singleturn|p1b: Starmie|Protect\n|move|p2a: Archaludon|Thunderbolt|p1b: Starmie\n|-activate|p1b: Starmie|move: Protect\n|move|p2b: Meganium|Weather Ball|p1a: Aegislash\n|-supereffective|p1a: Aegislash|1\n|-damage|p1a: Aegislash|9/100\n|-formechange|p1a: Aegislash|Aegislash-Blade|\n|move|p1a: Aegislash|Shadow Ball|p2a: Archaludon\n|-damage|p2a: Archaludon|0 fnt\n|faint|p2a: Archaludon\n|\n|-weather|Sandstorm|[upkeep]\n|-damage|p2b: Meganium|83/100|[from] Sandstorm\n|-damage|p1b: Starmie|36/100|[from] Sandstorm\n|-heal|p1a: Aegislash|15/100|[from] item: Leftovers\n|-sideend|p2: bjhhrtr|move: Tailwind\n|upkeep\n|\n|t:|1776593103\n|switch|p2a: Aerodactyl|Aerodactyl, L50, F|100/100\n|-ability|p2a: Aerodactyl|Unnerve\n|turn|5\n|\n|t:|1776593120\n|move|p1a: Aegislash|Wide Guard|p1a: Aegislash\n|-singleturn|p1a: Aegislash|Wide Guard\n|move|p2a: Aerodactyl|Tailwind|p2a: Aerodactyl\n|-sidestart|p2: bjhhrtr|move: Tailwind\n|move|p2b: Meganium|Solar Beam||[still]\n|-prepare|p2b: Meganium|Solar Beam\n|-activate|p2b: Meganium|ability: Mega Sol\n|-anim|p2b: Meganium|Solar Beam|p1b: Starmie\n|-supereffective|p1b: Starmie|1\n|-damage|p1b: Starmie|0 fnt\n|faint|p1b: Starmie\n|\n|-weather|none\n|-heal|p1a: Aegislash|21/100|[from] item: Leftovers\n|upkeep\n|\n|t:|1776593135\n|switch|p1b: Aerodactyl|Aerodactyl, L50, F|100/100\n|turn|6\n|\n|t:|1776593147\n|-formechange|p1a: Aegislash|Aegislash|\n|move|p1a: Aegislash|King's Shield||[still]\n|-fail|p1a: Aegislash\n|move|p2a: Aerodactyl|Rock Slide|p1b: Aerodactyl|[spread] p1a,p1b\n|-resisted|p1a: Aegislash|1\n|-supereffective|p1b: Aerodactyl|1\n|-damage|p1a: Aegislash|11/100\n|-damage|p1b: Aerodactyl|27/100\n|move|p2b: Meganium|Dazzling Gleam|p1a: Aegislash|[spread] p1a,p1b\n|-resisted|p1a: Aegislash|1\n|-damage|p1a: Aegislash|0 fnt\n|-damage|p1b: Aerodactyl|0 fnt\n|faint|p1a: Aegislash\n|faint|p1b: Aerodactyl\n|\n|upkeep\n|\n|t:|1776593170\n|switch|p1b: Tyranitar|Tyranitar, L50, F|100/100\n|-weather|Sandstorm|[from] ability: Sand Stream|[of] p1b: Tyranitar\n|turn|7\n|\n|t:|1776593184\n|move|p2a: Aerodactyl|Rock Slide|p1b: Tyranitar\n|-damage|p1b: Tyranitar|69/100\n|move|p2b: Meganium|Dazzling Gleam|p1b: Tyranitar\n|-supereffective|p1b: Tyranitar|1\n|-damage|p1b: Tyranitar|0 fnt\n|faint|p1b: Tyranitar\n|\n|win|bjhhrtr\n|raw|JeyK05's rating: 1060 &rarr; <strong>1043</strong><br />(-17 for losing)\n|raw|bjhhrtr's rating: 1100 &rarr; <strong>1122</strong><br />(+22 for winning)\n",
  "uploadtime": 1776593191,
  "views": 9,
  "formatid": "gen9championsvgc2026regma",
  "rating": 1043,
  "private": 0,
  "password": null
}