{
  "id": "gen9championsvgc2026regma-2588796400",
  "format": "[Gen 9 Champions] VGC 2026 Reg M-A",
  "players": [
    "Crash0utVGC",
    "NewDay5"
  ],
  "log": "|j|\u2606Crash0utVGC\n|j|\u2606NewDay5\n|t:|1776671919\n|gametype|doubles\n|player|p1|Crash0utVGC|colress|1202\n|player|p2|NewDay5|shadowtriad|1152\n|gen|9\n|tier|[Gen 9 Champions] VGC 2026 Reg M-A\n|rated|\n|rule|Species Clause: Limit one of each Pok\u00e9mon\n|rule|Item Clause: Limit 1 of each item\n|clearpoke\n|poke|p1|Charizard, L50, M|\n|poke|p1|Sinistcha-Masterpiece, L50|\n|poke|p1|Tyranitar, L50, M, shiny|\n|poke|p1|Incineroar, L50, F|\n|poke|p1|Milotic, L50, M, shiny|\n|poke|p1|Sneasler, L50, F, shiny|\n|poke|p2|Sneasler, L50, M|\n|poke|p2|Archaludon, L50, M|\n|poke|p2|Pelipper, L50, F|\n|poke|p2|Scovillain, L50, M|\n|poke|p2|Manectric, L50, F|\n|poke|p2|Kommo-o, L50, M|\n|teampreview|4\n|\n|t:|1776671960\n|teamsize|p1|4\n|teamsize|p2|4\n|start\n|switch|p1a: Charizard|Charizard, L50, M|100/100\n|switch|p1b: Sneasler|Sneasler, L50, F, shiny|100/100\n|switch|p2a: Sneasler|Sneasler, L50, M|100/100\n|switch|p2b: Pelipper|Pelipper, L50, F|100/100\n|-weather|RainDance|[from] ability: Drizzle|[of] p2b: Pelipper\n|turn|1\n|\n|t:|1776671973\n|detailschange|p1a: Charizard|Charizard-Mega-X, L50, M\n|-mega|p1a: Charizard|Charizard|Charizardite X\n|move|p1b: Sneasler|Fake Out|p2b: Pelipper\n|-damage|p2b: Pelipper|86/100\n|move|p2a: Sneasler|Rock Slide|p1b: Sneasler|[spread] p1a,p1b\n|-supereffective|p1a: Charizard|1\n|-resisted|p1b: Sneasler|1\n|-damage|p1a: Charizard|58/100\n|-damage|p1b: Sneasler|83/100\n|move|p1a: Charizard|Breaking Swipe|p2b: Pelipper|[spread] p2a,p2b\n|-damage|p2a: Sneasler|51/100\n|-damage|p2b: Pelipper|54/100\n|-unboost|p2a: Sneasler|atk|1\n|-unboost|p2b: Pelipper|atk|1\n|-enditem|p2a: Sneasler|White Herb\n|-clearnegativeboost|p2a: Sneasler|[silent]\n|cant|p2b: Pelipper|flinch\n|\n|-weather|RainDance|[upkeep]\n|upkeep\n|turn|2\n|\n|t:|1776671993\n|switch|p1b: Tyranitar|Tyranitar, L50, M, shiny|100/100\n|-weather|Sandstorm|[from] ability: Sand Stream|[of] p1b: Tyranitar\n|move|p1a: Charizard|Protect|p1a: Charizard\n|-singleturn|p1a: Charizard|Protect\n|move|p2a: Sneasler|Close Combat|p1a: Charizard\n|-activate|p1a: Charizard|move: Protect\n|move|p2b: Pelipper|Tailwind|p2b: Pelipper\n|-sidestart|p2: NewDay5|move: Tailwind\n|\n|-weather|Sandstorm|[upkeep]\n|-damage|p2a: Sneasler|46/100|[from] Sandstorm\n|-damage|p2b: Pelipper|48/100|[from] Sandstorm\n|-damage|p1a: Charizard|53/100|[from] Sandstorm\n|upkeep\n|turn|3\n|\n|t:|1776672006\n|switch|p1b: Sinistcha|Sinistcha-Masterpiece, L50|100/100\n|-heal|p1a: Charizard|77/100|[from] ability: Hospitality|[of] p1b: Sinistcha\n|move|p2a: Sneasler|Close Combat|p1b: Sinistcha\n|-immune|p1b: Sinistcha\n|move|p2b: Pelipper|Weather Ball|p1a: Charizard\n|-supereffective|p1a: Charizard|1\n|-damage|p1a: Charizard|15/100\n|move|p1a: Charizard|Breaking Swipe|p2a: Sneasler|[spread] p2a,p2b\n|-damage|p2a: Sneasler|0 fnt\n|-damage|p2b: Pelipper|14/100\n|-unboost|p2b: Pelipper|atk|1\n|faint|p2a: Sneasler\n|\n|-weather|Sandstorm|[upkeep]\n|-damage|p2b: Pelipper|8/100|[from] Sandstorm\n|-damage|p1a: Charizard|9/100|[from] Sandstorm\n|-damage|p1b: Sinistcha|94/100|[from] Sandstorm\n|upkeep\n|\n|t:|1776672024\n|switch|p2a: Scovillain|Scovillain, L50, M|100/100\n|turn|4\n|\n|t:|1776672046\n|switch|p2b: Kommo-o|Kommo-o, L50, M|100/100\n|detailschange|p2a: Scovillain|Scovillain-Mega, L50, M\n|-mega|p2a: Scovillain|Scovillain|Scovillainite\n|move|p1a: Charizard|Protect|p1a: Charizard\n|-singleturn|p1a: Charizard|Protect\n|move|p2a: Scovillain|Flamethrower|p1b: Sinistcha\n|-supereffective|p1b: Sinistcha|1\n|-damage|p1b: Sinistcha|2/100\n|-enditem|p1b: Sinistcha|Sitrus Berry|[eat]\n|-heal|p1b: Sinistcha|26/100|[from] item: Sitrus Berry\n|move|p1b: Sinistcha|Life Dew|p1b: Sinistcha|[spread] p1a,p1b\n|-heal|p1a: Charizard|34/100\n|-heal|p1b: Sinistcha|51/100\n|\n|-weather|Sandstorm|[upkeep]\n|-damage|p2b: Kommo-o|94/100|[from] Sandstorm\n|-damage|p2a: Scovillain|94/100|[from] Sandstorm\n|-damage|p1a: Charizard|29/100|[from] Sandstorm\n|-damage|p1b: Sinistcha|45/100|[from] Sandstorm\n|upkeep\n|turn|5\n|\n|t:|1776672071\n|switch|p1a: Sneasler|Sneasler, L50, F, shiny|83/100\n|move|p2a: Scovillain|Rage Powder|p2a: Scovillain\n|-singleturn|p2a: Scovillain|move: Rage Powder\n|move|p2b: Kommo-o|Clangorous Soul|p2b: Kommo-o\n|-boost|p2b: Kommo-o|atk|1\n|-boost|p2b: Kommo-o|def|1\n|-boost|p2b: Kommo-o|spa|1\n|-boost|p2b: Kommo-o|spd|1\n|-boost|p2b: Kommo-o|spe|1\n|-damage|p2b: Kommo-o|61/100\n|move|p1b: Sinistcha|Life Dew|p1b: Sinistcha|[spread] p1a,p1b\n|-heal|p1a: Sneasler|100/100\n|-heal|p1b: Sinistcha|70/100\n|\n|-weather|Sandstorm|[upkeep]\n|-damage|p2b: Kommo-o|55/100|[from] Sandstorm\n|-damage|p2a: Scovillain|88/100|[from] Sandstorm\n|-damage|p1a: Sneasler|95/100|[from] Sandstorm\n|-damage|p1b: Sinistcha|64/100|[from] Sandstorm\n|-sideend|p2: NewDay5|move: Tailwind\n|upkeep\n|turn|6\n|\n|t:|1776672100\n|switch|p1b: Charizard|Charizard-Mega-X, L50, M|29/100\n|move|p2b: Kommo-o|Protect|p2b: Kommo-o\n|-singleturn|p2b: Kommo-o|Protect\n|move|p1a: Sneasler|Fake Out|p2b: Kommo-o\n|-activate|p2b: Kommo-o|move: Protect\n|move|p2a: Scovillain|Flamethrower|p1b: Charizard\n|-resisted|p1b: Charizard|2\n|-damage|p1b: Charizard|16/100\n|\n|-weather|none\n|upkeep\n|turn|7\n|\n|t:|1776672122\n|switch|p1a: Sinistcha|Sinistcha-Masterpiece, L50|64/100\n|-heal|p1b: Charizard|41/100|[from] ability: Hospitality|[of] p1a: Sinistcha\n|move|p1b: Charizard|Protect|p1b: Charizard\n|-singleturn|p1b: Charizard|Protect\n|move|p2a: Scovillain|Rage Powder|p2a: Scovillain\n|-singleturn|p2a: Scovillain|move: Rage Powder\n|move|p2b: Kommo-o|Clanging Scales|p1b: Charizard|[spread] p1a\n|-activate|p1b: Charizard|move: Protect\n|-damage|p1a: Sinistcha|25/100\n|-unboost|p2b: Kommo-o|def|1\n|\n|upkeep\n|turn|8\n|\n|t:|1776672138\n|switch|p1b: Tyranitar|Tyranitar, L50, M, shiny|100/100\n|-weather|Sandstorm|[from] ability: Sand Stream|[of] p1b: Tyranitar\n|move|p2b: Kommo-o|Drain Punch|p1b: Tyranitar\n|-supereffective|p1b: Tyranitar|2\n|-crit|p1b: Tyranitar\n|-damage|p1b: Tyranitar|0 fnt\n|-heal|p2b: Kommo-o|100/100|[from] drain|[of] p1b: Tyranitar\n|faint|p1b: Tyranitar\n|move|p2a: Scovillain|Flamethrower|p1a: Sinistcha\n|-supereffective|p1a: Sinistcha|1\n|-damage|p1a: Sinistcha|0 fnt\n|faint|p1a: Sinistcha\n|\n|-weather|Sandstorm|[upkeep]\n|-damage|p2b: Kommo-o|94/100|[from] Sandstorm\n|-damage|p2a: Scovillain|82/100|[from] Sandstorm\n|upkeep\n|\n|t:|1776672142\n|switch|p1a: Sneasler|Sneasler, L50, F, shiny|95/100\n|switch|p1b: Charizard|Charizard-Mega-X, L50, M|41/100\n|turn|9\n|\n|t:|1776672157\n|move|p2b: Kommo-o|Protect|p2b: Kommo-o\n|-singleturn|p2b: Kommo-o|Protect\n|move|p2a: Scovillain|Protect|p2a: Scovillain\n|-singleturn|p2a: Scovillain|Protect\n|move|p1a: Sneasler|Fake Out|p2b: Kommo-o\n|-activate|p2b: Kommo-o|move: Protect\n|move|p1b: Charizard|Dragon Dance|p1b: Charizard\n|-boost|p1b: Charizard|atk|1\n|-boost|p1b: Charizard|spe|1\n|\n|-weather|Sandstorm|[upkeep]\n|-damage|p1b: Charizard|35/100|[from] Sandstorm\n|-damage|p1a: Sneasler|89/100|[from] Sandstorm\n|-damage|p2b: Kommo-o|88/100|[from] Sandstorm\n|-damage|p2a: Scovillain|75/100|[from] Sandstorm\n|upkeep\n|turn|10\n|\n|t:|1776672178\n|move|p2a: Scovillain|Rage Powder|p2a: Scovillain\n|-singleturn|p2a: Scovillain|move: Rage Powder\n|move|p1b: Charizard|Breaking Swipe|p2b: Kommo-o|[spread] p2a,p2b\n|-supereffective|p2b: Kommo-o|1\n|-damage|p2a: Scovillain|23/100\n|-damage|p2b: Kommo-o|11/100\n|-unboost|p2a: Scovillain|atk|1\n|-unboost|p2b: Kommo-o|atk|1\n|-immune|p1b: Charizard\n|-enditem|p2b: Kommo-o|Sitrus Berry|[eat]\n|-heal|p2b: Kommo-o|36/100|[from] item: Sitrus Berry\n|move|p1a: Sneasler|Dire Claw|p2a: Scovillain\n|-supereffective|p2a: Scovillain|1\n|-damage|p2a: Scovillain|0 fnt\n|-status|p1a: Sneasler|brn|[from] ability: Spicy Spray|[of] p2a: Scovillain\n|faint|p2a: Scovillain\n|move|p2b: Kommo-o|Drain Punch|p1b: Charizard\n|-damage|p1b: Charizard|3/100\n|-heal|p2b: Kommo-o|52/100|[from] drain|[of] p1b: Charizard\n|\n|-weather|Sandstorm|[upkeep]\n|-damage|p1b: Charizard|0 fnt|[from] Sandstorm\n|-damage|p1a: Sneasler|83/100 brn|[from] Sandstorm\n|-damage|p2b: Kommo-o|46/100|[from] Sandstorm\n|faint|p1b: Charizard\n|-damage|p1a: Sneasler|77/100 brn|[from] brn\n|upkeep\n|-message|Crash0utVGC forfeited.\n|\n|win|NewDay5\n|raw|Crash0utVGC's rating: 1202 &rarr; <strong>1173</strong><br />(-29 for losing)\n|raw|NewDay5's rating: 1152 &rarr; <strong>1181</strong><br />(+29 for winning)\n",
  "uploadtime": 1776672185,
  "views": 12,
  "formatid": "gen9championsvgc2026regma",
  "rating": 1173,
  "private": 0,
  "password": null
}