{
  "id": "gen9championsvgc2026regma-2587787039",
  "format": "[Gen 9 Champions] VGC 2026 Reg M-A",
  "players": [
    "waiseng",
    "CarajilloMan"
  ],
  "log": "|j|\u2606waiseng\n|j|\u2606CarajilloMan\n|t:|1776563950\n|gametype|doubles\n|player|p1|waiseng|giovanni|1446\n|player|p2|CarajilloMan|ninjaboy|1440\n|gen|9\n|tier|[Gen 9 Champions] VGC 2026 Reg M-A\n|rated|\n|rule|Species Clause: Limit one of each Pok\u00e9mon\n|rule|Item Clause: Limit 1 of each item\n|clearpoke\n|poke|p1|Aerodactyl, L50, M|\n|poke|p1|Floette-Eternal, L50, F|\n|poke|p1|Garchomp, L50, M|\n|poke|p1|Incineroar, L50, M|\n|poke|p1|Rotom-Wash, L50|\n|poke|p1|Sneasler, L50, F|\n|poke|p2|Froslass, L50, F|\n|poke|p2|Milotic, L50, F|\n|poke|p2|Aegislash, L50, M|\n|poke|p2|Klefki, L50, F|\n|poke|p2|Lopunny, L50, M|\n|poke|p2|Rotom-Mow, L50|\n|teampreview|4\n|\n|t:|1776563991\n|teamsize|p1|4\n|teamsize|p2|4\n|start\n|switch|p1a: Floette|Floette-Eternal, L50, F|100/100\n|switch|p1b: Rotom|Rotom-Wash, L50|100/100\n|switch|p2a: Lopunny|Lopunny, L50, M|100/100\n|switch|p2b: Rotom|Rotom-Mow, L50|100/100\n|turn|1\n|\n|t:|1776564030\n|detailschange|p2a: Lopunny|Lopunny-Mega, L50, M\n|-mega|p2a: Lopunny|Lopunny|Lopunnite\n|detailschange|p1a: Floette|Floette-Mega, L50, F\n|-mega|p1a: Floette|Floette|Floettite\n|-ability|p1a: Floette|Fairy Aura\n|move|p2a: Lopunny|Fake Out|p1a: Floette\n|-damage|p1a: Floette|80/100\n|move|p2b: Rotom|Leaf Storm|p1b: Rotom\n|-supereffective|p1b: Rotom|1\n|-damage|p1b: Rotom|0 fnt\n|-unboost|p2b: Rotom|spa|2\n|faint|p1b: Rotom\n|cant|p1a: Floette|flinch\n|\n|upkeep\n|\n|t:|1776564049\n|switch|p1b: Aerodactyl|Aerodactyl, L50, M|100/100\n|-ability|p1b: Aerodactyl|Unnerve\n|turn|2\n|\n|t:|1776564063\n|switch|p2a: Klefki|Klefki, L50, F|100/100\n|move|p2b: Rotom|Leaf Storm|p1b: Aerodactyl\n|-damage|p1b: Aerodactyl|65/100\n|-unboost|p2b: Rotom|spa|2\n|move|p1b: Aerodactyl|Tailwind|p1b: Aerodactyl\n|-sidestart|p1: waiseng|move: Tailwind\n|move|p1a: Floette|Calm Mind|p1a: Floette\n|-boost|p1a: Floette|spa|1\n|-boost|p1a: Floette|spd|1\n|\n|upkeep\n|turn|3\n|\n|t:|1776564080\n|switch|p2b: Aegislash|Aegislash, L50, M|100/100\n|move|p2a: Klefki|Light Screen|p2a: Klefki\n|-sidestart|p2: CarajilloMan|move: Light Screen\n|move|p1b: Aerodactyl|Rock Slide|p2a: Klefki|[spread] p2a,p2b\n|-resisted|p2a: Klefki|1\n|-resisted|p2b: Aegislash|1\n|-damage|p2a: Klefki|89/100\n|-damage|p2b: Aegislash|90/100\n|move|p1a: Floette|Moonblast|p2a: Klefki\n|-resisted|p2a: Klefki|1\n|-damage|p2a: Klefki|44/100\n|\n|upkeep\n|turn|4\n|\n|t:|1776564101\n|move|p2a: Klefki|Thunder Wave|p1a: Floette\n|-status|p1a: Floette|par\n|move|p1b: Aerodactyl|Rock Slide|p2b: Aegislash|[spread] p2a,p2b\n|-resisted|p2a: Klefki|1\n|-resisted|p2b: Aegislash|1\n|-damage|p2a: Klefki|33/100\n|-damage|p2b: Aegislash|81/100\n|move|p1a: Floette|Dazzling Gleam|p2a: Klefki|[spread] p2a,p2b\n|-resisted|p2a: Klefki|1\n|-resisted|p2b: Aegislash|1\n|-damage|p2a: Klefki|8/100\n|-damage|p2b: Aegislash|62/100\n|move|p2b: Aegislash|Swords Dance|p2b: Aegislash\n|-boost|p2b: Aegislash|atk|2\n|\n|upkeep\n|turn|5\n|j| wedls\n|\n|t:|1776564124\n|move|p2a: Klefki|Reflect|p2a: Klefki\n|-sidestart|p2: CarajilloMan|Reflect\n|move|p1b: Aerodactyl|Rock Slide|p2b: Aegislash|[spread] p2a,p2b\n|-resisted|p2a: Klefki|1\n|-resisted|p2b: Aegislash|1\n|-damage|p2a: Klefki|0 fnt\n|-damage|p2b: Aegislash|55/100\n|faint|p2a: Klefki\n|move|p1a: Floette|Dazzling Gleam|p2b: Aegislash\n|-resisted|p2b: Aegislash|1\n|-damage|p2b: Aegislash|30/100\n|-formechange|p2b: Aegislash|Aegislash-Blade|\n|move|p2b: Aegislash|Poltergeist|p1a: Floette\n|-activate|p1a: Floette|move: Poltergeist|Floettite\n|-damage|p1a: Floette|0 fnt\n|faint|p1a: Floette\n|\n|-sideend|p1: waiseng|move: Tailwind\n|upkeep\n|\n|t:|1776564141\n|switch|p1a: Garchomp|Garchomp, L50, M|100/100\n|switch|p2a: Lopunny|Lopunny-Mega, L50, M|100/100\n|turn|6\n|inactive|Battle timer is ON: inactive players will automatically lose when time's up. (requested by waiseng)\n|\n|t:|1776564158\n|switch|p2b: Rotom|Rotom-Mow, L50|100/100\n|move|p1b: Aerodactyl|Protect|p1b: Aerodactyl\n|-singleturn|p1b: Aerodactyl|Protect\n|move|p1a: Garchomp|Protect|p1a: Garchomp\n|-singleturn|p1a: Garchomp|Protect\n|move|p2a: Lopunny|Triple Axel|p1a: Garchomp\n|-activate|p1a: Garchomp|move: Protect\n|\n|upkeep\n|turn|7\n|\n|t:|1776564177\n|move|p2b: Rotom|Volt Switch|p1b: Aerodactyl\n|-supereffective|p1b: Aerodactyl|1\n|-damage|p1b: Aerodactyl|0 fnt\n|faint|p1b: Aerodactyl\n|\n|t:|1776564181\n|switch|p2b: Aegislash|Aegislash, L50, M|30/100|[from] Volt Switch\n|move|p2a: Lopunny|Triple Axel|p1a: Garchomp\n|-supereffective|p1a: Garchomp|2\n|-damage|p1a: Garchomp|71/100\n|-damage|p2a: Lopunny|89/100|[from] ability: Rough Skin|[of] p1a: Garchomp\n|-supereffective|p1a: Garchomp|2\n|-damage|p1a: Garchomp|9/100\n|-damage|p2a: Lopunny|77/100|[from] ability: Rough Skin|[of] p1a: Garchomp\n|-supereffective|p1a: Garchomp|2\n|-damage|p1a: Garchomp|0 fnt\n|-damage|p2a: Lopunny|65/100|[from] ability: Rough Skin|[of] p1a: Garchomp\n|faint|p1a: Garchomp\n|-hitcount|p1: Garchomp|3\n|\n|win|CarajilloMan\n|raw|waiseng's rating: 1446 &rarr; <strong>1426</strong><br />(-20 for losing)\n|raw|CarajilloMan's rating: 1440 &rarr; <strong>1460</strong><br />(+20 for winning)\n|l|\u2606waiseng\n|player|p1|\n|l|\u2606CarajilloMan\n|player|p2|\n",
  "uploadtime": 1776564222,
  "views": 18,
  "formatid": "gen9championsvgc2026regma",
  "rating": 1426,
  "private": 0,
  "password": null
}