{
  "id": "gen9championsvgc2026regma-2580906555",
  "format": "[Gen 9 Champions] VGC 2026 Reg M-A",
  "players": [
    "frua",
    "Dillooooo"
  ],
  "log": "|j|\u2606frua\n|j|\u2606Dillooooo\n|t:|1775942250\n|gametype|doubles\n|player|p1|frua|170|1068\n|player|p2|Dillooooo|clerk|1050\n|gen|9\n|tier|[Gen 9 Champions] VGC 2026 Reg M-A\n|rated|\n|rule|Species Clause: Limit one of each Pok\u00e9mon\n|rule|Item Clause: Limit 1 of each item\n|clearpoke\n|poke|p1|Charizard, L50, M|\n|poke|p1|Sneasler, L50, F|\n|poke|p1|Whimsicott, L50, M|\n|poke|p1|Maushold, L50|\n|poke|p1|Garchomp, L50, F|\n|poke|p1|Kingambit, L50, M|\n|poke|p2|Bellibolt, L50, M|\n|poke|p2|Incineroar, L50, F|\n|poke|p2|Palafin, L50, M|\n|poke|p2|Venusaur, L50, M|\n|poke|p2|Charizard, L50, F|\n|poke|p2|Empoleon, L50, F|\n|teampreview|4\n|j| ForgotToFlush\nDillooooo has agreed to open team sheets.\nfrua rejected open team sheets.\n|inactive|Battle timer is ON: inactive players will automatically lose when time's up. (requested by frua)\n|\n|t:|1775942355\n|teamsize|p1|4\n|teamsize|p2|4\n|start\n|switch|p1a: Sneasler|Sneasler, L50, F|100/100\n|switch|p1b: Whimsicott|Whimsicott, L50, M|100/100\n|switch|p2a: Bellibolt|Bellibolt, L50, M|100/100\n|switch|p2b: Empoleon|Empoleon, L50, F|100/100\n|turn|1\n|inactive|Dillooooo has 30 seconds left.\n|inactive|Dillooooo has 20 seconds left.\n|\n|t:|1775942394\n|move|p1a: Sneasler|Fake Out|p2b: Empoleon\n|-resisted|p2b: Empoleon|1\n|-damage|p2b: Empoleon|95/100\n|move|p1b: Whimsicott|Tailwind|p1b: Whimsicott\n|-sidestart|p1: frua|move: Tailwind\n|cant|p2b: Empoleon|flinch\n|move|p2a: Bellibolt|Electroweb|p1b: Whimsicott|[spread] p1a,p1b\n|-resisted|p1b: Whimsicott|1\n|-damage|p1a: Sneasler|81/100\n|-damage|p1b: Whimsicott|91/100\n|-unboost|p1a: Sneasler|spe|1\n|-unboost|p1b: Whimsicott|spe|1\n|\n|upkeep\n|turn|2\n|inactive|frua has 30 seconds left.\n|inactive|Dillooooo has 30 seconds left.\n|inactive|Dillooooo has 20 seconds left.\n|inactive|Dillooooo has 15 seconds left.\n|\n|t:|1775942436\n|switch|p1b: Kingambit|Kingambit, L50, M|100/100\n|move|p1a: Sneasler|Close Combat|p2b: Empoleon\n|-supereffective|p2b: Empoleon|1\n|-damage|p2b: Empoleon|0 fnt\n|-unboost|p1a: Sneasler|def|1\n|-unboost|p1a: Sneasler|spd|1\n|faint|p2b: Empoleon\n|move|p2a: Bellibolt|Volt Switch|p1a: Sneasler\n|-damage|p1a: Sneasler|29/100\n|\n|t:|1775942447\n|switch|p2a: Charizard|Charizard, L50, F|100/100|[from] Volt Switch\n|\n|upkeep\n|\n|t:|1775942451\n|switch|p2b: Venusaur|Venusaur, L50, M|100/100\n|turn|3\n|inactive|frua has 30 seconds left.\n|inactive|Dillooooo has 30 seconds left.\n|inactive|frua has 20 seconds left.\n|inactive|Dillooooo has 20 seconds left.\n|inactive|frua has 15 seconds left.\n|inactive|Dillooooo has 15 seconds left.\n|inactive|frua has 10 seconds left.\n|\n|t:|1775942498\n|switch|p1a: Charizard|Charizard, L50, M|100/100\n|detailschange|p2a: Charizard|Charizard-Mega-Y, L50, F\n|-mega|p2a: Charizard|Charizard|Charizardite Y\n|-weather|SunnyDay|[from] ability: Drought|[of] p2a: Charizard\n|move|p2b: Venusaur|Weather Ball|p1b: Kingambit\n|-supereffective|p1b: Kingambit|1\n|-damage|p1b: Kingambit|0 fnt\n|faint|p1b: Kingambit\n|move|p2a: Charizard|Heat Wave|p1a: Charizard\n|-resisted|p1a: Charizard|1\n|-damage|p1a: Charizard|53/100\n|\n|-weather|SunnyDay|[upkeep]\n|-damage|p1a: Charizard|40/100|[from] ability: Solar Power|[of] p1a: Charizard\n|upkeep\n|\n|t:|1775942515\n|switch|p1b: Sneasler|Sneasler, L50, F|29/100\n|turn|4\n|inactive|Dillooooo has 30 seconds left.\n|inactive|Dillooooo has 20 seconds left.\n|inactive|Dillooooo has 15 seconds left.\n|inactive|Dillooooo has 10 seconds left.\n|\n|t:|1775942566\n|detailschange|p1a: Charizard|Charizard-Mega-Y, L50, M\n|-mega|p1a: Charizard|Charizard|Charizardite Y\n|move|p1b: Sneasler|Close Combat|p2b: Venusaur\n|-resisted|p2b: Venusaur|1\n|-damage|p2b: Venusaur|59/100\n|-unboost|p1b: Sneasler|def|1\n|-unboost|p1b: Sneasler|spd|1\n|move|p1a: Charizard|Heat Wave|p2b: Venusaur|[spread] p2a,p2b\n|-resisted|p2a: Charizard|1\n|-supereffective|p2b: Venusaur|1\n|-damage|p2a: Charizard|68/100\n|-damage|p2b: Venusaur|0 fnt\n|faint|p2b: Venusaur\n|move|p2a: Charizard|Heat Wave|p1b: Sneasler|[spread] p1a\n|-miss|p2a: Charizard|p1b: Sneasler\n|-resisted|p1a: Charizard|1\n|-damage|p1a: Charizard|13/100\n|\n|-weather|SunnyDay|[upkeep]\n|-sideend|p1: frua|move: Tailwind\n|upkeep\n|\n|t:|1775942581\n|switch|p2b: Bellibolt|Bellibolt, L50, M|100/100\n|turn|5\n|inactive|Dillooooo has 30 seconds left.\n|\n|t:|1775942607\n|move|p1b: Sneasler|Dire Claw|p2a: Charizard\n|-damage|p2a: Charizard|8/100\n|move|p2a: Charizard|Heat Wave|p1a: Charizard|[spread] p1a,p1b\n|-resisted|p1a: Charizard|1\n|-crit|p1a: Charizard\n|-damage|p1a: Charizard|0 fnt\n|-damage|p1b: Sneasler|0 fnt\n|faint|p1a: Charizard\n|faint|p1b: Sneasler\n|move|p2b: Bellibolt|Slack Off||[still]\n|-fail|p2b: Bellibolt|heal\n|\n|-weather|SunnyDay|[upkeep]\n|upkeep\n|\n|t:|1775942614\n|switch|p1b: Whimsicott|Whimsicott, L50, M|91/100\n|turn|6\n|\n|t:|1775942636\n|move|p1b: Whimsicott|Moonblast|p2a: Charizard\n|-resisted|p2a: Charizard|1\n|-damage|p2a: Charizard|0 fnt\n|faint|p2a: Charizard\n|move|p2b: Bellibolt|Electroweb|p1b: Whimsicott\n|-resisted|p1b: Whimsicott|1\n|-damage|p1b: Whimsicott|78/100\n|-unboost|p1b: Whimsicott|spe|1\n|\n|-weather|SunnyDay|[upkeep]\n|upkeep\n|turn|7\n|inactive|Dillooooo has 30 seconds left.\n|\n|t:|1775942666\n|move|p1b: Whimsicott|Moonblast|p2b: Bellibolt\n|-damage|p2b: Bellibolt|75/100\n|move|p2b: Bellibolt|Electroweb|p1b: Whimsicott\n|-resisted|p1b: Whimsicott|1\n|-damage|p1b: Whimsicott|67/100\n|-unboost|p1b: Whimsicott|spe|1\n|\n|-weather|none\n|upkeep\n|turn|8\n|\n|t:|1775942678\n|move|p1b: Whimsicott|Moonblast|p2b: Bellibolt\n|-damage|p2b: Bellibolt|49/100\n|move|p2b: Bellibolt|Volt Switch|p1b: Whimsicott\n|-resisted|p1b: Whimsicott|1\n|-damage|p1b: Whimsicott|51/100\n|\n|upkeep\n|turn|9\n|\n|t:|1775942684\n|move|p1b: Whimsicott|Moonblast|p2b: Bellibolt\n|-damage|p2b: Bellibolt|22/100\n|move|p2b: Bellibolt|Slack Off|p2b: Bellibolt\n|-heal|p2b: Bellibolt|72/100\n|\n|upkeep\n|turn|10\n|c|\u2606frua|ggwp\n|\n|t:|1775942693\n|move|p1b: Whimsicott|Moonblast|p2b: Bellibolt\n|-damage|p2b: Bellibolt|48/100\n|move|p2b: Bellibolt|Slack Off|p2b: Bellibolt\n|-heal|p2b: Bellibolt|98/100\n|\n|upkeep\n|turn|11\n|\n|t:|1775942700\n|move|p1b: Whimsicott|Moonblast|p2b: Bellibolt\n|-damage|p2b: Bellibolt|74/100\n|move|p2b: Bellibolt|Volt Switch|p1b: Whimsicott\n|-resisted|p1b: Whimsicott|1\n|-damage|p1b: Whimsicott|38/100\n|\n|upkeep\n|turn|12\n|\n|t:|1775942707\n|move|p1b: Whimsicott|Moonblast|p2b: Bellibolt\n|-damage|p2b: Bellibolt|46/100\n|move|p2b: Bellibolt|Electroweb|p1b: Whimsicott\n|-resisted|p1b: Whimsicott|1\n|-damage|p1b: Whimsicott|25/100\n|-unboost|p1b: Whimsicott|spe|1\n|\n|upkeep\n|turn|13\n|\n|t:|1775942714\n|move|p1b: Whimsicott|Moonblast|p2b: Bellibolt\n|-damage|p2b: Bellibolt|21/100\n|move|p2b: Bellibolt|Slack Off|p2b: Bellibolt\n|-heal|p2b: Bellibolt|71/100\n|\n|upkeep\n|turn|14\n|\n|t:|1775942720\n|move|p1b: Whimsicott|Moonblast|p2b: Bellibolt\n|-damage|p2b: Bellibolt|45/100\n|move|p2b: Bellibolt|Slack Off|p2b: Bellibolt\n|-heal|p2b: Bellibolt|95/100\n|\n|upkeep\n|turn|15\n|\n|t:|1775942725\n|move|p1b: Whimsicott|Moonblast|p2b: Bellibolt\n|-damage|p2b: Bellibolt|71/100\n|move|p2b: Bellibolt|Electroweb|p1b: Whimsicott\n|-resisted|p1b: Whimsicott|1\n|-damage|p1b: Whimsicott|13/100\n|-unboost|p1b: Whimsicott|spe|1\n|\n|upkeep\n|turn|16\n|\n|t:|1775942735\n|move|p2b: Bellibolt|Volt Switch|p1b: Whimsicott\n|-resisted|p1b: Whimsicott|1\n|-damage|p1b: Whimsicott|0 fnt\n|faint|p1b: Whimsicott\n|\n|win|Dillooooo\n|raw|frua's rating: 1068 &rarr; <strong>1047</strong><br />(-21 for losing)\n|raw|Dillooooo's rating: 1050 &rarr; <strong>1084</strong><br />(+34 for winning)\n",
  "uploadtime": 1775942740,
  "views": 14,
  "formatid": "gen9championsvgc2026regma",
  "rating": 1047,
  "private": 0,
  "password": null
}