{
  "id": "gen9championsvgc2026regma-2587485363",
  "format": "[Gen 9 Champions] VGC 2026 Reg M-A",
  "players": [
    "Jdjdjrvrctc",
    "dohawyth"
  ],
  "log": "|j|\u2606Jdjdjrvrctc\n|j|\u2606dohawyth\n|t:|1776535809\n|gametype|doubles\n|player|p1|Jdjdjrvrctc|beauty|1183\n|player|p2|dohawyth|265|1245\n|gen|9\n|tier|[Gen 9 Champions] VGC 2026 Reg M-A\n|rated|\n|rule|Species Clause: Limit one of each Pok\u00e9mon\n|rule|Item Clause: Limit 1 of each item\n|clearpoke\n|poke|p1|Floette-Eternal, L50, F|\n|poke|p1|Basculegion, L50, M|\n|poke|p1|Kingambit, L50, M|\n|poke|p1|Sneasler, L50, M|\n|poke|p1|Pelipper, L50, F|\n|poke|p1|Incineroar, L50, M, shiny|\n|poke|p2|Incineroar, L50, M|\n|poke|p2|Crabominable, L50, M|\n|poke|p2|Kingambit, L50, M|\n|poke|p2|Slowking-Galar, L50, F|\n|poke|p2|Sinistcha, L50|\n|poke|p2|Primarina, L50, F|\n|teampreview|4\ndohawyth rejected open team sheets.\n|\n|t:|1776535838\n|teamsize|p1|4\n|teamsize|p2|4\n|start\n|switch|p1a: Basculegion|Basculegion, L50, M|100/100\n|switch|p1b: Kingambit|Kingambit, L50, M|100/100\n|switch|p2a: Kingambit|Kingambit, L50, M|100/100\n|switch|p2b: Slowking|Slowking-Galar, L50, F|100/100\n|turn|1\n|\n|t:|1776535850\n|switch|p1a: Sneasler|Sneasler, L50, M|100/100\n|move|p1b: Kingambit|Swords Dance|p1b: Kingambit\n|-boost|p1b: Kingambit|atk|2\n|move|p2a: Kingambit|Kowtow Cleave|p1a: Sneasler\n|-resisted|p1a: Sneasler|1\n|-damage|p1a: Sneasler|50/100\n|move|p2b: Slowking|Trick Room|p2b: Slowking\n|-fieldstart|move: Trick Room|[of] p2b: Slowking\n|\n|upkeep\n|turn|2\n|\n|t:|1776535873\n|move|p1a: Sneasler|Fake Out|p2a: Kingambit\n|-resisted|p2a: Kingambit|1\n|-damage|p2a: Kingambit|96/100\n|move|p2b: Slowking|Psychic Noise|p1a: Sneasler\n|-supereffective|p1a: Sneasler|2\n|-damage|p1a: Sneasler|0 fnt\n|faint|p1a: Sneasler\n|cant|p2a: Kingambit|flinch\n|move|p1b: Kingambit|Kowtow Cleave|p2b: Slowking\n|-supereffective|p2b: Slowking|1\n|-enditem|p2b: Slowking|Colbur Berry|[eat]\n|-enditem|p2b: Slowking|Colbur Berry|[weaken]\n|-damage|p2b: Slowking|0 fnt\n|faint|p2b: Slowking\n|\n|upkeep\n|\n|t:|1776535892\n|switch|p2b: Crabominable|Crabominable, L50, M|100/100\n|switch|p1a: Floette|Floette-Eternal, L50, F|100/100\n|turn|3\n|\n|t:|1776535919\n|detailschange|p2b: Crabominable|Crabominable-Mega, L50, M\n|-mega|p2b: Crabominable|Crabominable|Crabominite\n|detailschange|p1a: Floette|Floette-Mega, L50, F\n|-mega|p1a: Floette|Floette|Floettite\n|-ability|p1a: Floette|Fairy Aura\n|move|p1b: Kingambit|Protect|p1b: Kingambit\n|-singleturn|p1b: Kingambit|Protect\n|move|p2b: Crabominable|Drain Punch|p1b: Kingambit\n|-activate|p1b: Kingambit|move: Protect\n|move|p2a: Kingambit|Iron Head|p1b: Kingambit\n|-activate|p1b: Kingambit|move: Protect\n|move|p1a: Floette|Dazzling Gleam|p2a: Kingambit|[spread] p2a,p2b\n|-supereffective|p2b: Crabominable|1\n|-damage|p2a: Kingambit|52/100\n|-damage|p2b: Crabominable|32/100\n|\n|upkeep\n|turn|4\n|\n|t:|1776535949\n|switch|p1b: Basculegion|Basculegion, L50, M|100/100\n|move|p2b: Crabominable|Drain Punch|p1b: Basculegion\n|-immune|p1b: Basculegion\n|move|p2a: Kingambit|Iron Head|p1a: Floette\n|-supereffective|p1a: Floette|1\n|-damage|p1a: Floette|0 fnt\n|faint|p1a: Floette\n|\n|upkeep\n|\n|t:|1776535960\n|switch|p1a: Kingambit|Kingambit, L50, M|100/100\n|turn|5\n|\n|t:|1776535974\n|move|p2a: Kingambit|Sucker Punch|p1b: Basculegion\n|-supereffective|p1b: Basculegion|1\n|-damage|p1b: Basculegion|0 fnt\n|faint|p1b: Basculegion\n|move|p2b: Crabominable|Drain Punch|p1a: Kingambit\n|-supereffective|p1a: Kingambit|2\n|-damage|p1a: Kingambit|0 fnt\n|-heal|p2b: Crabominable|81/100|[from] drain|[of] p1a: Kingambit\n|faint|p1a: Kingambit\n|\n|win|dohawyth\n|raw|Jdjdjrvrctc's rating: 1183 &rarr; <strong>1162</strong><br />(-21 for losing)\n|raw|dohawyth's rating: 1245 &rarr; <strong>1266</strong><br />(+21 for winning)\n|l|\u2606Jdjdjrvrctc\n|player|p1|\n",
  "uploadtime": 1776535979,
  "views": 18,
  "formatid": "gen9championsvgc2026regma",
  "rating": 1162,
  "private": 0,
  "password": null
}