{
  "id": "gen9championsvgc2026regma-2582758282",
  "format": "[Gen 9 Champions] VGC 2026 Reg M-A",
  "players": [
    "Thombom69",
    "biscotti5"
  ],
  "log": "|j|\u2606Thombom69\n|j|\u2606biscotti5\n|t:|1776112046\n|gametype|doubles\n|player|p1|Thombom69|lusamine-nihilego|1227\n|player|p2|biscotti5|veteranf|1135\n|gen|9\n|tier|[Gen 9 Champions] VGC 2026 Reg M-A\n|rated|\n|rule|Species Clause: Limit one of each Pok\u00e9mon\n|rule|Item Clause: Limit 1 of each item\n|clearpoke\n|poke|p1|Garchomp, L50, F|\n|poke|p1|Delphox, L50, F|\n|poke|p1|Rotom-Wash, L50|\n|poke|p1|Aerodactyl, L50, F|\n|poke|p1|Orthworm, L50, M|\n|poke|p1|Froslass, L50, F|\n|poke|p2|Politoed, L50, F|\n|poke|p2|Dragonite, L50, F|\n|poke|p2|Basculegion, L50, M|\n|poke|p2|Sneasler, L50, M|\n|poke|p2|Sinistcha, L50|\n|poke|p2|Aggron, L50, F|\n|teampreview|4\n|inactive|Battle timer is ON: inactive players will automatically lose when time's up. (requested by biscotti5)\n|inactive|Thombom69 also wants the timer to be on.\n|inactive|Thombom69 has 60 seconds left.\n|\n|t:|1776112085\n|teamsize|p1|4\n|teamsize|p2|4\n|start\n|switch|p1a: Garchomp|Garchomp, L50, F|100/100\n|switch|p1b: Rotom|Rotom-Wash, L50|100/100\n|switch|p2a: Billie|Sneasler, L50, M|100/100\n|switch|p2b: Sir Duke|Basculegion, L50, M|100/100\n|turn|1\n|\n|t:|1776112098\n|move|p1a: Garchomp|Protect|p1a: Garchomp\n|-singleturn|p1a: Garchomp|Protect\n|move|p2a: Billie|Fake Out|p1b: Rotom\n|-damage|p1b: Rotom|85/100\n|move|p2b: Sir Duke|Flip Turn|p1a: Garchomp\n|-activate|p1a: Garchomp|move: Protect\n|cant|p1b: Rotom|flinch\n|\n|upkeep\n|turn|2\n|-activate|p1b: Rotom|item: Quick Claw\n|\n|t:|1776112111\n|switch|p2b: Tipton|Sinistcha, L50|100/100\n|move|p1b: Rotom|Will-O-Wisp|p2a: Billie\n|-status|p2a: Billie|brn\n|move|p2a: Billie|Dire Claw|p1b: Rotom\n|-damage|p1b: Rotom|62/100\n|move|p1a: Garchomp|Earthquake|p2a: Billie|[spread] p2a,p2b\n|-immune|p1b: Rotom|[from] ability: Levitate\n|-supereffective|p2a: Billie|1\n|-resisted|p2b: Tipton|1\n|-enditem|p2a: Billie|Focus Sash\n|-damage|p2a: Billie|1/100 brn\n|-damage|p2b: Tipton|80/100\n|\n|-damage|p2a: Billie|0 fnt|[from] brn\n|faint|p2a: Billie\n|upkeep\n|\n|t:|1776112130\n|switch|p2a: Cannonball|Aggron, L50, F|100/100\n|turn|3\n|-activate|p1b: Rotom|item: Quick Claw\n|\n|t:|1776112143\n|detailschange|p2a: Cannonball|Aggron-Mega, L50, F\n|-mega|p2a: Cannonball|Aggron|Aggronite\n|move|p2a: Cannonball|Protect|p2a: Cannonball\n|-singleturn|p2a: Cannonball|Protect\n|move|p1b: Rotom|Will-O-Wisp|p2a: Cannonball\n|-activate|p2a: Cannonball|move: Protect\n|move|p1a: Garchomp|Earthquake|p2a: Cannonball|[spread] p2b\n|-activate|p2a: Cannonball|move: Protect\n|-immune|p1b: Rotom|[from] ability: Levitate\n|-resisted|p2b: Tipton|1\n|-damage|p2b: Tipton|59/100\n|move|p2b: Tipton|Trick Room|p2b: Tipton\n|-fieldstart|move: Trick Room|[of] p2b: Tipton\n|\n|upkeep\n|turn|4\n|-activate|p1b: Rotom|item: Quick Claw\n|\n|t:|1776112166\n|move|p1b: Rotom|Will-O-Wisp|p2a: Cannonball\n|-status|p2a: Cannonball|brn\n|move|p2a: Cannonball|Iron Defense|p2a: Cannonball\n|-boost|p2a: Cannonball|def|2\n|move|p2b: Tipton|Matcha Gotcha|p1a: Garchomp|[spread] p1a,p1b\n|-supereffective|p1b: Rotom|1\n|-damage|p1a: Garchomp|71/100\n|-heal|p2b: Tipton|76/100|[from] drain|[of] p1a: Garchomp\n|-damage|p1b: Rotom|4/100\n|-heal|p2b: Tipton|100/100|[from] drain|[of] p1b: Rotom\n|move|p1a: Garchomp|Earthquake|p2b: Tipton|[spread] p2a,p2b\n|-immune|p1b: Rotom|[from] ability: Levitate\n|-supereffective|p2a: Cannonball|1\n|-resisted|p2b: Tipton|1\n|-damage|p2a: Cannonball|83/100 brn\n|-damage|p2b: Tipton|78/100\n|\n|-damage|p2a: Cannonball|77/100 brn|[from] brn\n|upkeep\n|turn|5\n|\n|t:|1776112192\n|move|p2a: Cannonball|Body Press|p1a: Garchomp\n|-damage|p1a: Garchomp|36/100\n|-damage|p2a: Cannonball|64/100 brn|[from] ability: Rough Skin|[of] p1a: Garchomp\n|move|p2b: Tipton|Matcha Gotcha|p1a: Garchomp|[spread] p1a,p1b\n|-supereffective|p1b: Rotom|1\n|-damage|p1a: Garchomp|8/100\n|-heal|p2b: Tipton|94/100|[from] drain|[of] p1a: Garchomp\n|-damage|p1b: Rotom|0 fnt\n|-heal|p2b: Tipton|96/100|[from] drain|[of] p1b: Rotom\n|faint|p1b: Rotom\n|move|p1a: Garchomp|Earthquake|p2b: Tipton|[spread] p2a,p2b\n|-supereffective|p2a: Cannonball|1\n|-resisted|p2b: Tipton|1\n|-damage|p2a: Cannonball|46/100 brn\n|-damage|p2b: Tipton|76/100\n|\n|-damage|p2a: Cannonball|39/100 brn|[from] brn\n|upkeep\n|\n|t:|1776112214\n|switch|p1b: Froslass|Froslass, L50, F|100/100\n|turn|6\n|\n|t:|1776112221\n|move|p1a: Garchomp|Protect|p1a: Garchomp\n|-singleturn|p1a: Garchomp|Protect\n|move|p1b: Froslass|Protect|p1b: Froslass\n|-singleturn|p1b: Froslass|Protect\n|move|p2a: Cannonball|Heavy Slam|p1b: Froslass\n|-activate|p1b: Froslass|move: Protect\n|move|p2b: Tipton|Life Dew|p2b: Tipton|[spread] p2a,p2b\n|-heal|p2a: Cannonball|64/100 brn\n|-heal|p2b: Tipton|100/100\n|\n|-damage|p2a: Cannonball|58/100 brn|[from] brn\n|upkeep\n|turn|7\n|\n|t:|1776112237\n|switch|p1b: Aerodactyl|Aerodactyl, L50, F|100/100\n|-ability|p1b: Aerodactyl|Unnerve\n|move|p2a: Cannonball|Heavy Slam|p1b: Aerodactyl\n|-supereffective|p1b: Aerodactyl|1\n|-damage|p1b: Aerodactyl|10/100\n|move|p2b: Tipton|Matcha Gotcha|p1a: Garchomp|[spread] p1a,p1b\n|-damage|p1a: Garchomp|0 fnt\n|-damage|p1b: Aerodactyl|0 fnt\n|faint|p1a: Garchomp\n|faint|p1b: Aerodactyl\n|\n|-damage|p2a: Cannonball|52/100 brn|[from] brn\n|-fieldend|move: Trick Room\n|upkeep\n|\n|t:|1776112251\n|switch|p1b: Froslass|Froslass, L50, F|100/100\n|turn|8\n|\n|t:|1776112259\n|detailschange|p1b: Froslass|Froslass-Mega, L50, F\n|-mega|p1b: Froslass|Froslass|Froslassite\n|-weather|Snowscape|[from] ability: Snow Warning|[of] p1b: Froslass\n|move|p1b: Froslass|Blizzard|p2b: Tipton|[spread] p2a,p2b\n|-resisted|p2a: Cannonball|1\n|-supereffective|p2b: Tipton|1\n|-damage|p2a: Cannonball|32/100 brn\n|-damage|p2b: Tipton|14/100\n|-enditem|p2b: Tipton|Sitrus Berry|[eat]\n|-heal|p2b: Tipton|38/100|[from] item: Sitrus Berry\n|move|p2b: Tipton|Life Dew|p2b: Tipton|[spread] p2a,p2b\n|-heal|p2a: Cannonball|57/100 brn\n|-heal|p2b: Tipton|63/100\n|move|p2a: Cannonball|Heavy Slam|p1b: Froslass\n|-supereffective|p1b: Froslass|1\n|-damage|p1b: Froslass|43/100\n|\n|-weather|Snowscape|[upkeep]\n|-damage|p2a: Cannonball|51/100 brn|[from] brn\n|upkeep\n|turn|9\n|\n|t:|1776112279\n|switch|p2b: Sir Duke|Basculegion, L50, M|100/100\n|move|p2a: Cannonball|Protect|p2a: Cannonball\n|-singleturn|p2a: Cannonball|Protect\n|move|p1b: Froslass|Shadow Ball|p2a: Cannonball\n|-activate|p2a: Cannonball|move: Protect\n|\n|-weather|Snowscape|[upkeep]\n|-damage|p2a: Cannonball|45/100 brn|[from] brn\n|upkeep\n|turn|10\n|\n|t:|1776112291\n|move|p2b: Sir Duke|Last Respects|p1b: Froslass\n|-supereffective|p1b: Froslass|1\n|-damage|p1b: Froslass|0 fnt\n|faint|p1b: Froslass\n|\n|win|biscotti5\n|raw|Thombom69's rating: 1227 &rarr; <strong>1196</strong><br />(-31 for losing)\n|raw|biscotti5's rating: 1135 &rarr; <strong>1166</strong><br />(+31 for winning)\n|l|\u2606Thombom69\n|player|p1|\n",
  "uploadtime": 1776112297,
  "views": 19,
  "formatid": "gen9championsvgc2026regma",
  "rating": 1166,
  "private": 0,
  "password": null
}