{
  "id": "gen9championsvgc2026regma-2585914144",
  "format": "[Gen 9 Champions] VGC 2026 Reg M-A",
  "players": [
    "oleyy",
    "eeaka"
  ],
  "log": "|j|\u2606oleyy\n|j|\u2606eeaka\n|t:|1776380979\n|gametype|doubles\n|player|p1|oleyy|blue|1392\n|player|p2|eeaka|lady|1495\n|gen|9\n|tier|[Gen 9 Champions] VGC 2026 Reg M-A\n|rated|\n|rule|Species Clause: Limit one of each Pok\u00e9mon\n|rule|Item Clause: Limit 1 of each item\n|clearpoke\n|poke|p1|Palafin, L50, M|\n|poke|p1|Floette-Eternal, L50, F|\n|poke|p1|Volcarona, L50, M|\n|poke|p1|Aerodactyl, L50, F|\n|poke|p1|Tsareena, L50, F|\n|poke|p1|Sneasler, L50, F|\n|poke|p2|Charizard, L50, F|\n|poke|p2|Incineroar, L50, M|\n|poke|p2|Whimsicott, L50, M|\n|poke|p2|Rotom-Wash, L50|\n|poke|p2|Sneasler, L50, M|\n|poke|p2|Garchomp, L50, M|\n|teampreview|4\n|inactive|Battle timer is ON: inactive players will automatically lose when time's up. (requested by eeaka)\n|j| Bayern72915\n|inactive|eeaka has 60 seconds left.\n|\n|t:|1776381027\n|teamsize|p1|4\n|teamsize|p2|4\n|start\n|switch|p1a: Sneasler|Sneasler, L50, F|100/100\n|switch|p1b: Aerodactyl|Aerodactyl, L50, F|100/100\n|switch|p2a: Rotom|Rotom-Wash, L50|100/100\n|switch|p2b: Incineroar|Incineroar, L50, M|100/100\n|-ability|p1b: Aerodactyl|Unnerve\n|-ability|p2b: Incineroar|Intimidate|boost\n|-unboost|p1a: Sneasler|atk|1\n|-unboost|p1b: Aerodactyl|atk|1\n|-enditem|p1a: Sneasler|White Herb\n|-clearnegativeboost|p1a: Sneasler|[silent]\n|turn|1\n|inactive|eeaka has 30 seconds left.\n|\n|t:|1776381056\n|switch|p2b: Whimsicott|Whimsicott, L50, M|100/100\n|move|p2a: Rotom|Protect|p2a: Rotom\n|-singleturn|p2a: Rotom|Protect\n|move|p1a: Sneasler|Fake Out|p2b: Whimsicott\n|-damage|p2b: Whimsicott|81/100\n|move|p1b: Aerodactyl|Tailwind|p1b: Aerodactyl\n|-sidestart|p1: oleyy|move: Tailwind\n|\n|upkeep\n|turn|2\n|\n|t:|1776381083\n|move|p1b: Aerodactyl|Protect|p1b: Aerodactyl\n|-singleturn|p1b: Aerodactyl|Protect\n|move|p2b: Whimsicott|Encore|p1a: Sneasler\n|-start|p1a: Sneasler|Encore\n|move|p1a: Sneasler|Fake Out||[still]\n|-hint|Fake Out only works on your first turn out.\n|-fail|p1a: Sneasler\n|move|p2a: Rotom|Thunderbolt|p1b: Aerodactyl\n|-activate|p1b: Aerodactyl|move: Protect\n|\n|upkeep\n|turn|3\n|\n|t:|1776381093\n|switch|p1a: Palafin|Palafin, L50, M|100/100\n|switch|p1b: Floette|Floette-Eternal, L50, F|100/100\n|move|p2b: Whimsicott|Encore||[still]\n|-fail|p2b: Whimsicott\n|move|p2a: Rotom|Thunderbolt|p1a: Palafin\n|-supereffective|p1a: Palafin|1\n|-damage|p1a: Palafin|0 fnt\n|faint|p1a: Palafin\n|\n|upkeep\n|\n|t:|1776381100\n|switch|p1a: Sneasler|Sneasler, L50, F|100/100\n|turn|4\n|j| Urfredo981\n|\n|t:|1776381125\n|detailschange|p1b: Floette|Floette-Mega, L50, F\n|-mega|p1b: Floette|Floette|Floettite\n|-ability|p1b: Floette|Fairy Aura\n|move|p2b: Whimsicott|Tailwind|p2b: Whimsicott\n|-sidestart|p2: eeaka|move: Tailwind\n|move|p1a: Sneasler|Dire Claw|p2b: Whimsicott\n|-supereffective|p2b: Whimsicott|2\n|-damage|p2b: Whimsicott|0 fnt\n|faint|p2b: Whimsicott\n|move|p1b: Floette|Calm Mind|p1b: Floette\n|-boost|p1b: Floette|spa|1\n|-boost|p1b: Floette|spd|1\n|move|p2a: Rotom|Thunderbolt|p1b: Floette\n|-damage|p1b: Floette|82/100\n|\n|-sideend|p1: oleyy|move: Tailwind\n|upkeep\n|l| Urfredo981\n|\n|t:|1776381134\n|switch|p2b: Charizard|Charizard, L50, F|100/100\n|turn|5\n|\n|t:|1776381148\n|detailschange|p2b: Charizard|Charizard-Mega-Y, L50, F\n|-mega|p2b: Charizard|Charizard|Charizardite Y\n|-weather|SunnyDay|[from] ability: Drought|[of] p2b: Charizard\n|move|p1b: Floette|Protect|p1b: Floette\n|-singleturn|p1b: Floette|Protect\n|move|p2b: Charizard|Heat Wave|p1b: Floette|[spread] p1a\n|-activate|p1b: Floette|move: Protect\n|-damage|p1a: Sneasler|11/100\n|move|p2a: Rotom|Thunderbolt|p1a: Sneasler\n|-damage|p1a: Sneasler|0 fnt\n|faint|p1a: Sneasler\n|\n|-weather|SunnyDay|[upkeep]\n|upkeep\n|\n|t:|1776381152\n|switch|p1a: Aerodactyl|Aerodactyl, L50, F|100/100\n|-ability|p1a: Aerodactyl|Unnerve\n|turn|6\n|inactive|eeaka has 30 seconds left.\n|\n|t:|1776381179\n|move|p2b: Charizard|Heat Wave|p1b: Floette|[spread] p1a,p1b\n|-resisted|p1a: Aerodactyl|1\n|-damage|p1a: Aerodactyl|58/100\n|-damage|p1b: Floette|54/100\n|-status|p1a: Aerodactyl|brn\n|-status|p1b: Floette|brn\n|move|p2a: Rotom|Thunderbolt|p1a: Aerodactyl\n|-supereffective|p1a: Aerodactyl|1\n|-crit|p1a: Aerodactyl\n|-damage|p1a: Aerodactyl|0 fnt\n|faint|p1a: Aerodactyl\n|move|p1b: Floette|Moonblast|p2a: Rotom\n|-damage|p2a: Rotom|0 fnt\n|faint|p2a: Rotom\n|\n|-weather|SunnyDay|[upkeep]\n|-damage|p1b: Floette|47/100 brn|[from] brn\n|upkeep\n|\n|t:|1776381187\n|switch|p2a: Incineroar|Incineroar, L50, M|100/100\n|-ability|p2a: Incineroar|Intimidate|boost\n|-unboost|p1b: Floette|atk|1\n|turn|7\n|\n|t:|1776381194\n|move|p1b: Floette|Protect|p1b: Floette\n|-singleturn|p1b: Floette|Protect\n|move|p2a: Incineroar|Fake Out|p1b: Floette\n|-activate|p1b: Floette|move: Protect\n|move|p2b: Charizard|Weather Ball|p1b: Floette\n|-activate|p1b: Floette|move: Protect\n|\n|-weather|SunnyDay|[upkeep]\n|-damage|p1b: Floette|41/100 brn|[from] brn\n|-sideend|p2: eeaka|move: Tailwind\n|upkeep\n|turn|8\n|\n|t:|1776381208\n|move|p2b: Charizard|Weather Ball|p1b: Floette\n|-damage|p1b: Floette|0 fnt\n|faint|p1b: Floette\n|\n|win|eeaka\n|raw|oleyy's rating: 1392 &rarr; <strong>1378</strong><br />(-14 for losing)\n|raw|eeaka's rating: 1495 &rarr; <strong>1509</strong><br />(+14 for winning)\n|l| Bayern72915\n",
  "uploadtime": 1776381221,
  "views": 30,
  "formatid": "gen9championsvgc2026regma",
  "rating": 1378,
  "private": 0,
  "password": null
}