{
  "id": "gen9championsvgc2026regma-2586778818",
  "format": "[Gen 9 Champions] VGC 2026 Reg M-A",
  "players": [
    "Phillip Blevin",
    "Malk2x"
  ],
  "log": "|j|\u2606Phillip Blevin\n|j|\u203dMalk2x\n|t:|1776459210\n|gametype|doubles\n|player|p1|Phillip Blevin|cynthia-masters4|1400\n|player|p2|Malk2x|iris-gen5bw2|1469\n|gen|9\n|tier|[Gen 9 Champions] VGC 2026 Reg M-A\n|rated|\n|rule|Species Clause: Limit one of each Pok\u00e9mon\n|rule|Item Clause: Limit 1 of each item\n|clearpoke\n|poke|p1|Froslass, L50, F|\n|poke|p1|Corviknight, L50, F|\n|poke|p1|Gyarados, L50, M|\n|poke|p1|Rotom-Wash, L50|\n|poke|p1|Sneasler, L50, M|\n|poke|p1|Garchomp, L50, F|\n|poke|p2|Dragonite, L50, F|\n|poke|p2|Politoed, L50, M|\n|poke|p2|Ninetales-Alola, L50, F|\n|poke|p2|Kingambit, L50, M|\n|poke|p2|Venusaur, L50, F|\n|poke|p2|Sneasler, L50, M|\n|teampreview|4\n|inactive|Battle timer is ON: inactive players will automatically lose when time's up. (requested by Phillip Blevin)\nPhillip Blevin has agreed to open team sheets.\n|inactive|Malk2x has 60 seconds left.\n|inactive|Malk2x has 30 seconds left.\n|inactive|Malk2x has 20 seconds left.\n|inactive|Malk2x has 15 seconds left.\n|inactive|Malk2x has 10 seconds left.\n|\n|t:|1776459291\n|teamsize|p1|4\n|teamsize|p2|4\n|start\n|switch|p1a: Sneasler|Sneasler, L50, M|100/100\n|switch|p1b: Rotom|Rotom-Wash, L50|100/100\n|switch|p2a: Sneasler|Sneasler, L50, M|100/100\n|switch|p2b: Ninetales|Ninetales-Alola, L50, F|100/100\n|-weather|Snowscape|[from] ability: Snow Warning|[of] p2b: Ninetales\n|turn|1\n|\n|t:|1776459312\n|move|p1a: Sneasler|Fake Out|p2a: Sneasler\n|-damage|p2a: Sneasler|76/100\n|-immune|p2a: Sneasler\n|cant|p2a: Sneasler|flinch\n|move|p1b: Rotom|Hydro Pump|p2a: Sneasler\n|-damage|p2a: Sneasler|17/100\n|move|p2b: Ninetales|Aurora Veil|p2b: Ninetales\n|-sidestart|p2: Malk2x|move: Aurora Veil\n|\n|-weather|Snowscape|[upkeep]\n|upkeep\n|turn|2\n|\n|t:|1776459330\n|move|p2b: Ninetales|Protect|p2b: Ninetales\n|-singleturn|p2b: Ninetales|Protect\n|move|p1b: Rotom|Hydro Pump|p2a: Sneasler\n|-damage|p2a: Sneasler|0 fnt\n|faint|p2a: Sneasler\n|move|p1a: Sneasler|Dire Claw|p2b: Ninetales\n|-activate|p2b: Ninetales|move: Protect\n|\n|-weather|Snowscape|[upkeep]\n|upkeep\n|\n|t:|1776459341\n|switch|p2a: Dragonite|Dragonite, L50, F, shiny|100/100\n|turn|3\n|\n|t:|1776459361\n|detailschange|p2a: Dragonite|Dragonite-Mega, L50, F, shiny\n|-mega|p2a: Dragonite|Dragonite|Dragoninite\n|move|p1b: Rotom|Hydro Pump|p2b: Ninetales\n|-damage|p2b: Ninetales|74/100\n|move|p1a: Sneasler|Dire Claw|p2b: Ninetales\n|-supereffective|p2b: Ninetales|1\n|-crit|p2b: Ninetales\n|-enditem|p2b: Ninetales|Kebia Berry|[eat]\n|-enditem|p2b: Ninetales|Kebia Berry|[weaken]\n|-damage|p2b: Ninetales|21/100\n|-status|p2b: Ninetales|psn\n|move|p2b: Ninetales|Icy Wind|p1b: Rotom|[spread] p1a,p1b\n|-resisted|p1b: Rotom|1\n|-damage|p1a: Sneasler|84/100\n|-damage|p1b: Rotom|94/100\n|-unboost|p1a: Sneasler|spe|1\n|-unboost|p1b: Rotom|spe|1\n|move|p2a: Dragonite|Hurricane|p1b: Rotom\n|-resisted|p1b: Rotom|1\n|-damage|p1b: Rotom|55/100\n|\n|-weather|Snowscape|[upkeep]\n|-damage|p2b: Ninetales|9/100 psn|[from] psn\n|upkeep\n|turn|4\n|j| sfdbgs\n|\n|t:|1776459386\n|move|p2b: Ninetales|Blizzard|p1a: Sneasler|[spread] p1a,p1b\n|-resisted|p1b: Rotom|1\n|-damage|p1a: Sneasler|51/100\n|-damage|p1b: Rotom|42/100\n|move|p1b: Rotom|Hydro Pump|p2a: Dragonite\n|-resisted|p2a: Dragonite|1\n|-crit|p2a: Dragonite\n|-damage|p2a: Dragonite|90/100\n|move|p2a: Dragonite|Blizzard|p1a: Sneasler|[spread] p1a,p1b\n|-resisted|p1b: Rotom|1\n|-damage|p1a: Sneasler|5/100\n|-damage|p1b: Rotom|24/100\n|move|p1a: Sneasler|Rock Tomb|p2a: Dragonite|[miss]\n|-miss|p1a: Sneasler|p2a: Dragonite\n|\n|-weather|Snowscape|[upkeep]\n|-damage|p2b: Ninetales|0 fnt|[from] psn\n|faint|p2b: Ninetales\n|upkeep\n|\n|t:|1776459400\n|switch|p2b: Kingambit|Kingambit, L50, M|100/100\n|turn|5\n|\n|t:|1776459410\n|move|p2b: Kingambit|Sucker Punch|p1b: Rotom\n|-damage|p1b: Rotom|0 fnt\n|faint|p1b: Rotom\n|move|p2a: Dragonite|Blizzard|p1a: Sneasler\n|-damage|p1a: Sneasler|0 fnt\n|faint|p1a: Sneasler\n|\n|-weather|none\n|-sideend|p2: Malk2x|move: Aurora Veil\n|upkeep\n|\n|t:|1776459413\n|switch|p1a: Corviknight|Corviknight, L50, F|100/100\n|switch|p1b: Froslass|Froslass, L50, F|100/100\n|turn|6\n|\n|t:|1776459425\n|move|p1b: Froslass|Protect|p1b: Froslass\n|-singleturn|p1b: Froslass|Protect\n|move|p2a: Dragonite|Protect|p2a: Dragonite\n|-singleturn|p2a: Dragonite|Protect\n|move|p2b: Kingambit|Protect|p2b: Kingambit\n|-singleturn|p2b: Kingambit|Protect\n|move|p1a: Corviknight|Bulk Up|p1a: Corviknight\n|-boost|p1a: Corviknight|atk|1\n|-boost|p1a: Corviknight|def|1\n|\n|upkeep\n|turn|7\n|\n|t:|1776459441\n|detailschange|p1b: Froslass|Froslass-Mega, L50, F\n|-mega|p1b: Froslass|Froslass|Froslassite\n|-weather|Snowscape|[from] ability: Snow Warning|[of] p1b: Froslass\n|move|p1b: Froslass|Aurora Veil|p1b: Froslass\n|-sidestart|p1: Phillip Blevin|move: Aurora Veil\n|move|p2a: Dragonite|Hurricane|p1b: Froslass\n|-damage|p1b: Froslass|49/100\n|move|p1a: Corviknight|Body Press|p2b: Kingambit\n|-supereffective|p2b: Kingambit|2\n|-damage|p2b: Kingambit|0 fnt\n|faint|p2b: Kingambit\n|\n|-weather|Snowscape|[upkeep]\n|upkeep\n|turn|8\n|j| Asheeeeeee\n|-message|Malk2x forfeited.\n|\n|win|Phillip Blevin\n|raw|Phillip Blevin's rating: 1400 &rarr; <strong>1424</strong><br />(+24 for winning)\n|raw|Malk2x's rating: 1469 &rarr; <strong>1445</strong><br />(-24 for losing)\n",
  "uploadtime": 1776459446,
  "views": 47,
  "formatid": "gen9championsvgc2026regma",
  "rating": 1424,
  "private": 0,
  "password": null
}