{
  "id": "gen9championsvgc2026regma-2581693985",
  "format": "[Gen 9 Champions] VGC 2026 Reg M-A",
  "players": [
    "sheikhswampert",
    "byableorange4"
  ],
  "log": "|j|\u2606sheikhswampert\n|j|\u2606byableorange4\n|t:|1776021253\n|gametype|doubles\n|player|p1|sheikhswampert|volkner|1132\n|player|p2|byableorange4|n|1033\n|gen|9\n|tier|[Gen 9 Champions] VGC 2026 Reg M-A\n|rated|\n|rule|Species Clause: Limit one of each Pok\u00e9mon\n|rule|Item Clause: Limit 1 of each item\n|clearpoke\n|poke|p1|Sneasler, L50, F|\n|poke|p1|Froslass, L50, F|\n|poke|p1|Kingambit, L50, M|\n|poke|p1|Dragonite, L50, M|\n|poke|p1|Hydreigon, L50, M|\n|poke|p1|Slowking-Galar, L50, M|\n|poke|p2|Banette, L50, M|\n|poke|p2|Incineroar, L50, M|\n|poke|p2|Scizor, L50, M|\n|poke|p2|Rotom-Wash, L50|\n|poke|p2|Whimsicott, L50, F|\n|poke|p2|Kommo-o, L50, F|\n|teampreview|4\n|inactive|Battle timer is ON: inactive players will automatically lose when time's up. (requested by byableorange4)\n|\n|t:|1776021275\n|teamsize|p1|4\n|teamsize|p2|4\n|start\n|switch|p1a: Sneasler|Sneasler, L50, F|100/100\n|switch|p1b: Froslass|Froslass, L50, F, shiny|100/100\n|switch|p2a: Whimsicott|Whimsicott, L50, F|100/100\n|switch|p2b: Scizor|Scizor, L50, M|100/100\n|turn|1\n|inactive|byableorange4 has 30 seconds left.\n|\n|t:|1776021301\n|switch|p2a: Incineroar|Incineroar, L50, M|100/100\n|-ability|p2a: Incineroar|Intimidate|boost\n|-unboost|p1a: Sneasler|atk|1\n|-unboost|p1b: Froslass|atk|1\n|detailschange|p1b: Froslass|Froslass-Mega, L50, F, shiny\n|-mega|p1b: Froslass|Froslass|Froslassite\n|-weather|Snowscape|[from] ability: Snow Warning|[of] p1b: Froslass\n|detailschange|p2b: Scizor|Scizor-Mega, L50, M\n|-mega|p2b: Scizor|Scizor|Scizorite\n|move|p1a: Sneasler|Dire Claw|p2a: Incineroar\n|-damage|p2a: Incineroar|73/100\n|move|p1b: Froslass|Aurora Veil|p1b: Froslass\n|-sidestart|p1: sheikhswampert|move: Aurora Veil\n|move|p2b: Scizor|Aerial Ace|p1a: Sneasler\n|-supereffective|p1a: Sneasler|1\n|-damage|p1a: Sneasler|17/100\n|\n|-weather|Snowscape|[upkeep]\n|upkeep\n|turn|2\n|inactive|sheikhswampert has 30 seconds left.\n|\n|t:|1776021326\n|move|p2b: Scizor|Bullet Punch|p1a: Sneasler\n|-damage|p1a: Sneasler|0 fnt\n|faint|p1a: Sneasler\n|move|p1b: Froslass|Shadow Ball|p2b: Scizor\n|-damage|p2b: Scizor|54/100\n|move|p2a: Incineroar|Lash Out|p1b: Froslass\n|-supereffective|p1b: Froslass|1\n|-damage|p1b: Froslass|41/100\n|\n|-weather|Snowscape|[upkeep]\n|upkeep\n|\n|t:|1776021339\n|switch|p1a: Dragonite|Dragonite, L50, M|100/100\n|turn|3\n|\n|t:|1776021357\n|move|p1b: Froslass|Protect|p1b: Froslass\n|-singleturn|p1b: Froslass|Protect\n|move|p2b: Scizor|Bullet Punch|p1b: Froslass\n|-activate|p1b: Froslass|move: Protect\n|move|p1a: Dragonite|Fire Punch|p2b: Scizor\n|-supereffective|p2b: Scizor|2\n|-damage|p2b: Scizor|0 fnt\n|faint|p2b: Scizor\n|move|p2a: Incineroar|Parting Shot|p1a: Dragonite\n|-unboost|p1a: Dragonite|atk|1\n|-unboost|p1a: Dragonite|spa|1\n|\n|t:|1776021371\n|switch|p2a: Whimsicott|Whimsicott, L50, F|100/100|[from] Parting Shot\n|-enditem|p1a: Dragonite|White Herb\n|-clearnegativeboost|p1a: Dragonite|[silent]\n|\n|-weather|Snowscape|[upkeep]\n|upkeep\n|\n|t:|1776021379\n|switch|p2b: Incineroar|Incineroar, L50, M|73/100\n|-ability|p2b: Incineroar|Intimidate|boost\n|-unboost|p1a: Dragonite|atk|1\n|-unboost|p1b: Froslass|atk|1\n|turn|4\n|\n|t:|1776021393\n|move|p2a: Whimsicott|Tailwind|p2a: Whimsicott\n|-sidestart|p2: byableorange4|move: Tailwind\n|move|p1b: Froslass|Blizzard|p2b: Incineroar|[spread] p2a,p2b\n|-supereffective|p2a: Whimsicott|1\n|-resisted|p2b: Incineroar|1\n|-crit|p2b: Incineroar\n|-damage|p2a: Whimsicott|0 fnt\n|-damage|p2b: Incineroar|39/100\n|faint|p2a: Whimsicott\n|move|p2b: Incineroar|Flare Blitz|p1b: Froslass\n|-supereffective|p1b: Froslass|1\n|-damage|p1b: Froslass|0 fnt\n|faint|p1b: Froslass\n|-damage|p2b: Incineroar|30/100|[from] Recoil\n|move|p1a: Dragonite|Dragon Claw|p2b: Incineroar\n|-damage|p2b: Incineroar|1/100\n|\n|-weather|Snowscape|[upkeep]\n|upkeep\n|\n|t:|1776021407\n|switch|p1b: Kingambit|Kingambit, L50, M|100/100\n|switch|p2a: Rotom|Rotom-Wash, L50|100/100\n|turn|5\n|\n|t:|1776021417\n|move|p1a: Dragonite|Extreme Speed|p2b: Incineroar\n|-damage|p2b: Incineroar|0 fnt\n|faint|p2b: Incineroar\n|move|p2a: Rotom|Will-O-Wisp|p1b: Kingambit\n|-status|p1b: Kingambit|brn\n|-enditem|p1b: Kingambit|Rawst Berry|[eat]\n|-curestatus|p1b: Kingambit|brn|[msg]\n|move|p1b: Kingambit|Kowtow Cleave|p2a: Rotom\n|-damage|p2a: Rotom|36/100\n|\n|-weather|none\n|-heal|p2a: Rotom|41/100|[from] item: Leftovers\n|-sideend|p1: sheikhswampert|move: Aurora Veil\n|upkeep\n|turn|6\n|c|\u2606sheikhswampert|HAHAHAHAHA\n|-message|byableorange4 forfeited.\n|\n|win|sheikhswampert\n|raw|sheikhswampert's rating: 1132 &rarr; <strong>1150</strong><br />(+18 for winning)\n|raw|byableorange4's rating: 1033 &rarr; <strong>1022</strong><br />(-11 for losing)\n|l|\u2606byableorange4\n|player|p2|\n|c|\u2606sheikhswampert|RAWST BERRY STRATS GO BRRRRR\n|l|\u2606sheikhswampert\n|player|p1|\n|j|\u2606sheikhswampert\n|player|p1|sheikhswampert|volkner|\n",
  "uploadtime": 1776021487,
  "views": 14,
  "formatid": "gen9championsvgc2026regma",
  "rating": 1022,
  "private": 0,
  "password": null
}