{
  "id": "gen9championsvgc2026regma-2584202143",
  "format": "[Gen 9 Champions] VGC 2026 Reg M-A",
  "players": [
    "ScribbleScribble",
    "ChampionsmatchVGC"
  ],
  "log": "|j|\u2606ScribbleScribble\n|j|\u2606ChampionsmatchVGC\n|t:|1776237638\n|gametype|doubles\n|player|p1|ScribbleScribble|mina-lgpe|1650\n|player|p2|ChampionsmatchVGC|gardenia|1658\n|gen|9\n|tier|[Gen 9 Champions] VGC 2026 Reg M-A\n|rated|\n|rule|Species Clause: Limit one of each Pok\u00e9mon\n|rule|Item Clause: Limit 1 of each item\n|clearpoke\n|poke|p1|Floette-Eternal, L50, F|\n|poke|p1|Sneasler, L50, M|\n|poke|p1|Aerodactyl, L50, F|\n|poke|p1|Kingambit, L50, M|\n|poke|p1|Basculegion, L50, M|\n|poke|p1|Farigiraf, L50, M|\n|poke|p2|Garchomp, L50, M|\n|poke|p2|Delphox, L50, F|\n|poke|p2|Floette-Eternal, L50, F|\n|poke|p2|Kingambit, L50, M|\n|poke|p2|Basculegion, L50, M|\n|poke|p2|Talonflame, L50, M|\n|teampreview|4\n|inactive|Battle timer is ON: inactive players will automatically lose when time's up. (requested by ScribbleScribble)\n|\n|t:|1776237663\n|teamsize|p1|4\n|teamsize|p2|4\n|start\n|switch|p1a: Aerodactyl|Aerodactyl, L50, F|100/100\n|switch|p1b: Sneasler|Sneasler, L50, M|100/100\n|switch|p2a: Garchomp|Garchomp, L50, M|100/100\n|switch|p2b: Delphox|Delphox, L50, F|100/100\n|-ability|p1a: Aerodactyl|Unnerve\n|turn|1\n|j| Gwynn x Canari\n|inactive|ScribbleScribble has 30 seconds left.\n|inactive|ChampionsmatchVGC has 30 seconds left.\n|\n|t:|1776237696\n|detailschange|p2b: Delphox|Delphox-Mega, L50, F\n|-mega|p2b: Delphox|Delphox|Delphoxite\n|move|p1b: Sneasler|Fake Out|p2b: Delphox\n|-damage|p2b: Delphox|77/100\n|cant|p2b: Delphox|flinch\n|move|p1a: Aerodactyl|Tailwind|p1a: Aerodactyl\n|-sidestart|p1: ScribbleScribble|move: Tailwind\n|move|p2a: Garchomp|Earthquake|p1a: Aerodactyl|[spread] p1b\n|-immune|p2b: Delphox|[from] ability: Levitate\n|-immune|p1a: Aerodactyl\n|-supereffective|p1b: Sneasler|1\n|-damage|p1b: Sneasler|0 fnt\n|faint|p1b: Sneasler\n|\n|upkeep\n|\n|t:|1776237708\n|switch|p1b: Basculegion|Basculegion, L50, M|100/100\n|turn|2\n|\n|t:|1776237727\n|move|p1b: Basculegion|Wave Crash|p2b: Delphox\n|-supereffective|p2b: Delphox|1\n|-damage|p2b: Delphox|0 fnt\n|faint|p2b: Delphox\n|-damage|p1b: Basculegion|80/100|[from] Recoil\n|move|p1a: Aerodactyl|Rock Slide|p2a: Garchomp\n|-resisted|p2a: Garchomp|1\n|-damage|p2a: Garchomp|87/100\n|cant|p2a: Garchomp|flinch\n|\n|upkeep\n|\n|t:|1776237743\n|switch|p2b: Kingambit|Kingambit, L50, M|100/100\n|turn|3\n|\n|t:|1776237763\n|switch|p1b: Kingambit|Kingambit, L50, M|100/100\n|move|p1a: Aerodactyl|Rock Slide|p2b: Kingambit|[spread] p2a,p2b\n|-resisted|p2a: Garchomp|1\n|-resisted|p2b: Kingambit|1\n|-damage|p2a: Garchomp|76/100\n|-damage|p2b: Kingambit|92/100\n|move|p2a: Garchomp|Rock Slide|p1a: Aerodactyl|[spread] p1a,p1b\n|-supereffective|p1a: Aerodactyl|1\n|-resisted|p1b: Kingambit|1\n|-damage|p1a: Aerodactyl|38/100\n|-damage|p1b: Kingambit|93/100\n|move|p2b: Kingambit|Iron Head|p1a: Aerodactyl\n|-supereffective|p1a: Aerodactyl|1\n|-damage|p1a: Aerodactyl|0 fnt\n|faint|p1a: Aerodactyl\n|\n|upkeep\n|\n|t:|1776237768\n|switch|p1a: Basculegion|Basculegion, L50, M|80/100\n|turn|4\n|\n|t:|1776237784\n|move|p2b: Kingambit|Sucker Punch|p1a: Basculegion\n|-supereffective|p1a: Basculegion|1\n|-damage|p1a: Basculegion|0 fnt\n|faint|p1a: Basculegion\n|move|p1b: Kingambit|Low Kick|p2b: Kingambit\n|-supereffective|p2b: Kingambit|2\n|-enditem|p2b: Kingambit|Chople Berry|[eat]\n|-enditem|p2b: Kingambit|Chople Berry|[weaken]\n|-damage|p2b: Kingambit|34/100\n|move|p2a: Garchomp|Stomping Tantrum|p1b: Kingambit\n|-supereffective|p1b: Kingambit|1\n|-damage|p1b: Kingambit|34/100\n|\n|-sideend|p1: ScribbleScribble|move: Tailwind\n|upkeep\n|turn|5\n|inactive|ScribbleScribble has 30 seconds left.\n|inactive|ScribbleScribble has 20 seconds left.\n|inactive|ScribbleScribble has 15 seconds left.\n|\n|t:|1776237826\n|move|p2a: Garchomp|Stomping Tantrum|p1b: Kingambit\n|-supereffective|p1b: Kingambit|1\n|-damage|p1b: Kingambit|0 fnt\n|faint|p1b: Kingambit\n|\n|win|ChampionsmatchVGC\n|raw|ScribbleScribble's rating: 1624 &rarr; <strong>1606</strong><br />(-18 for losing)\n|raw|ChampionsmatchVGC's rating: 1658 &rarr; <strong>1676</strong><br />(+18 for winning)\n|l|\u2606ScribbleScribble\n|player|p1|\n|l|\u2606ChampionsmatchVGC\n|player|p2|\n",
  "uploadtime": 1776237850,
  "views": 208,
  "formatid": "gen9championsvgc2026regma",
  "rating": 1606,
  "private": 0,
  "password": null
}