{
  "id": "gen9championsvgc2026regma-2583682962",
  "format": "[Gen 9 Champions] VGC 2026 Reg M-A",
  "players": [
    "KilamanolaVGC",
    "tf2026"
  ],
  "log": "|j|\u203dKilamanolaVGC\n|j|\u2606tf2026\n|t:|1776190790\n|gametype|doubles\n|player|p1|KilamanolaVGC|benga|1332\n|player|p2|tf2026|2|1426\n|gen|9\n|tier|[Gen 9 Champions] VGC 2026 Reg M-A\n|rated|\n|rule|Species Clause: Limit one of each Pok\u00e9mon\n|rule|Item Clause: Limit 1 of each item\n|clearpoke\n|poke|p1|Floette-Eternal, L50, F|\n|poke|p1|Garchomp, L50, M|\n|poke|p1|Aerodactyl, L50, M|\n|poke|p1|Kingambit, L50, F|\n|poke|p1|Charizard, L50, M|\n|poke|p1|Sneasler, L50, M|\n|poke|p2|Aerodactyl, L50, M|\n|poke|p2|Aegislash, L50, M|\n|poke|p2|Froslass, L50, F|\n|poke|p2|Garchomp, L50, M|\n|poke|p2|Milotic, L50, F|\n|poke|p2|Sinistcha-Masterpiece, L50|\n|teampreview|4\n|inactive|Battle timer is ON: inactive players will automatically lose when time's up. (requested by KilamanolaVGC)\nKilamanolaVGC has agreed to open team sheets.\n|inactive|KilamanolaVGC has 60 seconds left.\n|inactive|tf2026 has 60 seconds left.\n|\n|t:|1776190845\n|teamsize|p1|4\n|teamsize|p2|4\n|start\n|switch|p1a: Aerodactyl|Aerodactyl, L50, M|100/100\n|switch|p1b: Sneasler|Sneasler, L50, M, shiny|100/100\n|switch|p2a: Aerodactyl|Aerodactyl, L50, M|100/100\n|switch|p2b: Aegislash|Aegislash, L50, M|100/100\n|-ability|p1a: Aerodactyl|Unnerve\n|-ability|p2a: Aerodactyl|Unnerve\n|turn|1\n|inactive|tf2026 has 30 seconds left.\n|\n|t:|1776190873\n|switch|p1b: Kingambit|Kingambit, L50, F, shiny|100/100\n|move|p2a: Aerodactyl|Protect|p2a: Aerodactyl\n|-singleturn|p2a: Aerodactyl|Protect\n|move|p1a: Aerodactyl|Tailwind|p1a: Aerodactyl\n|-sidestart|p1: KilamanolaVGC|move: Tailwind\n|-formechange|p2b: Aegislash|Aegislash-Blade|\n|move|p2b: Aegislash|Poltergeist|p1b: Kingambit\n|-activate|p1b: Kingambit|move: Poltergeist|Black Glasses\n|-resisted|p1b: Kingambit|1\n|-damage|p1b: Kingambit|72/100\n|\n|upkeep\n|turn|2\n|\n|t:|1776190892\n|-formechange|p2b: Aegislash|Aegislash|\n|move|p2b: Aegislash|King's Shield|p2b: Aegislash\n|-singleturn|p2b: Aegislash|Protect\n|move|p1a: Aerodactyl|Rock Slide|p2a: Aerodactyl|[spread] p2a\n|-activate|p2b: Aegislash|move: Protect\n|-supereffective|p2a: Aerodactyl|1\n|-damage|p2a: Aerodactyl|26/100\n|move|p2a: Aerodactyl|Tailwind|p2a: Aerodactyl\n|-sidestart|p2: tf2026|move: Tailwind\n|move|p1b: Kingambit|Kowtow Cleave|p2b: Aegislash\n|-activate|p2b: Aegislash|move: Protect\n|-unboost|p1b: Kingambit|atk|1\n|-ability|p1b: Kingambit|Defiant|boost\n|-boost|p1b: Kingambit|atk|2\n|\n|upkeep\n|turn|3\n|inactive|tf2026 has 30 seconds left.\n|inactive|tf2026 has 20 seconds left.\n|inactive|tf2026 has 15 seconds left.\n|inactive|tf2026 has 10 seconds left.\n|inactive|tf2026 has 5 seconds left.\n|\n|t:|1776190947\n|move|p1a: Aerodactyl|Rock Slide|p2a: Aerodactyl|[spread] p2a,p2b\n|-supereffective|p2a: Aerodactyl|1\n|-resisted|p2b: Aegislash|1\n|-damage|p2a: Aerodactyl|0 fnt\n|-damage|p2b: Aegislash|90/100\n|faint|p2a: Aerodactyl\n|-formechange|p2b: Aegislash|Aegislash-Blade|\n|move|p2b: Aegislash|Poltergeist|p1a: Aerodactyl\n|-activate|p1a: Aerodactyl|move: Poltergeist|Focus Sash\n|-enditem|p1a: Aerodactyl|Focus Sash\n|-damage|p1a: Aerodactyl|1/100\n|move|p1b: Kingambit|Kowtow Cleave|p2b: Aegislash\n|-supereffective|p2b: Aegislash|1\n|-damage|p2b: Aegislash|0 fnt\n|faint|p2b: Aegislash\n|\n|upkeep\n|\n|t:|1776190951\n|switch|p2a: Froslass|Froslass, L50, F|100/100\n|switch|p2b: Milotic|Milotic, L50, F|100/100\n|turn|4\n|\n|t:|1776190969\n|switch|p1a: Sneasler|Sneasler, L50, M, shiny|100/100\n|detailschange|p2a: Froslass|Froslass-Mega, L50, F\n|-mega|p2a: Froslass|Froslass|Froslassite\n|-weather|Snowscape|[from] ability: Snow Warning|[of] p2a: Froslass\n|move|p2a: Froslass|Aurora Veil|p2a: Froslass\n|-sidestart|p2: tf2026|move: Aurora Veil\n|move|p2b: Milotic|Coil|p2b: Milotic\n|-boost|p2b: Milotic|atk|1\n|-boost|p2b: Milotic|def|1\n|-boost|p2b: Milotic|accuracy|1\n|move|p1b: Kingambit|Kowtow Cleave|p2a: Froslass\n|-supereffective|p2a: Froslass|1\n|-damage|p2a: Froslass|0 fnt\n|faint|p2a: Froslass\n|\n|-weather|Snowscape|[upkeep]\n|-sideend|p1: KilamanolaVGC|move: Tailwind\n|upkeep\n|turn|5\n|\n|t:|1776190987\n|move|p1a: Sneasler|Fake Out|p2b: Milotic\n|-crit|p2b: Milotic\n|-damage|p2b: Milotic|83/100\n|cant|p2b: Milotic|flinch\n|move|p1b: Kingambit|Kowtow Cleave|p2b: Milotic\n|-damage|p2b: Milotic|52/100\n|\n|-weather|Snowscape|[upkeep]\n|-heal|p2b: Milotic|58/100|[from] item: Leftovers\n|-sideend|p2: tf2026|move: Tailwind\n|upkeep\n|turn|6\n|\n|t:|1776190997\n|move|p1a: Sneasler|Dire Claw|p2b: Milotic\n|-damage|p2b: Milotic|44/100\n|move|p2b: Milotic|Recover|p2b: Milotic\n|-heal|p2b: Milotic|95/100\n|move|p1b: Kingambit|Kowtow Cleave|p2b: Milotic\n|-damage|p2b: Milotic|62/100\n|\n|-weather|Snowscape|[upkeep]\n|-heal|p2b: Milotic|68/100|[from] item: Leftovers\n|upkeep\n|turn|7\n|\n|t:|1776191005\n|move|p1a: Sneasler|Dire Claw|p2b: Milotic\n|-damage|p2b: Milotic|55/100\n|move|p2b: Milotic|Hypnosis|p1b: Kingambit\n|-status|p1b: Kingambit|slp|[from] move: Hypnosis\n|cant|p1b: Kingambit|slp\n|\n|-weather|Snowscape|[upkeep]\n|-heal|p2b: Milotic|61/100|[from] item: Leftovers\n|upkeep\n|turn|8\n|\n|t:|1776191014\n|move|p1a: Sneasler|Dire Claw|p2b: Milotic\n|-damage|p2b: Milotic|48/100\n|move|p2b: Milotic|Scald|p1b: Kingambit\n|-damage|p1b: Kingambit|44/100 slp\n|cant|p1b: Kingambit|slp\n|\n|-weather|none\n|-heal|p2b: Milotic|54/100|[from] item: Leftovers\n|-sideend|p2: tf2026|move: Aurora Veil\n|upkeep\n|turn|9\n|\n|t:|1776191022\n|move|p1a: Sneasler|Dire Claw|p2b: Milotic\n|-damage|p2b: Milotic|35/100\n|-status|p2b: Milotic|psn\n|move|p2b: Milotic|Recover|p2b: Milotic\n|-heal|p2b: Milotic|85/100 psn\n|-curestatus|p1b: Kingambit|slp|[msg]\n|move|p1b: Kingambit|Kowtow Cleave|p2b: Milotic\n|-damage|p2b: Milotic|39/100 psn\n|\n|-heal|p2b: Milotic|45/100 psn|[from] item: Leftovers\n|-damage|p2b: Milotic|32/100 psn|[from] psn\n|upkeep\n|turn|10\n|-message|tf2026 forfeited.\n|\n|win|KilamanolaVGC\n|raw|KilamanolaVGC's rating: 1332 &rarr; <strong>1357</strong><br />(+25 for winning)\n|raw|tf2026's rating: 1414 &rarr; <strong>1389</strong><br />(-25 for losing)\n|l|\u2606tf2026\n|player|p2|\n",
  "uploadtime": 1776191128,
  "views": 50,
  "formatid": "gen9championsvgc2026regma",
  "rating": 1357,
  "private": 0,
  "password": null
}