{
  "id": "gen9championsvgc2026regma-2583137391",
  "format": "[Gen 9 Champions] VGC 2026 Reg M-A",
  "players": [
    "Missed Ledgedash",
    "I3 L 4 z E"
  ],
  "log": "|j|\u2606Missed Ledgedash\n|j|\u2606I3 L 4 z E\n|t:|1776146540\n|gametype|doubles\n|player|p1|Missed Ledgedash|juan-gen3|1136\n|player|p2|I3 L 4 z E|102|1166\n|gen|9\n|tier|[Gen 9 Champions] VGC 2026 Reg M-A\n|rated|\n|rule|Species Clause: Limit one of each Pok\u00e9mon\n|rule|Item Clause: Limit 1 of each item\n|clearpoke\n|poke|p1|Incineroar, L50, F|\n|poke|p1|Gengar, L50, M|\n|poke|p1|Sneasler, L50, M|\n|poke|p1|Tyranitar, L50, F|\n|poke|p1|Sinistcha, L50|\n|poke|p1|Rotom-Wash, L50|\n|poke|p2|Garchomp, L50, F|\n|poke|p2|Froslass, L50, F|\n|poke|p2|Rotom-Frost, L50|\n|poke|p2|Incineroar, L50, M|\n|poke|p2|Basculegion, L50, M|\n|poke|p2|Orthworm, L50, M|\n|teampreview|4\n|\n|t:|1776146567\n|teamsize|p1|4\n|teamsize|p2|4\n|start\n|switch|p1a: Gengar|Gengar, L50, M|100/100\n|switch|p1b: Incineroar|Incineroar, L50, F|100/100\n|switch|p2a: Garchomp|Garchomp, L50, F|100/100\n|switch|p2b: Orthworm|Orthworm, L50, M|100/100\n|-ability|p1b: Incineroar|Intimidate|boost\n|-unboost|p2a: Garchomp|atk|1\n|-unboost|p2b: Orthworm|atk|1\n|turn|1\n|l|\u2606I3 L 4 z E\n|player|p2|\n|j|\u2606I3 L 4 z E\n|player|p2|I3 L 4 z E|102|\n|\n|t:|1776146593\n|detailschange|p1a: Gengar|Gengar-Mega, L50, M\n|-mega|p1a: Gengar|Gengar|Gengarite\n|move|p1b: Incineroar|Fake Out|p2a: Garchomp\n|-damage|p2a: Garchomp|90/100\n|-damage|p1b: Incineroar|88/100|[from] ability: Rough Skin|[of] p2a: Garchomp\n|move|p1a: Gengar|Shadow Ball|p2b: Orthworm\n|-damage|p2b: Orthworm|55/100\n|cant|p2a: Garchomp|flinch\n|move|p2b: Orthworm|Body Press|p1b: Incineroar\n|-supereffective|p1b: Incineroar|1\n|-damage|p1b: Incineroar|52/100\n|\n|upkeep\n|turn|2\n|\n|t:|1776146617\n|switch|p1a: Rotom|Rotom-Wash, L50|100/100\n|move|p2a: Garchomp|Earthquake|p1b: Incineroar|[spread] p1b\n|-heal|p2b: Orthworm|80/100|[from] ability: Earth Eater|[of] p2a: Garchomp\n|-immune|p1a: Rotom|[from] ability: Levitate\n|-supereffective|p1b: Incineroar|1\n|-enditem|p1b: Incineroar|Shuca Berry|[eat]\n|-enditem|p1b: Incineroar|Shuca Berry|[weaken]\n|-damage|p1b: Incineroar|33/100\n|move|p2b: Orthworm|Shed Tail|p2b: Orthworm\n|-start|p2b: Orthworm|Substitute|[from] move: Shed Tail\n|-damage|p2b: Orthworm|29/100\n|-enditem|p2b: Orthworm|Sitrus Berry|[eat]\n|-heal|p2b: Orthworm|54/100|[from] item: Sitrus Berry\n|\n|t:|1776146632\n|switch|p2b: Froslass|Froslass, L50, F|100/100|[from] Shed Tail\n|move|p1b: Incineroar|Parting Shot|p2a: Garchomp\n|-unboost|p2a: Garchomp|atk|1\n|-unboost|p2a: Garchomp|spa|1\n|\n|t:|1776146640\n|switch|p1b: Gengar|Gengar-Mega, L50, M|100/100|[from] Parting Shot\n|\n|upkeep\n|turn|3\n|\n|t:|1776146654\n|detailschange|p2b: Froslass|Froslass-Mega, L50, F\n|-mega|p2b: Froslass|Froslass|Froslassite\n|-weather|Snowscape|[from] ability: Snow Warning|[of] p2b: Froslass\n|move|p1b: Gengar|Protect|p1b: Gengar\n|-singleturn|p1b: Gengar|Protect\n|move|p2b: Froslass|Protect|p2b: Froslass\n|-singleturn|p2b: Froslass|Protect\n|move|p2a: Garchomp|Earthquake|p1a: Rotom|[spread] \n|-activate|p2b: Froslass|move: Protect\n|-activate|p1b: Gengar|move: Protect\n|-immune|p1a: Rotom|[from] ability: Levitate\n|move|p1a: Rotom|Thunderbolt|p2b: Froslass\n|-activate|p2b: Froslass|move: Protect\n|\n|-weather|Snowscape|[upkeep]\n|upkeep\n|turn|4\n|\n|t:|1776146679\n|switch|p1b: Incineroar|Incineroar, L50, F|33/100\n|-ability|p1b: Incineroar|Intimidate|boost\n|-unboost|p2a: Garchomp|atk|1\n|-immune|p2b: Froslass\n|move|p2b: Froslass|Shadow Ball|p1a: Rotom\n|-damage|p1a: Rotom|57/100\n|move|p2a: Garchomp|Earthquake|p1b: Incineroar|[spread] p2b,p1b\n|-immune|p1a: Rotom|[from] ability: Levitate\n|-activate|p2b: Froslass|move: Substitute|[damage]\n|-supereffective|p1b: Incineroar|1\n|-damage|p1b: Incineroar|12/100\n|move|p1a: Rotom|Nasty Plot|p1a: Rotom\n|-boost|p1a: Rotom|spa|2\n|\n|-weather|Snowscape|[upkeep]\n|upkeep\n|turn|5\n|\n|t:|1776146714\n|move|p2b: Froslass|Shadow Ball|p1a: Rotom\n|-damage|p1a: Rotom|8/100\n|-enditem|p1a: Rotom|Sitrus Berry|[eat]\n|-heal|p1a: Rotom|33/100|[from] item: Sitrus Berry\n|move|p2a: Garchomp|Earthquake|p1a: Rotom|[spread] p2b,p1b\n|-immune|p1a: Rotom|[from] ability: Levitate\n|-end|p2b: Froslass|Substitute\n|-supereffective|p1b: Incineroar|1\n|-damage|p1b: Incineroar|0 fnt\n|faint|p1b: Incineroar\n|move|p1a: Rotom|Thunderbolt|p2b: Froslass\n|-damage|p2b: Froslass|0 fnt\n|faint|p2b: Froslass\n|\n|-weather|Snowscape|[upkeep]\n|upkeep\n|\n|t:|1776146735\n|switch|p2b: Orthworm|Orthworm, L50, M|54/100\n|switch|p1b: Gengar|Gengar-Mega, L50, M|100/100\n|turn|6\n|\n|t:|1776146745\n|move|p1b: Gengar|Icy Wind|p2b: Orthworm|[spread] p2a,p2b\n|-supereffective|p2a: Garchomp|2\n|-resisted|p2b: Orthworm|1\n|-damage|p2a: Garchomp|25/100\n|-damage|p2b: Orthworm|46/100\n|-unboost|p2a: Garchomp|spe|1\n|-unboost|p2b: Orthworm|spe|1\n|move|p2a: Garchomp|Earthquake|p1b: Gengar|[spread] p1b\n|-heal|p2b: Orthworm|71/100|[from] ability: Earth Eater|[of] p2a: Garchomp\n|-immune|p1a: Rotom|[from] ability: Levitate\n|-supereffective|p1b: Gengar|1\n|-damage|p1b: Gengar|63/100\n|move|p1a: Rotom|Thunderbolt|p2b: Orthworm\n|-damage|p2b: Orthworm|0 fnt\n|faint|p2b: Orthworm\n|\n|-weather|Snowscape|[upkeep]\n|upkeep\n|\n|t:|1776146762\n|switch|p2b: Basculegion|Basculegion, L50, M|100/100\n|turn|7\n|\n|t:|1776146770\n|move|p2b: Basculegion|Last Respects|p1a: Rotom\n|-damage|p1a: Rotom|0 fnt\n|faint|p1a: Rotom\n|move|p1b: Gengar|Shadow Ball|p2b: Basculegion\n|-supereffective|p2b: Basculegion|1\n|-damage|p2b: Basculegion|0 fnt\n|faint|p2b: Basculegion\n|move|p2a: Garchomp|Rock Slide|p1b: Gengar\n|-damage|p1b: Gengar|50/100\n|\n|-weather|none\n|upkeep\n|\n|t:|1776146776\n|switch|p1a: Sneasler|Sneasler, L50, M|100/100\n|turn|8\n|\n|t:|1776146781\n|move|p1a: Sneasler|Fake Out|p2a: Garchomp\n|-damage|p2a: Garchomp|9/100\n|-damage|p1a: Sneasler|88/100|[from] ability: Rough Skin|[of] p2a: Garchomp\n|move|p1b: Gengar|Shadow Ball|p2a: Garchomp\n|-damage|p2a: Garchomp|0 fnt\n|faint|p2a: Garchomp\n|\n|win|Missed Ledgedash\n|raw|Missed Ledgedash's rating: 1136 &rarr; <strong>1163</strong><br />(+27 for winning)\n|raw|I3 L 4 z E's rating: 1166 &rarr; <strong>1139</strong><br />(-27 for losing)\n",
  "uploadtime": 1776146781,
  "views": 18,
  "formatid": "gen9championsvgc2026regma",
  "rating": 1139,
  "private": 0,
  "password": null
}