{
  "id": "gen9championsvgc2026regma-2581034665",
  "format": "[Gen 9 Champions] VGC 2026 Reg M-A",
  "players": [
    "Frostypkmn",
    "dhyn964"
  ],
  "log": "|j|\u2606Frostypkmn\n|j|\u2606dhyn964\n|t:|1775953719\n|gametype|doubles\n|player|p1|Frostypkmn|clown|1076\n|player|p2|dhyn964|gamer-gen3|1057\n|gen|9\n|tier|[Gen 9 Champions] VGC 2026 Reg M-A\n|rated|\n|rule|Species Clause: Limit one of each Pok\u00e9mon\n|rule|Item Clause: Limit 1 of each item\n|clearpoke\n|poke|p1|Incineroar, L50, M|\n|poke|p1|Politoed, L50, M|\n|poke|p1|Basculegion, L50, M|\n|poke|p1|Whimsicott, L50, M|\n|poke|p1|Gengar, L50, F|\n|poke|p1|Archaludon, L50, F|\n|poke|p2|Zoroark-Hisui, L50, F|\n|poke|p2|Froslass, L50, F|\n|poke|p2|Whimsicott, L50, F|\n|poke|p2|Incineroar, L50, M|\n|poke|p2|Kingambit, L50, F|\n|poke|p2|Avalugg, L50, F|\n|teampreview|4\n|inactive|Battle timer is ON: inactive players will automatically lose when time's up. (requested by dhyn964)\n|inactive|Frostypkmn has 60 seconds left.\n|inactive|dhyn964 has 60 seconds left.\n|inactive|Frostypkmn has 30 seconds left.\n|inactive|Frostypkmn has 20 seconds left.\n|inactive|Frostypkmn has 15 seconds left.\n|inactive|Frostypkmn has 10 seconds left.\n|\n|t:|1775953802\n|teamsize|p1|4\n|teamsize|p2|4\n|start\n|switch|p1a: Politoed|Politoed, L50, M|100/100\n|switch|p1b: Whimsicott|Whimsicott, L50, M|100/100\n|switch|p2a: Froslass|Froslass, L50, F|100/100\n|switch|p2b: Whimsicott|Whimsicott, L50, F|100/100\n|-weather|RainDance|[from] ability: Drizzle|[of] p1a: Politoed\n|turn|1\n|inactive|Frostypkmn has 30 seconds left.\n|inactive|Frostypkmn has 20 seconds left.\n|\n|t:|1775953842\n|detailschange|p2a: Froslass|Froslass-Mega, L50, F\n|-mega|p2a: Froslass|Froslass|Froslassite\n|-weather|Snowscape|[from] ability: Snow Warning|[of] p2a: Froslass\n|move|p1a: Politoed|Protect|p1a: Politoed\n|-singleturn|p1a: Politoed|Protect\n|move|p1b: Whimsicott|Tailwind|p1b: Whimsicott\n|-sidestart|p1: Frostypkmn|move: Tailwind\n|move|p2b: Whimsicott|Tailwind|p2b: Whimsicott\n|-sidestart|p2: dhyn964|move: Tailwind\n|move|p2a: Froslass|Aurora Veil|p2a: Froslass\n|-sidestart|p2: dhyn964|move: Aurora Veil\n|\n|-weather|Snowscape|[upkeep]\n|upkeep\n|turn|2\n|inactive|Frostypkmn has 30 seconds left.\n|\n|t:|1775953873\n|move|p1b: Whimsicott|Encore|p2a: Froslass\n|-start|p2a: Froslass|Encore\n|move|p2b: Whimsicott|Fake Tears|p1a: Politoed\n|-unboost|p1a: Politoed|spd|2\n|move|p2a: Froslass|Aurora Veil||[still]\n|-fail|p2a: Froslass\n|move|p1a: Politoed|Weather Ball|p2b: Whimsicott\n|-supereffective|p2b: Whimsicott|1\n|-damage|p2b: Whimsicott|45/100\n|\n|-weather|Snowscape|[upkeep]\n|upkeep\n|turn|3\n|\n|t:|1775953887\n|switch|p2a: Kingambit|Kingambit, L50, F|100/100\n|move|p1b: Whimsicott|Encore|p2b: Whimsicott\n|-start|p2b: Whimsicott|Encore\n|-enditem|p2b: Whimsicott|Mental Herb\n|-end|p2b: Whimsicott|Encore\n|move|p2b: Whimsicott|Moonblast|p1a: Politoed\n|-damage|p1a: Politoed|45/100\n|move|p1a: Politoed|Weather Ball|p2b: Whimsicott\n|-supereffective|p2b: Whimsicott|1\n|-damage|p2b: Whimsicott|0 fnt\n|faint|p2b: Whimsicott\n|\n|-weather|Snowscape|[upkeep]\n|upkeep\n|\n|t:|1775953911\n|switch|p2b: Froslass|Froslass-Mega, L50, F|100/100\n|turn|4\n|inactive|Frostypkmn has 30 seconds left.\n|\n|t:|1775953943\n|switch|p1a: Incineroar|Incineroar, L50, M|100/100\n|-ability|p1a: Incineroar|Intimidate|boost\n|-unboost|p2a: Kingambit|atk|1\n|-ability|p2a: Kingambit|Defiant|boost\n|-boost|p2a: Kingambit|atk|2\n|-unboost|p2b: Froslass|atk|1\n|move|p1b: Whimsicott|Protect|p1b: Whimsicott\n|-singleturn|p1b: Whimsicott|Protect\n|move|p2a: Kingambit|Protect|p2a: Kingambit\n|-singleturn|p2a: Kingambit|Protect\n|move|p2b: Froslass|Blizzard|p1b: Whimsicott|[spread] p1a\n|-activate|p1b: Whimsicott|move: Protect\n|-resisted|p1a: Incineroar|1\n|-damage|p1a: Incineroar|79/100\n|-status|p1a: Incineroar|frz\n|\n|-weather|Snowscape|[upkeep]\n|-sideend|p2: dhyn964|move: Tailwind\n|-sideend|p1: Frostypkmn|move: Tailwind\n|upkeep\n|turn|5\n|inactive|Frostypkmn has 30 seconds left.\n|inactive|dhyn964 has 30 seconds left.\n|inactive|Frostypkmn has 20 seconds left.\n|\n|t:|1775953980\n|cant|p1a: Incineroar|frz\n|move|p1b: Whimsicott|Encore|p2a: Kingambit\n|-hint|Since gen 7, Dark is immune to Prankster moves.\n|-immune|p2a: Kingambit\n|move|p2b: Froslass|Blizzard|p1b: Whimsicott|[spread] p1a,p1b\n|-resisted|p1a: Incineroar|1\n|-supereffective|p1b: Whimsicott|1\n|-damage|p1a: Incineroar|58/100 frz\n|-enditem|p1b: Whimsicott|Focus Sash\n|-damage|p1b: Whimsicott|1/100\n|move|p2a: Kingambit|Iron Head|p1a: Incineroar\n|-resisted|p1a: Incineroar|1\n|-damage|p1a: Incineroar|28/100 frz\n|-enditem|p1a: Incineroar|Sitrus Berry|[eat]\n|-heal|p1a: Incineroar|53/100 frz|[from] item: Sitrus Berry\n|\n|-weather|none\n|-sideend|p2: dhyn964|move: Aurora Veil\n|upkeep\n|turn|6\n|inactive|Frostypkmn has 30 seconds left.\n|inactive|Frostypkmn has 20 seconds left.\n|inactive|Frostypkmn has 15 seconds left.\n|inactive|Frostypkmn has 10 seconds left.\n|inactive|Frostypkmn has 5 seconds left.\n|\n|t:|1775954033\n|switch|p2b: Incineroar|Incineroar, L50, M|100/100\n|-ability|p2b: Incineroar|Intimidate|boost\n|-unboost|p1a: Incineroar|atk|1\n|-unboost|p1b: Whimsicott|atk|1\n|move|p1b: Whimsicott|Encore|p2b: Incineroar\n|-hint|Since gen 7, Dark is immune to Prankster moves.\n|-immune|p2b: Incineroar\n|move|p2a: Kingambit|Sucker Punch||[still]\n|-fail|p2a: Kingambit\n|cant|p1a: Incineroar|frz\n|\n|upkeep\n|turn|7\n|inactive|Frostypkmn has 30 seconds left.\n|inactive|dhyn964 has 30 seconds left.\n|inactive|Frostypkmn has 20 seconds left.\n|inactive|dhyn964 has 20 seconds left.\n|inactive|Frostypkmn has 15 seconds left.\n|inactive|dhyn964 has 15 seconds left.\n|inactive|Frostypkmn has 10 seconds left.\n|inactive|dhyn964 has 10 seconds left.\n|inactive|Frostypkmn has 5 seconds left.\n|\n|t:|1775954086\n|move|p1b: Whimsicott|Protect|p1b: Whimsicott\n|-singleturn|p1b: Whimsicott|Protect\n|move|p2b: Incineroar|Fake Out|p1b: Whimsicott\n|-activate|p1b: Whimsicott|move: Protect\n|-curestatus|p1a: Incineroar|frz|[from] move: Flare Blitz\n|move|p1a: Incineroar|Flare Blitz|p2a: Kingambit\n|-supereffective|p2a: Kingambit|1\n|-damage|p2a: Kingambit|48/100\n|-damage|p1a: Incineroar|34/100|[from] Recoil\n|move|p2a: Kingambit|Kowtow Cleave|p1a: Incineroar\n|-resisted|p1a: Incineroar|1\n|-crit|p1a: Incineroar\n|-damage|p1a: Incineroar|0 fnt\n|faint|p1a: Incineroar\n|\n|upkeep\n|\n|t:|1775954102\n|switch|p1a: Politoed|Politoed, L50, M|45/100\n|-weather|RainDance|[from] ability: Drizzle|[of] p1a: Politoed\n|turn|8\n|inactive|Frostypkmn has 30 seconds left.\n|inactive|dhyn964 has 30 seconds left.\n|inactive|Frostypkmn has 20 seconds left.\n|\n|t:|1775954139\n|move|p1b: Whimsicott|Encore|p2b: Incineroar\n|-hint|Since gen 7, Dark is immune to Prankster moves.\n|-immune|p2b: Incineroar\n|move|p2a: Kingambit|Sucker Punch||[still]\n|-fail|p2a: Kingambit\n|move|p1a: Politoed|Weather Ball|p2a: Kingambit\n|-damage|p2a: Kingambit|0 fnt\n|faint|p2a: Kingambit\n|move|p2b: Incineroar|Parting Shot|p1a: Politoed\n|-unboost|p1a: Politoed|atk|1\n|-unboost|p1a: Politoed|spa|1\n|\n|t:|1775954145\n|switch|p2b: Froslass|Froslass-Mega, L50, F|100/100|[from] Parting Shot\n|-weather|Snowscape|[from] ability: Snow Warning|[of] p2b: Froslass\n|\n|-weather|Snowscape|[upkeep]\n|upkeep\n|\n|t:|1775954148\n|switch|p2a: Incineroar|Incineroar, L50, M|100/100\n|-ability|p2a: Incineroar|Intimidate|boost\n|-unboost|p1a: Politoed|atk|1\n|-unboost|p1b: Whimsicott|atk|1\n|turn|9\n|inactive|Frostypkmn has 30 seconds left.\n|inactive|Frostypkmn has 20 seconds left.\n|inactive|Frostypkmn has 15 seconds left.\n|inactive|Frostypkmn has 10 seconds left.\n|\n|t:|1775954194\n|move|p1b: Whimsicott|Protect|p1b: Whimsicott\n|-singleturn|p1b: Whimsicott|Protect\n|move|p1a: Politoed|Protect|p1a: Politoed\n|-singleturn|p1a: Politoed|Protect\n|move|p2b: Froslass|Aurora Veil|p2b: Froslass\n|-sidestart|p2: dhyn964|move: Aurora Veil\n|move|p2a: Incineroar|Darkest Lariat|p1b: Whimsicott\n|-activate|p1b: Whimsicott|move: Protect\n|\n|-weather|Snowscape|[upkeep]\n|upkeep\n|turn|10\n|inactive|Frostypkmn has 30 seconds left.\n|inactive|dhyn964 has 30 seconds left.\n|inactive|Frostypkmn has 20 seconds left.\n|\n|t:|1775954232\n|move|p1b: Whimsicott|Encore|p2b: Froslass\n|-start|p2b: Froslass|Encore\n|move|p2b: Froslass|Aurora Veil||[still]\n|-fail|p2b: Froslass\n|move|p1a: Politoed|Perish Song|p1a: Politoed\n|-start|p1a: Politoed|perish3|[silent]\n|-start|p1b: Whimsicott|perish3|[silent]\n|-start|p2a: Incineroar|perish3|[silent]\n|-start|p2b: Froslass|perish3|[silent]\n|-fieldactivate|move: Perish Song\n|move|p2a: Incineroar|Darkest Lariat|p1b: Whimsicott\n|-resisted|p1b: Whimsicott|1\n|-damage|p1b: Whimsicott|0 fnt\n|faint|p1b: Whimsicott\n|\n|-weather|Snowscape|[upkeep]\n|-start|p2b: Froslass|perish3\n|-start|p1a: Politoed|perish3\n|-start|p2a: Incineroar|perish3\n|upkeep\n|\n|t:|1775954246\n|switch|p1b: Gengar|Gengar, L50, F|100/100\n|turn|11\n|inactive|Frostypkmn has 30 seconds left.\n|inactive|Frostypkmn has 20 seconds left.\n|\n|t:|1775954270\n|detailschange|p1b: Gengar|Gengar-Mega, L50, F\n|-mega|p1b: Gengar|Gengar|Gengarite\n|move|p1b: Gengar|Disable|p2a: Incineroar\n|-start|p2a: Incineroar|Disable|Darkest Lariat\n|move|p2b: Froslass|Aurora Veil||[still]\n|-fail|p2b: Froslass\n|move|p1a: Politoed|Encore|p2a: Incineroar\n|-start|p2a: Incineroar|Encore\n|cant|p2a: Incineroar|Disable|Darkest Lariat\n|\n|-weather|Snowscape|[upkeep]\n|-start|p2b: Froslass|perish2\n|-start|p1a: Politoed|perish2\n|-start|p2a: Incineroar|perish2\n|upkeep\n|turn|12\n|inactive|Frostypkmn has 20 seconds left this turn.\n|inactive|Frostypkmn has 15 seconds left.\n|inactive|Frostypkmn has 10 seconds left.\n|-message|dhyn964 forfeited.\n|\n|win|Frostypkmn\n|raw|Frostypkmn's rating: 1076 &rarr; <strong>1103</strong><br />(+27 for winning)\n|raw|dhyn964's rating: 1057 &rarr; <strong>1039</strong><br />(-18 for losing)\n|l|\u2606dhyn964\n|player|p2|\n",
  "uploadtime": 1775954300,
  "views": 14,
  "formatid": "gen9championsvgc2026regma",
  "rating": 1039,
  "private": 0,
  "password": null
}