{
  "id": "gen9championsvgc2026regma-2584140433",
  "format": "[Gen 9 Champions] VGC 2026 Reg M-A",
  "players": [
    "sdfslkdf",
    "colfox"
  ],
  "log": "|j|\u2606sdfslkdf\n|j|\u203dcolfox\n|t:|1776229780\n|gametype|doubles\n|player|p1|sdfslkdf|hilbert-wonderlauncher|1050\n|player|p2|colfox|169|1142\n|gen|9\n|tier|[Gen 9 Champions] VGC 2026 Reg M-A\n|rated|\n|rule|Species Clause: Limit one of each Pok\u00e9mon\n|rule|Item Clause: Limit 1 of each item\n|clearpoke\n|poke|p1|Charizard, L50, M|\n|poke|p1|Whimsicott, L50, F|\n|poke|p1|Basculegion, L50, M|\n|poke|p1|Farigiraf, L50, M|\n|poke|p1|Kangaskhan, L50, F|\n|poke|p1|Sneasler, L50, F|\n|poke|p2|Sylveon, L50, F|\n|poke|p2|Garchomp, L50, F|\n|poke|p2|Milotic, L50, M|\n|poke|p2|Ninetales, L50, M|\n|poke|p2|Raichu, L50, F|\n|poke|p2|Scizor, L50, F|\n|teampreview|4\n|\n|t:|1776229840\n|teamsize|p1|4\n|teamsize|p2|4\n|start\n|switch|p1a: Whimsicott|Whimsicott, L50, F|100/100\n|switch|p1b: Sneasler|Sneasler, L50, F|100/100\n|switch|p2a: Scizor|Scizor, L50, F|100/100\n|switch|p2b: Raichu|Raichu, L50, F|100/100\n|turn|1\n|\n|t:|1776229857\n|detailschange|p2a: Scizor|Scizor-Mega, L50, F\n|-mega|p2a: Scizor|Scizor|Scizorite\n|move|p2b: Raichu|Fake Out|p1b: Sneasler\n|-damage|p1b: Sneasler|87/100\n|cant|p1b: Sneasler|flinch\n|move|p1a: Whimsicott|Tailwind|p1a: Whimsicott\n|-sidestart|p1: sdfslkdf|move: Tailwind\n|move|p2a: Scizor|Bullet Punch|p1a: Whimsicott\n|-supereffective|p1a: Whimsicott|1\n|-enditem|p1a: Whimsicott|Focus Sash\n|-damage|p1a: Whimsicott|1/100\n|\n|upkeep\n|turn|2\n|\n|t:|1776229885\n|move|p1a: Whimsicott|Encore|p2b: Raichu\n|-start|p2b: Raichu|Encore\n|move|p2b: Raichu|Fake Out||[still]\n|-hint|Fake Out only works on your first turn out.\n|-fail|p2b: Raichu\n|move|p1b: Sneasler|Close Combat|p2a: Scizor\n|-damage|p2a: Scizor|44/100\n|-unboost|p1b: Sneasler|def|1\n|-unboost|p1b: Sneasler|spd|1\n|-enditem|p1b: Sneasler|White Herb\n|-clearnegativeboost|p1b: Sneasler|[silent]\n|move|p2a: Scizor|Swords Dance|p2a: Scizor\n|-boost|p2a: Scizor|atk|2\n|\n|upkeep\n|turn|3\n|\n|t:|1776229916\n|switch|p1a: Kangaskhan|Kangaskhan, L50, F|100/100\n|switch|p2b: Garchomp|Garchomp, L50, F|100/100\n|move|p2a: Scizor|Bullet Punch|p1a: Kangaskhan\n|-damage|p1a: Kangaskhan|3/100\n|move|p1b: Sneasler|Close Combat|p2a: Scizor\n|-damage|p2a: Scizor|0 fnt\n|-unboost|p1b: Sneasler|def|1\n|-unboost|p1b: Sneasler|spd|1\n|faint|p2a: Scizor\n|\n|upkeep\n|\n|t:|1776229931\n|switch|p2a: Raichu|Raichu, L50, F|100/100\n|turn|4\n|\n|t:|1776229955\n|move|p1a: Kangaskhan|Fake Out|p2a: Raichu\n|-damage|p2a: Raichu|60/100\n|cant|p2a: Raichu|flinch\n|move|p1b: Sneasler|Close Combat|p2a: Raichu\n|-damage|p2a: Raichu|0 fnt\n|-unboost|p1b: Sneasler|def|1\n|-unboost|p1b: Sneasler|spd|1\n|faint|p2a: Raichu\n|move|p2b: Garchomp|Rock Slide|p1b: Sneasler|[spread] p1a,p1b\n|-resisted|p1b: Sneasler|1\n|-damage|p1a: Kangaskhan|0 fnt\n|-damage|p1b: Sneasler|55/100\n|faint|p1a: Kangaskhan\n|\n|-sideend|p1: sdfslkdf|move: Tailwind\n|upkeep\n|\n|t:|1776229972\n|switch|p2a: Sylveon|Sylveon, L50, F|100/100\n|switch|p1a: Whimsicott|Whimsicott, L50, F|1/100\n|turn|5\n|\n|t:|1776229990\n|move|p2a: Sylveon|Protect|p2a: Sylveon\n|-singleturn|p2a: Sylveon|Protect\n|move|p1a: Whimsicott|Tailwind|p1a: Whimsicott\n|-sidestart|p1: sdfslkdf|move: Tailwind\n|move|p1b: Sneasler|Dire Claw|p2a: Sylveon\n|-activate|p2a: Sylveon|move: Protect\n|move|p2b: Garchomp|Earthquake|p1a: Whimsicott|[spread] p1a,p1b\n|-activate|p2a: Sylveon|move: Protect\n|-resisted|p1a: Whimsicott|1\n|-supereffective|p1b: Sneasler|1\n|-damage|p1a: Whimsicott|0 fnt\n|-damage|p1b: Sneasler|0 fnt\n|faint|p1a: Whimsicott\n|faint|p1b: Sneasler\n|\n|upkeep\n|\n|t:|1776230004\n|switch|p1a: Charizard|Charizard, L50, M, shiny|100/100\n|turn|6\n|\n|t:|1776230017\n|detailschange|p1a: Charizard|Charizard-Mega-Y, L50, M, shiny\n|-mega|p1a: Charizard|Charizard|Charizardite Y\n|-weather|SunnyDay|[from] ability: Drought|[of] p1a: Charizard\n|move|p2a: Sylveon|Helping Hand|p2b: Garchomp\n|-singleturn|p2b: Garchomp|Helping Hand|[of] p2a: Sylveon\n|move|p1a: Charizard|Solar Beam||[still]\n|-prepare|p1a: Charizard|Solar Beam\n|-anim|p1a: Charizard|Solar Beam|p2b: Garchomp\n|-damage|p2b: Garchomp|48/100\n|move|p2b: Garchomp|Rock Slide|p1a: Charizard\n|-supereffective|p1a: Charizard|2\n|-damage|p1a: Charizard|0 fnt\n|faint|p1a: Charizard\n|\n|win|colfox\n|raw|sdfslkdf's rating: 1050 &rarr; <strong>1037</strong><br />(-13 for losing)\n|raw|colfox's rating: 1142 &rarr; <strong>1161</strong><br />(+19 for winning)\n|l|\u2606sdfslkdf\n|player|p1|\n",
  "uploadtime": 1776230032,
  "views": 43,
  "formatid": "gen9championsvgc2026regma",
  "rating": 1037,
  "private": 0,
  "password": null
}