{
  "id": "gen9championsvgc2026regma-2583479920",
  "format": "[Gen 9 Champions] VGC 2026 Reg M-A",
  "players": [
    "Shadowflamepkm",
    "aitorgarcia11"
  ],
  "log": "|j|\u2606Shadowflamepkm\n|j|\u2606aitorgarcia11\n|t:|1776178307\n|gametype|doubles\n|player|p1|Shadowflamepkm|red|1000\n|player|p2|aitorgarcia11|102|1042\n|gen|9\n|tier|[Gen 9 Champions] VGC 2026 Reg M-A\n|rated|\n|rule|Species Clause: Limit one of each Pok\u00e9mon\n|rule|Item Clause: Limit 1 of each item\n|clearpoke\n|poke|p1|Charizard, L50, F|\n|poke|p1|Venusaur, L50, F|\n|poke|p1|Sneasler, L50, M|\n|poke|p1|Incineroar, L50, M|\n|poke|p1|Farigiraf, L50, M|\n|poke|p1|Torkoal, L50, F|\n|poke|p2|Gardevoir, L50, F|\n|poke|p2|Arcanine, L50, F|\n|poke|p2|Garchomp, L50, F|\n|poke|p2|Corviknight, L50, M|\n|poke|p2|Rotom-Wash, L50|\n|poke|p2|Tyranitar, L50, M|\n|teampreview|4\n|l|\u2606Shadowflamepkm\n|player|p1|\n|\n|t:|1776178335\n|teamsize|p1|4\n|teamsize|p2|4\n|start\n|switch|p1a: Incineroar|Incineroar, L50, M|100/100\n|switch|p1b: Sneasler|Sneasler, L50, M|100/100\n|switch|p2a: Gardevoir|Gardevoir, L50, F|100/100\n|switch|p2b: Rotom|Rotom-Wash, L50|100/100\n|-ability|p1a: Incineroar|Intimidate|boost\n|-unboost|p2a: Gardevoir|atk|1\n|-unboost|p2b: Rotom|atk|1\n|turn|1\n|j|\u2606Shadowflamepkm\n|player|p1|Shadowflamepkm|red|\n|c|\u2606Shadowflamepkm|Glhf\n|\n|t:|1776178360\n|move|p2a: Gardevoir|Protect|p2a: Gardevoir\n|-singleturn|p2a: Gardevoir|Protect\n|move|p1a: Incineroar|Fake Out|p2b: Rotom\n|-damage|p2b: Rotom|84/100\n|cant|p2b: Rotom|flinch\n|move|p1b: Sneasler|Dire Claw|p2a: Gardevoir\n|-activate|p2a: Gardevoir|move: Protect\n|\n|upkeep\n|turn|2\n|\n|t:|1776178389\n|switch|p2a: Garchomp|Garchomp, L50, F|100/100\n|move|p2b: Rotom|Discharge|p1a: Incineroar|[spread] p1a,p1b\n|-immune|p2a: Garchomp\n|-damage|p1a: Incineroar|78/100\n|-damage|p1b: Sneasler|57/100\n|move|p1b: Sneasler|Dire Claw|p2a: Garchomp\n|-resisted|p2a: Garchomp|1\n|-damage|p2a: Garchomp|81/100\n|-status|p2a: Garchomp|par\n|-damage|p1b: Sneasler|45/100|[from] ability: Rough Skin|[of] p2a: Garchomp\n|move|p1a: Incineroar|Parting Shot|p2b: Rotom\n|-unboost|p2b: Rotom|atk|1\n|-unboost|p2b: Rotom|spa|1\n|\n|t:|1776178413\n|switch|p1a: Venusaur|Venusaur, L50, F|100/100|[from] Parting Shot\n|\n|upkeep\n|turn|3\n|\n|t:|1776178436\n|move|p1b: Sneasler|Protect|p1b: Sneasler\n|-singleturn|p1b: Sneasler|Protect\n|move|p2b: Rotom|Discharge|p1a: Venusaur|[spread] p1a\n|-activate|p1b: Sneasler|move: Protect\n|-immune|p2a: Garchomp\n|-resisted|p1a: Venusaur|1\n|-damage|p1a: Venusaur|92/100\n|-status|p1a: Venusaur|par\n|move|p2a: Garchomp|Earthquake|p1a: Venusaur|[spread] p1a\n|-activate|p1b: Sneasler|move: Protect\n|-immune|p2b: Rotom|[from] ability: Levitate\n|-damage|p1a: Venusaur|47/100 par\n|move|p1a: Venusaur|Sleep Powder|p2b: Rotom\n|-status|p2b: Rotom|slp|[from] move: Sleep Powder\n|\n|upkeep\n|turn|4\n|\n|t:|1776178467\n|switch|p1b: Charizard|Charizard, L50, F|100/100\n|cant|p2b: Rotom|slp\n|move|p2a: Garchomp|Earthquake|p1a: Venusaur|[spread] p1a\n|-immune|p2b: Rotom|[from] ability: Levitate\n|-immune|p1b: Charizard\n|-damage|p1a: Venusaur|0 fnt\n|faint|p1a: Venusaur\n|\n|upkeep\n|l|\u2606Shadowflamepkm\n|player|p1|\n|j|\u2606Shadowflamepkm\n|player|p1|Shadowflamepkm|red|\n|\n|t:|1776178507\n|switch|p1a: Incineroar|Incineroar, L50, M|78/100\n|-ability|p1a: Incineroar|Intimidate|boost\n|-unboost|p2a: Garchomp|atk|1\n|-unboost|p2b: Rotom|atk|1\n|-enditem|p2a: Garchomp|White Herb\n|-clearnegativeboost|p2a: Garchomp|[silent]\n|turn|5\n|\n|t:|1776178529\n|detailschange|p1b: Charizard|Charizard-Mega-Y, L50, F\n|-mega|p1b: Charizard|Charizard|Charizardite Y\n|-weather|SunnyDay|[from] ability: Drought|[of] p1b: Charizard\n|move|p2a: Garchomp|Protect|p2a: Garchomp\n|-singleturn|p2a: Garchomp|Protect\n|move|p1a: Incineroar|Fake Out|p2a: Garchomp\n|-activate|p2a: Garchomp|move: Protect\n|cant|p2b: Rotom|slp\n|move|p1b: Charizard|Heat Wave|p2a: Garchomp|[spread] p2b\n|-activate|p2a: Garchomp|move: Protect\n|-resisted|p2b: Rotom|1\n|-crit|p2b: Rotom\n|-damage|p2b: Rotom|19/100 slp\n|\n|-weather|SunnyDay|[upkeep]\n|upkeep\n|turn|6\n|\n|t:|1776178552\n|-curestatus|p2b: Rotom|slp|[msg]\n|move|p2b: Rotom|Discharge|p1b: Charizard|[spread] p1a,p1b\n|-immune|p2a: Garchomp\n|-supereffective|p1b: Charizard|1\n|-damage|p1a: Incineroar|61/100\n|-damage|p1b: Charizard|57/100\n|move|p1b: Charizard|Heat Wave|p2a: Garchomp|[spread] p2a,p2b\n|-resisted|p2a: Garchomp|1\n|-resisted|p2b: Rotom|1\n|-damage|p2a: Garchomp|45/100 par\n|-damage|p2b: Rotom|0 fnt\n|faint|p2b: Rotom\n|move|p2a: Garchomp|Stone Edge|p1b: Charizard\n|-supereffective|p1b: Charizard|2\n|-damage|p1b: Charizard|0 fnt\n|faint|p1b: Charizard\n|move|p1a: Incineroar|Darkest Lariat|p2a: Garchomp\n|-damage|p2a: Garchomp|8/100 par\n|-damage|p1a: Incineroar|49/100|[from] ability: Rough Skin|[of] p2a: Garchomp\n|-enditem|p1a: Incineroar|Sitrus Berry|[eat]\n|-heal|p1a: Incineroar|74/100|[from] item: Sitrus Berry\n|\n|-weather|SunnyDay|[upkeep]\n|upkeep\n|\n|t:|1776178575\n|switch|p1b: Sneasler|Sneasler, L50, M|45/100\n|switch|p2b: Tyranitar|Tyranitar, L50, M|100/100\n|-weather|Sandstorm|[from] ability: Sand Stream|[of] p2b: Tyranitar\n|turn|7\n|\n|t:|1776178590\n|move|p2a: Garchomp|Protect|p2a: Garchomp\n|-singleturn|p2a: Garchomp|Protect\n|move|p2b: Tyranitar|Protect|p2b: Tyranitar\n|-singleturn|p2b: Tyranitar|Protect\n|move|p1b: Sneasler|Close Combat|p2b: Tyranitar\n|-activate|p2b: Tyranitar|move: Protect\n|move|p1a: Incineroar|Darkest Lariat|p2a: Garchomp\n|-activate|p2a: Garchomp|move: Protect\n|\n|-weather|Sandstorm|[upkeep]\n|-damage|p1b: Sneasler|39/100|[from] Sandstorm\n|-damage|p1a: Incineroar|68/100|[from] Sandstorm\n|upkeep\n|turn|8\n|\n|t:|1776178611\n|move|p1b: Sneasler|Close Combat|p2b: Tyranitar\n|-supereffective|p2b: Tyranitar|2\n|-damage|p2b: Tyranitar|0 fnt\n|-unboost|p1b: Sneasler|def|1\n|-unboost|p1b: Sneasler|spd|1\n|faint|p2b: Tyranitar\n|move|p1a: Incineroar|Darkest Lariat|p2a: Garchomp\n|-damage|p2a: Garchomp|0 fnt\n|-damage|p1a: Incineroar|55/100|[from] ability: Rough Skin|[of] p2a: Garchomp\n|faint|p2a: Garchomp\n|\n|-weather|Sandstorm|[upkeep]\n|-damage|p1b: Sneasler|33/100|[from] Sandstorm\n|-damage|p1a: Incineroar|49/100|[from] Sandstorm\n|upkeep\n|l|\u2606Shadowflamepkm\n|player|p1|\n|\n|t:|1776178644\n|switch|p2a: Gardevoir|Gardevoir, L50, F|100/100\n|turn|9\n|j|\u2606Shadowflamepkm\n|player|p1|Shadowflamepkm|red|\n|\n|t:|1776178663\n|detailschange|p2a: Gardevoir|Gardevoir-Mega, L50, F\n|-mega|p2a: Gardevoir|Gardevoir|Gardevoirite\n|move|p1b: Sneasler|Dire Claw|p2a: Gardevoir\n|-supereffective|p2a: Gardevoir|1\n|-damage|p2a: Gardevoir|0 fnt\n|faint|p2a: Gardevoir\n|\n|win|Shadowflamepkm\n|raw|Shadowflamepkm's rating: 1000 &rarr; <strong>1045</strong><br />(+45 for winning)\n|raw|aitorgarcia11's rating: 1042 &rarr; <strong>1024</strong><br />(-18 for losing)\n|c|\u2606Shadowflamepkm|Gg\n|l|\u2606aitorgarcia11\n|player|p2|\n|l|\u2606Shadowflamepkm\n|player|p1|\n|j|\u2606Shadowflamepkm\n|player|p1|Shadowflamepkm|red|\n",
  "uploadtime": 1776178822,
  "views": 13,
  "formatid": "gen9championsvgc2026regma",
  "rating": 1024,
  "private": 0,
  "password": null
}