{
  "id": "gen9championsvgc2026regma-2584003146",
  "format": "[Gen 9 Champions] VGC 2026 Reg M-A",
  "players": [
    "Anibaltsuna",
    "Witlix"
  ],
  "log": "|j|\u2606Anibaltsuna\n|j|\u2606Witlix\n|t:|1776215835\n|gametype|doubles\n|player|p1|Anibaltsuna|veteran|1036\n|player|p2|Witlix|benga|1122\n|gen|9\n|tier|[Gen 9 Champions] VGC 2026 Reg M-A\n|rated|\n|rule|Species Clause: Limit one of each Pok\u00e9mon\n|rule|Item Clause: Limit 1 of each item\n|clearpoke\n|poke|p1|Tyranitar, L50, F|\n|poke|p1|Corviknight, L50, F|\n|poke|p1|Sinistcha, L50|\n|poke|p1|Gengar, L50, F|\n|poke|p1|Excadrill, L50, F|\n|poke|p1|Garchomp, L50, F|\n|poke|p2|Incineroar, L50, M|\n|poke|p2|Sneasler, L50, F|\n|poke|p2|Kommo-o, L50, M|\n|poke|p2|Basculegion, L50, M|\n|poke|p2|Ninetales-Alola, L50, F|\n|poke|p2|Scizor, L50, M|\n|teampreview|4\n|inactive|Battle timer is ON: inactive players will automatically lose when time's up. (requested by Witlix)\nAnibaltsuna has agreed to open team sheets.\nWitlix has agreed to open team sheets.\n|showteam|p1|Tyranitar||Tyranitarite|SandStream|KnockOff,LowKick,RockSlide,Protect|||F|||50|]Corviknight||Leftovers|MirrorArmor|BraveBird,BodyPress,BulkUp,Tailwind|||F|||50|]Sinistcha||SitrusBerry|Hospitality|MatchaGotcha,StrengthSap,RagePowder,LifeDew||||||50|]Gengar||Gengarite|CursedBody|ShadowBall,SludgeBomb,IcyWind,Protect|||F|||50|]Excadrill||FocusSash|SandRush|RockSlide,IronHead,Earthquake,Protect|||F|||50|]Garchomp||BrightPowder|SandVeil|Earthquake,DragonClaw,Protect,RockSlide|||F|||50|\n|showteam|p2|Incineroar||SitrusBerry|Intimidate|FakeOut,ThroatChop,FlareBlitz,PartingShot|||M|||50|]Sneasler||WhiteHerb|Unburden|FakeOut,CloseCombat,Protect,DireClaw|||F|||50|]Kommo-o||Leftovers|Overcoat|ClangingScales,AuraSphere,Protect,ClangorousSoul|||M|||50|]Basculegion||ChoiceScarf|Adaptability|WaveCrash,LastRespects,AquaJet,FlipTurn|||M|||50|]Ninetales-Alola||FocusSash|SnowWarning|Blizzard,FreezeDry,Protect,Encore|||F|||50|]Scizor||Scizorite|Technician|BugBite,BulletPunch,Protect,SwordsDance|||M|||50|\n|inactive|Anibaltsuna has 60 seconds left.\n|inactive|Witlix has 60 seconds left.\n|inactive|Anibaltsuna has 30 seconds left.\n|inactive|Anibaltsuna has 20 seconds left.\n|c|\u2606Witlix|Guess which pokemon are my favorite\n|inactive|Anibaltsuna has 15 seconds left.\n|inactive|Anibaltsuna has 10 seconds left.\n|inactive|Anibaltsuna has 5 seconds left.\n|\n|t:|1776215923\n|teamsize|p1|4\n|teamsize|p2|4\n|start\n|switch|p1a: Gengar|Gengar, L50, F|100/100\n|switch|p1b: Corviknight|Corviknight, L50, F|100/100\n|switch|p2a: Basculegion|Basculegion, L50, M, shiny|100/100\n|switch|p2b: Scizor|Scizor, L50, M, shiny|100/100\n|turn|1\n|inactive|Anibaltsuna has 30 seconds left.\n|inactive|Witlix has 30 seconds left.\n|inactive|Anibaltsuna has 20 seconds left.\n|inactive|Witlix has 20 seconds left.\n|inactive|Anibaltsuna has 15 seconds left.\n|inactive|Witlix has 15 seconds left.\n|inactive|Anibaltsuna has 10 seconds left.\n|inactive|Witlix has 10 seconds left.\n|\n|t:|1776215972\n|detailschange|p2b: Scizor|Scizor-Mega, L50, M, shiny\n|-mega|p2b: Scizor|Scizor|Scizorite\n|move|p1a: Gengar|Protect|p1a: Gengar\n|-singleturn|p1a: Gengar|Protect\n|move|p2a: Basculegion|Flip Turn|p1b: Corviknight\n|-damage|p1b: Corviknight|70/100\n|\n|t:|1776215985\n|switch|p2a: Ninetales|Ninetales-Alola, L50, F, shiny|100/100|[from] Flip Turn\n|-weather|Snowscape|[from] ability: Snow Warning|[of] p2a: Ninetales\n|move|p2b: Scizor|Swords Dance|p2b: Scizor\n|-boost|p2b: Scizor|atk|2\n|move|p1b: Corviknight|Tailwind|p1b: Corviknight\n|-sidestart|p1: Anibaltsuna|move: Tailwind\n|\n|-weather|Snowscape|[upkeep]\n|-heal|p1b: Corviknight|76/100|[from] item: Leftovers\n|upkeep\n|turn|2\n|inactive|Anibaltsuna has 30 seconds left.\n|inactive|Anibaltsuna has 20 seconds left.\n|\n|t:|1776216022\n|switch|p1a: Sinistcha|Sinistcha, L50|100/100\n|-heal|p1b: Corviknight|100/100|[from] ability: Hospitality|[of] p1a: Sinistcha\n|move|p2b: Scizor|Bullet Punch|p1a: Sinistcha\n|-damage|p1a: Sinistcha|35/100\n|-enditem|p1a: Sinistcha|Sitrus Berry|[eat]\n|-heal|p1a: Sinistcha|60/100|[from] item: Sitrus Berry\n|move|p2a: Ninetales|Blizzard|p1b: Corviknight|[spread] p1a,p1b\n|-supereffective|p1a: Sinistcha|1\n|-damage|p1a: Sinistcha|5/100\n|-damage|p1b: Corviknight|77/100\n|move|p1b: Corviknight|Bulk Up|p1b: Corviknight\n|-boost|p1b: Corviknight|atk|1\n|-boost|p1b: Corviknight|def|1\n|\n|-weather|Snowscape|[upkeep]\n|-heal|p1b: Corviknight|82/100|[from] item: Leftovers\n|upkeep\n|turn|3\n|inactive|Anibaltsuna has 30 seconds left.\n|inactive|Anibaltsuna has 20 seconds left.\n|\n|t:|1776216062\n|move|p2b: Scizor|Bullet Punch|p1a: Sinistcha\n|-damage|p1a: Sinistcha|0 fnt\n|faint|p1a: Sinistcha\n|move|p2a: Ninetales|Encore|p1b: Corviknight\n|-start|p1b: Corviknight|Encore\n|move|p1b: Corviknight|Bulk Up|p1b: Corviknight\n|-boost|p1b: Corviknight|atk|1\n|-boost|p1b: Corviknight|def|1\n|\n|-weather|Snowscape|[upkeep]\n|-heal|p1b: Corviknight|88/100|[from] item: Leftovers\n|upkeep\n|\n|t:|1776216069\n|switch|p1a: Tyranitar|Tyranitar, L50, F|100/100\n|-weather|Sandstorm|[from] ability: Sand Stream|[of] p1a: Tyranitar\n|turn|4\n|\n|t:|1776216085\n|switch|p2a: Basculegion|Basculegion, L50, M, shiny|100/100\n|move|p1a: Tyranitar|Protect|p1a: Tyranitar\n|-singleturn|p1a: Tyranitar|Protect\n|move|p2b: Scizor|Bullet Punch|p1a: Tyranitar\n|-activate|p1a: Tyranitar|move: Protect\n|move|p1b: Corviknight|Bulk Up|p1b: Corviknight\n|-boost|p1b: Corviknight|atk|1\n|-boost|p1b: Corviknight|def|1\n|\n|-weather|Sandstorm|[upkeep]\n|-damage|p2a: Basculegion|94/100|[from] Sandstorm\n|-heal|p1b: Corviknight|94/100|[from] item: Leftovers\n|-sideend|p1: Anibaltsuna|move: Tailwind\n|upkeep\n|turn|5\n|inactive|Anibaltsuna has 30 seconds left.\n|\n|t:|1776216116\n|switch|p1a: Gengar|Gengar, L50, F|100/100\n|move|p2b: Scizor|Bullet Punch|p1a: Gengar\n|-damage|p1a: Gengar|0 fnt\n|faint|p1a: Gengar\n|move|p2a: Basculegion|Flip Turn|p1b: Corviknight\n|-damage|p1b: Corviknight|82/100\n|\n|t:|1776216123\n|switch|p2a: Ninetales|Ninetales-Alola, L50, F, shiny|100/100|[from] Flip Turn\n|-weather|Snowscape|[from] ability: Snow Warning|[of] p2a: Ninetales\n|move|p1b: Corviknight|Bulk Up|p1b: Corviknight\n|-boost|p1b: Corviknight|atk|1\n|-boost|p1b: Corviknight|def|1\n|\n|-weather|Snowscape|[upkeep]\n|-heal|p1b: Corviknight|88/100|[from] item: Leftovers\n|-end|p1b: Corviknight|Encore\n|upkeep\n|\n|t:|1776216130\n|switch|p1a: Tyranitar|Tyranitar, L50, F|100/100\n|-weather|Sandstorm|[from] ability: Sand Stream|[of] p1a: Tyranitar\n|turn|6\n|\n|t:|1776216155\n|detailschange|p1a: Tyranitar|Tyranitar-Mega, L50, F\n|-mega|p1a: Tyranitar|Tyranitar|Tyranitarite\n|move|p2b: Scizor|Bullet Punch|p1a: Tyranitar\n|-supereffective|p1a: Tyranitar|1\n|-damage|p1a: Tyranitar|4/100\n|move|p2a: Ninetales|Encore|p1b: Corviknight\n|-start|p1b: Corviknight|Encore\n|move|p1a: Tyranitar|Rock Slide|p2b: Scizor|[spread] p2a,p2b\n|-supereffective|p2a: Ninetales|1\n|-enditem|p2a: Ninetales|Focus Sash\n|-damage|p2a: Ninetales|1/100\n|-damage|p2b: Scizor|73/100\n|move|p1b: Corviknight|Bulk Up|p1b: Corviknight\n|-boost|p1b: Corviknight|atk|1\n|-boost|p1b: Corviknight|def|1\n|\n|-weather|Sandstorm|[upkeep]\n|-damage|p2a: Ninetales|0 fnt|[from] Sandstorm\n|faint|p2a: Ninetales\n|-heal|p1b: Corviknight|94/100|[from] item: Leftovers\n|upkeep\n|\n|t:|1776216170\n|switch|p2a: Kommo-o|Kommo-o, L50, M, shiny|100/100\n|turn|7\n|\n|t:|1776216175\n|move|p1a: Tyranitar|Protect|p1a: Tyranitar\n|-singleturn|p1a: Tyranitar|Protect\n|move|p2b: Scizor|Bullet Punch|p1a: Tyranitar\n|-activate|p1a: Tyranitar|move: Protect\n|move|p2a: Kommo-o|Clangorous Soul|p2a: Kommo-o\n|-boost|p2a: Kommo-o|atk|1\n|-boost|p2a: Kommo-o|def|1\n|-boost|p2a: Kommo-o|spa|1\n|-boost|p2a: Kommo-o|spd|1\n|-boost|p2a: Kommo-o|spe|1\n|-damage|p2a: Kommo-o|68/100\n|move|p1b: Corviknight|Bulk Up|p1b: Corviknight\n|-boost|p1b: Corviknight|atk|1\n|-boost|p1b: Corviknight|def|1\n|\n|-weather|Sandstorm|[upkeep]\n|-heal|p2a: Kommo-o|74/100|[from] item: Leftovers\n|-heal|p1b: Corviknight|99/100|[from] item: Leftovers\n|upkeep\n|turn|8\n|\n|t:|1776216188\n|move|p2b: Scizor|Bullet Punch|p1a: Tyranitar\n|-supereffective|p1a: Tyranitar|1\n|-damage|p1a: Tyranitar|0 fnt\n|faint|p1a: Tyranitar\n|move|p2a: Kommo-o|Clangorous Soul|p2a: Kommo-o\n|-boost|p2a: Kommo-o|atk|1\n|-boost|p2a: Kommo-o|def|1\n|-boost|p2a: Kommo-o|spa|1\n|-boost|p2a: Kommo-o|spd|1\n|-boost|p2a: Kommo-o|spe|1\n|-damage|p2a: Kommo-o|41/100\n|move|p1b: Corviknight|Bulk Up|p1b: Corviknight\n|-boost|p1b: Corviknight|atk|0\n|-boost|p1b: Corviknight|def|0\n|\n|-weather|Sandstorm|[upkeep]\n|-heal|p2a: Kommo-o|47/100|[from] item: Leftovers\n|-heal|p1b: Corviknight|100/100|[from] item: Leftovers\n|-end|p1b: Corviknight|Encore\n|upkeep\n|turn|9\n|\n|t:|1776216203\n|move|p2b: Scizor|Bullet Punch|p1b: Corviknight\n|-resisted|p1b: Corviknight|1\n|-damage|p1b: Corviknight|94/100\n|move|p2a: Kommo-o|Aura Sphere|p1b: Corviknight\n|-damage|p1b: Corviknight|34/100\n|move|p1b: Corviknight|Brave Bird|p2a: Kommo-o\n|-supereffective|p2a: Kommo-o|1\n|-damage|p2a: Kommo-o|0 fnt\n|faint|p2a: Kommo-o\n|-damage|p1b: Corviknight|21/100|[from] Recoil\n|\n|-weather|Sandstorm|[upkeep]\n|-heal|p1b: Corviknight|27/100|[from] item: Leftovers\n|upkeep\n|\n|t:|1776216211\n|switch|p2a: Basculegion|Basculegion, L50, M, shiny|94/100\n|turn|10\n|\n|t:|1776216223\n|move|p2b: Scizor|Bullet Punch|p1b: Corviknight\n|-resisted|p1b: Corviknight|1\n|-damage|p1b: Corviknight|20/100\n|move|p2a: Basculegion|Last Respects|p1b: Corviknight\n|-damage|p1b: Corviknight|2/100\n|move|p1b: Corviknight|Body Press|p2b: Scizor\n|-damage|p2b: Scizor|7/100\n|\n|-weather|none\n|-heal|p1b: Corviknight|8/100|[from] item: Leftovers\n|upkeep\n|turn|11\n|\n|t:|1776216236\n|move|p2b: Scizor|Bullet Punch|p1b: Corviknight\n|-resisted|p1b: Corviknight|1\n|-damage|p1b: Corviknight|0 fnt\n|faint|p1b: Corviknight\n|\n|win|Witlix\n|raw|Anibaltsuna's rating: 1036 &rarr; <strong>1024</strong><br />(-12 for losing)\n|raw|Witlix's rating: 1122 &rarr; <strong>1141</strong><br />(+19 for winning)\n|l|\u2606Anibaltsuna\n|player|p1|\n",
  "uploadtime": 1776216246,
  "views": 36,
  "formatid": "gen9championsvgc2026regma",
  "rating": 1024,
  "private": 0,
  "password": null
}