{
  "id": "gen9championsvgc2026regma-2588231992",
  "format": "[Gen 9 Champions] VGC 2026 Reg M-A",
  "players": [
    "combeeuwu",
    "slippybingus"
  ],
  "log": "|j|\u2606combeeuwu\n|j|\u2606slippybingus\n|t:|1776616527\n|gametype|doubles\n|player|p1|combeeuwu|1|1071\n|player|p2|slippybingus|101|1124\n|gen|9\n|tier|[Gen 9 Champions] VGC 2026 Reg M-A\n|rated|\n|rule|Species Clause: Limit one of each Pok\u00e9mon\n|rule|Item Clause: Limit 1 of each item\n|clearpoke\n|poke|p1|Aerodactyl, L50, M|\n|poke|p1|Incineroar, L50, M|\n|poke|p1|Floette-Eternal, L50, F|\n|poke|p1|Garchomp, L50, F|\n|poke|p1|Rotom-Wash, L50|\n|poke|p1|Sneasler, L50, M|\n|poke|p2|Charizard, L50, F|\n|poke|p2|Sneasler, L50, F|\n|poke|p2|Tyranitar, L50, F|\n|poke|p2|Milotic, L50, M|\n|poke|p2|Sinistcha, L50|\n|poke|p2|Incineroar, L50, M|\n|teampreview|4\n|inactive|Battle timer is ON: inactive players will automatically lose when time's up. (requested by combeeuwu)\n|inactive|slippybingus has 60 seconds left.\n|\n|t:|1776616564\n|teamsize|p1|4\n|teamsize|p2|4\n|start\n|switch|p1a: Aerodactyl|Aerodactyl, L50, M|100/100\n|switch|p1b: Rotom|Rotom-Wash, L50|100/100\n|switch|p2a: Milotic|Milotic, L50, M|100/100\n|switch|p2b: Sinistcha|Sinistcha, L50|100/100\n|-ability|p1a: Aerodactyl|Unnerve\n|turn|1\n|\n|t:|1776616591\n|move|p2b: Sinistcha|Rage Powder|p2b: Sinistcha\n|-singleturn|p2b: Sinistcha|move: Rage Powder\n|move|p1b: Rotom|Volt Switch|p2b: Sinistcha\n|-resisted|p2b: Sinistcha|1\n|-damage|p2b: Sinistcha|84/100\n|\n|t:|1776616597\n|switch|p1b: Floette|Floette-Eternal, L50, F|100/100|[from] Volt Switch\n|move|p1a: Aerodactyl|Dual Wingbeat|p2b: Sinistcha|[miss]\n|-miss|p1a: Aerodactyl|p2b: Sinistcha\n|move|p2a: Milotic|Icy Wind|p1a: Aerodactyl|[spread] p1a,p1b\n|-supereffective|p1a: Aerodactyl|1\n|-damage|p1a: Aerodactyl|70/100\n|-damage|p1b: Floette|91/100\n|-unboost|p1a: Aerodactyl|spe|1\n|-unboost|p1b: Floette|spe|1\n|\n|upkeep\n|turn|2\n|\n|t:|1776616618\n|detailschange|p1b: Floette|Floette-Mega, L50, F\n|-mega|p1b: Floette|Floette|Floettite\n|-ability|p1b: Floette|Fairy Aura\n|move|p1a: Aerodactyl|Dual Wingbeat|p2b: Sinistcha\n|-supereffective|p2b: Sinistcha|1\n|-damage|p2b: Sinistcha|56/100\n|-supereffective|p2b: Sinistcha|1\n|-damage|p2b: Sinistcha|29/100\n|-hitcount|p2b: Sinistcha|2\n|move|p1b: Floette|Calm Mind|p1b: Floette\n|-boost|p1b: Floette|spa|1\n|-boost|p1b: Floette|spd|1\n|move|p2a: Milotic|Icy Wind|p1a: Aerodactyl|[spread] p1a,p1b\n|-supereffective|p1a: Aerodactyl|1\n|-damage|p1a: Aerodactyl|42/100\n|-damage|p1b: Floette|86/100\n|-unboost|p1a: Aerodactyl|spe|1\n|-unboost|p1b: Floette|spe|1\n|move|p2b: Sinistcha|Life Dew||[still]|[spread] p2a,p2b\n|-fail|p2a: Milotic|heal\n|-heal|p2b: Sinistcha|54/100\n|\n|upkeep\n|turn|3\n|inactive|slippybingus has 30 seconds left.\n|inactive|slippybingus has 20 seconds left.\n|\n|t:|1776616653\n|move|p2a: Milotic|Scald|p1a: Aerodactyl\n|-supereffective|p1a: Aerodactyl|1\n|-damage|p1a: Aerodactyl|0 fnt\n|faint|p1a: Aerodactyl\n|move|p2b: Sinistcha|Life Dew||[still]|[spread] p2a,p2b\n|-fail|p2a: Milotic|heal\n|-heal|p2b: Sinistcha|80/100\n|move|p1b: Floette|Moonblast|p2b: Sinistcha\n|-crit|p2b: Sinistcha\n|-damage|p2b: Sinistcha|0 fnt\n|faint|p2b: Sinistcha\n|\n|upkeep\n|\n|t:|1776616671\n|switch|p1a: Rotom|Rotom-Wash, L50|100/100\n|switch|p2b: Sneasler|Sneasler, L50, F|100/100\n|turn|4\n|\n|t:|1776616689\n|move|p1b: Floette|Protect|p1b: Floette\n|-singleturn|p1b: Floette|Protect\n|move|p2b: Sneasler|Fake Out|p1b: Floette\n|-activate|p1b: Floette|move: Protect\n|move|p1a: Rotom|Will-O-Wisp|p2b: Sneasler\n|-status|p2b: Sneasler|brn\n|move|p2a: Milotic|Recover||[still]\n|-fail|p2a: Milotic|heal\n|\n|-damage|p2b: Sneasler|95/100 brn|[from] brn\n|upkeep\n|turn|5\n|\n|t:|1776616702\n|switch|p1a: Garchomp|Garchomp, L50, F|100/100\n|switch|p2a: Charizard|Charizard, L50, F|100/100\n|move|p2b: Sneasler|Coaching|p2a: Charizard\n|-boost|p2a: Charizard|atk|1\n|-boost|p2a: Charizard|def|1\n|move|p1b: Floette|Dazzling Gleam|p2a: Charizard|[spread] p2a,p2b\n|-resisted|p2a: Charizard|1\n|-damage|p2a: Charizard|55/100\n|-damage|p2b: Sneasler|0 fnt\n|faint|p2b: Sneasler\n|\n|upkeep\n|\n|t:|1776616712\n|switch|p2b: Milotic|Milotic, L50, M|100/100\n|turn|6\n|\n|t:|1776616726\n|move|p2a: Charizard|Protect|p2a: Charizard\n|-singleturn|p2a: Charizard|Protect\n|move|p1a: Garchomp|Dragon Claw|p2a: Charizard\n|-activate|p2a: Charizard|move: Protect\n|move|p2b: Milotic|Icy Wind|p1a: Garchomp|[spread] p1a,p1b\n|-supereffective|p1a: Garchomp|2\n|-damage|p1a: Garchomp|62/100\n|-damage|p1b: Floette|80/100\n|-unboost|p1a: Garchomp|spe|1\n|-unboost|p1b: Floette|spe|1\n|move|p1b: Floette|Dazzling Gleam|p2b: Milotic|[spread] p2b\n|-activate|p2a: Charizard|move: Protect\n|-damage|p2b: Milotic|39/100\n|\n|-heal|p2b: Milotic|45/100|[from] item: Leftovers\n|upkeep\n|turn|7\n|inactive|slippybingus has 30 seconds left.\n|inactive|slippybingus has 20 seconds left.\n|\n|t:|1776616765\n|switch|p1a: Rotom|Rotom-Wash, L50|100/100\n|move|p2a: Charizard|Dragon Claw|p1a: Rotom\n|-damage|p1a: Rotom|65/100\n|move|p2b: Milotic|Recover|p2b: Milotic\n|-heal|p2b: Milotic|96/100\n|move|p1b: Floette|Moonblast|p2a: Charizard\n|-resisted|p2a: Charizard|1\n|-damage|p2a: Charizard|0 fnt\n|faint|p2a: Charizard\n|\n|-heal|p2b: Milotic|100/100|[from] item: Leftovers\n|upkeep\n|turn|8\n|-message|slippybingus forfeited.\n|\n|win|combeeuwu\n|raw|combeeuwu's rating: 1071 &rarr; <strong>1105</strong><br />(+34 for winning)\n|raw|slippybingus's rating: 1124 &rarr; <strong>1095</strong><br />(-29 for losing)\n",
  "uploadtime": 1776616781,
  "views": 18,
  "formatid": "gen9championsvgc2026regma",
  "rating": 1095,
  "private": 0,
  "password": null
}