{
  "id": "gen9championsvgc2026regma-2589451244",
  "format": "[Gen 9 Champions] VGC 2026 Reg M-A",
  "players": [
    "patobd",
    "brunito333"
  ],
  "log": "|j|\u2606patobd\n|j|\u2606brunito333\n|t:|1776724103\n|gametype|doubles\n|player|p1|patobd|dancer|1077\n|player|p2|brunito333|169|1150\n|gen|9\n|tier|[Gen 9 Champions] VGC 2026 Reg M-A\n|rated|\n|rule|Species Clause: Limit one of each Pok\u00e9mon\n|rule|Item Clause: Limit 1 of each item\n|clearpoke\n|poke|p1|Tyranitar, L50, F|\n|poke|p1|Excadrill, L50, F|\n|poke|p1|Rotom-Wash, L50|\n|poke|p1|Dragapult, L50, F|\n|poke|p1|Corviknight, L50, F|\n|poke|p1|Arcanine, L50, F|\n|poke|p2|Tyranitar, L50, F|\n|poke|p2|Meganium, L50, M|\n|poke|p2|Basculegion, L50, M|\n|poke|p2|Garchomp, L50, M|\n|poke|p2|Sneasler, L50, M|\n|poke|p2|Aerodactyl, L50, F|\n|teampreview|4\n|\n|t:|1776724163\n|teamsize|p1|4\n|teamsize|p2|4\n|start\n|switch|p1a: Corviknight|Corviknight, L50, F|100/100\n|switch|p1b: Arcanine|Arcanine, L50, F|100/100\n|switch|p2a: Aerodactyl|Aerodactyl, L50, F|100/100\n|switch|p2b: Tyranitar|Tyranitar, L50, F|100/100\n|-ability|p2a: Aerodactyl|Unnerve\n|-weather|Sandstorm|[from] ability: Sand Stream|[of] p2b: Tyranitar\n|-ability|p1b: Arcanine|Intimidate|boost\n|-unboost|p2a: Aerodactyl|atk|1\n|-unboost|p2b: Tyranitar|atk|1\n|turn|1\n|\n|t:|1776724201\n|switch|p1b: Excadrill|Excadrill, L50, F|100/100\n|move|p2a: Aerodactyl|Tailwind|p2a: Aerodactyl\n|-sidestart|p2: brunito333|move: Tailwind\n|move|p2b: Tyranitar|Rock Slide|p1b: Excadrill|[spread] p1a,p1b\n|-resisted|p1b: Excadrill|2\n|-damage|p1a: Corviknight|87/100\n|-damage|p1b: Excadrill|94/100\n|cant|p1a: Corviknight|flinch\n|\n|-weather|Sandstorm|[upkeep]\n|-heal|p1a: Corviknight|93/100|[from] item: Leftovers\n|upkeep\n|turn|2\n|\n|t:|1776724232\n|switch|p2b: Basculegion|Basculegion, L50, M|100/100\n|move|p2a: Aerodactyl|Rock Slide|p1a: Corviknight|[spread] p1a,p1b\n|-resisted|p1b: Excadrill|2\n|-damage|p1a: Corviknight|81/100\n|-damage|p1b: Excadrill|89/100\n|move|p1b: Excadrill|Rock Slide|p2b: Basculegion|[spread] p2a,p2b\n|-supereffective|p2a: Aerodactyl|1\n|-damage|p2a: Aerodactyl|41/100\n|-damage|p2b: Basculegion|75/100\n|cant|p1a: Corviknight|flinch\n|\n|-weather|Sandstorm|[upkeep]\n|-damage|p2b: Basculegion|69/100|[from] Sandstorm\n|-heal|p1a: Corviknight|87/100|[from] item: Leftovers\n|upkeep\n|turn|3\n|\n|t:|1776724289\n|switch|p2a: Meganium|Meganium, L50, M|100/100\n|move|p1b: Excadrill|Protect|p1b: Excadrill\n|-singleturn|p1b: Excadrill|Protect\n|move|p2b: Basculegion|Wave Crash|p1a: Corviknight\n|-damage|p1a: Corviknight|43/100\n|-damage|p2b: Basculegion|54/100|[from] Recoil\n|move|p1a: Corviknight|Brave Bird|p2b: Basculegion\n|-damage|p2b: Basculegion|10/100\n|-damage|p1a: Corviknight|29/100|[from] Recoil\n|\n|-weather|Sandstorm|[upkeep]\n|-damage|p2b: Basculegion|4/100|[from] Sandstorm\n|-damage|p2a: Meganium|95/100|[from] Sandstorm\n|-heal|p1a: Corviknight|35/100|[from] item: Leftovers\n|upkeep\n|turn|4\n|\n|t:|1776724321\n|switch|p1b: Arcanine|Arcanine, L50, F|100/100\n|-ability|p1b: Arcanine|Intimidate|boost\n|-unboost|p2a: Meganium|atk|1\n|-unboost|p2b: Basculegion|atk|1\n|detailschange|p2a: Meganium|Meganium-Mega, L50, M\n|-mega|p2a: Meganium|Meganium|Meganiumite\n|move|p2b: Basculegion|Wave Crash|p1b: Arcanine\n|-supereffective|p1b: Arcanine|1\n|-damage|p1b: Arcanine|0 fnt\n|faint|p1b: Arcanine\n|-damage|p2b: Basculegion|0 fnt|[from] Recoil\n|faint|p2b: Basculegion\n|move|p2a: Meganium|Weather Ball|p1a: Corviknight\n|-supereffective|p1a: Corviknight|1\n|-damage|p1a: Corviknight|0 fnt\n|faint|p1a: Corviknight\n|\n|-weather|Sandstorm|[upkeep]\n|-damage|p2a: Meganium|89/100|[from] Sandstorm\n|-sideend|p2: brunito333|move: Tailwind\n|upkeep\n|\n|t:|1776724342\n|switch|p2b: Aerodactyl|Aerodactyl, L50, F|41/100\n|switch|p1b: Excadrill|Excadrill, L50, F|89/100\n|switch|p1a: Tyranitar|Tyranitar, L50, F|100/100\n|-ability|p2b: Aerodactyl|Unnerve\n|turn|5\n|\n|t:|1776724370\n|move|p2b: Aerodactyl|Protect|p2b: Aerodactyl\n|-singleturn|p2b: Aerodactyl|Protect\n|move|p2a: Meganium|Protect|p2a: Meganium\n|-singleturn|p2a: Meganium|Protect\n|move|p1b: Excadrill|Iron Head|p2a: Meganium\n|-activate|p2a: Meganium|move: Protect\n|move|p1a: Tyranitar|Ice Punch|p2a: Meganium\n|-activate|p2a: Meganium|move: Protect\n|\n|-weather|none\n|upkeep\n|turn|6\n|\n|t:|1776724402\n|detailschange|p1a: Tyranitar|Tyranitar-Mega, L50, F\n|-mega|p1a: Tyranitar|Tyranitar|Tyranitarite\n|-weather|Sandstorm|[from] ability: Sand Stream|[of] p1a: Tyranitar\n|move|p1b: Excadrill|Rock Slide|p2b: Aerodactyl|[spread] p2a,p2b\n|-supereffective|p2b: Aerodactyl|1\n|-damage|p2a: Meganium|71/100\n|-damage|p2b: Aerodactyl|0 fnt\n|faint|p2b: Aerodactyl\n|cant|p2a: Meganium|flinch\n|move|p1a: Tyranitar|Ice Punch|p2a: Meganium\n|-supereffective|p2a: Meganium|1\n|-damage|p2a: Meganium|10/100\n|\n|-weather|Sandstorm|[upkeep]\n|-damage|p2a: Meganium|4/100|[from] Sandstorm\n|upkeep\n|-message|brunito333 forfeited.\n|\n|win|patobd\n|raw|patobd's rating: 1077 &rarr; <strong>1111</strong><br />(+34 for winning)\n|raw|brunito333's rating: 1150 &rarr; <strong>1120</strong><br />(-30 for losing)\n|l|\u2606brunito333\n|player|p2|\n|l|\u2606patobd\n|player|p1|\n|j|\u2606patobd\n|player|p1|patobd|dancer|\n",
  "uploadtime": 1776724801,
  "views": 3,
  "formatid": "gen9championsvgc2026regma",
  "rating": 1111,
  "private": 0,
  "password": null
}