{
  "id": "gen9championsvgc2026regma-2585973303",
  "format": "[Gen 9 Champions] VGC 2026 Reg M-A",
  "players": [
    "luckyleaves",
    "boysenorange"
  ],
  "log": "|j|\u2606luckyleaves\n|j|\u2606boysenorange\n|t:|1776386504\n|gametype|doubles\n|player|p1|luckyleaves|1|1393\n|player|p2|boysenorange|turo|1375\n|gen|9\n|tier|[Gen 9 Champions] VGC 2026 Reg M-A\n|rated|\n|rule|Species Clause: Limit one of each Pok\u00e9mon\n|rule|Item Clause: Limit 1 of each item\n|clearpoke\n|poke|p1|Tyranitar, L50, F|\n|poke|p1|Excadrill, L50, F|\n|poke|p1|Garchomp, L50, F|\n|poke|p1|Rotom-Wash, L50|\n|poke|p1|Aerodactyl, L50, M|\n|poke|p1|Orthworm, L50, M|\n|poke|p2|Farigiraf, L50, M|\n|poke|p2|Gardevoir, L50, M|\n|poke|p2|Kangaskhan, L50, F|\n|poke|p2|Camerupt, L50, F|\n|poke|p2|Conkeldurr, L50, F|\n|poke|p2|Tinkaton, L50, F|\n|teampreview|4\n|inactive|Battle timer is ON: inactive players will automatically lose when time's up. (requested by boysenorange)\n|inactive|luckyleaves has 60 seconds left.\n|\n|t:|1776386587\n|teamsize|p1|4\n|teamsize|p2|4\n|start\n|switch|p1a: Orthworm|Orthworm, L50, M, shiny|100/100\n|switch|p1b: Tyranitar|Tyranitar, L50, F|100/100\n|switch|p2a: Farigiraf|Farigiraf, L50, M|100/100\n|switch|p2b: Tinkaton|Tinkaton, L50, F|100/100\n|-ability|p2b: Tinkaton|Mold Breaker\n|-weather|Sandstorm|[from] ability: Sand Stream|[of] p1b: Tyranitar\n|turn|1\n|inactive|luckyleaves has 30 seconds left.\n|inactive|luckyleaves has 20 seconds left.\n|\n|t:|1776386626\n|switch|p1b: Rotom|Rotom-Wash, L50|100/100\n|move|p2b: Tinkaton|Fake Out|p1b: Rotom\n|-damage|p1b: Rotom|88/100\n|move|p1a: Orthworm|Iron Defense|p1a: Orthworm\n|-boost|p1a: Orthworm|def|2\n|move|p2a: Farigiraf|Trick Room|p2a: Farigiraf\n|-fieldstart|move: Trick Room|[of] p2a: Farigiraf\n|\n|-weather|Sandstorm|[upkeep]\n|-damage|p2a: Farigiraf|94/100|[from] Sandstorm\n|-damage|p1b: Rotom|83/100|[from] Sandstorm\n|-heal|p1b: Rotom|88/100|[from] item: Leftovers\n|upkeep\n|turn|2\n|\n|t:|1776386647\n|switch|p2a: Camerupt|Camerupt, L50, F|100/100\n|move|p1a: Orthworm|Iron Defense|p1a: Orthworm\n|-boost|p1a: Orthworm|def|2\n|move|p2b: Tinkaton|Gigaton Hammer|p1b: Rotom\n|-resisted|p1b: Rotom|2\n|-damage|p1b: Rotom|73/100\n|move|p1b: Rotom|Will-O-Wisp|p2b: Tinkaton\n|-status|p2b: Tinkaton|brn\n|\n|-weather|Sandstorm|[upkeep]\n|-damage|p1b: Rotom|67/100|[from] Sandstorm\n|-heal|p1b: Rotom|73/100|[from] item: Leftovers\n|-damage|p2b: Tinkaton|94/100 brn|[from] brn\n|upkeep\n|turn|3\n|inactive|boysenorange has 30 seconds left.\n|\n|t:|1776386679\n|detailschange|p2a: Camerupt|Camerupt-Mega, L50, F\n|-mega|p2a: Camerupt|Camerupt|Cameruptite\n|move|p2b: Tinkaton|Feint|p1a: Orthworm\n|-resisted|p1a: Orthworm|1\n|-damage|p1a: Orthworm|99/100\n|move|p2a: Camerupt|Eruption|p1a: Orthworm|[spread] p1a,p1b\n|-supereffective|p1a: Orthworm|1\n|-resisted|p1b: Rotom|1\n|-damage|p1a: Orthworm|0 fnt\n|-damage|p1b: Rotom|33/100\n|faint|p1a: Orthworm\n|move|p1b: Rotom|Hydro Pump|p2a: Camerupt|[miss]\n|-miss|p1b: Rotom|p2a: Camerupt\n|\n|-weather|Sandstorm|[upkeep]\n|-damage|p1b: Rotom|27/100|[from] Sandstorm\n|-heal|p1b: Rotom|33/100|[from] item: Leftovers\n|-damage|p2b: Tinkaton|88/100 brn|[from] brn\n|upkeep\n|\n|t:|1776386694\n|switch|p1a: Tyranitar|Tyranitar, L50, F|100/100\n|turn|4\n|\n|t:|1776386710\n|switch|p2b: Conkeldurr|Conkeldurr, L50, F|100/100\n|detailschange|p1a: Tyranitar|Tyranitar-Mega, L50, F\n|-mega|p1a: Tyranitar|Tyranitar|Tyranitarite\n|move|p2a: Camerupt|Protect|p2a: Camerupt\n|-singleturn|p2a: Camerupt|Protect\n|move|p1a: Tyranitar|Rock Slide|p2b: Conkeldurr|[spread] p2b\n|-activate|p2a: Camerupt|move: Protect\n|-resisted|p2b: Conkeldurr|1\n|-damage|p2b: Conkeldurr|87/100\n|move|p1b: Rotom|Hydro Pump|p2a: Camerupt\n|-activate|p2a: Camerupt|move: Protect\n|\n|-weather|Sandstorm|[upkeep]\n|-damage|p2b: Conkeldurr|81/100|[from] Sandstorm\n|-damage|p1b: Rotom|27/100|[from] Sandstorm\n|-heal|p1b: Rotom|33/100|[from] item: Leftovers\n|upkeep\n|turn|5\n|inactive|boysenorange has 30 seconds left.\n|\n|t:|1776386737\n|switch|p2a: Tinkaton|Tinkaton, L50, F|88/100 brn\n|-ability|p2a: Tinkaton|Mold Breaker\n|move|p1a: Tyranitar|Protect|p1a: Tyranitar\n|-singleturn|p1a: Tyranitar|Protect\n|move|p1b: Rotom|Protect|p1b: Rotom\n|-singleturn|p1b: Rotom|Protect\n|move|p2b: Conkeldurr|Close Combat|p1b: Rotom\n|-activate|p1b: Rotom|move: Protect\n|\n|-weather|none\n|-heal|p1b: Rotom|39/100|[from] item: Leftovers\n|-damage|p2a: Tinkaton|82/100 brn|[from] brn\n|-fieldend|move: Trick Room\n|upkeep\n|turn|6\n|\n|t:|1776386753\n|move|p2a: Tinkaton|Fake Out|p1a: Tyranitar\n|-resisted|p1a: Tyranitar|1\n|-damage|p1a: Tyranitar|99/100\n|move|p1b: Rotom|Will-O-Wisp|p2b: Conkeldurr\n|-status|p2b: Conkeldurr|brn\n|cant|p1a: Tyranitar|flinch\n|move|p2b: Conkeldurr|Close Combat|p1b: Rotom\n|-damage|p1b: Rotom|0 fnt\n|-unboost|p2b: Conkeldurr|def|1\n|-unboost|p2b: Conkeldurr|spd|1\n|faint|p1b: Rotom\n|\n|-damage|p2a: Tinkaton|75/100 brn|[from] brn\n|-damage|p2b: Conkeldurr|75/100 brn|[from] brn\n|upkeep\n|\n|t:|1776386769\n|switch|p1b: Excadrill|Excadrill, L50, F|100/100\n|turn|7\n|inactive|boysenorange has 30 seconds left.\n|\n|t:|1776386799\n|move|p1a: Tyranitar|Protect|p1a: Tyranitar\n|-singleturn|p1a: Tyranitar|Protect\n|move|p2b: Conkeldurr|Wide Guard|p2b: Conkeldurr\n|-singleturn|p2b: Conkeldurr|Wide Guard\n|move|p1b: Excadrill|Earthquake|p2a: Tinkaton|[spread] \n|-activate|p2a: Tinkaton|move: Wide Guard\n|-activate|p2b: Conkeldurr|move: Wide Guard\n|-activate|p1a: Tyranitar|move: Protect\n|move|p2a: Tinkaton|Gigaton Hammer|p1a: Tyranitar\n|-activate|p1a: Tyranitar|move: Protect\n|\n|-damage|p2a: Tinkaton|69/100 brn|[from] brn\n|-damage|p2b: Conkeldurr|68/100 brn|[from] brn\n|upkeep\n|turn|8\n|\n|t:|1776386816\n|move|p2a: Tinkaton|Feint|p1b: Excadrill\n|-resisted|p1b: Excadrill|1\n|-damage|p1b: Excadrill|98/100\n|move|p2b: Conkeldurr|Mach Punch|p1a: Tyranitar\n|-supereffective|p1a: Tyranitar|2\n|-damage|p1a: Tyranitar|58/100\n|move|p1b: Excadrill|Iron Head|p2b: Conkeldurr\n|-damage|p2b: Conkeldurr|9/100 brn\n|move|p1a: Tyranitar|Knock Off|p2b: Conkeldurr\n|-resisted|p2b: Conkeldurr|1\n|-damage|p2b: Conkeldurr|0 fnt\n|-enditem|p2b: Conkeldurr|Black Belt|[from] move: Knock Off|[of] p1a: Tyranitar\n|faint|p2b: Conkeldurr\n|\n|-damage|p2a: Tinkaton|63/100 brn|[from] brn\n|upkeep\n|\n|t:|1776386828\n|switch|p2b: Farigiraf|Farigiraf, L50, M|94/100\n|turn|9\n|\n|t:|1776386846\n|move|p2b: Farigiraf|Protect|p2b: Farigiraf\n|-singleturn|p2b: Farigiraf|Protect\n|move|p1b: Excadrill|Iron Head|p2b: Farigiraf\n|-activate|p2b: Farigiraf|move: Protect\n|move|p1a: Tyranitar|Knock Off|p2b: Farigiraf\n|-activate|p2b: Farigiraf|move: Protect\n|move|p2a: Tinkaton|Gigaton Hammer|p1a: Tyranitar\n|-supereffective|p1a: Tyranitar|1\n|-damage|p1a: Tyranitar|17/100\n|\n|-damage|p2a: Tinkaton|57/100 brn|[from] brn\n|upkeep\n|turn|10\n|inactive|luckyleaves has 30 seconds left.\n|\n|t:|1776386879\n|switch|p2a: Camerupt|Camerupt-Mega, L50, F|100/100\n|move|p1b: Excadrill|Rock Slide|p2b: Farigiraf|[spread] p2a,p2b\n|-damage|p2a: Camerupt|78/100\n|-damage|p2b: Farigiraf|75/100\n|move|p1a: Tyranitar|Knock Off|p2b: Farigiraf\n|-supereffective|p2b: Farigiraf|1\n|-damage|p2b: Farigiraf|0 fnt\n|-enditem|p2b: Farigiraf|Twisted Spoon|[from] move: Knock Off|[of] p1a: Tyranitar\n|faint|p2b: Farigiraf\n|\n|upkeep\n|\n|t:|1776386887\n|switch|p2b: Tinkaton|Tinkaton, L50, F|57/100 brn\n|-ability|p2b: Tinkaton|Mold Breaker\n|turn|11\n|\n|t:|1776386907\n|move|p1a: Tyranitar|Protect|p1a: Tyranitar\n|-singleturn|p1a: Tyranitar|Protect\n|move|p2b: Tinkaton|Feint|p1b: Excadrill\n|-resisted|p1b: Excadrill|1\n|-damage|p1b: Excadrill|96/100\n|move|p1b: Excadrill|Earthquake|p2a: Camerupt|[spread] p2a,p2b\n|-activate|p1a: Tyranitar|move: Protect\n|-supereffective|p2a: Camerupt|1\n|-supereffective|p2b: Tinkaton|1\n|-damage|p2a: Camerupt|0 fnt\n|-damage|p2b: Tinkaton|0 fnt\n|faint|p2a: Camerupt\n|faint|p2b: Tinkaton\n|\n|win|luckyleaves\n|raw|luckyleaves's rating: 1393 &rarr; <strong>1412</strong><br />(+19 for winning)\n|raw|boysenorange's rating: 1375 &rarr; <strong>1356</strong><br />(-19 for losing)\n|c|\u2606boysenorange|ggwp\n",
  "uploadtime": 1776386916,
  "views": 28,
  "formatid": "gen9championsvgc2026regma",
  "rating": 1356,
  "private": 0,
  "password": null
}