{
  "id": "gen9championsvgc2026regma-2588965440",
  "format": "[Gen 9 Champions] VGC 2026 Reg M-A",
  "players": [
    "BossgodoraII",
    "Daniarceus"
  ],
  "log": "|j|\u2606BossgodoraII\n|j|\u2606Daniarceus\n|t:|1776690087\n|gametype|doubles\n|player|p1|BossgodoraII|gentleman-gen4|1520\n|player|p2|Daniarceus|170|1755\n|gen|9\n|tier|[Gen 9 Champions] VGC 2026 Reg M-A\n|rated|\n|rule|Species Clause: Limit one of each Pok\u00e9mon\n|rule|Item Clause: Limit 1 of each item\n|clearpoke\n|poke|p1|Delphox, L50, F|\n|poke|p1|Floette-Eternal, L50, F|\n|poke|p1|Sneasler, L50, F|\n|poke|p1|Aerodactyl, L50, F|\n|poke|p1|Garchomp, L50, F|\n|poke|p1|Kingambit, L50, M|\n|poke|p2|Maushold, L50|\n|poke|p2|Talonflame, L50, M|\n|poke|p2|Gardevoir, L50, F|\n|poke|p2|Garchomp, L50, F|\n|poke|p2|Kingambit, L50, M|\n|poke|p2|Basculegion, L50, M|\n|teampreview|4\n|inactive|Battle timer is ON: inactive players will automatically lose when time's up. (requested by Daniarceus)\n|j| Ilredeitreni\n|inactive|BossgodoraII has 60 seconds left.\n|l| Ilredeitreni\n|\n|t:|1776690133\n|teamsize|p1|4\n|teamsize|p2|4\n|start\n|switch|p1a: Sneasler|Sneasler, L50, F|100/100\n|switch|p1b: Aerodactyl|Aerodactyl, L50, F|100/100\n|switch|p2a: Maushold|Maushold, L50|100/100\n|switch|p2b: Gardevoir|Gardevoir, L50, F|100/100\n|-ability|p1b: Aerodactyl|Unnerve\n|turn|1\n|\n|t:|1776690146\n|switch|p1b: Kingambit|Kingambit, L50, M|100/100\n|move|p2a: Maushold|Protect|p2a: Maushold\n|-singleturn|p2a: Maushold|Protect\n|move|p2b: Gardevoir|Protect|p2b: Gardevoir\n|-singleturn|p2b: Gardevoir|Protect\n|move|p1a: Sneasler|Fake Out|p2b: Gardevoir\n|-activate|p2b: Gardevoir|move: Protect\n|\n|upkeep\n|turn|2\n|\n|t:|1776690154\n|detailschange|p2b: Gardevoir|Gardevoir-Mega, L50, F\n|-mega|p2b: Gardevoir|Gardevoir|Gardevoirite\n|move|p2a: Maushold|Follow Me|p2a: Maushold\n|-singleturn|p2a: Maushold|move: Follow Me\n|move|p1a: Sneasler|Close Combat|p2a: Maushold\n|-supereffective|p2a: Maushold|1\n|-enditem|p2a: Maushold|Focus Sash\n|-damage|p2a: Maushold|1/100\n|-unboost|p1a: Sneasler|def|1\n|-unboost|p1a: Sneasler|spd|1\n|-enditem|p1a: Sneasler|White Herb\n|-clearnegativeboost|p1a: Sneasler|[silent]\n|move|p2b: Gardevoir|Hyper Voice|p1b: Kingambit|[spread] p1a,p1b\n|-damage|p1a: Sneasler|32/100\n|-damage|p1b: Kingambit|52/100\n|move|p1b: Kingambit|Iron Head|p2a: Maushold\n|-damage|p2a: Maushold|0 fnt\n|faint|p2a: Maushold\n|\n|upkeep\n|inactive|Daniarceus has 30 seconds left.\n|j| dra deolane vgc\n|inactive|Daniarceus has 20 seconds left.\n|\n|t:|1776690193\n|switch|p2a: Basculegion|Basculegion, L50, M|100/100\n|turn|3\n|j| RockmosterRF\n|\n|t:|1776690206\n|move|p1a: Sneasler|Protect|p1a: Sneasler\n|-singleturn|p1a: Sneasler|Protect\n|move|p2a: Basculegion|Aqua Jet|p1a: Sneasler\n|-activate|p1a: Sneasler|move: Protect\n|move|p2b: Gardevoir|Hyper Voice|p1b: Kingambit|[spread] p1b\n|-activate|p1a: Sneasler|move: Protect\n|-damage|p1b: Kingambit|0 fnt\n|faint|p1b: Kingambit\n|\n|upkeep\n|\n|t:|1776690220\n|switch|p1b: Floette|Floette-Eternal, L50, F|100/100\n|turn|4\n|\n|t:|1776690234\n|detailschange|p1b: Floette|Floette-Mega, L50, F\n|-mega|p1b: Floette|Floette|Floettite\n|-ability|p1b: Floette|Fairy Aura\n|move|p2a: Basculegion|Aqua Jet|p1a: Sneasler\n|-crit|p1a: Sneasler\n|-damage|p1a: Sneasler|0 fnt\n|faint|p1a: Sneasler\n|move|p1b: Floette|Moonblast|p2a: Basculegion\n|-damage|p2a: Basculegion|22/100\n|-unboost|p2a: Basculegion|spa|1\n|-enditem|p2a: Basculegion|Sitrus Berry|[eat]\n|-heal|p2a: Basculegion|47/100|[from] item: Sitrus Berry\n|move|p2b: Gardevoir|Hyper Voice|p1b: Floette\n|-damage|p1b: Floette|14/100\n|\n|upkeep\n|\n|t:|1776690238\n|switch|p1a: Aerodactyl|Aerodactyl, L50, F|100/100\n|-ability|p1a: Aerodactyl|Unnerve\n|turn|5\n|l| RockmosterRF\n|\n|t:|1776690248\n|move|p1b: Floette|Protect|p1b: Floette\n|-singleturn|p1b: Floette|Protect\n|move|p2a: Basculegion|Aqua Jet|p1a: Aerodactyl\n|-supereffective|p1a: Aerodactyl|1\n|-damage|p1a: Aerodactyl|13/100\n|move|p1a: Aerodactyl|Dual Wingbeat|p2a: Basculegion\n|-damage|p2a: Basculegion|25/100\n|-damage|p2a: Basculegion|4/100\n|-hitcount|p2a: Basculegion|2\n|move|p2b: Gardevoir|Hyper Voice|p1a: Aerodactyl|[spread] p1a\n|-activate|p1b: Floette|move: Protect\n|-damage|p1a: Aerodactyl|0 fnt\n|faint|p1a: Aerodactyl\n|\n|upkeep\n|turn|6\n|-message|BossgodoraII forfeited.\n|\n|win|Daniarceus\n|raw|BossgodoraII's rating: 1520 &rarr; <strong>1512</strong><br />(-8 for losing)\n|raw|Daniarceus's rating: 1755 &rarr; <strong>1763</strong><br />(+8 for winning)\n|j| Ilredeitreni\n|l|\u2606Daniarceus\n|player|p2|\n|l| Ilredeitreni\n|l| dra deolane vgc\n|l|\u2606BossgodoraII\n|player|p1|\n",
  "uploadtime": 1776690257,
  "views": 3,
  "formatid": "gen9championsvgc2026regma",
  "rating": 1512,
  "private": 0,
  "password": null
}