{
  "id": "gen9championsvgc2026regma-2584573452",
  "format": "[Gen 9 Champions] VGC 2026 Reg M-A",
  "players": [
    "lukelby",
    "rafael00kl"
  ],
  "log": "|j|\u2606lukelby\n|j|\u2606rafael00kl\n|t:|1776269635\n|gametype|doubles\n|player|p1|lukelby|hiker-gen4|1141\n|player|p2|rafael00kl|ruinmaniac|1130\n|gen|9\n|tier|[Gen 9 Champions] VGC 2026 Reg M-A\n|rated|\n|rule|Species Clause: Limit one of each Pok\u00e9mon\n|rule|Item Clause: Limit 1 of each item\n|clearpoke\n|poke|p1|Ninetales-Alola, L50, F|\n|poke|p1|Crabominable, L50, F|\n|poke|p1|Incineroar, L50, F|\n|poke|p1|Farigiraf, L50, F|\n|poke|p1|Glimmora, L50, M|\n|poke|p1|Sinistcha, L50|\n|poke|p2|Floette-Eternal, L50, F|\n|poke|p2|Orthworm, L50, F|\n|poke|p2|Garchomp, L50, F|\n|poke|p2|Sinistcha-Masterpiece, L50|\n|poke|p2|Delphox, L50, M|\n|poke|p2|Maushold-Four, L50|\n|teampreview|4\n|\n|t:|1776269675\n|teamsize|p1|4\n|teamsize|p2|4\n|start\n|switch|p1a: Glimmora|Glimmora, L50, M|100/100\n|switch|p1b: miinnie|Ninetales-Alola, L50, F|100/100\n|switch|p2a: Orthworm|Orthworm, L50, F|100/100\n|switch|p2b: Garchomp|Garchomp, L50, F|100/100\n|-weather|Snowscape|[from] ability: Snow Warning|[of] p1b: miinnie\n|turn|1\n|\n|t:|1776269698\n|move|p1a: Glimmora|Spiky Shield|p1a: Glimmora\n|-singleturn|p1a: Glimmora|move: Protect\n|move|p1b: miinnie|Aurora Veil|p1b: miinnie\n|-sidestart|p1: lukelby|move: Aurora Veil\n|move|p2b: Garchomp|Earthquake|p1a: Glimmora|[spread] p1b\n|-activate|p1a: Glimmora|move: Protect\n|-immune|p2a: Orthworm|[from] ability: Earth Eater\n|-damage|p1b: miinnie|79/100\n|move|p2a: Orthworm|Heavy Slam|p1b: miinnie\n|-supereffective|p1b: miinnie|2\n|-enditem|p1b: miinnie|Babiri Berry|[eat]\n|-enditem|p1b: miinnie|Babiri Berry|[weaken]\n|-damage|p1b: miinnie|37/100\n|\n|-weather|Snowscape|[upkeep]\n|upkeep\n|turn|2\n|\n|t:|1776269732\n|switch|p1a: blobl|Sinistcha, L50|100/100\n|-heal|p1b: miinnie|62/100|[from] ability: Hospitality|[of] p1a: blobl\n|move|p1b: miinnie|Blizzard|p2b: Garchomp|[spread] p2a,p2b\n|-resisted|p2a: Orthworm|1\n|-supereffective|p2b: Garchomp|2\n|-damage|p2a: Orthworm|88/100\n|-enditem|p2b: Garchomp|Focus Sash\n|-damage|p2b: Garchomp|1/100\n|move|p2b: Garchomp|Earthquake|p1a: blobl|[spread] p1a,p1b\n|-heal|p2a: Orthworm|100/100|[from] ability: Earth Eater|[of] p2b: Garchomp\n|-resisted|p1a: blobl|1\n|-crit|p1b: miinnie\n|-damage|p1a: blobl|89/100\n|-damage|p1b: miinnie|9/100\n|move|p2a: Orthworm|Heavy Slam|p1b: miinnie\n|-supereffective|p1b: miinnie|2\n|-damage|p1b: miinnie|0 fnt\n|faint|p1b: miinnie\n|\n|-weather|Snowscape|[upkeep]\n|-heal|p1a: blobl|95/100|[from] item: Leftovers\n|upkeep\n|\n|t:|1776269751\n|switch|p1b: Farigiraf|Farigiraf, L50, F|100/100\n|turn|3\n|\n|t:|1776269768\n|switch|p2b: Maushold|Maushold-Four, L50|100/100\n|move|p2a: Orthworm|Shed Tail|p2a: Orthworm\n|-start|p2a: Orthworm|Substitute|[from] move: Shed Tail\n|-damage|p2a: Orthworm|50/100\n|-enditem|p2a: Orthworm|Sitrus Berry|[eat]\n|-heal|p2a: Orthworm|75/100|[from] item: Sitrus Berry\n|\n|t:|1776269774\n|switch|p2a: Delphox|Delphox, L50, M|100/100|[from] Shed Tail\n|move|p1a: blobl|Matcha Gotcha|p2b: Maushold|[spread] p2b\n|-miss|p1a: blobl|p2a: Delphox\n|-damage|p2b: Maushold|74/100\n|-heal|p1a: blobl|100/100|[from] drain|[of] p2b: Maushold\n|move|p1b: Farigiraf|Trick Room|p1b: Farigiraf\n|-fieldstart|move: Trick Room|[of] p1b: Farigiraf\n|\n|-weather|Snowscape|[upkeep]\n|upkeep\n|turn|4\n|\n|t:|1776269819\n|move|p1b: Farigiraf|Psychic Noise|p2b: Maushold\n|-damage|p2b: Maushold|47/100\n|-start|p2b: Maushold|move: Heal Block\n|move|p1a: blobl|Matcha Gotcha|p2b: Maushold|[spread] p2a,p2b\n|-resisted|p2a: Delphox|1\n|-activate|p2a: Delphox|move: Substitute|[damage]\n|-damage|p2b: Maushold|21/100\n|move|p2b: Maushold|Encore|p1a: blobl\n|-start|p1a: blobl|Encore\n|move|p2a: Delphox|Flamethrower|p1a: blobl\n|-supereffective|p1a: blobl|1\n|-damage|p1a: blobl|44/100\n|\n|-weather|Snowscape|[upkeep]\n|-heal|p1a: blobl|50/100|[from] item: Leftovers\n|upkeep\n|turn|5\n|\n|t:|1776269847\n|move|p2b: Maushold|Protect|p2b: Maushold\n|-singleturn|p2b: Maushold|Protect\n|move|p1b: Farigiraf|Psychic Noise|p2a: Delphox\n|-resisted|p2a: Delphox|1\n|-damage|p2a: Delphox|88/100\n|-start|p2a: Delphox|move: Heal Block\n|move|p1a: blobl|Matcha Gotcha|p2a: Delphox|[spread] p2a\n|-activate|p2b: Maushold|move: Protect\n|-resisted|p2a: Delphox|1\n|-activate|p2a: Delphox|move: Substitute|[damage]\n|-heal|p1a: blobl|56/100|[from] drain|[of] p2a: Delphox\n|move|p2a: Delphox|Flamethrower|p1a: blobl\n|-supereffective|p1a: blobl|1\n|-damage|p1a: blobl|0 fnt\n|faint|p1a: blobl\n|\n|-weather|none\n|-end|p2b: Maushold|move: Heal Block\n|-sideend|p1: lukelby|move: Aurora Veil\n|upkeep\n|\n|t:|1776269859\n|switch|p1a: Glimmora|Glimmora, L50, M|100/100\n|turn|6\n|\n|t:|1776269882\n|detailschange|p1a: Glimmora|Glimmora-Mega, L50, M\n|-mega|p1a: Glimmora|Glimmora|Glimmoranite\n|move|p1b: Farigiraf|Dazzling Gleam|p2a: Delphox|[spread] p2a,p2b\n|-resisted|p2a: Delphox|1\n|-end|p2a: Delphox|Substitute\n|-damage|p2b: Maushold|6/100\n|move|p2b: Maushold|Encore|p1b: Farigiraf\n|-start|p1b: Farigiraf|Encore\n|move|p1a: Glimmora|Power Gem|p2a: Delphox\n|-supereffective|p2a: Delphox|1\n|-damage|p2a: Delphox|0 fnt\n|faint|p2a: Delphox\n|\n|upkeep\n|\n|t:|1776269894\n|switch|p2a: Orthworm|Orthworm, L50, F|75/100\n|turn|7\n|\n|t:|1776269903\n|move|p1b: Farigiraf|Dazzling Gleam|p2a: Orthworm|[spread] p2a,p2b\n|-resisted|p2a: Orthworm|1\n|-damage|p2a: Orthworm|69/100\n|-damage|p2b: Maushold|0 fnt\n|faint|p2b: Maushold\n|move|p2a: Orthworm|Heavy Slam|p1a: Glimmora\n|-supereffective|p1a: Glimmora|1\n|-damage|p1a: Glimmora|32/100\n|move|p1a: Glimmora|Stealth Rock|p2a: Orthworm\n|-sidestart|p2: rafael00kl|move: Stealth Rock\n|\n|-fieldend|move: Trick Room\n|upkeep\n|\n|t:|1776269912\n|switch|p2b: Garchomp|Garchomp, L50, F|1/100\n|-damage|p2b: Garchomp|0 fnt|[from] Stealth Rock\n|faint|p2b: Garchomp\n|turn|8\n|\n|t:|1776269922\n|move|p1a: Glimmora|Spiky Shield|p1a: Glimmora\n|-singleturn|p1a: Glimmora|move: Protect\n|move|p2a: Orthworm|Heavy Slam|p1a: Glimmora\n|-activate|p1a: Glimmora|move: Protect\n|-damage|p2a: Orthworm|56/100|[from] Spiky Shield|[of] p1a: Glimmora\n|move|p1b: Farigiraf|Dazzling Gleam|p2a: Orthworm\n|-resisted|p2a: Orthworm|1\n|-damage|p2a: Orthworm|45/100\n|\n|upkeep\n|turn|9\n|\n|t:|1776269934\n|move|p1a: Glimmora|Power Gem|p2a: Orthworm\n|-resisted|p2a: Orthworm|1\n|-damage|p2a: Orthworm|11/100\n|move|p2a: Orthworm|Heavy Slam|p1a: Glimmora\n|-supereffective|p1a: Glimmora|1\n|-crit|p1a: Glimmora\n|-damage|p1a: Glimmora|0 fnt\n|faint|p1a: Glimmora\n|move|p1b: Farigiraf|Dazzling Gleam|p2a: Orthworm\n|-resisted|p2a: Orthworm|1\n|-damage|p2a: Orthworm|0 fnt\n|faint|p2a: Orthworm\n|\n|win|lukelby\n|raw|lukelby's rating: 1141 &rarr; <strong>1165</strong><br />(+24 for winning)\n|raw|rafael00kl's rating: 1130 &rarr; <strong>1106</strong><br />(-24 for losing)\n",
  "uploadtime": 1776269946,
  "views": 22,
  "formatid": "gen9championsvgc2026regma",
  "rating": 1106,
  "private": 0,
  "password": null
}