{
  "id": "gen9championsvgc2026regma-2588547720",
  "format": "[Gen 9 Champions] VGC 2026 Reg M-A",
  "players": [
    "rileyscott64",
    "khoaking"
  ],
  "log": "|j|\u2606rileyscott64\n|j|\u2606khoaking\n|t:|1776643787\n|gametype|doubles\n|player|p1|rileyscott64|169|1074\n|player|p2|khoaking|1|1067\n|gen|9\n|tier|[Gen 9 Champions] VGC 2026 Reg M-A\n|rated|\n|rule|Species Clause: Limit one of each Pok\u00e9mon\n|rule|Item Clause: Limit 1 of each item\n|clearpoke\n|poke|p1|Scizor, L50, M|\n|poke|p1|Empoleon, L50, M|\n|poke|p1|Gardevoir, L50, M|\n|poke|p1|Garchomp, L50, M|\n|poke|p1|Incineroar, L50, M|\n|poke|p1|Sinistcha, L50|\n|poke|p2|Sneasler, L50, F|\n|poke|p2|Kingambit, L50, M|\n|poke|p2|Sinistcha-Masterpiece, L50|\n|poke|p2|Slowbro, L50, M|\n|poke|p2|Sableye, L50, F|\n|poke|p2|Incineroar, L50, M|\n|teampreview|4\n|inactive|Battle timer is ON: inactive players will automatically lose when time's up. (requested by khoaking)\n|\n|t:|1776643837\n|teamsize|p1|4\n|teamsize|p2|4\n|start\n|switch|p1a: Empoleon|Empoleon, L50, M|100/100\n|switch|p1b: Gardevoir|Gardevoir, L50, M|100/100\n|switch|p2a: Slowbro|Slowbro, L50, M|100/100\n|switch|p2b: Sableye|Sableye, L50, F|100/100\n|turn|1\n|\n|t:|1776643852\n|detailschange|p2a: Slowbro|Slowbro-Mega, L50, M\n|-mega|p2a: Slowbro|Slowbro|Slowbronite\n|move|p2b: Sableye|Fake Out|p1b: Gardevoir\n|-damage|p1b: Gardevoir|89/100\n|move|p1a: Empoleon|Surf|p2a: Slowbro|[spread] p2a,p2b\n|-activate|p1b: Gardevoir|ability: Telepathy\n|-resisted|p2a: Slowbro|1\n|-damage|p2a: Slowbro|90/100\n|-damage|p2b: Sableye|52/100\n|cant|p1b: Gardevoir|flinch\n|move|p2a: Slowbro|Amnesia|p2a: Slowbro\n|-boost|p2a: Slowbro|spd|2\n|\n|-heal|p2b: Sableye|58/100|[from] item: Leftovers\n|upkeep\n|turn|2\n|\n|t:|1776643867\n|move|p2b: Sableye|Skill Swap|p2a: Slowbro\n|-activate|p2b: Sableye|Skill Swap|||[of] p2a: Slowbro\n|move|p2a: Slowbro|Amnesia|p2a: Slowbro\n|-boost|p2a: Slowbro|spd|2\n|move|p1a: Empoleon|Surf|p2a: Slowbro|[spread] p2a,p2b\n|-activate|p1b: Gardevoir|ability: Telepathy\n|-resisted|p2a: Slowbro|1\n|-damage|p2a: Slowbro|86/100\n|-damage|p2b: Sableye|11/100\n|move|p1b: Gardevoir|Dazzling Gleam|p2b: Sableye|[spread] p2a,p2b\n|-supereffective|p2b: Sableye|1\n|-damage|p2a: Slowbro|76/100\n|-damage|p2b: Sableye|0 fnt\n|faint|p2b: Sableye\n|\n|upkeep\n|c|\u2606rileyscott64|dude this team rocks\n|\n|t:|1776643880\n|switch|p2b: Sinistcha|Sinistcha-Masterpiece, L50|100/100\n|-heal|p2a: Slowbro|100/100|[from] ability: Hospitality|[of] p2b: Sinistcha\n|turn|3\n|\n|t:|1776643888\n|switch|p1a: Sinistcha|Sinistcha, L50|100/100\n|-heal|p1b: Gardevoir|100/100|[from] ability: Hospitality|[of] p1a: Sinistcha\n|move|p2b: Sinistcha|Protect|p2b: Sinistcha\n|-singleturn|p2b: Sinistcha|Protect\n|move|p2a: Slowbro|Iron Defense|p2a: Slowbro\n|-boost|p2a: Slowbro|def|2\n|move|p1b: Gardevoir|Mystical Fire|p2b: Sinistcha\n|-activate|p2b: Sinistcha|move: Protect\n|\n|upkeep\n|turn|4\n|\n|t:|1776643906\n|move|p2a: Slowbro|Amnesia|p2a: Slowbro\n|-boost|p2a: Slowbro|spd|2\n|move|p1b: Gardevoir|Mystical Fire|p2b: Sinistcha\n|-supereffective|p2b: Sinistcha|1\n|-damage|p2b: Sinistcha|32/100\n|-unboost|p2b: Sinistcha|spa|1\n|move|p1a: Sinistcha|Shadow Ball|p2a: Slowbro\n|-supereffective|p2a: Slowbro|1\n|-damage|p2a: Slowbro|88/100\n|move|p2b: Sinistcha|Life Dew|p2b: Sinistcha|[spread] p2a,p2b\n|-heal|p2a: Slowbro|100/100\n|-heal|p2b: Sinistcha|57/100\n|\n|upkeep\n|turn|5\n|c|\u2606rileyscott64|send poke paste pls my goat\n|\n|t:|1776643926\n|move|p2b: Sinistcha|Protect|p2b: Sinistcha\n|-singleturn|p2b: Sinistcha|Protect\n|move|p2a: Slowbro|Iron Defense|p2a: Slowbro\n|-boost|p2a: Slowbro|def|2\n|move|p1b: Gardevoir|Mystical Fire|p2b: Sinistcha\n|-activate|p2b: Sinistcha|move: Protect\n|move|p1a: Sinistcha|Matcha Gotcha|p2a: Slowbro|[spread] p2a\n|-activate|p2b: Sinistcha|move: Protect\n|-supereffective|p2a: Slowbro|1\n|-damage|p2a: Slowbro|92/100\n|\n|upkeep\n|turn|6\n|inactive|rileyscott64 has 30 seconds left.\n|\n|t:|1776643959\n|switch|p2b: Sneasler|Sneasler, L50, F|100/100\n|move|p1b: Gardevoir|Dazzling Gleam|p2b: Sneasler|[spread] p2a,p2b\n|-damage|p2a: Slowbro|84/100\n|-damage|p2b: Sneasler|50/100\n|move|p1a: Sinistcha|Shadow Ball|p2b: Sneasler\n|-damage|p2b: Sneasler|2/100\n|move|p2a: Slowbro|Stored Power|p1b: Gardevoir\n|-resisted|p1b: Gardevoir|1\n|-damage|p1b: Gardevoir|52/100\n|\n|upkeep\n|turn|7\n|\n|t:|1776643978\n|move|p2b: Sneasler|Dire Claw|p1b: Gardevoir\n|-supereffective|p1b: Gardevoir|1\n|-damage|p1b: Gardevoir|0 fnt\n|faint|p1b: Gardevoir\n|move|p1a: Sinistcha|Strength Sap|p2a: Slowbro\n|-unboost|p2a: Slowbro|atk|1\n|move|p2a: Slowbro|Stored Power|p1a: Sinistcha\n|-damage|p1a: Sinistcha|11/100\n|\n|upkeep\n|\n|t:|1776643988\n|switch|p1b: Scizor|Scizor, L50, M|100/100\n|turn|8\n|\n|t:|1776643999\n|switch|p2b: Sinistcha|Sinistcha-Masterpiece, L50|57/100\n|-heal|p2a: Slowbro|100/100|[from] ability: Hospitality|[of] p2b: Sinistcha\n|detailschange|p1b: Scizor|Scizor-Mega, L50, M\n|-mega|p1b: Scizor|Scizor|Scizorite\n|move|p1b: Scizor|Bullet Punch|p2b: Sinistcha\n|-damage|p2b: Sinistcha|22/100\n|move|p1a: Sinistcha|Matcha Gotcha|p2a: Slowbro|[spread] p2a\n|-miss|p1a: Sinistcha|p2b: Sinistcha\n|-supereffective|p2a: Slowbro|1\n|-damage|p2a: Slowbro|91/100\n|-heal|p1a: Sinistcha|16/100|[from] drain|[of] p2a: Slowbro\n|-status|p2a: Slowbro|brn\n|move|p2a: Slowbro|Stored Power|p1b: Scizor\n|-resisted|p1b: Scizor|1\n|-damage|p1b: Scizor|51/100\n|\n|-damage|p2a: Slowbro|85/100 brn|[from] brn\n|upkeep\n|turn|9\n|\n|t:|1776644023\n|move|p2b: Sinistcha|Protect|p2b: Sinistcha\n|-singleturn|p2b: Sinistcha|Protect\n|move|p1a: Sinistcha|Rage Powder|p1a: Sinistcha\n|-singleturn|p1a: Sinistcha|move: Rage Powder\n|move|p1b: Scizor|Bug Bite|p2a: Slowbro\n|-supereffective|p2a: Slowbro|1\n|-crit|p2a: Slowbro\n|-damage|p2a: Slowbro|0 fnt\n|faint|p2a: Slowbro\n|\n|upkeep\n|l|\u2606khoaking\n|inactive|khoaking disconnected and has a minute to reconnect!\n|player|p2|\n|inactive|khoaking has 30 seconds left.\n|inactive|khoaking has 20 seconds left.\n|j|\u2606khoaking\n|inactive|khoaking reconnected and has 20 seconds left.\n|player|p2|khoaking|1|\n|inactive|khoaking has 15 seconds left.\n|-message|khoaking forfeited.\n|\n|win|rileyscott64\n|raw|rileyscott64's rating: 1074 &rarr; <strong>1102</strong><br />(+28 for winning)\n|raw|khoaking's rating: 1067 &rarr; <strong>1047</strong><br />(-20 for losing)\n|l|\u2606khoaking\n|player|p2|\n",
  "uploadtime": 1776644071,
  "views": 6,
  "formatid": "gen9championsvgc2026regma",
  "rating": 1047,
  "private": 0,
  "password": null
}