{
  "id": "gen9championsvgc2026regma-2581301283",
  "format": "[Gen 9 Champions] VGC 2026 Reg M-A",
  "players": [
    "nsbnsb",
    "Vgcproto"
  ],
  "log": "|j|\u2606nsbnsb\n|j|\u2606Vgcproto\n|t:|1775983568\n|gametype|doubles\n|player|p1|nsbnsb|ghetsis|1246\n|player|p2|Vgcproto|2|1307\n|gen|9\n|tier|[Gen 9 Champions] VGC 2026 Reg M-A\n|rated|\n|rule|Species Clause: Limit one of each Pok\u00e9mon\n|rule|Item Clause: Limit 1 of each item\n|clearpoke\n|poke|p1|Crabominable, L50, M|\n|poke|p1|Farigiraf, L50, M|\n|poke|p1|Kingambit, L50, M|\n|poke|p1|Sinistcha, L50|\n|poke|p1|Camerupt, L50, F|\n|poke|p1|Incineroar, L50, F|\n|poke|p2|Tyranitar, L50, M|\n|poke|p2|Excadrill, L50, M|\n|poke|p2|Garchomp, L50, M|\n|poke|p2|Corviknight, L50, M|\n|poke|p2|Rotom-Heat, L50|\n|poke|p2|Sinistcha, L50|\n|teampreview|4\n|inactive|Battle timer is ON: inactive players will automatically lose when time's up. (requested by nsbnsb)\n|inactive|Vgcproto has 60 seconds left.\n|j| gE1xjZRtuhW2DdT0AK\n|inactive|Vgcproto has 30 seconds left.\n|\n|t:|1775983637\n|teamsize|p1|4\n|teamsize|p2|4\n|start\n|switch|p1a: Farigiraf|Farigiraf, L50, M|100/100\n|switch|p1b: Incineroar|Incineroar, L50, F|100/100\n|switch|p2a: Tyranitar|Tyranitar, L50, M|100/100\n|switch|p2b: Excadrill|Excadrill, L50, M|100/100\n|-weather|Sandstorm|[from] ability: Sand Stream|[of] p2a: Tyranitar\n|-ability|p1b: Incineroar|Intimidate|boost\n|-unboost|p2a: Tyranitar|atk|1\n|-unboost|p2b: Excadrill|atk|1\n|turn|1\n|\n|t:|1775983649\n|detailschange|p2a: Tyranitar|Tyranitar-Mega, L50, M\n|-mega|p2a: Tyranitar|Tyranitar|Tyranitarite\n|move|p1b: Incineroar|Fake Out|p2b: Excadrill\n|-resisted|p2b: Excadrill|1\n|-damage|p2b: Excadrill|92/100\n|cant|p2b: Excadrill|flinch\n|move|p2a: Tyranitar|Knock Off|p1a: Farigiraf\n|-supereffective|p1a: Farigiraf|1\n|-damage|p1a: Farigiraf|11/100\n|-enditem|p1a: Farigiraf|Mental Herb|[from] move: Knock Off|[of] p2a: Tyranitar\n|move|p1a: Farigiraf|Trick Room|p1a: Farigiraf\n|-fieldstart|move: Trick Room|[of] p1a: Farigiraf\n|\n|-weather|Sandstorm|[upkeep]\n|-damage|p1a: Farigiraf|4/100|[from] Sandstorm\n|-damage|p1b: Incineroar|95/100|[from] Sandstorm\n|upkeep\n|turn|2\n|\n|t:|1775983674\n|move|p1a: Farigiraf|Hyper Voice|p2b: Excadrill|[spread] p2a,p2b\n|-resisted|p2a: Tyranitar|1\n|-resisted|p2b: Excadrill|1\n|-damage|p2a: Tyranitar|93/100\n|-damage|p2b: Excadrill|72/100\n|move|p1b: Incineroar|Flare Blitz|p2b: Excadrill\n|-supereffective|p2b: Excadrill|1\n|-damage|p2b: Excadrill|0 fnt\n|faint|p2b: Excadrill\n|-damage|p1b: Incineroar|73/100|[from] Recoil\n|move|p2a: Tyranitar|Knock Off|p1b: Incineroar\n|-resisted|p1b: Incineroar|1\n|-crit|p1b: Incineroar\n|-damage|p1b: Incineroar|28/100\n|-enditem|p1b: Incineroar|Sitrus Berry|[from] move: Knock Off|[of] p2a: Tyranitar\n|\n|-weather|Sandstorm|[upkeep]\n|-damage|p1a: Farigiraf|0 fnt|[from] Sandstorm\n|-damage|p1b: Incineroar|22/100|[from] Sandstorm\n|faint|p1a: Farigiraf\n|upkeep\n|\n|t:|1775983683\n|switch|p1a: Crabominable|Crabominable, L50, M|100/100\n|switch|p2b: Rotom|Rotom-Heat, L50|100/100\n|turn|3\n|\n|t:|1775983693\n|detailschange|p1a: Crabominable|Crabominable-Mega, L50, M\n|-mega|p1a: Crabominable|Crabominable|Crabominite\n|move|p2a: Tyranitar|Protect|p2a: Tyranitar\n|-singleturn|p2a: Tyranitar|Protect\n|move|p1a: Crabominable|Drain Punch|p2b: Rotom\n|-damage|p2b: Rotom|39/100\n|move|p1b: Incineroar|Parting Shot|p2b: Rotom\n|-unboost|p2b: Rotom|atk|1\n|-unboost|p2b: Rotom|spa|1\n|\n|t:|1775983702\n|switch|p1b: Kingambit|Kingambit, L50, M|100/100|[from] Parting Shot\n|-enditem|p2b: Rotom|White Herb\n|-clearnegativeboost|p2b: Rotom|[silent]\n|move|p2b: Rotom|Overheat|p1a: Crabominable\n|-supereffective|p1a: Crabominable|1\n|-damage|p1a: Crabominable|27/100\n|-unboost|p2b: Rotom|spa|2\n|\n|-weather|Sandstorm|[upkeep]\n|-damage|p1a: Crabominable|21/100|[from] Sandstorm\n|-damage|p2b: Rotom|33/100|[from] Sandstorm\n|upkeep\n|turn|4\n|\n|t:|1775983714\n|switch|p2a: Sinistcha|Sinistcha, L50|100/100\n|-heal|p2b: Rotom|58/100|[from] ability: Hospitality|[of] p2a: Sinistcha\n|move|p2b: Rotom|Protect|p2b: Rotom\n|-singleturn|p2b: Rotom|Protect\n|move|p1a: Crabominable|Drain Punch|p2a: Sinistcha\n|-immune|p2a: Sinistcha\n|move|p1b: Kingambit|Kowtow Cleave|p2b: Rotom\n|-activate|p2b: Rotom|move: Protect\n|\n|-weather|Sandstorm|[upkeep]\n|-damage|p1a: Crabominable|15/100|[from] Sandstorm\n|-damage|p2a: Sinistcha|94/100|[from] Sandstorm\n|-damage|p2b: Rotom|52/100|[from] Sandstorm\n|upkeep\n|turn|5\n|inactive|Vgcproto has 30 seconds left.\n|inactive|Vgcproto has 20 seconds left.\n|inactive|Vgcproto has 15 seconds left.\n|inactive|Vgcproto has 10 seconds left.\n|inactive|Vgcproto has 5 seconds left.\n|\n|t:|1775983764\n|move|p1a: Crabominable|Ice Hammer|p2a: Sinistcha\n|-supereffective|p2a: Sinistcha|1\n|-damage|p2a: Sinistcha|0 fnt\n|-unboost|p1a: Crabominable|spe|1\n|faint|p2a: Sinistcha\n|move|p1b: Kingambit|Kowtow Cleave|p2b: Rotom\n|-damage|p2b: Rotom|0 fnt\n|faint|p2b: Rotom\n|\n|-weather|none\n|-fieldend|move: Trick Room\n|upkeep\n|\n|t:|1775983768\n|switch|p2b: Tyranitar|Tyranitar-Mega, L50, M|93/100\n|-weather|Sandstorm|[from] ability: Sand Stream|[of] p2b: Tyranitar\n|turn|6\n|\n|t:|1775983774\n|move|p2b: Tyranitar|Rock Slide|p1a: Crabominable|[spread] p1a,p1b\n|-resisted|p1b: Kingambit|1\n|-crit|p1b: Kingambit\n|-damage|p1a: Crabominable|0 fnt\n|-damage|p1b: Kingambit|80/100\n|faint|p1a: Crabominable\n|cant|p1b: Kingambit|flinch\n|\n|-weather|Sandstorm|[upkeep]\n|upkeep\n|\n|t:|1775983777\n|switch|p1a: Incineroar|Incineroar, L50, F|22/100\n|-ability|p1a: Incineroar|Intimidate|boost\n|-unboost|p2b: Tyranitar|atk|1\n|turn|7\n|\n|t:|1775983784\n|move|p2b: Tyranitar|Protect|p2b: Tyranitar\n|-singleturn|p2b: Tyranitar|Protect\n|move|p1a: Incineroar|Fake Out|p2b: Tyranitar\n|-activate|p2b: Tyranitar|move: Protect\n|move|p1b: Kingambit|Iron Head|p2b: Tyranitar\n|-activate|p2b: Tyranitar|move: Protect\n|\n|-weather|Sandstorm|[upkeep]\n|-damage|p1a: Incineroar|16/100|[from] Sandstorm\n|upkeep\n|turn|8\n|\n|t:|1775983791\n|move|p2b: Tyranitar|Low Kick|p1b: Kingambit\n|-supereffective|p1b: Kingambit|2\n|-damage|p1b: Kingambit|0 fnt\n|faint|p1b: Kingambit\n|move|p1a: Incineroar|Parting Shot|p2b: Tyranitar\n|-unboost|p2b: Tyranitar|atk|1\n|-unboost|p2b: Tyranitar|spa|1\n|\n|-weather|Sandstorm|[upkeep]\n|-damage|p1a: Incineroar|10/100|[from] Sandstorm\n|upkeep\n|turn|9\n|\n|t:|1775983802\n|move|p2b: Tyranitar|Low Kick|p1a: Incineroar\n|-supereffective|p1a: Incineroar|1\n|-damage|p1a: Incineroar|0 fnt\n|faint|p1a: Incineroar\n|\n|win|Vgcproto\n|raw|nsbnsb's rating: 1246 &rarr; <strong>1225</strong><br />(-21 for losing)\n|raw|Vgcproto's rating: 1307 &rarr; <strong>1324</strong><br />(+17 for winning)\n|l|\u2606nsbnsb\n|player|p1|\n",
  "uploadtime": 1775983807,
  "views": 25,
  "formatid": "gen9championsvgc2026regma",
  "rating": 1225,
  "private": 0,
  "password": null
}