{
  "id": "gen9championsvgc2026regma-2586280406",
  "format": "[Gen 9 Champions] VGC 2026 Reg M-A",
  "players": [
    "RBG_LOL",
    "Pigcosmos"
  ],
  "log": "|j|\u2606RBG_LOL\n|j|\u2606Pigcosmos\n|t:|1776420768\n|gametype|doubles\n|player|p1|RBG_LOL|ghetsis-gen5bw|1080\n|player|p2|Pigcosmos|scientist-gen4|1053\n|gen|9\n|tier|[Gen 9 Champions] VGC 2026 Reg M-A\n|rated|\n|rule|Species Clause: Limit one of each Pok\u00e9mon\n|rule|Item Clause: Limit 1 of each item\n|clearpoke\n|poke|p1|Garchomp, L50, M|\n|poke|p1|Froslass, L50, F|\n|poke|p1|Sneasler, L50, M|\n|poke|p1|Kingambit, L50, M|\n|poke|p1|Talonflame, L50, M|\n|poke|p1|Milotic, L50, F|\n|poke|p2|Victreebel, L50, M|\n|poke|p2|Sableye, L50, M|\n|poke|p2|Forretress, L50, F|\n|poke|p2|Basculegion, L50, M|\n|poke|p2|Garganacl, L50, F|\n|poke|p2|Sharpedo, L50, M|\n|teampreview|4\n|inactive|Battle timer is ON: inactive players will automatically lose when time's up. (requested by Pigcosmos)\n|inactive|RBG_LOL has 60 seconds left.\n|inactive|Pigcosmos has 60 seconds left.\n|\n|t:|1776420807\n|teamsize|p1|4\n|teamsize|p2|4\n|start\n|switch|p1a: Talonflame|Talonflame, L50, M, shiny|100/100\n|switch|p1b: Milotic|Milotic, L50, F|100/100\n|switch|p2a: Vapor de frutas|Sableye, L50, M|100/100\n|switch|p2b: Tarja|Forretress, L50, F|100/100\n|turn|1\n|inactive|RBG_LOL has 30 seconds left.\n|inactive|Pigcosmos has 30 seconds left.\n|-activate|p2b: Tarja|item: Quick Claw\n|\n|t:|1776420838\n|move|p2a: Vapor de frutas|Fake Out|p1a: Talonflame\n|-damage|p1a: Talonflame|89/100\n|move|p2b: Tarja|Stealth Rock|p1a: Talonflame\n|-sidestart|p1: RBG_LOL|move: Stealth Rock\n|cant|p1a: Talonflame|flinch\n|move|p1b: Milotic|Scald|p2a: Vapor de frutas\n|-damage|p2a: Vapor de frutas|58/100\n|\n|upkeep\n|turn|2\n|inactive|Pigcosmos has 30 seconds left.\n|\n|t:|1776420865\n|move|p2b: Tarja|Protect|p2b: Tarja\n|-singleturn|p2b: Tarja|Protect\n|move|p1a: Talonflame|Tailwind|p1a: Talonflame\n|-sidestart|p1: RBG_LOL|move: Tailwind\n|move|p1b: Milotic|Muddy Water|p2b: Tarja|[spread] p2a\n|-activate|p2b: Tarja|move: Protect\n|-damage|p2a: Vapor de frutas|20/100\n|-enditem|p2a: Vapor de frutas|Sitrus Berry|[eat]\n|-heal|p2a: Vapor de frutas|44/100|[from] item: Sitrus Berry\n|move|p2a: Vapor de frutas|Foul Play|p1a: Talonflame\n|-damage|p1a: Talonflame|27/100\n|\n|upkeep\n|turn|3\n|inactive|Pigcosmos has 30 seconds left.\n|\n|t:|1776420891\n|move|p2a: Vapor de frutas|Recover|p2a: Vapor de frutas\n|-heal|p2a: Vapor de frutas|95/100\n|move|p1a: Talonflame|Will-O-Wisp|p2b: Tarja\n|-status|p2b: Tarja|brn\n|move|p1b: Milotic|Muddy Water|p2b: Tarja|[spread] p2a,p2b\n|-crit|p2b: Tarja\n|-damage|p2a: Vapor de frutas|53/100\n|-damage|p2b: Tarja|34/100 brn\n|move|p2b: Tarja|Body Press|p1b: Milotic\n|-damage|p1b: Milotic|89/100\n|\n|-heal|p1b: Milotic|95/100|[from] item: Leftovers\n|-damage|p2b: Tarja|28/100 brn|[from] brn\n|upkeep\n|turn|4\n|inactive|Pigcosmos has 30 seconds left.\n|\n|t:|1776420924\n|move|p1a: Talonflame|Protect|p1a: Talonflame\n|-singleturn|p1a: Talonflame|Protect\n|move|p2a: Vapor de frutas|Recover|p2a: Vapor de frutas\n|-heal|p2a: Vapor de frutas|100/100\n|move|p1b: Milotic|Muddy Water|p2b: Tarja|[spread] p2a,p2b\n|-damage|p2a: Vapor de frutas|65/100\n|-damage|p2b: Tarja|0 fnt\n|-unboost|p2a: Vapor de frutas|accuracy|1\n|faint|p2b: Tarja\n|\n|-heal|p1b: Milotic|100/100|[from] item: Leftovers\n|upkeep\n|\n|t:|1776420945\n|switch|p2b: Refluxonildo|Victreebel, L50, M|100/100\n|turn|5\n|\n|t:|1776420958\n|detailschange|p2b: Refluxonildo|Victreebel-Mega, L50, M\n|-mega|p2b: Refluxonildo|Victreebel|Victreebelite\n|move|p1b: Milotic|Protect|p1b: Milotic\n|-singleturn|p1b: Milotic|Protect\n|move|p2b: Refluxonildo|Protect|p2b: Refluxonildo\n|-singleturn|p2b: Refluxonildo|Protect\n|move|p1a: Talonflame|Brave Bird|p2b: Refluxonildo\n|-activate|p2b: Refluxonildo|move: Protect\n|move|p2a: Vapor de frutas|Foul Play|p1a: Talonflame\n|-damage|p1a: Talonflame|0 fnt\n|-status|p2a: Vapor de frutas|brn|[from] ability: Flame Body|[of] p1a: Talonflame\n|faint|p1a: Talonflame\n|\n|-damage|p2a: Vapor de frutas|60/100 brn|[from] brn\n|-sideend|p1: RBG_LOL|move: Tailwind\n|upkeep\n|\n|t:|1776420974\n|switch|p1a: Kingambit|Kingambit, L50, M|100/100\n|-damage|p1a: Kingambit|95/100|[from] Stealth Rock\n|turn|6\n|\n|t:|1776420991\n|move|p2a: Vapor de frutas|Quash|p1b: Milotic|[miss]\n|-miss|p2a: Vapor de frutas|p1b: Milotic\n|move|p2b: Refluxonildo|Toxic|p1b: Milotic\n|-status|p1b: Milotic|tox\n|move|p1b: Milotic|Icy Wind|p2a: Vapor de frutas|[spread] p2a,p2b\n|-supereffective|p2b: Refluxonildo|1\n|-damage|p2a: Vapor de frutas|43/100 brn\n|-damage|p2b: Refluxonildo|66/100\n|-unboost|p2a: Vapor de frutas|spe|1\n|-unboost|p2b: Refluxonildo|spe|1\n|move|p1a: Kingambit|Kowtow Cleave|p2b: Refluxonildo\n|-damage|p2b: Refluxonildo|0 fnt\n|-damage|p1a: Kingambit|45/100|[from] ability: Innards Out|[of] p2b: Refluxonildo\n|faint|p2b: Refluxonildo\n|\n|-damage|p1b: Milotic|95/100 tox|[from] psn\n|-damage|p2a: Vapor de frutas|37/100 brn|[from] brn\n|upkeep\n|\n|t:|1776421011\n|switch|p2b: Recife|Sharpedo, L50, M|100/100\n|turn|7\n|\n|t:|1776421024\n|move|p1a: Kingambit|Protect|p1a: Kingambit\n|-singleturn|p1a: Kingambit|Protect\n|move|p2a: Vapor de frutas|Recover|p2a: Vapor de frutas\n|-heal|p2a: Vapor de frutas|88/100 brn\n|move|p2b: Recife|Close Combat|p1a: Kingambit\n|-activate|p1a: Kingambit|move: Protect\n|move|p1b: Milotic|Icy Wind|p2a: Vapor de frutas|[spread] p2a,p2b\n|-resisted|p2b: Recife|1\n|-damage|p2a: Vapor de frutas|71/100 brn\n|-damage|p2b: Recife|83/100\n|-unboost|p2a: Vapor de frutas|spe|1\n|-unboost|p2b: Recife|spe|1\n|\n|-heal|p1b: Milotic|100/100 tox|[from] item: Leftovers\n|-damage|p1b: Milotic|89/100 tox|[from] psn\n|-damage|p2a: Vapor de frutas|65/100 brn|[from] brn\n|-ability|p2b: Recife|Speed Boost|boost\n|-boost|p2b: Recife|spe|1\n|upkeep\n|turn|8\n|\n|t:|1776421041\n|switch|p1a: Froslass|Froslass, L50, F|100/100\n|-damage|p1a: Froslass|76/100|[from] Stealth Rock\n|move|p2b: Recife|Protect|p2b: Recife\n|-singleturn|p2b: Recife|Protect\n|move|p2a: Vapor de frutas|Recover|p2a: Vapor de frutas\n|-heal|p2a: Vapor de frutas|100/100 brn\n|move|p1b: Milotic|Scald|p2b: Recife\n|-activate|p2b: Recife|move: Protect\n|\n|-heal|p1b: Milotic|95/100 tox|[from] item: Leftovers\n|-damage|p1b: Milotic|77/100 tox|[from] psn\n|-damage|p2a: Vapor de frutas|95/100 brn|[from] brn\n|-ability|p2b: Recife|Speed Boost|boost\n|-boost|p2b: Recife|spe|1\n|upkeep\n|turn|9\n|inactive|Pigcosmos has 30 seconds left.\n|inactive|Pigcosmos has 20 seconds left.\n|\n|t:|1776421079\n|detailschange|p1a: Froslass|Froslass-Mega, L50, F\n|-mega|p1a: Froslass|Froslass|Froslassite\n|-weather|Snowscape|[from] ability: Snow Warning|[of] p1a: Froslass\n|move|p1a: Froslass|Protect|p1a: Froslass\n|-singleturn|p1a: Froslass|Protect\n|move|p2a: Vapor de frutas|Quash|p1a: Froslass\n|-activate|p1a: Froslass|move: Protect\n|move|p2b: Recife|Destiny Bond|p2b: Recife\n|-singlemove|p2b: Recife|Destiny Bond\n|move|p1b: Milotic|Scald|p2b: Recife\n|-resisted|p2b: Recife|1\n|-damage|p2b: Recife|38/100\n|\n|-weather|Snowscape|[upkeep]\n|-heal|p1b: Milotic|83/100 tox|[from] item: Leftovers\n|-damage|p1b: Milotic|59/100 tox|[from] psn\n|-damage|p2a: Vapor de frutas|89/100 brn|[from] brn\n|-ability|p2b: Recife|Speed Boost|boost\n|-boost|p2b: Recife|spe|1\n|upkeep\n|turn|10\n|inactive|RBG_LOL has 30 seconds left.\n|\n|t:|1776421107\n|move|p2b: Recife|Protect|p2b: Recife\n|-singleturn|p2b: Recife|Protect\n|move|p1a: Froslass|Aurora Veil|p1a: Froslass\n|-sidestart|p1: RBG_LOL|move: Aurora Veil\n|move|p1b: Milotic|Icy Wind|p2b: Recife|[spread] p2a\n|-activate|p2b: Recife|move: Protect\n|-damage|p2a: Vapor de frutas|72/100 brn\n|-unboost|p2a: Vapor de frutas|spe|1\n|move|p2a: Vapor de frutas|Foul Play|p1a: Froslass\n|-supereffective|p1a: Froslass|1\n|-damage|p1a: Froslass|57/100\n|\n|-weather|Snowscape|[upkeep]\n|-heal|p1b: Milotic|65/100 tox|[from] item: Leftovers\n|-damage|p1b: Milotic|36/100 tox|[from] psn\n|-damage|p2a: Vapor de frutas|67/100 brn|[from] brn\n|-ability|p2b: Recife|Speed Boost|boost\n|-boost|p2b: Recife|spe|1\n|upkeep\n|turn|11\n|\n|t:|1776421132\n|move|p1b: Milotic|Protect|p1b: Milotic\n|-singleturn|p1b: Milotic|Protect\n|move|p2a: Vapor de frutas|Recover|p2a: Vapor de frutas\n|-heal|p2a: Vapor de frutas|100/100 brn\n|move|p2b: Recife|Destiny Bond|p2b: Recife\n|-singlemove|p2b: Recife|Destiny Bond\n|move|p1a: Froslass|Shadow Ball|p2b: Recife\n|-resisted|p2b: Recife|1\n|-damage|p2b: Recife|0 fnt\n|faint|p2b: Recife\n|-activate|p2b: Recife|move: Destiny Bond\n|faint|p1a: Froslass\n|\n|-weather|Snowscape|[upkeep]\n|-heal|p1b: Milotic|42/100 tox|[from] item: Leftovers\n|-damage|p1b: Milotic|6/100 tox|[from] psn\n|-damage|p2a: Vapor de frutas|95/100 brn|[from] brn\n|upkeep\n|\n|t:|1776421142\n|switch|p1a: Kingambit|Kingambit, L50, M|45/100\n|-damage|p1a: Kingambit|39/100|[from] Stealth Rock\n|turn|12\n|\n|t:|1776421160\n|move|p1a: Kingambit|Sucker Punch|p2a: Vapor de frutas\n|-damage|p2a: Vapor de frutas|30/100 brn\n|move|p1b: Milotic|Scald|p2a: Vapor de frutas\n|-damage|p2a: Vapor de frutas|0 fnt\n|faint|p2a: Vapor de frutas\n|\n|win|RBG_LOL\n|raw|RBG_LOL's rating: 1080 &rarr; <strong>1106</strong><br />(+26 for winning)\n|raw|Pigcosmos's rating: 1053 &rarr; <strong>1036</strong><br />(-17 for losing)\n",
  "uploadtime": 1776421164,
  "views": 23,
  "formatid": "gen9championsvgc2026regma",
  "rating": 1036,
  "private": 0,
  "password": null
}