{
  "id": "gen9championsvgc2026regma-2581722493",
  "format": "[Gen 9 Champions] VGC 2026 Reg M-A",
  "players": [
    "Braute",
    "Anne_ChovyVGC"
  ],
  "log": "|j|\u2606Braute\n|j|\u2606Anne_ChovyVGC\n|t:|1776023422\n|gametype|doubles\n|player|p1|Braute|miku-fire|1084\n|player|p2|Anne_ChovyVGC|skierf-gen4dp|1089\n|gen|9\n|tier|[Gen 9 Champions] VGC 2026 Reg M-A\n|rated|\n|rule|Species Clause: Limit one of each Pok\u00e9mon\n|rule|Item Clause: Limit 1 of each item\n|clearpoke\n|poke|p1|Beedrill, L50, F|\n|poke|p1|Incineroar, L50, M|\n|poke|p1|Talonflame, L50, M|\n|poke|p1|Kingambit, L50, M|\n|poke|p1|Tyranitar, L50, M|\n|poke|p1|Excadrill, L50, M|\n|poke|p2|Lucario, L50, M|\n|poke|p2|Incineroar, L50, M|\n|poke|p2|Hawlucha, L50, F|\n|poke|p2|Sinistcha, L50|\n|poke|p2|Kingambit, L50, M|\n|poke|p2|Aerodactyl, L50, F|\n|teampreview|4\n|inactive|Battle timer is ON: inactive players will automatically lose when time's up. (requested by Braute)\n|c|\u2606Anne_ChovyVGC|potential mon :0\n|inactive|Braute has 60 seconds left.\n|inactive|Anne_ChovyVGC has 60 seconds left.\n|inactive|Anne_ChovyVGC has 30 seconds left.\n|inactive|Braute has 30 seconds left.\n|inactive|Anne_ChovyVGC has 20 seconds left.\n|inactive|Anne_ChovyVGC has 15 seconds left.\n|\n|t:|1776023499\n|teamsize|p1|4\n|teamsize|p2|4\n|start\n|switch|p1a: Tyranitar|Tyranitar, L50, M|100/100\n|switch|p1b: Excadrill|Excadrill, L50, M|100/100\n|switch|p2a: Hawlucha|Hawlucha, L50, F|100/100\n|switch|p2b: Incineroar|Incineroar, L50, M|100/100\n|-weather|Sandstorm|[from] ability: Sand Stream|[of] p1a: Tyranitar\n|-ability|p2b: Incineroar|Intimidate|boost\n|-unboost|p1a: Tyranitar|atk|1\n|-unboost|p1b: Excadrill|atk|1\n|turn|1\n|inactive|Anne_ChovyVGC has 30 seconds left.\n|\n|t:|1776023531\n|switch|p1a: Talonflame|Talonflame, L50, M|100/100\n|detailschange|p2a: Hawlucha|Hawlucha-Mega, L50, F\n|-mega|p2a: Hawlucha|Hawlucha|Hawluchanite\n|move|p1b: Excadrill|Protect|p1b: Excadrill\n|-singleturn|p1b: Excadrill|Protect\n|move|p2b: Incineroar|Fake Out|p1b: Excadrill\n|-activate|p1b: Excadrill|move: Protect\n|move|p2a: Hawlucha|High Jump Kick|p1b: Excadrill\n|-activate|p1b: Excadrill|move: Protect\n|-damage|p2a: Hawlucha|51/100|[from] highjumpkick\n|\n|-weather|Sandstorm|[upkeep]\n|-damage|p1a: Talonflame|95/100|[from] Sandstorm\n|-damage|p2a: Hawlucha|45/100|[from] Sandstorm\n|-damage|p2b: Incineroar|95/100|[from] Sandstorm\n|upkeep\n|turn|2\n|inactive|Anne_ChovyVGC has 30 seconds left.\n|\n|t:|1776023559\n|move|p2a: Hawlucha|Protect|p2a: Hawlucha\n|-singleturn|p2a: Hawlucha|Protect\n|move|p1b: Excadrill|High Horsepower|p2b: Incineroar\n|-supereffective|p2b: Incineroar|1\n|-damage|p2b: Incineroar|27/100\n|-enditem|p2b: Incineroar|Sitrus Berry|[eat]\n|-heal|p2b: Incineroar|52/100|[from] item: Sitrus Berry\n|move|p1a: Talonflame|Dual Wingbeat|p2a: Hawlucha\n|-activate|p2a: Hawlucha|move: Protect\n|move|p2b: Incineroar|Flare Blitz|p1b: Excadrill\n|-supereffective|p1b: Excadrill|1\n|-enditem|p1b: Excadrill|Focus Sash\n|-damage|p1b: Excadrill|1/100\n|-damage|p2b: Incineroar|17/100|[from] Recoil\n|\n|-weather|Sandstorm|[upkeep]\n|-damage|p1a: Talonflame|89/100|[from] Sandstorm\n|-damage|p2a: Hawlucha|39/100|[from] Sandstorm\n|-damage|p2b: Incineroar|11/100|[from] Sandstorm\n|upkeep\n|turn|3\n|\n|t:|1776023579\n|switch|p2b: Kingambit|Kingambit, L50, M|100/100\n|move|p1b: Excadrill|Rock Slide|p2b: Kingambit|[spread] p2a,p2b\n|-resisted|p2b: Kingambit|1\n|-damage|p2a: Hawlucha|25/100\n|-damage|p2b: Kingambit|95/100\n|move|p1a: Talonflame|Dual Wingbeat|p2a: Hawlucha\n|-supereffective|p2a: Hawlucha|1\n|-damage|p2a: Hawlucha|0 fnt\n|faint|p2a: Hawlucha\n|-hitcount|p2: Hawlucha|1\n|\n|-weather|Sandstorm|[upkeep]\n|-damage|p1a: Talonflame|83/100|[from] Sandstorm\n|-heal|p2b: Kingambit|100/100|[from] item: Leftovers\n|upkeep\n|\n|t:|1776023595\n|switch|p2a: Incineroar|Incineroar, L50, M|11/100\n|-ability|p2a: Incineroar|Intimidate|boost\n|-unboost|p1a: Talonflame|atk|1\n|-unboost|p1b: Excadrill|atk|1\n|turn|4\n|inactive|Anne_ChovyVGC has 30 seconds left.\n|\n|t:|1776023623\n|switch|p1b: Tyranitar|Tyranitar, L50, M|100/100\n|move|p2a: Incineroar|Fake Out|p1a: Talonflame\n|-damage|p1a: Talonflame|67/100\n|move|p2b: Kingambit|Sucker Punch||[still]\n|-fail|p2b: Kingambit\n|cant|p1a: Talonflame|flinch\n|\n|-weather|Sandstorm|[upkeep]\n|-damage|p1a: Talonflame|61/100|[from] Sandstorm\n|-damage|p2a: Incineroar|5/100|[from] Sandstorm\n|upkeep\n|turn|5\n|\n|t:|1776023644\n|switch|p2a: Lucario|Lucario, L50, M|100/100\n|move|p1a: Talonflame|Flare Blitz|p2a: Lucario\n|-supereffective|p2a: Lucario|1\n|-damage|p2a: Lucario|12/100\n|-damage|p1a: Talonflame|34/100|[from] Recoil\n|move|p1b: Tyranitar|Low Kick|p2b: Kingambit\n|-supereffective|p2b: Kingambit|2\n|-damage|p2b: Kingambit|0 fnt\n|faint|p2b: Kingambit\n|\n|-weather|none\n|upkeep\n|-message|Anne_ChovyVGC forfeited.\n|\n|win|Braute\n|raw|Braute's rating: 1084 &rarr; <strong>1112</strong><br />(+28 for winning)\n|raw|Anne_ChovyVGC's rating: 1089 &rarr; <strong>1065</strong><br />(-24 for losing)\n",
  "uploadtime": 1776023653,
  "views": 59,
  "formatid": "gen9championsvgc2026regma",
  "rating": 1065,
  "private": 0,
  "password": null
}