{
  "id": "gen9championsvgc2026regma-2587380901",
  "format": "[Gen 9 Champions] VGC 2026 Reg M-A",
  "players": [
    "Warehouse User",
    "Alfonzos3"
  ],
  "log": "|j|\u2606Warehouse User\n|j|\u2606Alfonzos3\n|t:|1776527027\n|gametype|doubles\n|player|p1|Warehouse User|170|1132\n|player|p2|Alfonzos3|265|1055\n|gen|9\n|tier|[Gen 9 Champions] VGC 2026 Reg M-A\n|rated|\n|rule|Species Clause: Limit one of each Pok\u00e9mon\n|rule|Item Clause: Limit 1 of each item\n|clearpoke\n|poke|p1|Aegislash, L50, M|\n|poke|p1|Maushold-Four, L50|\n|poke|p1|Azumarill, L50, F|\n|poke|p1|Whimsicott, L50, F|\n|poke|p1|Beedrill, L50, F|\n|poke|p1|Castform, L50, M|\n|poke|p2|Vivillon, L50, M|\n|poke|p2|Farigiraf, L50, F|\n|poke|p2|Delphox, L50, F|\n|poke|p2|Primarina, L50, M|\n|poke|p2|Whimsicott, L50, F|\n|poke|p2|Aegislash, L50, F|\n|teampreview|4\n|\n|t:|1776527047\n|teamsize|p1|4\n|teamsize|p2|4\n|start\n|switch|p1a: Maushold|Maushold-Four, L50|100/100\n|switch|p1b: Azumarill|Azumarill, L50, F|100/100\n|switch|p2a: Vivillon|Vivillon, L50, M|100/100\n|switch|p2b: Farigiraf|Farigiraf, L50, F|100/100\n|turn|1\n|inactive|Battle timer is ON: inactive players will automatically lose when time's up. (requested by Alfonzos3)\n|\n|t:|1776527069\n|move|p2a: Vivillon|Protect|p2a: Vivillon\n|-singleturn|p2a: Vivillon|Protect\n|move|p1a: Maushold|Follow Me|p1a: Maushold\n|-singleturn|p1a: Maushold|move: Follow Me\n|move|p2b: Farigiraf|Nasty Plot|p2b: Farigiraf\n|-boost|p2b: Farigiraf|spa|2\n|move|p1b: Azumarill|Belly Drum|p1b: Azumarill\n|-damage|p1b: Azumarill|51/100\n|-setboost|p1b: Azumarill|atk|6|[from] move: Belly Drum\n|\n|upkeep\n|turn|2\n|inactive|Alfonzos3 has 30 seconds left.\n|inactive|Alfonzos3 has 20 seconds left.\n|\n|t:|1776527106\n|move|p1a: Maushold|Follow Me|p1a: Maushold\n|-singleturn|p1a: Maushold|move: Follow Me\n|move|p2a: Vivillon|Tailwind|p2a: Vivillon\n|-sidestart|p2: Alfonzos3|move: Tailwind\n|move|p2b: Farigiraf|Hyper Voice|p1b: Azumarill|[spread] p1a,p1b\n|-damage|p1a: Maushold|35/100\n|-damage|p1b: Azumarill|8/100\n|-enditem|p1b: Azumarill|Sitrus Berry|[eat]\n|-heal|p1b: Azumarill|33/100|[from] item: Sitrus Berry\n|move|p1b: Azumarill|Play Rough|p2b: Farigiraf\n|-damage|p2b: Farigiraf|0 fnt\n|faint|p2b: Farigiraf\n|\n|upkeep\n|\n|t:|1776527122\n|switch|p2b: Delphox|Delphox, L50, F|100/100\n|turn|3\n|\n|t:|1776527136\n|detailschange|p2b: Delphox|Delphox-Mega, L50, F\n|-mega|p2b: Delphox|Delphox|Delphoxite\n|move|p2b: Delphox|Protect|p2b: Delphox\n|-singleturn|p2b: Delphox|Protect\n|move|p1a: Maushold|Protect|p1a: Maushold\n|-singleturn|p1a: Maushold|Protect\n|move|p1b: Azumarill|Aqua Jet|p2b: Delphox\n|-activate|p2b: Delphox|move: Protect\n|move|p2a: Vivillon|Hurricane|p1b: Azumarill\n|-damage|p1b: Azumarill|0 fnt\n|faint|p1b: Azumarill\n|\n|upkeep\n|\n|t:|1776527152\n|switch|p1b: Whimsicott|Whimsicott, L50, F|100/100\n|turn|4\n|\n|t:|1776527161\n|move|p1b: Whimsicott|Encore|p2b: Delphox\n|-start|p2b: Delphox|Encore\n|move|p2b: Delphox|Protect||[still]\n|-fail|p2b: Delphox\n|move|p2a: Vivillon|Hurricane|p1b: Whimsicott\n|-supereffective|p1b: Whimsicott|1\n|-enditem|p1b: Whimsicott|Focus Sash\n|-damage|p1b: Whimsicott|1/100\n|move|p1a: Maushold|Super Fang|p2b: Delphox\n|-damage|p2b: Delphox|50/100\n|\n|upkeep\n|turn|5\n|inactive|Alfonzos3 has 30 seconds left.\n|\n|t:|1776527191\n|switch|p2b: Aegislash|Aegislash, L50, F|100/100\n|switch|p1a: Aegislash|Aegislash, L50, M|100/100\n|move|p2a: Vivillon|Hurricane|p1a: Aegislash\n|-resisted|p1a: Aegislash|1\n|-damage|p1a: Aegislash|84/100\n|move|p1b: Whimsicott|Moonblast|p2a: Vivillon\n|-damage|p2a: Vivillon|26/100\n|\n|-sideend|p2: Alfonzos3|move: Tailwind\n|upkeep\n|turn|6\n|inactive|Alfonzos3 has 30 seconds left.\n|inactive|Alfonzos3 has 20 seconds left.\n|inactive|Alfonzos3 has 15 seconds left.\n|\n|t:|1776527232\n|-formechange|p2b: Aegislash|Aegislash-Blade|\n|move|p2b: Aegislash|Shadow Sneak|p1b: Whimsicott\n|-damage|p1b: Whimsicott|0 fnt\n|faint|p1b: Whimsicott\n|move|p2a: Vivillon|Sleep Powder|p1a: Aegislash\n|-status|p1a: Aegislash|slp|[from] move: Sleep Powder\n|cant|p1a: Aegislash|slp\n|\n|upkeep\n|\n|t:|1776527242\n|switch|p1b: Maushold|Maushold-Four, L50|35/100\n|turn|7\n|inactive|Alfonzos3 has 30 seconds left.\n|inactive|Alfonzos3 has 20 seconds left.\n|inactive|Alfonzos3 has 15 seconds left.\n|inactive|Alfonzos3 has 10 seconds left.\n|inactive|Alfonzos3 has 5 seconds left.\n|\n|t:|1776527297\n|move|p1b: Maushold|Follow Me|p1b: Maushold\n|-singleturn|p1b: Maushold|move: Follow Me\n|-curestatus|p1a: Aegislash|slp|[msg]\n|-formechange|p1a: Aegislash|Aegislash-Blade|\n|move|p1a: Aegislash|Shadow Sneak|p2b: Aegislash\n|-supereffective|p2b: Aegislash|1\n|-damage|p2b: Aegislash|0 fnt\n|faint|p2b: Aegislash\n|move|p2a: Vivillon|Hurricane|p1b: Maushold\n|-damage|p1b: Maushold|0 fnt\n|faint|p1b: Maushold\n|\n|upkeep\n|inactive|Alfonzos3 has 30 seconds left.\n|inactive|Alfonzos3 has 20 seconds left.\n|\n|t:|1776527334\n|switch|p2b: Delphox|Delphox-Mega, L50, F|50/100\n|turn|8\n|\n|t:|1776527348\n|move|p2b: Delphox|Heat Wave|p1a: Aegislash\n|-supereffective|p1a: Aegislash|1\n|-damage|p1a: Aegislash|0 fnt\n|faint|p1a: Aegislash\n|\n|win|Alfonzos3\n|raw|Warehouse User's rating: 1132 &rarr; <strong>1102</strong><br />(-30 for losing)\n|raw|Alfonzos3's rating: 1055 &rarr; <strong>1094</strong><br />(+39 for winning)\n",
  "uploadtime": 1776527354,
  "views": 18,
  "formatid": "gen9championsvgc2026regma",
  "rating": 1094,
  "private": 0,
  "password": null
}