{
  "id": "gen9championsvgc2026regma-2587683569",
  "format": "[Gen 9 Champions] VGC 2026 Reg M-A",
  "players": [
    "WumblesNSuch",
    "PokeGlezpez"
  ],
  "log": "|j|\u2606WumblesNSuch\n|j|\u2606PokeGlezpez\n|t:|1776553567\n|gametype|doubles\n|player|p1|WumblesNSuch|blue|1124\n|player|p2|PokeGlezpez|harlequin|1217\n|gen|9\n|tier|[Gen 9 Champions] VGC 2026 Reg M-A\n|rated|\n|rule|Species Clause: Limit one of each Pok\u00e9mon\n|rule|Item Clause: Limit 1 of each item\n|clearpoke\n|poke|p1|Azumarill, L50, M|\n|poke|p1|Gengar, L50, M|\n|poke|p1|Pelipper, L50, M|\n|poke|p1|Archaludon, L50, F|\n|poke|p1|Sinistcha, L50|\n|poke|p1|Garchomp, L50, M|\n|poke|p2|Tyranitar, L50, F|\n|poke|p2|Excadrill, L50, M|\n|poke|p2|Milotic, L50, M|\n|poke|p2|Aegislash, L50, M|\n|poke|p2|Rotom-Mow, L50|\n|poke|p2|Talonflame, L50, M|\n|teampreview|4\n|inactive|Battle timer is ON: inactive players will automatically lose when time's up. (requested by PokeGlezpez)\n|inactive|PokeGlezpez has 60 seconds left.\n|\n|t:|1776553598\n|teamsize|p1|4\n|teamsize|p2|4\n|start\n|switch|p1a: Pelipper|Pelipper, L50, M|100/100\n|switch|p1b: Azumarill|Azumarill, L50, M|100/100\n|switch|p2a: Tyranitar|Tyranitar, L50, F|100/100\n|switch|p2b: Milotic|Milotic, L50, M|100/100\n|-weather|RainDance|[from] ability: Drizzle|[of] p1a: Pelipper\n|-weather|Sandstorm|[from] ability: Sand Stream|[of] p2a: Tyranitar\n|turn|1\n|inactive|PokeGlezpez has 30 seconds left.\n|inactive|PokeGlezpez has 20 seconds left.\n|\n|t:|1776553637\n|switch|p1a: Garchomp|Garchomp, L50, M|100/100\n|switch|p2b: Rotom|Rotom-Mow, L50|100/100\n|move|p2a: Tyranitar|Knock Off|p1b: Azumarill\n|-resisted|p1b: Azumarill|1\n|-damage|p1b: Azumarill|74/100\n|-enditem|p1b: Azumarill|Mystic Water|[from] move: Knock Off|[of] p2a: Tyranitar\n|move|p1b: Azumarill|Liquidation|p2a: Tyranitar\n|-supereffective|p2a: Tyranitar|1\n|-damage|p2a: Tyranitar|15/100\n|\n|-weather|Sandstorm|[upkeep]\n|-damage|p2b: Rotom|95/100|[from] Sandstorm\n|-damage|p1b: Azumarill|68/100|[from] Sandstorm\n|upkeep\n|turn|2\n|\n|t:|1776553658\n|switch|p1b: Gengar|Gengar, L50, M|100/100\n|move|p2a: Tyranitar|Protect|p2a: Tyranitar\n|-singleturn|p2a: Tyranitar|Protect\n|move|p2b: Rotom|Leaf Storm|p1b: Gengar\n|-resisted|p1b: Gengar|1\n|-damage|p1b: Gengar|55/100\n|-unboost|p2b: Rotom|spa|2\n|move|p1a: Garchomp|Rock Slide|p2b: Rotom|[spread] p2b\n|-activate|p2a: Tyranitar|move: Protect\n|-damage|p2b: Rotom|67/100\n|\n|-weather|Sandstorm|[upkeep]\n|-damage|p2b: Rotom|61/100|[from] Sandstorm\n|-damage|p1b: Gengar|49/100|[from] Sandstorm\n|upkeep\n|turn|3\n|\n|t:|1776553682\n|switch|p2b: Milotic|Milotic, L50, M|100/100\n|detailschange|p1b: Gengar|Gengar-Mega, L50, M\n|-mega|p1b: Gengar|Gengar|Gengarite\n|detailschange|p2a: Tyranitar|Tyranitar-Mega, L50, F\n|-mega|p2a: Tyranitar|Tyranitar|Tyranitarite\n|move|p1b: Gengar|Shadow Ball|p2b: Milotic\n|-damage|p2b: Milotic|66/100\n|move|p1a: Garchomp|Rock Slide|p2b: Milotic|[spread] p2a,p2b\n|-damage|p2a: Tyranitar|3/100\n|-damage|p2b: Milotic|52/100\n|move|p2a: Tyranitar|Knock Off|p1b: Gengar\n|-supereffective|p1b: Gengar|1\n|-damage|p1b: Gengar|0 fnt\n|faint|p1b: Gengar\n|\n|-weather|Sandstorm|[upkeep]\n|-damage|p2b: Milotic|47/100|[from] Sandstorm\n|-heal|p2b: Milotic|52/100|[from] item: Leftovers\n|upkeep\n|\n|t:|1776553697\n|switch|p1b: Pelipper|Pelipper, L50, M|100/100\n|-weather|RainDance|[from] ability: Drizzle|[of] p1b: Pelipper\n|turn|4\n|\n|t:|1776553710\n|move|p2a: Tyranitar|Protect|p2a: Tyranitar\n|-singleturn|p2a: Tyranitar|Protect\n|move|p1b: Pelipper|Hurricane|p2b: Milotic\n|-damage|p2b: Milotic|24/100\n|move|p1a: Garchomp|Earthquake|p2b: Milotic|[spread] p2b\n|-activate|p2a: Tyranitar|move: Protect\n|-immune|p1b: Pelipper\n|-crit|p2b: Milotic\n|-damage|p2b: Milotic|0 fnt\n|faint|p2b: Milotic\n|\n|-weather|RainDance|[upkeep]\n|upkeep\n|\n|t:|1776553735\n|switch|p2b: Excadrill|Excadrill, L50, M|100/100\n|turn|5\n|\n|t:|1776553749\n|move|p1b: Pelipper|Hurricane|p2b: Excadrill\n|-resisted|p2b: Excadrill|1\n|-damage|p2b: Excadrill|73/100\n|-start|p2b: Excadrill|confusion\n|move|p1a: Garchomp|Earthquake|p2b: Excadrill|[spread] p2a,p2b\n|-immune|p1b: Pelipper\n|-supereffective|p2a: Tyranitar|1\n|-supereffective|p2b: Excadrill|1\n|-crit|p2b: Excadrill\n|-damage|p2a: Tyranitar|0 fnt\n|-damage|p2b: Excadrill|0 fnt\n|faint|p2a: Tyranitar\n|faint|p2b: Excadrill\n|\n|-weather|RainDance|[upkeep]\n|upkeep\n|\n|t:|1776553764\n|switch|p2b: Rotom|Rotom-Mow, L50|61/100\n|turn|6\n|\n|t:|1776553769\n|move|p2b: Rotom|Volt Switch|p1b: Pelipper\n|-supereffective|p1b: Pelipper|2\n|-damage|p1b: Pelipper|0 fnt\n|faint|p1b: Pelipper\n|move|p1a: Garchomp|Dragon Claw|p2b: Rotom\n|-crit|p2b: Rotom\n|-damage|p2b: Rotom|0 fnt\n|faint|p2b: Rotom\n|\n|win|WumblesNSuch\n|raw|WumblesNSuch's rating: 1124 &rarr; <strong>1156</strong><br />(+32 for winning)\n|raw|PokeGlezpez's rating: 1217 &rarr; <strong>1185</strong><br />(-32 for losing)\n",
  "uploadtime": 1776553769,
  "views": 10,
  "formatid": "gen9championsvgc2026regma",
  "rating": 1156,
  "private": 0,
  "password": null
}