{
  "id": "gen9championsvgc2026regma-2581230971",
  "format": "[Gen 9 Champions] VGC 2026 Reg M-A",
  "players": [
    "Lyiter",
    "INCENEDORUS"
  ],
  "log": "|j|\u2606Lyiter\n|j|\u2606INCENEDORUS\n|t:|1775973736\n|gametype|doubles\n|player|p1|Lyiter|skier|1375\n|player|p2|INCENEDORUS|gambler|1297\n|gen|9\n|tier|[Gen 9 Champions] VGC 2026 Reg M-A\n|rated|\n|rule|Species Clause: Limit one of each Pok\u00e9mon\n|rule|Item Clause: Limit 1 of each item\n|clearpoke\n|poke|p1|Excadrill, L50, M|\n|poke|p1|Weavile, L50, F|\n|poke|p1|Tyranitar, L50, F|\n|poke|p1|Sneasler, L50, F|\n|poke|p1|Azumarill, L50, M|\n|poke|p1|Gardevoir, L50, F|\n|poke|p2|Charizard, L50, F|\n|poke|p2|Venusaur, L50, F|\n|poke|p2|Garchomp, L50, M|\n|poke|p2|Rotom-Wash, L50|\n|poke|p2|Sneasler, L50, M|\n|poke|p2|Incineroar, L50, F|\n|teampreview|4\n|inactive|Battle timer is ON: inactive players will automatically lose when time's up. (requested by Lyiter)\n|\n|t:|1775973750\n|teamsize|p1|4\n|teamsize|p2|4\n|start\n|switch|p1a: Sneasler|Sneasler, L50, F|100/100\n|switch|p1b: Azumarill|Azumarill, L50, M|100/100\n|switch|p2a: Rotom|Rotom-Wash, L50|100/100\n|switch|p2b: Sneasler|Sneasler, L50, M|100/100\n|turn|1\n|j| gE1xjZRtuhW2DdT0AK\n|\n|t:|1775973771\n|move|p2b: Sneasler|Fake Out|p1a: Sneasler\n|-damage|p1a: Sneasler|78/100\n|cant|p1a: Sneasler|flinch\n|move|p2a: Rotom|Will-O-Wisp|p1a: Sneasler\n|-status|p1a: Sneasler|brn\n|move|p1b: Azumarill|Play Rough|p2b: Sneasler\n|-damage|p2b: Sneasler|6/100\n|\n|-damage|p1a: Sneasler|72/100 brn|[from] brn\n|upkeep\n|turn|2\n|inactive|INCENEDORUS has 30 seconds left.\n|\n|t:|1775973804\n|move|p1b: Azumarill|Aqua Jet|p2b: Sneasler\n|-damage|p2b: Sneasler|0 fnt\n|faint|p2b: Sneasler\n|move|p1a: Sneasler|Dire Claw|p2a: Rotom\n|-damage|p2a: Rotom|81/100\n|move|p2a: Rotom|Thunderbolt|p1b: Azumarill\n|-supereffective|p1b: Azumarill|1\n|-damage|p1b: Azumarill|16/100\n|-enditem|p1b: Azumarill|Sitrus Berry|[eat]\n|-heal|p1b: Azumarill|41/100|[from] item: Sitrus Berry\n|\n|-heal|p2a: Rotom|87/100|[from] item: Leftovers\n|-damage|p1a: Sneasler|66/100 brn|[from] brn\n|upkeep\n|\n|t:|1775973815\n|switch|p2b: Charizard|Charizard, L50, F|100/100\n|turn|3\n|\n|t:|1775973825\n|move|p1a: Sneasler|Protect|p1a: Sneasler\n|-singleturn|p1a: Sneasler|Protect\n|move|p2b: Charizard|Protect|p2b: Charizard\n|-singleturn|p2b: Charizard|Protect\n|move|p1b: Azumarill|Protect|p1b: Azumarill\n|-singleturn|p1b: Azumarill|Protect\n|move|p2a: Rotom|Thunderbolt|p1b: Azumarill\n|-activate|p1b: Azumarill|move: Protect\n|\n|-heal|p2a: Rotom|93/100|[from] item: Leftovers\n|-damage|p1a: Sneasler|60/100 brn|[from] brn\n|upkeep\n|turn|4\n|inactive|INCENEDORUS has 30 seconds left.\n|inactive|INCENEDORUS has 20 seconds left.\n|inactive|INCENEDORUS has 15 seconds left.\n|\n|t:|1775973869\n|detailschange|p2b: Charizard|Charizard-Mega-Y, L50, F\n|-mega|p2b: Charizard|Charizard|Charizardite Y\n|-weather|SunnyDay|[from] ability: Drought|[of] p2b: Charizard\n|move|p1b: Azumarill|Aqua Jet|p2b: Charizard\n|-supereffective|p2b: Charizard|1\n|-crit|p2b: Charizard\n|-damage|p2b: Charizard|46/100\n|move|p1a: Sneasler|Dire Claw|p2b: Charizard\n|-damage|p2b: Charizard|15/100\n|move|p2b: Charizard|Heat Wave|p1a: Sneasler|[spread] p1a,p1b\n|-resisted|p1b: Azumarill|1\n|-damage|p1a: Sneasler|0 fnt\n|-damage|p1b: Azumarill|0 fnt\n|faint|p1a: Sneasler\n|faint|p1b: Azumarill\n|move|p2a: Rotom|Thunderbolt|p1: Sneasler|[notarget]\n|-fail|p2a: Rotom\n|\n|-weather|SunnyDay|[upkeep]\n|-heal|p2a: Rotom|99/100|[from] item: Leftovers\n|upkeep\n|\n|t:|1775973872\n|switch|p1a: Tyranitar|Tyranitar, L50, F|100/100\n|switch|p1b: Weavile|Weavile, L50, F|100/100\n|-ability|p1b: Weavile|Pressure\n|-weather|Sandstorm|[from] ability: Sand Stream|[of] p1a: Tyranitar\n|turn|5\n|inactive|INCENEDORUS has 30 seconds left.\n|inactive|INCENEDORUS has 20 seconds left.\n|\n|t:|1775973912\n|detailschange|p1a: Tyranitar|Tyranitar-Mega, L50, F\n|-mega|p1a: Tyranitar|Tyranitar|Tyranitarite\n|move|p2b: Charizard|Protect|p2b: Charizard\n|-singleturn|p2b: Charizard|Protect\n|move|p1b: Weavile|Knock Off|p2b: Charizard\n|-activate|p2b: Charizard|move: Protect\n|move|p1a: Tyranitar|Dragon Dance|p1a: Tyranitar\n|-boost|p1a: Tyranitar|atk|1\n|-boost|p1a: Tyranitar|spe|1\n|move|p2a: Rotom|Will-O-Wisp|p1a: Tyranitar\n|-status|p1a: Tyranitar|brn\n|\n|-weather|Sandstorm|[upkeep]\n|-damage|p1b: Weavile|94/100|[from] Sandstorm\n|-damage|p2b: Charizard|10/100|[from] Sandstorm\n|-damage|p2a: Rotom|93/100|[from] Sandstorm\n|-heal|p2a: Rotom|99/100|[from] item: Leftovers\n|-damage|p1a: Tyranitar|94/100 brn|[from] brn\n|upkeep\n|turn|6\n|\n|t:|1775973928\n|switch|p2b: Venusaur|Venusaur, L50, F|100/100\n|move|p1a: Tyranitar|Rock Slide|p2a: Rotom|[spread] p2a,p2b\n|-damage|p2a: Rotom|76/100\n|-damage|p2b: Venusaur|66/100\n|move|p1b: Weavile|Knock Off|p2a: Rotom\n|-damage|p2a: Rotom|32/100\n|-enditem|p2a: Rotom|Leftovers|[from] move: Knock Off|[of] p1b: Weavile\n|move|p2a: Rotom|Hydro Pump|p1a: Tyranitar\n|-supereffective|p1a: Tyranitar|1\n|-crit|p1a: Tyranitar\n|-damage|p1a: Tyranitar|13/100 brn\n|\n|-weather|Sandstorm|[upkeep]\n|-damage|p1b: Weavile|88/100|[from] Sandstorm\n|-damage|p2b: Venusaur|60/100|[from] Sandstorm\n|-damage|p2a: Rotom|26/100|[from] Sandstorm\n|-damage|p1a: Tyranitar|7/100 brn|[from] brn\n|upkeep\n|turn|7\n|inactive|INCENEDORUS has 30 seconds left.\n|inactive|INCENEDORUS has 20 seconds left.\n|inactive|INCENEDORUS has 15 seconds left.\n|\n|t:|1775973971\n|switch|p2a: Charizard|Charizard-Mega-Y, L50, F|10/100\n|-weather|SunnyDay|[from] ability: Drought|[of] p2a: Charizard\n|move|p2b: Venusaur|Sludge Bomb|p1a: Tyranitar\n|-resisted|p1a: Tyranitar|1\n|-damage|p1a: Tyranitar|0 fnt\n|faint|p1a: Tyranitar\n|move|p1b: Weavile|Triple Axel|p2b: Venusaur\n|-supereffective|p2b: Venusaur|1\n|-damage|p2b: Venusaur|36/100\n|-supereffective|p2b: Venusaur|1\n|-damage|p2b: Venusaur|0 fnt\n|faint|p2b: Venusaur\n|-hitcount|p2: Venusaur|2\n|\n|-weather|SunnyDay|[upkeep]\n|upkeep\n|\n|t:|1775973983\n|switch|p2b: Rotom|Rotom-Wash, L50|26/100\n|turn|8\n|\n|t:|1775974001\n|move|p2a: Charizard|Protect|p2a: Charizard\n|-singleturn|p2a: Charizard|Protect\n|move|p1b: Weavile|Knock Off|p2a: Charizard\n|-activate|p2a: Charizard|move: Protect\n|move|p2b: Rotom|Thunderbolt|p1b: Weavile\n|-crit|p1b: Weavile\n|-damage|p1b: Weavile|11/100\n|\n|-weather|SunnyDay|[upkeep]\n|upkeep\n|turn|9\n|\n|t:|1775974016\n|move|p1b: Weavile|Knock Off|p2a: Charizard\n|-damage|p2a: Charizard|0 fnt\n|faint|p2a: Charizard\n|move|p2b: Rotom|Thunderbolt|p1b: Weavile\n|-damage|p1b: Weavile|0 fnt\n|faint|p1b: Weavile\n|\n|win|INCENEDORUS\n|raw|Lyiter's rating: 1375 &rarr; <strong>1351</strong><br />(-24 for losing)\n|raw|INCENEDORUS's rating: 1297 &rarr; <strong>1328</strong><br />(+31 for winning)\n|l|\u2606Lyiter\n|player|p1|\n|l|\u2606INCENEDORUS\n|player|p2|\n",
  "uploadtime": 1775974088,
  "views": 35,
  "formatid": "gen9championsvgc2026regma",
  "rating": 1328,
  "private": 0,
  "password": null
}