{
  "id": "gen9championsvgc2026regma-2586698849",
  "format": "[Gen 9 Champions] VGC 2026 Reg M-A",
  "players": [
    "DaAppleisDaGoat",
    "thedenskog"
  ],
  "log": "|j|\u2606DaAppleisDaGoat\n|j|\u2606thedenskog\n|t:|1776453091\n|gametype|doubles\n|player|p1|DaAppleisDaGoat|ogreclan|1000\n|player|p2|thedenskog|266|1075\n|gen|9\n|tier|[Gen 9 Champions] VGC 2026 Reg M-A\n|rated|\n|rule|Species Clause: Limit one of each Pok\u00e9mon\n|rule|Item Clause: Limit 1 of each item\n|clearpoke\n|poke|p1|Hydrapple, L50, M|\n|poke|p1|Espathra, L50, F|\n|poke|p1|Incineroar, L50, F|\n|poke|p1|Tyranitar, L50, F|\n|poke|p1|Excadrill, L50, F|\n|poke|p1|Aegislash, L50, M|\n|poke|p2|Sableye, L50, F|\n|poke|p2|Sinistcha, L50|\n|poke|p2|Milotic, L50, F|\n|poke|p2|Meganium, L50, F|\n|poke|p2|Archaludon, L50, M|\n|poke|p2|Leafeon, L50, F|\n|teampreview|4\n|inactive|Battle timer is ON: inactive players will automatically lose when time's up. (requested by DaAppleisDaGoat)\n|\n|t:|1776453116\n|teamsize|p1|4\n|teamsize|p2|4\n|start\n|switch|p1a: Espathra|Espathra, L50, F|100/100\n|switch|p1b: Incineroar|Incineroar, L50, F|100/100\n|switch|p2a: Sableye|Sableye, L50, F|100/100\n|switch|p2b: Meganium|Meganium, L50, F|100/100\n|-ability|p1b: Incineroar|Intimidate|boost\n|-unboost|p2a: Sableye|atk|1\n|-unboost|p2b: Meganium|atk|1\n|turn|1\n|\n|t:|1776453129\n|move|p2b: Meganium|Protect|p2b: Meganium\n|-singleturn|p2b: Meganium|Protect\n|move|p1b: Incineroar|Fake Out|p2b: Meganium\n|-activate|p2b: Meganium|move: Protect\n|move|p2a: Sableye|Light Screen|p2a: Sableye\n|-sidestart|p2: thedenskog|move: Light Screen\n|move|p1a: Espathra|Calm Mind|p1a: Espathra\n|-boost|p1a: Espathra|spa|1\n|-boost|p1a: Espathra|spd|1\n|\n|-ability|p1a: Espathra|Speed Boost|boost\n|-boost|p1a: Espathra|spe|1\n|upkeep\n|turn|2\n|\n|t:|1776453150\n|switch|p2b: Milotic|Milotic, L50, F|100/100\n|move|p2a: Sableye|Reflect|p2a: Sableye\n|-sidestart|p2: thedenskog|Reflect\n|move|p1a: Espathra|Calm Mind|p1a: Espathra\n|-boost|p1a: Espathra|spa|1\n|-boost|p1a: Espathra|spd|1\n|move|p1b: Incineroar|Parting Shot|p2b: Milotic\n|-unboost|p2b: Milotic|atk|1\n|-ability|p2b: Milotic|Competitive|boost\n|-boost|p2b: Milotic|spa|2\n|-unboost|p2b: Milotic|spa|1\n|-ability|p2b: Milotic|Competitive|boost\n|-boost|p2b: Milotic|spa|2\n|\n|t:|1776453164\n|switch|p1b: Aegislash|Aegislash, L50, M|100/100|[from] Parting Shot\n|\n|-ability|p1a: Espathra|Speed Boost|boost\n|-boost|p1a: Espathra|spe|1\n|upkeep\n|turn|3\n|\n|t:|1776453181\n|move|p1a: Espathra|Calm Mind|p1a: Espathra\n|-boost|p1a: Espathra|spa|1\n|-boost|p1a: Espathra|spd|1\n|move|p2b: Milotic|Scald|p1a: Espathra\n|-damage|p1a: Espathra|63/100\n|-status|p1a: Espathra|brn\n|-formechange|p1b: Aegislash|Aegislash-Blade|\n|move|p1b: Aegislash|Shadow Ball|p2b: Milotic\n|-damage|p2b: Milotic|76/100\n|move|p2a: Sableye|Foul Play|p1b: Aegislash\n|-supereffective|p1b: Aegislash|1\n|-damage|p1b: Aegislash|0 fnt\n|faint|p1b: Aegislash\n|\n|-heal|p2b: Milotic|82/100|[from] item: Leftovers\n|-damage|p1a: Espathra|57/100 brn|[from] brn\n|-ability|p1a: Espathra|Speed Boost|boost\n|-boost|p1a: Espathra|spe|1\n|upkeep\n|\n|t:|1776453201\n|switch|p1b: Incineroar|Incineroar, L50, F|100/100\n|-ability|p1b: Incineroar|Intimidate|boost\n|-unboost|p2a: Sableye|atk|1\n|-unboost|p2b: Milotic|atk|1\n|-ability|p2b: Milotic|Competitive|boost\n|-boost|p2b: Milotic|spa|2\n|turn|4\n|\n|t:|1776453212\n|move|p2b: Milotic|Protect|p2b: Milotic\n|-singleturn|p2b: Milotic|Protect\n|move|p1b: Incineroar|Fake Out|p2b: Milotic\n|-activate|p2b: Milotic|move: Protect\n|move|p1a: Espathra|Baton Pass|p1a: Espathra\n|\n|t:|1776453219\n|switch|p1a: Hydrapple|Hydrapple, L50, M, shiny|100/100|[from] Baton Pass\n|move|p2a: Sableye|Foul Play|p1a: Hydrapple\n|-damage|p1a: Hydrapple|74/100\n|\n|-heal|p1a: Hydrapple|80/100|[from] item: Leftovers\n|-heal|p2b: Milotic|88/100|[from] item: Leftovers\n|upkeep\n|turn|5\n|\n|t:|1776453239\n|move|p1a: Hydrapple|Energy Ball|p2b: Milotic\n|-supereffective|p2b: Milotic|1\n|-damage|p2b: Milotic|0 fnt\n|faint|p2b: Milotic\n|move|p1b: Incineroar|Flare Blitz|p2a: Sableye\n|-damage|p2a: Sableye|57/100\n|-damage|p1b: Incineroar|90/100|[from] Recoil\n|move|p2a: Sableye|Foul Play|p1a: Hydrapple\n|-damage|p1a: Hydrapple|56/100\n|\n|-heal|p1a: Hydrapple|62/100|[from] item: Leftovers\n|-sideend|p2: thedenskog|move: Light Screen\n|upkeep\n|\n|t:|1776453252\n|switch|p2b: Sinistcha|Sinistcha, L50|100/100\n|-heal|p2a: Sableye|82/100|[from] ability: Hospitality|[of] p2b: Sinistcha\n|turn|6\n|\n|t:|1776453263\n|move|p2a: Sableye|Light Screen|p2a: Sableye\n|-sidestart|p2: thedenskog|move: Light Screen\n|move|p1a: Hydrapple|Fickle Beam|p2b: Sinistcha\n|-damage|p2b: Sinistcha|21/100\n|-enditem|p2b: Sinistcha|Sitrus Berry|[eat]\n|-heal|p2b: Sinistcha|45/100|[from] item: Sitrus Berry\n|move|p1b: Incineroar|Flare Blitz|p2b: Sinistcha\n|-supereffective|p2b: Sinistcha|1\n|-damage|p2b: Sinistcha|0 fnt\n|faint|p2b: Sinistcha\n|-damage|p1b: Incineroar|77/100|[from] Recoil\n|\n|-heal|p1a: Hydrapple|68/100|[from] item: Leftovers\n|-sideend|p2: thedenskog|Reflect\n|upkeep\n|\n|t:|1776453272\n|switch|p2b: Meganium|Meganium, L50, F|100/100\n|turn|7\n|\n|t:|1776453295\n|move|p2b: Meganium|Protect|p2b: Meganium\n|-singleturn|p2b: Meganium|Protect\n|move|p2a: Sableye|Reflect|p2a: Sableye\n|-sidestart|p2: thedenskog|Reflect\n|move|p1a: Hydrapple|Energy Ball|p2b: Meganium\n|-activate|p2b: Meganium|move: Protect\n|move|p1b: Incineroar|Flare Blitz|p2b: Meganium\n|-activate|p2b: Meganium|move: Protect\n|\n|-heal|p1a: Hydrapple|74/100|[from] item: Leftovers\n|upkeep\n|turn|8\n|\n|t:|1776453306\n|detailschange|p2b: Meganium|Meganium-Mega, L50, F\n|-mega|p2b: Meganium|Meganium|Meganiumite\n|move|p1a: Hydrapple|Protect|p1a: Hydrapple\n|-singleturn|p1a: Hydrapple|Protect\n|move|p2a: Sableye|Rain Dance|p2a: Sableye\n|-weather|RainDance\n|move|p2b: Meganium|Weather Ball|p1a: Hydrapple\n|-activate|p1a: Hydrapple|move: Protect\n|move|p1b: Incineroar|Parting Shot|p2b: Meganium\n|-unboost|p2b: Meganium|atk|1\n|-unboost|p2b: Meganium|spa|1\n|\n|t:|1776453317\n|switch|p1b: Espathra|Espathra, L50, F|57/100 brn|[from] Parting Shot\n|\n|-weather|RainDance|[upkeep]\n|-heal|p1a: Hydrapple|80/100|[from] item: Leftovers\n|-damage|p1b: Espathra|51/100 brn|[from] brn\n|upkeep\n|turn|9\n|\n|t:|1776453326\n|move|p1a: Hydrapple|Energy Ball|p2b: Meganium\n|-resisted|p2b: Meganium|1\n|-damage|p2b: Meganium|69/100\n|move|p1b: Espathra|Lumina Crash|p2b: Meganium\n|-damage|p2b: Meganium|49/100\n|-unboost|p2b: Meganium|spd|2\n|move|p2b: Meganium|Weather Ball|p1a: Hydrapple\n|-damage|p1a: Hydrapple|65/100\n|move|p2a: Sableye|Foul Play|p1b: Espathra\n|-supereffective|p1b: Espathra|1\n|-enditem|p1b: Espathra|Colbur Berry|[eat]\n|-enditem|p1b: Espathra|Colbur Berry|[weaken]\n|-damage|p1b: Espathra|20/100 brn\n|\n|-weather|RainDance|[upkeep]\n|-heal|p1a: Hydrapple|71/100|[from] item: Leftovers\n|-damage|p1b: Espathra|13/100 brn|[from] brn\n|-ability|p1b: Espathra|Speed Boost|boost\n|-boost|p1b: Espathra|spe|1\n|upkeep\n|turn|10\n|inactive|thedenskog has 30 seconds left.\n|\n|t:|1776453352\n|move|p1b: Espathra|Lumina Crash|p2b: Meganium\n|-damage|p2b: Meganium|8/100\n|-unboost|p2b: Meganium|spd|2\n|move|p1a: Hydrapple|Energy Ball|p2b: Meganium\n|-resisted|p2b: Meganium|1\n|-damage|p2b: Meganium|0 fnt\n|faint|p2b: Meganium\n|move|p2a: Sableye|Foul Play|p1a: Hydrapple\n|-damage|p1a: Hydrapple|47/100\n|\n|-weather|RainDance|[upkeep]\n|-heal|p1a: Hydrapple|53/100|[from] item: Leftovers\n|-damage|p1b: Espathra|7/100 brn|[from] brn\n|-sideend|p2: thedenskog|move: Light Screen\n|-ability|p1b: Espathra|Speed Boost|boost\n|-boost|p1b: Espathra|spe|1\n|upkeep\n|turn|11\n|-message|thedenskog forfeited.\n|\n|win|DaAppleisDaGoat\n|raw|DaAppleisDaGoat's rating: 1000 &rarr; <strong>1049</strong><br />(+49 for winning)\n|raw|thedenskog's rating: 1075 &rarr; <strong>1049</strong><br />(-26 for losing)\n|l|\u2606DaAppleisDaGoat\n|player|p1|\n|j|\u2606DaAppleisDaGoat\n|player|p1|DaAppleisDaGoat|ogreclan|\n",
  "uploadtime": 1776453523,
  "views": 35,
  "formatid": "gen9championsvgc2026regma",
  "rating": 1049,
  "private": 0,
  "password": null
}