{
  "id": "gen9championsvgc2026regma-2589503934",
  "format": "[Gen 9 Champions] VGC 2026 Reg M-A",
  "players": [
    "Heartway",
    "cloudout"
  ],
  "log": "|j|\u2606Heartway\n|j|\u2606cloudout\n|t:|1776728945\n|gametype|doubles\n|player|p1|Heartway|101|1128\n|player|p2|cloudout|giovanni|1209\n|gen|9\n|tier|[Gen 9 Champions] VGC 2026 Reg M-A\n|rated|\n|rule|Species Clause: Limit one of each Pok\u00e9mon\n|rule|Item Clause: Limit 1 of each item\n|clearpoke\n|poke|p1|Ariados, L50, M|\n|poke|p1|Gengar, L50, M|\n|poke|p1|Sneasler, L50, F|\n|poke|p1|Glimmora, L50, F|\n|poke|p1|Beedrill, L50, F|\n|poke|p1|Slowbro-Galar, L50, F|\n|poke|p2|Incineroar, L50, F|\n|poke|p2|Drampa, L50, M|\n|poke|p2|Aggron, L50, F|\n|poke|p2|Aerodactyl, L50, F|\n|poke|p2|Oranguru, L50, M|\n|poke|p2|Basculegion, L50, M|\n|teampreview|4\n|inactive|Battle timer is ON: inactive players will automatically lose when time's up. (requested by Heartway)\n|\n|t:|1776728971\n|teamsize|p1|4\n|teamsize|p2|4\n|start\n|switch|p1a: Sneasler|Sneasler, L50, F|100/100\n|switch|p1b: Gengar|Gengar, L50, M|100/100\n|switch|p2a: fernando diniz|Oranguru, L50, M|100/100\n|switch|p2b: Aerodactyl|Aerodactyl, L50, F|100/100\n|-ability|p2b: Aerodactyl|Unnerve\n|turn|1\n|inactive|cloudout has 30 seconds left.\n|inactive|cloudout has 20 seconds left.\n|\n|t:|1776729006\n|switch|p2b: Stalingato|Incineroar, L50, F|100/100\n|-ability|p2b: Stalingato|Intimidate|boost\n|-unboost|p1a: Sneasler|atk|1\n|-unboost|p1b: Gengar|atk|1\n|-enditem|p1a: Sneasler|White Herb\n|-clearnegativeboost|p1a: Sneasler|[silent]\n|move|p1a: Sneasler|Fake Out|p2b: Stalingato\n|-damage|p2b: Stalingato|88/100\n|move|p1b: Gengar|Icy Wind|p2a: fernando diniz|[spread] p2a,p2b\n|-resisted|p2b: Stalingato|1\n|-damage|p2a: fernando diniz|89/100\n|-damage|p2b: Stalingato|81/100\n|-unboost|p2a: fernando diniz|spe|1\n|-unboost|p2b: Stalingato|spe|1\n|move|p2a: fernando diniz|Trick Room|p2a: fernando diniz\n|-fieldstart|move: Trick Room|[of] p2a: fernando diniz\n|\n|upkeep\n|turn|2\n|\n|t:|1776729029\n|switch|p1b: Glimmora|Glimmora, L50, F|100/100\n|move|p2a: fernando diniz|Instruct||[still]\n|-fail|p2a: fernando diniz\n|move|p2b: Stalingato|Darkest Lariat|p1b: Glimmora\n|-damage|p1b: Glimmora|57/100\n|-activate|p1b: Glimmora|ability: Toxic Debris\n|-sidestart|p2: cloudout|move: Toxic Spikes\n|move|p1a: Sneasler|Rock Slide|p2b: Stalingato|[spread] p2a,p2b\n|-supereffective|p2b: Stalingato|1\n|-damage|p2a: fernando diniz|73/100\n|-damage|p2b: Stalingato|48/100\n|-enditem|p2b: Stalingato|Sitrus Berry|[eat]\n|-heal|p2b: Stalingato|72/100|[from] item: Sitrus Berry\n|\n|upkeep\n|turn|3\n|inactive|cloudout has 30 seconds left.\n|\n|t:|1776729060\n|detailschange|p1b: Glimmora|Glimmora-Mega, L50, F\n|-mega|p1b: Glimmora|Glimmora|Glimmoranite\n|move|p1b: Glimmora|Spiky Shield|p1b: Glimmora\n|-singleturn|p1b: Glimmora|move: Protect\n|move|p2a: fernando diniz|Instruct|p2b: Stalingato\n|-singleturn|p2b: Stalingato|move: Instruct|[of] p2a: fernando diniz\n|move|p2b: Stalingato|Darkest Lariat|p1b: Glimmora\n|-activate|p1b: Glimmora|move: Protect\n|-damage|p2b: Stalingato|60/100|[from] Spiky Shield|[of] p1b: Glimmora\n|move|p2b: Stalingato|Darkest Lariat|p1b: Glimmora\n|-activate|p1b: Glimmora|move: Protect\n|-damage|p2b: Stalingato|48/100|[from] Spiky Shield|[of] p1b: Glimmora\n|move|p1a: Sneasler|Rock Slide|p2a: fernando diniz|[spread] p2a,p2b\n|-supereffective|p2b: Stalingato|1\n|-damage|p2a: fernando diniz|56/100\n|-damage|p2b: Stalingato|13/100\n|\n|upkeep\n|turn|4\n|\n|t:|1776729085\n|switch|p1b: Gengar|Gengar, L50, M|100/100\n|move|p2a: fernando diniz|Light Screen|p2a: fernando diniz\n|-sidestart|p2: cloudout|move: Light Screen\n|move|p2b: Stalingato|Parting Shot|p1b: Gengar\n|-unboost|p1b: Gengar|atk|1\n|-unboost|p1b: Gengar|spa|1\n|\n|t:|1776729096\n|switch|p2b: Neneca|Drampa, L50, M|100/100|[from] Parting Shot\n|-status|p2b: Neneca|psn\n|-ability|p2b: Neneca|Cloud Nine\n|move|p1a: Sneasler|Rock Slide|p2b: Neneca|[spread] p2a,p2b\n|-damage|p2a: fernando diniz|39/100\n|-damage|p2b: Neneca|76/100 psn\n|\n|-damage|p2b: Neneca|64/100 psn|[from] psn\n|upkeep\n|turn|5\n|\n|t:|1776729116\n|detailschange|p2b: Neneca|Drampa-Mega, L50, M\n|-mega|p2b: Neneca|Drampa|Drampanite\n|move|p2a: fernando diniz|Instruct||[still]\n|-fail|p2a: fernando diniz\n|move|p2b: Neneca|Heat Wave|p1b: Gengar|[spread] p1a,p1b\n|-damage|p1a: Sneasler|59/100\n|-damage|p1b: Gengar|49/100\n|move|p1b: Gengar|Sludge Wave|p2b: Neneca|[spread] p1a,p2a,p2b\n|-resisted|p1a: Sneasler|1\n|-crit|p1a: Sneasler\n|-damage|p1a: Sneasler|21/100\n|-damage|p2a: fernando diniz|24/100\n|-damage|p2b: Neneca|50/100 psn\n|-ability|p2b: Neneca|Berserk|boost\n|-boost|p2b: Neneca|spa|1\n|move|p1a: Sneasler|Close Combat|p2b: Neneca\n|-supereffective|p2b: Neneca|1\n|-damage|p2b: Neneca|0 fnt\n|-unboost|p1a: Sneasler|def|1\n|-unboost|p1a: Sneasler|spd|1\n|faint|p2b: Neneca\n|\n|-fieldend|move: Trick Room\n|upkeep\n|\n|t:|1776729120\n|switch|p2b: Stalingato|Incineroar, L50, F|13/100\n|-status|p2b: Stalingato|psn\n|-ability|p2b: Stalingato|Intimidate|boost\n|-unboost|p1a: Sneasler|atk|1\n|-unboost|p1b: Gengar|atk|1\n|turn|6\n|\n|t:|1776729138\n|move|p2b: Stalingato|Fake Out|p1a: Sneasler\n|-damage|p1a: Sneasler|0 fnt\n|faint|p1a: Sneasler\n|move|p1b: Gengar|Sludge Wave|p2b: Stalingato|[spread] p2a,p2b\n|-damage|p2a: fernando diniz|9/100\n|-damage|p2b: Stalingato|0 fnt\n|faint|p2b: Stalingato\n|move|p2a: fernando diniz|Trick Room|p2a: fernando diniz\n|-fieldstart|move: Trick Room|[of] p2a: fernando diniz\n|\n|upkeep\n|\n|t:|1776729146\n|switch|p2b: Aerodactyl|Aerodactyl, L50, F|100/100\n|switch|p1a: Slowbro|Slowbro-Galar, L50, F|100/100\n|-ability|p2b: Aerodactyl|Unnerve\n|turn|7\n|inactive|cloudout has 30 seconds left.\n|\n|t:|1776729171\n|move|p2a: fernando diniz|Protect|p2a: fernando diniz\n|-singleturn|p2a: fernando diniz|Protect\n|move|p1a: Slowbro|Ice Beam|p2b: Aerodactyl\n|-supereffective|p2b: Aerodactyl|1\n|-damage|p2b: Aerodactyl|42/100\n|move|p2b: Aerodactyl|Rock Slide|p1b: Gengar|[spread] p1a,p1b\n|-damage|p1a: Slowbro|75/100\n|-damage|p1b: Gengar|0 fnt\n|-start|p2b: Aerodactyl|Disable|Rock Slide|[from] ability: Cursed Body|[of] p1b: Gengar\n|faint|p1b: Gengar\n|\n|upkeep\n|\n|t:|1776729180\n|switch|p1b: Glimmora|Glimmora-Mega, L50, F|57/100\n|turn|8\n|\n|t:|1776729196\n|move|p1b: Glimmora|Spiky Shield|p1b: Glimmora\n|-singleturn|p1b: Glimmora|move: Protect\n|move|p2a: fernando diniz|Instruct|p2b: Aerodactyl\n|-singleturn|p2b: Aerodactyl|move: Instruct|[of] p2a: fernando diniz\n|cant|p2b: Aerodactyl|Disable|Rock Slide\n|move|p1a: Slowbro|Ice Beam|p2b: Aerodactyl\n|-supereffective|p2b: Aerodactyl|1\n|-damage|p2b: Aerodactyl|0 fnt\n|faint|p2b: Aerodactyl\n|\n|-sideend|p2: cloudout|move: Light Screen\n|upkeep\n|turn|9\n|-activate|p1a: Slowbro|item: Quick Claw\n|\n|t:|1776729211\n|move|p1a: Slowbro|Shell Side Arm|p2a: fernando diniz|[anim] Shell Side Arm Special\n|-damage|p2a: fernando diniz|0 fnt\n|-hint|Special Shell Side Arm\n|faint|p2a: fernando diniz\n|\n|win|Heartway\n|raw|Heartway's rating: 1128 &rarr; <strong>1159</strong><br />(+31 for winning)\n|raw|cloudout's rating: 1209 &rarr; <strong>1178</strong><br />(-31 for losing)\n|l|\u2606cloudout\n|player|p2|\n",
  "uploadtime": 1776729223,
  "views": 8,
  "formatid": "gen9championsvgc2026regma",
  "rating": 1159,
  "private": 0,
  "password": null
}