{
  "id": "gen9championsvgc2026regma-2587582861",
  "format": "[Gen 9 Champions] VGC 2026 Reg M-A",
  "players": [
    "Wingblade91",
    "dawod"
  ],
  "log": "|j|\u2606Wingblade91\n|j|\u2606dawod\n|t:|1776544292\n|gametype|doubles\n|player|p1|Wingblade91|1|1101\n|player|p2|dawod|crasherwake|1033\n|gen|9\n|tier|[Gen 9 Champions] VGC 2026 Reg M-A\n|rated|\n|rule|Species Clause: Limit one of each Pok\u00e9mon\n|rule|Item Clause: Limit 1 of each item\n|clearpoke\n|poke|p1|Farigiraf, L50, F|\n|poke|p1|Torkoal, L50, M|\n|poke|p1|Ampharos, L50, F|\n|poke|p1|Kingambit, L50, F|\n|poke|p1|Corviknight, L50, M|\n|poke|p1|Golurk, L50|\n|poke|p2|Starmie, L50|\n|poke|p2|Aegislash, L50, F|\n|poke|p2|Sneasler, L50, F|\n|poke|p2|Pelipper, L50, F|\n|poke|p2|Archaludon, L50, M|\n|poke|p2|Maushold, L50|\n|teampreview|4\n|inactive|Battle timer is ON: inactive players will automatically lose when time's up. (requested by Wingblade91)\n|inactive|Wingblade91 has 60 seconds left.\n|inactive|dawod has 60 seconds left.\n|inactive|dawod has 30 seconds left.\n|inactive|dawod has 20 seconds left.\n|\n|t:|1776544365\n|teamsize|p1|4\n|teamsize|p2|4\n|start\n|switch|p1a: Farigiraf|Farigiraf, L50, F|100/100\n|switch|p1b: Ampharos|Ampharos, L50, F|100/100\n|switch|p2a: Starmie|Starmie, L50|100/100\n|switch|p2b: Sneasler|Sneasler, L50, F|100/100\n|turn|1\n|inactive|dawod has 30 seconds left.\n|\n|t:|1776544392\n|move|p2a: Starmie|Protect|p2a: Starmie\n|-singleturn|p2a: Starmie|Protect\n|move|p1b: Ampharos|Protect|p1b: Ampharos\n|-singleturn|p1b: Ampharos|Protect\n|move|p2b: Sneasler|Dire Claw|p1a: Farigiraf\n|-damage|p1a: Farigiraf|71/100\n|-status|p1a: Farigiraf|slp\n|cant|p1a: Farigiraf|slp\n|\n|upkeep\n|turn|2\n|inactive|Wingblade91 has 30 seconds left.\n|\n|t:|1776544419\n|detailschange|p2a: Starmie|Starmie-Mega, L50\n|-mega|p2a: Starmie|Starmie|Starminite\n|detailschange|p1b: Ampharos|Ampharos-Mega, L50, F\n|-mega|p1b: Ampharos|Ampharos|Ampharosite\n|-ability|p1b: Ampharos|Mold Breaker\n|cant|p1a: Farigiraf|slp\n|move|p2b: Sneasler|Coaching|p2a: Starmie\n|-boost|p2a: Starmie|atk|1\n|-boost|p2a: Starmie|def|1\n|move|p2a: Starmie|Liquidation|p1b: Ampharos\n|-resisted|p1b: Ampharos|1\n|-damage|p1b: Ampharos|36/100\n|move|p1b: Ampharos|Thunderbolt|p2b: Sneasler\n|-damage|p2b: Sneasler|10/100\n|\n|upkeep\n|turn|3\n|\n|t:|1776544442\n|move|p1b: Ampharos|Protect|p1b: Ampharos\n|-singleturn|p1b: Ampharos|Protect\n|move|p2b: Sneasler|Close Combat|p1a: Farigiraf\n|-damage|p1a: Farigiraf|29/100 slp\n|-unboost|p2b: Sneasler|def|1\n|-unboost|p2b: Sneasler|spd|1\n|-enditem|p2b: Sneasler|White Herb\n|-clearnegativeboost|p2b: Sneasler|[silent]\n|move|p2a: Starmie|Liquidation|p1b: Ampharos\n|-activate|p1b: Ampharos|move: Protect\n|-curestatus|p1a: Farigiraf|slp|[msg]\n|move|p1a: Farigiraf|Trick Room|p1a: Farigiraf\n|-fieldstart|move: Trick Room|[of] p1a: Farigiraf\n|\n|upkeep\n|turn|4\n|inactive|Wingblade91 has 30 seconds left.\n|\n|t:|1776544470\n|switch|p1b: Torkoal|Torkoal, L50, M|100/100\n|-weather|SunnyDay|[from] ability: Drought|[of] p1b: Torkoal\n|move|p2a: Starmie|Protect|p2a: Starmie\n|-singleturn|p2a: Starmie|Protect\n|move|p1a: Farigiraf|Psychic|p2b: Sneasler\n|-supereffective|p2b: Sneasler|2\n|-damage|p2b: Sneasler|0 fnt\n|faint|p2b: Sneasler\n|\n|-weather|SunnyDay|[upkeep]\n|upkeep\n|\n|t:|1776544478\n|switch|p2b: Pelipper|Pelipper, L50, F|100/100\n|-weather|RainDance|[from] ability: Drizzle|[of] p2b: Pelipper\n|turn|5\n|\n|t:|1776544507\n|move|p1b: Torkoal|Protect|p1b: Torkoal\n|-singleturn|p1b: Torkoal|Protect\n|move|p1a: Farigiraf|Shadow Ball|p2a: Starmie\n|-supereffective|p2a: Starmie|1\n|-damage|p2a: Starmie|51/100\n|move|p2b: Pelipper|Weather Ball|p1b: Torkoal\n|-activate|p1b: Torkoal|move: Protect\n|move|p2a: Starmie|Liquidation|p1a: Farigiraf\n|-damage|p1a: Farigiraf|0 fnt\n|faint|p1a: Farigiraf\n|\n|-weather|RainDance|[upkeep]\n|upkeep\n|c|\u2606dawod|WYM SHADOWBALL???\n|\n|t:|1776544528\n|switch|p1a: Ampharos|Ampharos-Mega, L50, F|36/100\n|-ability|p1a: Ampharos|Mold Breaker\n|turn|6\n|\n|t:|1776544539\n|switch|p1b: Kingambit|Kingambit, L50, F|100/100\n|move|p2b: Pelipper|Protect|p2b: Pelipper\n|-singleturn|p2b: Pelipper|Protect\n|move|p2a: Starmie|Protect|p2a: Starmie\n|-singleturn|p2a: Starmie|Protect\n|move|p1a: Ampharos|Thunderbolt|p2b: Pelipper\n|-activate|p2b: Pelipper|move: Protect\n|\n|-weather|RainDance|[upkeep]\n|upkeep\n|turn|7\n|\n|t:|1776544559\n|switch|p2b: Archaludon|Archaludon, L50, M|100/100\n|move|p2a: Starmie|Protect||[still]\n|-fail|p2a: Starmie\n|move|p1b: Kingambit|Sucker Punch||[still]\n|-fail|p1b: Kingambit\n|move|p1a: Ampharos|Thunderbolt|p2b: Archaludon\n|-resisted|p2b: Archaludon|1\n|-damage|p2b: Archaludon|69/100\n|-ability|p2b: Archaludon|Stamina|boost\n|-boost|p2b: Archaludon|def|1\n|\n|-weather|RainDance|[upkeep]\n|-heal|p2b: Archaludon|75/100|[from] item: Leftovers\n|-fieldend|move: Trick Room\n|upkeep\n|turn|8\n|inactive|dawod has 30 seconds left.\n|\n|t:|1776544585\n|move|p1a: Ampharos|Protect|p1a: Ampharos\n|-singleturn|p1a: Ampharos|Protect\n|move|p2a: Starmie|Liquidation|p1b: Kingambit\n|-damage|p1b: Kingambit|0 fnt\n|faint|p1b: Kingambit\n|move|p2b: Archaludon|Draco Meteor|p1a: Ampharos\n|-activate|p1a: Ampharos|move: Protect\n|\n|-weather|RainDance|[upkeep]\n|-heal|p2b: Archaludon|82/100|[from] item: Leftovers\n|upkeep\n|\n|t:|1776544598\n|switch|p1b: Torkoal|Torkoal, L50, M|100/100\n|-weather|SunnyDay|[from] ability: Drought|[of] p1b: Torkoal\n|turn|9\n|\n|t:|1776544608\n|switch|p2b: Pelipper|Pelipper, L50, F|100/100\n|-weather|RainDance|[from] ability: Drizzle|[of] p2b: Pelipper\n|move|p2a: Starmie|Liquidation|p1a: Ampharos\n|-resisted|p1a: Ampharos|1\n|-damage|p1a: Ampharos|0 fnt\n|faint|p1a: Ampharos\n|move|p1b: Torkoal|Eruption|p2a: Starmie|[spread] p2a,p2b\n|-resisted|p2a: Starmie|1\n|-resisted|p2b: Pelipper|1\n|-damage|p2a: Starmie|33/100\n|-damage|p2b: Pelipper|77/100\n|\n|-weather|RainDance|[upkeep]\n|upkeep\n|turn|10\n|-message|Wingblade91 forfeited.\n|\n|win|dawod\n|raw|Wingblade91's rating: 1101 &rarr; <strong>1071</strong><br />(-30 for losing)\n|raw|dawod's rating: 1033 &rarr; <strong>1075</strong><br />(+42 for winning)\n|l|\u2606Wingblade91\n|player|p1|\n|c|\u2606dawod|gg\n",
  "uploadtime": 1776544624,
  "views": 14,
  "formatid": "gen9championsvgc2026regma",
  "rating": 1071,
  "private": 0,
  "password": null
}