{
  "id": "gen9championsvgc2026regma-2585878743",
  "format": "[Gen 9 Champions] VGC 2026 Reg M-A",
  "players": [
    "test123vgc456",
    "alexesmo5"
  ],
  "log": "|j|\u2606test123vgc456\n|j|\u2606alexesmo5\n|t:|1776377798\n|gametype|doubles\n|player|p1|test123vgc456|1|1251\n|player|p2|alexesmo5|266|1351\n|gen|9\n|tier|[Gen 9 Champions] VGC 2026 Reg M-A\n|rated|\n|rule|Species Clause: Limit one of each Pok\u00e9mon\n|rule|Item Clause: Limit 1 of each item\n|clearpoke\n|poke|p1|Gengar, L50, F|\n|poke|p1|Floette-Eternal, L50, F|\n|poke|p1|Kangaskhan, L50, F|\n|poke|p1|Aegislash, L50, F|\n|poke|p1|Tauros-Paldea-Aqua, L50, M|\n|poke|p1|Aerodactyl, L50, M|\n|poke|p2|Floette-Eternal, L50, F|\n|poke|p2|Aegislash, L50, M|\n|poke|p2|Talonflame, L50, M|\n|poke|p2|Incineroar, L50, F|\n|poke|p2|Garchomp, L50, F|\n|poke|p2|Rotom-Wash, L50|\n|teampreview|4\n|inactive|Battle timer is ON: inactive players will automatically lose when time's up. (requested by test123vgc456)\n|c|\u2606test123vgc456|Japan winning team?\n|inactive|test123vgc456 has 60 seconds left.\n|c|\u2606alexesmo5|?\n|\n|t:|1776377839\n|teamsize|p1|4\n|teamsize|p2|4\n|start\n|switch|p1a: Aerodactyl|Aerodactyl, L50, M|100/100\n|switch|p1b: Tauros|Tauros-Paldea-Aqua, L50, M|100/100\n|switch|p2a: Talonflame|Talonflame, L50, M|100/100\n|switch|p2b: Garchomp|Garchomp, L50, F|100/100\n|-ability|p1a: Aerodactyl|Unnerve\n|-ability|p1b: Tauros|Intimidate|boost\n|-unboost|p2a: Talonflame|atk|1\n|-unboost|p2b: Garchomp|atk|1\n|-enditem|p2b: Garchomp|White Herb\n|-clearnegativeboost|p2b: Garchomp|[silent]\n|turn|1\n|\n|t:|1776377862\n|move|p2a: Talonflame|Tailwind|p2a: Talonflame\n|-sidestart|p2: alexesmo5|move: Tailwind\n|move|p2b: Garchomp|Rock Slide|p1a: Aerodactyl|[spread] p1a,p1b\n|-supereffective|p1a: Aerodactyl|1\n|-resisted|p1b: Tauros|1\n|-damage|p1a: Aerodactyl|32/100\n|-damage|p1b: Tauros|89/100\n|move|p1a: Aerodactyl|Tailwind|p1a: Aerodactyl\n|-sidestart|p1: test123vgc456|move: Tailwind\n|move|p1b: Tauros|Wave Crash|p2a: Talonflame\n|-supereffective|p2a: Talonflame|1\n|-damage|p2a: Talonflame|0 fnt\n|faint|p2a: Talonflame\n|-damage|p1b: Tauros|55/100|[from] Recoil\n|\n|upkeep\n|\n|t:|1776377874\n|switch|p2a: Floette|Floette-Eternal, L50, F|100/100\n|turn|2\n|\n|t:|1776377893\n|detailschange|p2a: Floette|Floette-Mega, L50, F\n|-mega|p2a: Floette|Floette|Floettite\n|-ability|p2a: Floette|Fairy Aura\n|move|p1a: Aerodactyl|Protect|p1a: Aerodactyl\n|-singleturn|p1a: Aerodactyl|Protect\n|move|p1b: Tauros|Protect|p1b: Tauros\n|-singleturn|p1b: Tauros|Protect\n|move|p2b: Garchomp|Rock Slide|p1b: Tauros|[spread] \n|-activate|p1a: Aerodactyl|move: Protect\n|-activate|p1b: Tauros|move: Protect\n|move|p2a: Floette|Dazzling Gleam|p1a: Aerodactyl|[spread] \n|-activate|p1a: Aerodactyl|move: Protect\n|-activate|p1b: Tauros|move: Protect\n|\n|upkeep\n|turn|3\n|inactive|test123vgc456 has 30 seconds left.\n|\n|t:|1776377922\n|move|p1a: Aerodactyl|Rock Slide|p2b: Garchomp|[spread] p2a,p2b\n|-resisted|p2b: Garchomp|1\n|-damage|p2a: Floette|79/100\n|-damage|p2b: Garchomp|90/100\n|move|p1b: Tauros|Wave Crash|p2b: Garchomp\n|-damage|p2b: Garchomp|38/100\n|-damage|p1b: Tauros|43/100|[from] ability: Rough Skin|[of] p2b: Garchomp\n|-damage|p1b: Tauros|22/100|[from] Recoil\n|move|p2b: Garchomp|Rock Slide|p1a: Aerodactyl|[spread] p1a,p1b\n|-supereffective|p1a: Aerodactyl|1\n|-resisted|p1b: Tauros|1\n|-damage|p1a: Aerodactyl|0 fnt\n|-damage|p1b: Tauros|9/100\n|faint|p1a: Aerodactyl\n|cant|p2a: Floette|flinch\n|\n|upkeep\n|\n|t:|1776377941\n|switch|p1a: Floette|Floette-Eternal, L50, F|100/100\n|turn|4\n|c|\u2606alexesmo5|classic flinch\n|inactive|test123vgc456 has 30 seconds left.\n|inactive|test123vgc456 has 20 seconds left.\n|\n|t:|1776377978\n|detailschange|p1a: Floette|Floette-Mega, L50, F\n|-mega|p1a: Floette|Floette|Floettite\n|-ability|p1a: Floette|Fairy Aura\n|move|p2b: Garchomp|Protect|p2b: Garchomp\n|-singleturn|p2b: Garchomp|Protect\n|move|p1a: Floette|Light of Ruin|p2a: Floette\n|-damage|p2a: Floette|4/100\n|-damage|p1a: Floette|56/100|[from] Recoil\n|move|p1b: Tauros|Wave Crash|p2b: Garchomp\n|-activate|p2b: Garchomp|move: Protect\n|move|p2a: Floette|Dazzling Gleam|p1b: Tauros|[spread] p1a,p1b\n|-supereffective|p1b: Tauros|1\n|-damage|p1a: Floette|20/100\n|-damage|p1b: Tauros|0 fnt\n|faint|p1b: Tauros\n|\n|-sideend|p2: alexesmo5|move: Tailwind\n|-sideend|p1: test123vgc456|move: Tailwind\n|upkeep\n|\n|t:|1776378002\n|switch|p1b: Aegislash|Aegislash, L50, F|100/100\n|turn|5\n|inactive|test123vgc456 has 30 seconds left.\n|\n|t:|1776378029\n|move|p1a: Floette|Protect|p1a: Floette\n|-singleturn|p1a: Floette|Protect\n|move|p2a: Floette|Protect|p2a: Floette\n|-singleturn|p2a: Floette|Protect\n|move|p2b: Garchomp|Earthquake|p1b: Aegislash|[spread] p1b\n|-activate|p2a: Floette|move: Protect\n|-activate|p1a: Floette|move: Protect\n|-supereffective|p1b: Aegislash|1\n|-damage|p1b: Aegislash|36/100\n|-formechange|p1b: Aegislash|Aegislash-Blade|\n|move|p1b: Aegislash|Sacred Sword|p2b: Garchomp\n|-damage|p2b: Garchomp|9/100\n|-damage|p1b: Aegislash|24/100|[from] ability: Rough Skin|[of] p2b: Garchomp\n|\n|upkeep\n|turn|6\n|\n|t:|1776378050\n|move|p2b: Garchomp|Protect|p2b: Garchomp\n|-singleturn|p2b: Garchomp|Protect\n|move|p1b: Aegislash|Shadow Sneak|p2b: Garchomp\n|-activate|p2b: Garchomp|move: Protect\n|move|p1a: Floette|Moonblast|p2a: Floette\n|-damage|p2a: Floette|0 fnt\n|faint|p2a: Floette\n|\n|upkeep\n|\n|t:|1776378056\n|switch|p2a: Aegislash|Aegislash, L50, M|100/100\n|turn|7\n|\n|t:|1776378079\n|move|p1a: Floette|Protect|p1a: Floette\n|-singleturn|p1a: Floette|Protect\n|-formechange|p1b: Aegislash|Aegislash|\n|move|p1b: Aegislash|King's Shield|p1b: Aegislash\n|-singleturn|p1b: Aegislash|Protect\n|-formechange|p2a: Aegislash|Aegislash-Blade|\n|move|p2a: Aegislash|Shadow Sneak|p1a: Floette\n|-activate|p1a: Floette|move: Protect\n|move|p2b: Garchomp|Earthquake|p1b: Aegislash|[spread] p2a\n|-activate|p1a: Floette|move: Protect\n|-activate|p1b: Aegislash|move: Protect\n|-supereffective|p2a: Aegislash|1\n|-damage|p2a: Aegislash|0 fnt\n|faint|p2a: Aegislash\n|\n|upkeep\n|turn|8\n|c|\u2606test123vgc456|???\n|inactive|test123vgc456 has 30 seconds left.\n|inactive|alexesmo5 has 30 seconds left.\n|c|\u2606alexesmo5|i gave it for u\n|\n|t:|1776378107\n|-formechange|p1b: Aegislash|Aegislash-Blade|\n|move|p1b: Aegislash|Shadow Sneak|p2b: Garchomp\n|-damage|p2b: Garchomp|0 fnt\n|-damage|p1b: Aegislash|12/100|[from] ability: Rough Skin|[of] p2b: Garchomp\n|faint|p2b: Garchomp\n|\n|win|test123vgc456\n|raw|test123vgc456's rating: 1251 &rarr; <strong>1283</strong><br />(+32 for winning)\n|raw|alexesmo5's rating: 1351 &rarr; <strong>1325</strong><br />(-26 for losing)\n|c|\u2606alexesmo5|u need it\n|l|\u2606alexesmo5\n|player|p2|\n|c|\u2606test123vgc456|Thank you\n|c|\u2606test123vgc456|Love you\n",
  "uploadtime": 1776378151,
  "views": 22,
  "formatid": "gen9championsvgc2026regma",
  "rating": 1283,
  "private": 0,
  "password": null
}