{
  "id": "gen9championsvgc2026regma-2587154410",
  "format": "[Gen 9 Champions] VGC 2026 Reg M-A",
  "players": [
    "Slayer2239",
    "Pokeventurer"
  ],
  "log": "|j|\u2606Slayer2239\n|j|\u2606Pokeventurer\n|t:|1776501405\n|gametype|doubles\n|player|p1|Slayer2239|265|1446\n|player|p2|Pokeventurer|265|1482\n|gen|9\n|tier|[Gen 9 Champions] VGC 2026 Reg M-A\n|rated|\n|rule|Species Clause: Limit one of each Pok\u00e9mon\n|rule|Item Clause: Limit 1 of each item\n|clearpoke\n|poke|p1|Golurk, L50|\n|poke|p1|Torkoal, L50, F|\n|poke|p1|Farigiraf, L50, F|\n|poke|p1|Sneasler, L50, F|\n|poke|p1|Basculegion, L50, M|\n|poke|p1|Milotic, L50, F|\n|poke|p2|Talonflame, L50, M|\n|poke|p2|Kingambit, L50, M|\n|poke|p2|Garchomp, L50, M|\n|poke|p2|Basculegion, L50, M|\n|poke|p2|Floette-Eternal, L50, F|\n|poke|p2|Pelipper, L50, M|\n|teampreview|4\n|inactive|Battle timer is ON: inactive players will automatically lose when time's up. (requested by Slayer2239)\n|inactive|Slayer2239 has 60 seconds left.\n|inactive|Pokeventurer has 60 seconds left.\n|\n|t:|1776501466\n|teamsize|p1|4\n|teamsize|p2|4\n|start\n|switch|p1a: Basculegion|Basculegion, L50, M|100/100\n|switch|p1b: Sneasler|Sneasler, L50, F|100/100\n|switch|p2a: Kingambit|Kingambit, L50, M|100/100\n|switch|p2b: Floette|Floette-Eternal, L50, F|100/100\n|turn|1\n|inactive|Pokeventurer has 30 seconds left.\n|inactive|Slayer2239 has 30 seconds left.\n|inactive|Slayer2239 has 20 seconds left.\n|inactive|Slayer2239 has 15 seconds left.\n|inactive|Slayer2239 has 10 seconds left.\n|inactive|Slayer2239 has 5 seconds left.\n|\n|t:|1776501526\n|move|p2b: Floette|Protect|p2b: Floette\n|-singleturn|p2b: Floette|Protect\n|move|p2a: Kingambit|Protect|p2a: Kingambit\n|-singleturn|p2a: Kingambit|Protect\n|move|p1b: Sneasler|Fake Out|p2a: Kingambit\n|-activate|p2a: Kingambit|move: Protect\n|move|p1a: Basculegion|Wave Crash|p2b: Floette\n|-activate|p2b: Floette|move: Protect\n|\n|upkeep\n|turn|2\n|j| NanshanVGC\n|\n|t:|1776501543\n|detailschange|p2b: Floette|Floette-Mega, L50, F\n|-mega|p2b: Floette|Floette|Floettite\n|-ability|p2b: Floette|Fairy Aura\n|move|p1b: Sneasler|Upper Hand|p2a: Kingambit\n|-supereffective|p2a: Kingambit|2\n|-enditem|p2a: Kingambit|Chople Berry|[eat]\n|-enditem|p2a: Kingambit|Chople Berry|[weaken]\n|-damage|p2a: Kingambit|42/100\n|cant|p2a: Kingambit|flinch\n|move|p1a: Basculegion|Wave Crash|p2a: Kingambit\n|-damage|p2a: Kingambit|0 fnt\n|faint|p2a: Kingambit\n|-damage|p1a: Basculegion|86/100|[from] Recoil\n|move|p2b: Floette|Psychic|p1b: Sneasler\n|-supereffective|p1b: Sneasler|2\n|-damage|p1b: Sneasler|0 fnt\n|faint|p1b: Sneasler\n|\n|upkeep\n|inactive|Slayer2239 has 30 seconds left.\n|\n|t:|1776501570\n|switch|p1b: Farigiraf|Farigiraf, L50, F|100/100\n|switch|p2a: Basculegion|Basculegion, L50, M|100/100\n|turn|3\n|inactive|Slayer2239 has 30 seconds left.\n|\n|t:|1776501600\n|switch|p1a: Milotic|Milotic, L50, F|100/100\n|move|p2a: Basculegion|Last Respects|p1a: Milotic\n|-damage|p1a: Milotic|32/100\n|-enditem|p1a: Milotic|Sitrus Berry|[eat]\n|-heal|p1a: Milotic|57/100|[from] item: Sitrus Berry\n|move|p2b: Floette|Moonblast|p1b: Farigiraf\n|-damage|p1b: Farigiraf|25/100\n|move|p1b: Farigiraf|Psychic|p2b: Floette\n|-damage|p2b: Floette|67/100\n|\n|upkeep\n|turn|4\n|\n|t:|1776501623\n|move|p1a: Milotic|Protect|p1a: Milotic\n|-singleturn|p1a: Milotic|Protect\n|move|p2a: Basculegion|Last Respects|p1a: Milotic\n|-activate|p1a: Milotic|move: Protect\n|move|p2b: Floette|Dazzling Gleam|p1b: Farigiraf|[spread] p1b\n|-activate|p1a: Milotic|move: Protect\n|-damage|p1b: Farigiraf|0 fnt\n|faint|p1b: Farigiraf\n|\n|upkeep\n|\n|t:|1776501628\n|switch|p1b: Basculegion|Basculegion, L50, M|86/100\n|turn|5\n|\n|t:|1776501635\n|move|p1b: Basculegion|Last Respects|p2a: Basculegion\n|-supereffective|p2a: Basculegion|1\n|-damage|p2a: Basculegion|0 fnt\n|faint|p2a: Basculegion\n|move|p2b: Floette|Moonblast|p1b: Basculegion\n|-damage|p1b: Basculegion|4/100\n|-unboost|p1b: Basculegion|spa|1\n|move|p1a: Milotic|Scald|p2b: Floette\n|-damage|p2b: Floette|37/100\n|\n|upkeep\n|\n|t:|1776501638\n|switch|p2a: Pelipper|Pelipper, L50, M|100/100\n|-weather|RainDance|[from] ability: Drizzle|[of] p2a: Pelipper\n|turn|6\n|\n|t:|1776501661\n|move|p2b: Floette|Protect|p2b: Floette\n|-singleturn|p2b: Floette|Protect\n|move|p1b: Basculegion|Last Respects|p2a: Pelipper\n|-enditem|p2a: Pelipper|Focus Sash\n|-damage|p2a: Pelipper|1/100\n|move|p2a: Pelipper|Weather Ball|p1b: Basculegion\n|-resisted|p1b: Basculegion|1\n|-damage|p1b: Basculegion|0 fnt\n|faint|p1b: Basculegion\n|move|p1a: Milotic|Scald|p2a: Pelipper\n|-resisted|p2a: Pelipper|1\n|-damage|p2a: Pelipper|0 fnt\n|faint|p2a: Pelipper\n|\n|-weather|RainDance|[upkeep]\n|upkeep\n|turn|7\n|\n|t:|1776501674\n|move|p2b: Floette|Moonblast|p1a: Milotic\n|-damage|p1a: Milotic|4/100\n|move|p1a: Milotic|Scald|p2b: Floette\n|-damage|p2b: Floette|0 fnt\n|faint|p2b: Floette\n|\n|win|Slayer2239\n|raw|Slayer2239's rating: 1446 &rarr; <strong>1468</strong><br />(+22 for winning)\n|raw|Pokeventurer's rating: 1482 &rarr; <strong>1460</strong><br />(-22 for losing)\n",
  "uploadtime": 1776501677,
  "views": 40,
  "formatid": "gen9championsvgc2026regma",
  "rating": 1460,
  "private": 0,
  "password": null
}