{
  "id": "gen9championsvgc2026regma-2584792909",
  "format": "[Gen 9 Champions] VGC 2026 Reg M-A",
  "players": [
    "AsinineShark",
    "SakiVGC"
  ],
  "log": "|j|\u2606AsinineShark\n|j|\u2606SakiVGC\n|t:|1776284040\n|gametype|doubles\n|player|p1|AsinineShark|2|\n|player|p2|SakiVGC|bellelba|\n|gen|9\n|tier|[Gen 9 Champions] VGC 2026 Reg M-A\n|rule|Species Clause: Limit one of each Pok\u00e9mon\n|rule|Item Clause: Limit 1 of each item\n|clearpoke\n|poke|p1|Raichu, L50, F|\n|poke|p1|Araquanid, L50, M|\n|poke|p1|Sneasler, L50, F|\n|poke|p1|Sinistcha, L50|\n|poke|p1|Dragonite, L50, M|\n|poke|p1|Pelipper, L50, F|\n|poke|p2|Sneasler, L50, F|\n|poke|p2|Floette-Eternal, L50, F|\n|poke|p2|Kingambit, L50, F|\n|poke|p2|Aerodactyl, L50, F|\n|poke|p2|Sinistcha, L50|\n|poke|p2|Incineroar, L50, F|\n|teampreview|4\n|inactive|Battle timer is ON: inactive players will automatically lose when time's up. (requested by SakiVGC)\n|c|\u2606SakiVGC|ots?\n|c|\u2606AsinineShark|Idk how to read team sheets here\n|c|\u2606AsinineShark|Turn that off mister\n|inactive|AsinineShark has 60 seconds left.\n|inactive|SakiVGC has 60 seconds left.\n|c|\u2606SakiVGC|glhf\n|\n|t:|1776284089\n|teamsize|p1|4\n|teamsize|p2|4\n|start\n|switch|p1a: Mrs Carry|Raichu, L50, F, shiny|100/100\n|switch|p1b: Start thee Engine|Pelipper, L50, F|100/100\n|switch|p2a: Roxas|Aerodactyl, L50, F|100/100\n|switch|p2b: Ari<3|Floette-Eternal, L50, F|100/100\n|-weather|RainDance|[from] ability: Drizzle|[of] p1b: Start thee Engine\n|turn|1\n|c|\u2606SakiVGC|We can analyze the replays later\n|inactive|AsinineShark has 30 seconds left.\n|\n|t:|1776284117\n|detailschange|p2b: Ari<3|Floette-Mega, L50, F\n|-mega|p2b: Ari<3|Floette|Floettite\n|-ability|p2b: Ari<3|Fairy Aura\n|move|p1a: Mrs Carry|Fake Out|p2a: Roxas\n|-resisted|p2a: Roxas|1\n|-damage|p2a: Roxas|94/100\n|cant|p2a: Roxas|flinch\n|move|p2b: Ari<3|Calm Mind|p2b: Ari<3\n|-boost|p2b: Ari<3|spa|1\n|-boost|p2b: Ari<3|spd|1\n|move|p1b: Start thee Engine|Weather Ball|p2a: Roxas\n|-supereffective|p2a: Roxas|1\n|-damage|p2a: Roxas|0 fnt\n|faint|p2a: Roxas\n|\n|-weather|RainDance|[upkeep]\n|upkeep\n|\n|t:|1776284123\n|switch|p2a: Kablow|Incineroar, L50, F|100/100\n|-ability|p2a: Kablow|Intimidate|boost\n|-unboost|p1a: Mrs Carry|atk|1\n|-unboost|p1b: Start thee Engine|atk|1\n|turn|2\n|inactive|AsinineShark has 30 seconds left.\n|\n|t:|1776284157\n|move|p2a: Kablow|Fake Out|p1b: Start thee Engine\n|-damage|p1b: Start thee Engine|90/100\n|move|p1a: Mrs Carry|Volt Switch|p2b: Ari<3\n|-damage|p2b: Ari<3|90/100\n|\n|t:|1776284167\n|switch|p1a: Saki\u2019s Spouse|Sinistcha, L50, shiny|100/100|[from] Volt Switch\n|-heal|p1b: Start thee Engine|100/100|[from] ability: Hospitality|[of] p1a: Saki\u2019s Spouse\n|move|p2b: Ari<3|Draining Kiss|p1b: Start thee Engine\n|-damage|p1b: Start thee Engine|21/100\n|-heal|p2b: Ari<3|100/100|[from] drain|[of] p1b: Start thee Engine\n|cant|p1b: Start thee Engine|flinch\n|\n|-weather|RainDance|[upkeep]\n|upkeep\n|turn|3\n|\n|t:|1776284192\n|move|p2b: Ari<3|Dazzling Gleam|p1b: Start thee Engine|[spread] p1a,p1b\n|-damage|p1a: Saki\u2019s Spouse|35/100\n|-damage|p1b: Start thee Engine|0 fnt\n|-enditem|p1a: Saki\u2019s Spouse|Sitrus Berry|[eat]\n|-heal|p1a: Saki\u2019s Spouse|60/100|[from] item: Sitrus Berry\n|faint|p1b: Start thee Engine\n|move|p2a: Kablow|Parting Shot|p1a: Saki\u2019s Spouse\n|-unboost|p1a: Saki\u2019s Spouse|atk|1\n|-unboost|p1a: Saki\u2019s Spouse|spa|1\n|\n|t:|1776284197\n|switch|p2a: Matcha|Sinistcha, L50|100/100|[from] Parting Shot\n|move|p1a: Saki\u2019s Spouse|Trick Room|p1a: Saki\u2019s Spouse\n|-fieldstart|move: Trick Room|[of] p1a: Saki\u2019s Spouse\n|\n|-weather|RainDance|[upkeep]\n|upkeep\n|\n|t:|1776284210\n|switch|p1b: Saki II|Araquanid, L50, M|100/100\n|turn|4\n|\n|t:|1776284231\n|move|p2a: Matcha|Rage Powder|p2a: Matcha\n|-singleturn|p2a: Matcha|move: Rage Powder\n|move|p1b: Saki II|Liquidation|p2a: Matcha\n|-resisted|p2a: Matcha|1\n|-damage|p2a: Matcha|62/100\n|move|p1a: Saki\u2019s Spouse|Matcha Gotcha|p2a: Matcha|[spread] p2a,p2b\n|-resisted|p2a: Matcha|1\n|-damage|p2a: Matcha|55/100\n|-heal|p1a: Saki\u2019s Spouse|64/100|[from] drain|[of] p2a: Matcha\n|-damage|p2b: Ari<3|92/100\n|-heal|p1a: Saki\u2019s Spouse|68/100|[from] drain|[of] p2b: Ari<3\n|move|p2b: Ari<3|Calm Mind|p2b: Ari<3\n|-boost|p2b: Ari<3|spa|1\n|-boost|p2b: Ari<3|spd|1\n|\n|-weather|RainDance|[upkeep]\n|upkeep\n|turn|5\n|inactive|AsinineShark has 30 seconds left.\n|\n|t:|1776284264\n|switch|p2a: Kablow|Incineroar, L50, F|100/100\n|-ability|p2a: Kablow|Intimidate|boost\n|-unboost|p1a: Saki\u2019s Spouse|atk|1\n|-unboost|p1b: Saki II|atk|1\n|switch|p1a: Mrs Carry|Raichu, L50, F, shiny|100/100\n|move|p1b: Saki II|Protect|p1b: Saki II\n|-singleturn|p1b: Saki II|Protect\n|move|p2b: Ari<3|Protect||[still]\n|-fail|p2b: Ari<3\n|\n|-weather|none\n|upkeep\n|turn|6\n|\n|t:|1776284284\n|move|p2a: Kablow|Fake Out|p1b: Saki II\n|-damage|p1b: Saki II|88/100\n|move|p1a: Mrs Carry|Fake Out|p2a: Kablow\n|-damage|p2a: Kablow|94/100\n|cant|p1b: Saki II|flinch\n|move|p2b: Ari<3|Dazzling Gleam|p1a: Mrs Carry|[spread] p1a,p1b\n|-enditem|p1a: Mrs Carry|Focus Sash\n|-damage|p1a: Mrs Carry|1/100\n|-damage|p1b: Saki II|9/100\n|\n|upkeep\n|turn|7\n|c|\u2606AsinineShark|Trick room sold me\n|c|\u2606SakiVGC|yeah\n|c|\u2606SakiVGC|My incin is min speed\n|inactive|AsinineShark has 30 seconds left.\n|\n|t:|1776284311\n|move|p1b: Saki II|Protect|p1b: Saki II\n|-singleturn|p1b: Saki II|Protect\n|move|p1a: Mrs Carry|Protect|p1a: Mrs Carry\n|-singleturn|p1a: Mrs Carry|Protect\n|move|p2a: Kablow|Flare Blitz|p1a: Mrs Carry\n|-activate|p1a: Mrs Carry|move: Protect\n|move|p2b: Ari<3|Draining Kiss|p1b: Saki II\n|-activate|p1b: Saki II|move: Protect\n|\n|-fieldend|move: Trick Room\n|upkeep\n|turn|8\n|inactive|AsinineShark has 30 seconds left.\n|\n|t:|1776284345\n|move|p1a: Mrs Carry|Endeavor|p2b: Ari<3\n|-damage|p2b: Ari<3|1/100\n|move|p2b: Ari<3|Draining Kiss|p1b: Saki II\n|-damage|p1b: Saki II|0 fnt\n|-heal|p2b: Ari<3|7/100|[from] drain|[of] p1b: Saki II\n|faint|p1b: Saki II\n|move|p2a: Kablow|Darkest Lariat|p1a: Mrs Carry\n|-damage|p1a: Mrs Carry|0 fnt\n|faint|p1a: Mrs Carry\n|\n|upkeep\n|c|\u2606AsinineShark|Game\n|\n|t:|1776284364\n|switch|p1b: Saki\u2019s Spouse|Sinistcha, L50, shiny|68/100\n|turn|9\n|c|\u2606SakiVGC|GG\n|\n|t:|1776284378\n|move|p2b: Ari<3|Draining Kiss|p1b: Saki\u2019s Spouse\n|-damage|p1b: Saki\u2019s Spouse|0 fnt\n|-heal|p2b: Ari<3|55/100|[from] drain|[of] p1b: Saki\u2019s Spouse\n|faint|p1b: Saki\u2019s Spouse\n|\n|win|SakiVGC\n|c|\u2606SakiVGC|wp tho\n|c|\u2606AsinineShark|Why no bo3?\n|c|\u2606SakiVGC|quick reminder, bring something that can hurt floette\n|c|\u2606SakiVGC|you messed up the chall but its fine\n|c|\u2606SakiVGC|ima send rn\n|c|\u2606AsinineShark|Bug can hurt floette\n|c|\u2606AsinineShark|Big bug kill\n|c|\u2606SakiVGC|Bug can't hurt floette if sinistcha is alive\n|c|\u2606SakiVGC|rage powder goes brrr\n|c|\u2606AsinineShark|Lemme change smth rq\n|c|\u2606SakiVGC|take ur time\n",
  "uploadtime": 1776284452,
  "views": 20,
  "formatid": "gen9championsvgc2026regma",
  "rating": null,
  "private": 0,
  "password": null
}