{
  "id": "gen9championsvgc2026regma-2587771090",
  "format": "[Gen 9 Champions] VGC 2026 Reg M-A",
  "players": [
    "clowngeta",
    "Slouchsquatch"
  ],
  "log": "|j|\u2606clowngeta\n|j|\u2606Slouchsquatch\n|t:|1776562328\n|gametype|doubles\n|player|p1|clowngeta|2|1043\n|player|p2|Slouchsquatch|169|1000\n|gen|9\n|tier|[Gen 9 Champions] VGC 2026 Reg M-A\n|rated|\n|rule|Species Clause: Limit one of each Pok\u00e9mon\n|rule|Item Clause: Limit 1 of each item\n|clearpoke\n|poke|p1|Sinistcha, L50|\n|poke|p1|Palafin, L50, M|\n|poke|p1|Incineroar, L50, M|\n|poke|p1|Floette-Eternal, L50, F|\n|poke|p1|Garchomp, L50, F|\n|poke|p1|Orthworm, L50, M|\n|poke|p2|Chandelure, L50, F|\n|poke|p2|Alakazam, L50, F|\n|poke|p2|Torkoal, L50, F|\n|poke|p2|Conkeldurr, L50, M|\n|poke|p2|Sinistcha, L50|\n|poke|p2|Victreebel, L50, F|\n|teampreview|4\n|inactive|Battle timer is ON: inactive players will automatically lose when time's up. (requested by clowngeta)\nSlouchsquatch rejected open team sheets.\n|\n|t:|1776562357\n|teamsize|p1|4\n|teamsize|p2|4\n|start\n|switch|p1a: Incineroar|Incineroar, L50, M|100/100\n|switch|p1b: Orthworm|Orthworm, L50, M|100/100\n|switch|p2a: Alakazam|Alakazam, L50, F|100/100\n|switch|p2b: Chandelure|Chandelure, L50, F|100/100\n|-ability|p1a: Incineroar|Intimidate|boost\n|-fail|p2a: Alakazam|unboost|Attack|[from] ability: Inner Focus|[of] p2a: Alakazam\n|-unboost|p2b: Chandelure|atk|1\n|turn|1\n|inactive|Slouchsquatch has 30 seconds left.\n|\n|t:|1776562387\n|detailschange|p2b: Chandelure|Chandelure-Mega, L50, F\n|-mega|p2b: Chandelure|Chandelure|Chandelurite\n|move|p1b: Orthworm|Protect|p1b: Orthworm\n|-singleturn|p1b: Orthworm|Protect\n|move|p2a: Alakazam|Speed Swap|p2b: Chandelure\n|-activate|p2a: Alakazam|move: Speed Swap|[of] p2b: Chandelure\n|move|p2b: Chandelure|Heat Wave|p1a: Incineroar|[spread] \n|-activate|p1b: Orthworm|move: Protect\n|-miss|p2b: Chandelure|p1a: Incineroar\n|move|p1a: Incineroar|Flare Blitz|p2a: Alakazam\n|-damage|p2a: Alakazam|4/100\n|-damage|p1a: Incineroar|75/100|[from] Recoil\n|\n|upkeep\n|turn|2\n|inactive|Slouchsquatch has 30 seconds left.\n|\n|t:|1776562419\n|switch|p1b: Sinistcha|Sinistcha, L50|100/100\n|-heal|p1a: Incineroar|99/100|[from] ability: Hospitality|[of] p1b: Sinistcha\n|move|p2b: Chandelure|Heat Wave|p1a: Incineroar|[spread] p1a,p1b\n|-resisted|p1a: Incineroar|1\n|-supereffective|p1b: Sinistcha|1\n|-damage|p1a: Incineroar|84/100\n|-damage|p1b: Sinistcha|0 fnt\n|faint|p1b: Sinistcha\n|move|p2a: Alakazam|Reflect|p2a: Alakazam\n|-sidestart|p2: Slouchsquatch|Reflect\n|move|p1a: Incineroar|Parting Shot|p2b: Chandelure\n|-unboost|p2b: Chandelure|atk|1\n|-unboost|p2b: Chandelure|spa|1\n|\n|t:|1776562433\n|switch|p1a: Orthworm|Orthworm, L50, M|100/100|[from] Parting Shot\n|\n|upkeep\n|\n|t:|1776562434\n|switch|p1b: Incineroar|Incineroar, L50, M|84/100\n|-ability|p1b: Incineroar|Intimidate|boost\n|-fail|p2a: Alakazam|unboost|Attack|[from] ability: Inner Focus|[of] p2a: Alakazam\n|-unboost|p2b: Chandelure|atk|1\n|turn|3\n|inactive|clowngeta has 30 seconds left.\n|\n|t:|1776562461\n|switch|p2b: Victreebel|Victreebel, L50, F|100/100\n|switch|p2a: Torkoal|Torkoal, L50, F|100/100\n|-weather|SunnyDay|[from] ability: Drought|[of] p2a: Torkoal\n|move|p1a: Orthworm|Protect|p1a: Orthworm\n|-singleturn|p1a: Orthworm|Protect\n|move|p1b: Incineroar|Parting Shot|p2b: Victreebel\n|-unboost|p2b: Victreebel|atk|1\n|-unboost|p2b: Victreebel|spa|1\n|\n|t:|1776562467\n|switch|p1b: Floette|Floette-Eternal, L50, F|100/100|[from] Parting Shot\n|\n|-weather|SunnyDay|[upkeep]\n|upkeep\n|turn|4\n|\n|t:|1776562483\n|switch|p1a: Incineroar|Incineroar, L50, M|84/100\n|-ability|p1a: Incineroar|Intimidate|boost\n|-unboost|p2a: Torkoal|atk|1\n|-unboost|p2b: Victreebel|atk|1\n|-enditem|p2a: Torkoal|White Herb\n|-clearnegativeboost|p2a: Torkoal|[silent]\n|move|p1b: Floette|Protect|p1b: Floette\n|-singleturn|p1b: Floette|Protect\n|move|p2b: Victreebel|Poison Jab|p1b: Floette\n|-activate|p1b: Floette|move: Protect\n|move|p2a: Torkoal|Flare Blitz|p1b: Floette\n|-activate|p1b: Floette|move: Protect\n|\n|-weather|SunnyDay|[upkeep]\n|upkeep\n|turn|5\n|\n|t:|1776562505\n|switch|p1b: Orthworm|Orthworm, L50, M|100/100\n|move|p1a: Incineroar|Fake Out|p2a: Torkoal\n|-damage|p2a: Torkoal|95/100\n|move|p2b: Victreebel|Encore||[still]\n|-fail|p2b: Victreebel\n|cant|p2a: Torkoal|flinch\n|\n|-weather|SunnyDay|[upkeep]\n|upkeep\n|turn|6\n|inactive|clowngeta has 30 seconds left.\n|c|\u2606Slouchsquatch|The incineroar spam is lowkey lame\n|\n|t:|1776562533\n|switch|p2b: Chandelure|Chandelure-Mega, L50, F|100/100\n|move|p1b: Orthworm|Shed Tail|p1b: Orthworm\n|-start|p1b: Orthworm|Substitute|[from] move: Shed Tail\n|-damage|p1b: Orthworm|50/100\n|\n|t:|1776562538\n|switch|p1b: Floette|Floette-Eternal, L50, F|100/100|[from] Shed Tail\n|move|p1a: Incineroar|Parting Shot|p2a: Torkoal\n|-unboost|p2a: Torkoal|atk|1\n|-unboost|p2a: Torkoal|spa|1\n|\n|t:|1776562543\n|switch|p1a: Orthworm|Orthworm, L50, M|50/100|[from] Parting Shot\n|move|p2a: Torkoal|Shell Smash|p2a: Torkoal\n|-unboost|p2a: Torkoal|def|1\n|-unboost|p2a: Torkoal|spd|1\n|-boost|p2a: Torkoal|atk|2\n|-boost|p2a: Torkoal|spa|2\n|-boost|p2a: Torkoal|spe|2\n|\n|-weather|SunnyDay|[upkeep]\n|-sideend|p2: Slouchsquatch|Reflect\n|upkeep\n|turn|7\n|\n|t:|1776562565\n|switch|p1a: Incineroar|Incineroar, L50, M|84/100\n|-ability|p1a: Incineroar|Intimidate|boost\n|-unboost|p2a: Torkoal|atk|1\n|-unboost|p2b: Chandelure|atk|1\n|detailschange|p1b: Floette|Floette-Mega, L50, F\n|-mega|p1b: Floette|Floette|Floettite\n|-ability|p1b: Floette|Fairy Aura\n|move|p1b: Floette|Light of Ruin|p2b: Chandelure\n|-resisted|p2b: Chandelure|1\n|-damage|p2b: Chandelure|50/100\n|-damage|p1b: Floette|72/100|[from] Recoil\n|move|p2b: Chandelure|Heat Wave|p1a: Incineroar|[spread] p1a,p1b\n|-resisted|p1a: Incineroar|1\n|-damage|p1a: Incineroar|60/100\n|-damage|p1b: Floette|11/100\n|move|p2a: Torkoal|Rock Slide|p1b: Floette|[spread] p1a,p1b\n|-activate|p1b: Floette|move: Substitute|[damage]\n|-supereffective|p1a: Incineroar|1\n|-damage|p1a: Incineroar|28/100\n|-enditem|p1a: Incineroar|Sitrus Berry|[eat]\n|-heal|p1a: Incineroar|53/100|[from] item: Sitrus Berry\n|\n|-weather|none\n|upkeep\n|turn|8\n|inactive|clowngeta has 30 seconds left.\n|inactive|Slouchsquatch has 30 seconds left.\n|inactive|clowngeta has 20 seconds left.\n|inactive|Slouchsquatch has 20 seconds left.\n|inactive|clowngeta has 15 seconds left.\n|inactive|clowngeta has 10 seconds left.\n|inactive|clowngeta has 5 seconds left.\n|\n|t:|1776562617\n|switch|p2b: Victreebel|Victreebel, L50, F|100/100\n|switch|p2a: Alakazam|Alakazam, L50, F|4/100\n|move|p1a: Incineroar|Fake Out|p2a: Alakazam\n|-damage|p2a: Alakazam|0 fnt\n|faint|p2a: Alakazam\n|move|p1b: Floette|Draining Kiss|p2b: Victreebel\n|-resisted|p2b: Victreebel|1\n|-crit|p2b: Victreebel\n|-damage|p2b: Victreebel|57/100\n|-heal|p1b: Floette|45/100|[from] drain|[of] p2b: Victreebel\n|\n|upkeep\n|\n|t:|1776562632\n|switch|p2a: Torkoal|Torkoal, L50, F|95/100\n|-weather|SunnyDay|[from] ability: Drought|[of] p2a: Torkoal\n|turn|9\n|\n|t:|1776562644\n|move|p2b: Victreebel|Protect|p2b: Victreebel\n|-singleturn|p2b: Victreebel|Protect\n|move|p1b: Floette|Draining Kiss|p2a: Torkoal\n|-resisted|p2a: Torkoal|1\n|-damage|p2a: Torkoal|66/100\n|-heal|p1b: Floette|71/100|[from] drain|[of] p2a: Torkoal\n|move|p1a: Incineroar|Flare Blitz|p2b: Victreebel\n|-activate|p2b: Victreebel|move: Protect\n|move|p2a: Torkoal|Flare Blitz|p1b: Floette\n|-end|p1b: Floette|Substitute\n|-damage|p2a: Torkoal|64/100|[from] Recoil|[of] p1b: Floette\n|\n|-weather|SunnyDay|[upkeep]\n|upkeep\n|turn|10\n|inactive|clowngeta has 30 seconds left.\n|inactive|Slouchsquatch has 30 seconds left.\n|\n|t:|1776562676\n|move|p1b: Floette|Protect|p1b: Floette\n|-singleturn|p1b: Floette|Protect\n|move|p2b: Victreebel|Poison Jab|p1b: Floette\n|-activate|p1b: Floette|move: Protect\n|move|p1a: Incineroar|Flare Blitz|p2b: Victreebel\n|-supereffective|p2b: Victreebel|1\n|-damage|p2b: Victreebel|0 fnt\n|faint|p2b: Victreebel\n|-damage|p1a: Incineroar|39/100|[from] Recoil\n|move|p2a: Torkoal|Flare Blitz|p1b: Floette\n|-activate|p1b: Floette|move: Protect\n|\n|-weather|SunnyDay|[upkeep]\n|upkeep\n|\n|t:|1776562680\n|switch|p2b: Chandelure|Chandelure-Mega, L50, F|50/100\n|turn|11\n|\n|t:|1776562698\n|switch|p1b: Orthworm|Orthworm, L50, M|50/100\n|move|p2b: Chandelure|Heat Wave|p1b: Orthworm|[spread] p1a,p1b\n|-resisted|p1a: Incineroar|1\n|-supereffective|p1b: Orthworm|1\n|-damage|p1a: Incineroar|12/100\n|-damage|p1b: Orthworm|0 fnt\n|faint|p1b: Orthworm\n|move|p1a: Incineroar|Flare Blitz|p2b: Chandelure\n|-resisted|p2b: Chandelure|1\n|-damage|p2b: Chandelure|14/100\n|-damage|p1a: Incineroar|2/100|[from] Recoil\n|move|p2a: Torkoal|Flare Blitz|p1a: Incineroar\n|-resisted|p1a: Incineroar|1\n|-damage|p1a: Incineroar|0 fnt\n|faint|p1a: Incineroar\n|-damage|p2a: Torkoal|64/100|[from] Recoil\n|\n|-weather|SunnyDay|[upkeep]\n|upkeep\n|\n|t:|1776562708\n|switch|p1b: Floette|Floette-Mega, L50, F|71/100\n|-ability|p1b: Floette|Fairy Aura\n|turn|12\n|c|\u2606Slouchsquatch|You\u2019re kinda dumb\n|\n|t:|1776562726\n|move|p1b: Floette|Draining Kiss|p2b: Chandelure\n|-resisted|p2b: Chandelure|1\n|-damage|p2b: Chandelure|0 fnt\n|-heal|p1b: Floette|82/100|[from] drain|[of] p2b: Chandelure\n|faint|p2b: Chandelure\n|move|p2a: Torkoal|Flare Blitz|p1b: Floette\n|-damage|p1b: Floette|0 fnt\n|faint|p1b: Floette\n|-damage|p2a: Torkoal|41/100|[from] Recoil\n|\n|win|Slouchsquatch\n|raw|clowngeta's rating: 1043 &rarr; <strong>1025</strong><br />(-18 for losing)\n|raw|Slouchsquatch's rating: 1000 &rarr; <strong>1045</strong><br />(+45 for winning)\n",
  "uploadtime": 1776562738,
  "views": 14,
  "formatid": "gen9championsvgc2026regma",
  "rating": 1025,
  "private": 0,
  "password": null
}