{
  "id": "gen9championsvgc2026regma-2588373474",
  "format": "[Gen 9 Champions] VGC 2026 Reg M-A",
  "players": [
    "TR34SUR3",
    "pythongoat"
  ],
  "log": "|j|\u2606TR34SUR3\n|j|\u2606pythongoat\n|t:|1776628133\n|gametype|doubles\n|player|p1|TR34SUR3|102|1045\n|player|p2|pythongoat|266|1112\n|gen|9\n|tier|[Gen 9 Champions] VGC 2026 Reg M-A\n|rated|\n|rule|Species Clause: Limit one of each Pok\u00e9mon\n|rule|Item Clause: Limit 1 of each item\n|clearpoke\n|poke|p1|Tyranitar, L50, M|\n|poke|p1|Meganium, L50, M|\n|poke|p1|Basculegion, L50, M|\n|poke|p1|Garchomp, L50, F|\n|poke|p1|Sneasler, L50, M|\n|poke|p1|Aerodactyl, L50, M|\n|poke|p2|Aerodactyl, L50, F|\n|poke|p2|Incineroar, L50, F|\n|poke|p2|Floette-Eternal, L50, F|\n|poke|p2|Basculegion, L50, M|\n|poke|p2|Garchomp, L50, F|\n|poke|p2|Sneasler, L50, F|\n|teampreview|4\nTR34SUR3 rejected open team sheets.\n|\n|t:|1776628186\n|teamsize|p1|4\n|teamsize|p2|4\n|start\n|switch|p1a: Tyranitar|Tyranitar, L50, M|100/100\n|switch|p1b: Aerodactyl|Aerodactyl, L50, M|100/100\n|switch|p2a: Incineroar|Incineroar, L50, F|100/100\n|switch|p2b: Aerodactyl|Aerodactyl, L50, F|100/100\n|-ability|p2b: Aerodactyl|Unnerve\n|-ability|p1b: Aerodactyl|Unnerve\n|-weather|Sandstorm|[from] ability: Sand Stream|[of] p1a: Tyranitar\n|-ability|p2a: Incineroar|Intimidate|boost\n|-unboost|p1a: Tyranitar|atk|1\n|-unboost|p1b: Aerodactyl|atk|1\n|turn|1\n|\n|t:|1776628213\n|detailschange|p1a: Tyranitar|Tyranitar-Mega, L50, M\n|-mega|p1a: Tyranitar|Tyranitar|Tyranitarite\n|move|p1b: Aerodactyl|Protect|p1b: Aerodactyl\n|-singleturn|p1b: Aerodactyl|Protect\n|move|p2a: Incineroar|Fake Out|p1b: Aerodactyl\n|-activate|p1b: Aerodactyl|move: Protect\n|move|p2b: Aerodactyl|Tailwind|p2b: Aerodactyl\n|-sidestart|p2: pythongoat|move: Tailwind\n|move|p1a: Tyranitar|Rock Slide|p2a: Incineroar|[spread] p2a,p2b\n|-supereffective|p2a: Incineroar|1\n|-supereffective|p2b: Aerodactyl|1\n|-damage|p2a: Incineroar|58/100\n|-damage|p2b: Aerodactyl|27/100\n|\n|-weather|Sandstorm|[upkeep]\n|-damage|p2a: Incineroar|52/100|[from] Sandstorm\n|upkeep\n|turn|2\n|\n|t:|1776628247\n|move|p2b: Aerodactyl|Rock Slide|p1b: Aerodactyl|[spread] p1a,p1b\n|-supereffective|p1b: Aerodactyl|1\n|-damage|p1a: Tyranitar|82/100\n|-damage|p1b: Aerodactyl|24/100\n|cant|p1b: Aerodactyl|flinch\n|move|p2a: Incineroar|Parting Shot|p1a: Tyranitar\n|-unboost|p1a: Tyranitar|atk|1\n|-unboost|p1a: Tyranitar|spa|1\n|\n|t:|1776628257\n|switch|p2a: Floette|Floette-Eternal, L50, F|100/100|[from] Parting Shot\n|move|p1a: Tyranitar|Rock Slide|p2b: Aerodactyl|[spread] p2a,p2b\n|-supereffective|p2b: Aerodactyl|1\n|-damage|p2a: Floette|72/100\n|-damage|p2b: Aerodactyl|0 fnt\n|faint|p2b: Aerodactyl\n|\n|-weather|Sandstorm|[upkeep]\n|-damage|p2a: Floette|66/100|[from] Sandstorm\n|upkeep\n|\n|t:|1776628267\n|switch|p2b: Incineroar|Incineroar, L50, F|52/100\n|-ability|p2b: Incineroar|Intimidate|boost\n|-unboost|p1a: Tyranitar|atk|1\n|-unboost|p1b: Aerodactyl|atk|1\n|turn|3\n|\n|t:|1776628280\n|switch|p1a: Basculegion|Basculegion, L50, M|100/100\n|detailschange|p2a: Floette|Floette-Mega, L50, F\n|-mega|p2a: Floette|Floette|Floettite\n|-ability|p2a: Floette|Fairy Aura\n|move|p1b: Aerodactyl|Protect|p1b: Aerodactyl\n|-singleturn|p1b: Aerodactyl|Protect\n|move|p2b: Incineroar|Fake Out|p1b: Aerodactyl\n|-activate|p1b: Aerodactyl|move: Protect\n|move|p2a: Floette|Dazzling Gleam|p1a: Basculegion|[spread] p1a\n|-activate|p1b: Aerodactyl|move: Protect\n|-damage|p1a: Basculegion|38/100\n|\n|-weather|Sandstorm|[upkeep]\n|-damage|p2a: Floette|60/100|[from] Sandstorm\n|-damage|p1a: Basculegion|32/100|[from] Sandstorm\n|-damage|p2b: Incineroar|46/100|[from] Sandstorm\n|upkeep\n|turn|4\n|\n|t:|1776628317\n|move|p2a: Floette|Dazzling Gleam|p1a: Basculegion|[spread] p1a,p1b\n|-damage|p1a: Basculegion|0 fnt\n|-damage|p1b: Aerodactyl|0 fnt\n|-enditem|p2b: Incineroar|Sitrus Berry|[eat]\n|-heal|p2b: Incineroar|71/100|[from] item: Sitrus Berry\n|faint|p1a: Basculegion\n|faint|p1b: Aerodactyl\n|move|p2b: Incineroar|Parting Shot|p1: Basculegion|[notarget]\n|-fail|p2b: Incineroar\n|\n|-weather|Sandstorm|[upkeep]\n|-damage|p2a: Floette|54/100|[from] Sandstorm\n|-damage|p2b: Incineroar|65/100|[from] Sandstorm\n|-sideend|p2: pythongoat|move: Tailwind\n|upkeep\n|\n|t:|1776628322\n|switch|p1b: Tyranitar|Tyranitar-Mega, L50, M|82/100\n|switch|p1a: Sneasler|Sneasler, L50, M|100/100\n|turn|5\n|\n|t:|1776628349\n|switch|p2b: Basculegion|Basculegion, L50, M|100/100\n|move|p2a: Floette|Protect|p2a: Floette\n|-singleturn|p2a: Floette|Protect\n|move|p1a: Sneasler|Fake Out|p2a: Floette\n|-activate|p2a: Floette|move: Protect\n|move|p1b: Tyranitar|Rock Slide|p2a: Floette|[spread] p2b\n|-activate|p2a: Floette|move: Protect\n|-damage|p2b: Basculegion|62/100\n|\n|-weather|none\n|upkeep\n|turn|6\n|\n|t:|1776628367\n|switch|p2a: Incineroar|Incineroar, L50, F|65/100\n|-ability|p2a: Incineroar|Intimidate|boost\n|-unboost|p1a: Sneasler|atk|1\n|-unboost|p1b: Tyranitar|atk|1\n|-enditem|p1a: Sneasler|White Herb\n|-clearnegativeboost|p1a: Sneasler|[silent]\n|move|p1a: Sneasler|Dire Claw|p2a: Incineroar\n|-damage|p2a: Incineroar|18/100\n|-status|p2a: Incineroar|slp\n|move|p2b: Basculegion|Flip Turn|p1b: Tyranitar\n|-supereffective|p1b: Tyranitar|1\n|-damage|p1b: Tyranitar|33/100\n|\n|t:|1776628380\n|switch|p2b: Floette|Floette-Mega, L50, F|54/100|[from] Flip Turn\n|-ability|p2b: Floette|Fairy Aura\n|move|p1b: Tyranitar|Knock Off|p2b: Floette\n|-resisted|p2b: Floette|1\n|-damage|p2b: Floette|37/100\n|\n|upkeep\n|turn|7\n|\n|t:|1776628429\n|switch|p2a: Basculegion|Basculegion, L50, M|62/100\n|move|p2b: Floette|Protect|p2b: Floette\n|-singleturn|p2b: Floette|Protect\n|move|p1a: Sneasler|Dire Claw|p2b: Floette\n|-activate|p2b: Floette|move: Protect\n|move|p1b: Tyranitar|Rock Slide|p2a: Basculegion|[spread] p2a\n|-activate|p2b: Floette|move: Protect\n|-damage|p2a: Basculegion|35/100\n|\n|upkeep\n|turn|8\n|\n|t:|1776628453\n|switch|p2b: Incineroar|Incineroar, L50, F|18/100 slp\n|-ability|p2b: Incineroar|Intimidate|boost\n|-unboost|p1a: Sneasler|atk|1\n|-unboost|p1b: Tyranitar|atk|1\n|move|p1a: Sneasler|Dire Claw|p2b: Incineroar\n|-damage|p2b: Incineroar|0 fnt\n|faint|p2b: Incineroar\n|move|p2a: Basculegion|Flip Turn|p1b: Tyranitar\n|-supereffective|p1b: Tyranitar|1\n|-damage|p1b: Tyranitar|0 fnt\n|faint|p1b: Tyranitar\n|\n|t:|1776628464\n|switch|p2a: Floette|Floette-Mega, L50, F|37/100|[from] Flip Turn\n|-ability|p2a: Floette|Fairy Aura\n|\n|upkeep\n|\n|t:|1776628469\n|switch|p2b: Basculegion|Basculegion, L50, M|35/100\n|turn|9\n|\n|t:|1776628498\n|move|p1a: Sneasler|Dire Claw|p2b: Basculegion\n|-resisted|p2b: Basculegion|1\n|-damage|p2b: Basculegion|16/100\n|move|p2b: Basculegion|Last Respects|p1a: Sneasler\n|-crit|p1a: Sneasler\n|-damage|p1a: Sneasler|0 fnt\n|faint|p1a: Sneasler\n|\n|win|pythongoat\n|raw|TR34SUR3's rating: 1045 &rarr; <strong>1031</strong><br />(-14 for losing)\n|raw|pythongoat's rating: 1112 &rarr; <strong>1132</strong><br />(+20 for winning)\n|l|\u2606TR34SUR3\n|player|p1|\n",
  "uploadtime": 1776628512,
  "views": 28,
  "formatid": "gen9championsvgc2026regma",
  "rating": 1031,
  "private": 0,
  "password": null
}