{
  "id": "gen9championsvgc2026regma-2584441097",
  "format": "[Gen 9 Champions] VGC 2026 Reg M-A",
  "players": [
    "Bonaban",
    "szadek"
  ],
  "log": "|j|\u2606Bonaban\n|j|\u2606szadek\n|t:|1776261078\n|gametype|doubles\n|player|p1|Bonaban|266|1082\n|player|p2|szadek|veteran|1165\n|gen|9\n|tier|[Gen 9 Champions] VGC 2026 Reg M-A\n|rated|\n|rule|Species Clause: Limit one of each Pok\u00e9mon\n|rule|Item Clause: Limit 1 of each item\n|clearpoke\n|poke|p1|Clefable, L50, M|\n|poke|p1|Garchomp, L50, M|\n|poke|p1|Incineroar, L50, F|\n|poke|p1|Aegislash, L50, M|\n|poke|p1|Pelipper, L50, F|\n|poke|p1|Blastoise, L50, M|\n|poke|p2|Floette-Eternal, L50, F|\n|poke|p2|Mamoswine, L50, M|\n|poke|p2|Araquanid, L50, F|\n|poke|p2|Sneasler, L50, F|\n|poke|p2|Rotom-Heat, L50|\n|poke|p2|Whimsicott, L50, M|\n|teampreview|4\n|inactive|Battle timer is ON: inactive players will automatically lose when time's up. (requested by Bonaban)\n|inactive|Bonaban has 60 seconds left.\n|\n|t:|1776261120\n|teamsize|p1|4\n|teamsize|p2|4\n|start\n|switch|p1a: Pelipper|Pelipper, L50, F|100/100\n|switch|p1b: Garchomp|Garchomp, L50, M|100/100\n|switch|p2a: Whimsicott|Whimsicott, L50, M|100/100\n|switch|p2b: Sneasler|Sneasler, L50, F|100/100\n|-weather|RainDance|[from] ability: Drizzle|[of] p1a: Pelipper\n|turn|1\n|\n|t:|1776261136\n|move|p2b: Sneasler|Fake Out|p1a: Pelipper\n|-damage|p1a: Pelipper|84/100\n|move|p2a: Whimsicott|Tailwind|p2a: Whimsicott\n|-sidestart|p2: szadek|move: Tailwind\n|move|p1b: Garchomp|Earthquake|p2b: Sneasler|[spread] p2a,p2b\n|-immune|p1a: Pelipper\n|-resisted|p2a: Whimsicott|1\n|-supereffective|p2b: Sneasler|1\n|-damage|p2a: Whimsicott|79/100\n|-damage|p2b: Sneasler|0 fnt\n|faint|p2b: Sneasler\n|cant|p1a: Pelipper|flinch\n|\n|-weather|RainDance|[upkeep]\n|upkeep\n|\n|t:|1776261151\n|switch|p2b: Floette|Floette-Eternal, L50, F|100/100\n|turn|2\n|\n|t:|1776261169\n|switch|p1b: Aegislash|Aegislash, L50, M|100/100\n|detailschange|p2b: Floette|Floette-Mega, L50, F\n|-mega|p2b: Floette|Floette|Floettite\n|-ability|p2b: Floette|Fairy Aura\n|move|p1a: Pelipper|Protect|p1a: Pelipper\n|-singleturn|p1a: Pelipper|Protect\n|move|p2a: Whimsicott|Moonblast|p1b: Aegislash\n|-resisted|p1b: Aegislash|1\n|-damage|p1b: Aegislash|87/100\n|move|p2b: Floette|Moonblast|p1b: Aegislash\n|-resisted|p1b: Aegislash|1\n|-damage|p1b: Aegislash|54/100\n|\n|-weather|RainDance|[upkeep]\n|-heal|p1b: Aegislash|60/100|[from] item: Leftovers\n|upkeep\n|turn|3\n|\n|t:|1776261194\n|switch|p2b: Araquanid|Araquanid, L50, F|100/100\n|move|p2a: Whimsicott|Encore|p1a: Pelipper\n|-start|p1a: Pelipper|Encore\n|move|p1a: Pelipper|Protect|p1a: Pelipper\n|-singleturn|p1a: Pelipper|Protect\n|-formechange|p1b: Aegislash|Aegislash-Blade|\n|move|p1b: Aegislash|Iron Head|p2a: Whimsicott\n|-supereffective|p2a: Whimsicott|1\n|-damage|p2a: Whimsicott|0 fnt\n|faint|p2a: Whimsicott\n|\n|-weather|RainDance|[upkeep]\n|-heal|p1b: Aegislash|66/100|[from] item: Leftovers\n|upkeep\n|\n|t:|1776261209\n|switch|p2a: Floette|Floette-Mega, L50, F|100/100\n|-ability|p2a: Floette|Fairy Aura\n|turn|4\n|\n|t:|1776261226\n|switch|p1a: Clefable|Clefable, L50, M|100/100\n|-formechange|p1b: Aegislash|Aegislash|\n|move|p1b: Aegislash|King's Shield|p1b: Aegislash\n|-singleturn|p1b: Aegislash|Protect\n|move|p2a: Floette|Calm Mind|p2a: Floette\n|-boost|p2a: Floette|spa|1\n|-boost|p2a: Floette|spd|1\n|move|p2b: Araquanid|Liquidation|p1a: Clefable\n|-damage|p1a: Clefable|11/100\n|\n|-weather|RainDance|[upkeep]\n|-heal|p1b: Aegislash|72/100|[from] item: Leftovers\n|-sideend|p2: szadek|move: Tailwind\n|upkeep\n|turn|5\n|inactive|Bonaban has 30 seconds left.\n|inactive|Bonaban has 20 seconds left.\n|inactive|Bonaban has 15 seconds left.\n|inactive|Bonaban has 10 seconds left.\n|\n|t:|1776261276\n|move|p1a: Clefable|Helping Hand|p1b: Aegislash\n|-singleturn|p1b: Aegislash|Helping Hand|[of] p1a: Clefable\n|move|p2a: Floette|Protect|p2a: Floette\n|-singleturn|p2a: Floette|Protect\n|-formechange|p1b: Aegislash|Aegislash-Blade|\n|move|p1b: Aegislash|Poltergeist|p2b: Araquanid\n|-activate|p2b: Araquanid|move: Poltergeist|Leftovers\n|-damage|p2b: Araquanid|0 fnt\n|faint|p2b: Araquanid\n|\n|-weather|none\n|-heal|p1b: Aegislash|78/100|[from] item: Leftovers\n|upkeep\n|turn|6\n|\n|t:|1776261293\n|move|p1a: Clefable|Protect|p1a: Clefable\n|-singleturn|p1a: Clefable|Protect\n|move|p2a: Floette|Dazzling Gleam|p1a: Clefable|[spread] p1b\n|-activate|p1a: Clefable|move: Protect\n|-resisted|p1b: Aegislash|1\n|-damage|p1b: Aegislash|6/100\n|move|p1b: Aegislash|Iron Head|p2a: Floette\n|-supereffective|p2a: Floette|1\n|-damage|p2a: Floette|0 fnt\n|faint|p2a: Floette\n|\n|win|Bonaban\n|raw|Bonaban's rating: 1082 &rarr; <strong>1116</strong><br />(+34 for winning)\n|raw|szadek's rating: 1165 &rarr; <strong>1134</strong><br />(-31 for losing)\n",
  "uploadtime": 1776261305,
  "views": 24,
  "formatid": "gen9championsvgc2026regma",
  "rating": 1116,
  "private": 0,
  "password": null
}