{
  "id": "gen9championsvgc2026regma-2583265058",
  "format": "[Gen 9 Champions] VGC 2026 Reg M-A",
  "players": [
    "NOTguyfromfortnite",
    "jaydwn7"
  ],
  "log": "|j|\u2606NOTguyfromfortnite\n|j|\u2606jaydwn7\n|t:|1776161069\n|gametype|doubles\n|player|p1|NOTguyfromfortnite|101|1035\n|player|p2|jaydwn7|n|1026\n|gen|9\n|tier|[Gen 9 Champions] VGC 2026 Reg M-A\n|rated|\n|rule|Species Clause: Limit one of each Pok\u00e9mon\n|rule|Item Clause: Limit 1 of each item\n|clearpoke\n|poke|p1|Torkoal, L50, M|\n|poke|p1|Typhlosion, L50, M|\n|poke|p1|Basculegion, L50, M|\n|poke|p1|Maushold-Four, L50|\n|poke|p1|Garchomp, L50, F|\n|poke|p1|Dragonite, L50, M|\n|poke|p2|Drampa, L50, F|\n|poke|p2|Pelipper, L50, F|\n|poke|p2|Alakazam, L50, M|\n|poke|p2|Scizor, L50, F|\n|poke|p2|Sinistcha-Masterpiece, L50|\n|poke|p2|Basculegion, L50, M|\n|teampreview|4\n|inactive|Battle timer is ON: inactive players will automatically lose when time's up. (requested by jaydwn7)\n|c|\u2606NOTguyfromfortnite|glhf\n|\n|t:|1776161082\n|teamsize|p1|4\n|teamsize|p2|4\n|start\n|switch|p1a: Maushold|Maushold-Four, L50|100/100\n|switch|p1b: Garchomp|Garchomp, L50, F|100/100\n|switch|p2a: Scizor|Scizor, L50, F|100/100\n|switch|p2b: Sinistcha|Sinistcha-Masterpiece, L50|100/100\n|turn|1\n|\n|t:|1776161096\n|detailschange|p2a: Scizor|Scizor-Mega, L50, F\n|-mega|p2a: Scizor|Scizor|Scizorite\n|move|p2b: Sinistcha|Rage Powder|p2b: Sinistcha\n|-singleturn|p2b: Sinistcha|move: Rage Powder\n|move|p1a: Maushold|Tidy Up|p1a: Maushold\n|-boost|p1a: Maushold|atk|1\n|-boost|p1a: Maushold|spe|1\n|move|p1b: Garchomp|Dragon Claw|p2b: Sinistcha\n|-damage|p2b: Sinistcha|60/100\n|move|p2a: Scizor|Swords Dance|p2a: Scizor\n|-boost|p2a: Scizor|atk|2\n|\n|upkeep\n|turn|2\n|\n|t:|1776161112\n|move|p1a: Maushold|Protect|p1a: Maushold\n|-singleturn|p1a: Maushold|Protect\n|move|p1b: Garchomp|Earthquake|p2a: Scizor|[spread] p2a,p2b\n|-activate|p1a: Maushold|move: Protect\n|-resisted|p2b: Sinistcha|1\n|-damage|p2a: Scizor|58/100\n|-damage|p2b: Sinistcha|42/100\n|-enditem|p2b: Sinistcha|Sitrus Berry|[eat]\n|-heal|p2b: Sinistcha|67/100|[from] item: Sitrus Berry\n|move|p2a: Scizor|Swords Dance|p2a: Scizor\n|-boost|p2a: Scizor|atk|2\n|move|p2b: Sinistcha|Life Dew|p2b: Sinistcha|[spread] p2a,p2b\n|-heal|p2a: Scizor|83/100\n|-heal|p2b: Sinistcha|92/100\n|\n|upkeep\n|turn|3\n|\n|t:|1776161132\n|move|p2a: Scizor|Bullet Punch|p1b: Garchomp\n|-damage|p1b: Garchomp|10/100\n|-damage|p2a: Scizor|71/100|[from] ability: Rough Skin|[of] p1b: Garchomp\n|move|p1a: Maushold|Population Bomb|p2a: Scizor\n|-resisted|p2a: Scizor|1\n|-damage|p2a: Scizor|64/100\n|-hitcount|p2a: Scizor|1\n|move|p1b: Garchomp|Dragon Claw|p2b: Sinistcha\n|-damage|p2b: Sinistcha|53/100\n|move|p2b: Sinistcha|Life Dew|p2b: Sinistcha|[spread] p2a,p2b\n|-heal|p2a: Scizor|90/100\n|-heal|p2b: Sinistcha|78/100\n|\n|upkeep\n|turn|4\n|c|\u2606NOTguyfromfortnite|BRO\n|c|\u2606NOTguyfromfortnite|1 HIT\n|c|\u2606NOTguyfromfortnite|POP BOMB\n|c|\u2606NOTguyfromfortnite|YOU FRAUDDDD\n|\n|t:|1776161147\n|move|p1a: Maushold|Protect|p1a: Maushold\n|-singleturn|p1a: Maushold|Protect\n|move|p2a: Scizor|Bullet Punch|p1b: Garchomp\n|-damage|p1b: Garchomp|0 fnt\n|-damage|p2a: Scizor|77/100|[from] ability: Rough Skin|[of] p1b: Garchomp\n|faint|p1b: Garchomp\n|move|p2b: Sinistcha|Life Dew|p2b: Sinistcha|[spread] p2a,p2b\n|-heal|p2a: Scizor|100/100\n|-heal|p2b: Sinistcha|100/100\n|\n|upkeep\n|\n|t:|1776161153\n|switch|p1b: Dragonite|Dragonite, L50, M|100/100\n|turn|5\n|\n|t:|1776161170\n|detailschange|p1b: Dragonite|Dragonite-Mega, L50, M\n|-mega|p1b: Dragonite|Dragonite|Dragoninite\n|move|p2b: Sinistcha|Rage Powder|p2b: Sinistcha\n|-singleturn|p2b: Sinistcha|move: Rage Powder\n|move|p2a: Scizor|Bullet Punch|p1b: Dragonite\n|-damage|p1b: Dragonite|63/100\n|move|p1a: Maushold|Population Bomb|p2b: Sinistcha\n|-immune|p2b: Sinistcha\n|move|p1b: Dragonite|Ice Beam|p2b: Sinistcha\n|-supereffective|p2b: Sinistcha|1\n|-damage|p2b: Sinistcha|0 fnt\n|faint|p2b: Sinistcha\n|\n|upkeep\n|\n|t:|1776161182\n|switch|p2b: Pelipper|Pelipper, L50, F|100/100\n|-weather|RainDance|[from] ability: Drizzle|[of] p2b: Pelipper\n|turn|6\n|\n|t:|1776161195\n|move|p2a: Scizor|Bullet Punch|p1a: Maushold\n|-damage|p1a: Maushold|0 fnt\n|faint|p1a: Maushold\n|move|p1b: Dragonite|Thunderbolt|p2a: Scizor\n|-damage|p2a: Scizor|54/100\n|move|p2b: Pelipper|Hurricane|p1b: Dragonite\n|-crit|p1b: Dragonite\n|-damage|p1b: Dragonite|3/100\n|-start|p1b: Dragonite|confusion\n|\n|-weather|RainDance|[upkeep]\n|upkeep\n|\n|t:|1776161200\n|switch|p1a: Basculegion|Basculegion, L50, M|100/100\n|turn|7\n|\n|t:|1776161208\n|-activate|p1b: Dragonite|confusion\n|move|p1b: Dragonite|Protect|p1b: Dragonite\n|-singleturn|p1b: Dragonite|Protect\n|move|p2a: Scizor|Bullet Punch|p1b: Dragonite\n|-activate|p1b: Dragonite|move: Protect\n|move|p1a: Basculegion|Last Respects|p2a: Scizor\n|-damage|p2a: Scizor|0 fnt\n|faint|p2a: Scizor\n|move|p2b: Pelipper|Tailwind|p2b: Pelipper\n|-sidestart|p2: jaydwn7|move: Tailwind\n|\n|-weather|RainDance|[upkeep]\n|upkeep\n|\n|t:|1776161219\n|switch|p2a: Basculegion|Basculegion, L50, M|100/100\n|turn|8\n|\n|t:|1776161229\n|move|p2a: Basculegion|Last Respects|p1a: Basculegion|[miss]\n|-miss|p2a: Basculegion|p1a: Basculegion\n|move|p2b: Pelipper|Hurricane|p1b: Dragonite\n|-damage|p1b: Dragonite|0 fnt\n|faint|p1b: Dragonite\n|move|p1a: Basculegion|Last Respects|p2a: Basculegion\n|-supereffective|p2a: Basculegion|1\n|-damage|p2a: Basculegion|0 fnt\n|faint|p2a: Basculegion\n|\n|-weather|RainDance|[upkeep]\n|upkeep\n|turn|9\n|c|\u2606NOTguyfromfortnite|i think\n|\n|t:|1776161244\n|move|p2b: Pelipper|Hurricane|p1a: Basculegion\n|-damage|p1a: Basculegion|49/100\n|move|p1a: Basculegion|Last Respects|p2b: Pelipper\n|-enditem|p2b: Pelipper|Focus Sash\n|-damage|p2b: Pelipper|1/100\n|\n|-weather|RainDance|[upkeep]\n|upkeep\n|turn|10\n|c|\u2606NOTguyfromfortnite|that was the most insane bright powder clutch\n|c|\u2606NOTguyfromfortnite|ever\n|\n|t:|1776161252\n|move|p2b: Pelipper|Hurricane|p1a: Basculegion\n|-damage|p1a: Basculegion|0 fnt\n|faint|p1a: Basculegion\n|\n|win|jaydwn7\n|raw|NOTguyfromfortnite's rating: 1035 &rarr; <strong>1019</strong><br />(-16 for losing)\n|raw|jaydwn7's rating: 1026 &rarr; <strong>1063</strong><br />(+37 for winning)\n|c|\u2606NOTguyfromfortnite|gg tho\n",
  "uploadtime": 1776161258,
  "views": 16,
  "formatid": "gen9championsvgc2026regma",
  "rating": 1019,
  "private": 0,
  "password": null
}