{
  "id": "gen9championsvgc2026regma-2584384581",
  "format": "[Gen 9 Champions] VGC 2026 Reg M-A",
  "players": [
    "LovelyLizardLad",
    "MAOSAI"
  ],
  "log": "|j|\u203dLovelyLizardLad\n|j|\u2606MAOSAI\n|t:|1776256848\n|gametype|doubles\n|player|p1|LovelyLizardLad|red|1220\n|player|p2|MAOSAI|elesa|1178\n|gen|9\n|tier|[Gen 9 Champions] VGC 2026 Reg M-A\n|rated|\n|rule|Species Clause: Limit one of each Pok\u00e9mon\n|rule|Item Clause: Limit 1 of each item\n|clearpoke\n|poke|p1|Delphox, L50, F|\n|poke|p1|Basculegion, L50, M|\n|poke|p1|Clefable, L50, M|\n|poke|p1|Kingambit, L50, M|\n|poke|p1|Sneasler, L50, F|\n|poke|p1|Heliolisk, L50, M|\n|poke|p2|Garchomp, L50, M|\n|poke|p2|Hippowdon, L50, M|\n|poke|p2|Chimecho, L50, M|\n|poke|p2|Milotic, L50, F|\n|poke|p2|Orthworm, L50, F|\n|poke|p2|Rotom-Wash, L50|\n|teampreview|4\n|\n|t:|1776256883\n|teamsize|p1|4\n|teamsize|p2|4\n|start\n|switch|p1a: Heliolisk|Heliolisk, L50, M|100/100\n|switch|p1b: Delphox|Delphox, L50, F|100/100\n|switch|p2a: Rotom|Rotom-Wash, L50|100/100\n|switch|p2b: Orthworm|Orthworm, L50, F|100/100\n|turn|1\n|\n|t:|1776256905\n|detailschange|p1b: Delphox|Delphox-Mega, L50, F\n|-mega|p1b: Delphox|Delphox|Delphoxite\n|move|p1b: Delphox|Heat Wave|p2b: Orthworm|[spread] p2a,p2b\n|-resisted|p2a: Rotom|1\n|-supereffective|p2b: Orthworm|1\n|-enditem|p2b: Orthworm|Occa Berry|[eat]\n|-enditem|p2b: Orthworm|Occa Berry|[weaken]\n|-damage|p2a: Rotom|74/100\n|-damage|p2b: Orthworm|42/100\n|-status|p2b: Orthworm|brn\n|move|p1a: Heliolisk|Sunny Day|p1a: Heliolisk\n|-weather|SunnyDay\n|move|p2a: Rotom|Electroweb|p1b: Delphox|[spread] p1a,p1b\n|-resisted|p1a: Heliolisk|1\n|-crit|p1b: Delphox\n|-damage|p1a: Heliolisk|86/100\n|-damage|p1b: Delphox|64/100\n|-unboost|p1a: Heliolisk|spe|1\n|-unboost|p1b: Delphox|spe|1\n|move|p2b: Orthworm|Stealth Rock|p1a: Heliolisk\n|-sidestart|p1: LovelyLizardLad|move: Stealth Rock\n|\n|-weather|SunnyDay|[upkeep]\n|-damage|p1a: Heliolisk|73/100|[from] ability: Dry Skin|[of] p1a: Heliolisk\n|-damage|p2b: Orthworm|36/100 brn|[from] brn\n|upkeep\n|turn|2\n|\n|t:|1776256927\n|move|p1b: Delphox|Psychic|p2a: Rotom\n|-damage|p2a: Rotom|12/100\n|move|p1a: Heliolisk|Thunderbolt|p2a: Rotom\n|-damage|p2a: Rotom|0 fnt\n|faint|p2a: Rotom\n|move|p2b: Orthworm|Body Press|p1a: Heliolisk\n|-supereffective|p1a: Heliolisk|1\n|-damage|p1a: Heliolisk|19/100\n|\n|-weather|SunnyDay|[upkeep]\n|-damage|p1a: Heliolisk|7/100|[from] ability: Dry Skin|[of] p1a: Heliolisk\n|-damage|p2b: Orthworm|29/100 brn|[from] brn\n|upkeep\n|\n|t:|1776256935\n|switch|p2a: Hippowdon|Hippowdon, L50, M|100/100\n|-weather|Sandstorm|[from] ability: Sand Stream|[of] p2a: Hippowdon\n|turn|3\n|\n|t:|1776256941\n|move|p1b: Delphox|Heat Wave|p2b: Orthworm|[spread] p2a,p2b\n|-supereffective|p2b: Orthworm|1\n|-damage|p2a: Hippowdon|62/100\n|-damage|p2b: Orthworm|0 fnt\n|faint|p2b: Orthworm\n|move|p1a: Heliolisk|Sunny Day|p1a: Heliolisk\n|-weather|SunnyDay\n|move|p2a: Hippowdon|Stone Edge|p1b: Delphox\n|-supereffective|p1b: Delphox|1\n|-damage|p1b: Delphox|0 fnt\n|faint|p1b: Delphox\n|\n|-weather|SunnyDay|[upkeep]\n|-damage|p1a: Heliolisk|0 fnt|[from] ability: Dry Skin|[of] p1a: Heliolisk\n|faint|p1a: Heliolisk\n|upkeep\n|\n|t:|1776256948\n|switch|p1b: Sneasler|Sneasler, L50, F|100/100\n|switch|p1a: Basculegion|Basculegion, L50, M|100/100\n|switch|p2b: Garchomp|Garchomp, L50, M|100/100\n|-damage|p1a: Basculegion|88/100|[from] Stealth Rock\n|-damage|p1b: Sneasler|95/100|[from] Stealth Rock\n|turn|4\n|\n|t:|1776256960\n|detailschange|p2b: Garchomp|Garchomp-Mega, L50, M\n|-mega|p2b: Garchomp|Garchomp|Garchompite\n|move|p1b: Sneasler|Fake Out|p2a: Hippowdon\n|-damage|p2a: Hippowdon|51/100\n|move|p1a: Basculegion|Last Respects|p2b: Garchomp\n|-damage|p2b: Garchomp|12/100\n|move|p2b: Garchomp|Earthquake|p1a: Basculegion|[spread] p2a,p1a,p1b\n|-supereffective|p1b: Sneasler|1\n|-damage|p2a: Hippowdon|5/100\n|-damage|p1a: Basculegion|21/100\n|-damage|p1b: Sneasler|0 fnt\n|-enditem|p2a: Hippowdon|Sitrus Berry|[eat]\n|-heal|p2a: Hippowdon|29/100|[from] item: Sitrus Berry\n|faint|p1b: Sneasler\n|cant|p2a: Hippowdon|flinch\n|\n|-weather|SunnyDay|[upkeep]\n|upkeep\n|turn|5\n|\n|t:|1776256971\n|move|p1a: Basculegion|Last Respects|p2b: Garchomp\n|-damage|p2b: Garchomp|0 fnt\n|faint|p2b: Garchomp\n|move|p2a: Hippowdon|Earthquake|p1a: Basculegion\n|-damage|p1a: Basculegion|0 fnt\n|faint|p1a: Basculegion\n|\n|win|MAOSAI\n|raw|LovelyLizardLad's rating: 1220 &rarr; <strong>1192</strong><br />(-28 for losing)\n|raw|MAOSAI's rating: 1178 &rarr; <strong>1206</strong><br />(+28 for winning)\n",
  "uploadtime": 1776256973,
  "views": 19,
  "formatid": "gen9championsvgc2026regma",
  "rating": 1192,
  "private": 0,
  "password": null
}