{
  "id": "gen9championsvgc2026regma-2584820054",
  "format": "[Gen 9 Champions] VGC 2026 Reg M-A",
  "players": [
    "nayr543",
    "MigraineMan"
  ],
  "log": "|j|\u2606nayr543\n|j|\u2606MigraineMan\n|t:|1776286103\n|gametype|doubles\n|player|p1|nayr543|lida|1244\n|player|p2|MigraineMan|101|1283\n|gen|9\n|tier|[Gen 9 Champions] VGC 2026 Reg M-A\n|rated|\n|rule|Species Clause: Limit one of each Pok\u00e9mon\n|rule|Item Clause: Limit 1 of each item\n|clearpoke\n|poke|p1|Lucario, L50, M|\n|poke|p1|Aerodactyl, L50, F|\n|poke|p1|Milotic, L50, F|\n|poke|p1|Sinistcha, L50|\n|poke|p1|Garchomp, L50, F|\n|poke|p1|Incineroar, L50, M|\n|poke|p2|Blastoise, L50, F|\n|poke|p2|Sinistcha, L50|\n|poke|p2|Pelipper, L50, M|\n|poke|p2|Incineroar, L50, F|\n|poke|p2|Farigiraf, L50, F|\n|poke|p2|Weavile, L50, F|\n|teampreview|4\nnayr543 rejected open team sheets.\n|\n|t:|1776286151\n|teamsize|p1|4\n|teamsize|p2|4\n|start\n|switch|p1a: Lucario|Lucario, L50, M|100/100\n|switch|p1b: Aerodactyl|Aerodactyl, L50, F|100/100\n|switch|p2a: Blastoise|Blastoise, L50, F|100/100\n|switch|p2b: Weavile|Weavile, L50, F|100/100\n|-ability|p1b: Aerodactyl|Unnerve\n|-ability|p2b: Weavile|Pressure\n|turn|1\n|\n|t:|1776286190\n|switch|p1b: Milotic|Milotic, L50, F|100/100\n|detailschange|p1a: Lucario|Lucario-Mega, L50, M\n|-mega|p1a: Lucario|Lucario|Lucarionite\n|detailschange|p2a: Blastoise|Blastoise-Mega, L50, F\n|-mega|p2a: Blastoise|Blastoise|Blastoisinite\n|move|p2b: Weavile|Fake Out|p1b: Milotic\n|-damage|p1b: Milotic|88/100\n|move|p1a: Lucario|Close Combat|p2a: Blastoise\n|-damage|p2a: Blastoise|18/100\n|-unboost|p1a: Lucario|def|1\n|-unboost|p1a: Lucario|spd|1\n|move|p2a: Blastoise|Shell Smash|p2a: Blastoise\n|-unboost|p2a: Blastoise|def|1\n|-unboost|p2a: Blastoise|spd|1\n|-boost|p2a: Blastoise|atk|2\n|-boost|p2a: Blastoise|spa|2\n|-boost|p2a: Blastoise|spe|2\n|\n|-heal|p1b: Milotic|94/100|[from] item: Leftovers\n|upkeep\n|turn|2\n|\n|t:|1776286212\n|switch|p2b: Sinistcha|Sinistcha, L50|100/100\n|-heal|p2a: Blastoise|43/100|[from] ability: Hospitality|[of] p2b: Sinistcha\n|move|p1b: Milotic|Helping Hand|p1a: Lucario\n|-singleturn|p1a: Lucario|Helping Hand|[of] p1b: Milotic\n|move|p2a: Blastoise|Protect|p2a: Blastoise\n|-singleturn|p2a: Blastoise|Protect\n|move|p1a: Lucario|Bullet Punch|p2a: Blastoise\n|-activate|p2a: Blastoise|move: Protect\n|\n|-heal|p1b: Milotic|99/100|[from] item: Leftovers\n|upkeep\n|turn|3\n|\n|t:|1776286235\n|switch|p1a: Aerodactyl|Aerodactyl, L50, F|100/100\n|-ability|p1a: Aerodactyl|Unnerve\n|move|p2b: Sinistcha|Rage Powder|p2b: Sinistcha\n|-singleturn|p2b: Sinistcha|move: Rage Powder\n|move|p2a: Blastoise|Water Spout|p1a: Aerodactyl|[spread] p1a,p1b\n|-supereffective|p1a: Aerodactyl|1\n|-resisted|p1b: Milotic|1\n|-enditem|p1a: Aerodactyl|Focus Sash\n|-damage|p1a: Aerodactyl|1/100\n|-damage|p1b: Milotic|82/100\n|move|p1b: Milotic|Scald|p2b: Sinistcha\n|-resisted|p2b: Sinistcha|1\n|-damage|p2b: Sinistcha|89/100\n|\n|-heal|p1b: Milotic|88/100|[from] item: Leftovers\n|upkeep\n|turn|4\n|\n|t:|1776286254\n|move|p1a: Aerodactyl|Wide Guard|p1a: Aerodactyl\n|-singleturn|p1a: Aerodactyl|Wide Guard\n|move|p2b: Sinistcha|Rage Powder|p2b: Sinistcha\n|-singleturn|p2b: Sinistcha|move: Rage Powder\n|move|p2a: Blastoise|Water Spout|p1b: Milotic|[spread] \n|-activate|p1a: Aerodactyl|move: Wide Guard\n|-activate|p1b: Milotic|move: Wide Guard\n|move|p1b: Milotic|Icy Wind|p2a: Blastoise|[spread] p2a,p2b\n|-resisted|p2a: Blastoise|1\n|-supereffective|p2b: Sinistcha|1\n|-damage|p2a: Blastoise|36/100\n|-damage|p2b: Sinistcha|71/100\n|-unboost|p2a: Blastoise|spe|1\n|-unboost|p2b: Sinistcha|spe|1\n|\n|-heal|p1b: Milotic|94/100|[from] item: Leftovers\n|upkeep\n|turn|5\n|\n|t:|1776286274\n|move|p1a: Aerodactyl|Dual Wingbeat|p2b: Sinistcha\n|-supereffective|p2b: Sinistcha|1\n|-crit|p2b: Sinistcha\n|-damage|p2b: Sinistcha|29/100\n|-supereffective|p2b: Sinistcha|1\n|-damage|p2b: Sinistcha|1/100\n|-hitcount|p2b: Sinistcha|2\n|move|p2a: Blastoise|Water Spout|p1a: Aerodactyl|[spread] p1a,p1b\n|-supereffective|p1a: Aerodactyl|1\n|-resisted|p1b: Milotic|1\n|-damage|p1a: Aerodactyl|0 fnt\n|-damage|p1b: Milotic|78/100\n|faint|p1a: Aerodactyl\n|move|p1b: Milotic|Scald|p2a: Blastoise\n|-resisted|p2a: Blastoise|1\n|-crit|p2a: Blastoise\n|-damage|p2a: Blastoise|2/100\n|-status|p2a: Blastoise|brn\n|move|p2b: Sinistcha|Trick Room|p2b: Sinistcha\n|-fieldstart|move: Trick Room|[of] p2b: Sinistcha\n|\n|-heal|p1b: Milotic|84/100|[from] item: Leftovers\n|-damage|p2a: Blastoise|0 fnt|[from] brn\n|faint|p2a: Blastoise\n|upkeep\n|c|\u2606MigraineMan|I can't anymore\n|\n|t:|1776286294\n|switch|p2a: Farigiraf|Farigiraf, L50, F|100/100\n|switch|p1a: Garchomp|Garchomp, L50, F|100/100\n|turn|6\n|\n|t:|1776286306\n|move|p2b: Sinistcha|Matcha Gotcha|p1a: Garchomp|[spread] p1a,p1b\n|-supereffective|p1b: Milotic|1\n|-damage|p1a: Garchomp|74/100\n|-heal|p2b: Sinistcha|15/100|[from] drain|[of] p1a: Garchomp\n|-damage|p1b: Milotic|51/100\n|-heal|p2b: Sinistcha|33/100|[from] drain|[of] p1b: Milotic\n|-status|p1a: Garchomp|brn\n|move|p2a: Farigiraf|Psychic|p1a: Garchomp\n|-damage|p1a: Garchomp|40/100 brn\n|move|p1b: Milotic|Icy Wind|p2b: Sinistcha|[spread] p2a,p2b\n|-supereffective|p2b: Sinistcha|1\n|-damage|p2a: Farigiraf|91/100\n|-damage|p2b: Sinistcha|13/100\n|-unboost|p2a: Farigiraf|spe|1\n|-unboost|p2b: Sinistcha|spe|1\n|move|p1a: Garchomp|Dragon Claw|p2a: Farigiraf\n|-damage|p2a: Farigiraf|75/100\n|\n|-heal|p1b: Milotic|57/100|[from] item: Leftovers\n|-damage|p1a: Garchomp|34/100 brn|[from] brn\n|upkeep\n|turn|7\n|c|\u2606MigraineMan|How is it even possible for me to get this unlucky\n|\n|t:|1776286329\n|move|p2b: Sinistcha|Matcha Gotcha|p1b: Milotic|[spread] p1a,p1b\n|-supereffective|p1b: Milotic|1\n|-damage|p1a: Garchomp|9/100 brn\n|-heal|p2b: Sinistcha|26/100|[from] drain|[of] p1a: Garchomp\n|-damage|p1b: Milotic|24/100\n|-heal|p2b: Sinistcha|44/100|[from] drain|[of] p1b: Milotic\n|move|p2a: Farigiraf|Psychic|p1b: Milotic\n|-damage|p1b: Milotic|3/100\n|move|p1b: Milotic|Icy Wind|p2a: Farigiraf|[spread] p2a,p2b\n|-supereffective|p2b: Sinistcha|1\n|-damage|p2a: Farigiraf|66/100\n|-damage|p2b: Sinistcha|25/100\n|-unboost|p2a: Farigiraf|spe|1\n|-unboost|p2b: Sinistcha|spe|1\n|move|p1a: Garchomp|Dragon Claw|p2b: Sinistcha\n|-damage|p2b: Sinistcha|8/100\n|\n|-heal|p1b: Milotic|9/100|[from] item: Leftovers\n|-damage|p1a: Garchomp|3/100 brn|[from] brn\n|upkeep\n|turn|8\n|\n|t:|1776286368\n|move|p1b: Milotic|Protect|p1b: Milotic\n|-singleturn|p1b: Milotic|Protect\n|move|p2b: Sinistcha|Matcha Gotcha|p1b: Milotic|[spread] p1a\n|-activate|p1b: Milotic|move: Protect\n|-damage|p1a: Garchomp|0 fnt\n|-heal|p2b: Sinistcha|9/100|[from] drain|[of] p1a: Garchomp\n|faint|p1a: Garchomp\n|move|p2a: Farigiraf|Psychic|p1b: Milotic\n|-activate|p1b: Milotic|move: Protect\n|\n|-heal|p1b: Milotic|15/100|[from] item: Leftovers\n|upkeep\n|\n|t:|1776286375\n|switch|p1a: Lucario|Lucario-Mega, L50, M|100/100\n|turn|9\n|\n|t:|1776286400\n|move|p1b: Milotic|Protect||[still]\n|-fail|p1b: Milotic\n|move|p2b: Sinistcha|Matcha Gotcha|p1b: Milotic|[spread] \n|-miss|p2b: Sinistcha|p1a: Lucario\n|-miss|p2b: Sinistcha|p1b: Milotic\n|move|p2a: Farigiraf|Psychic|p1a: Lucario\n|-damage|p1a: Lucario|55/100\n|move|p1a: Lucario|Rock Slide|p2a: Farigiraf|[spread] p2a\n|-miss|p1a: Lucario|p2b: Sinistcha\n|-damage|p2a: Farigiraf|50/100\n|\n|-heal|p1b: Milotic|21/100|[from] item: Leftovers\n|-fieldend|move: Trick Room\n|upkeep\n|turn|10\n|\n|t:|1776286428\n|move|p2a: Farigiraf|Ally Switch|p2a: Farigiraf\n|swap|p2a: Farigiraf|1|[from] move: Ally Switch\n|move|p1a: Lucario|Close Combat|p2a: Sinistcha\n|-immune|p2a: Sinistcha\n|move|p1b: Milotic|Icy Wind|p2b: Farigiraf|[spread] p2a,p2b\n|-supereffective|p2a: Sinistcha|1\n|-crit|p2a: Sinistcha\n|-damage|p2a: Sinistcha|0 fnt\n|-damage|p2b: Farigiraf|41/100\n|-unboost|p2b: Farigiraf|spe|1\n|faint|p2a: Sinistcha\n|\n|-heal|p1b: Milotic|27/100|[from] item: Leftovers\n|upkeep\n|\n|t:|1776286431\n|switch|p2a: Weavile|Weavile, L50, F|100/100\n|-ability|p2a: Weavile|Pressure\n|turn|11\n|\n|t:|1776286449\n|move|p1b: Milotic|Protect|p1b: Milotic\n|-singleturn|p1b: Milotic|Protect\n|move|p2a: Weavile|Knock Off|p1b: Milotic\n|-activate|p1b: Milotic|move: Protect\n|move|p1a: Lucario|Close Combat|p2b: Farigiraf\n|-damage|p2b: Farigiraf|0 fnt\n|-unboost|p1a: Lucario|def|1\n|-unboost|p1a: Lucario|spd|1\n|faint|p2b: Farigiraf\n|\n|-heal|p1b: Milotic|33/100|[from] item: Leftovers\n|upkeep\n|turn|12\n|\n|t:|1776286461\n|move|p1a: Lucario|Bullet Punch|p2a: Weavile\n|-supereffective|p2a: Weavile|1\n|-enditem|p2a: Weavile|Focus Sash\n|-damage|p2a: Weavile|1/100\n|move|p2a: Weavile|Knock Off|p1b: Milotic\n|-damage|p1b: Milotic|0 fnt\n|-enditem|p1b: Milotic|Leftovers|[from] move: Knock Off|[of] p2a: Weavile\n|faint|p1b: Milotic\n|\n|upkeep\n|turn|13\n|\n|t:|1776286468\n|move|p1a: Lucario|Bullet Punch|p2a: Weavile\n|-supereffective|p2a: Weavile|1\n|-damage|p2a: Weavile|0 fnt\n|faint|p2a: Weavile\n|\n|win|nayr543\n|raw|nayr543's rating: 1244 &rarr; <strong>1272</strong><br />(+28 for winning)\n|raw|MigraineMan's rating: 1283 &rarr; <strong>1255</strong><br />(-28 for losing)\n|c|\u2606MigraineMan|This was so undeserved lol\n|c|\u2606nayr543|skill issue\n|c|\u2606MigraineMan|Yeah lol\n|c|\u2606MigraineMan|Just gotta hit and not get crit 10 times I guess\n|c|\u2606MigraineMan|Btw I just dropped from 1500 250 points lol\n|c|\u2606nayr543|sounds like a skill issue\n|c|\u2606MigraineMan|I got crit literally every single game\n|l|\u2606nayr543\n|player|p1|\n",
  "uploadtime": 1776286552,
  "views": 46,
  "formatid": "gen9championsvgc2026regma",
  "rating": 1255,
  "private": 0,
  "password": null
}