{
  "id": "gen9championsvgc2026regma-2583461593",
  "format": "[Gen 9 Champions] VGC 2026 Reg M-A",
  "players": [
    "Plopy14",
    "Reebookpump"
  ],
  "log": "|j|\u2606Plopy14\n|j|\u2606Reebookpump\n|t:|1776177165\n|gametype|doubles\n|player|p1|Plopy14|bugcatcher|\n|player|p2|Reebookpump|red-masters|\n|gen|9\n|tier|[Gen 9 Champions] VGC 2026 Reg M-A\n|rated|Tournament battle\n|rule|Species Clause: Limit one of each Pok\u00e9mon\n|rule|Item Clause: Limit 1 of each item\n|clearpoke\n|poke|p1|Tyranitar, L50, M|\n|poke|p1|Corviknight, L50, F|\n|poke|p1|Sneasler, L50, F|\n|poke|p1|Sinistcha, L50|\n|poke|p1|Garchomp, L50, M|\n|poke|p1|Rotom-Wash, L50|\n|poke|p2|Basculegion, L50, M|\n|poke|p2|Pelipper, L50, F|\n|poke|p2|Scizor, L50, M|\n|poke|p2|Sinistcha-Masterpiece, L50|\n|poke|p2|Incineroar, L50, F|\n|poke|p2|Dragonite, L50, F|\n|teampreview|4\n|j| kemp1412\n|j| StarX99\n|inactive|Battle timer is ON: inactive players will automatically lose when time's up. (requested by Plopy14)\n|j|%llefface\n|j| RadiatingShark\n|l|%llefface\n|inactive|Reebookpump has 60 seconds left.\n|l| RadiatingShark\n|\n|t:|1776177251\n|teamsize|p1|4\n|teamsize|p2|4\n|start\n|switch|p1a: Rotom|Rotom-Wash, L50|100/100\n|switch|p1b: Tyranitar|Tyranitar, L50, M|100/100\n|switch|p2a: Basculegion|Basculegion, L50, M|100/100\n|switch|p2b: Dragonite|Dragonite, L50, F|100/100\n|-weather|Sandstorm|[from] ability: Sand Stream|[of] p1b: Tyranitar\n|turn|1\n|inactive|Reebookpump has 30 seconds left.\n|j| GalarianPode\n|\n|t:|1776177276\n|detailschange|p2b: Dragonite|Dragonite-Mega, L50, F\n|-mega|p2b: Dragonite|Dragonite|Dragoninite\n|move|p1b: Tyranitar|Protect|p1b: Tyranitar\n|-singleturn|p1b: Tyranitar|Protect\n|move|p1a: Rotom|Electroweb|p2a: Basculegion|[spread] p2a,p2b\n|-supereffective|p2a: Basculegion|1\n|-damage|p2a: Basculegion|60/100\n|-damage|p2b: Dragonite|93/100\n|-unboost|p2a: Basculegion|spe|1\n|-unboost|p2b: Dragonite|spe|1\n|move|p2a: Basculegion|Flip Turn|p1a: Rotom\n|-resisted|p1a: Rotom|1\n|-damage|p1a: Rotom|73/100\n|l| GalarianPode\n|\n|t:|1776177288\n|switch|p2a: Sinistcha|Sinistcha-Masterpiece, L50|100/100|[from] Flip Turn\n|-heal|p2b: Dragonite|100/100|[from] ability: Hospitality|[of] p2a: Sinistcha\n|move|p2b: Dragonite|Draco Meteor|p1a: Rotom\n|-damage|p1a: Rotom|0 fnt\n|-unboost|p2b: Dragonite|spa|2\n|faint|p1a: Rotom\n|\n|-weather|Sandstorm|[upkeep]\n|-damage|p2b: Dragonite|95/100|[from] Sandstorm\n|-damage|p2a: Sinistcha|94/100|[from] Sandstorm\n|upkeep\n|j| mysticmarshtomp\n|\n|t:|1776177294\n|switch|p1a: Garchomp|Garchomp, L50, M|100/100\n|turn|2\n|\n|t:|1776177306\n|switch|p2b: Incineroar|Incineroar, L50, F|100/100\n|-ability|p2b: Incineroar|Intimidate|boost\n|-unboost|p1a: Garchomp|atk|1\n|-unboost|p1b: Tyranitar|atk|1\n|move|p1a: Garchomp|Rock Slide|p2a: Sinistcha|[spread] p2a,p2b\n|-supereffective|p2b: Incineroar|1\n|-damage|p2a: Sinistcha|81/100\n|-damage|p2b: Incineroar|81/100\n|move|p1b: Tyranitar|Dragon Dance|p1b: Tyranitar\n|-boost|p1b: Tyranitar|atk|1\n|-boost|p1b: Tyranitar|spe|1\n|move|p2a: Sinistcha|Matcha Gotcha|p1a: Garchomp|[spread] p1a,p1b\n|-supereffective|p1b: Tyranitar|1\n|-damage|p1a: Garchomp|74/100\n|-heal|p2a: Sinistcha|95/100|[from] drain|[of] p1a: Garchomp\n|-damage|p1b: Tyranitar|71/100\n|-heal|p2a: Sinistcha|100/100|[from] drain|[of] p1b: Tyranitar\n|\n|-weather|Sandstorm|[upkeep]\n|-damage|p2b: Incineroar|75/100|[from] Sandstorm\n|-damage|p2a: Sinistcha|94/100|[from] Sandstorm\n|upkeep\n|turn|3\n|j| TG511\n|\n|t:|1776177328\n|switch|p1a: Sinistcha|Sinistcha, L50|100/100\n|-heal|p1b: Tyranitar|96/100|[from] ability: Hospitality|[of] p1a: Sinistcha\n|switch|p2b: Basculegion|Basculegion, L50, M|60/100\n|move|p1b: Tyranitar|Protect|p1b: Tyranitar\n|-singleturn|p1b: Tyranitar|Protect\n|move|p2a: Sinistcha|Matcha Gotcha|p1a: Sinistcha|[spread] p1a\n|-activate|p1b: Tyranitar|move: Protect\n|-resisted|p1a: Sinistcha|1\n|-damage|p1a: Sinistcha|88/100\n|-heal|p2a: Sinistcha|100/100|[from] drain|[of] p1a: Sinistcha\n|\n|-weather|Sandstorm|[upkeep]\n|-damage|p2b: Basculegion|54/100|[from] Sandstorm\n|-damage|p1a: Sinistcha|82/100|[from] Sandstorm\n|-damage|p2a: Sinistcha|94/100|[from] Sandstorm\n|upkeep\n|turn|4\n|\n|t:|1776177345\n|move|p1a: Sinistcha|Rage Powder|p1a: Sinistcha\n|-singleturn|p1a: Sinistcha|move: Rage Powder\n|move|p2b: Basculegion|Flip Turn|p1a: Sinistcha\n|-resisted|p1a: Sinistcha|1\n|-damage|p1a: Sinistcha|64/100\n|\n|t:|1776177349\n|switch|p2b: Incineroar|Incineroar, L50, F|75/100|[from] Flip Turn\n|-ability|p2b: Incineroar|Intimidate|boost\n|-unboost|p1a: Sinistcha|atk|1\n|-unboost|p1b: Tyranitar|atk|1\n|move|p1b: Tyranitar|Knock Off|p2a: Sinistcha\n|-supereffective|p2a: Sinistcha|1\n|-damage|p2a: Sinistcha|36/100\n|-enditem|p2a: Sinistcha|Sitrus Berry|[from] move: Knock Off|[of] p1b: Tyranitar\n|move|p2a: Sinistcha|Matcha Gotcha|p1a: Sinistcha|[spread] p1b\n|-miss|p2a: Sinistcha|p1a: Sinistcha\n|-supereffective|p1b: Tyranitar|1\n|-damage|p1b: Tyranitar|65/100\n|-heal|p2a: Sinistcha|53/100|[from] drain|[of] p1b: Tyranitar\n|\n|-weather|Sandstorm|[upkeep]\n|-damage|p2b: Incineroar|69/100|[from] Sandstorm\n|-damage|p1a: Sinistcha|58/100|[from] Sandstorm\n|-damage|p2a: Sinistcha|47/100|[from] Sandstorm\n|upkeep\n|turn|5\n|j| RadiatingShark\n|inactive|Plopy14 has 30 seconds left.\n|\n|t:|1776177380\n|switch|p2a: Basculegion|Basculegion, L50, M|54/100\n|move|p1b: Tyranitar|Rock Slide|p2a: Basculegion|[spread] p2a,p2b\n|-supereffective|p2b: Incineroar|1\n|-damage|p2a: Basculegion|29/100\n|-damage|p2b: Incineroar|38/100\n|move|p2b: Incineroar|Flare Blitz|p1a: Sinistcha\n|-supereffective|p1a: Sinistcha|1\n|-crit|p1a: Sinistcha\n|-damage|p1a: Sinistcha|0 fnt\n|faint|p1a: Sinistcha\n|-damage|p2b: Incineroar|21/100|[from] Recoil\n|\n|-weather|none\n|upkeep\n|\n|t:|1776177388\n|switch|p1a: Garchomp|Garchomp, L50, M|74/100\n|turn|6\n|\n|t:|1776177405\n|switch|p2b: Sinistcha|Sinistcha-Masterpiece, L50|47/100\n|-heal|p2a: Basculegion|54/100|[from] ability: Hospitality|[of] p2b: Sinistcha\n|move|p1a: Garchomp|Protect|p1a: Garchomp\n|-singleturn|p1a: Garchomp|Protect\n|move|p2a: Basculegion|Wave Crash|p1b: Tyranitar\n|-supereffective|p1b: Tyranitar|1\n|-damage|p1b: Tyranitar|0 fnt\n|faint|p1b: Tyranitar\n|-damage|p2a: Basculegion|33/100|[from] Recoil\n|\n|upkeep\n|turn|7\n|-message|Plopy14 forfeited.\n|\n|win|Reebookpump\n|n|\u2606Plopy14|plopy14\n|n|\u2606Reebookpump|reebookpump\n|n| kemp1412|kemp1412\n|n| StarX99|starx99\n|n| mysticmarshtomp|mysticmarshtomp\n|n| TG511|tg511\n|n| RadiatingShark|radiatingshark\n",
  "uploadtime": 1776177416,
  "views": 19,
  "formatid": "gen9championsvgc2026regma",
  "rating": null,
  "private": 0,
  "password": null
}