{
  "id": "gen9championsvgc2026regma-2588398909",
  "format": "[Gen 9 Champions] VGC 2026 Reg M-A",
  "players": [
    "Bluezero03",
    "Medorian Lotad"
  ],
  "log": "|j|\u2606Bluezero03\n|j|\u2606Medorian Lotad\n|t:|1776630216\n|gametype|doubles\n|player|p1|Bluezero03|102|1088\n|player|p2|Medorian Lotad|iris|1057\n|gen|9\n|tier|[Gen 9 Champions] VGC 2026 Reg M-A\n|rated|\n|rule|Species Clause: Limit one of each Pok\u00e9mon\n|rule|Item Clause: Limit 1 of each item\n|clearpoke\n|poke|p1|Corviknight, L50, F|\n|poke|p1|Hydreigon, L50, F|\n|poke|p1|Rotom-Wash, L50|\n|poke|p1|Venusaur, L50, F|\n|poke|p1|Torkoal, L50, M|\n|poke|p1|Gardevoir, L50, M|\n|poke|p2|Crabominable, L50, M|\n|poke|p2|Reuniclus, L50, F|\n|poke|p2|Slowking, L50, M|\n|poke|p2|Steelix, L50, M|\n|poke|p2|Kingambit, L50, M|\n|poke|p2|Sableye, L50, M|\n|teampreview|4\n|inactive|Battle timer is ON: inactive players will automatically lose when time's up. (requested by Medorian Lotad)\n|\n|t:|1776630239\n|teamsize|p1|4\n|teamsize|p2|4\n|start\n|switch|p1a: Corviknight|Corviknight, L50, F|100/100\n|switch|p1b: Rotom|Rotom-Wash, L50|100/100\n|switch|p2a: Slowking|Slowking, L50, M|100/100\n|switch|p2b: Steelix|Steelix, L50, M|100/100\n|turn|1\n|\n|t:|1776630262\n|detailschange|p2b: Steelix|Steelix-Mega, L50, M\n|-mega|p2b: Steelix|Steelix|Steelixite\n|move|p2b: Steelix|Protect|p2b: Steelix\n|-singleturn|p2b: Steelix|Protect\n|move|p1b: Rotom|Hydro Pump|p2b: Steelix\n|-activate|p2b: Steelix|move: Protect\n|move|p1a: Corviknight|Body Press|p2b: Steelix\n|-activate|p2b: Steelix|move: Protect\n|move|p2a: Slowking|Trick Room|p2a: Slowking\n|-fieldstart|move: Trick Room|[of] p2a: Slowking\n|\n|upkeep\n|turn|2\n|\n|t:|1776630284\n|switch|p1b: Torkoal|Torkoal, L50, M|100/100\n|-weather|SunnyDay|[from] ability: Drought|[of] p1b: Torkoal\n|move|p2b: Steelix|Heavy Slam|p1b: Torkoal\n|-resisted|p1b: Torkoal|1\n|-damage|p1b: Torkoal|78/100\n|move|p2a: Slowking|Flamethrower|p1a: Corviknight\n|-supereffective|p1a: Corviknight|1\n|-damage|p1a: Corviknight|20/100\n|move|p1a: Corviknight|Iron Defense|p1a: Corviknight\n|-boost|p1a: Corviknight|def|2\n|\n|-weather|SunnyDay|[upkeep]\n|-heal|p1a: Corviknight|26/100|[from] item: Leftovers\n|upkeep\n|turn|3\n|inactive|Bluezero03 has 30 seconds left.\n|\n|t:|1776630310\n|switch|p1a: Rotom|Rotom-Wash, L50|100/100\n|move|p2b: Steelix|Protect|p2b: Steelix\n|-singleturn|p2b: Steelix|Protect\n|move|p1b: Torkoal|Heat Crash|p2b: Steelix\n|-activate|p2b: Steelix|move: Protect\n|move|p2a: Slowking|Scald|p1b: Torkoal\n|-supereffective|p1b: Torkoal|1\n|-enditem|p1b: Torkoal|Passho Berry|[eat]\n|-enditem|p1b: Torkoal|Passho Berry|[weaken]\n|-damage|p1b: Torkoal|52/100\n|\n|-weather|SunnyDay|[upkeep]\n|upkeep\n|turn|4\n|\n|t:|1776630329\n|switch|p2b: Sableye|Sableye, L50, M|100/100\n|move|p1b: Torkoal|Stomping Tantrum|p2b: Sableye\n|-damage|p2b: Sableye|77/100\n|move|p2a: Slowking|Scald|p1b: Torkoal\n|-supereffective|p1b: Torkoal|1\n|-damage|p1b: Torkoal|4/100\n|move|p1a: Rotom|Hydro Pump|p2b: Sableye\n|-damage|p2b: Sableye|51/100\n|\n|-weather|SunnyDay|[upkeep]\n|upkeep\n|turn|5\n|\n|t:|1776630350\n|move|p1b: Torkoal|Protect|p1b: Torkoal\n|-singleturn|p1b: Torkoal|Protect\n|move|p2b: Sableye|Light Screen|p2b: Sableye\n|-sidestart|p2: Medorian Lotad|move: Light Screen\n|move|p2a: Slowking|Scald|p1b: Torkoal\n|-activate|p1b: Torkoal|move: Protect\n|move|p1a: Rotom|Volt Switch|p2a: Slowking\n|-supereffective|p2a: Slowking|1\n|-damage|p2a: Slowking|75/100\n|\n|t:|1776630366\n|switch|p1a: Corviknight|Corviknight, L50, F|26/100|[from] Volt Switch\n|\n|-weather|SunnyDay|[upkeep]\n|-heal|p1a: Corviknight|32/100|[from] item: Leftovers\n|-fieldend|move: Trick Room\n|upkeep\n|turn|6\n|\n|t:|1776630387\n|move|p2b: Sableye|Reflect|p2b: Sableye\n|-sidestart|p2: Medorian Lotad|Reflect\n|move|p1a: Corviknight|Iron Head|p2a: Slowking\n|-resisted|p2a: Slowking|1\n|-damage|p2a: Slowking|67/100\n|move|p1b: Torkoal|Heat Crash|p2b: Sableye\n|-damage|p2b: Sableye|0 fnt\n|faint|p2b: Sableye\n|move|p2a: Slowking|Trick Room|p2a: Slowking\n|-fieldstart|move: Trick Room|[of] p2a: Slowking\n|\n|-weather|none\n|-heal|p1a: Corviknight|38/100|[from] item: Leftovers\n|upkeep\n|\n|t:|1776630400\n|switch|p2b: Steelix|Steelix-Mega, L50, M|100/100\n|turn|7\n|\n|t:|1776630407\n|move|p1b: Torkoal|Heat Crash|p2b: Steelix\n|-supereffective|p2b: Steelix|1\n|-damage|p2b: Steelix|93/100\n|move|p2a: Slowking|Scald|p1b: Torkoal\n|-supereffective|p1b: Torkoal|1\n|-damage|p1b: Torkoal|0 fnt\n|faint|p1b: Torkoal\n|move|p2b: Steelix|Body Press|p1a: Corviknight\n|-damage|p1a: Corviknight|10/100\n|move|p1a: Corviknight|Body Press|p2b: Steelix\n|-supereffective|p2b: Steelix|1\n|-damage|p2b: Steelix|80/100\n|\n|-heal|p1a: Corviknight|16/100|[from] item: Leftovers\n|upkeep\n|\n|t:|1776630425\n|switch|p1b: Rotom|Rotom-Wash, L50|100/100\n|turn|8\n|\n|t:|1776630435\n|move|p2a: Slowking|Nasty Plot|p2a: Slowking\n|-boost|p2a: Slowking|spa|2\n|move|p2b: Steelix|Body Press|p1b: Rotom\n|-damage|p1b: Rotom|57/100\n|move|p1a: Corviknight|Body Press|p2a: Slowking\n|-resisted|p2a: Slowking|1\n|-damage|p2a: Slowking|58/100\n|move|p1b: Rotom|Hydro Pump|p2b: Steelix|[miss]\n|-miss|p1b: Rotom|p2b: Steelix\n|\n|-heal|p1a: Corviknight|22/100|[from] item: Leftovers\n|upkeep\n|turn|9\n|\n|t:|1776630458\n|move|p2a: Slowking|Flamethrower|p1b: Rotom\n|-resisted|p1b: Rotom|1\n|-damage|p1b: Rotom|28/100\n|-enditem|p1b: Rotom|Sitrus Berry|[eat]\n|-heal|p1b: Rotom|53/100|[from] item: Sitrus Berry\n|move|p2b: Steelix|Body Press|p1a: Corviknight\n|-damage|p1a: Corviknight|0 fnt\n|faint|p1a: Corviknight\n|move|p1b: Rotom|Hydro Pump|p2b: Steelix\n|-supereffective|p2b: Steelix|1\n|-damage|p2b: Steelix|23/100\n|\n|-sideend|p2: Medorian Lotad|move: Light Screen\n|upkeep\n|\n|t:|1776630471\n|switch|p1a: Hydreigon|Hydreigon, L50, F|100/100\n|turn|10\n|\n|t:|1776630486\n|move|p2a: Slowking|Flamethrower|p1b: Rotom\n|-resisted|p1b: Rotom|1\n|-damage|p1b: Rotom|21/100\n|move|p2b: Steelix|Body Press|p1a: Hydreigon\n|-supereffective|p1a: Hydreigon|1\n|-damage|p1a: Hydreigon|0 fnt\n|faint|p1a: Hydreigon\n|move|p1b: Rotom|Hydro Pump|p2b: Steelix\n|-supereffective|p2b: Steelix|1\n|-damage|p2b: Steelix|0 fnt\n|faint|p2b: Steelix\n|\n|-sideend|p2: Medorian Lotad|Reflect\n|-fieldend|move: Trick Room\n|upkeep\n|\n|t:|1776630501\n|switch|p2b: Reuniclus|Reuniclus, L50, F|100/100\n|turn|11\n|-message|Bluezero03 forfeited.\n|\n|win|Medorian Lotad\n|raw|Bluezero03's rating: 1088 &rarr; <strong>1063</strong><br />(-25 for losing)\n|raw|Medorian Lotad's rating: 1057 &rarr; <strong>1091</strong><br />(+34 for winning)\n|l|\u2606Bluezero03\n|player|p1|\n",
  "uploadtime": 1776630513,
  "views": 10,
  "formatid": "gen9championsvgc2026regma",
  "rating": 1063,
  "private": 0,
  "password": null
}