{
  "id": "gen9championsvgc2026regma-2586760834",
  "format": "[Gen 9 Champions] VGC 2026 Reg M-A",
  "players": [
    "gutinhu",
    "75etmi"
  ],
  "log": "|j|\u2606gutinhu\n|j|\u260675etmi\n|t:|1776457794\n|gametype|doubles\n|player|p1|gutinhu|101|1194\n|player|p2|75etmi|cheren-gen5bw2|1193\n|gen|9\n|tier|[Gen 9 Champions] VGC 2026 Reg M-A\n|rated|\n|rule|Species Clause: Limit one of each Pok\u00e9mon\n|rule|Item Clause: Limit 1 of each item\n|clearpoke\n|poke|p1|Gengar, L50, M|\n|poke|p1|Politoed, L50, F|\n|poke|p1|Incineroar, L50, M|\n|poke|p1|Sableye, L50, F|\n|poke|p1|Kingambit, L50, M|\n|poke|p1|Palafin, L50, M|\n|poke|p2|Incineroar, L50, F|\n|poke|p2|Sneasler, L50, F|\n|poke|p2|Froslass, L50, F|\n|poke|p2|Milotic, L50, M|\n|poke|p2|Kingambit, L50, F|\n|poke|p2|Dragonite, L50, F|\n|teampreview|4\n|inactive|Battle timer is ON: inactive players will automatically lose when time's up. (requested by gutinhu)\n|\n|t:|1776457814\n|teamsize|p1|4\n|teamsize|p2|4\n|start\n|switch|p1a: Gengar|Gengar, L50, M|100/100\n|switch|p1b: Kingambit|Kingambit, L50, M|100/100\n|switch|p2a: Sneasler|Sneasler, L50, F|100/100\n|switch|p2b: Froslass|Froslass, L50, F|100/100\n|turn|1\n|\n|t:|1776457834\n|detailschange|p2b: Froslass|Froslass-Mega, L50, F\n|-mega|p2b: Froslass|Froslass|Froslassite\n|-weather|Snowscape|[from] ability: Snow Warning|[of] p2b: Froslass\n|detailschange|p1a: Gengar|Gengar-Mega, L50, M\n|-mega|p1a: Gengar|Gengar|Gengarite\n|move|p1b: Kingambit|Protect|p1b: Kingambit\n|-singleturn|p1b: Kingambit|Protect\n|move|p1a: Gengar|Shadow Ball|p2b: Froslass\n|-supereffective|p2b: Froslass|1\n|-damage|p2b: Froslass|0 fnt\n|faint|p2b: Froslass\n|move|p2a: Sneasler|Close Combat|p1b: Kingambit\n|-activate|p1b: Kingambit|move: Protect\n|\n|-weather|Snowscape|[upkeep]\n|upkeep\n|\n|t:|1776457845\n|switch|p2b: Incineroar|Incineroar, L50, F|100/100\n|-ability|p2b: Incineroar|Intimidate|boost\n|-unboost|p1a: Gengar|atk|1\n|-unboost|p1b: Kingambit|atk|1\n|-ability|p1b: Kingambit|Defiant|boost\n|-boost|p1b: Kingambit|atk|2\n|turn|2\n|inactive|gutinhu has 30 seconds left.\n|\n|t:|1776457873\n|move|p1a: Gengar|Disable|p2a: Sneasler\n|-start|p2a: Sneasler|Disable|Close Combat\n|cant|p2a: Sneasler|Disable|Close Combat\n|move|p1b: Kingambit|Low Kick|p2b: Incineroar\n|-supereffective|p2b: Incineroar|1\n|-damage|p2b: Incineroar|45/100\n|-enditem|p2b: Incineroar|Sitrus Berry|[eat]\n|-heal|p2b: Incineroar|70/100|[from] item: Sitrus Berry\n|move|p2b: Incineroar|Darkest Lariat|p1a: Gengar\n|-supereffective|p1a: Gengar|1\n|-damage|p1a: Gengar|2/100\n|\n|-weather|Snowscape|[upkeep]\n|upkeep\n|turn|3\n|inactive|gutinhu has 30 seconds left.\n|inactive|75etmi has 30 seconds left.\n|inactive|gutinhu has 20 seconds left.\n|inactive|gutinhu has 15 seconds left.\n|\n|t:|1776457916\n|switch|p1a: Sableye|Sableye, L50, F|100/100\n|move|p2a: Sneasler|Dire Claw|p1a: Sableye\n|-resisted|p1a: Sableye|1\n|-damage|p1a: Sableye|71/100\n|move|p1b: Kingambit|Low Kick|p2b: Incineroar\n|-supereffective|p2b: Incineroar|1\n|-damage|p2b: Incineroar|13/100\n|move|p2b: Incineroar|Flare Blitz|p1b: Kingambit\n|-supereffective|p1b: Kingambit|1\n|-damage|p1b: Kingambit|24/100\n|-damage|p2b: Incineroar|0 fnt|[from] Recoil\n|faint|p2b: Incineroar\n|\n|-weather|Snowscape|[upkeep]\n|upkeep\n|\n|t:|1776457927\n|switch|p2b: Milotic|Milotic, L50, M|100/100\n|turn|4\n|\n|t:|1776457940\n|move|p2a: Sneasler|Protect|p2a: Sneasler\n|-singleturn|p2a: Sneasler|Protect\n|move|p1a: Sableye|Fake Out|p2a: Sneasler\n|-activate|p2a: Sneasler|move: Protect\n|move|p1b: Kingambit|Sucker Punch|p2b: Milotic\n|-damage|p2b: Milotic|54/100\n|move|p2b: Milotic|Muddy Water|p1b: Kingambit|[spread] p1a\n|-miss|p2b: Milotic|p1b: Kingambit\n|-damage|p1a: Sableye|43/100\n|\n|-weather|Snowscape|[upkeep]\n|-heal|p2b: Milotic|60/100|[from] item: Leftovers\n|upkeep\n|turn|5\n|\n|t:|1776457954\n|move|p1b: Kingambit|Sucker Punch||[still]\n|-fail|p1b: Kingambit\n|move|p1a: Sableye|Encore|p2a: Sneasler\n|-start|p2a: Sneasler|Encore\n|move|p2a: Sneasler|Protect||[still]\n|-fail|p2a: Sneasler\n|move|p2b: Milotic|Recover|p2b: Milotic\n|-heal|p2b: Milotic|100/100\n|\n|-weather|none\n|-end|p2a: Sneasler|Disable\n|upkeep\n|turn|6\n|\n|t:|1776457968\n|move|p2a: Sneasler|Protect|p2a: Sneasler\n|-singleturn|p2a: Sneasler|Protect\n|move|p1a: Sableye|Encore|p2b: Milotic\n|-start|p2b: Milotic|Encore\n|move|p2b: Milotic|Recover||[still]\n|-fail|p2b: Milotic|heal\n|move|p1b: Kingambit|Kowtow Cleave|p2b: Milotic\n|-damage|p2b: Milotic|41/100\n|\n|-heal|p2b: Milotic|47/100|[from] item: Leftovers\n|upkeep\n|turn|7\n|\n|t:|1776457982\n|move|p2a: Sneasler|Protect||[still]\n|-fail|p2a: Sneasler\n|move|p1a: Sableye|Disable|p2b: Milotic\n|-start|p2b: Milotic|Disable|Recover\n|cant|p2b: Milotic|Disable|Recover\n|move|p1b: Kingambit|Kowtow Cleave|p2b: Milotic\n|-damage|p2b: Milotic|0 fnt\n|faint|p2b: Milotic\n|\n|-end|p2a: Sneasler|Encore\n|upkeep\n|turn|8\n|\n|t:|1776457999\n|move|p1b: Kingambit|Sucker Punch|p2a: Sneasler\n|-resisted|p2a: Sneasler|1\n|-damage|p2a: Sneasler|50/100\n|move|p1a: Sableye|Encore|p2a: Sneasler\n|-start|p2a: Sneasler|Encore\n|move|p2a: Sneasler|Protect||[still]\n|-fail|p2a: Sneasler\n|\n|upkeep\n|turn|9\n|\n|t:|1776458009\n|move|p2a: Sneasler|Protect|p2a: Sneasler\n|-singleturn|p2a: Sneasler|Protect\n|move|p1b: Kingambit|Protect|p1b: Kingambit\n|-singleturn|p1b: Kingambit|Protect\n|move|p1a: Sableye|Disable|p2a: Sneasler\n|-activate|p2a: Sneasler|move: Protect\n|\n|upkeep\n|turn|10\n|\n|t:|1776458012\n|move|p2a: Sneasler|Protect||[still]\n|-fail|p2a: Sneasler\n|move|p1a: Sableye|Disable|p2a: Sneasler\n|-start|p2a: Sneasler|Disable|Protect\n|move|p1b: Kingambit|Kowtow Cleave|p2a: Sneasler\n|-resisted|p2a: Sneasler|1\n|-damage|p2a: Sneasler|0 fnt\n|faint|p2a: Sneasler\n|\n|win|gutinhu\n|raw|gutinhu's rating: 1194 &rarr; <strong>1219</strong><br />(+25 for winning)\n|raw|75etmi's rating: 1193 &rarr; <strong>1168</strong><br />(-25 for losing)\n|l|\u260675etmi\n|player|p2|\n",
  "uploadtime": 1776458032,
  "views": 31,
  "formatid": "gen9championsvgc2026regma",
  "rating": 1168,
  "private": 0,
  "password": null
}