{
  "id": "gen9championsvgc2026regma-2580974807",
  "format": "[Gen 9 Champions] VGC 2026 Reg M-A",
  "players": [
    "tryson69",
    "banfox Doubloons"
  ],
  "log": "|j|\u2606tryson69\n|j|\u2606banfox Doubloons\n|html|<table width=\"100%\"><tr><td align=\"left\">tryson69</td><td align=\"right\">banfox Doubloons</tr><tr><td align=\"left\"><i class=\"fa fa-circle\"></i> <i class=\"fa fa-circle-o\"></i> </td><td align=\"right\"><i class=\"fa fa-circle-o\"></i> <i class=\"fa fa-circle\"></i> </tr></table>\n|uhtml|bestof|<h2><strong>Game 3</strong> of <a href=\"/game-bestof3-gen9championsvgc2026regma-2580968130\">a best-of-3</a></h2>\n|t:|1775948160\n|gametype|doubles\n|player|p1|tryson69|crasherwake|\n|player|p2|banfox Doubloons|gambler|\n|gen|9\n|tier|[Gen 9 Champions] VGC 2026 Reg M-A\n|rated|Tournament battle\n|rule|Species Clause: Limit one of each Pok\u00e9mon\n|rule|Item Clause: Limit 1 of each item\n|raw|<div class=\"infobox\"><details class=\"readmore\" open><summary><strong>2 custom rules:</strong></summary> Force Open Team Sheets, Best of = 3</details></div>\n|clearpoke\n|poke|p1|Aggron, L50, F|\n|poke|p1|Incineroar, L50, F|\n|poke|p1|Tyranitar, L50, M|\n|poke|p1|Rotom-Wash, L50|\n|poke|p1|Garchomp, L50, M|\n|poke|p1|Sinistcha, L50|\n|poke|p2|Venusaur, L50, F|\n|poke|p2|Basculegion, L50, M|\n|poke|p2|Incineroar, L50, F|\n|poke|p2|Dragonite, L50, F|\n|poke|p2|Aegislash, L50, F|\n|teampreview|4\n|showteam|p1|Aggron||Aggronite|Sturdy|BodyPress,IronDefense,HeavySlam,Protect|||F|||50|]Incineroar||LumBerry|Intimidate|FakeOut,FlareBlitz,WillOWisp,PartingShot|||F|||50|]Tyranitar||Tyranitarite|SandStream|RockSlide,KnockOff,LowKick,Protect|||M|||50|]Rotom-Wash||SitrusBerry|Levitate|Electroweb,HydroPump,WillOWisp,Protect||||||50|]Garchomp||Leftovers|SandVeil|Substitute,ScaleShot,SwordsDance,Earthquake|||M|||50|]Sinistcha||MentalHerb|Hospitality|MatchaGotcha,RagePowder,StrengthSap,TrickRoom||||||50|\n|showteam|p2|Venusaur||Venusaurite|Chlorophyll|SludgeBomb,EarthPower,LeechSeed,Protect|||F|||50|]Basculegion||ChoiceScarf|Adaptability|WaveCrash,LastRespects,FlipTurn,AquaJet|||M|||50|]Incineroar||ShucaBerry|Intimidate|FlareBlitz,PartingShot,FakeOut,DarkestLariat|||F|||50|]Dragonite||LumBerry|Multiscale|DragonClaw,AerialAce,ExtremeSpeed,Protect|||F|||50|]Aegislash||Leftovers|StanceChange|IronHead,SwordsDance,ShadowSneak,KingsShield|||F|||50|\n|inactive|Battle timer is ON: inactive players will automatically lose when time's up. (requested by banfox Doubloons)\n|\n|t:|1775948180\n|teamsize|p1|4\n|teamsize|p2|4\n|start\n|switch|p1a: Garchomp|Garchomp, L50, M|100/100\n|switch|p1b: Rotom|Rotom-Wash, L50|100/100\n|switch|p2a: Venusaur|Venusaur, L50, F|100/100\n|switch|p2b: Basculegion|Basculegion, L50, M|100/100\n|turn|1\n|j| missouri mott\n|\n|t:|1775948198\n|detailschange|p2a: Venusaur|Venusaur-Mega, L50, F\n|-mega|p2a: Venusaur|Venusaur|Venusaurite\n|move|p2b: Basculegion|Flip Turn|p1a: Garchomp\n|-damage|p1a: Garchomp|66/100\n|\n|t:|1775948202\n|switch|p2b: Dragonite|Dragonite, L50, F|100/100|[from] Flip Turn\n|move|p1a: Garchomp|Earthquake|p2a: Venusaur|[spread] p2a\n|-immune|p1b: Rotom|[from] ability: Levitate\n|-immune|p2b: Dragonite\n|-damage|p2a: Venusaur|73/100\n|move|p1b: Rotom|Hydro Pump|p2b: Dragonite\n|-resisted|p2b: Dragonite|1\n|-damage|p2b: Dragonite|91/100\n|move|p2a: Venusaur|Earth Power|p1a: Garchomp\n|-damage|p1a: Garchomp|43/100\n|\n|-heal|p1a: Garchomp|49/100|[from] item: Leftovers\n|upkeep\n|turn|2\n|\n|t:|1775948217\n|move|p2b: Dragonite|Protect|p2b: Dragonite\n|-singleturn|p2b: Dragonite|Protect\n|move|p1a: Garchomp|Scale Shot|p2b: Dragonite\n|-activate|p2b: Dragonite|move: Protect\n|move|p1b: Rotom|Will-O-Wisp|p2a: Venusaur\n|-status|p2a: Venusaur|brn\n|move|p2a: Venusaur|Leech Seed|p1a: Garchomp\n|-start|p1a: Garchomp|move: Leech Seed\n|\n|-heal|p1a: Garchomp|55/100|[from] item: Leftovers\n|-damage|p1a: Garchomp|43/100|[from] Leech Seed|[of] p2a: Venusaur\n|-heal|p2a: Venusaur|87/100 brn|[silent]\n|-damage|p2a: Venusaur|81/100 brn|[from] brn\n|upkeep\n|turn|3\n|\n|t:|1775948236\n|switch|p2b: Incineroar|Incineroar, L50, F|100/100\n|-ability|p2b: Incineroar|Intimidate|boost\n|-unboost|p1a: Garchomp|atk|1\n|-unboost|p1b: Rotom|atk|1\n|move|p1a: Garchomp|Scale Shot|p2b: Incineroar\n|-damage|p2b: Incineroar|93/100\n|-damage|p2b: Incineroar|87/100\n|-crit|p2b: Incineroar\n|-damage|p2b: Incineroar|70/100\n|-hitcount|p2b: Incineroar|3\n|-unboost|p1a: Garchomp|def|1\n|-boost|p1a: Garchomp|spe|1\n|move|p1b: Rotom|Hydro Pump|p2b: Incineroar\n|-supereffective|p2b: Incineroar|1\n|-damage|p2b: Incineroar|0 fnt\n|faint|p2b: Incineroar\n|move|p2a: Venusaur|Leech Seed|p1b: Rotom\n|-start|p1b: Rotom|move: Leech Seed\n|\n|-heal|p1a: Garchomp|49/100|[from] item: Leftovers\n|-damage|p1a: Garchomp|37/100|[from] Leech Seed|[of] p2a: Venusaur\n|-heal|p2a: Venusaur|95/100 brn|[silent]\n|-damage|p1b: Rotom|88/100|[from] Leech Seed|[of] p2a: Venusaur\n|-heal|p2a: Venusaur|100/100 brn|[silent]\n|-damage|p2a: Venusaur|95/100 brn|[from] brn\n|upkeep\n|\n|t:|1775948246\n|switch|p2b: Basculegion|Basculegion, L50, M|100/100\n|turn|4\n|\n|t:|1775948256\n|switch|p1a: Sinistcha|Sinistcha, L50|100/100\n|-heal|p1b: Rotom|100/100|[from] ability: Hospitality|[of] p1a: Sinistcha\n|switch|p2a: Dragonite|Dragonite, L50, F|91/100\n|move|p2b: Basculegion|Flip Turn|p1a: Sinistcha\n|-resisted|p1a: Sinistcha|1\n|-damage|p1a: Sinistcha|84/100\n|\n|t:|1775948259\n|switch|p2b: Venusaur|Venusaur-Mega, L50, F|95/100 brn|[from] Flip Turn\n|move|p1b: Rotom|Will-O-Wisp|p2b: Venusaur\n|-fail|p2b: Venusaur|brn\n|\n|-damage|p1b: Rotom|88/100|[from] Leech Seed|[of] p2a: Dragonite\n|-heal|p2a: Dragonite|100/100|[silent]\n|-damage|p2b: Venusaur|89/100 brn|[from] brn\n|upkeep\n|turn|5\n|\n|t:|1775948277\n|switch|p1a: Tyranitar|Tyranitar, L50, M|100/100\n|-weather|Sandstorm|[from] ability: Sand Stream|[of] p1a: Tyranitar\n|move|p1b: Rotom|Will-O-Wisp|p2a: Dragonite\n|-status|p2a: Dragonite|brn\n|-enditem|p2a: Dragonite|Lum Berry|[eat]\n|-curestatus|p2a: Dragonite|brn|[msg]\n|move|p2a: Dragonite|Aerial Ace|p1a: Tyranitar\n|-resisted|p1a: Tyranitar|1\n|-damage|p1a: Tyranitar|87/100\n|move|p2b: Venusaur|Sludge Bomb|p1a: Tyranitar\n|-resisted|p1a: Tyranitar|1\n|-damage|p1a: Tyranitar|76/100\n|-status|p1a: Tyranitar|psn\n|\n|-weather|Sandstorm|[upkeep]\n|-damage|p1b: Rotom|83/100|[from] Sandstorm\n|-damage|p2a: Dragonite|94/100|[from] Sandstorm\n|-damage|p2b: Venusaur|83/100 brn|[from] Sandstorm\n|-damage|p1b: Rotom|71/100|[from] Leech Seed|[of] p2a: Dragonite\n|-heal|p2a: Dragonite|100/100|[silent]\n|-damage|p1a: Tyranitar|64/100 psn|[from] psn\n|-damage|p2b: Venusaur|77/100 brn|[from] brn\n|upkeep\n|turn|6\n|\n|t:|1775948287\n|switch|p1a: Sinistcha|Sinistcha, L50|84/100\n|-heal|p1b: Rotom|95/100|[from] ability: Hospitality|[of] p1a: Sinistcha\n|move|p2a: Dragonite|Protect|p2a: Dragonite\n|-singleturn|p2a: Dragonite|Protect\n|move|p1b: Rotom|Will-O-Wisp|p2a: Dragonite\n|-activate|p2a: Dragonite|move: Protect\n|move|p2b: Venusaur|Leech Seed|p1a: Sinistcha\n|-immune|p1a: Sinistcha\n|\n|-weather|Sandstorm|[upkeep]\n|-damage|p1b: Rotom|90/100|[from] Sandstorm\n|-damage|p2a: Dragonite|94/100|[from] Sandstorm\n|-damage|p2b: Venusaur|71/100 brn|[from] Sandstorm\n|-damage|p1a: Sinistcha|78/100|[from] Sandstorm\n|-damage|p1b: Rotom|78/100|[from] Leech Seed|[of] p2a: Dragonite\n|-heal|p2a: Dragonite|100/100|[silent]\n|-damage|p2b: Venusaur|65/100 brn|[from] brn\n|upkeep\n|turn|7\n|\n|t:|1775948302\n|move|p1b: Rotom|Will-O-Wisp|p2a: Dragonite\n|-status|p2a: Dragonite|brn\n|move|p2a: Dragonite|Dragon Claw|p1b: Rotom\n|-damage|p1b: Rotom|53/100\n|move|p2b: Venusaur|Sludge Bomb|p1b: Rotom\n|-damage|p1b: Rotom|22/100\n|-enditem|p1b: Rotom|Sitrus Berry|[eat]\n|-heal|p1b: Rotom|46/100|[from] item: Sitrus Berry\n|move|p1a: Sinistcha|Strength Sap|p2a: Dragonite\n|-unboost|p2a: Dragonite|atk|1\n|-heal|p1a: Sinistcha|100/100\n|\n|-weather|Sandstorm|[upkeep]\n|-damage|p1b: Rotom|41/100|[from] Sandstorm\n|-damage|p2a: Dragonite|94/100 brn|[from] Sandstorm\n|-damage|p2b: Venusaur|59/100 brn|[from] Sandstorm\n|-damage|p1a: Sinistcha|94/100|[from] Sandstorm\n|-damage|p1b: Rotom|29/100|[from] Leech Seed|[of] p2a: Dragonite\n|-heal|p2a: Dragonite|100/100 brn|[silent]\n|-damage|p2a: Dragonite|94/100 brn|[from] brn\n|-damage|p2b: Venusaur|53/100 brn|[from] brn\n|upkeep\n|turn|8\n|inactive|banfox Doubloons has 30 seconds left.\n|\n|t:|1775948328\n|switch|p1b: Garchomp|Garchomp, L50, M|37/100\n|move|p2a: Dragonite|Dragon Claw|p1b: Garchomp\n|-supereffective|p1b: Garchomp|1\n|-damage|p1b: Garchomp|12/100\n|move|p2b: Venusaur|Leech Seed|p1a: Sinistcha\n|-immune|p1a: Sinistcha\n|move|p1a: Sinistcha|Matcha Gotcha|p2b: Venusaur|[spread] p2a,p2b\n|-resisted|p2a: Dragonite|2\n|-resisted|p2b: Venusaur|2\n|-damage|p2a: Dragonite|89/100 brn\n|-heal|p1a: Sinistcha|98/100|[from] drain|[of] p2a: Dragonite\n|-damage|p2b: Venusaur|49/100 brn\n|-heal|p1a: Sinistcha|99/100|[from] drain|[of] p2b: Venusaur\n|\n|-weather|Sandstorm|[upkeep]\n|-damage|p2a: Dragonite|83/100 brn|[from] Sandstorm\n|-damage|p2b: Venusaur|43/100 brn|[from] Sandstorm\n|-damage|p1a: Sinistcha|94/100|[from] Sandstorm\n|-heal|p1b: Garchomp|18/100|[from] item: Leftovers\n|-damage|p2a: Dragonite|77/100 brn|[from] brn\n|-damage|p2b: Venusaur|37/100 brn|[from] brn\n|upkeep\n|turn|9\n|\n|t:|1775948341\n|move|p2a: Dragonite|Extreme Speed|p1b: Garchomp\n|-damage|p1b: Garchomp|8/100\n|move|p1b: Garchomp|Earthquake|p2b: Venusaur|[spread] p1a,p2b\n|-immune|p2a: Dragonite\n|-resisted|p1a: Sinistcha|1\n|-damage|p1a: Sinistcha|79/100\n|-damage|p2b: Venusaur|9/100 brn\n|move|p2b: Venusaur|Sludge Bomb|p1a: Sinistcha\n|-damage|p1a: Sinistcha|41/100\n|-status|p1a: Sinistcha|psn\n|move|p1a: Sinistcha|Matcha Gotcha|p2a: Dragonite|[spread] p2a,p2b\n|-resisted|p2a: Dragonite|2\n|-resisted|p2b: Venusaur|2\n|-damage|p2a: Dragonite|72/100 brn\n|-heal|p1a: Sinistcha|44/100 psn|[from] drain|[of] p2a: Dragonite\n|-damage|p2b: Venusaur|6/100 brn\n|-heal|p1a: Sinistcha|45/100 psn|[from] drain|[of] p2b: Venusaur\n|\n|-weather|none\n|-heal|p1b: Garchomp|14/100|[from] item: Leftovers\n|-damage|p1a: Sinistcha|33/100 psn|[from] psn\n|-damage|p2a: Dragonite|66/100 brn|[from] brn\n|-damage|p2b: Venusaur|0 fnt|[from] brn\n|faint|p2b: Venusaur\n|upkeep\n|\n|t:|1775948344\n|switch|p2b: Basculegion|Basculegion, L50, M|100/100\n|turn|10\n|inactive|banfox Doubloons has 30 seconds left.\n|inactive|tryson69 has 30 seconds left.\n|\n|t:|1775948381\n|move|p1a: Sinistcha|Rage Powder|p1a: Sinistcha\n|-singleturn|p1a: Sinistcha|move: Rage Powder\n|move|p2b: Basculegion|Last Respects|p1a: Sinistcha\n|-supereffective|p1a: Sinistcha|1\n|-damage|p1a: Sinistcha|0 fnt\n|faint|p1a: Sinistcha\n|move|p1b: Garchomp|Scale Shot|p2b: Basculegion\n|-damage|p2b: Basculegion|87/100\n|-damage|p2b: Basculegion|71/100\n|-damage|p2b: Basculegion|58/100\n|-damage|p2b: Basculegion|44/100\n|-hitcount|p2b: Basculegion|4\n|-unboost|p1b: Garchomp|def|1\n|-boost|p1b: Garchomp|spe|1\n|move|p2a: Dragonite|Aerial Ace|p1b: Garchomp\n|-damage|p1b: Garchomp|0 fnt\n|faint|p1b: Garchomp\n|\n|-damage|p2a: Dragonite|60/100 brn|[from] brn\n|upkeep\n|\n|t:|1775948385\n|switch|p1b: Rotom|Rotom-Wash, L50|29/100\n|switch|p1a: Tyranitar|Tyranitar, L50, M|64/100 psn\n|-weather|Sandstorm|[from] ability: Sand Stream|[of] p1a: Tyranitar\n|turn|11\n|\n|t:|1775948394\n|detailschange|p1a: Tyranitar|Tyranitar-Mega, L50, M\n|-mega|p1a: Tyranitar|Tyranitar|Tyranitarite\n|move|p2b: Basculegion|Last Respects|p1a: Tyranitar\n|-resisted|p1a: Tyranitar|1\n|-damage|p1a: Tyranitar|34/100 psn\n|move|p1b: Rotom|Electroweb|p2b: Basculegion|[spread] p2a,p2b\n|-supereffective|p2b: Basculegion|1\n|-damage|p2a: Dragonite|44/100 brn\n|-damage|p2b: Basculegion|6/100\n|-unboost|p2a: Dragonite|spe|1\n|-unboost|p2b: Basculegion|spe|1\n|move|p1a: Tyranitar|Rock Slide|p2b: Basculegion|[spread] p2b\n|-miss|p1a: Tyranitar|p2a: Dragonite\n|-damage|p2b: Basculegion|0 fnt\n|faint|p2b: Basculegion\n|move|p2a: Dragonite|Dragon Claw|p1a: Tyranitar\n|-damage|p1a: Tyranitar|24/100 psn\n|\n|-weather|Sandstorm|[upkeep]\n|-damage|p1b: Rotom|23/100|[from] Sandstorm\n|-damage|p2a: Dragonite|38/100 brn|[from] Sandstorm\n|-damage|p1a: Tyranitar|12/100 psn|[from] psn\n|-damage|p2a: Dragonite|32/100 brn|[from] brn\n|upkeep\n|turn|12\n|\n|t:|1775948407\n|move|p2a: Dragonite|Protect|p2a: Dragonite\n|-singleturn|p2a: Dragonite|Protect\n|move|p1b: Rotom|Electroweb|p2a: Dragonite\n|-activate|p2a: Dragonite|move: Protect\n|move|p1a: Tyranitar|Rock Slide|p2a: Dragonite\n|-activate|p2a: Dragonite|move: Protect\n|\n|-weather|Sandstorm|[upkeep]\n|-damage|p1b: Rotom|17/100|[from] Sandstorm\n|-damage|p2a: Dragonite|26/100 brn|[from] Sandstorm\n|-damage|p1a: Tyranitar|0 fnt|[from] psn\n|faint|p1a: Tyranitar\n|-damage|p2a: Dragonite|20/100 brn|[from] brn\n|upkeep\n|turn|13\n|\n|t:|1775948420\n|move|p1b: Rotom|Protect|p1b: Rotom\n|-singleturn|p1b: Rotom|Protect\n|move|p2a: Dragonite|Extreme Speed|p1b: Rotom\n|-activate|p1b: Rotom|move: Protect\n|\n|-weather|Sandstorm|[upkeep]\n|-damage|p1b: Rotom|11/100|[from] Sandstorm\n|-damage|p2a: Dragonite|14/100 brn|[from] Sandstorm\n|-damage|p2a: Dragonite|8/100 brn|[from] brn\n|upkeep\n|turn|14\n|\n|t:|1775948426\n|move|p1b: Rotom|Protect|p1b: Rotom\n|-singleturn|p1b: Rotom|Protect\n|move|p2a: Dragonite|Extreme Speed|p1b: Rotom\n|-activate|p1b: Rotom|move: Protect\n|\n|-weather|Sandstorm|[upkeep]\n|-damage|p1b: Rotom|6/100|[from] Sandstorm\n|-damage|p2a: Dragonite|2/100 brn|[from] Sandstorm\n|-damage|p2a: Dragonite|0 fnt|[from] brn\n|faint|p2a: Dragonite\n|\n|win|tryson69\n",
  "uploadtime": 1775948428,
  "views": 14,
  "formatid": "gen9championsvgc2026regma",
  "rating": null,
  "private": 0,
  "password": null
}