{
  "id": "gen9championsvgc2026regma-2586814542",
  "format": "[Gen 9 Champions] VGC 2026 Reg M-A",
  "players": [
    "nessas bro",
    "RPDubs"
  ],
  "log": "|j|\u2606nessas bro\n|j|\u2606RPDubs\n|t:|1776462117\n|gametype|doubles\n|player|p1|nessas bro|blue-masters2|1103\n|player|p2|RPDubs|170|1112\n|gen|9\n|tier|[Gen 9 Champions] VGC 2026 Reg M-A\n|rated|\n|rule|Species Clause: Limit one of each Pok\u00e9mon\n|rule|Item Clause: Limit 1 of each item\n|clearpoke\n|poke|p1|Meganium, L50, F|\n|poke|p1|Aerodactyl, L50, F|\n|poke|p1|Politoed, L50, M|\n|poke|p1|Basculegion, L50, M|\n|poke|p1|Archaludon, L50, F|\n|poke|p1|Gengar, L50, M|\n|poke|p2|Gyarados, L50, F|\n|poke|p2|Farigiraf, L50, M|\n|poke|p2|Floette-Eternal, L50, F|\n|poke|p2|Sinistcha-Masterpiece, L50|\n|poke|p2|Mamoswine, L50, F|\n|poke|p2|Incineroar, L50, M|\n|teampreview|4\n|\n|t:|1776462163\n|teamsize|p1|4\n|teamsize|p2|4\n|start\n|switch|p1a: gen 1 fossil meta|Aerodactyl, L50, F|100/100\n|switch|p1b: politoe|Politoed, L50, M, shiny|100/100\n|switch|p2a: Mamoswine|Mamoswine, L50, F|100/100\n|switch|p2b: Floette|Floette-Eternal, L50, F|100/100\n|-ability|p1a: gen 1 fossil meta|Unnerve\n|-weather|RainDance|[from] ability: Drizzle|[of] p1b: politoe\n|turn|1\n|\n|t:|1776462182\n|detailschange|p2b: Floette|Floette-Mega, L50, F\n|-mega|p2b: Floette|Floette|Floettite\n|-ability|p2b: Floette|Fairy Aura\n|move|p2a: Mamoswine|Ice Shard|p1a: gen 1 fossil meta\n|-supereffective|p1a: gen 1 fossil meta|1\n|-damage|p1a: gen 1 fossil meta|32/100\n|move|p1a: gen 1 fossil meta|Tailwind|p1a: gen 1 fossil meta\n|-sidestart|p1: nessas bro|move: Tailwind\n|move|p1b: politoe|Weather Ball|p2a: Mamoswine\n|-supereffective|p2a: Mamoswine|1\n|-enditem|p2a: Mamoswine|Focus Sash\n|-damage|p2a: Mamoswine|1/100\n|move|p2b: Floette|Calm Mind|p2b: Floette\n|-boost|p2b: Floette|spa|1\n|-boost|p2b: Floette|spd|1\n|\n|-weather|RainDance|[upkeep]\n|upkeep\n|turn|2\n|\n|t:|1776462203\n|move|p2a: Mamoswine|Protect|p2a: Mamoswine\n|-singleturn|p2a: Mamoswine|Protect\n|move|p1a: gen 1 fossil meta|Rock Slide|p2a: Mamoswine|[spread] p2b\n|-activate|p2a: Mamoswine|move: Protect\n|-damage|p2b: Floette|76/100\n|move|p1b: politoe|Perish Song|p1b: politoe\n|-start|p1a: gen 1 fossil meta|perish3|[silent]\n|-start|p1b: politoe|perish3|[silent]\n|-start|p2a: Mamoswine|perish3|[silent]\n|-start|p2b: Floette|perish3|[silent]\n|-fieldactivate|move: Perish Song\n|move|p2b: Floette|Dazzling Gleam|p1a: gen 1 fossil meta|[spread] p1a,p1b\n|-damage|p1a: gen 1 fossil meta|0 fnt\n|-damage|p1b: politoe|44/100\n|faint|p1a: gen 1 fossil meta\n|\n|-weather|RainDance|[upkeep]\n|-heal|p1b: politoe|50/100|[from] item: Leftovers\n|-start|p1b: politoe|perish3\n|-start|p2b: Floette|perish3\n|-start|p2a: Mamoswine|perish3\n|upkeep\n|\n|t:|1776462215\n|switch|p1a: big feesh|Basculegion, L50, M, shiny|100/100\n|turn|3\n|\n|t:|1776462239\n|switch|p2a: Sinistcha|Sinistcha-Masterpiece, L50|100/100\n|-heal|p2b: Floette|100/100|[from] ability: Hospitality|[of] p2a: Sinistcha\n|switch|p2b: Gyarados|Gyarados, L50, F|100/100\n|-ability|p2b: Gyarados|Intimidate|boost\n|-unboost|p1a: big feesh|atk|1\n|-unboost|p1b: politoe|atk|1\n|move|p1a: big feesh|Wave Crash|p2b: Gyarados\n|-resisted|p2b: Gyarados|1\n|-damage|p2b: Gyarados|60/100\n|-damage|p1a: big feesh|89/100|[from] Recoil\n|move|p1b: politoe|Icy Wind|p2b: Gyarados|[spread] p2a,p2b\n|-supereffective|p2a: Sinistcha|1\n|-damage|p2a: Sinistcha|82/100\n|-damage|p2b: Gyarados|51/100\n|-unboost|p2a: Sinistcha|spe|1\n|-unboost|p2b: Gyarados|spe|1\n|\n|-weather|RainDance|[upkeep]\n|-heal|p1b: politoe|56/100|[from] item: Leftovers\n|-start|p1b: politoe|perish2\n|upkeep\n|turn|4\n|\n|t:|1776462257\n|switch|p1a: flower dino|Meganium, L50, F|100/100\n|move|p1b: politoe|Icy Wind|p2a: Sinistcha|[spread] p2a,p2b\n|-supereffective|p2a: Sinistcha|1\n|-damage|p2a: Sinistcha|62/100\n|-damage|p2b: Gyarados|40/100\n|-unboost|p2a: Sinistcha|spe|1\n|-unboost|p2b: Gyarados|spe|1\n|move|p2b: Gyarados|Dragon Dance|p2b: Gyarados\n|-boost|p2b: Gyarados|atk|1\n|-boost|p2b: Gyarados|spe|1\n|move|p2a: Sinistcha|Life Dew|p2a: Sinistcha|[spread] p2a,p2b\n|-heal|p2a: Sinistcha|87/100\n|-heal|p2b: Gyarados|65/100\n|\n|-weather|RainDance|[upkeep]\n|-heal|p1b: politoe|62/100|[from] item: Leftovers\n|-start|p1b: politoe|perish1\n|-sideend|p1: nessas bro|move: Tailwind\n|upkeep\n|turn|5\n|\n|t:|1776462272\n|detailschange|p1a: flower dino|Meganium-Mega, L50, F\n|-mega|p1a: flower dino|Meganium|Meganiumite\n|move|p1a: flower dino|Weather Ball|p2a: Sinistcha\n|-supereffective|p2a: Sinistcha|1\n|-damage|p2a: Sinistcha|0 fnt\n|faint|p2a: Sinistcha\n|move|p1b: politoe|Icy Wind|p2b: Gyarados\n|-damage|p2b: Gyarados|52/100\n|-unboost|p2b: Gyarados|spe|1\n|move|p2b: Gyarados|Crunch|p1b: politoe\n|-damage|p1b: politoe|24/100\n|\n|-weather|none\n|-heal|p1b: politoe|30/100|[from] item: Leftovers\n|-start|p1b: politoe|perish0\n|upkeep\n|faint|p1b: politoe\n|\n|t:|1776462285\n|switch|p1b: big feesh|Basculegion, L50, M, shiny|89/100\n|switch|p2a: Floette|Floette-Mega, L50, F|100/100\n|-ability|p2a: Floette|Fairy Aura\n|turn|6\n|\n|t:|1776462295\n|move|p1b: big feesh|Last Respects|p2a: Floette\n|-damage|p2a: Floette|8/100\n|move|p2a: Floette|Moonblast|p1b: big feesh\n|-damage|p1b: big feesh|15/100\n|move|p1a: flower dino|Solar Beam||[still]\n|-prepare|p1a: flower dino|Solar Beam\n|-activate|p1a: flower dino|ability: Mega Sol\n|-anim|p1a: flower dino|Solar Beam|p2b: Gyarados\n|-damage|p2b: Gyarados|0 fnt\n|faint|p2b: Gyarados\n|\n|upkeep\n|\n|t:|1776462303\n|switch|p2b: Mamoswine|Mamoswine, L50, F|1/100\n|turn|7\n|\n|t:|1776462308\n|move|p2b: Mamoswine|Ice Shard|p1b: big feesh\n|-resisted|p1b: big feesh|1\n|-damage|p1b: big feesh|3/100\n|move|p1b: big feesh|Last Respects|p2a: Floette\n|-crit|p2a: Floette\n|-damage|p2a: Floette|0 fnt\n|faint|p2a: Floette\n|move|p1a: flower dino|Dazzling Gleam|p2b: Mamoswine\n|-damage|p2b: Mamoswine|0 fnt\n|faint|p2b: Mamoswine\n|\n|win|nessas bro\n|raw|nessas bro's rating: 1103 &rarr; <strong>1129</strong><br />(+26 for winning)\n|raw|RPDubs's rating: 1112 &rarr; <strong>1086</strong><br />(-26 for losing)\n|c|\u2606nessas bro|gg\n|l|\u2606RPDubs\n|player|p2|\n",
  "uploadtime": 1776462319,
  "views": 38,
  "formatid": "gen9championsvgc2026regma",
  "rating": 1086,
  "private": 0,
  "password": null
}