{
  "id": "gen9championsvgc2026regma-2588253088",
  "format": "[Gen 9 Champions] VGC 2026 Reg M-A",
  "players": [
    "ppyyy-inertia",
    "138mysx"
  ],
  "log": "|j|\u2606ppyyy-inertia\n|j|\u2606138mysx\n|html|<table width=\"100%\"><tr><td align=\"left\">ppyyy-inertia</td><td align=\"right\">138mysx</tr><tr><td align=\"left\"><i class=\"fa fa-circle-o\"></i> <i class=\"fa fa-circle-o\"></i> </td><td align=\"right\"><i class=\"fa fa-circle-o\"></i> <i class=\"fa fa-circle\"></i> </tr></table>\n|uhtml|bestof|<h2><strong>Game 2</strong> of <a href=\"/game-bestof3-gen9championsvgc2026regma-2588249884\">a best-of-3</a></h2>\n|t:|1776618303\n|gametype|doubles\n|player|p1|ppyyy-inertia|elesa-gen5bw2|\n|player|p2|138mysx|2|\n|gen|9\n|tier|[Gen 9 Champions] VGC 2026 Reg M-A\n|rated|Tournament battle\n|rule|Species Clause: Limit one of each Pok\u00e9mon\n|rule|Item Clause: Limit 1 of each item\n|raw|<div class=\"infobox\"><details class=\"readmore\" open><summary><strong>1 custom rule:</strong></summary> Best of = 3</details></div>\n|clearpoke\n|poke|p1|Incineroar, L50, F|\n|poke|p1|Floette-Eternal, L50, F, shiny|\n|poke|p1|Zoroark-Hisui, L50, M, shiny|\n|poke|p1|Tinkaton, L50, F, shiny|\n|poke|p1|Dragonite, L50, M, shiny|\n|poke|p1|Garchomp, L50, F|\n|poke|p2|Garchomp, L50, F, shiny|\n|poke|p2|Gardevoir, L50, F, shiny|\n|poke|p2|Charizard, L50, M, shiny|\n|poke|p2|Milotic, L50, M|\n|poke|p2|Corviknight, L50, F, shiny|\n|poke|p2|Meowscarada, L50, F|\n|teampreview|4\n|\n|t:|1776618337\n|teamsize|p1|4\n|teamsize|p2|4\n|start\n|switch|p1a: Dragonite|Dragonite, L50, M, shiny|100/100\n|switch|p1b: Floette|Floette-Eternal, L50, F, shiny|100/100\n|switch|p2a: Milotic|Milotic, L50, M|100/100\n|switch|p2b: Gardevoir|Gardevoir, L50, F, shiny|100/100\n|turn|1\n|\n|t:|1776618354\n|detailschange|p1b: Floette|Floette-Mega, L50, F, shiny\n|-mega|p1b: Floette|Floette|Floettite\n|-ability|p1b: Floette|Fairy Aura\n|move|p2b: Gardevoir|Icy Wind|p1a: Dragonite|[spread] p1a\n|-miss|p2b: Gardevoir|p1b: Floette\n|-damage|p1a: Dragonite|71/100\n|-unboost|p1a: Dragonite|spe|1\n|replace|p1a: Zoroark|Zoroark-Hisui, L50, M, shiny\n|-end|p1a: Zoroark|Illusion\n|move|p1b: Floette|Calm Mind|p1b: Floette\n|-boost|p1b: Floette|spa|1\n|-boost|p1b: Floette|spd|1\n|move|p1a: Zoroark|Shadow Ball|p2b: Gardevoir\n|-supereffective|p2b: Gardevoir|1\n|-damage|p2b: Gardevoir|3/100\n|move|p2a: Milotic|Scald|p1b: Floette\n|-damage|p1b: Floette|86/100\n|\n|upkeep\n|turn|2\n|j| the main flutter\n|\n|t:|1776618400\n|switch|p1a: Tinkaton|Tinkaton, L50, F, shiny|100/100\n|move|p1b: Floette|Protect|p1b: Floette\n|-singleturn|p1b: Floette|Protect\n|move|p2b: Gardevoir|Icy Wind|p1b: Floette|[spread] p1a\n|-activate|p1b: Floette|move: Protect\n|-resisted|p1a: Tinkaton|1\n|-damage|p1a: Tinkaton|94/100\n|-unboost|p1a: Tinkaton|spe|1\n|move|p2a: Milotic|Scald|p1b: Floette\n|-activate|p1b: Floette|move: Protect\n|\n|upkeep\n|turn|3\n|\n|t:|1776618424\n|switch|p1a: Dragonite|Dragonite, L50, M, shiny|71/100\n|move|p2b: Gardevoir|Icy Wind|p1b: Floette|[spread] p1a,p1b\n|-damage|p1a: Dragonite|42/100\n|-damage|p1b: Floette|80/100\n|-unboost|p1a: Dragonite|spe|1\n|-unboost|p1b: Floette|spe|1\n|replace|p1a: Zoroark|Zoroark-Hisui, L50, M, shiny\n|-end|p1a: Zoroark|Illusion\n|move|p2a: Milotic|Scald|p1a: Zoroark\n|-damage|p1a: Zoroark|0 fnt\n|faint|p1a: Zoroark\n|move|p1b: Floette|Calm Mind|p1b: Floette\n|-boost|p1b: Floette|spa|1\n|-boost|p1b: Floette|spd|1\n|\n|upkeep\n|\n|t:|1776618435\n|switch|p1a: Tinkaton|Tinkaton, L50, F, shiny|94/100\n|turn|4\n|\n|t:|1776618472\n|switch|p2b: Corviknight|Corviknight, L50, F, shiny|100/100\n|move|p1a: Tinkaton|Fake Out|p2b: Corviknight\n|-resisted|p2b: Corviknight|1\n|-damage|p2b: Corviknight|96/100\n|move|p2a: Milotic|Recover||[still]\n|-fail|p2a: Milotic|heal\n|move|p1b: Floette|Moonblast|p2a: Milotic\n|-damage|p2a: Milotic|13/100\n|-enditem|p2a: Milotic|Sitrus Berry|[eat]\n|-heal|p2a: Milotic|38/100|[from] item: Sitrus Berry\n|\n|upkeep\n|turn|5\n|\n|t:|1776618492\n|move|p1a: Tinkaton|Play Rough|p2b: Corviknight|[miss]\n|-miss|p1a: Tinkaton|p2b: Corviknight\n|move|p2a: Milotic|Recover|p2a: Milotic\n|-heal|p2a: Milotic|88/100\n|move|p2b: Corviknight|Tailwind|p2b: Corviknight\n|-sidestart|p2: 138mysx|move: Tailwind\n|move|p1b: Floette|Moonblast|p2b: Corviknight\n|-resisted|p2b: Corviknight|1\n|-damage|p2b: Corviknight|36/100\n|\n|upkeep\n|turn|6\n|\n|t:|1776618512\n|move|p2b: Corviknight|Protect|p2b: Corviknight\n|-singleturn|p2b: Corviknight|Protect\n|move|p1b: Floette|Protect|p1b: Floette\n|-singleturn|p1b: Floette|Protect\n|move|p2a: Milotic|Scald|p1b: Floette\n|-activate|p1b: Floette|move: Protect\n|move|p1a: Tinkaton|Play Rough|p2a: Milotic\n|-damage|p2a: Milotic|45/100\n|\n|upkeep\n|turn|7\n|\n|t:|1776618535\n|switch|p1a: Dragonite|Dragonite, L50, M, shiny|100/100\n|move|p2a: Milotic|Recover|p2a: Milotic\n|-heal|p2a: Milotic|95/100\n|move|p2b: Corviknight|Iron Head|p1b: Floette\n|-supereffective|p1b: Floette|1\n|-damage|p1b: Floette|29/100\n|move|p1b: Floette|Dazzling Gleam|p2a: Milotic|[spread] p2a,p2b\n|-resisted|p2b: Corviknight|1\n|-damage|p2a: Milotic|40/100\n|-damage|p2b: Corviknight|0 fnt\n|faint|p2b: Corviknight\n|\n|upkeep\n|\n|t:|1776618544\n|switch|p2b: Gardevoir|Gardevoir, L50, F, shiny|3/100\n|turn|8\n|\n|t:|1776618572\n|move|p1b: Floette|Protect|p1b: Floette\n|-singleturn|p1b: Floette|Protect\n|move|p2b: Gardevoir|Psyshock|p1b: Floette\n|-activate|p1b: Floette|move: Protect\n|move|p2a: Milotic|Ice Beam|p1a: Dragonite\n|-supereffective|p1a: Dragonite|2\n|-damage|p1a: Dragonite|54/100\n|move|p1a: Dragonite|Tailwind|p1a: Dragonite\n|-sidestart|p1: ppyyy-inertia|move: Tailwind\n|\n|-sideend|p2: 138mysx|move: Tailwind\n|upkeep\n|turn|9\n|\n|t:|1776618585\n|move|p1a: Dragonite|Scale Shot|p2a: Milotic\n|-damage|p2a: Milotic|23/100\n|-damage|p2a: Milotic|6/100\n|-damage|p2a: Milotic|0 fnt\n|faint|p2a: Milotic\n|-hitcount|p2: Milotic|3\n|-unboost|p1a: Dragonite|def|1\n|-boost|p1a: Dragonite|spe|1\n|move|p2b: Gardevoir|Psyshock|p1b: Floette\n|-damage|p1b: Floette|0 fnt\n|faint|p1b: Floette\n|\n|upkeep\n|\n|t:|1776618592\n|switch|p1b: Tinkaton|Tinkaton, L50, F, shiny|94/100\n|switch|p2a: Charizard|Charizard, L50, M, shiny|100/100\n|turn|10\n|\n|t:|1776618607\n|detailschange|p2a: Charizard|Charizard-Mega-Y, L50, M, shiny\n|-mega|p2a: Charizard|Charizard|Charizardite Y\n|-weather|SunnyDay|[from] ability: Drought|[of] p2a: Charizard\n|move|p1b: Tinkaton|Fake Out|p2b: Gardevoir\n|-damage|p2b: Gardevoir|0 fnt\n|faint|p2b: Gardevoir\n|move|p1a: Dragonite|Scale Shot|p2a: Charizard\n|-damage|p2a: Charizard|75/100\n|-damage|p2a: Charizard|51/100\n|-damage|p2a: Charizard|23/100\n|-hitcount|p2a: Charizard|3\n|-unboost|p1a: Dragonite|def|1\n|-boost|p1a: Dragonite|spe|1\n|move|p2a: Charizard|Heat Wave|p1b: Tinkaton|[spread] p1a,p1b\n|-resisted|p1a: Dragonite|1\n|-supereffective|p1b: Tinkaton|1\n|-damage|p1a: Dragonite|21/100\n|-damage|p1b: Tinkaton|0 fnt\n|faint|p1b: Tinkaton\n|\n|-weather|SunnyDay|[upkeep]\n|upkeep\n|turn|11\n|\n|t:|1776618633\n|move|p2a: Charizard|Protect|p2a: Charizard\n|-singleturn|p2a: Charizard|Protect\n|move|p1a: Dragonite|Scale Shot|p2a: Charizard\n|-activate|p2a: Charizard|move: Protect\n|\n|-weather|SunnyDay|[upkeep]\n|-sideend|p1: ppyyy-inertia|move: Tailwind\n|upkeep\n|turn|12\n|\n|t:|1776618643\n|move|p1a: Dragonite|Scale Shot|p2a: Charizard|[miss]\n|-miss|p1a: Dragonite|p2a: Charizard\n|move|p2a: Charizard|Weather Ball|p1a: Dragonite\n|-resisted|p1a: Dragonite|1\n|-damage|p1a: Dragonite|0 fnt\n|faint|p1a: Dragonite\n|\n|win|138mysx\n",
  "uploadtime": 1776618647,
  "views": 9,
  "formatid": "gen9championsvgc2026regma",
  "rating": null,
  "private": 0,
  "password": null
}