{
  "id": "gen9championsvgc2026regma-2583629717",
  "format": "[Gen 9 Champions] VGC 2026 Reg M-A",
  "players": [
    "outofthebox215",
    "mazztermaz"
  ],
  "log": "|j|\u2606outofthebox215\n|j|\u2606mazztermaz\n|t:|1776187543\n|gametype|doubles\n|player|p1|outofthebox215|102|1000\n|player|p2|mazztermaz|2|1064\n|gen|9\n|tier|[Gen 9 Champions] VGC 2026 Reg M-A\n|rated|\n|rule|Species Clause: Limit one of each Pok\u00e9mon\n|rule|Item Clause: Limit 1 of each item\n|clearpoke\n|poke|p1|Drampa, L50, M|\n|poke|p1|Alakazam, L50, F|\n|poke|p1|Pelipper, L50, M|\n|poke|p1|Basculegion, L50, M|\n|poke|p1|Scizor, L50, F|\n|poke|p1|Sinistcha, L50|\n|poke|p2|Farigiraf, L50, M|\n|poke|p2|Ampharos, L50, M|\n|poke|p2|Sableye, L50, F|\n|poke|p2|Rotom-Wash, L50|\n|poke|p2|Armarouge, L50, F|\n|poke|p2|Aggron, L50, M|\n|teampreview|4\n|\n|t:|1776187563\n|teamsize|p1|4\n|teamsize|p2|4\n|start\n|switch|p1a: Basculegion|Basculegion, L50, M|100/100\n|switch|p1b: Alakazam|Alakazam, L50, F, shiny|100/100\n|switch|p2a: Ampharos|Ampharos, L50, M|100/100\n|switch|p2b: Farigiraf|Farigiraf, L50, M|100/100\n|turn|1\n|\n|t:|1776187593\n|move|p1a: Basculegion|Protect|p1a: Basculegion\n|-singleturn|p1a: Basculegion|Protect\n|move|p2a: Ampharos|Protect|p2a: Ampharos\n|-singleturn|p2a: Ampharos|Protect\n|move|p1b: Alakazam|Light Screen|p1b: Alakazam\n|-sidestart|p1: outofthebox215|move: Light Screen\n|move|p2b: Farigiraf|Trick Room|p2b: Farigiraf\n|-fieldstart|move: Trick Room|[of] p2b: Farigiraf\n|\n|upkeep\n|turn|2\n|\n|t:|1776187616\n|switch|p1a: Drampa|Drampa, L50, M, shiny|100/100\n|-ability|p1a: Drampa|Cloud Nine\n|detailschange|p2a: Ampharos|Ampharos-Mega, L50, M\n|-mega|p2a: Ampharos|Ampharos|Ampharosite\n|-ability|p2a: Ampharos|Mold Breaker\n|move|p2b: Farigiraf|Rain Dance|p2b: Farigiraf\n|-weather|RainDance\n|move|p2a: Ampharos|Thunder|p1a: Drampa|[miss]\n|-miss|p2a: Ampharos|p1a: Drampa\n|move|p1b: Alakazam|Speed Swap|p2a: Ampharos\n|-activate|p1b: Alakazam|move: Speed Swap|[of] p2a: Ampharos\n|\n|-weather|RainDance|[upkeep]\n|upkeep\n|turn|3\n|c|\u2606mazztermaz|i didn't even know there was a move named speed swap\n|\n|t:|1776187657\n|detailschange|p1a: Drampa|Drampa-Mega, L50, M, shiny\n|-mega|p1a: Drampa|Drampa|Drampanite\n|move|p1a: Drampa|Calm Mind|p1a: Drampa\n|-boost|p1a: Drampa|spa|1\n|-boost|p1a: Drampa|spd|1\n|move|p2b: Farigiraf|Psychic|p1a: Drampa\n|-damage|p1a: Drampa|87/100\n|move|p1b: Alakazam|Psychic|p2a: Ampharos\n|-damage|p2a: Ampharos|56/100\n|move|p2a: Ampharos|Dragon Pulse|p1a: Drampa\n|-supereffective|p1a: Drampa|1\n|-damage|p1a: Drampa|46/100\n|-ability|p1a: Drampa|Berserk|boost\n|-boost|p1a: Drampa|spa|1\n|\n|-weather|RainDance|[upkeep]\n|upkeep\n|turn|4\n|\n|t:|1776187676\n|switch|p2b: Armarouge|Armarouge, L50, F|100/100\n|switch|p1b: Sinistcha|Sinistcha, L50|100/100\n|-heal|p1a: Drampa|71/100|[from] ability: Hospitality|[of] p1b: Sinistcha\n|move|p2a: Ampharos|Protect|p2a: Ampharos\n|-singleturn|p2a: Ampharos|Protect\n|move|p1a: Drampa|Hyper Voice|p2b: Armarouge|[spread] p2b\n|-activate|p2a: Ampharos|move: Protect\n|-damage|p2b: Armarouge|0 fnt\n|faint|p2b: Armarouge\n|\n|-weather|RainDance|[upkeep]\n|upkeep\n|\n|t:|1776187693\n|switch|p2b: Rotom|Rotom-Wash, L50|100/100\n|turn|5\n|\n|t:|1776187709\n|move|p1a: Drampa|Hyper Voice|p2a: Ampharos|[spread] p2a,p2b\n|-damage|p2a: Ampharos|0 fnt\n|-damage|p2b: Rotom|6/100\n|faint|p2a: Ampharos\n|move|p1b: Sinistcha|Matcha Gotcha|p2b: Rotom\n|-supereffective|p2b: Rotom|1\n|-damage|p2b: Rotom|0 fnt\n|faint|p2b: Rotom\n|\n|-weather|RainDance|[upkeep]\n|-sideend|p1: outofthebox215|move: Light Screen\n|-fieldend|move: Trick Room\n|upkeep\n|-message|mazztermaz forfeited.\n|\n|win|outofthebox215\n|raw|outofthebox215's rating: 1000 &rarr; <strong>1047</strong><br />(+47 for winning)\n|raw|mazztermaz's rating: 1064 &rarr; <strong>1041</strong><br />(-23 for losing)\n|l|\u2606mazztermaz\n|player|p2|\n",
  "uploadtime": 1776187724,
  "views": 25,
  "formatid": "gen9championsvgc2026regma",
  "rating": 1041,
  "private": 0,
  "password": null
}