{
  "id": "gen9championsvgc2026regma-2581231179",
  "format": "[Gen 9 Champions] VGC 2026 Reg M-A",
  "players": [
    "StrikerMohamud",
    "Sanset0"
  ],
  "log": "|j|\u2606StrikerMohamud\n|j|\u2606Sanset0\n|t:|1775973762\n|gametype|doubles\n|player|p1|StrikerMohamud|unknown|1181\n|player|p2|Sanset0|265|1088\n|gen|9\n|tier|[Gen 9 Champions] VGC 2026 Reg M-A\n|rated|\n|rule|Species Clause: Limit one of each Pok\u00e9mon\n|rule|Item Clause: Limit 1 of each item\n|clearpoke\n|poke|p1|Kangaskhan, L50, F|\n|poke|p1|Incineroar, L50, M|\n|poke|p1|Azumarill, L50, M|\n|poke|p1|Froslass, L50, F|\n|poke|p1|Garchomp, L50, M|\n|poke|p1|Talonflame, L50, F|\n|poke|p2|Gengar, L50, M|\n|poke|p2|Sneasler, L50, M|\n|poke|p2|Incineroar, L50, M|\n|poke|p2|Ninetales-Alola, L50, M|\n|poke|p2|Sinistcha, L50|\n|poke|p2|Palafin, L50, F|\n|teampreview|4\n|inactive|Battle timer is ON: inactive players will automatically lose when time's up. (requested by Sanset0)\nStrikerMohamud has agreed to open team sheets.\n|inactive|StrikerMohamud has 60 seconds left.\n|inactive|StrikerMohamud has 30 seconds left.\n|\n|t:|1775973879\n|teamsize|p1|4\n|teamsize|p2|4\n|start\n|switch|p1a: Talonflame|Talonflame, L50, F, shiny|100/100\n|switch|p1b: Azumarill|Azumarill, L50, M, shiny|100/100\n|switch|p2a: Gengar|Gengar, L50, M|100/100\n|switch|p2b: Sneasler|Sneasler, L50, M|100/100\n|turn|1\n|\n|t:|1775973893\n|switch|p1a: Incineroar|Incineroar, L50, M, shiny|100/100\n|-ability|p1a: Incineroar|Intimidate|boost\n|-unboost|p2a: Gengar|atk|1\n|-unboost|p2b: Sneasler|atk|1\n|-enditem|p2b: Sneasler|White Herb\n|-clearnegativeboost|p2b: Sneasler|[silent]\n|detailschange|p2a: Gengar|Gengar-Mega, L50, M\n|-mega|p2a: Gengar|Gengar|Gengarite\n|move|p1b: Azumarill|Protect|p1b: Azumarill\n|-singleturn|p1b: Azumarill|Protect\n|move|p2b: Sneasler|Fake Out|p1a: Incineroar\n|-damage|p1a: Incineroar|86/100\n|move|p2a: Gengar|Sludge Bomb|p1b: Azumarill\n|-activate|p1b: Azumarill|move: Protect\n|\n|upkeep\n|turn|2\n|\n|t:|1775973917\n|move|p2a: Gengar|Protect|p2a: Gengar\n|-singleturn|p2a: Gengar|Protect\n|move|p1b: Azumarill|Aqua Jet|p2a: Gengar\n|-activate|p2a: Gengar|move: Protect\n|move|p2b: Sneasler|Close Combat|p1a: Incineroar\n|-supereffective|p1a: Incineroar|1\n|-damage|p1a: Incineroar|0 fnt\n|-unboost|p2b: Sneasler|def|1\n|-unboost|p2b: Sneasler|spd|1\n|faint|p1a: Incineroar\n|\n|upkeep\n|\n|t:|1775973929\n|switch|p1a: Kangaskhan|Kangaskhan, L50, F|100/100\n|turn|3\n|\n|t:|1775973942\n|switch|p2a: Incineroar|Incineroar, L50, M|100/100\n|-ability|p2a: Incineroar|Intimidate|boost\n|-fail|p1a: Kangaskhan|unboost|Attack|[from] ability: Scrappy|[of] p1a: Kangaskhan\n|-unboost|p1b: Azumarill|atk|1\n|move|p1a: Kangaskhan|Fake Out|p2a: Incineroar\n|-damage|p2a: Incineroar|85/100\n|move|p2b: Sneasler|Close Combat|p1a: Kangaskhan\n|-supereffective|p1a: Kangaskhan|1\n|-damage|p1a: Kangaskhan|0 fnt\n|-unboost|p2b: Sneasler|def|1\n|-unboost|p2b: Sneasler|spd|1\n|faint|p1a: Kangaskhan\n|move|p1b: Azumarill|Belly Drum|p1b: Azumarill\n|-damage|p1b: Azumarill|50/100\n|-setboost|p1b: Azumarill|atk|6|[from] move: Belly Drum\n|-enditem|p1b: Azumarill|Sitrus Berry|[eat]\n|-heal|p1b: Azumarill|75/100|[from] item: Sitrus Berry\n|\n|upkeep\n|\n|t:|1775973951\n|switch|p1a: Talonflame|Talonflame, L50, F, shiny|100/100\n|turn|4\n|\n|t:|1775973968\n|move|p1a: Talonflame|Quick Guard|p1a: Talonflame\n|-singleturn|p1a: Talonflame|Quick Guard\n|move|p2a: Incineroar|Fake Out|p1a: Talonflame\n|-activate|p1a: Talonflame|move: Quick Guard\n|move|p1b: Azumarill|Aqua Jet|p2b: Sneasler\n|-damage|p2b: Sneasler|0 fnt\n|faint|p2b: Sneasler\n|\n|upkeep\n|\n|t:|1775973979\n|switch|p2b: Gengar|Gengar-Mega, L50, M|100/100\n|turn|5\n|\n|t:|1775973998\n|move|p2b: Gengar|Protect|p2b: Gengar\n|-singleturn|p2b: Gengar|Protect\n|move|p1b: Azumarill|Aqua Jet|p2b: Gengar\n|-activate|p2b: Gengar|move: Protect\n|move|p1a: Talonflame|Taunt|p2a: Incineroar\n|-start|p2a: Incineroar|move: Taunt\n|move|p2a: Incineroar|Flare Blitz|p1b: Azumarill\n|-resisted|p1b: Azumarill|1\n|-damage|p1b: Azumarill|47/100\n|-damage|p2a: Incineroar|77/100|[from] Recoil\n|\n|upkeep\n|turn|6\n|\n|t:|1775974017\n|switch|p2b: Ninetales|Ninetales-Alola, L50, M|100/100\n|-weather|Snowscape|[from] ability: Snow Warning|[of] p2b: Ninetales\n|move|p1a: Talonflame|Dual Wingbeat|p2a: Incineroar\n|-damage|p2a: Incineroar|61/100\n|-damage|p2a: Incineroar|45/100\n|-hitcount|p2a: Incineroar|2\n|move|p1b: Azumarill|Aqua Jet|p2b: Ninetales\n|-damage|p2b: Ninetales|10/100\n|move|p2a: Incineroar|Flare Blitz|p1b: Azumarill\n|-resisted|p1b: Azumarill|1\n|-damage|p1b: Azumarill|17/100\n|-damage|p2a: Incineroar|36/100|[from] Recoil\n|\n|-weather|Snowscape|[upkeep]\n|upkeep\n|turn|7\n|inactive|Sanset0 has 30 seconds left.\n|\n|t:|1775974047\n|move|p1a: Talonflame|Dual Wingbeat|p2b: Ninetales\n|-damage|p2b: Ninetales|0 fnt\n|faint|p2b: Ninetales\n|-hitcount|p2: Ninetales|1\n|move|p1b: Azumarill|Aqua Jet|p2a: Incineroar\n|-supereffective|p2a: Incineroar|1\n|-damage|p2a: Incineroar|0 fnt\n|faint|p2a: Incineroar\n|\n|-weather|Snowscape|[upkeep]\n|upkeep\n|\n|t:|1775974060\n|switch|p2a: Gengar|Gengar-Mega, L50, M|100/100\n|turn|8\n|inactive|StrikerMohamud has 30 seconds left.\n|inactive|StrikerMohamud has 20 seconds left.\n|inactive|StrikerMohamud has 15 seconds left.\n|inactive|StrikerMohamud has 10 seconds left.\n|inactive|StrikerMohamud has 5 seconds left.\n|\n|t:|1775974113\n|move|p1a: Talonflame|Dual Wingbeat|p2a: Gengar\n|-damage|p2a: Gengar|76/100\n|-damage|p2a: Gengar|52/100\n|-hitcount|p2a: Gengar|2\n|move|p1b: Azumarill|Aqua Jet|p2a: Gengar\n|-damage|p2a: Gengar|0 fnt\n|faint|p2a: Gengar\n|\n|win|StrikerMohamud\n|raw|StrikerMohamud's rating: 1181 &rarr; <strong>1199</strong><br />(+18 for winning)\n|raw|Sanset0's rating: 1088 &rarr; <strong>1071</strong><br />(-17 for losing)\n",
  "uploadtime": 1775973764,
  "views": 11,
  "formatid": "gen9championsvgc2026regma",
  "rating": 1071,
  "private": 0,
  "password": null
}