{
  "id": "gen9championsvgc2026regma-2580804754",
  "format": "[Gen 9 Champions] VGC 2026 Reg M-A",
  "players": [
    "OrugaVeluga",
    "julius_cabral"
  ],
  "log": "|j|\u2606OrugaVeluga\n|j|\u2606julius_cabral\n|t:|1775933866\n|gametype|doubles\n|player|p1|OrugaVeluga|265|1042\n|player|p2|julius_cabral|102|1000\n|gen|9\n|tier|[Gen 9 Champions] VGC 2026 Reg M-A\n|rated|\n|rule|Species Clause: Limit one of each Pok\u00e9mon\n|rule|Item Clause: Limit 1 of each item\n|clearpoke\n|poke|p1|Chandelure, L50, M|\n|poke|p1|Whimsicott, L50, M|\n|poke|p1|Empoleon, L50, F|\n|poke|p1|Farigiraf, L50, M|\n|poke|p1|Hatterene, L50, F|\n|poke|p1|Conkeldurr, L50, F|\n|poke|p2|Meganium, L50, F|\n|poke|p2|Archaludon, L50, F|\n|poke|p2|Basculegion, L50, M|\n|poke|p2|Maushold, L50|\n|poke|p2|Politoed, L50, F|\n|poke|p2|Talonflame, L50, M|\n|teampreview|4\n|\n|t:|1775933891\n|teamsize|p1|4\n|teamsize|p2|4\n|start\n|switch|p1a: Farigiraf|Farigiraf, L50, M|100/100\n|switch|p1b: Hatterene|Hatterene, L50, F|100/100\n|switch|p2a: Meganium|Meganium, L50, F|100/100\n|switch|p2b: Archaludon|Archaludon, L50, F|100/100\n|turn|1\n|inactive|Battle timer is ON: inactive players will automatically lose when time's up. (requested by OrugaVeluga)\n|\n|t:|1775933922\n|switch|p1b: Conkeldurr|Conkeldurr, L50, F|100/100\n|detailschange|p2a: Meganium|Meganium-Mega, L50, F\n|-mega|p2a: Meganium|Meganium|Meganiumite\n|move|p2b: Archaludon|Flash Cannon|p1b: Conkeldurr\n|-damage|p1b: Conkeldurr|51/100\n|move|p2a: Meganium|Dazzling Gleam|p1b: Conkeldurr|[spread] p1a,p1b\n|-supereffective|p1b: Conkeldurr|1\n|-enditem|p1b: Conkeldurr|Roseli Berry|[eat]\n|-enditem|p1b: Conkeldurr|Roseli Berry|[weaken]\n|-damage|p1a: Farigiraf|67/100\n|-damage|p1b: Conkeldurr|6/100\n|move|p1a: Farigiraf|Trick Room|p1a: Farigiraf\n|-fieldstart|move: Trick Room|[of] p1a: Farigiraf\n|\n|upkeep\n|turn|2\n|inactive|OrugaVeluga has 30 seconds left.\n|inactive|julius_cabral has 30 seconds left.\n|inactive|julius_cabral has 20 seconds left.\n|\n|t:|1775933958\n|switch|p1a: Hatterene|Hatterene, L50, F|100/100\n|move|p1b: Conkeldurr|Protect|p1b: Conkeldurr\n|-singleturn|p1b: Conkeldurr|Protect\n|move|p2a: Meganium|Dazzling Gleam|p1b: Conkeldurr|[spread] p1a\n|-activate|p1b: Conkeldurr|move: Protect\n|-damage|p1a: Hatterene|62/100\n|move|p2b: Archaludon|Electro Shot||[still]\n|-prepare|p2b: Archaludon|Electro Shot\n|-boost|p2b: Archaludon|spa|1\n|\n|upkeep\n|turn|3\n|\n|t:|1775933977\n|move|p1a: Hatterene|Dazzling Gleam|p2a: Meganium|[spread] p2a,p2b\n|-damage|p2a: Meganium|65/100\n|-damage|p2b: Archaludon|45/100\n|move|p1b: Conkeldurr|Drain Punch|p2b: Archaludon\n|-supereffective|p2b: Archaludon|1\n|-damage|p2b: Archaludon|0 fnt\n|-heal|p1b: Conkeldurr|23/100|[from] drain|[of] p2b: Archaludon\n|faint|p2b: Archaludon\n|move|p2a: Meganium|Dazzling Gleam|p1b: Conkeldurr|[spread] p1a,p1b\n|-supereffective|p1b: Conkeldurr|1\n|-damage|p1a: Hatterene|20/100\n|-damage|p1b: Conkeldurr|0 fnt\n|faint|p1b: Conkeldurr\n|\n|upkeep\n|\n|t:|1775934000\n|switch|p1b: Chandelure|Chandelure, L50, M|100/100\n|switch|p2b: Politoed|Politoed, L50, F|100/100\n|-weather|RainDance|[from] ability: Drizzle|[of] p2b: Politoed\n|turn|4\n|\n|t:|1775934018\n|detailschange|p1b: Chandelure|Chandelure-Mega, L50, M\n|-mega|p1b: Chandelure|Chandelure|Chandelurite\n|move|p1a: Hatterene|Dazzling Gleam|p2a: Meganium|[spread] p2a,p2b\n|-damage|p2a: Meganium|29/100\n|-damage|p2b: Politoed|73/100\n|move|p2b: Politoed|Weather Ball|p1b: Chandelure\n|-supereffective|p1b: Chandelure|1\n|-damage|p1b: Chandelure|0 fnt\n|faint|p1b: Chandelure\n|move|p2a: Meganium|Earth Power|p1a: Hatterene\n|-damage|p1a: Hatterene|0 fnt\n|faint|p1a: Hatterene\n|\n|-weather|RainDance|[upkeep]\n|upkeep\n|\n|t:|1775934026\n|switch|p1b: Farigiraf|Farigiraf, L50, M|67/100\n|turn|5\n|\n|t:|1775934043\n|move|p2b: Politoed|Weather Ball|p1b: Farigiraf\n|-crit|p1b: Farigiraf\n|-damage|p1b: Farigiraf|0 fnt\n|faint|p1b: Farigiraf\n|\n|win|julius_cabral\n|raw|OrugaVeluga's rating: 1042 &rarr; <strong>1024</strong><br />(-18 for losing)\n|raw|julius_cabral's rating: 1000 &rarr; <strong>1045</strong><br />(+45 for winning)\n",
  "uploadtime": 1775934043,
  "views": 11,
  "formatid": "gen9championsvgc2026regma",
  "rating": 1024,
  "private": 0,
  "password": null
}