{
  "id": "gen9championsvgc2026regma-2584623940",
  "format": "[Gen 9 Champions] VGC 2026 Reg M-A",
  "players": [
    "meyownaze2",
    "TheGovestOne"
  ],
  "log": "|j|\u2606meyownaze2\n|j|\u2606TheGovestOne\n|t:|1776272813\n|gametype|doubles\n|player|p1|meyownaze2|preschooler|1201\n|player|p2|TheGovestOne|roxanne|1104\n|gen|9\n|tier|[Gen 9 Champions] VGC 2026 Reg M-A\n|rated|\n|rule|Species Clause: Limit one of each Pok\u00e9mon\n|rule|Item Clause: Limit 1 of each item\n|clearpoke\n|poke|p1|Aggron, L50, M|\n|poke|p1|Sinistcha-Masterpiece, L50|\n|poke|p1|Tyranitar, L50, M|\n|poke|p1|Aerodactyl, L50, M|\n|poke|p1|Sneasler, L50, F|\n|poke|p1|Primarina, L50, M|\n|poke|p2|Empoleon, L50, M|\n|poke|p2|Tyranitar, L50, M|\n|poke|p2|Excadrill, L50, F|\n|poke|p2|Incineroar, L50, M|\n|poke|p2|Scizor, L50, M|\n|poke|p2|Sinistcha, L50|\n|teampreview|4\n|inactive|Battle timer is ON: inactive players will automatically lose when time's up. (requested by meyownaze2)\n|inactive|meyownaze2 has 60 seconds left.\n|\n|t:|1776272856\n|teamsize|p1|4\n|teamsize|p2|4\n|start\n|switch|p1a: Mike Sneasley|Sneasler, L50, F|100/100\n|switch|p1b: Primarinaz Reid|Primarina, L50, M|100/100\n|switch|p2a: Incineroar|Incineroar, L50, M, shiny|100/100\n|switch|p2b: Excadrill|Excadrill, L50, F|100/100\n|-ability|p2a: Incineroar|Intimidate|boost\n|-unboost|p1a: Mike Sneasley|atk|1\n|-unboost|p1b: Primarinaz Reid|atk|1\n|turn|1\n|\n|t:|1776272877\n|move|p2b: Excadrill|Protect|p2b: Excadrill\n|-singleturn|p2b: Excadrill|Protect\n|move|p2a: Incineroar|Fake Out|p1b: Primarinaz Reid\n|-damage|p1b: Primarinaz Reid|89/100\n|move|p1a: Mike Sneasley|Close Combat|p2b: Excadrill\n|-activate|p2b: Excadrill|move: Protect\n|cant|p1b: Primarinaz Reid|flinch\n|\n|upkeep\n|turn|2\n|\n|t:|1776272895\n|switch|p2b: Sinistcha|Sinistcha, L50|100/100\n|move|p1a: Mike Sneasley|Close Combat|p2a: Incineroar\n|-supereffective|p2a: Incineroar|1\n|-damage|p2a: Incineroar|26/100\n|-unboost|p1a: Mike Sneasley|def|1\n|-unboost|p1a: Mike Sneasley|spd|1\n|-enditem|p2a: Incineroar|Sitrus Berry|[eat]\n|-heal|p2a: Incineroar|51/100|[from] item: Sitrus Berry\n|move|p2a: Incineroar|Parting Shot|p1b: Primarinaz Reid\n|-unboost|p1b: Primarinaz Reid|atk|1\n|-unboost|p1b: Primarinaz Reid|spa|1\n|\n|t:|1776272907\n|switch|p2a: Excadrill|Excadrill, L50, F|100/100|[from] Parting Shot\n|move|p1b: Primarinaz Reid|Hyper Voice|p2a: Excadrill|[spread] p2a,p2b\n|-supereffective|p2a: Excadrill|1\n|-resisted|p2b: Sinistcha|1\n|-damage|p2a: Excadrill|23/100\n|-damage|p2b: Sinistcha|83/100\n|\n|-heal|p2b: Sinistcha|89/100|[from] item: Leftovers\n|upkeep\n|turn|3\n|inactive|TheGovestOne has 30 seconds left.\n|\n|t:|1776272939\n|switch|p1b: Aggron James|Aggron, L50, M|100/100\n|move|p2a: Excadrill|Protect|p2a: Excadrill\n|-singleturn|p2a: Excadrill|Protect\n|move|p1a: Mike Sneasley|Dire Claw|p2b: Sinistcha\n|-damage|p2b: Sinistcha|58/100\n|-status|p2b: Sinistcha|par\n|cant|p2b: Sinistcha|par\n|\n|-heal|p2b: Sinistcha|64/100 par|[from] item: Leftovers\n|upkeep\n|turn|4\n|inactive|meyownaze2 has 30 seconds left.\n|\n|t:|1776272966\n|switch|p1a: Primarinaz Reid|Primarina, L50, M|89/100\n|detailschange|p1b: Aggron James|Aggron-Mega, L50, M\n|-mega|p1b: Aggron James|Aggron|Aggronite\n|move|p2a: Excadrill|Earthquake|p1b: Aggron James|[spread] p2b,p1a,p1b\n|-resisted|p2b: Sinistcha|1\n|-supereffective|p1b: Aggron James|1\n|-damage|p2b: Sinistcha|36/100 par\n|-damage|p1a: Primarinaz Reid|28/100\n|-damage|p1b: Aggron James|65/100\n|move|p1b: Aggron James|Body Press|p2a: Excadrill\n|-supereffective|p2a: Excadrill|1\n|-crit|p2a: Excadrill\n|-damage|p2a: Excadrill|0 fnt\n|faint|p2a: Excadrill\n|move|p2b: Sinistcha|Trick Room|p2b: Sinistcha\n|-fieldstart|move: Trick Room|[of] p2b: Sinistcha\n|\n|-heal|p2b: Sinistcha|42/100 par|[from] item: Leftovers\n|upkeep\n|\n|t:|1776272991\n|switch|p2a: Incineroar|Incineroar, L50, M, shiny|51/100\n|-ability|p2a: Incineroar|Intimidate|boost\n|-unboost|p1a: Primarinaz Reid|atk|1\n|-unboost|p1b: Aggron James|atk|1\n|turn|5\n|\n|t:|1776273006\n|move|p1b: Aggron James|Protect|p1b: Aggron James\n|-singleturn|p1b: Aggron James|Protect\n|move|p1a: Primarinaz Reid|Protect|p1a: Primarinaz Reid\n|-singleturn|p1a: Primarinaz Reid|Protect\n|move|p2a: Incineroar|Fake Out|p1a: Primarinaz Reid\n|-activate|p1a: Primarinaz Reid|move: Protect\n|move|p2b: Sinistcha|Matcha Gotcha|p1a: Primarinaz Reid|[spread] \n|-activate|p1a: Primarinaz Reid|move: Protect\n|-activate|p1b: Aggron James|move: Protect\n|\n|-heal|p2b: Sinistcha|49/100 par|[from] item: Leftovers\n|upkeep\n|turn|6\n|\n|t:|1776273024\n|move|p2b: Sinistcha|Matcha Gotcha|p1b: Aggron James|[spread] p1a,p1b\n|-supereffective|p1a: Primarinaz Reid|1\n|-resisted|p1b: Aggron James|1\n|-damage|p1a: Primarinaz Reid|0 fnt\n|-heal|p2b: Sinistcha|65/100 par|[from] drain|[of] p1a: Primarinaz Reid\n|-damage|p1b: Aggron James|49/100\n|-heal|p2b: Sinistcha|73/100 par|[from] drain|[of] p1b: Aggron James\n|faint|p1a: Primarinaz Reid\n|move|p1b: Aggron James|Heavy Slam|p2a: Incineroar\n|-resisted|p2a: Incineroar|1\n|-damage|p2a: Incineroar|38/100\n|move|p2a: Incineroar|Darkest Lariat|p1b: Aggron James\n|-damage|p1b: Aggron James|33/100\n|\n|-heal|p2b: Sinistcha|80/100 par|[from] item: Leftovers\n|upkeep\n|\n|t:|1776273036\n|switch|p1a: Mike Sneasley|Sneasler, L50, F|100/100\n|turn|7\n|inactive|TheGovestOne has 30 seconds left.\n|\n|t:|1776273062\n|move|p1a: Mike Sneasley|Fake Out|p2a: Incineroar\n|-damage|p2a: Incineroar|25/100\n|move|p2b: Sinistcha|Strength Sap|p1a: Mike Sneasley\n|-unboost|p1a: Mike Sneasley|atk|1\n|-heal|p2b: Sinistcha|100/100 par\n|move|p1b: Aggron James|Body Press|p2a: Incineroar\n|-supereffective|p2a: Incineroar|1\n|-damage|p2a: Incineroar|0 fnt\n|faint|p2a: Incineroar\n|\n|upkeep\n|\n|t:|1776273066\n|switch|p2a: Tyranitar|Tyranitar, L50, M|100/100\n|-weather|Sandstorm|[from] ability: Sand Stream|[of] p2a: Tyranitar\n|turn|8\n|\n|t:|1776273085\n|switch|p1a: Chawhi Leonard|Sinistcha-Masterpiece, L50|100/100\n|-heal|p1b: Aggron James|58/100|[from] ability: Hospitality|[of] p1a: Chawhi Leonard\n|detailschange|p2a: Tyranitar|Tyranitar-Mega, L50, M\n|-mega|p2a: Tyranitar|Tyranitar|Tyranitarite\n|move|p2a: Tyranitar|Protect|p2a: Tyranitar\n|-singleturn|p2a: Tyranitar|Protect\n|move|p2b: Sinistcha|Strength Sap|p1a: Chawhi Leonard\n|-unboost|p1a: Chawhi Leonard|atk|1\n|move|p1b: Aggron James|Iron Defense|p1b: Aggron James\n|-boost|p1b: Aggron James|def|2\n|\n|-weather|Sandstorm|[upkeep]\n|-damage|p2b: Sinistcha|94/100 par|[from] Sandstorm\n|-damage|p1a: Chawhi Leonard|94/100|[from] Sandstorm\n|-heal|p2b: Sinistcha|100/100 par|[from] item: Leftovers\n|-fieldend|move: Trick Room\n|upkeep\n|turn|9\n|\n|t:|1776273108\n|move|p1b: Aggron James|Protect|p1b: Aggron James\n|-singleturn|p1b: Aggron James|Protect\n|move|p2a: Tyranitar|Knock Off|p1a: Chawhi Leonard\n|-supereffective|p1a: Chawhi Leonard|1\n|-damage|p1a: Chawhi Leonard|0 fnt\n|-enditem|p1a: Chawhi Leonard|Sitrus Berry|[from] move: Knock Off|[of] p2a: Tyranitar\n|faint|p1a: Chawhi Leonard\n|move|p2b: Sinistcha|Strength Sap|p1b: Aggron James\n|-activate|p1b: Aggron James|move: Protect\n|\n|-weather|Sandstorm|[upkeep]\n|-damage|p2b: Sinistcha|94/100 par|[from] Sandstorm\n|-heal|p2b: Sinistcha|100/100 par|[from] item: Leftovers\n|upkeep\n|\n|t:|1776273115\n|switch|p1a: Mike Sneasley|Sneasler, L50, F|100/100\n|turn|10\n|\n|t:|1776273122\n|move|p2a: Tyranitar|Protect|p2a: Tyranitar\n|-singleturn|p2a: Tyranitar|Protect\n|move|p1a: Mike Sneasley|Fake Out|p2a: Tyranitar\n|-activate|p2a: Tyranitar|move: Protect\n|move|p1b: Aggron James|Body Press|p2a: Tyranitar\n|-activate|p2a: Tyranitar|move: Protect\n|move|p2b: Sinistcha|Strength Sap|p1a: Mike Sneasley\n|-unboost|p1a: Mike Sneasley|atk|1\n|\n|-weather|Sandstorm|[upkeep]\n|-damage|p1a: Mike Sneasley|95/100|[from] Sandstorm\n|-damage|p2b: Sinistcha|94/100 par|[from] Sandstorm\n|-heal|p2b: Sinistcha|100/100 par|[from] item: Leftovers\n|upkeep\n|turn|11\n|\n|t:|1776273147\n|move|p1a: Mike Sneasley|Close Combat|p2a: Tyranitar\n|-supereffective|p2a: Tyranitar|2\n|-damage|p2a: Tyranitar|0 fnt\n|-unboost|p1a: Mike Sneasley|def|1\n|-unboost|p1a: Mike Sneasley|spd|1\n|faint|p2a: Tyranitar\n|move|p1b: Aggron James|Body Press|p2b: Sinistcha\n|-immune|p2b: Sinistcha\n|move|p2b: Sinistcha|Matcha Gotcha|p1b: Aggron James|[spread] p1a,p1b\n|-resisted|p1a: Mike Sneasley|1\n|-resisted|p1b: Aggron James|1\n|-damage|p1a: Mike Sneasley|58/100\n|-damage|p1b: Aggron James|43/100\n|-status|p1a: Mike Sneasley|brn\n|-status|p1b: Aggron James|brn\n|\n|-weather|Sandstorm|[upkeep]\n|-damage|p1a: Mike Sneasley|52/100 brn|[from] Sandstorm\n|-damage|p2b: Sinistcha|94/100 par|[from] Sandstorm\n|-heal|p2b: Sinistcha|100/100 par|[from] item: Leftovers\n|-damage|p1a: Mike Sneasley|46/100 brn|[from] brn\n|-damage|p1b: Aggron James|38/100 brn|[from] brn\n|upkeep\n|turn|12\n|\n|t:|1776273156\n|move|p1a: Mike Sneasley|Dire Claw|p2b: Sinistcha\n|-damage|p2b: Sinistcha|86/100 par\n|move|p1b: Aggron James|Heavy Slam|p2b: Sinistcha\n|-crit|p2b: Sinistcha\n|-damage|p2b: Sinistcha|41/100 par\n|move|p2b: Sinistcha|Matcha Gotcha|p1b: Aggron James|[spread] p1a,p1b\n|-resisted|p1a: Mike Sneasley|1\n|-resisted|p1b: Aggron James|1\n|-damage|p1a: Mike Sneasley|15/100 brn\n|-heal|p2b: Sinistcha|56/100 par|[from] drain|[of] p1a: Mike Sneasley\n|-damage|p1b: Aggron James|23/100 brn\n|-heal|p2b: Sinistcha|63/100 par|[from] drain|[of] p1b: Aggron James\n|\n|-weather|none\n|-heal|p2b: Sinistcha|70/100 par|[from] item: Leftovers\n|-damage|p1a: Mike Sneasley|10/100 brn|[from] brn\n|-damage|p1b: Aggron James|18/100 brn|[from] brn\n|upkeep\n|turn|13\n|-message|meyownaze2 forfeited.\n|\n|win|TheGovestOne\n|raw|meyownaze2's rating: 1201 &rarr; <strong>1169</strong><br />(-32 for losing)\n|raw|TheGovestOne's rating: 1104 &rarr; <strong>1136</strong><br />(+32 for winning)\n|l|\u2606meyownaze2\n|player|p1|\n",
  "uploadtime": 1776273173,
  "views": 22,
  "formatid": "gen9championsvgc2026regma",
  "rating": 1136,
  "private": 0,
  "password": null
}