{
  "id": "gen9championsvgc2026regma-2588923687",
  "format": "[Gen 9 Champions] VGC 2026 Reg M-A",
  "players": [
    "ninjask 8",
    "mizutiga"
  ],
  "log": "|j|\u2606ninjask 8\n|j|\u2606mizutiga\n|t:|1776686301\n|gametype|doubles\n|player|p1|ninjask 8|hilbert-wonderlauncher|1122\n|player|p2|mizutiga|266|1047\n|gen|9\n|tier|[Gen 9 Champions] VGC 2026 Reg M-A\n|rated|\n|rule|Species Clause: Limit one of each Pok\u00e9mon\n|rule|Item Clause: Limit 1 of each item\n|clearpoke\n|poke|p1|Incineroar, L50, M|\n|poke|p1|Sneasler, L50, F|\n|poke|p1|Hydreigon, L50, M|\n|poke|p1|Whimsicott, L50, F|\n|poke|p1|Manectric, L50, M|\n|poke|p1|Glimmora, L50, M|\n|poke|p2|Serperior, L50, F, shiny|\n|poke|p2|Incineroar, L50, F|\n|poke|p2|Tauros-Paldea-Aqua, L50, M|\n|poke|p2|Pelipper, L50, M|\n|poke|p2|Dragonite, L50, M|\n|poke|p2|Milotic, L50, M|\n|teampreview|4\nninjask 8 rejected open team sheets.\n|\n|t:|1776686341\n|teamsize|p1|4\n|teamsize|p2|4\n|start\n|switch|p1a: Incineroar|Incineroar, L50, M|100/100\n|switch|p1b: Glimmora|Glimmora, L50, M|100/100\n|switch|p2a: Pelipper|Pelipper, L50, M|100/100\n|switch|p2b: Dragonite|Dragonite, L50, M|100/100\n|-weather|RainDance|[from] ability: Drizzle|[of] p2a: Pelipper\n|-ability|p1a: Incineroar|Intimidate|boost\n|-unboost|p2a: Pelipper|atk|1\n|-unboost|p2b: Dragonite|atk|1\n|turn|1\n|\n|t:|1776686356\n|move|p2a: Pelipper|Protect|p2a: Pelipper\n|-singleturn|p2a: Pelipper|Protect\n|move|p1a: Incineroar|Fake Out|p2b: Dragonite\n|-damage|p2b: Dragonite|93/100\n|move|p1b: Glimmora|Stealth Rock|p2a: Pelipper\n|-sidestart|p2: mizutiga|move: Stealth Rock\n|cant|p2b: Dragonite|flinch\n|\n|-weather|RainDance|[upkeep]\n|upkeep\n|turn|2\n|\n|t:|1776686376\n|move|p1b: Glimmora|Power Gem|p2a: Pelipper\n|-supereffective|p2a: Pelipper|1\n|-enditem|p2a: Pelipper|Focus Sash\n|-damage|p2a: Pelipper|1/100\n|move|p2b: Dragonite|Thunder|p1a: Incineroar\n|-damage|p1a: Incineroar|70/100\n|-status|p1a: Incineroar|par\n|move|p2a: Pelipper|Weather Ball|p1b: Glimmora\n|-supereffective|p1b: Glimmora|1\n|-enditem|p1b: Glimmora|Focus Sash\n|-damage|p1b: Glimmora|1/100\n|move|p1a: Incineroar|Darkest Lariat|p2b: Dragonite\n|-damage|p2b: Dragonite|54/100\n|\n|-weather|RainDance|[upkeep]\n|upkeep\n|turn|3\n|\n|t:|1776686407\n|move|p2a: Pelipper|Protect|p2a: Pelipper\n|-singleturn|p2a: Pelipper|Protect\n|move|p1b: Glimmora|Mortal Spin|p2a: Pelipper|[spread] p2b\n|-activate|p2a: Pelipper|move: Protect\n|-damage|p2b: Dragonite|49/100\n|-status|p2b: Dragonite|psn\n|move|p2b: Dragonite|Tailwind|p2b: Dragonite\n|-sidestart|p2: mizutiga|move: Tailwind\n|cant|p1a: Incineroar|par\n|\n|-weather|RainDance|[upkeep]\n|-damage|p2b: Dragonite|37/100 psn|[from] psn\n|upkeep\n|turn|4\n|\n|t:|1776686425\n|move|p2b: Dragonite|Draco Meteor|p1a: Incineroar\n|-crit|p1a: Incineroar\n|-damage|p1a: Incineroar|0 fnt\n|-unboost|p2b: Dragonite|spa|2\n|faint|p1a: Incineroar\n|move|p2a: Pelipper|U-turn|p1b: Glimmora\n|-resisted|p1b: Glimmora|1\n|-damage|p1b: Glimmora|0 fnt\n|-activate|p1b: Glimmora|ability: Toxic Debris\n|-sidestart|p2: mizutiga|move: Toxic Spikes\n|faint|p1b: Glimmora\n|\n|t:|1776686439\n|switch|p2a: Milotic|Milotic, L50, M|100/100|[from] U-turn\n|-damage|p2a: Milotic|88/100|[from] Stealth Rock\n|-status|p2a: Milotic|psn\n|\n|-weather|RainDance|[upkeep]\n|-heal|p2a: Milotic|94/100 psn|[from] item: Leftovers\n|-damage|p2b: Dragonite|25/100 psn|[from] psn\n|-damage|p2a: Milotic|82/100 psn|[from] psn\n|upkeep\n|\n|t:|1776686444\n|switch|p1b: Sneasler|Sneasler, L50, F|100/100\n|switch|p1a: Manectric|Manectric, L50, M|100/100\n|turn|5\n|\n|t:|1776686469\n|switch|p2a: Serperior|Serperior, L50, F, shiny|100/100\n|-damage|p2a: Serperior|88/100|[from] Stealth Rock\n|-status|p2a: Serperior|psn\n|detailschange|p1a: Manectric|Manectric-Mega, L50, M\n|-mega|p1a: Manectric|Manectric|Manectite\n|-ability|p1a: Manectric|Intimidate|boost\n|-boost|p2a: Serperior|atk|1\n|-unboost|p2b: Dragonite|atk|1\n|move|p2b: Dragonite|Protect|p2b: Dragonite\n|-singleturn|p2b: Dragonite|Protect\n|move|p1b: Sneasler|Fake Out|p2b: Dragonite\n|-activate|p2b: Dragonite|move: Protect\n|move|p1a: Manectric|Thunderbolt|p2a: Serperior\n|-resisted|p2a: Serperior|1\n|-damage|p2a: Serperior|56/100 psn\n|\n|-weather|none\n|-damage|p2a: Serperior|44/100 psn|[from] psn\n|-damage|p2b: Dragonite|13/100 psn|[from] psn\n|upkeep\n|turn|6\n|\n|t:|1776686513\n|detailschange|p2b: Dragonite|Dragonite-Mega, L50, M\n|-mega|p2b: Dragonite|Dragonite|Dragoninite\n|move|p2a: Serperior|Leaf Storm|p1a: Manectric\n|-damage|p1a: Manectric|20/100\n|-boost|p2a: Serperior|spa|2\n|move|p2b: Dragonite|Draco Meteor|p1b: Sneasler\n|-damage|p1b: Sneasler|53/100\n|-unboost|p2b: Dragonite|spa|2\n|move|p1a: Manectric|Flamethrower|p2a: Serperior\n|-supereffective|p2a: Serperior|1\n|-damage|p2a: Serperior|0 fnt\n|faint|p2a: Serperior\n|move|p1b: Sneasler|Close Combat|p2b: Dragonite\n|-resisted|p2b: Dragonite|1\n|-damage|p2b: Dragonite|0 fnt\n|-unboost|p1b: Sneasler|def|1\n|-unboost|p1b: Sneasler|spd|1\n|faint|p2b: Dragonite\n|-enditem|p1b: Sneasler|White Herb\n|-clearnegativeboost|p1b: Sneasler|[silent]\n|\n|-sideend|p2: mizutiga|move: Tailwind\n|upkeep\n|\n|t:|1776686527\n|switch|p2a: Pelipper|Pelipper, L50, M|1/100\n|switch|p2b: Milotic|Milotic, L50, M|82/100 psn\n|-damage|p2b: Milotic|69/100 psn|[from] Stealth Rock\n|-damage|p2a: Pelipper|0 fnt|[from] Stealth Rock\n|faint|p2a: Pelipper\n|turn|7\n|\n|t:|1776686536\n|move|p1b: Sneasler|Dire Claw|p2b: Milotic\n|-damage|p2b: Milotic|36/100 psn\n|move|p1a: Manectric|Thunderbolt|p2b: Milotic\n|-supereffective|p2b: Milotic|1\n|-damage|p2b: Milotic|0 fnt\n|faint|p2b: Milotic\n|\n|win|ninjask 8\n|raw|ninjask 8's rating: 1122 &rarr; <strong>1142</strong><br />(+20 for winning)\n|raw|mizutiga's rating: 1047 &rarr; <strong>1034</strong><br />(-13 for losing)\n",
  "uploadtime": 1776686537,
  "views": 10,
  "formatid": "gen9championsvgc2026regma",
  "rating": 1034,
  "private": 0,
  "password": null
}