{
  "id": "gen9championsvgc2026regma-2583644050",
  "format": "[Gen 9 Champions] VGC 2026 Reg M-A",
  "players": [
    "Mascabar999",
    "catpotatt"
  ],
  "log": "|j|\u2606Mascabar999\n|j|\u2606catpotatt\n|t:|1776188398\n|gametype|doubles\n|player|p1|Mascabar999|cynthia-masters|1117\n|player|p2|catpotatt|roxie|1182\n|gen|9\n|tier|[Gen 9 Champions] VGC 2026 Reg M-A\n|rated|\n|rule|Species Clause: Limit one of each Pok\u00e9mon\n|rule|Item Clause: Limit 1 of each item\n|clearpoke\n|poke|p1|Delphox, L50, M|\n|poke|p1|Garchomp, L50, F|\n|poke|p1|Maushold-Four, L50|\n|poke|p1|Corviknight, L50, M|\n|poke|p1|Sneasler, L50, M|\n|poke|p1|Meowscarada, L50, F|\n|poke|p2|Skarmory, L50, M|\n|poke|p2|Sneasler, L50, M|\n|poke|p2|Milotic, L50, M|\n|poke|p2|Incineroar, L50, M|\n|poke|p2|Glimmora, L50, M|\n|poke|p2|Dragapult, L50, M|\n|teampreview|4\n|inactive|Battle timer is ON: inactive players will automatically lose when time's up. (requested by Mascabar999)\n|inactive|Mascabar999 has 60 seconds left.\n|\n|t:|1776188433\n|teamsize|p1|4\n|teamsize|p2|4\n|start\n|switch|p1a: Garchomp|Garchomp, L50, F|100/100\n|switch|p1b: Corviknight|Corviknight, L50, M|100/100\n|switch|p2a: Dragapult|Dragapult, L50, M|100/100\n|switch|p2b: Sneasler|Sneasler, L50, M|100/100\n|turn|1\n|inactive|catpotatt has 30 seconds left.\n|\n|t:|1776188467\n|switch|p2b: Incineroar|Incineroar, L50, M|100/100\n|-ability|p2b: Incineroar|Intimidate|boost\n|-unboost|p1a: Garchomp|atk|1\n|-ability|p1b: Corviknight|Mirror Armor\n|-unboost|p2b: Incineroar|atk|1\n|-enditem|p1a: Garchomp|White Herb\n|-clearnegativeboost|p1a: Garchomp|[silent]\n|move|p2a: Dragapult|Dragon Darts|p1a: Garchomp\n|-supereffective|p1a: Garchomp|1\n|-damage|p1a: Garchomp|35/100\n|-anim|p2a: Dragapult|Dragon Darts|p1b: Corviknight\n|-resisted|p1b: Corviknight|1\n|-crit|p1b: Corviknight\n|-damage|p1b: Corviknight|83/100\n|move|p1a: Garchomp|Earthquake|p2a: Dragapult|[spread] p2a,p2b\n|-immune|p1b: Corviknight\n|-supereffective|p2b: Incineroar|1\n|-enditem|p2b: Incineroar|Shuca Berry|[eat]\n|-enditem|p2b: Incineroar|Shuca Berry|[weaken]\n|-damage|p2a: Dragapult|48/100\n|-damage|p2b: Incineroar|70/100\n|move|p1b: Corviknight|Tailwind|p1b: Corviknight\n|-sidestart|p1: Mascabar999|move: Tailwind\n|\n|-heal|p1b: Corviknight|89/100|[from] item: Leftovers\n|upkeep\n|turn|2\n|\n|t:|1776188489\n|move|p2b: Incineroar|Fake Out|p1a: Garchomp\n|-damage|p1a: Garchomp|26/100\n|cant|p1a: Garchomp|flinch\n|move|p2a: Dragapult|Dragon Darts|p1a: Garchomp\n|-supereffective|p1a: Garchomp|1\n|-damage|p1a: Garchomp|0 fnt\n|-anim|p2a: Dragapult|Dragon Darts|p1b: Corviknight\n|-resisted|p1b: Corviknight|1\n|-damage|p1b: Corviknight|78/100\n|faint|p1a: Garchomp\n|move|p1b: Corviknight|Body Press|p2b: Incineroar\n|-supereffective|p2b: Incineroar|1\n|-damage|p2b: Incineroar|39/100\n|\n|-heal|p1b: Corviknight|83/100|[from] item: Leftovers\n|upkeep\n|\n|t:|1776188496\n|switch|p1a: Delphox|Delphox, L50, M|100/100\n|turn|3\n|\n|t:|1776188506\n|switch|p1b: Sneasler|Sneasler, L50, M|100/100\n|move|p2a: Dragapult|Protect|p2a: Dragapult\n|-singleturn|p2a: Dragapult|Protect\n|move|p1a: Delphox|Calm Mind|p1a: Delphox\n|-boost|p1a: Delphox|spa|1\n|-boost|p1a: Delphox|spd|1\n|move|p2b: Incineroar|Throat Chop|p1a: Delphox\n|-supereffective|p1a: Delphox|1\n|-damage|p1a: Delphox|27/100\n|-start|p1a: Delphox|Throat Chop|[silent]\n|\n|upkeep\n|turn|4\n|inactive|catpotatt has 30 seconds left.\n|\n|t:|1776188533\n|switch|p2a: Sneasler|Sneasler, L50, M|100/100\n|move|p1b: Sneasler|Fake Out|p2b: Incineroar\n|-damage|p2b: Incineroar|26/100\n|move|p1a: Delphox|Psyshock|p2a: Sneasler\n|-supereffective|p2a: Sneasler|2\n|-enditem|p2a: Sneasler|Focus Sash\n|-damage|p2a: Sneasler|1/100\n|cant|p2b: Incineroar|flinch\n|\n|-end|p1a: Delphox|Throat Chop|[silent]\n|-sideend|p1: Mascabar999|move: Tailwind\n|upkeep\n|turn|5\n|\n|t:|1776188557\n|move|p1b: Sneasler|Protect|p1b: Sneasler\n|-singleturn|p1b: Sneasler|Protect\n|move|p1a: Delphox|Protect|p1a: Delphox\n|-singleturn|p1a: Delphox|Protect\n|move|p2a: Sneasler|Throat Chop|p1a: Delphox\n|-activate|p1a: Delphox|move: Protect\n|move|p2b: Incineroar|Parting Shot|p1b: Sneasler\n|-activate|p1b: Sneasler|move: Protect\n|\n|upkeep\n|turn|6\n|\n|t:|1776188581\n|move|p2a: Sneasler|Throat Chop|p1a: Delphox\n|-supereffective|p1a: Delphox|1\n|-damage|p1a: Delphox|0 fnt\n|faint|p1a: Delphox\n|move|p1b: Sneasler|Close Combat|p2b: Incineroar\n|-supereffective|p2b: Incineroar|1\n|-damage|p2b: Incineroar|0 fnt\n|-unboost|p1b: Sneasler|def|1\n|-unboost|p1b: Sneasler|spd|1\n|faint|p2b: Incineroar\n|\n|upkeep\n|\n|t:|1776188595\n|switch|p1a: Corviknight|Corviknight, L50, M|83/100\n|switch|p2b: Dragapult|Dragapult, L50, M|48/100\n|turn|7\n|\n|t:|1776188618\n|move|p2a: Sneasler|Close Combat|p1a: Corviknight\n|-damage|p1a: Corviknight|35/100\n|-unboost|p2a: Sneasler|def|1\n|-unboost|p2a: Sneasler|spd|1\n|move|p2b: Dragapult|Dragon Darts|p1b: Sneasler\n|-damage|p1b: Sneasler|23/100\n|-anim|p2b: Dragapult|Dragon Darts|p1a: Corviknight\n|-resisted|p1a: Corviknight|1\n|-damage|p1a: Corviknight|24/100\n|move|p1b: Sneasler|Dire Claw|p2a: Sneasler\n|-resisted|p2a: Sneasler|1\n|-damage|p2a: Sneasler|0 fnt\n|faint|p2a: Sneasler\n|move|p1a: Corviknight|Tailwind|p1a: Corviknight\n|-sidestart|p1: Mascabar999|move: Tailwind\n|\n|-heal|p1a: Corviknight|30/100|[from] item: Leftovers\n|upkeep\n|\n|t:|1776188628\n|switch|p2a: Glimmora|Glimmora, L50, M|100/100\n|turn|8\n|\n|t:|1776188646\n|detailschange|p2a: Glimmora|Glimmora-Mega, L50, M\n|-mega|p2a: Glimmora|Glimmora|Glimmoranite\n|move|p1b: Sneasler|Close Combat|p2a: Glimmora\n|-damage|p2a: Glimmora|20/100\n|-unboost|p1b: Sneasler|def|1\n|-unboost|p1b: Sneasler|spd|1\n|move|p2b: Dragapult|Phantom Force||[still]\n|-prepare|p2b: Dragapult|Phantom Force\n|move|p1a: Corviknight|Roost|p1a: Corviknight\n|-heal|p1a: Corviknight|80/100\n|-singleturn|p1a: Corviknight|move: Roost\n|move|p2a: Glimmora|Sludge Bomb|p1b: Sneasler\n|-resisted|p1b: Sneasler|1\n|-damage|p1b: Sneasler|0 fnt\n|faint|p1b: Sneasler\n|\n|-heal|p1a: Corviknight|86/100|[from] item: Leftovers\n|upkeep\n|turn|9\n|\n|t:|1776188666\n|move|p2a: Glimmora|Spiky Shield|p2a: Glimmora\n|-singleturn|p2a: Glimmora|move: Protect\n|move|p2b: Dragapult|Phantom Force|p1a: Corviknight|[from] lockedmove\n|-damage|p1a: Corviknight|54/100\n|move|p1a: Corviknight|Body Press|p2a: Glimmora\n|-activate|p2a: Glimmora|move: Protect\n|-damage|p1a: Corviknight|41/100|[from] Spiky Shield|[of] p2a: Glimmora\n|\n|-heal|p1a: Corviknight|47/100|[from] item: Leftovers\n|upkeep\n|turn|10\n|\n|t:|1776188676\n|move|p2b: Dragapult|Will-O-Wisp|p1a: Corviknight\n|-status|p1a: Corviknight|brn\n|move|p1a: Corviknight|Roost|p1a: Corviknight\n|-heal|p1a: Corviknight|98/100 brn\n|-singleturn|p1a: Corviknight|move: Roost\n|move|p2a: Glimmora|Power Gem|p1a: Corviknight\n|-resisted|p1a: Corviknight|1\n|-damage|p1a: Corviknight|75/100 brn\n|\n|-heal|p1a: Corviknight|80/100 brn|[from] item: Leftovers\n|-damage|p1a: Corviknight|75/100 brn|[from] brn\n|-sideend|p1: Mascabar999|move: Tailwind\n|upkeep\n|turn|11\n|\n|t:|1776188684\n|move|p2b: Dragapult|Phantom Force||[still]\n|-prepare|p2b: Dragapult|Phantom Force\n|move|p2a: Glimmora|Power Gem|p1a: Corviknight\n|-damage|p1a: Corviknight|23/100 brn\n|move|p1a: Corviknight|Tailwind|p1a: Corviknight\n|-sidestart|p1: Mascabar999|move: Tailwind\n|\n|-heal|p1a: Corviknight|29/100 brn|[from] item: Leftovers\n|-damage|p1a: Corviknight|23/100 brn|[from] brn\n|upkeep\n|turn|12\n|\n|t:|1776188691\n|move|p2b: Dragapult|Phantom Force|p1a: Corviknight|[from] lockedmove\n|-damage|p1a: Corviknight|0 fnt\n|faint|p1a: Corviknight\n|\n|win|catpotatt\n|raw|Mascabar999's rating: 1117 &rarr; <strong>1097</strong><br />(-20 for losing)\n|raw|catpotatt's rating: 1182 &rarr; <strong>1202</strong><br />(+20 for winning)\n|l|\u2606Mascabar999\n|player|p1|\n|c|\u2606catpotatt|gg\n",
  "uploadtime": 1776188697,
  "views": 15,
  "formatid": "gen9championsvgc2026regma",
  "rating": 1097,
  "private": 0,
  "password": null
}