{
  "id": "gen9championsvgc2026regma-2587231364",
  "format": "[Gen 9 Champions] VGC 2026 Reg M-A",
  "players": [
    "lolgz",
    "tav18"
  ],
  "log": "|j|\u2606lolgz\n|j|\u2606tav18\n|t:|1776512110\n|gametype|doubles\n|player|p1|lolgz|dawn|1282\n|player|p2|tav18|gentleman-gen4|1231\n|gen|9\n|tier|[Gen 9 Champions] VGC 2026 Reg M-A\n|rated|\n|rule|Species Clause: Limit one of each Pok\u00e9mon\n|rule|Item Clause: Limit 1 of each item\n|clearpoke\n|poke|p1|Charizard, L50, F|\n|poke|p1|Venusaur, L50, M|\n|poke|p1|Milotic, L50, M|\n|poke|p1|Incineroar, L50, M|\n|poke|p1|Garchomp, L50, M|\n|poke|p1|Gardevoir, L50, F|\n|poke|p2|Espathra, L50, F|\n|poke|p2|Incineroar, L50, F|\n|poke|p2|Garchomp, L50, M|\n|poke|p2|Floette-Eternal, L50, F|\n|poke|p2|Milotic, L50, F|\n|poke|p2|Kangaskhan, L50, F|\n|teampreview|4\n|l|\u2606tav18\n|player|p2|\n|j|\u2606tav18\n|player|p2|tav18|gentleman-gen4|\n|\n|t:|1776512192\n|teamsize|p1|4\n|teamsize|p2|4\n|start\n|switch|p1a: Charizard|Charizard, L50, F|100/100\n|switch|p1b: Venusaur|Venusaur, L50, M|100/100\n|switch|p2a: Garchomp|Garchomp, L50, M|100/100\n|switch|p2b: Milotic|Milotic, L50, F|100/100\n|turn|1\n|\n|t:|1776512239\n|detailschange|p1a: Charizard|Charizard-Mega-Y, L50, F\n|-mega|p1a: Charizard|Charizard|Charizardite Y\n|-weather|SunnyDay|[from] ability: Drought|[of] p1a: Charizard\n|move|p1b: Venusaur|Sleep Powder|p2a: Garchomp\n|-status|p2a: Garchomp|slp|[from] move: Sleep Powder\n|cant|p2a: Garchomp|slp\n|move|p1a: Charizard|Solar Beam||[still]\n|-prepare|p1a: Charizard|Solar Beam\n|-anim|p1a: Charizard|Solar Beam|p2b: Milotic\n|-supereffective|p2b: Milotic|1\n|-damage|p2b: Milotic|32/100\n|move|p2b: Milotic|Icy Wind|p1a: Charizard|[spread] p1b\n|-miss|p2b: Milotic|p1a: Charizard\n|-supereffective|p1b: Venusaur|1\n|-damage|p1b: Venusaur|73/100\n|-unboost|p1b: Venusaur|spe|1\n|\n|-weather|SunnyDay|[upkeep]\n|-heal|p2b: Milotic|38/100|[from] item: Leftovers\n|upkeep\n|turn|2\n|\n|t:|1776512285\n|move|p2b: Milotic|Protect|p2b: Milotic\n|-singleturn|p2b: Milotic|Protect\n|cant|p2a: Garchomp|slp\n|move|p1b: Venusaur|Energy Ball|p2b: Milotic\n|-activate|p2b: Milotic|move: Protect\n|move|p1a: Charizard|Heat Wave|p2a: Garchomp|[spread] p2a\n|-activate|p2b: Milotic|move: Protect\n|-resisted|p2a: Garchomp|1\n|-damage|p2a: Garchomp|68/100 slp\n|\n|-weather|SunnyDay|[upkeep]\n|-heal|p2b: Milotic|44/100|[from] item: Leftovers\n|upkeep\n|turn|3\n|\n|t:|1776512306\n|switch|p2b: Incineroar|Incineroar, L50, F|100/100\n|-ability|p2b: Incineroar|Intimidate|boost\n|-unboost|p1a: Charizard|atk|1\n|-unboost|p1b: Venusaur|atk|1\n|-curestatus|p2a: Garchomp|slp|[msg]\n|move|p2a: Garchomp|Rock Slide|p1b: Venusaur|[spread] p1a,p1b\n|-supereffective|p1a: Charizard|2\n|-crit|p1b: Venusaur\n|-damage|p1a: Charizard|0 fnt\n|-damage|p1b: Venusaur|37/100\n|faint|p1a: Charizard\n|cant|p1b: Venusaur|flinch\n|\n|-weather|SunnyDay|[upkeep]\n|upkeep\n|\n|t:|1776512313\n|switch|p1a: Gardevoir|Gardevoir, L50, F|100/100\n|turn|4\n|\n|t:|1776512329\n|move|p2a: Garchomp|Rock Slide|p1b: Venusaur|[spread] p1b\n|-miss|p2a: Garchomp|p1a: Gardevoir\n|-damage|p1b: Venusaur|11/100\n|move|p1a: Gardevoir|Dazzling Gleam|p2a: Garchomp|[spread] p2a,p2b\n|-supereffective|p2a: Garchomp|1\n|-damage|p2a: Garchomp|0 fnt\n|-damage|p2b: Incineroar|74/100\n|faint|p2a: Garchomp\n|move|p1b: Venusaur|Sleep Powder|p2b: Incineroar\n|-status|p2b: Incineroar|slp|[from] move: Sleep Powder\n|cant|p2b: Incineroar|slp\n|\n|-weather|SunnyDay|[upkeep]\n|upkeep\n|\n|t:|1776512349\n|switch|p2a: Floette|Floette-Eternal, L50, F|100/100\n|turn|5\n|\n|t:|1776512360\n|detailschange|p2a: Floette|Floette-Mega, L50, F\n|-mega|p2a: Floette|Floette|Floettite\n|-ability|p2a: Floette|Fairy Aura\n|move|p2a: Floette|Protect|p2a: Floette\n|-singleturn|p2a: Floette|Protect\n|move|p1a: Gardevoir|Dazzling Gleam|p2b: Incineroar|[spread] p2b\n|-activate|p2a: Floette|move: Protect\n|-damage|p2b: Incineroar|35/100 slp\n|-enditem|p2b: Incineroar|Sitrus Berry|[eat]\n|-heal|p2b: Incineroar|60/100 slp|[from] item: Sitrus Berry\n|move|p1b: Venusaur|Sleep Powder|p2a: Floette\n|-activate|p2a: Floette|move: Protect\n|cant|p2b: Incineroar|slp\n|\n|-weather|none\n|upkeep\n|turn|6\n|\n|t:|1776512388\n|switch|p2a: Milotic|Milotic, L50, F|44/100\n|move|p1a: Gardevoir|Dazzling Gleam|p2a: Milotic|[spread] p2a,p2b\n|-damage|p2a: Milotic|23/100\n|-damage|p2b: Incineroar|28/100 slp\n|move|p1b: Venusaur|Sludge Bomb|p2a: Milotic\n|-damage|p2a: Milotic|0 fnt\n|faint|p2a: Milotic\n|-curestatus|p2b: Incineroar|slp|[msg]\n|move|p2b: Incineroar|Flare Blitz|p1a: Gardevoir\n|-damage|p1a: Gardevoir|5/100\n|-damage|p2b: Incineroar|6/100|[from] Recoil\n|\n|upkeep\n|\n|t:|1776512403\n|switch|p2a: Floette|Floette-Mega, L50, F|100/100\n|-ability|p2a: Floette|Fairy Aura\n|turn|7\n|\n|t:|1776512457\n|move|p1a: Gardevoir|Dazzling Gleam|p2a: Floette|[spread] p2a,p2b\n|-damage|p2a: Floette|73/100\n|-damage|p2b: Incineroar|0 fnt\n|faint|p2b: Incineroar\n|move|p2a: Floette|Dazzling Gleam|p1b: Venusaur|[spread] p1a,p1b\n|-resisted|p1b: Venusaur|1\n|-damage|p1a: Gardevoir|0 fnt\n|-damage|p1b: Venusaur|0 fnt\n|faint|p1a: Gardevoir\n|faint|p1b: Venusaur\n|\n|upkeep\n|\n|t:|1776512460\n|switch|p1b: Milotic|Milotic, L50, M|100/100\n|turn|8\n|\n|t:|1776512476\n|move|p1b: Milotic|Scald|p2a: Floette\n|-damage|p2a: Floette|51/100\n|move|p2a: Floette|Moonblast|p1b: Milotic\n|-damage|p1b: Milotic|40/100\n|\n|-heal|p1b: Milotic|46/100|[from] item: Leftovers\n|upkeep\n|turn|9\n|\n|t:|1776512488\n|move|p1b: Milotic|Scald|p2a: Floette\n|-damage|p2a: Floette|28/100\n|-status|p2a: Floette|brn\n|move|p2a: Floette|Moonblast|p1b: Milotic\n|-damage|p1b: Milotic|0 fnt\n|faint|p1b: Milotic\n|\n|win|tav18\n|raw|lolgz's rating: 1282 &rarr; <strong>1253</strong><br />(-29 for losing)\n|raw|tav18's rating: 1231 &rarr; <strong>1260</strong><br />(+29 for winning)\n",
  "uploadtime": 1776512488,
  "views": 21,
  "formatid": "gen9championsvgc2026regma",
  "rating": 1253,
  "private": 0,
  "password": null
}