{
  "id": "gen9championsvgc2026regma-2584359156",
  "format": "[Gen 9 Champions] VGC 2026 Reg M-A",
  "players": [
    "Kirbo5500",
    "Rockletz"
  ],
  "log": "|j|\u2606Kirbo5500\n|j|\u2606Rockletz\n|t:|1776254681\n|gametype|doubles\n|player|p1|Kirbo5500|265|1037\n|player|p2|Rockletz|hilda-wonderlauncher|1123\n|gen|9\n|tier|[Gen 9 Champions] VGC 2026 Reg M-A\n|rated|\n|rule|Species Clause: Limit one of each Pok\u00e9mon\n|rule|Item Clause: Limit 1 of each item\n|clearpoke\n|poke|p1|Meganium, L50, F|\n|poke|p1|Primarina, L50, F|\n|poke|p1|Incineroar, L50, M|\n|poke|p1|Hawlucha, L50, M|\n|poke|p1|Vivillon-Sun, L50, F|\n|poke|p1|Garchomp, L50, M|\n|poke|p2|Charizard, L50, F|\n|poke|p2|Venusaur, L50, M|\n|poke|p2|Garchomp, L50, M|\n|poke|p2|Basculegion, L50, M|\n|poke|p2|Incineroar, L50, M|\n|poke|p2|Sneasler, L50, M|\n|teampreview|4\n|\n|t:|1776254702\n|teamsize|p1|4\n|teamsize|p2|4\n|start\n|switch|p1a: Garchomp|Garchomp, L50, M|100/100\n|switch|p1b: Vivillon|Vivillon-Sun, L50, F|100/100\n|switch|p2a: Venusaur|Venusaur, L50, M|100/100\n|switch|p2b: Garchomp|Garchomp, L50, M|100/100\n|turn|1\n|\n|t:|1776254727\n|switch|p2a: Incineroar|Incineroar, L50, M|100/100\n|-ability|p2a: Incineroar|Intimidate|boost\n|-unboost|p1a: Garchomp|atk|1\n|-unboost|p1b: Vivillon|atk|1\n|move|p1a: Garchomp|Stealth Rock|p2a: Incineroar\n|-sidestart|p2: Rockletz|move: Stealth Rock\n|move|p1b: Vivillon|Hurricane|p2a: Incineroar\n|-damage|p2a: Incineroar|62/100\n|-start|p2a: Incineroar|confusion\n|move|p2b: Garchomp|Dragon Claw|p1a: Garchomp\n|-supereffective|p1a: Garchomp|1\n|-damage|p1a: Garchomp|6/100\n|-damage|p2b: Garchomp|88/100|[from] ability: Rough Skin|[of] p1a: Garchomp\n|\n|upkeep\n|turn|2\n|\n|t:|1776254760\n|move|p1a: Garchomp|Protect|p1a: Garchomp\n|-singleturn|p1a: Garchomp|Protect\n|-activate|p2a: Incineroar|confusion\n|-damage|p2a: Incineroar|50/100|[from] confusion\n|-enditem|p2a: Incineroar|Sitrus Berry|[eat]\n|-heal|p2a: Incineroar|75/100|[from] item: Sitrus Berry\n|move|p1b: Vivillon|Sleep Powder|p2b: Garchomp\n|-status|p2b: Garchomp|slp|[from] move: Sleep Powder\n|cant|p2b: Garchomp|slp\n|\n|upkeep\n|turn|3\n|inactive|Battle timer is ON: inactive players will automatically lose when time's up. (requested by Rockletz)\n|\n|t:|1776254818\n|switch|p2a: Venusaur|Venusaur, L50, M|100/100\n|-damage|p2a: Venusaur|88/100|[from] Stealth Rock\n|cant|p2b: Garchomp|slp\n|move|p1a: Garchomp|Breaking Swipe|p2a: Venusaur|[spread] p2a,p2b\n|-supereffective|p2b: Garchomp|1\n|-enditem|p2b: Garchomp|Haban Berry|[eat]\n|-enditem|p2b: Garchomp|Haban Berry|[weaken]\n|-damage|p2a: Venusaur|65/100\n|-damage|p2b: Garchomp|73/100 slp\n|-unboost|p2a: Venusaur|atk|1\n|-unboost|p2b: Garchomp|atk|1\n|-damage|p1a: Garchomp|0 fnt|[from] ability: Rough Skin|[of] p2b: Garchomp\n|faint|p1a: Garchomp\n|move|p1b: Vivillon|Pollen Puff|p1: Garchomp|[notarget]\n|-fail|p1b: Vivillon\n|\n|upkeep\n|\n|t:|1776254835\n|switch|p1a: Incineroar|Incineroar, L50, M|100/100\n|-ability|p1a: Incineroar|Intimidate|boost\n|-unboost|p2a: Venusaur|atk|1\n|-unboost|p2b: Garchomp|atk|1\n|turn|4\n|\n|t:|1776254853\n|switch|p2a: Incineroar|Incineroar, L50, M|75/100\n|-damage|p2a: Incineroar|50/100|[from] Stealth Rock\n|-ability|p2a: Incineroar|Intimidate|boost\n|-unboost|p1a: Incineroar|atk|1\n|-unboost|p1b: Vivillon|atk|1\n|move|p1a: Incineroar|Fake Out|p2a: Incineroar\n|-damage|p2a: Incineroar|41/100\n|move|p1b: Vivillon|Hurricane|p2a: Incineroar\n|-damage|p2a: Incineroar|1/100\n|-start|p2a: Incineroar|confusion\n|-curestatus|p2b: Garchomp|slp|[msg]\n|move|p2b: Garchomp|Rock Slide|p1b: Vivillon|[spread] p1a,p1b\n|-supereffective|p1a: Incineroar|1\n|-supereffective|p1b: Vivillon|2\n|-damage|p1a: Incineroar|78/100\n|-damage|p1b: Vivillon|24/100\n|\n|upkeep\n|turn|5\n|\n|t:|1776254871\n|-activate|p2a: Incineroar|confusion\n|move|p2a: Incineroar|Fake Out|p1b: Vivillon\n|-damage|p1b: Vivillon|2/100\n|cant|p1b: Vivillon|flinch\n|move|p2b: Garchomp|Rock Slide|p1a: Incineroar|[spread] p1a,p1b\n|-supereffective|p1a: Incineroar|1\n|-supereffective|p1b: Vivillon|2\n|-damage|p1a: Incineroar|55/100\n|-damage|p1b: Vivillon|0 fnt\n|faint|p1b: Vivillon\n|cant|p1a: Incineroar|flinch\n|\n|upkeep\n|\n|t:|1776254879\n|switch|p1b: Meganium|Meganium, L50, F|100/100\n|turn|6\n|\n|t:|1776254898\n|detailschange|p1b: Meganium|Meganium-Mega, L50, F\n|-mega|p1b: Meganium|Meganium|Meganiumite\n|move|p2b: Garchomp|Protect|p2b: Garchomp\n|-singleturn|p2b: Garchomp|Protect\n|move|p1b: Meganium|Solar Beam||[still]\n|-prepare|p1b: Meganium|Solar Beam\n|-activate|p1b: Meganium|ability: Mega Sol\n|-anim|p1b: Meganium|Solar Beam|p2b: Garchomp\n|-activate|p2b: Garchomp|move: Protect\n|move|p1a: Incineroar|Darkest Lariat|p2a: Incineroar\n|-resisted|p2a: Incineroar|1\n|-damage|p2a: Incineroar|0 fnt\n|faint|p2a: Incineroar\n|\n|upkeep\n|\n|t:|1776254918\n|switch|p2a: Venusaur|Venusaur, L50, M|65/100\n|-damage|p2a: Venusaur|53/100|[from] Stealth Rock\n|turn|7\n|\n|t:|1776254928\n|switch|p2b: Charizard|Charizard, L50, F|100/100\n|-damage|p2b: Charizard|51/100|[from] Stealth Rock\n|move|p1b: Meganium|Solar Beam||[still]\n|-prepare|p1b: Meganium|Solar Beam\n|-activate|p1b: Meganium|ability: Mega Sol\n|-anim|p1b: Meganium|Solar Beam|p2b: Charizard\n|-resisted|p2b: Charizard|2\n|-damage|p2b: Charizard|30/100\n|move|p1a: Incineroar|Flare Blitz|p2a: Venusaur\n|-supereffective|p2a: Venusaur|1\n|-damage|p2a: Venusaur|0 fnt\n|faint|p2a: Venusaur\n|-damage|p1a: Incineroar|39/100|[from] Recoil\n|-enditem|p1a: Incineroar|Sitrus Berry|[eat]\n|-heal|p1a: Incineroar|64/100|[from] item: Sitrus Berry\n|\n|upkeep\n|\n|t:|1776254940\n|switch|p2a: Garchomp|Garchomp, L50, M|73/100\n|-damage|p2a: Garchomp|68/100|[from] Stealth Rock\n|turn|8\n|\n|t:|1776254948\n|detailschange|p2b: Charizard|Charizard-Mega-Y, L50, F\n|-mega|p2b: Charizard|Charizard|Charizardite Y\n|-weather|SunnyDay|[from] ability: Drought|[of] p2b: Charizard\n|move|p1b: Meganium|Protect|p1b: Meganium\n|-singleturn|p1b: Meganium|Protect\n|move|p2a: Garchomp|Earthquake|p1a: Incineroar|[spread] p1a\n|-activate|p1b: Meganium|move: Protect\n|-immune|p2b: Charizard\n|-supereffective|p1a: Incineroar|1\n|-damage|p1a: Incineroar|0 fnt\n|faint|p1a: Incineroar\n|move|p2b: Charizard|Heat Wave|p1b: Meganium\n|-activate|p1b: Meganium|move: Protect\n|\n|-weather|SunnyDay|[upkeep]\n|upkeep\n|turn|9\n|inactive|Kirbo5500 has 30 seconds left.\n|inactive|Kirbo5500 has 20 seconds left.\n|\n|t:|1776254984\n|move|p1b: Meganium|Weather Ball|p2b: Charizard\n|-resisted|p2b: Charizard|1\n|-damage|p2b: Charizard|0 fnt\n|faint|p2b: Charizard\n|move|p2a: Garchomp|Dragon Claw|p1b: Meganium\n|-immune|p1b: Meganium\n|\n|-weather|SunnyDay|[upkeep]\n|upkeep\n|turn|10\n|-message|Rockletz forfeited.\n|\n|win|Kirbo5500\n|raw|Kirbo5500's rating: 1037 &rarr; <strong>1080</strong><br />(+43 for winning)\n|raw|Rockletz's rating: 1123 &rarr; <strong>1092</strong><br />(-31 for losing)\n|l|\u2606Rockletz\n|player|p2|\n",
  "uploadtime": 1776255000,
  "views": 19,
  "formatid": "gen9championsvgc2026regma",
  "rating": 1080,
  "private": 0,
  "password": null
}