{
  "id": "gen9championsvgc2026regma-2583541476",
  "format": "[Gen 9 Champions] VGC 2026 Reg M-A",
  "players": [
    "ULTRAVIOLET583",
    "Thomacenzo"
  ],
  "log": "|j|\u2606ULTRAVIOLET583\n|j|\u2606Thomacenzo\n|t:|1776182171\n|gametype|doubles\n|player|p1|ULTRAVIOLET583|1|1078\n|player|p2|Thomacenzo|pokekid|1023\n|gen|9\n|tier|[Gen 9 Champions] VGC 2026 Reg M-A\n|rated|\n|rule|Species Clause: Limit one of each Pok\u00e9mon\n|rule|Item Clause: Limit 1 of each item\n|clearpoke\n|poke|p1|Pelipper, L50, M|\n|poke|p1|Starmie, L50|\n|poke|p1|Meganium, L50, M|\n|poke|p1|Incineroar, L50, M|\n|poke|p1|Palafin, L50, M|\n|poke|p1|Dragapult, L50, F|\n|poke|p2|Meowstic, L50, M|\n|poke|p2|Aegislash, L50, F|\n|poke|p2|Jolteon, L50, F|\n|poke|p2|Archaludon, L50, M|\n|poke|p2|Chimecho, L50, M|\n|poke|p2|Kangaskhan, L50, F|\n|teampreview|4\n|inactive|Battle timer is ON: inactive players will automatically lose when time's up. (requested by Thomacenzo)\n|\n|t:|1776182208\n|teamsize|p1|4\n|teamsize|p2|4\n|start\n|switch|p1a: Pelipper|Pelipper, L50, M|100/100\n|switch|p1b: Palafin|Palafin, L50, M|100/100\n|switch|p2a: Archaludon|Archaludon, L50, M|100/100\n|switch|p2b: Chimecho|Chimecho, L50, M|100/100\n|-weather|RainDance|[from] ability: Drizzle|[of] p1a: Pelipper\n|turn|1\n|inactive|ULTRAVIOLET583 has 30 seconds left.\n|inactive|ULTRAVIOLET583 has 20 seconds left.\n|\n|t:|1776182246\n|move|p1b: Palafin|Flip Turn|p2b: Chimecho\n|-damage|p2b: Chimecho|66/100\n|\n|t:|1776182258\n|detailschange|p1b: Palafin|Palafin-Hero, L50, M\n|switch|p1b: Incineroar|Incineroar, L50, M|100/100|[from] Flip Turn\n|-ability|p1b: Incineroar|Intimidate|boost\n|-unboost|p2a: Archaludon|atk|1\n|-unboost|p2b: Chimecho|atk|1\n|-enditem|p2b: Chimecho|White Herb\n|-clearnegativeboost|p2b: Chimecho|[silent]\n|move|p2a: Archaludon|Electro Shot||[still]\n|-prepare|p2a: Archaludon|Electro Shot\n|-boost|p2a: Archaludon|spa|1\n|-anim|p2a: Archaludon|Electro Shot|p1a: Pelipper\n|-supereffective|p1a: Pelipper|2\n|-damage|p1a: Pelipper|0 fnt\n|faint|p1a: Pelipper\n|move|p2b: Chimecho|Cosmic Power|p2b: Chimecho\n|-boost|p2b: Chimecho|def|1\n|-boost|p2b: Chimecho|spd|1\n|\n|-weather|RainDance|[upkeep]\n|upkeep\n|inactive|ULTRAVIOLET583 has 30 seconds left.\n|inactive|ULTRAVIOLET583 has 20 seconds left.\n|\n|t:|1776182297\n|switch|p1a: Palafin|Palafin-Hero, L50, M|100/100\n|-activate|p1a: Palafin|ability: Zero to Hero\n|turn|2\n|\n|t:|1776182306\n|move|p1b: Incineroar|Fake Out|p2a: Archaludon\n|-resisted|p2a: Archaludon|1\n|-damage|p2a: Archaludon|96/100\n|-ability|p2a: Archaludon|Stamina|boost\n|-boost|p2a: Archaludon|def|1\n|move|p1a: Palafin|Wave Crash|p2b: Chimecho\n|-damage|p2b: Chimecho|0 fnt\n|faint|p2b: Chimecho\n|-damage|p1a: Palafin|82/100|[from] Recoil\n|cant|p2a: Archaludon|flinch\n|\n|-weather|RainDance|[upkeep]\n|upkeep\n|\n|t:|1776182316\n|switch|p2b: Aegislash|Aegislash, L50, F|100/100\n|turn|3\n|\n|t:|1776182330\n|move|p1a: Palafin|Wave Crash|p2b: Aegislash\n|-damage|p2b: Aegislash|0 fnt\n|faint|p2b: Aegislash\n|-damage|p1a: Palafin|56/100|[from] Recoil\n|move|p2a: Archaludon|Electro Shot||[still]\n|-prepare|p2a: Archaludon|Electro Shot\n|-boost|p2a: Archaludon|spa|1\n|-anim|p2a: Archaludon|Electro Shot|p1a: Palafin\n|-supereffective|p1a: Palafin|1\n|-damage|p1a: Palafin|0 fnt\n|faint|p1a: Palafin\n|move|p1b: Incineroar|Parting Shot|p2a: Archaludon\n|-unboost|p2a: Archaludon|atk|1\n|-unboost|p2a: Archaludon|spa|1\n|\n|t:|1776182343\n|switch|p1b: Starmie|Starmie, L50|100/100|[from] Parting Shot\n|\n|-weather|RainDance|[upkeep]\n|upkeep\n|\n|t:|1776182345\n|switch|p1a: Incineroar|Incineroar, L50, M|100/100\n|switch|p2b: Kangaskhan|Kangaskhan, L50, F|100/100\n|-ability|p1a: Incineroar|Intimidate|boost\n|-unboost|p2a: Archaludon|atk|1\n|-fail|p2b: Kangaskhan|unboost|Attack|[from] ability: Scrappy|[of] p2b: Kangaskhan\n|turn|4\n|\n|t:|1776182364\n|detailschange|p1b: Starmie|Starmie-Mega, L50\n|-mega|p1b: Starmie|Starmie|Starminite\n|detailschange|p2b: Kangaskhan|Kangaskhan-Mega, L50, F\n|-mega|p2b: Kangaskhan|Kangaskhan|Kangaskhanite\n|move|p1a: Incineroar|Fake Out|p2a: Archaludon\n|-resisted|p2a: Archaludon|1\n|-damage|p2a: Archaludon|93/100\n|-ability|p2a: Archaludon|Stamina|boost\n|-boost|p2a: Archaludon|def|1\n|move|p1b: Starmie|Liquidation|p2b: Kangaskhan\n|-damage|p2b: Kangaskhan|0 fnt\n|faint|p2b: Kangaskhan\n|cant|p2a: Archaludon|flinch\n|\n|-weather|RainDance|[upkeep]\n|upkeep\n|turn|5\n|\n|t:|1776182379\n|move|p1b: Starmie|Protect|p1b: Starmie\n|-singleturn|p1b: Starmie|Protect\n|move|p2a: Archaludon|Electro Shot||[still]\n|-prepare|p2a: Archaludon|Electro Shot\n|-boost|p2a: Archaludon|spa|1\n|-anim|p2a: Archaludon|Electro Shot|p1b: Starmie\n|-activate|p1b: Starmie|move: Protect\n|move|p1a: Incineroar|Parting Shot|p2a: Archaludon\n|-unboost|p2a: Archaludon|atk|1\n|-unboost|p2a: Archaludon|spa|1\n|\n|-weather|none\n|upkeep\n|turn|6\n|\n|t:|1776182402\n|move|p1b: Starmie|Liquidation|p2a: Archaludon\n|-resisted|p2a: Archaludon|1\n|-damage|p2a: Archaludon|76/100\n|-unboost|p2a: Archaludon|def|1\n|-ability|p2a: Archaludon|Stamina|boost\n|-boost|p2a: Archaludon|def|1\n|move|p2a: Archaludon|Electro Shot||[still]\n|-prepare|p2a: Archaludon|Electro Shot\n|-boost|p2a: Archaludon|spa|1\n|move|p1a: Incineroar|Flare Blitz|p2a: Archaludon\n|-damage|p2a: Archaludon|56/100\n|-ability|p2a: Archaludon|Stamina|boost\n|-boost|p2a: Archaludon|def|1\n|-damage|p1a: Incineroar|95/100|[from] Recoil\n|\n|upkeep\n|turn|7\n|\n|t:|1776182423\n|move|p1b: Starmie|Protect|p1b: Starmie\n|-singleturn|p1b: Starmie|Protect\n|move|p2a: Archaludon|Electro Shot|p1b: Starmie|[from] lockedmove\n|-activate|p1b: Starmie|move: Protect\n|move|p1a: Incineroar|Parting Shot|p2a: Archaludon\n|-unboost|p2a: Archaludon|atk|1\n|-unboost|p2a: Archaludon|spa|1\n|\n|upkeep\n|turn|8\n|\n|t:|1776182436\n|move|p1b: Starmie|Liquidation|p2a: Archaludon\n|-resisted|p2a: Archaludon|1\n|-damage|p2a: Archaludon|42/100\n|-ability|p2a: Archaludon|Stamina|boost\n|-boost|p2a: Archaludon|def|1\n|-enditem|p2a: Archaludon|Sitrus Berry|[eat]\n|-heal|p2a: Archaludon|67/100|[from] item: Sitrus Berry\n|move|p2a: Archaludon|Aura Sphere|p1a: Incineroar\n|-supereffective|p1a: Incineroar|1\n|-damage|p1a: Incineroar|43/100\n|move|p1a: Incineroar|Parting Shot|p2a: Archaludon\n|-unboost|p2a: Archaludon|atk|1\n|-unboost|p2a: Archaludon|spa|1\n|\n|upkeep\n|turn|9\n|\n|t:|1776182453\n|move|p1a: Incineroar|Protect|p1a: Incineroar\n|-singleturn|p1a: Incineroar|Protect\n|move|p1b: Starmie|Liquidation|p2a: Archaludon\n|-resisted|p2a: Archaludon|1\n|-damage|p2a: Archaludon|54/100\n|-unboost|p2a: Archaludon|def|1\n|-ability|p2a: Archaludon|Stamina|boost\n|-boost|p2a: Archaludon|def|1\n|move|p2a: Archaludon|Aura Sphere|p1a: Incineroar\n|-activate|p1a: Incineroar|move: Protect\n|\n|upkeep\n|turn|10\n|\n|t:|1776182470\n|move|p1b: Starmie|Liquidation|p2a: Archaludon\n|-resisted|p2a: Archaludon|1\n|-damage|p2a: Archaludon|43/100\n|-ability|p2a: Archaludon|Stamina|boost\n|-boost|p2a: Archaludon|def|1\n|move|p2a: Archaludon|Aura Sphere|p1a: Incineroar\n|-supereffective|p1a: Incineroar|1\n|-damage|p1a: Incineroar|6/100\n|move|p1a: Incineroar|Parting Shot|p2a: Archaludon\n|-unboost|p2a: Archaludon|atk|0\n|-unboost|p2a: Archaludon|spa|1\n|\n|upkeep\n|turn|11\n|\n|t:|1776182482\n|move|p1a: Incineroar|Protect|p1a: Incineroar\n|-singleturn|p1a: Incineroar|Protect\n|move|p1b: Starmie|Liquidation|p2a: Archaludon\n|-resisted|p2a: Archaludon|1\n|-damage|p2a: Archaludon|33/100\n|-unboost|p2a: Archaludon|def|1\n|-ability|p2a: Archaludon|Stamina|boost\n|-boost|p2a: Archaludon|def|1\n|move|p2a: Archaludon|Electro Shot||[still]\n|-prepare|p2a: Archaludon|Electro Shot\n|-boost|p2a: Archaludon|spa|1\n|\n|upkeep\n|turn|12\n|\n|t:|1776182500\n|move|p1b: Starmie|Protect|p1b: Starmie\n|-singleturn|p1b: Starmie|Protect\n|move|p2a: Archaludon|Electro Shot|p1a: Incineroar|[from] lockedmove\n|-damage|p1a: Incineroar|0 fnt\n|faint|p1a: Incineroar\n|\n|upkeep\n|turn|13\n|\n|t:|1776182512\n|move|p1b: Starmie|Zen Headbutt|p2a: Archaludon\n|-resisted|p2a: Archaludon|1\n|-damage|p2a: Archaludon|24/100\n|-ability|p2a: Archaludon|Stamina|boost\n|-boost|p2a: Archaludon|def|1\n|move|p2a: Archaludon|Dragon Pulse|p1b: Starmie\n|-damage|p1b: Starmie|45/100\n|\n|upkeep\n|turn|14\n|\n|t:|1776182520\n|move|p1b: Starmie|Zen Headbutt|p2a: Archaludon|[miss]\n|-miss|p1b: Starmie|p2a: Archaludon\n|move|p2a: Archaludon|Dragon Pulse|p1b: Starmie\n|-damage|p1b: Starmie|0 fnt\n|faint|p1b: Starmie\n|\n|win|Thomacenzo\n|raw|ULTRAVIOLET583's rating: 1078 &rarr; <strong>1053</strong><br />(-25 for losing)\n|raw|Thomacenzo's rating: 1023 &rarr; <strong>1065</strong><br />(+42 for winning)\n|l|\u2606ULTRAVIOLET583\n|player|p1|\n",
  "uploadtime": 1776182531,
  "views": 18,
  "formatid": "gen9championsvgc2026regma",
  "rating": 1053,
  "private": 0,
  "password": null
}