{
  "id": "gen9championsvgc2026regma-2585501371",
  "format": "[Gen 9 Champions] VGC 2026 Reg M-A",
  "players": [
    "HelloThere72",
    "MthVidal"
  ],
  "log": "|j|\u2606HelloThere72\n|j|\u2606MthVidal\n|t:|1776351792\n|gametype|doubles\n|player|p1|HelloThere72|rood|1061\n|player|p2|MthVidal|fisherman|1103\n|gen|9\n|tier|[Gen 9 Champions] VGC 2026 Reg M-A\n|rated|\n|rule|Species Clause: Limit one of each Pok\u00e9mon\n|rule|Item Clause: Limit 1 of each item\n|clearpoke\n|poke|p1|Floette-Eternal, L50, F|\n|poke|p1|Feraligatr, L50, M|\n|poke|p1|Incineroar, L50, M|\n|poke|p1|Aerodactyl, L50, F|\n|poke|p1|Aegislash, L50, M|\n|poke|p1|Froslass, L50, F|\n|poke|p2|Gengar, L50, M|\n|poke|p2|Clefable, L50, F|\n|poke|p2|Incineroar, L50, F|\n|poke|p2|Sneasler, L50, F|\n|poke|p2|Alakazam, L50, M|\n|poke|p2|Meowstic, L50, M|\n|teampreview|4\n|inactive|Battle timer is ON: inactive players will automatically lose when time's up. (requested by MthVidal)\n|inactive|HelloThere72 also wants the timer to be on.\n|inactive|HelloThere72 has 60 seconds left.\n|\n|t:|1776351826\n|teamsize|p1|4\n|teamsize|p2|4\n|start\n|switch|p1a: Feraligatr|Feraligatr, L50, M|100/100\n|switch|p1b: Aerodactyl|Aerodactyl, L50, F|100/100\n|switch|p2a: Sneasler|Sneasler, L50, F|100/100\n|switch|p2b: Incineroar|Incineroar, L50, F|100/100\n|-ability|p1b: Aerodactyl|Unnerve\n|-ability|p2b: Incineroar|Intimidate|boost\n|-unboost|p1a: Feraligatr|atk|1\n|-unboost|p1b: Aerodactyl|atk|1\n|turn|1\n|\n|t:|1776351844\n|switch|p1a: Incineroar|Incineroar, L50, M|100/100\n|-ability|p1a: Incineroar|Intimidate|boost\n|-unboost|p2a: Sneasler|atk|1\n|-unboost|p2b: Incineroar|atk|1\n|move|p1b: Aerodactyl|Protect|p1b: Aerodactyl\n|-singleturn|p1b: Aerodactyl|Protect\n|move|p2b: Incineroar|Fake Out|p1b: Aerodactyl\n|-activate|p1b: Aerodactyl|move: Protect\n|move|p2a: Sneasler|Dire Claw|p1a: Incineroar\n|-damage|p1a: Incineroar|75/100\n|\n|upkeep\n|turn|2\n|\n|t:|1776351866\n|move|p2a: Sneasler|Protect|p2a: Sneasler\n|-singleturn|p2a: Sneasler|Protect\n|move|p1a: Incineroar|Fake Out|p2b: Incineroar\n|-damage|p2b: Incineroar|90/100\n|move|p1b: Aerodactyl|Dual Wingbeat|p2a: Sneasler\n|-activate|p2a: Sneasler|move: Protect\n|cant|p2b: Incineroar|flinch\n|\n|-heal|p2b: Incineroar|96/100|[from] item: Leftovers\n|upkeep\n|turn|3\n|\n|t:|1776351886\n|move|p1b: Aerodactyl|Rock Slide|p2a: Sneasler|[spread] p2a,p2b\n|-resisted|p2a: Sneasler|1\n|-supereffective|p2b: Incineroar|1\n|-damage|p2a: Sneasler|86/100\n|-damage|p2b: Incineroar|64/100\n|move|p2a: Sneasler|Rock Slide|p1a: Incineroar|[spread] p1b\n|-miss|p2a: Sneasler|p1a: Incineroar\n|-supereffective|p1b: Aerodactyl|1\n|-damage|p1b: Aerodactyl|51/100\n|move|p1a: Incineroar|Parting Shot|p2b: Incineroar\n|-unboost|p2b: Incineroar|atk|1\n|-unboost|p2b: Incineroar|spa|1\n|\n|t:|1776351898\n|switch|p1a: Aegislash|Aegislash, L50, M|100/100|[from] Parting Shot\n|move|p2b: Incineroar|Flare Blitz|p1b: Aerodactyl\n|-resisted|p1b: Aerodactyl|1\n|-damage|p1b: Aerodactyl|30/100\n|-damage|p2b: Incineroar|59/100|[from] Recoil\n|\n|-heal|p2b: Incineroar|64/100|[from] item: Leftovers\n|upkeep\n|turn|4\n|\n|t:|1776351922\n|move|p2a: Sneasler|Protect|p2a: Sneasler\n|-singleturn|p2a: Sneasler|Protect\n|move|p1a: Aegislash|King's Shield|p1a: Aegislash\n|-singleturn|p1a: Aegislash|Protect\n|move|p1b: Aerodactyl|Rock Slide|p2b: Incineroar|[spread] p2b\n|-activate|p2a: Sneasler|move: Protect\n|-supereffective|p2b: Incineroar|1\n|-damage|p2b: Incineroar|33/100\n|move|p2b: Incineroar|Flare Blitz|p1b: Aerodactyl\n|-resisted|p1b: Aerodactyl|1\n|-damage|p1b: Aerodactyl|11/100\n|-damage|p2b: Incineroar|28/100|[from] Recoil\n|\n|-heal|p2b: Incineroar|33/100|[from] item: Leftovers\n|upkeep\n|turn|5\n|\n|t:|1776351936\n|switch|p1a: Incineroar|Incineroar, L50, M|75/100\n|-ability|p1a: Incineroar|Intimidate|boost\n|-unboost|p2a: Sneasler|atk|1\n|-unboost|p2b: Incineroar|atk|1\n|move|p1b: Aerodactyl|Tailwind|p1b: Aerodactyl\n|-sidestart|p1: HelloThere72|move: Tailwind\n|move|p2a: Sneasler|Rock Slide|p1a: Incineroar|[spread] p1a\n|-miss|p2a: Sneasler|p1b: Aerodactyl\n|-supereffective|p1a: Incineroar|1\n|-damage|p1a: Incineroar|58/100\n|move|p2b: Incineroar|Swagger|p2a: Sneasler\n|-boost|p2a: Sneasler|atk|2\n|-start|p2a: Sneasler|confusion\n|\n|-heal|p2b: Incineroar|39/100|[from] item: Leftovers\n|upkeep\n|turn|6\n|inactive|HelloThere72 has 30 seconds left.\n|\n|t:|1776351962\n|move|p1b: Aerodactyl|Dual Wingbeat|p2a: Sneasler\n|-supereffective|p2a: Sneasler|1\n|-damage|p2a: Sneasler|47/100\n|-supereffective|p2a: Sneasler|1\n|-damage|p2a: Sneasler|3/100\n|-hitcount|p2a: Sneasler|2\n|-activate|p2a: Sneasler|confusion\n|move|p2a: Sneasler|Rock Slide|p1b: Aerodactyl|[spread] p1a,p1b\n|-supereffective|p1a: Incineroar|1\n|-supereffective|p1b: Aerodactyl|1\n|-damage|p1a: Incineroar|27/100\n|-damage|p1b: Aerodactyl|0 fnt\n|-enditem|p2a: Sneasler|Lum Berry|[eat]\n|-end|p2a: Sneasler|confusion\n|-enditem|p1a: Incineroar|Sitrus Berry|[eat]\n|-heal|p1a: Incineroar|51/100|[from] item: Sitrus Berry\n|faint|p1b: Aerodactyl\n|cant|p1a: Incineroar|flinch\n|move|p2b: Incineroar|Flare Blitz|p1a: Incineroar\n|-resisted|p1a: Incineroar|1\n|-damage|p1a: Incineroar|44/100\n|-damage|p2b: Incineroar|37/100|[from] Recoil\n|\n|-heal|p2b: Incineroar|42/100|[from] item: Leftovers\n|upkeep\n|\n|t:|1776351972\n|switch|p1b: Feraligatr|Feraligatr, L50, M|100/100\n|turn|7\n|\n|t:|1776351994\n|detailschange|p1b: Feraligatr|Feraligatr-Mega, L50, M\n|-mega|p1b: Feraligatr|Feraligatr|Feraligite\n|move|p2a: Sneasler|Dire Claw|p1b: Feraligatr\n|-damage|p1b: Feraligatr|59/100\n|-status|p1b: Feraligatr|slp\n|cant|p1b: Feraligatr|slp\n|move|p1a: Incineroar|Flare Blitz|p2a: Sneasler\n|-crit|p2a: Sneasler\n|-damage|p2a: Sneasler|0 fnt\n|faint|p2a: Sneasler\n|-damage|p1a: Incineroar|44/100|[from] Recoil\n|move|p2b: Incineroar|Parting Shot|p1b: Feraligatr\n|-unboost|p1b: Feraligatr|atk|1\n|-unboost|p1b: Feraligatr|spa|1\n|\n|t:|1776352014\n|switch|p2b: Alakazam|Alakazam, L50, M|100/100|[from] Parting Shot\n|\n|upkeep\n|\n|t:|1776352017\n|switch|p2a: Meowstic|Meowstic, L50, M|100/100\n|turn|8\n|\n|t:|1776352031\n|switch|p1b: Aegislash|Aegislash, L50, M|100/100\n|detailschange|p2b: Alakazam|Alakazam-Mega, L50, M\n|-mega|p2b: Alakazam|Alakazam|Alakazite\n|-ability|p2b: Alakazam|Intimidate|Trace|[from] ability: Trace|[of] p1a: Incineroar\n|-ability|p2b: Alakazam|Intimidate|boost\n|-unboost|p1a: Incineroar|atk|1\n|-unboost|p1b: Aegislash|atk|1\n|move|p2a: Meowstic|Psychic Terrain|p2a: Meowstic\n|-fieldstart|move: Psychic Terrain\n|move|p2b: Alakazam|Dazzling Gleam|p1a: Incineroar|[spread] p1a,p1b\n|-crit|p1a: Incineroar\n|-resisted|p1b: Aegislash|1\n|-damage|p1a: Incineroar|7/100\n|-damage|p1b: Aegislash|88/100\n|move|p1a: Incineroar|Parting Shot|p2b: Alakazam\n|-unboost|p2b: Alakazam|atk|1\n|-unboost|p2b: Alakazam|spa|1\n|\n|t:|1776352045\n|switch|p1a: Feraligatr|Feraligatr-Mega, L50, M|59/100 slp|[from] Parting Shot\n|\n|-sideend|p1: HelloThere72|move: Tailwind\n|upkeep\n|turn|9\n|\n|t:|1776352065\n|switch|p2b: Incineroar|Incineroar, L50, F|42/100\n|-ability|p2b: Incineroar|Intimidate|boost\n|-unboost|p1a: Feraligatr|atk|1\n|-unboost|p1b: Aegislash|atk|1\n|move|p2a: Meowstic|Protect|p2a: Meowstic\n|-singleturn|p2a: Meowstic|Protect\n|move|p1b: Aegislash|King's Shield|p1b: Aegislash\n|-singleturn|p1b: Aegislash|Protect\n|cant|p1a: Feraligatr|slp\n|\n|-heal|p2b: Incineroar|48/100|[from] item: Leftovers\n|upkeep\n|turn|10\n|inactive|HelloThere72 has 30 seconds left.\n|inactive|HelloThere72 has 20 seconds left.\n|inactive|HelloThere72 has 15 seconds left.\n|\n|t:|1776352109\n|move|p2a: Meowstic|Thunder Wave|p1b: Aegislash\n|-activate|p1b: Aegislash|move: Psychic Terrain\n|-curestatus|p1a: Feraligatr|slp|[msg]\n|move|p1a: Feraligatr|Liquidation|p2b: Incineroar\n|-supereffective|p2b: Incineroar|1\n|-damage|p2b: Incineroar|0 fnt\n|faint|p2b: Incineroar\n|-formechange|p1b: Aegislash|Aegislash-Blade|\n|move|p1b: Aegislash|Shadow Ball|p2a: Meowstic\n|-supereffective|p2a: Meowstic|1\n|-enditem|p2a: Meowstic|Focus Sash\n|-damage|p2a: Meowstic|1/100\n|\n|upkeep\n|\n|t:|1776352120\n|switch|p2b: Alakazam|Alakazam-Mega, L50, M|100/100\n|-ability|p2b: Alakazam|Dragonize|Trace|[from] ability: Trace|[of] p1a: Feraligatr\n|turn|11\n|\n|t:|1776352128\n|switch|p1a: Incineroar|Incineroar, L50, M|7/100\n|-ability|p1a: Incineroar|Intimidate|boost\n|-unboost|p2a: Meowstic|atk|1\n|-unboost|p2b: Alakazam|atk|1\n|move|p2a: Meowstic|Helping Hand|p2b: Alakazam\n|-singleturn|p2b: Alakazam|Helping Hand|[of] p2a: Meowstic\n|-formechange|p1b: Aegislash|Aegislash|\n|move|p1b: Aegislash|King's Shield|p1b: Aegislash\n|-singleturn|p1b: Aegislash|Protect\n|move|p2b: Alakazam|Expanding Force|p1b: Aegislash|[spread] \n|-activate|p1b: Aegislash|move: Protect\n|-immune|p1a: Incineroar\n|\n|upkeep\n|turn|12\n|inactive|HelloThere72 has 30 seconds left.\n|inactive|HelloThere72 has 20 seconds left.\n|inactive|HelloThere72 has 15 seconds left.\n|inactive|HelloThere72 has 10 seconds left.\n|\n|t:|1776352176\n|move|p2a: Meowstic|Helping Hand|p2b: Alakazam\n|-singleturn|p2b: Alakazam|Helping Hand|[of] p2a: Meowstic\n|move|p2b: Alakazam|Dazzling Gleam|p1b: Aegislash|[spread] p1a,p1b\n|-resisted|p1b: Aegislash|1\n|-damage|p1a: Incineroar|0 fnt\n|-damage|p1b: Aegislash|71/100\n|faint|p1a: Incineroar\n|-formechange|p1b: Aegislash|Aegislash-Blade|\n|move|p1b: Aegislash|Shadow Ball|p2a: Meowstic\n|-supereffective|p2a: Meowstic|1\n|-damage|p2a: Meowstic|0 fnt\n|faint|p2a: Meowstic\n|\n|-fieldend|move: Psychic Terrain\n|upkeep\n|\n|t:|1776352182\n|switch|p1a: Feraligatr|Feraligatr-Mega, L50, M|59/100\n|turn|13\n|l|\u2606MthVidal\n|inactive|MthVidal disconnected and has a minute to reconnect!\n|player|p2|\n|inactive|MthVidal has 30 seconds left.\n|inactive|MthVidal has 20 seconds left.\n|j|\u2606MthVidal\n|inactive|MthVidal reconnected and has 20 seconds left.\n|player|p2|MthVidal|fisherman|\n|inactive|MthVidal has 15 seconds left.\n|inactive|MthVidal has 10 seconds left.\n|\n|t:|1776352229\n|move|p2b: Alakazam|Dazzling Gleam|p1a: Feraligatr|[spread] p1a,p1b\n|-supereffective|p1a: Feraligatr|1\n|-resisted|p1b: Aegislash|1\n|-damage|p1a: Feraligatr|4/100\n|-damage|p1b: Aegislash|44/100\n|move|p1a: Feraligatr|Double-Edge|p2b: Alakazam\n|-damage|p2b: Alakazam|0 fnt\n|faint|p2b: Alakazam\n|-damage|p1a: Feraligatr|0 fnt|[from] Recoil\n|faint|p1a: Feraligatr\n|\n|win|HelloThere72\n|raw|HelloThere72's rating: 1061 &rarr; <strong>1096</strong><br />(+35 for winning)\n|raw|MthVidal's rating: 1103 &rarr; <strong>1075</strong><br />(-28 for losing)\n|l|\u2606MthVidal\n|player|p2|\n",
  "uploadtime": 1776352241,
  "views": 29,
  "formatid": "gen9championsvgc2026regma",
  "rating": 1075,
  "private": 0,
  "password": null
}