{
  "id": "gen9championsvgc2026regma-2589489358",
  "format": "[Gen 9 Champions] VGC 2026 Reg M-A",
  "players": [
    "Six5Six",
    "tonybravais"
  ],
  "log": "|j|\u2606Six5Six\n|j|\u2606tonybravais\n|t:|1776727606\n|gametype|doubles\n|player|p1|Six5Six|170|1078\n|player|p2|tonybravais|byron|1168\n|gen|9\n|tier|[Gen 9 Champions] VGC 2026 Reg M-A\n|rated|\n|rule|Species Clause: Limit one of each Pok\u00e9mon\n|rule|Item Clause: Limit 1 of each item\n|clearpoke\n|poke|p1|Pelipper, L50, F|\n|poke|p1|Dragonite, L50, M|\n|poke|p1|Basculegion, L50, M|\n|poke|p1|Archaludon, L50, M|\n|poke|p1|Sneasler, L50, M|\n|poke|p1|Garchomp, L50, F|\n|poke|p2|Milotic, L50, F|\n|poke|p2|Volcarona, L50, M|\n|poke|p2|Hydreigon, L50, M|\n|poke|p2|Lucario, L50, F|\n|poke|p2|Glimmora, L50, F|\n|poke|p2|Mamoswine, L50, F|\n|teampreview|4\n|inactive|Battle timer is ON: inactive players will automatically lose when time's up. (requested by Six5Six)\n|\n|t:|1776727651\n|teamsize|p1|4\n|teamsize|p2|4\n|start\n|switch|p1a: Pelipper|Pelipper, L50, F|100/100\n|switch|p1b: Dragonite|Dragonite, L50, M|100/100\n|switch|p2a: Glimmora|Glimmora, L50, F|100/100\n|switch|p2b: Hydreigon|Hydreigon, L50, M|100/100\n|-weather|RainDance|[from] ability: Drizzle|[of] p1a: Pelipper\n|turn|1\n|inactive|Six5Six has 30 seconds left.\n|inactive|tonybravais has 30 seconds left.\n|\n|t:|1776727681\n|detailschange|p2a: Glimmora|Glimmora-Mega, L50, F\n|-mega|p2a: Glimmora|Glimmora|Glimmoranite\n|move|p1b: Dragonite|Protect|p1b: Dragonite\n|-singleturn|p1b: Dragonite|Protect\n|move|p2b: Hydreigon|U-turn|p1b: Dragonite\n|-activate|p1b: Dragonite|move: Protect\n|move|p2a: Glimmora|Ancient Power|p1a: Pelipper\n|-supereffective|p1a: Pelipper|1\n|-enditem|p1a: Pelipper|Focus Sash\n|-damage|p1a: Pelipper|1/100\n|-boost|p2a: Glimmora|atk|1\n|-boost|p2a: Glimmora|def|1\n|-boost|p2a: Glimmora|spa|1\n|-boost|p2a: Glimmora|spd|1\n|-boost|p2a: Glimmora|spe|1\n|move|p1a: Pelipper|Tailwind|p1a: Pelipper\n|-sidestart|p1: Six5Six|move: Tailwind\n|\n|-weather|RainDance|[upkeep]\n|upkeep\n|turn|2\n|inactive|Six5Six has 30 seconds left.\n|inactive|tonybravais has 30 seconds left.\n|inactive|Six5Six has 20 seconds left.\n|inactive|tonybravais has 20 seconds left.\n|inactive|Six5Six has 15 seconds left.\n|inactive|Six5Six has 10 seconds left.\n|\n|t:|1776727726\n|switch|p2b: Milotic|Milotic, L50, F|100/100\n|detailschange|p1b: Dragonite|Dragonite-Mega, L50, M\n|-mega|p1b: Dragonite|Dragonite|Dragoninite\n|move|p1b: Dragonite|Dragon Pulse|p2b: Milotic\n|-damage|p2b: Milotic|63/100\n|move|p1a: Pelipper|Weather Ball|p2a: Glimmora\n|-supereffective|p2a: Glimmora|1\n|-damage|p2a: Glimmora|4/100\n|move|p2a: Glimmora|Ancient Power|p1a: Pelipper\n|-supereffective|p1a: Pelipper|1\n|-damage|p1a: Pelipper|0 fnt\n|faint|p1a: Pelipper\n|\n|-weather|RainDance|[upkeep]\n|-heal|p2b: Milotic|69/100|[from] item: Leftovers\n|upkeep\n|\n|t:|1776727749\n|switch|p1a: Basculegion|Basculegion, L50, M|100/100\n|turn|3\n|inactive|Six5Six has 30 seconds left.\n|\n|t:|1776727781\n|move|p2a: Glimmora|Spiky Shield|p2a: Glimmora\n|-singleturn|p2a: Glimmora|move: Protect\n|move|p2b: Milotic|Protect|p2b: Milotic\n|-singleturn|p2b: Milotic|Protect\n|move|p1a: Basculegion|Liquidation|p2a: Glimmora\n|-activate|p2a: Glimmora|move: Protect\n|-damage|p1a: Basculegion|88/100|[from] Spiky Shield|[of] p2a: Glimmora\n|move|p1b: Dragonite|Thunder|p2b: Milotic\n|-activate|p2b: Milotic|move: Protect\n|\n|-weather|RainDance|[upkeep]\n|-heal|p2b: Milotic|75/100|[from] item: Leftovers\n|upkeep\n|turn|4\n|\n|t:|1776727804\n|switch|p2a: Hydreigon|Hydreigon, L50, M|100/100\n|move|p1a: Basculegion|Liquidation|p2a: Hydreigon\n|-resisted|p2a: Hydreigon|1\n|-damage|p2a: Hydreigon|53/100\n|-unboost|p2a: Hydreigon|def|1\n|move|p1b: Dragonite|Thunder|p2b: Milotic\n|-supereffective|p2b: Milotic|1\n|-damage|p2b: Milotic|6/100\n|move|p2b: Milotic|Icy Wind|p1b: Dragonite|[spread] p1a,p1b\n|-resisted|p1a: Basculegion|1\n|-supereffective|p1b: Dragonite|2\n|-damage|p1a: Basculegion|82/100\n|-damage|p1b: Dragonite|79/100\n|-unboost|p1a: Basculegion|spe|1\n|-unboost|p1b: Dragonite|spe|1\n|\n|-weather|RainDance|[upkeep]\n|-heal|p2b: Milotic|12/100|[from] item: Leftovers\n|-sideend|p1: Six5Six|move: Tailwind\n|upkeep\n|turn|5\n|inactive|Six5Six has 30 seconds left.\n|inactive|tonybravais has 30 seconds left.\n|\n|t:|1776727838\n|move|p2a: Hydreigon|Draco Meteor|p1b: Dragonite|[miss]\n|-miss|p2a: Hydreigon|p1b: Dragonite\n|move|p1a: Basculegion|Liquidation|p2b: Milotic\n|-resisted|p2b: Milotic|1\n|-damage|p2b: Milotic|0 fnt\n|faint|p2b: Milotic\n|move|p1b: Dragonite|Dragon Pulse|p2a: Hydreigon\n|-supereffective|p2a: Hydreigon|1\n|-damage|p2a: Hydreigon|0 fnt\n|faint|p2a: Hydreigon\n|\n|-weather|none\n|upkeep\n|\n|t:|1776727849\n|switch|p2a: Glimmora|Glimmora-Mega, L50, F|4/100\n|switch|p2b: Lucario|Lucario, L50, F|100/100\n|turn|6\n|c|\u2606tonybravais|incredible...\n|\n|t:|1776727870\n|move|p2a: Glimmora|Spiky Shield|p2a: Glimmora\n|-singleturn|p2a: Glimmora|move: Protect\n|move|p2b: Lucario|Meteor Mash|p1b: Dragonite|[miss]\n|-miss|p2b: Lucario|p1b: Dragonite\n|move|p1b: Dragonite|Dragon Pulse|p2a: Glimmora\n|-activate|p2a: Glimmora|move: Protect\n|move|p1a: Basculegion|Liquidation|p2b: Lucario\n|-damage|p2b: Lucario|20/100\n|\n|upkeep\n|turn|7\n|\n|t:|1776727889\n|move|p2b: Lucario|Detect|p2b: Lucario\n|-singleturn|p2b: Lucario|Protect\n|move|p2a: Glimmora|Ancient Power|p1b: Dragonite\n|-supereffective|p1b: Dragonite|1\n|-damage|p1b: Dragonite|0 fnt\n|faint|p1b: Dragonite\n|move|p1a: Basculegion|Liquidation|p2b: Lucario\n|-activate|p2b: Lucario|move: Protect\n|\n|upkeep\n|\n|t:|1776727899\n|switch|p1b: Sneasler|Sneasler, L50, M|100/100\n|turn|8\n|\n|t:|1776727920\n|move|p2a: Glimmora|Spiky Shield|p2a: Glimmora\n|-singleturn|p2a: Glimmora|move: Protect\n|move|p1b: Sneasler|Fake Out|p2a: Glimmora\n|-activate|p2a: Glimmora|move: Protect\n|-damage|p1b: Sneasler|88/100|[from] Spiky Shield|[of] p2a: Glimmora\n|move|p2b: Lucario|Meteor Mash|p1b: Sneasler\n|-damage|p1b: Sneasler|16/100\n|move|p1a: Basculegion|Liquidation|p2b: Lucario\n|-damage|p2b: Lucario|0 fnt\n|faint|p2b: Lucario\n|\n|upkeep\n|turn|9\n|\n|t:|1776727935\n|move|p1b: Sneasler|Close Combat|p2a: Glimmora\n|-damage|p2a: Glimmora|0 fnt\n|-unboost|p1b: Sneasler|def|1\n|-unboost|p1b: Sneasler|spd|1\n|faint|p2a: Glimmora\n|\n|win|Six5Six\n|raw|Six5Six's rating: 1078 &rarr; <strong>1113</strong><br />(+35 for winning)\n|raw|tonybravais's rating: 1168 &rarr; <strong>1137</strong><br />(-31 for losing)\n|l|\u2606Six5Six\n|player|p1|\n",
  "uploadtime": 1776727942,
  "views": 2,
  "formatid": "gen9championsvgc2026regma",
  "rating": 1113,
  "private": 0,
  "password": null
}