{
  "id": "gen9championsvgc2026regma-2588456345",
  "format": "[Gen 9 Champions] VGC 2026 Reg M-A",
  "players": [
    "jonathan53332",
    "FudgeRipplez"
  ],
  "log": "|j|\u2606jonathan53332\n|j|\u2606FudgeRipplez\n|html|<table width=\"100%\"><tr><td align=\"left\">jonathan53332</td><td align=\"right\">FudgeRipplez</tr><tr><td align=\"left\"><i class=\"fa fa-circle\"></i> <i class=\"fa fa-circle-o\"></i> </td><td align=\"right\"><i class=\"fa fa-circle-o\"></i> <i class=\"fa fa-circle-o\"></i> </tr></table>\n|uhtml|bestof|<h2><strong>Game 2</strong> of <a href=\"/game-bestof3-gen9championsvgc2026regma-2588453373\">a best-of-3</a></h2>\n|t:|1776635125\n|gametype|doubles\n|player|p1|jonathan53332|102|\n|player|p2|FudgeRipplez|265|\n|gen|9\n|tier|[Gen 9 Champions] VGC 2026 Reg M-A\n|rule|Species Clause: Limit one of each Pok\u00e9mon\n|rule|Item Clause: Limit 1 of each item\n|raw|<div class=\"infobox\"><details class=\"readmore\" open><summary><strong>1 custom rule:</strong></summary> Best of = 3</details></div>\n|clearpoke\n|poke|p1|Meganium, L50, M, shiny|\n|poke|p1|Pelipper, L50, M|\n|poke|p1|Primarina, L50, F|\n|poke|p1|Sinistcha-Masterpiece, L50, shiny|\n|poke|p1|Archaludon, L50, F, shiny|\n|poke|p1|Empoleon, L50, M|\n|poke|p2|Victreebel, L50, F|\n|poke|p2|Maushold-Four, L50, shiny|\n|poke|p2|Hatterene, L50, F, shiny|\n|poke|p2|Farigiraf, L50, F|\n|poke|p2|Corviknight, L50, F, shiny|\n|poke|p2|Archaludon, L50, M|\n|teampreview|4\n|\n|t:|1776635153\n|teamsize|p1|4\n|teamsize|p2|4\n|start\n|switch|p1a: Meganium|Meganium, L50, M, shiny|100/100\n|switch|p1b: Pelipper|Pelipper, L50, M|100/100\n|switch|p2a: Victreebel|Victreebel, L50, F|100/100\n|switch|p2b: Hatterene|Hatterene, L50, F, shiny|100/100\n|-weather|RainDance|[from] ability: Drizzle|[of] p1b: Pelipper\n|turn|1\n|\n|t:|1776635173\n|detailschange|p1a: Meganium|Meganium-Mega, L50, M, shiny\n|-mega|p1a: Meganium|Meganium|Meganiumite\n|detailschange|p2a: Victreebel|Victreebel-Mega, L50, F\n|-mega|p2a: Victreebel|Victreebel|Victreebelite\n|move|p1a: Meganium|Weather Ball|p2a: Victreebel\n|-supereffective|p2a: Victreebel|1\n|-damage|p2a: Victreebel|10/100\n|move|p1b: Pelipper|Hurricane|p2a: Victreebel\n|-supereffective|p2a: Victreebel|1\n|-crit|p2a: Victreebel\n|-damage|p2a: Victreebel|0 fnt\n|-damage|p1b: Pelipper|88/100|[from] ability: Innards Out|[of] p2a: Victreebel\n|faint|p2a: Victreebel\n|move|p2b: Hatterene|Trick Room|p2b: Hatterene\n|-fieldstart|move: Trick Room|[of] p2b: Hatterene\n|\n|-weather|RainDance|[upkeep]\n|upkeep\n|\n|t:|1776635208\n|switch|p2a: Maushold|Maushold-Four, L50, shiny|100/100\n|turn|2\n|\n|t:|1776635231\n|move|p2b: Hatterene|Reflect|p2b: Hatterene\n|-sidestart|p2: FudgeRipplez|Reflect\n|move|p1b: Pelipper|Hurricane|p2a: Maushold\n|-damage|p2a: Maushold|40/100\n|move|p2a: Maushold|Population Bomb|p1a: Meganium\n|-damage|p1a: Meganium|87/100\n|-damage|p1a: Meganium|74/100\n|-damage|p1a: Meganium|62/100\n|-damage|p1a: Meganium|50/100\n|-damage|p1a: Meganium|36/100\n|-damage|p1a: Meganium|22/100\n|-damage|p1a: Meganium|8/100\n|-damage|p1a: Meganium|0 fnt\n|faint|p1a: Meganium\n|-hitcount|p1: Meganium|8\n|\n|-weather|RainDance|[upkeep]\n|upkeep\n|\n|t:|1776635233\n|switch|p1a: Primarina|Primarina, L50, F|100/100\n|turn|3\n|\n|t:|1776635246\n|move|p2b: Hatterene|Light Screen|p2b: Hatterene\n|-sidestart|p2: FudgeRipplez|move: Light Screen\n|move|p1a: Primarina|Hyper Voice|p2b: Hatterene|[spread] p2a,p2b\n|-damage|p2a: Maushold|0 fnt\n|-damage|p2b: Hatterene|65/100\n|faint|p2a: Maushold\n|move|p1b: Pelipper|Hurricane|p2b: Hatterene\n|-damage|p2b: Hatterene|33/100\n|-start|p2b: Hatterene|confusion\n|\n|-weather|RainDance|[upkeep]\n|upkeep\n|\n|t:|1776635251\n|switch|p2a: Farigiraf|Farigiraf, L50, F|100/100\n|turn|4\n|\n|t:|1776635294\n|move|p1b: Pelipper|Wide Guard|p1b: Pelipper\n|-singleturn|p1b: Pelipper|Wide Guard\n|-activate|p2b: Hatterene|confusion\n|-damage|p2b: Hatterene|25/100|[from] confusion\n|move|p2a: Farigiraf|Calm Mind|p2a: Farigiraf\n|-boost|p2a: Farigiraf|spa|1\n|-boost|p2a: Farigiraf|spd|1\n|move|p1a: Primarina|Hyper Voice|p2a: Farigiraf|[spread] p2a,p2b\n|-damage|p2a: Farigiraf|74/100\n|-damage|p2b: Hatterene|0 fnt\n|faint|p2b: Hatterene\n|\n|-weather|RainDance|[upkeep]\n|upkeep\n|turn|5\n|\n|t:|1776635307\n|move|p2a: Farigiraf|Calm Mind|p2a: Farigiraf\n|-boost|p2a: Farigiraf|spa|1\n|-boost|p2a: Farigiraf|spd|1\n|move|p1a: Primarina|Hyper Voice|p2a: Farigiraf\n|-damage|p2a: Farigiraf|45/100\n|move|p1b: Pelipper|Hurricane|p2a: Farigiraf\n|-crit|p2a: Farigiraf\n|-damage|p2a: Farigiraf|0 fnt\n|faint|p2a: Farigiraf\n|\n|win|jonathan53332\n",
  "uploadtime": 1776635309,
  "views": 6,
  "formatid": "gen9championsvgc2026regma",
  "rating": null,
  "private": 0,
  "password": null
}