{
  "id": "gen9championsvgc2026regma-2586514611",
  "format": "[Gen 9 Champions] VGC 2026 Reg M-A",
  "players": [
    "senzumi_here",
    "panko"
  ],
  "log": "|j|\u2606senzumi_here\n|j|\u2606panko\n|t:|1776439910\n|gametype|doubles\n|player|p1|senzumi_here|psychicf-gen4|1358\n|player|p2|panko|265|1437\n|gen|9\n|tier|[Gen 9 Champions] VGC 2026 Reg M-A\n|rated|\n|rule|Species Clause: Limit one of each Pok\u00e9mon\n|rule|Item Clause: Limit 1 of each item\n|clearpoke\n|poke|p1|Floette-Eternal, L50, F|\n|poke|p1|Delphox, L50, F|\n|poke|p1|Aerodactyl, L50, M|\n|poke|p1|Maushold, L50|\n|poke|p1|Incineroar, L50, M|\n|poke|p1|Garchomp, L50, M|\n|poke|p2|Sableye, L50, M|\n|poke|p2|Blastoise, L50, M|\n|poke|p2|Chandelure, L50, F|\n|poke|p2|Orthworm, L50, M|\n|poke|p2|Basculegion, L50, M|\n|poke|p2|Gliscor, L50, F|\n|teampreview|4\n|\n|t:|1776439949\n|teamsize|p1|4\n|teamsize|p2|4\n|start\n|switch|p1a: Floette|Floette-Eternal, L50, F|100/100\n|switch|p1b: Maushold|Maushold, L50|100/100\n|switch|p2a: Sableye|Sableye, L50, M|100/100\n|switch|p2b: Orthworm|Orthworm, L50, M|100/100\n|turn|1\n|inactive|Battle timer is ON: inactive players will automatically lose when time's up. (requested by senzumi_here)\n|inactive|senzumi_here has 60 seconds left.\n|\n|t:|1776439999\n|detailschange|p1a: Floette|Floette-Mega, L50, F\n|-mega|p1a: Floette|Floette|Floettite\n|-ability|p1a: Floette|Fairy Aura\n|move|p1a: Floette|Protect|p1a: Floette\n|-singleturn|p1a: Floette|Protect\n|move|p2a: Sableye|Fake Out|p1a: Floette\n|-activate|p1a: Floette|move: Protect\n|move|p1b: Maushold|Taunt|p2b: Orthworm\n|-start|p2b: Orthworm|move: Taunt\n|cant|p2b: Orthworm|move: Taunt|Shed Tail\n|\n|upkeep\n|turn|2\n|inactive|senzumi_here has 30 seconds left.\n|\n|t:|1776440026\n|move|p1b: Maushold|Follow Me|p1b: Maushold\n|-singleturn|p1b: Maushold|move: Follow Me\n|move|p2a: Sableye|Encore|p1b: Maushold\n|-start|p1b: Maushold|Encore\n|move|p1a: Floette|Calm Mind|p1a: Floette\n|-boost|p1a: Floette|spa|1\n|-boost|p1a: Floette|spd|1\n|move|p2b: Orthworm|Body Press|p1b: Maushold\n|-supereffective|p1b: Maushold|1\n|-enditem|p1b: Maushold|Chople Berry|[eat]\n|-enditem|p1b: Maushold|Chople Berry|[weaken]\n|-damage|p1b: Maushold|62/100\n|\n|upkeep\n|turn|3\n|inactive|senzumi_here has 30 seconds left.\n|\n|t:|1776440059\n|switch|p1b: Incineroar|Incineroar, L50, M|100/100\n|-ability|p1b: Incineroar|Intimidate|boost\n|-unboost|p2a: Sableye|atk|1\n|-unboost|p2b: Orthworm|atk|1\n|move|p2a: Sableye|Disable|p1b: Incineroar\n|-hint|Since gen 7, Dark is immune to Prankster moves.\n|-immune|p1b: Incineroar\n|move|p1a: Floette|Dazzling Gleam|p2b: Orthworm|[spread] p2a,p2b\n|-supereffective|p2a: Sableye|1\n|-crit|p2a: Sableye\n|-enditem|p2a: Sableye|Roseli Berry|[eat]\n|-enditem|p2a: Sableye|Roseli Berry|[weaken]\n|-resisted|p2b: Orthworm|1\n|-damage|p2a: Sableye|0 fnt\n|-damage|p2b: Orthworm|57/100\n|faint|p2a: Sableye\n|move|p2b: Orthworm|Body Press|p1b: Incineroar\n|-supereffective|p1b: Incineroar|1\n|-damage|p1b: Incineroar|47/100\n|-enditem|p1b: Incineroar|Sitrus Berry|[eat]\n|-heal|p1b: Incineroar|72/100|[from] item: Sitrus Berry\n|\n|-end|p2b: Orthworm|move: Taunt\n|upkeep\n|inactive|panko has 30 seconds left.\n|inactive|panko has 20 seconds left.\n|inactive|panko has 15 seconds left.\n|inactive|panko has 10 seconds left.\n|\n|t:|1776440108\n|switch|p2a: Basculegion|Basculegion, L50, M|100/100\n|turn|4\n|\n|t:|1776440128\n|switch|p1b: Maushold|Maushold, L50|62/100\n|move|p2a: Basculegion|Wave Crash|p1a: Floette\n|-damage|p1a: Floette|27/100\n|-damage|p2a: Basculegion|79/100|[from] Recoil\n|move|p1a: Floette|Dazzling Gleam|p2a: Basculegion|[spread] p2a,p2b\n|-resisted|p2b: Orthworm|1\n|-damage|p2a: Basculegion|0 fnt\n|-damage|p2b: Orthworm|17/100\n|-enditem|p2b: Orthworm|Sitrus Berry|[eat]\n|-heal|p2b: Orthworm|42/100|[from] item: Sitrus Berry\n|faint|p2a: Basculegion\n|move|p2b: Orthworm|Shed Tail|p2b: Orthworm\n|-fail|p2b: Orthworm|move: Shed Tail|[weak]\n|\n|upkeep\n|\n|t:|1776440138\n|switch|p2a: Blastoise|Blastoise, L50, M|100/100\n|turn|5\n|\n|t:|1776440149\n|detailschange|p2a: Blastoise|Blastoise-Mega, L50, M\n|-mega|p2a: Blastoise|Blastoise|Blastoisinite\n|move|p1b: Maushold|Super Fang|p2a: Blastoise\n|-damage|p2a: Blastoise|51/100\n|move|p1a: Floette|Dazzling Gleam|p2a: Blastoise|[spread] p2a,p2b\n|-resisted|p2b: Orthworm|1\n|-damage|p2a: Blastoise|0 fnt\n|-damage|p2b: Orthworm|0 fnt\n|faint|p2a: Blastoise\n|faint|p2b: Orthworm\n|\n|win|senzumi_here\n|raw|senzumi_here's rating: 1358 &rarr; <strong>1382</strong><br />(+24 for winning)\n|raw|panko's rating: 1437 &rarr; <strong>1413</strong><br />(-24 for losing)\n|l|\u2606panko\n|player|p2|\n",
  "uploadtime": 1776440161,
  "views": 40,
  "formatid": "gen9championsvgc2026regma",
  "rating": 1382,
  "private": 0,
  "password": null
}