{
  "id": "gen9championsvgc2026regma-2587282396",
  "format": "[Gen 9 Champions] VGC 2026 Reg M-A",
  "players": [
    "xiaoxiaowth",
    "Ningolland"
  ],
  "log": "|j|\u2606xiaoxiaowth\n|j|\u2606Ningolland\n|t:|1776518011\n|gametype|doubles\n|player|p1|xiaoxiaowth|169|1228\n|player|p2|Ningolland|hooligans|1258\n|gen|9\n|tier|[Gen 9 Champions] VGC 2026 Reg M-A\n|rated|\n|rule|Species Clause: Limit one of each Pok\u00e9mon\n|rule|Item Clause: Limit 1 of each item\n|clearpoke\n|poke|p1|Charizard, L50, F|\n|poke|p1|Floette-Eternal, L50, F|\n|poke|p1|Aerodactyl, L50, F|\n|poke|p1|Garchomp, L50, M|\n|poke|p1|Rotom-Wash, L50|\n|poke|p1|Sneasler, L50, F|\n|poke|p2|Charizard, L50, F|\n|poke|p2|Raichu, L50, M|\n|poke|p2|Corviknight, L50, M|\n|poke|p2|Tauros-Paldea-Aqua, L50, M|\n|poke|p2|Garchomp, L50, F|\n|poke|p2|Tyranitar, L50, M|\n|teampreview|4\n|inactive|Battle timer is ON: inactive players will automatically lose when time's up. (requested by xiaoxiaowth)\n|inactive|xiaoxiaowth has 60 seconds left.\n|inactive|Ningolland has 60 seconds left.\n|\n|t:|1776518050\n|teamsize|p1|4\n|teamsize|p2|4\n|start\n|switch|p1a: Sneasler|Sneasler, L50, F|100/100\n|switch|p1b: Aerodactyl|Aerodactyl, L50, F|100/100\n|switch|p2a: Raichu|Raichu, L50, M|100/100\n|switch|p2b: Corviknight|Corviknight, L50, M|100/100\n|-ability|p1b: Aerodactyl|Unnerve\n|turn|1\n|\n|t:|1776518066\n|move|p1b: Aerodactyl|Tailwind|p1b: Aerodactyl\n|-sidestart|p1: xiaoxiaowth|move: Tailwind\n|move|p1a: Sneasler|Close Combat|p2b: Corviknight\n|-damage|p2b: Corviknight|55/100\n|-unboost|p1a: Sneasler|def|1\n|-unboost|p1a: Sneasler|spd|1\n|-enditem|p1a: Sneasler|White Herb\n|-clearnegativeboost|p1a: Sneasler|[silent]\n|move|p2a: Raichu|Nuzzle|p1a: Sneasler\n|-damage|p1a: Sneasler|88/100\n|-status|p1a: Sneasler|par\n|move|p2b: Corviknight|Tailwind|p2b: Corviknight\n|-sidestart|p2: Ningolland|move: Tailwind\n|\n|-heal|p2b: Corviknight|60/100|[from] item: Leftovers\n|upkeep\n|turn|2\n|inactive|Ningolland has 30 seconds left.\n|inactive|xiaoxiaowth has 30 seconds left.\n|\n|t:|1776518097\n|move|p1b: Aerodactyl|Rock Slide|p2b: Corviknight|[spread] p2a,p2b\n|-damage|p2a: Raichu|44/100\n|-damage|p2b: Corviknight|41/100\n|cant|p2a: Raichu|flinch\n|cant|p2b: Corviknight|flinch\n|move|p1a: Sneasler|Dire Claw|p2a: Raichu\n|-damage|p2a: Raichu|0 fnt\n|faint|p2a: Raichu\n|\n|-heal|p2b: Corviknight|47/100|[from] item: Leftovers\n|upkeep\n|\n|t:|1776518108\n|switch|p2a: Tyranitar|Tyranitar, L50, M|100/100\n|-ability|p2a: Tyranitar|Unnerve\n|turn|3\n|\n|t:|1776518119\n|move|p2a: Tyranitar|Protect|p2a: Tyranitar\n|-singleturn|p2a: Tyranitar|Protect\n|move|p1b: Aerodactyl|Rock Slide|p2a: Tyranitar|[spread] p2b\n|-activate|p2a: Tyranitar|move: Protect\n|-damage|p2b: Corviknight|29/100\n|cant|p2b: Corviknight|flinch\n|move|p1a: Sneasler|Close Combat|p2a: Tyranitar\n|-activate|p2a: Tyranitar|move: Protect\n|\n|-heal|p2b: Corviknight|35/100|[from] item: Leftovers\n|upkeep\n|turn|4\n|c|\u2606Ningolland|Bruh\n|inactive|Ningolland has 30 seconds left.\n|inactive|Ningolland has 20 seconds left.\n|\n|t:|1776518156\n|move|p1b: Aerodactyl|Rock Slide|p2a: Tyranitar|[spread] p2b\n|-miss|p1b: Aerodactyl|p2a: Tyranitar\n|-damage|p2b: Corviknight|16/100\n|cant|p2b: Corviknight|flinch\n|move|p1a: Sneasler|Close Combat|p2a: Tyranitar\n|-supereffective|p2a: Tyranitar|2\n|-damage|p2a: Tyranitar|0 fnt\n|-unboost|p1a: Sneasler|def|1\n|-unboost|p1a: Sneasler|spd|1\n|faint|p2a: Tyranitar\n|\n|-heal|p2b: Corviknight|22/100|[from] item: Leftovers\n|-sideend|p1: xiaoxiaowth|move: Tailwind\n|-sideend|p2: Ningolland|move: Tailwind\n|upkeep\n|\n|t:|1776518167\n|switch|p2a: Charizard|Charizard, L50, F|100/100\n|turn|5\n|\n|t:|1776518187\n|detailschange|p2a: Charizard|Charizard-Mega-Y, L50, F\n|-mega|p2a: Charizard|Charizard|Charizardite Y\n|-weather|SunnyDay|[from] ability: Drought|[of] p2a: Charizard\n|move|p1b: Aerodactyl|Tailwind|p1b: Aerodactyl\n|-sidestart|p1: xiaoxiaowth|move: Tailwind\n|move|p1a: Sneasler|Dire Claw|p2a: Charizard\n|-damage|p2a: Charizard|42/100\n|-status|p2a: Charizard|psn|[from] ability: Poison Touch|[of] p1a: Sneasler\n|move|p2a: Charizard|Heat Wave|p1a: Sneasler|[spread] p1a,p1b\n|-resisted|p1b: Aerodactyl|1\n|-damage|p1a: Sneasler|0 fnt\n|-damage|p1b: Aerodactyl|56/100\n|faint|p1a: Sneasler\n|move|p2b: Corviknight|Roost|p2b: Corviknight\n|-heal|p2b: Corviknight|72/100\n|-singleturn|p2b: Corviknight|move: Roost\n|\n|-weather|SunnyDay|[upkeep]\n|-heal|p2b: Corviknight|78/100|[from] item: Leftovers\n|-damage|p2a: Charizard|30/100 psn|[from] psn\n|upkeep\n|\n|t:|1776518208\n|switch|p1a: Garchomp|Garchomp, L50, M|100/100\n|turn|6\n|\n|t:|1776518211\n|move|p2a: Charizard|Protect|p2a: Charizard\n|-singleturn|p2a: Charizard|Protect\n|move|p1b: Aerodactyl|Rock Slide|p2b: Corviknight|[spread] p2b\n|-activate|p2a: Charizard|move: Protect\n|-damage|p2b: Corviknight|60/100\n|move|p1a: Garchomp|Rock Slide|p2a: Charizard|[spread] p2b\n|-activate|p2a: Charizard|move: Protect\n|-damage|p2b: Corviknight|47/100\n|move|p2b: Corviknight|Iron Head|p1b: Aerodactyl\n|-supereffective|p1b: Aerodactyl|1\n|-damage|p1b: Aerodactyl|0 fnt\n|faint|p1b: Aerodactyl\n|\n|-weather|SunnyDay|[upkeep]\n|-heal|p2b: Corviknight|53/100|[from] item: Leftovers\n|-damage|p2a: Charizard|17/100 psn|[from] psn\n|upkeep\n|\n|t:|1776518224\n|switch|p1b: Charizard|Charizard, L50, F|100/100\n|turn|7\n|\n|t:|1776518241\n|detailschange|p1b: Charizard|Charizard-Mega-Y, L50, F\n|-mega|p1b: Charizard|Charizard|Charizardite Y\n|move|p1a: Garchomp|Rock Slide|p2b: Corviknight|[spread] p2a,p2b\n|-supereffective|p2a: Charizard|2\n|-damage|p2a: Charizard|0 fnt\n|-damage|p2b: Corviknight|40/100\n|faint|p2a: Charizard\n|move|p1b: Charizard|Heat Wave|p2b: Corviknight\n|-supereffective|p2b: Corviknight|1\n|-damage|p2b: Corviknight|0 fnt\n|faint|p2b: Corviknight\n|\n|win|xiaoxiaowth\n|raw|xiaoxiaowth's rating: 1228 &rarr; <strong>1255</strong><br />(+27 for winning)\n|raw|Ningolland's rating: 1258 &rarr; <strong>1231</strong><br />(-27 for losing)\n",
  "uploadtime": 1776518251,
  "views": 22,
  "formatid": "gen9championsvgc2026regma",
  "rating": 1231,
  "private": 0,
  "password": null
}