{
  "id": "gen9championsvgc2026regma-2588711572",
  "format": "[Gen 9 Champions] VGC 2026 Reg M-A",
  "players": [
    "uncle adzy 69",
    "Frederick Jimmy"
  ],
  "log": "|j|\u2606uncle adzy 69\n|j|\u2606Frederick Jimmy\n|t:|1776660693\n|gametype|doubles\n|player|p1|uncle adzy 69|266|1051\n|player|p2|Frederick Jimmy|infielder|1035\n|gen|9\n|tier|[Gen 9 Champions] VGC 2026 Reg M-A\n|rated|\n|rule|Species Clause: Limit one of each Pok\u00e9mon\n|rule|Item Clause: Limit 1 of each item\n|clearpoke\n|poke|p1|Glimmora, L50, F|\n|poke|p1|Aerodactyl, L50, F|\n|poke|p1|Azumarill, L50, F|\n|poke|p1|Kingambit, L50, F|\n|poke|p1|Incineroar, L50, F|\n|poke|p1|Feraligatr, L50, M, shiny|\n|poke|p2|Starmie, L50, shiny|\n|poke|p2|Rotom-Heat, L50|\n|poke|p2|Aegislash, L50, F, shiny|\n|poke|p2|Tyranitar, L50, M|\n|poke|p2|Aerodactyl, L50, M, shiny|\n|poke|p2|Garchomp, L50, M|\n|teampreview|4\n|\n|t:|1776660715\n|teamsize|p1|4\n|teamsize|p2|4\n|start\n|switch|p1a: Aerodactyl|Aerodactyl, L50, F|100/100\n|switch|p1b: Glimmora|Glimmora, L50, F|100/100\n|switch|p2a: Chin Man|Aerodactyl, L50, M, shiny|100/100\n|switch|p2b: sharp object|Aegislash, L50, F, shiny|100/100\n|-ability|p1a: Aerodactyl|Unnerve\n|turn|1\n|\n|t:|1776660806\n|detailschange|p1b: Glimmora|Glimmora-Mega, L50, F\n|-mega|p1b: Glimmora|Glimmora|Glimmoranite\n|move|p2b: sharp object|King's Shield|p2b: sharp object\n|-singleturn|p2b: sharp object|Protect\n|move|p1a: Aerodactyl|Taunt|p2a: Chin Man\n|-start|p2a: Chin Man|move: Taunt\n|cant|p2a: Chin Man|move: Taunt|Tailwind\n|move|p1b: Glimmora|Earth Power|p2b: sharp object\n|-activate|p2b: sharp object|move: Protect\n|\n|upkeep\n|turn|2\n|\n|t:|1776660894\n|move|p1a: Aerodactyl|Tailwind|p1a: Aerodactyl\n|-sidestart|p1: uncle adzy 69|move: Tailwind\n|move|p1b: Glimmora|Power Gem|p2a: Chin Man\n|-supereffective|p2a: Chin Man|1\n|-enditem|p2a: Chin Man|Focus Sash\n|-damage|p2a: Chin Man|1/100\n|move|p2a: Chin Man|Rock Slide|p1a: Aerodactyl|[spread] p1a,p1b\n|-supereffective|p1a: Aerodactyl|1\n|-damage|p1a: Aerodactyl|36/100\n|-damage|p1b: Glimmora|72/100\n|-formechange|p2b: sharp object|Aegislash-Blade|\n|move|p2b: sharp object|Flash Cannon|p1b: Glimmora\n|-supereffective|p1b: Glimmora|1\n|-damage|p1b: Glimmora|0 fnt\n|faint|p1b: Glimmora\n|\n|upkeep\n|\n|t:|1776660913\n|switch|p1b: Incineroar|Incineroar, L50, F|100/100\n|-ability|p1b: Incineroar|Intimidate|boost\n|-unboost|p2a: Chin Man|atk|1\n|-unboost|p2b: sharp object|atk|1\n|turn|3\n|\n|t:|1776660926\n|-formechange|p2b: sharp object|Aegislash|\n|move|p2b: sharp object|King's Shield|p2b: sharp object\n|-singleturn|p2b: sharp object|Protect\n|move|p1b: Incineroar|Fake Out|p2a: Chin Man\n|-resisted|p2a: Chin Man|1\n|-damage|p2a: Chin Man|0 fnt\n|faint|p2a: Chin Man\n|move|p1a: Aerodactyl|Rock Slide|p2b: sharp object\n|-activate|p2b: sharp object|move: Protect\n|\n|upkeep\n|\n|t:|1776660942\n|switch|p2a: Star Player|Starmie, L50, shiny|100/100\n|turn|4\n|\n|t:|1776660960\n|switch|p2b: Gar Nar|Garchomp, L50, M|100/100\n|detailschange|p2a: Star Player|Starmie-Mega, L50, shiny\n|-mega|p2a: Star Player|Starmie|Starminite\n|move|p1a: Aerodactyl|Wide Guard|p1a: Aerodactyl\n|-singleturn|p1a: Aerodactyl|Wide Guard\n|move|p2a: Star Player|Skill Swap|p2b: Gar Nar\n|-activate|p2a: Star Player|Skill Swap|||[of] p2b: Gar Nar\n|move|p1b: Incineroar|Flare Blitz|p2b: Gar Nar\n|-resisted|p2b: Gar Nar|1\n|-damage|p2b: Gar Nar|77/100\n|-damage|p1b: Incineroar|94/100|[from] Recoil\n|\n|upkeep\n|turn|5\n|\n|t:|1776660996\n|move|p2a: Star Player|Protect|p2a: Star Player\n|-singleturn|p2a: Star Player|Protect\n|move|p1a: Aerodactyl|Rock Slide|p2b: Gar Nar|[spread] p2b\n|-activate|p2a: Star Player|move: Protect\n|-resisted|p2b: Gar Nar|1\n|-damage|p2b: Gar Nar|67/100\n|move|p2b: Gar Nar|Earthquake|p1a: Aerodactyl|[spread] p1b\n|-activate|p2a: Star Player|move: Protect\n|-immune|p1a: Aerodactyl\n|-supereffective|p1b: Incineroar|1\n|-damage|p1b: Incineroar|0 fnt\n|faint|p1b: Incineroar\n|\n|-sideend|p1: uncle adzy 69|move: Tailwind\n|upkeep\n|\n|t:|1776661012\n|switch|p1b: Azumarill|Azumarill, L50, F|100/100\n|turn|6\n|\n|t:|1776661027\n|move|p1a: Aerodactyl|Tailwind|p1a: Aerodactyl\n|-sidestart|p1: uncle adzy 69|move: Tailwind\n|move|p2a: Star Player|Skill Swap|p1b: Azumarill\n|-activate|p2a: Star Player|Skill Swap|Huge Power|Sand Veil|[of] p1b: Azumarill\n|move|p2b: Gar Nar|Iron Head|p1a: Aerodactyl\n|-supereffective|p1a: Aerodactyl|1\n|-damage|p1a: Aerodactyl|0 fnt\n|faint|p1a: Aerodactyl\n|move|p1b: Azumarill|Liquidation|p2b: Gar Nar\n|-damage|p2b: Gar Nar|35/100\n|-unboost|p2b: Gar Nar|def|1\n|-enditem|p2b: Gar Nar|White Herb\n|-clearnegativeboost|p2b: Gar Nar|[silent]\n|\n|upkeep\n|turn|7\n|\n|t:|1776661056\n|move|p2a: Star Player|Zen Headbutt|p1b: Azumarill|[miss]\n|-miss|p2a: Star Player|p1b: Azumarill\n|move|p2b: Gar Nar|Iron Head|p1b: Azumarill\n|-damage|p1b: Azumarill|47/100\n|cant|p1b: Azumarill|flinch\n|\n|-heal|p1b: Azumarill|53/100|[from] item: Leftovers\n|upkeep\n|turn|8\n|c|\u2606Frederick Jimmy|gg\n|\n|t:|1776661071\n|move|p2a: Star Player|Zen Headbutt|p1b: Azumarill\n|-damage|p1b: Azumarill|0 fnt\n|faint|p1b: Azumarill\n|\n|win|Frederick Jimmy\n|raw|uncle adzy 69's rating: 1051 &rarr; <strong>1033</strong><br />(-18 for losing)\n|raw|Frederick Jimmy's rating: 1035 &rarr; <strong>1071</strong><br />(+36 for winning)\n",
  "uploadtime": 1776661079,
  "views": 5,
  "formatid": "gen9championsvgc2026regma",
  "rating": 1033,
  "private": 0,
  "password": null
}