{
  "id": "gen9championsvgc2026regma-2586875419",
  "format": "[Gen 9 Champions] VGC 2026 Reg M-A",
  "players": [
    "skittles16yyz",
    "defnotice"
  ],
  "log": "|j|\u2606skittles16yyz\n|j|\u2606defnotice\n|t:|1776467531\n|gametype|doubles\n|player|p1|skittles16yyz|170|1117\n|player|p2|defnotice|lass-gen4|1126\n|gen|9\n|tier|[Gen 9 Champions] VGC 2026 Reg M-A\n|rated|\n|rule|Species Clause: Limit one of each Pok\u00e9mon\n|rule|Item Clause: Limit 1 of each item\n|clearpoke\n|poke|p1|Alakazam, L50, F|\n|poke|p1|Meowstic, L50, M|\n|poke|p1|Aerodactyl, L50, F|\n|poke|p1|Milotic, L50, F|\n|poke|p1|Rotom-Heat, L50|\n|poke|p1|Meowscarada, L50, M|\n|poke|p2|Gengar, L50, M|\n|poke|p2|Sneasler, L50, M|\n|poke|p2|Floette-Eternal, L50, F|\n|poke|p2|Meowscarada, L50, M|\n|poke|p2|Dragapult, L50, F|\n|poke|p2|Samurott-Hisui, L50, F|\n|teampreview|4\n|inactive|Battle timer is ON: inactive players will automatically lose when time's up. (requested by defnotice)\ndefnotice has agreed to open team sheets.\n|\n|t:|1776467572\n|teamsize|p1|4\n|teamsize|p2|4\n|start\n|switch|p1a: Alakazam|Alakazam, L50, F|100/100\n|switch|p1b: Meowstic|Meowstic, L50, M|100/100\n|switch|p2a: Gengar|Gengar, L50, M, shiny|100/100\n|switch|p2b: Samurott|Samurott-Hisui, L50, F, shiny|100/100\n|turn|1\n|\n|t:|1776467587\n|detailschange|p1a: Alakazam|Alakazam-Mega, L50, F\n|-mega|p1a: Alakazam|Alakazam|Alakazite\n|-ability|p1a: Alakazam|Cursed Body|Trace|[from] ability: Trace|[of] p2a: Gengar\n|detailschange|p2a: Gengar|Gengar-Mega, L50, M, shiny\n|-mega|p2a: Gengar|Gengar|Gengarite\n|move|p1b: Meowstic|Fake Out|p2b: Samurott\n|-damage|p2b: Samurott|94/100\n|cant|p2b: Samurott|flinch\n|move|p1a: Alakazam|Expanding Force|p2a: Gengar\n|-supereffective|p2a: Gengar|1\n|-damage|p2a: Gengar|0 fnt\n|faint|p2a: Gengar\n|\n|upkeep\n|\n|t:|1776467602\n|switch|p2a: Meowscarada|Meowscarada, L50, M|100/100\n|turn|2\n|\n|t:|1776467623\n|switch|p1a: Rotom|Rotom-Heat, L50|100/100\n|move|p1b: Meowstic|Psychic Terrain|p1b: Meowstic\n|-fieldstart|move: Psychic Terrain\n|move|p2b: Samurott|Ceaseless Edge|p1a: Rotom\n|-damage|p1a: Rotom|45/100\n|-sidestart|p1: skittles16yyz|Spikes\n|move|p2a: Meowscarada|Knock Off|p1b: Meowstic\n|-start|p2a: Meowscarada|typechange|Dark|[from] ability: Protean\n|-supereffective|p1b: Meowstic|1\n|-enditem|p1b: Meowstic|Colbur Berry|[eat]\n|-enditem|p1b: Meowstic|Colbur Berry|[weaken]\n|-damage|p1b: Meowstic|59/100\n|\n|upkeep\n|turn|3\n|inactive|defnotice has 30 seconds left.\n|\n|t:|1776467648\n|move|p1b: Meowstic|Helping Hand|p1a: Rotom\n|-singleturn|p1a: Rotom|Helping Hand|[of] p1b: Meowstic\n|move|p2b: Samurott|Ceaseless Edge|p1a: Rotom\n|-damage|p1a: Rotom|0 fnt\n|-sidestart|p1: skittles16yyz|Spikes\n|faint|p1a: Rotom\n|move|p2a: Meowscarada|Knock Off|p1b: Meowstic\n|-supereffective|p1b: Meowstic|1\n|-damage|p1b: Meowstic|5/100\n|\n|upkeep\n|\n|t:|1776467656\n|switch|p1a: Aerodactyl|Aerodactyl, L50, F|100/100\n|turn|4\n|inactive|defnotice has 30 seconds left.\n|\n|t:|1776467682\n|switch|p2b: Sneasler|Sneasler, L50, M|100/100\n|move|p1b: Meowstic|Helping Hand|p1a: Aerodactyl\n|-singleturn|p1a: Aerodactyl|Helping Hand|[of] p1b: Meowstic\n|move|p1a: Aerodactyl|Rock Slide|p2a: Meowscarada|[spread] p2a,p2b\n|-resisted|p2b: Sneasler|1\n|-damage|p2a: Meowscarada|44/100\n|-damage|p2b: Sneasler|68/100\n|move|p2a: Meowscarada|Knock Off|p1b: Meowstic\n|-supereffective|p1b: Meowstic|1\n|-damage|p1b: Meowstic|0 fnt\n|faint|p1b: Meowstic\n|\n|upkeep\n|\n|t:|1776467690\n|switch|p1b: Alakazam|Alakazam-Mega, L50, F|100/100\n|-damage|p1b: Alakazam|84/100|[from] Spikes\n|-ability|p1b: Alakazam|Poison Touch|Trace|[from] ability: Trace|[of] p2b: Sneasler\n|turn|5\n|\n|t:|1776467703\n|move|p1b: Alakazam|Protect|p1b: Alakazam\n|-singleturn|p1b: Alakazam|Protect\n|move|p1a: Aerodactyl|Rock Slide|p2b: Sneasler|[spread] p2a,p2b\n|-resisted|p2b: Sneasler|1\n|-damage|p2a: Meowscarada|8/100\n|-damage|p2b: Sneasler|48/100\n|cant|p2b: Sneasler|flinch\n|cant|p2a: Meowscarada|flinch\n|\n|upkeep\n|turn|6\n|\n|t:|1776467723\n|move|p1b: Alakazam|Expanding Force|p2b: Sneasler|[spread] p2b\n|-immune|p2a: Meowscarada\n|-supereffective|p2b: Sneasler|2\n|-damage|p2b: Sneasler|0 fnt\n|faint|p2b: Sneasler\n|move|p1a: Aerodactyl|Crunch|p2a: Meowscarada\n|-resisted|p2a: Meowscarada|1\n|-damage|p2a: Meowscarada|0 fnt\n|faint|p2a: Meowscarada\n|\n|-fieldend|move: Psychic Terrain\n|upkeep\n|\n|t:|1776467731\n|switch|p2b: Samurott|Samurott-Hisui, L50, F, shiny|94/100\n|turn|7\n|\n|t:|1776467747\n|move|p1b: Alakazam|Protect|p1b: Alakazam\n|-singleturn|p1b: Alakazam|Protect\n|move|p2b: Samurott|Aqua Cutter|p1a: Aerodactyl\n|-supereffective|p1a: Aerodactyl|1\n|-damage|p1a: Aerodactyl|0 fnt\n|faint|p1a: Aerodactyl\n|\n|upkeep\n|turn|8\n|\n|t:|1776467753\n|move|p2b: Samurott|Aqua Cutter|p1b: Alakazam\n|-damage|p1b: Alakazam|0 fnt\n|faint|p1b: Alakazam\n|\n|win|defnotice\n|raw|skittles16yyz's rating: 1117 &rarr; <strong>1093</strong><br />(-24 for losing)\n|raw|defnotice's rating: 1126 &rarr; <strong>1150</strong><br />(+24 for winning)\n|l|\u2606skittles16yyz\n|player|p1|\n",
  "uploadtime": 1776467766,
  "views": 20,
  "formatid": "gen9championsvgc2026regma",
  "rating": 1093,
  "private": 0,
  "password": null
}