{
  "id": "gen9championsvgc2026regma-2584101759",
  "format": "[Gen 9 Champions] VGC 2026 Reg M-A",
  "players": [
    "yuhgurt",
    "ha4life"
  ],
  "log": "|j|\u2606yuhgurt\n|j|\u2606ha4life\n|t:|1776225290\n|gametype|doubles\n|player|p1|yuhgurt|1|1019\n|player|p2|ha4life|1|1108\n|gen|9\n|tier|[Gen 9 Champions] VGC 2026 Reg M-A\n|rated|\n|rule|Species Clause: Limit one of each Pok\u00e9mon\n|rule|Item Clause: Limit 1 of each item\n|clearpoke\n|poke|p1|Crabominable, L50, M|\n|poke|p1|Froslass, L50, F|\n|poke|p1|Glaceon, L50, F|\n|poke|p1|Aerodactyl, L50, M|\n|poke|p1|Milotic, L50, F|\n|poke|p1|Garchomp, L50, M|\n|poke|p2|Garchomp, L50, M|\n|poke|p2|Floette-Eternal, L50, F|\n|poke|p2|Corviknight, L50, M|\n|poke|p2|Maushold, L50|\n|poke|p2|Talonflame, L50, M|\n|poke|p2|Glimmora, L50, M|\n|teampreview|4\n|inactive|Battle timer is ON: inactive players will automatically lose when time's up. (requested by ha4life)\n|\n|t:|1776225350\n|teamsize|p1|4\n|teamsize|p2|4\n|start\n|switch|p1a: Aerodactyl|Aerodactyl, L50, M, shiny|100/100\n|switch|p1b: Garchomp|Garchomp, L50, M|100/100\n|switch|p2a: Floette|Floette-Eternal, L50, F|100/100\n|switch|p2b: Glimmora|Glimmora, L50, M|100/100\n|turn|1\n|\n|t:|1776225366\n|detailschange|p2a: Floette|Floette-Mega, L50, F\n|-mega|p2a: Floette|Floette|Floettite\n|-ability|p2a: Floette|Fairy Aura\n|move|p1b: Garchomp|Protect|p1b: Garchomp\n|-singleturn|p1b: Garchomp|Protect\n|move|p1a: Aerodactyl|Tailwind|p1a: Aerodactyl\n|-sidestart|p1: yuhgurt|move: Tailwind\n|move|p2a: Floette|Dazzling Gleam|p1b: Garchomp|[spread] p1a\n|-activate|p1b: Garchomp|move: Protect\n|-damage|p1a: Aerodactyl|37/100\n|move|p2b: Glimmora|Power Gem|p1a: Aerodactyl\n|-supereffective|p1a: Aerodactyl|1\n|-damage|p1a: Aerodactyl|0 fnt\n|faint|p1a: Aerodactyl\n|\n|upkeep\n|\n|t:|1776225381\n|switch|p1a: Froslass|Froslass, L50, F, shiny|100/100\n|turn|2\n|inactive|ha4life has 30 seconds left.\n|inactive|ha4life has 20 seconds left.\n|inactive|ha4life has 15 seconds left.\n|\n|t:|1776225422\n|switch|p1b: Crabominable|Crabominable, L50, M, shiny|100/100\n|switch|p2b: Maushold|Maushold, L50|100/100\n|detailschange|p1a: Froslass|Froslass-Mega, L50, F, shiny\n|-mega|p1a: Froslass|Froslass|Froslassite\n|-weather|Snowscape|[from] ability: Snow Warning|[of] p1a: Froslass\n|move|p2a: Floette|Protect|p2a: Floette\n|-singleturn|p2a: Floette|Protect\n|move|p1a: Froslass|Blizzard|p2a: Floette|[spread] p2b\n|-activate|p2a: Floette|move: Protect\n|-damage|p2b: Maushold|41/100\n|-enditem|p2b: Maushold|Sitrus Berry|[eat]\n|-heal|p2b: Maushold|66/100|[from] item: Sitrus Berry\n|\n|-weather|Snowscape|[upkeep]\n|upkeep\n|turn|3\n|inactive|yuhgurt has 30 seconds left.\n|inactive|ha4life has 30 seconds left.\n|\n|t:|1776225452\n|move|p2b: Maushold|Helping Hand|p2a: Floette\n|-singleturn|p2a: Floette|Helping Hand|[of] p2b: Maushold\n|move|p1a: Froslass|Aurora Veil|p1a: Froslass\n|-sidestart|p1: yuhgurt|move: Aurora Veil\n|move|p2a: Floette|Moonblast|p1a: Froslass\n|-damage|p1a: Froslass|11/100\n|move|p1b: Crabominable|Ice Spinner|p2a: Floette\n|-crit|p2a: Floette\n|-damage|p2a: Floette|24/100\n|\n|-weather|Snowscape|[upkeep]\n|upkeep\n|turn|4\n|\n|t:|1776225471\n|move|p2a: Floette|Protect|p2a: Floette\n|-singleturn|p2a: Floette|Protect\n|move|p1b: Crabominable|Protect|p1b: Crabominable\n|-singleturn|p1b: Crabominable|Protect\n|move|p1a: Froslass|Blizzard|p2b: Maushold|[spread] p2b\n|-activate|p2a: Floette|move: Protect\n|-damage|p2b: Maushold|4/100\n|move|p2b: Maushold|Super Fang|p1b: Crabominable\n|-activate|p1b: Crabominable|move: Protect\n|\n|-weather|Snowscape|[upkeep]\n|-sideend|p1: yuhgurt|move: Tailwind\n|upkeep\n|turn|5\n|\n|t:|1776225490\n|move|p2b: Maushold|Protect|p2b: Maushold\n|-singleturn|p2b: Maushold|Protect\n|move|p1b: Crabominable|Mach Punch|p2b: Maushold\n|-activate|p2b: Maushold|move: Protect\n|move|p1a: Froslass|Blizzard|p2a: Floette|[spread] p2a\n|-activate|p2b: Maushold|move: Protect\n|-damage|p2a: Floette|0 fnt\n|faint|p2a: Floette\n|\n|-weather|Snowscape|[upkeep]\n|upkeep\n|\n|t:|1776225505\n|switch|p2a: Glimmora|Glimmora, L50, M|100/100\n|turn|6\n|inactive|ha4life has 30 seconds left.\n|\n|t:|1776225532\n|move|p1a: Froslass|Blizzard|p2b: Maushold|[spread] p2a,p2b\n|-damage|p2a: Glimmora|59/100\n|-damage|p2b: Maushold|0 fnt\n|faint|p2b: Maushold\n|move|p2a: Glimmora|Power Gem|p1a: Froslass\n|-supereffective|p1a: Froslass|1\n|-damage|p1a: Froslass|0 fnt\n|faint|p1a: Froslass\n|move|p1b: Crabominable|Crabhammer|p2a: Glimmora\n|-supereffective|p2a: Glimmora|1\n|-damage|p2a: Glimmora|0 fnt\n|-activate|p2a: Glimmora|ability: Toxic Debris\n|-sidestart|p1: yuhgurt|move: Toxic Spikes\n|faint|p2a: Glimmora\n|\n|-weather|none\n|upkeep\n|inactive|ha4life has 30 seconds left.\n|inactive|ha4life has 20 seconds left.\n|\n|t:|1776225572\n|switch|p1a: Garchomp|Garchomp, L50, M|100/100\n|switch|p2b: Corviknight|Corviknight, L50, M|100/100\n|-status|p1a: Garchomp|psn\n|-ability|p2b: Corviknight|Pressure\n|turn|7\n|\n|t:|1776225587\n|move|p1b: Crabominable|Mach Punch|p2b: Corviknight\n|-damage|p2b: Corviknight|84/100\n|move|p1a: Garchomp|Rock Slide|p2b: Corviknight\n|-damage|p2b: Corviknight|69/100\n|cant|p2b: Corviknight|flinch\n|\n|-heal|p2b: Corviknight|75/100|[from] item: Leftovers\n|-damage|p1a: Garchomp|88/100 psn|[from] psn\n|-sideend|p1: yuhgurt|move: Aurora Veil\n|upkeep\n|turn|8\n|\n|t:|1776225599\n|move|p1a: Garchomp|Rock Slide|p2b: Corviknight\n|-damage|p2b: Corviknight|59/100\n|move|p2b: Corviknight|Iron Defense|p2b: Corviknight\n|-boost|p2b: Corviknight|def|2\n|move|p1b: Crabominable|Crabhammer|p2b: Corviknight\n|-damage|p2b: Corviknight|47/100\n|\n|-heal|p2b: Corviknight|53/100|[from] item: Leftovers\n|-damage|p1a: Garchomp|76/100 psn|[from] psn\n|upkeep\n|turn|9\n|\n|t:|1776225610\n|move|p1a: Garchomp|Rock Slide|p2b: Corviknight\n|-damage|p2b: Corviknight|44/100\n|cant|p2b: Corviknight|flinch\n|move|p1b: Crabominable|Crabhammer|p2b: Corviknight\n|-damage|p2b: Corviknight|33/100\n|\n|-heal|p2b: Corviknight|39/100|[from] item: Leftovers\n|-damage|p1a: Garchomp|63/100 psn|[from] psn\n|upkeep\n|turn|10\n|\n|t:|1776225626\n|move|p1a: Garchomp|Rock Slide|p2b: Corviknight\n|-damage|p2b: Corviknight|31/100\n|cant|p2b: Corviknight|flinch\n|move|p1b: Crabominable|Crabhammer|p2b: Corviknight\n|-damage|p2b: Corviknight|18/100\n|\n|-heal|p2b: Corviknight|23/100|[from] item: Leftovers\n|-damage|p1a: Garchomp|51/100 psn|[from] psn\n|upkeep\n|turn|11\n|\n|t:|1776225639\n|move|p1a: Garchomp|Rock Slide|p2b: Corviknight\n|-damage|p2b: Corviknight|15/100\n|cant|p2b: Corviknight|flinch\n|move|p1b: Crabominable|Crabhammer|p2b: Corviknight\n|-damage|p2b: Corviknight|2/100\n|\n|-heal|p2b: Corviknight|8/100|[from] item: Leftovers\n|-damage|p1a: Garchomp|38/100 psn|[from] psn\n|upkeep\n|turn|12\n|\n|t:|1776225652\n|move|p1b: Crabominable|Mach Punch|p2b: Corviknight\n|-damage|p2b: Corviknight|0 fnt\n|faint|p2b: Corviknight\n|\n|win|yuhgurt\n|raw|yuhgurt's rating: 1019 &rarr; <strong>1065</strong><br />(+46 for winning)\n|raw|ha4life's rating: 1108 &rarr; <strong>1077</strong><br />(-31 for losing)\n|l|\u2606yuhgurt\n|player|p1|\n",
  "uploadtime": 1776225659,
  "views": 26,
  "formatid": "gen9championsvgc2026regma",
  "rating": 1065,
  "private": 0,
  "password": null
}