{
  "id": "gen9championsvgc2026regma-2583053309",
  "format": "[Gen 9 Champions] VGC 2026 Reg M-A",
  "players": [
    "Jah_08",
    "azumarillsky"
  ],
  "log": "|j|\u2606Jah_08\n|j|\u2606azumarillsky\n|t:|1776137011\n|gametype|doubles\n|player|p1|Jah_08|alder|1338\n|player|p2|azumarillsky|169|1405\n|gen|9\n|tier|[Gen 9 Champions] VGC 2026 Reg M-A\n|rated|\n|rule|Species Clause: Limit one of each Pok\u00e9mon\n|rule|Item Clause: Limit 1 of each item\n|clearpoke\n|poke|p1|Excadrill, L50, F|\n|poke|p1|Whimsicott, L50, M|\n|poke|p1|Chandelure, L50, F|\n|poke|p1|Zoroark-Hisui, L50, M|\n|poke|p1|Basculegion, L50, M|\n|poke|p1|Conkeldurr, L50, M|\n|poke|p2|Lopunny, L50, M|\n|poke|p2|Kingambit, L50, M|\n|poke|p2|Scizor, L50, F|\n|poke|p2|Kommo-o, L50, F|\n|poke|p2|Milotic, L50, M|\n|poke|p2|Aerodactyl, L50, F|\n|teampreview|4\nJah_08 rejected open team sheets.\n|inactive|Battle timer is ON: inactive players will automatically lose when time's up. (requested by azumarillsky)\n|\n|t:|1776137049\n|teamsize|p1|4\n|teamsize|p2|4\n|start\n|switch|p1a: Conkeldurr|Conkeldurr, L50, M, shiny|100/100\n|switch|p1b: Basculegion|Basculegion, L50, M|100/100\n|switch|p2a: Aerodactyl|Aerodactyl, L50, F|100/100\n|switch|p2b: Kingambit|Kingambit, L50, M|100/100\n|-ability|p2a: Aerodactyl|Unnerve\n|turn|1\n|\n|t:|1776137069\n|move|p1b: Basculegion|Flip Turn|p2a: Aerodactyl\n|-supereffective|p2a: Aerodactyl|1\n|-enditem|p2a: Aerodactyl|Focus Sash\n|-damage|p2a: Aerodactyl|1/100\n|\n|t:|1776137077\n|switch|p1b: Conkeldurr|Conkeldurr, L50, M, shiny|100/100|[from] Flip Turn\n|move|p2a: Aerodactyl|Dual Wingbeat|p1a: Conkeldurr\n|-damage|p1a: Conkeldurr|61/100\n|replace|p1a: Zoroark|Zoroark-Hisui, L50, M\n|-end|p1a: Zoroark|Illusion\n|-damage|p1a: Zoroark|26/100\n|-hitcount|p1a: Zoroark|2\n|move|p1a: Zoroark|Icy Wind|p2a: Aerodactyl|[spread] p2a,p2b\n|-supereffective|p2a: Aerodactyl|1\n|-resisted|p2b: Kingambit|1\n|-damage|p2a: Aerodactyl|0 fnt\n|-damage|p2b: Kingambit|93/100\n|-unboost|p2b: Kingambit|spe|1\n|-ability|p2b: Kingambit|Defiant|boost\n|-boost|p2b: Kingambit|atk|2\n|faint|p2a: Aerodactyl\n|move|p2b: Kingambit|Iron Head|p1a: Zoroark\n|-damage|p1a: Zoroark|0 fnt\n|faint|p1a: Zoroark\n|\n|upkeep\n|inactive|Jah_08 has 30 seconds left.\n|\n|t:|1776137106\n|switch|p2a: Kommo-o|Kommo-o, L50, F|100/100\n|switch|p1a: Chandelure|Chandelure, L50, F|100/100\n|turn|2\n|\n|t:|1776137126\n|detailschange|p1a: Chandelure|Chandelure-Mega, L50, F\n|-mega|p1a: Chandelure|Chandelure|Chandelurite\n|move|p1a: Chandelure|Protect|p1a: Chandelure\n|-singleturn|p1a: Chandelure|Protect\n|move|p2b: Kingambit|Protect|p2b: Kingambit\n|-singleturn|p2b: Kingambit|Protect\n|move|p2a: Kommo-o|Clangorous Soul|p2a: Kommo-o\n|-boost|p2a: Kommo-o|atk|1\n|-boost|p2a: Kommo-o|def|1\n|-boost|p2a: Kommo-o|spa|1\n|-boost|p2a: Kommo-o|spd|1\n|-boost|p2a: Kommo-o|spe|1\n|-damage|p2a: Kommo-o|68/100\n|move|p1b: Conkeldurr|Drain Punch|p2b: Kingambit\n|-activate|p2b: Kingambit|move: Protect\n|\n|upkeep\n|turn|3\n|inactive|Jah_08 has 30 seconds left.\n|\n|t:|1776137152\n|move|p1b: Conkeldurr|Mach Punch|p2b: Kingambit\n|-supereffective|p2b: Kingambit|2\n|-damage|p2b: Kingambit|1/100\n|move|p2b: Kingambit|Sucker Punch|p1a: Chandelure\n|-supereffective|p1a: Chandelure|1\n|-damage|p1a: Chandelure|0 fnt\n|faint|p1a: Chandelure\n|move|p2a: Kommo-o|Clanging Scales|p1b: Conkeldurr\n|-damage|p1b: Conkeldurr|22/100\n|-unboost|p2a: Kommo-o|def|1\n|\n|upkeep\n|\n|t:|1776137165\n|switch|p1a: Basculegion|Basculegion, L50, M|100/100\n|turn|4\n|inactive|Jah_08 has 30 seconds left.\n|j| Rainbow Chrome\n|inactive|Jah_08 has 20 seconds left.\n|inactive|Jah_08 has 15 seconds left.\n|inactive|azumarillsky has 30 seconds left.\n|inactive|Jah_08 has 10 seconds left.\n|\n|t:|1776137215\n|move|p2b: Kingambit|Protect|p2b: Kingambit\n|-singleturn|p2b: Kingambit|Protect\n|move|p1a: Basculegion|Aqua Jet|p2b: Kingambit\n|-activate|p2b: Kingambit|move: Protect\n|move|p1b: Conkeldurr|Mach Punch|p2a: Kommo-o\n|-damage|p2a: Kommo-o|41/100\n|-enditem|p2a: Kommo-o|Sitrus Berry|[eat]\n|-heal|p2a: Kommo-o|66/100|[from] item: Sitrus Berry\n|move|p2a: Kommo-o|Aura Sphere|p1b: Conkeldurr\n|-damage|p1b: Conkeldurr|0 fnt\n|faint|p1b: Conkeldurr\n|\n|upkeep\n|turn|5\n|\n|t:|1776137235\n|move|p1a: Basculegion|Aqua Jet|p2b: Kingambit\n|-damage|p2b: Kingambit|0 fnt\n|faint|p2b: Kingambit\n|move|p2a: Kommo-o|Clanging Scales|p1a: Basculegion\n|-damage|p1a: Basculegion|14/100\n|-unboost|p2a: Kommo-o|def|1\n|\n|upkeep\n|\n|t:|1776137243\n|switch|p2b: Scizor|Scizor, L50, F|100/100\n|turn|6\n|\n|t:|1776137248\n|detailschange|p2b: Scizor|Scizor-Mega, L50, F\n|-mega|p2b: Scizor|Scizor|Scizorite\n|move|p1a: Basculegion|Aqua Jet|p2a: Kommo-o\n|-resisted|p2a: Kommo-o|1\n|-damage|p2a: Kommo-o|47/100\n|move|p2b: Scizor|Bullet Punch|p1a: Basculegion\n|-resisted|p1a: Basculegion|1\n|-damage|p1a: Basculegion|0 fnt\n|faint|p1a: Basculegion\n|\n|win|azumarillsky\n|raw|Jah_08's rating: 1338 &rarr; <strong>1322</strong><br />(-16 for losing)\n|raw|azumarillsky's rating: 1405 &rarr; <strong>1421</strong><br />(+16 for winning)\n",
  "uploadtime": 1776137259,
  "views": 19,
  "formatid": "gen9championsvgc2026regma",
  "rating": 1322,
  "private": 0,
  "password": null
}