{
  "id": "gen9championsvgc2026regma-2585045850",
  "format": "[Gen 9 Champions] VGC 2026 Reg M-A",
  "players": [
    "dkapflzksh",
    "TheDreadedKnight"
  ],
  "log": "|j|\u2606dkapflzksh\n|j|\u2606TheDreadedKnight\n|t:|1776306371\n|gametype|doubles\n|player|p1|dkapflzksh|scientist-gen4dp|1393\n|player|p2|TheDreadedKnight|ghetsis|1307\n|gen|9\n|tier|[Gen 9 Champions] VGC 2026 Reg M-A\n|rated|\n|rule|Species Clause: Limit one of each Pok\u00e9mon\n|rule|Item Clause: Limit 1 of each item\n|clearpoke\n|poke|p1|Basculegion, L50, M|\n|poke|p1|Dragonite, L50, M|\n|poke|p1|Archaludon, L50, M|\n|poke|p1|Sableye, L50, M|\n|poke|p1|Scizor, L50, F|\n|poke|p1|Incineroar, L50, F|\n|poke|p2|Greninja-*, L50, F|\n|poke|p2|Tsareena, L50, F|\n|poke|p2|Ninetales-Alola, L50, F|\n|poke|p2|Incineroar, L50, M|\n|poke|p2|Aegislash, L50, F|\n|poke|p2|Clefable, L50, M|\n|teampreview|4\n|j| gravedigger3000\n|inactive|Battle timer is ON: inactive players will automatically lose when time's up. (requested by dkapflzksh)\n|inactive|TheDreadedKnight has 60 seconds left.\n|\n|t:|1776306449\n|teamsize|p1|4\n|teamsize|p2|4\n|start\n|switch|p1a: Sableye|Sableye, L50, M|100/100\n|switch|p1b: Archaludon|Archaludon, L50, M, shiny|100/100\n|switch|p2a: Greninja|Greninja, L50, F|100/100\n|switch|p2b: Ninetales|Ninetales-Alola, L50, F|100/100\n|-weather|Snowscape|[from] ability: Snow Warning|[of] p2b: Ninetales\n|turn|1\n|\n|t:|1776306470\n|move|p2a: Greninja|Protect|p2a: Greninja\n|-start|p2a: Greninja|typechange|Normal|[from] ability: Protean\n|-singleturn|p2a: Greninja|Protect\n|move|p1a: Sableye|Rain Dance|p1a: Sableye\n|-weather|RainDance\n|move|p2b: Ninetales|Encore|p1a: Sableye\n|-start|p1a: Sableye|Encore\n|move|p1b: Archaludon|Electro Shot||[still]\n|-prepare|p1b: Archaludon|Electro Shot\n|-boost|p1b: Archaludon|spa|1\n|-anim|p1b: Archaludon|Electro Shot|p2a: Greninja\n|-activate|p2a: Greninja|move: Protect\n|\n|-weather|RainDance|[upkeep]\n|upkeep\n|turn|2\n|inactive|TheDreadedKnight has 30 seconds left.\n|\n|t:|1776306499\n|switch|p1a: Scizor|Scizor, L50, F|100/100\n|detailschange|p2a: Greninja|Greninja-Mega, L50, F\n|-mega|p2a: Greninja|Greninja|Greninjite\n|move|p2a: Greninja|Blizzard|p1a: Scizor|[spread] p1a,p1b\n|-start|p2a: Greninja|typechange|Ice|[from] ability: Protean\n|-resisted|p1a: Scizor|1\n|-damage|p1a: Scizor|74/100\n|-damage|p1b: Archaludon|58/100\n|-ability|p1b: Archaludon|Stamina|boost\n|-boost|p1b: Archaludon|def|1\n|move|p2b: Ninetales|Disable|p1b: Archaludon\n|-start|p1b: Archaludon|Disable|Electro Shot\n|cant|p1b: Archaludon|Disable|Electro Shot\n|\n|-weather|RainDance|[upkeep]\n|-heal|p1b: Archaludon|64/100|[from] item: Leftovers\n|upkeep\n|turn|3\n|inactive|dkapflzksh has 30 seconds left.\n|inactive|TheDreadedKnight has 30 seconds left.\n|\n|t:|1776306527\n|switch|p2a: Incineroar|Incineroar, L50, M|100/100\n|-ability|p2a: Incineroar|Intimidate|boost\n|-unboost|p1a: Scizor|atk|1\n|-unboost|p1b: Archaludon|atk|1\n|switch|p2b: Aegislash|Aegislash, L50, F|100/100\n|detailschange|p1a: Scizor|Scizor-Mega, L50, F\n|-mega|p1a: Scizor|Scizor|Scizorite\n|move|p1a: Scizor|Bullet Punch|p2a: Incineroar\n|-resisted|p2a: Incineroar|1\n|-damage|p2a: Incineroar|89/100\n|move|p1b: Archaludon|Flash Cannon|p2b: Aegislash\n|-resisted|p2b: Aegislash|1\n|-damage|p2b: Aegislash|78/100\n|\n|-weather|RainDance|[upkeep]\n|-heal|p1b: Archaludon|70/100|[from] item: Leftovers\n|-heal|p2b: Aegislash|84/100|[from] item: Leftovers\n|upkeep\n|turn|4\n|\n|t:|1776306549\n|move|p1b: Archaludon|Protect|p1b: Archaludon\n|-singleturn|p1b: Archaludon|Protect\n|move|p1a: Scizor|Protect|p1a: Scizor\n|-singleturn|p1a: Scizor|Protect\n|move|p2a: Incineroar|Parting Shot|p1a: Scizor\n|-activate|p1a: Scizor|move: Protect\n|-formechange|p2b: Aegislash|Aegislash-Blade|\n|move|p2b: Aegislash|Sacred Sword|p1b: Archaludon\n|-activate|p1b: Archaludon|move: Protect\n|\n|-weather|RainDance|[upkeep]\n|-heal|p1b: Archaludon|77/100|[from] item: Leftovers\n|-heal|p2b: Aegislash|90/100|[from] item: Leftovers\n|upkeep\n|turn|5\n|inactive|dkapflzksh has 30 seconds left.\n|\n|t:|1776306579\n|switch|p1a: Sableye|Sableye, L50, M|100/100\n|move|p1b: Archaludon|Dragon Pulse|p2a: Incineroar\n|-damage|p2a: Incineroar|50/100\n|move|p2b: Aegislash|Sacred Sword|p1b: Archaludon\n|-supereffective|p1b: Archaludon|1\n|-crit|p1b: Archaludon\n|-damage|p1b: Archaludon|0 fnt\n|faint|p1b: Archaludon\n|move|p2a: Incineroar|Parting Shot|p1a: Sableye\n|-unboost|p1a: Sableye|atk|1\n|-unboost|p1a: Sableye|spa|1\n|\n|t:|1776306594\n|switch|p2a: Greninja|Greninja-Mega, L50, F|100/100|[from] Parting Shot\n|\n|-weather|none\n|-heal|p2b: Aegislash|96/100|[from] item: Leftovers\n|upkeep\n|\n|t:|1776306605\n|switch|p1b: Basculegion|Basculegion, L50, M, shiny|100/100\n|turn|6\n|\n|t:|1776306619\n|switch|p2b: Incineroar|Incineroar, L50, M|50/100\n|-ability|p2b: Incineroar|Intimidate|boost\n|-unboost|p1a: Sableye|atk|1\n|-unboost|p1b: Basculegion|atk|1\n|move|p1a: Sableye|Helping Hand|p1b: Basculegion\n|-singleturn|p1b: Basculegion|Helping Hand|[of] p1a: Sableye\n|move|p2a: Greninja|Water Shuriken|p1a: Sableye\n|-start|p2a: Greninja|typechange|Water|[from] ability: Protean\n|-damage|p1a: Sableye|90/100\n|-damage|p1a: Sableye|79/100\n|-damage|p1a: Sableye|68/100\n|-hitcount|p1a: Sableye|3\n|move|p1b: Basculegion|Last Respects|p2b: Incineroar\n|-resisted|p2b: Incineroar|1\n|-damage|p2b: Incineroar|19/100\n|\n|upkeep\n|turn|7\n|inactive|TheDreadedKnight has 30 seconds left.\n|inactive|TheDreadedKnight has 20 seconds left.\n|\n|t:|1776306657\n|move|p1a: Sableye|Encore|p2a: Greninja\n|-start|p2a: Greninja|Encore\n|move|p2a: Greninja|Water Shuriken|p1a: Sableye\n|-damage|p1a: Sableye|57/100\n|-damage|p1a: Sableye|45/100\n|-damage|p1a: Sableye|35/100\n|-damage|p1a: Sableye|24/100\n|-damage|p1a: Sableye|13/100\n|-hitcount|p1a: Sableye|5\n|move|p1b: Basculegion|Last Respects|p2a: Greninja\n|-damage|p2a: Greninja|35/100\n|move|p2b: Incineroar|Throat Chop|p1b: Basculegion\n|-supereffective|p1b: Basculegion|1\n|-damage|p1b: Basculegion|14/100\n|-start|p1b: Basculegion|Throat Chop|[silent]\n|\n|upkeep\n|turn|8\n|-message|dkapflzksh forfeited.\n|\n|win|TheDreadedKnight\n|raw|dkapflzksh's rating: 1393 &rarr; <strong>1368</strong><br />(-25 for losing)\n|raw|TheDreadedKnight's rating: 1307 &rarr; <strong>1332</strong><br />(+25 for winning)\n",
  "uploadtime": 1776306672,
  "views": 34,
  "formatid": "gen9championsvgc2026regma",
  "rating": 1332,
  "private": 0,
  "password": null
}