{
  "id": "gen9championsvgc2026regma-2585067130",
  "format": "[Gen 9 Champions] VGC 2026 Reg M-A",
  "players": [
    "PokeMasterEN",
    "Deantzo"
  ],
  "log": "|j|\u2606PokeMasterEN\n|j|\u2606Deantzo\n|t:|1776308391\n|gametype|doubles\n|player|p1|PokeMasterEN|firebreather|1092\n|player|p2|Deantzo|101|1000\n|gen|9\n|tier|[Gen 9 Champions] VGC 2026 Reg M-A\n|rated|\n|rule|Species Clause: Limit one of each Pok\u00e9mon\n|rule|Item Clause: Limit 1 of each item\n|clearpoke\n|poke|p1|Charizard, L50, M|\n|poke|p1|Venusaur, L50, M|\n|poke|p1|Garchomp, L50, F|\n|poke|p1|Rotom-Wash, L50|\n|poke|p1|Sneasler, L50, F|\n|poke|p1|Incineroar, L50, F|\n|poke|p2|Mimikyu, L50, F|\n|poke|p2|Mudsdale, L50, F|\n|poke|p2|Incineroar, L50, F|\n|poke|p2|Feraligatr, L50, F|\n|poke|p2|Pelipper, L50, M|\n|poke|p2|Zoroark-Hisui, L50, F|\n|teampreview|4\n|inactive|Battle timer is ON: inactive players will automatically lose when time's up. (requested by PokeMasterEN)\n|inactive|PokeMasterEN has 60 seconds left.\n|\n|t:|1776308434\n|teamsize|p1|4\n|teamsize|p2|4\n|start\n|switch|p1a: You Better Protect|Charizard, L50, M, shiny|100/100\n|switch|p1b: Zzz|Venusaur, L50, M|100/100\n|switch|p2a: Mimikyu|Mimikyu, L50, F|100/100\n|switch|p2b: Incineroar|Incineroar, L50, F, shiny|100/100\n|-ability|p2b: Incineroar|Intimidate|boost\n|-unboost|p1a: You Better Protect|atk|1\n|-unboost|p1b: Zzz|atk|1\n|turn|1\n|\n|t:|1776308452\n|move|p1a: You Better Protect|Protect|p1a: You Better Protect\n|-singleturn|p1a: You Better Protect|Protect\n|move|p1b: Zzz|Protect|p1b: Zzz\n|-singleturn|p1b: Zzz|Protect\n|move|p2b: Incineroar|Fake Out|p1b: Zzz\n|-activate|p1b: Zzz|move: Protect\n|move|p2a: Mimikyu|Trick Room|p2a: Mimikyu\n|-fieldstart|move: Trick Room|[of] p2a: Mimikyu\n|\n|upkeep\n|turn|2\n|\n|t:|1776308474\n|switch|p1a: *foams at mouth*|Rotom-Wash, L50|100/100\n|move|p2b: Incineroar|Parting Shot|p1a: *foams at mouth*\n|-unboost|p1a: *foams at mouth*|atk|1\n|-unboost|p1a: *foams at mouth*|spa|1\n|\n|t:|1776308482\n|switch|p2b: Feraligatr|Feraligatr, L50, F, shiny|100/100|[from] Parting Shot\n|move|p2a: Mimikyu|Shadow Claw|p1a: *foams at mouth*\n|-damage|p1a: *foams at mouth*|76/100\n|move|p1b: Zzz|Sludge Bomb|p2a: Mimikyu\n|-activate|p2a: Mimikyu|ability: Disguise\n|-damage|p2a: Mimikyu|100/100\n|detailschange|p2a: Mimikyu|Mimikyu-Busted, L50, F\n|-damage|p2a: Mimikyu|88/100|[from] pokemon: Mimikyu-Busted\n|\n|-heal|p1a: *foams at mouth*|82/100|[from] item: Leftovers\n|upkeep\n|turn|3\n|inactive|Deantzo has 30 seconds left.\n|inactive|Deantzo has 20 seconds left.\n|inactive|Deantzo has 15 seconds left.\n|inactive|Deantzo has 10 seconds left.\n|\n|t:|1776308528\n|detailschange|p2b: Feraligatr|Feraligatr-Mega, L50, F, shiny\n|-mega|p2b: Feraligatr|Feraligatr|Feraligite\n|move|p2b: Feraligatr|Double-Edge|p1b: Zzz\n|-crit|p1b: Zzz\n|-enditem|p1b: Zzz|Focus Sash\n|-damage|p1b: Zzz|1/100\n|-damage|p2b: Feraligatr|74/100|[from] Recoil\n|move|p2a: Mimikyu|Shadow Claw|p1b: Zzz\n|-damage|p1b: Zzz|0 fnt\n|faint|p1b: Zzz\n|move|p1a: *foams at mouth*|Will-O-Wisp|p2b: Feraligatr|[miss]\n|-miss|p1a: *foams at mouth*|p2b: Feraligatr\n|\n|-heal|p1a: *foams at mouth*|88/100|[from] item: Leftovers\n|upkeep\n|\n|t:|1776308542\n|switch|p1b: The Gripler|Sneasler, L50, F|100/100\n|turn|4\n|inactive|Deantzo has 30 seconds left.\n|inactive|Deantzo has 20 seconds left.\n|\n|t:|1776308581\n|move|p2b: Feraligatr|Protect|p2b: Feraligatr\n|-singleturn|p2b: Feraligatr|Protect\n|move|p1b: The Gripler|Fake Out|p2b: Feraligatr\n|-activate|p2b: Feraligatr|move: Protect\n|move|p2a: Mimikyu|Shadow Claw|p1b: The Gripler\n|-damage|p1b: The Gripler|50/100\n|move|p1a: *foams at mouth*|Thunderbolt|p2b: Feraligatr\n|-activate|p2b: Feraligatr|move: Protect\n|\n|-heal|p1a: *foams at mouth*|94/100|[from] item: Leftovers\n|upkeep\n|turn|5\n|\n|t:|1776308604\n|move|p2b: Feraligatr|Double-Edge|p1a: *foams at mouth*\n|-damage|p1a: *foams at mouth*|21/100\n|-damage|p2b: Feraligatr|55/100|[from] Recoil\n|move|p2a: Mimikyu|Play Rough|p1b: The Gripler\n|-damage|p1b: The Gripler|0 fnt\n|faint|p1b: The Gripler\n|move|p1a: *foams at mouth*|Thunderbolt|p2b: Feraligatr\n|-damage|p2b: Feraligatr|34/100\n|\n|-heal|p1a: *foams at mouth*|27/100|[from] item: Leftovers\n|-fieldend|move: Trick Room\n|upkeep\n|\n|t:|1776308617\n|switch|p1b: You Better Protect|Charizard, L50, M, shiny|100/100\n|turn|6\n|\n|t:|1776308633\n|detailschange|p1b: You Better Protect|Charizard-Mega-Y, L50, M, shiny\n|-mega|p1b: You Better Protect|Charizard|Charizardite Y\n|-weather|SunnyDay|[from] ability: Drought|[of] p1b: You Better Protect\n|move|p2b: Feraligatr|Protect|p2b: Feraligatr\n|-singleturn|p2b: Feraligatr|Protect\n|move|p1b: You Better Protect|Heat Wave|p2b: Feraligatr|[spread] p2a\n|-activate|p2b: Feraligatr|move: Protect\n|-crit|p2a: Mimikyu\n|-damage|p2a: Mimikyu|0 fnt\n|faint|p2a: Mimikyu\n|move|p1a: *foams at mouth*|Thunderbolt|p2b: Feraligatr\n|-activate|p2b: Feraligatr|move: Protect\n|\n|-weather|SunnyDay|[upkeep]\n|-heal|p1a: *foams at mouth*|33/100|[from] item: Leftovers\n|upkeep\n|\n|t:|1776308649\n|switch|p2a: Pelipper|Pelipper, L50, M|100/100\n|-weather|RainDance|[from] ability: Drizzle|[of] p2a: Pelipper\n|turn|7\n|\n|t:|1776308663\n|move|p1b: You Better Protect|Heat Wave|p2b: Feraligatr|[spread] p2a,p2b\n|-resisted|p2a: Pelipper|1\n|-resisted|p2b: Feraligatr|2\n|-damage|p2a: Pelipper|88/100\n|-damage|p2b: Feraligatr|30/100\n|move|p1a: *foams at mouth*|Thunderbolt|p2a: Pelipper\n|-supereffective|p2a: Pelipper|2\n|-damage|p2a: Pelipper|0 fnt\n|faint|p2a: Pelipper\n|move|p2b: Feraligatr|Body Slam|p1a: *foams at mouth*\n|-damage|p1a: *foams at mouth*|0 fnt\n|faint|p1a: *foams at mouth*\n|\n|-weather|RainDance|[upkeep]\n|upkeep\n|\n|t:|1776308677\n|switch|p2a: Incineroar|Incineroar, L50, F, shiny|100/100\n|-ability|p2a: Incineroar|Intimidate|boost\n|-unboost|p1b: You Better Protect|atk|1\n|turn|8\n|\n|t:|1776308684\n|move|p1b: You Better Protect|Protect|p1b: You Better Protect\n|-singleturn|p1b: You Better Protect|Protect\n|move|p2a: Incineroar|Fake Out|p1b: You Better Protect\n|-activate|p1b: You Better Protect|move: Protect\n|move|p2b: Feraligatr|Waterfall|p1b: You Better Protect\n|-activate|p1b: You Better Protect|move: Protect\n|\n|-weather|RainDance|[upkeep]\n|upkeep\n|turn|9\n|\n|t:|1776308700\n|move|p1b: You Better Protect|Weather Ball|p2b: Feraligatr\n|-resisted|p2b: Feraligatr|2\n|-damage|p2b: Feraligatr|15/100\n|move|p2b: Feraligatr|Waterfall|p1b: You Better Protect\n|-supereffective|p1b: You Better Protect|1\n|-damage|p1b: You Better Protect|0 fnt\n|faint|p1b: You Better Protect\n|\n|win|Deantzo\n|raw|PokeMasterEN's rating: 1092 &rarr; <strong>1062</strong><br />(-30 for losing)\n|raw|Deantzo's rating: 1000 &rarr; <strong>1050</strong><br />(+50 for winning)\n|l|\u2606PokeMasterEN\n|player|p1|\n",
  "uploadtime": 1776308722,
  "views": 33,
  "formatid": "gen9championsvgc2026regma",
  "rating": 1050,
  "private": 0,
  "password": null
}