{
  "id": "gen9championsvgc2026regma-2584407467",
  "format": "[Gen 9 Champions] VGC 2026 Reg M-A",
  "players": [
    "ajisainoyoru",
    "sbrot"
  ],
  "log": "|j|\u2606ajisainoyoru\n|j|\u2606sbrot\n|t:|1776258665\n|gametype|doubles\n|player|p1|ajisainoyoru|veteranf|1121\n|player|p2|sbrot|265|1127\n|gen|9\n|tier|[Gen 9 Champions] VGC 2026 Reg M-A\n|rated|\n|rule|Species Clause: Limit one of each Pok\u00e9mon\n|rule|Item Clause: Limit 1 of each item\n|clearpoke\n|poke|p1|Froslass, L50, F|\n|poke|p1|Rotom-Frost, L50|\n|poke|p1|Aegislash, L50, M|\n|poke|p1|Kingambit, L50, M|\n|poke|p1|Garchomp, L50, M|\n|poke|p1|Sneasler, L50, M|\n|poke|p2|Ceruledge, L50, F|\n|poke|p2|Whimsicott, L50, M|\n|poke|p2|Glimmora, L50, M|\n|poke|p2|Meganium, L50, F|\n|poke|p2|Tinkaton, L50, F|\n|poke|p2|Toxicroak, L50, M|\n|teampreview|4\n|\n|t:|1776258692\n|teamsize|p1|4\n|teamsize|p2|4\n|start\n|switch|p1a: Meowchomp|Garchomp, L50, M|100/100\n|switch|p1b: Meowsler|Sneasler, L50, M|100/100\n|switch|p2a: Ceruledge|Ceruledge, L50, F|100/100\n|switch|p2b: Whimsicott|Whimsicott, L50, M|100/100\n|turn|1\n|\n|t:|1776258714\n|move|p2b: Whimsicott|Protect|p2b: Whimsicott\n|-singleturn|p2b: Whimsicott|Protect\n|move|p1b: Meowsler|Fake Out|p2b: Whimsicott\n|-activate|p2b: Whimsicott|move: Protect\n|move|p1a: Meowchomp|Rock Slide|p2a: Ceruledge|[spread] p2a\n|-activate|p2b: Whimsicott|move: Protect\n|-supereffective|p2a: Ceruledge|1\n|-damage|p2a: Ceruledge|45/100\n|-ability|p2a: Ceruledge|Weak Armor|boost\n|-unboost|p2a: Ceruledge|def|1\n|-boost|p2a: Ceruledge|spe|2\n|cant|p2a: Ceruledge|flinch\n|\n|upkeep\n|turn|2\n|\n|t:|1776258734\n|move|p1b: Meowsler|Protect|p1b: Meowsler\n|-singleturn|p1b: Meowsler|Protect\n|move|p2b: Whimsicott|Tailwind|p2b: Whimsicott\n|-sidestart|p2: sbrot|move: Tailwind\n|move|p2a: Ceruledge|Bitter Blade|p1b: Meowsler\n|-activate|p1b: Meowsler|move: Protect\n|move|p1a: Meowchomp|Earthquake|p2b: Whimsicott|[spread] p2a,p2b\n|-activate|p1b: Meowsler|move: Protect\n|-supereffective|p2a: Ceruledge|1\n|-resisted|p2b: Whimsicott|1\n|-damage|p2a: Ceruledge|0 fnt\n|-damage|p2b: Whimsicott|75/100\n|faint|p2a: Ceruledge\n|\n|upkeep\n|\n|t:|1776258746\n|switch|p2a: Meganium|Meganium, L50, F|100/100\n|turn|3\n|\n|t:|1776258753\n|detailschange|p2a: Meganium|Meganium-Mega, L50, F\n|-mega|p2a: Meganium|Meganium|Meganiumite\n|move|p2a: Meganium|Dazzling Gleam|p1b: Meowsler|[spread] p1a,p1b\n|-supereffective|p1a: Meowchomp|1\n|-damage|p1a: Meowchomp|25/100\n|-damage|p1b: Meowsler|54/100\n|move|p2b: Whimsicott|Moonblast|p1a: Meowchomp\n|-supereffective|p1a: Meowchomp|1\n|-damage|p1a: Meowchomp|0 fnt\n|faint|p1a: Meowchomp\n|move|p1b: Meowsler|Dire Claw|p2a: Meganium\n|-supereffective|p2a: Meganium|2\n|-damage|p2a: Meganium|0 fnt\n|faint|p2a: Meganium\n|\n|upkeep\n|\n|t:|1776258769\n|switch|p1a: Fuyu|Froslass, L50, F, shiny|100/100\n|switch|p2a: Tinkaton|Tinkaton, L50, F|100/100\n|-ability|p2a: Tinkaton|Mold Breaker\n|turn|4\n|\n|t:|1776258790\n|switch|p1a: Meowlash|Aegislash, L50, M|100/100\n|move|p2b: Whimsicott|Encore|p1b: Meowsler\n|-start|p1b: Meowsler|Encore\n|move|p2a: Tinkaton|Gigaton Hammer|p1a: Meowlash\n|-resisted|p1a: Meowlash|1\n|-damage|p1a: Meowlash|74/100\n|move|p1b: Meowsler|Dire Claw|p2a: Tinkaton\n|-immune|p2a: Tinkaton\n|\n|upkeep\n|turn|5\n|\n|t:|1776258813\n|move|p2b: Whimsicott|Protect|p2b: Whimsicott\n|-singleturn|p2b: Whimsicott|Protect\n|move|p2a: Tinkaton|Knock Off|p1a: Meowlash\n|-supereffective|p1a: Meowlash|1\n|-damage|p1a: Meowlash|34/100\n|-enditem|p1a: Meowlash|Focus Sash|[from] move: Knock Off|[of] p2a: Tinkaton\n|move|p1b: Meowsler|Dire Claw|p2b: Whimsicott\n|-activate|p2b: Whimsicott|move: Protect\n|-formechange|p1a: Meowlash|Aegislash-Blade|\n|move|p1a: Meowlash|Sacred Sword|p2a: Tinkaton\n|-damage|p2a: Tinkaton|67/100\n|\n|-sideend|p2: sbrot|move: Tailwind\n|upkeep\n|turn|6\n|\n|t:|1776258839\n|move|p2b: Whimsicott|Tailwind|p2b: Whimsicott\n|-sidestart|p2: sbrot|move: Tailwind\n|move|p2a: Tinkaton|Gigaton Hammer|p1b: Meowsler\n|-damage|p1b: Meowsler|0 fnt\n|faint|p1b: Meowsler\n|move|p1a: Meowlash|Sacred Sword|p2a: Tinkaton\n|-damage|p2a: Tinkaton|31/100\n|\n|upkeep\n|\n|t:|1776258848\n|switch|p1b: Fuyu|Froslass, L50, F, shiny|100/100\n|turn|7\n|\n|t:|1776258869\n|detailschange|p1b: Fuyu|Froslass-Mega, L50, F, shiny\n|-mega|p1b: Fuyu|Froslass|Froslassite\n|-weather|Snowscape|[from] ability: Snow Warning|[of] p1b: Fuyu\n|move|p2b: Whimsicott|Protect|p2b: Whimsicott\n|-singleturn|p2b: Whimsicott|Protect\n|move|p2a: Tinkaton|Knock Off|p1b: Fuyu\n|-supereffective|p1b: Fuyu|1\n|-damage|p1b: Fuyu|63/100\n|move|p1b: Fuyu|Blizzard|p2b: Whimsicott|[spread] p2a\n|-activate|p2b: Whimsicott|move: Protect\n|-resisted|p2a: Tinkaton|1\n|-damage|p2a: Tinkaton|10/100\n|move|p1a: Meowlash|Sacred Sword|p2a: Tinkaton\n|-damage|p2a: Tinkaton|0 fnt\n|faint|p2a: Tinkaton\n|\n|-weather|Snowscape|[upkeep]\n|upkeep\n|turn|8\n|\n|t:|1776258895\n|move|p2b: Whimsicott|Moonblast|p1b: Fuyu\n|-damage|p1b: Fuyu|34/100\n|move|p1b: Fuyu|Blizzard|p2b: Whimsicott\n|-supereffective|p2b: Whimsicott|1\n|-damage|p2b: Whimsicott|0 fnt\n|faint|p2b: Whimsicott\n|\n|win|ajisainoyoru\n|raw|ajisainoyoru's rating: 1121 &rarr; <strong>1146</strong><br />(+25 for winning)\n|raw|sbrot's rating: 1127 &rarr; <strong>1102</strong><br />(-25 for losing)\n|l|\u2606sbrot\n|player|p2|\n",
  "uploadtime": 1776258907,
  "views": 21,
  "formatid": "gen9championsvgc2026regma",
  "rating": 1102,
  "private": 0,
  "password": null
}