{
  "id": "gen9championsvgc2026regma-2587860668",
  "format": "[Gen 9 Champions] VGC 2026 Reg M-A",
  "players": [
    "Tempest ash",
    "baoge201212211"
  ],
  "log": "|j|\u2606Tempest ash\n|j|\u2606baoge201212211\n|t:|1776571656\n|gametype|doubles\n|player|p1|Tempest ash|102|1121\n|player|p2|baoge201212211|lucas|1189\n|gen|9\n|tier|[Gen 9 Champions] VGC 2026 Reg M-A\n|rated|\n|rule|Species Clause: Limit one of each Pok\u00e9mon\n|rule|Item Clause: Limit 1 of each item\n|clearpoke\n|poke|p1|Politoed, L50, M|\n|poke|p1|Blastoise, L50, M|\n|poke|p1|Farigiraf, L50, F|\n|poke|p1|Sinistcha-Masterpiece, L50|\n|poke|p1|Pelipper, L50, M|\n|poke|p1|Floette-Eternal, L50, F|\n|poke|p2|Archaludon, L50, F|\n|poke|p2|Sinistcha, L50|\n|poke|p2|Basculegion, L50, M, shiny|\n|poke|p2|Incineroar, L50, M|\n|poke|p2|Gardevoir, L50, F|\n|poke|p2|Pelipper, L50, M|\n|teampreview|4\n|\n|t:|1776571692\n|teamsize|p1|4\n|teamsize|p2|4\n|start\n|switch|p1a: Farigiraf|Farigiraf, L50, F|100/100\n|switch|p1b: Blastoise|Blastoise, L50, M|100/100\n|switch|p2a: Archaludon|Archaludon, L50, F|100/100\n|switch|p2b: Pelipper|Pelipper, L50, M|100/100\n|-weather|RainDance|[from] ability: Drizzle|[of] p2b: Pelipper\n|turn|1\n|\n|t:|1776571708\n|move|p1b: Blastoise|Protect|p1b: Blastoise\n|-singleturn|p1b: Blastoise|Protect\n|move|p2b: Pelipper|Tailwind|p2b: Pelipper\n|-sidestart|p2: baoge201212211|move: Tailwind\n|move|p2a: Archaludon|Electro Shot||[still]\n|-prepare|p2a: Archaludon|Electro Shot\n|-boost|p2a: Archaludon|spa|1\n|-anim|p2a: Archaludon|Electro Shot|p1a: Farigiraf\n|-damage|p1a: Farigiraf|41/100\n|move|p1a: Farigiraf|Trick Room|p1a: Farigiraf\n|-fieldstart|move: Trick Room|[of] p1a: Farigiraf\n|\n|-weather|RainDance|[upkeep]\n|upkeep\n|turn|2\n|inactive|Battle timer is ON: inactive players will automatically lose when time's up. (requested by Tempest ash)\n|\n|t:|1776571731\n|detailschange|p1b: Blastoise|Blastoise-Mega, L50, M\n|-mega|p1b: Blastoise|Blastoise|Blastoisinite\n|move|p1a: Farigiraf|Helping Hand|p1b: Blastoise\n|-singleturn|p1b: Blastoise|Helping Hand|[of] p1a: Farigiraf\n|move|p1b: Blastoise|Water Spout|p2a: Archaludon|[spread] p2a,p2b\n|-resisted|p2a: Archaludon|1\n|-resisted|p2b: Pelipper|1\n|-damage|p2a: Archaludon|14/100\n|-enditem|p2b: Pelipper|Focus Sash\n|-damage|p2b: Pelipper|1/100\n|-ability|p2a: Archaludon|Stamina|boost\n|-boost|p2a: Archaludon|def|1\n|move|p2a: Archaludon|Electro Shot||[still]\n|-prepare|p2a: Archaludon|Electro Shot\n|-boost|p2a: Archaludon|spa|1\n|-anim|p2a: Archaludon|Electro Shot|p1b: Blastoise\n|-supereffective|p1b: Blastoise|1\n|-damage|p1b: Blastoise|0 fnt\n|faint|p1b: Blastoise\n|move|p2b: Pelipper|Weather Ball|p1a: Farigiraf\n|-damage|p1a: Farigiraf|0 fnt\n|faint|p1a: Farigiraf\n|\n|-weather|RainDance|[upkeep]\n|-heal|p2a: Archaludon|20/100|[from] item: Leftovers\n|upkeep\n|\n|t:|1776571750\n|switch|p1a: Sinistcha|Sinistcha-Masterpiece, L50|100/100\n|switch|p1b: Politoed|Politoed, L50, M|100/100\n|turn|3\n|\n|t:|1776571767\n|switch|p2b: Sinistcha|Sinistcha, L50|100/100\n|-heal|p2a: Archaludon|45/100|[from] ability: Hospitality|[of] p2b: Sinistcha\n|move|p2a: Archaludon|Protect|p2a: Archaludon\n|-singleturn|p2a: Archaludon|Protect\n|move|p1a: Sinistcha|Matcha Gotcha|p2a: Archaludon|[spread] p2b\n|-activate|p2a: Archaludon|move: Protect\n|-resisted|p2b: Sinistcha|1\n|-crit|p2b: Sinistcha\n|-damage|p2b: Sinistcha|80/100\n|-status|p2b: Sinistcha|brn\n|move|p1b: Politoed|Muddy Water|p2a: Archaludon|[spread] \n|-activate|p2a: Archaludon|move: Protect\n|-miss|p1b: Politoed|p2b: Sinistcha\n|\n|-weather|RainDance|[upkeep]\n|-heal|p2a: Archaludon|51/100|[from] item: Leftovers\n|-damage|p2b: Sinistcha|74/100 brn|[from] brn\n|upkeep\n|turn|4\n|inactive|Tempest ash has 30 seconds left.\n|inactive|baoge201212211 has 30 seconds left.\n|\n|t:|1776571800\n|move|p1b: Politoed|Muddy Water|p2a: Archaludon|[spread] p2a,p2b\n|-resisted|p2a: Archaludon|1\n|-resisted|p2b: Sinistcha|1\n|-damage|p2a: Archaludon|34/100\n|-damage|p2b: Sinistcha|55/100 brn\n|-ability|p2a: Archaludon|Stamina|boost\n|-boost|p2a: Archaludon|def|1\n|move|p1a: Sinistcha|Matcha Gotcha|p2a: Archaludon|[spread] p2a,p2b\n|-resisted|p2a: Archaludon|2\n|-resisted|p2b: Sinistcha|1\n|-damage|p2a: Archaludon|28/100\n|-damage|p2b: Sinistcha|40/100 brn\n|-ability|p2a: Archaludon|Stamina|boost\n|-boost|p2a: Archaludon|def|1\n|move|p2a: Archaludon|Electro Shot||[still]\n|-prepare|p2a: Archaludon|Electro Shot\n|-boost|p2a: Archaludon|spa|1\n|-anim|p2a: Archaludon|Electro Shot|p1b: Politoed\n|-supereffective|p1b: Politoed|1\n|-damage|p1b: Politoed|0 fnt\n|faint|p1b: Politoed\n|move|p2b: Sinistcha|Matcha Gotcha|p1a: Sinistcha\n|-resisted|p1a: Sinistcha|1\n|-damage|p1a: Sinistcha|86/100\n|-heal|p2b: Sinistcha|48/100 brn|[from] drain|[of] p1a: Sinistcha\n|\n|-weather|RainDance|[upkeep]\n|-heal|p2a: Archaludon|34/100|[from] item: Leftovers\n|-damage|p2b: Sinistcha|42/100 brn|[from] brn\n|-sideend|p2: baoge201212211|move: Tailwind\n|upkeep\n|turn|5\n|inactive|baoge201212211 has 30 seconds left.\n|inactive|baoge201212211 has 20 seconds left.\n|inactive|baoge201212211 has 15 seconds left.\n|\n|t:|1776571843\n|move|p1a: Sinistcha|Matcha Gotcha|p2b: Sinistcha|[spread] p2a,p2b\n|-resisted|p2a: Archaludon|2\n|-resisted|p2b: Sinistcha|1\n|-damage|p2a: Archaludon|27/100\n|-heal|p1a: Sinistcha|90/100|[from] drain|[of] p2a: Archaludon\n|-damage|p2b: Sinistcha|29/100 brn\n|-heal|p1a: Sinistcha|97/100|[from] drain|[of] p2b: Sinistcha\n|-ability|p2a: Archaludon|Stamina|boost\n|-boost|p2a: Archaludon|def|1\n|move|p2a: Archaludon|Dragon Pulse|p1a: Sinistcha\n|-damage|p1a: Sinistcha|2/100\n|-enditem|p1a: Sinistcha|Sitrus Berry|[eat]\n|-heal|p1a: Sinistcha|27/100|[from] item: Sitrus Berry\n|move|p2b: Sinistcha|Matcha Gotcha|p1a: Sinistcha\n|-resisted|p1a: Sinistcha|1\n|-damage|p1a: Sinistcha|12/100\n|-heal|p2b: Sinistcha|36/100 brn|[from] drain|[of] p1a: Sinistcha\n|\n|-weather|none\n|-heal|p2a: Archaludon|33/100|[from] item: Leftovers\n|-damage|p2b: Sinistcha|30/100 brn|[from] brn\n|-fieldend|move: Trick Room\n|upkeep\n|turn|6\n|\n|t:|1776571868\n|move|p2b: Sinistcha|Matcha Gotcha|p1a: Sinistcha|[miss]\n|-miss|p2b: Sinistcha|p1a: Sinistcha\n|move|p2a: Archaludon|Dragon Pulse|p1a: Sinistcha\n|-damage|p1a: Sinistcha|0 fnt\n|faint|p1a: Sinistcha\n|\n|win|baoge201212211\n|raw|Tempest ash's rating: 1121 &rarr; <strong>1101</strong><br />(-20 for losing)\n|raw|baoge201212211's rating: 1189 &rarr; <strong>1209</strong><br />(+20 for winning)\n|l|\u2606Tempest ash\n|player|p1|\n",
  "uploadtime": 1776571878,
  "views": 10,
  "formatid": "gen9championsvgc2026regma",
  "rating": 1101,
  "private": 0,
  "password": null
}