{
  "id": "gen9championsvgc2026regma-2586504207",
  "format": "[Gen 9 Champions] VGC 2026 Reg M-A",
  "players": [
    "skywalkingchris",
    "darkfiend121"
  ],
  "log": "|j|\u2606skywalkingchris\n|j|\u203ddarkfiend121\n|t:|1776439218\n|gametype|doubles\n|player|p1|skywalkingchris|265|1116\n|player|p2|darkfiend121|byron|1152\n|gen|9\n|tier|[Gen 9 Champions] VGC 2026 Reg M-A\n|rated|\n|rule|Species Clause: Limit one of each Pok\u00e9mon\n|rule|Item Clause: Limit 1 of each item\n|clearpoke\n|poke|p1|Garchomp, L50, F|\n|poke|p1|Chimecho, L50, F|\n|poke|p1|Tyranitar, L50, M|\n|poke|p1|Glimmora, L50, M|\n|poke|p1|Kangaskhan, L50, F|\n|poke|p1|Sinistcha-Masterpiece, L50|\n|poke|p2|Volcarona, L50, M|\n|poke|p2|Chesnaught, L50, M|\n|poke|p2|Sneasler, L50, F|\n|poke|p2|Pelipper, L50, F|\n|poke|p2|Sinistcha, L50|\n|poke|p2|Farigiraf, L50, F|\n|teampreview|4\n|inactive|Battle timer is ON: inactive players will automatically lose when time's up. (requested by darkfiend121)\n|inactive|skywalkingchris has 60 seconds left.\n|\n|t:|1776439269\n|teamsize|p1|4\n|teamsize|p2|4\n|start\n|switch|p1a: Glimmora|Glimmora, L50, M|100/100\n|switch|p1b: Garchomp|Garchomp, L50, F|100/100\n|switch|p2a: Chesnaught|Chesnaught, L50, M|100/100\n|switch|p2b: Sneasler|Sneasler, L50, F|100/100\n|turn|1\n|\n|t:|1776439294\n|detailschange|p2a: Chesnaught|Chesnaught-Mega, L50, M\n|-mega|p2a: Chesnaught|Chesnaught|Chesnaughtite\n|move|p2b: Sneasler|Fake Out|p1b: Garchomp\n|-damage|p1b: Garchomp|86/100\n|-damage|p2b: Sneasler|88/100|[from] ability: Rough Skin|[of] p1b: Garchomp\n|cant|p1b: Garchomp|flinch\n|move|p1a: Glimmora|Earth Power|p2b: Sneasler\n|-supereffective|p2b: Sneasler|1\n|-damage|p2b: Sneasler|11/100\n|move|p2a: Chesnaught|Iron Defense|p2a: Chesnaught\n|-boost|p2a: Chesnaught|def|2\n|\n|upkeep\n|turn|2\n|inactive|skywalkingchris has 30 seconds left.\n|\n|t:|1776439328\n|move|p1b: Garchomp|Rock Slide|p2b: Sneasler|[spread] p2a,p2b\n|-resisted|p2a: Chesnaught|1\n|-resisted|p2b: Sneasler|1\n|-damage|p2a: Chesnaught|98/100\n|-damage|p2b: Sneasler|0 fnt\n|faint|p2b: Sneasler\n|move|p1a: Glimmora|Mortal Spin|p2a: Chesnaught\n|-supereffective|p2a: Chesnaught|1\n|-damage|p2a: Chesnaught|94/100\n|-status|p2a: Chesnaught|psn\n|cant|p2a: Chesnaught|flinch\n|\n|-damage|p2a: Chesnaught|82/100 psn|[from] psn\n|upkeep\n|\n|t:|1776439341\n|switch|p2b: Farigiraf|Farigiraf, L50, F|100/100\n|turn|3\n|\n|t:|1776439358\n|switch|p1a: Chimecho|Chimecho, L50, F|100/100\n|move|p2a: Chesnaught|Protect|p2a: Chesnaught\n|-singleturn|p2a: Chesnaught|Protect\n|move|p1b: Garchomp|Rock Slide|p2a: Chesnaught|[spread] p2b\n|-activate|p2a: Chesnaught|move: Protect\n|-damage|p2b: Farigiraf|83/100\n|move|p2b: Farigiraf|Trick Room|p2b: Farigiraf\n|-fieldstart|move: Trick Room|[of] p2b: Farigiraf\n|\n|-damage|p2a: Chesnaught|69/100 psn|[from] psn\n|upkeep\n|turn|4\n|inactive|skywalkingchris has 30 seconds left.\n|\n|t:|1776439385\n|switch|p1b: Glimmora|Glimmora, L50, M|100/100\n|detailschange|p1a: Chimecho|Chimecho-Mega, L50, F\n|-mega|p1a: Chimecho|Chimecho|Chimechite\n|move|p2a: Chesnaught|Body Press|p1b: Glimmora\n|-damage|p1b: Glimmora|10/100\n|-activate|p1b: Glimmora|ability: Toxic Debris\n|-sidestart|p2: darkfiend121|move: Toxic Spikes\n|-enditem|p1b: Glimmora|Sitrus Berry|[eat]\n|-heal|p1b: Glimmora|35/100|[from] item: Sitrus Berry\n|move|p2b: Farigiraf|Psychic|p1a: Chimecho\n|-resisted|p1a: Chimecho|2\n|-damage|p1a: Chimecho|94/100\n|move|p1a: Chimecho|Dazzling Gleam|p2a: Chesnaught|[spread] p2a,p2b\n|-supereffective|p2a: Chesnaught|1\n|-damage|p2a: Chesnaught|35/100 psn\n|-damage|p2b: Farigiraf|64/100\n|\n|-damage|p2a: Chesnaught|23/100 psn|[from] psn\n|upkeep\n|turn|5\n|\n|t:|1776439408\n|move|p1a: Chimecho|Protect|p1a: Chimecho\n|-singleturn|p1a: Chimecho|Protect\n|move|p2a: Chesnaught|Body Press|p1a: Chimecho\n|-activate|p1a: Chimecho|move: Protect\n|move|p2b: Farigiraf|Psychic|p1b: Glimmora\n|-supereffective|p1b: Glimmora|1\n|-damage|p1b: Glimmora|0 fnt\n|faint|p1b: Glimmora\n|\n|-damage|p2a: Chesnaught|11/100 psn|[from] psn\n|upkeep\n|\n|t:|1776439430\n|switch|p1b: Garchomp|Garchomp, L50, F|86/100\n|turn|6\n|inactive|skywalkingchris has 30 seconds left.\n|\n|t:|1776439457\n|switch|p1a: Sinistcha|Sinistcha-Masterpiece, L50|100/100\n|-heal|p1b: Garchomp|100/100|[from] ability: Hospitality|[of] p1a: Sinistcha\n|move|p2b: Farigiraf|Helping Hand|p2a: Chesnaught\n|-singleturn|p2a: Chesnaught|Helping Hand|[of] p2b: Farigiraf\n|move|p2a: Chesnaught|Body Press|p1a: Sinistcha\n|-immune|p1a: Sinistcha\n|move|p1b: Garchomp|Rock Slide|p2b: Farigiraf|[spread] p2a,p2b\n|-resisted|p2a: Chesnaught|1\n|-damage|p2a: Chesnaught|8/100 psn\n|-damage|p2b: Farigiraf|47/100\n|-enditem|p2b: Farigiraf|Sitrus Berry|[eat]\n|-heal|p2b: Farigiraf|72/100|[from] item: Sitrus Berry\n|\n|-damage|p2a: Chesnaught|0 fnt|[from] psn\n|faint|p2a: Chesnaught\n|upkeep\n|\n|t:|1776439461\n|switch|p2a: Volcarona|Volcarona, L50, M|100/100\n|-status|p2a: Volcarona|psn\n|turn|7\n|inactive|skywalkingchris has 30 seconds left.\n|\n|t:|1776439487\n|move|p2b: Farigiraf|Helping Hand|p2a: Volcarona\n|-singleturn|p2a: Volcarona|Helping Hand|[of] p2b: Farigiraf\n|move|p1a: Sinistcha|Life Dew||[still]|[still]|[spread] \n|-fail|p1a: Sinistcha|heal\n|-fail|p1b: Garchomp|heal\n|move|p2a: Volcarona|Heat Wave|p1b: Garchomp|[spread] p1a,p1b\n|-supereffective|p1a: Sinistcha|1\n|-resisted|p1b: Garchomp|1\n|-damage|p1a: Sinistcha|0 fnt\n|-damage|p1b: Garchomp|73/100\n|faint|p1a: Sinistcha\n|move|p1b: Garchomp|Rock Slide|p2a: Volcarona|[spread] p2a,p2b\n|-supereffective|p2a: Volcarona|2\n|-damage|p2a: Volcarona|20/100 psn\n|-damage|p2b: Farigiraf|53/100\n|\n|-heal|p2a: Volcarona|27/100 psn|[from] item: Leftovers\n|-damage|p2a: Volcarona|14/100 psn|[from] psn\n|-fieldend|move: Trick Room\n|upkeep\n|\n|t:|1776439502\n|switch|p1a: Chimecho|Chimecho-Mega, L50, F|94/100\n|turn|8\n|\n|t:|1776439515\n|move|p1a: Chimecho|Protect|p1a: Chimecho\n|-singleturn|p1a: Chimecho|Protect\n|move|p1b: Garchomp|Rock Slide|p2a: Volcarona|[spread] p2a,p2b\n|-supereffective|p2a: Volcarona|2\n|-damage|p2a: Volcarona|0 fnt\n|-damage|p2b: Farigiraf|36/100\n|faint|p2a: Volcarona\n|move|p2b: Farigiraf|Psychic|p1b: Garchomp\n|-damage|p1b: Garchomp|37/100\n|\n|upkeep\n|turn|9\n|-message|darkfiend121 forfeited.\n|\n|win|skywalkingchris\n|raw|skywalkingchris's rating: 1116 &rarr; <strong>1144</strong><br />(+28 for winning)\n|raw|darkfiend121's rating: 1152 &rarr; <strong>1124</strong><br />(-28 for losing)\n|l|\u203ddarkfiend121\n|player|p2|\n",
  "uploadtime": 1776439529,
  "views": 39,
  "formatid": "gen9championsvgc2026regma",
  "rating": 1124,
  "private": 0,
  "password": null
}