{
  "id": "gen9championsvgc2026regma-2584865787",
  "format": "[Gen 9 Champions] VGC 2026 Reg M-A",
  "players": [
    "toxmyself",
    "Daffarkfth"
  ],
  "log": "|j|\u2606toxmyself\n|j|\u2606Daffarkfth\n|t:|1776289835\n|gametype|doubles\n|player|p1|toxmyself|norman|1302\n|player|p2|Daffarkfth|169|1306\n|gen|9\n|tier|[Gen 9 Champions] VGC 2026 Reg M-A\n|rated|\n|rule|Species Clause: Limit one of each Pok\u00e9mon\n|rule|Item Clause: Limit 1 of each item\n|clearpoke\n|poke|p1|Charizard, L50, M|\n|poke|p1|Venusaur, L50, M|\n|poke|p1|Garchomp, L50, M|\n|poke|p1|Incineroar, L50, F|\n|poke|p1|Gardevoir, L50, F|\n|poke|p1|Milotic, L50, M|\n|poke|p2|Charizard, L50, F|\n|poke|p2|Venusaur, L50, F|\n|poke|p2|Garchomp, L50, M|\n|poke|p2|Rotom-Wash, L50|\n|poke|p2|Sneasler, L50, F|\n|poke|p2|Incineroar, L50, M|\n|teampreview|4\n|inactive|Battle timer is ON: inactive players will automatically lose when time's up. (requested by toxmyself)\n|inactive|toxmyself has 60 seconds left.\n|\n|t:|1776289868\n|teamsize|p1|4\n|teamsize|p2|4\n|start\n|switch|p1a: Milotic|Milotic, L50, M|100/100\n|switch|p1b: Garchomp|Garchomp, L50, M|100/100\n|switch|p2a: Sneasler|Sneasler, L50, F|100/100\n|switch|p2b: Rotom|Rotom-Wash, L50|100/100\n|turn|1\n|\n|t:|1776289884\n|move|p1a: Milotic|Protect|p1a: Milotic\n|-singleturn|p1a: Milotic|Protect\n|move|p2a: Sneasler|Fake Out|p1b: Garchomp\n|-damage|p1b: Garchomp|87/100\n|-damage|p2a: Sneasler|88/100|[from] ability: Rough Skin|[of] p1b: Garchomp\n|cant|p1b: Garchomp|flinch\n|move|p2b: Rotom|Thunderbolt|p1a: Milotic\n|-activate|p1a: Milotic|move: Protect\n|\n|upkeep\n|turn|2\n|inactive|toxmyself has 30 seconds left.\n|inactive|Daffarkfth has 30 seconds left.\n|\n|t:|1776289916\n|move|p2a: Sneasler|Close Combat|p1b: Garchomp\n|-damage|p1b: Garchomp|17/100\n|-unboost|p2a: Sneasler|def|1\n|-unboost|p2a: Sneasler|spd|1\n|-damage|p2a: Sneasler|76/100|[from] ability: Rough Skin|[of] p1b: Garchomp\n|-enditem|p2a: Sneasler|White Herb\n|-clearnegativeboost|p2a: Sneasler|[silent]\n|move|p1b: Garchomp|Rock Slide|p2a: Sneasler|[spread] p2a,p2b\n|-resisted|p2a: Sneasler|1\n|-damage|p2a: Sneasler|60/100\n|-damage|p2b: Rotom|83/100\n|move|p2b: Rotom|Hydro Pump|p1b: Garchomp\n|-damage|p1b: Garchomp|0 fnt\n|faint|p1b: Garchomp\n|move|p1a: Milotic|Scald|p2a: Sneasler\n|-damage|p2a: Sneasler|17/100\n|-status|p2a: Sneasler|brn\n|\n|-heal|p2b: Rotom|88/100|[from] item: Leftovers\n|-damage|p2a: Sneasler|11/100 brn|[from] brn\n|upkeep\n|\n|t:|1776289934\n|switch|p1b: Venusaur|Venusaur, L50, M|100/100\n|turn|3\n|\n|t:|1776289949\n|move|p2b: Rotom|Protect|p2b: Rotom\n|-singleturn|p2b: Rotom|Protect\n|move|p1a: Milotic|Protect|p1a: Milotic\n|-singleturn|p1a: Milotic|Protect\n|move|p2a: Sneasler|Dire Claw|p1b: Venusaur\n|-damage|p1b: Venusaur|73/100\n|move|p1b: Venusaur|Energy Ball|p2b: Rotom\n|-activate|p2b: Rotom|move: Protect\n|\n|-heal|p2b: Rotom|94/100|[from] item: Leftovers\n|-damage|p2a: Sneasler|6/100 brn|[from] brn\n|upkeep\n|turn|4\n|\n|t:|1776289968\n|switch|p2b: Venusaur|Venusaur, L50, F|100/100\n|move|p2a: Sneasler|Dire Claw|p1b: Venusaur\n|-damage|p1b: Venusaur|45/100\n|move|p1b: Venusaur|Sludge Bomb|p2b: Venusaur\n|-damage|p2b: Venusaur|50/100\n|move|p1a: Milotic|Scald|p2b: Venusaur\n|-resisted|p2b: Venusaur|1\n|-damage|p2b: Venusaur|33/100\n|-status|p2b: Venusaur|brn\n|\n|-damage|p2a: Sneasler|0 fnt|[from] brn\n|faint|p2a: Sneasler\n|-damage|p2b: Venusaur|27/100 brn|[from] brn\n|upkeep\n|\n|t:|1776289989\n|switch|p2a: Charizard|Charizard, L50, F|100/100\n|turn|5\n|\n|t:|1776290001\n|switch|p1a: Incineroar|Incineroar, L50, F|100/100\n|-ability|p1a: Incineroar|Intimidate|boost\n|-unboost|p2a: Charizard|atk|1\n|-unboost|p2b: Venusaur|atk|1\n|detailschange|p2a: Charizard|Charizard-Mega-Y, L50, F\n|-mega|p2a: Charizard|Charizard|Charizardite Y\n|-weather|SunnyDay|[from] ability: Drought|[of] p2a: Charizard\n|move|p2b: Venusaur|Leaf Storm|p1a: Incineroar\n|-resisted|p1a: Incineroar|1\n|-damage|p1a: Incineroar|71/100\n|-unboost|p2b: Venusaur|spa|2\n|move|p1b: Venusaur|Sleep Powder|p2a: Charizard\n|-status|p2a: Charizard|slp|[from] move: Sleep Powder\n|cant|p2a: Charizard|slp\n|\n|-weather|SunnyDay|[upkeep]\n|-damage|p2b: Venusaur|21/100 brn|[from] brn\n|upkeep\n|turn|6\n|\n|t:|1776290026\n|switch|p2b: Rotom|Rotom-Wash, L50|94/100\n|move|p1b: Venusaur|Sludge Bomb|p2a: Charizard\n|-damage|p2a: Charizard|59/100 slp\n|-curestatus|p2a: Charizard|slp|[msg]\n|move|p2a: Charizard|Heat Wave|p1b: Venusaur|[spread] p1a,p1b\n|-resisted|p1a: Incineroar|1\n|-supereffective|p1b: Venusaur|1\n|-damage|p1a: Incineroar|44/100\n|-damage|p1b: Venusaur|0 fnt\n|-enditem|p1a: Incineroar|Sitrus Berry|[eat]\n|-heal|p1a: Incineroar|69/100|[from] item: Sitrus Berry\n|faint|p1b: Venusaur\n|move|p1a: Incineroar|Throat Chop|p2a: Charizard\n|-damage|p2a: Charizard|10/100\n|-start|p2a: Charizard|Throat Chop|[silent]\n|\n|-weather|SunnyDay|[upkeep]\n|-heal|p2b: Rotom|99/100|[from] item: Leftovers\n|upkeep\n|\n|t:|1776290040\n|switch|p1b: Milotic|Milotic, L50, M|100/100\n|turn|7\n|\n|t:|1776290057\n|move|p1b: Milotic|Protect|p1b: Milotic\n|-singleturn|p1b: Milotic|Protect\n|move|p2a: Charizard|Weather Ball|p1a: Incineroar\n|-resisted|p1a: Incineroar|1\n|-damage|p1a: Incineroar|26/100\n|move|p2b: Rotom|Thunderbolt|p1b: Milotic\n|-activate|p1b: Milotic|move: Protect\n|move|p1a: Incineroar|Throat Chop|p2b: Rotom\n|-damage|p2b: Rotom|69/100\n|-start|p2b: Rotom|Throat Chop|[silent]\n|\n|-weather|SunnyDay|[upkeep]\n|-heal|p2b: Rotom|75/100|[from] item: Leftovers\n|-end|p2a: Charizard|Throat Chop|[silent]\n|upkeep\n|turn|8\n|inactive|toxmyself has 30 seconds left.\n|inactive|toxmyself has 20 seconds left.\n|inactive|toxmyself has 15 seconds left.\n|\n|t:|1776290097\n|move|p2a: Charizard|Solar Beam||[still]\n|-prepare|p2a: Charizard|Solar Beam\n|-anim|p2a: Charizard|Solar Beam|p1b: Milotic\n|-supereffective|p1b: Milotic|1\n|-damage|p1b: Milotic|21/100\n|move|p2b: Rotom|Thunderbolt|p1b: Milotic\n|-supereffective|p1b: Milotic|1\n|-damage|p1b: Milotic|0 fnt\n|faint|p1b: Milotic\n|move|p1a: Incineroar|Throat Chop|p2a: Charizard\n|-damage|p2a: Charizard|0 fnt\n|faint|p2a: Charizard\n|\n|-weather|SunnyDay|[upkeep]\n|-heal|p2b: Rotom|81/100|[from] item: Leftovers\n|-end|p2b: Rotom|Throat Chop|[silent]\n|upkeep\n|\n|t:|1776290112\n|switch|p2a: Venusaur|Venusaur, L50, F|21/100 brn\n|turn|9\n|\n|t:|1776290119\n|move|p2a: Venusaur|Sludge Bomb|p1a: Incineroar\n|-damage|p1a: Incineroar|0 fnt\n|faint|p1a: Incineroar\n|\n|win|Daffarkfth\n|raw|toxmyself's rating: 1302 &rarr; <strong>1282</strong><br />(-20 for losing)\n|raw|Daffarkfth's rating: 1306 &rarr; <strong>1326</strong><br />(+20 for winning)\n",
  "uploadtime": 1776290119,
  "views": 46,
  "formatid": "gen9championsvgc2026regma",
  "rating": 1282,
  "private": 0,
  "password": null
}