{
  "id": "gen9championsvgc2026regma-2583760777",
  "format": "[Gen 9 Champions] VGC 2026 Reg M-A",
  "players": [
    "Juya",
    "xTHExKelevra"
  ],
  "log": "|j|\u2606Juya\n|j|\u2606xTHExKelevra\n|t:|1776195881\n|gametype|doubles\n|player|p1|Juya|169|1282\n|player|p2|xTHExKelevra|170|1333\n|gen|9\n|tier|[Gen 9 Champions] VGC 2026 Reg M-A\n|rated|\n|rule|Species Clause: Limit one of each Pok\u00e9mon\n|rule|Item Clause: Limit 1 of each item\n|clearpoke\n|poke|p1|Sneasler, L50, M|\n|poke|p1|Kingambit, L50, F|\n|poke|p1|Clefable, L50, M|\n|poke|p1|Delphox, L50, F|\n|poke|p1|Dragonite, L50, F|\n|poke|p1|Basculegion, L50, M|\n|poke|p2|Froslass, L50, F|\n|poke|p2|Rotom-Wash, L50|\n|poke|p2|Kingambit, L50, F|\n|poke|p2|Arcanine-Hisui, L50, M|\n|poke|p2|Sinistcha, L50|\n|poke|p2|Sneasler, L50, F|\n|teampreview|4\n|inactive|Battle timer is ON: inactive players will automatically lose when time's up. (requested by Juya)\n|inactive|Juya has 60 seconds left.\n|inactive|xTHExKelevra has 60 seconds left.\n|\n|t:|1776195921\n|teamsize|p1|4\n|teamsize|p2|4\n|start\n|switch|p1a: Basculegion|Basculegion, L50, M|100/100\n|switch|p1b: Sneasler|Sneasler, L50, M|100/100\n|switch|p2a: Sneasler|Sneasler, L50, F, shiny|100/100\n|switch|p2b: Arcanine|Arcanine-Hisui, L50, M, shiny|100/100\n|-ability|p2b: Arcanine|Intimidate|boost\n|-unboost|p1a: Basculegion|atk|1\n|-unboost|p1b: Sneasler|atk|1\n|-enditem|p1b: Sneasler|White Herb\n|-clearnegativeboost|p1b: Sneasler|[silent]\n|turn|1\n|\n|t:|1776195945\n|move|p2b: Arcanine|Protect|p2b: Arcanine\n|-singleturn|p2b: Arcanine|Protect\n|move|p1b: Sneasler|Fake Out|p2a: Sneasler\n|-damage|p2a: Sneasler|75/100\n|cant|p2a: Sneasler|flinch\n|move|p1a: Basculegion|Flip Turn|p2b: Arcanine\n|-activate|p2b: Arcanine|move: Protect\n|\n|upkeep\n|turn|2\n|inactive|xTHExKelevra has 30 seconds left.\n|\n|t:|1776195971\n|move|p1b: Sneasler|Protect|p1b: Sneasler\n|-singleturn|p1b: Sneasler|Protect\n|move|p1a: Basculegion|Flip Turn|p2b: Arcanine\n|-supereffective|p2b: Arcanine|2\n|-enditem|p2b: Arcanine|Focus Sash\n|-damage|p2b: Arcanine|1/100\n|\n|t:|1776195982\n|switch|p1a: Kingambit|Kingambit, L50, F|100/100|[from] Flip Turn\n|move|p2a: Sneasler|Close Combat|p1b: Sneasler\n|-activate|p1b: Sneasler|move: Protect\n|move|p2b: Arcanine|Rock Slide|p1a: Kingambit|[spread] p1a\n|-activate|p1b: Sneasler|move: Protect\n|-resisted|p1a: Kingambit|1\n|-damage|p1a: Kingambit|90/100\n|\n|upkeep\n|turn|3\n|inactive|Juya has 30 seconds left.\n|\n|t:|1776196015\n|move|p1a: Kingambit|Protect|p1a: Kingambit\n|-singleturn|p1a: Kingambit|Protect\n|move|p1b: Sneasler|Dire Claw|p2b: Arcanine\n|-resisted|p2b: Arcanine|1\n|-damage|p2b: Arcanine|0 fnt\n|faint|p2b: Arcanine\n|move|p2a: Sneasler|Close Combat|p1a: Kingambit\n|-activate|p1a: Kingambit|move: Protect\n|\n|upkeep\n|\n|t:|1776196028\n|switch|p2b: Rotom|Rotom-Wash, L50, shiny|100/100\n|turn|4\n|\n|t:|1776196045\n|switch|p1a: Delphox|Delphox, L50, F|100/100\n|move|p2a: Sneasler|Protect|p2a: Sneasler\n|-singleturn|p2a: Sneasler|Protect\n|move|p1b: Sneasler|Close Combat|p2b: Rotom\n|-damage|p2b: Rotom|41/100\n|-unboost|p1b: Sneasler|def|1\n|-unboost|p1b: Sneasler|spd|1\n|move|p2b: Rotom|Will-O-Wisp|p1a: Delphox\n|-immune|p1a: Delphox\n|\n|-heal|p2b: Rotom|46/100|[from] item: Leftovers\n|upkeep\n|turn|5\n|\n|t:|1776196069\n|detailschange|p1a: Delphox|Delphox-Mega, L50, F\n|-mega|p1a: Delphox|Delphox|Delphoxite\n|move|p1b: Sneasler|Close Combat|p2b: Rotom\n|-damage|p2b: Rotom|0 fnt\n|-unboost|p1b: Sneasler|def|1\n|-unboost|p1b: Sneasler|spd|1\n|faint|p2b: Rotom\n|move|p1a: Delphox|Substitute|p1a: Delphox\n|-start|p1a: Delphox|Substitute\n|-damage|p1a: Delphox|76/100\n|move|p2a: Sneasler|Close Combat|p1b: Sneasler\n|-resisted|p1b: Sneasler|1\n|-damage|p1b: Sneasler|0 fnt\n|-unboost|p2a: Sneasler|def|1\n|-unboost|p2a: Sneasler|spd|1\n|faint|p1b: Sneasler\n|-enditem|p2a: Sneasler|White Herb\n|-clearnegativeboost|p2a: Sneasler|[silent]\n|\n|upkeep\n|\n|t:|1776196087\n|switch|p1b: Basculegion|Basculegion, L50, M|100/100\n|switch|p2b: Kingambit|Kingambit, L50, F, shiny|100/100\n|turn|6\n|\n|t:|1776196112\n|move|p1b: Basculegion|Aqua Jet|p2a: Sneasler\n|-damage|p2a: Sneasler|28/100\n|move|p2b: Kingambit|Sucker Punch||[still]\n|-fail|p2b: Kingambit\n|move|p2a: Sneasler|Dire Claw|p1a: Delphox\n|-end|p1a: Delphox|Substitute\n|move|p1a: Delphox|Heat Wave|p2b: Kingambit|[spread] p2a,p2b\n|-supereffective|p2b: Kingambit|1\n|-damage|p2a: Sneasler|0 fnt\n|-damage|p2b: Kingambit|10/100\n|faint|p2a: Sneasler\n|\n|upkeep\n|turn|7\n|\n|t:|1776196128\n|move|p1b: Basculegion|Aqua Jet|p2b: Kingambit\n|-damage|p2b: Kingambit|0 fnt\n|faint|p2b: Kingambit\n|\n|win|Juya\n|raw|Juya's rating: 1282 &rarr; <strong>1311</strong><br />(+29 for winning)\n|raw|xTHExKelevra's rating: 1333 &rarr; <strong>1310</strong><br />(-23 for losing)\n|l|\u2606xTHExKelevra\n|player|p2|\n",
  "uploadtime": 1776196135,
  "views": 40,
  "formatid": "gen9championsvgc2026regma",
  "rating": 1310,
  "private": 0,
  "password": null
}