{
  "id": "gen9championsvgc2026regma-2586159404",
  "format": "[Gen 9 Champions] VGC 2026 Reg M-A",
  "players": [
    "Deuce2",
    "loklastaji"
  ],
  "log": "|j|\u2606Deuce2\n|j|\u2606loklastaji\n|t:|1776406546\n|gametype|doubles\n|player|p1|Deuce2|iris-gen5bw2|1100\n|player|p2|loklastaji|170|1120\n|gen|9\n|tier|[Gen 9 Champions] VGC 2026 Reg M-A\n|rated|\n|rule|Species Clause: Limit one of each Pok\u00e9mon\n|rule|Item Clause: Limit 1 of each item\n|clearpoke\n|poke|p1|Kommo-o, L50, F|\n|poke|p1|Gengar, L50, M|\n|poke|p1|Sneasler, L50, M|\n|poke|p1|Delphox, L50, F|\n|poke|p1|Garchomp, L50, M|\n|poke|p1|Incineroar, L50, M|\n|poke|p2|Samurott-Hisui, L50, M|\n|poke|p2|Delphox, L50, F|\n|poke|p2|Tinkaton, L50, F|\n|poke|p2|Decidueye-Hisui, L50, M|\n|poke|p2|Dragonite, L50, F|\n|poke|p2|Farigiraf, L50, M|\n|teampreview|4\n|inactive|Battle timer is ON: inactive players will automatically lose when time's up. (requested by Deuce2)\n|inactive|loklastaji has 60 seconds left.\n|\n|t:|1776406578\n|teamsize|p1|4\n|teamsize|p2|4\n|start\n|switch|p1a: Sneasler|Sneasler, L50, M|100/100\n|switch|p1b: Delphox|Delphox, L50, F|100/100\n|switch|p2a: Farigiraf|Farigiraf, L50, M|100/100\n|switch|p2b: Delphox|Delphox, L50, F|100/100\n|turn|1\n|inactive|Deuce2 has 30 seconds left.\n|inactive|loklastaji has 30 seconds left.\n|\n|t:|1776406614\n|switch|p1a: Incineroar|Incineroar, L50, M|100/100\n|-ability|p1a: Incineroar|Intimidate|boost\n|-unboost|p2a: Farigiraf|atk|1\n|-unboost|p2b: Delphox|atk|1\n|move|p1b: Delphox|Protect|p1b: Delphox\n|-singleturn|p1b: Delphox|Protect\n|move|p2b: Delphox|Protect|p2b: Delphox\n|-singleturn|p2b: Delphox|Protect\n|move|p2a: Farigiraf|Psychic Terrain|p2a: Farigiraf\n|-fieldstart|move: Psychic Terrain\n|\n|upkeep\n|turn|2\n|inactive|loklastaji has 30 seconds left.\n|\n|t:|1776406645\n|switch|p2b: Samurott|Samurott-Hisui, L50, M|100/100\n|detailschange|p1b: Delphox|Delphox-Mega, L50, F\n|-mega|p1b: Delphox|Delphox|Delphoxite\n|move|p1b: Delphox|Encore|p2a: Farigiraf\n|-start|p2a: Farigiraf|Encore\n|move|p2a: Farigiraf|Psychic Terrain||[still]\n|-fail|p2a: Farigiraf\n|move|p1a: Incineroar|Throat Chop|p2b: Samurott\n|-resisted|p2b: Samurott|1\n|-damage|p2b: Samurott|77/100\n|-start|p2b: Samurott|Throat Chop|[silent]\n|\n|upkeep\n|turn|3\n|inactive|Deuce2 has 30 seconds left.\n|inactive|loklastaji has 30 seconds left.\n|inactive|loklastaji has 20 seconds left.\n|inactive|Deuce2 has 20 seconds left.\n|inactive|loklastaji has 15 seconds left.\n|\n|t:|1776406689\n|move|p1b: Delphox|Protect|p1b: Delphox\n|-singleturn|p1b: Delphox|Protect\n|move|p2b: Samurott|Ceaseless Edge|p1b: Delphox\n|-activate|p1b: Delphox|move: Protect\n|move|p1a: Incineroar|Throat Chop|p2a: Farigiraf\n|-supereffective|p2a: Farigiraf|1\n|-enditem|p2a: Farigiraf|Colbur Berry|[eat]\n|-enditem|p2a: Farigiraf|Colbur Berry|[weaken]\n|-damage|p2a: Farigiraf|60/100\n|-start|p2a: Farigiraf|Throat Chop|[silent]\n|move|p2a: Farigiraf|Psychic Terrain||[still]\n|-fail|p2a: Farigiraf\n|\n|-end|p2b: Samurott|Throat Chop|[silent]\n|upkeep\n|turn|4\n|inactive|loklastaji has 30 seconds left.\n|\n|t:|1776406714\n|switch|p1b: Sneasler|Sneasler, L50, M|100/100\n|switch|p2a: Tinkaton|Tinkaton, L50, F|100/100\n|move|p2b: Samurott|Ceaseless Edge|p1b: Sneasler\n|-resisted|p1b: Sneasler|1\n|-damage|p1b: Sneasler|60/100\n|-sidestart|p1: Deuce2|Spikes\n|move|p1a: Incineroar|Parting Shot|p2b: Samurott\n|-unboost|p2b: Samurott|atk|1\n|-unboost|p2b: Samurott|spa|1\n|\n|t:|1776406734\n|switch|p1a: Garchomp|Garchomp, L50, M|100/100|[from] Parting Shot\n|-enditem|p2b: Samurott|White Herb\n|-clearnegativeboost|p2b: Samurott|[silent]\n|-damage|p1a: Garchomp|88/100|[from] Spikes\n|\n|upkeep\n|turn|5\n|inactive|loklastaji has 30 seconds left.\n|inactive|loklastaji has 20 seconds left.\n|inactive|loklastaji has 15 seconds left.\n|\n|t:|1776406775\n|switch|p1b: Delphox|Delphox-Mega, L50, F|100/100\n|switch|p2b: Farigiraf|Farigiraf, L50, M|60/100\n|move|p2a: Tinkaton|Protect|p2a: Tinkaton\n|-singleturn|p2a: Tinkaton|Protect\n|move|p1a: Garchomp|Earthquake|p2b: Farigiraf|[spread] p2b\n|-activate|p2a: Tinkaton|move: Protect\n|-immune|p1b: Delphox|[from] ability: Levitate\n|-damage|p2b: Farigiraf|18/100\n|\n|-fieldend|move: Psychic Terrain\n|upkeep\n|turn|6\n|\n|t:|1776406798\n|switch|p2a: Samurott|Samurott-Hisui, L50, M|77/100\n|move|p1a: Garchomp|Earthquake|p2b: Farigiraf|[spread] p2a,p2b\n|-immune|p1b: Delphox|[from] ability: Levitate\n|-damage|p2a: Samurott|22/100\n|-damage|p2b: Farigiraf|0 fnt\n|faint|p2b: Farigiraf\n|move|p1b: Delphox|Encore||[still]\n|-fail|p1b: Delphox\n|\n|upkeep\n|\n|t:|1776406810\n|switch|p2b: Tinkaton|Tinkaton, L50, F|100/100\n|turn|7\n|\n|t:|1776406818\n|move|p2b: Tinkaton|Fake Out|p1a: Garchomp\n|-damage|p1a: Garchomp|78/100\n|-damage|p2b: Tinkaton|88/100|[from] ability: Rough Skin|[of] p1a: Garchomp\n|move|p2a: Samurott|Sucker Punch|p1b: Delphox\n|-supereffective|p1b: Delphox|1\n|-damage|p1b: Delphox|0 fnt\n|faint|p1b: Delphox\n|cant|p1a: Garchomp|flinch\n|\n|upkeep\n|\n|t:|1776406827\n|switch|p1b: Incineroar|Incineroar, L50, M|100/100\n|-damage|p1b: Incineroar|88/100|[from] Spikes\n|-ability|p1b: Incineroar|Intimidate|boost\n|-unboost|p2a: Samurott|atk|1\n|-fail|p2b: Tinkaton|unboost|Attack|[from] ability: Own Tempo|[of] p2b: Tinkaton\n|turn|8\n|\n|t:|1776406851\n|switch|p1b: Sneasler|Sneasler, L50, M|60/100\n|-damage|p1b: Sneasler|48/100|[from] Spikes\n|move|p2b: Tinkaton|Protect|p2b: Tinkaton\n|-singleturn|p2b: Tinkaton|Protect\n|move|p2a: Samurott|Sucker Punch|p1a: Garchomp\n|-damage|p1a: Garchomp|55/100\n|-damage|p2a: Samurott|9/100|[from] ability: Rough Skin|[of] p1a: Garchomp\n|move|p1a: Garchomp|Earthquake|p2a: Samurott|[spread] p1b,p2a\n|-activate|p2b: Tinkaton|move: Protect\n|-supereffective|p1b: Sneasler|1\n|-damage|p1b: Sneasler|0 fnt\n|-damage|p2a: Samurott|0 fnt\n|faint|p1b: Sneasler\n|faint|p2a: Samurott\n|\n|upkeep\n|\n|t:|1776406869\n|switch|p1b: Incineroar|Incineroar, L50, M|88/100\n|switch|p2a: Delphox|Delphox, L50, F|100/100\n|-damage|p1b: Incineroar|76/100|[from] Spikes\n|-ability|p1b: Incineroar|Intimidate|boost\n|-unboost|p2a: Delphox|atk|1\n|-fail|p2b: Tinkaton|unboost|Attack|[from] ability: Own Tempo|[of] p2b: Tinkaton\n|turn|9\n|c|\u2606Deuce2|gg\n|-message|Deuce2 forfeited.\n|\n|win|loklastaji\n|raw|Deuce2's rating: 1100 &rarr; <strong>1076</strong><br />(-24 for losing)\n|raw|loklastaji's rating: 1120 &rarr; <strong>1144</strong><br />(+24 for winning)\n|l|\u2606Deuce2\n|player|p1|\n",
  "uploadtime": 1776406892,
  "views": 16,
  "formatid": "gen9championsvgc2026regma",
  "rating": 1076,
  "private": 0,
  "password": null
}