{
  "id": "gen9championsvgc2026regma-2584078538",
  "format": "[Gen 9 Champions] VGC 2026 Reg M-A",
  "players": [
    "TheMoonestOne",
    "diaspirateza"
  ],
  "log": "|j|\u2606TheMoonestOne\n|j|\u2606diaspirateza\n|t:|1776222932\n|gametype|doubles\n|player|p1|TheMoonestOne|169|1120\n|player|p2|diaspirateza|preschoolerf|1164\n|gen|9\n|tier|[Gen 9 Champions] VGC 2026 Reg M-A\n|rated|\n|rule|Species Clause: Limit one of each Pok\u00e9mon\n|rule|Item Clause: Limit 1 of each item\n|clearpoke\n|poke|p1|Meganium, L50, M|\n|poke|p1|Farigiraf, L50, F|\n|poke|p1|Aurorus, L50, F|\n|poke|p1|Goodra-Hisui, L50, M|\n|poke|p1|Mimikyu, L50, F|\n|poke|p1|Scovillain, L50, M|\n|poke|p2|Kingambit, L50, F|\n|poke|p2|Sneasler, L50, M|\n|poke|p2|Talonflame, L50, M|\n|poke|p2|Garchomp, L50, F|\n|poke|p2|Froslass, L50, F|\n|poke|p2|Milotic, L50, M|\n|teampreview|4\n|\n|t:|1776222979\n|teamsize|p1|4\n|teamsize|p2|4\n|start\n|switch|p1a: Broken Neck|Mimikyu, L50, F|100/100\n|switch|p1b: Double Neck|Scovillain, L50, M|100/100\n|switch|p2a: Sneasler|Sneasler, L50, M|100/100\n|switch|p2b: Kingambit|Kingambit, L50, F|100/100\n|turn|1\n|\n|t:|1776222999\n|detailschange|p1b: Double Neck|Scovillain-Mega, L50, M\n|-mega|p1b: Double Neck|Scovillain|Scovillainite\n|move|p2b: Kingambit|Protect|p2b: Kingambit\n|-singleturn|p2b: Kingambit|Protect\n|move|p1b: Double Neck|Rage Powder|p1b: Double Neck\n|-singleturn|p1b: Double Neck|move: Rage Powder\n|move|p2a: Sneasler|Dire Claw|p1b: Double Neck\n|-supereffective|p1b: Double Neck|1\n|-damage|p1b: Double Neck|20/100\n|-status|p2a: Sneasler|brn|[from] ability: Spicy Spray|[of] p1b: Double Neck\n|move|p1a: Broken Neck|Swords Dance|p1a: Broken Neck\n|-boost|p1a: Broken Neck|atk|2\n|\n|-damage|p2a: Sneasler|95/100 brn|[from] brn\n|upkeep\n|turn|2\n|\n|t:|1776223045\n|move|p1b: Double Neck|Protect|p1b: Double Neck\n|-singleturn|p1b: Double Neck|Protect\n|move|p1a: Broken Neck|Shadow Sneak|p2a: Sneasler\n|-damage|p2a: Sneasler|30/100 brn\n|move|p2b: Kingambit|Sucker Punch||[still]\n|-fail|p2b: Kingambit\n|move|p2a: Sneasler|Dire Claw|p1a: Broken Neck\n|-activate|p1a: Broken Neck|ability: Disguise\n|-damage|p1a: Broken Neck|100/100\n|detailschange|p1a: Broken Neck|Mimikyu-Busted, L50, F\n|-damage|p1a: Broken Neck|88/100|[from] pokemon: Mimikyu-Busted\n|\n|-damage|p2a: Sneasler|24/100 brn|[from] brn\n|upkeep\n|turn|3\n|\n|t:|1776223069\n|move|p1a: Broken Neck|Shadow Sneak|p2a: Sneasler\n|-damage|p2a: Sneasler|0 fnt\n|faint|p2a: Sneasler\n|move|p2b: Kingambit|Kowtow Cleave|p1a: Broken Neck\n|-damage|p1a: Broken Neck|14/100\n|move|p1b: Double Neck|Super Fang|p2b: Kingambit\n|-damage|p2b: Kingambit|50/100\n|\n|upkeep\n|\n|t:|1776223077\n|switch|p2a: Froslass|Froslass, L50, F|100/100\n|turn|4\n|\n|t:|1776223094\n|detailschange|p2a: Froslass|Froslass-Mega, L50, F\n|-mega|p2a: Froslass|Froslass|Froslassite\n|-weather|Snowscape|[from] ability: Snow Warning|[of] p2a: Froslass\n|move|p1b: Double Neck|Rage Powder|p1b: Double Neck\n|-singleturn|p1b: Double Neck|move: Rage Powder\n|move|p1a: Broken Neck|Shadow Sneak|p2a: Froslass\n|-supereffective|p2a: Froslass|1\n|-damage|p2a: Froslass|27/100\n|move|p2a: Froslass|Blizzard|p1a: Broken Neck|[spread] p1a,p1b\n|-damage|p1a: Broken Neck|0 fnt\n|-damage|p1b: Double Neck|0 fnt\n|-status|p2a: Froslass|brn|[from] ability: Spicy Spray|[of] p1b: Double Neck\n|faint|p1a: Broken Neck\n|faint|p1b: Double Neck\n|move|p2b: Kingambit|Swords Dance|p2b: Kingambit\n|-boost|p2b: Kingambit|atk|2\n|\n|-weather|Snowscape|[upkeep]\n|-damage|p2a: Froslass|20/100 brn|[from] brn\n|upkeep\n|\n|t:|1776223113\n|switch|p1a: Good Neck|Goodra-Hisui, L50, M|100/100\n|switch|p1b: Aura Neck|Aurorus, L50, F|100/100\n|turn|5\n|\n|t:|1776223140\n|move|p2a: Froslass|Protect|p2a: Froslass\n|-singleturn|p2a: Froslass|Protect\n|move|p2b: Kingambit|Kowtow Cleave|p1b: Aura Neck\n|-damage|p1b: Aura Neck|21/100\n|move|p1a: Good Neck|Body Press|p2b: Kingambit\n|-supereffective|p2b: Kingambit|2\n|-damage|p2b: Kingambit|0 fnt\n|faint|p2b: Kingambit\n|move|p1b: Aura Neck|Aurora Veil|p1b: Aura Neck\n|-sidestart|p1: TheMoonestOne|move: Aurora Veil\n|\n|-weather|Snowscape|[upkeep]\n|-damage|p2a: Froslass|14/100 brn|[from] brn\n|upkeep\n|\n|t:|1776223148\n|switch|p2b: Garchomp|Garchomp, L50, F|100/100\n|turn|6\n|\n|t:|1776223199\n|move|p1b: Aura Neck|Protect|p1b: Aura Neck\n|-singleturn|p1b: Aura Neck|Protect\n|move|p2a: Froslass|Blizzard|p1a: Good Neck|[spread] p1a\n|-activate|p1b: Aura Neck|move: Protect\n|-damage|p1a: Good Neck|77/100\n|move|p2b: Garchomp|Earthquake|p1b: Aura Neck|[spread] p2a,p1a\n|-activate|p1b: Aura Neck|move: Protect\n|-supereffective|p1a: Good Neck|1\n|-damage|p2a: Froslass|0 fnt\n|-damage|p1a: Good Neck|23/100\n|faint|p2a: Froslass\n|move|p1a: Good Neck|Life Dew|p1a: Good Neck|[spread] p1a,p1b\n|-heal|p1a: Good Neck|48/100\n|-heal|p1b: Aura Neck|46/100\n|\n|-weather|Snowscape|[upkeep]\n|-heal|p1a: Good Neck|54/100|[from] item: Leftovers\n|upkeep\n|turn|7\n|\n|t:|1776223223\n|move|p2b: Garchomp|Earthquake|p1b: Aura Neck|[spread] p1a,p1b\n|-supereffective|p1a: Good Neck|1\n|-supereffective|p1b: Aura Neck|1\n|-damage|p1a: Good Neck|0 fnt\n|-damage|p1b: Aura Neck|10/100\n|faint|p1a: Good Neck\n|move|p1b: Aura Neck|Blizzard|p2b: Garchomp\n|-supereffective|p2b: Garchomp|2\n|-damage|p2b: Garchomp|0 fnt\n|faint|p2b: Garchomp\n|\n|win|TheMoonestOne\n|raw|TheMoonestOne's rating: 1120 &rarr; <strong>1148</strong><br />(+28 for winning)\n|raw|diaspirateza's rating: 1164 &rarr; <strong>1136</strong><br />(-28 for losing)\n|c|\u2606TheMoonestOne|gg\n",
  "uploadtime": 1776223234,
  "views": 26,
  "formatid": "gen9championsvgc2026regma",
  "rating": 1136,
  "private": 0,
  "password": null
}