{
  "id": "gen9championsvgc2026regma-2586334390",
  "format": "[Gen 9 Champions] VGC 2026 Reg M-A",
  "players": [
    "eepXP",
    "Deriven"
  ],
  "log": "|j|\u2606eepXP\n|j|\u2606Deriven\n|html|<table width=\"100%\"><tr><td align=\"left\">eepXP</td><td align=\"right\">Deriven</tr><tr><td align=\"left\"><i class=\"fa fa-circle-o\"></i> <i class=\"fa fa-circle-o\"></i> <i class=\"fa fa-circle-o\"></i> </td><td align=\"right\"><i class=\"fa fa-circle-o\"></i> <i class=\"fa fa-circle-o\"></i> <i class=\"fa fa-circle\"></i> </tr></table>\n|uhtml|bestof|<h2><strong>Game 2</strong> of <a href=\"/game-bestof5-gen9championsvgc2026regma-2586329457\">a best-of-5</a></h2>\n|t:|1776426319\n|gametype|doubles\n|player|p1|eepXP|clerk|\n|player|p2|Deriven|palmer|\n|gen|9\n|tier|[Gen 9 Champions] VGC 2026 Reg M-A\n|rule|Species Clause: Limit one of each Pok\u00e9mon\n|rule|Item Clause: Limit 1 of each item\n|raw|<div class=\"infobox\"><details class=\"readmore\" open><summary><strong>1 custom rule:</strong></summary> Best of = 5</details></div>\n|clearpoke\n|poke|p1|Krookodile, L50, M|\n|poke|p1|Milotic, L50, F|\n|poke|p1|Gengar, L50, F|\n|poke|p1|Whimsicott, L50, M|\n|poke|p1|Tauros-Paldea-Blaze, L50, M|\n|poke|p1|Zoroark-Hisui, L50, M|\n|poke|p2|Floette-Eternal, L50, F|\n|poke|p2|Charizard, L50, F|\n|poke|p2|Incineroar, L50, M|\n|poke|p2|Orthworm, L50, M|\n|poke|p2|Ninetales, L50, F|\n|poke|p2|Meowscarada, L50, M|\n|teampreview|4\nDeriven has agreed to open team sheets.\neepXP has agreed to open team sheets.\n|showteam|p1|Krookodile||FocusSash|Intimidate|ThroatChop,Crunch,ScorchingSands,Taunt|||M|||50|]Milotic||MysticWater|Competitive|Scald,FlipTurn,DrainingKiss,Protect|||F|||50|]Gengar||Gengarite|CursedBody|PerishSong,Substitute,WillOWisp,ShadowBall|||F|||50|]Whimsicott||FairyFeather|Infiltrator|EnergyBall,Moonblast,StunSpore,Tailwind|||M|||50|]Tauros-Paldea-Blaze||BrightPowder|Intimidate|Substitute,BulkUp,BodyPress,FlameCharge|||M|||50|]Zoroark-Hisui||Leftovers|Illusion|ShadowClaw,SwordsDance,ThroatChop,Protect|||M|||50|\n|showteam|p2|Floette-Eternal||Floettite|FlowerVeil|DrainingKiss,LightofRuin,EnergyBall,Protect|||F|||50|]Charizard||CharizarditeY|SolarPower|Earthquake,Overheat,ThunderPunch,Protect|||F|||50|]Incineroar||PasshoBerry|Intimidate|FakeOut,PartingShot,Earthquake,Roar|||M|||50|]Orthworm||Leftovers|EarthEater|ShedTail,HighHorsepower,Protect,IronDefense|||M|||50|]Ninetales||FocusSash|Drought|BatonPass,NastyPlot,WillOWisp,MysticalFire|||F|||50|]Meowscarada||ChoiceScarf|Protean|SuckerPunch,PlayRough,Protect,Uturn|||M|||50|\n|\n|t:|1776426358\n|teamsize|p1|4\n|teamsize|p2|4\n|start\n|switch|p1a: Miloshkh|Milotic, L50, F, shiny|100/100\n|switch|p1b: Tauros|Tauros-Paldea-Blaze, L50, M, shiny|100/100\n|switch|p2a: Meowscarada|Meowscarada, L50, M|100/100\n|switch|p2b: Incineroar|Incineroar, L50, M|100/100\n|-ability|p1b: Tauros|Intimidate|boost\n|-unboost|p2a: Meowscarada|atk|1\n|-unboost|p2b: Incineroar|atk|1\n|-ability|p2b: Incineroar|Intimidate|boost\n|-unboost|p1a: Miloshkh|atk|1\n|-ability|p1a: Miloshkh|Competitive|boost\n|-boost|p1a: Miloshkh|spa|2\n|-unboost|p1b: Tauros|atk|1\n|turn|1\n|\n|t:|1776426375\n|move|p1a: Miloshkh|Protect|p1a: Miloshkh\n|-singleturn|p1a: Miloshkh|Protect\n|move|p2b: Incineroar|Fake Out|p1a: Miloshkh\n|-activate|p1a: Miloshkh|move: Protect\n|move|p2a: Meowscarada|U-turn|p1a: Miloshkh\n|-start|p2a: Meowscarada|typechange|Bug|[from] ability: Protean\n|-activate|p1a: Miloshkh|move: Protect\n|move|p1b: Tauros|Substitute|p1b: Tauros\n|-start|p1b: Tauros|Substitute\n|-damage|p1b: Tauros|76/100\n|\n|upkeep\n|turn|2\n|\n|t:|1776426395\n|move|p2a: Meowscarada|U-turn|p1a: Miloshkh\n|-damage|p1a: Miloshkh|72/100\n|\n|t:|1776426399\n|switch|p2a: Ninetales|Ninetales, L50, F|100/100|[from] U-turn\n|-weather|SunnyDay|[from] ability: Drought|[of] p2a: Ninetales\n|move|p1b: Tauros|Bulk Up|p1b: Tauros\n|-boost|p1b: Tauros|atk|1\n|-boost|p1b: Tauros|def|1\n|move|p1a: Miloshkh|Scald|p2b: Incineroar\n|-supereffective|p2b: Incineroar|1\n|-enditem|p2b: Incineroar|Passho Berry|[eat]\n|-enditem|p2b: Incineroar|Passho Berry|[weaken]\n|-damage|p2b: Incineroar|67/100\n|move|p2b: Incineroar|Roar|p1b: Tauros\n|drag|p1b: Whimsicocc|Whimsicott, L50, M, shiny|100/100\n|\n|-weather|SunnyDay|[upkeep]\n|upkeep\n|turn|3\n|\n|t:|1776426426\n|move|p2a: Ninetales|Mystical Fire|p1b: Whimsicocc\n|-supereffective|p1b: Whimsicocc|1\n|-damage|p1b: Whimsicocc|14/100\n|-unboost|p1b: Whimsicocc|spa|1\n|move|p1b: Whimsicocc|Stun Spore|p2a: Ninetales\n|-status|p2a: Ninetales|par\n|move|p1a: Miloshkh|Scald|p2b: Incineroar\n|-supereffective|p2b: Incineroar|1\n|-damage|p2b: Incineroar|0 fnt\n|faint|p2b: Incineroar\n|\n|-weather|SunnyDay|[upkeep]\n|upkeep\n|\n|t:|1776426438\n|switch|p2b: Meowscarada|Meowscarada, L50, M|100/100\n|turn|4\n|\n|t:|1776426448\n|move|p2b: Meowscarada|U-turn|p1a: Miloshkh\n|-start|p2b: Meowscarada|typechange|Bug|[from] ability: Protean\n|-damage|p1a: Miloshkh|27/100\n|\n|t:|1776426452\n|switch|p2b: Charizard|Charizard, L50, F|100/100|[from] U-turn\n|move|p1b: Whimsicocc|Moonblast|p2b: Charizard\n|-resisted|p2b: Charizard|1\n|-damage|p2b: Charizard|83/100\n|move|p1a: Miloshkh|Flip Turn|p2a: Ninetales\n|-supereffective|p2a: Ninetales|1\n|-damage|p2a: Ninetales|86/100 par\n|\n|t:|1776426462\n|switch|p1a: Tauros|Tauros-Paldea-Blaze, L50, M, shiny|76/100|[from] Flip Turn\n|-ability|p1a: Tauros|Intimidate|boost\n|-unboost|p2a: Ninetales|atk|1\n|-unboost|p2b: Charizard|atk|1\n|move|p2a: Ninetales|Mystical Fire|p1b: Whimsicocc\n|-supereffective|p1b: Whimsicocc|1\n|-damage|p1b: Whimsicocc|0 fnt\n|faint|p1b: Whimsicocc\n|\n|-weather|SunnyDay|[upkeep]\n|-damage|p2b: Charizard|70/100|[from] ability: Solar Power|[of] p2b: Charizard\n|upkeep\n|\n|t:|1776426472\n|switch|p1b: Miloshkh|Milotic, L50, F, shiny|27/100\n|turn|5\n|\n|t:|1776426494\n|detailschange|p2b: Charizard|Charizard-Mega-Y, L50, F\n|-mega|p2b: Charizard|Charizard|Charizardite Y\n|move|p2b: Charizard|Overheat|p1a: Tauros\n|-resisted|p1a: Tauros|1\n|-damage|p1a: Tauros|6/100\n|-unboost|p2b: Charizard|spa|2\n|move|p1a: Tauros|Body Press|p2a: Ninetales\n|-damage|p2a: Ninetales|39/100 par\n|move|p1b: Miloshkh|Scald|p2b: Charizard\n|-supereffective|p2b: Charizard|1\n|-damage|p2b: Charizard|30/100\n|move|p2a: Ninetales|Mystical Fire|p1b: Miloshkh\n|-resisted|p1b: Miloshkh|1\n|-damage|p1b: Miloshkh|14/100\n|-unboost|p1b: Miloshkh|spa|1\n|-ability|p1b: Miloshkh|Competitive|boost\n|-boost|p1b: Miloshkh|spa|2\n|\n|-weather|SunnyDay|[upkeep]\n|upkeep\n|turn|6\n|\n|t:|1776426531\n|move|p2b: Charizard|Protect|p2b: Charizard\n|-singleturn|p2b: Charizard|Protect\n|move|p1a: Tauros|Body Press|p2a: Ninetales\n|-damage|p2a: Ninetales|0 fnt\n|faint|p2a: Ninetales\n|move|p1b: Miloshkh|Scald|p2b: Charizard\n|-activate|p2b: Charizard|move: Protect\n|\n|-weather|none\n|upkeep\n|\n|t:|1776426540\n|switch|p2a: Meowscarada|Meowscarada, L50, M|100/100\n|turn|7\n|\n|t:|1776426565\n|move|p1b: Miloshkh|Protect|p1b: Miloshkh\n|-singleturn|p1b: Miloshkh|Protect\n|move|p2a: Meowscarada|Play Rough|p1a: Tauros\n|-start|p2a: Meowscarada|typechange|Fairy|[from] ability: Protean\n|-damage|p1a: Tauros|0 fnt\n|faint|p1a: Tauros\n|move|p2b: Charizard|Thunder Punch|p1b: Miloshkh\n|-activate|p1b: Miloshkh|move: Protect\n|\n|upkeep\n|\n|t:|1776426575\n|switch|p1a: Miloshkh|Milotic, L50, F, shiny|100/100\n|turn|8\n|\n|t:|1776426590\n|move|p2a: Meowscarada|Play Rough|p1a: Miloshkh\n|-damage|p1a: Miloshkh|17/100\n|replace|p1a: Zoroark|Zoroark-Hisui, L50, M\n|-end|p1a: Zoroark|Illusion\n|move|p1a: Zoroark|Shadow Claw|p2b: Charizard\n|-damage|p2b: Charizard|0 fnt\n|faint|p2b: Charizard\n|move|p1b: Miloshkh|Scald|p2a: Meowscarada\n|-damage|p2a: Meowscarada|17/100\n|\n|-heal|p1a: Zoroark|23/100|[from] item: Leftovers\n|upkeep\n|turn|9\n|\n|t:|1776426609\n|move|p2a: Meowscarada|Play Rough|p1b: Miloshkh\n|-damage|p1b: Miloshkh|0 fnt\n|faint|p1b: Miloshkh\n|move|p1a: Zoroark|Shadow Claw|p2a: Meowscarada\n|-damage|p2a: Meowscarada|0 fnt\n|faint|p2a: Meowscarada\n|\n|win|eepXP\n|inactive|eepXP has 30 seconds to confirm battle start!\n|inactive|Deriven has 30 seconds to confirm battle start!\n||eepXP is ready for game 3.\n|inactive|Deriven has 20 seconds to confirm battle start!\n",
  "uploadtime": 1776426631,
  "views": 20,
  "formatid": "gen9championsvgc2026regma",
  "rating": null,
  "private": 0,
  "password": null
}