{
  "id": "gen9championsvgc2026regma-2585882963",
  "format": "[Gen 9 Champions] VGC 2026 Reg M-A",
  "players": [
    "boysenorange",
    "M1kethetiger"
  ],
  "log": "|j|\u2606boysenorange\n|j|\u2606M1kethetiger\n|t:|1776378163\n|gametype|doubles\n|player|p1|boysenorange|turo|1290\n|player|p2|M1kethetiger|chuck|1206\n|gen|9\n|tier|[Gen 9 Champions] VGC 2026 Reg M-A\n|rated|\n|rule|Species Clause: Limit one of each Pok\u00e9mon\n|rule|Item Clause: Limit 1 of each item\n|clearpoke\n|poke|p1|Farigiraf, L50, F|\n|poke|p1|Gardevoir, L50, F|\n|poke|p1|Kangaskhan, L50, F|\n|poke|p1|Camerupt, L50, F|\n|poke|p1|Conkeldurr, L50, M|\n|poke|p1|Tinkaton, L50, F|\n|poke|p2|Froslass, L50, F|\n|poke|p2|Rotom-Frost, L50|\n|poke|p2|Hydreigon, L50, M|\n|poke|p2|Incineroar, L50, M|\n|poke|p2|Primarina, L50, M|\n|poke|p2|Torterra, L50, M|\n|teampreview|4\n|inactive|Battle timer is ON: inactive players will automatically lose when time's up. (requested by boysenorange)\n|c|\u2606boysenorange|three starters very nice\n|\n|t:|1776378224\n|teamsize|p1|4\n|teamsize|p2|4\n|start\n|switch|p1a: Farigiraf|Farigiraf, L50, F|100/100\n|switch|p1b: Kangaskhan|Kangaskhan, L50, F|100/100\n|switch|p2a: Primarina|Primarina, L50, M, shiny|100/100\n|switch|p2b: Hydreigon|Hydreigon, L50, M, shiny|100/100\n|turn|1\n|\n|t:|1776378238\n|move|p1b: Kangaskhan|Fake Out|p2b: Hydreigon\n|-damage|p2b: Hydreigon|72/100\n|cant|p2b: Hydreigon|flinch\n|move|p2a: Primarina|Calm Mind|p2a: Primarina\n|-boost|p2a: Primarina|spa|1\n|-boost|p2a: Primarina|spd|1\n|move|p1a: Farigiraf|Trick Room|p1a: Farigiraf\n|-fieldstart|move: Trick Room|[of] p1a: Farigiraf\n|\n|upkeep\n|turn|2\n|\n|t:|1776378256\n|switch|p1a: Gardevoir|Gardevoir, L50, F|100/100\n|move|p2a: Primarina|Calm Mind|p2a: Primarina\n|-boost|p2a: Primarina|spa|1\n|-boost|p2a: Primarina|spd|1\n|move|p1b: Kangaskhan|Last Resort|p2a: Primarina\n|-damage|p2a: Primarina|4/100\n|move|p2b: Hydreigon|Draco Meteor|p1b: Kangaskhan\n|-damage|p1b: Kangaskhan|35/100\n|-unboost|p2b: Hydreigon|spa|2\n|\n|-heal|p2a: Primarina|10/100|[from] item: Leftovers\n|upkeep\n|turn|3\n|\n|t:|1776378279\n|switch|p2b: Incineroar|Incineroar, L50, M|100/100\n|-ability|p2b: Incineroar|Intimidate|boost\n|-unboost|p1a: Gardevoir|atk|1\n|-fail|p1b: Kangaskhan|unboost|Attack|[from] ability: Scrappy|[of] p1b: Kangaskhan\n|move|p2a: Primarina|Protect|p2a: Primarina\n|-singleturn|p2a: Primarina|Protect\n|move|p1a: Gardevoir|Calm Mind|p1a: Gardevoir\n|-boost|p1a: Gardevoir|spa|1\n|-boost|p1a: Gardevoir|spd|1\n|move|p1b: Kangaskhan|Last Resort|p2a: Primarina\n|-activate|p2a: Primarina|move: Protect\n|\n|-heal|p2a: Primarina|15/100|[from] item: Leftovers\n|upkeep\n|turn|4\n|\n|t:|1776378300\n|detailschange|p1a: Gardevoir|Gardevoir-Mega, L50, F\n|-mega|p1a: Gardevoir|Gardevoir|Gardevoirite\n|move|p2b: Incineroar|Fake Out|p1a: Gardevoir\n|-damage|p1a: Gardevoir|83/100\n|move|p2a: Primarina|Hyper Voice|p1b: Kangaskhan|[spread] p1a,p1b\n|-damage|p1a: Gardevoir|42/100\n|-damage|p1b: Kangaskhan|0 fnt\n|faint|p1b: Kangaskhan\n|cant|p1a: Gardevoir|flinch\n|\n|-heal|p2a: Primarina|21/100|[from] item: Leftovers\n|upkeep\n|\n|t:|1776378312\n|switch|p1b: Conkeldurr|Conkeldurr, L50, M|100/100\n|turn|5\n|\n|t:|1776378330\n|switch|p2b: Froslass|Froslass, L50, F|100/100\n|move|p2a: Primarina|Protect|p2a: Primarina\n|-singleturn|p2a: Primarina|Protect\n|move|p1b: Conkeldurr|Close Combat|p2b: Froslass\n|-immune|p2b: Froslass\n|move|p1a: Gardevoir|Hyper Voice|p2b: Froslass|[spread] p2b\n|-activate|p2a: Primarina|move: Protect\n|-damage|p2b: Froslass|0 fnt\n|faint|p2b: Froslass\n|\n|-heal|p2a: Primarina|27/100|[from] item: Leftovers\n|-fieldend|move: Trick Room\n|upkeep\n|\n|t:|1776378347\n|switch|p2b: Incineroar|Incineroar, L50, M|100/100\n|-ability|p2b: Incineroar|Intimidate|boost\n|-unboost|p1a: Gardevoir|atk|1\n|-unboost|p1b: Conkeldurr|atk|1\n|turn|6\n|\n|t:|1776378358\n|switch|p1b: Farigiraf|Farigiraf, L50, F|100/100\n|move|p2b: Incineroar|Fake Out||[still]\n|cant|p1b: Farigiraf|ability: Armor Tail|Fake Out|[of] p2b: Incineroar\n|move|p2a: Primarina|Hyper Voice|p1b: Farigiraf|[spread] p1a,p1b\n|-damage|p1a: Gardevoir|2/100\n|-damage|p1b: Farigiraf|38/100\n|move|p1a: Gardevoir|Trick Room|p1a: Gardevoir\n|-fieldstart|move: Trick Room|[of] p1a: Gardevoir\n|\n|-heal|p2a: Primarina|33/100|[from] item: Leftovers\n|upkeep\n|turn|7\n|\n|t:|1776378376\n|move|p2a: Primarina|Protect|p2a: Primarina\n|-singleturn|p2a: Primarina|Protect\n|move|p1b: Farigiraf|Psychic|p2a: Primarina\n|-activate|p2a: Primarina|move: Protect\n|move|p2b: Incineroar|Throat Chop|p1a: Gardevoir\n|-damage|p1a: Gardevoir|0 fnt\n|faint|p1a: Gardevoir\n|\n|-heal|p2a: Primarina|39/100|[from] item: Leftovers\n|upkeep\n|\n|t:|1776378382\n|switch|p1a: Conkeldurr|Conkeldurr, L50, M|100/100\n|turn|8\n|\n|t:|1776378399\n|move|p1a: Conkeldurr|Thunder Punch|p2a: Primarina\n|-supereffective|p2a: Primarina|1\n|-damage|p2a: Primarina|0 fnt\n|faint|p2a: Primarina\n|move|p1b: Farigiraf|Hyper Voice|p2b: Incineroar\n|-damage|p2b: Incineroar|69/100\n|move|p2b: Incineroar|Parting Shot|p1a: Conkeldurr\n|-unboost|p1a: Conkeldurr|atk|1\n|-unboost|p1a: Conkeldurr|spa|1\n|\n|t:|1776378409\n|switch|p2b: Hydreigon|Hydreigon, L50, M, shiny|72/100|[from] Parting Shot\n|\n|upkeep\n|\n|t:|1776378413\n|switch|p2a: Incineroar|Incineroar, L50, M|69/100\n|-ability|p2a: Incineroar|Intimidate|boost\n|-unboost|p1a: Conkeldurr|atk|1\n|-unboost|p1b: Farigiraf|atk|1\n|turn|9\n|\n|t:|1776378433\n|move|p1a: Conkeldurr|Close Combat|p2b: Hydreigon\n|-supereffective|p2b: Hydreigon|1\n|-damage|p2b: Hydreigon|0 fnt\n|-unboost|p1a: Conkeldurr|def|1\n|-unboost|p1a: Conkeldurr|spd|1\n|faint|p2b: Hydreigon\n|move|p1b: Farigiraf|Hyper Voice|p2a: Incineroar\n|-damage|p2a: Incineroar|37/100\n|-enditem|p2a: Incineroar|Sitrus Berry|[eat]\n|-heal|p2a: Incineroar|61/100|[from] item: Sitrus Berry\n|move|p2a: Incineroar|Throat Chop|p1b: Farigiraf\n|-supereffective|p1b: Farigiraf|1\n|-damage|p1b: Farigiraf|0 fnt\n|faint|p1b: Farigiraf\n|\n|upkeep\n|turn|10\n|\n|t:|1776378447\n|move|p1a: Conkeldurr|Close Combat|p2a: Incineroar\n|-supereffective|p2a: Incineroar|1\n|-damage|p2a: Incineroar|0 fnt\n|-unboost|p1a: Conkeldurr|def|1\n|-unboost|p1a: Conkeldurr|spd|1\n|faint|p2a: Incineroar\n|\n|win|boysenorange\n|raw|boysenorange's rating: 1290 &rarr; <strong>1309</strong><br />(+19 for winning)\n|raw|M1kethetiger's rating: 1206 &rarr; <strong>1187</strong><br />(-19 for losing)\n|l|\u2606M1kethetiger\n|player|p2|\n",
  "uploadtime": 1776378451,
  "views": 15,
  "formatid": "gen9championsvgc2026regma",
  "rating": 1187,
  "private": 0,
  "password": null
}