{
  "id": "gen9championsvgc2026regma-2586428244",
  "format": "[Gen 9 Champions] VGC 2026 Reg M-A",
  "players": [
    "TestingTestes123",
    "Law_NBD"
  ],
  "log": "|j|\u2606TestingTestes123\n|j|\u2606Law_NBD\n|t:|1776434002\n|gametype|doubles\n|player|p1|TestingTestes123|169|1187\n|player|p2|Law_NBD|266|1190\n|gen|9\n|tier|[Gen 9 Champions] VGC 2026 Reg M-A\n|rated|\n|rule|Species Clause: Limit one of each Pok\u00e9mon\n|rule|Item Clause: Limit 1 of each item\n|clearpoke\n|poke|p1|Gengar, L50, M|\n|poke|p1|Incineroar, L50, M|\n|poke|p1|Tyranitar, L50, F|\n|poke|p1|Sinistcha, L50|\n|poke|p1|Kingambit, L50, M|\n|poke|p1|Whimsicott, L50, F|\n|poke|p2|Starmie, L50|\n|poke|p2|Incineroar, L50, M|\n|poke|p2|Rampardos, L50, F|\n|poke|p2|Sableye, L50, F|\n|poke|p2|Talonflame, L50, F|\n|poke|p2|Sneasler, L50, F|\n|teampreview|4\n|inactive|Battle timer is ON: inactive players will automatically lose when time's up. (requested by TestingTestes123)\n|\n|t:|1776434024\n|teamsize|p1|4\n|teamsize|p2|4\n|start\n|switch|p1a: Gengar|Gengar, L50, M|100/100\n|switch|p1b: Whimsicott|Whimsicott, L50, F|100/100\n|switch|p2a: Starmie|Starmie, L50|100/100\n|switch|p2b: Rampardos|Rampardos, L50, F|100/100\n|turn|1\n|\n|t:|1776434036\n|detailschange|p2a: Starmie|Starmie-Mega, L50\n|-mega|p2a: Starmie|Starmie|Starminite\n|detailschange|p1a: Gengar|Gengar-Mega, L50, M\n|-mega|p1a: Gengar|Gengar|Gengarite\n|move|p1b: Whimsicott|Protect|p1b: Whimsicott\n|-singleturn|p1b: Whimsicott|Protect\n|move|p1a: Gengar|Protect|p1a: Gengar\n|-singleturn|p1a: Gengar|Protect\n|move|p2a: Starmie|Skill Swap|p2b: Rampardos\n|-activate|p2a: Starmie|Skill Swap|||[of] p2b: Rampardos\n|move|p2b: Rampardos|Rock Slide|p1b: Whimsicott|[spread] \n|-activate|p1a: Gengar|move: Protect\n|-activate|p1b: Whimsicott|move: Protect\n|\n|upkeep\n|turn|2\n|inactive|TestingTestes123 has 30 seconds left.\n|inactive|Law_NBD has 30 seconds left.\n|\n|t:|1776434067\n|move|p1b: Whimsicott|Encore|p2a: Starmie\n|-start|p2a: Starmie|Encore\n|move|p1a: Gengar|Shadow Ball|p2b: Rampardos\n|-damage|p2b: Rampardos|7/100\n|move|p2a: Starmie|Skill Swap|p1b: Whimsicott\n|-activate|p2a: Starmie|Skill Swap|Prankster|Sheer Force|[of] p1b: Whimsicott\n|move|p2b: Rampardos|Rock Slide|p1b: Whimsicott|[spread] p1a\n|-miss|p2b: Rampardos|p1b: Whimsicott\n|-damage|p1a: Gengar|0 fnt\n|faint|p1a: Gengar\n|\n|upkeep\n|inactive|TestingTestes123 has 30 seconds left.\n|\n|t:|1776434094\n|switch|p1a: Incineroar|Incineroar, L50, M|100/100\n|-ability|p1a: Incineroar|Intimidate|boost\n|-unboost|p2a: Starmie|atk|1\n|-unboost|p2b: Rampardos|atk|1\n|turn|3\n|\n|t:|1776434105\n|switch|p2a: Talonflame|Talonflame, L50, F|100/100\n|switch|p2b: Sneasler|Sneasler, L50, F|100/100\n|move|p1a: Incineroar|Fake Out|p2b: Sneasler\n|-damage|p2b: Sneasler|84/100\n|move|p1b: Whimsicott|Tailwind|p1b: Whimsicott\n|-sidestart|p1: TestingTestes123|move: Tailwind\n|\n|upkeep\n|turn|4\n|\n|t:|1776434129\n|move|p1b: Whimsicott|Protect|p1b: Whimsicott\n|-singleturn|p1b: Whimsicott|Protect\n|move|p1a: Incineroar|Protect|p1a: Incineroar\n|-singleturn|p1a: Incineroar|Protect\n|move|p2a: Talonflame|Tailwind|p2a: Talonflame\n|-sidestart|p2: Law_NBD|move: Tailwind\n|move|p2b: Sneasler|Close Combat|p1a: Incineroar\n|-activate|p1a: Incineroar|move: Protect\n|\n|upkeep\n|turn|5\n|\n|t:|1776434145\n|move|p2a: Talonflame|Brave Bird|p1b: Whimsicott\n|-supereffective|p1b: Whimsicott|1\n|-enditem|p1b: Whimsicott|Focus Sash\n|-damage|p1b: Whimsicott|1/100\n|-damage|p2a: Talonflame|71/100|[from] Recoil\n|move|p2b: Sneasler|Close Combat|p1a: Incineroar\n|-supereffective|p1a: Incineroar|1\n|-damage|p1a: Incineroar|0 fnt\n|-unboost|p2b: Sneasler|def|1\n|-unboost|p2b: Sneasler|spd|1\n|faint|p1a: Incineroar\n|-enditem|p2b: Sneasler|White Herb\n|-clearnegativeboost|p2b: Sneasler|[silent]\n|move|p1b: Whimsicott|Encore|p2a: Talonflame\n|-start|p2a: Talonflame|Encore\n|\n|-heal|p2a: Talonflame|77/100|[from] item: Leftovers\n|upkeep\n|\n|t:|1776434164\n|switch|p1a: Tyranitar|Tyranitar, L50, F|100/100\n|-weather|Sandstorm|[from] ability: Sand Stream|[of] p1a: Tyranitar\n|turn|6\n|\n|t:|1776434178\n|move|p2b: Sneasler|Close Combat|p1a: Tyranitar\n|-supereffective|p1a: Tyranitar|2\n|-crit|p1a: Tyranitar\n|-damage|p1a: Tyranitar|0 fnt\n|-unboost|p2b: Sneasler|def|1\n|-unboost|p2b: Sneasler|spd|1\n|faint|p1a: Tyranitar\n|move|p1b: Whimsicott|Moonblast|p2b: Sneasler\n|-damage|p2b: Sneasler|0 fnt\n|faint|p2b: Sneasler\n|move|p2a: Talonflame|Brave Bird|p1b: Whimsicott\n|-supereffective|p1b: Whimsicott|1\n|-damage|p1b: Whimsicott|0 fnt\n|faint|p1b: Whimsicott\n|-damage|p2a: Talonflame|77/100|[from] Recoil\n|\n|win|Law_NBD\n|raw|TestingTestes123's rating: 1187 &rarr; <strong>1162</strong><br />(-25 for losing)\n|raw|Law_NBD's rating: 1190 &rarr; <strong>1215</strong><br />(+25 for winning)\n|l|\u2606TestingTestes123\n|player|p1|\n",
  "uploadtime": 1776434194,
  "views": 33,
  "formatid": "gen9championsvgc2026regma",
  "rating": 1162,
  "private": 0,
  "password": null
}