{
  "id": "gen9championsvgc2026regma-2581403995",
  "format": "[Gen 9 Champions] VGC 2026 Reg M-A",
  "players": [
    "calacadura",
    "Loesungen"
  ],
  "log": "|j|\u2606calacadura\n|j|\u2606Loesungen\n|t:|1775996864\n|gametype|doubles\n|player|p1|calacadura|169|1084\n|player|p2|Loesungen|colress|1065\n|gen|9\n|tier|[Gen 9 Champions] VGC 2026 Reg M-A\n|rated|\n|rule|Species Clause: Limit one of each Pok\u00e9mon\n|rule|Item Clause: Limit 1 of each item\n|clearpoke\n|poke|p1|Sneasler, L50, F|\n|poke|p1|Farigiraf, L50, M|\n|poke|p1|Basculegion, L50, M|\n|poke|p1|Dragonite, L50, M|\n|poke|p1|Sinistcha, L50|\n|poke|p1|Incineroar, L50, M|\n|poke|p2|Aggron, L50, M|\n|poke|p2|Garchomp, L50, M|\n|poke|p2|Rotom-Wash, L50|\n|poke|p2|Sinistcha, L50|\n|poke|p2|Sylveon, L50, F|\n|poke|p2|Tyranitar, L50, F|\n|teampreview|4\n|inactive|Battle timer is ON: inactive players will automatically lose when time's up. (requested by Loesungen)\n|inactive|calacadura has 60 seconds left.\n|\n|t:|1775996920\n|teamsize|p1|4\n|teamsize|p2|4\n|start\n|switch|p1a: Kitten|Incineroar, L50, M, shiny|100/100\n|switch|p1b: Basculegion|Basculegion, L50, M|100/100\n|switch|p2a: Aggron|Aggron, L50, M|100/100\n|switch|p2b: Sinistcha|Sinistcha, L50|100/100\n|-ability|p1a: Kitten|Intimidate|boost\n|-unboost|p2a: Aggron|atk|1\n|-unboost|p2b: Sinistcha|atk|1\n|turn|1\n|inactive|Loesungen has 30 seconds left.\n|inactive|Loesungen has 20 seconds left.\n|\n|t:|1775996959\n|detailschange|p2a: Aggron|Aggron-Mega, L50, M\n|-mega|p2a: Aggron|Aggron|Aggronite\n|move|p1b: Basculegion|Flip Turn|p2b: Sinistcha\n|-resisted|p2b: Sinistcha|1\n|-damage|p2b: Sinistcha|85/100\n|\n|t:|1775996965\n|switch|p1b: Tiny|Sinistcha, L50, shiny|100/100|[from] Flip Turn\n|move|p2b: Sinistcha|Matcha Gotcha|p1a: Kitten|[spread] p1a\n|-miss|p2b: Sinistcha|p1b: Tiny\n|-resisted|p1a: Kitten|1\n|-damage|p1a: Kitten|93/100\n|-heal|p2b: Sinistcha|90/100|[from] drain|[of] p1a: Kitten\n|move|p1a: Kitten|Will-O-Wisp|p2a: Aggron|[miss]\n|-miss|p1a: Kitten|p2a: Aggron\n|move|p2a: Aggron|Thunder Punch|p1b: Tiny\n|-resisted|p1b: Tiny|1\n|-damage|p1b: Tiny|95/100\n|\n|upkeep\n|turn|2\n|inactive|Loesungen has 30 seconds left.\n|\n|t:|1775996993\n|switch|p2b: Tyranitar|Tyranitar, L50, F|100/100\n|-weather|Sandstorm|[from] ability: Sand Stream|[of] p2b: Tyranitar\n|move|p1b: Tiny|Calm Mind|p1b: Tiny\n|-boost|p1b: Tiny|spa|1\n|-boost|p1b: Tiny|spd|1\n|move|p1a: Kitten|Will-O-Wisp|p2a: Aggron\n|-status|p2a: Aggron|brn\n|move|p2a: Aggron|Heavy Slam|p1b: Tiny\n|-damage|p1b: Tiny|82/100\n|\n|-weather|Sandstorm|[upkeep]\n|-damage|p1b: Tiny|76/100|[from] Sandstorm\n|-damage|p1a: Kitten|87/100|[from] Sandstorm\n|-damage|p2a: Aggron|94/100 brn|[from] brn\n|upkeep\n|turn|3\n|\n|t:|1775997016\n|move|p2b: Tyranitar|Knock Off|p1b: Tiny|[miss]\n|-miss|p2b: Tyranitar|p1b: Tiny\n|move|p1b: Tiny|Matcha Gotcha|p2b: Tyranitar|[spread] p2a,p2b\n|-resisted|p2a: Aggron|1\n|-supereffective|p2b: Tyranitar|1\n|-damage|p2a: Aggron|79/100 brn\n|-heal|p1b: Tiny|84/100|[from] drain|[of] p2a: Aggron\n|-damage|p2b: Tyranitar|59/100\n|-heal|p1b: Tiny|100/100|[from] drain|[of] p2b: Tyranitar\n|-status|p2b: Tyranitar|brn\n|move|p1a: Kitten|Parting Shot|p2b: Tyranitar\n|-unboost|p2b: Tyranitar|atk|1\n|-unboost|p2b: Tyranitar|spa|1\n|\n|t:|1775997027\n|switch|p1a: Farigiraf|Farigiraf, L50, M|100/100|[from] Parting Shot\n|move|p2a: Aggron|Body Press|p1a: Farigiraf\n|-damage|p1a: Farigiraf|80/100\n|\n|-weather|Sandstorm|[upkeep]\n|-damage|p1b: Tiny|94/100|[from] Sandstorm\n|-damage|p1a: Farigiraf|74/100|[from] Sandstorm\n|-damage|p2b: Tyranitar|53/100 brn|[from] brn\n|-damage|p2a: Aggron|73/100 brn|[from] brn\n|upkeep\n|turn|4\n|inactive|Loesungen has 30 seconds left.\n|\n|t:|1775997060\n|switch|p1a: Kitten|Incineroar, L50, M, shiny|87/100\n|-ability|p1a: Kitten|Intimidate|boost\n|-unboost|p2a: Aggron|atk|1\n|-unboost|p2b: Tyranitar|atk|1\n|move|p2b: Tyranitar|Knock Off|p1b: Tiny\n|-supereffective|p1b: Tiny|1\n|-damage|p1b: Tiny|74/100\n|-enditem|p1b: Tiny|Bright Powder|[from] move: Knock Off|[of] p2b: Tyranitar\n|move|p1b: Tiny|Calm Mind|p1b: Tiny\n|-boost|p1b: Tiny|spa|1\n|-boost|p1b: Tiny|spd|1\n|move|p2a: Aggron|Heavy Slam|p1b: Tiny\n|-damage|p1b: Tiny|63/100\n|\n|-weather|Sandstorm|[upkeep]\n|-damage|p1b: Tiny|57/100|[from] Sandstorm\n|-damage|p1a: Kitten|81/100|[from] Sandstorm\n|-damage|p2b: Tyranitar|47/100 brn|[from] brn\n|-damage|p2a: Aggron|67/100 brn|[from] brn\n|upkeep\n|turn|5\n|inactive|Loesungen has 30 seconds left.\n|inactive|Loesungen has 20 seconds left.\n|\n|t:|1775997098\n|switch|p2b: Garchomp|Garchomp, L50, M|100/100\n|move|p1a: Kitten|Fake Out|p2a: Aggron\n|-resisted|p2a: Aggron|1\n|-damage|p2a: Aggron|64/100 brn\n|move|p1b: Tiny|Matcha Gotcha|p2a: Aggron|[spread] p2a\n|-miss|p1b: Tiny|p2b: Garchomp\n|-resisted|p2a: Aggron|1\n|-damage|p2a: Aggron|45/100 brn\n|-heal|p1b: Tiny|67/100|[from] drain|[of] p2a: Aggron\n|cant|p2a: Aggron|flinch\n|\n|-weather|Sandstorm|[upkeep]\n|-damage|p1b: Tiny|61/100|[from] Sandstorm\n|-damage|p1a: Kitten|75/100|[from] Sandstorm\n|-damage|p2a: Aggron|38/100 brn|[from] brn\n|upkeep\n|turn|6\n|inactive|calacadura has 30 seconds left.\n|inactive|Loesungen has 30 seconds left.\n|\n|t:|1775997126\n|move|p2b: Garchomp|Dragon Claw|p1b: Tiny\n|-damage|p1b: Tiny|27/100\n|move|p1b: Tiny|Strength Sap|p2b: Garchomp\n|-unboost|p2b: Garchomp|atk|1\n|-heal|p1b: Tiny|100/100\n|move|p1a: Kitten|Parting Shot|p2b: Garchomp\n|-unboost|p2b: Garchomp|atk|1\n|-unboost|p2b: Garchomp|spa|1\n|\n|t:|1775997130\n|switch|p1a: Farigiraf|Farigiraf, L50, M|74/100|[from] Parting Shot\n|move|p2a: Aggron|Body Press|p1a: Farigiraf\n|-damage|p1a: Farigiraf|55/100\n|\n|-weather|none\n|-damage|p2a: Aggron|32/100 brn|[from] brn\n|upkeep\n|turn|7\n|inactive|Loesungen has 30 seconds left.\n|\n|t:|1775997163\n|switch|p2b: Sinistcha|Sinistcha, L50|90/100\n|-heal|p2a: Aggron|57/100 brn|[from] ability: Hospitality|[of] p2b: Sinistcha\n|move|p1b: Tiny|Calm Mind|p1b: Tiny\n|-boost|p1b: Tiny|spa|1\n|-boost|p1b: Tiny|spd|1\n|move|p2a: Aggron|Heavy Slam|p1a: Farigiraf\n|-damage|p1a: Farigiraf|47/100\n|move|p1a: Farigiraf|Trick Room|p1a: Farigiraf\n|-fieldstart|move: Trick Room|[of] p1a: Farigiraf\n|\n|-damage|p2a: Aggron|51/100 brn|[from] brn\n|upkeep\n|turn|8\n|\n|t:|1775997183\n|switch|p1a: Kitten|Incineroar, L50, M, shiny|75/100\n|-ability|p1a: Kitten|Intimidate|boost\n|-unboost|p2a: Aggron|atk|1\n|-unboost|p2b: Sinistcha|atk|1\n|move|p2a: Aggron|Heavy Slam|p1a: Kitten\n|-resisted|p1a: Kitten|1\n|-damage|p1a: Kitten|71/100\n|move|p1b: Tiny|Matcha Gotcha|p2b: Sinistcha|[spread] p2a,p2b\n|-resisted|p2a: Aggron|1\n|-resisted|p2b: Sinistcha|1\n|-damage|p2a: Aggron|24/100 brn\n|-damage|p2b: Sinistcha|60/100\n|move|p2b: Sinistcha|Matcha Gotcha|p1b: Tiny|[spread] p1a,p1b\n|-resisted|p1a: Kitten|1\n|-resisted|p1b: Tiny|1\n|-damage|p1a: Kitten|63/100\n|-heal|p2b: Sinistcha|65/100|[from] drain|[of] p1a: Kitten\n|-damage|p1b: Tiny|95/100\n|-heal|p2b: Sinistcha|68/100|[from] drain|[of] p1b: Tiny\n|-status|p1b: Tiny|brn\n|\n|-damage|p2a: Aggron|18/100 brn|[from] brn\n|-damage|p1b: Tiny|89/100 brn|[from] brn\n|upkeep\n|turn|9\n|inactive|Loesungen has 30 seconds left.\n|\n|t:|1775997215\n|switch|p2a: Tyranitar|Tyranitar, L50, F|47/100 brn\n|-weather|Sandstorm|[from] ability: Sand Stream|[of] p2a: Tyranitar\n|move|p1a: Kitten|Flare Blitz|p2b: Sinistcha\n|-supereffective|p2b: Sinistcha|1\n|-damage|p2b: Sinistcha|0 fnt\n|faint|p2b: Sinistcha\n|-damage|p1a: Kitten|43/100|[from] Recoil\n|-enditem|p1a: Kitten|Sitrus Berry|[eat]\n|-heal|p1a: Kitten|68/100|[from] item: Sitrus Berry\n|move|p1b: Tiny|Calm Mind|p1b: Tiny\n|-boost|p1b: Tiny|spa|1\n|-boost|p1b: Tiny|spd|1\n|\n|-weather|Sandstorm|[upkeep]\n|-damage|p1a: Kitten|62/100|[from] Sandstorm\n|-damage|p1b: Tiny|83/100 brn|[from] Sandstorm\n|-damage|p1b: Tiny|76/100 brn|[from] brn\n|-damage|p2a: Tyranitar|42/100 brn|[from] brn\n|upkeep\n|\n|t:|1775997227\n|switch|p2b: Aggron|Aggron-Mega, L50, M|18/100 brn\n|turn|10\n|inactive|calacadura has 30 seconds left.\n|\n|t:|1775997262\n|move|p2b: Aggron|Thunder Punch|p1a: Kitten\n|-damage|p1a: Kitten|52/100\n|move|p1a: Kitten|Parting Shot|p2a: Tyranitar\n|-unboost|p2a: Tyranitar|atk|1\n|-unboost|p2a: Tyranitar|spa|1\n|\n|t:|1775997269\n|switch|p1a: Farigiraf|Farigiraf, L50, M|47/100|[from] Parting Shot\n|move|p1b: Tiny|Matcha Gotcha|p2b: Aggron|[spread] p2a,p2b\n|-supereffective|p2a: Tyranitar|1\n|-resisted|p2b: Aggron|1\n|-damage|p2a: Tyranitar|0 fnt\n|-heal|p1b: Tiny|100/100 brn|[from] drain|[of] p2a: Tyranitar\n|-damage|p2b: Aggron|0 fnt\n|faint|p2a: Tyranitar\n|faint|p2b: Aggron\n|\n|-weather|Sandstorm|[upkeep]\n|-damage|p1a: Farigiraf|41/100|[from] Sandstorm\n|-damage|p1b: Tiny|94/100 brn|[from] Sandstorm\n|-damage|p1b: Tiny|88/100 brn|[from] brn\n|upkeep\n|inactive|Loesungen has 30 seconds left.\n|inactive|Loesungen has 20 seconds left.\n|inactive|Loesungen has 15 seconds left.\n|inactive|Loesungen has 10 seconds left.\n|inactive|Loesungen has 5 seconds left.\n|\n|t:|1775997324\n|switch|p2b: Garchomp|Garchomp, L50, M|100/100\n|turn|11\n|\n|t:|1775997348\n|move|p1a: Farigiraf|Grass Knot|p2b: Garchomp\n|-damage|p2b: Garchomp|79/100\n|move|p1b: Tiny|Matcha Gotcha|p2b: Garchomp|[miss]\n|-miss|p1b: Tiny|p2b: Garchomp\n|move|p2b: Garchomp|Earthquake|p1b: Tiny|[spread] p1a,p1b\n|-resisted|p1b: Tiny|1\n|-crit|p1b: Tiny\n|-damage|p1a: Farigiraf|1/100\n|-damage|p1b: Tiny|69/100 brn\n|\n|-weather|Sandstorm|[upkeep]\n|-damage|p1a: Farigiraf|0 fnt|[from] Sandstorm\n|-damage|p1b: Tiny|63/100 brn|[from] Sandstorm\n|faint|p1a: Farigiraf\n|-damage|p1b: Tiny|57/100 brn|[from] brn\n|-fieldend|move: Trick Room\n|upkeep\n|\n|t:|1775997352\n|switch|p1a: Basculegion|Basculegion, L50, M|100/100\n|turn|12\n|\n|t:|1775997366\n|move|p1a: Basculegion|Last Respects|p2b: Garchomp\n|-damage|p2b: Garchomp|12/100\n|move|p2b: Garchomp|Earthquake|p1b: Tiny|[spread] p1a,p1b\n|-resisted|p1b: Tiny|1\n|-damage|p1a: Basculegion|51/100\n|-damage|p1b: Tiny|44/100 brn\n|move|p1b: Tiny|Matcha Gotcha|p2b: Garchomp\n|-damage|p2b: Garchomp|0 fnt\n|-heal|p1b: Tiny|50/100 brn|[from] drain|[of] p2b: Garchomp\n|faint|p2b: Garchomp\n|\n|win|calacadura\n|raw|calacadura's rating: 1084 &rarr; <strong>1110</strong><br />(+26 for winning)\n|raw|Loesungen's rating: 1065 &rarr; <strong>1046</strong><br />(-19 for losing)\n|l|\u2606Loesungen\n|player|p2|\n",
  "uploadtime": 1775997377,
  "views": 18,
  "formatid": "gen9championsvgc2026regma",
  "rating": 1046,
  "private": 0,
  "password": null
}