{
  "id": "gen9championsvgc2026regma-2587792165",
  "format": "[Gen 9 Champions] VGC 2026 Reg M-A",
  "players": [
    "baku_308",
    "Teik"
  ],
  "log": "|j|\u2606baku_308\n|j|\u2606Teik\n|t:|1776564464\n|gametype|doubles\n|player|p1|baku_308|101|1447\n|player|p2|Teik|2|1417\n|gen|9\n|tier|[Gen 9 Champions] VGC 2026 Reg M-A\n|rated|\n|rule|Species Clause: Limit one of each Pok\u00e9mon\n|rule|Item Clause: Limit 1 of each item\n|clearpoke\n|poke|p1|Floette-Eternal, L50, F|\n|poke|p1|Aegislash, L50, M|\n|poke|p1|Talonflame, L50, M|\n|poke|p1|Incineroar, L50, F|\n|poke|p1|Garchomp, L50, F|\n|poke|p1|Rotom-Wash, L50|\n|poke|p2|Lucario, L50, F|\n|poke|p2|Talonflame, L50, F|\n|poke|p2|Palafin, L50, F|\n|poke|p2|Clefable, L50, F|\n|poke|p2|Dragonite, L50, F|\n|poke|p2|Sinistcha, L50|\n|teampreview|4\n|inactive|Battle timer is ON: inactive players will automatically lose when time's up. (requested by Teik)\n|\n|t:|1776564523\n|teamsize|p1|4\n|teamsize|p2|4\n|start\n|switch|p1a: Talonflame|Talonflame, L50, M|100/100\n|switch|p1b: Floette|Floette-Eternal, L50, F|100/100\n|switch|p2a: Lucario|Lucario, L50, F|100/100\n|switch|p2b: Talonflame|Talonflame, L50, F|100/100\n|turn|1\n|inactive|baku_308 has 30 seconds left.\n|inactive|baku_308 has 20 seconds left.\n|inactive|baku_308 has 15 seconds left.\n|inactive|baku_308 has 10 seconds left.\n|\n|t:|1776564573\n|switch|p1b: Garchomp|Garchomp, L50, F|100/100\n|detailschange|p2a: Lucario|Lucario-Mega, L50, F\n|-mega|p2a: Lucario|Lucario|Lucarionite\n|move|p2b: Talonflame|Tailwind|p2b: Talonflame\n|-sidestart|p2: Teik|move: Tailwind\n|move|p1a: Talonflame|Tailwind|p1a: Talonflame\n|-sidestart|p1: baku_308|move: Tailwind\n|move|p2a: Lucario|Dark Pulse|p1a: Talonflame\n|-damage|p1a: Talonflame|58/100\n|\n|upkeep\n|turn|2\n|\n|t:|1776564594\n|move|p2a: Lucario|Protect|p2a: Lucario\n|-singleturn|p2a: Lucario|Protect\n|move|p2b: Talonflame|Will-O-Wisp|p1b: Garchomp\n|-status|p1b: Garchomp|brn\n|move|p1a: Talonflame|Flare Blitz|p2a: Lucario\n|-activate|p2a: Lucario|move: Protect\n|move|p1b: Garchomp|Rock Slide|p2a: Lucario|[spread] p2b\n|-activate|p2a: Lucario|move: Protect\n|-supereffective|p2b: Talonflame|2\n|-damage|p2b: Talonflame|41/100\n|\n|-damage|p1b: Garchomp|95/100 brn|[from] brn\n|upkeep\n|turn|3\n|inactive|Teik has 30 seconds left.\n|inactive|Teik has 20 seconds left.\n|inactive|Teik has 15 seconds left.\n|\n|t:|1776564638\n|move|p1a: Talonflame|Flare Blitz|p2a: Lucario\n|-supereffective|p2a: Lucario|1\n|-damage|p2a: Lucario|0 fnt\n|faint|p2a: Lucario\n|-damage|p1a: Talonflame|23/100|[from] Recoil\n|move|p2b: Talonflame|Rain Dance|p2b: Talonflame\n|-weather|RainDance\n|move|p1b: Garchomp|Rock Slide|p2b: Talonflame\n|-supereffective|p2b: Talonflame|2\n|-damage|p2b: Talonflame|0 fnt\n|faint|p2b: Talonflame\n|\n|-weather|RainDance|[upkeep]\n|-damage|p1b: Garchomp|89/100 brn|[from] brn\n|upkeep\n|\n|t:|1776564642\n|switch|p2b: Sinistcha|Sinistcha, L50|100/100\n|switch|p2a: Clefable|Clefable, L50, F|100/100\n|turn|4\n|\n|t:|1776564665\n|move|p1a: Talonflame|Protect|p1a: Talonflame\n|-singleturn|p1a: Talonflame|Protect\n|move|p2a: Clefable|Follow Me|p2a: Clefable\n|-singleturn|p2a: Clefable|move: Follow Me\n|move|p1b: Garchomp|Rock Slide|p2a: Clefable|[spread] p2b\n|-miss|p1b: Garchomp|p2a: Clefable\n|-damage|p2b: Sinistcha|94/100\n|move|p2b: Sinistcha|Matcha Gotcha|p1a: Talonflame|[spread] p1b\n|-activate|p1a: Talonflame|move: Protect\n|-damage|p1b: Garchomp|63/100 brn\n|-heal|p2b: Sinistcha|100/100|[from] drain|[of] p1b: Garchomp\n|\n|-weather|RainDance|[upkeep]\n|-damage|p1b: Garchomp|57/100 brn|[from] brn\n|-sideend|p1: baku_308|move: Tailwind\n|-sideend|p2: Teik|move: Tailwind\n|upkeep\n|turn|5\n|\n|t:|1776564677\n|move|p2a: Clefable|Follow Me|p2a: Clefable\n|-singleturn|p2a: Clefable|move: Follow Me\n|move|p1a: Talonflame|Acrobatics|p2a: Clefable\n|-damage|p2a: Clefable|62/100\n|move|p1b: Garchomp|Rock Slide|p2a: Clefable|[spread] p2a,p2b\n|-damage|p2a: Clefable|52/100\n|-damage|p2b: Sinistcha|93/100\n|move|p2b: Sinistcha|Shadow Ball|p1a: Talonflame\n|-crit|p1a: Talonflame\n|-damage|p1a: Talonflame|0 fnt\n|faint|p1a: Talonflame\n|\n|-weather|RainDance|[upkeep]\n|-heal|p2a: Clefable|58/100|[from] item: Leftovers\n|-damage|p1b: Garchomp|51/100 brn|[from] brn\n|upkeep\n|\n|t:|1776564685\n|switch|p1a: Floette|Floette-Eternal, L50, F|100/100\n|turn|6\n|\n|t:|1776564694\n|detailschange|p1a: Floette|Floette-Mega, L50, F\n|-mega|p1a: Floette|Floette|Floettite\n|-ability|p1a: Floette|Fairy Aura\n|move|p1b: Garchomp|Rock Slide|p2a: Clefable|[spread] p2a,p2b\n|-damage|p2a: Clefable|48/100\n|-damage|p2b: Sinistcha|86/100\n|move|p1a: Floette|Calm Mind|p1a: Floette\n|-boost|p1a: Floette|spa|1\n|-boost|p1a: Floette|spd|1\n|cant|p2b: Sinistcha|flinch\n|cant|p2a: Clefable|flinch\n|\n|-weather|RainDance|[upkeep]\n|-heal|p2a: Clefable|53/100|[from] item: Leftovers\n|-damage|p1b: Garchomp|45/100 brn|[from] brn\n|upkeep\n|turn|7\n|\n|t:|1776564711\n|move|p1b: Garchomp|Rock Slide|p2a: Clefable|[spread] p2a,p2b\n|-damage|p2a: Clefable|44/100\n|-damage|p2b: Sinistcha|79/100\n|move|p1a: Floette|Dazzling Gleam|p2a: Clefable|[spread] p2a,p2b\n|-damage|p2a: Clefable|10/100\n|-damage|p2b: Sinistcha|6/100\n|-enditem|p2b: Sinistcha|Sitrus Berry|[eat]\n|-heal|p2b: Sinistcha|30/100|[from] item: Sitrus Berry\n|move|p2b: Sinistcha|Matcha Gotcha|p1a: Floette|[spread] p1a,p1b\n|-damage|p1a: Floette|89/100\n|-heal|p2b: Sinistcha|36/100|[from] drain|[of] p1a: Floette\n|-damage|p1b: Garchomp|19/100 brn\n|-heal|p2b: Sinistcha|50/100|[from] drain|[of] p1b: Garchomp\n|cant|p2a: Clefable|flinch\n|\n|-weather|none\n|-heal|p2a: Clefable|16/100|[from] item: Leftovers\n|-damage|p1b: Garchomp|13/100 brn|[from] brn\n|upkeep\n|turn|8\n|-message|Teik forfeited.\n|\n|win|baku_308\n|raw|baku_308's rating: 1447 &rarr; <strong>1465</strong><br />(+18 for winning)\n|raw|Teik's rating: 1417 &rarr; <strong>1399</strong><br />(-18 for losing)\n|l|\u2606Teik\n|player|p2|\n|l|\u2606baku_308\n|player|p1|\n",
  "uploadtime": 1776564759,
  "views": 17,
  "formatid": "gen9championsvgc2026regma",
  "rating": 1399,
  "private": 0,
  "password": null
}