{
  "id": "gen9championsvgc2026regma-2584723490",
  "format": "[Gen 9 Champions] VGC 2026 Reg M-A",
  "players": [
    "tropicalasscheeks",
    "klipce"
  ],
  "log": "|j|\u2606tropicalasscheeks\n|j|\u2606klipce\n|t:|1776279164\n|gametype|doubles\n|player|p1|tropicalasscheeks|2|1250\n|player|p2|klipce|1|1223\n|gen|9\n|tier|[Gen 9 Champions] VGC 2026 Reg M-A\n|rated|\n|rule|Species Clause: Limit one of each Pok\u00e9mon\n|rule|Item Clause: Limit 1 of each item\n|clearpoke\n|poke|p1|Aggron, L50, F|\n|poke|p1|Golurk, L50|\n|poke|p1|Alakazam, L50, F|\n|poke|p1|Sinistcha, L50|\n|poke|p1|Primarina, L50, F|\n|poke|p1|Arcanine, L50, F|\n|poke|p2|Scovillain, L50, M|\n|poke|p2|Sinistcha-Masterpiece, L50|\n|poke|p2|Hatterene, L50, F|\n|poke|p2|Sableye, L50, M|\n|poke|p2|Rhyperior, L50, F|\n|poke|p2|Kingambit, L50, F|\n|teampreview|4\n|inactive|Battle timer is ON: inactive players will automatically lose when time's up. (requested by tropicalasscheeks)\n|\n|t:|1776279203\n|teamsize|p1|4\n|teamsize|p2|4\n|start\n|switch|p1a: Aggron|Aggron, L50, F|100/100\n|switch|p1b: Alakazam|Alakazam, L50, F|100/100\n|switch|p2a: Dinner|Scovillain, L50, M|100/100\n|switch|p2b: Cup|Sinistcha-Masterpiece, L50|100/100\n|turn|1\n|\n|t:|1776279225\n|switch|p1b: Primarina|Primarina, L50, F|100/100\n|detailschange|p2a: Dinner|Scovillain-Mega, L50, M\n|-mega|p2a: Dinner|Scovillain|Scovillainite\n|detailschange|p1a: Aggron|Aggron-Mega, L50, F\n|-mega|p1a: Aggron|Aggron|Aggronite\n|move|p2a: Dinner|Overheat|p1a: Aggron\n|-supereffective|p1a: Aggron|1\n|-damage|p1a: Aggron|0 fnt\n|-unboost|p2a: Dinner|spa|2\n|faint|p1a: Aggron\n|move|p2b: Cup|Trick Room|p2b: Cup\n|-fieldstart|move: Trick Room|[of] p2b: Cup\n|\n|upkeep\n|\n|t:|1776279237\n|switch|p1a: Sinistcha|Sinistcha, L50|100/100\n|turn|2\n|c|\u2606klipce|dmn\n|inactive|tropicalasscheeks has 30 seconds left.\n|\n|t:|1776279265\n|move|p2b: Cup|Nasty Plot|p2b: Cup\n|-boost|p2b: Cup|spa|2\n|move|p2a: Dinner|Overheat|p1a: Sinistcha\n|-supereffective|p1a: Sinistcha|1\n|-damage|p1a: Sinistcha|26/100\n|-unboost|p2a: Dinner|spa|2\n|-enditem|p1a: Sinistcha|Sitrus Berry|[eat]\n|-heal|p1a: Sinistcha|51/100|[from] item: Sitrus Berry\n|move|p1a: Sinistcha|Matcha Gotcha|p2a: Dinner|[spread] p2a,p2b\n|-resisted|p2a: Dinner|2\n|-resisted|p2b: Cup|1\n|-damage|p2a: Dinner|94/100\n|-heal|p1a: Sinistcha|54/100|[from] drain|[of] p2a: Dinner\n|-damage|p2b: Cup|86/100\n|-heal|p1a: Sinistcha|62/100|[from] drain|[of] p2b: Cup\n|-status|p1a: Sinistcha|brn|[from] ability: Spicy Spray|[of] p2a: Dinner\n|move|p1b: Primarina|Hyper Voice|p2a: Dinner|[spread] p2a,p2b\n|-resisted|p2b: Cup|1\n|-damage|p2a: Dinner|50/100\n|-damage|p2b: Cup|63/100\n|-status|p1b: Primarina|brn|[from] ability: Spicy Spray|[of] p2a: Dinner\n|\n|-damage|p1a: Sinistcha|56/100 brn|[from] brn\n|-damage|p1b: Primarina|95/100 brn|[from] brn\n|upkeep\n|turn|3\n|inactive|tropicalasscheeks has 30 seconds left.\n|inactive|klipce has 30 seconds left.\n|inactive|tropicalasscheeks has 20 seconds left.\n|inactive|klipce has 20 seconds left.\n|inactive|tropicalasscheeks has 15 seconds left.\n|\n|t:|1776279306\n|switch|p2a: Spoon|Sableye, L50, M|100/100\n|move|p2b: Cup|Matcha Gotcha|p1b: Primarina|[spread] p1a,p1b\n|-resisted|p1a: Sinistcha|1\n|-crit|p1a: Sinistcha\n|-supereffective|p1b: Primarina|1\n|-damage|p1a: Sinistcha|14/100 brn\n|-heal|p2b: Cup|84/100|[from] drain|[of] p1a: Sinistcha\n|-damage|p1b: Primarina|0 fnt\n|-heal|p2b: Cup|100/100|[from] drain|[of] p1b: Primarina\n|faint|p1b: Primarina\n|move|p1a: Sinistcha|Life Dew|p1a: Sinistcha\n|-heal|p1a: Sinistcha|39/100 brn\n|\n|-damage|p1a: Sinistcha|33/100 brn|[from] brn\n|upkeep\n|\n|t:|1776279325\n|switch|p1b: Alakazam|Alakazam, L50, F|100/100\n|turn|4\n|\n|t:|1776279348\n|move|p1a: Sinistcha|Rage Powder|p1a: Sinistcha\n|-singleturn|p1a: Sinistcha|move: Rage Powder\n|move|p2a: Spoon|Foul Play|p1a: Sinistcha\n|-supereffective|p1a: Sinistcha|1\n|-damage|p1a: Sinistcha|0 fnt\n|faint|p1a: Sinistcha\n|move|p2b: Cup|Matcha Gotcha|p1b: Alakazam\n|-enditem|p1b: Alakazam|Focus Sash\n|-damage|p1b: Alakazam|1/100\n|move|p1b: Alakazam|Shadow Ball|p2b: Cup\n|-supereffective|p2b: Cup|1\n|-damage|p2b: Cup|36/100\n|\n|upkeep\n|turn|5\n|-message|tropicalasscheeks forfeited.\n|\n|win|klipce\n|raw|tropicalasscheeks's rating: 1250 &rarr; <strong>1223</strong><br />(-27 for losing)\n|raw|klipce's rating: 1223 &rarr; <strong>1250</strong><br />(+27 for winning)\n|l|\u2606tropicalasscheeks\n|player|p1|\n",
  "uploadtime": 1776279368,
  "views": 23,
  "formatid": "gen9championsvgc2026regma",
  "rating": 1223,
  "private": 0,
  "password": null
}