{
  "id": "gen9championsvgc2026regma-2581006697",
  "format": "[Gen 9 Champions] VGC 2026 Reg M-A",
  "players": [
    "superboy245",
    "pakman34613"
  ],
  "log": "|j|\u2606superboy245\n|j|\u2606pakman34613\n|t:|1775951086\n|gametype|doubles\n|player|p1|superboy245|buck|1099\n|player|p2|pakman34613|170|1194\n|gen|9\n|tier|[Gen 9 Champions] VGC 2026 Reg M-A\n|rated|\n|rule|Species Clause: Limit one of each Pok\u00e9mon\n|rule|Item Clause: Limit 1 of each item\n|clearpoke\n|poke|p1|Crabominable, L50, M|\n|poke|p1|Torkoal, L50, M|\n|poke|p1|Farigiraf, L50, F|\n|poke|p1|Incineroar, L50, F|\n|poke|p1|Hydrapple, L50, M|\n|poke|p1|Drampa, L50, M|\n|poke|p2|Charizard, L50, M|\n|poke|p2|Venusaur, L50, M|\n|poke|p2|Pelipper, L50, M|\n|poke|p2|Basculegion, L50, M|\n|poke|p2|Meowstic, L50, M|\n|poke|p2|Alakazam, L50, F|\n|teampreview|4\nsuperboy245 rejected open team sheets.\n|\n|t:|1775951122\n|teamsize|p1|4\n|teamsize|p2|4\n|start\n|switch|p1a: Incineroar|Incineroar, L50, F|100/100\n|switch|p1b: Farigiraf|Farigiraf, L50, F|100/100\n|switch|p2a: Meowstic|Meowstic, L50, M|100/100\n|switch|p2b: Basculegion|Basculegion, L50, M|100/100\n|-ability|p1a: Incineroar|Intimidate|boost\n|-unboost|p2a: Meowstic|atk|1\n|-unboost|p2b: Basculegion|atk|1\n|-enditem|p2b: Basculegion|White Herb\n|-clearnegativeboost|p2b: Basculegion|[silent]\n|turn|1\n|inactive|Battle timer is ON: inactive players will automatically lose when time's up. (requested by superboy245)\n|\n|t:|1775951173\n|move|p1a: Incineroar|Fake Out|p2a: Meowstic\n|-damage|p2a: Meowstic|78/100\n|cant|p2a: Meowstic|flinch\n|move|p2b: Basculegion|Wave Crash|p1a: Incineroar\n|-supereffective|p1a: Incineroar|1\n|-damage|p1a: Incineroar|0 fnt\n|faint|p1a: Incineroar\n|-damage|p2b: Basculegion|66/100|[from] Recoil\n|move|p1b: Farigiraf|Trick Room|p1b: Farigiraf\n|-fieldstart|move: Trick Room|[of] p1b: Farigiraf\n|\n|upkeep\n|\n|t:|1775951186\n|switch|p1a: Torkoal|Torkoal, L50, M|100/100\n|-weather|SunnyDay|[from] ability: Drought|[of] p1a: Torkoal\n|turn|2\n|\n|t:|1775951195\n|switch|p2b: Pelipper|Pelipper, L50, M|100/100\n|-weather|RainDance|[from] ability: Drizzle|[of] p2b: Pelipper\n|move|p1a: Torkoal|Eruption|p2a: Meowstic|[spread] p2a,p2b\n|-resisted|p2b: Pelipper|1\n|-damage|p2a: Meowstic|35/100\n|-damage|p2b: Pelipper|78/100\n|move|p1b: Farigiraf|Psychic|p2b: Pelipper\n|-damage|p2b: Pelipper|15/100\n|move|p2a: Meowstic|Trick Room|p2a: Meowstic\n|-fieldend|move: Trick Room\n|\n|-weather|RainDance|[upkeep]\n|upkeep\n|turn|3\n|inactive|pakman34613 has 30 seconds left.\n|inactive|pakman34613 has 20 seconds left.\n|inactive|pakman34613 has 15 seconds left.\n|\n|t:|1775951238\n|switch|p1a: Drampa|Drampa, L50, M|100/100\n|move|p2b: Pelipper|Weather Ball|p1a: Drampa\n|-resisted|p1a: Drampa|1\n|-damage|p1a: Drampa|66/100\n|move|p2a: Meowstic|Trick Room|p2a: Meowstic\n|-fieldstart|move: Trick Room|[of] p2a: Meowstic\n|move|p1b: Farigiraf|Trick Room|p1b: Farigiraf\n|-fieldend|move: Trick Room\n|\n|-weather|RainDance|[upkeep]\n|upkeep\n|turn|4\n|\n|t:|1775951262\n|detailschange|p1a: Drampa|Drampa-Mega, L50, M\n|-mega|p1a: Drampa|Drampa|Drampanite\n|move|p2a: Meowstic|Psychic Terrain|p2a: Meowstic\n|-fieldstart|move: Psychic Terrain\n|move|p2b: Pelipper|Weather Ball|p1b: Farigiraf\n|-damage|p1b: Farigiraf|50/100\n|move|p1a: Drampa|Hyper Voice|p2a: Meowstic|[spread] p2a,p2b\n|-damage|p2a: Meowstic|0 fnt\n|-damage|p2b: Pelipper|0 fnt\n|faint|p2a: Meowstic\n|faint|p2b: Pelipper\n|move|p1b: Farigiraf|Trick Room|p1b: Farigiraf\n|-fieldstart|move: Trick Room|[of] p1b: Farigiraf\n|\n|-weather|RainDance|[upkeep]\n|upkeep\n|c|\u2606superboy245|Thx\n|\n|t:|1775951284\n|switch|p2b: Basculegion|Basculegion, L50, M|66/100\n|switch|p2a: Alakazam|Alakazam, L50, F|100/100\n|turn|5\n|\n|t:|1775951303\n|detailschange|p2a: Alakazam|Alakazam-Mega, L50, F\n|-mega|p2a: Alakazam|Alakazam|Alakazite\n|-ability|p2a: Alakazam|Berserk|Trace|[from] ability: Trace|[of] p1a: Drampa\n|move|p1a: Drampa|Dragon Pulse|p2b: Basculegion\n|-damage|p2b: Basculegion|1/100\n|move|p1b: Farigiraf|Psychic|p2b: Basculegion\n|-damage|p2b: Basculegion|0 fnt\n|faint|p2b: Basculegion\n|move|p2a: Alakazam|Expanding Force|p1b: Farigiraf|[spread] p1a,p1b\n|-resisted|p1b: Farigiraf|1\n|-damage|p1a: Drampa|0 fnt\n|-damage|p1b: Farigiraf|23/100\n|faint|p1a: Drampa\n|\n|-weather|RainDance|[upkeep]\n|upkeep\n|\n|t:|1775951310\n|switch|p1a: Torkoal|Torkoal, L50, M|100/100\n|-weather|SunnyDay|[from] ability: Drought|[of] p1a: Torkoal\n|turn|6\n|c|\u2606superboy245|Gg\n|\n|t:|1775951322\n|move|p1a: Torkoal|Eruption|p2a: Alakazam\n|-damage|p2a: Alakazam|0 fnt\n|faint|p2a: Alakazam\n|\n|win|superboy245\n|raw|superboy245's rating: 1099 &rarr; <strong>1131</strong><br />(+32 for winning)\n|raw|pakman34613's rating: 1194 &rarr; <strong>1162</strong><br />(-32 for losing)\n|l|\u2606pakman34613\n|player|p2|\n",
  "uploadtime": 1775951326,
  "views": 15,
  "formatid": "gen9championsvgc2026regma",
  "rating": 1131,
  "private": 0,
  "password": null
}