{
  "id": "gen9championsvgc2026regma-2588352904",
  "format": "[Gen 9 Champions] VGC 2026 Reg M-A",
  "players": [
    "VerdantVirizion",
    "Shaymin24"
  ],
  "log": "|j|\u2606VerdantVirizion\n|j|\u2606Shaymin24\n|t:|1776626481\n|gametype|doubles\n|player|p1|VerdantVirizion|acetrainerf|\n|player|p2|Shaymin24|steven|\n|gen|9\n|tier|[Gen 9 Champions] VGC 2026 Reg M-A\n|rule|Species Clause: Limit one of each Pok\u00e9mon\n|rule|Item Clause: Limit 1 of each item\n|clearpoke\n|poke|p1|Golurk, L50, shiny|\n|poke|p1|Sneasler, L50, F, shiny|\n|poke|p1|Incineroar, L50, M|\n|poke|p1|Farigiraf, L50, M|\n|poke|p1|Whimsicott, L50, M, shiny|\n|poke|p1|Rotom-Heat, L50, shiny|\n|poke|p2|Glimmora, L50, M|\n|poke|p2|Rotom-Wash, L50|\n|poke|p2|Meganium, L50, M|\n|poke|p2|Kingambit, L50, F|\n|poke|p2|Talonflame, L50, F, shiny|\n|poke|p2|Kommo-o, L50, M|\n|teampreview|4\nShaymin24 has agreed to open team sheets.\n|inactive|Battle timer is ON: inactive players will automatically lose when time's up. (requested by Shaymin24)\nVerdantVirizion has agreed to open team sheets.\n|showteam|p1|Golurk||Golurkite|IronFist|HeadlongRush,Poltergeist,IcePunch,Protect||||||50|]Sneasler||WhiteHerb|Unburden|DireClaw,CloseCombat,FakeOut,Coaching|||F|||50|]Incineroar||ShucaBerry|Intimidate|FlareBlitz,PartingShot,DarkestLariat,FakeOut|||M|||50|]Farigiraf||SitrusBerry|CudChew|TwinBeam,TrickRoom,HelpingHand,Protect|||M|||50|]Whimsicott||FocusSash|Prankster|Tailwind,Moonblast,SunnyDay,Protect|||M|||50|]Rotom-Heat||PasshoBerry|Levitate|Thunderbolt,Overheat,VoltSwitch,Protect||||||50|\n|showteam|p2|Glimmora||Glimmoranite|ToxicDebris|SludgeBomb,SpikyShield,EarthPower,PowerGem|||M|||50|]Rotom-Wash||ChoiceScarf|Levitate|WillOWisp,Electroweb,Thunderbolt,HydroPump||||||50|]Meganium||Meganiumite|Overgrow|SolarBeam,Protect,DazzlingGleam,WeatherBall|||M|||50|]Kingambit||BlackGlasses|Defiant|SuckerPunch,Protect,KowtowCleave,IronHead|||F|||50|]Talonflame||SharpBeak|GaleWings|DualWingbeat,Protect,Tailwind,RainDance|||F|||50|]Kommo-o||Leftovers|Overcoat|BodyPress,IronDefense,Protect,DracoMeteor|||M|||50|\n|inactive|VerdantVirizion has 60 seconds left.\n|inactive|Shaymin24 has 60 seconds left.\n|inactive|VerdantVirizion has 30 seconds left.\n|inactive|Shaymin24 has 30 seconds left.\n|inactive|VerdantVirizion has 20 seconds left.\n|inactive|Shaymin24 has 20 seconds left.\n|inactive|VerdantVirizion has 15 seconds left.\n|\n|t:|1776626566\n|teamsize|p1|4\n|teamsize|p2|4\n|start\n|switch|p1a: Moonview|Rotom-Heat, L50, shiny|100/100\n|switch|p1b: Dagger|Sneasler, L50, F, shiny|100/100\n|switch|p2a: Kingambit|Kingambit, L50, F|100/100\n|switch|p2b: Talonflame|Talonflame, L50, F, shiny|100/100\n|turn|1\n|inactive|Shaymin24 has 30 seconds left.\n|inactive|Shaymin24 has 20 seconds left.\n|inactive|Shaymin24 has 15 seconds left.\n|inactive|Shaymin24 has 10 seconds left.\n|\n|t:|1776626613\n|switch|p1a: Philosopher|Golurk, L50, shiny|100/100\n|switch|p2a: Rotom|Rotom-Wash, L50|100/100\n|move|p2b: Talonflame|Dual Wingbeat|p1b: Dagger\n|-supereffective|p1b: Dagger|1\n|-damage|p1b: Dagger|39/100\n|-supereffective|p1b: Dagger|1\n|-damage|p1b: Dagger|0 fnt\n|faint|p1b: Dagger\n|-hitcount|p1: Dagger|2\n|\n|upkeep\n|\n|t:|1776626637\n|switch|p1b: Moonview|Rotom-Heat, L50, shiny|100/100\n|turn|2\n|inactive|Shaymin24 has 30 seconds left.\n|inactive|Shaymin24 has 20 seconds left.\n|inactive|Shaymin24 has 15 seconds left.\n|inactive|Shaymin24 has 10 seconds left.\n|\n|t:|1776626686\n|switch|p2b: Kingambit|Kingambit, L50, F|100/100\n|switch|p1a: Delthea|Whimsicott, L50, M, shiny|100/100\n|move|p2a: Rotom|Will-O-Wisp|p1a: Delthea|[miss]\n|-miss|p2a: Rotom|p1a: Delthea\n|move|p1b: Moonview|Thunderbolt|p2a: Rotom\n|-damage|p2a: Rotom|41/100\n|\n|upkeep\n|turn|3\n|inactive|VerdantVirizion has 30 seconds left.\n|inactive|Shaymin24 has 30 seconds left.\n|inactive|VerdantVirizion has 20 seconds left.\n|inactive|VerdantVirizion has 15 seconds left.\n|inactive|VerdantVirizion has 10 seconds left.\n|inactive|VerdantVirizion has 5 seconds left.\n|\n|t:|1776626739\n|move|p2b: Kingambit|Protect|p2b: Kingambit\n|-singleturn|p2b: Kingambit|Protect\n|move|p1a: Delthea|Tailwind|p1a: Delthea\n|-sidestart|p1: VerdantVirizion|move: Tailwind\n|move|p1b: Moonview|Overheat|p2b: Kingambit\n|-activate|p2b: Kingambit|move: Protect\n|move|p2a: Rotom|Will-O-Wisp|p1a: Delthea|[miss]\n|-miss|p2a: Rotom|p1a: Delthea\n|\n|upkeep\n|turn|4\n|inactive|VerdantVirizion has 30 seconds left.\n|inactive|Shaymin24 has 30 seconds left.\n|\n|t:|1776626774\n|move|p1a: Delthea|Sunny Day|p1a: Delthea\n|-weather|SunnyDay\n|move|p2b: Kingambit|Sucker Punch|p1b: Moonview\n|-damage|p1b: Moonview|44/100\n|move|p1b: Moonview|Overheat|p2b: Kingambit\n|-supereffective|p2b: Kingambit|1\n|-damage|p2b: Kingambit|0 fnt\n|-unboost|p1b: Moonview|spa|2\n|faint|p2b: Kingambit\n|move|p2a: Rotom|Will-O-Wisp|p1a: Delthea\n|-status|p1a: Delthea|brn\n|\n|-weather|SunnyDay|[upkeep]\n|-damage|p1a: Delthea|95/100 brn|[from] brn\n|upkeep\n|inactive|Shaymin24 has 30 seconds left.\n|\n|t:|1776626804\n|switch|p2b: Talonflame|Talonflame, L50, F, shiny|100/100\n|turn|5\n|\n|t:|1776626820\n|switch|p2a: Meganium|Meganium, L50, M|100/100\n|move|p1a: Delthea|Protect|p1a: Delthea\n|-singleturn|p1a: Delthea|Protect\n|move|p2b: Talonflame|Tailwind|p2b: Talonflame\n|-sidestart|p2: Shaymin24|move: Tailwind\n|move|p1b: Moonview|Volt Switch|p2a: Meganium\n|-resisted|p2a: Meganium|1\n|-damage|p2a: Meganium|92/100\n|\n|t:|1776626830\n|switch|p1b: Philosopher|Golurk, L50, shiny|100/100|[from] Volt Switch\n|\n|-weather|SunnyDay|[upkeep]\n|-damage|p1a: Delthea|89/100 brn|[from] brn\n|upkeep\n|turn|6\n|inactive|VerdantVirizion has 30 seconds left.\n|inactive|Shaymin24 has 30 seconds left.\n|inactive|VerdantVirizion has 20 seconds left.\n|inactive|Shaymin24 has 20 seconds left.\n|inactive|VerdantVirizion has 15 seconds left.\n|inactive|Shaymin24 has 15 seconds left.\n|inactive|VerdantVirizion has 10 seconds left.\n|inactive|VerdantVirizion has 5 seconds left.\n|\n|t:|1776626880\n|switch|p1a: Moonview|Rotom-Heat, L50, shiny|44/100\n|detailschange|p2a: Meganium|Meganium-Mega, L50, M\n|-mega|p2a: Meganium|Meganium|Meganiumite\n|detailschange|p1b: Philosopher|Golurk-Mega, L50, shiny\n|-mega|p1b: Philosopher|Golurk|Golurkite\n|move|p1b: Philosopher|Protect|p1b: Philosopher\n|-singleturn|p1b: Philosopher|Protect\n|move|p2b: Talonflame|Dual Wingbeat|p1a: Moonview|[miss]\n|-miss|p2b: Talonflame|p1a: Moonview\n|move|p2a: Meganium|Solar Beam||[still]\n|-prepare|p2a: Meganium|Solar Beam\n|-anim|p2a: Meganium|Solar Beam|p1b: Philosopher\n|-activate|p1b: Philosopher|move: Protect\n|\n|-weather|SunnyDay|[upkeep]\n|-sideend|p1: VerdantVirizion|move: Tailwind\n|upkeep\n|turn|7\n|inactive|Shaymin24 has 30 seconds left.\n|inactive|Shaymin24 has 20 seconds left.\n|inactive|Shaymin24 has 15 seconds left.\n|inactive|Shaymin24 has 10 seconds left.\n|\n|t:|1776626930\n|switch|p1b: Delthea|Whimsicott, L50, M, shiny|89/100 brn\n|move|p2b: Talonflame|Dual Wingbeat|p1a: Moonview|[miss]\n|-miss|p2b: Talonflame|p1a: Moonview\n|move|p2a: Meganium|Solar Beam||[still]\n|-prepare|p2a: Meganium|Solar Beam\n|-anim|p2a: Meganium|Solar Beam|p1b: Delthea\n|-resisted|p1b: Delthea|1\n|-damage|p1b: Delthea|30/100 brn\n|move|p1a: Moonview|Thunderbolt|p2b: Talonflame\n|-supereffective|p2b: Talonflame|1\n|-damage|p2b: Talonflame|0 fnt\n|faint|p2b: Talonflame\n|\n|-weather|SunnyDay|[upkeep]\n|-damage|p1b: Delthea|24/100 brn|[from] brn\n|upkeep\n|\n|t:|1776626937\n|switch|p2b: Rotom|Rotom-Wash, L50|41/100\n|turn|8\n|inactive|VerdantVirizion has 30 seconds left.\n|inactive|Shaymin24 has 30 seconds left.\n|inactive|VerdantVirizion has 20 seconds left.\n|inactive|Shaymin24 has 20 seconds left.\n|inactive|Shaymin24 has 15 seconds left.\n|inactive|Shaymin24 has 10 seconds left.\n|inactive|Shaymin24 has 5 seconds left.\n|\n|t:|1776626989\n|move|p1a: Moonview|Protect|p1a: Moonview\n|-singleturn|p1a: Moonview|Protect\n|move|p1b: Delthea|Tailwind|p1b: Delthea\n|-sidestart|p1: VerdantVirizion|move: Tailwind\n|move|p2b: Rotom|Hydro Pump|p1a: Moonview\n|-activate|p1a: Moonview|move: Protect\n|move|p2a: Meganium|Dazzling Gleam|p1b: Delthea|[spread] p1b\n|-activate|p1a: Moonview|move: Protect\n|-damage|p1b: Delthea|0 fnt\n|faint|p1b: Delthea\n|\n|-weather|none\n|-sideend|p2: Shaymin24|move: Tailwind\n|upkeep\n|\n|t:|1776627000\n|switch|p1b: Philosopher|Golurk-Mega, L50, shiny|100/100\n|turn|9\n|inactive|VerdantVirizion has 30 seconds left.\n|inactive|Shaymin24 has 30 seconds left.\n|\n|t:|1776627034\n|move|p1b: Philosopher|Protect|p1b: Philosopher\n|-singleturn|p1b: Philosopher|Protect\n|move|p1a: Moonview|Thunderbolt|p2b: Rotom\n|-damage|p2b: Rotom|0 fnt\n|faint|p2b: Rotom\n|move|p2a: Meganium|Solar Beam||[still]\n|-prepare|p2a: Meganium|Solar Beam\n|-activate|p2a: Meganium|ability: Mega Sol\n|-anim|p2a: Meganium|Solar Beam|p1b: Philosopher\n|-activate|p1b: Philosopher|move: Protect\n|\n|upkeep\n|turn|10\n|\n|t:|1776627053\n|move|p2a: Meganium|Protect|p2a: Meganium\n|-singleturn|p2a: Meganium|Protect\n|move|p1a: Moonview|Overheat|p2a: Meganium\n|-activate|p2a: Meganium|move: Protect\n|move|p1b: Philosopher|Ice Punch|p2a: Meganium\n|-supereffective|p2a: Meganium|1\n|-ability|p1b: Philosopher|Unseen Fist\n|-zbroken|p2a: Meganium\n|-damage|p2a: Meganium|77/100\n|\n|upkeep\n|turn|11\n|\n|t:|1776627071\n|move|p2a: Meganium|Protect|p2a: Meganium\n|-singleturn|p2a: Meganium|Protect\n|move|p1a: Moonview|Thunderbolt|p2a: Meganium\n|-activate|p2a: Meganium|move: Protect\n|move|p1b: Philosopher|Ice Punch|p2a: Meganium\n|-supereffective|p2a: Meganium|1\n|-ability|p1b: Philosopher|Unseen Fist\n|-zbroken|p2a: Meganium\n|-damage|p2a: Meganium|63/100\n|\n|-sideend|p1: VerdantVirizion|move: Tailwind\n|upkeep\n|turn|12\n|inactive|Shaymin24 has 30 seconds left.\n|\n|t:|1776627085\n|move|p1a: Moonview|Overheat|p2a: Meganium|[miss]\n|-miss|p1a: Moonview|p2a: Meganium\n|move|p2a: Meganium|Solar Beam||[still]\n|-prepare|p2a: Meganium|Solar Beam\n|-activate|p2a: Meganium|ability: Mega Sol\n|-anim|p2a: Meganium|Solar Beam|p1a: Moonview\n|-resisted|p1a: Moonview|1\n|-damage|p1a: Moonview|3/100\n|move|p1b: Philosopher|Poltergeist|p2a: Meganium\n|-activate|p2a: Meganium|move: Poltergeist|Meganiumite\n|-damage|p2a: Meganium|0 fnt\n|faint|p2a: Meganium\n|\n|win|VerdantVirizion\n",
  "uploadtime": 1776626483,
  "views": 8,
  "formatid": "gen9championsvgc2026regma",
  "rating": null,
  "private": 0,
  "password": null
}