{
  "id": "gen9championsvgc2026regma-2581781267",
  "format": "[Gen 9 Champions] VGC 2026 Reg M-A",
  "players": [
    "SunTufo",
    "dudu_gods"
  ],
  "log": "|j|\u2606SunTufo\n|j|\u2606dudu_gods\n|t:|1776027904\n|gametype|doubles\n|player|p1|SunTufo|li|1283\n|player|p2|dudu_gods|170|1299\n|gen|9\n|tier|[Gen 9 Champions] VGC 2026 Reg M-A\n|rated|\n|rule|Species Clause: Limit one of each Pok\u00e9mon\n|rule|Item Clause: Limit 1 of each item\n|clearpoke\n|poke|p1|Skarmory, L50, M|\n|poke|p1|Garchomp, L50, M|\n|poke|p1|Milotic, L50, F|\n|poke|p1|Sneasler, L50, M|\n|poke|p1|Sinistcha, L50|\n|poke|p1|Floette-Eternal, L50, F|\n|poke|p2|Tyranitar, L50, M|\n|poke|p2|Garchomp, L50, F|\n|poke|p2|Rotom-Wash, L50|\n|poke|p2|Zoroark-Hisui, L50, M|\n|poke|p2|Kingambit, L50, F|\n|poke|p2|Aerodactyl, L50, F|\n|teampreview|4\n|inactive|Battle timer is ON: inactive players will automatically lose when time's up. (requested by dudu_gods)\n|inactive|SunTufo also wants the timer to be on.\n|inactive|SunTufo has 60 seconds left.\n|\n|t:|1776027935\n|teamsize|p1|4\n|teamsize|p2|4\n|start\n|switch|p1a: Skarmory|Skarmory, L50, M, shiny|100/100\n|switch|p1b: Sneasler|Sneasler, L50, M, shiny|100/100\n|switch|p2a: Rotom|Rotom-Wash, L50|100/100\n|switch|p2b: Kingambit|Kingambit, L50, F|100/100\n|turn|1\n|\n|t:|1776027949\n|move|p1b: Sneasler|Fake Out|p2a: Rotom\n|-damage|p2a: Rotom|85/100\n|cant|p2a: Rotom|flinch\n|move|p2b: Kingambit|Nasty Plot|p2b: Kingambit\n|-boost|p2b: Kingambit|spa|2\n|move|p1a: Skarmory|Tailwind|p1a: Skarmory\n|-sidestart|p1: SunTufo|move: Tailwind\n|\n|upkeep\n|turn|2\n|\n|t:|1776027959\n|move|p1b: Sneasler|Coaching|p1a: Skarmory\n|-boost|p1a: Skarmory|atk|1\n|-boost|p1a: Skarmory|def|1\n|move|p1a: Skarmory|Dual Wingbeat|p2b: Kingambit|[miss]\n|-miss|p1a: Skarmory|p2b: Kingambit\n|move|p2a: Rotom|Trick|p1b: Sneasler\n|-activate|p2a: Rotom|move: Trick|[of] p1b: Sneasler\n|-item|p1b: Sneasler|Choice Scarf|[from] move: Trick\n|-item|p2a: Rotom|Focus Sash|[from] move: Trick\n|move|p2b: Kingambit|Shadow Ball|p1a: Skarmory\n|-ability|p1a: Skarmory|Sturdy\n|-damage|p1a: Skarmory|1/100\n|\n|upkeep\n|turn|3\n|\n|t:|1776027979\n|move|p1a: Skarmory|Protect|p1a: Skarmory\n|-singleturn|p1a: Skarmory|Protect\n|move|p2b: Kingambit|Protect|p2b: Kingambit\n|-singleturn|p2b: Kingambit|Protect\n|move|p1b: Sneasler|Coaching|p1a: Skarmory\n|-boost|p1a: Skarmory|atk|1\n|-boost|p1a: Skarmory|def|1\n|move|p2a: Rotom|Volt Switch|p1a: Skarmory\n|-activate|p1a: Skarmory|move: Protect\n|\n|upkeep\n|turn|4\n|\n|t:|1776027996\n|switch|p1b: Sinistcha|Sinistcha, L50|100/100\n|-heal|p1a: Skarmory|26/100|[from] ability: Hospitality|[of] p1b: Sinistcha\n|move|p1a: Skarmory|Dual Wingbeat|p2b: Kingambit\n|-damage|p2b: Kingambit|44/100\n|replace|p2b: Zoroark|Zoroark-Hisui, L50, M, shiny\n|-end|p2b: Zoroark|Illusion\n|-damage|p2b: Zoroark|0 fnt\n|faint|p2b: Zoroark\n|-hitcount|p2: Zoroark|2\n|move|p2a: Rotom|Volt Switch|p1a: Skarmory\n|-supereffective|p1a: Skarmory|1\n|-damage|p1a: Skarmory|0 fnt\n|faint|p1a: Skarmory\n|\n|t:|1776028006\n|switch|p2a: Tyranitar|Tyranitar, L50, M|100/100|[from] Volt Switch\n|-weather|Sandstorm|[from] ability: Sand Stream|[of] p2a: Tyranitar\n|\n|-weather|Sandstorm|[upkeep]\n|-damage|p1b: Sinistcha|94/100|[from] Sandstorm\n|-sideend|p1: SunTufo|move: Tailwind\n|upkeep\n|\n|t:|1776028011\n|switch|p2b: Rotom|Rotom-Wash, L50|85/100\n|switch|p1a: Sneasler|Sneasler, L50, M, shiny|100/100\n|turn|5\n|\n|t:|1776028021\n|move|p2a: Tyranitar|Protect|p2a: Tyranitar\n|-singleturn|p2a: Tyranitar|Protect\n|move|p1a: Sneasler|Close Combat|p2b: Rotom\n|-damage|p2b: Rotom|22/100\n|-unboost|p1a: Sneasler|def|1\n|-unboost|p1a: Sneasler|spd|1\n|move|p2b: Rotom|Trick|p1b: Sinistcha\n|-activate|p2b: Rotom|move: Trick|[of] p1b: Sinistcha\n|-item|p1b: Sinistcha|Focus Sash|[from] move: Trick\n|-item|p2b: Rotom|Colbur Berry|[from] move: Trick\n|move|p1b: Sinistcha|Matcha Gotcha|p2b: Rotom|[spread] p2b\n|-activate|p2a: Tyranitar|move: Protect\n|-supereffective|p2b: Rotom|1\n|-damage|p2b: Rotom|0 fnt\n|-heal|p1b: Sinistcha|100/100|[from] drain|[of] p2b: Rotom\n|faint|p2b: Rotom\n|\n|-weather|Sandstorm|[upkeep]\n|-damage|p1a: Sneasler|95/100|[from] Sandstorm\n|-damage|p1b: Sinistcha|94/100|[from] Sandstorm\n|upkeep\n|-message|dudu_gods forfeited.\n|\n|win|SunTufo\n|raw|SunTufo's rating: 1283 &rarr; <strong>1309</strong><br />(+26 for winning)\n|raw|dudu_gods's rating: 1299 &rarr; <strong>1273</strong><br />(-26 for losing)\n",
  "uploadtime": 1776028039,
  "views": 33,
  "formatid": "gen9championsvgc2026regma",
  "rating": 1273,
  "private": 0,
  "password": null
}