{
  "id": "gen9championsvgc2026regma-2588799298",
  "format": "[Gen 9 Champions] VGC 2026 Reg M-A",
  "players": [
    "Big Yahu Isreal",
    "aakw0"
  ],
  "log": "|j|\u2606Big Yahu Isreal\n|j|\u2606aakw0\n|t:|1776672292\n|gametype|doubles\n|player|p1|Big Yahu Isreal|rood|1115\n|player|p2|aakw0|nurse|1111\n|gen|9\n|tier|[Gen 9 Champions] VGC 2026 Reg M-A\n|rated|\n|rule|Species Clause: Limit one of each Pok\u00e9mon\n|rule|Item Clause: Limit 1 of each item\n|clearpoke\n|poke|p1|Floette-Eternal, L50, F|\n|poke|p1|Sylveon, L50, M|\n|poke|p1|Ditto, L50|\n|poke|p1|Talonflame, L50, M|\n|poke|p1|Garchomp, L50, M|\n|poke|p1|Whimsicott, L50, F|\n|poke|p2|Delphox, L50, F, shiny|\n|poke|p2|Froslass, L50, F, shiny|\n|poke|p2|Whimsicott, L50, F, shiny|\n|poke|p2|Sneasler, L50, F, shiny|\n|poke|p2|Kingambit, L50, M, shiny|\n|poke|p2|Garchomp, L50, M, shiny|\n|teampreview|4\n|c|\u2606Big Yahu Isreal|GLHF\nBig Yahu Isreal rejected open team sheets.\n|\n|t:|1776672342\n|teamsize|p1|4\n|teamsize|p2|4\n|start\n|switch|p1a: Talonflame|Talonflame, L50, M|100/100\n|switch|p1b: Garchomp|Garchomp, L50, M|100/100\n|switch|p2a: Froslass|Froslass, L50, F, shiny|100/100\n|switch|p2b: Sneasler|Sneasler, L50, F, shiny|100/100\n|turn|1\n|\n|t:|1776672358\n|detailschange|p2a: Froslass|Froslass-Mega, L50, F, shiny\n|-mega|p2a: Froslass|Froslass|Froslassite\n|-weather|Snowscape|[from] ability: Snow Warning|[of] p2a: Froslass\n|move|p1b: Garchomp|Protect|p1b: Garchomp\n|-singleturn|p1b: Garchomp|Protect\n|move|p2b: Sneasler|Fake Out|p1a: Talonflame\n|-damage|p1a: Talonflame|78/100\n|cant|p1a: Talonflame|flinch\n|move|p2a: Froslass|Blizzard|p1b: Garchomp|[spread] p1a\n|-activate|p1b: Garchomp|move: Protect\n|-damage|p1a: Talonflame|2/100\n|\n|-weather|Snowscape|[upkeep]\n|upkeep\n|turn|2\n|\n|t:|1776672379\n|detailschange|p1b: Garchomp|Garchomp-Mega, L50, M\n|-mega|p1b: Garchomp|Garchomp|Garchompite\n|move|p1a: Talonflame|Brave Bird|p2b: Sneasler\n|-supereffective|p2b: Sneasler|1\n|-damage|p2b: Sneasler|0 fnt\n|faint|p2b: Sneasler\n|-damage|p1a: Talonflame|0 fnt|[from] Recoil\n|faint|p1a: Talonflame\n|move|p2a: Froslass|Blizzard|p1b: Garchomp\n|-supereffective|p1b: Garchomp|2\n|-damage|p1b: Garchomp|0 fnt\n|faint|p1b: Garchomp\n|\n|-weather|Snowscape|[upkeep]\n|upkeep\n|\n|t:|1776672396\n|switch|p1a: Sylveon|Sylveon, L50, M|100/100\n|switch|p2b: Garchomp|Garchomp, L50, M, shiny|100/100\n|switch|p1b: Oliver|Ditto, L50|100/100\n|-transform|p1b: Oliver|p2a: Froslass|[from] ability: Imposter\n|turn|3\n|\n|t:|1776672407\n|move|p1b: Oliver|Blizzard|p2b: Garchomp|[spread] p2a,p2b\n|-resisted|p2a: Froslass|1\n|-supereffective|p2b: Garchomp|2\n|-damage|p2a: Froslass|72/100\n|-damage|p2b: Garchomp|0 fnt\n|faint|p2b: Garchomp\n|move|p2a: Froslass|Shadow Ball|p1b: Oliver\n|-supereffective|p1b: Oliver|1\n|-damage|p1b: Oliver|6/100\n|move|p1a: Sylveon|Hyper Beam|p2a: Froslass\n|-damage|p2a: Froslass|0 fnt\n|-mustrecharge|p1a: Sylveon\n|faint|p2a: Froslass\n|\n|-weather|Snowscape|[upkeep]\n|upkeep\n|\n|t:|1776672415\n|switch|p2b: Whimsicott|Whimsicott, L50, F, shiny|100/100\n|turn|4\n|\n|t:|1776672424\n|move|p1b: Oliver|Blizzard|p2b: Whimsicott\n|-supereffective|p2b: Whimsicott|1\n|-enditem|p2b: Whimsicott|Focus Sash\n|-damage|p2b: Whimsicott|1/100\n|move|p2b: Whimsicott|Moonblast|p1b: Oliver\n|-damage|p1b: Oliver|0 fnt\n|faint|p1b: Oliver\n|cant|p1a: Sylveon|recharge\n|\n|-weather|Snowscape|[upkeep]\n|upkeep\n|turn|5\n|\n|t:|1776672446\n|move|p2b: Whimsicott|Moonblast|p1a: Sylveon\n|-damage|p1a: Sylveon|69/100\n|move|p1a: Sylveon|Mystical Fire|p2b: Whimsicott\n|-supereffective|p2b: Whimsicott|1\n|-damage|p2b: Whimsicott|0 fnt\n|faint|p2b: Whimsicott\n|\n|win|Big Yahu Isreal\n|raw|Big Yahu Isreal's rating: 1115 &rarr; <strong>1138</strong><br />(+23 for winning)\n|raw|aakw0's rating: 1091 &rarr; <strong>1069</strong><br />(-22 for losing)\n|c|\u2606aakw0|scarfed ditto was crazy\n|c|\u2606Big Yahu Isreal|thanks for the frostlass\n|c|\u2606aakw0|LOL\n|c|\u2606aakw0|ihy\n|c|\u2606aakw0|T^T\n|c|\u2606Big Yahu Isreal|ditto is insane bailout\n|l|\u2606aakw0\n|player|p2|\n",
  "uploadtime": 1776672520,
  "views": 12,
  "formatid": "gen9championsvgc2026regma",
  "rating": 1069,
  "private": 0,
  "password": null
}