{
  "id": "gen9championsvgc2026regma-2581207498",
  "format": "[Gen 9 Champions] VGC 2026 Reg M-A",
  "players": [
    "SmallBoulder",
    "lolgz"
  ],
  "log": "|j|\u2606SmallBoulder\n|j|\u2606lolgz\n|t:|1775970852\n|gametype|doubles\n|player|p1|SmallBoulder|101|1160\n|player|p2|lolgz|170|1190\n|gen|9\n|tier|[Gen 9 Champions] VGC 2026 Reg M-A\n|rated|\n|rule|Species Clause: Limit one of each Pok\u00e9mon\n|rule|Item Clause: Limit 1 of each item\n|clearpoke\n|poke|p1|Floette-Eternal, L50, F|\n|poke|p1|Incineroar, L50, F|\n|poke|p1|Sinistcha, L50|\n|poke|p1|Rotom-Wash, L50|\n|poke|p1|Garchomp, L50, M|\n|poke|p1|Talonflame, L50, M|\n|poke|p2|Charizard, L50, F|\n|poke|p2|Whimsicott, L50, F|\n|poke|p2|Milotic, L50, F|\n|poke|p2|Sneasler, L50, F|\n|poke|p2|Floette-Eternal, L50, F|\n|poke|p2|Garchomp, L50, M|\n|teampreview|4\n|inactive|Battle timer is ON: inactive players will automatically lose when time's up. (requested by SmallBoulder)\n|\n|t:|1775970885\n|teamsize|p1|4\n|teamsize|p2|4\n|start\n|switch|p1a: Garchomp|Garchomp, L50, M|100/100\n|switch|p1b: Talonflame|Talonflame, L50, M|100/100\n|switch|p2a: Whimsicott|Whimsicott, L50, F|100/100\n|switch|p2b: Charizard|Charizard, L50, F|100/100\n|turn|1\n|\n|t:|1775970905\n|move|p2b: Charizard|Protect|p2b: Charizard\n|-singleturn|p2b: Charizard|Protect\n|move|p1b: Talonflame|Tailwind|p1b: Talonflame\n|-sidestart|p1: SmallBoulder|move: Tailwind\n|move|p2a: Whimsicott|Tailwind|p2a: Whimsicott\n|-sidestart|p2: lolgz|move: Tailwind\n|move|p1a: Garchomp|Stone Edge|p2b: Charizard\n|-activate|p2b: Charizard|move: Protect\n|\n|upkeep\n|turn|2\n|\n|t:|1775970925\n|switch|p1b: Incineroar|Incineroar, L50, F|100/100\n|-ability|p1b: Incineroar|Intimidate|boost\n|-unboost|p2a: Whimsicott|atk|1\n|-unboost|p2b: Charizard|atk|1\n|switch|p2b: Milotic|Milotic, L50, F|100/100\n|move|p2a: Whimsicott|Moonblast|p1a: Garchomp\n|-supereffective|p1a: Garchomp|1\n|-damage|p1a: Garchomp|16/100\n|move|p1a: Garchomp|Stone Edge|p2b: Milotic\n|-damage|p2b: Milotic|51/100\n|\n|upkeep\n|turn|3\n|inactive|SmallBoulder has 30 seconds left.\n|\n|t:|1775970951\n|switch|p1a: Floette|Floette-Eternal, L50, F|100/100\n|move|p1b: Incineroar|Fake Out|p2b: Milotic\n|-damage|p2b: Milotic|37/100\n|cant|p2b: Milotic|flinch\n|move|p2a: Whimsicott|Moonblast|p1a: Floette\n|-damage|p1a: Floette|72/100\n|\n|upkeep\n|turn|4\n|\n|t:|1775970969\n|detailschange|p1a: Floette|Floette-Mega, L50, F\n|-mega|p1a: Floette|Floette|Floettite\n|-ability|p1a: Floette|Fairy Aura\n|move|p2b: Milotic|Flip Turn|p1a: Floette\n|-damage|p1a: Floette|59/100\n|\n|t:|1775970981\n|switch|p2b: Sneasler|Sneasler, L50, F|100/100|[from] Flip Turn\n|move|p2a: Whimsicott|Moonblast|p1a: Floette\n|-damage|p1a: Floette|29/100\n|move|p1a: Floette|Calm Mind|p1a: Floette\n|-boost|p1a: Floette|spa|1\n|-boost|p1a: Floette|spd|1\n|move|p1b: Incineroar|Flare Blitz|p2a: Whimsicott\n|-supereffective|p2a: Whimsicott|1\n|-enditem|p2a: Whimsicott|Focus Sash\n|-damage|p2a: Whimsicott|1/100\n|-damage|p1b: Incineroar|78/100|[from] Recoil\n|\n|-sideend|p1: SmallBoulder|move: Tailwind\n|-sideend|p2: lolgz|move: Tailwind\n|upkeep\n|turn|5\n|inactive|SmallBoulder has 30 seconds left.\n|\n|t:|1775971010\n|switch|p1b: Garchomp|Garchomp, L50, M|16/100\n|move|p1a: Floette|Protect|p1a: Floette\n|-singleturn|p1a: Floette|Protect\n|move|p2a: Whimsicott|Tailwind|p2a: Whimsicott\n|-sidestart|p2: lolgz|move: Tailwind\n|move|p2b: Sneasler|Close Combat|p1b: Garchomp\n|-damage|p1b: Garchomp|0 fnt\n|-unboost|p2b: Sneasler|def|1\n|-unboost|p2b: Sneasler|spd|1\n|-damage|p2b: Sneasler|88/100|[from] ability: Rough Skin|[of] p1b: Garchomp\n|faint|p1b: Garchomp\n|-enditem|p2b: Sneasler|White Herb\n|-clearnegativeboost|p2b: Sneasler|[silent]\n|\n|upkeep\n|\n|t:|1775971027\n|switch|p1b: Talonflame|Talonflame, L50, M|100/100\n|turn|6\n|\n|t:|1775971046\n|switch|p1a: Incineroar|Incineroar, L50, F|78/100\n|-ability|p1a: Incineroar|Intimidate|boost\n|-unboost|p2a: Whimsicott|atk|1\n|-unboost|p2b: Sneasler|atk|1\n|move|p2a: Whimsicott|Encore|p1a: Incineroar\n|-hint|Since gen 7, Dark is immune to Prankster moves.\n|-immune|p1a: Incineroar\n|move|p1b: Talonflame|Acrobatics|p2b: Sneasler\n|-supereffective|p2b: Sneasler|1\n|-damage|p2b: Sneasler|0 fnt\n|faint|p2b: Sneasler\n|\n|upkeep\n|\n|t:|1775971050\n|switch|p2b: Milotic|Milotic, L50, F|37/100\n|turn|7\n|\n|t:|1775971074\n|move|p1a: Incineroar|Fake Out|p2b: Milotic\n|-damage|p2b: Milotic|22/100\n|move|p1b: Talonflame|Tailwind|p1b: Talonflame\n|-sidestart|p1: SmallBoulder|move: Tailwind\n|cant|p2b: Milotic|flinch\n|move|p2a: Whimsicott|Moonblast|p1b: Talonflame\n|-resisted|p1b: Talonflame|1\n|-damage|p1b: Talonflame|74/100\n|-unboost|p1b: Talonflame|spa|1\n|\n|upkeep\n|turn|8\n|\n|t:|1775971095\n|switch|p2a: Charizard|Charizard, L50, F|100/100\n|move|p2b: Milotic|Scald|p1a: Incineroar\n|-supereffective|p1a: Incineroar|1\n|-damage|p1a: Incineroar|31/100\n|move|p1b: Talonflame|Acrobatics|p2a: Charizard\n|-damage|p2a: Charizard|39/100\n|move|p1a: Incineroar|Throat Chop|p2b: Milotic\n|-damage|p2b: Milotic|0 fnt\n|faint|p2b: Milotic\n|\n|-sideend|p2: lolgz|move: Tailwind\n|upkeep\n|\n|t:|1775971103\n|switch|p2b: Whimsicott|Whimsicott, L50, F|1/100\n|turn|9\n|\n|t:|1775971116\n|detailschange|p2a: Charizard|Charizard-Mega-Y, L50, F\n|-mega|p2a: Charizard|Charizard|Charizardite Y\n|-weather|SunnyDay|[from] ability: Drought|[of] p2a: Charizard\n|move|p2b: Whimsicott|Tailwind|p2b: Whimsicott\n|-sidestart|p2: lolgz|move: Tailwind\n|move|p1b: Talonflame|Acrobatics|p2a: Charizard\n|-damage|p2a: Charizard|0 fnt\n|faint|p2a: Charizard\n|move|p1a: Incineroar|Throat Chop|p2b: Whimsicott\n|-resisted|p2b: Whimsicott|1\n|-damage|p2b: Whimsicott|0 fnt\n|faint|p2b: Whimsicott\n|\n|win|SmallBoulder\n|raw|SmallBoulder's rating: 1160 &rarr; <strong>1187</strong><br />(+27 for winning)\n|raw|lolgz's rating: 1190 &rarr; <strong>1163</strong><br />(-27 for losing)\n",
  "uploadtime": 1775971116,
  "views": 13,
  "formatid": "gen9championsvgc2026regma",
  "rating": 1163,
  "private": 0,
  "password": null
}