{
  "id": "gen9championsvgc2026regma-2581112142",
  "format": "[Gen 9 Champions] VGC 2026 Reg M-A",
  "players": [
    "prismene",
    "INCENEDORUS"
  ],
  "log": "|j|\u2606prismene\n|j|\u2606INCENEDORUS\n|t:|1775961002\n|gametype|doubles\n|player|p1|prismene|rosa|1255\n|player|p2|INCENEDORUS|gambler|1324\n|gen|9\n|tier|[Gen 9 Champions] VGC 2026 Reg M-A\n|rated|\n|rule|Species Clause: Limit one of each Pok\u00e9mon\n|rule|Item Clause: Limit 1 of each item\n|clearpoke\n|poke|p1|Primarina, L50, F|\n|poke|p1|Incineroar, L50, M|\n|poke|p1|Glimmora, L50, F|\n|poke|p1|Hydreigon, L50, F|\n|poke|p1|Farigiraf, L50, F|\n|poke|p1|Mamoswine, L50, F|\n|poke|p2|Charizard, L50, M|\n|poke|p2|Venusaur, L50, M|\n|poke|p2|Garchomp, L50, F|\n|poke|p2|Rotom-Wash, L50|\n|poke|p2|Sneasler, L50, F|\n|poke|p2|Incineroar, L50, M|\n|teampreview|4\n|inactive|Battle timer is ON: inactive players will automatically lose when time's up. (requested by prismene)\n|\n|t:|1775961031\n|teamsize|p1|4\n|teamsize|p2|4\n|start\n|switch|p1a: Hydreigon|Hydreigon, L50, F|100/100\n|switch|p1b: Incineroar|Incineroar, L50, M|100/100\n|switch|p2a: Charizard|Charizard, L50, M|100/100\n|switch|p2b: Venusaur|Venusaur, L50, M|100/100\n|-ability|p1b: Incineroar|Intimidate|boost\n|-unboost|p2a: Charizard|atk|1\n|-unboost|p2b: Venusaur|atk|1\n|turn|1\n|\n|t:|1775961049\n|move|p2a: Charizard|Protect|p2a: Charizard\n|-singleturn|p2a: Charizard|Protect\n|move|p2b: Venusaur|Protect|p2b: Venusaur\n|-singleturn|p2b: Venusaur|Protect\n|move|p1a: Hydreigon|Snarl|p2b: Venusaur|[spread] \n|-activate|p2a: Charizard|move: Protect\n|-activate|p2b: Venusaur|move: Protect\n|move|p1b: Incineroar|Parting Shot|p2a: Charizard\n|-activate|p2a: Charizard|move: Protect\n|\n|upkeep\n|turn|2\n|inactive|INCENEDORUS has 30 seconds left.\n|\n|t:|1775961082\n|switch|p2a: Sneasler|Sneasler, L50, F|100/100\n|move|p1a: Hydreigon|Snarl|p2b: Venusaur|[spread] p2a,p2b\n|-resisted|p2a: Sneasler|1\n|-damage|p2a: Sneasler|86/100\n|-damage|p2b: Venusaur|79/100\n|-unboost|p2a: Sneasler|spa|1\n|-unboost|p2b: Venusaur|spa|1\n|-enditem|p2a: Sneasler|White Herb\n|-clearnegativeboost|p2a: Sneasler|[silent]\n|move|p2b: Venusaur|Sleep Powder|p1a: Hydreigon\n|-status|p1a: Hydreigon|slp|[from] move: Sleep Powder\n|move|p1b: Incineroar|Flare Blitz|p2b: Venusaur\n|-supereffective|p2b: Venusaur|1\n|-damage|p2b: Venusaur|0 fnt\n|faint|p2b: Venusaur\n|-damage|p1b: Incineroar|81/100|[from] Recoil\n|\n|upkeep\n|\n|t:|1775961101\n|switch|p2b: Garchomp|Garchomp, L50, F|100/100\n|turn|3\n|\n|t:|1775961120\n|switch|p1b: Farigiraf|Farigiraf, L50, F|100/100\n|move|p2a: Sneasler|Close Combat|p1b: Farigiraf\n|-damage|p1b: Farigiraf|55/100\n|-unboost|p2a: Sneasler|def|1\n|-unboost|p2a: Sneasler|spd|1\n|cant|p1a: Hydreigon|slp\n|move|p2b: Garchomp|Dragon Claw|p1a: Hydreigon\n|-supereffective|p1a: Hydreigon|1\n|-damage|p1a: Hydreigon|0 fnt\n|faint|p1a: Hydreigon\n|\n|upkeep\n|\n|t:|1775961132\n|switch|p1a: Incineroar|Incineroar, L50, M|81/100\n|-ability|p1a: Incineroar|Intimidate|boost\n|-unboost|p2a: Sneasler|atk|1\n|-unboost|p2b: Garchomp|atk|1\n|turn|4\n|\n|t:|1775961151\n|switch|p2a: Charizard|Charizard, L50, M|100/100\n|move|p1a: Incineroar|Fake Out|p2a: Charizard\n|-damage|p2a: Charizard|86/100\n|move|p2b: Garchomp|Dragon Claw|p1b: Farigiraf\n|-damage|p1b: Farigiraf|33/100\n|-enditem|p1b: Farigiraf|Sitrus Berry|[eat]\n|-heal|p1b: Farigiraf|57/100|[from] item: Sitrus Berry\n|move|p1b: Farigiraf|Trick Room|p1b: Farigiraf\n|-fieldstart|move: Trick Room|[of] p1b: Farigiraf\n|\n|upkeep\n|turn|5\n|\n|t:|1775961169\n|switch|p2b: Sneasler|Sneasler, L50, F|86/100\n|detailschange|p2a: Charizard|Charizard-Mega-Y, L50, M\n|-mega|p2a: Charizard|Charizard|Charizardite Y\n|-weather|SunnyDay|[from] ability: Drought|[of] p2a: Charizard\n|move|p1b: Farigiraf|Twin Beam|p2a: Charizard\n|-damage|p2a: Charizard|70/100\n|-damage|p2a: Charizard|54/100\n|-hitcount|p2a: Charizard|2\n|move|p1a: Incineroar|Will-O-Wisp|p2b: Sneasler|[miss]\n|-miss|p1a: Incineroar|p2b: Sneasler\n|move|p2a: Charizard|Heat Wave|p1a: Incineroar|[spread] p1a,p1b\n|-resisted|p1a: Incineroar|1\n|-damage|p1a: Incineroar|56/100\n|-damage|p1b: Farigiraf|0 fnt\n|faint|p1b: Farigiraf\n|\n|-weather|SunnyDay|[upkeep]\n|upkeep\n|\n|t:|1775961183\n|switch|p1b: Mamoswine|Mamoswine, L50, F|100/100\n|turn|6\n|\n|t:|1775961198\n|move|p1b: Mamoswine|Protect|p1b: Mamoswine\n|-singleturn|p1b: Mamoswine|Protect\n|move|p2b: Sneasler|Fake Out|p1b: Mamoswine\n|-activate|p1b: Mamoswine|move: Protect\n|move|p1a: Incineroar|Flare Blitz|p2b: Sneasler\n|-damage|p2b: Sneasler|0 fnt\n|faint|p2b: Sneasler\n|-damage|p1a: Incineroar|35/100|[from] Recoil\n|move|p2a: Charizard|Weather Ball|p1b: Mamoswine\n|-activate|p1b: Mamoswine|move: Protect\n|\n|-weather|SunnyDay|[upkeep]\n|upkeep\n|\n|t:|1775961201\n|switch|p2b: Garchomp|Garchomp, L50, F|100/100\n|turn|7\n|\n|t:|1775961212\n|move|p1a: Incineroar|Will-O-Wisp|p2b: Garchomp\n|-status|p2b: Garchomp|brn\n|move|p1b: Mamoswine|Icicle Crash|p2a: Charizard\n|-damage|p2a: Charizard|0 fnt\n|faint|p2a: Charizard\n|move|p2b: Garchomp|Earthquake|p1b: Mamoswine|[spread] p1a,p1b\n|-supereffective|p1a: Incineroar|1\n|-damage|p1a: Incineroar|1/100\n|-damage|p1b: Mamoswine|78/100\n|\n|-weather|SunnyDay|[upkeep]\n|-damage|p2b: Garchomp|95/100 brn|[from] brn\n|upkeep\n|turn|8\n|-message|INCENEDORUS forfeited.\n|\n|win|prismene\n|raw|prismene's rating: 1255 &rarr; <strong>1285</strong><br />(+30 for winning)\n|raw|INCENEDORUS's rating: 1324 &rarr; <strong>1300</strong><br />(-24 for losing)\n|l|\u2606INCENEDORUS\n|player|p2|\n|l|\u2606prismene\n|player|p1|\n",
  "uploadtime": 1775961304,
  "views": 31,
  "formatid": "gen9championsvgc2026regma",
  "rating": 1285,
  "private": 0,
  "password": null
}