{
  "id": "gen9championsvgc2026regma-2588368484",
  "format": "[Gen 9 Champions] VGC 2026 Reg M-A",
  "players": [
    "j4ce",
    "KUTF1"
  ],
  "log": "|j|\u2606j4ce\n|j|\u2606KUTF1\n|t:|1776627727\n|gametype|doubles\n|player|p1|j4ce|2|1341\n|player|p2|KUTF1|pokemonrangerf|1422\n|gen|9\n|tier|[Gen 9 Champions] VGC 2026 Reg M-A\n|rated|\n|rule|Species Clause: Limit one of each Pok\u00e9mon\n|rule|Item Clause: Limit 1 of each item\n|clearpoke\n|poke|p1|Incineroar, L50, M|\n|poke|p1|Sinistcha, L50|\n|poke|p1|Corviknight, L50, M|\n|poke|p1|Garchomp, L50, F|\n|poke|p1|Rotom-Wash, L50|\n|poke|p1|Floette-Eternal, L50, F|\n|poke|p2|Delphox, L50, M|\n|poke|p2|Garchomp, L50, F|\n|poke|p2|Whimsicott, L50, F|\n|poke|p2|Incineroar, L50, M|\n|poke|p2|Venusaur, L50, M|\n|poke|p2|Orthworm, L50, M|\n|teampreview|4\n|inactive|Battle timer is ON: inactive players will automatically lose when time's up. (requested by KUTF1)\n|inactive|j4ce has 60 seconds left.\n|\n|t:|1776627758\n|teamsize|p1|4\n|teamsize|p2|4\n|start\n|switch|p1a: Rotom|Rotom-Wash, L50|100/100\n|switch|p1b: Incineroar|Incineroar, L50, M|100/100\n|switch|p2a: Orthworm|Orthworm, L50, M|100/100\n|switch|p2b: Garchomp|Garchomp, L50, F|100/100\n|-ability|p1b: Incineroar|Intimidate|boost\n|-unboost|p2a: Orthworm|atk|1\n|-unboost|p2b: Garchomp|atk|1\n|-enditem|p2b: Garchomp|White Herb\n|-clearnegativeboost|p2b: Garchomp|[silent]\n|turn|1\n|inactive|j4ce has 30 seconds left.\n|\n|t:|1776627783\n|move|p1b: Incineroar|Fake Out|p2b: Garchomp\n|-damage|p2b: Garchomp|87/100\n|-damage|p1b: Incineroar|88/100|[from] ability: Rough Skin|[of] p2b: Garchomp\n|cant|p2b: Garchomp|flinch\n|move|p1a: Rotom|Hydro Pump|p2a: Orthworm\n|-damage|p2a: Orthworm|12/100\n|-enditem|p2a: Orthworm|Sitrus Berry|[eat]\n|-heal|p2a: Orthworm|37/100|[from] item: Sitrus Berry\n|move|p2a: Orthworm|Shed Tail|p2a: Orthworm\n|-fail|p2a: Orthworm|move: Shed Tail|[weak]\n|\n|upkeep\n|turn|2\n|inactive|j4ce has 30 seconds left.\n|inactive|j4ce has 20 seconds left.\n|inactive|j4ce has 15 seconds left.\n|\n|t:|1776627824\n|switch|p1b: Garchomp|Garchomp, L50, F|100/100\n|move|p2b: Garchomp|Earthquake|p1b: Garchomp|[spread] p1b\n|-heal|p2a: Orthworm|62/100|[from] ability: Earth Eater|[of] p2b: Garchomp\n|-immune|p1a: Rotom|[from] ability: Levitate\n|-damage|p1b: Garchomp|58/100\n|move|p1a: Rotom|Volt Switch|p2a: Orthworm\n|-damage|p2a: Orthworm|1/100\n|\n|t:|1776627839\n|switch|p1a: Incineroar|Incineroar, L50, M|88/100|[from] Volt Switch\n|-ability|p1a: Incineroar|Intimidate|boost\n|-unboost|p2a: Orthworm|atk|1\n|-unboost|p2b: Garchomp|atk|1\n|move|p2a: Orthworm|Shed Tail|p2a: Orthworm\n|-fail|p2a: Orthworm|move: Shed Tail|[weak]\n|\n|upkeep\n|turn|3\n|inactive|j4ce has 30 seconds left.\n|\n|t:|1776627869\n|switch|p2b: Whimsicott|Whimsicott, L50, F|100/100\n|move|p1a: Incineroar|Fake Out|p2b: Whimsicott\n|-damage|p2b: Whimsicott|85/100\n|move|p1b: Garchomp|Dragon Claw|p2b: Whimsicott\n|-immune|p2b: Whimsicott\n|move|p2a: Orthworm|Body Press|p1a: Incineroar\n|-supereffective|p1a: Incineroar|1\n|-enditem|p1a: Incineroar|Chople Berry|[eat]\n|-enditem|p1a: Incineroar|Chople Berry|[weaken]\n|-damage|p1a: Incineroar|53/100\n|\n|upkeep\n|turn|4\n|inactive|j4ce has 30 seconds left.\n|inactive|j4ce has 20 seconds left.\n|inactive|j4ce has 15 seconds left.\n|\n|t:|1776627911\n|move|p1b: Garchomp|Protect|p1b: Garchomp\n|-singleturn|p1b: Garchomp|Protect\n|move|p2b: Whimsicott|Tailwind|p2b: Whimsicott\n|-sidestart|p2: KUTF1|move: Tailwind\n|move|p2a: Orthworm|Body Press|p1a: Incineroar\n|-supereffective|p1a: Incineroar|1\n|-damage|p1a: Incineroar|0 fnt\n|faint|p1a: Incineroar\n|\n|upkeep\n|\n|t:|1776627923\n|switch|p1a: Rotom|Rotom-Wash, L50|100/100\n|turn|5\n|inactive|j4ce has 30 seconds left.\n|inactive|j4ce has 20 seconds left.\n|inactive|j4ce has 15 seconds left.\n|inactive|j4ce has 10 seconds left.\n|\n|t:|1776627970\n|move|p2b: Whimsicott|Sunny Day|p2b: Whimsicott\n|-weather|SunnyDay\n|move|p2a: Orthworm|Body Press|p1a: Rotom\n|-damage|p1a: Rotom|61/100\n|move|p1b: Garchomp|Stomping Tantrum|p2b: Whimsicott\n|-resisted|p2b: Whimsicott|1\n|-damage|p2b: Whimsicott|62/100\n|move|p1a: Rotom|Volt Switch|p2a: Orthworm\n|-damage|p2a: Orthworm|0 fnt\n|faint|p2a: Orthworm\n|\n|t:|1776627978\n|switch|p1a: Floette|Floette-Eternal, L50, F|100/100|[from] Volt Switch\n|\n|-weather|SunnyDay|[upkeep]\n|upkeep\n|\n|t:|1776627980\n|switch|p2a: Delphox|Delphox, L50, M|100/100\n|turn|6\n|\n|t:|1776627991\n|detailschange|p2a: Delphox|Delphox-Mega, L50, M\n|-mega|p2a: Delphox|Delphox|Delphoxite\n|detailschange|p1a: Floette|Floette-Mega, L50, F\n|-mega|p1a: Floette|Floette|Floettite\n|-ability|p1a: Floette|Fairy Aura\n|move|p1a: Floette|Protect|p1a: Floette\n|-singleturn|p1a: Floette|Protect\n|move|p2a: Delphox|Nasty Plot|p2a: Delphox\n|-boost|p2a: Delphox|spa|2\n|move|p2b: Whimsicott|Moonblast|p1b: Garchomp\n|-supereffective|p1b: Garchomp|1\n|-damage|p1b: Garchomp|0 fnt\n|faint|p1b: Garchomp\n|\n|-weather|SunnyDay|[upkeep]\n|upkeep\n|\n|t:|1776628002\n|switch|p1b: Rotom|Rotom-Wash, L50|61/100\n|turn|7\n|\n|t:|1776628015\n|move|p2a: Delphox|Heat Wave|p1b: Rotom|[spread] p1a,p1b\n|-resisted|p1b: Rotom|1\n|-damage|p1a: Floette|8/100\n|-damage|p1b: Rotom|0 fnt\n|faint|p1b: Rotom\n|move|p2b: Whimsicott|Moonblast|p1a: Floette\n|-damage|p1a: Floette|0 fnt\n|faint|p1a: Floette\n|\n|win|KUTF1\n|raw|j4ce's rating: 1341 &rarr; <strong>1326</strong><br />(-15 for losing)\n|raw|KUTF1's rating: 1422 &rarr; <strong>1437</strong><br />(+15 for winning)\n|l|\u2606j4ce\n|player|p1|\n",
  "uploadtime": 1776628020,
  "views": 15,
  "formatid": "gen9championsvgc2026regma",
  "rating": 1326,
  "private": 0,
  "password": null
}