{
  "id": "gen9championsvgc2026regma-2586918052",
  "format": "[Gen 9 Champions] VGC 2026 Reg M-A",
  "players": [
    "NovaGuy",
    "OneDrag7"
  ],
  "log": "|j|\u2606NovaGuy\n|j|\u2606OneDrag7\n|t:|1776471682\n|gametype|doubles\n|player|p1|NovaGuy|ethan|1088\n|player|p2|OneDrag7|1|1000\n|gen|9\n|tier|[Gen 9 Champions] VGC 2026 Reg M-A\n|rated|\n|rule|Species Clause: Limit one of each Pok\u00e9mon\n|rule|Item Clause: Limit 1 of each item\n|clearpoke\n|poke|p1|Charizard, L50, F|\n|poke|p1|Venusaur, L50, M|\n|poke|p1|Whimsicott, L50, M|\n|poke|p1|Milotic, L50, F|\n|poke|p1|Aegislash, L50, M|\n|poke|p1|Incineroar, L50, F|\n|poke|p2|Aegislash, L50, M|\n|poke|p2|Talonflame, L50, F|\n|poke|p2|Floette-Eternal, L50, F|\n|poke|p2|Incineroar, L50, M|\n|poke|p2|Rotom-Wash, L50|\n|poke|p2|Garchomp, L50, M|\n|teampreview|4\n|\n|t:|1776471727\n|teamsize|p1|4\n|teamsize|p2|4\n|start\n|switch|p1a: Whimsicott|Whimsicott, L50, M|100/100\n|switch|p1b: Incineroar|Incineroar, L50, F|100/100\n|switch|p2a: Floette|Floette-Eternal, L50, F|100/100\n|switch|p2b: Talonflame|Talonflame, L50, F|100/100\n|-ability|p1b: Incineroar|Intimidate|boost\n|-unboost|p2a: Floette|atk|1\n|-unboost|p2b: Talonflame|atk|1\n|turn|1\n|\n|t:|1776471747\n|switch|p2a: Rotom|Rotom-Wash, L50|100/100\n|move|p1b: Incineroar|Fake Out|p2b: Talonflame\n|-damage|p2b: Talonflame|85/100\n|move|p1a: Whimsicott|Tailwind|p1a: Whimsicott\n|-sidestart|p1: NovaGuy|move: Tailwind\n|cant|p2b: Talonflame|flinch\n|\n|upkeep\n|turn|2\n|\n|t:|1776471774\n|move|p1a: Whimsicott|Moonblast|p2a: Rotom\n|-damage|p2a: Rotom|58/100\n|-unboost|p2a: Rotom|spa|1\n|move|p2b: Talonflame|Acrobatics|p1a: Whimsicott\n|-supereffective|p1a: Whimsicott|1\n|-damage|p1a: Whimsicott|20/100\n|move|p1b: Incineroar|Parting Shot|p2a: Rotom\n|-unboost|p2a: Rotom|atk|1\n|-unboost|p2a: Rotom|spa|1\n|\n|t:|1776471791\n|switch|p1b: Charizard|Charizard, L50, F|100/100|[from] Parting Shot\n|move|p2a: Rotom|Hydro Pump|p1b: Charizard\n|-supereffective|p1b: Charizard|1\n|-damage|p1b: Charizard|58/100\n|\n|upkeep\n|turn|3\n|\n|t:|1776471820\n|switch|p1a: Incineroar|Incineroar, L50, F|100/100\n|-ability|p1a: Incineroar|Intimidate|boost\n|-unboost|p2a: Rotom|atk|1\n|-unboost|p2b: Talonflame|atk|1\n|switch|p2a: Floette|Floette-Eternal, L50, F|100/100\n|detailschange|p1b: Charizard|Charizard-Mega-X, L50, F\n|-mega|p1b: Charizard|Charizard|Charizardite X\n|move|p1b: Charizard|Dragon Claw|p2a: Floette\n|-immune|p2a: Floette\n|move|p2b: Talonflame|Tailwind|p2b: Talonflame\n|-sidestart|p2: OneDrag7|move: Tailwind\n|\n|upkeep\n|turn|4\n|\n|t:|1776471845\n|switch|p2b: Incineroar|Incineroar, L50, M|100/100\n|-ability|p2b: Incineroar|Intimidate|boost\n|-unboost|p1a: Incineroar|atk|1\n|-unboost|p1b: Charizard|atk|1\n|detailschange|p2a: Floette|Floette-Mega, L50, F\n|-mega|p2a: Floette|Floette|Floettite\n|-ability|p2a: Floette|Fairy Aura\n|move|p1a: Incineroar|Fake Out|p2a: Floette\n|-damage|p2a: Floette|94/100\n|move|p1b: Charizard|Dragon Dance|p1b: Charizard\n|-boost|p1b: Charizard|atk|1\n|-boost|p1b: Charizard|spe|1\n|cant|p2a: Floette|flinch\n|\n|-sideend|p1: NovaGuy|move: Tailwind\n|upkeep\n|turn|5\n|\n|t:|1776471876\n|move|p1b: Charizard|Protect|p1b: Charizard\n|-singleturn|p1b: Charizard|Protect\n|move|p2b: Incineroar|Fake Out|p1b: Charizard\n|-activate|p1b: Charizard|move: Protect\n|move|p2a: Floette|Dazzling Gleam|p1a: Incineroar|[spread] p1a\n|-activate|p1b: Charizard|move: Protect\n|-damage|p1a: Incineroar|64/100\n|move|p1a: Incineroar|Taunt|p2b: Incineroar\n|-start|p2b: Incineroar|move: Taunt\n|\n|upkeep\n|turn|6\n|\n|t:|1776471905\n|switch|p1b: Aegislash|Aegislash, L50, M|100/100\n|switch|p2b: Talonflame|Talonflame, L50, F|85/100\n|move|p2a: Floette|Dazzling Gleam|p1a: Incineroar|[spread] p1a,p1b\n|-resisted|p1b: Aegislash|1\n|-damage|p1a: Incineroar|26/100\n|-damage|p1b: Aegislash|81/100\n|-enditem|p1a: Incineroar|Sitrus Berry|[eat]\n|-heal|p1a: Incineroar|51/100|[from] item: Sitrus Berry\n|move|p1a: Incineroar|Parting Shot|p2a: Floette\n|-unboost|p2a: Floette|atk|1\n|-unboost|p2a: Floette|spa|1\n|\n|t:|1776471921\n|switch|p1a: Whimsicott|Whimsicott, L50, M|20/100|[from] Parting Shot\n|\n|-sideend|p2: OneDrag7|move: Tailwind\n|upkeep\n|turn|7\n|\n|t:|1776471933\n|move|p2a: Floette|Protect|p2a: Floette\n|-singleturn|p2a: Floette|Protect\n|move|p1a: Whimsicott|Tailwind|p1a: Whimsicott\n|-sidestart|p1: NovaGuy|move: Tailwind\n|move|p2b: Talonflame|Tailwind|p2b: Talonflame\n|-sidestart|p2: OneDrag7|move: Tailwind\n|move|p1b: Aegislash|Swords Dance|p1b: Aegislash\n|-boost|p1b: Aegislash|atk|2\n|\n|upkeep\n|turn|8\n|\n|t:|1776471954\n|switch|p2a: Rotom|Rotom-Wash, L50|58/100\n|move|p1a: Whimsicott|Encore|p2b: Talonflame\n|-start|p2b: Talonflame|Encore\n|move|p2b: Talonflame|Tailwind||[still]\n|-fail|p2b: Talonflame\n|-formechange|p1b: Aegislash|Aegislash-Blade|\n|move|p1b: Aegislash|Iron Head|p2a: Rotom\n|-resisted|p2a: Rotom|2\n|-damage|p2a: Rotom|35/100\n|-enditem|p2a: Rotom|Sitrus Berry|[eat]\n|-heal|p2a: Rotom|60/100|[from] item: Sitrus Berry\n|-heal|p1b: Aegislash|83/100|[from] item: Shell Bell|[of] p2a: Rotom\n|\n|upkeep\n|turn|9\n|\n|t:|1776471979\n|switch|p2b: Incineroar|Incineroar, L50, M|100/100\n|-ability|p2b: Incineroar|Intimidate|boost\n|-unboost|p1a: Whimsicott|atk|1\n|-unboost|p1b: Aegislash|atk|1\n|move|p1a: Whimsicott|Endeavor|p2a: Rotom\n|-damage|p2a: Rotom|18/100\n|move|p2a: Rotom|Will-O-Wisp|p1b: Aegislash\n|-status|p1b: Aegislash|brn\n|move|p1b: Aegislash|Psycho Cut|p2a: Rotom\n|-damage|p2a: Rotom|0 fnt\n|faint|p2a: Rotom\n|-heal|p1b: Aegislash|85/100 brn|[from] item: Shell Bell|[of] p2: Rotom\n|\n|-damage|p1b: Aegislash|79/100 brn|[from] brn\n|upkeep\n|\n|t:|1776471999\n|switch|p2a: Floette|Floette-Mega, L50, F|94/100\n|-ability|p2a: Floette|Fairy Aura\n|turn|10\n|\n|t:|1776472016\n|switch|p1a: Incineroar|Incineroar, L50, F|51/100\n|-ability|p1a: Incineroar|Intimidate|boost\n|-unboost|p2a: Floette|atk|1\n|-unboost|p2b: Incineroar|atk|1\n|-formechange|p1b: Aegislash|Aegislash|\n|move|p1b: Aegislash|King's Shield|p1b: Aegislash\n|-singleturn|p1b: Aegislash|Protect\n|move|p2a: Floette|Dazzling Gleam|p1b: Aegislash|[spread] p1a\n|-activate|p1b: Aegislash|move: Protect\n|-damage|p1a: Incineroar|13/100\n|move|p2b: Incineroar|Flare Blitz|p1b: Aegislash\n|-activate|p1b: Aegislash|move: Protect\n|-unboost|p2b: Incineroar|atk|1\n|\n|-damage|p1b: Aegislash|73/100 brn|[from] brn\n|-sideend|p1: NovaGuy|move: Tailwind\n|-sideend|p2: OneDrag7|move: Tailwind\n|upkeep\n|turn|11\n|\n|t:|1776472048\n|move|p1a: Incineroar|Fake Out|p2a: Floette\n|-damage|p2a: Floette|85/100\n|cant|p2a: Floette|flinch\n|move|p1b: Aegislash|Swords Dance|p1b: Aegislash\n|-boost|p1b: Aegislash|atk|2\n|move|p2b: Incineroar|Parting Shot|p1b: Aegislash\n|-unboost|p1b: Aegislash|atk|1\n|-unboost|p1b: Aegislash|spa|1\n|\n|t:|1776472057\n|switch|p2b: Talonflame|Talonflame, L50, F|85/100|[from] Parting Shot\n|\n|-damage|p1b: Aegislash|67/100 brn|[from] brn\n|upkeep\n|turn|12\n|\n|t:|1776472076\n|move|p2b: Talonflame|Tailwind|p2b: Talonflame\n|-sidestart|p2: OneDrag7|move: Tailwind\n|move|p2a: Floette|Calm Mind|p2a: Floette\n|-boost|p2a: Floette|spa|1\n|-boost|p2a: Floette|spd|1\n|move|p1a: Incineroar|Throat Chop|p2a: Floette\n|-resisted|p2a: Floette|1\n|-damage|p2a: Floette|72/100\n|-start|p2a: Floette|Throat Chop|[silent]\n|-formechange|p1b: Aegislash|Aegislash-Blade|\n|move|p1b: Aegislash|Iron Head|p2a: Floette\n|-supereffective|p2a: Floette|1\n|-damage|p2a: Floette|0 fnt\n|faint|p2a: Floette\n|-heal|p1b: Aegislash|77/100 brn|[from] item: Shell Bell|[of] p2: Floette\n|\n|-damage|p1b: Aegislash|71/100 brn|[from] brn\n|upkeep\n|\n|t:|1776472090\n|switch|p2a: Incineroar|Incineroar, L50, M|100/100\n|-ability|p2a: Incineroar|Intimidate|boost\n|-unboost|p1a: Incineroar|atk|1\n|-unboost|p1b: Aegislash|atk|1\n|turn|13\n|\n|t:|1776472112\n|-formechange|p1b: Aegislash|Aegislash|\n|move|p1b: Aegislash|King's Shield|p1b: Aegislash\n|-singleturn|p1b: Aegislash|Protect\n|move|p2a: Incineroar|Fake Out|p1a: Incineroar\n|-crit|p1a: Incineroar\n|-damage|p1a: Incineroar|0 fnt\n|faint|p1a: Incineroar\n|move|p2b: Talonflame|Acrobatics|p1b: Aegislash\n|-activate|p1b: Aegislash|move: Protect\n|-unboost|p2b: Talonflame|atk|1\n|\n|-damage|p1b: Aegislash|65/100 brn|[from] brn\n|upkeep\n|\n|t:|1776472128\n|switch|p1a: Whimsicott|Whimsicott, L50, M|20/100\n|turn|14\n|\n|t:|1776472147\n|move|p1a: Whimsicott|Tailwind|p1a: Whimsicott\n|-sidestart|p1: NovaGuy|move: Tailwind\n|move|p2b: Talonflame|Acrobatics|p1a: Whimsicott\n|-supereffective|p1a: Whimsicott|1\n|-damage|p1a: Whimsicott|0 fnt\n|faint|p1a: Whimsicott\n|-formechange|p1b: Aegislash|Aegislash-Blade|\n|move|p1b: Aegislash|Psycho Cut|p2b: Talonflame\n|-damage|p2b: Talonflame|53/100\n|-heal|p1b: Aegislash|68/100 brn|[from] item: Shell Bell|[of] p2b: Talonflame\n|move|p2a: Incineroar|Flare Blitz|p1b: Aegislash\n|-supereffective|p1b: Aegislash|1\n|-damage|p1b: Aegislash|0 fnt\n|faint|p1b: Aegislash\n|-damage|p2a: Incineroar|82/100|[from] Recoil\n|\n|-heal|p2a: Incineroar|88/100|[from] item: Leftovers\n|upkeep\n|inactive|Battle timer is ON: inactive players will automatically lose when time's up. (requested by OneDrag7)\n|\n|t:|1776472197\n|switch|p1b: Charizard|Charizard-Mega-X, L50, F|58/100\n|turn|15\n|\n|t:|1776472207\n|move|p2b: Talonflame|Acrobatics|p1b: Charizard\n|-damage|p1b: Charizard|36/100\n|move|p1b: Charizard|Dragon Claw|p2b: Talonflame\n|-damage|p2b: Talonflame|0 fnt\n|faint|p2b: Talonflame\n|move|p2a: Incineroar|Darkest Lariat|p1b: Charizard\n|-crit|p1b: Charizard\n|-damage|p1b: Charizard|0 fnt\n|faint|p1b: Charizard\n|\n|win|OneDrag7\n|raw|NovaGuy's rating: 1088 &rarr; <strong>1059</strong><br />(-29 for losing)\n|raw|OneDrag7's rating: 1000 &rarr; <strong>1050</strong><br />(+50 for winning)\n|c|\u2606OneDrag7|gg\n",
  "uploadtime": 1776472220,
  "views": 18,
  "formatid": "gen9championsvgc2026regma",
  "rating": 1050,
  "private": 0,
  "password": null
}