{
  "id": "gen9championsvgc2026regma-2586660348",
  "format": "[Gen 9 Champions] VGC 2026 Reg M-A",
  "players": [
    "perona 33",
    "callmehavoc"
  ],
  "log": "|j|\u2606perona 33\n|j|\u2606callmehavoc\n|t:|1776450122\n|gametype|doubles\n|player|p1|perona 33|steven|1144\n|player|p2|callmehavoc|bugcatcher-gen4dp|1106\n|gen|9\n|tier|[Gen 9 Champions] VGC 2026 Reg M-A\n|rated|\n|rule|Species Clause: Limit one of each Pok\u00e9mon\n|rule|Item Clause: Limit 1 of each item\n|clearpoke\n|poke|p1|Sylveon, L50, F|\n|poke|p1|Arcanine, L50, F|\n|poke|p1|Basculegion, L50, M|\n|poke|p1|Tyranitar, L50, M|\n|poke|p1|Starmie, L50|\n|poke|p1|Oranguru, L50, M|\n|poke|p2|Blastoise, L50, F|\n|poke|p2|Incineroar, L50, F|\n|poke|p2|Garchomp, L50, M|\n|poke|p2|Froslass, L50, F|\n|poke|p2|Orthworm, L50, F|\n|poke|p2|Sneasler, L50, F|\n|teampreview|4\n|\n|t:|1776450171\n|teamsize|p1|4\n|teamsize|p2|4\n|start\n|switch|p1a: Arcanine|Arcanine, L50, F|100/100\n|switch|p1b: Oranguru|Oranguru, L50, M|100/100\n|switch|p2a: Orthworm|Orthworm, L50, F|100/100\n|switch|p2b: Garchomp|Garchomp, L50, M|100/100\n|-ability|p1a: Arcanine|Intimidate|boost\n|-unboost|p2a: Orthworm|atk|1\n|-unboost|p2b: Garchomp|atk|1\n|turn|1\n|\n|t:|1776450194\n|move|p1a: Arcanine|Protect|p1a: Arcanine\n|-singleturn|p1a: Arcanine|Protect\n|move|p2b: Garchomp|Earthquake|p1b: Oranguru|[spread] p1b\n|-activate|p1a: Arcanine|move: Protect\n|-immune|p2a: Orthworm|[from] ability: Earth Eater\n|-damage|p1b: Oranguru|76/100\n|move|p2a: Orthworm|Shed Tail|p2a: Orthworm\n|-start|p2a: Orthworm|Substitute|[from] move: Shed Tail\n|-damage|p2a: Orthworm|50/100\n|\n|t:|1776450205\n|switch|p2a: Blastoise|Blastoise, L50, F|100/100|[from] Shed Tail\n|move|p1b: Oranguru|Trick Room|p1b: Oranguru\n|-fieldstart|move: Trick Room|[of] p1b: Oranguru\n|\n|upkeep\n|turn|2\n|\n|t:|1776450232\n|switch|p2b: Incineroar|Incineroar, L50, F|100/100\n|-ability|p2b: Incineroar|Intimidate|boost\n|-unboost|p1a: Arcanine|atk|1\n|-fail|p1b: Oranguru|unboost|Attack|[from] ability: Inner Focus|[of] p1b: Oranguru\n|detailschange|p2a: Blastoise|Blastoise-Mega, L50, F\n|-mega|p2a: Blastoise|Blastoise|Blastoisinite\n|move|p1b: Oranguru|Instruct|p1a: Arcanine\n|-singleturn|p1a: Arcanine|move: Instruct|[of] p1b: Oranguru\n|move|p1a: Arcanine|Protect|p1a: Arcanine\n|-singleturn|p1a: Arcanine|Protect\n|move|p2a: Blastoise|Shell Smash|p2a: Blastoise\n|-unboost|p2a: Blastoise|def|1\n|-unboost|p2a: Blastoise|spd|1\n|-boost|p2a: Blastoise|atk|2\n|-boost|p2a: Blastoise|spa|2\n|-boost|p2a: Blastoise|spe|2\n|move|p1a: Arcanine|Wild Charge|p2a: Blastoise\n|-supereffective|p2a: Blastoise|1\n|-end|p2a: Blastoise|Substitute\n|-damage|p1a: Arcanine|95/100|[from] Recoil|[of] p2a: Blastoise\n|\n|upkeep\n|turn|3\n|\n|t:|1776450260\n|move|p2b: Incineroar|Fake Out|p1a: Arcanine\n|-damage|p1a: Arcanine|84/100\n|move|p1b: Oranguru|Instruct|p1a: Arcanine\n|-singleturn|p1a: Arcanine|move: Instruct|[of] p1b: Oranguru\n|cant|p1a: Arcanine|flinch\n|cant|p1a: Arcanine|flinch\n|move|p2a: Blastoise|Water Spout|p1b: Oranguru|[spread] p1a,p1b\n|-supereffective|p1a: Arcanine|1\n|-damage|p1a: Arcanine|0 fnt\n|-damage|p1b: Oranguru|0 fnt\n|faint|p1a: Arcanine\n|faint|p1b: Oranguru\n|\n|upkeep\n|\n|t:|1776450278\n|switch|p1b: Basculegion|Basculegion, L50, M|100/100\n|switch|p1a: Sylveon|Sylveon, L50, F, shiny|100/100\n|turn|4\n|\n|t:|1776450308\n|move|p1a: Sylveon|Calm Mind|p1a: Sylveon\n|-boost|p1a: Sylveon|spa|1\n|-boost|p1a: Sylveon|spd|1\n|move|p2b: Incineroar|Darkest Lariat|p1b: Basculegion\n|-supereffective|p1b: Basculegion|1\n|-damage|p1b: Basculegion|28/100\n|move|p1b: Basculegion|Last Respects|p2a: Blastoise\n|-damage|p2a: Blastoise|0 fnt\n|faint|p2a: Blastoise\n|\n|upkeep\n|\n|t:|1776450324\n|switch|p2a: Orthworm|Orthworm, L50, F|50/100\n|turn|5\n|\n|t:|1776450353\n|move|p1a: Sylveon|Protect|p1a: Sylveon\n|-singleturn|p1a: Sylveon|Protect\n|move|p2b: Incineroar|Parting Shot|p1a: Sylveon\n|-activate|p1a: Sylveon|move: Protect\n|move|p2a: Orthworm|Iron Defense|p2a: Orthworm\n|-boost|p2a: Orthworm|def|2\n|move|p1b: Basculegion|Flip Turn|p2b: Incineroar\n|-supereffective|p2b: Incineroar|1\n|-damage|p2b: Incineroar|32/100\n|-enditem|p2b: Incineroar|Sitrus Berry|[eat]\n|-heal|p2b: Incineroar|57/100|[from] item: Sitrus Berry\n|\n|-heal|p2a: Orthworm|56/100|[from] item: Leftovers\n|-fieldend|move: Trick Room\n|upkeep\n|turn|6\n|\n|t:|1776450392\n|switch|p2b: Garchomp|Garchomp, L50, M|100/100\n|move|p1b: Basculegion|Flip Turn|p2b: Garchomp\n|-damage|p2b: Garchomp|58/100\n|-damage|p1b: Basculegion|16/100|[from] ability: Rough Skin|[of] p2b: Garchomp\n|move|p2a: Orthworm|Iron Defense|p2a: Orthworm\n|-boost|p2a: Orthworm|def|2\n|move|p1a: Sylveon|Hyper Voice|p2b: Garchomp|[spread] p2a,p2b\n|-resisted|p2a: Orthworm|1\n|-supereffective|p2b: Garchomp|1\n|-damage|p2a: Orthworm|14/100\n|-damage|p2b: Garchomp|0 fnt\n|faint|p2b: Garchomp\n|\n|-heal|p2a: Orthworm|20/100|[from] item: Leftovers\n|upkeep\n|\n|t:|1776450434\n|switch|p2b: Incineroar|Incineroar, L50, F|57/100\n|-ability|p2b: Incineroar|Intimidate|boost\n|-unboost|p1a: Sylveon|atk|1\n|-unboost|p1b: Basculegion|atk|1\n|turn|7\n|inactive|Battle timer is ON: inactive players will automatically lose when time's up. (requested by perona 33)\n|inactive|perona 33 has 60 seconds left.\n|\n|t:|1776450468\n|move|p1b: Basculegion|Protect|p1b: Basculegion\n|-singleturn|p1b: Basculegion|Protect\n|move|p1a: Sylveon|Protect|p1a: Sylveon\n|-singleturn|p1a: Sylveon|Protect\n|move|p2a: Orthworm|Iron Defense|p2a: Orthworm\n|-boost|p2a: Orthworm|def|2\n|move|p2b: Incineroar|Darkest Lariat|p1b: Basculegion\n|-activate|p1b: Basculegion|move: Protect\n|\n|-heal|p2a: Orthworm|26/100|[from] item: Leftovers\n|upkeep\n|turn|8\n|inactive|callmehavoc has 30 seconds left.\n|\n|t:|1776450502\n|move|p1b: Basculegion|Aqua Jet|p2a: Orthworm\n|-damage|p2a: Orthworm|23/100\n|move|p2a: Orthworm|Body Press|p1a: Sylveon\n|-resisted|p1a: Sylveon|1\n|-damage|p1a: Sylveon|27/100\n|move|p2b: Incineroar|Darkest Lariat|p1b: Basculegion\n|-supereffective|p1b: Basculegion|1\n|-damage|p1b: Basculegion|0 fnt\n|faint|p1b: Basculegion\n|move|p1a: Sylveon|Hyper Voice|p2a: Orthworm|[spread] p2a,p2b\n|-resisted|p2a: Orthworm|1\n|-damage|p2a: Orthworm|0 fnt\n|-damage|p2b: Incineroar|0 fnt\n|faint|p2a: Orthworm\n|faint|p2b: Incineroar\n|\n|win|perona 33\n|raw|perona 33's rating: 1144 &rarr; <strong>1166</strong><br />(+22 for winning)\n|raw|callmehavoc's rating: 1106 &rarr; <strong>1084</strong><br />(-22 for losing)\n",
  "uploadtime": 1776450503,
  "views": 23,
  "formatid": "gen9championsvgc2026regma",
  "rating": 1084,
  "private": 0,
  "password": null
}