{
  "id": "gen9championsvgc2026regma-2583999521",
  "format": "[Gen 9 Champions] VGC 2026 Reg M-A",
  "players": [
    "Syke11",
    "21chenhen"
  ],
  "log": "|j|\u2606Syke11\n|j|\u260621chenhen\n|t:|1776215510\n|gametype|doubles\n|player|p1|Syke11|jacinthe|1136\n|player|p2|21chenhen|cynthia-gen4|1214\n|gen|9\n|tier|[Gen 9 Champions] VGC 2026 Reg M-A\n|rated|\n|rule|Species Clause: Limit one of each Pok\u00e9mon\n|rule|Item Clause: Limit 1 of each item\n|clearpoke\n|poke|p1|Drampa, L50, F|\n|poke|p1|Oranguru, L50, M|\n|poke|p1|Skarmory, L50, M|\n|poke|p1|Hatterene, L50, F|\n|poke|p1|Sinistcha, L50|\n|poke|p1|Umbreon, L50, F|\n|poke|p2|Aerodactyl, L50, F|\n|poke|p2|Glimmora, L50, M|\n|poke|p2|Rotom-Wash, L50|\n|poke|p2|Sinistcha, L50|\n|poke|p2|Incineroar, L50, F|\n|poke|p2|Kingambit, L50, M|\n|teampreview|4\n|inactive|Battle timer is ON: inactive players will automatically lose when time's up. (requested by 21chenhen)\n|\n|t:|1776215545\n|teamsize|p1|4\n|teamsize|p2|4\n|start\n|switch|p1a: Skarmory|Skarmory, L50, M|100/100\n|switch|p1b: Drampa|Drampa, L50, F|100/100\n|switch|p2a: Aerodactyl|Aerodactyl, L50, F, shiny|100/100\n|switch|p2b: Incineroar|Incineroar, L50, F|100/100\n|-ability|p2a: Aerodactyl|Unnerve\n|-ability|p2b: Incineroar|Intimidate|boost\n|-unboost|p1a: Skarmory|atk|1\n|-unboost|p1b: Drampa|atk|1\n|-ability|p1b: Drampa|Cloud Nine\n|turn|1\n|inactive|Syke11 has 30 seconds left.\n|\n|t:|1776215574\n|detailschange|p2a: Aerodactyl|Aerodactyl-Mega, L50, F, shiny\n|-mega|p2a: Aerodactyl|Aerodactyl|Aerodactylite\n|detailschange|p1b: Drampa|Drampa-Mega, L50, F\n|-mega|p1b: Drampa|Drampa|Drampanite\n|move|p2a: Aerodactyl|Ice Fang|p1b: Drampa\n|-supereffective|p1b: Drampa|1\n|-damage|p1b: Drampa|47/100\n|-ability|p1b: Drampa|Berserk|boost\n|-boost|p1b: Drampa|spa|1\n|move|p1a: Skarmory|Rock Slide|p2b: Incineroar|[spread] p2a,p2b\n|-supereffective|p2a: Aerodactyl|1\n|-supereffective|p2b: Incineroar|1\n|-damage|p2a: Aerodactyl|78/100\n|-damage|p2b: Incineroar|81/100\n|cant|p2b: Incineroar|flinch\n|move|p1b: Drampa|Earth Power|p2b: Incineroar\n|-supereffective|p2b: Incineroar|1\n|-damage|p2b: Incineroar|0 fnt\n|faint|p2b: Incineroar\n|\n|upkeep\n|\n|t:|1776215589\n|switch|p2b: Rotom|Rotom-Wash, L50|100/100\n|turn|2\n|\n|t:|1776215603\n|switch|p1a: Umbreon|Umbreon, L50, F|100/100\n|move|p1b: Drampa|Protect|p1b: Drampa\n|-singleturn|p1b: Drampa|Protect\n|move|p2a: Aerodactyl|Ice Fang|p1b: Drampa\n|-activate|p1b: Drampa|move: Protect\n|move|p2b: Rotom|Volt Switch|p1a: Umbreon\n|-damage|p1a: Umbreon|81/100\n|\n|t:|1776215613\n|switch|p2b: Sinistcha|Sinistcha, L50|100/100|[from] Volt Switch\n|-heal|p2a: Aerodactyl|100/100|[from] ability: Hospitality|[of] p2b: Sinistcha\n|\n|-heal|p1a: Umbreon|87/100|[from] item: Leftovers\n|upkeep\n|turn|3\n|\n|t:|1776215626\n|switch|p1b: Skarmory|Skarmory, L50, M|100/100\n|move|p2b: Sinistcha|Rage Powder|p2b: Sinistcha\n|-singleturn|p2b: Sinistcha|move: Rage Powder\n|move|p2a: Aerodactyl|Ice Fang|p1b: Skarmory\n|-damage|p1b: Skarmory|74/100\n|move|p1a: Umbreon|Foul Play|p2b: Sinistcha\n|-supereffective|p2b: Sinistcha|1\n|-damage|p2b: Sinistcha|70/100\n|\n|-heal|p2b: Sinistcha|76/100|[from] item: Leftovers\n|-heal|p1a: Umbreon|93/100|[from] item: Leftovers\n|upkeep\n|turn|4\n|inactive|Syke11 has 30 seconds left.\n|\n|t:|1776215652\n|move|p2a: Aerodactyl|Rock Slide|p1b: Skarmory|[spread] p1a,p1b\n|-damage|p1a: Umbreon|67/100\n|-damage|p1b: Skarmory|49/100\n|move|p1b: Skarmory|Rock Slide|p2a: Aerodactyl|[spread] p2a,p2b\n|-supereffective|p2a: Aerodactyl|1\n|-damage|p2a: Aerodactyl|65/100\n|-damage|p2b: Sinistcha|65/100\n|move|p2b: Sinistcha|Life Dew|p2b: Sinistcha|[spread] p2a,p2b\n|-heal|p2a: Aerodactyl|90/100\n|-heal|p2b: Sinistcha|90/100\n|move|p1a: Umbreon|Snarl|p2a: Aerodactyl|[spread] p2a,p2b\n|-supereffective|p2b: Sinistcha|1\n|-damage|p2a: Aerodactyl|81/100\n|-damage|p2b: Sinistcha|72/100\n|-unboost|p2a: Aerodactyl|spa|1\n|-unboost|p2b: Sinistcha|spa|1\n|\n|-heal|p2b: Sinistcha|78/100|[from] item: Leftovers\n|-heal|p1a: Umbreon|73/100|[from] item: Leftovers\n|upkeep\n|turn|5\n|\n|t:|1776215669\n|move|p2a: Aerodactyl|Rock Slide|p1b: Skarmory|[spread] p1a,p1b\n|-damage|p1a: Umbreon|50/100\n|-damage|p1b: Skarmory|21/100\n|move|p1b: Skarmory|Roost|p1b: Skarmory\n|-heal|p1b: Skarmory|72/100\n|-singleturn|p1b: Skarmory|move: Roost\n|move|p2b: Sinistcha|Life Dew|p2b: Sinistcha|[spread] p2a,p2b\n|-heal|p2a: Aerodactyl|100/100\n|-heal|p2b: Sinistcha|100/100\n|move|p1a: Umbreon|Foul Play|p2a: Aerodactyl\n|-damage|p2a: Aerodactyl|42/100\n|\n|-heal|p1a: Umbreon|56/100|[from] item: Leftovers\n|upkeep\n|turn|6\n|\n|t:|1776215690\n|switch|p2b: Rotom|Rotom-Wash, L50|100/100\n|move|p1a: Umbreon|Helping Hand|p1b: Skarmory\n|-singleturn|p1b: Skarmory|Helping Hand|[of] p1a: Umbreon\n|move|p2a: Aerodactyl|Protect|p2a: Aerodactyl\n|-singleturn|p2a: Aerodactyl|Protect\n|move|p1b: Skarmory|Rock Slide|p2b: Rotom|[spread] p2b\n|-activate|p2a: Aerodactyl|move: Protect\n|-damage|p2b: Rotom|72/100\n|\n|-heal|p1a: Umbreon|62/100|[from] item: Leftovers\n|upkeep\n|turn|7\n|inactive|Syke11 has 30 seconds left.\n|\n|t:|1776215723\n|switch|p2a: Sinistcha|Sinistcha, L50|100/100\n|-heal|p2b: Rotom|97/100|[from] ability: Hospitality|[of] p2a: Sinistcha\n|switch|p1b: Oranguru|Oranguru, L50, M|100/100\n|move|p2b: Rotom|Electroweb|p1b: Oranguru|[spread] p1a,p1b\n|-damage|p1a: Umbreon|50/100\n|-damage|p1b: Oranguru|85/100\n|-unboost|p1a: Umbreon|spe|1\n|-unboost|p1b: Oranguru|spe|1\n|move|p1a: Umbreon|Foul Play|p2a: Sinistcha\n|-supereffective|p2a: Sinistcha|1\n|-damage|p2a: Sinistcha|67/100\n|\n|-heal|p2a: Sinistcha|73/100|[from] item: Leftovers\n|-heal|p1a: Umbreon|56/100|[from] item: Leftovers\n|upkeep\n|turn|8\n|inactive|21chenhen has 30 seconds left.\n|\n|t:|1776215750\n|move|p1a: Umbreon|Protect|p1a: Umbreon\n|-singleturn|p1a: Umbreon|Protect\n|move|p2b: Rotom|Electroweb|p1a: Umbreon|[spread] p1b\n|-activate|p1a: Umbreon|move: Protect\n|-damage|p1b: Oranguru|66/100\n|-unboost|p1b: Oranguru|spe|1\n|move|p2a: Sinistcha|Matcha Gotcha|p1b: Oranguru|[spread] p1b\n|-activate|p1a: Umbreon|move: Protect\n|-damage|p1b: Oranguru|45/100\n|-heal|p2a: Sinistcha|85/100|[from] drain|[of] p1b: Oranguru\n|move|p1b: Oranguru|Trick Room|p1b: Oranguru\n|-fieldstart|move: Trick Room|[of] p1b: Oranguru\n|\n|-heal|p1a: Umbreon|62/100|[from] item: Leftovers\n|-heal|p2a: Sinistcha|92/100|[from] item: Leftovers\n|upkeep\n|turn|9\n|\n|t:|1776215768\n|move|p1b: Oranguru|Light Screen|p1b: Oranguru\n|-sidestart|p1: Syke11|move: Light Screen\n|move|p1a: Umbreon|Snarl|p2a: Sinistcha|[spread] p2a,p2b\n|-supereffective|p2a: Sinistcha|1\n|-damage|p2a: Sinistcha|71/100\n|-damage|p2b: Rotom|84/100\n|-unboost|p2a: Sinistcha|spa|1\n|-unboost|p2b: Rotom|spa|1\n|move|p2a: Sinistcha|Life Dew|p2a: Sinistcha|[spread] p2a,p2b\n|-heal|p2a: Sinistcha|97/100\n|-heal|p2b: Rotom|100/100\n|move|p2b: Rotom|Electroweb|p1a: Umbreon|[spread] p1a,p1b\n|-damage|p1a: Umbreon|57/100\n|-damage|p1b: Oranguru|38/100\n|-unboost|p1a: Umbreon|spe|1\n|-unboost|p1b: Oranguru|spe|1\n|\n|-heal|p1a: Umbreon|63/100|[from] item: Leftovers\n|-heal|p2a: Sinistcha|100/100|[from] item: Leftovers\n|upkeep\n|turn|10\n|\n|t:|1776215791\n|switch|p1b: Skarmory|Skarmory, L50, M|72/100\n|move|p1a: Umbreon|Snarl|p2b: Rotom|[spread] p2a,p2b\n|-supereffective|p2a: Sinistcha|1\n|-crit|p2a: Sinistcha\n|-damage|p2a: Sinistcha|72/100\n|-damage|p2b: Rotom|88/100\n|-unboost|p2a: Sinistcha|spa|1\n|-unboost|p2b: Rotom|spa|1\n|move|p2a: Sinistcha|Matcha Gotcha|p1a: Umbreon|[spread] p1a,p1b\n|-crit|p1a: Umbreon\n|-resisted|p1b: Skarmory|2\n|-damage|p1a: Umbreon|44/100\n|-heal|p2a: Sinistcha|84/100|[from] drain|[of] p1a: Umbreon\n|-damage|p1b: Skarmory|68/100\n|-heal|p2a: Sinistcha|85/100|[from] drain|[of] p1b: Skarmory\n|move|p2b: Rotom|Electroweb|p1a: Umbreon|[spread] p1a,p1b\n|-supereffective|p1b: Skarmory|1\n|-damage|p1a: Umbreon|40/100\n|-damage|p1b: Skarmory|44/100\n|-unboost|p1a: Umbreon|spe|1\n|-unboost|p1b: Skarmory|spe|1\n|\n|-heal|p1a: Umbreon|46/100|[from] item: Leftovers\n|-heal|p2a: Sinistcha|92/100|[from] item: Leftovers\n|upkeep\n|turn|11\n|inactive|Syke11 has 30 seconds left.\n|inactive|21chenhen has 30 seconds left.\n|\n|t:|1776215818\n|move|p1a: Umbreon|Snarl|p2a: Sinistcha|[spread] p2a,p2b\n|-supereffective|p2a: Sinistcha|1\n|-damage|p2a: Sinistcha|74/100\n|-damage|p2b: Rotom|74/100\n|-unboost|p2a: Sinistcha|spa|1\n|-unboost|p2b: Rotom|spa|1\n|move|p1b: Skarmory|Roost|p1b: Skarmory\n|-heal|p1b: Skarmory|94/100\n|-singleturn|p1b: Skarmory|move: Roost\n|move|p2a: Sinistcha|Life Dew|p2a: Sinistcha|[spread] p2a,p2b\n|-heal|p2a: Sinistcha|99/100\n|-heal|p2b: Rotom|99/100\n|move|p2b: Rotom|Electroweb|p1b: Skarmory|[spread] p1b\n|-miss|p2b: Rotom|p1a: Umbreon\n|-damage|p1b: Skarmory|86/100\n|-unboost|p1b: Skarmory|spe|1\n|\n|-heal|p1a: Umbreon|51/100|[from] item: Leftovers\n|-heal|p2a: Sinistcha|100/100|[from] item: Leftovers\n|upkeep\n|turn|12\n|inactive|Syke11 has 30 seconds left.\n|\n|t:|1776215852\n|switch|p1a: Oranguru|Oranguru, L50, M|38/100\n|switch|p2b: Aerodactyl|Aerodactyl-Mega, L50, F, shiny|42/100\n|move|p2a: Sinistcha|Rage Powder|p2a: Sinistcha\n|-singleturn|p2a: Sinistcha|move: Rage Powder\n|move|p1b: Skarmory|Body Press|p2a: Sinistcha\n|-immune|p2a: Sinistcha\n|\n|-fieldend|move: Trick Room\n|upkeep\n|turn|13\n|\n|t:|1776215867\n|move|p2a: Sinistcha|Rage Powder|p2a: Sinistcha\n|-singleturn|p2a: Sinistcha|move: Rage Powder\n|move|p2b: Aerodactyl|Dual Wingbeat|p1a: Oranguru\n|-damage|p1a: Oranguru|15/100\n|-damage|p1a: Oranguru|0 fnt\n|faint|p1a: Oranguru\n|-hitcount|p1: Oranguru|2\n|move|p1b: Skarmory|Rock Slide|p2b: Aerodactyl|[spread] p2a,p2b\n|-supereffective|p2b: Aerodactyl|1\n|-damage|p2a: Sinistcha|89/100\n|-damage|p2b: Aerodactyl|7/100\n|\n|-heal|p2a: Sinistcha|95/100|[from] item: Leftovers\n|-sideend|p1: Syke11|move: Light Screen\n|upkeep\n|\n|t:|1776215876\n|switch|p1a: Umbreon|Umbreon, L50, F|51/100\n|turn|14\n|\n|t:|1776215882\n|move|p2b: Aerodactyl|Protect|p2b: Aerodactyl\n|-singleturn|p2b: Aerodactyl|Protect\n|move|p1a: Umbreon|Protect|p1a: Umbreon\n|-singleturn|p1a: Umbreon|Protect\n|move|p2a: Sinistcha|Life Dew|p2a: Sinistcha|[spread] p2a,p2b\n|-heal|p2a: Sinistcha|100/100\n|-heal|p2b: Aerodactyl|32/100\n|move|p1b: Skarmory|Rock Slide|p2b: Aerodactyl|[spread] p2a\n|-activate|p2b: Aerodactyl|move: Protect\n|-crit|p2a: Sinistcha\n|-damage|p2a: Sinistcha|85/100\n|\n|-heal|p2a: Sinistcha|91/100|[from] item: Leftovers\n|-heal|p1a: Umbreon|57/100|[from] item: Leftovers\n|upkeep\n|turn|15\n|inactive|21chenhen has 30 seconds left.\n|\n|t:|1776215909\n|switch|p2b: Rotom|Rotom-Wash, L50|99/100\n|move|p1a: Umbreon|Helping Hand|p1b: Skarmory\n|-singleturn|p1b: Skarmory|Helping Hand|[of] p1a: Umbreon\n|move|p2a: Sinistcha|Life Dew|p2a: Sinistcha|[spread] p2a,p2b\n|-heal|p2a: Sinistcha|100/100\n|-heal|p2b: Rotom|100/100\n|move|p1b: Skarmory|Rock Slide|p2b: Rotom|[spread] p2a,p2b\n|-damage|p2a: Sinistcha|83/100\n|-damage|p2b: Rotom|71/100\n|\n|-heal|p2a: Sinistcha|89/100|[from] item: Leftovers\n|-heal|p1a: Umbreon|63/100|[from] item: Leftovers\n|upkeep\n|turn|16\n|inactive|Syke11 has 30 seconds left.\n|inactive|21chenhen has 30 seconds left.\n|inactive|21chenhen has 20 seconds left.\n|\n|t:|1776215948\n|switch|p1b: Drampa|Drampa-Mega, L50, F|47/100\n|move|p2a: Sinistcha|Rage Powder|p2a: Sinistcha\n|-singleturn|p2a: Sinistcha|move: Rage Powder\n|move|p2b: Rotom|Electroweb|p1b: Drampa|[spread] p1a\n|-miss|p2b: Rotom|p1b: Drampa\n|-damage|p1a: Umbreon|53/100\n|-unboost|p1a: Umbreon|spe|1\n|move|p1a: Umbreon|Snarl|p2b: Rotom|[spread] p2a,p2b\n|-supereffective|p2a: Sinistcha|1\n|-damage|p2a: Sinistcha|71/100\n|-damage|p2b: Rotom|58/100\n|-unboost|p2a: Sinistcha|spa|1\n|-unboost|p2b: Rotom|spa|1\n|\n|-heal|p2a: Sinistcha|77/100|[from] item: Leftovers\n|-heal|p1a: Umbreon|59/100|[from] item: Leftovers\n|upkeep\n|turn|17\n|\n|t:|1776215970\n|move|p2b: Rotom|Electroweb|p1b: Drampa|[spread] p1a,p1b\n|-resisted|p1b: Drampa|1\n|-damage|p1a: Umbreon|52/100\n|-damage|p1b: Drampa|41/100\n|-unboost|p1a: Umbreon|spe|1\n|-unboost|p1b: Drampa|spe|1\n|move|p2a: Sinistcha|Life Dew|p2a: Sinistcha|[spread] p2a,p2b\n|-heal|p2a: Sinistcha|100/100\n|-heal|p2b: Rotom|83/100\n|move|p1a: Umbreon|Snarl|p2b: Rotom|[spread] p2a,p2b\n|-supereffective|p2a: Sinistcha|1\n|-crit|p2b: Rotom\n|-damage|p2a: Sinistcha|80/100\n|-damage|p2b: Rotom|61/100\n|-unboost|p2a: Sinistcha|spa|1\n|-unboost|p2b: Rotom|spa|1\n|move|p1b: Drampa|Roost|p1b: Drampa\n|-heal|p1b: Drampa|91/100\n|-singleturn|p1b: Drampa|move: Roost\n|\n|-heal|p2a: Sinistcha|86/100|[from] item: Leftovers\n|-heal|p1a: Umbreon|58/100|[from] item: Leftovers\n|upkeep\n|turn|18\n|\n|t:|1776215991\n|switch|p2b: Aerodactyl|Aerodactyl-Mega, L50, F, shiny|32/100\n|move|p2a: Sinistcha|Rage Powder|p2a: Sinistcha\n|-singleturn|p2a: Sinistcha|move: Rage Powder\n|move|p1a: Umbreon|Snarl|p2a: Sinistcha|[spread] p2a,p2b\n|-supereffective|p2a: Sinistcha|1\n|-damage|p2a: Sinistcha|66/100\n|-damage|p2b: Aerodactyl|21/100\n|-unboost|p2a: Sinistcha|spa|1\n|-unboost|p2b: Aerodactyl|spa|1\n|move|p1b: Drampa|Hyper Voice|p2a: Sinistcha|[spread] p2b\n|-immune|p2a: Sinistcha\n|-resisted|p2b: Aerodactyl|1\n|-damage|p2b: Aerodactyl|0 fnt\n|faint|p2b: Aerodactyl\n|\n|-heal|p2a: Sinistcha|72/100|[from] item: Leftovers\n|-heal|p1a: Umbreon|64/100|[from] item: Leftovers\n|upkeep\n|\n|t:|1776215997\n|switch|p2b: Rotom|Rotom-Wash, L50|61/100\n|turn|19\n|\n|t:|1776216005\n|move|p2b: Rotom|Volt Switch|p1a: Umbreon\n|-damage|p1a: Umbreon|48/100\n|move|p2a: Sinistcha|Life Dew|p2a: Sinistcha|[spread] p2a,p2b\n|-heal|p2a: Sinistcha|98/100\n|-heal|p2b: Rotom|86/100\n|move|p1a: Umbreon|Snarl|p2b: Rotom|[spread] p2a,p2b\n|-supereffective|p2a: Sinistcha|1\n|-damage|p2a: Sinistcha|77/100\n|-damage|p2b: Rotom|72/100\n|-unboost|p2b: Rotom|spa|1\n|move|p1b: Drampa|Hyper Voice|p2a: Sinistcha|[spread] p2b\n|-immune|p2a: Sinistcha\n|-damage|p2b: Rotom|18/100\n|\n|-heal|p2a: Sinistcha|84/100|[from] item: Leftovers\n|-heal|p1a: Umbreon|53/100|[from] item: Leftovers\n|upkeep\n|turn|20\n|-message|21chenhen forfeited.\n|\n|win|Syke11\n|raw|Syke11's rating: 1136 &rarr; <strong>1167</strong><br />(+31 for winning)\n|raw|21chenhen's rating: 1214 &rarr; <strong>1183</strong><br />(-31 for losing)\n|l|\u260621chenhen\n|player|p2|\n",
  "uploadtime": 1776216019,
  "views": 14,
  "formatid": "gen9championsvgc2026regma",
  "rating": 1167,
  "private": 0,
  "password": null
}