{
  "id": "gen9championsvgc2026regma-2585042752",
  "format": "[Gen 9 Champions] VGC 2026 Reg M-A",
  "players": [
    "Elite Fource",
    "ShimaTsu17"
  ],
  "log": "|j|\u2606Elite Fource\n|j|\u2606ShimaTsu17\n|t:|1776306083\n|gametype|doubles\n|player|p1|Elite Fource|infielder|1028\n|player|p2|ShimaTsu17|ingo|1000\n|gen|9\n|tier|[Gen 9 Champions] VGC 2026 Reg M-A\n|rated|\n|rule|Species Clause: Limit one of each Pok\u00e9mon\n|rule|Item Clause: Limit 1 of each item\n|clearpoke\n|poke|p1|Crabominable, L50, F|\n|poke|p1|Araquanid, L50, M|\n|poke|p1|Arcanine, L50, M|\n|poke|p1|Sinistcha-Masterpiece, L50|\n|poke|p1|Jolteon, L50, M|\n|poke|p1|Floette-Eternal, L50, F|\n|poke|p2|Feraligatr, L50, M|\n|poke|p2|Clefable, L50, M|\n|poke|p2|Pelipper, L50, M|\n|poke|p2|Espathra, L50, F|\n|poke|p2|Dragonite, L50, F|\n|poke|p2|Aegislash, L50, M|\n|teampreview|4\n|inactive|Battle timer is ON: inactive players will automatically lose when time's up. (requested by Elite Fource)\n|inactive|ShimaTsu17 has 60 seconds left.\n|\n|t:|1776306118\n|teamsize|p1|4\n|teamsize|p2|4\n|start\n|switch|p1a: 1000000000 years|Floette-Eternal, L50, F|100/100\n|switch|p1b: Wait for it|Arcanine, L50, M|100/100\n|switch|p2a: WendyGuevara|Clefable, L50, M, shiny|100/100\n|switch|p2b: MORDISQUITO|Feraligatr, L50, M, shiny|100/100\n|-ability|p1b: Wait for it|Intimidate|boost\n|-unboost|p2a: WendyGuevara|atk|1\n|-unboost|p2b: MORDISQUITO|atk|1\n|turn|1\n|inactive|ShimaTsu17 has 30 seconds left.\n|inactive|ShimaTsu17 has 20 seconds left.\n|\n|t:|1776306157\n|move|p2a: WendyGuevara|Helping Hand|p2b: MORDISQUITO\n|-singleturn|p2b: MORDISQUITO|Helping Hand|[of] p2a: WendyGuevara\n|move|p1a: 1000000000 years|Moonblast|p2a: WendyGuevara\n|-damage|p2a: WendyGuevara|60/100\n|move|p1b: Wait for it|Will-O-Wisp|p2b: MORDISQUITO\n|-status|p2b: MORDISQUITO|brn\n|move|p2b: MORDISQUITO|Liquidation|p1a: 1000000000 years\n|-damage|p1a: 1000000000 years|68/100\n|\n|-damage|p2b: MORDISQUITO|94/100 brn|[from] brn\n|upkeep\n|turn|2\n|inactive|ShimaTsu17 has 30 seconds left.\n|\n|t:|1776306186\n|switch|p1b: no matcha???|Sinistcha-Masterpiece, L50|100/100\n|-heal|p1a: 1000000000 years|93/100|[from] ability: Hospitality|[of] p1b: no matcha???\n|switch|p2a: GELIPE|Pelipper, L50, M, shiny|100/100\n|-weather|RainDance|[from] ability: Drizzle|[of] p2a: GELIPE\n|move|p2b: MORDISQUITO|Aqua Jet|p1b: no matcha???\n|-resisted|p1b: no matcha???|1\n|-damage|p1b: no matcha???|97/100\n|move|p1a: 1000000000 years|Light of Ruin|p2a: GELIPE\n|-damage|p2a: GELIPE|0 fnt\n|faint|p2a: GELIPE\n|-damage|p1a: 1000000000 years|47/100|[from] Recoil\n|-enditem|p1a: 1000000000 years|Sitrus Berry|[eat]\n|-heal|p1a: 1000000000 years|71/100|[from] item: Sitrus Berry\n|\n|-weather|RainDance|[upkeep]\n|-heal|p1b: no matcha???|100/100|[from] item: Leftovers\n|-damage|p2b: MORDISQUITO|88/100 brn|[from] brn\n|upkeep\n|\n|t:|1776306211\n|switch|p2a: CIA|Espathra, L50, F, shiny|100/100\n|turn|3\n|inactive|ShimaTsu17 has 30 seconds left.\n|\n|t:|1776306240\n|detailschange|p2b: MORDISQUITO|Feraligatr-Mega, L50, M, shiny\n|-mega|p2b: MORDISQUITO|Feraligatr|Feraligite\n|move|p2a: CIA|Protect|p2a: CIA\n|-singleturn|p2a: CIA|Protect\n|move|p1a: 1000000000 years|Light of Ruin|p2a: CIA\n|-activate|p2a: CIA|move: Protect\n|move|p2b: MORDISQUITO|Liquidation|p1a: 1000000000 years\n|-damage|p1a: 1000000000 years|27/100\n|move|p1b: no matcha???|Trick Room|p1b: no matcha???\n|-fieldstart|move: Trick Room|[of] p1b: no matcha???\n|\n|-weather|RainDance|[upkeep]\n|-damage|p2b: MORDISQUITO|82/100 brn|[from] brn\n|-ability|p2a: CIA|Speed Boost|boost\n|-boost|p2a: CIA|spe|1\n|upkeep\n|turn|4\n|inactive|ShimaTsu17 has 30 seconds left.\n|\n|t:|1776306267\n|move|p2b: MORDISQUITO|Protect|p2b: MORDISQUITO\n|-singleturn|p2b: MORDISQUITO|Protect\n|move|p1b: no matcha???|Giga Drain|p2b: MORDISQUITO\n|-activate|p2b: MORDISQUITO|move: Protect\n|move|p1a: 1000000000 years|Light of Ruin|p2a: CIA\n|-damage|p2a: CIA|0 fnt\n|faint|p2a: CIA\n|-damage|p1a: 1000000000 years|0 fnt|[from] Recoil\n|faint|p1a: 1000000000 years\n|\n|-weather|RainDance|[upkeep]\n|-damage|p2b: MORDISQUITO|76/100 brn|[from] brn\n|upkeep\n|\n|t:|1776306283\n|switch|p2a: WendyGuevara|Clefable, L50, M, shiny|60/100\n|switch|p1a: Armor Abs Krabs|Crabominable, L50, F, shiny|100/100\n|turn|5\n|inactive|ShimaTsu17 has 30 seconds left.\n|inactive|ShimaTsu17 has 20 seconds left.\n|inactive|ShimaTsu17 has 15 seconds left.\n|\n|t:|1776306326\n|detailschange|p1a: Armor Abs Krabs|Crabominable-Mega, L50, F, shiny\n|-mega|p1a: Armor Abs Krabs|Crabominable|Crabominite\n|move|p2a: WendyGuevara|Follow Me|p2a: WendyGuevara\n|-singleturn|p2a: WendyGuevara|move: Follow Me\n|move|p1a: Armor Abs Krabs|Ice Hammer|p2a: WendyGuevara\n|-damage|p2a: WendyGuevara|0 fnt\n|-unboost|p1a: Armor Abs Krabs|spe|1\n|faint|p2a: WendyGuevara\n|move|p1b: no matcha???|Giga Drain|p2b: MORDISQUITO\n|-damage|p2b: MORDISQUITO|48/100 brn\n|move|p2b: MORDISQUITO|Liquidation|p1a: Armor Abs Krabs\n|-damage|p1a: Armor Abs Krabs|80/100\n|-unboost|p1a: Armor Abs Krabs|def|1\n|\n|-weather|RainDance|[upkeep]\n|-damage|p2b: MORDISQUITO|42/100 brn|[from] brn\n|upkeep\n|turn|6\n|inactive|ShimaTsu17 has 30 seconds left.\n|\n|t:|1776306358\n|move|p1a: Armor Abs Krabs|Ice Hammer|p2b: MORDISQUITO\n|-damage|p2b: MORDISQUITO|0 fnt\n|-unboost|p1a: Armor Abs Krabs|spe|1\n|faint|p2b: MORDISQUITO\n|\n|win|Elite Fource\n|raw|Elite Fource's rating: 1028 &rarr; <strong>1061</strong><br />(+33 for winning)\n|raw|ShimaTsu17's rating: 1000 &rarr; <strong>1000</strong><br />(+0 for losing)\n|c|\u2606Elite Fource|gg\n|l|\u2606ShimaTsu17\n|player|p2|\n|c|\u2606Elite Fource|yep\n",
  "uploadtime": 1776306370,
  "views": 20,
  "formatid": "gen9championsvgc2026regma",
  "rating": 1000,
  "private": 0,
  "password": null
}