{
  "id": "gen9championsvgc2026regma-2586646214",
  "format": "[Gen 9 Champions] VGC 2026 Reg M-A",
  "players": [
    "647w",
    "naxnaxnax"
  ],
  "log": "|j|\u2606647w\n|j|\u2606naxnaxnax\n|t:|1776449152\n|gametype|doubles\n|player|p1|647w|lucas-gen4pt|1268\n|player|p2|naxnaxnax|wattson|1244\n|gen|9\n|tier|[Gen 9 Champions] VGC 2026 Reg M-A\n|rated|\n|rule|Species Clause: Limit one of each Pok\u00e9mon\n|rule|Item Clause: Limit 1 of each item\n|clearpoke\n|poke|p1|Snorlax, L50, F|\n|poke|p1|Chimecho, L50, M|\n|poke|p1|Sinistcha, L50|\n|poke|p1|Rotom-Wash, L50|\n|poke|p1|Delphox, L50, M|\n|poke|p1|Hydreigon, L50, M|\n|poke|p2|Charizard, L50, M|\n|poke|p2|Venusaur, L50, M|\n|poke|p2|Arcanine-Hisui, L50, M|\n|poke|p2|Whimsicott, L50, M|\n|poke|p2|Garchomp, L50, M|\n|poke|p2|Sylveon, L50, M|\n|teampreview|4\n647w has agreed to open team sheets.\n|\n|t:|1776449217\n|teamsize|p1|4\n|teamsize|p2|4\n|start\n|switch|p1a: I believe|Delphox, L50, M|100/100\n|switch|p1b: Hypnotic|Snorlax, L50, F|100/100\n|switch|p2a: Charizard|Charizard, L50, M|100/100\n|switch|p2b: Arcanine|Arcanine-Hisui, L50, M|100/100\n|-ability|p2b: Arcanine|Intimidate|boost\n|-unboost|p1a: I believe|atk|1\n|-unboost|p1b: Hypnotic|atk|1\n|turn|1\n|\n|t:|1776449245\n|detailschange|p2a: Charizard|Charizard-Mega-Y, L50, M\n|-mega|p2a: Charizard|Charizard|Charizardite Y\n|-weather|SunnyDay|[from] ability: Drought|[of] p2a: Charizard\n|move|p1a: I believe|Protect|p1a: I believe\n|-singleturn|p1a: I believe|Protect\n|move|p2a: Charizard|Heat Wave|p1a: I believe|[spread] p1b\n|-activate|p1a: I believe|move: Protect\n|-damage|p1b: Hypnotic|78/100\n|move|p2b: Arcanine|Rock Slide|p1b: Hypnotic|[spread] p1b\n|-activate|p1a: I believe|move: Protect\n|-damage|p1b: Hypnotic|52/100\n|move|p1b: Hypnotic|Earthquake|p2b: Arcanine|[spread] p2b\n|-activate|p1a: I believe|move: Protect\n|-immune|p2a: Charizard\n|-supereffective|p2b: Arcanine|2\n|-damage|p2b: Arcanine|29/100\n|-enditem|p2b: Arcanine|Sitrus Berry|[eat]\n|-heal|p2b: Arcanine|54/100|[from] item: Sitrus Berry\n|\n|-weather|SunnyDay|[upkeep]\n|upkeep\n|turn|2\n|\n|t:|1776449271\n|switch|p1b: Woatom|Rotom-Wash, L50|100/100\n|detailschange|p1a: I believe|Delphox-Mega, L50, M\n|-mega|p1a: I believe|Delphox|Delphoxite\n|move|p1a: I believe|Psychic|p2b: Arcanine\n|-damage|p2b: Arcanine|0 fnt\n|faint|p2b: Arcanine\n|move|p2a: Charizard|Heat Wave|p1a: I believe|[spread] p1a,p1b\n|-resisted|p1a: I believe|1\n|-resisted|p1b: Woatom|1\n|-damage|p1a: I believe|66/100\n|-damage|p1b: Woatom|64/100\n|\n|-weather|SunnyDay|[upkeep]\n|-heal|p1b: Woatom|69/100|[from] item: Leftovers\n|upkeep\n|\n|t:|1776449289\n|switch|p2b: Sylveon|Sylveon, L50, M|100/100\n|turn|3\n|\n|t:|1776449307\n|move|p2a: Charizard|Protect|p2a: Charizard\n|-singleturn|p2a: Charizard|Protect\n|move|p1b: Woatom|Protect|p1b: Woatom\n|-singleturn|p1b: Woatom|Protect\n|move|p1a: I believe|Heat Wave|p2a: Charizard|[spread] \n|-activate|p2a: Charizard|move: Protect\n|-miss|p1a: I believe|p2b: Sylveon\n|move|p2b: Sylveon|Hyper Voice|p1b: Woatom|[spread] p1a\n|-activate|p1b: Woatom|move: Protect\n|-resisted|p1a: I believe|1\n|-damage|p1a: I believe|48/100\n|\n|-weather|SunnyDay|[upkeep]\n|-heal|p1b: Woatom|75/100|[from] item: Leftovers\n|upkeep\n|turn|4\n|\n|t:|1776449328\n|move|p1a: I believe|Heat Wave|p2b: Sylveon|[spread] p2a,p2b\n|-resisted|p2a: Charizard|1\n|-damage|p2a: Charizard|67/100\n|-damage|p2b: Sylveon|53/100\n|-status|p2b: Sylveon|brn\n|move|p2a: Charizard|Air Slash|p1a: I believe\n|-damage|p1a: I believe|4/100\n|move|p1b: Woatom|Volt Switch|p2a: Charizard\n|-supereffective|p2a: Charizard|1\n|-damage|p2a: Charizard|9/100\n|\n|t:|1776449339\n|switch|p1b: Hypnotic|Snorlax, L50, F|52/100|[from] Volt Switch\n|move|p2b: Sylveon|Hyper Beam|p1b: Hypnotic\n|-damage|p1b: Hypnotic|0 fnt\n|-mustrecharge|p2b: Sylveon\n|faint|p1b: Hypnotic\n|\n|-weather|SunnyDay|[upkeep]\n|-damage|p2b: Sylveon|47/100 brn|[from] brn\n|upkeep\n|\n|t:|1776449343\n|switch|p1b: Woatom|Rotom-Wash, L50|75/100\n|turn|5\n|\n|t:|1776449360\n|switch|p2a: Venusaur|Venusaur, L50, M|100/100\n|move|p1a: I believe|Heat Wave|p2b: Sylveon|[spread] p2a,p2b\n|-supereffective|p2a: Venusaur|1\n|-enditem|p2a: Venusaur|Focus Sash\n|-damage|p2a: Venusaur|1/100\n|-damage|p2b: Sylveon|0 fnt\n|faint|p2b: Sylveon\n|move|p1b: Woatom|Volt Switch|p2a: Venusaur\n|-resisted|p2a: Venusaur|1\n|-damage|p2a: Venusaur|0 fnt\n|faint|p2a: Venusaur\n|\n|t:|1776449366\n|switch|p1b: Flower :(|Hydreigon, L50, M|100/100|[from] Volt Switch\n|\n|-weather|none\n|upkeep\n|inactive|Battle timer is ON: inactive players will automatically lose when time's up. (requested by 647w)\n|\n|t:|1776449401\n|switch|p2b: Charizard|Charizard-Mega-Y, L50, M|9/100\n|-weather|SunnyDay|[from] ability: Drought|[of] p2b: Charizard\n|turn|6\n|\n|t:|1776449406\n|move|p1a: I believe|Psychic|p2b: Charizard\n|-damage|p2b: Charizard|0 fnt\n|faint|p2b: Charizard\n|\n|win|647w\n|raw|647w's rating: 1268 &rarr; <strong>1291</strong><br />(+23 for winning)\n|raw|naxnaxnax's rating: 1244 &rarr; <strong>1221</strong><br />(-23 for losing)\n|l|\u2606naxnaxnax\n|player|p2|\n",
  "uploadtime": 1776449415,
  "views": 43,
  "formatid": "gen9championsvgc2026regma",
  "rating": 1221,
  "private": 0,
  "password": null
}