{
  "id": "gen9championsvgc2026regma-2587768097",
  "format": "[Gen 9 Champions] VGC 2026 Reg M-A",
  "players": [
    "Wall_of_Wonder",
    "blazegeo"
  ],
  "log": "|j|\u2606Wall_of_Wonder\n|j|\u2606blazegeo\n|t:|1776562029\n|gametype|doubles\n|player|p1|Wall_of_Wonder|cynthia-gen4|1100\n|player|p2|blazegeo|169|1013\n|gen|9\n|tier|[Gen 9 Champions] VGC 2026 Reg M-A\n|rated|\n|rule|Species Clause: Limit one of each Pok\u00e9mon\n|rule|Item Clause: Limit 1 of each item\n|clearpoke\n|poke|p1|Scizor, L50, F, shiny|\n|poke|p1|Greninja, L50, F, shiny|\n|poke|p1|Pelipper, L50, F, shiny|\n|poke|p1|Steelix, L50, F, shiny|\n|poke|p1|Archaludon, L50, F, shiny|\n|poke|p1|Meowscarada, L50, M, shiny|\n|poke|p2|Kommo-o, L50, M|\n|poke|p2|Tinkaton, L50, F|\n|poke|p2|Milotic, L50, F|\n|poke|p2|Sableye, L50, F|\n|poke|p2|Arcanine, L50, M|\n|poke|p2|Emolga, L50, F|\n|teampreview|4\n|inactive|Battle timer is ON: inactive players will automatically lose when time's up. (requested by blazegeo)\n|inactive|Wall_of_Wonder has 60 seconds left.\n|inactive|blazegeo has 60 seconds left.\n|\n|t:|1776562073\n|teamsize|p1|4\n|teamsize|p2|4\n|start\n|switch|p1a: Greninja|Greninja, L50, F, shiny|100/100\n|switch|p1b: Pelipper|Pelipper, L50, F, shiny|100/100\n|switch|p2a: Kommo-o|Kommo-o, L50, M|100/100\n|switch|p2b: Emolga|Emolga, L50, F|100/100\n|-weather|RainDance|[from] ability: Drizzle|[of] p1b: Pelipper\n|turn|1\n|inactive|Wall_of_Wonder has 30 seconds left.\n|\n|t:|1776562105\n|detailschange|p1a: Greninja|Greninja-Mega, L50, F, shiny\n|-mega|p1a: Greninja|Greninja|Greninjite\n|move|p2b: Emolga|Helping Hand|p2a: Kommo-o\n|-singleturn|p2a: Kommo-o|Helping Hand|[of] p2b: Emolga\n|move|p1a: Greninja|Flip Turn|p2a: Kommo-o\n|-start|p1a: Greninja|typechange|Water|[from] ability: Protean\n|-resisted|p2a: Kommo-o|1\n|-crit|p2a: Kommo-o\n|-damage|p2a: Kommo-o|68/100\n|\n|t:|1776562114\n|switch|p1a: Archaludon|Archaludon, L50, F, shiny|100/100|[from] Flip Turn\n|move|p2a: Kommo-o|Clanging Scales|p1a: Archaludon|[spread] p1a,p1b\n|-damage|p1a: Archaludon|25/100\n|-damage|p1b: Pelipper|13/100\n|-ability|p1a: Archaludon|Stamina|boost\n|-boost|p1a: Archaludon|def|1\n|-unboost|p2a: Kommo-o|def|1\n|move|p1b: Pelipper|Tailwind|p1b: Pelipper\n|-sidestart|p1: Wall_of_Wonder|move: Tailwind\n|\n|-weather|RainDance|[upkeep]\n|-heal|p1b: Pelipper|19/100|[from] item: Leftovers\n|upkeep\n|turn|2\n|inactive|blazegeo has 30 seconds left.\n|inactive|blazegeo has 20 seconds left.\n|\n|t:|1776562150\n|move|p2a: Kommo-o|Protect|p2a: Kommo-o\n|-singleturn|p2a: Kommo-o|Protect\n|move|p1b: Pelipper|Wide Guard|p1b: Pelipper\n|-singleturn|p1b: Pelipper|Wide Guard\n|move|p1a: Archaludon|Light Screen|p1a: Archaludon\n|-sidestart|p1: Wall_of_Wonder|move: Light Screen\n|move|p2b: Emolga|Volt Switch|p1b: Pelipper\n|-supereffective|p1b: Pelipper|2\n|-damage|p1b: Pelipper|0 fnt\n|faint|p1b: Pelipper\n|\n|t:|1776562173\n|switch|p2b: Tinkaton|Tinkaton, L50, F|100/100|[from] Volt Switch\n|-ability|p2b: Tinkaton|Mold Breaker\n|\n|-weather|RainDance|[upkeep]\n|upkeep\n|\n|t:|1776562183\n|switch|p1b: Meowscarada|Meowscarada, L50, M, shiny|100/100\n|turn|3\n|inactive|blazegeo has 30 seconds left.\n|inactive|Wall_of_Wonder has 30 seconds left.\n|\n|t:|1776562220\n|move|p2b: Tinkaton|Fake Out|p1a: Archaludon|[miss]\n|-miss|p2b: Tinkaton|p1a: Archaludon\n|move|p1b: Meowscarada|Play Rough|p2a: Kommo-o\n|-start|p1b: Meowscarada|typechange|Fairy|[from] ability: Protean\n|-supereffective|p2a: Kommo-o|2\n|-damage|p2a: Kommo-o|0 fnt\n|faint|p2a: Kommo-o\n|move|p1a: Archaludon|Electro Shot||[still]\n|-prepare|p1a: Archaludon|Electro Shot\n|-boost|p1a: Archaludon|spa|1\n|-anim|p1a: Archaludon|Electro Shot|p2b: Tinkaton\n|-damage|p2b: Tinkaton|52/100\n|\n|-weather|RainDance|[upkeep]\n|upkeep\n|inactive|blazegeo has 30 seconds left.\n|inactive|blazegeo has 20 seconds left.\n|\n|t:|1776562257\n|switch|p2a: Emolga|Emolga, L50, F|100/100\n|turn|4\n|\n|t:|1776562280\n|move|p2a: Emolga|Protect|p2a: Emolga\n|-singleturn|p2a: Emolga|Protect\n|move|p2b: Tinkaton|Protect|p2b: Tinkaton\n|-singleturn|p2b: Tinkaton|Protect\n|move|p1b: Meowscarada|Play Rough|p2a: Emolga\n|-activate|p2a: Emolga|move: Protect\n|move|p1a: Archaludon|Flash Cannon|p2b: Tinkaton\n|-activate|p2b: Tinkaton|move: Protect\n|\n|-weather|RainDance|[upkeep]\n|-sideend|p1: Wall_of_Wonder|move: Tailwind\n|upkeep\n|turn|5\n|inactive|blazegeo has 30 seconds left.\n|\n|t:|1776562312\n|move|p1b: Meowscarada|Play Rough|p2a: Emolga\n|-damage|p2a: Emolga|22/100\n|-unboost|p2a: Emolga|atk|1\n|move|p2a: Emolga|Volt Switch|p1b: Meowscarada\n|-damage|p1b: Meowscarada|82/100\n|\n|t:|1776562319\n|switch|p2a: Arcanine|Arcanine, L50, M|100/100|[from] Volt Switch\n|-ability|p2a: Arcanine|Intimidate|boost\n|-unboost|p1a: Archaludon|atk|1\n|-unboost|p1b: Meowscarada|atk|1\n|move|p2b: Tinkaton|Gigaton Hammer|p1b: Meowscarada\n|-supereffective|p1b: Meowscarada|1\n|-damage|p1b: Meowscarada|0 fnt\n|faint|p1b: Meowscarada\n|move|p1a: Archaludon|Electro Shot||[still]\n|-prepare|p1a: Archaludon|Electro Shot\n|-boost|p1a: Archaludon|spa|1\n|-anim|p1a: Archaludon|Electro Shot|p2b: Tinkaton\n|-damage|p2b: Tinkaton|0 fnt\n|faint|p2b: Tinkaton\n|\n|-weather|none\n|upkeep\n|\n|t:|1776562332\n|switch|p1b: Greninja|Greninja-Mega, L50, F, shiny|100/100\n|switch|p2b: Emolga|Emolga, L50, F|22/100\n|turn|6\n|inactive|Wall_of_Wonder has 30 seconds left.\n|inactive|Wall_of_Wonder has 20 seconds left.\n|\n|t:|1776562372\n|move|p2b: Emolga|Helping Hand|p2a: Arcanine\n|-singleturn|p2a: Arcanine|Helping Hand|[of] p2b: Emolga\n|move|p2a: Arcanine|Close Combat|p1b: Greninja\n|-supereffective|p1b: Greninja|1\n|-damage|p1b: Greninja|0 fnt\n|-unboost|p2a: Arcanine|def|1\n|-unboost|p2a: Arcanine|spd|1\n|faint|p1b: Greninja\n|move|p1a: Archaludon|Flash Cannon|p2b: Emolga\n|-resisted|p2b: Emolga|1\n|-damage|p2b: Emolga|0 fnt\n|faint|p2b: Emolga\n|\n|-sideend|p1: Wall_of_Wonder|move: Light Screen\n|upkeep\n|turn|7\n|\n|t:|1776562384\n|move|p2a: Arcanine|Close Combat|p1a: Archaludon\n|-supereffective|p1a: Archaludon|1\n|-crit|p1a: Archaludon\n|-damage|p1a: Archaludon|0 fnt\n|-unboost|p2a: Arcanine|def|1\n|-unboost|p2a: Arcanine|spd|1\n|faint|p1a: Archaludon\n|\n|win|blazegeo\n|raw|Wall_of_Wonder's rating: 1100 &rarr; <strong>1069</strong><br />(-31 for losing)\n|raw|blazegeo's rating: 1013 &rarr; <strong>1060</strong><br />(+47 for winning)\n|l|\u2606Wall_of_Wonder\n|player|p1|\n",
  "uploadtime": 1776562395,
  "views": 15,
  "formatid": "gen9championsvgc2026regma",
  "rating": 1060,
  "private": 0,
  "password": null
}