{
  "id": "gen9championsvgc2026regma-2586103160",
  "format": "[Gen 9 Champions] VGC 2026 Reg M-A",
  "players": [
    "Phillip Blevin",
    "SvenSvensonIII"
  ],
  "log": "|j|\u2606Phillip Blevin\n|j|\u2606SvenSvensonIII\n|t:|1776399352\n|gametype|doubles\n|player|p1|Phillip Blevin|cynthia-masters4|1323\n|player|p2|SvenSvensonIII|266|1392\n|gen|9\n|tier|[Gen 9 Champions] VGC 2026 Reg M-A\n|rated|\n|rule|Species Clause: Limit one of each Pok\u00e9mon\n|rule|Item Clause: Limit 1 of each item\n|clearpoke\n|poke|p1|Froslass, L50, F|\n|poke|p1|Corviknight, L50, M|\n|poke|p1|Incineroar, L50, F|\n|poke|p1|Rotom-Mow, L50|\n|poke|p1|Sneasler, L50, F|\n|poke|p1|Primarina, L50, M|\n|poke|p2|Kleavor, L50, F|\n|poke|p2|Aegislash, L50, M|\n|poke|p2|Sneasler, L50, M|\n|poke|p2|Incineroar, L50, M|\n|poke|p2|Scovillain, L50, M|\n|poke|p2|Heliolisk, L50, M|\n|teampreview|4\n|inactive|Battle timer is ON: inactive players will automatically lose when time's up. (requested by SvenSvensonIII)\n|inactive|Phillip Blevin also wants the timer to be on.\nPhillip Blevin has agreed to open team sheets.\n|inactive|Phillip Blevin has 60 seconds left.\n|\n|t:|1776399384\n|teamsize|p1|4\n|teamsize|p2|4\n|start\n|switch|p1a: Incineroar|Incineroar, L50, F|100/100\n|switch|p1b: Primarina|Primarina, L50, M|100/100\n|switch|p2a: Kleavor|Kleavor, L50, F|100/100\n|switch|p2b: Sneasler|Sneasler, L50, M|100/100\n|-ability|p1a: Incineroar|Intimidate|boost\n|-unboost|p2a: Kleavor|atk|1\n|-unboost|p2b: Sneasler|atk|1\n|-enditem|p2b: Sneasler|White Herb\n|-clearnegativeboost|p2b: Sneasler|[silent]\n|turn|1\n|\n|t:|1776399402\n|move|p2b: Sneasler|Fake Out|p1a: Incineroar\n|-damage|p1a: Incineroar|89/100\n|cant|p1a: Incineroar|flinch\n|move|p2a: Kleavor|Stone Axe|p1a: Incineroar\n|-supereffective|p1a: Incineroar|1\n|-damage|p1a: Incineroar|38/100\n|-sidestart|p1: Phillip Blevin|move: Stealth Rock\n|move|p1b: Primarina|Hyper Voice|p2a: Kleavor|[spread] p2a,p2b\n|-supereffective|p2a: Kleavor|1\n|-damage|p2a: Kleavor|0 fnt\n|-damage|p2b: Sneasler|56/100\n|faint|p2a: Kleavor\n|\n|upkeep\n|\n|t:|1776399414\n|switch|p2a: Heliolisk|Heliolisk, L50, M|100/100\n|turn|2\n|\n|t:|1776399420\n|move|p1b: Primarina|Protect|p1b: Primarina\n|-singleturn|p1b: Primarina|Protect\n|move|p2b: Sneasler|Dire Claw|p1a: Incineroar\n|-damage|p1a: Incineroar|6/100\n|-status|p1a: Incineroar|psn\n|move|p2a: Heliolisk|Thunderbolt|p1b: Primarina\n|-activate|p1b: Primarina|move: Protect\n|move|p1a: Incineroar|Parting Shot|p2a: Heliolisk\n|-unboost|p2a: Heliolisk|atk|1\n|-unboost|p2a: Heliolisk|spa|1\n|\n|t:|1776399429\n|switch|p1a: Sneasler|Sneasler, L50, F|100/100|[from] Parting Shot\n|-damage|p1a: Sneasler|95/100|[from] Stealth Rock\n|-ability|p1a: Sneasler|Pressure\n|\n|upkeep\n|turn|3\n|\n|t:|1776399441\n|move|p2b: Sneasler|Protect|p2b: Sneasler\n|-singleturn|p2b: Sneasler|Protect\n|move|p2a: Heliolisk|Protect|p2a: Heliolisk\n|-singleturn|p2a: Heliolisk|Protect\n|move|p1a: Sneasler|Fake Out|p2b: Sneasler\n|-activate|p2b: Sneasler|move: Protect\n|move|p1b: Primarina|Hyper Voice|p2b: Sneasler|[spread] \n|-activate|p2a: Heliolisk|move: Protect\n|-activate|p2b: Sneasler|move: Protect\n|\n|upkeep\n|turn|4\n|\n|t:|1776399469\n|move|p2b: Sneasler|Dire Claw|p1b: Primarina\n|-supereffective|p1b: Primarina|1\n|-damage|p1b: Primarina|11/100\n|-enditem|p1b: Primarina|Sitrus Berry|[eat]\n|-heal|p1b: Primarina|35/100|[from] item: Sitrus Berry\n|move|p1a: Sneasler|Close Combat|p2a: Heliolisk\n|-supereffective|p2a: Heliolisk|1\n|-enditem|p2a: Heliolisk|Focus Sash\n|-damage|p2a: Heliolisk|1/100\n|-unboost|p1a: Sneasler|def|1\n|-unboost|p1a: Sneasler|spd|1\n|-enditem|p1a: Sneasler|White Herb\n|-clearnegativeboost|p1a: Sneasler|[silent]\n|move|p2a: Heliolisk|Thunderbolt|p1a: Sneasler\n|-damage|p1a: Sneasler|54/100\n|move|p1b: Primarina|Moonblast|p2b: Sneasler\n|-damage|p2b: Sneasler|0 fnt\n|faint|p2b: Sneasler\n|\n|upkeep\n|\n|t:|1776399489\n|switch|p2b: Scovillain|Scovillain, L50, M|100/100\n|turn|5\n|\n|t:|1776399501\n|detailschange|p2b: Scovillain|Scovillain-Mega, L50, M\n|-mega|p2b: Scovillain|Scovillain|Scovillainite\n|move|p1b: Primarina|Protect|p1b: Primarina\n|-singleturn|p1b: Primarina|Protect\n|move|p2b: Scovillain|Rage Powder|p2b: Scovillain\n|-singleturn|p2b: Scovillain|move: Rage Powder\n|move|p1a: Sneasler|Rock Tomb|p2b: Scovillain\n|-supereffective|p2b: Scovillain|1\n|-damage|p2b: Scovillain|68/100\n|-unboost|p2b: Scovillain|spe|1\n|-status|p1a: Sneasler|brn|[from] ability: Spicy Spray|[of] p2b: Scovillain\n|move|p2a: Heliolisk|Thunderbolt|p1b: Primarina\n|-activate|p1b: Primarina|move: Protect\n|\n|-damage|p1a: Sneasler|48/100 brn|[from] brn\n|upkeep\n|turn|6\n|\n|t:|1776399518\n|move|p2b: Scovillain|Rage Powder|p2b: Scovillain\n|-singleturn|p2b: Scovillain|move: Rage Powder\n|move|p1a: Sneasler|Rock Tomb|p2b: Scovillain\n|-supereffective|p2b: Scovillain|1\n|-damage|p2b: Scovillain|50/100\n|-unboost|p2b: Scovillain|spe|1\n|move|p2a: Heliolisk|Thunderbolt|p1b: Primarina\n|-supereffective|p1b: Primarina|1\n|-damage|p1b: Primarina|0 fnt\n|faint|p1b: Primarina\n|\n|-damage|p1a: Sneasler|42/100 brn|[from] brn\n|upkeep\n|\n|t:|1776399524\n|switch|p1b: Corviknight|Corviknight, L50, M|100/100\n|-damage|p1b: Corviknight|88/100|[from] Stealth Rock\n|turn|7\n|\n|t:|1776399536\n|move|p2b: Scovillain|Rage Powder|p2b: Scovillain\n|-singleturn|p2b: Scovillain|move: Rage Powder\n|move|p1a: Sneasler|Dire Claw|p2b: Scovillain\n|-supereffective|p2b: Scovillain|1\n|-damage|p2b: Scovillain|12/100\n|move|p2a: Heliolisk|Thunderbolt|p1b: Corviknight\n|-supereffective|p1b: Corviknight|1\n|-damage|p1b: Corviknight|33/100\n|move|p1b: Corviknight|Body Press|p2b: Scovillain\n|-damage|p2b: Scovillain|0 fnt\n|-status|p1b: Corviknight|brn|[from] ability: Spicy Spray|[of] p2b: Scovillain\n|faint|p2b: Scovillain\n|\n|-heal|p1b: Corviknight|39/100 brn|[from] item: Leftovers\n|-damage|p1a: Sneasler|37/100 brn|[from] brn\n|-damage|p1b: Corviknight|33/100 brn|[from] brn\n|upkeep\n|turn|8\n|inactive|SvenSvensonIII has 30 seconds left.\n|inactive|SvenSvensonIII has 20 seconds left.\n|c|\u2606SvenSvensonIII|The 70-protect ftw?\n|-message|SvenSvensonIII forfeited.\n|\n|win|Phillip Blevin\n|raw|Phillip Blevin's rating: 1323 &rarr; <strong>1347</strong><br />(+24 for winning)\n|raw|SvenSvensonIII's rating: 1392 &rarr; <strong>1368</strong><br />(-24 for losing)\n",
  "uploadtime": 1776399575,
  "views": 46,
  "formatid": "gen9championsvgc2026regma",
  "rating": 1347,
  "private": 0,
  "password": null
}