{
  "id": "gen9championsvgc2026regma-2584875539",
  "format": "[Gen 9 Champions] VGC 2026 Reg M-A",
  "players": [
    "Jah_08",
    "badaaabum"
  ],
  "log": "|j|\u2606Jah_08\n|j|\u2606badaaabum\n|t:|1776290653\n|gametype|doubles\n|player|p1|Jah_08|alder|1277\n|player|p2|badaaabum|rocketgrunt|1313\n|gen|9\n|tier|[Gen 9 Champions] VGC 2026 Reg M-A\n|rated|\n|rule|Species Clause: Limit one of each Pok\u00e9mon\n|rule|Item Clause: Limit 1 of each item\n|clearpoke\n|poke|p1|Excadrill, L50, M|\n|poke|p1|Whimsicott, L50, M|\n|poke|p1|Chandelure, L50, M|\n|poke|p1|Zoroark-Hisui, L50, M|\n|poke|p1|Basculegion, L50, M|\n|poke|p1|Hydreigon, L50, M|\n|poke|p2|Garganacl, L50, M|\n|poke|p2|Scovillain, L50, M|\n|poke|p2|Espathra, L50, F|\n|poke|p2|Goodra-Hisui, L50, M|\n|poke|p2|Milotic, L50, F|\n|poke|p2|Altaria, L50, F|\n|teampreview|4\n|inactive|Battle timer is ON: inactive players will automatically lose when time's up. (requested by badaaabum)\n|inactive|Jah_08 has 60 seconds left.\n|\n|t:|1776290712\n|teamsize|p1|4\n|teamsize|p2|4\n|start\n|switch|p1a: Basculegion|Basculegion, L50, M|100/100\n|switch|p1b: Whimsicott|Whimsicott, L50, M, shiny|100/100\n|switch|p2a: Espathra|Espathra, L50, F, shiny|100/100\n|switch|p2b: Milotic|Milotic, L50, F, shiny|100/100\n|turn|1\n|c|\u2606Jah_08|gl hf\n|inactive|Jah_08 has 30 seconds left.\n|\n|t:|1776290738\n|move|p2a: Espathra|Protect|p2a: Espathra\n|-singleturn|p2a: Espathra|Protect\n|move|p1b: Whimsicott|Tailwind|p1b: Whimsicott\n|-sidestart|p1: Jah_08|move: Tailwind\n|move|p1a: Basculegion|Shadow Ball|p2a: Espathra\n|-activate|p2a: Espathra|move: Protect\n|move|p2b: Milotic|Icy Wind|p1a: Basculegion|[spread] p1a,p1b\n|-supereffective|p1b: Whimsicott|1\n|-damage|p1a: Basculegion|80/100\n|-damage|p1b: Whimsicott|74/100\n|-unboost|p1a: Basculegion|spe|1\n|-unboost|p1b: Whimsicott|spe|1\n|replace|p1a: Zoroark|Zoroark-Hisui, L50, M\n|-end|p1a: Zoroark|Illusion\n|\n|-ability|p2a: Espathra|Speed Boost|boost\n|-boost|p2a: Espathra|spe|1\n|upkeep\n|turn|2\n|\n|t:|1776290762\n|move|p2a: Espathra|Lumina Crash|p1b: Whimsicott\n|-damage|p1b: Whimsicott|26/100\n|-unboost|p1b: Whimsicott|spd|2\n|move|p1a: Zoroark|Shadow Ball|p2a: Espathra\n|-supereffective|p2a: Espathra|1\n|-enditem|p2a: Espathra|Focus Sash\n|-damage|p2a: Espathra|1/100\n|move|p1b: Whimsicott|Moonblast|p2a: Espathra\n|-damage|p2a: Espathra|0 fnt\n|faint|p2a: Espathra\n|move|p2b: Milotic|Light Screen|p2b: Milotic\n|-sidestart|p2: badaaabum|move: Light Screen\n|\n|upkeep\n|\n|t:|1776290777\n|switch|p2a: Goodra|Goodra-Hisui, L50, M, shiny|100/100\n|turn|3\n|\n|t:|1776290790\n|move|p1b: Whimsicott|Encore|p2b: Milotic\n|-start|p2b: Milotic|Encore\n|move|p1a: Zoroark|Shadow Ball|p2a: Goodra\n|-damage|p2a: Goodra|77/100\n|move|p2b: Milotic|Light Screen||[still]\n|-fail|p2b: Milotic\n|move|p2a: Goodra|Heavy Slam|p1b: Whimsicott\n|-supereffective|p1b: Whimsicott|1\n|-damage|p1b: Whimsicott|0 fnt\n|faint|p1b: Whimsicott\n|\n|upkeep\n|\n|t:|1776290803\n|switch|p1b: Excadrill|Excadrill, L50, M|100/100\n|-ability|p1b: Excadrill|Mold Breaker\n|turn|4\n|\n|t:|1776290812\n|switch|p2b: Scovillain|Scovillain, L50, M, shiny|100/100\n|move|p1b: Excadrill|High Horsepower|p2a: Goodra\n|-supereffective|p2a: Goodra|1\n|-damage|p2a: Goodra|0 fnt\n|faint|p2a: Goodra\n|move|p1a: Zoroark|Shadow Ball|p2b: Scovillain\n|-damage|p2b: Scovillain|64/100\n|\n|-sideend|p1: Jah_08|move: Tailwind\n|-ability|p2b: Scovillain|Moody|boost\n|-boost|p2b: Scovillain|spe|2\n|-unboost|p2b: Scovillain|spd|1\n|upkeep\n|\n|t:|1776290826\n|switch|p2a: Milotic|Milotic, L50, F, shiny|100/100\n|turn|5\n|\n|t:|1776290850\n|move|p2b: Scovillain|Protect|p2b: Scovillain\n|-singleturn|p2b: Scovillain|Protect\n|move|p1b: Excadrill|Protect|p1b: Excadrill\n|-singleturn|p1b: Excadrill|Protect\n|move|p1a: Zoroark|Shadow Ball|p2b: Scovillain\n|-activate|p2b: Scovillain|move: Protect\n|move|p2a: Milotic|Scald|p1b: Excadrill\n|-activate|p1b: Excadrill|move: Protect\n|\n|-ability|p2b: Scovillain|Moody|boost\n|-boost|p2b: Scovillain|spe|2\n|-unboost|p2b: Scovillain|atk|1\n|upkeep\n|turn|6\n|inactive|Jah_08 has 30 seconds left.\n|inactive|badaaabum has 30 seconds left.\n|inactive|Jah_08 has 20 seconds left.\n|\n|t:|1776290887\n|detailschange|p2b: Scovillain|Scovillain-Mega, L50, M, shiny\n|-mega|p2b: Scovillain|Scovillain|Scovillainite\n|move|p2b: Scovillain|Giga Drain|p1a: Zoroark\n|-damage|p1a: Zoroark|10/100\n|-heal|p2b: Scovillain|91/100|[from] drain|[of] p1a: Zoroark\n|move|p1b: Excadrill|High Horsepower|p2b: Scovillain\n|-damage|p2b: Scovillain|42/100\n|-status|p1b: Excadrill|brn|[from] ability: Spicy Spray|[of] p2b: Scovillain\n|move|p1a: Zoroark|Shadow Ball|p2a: Milotic\n|-damage|p2a: Milotic|78/100\n|move|p2a: Milotic|Scald|p1b: Excadrill\n|-supereffective|p1b: Excadrill|1\n|-damage|p1b: Excadrill|16/100 brn\n|\n|-heal|p2a: Milotic|84/100|[from] item: Leftovers\n|-damage|p1b: Excadrill|10/100 brn|[from] brn\n|-sideend|p2: badaaabum|move: Light Screen\n|upkeep\n|turn|7\n|inactive|Jah_08 has 30 seconds left.\n|inactive|badaaabum has 30 seconds left.\n|\n|t:|1776290919\n|move|p2b: Scovillain|Protect|p2b: Scovillain\n|-singleturn|p2b: Scovillain|Protect\n|move|p1b: Excadrill|Rock Slide|p2b: Scovillain|[spread] p2a\n|-activate|p2b: Scovillain|move: Protect\n|-damage|p2a: Milotic|76/100\n|move|p1a: Zoroark|Icy Wind|p2a: Milotic|[spread] p2a\n|-activate|p2b: Scovillain|move: Protect\n|-resisted|p2a: Milotic|1\n|-damage|p2a: Milotic|71/100\n|-unboost|p2a: Milotic|spe|1\n|-ability|p2a: Milotic|Competitive|boost\n|-boost|p2a: Milotic|spa|2\n|move|p2a: Milotic|Icy Wind|p1b: Excadrill|[spread] p1a\n|-miss|p2a: Milotic|p1b: Excadrill\n|-damage|p1a: Zoroark|0 fnt\n|faint|p1a: Zoroark\n|\n|-heal|p2a: Milotic|77/100|[from] item: Leftovers\n|-damage|p1b: Excadrill|4/100 brn|[from] brn\n|upkeep\n|\n|t:|1776290943\n|switch|p1a: Basculegion|Basculegion, L50, M|100/100\n|turn|8\n|\n|t:|1776290959\n|move|p2b: Scovillain|Giga Drain|p1a: Basculegion\n|-supereffective|p1a: Basculegion|1\n|-crit|p1a: Basculegion\n|-damage|p1a: Basculegion|0 fnt\n|-heal|p2b: Scovillain|99/100|[from] drain|[of] p1a: Basculegion\n|faint|p1a: Basculegion\n|move|p1b: Excadrill|Rock Slide|p2a: Milotic|[spread] p2a,p2b\n|-supereffective|p2b: Scovillain|1\n|-damage|p2a: Milotic|69/100\n|-damage|p2b: Scovillain|80/100\n|move|p2a: Milotic|Icy Wind|p1b: Excadrill\n|-damage|p1b: Excadrill|0 fnt\n|faint|p1b: Excadrill\n|\n|win|badaaabum\n|raw|Jah_08's rating: 1277 &rarr; <strong>1255</strong><br />(-22 for losing)\n|raw|badaaabum's rating: 1313 &rarr; <strong>1331</strong><br />(+18 for winning)\n",
  "uploadtime": 1776290976,
  "views": 44,
  "formatid": "gen9championsvgc2026regma",
  "rating": 1255,
  "private": 0,
  "password": null
}