{
  "id": "gen9championsvgc2026regma-2583898122",
  "format": "[Gen 9 Champions] VGC 2026 Reg M-A",
  "players": [
    "stargoggles",
    "flamegg"
  ],
  "log": "|j|\u2606stargoggles\n|j|\u2606flamegg\n|t:|1776206487\n|gametype|doubles\n|player|p1|stargoggles|101|1178\n|player|p2|flamegg|ninjaboy|1142\n|gen|9\n|tier|[Gen 9 Champions] VGC 2026 Reg M-A\n|rated|\n|rule|Species Clause: Limit one of each Pok\u00e9mon\n|rule|Item Clause: Limit 1 of each item\n|clearpoke\n|poke|p1|Kangaskhan, L50, F|\n|poke|p1|Incineroar, L50, F|\n|poke|p1|Azumarill, L50, F|\n|poke|p1|Sinistcha, L50|\n|poke|p1|Dragapult, L50, M|\n|poke|p1|Glimmora, L50, M|\n|poke|p2|Floette-Eternal, L50, F|\n|poke|p2|Maushold-Four, L50|\n|poke|p2|Garchomp, L50, F|\n|poke|p2|Rotom-Wash, L50|\n|poke|p2|Talonflame, L50, F|\n|poke|p2|Aegislash, L50, F|\n|teampreview|4\n|inactive|Battle timer is ON: inactive players will automatically lose when time's up. (requested by stargoggles)\n|\n|t:|1776206584\n|teamsize|p1|4\n|teamsize|p2|4\n|start\n|switch|p1a: Incineroar|Incineroar, L50, F|100/100\n|switch|p1b: Amarelorill|Azumarill, L50, F, shiny|100/100\n|switch|p2a: Floette|Floette-Eternal, L50, F|100/100\n|switch|p2b: Maushold|Maushold-Four, L50|100/100\n|-ability|p1a: Incineroar|Intimidate|boost\n|-unboost|p2a: Floette|atk|1\n|-unboost|p2b: Maushold|atk|1\n|turn|1\n|\n|t:|1776206608\n|detailschange|p2a: Floette|Floette-Mega, L50, F\n|-mega|p2a: Floette|Floette|Floettite\n|-ability|p2a: Floette|Fairy Aura\n|move|p1a: Incineroar|Fake Out|p2b: Maushold\n|-damage|p2b: Maushold|87/100\n|cant|p2b: Maushold|flinch\n|move|p2a: Floette|Calm Mind|p2a: Floette\n|-boost|p2a: Floette|spa|1\n|-boost|p2a: Floette|spd|1\n|move|p1b: Amarelorill|Belly Drum|p1b: Amarelorill\n|-damage|p1b: Amarelorill|50/100\n|-setboost|p1b: Amarelorill|atk|6|[from] move: Belly Drum\n|-enditem|p1b: Amarelorill|Sitrus Berry|[eat]\n|-heal|p1b: Amarelorill|75/100|[from] item: Sitrus Berry\n|\n|upkeep\n|turn|2\n|inactive|stargoggles has 30 seconds left.\n|inactive|flamegg has 30 seconds left.\n|inactive|flamegg has 20 seconds left.\n|inactive|stargoggles has 20 seconds left.\n|inactive|flamegg has 15 seconds left.\n|inactive|flamegg has 10 seconds left.\n|\n|t:|1776206658\n|switch|p1a: Sinistcha|Sinistcha, L50|100/100\n|-heal|p1b: Amarelorill|100/100|[from] ability: Hospitality|[of] p1a: Sinistcha\n|move|p1b: Amarelorill|Aqua Jet|p2a: Floette\n|-damage|p2a: Floette|10/100\n|move|p2b: Maushold|Super Fang|p1a: Sinistcha\n|-immune|p1a: Sinistcha\n|move|p2a: Floette|Dazzling Gleam|p1a: Sinistcha|[spread] p1a,p1b\n|-damage|p1a: Sinistcha|30/100\n|-damage|p1b: Amarelorill|10/100\n|\n|upkeep\n|turn|3\n|inactive|stargoggles has 30 seconds left.\n|inactive|flamegg has 30 seconds left.\n|inactive|stargoggles has 20 seconds left.\n|inactive|flamegg has 20 seconds left.\n|inactive|stargoggles has 15 seconds left.\n|inactive|flamegg has 15 seconds left.\n|inactive|flamegg has 10 seconds left.\n|inactive|flamegg has 5 seconds left.\n|\n|t:|1776206709\n|switch|p1a: Incineroar|Incineroar, L50, F|100/100\n|-ability|p1a: Incineroar|Intimidate|boost\n|-unboost|p2a: Floette|atk|1\n|-unboost|p2b: Maushold|atk|1\n|move|p2b: Maushold|Follow Me|p2b: Maushold\n|-singleturn|p2b: Maushold|move: Follow Me\n|move|p1b: Amarelorill|Aqua Jet|p2b: Maushold\n|-damage|p2b: Maushold|0 fnt\n|faint|p2b: Maushold\n|move|p2a: Floette|Dazzling Gleam|p1a: Incineroar|[spread] p1a,p1b\n|-crit|p1b: Amarelorill\n|-damage|p1a: Incineroar|47/100\n|-damage|p1b: Amarelorill|0 fnt\n|faint|p1b: Amarelorill\n|\n|upkeep\n|\n|t:|1776206728\n|switch|p2b: Talonflame|Talonflame, L50, F|100/100\n|switch|p1b: Sinistcha|Sinistcha, L50|30/100\n|-heal|p1a: Incineroar|72/100|[from] ability: Hospitality|[of] p1b: Sinistcha\n|turn|4\n|\n|t:|1776206741\n|switch|p1b: Kangaskhan|Kangaskhan, L50, F|100/100\n|move|p2a: Floette|Protect|p2a: Floette\n|-singleturn|p2a: Floette|Protect\n|move|p1a: Incineroar|Fake Out|p2a: Floette\n|-activate|p2a: Floette|move: Protect\n|move|p2b: Talonflame|Acrobatics|p1b: Kangaskhan\n|-damage|p1b: Kangaskhan|56/100\n|\n|upkeep\n|turn|5\n|inactive|flamegg has 30 seconds left.\n|\n|t:|1776206772\n|switch|p1a: Sinistcha|Sinistcha, L50|30/100\n|-heal|p1b: Kangaskhan|81/100|[from] ability: Hospitality|[of] p1a: Sinistcha\n|detailschange|p1b: Kangaskhan|Kangaskhan-Mega, L50, F\n|-mega|p1b: Kangaskhan|Kangaskhan|Kangaskhanite\n|move|p1b: Kangaskhan|Fake Out|p2a: Floette\n|-damage|p2a: Floette|0 fnt\n|faint|p2a: Floette\n|-hitcount|p2: Floette|1\n|move|p2b: Talonflame|Tailwind|p2b: Talonflame\n|-sidestart|p2: flamegg|move: Tailwind\n|\n|upkeep\n|\n|t:|1776206785\n|switch|p2a: Garchomp|Garchomp, L50, F|100/100\n|turn|6\n|\n|t:|1776206807\n|switch|p1a: Incineroar|Incineroar, L50, F|72/100\n|-ability|p1a: Incineroar|Intimidate|boost\n|-unboost|p2a: Garchomp|atk|1\n|-unboost|p2b: Talonflame|atk|1\n|move|p2b: Talonflame|Acrobatics|p1b: Kangaskhan\n|-damage|p1b: Kangaskhan|56/100\n|move|p2a: Garchomp|Earthquake|p1a: Incineroar|[spread] p1a,p1b\n|-immune|p2b: Talonflame\n|-supereffective|p1a: Incineroar|1\n|-damage|p1a: Incineroar|14/100\n|-damage|p1b: Kangaskhan|29/100\n|move|p1b: Kangaskhan|Double-Edge|p2b: Talonflame\n|-damage|p2b: Talonflame|0 fnt\n|faint|p2b: Talonflame\n|-hitcount|p2: Talonflame|1\n|-damage|p1b: Kangaskhan|5/100|[from] Recoil\n|\n|upkeep\n|turn|7\n|inactive|stargoggles has 30 seconds left.\n|inactive|stargoggles has 20 seconds left.\n|inactive|stargoggles has 15 seconds left.\n|\n|t:|1776206847\n|switch|p1a: Sinistcha|Sinistcha, L50|30/100\n|-heal|p1b: Kangaskhan|30/100|[from] ability: Hospitality|[of] p1a: Sinistcha\n|move|p2a: Garchomp|Earthquake|p1a: Sinistcha|[spread] p1a,p1b\n|-resisted|p1a: Sinistcha|1\n|-damage|p1a: Sinistcha|16/100\n|-damage|p1b: Kangaskhan|6/100\n|move|p1b: Kangaskhan|Double-Edge|p2a: Garchomp\n|-damage|p2a: Garchomp|31/100\n|-damage|p1b: Kangaskhan|0 fnt|[from] ability: Rough Skin|[of] p2a: Garchomp\n|faint|p1b: Kangaskhan\n|-hitcount|p2a: Garchomp|1\n|\n|upkeep\n|\n|t:|1776206857\n|switch|p1b: Incineroar|Incineroar, L50, F|14/100\n|-ability|p1b: Incineroar|Intimidate|boost\n|-unboost|p2a: Garchomp|atk|1\n|turn|8\n|\n|t:|1776206870\n|move|p1b: Incineroar|Fake Out|p2a: Garchomp\n|-damage|p2a: Garchomp|21/100\n|-damage|p1b: Incineroar|2/100|[from] ability: Rough Skin|[of] p2a: Garchomp\n|cant|p2a: Garchomp|flinch\n|move|p1a: Sinistcha|Trick Room|p1a: Sinistcha\n|-fieldstart|move: Trick Room|[of] p1a: Sinistcha\n|\n|-sideend|p2: flamegg|move: Tailwind\n|upkeep\n|turn|9\n|\n|t:|1776206886\n|move|p1b: Incineroar|Parting Shot|p2a: Garchomp\n|-unboost|p2a: Garchomp|atk|1\n|-unboost|p2a: Garchomp|spa|1\n|move|p1a: Sinistcha|Matcha Gotcha|p2a: Garchomp\n|-damage|p2a: Garchomp|0 fnt\n|-heal|p1a: Sinistcha|27/100|[from] drain|[of] p2a: Garchomp\n|faint|p2a: Garchomp\n|\n|win|stargoggles\n|raw|stargoggles's rating: 1178 &rarr; <strong>1200</strong><br />(+22 for winning)\n|raw|flamegg's rating: 1142 &rarr; <strong>1120</strong><br />(-22 for losing)\n|l|\u2606flamegg\n|player|p2|\n",
  "uploadtime": 1776206909,
  "views": 26,
  "formatid": "gen9championsvgc2026regma",
  "rating": 1120,
  "private": 0,
  "password": null
}