{
  "id": "gen9championsvgc2026regma-2584435630",
  "format": "[Gen 9 Champions] VGC 2026 Reg M-A",
  "players": [
    "crazyshit14",
    "Aabbcc12"
  ],
  "log": "|j|\u2606crazyshit14\n|j|\u2606Aabbcc12\n|t:|1776260694\n|gametype|doubles\n|player|p1|crazyshit14|1|1029\n|player|p2|Aabbcc12|harlequin|1000\n|gen|9\n|tier|[Gen 9 Champions] VGC 2026 Reg M-A\n|rated|\n|rule|Species Clause: Limit one of each Pok\u00e9mon\n|rule|Item Clause: Limit 1 of each item\n|clearpoke\n|poke|p1|Alakazam, L50, F|\n|poke|p1|Mimikyu, L50, F|\n|poke|p1|Snorlax, L50, F|\n|poke|p1|Talonflame, L50, F|\n|poke|p1|Kingambit, L50, M|\n|poke|p1|Scizor, L50, F|\n|poke|p2|Alakazam, L50, F|\n|poke|p2|Raichu-Alola, L50, M|\n|poke|p2|Camerupt, L50, M|\n|poke|p2|Ninetales-Alola, L50, F|\n|poke|p2|Chesnaught, L50, F|\n|poke|p2|Sneasler, L50, M|\n|teampreview|4\n|\n|t:|1776260721\n|teamsize|p1|4\n|teamsize|p2|4\n|start\n|switch|p1a: Mimikyu|Mimikyu, L50, F|100/100\n|switch|p1b: Snorlax|Snorlax, L50, F|100/100\n|switch|p2a: Raichu|Raichu-Alola, L50, M|100/100\n|switch|p2b: Sneasler|Sneasler, L50, M|100/100\n|turn|1\n|\n|t:|1776260735\n|move|p1b: Snorlax|Protect|p1b: Snorlax\n|-singleturn|p1b: Snorlax|Protect\n|move|p2b: Sneasler|Fake Out|p1a: Mimikyu\n|-immune|p1a: Mimikyu\n|move|p2a: Raichu|Fake Out|p1b: Snorlax\n|-activate|p1b: Snorlax|move: Protect\n|move|p1a: Mimikyu|Trick Room|p1a: Mimikyu\n|-fieldstart|move: Trick Room|[of] p1a: Mimikyu\n|\n|upkeep\n|turn|2\n|\n|t:|1776260771\n|move|p1b: Snorlax|Belly Drum|p1b: Snorlax\n|-damage|p1b: Snorlax|50/100\n|-setboost|p1b: Snorlax|atk|6|[from] move: Belly Drum\n|-enditem|p1b: Snorlax|Sitrus Berry|[eat]\n|-heal|p1b: Snorlax|75/100|[from] item: Sitrus Berry\n|move|p1a: Mimikyu|Psych Up|p1b: Snorlax\n|-copyboost|p1a: Mimikyu|p1b: Snorlax|[from] move: Psych Up\n|move|p2a: Raichu|Volt Switch|p1a: Mimikyu\n|-activate|p1a: Mimikyu|ability: Disguise\n|-damage|p1a: Mimikyu|100/100\n|detailschange|p1a: Mimikyu|Mimikyu-Busted, L50, F\n|-damage|p1a: Mimikyu|88/100|[from] pokemon: Mimikyu-Busted\n|\n|t:|1776260785\n|switch|p2a: Chesnaught|Chesnaught, L50, F|100/100|[from] Volt Switch\n|move|p2b: Sneasler|U-turn|p1a: Mimikyu\n|-resisted|p1a: Mimikyu|2\n|-damage|p1a: Mimikyu|80/100\n|\n|t:|1776260790\n|switch|p2b: Raichu|Raichu-Alola, L50, M|100/100|[from] U-turn\n|\n|upkeep\n|turn|3\n|\n|t:|1776260804\n|move|p2b: Raichu|Fake Out|p1b: Snorlax\n|-damage|p1b: Snorlax|69/100\n|cant|p1b: Snorlax|flinch\n|move|p2a: Chesnaught|Low Kick|p1b: Snorlax\n|-supereffective|p1b: Snorlax|1\n|-damage|p1b: Snorlax|0 fnt\n|faint|p1b: Snorlax\n|move|p1a: Mimikyu|Play Rough|p2a: Chesnaught\n|-supereffective|p2a: Chesnaught|1\n|-damage|p2a: Chesnaught|0 fnt\n|faint|p2a: Chesnaught\n|\n|upkeep\n|\n|t:|1776260820\n|switch|p1b: Scizor|Scizor, L50, F|100/100\n|switch|p2a: Sneasler|Sneasler, L50, M|100/100\n|turn|4\n|\n|t:|1776260837\n|detailschange|p1b: Scizor|Scizor-Mega, L50, F\n|-mega|p1b: Scizor|Scizor|Scizorite\n|move|p2a: Sneasler|Fake Out|p1b: Scizor\n|-resisted|p1b: Scizor|1\n|-damage|p1b: Scizor|95/100\n|-immune|p1b: Scizor\n|cant|p1b: Scizor|flinch\n|move|p1a: Mimikyu|Shadow Claw|p2a: Sneasler\n|-damage|p2a: Sneasler|0 fnt\n|faint|p2a: Sneasler\n|move|p2b: Raichu|Psychic Terrain|p2b: Raichu\n|-fieldstart|move: Psychic Terrain\n|\n|upkeep\n|\n|t:|1776260853\n|switch|p2a: Alakazam|Alakazam, L50, F|100/100\n|turn|5\n|\n|t:|1776260867\n|move|p2b: Raichu|Protect|p2b: Raichu\n|-singleturn|p2b: Raichu|Protect\n|move|p2a: Alakazam|Protect|p2a: Alakazam\n|-singleturn|p2a: Alakazam|Protect\n|move|p1b: Scizor|Bug Bite|p2a: Alakazam\n|-activate|p2a: Alakazam|move: Protect\n|move|p1a: Mimikyu|Shadow Claw|p2b: Raichu\n|-activate|p2b: Raichu|move: Protect\n|\n|-fieldend|move: Trick Room\n|upkeep\n|turn|6\n|\n|t:|1776260884\n|move|p2a: Alakazam|Expanding Force|p1a: Mimikyu|[spread] p1a,p1b\n|-resisted|p1b: Scizor|1\n|-damage|p1a: Mimikyu|0 fnt\n|-damage|p1b: Scizor|57/100\n|faint|p1a: Mimikyu\n|move|p2b: Raichu|Volt Switch|p1b: Scizor\n|-damage|p1b: Scizor|28/100\n|move|p1b: Scizor|Bug Bite|p2a: Alakazam\n|-supereffective|p2a: Alakazam|1\n|-damage|p2a: Alakazam|0 fnt\n|faint|p2a: Alakazam\n|\n|upkeep\n|\n|t:|1776260896\n|switch|p1a: Kingambit|Kingambit, L50, M|100/100\n|turn|7\n|-message|Aabbcc12 forfeited.\n|\n|win|crazyshit14\n|raw|crazyshit14's rating: 1029 &rarr; <strong>1062</strong><br />(+33 for winning)\n|raw|Aabbcc12's rating: 1000 &rarr; <strong>1000</strong><br />(+0 for losing)\n|l|\u2606Aabbcc12\n|player|p2|\n",
  "uploadtime": 1776260907,
  "views": 28,
  "formatid": "gen9championsvgc2026regma",
  "rating": 1000,
  "private": 0,
  "password": null
}