{
  "id": "gen9championsvgc2026regma-2581003919",
  "format": "[Gen 9 Champions] VGC 2026 Reg M-A",
  "players": [
    "Rlucas",
    "Markiito18"
  ],
  "log": "|j|\u2606Rlucas\n|j|\u2606Markiito18\n|t:|1775950828\n|gametype|doubles\n|player|p1|Rlucas|170|1140\n|player|p2|Markiito18|rood|1177\n|gen|9\n|tier|[Gen 9 Champions] VGC 2026 Reg M-A\n|rated|\n|rule|Species Clause: Limit one of each Pok\u00e9mon\n|rule|Item Clause: Limit 1 of each item\n|clearpoke\n|poke|p1|Clefable, L50, M|\n|poke|p1|Gliscor, L50, F|\n|poke|p1|Rotom-Mow, L50|\n|poke|p1|Armarouge, L50, M|\n|poke|p1|Dragapult, L50, F|\n|poke|p1|Primarina, L50, M|\n|poke|p2|Floette-Eternal, L50, F|\n|poke|p2|Incineroar, L50, M|\n|poke|p2|Garchomp, L50, F|\n|poke|p2|Sinistcha, L50|\n|poke|p2|Orthworm, L50, M|\n|poke|p2|Delphox, L50, F|\n|teampreview|4\n|inactive|Battle timer is ON: inactive players will automatically lose when time's up. (requested by Rlucas)\n|inactive|Markiito18 has 60 seconds left.\n|inactive|Markiito18 has 30 seconds left.\n|inactive|Markiito18 has 20 seconds left.\n|inactive|Markiito18 has 15 seconds left.\n|inactive|Markiito18 has 10 seconds left.\n|inactive|Markiito18 has 5 seconds left.\n|\n|t:|1775950974\n|teamsize|p1|4\n|teamsize|p2|4\n|start\n|switch|p1a: Clefable|Clefable, L50, M|100/100\n|switch|p1b: Gliscor|Gliscor, L50, F|100/100\n|switch|p2a: Floette|Floette-Eternal, L50, F, shiny|100/100\n|switch|p2b: Garchomp|Garchomp, L50, F|100/100\n|turn|1\n|\n|t:|1775950989\n|switch|p2b: Sinistcha|Sinistcha, L50|100/100\n|detailschange|p2a: Floette|Floette-Mega, L50, F, shiny\n|-mega|p2a: Floette|Floette|Floettite\n|-ability|p2a: Floette|Fairy Aura\n|detailschange|p1a: Clefable|Clefable-Mega, L50, M\n|-mega|p1a: Clefable|Clefable|Clefablite\n|move|p1b: Gliscor|Knock Off|p2b: Sinistcha\n|-supereffective|p2b: Sinistcha|1\n|-enditem|p2b: Sinistcha|Colbur Berry|[eat]\n|-enditem|p2b: Sinistcha|Colbur Berry|[weaken]\n|-damage|p2b: Sinistcha|84/100\n|move|p2a: Floette|Calm Mind|p2a: Floette\n|-boost|p2a: Floette|spa|1\n|-boost|p2a: Floette|spd|1\n|move|p1a: Clefable|Dazzling Gleam|p2b: Sinistcha|[spread] p2a,p2b\n|-damage|p2a: Floette|84/100\n|-damage|p2b: Sinistcha|39/100\n|\n|upkeep\n|turn|2\n|inactive|Markiito18 has 30 seconds left.\n|inactive|Markiito18 has 20 seconds left.\n|inactive|Markiito18 has 15 seconds left.\n|inactive|Markiito18 has 10 seconds left.\n|inactive|Markiito18 has 5 seconds left.\n|\n|t:|1775951040\n|move|p1b: Gliscor|Dual Wingbeat|p2b: Sinistcha\n|-supereffective|p2b: Sinistcha|1\n|-crit|p2b: Sinistcha\n|-damage|p2b: Sinistcha|8/100\n|-supereffective|p2b: Sinistcha|1\n|-damage|p2b: Sinistcha|0 fnt\n|faint|p2b: Sinistcha\n|-hitcount|p2: Sinistcha|2\n|move|p2a: Floette|Calm Mind|p2a: Floette\n|-boost|p2a: Floette|spa|1\n|-boost|p2a: Floette|spd|1\n|move|p1a: Clefable|Dazzling Gleam|p2a: Floette\n|-damage|p2a: Floette|67/100\n|\n|upkeep\n|\n|t:|1775951054\n|switch|p2b: Orthworm|Orthworm, L50, M, shiny|100/100\n|turn|3\n|inactive|Markiito18 has 30 seconds left.\n|inactive|Markiito18 has 20 seconds left.\n|inactive|Markiito18 has 15 seconds left.\n|\n|t:|1775951099\n|move|p1b: Gliscor|Dual Wingbeat|p2a: Floette\n|-damage|p2a: Floette|55/100\n|-damage|p2a: Floette|44/100\n|-hitcount|p2a: Floette|2\n|move|p2a: Floette|Moonblast|p1b: Gliscor\n|-damage|p1b: Gliscor|0 fnt\n|faint|p1b: Gliscor\n|move|p2b: Orthworm|Shed Tail|p2b: Orthworm\n|-start|p2b: Orthworm|Substitute|[from] move: Shed Tail\n|-damage|p2b: Orthworm|50/100\n|\n|t:|1775951109\n|switch|p2b: Garchomp|Garchomp, L50, F|100/100|[from] Shed Tail\n|move|p1a: Clefable|Flamethrower|p2b: Garchomp\n|-resisted|p2b: Garchomp|1\n|-activate|p2b: Garchomp|move: Substitute|[damage]\n|\n|upkeep\n|\n|t:|1775951115\n|switch|p1b: Primarina|Primarina, L50, M|100/100\n|turn|4\n|\n|t:|1775951127\n|move|p2b: Garchomp|Rock Slide|p1b: Primarina|[spread] p1a,p1b\n|-supereffective|p1a: Clefable|1\n|-damage|p1a: Clefable|64/100\n|-damage|p1b: Primarina|74/100\n|move|p2a: Floette|Dazzling Gleam|p1a: Clefable|[spread] p1a,p1b\n|-crit|p1b: Primarina\n|-damage|p1a: Clefable|12/100\n|-damage|p1b: Primarina|0 fnt\n|faint|p1b: Primarina\n|move|p1a: Clefable|Dazzling Gleam|p2a: Floette|[spread] p2a,p2b\n|-supereffective|p2b: Garchomp|1\n|-end|p2b: Garchomp|Substitute\n|-damage|p2a: Floette|30/100\n|\n|upkeep\n|\n|t:|1775951138\n|switch|p1b: Armarouge|Armarouge, L50, M|100/100\n|turn|5\n|\n|t:|1775951150\n|move|p2b: Garchomp|Rock Slide|p1a: Clefable|[spread] p1a,p1b\n|-supereffective|p1a: Clefable|1\n|-supereffective|p1b: Armarouge|1\n|-damage|p1a: Clefable|0 fnt\n|-damage|p1b: Armarouge|62/100\n|faint|p1a: Clefable\n|move|p2a: Floette|Moonblast|p1b: Armarouge\n|-resisted|p1b: Armarouge|1\n|-damage|p1b: Armarouge|0 fnt\n|faint|p1b: Armarouge\n|\n|win|Markiito18\n|raw|Rlucas's rating: 1140 &rarr; <strong>1118</strong><br />(-22 for losing)\n|raw|Markiito18's rating: 1177 &rarr; <strong>1199</strong><br />(+22 for winning)\n|l|\u2606Rlucas\n|player|p1|\n|c|\u2606Markiito18|gg\n",
  "uploadtime": 1775951180,
  "views": 13,
  "formatid": "gen9championsvgc2026regma",
  "rating": 1118,
  "private": 0,
  "password": null
}