{
  "id": "gen9championsvgc2026regma-2581025988",
  "format": "[Gen 9 Champions] VGC 2026 Reg M-A",
  "players": [
    "Spagsy",
    "RadiantBlue4552"
  ],
  "log": "|j|\u2606Spagsy\n|j|\u203dRadiantBlue4552\n|t:|1775952914\n|gametype|doubles\n|player|p1|Spagsy|1|1020\n|player|p2|RadiantBlue4552|266|1079\n|gen|9\n|tier|[Gen 9 Champions] VGC 2026 Reg M-A\n|rated|\n|rule|Species Clause: Limit one of each Pok\u00e9mon\n|rule|Item Clause: Limit 1 of each item\n|clearpoke\n|poke|p1|Volcarona, L50, F|\n|poke|p1|Whimsicott, L50, F|\n|poke|p1|Hydreigon, L50, M|\n|poke|p1|Audino, L50, F|\n|poke|p1|Basculegion-F, L50, F|\n|poke|p1|Lucario, L50, F|\n|poke|p2|Snorlax, L50, F|\n|poke|p2|Sableye, L50, F|\n|poke|p2|Blastoise, L50, F|\n|poke|p2|Maushold-Four, L50|\n|poke|p2|Archaludon, L50, M|\n|poke|p2|Pelipper, L50, F|\n|teampreview|4\nRadiantBlue4552 rejected open team sheets.\n|inactive|Battle timer is ON: inactive players will automatically lose when time's up. (requested by RadiantBlue4552)\n|inactive|Spagsy has 60 seconds left.\n|\n|t:|1775952970\n|teamsize|p1|4\n|teamsize|p2|4\n|start\n|switch|p1a: Whimsicott|Whimsicott, L50, F|100/100\n|switch|p1b: Lucario|Lucario, L50, F|100/100\n|switch|p2a: Snorlax|Snorlax, L50, F|100/100\n|switch|p2b: Sableye|Sableye, L50, F|100/100\n|turn|1\n|inactive|Spagsy has 30 seconds left.\n|inactive|Spagsy has 20 seconds left.\n|inactive|Spagsy has 15 seconds left.\n|\n|t:|1775953015\n|detailschange|p1b: Lucario|Lucario-Mega, L50, F\n|-mega|p1b: Lucario|Lucario|Lucarionite\n|move|p1a: Whimsicott|Tailwind|p1a: Whimsicott\n|-sidestart|p1: Spagsy|move: Tailwind\n|move|p2b: Sableye|Skill Swap|p2a: Snorlax\n|-activate|p2b: Sableye|Skill Swap|||[of] p2a: Snorlax\n|move|p2a: Snorlax|Curse|p2a: Snorlax\n|-unboost|p2a: Snorlax|spe|1\n|-boost|p2a: Snorlax|atk|1\n|-boost|p2a: Snorlax|def|1\n|move|p1b: Lucario|Close Combat|p2a: Snorlax\n|-supereffective|p2a: Snorlax|1\n|-damage|p2a: Snorlax|20/100\n|-unboost|p1b: Lucario|def|1\n|-unboost|p1b: Lucario|spd|1\n|\n|upkeep\n|turn|2\n|inactive|Spagsy has 30 seconds left.\n|inactive|Spagsy has 20 seconds left.\n|inactive|Spagsy has 15 seconds left.\n|\n|t:|1775953058\n|switch|p2b: Maushold|Maushold-Four, L50|100/100\n|move|p1b: Lucario|Bullet Punch|p2a: Snorlax\n|-damage|p2a: Snorlax|10/100\n|move|p2a: Snorlax|Rest|p2a: Snorlax\n|-status|p2a: Snorlax|slp|[from] move: Rest\n|-enditem|p2a: Snorlax|Lum Berry|[eat]\n|-curestatus|p2a: Snorlax|slp|[msg]\n|-heal|p2a: Snorlax|100/100|[silent]\n|move|p1a: Whimsicott|Moonblast|p2b: Maushold\n|-damage|p2b: Maushold|74/100\n|-unboost|p2b: Maushold|spa|1\n|\n|upkeep\n|turn|3\n|inactive|Spagsy has 30 seconds left.\n|inactive|Spagsy has 20 seconds left.\n|inactive|Spagsy has 15 seconds left.\n|\n|t:|1775953099\n|switch|p1a: Hydreigon|Hydreigon, L50, M|100/100\n|move|p2b: Maushold|Follow Me|p2b: Maushold\n|-singleturn|p2b: Maushold|move: Follow Me\n|move|p2a: Snorlax|Curse|p2a: Snorlax\n|-unboost|p2a: Snorlax|spe|1\n|-boost|p2a: Snorlax|atk|1\n|-boost|p2a: Snorlax|def|1\n|move|p1b: Lucario|Close Combat|p2b: Maushold\n|-supereffective|p2b: Maushold|1\n|-damage|p2b: Maushold|0 fnt\n|-unboost|p1b: Lucario|def|1\n|-unboost|p1b: Lucario|spd|1\n|faint|p2b: Maushold\n|\n|upkeep\n|inactive|RadiantBlue4552 has 30 seconds left.\n|\n|t:|1775953133\n|switch|p2b: Sableye|Sableye, L50, F|100/100\n|turn|4\n|\n|t:|1775953153\n|switch|p1b: Whimsicott|Whimsicott, L50, F|100/100\n|move|p2b: Sableye|Fake Out|p1b: Whimsicott\n|-damage|p1b: Whimsicott|92/100\n|move|p2a: Snorlax|Amnesia|p2a: Snorlax\n|-boost|p2a: Snorlax|spd|2\n|move|p1a: Hydreigon|Dark Pulse|p2a: Snorlax\n|-damage|p2a: Snorlax|88/100\n|\n|-sideend|p1: Spagsy|move: Tailwind\n|upkeep\n|turn|5\n|inactive|Spagsy has 30 seconds left.\n|\n|t:|1775953179\n|move|p2b: Sableye|Taunt|p1b: Whimsicott\n|-start|p1b: Whimsicott|move: Taunt\n|-enditem|p1b: Whimsicott|Mental Herb\n|-end|p1b: Whimsicott|move: Taunt\n|move|p2a: Snorlax|Curse|p2a: Snorlax\n|-unboost|p2a: Snorlax|spe|1\n|-boost|p2a: Snorlax|atk|1\n|-boost|p2a: Snorlax|def|1\n|move|p1b: Whimsicott|Moonblast|p2b: Sableye\n|-supereffective|p2b: Sableye|1\n|-damage|p2b: Sableye|32/100\n|move|p1a: Hydreigon|Dark Pulse|p2a: Snorlax\n|-damage|p2a: Snorlax|77/100\n|\n|-heal|p2b: Sableye|37/100|[from] item: Leftovers\n|upkeep\n|turn|6\n|inactive|Spagsy has 30 seconds left.\n|\n|t:|1775953212\n|switch|p2b: Archaludon|Archaludon, L50, M|100/100\n|move|p2a: Snorlax|Amnesia|p2a: Snorlax\n|-boost|p2a: Snorlax|spd|2\n|move|p1b: Whimsicott|Moonblast|p2b: Archaludon\n|-damage|p2b: Archaludon|70/100\n|-unboost|p2b: Archaludon|spa|1\n|-ability|p2b: Archaludon|Stamina|boost\n|-boost|p2b: Archaludon|def|1\n|move|p1a: Hydreigon|Dark Pulse|p2a: Snorlax\n|-damage|p2a: Snorlax|68/100\n|\n|upkeep\n|turn|7\n|inactive|Spagsy has 30 seconds left.\n|inactive|RadiantBlue4552 has 30 seconds left.\n|\n|t:|1775953243\n|move|p1b: Whimsicott|Tailwind|p1b: Whimsicott\n|-sidestart|p1: Spagsy|move: Tailwind\n|move|p2a: Snorlax|Curse|p2a: Snorlax\n|-unboost|p2a: Snorlax|spe|1\n|-boost|p2a: Snorlax|atk|1\n|-boost|p2a: Snorlax|def|1\n|move|p1a: Hydreigon|Draco Meteor|p2b: Archaludon\n|-damage|p2b: Archaludon|0 fnt\n|-unboost|p1a: Hydreigon|spa|2\n|faint|p2b: Archaludon\n|-enditem|p1a: Hydreigon|White Herb\n|-clearnegativeboost|p1a: Hydreigon|[silent]\n|\n|upkeep\n|\n|t:|1775953256\n|switch|p2b: Sableye|Sableye, L50, F|37/100\n|turn|8\n|inactive|Spagsy has 30 seconds left.\n|\n|t:|1775953281\n|switch|p1b: Lucario|Lucario-Mega, L50, F|100/100\n|move|p2b: Sableye|Fake Out|p1a: Hydreigon\n|-damage|p1a: Hydreigon|92/100\n|move|p2a: Snorlax|Curse|p2a: Snorlax\n|-unboost|p2a: Snorlax|spe|1\n|-boost|p2a: Snorlax|atk|1\n|-boost|p2a: Snorlax|def|1\n|cant|p1a: Hydreigon|flinch\n|\n|-heal|p2b: Sableye|43/100|[from] item: Leftovers\n|upkeep\n|turn|9\n|\n|t:|1775953306\n|move|p1b: Lucario|Protect|p1b: Lucario\n|-singleturn|p1b: Lucario|Protect\n|move|p2b: Sableye|Quash|p1b: Lucario\n|-activate|p1b: Lucario|move: Protect\n|move|p1a: Hydreigon|Dark Pulse|p2b: Sableye\n|-damage|p2b: Sableye|0 fnt\n|faint|p2b: Sableye\n|move|p2a: Snorlax|Body Press|p1b: Lucario\n|-activate|p1b: Lucario|move: Protect\n|\n|upkeep\n|turn|10\n|inactive|Spagsy has 30 seconds left.\n|inactive|RadiantBlue4552 has 30 seconds left.\n|\n|t:|1775953351\n|switch|p1b: Basculegion|Basculegion-F, L50, F|100/100\n|move|p2a: Snorlax|Rest|p2a: Snorlax\n|-status|p2a: Snorlax|slp|[from] move: Rest\n|-heal|p2a: Snorlax|100/100 slp|[silent]\n|move|p1a: Hydreigon|Dark Pulse|p2a: Snorlax\n|-damage|p2a: Snorlax|92/100 slp\n|\n|-sideend|p1: Spagsy|move: Tailwind\n|upkeep\n|turn|11\n|inactive|Spagsy has 30 seconds left.\n|\n|t:|1775953379\n|switch|p1a: Whimsicott|Whimsicott, L50, F|92/100\n|cant|p2a: Snorlax|slp\n|move|p1b: Basculegion|Flip Turn|p2a: Snorlax\n|-damage|p2a: Snorlax|85/100 slp\n|\n|t:|1775953386\n|switch|p1b: Lucario|Lucario-Mega, L50, F|100/100|[from] Flip Turn\n|\n|upkeep\n|turn|12\n|\n|t:|1775953394\n|move|p1a: Whimsicott|Helping Hand|p1b: Lucario\n|-singleturn|p1b: Lucario|Helping Hand|[of] p1a: Whimsicott\n|move|p1b: Lucario|Close Combat|p2a: Snorlax\n|-supereffective|p2a: Snorlax|1\n|-damage|p2a: Snorlax|35/100 slp\n|-unboost|p1b: Lucario|def|1\n|-unboost|p1b: Lucario|spd|1\n|cant|p2a: Snorlax|slp\n|\n|upkeep\n|turn|13\n|\n|t:|1775953407\n|move|p1a: Whimsicott|Helping Hand|p1b: Lucario\n|-singleturn|p1b: Lucario|Helping Hand|[of] p1a: Whimsicott\n|-curestatus|p2a: Snorlax|slp|[msg]\n|move|p2a: Snorlax|Rest|p2a: Snorlax\n|-status|p2a: Snorlax|slp|[from] move: Rest\n|-heal|p2a: Snorlax|100/100 slp|[silent]\n|move|p1b: Lucario|Close Combat|p2a: Snorlax\n|-supereffective|p2a: Snorlax|1\n|-damage|p2a: Snorlax|51/100 slp\n|-unboost|p1b: Lucario|def|1\n|-unboost|p1b: Lucario|spd|1\n|\n|upkeep\n|turn|14\n|c|\u2606Spagsy|how is he faster\n|\n|t:|1775953423\n|move|p1a: Whimsicott|Helping Hand|p1b: Lucario\n|-singleturn|p1b: Lucario|Helping Hand|[of] p1a: Whimsicott\n|cant|p2a: Snorlax|slp\n|move|p1b: Lucario|Close Combat|p2a: Snorlax\n|-supereffective|p2a: Snorlax|1\n|-damage|p2a: Snorlax|3/100 slp\n|-unboost|p1b: Lucario|def|1\n|-unboost|p1b: Lucario|spd|1\n|\n|upkeep\n|turn|15\n|\n|t:|1775953443\n|move|p1a: Whimsicott|Tailwind|p1a: Whimsicott\n|-sidestart|p1: Spagsy|move: Tailwind\n|cant|p2a: Snorlax|slp\n|move|p1b: Lucario|Close Combat|p2a: Snorlax\n|-supereffective|p2a: Snorlax|1\n|-damage|p2a: Snorlax|0 fnt\n|-unboost|p1b: Lucario|def|1\n|-unboost|p1b: Lucario|spd|1\n|faint|p2a: Snorlax\n|\n|win|Spagsy\n|raw|Spagsy's rating: 1020 &rarr; <strong>1063</strong><br />(+43 for winning)\n|raw|RadiantBlue4552's rating: 1079 &rarr; <strong>1053</strong><br />(-26 for losing)\n|l|\u203dRadiantBlue4552\n|player|p2|\n|c|\u2606Spagsy|how was he faster dude\n",
  "uploadtime": 1775953469,
  "views": 19,
  "formatid": "gen9championsvgc2026regma",
  "rating": 1053,
  "private": 0,
  "password": null
}