{
  "id": "gen9championsvgc2026regma-2588222255",
  "format": "[Gen 9 Champions] VGC 2026 Reg M-A",
  "players": [
    "FightingForNuggets",
    "lumiiine"
  ],
  "log": "|j|\u2606FightingForNuggets\n|j|\u2606lumiiine\n|t:|1776615714\n|gametype|doubles\n|player|p1|FightingForNuggets|2|1068\n|player|p2|lumiiine|miku-grass|1000\n|gen|9\n|tier|[Gen 9 Champions] VGC 2026 Reg M-A\n|rated|\n|rule|Species Clause: Limit one of each Pok\u00e9mon\n|rule|Item Clause: Limit 1 of each item\n|clearpoke\n|poke|p1|Sableye, L50, F|\n|poke|p1|Volcarona, L50, F|\n|poke|p1|Ninetales-Alola, L50, M|\n|poke|p1|Absol, L50, F|\n|poke|p1|Sneasler, L50, M|\n|poke|p1|Milotic, L50, F|\n|poke|p2|Glalie, L50, M|\n|poke|p2|Whimsicott, L50, M|\n|poke|p2|Pelipper, L50, F|\n|poke|p2|Basculegion, L50, M|\n|poke|p2|Incineroar, L50, F|\n|poke|p2|Archaludon, L50, M|\n|teampreview|4\n|\n|t:|1776615754\n|teamsize|p1|4\n|teamsize|p2|4\n|start\n|switch|p1a: Milotic|Milotic, L50, F|100/100\n|switch|p1b: Volcarona|Volcarona, L50, F|100/100\n|switch|p2a: Glalie|Glalie, L50, M|100/100\n|switch|p2b: Whimsicott|Whimsicott, L50, M|100/100\n|turn|1\n|\n|t:|1776615777\n|move|p2a: Glalie|Protect|p2a: Glalie\n|-singleturn|p2a: Glalie|Protect\n|move|p2b: Whimsicott|Tailwind|p2b: Whimsicott\n|-sidestart|p2: lumiiine|move: Tailwind\n|move|p1b: Volcarona|Heat Wave|p2b: Whimsicott|[spread] p2b\n|-activate|p2a: Glalie|move: Protect\n|-supereffective|p2b: Whimsicott|1\n|-damage|p2b: Whimsicott|3/100\n|move|p1a: Milotic|Icy Wind|p2a: Glalie|[spread] p2b\n|-activate|p2a: Glalie|move: Protect\n|-supereffective|p2b: Whimsicott|1\n|-damage|p2b: Whimsicott|0 fnt\n|faint|p2b: Whimsicott\n|\n|-ability|p2a: Glalie|Moody|boost\n|-boost|p2a: Glalie|atk|2\n|-unboost|p2a: Glalie|spa|1\n|upkeep\n|\n|t:|1776615791\n|switch|p2b: Basculegion|Basculegion, L50, M|100/100\n|turn|2\n|\n|t:|1776615833\n|switch|p1b: Ninetales|Ninetales-Alola, L50, M|100/100\n|-weather|Snowscape|[from] ability: Snow Warning|[of] p1b: Ninetales\n|detailschange|p2a: Glalie|Glalie-Mega, L50, M\n|-mega|p2a: Glalie|Glalie|Glalitite\n|move|p2b: Basculegion|Protect|p2b: Basculegion\n|-singleturn|p2b: Basculegion|Protect\n|move|p2a: Glalie|Explosion|p1b: Ninetales|[spread] p1a,p1b\n|-activate|p2b: Basculegion|move: Protect\n|-resisted|p1a: Milotic|1\n|-resisted|p1b: Ninetales|1\n|-damage|p1a: Milotic|5/100\n|-damage|p1b: Ninetales|0 fnt\n|faint|p2a: Glalie\n|faint|p1b: Ninetales\n|move|p1a: Milotic|Icy Wind|p2b: Basculegion\n|-activate|p2b: Basculegion|move: Protect\n|\n|-weather|Snowscape|[upkeep]\n|-heal|p1a: Milotic|11/100|[from] item: Leftovers\n|upkeep\n|\n|t:|1776615856\n|switch|p1b: Absol|Absol, L50, F|100/100\n|switch|p2a: Pelipper|Pelipper, L50, F|100/100\n|-weather|RainDance|[from] ability: Drizzle|[of] p2a: Pelipper\n|turn|3\n|\n|t:|1776615881\n|detailschange|p1b: Absol|Absol-Mega, L50, F\n|-mega|p1b: Absol|Absol|Absolite\n|move|p1b: Absol|Protect|p1b: Absol\n|-singleturn|p1b: Absol|Protect\n|move|p1a: Milotic|Protect|p1a: Milotic\n|-singleturn|p1a: Milotic|Protect\n|move|p2b: Basculegion|Wave Crash|p1b: Absol\n|-activate|p1b: Absol|move: Protect\n|move|p2a: Pelipper|Hurricane|p1b: Absol\n|-activate|p1b: Absol|move: Protect\n|\n|-weather|RainDance|[upkeep]\n|-heal|p1a: Milotic|17/100|[from] item: Leftovers\n|upkeep\n|turn|4\n|\n|t:|1776615912\n|switch|p1b: Volcarona|Volcarona, L50, F|100/100\n|move|p2b: Basculegion|Wave Crash|p1b: Volcarona\n|-supereffective|p1b: Volcarona|1\n|-damage|p1b: Volcarona|0 fnt\n|faint|p1b: Volcarona\n|-damage|p2b: Basculegion|69/100|[from] Recoil\n|move|p2a: Pelipper|Hurricane|p1a: Milotic\n|-damage|p1a: Milotic|0 fnt\n|faint|p1a: Milotic\n|\n|-weather|RainDance|[upkeep]\n|-sideend|p2: lumiiine|move: Tailwind\n|upkeep\n|\n|t:|1776615924\n|switch|p1b: Absol|Absol-Mega, L50, F|100/100\n|turn|5\n|\n|t:|1776615948\n|move|p2b: Basculegion|Wave Crash|p1b: Absol\n|-damage|p1b: Absol|0 fnt\n|faint|p1b: Absol\n|-damage|p2b: Basculegion|40/100|[from] Recoil\n|\n|win|lumiiine\n|raw|FightingForNuggets's rating: 1068 &rarr; <strong>1044</strong><br />(-24 for losing)\n|raw|lumiiine's rating: 1000 &rarr; <strong>1048</strong><br />(+48 for winning)\n|c|\u2606lumiiine|gg\n|c|\u2606FightingForNuggets|wp\n",
  "uploadtime": 1776615975,
  "views": 15,
  "formatid": "gen9championsvgc2026regma",
  "rating": 1044,
  "private": 0,
  "password": null
}