{
  "id": "gen9championsvgc2026regma-2585529138",
  "format": "[Gen 9 Champions] VGC 2026 Reg M-A",
  "players": [
    "Yuichi",
    "Wise'adel"
  ],
  "log": "|j|\u2606Yuichi\n|j|\u2606Wise'adel\n|t:|1776353583\n|gametype|doubles\n|player|p1|Yuichi|266|\n|player|p2|Wise'adel|iono-masters2|\n|gen|9\n|tier|[Gen 9 Champions] VGC 2026 Reg M-A\n|rated|Tournament battle\n|rule|Species Clause: Limit one of each Pok\u00e9mon\n|rule|Item Clause: Limit 1 of each item\n|clearpoke\n|poke|p1|Starmie, L50|\n|poke|p1|Aegislash, L50, F|\n|poke|p1|Sneasler, L50, M|\n|poke|p1|Pelipper, L50, M|\n|poke|p1|Kommo-o, L50, F|\n|poke|p1|Sinistcha, L50|\n|poke|p2|Charizard, L50, F|\n|poke|p2|Incineroar, L50, M|\n|poke|p2|Milotic, L50, M|\n|poke|p2|Sinistcha, L50|\n|poke|p2|Sneasler, L50, F|\n|poke|p2|Aegislash, L50, M|\n|teampreview|4\nWise'adel has agreed to open team sheets.\n|j| 1#MiraidonHater\nYuichi has agreed to open team sheets.\n|showteam|p1|Starmie||Starminite|Illuminate|ZenHeadbutt,Liquidation,SelfDestruct,Protect||||||50|]Aegislash||SitrusBerry|StanceChange|Poltergeist,IronHead,Substitute,KingsShield|||F|||50|]Sneasler||WhiteHerb|Unburden|CloseCombat,DireClaw,FakeOut,Protect|||M|||50|]Pelipper||FocusSash|Drizzle|MuddyWater,Hurricane,Tailwind,WideGuard|||M|||50|]Kommo-o||Leftovers|Bulletproof|ClangingScales,FlashCannon,ClangorousSoul,Protect|||F|||50|]Sinistcha||KasibBerry|Hospitality|MatchaGotcha,ShadowBall,RagePowder,Protect||||||50|\n|showteam|p2|Charizard||CharizarditeY|Blaze|HeatWave,WeatherBall,SolarBeam,Protect|||F|||50|]Incineroar||ChopleBerry|Intimidate|FakeOut,FlareBlitz,ThroatChop,PartingShot|||M|||50|]Milotic||Leftovers|Competitive|Scald,IcyWind,IceBeam,Protect|||M|||50|]Sinistcha||SitrusBerry|Hospitality|MatchaGotcha,RagePowder,LifeDew,TrickRoom||||||50|]Sneasler||WhiteHerb|Unburden|FakeOut,CloseCombat,DireClaw,Protect|||F|||50|]Aegislash||SpellTag|StanceChange|ShadowBall,ShadowSneak,FlashCannon,KingsShield|||M|||50|\n|\n|t:|1776353638\n|teamsize|p1|4\n|teamsize|p2|4\n|start\n|switch|p1a: Starmie|Starmie, L50|100/100\n|switch|p1b: Kommo-o|Kommo-o, L50, F|100/100\n|switch|p2a: Aegislash|Aegislash, L50, M|100/100\n|switch|p2b: Milotic|Milotic, L50, M|100/100\n|turn|1\n|\n|t:|1776353655\n|detailschange|p1a: Starmie|Starmie-Mega, L50\n|-mega|p1a: Starmie|Starmie|Starminite\n|move|p1a: Starmie|Protect|p1a: Starmie\n|-singleturn|p1a: Starmie|Protect\n|move|p1b: Kommo-o|Protect|p1b: Kommo-o\n|-singleturn|p1b: Kommo-o|Protect\n|move|p2b: Milotic|Icy Wind|p1b: Kommo-o|[spread] \n|-activate|p1a: Starmie|move: Protect\n|-activate|p1b: Kommo-o|move: Protect\n|-formechange|p2a: Aegislash|Aegislash-Blade|\n|move|p2a: Aegislash|Shadow Ball|p1b: Kommo-o\n|-activate|p1b: Kommo-o|move: Protect\n|\n|upkeep\n|turn|2\n|\n|t:|1776353679\n|-formechange|p2a: Aegislash|Aegislash|\n|move|p2a: Aegislash|King's Shield|p2a: Aegislash\n|-singleturn|p2a: Aegislash|Protect\n|move|p1a: Starmie|Zen Headbutt|p2b: Milotic\n|-damage|p2b: Milotic|37/100\n|move|p1b: Kommo-o|Clanging Scales|p2b: Milotic|[spread] p2b\n|-activate|p2a: Aegislash|move: Protect\n|-damage|p2b: Milotic|11/100\n|-unboost|p1b: Kommo-o|def|1\n|cant|p2b: Milotic|flinch\n|\n|-heal|p2b: Milotic|17/100|[from] item: Leftovers\n|upkeep\n|turn|3\n|\n|t:|1776353698\n|switch|p1a: Pelipper|Pelipper, L50, M|100/100\n|-weather|RainDance|[from] ability: Drizzle|[of] p1a: Pelipper\n|switch|p2b: Sinistcha|Sinistcha, L50|100/100\n|move|p1b: Kommo-o|Clanging Scales|p2a: Aegislash|[spread] p2a,p2b\n|-resisted|p2a: Aegislash|1\n|-damage|p2a: Aegislash|89/100\n|-damage|p2b: Sinistcha|63/100\n|-unboost|p1b: Kommo-o|def|1\n|-formechange|p2a: Aegislash|Aegislash-Blade|\n|move|p2a: Aegislash|Shadow Ball|p1a: Pelipper\n|-damage|p1a: Pelipper|12/100\n|\n|-weather|RainDance|[upkeep]\n|upkeep\n|turn|4\n|\n|t:|1776353715\n|move|p2a: Aegislash|Shadow Sneak|p1a: Pelipper\n|-damage|p1a: Pelipper|0 fnt\n|faint|p1a: Pelipper\n|move|p1b: Kommo-o|Clanging Scales|p2a: Aegislash|[spread] p2a,p2b\n|-resisted|p2a: Aegislash|1\n|-damage|p2a: Aegislash|58/100\n|-damage|p2b: Sinistcha|27/100\n|-enditem|p2b: Sinistcha|Sitrus Berry|[eat]\n|-heal|p2b: Sinistcha|52/100|[from] item: Sitrus Berry\n|-unboost|p1b: Kommo-o|def|1\n|move|p2b: Sinistcha|Trick Room|p2b: Sinistcha\n|-fieldstart|move: Trick Room|[of] p2b: Sinistcha\n|\n|-weather|RainDance|[upkeep]\n|upkeep\n|\n|t:|1776353718\n|switch|p1a: Sneasler|Sneasler, L50, M|100/100\n|turn|5\n|\n|t:|1776353733\n|move|p2a: Aegislash|Shadow Ball|p1a: Sneasler\n|-damage|p1a: Sneasler|15/100\n|move|p2b: Sinistcha|Life Dew|p2b: Sinistcha|[spread] p2a,p2b\n|-heal|p2a: Aegislash|83/100\n|-heal|p2b: Sinistcha|77/100\n|move|p1b: Kommo-o|Clangorous Soul|p1b: Kommo-o\n|-boost|p1b: Kommo-o|atk|1\n|-boost|p1b: Kommo-o|def|1\n|-boost|p1b: Kommo-o|spa|1\n|-boost|p1b: Kommo-o|spd|1\n|-boost|p1b: Kommo-o|spe|1\n|-damage|p1b: Kommo-o|68/100\n|move|p1a: Sneasler|Dire Claw|p2b: Sinistcha\n|-damage|p2b: Sinistcha|50/100\n|-status|p2b: Sinistcha|par\n|\n|-weather|RainDance|[upkeep]\n|-heal|p1b: Kommo-o|74/100|[from] item: Leftovers\n|upkeep\n|turn|6\n|inactive|Battle timer is ON: inactive players will automatically lose when time's up. (requested by Yuichi)\n|\n|t:|1776353746\n|move|p1a: Sneasler|Protect|p1a: Sneasler\n|-singleturn|p1a: Sneasler|Protect\n|move|p1b: Kommo-o|Protect|p1b: Kommo-o\n|-singleturn|p1b: Kommo-o|Protect\n|move|p2b: Sinistcha|Matcha Gotcha|p1a: Sneasler|[spread] \n|-activate|p1a: Sneasler|move: Protect\n|-activate|p1b: Kommo-o|move: Protect\n|move|p2a: Aegislash|Shadow Ball|p1b: Kommo-o\n|-activate|p1b: Kommo-o|move: Protect\n|\n|-weather|RainDance|[upkeep]\n|-heal|p1b: Kommo-o|80/100|[from] item: Leftovers\n|upkeep\n|turn|7\n|\n|t:|1776353753\n|move|p2b: Sinistcha|Matcha Gotcha|p1a: Sneasler|[spread] p1a,p1b\n|-resisted|p1a: Sneasler|1\n|-resisted|p1b: Kommo-o|1\n|-damage|p1a: Sneasler|0 fnt\n|-heal|p2b: Sinistcha|56/100 par|[from] drain|[of] p1a: Sneasler\n|-damage|p1b: Kommo-o|72/100\n|-heal|p2b: Sinistcha|60/100 par|[from] drain|[of] p1b: Kommo-o\n|-status|p1b: Kommo-o|brn\n|faint|p1a: Sneasler\n|move|p2a: Aegislash|Shadow Ball|p1b: Kommo-o\n|-immune|p1b: Kommo-o|[from] ability: Bulletproof\n|move|p1b: Kommo-o|Clangorous Soul|p1b: Kommo-o\n|-boost|p1b: Kommo-o|atk|1\n|-boost|p1b: Kommo-o|def|1\n|-boost|p1b: Kommo-o|spa|1\n|-boost|p1b: Kommo-o|spd|1\n|-boost|p1b: Kommo-o|spe|1\n|-damage|p1b: Kommo-o|40/100 brn\n|\n|-weather|none\n|-heal|p1b: Kommo-o|46/100 brn|[from] item: Leftovers\n|-damage|p1b: Kommo-o|40/100 brn|[from] brn\n|upkeep\n|\n|t:|1776353758\n|switch|p1a: Starmie|Starmie-Mega, L50|100/100\n|turn|8\n|inactive|Wise'adel has 30 seconds left.\n|inactive|Wise'adel has 20 seconds left.\n|\n|t:|1776353798\n|move|p1a: Starmie|Protect|p1a: Starmie\n|-singleturn|p1a: Starmie|Protect\n|move|p1b: Kommo-o|Protect|p1b: Kommo-o\n|-singleturn|p1b: Kommo-o|Protect\n|move|p2b: Sinistcha|Rage Powder|p2b: Sinistcha\n|-singleturn|p2b: Sinistcha|move: Rage Powder\n|move|p2a: Aegislash|Shadow Sneak|p1b: Kommo-o\n|-activate|p1b: Kommo-o|move: Protect\n|\n|-heal|p1b: Kommo-o|46/100 brn|[from] item: Leftovers\n|-damage|p1b: Kommo-o|40/100 brn|[from] brn\n|-fieldend|move: Trick Room\n|upkeep\n|turn|9\n|\n|t:|1776353826\n|move|p1a: Starmie|Protect||[still]\n|-fail|p1a: Starmie\n|-formechange|p2a: Aegislash|Aegislash|\n|move|p2a: Aegislash|King's Shield|p2a: Aegislash\n|-singleturn|p2a: Aegislash|Protect\n|move|p1b: Kommo-o|Clanging Scales|p2b: Sinistcha|[spread] p2b\n|-activate|p2a: Aegislash|move: Protect\n|-crit|p2b: Sinistcha\n|-damage|p2b: Sinistcha|0 fnt\n|faint|p2b: Sinistcha\n|-unboost|p1b: Kommo-o|def|1\n|\n|-heal|p1b: Kommo-o|46/100 brn|[from] item: Leftovers\n|-damage|p1b: Kommo-o|40/100 brn|[from] brn\n|upkeep\n|j| etrdyfyiu\n|\n|t:|1776353840\n|switch|p2b: Charizard|Charizard, L50, F|100/100\n|turn|10\n|\n|t:|1776353848\n|detailschange|p2b: Charizard|Charizard-Mega-Y, L50, F\n|-mega|p2b: Charizard|Charizard|Charizardite Y\n|-weather|SunnyDay|[from] ability: Drought|[of] p2b: Charizard\n|-formechange|p2a: Aegislash|Aegislash-Blade|\n|move|p2a: Aegislash|Shadow Sneak|p1b: Kommo-o\n|-damage|p1b: Kommo-o|0 fnt\n|faint|p1b: Kommo-o\n|move|p1a: Starmie|Liquidation|p2a: Aegislash\n|-damage|p2a: Aegislash|21/100\n|move|p2b: Charizard|Solar Beam||[still]\n|-prepare|p2b: Charizard|Solar Beam\n|-anim|p2b: Charizard|Solar Beam|p1a: Starmie\n|-supereffective|p1a: Starmie|1\n|-damage|p1a: Starmie|0 fnt\n|faint|p1a: Starmie\n|\n|win|Wise'adel\n|n|\u2606Yuichi|yuichi\n|n|\u2606Wise'adel|wiseadel\n|n| 1#MiraidonHater|1miraidonhater\n|n| etrdyfyiu|etrdyfyiu\n|l|\u2606Yuichi\n|player|p1|\n|l| etrdyfyiu\n|l| 1#MiraidonHater\n|l|\u2606Wise'adel\n|player|p2|\n|j|\u2606Wise'adel\n|player|p2|Wise'adel|iono-masters2|\n",
  "uploadtime": 1776353617,
  "views": 24,
  "formatid": "gen9championsvgc2026regma",
  "rating": null,
  "private": 0,
  "password": null
}