{
  "id": "gen9championsvgc2026regma-2588245907",
  "format": "[Gen 9 Champions] VGC 2026 Reg M-A",
  "players": [
    "benjitulio",
    "Pinoitaliano"
  ],
  "log": "|j|\u2606benjitulio\n|j|\u2606Pinoitaliano\n|t:|1776617700\n|gametype|doubles\n|player|p1|benjitulio|wattson|1065\n|player|p2|Pinoitaliano|allister|1031\n|gen|9\n|tier|[Gen 9 Champions] VGC 2026 Reg M-A\n|rated|\n|rule|Species Clause: Limit one of each Pok\u00e9mon\n|rule|Item Clause: Limit 1 of each item\n|clearpoke\n|poke|p1|Dragonite, L50, F|\n|poke|p1|Incineroar, L50, M|\n|poke|p1|Gyarados, L50, M|\n|poke|p1|Maushold-Four, L50|\n|poke|p1|Milotic, L50, F|\n|poke|p1|Whimsicott, L50, F|\n|poke|p2|Aggron, L50, F|\n|poke|p2|Araquanid, L50, M|\n|poke|p2|Farigiraf, L50, M|\n|poke|p2|Lucario, L50, F|\n|poke|p2|Camerupt, L50, M|\n|poke|p2|Ampharos, L50, F|\n|teampreview|4\n|inactive|Battle timer is ON: inactive players will automatically lose when time's up. (requested by Pinoitaliano)\n|inactive|benjitulio has 60 seconds left.\n|\n|t:|1776617742\n|teamsize|p1|4\n|teamsize|p2|4\n|start\n|switch|p1a: Gyarados|Gyarados, L50, M|100/100\n|switch|p1b: Whimsicott|Whimsicott, L50, F|100/100\n|switch|p2a: Lucario|Lucario, L50, F|100/100\n|switch|p2b: Farigiraf|Farigiraf, L50, M|100/100\n|-ability|p1a: Gyarados|Intimidate|boost\n|-fail|p2a: Lucario|unboost|Attack|[from] ability: Inner Focus|[of] p2a: Lucario\n|-unboost|p2b: Farigiraf|atk|1\n|turn|1\n|\n|t:|1776617761\n|detailschange|p1a: Gyarados|Gyarados-Mega, L50, M\n|-mega|p1a: Gyarados|Gyarados|Gyaradosite\n|-ability|p1a: Gyarados|Mold Breaker\n|move|p1b: Whimsicott|Light Screen|p1b: Whimsicott\n|-sidestart|p1: benjitulio|move: Light Screen\n|move|p2a: Lucario|Final Gambit|p1b: Whimsicott\n|-damage|p1b: Whimsicott|0 fnt\n|faint|p2a: Lucario\n|faint|p1b: Whimsicott\n|move|p1a: Gyarados|Crunch|p2b: Farigiraf\n|-supereffective|p2b: Farigiraf|1\n|-damage|p2b: Farigiraf|21/100\n|-enditem|p2b: Farigiraf|Sitrus Berry|[eat]\n|-heal|p2b: Farigiraf|46/100|[from] item: Sitrus Berry\n|move|p2b: Farigiraf|Trick Room|p2b: Farigiraf\n|-fieldstart|move: Trick Room|[of] p2b: Farigiraf\n|\n|upkeep\n|\n|t:|1776617779\n|switch|p2a: Ampharos|Ampharos, L50, F|100/100\n|switch|p1b: Incineroar|Incineroar, L50, M|100/100\n|-ability|p1b: Incineroar|Intimidate|boost\n|-unboost|p2a: Ampharos|atk|1\n|-unboost|p2b: Farigiraf|atk|1\n|turn|2\n|\n|t:|1776617793\n|move|p2b: Farigiraf|Helping Hand|p2a: Ampharos\n|-singleturn|p2a: Ampharos|Helping Hand|[of] p2b: Farigiraf\n|move|p1a: Gyarados|Protect|p1a: Gyarados\n|-singleturn|p1a: Gyarados|Protect\n|move|p2a: Ampharos|Thunderbolt|p1a: Gyarados\n|-activate|p1a: Gyarados|move: Protect\n|move|p1b: Incineroar|Darkest Lariat|p2b: Farigiraf\n|-supereffective|p2b: Farigiraf|1\n|-damage|p2b: Farigiraf|0 fnt\n|faint|p2b: Farigiraf\n|\n|upkeep\n|\n|t:|1776617806\n|switch|p2b: Camerupt|Camerupt, L50, M|100/100\n|turn|3\n|\n|t:|1776617817\n|switch|p1a: Dragonite|Dragonite, L50, F|100/100\n|detailschange|p2b: Camerupt|Camerupt-Mega, L50, M\n|-mega|p2b: Camerupt|Camerupt|Cameruptite\n|move|p2b: Camerupt|Earth Power|p1b: Incineroar\n|-supereffective|p1b: Incineroar|1\n|-damage|p1b: Incineroar|20/100\n|move|p2a: Ampharos|Thunderbolt|p1a: Dragonite\n|-crit|p1a: Dragonite\n|-damage|p1a: Dragonite|59/100\n|move|p1b: Incineroar|Flare Blitz|p2a: Ampharos\n|-damage|p2a: Ampharos|55/100\n|-status|p1b: Incineroar|par|[from] ability: Static|[of] p2a: Ampharos\n|-damage|p1b: Incineroar|5/100 par|[from] Recoil\n|\n|upkeep\n|turn|4\n|inactive|benjitulio has 30 seconds left.\n|\n|t:|1776617844\n|move|p1a: Dragonite|Protect|p1a: Dragonite\n|-singleturn|p1a: Dragonite|Protect\n|move|p2b: Camerupt|Earth Power|p1b: Incineroar\n|-supereffective|p1b: Incineroar|1\n|-damage|p1b: Incineroar|0 fnt\n|faint|p1b: Incineroar\n|move|p2a: Ampharos|Dragon Pulse|p1a: Dragonite\n|-activate|p1a: Dragonite|move: Protect\n|\n|upkeep\n|\n|t:|1776617852\n|switch|p1b: Gyarados|Gyarados-Mega, L50, M|100/100\n|-ability|p1b: Gyarados|Mold Breaker\n|turn|5\n|\n|t:|1776617861\n|move|p1b: Gyarados|Protect|p1b: Gyarados\n|-singleturn|p1b: Gyarados|Protect\n|move|p2b: Camerupt|Eruption|p1b: Gyarados|[spread] p1a\n|-activate|p1b: Gyarados|move: Protect\n|-resisted|p1a: Dragonite|1\n|-damage|p1a: Dragonite|36/100\n|move|p2a: Ampharos|Thunderbolt|p1b: Gyarados\n|-activate|p1b: Gyarados|move: Protect\n|move|p1a: Dragonite|Dragon Pulse|p2a: Ampharos\n|-damage|p2a: Ampharos|17/100\n|\n|-sideend|p1: benjitulio|move: Light Screen\n|-fieldend|move: Trick Room\n|upkeep\n|turn|6\n|\n|t:|1776617882\n|move|p2b: Camerupt|Protect|p2b: Camerupt\n|-singleturn|p2b: Camerupt|Protect\n|move|p1b: Gyarados|Waterfall|p2b: Camerupt\n|-activate|p2b: Camerupt|move: Protect\n|move|p1a: Dragonite|Dragon Pulse|p2a: Ampharos\n|-damage|p2a: Ampharos|0 fnt\n|faint|p2a: Ampharos\n|\n|upkeep\n|turn|7\n|\n|t:|1776617900\n|move|p1b: Gyarados|Waterfall|p2b: Camerupt\n|-supereffective|p2b: Camerupt|2\n|-damage|p2b: Camerupt|0 fnt\n|faint|p2b: Camerupt\n|\n|win|benjitulio\n|raw|benjitulio's rating: 1065 &rarr; <strong>1092</strong><br />(+27 for winning)\n|raw|Pinoitaliano's rating: 1031 &rarr; <strong>1018</strong><br />(-13 for losing)\n",
  "uploadtime": 1776617901,
  "views": 14,
  "formatid": "gen9championsvgc2026regma",
  "rating": 1018,
  "private": 0,
  "password": null
}