{
  "id": "gen9championsvgc2026regma-2585208088",
  "format": "[Gen 9 Champions] VGC 2026 Reg M-A",
  "players": [
    "DBWaffles",
    "Mask4M"
  ],
  "log": "|j|\u203dDBWaffles\n|j|\u2606Mask4M\n|t:|1776325114\n|gametype|doubles\n|player|p1|DBWaffles|swimmer-gen4dp|1184\n|player|p2|Mask4M|101|1186\n|gen|9\n|tier|[Gen 9 Champions] VGC 2026 Reg M-A\n|rated|\n|rule|Species Clause: Limit one of each Pok\u00e9mon\n|rule|Item Clause: Limit 1 of each item\n|clearpoke\n|poke|p1|Charizard, L50, F|\n|poke|p1|Milotic, L50, M|\n|poke|p1|Sinistcha, L50|\n|poke|p1|Sneasler, L50, M|\n|poke|p1|Venusaur, L50, F|\n|poke|p1|Whimsicott, L50, F|\n|poke|p2|Glimmora, L50, M|\n|poke|p2|Dragonite, L50, F|\n|poke|p2|Sneasler, L50, F|\n|poke|p2|Incineroar, L50, M|\n|poke|p2|Whimsicott, L50, F|\n|poke|p2|Rotom-Wash, L50|\n|teampreview|4\n|inactive|Battle timer is ON: inactive players will automatically lose when time's up. (requested by Mask4M)\n|inactive|DBWaffles also wants the timer to be on.\n|inactive|Mask4M has 60 seconds left.\n|\n|t:|1776325156\n|teamsize|p1|4\n|teamsize|p2|4\n|start\n|switch|p1a: Milotic|Milotic, L50, M|100/100\n|switch|p1b: Sneasler|Sneasler, L50, M|100/100\n|switch|p2a: Sneasler|Sneasler, L50, F|100/100\n|switch|p2b: Whimsicott|Whimsicott, L50, F|100/100\n|turn|1\n|inactive|Mask4M has 30 seconds left.\n|\n|t:|1776325190\n|move|p1b: Sneasler|Fake Out|p2b: Whimsicott\n|-damage|p2b: Whimsicott|84/100\n|move|p2a: Sneasler|Fake Out|p1a: Milotic\n|-damage|p1a: Milotic|83/100\n|cant|p2b: Whimsicott|flinch\n|cant|p1a: Milotic|flinch\n|\n|-heal|p1a: Milotic|89/100|[from] item: Leftovers\n|upkeep\n|turn|2\n|\n|t:|1776325214\n|switch|p2a: Rotom|Rotom-Wash, L50|100/100\n|move|p2b: Whimsicott|Encore|p1b: Sneasler\n|-start|p1b: Sneasler|Encore\n|move|p1b: Sneasler|Fake Out||[still]\n|-hint|Fake Out only works on your first turn out.\n|-fail|p1b: Sneasler\n|move|p1a: Milotic|Scald|p2a: Rotom\n|-resisted|p2a: Rotom|1\n|-damage|p2a: Rotom|75/100\n|\n|-heal|p1a: Milotic|95/100|[from] item: Leftovers\n|upkeep\n|turn|3\n|\n|t:|1776325236\n|switch|p1b: Charizard|Charizard, L50, F|100/100\n|switch|p1a: Sinistcha|Sinistcha, L50|100/100\n|move|p2b: Whimsicott|Tailwind|p2b: Whimsicott\n|-sidestart|p2: Mask4M|move: Tailwind\n|move|p2a: Rotom|Electroweb|p1b: Charizard|[spread] p1a,p1b\n|-resisted|p1a: Sinistcha|1\n|-supereffective|p1b: Charizard|1\n|-damage|p1a: Sinistcha|93/100\n|-damage|p1b: Charizard|58/100\n|-unboost|p1a: Sinistcha|spe|1\n|-unboost|p1b: Charizard|spe|1\n|\n|upkeep\n|turn|4\n|\n|t:|1776325256\n|switch|p1b: Sneasler|Sneasler, L50, M|100/100\n|move|p2b: Whimsicott|Taunt|p1a: Sinistcha\n|-start|p1a: Sinistcha|move: Taunt\n|move|p2a: Rotom|Electroweb|p1b: Sneasler|[spread] p1a,p1b\n|-resisted|p1a: Sinistcha|1\n|-damage|p1a: Sinistcha|84/100\n|-damage|p1b: Sneasler|76/100\n|-unboost|p1a: Sinistcha|spe|1\n|-unboost|p1b: Sneasler|spe|1\n|-enditem|p1b: Sneasler|White Herb\n|-clearnegativeboost|p1b: Sneasler|[silent]\n|move|p1a: Sinistcha|Matcha Gotcha|p2b: Whimsicott|[spread] p2a,p2b\n|-supereffective|p2a: Rotom|1\n|-resisted|p2b: Whimsicott|1\n|-damage|p2a: Rotom|6/100\n|-heal|p1a: Sinistcha|100/100|[from] drain|[of] p2a: Rotom\n|-damage|p2b: Whimsicott|69/100\n|-status|p2a: Rotom|brn\n|\n|-damage|p2a: Rotom|0 fnt|[from] brn\n|faint|p2a: Rotom\n|upkeep\n|inactive|Mask4M has 30 seconds left.\n|inactive|Mask4M has 20 seconds left.\n|\n|t:|1776325292\n|switch|p2a: Glimmora|Glimmora, L50, M|100/100\n|turn|5\n|inactive|Mask4M has 30 seconds left.\n|inactive|Mask4M has 20 seconds left.\n|\n|t:|1776325332\n|switch|p2b: Sneasler|Sneasler, L50, F|100/100\n|switch|p1a: Milotic|Milotic, L50, M|95/100\n|detailschange|p2a: Glimmora|Glimmora-Mega, L50, M\n|-mega|p2a: Glimmora|Glimmora|Glimmoranite\n|move|p1b: Sneasler|Dire Claw|p2b: Sneasler\n|-resisted|p2b: Sneasler|1\n|-damage|p2b: Sneasler|66/100\n|move|p2a: Glimmora|Earth Power|p1b: Sneasler\n|-supereffective|p1b: Sneasler|1\n|-damage|p1b: Sneasler|0 fnt\n|faint|p1b: Sneasler\n|\n|-heal|p1a: Milotic|100/100|[from] item: Leftovers\n|upkeep\n|\n|t:|1776325345\n|switch|p1b: Charizard|Charizard, L50, F|58/100\n|turn|6\n|inactive|Mask4M has 30 seconds left.\n|inactive|Mask4M has 20 seconds left.\n|\n|t:|1776325384\n|switch|p2a: Whimsicott|Whimsicott, L50, F|69/100\n|switch|p1a: Sinistcha|Sinistcha, L50|100/100\n|-heal|p1b: Charizard|83/100|[from] ability: Hospitality|[of] p1a: Sinistcha\n|move|p1b: Charizard|Protect|p1b: Charizard\n|-singleturn|p1b: Charizard|Protect\n|move|p2b: Sneasler|Fake Out|p1a: Sinistcha\n|-immune|p1a: Sinistcha\n|\n|-sideend|p2: Mask4M|move: Tailwind\n|upkeep\n|turn|7\n|inactive|DBWaffles has 30 seconds left.\n|\n|t:|1776325410\n|detailschange|p1b: Charizard|Charizard-Mega-X, L50, F\n|-mega|p1b: Charizard|Charizard|Charizardite X\n|move|p2b: Sneasler|Protect|p2b: Sneasler\n|-singleturn|p2b: Sneasler|Protect\n|move|p1a: Sinistcha|Rage Powder|p1a: Sinistcha\n|-singleturn|p1a: Sinistcha|move: Rage Powder\n|move|p2a: Whimsicott|Tailwind|p2a: Whimsicott\n|-sidestart|p2: Mask4M|move: Tailwind\n|move|p1b: Charizard|Dragon Dance|p1b: Charizard\n|-boost|p1b: Charizard|atk|1\n|-boost|p1b: Charizard|spe|1\n|\n|upkeep\n|turn|8\n|\n|t:|1776325428\n|switch|p2b: Glimmora|Glimmora-Mega, L50, M|100/100\n|move|p1a: Sinistcha|Rage Powder|p1a: Sinistcha\n|-singleturn|p1a: Sinistcha|move: Rage Powder\n|move|p2a: Whimsicott|Encore|p1b: Charizard\n|-start|p1b: Charizard|Encore\n|move|p1b: Charizard|Dragon Dance|p1b: Charizard\n|-boost|p1b: Charizard|atk|1\n|-boost|p1b: Charizard|spe|1\n|\n|upkeep\n|turn|9\n|\n|t:|1776325446\n|switch|p1b: Milotic|Milotic, L50, M|100/100\n|move|p2a: Whimsicott|Taunt|p1a: Sinistcha\n|-start|p1a: Sinistcha|move: Taunt\n|move|p2b: Glimmora|Power Gem|p1b: Milotic\n|-damage|p1b: Milotic|57/100\n|move|p1a: Sinistcha|Matcha Gotcha|p2b: Glimmora|[spread] p2a,p2b\n|-resisted|p2a: Whimsicott|1\n|-damage|p2a: Whimsicott|54/100\n|-damage|p2b: Glimmora|70/100\n|\n|-heal|p1b: Milotic|63/100|[from] item: Leftovers\n|upkeep\n|turn|10\n|inactive|Mask4M has 30 seconds left.\n|\n|t:|1776325474\n|switch|p1a: Charizard|Charizard-Mega-X, L50, F|83/100\n|move|p2b: Glimmora|Sludge Bomb|p1b: Milotic\n|-damage|p1b: Milotic|15/100\n|move|p2a: Whimsicott|Moonblast|p1b: Milotic\n|-damage|p1b: Milotic|0 fnt\n|faint|p1b: Milotic\n|\n|-sideend|p2: Mask4M|move: Tailwind\n|upkeep\n|\n|t:|1776325481\n|switch|p1b: Sinistcha|Sinistcha, L50|100/100\n|-heal|p1a: Charizard|100/100|[from] ability: Hospitality|[of] p1b: Sinistcha\n|turn|11\n|inactive|Mask4M has 30 seconds left.\n|inactive|Mask4M has 20 seconds left.\n|\n|t:|1776325518\n|move|p1b: Sinistcha|Rage Powder|p1b: Sinistcha\n|-singleturn|p1b: Sinistcha|move: Rage Powder\n|move|p2a: Whimsicott|Taunt|p1b: Sinistcha\n|-start|p1b: Sinistcha|move: Taunt\n|move|p2b: Glimmora|Power Gem|p1b: Sinistcha\n|-damage|p1b: Sinistcha|42/100\n|move|p1a: Charizard|Flare Blitz|p2a: Whimsicott\n|-supereffective|p2a: Whimsicott|1\n|-damage|p2a: Whimsicott|0 fnt\n|faint|p2a: Whimsicott\n|-damage|p1a: Charizard|85/100|[from] Recoil\n|\n|upkeep\n|\n|t:|1776325531\n|switch|p2a: Sneasler|Sneasler, L50, F|66/100\n|turn|12\n|\n|t:|1776325540\n|move|p2a: Sneasler|Dire Claw|p1b: Sinistcha\n|-damage|p1b: Sinistcha|4/100\n|-status|p1b: Sinistcha|slp\n|move|p2b: Glimmora|Power Gem|p1a: Charizard\n|-supereffective|p1a: Charizard|1\n|-damage|p1a: Charizard|0 fnt\n|faint|p1a: Charizard\n|cant|p1b: Sinistcha|slp\n|\n|upkeep\n|turn|13\n|-message|DBWaffles forfeited.\n|\n|win|Mask4M\n|raw|DBWaffles's rating: 1184 &rarr; <strong>1159</strong><br />(-25 for losing)\n|raw|Mask4M's rating: 1186 &rarr; <strong>1211</strong><br />(+25 for winning)\n|l|\u203dDBWaffles\n|player|p1|\n",
  "uploadtime": 1776325553,
  "views": 26,
  "formatid": "gen9championsvgc2026regma",
  "rating": 1159,
  "private": 0,
  "password": null
}