{
  "id": "gen9championsvgc2026regma-2582195772",
  "format": "[Gen 9 Champions] VGC 2026 Reg M-A",
  "players": [
    "GER0N1M0",
    "KuroiRyu1122"
  ],
  "log": "|j|\u2606GER0N1M0\n|j|\u2606KuroiRyu1122\n|t:|1776069973\n|gametype|doubles\n|player|p1|GER0N1M0|2|1115\n|player|p2|KuroiRyu1122|101|1186\n|gen|9\n|tier|[Gen 9 Champions] VGC 2026 Reg M-A\n|rated|\n|rule|Species Clause: Limit one of each Pok\u00e9mon\n|rule|Item Clause: Limit 1 of each item\n|clearpoke\n|poke|p1|Charizard, L50, M|\n|poke|p1|Rotom-Wash, L50|\n|poke|p1|Whimsicott, L50, M|\n|poke|p1|Garchomp, L50, M|\n|poke|p1|Incineroar, L50, F|\n|poke|p1|Sneasler, L50, F|\n|poke|p2|Pelipper, L50, M|\n|poke|p2|Meganium, L50, M|\n|poke|p2|Garchomp, L50, M|\n|poke|p2|Incineroar, L50, M|\n|poke|p2|Farigiraf, L50, M|\n|poke|p2|Aegislash, L50, F|\n|teampreview|4\n|inactive|Battle timer is ON: inactive players will automatically lose when time's up. (requested by KuroiRyu1122)\n|inactive|GER0N1M0 also wants the timer to be on.\n|\n|t:|1776070022\n|teamsize|p1|4\n|teamsize|p2|4\n|start\n|switch|p1a: Sneasler|Sneasler, L50, F|100/100\n|switch|p1b: Charizard|Charizard, L50, M|100/100\n|switch|p2a: Pelipper|Pelipper, L50, M|100/100\n|switch|p2b: Garchomp|Garchomp, L50, M, shiny|100/100\n|-weather|RainDance|[from] ability: Drizzle|[of] p2a: Pelipper\n|turn|1\n|inactive|GER0N1M0 has 30 seconds left.\n|\n|t:|1776070052\n|switch|p1b: Garchomp|Garchomp, L50, M|100/100\n|switch|p2a: Farigiraf|Farigiraf, L50, M, shiny|100/100\n|move|p1a: Sneasler|Fake Out||[still]\n|cant|p2a: Farigiraf|ability: Armor Tail|Fake Out|[of] p1a: Sneasler\n|move|p2b: Garchomp|Rock Slide|p1a: Sneasler|[spread] p1a,p1b\n|-resisted|p1a: Sneasler|1\n|-resisted|p1b: Garchomp|1\n|-damage|p1a: Sneasler|81/100\n|-damage|p1b: Garchomp|89/100\n|\n|-weather|RainDance|[upkeep]\n|upkeep\n|turn|2\n|inactive|KuroiRyu1122 has 30 seconds left.\n|inactive|KuroiRyu1122 has 20 seconds left.\n|inactive|KuroiRyu1122 has 15 seconds left.\n|inactive|KuroiRyu1122 has 10 seconds left.\n|\n|t:|1776070097\n|switch|p2b: Incineroar|Incineroar, L50, M, shiny|100/100\n|-ability|p2b: Incineroar|Intimidate|boost\n|-unboost|p1a: Sneasler|atk|1\n|-unboost|p1b: Garchomp|atk|1\n|-enditem|p1a: Sneasler|White Herb\n|-clearnegativeboost|p1a: Sneasler|[silent]\n|move|p1a: Sneasler|Protect|p1a: Sneasler\n|-singleturn|p1a: Sneasler|Protect\n|move|p1b: Garchomp|Dragon Claw|p2b: Incineroar\n|-damage|p2b: Incineroar|75/100\n|move|p2a: Farigiraf|Twin Beam|p1a: Sneasler\n|-activate|p1a: Sneasler|move: Protect\n|\n|-weather|RainDance|[upkeep]\n|upkeep\n|turn|3\n|\n|t:|1776070120\n|switch|p1b: Charizard|Charizard, L50, M|100/100\n|move|p2b: Incineroar|Fake Out|p1a: Sneasler\n|-damage|p1a: Sneasler|65/100\n|cant|p1a: Sneasler|flinch\n|move|p2a: Farigiraf|Trick Room|p2a: Farigiraf\n|-fieldstart|move: Trick Room|[of] p2a: Farigiraf\n|\n|-weather|RainDance|[upkeep]\n|upkeep\n|turn|4\n|inactive|GER0N1M0 has 30 seconds left.\n|\n|t:|1776070149\n|detailschange|p1b: Charizard|Charizard-Mega-Y, L50, M\n|-mega|p1b: Charizard|Charizard|Charizardite Y\n|-weather|SunnyDay|[from] ability: Drought|[of] p1b: Charizard\n|move|p2a: Farigiraf|Twin Beam|p1b: Charizard\n|-damage|p1b: Charizard|86/100\n|-damage|p1b: Charizard|71/100\n|-hitcount|p1b: Charizard|2\n|move|p2b: Incineroar|Parting Shot|p1b: Charizard\n|-unboost|p1b: Charizard|atk|1\n|-unboost|p1b: Charizard|spa|1\n|\n|t:|1776070159\n|switch|p2b: Pelipper|Pelipper, L50, M|100/100|[from] Parting Shot\n|-weather|RainDance|[from] ability: Drizzle|[of] p2b: Pelipper\n|move|p1b: Charizard|Heat Wave|p2a: Farigiraf|[spread] p2a\n|-miss|p1b: Charizard|p2b: Pelipper\n|-damage|p2a: Farigiraf|92/100\n|move|p1a: Sneasler|Close Combat|p2b: Pelipper\n|-resisted|p2b: Pelipper|1\n|-damage|p2b: Pelipper|66/100\n|-unboost|p1a: Sneasler|def|1\n|-unboost|p1a: Sneasler|spd|1\n|\n|-weather|RainDance|[upkeep]\n|-heal|p2a: Farigiraf|98/100|[from] item: Leftovers\n|upkeep\n|turn|5\n|\n|t:|1776070183\n|switch|p1b: Rotom|Rotom-Wash, L50|100/100\n|switch|p1a: Garchomp|Garchomp, L50, M|89/100\n|move|p2a: Farigiraf|Hyper Voice|p1b: Rotom|[spread] p1a,p1b\n|-damage|p1a: Garchomp|63/100\n|-damage|p1b: Rotom|71/100\n|move|p2b: Pelipper|Hurricane|p1b: Rotom\n|-resisted|p1b: Rotom|1\n|-damage|p1b: Rotom|44/100\n|-start|p1b: Rotom|confusion\n|\n|-weather|RainDance|[upkeep]\n|-heal|p2a: Farigiraf|100/100|[from] item: Leftovers\n|-heal|p1b: Rotom|50/100|[from] item: Leftovers\n|upkeep\n|turn|6\n|\n|t:|1776070201\n|switch|p2b: Incineroar|Incineroar, L50, M, shiny|75/100\n|-ability|p2b: Incineroar|Intimidate|boost\n|-unboost|p1a: Garchomp|atk|1\n|-unboost|p1b: Rotom|atk|1\n|switch|p1b: Charizard|Charizard-Mega-Y, L50, M|71/100\n|-weather|SunnyDay|[from] ability: Drought|[of] p1b: Charizard\n|move|p2a: Farigiraf|Hyper Voice|p1b: Charizard|[spread] p1a,p1b\n|-damage|p1a: Garchomp|35/100\n|-damage|p1b: Charizard|49/100\n|move|p1a: Garchomp|Rock Slide|p2b: Incineroar|[spread] p2b\n|-miss|p1a: Garchomp|p2a: Farigiraf\n|-supereffective|p2b: Incineroar|1\n|-damage|p2b: Incineroar|49/100\n|-enditem|p2b: Incineroar|Sitrus Berry|[eat]\n|-heal|p2b: Incineroar|74/100|[from] item: Sitrus Berry\n|\n|-weather|SunnyDay|[upkeep]\n|upkeep\n|turn|7\n|\n|t:|1776070225\n|switch|p2b: Pelipper|Pelipper, L50, M|66/100\n|-weather|RainDance|[from] ability: Drizzle|[of] p2b: Pelipper\n|move|p1b: Charizard|Protect|p1b: Charizard\n|-singleturn|p1b: Charizard|Protect\n|move|p2a: Farigiraf|Twin Beam|p1a: Garchomp\n|-damage|p1a: Garchomp|18/100\n|-damage|p1a: Garchomp|0 fnt\n|faint|p1a: Garchomp\n|-hitcount|p1: Garchomp|2\n|\n|-weather|RainDance|[upkeep]\n|-fieldend|move: Trick Room\n|upkeep\n|\n|t:|1776070243\n|switch|p1a: Sneasler|Sneasler, L50, F|65/100\n|turn|8\n|\n|t:|1776070255\n|move|p2b: Pelipper|Wide Guard|p2b: Pelipper\n|-singleturn|p2b: Pelipper|Wide Guard\n|move|p1a: Sneasler|Dire Claw|p2b: Pelipper\n|-crit|p2b: Pelipper\n|-damage|p2b: Pelipper|2/100\n|move|p1b: Charizard|Heat Wave|p2b: Pelipper|[spread] \n|-activate|p2a: Farigiraf|move: Wide Guard\n|-activate|p2b: Pelipper|move: Wide Guard\n|move|p2a: Farigiraf|Trick Room|p2a: Farigiraf\n|-fieldstart|move: Trick Room|[of] p2a: Farigiraf\n|\n|-weather|RainDance|[upkeep]\n|upkeep\n|turn|9\n|\n|t:|1776070279\n|move|p1b: Charizard|Protect|p1b: Charizard\n|-singleturn|p1b: Charizard|Protect\n|move|p2a: Farigiraf|Hyper Voice|p1a: Sneasler|[spread] p1a\n|-activate|p1b: Charizard|move: Protect\n|-damage|p1a: Sneasler|29/100\n|move|p2b: Pelipper|Weather Ball|p1a: Sneasler\n|-damage|p1a: Sneasler|0 fnt\n|faint|p1a: Sneasler\n|\n|-weather|RainDance|[upkeep]\n|upkeep\n|-message|GER0N1M0 forfeited.\n|\n|win|KuroiRyu1122\n|raw|GER0N1M0's rating: 1115 &rarr; <strong>1095</strong><br />(-20 for losing)\n|raw|KuroiRyu1122's rating: 1186 &rarr; <strong>1206</strong><br />(+20 for winning)\n|l|\u2606GER0N1M0\n|player|p1|\n",
  "uploadtime": 1776070294,
  "views": 29,
  "formatid": "gen9championsvgc2026regma",
  "rating": 1095,
  "private": 0,
  "password": null
}