{
  "id": "gen9championsvgc2026regma-2580485788",
  "format": "[Gen 9 Champions] VGC 2026 Reg M-A",
  "players": [
    "mo3az",
    "gianitalo"
  ],
  "log": "|j|\u2606mo3az\n|j|\u2606gianitalo\n|t:|1775903526\n|gametype|doubles\n|player|p1|mo3az|hilbert-wonderlauncher|1028\n|player|p2|gianitalo|266|1000\n|gen|9\n|tier|[Gen 9 Champions] VGC 2026 Reg M-A\n|rated|\n|rule|Species Clause: Limit one of each Pok\u00e9mon\n|rule|Item Clause: Limit 1 of each item\n|clearpoke\n|poke|p1|Chesnaught, L50, M|\n|poke|p1|Empoleon, L50, M|\n|poke|p1|Chandelure, L50, M|\n|poke|p1|Reuniclus, L50, M|\n|poke|p1|Tyranitar, L50, M|\n|poke|p1|Garchomp, L50, F|\n|poke|p2|Espathra, L50, M|\n|poke|p2|Meowstic, L50, M|\n|poke|p2|Floette-Eternal, L50, F|\n|poke|p2|Sneasler, L50, F|\n|poke|p2|Kingambit, L50, M|\n|poke|p2|Sinistcha, L50|\n|teampreview|4\n|inactive|Battle timer is ON: inactive players will automatically lose when time's up. (requested by mo3az)\n|inactive|mo3az has 60 seconds left.\n|\n|t:|1775903569\n|teamsize|p1|4\n|teamsize|p2|4\n|start\n|switch|p1a: Chesnaught|Chesnaught, L50, M|100/100\n|switch|p1b: Chandelure|Chandelure, L50, M|100/100\n|switch|p2a: Espathra|Espathra, L50, M|100/100\n|switch|p2b: Sneasler|Sneasler, L50, F|100/100\n|turn|1\n|\n|t:|1775903586\n|detailschange|p1a: Chesnaught|Chesnaught-Mega, L50, M\n|-mega|p1a: Chesnaught|Chesnaught|Chesnaughtite\n|move|p2b: Sneasler|Fake Out|p1a: Chesnaught\n|-damage|p1a: Chesnaught|93/100\n|move|p2a: Espathra|Calm Mind|p2a: Espathra\n|-boost|p2a: Espathra|spa|1\n|-boost|p2a: Espathra|spd|1\n|cant|p1a: Chesnaught|flinch\n|move|p1b: Chandelure|Trick Room|p1b: Chandelure\n|-fieldstart|move: Trick Room|[of] p1b: Chandelure\n|\n|-ability|p2a: Espathra|Speed Boost|boost\n|-boost|p2a: Espathra|spe|1\n|upkeep\n|turn|2\n|\n|t:|1775903610\n|switch|p2b: Sinistcha|Sinistcha, L50|100/100\n|move|p2a: Espathra|Protect|p2a: Espathra\n|-singleturn|p2a: Espathra|Protect\n|move|p1a: Chesnaught|Rock Slide|p2a: Espathra|[spread] p2b\n|-activate|p2a: Espathra|move: Protect\n|-damage|p2b: Sinistcha|83/100\n|move|p1b: Chandelure|Heat Wave|p2b: Sinistcha|[spread] p2b\n|-activate|p2a: Espathra|move: Protect\n|-supereffective|p2b: Sinistcha|1\n|-damage|p2b: Sinistcha|0 fnt\n|faint|p2b: Sinistcha\n|\n|-ability|p2a: Espathra|Speed Boost|boost\n|-boost|p2a: Espathra|spe|1\n|upkeep\n|\n|t:|1775903616\n|switch|p2b: Sneasler|Sneasler, L50, F|100/100\n|turn|3\n|\n|t:|1775903640\n|move|p2b: Sneasler|Fake Out|p1a: Chesnaught\n|-damage|p1a: Chesnaught|85/100\n|cant|p1a: Chesnaught|flinch\n|move|p1b: Chandelure|Shadow Ball|p2b: Sneasler\n|-damage|p2b: Sneasler|29/100\n|move|p2a: Espathra|Baton Pass|p2a: Espathra\n|\n|t:|1775903649\n|switch|p2a: Floette|Floette-Eternal, L50, F|100/100|[from] Baton Pass\n|\n|upkeep\n|turn|4\n|\n|t:|1775903658\n|switch|p2b: Espathra|Espathra, L50, M|100/100\n|detailschange|p2a: Floette|Floette-Mega, L50, F\n|-mega|p2a: Floette|Floette|Floettite\n|-ability|p2a: Floette|Fairy Aura\n|move|p1a: Chesnaught|Rock Slide|p2b: Espathra|[spread] p2a,p2b\n|-damage|p2a: Floette|84/100\n|-damage|p2b: Espathra|70/100\n|move|p1b: Chandelure|Heat Wave|p2a: Floette|[spread] p2b\n|-miss|p1b: Chandelure|p2a: Floette\n|-damage|p2b: Espathra|5/100\n|cant|p2a: Floette|flinch\n|\n|upkeep\n|turn|5\n|\n|t:|1775903679\n|move|p1a: Chesnaught|Wood Hammer|p2a: Floette\n|-damage|p2a: Floette|31/100\n|-damage|p1a: Chesnaught|66/100|[from] Recoil\n|move|p1b: Chandelure|Heat Wave|p2a: Floette|[spread] p2a,p2b\n|-damage|p2a: Floette|9/100\n|-damage|p2b: Espathra|0 fnt\n|faint|p2b: Espathra\n|move|p2a: Floette|Draining Kiss|p1a: Chesnaught\n|-supereffective|p1a: Chesnaught|1\n|-damage|p1a: Chesnaught|0 fnt\n|-heal|p2a: Floette|53/100|[from] drain|[of] p1a: Chesnaught\n|faint|p1a: Chesnaught\n|\n|-fieldend|move: Trick Room\n|upkeep\n|inactive|mo3az has 30 seconds left.\n|\n|t:|1775903704\n|switch|p2b: Sneasler|Sneasler, L50, F|29/100\n|switch|p1a: Empoleon|Empoleon, L50, M|100/100\n|turn|6\n|\n|t:|1775903711\n|move|p1a: Empoleon|Protect|p1a: Empoleon\n|-singleturn|p1a: Empoleon|Protect\n|move|p2a: Floette|Moonblast|p1b: Chandelure\n|-resisted|p1b: Chandelure|1\n|-damage|p1b: Chandelure|43/100\n|move|p2b: Sneasler|Dire Claw|p1b: Chandelure\n|-resisted|p1b: Chandelure|1\n|-damage|p1b: Chandelure|18/100\n|move|p1b: Chandelure|Trick Room|p1b: Chandelure\n|-fieldstart|move: Trick Room|[of] p1b: Chandelure\n|\n|upkeep\n|turn|7\n|\n|t:|1775903729\n|move|p1a: Empoleon|Flash Cannon|p2a: Floette\n|-supereffective|p2a: Floette|1\n|-damage|p2a: Floette|12/100\n|move|p1b: Chandelure|Heat Wave|p2b: Sneasler|[spread] p2a,p2b\n|-damage|p2a: Floette|0 fnt\n|-damage|p2b: Sneasler|0 fnt\n|faint|p2a: Floette\n|faint|p2b: Sneasler\n|\n|win|mo3az\n|raw|mo3az's rating: 1028 &rarr; <strong>1061</strong><br />(+33 for winning)\n|raw|gianitalo's rating: 1000 &rarr; <strong>1000</strong><br />(+0 for losing)\n",
  "uploadtime": 1775903739,
  "views": 40,
  "formatid": "gen9championsvgc2026regma",
  "rating": 1000,
  "private": 0,
  "password": null
}