{
  "id": "gen9championsvgc2026regma-2585184421",
  "format": "[Gen 9 Champions] VGC 2026 Reg M-A",
  "players": [
    "tonsinhoVGC",
    "Bearsama44"
  ],
  "log": "|j|\u2606tonsinhoVGC\n|j|\u2606Bearsama44\n|t:|1776322278\n|gametype|doubles\n|player|p1|tonsinhoVGC|102|1049\n|player|p2|Bearsama44|169|1000\n|gen|9\n|tier|[Gen 9 Champions] VGC 2026 Reg M-A\n|rated|\n|rule|Species Clause: Limit one of each Pok\u00e9mon\n|rule|Item Clause: Limit 1 of each item\n|clearpoke\n|poke|p1|Feraligatr, L50, M|\n|poke|p1|Sinistcha, L50|\n|poke|p1|Politoed, L50, M|\n|poke|p1|Incineroar, L50, F|\n|poke|p1|Mamoswine, L50, F|\n|poke|p1|Venusaur, L50, F|\n|poke|p2|Hawlucha, L50, M|\n|poke|p2|Rhyperior, L50, F|\n|poke|p2|Sinistcha-Masterpiece, L50|\n|poke|p2|Milotic, L50, M|\n|poke|p2|Incineroar, L50, F|\n|poke|p2|Ceruledge, L50, M|\n|teampreview|4\n|\n|t:|1776322295\n|teamsize|p1|4\n|teamsize|p2|4\n|start\n|switch|p1a: Feraligatr|Feraligatr, L50, M|100/100\n|switch|p1b: Incineroar|Incineroar, L50, F|100/100\n|switch|p2a: Hawlucha|Hawlucha, L50, M|100/100\n|switch|p2b: Rhyperior|Rhyperior, L50, F|100/100\n|-ability|p2a: Hawlucha|Mold Breaker\n|-ability|p1b: Incineroar|Intimidate|boost\n|-unboost|p2a: Hawlucha|atk|1\n|-unboost|p2b: Rhyperior|atk|1\n|turn|1\n|\n|t:|1776322324\n|detailschange|p2a: Hawlucha|Hawlucha-Mega, L50, M\n|-mega|p2a: Hawlucha|Hawlucha|Hawluchanite\n|detailschange|p1a: Feraligatr|Feraligatr-Mega, L50, M\n|-mega|p1a: Feraligatr|Feraligatr|Feraligite\n|move|p1b: Incineroar|Fake Out|p2a: Hawlucha\n|-damage|p2a: Hawlucha|89/100\n|cant|p2a: Hawlucha|flinch\n|move|p1a: Feraligatr|Dragon Dance|p1a: Feraligatr\n|-boost|p1a: Feraligatr|atk|1\n|-boost|p1a: Feraligatr|spe|1\n|move|p2b: Rhyperior|Horn Drill|p1a: Feraligatr\n|-damage|p1a: Feraligatr|0 fnt\n|faint|p1a: Feraligatr\n|-ohko\n|\n|upkeep\n|\n|t:|1776322342\n|switch|p1a: Politoed|Politoed, L50, M|100/100\n|-weather|RainDance|[from] ability: Drizzle|[of] p1a: Politoed\n|turn|2\n|\n|t:|1776322353\n|move|p2a: Hawlucha|Entrainment|p2b: Rhyperior\n|-ability|p2b: Rhyperior|No Guard|Lightning Rod|[from] move: Entrainment|[of] p2a: Hawlucha\n|move|p1a: Politoed|Muddy Water|p2a: Hawlucha|[spread] p2a,p2b\n|-supereffective|p2b: Rhyperior|2\n|-enditem|p2b: Rhyperior|Passho Berry|[eat]\n|-enditem|p2b: Rhyperior|Passho Berry|[weaken]\n|-damage|p2a: Hawlucha|36/100\n|-damage|p2b: Rhyperior|0 fnt\n|-unboost|p2a: Hawlucha|accuracy|1\n|faint|p2b: Rhyperior\n|move|p1b: Incineroar|Parting Shot|p2a: Hawlucha\n|-unboost|p2a: Hawlucha|atk|1\n|-unboost|p2a: Hawlucha|spa|1\n|\n|t:|1776322367\n|switch|p1b: Sinistcha|Sinistcha, L50|100/100|[from] Parting Shot\n|\n|-weather|RainDance|[upkeep]\n|upkeep\n|c|\u2606tonsinhoVGC|bro\n|\n|t:|1776322374\n|switch|p2b: Milotic|Milotic, L50, M|100/100\n|turn|3\n|c|\u2606tonsinhoVGC|xd\n|c|\u2606tonsinhoVGC|u hitted a 30%\n|\n|t:|1776322398\n|move|p2a: Hawlucha|Brave Bird|p1b: Sinistcha\n|-supereffective|p1b: Sinistcha|1\n|-damage|p1b: Sinistcha|47/100\n|-damage|p2a: Hawlucha|15/100|[from] Recoil\n|move|p2b: Milotic|Coil|p2b: Milotic\n|-boost|p2b: Milotic|atk|1\n|-boost|p2b: Milotic|def|1\n|-boost|p2b: Milotic|accuracy|1\n|move|p1a: Politoed|Icy Wind|p2b: Milotic|[spread] p2a,p2b\n|-supereffective|p2a: Hawlucha|1\n|-resisted|p2b: Milotic|1\n|-damage|p2a: Hawlucha|0 fnt\n|-damage|p2b: Milotic|97/100\n|-unboost|p2b: Milotic|spe|1\n|-ability|p2b: Milotic|Competitive|boost\n|-boost|p2b: Milotic|spa|2\n|faint|p2a: Hawlucha\n|move|p1b: Sinistcha|Matcha Gotcha|p2b: Milotic\n|-supereffective|p2b: Milotic|1\n|-damage|p2b: Milotic|55/100\n|-heal|p1b: Sinistcha|67/100|[from] drain|[of] p2b: Milotic\n|-status|p2b: Milotic|brn\n|\n|-weather|RainDance|[upkeep]\n|-damage|p2b: Milotic|49/100 brn|[from] brn\n|upkeep\n|\n|t:|1776322422\n|switch|p2a: Sinistcha|Sinistcha-Masterpiece, L50|100/100\n|-heal|p2b: Milotic|74/100 brn|[from] ability: Hospitality|[of] p2a: Sinistcha\n|turn|4\n|\n|t:|1776322441\n|move|p2a: Sinistcha|Shadow Ball|p1b: Sinistcha\n|-supereffective|p1b: Sinistcha|1\n|-crit|p1b: Sinistcha\n|-damage|p1b: Sinistcha|0 fnt\n|faint|p1b: Sinistcha\n|move|p1a: Politoed|Encore|p2b: Milotic\n|-start|p2b: Milotic|Encore\n|move|p2b: Milotic|Coil|p2b: Milotic\n|-boost|p2b: Milotic|atk|1\n|-boost|p2b: Milotic|def|1\n|-boost|p2b: Milotic|accuracy|1\n|\n|-weather|RainDance|[upkeep]\n|-damage|p2b: Milotic|69/100 brn|[from] brn\n|upkeep\n|\n|t:|1776322455\n|switch|p1b: Incineroar|Incineroar, L50, F|100/100\n|-ability|p1b: Incineroar|Intimidate|boost\n|-unboost|p2a: Sinistcha|atk|1\n|-unboost|p2b: Milotic|atk|1\n|-ability|p2b: Milotic|Competitive|boost\n|-boost|p2b: Milotic|spa|2\n|turn|5\n|\n|t:|1776322478\n|move|p2a: Sinistcha|Protect|p2a: Sinistcha\n|-singleturn|p2a: Sinistcha|Protect\n|move|p1a: Politoed|Muddy Water|p2a: Sinistcha|[spread] p2b\n|-activate|p2a: Sinistcha|move: Protect\n|-resisted|p2b: Milotic|1\n|-damage|p2b: Milotic|56/100 brn\n|move|p1b: Incineroar|Darkest Lariat|p2a: Sinistcha\n|-activate|p2a: Sinistcha|move: Protect\n|move|p2b: Milotic|Coil|p2b: Milotic\n|-boost|p2b: Milotic|atk|1\n|-boost|p2b: Milotic|def|1\n|-boost|p2b: Milotic|accuracy|1\n|\n|-weather|RainDance|[upkeep]\n|-damage|p2b: Milotic|50/100 brn|[from] brn\n|upkeep\n|turn|6\n|\n|t:|1776322513\n|move|p1a: Politoed|Muddy Water|p2a: Sinistcha|[spread] p2a,p2b\n|-resisted|p2a: Sinistcha|1\n|-resisted|p2b: Milotic|1\n|-damage|p2a: Sinistcha|81/100\n|-damage|p2b: Milotic|39/100 brn\n|move|p2a: Sinistcha|Shadow Ball|p1a: Politoed\n|-damage|p1a: Politoed|73/100\n|-unboost|p1a: Politoed|spd|1\n|move|p1b: Incineroar|Darkest Lariat|p2b: Milotic\n|-damage|p2b: Milotic|5/100 brn\n|move|p2b: Milotic|Coil|p2b: Milotic\n|-boost|p2b: Milotic|atk|1\n|-boost|p2b: Milotic|def|1\n|-boost|p2b: Milotic|accuracy|1\n|\n|-weather|none\n|-heal|p1a: Politoed|79/100|[from] item: Leftovers\n|-damage|p2b: Milotic|0 fnt|[from] brn\n|faint|p2b: Milotic\n|upkeep\n|turn|7\n|\n|t:|1776322533\n|move|p2a: Sinistcha|Matcha Gotcha|p1b: Incineroar|[spread] p1a,p1b\n|-supereffective|p1a: Politoed|1\n|-resisted|p1b: Incineroar|1\n|-damage|p1a: Politoed|21/100\n|-heal|p2a: Sinistcha|100/100|[from] drain|[of] p1a: Politoed\n|-damage|p1b: Incineroar|90/100\n|move|p1a: Politoed|Icy Wind|p2a: Sinistcha\n|-supereffective|p2a: Sinistcha|1\n|-damage|p2a: Sinistcha|69/100\n|-unboost|p2a: Sinistcha|spe|1\n|move|p1b: Incineroar|Darkest Lariat|p2a: Sinistcha\n|-supereffective|p2a: Sinistcha|1\n|-damage|p2a: Sinistcha|15/100\n|\n|-heal|p1a: Politoed|27/100|[from] item: Leftovers\n|upkeep\n|turn|8\n|n|!tonsinhoVGC|tonsinhovgc\n|\n|t:|1776322558\n|move|p1a: Politoed|Icy Wind|p2a: Sinistcha\n|-supereffective|p2a: Sinistcha|1\n|-damage|p2a: Sinistcha|0 fnt\n|faint|p2a: Sinistcha\n|\n|win|tonsinhoVGC\n",
  "uploadtime": 1776322552,
  "views": 20,
  "formatid": "gen9championsvgc2026regma",
  "rating": null,
  "private": 0,
  "password": null
}