{
  "id": "gen9championsvgc2026regma-2583436922",
  "format": "[Gen 9 Champions] VGC 2026 Reg M-A",
  "players": [
    "Mask4M",
    "Ijustteststrats"
  ],
  "log": "|j|\u2606Mask4M\n|j|\u2606Ijustteststrats\n|t:|1776175578\n|gametype|doubles\n|player|p1|Mask4M|101|1075\n|player|p2|Ijustteststrats|swimmer-gen4dp|1031\n|gen|9\n|tier|[Gen 9 Champions] VGC 2026 Reg M-A\n|rated|\n|rule|Species Clause: Limit one of each Pok\u00e9mon\n|rule|Item Clause: Limit 1 of each item\n|clearpoke\n|poke|p1|Glimmora, L50, F|\n|poke|p1|Meganium, L50, M|\n|poke|p1|Sneasler, L50, M|\n|poke|p1|Incineroar, L50, M|\n|poke|p1|Whimsicott, L50, F|\n|poke|p1|Gyarados, L50, M|\n|poke|p2|Goodra-Hisui, L50, F|\n|poke|p2|Archaludon, L50, M|\n|poke|p2|Pelipper, L50, M|\n|poke|p2|Sinistcha, L50|\n|poke|p2|Basculegion, L50, M|\n|poke|p2|Raichu, L50, M|\n|teampreview|4\n|inactive|Battle timer is ON: inactive players will automatically lose when time's up. (requested by Mask4M)\nMask4M has agreed to open team sheets.\n|inactive|Mask4M has 60 seconds left.\n|inactive|Ijustteststrats has 60 seconds left.\n|inactive|Mask4M has 30 seconds left.\n|inactive|Mask4M has 20 seconds left.\n|inactive|Mask4M has 15 seconds left.\n|\n|t:|1776175656\n|teamsize|p1|4\n|teamsize|p2|4\n|start\n|switch|p1a: Sneasler|Sneasler, L50, M|100/100\n|switch|p1b: Whimsicott|Whimsicott, L50, F|100/100\n|switch|p2a: Pelipper|Pelipper, L50, M|100/100\n|switch|p2b: Basculegion|Basculegion, L50, M|100/100\n|-weather|RainDance|[from] ability: Drizzle|[of] p2a: Pelipper\n|turn|1\n|inactive|Mask4M has 30 seconds left.\n|inactive|Mask4M has 20 seconds left.\n|\n|t:|1776175692\n|move|p2a: Pelipper|Helping Hand|p2b: Basculegion\n|-singleturn|p2b: Basculegion|Helping Hand|[of] p2a: Pelipper\n|move|p1a: Sneasler|Protect|p1a: Sneasler\n|-singleturn|p1a: Sneasler|Protect\n|move|p1b: Whimsicott|Tailwind|p1b: Whimsicott\n|-sidestart|p1: Mask4M|move: Tailwind\n|move|p2b: Basculegion|Flip Turn|p1a: Sneasler\n|-activate|p1a: Sneasler|move: Protect\n|\n|-weather|RainDance|[upkeep]\n|upkeep\n|turn|2\n|inactive|Mask4M has 30 seconds left.\n|\n|t:|1776175720\n|switch|p1a: Gyarados|Gyarados, L50, M|100/100\n|-ability|p1a: Gyarados|Intimidate|boost\n|-unboost|p2a: Pelipper|atk|1\n|-unboost|p2b: Basculegion|atk|1\n|switch|p2a: Sinistcha|Sinistcha, L50|100/100\n|move|p1b: Whimsicott|Moonblast|p2b: Basculegion\n|-damage|p2b: Basculegion|54/100\n|move|p2b: Basculegion|Flip Turn|p1a: Gyarados\n|-resisted|p1a: Gyarados|1\n|-damage|p1a: Gyarados|83/100\n|\n|t:|1776175734\n|switch|p2b: Raichu|Raichu, L50, M|100/100|[from] Flip Turn\n|\n|-weather|RainDance|[upkeep]\n|-heal|p1a: Gyarados|89/100|[from] item: Leftovers\n|upkeep\n|turn|3\n|\n|t:|1776175754\n|move|p1a: Gyarados|Protect|p1a: Gyarados\n|-singleturn|p1a: Gyarados|Protect\n|move|p2a: Sinistcha|Rage Powder|p2a: Sinistcha\n|-singleturn|p2a: Sinistcha|move: Rage Powder\n|move|p1b: Whimsicott|Moonblast|p2b: Raichu\n|-damage|p2b: Raichu|43/100\n|move|p2b: Raichu|Volt Switch|p1a: Gyarados\n|-activate|p1a: Gyarados|move: Protect\n|\n|-weather|RainDance|[upkeep]\n|-heal|p1a: Gyarados|95/100|[from] item: Leftovers\n|upkeep\n|turn|4\n|inactive|Ijustteststrats has 30 seconds left.\n|inactive|Ijustteststrats has 20 seconds left.\n|inactive|Ijustteststrats has 15 seconds left.\n|inactive|Ijustteststrats has 10 seconds left.\n|\n|t:|1776175803\n|switch|p2b: Pelipper|Pelipper, L50, M|100/100\n|move|p1b: Whimsicott|Encore|p2a: Sinistcha\n|-start|p2a: Sinistcha|Encore\n|-enditem|p2a: Sinistcha|Mental Herb\n|-end|p2a: Sinistcha|Encore\n|move|p1a: Gyarados|Taunt|p2a: Sinistcha\n|-start|p2a: Sinistcha|move: Taunt\n|move|p2a: Sinistcha|Matcha Gotcha|p1a: Gyarados|[spread] p1a,p1b\n|-resisted|p1b: Whimsicott|1\n|-damage|p1a: Gyarados|71/100\n|-damage|p1b: Whimsicott|78/100\n|-status|p1a: Gyarados|brn\n|\n|-weather|RainDance|[upkeep]\n|-heal|p1a: Gyarados|77/100 brn|[from] item: Leftovers\n|-damage|p1a: Gyarados|71/100 brn|[from] brn\n|-sideend|p1: Mask4M|move: Tailwind\n|upkeep\n|turn|5\n|inactive|Mask4M has 30 seconds left.\n|\n|t:|1776175832\n|move|p1b: Whimsicott|Tailwind|p1b: Whimsicott\n|-sidestart|p1: Mask4M|move: Tailwind\n|move|p1a: Gyarados|Taunt|p2b: Pelipper\n|-start|p2b: Pelipper|move: Taunt\n|move|p2b: Pelipper|Hurricane|p1b: Whimsicott\n|-supereffective|p1b: Whimsicott|1\n|-damage|p1b: Whimsicott|0 fnt\n|faint|p1b: Whimsicott\n|move|p2a: Sinistcha|Matcha Gotcha|p1a: Gyarados\n|-damage|p1a: Gyarados|39/100 brn\n|\n|-weather|none\n|-heal|p1a: Gyarados|45/100 brn|[from] item: Leftovers\n|-damage|p1a: Gyarados|39/100 brn|[from] brn\n|upkeep\n|\n|t:|1776175844\n|switch|p1b: Sneasler|Sneasler, L50, M|100/100\n|turn|6\n|inactive|Mask4M has 30 seconds left.\n|inactive|Ijustteststrats has 30 seconds left.\n|inactive|Mask4M has 20 seconds left.\n|inactive|Ijustteststrats has 20 seconds left.\n|\n|t:|1776175883\n|switch|p2b: Basculegion|Basculegion, L50, M|54/100\n|move|p1a: Gyarados|Helping Hand|p1b: Sneasler\n|-singleturn|p1b: Sneasler|Helping Hand|[of] p1a: Gyarados\n|move|p1b: Sneasler|Dire Claw|p2b: Basculegion\n|-resisted|p2b: Basculegion|1\n|-damage|p2b: Basculegion|8/100\n|move|p2a: Sinistcha|Matcha Gotcha|p1b: Sneasler|[spread] p1a,p1b\n|-crit|p1a: Gyarados\n|-resisted|p1b: Sneasler|1\n|-damage|p1a: Gyarados|2/100 brn\n|-damage|p1b: Sneasler|79/100\n|-status|p1b: Sneasler|brn\n|\n|-heal|p1a: Gyarados|8/100 brn|[from] item: Leftovers\n|-damage|p1b: Sneasler|73/100 brn|[from] brn\n|-damage|p1a: Gyarados|2/100 brn|[from] brn\n|-end|p2a: Sinistcha|move: Taunt\n|upkeep\n|turn|7\n|inactive|Ijustteststrats has 30 seconds left.\n|\n|t:|1776175910\n|move|p1b: Sneasler|Protect|p1b: Sneasler\n|-singleturn|p1b: Sneasler|Protect\n|move|p2a: Sinistcha|Rage Powder|p2a: Sinistcha\n|-singleturn|p2a: Sinistcha|move: Rage Powder\n|move|p2b: Basculegion|Aqua Jet|p1a: Gyarados\n|-resisted|p1a: Gyarados|1\n|-damage|p1a: Gyarados|0 fnt\n|faint|p1a: Gyarados\n|\n|-damage|p1b: Sneasler|67/100 brn|[from] brn\n|upkeep\n|\n|t:|1776175919\n|switch|p1a: Meganium|Meganium, L50, M|100/100\n|turn|8\n|\n|t:|1776175943\n|switch|p2b: Raichu|Raichu, L50, M|43/100\n|detailschange|p1a: Meganium|Meganium-Mega, L50, M\n|-mega|p1a: Meganium|Meganium|Meganiumite\n|move|p1b: Sneasler|Dire Claw|p2a: Sinistcha\n|-damage|p2a: Sinistcha|80/100\n|-status|p2a: Sinistcha|slp\n|move|p1a: Meganium|Dazzling Gleam|p2a: Sinistcha|[spread] p2a,p2b\n|-damage|p2a: Sinistcha|28/100 slp\n|-damage|p2b: Raichu|0 fnt\n|faint|p2b: Raichu\n|cant|p2a: Sinistcha|slp\n|\n|-damage|p1b: Sneasler|61/100 brn|[from] brn\n|-sideend|p1: Mask4M|move: Tailwind\n|upkeep\n|\n|t:|1776175946\n|switch|p2b: Pelipper|Pelipper, L50, M|100/100\n|-weather|RainDance|[from] ability: Drizzle|[of] p2b: Pelipper\n|turn|9\n|inactive|Mask4M has 30 seconds left.\n|inactive|Ijustteststrats has 30 seconds left.\n|\n|t:|1776175976\n|move|p2b: Pelipper|Hurricane|p1a: Meganium\n|-supereffective|p1a: Meganium|1\n|-crit|p1a: Meganium\n|-damage|p1a: Meganium|0 fnt\n|faint|p1a: Meganium\n|move|p1b: Sneasler|Dire Claw|p2b: Pelipper\n|-damage|p2b: Pelipper|73/100\n|cant|p2a: Sinistcha|slp\n|\n|-weather|RainDance|[upkeep]\n|-damage|p1b: Sneasler|55/100 brn|[from] brn\n|upkeep\n|turn|10\n|-message|Mask4M forfeited.\n|\n|win|Ijustteststrats\n|raw|Mask4M's rating: 1075 &rarr; <strong>1051</strong><br />(-24 for losing)\n|raw|Ijustteststrats's rating: 1031 &rarr; <strong>1071</strong><br />(+40 for winning)\n|l|\u2606Ijustteststrats\n|player|p2|\n",
  "uploadtime": 1776175996,
  "views": 17,
  "formatid": "gen9championsvgc2026regma",
  "rating": 1051,
  "private": 0,
  "password": null
}