{
  "id": "gen9championsvgc2026regma-2583011237",
  "format": "[Gen 9 Champions] VGC 2026 Reg M-A",
  "players": [
    "Chloecy",
    "nutdunker98"
  ],
  "log": "|j|\u2606Chloecy\n|j|\u2606nutdunker98\n|t:|1776133154\n|gametype|doubles\n|player|p1|Chloecy|2|1034\n|player|p2|nutdunker98|brycenman|1093\n|gen|9\n|tier|[Gen 9 Champions] VGC 2026 Reg M-A\n|rated|\n|rule|Species Clause: Limit one of each Pok\u00e9mon\n|rule|Item Clause: Limit 1 of each item\n|clearpoke\n|poke|p1|Ceruledge, L50, F|\n|poke|p1|Scizor, L50, M|\n|poke|p1|Hydreigon, L50, F|\n|poke|p1|Aerodactyl, L50, M|\n|poke|p1|Gardevoir, L50, F|\n|poke|p1|Garchomp, L50, F|\n|poke|p2|Floette-Eternal, L50, F|\n|poke|p2|Incineroar, L50, M|\n|poke|p2|Sinistcha, L50|\n|poke|p2|Rotom-Wash, L50|\n|poke|p2|Garchomp, L50, M|\n|poke|p2|Talonflame, L50, M|\n|teampreview|4\n|\n|t:|1776133178\n|teamsize|p1|4\n|teamsize|p2|4\n|start\n|switch|p1a: Scizor|Scizor, L50, M|100/100\n|switch|p1b: Hydreigon|Hydreigon, L50, F|100/100\n|switch|p2a: Incineroar|Incineroar, L50, M|100/100\n|switch|p2b: Rotom|Rotom-Wash, L50|100/100\n|-ability|p2a: Incineroar|Intimidate|boost\n|-unboost|p1a: Scizor|atk|1\n|-unboost|p1b: Hydreigon|atk|1\n|turn|1\n|\n|t:|1776133191\n|move|p1a: Scizor|Protect|p1a: Scizor\n|-singleturn|p1a: Scizor|Protect\n|move|p2a: Incineroar|Fake Out|p1b: Hydreigon\n|-damage|p1b: Hydreigon|88/100\n|cant|p1b: Hydreigon|flinch\n|move|p2b: Rotom|Volt Switch|p1a: Scizor\n|-activate|p1a: Scizor|move: Protect\n|\n|upkeep\n|turn|2\n|\n|t:|1776133212\n|switch|p1a: Garchomp|Garchomp, L50, F|100/100\n|move|p1b: Hydreigon|Draco Meteor|p2b: Rotom\n|-damage|p2b: Rotom|24/100\n|-unboost|p1b: Hydreigon|spa|2\n|move|p2b: Rotom|Volt Switch|p1a: Garchomp\n|-immune|p1a: Garchomp\n|move|p2a: Incineroar|Flare Blitz|p1a: Garchomp\n|-resisted|p1a: Garchomp|1\n|-damage|p1a: Garchomp|78/100\n|-damage|p2a: Incineroar|88/100|[from] ability: Rough Skin|[of] p1a: Garchomp\n|-damage|p2a: Incineroar|81/100|[from] Recoil\n|\n|-heal|p2b: Rotom|30/100|[from] item: Leftovers\n|upkeep\n|turn|3\n|\n|t:|1776133232\n|move|p1b: Hydreigon|Draco Meteor|p2b: Rotom|[miss]\n|-miss|p1b: Hydreigon|p2b: Rotom\n|move|p1a: Garchomp|Earthquake|p2b: Rotom|[spread] p2a\n|-immune|p1b: Hydreigon|[from] ability: Levitate\n|-immune|p2b: Rotom|[from] ability: Levitate\n|-supereffective|p2a: Incineroar|1\n|-damage|p2a: Incineroar|13/100\n|move|p2b: Rotom|Hydro Pump|p1a: Garchomp\n|-damage|p1a: Garchomp|20/100\n|move|p2a: Incineroar|Parting Shot|p1a: Garchomp\n|-unboost|p1a: Garchomp|atk|1\n|-unboost|p1a: Garchomp|spa|1\n|\n|t:|1776133245\n|switch|p2a: Floette|Floette-Eternal, L50, F|100/100|[from] Parting Shot\n|\n|-heal|p2b: Rotom|36/100|[from] item: Leftovers\n|upkeep\n|turn|4\n|\n|t:|1776133263\n|detailschange|p2a: Floette|Floette-Mega, L50, F\n|-mega|p2a: Floette|Floette|Floettite\n|-ability|p2a: Floette|Fairy Aura\n|move|p1b: Hydreigon|Draco Meteor|p2b: Rotom\n|-damage|p2b: Rotom|0 fnt\n|-unboost|p1b: Hydreigon|spa|2\n|faint|p2b: Rotom\n|move|p1a: Garchomp|Rock Slide|p2a: Floette\n|-damage|p2a: Floette|82/100\n|move|p2a: Floette|Dazzling Gleam|p1a: Garchomp|[spread] p1a,p1b\n|-supereffective|p1a: Garchomp|1\n|-supereffective|p1b: Hydreigon|2\n|-damage|p1a: Garchomp|0 fnt\n|-damage|p1b: Hydreigon|0 fnt\n|faint|p1a: Garchomp\n|faint|p1b: Hydreigon\n|\n|upkeep\n|\n|t:|1776133277\n|switch|p1a: Ceruledge|Ceruledge, L50, F|100/100\n|switch|p1b: Scizor|Scizor, L50, M|100/100\n|switch|p2b: Incineroar|Incineroar, L50, M|13/100\n|-ability|p2b: Incineroar|Intimidate|boost\n|-unboost|p1a: Ceruledge|atk|1\n|-unboost|p1b: Scizor|atk|1\n|turn|5\n|\n|t:|1776133292\n|move|p1a: Ceruledge|Protect|p1a: Ceruledge\n|-singleturn|p1a: Ceruledge|Protect\n|move|p1b: Scizor|Protect|p1b: Scizor\n|-singleturn|p1b: Scizor|Protect\n|move|p2b: Incineroar|Fake Out|p1b: Scizor\n|-activate|p1b: Scizor|move: Protect\n|move|p2a: Floette|Moonblast|p1a: Ceruledge\n|-activate|p1a: Ceruledge|move: Protect\n|\n|upkeep\n|turn|6\n|\n|t:|1776133312\n|detailschange|p1b: Scizor|Scizor-Mega, L50, M\n|-mega|p1b: Scizor|Scizor|Scizorite\n|move|p1a: Ceruledge|Ally Switch|p1a: Ceruledge\n|swap|p1a: Ceruledge|1|[from] move: Ally Switch\n|move|p2a: Floette|Moonblast|p1a: Scizor\n|-resisted|p1a: Scizor|1\n|-damage|p1a: Scizor|57/100\n|move|p1a: Scizor|Swords Dance|p1a: Scizor\n|-boost|p1a: Scizor|atk|2\n|move|p2b: Incineroar|Flare Blitz|p1b: Ceruledge\n|-start|p1b: Ceruledge|ability: Flash Fire\n|\n|upkeep\n|turn|7\n|\n|t:|1776133328\n|move|p1a: Scizor|Bullet Punch|p2a: Floette\n|-supereffective|p2a: Floette|1\n|-damage|p2a: Floette|0 fnt\n|faint|p2a: Floette\n|move|p1b: Ceruledge|Bitter Blade|p2b: Incineroar\n|-resisted|p2b: Incineroar|1\n|-damage|p2b: Incineroar|0 fnt\n|faint|p2b: Incineroar\n|\n|upkeep\n|\n|t:|1776133336\n|switch|p2b: Garchomp|Garchomp, L50, M|100/100\n|turn|8\n|\n|t:|1776133350\n|move|p1a: Scizor|Bullet Punch|p2b: Garchomp\n|-damage|p2b: Garchomp|41/100\n|-damage|p1a: Scizor|45/100|[from] ability: Rough Skin|[of] p2b: Garchomp\n|move|p2b: Garchomp|Earthquake|p1a: Scizor|[spread] p1a,p1b\n|-supereffective|p1b: Ceruledge|1\n|-damage|p1a: Scizor|4/100\n|-damage|p1b: Ceruledge|0 fnt\n|faint|p1b: Ceruledge\n|\n|upkeep\n|turn|9\n|\n|t:|1776133359\n|move|p1a: Scizor|Bullet Punch|p2b: Garchomp\n|-damage|p2b: Garchomp|0 fnt\n|-damage|p1a: Scizor|0 fnt|[from] ability: Rough Skin|[of] p2b: Garchomp\n|faint|p2b: Garchomp\n|faint|p1a: Scizor\n|\n|win|Chloecy\n|raw|Chloecy's rating: 1034 &rarr; <strong>1075</strong><br />(+41 for winning)\n|raw|nutdunker98's rating: 1093 &rarr; <strong>1065</strong><br />(-28 for losing)\n|l|\u2606nutdunker98\n|player|p2|\n",
  "uploadtime": 1776133383,
  "views": 40,
  "formatid": "gen9championsvgc2026regma",
  "rating": 1065,
  "private": 0,
  "password": null
}