{
  "id": "gen9championsvgc2026regma-2583601335",
  "format": "[Gen 9 Champions] VGC 2026 Reg M-A",
  "players": [
    "Buuburn",
    "BoringMetaUser"
  ],
  "log": "|j|\u2606Buuburn\n|j|\u2606BoringMetaUser\n|t:|1776185840\n|gametype|doubles\n|player|p1|Buuburn|101|1069\n|player|p2|BoringMetaUser|102|1088\n|gen|9\n|tier|[Gen 9 Champions] VGC 2026 Reg M-A\n|rated|\n|rule|Species Clause: Limit one of each Pok\u00e9mon\n|rule|Item Clause: Limit 1 of each item\n|clearpoke\n|poke|p1|Sinistcha, L50|\n|poke|p1|Farigiraf, L50, M|\n|poke|p1|Rotom-Wash, L50|\n|poke|p1|Incineroar, L50, F|\n|poke|p1|Gengar, L50, M|\n|poke|p1|Kangaskhan, L50, F|\n|poke|p2|Feraligatr, L50, M|\n|poke|p2|Dedenne, L50, M|\n|poke|p2|Clefable, L50, F|\n|poke|p2|Tauros-Paldea-Blaze, L50, M|\n|poke|p2|Zoroark-Hisui, L50, M|\n|poke|p2|Toucannon, L50, M|\n|teampreview|4\n|inactive|Battle timer is ON: inactive players will automatically lose when time's up. (requested by BoringMetaUser)\n|\n|t:|1776185867\n|teamsize|p1|4\n|teamsize|p2|4\n|start\n|switch|p1a: Kangaskhan|Kangaskhan, L50, F, shiny|100/100\n|switch|p1b: Incineroar|Incineroar, L50, F|100/100\n|switch|p2a: Feraligatr|Feraligatr, L50, M, shiny|100/100\n|switch|p2b: Clefable|Clefable, L50, F|100/100\n|-ability|p1b: Incineroar|Intimidate|boost\n|-unboost|p2a: Feraligatr|atk|1\n|-unboost|p2b: Clefable|atk|1\n|turn|1\n|\n|t:|1776185889\n|detailschange|p2a: Feraligatr|Feraligatr-Mega, L50, M, shiny\n|-mega|p2a: Feraligatr|Feraligatr|Feraligite\n|move|p1a: Kangaskhan|Fake Out|p2a: Feraligatr\n|-damage|p2a: Feraligatr|87/100\n|move|p1b: Incineroar|Fake Out|p2b: Clefable\n|-damage|p2b: Clefable|89/100\n|cant|p2b: Clefable|flinch\n|cant|p2a: Feraligatr|flinch\n|\n|upkeep\n|turn|2\n|inactive|Buuburn has 30 seconds left.\n|\n|t:|1776185923\n|switch|p1b: Rotom|Rotom-Wash, L50, shiny|100/100\n|move|p2b: Clefable|Follow Me|p2b: Clefable\n|-singleturn|p2b: Clefable|move: Follow Me\n|move|p1a: Kangaskhan|Body Slam|p2b: Clefable\n|-damage|p2b: Clefable|53/100\n|move|p2a: Feraligatr|Swords Dance|p2a: Feraligatr\n|-boost|p2a: Feraligatr|atk|2\n|\n|upkeep\n|turn|3\n|inactive|Buuburn has 30 seconds left.\n|\n|t:|1776185949\n|move|p2b: Clefable|Follow Me|p2b: Clefable\n|-singleturn|p2b: Clefable|move: Follow Me\n|move|p1a: Kangaskhan|Body Slam|p2b: Clefable\n|-damage|p2b: Clefable|19/100\n|move|p1b: Rotom|Thunderbolt|p2b: Clefable\n|-damage|p2b: Clefable|0 fnt\n|faint|p2b: Clefable\n|move|p2a: Feraligatr|Double-Edge|p1b: Rotom\n|-damage|p1b: Rotom|0 fnt\n|faint|p1b: Rotom\n|-damage|p2a: Feraligatr|61/100|[from] Recoil\n|\n|upkeep\n|\n|t:|1776185967\n|switch|p1b: Incineroar|Incineroar, L50, F|100/100\n|switch|p2b: Tauros|Tauros-Paldea-Blaze, L50, M, shiny|100/100\n|-ability|p2b: Tauros|Intimidate|boost\n|-fail|p1a: Kangaskhan|unboost|Attack|[from] ability: Scrappy|[of] p1a: Kangaskhan\n|-unboost|p1b: Incineroar|atk|1\n|-ability|p1b: Incineroar|Intimidate|boost\n|-unboost|p2a: Feraligatr|atk|1\n|-unboost|p2b: Tauros|atk|1\n|turn|4\n|\n|t:|1776185988\n|move|p1b: Incineroar|Fake Out|p2a: Feraligatr\n|-damage|p2a: Feraligatr|56/100\n|move|p2b: Tauros|Close Combat|p1b: Incineroar\n|-supereffective|p1b: Incineroar|1\n|-damage|p1b: Incineroar|28/100\n|-unboost|p2b: Tauros|def|1\n|-unboost|p2b: Tauros|spd|1\n|move|p1a: Kangaskhan|Drain Punch|p2b: Tauros\n|-damage|p2b: Tauros|63/100\n|cant|p2a: Feraligatr|flinch\n|\n|upkeep\n|turn|5\n|inactive|Buuburn has 30 seconds left.\n|inactive|Buuburn has 20 seconds left.\n|inactive|Buuburn has 15 seconds left.\n|inactive|BoringMetaUser has 30 seconds left.\n|\n|t:|1776186030\n|switch|p1b: Sinistcha|Sinistcha, L50|100/100\n|move|p2b: Tauros|Close Combat|p1a: Kangaskhan\n|-supereffective|p1a: Kangaskhan|1\n|-damage|p1a: Kangaskhan|15/100\n|-unboost|p2b: Tauros|def|1\n|-unboost|p2b: Tauros|spd|1\n|move|p1a: Kangaskhan|Body Slam|p2a: Feraligatr\n|-damage|p2a: Feraligatr|29/100\n|move|p2a: Feraligatr|Double-Edge|p1b: Sinistcha\n|-damage|p1b: Sinistcha|23/100\n|-damage|p2a: Feraligatr|5/100|[from] Recoil\n|\n|-heal|p1b: Sinistcha|29/100|[from] item: Leftovers\n|upkeep\n|turn|6\n|inactive|Buuburn has 30 seconds left.\n|inactive|Buuburn has 20 seconds left.\n|inactive|Buuburn has 15 seconds left.\n|inactive|Buuburn has 10 seconds left.\n|\n|t:|1776186079\n|detailschange|p1a: Kangaskhan|Kangaskhan-Mega, L50, F, shiny\n|-mega|p1a: Kangaskhan|Kangaskhan|Kangaskhanite\n|move|p2a: Feraligatr|Protect|p2a: Feraligatr\n|-singleturn|p2a: Feraligatr|Protect\n|move|p2b: Tauros|Earthquake|p1b: Sinistcha|[spread] p1a,p1b\n|-activate|p2a: Feraligatr|move: Protect\n|-resisted|p1b: Sinistcha|1\n|-damage|p1a: Kangaskhan|0 fnt\n|-damage|p1b: Sinistcha|22/100\n|faint|p1a: Kangaskhan\n|move|p1b: Sinistcha|Strength Sap|p2a: Feraligatr\n|-activate|p2a: Feraligatr|move: Protect\n|\n|-heal|p1b: Sinistcha|28/100|[from] item: Leftovers\n|upkeep\n|\n|t:|1776186094\n|switch|p1a: Incineroar|Incineroar, L50, F|28/100\n|-ability|p1a: Incineroar|Intimidate|boost\n|-unboost|p2a: Feraligatr|atk|1\n|-unboost|p2b: Tauros|atk|1\n|turn|7\n|\n|t:|1776186110\n|move|p1a: Incineroar|Fake Out|p2b: Tauros\n|-damage|p2b: Tauros|37/100\n|cant|p2b: Tauros|flinch\n|move|p2a: Feraligatr|Double-Edge|p1b: Sinistcha\n|-damage|p1b: Sinistcha|0 fnt\n|faint|p1b: Sinistcha\n|-damage|p2a: Feraligatr|0 fnt|[from] Recoil\n|faint|p2a: Feraligatr\n|\n|upkeep\n|\n|t:|1776186123\n|switch|p2a: Tauros|Tauros-Paldea-Blaze, L50, M, shiny|100/100\n|turn|8\n|\n|t:|1776186136\n|move|p2b: Tauros|Protect|p2b: Tauros\n|-singleturn|p2b: Tauros|Protect\n|move|p2a: Tauros|Knock Off|p1a: Incineroar\n|-resisted|p1a: Incineroar|1\n|-damage|p1a: Incineroar|19/100\n|-enditem|p1a: Incineroar|Shuca Berry|[from] move: Knock Off|[of] p2a: Tauros\n|move|p1a: Incineroar|Throat Chop|p2a: Tauros\n|-supereffective|p2a: Tauros|1\n|-damage|p2a: Tauros|0 fnt\n|replace|p2a: Zoroark|Zoroark-Hisui, L50, M, shiny\n|-end|p2a: Zoroark|Illusion\n|faint|p2a: Zoroark\n|\n|upkeep\n|turn|9\n|\n|t:|1776186152\n|move|p2b: Tauros|Close Combat|p1a: Incineroar\n|-supereffective|p1a: Incineroar|1\n|-damage|p1a: Incineroar|0 fnt\n|-unboost|p2b: Tauros|def|1\n|-unboost|p2b: Tauros|spd|1\n|faint|p1a: Incineroar\n|\n|win|BoringMetaUser\n|raw|Buuburn's rating: 1069 &rarr; <strong>1050</strong><br />(-19 for losing)\n|raw|BoringMetaUser's rating: 1088 &rarr; <strong>1113</strong><br />(+25 for winning)\n|l|\u2606Buuburn\n|player|p1|\n|l|\u2606BoringMetaUser\n|player|p2|\n|j|\u2606Buuburn\n|player|p1|Buuburn|101|\n|l|\u2606Buuburn\n|player|p1|\n|j|\u2606Buuburn\n|player|p1|Buuburn|101|\n",
  "uploadtime": 1776186479,
  "views": 18,
  "formatid": "gen9championsvgc2026regma",
  "rating": 1050,
  "private": 0,
  "password": null
}