{
  "id": "gen9championsvgc2026regma-2586774000",
  "format": "[Gen 9 Champions] VGC 2026 Reg M-A",
  "players": [
    "Zeromus87",
    "Killertimx"
  ],
  "log": "|j|\u2606Zeromus87\n|j|\u2606Killertimx\n|t:|1776458829\n|gametype|doubles\n|player|p1|Zeromus87|kimonogirl|1000\n|player|p2|Killertimx|2|1028\n|gen|9\n|tier|[Gen 9 Champions] VGC 2026 Reg M-A\n|rated|\n|rule|Species Clause: Limit one of each Pok\u00e9mon\n|rule|Item Clause: Limit 1 of each item\n|clearpoke\n|poke|p1|Dragonite, L50, F|\n|poke|p1|Archaludon, L50, F|\n|poke|p1|Pelipper, L50, F|\n|poke|p1|Basculegion, L50, M|\n|poke|p1|Incineroar, L50, M|\n|poke|p1|Whimsicott, L50, M|\n|poke|p2|Incineroar, L50, F|\n|poke|p2|Charizard, L50, F|\n|poke|p2|Aerodactyl, L50, M|\n|poke|p2|Rotom-Wash, L50|\n|poke|p2|Venusaur, L50, F|\n|poke|p2|Whimsicott, L50, F|\n|teampreview|4\n|inactive|Battle timer is ON: inactive players will automatically lose when time's up. (requested by Killertimx)\n|inactive|Zeromus87 has 60 seconds left.\n|inactive|Zeromus87 has 30 seconds left.\n|\n|t:|1776458902\n|teamsize|p1|4\n|teamsize|p2|4\n|start\n|switch|p1a: Pelipper|Pelipper, L50, F|100/100\n|switch|p1b: Dragonite|Dragonite, L50, F|100/100\n|switch|p2a: Venusaur|Venusaur, L50, F|100/100\n|switch|p2b: Whimsicott|Whimsicott, L50, F|100/100\n|-weather|RainDance|[from] ability: Drizzle|[of] p1a: Pelipper\n|turn|1\n|inactive|Zeromus87 has 30 seconds left.\n|\n|t:|1776458931\n|detailschange|p2a: Venusaur|Venusaur-Mega, L50, F\n|-mega|p2a: Venusaur|Venusaur|Venusaurite\n|move|p2b: Whimsicott|Sunny Day|p2b: Whimsicott\n|-weather|SunnyDay\n|move|p1b: Dragonite|Hurricane|p2a: Venusaur|[miss]\n|-miss|p1b: Dragonite|p2a: Venusaur\n|move|p2a: Venusaur|Sleep Powder|p1b: Dragonite|[miss]\n|-miss|p2a: Venusaur|p1b: Dragonite\n|move|p1a: Pelipper|Tailwind|p1a: Pelipper\n|-sidestart|p1: Zeromus87|move: Tailwind\n|\n|-weather|SunnyDay|[upkeep]\n|upkeep\n|turn|2\n|inactive|Zeromus87 has 30 seconds left.\n|inactive|Zeromus87 has 20 seconds left.\n|\n|t:|1776458967\n|detailschange|p1b: Dragonite|Dragonite-Mega, L50, F\n|-mega|p1b: Dragonite|Dragonite|Dragoninite\n|move|p2b: Whimsicott|Tailwind|p2b: Whimsicott\n|-sidestart|p2: Killertimx|move: Tailwind\n|move|p1b: Dragonite|Hurricane|p2a: Venusaur\n|-supereffective|p2a: Venusaur|1\n|-damage|p2a: Venusaur|0 fnt\n|faint|p2a: Venusaur\n|move|p1a: Pelipper|Weather Ball|p2b: Whimsicott\n|-supereffective|p2b: Whimsicott|1\n|-enditem|p2b: Whimsicott|Focus Sash\n|-damage|p2b: Whimsicott|1/100\n|\n|-weather|SunnyDay|[upkeep]\n|upkeep\n|\n|t:|1776458975\n|switch|p2a: Rotom|Rotom-Wash, L50|100/100\n|turn|3\n|\n|t:|1776459000\n|switch|p1b: Incineroar|Incineroar, L50, M|100/100\n|-ability|p1b: Incineroar|Intimidate|boost\n|-unboost|p2a: Rotom|atk|1\n|-unboost|p2b: Whimsicott|atk|1\n|switch|p1a: Archaludon|Archaludon, L50, F|100/100\n|move|p2b: Whimsicott|Energy Ball|p1a: Archaludon\n|-resisted|p1a: Archaludon|2\n|-crit|p1a: Archaludon\n|-damage|p1a: Archaludon|89/100\n|-ability|p1a: Archaludon|Stamina|boost\n|-boost|p1a: Archaludon|def|1\n|move|p2a: Rotom|Thunderbolt|p1b: Incineroar\n|-damage|p1b: Incineroar|62/100\n|\n|-weather|SunnyDay|[upkeep]\n|-heal|p1a: Archaludon|95/100|[from] item: Leftovers\n|upkeep\n|turn|4\n|inactive|Zeromus87 has 30 seconds left.\n|\n|t:|1776459034\n|switch|p2b: Aerodactyl|Aerodactyl, L50, M|100/100\n|move|p1b: Incineroar|Fake Out|p2b: Aerodactyl\n|-resisted|p2b: Aerodactyl|1\n|-damage|p2b: Aerodactyl|88/100\n|move|p2a: Rotom|Hydro Pump|p1b: Incineroar|[miss]\n|-miss|p2a: Rotom|p1b: Incineroar\n|move|p1a: Archaludon|Electro Shot||[still]\n|-prepare|p1a: Archaludon|Electro Shot\n|-boost|p1a: Archaludon|spa|1\n|\n|-weather|SunnyDay|[upkeep]\n|-heal|p1a: Archaludon|100/100|[from] item: Leftovers\n|-sideend|p1: Zeromus87|move: Tailwind\n|upkeep\n|turn|5\n|inactive|Zeromus87 has 30 seconds left.\n|inactive|Zeromus87 has 20 seconds left.\n|\n|t:|1776459074\n|move|p2b: Aerodactyl|Rock Slide|p1a: Archaludon|[spread] p1a,p1b\n|-resisted|p1a: Archaludon|1\n|-supereffective|p1b: Incineroar|1\n|-damage|p1a: Archaludon|94/100\n|-damage|p1b: Incineroar|8/100\n|-ability|p1a: Archaludon|Stamina|boost\n|-boost|p1a: Archaludon|def|1\n|-enditem|p1b: Incineroar|Sitrus Berry|[eat]\n|-heal|p1b: Incineroar|33/100|[from] item: Sitrus Berry\n|move|p2a: Rotom|Volt Switch|p1b: Incineroar\n|-damage|p1b: Incineroar|3/100\n|\n|t:|1776459082\n|switch|p2a: Whimsicott|Whimsicott, L50, F|1/100|[from] Volt Switch\n|move|p1a: Archaludon|Electro Shot|p2a: Whimsicott|[from] lockedmove\n|-resisted|p2a: Whimsicott|1\n|-damage|p2a: Whimsicott|0 fnt\n|faint|p2a: Whimsicott\n|move|p1b: Incineroar|Parting Shot|p2b: Aerodactyl\n|-unboost|p2b: Aerodactyl|atk|1\n|-unboost|p2b: Aerodactyl|spa|1\n|-message|Killertimx forfeited.\n|\n|win|Zeromus87\n|raw|Zeromus87's rating: 1000 &rarr; <strong>1043</strong><br />(+43 for winning)\n|raw|Killertimx's rating: 1028 &rarr; <strong>1013</strong><br />(-15 for losing)\n|l|\u2606Killertimx\n|player|p2|\n",
  "uploadtime": 1776459130,
  "views": 43,
  "formatid": "gen9championsvgc2026regma",
  "rating": 1013,
  "private": 0,
  "password": null
}