{
  "id": "gen9championsvgc2026regma-2582602078",
  "format": "[Gen 9 Champions] VGC 2026 Reg M-A",
  "players": [
    "apanes",
    "RainCalc"
  ],
  "log": "|j|\u2606apanes\n|j|\u2606RainCalc\n|t:|1776101983\n|gametype|doubles\n|player|p1|apanes|2|1097\n|player|p2|RainCalc|volkner|1043\n|gen|9\n|tier|[Gen 9 Champions] VGC 2026 Reg M-A\n|rated|\n|rule|Species Clause: Limit one of each Pok\u00e9mon\n|rule|Item Clause: Limit 1 of each item\n|clearpoke\n|poke|p1|Sinistcha, L50|\n|poke|p1|Tyranitar, L50, F|\n|poke|p1|Garchomp, L50, F|\n|poke|p1|Sneasler, L50, F|\n|poke|p1|Rotom-Wash, L50|\n|poke|p1|Aerodactyl, L50, F|\n|poke|p2|Aggron, L50, F|\n|poke|p2|Incineroar, L50, F|\n|poke|p2|Sinistcha, L50|\n|poke|p2|Tyranitar, L50, M|\n|poke|p2|Sneasler, L50, M|\n|poke|p2|Lycanroc, L50, M|\n|teampreview|4\n|\n|t:|1776102020\n|teamsize|p1|4\n|teamsize|p2|4\n|start\n|switch|p1a: Maytag|Rotom-Wash, L50|100/100\n|switch|p1b: Chad|Aerodactyl, L50, F|100/100\n|switch|p2a: Sinistcha|Sinistcha, L50|100/100\n|switch|p2b: THE WALL|Aggron, L50, F, shiny|100/100\n|-ability|p1b: Chad|Unnerve\n|turn|1\n|\n|t:|1776102049\n|detailschange|p2b: THE WALL|Aggron-Mega, L50, F, shiny\n|-mega|p2b: THE WALL|Aggron|Aggronite\n|move|p1b: Chad|Dual Wingbeat|p2a: Sinistcha\n|-supereffective|p2a: Sinistcha|1\n|-damage|p2a: Sinistcha|63/100\n|-supereffective|p2a: Sinistcha|1\n|-damage|p2a: Sinistcha|30/100\n|-hitcount|p2a: Sinistcha|2\n|move|p1a: Maytag|Trick|p2a: Sinistcha\n|-activate|p1a: Maytag|move: Trick|[of] p2a: Sinistcha\n|-item|p2a: Sinistcha|Choice Scarf|[from] move: Trick\n|-item|p1a: Maytag|Occa Berry|[from] move: Trick\n|move|p2b: THE WALL|Iron Defense|p2b: THE WALL\n|-boost|p2b: THE WALL|def|2\n|move|p2a: Sinistcha|Trick Room|p2a: Sinistcha\n|-fieldstart|move: Trick Room|[of] p2a: Sinistcha\n|\n|upkeep\n|turn|2\n|\n|t:|1776102083\n|switch|p2a: Tyranitar|Tyranitar, L50, M|100/100\n|-weather|Sandstorm|[from] ability: Sand Stream|[of] p2a: Tyranitar\n|move|p1b: Chad|Protect|p1b: Chad\n|-singleturn|p1b: Chad|Protect\n|move|p2b: THE WALL|Iron Defense|p2b: THE WALL\n|-boost|p2b: THE WALL|def|2\n|move|p1a: Maytag|Hydro Pump|p2b: THE WALL\n|-damage|p2b: THE WALL|30/100\n|\n|-weather|Sandstorm|[upkeep]\n|-damage|p1a: Maytag|95/100|[from] Sandstorm\n|upkeep\n|turn|3\n|\n|t:|1776102121\n|move|p2b: THE WALL|Body Press|p1a: Maytag\n|-damage|p1a: Maytag|0 fnt\n|faint|p1a: Maytag\n|move|p2a: Tyranitar|Rock Slide|p1b: Chad\n|-supereffective|p1b: Chad|1\n|-enditem|p1b: Chad|Focus Sash\n|-damage|p1b: Chad|1/100\n|move|p1b: Chad|Rock Slide|p2b: THE WALL|[spread] p2a,p2b\n|-resisted|p2b: THE WALL|1\n|-damage|p2a: Tyranitar|78/100\n|-damage|p2b: THE WALL|29/100\n|\n|-weather|Sandstorm|[upkeep]\n|upkeep\n|\n|t:|1776102135\n|switch|p1a: Ceiling|Garchomp, L50, F, shiny|100/100\n|turn|4\n|\n|t:|1776102142\n|switch|p2a: Sinistcha|Sinistcha, L50|30/100\n|-heal|p2b: THE WALL|54/100|[from] ability: Hospitality|[of] p2a: Sinistcha\n|move|p2b: THE WALL|Protect|p2b: THE WALL\n|-singleturn|p2b: THE WALL|Protect\n|move|p1a: Ceiling|Protect|p1a: Ceiling\n|-singleturn|p1a: Ceiling|Protect\n|move|p1b: Chad|Protect||[still]\n|-fail|p1b: Chad\n|\n|-weather|Sandstorm|[upkeep]\n|-damage|p2a: Sinistcha|24/100|[from] Sandstorm\n|upkeep\n|turn|5\n|\n|t:|1776102166\n|move|p2b: THE WALL|Body Press|p1a: Ceiling\n|-damage|p1a: Ceiling|0 fnt\n|faint|p1a: Ceiling\n|move|p2a: Sinistcha|Life Dew|p2a: Sinistcha|[spread] p2a,p2b\n|-heal|p2a: Sinistcha|49/100\n|-heal|p2b: THE WALL|78/100\n|move|p1b: Chad|Dual Wingbeat|p2a: Sinistcha\n|-supereffective|p2a: Sinistcha|1\n|-damage|p2a: Sinistcha|12/100\n|-supereffective|p2a: Sinistcha|1\n|-damage|p2a: Sinistcha|0 fnt\n|faint|p2a: Sinistcha\n|-hitcount|p2: Sinistcha|2\n|\n|-weather|Sandstorm|[upkeep]\n|-fieldend|move: Trick Room\n|upkeep\n|\n|t:|1776102182\n|switch|p1a: Reptar|Tyranitar, L50, F, shiny|100/100\n|switch|p2a: Lycanroc|Lycanroc, L50, M, shiny|100/100\n|turn|6\n|\n|t:|1776102205\n|detailschange|p1a: Reptar|Tyranitar-Mega, L50, F, shiny\n|-mega|p1a: Reptar|Tyranitar|Tyranitarite\n|move|p2a: Lycanroc|Rock Slide|p1b: Chad|[spread] p1a,p1b\n|-supereffective|p1b: Chad|1\n|-damage|p1a: Reptar|80/100\n|-damage|p1b: Chad|0 fnt\n|faint|p1b: Chad\n|move|p1a: Reptar|High Horsepower|p2b: THE WALL\n|-supereffective|p2b: THE WALL|1\n|-damage|p2b: THE WALL|70/100\n|move|p2b: THE WALL|Body Press|p1a: Reptar\n|-supereffective|p1a: Reptar|2\n|-damage|p1a: Reptar|0 fnt\n|faint|p1a: Reptar\n|\n|win|RainCalc\n|raw|apanes's rating: 1097 &rarr; <strong>1069</strong><br />(-28 for losing)\n|raw|RainCalc's rating: 1043 &rarr; <strong>1082</strong><br />(+39 for winning)\n|l|\u2606apanes\n|player|p1|\n",
  "uploadtime": 1776102225,
  "views": 11,
  "formatid": "gen9championsvgc2026regma",
  "rating": 1069,
  "private": 0,
  "password": null
}