{
  "id": "gen9championsvgc2026regma-2584859069",
  "format": "[Gen 9 Champions] VGC 2026 Reg M-A",
  "players": [
    "Poke_Marcos_23",
    "benjiapollo"
  ],
  "log": "|j|\u2606Poke_Marcos_23\n|j|\u2606benjiapollo\n|t:|1776289280\n|gametype|doubles\n|player|p1|Poke_Marcos_23|ethan|1165\n|player|p2|benjiapollo|giovanni|1221\n|gen|9\n|tier|[Gen 9 Champions] VGC 2026 Reg M-A\n|rated|\n|rule|Species Clause: Limit one of each Pok\u00e9mon\n|rule|Item Clause: Limit 1 of each item\n|clearpoke\n|poke|p1|Floette-Eternal, L50, F|\n|poke|p1|Milotic, L50, F|\n|poke|p1|Incineroar, L50, F|\n|poke|p1|Kingambit, L50, F|\n|poke|p1|Maushold, L50|\n|poke|p1|Garchomp, L50, F|\n|poke|p2|Basculegion, L50, M|\n|poke|p2|Charizard, L50, M|\n|poke|p2|Kingambit, L50, F|\n|poke|p2|Sneasler, L50, M|\n|poke|p2|Venusaur, L50, F|\n|poke|p2|Talonflame, L50, F|\n|teampreview|4\n|j| i_am_hollow\n|inactive|Battle timer is ON: inactive players will automatically lose when time's up. (requested by benjiapollo)\n|\n|t:|1776289310\n|teamsize|p1|4\n|teamsize|p2|4\n|start\n|switch|p1a: Garchomp|Garchomp, L50, F|100/100\n|switch|p1b: Incineroar|Incineroar, L50, F|100/100\n|switch|p2a: Talonflame|Talonflame, L50, F|100/100\n|switch|p2b: Charizard|Charizard, L50, M|100/100\n|-ability|p1b: Incineroar|Intimidate|boost\n|-unboost|p2a: Talonflame|atk|1\n|-unboost|p2b: Charizard|atk|1\n|turn|1\n|\n|t:|1776289326\n|detailschange|p2b: Charizard|Charizard-Mega-X, L50, M\n|-mega|p2b: Charizard|Charizard|Charizardite X\n|move|p2a: Talonflame|Quick Guard|p2a: Talonflame\n|-singleturn|p2a: Talonflame|Quick Guard\n|move|p1b: Incineroar|Fake Out|p2b: Charizard\n|-activate|p2b: Charizard|move: Quick Guard\n|move|p1a: Garchomp|Rock Slide|p2a: Talonflame|[spread] p2a,p2b\n|-supereffective|p2a: Talonflame|2\n|-supereffective|p2b: Charizard|1\n|-enditem|p2a: Talonflame|Focus Sash\n|-damage|p2a: Talonflame|1/100\n|-damage|p2b: Charizard|60/100\n|cant|p2b: Charizard|flinch\n|\n|upkeep\n|turn|2\n|\n|t:|1776289350\n|move|p1a: Garchomp|Rock Slide|p2a: Talonflame|[spread] p2b\n|-miss|p1a: Garchomp|p2a: Talonflame\n|-supereffective|p2b: Charizard|1\n|-damage|p2b: Charizard|22/100\n|move|p2a: Talonflame|Tailwind|p2a: Talonflame\n|-sidestart|p2: benjiapollo|move: Tailwind\n|move|p2b: Charizard|Dragon Claw|p1a: Garchomp\n|-supereffective|p1a: Garchomp|1\n|-damage|p1a: Garchomp|19/100\n|-damage|p2b: Charizard|10/100|[from] ability: Rough Skin|[of] p1a: Garchomp\n|move|p1b: Incineroar|Parting Shot|p2b: Charizard\n|-unboost|p2b: Charizard|atk|1\n|-unboost|p2b: Charizard|spa|1\n|\n|t:|1776289364\n|switch|p1b: Milotic|Milotic, L50, F|100/100|[from] Parting Shot\n|\n|upkeep\n|turn|3\n|\n|t:|1776289385\n|switch|p1a: Incineroar|Incineroar, L50, F|100/100\n|-ability|p1a: Incineroar|Intimidate|boost\n|-unboost|p2a: Talonflame|atk|1\n|-unboost|p2b: Charizard|atk|1\n|move|p2a: Talonflame|Brave Bird|p1a: Incineroar\n|-damage|p1a: Incineroar|81/100\n|-damage|p2a: Talonflame|0 fnt|[from] Recoil\n|faint|p2a: Talonflame\n|move|p2b: Charizard|Thunder Punch|p1b: Milotic\n|-supereffective|p1b: Milotic|1\n|-damage|p1b: Milotic|75/100\n|move|p1b: Milotic|Coil|p1b: Milotic\n|-boost|p1b: Milotic|atk|1\n|-boost|p1b: Milotic|def|1\n|-boost|p1b: Milotic|accuracy|1\n|\n|-heal|p1b: Milotic|81/100|[from] item: Leftovers\n|upkeep\n|\n|t:|1776289401\n|switch|p2a: Sneasler|Sneasler, L50, M|100/100\n|turn|4\n|\n|t:|1776289409\n|move|p2a: Sneasler|Protect|p2a: Sneasler\n|-singleturn|p2a: Sneasler|Protect\n|move|p2b: Charizard|Protect|p2b: Charizard\n|-singleturn|p2b: Charizard|Protect\n|move|p1a: Incineroar|Fake Out|p2a: Sneasler\n|-activate|p2a: Sneasler|move: Protect\n|move|p1b: Milotic|Muddy Water|p2b: Charizard|[spread] \n|-activate|p2a: Sneasler|move: Protect\n|-activate|p2b: Charizard|move: Protect\n|\n|-heal|p1b: Milotic|87/100|[from] item: Leftovers\n|upkeep\n|turn|5\n|inactive|benjiapollo has 30 seconds left.\n|\n|t:|1776289441\n|move|p2a: Sneasler|Close Combat|p1b: Milotic\n|-damage|p1b: Milotic|43/100\n|-unboost|p2a: Sneasler|def|1\n|-unboost|p2a: Sneasler|spd|1\n|-enditem|p2a: Sneasler|White Herb\n|-clearnegativeboost|p2a: Sneasler|[silent]\n|move|p2b: Charizard|Thunder Punch|p1b: Milotic\n|-supereffective|p1b: Milotic|1\n|-damage|p1b: Milotic|25/100\n|move|p1b: Milotic|Muddy Water|p2b: Charizard|[spread] p2a,p2b\n|-crit|p2a: Sneasler\n|-damage|p2a: Sneasler|52/100\n|-damage|p2b: Charizard|0 fnt\n|faint|p2b: Charizard\n|move|p1a: Incineroar|Flare Blitz|p2a: Sneasler\n|-damage|p2a: Sneasler|0 fnt\n|faint|p2a: Sneasler\n|-damage|p1a: Incineroar|68/100|[from] Recoil\n|\n|-heal|p1b: Milotic|31/100|[from] item: Leftovers\n|-sideend|p2: benjiapollo|move: Tailwind\n|upkeep\n|\n|t:|1776289459\n|switch|p2a: Basculegion|Basculegion, L50, M|100/100\n|turn|6\n|l| i_am_hollow\n|\n|t:|1776289477\n|move|p2a: Basculegion|Last Respects|p1a: Incineroar\n|-resisted|p1a: Incineroar|1\n|-damage|p1a: Incineroar|8/100\n|-enditem|p1a: Incineroar|Sitrus Berry|[eat]\n|-heal|p1a: Incineroar|33/100|[from] item: Sitrus Berry\n|move|p1b: Milotic|Hypnosis|p2a: Basculegion\n|-status|p2a: Basculegion|slp|[from] move: Hypnosis\n|move|p1a: Incineroar|Parting Shot|p2a: Basculegion\n|-unboost|p2a: Basculegion|atk|1\n|-unboost|p2a: Basculegion|spa|1\n|\n|t:|1776289484\n|switch|p1a: Kingambit|Kingambit, L50, F|100/100|[from] Parting Shot\n|\n|-heal|p1b: Milotic|37/100|[from] item: Leftovers\n|upkeep\n|turn|7\n|-message|benjiapollo forfeited.\n|\n|win|Poke_Marcos_23\n|raw|Poke_Marcos_23's rating: 1165 &rarr; <strong>1194</strong><br />(+29 for winning)\n|raw|benjiapollo's rating: 1221 &rarr; <strong>1192</strong><br />(-29 for losing)\n|c|\u2606Poke_Marcos_23|gg\n",
  "uploadtime": 1776289497,
  "views": 24,
  "formatid": "gen9championsvgc2026regma",
  "rating": 1192,
  "private": 0,
  "password": null
}