{
  "id": "gen9championsvgc2026regma-2588609591",
  "format": "[Gen 9 Champions] VGC 2026 Reg M-A",
  "players": [
    "IAmAZynner",
    "mojojojojoj"
  ],
  "log": "|j|\u2606IAmAZynner\n|j|\u2606mojojojojoj\n|t:|1776649788\n|gametype|doubles\n|player|p1|IAmAZynner|volkner|1046\n|player|p2|mojojojojoj|steven|1109\n|gen|9\n|tier|[Gen 9 Champions] VGC 2026 Reg M-A\n|rated|\n|rule|Species Clause: Limit one of each Pok\u00e9mon\n|rule|Item Clause: Limit 1 of each item\n|clearpoke\n|poke|p1|Scovillain, L50, F, shiny|\n|poke|p1|Reuniclus, L50, M, shiny|\n|poke|p1|Tyranitar, L50, F, shiny|\n|poke|p1|Primarina, L50, M, shiny|\n|poke|p1|Corviknight, L50, F, shiny|\n|poke|p1|Incineroar, L50, M, shiny|\n|poke|p2|Charizard, L50, F, shiny|\n|poke|p2|Garchomp, L50, M|\n|poke|p2|Venusaur, L50, F|\n|poke|p2|Greninja, L50, M|\n|poke|p2|Kingambit, L50, M|\n|poke|p2|Sneasler, L50, F, shiny|\n|teampreview|4\n|\n|t:|1776649816\n|teamsize|p1|4\n|teamsize|p2|4\n|start\n|switch|p1a: Tyranitar|Tyranitar, L50, F, shiny|100/100\n|switch|p1b: Incineroar|Incineroar, L50, M, shiny|100/100\n|switch|p2a: Charizard|Charizard, L50, F, shiny|100/100\n|switch|p2b: Garchomp|Garchomp, L50, M|100/100\n|-weather|Sandstorm|[from] ability: Sand Stream|[of] p1a: Tyranitar\n|-ability|p1b: Incineroar|Intimidate|boost\n|-unboost|p2a: Charizard|atk|1\n|-unboost|p2b: Garchomp|atk|1\n|turn|1\n|\n|t:|1776649832\n|detailschange|p2a: Charizard|Charizard-Mega-Y, L50, F, shiny\n|-mega|p2a: Charizard|Charizard|Charizardite Y\n|-weather|SunnyDay|[from] ability: Drought|[of] p2a: Charizard\n|move|p2a: Charizard|Protect|p2a: Charizard\n|-singleturn|p2a: Charizard|Protect\n|move|p1b: Incineroar|Fake Out|p2b: Garchomp\n|-damage|p2b: Garchomp|88/100\n|-damage|p1b: Incineroar|88/100|[from] ability: Rough Skin|[of] p2b: Garchomp\n|cant|p2b: Garchomp|flinch\n|move|p1a: Tyranitar|Rock Slide|p2b: Garchomp|[spread] p2b\n|-activate|p2a: Charizard|move: Protect\n|-resisted|p2b: Garchomp|1\n|-damage|p2b: Garchomp|74/100\n|\n|-weather|SunnyDay|[upkeep]\n|-heal|p1b: Incineroar|94/100|[from] item: Leftovers\n|upkeep\n|turn|2\n|\n|t:|1776649859\n|switch|p2b: Sneasler|Sneasler, L50, F, shiny|100/100\n|move|p2a: Charizard|Solar Beam||[still]\n|-prepare|p2a: Charizard|Solar Beam\n|-anim|p2a: Charizard|Solar Beam|p1a: Tyranitar\n|-supereffective|p1a: Tyranitar|1\n|-damage|p1a: Tyranitar|4/100\n|move|p1a: Tyranitar|Rock Slide|p2b: Sneasler|[spread] p2a,p2b\n|-supereffective|p2a: Charizard|2\n|-resisted|p2b: Sneasler|1\n|-damage|p2a: Charizard|0 fnt\n|-damage|p2b: Sneasler|75/100\n|faint|p2a: Charizard\n|move|p1b: Incineroar|Parting Shot|p2b: Sneasler\n|-unboost|p2b: Sneasler|atk|1\n|-unboost|p2b: Sneasler|spa|1\n|\n|t:|1776649873\n|switch|p1b: Scovillain|Scovillain, L50, F, shiny|100/100|[from] Parting Shot\n|\n|-weather|SunnyDay|[upkeep]\n|-ability|p1b: Scovillain|Moody|boost\n|-boost|p1b: Scovillain|def|2\n|-unboost|p1b: Scovillain|atk|1\n|upkeep\n|\n|t:|1776649888\n|switch|p2a: Garchomp|Garchomp, L50, M|74/100\n|turn|3\n|\n|t:|1776649908\n|detailschange|p1b: Scovillain|Scovillain-Mega, L50, F, shiny\n|-mega|p1b: Scovillain|Scovillain|Scovillainite\n|move|p2b: Sneasler|Protect|p2b: Sneasler\n|-singleturn|p2b: Sneasler|Protect\n|move|p1a: Tyranitar|Protect|p1a: Tyranitar\n|-singleturn|p1a: Tyranitar|Protect\n|move|p2a: Garchomp|Earthquake|p1b: Scovillain|[spread] p1b\n|-activate|p2b: Sneasler|move: Protect\n|-activate|p1a: Tyranitar|move: Protect\n|-damage|p1b: Scovillain|77/100\n|-status|p2a: Garchomp|brn|[from] ability: Spicy Spray|[of] p1b: Scovillain\n|move|p1b: Scovillain|Leech Seed|p2a: Garchomp\n|-start|p2a: Garchomp|move: Leech Seed\n|\n|-weather|SunnyDay|[upkeep]\n|-damage|p2a: Garchomp|62/100 brn|[from] Leech Seed|[of] p1b: Scovillain\n|-heal|p1b: Scovillain|91/100|[silent]\n|-damage|p2a: Garchomp|56/100 brn|[from] brn\n|upkeep\n|turn|4\n|\n|t:|1776649943\n|switch|p1a: Incineroar|Incineroar, L50, M, shiny|94/100\n|-ability|p1a: Incineroar|Intimidate|boost\n|-unboost|p2a: Garchomp|atk|1\n|-unboost|p2b: Sneasler|atk|1\n|move|p2b: Sneasler|Dire Claw|p1b: Scovillain\n|-supereffective|p1b: Scovillain|1\n|-damage|p1b: Scovillain|64/100\n|-status|p2b: Sneasler|brn|[from] ability: Spicy Spray|[of] p1b: Scovillain\n|move|p2a: Garchomp|Dragon Claw|p1a: Incineroar\n|-damage|p1a: Incineroar|81/100\n|move|p1b: Scovillain|Leech Seed|p2b: Sneasler\n|-start|p2b: Sneasler|move: Leech Seed\n|\n|-weather|SunnyDay|[upkeep]\n|-heal|p1a: Incineroar|87/100|[from] item: Leftovers\n|-damage|p2b: Sneasler|62/100 brn|[from] Leech Seed|[of] p1b: Scovillain\n|-heal|p1b: Scovillain|75/100|[silent]\n|-damage|p2a: Garchomp|44/100 brn|[from] Leech Seed|[of] p1b: Scovillain\n|-heal|p1b: Scovillain|89/100|[silent]\n|-damage|p2b: Sneasler|57/100 brn|[from] brn\n|-damage|p2a: Garchomp|38/100 brn|[from] brn\n|upkeep\n|-enditem|p2a: Garchomp|Sitrus Berry|[eat]\n|-heal|p2a: Garchomp|62/100 brn|[from] item: Sitrus Berry\n|turn|5\n|c|\u2606IAmAZynner|tickle monster over here\n|\n|t:|1776649976\n|move|p1a: Incineroar|Fake Out|p2a: Garchomp\n|-damage|p2a: Garchomp|50/100 brn\n|-damage|p1a: Incineroar|75/100|[from] ability: Rough Skin|[of] p2a: Garchomp\n|move|p2b: Sneasler|Dire Claw|p1b: Scovillain\n|-supereffective|p1b: Scovillain|1\n|-damage|p1b: Scovillain|76/100\n|-status|p1b: Scovillain|par\n|cant|p2a: Garchomp|flinch\n|move|p1b: Scovillain|Substitute|p1b: Scovillain\n|-start|p1b: Scovillain|Substitute\n|-damage|p1b: Scovillain|51/100 par\n|\n|-weather|none\n|-heal|p1a: Incineroar|81/100|[from] item: Leftovers\n|-damage|p2b: Sneasler|44/100 brn|[from] Leech Seed|[of] p1b: Scovillain\n|-heal|p1b: Scovillain|63/100 par|[silent]\n|-damage|p2a: Garchomp|38/100 brn|[from] Leech Seed|[of] p1b: Scovillain\n|-heal|p1b: Scovillain|77/100 par|[silent]\n|-damage|p2b: Sneasler|39/100 brn|[from] brn\n|-damage|p2a: Garchomp|32/100 brn|[from] brn\n|upkeep\n|turn|6\n|\n|t:|1776650006\n|move|p2b: Sneasler|Close Combat|p1a: Incineroar\n|-supereffective|p1a: Incineroar|1\n|-damage|p1a: Incineroar|46/100\n|-unboost|p2b: Sneasler|def|1\n|-unboost|p2b: Sneasler|spd|1\n|move|p2a: Garchomp|Rock Slide|p1b: Scovillain|[spread] p1a,p1b\n|-supereffective|p1b: Scovillain|1\n|-activate|p1b: Scovillain|move: Substitute|[damage]\n|-supereffective|p1a: Incineroar|1\n|-damage|p1a: Incineroar|33/100\n|move|p1a: Incineroar|Sunny Day|p1a: Incineroar\n|-weather|SunnyDay\n|move|p1b: Scovillain|Giga Drain|p2b: Sneasler\n|-resisted|p2b: Sneasler|1\n|-damage|p2b: Sneasler|0 fnt\n|-heal|p1b: Scovillain|95/100 par|[from] drain|[of] p2b: Sneasler\n|faint|p2b: Sneasler\n|\n|-weather|SunnyDay|[upkeep]\n|-heal|p1a: Incineroar|39/100|[from] item: Leftovers\n|-damage|p2a: Garchomp|20/100 brn|[from] Leech Seed|[of] p1b: Scovillain\n|-heal|p1b: Scovillain|100/100 par|[silent]\n|-damage|p2a: Garchomp|14/100 brn|[from] brn\n|upkeep\n|\n|t:|1776650019\n|switch|p2b: Venusaur|Venusaur, L50, F|100/100\n|turn|7\n|\n|t:|1776650033\n|move|p2b: Venusaur|Earth Power|p1a: Incineroar\n|-supereffective|p1a: Incineroar|1\n|-damage|p1a: Incineroar|1/100\n|move|p2a: Garchomp|Rock Slide|p1a: Incineroar|[spread] p1a,p1b\n|-supereffective|p1b: Scovillain|1\n|-activate|p1b: Scovillain|move: Substitute|[damage]\n|-supereffective|p1a: Incineroar|1\n|-damage|p1a: Incineroar|0 fnt\n|faint|p1a: Incineroar\n|move|p1b: Scovillain|Flamethrower|p2b: Venusaur\n|-supereffective|p2b: Venusaur|1\n|-damage|p2b: Venusaur|0 fnt\n|faint|p2b: Venusaur\n|\n|-weather|SunnyDay|[upkeep]\n|-damage|p2a: Garchomp|2/100 brn|[from] Leech Seed|[of] p1b: Scovillain\n|-damage|p2a: Garchomp|0 fnt|[from] brn\n|faint|p2a: Garchomp\n|\n|win|IAmAZynner\n|raw|IAmAZynner's rating: 1046 &rarr; <strong>1085</strong><br />(+39 for winning)\n|raw|mojojojojoj's rating: 1109 &rarr; <strong>1080</strong><br />(-29 for losing)\n|l|\u2606mojojojojoj\n|player|p2|\n",
  "uploadtime": 1776650051,
  "views": 9,
  "formatid": "gen9championsvgc2026regma",
  "rating": 1080,
  "private": 0,
  "password": null
}