{
  "id": "gen9championsvgc2026regma-2586485780",
  "format": "[Gen 9 Champions] VGC 2026 Reg M-A",
  "players": [
    "Dinz77",
    "basti__s3"
  ],
  "log": "|j|\u2606Dinz77\n|j|\u2606basti__s3\n|t:|1776437942\n|gametype|doubles\n|player|p1|Dinz77|2|1107\n|player|p2|basti__s3|102|1138\n|gen|9\n|tier|[Gen 9 Champions] VGC 2026 Reg M-A\n|rated|\n|rule|Species Clause: Limit one of each Pok\u00e9mon\n|rule|Item Clause: Limit 1 of each item\n|clearpoke\n|poke|p1|Heracross, L50, F|\n|poke|p1|Whimsicott, L50, M|\n|poke|p1|Politoed, L50, M|\n|poke|p1|Basculegion, L50, M|\n|poke|p1|Incineroar, L50, M|\n|poke|p1|Archaludon, L50, F|\n|poke|p2|Skarmory, L50, F|\n|poke|p2|Sinistcha, L50|\n|poke|p2|Tyranitar, L50, M|\n|poke|p2|Garchomp, L50, M|\n|poke|p2|Arcanine, L50, M|\n|poke|p2|Floette-Eternal, L50, F|\n|teampreview|4\nDinz77 has agreed to open team sheets.\nbasti__s3 has agreed to open team sheets.\n|showteam|p1|Heracross||Heracronite|Moxie|Detect,CloseCombat,RockBlast,PinMissile|||F|||50|]Whimsicott||FocusSash|Prankster|Tailwind,Moonblast,Encore,Taunt|||M|||50|]Politoed||Leftovers|Drizzle|Protect,WeatherBall,IcyWind,HelpingHand|||M|||50|]Basculegion||ChoiceScarf|Adaptability|WaveCrash,FlipTurn,LastRespects,AquaJet|||M|||50|]Incineroar||SitrusBerry|Intimidate|FakeOut,PartingShot,FlareBlitz,ThroatChop|||M|||50|]Archaludon||MetalCoat|Stalwart|Protect,ElectroShot,FlashCannon,DracoMeteor|||F|||50|\n|showteam|p2|Skarmory||Skarmorite|Sturdy|DualWingbeat,SwordsDance,IronHead,Tailwind|||F|||50|]Sinistcha||Leftovers|Hospitality|MatchaGotcha,RagePowder,LifeDew,Protect||||||50|]Tyranitar||Tyranitarite|SandStream|RockSlide,Protect,KnockOff,HighHorsepower|||M|||50|]Garchomp||SoftSand|RoughSkin|DragonClaw,Protect,StompingTantrum,RockSlide|||M|||50|]Arcanine||SitrusBerry|Intimidate|Flamethrower,WillOWisp,Protect,ScorchingSands|||M|||50|]Floette-Eternal||ChoiceScarf|FlowerVeil|Psychic,EnergyBall,Moonblast,DazzlingGleam|||F|||50|\n|\n|t:|1776438024\n|teamsize|p1|4\n|teamsize|p2|4\n|start\n|switch|p1a: Whimsicott|Whimsicott, L50, M|100/100\n|switch|p1b: Heracross|Heracross, L50, F|100/100\n|switch|p2a: Skarmory|Skarmory, L50, F|100/100\n|switch|p2b: Garchomp|Garchomp, L50, M|100/100\n|turn|1\n|\n|t:|1776438062\n|switch|p1b: Politoed|Politoed, L50, M|100/100\n|-weather|RainDance|[from] ability: Drizzle|[of] p1b: Politoed\n|detailschange|p2a: Skarmory|Skarmory-Mega, L50, F\n|-mega|p2a: Skarmory|Skarmory|Skarmorite\n|move|p2b: Garchomp|Protect|p2b: Garchomp\n|-singleturn|p2b: Garchomp|Protect\n|move|p1a: Whimsicott|Tailwind|p1a: Whimsicott\n|-sidestart|p1: Dinz77|move: Tailwind\n|move|p2a: Skarmory|Tailwind|p2a: Skarmory\n|-sidestart|p2: basti__s3|move: Tailwind\n|\n|-weather|RainDance|[upkeep]\n|upkeep\n|turn|2\n|\n|t:|1776438096\n|move|p1a: Whimsicott|Encore|p2b: Garchomp\n|-start|p2b: Garchomp|Encore\n|move|p2b: Garchomp|Protect||[still]\n|-fail|p2b: Garchomp\n|move|p2a: Skarmory|Swords Dance|p2a: Skarmory\n|-boost|p2a: Skarmory|atk|2\n|move|p1b: Politoed|Icy Wind|p2a: Skarmory|[spread] p2a,p2b\n|-supereffective|p2b: Garchomp|2\n|-damage|p2a: Skarmory|89/100\n|-damage|p2b: Garchomp|59/100\n|-unboost|p2a: Skarmory|spe|1\n|-unboost|p2b: Garchomp|spe|1\n|\n|-weather|RainDance|[upkeep]\n|upkeep\n|turn|3\n|\n|t:|1776438124\n|switch|p2a: Tyranitar|Tyranitar, L50, M|100/100\n|-weather|Sandstorm|[from] ability: Sand Stream|[of] p2a: Tyranitar\n|move|p2b: Garchomp|Protect|p2b: Garchomp\n|-singleturn|p2b: Garchomp|Protect\n|move|p1a: Whimsicott|Encore|p2a: Tyranitar\n|-hint|Since gen 7, Dark is immune to Prankster moves.\n|-immune|p2a: Tyranitar\n|move|p1b: Politoed|Weather Ball|p2a: Tyranitar\n|-damage|p2a: Tyranitar|88/100\n|\n|-weather|Sandstorm|[upkeep]\n|-damage|p1a: Whimsicott|95/100|[from] Sandstorm\n|-damage|p1b: Politoed|94/100|[from] Sandstorm\n|-heal|p1b: Politoed|100/100|[from] item: Leftovers\n|upkeep\n|turn|4\n|\n|t:|1776438151\n|switch|p2b: Skarmory|Skarmory-Mega, L50, F|89/100\n|switch|p1b: Basculegion|Basculegion, L50, M|100/100\n|move|p1a: Whimsicott|Moonblast|p2a: Tyranitar\n|-supereffective|p2a: Tyranitar|1\n|-damage|p2a: Tyranitar|50/100\n|move|p2a: Tyranitar|Rock Slide|p1b: Basculegion|[spread] p1a,p1b\n|-damage|p1a: Whimsicott|50/100\n|-damage|p1b: Basculegion|65/100\n|\n|-weather|Sandstorm|[upkeep]\n|-damage|p1b: Basculegion|58/100|[from] Sandstorm\n|-damage|p1a: Whimsicott|44/100|[from] Sandstorm\n|-sideend|p1: Dinz77|move: Tailwind\n|-sideend|p2: basti__s3|move: Tailwind\n|upkeep\n|turn|5\n|\n|t:|1776438185\n|switch|p2a: Garchomp|Garchomp, L50, M|59/100\n|move|p1a: Whimsicott|Taunt|p2b: Skarmory\n|-start|p2b: Skarmory|move: Taunt\n|move|p1b: Basculegion|Wave Crash|p2a: Garchomp\n|-damage|p2a: Garchomp|0 fnt\n|-damage|p1b: Basculegion|46/100|[from] ability: Rough Skin|[of] p2a: Garchomp\n|faint|p2a: Garchomp\n|-damage|p1b: Basculegion|28/100|[from] Recoil\n|cant|p2b: Skarmory|move: Taunt|Tailwind\n|\n|-weather|Sandstorm|[upkeep]\n|-damage|p1b: Basculegion|22/100|[from] Sandstorm\n|-damage|p1a: Whimsicott|38/100|[from] Sandstorm\n|upkeep\n|\n|t:|1776438215\n|switch|p2a: Floette|Floette-Eternal, L50, F|100/100\n|turn|6\n|\n|t:|1776438269\n|switch|p2b: Tyranitar|Tyranitar, L50, M|50/100\n|move|p1a: Whimsicott|Taunt|p2a: Floette\n|-start|p2a: Floette|move: Taunt\n|move|p2a: Floette|Dazzling Gleam|p1b: Basculegion|[spread] p1a,p1b\n|-damage|p1a: Whimsicott|0 fnt\n|-damage|p1b: Basculegion|0 fnt\n|faint|p1a: Whimsicott\n|faint|p1b: Basculegion\n|\n|-weather|Sandstorm|[upkeep]\n|-damage|p2a: Floette|95/100|[from] Sandstorm\n|upkeep\n|\n|t:|1776438280\n|switch|p1a: Heracross|Heracross, L50, F|100/100\n|switch|p1b: Politoed|Politoed, L50, M|100/100\n|-weather|RainDance|[from] ability: Drizzle|[of] p1b: Politoed\n|turn|7\n|\n|t:|1776438322\n|switch|p2b: Skarmory|Skarmory-Mega, L50, F|89/100\n|move|p1a: Heracross|Detect|p1a: Heracross\n|-singleturn|p1a: Heracross|Protect\n|move|p2a: Floette|Dazzling Gleam|p1a: Heracross|[spread] p1b\n|-activate|p1a: Heracross|move: Protect\n|-damage|p1b: Politoed|74/100\n|move|p1b: Politoed|Weather Ball|p2a: Floette\n|-damage|p2a: Floette|49/100\n|\n|-weather|RainDance|[upkeep]\n|-heal|p1b: Politoed|80/100|[from] item: Leftovers\n|upkeep\n|turn|8\n|\n|t:|1776438382\n|detailschange|p1a: Heracross|Heracross-Mega, L50, F\n|-mega|p1a: Heracross|Heracross|Heracronite\n|move|p2a: Floette|Dazzling Gleam|p1a: Heracross|[spread] p1a,p1b\n|-supereffective|p1a: Heracross|1\n|-damage|p1a: Heracross|31/100\n|-damage|p1b: Politoed|54/100\n|move|p2b: Skarmory|Tailwind|p2b: Skarmory\n|-sidestart|p2: basti__s3|move: Tailwind\n|move|p1a: Heracross|Rock Blast|p2a: Floette\n|-damage|p2a: Floette|26/100\n|-damage|p2a: Floette|5/100\n|-damage|p2a: Floette|0 fnt\n|faint|p2a: Floette\n|-hitcount|p2: Floette|3\n|move|p1b: Politoed|Icy Wind|p2b: Skarmory\n|-damage|p2b: Skarmory|74/100\n|-unboost|p2b: Skarmory|spe|1\n|\n|-weather|RainDance|[upkeep]\n|-heal|p1b: Politoed|60/100|[from] item: Leftovers\n|upkeep\n|\n|t:|1776438403\n|switch|p2a: Tyranitar|Tyranitar, L50, M|50/100\n|-weather|Sandstorm|[from] ability: Sand Stream|[of] p2a: Tyranitar\n|turn|9\n|\n|t:|1776438427\n|move|p1a: Heracross|Detect|p1a: Heracross\n|-singleturn|p1a: Heracross|Protect\n|move|p2b: Skarmory|Dual Wingbeat|p1a: Heracross\n|-activate|p1a: Heracross|move: Protect\n|move|p2a: Tyranitar|Knock Off|p1b: Politoed\n|-damage|p1b: Politoed|18/100\n|-enditem|p1b: Politoed|Leftovers|[from] move: Knock Off|[of] p2a: Tyranitar\n|move|p1b: Politoed|Weather Ball|p2b: Skarmory\n|-damage|p2b: Skarmory|47/100\n|\n|-weather|Sandstorm|[upkeep]\n|-damage|p1a: Heracross|25/100|[from] Sandstorm\n|-damage|p1b: Politoed|12/100|[from] Sandstorm\n|upkeep\n|turn|10\n|\n|t:|1776438492\n|move|p2b: Skarmory|Dual Wingbeat|p1a: Heracross\n|-supereffective|p1a: Heracross|2\n|-damage|p1a: Heracross|0 fnt\n|faint|p1a: Heracross\n|-hitcount|p1: Heracross|1\n|move|p2a: Tyranitar|Rock Slide|p1b: Politoed\n|-damage|p1b: Politoed|0 fnt\n|faint|p1b: Politoed\n|\n|win|basti__s3\n|raw|Dinz77's rating: 1107 &rarr; <strong>1084</strong><br />(-23 for losing)\n|raw|basti__s3's rating: 1138 &rarr; <strong>1161</strong><br />(+23 for winning)\n|c|\u2606Dinz77|gg\n",
  "uploadtime": 1776438498,
  "views": 34,
  "formatid": "gen9championsvgc2026regma",
  "rating": 1084,
  "private": 0,
  "password": null
}