{
  "id": "gen9championsvgc2026regma-2588056836",
  "format": "[Gen 9 Champions] VGC 2026 Reg M-A",
  "players": [
    "DreadlySinister",
    "G3N13"
  ],
  "log": "|j|\u2606DreadlySinister\n|j|\u2606G3N13\n|t:|1776599003\n|gametype|doubles\n|player|p1|DreadlySinister|265|1194\n|player|p2|G3N13|n|1240\n|gen|9\n|tier|[Gen 9 Champions] VGC 2026 Reg M-A\n|rated|\n|rule|Species Clause: Limit one of each Pok\u00e9mon\n|rule|Item Clause: Limit 1 of each item\n|clearpoke\n|poke|p1|Gallade, L50, M|\n|poke|p1|Kommo-o, L50, M|\n|poke|p1|Talonflame, L50, F|\n|poke|p1|Zoroark-Hisui, L50, F|\n|poke|p1|Lopunny, L50, M|\n|poke|p1|Milotic, L50, F|\n|poke|p2|Gardevoir, L50, F, shiny|\n|poke|p2|Corviknight, L50, F, shiny|\n|poke|p2|Garchomp, L50, F, shiny|\n|poke|p2|Rotom-Wash, L50, shiny|\n|poke|p2|Incineroar, L50, F|\n|poke|p2|Sinistcha, L50|\n|teampreview|4\nG3N13 has agreed to open team sheets.\nDreadlySinister rejected open team sheets.\n|\n|t:|1776599047\n|teamsize|p1|4\n|teamsize|p2|4\n|start\n|switch|p1a: Talonflame|Talonflame, L50, F|100/100\n|switch|p1b: Milotic|Milotic, L50, F|100/100\n|switch|p2a: Incineroar|Incineroar, L50, F|100/100\n|switch|p2b: Rotom|Rotom-Wash, L50, shiny|100/100\n|-ability|p2a: Incineroar|Intimidate|boost\n|-unboost|p1a: Talonflame|atk|1\n|-unboost|p1b: Milotic|atk|1\n|-ability|p1b: Milotic|Competitive|boost\n|-boost|p1b: Milotic|spa|2\n|turn|1\n|\n|t:|1776599065\n|move|p1b: Milotic|Protect|p1b: Milotic\n|-singleturn|p1b: Milotic|Protect\n|move|p2a: Incineroar|Fake Out|p1b: Milotic\n|-activate|p1b: Milotic|move: Protect\n|move|p1a: Talonflame|Bitter Malice|p2b: Rotom\n|-damage|p2b: Rotom|64/100\n|-unboost|p2b: Rotom|atk|1\n|move|p2b: Rotom|Discharge|p1a: Talonflame|[spread] p2a,p1a\n|-activate|p1b: Milotic|move: Protect\n|-damage|p2a: Incineroar|78/100\n|-damage|p1a: Talonflame|50/100\n|-status|p2a: Incineroar|par\n|-status|p1a: Talonflame|par\n|replace|p1a: Zoroark|Zoroark-Hisui, L50, F\n|-end|p1a: Zoroark|Illusion\n|\n|-heal|p2b: Rotom|70/100|[from] item: Leftovers\n|upkeep\n|turn|2\n|\n|t:|1776599098\n|switch|p2a: Gardevoir|Gardevoir, L50, F, shiny|100/100\n|move|p2b: Rotom|Volt Switch|p1b: Milotic\n|-supereffective|p1b: Milotic|1\n|-damage|p1b: Milotic|58/100\n|\n|t:|1776599107\n|switch|p2b: Garchomp|Garchomp, L50, F, shiny|100/100|[from] Volt Switch\n|move|p1b: Milotic|Scald|p2a: Gardevoir\n|-damage|p2a: Gardevoir|42/100\n|-status|p2a: Gardevoir|brn\n|move|p1a: Zoroark|Bitter Malice|p2b: Garchomp\n|-damage|p2b: Garchomp|67/100\n|-unboost|p2b: Garchomp|atk|1\n|\n|-heal|p1b: Milotic|64/100|[from] item: Leftovers\n|-damage|p2a: Gardevoir|36/100 brn|[from] brn\n|upkeep\n|turn|3\n|\n|t:|1776599130\n|detailschange|p2a: Gardevoir|Gardevoir-Mega, L50, F, shiny\n|-mega|p2a: Gardevoir|Gardevoir|Gardevoirite\n|move|p1b: Milotic|Protect|p1b: Milotic\n|-singleturn|p1b: Milotic|Protect\n|move|p2b: Garchomp|Rock Slide|p1b: Milotic|[spread] p1a\n|-activate|p1b: Milotic|move: Protect\n|-damage|p1a: Zoroark|23/100 par\n|move|p2a: Gardevoir|Psyshock|p1b: Milotic\n|-activate|p1b: Milotic|move: Protect\n|move|p1a: Zoroark|Icy Wind|p2b: Garchomp|[spread] p2a,p2b\n|-supereffective|p2b: Garchomp|2\n|-damage|p2a: Gardevoir|25/100 brn\n|-damage|p2b: Garchomp|21/100\n|-unboost|p2a: Gardevoir|spe|1\n|-unboost|p2b: Garchomp|spe|1\n|\n|-heal|p1b: Milotic|70/100|[from] item: Leftovers\n|-damage|p2a: Gardevoir|19/100 brn|[from] brn\n|upkeep\n|turn|4\n|\n|t:|1776599155\n|move|p1b: Milotic|Recover|p1b: Milotic\n|-heal|p1b: Milotic|100/100\n|move|p1a: Zoroark|Icy Wind|p2b: Garchomp|[spread] p2a,p2b\n|-supereffective|p2b: Garchomp|2\n|-damage|p2a: Gardevoir|6/100 brn\n|-damage|p2b: Garchomp|0 fnt\n|-unboost|p2a: Gardevoir|spe|1\n|faint|p2b: Garchomp\n|move|p2a: Gardevoir|Psyshock|p1b: Milotic\n|-damage|p1b: Milotic|60/100\n|\n|-heal|p1b: Milotic|66/100|[from] item: Leftovers\n|-damage|p2a: Gardevoir|0 fnt|[from] brn\n|faint|p2a: Gardevoir\n|upkeep\n|\n|t:|1776599157\n|switch|p2b: Rotom|Rotom-Wash, L50, shiny|70/100\n|switch|p2a: Incineroar|Incineroar, L50, F|78/100 par\n|-ability|p2a: Incineroar|Intimidate|boost\n|-unboost|p1a: Zoroark|atk|1\n|-unboost|p1b: Milotic|atk|1\n|-ability|p1b: Milotic|Competitive|boost\n|-boost|p1b: Milotic|spa|2\n|turn|5\n|\n|t:|1776599180\n|move|p1b: Milotic|Protect|p1b: Milotic\n|-singleturn|p1b: Milotic|Protect\n|move|p2b: Rotom|Discharge|p1a: Zoroark|[spread] p2a,p1a\n|-activate|p1b: Milotic|move: Protect\n|-damage|p2a: Incineroar|52/100 par\n|-damage|p1a: Zoroark|0 fnt\n|faint|p1a: Zoroark\n|move|p2a: Incineroar|Darkest Lariat|p1b: Milotic\n|-activate|p1b: Milotic|move: Protect\n|\n|-heal|p2b: Rotom|76/100|[from] item: Leftovers\n|-heal|p1b: Milotic|72/100|[from] item: Leftovers\n|upkeep\n|\n|t:|1776599185\n|switch|p1a: Lopunny|Lopunny, L50, M|100/100\n|turn|6\n|\n|t:|1776599206\n|detailschange|p1a: Lopunny|Lopunny-Mega, L50, M\n|-mega|p1a: Lopunny|Lopunny|Lopunnite\n|move|p1a: Lopunny|Fake Out|p2b: Rotom\n|-damage|p2b: Rotom|54/100\n|cant|p2b: Rotom|flinch\n|move|p1b: Milotic|Scald|p2a: Incineroar\n|-supereffective|p2a: Incineroar|1\n|-damage|p2a: Incineroar|0 fnt\n|faint|p2a: Incineroar\n|\n|-heal|p2b: Rotom|60/100|[from] item: Leftovers\n|-heal|p1b: Milotic|78/100|[from] item: Leftovers\n|upkeep\n|turn|7\n|\n|t:|1776599215\n|move|p1a: Lopunny|Close Combat|p2b: Rotom\n|-damage|p2b: Rotom|0 fnt\n|-unboost|p1a: Lopunny|def|1\n|-unboost|p1a: Lopunny|spd|1\n|faint|p2b: Rotom\n|\n|win|DreadlySinister\n|raw|DreadlySinister's rating: 1194 &rarr; <strong>1222</strong><br />(+28 for winning)\n|raw|G3N13's rating: 1240 &rarr; <strong>1212</strong><br />(-28 for losing)\n|l|\u2606G3N13\n|player|p2|\n",
  "uploadtime": 1776599221,
  "views": 19,
  "formatid": "gen9championsvgc2026regma",
  "rating": 1212,
  "private": 0,
  "password": null
}