{
  "id": "gen9championsvgc2026regma-2582558808",
  "format": "[Gen 9 Champions] VGC 2026 Reg M-A",
  "players": [
    "EstiGatetes",
    "xd_mj"
  ],
  "log": "|j|\u2606EstiGatetes\n|j|\u2606xd_mj\n|t:|1776099310\n|gametype|doubles\n|player|p1|EstiGatetes|hilda|1139\n|player|p2|xd_mj|hugh|1040\n|gen|9\n|tier|[Gen 9 Champions] VGC 2026 Reg M-A\n|rated|\n|rule|Species Clause: Limit one of each Pok\u00e9mon\n|rule|Item Clause: Limit 1 of each item\n|clearpoke\n|poke|p1|Hatterene, L50, F|\n|poke|p1|Farigiraf, L50, F|\n|poke|p1|Gallade, L50, M|\n|poke|p1|Kingambit, L50, M|\n|poke|p1|Meganium, L50, F|\n|poke|p1|Torkoal, L50, M|\n|poke|p2|Dragonite, L50, F|\n|poke|p2|Sneasler, L50, F|\n|poke|p2|Incineroar, L50, M|\n|poke|p2|Archaludon, L50, F|\n|poke|p2|Pelipper, L50, F|\n|poke|p2|Basculegion, L50, M|\n|teampreview|4\n|inactive|Battle timer is ON: inactive players will automatically lose when time's up. (requested by xd_mj)\nxd_mj rejected open team sheets.\n|\n|t:|1776099359\n|teamsize|p1|4\n|teamsize|p2|4\n|start\n|switch|p1a: Hatterene|Hatterene, L50, F|100/100\n|switch|p1b: Farigiraf|Farigiraf, L50, F|100/100\n|switch|p2a: Basculegion|Basculegion, L50, M|100/100\n|switch|p2b: Pelipper|Pelipper, L50, F|100/100\n|-weather|RainDance|[from] ability: Drizzle|[of] p2b: Pelipper\n|turn|1\n|\n|t:|1776099381\n|move|p1a: Hatterene|Protect|p1a: Hatterene\n|-singleturn|p1a: Hatterene|Protect\n|move|p2a: Basculegion|Wave Crash|p1b: Farigiraf\n|-damage|p1b: Farigiraf|0 fnt\n|faint|p1b: Farigiraf\n|-damage|p2a: Basculegion|63/100|[from] Recoil\n|move|p2b: Pelipper|Tailwind|p2b: Pelipper\n|-sidestart|p2: xd_mj|move: Tailwind\n|\n|-weather|RainDance|[upkeep]\n|upkeep\n|\n|t:|1776099391\n|switch|p1b: Meganium|Meganium, L50, F|100/100\n|turn|2\n|\n|t:|1776099415\n|switch|p2a: Incineroar|Incineroar, L50, M, shiny|100/100\n|-ability|p2a: Incineroar|Intimidate|boost\n|-unboost|p1a: Hatterene|atk|1\n|-unboost|p1b: Meganium|atk|1\n|move|p2b: Pelipper|Protect|p2b: Pelipper\n|-singleturn|p2b: Pelipper|Protect\n|move|p1b: Meganium|Protect|p1b: Meganium\n|-singleturn|p1b: Meganium|Protect\n|move|p1a: Hatterene|Trick Room|p1a: Hatterene\n|-fieldstart|move: Trick Room|[of] p1a: Hatterene\n|\n|-weather|RainDance|[upkeep]\n|upkeep\n|turn|3\n|\n|t:|1776099434\n|detailschange|p1b: Meganium|Meganium-Mega, L50, F\n|-mega|p1b: Meganium|Meganium|Meganiumite\n|move|p2a: Incineroar|Fake Out|p1b: Meganium\n|-damage|p1b: Meganium|90/100\n|move|p1a: Hatterene|Dazzling Gleam|p2b: Pelipper|[spread] p2a,p2b\n|-damage|p2a: Incineroar|75/100\n|-damage|p2b: Pelipper|55/100\n|cant|p1b: Meganium|flinch\n|move|p2b: Pelipper|Weather Ball|p1a: Hatterene\n|-damage|p1a: Hatterene|49/100\n|\n|-weather|RainDance|[upkeep]\n|-heal|p1a: Hatterene|54/100|[from] item: Leftovers\n|upkeep\n|turn|4\n|\n|t:|1776099457\n|move|p2b: Pelipper|Wide Guard|p2b: Pelipper\n|-singleturn|p2b: Pelipper|Wide Guard\n|move|p1a: Hatterene|Dazzling Gleam|p2a: Incineroar|[spread] \n|-activate|p2a: Incineroar|move: Wide Guard\n|-activate|p2b: Pelipper|move: Wide Guard\n|move|p1b: Meganium|Dazzling Gleam|p2a: Incineroar|[spread] \n|-activate|p2a: Incineroar|move: Wide Guard\n|-activate|p2b: Pelipper|move: Wide Guard\n|move|p2a: Incineroar|Parting Shot|p1b: Meganium\n|-unboost|p1b: Meganium|atk|1\n|-unboost|p1b: Meganium|spa|1\n|\n|t:|1776099471\n|switch|p2a: Basculegion|Basculegion, L50, M|63/100|[from] Parting Shot\n|\n|-weather|RainDance|[upkeep]\n|-heal|p1a: Hatterene|60/100|[from] item: Leftovers\n|-sideend|p2: xd_mj|move: Tailwind\n|upkeep\n|turn|5\n|inactive|EstiGatetes has 30 seconds left.\n|inactive|xd_mj has 30 seconds left.\n|\n|t:|1776099497\n|move|p2b: Pelipper|Wide Guard|p2b: Pelipper\n|-singleturn|p2b: Pelipper|Wide Guard\n|move|p1a: Hatterene|Expanding Force|p2a: Basculegion\n|-damage|p2a: Basculegion|20/100\n|move|p1b: Meganium|Solar Beam||[still]\n|-prepare|p1b: Meganium|Solar Beam\n|-activate|p1b: Meganium|ability: Mega Sol\n|-anim|p1b: Meganium|Solar Beam|p2a: Basculegion\n|-supereffective|p2a: Basculegion|1\n|-damage|p2a: Basculegion|0 fnt\n|faint|p2a: Basculegion\n|\n|-weather|none\n|-heal|p1a: Hatterene|66/100|[from] item: Leftovers\n|upkeep\n|\n|t:|1776099521\n|switch|p2a: Dragonite|Dragonite, L50, F, shiny|100/100\n|turn|6\n|\n|t:|1776099539\n|switch|p2b: Incineroar|Incineroar, L50, M, shiny|75/100\n|-ability|p2b: Incineroar|Intimidate|boost\n|-unboost|p1a: Hatterene|atk|1\n|-unboost|p1b: Meganium|atk|1\n|detailschange|p2a: Dragonite|Dragonite-Mega, L50, F, shiny\n|-mega|p2a: Dragonite|Dragonite|Dragoninite\n|move|p1a: Hatterene|Expanding Force|p2a: Dragonite\n|-damage|p2a: Dragonite|84/100\n|move|p1b: Meganium|Solar Beam||[still]\n|-prepare|p1b: Meganium|Solar Beam\n|-activate|p1b: Meganium|ability: Mega Sol\n|-anim|p1b: Meganium|Solar Beam|p2b: Incineroar\n|-resisted|p2b: Incineroar|1\n|-damage|p2b: Incineroar|56/100\n|move|p2a: Dragonite|Hurricane|p1a: Hatterene|[miss]\n|-miss|p2a: Dragonite|p1a: Hatterene\n|\n|-heal|p1a: Hatterene|72/100|[from] item: Leftovers\n|-fieldend|move: Trick Room\n|upkeep\n|turn|7\n|inactive|EstiGatetes has 30 seconds left.\n|inactive|xd_mj has 30 seconds left.\n|\n|t:|1776099573\n|move|p1a: Hatterene|Protect|p1a: Hatterene\n|-singleturn|p1a: Hatterene|Protect\n|move|p2b: Incineroar|Fake Out|p1b: Meganium\n|-damage|p1b: Meganium|81/100\n|move|p2a: Dragonite|Hurricane|p1a: Hatterene\n|-activate|p1a: Hatterene|move: Protect\n|cant|p1b: Meganium|flinch\n|\n|-heal|p1a: Hatterene|77/100|[from] item: Leftovers\n|upkeep\n|turn|8\n|\n|t:|1776099589\n|move|p2a: Dragonite|Protect|p2a: Dragonite\n|-singleturn|p2a: Dragonite|Protect\n|move|p1b: Meganium|Protect|p1b: Meganium\n|-singleturn|p1b: Meganium|Protect\n|move|p2b: Incineroar|Parting Shot|p1b: Meganium\n|-activate|p1b: Meganium|move: Protect\n|move|p1a: Hatterene|Trick Room|p1a: Hatterene\n|-fieldstart|move: Trick Room|[of] p1a: Hatterene\n|\n|-heal|p1a: Hatterene|83/100|[from] item: Leftovers\n|upkeep\n|turn|9\n|\n|t:|1776099612\n|move|p1a: Hatterene|Dazzling Gleam|p2b: Incineroar|[spread] p2a,p2b\n|-supereffective|p2a: Dragonite|1\n|-damage|p2a: Dragonite|31/100\n|-damage|p2b: Incineroar|31/100\n|move|p2b: Incineroar|Parting Shot|p1b: Meganium\n|-unboost|p1b: Meganium|atk|1\n|-unboost|p1b: Meganium|spa|1\n|\n|t:|1776099618\n|switch|p2b: Pelipper|Pelipper, L50, F|55/100|[from] Parting Shot\n|-weather|RainDance|[from] ability: Drizzle|[of] p2b: Pelipper\n|move|p1b: Meganium|Dazzling Gleam|p2b: Pelipper|[spread] p2a,p2b\n|-supereffective|p2a: Dragonite|1\n|-crit|p2a: Dragonite\n|-damage|p2a: Dragonite|0 fnt\n|-damage|p2b: Pelipper|33/100\n|-enditem|p2b: Pelipper|Sitrus Berry|[eat]\n|-heal|p2b: Pelipper|57/100|[from] item: Sitrus Berry\n|faint|p2a: Dragonite\n|\n|-weather|RainDance|[upkeep]\n|-heal|p1a: Hatterene|89/100|[from] item: Leftovers\n|upkeep\n|\n|t:|1776099631\n|switch|p2a: Incineroar|Incineroar, L50, M, shiny|31/100\n|-ability|p2a: Incineroar|Intimidate|boost\n|-unboost|p1a: Hatterene|atk|1\n|-unboost|p1b: Meganium|atk|1\n|turn|10\n|\n|t:|1776099649\n|switch|p1b: Torkoal|Torkoal, L50, M|100/100\n|-weather|SunnyDay|[from] ability: Drought|[of] p1b: Torkoal\n|move|p2a: Incineroar|Fake Out|p1b: Torkoal\n|-damage|p1b: Torkoal|91/100\n|move|p1a: Hatterene|Expanding Force|p2b: Pelipper\n|-damage|p2b: Pelipper|0 fnt\n|faint|p2b: Pelipper\n|\n|-weather|SunnyDay|[upkeep]\n|-heal|p1a: Hatterene|95/100|[from] item: Leftovers\n|upkeep\n|turn|11\n|\n|t:|1776099664\n|move|p1b: Torkoal|Earth Power|p2a: Incineroar\n|-supereffective|p2a: Incineroar|1\n|-enditem|p2a: Incineroar|Shuca Berry|[eat]\n|-enditem|p2a: Incineroar|Shuca Berry|[weaken]\n|-damage|p2a: Incineroar|12/100\n|move|p1a: Hatterene|Dazzling Gleam|p2a: Incineroar\n|-damage|p2a: Incineroar|0 fnt\n|faint|p2a: Incineroar\n|\n|win|EstiGatetes\n|raw|EstiGatetes's rating: 1139 &rarr; <strong>1157</strong><br />(+18 for winning)\n|raw|xd_mj's rating: 1040 &rarr; <strong>1028</strong><br />(-12 for losing)\n|l|\u2606xd_mj\n|player|p2|\n",
  "uploadtime": 1776099681,
  "views": 16,
  "formatid": "gen9championsvgc2026regma",
  "rating": 1028,
  "private": 0,
  "password": null
}