{
  "id": "gen9championsvgc2026regma-2581383889",
  "format": "[Gen 9 Champions] VGC 2026 Reg M-A",
  "players": [
    "tetevo085",
    "a25391435"
  ],
  "log": "|j|\u2606tetevo085\n|j|\u2606a25391435\n|t:|1775994511\n|gametype|doubles\n|player|p1|tetevo085|169|1098\n|player|p2|a25391435|101|1067\n|gen|9\n|tier|[Gen 9 Champions] VGC 2026 Reg M-A\n|rated|\n|rule|Species Clause: Limit one of each Pok\u00e9mon\n|rule|Item Clause: Limit 1 of each item\n|clearpoke\n|poke|p1|Kingambit, L50, F|\n|poke|p1|Whimsicott, L50, M|\n|poke|p1|Froslass, L50, F|\n|poke|p1|Greninja-*, L50, F|\n|poke|p1|Dragonite, L50, M|\n|poke|p1|Sneasler, L50, F|\n|poke|p2|Gallade, L50, M|\n|poke|p2|Farigiraf, L50, M|\n|poke|p2|Delphox, L50, F|\n|poke|p2|Meowstic, L50, M|\n|poke|p2|Armarouge, L50, M|\n|poke|p2|Hatterene, L50, F|\n|teampreview|4\n|\n|t:|1775994569\n|teamsize|p1|4\n|teamsize|p2|4\n|start\n|switch|p1a: Sneasler|Sneasler, L50, F|100/100\n|switch|p1b: Kingambit|Kingambit, L50, F|100/100\n|switch|p2a: Meowstic|Meowstic, L50, M, shiny|100/100\n|switch|p2b: Delphox|Delphox, L50, F|100/100\n|turn|1\n|\n|t:|1775994628\n|switch|p2a: Farigiraf|Farigiraf, L50, M|100/100\n|detailschange|p2b: Delphox|Delphox-Mega, L50, F\n|-mega|p2b: Delphox|Delphox|Delphoxite\n|move|p1a: Sneasler|Fake Out||[still]\n|cant|p2a: Farigiraf|ability: Armor Tail|Fake Out|[of] p1a: Sneasler\n|move|p2b: Delphox|Heat Wave|p1b: Kingambit|[spread] p1a,p1b\n|-supereffective|p1b: Kingambit|1\n|-damage|p1a: Sneasler|42/100\n|-damage|p1b: Kingambit|19/100\n|move|p1b: Kingambit|Kowtow Cleave|p2b: Delphox\n|-supereffective|p2b: Delphox|1\n|-damage|p2b: Delphox|0 fnt\n|faint|p2b: Delphox\n|\n|upkeep\n|\n|t:|1775994650\n|switch|p2b: Meowstic|Meowstic, L50, M, shiny|100/100\n|turn|2\n|\n|t:|1775994663\n|move|p2b: Meowstic|Fake Out|p1b: Kingambit\n|-resisted|p1b: Kingambit|1\n|-damage|p1b: Kingambit|17/100\n|cant|p1b: Kingambit|flinch\n|move|p1a: Sneasler|Close Combat|p2a: Farigiraf\n|-damage|p2a: Farigiraf|48/100\n|-unboost|p1a: Sneasler|def|1\n|-unboost|p1a: Sneasler|spd|1\n|-enditem|p2a: Farigiraf|Sitrus Berry|[eat]\n|-heal|p2a: Farigiraf|72/100|[from] item: Sitrus Berry\n|-enditem|p1a: Sneasler|White Herb\n|-clearnegativeboost|p1a: Sneasler|[silent]\n|move|p2a: Farigiraf|Trick Room|p2a: Farigiraf\n|-fieldstart|move: Trick Room|[of] p2a: Farigiraf\n|\n|upkeep\n|turn|3\n|\n|t:|1775994697\n|move|p2b: Meowstic|Reflect|p2b: Meowstic\n|-sidestart|p2: a25391435|Reflect\n|move|p1b: Kingambit|Kowtow Cleave|p2b: Meowstic\n|-supereffective|p2b: Meowstic|1\n|-enditem|p2b: Meowstic|Colbur Berry|[eat]\n|-enditem|p2b: Meowstic|Colbur Berry|[weaken]\n|-damage|p2b: Meowstic|63/100\n|move|p2a: Farigiraf|Hyper Voice|p1b: Kingambit|[spread] p1a,p1b\n|-resisted|p1b: Kingambit|1\n|-damage|p1a: Sneasler|4/100\n|-damage|p1b: Kingambit|6/100\n|move|p1a: Sneasler|Dire Claw|p2a: Farigiraf\n|-damage|p2a: Farigiraf|48/100\n|-status|p2a: Farigiraf|slp\n|\n|upkeep\n|turn|4\n|\n|t:|1775994757\n|switch|p2a: Hatterene|Hatterene, L50, F|100/100\n|move|p2b: Meowstic|Sunny Day|p2b: Meowstic\n|-weather|SunnyDay\n|move|p1b: Kingambit|Kowtow Cleave|p2b: Meowstic\n|-supereffective|p2b: Meowstic|1\n|-damage|p2b: Meowstic|0 fnt\n|faint|p2b: Meowstic\n|move|p1a: Sneasler|Close Combat|p2a: Hatterene\n|-resisted|p2a: Hatterene|2\n|-damage|p2a: Hatterene|88/100\n|-unboost|p1a: Sneasler|def|1\n|-unboost|p1a: Sneasler|spd|1\n|\n|-weather|SunnyDay|[upkeep]\n|-heal|p2a: Hatterene|94/100|[from] item: Leftovers\n|upkeep\n|\n|t:|1775994770\n|switch|p2b: Farigiraf|Farigiraf, L50, M|48/100 slp\n|turn|5\n|\n|t:|1775994777\n|move|p1b: Kingambit|Protect|p1b: Kingambit\n|-singleturn|p1b: Kingambit|Protect\n|move|p1a: Sneasler|Protect|p1a: Sneasler\n|-singleturn|p1a: Sneasler|Protect\n|move|p2a: Hatterene|Dazzling Gleam|p1a: Sneasler|[spread] \n|-activate|p1a: Sneasler|move: Protect\n|-activate|p1b: Kingambit|move: Protect\n|cant|p2b: Farigiraf|slp\n|\n|-weather|SunnyDay|[upkeep]\n|-heal|p2a: Hatterene|99/100|[from] item: Leftovers\n|upkeep\n|turn|6\n|\n|t:|1775994842\n|move|p1a: Sneasler|Protect|p1a: Sneasler\n|-singleturn|p1a: Sneasler|Protect\n|move|p1b: Kingambit|Sucker Punch||[still]\n|cant|p2b: Farigiraf|ability: Armor Tail|Sucker Punch|[of] p1b: Kingambit\n|move|p2a: Hatterene|Dazzling Gleam|p1a: Sneasler|[spread] p1b\n|-activate|p1a: Sneasler|move: Protect\n|-damage|p1b: Kingambit|0 fnt\n|faint|p1b: Kingambit\n|cant|p2b: Farigiraf|slp\n|\n|-weather|SunnyDay|[upkeep]\n|-heal|p2a: Hatterene|100/100|[from] item: Leftovers\n|-fieldend|move: Trick Room\n|upkeep\n|\n|t:|1775994866\n|switch|p1b: Froslass|Froslass, L50, F|100/100\n|turn|7\n|\n|t:|1775994895\n|detailschange|p1b: Froslass|Froslass-Mega, L50, F\n|-mega|p1b: Froslass|Froslass|Froslassite\n|-weather|Snowscape|[from] ability: Snow Warning|[of] p1b: Froslass\n|move|p2a: Hatterene|Protect|p2a: Hatterene\n|-singleturn|p2a: Hatterene|Protect\n|move|p1a: Sneasler|Dire Claw|p2a: Hatterene\n|-activate|p2a: Hatterene|move: Protect\n|move|p1b: Froslass|Shadow Ball|p2a: Hatterene\n|-activate|p2a: Hatterene|move: Protect\n|-curestatus|p2b: Farigiraf|slp|[msg]\n|move|p2b: Farigiraf|Trick Room|p2b: Farigiraf\n|-fieldstart|move: Trick Room|[of] p2b: Farigiraf\n|\n|-weather|Snowscape|[upkeep]\n|-sideend|p2: a25391435|Reflect\n|upkeep\n|turn|8\n|\n|t:|1775994935\n|move|p2b: Farigiraf|Helping Hand|p2a: Hatterene\n|-singleturn|p2a: Hatterene|Helping Hand|[of] p2b: Farigiraf\n|move|p1b: Froslass|Protect|p1b: Froslass\n|-singleturn|p1b: Froslass|Protect\n|move|p2a: Hatterene|Dazzling Gleam|p1b: Froslass|[spread] p1a\n|-activate|p1b: Froslass|move: Protect\n|-damage|p1a: Sneasler|0 fnt\n|faint|p1a: Sneasler\n|\n|-weather|Snowscape|[upkeep]\n|upkeep\n|\n|t:|1775994945\n|switch|p1a: Greninja|Greninja, L50, F, shiny|100/100\n|turn|9\n|\n|t:|1775994979\n|move|p2b: Farigiraf|Helping Hand|p2a: Hatterene\n|-singleturn|p2a: Hatterene|Helping Hand|[of] p2b: Farigiraf\n|move|p2a: Hatterene|Dazzling Gleam|p1a: Greninja|[spread] p1a,p1b\n|-supereffective|p1a: Greninja|1\n|-damage|p1a: Greninja|0 fnt\n|-damage|p1b: Froslass|32/100\n|faint|p1a: Greninja\n|move|p1b: Froslass|Blizzard|p2b: Farigiraf|[spread] p2a,p2b\n|-damage|p2a: Hatterene|53/100\n|-damage|p2b: Farigiraf|8/100\n|-status|p2b: Farigiraf|frz\n|\n|-weather|Snowscape|[upkeep]\n|-heal|p2a: Hatterene|59/100|[from] item: Leftovers\n|upkeep\n|turn|10\n|\n|t:|1775994998\n|cant|p2b: Farigiraf|frz\n|move|p2a: Hatterene|Psychic|p1b: Froslass\n|-damage|p1b: Froslass|0 fnt\n|faint|p1b: Froslass\n|\n|win|a25391435\n|raw|tetevo085's rating: 1098 &rarr; <strong>1071</strong><br />(-27 for losing)\n|raw|a25391435's rating: 1067 &rarr; <strong>1100</strong><br />(+33 for winning)\n|l|\u2606tetevo085\n|player|p1|\n",
  "uploadtime": 1775995106,
  "views": 25,
  "formatid": "gen9championsvgc2026regma",
  "rating": 1071,
  "private": 0,
  "password": null
}