{
  "id": "gen9championsvgc2026regma-2585126684",
  "format": "[Gen 9 Champions] VGC 2026 Reg M-A",
  "players": [
    "chadchadchadchad",
    "Desert Wo1f"
  ],
  "log": "|j|\u2606chadchadchadchad\n|j|\u2606Desert Wo1f\n|t:|1776314911\n|gametype|doubles\n|player|p1|chadchadchadchad|hiker-gen4|1018\n|player|p2|Desert Wo1f|1|1000\n|gen|9\n|tier|[Gen 9 Champions] VGC 2026 Reg M-A\n|rated|\n|rule|Species Clause: Limit one of each Pok\u00e9mon\n|rule|Item Clause: Limit 1 of each item\n|clearpoke\n|poke|p1|Meganium, L50, M|\n|poke|p1|Whimsicott, L50, M|\n|poke|p1|Politoed, L50, M|\n|poke|p1|Lucario, L50, M|\n|poke|p1|Incineroar, L50, F|\n|poke|p1|Gengar, L50, M|\n|poke|p2|Torterra, L50, M|\n|poke|p2|Appletun, L50, M|\n|poke|p2|Whimsicott, L50, F|\n|poke|p2|Sinistcha-Masterpiece, L50|\n|poke|p2|Chesnaught, L50, M|\n|poke|p2|Venusaur, L50, M|\n|teampreview|4\n|inactive|Battle timer is ON: inactive players will automatically lose when time's up. (requested by chadchadchadchad)\n|inactive|chadchadchadchad has 60 seconds left.\n|inactive|Desert Wo1f has 60 seconds left.\n|\n|t:|1776314966\n|teamsize|p1|4\n|teamsize|p2|4\n|start\n|switch|p1a: Whimsicott|Whimsicott, L50, M|100/100\n|switch|p1b: Politoed|Politoed, L50, M|100/100\n|switch|p2a: Sinistcha|Sinistcha-Masterpiece, L50, shiny|100/100\n|switch|p2b: Torterra|Torterra, L50, M|100/100\n|-weather|RainDance|[from] ability: Drizzle|[of] p1b: Politoed\n|turn|1\n|\n|t:|1776314988\n|move|p1a: Whimsicott|Hurricane|p2a: Sinistcha\n|-supereffective|p2a: Sinistcha|1\n|-damage|p2a: Sinistcha|52/100\n|move|p1b: Politoed|Blizzard|p2b: Torterra|[spread] p2a\n|-miss|p1b: Politoed|p2b: Torterra\n|-supereffective|p2a: Sinistcha|1\n|-damage|p2a: Sinistcha|15/100\n|move|p2b: Torterra|Swords Dance|p2b: Torterra\n|-boost|p2b: Torterra|atk|2\n|move|p2a: Sinistcha|Trick Room|p2a: Sinistcha\n|-fieldstart|move: Trick Room|[of] p2a: Sinistcha\n|\n|-weather|RainDance|[upkeep]\n|upkeep\n|turn|2\n|\n|t:|1776315008\n|move|p2b: Torterra|Rock Slide|p1b: Politoed|[spread] p1a,p1b\n|-damage|p1a: Whimsicott|43/100\n|-damage|p1b: Politoed|59/100\n|move|p2a: Sinistcha|Matcha Gotcha|p1a: Whimsicott|[spread] p1a,p1b\n|-resisted|p1a: Whimsicott|1\n|-supereffective|p1b: Politoed|1\n|-damage|p1a: Whimsicott|20/100\n|-heal|p2a: Sinistcha|24/100|[from] drain|[of] p1a: Whimsicott\n|-damage|p1b: Politoed|28/100\n|-heal|p2a: Sinistcha|40/100|[from] drain|[of] p1b: Politoed\n|move|p1b: Politoed|Blizzard|p2a: Sinistcha|[spread] p2a,p2b\n|-supereffective|p2a: Sinistcha|1\n|-supereffective|p2b: Torterra|2\n|-enditem|p2b: Torterra|Yache Berry|[eat]\n|-enditem|p2b: Torterra|Yache Berry|[weaken]\n|-damage|p2a: Sinistcha|4/100\n|-damage|p2b: Torterra|65/100\n|move|p1a: Whimsicott|U-turn|p2b: Torterra\n|-supereffective|p2b: Torterra|1\n|-damage|p2b: Torterra|36/100\n|\n|t:|1776315030\n|switch|p1a: Meganium|Meganium, L50, M|100/100|[from] U-turn\n|\n|-weather|RainDance|[upkeep]\n|-heal|p1b: Politoed|35/100|[from] item: Leftovers\n|upkeep\n|turn|3\n|\n|t:|1776315044\n|detailschange|p1a: Meganium|Meganium-Mega, L50, M\n|-mega|p1a: Meganium|Meganium|Meganiumite\n|move|p2b: Torterra|Rock Slide|p1b: Politoed|[spread] p1a,p1b\n|-damage|p1a: Meganium|59/100\n|-damage|p1b: Politoed|0 fnt\n|faint|p1b: Politoed\n|move|p2a: Sinistcha|Strength Sap|p1a: Meganium\n|-unboost|p1a: Meganium|atk|1\n|-heal|p2a: Sinistcha|61/100\n|move|p1a: Meganium|Weather Ball|p2b: Torterra\n|-supereffective|p2b: Torterra|1\n|-damage|p2b: Torterra|0 fnt\n|faint|p2b: Torterra\n|\n|-weather|RainDance|[upkeep]\n|upkeep\n|\n|t:|1776315065\n|switch|p2b: Venusaur|Venusaur, L50, M, shiny|100/100\n|switch|p1b: Whimsicott|Whimsicott, L50, M|20/100\n|turn|4\n|inactive|Desert Wo1f has 30 seconds left.\n|\n|t:|1776315092\n|detailschange|p2b: Venusaur|Venusaur-Mega, L50, M, shiny\n|-mega|p2b: Venusaur|Venusaur|Venusaurite\n|move|p1b: Whimsicott|Tailwind|p1b: Whimsicott\n|-sidestart|p1: chadchadchadchad|move: Tailwind\n|move|p2a: Sinistcha|Matcha Gotcha|p1a: Meganium|[spread] p1a,p1b\n|-resisted|p1a: Meganium|1\n|-resisted|p1b: Whimsicott|1\n|-damage|p1a: Meganium|47/100\n|-heal|p2a: Sinistcha|66/100|[from] drain|[of] p1a: Meganium\n|-damage|p1b: Whimsicott|0 fnt\n|-heal|p2a: Sinistcha|74/100|[from] drain|[of] p1b: Whimsicott\n|faint|p1b: Whimsicott\n|move|p2b: Venusaur|Sludge Bomb|p1a: Meganium\n|-supereffective|p1a: Meganium|2\n|-damage|p1a: Meganium|0 fnt\n|faint|p1a: Meganium\n|\n|-weather|RainDance|[upkeep]\n|upkeep\n|\n|t:|1776315107\n|switch|p1b: Incineroar|Incineroar, L50, F|100/100\n|-ability|p1b: Incineroar|Intimidate|boost\n|-unboost|p2a: Sinistcha|atk|1\n|-unboost|p2b: Venusaur|atk|1\n|turn|5\n|-message|chadchadchadchad forfeited.\n|\n|win|Desert Wo1f\n|raw|chadchadchadchad's rating: 1018 &rarr; <strong>1005</strong><br />(-13 for losing)\n|raw|Desert Wo1f's rating: 1000 &rarr; <strong>1042</strong><br />(+42 for winning)\n|l|\u2606chadchadchadchad\n|player|p1|\n",
  "uploadtime": 1776315135,
  "views": 32,
  "formatid": "gen9championsvgc2026regma",
  "rating": 1005,
  "private": 0,
  "password": null
}