{
  "id": "gen9championsvgc2026regma-2581580747",
  "format": "[Gen 9 Champions] VGC 2026 Reg M-A",
  "players": [
    "beaneggboboman1",
    "CasuallyOverC"
  ],
  "log": "|j|\u2606beaneggboboman1\n|j|\u2606CasuallyOverC\n|t:|1776012611\n|gametype|doubles\n|player|p1|beaneggboboman1|cynthia|1000\n|player|p2|CasuallyOverC|2|1081\n|gen|9\n|tier|[Gen 9 Champions] VGC 2026 Reg M-A\n|rated|\n|rule|Species Clause: Limit one of each Pok\u00e9mon\n|rule|Item Clause: Limit 1 of each item\n|clearpoke\n|poke|p1|Starmie, L50|\n|poke|p1|Hydreigon, L50, F|\n|poke|p1|Mamoswine, L50, M|\n|poke|p1|Armarouge, L50, M|\n|poke|p1|Hawlucha, L50, F|\n|poke|p1|Goodra-Hisui, L50, F|\n|poke|p2|Hawlucha, L50, F|\n|poke|p2|Excadrill, L50, F|\n|poke|p2|Snorlax, L50, F|\n|poke|p2|Incineroar, L50, F|\n|poke|p2|Whimsicott, L50, M|\n|poke|p2|Pelipper, L50, M|\n|teampreview|4\n|inactive|Battle timer is ON: inactive players will automatically lose when time's up. (requested by beaneggboboman1)\n|c|\u2606CasuallyOverC|gl\nCasuallyOverC has agreed to open team sheets.\n|inactive|beaneggboboman1 has 60 seconds left.\n|\n|t:|1776012642\n|teamsize|p1|4\n|teamsize|p2|4\n|start\n|switch|p1a: Starmie|Starmie, L50|100/100\n|switch|p1b: Hydreigon|Hydreigon, L50, F|100/100\n|switch|p2a: Whimsicott|Whimsicott, L50, M|100/100\n|switch|p2b: Hawlucha|Hawlucha, L50, F|100/100\n|turn|1\n|\n|t:|1776012655\n|detailschange|p1a: Starmie|Starmie-Mega, L50\n|-mega|p1a: Starmie|Starmie|Starminite\n|move|p2b: Hawlucha|Protect|p2b: Hawlucha\n|-singleturn|p2b: Hawlucha|Protect\n|move|p1a: Starmie|Protect|p1a: Starmie\n|-singleturn|p1a: Starmie|Protect\n|move|p2a: Whimsicott|Tailwind|p2a: Whimsicott\n|-sidestart|p2: CasuallyOverC|move: Tailwind\n|move|p1b: Hydreigon|Tailwind|p1b: Hydreigon\n|-sidestart|p1: beaneggboboman1|move: Tailwind\n|\n|upkeep\n|turn|2\n|\n|t:|1776012677\n|detailschange|p2b: Hawlucha|Hawlucha-Mega, L50, F\n|-mega|p2b: Hawlucha|Hawlucha|Hawluchanite\n|move|p2a: Whimsicott|Encore|p1a: Starmie\n|-start|p1a: Starmie|Encore\n|move|p1a: Starmie|Protect|p1a: Starmie\n|-singleturn|p1a: Starmie|Protect\n|move|p2b: Hawlucha|High Jump Kick|p1b: Hydreigon\n|-supereffective|p1b: Hydreigon|1\n|-damage|p1b: Hydreigon|0 fnt\n|faint|p1b: Hydreigon\n|\n|upkeep\n|\n|t:|1776012691\n|switch|p1b: Mamoswine|Mamoswine, L50, M|100/100\n|turn|3\n|\n|t:|1776012713\n|switch|p1a: Goodra|Goodra-Hisui, L50, F|100/100\n|move|p2b: Hawlucha|Protect|p2b: Hawlucha\n|-singleturn|p2b: Hawlucha|Protect\n|move|p1b: Mamoswine|Ice Shard|p2a: Whimsicott\n|-supereffective|p2a: Whimsicott|1\n|-damage|p2a: Whimsicott|50/100\n|move|p2a: Whimsicott|Moonblast|p1a: Goodra\n|-damage|p1a: Goodra|83/100\n|-unboost|p1a: Goodra|spa|1\n|\n|-heal|p1a: Goodra|89/100|[from] item: Leftovers\n|upkeep\n|turn|4\n|\n|t:|1776012732\n|switch|p2a: Pelipper|Pelipper, L50, M|100/100\n|-weather|RainDance|[from] ability: Drizzle|[of] p2a: Pelipper\n|move|p1b: Mamoswine|Protect|p1b: Mamoswine\n|-singleturn|p1b: Mamoswine|Protect\n|move|p1a: Goodra|Protect|p1a: Goodra\n|-singleturn|p1a: Goodra|Protect\n|move|p2b: Hawlucha|High Jump Kick|p1b: Mamoswine\n|-activate|p1b: Mamoswine|move: Protect\n|-damage|p2b: Hawlucha|51/100|[from] highjumpkick\n|\n|-weather|RainDance|[upkeep]\n|-heal|p1a: Goodra|95/100|[from] item: Leftovers\n|-sideend|p1: beaneggboboman1|move: Tailwind\n|-sideend|p2: CasuallyOverC|move: Tailwind\n|upkeep\n|turn|5\n|\n|t:|1776012753\n|move|p1b: Mamoswine|Ice Shard|p2b: Hawlucha\n|-supereffective|p2b: Hawlucha|1\n|-crit|p2b: Hawlucha\n|-damage|p2b: Hawlucha|0 fnt\n|faint|p2b: Hawlucha\n|move|p2a: Pelipper|Weather Ball|p1b: Mamoswine\n|-supereffective|p1b: Mamoswine|1\n|-damage|p1b: Mamoswine|0 fnt\n|faint|p1b: Mamoswine\n|move|p1a: Goodra|Draco Meteor|p2a: Pelipper\n|-damage|p2a: Pelipper|64/100\n|-unboost|p1a: Goodra|spa|2\n|\n|-weather|RainDance|[upkeep]\n|-heal|p1a: Goodra|100/100|[from] item: Leftovers\n|upkeep\n|\n|t:|1776012768\n|switch|p2b: Whimsicott|Whimsicott, L50, M|50/100\n|switch|p1b: Starmie|Starmie-Mega, L50|100/100\n|turn|6\n|\n|t:|1776012778\n|move|p2b: Whimsicott|Tailwind|p2b: Whimsicott\n|-sidestart|p2: CasuallyOverC|move: Tailwind\n|move|p1b: Starmie|Psycho Cut|p2b: Whimsicott\n|-crit|p2b: Whimsicott\n|-damage|p2b: Whimsicott|0 fnt\n|faint|p2b: Whimsicott\n|move|p2a: Pelipper|Hurricane|p1b: Starmie\n|-damage|p1b: Starmie|56/100\n|move|p1a: Goodra|Shelter|p1a: Goodra\n|-boost|p1a: Goodra|def|2\n|\n|-weather|RainDance|[upkeep]\n|upkeep\n|\n|t:|1776012791\n|switch|p2b: Snorlax|Snorlax, L50, F|100/100\n|turn|7\n|\n|t:|1776012803\n|move|p1b: Starmie|Psycho Cut|p2a: Pelipper\n|-damage|p2a: Pelipper|0 fnt\n|faint|p2a: Pelipper\n|move|p2b: Snorlax|Fissure|p1a: Goodra|[miss]\n|-miss|p2b: Snorlax|p1a: Goodra\n|move|p1a: Goodra|Body Press|p2b: Snorlax\n|-supereffective|p2b: Snorlax|1\n|-damage|p2b: Snorlax|33/100\n|\n|-weather|RainDance|[upkeep]\n|-heal|p2b: Snorlax|39/100|[from] item: Leftovers\n|upkeep\n|turn|8\n|\n|t:|1776012818\n|move|p1b: Starmie|Liquidation|p2b: Snorlax\n|-damage|p2b: Snorlax|0 fnt\n|faint|p2b: Snorlax\n|\n|win|beaneggboboman1\n|raw|beaneggboboman1's rating: 1000 &rarr; <strong>1049</strong><br />(+49 for winning)\n|raw|CasuallyOverC's rating: 1081 &rarr; <strong>1054</strong><br />(-27 for losing)\n",
  "uploadtime": 1776012825,
  "views": 15,
  "formatid": "gen9championsvgc2026regma",
  "rating": 1049,
  "private": 0,
  "password": null
}