{
  "id": "gen9championsvgc2026regma-2580982528",
  "format": "[Gen 9 Champions] VGC 2026 Reg M-A",
  "players": [
    "Rulrus",
    "StrawberryBalloons"
  ],
  "log": "|j|\u2606Rulrus\n|j|\u203dStrawberryBalloons\n|t:|1775948865\n|gametype|doubles\n|player|p1|Rulrus|zinzolin|1172\n|player|p2|StrawberryBalloons|fisherman-gen4|1171\n|gen|9\n|tier|[Gen 9 Champions] VGC 2026 Reg M-A\n|rated|\n|rule|Species Clause: Limit one of each Pok\u00e9mon\n|rule|Item Clause: Limit 1 of each item\n|clearpoke\n|poke|p1|Incineroar, L50, M|\n|poke|p1|Sneasler, L50, M|\n|poke|p1|Floette-Eternal, L50, F|\n|poke|p1|Sinistcha, L50|\n|poke|p1|Aggron, L50, F|\n|poke|p1|Arcanine-Hisui, L50, F|\n|poke|p2|Floette-Eternal, L50, F|\n|poke|p2|Sableye, L50, M|\n|poke|p2|Charizard, L50, M|\n|poke|p2|Venusaur, L50, F|\n|poke|p2|Kleavor, L50, F|\n|poke|p2|Slowbro-Galar, L50, F|\n|teampreview|4\n|inactive|Battle timer is ON: inactive players will automatically lose when time's up. (requested by StrawberryBalloons)\n|inactive|Rulrus also wants the timer to be on.\n|\n|t:|1775948885\n|teamsize|p1|4\n|teamsize|p2|4\n|start\n|switch|p1a: Floette|Floette-Eternal, L50, F|100/100\n|switch|p1b: Sneasler|Sneasler, L50, M|100/100\n|switch|p2a: Kleavor|Kleavor, L50, F|100/100\n|switch|p2b: Slowbro|Slowbro-Galar, L50, F|100/100\n|turn|1\n|\n|t:|1775948903\n|detailschange|p1a: Floette|Floette-Mega, L50, F\n|-mega|p1a: Floette|Floette|Floettite\n|-ability|p1a: Floette|Fairy Aura\n|move|p1b: Sneasler|Fake Out|p2b: Slowbro\n|-damage|p2b: Slowbro|87/100\n|move|p2a: Kleavor|Stone Axe|p1a: Floette\n|-damage|p1a: Floette|37/100\n|-sidestart|p1: Rulrus|move: Stealth Rock\n|move|p1a: Floette|Calm Mind|p1a: Floette\n|-boost|p1a: Floette|spa|1\n|-boost|p1a: Floette|spd|1\n|cant|p2b: Slowbro|flinch\n|\n|upkeep\n|turn|2\n|\n|t:|1775948920\n|switch|p1b: Incineroar|Incineroar, L50, M|100/100\n|-damage|p1b: Incineroar|76/100|[from] Stealth Rock\n|-ability|p1b: Incineroar|Intimidate|boost\n|-unboost|p2a: Kleavor|atk|1\n|-unboost|p2b: Slowbro|atk|1\n|move|p1a: Floette|Protect|p1a: Floette\n|-singleturn|p1a: Floette|Protect\n|move|p2a: Kleavor|Stone Axe|p1a: Floette\n|-activate|p1a: Floette|move: Protect\n|move|p2b: Slowbro|Psychic|p1b: Incineroar\n|-immune|p1b: Incineroar\n|\n|upkeep\n|turn|3\n|\n|t:|1775948930\n|move|p1b: Incineroar|Fake Out|p2a: Kleavor\n|-resisted|p2a: Kleavor|1\n|-damage|p2a: Kleavor|92/100\n|cant|p2a: Kleavor|flinch\n|move|p1a: Floette|Dazzling Gleam|p2a: Kleavor|[spread] p2a,p2b\n|-resisted|p2b: Slowbro|1\n|-damage|p2a: Kleavor|0 fnt\n|-damage|p2b: Slowbro|49/100\n|faint|p2a: Kleavor\n|move|p2b: Slowbro|Shell Side Arm|p1a: Floette|[anim] Shell Side Arm Physical\n|-supereffective|p1a: Floette|1\n|-damage|p1a: Floette|0 fnt\n|-hint|Physical Shell Side Arm\n|faint|p1a: Floette\n|\n|upkeep\n|\n|t:|1775948943\n|switch|p1a: Arcanine|Arcanine-Hisui, L50, F|100/100\n|switch|p2a: Venusaur|Venusaur, L50, F|100/100\n|-damage|p1a: Arcanine|76/100|[from] Stealth Rock\n|turn|4\n|\n|t:|1775948953\n|detailschange|p2a: Venusaur|Venusaur-Mega, L50, F\n|-mega|p2a: Venusaur|Venusaur|Venusaurite\n|move|p1a: Arcanine|Rock Slide|p2a: Venusaur|[spread] p2a,p2b\n|-damage|p2a: Venusaur|75/100\n|-damage|p2b: Slowbro|22/100\n|move|p2a: Venusaur|Earth Power|p1a: Arcanine\n|-supereffective|p1a: Arcanine|2\n|-damage|p1a: Arcanine|0 fnt\n|faint|p1a: Arcanine\n|move|p1b: Incineroar|Flare Blitz|p2a: Venusaur\n|-supereffective|p2a: Venusaur|1\n|-damage|p2a: Venusaur|27/100\n|-damage|p1b: Incineroar|64/100|[from] Recoil\n|move|p2b: Slowbro|Power Gem|p1b: Incineroar\n|-supereffective|p1b: Incineroar|1\n|-damage|p1b: Incineroar|14/100\n|\n|upkeep\n|\n|t:|1775948959\n|switch|p1a: Sneasler|Sneasler, L50, M|100/100\n|-damage|p1a: Sneasler|95/100|[from] Stealth Rock\n|turn|5\n|-activate|p2b: Slowbro|ability: Quick Draw\n|\n|t:|1775948971\n|move|p2a: Venusaur|Protect|p2a: Venusaur\n|-singleturn|p2a: Venusaur|Protect\n|move|p2b: Slowbro|Psychic|p1a: Sneasler\n|-supereffective|p1a: Sneasler|2\n|-damage|p1a: Sneasler|0 fnt\n|faint|p1a: Sneasler\n|move|p1b: Incineroar|Flare Blitz|p2b: Slowbro\n|-damage|p2b: Slowbro|0 fnt\n|faint|p2b: Slowbro\n|-damage|p1b: Incineroar|7/100|[from] Recoil\n|\n|upkeep\n|-message|Rulrus forfeited.\n|\n|win|StrawberryBalloons\n|raw|Rulrus's rating: 1172 &rarr; <strong>1147</strong><br />(-25 for losing)\n|raw|StrawberryBalloons's rating: 1171 &rarr; <strong>1196</strong><br />(+25 for winning)\n|l|\u2606Rulrus\n|player|p1|\n",
  "uploadtime": 1775948983,
  "views": 15,
  "formatid": "gen9championsvgc2026regma",
  "rating": 1147,
  "private": 0,
  "password": null
}