{
  "id": "gen9championsvgc2026regma-2584068210",
  "format": "[Gen 9 Champions] VGC 2026 Reg M-A",
  "players": [
    "Holibrand",
    "vu_7"
  ],
  "log": "|j|\u2606Holibrand\n|j|\u2606vu_7\n|t:|1776221920\n|gametype|doubles\n|player|p1|Holibrand|pokemonbreeder-gen4|1117\n|player|p2|vu_7|clown|1177\n|gen|9\n|tier|[Gen 9 Champions] VGC 2026 Reg M-A\n|rated|\n|rule|Species Clause: Limit one of each Pok\u00e9mon\n|rule|Item Clause: Limit 1 of each item\n|clearpoke\n|poke|p1|Arcanine, L50, M|\n|poke|p1|Primarina, L50, M|\n|poke|p1|Whimsicott, L50, M|\n|poke|p1|Charizard, L50, F|\n|poke|p1|Excadrill, L50, F|\n|poke|p1|Sneasler, L50, F|\n|poke|p2|Garchomp, L50, M|\n|poke|p2|Floette-Eternal, L50, F|\n|poke|p2|Milotic, L50, F|\n|poke|p2|Incineroar, L50, F|\n|poke|p2|Scizor, L50, M|\n|poke|p2|Sneasler, L50, M|\n|teampreview|4\n|inactive|Battle timer is ON: inactive players will automatically lose when time's up. (requested by vu_7)\n|inactive|Holibrand also wants the timer to be on.\n|\n|t:|1776221942\n|teamsize|p1|4\n|teamsize|p2|4\n|start\n|switch|p1a: Sneasler|Sneasler, L50, F|100/100\n|switch|p1b: Whimsicott|Whimsicott, L50, M|100/100\n|switch|p2a: Milotic|Milotic, L50, F|100/100\n|switch|p2b: Garchomp|Garchomp, L50, M|100/100\n|turn|1\n|\n|t:|1776221958\n|switch|p2b: Incineroar|Incineroar, L50, F|100/100\n|-ability|p2b: Incineroar|Intimidate|boost\n|-unboost|p1a: Sneasler|atk|1\n|-unboost|p1b: Whimsicott|atk|1\n|-enditem|p1a: Sneasler|White Herb\n|-clearnegativeboost|p1a: Sneasler|[silent]\n|move|p1a: Sneasler|Fake Out|p2a: Milotic\n|-damage|p2a: Milotic|84/100\n|move|p1b: Whimsicott|Dazzling Gleam|p2b: Incineroar|[spread] p2a,p2b\n|-damage|p2a: Milotic|68/100\n|-damage|p2b: Incineroar|79/100\n|cant|p2a: Milotic|flinch\n|\n|-heal|p2a: Milotic|73/100|[from] item: Leftovers\n|upkeep\n|turn|2\n|inactive|Holibrand has 30 seconds left.\n|\n|t:|1776221984\n|move|p1a: Sneasler|Quick Guard|p1a: Sneasler\n|-singleturn|p1a: Sneasler|Quick Guard\n|move|p1b: Whimsicott|Dazzling Gleam|p2b: Incineroar|[spread] p2a,p2b\n|-damage|p2a: Milotic|57/100\n|-damage|p2b: Incineroar|58/100\n|move|p2a: Milotic|Icy Wind|p1b: Whimsicott|[spread] p1a,p1b\n|-supereffective|p1b: Whimsicott|1\n|-damage|p1a: Sneasler|85/100\n|-damage|p1b: Whimsicott|60/100\n|-unboost|p1a: Sneasler|spe|1\n|-unboost|p1b: Whimsicott|spe|1\n|move|p2b: Incineroar|Parting Shot|p1a: Sneasler\n|-unboost|p1a: Sneasler|atk|1\n|-unboost|p1a: Sneasler|spa|1\n|\n|t:|1776222006\n|switch|p2b: Garchomp|Garchomp, L50, M|100/100|[from] Parting Shot\n|\n|-heal|p2a: Milotic|63/100|[from] item: Leftovers\n|upkeep\n|turn|3\n|\n|t:|1776222014\n|move|p2b: Garchomp|Protect|p2b: Garchomp\n|-singleturn|p2b: Garchomp|Protect\n|move|p1b: Whimsicott|Tailwind|p1b: Whimsicott\n|-sidestart|p1: Holibrand|move: Tailwind\n|move|p1a: Sneasler|Close Combat|p2a: Milotic\n|-damage|p2a: Milotic|19/100\n|-unboost|p1a: Sneasler|def|1\n|-unboost|p1a: Sneasler|spd|1\n|move|p2a: Milotic|Icy Wind|p1a: Sneasler|[spread] p1a,p1b\n|-supereffective|p1b: Whimsicott|1\n|-damage|p1a: Sneasler|62/100\n|-damage|p1b: Whimsicott|26/100\n|-unboost|p1a: Sneasler|spe|1\n|-unboost|p1b: Whimsicott|spe|1\n|\n|-heal|p2a: Milotic|25/100|[from] item: Leftovers\n|upkeep\n|turn|4\n|\n|t:|1776222034\n|move|p2a: Milotic|Protect|p2a: Milotic\n|-singleturn|p2a: Milotic|Protect\n|move|p1a: Sneasler|Close Combat|p2b: Garchomp\n|-damage|p2b: Garchomp|59/100\n|-unboost|p1a: Sneasler|def|1\n|-unboost|p1a: Sneasler|spd|1\n|-damage|p1a: Sneasler|50/100|[from] ability: Rough Skin|[of] p2b: Garchomp\n|move|p2b: Garchomp|Earthquake|p1a: Sneasler|[spread] p1a,p1b\n|-activate|p2a: Milotic|move: Protect\n|-supereffective|p1a: Sneasler|1\n|-resisted|p1b: Whimsicott|1\n|-damage|p1a: Sneasler|0 fnt\n|-damage|p1b: Whimsicott|0 fnt\n|faint|p1a: Sneasler\n|faint|p1b: Whimsicott\n|\n|-heal|p2a: Milotic|31/100|[from] item: Leftovers\n|upkeep\n|\n|t:|1776222048\n|switch|p1a: Excadrill|Excadrill, L50, F|100/100\n|switch|p1b: Charizard|Charizard, L50, F|100/100\n|-ability|p1a: Excadrill|Mold Breaker\n|turn|5\n|\n|t:|1776222068\n|switch|p2a: Incineroar|Incineroar, L50, F|58/100\n|-ability|p2a: Incineroar|Intimidate|boost\n|-unboost|p1a: Excadrill|atk|1\n|-unboost|p1b: Charizard|atk|1\n|detailschange|p1b: Charizard|Charizard-Mega-Y, L50, F\n|-mega|p1b: Charizard|Charizard|Charizardite Y\n|-weather|SunnyDay|[from] ability: Drought|[of] p1b: Charizard\n|move|p2b: Garchomp|Protect|p2b: Garchomp\n|-singleturn|p2b: Garchomp|Protect\n|move|p1b: Charizard|Ancient Power|p2b: Garchomp\n|-activate|p2b: Garchomp|move: Protect\n|move|p1a: Excadrill|Earthquake|p2b: Garchomp|[spread] p2a\n|-activate|p2b: Garchomp|move: Protect\n|-immune|p1b: Charizard\n|-supereffective|p2a: Incineroar|1\n|-damage|p2a: Incineroar|8/100\n|-enditem|p2a: Incineroar|Sitrus Berry|[eat]\n|-heal|p2a: Incineroar|32/100|[from] item: Sitrus Berry\n|\n|-weather|SunnyDay|[upkeep]\n|upkeep\n|turn|6\n|inactive|vu_7 has 30 seconds left.\n|\n|t:|1776222097\n|move|p2a: Incineroar|Fake Out|p1b: Charizard\n|-damage|p1b: Charizard|88/100\n|cant|p1b: Charizard|flinch\n|move|p1a: Excadrill|Earthquake|p2b: Garchomp|[spread] p2a,p2b\n|-immune|p1b: Charizard\n|-supereffective|p2a: Incineroar|1\n|-damage|p2a: Incineroar|0 fnt\n|-damage|p2b: Garchomp|32/100\n|faint|p2a: Incineroar\n|move|p2b: Garchomp|Rock Slide|p1b: Charizard|[spread] p1a\n|-miss|p2b: Garchomp|p1b: Charizard\n|-resisted|p1a: Excadrill|2\n|-damage|p1a: Excadrill|95/100\n|\n|-weather|SunnyDay|[upkeep]\n|-sideend|p1: Holibrand|move: Tailwind\n|upkeep\n|\n|t:|1776222109\n|switch|p2a: Milotic|Milotic, L50, F|31/100\n|turn|7\n|\n|t:|1776222131\n|move|p1b: Charizard|Protect|p1b: Charizard\n|-singleturn|p1b: Charizard|Protect\n|move|p2b: Garchomp|Rock Slide|p1b: Charizard|[spread] \n|-activate|p1b: Charizard|move: Protect\n|-miss|p2b: Garchomp|p1a: Excadrill\n|move|p1a: Excadrill|Iron Head|p2b: Garchomp\n|-damage|p2b: Garchomp|3/100\n|-damage|p1a: Excadrill|82/100|[from] ability: Rough Skin|[of] p2b: Garchomp\n|move|p2a: Milotic|Icy Wind|p1a: Excadrill|[spread] p1a\n|-activate|p1b: Charizard|move: Protect\n|-damage|p1a: Excadrill|67/100\n|-unboost|p1a: Excadrill|spe|1\n|\n|-weather|SunnyDay|[upkeep]\n|-heal|p2a: Milotic|37/100|[from] item: Leftovers\n|upkeep\n|turn|8\n|\n|t:|1776222148\n|move|p1b: Charizard|Protect|p1b: Charizard\n|-singleturn|p1b: Charizard|Protect\n|move|p2b: Garchomp|Rock Slide|p1b: Charizard|[spread] p1a\n|-activate|p1b: Charizard|move: Protect\n|-resisted|p1a: Excadrill|2\n|-damage|p1a: Excadrill|60/100\n|move|p2a: Milotic|Life Dew|p2a: Milotic|[spread] p2a,p2b\n|-heal|p2a: Milotic|62/100\n|-heal|p2b: Garchomp|28/100\n|move|p1a: Excadrill|Earthquake|p2b: Garchomp|[spread] p2a,p2b\n|-activate|p1b: Charizard|move: Protect\n|-damage|p2a: Milotic|33/100\n|-damage|p2b: Garchomp|0 fnt\n|faint|p2b: Garchomp\n|\n|-weather|SunnyDay|[upkeep]\n|-heal|p2a: Milotic|39/100|[from] item: Leftovers\n|upkeep\n|\n|t:|1776222163\n|switch|p2b: Scizor|Scizor, L50, M|100/100\n|turn|9\n|inactive|vu_7 has 30 seconds left.\n|\n|t:|1776222194\n|move|p2b: Scizor|Bullet Punch|p1a: Excadrill\n|-resisted|p1a: Excadrill|1\n|-damage|p1a: Excadrill|35/100\n|move|p1b: Charizard|Heat Wave|p2b: Scizor|[spread] p2a\n|-miss|p1b: Charizard|p2b: Scizor\n|-resisted|p2a: Milotic|1\n|-damage|p2a: Milotic|20/100\n|-status|p2a: Milotic|brn\n|move|p2a: Milotic|Life Dew||[still]|[spread] p2a,p2b\n|-heal|p2a: Milotic|45/100 brn\n|-fail|p2b: Scizor|heal\n|move|p1a: Excadrill|Earthquake|p2a: Milotic|[spread] p2a,p2b\n|-immune|p1b: Charizard\n|-crit|p2a: Milotic\n|-damage|p2a: Milotic|0 fnt\n|-damage|p2b: Scizor|66/100\n|faint|p2a: Milotic\n|\n|-weather|none\n|upkeep\n|turn|10\n|\n|t:|1776222218\n|move|p2b: Scizor|Bullet Punch|p1a: Excadrill\n|-resisted|p1a: Excadrill|1\n|-damage|p1a: Excadrill|9/100\n|move|p1b: Charizard|Heat Wave|p2b: Scizor\n|-supereffective|p2b: Scizor|2\n|-damage|p2b: Scizor|0 fnt\n|faint|p2b: Scizor\n|\n|win|Holibrand\n|raw|Holibrand's rating: 1117 &rarr; <strong>1146</strong><br />(+29 for winning)\n|raw|vu_7's rating: 1177 &rarr; <strong>1148</strong><br />(-29 for losing)\n|l|\u2606vu_7\n|player|p2|\n",
  "uploadtime": 1776222241,
  "views": 18,
  "formatid": "gen9championsvgc2026regma",
  "rating": 1146,
  "private": 0,
  "password": null
}