{
  "id": "gen9championsvgc2026regma-2581066384",
  "format": "[Gen 9 Champions] VGC 2026 Reg M-A",
  "players": [
    "Hykari",
    "cisubiu"
  ],
  "log": "|j|\u2606Hykari\n|j|\u2606cisubiu\n|t:|1775956671\n|gametype|doubles\n|player|p1|Hykari|scientistf|1153\n|player|p2|cisubiu|101|1117\n|gen|9\n|tier|[Gen 9 Champions] VGC 2026 Reg M-A\n|rated|\n|rule|Species Clause: Limit one of each Pok\u00e9mon\n|rule|Item Clause: Limit 1 of each item\n|clearpoke\n|poke|p1|Incineroar, L50, F|\n|poke|p1|Victreebel, L50, F|\n|poke|p1|Ninetales-Alola, L50, M|\n|poke|p1|Aerodactyl, L50, F|\n|poke|p1|Volcarona, L50, M|\n|poke|p1|Rotom-Wash, L50|\n|poke|p2|Aggron, L50, M|\n|poke|p2|Politoed, L50, M|\n|poke|p2|Archaludon, L50, F|\n|poke|p2|Incineroar, L50, F|\n|poke|p2|Scizor, L50, F|\n|poke|p2|Farigiraf, L50, M|\n|teampreview|4\n|inactive|Battle timer is ON: inactive players will automatically lose when time's up. (requested by Hykari)\n|\n|t:|1775956702\n|teamsize|p1|4\n|teamsize|p2|4\n|start\n|switch|p1a: Victreebel|Victreebel, L50, F, shiny|100/100\n|switch|p1b: Volcarona|Volcarona, L50, M, shiny|100/100\n|switch|p2a: Politoed|Politoed, L50, M|100/100\n|switch|p2b: Farigiraf|Farigiraf, L50, M|100/100\n|-weather|RainDance|[from] ability: Drizzle|[of] p2a: Politoed\n|turn|1\n|inactive|Hykari has 30 seconds left.\n|\n|t:|1775956727\n|detailschange|p1a: Victreebel|Victreebel-Mega, L50, F, shiny\n|-mega|p1a: Victreebel|Victreebel|Victreebelite\n|move|p1b: Volcarona|Struggle Bug|p2b: Farigiraf|[spread] p2a,p2b\n|-crit|p2a: Politoed\n|-supereffective|p2b: Farigiraf|1\n|-damage|p2a: Politoed|80/100\n|-damage|p2b: Farigiraf|65/100\n|-unboost|p2a: Politoed|spa|1\n|-unboost|p2b: Farigiraf|spa|1\n|move|p1a: Victreebel|Energy Ball|p2b: Farigiraf\n|-damage|p2b: Farigiraf|12/100\n|move|p2a: Politoed|Weather Ball|p1b: Volcarona\n|-supereffective|p1b: Volcarona|1\n|-damage|p1b: Volcarona|40/100\n|move|p2b: Farigiraf|Trick Room|p2b: Farigiraf\n|-fieldstart|move: Trick Room|[of] p2b: Farigiraf\n|\n|-weather|RainDance|[upkeep]\n|upkeep\n|turn|2\n|\n|t:|1775956750\n|switch|p1b: Rotom|Rotom-Wash, L50|100/100\n|move|p2b: Farigiraf|Light Screen|p2b: Farigiraf\n|-sidestart|p2: cisubiu|move: Light Screen\n|move|p2a: Politoed|Weather Ball|p1b: Rotom\n|-resisted|p1b: Rotom|1\n|-damage|p1b: Rotom|83/100\n|move|p1a: Victreebel|Energy Ball|p2a: Politoed\n|-supereffective|p2a: Politoed|1\n|-damage|p2a: Politoed|29/100\n|-enditem|p2a: Politoed|Sitrus Berry|[eat]\n|-heal|p2a: Politoed|54/100|[from] item: Sitrus Berry\n|\n|-weather|RainDance|[upkeep]\n|-heal|p1b: Rotom|89/100|[from] item: Leftovers\n|upkeep\n|turn|3\n|inactive|cisubiu has 30 seconds left.\n|\n|t:|1775956779\n|switch|p2b: THE WALL|Aggron, L50, M|100/100\n|move|p2a: Politoed|Protect|p2a: Politoed\n|-singleturn|p2a: Politoed|Protect\n|move|p1b: Rotom|Volt Switch|p2a: Politoed\n|-activate|p2a: Politoed|move: Protect\n|move|p1a: Victreebel|Energy Ball|p2b: THE WALL\n|-damage|p2b: THE WALL|43/100\n|\n|-weather|RainDance|[upkeep]\n|-heal|p1b: Rotom|95/100|[from] item: Leftovers\n|upkeep\n|turn|4\n|inactive|cisubiu has 30 seconds left.\n|inactive|cisubiu has 20 seconds left.\n|inactive|cisubiu has 15 seconds left.\n|inactive|cisubiu has 10 seconds left.\n|\n|t:|1775956828\n|switch|p2a: the brick|Archaludon, L50, F|100/100\n|detailschange|p2b: THE WALL|Aggron-Mega, L50, M\n|-mega|p2b: THE WALL|Aggron|Aggronite\n|move|p2b: THE WALL|Body Press|p1b: Rotom\n|-damage|p1b: Rotom|53/100\n|move|p1b: Rotom|Volt Switch|p2a: the brick\n|-resisted|p2a: the brick|1\n|-damage|p2a: the brick|89/100\n|-ability|p2a: the brick|Stamina|boost\n|-boost|p2a: the brick|def|1\n|\n|t:|1775956841\n|switch|p1b: Incineroar|Incineroar, L50, F, shiny|100/100|[from] Volt Switch\n|-ability|p1b: Incineroar|Intimidate|boost\n|-unboost|p2a: the brick|atk|1\n|-unboost|p2b: THE WALL|atk|1\n|move|p1a: Victreebel|Energy Ball|p2b: THE WALL\n|-resisted|p2b: THE WALL|1\n|-damage|p2b: THE WALL|23/100\n|\n|-weather|RainDance|[upkeep]\n|upkeep\n|turn|5\n|inactive|Hykari has 30 seconds left.\n|\n|t:|1775956867\n|switch|p2b: Farigiraf|Farigiraf, L50, M|12/100\n|move|p1b: Incineroar|Fake Out||[still]\n|cant|p2b: Farigiraf|ability: Armor Tail|Fake Out|[of] p1b: Incineroar\n|move|p2a: the brick|Electro Shot||[still]\n|-prepare|p2a: the brick|Electro Shot\n|-boost|p2a: the brick|spa|1\n|-anim|p2a: the brick|Electro Shot|p1b: Incineroar\n|-damage|p1b: Incineroar|41/100\n|move|p1a: Victreebel|Substitute|p1a: Victreebel\n|-start|p1a: Victreebel|Substitute\n|-damage|p1a: Victreebel|76/100\n|\n|-weather|none\n|-fieldend|move: Trick Room\n|upkeep\n|turn|6\n|inactive|cisubiu has 30 seconds left.\n|\n|t:|1775956895\n|move|p2a: the brick|Protect|p2a: the brick\n|-singleturn|p2a: the brick|Protect\n|move|p1a: Victreebel|Energy Ball|p2b: Farigiraf\n|-damage|p2b: Farigiraf|0 fnt\n|faint|p2b: Farigiraf\n|move|p1b: Incineroar|Will-O-Wisp|p2a: the brick\n|-activate|p2a: the brick|move: Protect\n|\n|-sideend|p2: cisubiu|move: Light Screen\n|upkeep\n|\n|t:|1775956908\n|switch|p2b: Politoed|Politoed, L50, M|54/100\n|-weather|RainDance|[from] ability: Drizzle|[of] p2b: Politoed\n|turn|7\n|\n|t:|1775956927\n|move|p1a: Victreebel|Energy Ball|p2b: Politoed\n|-supereffective|p2b: Politoed|1\n|-damage|p2b: Politoed|0 fnt\n|faint|p2b: Politoed\n|move|p2a: the brick|Flash Cannon|p1a: Victreebel\n|-crit|p1a: Victreebel\n|-end|p1a: Victreebel|Substitute\n|move|p1b: Incineroar|Will-O-Wisp|p2a: the brick\n|-status|p2a: the brick|brn\n|\n|-weather|RainDance|[upkeep]\n|-damage|p2a: the brick|83/100 brn|[from] brn\n|upkeep\n|\n|t:|1775956938\n|switch|p2b: THE WALL|Aggron-Mega, L50, M|23/100\n|turn|8\n|inactive|cisubiu has 30 seconds left.\n|\n|t:|1775956966\n|move|p1a: Victreebel|Substitute|p1a: Victreebel\n|-start|p1a: Victreebel|Substitute\n|-damage|p1a: Victreebel|51/100\n|move|p2a: the brick|Electro Shot||[still]\n|-prepare|p2a: the brick|Electro Shot\n|-boost|p2a: the brick|spa|1\n|-anim|p2a: the brick|Electro Shot|p1b: Incineroar\n|-damage|p1b: Incineroar|0 fnt\n|faint|p1b: Incineroar\n|move|p2b: THE WALL|Heavy Slam|p1a: Victreebel\n|-end|p1a: Victreebel|Substitute\n|\n|-weather|RainDance|[upkeep]\n|-damage|p2a: the brick|77/100 brn|[from] brn\n|upkeep\n|\n|t:|1775956982\n|switch|p1b: Rotom|Rotom-Wash, L50|53/100\n|turn|9\n|\n|t:|1775957007\n|move|p2b: THE WALL|Protect|p2b: THE WALL\n|-singleturn|p2b: THE WALL|Protect\n|move|p1a: Victreebel|Strength Sap|p2b: THE WALL\n|-activate|p2b: THE WALL|move: Protect\n|move|p1b: Rotom|Thunderbolt|p2b: THE WALL\n|-activate|p2b: THE WALL|move: Protect\n|move|p2a: the brick|Electro Shot||[still]\n|-prepare|p2a: the brick|Electro Shot\n|-boost|p2a: the brick|spa|1\n|-anim|p2a: the brick|Electro Shot|p1b: Rotom\n|-damage|p1b: Rotom|0 fnt\n|faint|p1b: Rotom\n|\n|-weather|RainDance|[upkeep]\n|-damage|p2a: the brick|71/100 brn|[from] brn\n|upkeep\n|\n|t:|1775957012\n|switch|p1b: Volcarona|Volcarona, L50, M, shiny|40/100\n|turn|10\n|inactive|cisubiu has 30 seconds left.\n|l|\u2606Hykari\n|inactive|Hykari disconnected and has a minute to reconnect!\n|player|p1|\n|inactive|cisubiu has 20 seconds left.\n|inactive|cisubiu has 15 seconds left.\n|\n|t:|1775957053\n|move|p1b: Volcarona|Fiery Dance|p2a: the brick\n|-damage|p2a: the brick|45/100 brn\n|-ability|p2a: the brick|Stamina|boost\n|-boost|p2a: the brick|def|1\n|move|p1a: Victreebel|Strength Sap|p2b: THE WALL\n|-unboost|p2b: THE WALL|atk|1\n|-heal|p1a: Victreebel|100/100\n|move|p2a: the brick|Flash Cannon|p1a: Victreebel\n|-damage|p1a: Victreebel|0 fnt\n|-damage|p2a: the brick|0 fnt|[from] ability: Innards Out|[of] p1a: Victreebel\n|faint|p1a: Victreebel\n|faint|p2a: the brick\n|move|p2b: THE WALL|Heavy Slam|p1b: Volcarona\n|-resisted|p1b: Volcarona|1\n|-damage|p1b: Volcarona|22/100\n|-status|p2b: THE WALL|brn|[from] ability: Flame Body|[of] p1b: Volcarona\n|\n|-weather|RainDance|[upkeep]\n|-damage|p2b: THE WALL|17/100 brn|[from] brn\n|upkeep\n|turn|11\n|j|\u2606Hykari\n|inactive|Hykari reconnected and has 55 seconds left.\n|player|p1|Hykari|scientistf|\n|inactive|cisubiu has 30 seconds left.\n|\n|t:|1775957084\n|move|p1b: Volcarona|Fiery Dance|p2b: THE WALL\n|-supereffective|p2b: THE WALL|1\n|-damage|p2b: THE WALL|0 fnt\n|faint|p2b: THE WALL\n|\n|win|Hykari\n|raw|Hykari's rating: 1153 &rarr; <strong>1175</strong><br />(+22 for winning)\n|raw|cisubiu's rating: 1117 &rarr; <strong>1095</strong><br />(-22 for losing)\n|l|\u2606cisubiu\n|player|p2|\n",
  "uploadtime": 1775957255,
  "views": 25,
  "formatid": "gen9championsvgc2026regma",
  "rating": 1095,
  "private": 0,
  "password": null
}