{
  "id": "gen9championsvgc2026regma-2585800848",
  "format": "[Gen 9 Champions] VGC 2026 Reg M-A",
  "players": [
    "onethousandpotato",
    "KogaAF1219"
  ],
  "log": "|j|\u2606onethousandpotato\n|j|\u2606KogaAF1219\n|t:|1776371594\n|gametype|doubles\n|player|p1|onethousandpotato|101|1226\n|player|p2|KogaAF1219|koga|1309\n|gen|9\n|tier|[Gen 9 Champions] VGC 2026 Reg M-A\n|rated|\n|rule|Species Clause: Limit one of each Pok\u00e9mon\n|rule|Item Clause: Limit 1 of each item\n|clearpoke\n|poke|p1|Kangaskhan, L50, F|\n|poke|p1|Sinistcha, L50|\n|poke|p1|Farigiraf, L50, F|\n|poke|p1|Incineroar, L50, F|\n|poke|p1|Milotic, L50, M|\n|poke|p1|Talonflame, L50, F|\n|poke|p2|Torkoal, L50, M|\n|poke|p2|Venusaur, L50, F|\n|poke|p2|Incineroar, L50, F|\n|poke|p2|Farigiraf, L50, F|\n|poke|p2|Rotom-Fan, L50|\n|poke|p2|Excadrill, L50, F|\n|teampreview|4\n|\n|t:|1776371622\n|teamsize|p1|4\n|teamsize|p2|4\n|start\n|switch|p1a: Farigiraf|Farigiraf, L50, F|100/100\n|switch|p1b: Milotic|Milotic, L50, M|100/100\n|switch|p2a: Rotom|Rotom-Fan, L50|100/100\n|switch|p2b: Farigiraf|Farigiraf, L50, F|100/100\n|turn|1\n|\n|t:|1776371637\n|move|p2a: Rotom|Volt Switch|p1b: Milotic\n|-supereffective|p1b: Milotic|1\n|-damage|p1b: Milotic|59/100\n|\n|t:|1776371639\n|switch|p2a: Torkoal|Torkoal, L50, M|100/100|[from] Volt Switch\n|-weather|SunnyDay|[from] ability: Drought|[of] p2a: Torkoal\n|move|p1b: Milotic|Icy Wind|p2a: Torkoal|[spread] p2a,p2b\n|-resisted|p2a: Torkoal|1\n|-damage|p2a: Torkoal|93/100\n|-damage|p2b: Farigiraf|89/100\n|-unboost|p2a: Torkoal|spe|1\n|-unboost|p2b: Farigiraf|spe|1\n|move|p1a: Farigiraf|Imprison|p1a: Farigiraf\n|-start|p1a: Farigiraf|move: Imprison\n|cant|p2b: Farigiraf|move: Imprison|Trick Room\n|\n|-weather|SunnyDay|[upkeep]\n|upkeep\n|turn|2\n|\n|t:|1776371659\n|move|p2b: Farigiraf|Helping Hand|p2a: Torkoal\n|-singleturn|p2a: Torkoal|Helping Hand|[of] p2b: Farigiraf\n|move|p1b: Milotic|Scald|p2a: Torkoal\n|-supereffective|p2a: Torkoal|1\n|-damage|p2a: Torkoal|42/100\n|move|p1a: Farigiraf|Hyper Voice|p2b: Farigiraf|[spread] p2a,p2b\n|-damage|p2a: Torkoal|8/100\n|-damage|p2b: Farigiraf|61/100\n|move|p2a: Torkoal|Heat Wave|p1a: Farigiraf|[spread] p1a,p1b\n|-resisted|p1b: Milotic|1\n|-damage|p1a: Farigiraf|26/100\n|-damage|p1b: Milotic|29/100\n|-status|p1a: Farigiraf|brn\n|\n|-weather|SunnyDay|[upkeep]\n|-damage|p1a: Farigiraf|20/100 brn|[from] brn\n|upkeep\n|turn|3\n|\n|t:|1776371678\n|switch|p1b: Incineroar|Incineroar, L50, F|100/100\n|-ability|p1b: Incineroar|Intimidate|boost\n|-unboost|p2a: Torkoal|atk|1\n|-unboost|p2b: Farigiraf|atk|1\n|move|p1a: Farigiraf|Hyper Voice|p2a: Torkoal|[spread] p2a,p2b\n|-damage|p2a: Torkoal|0 fnt\n|-damage|p2b: Farigiraf|34/100\n|faint|p2a: Torkoal\n|move|p2b: Farigiraf|Dazzling Gleam|p1b: Incineroar|[spread] p1a,p1b\n|-damage|p1a: Farigiraf|3/100 brn\n|-damage|p1b: Incineroar|83/100\n|\n|-weather|SunnyDay|[upkeep]\n|-damage|p1a: Farigiraf|0 fnt|[from] brn\n|faint|p1a: Farigiraf\n|upkeep\n|\n|t:|1776371688\n|switch|p1a: Milotic|Milotic, L50, M|29/100\n|switch|p2a: Venusaur|Venusaur, L50, F|100/100\n|turn|4\n|\n|t:|1776371723\n|switch|p2b: Rotom|Rotom-Fan, L50|100/100\n|move|p2a: Venusaur|Sleep Powder|p1b: Incineroar\n|-status|p1b: Incineroar|slp|[from] move: Sleep Powder\n|move|p1a: Milotic|Icy Wind|p2a: Venusaur|[spread] p2a,p2b\n|-supereffective|p2a: Venusaur|1\n|-crit|p2a: Venusaur\n|-supereffective|p2b: Rotom|1\n|-damage|p2a: Venusaur|64/100\n|-damage|p2b: Rotom|76/100\n|-unboost|p2a: Venusaur|spe|1\n|-unboost|p2b: Rotom|spe|1\n|cant|p1b: Incineroar|slp\n|\n|-weather|SunnyDay|[upkeep]\n|upkeep\n|turn|5\n|\n|t:|1776371746\n|detailschange|p2a: Venusaur|Venusaur-Mega, L50, F\n|-mega|p2a: Venusaur|Venusaur|Venusaurite\n|move|p1a: Milotic|Protect|p1a: Milotic\n|-singleturn|p1a: Milotic|Protect\n|move|p2b: Rotom|Air Slash|p1b: Incineroar\n|-damage|p1b: Incineroar|53/100 slp\n|cant|p1b: Incineroar|slp\n|move|p2a: Venusaur|Sludge Bomb|p1b: Incineroar\n|-damage|p1b: Incineroar|2/100 slp\n|-enditem|p1b: Incineroar|Sitrus Berry|[eat]\n|-heal|p1b: Incineroar|26/100 slp|[from] item: Sitrus Berry\n|\n|-weather|none\n|upkeep\n|turn|6\n|\n|t:|1776371765\n|move|p2b: Rotom|Air Slash|p1b: Incineroar\n|-damage|p1b: Incineroar|0 fnt\n|faint|p1b: Incineroar\n|move|p1a: Milotic|Icy Wind|p2a: Venusaur|[spread] p2a,p2b\n|-supereffective|p2a: Venusaur|1\n|-supereffective|p2b: Rotom|1\n|-damage|p2a: Venusaur|53/100\n|-damage|p2b: Rotom|55/100\n|-unboost|p2a: Venusaur|spe|1\n|-unboost|p2b: Rotom|spe|1\n|move|p2a: Venusaur|Giga Drain|p1a: Milotic\n|-supereffective|p1a: Milotic|1\n|-damage|p1a: Milotic|0 fnt\n|-heal|p2a: Venusaur|70/100|[from] drain|[of] p1a: Milotic\n|faint|p1a: Milotic\n|\n|upkeep\n|\n|t:|1776371772\n|switch|p1b: Kangaskhan|Kangaskhan, L50, F|100/100\n|turn|7\n|\n|t:|1776371785\n|switch|p2b: Farigiraf|Farigiraf, L50, F|34/100\n|detailschange|p1b: Kangaskhan|Kangaskhan-Mega, L50, F\n|-mega|p1b: Kangaskhan|Kangaskhan|Kangaskhanite\n|move|p2a: Venusaur|Protect|p2a: Venusaur\n|-singleturn|p2a: Venusaur|Protect\n|move|p1b: Kangaskhan|Ice Punch|p2b: Farigiraf\n|-damage|p2b: Farigiraf|5/100\n|-damage|p2b: Farigiraf|0 fnt\n|faint|p2b: Farigiraf\n|-hitcount|p2: Farigiraf|2\n|\n|upkeep\n|\n|t:|1776371790\n|switch|p2b: Rotom|Rotom-Fan, L50|55/100\n|turn|8\n|\n|t:|1776371797\n|move|p2b: Rotom|Will-O-Wisp|p1b: Kangaskhan\n|-status|p1b: Kangaskhan|brn\n|move|p1b: Kangaskhan|Ice Punch|p2b: Rotom\n|-supereffective|p2b: Rotom|1\n|-damage|p2b: Rotom|23/100\n|-status|p2b: Rotom|frz\n|-supereffective|p2b: Rotom|1\n|-damage|p2b: Rotom|16/100 frz\n|-hitcount|p2b: Rotom|2\n|move|p2a: Venusaur|Giga Drain|p1b: Kangaskhan\n|-damage|p1b: Kangaskhan|61/100 brn\n|-heal|p2a: Venusaur|95/100|[from] drain|[of] p1b: Kangaskhan\n|\n|-damage|p1b: Kangaskhan|55/100 brn|[from] brn\n|upkeep\n|turn|9\n|\n|t:|1776371813\n|cant|p2b: Rotom|frz\n|move|p1b: Kangaskhan|Facade|p2a: Venusaur\n|-damage|p2a: Venusaur|24/100\n|-damage|p2a: Venusaur|7/100\n|-hitcount|p2a: Venusaur|2\n|move|p2a: Venusaur|Giga Drain|p1b: Kangaskhan\n|-damage|p1b: Kangaskhan|18/100 brn\n|-heal|p2a: Venusaur|31/100|[from] drain|[of] p1b: Kangaskhan\n|\n|-damage|p1b: Kangaskhan|11/100 brn|[from] brn\n|upkeep\n|turn|10\n|\n|t:|1776371825\n|move|p2a: Venusaur|Protect|p2a: Venusaur\n|-singleturn|p2a: Venusaur|Protect\n|cant|p2b: Rotom|frz\n|move|p1b: Kangaskhan|Facade|p2a: Venusaur\n|-activate|p2a: Venusaur|move: Protect\n|\n|-damage|p1b: Kangaskhan|5/100 brn|[from] brn\n|upkeep\n|turn|11\n|\n|t:|1776371848\n|-curestatus|p2b: Rotom|frz|[msg]\n|move|p2b: Rotom|Will-O-Wisp|p1b: Kangaskhan|[miss]\n|-miss|p2b: Rotom|p1b: Kangaskhan\n|move|p1b: Kangaskhan|Facade|p2a: Venusaur\n|-damage|p2a: Venusaur|0 fnt\n|faint|p2a: Venusaur\n|-hitcount|p2: Venusaur|1\n|\n|-damage|p1b: Kangaskhan|0 fnt|[from] brn\n|faint|p1b: Kangaskhan\n|\n|win|KogaAF1219\n|raw|onethousandpotato's rating: 1255 &rarr; <strong>1234</strong><br />(-21 for losing)\n|raw|KogaAF1219's rating: 1309 &rarr; <strong>1326</strong><br />(+17 for winning)\n|l|\u2606onethousandpotato\n|player|p1|\n",
  "uploadtime": 1776371855,
  "views": 28,
  "formatid": "gen9championsvgc2026regma",
  "rating": 1234,
  "private": 0,
  "password": null
}