{
  "id": "gen9championsvgc2026regma-2582759117",
  "format": "[Gen 9 Champions] VGC 2026 Reg M-A",
  "players": [
    "ApKy",
    "Azure Resolution"
  ],
  "log": "|j|\u2606ApKy\n|j|\u2606Azure Resolution\n|t:|1776112104\n|gametype|doubles\n|player|p1|ApKy|266|1194\n|player|p2|Azure Resolution|gentleman-gen4dp|1245\n|gen|9\n|tier|[Gen 9 Champions] VGC 2026 Reg M-A\n|rated|\n|rule|Species Clause: Limit one of each Pok\u00e9mon\n|rule|Item Clause: Limit 1 of each item\n|clearpoke\n|poke|p1|Dragonite, L50, M|\n|poke|p1|Archaludon, L50, M|\n|poke|p1|Sneasler, L50, F|\n|poke|p1|Meowscarada, L50, F|\n|poke|p1|Sinistcha, L50|\n|poke|p1|Politoed, L50, M|\n|poke|p2|Altaria, L50, F|\n|poke|p2|Whimsicott, L50, M|\n|poke|p2|Delphox, L50, F|\n|poke|p2|Kingambit, L50, M|\n|poke|p2|Basculegion, L50, M|\n|poke|p2|Rotom-Heat, L50|\n|teampreview|4\n|\n|t:|1776112153\n|teamsize|p1|4\n|teamsize|p2|4\n|start\n|switch|p1a: Dragonite|Dragonite, L50, M, shiny|100/100\n|switch|p1b: Meowscarada|Meowscarada, L50, F, shiny|100/100\n|switch|p2a: Silly Goose|Altaria, L50, F|100/100\n|switch|p2b: Delphox|Delphox, L50, F|100/100\n|-ability|p2a: Silly Goose|Cloud Nine\n|turn|1\n|\n|t:|1776112192\n|detailschange|p2b: Delphox|Delphox-Mega, L50, F\n|-mega|p2b: Delphox|Delphox|Delphoxite\n|detailschange|p1a: Dragonite|Dragonite-Mega, L50, M, shiny\n|-mega|p1a: Dragonite|Dragonite|Dragoninite\n|move|p2b: Delphox|Protect|p2b: Delphox\n|-singleturn|p2b: Delphox|Protect\n|move|p1a: Dragonite|Protect|p1a: Dragonite\n|-singleturn|p1a: Dragonite|Protect\n|move|p2a: Silly Goose|Protect|p2a: Silly Goose\n|-singleturn|p2a: Silly Goose|Protect\n|move|p1b: Meowscarada|Triple Axel|p2a: Silly Goose\n|-start|p1b: Meowscarada|typechange|Ice|[from] ability: Protean\n|-activate|p2a: Silly Goose|move: Protect\n|\n|upkeep\n|turn|2\n|\n|t:|1776112236\n|switch|p1b: Politoed|Politoed, L50, M, shiny|100/100\n|-weather|RainDance|[from] ability: Drizzle|[of] p1b: Politoed\n|switch|p2a: Rotom|Rotom-Heat, L50|100/100\n|move|p2b: Delphox|Heat Wave|p1b: Politoed|[spread] p1b\n|-miss|p2b: Delphox|p1a: Dragonite\n|-resisted|p1b: Politoed|1\n|-damage|p1b: Politoed|93/100\n|move|p1a: Dragonite|Hurricane|p2b: Delphox\n|-damage|p2b: Delphox|37/100\n|-start|p2b: Delphox|confusion\n|\n|-weather|RainDance|[upkeep]\n|upkeep\n|turn|3\n|\n|t:|1776112259\n|switch|p2b: Silly Goose|Altaria, L50, F|100/100\n|-ability|p2b: Silly Goose|Cloud Nine\n|move|p1a: Dragonite|Protect|p1a: Dragonite\n|-singleturn|p1a: Dragonite|Protect\n|move|p2a: Rotom|Thunderbolt|p1b: Politoed\n|-supereffective|p1b: Politoed|1\n|-damage|p1b: Politoed|29/100\n|move|p1b: Politoed|Weather Ball|p2a: Rotom\n|-damage|p2a: Rotom|89/100\n|\n|-weather|RainDance|[upkeep]\n|upkeep\n|turn|4\n|\n|t:|1776112297\n|switch|p1a: Meowscarada|Meowscarada, L50, F, shiny|100/100\n|move|p1b: Politoed|Protect|p1b: Politoed\n|-singleturn|p1b: Politoed|Protect\n|move|p2b: Silly Goose|Tailwind|p2b: Silly Goose\n|-sidestart|p2: Azure Resolution|move: Tailwind\n|move|p2a: Rotom|Nasty Plot|p2a: Rotom\n|-boost|p2a: Rotom|spa|2\n|\n|-weather|RainDance|[upkeep]\n|upkeep\n|turn|5\n|\n|t:|1776112329\n|move|p2b: Silly Goose|Protect|p2b: Silly Goose\n|-singleturn|p2b: Silly Goose|Protect\n|move|p1a: Meowscarada|Triple Axel|p2b: Silly Goose\n|-start|p1a: Meowscarada|typechange|Ice|[from] ability: Protean\n|-activate|p2b: Silly Goose|move: Protect\n|move|p2a: Rotom|Overheat|p1a: Meowscarada\n|-supereffective|p1a: Meowscarada|1\n|-damage|p1a: Meowscarada|0 fnt\n|-unboost|p2a: Rotom|spa|2\n|faint|p1a: Meowscarada\n|move|p1b: Politoed|Encore|p2b: Silly Goose\n|-activate|p2b: Silly Goose|move: Protect\n|\n|-weather|RainDance|[upkeep]\n|upkeep\n|\n|t:|1776112346\n|switch|p1a: Sneasler|Sneasler, L50, F|100/100\n|turn|6\n|\n|t:|1776112379\n|switch|p1b: Dragonite|Dragonite-Mega, L50, M, shiny|100/100\n|move|p2b: Silly Goose|Brave Bird|p1a: Sneasler\n|-supereffective|p1a: Sneasler|1\n|-damage|p1a: Sneasler|0 fnt\n|faint|p1a: Sneasler\n|-damage|p2b: Silly Goose|72/100|[from] Recoil\n|move|p2a: Rotom|Thunderbolt|p1b: Dragonite\n|-damage|p1b: Dragonite|81/100\n|-status|p1b: Dragonite|par\n|\n|-weather|none\n|-heal|p2b: Silly Goose|78/100|[from] item: Leftovers\n|upkeep\n|-message|ApKy forfeited.\n|\n|win|Azure Resolution\n|raw|ApKy's rating: 1194 &rarr; <strong>1173</strong><br />(-21 for losing)\n|raw|Azure Resolution's rating: 1245 &rarr; <strong>1266</strong><br />(+21 for winning)\n|l|\u2606ApKy\n|player|p1|\n",
  "uploadtime": 1776112406,
  "views": 48,
  "formatid": "gen9championsvgc2026regma",
  "rating": 1173,
  "private": 0,
  "password": null
}