{
  "id": "gen9championsvgc2026regma-2581358181",
  "format": "[Gen 9 Champions] VGC 2026 Reg M-A",
  "players": [
    "mo3az",
    "asswdsa"
  ],
  "log": "|j|\u2606mo3az\n|j|\u2606asswdsa\n|t:|1775991279\n|gametype|doubles\n|player|p1|mo3az|hilbert-wonderlauncher|1124\n|player|p2|asswdsa|169|1046\n|gen|9\n|tier|[Gen 9 Champions] VGC 2026 Reg M-A\n|rated|\n|rule|Species Clause: Limit one of each Pok\u00e9mon\n|rule|Item Clause: Limit 1 of each item\n|clearpoke\n|poke|p1|Chesnaught, L50, M|\n|poke|p1|Empoleon, L50, F|\n|poke|p1|Chandelure, L50, M|\n|poke|p1|Tyranitar, L50, F|\n|poke|p1|Garchomp, L50, M|\n|poke|p1|Farigiraf, L50, F|\n|poke|p2|Feraligatr, L50, F|\n|poke|p2|Steelix, L50, M|\n|poke|p2|Conkeldurr, L50, M|\n|poke|p2|Arcanine-Hisui, L50, F|\n|poke|p2|Scovillain, L50, M|\n|poke|p2|Farigiraf, L50, F|\n|teampreview|4\n|inactive|Battle timer is ON: inactive players will automatically lose when time's up. (requested by mo3az)\n|inactive|mo3az has 60 seconds left.\n|inactive|asswdsa has 60 seconds left.\nmo3az has agreed to open team sheets.\n|\n|t:|1775991329\n|teamsize|p1|4\n|teamsize|p2|4\n|start\n|switch|p1a: Chesnaught|Chesnaught, L50, M|100/100\n|switch|p1b: Farigiraf|Farigiraf, L50, F|100/100\n|switch|p2a: Farigiraf|Farigiraf, L50, F|100/100\n|switch|p2b: Arcanine|Arcanine-Hisui, L50, F|100/100\n|turn|1\n|\n|t:|1775991356\n|detailschange|p1a: Chesnaught|Chesnaught-Mega, L50, M\n|-mega|p1a: Chesnaught|Chesnaught|Chesnaughtite\n|move|p1a: Chesnaught|Spiky Shield|p1a: Chesnaught\n|-singleturn|p1a: Chesnaught|move: Protect\n|move|p2b: Arcanine|Flare Blitz|p1a: Chesnaught\n|-activate|p1a: Chesnaught|move: Protect\n|-damage|p2b: Arcanine|88/100|[from] Spiky Shield|[of] p1a: Chesnaught\n|move|p1b: Farigiraf|Twin Beam|p2b: Arcanine\n|-damage|p2b: Arcanine|66/100\n|-crit|p2b: Arcanine\n|-damage|p2b: Arcanine|35/100\n|-hitcount|p2b: Arcanine|2\n|move|p2a: Farigiraf|Trick Room|p2a: Farigiraf\n|-fieldstart|move: Trick Room|[of] p2a: Farigiraf\n|\n|upkeep\n|turn|2\n|inactive|mo3az has 30 seconds left.\n|inactive|asswdsa has 30 seconds left.\n|inactive|asswdsa has 20 seconds left.\n|\n|t:|1775991394\n|move|p1a: Chesnaught|Rock Slide|p2a: Farigiraf|[spread] p2a,p2b\n|-supereffective|p2b: Arcanine|1\n|-damage|p2a: Farigiraf|83/100\n|-damage|p2b: Arcanine|0 fnt\n|faint|p2b: Arcanine\n|move|p1b: Farigiraf|Hyper Voice|p2a: Farigiraf\n|-damage|p2a: Farigiraf|41/100\n|-enditem|p2a: Farigiraf|Sitrus Berry|[eat]\n|-heal|p2a: Farigiraf|65/100|[from] item: Sitrus Berry\n|move|p2a: Farigiraf|Sunny Day|p2a: Farigiraf\n|-weather|SunnyDay\n|\n|-weather|SunnyDay|[upkeep]\n|upkeep\n|\n|t:|1775991414\n|switch|p2b: Conkeldurr|Conkeldurr, L50, M|100/100\n|turn|3\n|\n|t:|1775991430\n|move|p1a: Chesnaught|Body Press|p2a: Farigiraf\n|-damage|p2a: Farigiraf|19/100\n|move|p2b: Conkeldurr|Drain Punch|p1b: Farigiraf\n|-damage|p1b: Farigiraf|60/100\n|move|p1b: Farigiraf|Twin Beam|p2b: Conkeldurr\n|-supereffective|p2b: Conkeldurr|1\n|-damage|p2b: Conkeldurr|68/100\n|-supereffective|p2b: Conkeldurr|1\n|-damage|p2b: Conkeldurr|36/100\n|-hitcount|p2b: Conkeldurr|2\n|move|p2a: Farigiraf|Hyper Voice|p1a: Chesnaught|[spread] p1a,p1b\n|-damage|p1a: Chesnaught|72/100\n|-damage|p1b: Farigiraf|33/100\n|\n|-weather|SunnyDay|[upkeep]\n|-heal|p2b: Conkeldurr|43/100|[from] item: Leftovers\n|-heal|p1b: Farigiraf|39/100|[from] item: Leftovers\n|-activate|p2a: Farigiraf|ability: Cud Chew\n|-enditem|p2a: Farigiraf|Sitrus Berry|[eat]\n|-heal|p2a: Farigiraf|44/100|[from] item: Sitrus Berry\n|upkeep\n|turn|4\n|inactive|mo3az has 30 seconds left.\n|inactive|mo3az has 20 seconds left.\n|\n|t:|1775991466\n|switch|p1b: Chandelure|Chandelure, L50, M|100/100\n|move|p1a: Chesnaught|Body Press|p2a: Farigiraf\n|-damage|p2a: Farigiraf|0 fnt\n|faint|p2a: Farigiraf\n|move|p2b: Conkeldurr|Drain Punch|p1b: Chandelure\n|-immune|p1b: Chandelure\n|\n|-weather|SunnyDay|[upkeep]\n|-heal|p2b: Conkeldurr|49/100|[from] item: Leftovers\n|upkeep\n|\n|t:|1775991475\n|switch|p2a: Steelix|Steelix, L50, M|100/100\n|turn|5\n|inactive|asswdsa has 30 seconds left.\n|inactive|asswdsa has 20 seconds left.\n|inactive|asswdsa has 15 seconds left.\n|\n|t:|1775991518\n|move|p2a: Steelix|Gyro Ball|p1a: Chesnaught\n|-immune|p1a: Chesnaught|[from] ability: Bulletproof\n|move|p1a: Chesnaught|Body Press|p2a: Steelix\n|-supereffective|p2a: Steelix|1\n|-damage|p2a: Steelix|37/100\n|move|p2b: Conkeldurr|Knock Off|p1b: Chandelure\n|-supereffective|p1b: Chandelure|1\n|-damage|p1b: Chandelure|36/100\n|-enditem|p1b: Chandelure|Focus Sash|[from] move: Knock Off|[of] p2b: Conkeldurr\n|move|p1b: Chandelure|Heat Wave|p2a: Steelix|[spread] p2a\n|-miss|p1b: Chandelure|p2b: Conkeldurr\n|-supereffective|p2a: Steelix|1\n|-damage|p2a: Steelix|0 fnt\n|faint|p2a: Steelix\n|\n|-weather|SunnyDay|[upkeep]\n|-heal|p2b: Conkeldurr|55/100|[from] item: Leftovers\n|-fieldend|move: Trick Room\n|upkeep\n|turn|6\n|-message|asswdsa forfeited.\n|\n|win|mo3az\n|raw|mo3az's rating: 1124 &rarr; <strong>1143</strong><br />(+19 for winning)\n|raw|asswdsa's rating: 1046 &rarr; <strong>1033</strong><br />(-13 for losing)\n|l|\u2606asswdsa\n|player|p2|\n",
  "uploadtime": 1775991544,
  "views": 23,
  "formatid": "gen9championsvgc2026regma",
  "rating": 1033,
  "private": 0,
  "password": null
}