{
  "id": "gen9championsvgc2026regma-2584075389",
  "format": "[Gen 9 Champions] VGC 2026 Reg M-A",
  "players": [
    "hiyopon",
    "eriksp"
  ],
  "log": "|j|\u2606hiyopon\n|j|\u2606eriksp\n|t:|1776222624\n|gametype|doubles\n|player|p1|hiyopon|266|\n|player|p2|eriksp|cynthia-masters4|\n|gen|9\n|tier|[Gen 9 Champions] VGC 2026 Reg M-A\n|rated|Tournament battle\n|rule|Species Clause: Limit one of each Pok\u00e9mon\n|rule|Item Clause: Limit 1 of each item\n|raw|<div class=\"infobox\"><details class=\"readmore\" open><summary><strong>1 custom rule:</strong></summary> Force Open Team Sheets</details></div>\n|clearpoke\n|poke|p1|Aegislash, L50, F|\n|poke|p1|Incineroar, L50, F|\n|poke|p1|Milotic, L50, F|\n|poke|p1|Venusaur, L50, M|\n|poke|p1|Charizard, L50, F|\n|poke|p1|Sneasler, L50, F|\n|poke|p2|Floette-Eternal, L50, F|\n|poke|p2|Garchomp, L50, M|\n|poke|p2|Aerodactyl, L50, M|\n|poke|p2|Incineroar, L50, M|\n|poke|p2|Sneasler, L50, M|\n|poke|p2|Sinistcha-Masterpiece, L50|\n|teampreview|4\n|showteam|p1|Aegislash||SpellTag|StanceChange|KingsShield,Poltergeist,IronHead,ShadowSneak|||F|||50|]Incineroar||Leftovers|Intimidate|FlareBlitz,ThroatChop,PartingShot,FakeOut|||F|||50|]Milotic||SitrusBerry|Competitive|Scald,IcyWind,Recover,Protect|||F|||50|]Venusaur||FocusSash|Chlorophyll|GigaDrain,SludgeBomb,SleepPowder,Protect|||M|||50|]Charizard||CharizarditeY|Blaze|HeatWave,WeatherBall,SolarBeam,Protect|||F|||50|]Sneasler||WhiteHerb|Unburden|CloseCombat,DireClaw,Coaching,Protect|||F|||50|\n|showteam|p2|Floette-Eternal||Floettite|FlowerVeil|Moonblast,DazzlingGleam,CalmMind,Protect|||F|||50|]Garchomp||SoftSand|RoughSkin|Earthquake,DragonClaw,StompingTantrum,Protect|||M|||50|]Aerodactyl||FocusSash|Unnerve|RockSlide,DualWingbeat,Tailwind,Protect|||M|||50|]Incineroar||ChopleBerry|Intimidate|FakeOut,ThroatChop,FlareBlitz,PartingShot|||M|||50|]Sneasler||WhiteHerb|Unburden|FakeOut,DireClaw,CloseCombat,Protect|||M|||50|]Sinistcha-Masterpiece||SitrusBerry|Hospitality|MatchaGotcha,LifeDew,RagePowder,TrickRoom||||||50|\n|inactive|Battle timer is ON: inactive players will automatically lose when time's up. (requested by hiyopon)\n|j| Bman3111\n|inactive|hiyopon has 60 seconds left.\n|inactive|eriksp has 60 seconds left.\n|\n|t:|1776222673\n|teamsize|p1|4\n|teamsize|p2|4\n|start\n|switch|p1a: Milotic|Milotic, L50, F|100/100\n|switch|p1b: Aegislash|Aegislash, L50, F|100/100\n|switch|p2a: Aerodactyl|Aerodactyl, L50, M|100/100\n|switch|p2b: Garchomp|Garchomp, L50, M|100/100\n|-ability|p2a: Aerodactyl|Unnerve\n|turn|1\n|\n|t:|1776222690\n|switch|p1b: Incineroar|Incineroar, L50, F|100/100\n|-ability|p1b: Incineroar|Intimidate|boost\n|-unboost|p2a: Aerodactyl|atk|1\n|-unboost|p2b: Garchomp|atk|1\n|move|p2a: Aerodactyl|Rock Slide|p1b: Incineroar|[spread] p1b\n|-miss|p2a: Aerodactyl|p1a: Milotic\n|-supereffective|p1b: Incineroar|1\n|-damage|p1b: Incineroar|69/100\n|move|p2b: Garchomp|Earthquake|p1b: Incineroar|[spread] p1a,p1b\n|-immune|p2a: Aerodactyl\n|-supereffective|p1b: Incineroar|1\n|-damage|p1a: Milotic|73/100\n|-damage|p1b: Incineroar|14/100\n|move|p1a: Milotic|Icy Wind|p2b: Garchomp|[spread] p2a,p2b\n|-supereffective|p2a: Aerodactyl|1\n|-supereffective|p2b: Garchomp|2\n|-damage|p2a: Aerodactyl|67/100\n|-damage|p2b: Garchomp|53/100\n|-unboost|p2a: Aerodactyl|spe|1\n|-unboost|p2b: Garchomp|spe|1\n|\n|-heal|p1b: Incineroar|20/100|[from] item: Leftovers\n|upkeep\n|turn|2\n|inactive|hiyopon has 30 seconds left.\n|\n|t:|1776222722\n|switch|p1b: Aegislash|Aegislash, L50, F|100/100\n|move|p2a: Aerodactyl|Protect|p2a: Aerodactyl\n|-singleturn|p2a: Aerodactyl|Protect\n|move|p2b: Garchomp|Protect|p2b: Garchomp\n|-singleturn|p2b: Garchomp|Protect\n|move|p1a: Milotic|Icy Wind|p2b: Garchomp|[spread] \n|-activate|p2a: Aerodactyl|move: Protect\n|-activate|p2b: Garchomp|move: Protect\n|\n|upkeep\n|turn|3\n|\n|t:|1776222736\n|move|p1b: Aegislash|King's Shield|p1b: Aegislash\n|-singleturn|p1b: Aegislash|Protect\n|move|p2a: Aerodactyl|Rock Slide|p1b: Aegislash|[spread] p1a\n|-activate|p1b: Aegislash|move: Protect\n|-damage|p1a: Milotic|59/100\n|move|p2b: Garchomp|Earthquake|p1a: Milotic|[spread] p1a\n|-activate|p1b: Aegislash|move: Protect\n|-immune|p2a: Aerodactyl\n|-damage|p1a: Milotic|32/100\n|move|p1a: Milotic|Icy Wind|p2b: Garchomp|[spread] p2a,p2b\n|-supereffective|p2a: Aerodactyl|1\n|-supereffective|p2b: Garchomp|2\n|-damage|p2a: Aerodactyl|34/100\n|-damage|p2b: Garchomp|5/100\n|-unboost|p2a: Aerodactyl|spe|1\n|-unboost|p2b: Garchomp|spe|1\n|\n|upkeep\n|turn|4\n|\n|t:|1776222758\n|-formechange|p1b: Aegislash|Aegislash-Blade|\n|move|p1b: Aegislash|Shadow Sneak|p2a: Aerodactyl\n|-damage|p2a: Aerodactyl|0 fnt\n|-enditem|p1a: Milotic|Sitrus Berry|[eat]\n|-heal|p1a: Milotic|57/100|[from] item: Sitrus Berry\n|faint|p2a: Aerodactyl\n|move|p1a: Milotic|Icy Wind|p2b: Garchomp|[miss]\n|-miss|p1a: Milotic|p2b: Garchomp\n|move|p2b: Garchomp|Earthquake|p1b: Aegislash|[spread] p1a,p1b\n|-supereffective|p1b: Aegislash|1\n|-damage|p1a: Milotic|32/100\n|-damage|p1b: Aegislash|0 fnt\n|faint|p1b: Aegislash\n|\n|upkeep\n|\n|t:|1776222767\n|switch|p2a: Floette|Floette-Eternal, L50, F|100/100\n|switch|p1b: Sneasler|Sneasler, L50, F|100/100\n|turn|5\n|\n|t:|1776222787\n|switch|p2b: Incineroar|Incineroar, L50, M|100/100\n|-ability|p2b: Incineroar|Intimidate|boost\n|-unboost|p1a: Milotic|atk|1\n|-ability|p1a: Milotic|Competitive|boost\n|-boost|p1a: Milotic|spa|2\n|-unboost|p1b: Sneasler|atk|1\n|-enditem|p1b: Sneasler|White Herb\n|-clearnegativeboost|p1b: Sneasler|[silent]\n|detailschange|p2a: Floette|Floette-Mega, L50, F\n|-mega|p2a: Floette|Floette|Floettite\n|-ability|p2a: Floette|Fairy Aura\n|move|p1b: Sneasler|Dire Claw|p2a: Floette\n|-supereffective|p2a: Floette|1\n|-damage|p2a: Floette|24/100\n|move|p2a: Floette|Moonblast|p1b: Sneasler\n|-damage|p1b: Sneasler|4/100\n|-unboost|p1b: Sneasler|spa|1\n|move|p1a: Milotic|Icy Wind|p2a: Floette|[spread] p2a,p2b\n|-resisted|p2b: Incineroar|1\n|-damage|p2a: Floette|9/100\n|-damage|p2b: Incineroar|90/100\n|-unboost|p2a: Floette|spe|1\n|-unboost|p2b: Incineroar|spe|1\n|\n|upkeep\n|turn|6\n|\n|t:|1776222808\n|move|p1b: Sneasler|Protect|p1b: Sneasler\n|-singleturn|p1b: Sneasler|Protect\n|move|p1a: Milotic|Protect|p1a: Milotic\n|-singleturn|p1a: Milotic|Protect\n|move|p2b: Incineroar|Fake Out|p1b: Sneasler\n|-activate|p1b: Sneasler|move: Protect\n|move|p2a: Floette|Moonblast|p1a: Milotic\n|-activate|p1a: Milotic|move: Protect\n|\n|upkeep\n|turn|7\n|inactive|eriksp has 30 seconds left.\n|inactive|eriksp has 20 seconds left.\n|\n|t:|1776222847\n|switch|p2a: Garchomp|Garchomp, L50, M|5/100\n|move|p1b: Sneasler|Dire Claw|p2a: Garchomp\n|-resisted|p2a: Garchomp|1\n|-damage|p2a: Garchomp|0 fnt\n|-damage|p1b: Sneasler|0 fnt|[from] ability: Rough Skin|[of] p2a: Garchomp\n|faint|p2a: Garchomp\n|faint|p1b: Sneasler\n|move|p1a: Milotic|Scald|p2b: Incineroar\n|-supereffective|p2b: Incineroar|1\n|-damage|p2b: Incineroar|0 fnt\n|faint|p2b: Incineroar\n|\n|upkeep\n|j|@Radio Free C-Side\n|\n|t:|1776222857\n|switch|p1b: Incineroar|Incineroar, L50, F|20/100\n|switch|p2b: Floette|Floette-Mega, L50, F|9/100\n|-ability|p2b: Floette|Fairy Aura\n|-ability|p1b: Incineroar|Intimidate|boost\n|-unboost|p2b: Floette|atk|1\n|turn|8\n|j| relaire\n|\n|t:|1776222864\n|move|p2b: Floette|Protect|p2b: Floette\n|-singleturn|p2b: Floette|Protect\n|move|p1b: Incineroar|Fake Out|p2b: Floette\n|-activate|p2b: Floette|move: Protect\n|move|p1a: Milotic|Recover|p1a: Milotic\n|-heal|p1a: Milotic|82/100\n|\n|-heal|p1b: Incineroar|26/100|[from] item: Leftovers\n|upkeep\n|turn|9\n|\n|t:|1776222874\n|move|p2b: Floette|Dazzling Gleam|p1a: Milotic|[spread] p1a,p1b\n|-damage|p1a: Milotic|46/100\n|-damage|p1b: Incineroar|0 fnt\n|faint|p1b: Incineroar\n|move|p1a: Milotic|Scald|p2b: Floette\n|-damage|p2b: Floette|0 fnt\n|faint|p2b: Floette\n|\n|win|hiyopon\n|n|\u2606hiyopon|hiyopon\n|n|\u2606eriksp|eriksp\n|n| Bman3111|bman3111\n|n|+Radio Free C-Side|radiofreecside\n|n| relaire|relaire\n",
  "uploadtime": 1776222875,
  "views": 15,
  "formatid": "gen9championsvgc2026regma",
  "rating": null,
  "private": 0,
  "password": null
}