{
  "id": "gen9championsvgc2026regma-2581959260",
  "format": "[Gen 9 Champions] VGC 2026 Reg M-A",
  "players": [
    "Dudeman 64",
    "ashirato"
  ],
  "log": "|j|\u2606Dudeman 64\n|j|\u2606ashirato\n|t:|1776043350\n|gametype|doubles\n|player|p1|Dudeman 64|266|1231\n|player|p2|ashirato|caitlin|1300\n|gen|9\n|tier|[Gen 9 Champions] VGC 2026 Reg M-A\n|rated|\n|rule|Species Clause: Limit one of each Pok\u00e9mon\n|rule|Item Clause: Limit 1 of each item\n|clearpoke\n|poke|p1|Aggron, L50, F|\n|poke|p1|Rotom-Wash, L50|\n|poke|p1|Hydreigon, L50, F|\n|poke|p1|Sinistcha, L50|\n|poke|p1|Kommo-o, L50, M|\n|poke|p1|Farigiraf, L50, M|\n|poke|p2|Incineroar, L50, M|\n|poke|p2|Chimecho, L50, F|\n|poke|p2|Garchomp, L50, M|\n|poke|p2|Milotic, L50, F|\n|poke|p2|Farigiraf, L50, F|\n|poke|p2|Drampa, L50, M|\n|teampreview|4\n|\n|t:|1776043382\n|teamsize|p1|4\n|teamsize|p2|4\n|start\n|switch|p1a: Aggron|Aggron, L50, F|100/100\n|switch|p1b: Farigiraf|Farigiraf, L50, M|100/100\n|switch|p2a: Incineroar|Incineroar, L50, M|100/100\n|switch|p2b: Chimecho|Chimecho, L50, F, shiny|100/100\n|-ability|p2a: Incineroar|Intimidate|boost\n|-unboost|p1a: Aggron|atk|1\n|-unboost|p1b: Farigiraf|atk|1\n|turn|1\n|inactive|Battle timer is ON: inactive players will automatically lose when time's up. (requested by Dudeman 64)\n|\n|t:|1776043411\n|detailschange|p2b: Chimecho|Chimecho-Mega, L50, F, shiny\n|-mega|p2b: Chimecho|Chimecho|Chimechite\n|detailschange|p1a: Aggron|Aggron-Mega, L50, F\n|-mega|p1a: Aggron|Aggron|Aggronite\n|move|p2a: Incineroar|Parting Shot|p1a: Aggron\n|-unboost|p1a: Aggron|atk|1\n|-unboost|p1a: Aggron|spa|1\n|\n|t:|1776043419\n|switch|p2a: Garchomp|Garchomp, L50, M|100/100|[from] Parting Shot\n|move|p2b: Chimecho|Flash Cannon|p1b: Farigiraf\n|-damage|p1b: Farigiraf|48/100\n|move|p1b: Farigiraf|Light Screen|p1b: Farigiraf\n|-sidestart|p1: Dudeman 64|move: Light Screen\n|move|p1a: Aggron|Iron Defense|p1a: Aggron\n|-boost|p1a: Aggron|def|2\n|\n|-heal|p1b: Farigiraf|54/100|[from] item: Leftovers\n|upkeep\n|turn|2\n|\n|t:|1776043434\n|move|p2a: Garchomp|Earthquake|p1b: Farigiraf|[spread] p1a,p1b\n|-immune|p2b: Chimecho|[from] ability: Levitate\n|-supereffective|p1a: Aggron|1\n|-damage|p1a: Aggron|85/100\n|-damage|p1b: Farigiraf|13/100\n|move|p2b: Chimecho|Dazzling Gleam|p1b: Farigiraf|[spread] p1a,p1b\n|-resisted|p1a: Aggron|1\n|-damage|p1a: Aggron|75/100\n|-damage|p1b: Farigiraf|0 fnt\n|faint|p1b: Farigiraf\n|move|p1a: Aggron|Iron Defense|p1a: Aggron\n|-boost|p1a: Aggron|def|2\n|\n|upkeep\n|\n|t:|1776043451\n|switch|p1b: Hydreigon|Hydreigon, L50, F|100/100\n|turn|3\n|\n|t:|1776043459\n|move|p2a: Garchomp|Protect|p2a: Garchomp\n|-singleturn|p2a: Garchomp|Protect\n|move|p1b: Hydreigon|Draco Meteor|p2a: Garchomp\n|-activate|p2a: Garchomp|move: Protect\n|move|p2b: Chimecho|Dazzling Gleam|p1b: Hydreigon|[spread] p1a,p1b\n|-resisted|p1a: Aggron|1\n|-supereffective|p1b: Hydreigon|2\n|-damage|p1a: Aggron|66/100\n|-damage|p1b: Hydreigon|27/100\n|move|p1a: Aggron|Body Press|p2b: Chimecho\n|-damage|p2b: Chimecho|0 fnt\n|faint|p2b: Chimecho\n|\n|upkeep\n|\n|t:|1776043476\n|switch|p2b: Milotic|Milotic, L50, F|100/100\n|turn|4\n|\n|t:|1776043493\n|switch|p2a: Incineroar|Incineroar, L50, M|100/100\n|-ability|p2a: Incineroar|Intimidate|boost\n|-unboost|p1a: Aggron|atk|1\n|-unboost|p1b: Hydreigon|atk|1\n|move|p1b: Hydreigon|Draco Meteor|p2a: Incineroar\n|-damage|p2a: Incineroar|44/100\n|-unboost|p1b: Hydreigon|spa|2\n|-enditem|p2a: Incineroar|Sitrus Berry|[eat]\n|-heal|p2a: Incineroar|68/100|[from] item: Sitrus Berry\n|move|p2b: Milotic|Scald|p1a: Aggron\n|-damage|p1a: Aggron|37/100\n|-status|p1a: Aggron|brn\n|move|p1a: Aggron|Body Press|p2a: Incineroar\n|-supereffective|p2a: Incineroar|1\n|-damage|p2a: Incineroar|0 fnt\n|faint|p2a: Incineroar\n|\n|-damage|p1a: Aggron|31/100 brn|[from] brn\n|upkeep\n|\n|t:|1776043515\n|switch|p2a: Garchomp|Garchomp, L50, M|100/100\n|turn|5\n|\n|t:|1776043531\n|switch|p1b: Sinistcha|Sinistcha, L50|100/100\n|-heal|p1a: Aggron|56/100 brn|[from] ability: Hospitality|[of] p1b: Sinistcha\n|move|p1a: Aggron|Protect|p1a: Aggron\n|-singleturn|p1a: Aggron|Protect\n|move|p2a: Garchomp|Stomping Tantrum|p1a: Aggron\n|-activate|p1a: Aggron|move: Protect\n|move|p2b: Milotic|Scald|p1a: Aggron\n|-activate|p1a: Aggron|move: Protect\n|\n|-damage|p1a: Aggron|50/100 brn|[from] brn\n|-sideend|p1: Dudeman 64|move: Light Screen\n|upkeep\n|turn|6\n|\n|t:|1776043551\n|move|p2a: Garchomp|Earthquake|p1b: Sinistcha|[spread] p2b,p1a,p1b\n|-supereffective|p1a: Aggron|1\n|-resisted|p1b: Sinistcha|1\n|-crit|p1b: Sinistcha\n|-damage|p2b: Milotic|64/100\n|-damage|p1a: Aggron|38/100 brn\n|-damage|p1b: Sinistcha|80/100\n|move|p2b: Milotic|Ice Beam|p1b: Sinistcha\n|-supereffective|p1b: Sinistcha|1\n|-damage|p1b: Sinistcha|16/100\n|move|p1b: Sinistcha|Matcha Gotcha|p2a: Garchomp|[spread] p2a,p2b\n|-supereffective|p2b: Milotic|1\n|-damage|p2a: Garchomp|79/100\n|-heal|p1b: Sinistcha|29/100|[from] drain|[of] p2a: Garchomp\n|-damage|p2b: Milotic|26/100\n|-heal|p1b: Sinistcha|49/100|[from] drain|[of] p2b: Milotic\n|move|p1a: Aggron|Body Press|p2a: Garchomp\n|-damage|p2a: Garchomp|21/100\n|-damage|p1a: Aggron|26/100 brn|[from] ability: Rough Skin|[of] p2a: Garchomp\n|\n|-heal|p2b: Milotic|32/100|[from] item: Leftovers\n|-damage|p1a: Aggron|21/100 brn|[from] brn\n|upkeep\n|turn|7\n|inactive|ashirato has 30 seconds left.\n|inactive|Dudeman 64 has 30 seconds left.\n|inactive|ashirato has 20 seconds left.\n|\n|t:|1776043588\n|move|p2b: Milotic|Protect|p2b: Milotic\n|-singleturn|p2b: Milotic|Protect\n|move|p2a: Garchomp|Earthquake|p1a: Aggron|[spread] p1a,p1b\n|-activate|p2b: Milotic|move: Protect\n|-supereffective|p1a: Aggron|1\n|-resisted|p1b: Sinistcha|1\n|-damage|p1a: Aggron|9/100 brn\n|-damage|p1b: Sinistcha|36/100\n|move|p1b: Sinistcha|Matcha Gotcha|p2b: Milotic|[spread] p2a\n|-activate|p2b: Milotic|move: Protect\n|-damage|p2a: Garchomp|0 fnt\n|-heal|p1b: Sinistcha|48/100|[from] drain|[of] p2a: Garchomp\n|faint|p2a: Garchomp\n|move|p1a: Aggron|Body Press|p2b: Milotic\n|-activate|p2b: Milotic|move: Protect\n|\n|-heal|p2b: Milotic|37/100|[from] item: Leftovers\n|-damage|p1a: Aggron|4/100 brn|[from] brn\n|upkeep\n|turn|8\n|\n|t:|1776043609\n|move|p2b: Milotic|Recover|p2b: Milotic\n|-heal|p2b: Milotic|87/100\n|move|p1b: Sinistcha|Matcha Gotcha|p2b: Milotic\n|-supereffective|p2b: Milotic|1\n|-damage|p2b: Milotic|39/100\n|-heal|p1b: Sinistcha|74/100|[from] drain|[of] p2b: Milotic\n|-status|p2b: Milotic|brn\n|move|p1a: Aggron|Body Press|p2b: Milotic\n|-damage|p2b: Milotic|0 fnt\n|faint|p2b: Milotic\n|\n|win|Dudeman 64\n|raw|Dudeman 64's rating: 1231 &rarr; <strong>1261</strong><br />(+30 for winning)\n|raw|ashirato's rating: 1300 &rarr; <strong>1270</strong><br />(-30 for losing)\n|l|\u2606ashirato\n|player|p2|\n",
  "uploadtime": 1776043659,
  "views": 22,
  "formatid": "gen9championsvgc2026regma",
  "rating": 1261,
  "private": 0,
  "password": null
}