{
  "id": "gen9championsvgc2026regma-2587430277",
  "format": "[Gen 9 Champions] VGC 2026 Reg M-A",
  "players": [
    "dragonmaster441",
    "ILACKSKILL3"
  ],
  "log": "|j|\u2606dragonmaster441\n|j|\u2606ILACKSKILL3\n|t:|1776531149\n|gametype|doubles\n|player|p1|dragonmaster441|acetrainerf-gen4|1000\n|player|p2|ILACKSKILL3|102|1000\n|gen|9\n|tier|[Gen 9 Champions] VGC 2026 Reg M-A\n|rated|\n|rule|Species Clause: Limit one of each Pok\u00e9mon\n|rule|Item Clause: Limit 1 of each item\n|clearpoke\n|poke|p1|Hawlucha, L50, F, shiny|\n|poke|p1|Krookodile, L50, F, shiny|\n|poke|p1|Garchomp, L50, M, shiny|\n|poke|p1|Incineroar, L50, F, shiny|\n|poke|p1|Hatterene, L50, F, shiny|\n|poke|p1|Glimmora, L50, F, shiny|\n|poke|p2|Tyranitar, L50, M, shiny|\n|poke|p2|Aerodactyl, L50, M, shiny|\n|poke|p2|Garchomp, L50, M, shiny|\n|poke|p2|Incineroar, L50, M, shiny|\n|poke|p2|Sinistcha, L50|\n|poke|p2|Hydreigon, L50, M, shiny|\n|teampreview|4\n|inactive|Battle timer is ON: inactive players will automatically lose when time's up. (requested by dragonmaster441)\ndragonmaster441 rejected open team sheets.\n|c|\u2606dragonmaster441|hf!\n|inactive|dragonmaster441 has 60 seconds left.\n|\n|t:|1776531193\n|teamsize|p1|4\n|teamsize|p2|4\n|start\n|switch|p1a: Incineroar|Incineroar, L50, F, shiny|100/100\n|switch|p1b: Hatterene|Hatterene, L50, F, shiny|100/100\n|switch|p2a: Incineroar|Incineroar, L50, M, shiny|100/100\n|switch|p2b: Aerodactyl|Aerodactyl, L50, M, shiny|100/100\n|-ability|p2b: Aerodactyl|Unnerve\n|-ability|p2a: Incineroar|Intimidate|boost\n|-unboost|p1a: Incineroar|atk|1\n|-unboost|p1b: Hatterene|atk|1\n|-ability|p1a: Incineroar|Intimidate|boost\n|-unboost|p2a: Incineroar|atk|1\n|-unboost|p2b: Aerodactyl|atk|1\n|turn|1\n|\n|t:|1776531214\n|move|p2a: Incineroar|Fake Out|p1b: Hatterene\n|-damage|p1b: Hatterene|90/100\n|move|p2b: Aerodactyl|Tailwind|p2b: Aerodactyl\n|-sidestart|p2: ILACKSKILL3|move: Tailwind\n|move|p1a: Incineroar|Will-O-Wisp|p2b: Aerodactyl\n|-status|p2b: Aerodactyl|brn\n|cant|p1b: Hatterene|flinch\n|\n|-damage|p2b: Aerodactyl|95/100 brn|[from] brn\n|upkeep\n|turn|2\n|inactive|ILACKSKILL3 has 30 seconds left.\n|\n|t:|1776531240\n|move|p2a: Incineroar|Parting Shot|p1b: Hatterene\n|move|p1b: Hatterene|Parting Shot|p2a: Incineroar|[from] ability: Magic Bounce\n|-unboost|p2a: Incineroar|atk|1\n|-unboost|p2a: Incineroar|spa|1\n|\n|t:|1776531246\n|switch|p1b: Krookodile|Krookodile, L50, F, shiny|100/100|[from] Parting Shot\n|-ability|p1b: Krookodile|Intimidate|boost\n|-unboost|p2a: Incineroar|atk|1\n|-unboost|p2b: Aerodactyl|atk|1\n|move|p1a: Incineroar|Parting Shot|p2b: Aerodactyl\n|-unboost|p2b: Aerodactyl|atk|1\n|-unboost|p2b: Aerodactyl|spa|1\n|\n|t:|1776531255\n|switch|p1a: Hawlucha|Hawlucha, L50, F, shiny|100/100|[from] Parting Shot\n|move|p2b: Aerodactyl|Roar|p1a: Hawlucha\n|drag|p1a: Hatterene|Hatterene, L50, F, shiny|90/100\n|\n|-damage|p2b: Aerodactyl|89/100 brn|[from] brn\n|upkeep\n|turn|3\n|\n|t:|1776531273\n|switch|p2b: Garchomp|Garchomp, L50, M, shiny|100/100\n|move|p1b: Krookodile|Knock Off|p2b: Garchomp\n|-damage|p2b: Garchomp|69/100\n|move|p2a: Incineroar|Parting Shot|p1b: Krookodile\n|-unboost|p1b: Krookodile|atk|1\n|-unboost|p1b: Krookodile|spa|1\n|\n|t:|1776531282\n|switch|p2a: Tyranitar|Tyranitar, L50, M, shiny|100/100|[from] Parting Shot\n|-weather|Sandstorm|[from] ability: Sand Stream|[of] p2a: Tyranitar\n|move|p1a: Hatterene|Nuzzle|p2a: Tyranitar\n|-damage|p2a: Tyranitar|96/100\n|-status|p2a: Tyranitar|par\n|\n|-weather|Sandstorm|[upkeep]\n|-damage|p1a: Hatterene|83/100|[from] Sandstorm\n|upkeep\n|turn|4\n|inactive|ILACKSKILL3 has 30 seconds left.\n|\n|t:|1776531309\n|move|p2a: Tyranitar|Protect|p2a: Tyranitar\n|-singleturn|p2a: Tyranitar|Protect\n|move|p2b: Garchomp|Earthquake|p1a: Hatterene|[spread] p1a,p1b\n|-activate|p2a: Tyranitar|move: Protect\n|-damage|p1a: Hatterene|43/100\n|-damage|p1b: Krookodile|50/100\n|move|p1b: Krookodile|Knock Off|p2a: Tyranitar\n|-activate|p2a: Tyranitar|move: Protect\n|move|p1a: Hatterene|Draining Kiss|p2b: Garchomp\n|-supereffective|p2b: Garchomp|1\n|-damage|p2b: Garchomp|0 fnt\n|-heal|p1a: Hatterene|99/100|[from] drain|[of] p2b: Garchomp\n|faint|p2b: Garchomp\n|\n|-weather|Sandstorm|[upkeep]\n|-damage|p1a: Hatterene|94/100|[from] Sandstorm\n|-sideend|p2: ILACKSKILL3|move: Tailwind\n|upkeep\n|\n|t:|1776531326\n|switch|p2b: Aerodactyl|Aerodactyl, L50, M, shiny|89/100 brn\n|-ability|p2b: Aerodactyl|Unnerve\n|turn|5\n|-activate|p2a: Tyranitar|item: Quick Claw\n|\n|t:|1776531339\n|switch|p1a: Incineroar|Incineroar, L50, F, shiny|100/100\n|-ability|p1a: Incineroar|Intimidate|boost\n|-unboost|p2a: Tyranitar|atk|1\n|-unboost|p2b: Aerodactyl|atk|1\n|move|p2a: Tyranitar|Bulldoze|p1b: Krookodile|[spread] p1a,p1b\n|-immune|p2b: Aerodactyl\n|-supereffective|p1a: Incineroar|1\n|-damage|p1a: Incineroar|78/100\n|-damage|p1b: Krookodile|36/100\n|-unboost|p1a: Incineroar|spe|1\n|-unboost|p1b: Krookodile|spe|1\n|move|p1b: Krookodile|Knock Off|p2b: Aerodactyl\n|-damage|p2b: Aerodactyl|46/100 brn\n|-enditem|p2b: Aerodactyl|Focus Sash|[from] move: Knock Off|[of] p1b: Krookodile\n|move|p2b: Aerodactyl|Roar|p1a: Incineroar\n|drag|p1a: Hawlucha|Hawlucha, L50, F, shiny|100/100\n|\n|-weather|Sandstorm|[upkeep]\n|-damage|p1a: Hawlucha|95/100|[from] Sandstorm\n|-damage|p2b: Aerodactyl|40/100 brn|[from] brn\n|upkeep\n|turn|6\n|inactive|dragonmaster441 has 30 seconds left.\n|inactive|ILACKSKILL3 has 30 seconds left.\n|\n|t:|1776531373\n|switch|p1b: Incineroar|Incineroar, L50, F, shiny|78/100\n|-ability|p1b: Incineroar|Intimidate|boost\n|-unboost|p2a: Tyranitar|atk|1\n|-unboost|p2b: Aerodactyl|atk|1\n|detailschange|p1a: Hawlucha|Hawlucha-Mega, L50, F, shiny\n|-mega|p1a: Hawlucha|Hawlucha|Hawluchanite\n|move|p2a: Tyranitar|Protect|p2a: Tyranitar\n|-singleturn|p2a: Tyranitar|Protect\n|move|p2b: Aerodactyl|Rock Slide|p1b: Incineroar|[spread] p1a,p1b\n|-supereffective|p1b: Incineroar|1\n|-damage|p1a: Hawlucha|87/100\n|-damage|p1b: Incineroar|67/100\n|move|p1a: Hawlucha|High Jump Kick|p2a: Tyranitar\n|-activate|p2a: Tyranitar|move: Protect\n|-damage|p1a: Hawlucha|37/100|[from] highjumpkick\n|\n|-weather|Sandstorm|[upkeep]\n|-damage|p1a: Hawlucha|31/100|[from] Sandstorm\n|-damage|p1b: Incineroar|61/100|[from] Sandstorm\n|-heal|p1b: Incineroar|67/100|[from] item: Leftovers\n|-damage|p2b: Aerodactyl|34/100 brn|[from] brn\n|upkeep\n|turn|7\n|inactive|dragonmaster441 has 30 seconds left.\n|inactive|ILACKSKILL3 has 30 seconds left.\n|inactive|dragonmaster441 has 20 seconds left.\n|\n|t:|1776531408\n|switch|p1b: Krookodile|Krookodile, L50, F, shiny|36/100\n|-ability|p1b: Krookodile|Intimidate|boost\n|-unboost|p2a: Tyranitar|atk|1\n|-unboost|p2b: Aerodactyl|atk|1\n|switch|p2a: Incineroar|Incineroar, L50, M, shiny|100/100\n|-ability|p2a: Incineroar|Intimidate|boost\n|-unboost|p1a: Hawlucha|atk|1\n|-unboost|p1b: Krookodile|atk|1\n|move|p2b: Aerodactyl|Tailwind|p2b: Aerodactyl\n|-sidestart|p2: ILACKSKILL3|move: Tailwind\n|move|p1a: Hawlucha|Entrainment|p1b: Krookodile\n|-ability|p1b: Krookodile|No Guard|Intimidate|[from] move: Entrainment|[of] p1a: Hawlucha\n|\n|-weather|none\n|-damage|p2b: Aerodactyl|28/100 brn|[from] brn\n|upkeep\n|turn|8\n|\n|t:|1776531433\n|switch|p1a: Hatterene|Hatterene, L50, F, shiny|94/100\n|move|p2a: Incineroar|Fake Out|p1b: Krookodile\n|-damage|p1b: Krookodile|19/100\n|move|p2b: Aerodactyl|Rock Slide|p1b: Krookodile|[spread] p1a,p1b\n|-resisted|p1b: Krookodile|1\n|-damage|p1a: Hatterene|88/100\n|-damage|p1b: Krookodile|17/100\n|cant|p1b: Krookodile|flinch\n|\n|-damage|p2b: Aerodactyl|22/100 brn|[from] brn\n|upkeep\n|turn|9\n|inactive|ILACKSKILL3 has 30 seconds left.\n|\n|t:|1776531461\n|switch|p2b: Tyranitar|Tyranitar, L50, M, shiny|96/100 par\n|-weather|Sandstorm|[from] ability: Sand Stream|[of] p2b: Tyranitar\n|move|p1b: Krookodile|Fissure|p2a: Incineroar\n|-damage|p2a: Incineroar|0 fnt\n|faint|p2a: Incineroar\n|-ohko\n|move|p1a: Hatterene|Draining Kiss|p2b: Tyranitar\n|-supereffective|p2b: Tyranitar|1\n|-crit|p2b: Tyranitar\n|-damage|p2b: Tyranitar|40/100 par\n|-heal|p1a: Hatterene|100/100|[from] drain|[of] p2b: Tyranitar\n|\n|-weather|Sandstorm|[upkeep]\n|-damage|p1a: Hatterene|94/100|[from] Sandstorm\n|upkeep\n|-message|ILACKSKILL3 forfeited.\n|\n|win|dragonmaster441\n|raw|dragonmaster441's rating: 1000 &rarr; <strong>1040</strong><br />(+40 for winning)\n|raw|ILACKSKILL3's rating: 1000 &rarr; <strong>1000</strong><br />(+0 for losing)\n|l|\u2606ILACKSKILL3\n|player|p2|\n|c|\u2606dragonmaster441|gg\n",
  "uploadtime": 1776531481,
  "views": 14,
  "formatid": "gen9championsvgc2026regma",
  "rating": 1000,
  "private": 0,
  "password": null
}