{
  "id": "gen9championsvgc2026regma-2587793681",
  "format": "[Gen 9 Champions] VGC 2026 Reg M-A",
  "players": [
    "cacamuerta",
    "taterstotz"
  ],
  "log": "|j|\u2606cacamuerta\n|j|\u203dtaterstotz\n|t:|1776564618\n|gametype|doubles\n|player|p1|cacamuerta|1|1412\n|player|p2|taterstotz|2|1558\n|gen|9\n|tier|[Gen 9 Champions] VGC 2026 Reg M-A\n|rated|\n|rule|Species Clause: Limit one of each Pok\u00e9mon\n|rule|Item Clause: Limit 1 of each item\n|clearpoke\n|poke|p1|Charizard, L50, F|\n|poke|p1|Incineroar, L50, F|\n|poke|p1|Hydreigon, L50, M|\n|poke|p1|Sneasler, L50, M|\n|poke|p1|Sinistcha, L50|\n|poke|p1|Milotic, L50, F|\n|poke|p2|Tyranitar, L50, F|\n|poke|p2|Excadrill, L50, F|\n|poke|p2|Rotom-Wash, L50|\n|poke|p2|Hawlucha, L50, F|\n|poke|p2|Sinistcha, L50|\n|poke|p2|Aegislash, L50, M|\n|teampreview|4\n|inactive|Battle timer is ON: inactive players will automatically lose when time's up. (requested by taterstotz)\n|inactive|taterstotz has 60 seconds left.\n|\n|t:|1776564674\n|teamsize|p1|4\n|teamsize|p2|4\n|start\n|switch|p1a: Sneasler|Sneasler, L50, M|100/100\n|switch|p1b: Incineroar|Incineroar, L50, F|100/100\n|switch|p2a: Hawlucha|Hawlucha, L50, F|100/100\n|switch|p2b: Rotom|Rotom-Wash, L50|100/100\n|-ability|p1b: Incineroar|Intimidate|boost\n|-unboost|p2a: Hawlucha|atk|1\n|-unboost|p2b: Rotom|atk|1\n|-enditem|p2a: Hawlucha|White Herb\n|-clearnegativeboost|p2a: Hawlucha|[silent]\n|turn|1\n|inactive|cacamuerta has 30 seconds left.\n|inactive|taterstotz has 30 seconds left.\n|\n|t:|1776564707\n|switch|p2b: Sinistcha|Sinistcha, L50|100/100\n|move|p2a: Hawlucha|Protect|p2a: Hawlucha\n|-singleturn|p2a: Hawlucha|Protect\n|move|p1a: Sneasler|Fake Out|p2a: Hawlucha\n|-activate|p2a: Hawlucha|move: Protect\n|move|p1b: Incineroar|Darkest Lariat|p2b: Sinistcha\n|-supereffective|p2b: Sinistcha|1\n|-damage|p2b: Sinistcha|27/100\n|-enditem|p2b: Sinistcha|Sitrus Berry|[eat]\n|-heal|p2b: Sinistcha|52/100|[from] item: Sitrus Berry\n|\n|upkeep\n|turn|2\n|\n|t:|1776564732\n|switch|p1a: Milotic|Milotic, L50, F|100/100\n|switch|p2b: Tyranitar|Tyranitar, L50, F|100/100\n|-weather|Sandstorm|[from] ability: Sand Stream|[of] p2b: Tyranitar\n|move|p2a: Hawlucha|Brave Bird|p1a: Milotic\n|-damage|p1a: Milotic|70/100\n|-damage|p2a: Hawlucha|87/100|[from] Recoil\n|move|p1b: Incineroar|Darkest Lariat|p2b: Tyranitar\n|-resisted|p2b: Tyranitar|1\n|-damage|p2b: Tyranitar|85/100\n|\n|-weather|Sandstorm|[upkeep]\n|-damage|p2a: Hawlucha|82/100|[from] Sandstorm\n|-damage|p1a: Milotic|64/100|[from] Sandstorm\n|-damage|p1b: Incineroar|95/100|[from] Sandstorm\n|-heal|p1a: Milotic|70/100|[from] item: Leftovers\n|upkeep\n|turn|3\n|inactive|cacamuerta has 30 seconds left.\n|inactive|taterstotz has 30 seconds left.\n|\n|t:|1776564758\n|switch|p2b: Sinistcha|Sinistcha, L50|52/100\n|-heal|p2a: Hawlucha|100/100|[from] ability: Hospitality|[of] p2b: Sinistcha\n|move|p2a: Hawlucha|Close Combat|p1b: Incineroar\n|-supereffective|p1b: Incineroar|1\n|-damage|p1b: Incineroar|10/100\n|-unboost|p2a: Hawlucha|def|1\n|-unboost|p2a: Hawlucha|spd|1\n|-enditem|p1b: Incineroar|Sitrus Berry|[eat]\n|-heal|p1b: Incineroar|35/100|[from] item: Sitrus Berry\n|move|p1a: Milotic|Scald|p2b: Sinistcha\n|-resisted|p2b: Sinistcha|1\n|-damage|p2b: Sinistcha|40/100\n|move|p1b: Incineroar|Flare Blitz|p2a: Hawlucha\n|-damage|p2a: Hawlucha|0 fnt\n|faint|p2a: Hawlucha\n|-damage|p1b: Incineroar|10/100|[from] Recoil\n|\n|-weather|Sandstorm|[upkeep]\n|-damage|p1a: Milotic|64/100|[from] Sandstorm\n|-damage|p2b: Sinistcha|34/100|[from] Sandstorm\n|-damage|p1b: Incineroar|4/100|[from] Sandstorm\n|-heal|p1a: Milotic|70/100|[from] item: Leftovers\n|upkeep\n|\n|t:|1776564774\n|switch|p2a: Rotom|Rotom-Wash, L50|100/100\n|turn|4\n|inactive|cacamuerta has 30 seconds left.\n|\n|t:|1776564800\n|switch|p1b: Sneasler|Sneasler, L50, M|100/100\n|move|p2a: Rotom|Volt Switch|p1b: Sneasler\n|-damage|p1b: Sneasler|57/100\n|\n|t:|1776564805\n|switch|p2a: Tyranitar|Tyranitar, L50, F|85/100|[from] Volt Switch\n|move|p1a: Milotic|Icy Wind|p2a: Tyranitar|[spread] p2a,p2b\n|-supereffective|p2b: Sinistcha|1\n|-damage|p2a: Tyranitar|80/100\n|-damage|p2b: Sinistcha|16/100\n|-unboost|p2a: Tyranitar|spe|1\n|-unboost|p2b: Sinistcha|spe|1\n|move|p2b: Sinistcha|Matcha Gotcha|p1a: Milotic|[spread] p1a,p1b\n|-supereffective|p1a: Milotic|1\n|-resisted|p1b: Sneasler|1\n|-damage|p1a: Milotic|37/100\n|-heal|p2b: Sinistcha|35/100|[from] drain|[of] p1a: Milotic\n|-damage|p1b: Sneasler|41/100\n|-heal|p2b: Sinistcha|42/100|[from] drain|[of] p1b: Sneasler\n|\n|-weather|Sandstorm|[upkeep]\n|-damage|p1b: Sneasler|36/100|[from] Sandstorm\n|-damage|p1a: Milotic|31/100|[from] Sandstorm\n|-damage|p2b: Sinistcha|36/100|[from] Sandstorm\n|-heal|p1a: Milotic|37/100|[from] item: Leftovers\n|upkeep\n|turn|5\n|inactive|cacamuerta has 30 seconds left.\n|inactive|taterstotz has 30 seconds left.\n|inactive|taterstotz has 20 seconds left.\n|\n|t:|1776564841\n|detailschange|p2a: Tyranitar|Tyranitar-Mega, L50, F\n|-mega|p2a: Tyranitar|Tyranitar|Tyranitarite\n|move|p2b: Sinistcha|Rage Powder|p2b: Sinistcha\n|-singleturn|p2b: Sinistcha|move: Rage Powder\n|move|p1b: Sneasler|Close Combat|p2b: Sinistcha\n|-immune|p2b: Sinistcha\n|move|p1a: Milotic|Recover|p1a: Milotic\n|-heal|p1a: Milotic|87/100\n|move|p2a: Tyranitar|Rock Slide|p1b: Sneasler|[spread] p1a,p1b\n|-resisted|p1b: Sneasler|1\n|-damage|p1a: Milotic|62/100\n|-damage|p1b: Sneasler|5/100\n|\n|-weather|Sandstorm|[upkeep]\n|-damage|p1b: Sneasler|0 fnt|[from] Sandstorm\n|-damage|p1a: Milotic|56/100|[from] Sandstorm\n|-damage|p2b: Sinistcha|31/100|[from] Sandstorm\n|faint|p1b: Sneasler\n|-heal|p1a: Milotic|62/100|[from] item: Leftovers\n|upkeep\n|\n|t:|1776564861\n|switch|p1b: Incineroar|Incineroar, L50, F|4/100\n|-ability|p1b: Incineroar|Intimidate|boost\n|-unboost|p2a: Tyranitar|atk|1\n|-unboost|p2b: Sinistcha|atk|1\n|turn|6\n|inactive|taterstotz has 30 seconds left.\n|\n|t:|1776564887\n|move|p1a: Milotic|Scald|p2a: Tyranitar\n|-supereffective|p2a: Tyranitar|1\n|-damage|p2a: Tyranitar|53/100\n|move|p1b: Incineroar|Darkest Lariat|p2b: Sinistcha\n|-supereffective|p2b: Sinistcha|1\n|-damage|p2b: Sinistcha|0 fnt\n|faint|p2b: Sinistcha\n|move|p2a: Tyranitar|Rock Slide|p1a: Milotic|[spread] p1a,p1b\n|-supereffective|p1b: Incineroar|1\n|-damage|p1a: Milotic|46/100\n|-damage|p1b: Incineroar|0 fnt\n|faint|p1b: Incineroar\n|\n|-weather|none\n|-heal|p1a: Milotic|52/100|[from] item: Leftovers\n|upkeep\n|\n|t:|1776564902\n|switch|p2b: Rotom|Rotom-Wash, L50|100/100\n|switch|p1b: Hydreigon|Hydreigon, L50, M|100/100\n|turn|7\n|\n|t:|1776564922\n|move|p1b: Hydreigon|Dark Pulse|p2b: Rotom\n|-damage|p2b: Rotom|58/100\n|move|p2b: Rotom|Thunderbolt|p1a: Milotic\n|-supereffective|p1a: Milotic|1\n|-damage|p1a: Milotic|0 fnt\n|faint|p1a: Milotic\n|move|p2a: Tyranitar|Superpower|p1b: Hydreigon\n|-supereffective|p1b: Hydreigon|1\n|-damage|p1b: Hydreigon|27/100\n|-unboost|p2a: Tyranitar|atk|1\n|-unboost|p2a: Tyranitar|def|1\n|\n|-heal|p2b: Rotom|64/100|[from] item: Leftovers\n|upkeep\n|turn|8\n|\n|t:|1776564939\n|move|p1b: Hydreigon|Draco Meteor|p2b: Rotom\n|-damage|p2b: Rotom|0 fnt\n|-unboost|p1b: Hydreigon|spa|2\n|faint|p2b: Rotom\n|move|p2a: Tyranitar|Superpower|p1b: Hydreigon\n|-supereffective|p1b: Hydreigon|1\n|-damage|p1b: Hydreigon|0 fnt\n|-unboost|p2a: Tyranitar|atk|1\n|-unboost|p2a: Tyranitar|def|1\n|faint|p1b: Hydreigon\n|\n|win|taterstotz\n|raw|cacamuerta's rating: 1412 &rarr; <strong>1400</strong><br />(-12 for losing)\n|raw|taterstotz's rating: 1558 &rarr; <strong>1570</strong><br />(+12 for winning)\n",
  "uploadtime": 1776565002,
  "views": 15,
  "formatid": "gen9championsvgc2026regma",
  "rating": 1400,
  "private": 0,
  "password": null
}