{
  "id": "gen9championsvgc2026regma-2582927908",
  "format": "[Gen 9 Champions] VGC 2026 Reg M-A",
  "players": [
    "gholdengogobbler",
    "Prohxy"
  ],
  "log": "|j|\u2606gholdengogobbler\n|j|\u2606Prohxy\n|t:|1776125753\n|gametype|doubles\n|player|p1|gholdengogobbler|tarragon|1000\n|player|p2|Prohxy|lorelei-lgpe|1023\n|gen|9\n|tier|[Gen 9 Champions] VGC 2026 Reg M-A\n|rated|\n|rule|Species Clause: Limit one of each Pok\u00e9mon\n|rule|Item Clause: Limit 1 of each item\n|clearpoke\n|poke|p1|Starmie, L50|\n|poke|p1|Tinkaton, L50, F|\n|poke|p1|Oranguru, L50, F|\n|poke|p1|Garchomp, L50, F|\n|poke|p1|Rotom-Wash, L50|\n|poke|p1|Aerodactyl, L50, F|\n|poke|p2|Alcremie, L50, F|\n|poke|p2|Sinistcha, L50|\n|poke|p2|Scizor, L50, M|\n|poke|p2|Politoed, L50, F|\n|poke|p2|Basculegion, L50, M|\n|poke|p2|Manectric, L50, F|\n|teampreview|4\ngholdengogobbler has agreed to open team sheets.\n|\n|t:|1776125791\n|teamsize|p1|4\n|teamsize|p2|4\n|start\n|switch|p1a: THERE'S A STARMAN|Starmie, L50|100/100\n|switch|p1b: Prune|Tinkaton, L50, F|100/100\n|switch|p2a: Politoed|Politoed, L50, F, shiny|100/100\n|switch|p2b: Basculegion|Basculegion, L50, M|100/100\n|-ability|p1b: Prune|Mold Breaker\n|-weather|RainDance|[from] ability: Drizzle|[of] p2a: Politoed\n|turn|1\n|\n|t:|1776125809\n|detailschange|p1a: THERE'S A STARMAN|Starmie-Mega, L50\n|-mega|p1a: THERE'S A STARMAN|Starmie|Starminite\n|move|p2b: Basculegion|Last Respects|p1a: THERE'S A STARMAN\n|-supereffective|p1a: THERE'S A STARMAN|1\n|-damage|p1a: THERE'S A STARMAN|33/100\n|move|p1a: THERE'S A STARMAN|Skill Swap|p1b: Prune\n|-activate|p1a: THERE'S A STARMAN|Skill Swap|||[of] p1b: Prune\n|-ability|p1a: THERE'S A STARMAN|Mold Breaker\n|move|p1b: Prune|Swords Dance|p1b: Prune\n|-boost|p1b: Prune|atk|2\n|move|p2a: Politoed|Icy Wind|p1a: THERE'S A STARMAN|[spread] p1a,p1b\n|-resisted|p1a: THERE'S A STARMAN|1\n|-resisted|p1b: Prune|1\n|-damage|p1a: THERE'S A STARMAN|28/100\n|-damage|p1b: Prune|95/100\n|-unboost|p1a: THERE'S A STARMAN|spe|1\n|-unboost|p1b: Prune|spe|1\n|\n|-weather|RainDance|[upkeep]\n|-heal|p1b: Prune|100/100|[from] item: Leftovers\n|upkeep\n|turn|2\n|\n|t:|1776125838\n|move|p1a: THERE'S A STARMAN|Protect|p1a: THERE'S A STARMAN\n|-singleturn|p1a: THERE'S A STARMAN|Protect\n|move|p2b: Basculegion|Last Respects|p1a: THERE'S A STARMAN\n|-activate|p1a: THERE'S A STARMAN|move: Protect\n|move|p1b: Prune|Swords Dance|p1b: Prune\n|-boost|p1b: Prune|atk|2\n|move|p2a: Politoed|Icy Wind|p1a: THERE'S A STARMAN|[spread] p1b\n|-activate|p1a: THERE'S A STARMAN|move: Protect\n|-resisted|p1b: Prune|1\n|-damage|p1b: Prune|95/100\n|-unboost|p1b: Prune|spe|1\n|\n|-weather|RainDance|[upkeep]\n|-heal|p1b: Prune|100/100|[from] item: Leftovers\n|upkeep\n|turn|3\n|\n|t:|1776125862\n|switch|p1a: Black Swan|Oranguru, L50, F, shiny|100/100\n|move|p2b: Basculegion|Last Respects|p1a: Black Swan\n|-immune|p1a: Black Swan\n|move|p2a: Politoed|Icy Wind|p1a: Black Swan|[spread] p1a,p1b\n|-resisted|p1b: Prune|1\n|-damage|p1a: Black Swan|95/100\n|-damage|p1b: Prune|96/100\n|-unboost|p1a: Black Swan|spe|1\n|-unboost|p1b: Prune|spe|1\n|move|p1b: Prune|Play Rough|p2a: Politoed\n|-damage|p2a: Politoed|0 fnt\n|faint|p2a: Politoed\n|\n|-weather|RainDance|[upkeep]\n|-heal|p1b: Prune|100/100|[from] item: Leftovers\n|upkeep\n|\n|t:|1776125880\n|switch|p2a: Scizor|Scizor, L50, M, shiny|100/100\n|turn|4\n|\n|t:|1776125903\n|detailschange|p2a: Scizor|Scizor-Mega, L50, M, shiny\n|-mega|p2a: Scizor|Scizor|Scizorite\n|move|p1b: Prune|Protect|p1b: Prune\n|-singleturn|p1b: Prune|Protect\n|move|p2b: Basculegion|Wave Crash|p1a: Black Swan\n|-damage|p1a: Black Swan|2/100\n|-enditem|p1a: Black Swan|Sitrus Berry|[eat]\n|-heal|p1a: Black Swan|27/100|[from] item: Sitrus Berry\n|-damage|p2b: Basculegion|70/100|[from] Recoil\n|move|p2a: Scizor|Close Combat|p1b: Prune\n|-activate|p1b: Prune|move: Protect\n|move|p1a: Black Swan|Trick Room|p1a: Black Swan\n|-fieldstart|move: Trick Room|[of] p1a: Black Swan\n|\n|-weather|RainDance|[upkeep]\n|upkeep\n|turn|5\n|\n|t:|1776125936\n|switch|p2a: Sinistcha|Sinistcha, L50|100/100\n|-heal|p2b: Basculegion|94/100|[from] ability: Hospitality|[of] p2a: Sinistcha\n|move|p1a: Black Swan|Knock Off|p2b: Basculegion\n|-supereffective|p2b: Basculegion|1\n|-damage|p2b: Basculegion|58/100\n|-enditem|p2b: Basculegion|Focus Sash|[from] move: Knock Off|[of] p1a: Black Swan\n|move|p1b: Prune|Gigaton Hammer|p2a: Sinistcha\n|-damage|p2a: Sinistcha|0 fnt\n|faint|p2a: Sinistcha\n|move|p2b: Basculegion|Wave Crash|p1a: Black Swan\n|-damage|p1a: Black Swan|0 fnt\n|faint|p1a: Black Swan\n|-damage|p2b: Basculegion|50/100|[from] Recoil\n|\n|-weather|none\n|upkeep\n|\n|t:|1776125957\n|switch|p1a: Rite of Descension|Aerodactyl, L50, F|100/100\n|switch|p2a: Scizor|Scizor-Mega, L50, M, shiny|100/100\n|-ability|p1a: Rite of Descension|Unnerve\n|turn|6\n|\n|t:|1776125972\n|move|p1a: Rite of Descension|Protect|p1a: Rite of Descension\n|-singleturn|p1a: Rite of Descension|Protect\n|move|p1b: Prune|Play Rough|p2b: Basculegion\n|-damage|p2b: Basculegion|0 fnt\n|faint|p2b: Basculegion\n|move|p2a: Scizor|Close Combat|p1b: Prune\n|-damage|p1b: Prune|31/100\n|-unboost|p2a: Scizor|def|1\n|-unboost|p2a: Scizor|spd|1\n|\n|-heal|p1b: Prune|37/100|[from] item: Leftovers\n|upkeep\n|turn|7\n|-message|Prohxy forfeited.\n|\n|win|gholdengogobbler\n|raw|gholdengogobbler's rating: 1000 &rarr; <strong>1043</strong><br />(+43 for winning)\n|raw|Prohxy's rating: 1023 &rarr; <strong>1009</strong><br />(-14 for losing)\n|l|\u2606Prohxy\n|player|p2|\n",
  "uploadtime": 1776125994,
  "views": 12,
  "formatid": "gen9championsvgc2026regma",
  "rating": 1009,
  "private": 0,
  "password": null
}