{
  "id": "gen9championsvgc2026regma-2584582470",
  "format": "[Gen 9 Champions] VGC 2026 Reg M-A",
  "players": [
    "jacklom",
    "Professor Turo"
  ],
  "log": "|j|\u2606jacklom\n|j|\u2606Professor Turo\n|t:|1776270206\n|gametype|doubles\n|player|p1|jacklom|cheryl|1179\n|player|p2|Professor Turo|turo-ai|1242\n|gen|9\n|tier|[Gen 9 Champions] VGC 2026 Reg M-A\n|rated|\n|rule|Species Clause: Limit one of each Pok\u00e9mon\n|rule|Item Clause: Limit 1 of each item\n|clearpoke\n|poke|p1|Delphox, L50, M|\n|poke|p1|Incineroar, L50, F|\n|poke|p1|Basculegion, L50, M|\n|poke|p1|Garchomp, L50, F|\n|poke|p1|Sneasler, L50, F|\n|poke|p1|Heliolisk, L50, F|\n|poke|p2|Pelipper, L50, M|\n|poke|p2|Archaludon, L50, M|\n|poke|p2|Basculegion, L50, M|\n|poke|p2|Greninja-*, L50, F|\n|poke|p2|Meganium, L50, F|\n|poke|p2|Sneasler, L50, F|\n|teampreview|4\n|inactive|Battle timer is ON: inactive players will automatically lose when time's up. (requested by Professor Turo)\n|j| Pennys No.1 Fan\n|inactive|jacklom has 60 seconds left.\n|\n|t:|1776270244\n|teamsize|p1|4\n|teamsize|p2|4\n|start\n|switch|p1a: Sneasler|Sneasler, L50, F|100/100\n|switch|p1b: Heliolisk|Heliolisk, L50, F|100/100\n|switch|p2a: Greninja|Greninja, L50, F|100/100\n|switch|p2b: Sneasler|Sneasler, L50, F|100/100\n|turn|1\n|\n|t:|1776270259\n|move|p2b: Sneasler|Fake Out|p1b: Heliolisk\n|-damage|p1b: Heliolisk|72/100\n|move|p1a: Sneasler|Fake Out|p2b: Sneasler\n|-damage|p2b: Sneasler|75/100\n|move|p2a: Greninja|Sludge Wave|p1a: Sneasler|[spread] p2b,p1a,p1b\n|-start|p2a: Greninja|typechange|Poison|[from] ability: Protean\n|-resisted|p2b: Sneasler|1\n|-resisted|p1a: Sneasler|1\n|-damage|p2b: Sneasler|55/100\n|-damage|p1a: Sneasler|79/100\n|-damage|p1b: Heliolisk|31/100\n|cant|p1b: Heliolisk|flinch\n|\n|upkeep\n|turn|2\n|\n|t:|1776270277\n|move|p1b: Heliolisk|Protect|p1b: Heliolisk\n|-singleturn|p1b: Heliolisk|Protect\n|move|p2a: Greninja|Sludge Wave|p1a: Sneasler|[spread] p2b,p1a\n|-activate|p1b: Heliolisk|move: Protect\n|-resisted|p2b: Sneasler|1\n|-resisted|p1a: Sneasler|1\n|-damage|p2b: Sneasler|35/100\n|-damage|p1a: Sneasler|57/100\n|move|p1a: Sneasler|Throat Chop|p2a: Greninja\n|-damage|p2a: Greninja|58/100\n|-start|p2a: Greninja|Throat Chop|[silent]\n|move|p2b: Sneasler|Close Combat|p1a: Sneasler\n|-resisted|p1a: Sneasler|1\n|-damage|p1a: Sneasler|1/100\n|-unboost|p2b: Sneasler|def|1\n|-unboost|p2b: Sneasler|spd|1\n|-enditem|p2b: Sneasler|White Herb\n|-clearnegativeboost|p2b: Sneasler|[silent]\n|\n|upkeep\n|turn|3\n|inactive|jacklom has 30 seconds left.\n|\n|t:|1776270303\n|switch|p1b: Garchomp|Garchomp, L50, F|100/100\n|move|p2b: Sneasler|Protect|p2b: Sneasler\n|-singleturn|p2b: Sneasler|Protect\n|move|p2a: Greninja|Sludge Wave|p1a: Sneasler|[spread] p1a,p1b\n|-activate|p2b: Sneasler|move: Protect\n|-resisted|p1a: Sneasler|1\n|-resisted|p1b: Garchomp|1\n|-damage|p1a: Sneasler|0 fnt\n|-damage|p1b: Garchomp|83/100\n|faint|p1a: Sneasler\n|\n|-end|p2a: Greninja|Throat Chop|[silent]\n|upkeep\n|\n|t:|1776270309\n|switch|p1a: Delphox|Delphox, L50, M|100/100\n|turn|4\n|\n|t:|1776270327\n|detailschange|p2a: Greninja|Greninja-Mega, L50, F\n|-mega|p2a: Greninja|Greninja|Greninjite\n|detailschange|p1a: Delphox|Delphox-Mega, L50, M\n|-mega|p1a: Delphox|Delphox|Delphoxite\n|move|p2b: Sneasler|Dire Claw|p1a: Delphox\n|-damage|p1a: Delphox|35/100\n|-status|p1a: Delphox|slp\n|move|p2a: Greninja|Ice Beam|p1b: Garchomp\n|-start|p2a: Greninja|typechange|Ice|[from] ability: Protean\n|-supereffective|p1b: Garchomp|2\n|-enditem|p1b: Garchomp|Yache Berry|[eat]\n|-enditem|p1b: Garchomp|Yache Berry|[weaken]\n|-damage|p1b: Garchomp|0 fnt\n|faint|p1b: Garchomp\n|cant|p1a: Delphox|slp\n|\n|upkeep\n|\n|t:|1776270341\n|switch|p1b: Heliolisk|Heliolisk, L50, F|31/100\n|turn|5\n|\n|t:|1776270356\n|move|p1b: Heliolisk|Protect|p1b: Heliolisk\n|-singleturn|p1b: Heliolisk|Protect\n|move|p2b: Sneasler|Close Combat|p1b: Heliolisk\n|-activate|p1b: Heliolisk|move: Protect\n|move|p2a: Greninja|Dark Pulse|p1a: Delphox\n|-supereffective|p1a: Delphox|1\n|-damage|p1a: Delphox|0 fnt\n|faint|p1a: Delphox\n|\n|upkeep\n|turn|6\n|c|\u2606Professor Turo|Gg wp\n|\n|t:|1776270366\n|move|p2b: Sneasler|Close Combat|p1b: Heliolisk\n|-supereffective|p1b: Heliolisk|1\n|-damage|p1b: Heliolisk|0 fnt\n|-unboost|p2b: Sneasler|def|1\n|-unboost|p2b: Sneasler|spd|1\n|faint|p1b: Heliolisk\n|\n|win|Professor Turo\n|raw|jacklom's rating: 1179 &rarr; <strong>1158</strong><br />(-21 for losing)\n|raw|Professor Turo's rating: 1242 &rarr; <strong>1263</strong><br />(+21 for winning)\n",
  "uploadtime": 1776270369,
  "views": 19,
  "formatid": "gen9championsvgc2026regma",
  "rating": 1158,
  "private": 0,
  "password": null
}