{
  "id": "gen9championsvgc2026regma-2586061474",
  "format": "[Gen 9 Champions] VGC 2026 Reg M-A",
  "players": [
    "wanderer1104",
    "Infern64"
  ],
  "log": "|j|\u2606wanderer1104\n|j|\u2606Infern64\n|t:|1776394916\n|gametype|doubles\n|player|p1|wanderer1104|101|1105\n|player|p2|Infern64|169|1149\n|gen|9\n|tier|[Gen 9 Champions] VGC 2026 Reg M-A\n|rated|\n|rule|Species Clause: Limit one of each Pok\u00e9mon\n|rule|Item Clause: Limit 1 of each item\n|clearpoke\n|poke|p1|Golurk, L50|\n|poke|p1|Torkoal, L50, F|\n|poke|p1|Incineroar, L50, F|\n|poke|p1|Sinistcha, L50|\n|poke|p1|Primarina, L50, M|\n|poke|p1|Farigiraf, L50, M|\n|poke|p2|Camerupt, L50, F|\n|poke|p2|Torkoal, L50, M|\n|poke|p2|Venusaur, L50, F|\n|poke|p2|Maushold, L50|\n|poke|p2|Farigiraf, L50, F|\n|poke|p2|Primarina, L50, M|\n|teampreview|4\n|\n|t:|1776394958\n|teamsize|p1|4\n|teamsize|p2|4\n|start\n|switch|p1a: Primarina|Primarina, L50, M|100/100\n|switch|p1b: Farigiraf|Farigiraf, L50, M|100/100\n|switch|p2a: Farigiraf|Farigiraf, L50, F|100/100\n|switch|p2b: Primarina|Primarina, L50, M|100/100\n|turn|1\n|c|\u2606wanderer1104|lol\n|\n|t:|1776394982\n|move|p1a: Primarina|Moonblast|p2b: Primarina\n|-damage|p2b: Primarina|56/100\n|move|p2b: Primarina|Moonblast|p1b: Farigiraf\n|-damage|p1b: Farigiraf|44/100\n|move|p2a: Farigiraf|Trick Room|p2a: Farigiraf\n|-fieldstart|move: Trick Room|[of] p2a: Farigiraf\n|move|p1b: Farigiraf|Trick Room|p1b: Farigiraf\n|-fieldend|move: Trick Room\n|\n|upkeep\n|turn|2\n|c|\u2606wanderer1104|lol\n|\n|t:|1776394999\n|move|p1a: Primarina|Moonblast|p2b: Primarina\n|-damage|p2b: Primarina|14/100\n|move|p2b: Primarina|Moonblast|p1b: Farigiraf\n|-damage|p1b: Farigiraf|0 fnt\n|faint|p1b: Farigiraf\n|move|p2a: Farigiraf|Trick Room|p2a: Farigiraf\n|-fieldstart|move: Trick Room|[of] p2a: Farigiraf\n|\n|upkeep\n|\n|t:|1776395012\n|switch|p1b: Incineroar|Incineroar, L50, F|100/100\n|-ability|p1b: Incineroar|Intimidate|boost\n|-unboost|p2a: Farigiraf|atk|1\n|-unboost|p2b: Primarina|atk|1\n|turn|3\n|\n|t:|1776395020\n|move|p1b: Incineroar|Fake Out||[still]\n|cant|p2a: Farigiraf|ability: Armor Tail|Fake Out|[of] p1b: Incineroar\n|move|p2a: Farigiraf|Nasty Plot|p2a: Farigiraf\n|-boost|p2a: Farigiraf|spa|2\n|move|p1a: Primarina|Moonblast|p2a: Farigiraf\n|-damage|p2a: Farigiraf|48/100\n|move|p2b: Primarina|Hyper Voice|p1b: Incineroar|[spread] p1a,p1b\n|-resisted|p1a: Primarina|1\n|-supereffective|p1b: Incineroar|1\n|-damage|p1a: Primarina|80/100\n|-damage|p1b: Incineroar|31/100\n|-enditem|p1b: Incineroar|Sitrus Berry|[eat]\n|-heal|p1b: Incineroar|56/100|[from] item: Sitrus Berry\n|\n|upkeep\n|turn|4\n|\n|t:|1776395041\n|move|p1a: Primarina|Protect|p1a: Primarina\n|-singleturn|p1a: Primarina|Protect\n|move|p2b: Primarina|Hyper Voice|p1b: Incineroar|[spread] p1b\n|-activate|p1a: Primarina|move: Protect\n|-supereffective|p1b: Incineroar|1\n|-damage|p1b: Incineroar|0 fnt\n|faint|p1b: Incineroar\n|move|p2a: Farigiraf|Hyper Voice|p1a: Primarina\n|-activate|p1a: Primarina|move: Protect\n|\n|upkeep\n|\n|t:|1776395050\n|switch|p1b: Golurk|Golurk, L50|100/100\n|turn|5\n|\n|t:|1776395062\n|detailschange|p1b: Golurk|Golurk-Mega, L50\n|-mega|p1b: Golurk|Golurk|Golurkite\n|move|p1a: Primarina|Moonblast|p2b: Primarina\n|-damage|p2b: Primarina|0 fnt\n|faint|p2b: Primarina\n|move|p1b: Golurk|Headlong Rush|p2a: Farigiraf\n|-damage|p2a: Farigiraf|0 fnt\n|-unboost|p1b: Golurk|def|1\n|-unboost|p1b: Golurk|spd|1\n|faint|p2a: Farigiraf\n|\n|upkeep\n|\n|t:|1776395072\n|switch|p2a: Camerupt|Camerupt, L50, F|100/100\n|switch|p2b: Torkoal|Torkoal, L50, M|100/100\n|-weather|SunnyDay|[from] ability: Drought|[of] p2b: Torkoal\n|turn|6\n|\n|t:|1776395090\n|detailschange|p2a: Camerupt|Camerupt-Mega, L50, F\n|-mega|p2a: Camerupt|Camerupt|Cameruptite\n|move|p2b: Torkoal|Solar Beam||[still]\n|-prepare|p2b: Torkoal|Solar Beam\n|-anim|p2b: Torkoal|Solar Beam|p1a: Primarina\n|-supereffective|p1a: Primarina|1\n|-damage|p1a: Primarina|15/100\n|move|p2a: Camerupt|Eruption|p1a: Primarina|[spread] p1b\n|-miss|p2a: Camerupt|p1a: Primarina\n|-damage|p1b: Golurk|0 fnt\n|faint|p1b: Golurk\n|move|p1a: Primarina|Hyper Voice|p2a: Camerupt|[spread] p2a,p2b\n|-supereffective|p2a: Camerupt|2\n|-supereffective|p2b: Torkoal|1\n|-damage|p2a: Camerupt|26/100\n|-damage|p2b: Torkoal|50/100\n|\n|-weather|SunnyDay|[upkeep]\n|-fieldend|move: Trick Room\n|upkeep\n|turn|7\n|\n|t:|1776395111\n|move|p1a: Primarina|Hyper Voice|p2b: Torkoal|[spread] p2a,p2b\n|-supereffective|p2a: Camerupt|2\n|-supereffective|p2b: Torkoal|1\n|-damage|p2a: Camerupt|0 fnt\n|-damage|p2b: Torkoal|2/100\n|faint|p2a: Camerupt\n|move|p2b: Torkoal|Solar Beam||[still]\n|-prepare|p2b: Torkoal|Solar Beam\n|-anim|p2b: Torkoal|Solar Beam|p1a: Primarina\n|-supereffective|p1a: Primarina|1\n|-damage|p1a: Primarina|0 fnt\n|faint|p1a: Primarina\n|\n|win|Infern64\n|raw|wanderer1104's rating: 1105 &rarr; <strong>1083</strong><br />(-22 for losing)\n|raw|Infern64's rating: 1149 &rarr; <strong>1171</strong><br />(+22 for winning)\n|c|\u2606wanderer1104|damn\n|l|\u2606wanderer1104\n|player|p1|\n",
  "uploadtime": 1776395139,
  "views": 15,
  "formatid": "gen9championsvgc2026regma",
  "rating": 1083,
  "private": 0,
  "password": null
}