{
  "id": "gen9championsvgc2026regma-2584939303",
  "format": "[Gen 9 Champions] VGC 2026 Reg M-A",
  "players": [
    "EDJPP",
    "coklulaska"
  ],
  "log": "|j|\u2606EDJPP\n|j|\u2606coklulaska\n|t:|1776296381\n|gametype|doubles\n|player|p1|EDJPP|volkner|\n|player|p2|coklulaska|birdkeeper|\n|gen|9\n|tier|[Gen 9 Champions] VGC 2026 Reg M-A\n|rated|Tournament battle\n|rule|Species Clause: Limit one of each Pok\u00e9mon\n|rule|Item Clause: Limit 1 of each item\n|clearpoke\n|poke|p1|Glaceon, L50, F|\n|poke|p1|Froslass, L50, F|\n|poke|p1|Sinistcha, L50|\n|poke|p1|Delphox, L50, F|\n|poke|p1|Gyarados, L50, M|\n|poke|p1|Aegislash, L50, F|\n|poke|p2|Drampa, L50, F|\n|poke|p2|Ninetales-Alola, L50, F|\n|poke|p2|Avalugg-Hisui, L50, F|\n|poke|p2|Wyrdeer, L50, M|\n|poke|p2|Primarina, L50, M|\n|poke|p2|Sinistcha, L50|\n|teampreview|4\n|inactive|Battle timer is ON: inactive players will automatically lose when time's up. (requested by EDJPP)\n|inactive|coklulaska has 60 seconds left.\n|\n|t:|1776296422\n|teamsize|p1|4\n|teamsize|p2|4\n|start\n|switch|p1a: Glaceon|Glaceon, L50, F|100/100\n|switch|p1b: Froslass|Froslass, L50, F|100/100\n|switch|p2a: Ninetales|Ninetales-Alola, L50, F|100/100\n|switch|p2b: Wyrdeer|Wyrdeer, L50, M|100/100\n|-weather|Snowscape|[from] ability: Snow Warning|[of] p2a: Ninetales\n|-ability|p2b: Wyrdeer|Intimidate|boost\n|-unboost|p1a: Glaceon|atk|1\n|-unboost|p1b: Froslass|atk|1\n|turn|1\n|inactive|EDJPP has 30 seconds left.\n|inactive|EDJPP has 20 seconds left.\n|inactive|EDJPP has 15 seconds left.\n|inactive|EDJPP has 10 seconds left.\n|inactive|EDJPP has 5 seconds left.\n|\n|t:|1776296477\n|move|p1b: Froslass|Aurora Veil|p1b: Froslass\n|-sidestart|p1: EDJPP|move: Aurora Veil\n|move|p2a: Ninetales|Aurora Veil|p2a: Ninetales\n|-sidestart|p2: coklulaska|move: Aurora Veil\n|move|p1a: Glaceon|Blizzard|p2a: Ninetales|[spread] p2a,p2b\n|-resisted|p2a: Ninetales|1\n|-damage|p2a: Ninetales|80/100\n|-damage|p2b: Wyrdeer|64/100\n|move|p2b: Wyrdeer|Trick Room|p2b: Wyrdeer\n|-fieldstart|move: Trick Room|[of] p2b: Wyrdeer\n|\n|-weather|Snowscape|[upkeep]\n|upkeep\n|turn|2\n|inactive|EDJPP has 30 seconds left.\n|inactive|coklulaska has 30 seconds left.\n|inactive|coklulaska has 20 seconds left.\n|\n|t:|1776296516\n|detailschange|p1b: Froslass|Froslass-Mega, L50, F\n|-mega|p1b: Froslass|Froslass|Froslassite\n|move|p1a: Glaceon|Blizzard|p2b: Wyrdeer|[spread] p2a,p2b\n|-resisted|p2a: Ninetales|1\n|-damage|p2a: Ninetales|59/100\n|-damage|p2b: Wyrdeer|28/100\n|move|p2b: Wyrdeer|Shadow Ball|p1b: Froslass\n|-supereffective|p1b: Froslass|1\n|-damage|p1b: Froslass|60/100\n|move|p2a: Ninetales|Moonblast|p1a: Glaceon\n|-damage|p1a: Glaceon|75/100\n|move|p1b: Froslass|Shadow Ball|p2a: Ninetales\n|-damage|p2a: Ninetales|26/100\n|-unboost|p2a: Ninetales|spd|1\n|\n|-weather|Snowscape|[upkeep]\n|upkeep\n|turn|3\n|\n|t:|1776296534\n|move|p1a: Glaceon|Blizzard|p2a: Ninetales|[spread] p2a,p2b\n|-resisted|p2a: Ninetales|1\n|-damage|p2a: Ninetales|0 fnt\n|-damage|p2b: Wyrdeer|0 fnt\n|faint|p2a: Ninetales\n|faint|p2b: Wyrdeer\n|move|p1b: Froslass|Nasty Plot|p1b: Froslass\n|-boost|p1b: Froslass|spa|2\n|\n|-weather|Snowscape|[upkeep]\n|upkeep\n|\n|t:|1776296543\n|switch|p2b: Sinistcha|Sinistcha, L50|100/100\n|switch|p2a: Avalugg|Avalugg-Hisui, L50, F|100/100\n|turn|4\n|\n|t:|1776296559\n|move|p2a: Avalugg|Rock Slide|p1b: Froslass|[spread] p1a,p1b\n|-supereffective|p1a: Glaceon|1\n|-supereffective|p1b: Froslass|1\n|-damage|p1a: Glaceon|47/100\n|-damage|p1b: Froslass|14/100\n|move|p1a: Glaceon|Blizzard|p2b: Sinistcha|[spread] p2a,p2b\n|-resisted|p2a: Avalugg|1\n|-supereffective|p2b: Sinistcha|1\n|-damage|p2a: Avalugg|63/100\n|-damage|p2b: Sinistcha|35/100\n|move|p2b: Sinistcha|Matcha Gotcha|p1a: Glaceon|[spread] p1a,p1b\n|-damage|p1a: Glaceon|31/100\n|-heal|p2b: Sinistcha|43/100|[from] drain|[of] p1a: Glaceon\n|-damage|p1b: Froslass|0 fnt\n|-heal|p2b: Sinistcha|49/100|[from] drain|[of] p1b: Froslass\n|-status|p1a: Glaceon|brn\n|faint|p1b: Froslass\n|\n|-weather|Snowscape|[upkeep]\n|-damage|p1a: Glaceon|25/100 brn|[from] brn\n|upkeep\n|\n|t:|1776296569\n|switch|p1b: Matcha|Sinistcha, L50|100/100\n|-heal|p1a: Glaceon|50/100 brn|[from] ability: Hospitality|[of] p1b: Matcha\n|turn|5\n|\n|t:|1776296590\n|switch|p1a: Aegislash|Aegislash, L50, F|100/100\n|move|p2a: Avalugg|Body Press|p1a: Aegislash\n|-immune|p1a: Aegislash\n|move|p2b: Sinistcha|Life Dew|p2b: Sinistcha|[spread] p2a,p2b\n|-heal|p2a: Avalugg|89/100\n|-heal|p2b: Sinistcha|74/100\n|move|p1b: Matcha|Matcha Gotcha|p2b: Sinistcha|[spread] p2a,p2b\n|-supereffective|p2a: Avalugg|1\n|-resisted|p2b: Sinistcha|1\n|-damage|p2a: Avalugg|25/100\n|-damage|p2b: Sinistcha|66/100\n|-status|p2b: Sinistcha|brn\n|\n|-weather|none\n|-damage|p2b: Sinistcha|59/100 brn|[from] brn\n|-sideend|p2: coklulaska|move: Aurora Veil\n|-sideend|p1: EDJPP|move: Aurora Veil\n|-fieldend|move: Trick Room\n|upkeep\n|turn|6\n|inactive|EDJPP has 30 seconds left.\n|\n|t:|1776296616\n|move|p2a: Avalugg|Protect|p2a: Avalugg\n|-singleturn|p2a: Avalugg|Protect\n|-formechange|p1a: Aegislash|Aegislash-Blade|\n|move|p1a: Aegislash|Poltergeist|p2b: Sinistcha\n|-activate|p2b: Sinistcha|move: Poltergeist|Occa Berry\n|-supereffective|p2b: Sinistcha|1\n|-damage|p2b: Sinistcha|0 fnt\n|faint|p2b: Sinistcha\n|move|p1b: Matcha|Matcha Gotcha|p2a: Avalugg\n|-activate|p2a: Avalugg|move: Protect\n|\n|upkeep\n|turn|7\n|\n|t:|1776296628\n|move|p1b: Matcha|Rage Powder|p1b: Matcha\n|-singleturn|p1b: Matcha|move: Rage Powder\n|move|p1a: Aegislash|Iron Head|p2a: Avalugg\n|-supereffective|p2a: Avalugg|2\n|-damage|p2a: Avalugg|0 fnt\n|faint|p2a: Avalugg\n|\n|win|EDJPP\n|n|\u2606EDJPP|edjpp\n|n|\u2606coklulaska|coklulaska\n|c|\u2606EDJPP|gg\n",
  "uploadtime": 1776296634,
  "views": 16,
  "formatid": "gen9championsvgc2026regma",
  "rating": null,
  "private": 0,
  "password": null
}