{
  "id": "gen9championsvgc2026regma-2583898130",
  "format": "[Gen 9 Champions] VGC 2026 Reg M-A",
  "players": [
    "terrensosaurex",
    "Scaramouche_UwU6"
  ],
  "log": "|j|\u2606terrensosaurex\n|j|\u2606Scaramouche_UwU6\n|t:|1776206487\n|gametype|doubles\n|player|p1|terrensosaurex|1|1075\n|player|p2|Scaramouche_UwU6|zinzolin|1069\n|gen|9\n|tier|[Gen 9 Champions] VGC 2026 Reg M-A\n|rated|\n|rule|Species Clause: Limit one of each Pok\u00e9mon\n|rule|Item Clause: Limit 1 of each item\n|clearpoke\n|poke|p1|Archaludon, L50, M|\n|poke|p1|Pelipper, L50, F|\n|poke|p1|Palafin, L50, M|\n|poke|p1|Pikachu, L50, M|\n|poke|p1|Meganium, L50, M|\n|poke|p1|Aerodactyl, L50, F|\n|poke|p2|Gyarados, L50, M|\n|poke|p2|Gengar, L50, M|\n|poke|p2|Incineroar, L50, M|\n|poke|p2|Ninetales-Alola, L50, F|\n|poke|p2|Corviknight, L50, M|\n|poke|p2|Garchomp, L50, M|\n|teampreview|4\n|inactive|Battle timer is ON: inactive players will automatically lose when time's up. (requested by Scaramouche_UwU6)\n|\n|t:|1776206514\n|teamsize|p1|4\n|teamsize|p2|4\n|start\n|switch|p1a: Pikachu|Pikachu, L50, M|100/100\n|switch|p1b: Palafin|Palafin, L50, M|100/100\n|switch|p2a: Aha|Gengar, L50, M|100/100\n|switch|p2b: Garchomp|Garchomp, L50, M|100/100\n|turn|1\n|\n|t:|1776206529\n|move|p2a: Aha|Protect|p2a: Aha\n|-singleturn|p2a: Aha|Protect\n|move|p1a: Pikachu|Fake Out|p2b: Garchomp\n|-damage|p2b: Garchomp|90/100\n|-damage|p1a: Pikachu|88/100|[from] ability: Rough Skin|[of] p2b: Garchomp\n|move|p1b: Palafin|Jet Punch|p2a: Aha\n|-activate|p2a: Aha|move: Protect\n|cant|p2b: Garchomp|flinch\n|\n|upkeep\n|turn|2\n|\n|t:|1776206546\n|detailschange|p1b: Palafin|Palafin-Hero, L50, M\n|switch|p1b: Meganium|Meganium, L50, M|100/100\n|switch|p1a: Pelipper|Pelipper, L50, F|100/100\n|-weather|RainDance|[from] ability: Drizzle|[of] p1a: Pelipper\n|detailschange|p2a: Aha|Gengar-Mega, L50, M\n|-mega|p2a: Aha|Gengar|Gengarite\n|move|p2b: Garchomp|Stomping Tantrum|p1a: Pelipper\n|-immune|p1a: Pelipper\n|move|p2a: Aha|Will-O-Wisp|p1b: Meganium\n|-status|p1b: Meganium|brn\n|\n|-weather|RainDance|[upkeep]\n|-damage|p1b: Meganium|95/100 brn|[from] brn\n|upkeep\n|turn|3\n|inactive|terrensosaurex has 30 seconds left.\n|\n|t:|1776206573\n|switch|p2b: Gemma|Ninetales-Alola, L50, F|100/100\n|-weather|Snowscape|[from] ability: Snow Warning|[of] p2b: Gemma\n|detailschange|p1b: Meganium|Meganium-Mega, L50, M\n|-mega|p1b: Meganium|Meganium|Meganiumite\n|move|p1b: Meganium|Protect|p1b: Meganium\n|-singleturn|p1b: Meganium|Protect\n|move|p2a: Aha|Sludge Bomb|p1b: Meganium\n|-activate|p1b: Meganium|move: Protect\n|move|p1a: Pelipper|Tailwind|p1a: Pelipper\n|-sidestart|p1: terrensosaurex|move: Tailwind\n|\n|-weather|Snowscape|[upkeep]\n|-damage|p1b: Meganium|89/100 brn|[from] brn\n|upkeep\n|turn|4\n|\n|t:|1776206595\n|switch|p2b: Funeral|Incineroar, L50, M, shiny|100/100\n|-ability|p2b: Funeral|Intimidate|boost\n|-unboost|p1a: Pelipper|atk|1\n|-unboost|p1b: Meganium|atk|1\n|move|p2a: Aha|Protect|p2a: Aha\n|-singleturn|p2a: Aha|Protect\n|move|p1b: Meganium|Weather Ball|p2a: Aha\n|-activate|p2a: Aha|move: Protect\n|move|p1a: Pelipper|Weather Ball|p2a: Aha\n|-activate|p2a: Aha|move: Protect\n|\n|-weather|Snowscape|[upkeep]\n|-damage|p1b: Meganium|83/100 brn|[from] brn\n|upkeep\n|turn|5\n|\n|t:|1776206613\n|move|p1b: Meganium|Protect|p1b: Meganium\n|-singleturn|p1b: Meganium|Protect\n|move|p2b: Funeral|Fake Out|p1a: Pelipper\n|-damage|p1a: Pelipper|87/100\n|move|p2a: Aha|Shadow Ball|p1a: Pelipper\n|-damage|p1a: Pelipper|23/100\n|cant|p1a: Pelipper|flinch\n|\n|-weather|Snowscape|[upkeep]\n|-damage|p1b: Meganium|77/100 brn|[from] brn\n|upkeep\n|turn|6\n|\n|t:|1776206626\n|move|p2a: Aha|Protect|p2a: Aha\n|-singleturn|p2a: Aha|Protect\n|move|p1b: Meganium|Weather Ball|p2a: Aha\n|-activate|p2a: Aha|move: Protect\n|move|p1a: Pelipper|Rain Dance|p1a: Pelipper\n|-weather|RainDance\n|move|p2b: Funeral|Parting Shot|p1b: Meganium\n|-unboost|p1b: Meganium|atk|1\n|-unboost|p1b: Meganium|spa|1\n|\n|t:|1776206634\n|switch|p2b: Gemma|Ninetales-Alola, L50, F|100/100|[from] Parting Shot\n|-weather|Snowscape|[from] ability: Snow Warning|[of] p2b: Gemma\n|\n|-weather|Snowscape|[upkeep]\n|-damage|p1b: Meganium|71/100 brn|[from] brn\n|-sideend|p1: terrensosaurex|move: Tailwind\n|upkeep\n|turn|7\n|-message|terrensosaurex forfeited.\n|\n|win|Scaramouche_UwU6\n|raw|terrensosaurex's rating: 1075 &rarr; <strong>1053</strong><br />(-22 for losing)\n|raw|Scaramouche_UwU6's rating: 1069 &rarr; <strong>1099</strong><br />(+30 for winning)\n|l|\u2606terrensosaurex\n|player|p1|\n",
  "uploadtime": 1776206641,
  "views": 15,
  "formatid": "gen9championsvgc2026regma",
  "rating": 1053,
  "private": 0,
  "password": null
}