{
  "id": "gen9championsvgc2026regma-2583617916",
  "format": "[Gen 9 Champions] VGC 2026 Reg M-A",
  "players": [
    "trotino",
    "PokeMooney"
  ],
  "log": "|j|\u2606trotino\n|j|\u2606PokeMooney\n|t:|1776186847\n|gametype|doubles\n|player|p1|trotino|101|1128\n|player|p2|PokeMooney|giovanni|1221\n|gen|9\n|tier|[Gen 9 Champions] VGC 2026 Reg M-A\n|rated|\n|rule|Species Clause: Limit one of each Pok\u00e9mon\n|rule|Item Clause: Limit 1 of each item\n|clearpoke\n|poke|p1|Farigiraf, L50, F|\n|poke|p1|Meganium, L50, F|\n|poke|p1|Milotic, L50, F|\n|poke|p1|Maushold-Four, L50|\n|poke|p1|Pelipper, L50, F|\n|poke|p1|Feraligatr, L50, F|\n|poke|p2|Incineroar, L50, F|\n|poke|p2|Floette-Eternal, L50, F|\n|poke|p2|Dragonite, L50, M|\n|poke|p2|Orthworm, L50, F|\n|poke|p2|Sinistcha, L50|\n|poke|p2|Garchomp, L50, F|\n|teampreview|4\n|inactive|Battle timer is ON: inactive players will automatically lose when time's up. (requested by trotino)\n|l|\u2606trotino\n|inactive|trotino disconnected and has a minute to reconnect!\n|player|p1|\n|j|\u2606trotino\n|inactive|trotino reconnected.\n|player|p1|trotino|101|\n|inactive|PokeMooney has 60 seconds left.\n|\n|t:|1776186905\n|teamsize|p1|4\n|teamsize|p2|4\n|start\n|switch|p1a: Milotic|Milotic, L50, F|100/100\n|switch|p1b: Pelipper|Pelipper, L50, F|100/100\n|switch|p2a: Orthworm|Orthworm, L50, F|100/100\n|switch|p2b: Garchomp|Garchomp, L50, F|100/100\n|-weather|RainDance|[from] ability: Drizzle|[of] p1b: Pelipper\n|turn|1\n|\n|t:|1776186920\n|move|p2b: Garchomp|Rock Slide|p1a: Milotic|[spread] p1a,p1b\n|-supereffective|p1b: Pelipper|1\n|-damage|p1a: Milotic|83/100\n|-damage|p1b: Pelipper|47/100\n|cant|p1b: Pelipper|flinch\n|move|p1a: Milotic|Ice Beam|p2b: Garchomp\n|-supereffective|p2b: Garchomp|2\n|-damage|p2b: Garchomp|0 fnt\n|faint|p2b: Garchomp\n|move|p2a: Orthworm|Shed Tail|p2a: Orthworm\n|-start|p2a: Orthworm|Substitute|[from] move: Shed Tail\n|-damage|p2a: Orthworm|50/100\n|-enditem|p2a: Orthworm|Sitrus Berry|[eat]\n|-heal|p2a: Orthworm|75/100|[from] item: Sitrus Berry\n|\n|t:|1776186938\n|switch|p2a: Floette|Floette-Eternal, L50, F|100/100|[from] Shed Tail\n|\n|-weather|RainDance|[upkeep]\n|-heal|p1a: Milotic|89/100|[from] item: Leftovers\n|upkeep\n|\n|t:|1776186948\n|switch|p2b: Sinistcha|Sinistcha, L50|100/100\n|turn|2\n|\n|t:|1776186959\n|detailschange|p2a: Floette|Floette-Mega, L50, F\n|-mega|p2a: Floette|Floette|Floettite\n|-ability|p2a: Floette|Fairy Aura\n|move|p2b: Sinistcha|Protect|p2b: Sinistcha\n|-singleturn|p2b: Sinistcha|Protect\n|move|p1b: Pelipper|Hurricane|p2b: Sinistcha\n|-activate|p2b: Sinistcha|move: Protect\n|move|p2a: Floette|Calm Mind|p2a: Floette\n|-boost|p2a: Floette|spa|1\n|-boost|p2a: Floette|spd|1\n|move|p1a: Milotic|Ice Beam|p2b: Sinistcha\n|-activate|p2b: Sinistcha|move: Protect\n|\n|-weather|RainDance|[upkeep]\n|-heal|p1a: Milotic|95/100|[from] item: Leftovers\n|upkeep\n|turn|3\n|l|\u2606trotino\n|inactive|trotino disconnected and has a minute to reconnect!\n|player|p1|\n|\n|t:|1776186984\n|switch|p2b: Orthworm|Orthworm, L50, F|75/100\n|move|p1b: Pelipper|Hurricane|p2b: Orthworm\n|-resisted|p2b: Orthworm|1\n|-damage|p2b: Orthworm|49/100\n|-start|p2b: Orthworm|confusion\n|move|p2a: Floette|Calm Mind|p2a: Floette\n|-boost|p2a: Floette|spa|1\n|-boost|p2a: Floette|spd|1\n|move|p1a: Milotic|Ice Beam|p2b: Orthworm\n|-resisted|p2b: Orthworm|1\n|-damage|p2b: Orthworm|37/100\n|-status|p2b: Orthworm|frz\n|\n|-weather|RainDance|[upkeep]\n|-heal|p1a: Milotic|100/100|[from] item: Leftovers\n|upkeep\n|turn|4\n|j|\u2606trotino\n|inactive|trotino reconnected and has 55 seconds left.\n|player|p1|trotino|101|\n|c|\u2606PokeMooney|Lmao\n|inactive|PokeMooney has 30 seconds left.\n|c|\u2606PokeMooney|Fuck this guy in particular\n|\n|t:|1776187018\n|move|p1b: Pelipper|Hurricane|p2a: Floette\n|-activate|p2a: Floette|move: Substitute|[damage]\n|move|p2a: Floette|Dazzling Gleam|p1a: Milotic|[spread] p1a,p1b\n|-damage|p1a: Milotic|35/100\n|-damage|p1b: Pelipper|0 fnt\n|faint|p1b: Pelipper\n|move|p1a: Milotic|Scald|p2a: Floette\n|-end|p2a: Floette|Substitute\n|cant|p2b: Orthworm|frz\n|\n|-weather|RainDance|[upkeep]\n|-heal|p1a: Milotic|41/100|[from] item: Leftovers\n|upkeep\n|\n|t:|1776187025\n|switch|p1b: Feraligatr|Feraligatr, L50, F|100/100\n|turn|5\n|\n|t:|1776187041\n|switch|p1a: Farigiraf|Farigiraf, L50, F|100/100\n|detailschange|p1b: Feraligatr|Feraligatr-Mega, L50, F\n|-mega|p1b: Feraligatr|Feraligatr|Feraligite\n|move|p2a: Floette|Dazzling Gleam|p1b: Feraligatr|[spread] p1a,p1b\n|-supereffective|p1b: Feraligatr|1\n|-damage|p1a: Farigiraf|0 fnt\n|-damage|p1b: Feraligatr|0 fnt\n|faint|p1a: Farigiraf\n|faint|p1b: Feraligatr\n|cant|p2b: Orthworm|frz\n|\n|-weather|none\n|upkeep\n|-message|trotino forfeited.\n|\n|win|PokeMooney\n|raw|trotino's rating: 1128 &rarr; <strong>1110</strong><br />(-18 for losing)\n|raw|PokeMooney's rating: 1221 &rarr; <strong>1239</strong><br />(+18 for winning)\n|l|\u2606trotino\n|player|p1|\n",
  "uploadtime": 1776187011,
  "views": 16,
  "formatid": "gen9championsvgc2026regma",
  "rating": 1110,
  "private": 0,
  "password": null
}