{
  "id": "gen9championsvgc2026regma-2587009292",
  "format": "[Gen 9 Champions] VGC 2026 Reg M-A",
  "players": [
    "suc vat vk",
    "2sweep4u"
  ],
  "log": "|j|\u2606suc vat vk\n|j|\u26062sweep4u\n|t:|1776480810\n|gametype|doubles\n|player|p1|suc vat vk|kimonogirl|1140\n|player|p2|2sweep4u|unknownf|1104\n|gen|9\n|tier|[Gen 9 Champions] VGC 2026 Reg M-A\n|rated|\n|rule|Species Clause: Limit one of each Pok\u00e9mon\n|rule|Item Clause: Limit 1 of each item\n|clearpoke\n|poke|p1|Incineroar, L50, M|\n|poke|p1|Sneasler, L50, F|\n|poke|p1|Floette-Eternal, L50, F|\n|poke|p1|Aegislash, L50, M|\n|poke|p1|Talonflame, L50, F|\n|poke|p1|Sinistcha, L50|\n|poke|p2|Sinistcha-Masterpiece, L50|\n|poke|p2|Tyranitar, L50, F|\n|poke|p2|Excadrill, L50, F|\n|poke|p2|Incineroar, L50, M|\n|poke|p2|Milotic, L50, M|\n|poke|p2|Corviknight, L50, F|\n|teampreview|4\n|inactive|Battle timer is ON: inactive players will automatically lose when time's up. (requested by suc vat vk)\n|inactive|2sweep4u has 60 seconds left.\n|\n|t:|1776480918\n|teamsize|p1|4\n|teamsize|p2|4\n|start\n|switch|p1a: Sneasler|Sneasler, L50, F, shiny|100/100\n|switch|p1b: Floette|Floette-Eternal, L50, F, shiny|100/100\n|switch|p2a: Incineroar|Incineroar, L50, M|100/100\n|switch|p2b: Tyranitar|Tyranitar, L50, F|100/100\n|-weather|Sandstorm|[from] ability: Sand Stream|[of] p2b: Tyranitar\n|-ability|p2a: Incineroar|Intimidate|boost\n|-unboost|p1a: Sneasler|atk|1\n|-unboost|p1b: Floette|atk|1\n|-enditem|p1a: Sneasler|White Herb\n|-clearnegativeboost|p1a: Sneasler|[silent]\n|turn|1\n|\n|t:|1776480943\n|switch|p2a: Corviknight|Corviknight, L50, F|100/100\n|detailschange|p1b: Floette|Floette-Mega, L50, F, shiny\n|-mega|p1b: Floette|Floette|Floettite\n|-ability|p1b: Floette|Fairy Aura\n|move|p2b: Tyranitar|Protect|p2b: Tyranitar\n|-singleturn|p2b: Tyranitar|Protect\n|move|p1a: Sneasler|Fake Out|p2a: Corviknight\n|-resisted|p2a: Corviknight|1\n|-damage|p2a: Corviknight|95/100\n|move|p1b: Floette|Calm Mind|p1b: Floette\n|-boost|p1b: Floette|spa|1\n|-boost|p1b: Floette|spd|1\n|\n|-weather|Sandstorm|[upkeep]\n|-damage|p1a: Sneasler|95/100|[from] Sandstorm\n|-damage|p1b: Floette|94/100|[from] Sandstorm\n|-heal|p2a: Corviknight|100/100|[from] item: Leftovers\n|upkeep\n|turn|2\n|\n|t:|1776480967\n|switch|p2b: Incineroar|Incineroar, L50, M|100/100\n|-ability|p2b: Incineroar|Intimidate|boost\n|-unboost|p1a: Sneasler|atk|1\n|-unboost|p1b: Floette|atk|1\n|move|p1a: Sneasler|Close Combat|p2a: Corviknight\n|-damage|p2a: Corviknight|64/100\n|-unboost|p1a: Sneasler|def|1\n|-unboost|p1a: Sneasler|spd|1\n|move|p1b: Floette|Moonblast|p2a: Corviknight\n|-resisted|p2a: Corviknight|1\n|-damage|p2a: Corviknight|16/100\n|move|p2a: Corviknight|Tailwind|p2a: Corviknight\n|-sidestart|p2: 2sweep4u|move: Tailwind\n|\n|-weather|Sandstorm|[upkeep]\n|-damage|p1a: Sneasler|89/100|[from] Sandstorm\n|-damage|p2b: Incineroar|95/100|[from] Sandstorm\n|-damage|p1b: Floette|88/100|[from] Sandstorm\n|-heal|p2a: Corviknight|21/100|[from] item: Leftovers\n|upkeep\n|turn|3\n|inactive|2sweep4u has 30 seconds left.\n|\n|t:|1776480995\n|switch|p1a: Aegislash|Aegislash, L50, M|100/100\n|move|p1b: Floette|Protect|p1b: Floette\n|-singleturn|p1b: Floette|Protect\n|move|p2b: Incineroar|Fake Out|p1b: Floette\n|-activate|p1b: Floette|move: Protect\n|move|p2a: Corviknight|Bulk Up|p2a: Corviknight\n|-boost|p2a: Corviknight|atk|1\n|-boost|p2a: Corviknight|def|1\n|\n|-weather|Sandstorm|[upkeep]\n|-damage|p2b: Incineroar|89/100|[from] Sandstorm\n|-damage|p1b: Floette|82/100|[from] Sandstorm\n|-heal|p2a: Corviknight|27/100|[from] item: Leftovers\n|upkeep\n|turn|4\n|inactive|suc vat vk has 30 seconds left.\n|inactive|2sweep4u has 30 seconds left.\n|\n|t:|1776481022\n|switch|p1b: Sneasler|Sneasler, L50, F, shiny|89/100\n|move|p2a: Corviknight|Brave Bird|p1b: Sneasler\n|-supereffective|p1b: Sneasler|1\n|-damage|p1b: Sneasler|0 fnt\n|faint|p1b: Sneasler\n|-damage|p2a: Corviknight|5/100|[from] Recoil\n|move|p2b: Incineroar|Flare Blitz|p1a: Aegislash\n|-supereffective|p1a: Aegislash|1\n|-damage|p1a: Aegislash|38/100\n|-damage|p2b: Incineroar|72/100|[from] Recoil\n|-formechange|p1a: Aegislash|Aegislash-Blade|\n|move|p1a: Aegislash|Sacred Sword|p2a: Corviknight\n|-damage|p2a: Corviknight|0 fnt\n|faint|p2a: Corviknight\n|\n|-weather|Sandstorm|[upkeep]\n|-damage|p2b: Incineroar|66/100|[from] Sandstorm\n|-heal|p1a: Aegislash|44/100|[from] item: Leftovers\n|upkeep\n|\n|t:|1776481041\n|switch|p1b: Floette|Floette-Mega, L50, F, shiny|82/100\n|switch|p2a: Excadrill|Excadrill, L50, F|100/100\n|-ability|p1b: Floette|Fairy Aura\n|turn|5\n|\n|t:|1776481062\n|move|p1b: Floette|Protect|p1b: Floette\n|-singleturn|p1b: Floette|Protect\n|-formechange|p1a: Aegislash|Aegislash|\n|move|p1a: Aegislash|King's Shield|p1a: Aegislash\n|-singleturn|p1a: Aegislash|Protect\n|move|p2a: Excadrill|Stomping Tantrum|p1a: Aegislash\n|-activate|p1a: Aegislash|move: Protect\n|-unboost|p2a: Excadrill|atk|1\n|move|p2b: Incineroar|Parting Shot|p1b: Floette\n|-activate|p1b: Floette|move: Protect\n|\n|-weather|none\n|-heal|p1a: Aegislash|50/100|[from] item: Leftovers\n|-sideend|p2: 2sweep4u|move: Tailwind\n|upkeep\n|turn|6\n|inactive|suc vat vk has 30 seconds left.\n|inactive|suc vat vk has 20 seconds left.\n|inactive|suc vat vk has 15 seconds left.\n|\n|t:|1776481103\n|move|p2a: Excadrill|Iron Head|p1b: Floette\n|-supereffective|p1b: Floette|1\n|-damage|p1b: Floette|10/100\n|move|p1b: Floette|Dazzling Gleam|p2a: Excadrill|[spread] p2a,p2b\n|-resisted|p2a: Excadrill|1\n|-damage|p2a: Excadrill|70/100\n|-damage|p2b: Incineroar|28/100\n|-enditem|p2b: Incineroar|Sitrus Berry|[eat]\n|-heal|p2b: Incineroar|53/100|[from] item: Sitrus Berry\n|move|p2b: Incineroar|Flare Blitz|p1a: Aegislash\n|-supereffective|p1a: Aegislash|1\n|-damage|p1a: Aegislash|0 fnt\n|faint|p1a: Aegislash\n|-damage|p2b: Incineroar|40/100|[from] Recoil\n|\n|upkeep\n|\n|t:|1776481108\n|switch|p1a: Talonflame|Talonflame, L50, F, shiny|100/100\n|turn|7\n|\n|t:|1776481122\n|switch|p2b: Tyranitar|Tyranitar, L50, F|100/100\n|-weather|Sandstorm|[from] ability: Sand Stream|[of] p2b: Tyranitar\n|move|p2a: Excadrill|Protect|p2a: Excadrill\n|-singleturn|p2a: Excadrill|Protect\n|move|p1b: Floette|Protect|p1b: Floette\n|-singleturn|p1b: Floette|Protect\n|move|p1a: Talonflame|Flare Blitz|p2a: Excadrill\n|-activate|p2a: Excadrill|move: Protect\n|\n|-weather|Sandstorm|[upkeep]\n|-damage|p1a: Talonflame|95/100|[from] Sandstorm\n|-damage|p1b: Floette|4/100|[from] Sandstorm\n|upkeep\n|turn|8\n|inactive|2sweep4u has 30 seconds left.\n|\n|t:|1776481148\n|detailschange|p2b: Tyranitar|Tyranitar-Mega, L50, F\n|-mega|p2b: Tyranitar|Tyranitar|Tyranitarite\n|move|p2b: Tyranitar|Protect|p2b: Tyranitar\n|-singleturn|p2b: Tyranitar|Protect\n|move|p2a: Excadrill|Rock Slide|p1b: Floette|[spread] p1a,p1b\n|-supereffective|p1a: Talonflame|2\n|-damage|p1a: Talonflame|10/100\n|-damage|p1b: Floette|0 fnt\n|faint|p1b: Floette\n|cant|p1a: Talonflame|flinch\n|\n|-weather|Sandstorm|[upkeep]\n|-damage|p1a: Talonflame|4/100|[from] Sandstorm\n|upkeep\n|turn|9\n|inactive|suc vat vk has 30 seconds left.\n|-message|suc vat vk forfeited.\n|\n|win|2sweep4u\n|raw|suc vat vk's rating: 1140 &rarr; <strong>1112</strong><br />(-28 for losing)\n|raw|2sweep4u's rating: 1104 &rarr; <strong>1132</strong><br />(+28 for winning)\n",
  "uploadtime": 1776481175,
  "views": 13,
  "formatid": "gen9championsvgc2026regma",
  "rating": 1112,
  "private": 0,
  "password": null
}