{
  "id": "gen9championsvgc2026regma-2583584115",
  "format": "[Gen 9 Champions] VGC 2026 Reg M-A",
  "players": [
    "EmYsss",
    "Akvagirl"
  ],
  "log": "|j|\u2606EmYsss\n|j|\u2606Akvagirl\n|t:|1776184809\n|gametype|doubles\n|player|p1|EmYsss|170|1071\n|player|p2|Akvagirl|102|1085\n|gen|9\n|tier|[Gen 9 Champions] VGC 2026 Reg M-A\n|rated|\n|rule|Species Clause: Limit one of each Pok\u00e9mon\n|rule|Item Clause: Limit 1 of each item\n|clearpoke\n|poke|p1|Gallade, L50, M|\n|poke|p1|Farigiraf, L50, F|\n|poke|p1|Whimsicott, L50, M|\n|poke|p1|Crabominable, L50, M|\n|poke|p1|Pelipper, L50, F|\n|poke|p1|Sinistcha, L50|\n|poke|p2|Pelipper, L50, M|\n|poke|p2|Manectric, L50, M|\n|poke|p2|Sinistcha, L50|\n|poke|p2|Archaludon, L50, M|\n|poke|p2|Basculegion, L50, M|\n|poke|p2|Sneasler, L50, M|\n|teampreview|4\n|inactive|Battle timer is ON: inactive players will automatically lose when time's up. (requested by EmYsss)\n|\n|t:|1776184882\n|teamsize|p1|4\n|teamsize|p2|4\n|start\n|switch|p1a: Gallade|Gallade, L50, M|100/100\n|switch|p1b: Farigiraf|Farigiraf, L50, F|100/100\n|switch|p2a: Manectric|Manectric, L50, M|100/100\n|switch|p2b: Basculegion|Basculegion, L50, M|100/100\n|turn|1\n|inactive|Akvagirl has 30 seconds left.\n|inactive|Akvagirl has 20 seconds left.\n|inactive|Akvagirl has 15 seconds left.\n|inactive|Akvagirl has 10 seconds left.\n|\n|t:|1776184931\n|detailschange|p2a: Manectric|Manectric-Mega, L50, M\n|-mega|p2a: Manectric|Manectric|Manectite\n|-ability|p2a: Manectric|Intimidate|boost\n|-unboost|p1a: Gallade|atk|1\n|-unboost|p1b: Farigiraf|atk|1\n|move|p2a: Manectric|Volt Switch|p1a: Gallade\n|-damage|p1a: Gallade|68/100\n|\n|t:|1776184951\n|switch|p2a: Sinistcha|Sinistcha, L50|100/100|[from] Volt Switch\n|move|p2b: Basculegion|Flip Turn|p1b: Farigiraf\n|-damage|p1b: Farigiraf|67/100\n|\n|t:|1776184962\n|switch|p2b: Pelipper|Pelipper, L50, M|100/100|[from] Flip Turn\n|-weather|RainDance|[from] ability: Drizzle|[of] p2b: Pelipper\n|move|p1b: Farigiraf|Beat Up|p1a: Gallade\n|-damage|p1a: Gallade|65/100\n|-ability|p1a: Gallade|Justified|boost\n|-boost|p1a: Gallade|atk|1\n|-damage|p1a: Gallade|63/100\n|-ability|p1a: Gallade|Justified|boost\n|-boost|p1a: Gallade|atk|1\n|-damage|p1a: Gallade|60/100\n|-ability|p1a: Gallade|Justified|boost\n|-boost|p1a: Gallade|atk|1\n|-damage|p1a: Gallade|58/100\n|-ability|p1a: Gallade|Justified|boost\n|-boost|p1a: Gallade|atk|1\n|-hitcount|p1a: Gallade|4\n|move|p1a: Gallade|Trick Room|p1a: Gallade\n|-fieldstart|move: Trick Room|[of] p1a: Gallade\n|\n|-weather|RainDance|[upkeep]\n|upkeep\n|turn|2\n|\n|t:|1776184987\n|move|p2a: Sinistcha|Rage Powder|p2a: Sinistcha\n|-singleturn|p2a: Sinistcha|move: Rage Powder\n|move|p1b: Farigiraf|Beat Up|p2a: Sinistcha\n|-supereffective|p2a: Sinistcha|1\n|-damage|p2a: Sinistcha|95/100\n|-supereffective|p2a: Sinistcha|1\n|-damage|p2a: Sinistcha|90/100\n|-supereffective|p2a: Sinistcha|1\n|-damage|p2a: Sinistcha|86/100\n|-supereffective|p2a: Sinistcha|1\n|-crit|p2a: Sinistcha\n|-damage|p2a: Sinistcha|79/100\n|-hitcount|p2a: Sinistcha|4\n|move|p1a: Gallade|Rock Slide|p2b: Pelipper|[spread] p2a,p2b\n|-supereffective|p2b: Pelipper|1\n|-damage|p2a: Sinistcha|43/100\n|-enditem|p2b: Pelipper|Focus Sash\n|-damage|p2b: Pelipper|1/100\n|-enditem|p2a: Sinistcha|Sitrus Berry|[eat]\n|-heal|p2a: Sinistcha|68/100|[from] item: Sitrus Berry\n|move|p2b: Pelipper|Hurricane|p1a: Gallade\n|-supereffective|p1a: Gallade|1\n|-damage|p1a: Gallade|0 fnt\n|faint|p1a: Gallade\n|\n|-weather|RainDance|[upkeep]\n|upkeep\n|\n|t:|1776185008\n|switch|p1a: Crabominable|Crabominable, L50, M|100/100\n|turn|3\n|\n|t:|1776185024\n|switch|p2a: Manectric|Manectric-Mega, L50, M|100/100\n|-ability|p2a: Manectric|Intimidate|boost\n|-fail|p1a: Crabominable|unboost|Attack|[from] ability: Hyper Cutter|[of] p1a: Crabominable\n|-unboost|p1b: Farigiraf|atk|1\n|move|p1a: Crabominable|Protect|p1a: Crabominable\n|-singleturn|p1a: Crabominable|Protect\n|move|p2b: Pelipper|Protect|p2b: Pelipper\n|-singleturn|p2b: Pelipper|Protect\n|move|p1b: Farigiraf|Hyper Voice|p2b: Pelipper|[spread] p2a\n|-activate|p2b: Pelipper|move: Protect\n|-damage|p2a: Manectric|44/100\n|\n|-weather|RainDance|[upkeep]\n|upkeep\n|turn|4\n|inactive|EmYsss has 30 seconds left.\n|inactive|Akvagirl has 30 seconds left.\n|\n|t:|1776185057\n|switch|p2a: Sinistcha|Sinistcha, L50|68/100\n|-heal|p2b: Pelipper|26/100|[from] ability: Hospitality|[of] p2a: Sinistcha\n|detailschange|p1a: Crabominable|Crabominable-Mega, L50, M\n|-mega|p1a: Crabominable|Crabominable|Crabominite\n|move|p1a: Crabominable|Drain Punch|p2a: Sinistcha\n|-immune|p2a: Sinistcha\n|move|p1b: Farigiraf|Hyper Voice|p2a: Sinistcha|[spread] p2b\n|-immune|p2a: Sinistcha\n|-damage|p2b: Pelipper|0 fnt\n|faint|p2b: Pelipper\n|\n|-weather|RainDance|[upkeep]\n|upkeep\n|inactive|Akvagirl has 30 seconds left.\n|\n|t:|1776185089\n|switch|p2b: Basculegion|Basculegion, L50, M|100/100\n|turn|5\n|inactive|Akvagirl has 30 seconds left.\n|inactive|Akvagirl has 20 seconds left.\n|inactive|Akvagirl has 15 seconds left.\n|inactive|Akvagirl has 10 seconds left.\n|\n|t:|1776185137\n|switch|p1b: Sinistcha|Sinistcha, L50|100/100\n|move|p1a: Crabominable|Ice Hammer|p2a: Sinistcha\n|-supereffective|p2a: Sinistcha|1\n|-damage|p2a: Sinistcha|0 fnt\n|-unboost|p1a: Crabominable|spe|1\n|faint|p2a: Sinistcha\n|move|p2b: Basculegion|Flip Turn|p1b: Sinistcha\n|-resisted|p1b: Sinistcha|1\n|-damage|p1b: Sinistcha|82/100\n|\n|t:|1776185146\n|switch|p2b: Manectric|Manectric-Mega, L50, M|44/100|[from] Flip Turn\n|-ability|p2b: Manectric|Intimidate|boost\n|-unboost|p1a: Crabominable|atk|1\n|-unboost|p1b: Sinistcha|atk|1\n|\n|-weather|none\n|-fieldend|move: Trick Room\n|upkeep\n|\n|t:|1776185152\n|switch|p2a: Basculegion|Basculegion, L50, M|100/100\n|turn|6\n|\n|t:|1776185177\n|move|p1b: Sinistcha|Protect|p1b: Sinistcha\n|-singleturn|p1b: Sinistcha|Protect\n|move|p2b: Manectric|Flamethrower|p1a: Crabominable\n|-supereffective|p1a: Crabominable|1\n|-damage|p1a: Crabominable|48/100\n|move|p2a: Basculegion|Last Respects|p1a: Crabominable\n|-crit|p1a: Crabominable\n|-damage|p1a: Crabominable|0 fnt\n|faint|p1a: Crabominable\n|\n|upkeep\n|\n|t:|1776185187\n|switch|p1a: Farigiraf|Farigiraf, L50, F|67/100\n|turn|7\n|inactive|Akvagirl has 30 seconds left.\n|inactive|Akvagirl has 20 seconds left.\n|inactive|Akvagirl has 15 seconds left.\n|\n|t:|1776185230\n|move|p2b: Manectric|Volt Switch|p1a: Farigiraf\n|-damage|p1a: Farigiraf|34/100\n|move|p2a: Basculegion|Last Respects|p1b: Sinistcha\n|-supereffective|p1b: Sinistcha|1\n|-damage|p1b: Sinistcha|0 fnt\n|faint|p1b: Sinistcha\n|move|p1a: Farigiraf|Hyper Voice|p2b: Manectric|[spread] p2b\n|-immune|p2a: Basculegion\n|-damage|p2b: Manectric|0 fnt\n|faint|p2b: Manectric\n|\n|upkeep\n|turn|8\n|inactive|Akvagirl has 30 seconds left.\n|\n|t:|1776185263\n|move|p2a: Basculegion|Last Respects|p1a: Farigiraf\n|-immune|p1a: Farigiraf\n|move|p1a: Farigiraf|Psychic|p2a: Basculegion\n|-damage|p2a: Basculegion|50/100\n|\n|upkeep\n|turn|9\n|\n|t:|1776185269\n|move|p2a: Basculegion|Last Respects|p1a: Farigiraf\n|-immune|p1a: Farigiraf\n|move|p1a: Farigiraf|Psychic|p2a: Basculegion\n|-damage|p2a: Basculegion|3/100\n|\n|upkeep\n|turn|10\n|\n|t:|1776185276\n|move|p2a: Basculegion|Last Respects|p1a: Farigiraf\n|-immune|p1a: Farigiraf\n|move|p1a: Farigiraf|Psychic|p2a: Basculegion\n|-damage|p2a: Basculegion|0 fnt\n|faint|p2a: Basculegion\n|\n|win|EmYsss\n|raw|EmYsss's rating: 1071 &rarr; <strong>1102</strong><br />(+31 for winning)\n|raw|Akvagirl's rating: 1085 &rarr; <strong>1061</strong><br />(-24 for losing)\n|l|\u2606EmYsss\n|player|p1|\n",
  "uploadtime": 1776185290,
  "views": 19,
  "formatid": "gen9championsvgc2026regma",
  "rating": 1061,
  "private": 0,
  "password": null
}