{
  "id": "gen9championsvgc2026regma-2585721948",
  "format": "[Gen 9 Champions] VGC 2026 Reg M-A",
  "players": [
    "lasesino",
    "DiamondNate"
  ],
  "log": "|j|\u2606lasesino\n|j|\u2606DiamondNate\n|t:|1776366063\n|gametype|doubles\n|player|p1|lasesino|170|1485\n|player|p2|DiamondNate|guitarist|1510\n|gen|9\n|tier|[Gen 9 Champions] VGC 2026 Reg M-A\n|rated|\n|rule|Species Clause: Limit one of each Pok\u00e9mon\n|rule|Item Clause: Limit 1 of each item\n|clearpoke\n|poke|p1|Rotom-Wash, L50|\n|poke|p1|Garchomp, L50, M|\n|poke|p1|Floette-Eternal, L50, F|\n|poke|p1|Talonflame, L50, F|\n|poke|p1|Aegislash, L50, M|\n|poke|p1|Incineroar, L50, F|\n|poke|p2|Floette-Eternal, L50, F|\n|poke|p2|Maushold, L50|\n|poke|p2|Garchomp, L50, F|\n|poke|p2|Talonflame, L50, F|\n|poke|p2|Milotic, L50, M|\n|poke|p2|Aegislash, L50, M|\n|teampreview|4\n|inactive|Battle timer is ON: inactive players will automatically lose when time's up. (requested by lasesino)\n|\n|t:|1776366087\n|teamsize|p1|4\n|teamsize|p2|4\n|start\n|switch|p1a: Garchomp|Garchomp, L50, M|100/100\n|switch|p1b: Talonflame|Talonflame, L50, F|100/100\n|switch|p2a: Talonflame|Talonflame, L50, F|100/100\n|switch|p2b: Garchomp|Garchomp, L50, F|100/100\n|turn|1\n|j| Toothpickforlife\n|\n|t:|1776366095\n|move|p2a: Talonflame|Protect|p2a: Talonflame\n|-singleturn|p2a: Talonflame|Protect\n|move|p1b: Talonflame|Tailwind|p1b: Talonflame\n|-sidestart|p1: lasesino|move: Tailwind\n|move|p1a: Garchomp|Dragon Claw|p2b: Garchomp\n|-supereffective|p2b: Garchomp|1\n|-damage|p2b: Garchomp|3/100\n|-damage|p1a: Garchomp|88/100|[from] ability: Rough Skin|[of] p2b: Garchomp\n|move|p2b: Garchomp|Rock Slide|p1b: Talonflame|[spread] p1a,p1b\n|-resisted|p1a: Garchomp|1\n|-supereffective|p1b: Talonflame|2\n|-damage|p1a: Garchomp|79/100\n|-damage|p1b: Talonflame|0 fnt\n|faint|p1b: Talonflame\n|\n|upkeep\n|l| Toothpickforlife\n|j| direc_t10n\n|\n|t:|1776366111\n|switch|p1b: Floette|Floette-Eternal, L50, F|100/100\n|turn|2\n|l| direc_t10n\n|\n|t:|1776366117\n|detailschange|p1b: Floette|Floette-Mega, L50, F\n|-mega|p1b: Floette|Floette|Floettite\n|-ability|p1b: Floette|Fairy Aura\n|move|p2a: Talonflame|Tailwind|p2a: Talonflame\n|-sidestart|p2: DiamondNate|move: Tailwind\n|move|p2b: Garchomp|Earthquake|p1b: Floette|[spread] p1a,p1b\n|-immune|p2a: Talonflame\n|-damage|p1a: Garchomp|37/100\n|-damage|p1b: Floette|61/100\n|move|p1a: Garchomp|Rock Slide|p2b: Garchomp|[spread] p2a,p2b\n|-supereffective|p2a: Talonflame|2\n|-resisted|p2b: Garchomp|1\n|-damage|p2a: Talonflame|0 fnt\n|-damage|p2b: Garchomp|0 fnt\n|faint|p2a: Talonflame\n|faint|p2b: Garchomp\n|move|p1b: Floette|Calm Mind|p1b: Floette\n|-boost|p1b: Floette|spa|1\n|-boost|p1b: Floette|spd|1\n|\n|upkeep\n|j| direc_t10n\n|l| direc_t10n\n|\n|t:|1776366130\n|switch|p2a: Floette|Floette-Eternal, L50, F|100/100\n|switch|p2b: Aegislash|Aegislash, L50, M|100/100\n|turn|3\n|\n|t:|1776366145\n|detailschange|p2a: Floette|Floette-Mega, L50, F\n|-mega|p2a: Floette|Floette|Floettite\n|-ability|p2a: Floette|Fairy Aura\n|move|p1b: Floette|Protect|p1b: Floette\n|-singleturn|p1b: Floette|Protect\n|move|p1a: Garchomp|Earthquake|p2a: Floette|[spread] p2a,p2b\n|-activate|p1b: Floette|move: Protect\n|-supereffective|p2b: Aegislash|1\n|-damage|p2a: Floette|54/100\n|-damage|p2b: Aegislash|36/100\n|move|p2a: Floette|Dazzling Gleam|p1b: Floette|[spread] p1a\n|-activate|p1b: Floette|move: Protect\n|-supereffective|p1a: Garchomp|1\n|-damage|p1a: Garchomp|0 fnt\n|faint|p1a: Garchomp\n|-formechange|p2b: Aegislash|Aegislash-Blade|\n|move|p2b: Aegislash|Iron Head|p1b: Floette\n|-activate|p1b: Floette|move: Protect\n|\n|upkeep\n|\n|t:|1776366163\n|switch|p1a: Rotom|Rotom-Wash, L50|100/100\n|turn|4\n|\n|t:|1776366169\n|move|p2a: Floette|Protect|p2a: Floette\n|-singleturn|p2a: Floette|Protect\n|-formechange|p2b: Aegislash|Aegislash|\n|move|p2b: Aegislash|King's Shield|p2b: Aegislash\n|-singleturn|p2b: Aegislash|Protect\n|move|p1b: Floette|Moonblast|p2a: Floette\n|-activate|p2a: Floette|move: Protect\n|move|p1a: Rotom|Thunderbolt|p2b: Aegislash\n|-activate|p2b: Aegislash|move: Protect\n|\n|-sideend|p1: lasesino|move: Tailwind\n|upkeep\n|turn|5\n|\n|t:|1776366189\n|move|p1b: Floette|Protect|p1b: Floette\n|-singleturn|p1b: Floette|Protect\n|-formechange|p2b: Aegislash|Aegislash-Blade|\n|move|p2b: Aegislash|Shadow Sneak|p1a: Rotom\n|-damage|p1a: Rotom|74/100\n|move|p2a: Floette|Moonblast|p1a: Rotom\n|-damage|p1a: Rotom|0 fnt\n|faint|p1a: Rotom\n|\n|-sideend|p2: DiamondNate|move: Tailwind\n|upkeep\n|turn|6\n|\n|t:|1776366199\n|move|p2a: Floette|Protect|p2a: Floette\n|-singleturn|p2a: Floette|Protect\n|-formechange|p2b: Aegislash|Aegislash|\n|move|p2b: Aegislash|King's Shield|p2b: Aegislash\n|-singleturn|p2b: Aegislash|Protect\n|move|p1b: Floette|Dazzling Gleam|p2a: Floette|[spread] \n|-activate|p2a: Floette|move: Protect\n|-activate|p2b: Aegislash|move: Protect\n|\n|upkeep\n|turn|7\n|j| direc_t10n\n|\n|t:|1776366208\n|-formechange|p2b: Aegislash|Aegislash-Blade|\n|move|p2b: Aegislash|Shadow Sneak|p1b: Floette\n|-damage|p1b: Floette|37/100\n|move|p2a: Floette|Moonblast|p1b: Floette\n|-damage|p1b: Floette|0 fnt\n|faint|p1b: Floette\n|\n|win|DiamondNate\n|raw|lasesino's rating: 1485 &rarr; <strong>1466</strong><br />(-19 for losing)\n|raw|DiamondNate's rating: 1510 &rarr; <strong>1529</strong><br />(+19 for winning)\n|l| direc_t10n\n",
  "uploadtime": 1776366216,
  "views": 37,
  "formatid": "gen9championsvgc2026regma",
  "rating": 1466,
  "private": 0,
  "password": null
}