{
  "id": "gen9championsvgc2026regma-2588199046",
  "format": "[Gen 9 Champions] VGC 2026 Reg M-A",
  "players": [
    "AstoriaXeno",
    "lynnax"
  ],
  "log": "|j|\u2606AstoriaXeno\n|j|\u2606lynnax\n|t:|1776613706\n|gametype|doubles\n|player|p1|AstoriaXeno|169|1220\n|player|p2|lynnax|266|1186\n|gen|9\n|tier|[Gen 9 Champions] VGC 2026 Reg M-A\n|rated|\n|rule|Species Clause: Limit one of each Pok\u00e9mon\n|rule|Item Clause: Limit 1 of each item\n|clearpoke\n|poke|p1|Drampa, L50, F|\n|poke|p1|Farigiraf, L50, F|\n|poke|p1|Kingambit, L50, M|\n|poke|p1|Sinistcha-Masterpiece, L50|\n|poke|p1|Volcarona, L50, M|\n|poke|p1|Gyarados, L50, M|\n|poke|p2|Incineroar, L50, M|\n|poke|p2|Sneasler, L50, M|\n|poke|p2|Sinistcha-Masterpiece, L50|\n|poke|p2|Froslass, L50, F|\n|poke|p2|Ninetales-Alola, L50, M|\n|poke|p2|Kingambit, L50, M|\n|teampreview|4\n|\n|t:|1776613729\n|teamsize|p1|4\n|teamsize|p2|4\n|start\n|switch|p1a: Volcarona|Volcarona, L50, M|100/100\n|switch|p1b: Farigiraf|Farigiraf, L50, F|100/100\n|switch|p2a: Sneasler|Sneasler, L50, M|100/100\n|switch|p2b: Kingambit|Kingambit, L50, M|100/100\n|turn|1\n|\n|t:|1776613756\n|move|p1a: Volcarona|Rage Powder|p1a: Volcarona\n|-singleturn|p1a: Volcarona|move: Rage Powder\n|move|p2a: Sneasler|Dire Claw|p1a: Volcarona\n|-damage|p1a: Volcarona|49/100\n|-status|p1a: Volcarona|par\n|move|p2b: Kingambit|Kowtow Cleave|p1a: Volcarona\n|-damage|p1a: Volcarona|0 fnt\n|-status|p2b: Kingambit|brn|[from] ability: Flame Body|[of] p1a: Volcarona\n|faint|p1a: Volcarona\n|move|p1b: Farigiraf|Trick Room|p1b: Farigiraf\n|-fieldstart|move: Trick Room|[of] p1b: Farigiraf\n|\n|-damage|p2b: Kingambit|95/100 brn|[from] brn\n|upkeep\n|\n|t:|1776613778\n|switch|p1a: Drampa|Drampa, L50, F|100/100\n|-ability|p1a: Drampa|Cloud Nine\n|turn|2\n|\n|t:|1776613788\n|detailschange|p1a: Drampa|Drampa-Mega, L50, F\n|-mega|p1a: Drampa|Drampa|Drampanite\n|move|p1a: Drampa|Calm Mind|p1a: Drampa\n|-boost|p1a: Drampa|spa|1\n|-boost|p1a: Drampa|spd|1\n|move|p2b: Kingambit|Kowtow Cleave|p1b: Farigiraf\n|-supereffective|p1b: Farigiraf|1\n|-damage|p1b: Farigiraf|40/100\n|move|p1b: Farigiraf|Twin Beam|p2a: Sneasler\n|-supereffective|p2a: Sneasler|2\n|-enditem|p2a: Sneasler|Focus Sash\n|-damage|p2a: Sneasler|1/100\n|-supereffective|p2a: Sneasler|2\n|-damage|p2a: Sneasler|0 fnt\n|faint|p2a: Sneasler\n|-hitcount|p2: Sneasler|2\n|\n|-damage|p2b: Kingambit|89/100 brn|[from] brn\n|upkeep\n|\n|t:|1776613808\n|switch|p2a: Ninetales|Ninetales-Alola, L50, M|100/100\n|-weather|Snowscape|[from] ability: Snow Warning|[of] p2a: Ninetales\n|turn|3\n|\n|t:|1776613827\n|move|p1a: Drampa|Earth Power|p2b: Kingambit\n|-supereffective|p2b: Kingambit|1\n|-damage|p2b: Kingambit|0 fnt\n|faint|p2b: Kingambit\n|move|p1b: Farigiraf|Hyper Voice|p2a: Ninetales\n|-damage|p2a: Ninetales|57/100\n|move|p2a: Ninetales|Aurora Veil|p2a: Ninetales\n|-sidestart|p2: lynnax|move: Aurora Veil\n|\n|-weather|Snowscape|[upkeep]\n|-heal|p2a: Ninetales|63/100|[from] item: Leftovers\n|upkeep\n|\n|t:|1776613838\n|switch|p2b: Froslass|Froslass, L50, F|100/100\n|turn|4\n|\n|t:|1776613853\n|detailschange|p2b: Froslass|Froslass-Mega, L50, F\n|-mega|p2b: Froslass|Froslass|Froslassite\n|move|p1a: Drampa|Dragon Pulse|p2b: Froslass\n|-damage|p2b: Froslass|41/100\n|move|p1b: Farigiraf|Twin Beam|p2b: Froslass\n|-damage|p2b: Froslass|22/100\n|-damage|p2b: Froslass|3/100\n|-hitcount|p2b: Froslass|2\n|move|p2a: Ninetales|Blizzard|p1b: Farigiraf|[spread] p1a,p1b\n|-supereffective|p1a: Drampa|1\n|-crit|p1a: Drampa\n|-damage|p1a: Drampa|39/100\n|-damage|p1b: Farigiraf|14/100\n|-status|p1b: Farigiraf|frz\n|-ability|p1a: Drampa|Berserk|boost\n|-boost|p1a: Drampa|spa|1\n|move|p2b: Froslass|Blizzard|p1a: Drampa|[spread] p1a,p1b\n|-supereffective|p1a: Drampa|1\n|-damage|p1a: Drampa|0 fnt\n|-damage|p1b: Farigiraf|0 fnt\n|faint|p1a: Drampa\n|faint|p1b: Farigiraf\n|\n|-weather|Snowscape|[upkeep]\n|-heal|p2a: Ninetales|69/100|[from] item: Leftovers\n|upkeep\n|\n|t:|1776613860\n|switch|p1b: Kingambit|Kingambit, L50, M|100/100\n|turn|5\n|\n|t:|1776613906\n|move|p2b: Froslass|Protect|p2b: Froslass\n|-singleturn|p2b: Froslass|Protect\n|move|p1b: Kingambit|Iron Head|p2a: Ninetales\n|-supereffective|p2a: Ninetales|2\n|-damage|p2a: Ninetales|0 fnt\n|faint|p2a: Ninetales\n|\n|-weather|Snowscape|[upkeep]\n|-fieldend|move: Trick Room\n|upkeep\n|turn|6\n|\n|t:|1776613921\n|move|p1b: Kingambit|Sucker Punch|p2b: Froslass\n|-supereffective|p2b: Froslass|1\n|-crit|p2b: Froslass\n|-damage|p2b: Froslass|0 fnt\n|faint|p2b: Froslass\n|\n|win|AstoriaXeno\n|raw|AstoriaXeno's rating: 1220 &rarr; <strong>1243</strong><br />(+23 for winning)\n|raw|lynnax's rating: 1186 &rarr; <strong>1163</strong><br />(-23 for losing)\n",
  "uploadtime": 1776613931,
  "views": 20,
  "formatid": "gen9championsvgc2026regma",
  "rating": 1163,
  "private": 0,
  "password": null
}