{
  "id": "gen9championsvgc2026regma-2587856502",
  "format": "[Gen 9 Champions] VGC 2026 Reg M-A",
  "players": [
    "Xyaolang_lee",
    "lillnutt556"
  ],
  "log": "|j|\u2606Xyaolang_lee\n|j|\u2606lillnutt556\n|t:|1776571186\n|gametype|doubles\n|player|p1|Xyaolang_lee|170|1071\n|player|p2|lillnutt556|lucian|1000\n|gen|9\n|tier|[Gen 9 Champions] VGC 2026 Reg M-A\n|rated|\n|rule|Species Clause: Limit one of each Pok\u00e9mon\n|rule|Item Clause: Limit 1 of each item\n|clearpoke\n|poke|p1|Audino, L50, F|\n|poke|p1|Tinkaton, L50, F|\n|poke|p1|Toxapex, L50, F|\n|poke|p1|Corviknight, L50, F|\n|poke|p1|Politoed, L50, M|\n|poke|p1|Basculegion-F, L50, F|\n|poke|p2|Delphox, L50, F|\n|poke|p2|Pelipper, L50, M|\n|poke|p2|Meganium, L50, M|\n|poke|p2|Primarina, L50, M|\n|poke|p2|Hydrapple, L50, F|\n|poke|p2|Tyranitar, L50, F|\n|teampreview|4\n|inactive|Battle timer is ON: inactive players will automatically lose when time's up. (requested by lillnutt556)\n|inactive|Xyaolang_lee has 60 seconds left.\n|inactive|lillnutt556 has 60 seconds left.\n|\n|t:|1776571234\n|teamsize|p1|4\n|teamsize|p2|4\n|start\n|switch|p1a: Audino|Audino, L50, F|100/100\n|switch|p1b: Tinkaton|Tinkaton, L50, F|100/100\n|switch|p2a: Delphox|Delphox, L50, F|100/100\n|switch|p2b: Tyranitar|Tyranitar, L50, F|100/100\n|-ability|p1b: Tinkaton|Mold Breaker\n|-weather|Sandstorm|[from] ability: Sand Stream|[of] p2b: Tyranitar\n|turn|1\n|inactive|Xyaolang_lee has 30 seconds left.\n|\n|t:|1776571263\n|switch|p2b: Pelipper|Pelipper, L50, M|100/100\n|-weather|RainDance|[from] ability: Drizzle|[of] p2b: Pelipper\n|detailschange|p1a: Audino|Audino-Mega, L50, F\n|-mega|p1a: Audino|Audino|Audinite\n|move|p1b: Tinkaton|Fake Out|p2a: Delphox\n|-damage|p2a: Delphox|82/100\n|cant|p2a: Delphox|flinch\n|move|p1a: Audino|Trick Room|p1a: Audino\n|-fieldstart|move: Trick Room|[of] p1a: Audino\n|\n|-weather|RainDance|[upkeep]\n|upkeep\n|turn|2\n|inactive|Xyaolang_lee has 30 seconds left.\n|inactive|lillnutt556 has 30 seconds left.\n|inactive|lillnutt556 has 20 seconds left.\n|inactive|lillnutt556 has 15 seconds left.\n|inactive|lillnutt556 has 10 seconds left.\n|\n|t:|1776571313\n|switch|p1b: Toxapex|Toxapex, L50, F|100/100\n|move|p2a: Delphox|Protect|p2a: Delphox\n|-singleturn|p2a: Delphox|Protect\n|move|p1a: Audino|Calm Mind|p1a: Audino\n|-boost|p1a: Audino|spa|1\n|-boost|p1a: Audino|spd|1\n|move|p2b: Pelipper|Chilling Water|p1b: Toxapex\n|-resisted|p1b: Toxapex|1\n|-damage|p1b: Toxapex|86/100\n|-unboost|p1b: Toxapex|atk|1\n|\n|-weather|RainDance|[upkeep]\n|-heal|p1b: Toxapex|92/100|[from] item: Leftovers\n|upkeep\n|turn|3\n|\n|t:|1776571334\n|move|p1b: Toxapex|Toxic Spikes|p2a: Delphox\n|-sidestart|p2: lillnutt556|move: Toxic Spikes\n|move|p1a: Audino|Dazzling Gleam|p2a: Delphox|[spread] p2a,p2b\n|-resisted|p2a: Delphox|1\n|-damage|p2a: Delphox|58/100\n|-damage|p2b: Pelipper|58/100\n|move|p2b: Pelipper|Weather Ball|p1a: Audino\n|-damage|p1a: Audino|72/100\n|move|p2a: Delphox|Expanding Force|p1b: Toxapex\n|-supereffective|p1b: Toxapex|1\n|-damage|p1b: Toxapex|22/100\n|\n|-weather|RainDance|[upkeep]\n|-heal|p1b: Toxapex|28/100|[from] item: Leftovers\n|-heal|p2b: Pelipper|64/100|[from] item: Leftovers\n|upkeep\n|turn|4\n|\n|t:|1776571354\n|switch|p2b: Tyranitar|Tyranitar, L50, F|100/100\n|-status|p2b: Tyranitar|psn\n|-weather|Sandstorm|[from] ability: Sand Stream|[of] p2b: Tyranitar\n|move|p1b: Toxapex|Recover|p1b: Toxapex\n|-heal|p1b: Toxapex|78/100\n|move|p1a: Audino|Dazzling Gleam|p2a: Delphox|[spread] p2a,p2b\n|-resisted|p2a: Delphox|1\n|-supereffective|p2b: Tyranitar|1\n|-damage|p2a: Delphox|36/100\n|-damage|p2b: Tyranitar|58/100 psn\n|move|p2a: Delphox|Expanding Force|p1b: Toxapex\n|-supereffective|p1b: Toxapex|1\n|-damage|p1b: Toxapex|4/100\n|\n|-weather|Sandstorm|[upkeep]\n|-damage|p1b: Toxapex|0 fnt|[from] Sandstorm\n|-damage|p1a: Audino|66/100|[from] Sandstorm\n|-damage|p2a: Delphox|30/100|[from] Sandstorm\n|faint|p1b: Toxapex\n|-damage|p2b: Tyranitar|46/100 psn|[from] psn\n|upkeep\n|\n|t:|1776571373\n|switch|p1b: Politoed|Politoed, L50, M|100/100\n|-weather|RainDance|[from] ability: Drizzle|[of] p1b: Politoed\n|turn|5\n|\n|t:|1776571398\n|move|p2b: Tyranitar|Protect|p2b: Tyranitar\n|-singleturn|p2b: Tyranitar|Protect\n|move|p2a: Delphox|Protect|p2a: Delphox\n|-singleturn|p2a: Delphox|Protect\n|move|p1a: Audino|Dazzling Gleam|p2a: Delphox|[spread] \n|-activate|p2a: Delphox|move: Protect\n|-activate|p2b: Tyranitar|move: Protect\n|move|p1b: Politoed|Weather Ball|p2a: Delphox\n|-activate|p2a: Delphox|move: Protect\n|\n|-weather|RainDance|[upkeep]\n|-damage|p2b: Tyranitar|33/100 psn|[from] psn\n|-fieldend|move: Trick Room\n|upkeep\n|turn|6\n|inactive|Xyaolang_lee has 30 seconds left.\n|inactive|lillnutt556 has 30 seconds left.\n|inactive|Xyaolang_lee has 20 seconds left.\n|inactive|Xyaolang_lee has 15 seconds left.\n|\n|t:|1776571439\n|move|p1a: Audino|Protect|p1a: Audino\n|-singleturn|p1a: Audino|Protect\n|move|p2a: Delphox|Heat Wave|p1b: Politoed|[spread] p1b\n|-activate|p1a: Audino|move: Protect\n|-resisted|p1b: Politoed|1\n|-damage|p1b: Politoed|88/100\n|move|p2b: Tyranitar|Rock Slide|p1a: Audino|[spread] p1b\n|-activate|p1a: Audino|move: Protect\n|-damage|p1b: Politoed|55/100\n|cant|p1b: Politoed|flinch\n|\n|-weather|RainDance|[upkeep]\n|-damage|p2b: Tyranitar|21/100 psn|[from] psn\n|upkeep\n|turn|7\n|inactive|Xyaolang_lee has 30 seconds left.\n|inactive|Xyaolang_lee has 20 seconds left.\n|\n|t:|1776571475\n|move|p2a: Delphox|Heat Wave|p1b: Politoed|[spread] p1a,p1b\n|-resisted|p1b: Politoed|1\n|-damage|p1a: Audino|54/100\n|-damage|p1b: Politoed|43/100\n|move|p1b: Politoed|Weather Ball|p2a: Delphox\n|-supereffective|p2a: Delphox|1\n|-damage|p2a: Delphox|0 fnt\n|faint|p2a: Delphox\n|move|p2b: Tyranitar|Knock Off|p1b: Politoed\n|-damage|p1b: Politoed|0 fnt\n|-enditem|p1b: Politoed|Focus Sash|[from] move: Knock Off|[of] p2b: Tyranitar\n|faint|p1b: Politoed\n|move|p1a: Audino|Dazzling Gleam|p2b: Tyranitar\n|-supereffective|p2b: Tyranitar|1\n|-damage|p2b: Tyranitar|0 fnt\n|faint|p2b: Tyranitar\n|\n|-weather|RainDance|[upkeep]\n|upkeep\n|\n|t:|1776571492\n|switch|p2a: Pelipper|Pelipper, L50, M|64/100\n|switch|p1b: Tinkaton|Tinkaton, L50, F|100/100\n|switch|p2b: Meganium|Meganium, L50, M|100/100\n|-ability|p1b: Tinkaton|Mold Breaker\n|-status|p2b: Meganium|psn\n|turn|8\n|\n|t:|1776571515\n|detailschange|p2b: Meganium|Meganium-Mega, L50, M\n|-mega|p2b: Meganium|Meganium|Meganiumite\n|move|p1b: Tinkaton|Fake Out|p2b: Meganium\n|-damage|p2b: Meganium|91/100 psn\n|cant|p2b: Meganium|flinch\n|move|p2a: Pelipper|Tailwind|p2a: Pelipper\n|-sidestart|p2: lillnutt556|move: Tailwind\n|move|p1a: Audino|Trick Room|p1a: Audino\n|-fieldstart|move: Trick Room|[of] p1a: Audino\n|\n|-weather|RainDance|[upkeep]\n|-heal|p2a: Pelipper|70/100|[from] item: Leftovers\n|-damage|p2b: Meganium|79/100 psn|[from] psn\n|upkeep\n|turn|9\n|inactive|Xyaolang_lee has 30 seconds left.\n|\n|t:|1776571544\n|move|p1a: Audino|Protect|p1a: Audino\n|-singleturn|p1a: Audino|Protect\n|move|p1b: Tinkaton|Gigaton Hammer|p2b: Meganium\n|-supereffective|p2b: Meganium|1\n|-damage|p2b: Meganium|0 fnt\n|faint|p2b: Meganium\n|move|p2a: Pelipper|Weather Ball|p1a: Audino\n|-activate|p1a: Audino|move: Protect\n|\n|-weather|none\n|-heal|p2a: Pelipper|76/100|[from] item: Leftovers\n|upkeep\n|turn|10\n|-message|lillnutt556 forfeited.\n|\n|win|Xyaolang_lee\n|raw|Xyaolang_lee's rating: 1071 &rarr; <strong>1094</strong><br />(+23 for winning)\n|raw|lillnutt556's rating: 1000 &rarr; <strong>1000</strong><br />(+0 for losing)\n|l|\u2606lillnutt556\n|player|p2|\n",
  "uploadtime": 1776571561,
  "views": 9,
  "formatid": "gen9championsvgc2026regma",
  "rating": 1000,
  "private": 0,
  "password": null
}