{
  "id": "gen9championsvgc2026regma-2588184699",
  "format": "[Gen 9 Champions] VGC 2026 Reg M-A",
  "players": [
    "XFranknessX",
    "ImIkki"
  ],
  "log": "|j|\u2606XFranknessX\n|j|\u2606ImIkki\n|t:|1776612420\n|gametype|doubles\n|player|p1|XFranknessX|169|1050\n|player|p2|ImIkki|miku-ghost|1049\n|gen|9\n|tier|[Gen 9 Champions] VGC 2026 Reg M-A\n|rated|\n|rule|Species Clause: Limit one of each Pok\u00e9mon\n|rule|Item Clause: Limit 1 of each item\n|clearpoke\n|poke|p1|Tauros-Paldea-Aqua, L50, M|\n|poke|p1|Clefable, L50, M|\n|poke|p1|Torterra, L50, F|\n|poke|p1|Scizor, L50, F|\n|poke|p1|Altaria, L50, M|\n|poke|p1|Chandelure, L50, M|\n|poke|p2|Chandelure, L50, M, shiny|\n|poke|p2|Aerodactyl, L50, M|\n|poke|p2|Sneasler, L50, F|\n|poke|p2|Clefable, L50, F|\n|poke|p2|Milotic, L50, F, shiny|\n|poke|p2|Excadrill, L50, M|\n|teampreview|4\n|\n|t:|1776612455\n|teamsize|p1|4\n|teamsize|p2|4\n|start\n|switch|p1a: Tauros|Tauros-Paldea-Aqua, L50, M|100/100\n|switch|p1b: Altaria|Altaria, L50, M|100/100\n|switch|p2a: WaterSerperior|Milotic, L50, F, shiny|100/100\n|switch|p2b: Mogging|Sneasler, L50, F|100/100\n|-ability|p1a: Tauros|Intimidate|boost\n|-unboost|p2a: WaterSerperior|atk|1\n|-ability|p2a: WaterSerperior|Competitive|boost\n|-boost|p2a: WaterSerperior|spa|2\n|-unboost|p2b: Mogging|atk|1\n|-ability|p1b: Altaria|Cloud Nine\n|-enditem|p2b: Mogging|White Herb\n|-clearnegativeboost|p2b: Mogging|[silent]\n|turn|1\n|\n|t:|1776612483\n|move|p2b: Mogging|Fake Out|p1a: Tauros\n|-damage|p1a: Tauros|84/100\n|cant|p1a: Tauros|flinch\n|move|p1b: Altaria|Fire Spin|p2a: WaterSerperior\n|-resisted|p2a: WaterSerperior|1\n|-damage|p2a: WaterSerperior|99/100\n|-activate|p2a: WaterSerperior|move: Fire Spin|[of] p1b: Altaria\n|move|p2a: WaterSerperior|Ice Beam|p1b: Altaria\n|-supereffective|p1b: Altaria|2\n|-crit|p1b: Altaria\n|-damage|p1b: Altaria|0 fnt\n|faint|p1b: Altaria\n|\n|-heal|p2a: WaterSerperior|100/100|[from] item: Leftovers\n|-end|p2a: WaterSerperior|Fire Spin|[partiallytrapped]|[silent]\n|upkeep\n|\n|t:|1776612503\n|switch|p1b: Torterra|Torterra, L50, F|100/100\n|turn|2\n|\n|t:|1776612518\n|move|p2b: Mogging|Close Combat|p1a: Tauros\n|-damage|p1a: Tauros|14/100\n|-unboost|p2b: Mogging|def|1\n|-unboost|p2b: Mogging|spd|1\n|move|p1a: Tauros|Raging Bull|p2b: Mogging\n|-damage|p2b: Mogging|0 fnt\n|faint|p2b: Mogging\n|move|p1b: Torterra|Shell Smash|p1b: Torterra\n|-unboost|p1b: Torterra|def|1\n|-unboost|p1b: Torterra|spd|1\n|-boost|p1b: Torterra|atk|2\n|-boost|p1b: Torterra|spa|2\n|-boost|p1b: Torterra|spe|2\n|-enditem|p1b: Torterra|White Herb\n|-clearnegativeboost|p1b: Torterra|[silent]\n|move|p2a: WaterSerperior|Ice Beam|p1b: Torterra\n|-supereffective|p1b: Torterra|2\n|-damage|p1b: Torterra|0 fnt\n|faint|p1b: Torterra\n|\n|upkeep\n|\n|t:|1776612541\n|switch|p2b: Mewing|Aerodactyl, L50, M|100/100\n|switch|p1b: Scizor|Scizor, L50, F|100/100\n|-ability|p2b: Mewing|Unnerve\n|turn|3\n|\n|t:|1776612574\n|detailschange|p1b: Scizor|Scizor-Mega, L50, F\n|-mega|p1b: Scizor|Scizor|Scizorite\n|move|p1b: Scizor|Bullet Punch|p2b: Mewing\n|-supereffective|p2b: Mewing|1\n|-enditem|p2b: Mewing|Focus Sash\n|-damage|p2b: Mewing|1/100\n|move|p1a: Tauros|Raging Bull|p2b: Mewing\n|-supereffective|p2b: Mewing|1\n|-damage|p2b: Mewing|0 fnt\n|faint|p2b: Mewing\n|move|p2a: WaterSerperior|Scald|p1b: Scizor\n|-damage|p1b: Scizor|41/100\n|-status|p1b: Scizor|brn\n|\n|-damage|p1b: Scizor|34/100 brn|[from] brn\n|upkeep\n|\n|t:|1776612587\n|switch|p2b: Chandy|Chandelure, L50, M, shiny|100/100\n|turn|4\n|\n|t:|1776612602\n|detailschange|p2b: Chandy|Chandelure-Mega, L50, M, shiny\n|-mega|p2b: Chandy|Chandelure|Chandelurite\n|move|p2b: Chandy|Protect|p2b: Chandy\n|-singleturn|p2b: Chandy|Protect\n|move|p1b: Scizor|Bullet Punch|p2b: Chandy\n|-activate|p2b: Chandy|move: Protect\n|move|p1a: Tauros|Raging Bull|p2b: Chandy\n|-activate|p2b: Chandy|move: Protect\n|move|p2a: WaterSerperior|Scald|p1a: Tauros\n|-resisted|p1a: Tauros|1\n|-damage|p1a: Tauros|0 fnt\n|faint|p1a: Tauros\n|\n|-damage|p1b: Scizor|28/100 brn|[from] brn\n|upkeep\n|turn|5\n|\n|t:|1776612620\n|move|p2b: Chandy|Heat Wave|p1b: Scizor\n|-supereffective|p1b: Scizor|2\n|-damage|p1b: Scizor|0 fnt\n|faint|p1b: Scizor\n|\n|win|ImIkki\n|raw|XFranknessX's rating: 1050 &rarr; <strong>1032</strong><br />(-18 for losing)\n|raw|ImIkki's rating: 1049 &rarr; <strong>1082</strong><br />(+33 for winning)\n|l|\u2606XFranknessX\n|player|p1|\n",
  "uploadtime": 1776612637,
  "views": 16,
  "formatid": "gen9championsvgc2026regma",
  "rating": 1032,
  "private": 0,
  "password": null
}