{
  "id": "gen9championsvgc2026regma-2584583511",
  "format": "[Gen 9 Champions] VGC 2026 Reg M-A",
  "players": [
    "kingbriddz",
    "gonzavs"
  ],
  "log": "|j|\u2606kingbriddz\n|j|\u2606gonzavs\n|t:|1776270272\n|gametype|doubles\n|player|p1|kingbriddz|102|1110\n|player|p2|gonzavs|palmer|1156\n|gen|9\n|tier|[Gen 9 Champions] VGC 2026 Reg M-A\n|rated|\n|rule|Species Clause: Limit one of each Pok\u00e9mon\n|rule|Item Clause: Limit 1 of each item\n|clearpoke\n|poke|p1|Hawlucha, L50, F|\n|poke|p1|Snorlax, L50, F|\n|poke|p1|Sinistcha-Masterpiece, L50|\n|poke|p1|Rotom-Wash, L50|\n|poke|p1|Incineroar, L50, M|\n|poke|p1|Aerodactyl, L50, F|\n|poke|p2|Weavile, L50, M|\n|poke|p2|Aerodactyl, L50, F|\n|poke|p2|Milotic, L50, M|\n|poke|p2|Aggron, L50, F|\n|poke|p2|Sinistcha, L50|\n|poke|p2|Dragapult, L50, M|\n|teampreview|4\n|\n|t:|1776270307\n|teamsize|p1|4\n|teamsize|p2|4\n|start\n|switch|p1a: Hawlucha|Hawlucha, L50, F|100/100\n|switch|p1b: Snorlax|Snorlax, L50, F, shiny|100/100\n|switch|p2a: Weavile|Weavile, L50, M|100/100\n|switch|p2b: Dragapult|Dragapult, L50, M|100/100\n|-ability|p1a: Hawlucha|Mold Breaker\n|turn|1\n|inactive|Battle timer is ON: inactive players will automatically lose when time's up. (requested by kingbriddz)\n|\n|t:|1776270325\n|detailschange|p1a: Hawlucha|Hawlucha-Mega, L50, F\n|-mega|p1a: Hawlucha|Hawlucha|Hawluchanite\n|move|p1a: Hawlucha|Protect|p1a: Hawlucha\n|-singleturn|p1a: Hawlucha|Protect\n|move|p1b: Snorlax|Protect|p1b: Snorlax\n|-singleturn|p1b: Snorlax|Protect\n|move|p2a: Weavile|Fake Out|p1a: Hawlucha\n|-activate|p1a: Hawlucha|move: Protect\n|move|p2b: Dragapult|Will-O-Wisp|p1b: Snorlax\n|-activate|p1b: Snorlax|move: Protect\n|\n|upkeep\n|turn|2\n|\n|t:|1776270348\n|move|p2b: Dragapult|Dragon Darts|p1b: Snorlax\n|-damage|p1b: Snorlax|88/100\n|-anim|p2b: Dragapult|Dragon Darts|p1a: Hawlucha\n|-crit|p1a: Hawlucha\n|-damage|p1a: Hawlucha|71/100\n|move|p2a: Weavile|Low Kick|p1b: Snorlax\n|-supereffective|p1b: Snorlax|1\n|-crit|p1b: Snorlax\n|-damage|p1b: Snorlax|10/100\n|move|p1a: Hawlucha|Entrainment|p1b: Snorlax\n|-ability|p1b: Snorlax|No Guard|Thick Fat|[from] move: Entrainment|[of] p1a: Hawlucha\n|move|p1b: Snorlax|Fissure|p2b: Dragapult\n|-damage|p2b: Dragapult|0 fnt\n|faint|p2b: Dragapult\n|-ohko\n|\n|-heal|p1b: Snorlax|16/100|[from] item: Leftovers\n|upkeep\n|\n|t:|1776270367\n|switch|p2b: Aggron|Aggron, L50, F|100/100\n|turn|3\n|\n|t:|1776270376\n|switch|p1a: Sinistcha|Sinistcha-Masterpiece, L50|100/100\n|-heal|p1b: Snorlax|40/100|[from] ability: Hospitality|[of] p1a: Sinistcha\n|detailschange|p2b: Aggron|Aggron-Mega, L50, F\n|-mega|p2b: Aggron|Aggron|Aggronite\n|move|p1b: Snorlax|Protect|p1b: Snorlax\n|-singleturn|p1b: Snorlax|Protect\n|move|p2a: Weavile|Low Kick|p1b: Snorlax\n|-activate|p1b: Snorlax|move: Protect\n|move|p2b: Aggron|Iron Defense|p2b: Aggron\n|-boost|p2b: Aggron|def|2\n|\n|-heal|p1b: Snorlax|46/100|[from] item: Leftovers\n|upkeep\n|turn|4\n|\n|t:|1776270396\n|move|p1a: Sinistcha|Rage Powder|p1a: Sinistcha\n|-singleturn|p1a: Sinistcha|move: Rage Powder\n|move|p2a: Weavile|Low Kick|p1a: Sinistcha\n|-immune|p1a: Sinistcha\n|move|p2b: Aggron|Heavy Slam|p1a: Sinistcha\n|-damage|p1a: Sinistcha|56/100\n|move|p1b: Snorlax|Fissure|p2b: Aggron\n|-damage|p2b: Aggron|0 fnt\n|faint|p2b: Aggron\n|-ohko\n|\n|-heal|p1b: Snorlax|52/100|[from] item: Leftovers\n|upkeep\n|\n|t:|1776270404\n|switch|p2b: Sinistcha|Sinistcha, L50|100/100\n|turn|5\n|\n|t:|1776270415\n|move|p1a: Sinistcha|Rage Powder|p1a: Sinistcha\n|-singleturn|p1a: Sinistcha|move: Rage Powder\n|move|p2b: Sinistcha|Rage Powder|p2b: Sinistcha\n|-singleturn|p2b: Sinistcha|move: Rage Powder\n|move|p2a: Weavile|Knock Off|p1a: Sinistcha\n|-supereffective|p1a: Sinistcha|1\n|-damage|p1a: Sinistcha|0 fnt\n|-enditem|p1a: Sinistcha|Occa Berry|[from] move: Knock Off|[of] p2a: Weavile\n|faint|p1a: Sinistcha\n|move|p1b: Snorlax|Fissure|p2b: Sinistcha\n|-damage|p2b: Sinistcha|0 fnt\n|faint|p2b: Sinistcha\n|-ohko\n|\n|-heal|p1b: Snorlax|58/100|[from] item: Leftovers\n|upkeep\n|\n|t:|1776270430\n|switch|p1a: Rotom|Rotom-Wash, L50|100/100\n|turn|6\n|\n|t:|1776270442\n|move|p1b: Snorlax|Protect|p1b: Snorlax\n|-singleturn|p1b: Snorlax|Protect\n|move|p2a: Weavile|Low Kick|p1b: Snorlax\n|-activate|p1b: Snorlax|move: Protect\n|move|p1a: Rotom|Trick|p2a: Weavile\n|-activate|p1a: Rotom|move: Trick|[of] p2a: Weavile\n|-item|p2a: Weavile|Choice Scarf|[from] move: Trick\n|-item|p1a: Rotom|Focus Sash|[from] move: Trick\n|\n|-heal|p1b: Snorlax|64/100|[from] item: Leftovers\n|upkeep\n|turn|7\n|-message|gonzavs forfeited.\n|\n|win|kingbriddz\n|raw|kingbriddz's rating: 1110 &rarr; <strong>1138</strong><br />(+28 for winning)\n|raw|gonzavs's rating: 1156 &rarr; <strong>1128</strong><br />(-28 for losing)\n|l|\u2606gonzavs\n|player|p2|\n|c|\u2606kingbriddz|Gg\n",
  "uploadtime": 1776270460,
  "views": 19,
  "formatid": "gen9championsvgc2026regma",
  "rating": 1128,
  "private": 0,
  "password": null
}