{
  "id": "gen9championsvgc2026regma-2586852895",
  "format": "[Gen 9 Champions] VGC 2026 Reg M-A",
  "players": [
    "incinaddled",
    "StretchBB"
  ],
  "log": "|j|\u2606incinaddled\n|j|\u2606StretchBB\n|t:|1776465460\n|gametype|doubles\n|player|p1|incinaddled|proton|1150\n|player|p2|StretchBB|gambler|1109\n|gen|9\n|tier|[Gen 9 Champions] VGC 2026 Reg M-A\n|rated|\n|rule|Species Clause: Limit one of each Pok\u00e9mon\n|rule|Item Clause: Limit 1 of each item\n|clearpoke\n|poke|p1|Gardevoir, L50, F|\n|poke|p1|Aerodactyl, L50, F|\n|poke|p1|Incineroar, L50, F|\n|poke|p1|Kingambit, L50, F|\n|poke|p1|Garchomp, L50, F|\n|poke|p1|Basculegion, L50, M|\n|poke|p2|Tyrantrum, L50, M|\n|poke|p2|Milotic, L50, F|\n|poke|p2|Incineroar, L50, F|\n|poke|p2|Gardevoir, L50, F|\n|poke|p2|Sneasler, L50, M|\n|poke|p2|Whimsicott, L50, M|\n|teampreview|4\n|inactive|Battle timer is ON: inactive players will automatically lose when time's up. (requested by incinaddled)\n|inactive|incinaddled has 60 seconds left.\n|\n|t:|1776465514\n|teamsize|p1|4\n|teamsize|p2|4\n|start\n|switch|p1a: Aerodactyl|Aerodactyl, L50, F|100/100\n|switch|p1b: Gardevoir|Gardevoir, L50, F, shiny|100/100\n|switch|p2a: Tyrantrum|Tyrantrum, L50, M|100/100\n|switch|p2b: Whimsicott|Whimsicott, L50, M|100/100\n|-ability|p1a: Aerodactyl|Unnerve\n|turn|1\n|inactive|incinaddled has 30 seconds left.\n|\n|t:|1776465547\n|detailschange|p1b: Gardevoir|Gardevoir-Mega, L50, F, shiny\n|-mega|p1b: Gardevoir|Gardevoir|Gardevoirite\n|move|p1b: Gardevoir|Protect|p1b: Gardevoir\n|-singleturn|p1b: Gardevoir|Protect\n|move|p2b: Whimsicott|Tailwind|p2b: Whimsicott\n|-sidestart|p2: StretchBB|move: Tailwind\n|move|p2a: Tyrantrum|Head Smash|p1a: Aerodactyl\n|-supereffective|p1a: Aerodactyl|1\n|-enditem|p1a: Aerodactyl|Focus Sash\n|-damage|p1a: Aerodactyl|1/100\n|move|p1a: Aerodactyl|Tailwind|p1a: Aerodactyl\n|-sidestart|p1: incinaddled|move: Tailwind\n|\n|upkeep\n|turn|2\n|\n|t:|1776465569\n|move|p2b: Whimsicott|Encore|p1a: Aerodactyl\n|-start|p1a: Aerodactyl|Encore\n|move|p2a: Tyrantrum|Head Smash|p1b: Gardevoir|[miss]\n|-miss|p2a: Tyrantrum|p1b: Gardevoir\n|move|p1a: Aerodactyl|Tailwind||[still]\n|-fail|p1a: Aerodactyl\n|move|p1b: Gardevoir|Hyper Voice|p2b: Whimsicott|[spread] p2a,p2b\n|-supereffective|p2a: Tyrantrum|1\n|-damage|p2a: Tyrantrum|0 fnt\n|-damage|p2b: Whimsicott|30/100\n|faint|p2a: Tyrantrum\n|\n|upkeep\n|\n|t:|1776465580\n|switch|p2a: Sneasler|Sneasler, L50, M|100/100\n|turn|3\n|\n|t:|1776465604\n|switch|p1a: Basculegion|Basculegion, L50, M|100/100\n|move|p1b: Gardevoir|Protect|p1b: Gardevoir\n|-singleturn|p1b: Gardevoir|Protect\n|move|p2b: Whimsicott|Moonblast|p1a: Basculegion\n|-damage|p1a: Basculegion|71/100\n|move|p2a: Sneasler|Dire Claw|p1b: Gardevoir\n|-activate|p1b: Gardevoir|move: Protect\n|\n|upkeep\n|turn|4\n|\n|t:|1776465622\n|move|p1a: Basculegion|Wave Crash|p2a: Sneasler\n|-damage|p2a: Sneasler|0 fnt\n|faint|p2a: Sneasler\n|-damage|p1a: Basculegion|45/100|[from] Recoil\n|move|p2b: Whimsicott|Moonblast|p1a: Basculegion\n|-damage|p1a: Basculegion|14/100\n|move|p1b: Gardevoir|Hyper Voice|p2b: Whimsicott\n|-damage|p2b: Whimsicott|0 fnt\n|faint|p2b: Whimsicott\n|\n|-sideend|p2: StretchBB|move: Tailwind\n|-sideend|p1: incinaddled|move: Tailwind\n|upkeep\n|\n|t:|1776465634\n|switch|p2a: Gardevoir|Gardevoir, L50, F|100/100\n|-ability|p2a: Gardevoir|Adaptability|Trace|[from] ability: Trace|[of] p1a: Basculegion\n|turn|5\n|\n|t:|1776465646\n|detailschange|p2a: Gardevoir|Gardevoir-Mega, L50, F\n|-mega|p2a: Gardevoir|Gardevoir|Gardevoirite\n|move|p1a: Basculegion|Wave Crash|p2a: Gardevoir\n|-damage|p2a: Gardevoir|0 fnt\n|faint|p2a: Gardevoir\n|-damage|p1a: Basculegion|0 fnt|[from] Recoil\n|faint|p1a: Basculegion\n|\n|win|incinaddled\n|raw|incinaddled's rating: 1150 &rarr; <strong>1172</strong><br />(+22 for winning)\n|raw|StretchBB's rating: 1109 &rarr; <strong>1087</strong><br />(-22 for losing)\n|l|\u2606incinaddled\n|player|p1|\n",
  "uploadtime": 1776465692,
  "views": 36,
  "formatid": "gen9championsvgc2026regma",
  "rating": 1087,
  "private": 0,
  "password": null
}