{
  "id": "gen9championsvgc2026regma-2581700493",
  "format": "[Gen 9 Champions] VGC 2026 Reg M-A",
  "players": [
    "lion017",
    "SomecallmeD3X"
  ],
  "log": "|j|\u2606lion017\n|j|\u2606SomecallmeD3X\n|t:|1776021748\n|gametype|doubles\n|player|p1|lion017|266|1062\n|player|p2|SomecallmeD3X|ethan|1000\n|gen|9\n|tier|[Gen 9 Champions] VGC 2026 Reg M-A\n|rated|\n|rule|Species Clause: Limit one of each Pok\u00e9mon\n|rule|Item Clause: Limit 1 of each item\n|clearpoke\n|poke|p1|Garchomp, L50, M|\n|poke|p1|Floette-Eternal, L50, F|\n|poke|p1|Talonflame, L50, M|\n|poke|p1|Corviknight, L50, F|\n|poke|p1|Maushold, L50|\n|poke|p1|Glimmora, L50, M|\n|poke|p2|Aggron, L50, M|\n|poke|p2|Klefki, L50, F|\n|poke|p2|Crabominable, L50, M|\n|poke|p2|Floette-Eternal, L50, F|\n|poke|p2|Ninetales-Alola, L50, F|\n|poke|p2|Sinistcha, L50|\n|teampreview|4\n|inactive|Battle timer is ON: inactive players will automatically lose when time's up. (requested by lion017)\n|\n|t:|1776021768\n|teamsize|p1|4\n|teamsize|p2|4\n|start\n|switch|p1a: Garchomp|Garchomp, L50, M|100/100\n|switch|p1b: Talonflame|Talonflame, L50, M|100/100\n|switch|p2a: Crabominable|Crabominable, L50, M, shiny|100/100\n|switch|p2b: Ninetales|Ninetales-Alola, L50, F|100/100\n|-weather|Snowscape|[from] ability: Snow Warning|[of] p2b: Ninetales\n|turn|1\n|\n|t:|1776021785\n|detailschange|p2a: Crabominable|Crabominable-Mega, L50, M, shiny\n|-mega|p2a: Crabominable|Crabominable|Crabominite\n|move|p1a: Garchomp|Protect|p1a: Garchomp\n|-singleturn|p1a: Garchomp|Protect\n|move|p1b: Talonflame|Brave Bird|p2a: Crabominable\n|-supereffective|p2a: Crabominable|1\n|-damage|p2a: Crabominable|38/100\n|-damage|p1b: Talonflame|73/100|[from] Recoil\n|move|p2b: Ninetales|Blizzard|p1a: Garchomp|[spread] p1b\n|-activate|p1a: Garchomp|move: Protect\n|-damage|p1b: Talonflame|24/100\n|move|p2a: Crabominable|Crabhammer|p1b: Talonflame\n|-supereffective|p1b: Talonflame|1\n|-damage|p1b: Talonflame|0 fnt\n|faint|p1b: Talonflame\n|\n|-weather|Snowscape|[upkeep]\n|upkeep\n|\n|t:|1776021793\n|switch|p1b: Floette|Floette-Eternal, L50, F|100/100\n|turn|2\n|\n|t:|1776021804\n|detailschange|p1b: Floette|Floette-Mega, L50, F\n|-mega|p1b: Floette|Floette|Floettite\n|-ability|p1b: Floette|Fairy Aura\n|move|p2b: Ninetales|Aurora Veil|p2b: Ninetales\n|-sidestart|p2: SomecallmeD3X|move: Aurora Veil\n|move|p1b: Floette|Dazzling Gleam|p2b: Ninetales|[spread] p2a,p2b\n|-supereffective|p2a: Crabominable|1\n|-damage|p2a: Crabominable|0 fnt\n|-damage|p2b: Ninetales|66/100\n|faint|p2a: Crabominable\n|move|p1a: Garchomp|Rock Slide|p2b: Ninetales\n|-supereffective|p2b: Ninetales|1\n|-damage|p2b: Ninetales|26/100\n|\n|-weather|Snowscape|[upkeep]\n|upkeep\n|\n|t:|1776021816\n|switch|p2a: Klefki|Klefki, L50, F, shiny|100/100\n|turn|3\n|\n|t:|1776021823\n|switch|p1a: Corviknight|Corviknight, L50, F|100/100\n|move|p1b: Floette|Protect|p1b: Floette\n|-singleturn|p1b: Floette|Protect\n|move|p2a: Klefki|Thunder Wave|p1b: Floette\n|-activate|p1b: Floette|move: Protect\n|move|p2b: Ninetales|Blizzard|p1b: Floette|[spread] p1a\n|-activate|p1b: Floette|move: Protect\n|-crit|p1a: Corviknight\n|-damage|p1a: Corviknight|58/100\n|-status|p1a: Corviknight|frz\n|\n|-weather|Snowscape|[upkeep]\n|-heal|p1a: Corviknight|64/100 frz|[from] item: Leftovers\n|upkeep\n|turn|4\n|\n|t:|1776021838\n|move|p2a: Klefki|Thunder Wave|p1b: Floette\n|-status|p1b: Floette|par\n|move|p2b: Ninetales|Blizzard|p1b: Floette|[spread] p1a,p1b\n|-damage|p1a: Corviknight|37/100 frz\n|-damage|p1b: Floette|79/100 par\n|cant|p1a: Corviknight|frz\n|move|p1b: Floette|Dazzling Gleam|p2b: Ninetales|[spread] p2a,p2b\n|-resisted|p2a: Klefki|1\n|-damage|p2a: Klefki|86/100\n|-damage|p2b: Ninetales|0 fnt\n|faint|p2b: Ninetales\n|\n|-weather|Snowscape|[upkeep]\n|-heal|p1a: Corviknight|43/100 frz|[from] item: Leftovers\n|upkeep\n|\n|t:|1776021852\n|switch|p2b: Sinistcha|Sinistcha, L50|100/100\n|-heal|p2a: Klefki|100/100|[from] ability: Hospitality|[of] p2b: Sinistcha\n|turn|5\n|\n|t:|1776021869\n|move|p2a: Klefki|Switcheroo|p1a: Corviknight\n|-activate|p2a: Klefki|move: Trick|[of] p1a: Corviknight\n|-item|p1a: Corviknight|Mental Herb|[from] move: Switcheroo\n|-item|p2a: Klefki|Leftovers|[from] move: Switcheroo\n|cant|p1a: Corviknight|frz\n|move|p1b: Floette|Moonblast|p2b: Sinistcha\n|-damage|p2b: Sinistcha|54/100\n|move|p2b: Sinistcha|Trick Room|p2b: Sinistcha\n|-fieldstart|move: Trick Room|[of] p2b: Sinistcha\n|\n|-weather|none\n|upkeep\n|turn|6\n|\n|t:|1776021883\n|move|p1b: Floette|Light of Ruin|p2b: Sinistcha\n|-damage|p2b: Sinistcha|0 fnt\n|faint|p2b: Sinistcha\n|-damage|p1b: Floette|52/100 par|[from] Recoil\n|move|p2a: Klefki|Foul Play|p1a: Corviknight\n|-damage|p1a: Corviknight|30/100 frz\n|-curestatus|p1a: Corviknight|frz|[msg]\n|move|p1a: Corviknight|Roost|p1a: Corviknight\n|-heal|p1a: Corviknight|80/100\n|-singleturn|p1a: Corviknight|move: Roost\n|\n|-sideend|p2: SomecallmeD3X|move: Aurora Veil\n|upkeep\n|turn|7\n|\n|t:|1776021897\n|move|p1b: Floette|Light of Ruin|p2a: Klefki\n|-resisted|p2a: Klefki|1\n|-damage|p2a: Klefki|50/100\n|-damage|p1b: Floette|28/100 par|[from] Recoil\n|move|p2a: Klefki|Foul Play|p1a: Corviknight\n|-damage|p1a: Corviknight|68/100\n|move|p1a: Corviknight|Body Press|p2a: Klefki\n|-damage|p2a: Klefki|24/100\n|\n|-heal|p2a: Klefki|30/100|[from] item: Leftovers\n|upkeep\n|turn|8\n|\n|t:|1776021907\n|move|p1b: Floette|Moonblast|p2a: Klefki\n|-resisted|p2a: Klefki|1\n|-damage|p2a: Klefki|0 fnt\n|faint|p2a: Klefki\n|\n|win|lion017\n|raw|lion017's rating: 1062 &rarr; <strong>1087</strong><br />(+25 for winning)\n|raw|SomecallmeD3X's rating: 1000 &rarr; <strong>1000</strong><br />(+0 for losing)\n",
  "uploadtime": 1776021911,
  "views": 12,
  "formatid": "gen9championsvgc2026regma",
  "rating": 1000,
  "private": 0,
  "password": null
}