{
  "id": "gen9championsvgc2026regma-2585341073",
  "format": "[Gen 9 Champions] VGC 2026 Reg M-A",
  "players": [
    "xkougaaa",
    "Pastor/Sinner"
  ],
  "log": "|j|\u2606xkougaaa\n|j|\u2606Pastor/Sinner\n|t:|1776339486\n|gametype|doubles\n|player|p1|xkougaaa|marlon|1088\n|player|p2|Pastor/Sinner|265|1059\n|gen|9\n|tier|[Gen 9 Champions] VGC 2026 Reg M-A\n|rated|\n|rule|Species Clause: Limit one of each Pok\u00e9mon\n|rule|Item Clause: Limit 1 of each item\n|clearpoke\n|poke|p1|Incineroar, L50, F|\n|poke|p1|Garchomp, L50, F|\n|poke|p1|Kingambit, L50, F|\n|poke|p1|Whimsicott, L50, M|\n|poke|p1|Starmie, L50|\n|poke|p1|Typhlosion-Hisui, L50, F|\n|poke|p2|Tyranitar, L50, F|\n|poke|p2|Froslass, L50, F|\n|poke|p2|Aerodactyl, L50, M|\n|poke|p2|Vanilluxe, L50, F|\n|poke|p2|Milotic, L50, F|\n|poke|p2|Arcanine-Hisui, L50, F|\n|teampreview|4\n|\n|t:|1776339529\n|teamsize|p1|4\n|teamsize|p2|4\n|start\n|switch|p1a: Whimsicott|Whimsicott, L50, M|100/100\n|switch|p1b: Typhlosion|Typhlosion-Hisui, L50, F|100/100\n|switch|p2a: Ten Twinkies|Milotic, L50, F, shiny|100/100\n|switch|p2b: Arcanine|Arcanine-Hisui, L50, F|100/100\n|-ability|p2b: Arcanine|Intimidate|boost\n|-unboost|p1a: Whimsicott|atk|1\n|-unboost|p1b: Typhlosion|atk|1\n|-item|p2a: Ten Twinkies|Leftovers|[from] ability: Frisk|[of] p1b: Typhlosion\n|-item|p2b: Arcanine|Choice Scarf|[from] ability: Frisk|[of] p1b: Typhlosion\n|turn|1\n|inactive|Battle timer is ON: inactive players will automatically lose when time's up. (requested by Pastor/Sinner)\n|\n|t:|1776339564\n|move|p1b: Typhlosion|Protect|p1b: Typhlosion\n|-singleturn|p1b: Typhlosion|Protect\n|move|p2b: Arcanine|Iron Head|p1a: Whimsicott\n|-supereffective|p1a: Whimsicott|1\n|-damage|p1a: Whimsicott|33/100\n|move|p1a: Whimsicott|Endeavor|p2b: Arcanine\n|-damage|p2b: Arcanine|32/100\n|move|p2a: Ten Twinkies|Muddy Water|p1b: Typhlosion|[spread] p1a\n|-activate|p1b: Typhlosion|move: Protect\n|-resisted|p1a: Whimsicott|1\n|-damage|p1a: Whimsicott|17/100\n|\n|upkeep\n|turn|2\n|inactive|xkougaaa has 30 seconds left.\n|\n|t:|1776339593\n|move|p1a: Whimsicott|Tailwind|p1a: Whimsicott\n|-sidestart|p1: xkougaaa|move: Tailwind\n|move|p1b: Typhlosion|Eruption|p2b: Arcanine|[spread] p2a,p2b\n|-resisted|p2a: Ten Twinkies|1\n|-crit|p2a: Ten Twinkies\n|-resisted|p2b: Arcanine|2\n|-damage|p2a: Ten Twinkies|72/100\n|-damage|p2b: Arcanine|15/100\n|move|p2b: Arcanine|Iron Head|p1a: Whimsicott\n|-supereffective|p1a: Whimsicott|1\n|-damage|p1a: Whimsicott|0 fnt\n|faint|p1a: Whimsicott\n|move|p2a: Ten Twinkies|Muddy Water|p1b: Typhlosion\n|-supereffective|p1b: Typhlosion|1\n|-damage|p1b: Typhlosion|14/100\n|\n|-heal|p1b: Typhlosion|20/100|[from] item: Leftovers\n|-heal|p2a: Ten Twinkies|79/100|[from] item: Leftovers\n|upkeep\n|\n|t:|1776339611\n|switch|p1a: Wolfe Glick man|Incineroar, L50, F|100/100\n|-ability|p1a: Wolfe Glick man|Intimidate|boost\n|-unboost|p2a: Ten Twinkies|atk|1\n|-ability|p2a: Ten Twinkies|Competitive|boost\n|-boost|p2a: Ten Twinkies|spa|2\n|-unboost|p2b: Arcanine|atk|1\n|turn|3\n|\n|t:|1776339622\n|switch|p2b: Da Mama|Tyranitar, L50, F, shiny|100/100\n|-weather|Sandstorm|[from] ability: Sand Stream|[of] p2b: Da Mama\n|move|p2a: Ten Twinkies|Protect|p2a: Ten Twinkies\n|-singleturn|p2a: Ten Twinkies|Protect\n|move|p1a: Wolfe Glick man|Fake Out|p2a: Ten Twinkies\n|-activate|p2a: Ten Twinkies|move: Protect\n|move|p1b: Typhlosion|Shadow Ball|p2b: Da Mama\n|-resisted|p2b: Da Mama|1\n|-damage|p2b: Da Mama|89/100\n|\n|-weather|Sandstorm|[upkeep]\n|-damage|p1b: Typhlosion|14/100|[from] Sandstorm\n|-damage|p1a: Wolfe Glick man|95/100|[from] Sandstorm\n|-damage|p2a: Ten Twinkies|72/100|[from] Sandstorm\n|-heal|p1b: Typhlosion|20/100|[from] item: Leftovers\n|-heal|p2a: Ten Twinkies|79/100|[from] item: Leftovers\n|upkeep\n|turn|4\n|inactive|xkougaaa has 30 seconds left.\n|\n|t:|1776339649\n|move|p1a: Wolfe Glick man|Protect|p1a: Wolfe Glick man\n|-singleturn|p1a: Wolfe Glick man|Protect\n|move|p1b: Typhlosion|Heat Wave|p2a: Ten Twinkies|[spread] p2a,p2b\n|-resisted|p2a: Ten Twinkies|1\n|-resisted|p2b: Da Mama|1\n|-damage|p2a: Ten Twinkies|67/100\n|-damage|p2b: Da Mama|79/100\n|-status|p2a: Ten Twinkies|brn\n|move|p2a: Ten Twinkies|Muddy Water|p1b: Typhlosion|[spread] \n|-activate|p1a: Wolfe Glick man|move: Protect\n|-miss|p2a: Ten Twinkies|p1b: Typhlosion\n|move|p2b: Da Mama|Rock Slide|p1a: Wolfe Glick man|[spread] p1b\n|-activate|p1a: Wolfe Glick man|move: Protect\n|-supereffective|p1b: Typhlosion|1\n|-damage|p1b: Typhlosion|0 fnt\n|faint|p1b: Typhlosion\n|\n|-weather|Sandstorm|[upkeep]\n|-damage|p1a: Wolfe Glick man|89/100|[from] Sandstorm\n|-damage|p2a: Ten Twinkies|60/100 brn|[from] Sandstorm\n|-heal|p2a: Ten Twinkies|67/100 brn|[from] item: Leftovers\n|-damage|p2a: Ten Twinkies|60/100 brn|[from] brn\n|upkeep\n|\n|t:|1776339668\n|switch|p1b: Starmie|Starmie, L50|100/100\n|turn|5\n|\n|t:|1776339683\n|detailschange|p1b: Starmie|Starmie-Mega, L50\n|-mega|p1b: Starmie|Starmie|Starminite\n|move|p1b: Starmie|Flip Turn|p2b: Da Mama\n|-supereffective|p2b: Da Mama|1\n|-damage|p2b: Da Mama|0 fnt\n|faint|p2b: Da Mama\n|move|p1a: Wolfe Glick man|Parting Shot|p2a: Ten Twinkies\n|-unboost|p2a: Ten Twinkies|atk|1\n|-ability|p2a: Ten Twinkies|Competitive|boost\n|-boost|p2a: Ten Twinkies|spa|2\n|-unboost|p2a: Ten Twinkies|spa|1\n|-ability|p2a: Ten Twinkies|Competitive|boost\n|-boost|p2a: Ten Twinkies|spa|2\n|move|p2a: Ten Twinkies|Muddy Water|p1b: Starmie|[spread] p1a,p1b\n|-supereffective|p1a: Wolfe Glick man|1\n|-resisted|p1b: Starmie|1\n|-damage|p1a: Wolfe Glick man|0 fnt\n|-damage|p1b: Starmie|46/100\n|-unboost|p1b: Starmie|accuracy|1\n|faint|p1a: Wolfe Glick man\n|\n|-weather|Sandstorm|[upkeep]\n|-damage|p1b: Starmie|40/100|[from] Sandstorm\n|-damage|p2a: Ten Twinkies|54/100 brn|[from] Sandstorm\n|-heal|p2a: Ten Twinkies|60/100 brn|[from] item: Leftovers\n|-damage|p2a: Ten Twinkies|54/100 brn|[from] brn\n|-sideend|p1: xkougaaa|move: Tailwind\n|upkeep\n|inactive|Pastor/Sinner has 30 seconds left.\n|\n|t:|1776339710\n|switch|p2b: Arcanine|Arcanine-Hisui, L50, F|15/100\n|-ability|p2b: Arcanine|Intimidate|boost\n|-unboost|p1b: Starmie|atk|1\n|turn|6\n|\n|t:|1776339718\n|move|p2b: Arcanine|Head Smash|p1b: Starmie|[miss]\n|-miss|p2b: Arcanine|p1b: Starmie\n|move|p1b: Starmie|Zen Headbutt|p2a: Ten Twinkies|[miss]\n|-miss|p1b: Starmie|p2a: Ten Twinkies\n|move|p2a: Ten Twinkies|Dragon Pulse|p1b: Starmie\n|-damage|p1b: Starmie|0 fnt\n|faint|p1b: Starmie\n|\n|win|Pastor/Sinner\n|raw|xkougaaa's rating: 1088 &rarr; <strong>1063</strong><br />(-25 for losing)\n|raw|Pastor&#x2f;Sinner's rating: 1059 &rarr; <strong>1093</strong><br />(+34 for winning)\n|l|\u2606xkougaaa\n|player|p1|\n",
  "uploadtime": 1776339731,
  "views": 39,
  "formatid": "gen9championsvgc2026regma",
  "rating": 1063,
  "private": 0,
  "password": null
}