{
  "id": "gen9championsvgc2026regma-2580671574",
  "format": "[Gen 9 Champions] VGC 2026 Reg M-A",
  "players": [
    "iTz_Francy-_-",
    "sadmvldd"
  ],
  "log": "|j|\u2606iTz_Francy-_-\n|j|\u2606sadmvldd\n|t:|1775923045\n|gametype|doubles\n|player|p1|iTz_Francy-_-|101|1041\n|player|p2|sadmvldd|266|1040\n|gen|9\n|tier|[Gen 9 Champions] VGC 2026 Reg M-A\n|rated|\n|rule|Species Clause: Limit one of each Pok\u00e9mon\n|rule|Item Clause: Limit 1 of each item\n|clearpoke\n|poke|p1|Archaludon, L50, F|\n|poke|p1|Meganium, L50, F|\n|poke|p1|Pelipper, L50, M|\n|poke|p1|Basculegion, L50, M|\n|poke|p1|Sneasler, L50, M|\n|poke|p1|Kingambit, L50, F|\n|poke|p2|Scizor, L50, F|\n|poke|p2|Incineroar, L50, F|\n|poke|p2|Sinistcha-Masterpiece, L50|\n|poke|p2|Kommo-o, L50, M|\n|poke|p2|Politoed, L50, F|\n|poke|p2|Basculegion, L50, M|\n|teampreview|4\n|j| btter\n|\n|t:|1775923095\n|teamsize|p1|4\n|teamsize|p2|4\n|start\n|switch|p1a: Sneasler|Sneasler, L50, M|100/100\n|switch|p1b: Basculegion|Basculegion, L50, M|100/100\n|switch|p2a: Kommo-o|Kommo-o, L50, M|100/100\n|switch|p2b: Incineroar|Incineroar, L50, F|100/100\n|-ability|p2b: Incineroar|Intimidate|boost\n|-unboost|p1a: Sneasler|atk|1\n|-unboost|p1b: Basculegion|atk|1\n|turn|1\n|\n|t:|1775923115\n|switch|p2b: Sinistcha|Sinistcha-Masterpiece, L50|100/100\n|move|p1a: Sneasler|Fake Out|p2a: Kommo-o\n|-damage|p2a: Kommo-o|90/100\n|move|p1b: Basculegion|Flip Turn|p2b: Sinistcha\n|-resisted|p2b: Sinistcha|1\n|-damage|p2b: Sinistcha|88/100\n|\n|t:|1775923131\n|switch|p1b: Meganium|Meganium, L50, F|100/100|[from] Flip Turn\n|cant|p2a: Kommo-o|flinch\n|\n|upkeep\n|turn|2\n|\n|t:|1775923161\n|switch|p2a: Incineroar|Incineroar, L50, F|100/100\n|-ability|p2a: Incineroar|Intimidate|boost\n|-unboost|p1a: Sneasler|atk|1\n|-unboost|p1b: Meganium|atk|1\n|detailschange|p1b: Meganium|Meganium-Mega, L50, F\n|-mega|p1b: Meganium|Meganium|Meganiumite\n|move|p1a: Sneasler|Dire Claw|p2b: Sinistcha\n|-damage|p2b: Sinistcha|68/100\n|move|p1b: Meganium|Dazzling Gleam|p2a: Incineroar|[spread] p2a,p2b\n|-damage|p2a: Incineroar|67/100\n|-damage|p2b: Sinistcha|34/100\n|move|p2b: Sinistcha|Trick Room|p2b: Sinistcha\n|-fieldstart|move: Trick Room|[of] p2b: Sinistcha\n|\n|upkeep\n|turn|3\n|\n|t:|1775923188\n|switch|p1a: Basculegion|Basculegion, L50, M|100/100\n|move|p1b: Meganium|Protect|p1b: Meganium\n|-singleturn|p1b: Meganium|Protect\n|move|p2a: Incineroar|Flare Blitz|p1b: Meganium\n|-activate|p1b: Meganium|move: Protect\n|move|p2b: Sinistcha|Life Dew|p2b: Sinistcha|[spread] p2a,p2b\n|-heal|p2a: Incineroar|92/100\n|-heal|p2b: Sinistcha|59/100\n|\n|upkeep\n|turn|4\n|inactive|Battle timer is ON: inactive players will automatically lose when time's up. (requested by sadmvldd)\n|\n|t:|1775923245\n|move|p2b: Sinistcha|Rage Powder|p2b: Sinistcha\n|-singleturn|p2b: Sinistcha|move: Rage Powder\n|move|p2a: Incineroar|Flare Blitz|p1b: Meganium\n|-supereffective|p1b: Meganium|1\n|-damage|p1b: Meganium|14/100\n|-damage|p2a: Incineroar|70/100|[from] Recoil\n|move|p1b: Meganium|Dazzling Gleam|p2a: Incineroar|[spread] p2a,p2b\n|-damage|p2a: Incineroar|37/100\n|-damage|p2b: Sinistcha|22/100\n|move|p1a: Basculegion|Wave Crash|p2b: Sinistcha\n|-resisted|p2b: Sinistcha|1\n|-damage|p2b: Sinistcha|0 fnt\n|faint|p2b: Sinistcha\n|-damage|p1a: Basculegion|94/100|[from] Recoil\n|\n|upkeep\n|\n|t:|1775923258\n|switch|p2b: Scizor|Scizor, L50, F|100/100\n|turn|5\n|inactive|iTz_Francy-_- has 30 seconds left.\n|\n|t:|1775923288\n|switch|p1b: Archaludon|Archaludon, L50, F|100/100\n|switch|p1a: Sneasler|Sneasler, L50, M|100/100\n|detailschange|p2b: Scizor|Scizor-Mega, L50, F\n|-mega|p2b: Scizor|Scizor|Scizorite\n|move|p2b: Scizor|Bullet Punch|p1b: Archaludon\n|-resisted|p1b: Archaludon|1\n|-damage|p1b: Archaludon|85/100\n|-ability|p1b: Archaludon|Stamina|boost\n|-boost|p1b: Archaludon|def|1\n|move|p2a: Incineroar|Darkest Lariat|p1a: Sneasler\n|-resisted|p1a: Sneasler|1\n|-damage|p1a: Sneasler|73/100\n|\n|upkeep\n|turn|6\n|inactive|iTz_Francy-_- has 30 seconds left.\n|inactive|iTz_Francy-_- has 20 seconds left.\n|inactive|iTz_Francy-_- has 15 seconds left.\n|\n|t:|1775923328\n|move|p1a: Sneasler|Fake Out|p2a: Incineroar\n|-damage|p2a: Incineroar|27/100\n|cant|p2a: Incineroar|flinch\n|move|p2b: Scizor|Swords Dance|p2b: Scizor\n|-boost|p2b: Scizor|atk|2\n|move|p1b: Archaludon|Dragon Pulse|p2b: Scizor\n|-resisted|p2b: Scizor|1\n|-damage|p2b: Scizor|77/100\n|\n|-fieldend|move: Trick Room\n|upkeep\n|turn|7\n|inactive|iTz_Francy-_- has 30 seconds left.\n|inactive|iTz_Francy-_- has 20 seconds left.\n|\n|t:|1775923364\n|switch|p2a: Kommo-o|Kommo-o, L50, M|90/100\n|move|p2b: Scizor|Bullet Punch|p1a: Sneasler\n|-damage|p1a: Sneasler|0 fnt\n|faint|p1a: Sneasler\n|move|p1b: Archaludon|Electro Shot||[still]\n|-prepare|p1b: Archaludon|Electro Shot\n|-boost|p1b: Archaludon|spa|1\n|\n|upkeep\n|\n|t:|1775923373\n|switch|p1a: Meganium|Meganium-Mega, L50, F|14/100\n|turn|8\n|l| btter\n|\n|t:|1775923384\n|move|p1a: Meganium|Protect|p1a: Meganium\n|-singleturn|p1a: Meganium|Protect\n|move|p2b: Scizor|Bullet Punch|p1a: Meganium\n|-activate|p1a: Meganium|move: Protect\n|move|p2a: Kommo-o|Clangorous Soul|p2a: Kommo-o\n|-boost|p2a: Kommo-o|atk|1\n|-boost|p2a: Kommo-o|def|1\n|-boost|p2a: Kommo-o|spa|1\n|-boost|p2a: Kommo-o|spd|1\n|-boost|p2a: Kommo-o|spe|1\n|-damage|p2a: Kommo-o|57/100\n|move|p1b: Archaludon|Electro Shot|p2b: Scizor|[from] lockedmove\n|-damage|p2b: Scizor|5/100\n|\n|upkeep\n|turn|9\n|inactive|iTz_Francy-_- has 30 seconds left.\n|inactive|iTz_Francy-_- has 20 seconds left.\n|\n|t:|1775923422\n|move|p1a: Meganium|Protect||[still]\n|-fail|p1a: Meganium\n|move|p2b: Scizor|Bullet Punch|p1a: Meganium\n|-supereffective|p1a: Meganium|1\n|-damage|p1a: Meganium|0 fnt\n|faint|p1a: Meganium\n|move|p2a: Kommo-o|Aura Sphere|p1b: Archaludon\n|-supereffective|p1b: Archaludon|1\n|-damage|p1b: Archaludon|0 fnt\n|faint|p1b: Archaludon\n|\n|upkeep\n|\n|t:|1775923434\n|switch|p1b: Basculegion|Basculegion, L50, M|94/100\n|turn|10\n|\n|t:|1775923441\n|move|p2b: Scizor|Bullet Punch|p1b: Basculegion\n|-resisted|p1b: Basculegion|1\n|-damage|p1b: Basculegion|49/100\n|move|p2a: Kommo-o|Clanging Scales|p1b: Basculegion\n|-damage|p1b: Basculegion|0 fnt\n|faint|p1b: Basculegion\n|\n|win|sadmvldd\n|raw|iTz_Francy-_-'s rating: 1041 &rarr; <strong>1025</strong><br />(-16 for losing)\n|raw|sadmvldd's rating: 1040 &rarr; <strong>1074</strong><br />(+34 for winning)\n",
  "uploadtime": 1775923445,
  "views": 12,
  "formatid": "gen9championsvgc2026regma",
  "rating": 1025,
  "private": 0,
  "password": null
}