{
  "id": "gen9championsvgc2026regma-2586089151",
  "format": "[Gen 9 Champions] VGC 2026 Reg M-A",
  "players": [
    "pigronauta",
    "Alcamaster10"
  ],
  "log": "|j|\u2606pigronauta\n|j|\u2606Alcamaster10\n|html|<table width=\"100%\"><tr><td align=\"left\">pigronauta</td><td align=\"right\">Alcamaster10</tr><tr><td align=\"left\"><i class=\"fa fa-circle-o\"></i> <i class=\"fa fa-circle-o\"></i> </td><td align=\"right\"><i class=\"fa fa-circle-o\"></i> <i class=\"fa fa-circle-o\"></i> </tr></table>\n|uhtml|bestof|<h2><strong>Game 1</strong> of <a href=\"/game-bestof3-gen9championsvgc2026regma-2586089150\">a best-of-3</a></h2>\n|t:|1776397775\n|gametype|doubles\n|player|p1|pigronauta|169|\n|player|p2|Alcamaster10|marlon|\n|gen|9\n|tier|[Gen 9 Champions] VGC 2026 Reg M-A\n|rule|Species Clause: Limit one of each Pok\u00e9mon\n|rule|Item Clause: Limit 1 of each item\n|raw|<div class=\"infobox\"><details class=\"readmore\" open><summary><strong>1 custom rule:</strong></summary> Best of = 3</details></div>\n|clearpoke\n|poke|p1|Charizard, L50, M|\n|poke|p1|Whimsicott, L50, M|\n|poke|p1|Garchomp, L50, M|\n|poke|p1|Sneasler, L50, F|\n|poke|p1|Gallade, L50, M|\n|poke|p1|Incineroar, L50, M|\n|poke|p2|Excadrill, L50, F|\n|poke|p2|Aerodactyl, L50, M|\n|poke|p2|Palafin, L50, M|\n|poke|p2|Arcanine, L50, F|\n|poke|p2|Jolteon, L50, M|\n|poke|p2|Dragonite, L50, M|\n|teampreview|4\nAlcamaster10 has agreed to open team sheets.\npigronauta has agreed to open team sheets.\n|showteam|p1|Charizard||CharizarditeY|SolarPower|HeatWave,SolarBeam,WeatherBall,Protect|||M|||50|]Whimsicott||FocusSash|Prankster|Moonblast,SunnyDay,Encore,Tailwind|||M|||50|]Garchomp||ChoiceScarf|RoughSkin|Earthquake,DragonClaw,StompingTantrum,RockSlide|||M|||50|]Sneasler||WhiteHerb|Unburden|FakeOut,CloseCombat,DireClaw,Protect|||F|||50|]Gallade||Galladite|Sharpness|SacredSword,ThunderPunch,IcePunch,Protect|||M|||50|]Incineroar||SitrusBerry|Intimidate|FlareBlitz,DarkestLariat,PartingShot,FakeOut|||M|||50|\n|showteam|p2|Excadrill||FocusSash|SandForce|Earthquake,Protect,IronHead,RockSlide|||F|||50|]Aerodactyl||Aerodactylite|Unnerve|Earthquake,RockSlide,Tailwind,Protect|||M|||50|]Palafin||WhiteHerb|ZerotoHero|Haze,IcePunch,JetPunch,Protect|||M|||50|]Arcanine||Leftovers|Intimidate|WillOWisp,FlareBlitz,ExtremeSpeed,Protect|||F|||50|]Jolteon||ShucaBerry|VoltAbsorb|Electroweb,MetalSound,Protect,Discharge|||M|||50|]Dragonite||Dragoninite|Multiscale|Roost,DracoMeteor,IceBeam,Thunder|||M|||50|\n|\n|t:|1776397811\n|teamsize|p1|4\n|teamsize|p2|4\n|start\n|switch|p1a: Charizard|Charizard, L50, M|100/100\n|switch|p1b: Whimsicott|Whimsicott, L50, M|100/100\n|switch|p2a: Aerodactyl|Aerodactyl, L50, M|100/100\n|switch|p2b: Jolteon|Jolteon, L50, M|100/100\n|-ability|p2a: Aerodactyl|Unnerve\n|turn|1\n|\n|t:|1776397849\n|detailschange|p1a: Charizard|Charizard-Mega-Y, L50, M\n|-mega|p1a: Charizard|Charizard|Charizardite Y\n|-weather|SunnyDay|[from] ability: Drought|[of] p1a: Charizard\n|move|p1b: Whimsicott|Tailwind|p1b: Whimsicott\n|-sidestart|p1: pigronauta|move: Tailwind\n|move|p1a: Charizard|Heat Wave|p2a: Aerodactyl|[spread] p2a,p2b\n|-resisted|p2a: Aerodactyl|1\n|-damage|p2a: Aerodactyl|53/100\n|-damage|p2b: Jolteon|4/100\n|-status|p2b: Jolteon|brn\n|move|p2b: Jolteon|Electroweb|p1b: Whimsicott|[spread] p1a,p1b\n|-supereffective|p1a: Charizard|1\n|-resisted|p1b: Whimsicott|1\n|-damage|p1a: Charizard|65/100\n|-damage|p1b: Whimsicott|83/100\n|-unboost|p1a: Charizard|spe|1\n|-unboost|p1b: Whimsicott|spe|1\n|move|p2a: Aerodactyl|Tailwind|p2a: Aerodactyl\n|-sidestart|p2: Alcamaster10|move: Tailwind\n|\n|-weather|SunnyDay|[upkeep]\n|-damage|p2b: Jolteon|0 fnt|[from] brn\n|faint|p2b: Jolteon\n|upkeep\n|\n|t:|1776397868\n|switch|p2b: Arcanine|Arcanine, L50, F|100/100\n|-ability|p2b: Arcanine|Intimidate|boost\n|-unboost|p1a: Charizard|atk|1\n|-unboost|p1b: Whimsicott|atk|1\n|turn|2\n|\n|t:|1776397901\n|switch|p1b: Gallade|Gallade, L50, M|100/100\n|detailschange|p2a: Aerodactyl|Aerodactyl-Mega, L50, M\n|-mega|p2a: Aerodactyl|Aerodactyl|Aerodactylite\n|move|p1a: Charizard|Protect|p1a: Charizard\n|-singleturn|p1a: Charizard|Protect\n|move|p2a: Aerodactyl|Rock Slide|p1a: Charizard|[spread] p1b\n|-activate|p1a: Charizard|move: Protect\n|-resisted|p1b: Gallade|1\n|-damage|p1b: Gallade|75/100\n|move|p2b: Arcanine|Flare Blitz|p1b: Gallade\n|-damage|p1b: Gallade|0 fnt\n|faint|p1b: Gallade\n|-damage|p2b: Arcanine|82/100|[from] Recoil\n|\n|-weather|SunnyDay|[upkeep]\n|-heal|p2b: Arcanine|88/100|[from] item: Leftovers\n|upkeep\n|\n|t:|1776397913\n|switch|p1b: Sneasler|Sneasler, L50, F|100/100\n|turn|3\n|\n|t:|1776397950\n|move|p1b: Sneasler|Fake Out|p2b: Arcanine\n|-damage|p2b: Arcanine|71/100\n|cant|p2b: Arcanine|flinch\n|move|p2a: Aerodactyl|Rock Slide|p1a: Charizard|[spread] p1a,p1b\n|-supereffective|p1a: Charizard|2\n|-resisted|p1b: Sneasler|1\n|-damage|p1a: Charizard|0 fnt\n|-damage|p1b: Sneasler|76/100\n|faint|p1a: Charizard\n|\n|-weather|SunnyDay|[upkeep]\n|-heal|p2b: Arcanine|77/100|[from] item: Leftovers\n|upkeep\n|\n|t:|1776397959\n|switch|p1a: Whimsicott|Whimsicott, L50, M|83/100\n|turn|4\n|\n|t:|1776398029\n|move|p2a: Aerodactyl|Rock Slide|p1b: Sneasler|[spread] p1a,p1b\n|-resisted|p1b: Sneasler|1\n|-damage|p1a: Whimsicott|41/100\n|-damage|p1b: Sneasler|53/100\n|move|p1a: Whimsicott|Moonblast|p2b: Arcanine\n|-resisted|p2b: Arcanine|1\n|-damage|p2b: Arcanine|58/100\n|-unboost|p2b: Arcanine|spa|1\n|move|p1b: Sneasler|Dire Claw|p2a: Aerodactyl\n|-resisted|p2a: Aerodactyl|1\n|-damage|p2a: Aerodactyl|27/100\n|-status|p2a: Aerodactyl|psn\n|move|p2b: Arcanine|Flare Blitz|p1a: Whimsicott\n|-supereffective|p1a: Whimsicott|1\n|-damage|p1a: Whimsicott|0 fnt\n|faint|p1a: Whimsicott\n|-damage|p2b: Arcanine|49/100|[from] Recoil\n|\n|-weather|SunnyDay|[upkeep]\n|-heal|p2b: Arcanine|55/100|[from] item: Leftovers\n|-damage|p2a: Aerodactyl|15/100 psn|[from] psn\n|-sideend|p1: pigronauta|move: Tailwind\n|-sideend|p2: Alcamaster10|move: Tailwind\n|upkeep\n|turn|5\n|\n|t:|1776398049\n|move|p1b: Sneasler|Protect|p1b: Sneasler\n|-singleturn|p1b: Sneasler|Protect\n|move|p2b: Arcanine|Protect|p2b: Arcanine\n|-singleturn|p2b: Arcanine|Protect\n|move|p2a: Aerodactyl|Earthquake|p1b: Sneasler|[spread] \n|-activate|p2b: Arcanine|move: Protect\n|-activate|p1b: Sneasler|move: Protect\n|\n|-weather|none\n|-heal|p2b: Arcanine|62/100|[from] item: Leftovers\n|-damage|p2a: Aerodactyl|2/100 psn|[from] psn\n|upkeep\n|turn|6\n|\n|t:|1776398070\n|move|p1b: Sneasler|Protect|p1b: Sneasler\n|-singleturn|p1b: Sneasler|Protect\n|move|p2b: Arcanine|Extreme Speed|p1b: Sneasler\n|-activate|p1b: Sneasler|move: Protect\n|move|p2a: Aerodactyl|Earthquake|p1b: Sneasler|[spread] p2b\n|-activate|p1b: Sneasler|move: Protect\n|-supereffective|p2b: Arcanine|1\n|-damage|p2b: Arcanine|2/100\n|\n|-heal|p2b: Arcanine|8/100|[from] item: Leftovers\n|-damage|p2a: Aerodactyl|0 fnt|[from] psn\n|faint|p2a: Aerodactyl\n|upkeep\n|\n|t:|1776398077\n|switch|p2a: Excadrill|Excadrill, L50, F|100/100\n|turn|7\n|\n|t:|1776398087\n|move|p1b: Sneasler|Close Combat|p2a: Excadrill\n|-supereffective|p2a: Excadrill|1\n|-enditem|p2a: Excadrill|Focus Sash\n|-damage|p2a: Excadrill|1/100\n|-unboost|p1b: Sneasler|def|1\n|-unboost|p1b: Sneasler|spd|1\n|-enditem|p1b: Sneasler|White Herb\n|-clearnegativeboost|p1b: Sneasler|[silent]\n|move|p2a: Excadrill|Earthquake|p1b: Sneasler|[spread] p2b,p1b\n|-supereffective|p2b: Arcanine|1\n|-supereffective|p1b: Sneasler|1\n|-damage|p2b: Arcanine|0 fnt\n|-damage|p1b: Sneasler|0 fnt\n|faint|p2b: Arcanine\n|faint|p1b: Sneasler\n|\n|win|Alcamaster10\n|inactive|pigronauta has 30 seconds to confirm battle start!\n|inactive|Alcamaster10 has 30 seconds to confirm battle start!\n",
  "uploadtime": 1776398101,
  "views": 16,
  "formatid": "gen9championsvgc2026regma",
  "rating": null,
  "private": 0,
  "password": null
}