{
  "id": "gen9championsvgc2026regma-2585920297",
  "format": "[Gen 9 Champions] VGC 2026 Reg M-A",
  "players": [
    "FredBluntstone",
    "nickzwr"
  ],
  "log": "|j|\u2606FredBluntstone\n|j|\u2606nickzwr\n|t:|1776381552\n|gametype|doubles\n|player|p1|FredBluntstone|lucas|1096\n|player|p2|nickzwr|gambler|1105\n|gen|9\n|tier|[Gen 9 Champions] VGC 2026 Reg M-A\n|rated|\n|rule|Species Clause: Limit one of each Pok\u00e9mon\n|rule|Item Clause: Limit 1 of each item\n|clearpoke\n|poke|p1|Azumarill, L50, M|\n|poke|p1|Sinistcha, L50|\n|poke|p1|Chandelure, L50, F|\n|poke|p1|Vivillon, L50, M|\n|poke|p1|Incineroar, L50, M|\n|poke|p1|Aggron, L50, M|\n|poke|p2|Dragonite, L50, F|\n|poke|p2|Milotic, L50, F|\n|poke|p2|Espathra, L50, M|\n|poke|p2|Sneasler, L50, M|\n|poke|p2|Venusaur, L50, F|\n|poke|p2|Incineroar, L50, F|\n|teampreview|4\n|\n|t:|1776381620\n|teamsize|p1|4\n|teamsize|p2|4\n|start\n|switch|p1a: Aggron|Aggron, L50, M|100/100\n|switch|p1b: Vivillon|Vivillon, L50, M|100/100\n|switch|p2a: Sneasler|Sneasler, L50, M|100/100\n|switch|p2b: Espathra|Espathra, L50, M|100/100\n|turn|1\n|\n|t:|1776381639\n|detailschange|p1a: Aggron|Aggron-Mega, L50, M\n|-mega|p1a: Aggron|Aggron|Aggronite\n|move|p2a: Sneasler|Fake Out|p1a: Aggron\n|-resisted|p1a: Aggron|1\n|-damage|p1a: Aggron|97/100\n|move|p2b: Espathra|Calm Mind|p2b: Espathra\n|-boost|p2b: Espathra|spa|1\n|-boost|p2b: Espathra|spd|1\n|move|p1b: Vivillon|Sleep Powder|p2b: Espathra\n|-status|p2b: Espathra|slp|[from] move: Sleep Powder\n|cant|p1a: Aggron|flinch\n|\n|-ability|p2b: Espathra|Speed Boost|boost\n|-boost|p2b: Espathra|spe|1\n|upkeep\n|turn|2\n|\n|t:|1776381657\n|switch|p1a: Chandelure|Chandelure, L50, F|100/100\n|cant|p2b: Espathra|slp\n|move|p2a: Sneasler|Close Combat|p1a: Chandelure\n|-immune|p1a: Chandelure\n|move|p1b: Vivillon|Sleep Powder|p2a: Sneasler\n|-status|p2a: Sneasler|slp|[from] move: Sleep Powder\n|\n|-ability|p2b: Espathra|Speed Boost|boost\n|-boost|p2b: Espathra|spe|1\n|upkeep\n|turn|3\n|\n|t:|1776381681\n|cant|p2a: Sneasler|slp\n|cant|p2b: Espathra|slp\n|move|p1b: Vivillon|Hurricane|p2b: Espathra\n|-damage|p2b: Espathra|52/100 slp\n|move|p1a: Chandelure|Shadow Ball|p2b: Espathra\n|-supereffective|p2b: Espathra|1\n|-damage|p2b: Espathra|0 fnt\n|faint|p2b: Espathra\n|\n|upkeep\n|\n|t:|1776381694\n|switch|p2b: Dragonite|Dragonite, L50, F, shiny|100/100\n|turn|4\n|\n|t:|1776381705\n|detailschange|p2b: Dragonite|Dragonite-Mega, L50, F, shiny\n|-mega|p2b: Dragonite|Dragonite|Dragoninite\n|-curestatus|p2a: Sneasler|slp|[msg]\n|move|p2a: Sneasler|Protect|p2a: Sneasler\n|-singleturn|p2a: Sneasler|Protect\n|move|p1b: Vivillon|Hurricane|p2a: Sneasler\n|-activate|p2a: Sneasler|move: Protect\n|move|p2b: Dragonite|Heat Wave|p1a: Chandelure|[spread] p1b\n|-start|p1a: Chandelure|ability: Flash Fire\n|-supereffective|p1b: Vivillon|1\n|-enditem|p1b: Vivillon|Focus Sash\n|-damage|p1b: Vivillon|1/100\n|move|p1a: Chandelure|Heat Wave|p2b: Dragonite|[spread] p2b\n|-activate|p2a: Sneasler|move: Protect\n|-resisted|p2b: Dragonite|1\n|-damage|p2b: Dragonite|86/100\n|\n|upkeep\n|turn|5\n|\n|t:|1776381745\n|move|p1b: Vivillon|Rage Powder|p1b: Vivillon\n|-singleturn|p1b: Vivillon|move: Rage Powder\n|move|p2a: Sneasler|Dire Claw|p1b: Vivillon\n|-damage|p1b: Vivillon|0 fnt\n|faint|p1b: Vivillon\n|move|p2b: Dragonite|Dragon Pulse|p1a: Chandelure\n|-damage|p1a: Chandelure|42/100\n|move|p1a: Chandelure|Heat Wave|p2b: Dragonite|[spread] p2a,p2b\n|-resisted|p2b: Dragonite|1\n|-crit|p2b: Dragonite\n|-damage|p2a: Sneasler|5/100\n|-damage|p2b: Dragonite|44/100\n|\n|upkeep\n|\n|t:|1776381755\n|switch|p1b: Sinistcha|Sinistcha, L50|100/100\n|-heal|p1a: Chandelure|67/100|[from] ability: Hospitality|[of] p1b: Sinistcha\n|turn|6\n|\n|t:|1776381768\n|move|p2a: Sneasler|Protect|p2a: Sneasler\n|-singleturn|p2a: Sneasler|Protect\n|move|p1b: Sinistcha|Rage Powder|p1b: Sinistcha\n|-singleturn|p1b: Sinistcha|move: Rage Powder\n|move|p2b: Dragonite|Roost|p2b: Dragonite\n|-heal|p2b: Dragonite|94/100\n|-singleturn|p2b: Dragonite|move: Roost\n|move|p1a: Chandelure|Heat Wave|p2a: Sneasler|[spread] p2b\n|-activate|p2a: Sneasler|move: Protect\n|-resisted|p2b: Dragonite|1\n|-damage|p2b: Dragonite|62/100\n|\n|upkeep\n|turn|7\n|\n|t:|1776381786\n|move|p2a: Sneasler|Dire Claw|p1a: Chandelure\n|-resisted|p1a: Chandelure|1\n|-damage|p1a: Chandelure|45/100\n|-status|p1a: Chandelure|psn\n|move|p2b: Dragonite|Dragon Pulse|p1a: Chandelure\n|-damage|p1a: Chandelure|0 fnt\n|faint|p1a: Chandelure\n|move|p1b: Sinistcha|Matcha Gotcha|p2b: Dragonite|[spread] p2a,p2b\n|-resisted|p2a: Sneasler|1\n|-resisted|p2b: Dragonite|2\n|-damage|p2a: Sneasler|0 fnt\n|-damage|p2b: Dragonite|57/100\n|faint|p2a: Sneasler\n|\n|upkeep\n|\n|t:|1776381800\n|switch|p2a: Milotic|Milotic, L50, F|100/100\n|switch|p1a: Aggron|Aggron-Mega, L50, M|97/100\n|turn|8\n|\n|t:|1776381814\n|move|p2b: Dragonite|Heat Wave|p1b: Sinistcha|[spread] p1a,p1b\n|-supereffective|p1a: Aggron|1\n|-supereffective|p1b: Sinistcha|1\n|-damage|p1a: Aggron|58/100\n|-damage|p1b: Sinistcha|48/100\n|move|p2a: Milotic|Icy Wind|p1a: Aggron|[spread] p1a,p1b\n|-resisted|p1a: Aggron|1\n|-supereffective|p1b: Sinistcha|1\n|-damage|p1a: Aggron|53/100\n|-damage|p1b: Sinistcha|27/100\n|-unboost|p1a: Aggron|spe|1\n|-unboost|p1b: Sinistcha|spe|1\n|move|p1b: Sinistcha|Matcha Gotcha|p2a: Milotic|[spread] p2b\n|-miss|p1b: Sinistcha|p2a: Milotic\n|-resisted|p2b: Dragonite|2\n|-damage|p2b: Dragonite|51/100\n|-heal|p1b: Sinistcha|30/100|[from] drain|[of] p2b: Dragonite\n|move|p1a: Aggron|Iron Defense|p1a: Aggron\n|-boost|p1a: Aggron|def|2\n|\n|upkeep\n|turn|9\n|\n|t:|1776381835\n|move|p1b: Sinistcha|Protect|p1b: Sinistcha\n|-singleturn|p1b: Sinistcha|Protect\n|move|p2b: Dragonite|Heat Wave|p1a: Aggron|[spread] p1a\n|-activate|p1b: Sinistcha|move: Protect\n|-supereffective|p1a: Aggron|1\n|-damage|p1a: Aggron|14/100\n|move|p2a: Milotic|Scald|p1a: Aggron\n|-damage|p1a: Aggron|0 fnt\n|faint|p1a: Aggron\n|\n|upkeep\n|turn|10\n|-message|FredBluntstone forfeited.\n|\n|win|nickzwr\n|raw|FredBluntstone's rating: 1096 &rarr; <strong>1072</strong><br />(-24 for losing)\n|raw|nickzwr's rating: 1105 &rarr; <strong>1129</strong><br />(+24 for winning)\n|l|\u2606FredBluntstone\n|player|p1|\n",
  "uploadtime": 1776381847,
  "views": 22,
  "formatid": "gen9championsvgc2026regma",
  "rating": 1072,
  "private": 0,
  "password": null
}