{
  "id": "gen9championsvgc2026regma-2588049633",
  "format": "[Gen 9 Champions] VGC 2026 Reg M-A",
  "players": [
    "nopilot",
    "yuriimon"
  ],
  "log": "|j|\u2606nopilot\n|j|\u2606yuriimon\n|t:|1776598057\n|gametype|doubles\n|player|p1|nopilot|ethan|1192\n|player|p2|yuriimon|waitress-gen4|1260\n|gen|9\n|tier|[Gen 9 Champions] VGC 2026 Reg M-A\n|rated|\n|rule|Species Clause: Limit one of each Pok\u00e9mon\n|rule|Item Clause: Limit 1 of each item\n|clearpoke\n|poke|p1|Froslass, L50, F|\n|poke|p1|Rotom-Frost, L50|\n|poke|p1|Talonflame, L50, M|\n|poke|p1|Garchomp, L50, F|\n|poke|p1|Sneasler, L50, F|\n|poke|p1|Kingambit, L50, M|\n|poke|p2|Glimmora, L50, F|\n|poke|p2|Incineroar, L50, M|\n|poke|p2|Politoed, L50, M|\n|poke|p2|Basculegion, L50, M|\n|poke|p2|Chesnaught, L50, F|\n|poke|p2|Dragapult, L50, F|\n|teampreview|4\n|inactive|Battle timer is ON: inactive players will automatically lose when time's up. (requested by yuriimon)\n|inactive|yuriimon has 60 seconds left.\n|\n|t:|1776598089\n|teamsize|p1|4\n|teamsize|p2|4\n|start\n|switch|p1a: Froslass|Froslass, L50, F|100/100\n|switch|p1b: Rotom|Rotom-Frost, L50|100/100\n|switch|p2a: Chesnaught|Chesnaught, L50, F|100/100\n|switch|p2b: Dragapult|Dragapult, L50, F|100/100\n|turn|1\n|\n|t:|1776598106\n|switch|p2a: Incineroar|Incineroar, L50, M|100/100\n|-ability|p2a: Incineroar|Intimidate|boost\n|-unboost|p1a: Froslass|atk|1\n|-unboost|p1b: Rotom|atk|1\n|detailschange|p1a: Froslass|Froslass-Mega, L50, F\n|-mega|p1a: Froslass|Froslass|Froslassite\n|-weather|Snowscape|[from] ability: Snow Warning|[of] p1a: Froslass\n|move|p1a: Froslass|Protect|p1a: Froslass\n|-singleturn|p1a: Froslass|Protect\n|move|p1b: Rotom|Electroweb|p2a: Incineroar|[spread] p2a,p2b\n|-resisted|p2b: Dragapult|1\n|-damage|p2a: Incineroar|85/100\n|-damage|p2b: Dragapult|88/100\n|-unboost|p2a: Incineroar|spe|1\n|move|p2b: Dragapult|Will-O-Wisp|p1a: Froslass\n|-activate|p1a: Froslass|move: Protect\n|\n|-weather|Snowscape|[upkeep]\n|upkeep\n|turn|2\n|inactive|nopilot has 30 seconds left.\n|\n|t:|1776598137\n|switch|p1a: Garchomp|Garchomp, L50, F|100/100\n|move|p2a: Incineroar|Fake Out|p1b: Rotom\n|-damage|p1b: Rotom|90/100\n|cant|p1b: Rotom|flinch\n|move|p2b: Dragapult|Will-O-Wisp|p1a: Garchomp\n|-status|p1a: Garchomp|brn\n|\n|-weather|Snowscape|[upkeep]\n|-damage|p1a: Garchomp|95/100 brn|[from] brn\n|upkeep\n|turn|3\n|\n|t:|1776598159\n|switch|p2a: Chesnaught|Chesnaught, L50, F|100/100\n|move|p1b: Rotom|Electroweb|p2b: Dragapult|[spread] p2a,p2b\n|-resisted|p2a: Chesnaught|1\n|-resisted|p2b: Dragapult|1\n|-damage|p2a: Chesnaught|91/100\n|-damage|p2b: Dragapult|76/100\n|-unboost|p2a: Chesnaught|spe|1\n|move|p2b: Dragapult|Dragon Pulse|p1a: Garchomp\n|-supereffective|p1a: Garchomp|1\n|-damage|p1a: Garchomp|10/100 brn\n|-enditem|p1a: Garchomp|Sitrus Berry|[eat]\n|-heal|p1a: Garchomp|35/100 brn|[from] item: Sitrus Berry\n|move|p1a: Garchomp|Earthquake|p2a: Chesnaught|[spread] p2a,p2b\n|-immune|p1b: Rotom|[from] ability: Levitate\n|-resisted|p2a: Chesnaught|1\n|-damage|p2a: Chesnaught|85/100\n|-damage|p2b: Dragapult|48/100\n|\n|-weather|Snowscape|[upkeep]\n|-damage|p1a: Garchomp|29/100 brn|[from] brn\n|upkeep\n|turn|4\n|\n|t:|1776598182\n|detailschange|p2a: Chesnaught|Chesnaught-Mega, L50, F\n|-mega|p2a: Chesnaught|Chesnaught|Chesnaughtite\n|move|p1b: Rotom|Electroweb|p2a: Chesnaught|[spread] p2a,p2b\n|-resisted|p2a: Chesnaught|1\n|-resisted|p2b: Dragapult|1\n|-damage|p2a: Chesnaught|78/100\n|-damage|p2b: Dragapult|36/100\n|-unboost|p2a: Chesnaught|spe|1\n|move|p2b: Dragapult|Dragon Pulse|p1a: Garchomp\n|-supereffective|p1a: Garchomp|1\n|-damage|p1a: Garchomp|0 fnt\n|faint|p1a: Garchomp\n|move|p2a: Chesnaught|Iron Defense|p2a: Chesnaught\n|-boost|p2a: Chesnaught|def|2\n|\n|-weather|Snowscape|[upkeep]\n|upkeep\n|\n|t:|1776598196\n|switch|p1a: Talonflame|Talonflame, L50, M|100/100\n|turn|5\n|\n|t:|1776598221\n|move|p1a: Talonflame|Tailwind|p1a: Talonflame\n|-sidestart|p1: nopilot|move: Tailwind\n|move|p1b: Rotom|Electroweb|p2b: Dragapult|[spread] p2b\n|-miss|p1b: Rotom|p2a: Chesnaught\n|-resisted|p2b: Dragapult|1\n|-damage|p2b: Dragapult|24/100\n|move|p2b: Dragapult|Thunder|p1a: Talonflame|[miss]\n|-miss|p2b: Dragapult|p1a: Talonflame\n|move|p2a: Chesnaught|Body Press|p1b: Rotom\n|-supereffective|p1b: Rotom|1\n|-damage|p1b: Rotom|0 fnt\n|faint|p1b: Rotom\n|\n|-weather|none\n|upkeep\n|\n|t:|1776598237\n|switch|p1b: Froslass|Froslass-Mega, L50, F|100/100\n|-weather|Snowscape|[from] ability: Snow Warning|[of] p1b: Froslass\n|turn|6\n|\n|t:|1776598246\n|switch|p2b: Politoed|Politoed, L50, M|100/100\n|-weather|RainDance|[from] ability: Drizzle|[of] p2b: Politoed\n|move|p2a: Chesnaught|Protect|p2a: Chesnaught\n|-singleturn|p2a: Chesnaught|Protect\n|move|p1a: Talonflame|Brave Bird|p2b: Politoed\n|-damage|p2b: Politoed|60/100\n|-damage|p1a: Talonflame|86/100|[from] Recoil\n|move|p1b: Froslass|Blizzard|p2b: Politoed|[spread] p2b\n|-activate|p2a: Chesnaught|move: Protect\n|-resisted|p2b: Politoed|1\n|-damage|p2b: Politoed|41/100\n|\n|-weather|RainDance|[upkeep]\n|upkeep\n|turn|7\n|\n|t:|1776598269\n|switch|p2a: Incineroar|Incineroar, L50, M|85/100\n|-ability|p2a: Incineroar|Intimidate|boost\n|-unboost|p1a: Talonflame|atk|1\n|-unboost|p1b: Froslass|atk|1\n|move|p1a: Talonflame|Brave Bird|p2b: Politoed\n|-damage|p2b: Politoed|13/100\n|-damage|p1a: Talonflame|77/100|[from] Recoil\n|move|p1b: Froslass|Blizzard|p2b: Politoed|[spread] p2a,p2b\n|-resisted|p2a: Incineroar|1\n|-resisted|p2b: Politoed|1\n|-damage|p2a: Incineroar|64/100\n|-damage|p2b: Politoed|0 fnt\n|faint|p2b: Politoed\n|\n|-weather|RainDance|[upkeep]\n|upkeep\n|\n|t:|1776598281\n|switch|p2b: Chesnaught|Chesnaught-Mega, L50, F|78/100\n|turn|8\n|\n|t:|1776598292\n|move|p2b: Chesnaught|Protect|p2b: Chesnaught\n|-singleturn|p2b: Chesnaught|Protect\n|move|p1a: Talonflame|Upper Hand||[still]\n|-fail|p1a: Talonflame\n|move|p1b: Froslass|Blizzard|p2b: Chesnaught|[spread] p2a\n|-activate|p2b: Chesnaught|move: Protect\n|-resisted|p2a: Incineroar|1\n|-damage|p2a: Incineroar|43/100\n|-enditem|p2a: Incineroar|Sitrus Berry|[eat]\n|-heal|p2a: Incineroar|68/100|[from] item: Sitrus Berry\n|move|p2a: Incineroar|Flare Blitz|p1b: Froslass\n|-supereffective|p1b: Froslass|1\n|-damage|p1b: Froslass|26/100\n|-damage|p2a: Incineroar|50/100|[from] Recoil\n|\n|-weather|RainDance|[upkeep]\n|-sideend|p1: nopilot|move: Tailwind\n|upkeep\n|turn|9\n|\n|t:|1776598313\n|switch|p2b: Dragapult|Dragapult, L50, F|24/100\n|move|p1a: Talonflame|Brave Bird|p2a: Incineroar\n|-damage|p2a: Incineroar|28/100\n|-damage|p1a: Talonflame|67/100|[from] Recoil\n|move|p1b: Froslass|Blizzard|p2b: Dragapult|[spread] p2a,p2b\n|-resisted|p2a: Incineroar|1\n|-supereffective|p2b: Dragapult|1\n|-damage|p2a: Incineroar|8/100\n|-damage|p2b: Dragapult|0 fnt\n|faint|p2b: Dragapult\n|move|p2a: Incineroar|Darkest Lariat|p1b: Froslass\n|-supereffective|p1b: Froslass|1\n|-damage|p1b: Froslass|0 fnt\n|faint|p1b: Froslass\n|\n|-weather|RainDance|[upkeep]\n|upkeep\n|\n|t:|1776598324\n|switch|p2b: Chesnaught|Chesnaught-Mega, L50, F|78/100\n|turn|10\n|\n|t:|1776598332\n|move|p1a: Talonflame|Brave Bird|p2b: Chesnaught\n|-supereffective|p2b: Chesnaught|2\n|-damage|p2b: Chesnaught|9/100\n|-damage|p1a: Talonflame|43/100|[from] Recoil\n|move|p2a: Incineroar|Parting Shot|p1a: Talonflame\n|-unboost|p1a: Talonflame|atk|1\n|-unboost|p1a: Talonflame|spa|1\n|move|p2b: Chesnaught|Iron Defense|p2b: Chesnaught\n|-boost|p2b: Chesnaught|def|2\n|\n|-weather|none\n|upkeep\n|turn|11\n|\n|t:|1776598347\n|move|p1a: Talonflame|Brave Bird|p2b: Chesnaught\n|-supereffective|p2b: Chesnaught|2\n|-damage|p2b: Chesnaught|0 fnt\n|faint|p2b: Chesnaught\n|-damage|p1a: Talonflame|40/100|[from] Recoil\n|move|p2a: Incineroar|Darkest Lariat|p1a: Talonflame\n|-damage|p1a: Talonflame|0 fnt\n|faint|p1a: Talonflame\n|\n|win|yuriimon\n|raw|nopilot's rating: 1192 &rarr; <strong>1172</strong><br />(-20 for losing)\n|raw|yuriimon's rating: 1260 &rarr; <strong>1280</strong><br />(+20 for winning)\n|c|\u2606yuriimon|ggwp\n|l|\u2606nopilot\n|player|p1|\n",
  "uploadtime": 1776598361,
  "views": 7,
  "formatid": "gen9championsvgc2026regma",
  "rating": 1172,
  "private": 0,
  "password": null
}