{
  "id": "gen9championsvgc2026regma-2581112401",
  "format": "[Gen 9 Champions] VGC 2026 Reg M-A",
  "players": [
    "happidoodledoo",
    "SilphGambleR"
  ],
  "log": "|j|\u2606happidoodledoo\n|j|\u2606SilphGambleR\n|t:|1775961029\n|gametype|doubles\n|player|p1|happidoodledoo|ghetsis|1337\n|player|p2|SilphGambleR|hilbert|1385\n|gen|9\n|tier|[Gen 9 Champions] VGC 2026 Reg M-A\n|rated|\n|rule|Species Clause: Limit one of each Pok\u00e9mon\n|rule|Item Clause: Limit 1 of each item\n|clearpoke\n|poke|p1|Starmie, L50|\n|poke|p1|Rotom-Mow, L50|\n|poke|p1|Archaludon, L50, F|\n|poke|p1|Sneasler, L50, M|\n|poke|p1|Pelipper, L50, F|\n|poke|p1|Incineroar, L50, F|\n|poke|p2|Archaludon, L50, F|\n|poke|p2|Floette-Eternal, L50, F|\n|poke|p2|Armarouge, L50, F|\n|poke|p2|Gengar, L50, F|\n|poke|p2|Lucario, L50, M|\n|poke|p2|Azumarill, L50, F|\n|teampreview|4\n|j| MrSchrubelhupf\n|inactive|Battle timer is ON: inactive players will automatically lose when time's up. (requested by SilphGambleR)\n|j| VProfugus\n|inactive|happidoodledoo has 60 seconds left.\n|j| siczler\n|\n|t:|1775961091\n|teamsize|p1|4\n|teamsize|p2|4\n|start\n|switch|p1a: Pelipper|Pelipper, L50, F|100/100\n|switch|p1b: Archaludon|Archaludon, L50, F|100/100\n|switch|p2a: Lucario|Lucario, L50, M|100/100\n|switch|p2b: Gengar|Gengar, L50, F|100/100\n|-weather|RainDance|[from] ability: Drizzle|[of] p1a: Pelipper\n|turn|1\n|\n|t:|1775961115\n|detailschange|p2b: Gengar|Gengar-Mega, L50, F\n|-mega|p2b: Gengar|Gengar|Gengarite\n|move|p1b: Archaludon|Electro Shot||[still]\n|-prepare|p1b: Archaludon|Electro Shot\n|-boost|p1b: Archaludon|spa|1\n|-anim|p1b: Archaludon|Electro Shot|p2b: Gengar\n|-damage|p2b: Gengar|5/100\n|move|p2b: Gengar|Shadow Ball|p1b: Archaludon\n|-damage|p1b: Archaludon|20/100\n|-unboost|p1b: Archaludon|spd|1\n|move|p1a: Pelipper|Tailwind|p1a: Pelipper\n|-sidestart|p1: happidoodledoo|move: Tailwind\n|move|p2a: Lucario|Close Combat|p1b: Archaludon\n|-supereffective|p1b: Archaludon|1\n|-damage|p1b: Archaludon|0 fnt\n|-unboost|p2a: Lucario|def|1\n|-unboost|p2a: Lucario|spd|1\n|faint|p1b: Archaludon\n|\n|-weather|RainDance|[upkeep]\n|upkeep\n|\n|t:|1775961132\n|switch|p1b: Starmie|Starmie, L50|100/100\n|turn|2\n|\n|t:|1775961144\n|detailschange|p1b: Starmie|Starmie-Mega, L50\n|-mega|p1b: Starmie|Starmie|Starminite\n|move|p2b: Gengar|Protect|p2b: Gengar\n|-singleturn|p2b: Gengar|Protect\n|move|p2a: Lucario|Protect|p2a: Lucario\n|-singleturn|p2a: Lucario|Protect\n|move|p1b: Starmie|Liquidation|p2b: Gengar\n|-activate|p2b: Gengar|move: Protect\n|move|p1a: Pelipper|Hurricane|p2a: Lucario\n|-activate|p2a: Lucario|move: Protect\n|\n|-weather|RainDance|[upkeep]\n|upkeep\n|turn|3\n|\n|t:|1775961160\n|switch|p2b: Azumarill|Azumarill, L50, F|100/100\n|move|p1b: Starmie|Liquidation|p2a: Lucario\n|-damage|p2a: Lucario|0 fnt\n|faint|p2a: Lucario\n|move|p1a: Pelipper|Hurricane|p2b: Azumarill\n|-damage|p2b: Azumarill|52/100\n|\n|-weather|RainDance|[upkeep]\n|upkeep\n|\n|t:|1775961166\n|switch|p2a: Archaludon|Archaludon, L50, F|100/100\n|turn|4\n|inactive|happidoodledoo has 30 seconds left.\n|\n|t:|1775961194\n|move|p1b: Starmie|Protect|p1b: Starmie\n|-singleturn|p1b: Starmie|Protect\n|move|p1a: Pelipper|Protect|p1a: Pelipper\n|-singleturn|p1a: Pelipper|Protect\n|move|p2a: Archaludon|Thunderbolt|p1a: Pelipper\n|-activate|p1a: Pelipper|move: Protect\n|move|p2b: Azumarill|Play Rough|p1b: Starmie\n|-activate|p1b: Starmie|move: Protect\n|\n|-weather|RainDance|[upkeep]\n|-sideend|p1: happidoodledoo|move: Tailwind\n|upkeep\n|turn|5\n|\n|t:|1775961201\n|move|p1b: Starmie|Liquidation|p2b: Azumarill\n|-resisted|p2b: Azumarill|1\n|-damage|p2b: Azumarill|0 fnt\n|faint|p2b: Azumarill\n|move|p1a: Pelipper|Tailwind|p1a: Pelipper\n|-sidestart|p1: happidoodledoo|move: Tailwind\n|move|p2a: Archaludon|Thunderbolt|p1a: Pelipper\n|-supereffective|p1a: Pelipper|2\n|-enditem|p1a: Pelipper|Focus Sash\n|-damage|p1a: Pelipper|1/100\n|\n|-weather|none\n|upkeep\n|\n|t:|1775961206\n|switch|p2b: Gengar|Gengar-Mega, L50, F|5/100\n|turn|6\n|\n|t:|1775961224\n|move|p1b: Starmie|Liquidation|p2b: Gengar\n|-damage|p2b: Gengar|0 fnt\n|faint|p2b: Gengar\n|move|p1a: Pelipper|Hurricane|p2a: Archaludon|[miss]\n|-miss|p1a: Pelipper|p2a: Archaludon\n|move|p2a: Archaludon|Thunderbolt|p1a: Pelipper\n|-supereffective|p1a: Pelipper|2\n|-damage|p1a: Pelipper|0 fnt\n|faint|p1a: Pelipper\n|\n|upkeep\n|\n|t:|1775961226\n|switch|p1a: Sneasler|Sneasler, L50, M|100/100\n|turn|7\n|\n|t:|1775961250\n|move|p1a: Sneasler|Close Combat|p2a: Archaludon\n|-supereffective|p2a: Archaludon|1\n|-damage|p2a: Archaludon|8/100\n|-unboost|p1a: Sneasler|def|1\n|-unboost|p1a: Sneasler|spd|1\n|-ability|p2a: Archaludon|Stamina|boost\n|-boost|p2a: Archaludon|def|1\n|-enditem|p1a: Sneasler|White Herb\n|-clearnegativeboost|p1a: Sneasler|[silent]\n|move|p1b: Starmie|Liquidation|p2a: Archaludon\n|-resisted|p2a: Archaludon|1\n|-damage|p2a: Archaludon|0 fnt\n|faint|p2a: Archaludon\n|\n|win|happidoodledoo\n|raw|happidoodledoo's rating: 1337 &rarr; <strong>1360</strong><br />(+23 for winning)\n|raw|SilphGambleR's rating: 1385 &rarr; <strong>1362</strong><br />(-23 for losing)\n|l|\u2606SilphGambleR\n|player|p2|\n|l|\u2606happidoodledoo\n|player|p1|\n|l| MrSchrubelhupf\n",
  "uploadtime": 1775961317,
  "views": 34,
  "formatid": "gen9championsvgc2026regma",
  "rating": 1360,
  "private": 0,
  "password": null
}