{
  "id": "gen9championsvgc2026regma-2580756611",
  "format": "[Gen 9 Champions] VGC 2026 Reg M-A",
  "players": [
    "crsec",
    "OfficialZouah"
  ],
  "log": "|j|\u203dcrsec\n|j|\u2606OfficialZouah\n|t:|1775929953\n|gametype|doubles\n|player|p1|crsec|170|1082\n|player|p2|OfficialZouah|n|1000\n|gen|9\n|tier|[Gen 9 Champions] VGC 2026 Reg M-A\n|rated|\n|rule|Species Clause: Limit one of each Pok\u00e9mon\n|rule|Item Clause: Limit 1 of each item\n|clearpoke\n|poke|p1|Incineroar, L50, M|\n|poke|p1|Sneasler, L50, F|\n|poke|p1|Sinistcha, L50|\n|poke|p1|Raichu, L50, F|\n|poke|p1|Skarmory, L50, M|\n|poke|p1|Basculegion, L50, M|\n|poke|p2|Farigiraf, L50, M|\n|poke|p2|Zoroark-Hisui, L50, M|\n|poke|p2|Pelipper, L50, F|\n|poke|p2|Archaludon, L50, F|\n|teampreview|4\n|inactive|Battle timer is ON: inactive players will automatically lose when time's up. (requested by crsec)\n|j| CHEM0\n|\n|t:|1775929981\n|teamsize|p1|4\n|teamsize|p2|4\n|start\n|switch|p1a: Raichu|Raichu, L50, F|100/100\n|switch|p1b: Sneasler|Sneasler, L50, F|100/100\n|switch|p2a: Farigiraf|Farigiraf, L50, M|100/100\n|switch|p2b: Archaludon|Archaludon, L50, F|100/100\n|turn|1\n|inactive|OfficialZouah has 30 seconds left.\n|inactive|OfficialZouah has 20 seconds left.\n|inactive|OfficialZouah has 15 seconds left.\n|inactive|OfficialZouah has 10 seconds left.\n|\n|t:|1775930026\n|move|p2a: Farigiraf|Helping Hand|p2b: Archaludon\n|-singleturn|p2b: Archaludon|Helping Hand|[of] p2a: Farigiraf\n|move|p1b: Sneasler|Protect|p1b: Sneasler\n|-singleturn|p1b: Sneasler|Protect\n|move|p2b: Archaludon|Flamethrower|p1b: Sneasler\n|-activate|p1b: Sneasler|move: Protect\n|move|p1a: Raichu|Electroweb|p2a: Farigiraf|[spread] p2a,p2b\n|-damage|p2a: Farigiraf|87/100\n|-damage|p2b: Archaludon|73/100\n|-unboost|p2a: Farigiraf|spe|1\n|-unboost|p2b: Archaludon|spe|1\n|replace|p2b: Zoroark|Zoroark-Hisui, L50, M\n|-end|p2b: Zoroark|Illusion\n|\n|upkeep\n|turn|2\n|\n|t:|1775930047\n|move|p2a: Farigiraf|Ally Switch|p2a: Farigiraf\n|swap|p2a: Farigiraf|1|[from] move: Ally Switch\n|move|p1b: Sneasler|Dire Claw|p2b: Farigiraf\n|-damage|p2b: Farigiraf|49/100\n|-status|p2b: Farigiraf|psn\n|move|p1a: Raichu|Volt Switch|p2a: Zoroark\n|-damage|p2a: Zoroark|23/100\n|\n|t:|1775930056\n|switch|p1a: Skarmory|Skarmory, L50, M|100/100|[from] Volt Switch\n|move|p2a: Zoroark|U-turn|p1a: Skarmory\n|-resisted|p1a: Skarmory|2\n|-damage|p1a: Skarmory|98/100\n|-ability|p1a: Skarmory|Weak Armor|boost\n|-unboost|p1a: Skarmory|def|1\n|-boost|p1a: Skarmory|spe|2\n|\n|t:|1775930064\n|switch|p2a: Archaludon|Archaludon, L50, F|100/100|[from] U-turn\n|\n|-damage|p2b: Farigiraf|36/100 psn|[from] psn\n|upkeep\n|turn|3\n|\n|t:|1775930084\n|detailschange|p1a: Skarmory|Skarmory-Mega, L50, M\n|-mega|p1a: Skarmory|Skarmory|Skarmorite\n|move|p2b: Farigiraf|Helping Hand|p2a: Archaludon\n|-singleturn|p2a: Archaludon|Helping Hand|[of] p2b: Farigiraf\n|move|p1a: Skarmory|Brave Bird|p2b: Farigiraf\n|-damage|p2b: Farigiraf|0 fnt\n|faint|p2b: Farigiraf\n|-damage|p1a: Skarmory|79/100|[from] Recoil\n|move|p1b: Sneasler|Coaching|p1a: Skarmory\n|-boost|p1a: Skarmory|atk|1\n|-boost|p1a: Skarmory|def|1\n|move|p2a: Archaludon|Electro Shot||[still]\n|-prepare|p2a: Archaludon|Electro Shot\n|-boost|p2a: Archaludon|spa|1\n|\n|upkeep\n|\n|t:|1775930102\n|switch|p2b: Pelipper|Pelipper, L50, F|23/100\n|turn|4\n|l| CHEM0\n|\n|t:|1775930119\n|move|p1a: Skarmory|Iron Head|p2a: Archaludon\n|-resisted|p2a: Archaludon|1\n|-damage|p2a: Archaludon|75/100\n|-ability|p2a: Archaludon|Stamina|boost\n|-boost|p2a: Archaludon|def|1\n|move|p1b: Sneasler|Dire Claw|p2b: Pelipper\n|-resisted|p2b: Pelipper|1\n|-crit|p2b: Pelipper\n|-damage|p2b: Pelipper|0 fnt\n|replace|p2b: Zoroark|Zoroark-Hisui, L50, M\n|-end|p2b: Zoroark|Illusion\n|faint|p2b: Zoroark\n|move|p2a: Archaludon|Electro Shot|p1a: Skarmory|[from] lockedmove\n|-supereffective|p1a: Skarmory|1\n|-damage|p1a: Skarmory|0 fnt\n|faint|p1a: Skarmory\n|\n|upkeep\n|inactive|OfficialZouah has 30 seconds left.\n|inactive|OfficialZouah has 20 seconds left.\n|inactive|OfficialZouah has 15 seconds left.\n|inactive|OfficialZouah has 10 seconds left.\n|inactive|OfficialZouah has 5 seconds left.\n|\n|t:|1775930174\n|switch|p2b: Pelipper|Pelipper, L50, F|100/100\n|switch|p1a: Raichu|Raichu, L50, F|100/100\n|-weather|RainDance|[from] ability: Drizzle|[of] p2b: Pelipper\n|turn|5\n|inactive|OfficialZouah has 30 seconds left.\n|inactive|OfficialZouah has 20 seconds left.\n|inactive|OfficialZouah has 15 seconds left.\n|inactive|OfficialZouah has 10 seconds left.\n|inactive|OfficialZouah has 5 seconds left.\n|\n|t:|1775930229\n|move|p1b: Sneasler|Close Combat|p2a: Archaludon\n|-supereffective|p2a: Archaludon|1\n|-damage|p2a: Archaludon|17/100\n|-unboost|p1b: Sneasler|def|1\n|-unboost|p1b: Sneasler|spd|1\n|-ability|p2a: Archaludon|Stamina|boost\n|-boost|p2a: Archaludon|def|1\n|move|p1a: Raichu|Electroweb|p2b: Pelipper|[spread] p2a,p2b\n|-resisted|p2a: Archaludon|1\n|-supereffective|p2b: Pelipper|2\n|-damage|p2a: Archaludon|10/100\n|-damage|p2b: Pelipper|19/100\n|-unboost|p2a: Archaludon|spe|1\n|-unboost|p2b: Pelipper|spe|1\n|-ability|p2a: Archaludon|Stamina|boost\n|-boost|p2a: Archaludon|def|1\n|move|p2b: Pelipper|Hurricane|p1b: Sneasler\n|-supereffective|p1b: Sneasler|1\n|-enditem|p1b: Sneasler|Focus Sash\n|-damage|p1b: Sneasler|1/100\n|move|p2a: Archaludon|Electro Shot||[still]\n|-activate|p1a: Raichu|ability: Lightning Rod\n|-prepare|p2a: Archaludon|Electro Shot\n|-boost|p2a: Archaludon|spa|1\n|-anim|p2a: Archaludon|Electro Shot|p1a: Raichu\n|-ability|p1a: Raichu|Lightning Rod|boost\n|-boost|p1a: Raichu|spa|1\n|\n|-weather|RainDance|[upkeep]\n|upkeep\n|turn|6\n|inactive|OfficialZouah has 30 seconds left.\n|inactive|OfficialZouah has 20 seconds left.\n|inactive|OfficialZouah has 15 seconds left.\n|inactive|OfficialZouah has 10 seconds left.\n|inactive|OfficialZouah has 5 seconds left.\n|\n|t:|1775930284\n|move|p1b: Sneasler|Coaching|p1a: Raichu\n|-boost|p1a: Raichu|atk|1\n|-boost|p1a: Raichu|def|1\n|move|p1a: Raichu|Electroweb|p2a: Archaludon|[spread] p2a,p2b\n|-resisted|p2a: Archaludon|1\n|-supereffective|p2b: Pelipper|2\n|-damage|p2a: Archaludon|0 fnt\n|-damage|p2b: Pelipper|0 fnt\n|faint|p2a: Archaludon\n|faint|p2b: Pelipper\n|\n|win|crsec\n|raw|crsec's rating: 1082 &rarr; <strong>1103</strong><br />(+21 for winning)\n|raw|OfficialZouah's rating: 1000 &rarr; <strong>1000</strong><br />(+0 for losing)\n|l|\u203dcrsec\n|player|p1|\n",
  "uploadtime": 1775930724,
  "views": 11,
  "formatid": "gen9championsvgc2026regma",
  "rating": 1000,
  "private": 0,
  "password": null
}