{
  "id": "gen9championsvgc2026regma-2583888753",
  "format": "[Gen 9 Champions] VGC 2026 Reg M-A",
  "players": [
    "jotash",
    "angemorgs"
  ],
  "log": "|j|\u2606jotash\n|j|\u2606angemorgs\n|t:|1776205704\n|gametype|doubles\n|player|p1|jotash|blue|1073\n|player|p2|angemorgs|backersf|1004\n|gen|9\n|tier|[Gen 9 Champions] VGC 2026 Reg M-A\n|rated|\n|rule|Species Clause: Limit one of each Pok\u00e9mon\n|rule|Item Clause: Limit 1 of each item\n|clearpoke\n|poke|p1|Charizard, L50, F|\n|poke|p1|Incineroar, L50, F|\n|poke|p1|Mimikyu, L50, M|\n|poke|p1|Manectric, L50, M|\n|poke|p1|Gardevoir, L50, F|\n|poke|p1|Gyarados, L50, F|\n|poke|p2|Floette-Eternal, L50, F|\n|poke|p2|Garchomp, L50, F|\n|poke|p2|Sneasler, L50, F|\n|poke|p2|Rotom-Wash, L50|\n|poke|p2|Aerodactyl, L50, F|\n|poke|p2|Incineroar, L50, M|\n|teampreview|4\n|inactive|Battle timer is ON: inactive players will automatically lose when time's up. (requested by angemorgs)\n|\n|t:|1776205737\n|teamsize|p1|4\n|teamsize|p2|4\n|start\n|switch|p1a: Golpista do Tinder|Mimikyu, L50, M, shiny|100/100\n|switch|p1b: Virg\u00ednia|Gardevoir, L50, F|100/100\n|switch|p2a: Rotom|Rotom-Wash, L50|100/100\n|switch|p2b: Aerodactyl|Aerodactyl, L50, F|100/100\n|-ability|p2b: Aerodactyl|Unnerve\n|turn|1\n|\n|t:|1776205759\n|move|p1b: Virg\u00ednia|Protect|p1b: Virg\u00ednia\n|-singleturn|p1b: Virg\u00ednia|Protect\n|move|p2a: Rotom|Volt Switch|p1a: Golpista do Tinder\n|-activate|p1a: Golpista do Tinder|ability: Disguise\n|-damage|p1a: Golpista do Tinder|100/100\n|detailschange|p1a: Golpista do Tinder|Mimikyu-Busted, L50, M, shiny\n|-damage|p1a: Golpista do Tinder|88/100|[from] pokemon: Mimikyu-Busted\n|\n|t:|1776205767\n|switch|p2a: Floette|Floette-Eternal, L50, F|100/100|[from] Volt Switch\n|move|p2b: Aerodactyl|Tailwind|p2b: Aerodactyl\n|-sidestart|p2: angemorgs|move: Tailwind\n|move|p1a: Golpista do Tinder|Trick Room|p1a: Golpista do Tinder\n|-fieldstart|move: Trick Room|[of] p1a: Golpista do Tinder\n|\n|upkeep\n|turn|2\n|c|\u2606jotash|HAH\n|inactive|jotash has 30 seconds left.\n|\n|t:|1776205796\n|detailschange|p2a: Floette|Floette-Mega, L50, F\n|-mega|p2a: Floette|Floette|Floettite\n|-ability|p2a: Floette|Fairy Aura\n|move|p1b: Virg\u00ednia|Psychic|p2b: Aerodactyl\n|-damage|p2b: Aerodactyl|31/100\n|move|p1a: Golpista do Tinder|Play Rough|p2b: Aerodactyl\n|-damage|p2b: Aerodactyl|0 fnt\n|faint|p2b: Aerodactyl\n|move|p2a: Floette|Dazzling Gleam|p1b: Virg\u00ednia|[spread] p1a,p1b\n|-damage|p1a: Golpista do Tinder|41/100\n|-damage|p1b: Virg\u00ednia|61/100\n|\n|-heal|p1b: Virg\u00ednia|67/100|[from] item: Leftovers\n|upkeep\n|\n|t:|1776205810\n|switch|p2b: Incineroar|Incineroar, L50, M|100/100\n|-ability|p2b: Incineroar|Intimidate|boost\n|-unboost|p1a: Golpista do Tinder|atk|1\n|-unboost|p1b: Virg\u00ednia|atk|1\n|turn|3\n|\n|t:|1776205822\n|move|p1b: Virg\u00ednia|Protect|p1b: Virg\u00ednia\n|-singleturn|p1b: Virg\u00ednia|Protect\n|move|p1a: Golpista do Tinder|Protect|p1a: Golpista do Tinder\n|-singleturn|p1a: Golpista do Tinder|Protect\n|move|p2b: Incineroar|Fake Out|p1b: Virg\u00ednia\n|-activate|p1b: Virg\u00ednia|move: Protect\n|move|p2a: Floette|Moonblast|p1a: Golpista do Tinder\n|-activate|p1a: Golpista do Tinder|move: Protect\n|\n|-heal|p1b: Virg\u00ednia|72/100|[from] item: Leftovers\n|upkeep\n|turn|4\n|\n|t:|1776205836\n|move|p1b: Virg\u00ednia|Moonblast|p2b: Incineroar\n|-damage|p2b: Incineroar|34/100\n|-enditem|p2b: Incineroar|Sitrus Berry|[eat]\n|-heal|p2b: Incineroar|58/100|[from] item: Sitrus Berry\n|move|p1a: Golpista do Tinder|Play Rough|p2b: Incineroar\n|-damage|p2b: Incineroar|32/100\n|move|p2b: Incineroar|Throat Chop|p1b: Virg\u00ednia\n|-damage|p1b: Virg\u00ednia|29/100\n|-start|p1b: Virg\u00ednia|Throat Chop|[silent]\n|move|p2a: Floette|Dazzling Gleam|p1b: Virg\u00ednia|[spread] p1a,p1b\n|-damage|p1a: Golpista do Tinder|0 fnt\n|-damage|p1b: Virg\u00ednia|0 fnt\n|faint|p1a: Golpista do Tinder\n|faint|p1b: Virg\u00ednia\n|\n|-sideend|p2: angemorgs|move: Tailwind\n|upkeep\n|\n|t:|1776205850\n|switch|p1b: Tigrinho|Incineroar, L50, F|100/100\n|switch|p1a: Calor de RJ|Charizard, L50, F, shiny|100/100\n|-ability|p1b: Tigrinho|Intimidate|boost\n|-unboost|p2a: Floette|atk|1\n|-unboost|p2b: Incineroar|atk|1\n|turn|5\n|\n|t:|1776205865\n|switch|p2b: Rotom|Rotom-Wash, L50|100/100\n|detailschange|p1a: Calor de RJ|Charizard-Mega-Y, L50, F, shiny\n|-mega|p1a: Calor de RJ|Charizard|Charizardite Y\n|-weather|SunnyDay|[from] ability: Drought|[of] p1a: Calor de RJ\n|move|p2a: Floette|Protect|p2a: Floette\n|-singleturn|p2a: Floette|Protect\n|move|p1a: Calor de RJ|Protect|p1a: Calor de RJ\n|-singleturn|p1a: Calor de RJ|Protect\n|move|p1b: Tigrinho|Fake Out|p2a: Floette\n|-activate|p2a: Floette|move: Protect\n|\n|-weather|SunnyDay|[upkeep]\n|-fieldend|move: Trick Room\n|upkeep\n|turn|6\n|\n|t:|1776205887\n|switch|p2a: Incineroar|Incineroar, L50, M|32/100\n|-ability|p2a: Incineroar|Intimidate|boost\n|-unboost|p1a: Calor de RJ|atk|1\n|-unboost|p1b: Tigrinho|atk|1\n|move|p2b: Rotom|Volt Switch|p1a: Calor de RJ\n|-supereffective|p1a: Calor de RJ|1\n|-damage|p1a: Calor de RJ|41/100\n|\n|t:|1776205893\n|switch|p2b: Floette|Floette-Mega, L50, F|100/100|[from] Volt Switch\n|-ability|p2b: Floette|Fairy Aura\n|move|p1a: Calor de RJ|Solar Beam||[still]\n|-prepare|p1a: Calor de RJ|Solar Beam\n|-anim|p1a: Calor de RJ|Solar Beam|p2b: Floette\n|-damage|p2b: Floette|69/100\n|move|p1b: Tigrinho|Parting Shot|p2a: Incineroar\n|-unboost|p2a: Incineroar|atk|1\n|-unboost|p2a: Incineroar|spa|1\n|\n|-weather|SunnyDay|[upkeep]\n|upkeep\n|turn|7\n|\n|t:|1776205916\n|switch|p2b: Rotom|Rotom-Wash, L50|100/100\n|move|p1a: Calor de RJ|Protect|p1a: Calor de RJ\n|-singleturn|p1a: Calor de RJ|Protect\n|move|p2a: Incineroar|Fake Out|p1a: Calor de RJ\n|-activate|p1a: Calor de RJ|move: Protect\n|move|p1b: Tigrinho|Parting Shot|p2b: Rotom\n|-unboost|p2b: Rotom|atk|1\n|-unboost|p2b: Rotom|spa|1\n|\n|-weather|SunnyDay|[upkeep]\n|upkeep\n|turn|8\n|inactive|jotash has 30 seconds left.\n|\n|t:|1776205942\n|move|p2b: Rotom|Volt Switch|p1a: Calor de RJ\n|-supereffective|p1a: Calor de RJ|1\n|-damage|p1a: Calor de RJ|2/100\n|\n|t:|1776205946\n|switch|p2b: Floette|Floette-Mega, L50, F|69/100|[from] Volt Switch\n|-ability|p2b: Floette|Fairy Aura\n|move|p1a: Calor de RJ|Solar Beam||[still]\n|-prepare|p1a: Calor de RJ|Solar Beam\n|-anim|p1a: Calor de RJ|Solar Beam|p2b: Floette\n|-damage|p2b: Floette|31/100\n|move|p2a: Incineroar|Parting Shot|p1a: Calor de RJ\n|-unboost|p1a: Calor de RJ|atk|1\n|-unboost|p1a: Calor de RJ|spa|1\n|\n|t:|1776205956\n|switch|p2a: Rotom|Rotom-Wash, L50|100/100|[from] Parting Shot\n|move|p1b: Tigrinho|Darkest Lariat|p2a: Rotom\n|-damage|p2a: Rotom|75/100\n|\n|-weather|SunnyDay|[upkeep]\n|upkeep\n|turn|9\n|\n|t:|1776205973\n|move|p2a: Rotom|Volt Switch|p1a: Calor de RJ\n|-supereffective|p1a: Calor de RJ|1\n|-damage|p1a: Calor de RJ|0 fnt\n|faint|p1a: Calor de RJ\n|\n|t:|1776205978\n|switch|p2a: Incineroar|Incineroar, L50, M|32/100|[from] Volt Switch\n|-ability|p2a: Incineroar|Intimidate|boost\n|-unboost|p1b: Tigrinho|atk|1\n|move|p2b: Floette|Moonblast|p1b: Tigrinho\n|-damage|p1b: Tigrinho|43/100\n|-enditem|p1b: Tigrinho|Sitrus Berry|[eat]\n|-heal|p1b: Tigrinho|67/100|[from] item: Sitrus Berry\n|move|p1b: Tigrinho|Flare Blitz|p2b: Floette\n|-damage|p2b: Floette|0 fnt\n|faint|p2b: Floette\n|-damage|p1b: Tigrinho|58/100|[from] Recoil\n|\n|-weather|none\n|upkeep\n|\n|t:|1776205991\n|switch|p2b: Rotom|Rotom-Wash, L50|75/100\n|turn|10\n|\n|t:|1776205997\n|move|p2b: Rotom|Hydro Pump|p1b: Tigrinho\n|-supereffective|p1b: Tigrinho|1\n|-damage|p1b: Tigrinho|0 fnt\n|faint|p1b: Tigrinho\n|\n|win|angemorgs\n",
  "uploadtime": 1776205706,
  "views": 19,
  "formatid": "gen9championsvgc2026regma",
  "rating": null,
  "private": 0,
  "password": null
}