{
  "id": "gen9championsvgc2026regma-2585629424",
  "format": "[Gen 9 Champions] VGC 2026 Reg M-A",
  "players": [
    "bugeater",
    "KogaAF1219"
  ],
  "log": "|j|\u2606bugeater\n|j|\u2606KogaAF1219\n|t:|1776359946\n|gametype|doubles\n|player|p1|bugeater|pokemaniac|1287\n|player|p2|KogaAF1219|koga|1327\n|gen|9\n|tier|[Gen 9 Champions] VGC 2026 Reg M-A\n|rated|\n|rule|Species Clause: Limit one of each Pok\u00e9mon\n|rule|Item Clause: Limit 1 of each item\n|clearpoke\n|poke|p1|Excadrill, L50, M|\n|poke|p1|Milotic, L50, F|\n|poke|p1|Tyranitar, L50, F|\n|poke|p1|Garchomp, L50, M|\n|poke|p1|Delphox, L50, F|\n|poke|p1|Rotom-Wash, L50|\n|poke|p2|Torkoal, L50, F|\n|poke|p2|Venusaur, L50, F|\n|poke|p2|Incineroar, L50, M|\n|poke|p2|Farigiraf, L50, M|\n|poke|p2|Rotom-Fan, L50|\n|poke|p2|Excadrill, L50, M|\n|teampreview|4\n|inactive|Battle timer is ON: inactive players will automatically lose when time's up. (requested by KogaAF1219)\nKogaAF1219 has agreed to open team sheets.\n|inactive|bugeater has 60 seconds left.\n|\n|t:|1776360032\n|teamsize|p1|4\n|teamsize|p2|4\n|start\n|switch|p1a: Delphox|Delphox, L50, F|100/100\n|switch|p1b: Milotic|Milotic, L50, F|100/100\n|switch|p2a: Rotom|Rotom-Fan, L50|100/100\n|switch|p2b: Excadrill|Excadrill, L50, M|100/100\n|-ability|p2b: Excadrill|Mold Breaker\n|turn|1\n|\n|t:|1776360055\n|detailschange|p1a: Delphox|Delphox-Mega, L50, F\n|-mega|p1a: Delphox|Delphox|Delphoxite\n|move|p1b: Milotic|Protect|p1b: Milotic\n|-singleturn|p1b: Milotic|Protect\n|move|p2a: Rotom|Discharge|p1b: Milotic|[spread] p1a\n|-activate|p1b: Milotic|move: Protect\n|-immune|p2b: Excadrill\n|-damage|p1a: Delphox|79/100\n|-status|p1a: Delphox|par\n|move|p2b: Excadrill|Earthquake|p1a: Delphox|[spread] p1a\n|-activate|p1b: Milotic|move: Protect\n|-immune|p2a: Rotom\n|-supereffective|p1a: Delphox|1\n|-damage|p1a: Delphox|0 fnt\n|faint|p1a: Delphox\n|\n|upkeep\n|\n|t:|1776360074\n|switch|p1a: Excadrill|Excadrill, L50, M|100/100\n|turn|2\n|\n|t:|1776360079\n|switch|p1b: Tyranitar|Tyranitar, L50, F|100/100\n|-weather|Sandstorm|[from] ability: Sand Stream|[of] p1b: Tyranitar\n|move|p1a: Excadrill|Earthquake|p2b: Excadrill|[spread] p1b,p2b\n|-immune|p2a: Rotom\n|-supereffective|p1b: Tyranitar|1\n|-supereffective|p2b: Excadrill|1\n|-damage|p1b: Tyranitar|28/100\n|-enditem|p2b: Excadrill|Focus Sash\n|-damage|p2b: Excadrill|1/100\n|move|p2a: Rotom|Discharge|p1b: Tyranitar|[spread] p1b\n|-immune|p2b: Excadrill\n|-immune|p1a: Excadrill\n|-damage|p1b: Tyranitar|16/100\n|move|p2b: Excadrill|Earthquake|p1a: Excadrill|[spread] p1a,p1b\n|-immune|p2a: Rotom\n|-supereffective|p1a: Excadrill|1\n|-supereffective|p1b: Tyranitar|1\n|-enditem|p1a: Excadrill|Focus Sash\n|-damage|p1a: Excadrill|1/100\n|-damage|p1b: Tyranitar|0 fnt\n|faint|p1b: Tyranitar\n|\n|-weather|Sandstorm|[upkeep]\n|-damage|p2a: Rotom|95/100|[from] Sandstorm\n|upkeep\n|\n|t:|1776360089\n|switch|p1b: Milotic|Milotic, L50, F|100/100\n|turn|3\n|\n|t:|1776360098\n|move|p1a: Excadrill|Rock Slide|p2b: Excadrill|[spread] p2a,p2b\n|-supereffective|p2a: Rotom|1\n|-resisted|p2b: Excadrill|2\n|-damage|p2a: Rotom|46/100\n|-damage|p2b: Excadrill|0 fnt\n|faint|p2b: Excadrill\n|cant|p2a: Rotom|flinch\n|move|p1b: Milotic|Ice Beam|p2a: Rotom\n|-supereffective|p2a: Rotom|1\n|-damage|p2a: Rotom|0 fnt\n|faint|p2a: Rotom\n|\n|-weather|Sandstorm|[upkeep]\n|-damage|p1b: Milotic|95/100|[from] Sandstorm\n|-heal|p1b: Milotic|100/100|[from] item: Leftovers\n|upkeep\n|\n|t:|1776360100\n|switch|p2b: Torkoal|Torkoal, L50, F|100/100\n|switch|p2a: Venusaur|Venusaur, L50, F|100/100\n|-weather|SunnyDay|[from] ability: Drought|[of] p2b: Torkoal\n|turn|4\n|\n|t:|1776360115\n|move|p1a: Excadrill|Protect|p1a: Excadrill\n|-singleturn|p1a: Excadrill|Protect\n|move|p2a: Venusaur|Giga Drain|p1a: Excadrill\n|-activate|p1a: Excadrill|move: Protect\n|move|p1b: Milotic|Icy Wind|p2b: Torkoal|[spread] p2a,p2b\n|-supereffective|p2a: Venusaur|1\n|-resisted|p2b: Torkoal|1\n|-damage|p2a: Venusaur|80/100\n|-damage|p2b: Torkoal|94/100\n|-unboost|p2a: Venusaur|spe|1\n|-unboost|p2b: Torkoal|spe|1\n|move|p2b: Torkoal|Solar Beam||[still]\n|-prepare|p2b: Torkoal|Solar Beam\n|-anim|p2b: Torkoal|Solar Beam|p1b: Milotic\n|-supereffective|p1b: Milotic|1\n|-damage|p1b: Milotic|62/100\n|\n|-weather|SunnyDay|[upkeep]\n|-heal|p1b: Milotic|68/100|[from] item: Leftovers\n|upkeep\n|turn|5\n|inactive|bugeater has 30 seconds left.\n|\n|t:|1776360149\n|move|p2a: Venusaur|Giga Drain|p1a: Excadrill\n|-damage|p1a: Excadrill|0 fnt\n|-heal|p2a: Venusaur|80/100|[from] drain|[of] p1a: Excadrill\n|faint|p1a: Excadrill\n|move|p1b: Milotic|Ice Beam|p2a: Venusaur\n|-supereffective|p2a: Venusaur|1\n|-damage|p2a: Venusaur|31/100\n|move|p2b: Torkoal|Solar Beam||[still]\n|-prepare|p2b: Torkoal|Solar Beam\n|-anim|p2b: Torkoal|Solar Beam|p1b: Milotic\n|-supereffective|p1b: Milotic|1\n|-damage|p1b: Milotic|24/100\n|\n|-weather|SunnyDay|[upkeep]\n|-heal|p1b: Milotic|30/100|[from] item: Leftovers\n|upkeep\n|turn|6\n|-message|bugeater forfeited.\n|\n|win|KogaAF1219\n|raw|bugeater's rating: 1287 &rarr; <strong>1265</strong><br />(-22 for losing)\n|raw|KogaAF1219's rating: 1327 &rarr; <strong>1345</strong><br />(+18 for winning)\n|l|\u2606bugeater\n|player|p1|\n",
  "uploadtime": 1776360165,
  "views": 44,
  "formatid": "gen9championsvgc2026regma",
  "rating": 1265,
  "private": 0,
  "password": null
}