{
  "id": "gen9championsvgc2026regma-2585075281",
  "format": "[Gen 9 Champions] VGC 2026 Reg M-A",
  "players": [
    "excyxttar",
    "Knull$et"
  ],
  "log": "|j|\u2606excyxttar\n|j|\u2606Knull$et\n|t:|1776309184\n|gametype|doubles\n|player|p1|excyxttar|candice|1105\n|player|p2|Knull$et|cyclist-gen4|1126\n|gen|9\n|tier|[Gen 9 Champions] VGC 2026 Reg M-A\n|rated|\n|rule|Species Clause: Limit one of each Pok\u00e9mon\n|rule|Item Clause: Limit 1 of each item\n|clearpoke\n|poke|p1|Excadrill, L50, M|\n|poke|p1|Tyranitar, L50, M|\n|poke|p1|Basculegion, L50, M|\n|poke|p1|Sneasler, L50, F|\n|poke|p1|Incineroar, L50, M|\n|poke|p1|Whimsicott, L50, F|\n|poke|p2|Gengar, L50, M|\n|poke|p2|Whimsicott, L50, F|\n|poke|p2|Incineroar, L50, M|\n|poke|p2|Palafin, L50, M|\n|poke|p2|Kommo-o, L50, F|\n|poke|p2|Kingambit, L50, F|\n|teampreview|4\n|inactive|Battle timer is ON: inactive players will automatically lose when time's up. (requested by Knull$et)\n|inactive|Knull$et has 60 seconds left.\n|\n|t:|1776309230\n|teamsize|p1|4\n|teamsize|p2|4\n|start\n|switch|p1a: Excadrill|Excadrill, L50, M|100/100\n|switch|p1b: Tyranitar|Tyranitar, L50, M|100/100\n|switch|p2a: Gengar|Gengar, L50, M|100/100\n|switch|p2b: Palafin|Palafin, L50, M|100/100\n|-weather|Sandstorm|[from] ability: Sand Stream|[of] p1b: Tyranitar\n|turn|1\n|inactive|Knull$et has 30 seconds left.\n|inactive|Knull$et has 20 seconds left.\n|inactive|Knull$et has 15 seconds left.\n|\n|t:|1776309273\n|switch|p1b: Whimsicott|Whimsicott, L50, F|100/100\n|detailschange|p2a: Gengar|Gengar-Mega, L50, M\n|-mega|p2a: Gengar|Gengar|Gengarite\n|move|p2a: Gengar|Protect|p2a: Gengar\n|-singleturn|p2a: Gengar|Protect\n|move|p1a: Excadrill|Earthquake|p2a: Gengar|[spread] p1b,p2b\n|-activate|p2a: Gengar|move: Protect\n|-resisted|p1b: Whimsicott|1\n|-damage|p1b: Whimsicott|74/100\n|-damage|p2b: Palafin|45/100\n|move|p2b: Palafin|Flip Turn|p1a: Excadrill\n|-supereffective|p1a: Excadrill|1\n|-damage|p1a: Excadrill|17/100\n|\n|t:|1776309292\n|detailschange|p2b: Palafin|Palafin-Hero, L50, M\n|switch|p2b: Whimsicott|Whimsicott, L50, F|100/100|[from] Flip Turn\n|\n|-weather|Sandstorm|[upkeep]\n|-damage|p2a: Gengar|95/100|[from] Sandstorm\n|-damage|p2b: Whimsicott|95/100|[from] Sandstorm\n|-damage|p1b: Whimsicott|68/100|[from] Sandstorm\n|upkeep\n|turn|2\n|inactive|Knull$et has 30 seconds left.\n|inactive|Knull$et has 20 seconds left.\n|inactive|Knull$et has 15 seconds left.\n|inactive|Knull$et has 10 seconds left.\n|\n|t:|1776309339\n|switch|p2a: Kommo-o|Kommo-o, L50, F|100/100\n|move|p2b: Whimsicott|Tailwind|p2b: Whimsicott\n|-sidestart|p2: Knull$et|move: Tailwind\n|move|p1b: Whimsicott|Encore||[still]\n|-fail|p1b: Whimsicott\n|move|p1a: Excadrill|Iron Head|p2b: Whimsicott\n|-supereffective|p2b: Whimsicott|1\n|-damage|p2b: Whimsicott|0 fnt\n|faint|p2b: Whimsicott\n|\n|-weather|Sandstorm|[upkeep]\n|-damage|p2a: Kommo-o|95/100|[from] Sandstorm\n|-damage|p1b: Whimsicott|62/100|[from] Sandstorm\n|-heal|p2a: Kommo-o|100/100|[from] item: Leftovers\n|upkeep\n|inactive|Knull$et has 30 seconds left.\n|\n|t:|1776309365\n|switch|p2b: Palafin|Palafin-Hero, L50, M|45/100\n|-activate|p2b: Palafin|ability: Zero to Hero\n|turn|3\n|\n|t:|1776309389\n|switch|p1a: Sneasler|Sneasler, L50, F|100/100\n|-ability|p1a: Sneasler|Pressure\n|switch|p2a: Gengar|Gengar-Mega, L50, M|95/100\n|move|p2b: Palafin|Jet Punch|p1a: Sneasler\n|-damage|p1a: Sneasler|23/100\n|move|p1b: Whimsicott|Moonblast|p2a: Gengar\n|-resisted|p2a: Gengar|1\n|-damage|p2a: Gengar|76/100\n|\n|-weather|Sandstorm|[upkeep]\n|-damage|p2a: Gengar|71/100|[from] Sandstorm\n|-damage|p2b: Palafin|39/100|[from] Sandstorm\n|-damage|p1a: Sneasler|18/100|[from] Sandstorm\n|-damage|p1b: Whimsicott|56/100|[from] Sandstorm\n|upkeep\n|turn|4\n|inactive|Knull$et has 30 seconds left.\n|\n|t:|1776309421\n|move|p1a: Sneasler|Fake Out|p2b: Palafin\n|-damage|p2b: Palafin|24/100\n|cant|p2b: Palafin|flinch\n|move|p1b: Whimsicott|Tailwind|p1b: Whimsicott\n|-sidestart|p1: excyxttar|move: Tailwind\n|move|p2a: Gengar|Sludge Bomb|p1b: Whimsicott\n|-supereffective|p1b: Whimsicott|2\n|-damage|p1b: Whimsicott|0 fnt\n|faint|p1b: Whimsicott\n|\n|-weather|Sandstorm|[upkeep]\n|-damage|p2a: Gengar|65/100|[from] Sandstorm\n|-damage|p1a: Sneasler|12/100|[from] Sandstorm\n|-damage|p2b: Palafin|18/100|[from] Sandstorm\n|upkeep\n|\n|t:|1776309431\n|switch|p1b: Tyranitar|Tyranitar, L50, M|100/100\n|turn|5\n|inactive|Knull$et has 30 seconds left.\n|inactive|Knull$et has 20 seconds left.\n|\n|t:|1776309469\n|move|p1a: Sneasler|Protect|p1a: Sneasler\n|-singleturn|p1a: Sneasler|Protect\n|move|p1b: Tyranitar|Protect|p1b: Tyranitar\n|-singleturn|p1b: Tyranitar|Protect\n|move|p2a: Gengar|Shadow Ball|p1a: Sneasler\n|-activate|p1a: Sneasler|move: Protect\n|move|p2b: Palafin|Flip Turn|p1b: Tyranitar\n|-activate|p1b: Tyranitar|move: Protect\n|\n|-weather|none\n|-sideend|p2: Knull$et|move: Tailwind\n|upkeep\n|turn|6\n|inactive|Knull$et has 30 seconds left.\n|\n|t:|1776309504\n|detailschange|p1b: Tyranitar|Tyranitar-Mega, L50, M\n|-mega|p1b: Tyranitar|Tyranitar|Tyranitarite\n|-weather|Sandstorm|[from] ability: Sand Stream|[of] p1b: Tyranitar\n|move|p2b: Palafin|Jet Punch|p1a: Sneasler\n|-damage|p1a: Sneasler|0 fnt\n|faint|p1a: Sneasler\n|move|p1b: Tyranitar|Rock Slide|p2b: Palafin|[spread] p2a,p2b\n|-damage|p2a: Gengar|7/100\n|-damage|p2b: Palafin|0 fnt\n|faint|p2b: Palafin\n|cant|p2a: Gengar|flinch\n|\n|-weather|Sandstorm|[upkeep]\n|-damage|p2a: Gengar|1/100|[from] Sandstorm\n|upkeep\n|\n|t:|1776309519\n|switch|p1a: Excadrill|Excadrill, L50, M|17/100\n|switch|p2b: Kommo-o|Kommo-o, L50, F|100/100\n|turn|7\n|inactive|Knull$et has 30 seconds left.\n|\n|t:|1776309550\n|move|p1a: Excadrill|High Horsepower|p2b: Kommo-o\n|-damage|p2b: Kommo-o|51/100\n|move|p1b: Tyranitar|Low Kick|p2b: Kommo-o\n|-damage|p2b: Kommo-o|19/100\n|move|p2a: Gengar|Shadow Ball|p1a: Excadrill\n|-damage|p1a: Excadrill|0 fnt\n|faint|p1a: Excadrill\n|move|p2b: Kommo-o|Aura Sphere|p1b: Tyranitar\n|-supereffective|p1b: Tyranitar|2\n|-damage|p1b: Tyranitar|12/100\n|\n|-weather|Sandstorm|[upkeep]\n|-damage|p2a: Gengar|0 fnt|[from] Sandstorm\n|-damage|p2b: Kommo-o|13/100|[from] Sandstorm\n|faint|p2a: Gengar\n|-heal|p2b: Kommo-o|19/100|[from] item: Leftovers\n|-sideend|p1: excyxttar|move: Tailwind\n|upkeep\n|turn|8\n|inactive|Knull$et has 30 seconds left.\n|\n|t:|1776309584\n|move|p2b: Kommo-o|Protect|p2b: Kommo-o\n|-singleturn|p2b: Kommo-o|Protect\n|move|p1b: Tyranitar|Low Kick|p2b: Kommo-o\n|-activate|p2b: Kommo-o|move: Protect\n|\n|-weather|Sandstorm|[upkeep]\n|-damage|p2b: Kommo-o|13/100|[from] Sandstorm\n|-heal|p2b: Kommo-o|19/100|[from] item: Leftovers\n|upkeep\n|turn|9\n|\n|t:|1776309594\n|move|p2b: Kommo-o|Aura Sphere|p1b: Tyranitar\n|-supereffective|p1b: Tyranitar|2\n|-damage|p1b: Tyranitar|0 fnt\n|faint|p1b: Tyranitar\n|\n|win|Knull$et\n|raw|excyxttar's rating: 1105 &rarr; <strong>1082</strong><br />(-23 for losing)\n|raw|Knull$et's rating: 1126 &rarr; <strong>1149</strong><br />(+23 for winning)\n|l|\u2606excyxttar\n|player|p1|\n",
  "uploadtime": 1776309606,
  "views": 21,
  "formatid": "gen9championsvgc2026regma",
  "rating": 1082,
  "private": 0,
  "password": null
}