{
  "id": "gen9championsvgc2026regma-2581572063",
  "format": "[Gen 9 Champions] VGC 2026 Reg M-A",
  "players": [
    "God Fauntleroy",
    "fimmm"
  ],
  "log": "|j|\u2606God Fauntleroy\n|j|\u2606fimmm\n|t:|1776011935\n|gametype|doubles\n|player|p1|God Fauntleroy|roughneck|1208\n|player|p2|fimmm|whitney|1161\n|gen|9\n|tier|[Gen 9 Champions] VGC 2026 Reg M-A\n|rated|\n|rule|Species Clause: Limit one of each Pok\u00e9mon\n|rule|Item Clause: Limit 1 of each item\n|clearpoke\n|poke|p1|Rotom-Heat, L50|\n|poke|p1|Aegislash, L50, F|\n|poke|p1|Tyranitar, L50, F|\n|poke|p1|Starmie, L50|\n|poke|p1|Aerodactyl, L50, F|\n|poke|p1|Garchomp, L50, F|\n|poke|p2|Meowstic-F, L50, F|\n|poke|p2|Wyrdeer, L50, M|\n|poke|p2|Oranguru, L50, M|\n|poke|p2|Clefable, L50, F|\n|poke|p2|Floette-Eternal, L50, F|\n|poke|p2|Incineroar, L50, M|\n|teampreview|4\n|inactive|Battle timer is ON: inactive players will automatically lose when time's up. (requested by fimmm)\n|inactive|God Fauntleroy also wants the timer to be on.\nGod Fauntleroy rejected open team sheets.\n|\n|t:|1776011965\n|teamsize|p1|4\n|teamsize|p2|4\n|start\n|switch|p1a: Rotom|Rotom-Heat, L50|100/100\n|switch|p1b: Garchomp|Garchomp, L50, F|100/100\n|switch|p2a: Meowstic|Meowstic-F, L50, F|100/100\n|switch|p2b: Wyrdeer|Wyrdeer, L50, M|100/100\n|-ability|p2b: Wyrdeer|Intimidate|boost\n|-unboost|p1a: Rotom|atk|1\n|-unboost|p1b: Garchomp|atk|1\n|-enditem|p1b: Garchomp|White Herb\n|-clearnegativeboost|p1b: Garchomp|[silent]\n|turn|1\n|inactive|fimmm has 30 seconds left.\n|\n|t:|1776011990\n|move|p1a: Rotom|Helping Hand|p1b: Garchomp\n|-singleturn|p1b: Garchomp|Helping Hand|[of] p1a: Rotom\n|move|p2a: Meowstic|Fake Out|p1b: Garchomp\n|-damage|p1b: Garchomp|95/100\n|cant|p1b: Garchomp|flinch\n|move|p2b: Wyrdeer|Skill Swap|p1a: Rotom\n|-activate|p2b: Wyrdeer|Skill Swap|Levitate|Intimidate|[of] p1a: Rotom\n|-ability|p1a: Rotom|Intimidate|boost\n|-unboost|p2a: Meowstic|atk|1\n|-ability|p2a: Meowstic|Competitive|boost\n|-boost|p2a: Meowstic|spa|2\n|-unboost|p2b: Wyrdeer|atk|1\n|\n|upkeep\n|turn|2\n|inactive|fimmm has 30 seconds left.\n|\n|t:|1776012019\n|switch|p2b: Oranguru|Oranguru, L50, M|100/100\n|detailschange|p2a: Meowstic|Meowstic-F-Mega, L50, F\n|-mega|p2a: Meowstic|Meowstic|Meowsticite\n|-ability|p2a: Meowstic|Sand Veil|Trace|[from] ability: Trace|[of] p1b: Garchomp\n|move|p1a: Rotom|Helping Hand|p1b: Garchomp\n|-singleturn|p1b: Garchomp|Helping Hand|[of] p1a: Rotom\n|move|p2a: Meowstic|Alluring Voice|p1b: Garchomp\n|-supereffective|p1b: Garchomp|1\n|-damage|p1b: Garchomp|0 fnt\n|faint|p1b: Garchomp\n|\n|upkeep\n|\n|t:|1776012035\n|switch|p1b: Starmie|Starmie, L50|100/100\n|turn|3\n|\n|t:|1776012047\n|switch|p2b: Incineroar|Incineroar, L50, M|100/100\n|-ability|p2b: Incineroar|Intimidate|boost\n|-unboost|p1a: Rotom|atk|1\n|-unboost|p1b: Starmie|atk|1\n|switch|p1a: Tyranitar|Tyranitar, L50, F|100/100\n|-weather|Sandstorm|[from] ability: Sand Stream|[of] p1a: Tyranitar\n|detailschange|p1b: Starmie|Starmie-Mega, L50\n|-mega|p1b: Starmie|Starmie|Starminite\n|move|p2a: Meowstic|Protect|p2a: Meowstic\n|-singleturn|p2a: Meowstic|Protect\n|move|p1b: Starmie|Skill Swap|p1a: Tyranitar\n|-activate|p1b: Starmie|Skill Swap|||[of] p1a: Tyranitar\n|\n|-weather|Sandstorm|[upkeep]\n|-damage|p1b: Starmie|95/100|[from] Sandstorm\n|-damage|p2b: Incineroar|95/100|[from] Sandstorm\n|upkeep\n|turn|4\n|\n|t:|1776012070\n|move|p2b: Incineroar|Fake Out|p1a: Tyranitar\n|-resisted|p1a: Tyranitar|1\n|-damage|p1a: Tyranitar|95/100\n|move|p1b: Starmie|Liquidation|p2b: Incineroar\n|-supereffective|p2b: Incineroar|1\n|-damage|p2b: Incineroar|44/100\n|-enditem|p2b: Incineroar|Sitrus Berry|[eat]\n|-heal|p2b: Incineroar|69/100|[from] item: Sitrus Berry\n|cant|p1a: Tyranitar|flinch\n|move|p2a: Meowstic|Alluring Voice|p1b: Starmie\n|-damage|p1b: Starmie|7/100\n|\n|-weather|Sandstorm|[upkeep]\n|-damage|p1b: Starmie|1/100|[from] Sandstorm\n|-damage|p2b: Incineroar|63/100|[from] Sandstorm\n|upkeep\n|turn|5\n|inactive|fimmm has 30 seconds left.\n|\n|t:|1776012108\n|switch|p2b: Wyrdeer|Wyrdeer, L50, M|100/100\n|-ability|p2b: Wyrdeer|Intimidate|boost\n|-unboost|p1a: Tyranitar|atk|1\n|-unboost|p1b: Starmie|atk|1\n|move|p2a: Meowstic|Protect|p2a: Meowstic\n|-singleturn|p2a: Meowstic|Protect\n|move|p1b: Starmie|Liquidation|p2a: Meowstic\n|-activate|p2a: Meowstic|move: Protect\n|move|p1a: Tyranitar|Rock Slide|p2a: Meowstic|[spread] p2b\n|-activate|p2a: Meowstic|move: Protect\n|-damage|p2b: Wyrdeer|60/100\n|\n|-weather|Sandstorm|[upkeep]\n|-damage|p1b: Starmie|0 fnt|[from] Sandstorm\n|-damage|p2b: Wyrdeer|54/100|[from] Sandstorm\n|faint|p1b: Starmie\n|upkeep\n|\n|t:|1776012125\n|switch|p1b: Rotom|Rotom-Heat, L50|100/100\n|turn|6\n|\n|t:|1776012138\n|switch|p2b: Incineroar|Incineroar, L50, M|63/100\n|-ability|p2b: Incineroar|Intimidate|boost\n|-unboost|p1a: Tyranitar|atk|1\n|-unboost|p1b: Rotom|atk|1\n|move|p1b: Rotom|Helping Hand|p1a: Tyranitar\n|-singleturn|p1a: Tyranitar|Helping Hand|[of] p1b: Rotom\n|move|p1a: Tyranitar|Rock Slide|p2a: Meowstic|[spread] p2a\n|-miss|p1a: Tyranitar|p2b: Incineroar\n|-damage|p2a: Meowstic|20/100\n|move|p2a: Meowstic|Alluring Voice|p1a: Tyranitar\n|-supereffective|p1a: Tyranitar|1\n|-damage|p1a: Tyranitar|0 fnt\n|faint|p1a: Tyranitar\n|\n|-weather|Sandstorm|[upkeep]\n|-damage|p1b: Rotom|95/100|[from] Sandstorm\n|-damage|p2b: Incineroar|57/100|[from] Sandstorm\n|upkeep\n|turn|7\n|-message|God Fauntleroy forfeited.\n|\n|win|fimmm\n|raw|God Fauntleroy's rating: 1208 &rarr; <strong>1180</strong><br />(-28 for losing)\n|raw|fimmm's rating: 1161 &rarr; <strong>1189</strong><br />(+28 for winning)\n|l|\u2606God Fauntleroy\n|player|p1|\n",
  "uploadtime": 1776012156,
  "views": 15,
  "formatid": "gen9championsvgc2026regma",
  "rating": 1180,
  "private": 0,
  "password": null
}