{
  "id": "gen9championsvgc2026regma-2582611872",
  "format": "[Gen 9 Champions] VGC 2026 Reg M-A",
  "players": [
    "Heavyairplane",
    "Raynobi"
  ],
  "log": "|j|\u2606Heavyairplane\n|j|\u2606Raynobi\n|t:|1776102575\n|gametype|doubles\n|player|p1|Heavyairplane|rood|1239\n|player|p2|Raynobi|red|1260\n|gen|9\n|tier|[Gen 9 Champions] VGC 2026 Reg M-A\n|rated|\n|rule|Species Clause: Limit one of each Pok\u00e9mon\n|rule|Item Clause: Limit 1 of each item\n|clearpoke\n|poke|p1|Milotic, L50, M|\n|poke|p1|Gallade, L50, M|\n|poke|p1|Clefable, L50, M|\n|poke|p1|Kangaskhan, L50, F|\n|poke|p1|Dragonite, L50, M|\n|poke|p1|Chandelure, L50, F|\n|poke|p2|Tyranitar, L50, F|\n|poke|p2|Sneasler, L50, F|\n|poke|p2|Milotic, L50, M|\n|poke|p2|Sinistcha-Masterpiece, L50|\n|poke|p2|Excadrill, L50, F|\n|poke|p2|Rotom-Heat, L50|\n|teampreview|4\n|inactive|Battle timer is ON: inactive players will automatically lose when time's up. (requested by Heavyairplane)\n|\n|t:|1776102605\n|teamsize|p1|4\n|teamsize|p2|4\n|start\n|switch|p1a: Gallade|Gallade, L50, M|100/100\n|switch|p1b: Kangaskhan|Kangaskhan, L50, F|100/100\n|switch|p2a: Rotom|Rotom-Heat, L50|100/100\n|switch|p2b: Sneasler|Sneasler, L50, F|100/100\n|turn|1\n|\n|t:|1776102618\n|switch|p1b: Dragonite|Dragonite, L50, M|100/100\n|move|p2b: Sneasler|Fake Out|p1b: Dragonite\n|-damage|p1b: Dragonite|94/100\n|move|p2a: Rotom|Will-O-Wisp|p1b: Dragonite\n|-status|p1b: Dragonite|brn\n|move|p1a: Gallade|Trick Room|p1a: Gallade\n|-fieldstart|move: Trick Room|[of] p1a: Gallade\n|\n|-damage|p1b: Dragonite|88/100 brn|[from] brn\n|upkeep\n|turn|2\n|inactive|Heavyairplane has 30 seconds left.\n|inactive|Raynobi has 30 seconds left.\n|inactive|Raynobi has 20 seconds left.\n|\n|t:|1776102654\n|switch|p2a: Milotic|Milotic, L50, M|100/100\n|move|p1a: Gallade|Psycho Cut|p2b: Sneasler\n|-supereffective|p2b: Sneasler|2\n|-damage|p2b: Sneasler|0 fnt\n|faint|p2b: Sneasler\n|move|p1b: Dragonite|Dragon Claw|p2a: Milotic\n|-damage|p2a: Milotic|84/100\n|\n|-heal|p2a: Milotic|90/100|[from] item: Leftovers\n|-damage|p1b: Dragonite|82/100 brn|[from] brn\n|upkeep\n|\n|t:|1776102665\n|switch|p2b: Sinistcha|Sinistcha-Masterpiece, L50|100/100\n|-heal|p2a: Milotic|100/100|[from] ability: Hospitality|[of] p2b: Sinistcha\n|turn|3\n|\n|t:|1776102681\n|switch|p1b: Milotic|Milotic, L50, M|100/100\n|move|p1a: Gallade|Sacred Sword|p2a: Milotic\n|-damage|p2a: Milotic|44/100\n|move|p2b: Sinistcha|Matcha Gotcha|p1b: Milotic|[spread] p1a,p1b\n|-supereffective|p1b: Milotic|1\n|-damage|p1a: Gallade|74/100\n|-damage|p1b: Milotic|59/100\n|-status|p1a: Gallade|brn\n|move|p2a: Milotic|Icy Wind|p1a: Gallade|[spread] \n|-miss|p2a: Milotic|p1a: Gallade\n|-miss|p2a: Milotic|p1b: Milotic\n|\n|-heal|p1b: Milotic|65/100|[from] item: Leftovers\n|-heal|p2a: Milotic|50/100|[from] item: Leftovers\n|-damage|p1a: Gallade|68/100 brn|[from] brn\n|upkeep\n|turn|4\n|\n|t:|1776102706\n|move|p1a: Gallade|Sacred Sword|p2a: Milotic\n|-damage|p2a: Milotic|20/100\n|move|p2b: Sinistcha|Matcha Gotcha|p1b: Milotic|[spread] p1a,p1b\n|-supereffective|p1b: Milotic|1\n|-damage|p1a: Gallade|42/100 brn\n|-damage|p1b: Milotic|19/100\n|-enditem|p1a: Gallade|Sitrus Berry|[eat]\n|-heal|p1a: Gallade|67/100 brn|[from] item: Sitrus Berry\n|move|p1b: Milotic|Ice Beam|p2b: Sinistcha\n|-supereffective|p2b: Sinistcha|1\n|-damage|p2b: Sinistcha|34/100\n|-enditem|p2b: Sinistcha|Sitrus Berry|[eat]\n|-heal|p2b: Sinistcha|59/100|[from] item: Sitrus Berry\n|move|p2a: Milotic|Recover|p2a: Milotic\n|-heal|p2a: Milotic|70/100\n|\n|-heal|p1b: Milotic|25/100|[from] item: Leftovers\n|-heal|p2a: Milotic|76/100|[from] item: Leftovers\n|-damage|p1a: Gallade|61/100 brn|[from] brn\n|upkeep\n|turn|5\n|\n|t:|1776102730\n|move|p1a: Gallade|Wide Guard|p1a: Gallade\n|-singleturn|p1a: Gallade|Wide Guard\n|move|p2b: Sinistcha|Matcha Gotcha|p1b: Milotic|[spread] \n|-activate|p1a: Gallade|move: Wide Guard\n|-activate|p1b: Milotic|move: Wide Guard\n|move|p1b: Milotic|Ice Beam|p2b: Sinistcha\n|-supereffective|p2b: Sinistcha|1\n|-damage|p2b: Sinistcha|0 fnt\n|faint|p2b: Sinistcha\n|move|p2a: Milotic|Recover|p2a: Milotic\n|-heal|p2a: Milotic|100/100\n|\n|-heal|p1b: Milotic|31/100|[from] item: Leftovers\n|-damage|p1a: Gallade|55/100 brn|[from] brn\n|-fieldend|move: Trick Room\n|upkeep\n|inactive|Raynobi has 30 seconds left.\n|\n|t:|1776102760\n|switch|p2b: Rotom|Rotom-Heat, L50|100/100\n|turn|6\n|\n|t:|1776102772\n|move|p2b: Rotom|Thunderbolt|p1b: Milotic\n|-supereffective|p1b: Milotic|1\n|-damage|p1b: Milotic|0 fnt\n|faint|p1b: Milotic\n|move|p2a: Milotic|Scald|p1a: Gallade\n|-damage|p1a: Gallade|29/100 brn\n|move|p1a: Gallade|Sacred Sword|p2b: Rotom\n|-damage|p2b: Rotom|48/100\n|\n|-damage|p1a: Gallade|23/100 brn|[from] brn\n|upkeep\n|\n|t:|1776102788\n|switch|p1b: Dragonite|Dragonite, L50, M|82/100 brn\n|turn|7\n|\n|t:|1776102803\n|move|p2b: Rotom|Thunderbolt|p1a: Gallade\n|-crit|p1a: Gallade\n|-damage|p1a: Gallade|0 fnt\n|faint|p1a: Gallade\n|move|p2a: Milotic|Icy Wind|p1b: Dragonite\n|-supereffective|p1b: Dragonite|2\n|-enditem|p1b: Dragonite|Yache Berry|[eat]\n|-enditem|p1b: Dragonite|Yache Berry|[weaken]\n|-damage|p1b: Dragonite|58/100 brn\n|-unboost|p1b: Dragonite|spe|1\n|move|p1b: Dragonite|Dragon Claw|p2b: Rotom\n|-damage|p2b: Rotom|17/100\n|\n|-damage|p1b: Dragonite|52/100 brn|[from] brn\n|upkeep\n|\n|t:|1776102807\n|switch|p1a: Kangaskhan|Kangaskhan, L50, F|100/100\n|turn|8\n|\n|t:|1776102826\n|detailschange|p1a: Kangaskhan|Kangaskhan-Mega, L50, F\n|-mega|p1a: Kangaskhan|Kangaskhan|Kangaskhanite\n|move|p2b: Rotom|Protect|p2b: Rotom\n|-singleturn|p2b: Rotom|Protect\n|move|p2a: Milotic|Protect|p2a: Milotic\n|-singleturn|p2a: Milotic|Protect\n|move|p1a: Kangaskhan|Double-Edge|p2a: Milotic\n|-activate|p2a: Milotic|move: Protect\n|move|p1b: Dragonite|Dragon Claw|p2b: Rotom\n|-activate|p2b: Rotom|move: Protect\n|\n|-damage|p1b: Dragonite|45/100 brn|[from] brn\n|upkeep\n|turn|9\n|\n|t:|1776102843\n|move|p1b: Dragonite|Extreme Speed|p2b: Rotom\n|-damage|p2b: Rotom|0 fnt\n|faint|p2b: Rotom\n|move|p1a: Kangaskhan|Double-Edge|p2a: Milotic\n|-damage|p2a: Milotic|48/100\n|-damage|p2a: Milotic|36/100\n|-hitcount|p2a: Milotic|2\n|-damage|p1a: Kangaskhan|80/100|[from] Recoil\n|move|p2a: Milotic|Icy Wind|p1b: Dragonite|[spread] p1a,p1b\n|-supereffective|p1b: Dragonite|2\n|-damage|p1a: Kangaskhan|72/100\n|-damage|p1b: Dragonite|11/100 brn\n|-unboost|p1a: Kangaskhan|spe|1\n|-unboost|p1b: Dragonite|spe|1\n|\n|-heal|p2a: Milotic|42/100|[from] item: Leftovers\n|-damage|p1b: Dragonite|5/100 brn|[from] brn\n|upkeep\n|turn|10\n|\n|t:|1776102859\n|move|p2a: Milotic|Protect|p2a: Milotic\n|-singleturn|p2a: Milotic|Protect\n|move|p1b: Dragonite|Extreme Speed|p2a: Milotic\n|-activate|p2a: Milotic|move: Protect\n|move|p1a: Kangaskhan|Double-Edge|p2a: Milotic\n|-activate|p2a: Milotic|move: Protect\n|\n|-heal|p2a: Milotic|48/100|[from] item: Leftovers\n|-damage|p1b: Dragonite|0 fnt|[from] brn\n|faint|p1b: Dragonite\n|upkeep\n|turn|11\n|\n|t:|1776102865\n|move|p2a: Milotic|Recover|p2a: Milotic\n|-heal|p2a: Milotic|98/100\n|move|p1a: Kangaskhan|Double-Edge|p2a: Milotic\n|-damage|p2a: Milotic|50/100\n|-damage|p2a: Milotic|38/100\n|-hitcount|p2a: Milotic|2\n|-damage|p1a: Kangaskhan|53/100|[from] Recoil\n|\n|-heal|p2a: Milotic|44/100|[from] item: Leftovers\n|upkeep\n|turn|12\n|\n|t:|1776102871\n|move|p2a: Milotic|Protect|p2a: Milotic\n|-singleturn|p2a: Milotic|Protect\n|move|p1a: Kangaskhan|Low Kick|p2a: Milotic\n|-activate|p2a: Milotic|move: Protect\n|\n|-heal|p2a: Milotic|50/100|[from] item: Leftovers\n|upkeep\n|turn|13\n|\n|t:|1776102876\n|move|p2a: Milotic|Recover|p2a: Milotic\n|-heal|p2a: Milotic|99/100\n|move|p1a: Kangaskhan|Low Kick|p2a: Milotic\n|-damage|p2a: Milotic|74/100\n|-damage|p2a: Milotic|67/100\n|-hitcount|p2a: Milotic|2\n|\n|-heal|p2a: Milotic|73/100|[from] item: Leftovers\n|upkeep\n|turn|14\n|\n|t:|1776102882\n|move|p2a: Milotic|Scald|p1a: Kangaskhan\n|-damage|p1a: Kangaskhan|30/100\n|-status|p1a: Kangaskhan|brn\n|move|p1a: Kangaskhan|Low Kick|p2a: Milotic\n|-damage|p2a: Milotic|58/100\n|-damage|p2a: Milotic|55/100\n|-hitcount|p2a: Milotic|2\n|\n|-heal|p2a: Milotic|61/100|[from] item: Leftovers\n|-damage|p1a: Kangaskhan|24/100 brn|[from] brn\n|upkeep\n|turn|15\n|\n|t:|1776102888\n|move|p2a: Milotic|Recover|p2a: Milotic\n|-heal|p2a: Milotic|100/100\n|move|p1a: Kangaskhan|Double-Edge|p2a: Milotic\n|-damage|p2a: Milotic|78/100\n|-damage|p2a: Milotic|72/100\n|-hitcount|p2a: Milotic|2\n|-damage|p1a: Kangaskhan|15/100 brn|[from] Recoil\n|\n|-heal|p2a: Milotic|78/100|[from] item: Leftovers\n|-damage|p1a: Kangaskhan|9/100 brn|[from] brn\n|upkeep\n|turn|16\n|\n|t:|1776102895\n|move|p2a: Milotic|Scald|p1a: Kangaskhan\n|-damage|p1a: Kangaskhan|0 fnt\n|faint|p1a: Kangaskhan\n|\n|win|Raynobi\n|raw|Heavyairplane's rating: 1239 &rarr; <strong>1216</strong><br />(-23 for losing)\n|raw|Raynobi's rating: 1260 &rarr; <strong>1283</strong><br />(+23 for winning)\n|l|\u2606Heavyairplane\n|player|p1|\n",
  "uploadtime": 1776102900,
  "views": 38,
  "formatid": "gen9championsvgc2026regma",
  "rating": 1216,
  "private": 0,
  "password": null
}