{
  "id": "gen9championsvgc2026regma-2586890708",
  "format": "[Gen 9 Champions] VGC 2026 Reg M-A",
  "players": [
    "loyndix",
    "HeavyLobsterAlf"
  ],
  "log": "|j|\u2606loyndix\n|j|\u2606HeavyLobsterAlf\n|t:|1776469005\n|gametype|doubles\n|player|p1|loyndix|policeman-gen4|1132\n|player|p2|HeavyLobsterAlf|phoebe-masters|1224\n|gen|9\n|tier|[Gen 9 Champions] VGC 2026 Reg M-A\n|rated|\n|rule|Species Clause: Limit one of each Pok\u00e9mon\n|rule|Item Clause: Limit 1 of each item\n|clearpoke\n|poke|p1|Torkoal, L50, F|\n|poke|p1|Venusaur, L50, M|\n|poke|p1|Sneasler, L50, M|\n|poke|p1|Kingambit, L50, F|\n|poke|p1|Floette-Eternal, L50, F|\n|poke|p1|Sinistcha, L50|\n|poke|p2|Volcarona, L50, F|\n|poke|p2|Froslass, L50, F|\n|poke|p2|Milotic, L50, M|\n|poke|p2|Rotom-Frost, L50|\n|poke|p2|Corviknight, L50, F|\n|poke|p2|Garchomp, L50, F|\n|teampreview|4\n|inactive|Battle timer is ON: inactive players will automatically lose when time's up. (requested by loyndix)\n|inactive|loyndix has 60 seconds left.\n|inactive|loyndix has 30 seconds left.\n|\n|t:|1776469067\n|teamsize|p1|4\n|teamsize|p2|4\n|start\n|switch|p1a: Torkoal|Torkoal, L50, F|100/100\n|switch|p1b: Venusaur|Venusaur, L50, M|100/100\n|switch|p2a: Froslass|Froslass, L50, F|100/100\n|switch|p2b: Volcarona|Volcarona, L50, F|100/100\n|-weather|SunnyDay|[from] ability: Drought|[of] p1a: Torkoal\n|turn|1\n|inactive|loyndix has 30 seconds left.\n|\n|t:|1776469101\n|detailschange|p2a: Froslass|Froslass-Mega, L50, F\n|-mega|p2a: Froslass|Froslass|Froslassite\n|-weather|Snowscape|[from] ability: Snow Warning|[of] p2a: Froslass\n|move|p2a: Froslass|Aurora Veil|p2a: Froslass\n|-sidestart|p2: HeavyLobsterAlf|move: Aurora Veil\n|move|p2b: Volcarona|Quiver Dance|p2b: Volcarona\n|-boost|p2b: Volcarona|spa|1\n|-boost|p2b: Volcarona|spd|1\n|-boost|p2b: Volcarona|spe|1\n|move|p1b: Venusaur|Weather Ball|p2a: Froslass\n|-resisted|p2a: Froslass|1\n|-damage|p2a: Froslass|87/100\n|move|p1a: Torkoal|Yawn|p2b: Volcarona\n|-start|p2b: Volcarona|move: Yawn|[of] p1a: Torkoal\n|\n|-weather|Snowscape|[upkeep]\n|upkeep\n|turn|2\n|inactive|loyndix has 30 seconds left.\n|inactive|loyndix has 20 seconds left.\n|inactive|loyndix has 15 seconds left.\n|\n|t:|1776469141\n|switch|p1b: Sneasler|Sneasler, L50, M|100/100\n|move|p2b: Volcarona|Heat Wave|p1a: Torkoal|[spread] p1a,p1b\n|-resisted|p1a: Torkoal|1\n|-damage|p1a: Torkoal|58/100\n|-damage|p1b: Sneasler|19/100\n|move|p2a: Froslass|Blizzard|p1b: Sneasler|[spread] p1a,p1b\n|-resisted|p1a: Torkoal|1\n|-damage|p1a: Torkoal|21/100\n|-damage|p1b: Sneasler|0 fnt\n|faint|p1b: Sneasler\n|move|p1a: Torkoal|Heat Wave|p2b: Volcarona|[spread] p2a,p2b\n|-supereffective|p2a: Froslass|1\n|-damage|p2a: Froslass|29/100\n|-damage|p2b: Volcarona|84/100\n|\n|-weather|Snowscape|[upkeep]\n|-heal|p2b: Volcarona|90/100|[from] item: Leftovers\n|-end|p2b: Volcarona|move: Yawn|[silent]\n|-status|p2b: Volcarona|slp\n|upkeep\n|inactive|loyndix has 30 seconds left.\n|\n|t:|1776469174\n|switch|p1b: Sinistcha|Sinistcha, L50|100/100\n|-heal|p1a: Torkoal|46/100|[from] ability: Hospitality|[of] p1b: Sinistcha\n|turn|3\n|\n|t:|1776469188\n|switch|p1a: Venusaur|Venusaur, L50, M|100/100\n|move|p2a: Froslass|Protect|p2a: Froslass\n|-singleturn|p2a: Froslass|Protect\n|cant|p2b: Volcarona|slp\n|move|p1b: Sinistcha|Shadow Ball|p2a: Froslass\n|-activate|p2a: Froslass|move: Protect\n|\n|-weather|Snowscape|[upkeep]\n|-heal|p2b: Volcarona|96/100 slp|[from] item: Leftovers\n|upkeep\n|turn|4\n|inactive|loyndix has 30 seconds left.\n|\n|t:|1776469214\n|switch|p2a: Milotic|Milotic, L50, M|100/100\n|switch|p1a: Torkoal|Torkoal, L50, F|46/100\n|-weather|SunnyDay|[from] ability: Drought|[of] p1a: Torkoal\n|cant|p2b: Volcarona|slp\n|move|p1b: Sinistcha|Trick Room|p1b: Sinistcha\n|-fieldstart|move: Trick Room|[of] p1b: Sinistcha\n|\n|-weather|SunnyDay|[upkeep]\n|-heal|p2b: Volcarona|100/100 slp|[from] item: Leftovers\n|upkeep\n|turn|5\n|inactive|loyndix has 30 seconds left.\n|\n|t:|1776469242\n|move|p1a: Torkoal|Yawn|p2a: Milotic\n|-start|p2a: Milotic|move: Yawn|[of] p1a: Torkoal\n|move|p1b: Sinistcha|Shadow Ball|p2a: Milotic\n|-damage|p2a: Milotic|88/100\n|-curestatus|p2b: Volcarona|slp|[msg]\n|move|p2b: Volcarona|Heat Wave|p1a: Torkoal|[spread] p1a,p1b\n|-resisted|p1a: Torkoal|1\n|-supereffective|p1b: Sinistcha|1\n|-damage|p1a: Torkoal|0 fnt\n|-damage|p1b: Sinistcha|0 fnt\n|faint|p1a: Torkoal\n|faint|p1b: Sinistcha\n|move|p2a: Milotic|Mirror Coat|p1: Torkoal|[notarget]\n|-fail|p2a: Milotic\n|\n|-weather|SunnyDay|[upkeep]\n|-sideend|p2: HeavyLobsterAlf|move: Aurora Veil\n|upkeep\n|\n|t:|1776469251\n|switch|p1a: Venusaur|Venusaur, L50, M|100/100\n|turn|6\n|\n|t:|1776469262\n|move|p2a: Milotic|Ice Beam|p1a: Venusaur\n|-supereffective|p1a: Venusaur|1\n|-damage|p1a: Venusaur|63/100\n|move|p1a: Venusaur|Sludge Wave|p2b: Volcarona|[spread] p2a,p2b\n|-damage|p2a: Milotic|68/100\n|-damage|p2b: Volcarona|79/100\n|-status|p2b: Volcarona|psn\n|move|p2b: Volcarona|Heat Wave|p1a: Venusaur\n|-supereffective|p1a: Venusaur|1\n|-damage|p1a: Venusaur|0 fnt\n|faint|p1a: Venusaur\n|\n|win|HeavyLobsterAlf\n|raw|loyndix's rating: 1132 &rarr; <strong>1113</strong><br />(-19 for losing)\n|raw|HeavyLobsterAlf's rating: 1224 &rarr; <strong>1243</strong><br />(+19 for winning)\n",
  "uploadtime": 1776469266,
  "views": 22,
  "formatid": "gen9championsvgc2026regma",
  "rating": 1113,
  "private": 0,
  "password": null
}