{
  "id": "gen9championsvgc2026regma-2582963149",
  "format": "[Gen 9 Champions] VGC 2026 Reg M-A",
  "players": [
    "orionsayshi",
    "underlinegui"
  ],
  "log": "|j|\u2606orionsayshi\n|j|\u2606underlinegui\n|t:|1776128895\n|gametype|doubles\n|player|p1|orionsayshi|elesa|1034\n|player|p2|underlinegui|169|1067\n|gen|9\n|tier|[Gen 9 Champions] VGC 2026 Reg M-A\n|rated|\n|rule|Species Clause: Limit one of each Pok\u00e9mon\n|rule|Item Clause: Limit 1 of each item\n|clearpoke\n|poke|p1|Gengar, L50, M|\n|poke|p1|Sinistcha, L50|\n|poke|p1|Palafin, L50, F|\n|poke|p1|Sableye, L50, M|\n|poke|p1|Kommo-o, L50, M|\n|poke|p1|Aerodactyl, L50, M|\n|poke|p2|Orthworm, L50, M|\n|poke|p2|Dragonite, L50, F|\n|poke|p2|Starmie, L50|\n|poke|p2|Pelipper, L50, F|\n|poke|p2|Basculegion, L50, M|\n|poke|p2|Decidueye-Hisui, L50, M|\n|teampreview|4\n|inactive|Battle timer is ON: inactive players will automatically lose when time's up. (requested by underlinegui)\n|inactive|orionsayshi has 60 seconds left.\n|inactive|underlinegui has 60 seconds left.\n|\n|t:|1776128952\n|teamsize|p1|4\n|teamsize|p2|4\n|start\n|switch|p1a: Sinistcha|Sinistcha, L50|100/100\n|switch|p1b: Palafin|Palafin, L50, F|100/100\n|switch|p2a: Basculegion|Basculegion, L50, M|100/100\n|switch|p2b: Pelipper|Pelipper, L50, F|100/100\n|-weather|RainDance|[from] ability: Drizzle|[of] p2b: Pelipper\n|turn|1\n|\n|t:|1776128964\n|move|p1a: Sinistcha|Rage Powder|p1a: Sinistcha\n|-singleturn|p1a: Sinistcha|move: Rage Powder\n|move|p2a: Basculegion|Last Respects|p1a: Sinistcha\n|-supereffective|p1a: Sinistcha|1\n|-damage|p1a: Sinistcha|53/100\n|move|p1b: Palafin|Flip Turn|p2a: Basculegion\n|-resisted|p2a: Basculegion|1\n|-damage|p2a: Basculegion|79/100\n|\n|t:|1776128973\n|detailschange|p1b: Palafin|Palafin-Hero, L50, F\n|switch|p1b: Gengar|Gengar, L50, M|100/100|[from] Flip Turn\n|move|p2b: Pelipper|Hurricane|p1a: Sinistcha\n|-supereffective|p1a: Sinistcha|1\n|-damage|p1a: Sinistcha|0 fnt\n|faint|p1a: Sinistcha\n|\n|-weather|RainDance|[upkeep]\n|upkeep\n|\n|t:|1776128979\n|switch|p1a: Aerodactyl|Aerodactyl, L50, M|100/100\n|turn|2\n|\n|t:|1776129001\n|detailschange|p1b: Gengar|Gengar-Mega, L50, M\n|-mega|p1b: Gengar|Gengar|Gengarite\n|move|p2a: Basculegion|Last Respects|p1b: Gengar\n|-supereffective|p1b: Gengar|1\n|-damage|p1b: Gengar|32/100\n|move|p1a: Aerodactyl|Rock Slide|p2b: Pelipper|[spread] p2a,p2b\n|-supereffective|p2b: Pelipper|1\n|-damage|p2a: Basculegion|52/100\n|-damage|p2b: Pelipper|52/100\n|move|p1b: Gengar|Shadow Ball|p2a: Basculegion\n|-supereffective|p2a: Basculegion|1\n|-damage|p2a: Basculegion|0 fnt\n|faint|p2a: Basculegion\n|move|p2b: Pelipper|Weather Ball|p1b: Gengar\n|-damage|p1b: Gengar|0 fnt\n|faint|p1b: Gengar\n|\n|-weather|RainDance|[upkeep]\n|upkeep\n|\n|t:|1776129015\n|switch|p1b: Palafin|Palafin-Hero, L50, F|100/100\n|switch|p2a: Starmie|Starmie, L50|100/100\n|-activate|p1b: Palafin|ability: Zero to Hero\n|turn|3\n|\n|t:|1776129025\n|detailschange|p2a: Starmie|Starmie-Mega, L50\n|-mega|p2a: Starmie|Starmie|Starminite\n|move|p1b: Palafin|Wave Crash|p2a: Starmie\n|-resisted|p2a: Starmie|1\n|-damage|p2a: Starmie|29/100\n|-damage|p1b: Palafin|82/100|[from] Recoil\n|move|p1a: Aerodactyl|Rock Slide|p2a: Starmie|[spread] p2a,p2b\n|-supereffective|p2b: Pelipper|1\n|-damage|p2a: Starmie|6/100\n|-damage|p2b: Pelipper|3/100\n|move|p2a: Starmie|Liquidation|p1a: Aerodactyl\n|-supereffective|p1a: Aerodactyl|1\n|-enditem|p1a: Aerodactyl|Focus Sash\n|-damage|p1a: Aerodactyl|1/100\n|cant|p2b: Pelipper|flinch\n|\n|-weather|RainDance|[upkeep]\n|upkeep\n|turn|4\n|inactive|underlinegui has 30 seconds left.\n|\n|t:|1776129053\n|switch|p2a: Decidueye|Decidueye-Hisui, L50, M|100/100\n|move|p1b: Palafin|Wave Crash|p2a: Decidueye\n|-resisted|p2a: Decidueye|1\n|-damage|p2a: Decidueye|41/100\n|-damage|p1b: Palafin|61/100|[from] Recoil\n|move|p1a: Aerodactyl|Rock Slide|p2a: Decidueye|[spread] p2a,p2b\n|-resisted|p2a: Decidueye|1\n|-supereffective|p2b: Pelipper|1\n|-damage|p2a: Decidueye|29/100\n|-damage|p2b: Pelipper|0 fnt\n|faint|p2b: Pelipper\n|\n|-weather|RainDance|[upkeep]\n|upkeep\n|\n|t:|1776129061\n|switch|p2b: Starmie|Starmie-Mega, L50|6/100\n|turn|5\n|\n|t:|1776129067\n|move|p1b: Palafin|Wave Crash|p2a: Decidueye\n|-resisted|p2a: Decidueye|1\n|-damage|p2a: Decidueye|0 fnt\n|faint|p2a: Decidueye\n|-damage|p1b: Palafin|51/100|[from] Recoil\n|move|p1a: Aerodactyl|Rock Slide|p2b: Starmie|[miss]\n|-miss|p1a: Aerodactyl|p2b: Starmie\n|move|p2b: Starmie|Liquidation|p1a: Aerodactyl\n|-supereffective|p1a: Aerodactyl|1\n|-damage|p1a: Aerodactyl|0 fnt\n|faint|p1a: Aerodactyl\n|\n|-weather|none\n|upkeep\n|turn|6\n|\n|t:|1776129078\n|move|p1b: Palafin|Wave Crash|p2b: Starmie\n|-resisted|p2b: Starmie|1\n|-damage|p2b: Starmie|0 fnt\n|faint|p2b: Starmie\n|-damage|p1b: Palafin|49/100|[from] Recoil\n|\n|win|orionsayshi\n|raw|orionsayshi's rating: 1034 &rarr; <strong>1072</strong><br />(+38 for winning)\n|raw|underlinegui's rating: 1067 &rarr; <strong>1045</strong><br />(-22 for losing)\n|l|\u2606orionsayshi\n|player|p1|\n",
  "uploadtime": 1776129084,
  "views": 13,
  "formatid": "gen9championsvgc2026regma",
  "rating": 1045,
  "private": 0,
  "password": null
}