{
  "id": "gen9championsvgc2026regma-2583150947",
  "format": "[Gen 9 Champions] VGC 2026 Reg M-A",
  "players": [
    "Onake_10",
    "eggy360"
  ],
  "log": "|j|\u2606Onake_10\n|j|\u2606eggy360\n|t:|1776148217\n|gametype|doubles\n|player|p1|Onake_10|caitlin|1110\n|player|p2|eggy360|266|1010\n|gen|9\n|tier|[Gen 9 Champions] VGC 2026 Reg M-A\n|rated|\n|rule|Species Clause: Limit one of each Pok\u00e9mon\n|rule|Item Clause: Limit 1 of each item\n|clearpoke\n|poke|p1|Zoroark-Hisui, L50, F|\n|poke|p1|Froslass, L50, F|\n|poke|p1|Ninetales-Alola, L50, M|\n|poke|p1|Garchomp, L50, M|\n|poke|p1|Rotom-Wash, L50|\n|poke|p1|Incineroar, L50, F|\n|poke|p2|Excadrill, L50, M|\n|poke|p2|Whimsicott, L50, F|\n|poke|p2|Farigiraf, L50, F|\n|poke|p2|Drampa, L50, M|\n|poke|p2|Aegislash, L50, F|\n|poke|p2|Hydreigon, L50, M|\n|teampreview|4\n|\n|t:|1776148238\n|teamsize|p1|4\n|teamsize|p2|4\n|start\n|switch|p1a: Froslass|Froslass, L50, F|100/100\n|switch|p1b: Ninetales|Ninetales-Alola, L50, M|100/100\n|switch|p2a: Farigiraf|Farigiraf, L50, F|100/100\n|switch|p2b: Drampa|Drampa, L50, M|100/100\n|-ability|p2b: Drampa|Cloud Nine\n|turn|1\n|\n|t:|1776148257\n|detailschange|p1a: Froslass|Froslass-Mega, L50, F\n|-mega|p1a: Froslass|Froslass|Froslassite\n|-weather|Snowscape|[from] ability: Snow Warning|[of] p1a: Froslass\n|move|p1a: Froslass|Blizzard|p2b: Drampa|[spread] p2a,p2b\n|-supereffective|p2b: Drampa|1\n|-damage|p2a: Farigiraf|49/100\n|-damage|p2b: Drampa|5/100\n|-enditem|p2a: Farigiraf|Sitrus Berry|[eat]\n|-heal|p2a: Farigiraf|74/100|[from] item: Sitrus Berry\n|move|p1b: Ninetales|Hyper Voice|p2a: Farigiraf|[spread] p2a,p2b\n|-damage|p2a: Farigiraf|43/100\n|-damage|p2b: Drampa|0 fnt\n|faint|p2b: Drampa\n|move|p2a: Farigiraf|Trick Room|p2a: Farigiraf\n|-fieldstart|move: Trick Room|[of] p2a: Farigiraf\n|\n|-weather|Snowscape|[upkeep]\n|upkeep\n|\n|t:|1776148274\n|switch|p2b: Hydreigon|Hydreigon, L50, M|100/100\n|turn|2\n|\n|t:|1776148283\n|switch|p2a: Whimsicott|Whimsicott, L50, F|100/100\n|move|p1a: Froslass|Protect|p1a: Froslass\n|-singleturn|p1a: Froslass|Protect\n|move|p2b: Hydreigon|Dark Pulse|p1a: Froslass\n|-activate|p1a: Froslass|move: Protect\n|move|p1b: Ninetales|Icy Wind|p2a: Whimsicott|[spread] p2a,p2b\n|-supereffective|p2a: Whimsicott|1\n|-supereffective|p2b: Hydreigon|1\n|-damage|p2a: Whimsicott|66/100\n|-damage|p2b: Hydreigon|76/100\n|-unboost|p2a: Whimsicott|spe|1\n|-unboost|p2b: Hydreigon|spe|1\n|\n|-weather|Snowscape|[upkeep]\n|upkeep\n|turn|3\n|\n|t:|1776148310\n|switch|p1a: Ninetales|Ninetales-Alola, L50, M|100/100\n|move|p2a: Whimsicott|Sunny Day|p2a: Whimsicott\n|-weather|SunnyDay\n|move|p2b: Hydreigon|Dark Pulse|p1a: Ninetales|[miss]\n|-miss|p2b: Hydreigon|p1a: Ninetales\n|move|p1b: Ninetales|Icy Wind|p2a: Whimsicott|[spread] p2a,p2b\n|-supereffective|p2a: Whimsicott|1\n|-supereffective|p2b: Hydreigon|1\n|-damage|p2a: Whimsicott|33/100\n|-damage|p2b: Hydreigon|51/100\n|-unboost|p2a: Whimsicott|spe|1\n|-unboost|p2b: Hydreigon|spe|1\n|\n|-weather|SunnyDay|[upkeep]\n|upkeep\n|turn|4\n|\n|t:|1776148341\n|switch|p2a: Farigiraf|Farigiraf, L50, F|43/100\n|move|p1a: Ninetales|Protect|p1a: Ninetales\n|-singleturn|p1a: Ninetales|Protect\n|move|p2b: Hydreigon|Dark Pulse|p1b: Ninetales\n|-supereffective|p1b: Ninetales|1\n|-enditem|p1b: Ninetales|Focus Sash\n|-damage|p1b: Ninetales|1/100\n|replace|p1b: Zoroark|Zoroark-Hisui, L50, F\n|-end|p1b: Zoroark|Illusion\n|move|p1b: Zoroark|Hyper Voice|p2a: Farigiraf|[spread] p2a,p2b\n|-damage|p2a: Farigiraf|9/100\n|-damage|p2b: Hydreigon|17/100\n|\n|-weather|SunnyDay|[upkeep]\n|upkeep\n|turn|5\n|\n|t:|1776148360\n|move|p2b: Hydreigon|Dark Pulse|p1b: Zoroark\n|-supereffective|p1b: Zoroark|1\n|-damage|p1b: Zoroark|0 fnt\n|faint|p1b: Zoroark\n|move|p2a: Farigiraf|Psychic|p1a: Ninetales\n|-damage|p1a: Ninetales|56/100\n|move|p1a: Ninetales|Aurora Veil||[still]\n|-fail|p1a: Ninetales\n|\n|-weather|SunnyDay|[upkeep]\n|-fieldend|move: Trick Room\n|upkeep\n|\n|t:|1776148374\n|switch|p1b: Froslass|Froslass-Mega, L50, F|100/100\n|-weather|Snowscape|[from] ability: Snow Warning|[of] p1b: Froslass\n|turn|6\n|\n|t:|1776148400\n|move|p2a: Farigiraf|Protect|p2a: Farigiraf\n|-singleturn|p2a: Farigiraf|Protect\n|move|p1b: Froslass|Blizzard|p2b: Hydreigon|[spread] p2b\n|-activate|p2a: Farigiraf|move: Protect\n|-supereffective|p2b: Hydreigon|1\n|-damage|p2b: Hydreigon|0 fnt\n|faint|p2b: Hydreigon\n|move|p1a: Ninetales|Aurora Veil|p1a: Ninetales\n|-sidestart|p1: Onake_10|move: Aurora Veil\n|\n|-weather|Snowscape|[upkeep]\n|upkeep\n|\n|t:|1776148407\n|switch|p2b: Whimsicott|Whimsicott, L50, F|33/100\n|turn|7\n|\n|t:|1776148419\n|move|p2b: Whimsicott|Sunny Day|p2b: Whimsicott\n|-weather|SunnyDay\n|move|p1b: Froslass|Blizzard|p2a: Farigiraf|[spread] p2a,p2b\n|-supereffective|p2b: Whimsicott|1\n|-damage|p2a: Farigiraf|0 fnt\n|-damage|p2b: Whimsicott|0 fnt\n|faint|p2a: Farigiraf\n|faint|p2b: Whimsicott\n|\n|win|Onake_10\n|raw|Onake_10's rating: 1110 &rarr; <strong>1128</strong><br />(+18 for winning)\n|raw|eggy360's rating: 1010 &rarr; <strong>1002</strong><br />(-8 for losing)\n|l|\u2606eggy360\n|player|p2|\n",
  "uploadtime": 1776148437,
  "views": 15,
  "formatid": "gen9championsvgc2026regma",
  "rating": 1002,
  "private": 0,
  "password": null
}