{
  "id": "gen9championsvgc2026regma-2585191497",
  "format": "[Gen 9 Champions] VGC 2026 Reg M-A",
  "players": [
    "jaisha4",
    "Endergeimer"
  ],
  "log": "|j|\u2606jaisha4\n|j|\u2606Endergeimer\n|t:|1776323134\n|gametype|doubles\n|player|p1|jaisha4|ghetsis-gen5bw|1049\n|player|p2|Endergeimer|265|1032\n|gen|9\n|tier|[Gen 9 Champions] VGC 2026 Reg M-A\n|rated|\n|rule|Species Clause: Limit one of each Pok\u00e9mon\n|rule|Item Clause: Limit 1 of each item\n|clearpoke\n|poke|p1|Sneasler, L50, F|\n|poke|p1|Chandelure, L50, M|\n|poke|p1|Talonflame, L50, M|\n|poke|p1|Starmie, L50|\n|poke|p1|Garchomp, L50, M|\n|poke|p1|Ninetales-Alola, L50, M|\n|poke|p2|Basculegion, L50, M|\n|poke|p2|Gengar, L50, F|\n|poke|p2|Runerigus, L50, M|\n|poke|p2|Chandelure, L50, M|\n|poke|p2|Trevenant, L50, M|\n|poke|p2|Zoroark-Hisui, L50, M|\n|teampreview|4\n|c|\u2606Endergeimer|GL...\n|\n|t:|1776323171\n|teamsize|p1|4\n|teamsize|p2|4\n|start\n|switch|p1a: Talonflame|Talonflame, L50, M|100/100\n|switch|p1b: Ninetales|Ninetales-Alola, L50, M|100/100\n|switch|p2a: Chandelure|Chandelure, L50, M|100/100\n|switch|p2b: Gengar|Gengar, L50, F|100/100\n|-weather|Snowscape|[from] ability: Snow Warning|[of] p1b: Ninetales\n|turn|1\n|\n|t:|1776323196\n|move|p1a: Talonflame|Tailwind|p1a: Talonflame\n|-sidestart|p1: jaisha4|move: Tailwind\n|move|p1b: Ninetales|Aurora Veil|p1b: Ninetales\n|-sidestart|p1: jaisha4|move: Aurora Veil\n|move|p2b: Gengar|Shadow Ball|p1a: Talonflame\n|-crit|p1a: Talonflame\n|-damage|p1a: Talonflame|23/100\n|move|p2a: Chandelure|Sludge Bomb|p1b: Ninetales\n|-supereffective|p1b: Ninetales|1\n|-damage|p1b: Ninetales|53/100\n|-status|p1b: Ninetales|psn\n|\n|-weather|Snowscape|[upkeep]\n|-damage|p1b: Ninetales|40/100 psn|[from] psn\n|upkeep\n|turn|2\n|\n|t:|1776323237\n|move|p2b: Gengar|Protect|p2b: Gengar\n|-singleturn|p2b: Gengar|Protect\n|move|p1b: Ninetales|Blizzard|p2b: Gengar|[spread] p2a\n|-activate|p2b: Gengar|move: Protect\n|-damage|p2a: Chandelure|28/100\n|replace|p2a: Zoroark|Zoroark-Hisui, L50, M\n|-end|p2a: Zoroark|Illusion\n|move|p1a: Talonflame|Acrobatics|p2a: Zoroark\n|-damage|p2a: Zoroark|0 fnt\n|faint|p2a: Zoroark\n|\n|-weather|Snowscape|[upkeep]\n|-damage|p1b: Ninetales|28/100 psn|[from] psn\n|upkeep\n|\n|t:|1776323269\n|switch|p2a: Chandelure|Chandelure, L50, M|100/100\n|turn|3\n|\n|t:|1776323277\n|detailschange|p2a: Chandelure|Chandelure-Mega, L50, M\n|-mega|p2a: Chandelure|Chandelure|Chandelurite\n|move|p1b: Ninetales|Blizzard|p2a: Chandelure|[spread] p2a,p2b\n|-resisted|p2a: Chandelure|1\n|-crit|p2b: Gengar\n|-damage|p2a: Chandelure|79/100\n|-damage|p2b: Gengar|1/100\n|move|p1a: Talonflame|Acrobatics|p2a: Chandelure\n|-damage|p2a: Chandelure|19/100\n|move|p2b: Gengar|Shadow Ball|p1a: Talonflame\n|-damage|p1a: Talonflame|0 fnt\n|faint|p1a: Talonflame\n|move|p2a: Chandelure|Heat Wave|p1b: Ninetales\n|-supereffective|p1b: Ninetales|1\n|-damage|p1b: Ninetales|0 fnt\n|faint|p1b: Ninetales\n|\n|-weather|Snowscape|[upkeep]\n|upkeep\n|\n|t:|1776323292\n|switch|p1b: Garchomp|Garchomp, L50, M|100/100\n|switch|p1a: Chandelure|Chandelure, L50, M|100/100\n|turn|4\n|\n|t:|1776323303\n|move|p1a: Chandelure|Protect|p1a: Chandelure\n|-singleturn|p1a: Chandelure|Protect\n|move|p2a: Chandelure|Protect|p2a: Chandelure\n|-singleturn|p2a: Chandelure|Protect\n|move|p1b: Garchomp|Earthquake|p2b: Gengar|[spread] p2b\n|-activate|p1a: Chandelure|move: Protect\n|-activate|p2a: Chandelure|move: Protect\n|-supereffective|p2b: Gengar|1\n|-damage|p2b: Gengar|0 fnt\n|faint|p2b: Gengar\n|\n|-weather|Snowscape|[upkeep]\n|-sideend|p1: jaisha4|move: Tailwind\n|upkeep\n|\n|t:|1776323315\n|switch|p2b: Basculegion|Basculegion, L50, M|100/100\n|turn|5\n|\n|t:|1776323355\n|detailschange|p1a: Chandelure|Chandelure-Mega, L50, M\n|-mega|p1a: Chandelure|Chandelure|Chandelurite\n|move|p2b: Basculegion|Aqua Jet|p1a: Chandelure\n|-supereffective|p1a: Chandelure|1\n|-damage|p1a: Chandelure|57/100\n|move|p1b: Garchomp|Stomping Tantrum|p2a: Chandelure\n|-supereffective|p2a: Chandelure|1\n|-damage|p2a: Chandelure|0 fnt\n|faint|p2a: Chandelure\n|move|p1a: Chandelure|Shadow Ball|p2b: Basculegion\n|-supereffective|p2b: Basculegion|1\n|-damage|p2b: Basculegion|0 fnt\n|faint|p2b: Basculegion\n|\n|win|jaisha4\n|raw|jaisha4's rating: 1049 &rarr; <strong>1080</strong><br />(+31 for winning)\n|raw|Endergeimer's rating: 1032 &rarr; <strong>1018</strong><br />(-14 for losing)\n|c|\u2606Endergeimer|GG...\n|c|\u2606jaisha4|Gg\n",
  "uploadtime": 1776323368,
  "views": 19,
  "formatid": "gen9championsvgc2026regma",
  "rating": 1018,
  "private": 0,
  "password": null
}