{
  "id": "gen9championsvgc2026regma-2585306730",
  "format": "[Gen 9 Champions] VGC 2026 Reg M-A",
  "players": [
    "KarmicPines2002",
    "Specs Guillotine"
  ],
  "log": "|j|\u2606KarmicPines2002\n|j|\u2606Specs Guillotine\n|t:|1776336070\n|gametype|doubles\n|player|p1|KarmicPines2002|170|1171\n|player|p2|Specs Guillotine|170|1186\n|gen|9\n|tier|[Gen 9 Champions] VGC 2026 Reg M-A\n|rated|\n|rule|Species Clause: Limit one of each Pok\u00e9mon\n|rule|Item Clause: Limit 1 of each item\n|clearpoke\n|poke|p1|Pelipper, L50, F|\n|poke|p1|Basculegion, L50, M|\n|poke|p1|Incineroar, L50, M|\n|poke|p1|Meganium, L50, M|\n|poke|p1|Scizor, L50, M|\n|poke|p1|Garchomp, L50, F|\n|poke|p2|Sneasler, L50, M|\n|poke|p2|Tyranitar, L50, F|\n|poke|p2|Rotom-Wash, L50|\n|poke|p2|Excadrill, L50, F|\n|poke|p2|Dragapult, L50, F|\n|poke|p2|Meganium, L50, M|\n|teampreview|4\n|inactive|Battle timer is ON: inactive players will automatically lose when time's up. (requested by KarmicPines2002)\n|inactive|KarmicPines2002 has 60 seconds left.\n|inactive|Specs Guillotine has 60 seconds left.\n|inactive|KarmicPines2002 has 30 seconds left.\n|inactive|Specs Guillotine has 30 seconds left.\n|\n|t:|1776336141\n|teamsize|p1|4\n|teamsize|p2|4\n|start\n|switch|p1a: Pelipper|Pelipper, L50, F|100/100\n|switch|p1b: Garchomp|Garchomp, L50, F|100/100\n|switch|p2a: Sneasler|Sneasler, L50, M|100/100\n|switch|p2b: Rotom|Rotom-Wash, L50|100/100\n|-weather|RainDance|[from] ability: Drizzle|[of] p1a: Pelipper\n|turn|1\n|inactive|KarmicPines2002 has 30 seconds left.\n|\n|t:|1776336169\n|move|p2a: Sneasler|Fake Out|p1b: Garchomp\n|-damage|p1b: Garchomp|86/100\n|-damage|p2a: Sneasler|88/100|[from] ability: Rough Skin|[of] p1b: Garchomp\n|cant|p1b: Garchomp|flinch\n|move|p1a: Pelipper|Tailwind|p1a: Pelipper\n|-sidestart|p1: KarmicPines2002|move: Tailwind\n|move|p2b: Rotom|Volt Switch|p1a: Pelipper\n|-supereffective|p1a: Pelipper|2\n|-crit|p1a: Pelipper\n|-enditem|p1a: Pelipper|Focus Sash\n|-damage|p1a: Pelipper|1/100\n|\n|t:|1776336174\n|switch|p2b: Tyranitar|Tyranitar, L50, F|100/100|[from] Volt Switch\n|-weather|Sandstorm|[from] ability: Sand Stream|[of] p2b: Tyranitar\n|\n|-weather|Sandstorm|[upkeep]\n|-damage|p1a: Pelipper|0 fnt|[from] Sandstorm\n|-damage|p2a: Sneasler|82/100|[from] Sandstorm\n|faint|p1a: Pelipper\n|upkeep\n|\n|t:|1776336195\n|switch|p1a: Incineroar|Incineroar, L50, M|100/100\n|-ability|p1a: Incineroar|Intimidate|boost\n|-unboost|p2a: Sneasler|atk|1\n|-unboost|p2b: Tyranitar|atk|1\n|-enditem|p2a: Sneasler|White Herb\n|-clearnegativeboost|p2a: Sneasler|[silent]\n|turn|2\n|inactive|Specs Guillotine has 30 seconds left.\n|\n|t:|1776336221\n|move|p2a: Sneasler|Protect|p2a: Sneasler\n|-singleturn|p2a: Sneasler|Protect\n|move|p2b: Tyranitar|Protect|p2b: Tyranitar\n|-singleturn|p2b: Tyranitar|Protect\n|move|p1a: Incineroar|Fake Out|p2a: Sneasler\n|-activate|p2a: Sneasler|move: Protect\n|move|p1b: Garchomp|Earthquake|p2b: Tyranitar|[spread] p1a\n|-activate|p2a: Sneasler|move: Protect\n|-activate|p2b: Tyranitar|move: Protect\n|-supereffective|p1a: Incineroar|1\n|-damage|p1a: Incineroar|38/100\n|-enditem|p1a: Incineroar|Sitrus Berry|[eat]\n|-heal|p1a: Incineroar|63/100|[from] item: Sitrus Berry\n|\n|-weather|Sandstorm|[upkeep]\n|-damage|p2a: Sneasler|77/100|[from] Sandstorm\n|-damage|p1a: Incineroar|57/100|[from] Sandstorm\n|upkeep\n|turn|3\n|inactive|KarmicPines2002 has 30 seconds left.\n|inactive|Specs Guillotine has 30 seconds left.\n|inactive|Specs Guillotine has 20 seconds left.\n|inactive|Specs Guillotine has 15 seconds left.\n|inactive|Specs Guillotine has 10 seconds left.\n|\n|t:|1776336266\n|switch|p2a: Rotom|Rotom-Wash, L50|100/100\n|move|p1b: Garchomp|Earthquake|p2a: Rotom|[spread] p1a,p2b\n|-immune|p2a: Rotom|[from] ability: Levitate\n|-supereffective|p1a: Incineroar|1\n|-supereffective|p2b: Tyranitar|1\n|-damage|p1a: Incineroar|0 fnt\n|-damage|p2b: Tyranitar|29/100\n|faint|p1a: Incineroar\n|move|p2b: Tyranitar|Ice Punch|p1b: Garchomp\n|-supereffective|p1b: Garchomp|2\n|-damage|p1b: Garchomp|0 fnt\n|-damage|p2b: Tyranitar|17/100|[from] ability: Rough Skin|[of] p1b: Garchomp\n|faint|p1b: Garchomp\n|\n|-weather|Sandstorm|[upkeep]\n|-damage|p2a: Rotom|95/100|[from] Sandstorm\n|upkeep\n|\n|t:|1776336284\n|switch|p1b: Meganium|Meganium, L50, M|100/100\n|turn|4\n|\n|t:|1776336307\n|detailschange|p1b: Meganium|Meganium-Mega, L50, M\n|-mega|p1b: Meganium|Meganium|Meganiumite\n|move|p1b: Meganium|Solar Beam||[still]\n|-prepare|p1b: Meganium|Solar Beam\n|-activate|p1b: Meganium|ability: Mega Sol\n|-anim|p1b: Meganium|Solar Beam|p2a: Rotom\n|-supereffective|p2a: Rotom|1\n|-damage|p2a: Rotom|0 fnt\n|faint|p2a: Rotom\n|move|p2b: Tyranitar|Ice Punch|p1b: Meganium\n|-supereffective|p1b: Meganium|1\n|-damage|p1b: Meganium|67/100\n|\n|-weather|Sandstorm|[upkeep]\n|-damage|p1b: Meganium|61/100|[from] Sandstorm\n|-sideend|p1: KarmicPines2002|move: Tailwind\n|upkeep\n|\n|t:|1776336312\n|switch|p2a: Sneasler|Sneasler, L50, M|77/100\n|turn|5\n|\n|t:|1776336326\n|move|p2a: Sneasler|Dire Claw|p1b: Meganium\n|-supereffective|p1b: Meganium|2\n|-damage|p1b: Meganium|0 fnt\n|faint|p1b: Meganium\n|\n|win|Specs Guillotine\n|raw|KarmicPines2002's rating: 1171 &rarr; <strong>1147</strong><br />(-24 for losing)\n|raw|Specs Guillotine's rating: 1186 &rarr; <strong>1210</strong><br />(+24 for winning)\n|l|\u2606Specs Guillotine\n|player|p2|\n",
  "uploadtime": 1776336332,
  "views": 19,
  "formatid": "gen9championsvgc2026regma",
  "rating": 1147,
  "private": 0,
  "password": null
}