{
  "id": "gen9championsvgc2026regma-2588653249",
  "format": "[Gen 9 Champions] VGC 2026 Reg M-A",
  "players": [
    "antarcticbeluga",
    "sdsdffggff"
  ],
  "log": "|j|\u2606antarcticbeluga\n|j|\u2606sdsdffggff\n|t:|1776654120\n|gametype|doubles\n|player|p1|antarcticbeluga|1|1200\n|player|p2|sdsdffggff|102|1103\n|gen|9\n|tier|[Gen 9 Champions] VGC 2026 Reg M-A\n|rated|\n|rule|Species Clause: Limit one of each Pok\u00e9mon\n|rule|Item Clause: Limit 1 of each item\n|clearpoke\n|poke|p1|Charizard, L50, F|\n|poke|p1|Sneasler, L50, M|\n|poke|p1|Scizor, L50, M|\n|poke|p1|Milotic, L50, F|\n|poke|p1|Sinistcha, L50|\n|poke|p1|Incineroar, L50, M|\n|poke|p2|Typhlosion-Hisui, L50, M|\n|poke|p2|Whimsicott, L50, F|\n|poke|p2|Rotom-Wash, L50|\n|poke|p2|Medicham, L50, F|\n|poke|p2|Incineroar, L50, F|\n|poke|p2|Sneasler, L50, F|\n|teampreview|4\n|inactive|Battle timer is ON: inactive players will automatically lose when time's up. (requested by sdsdffggff)\n|inactive|antarcticbeluga has 60 seconds left.\n|\n|t:|1776654153\n|teamsize|p1|4\n|teamsize|p2|4\n|start\n|switch|p1a: Milotic|Milotic, L50, F|100/100\n|switch|p1b: Charizard|Charizard, L50, F|100/100\n|switch|p2a: Medicham|Medicham, L50, F|100/100\n|switch|p2b: Sneasler|Sneasler, L50, F|100/100\n|turn|1\n|\n|t:|1776654171\n|move|p1b: Charizard|Protect|p1b: Charizard\n|-singleturn|p1b: Charizard|Protect\n|move|p2b: Sneasler|Fake Out|p1a: Milotic\n|-damage|p1a: Milotic|91/100\n|-status|p1a: Milotic|psn|[from] ability: Poison Touch|[of] p2b: Sneasler\n|move|p2a: Medicham|Skill Swap|p2b: Sneasler\n|-activate|p2a: Medicham|Skill Swap|||[of] p2b: Sneasler\n|cant|p1a: Milotic|flinch\n|\n|-heal|p1a: Milotic|97/100 psn|[from] item: Leftovers\n|-damage|p1a: Milotic|84/100 psn|[from] psn\n|upkeep\n|turn|2\n|\n|t:|1776654195\n|detailschange|p2a: Medicham|Medicham-Mega, L50, F\n|-mega|p2a: Medicham|Medicham|Medichamite\n|move|p2b: Sneasler|Protect|p2b: Sneasler\n|-singleturn|p2b: Sneasler|Protect\n|move|p2a: Medicham|Protect|p2a: Medicham\n|-singleturn|p2a: Medicham|Protect\n|move|p1b: Charizard|Dragon Dance|p1b: Charizard\n|-boost|p1b: Charizard|atk|1\n|-boost|p1b: Charizard|spe|1\n|move|p1a: Milotic|Scald|p2b: Sneasler\n|-activate|p2b: Sneasler|move: Protect\n|\n|-heal|p1a: Milotic|90/100 psn|[from] item: Leftovers\n|-damage|p1a: Milotic|78/100 psn|[from] psn\n|upkeep\n|turn|3\n|\n|t:|1776654218\n|detailschange|p1b: Charizard|Charizard-Mega-X, L50, F\n|-mega|p1b: Charizard|Charizard|Charizardite X\n|move|p1b: Charizard|Dragon Claw|p2b: Sneasler\n|-enditem|p2b: Sneasler|Focus Sash\n|-damage|p2b: Sneasler|1/100\n|move|p2b: Sneasler|Dire Claw|p1b: Charizard\n|-damage|p1b: Charizard|31/100\n|-status|p1b: Charizard|par\n|move|p2a: Medicham|Thunder Punch|p1a: Milotic\n|-supereffective|p1a: Milotic|1\n|-damage|p1a: Milotic|11/100 psn\n|move|p1a: Milotic|Scald|p2a: Medicham\n|-damage|p2a: Medicham|57/100\n|-status|p2a: Medicham|brn\n|\n|-heal|p1a: Milotic|17/100 psn|[from] item: Leftovers\n|-damage|p1a: Milotic|4/100 psn|[from] psn\n|-damage|p2a: Medicham|51/100 brn|[from] brn\n|upkeep\n|turn|4\n|inactive|antarcticbeluga has 30 seconds left.\n|inactive|antarcticbeluga has 20 seconds left.\n|\n|t:|1776654257\n|switch|p1a: Incineroar|Incineroar, L50, M|100/100\n|-ability|p1a: Incineroar|Intimidate|boost\n|-unboost|p2a: Medicham|atk|1\n|-unboost|p2b: Sneasler|atk|1\n|move|p2b: Sneasler|Dire Claw|p1b: Charizard\n|-damage|p1b: Charizard|0 fnt\n|faint|p1b: Charizard\n|move|p2a: Medicham|Thunder Punch|p1a: Incineroar\n|-damage|p1a: Incineroar|87/100\n|-status|p1a: Incineroar|par\n|\n|-damage|p2a: Medicham|45/100 brn|[from] brn\n|upkeep\n|\n|t:|1776654267\n|switch|p1b: Sinistcha|Sinistcha, L50|100/100\n|-heal|p1a: Incineroar|100/100 par|[from] ability: Hospitality|[of] p1b: Sinistcha\n|turn|5\n|\n|t:|1776654280\n|switch|p2a: Typhlosion|Typhlosion-Hisui, L50, M|100/100\n|-item|p1a: Incineroar|Sitrus Berry|[from] ability: Frisk|[of] p2a: Typhlosion\n|-item|p1b: Sinistcha|Coba Berry|[from] ability: Frisk|[of] p2a: Typhlosion\n|move|p2b: Sneasler|Protect|p2b: Sneasler\n|-singleturn|p2b: Sneasler|Protect\n|move|p1a: Incineroar|Fake Out|p2b: Sneasler\n|-activate|p2b: Sneasler|move: Protect\n|move|p1b: Sinistcha|Trick Room|p1b: Sinistcha\n|-fieldstart|move: Trick Room|[of] p1b: Sinistcha\n|\n|upkeep\n|turn|6\n|inactive|antarcticbeluga has 30 seconds left.\n|inactive|sdsdffggff has 30 seconds left.\n|\n|t:|1776654312\n|move|p1a: Incineroar|Throat Chop|p2a: Typhlosion\n|-supereffective|p2a: Typhlosion|1\n|-damage|p2a: Typhlosion|11/100\n|-start|p2a: Typhlosion|Throat Chop|[silent]\n|move|p1b: Sinistcha|Matcha Gotcha|p2b: Sneasler|[spread] p2a\n|-miss|p1b: Sinistcha|p2b: Sneasler\n|-resisted|p2a: Typhlosion|1\n|-damage|p2a: Typhlosion|0 fnt\n|faint|p2a: Typhlosion\n|move|p2b: Sneasler|Close Combat|p1a: Incineroar\n|-supereffective|p1a: Incineroar|1\n|-damage|p1a: Incineroar|0 fnt\n|-unboost|p2b: Sneasler|def|1\n|-unboost|p2b: Sneasler|spd|1\n|faint|p1a: Incineroar\n|\n|upkeep\n|\n|t:|1776654323\n|switch|p1a: Milotic|Milotic, L50, F|4/100 psn\n|switch|p2a: Rotom|Rotom-Wash, L50|100/100\n|turn|7\n|\n|t:|1776654335\n|move|p2b: Sneasler|Protect|p2b: Sneasler\n|-singleturn|p2b: Sneasler|Protect\n|move|p1b: Sinistcha|Matcha Gotcha|p2b: Sneasler|[spread] p2a\n|-activate|p2b: Sneasler|move: Protect\n|-supereffective|p2a: Rotom|1\n|-damage|p2a: Rotom|51/100\n|move|p1a: Milotic|Recover|p1a: Milotic\n|-heal|p1a: Milotic|55/100 psn\n|move|p2a: Rotom|Volt Switch|p1a: Milotic\n|-supereffective|p1a: Milotic|1\n|-damage|p1a: Milotic|10/100 psn\n|\n|t:|1776654340\n|switch|p2a: Medicham|Medicham-Mega, L50, F|45/100 brn|[from] Volt Switch\n|\n|-heal|p1a: Milotic|16/100 psn|[from] item: Leftovers\n|-damage|p1a: Milotic|3/100 psn|[from] psn\n|-damage|p2a: Medicham|39/100 brn|[from] brn\n|upkeep\n|turn|8\n|\n|t:|1776654355\n|switch|p2b: Rotom|Rotom-Wash, L50|51/100\n|move|p1b: Sinistcha|Matcha Gotcha|p2b: Rotom|[spread] p2a,p2b\n|-supereffective|p2b: Rotom|1\n|-damage|p2a: Medicham|6/100 brn\n|-damage|p2b: Rotom|0 fnt\n|faint|p2b: Rotom\n|move|p1a: Milotic|Recover|p1a: Milotic\n|-heal|p1a: Milotic|54/100 psn\n|move|p2a: Medicham|Thunder Punch|p1a: Milotic\n|-supereffective|p1a: Milotic|1\n|-damage|p1a: Milotic|23/100 psn\n|\n|-heal|p1a: Milotic|29/100 psn|[from] item: Leftovers\n|-damage|p1a: Milotic|17/100 psn|[from] psn\n|-damage|p2a: Medicham|0 fnt|[from] brn\n|faint|p2a: Medicham\n|upkeep\n|-message|sdsdffggff forfeited.\n|\n|win|antarcticbeluga\n|raw|antarcticbeluga's rating: 1200 &rarr; <strong>1218</strong><br />(+18 for winning)\n|raw|sdsdffggff's rating: 1103 &rarr; <strong>1085</strong><br />(-18 for losing)\n|l|\u2606sdsdffggff\n|player|p2|\n",
  "uploadtime": 1776654369,
  "views": 15,
  "formatid": "gen9championsvgc2026regma",
  "rating": 1085,
  "private": 0,
  "password": null
}