{
  "id": "gen9championsvgc2026regma-2588446427",
  "format": "[Gen 9 Champions] VGC 2026 Reg M-A",
  "players": [
    "igbs3",
    "nmq0901"
  ],
  "log": "|j|\u2606igbs3\n|j|\u2606nmq0901\n|t:|1776634262\n|gametype|doubles\n|player|p1|igbs3|169|1000\n|player|p2|nmq0901|170|1026\n|gen|9\n|tier|[Gen 9 Champions] VGC 2026 Reg M-A\n|rated|\n|rule|Species Clause: Limit one of each Pok\u00e9mon\n|rule|Item Clause: Limit 1 of each item\n|clearpoke\n|poke|p1|Floette-Eternal, L50, F, shiny|\n|poke|p1|Chandelure, L50, M, shiny|\n|poke|p1|Whimsicott, L50, F, shiny|\n|poke|p1|Ditto, L50, shiny|\n|poke|p1|Maushold-Four, L50, shiny|\n|poke|p1|Chesnaught, L50, F, shiny|\n|poke|p2|Feraligatr, L50, F|\n|poke|p2|Aggron, L50, M|\n|poke|p2|Alakazam, L50, M|\n|poke|p2|Whimsicott, L50, F|\n|poke|p2|Pelipper, L50, F|\n|poke|p2|Tyranitar, L50, F|\n|teampreview|4\n|\n|t:|1776634274\n|teamsize|p1|4\n|teamsize|p2|4\n|start\n|switch|p1a: Floette|Floette-Eternal, L50, F, shiny|100/100\n|switch|p1b: Whimsicott|Whimsicott, L50, F, shiny|100/100\n|switch|p2a: Aggron|Aggron, L50, M|100/100\n|switch|p2b: Alakazam|Alakazam, L50, M|100/100\n|turn|1\n|\n|t:|1776634296\n|detailschange|p1a: Floette|Floette-Mega, L50, F, shiny\n|-mega|p1a: Floette|Floette|Floettite\n|-ability|p1a: Floette|Fairy Aura\n|detailschange|p2a: Aggron|Aggron-Mega, L50, M\n|-mega|p2a: Aggron|Aggron|Aggronite\n|move|p1b: Whimsicott|Tailwind|p1b: Whimsicott\n|-sidestart|p1: igbs3|move: Tailwind\n|move|p1a: Floette|Calm Mind|p1a: Floette\n|-boost|p1a: Floette|spa|1\n|-boost|p1a: Floette|spd|1\n|move|p2a: Aggron|Iron Defense|p2a: Aggron\n|-boost|p2a: Aggron|def|2\n|move|p2b: Alakazam|Trick Room|p2b: Alakazam\n|-fieldstart|move: Trick Room|[of] p2b: Alakazam\n|\n|upkeep\n|turn|2\n|\n|t:|1776634321\n|move|p1a: Floette|Protect|p1a: Floette\n|-singleturn|p1a: Floette|Protect\n|move|p2a: Aggron|Heavy Slam|p1a: Floette\n|-activate|p1a: Floette|move: Protect\n|move|p2b: Alakazam|Psychic|p1b: Whimsicott\n|-damage|p1b: Whimsicott|37/100\n|move|p1b: Whimsicott|U-turn|p2b: Alakazam\n|-supereffective|p2b: Alakazam|1\n|-damage|p2b: Alakazam|45/100\n|\n|t:|1776634331\n|switch|p1b: Maushold|Maushold-Four, L50, shiny|100/100|[from] U-turn\n|\n|upkeep\n|turn|3\n|\n|t:|1776634358\n|move|p2a: Aggron|Heavy Slam|p1a: Floette\n|-supereffective|p1a: Floette|1\n|-damage|p1a: Floette|1/100\n|move|p2b: Alakazam|Psychic|p1a: Floette\n|-damage|p1a: Floette|0 fnt\n|faint|p1a: Floette\n|move|p1b: Maushold|Population Bomb|p2a: Aggron\n|-resisted|p2a: Aggron|1\n|-damage|p2a: Aggron|99/100\n|-resisted|p2a: Aggron|1\n|-damage|p2a: Aggron|98/100\n|-resisted|p2a: Aggron|1\n|-damage|p2a: Aggron|97/100\n|-resisted|p2a: Aggron|1\n|-damage|p2a: Aggron|96/100\n|-resisted|p2a: Aggron|1\n|-damage|p2a: Aggron|95/100\n|-resisted|p2a: Aggron|1\n|-damage|p2a: Aggron|93/100\n|-resisted|p2a: Aggron|1\n|-damage|p2a: Aggron|92/100\n|-resisted|p2a: Aggron|1\n|-damage|p2a: Aggron|91/100\n|-resisted|p2a: Aggron|1\n|-damage|p2a: Aggron|90/100\n|-resisted|p2a: Aggron|1\n|-damage|p2a: Aggron|89/100\n|-hitcount|p2a: Aggron|10\n|\n|upkeep\n|\n|t:|1776634384\n|switch|p1a: Chesnaught|Chesnaught, L50, F, shiny|100/100\n|turn|4\n|\n|t:|1776634403\n|move|p2a: Aggron|Iron Defense|p2a: Aggron\n|-boost|p2a: Aggron|def|2\n|move|p2b: Alakazam|Psychic|p1a: Chesnaught\n|-supereffective|p1a: Chesnaught|1\n|-damage|p1a: Chesnaught|0 fnt\n|faint|p1a: Chesnaught\n|move|p1b: Maushold|Bite|p2a: Aggron\n|-crit|p2a: Aggron\n|-damage|p2a: Aggron|73/100\n|\n|-sideend|p1: igbs3|move: Tailwind\n|upkeep\n|\n|t:|1776634413\n|switch|p1a: Whimsicott|Whimsicott, L50, F, shiny|37/100\n|turn|5\n|\n|t:|1776634425\n|move|p1a: Whimsicott|Protect|p1a: Whimsicott\n|-singleturn|p1a: Whimsicott|Protect\n|move|p1b: Maushold|Protect|p1b: Maushold\n|-singleturn|p1b: Maushold|Protect\n|move|p2a: Aggron|Heavy Slam|p1a: Whimsicott\n|-activate|p1a: Whimsicott|move: Protect\n|move|p2b: Alakazam|Speed Swap|p2a: Aggron\n|-activate|p2b: Alakazam|move: Speed Swap|[of] p2a: Aggron\n|\n|-fieldend|move: Trick Room\n|upkeep\n|turn|6\n|\n|t:|1776634461\n|move|p1b: Maushold|Population Bomb|p2b: Alakazam\n|-damage|p2b: Alakazam|17/100\n|-damage|p2b: Alakazam|0 fnt\n|faint|p2b: Alakazam\n|-hitcount|p2: Alakazam|2\n|move|p2a: Aggron|Heavy Slam|p1a: Whimsicott\n|-supereffective|p1a: Whimsicott|1\n|-damage|p1a: Whimsicott|0 fnt\n|faint|p1a: Whimsicott\n|\n|upkeep\n|\n|t:|1776634474\n|switch|p2b: Whimsicott|Whimsicott, L50, F|100/100\n|turn|7\n|\n|t:|1776634483\n|move|p2b: Whimsicott|Tailwind|p2b: Whimsicott\n|-sidestart|p2: nmq0901|move: Tailwind\n|move|p2a: Aggron|Body Press|p1b: Maushold\n|-supereffective|p1b: Maushold|1\n|-damage|p1b: Maushold|0 fnt\n|faint|p1b: Maushold\n|\n|win|nmq0901\n|raw|igbs3's rating: 1000 &rarr; <strong>1000</strong><br />(+0 for losing)\n|raw|nmq0901's rating: 1026 &rarr; <strong>1059</strong><br />(+33 for winning)\n|l|\u2606igbs3\n|player|p1|\n",
  "uploadtime": 1776634492,
  "views": 14,
  "formatid": "gen9championsvgc2026regma",
  "rating": 1000,
  "private": 0,
  "password": null
}