{
  "id": "gen9championsvgc2026regma-2587612921",
  "format": "[Gen 9 Champions] VGC 2026 Reg M-A",
  "players": [
    "akfbcysoakeb",
    "Quirkio"
  ],
  "log": "|j|\u2606akfbcysoakeb\n|j|\u2606Quirkio\n|t:|1776546975\n|gametype|doubles\n|player|p1|akfbcysoakeb|170|1000\n|player|p2|Quirkio|2|1047\n|gen|9\n|tier|[Gen 9 Champions] VGC 2026 Reg M-A\n|rated|\n|rule|Species Clause: Limit one of each Pok\u00e9mon\n|rule|Item Clause: Limit 1 of each item\n|clearpoke\n|poke|p1|Ariados, L50, M|\n|poke|p1|Machamp, L50, M|\n|poke|p1|Meganium, L50, M|\n|poke|p1|Froslass, L50, F|\n|poke|p1|Rotom-Heat, L50|\n|poke|p1|Farigiraf, L50, M|\n|poke|p2|Crabominable, L50, F|\n|poke|p2|Araquanid, L50, F|\n|poke|p2|Alakazam, L50, M|\n|poke|p2|Corviknight, L50, M|\n|poke|p2|Meowscarada, L50, M|\n|poke|p2|Ninetales-Alola, L50, M|\n|teampreview|4\n|j| Arutha19\n|\n|t:|1776546987\n|teamsize|p1|4\n|teamsize|p2|4\n|start\n|switch|p1a: Ariados|Ariados, L50, M|100/100\n|switch|p1b: Farigiraf|Farigiraf, L50, M|100/100\n|switch|p2a: Meowscarada|Meowscarada, L50, M|100/100\n|switch|p2b: Ninetales|Ninetales-Alola, L50, M|100/100\n|-weather|Snowscape|[from] ability: Snow Warning|[of] p2b: Ninetales\n|turn|1\n|l| Arutha19\n|\n|t:|1776547003\n|switch|p2b: Crabominable|Crabominable, L50, F|100/100\n|move|p2a: Meowscarada|Flower Trick|p2b: Crabominable\n|-start|p2a: Meowscarada|typechange|Grass|[from] ability: Protean\n|-crit|p2b: Crabominable\n|-damage|p2b: Crabominable|74/100\n|-setboost|p2b: Crabominable|atk|6|[from] ability: Anger Point\n|move|p1a: Ariados|Lunge|p2a: Meowscarada\n|-supereffective|p2a: Meowscarada|1\n|-damage|p2a: Meowscarada|14/100\n|-unboost|p2a: Meowscarada|atk|1\n|move|p1b: Farigiraf|Trick Room|p1b: Farigiraf\n|-fieldstart|move: Trick Room|[of] p1b: Farigiraf\n|\n|-weather|Snowscape|[upkeep]\n|upkeep\n|turn|2\n|\n|t:|1776547036\n|detailschange|p2b: Crabominable|Crabominable-Mega, L50, F\n|-mega|p2b: Crabominable|Crabominable|Crabominite\n|move|p2b: Crabominable|Drain Punch|p1b: Farigiraf\n|-damage|p1b: Farigiraf|0 fnt\n|-heal|p2b: Crabominable|100/100|[from] drain|[of] p1b: Farigiraf\n|faint|p1b: Farigiraf\n|move|p1a: Ariados|Poison Jab|p2b: Crabominable\n|-damage|p2b: Crabominable|84/100\n|-status|p2b: Crabominable|psn\n|move|p2a: Meowscarada|Flower Trick|p1a: Ariados\n|-resisted|p1a: Ariados|2\n|-crit|p1a: Ariados\n|-damage|p1a: Ariados|90/100\n|\n|-weather|Snowscape|[upkeep]\n|-damage|p2b: Crabominable|72/100 psn|[from] psn\n|upkeep\n|\n|t:|1776547055\n|switch|p1b: Rotom|Rotom-Heat, L50|100/100\n|turn|3\n|\n|t:|1776547061\n|move|p1a: Ariados|Rage Powder|p1a: Ariados\n|-singleturn|p1a: Ariados|move: Rage Powder\n|move|p2b: Crabominable|Drain Punch|p1a: Ariados\n|-resisted|p1a: Ariados|2\n|-damage|p1a: Ariados|20/100\n|-heal|p2b: Crabominable|100/100 psn|[from] drain|[of] p1a: Ariados\n|move|p1b: Rotom|Overheat|p2b: Crabominable\n|-supereffective|p2b: Crabominable|1\n|-damage|p2b: Crabominable|0 fnt\n|-unboost|p1b: Rotom|spa|2\n|faint|p2b: Crabominable\n|-enditem|p1b: Rotom|White Herb\n|-clearnegativeboost|p1b: Rotom|[silent]\n|move|p2a: Meowscarada|Flower Trick|p1b: Rotom\n|-resisted|p1b: Rotom|1\n|-crit|p1b: Rotom\n|-damage|p1b: Rotom|79/100\n|\n|-weather|Snowscape|[upkeep]\n|upkeep\n|\n|t:|1776547085\n|switch|p2b: Ninetales|Ninetales-Alola, L50, M|100/100\n|turn|4\n|\n|t:|1776547092\n|move|p2b: Ninetales|Protect|p2b: Ninetales\n|-singleturn|p2b: Ninetales|Protect\n|move|p1a: Ariados|Lunge|p2a: Meowscarada\n|-supereffective|p2a: Meowscarada|1\n|-damage|p2a: Meowscarada|0 fnt\n|faint|p2a: Meowscarada\n|move|p1b: Rotom|Overheat|p2b: Ninetales\n|-activate|p2b: Ninetales|move: Protect\n|\n|-weather|Snowscape|[upkeep]\n|upkeep\n|\n|t:|1776547103\n|switch|p2a: Alakazam|Alakazam, L50, M|100/100\n|turn|5\n|\n|t:|1776547110\n|move|p1a: Ariados|Lunge|p2a: Alakazam\n|-supereffective|p2a: Alakazam|1\n|-damage|p2a: Alakazam|0 fnt\n|faint|p2a: Alakazam\n|move|p1b: Rotom|Overheat|p2b: Ninetales\n|-supereffective|p2b: Ninetales|1\n|-enditem|p2b: Ninetales|Focus Sash\n|-damage|p2b: Ninetales|1/100\n|-unboost|p1b: Rotom|spa|2\n|move|p2b: Ninetales|Blizzard|p1a: Ariados|[spread] p1a,p1b\n|-resisted|p1b: Rotom|1\n|-damage|p1a: Ariados|0 fnt\n|-damage|p1b: Rotom|66/100\n|faint|p1a: Ariados\n|\n|-weather|none\n|-fieldend|move: Trick Room\n|upkeep\n|-message|Quirkio forfeited.\n|\n|win|akfbcysoakeb\n|raw|akfbcysoakeb's rating: 1000 &rarr; <strong>1045</strong><br />(+45 for winning)\n|raw|Quirkio's rating: 1047 &rarr; <strong>1028</strong><br />(-19 for losing)\n|l|\u2606Quirkio\n|player|p2|\n",
  "uploadtime": 1776547147,
  "views": 23,
  "formatid": "gen9championsvgc2026regma",
  "rating": 1028,
  "private": 0,
  "password": null
}