{
  "id": "gen9championsvgc2026regma-2584434680",
  "format": "[Gen 9 Champions] VGC 2026 Reg M-A",
  "players": [
    "vnunesp12",
    "pomskash"
  ],
  "log": "|j|\u2606vnunesp12\n|j|\u2606pomskash\n|t:|1776260627\n|gametype|doubles\n|player|p1|vnunesp12|red|1133\n|player|p2|pomskash|101|1112\n|gen|9\n|tier|[Gen 9 Champions] VGC 2026 Reg M-A\n|rated|\n|rule|Species Clause: Limit one of each Pok\u00e9mon\n|rule|Item Clause: Limit 1 of each item\n|clearpoke\n|poke|p1|Froslass, L50, F|\n|poke|p1|Sneasler, L50, F|\n|poke|p1|Kingambit, L50, M|\n|poke|p1|Garchomp, L50, F|\n|poke|p1|Talonflame, L50, M|\n|poke|p1|Primarina, L50, M|\n|poke|p2|Garchomp, L50, F|\n|poke|p2|Whimsicott, L50, M|\n|poke|p2|Clefable, L50, F|\n|poke|p2|Lopunny, L50, F|\n|poke|p2|Incineroar, L50, M|\n|poke|p2|Gengar, L50, F|\n|teampreview|4\n|inactive|Battle timer is ON: inactive players will automatically lose when time's up. (requested by vnunesp12)\n|\n|t:|1776260661\n|teamsize|p1|4\n|teamsize|p2|4\n|start\n|switch|p1a: Caio Alexandre|Talonflame, L50, M|100/100\n|switch|p1b: Everaldo|Froslass, L50, F|100/100\n|switch|p2a: Garchomp|Garchomp, L50, F|100/100\n|switch|p2b: Whimsicott|Whimsicott, L50, M|100/100\n|turn|1\n|inactive|pomskash has 30 seconds left.\n|inactive|pomskash has 20 seconds left.\n|inactive|pomskash has 15 seconds left.\n|inactive|pomskash has 10 seconds left.\n|\n|t:|1776260710\n|switch|p2a: Incineroar|Incineroar, L50, M|100/100\n|-ability|p2a: Incineroar|Intimidate|boost\n|-unboost|p1a: Caio Alexandre|atk|1\n|-unboost|p1b: Everaldo|atk|1\n|detailschange|p1b: Everaldo|Froslass-Mega, L50, F\n|-mega|p1b: Everaldo|Froslass|Froslassite\n|-weather|Snowscape|[from] ability: Snow Warning|[of] p1b: Everaldo\n|move|p1a: Caio Alexandre|Tailwind|p1a: Caio Alexandre\n|-sidestart|p1: vnunesp12|move: Tailwind\n|move|p2b: Whimsicott|Taunt|p1a: Caio Alexandre\n|-start|p1a: Caio Alexandre|move: Taunt\n|move|p1b: Everaldo|Blizzard|p2a: Incineroar|[spread] p2a,p2b\n|-resisted|p2a: Incineroar|1\n|-supereffective|p2b: Whimsicott|1\n|-damage|p2a: Incineroar|82/100\n|-damage|p2b: Whimsicott|13/100\n|\n|-weather|Snowscape|[upkeep]\n|upkeep\n|turn|2\n|inactive|vnunesp12 has 30 seconds left.\n|inactive|pomskash has 30 seconds left.\n|inactive|vnunesp12 has 20 seconds left.\n|\n|t:|1776260747\n|move|p1b: Everaldo|Protect|p1b: Everaldo\n|-singleturn|p1b: Everaldo|Protect\n|move|p1a: Caio Alexandre|Brave Bird|p2b: Whimsicott\n|-supereffective|p2b: Whimsicott|1\n|-damage|p2b: Whimsicott|0 fnt\n|faint|p2b: Whimsicott\n|-damage|p1a: Caio Alexandre|97/100|[from] Recoil\n|move|p2a: Incineroar|Flare Blitz|p1b: Everaldo\n|-activate|p1b: Everaldo|move: Protect\n|\n|-weather|Snowscape|[upkeep]\n|upkeep\n|\n|t:|1776260756\n|switch|p2b: Lopunny|Lopunny, L50, F|100/100\n|turn|3\n|inactive|vnunesp12 has 30 seconds left.\n|\n|t:|1776260788\n|switch|p1a: Erick|Kingambit, L50, M|100/100\n|detailschange|p2b: Lopunny|Lopunny-Mega, L50, F\n|-mega|p2b: Lopunny|Lopunny|Lopunnite\n|move|p2b: Lopunny|Fake Out|p1a: Erick\n|-resisted|p1a: Erick|1\n|-damage|p1a: Erick|92/100\n|move|p1b: Everaldo|Blizzard|p2b: Lopunny|[spread] p2a,p2b\n|-resisted|p2a: Incineroar|1\n|-damage|p2a: Incineroar|61/100\n|-damage|p2b: Lopunny|41/100\n|move|p2a: Incineroar|Flare Blitz|p1b: Everaldo\n|-supereffective|p1b: Everaldo|1\n|-damage|p1b: Everaldo|0 fnt\n|faint|p1b: Everaldo\n|-damage|p2a: Incineroar|33/100|[from] Recoil\n|-enditem|p2a: Incineroar|Sitrus Berry|[eat]\n|-heal|p2a: Incineroar|58/100|[from] item: Sitrus Berry\n|\n|-weather|Snowscape|[upkeep]\n|upkeep\n|\n|t:|1776260810\n|switch|p1b: Caio Alexandre|Talonflame, L50, M|97/100\n|turn|4\n|\n|t:|1776260834\n|switch|p2b: Garchomp|Garchomp, L50, F|100/100\n|move|p1b: Caio Alexandre|Brave Bird|p2b: Garchomp\n|-damage|p2b: Garchomp|66/100\n|-damage|p1b: Caio Alexandre|84/100|[from] ability: Rough Skin|[of] p2b: Garchomp\n|-damage|p1b: Caio Alexandre|73/100|[from] Recoil\n|move|p1a: Erick|Iron Head|p2b: Garchomp\n|-crit|p2b: Garchomp\n|-damage|p2b: Garchomp|0 fnt\n|-damage|p1a: Erick|80/100|[from] ability: Rough Skin|[of] p2b: Garchomp\n|faint|p2b: Garchomp\n|move|p2a: Incineroar|Flare Blitz|p1a: Erick\n|-supereffective|p1a: Erick|1\n|-damage|p1a: Erick|0 fnt\n|faint|p1a: Erick\n|-damage|p2a: Incineroar|26/100|[from] Recoil\n|\n|-weather|Snowscape|[upkeep]\n|-sideend|p1: vnunesp12|move: Tailwind\n|upkeep\n|\n|t:|1776260855\n|switch|p2b: Lopunny|Lopunny-Mega, L50, F|41/100\n|switch|p1a: Sanabria|Primarina, L50, M|100/100\n|turn|5\n|inactive|pomskash has 30 seconds left.\n|inactive|pomskash has 20 seconds left.\n|inactive|pomskash has 15 seconds left.\n|inactive|pomskash has 10 seconds left.\n|inactive|pomskash has 5 seconds left.\n|\n|t:|1776260906\n|move|p1b: Caio Alexandre|Protect|p1b: Caio Alexandre\n|-singleturn|p1b: Caio Alexandre|Protect\n|move|p1a: Sanabria|Protect|p1a: Sanabria\n|-singleturn|p1a: Sanabria|Protect\n|move|p2b: Lopunny|Fake Out|p1b: Caio Alexandre\n|-activate|p1b: Caio Alexandre|move: Protect\n|move|p2a: Incineroar|Flare Blitz|p1b: Caio Alexandre\n|-activate|p1b: Caio Alexandre|move: Protect\n|\n|-weather|none\n|upkeep\n|turn|6\n|\n|t:|1776260928\n|move|p1b: Caio Alexandre|Brave Bird|p2b: Lopunny\n|-supereffective|p2b: Lopunny|1\n|-damage|p2b: Lopunny|0 fnt\n|faint|p2b: Lopunny\n|-damage|p1b: Caio Alexandre|63/100|[from] Recoil\n|move|p2a: Incineroar|Flare Blitz|p1a: Sanabria\n|-resisted|p1a: Sanabria|1\n|-damage|p1a: Sanabria|71/100\n|-damage|p2a: Incineroar|16/100|[from] Recoil\n|move|p1a: Sanabria|Hyper Voice|p2a: Incineroar\n|-supereffective|p2a: Incineroar|1\n|-damage|p2a: Incineroar|0 fnt\n|faint|p2a: Incineroar\n|\n|win|vnunesp12\n|raw|vnunesp12's rating: 1133 &rarr; <strong>1156</strong><br />(+23 for winning)\n|raw|pomskash's rating: 1112 &rarr; <strong>1089</strong><br />(-23 for losing)\n|l|\u2606pomskash\n|player|p2|\n",
  "uploadtime": 1776260944,
  "views": 26,
  "formatid": "gen9championsvgc2026regma",
  "rating": 1089,
  "private": 0,
  "password": null
}