{
  "id": "gen9championsvgc2026regma-2587016633",
  "format": "[Gen 9 Champions] VGC 2026 Reg M-A",
  "players": [
    "Captain Clean 13",
    "MatchmeUp"
  ],
  "log": "|j|\u2606Captain Clean 13\n|j|\u2606MatchmeUp\n|t:|1776481579\n|gametype|doubles\n|player|p1|Captain Clean 13|steven|1180\n|player|p2|MatchmeUp|101|1131\n|gen|9\n|tier|[Gen 9 Champions] VGC 2026 Reg M-A\n|rated|\n|rule|Species Clause: Limit one of each Pok\u00e9mon\n|rule|Item Clause: Limit 1 of each item\n|clearpoke\n|poke|p1|Glimmora, L50, M|\n|poke|p1|Sinistcha, L50|\n|poke|p1|Whimsicott, L50, F|\n|poke|p1|Charizard, L50, M|\n|poke|p1|Samurott-Hisui, L50, M|\n|poke|p1|Sylveon, L50, M|\n|poke|p2|Excadrill, L50, F|\n|poke|p2|Primarina, L50, F|\n|poke|p2|Tyranitar, L50, F|\n|poke|p2|Incineroar, L50, M|\n|poke|p2|Sinistcha, L50|\n|poke|p2|Corviknight, L50, F|\n|teampreview|4\n|inactive|Battle timer is ON: inactive players will automatically lose when time's up. (requested by Captain Clean 13)\n|c|\u2606Captain Clean 13|Glhf!\n|inactive|Captain Clean 13 has 60 seconds left.\n|inactive|MatchmeUp has 60 seconds left.\n|\n|t:|1776481620\n|teamsize|p1|4\n|teamsize|p2|4\n|start\n|switch|p1a: Glimmora|Glimmora, L50, M|100/100\n|switch|p1b: Samurott|Samurott-Hisui, L50, M|100/100\n|switch|p2a: Corviknight|Corviknight, L50, F|100/100\n|switch|p2b: Incineroar|Incineroar, L50, M|100/100\n|-ability|p2b: Incineroar|Intimidate|boost\n|-unboost|p1a: Glimmora|atk|1\n|-unboost|p1b: Samurott|atk|1\n|turn|1\n|inactive|Captain Clean 13 has 30 seconds left.\n|inactive|MatchmeUp has 30 seconds left.\n|inactive|MatchmeUp has 20 seconds left.\n|inactive|Captain Clean 13 has 20 seconds left.\n|inactive|MatchmeUp has 15 seconds left.\n|inactive|Captain Clean 13 has 15 seconds left.\n|\n|t:|1776481673\n|detailschange|p1a: Glimmora|Glimmora-Mega, L50, M\n|-mega|p1a: Glimmora|Glimmora|Glimmoranite\n|move|p1b: Samurott|Upper Hand|p2b: Incineroar\n|-supereffective|p2b: Incineroar|1\n|-crit|p2b: Incineroar\n|-damage|p2b: Incineroar|40/100\n|cant|p2b: Incineroar|flinch\n|move|p1a: Glimmora|Power Gem|p2a: Corviknight\n|-damage|p2a: Corviknight|44/100\n|move|p2a: Corviknight|Tailwind|p2a: Corviknight\n|-sidestart|p2: MatchmeUp|move: Tailwind\n|\n|-heal|p2a: Corviknight|50/100|[from] item: Leftovers\n|upkeep\n|turn|2\n|inactive|Captain Clean 13 has 30 seconds left.\n|inactive|MatchmeUp has 30 seconds left.\n|\n|t:|1776481704\n|switch|p2a: Sinistcha|Sinistcha, L50|100/100\n|-heal|p2b: Incineroar|65/100|[from] ability: Hospitality|[of] p2a: Sinistcha\n|switch|p1b: Whimsicott|Whimsicott, L50, F|100/100\n|move|p1a: Glimmora|Spiky Shield|p1a: Glimmora\n|-singleturn|p1a: Glimmora|move: Protect\n|move|p2b: Incineroar|Parting Shot|p1a: Glimmora\n|-activate|p1a: Glimmora|move: Protect\n|\n|upkeep\n|turn|3\n|inactive|Captain Clean 13 has 30 seconds left.\n|\n|t:|1776481731\n|move|p1b: Whimsicott|Tailwind|p1b: Whimsicott\n|-sidestart|p1: Captain Clean 13|move: Tailwind\n|move|p1a: Glimmora|Power Gem|p2b: Incineroar\n|-supereffective|p2b: Incineroar|1\n|-damage|p2b: Incineroar|0 fnt\n|faint|p2b: Incineroar\n|move|p2a: Sinistcha|Matcha Gotcha|p1b: Whimsicott|[spread] p1a,p1b\n|-crit|p1a: Glimmora\n|-resisted|p1b: Whimsicott|1\n|-crit|p1b: Whimsicott\n|-damage|p1a: Glimmora|62/100\n|-damage|p1b: Whimsicott|70/100\n|\n|upkeep\n|\n|t:|1776481743\n|switch|p2b: Tyranitar|Tyranitar, L50, F|100/100\n|-weather|Sandstorm|[from] ability: Sand Stream|[of] p2b: Tyranitar\n|turn|4\n|\n|t:|1776481755\n|move|p1b: Whimsicott|Sunny Day|p1b: Whimsicott\n|-weather|SunnyDay\n|move|p1a: Glimmora|Power Gem|p2a: Sinistcha\n|-damage|p2a: Sinistcha|21/100\n|-enditem|p2a: Sinistcha|Sitrus Berry|[eat]\n|-heal|p2a: Sinistcha|46/100|[from] item: Sitrus Berry\n|move|p2b: Tyranitar|Rock Slide|p1a: Glimmora|[spread] p1a,p1b\n|-damage|p1a: Glimmora|33/100\n|-damage|p1b: Whimsicott|22/100\n|move|p2a: Sinistcha|Matcha Gotcha|p1b: Whimsicott|[spread] p1a,p1b\n|-resisted|p1b: Whimsicott|1\n|-damage|p1a: Glimmora|8/100\n|-heal|p2a: Sinistcha|59/100|[from] drain|[of] p1a: Glimmora\n|-damage|p1b: Whimsicott|1/100\n|-heal|p2a: Sinistcha|67/100|[from] drain|[of] p1b: Whimsicott\n|-status|p1a: Glimmora|brn\n|-status|p1b: Whimsicott|brn\n|\n|-weather|SunnyDay|[upkeep]\n|-damage|p1b: Whimsicott|0 fnt|[from] brn\n|faint|p1b: Whimsicott\n|-damage|p1a: Glimmora|2/100 brn|[from] brn\n|-sideend|p2: MatchmeUp|move: Tailwind\n|upkeep\n|c|\u2606Captain Clean 13|Haha\n|\n|t:|1776481780\n|switch|p1b: Samurott|Samurott-Hisui, L50, M|100/100\n|turn|5\n|\n|t:|1776481800\n|switch|p2a: Corviknight|Corviknight, L50, F|50/100\n|move|p2b: Tyranitar|Protect|p2b: Tyranitar\n|-singleturn|p2b: Tyranitar|Protect\n|move|p1a: Glimmora|Power Gem|p2a: Corviknight\n|-damage|p2a: Corviknight|0 fnt\n|faint|p2a: Corviknight\n|move|p1b: Samurott|Razor Shell|p2b: Tyranitar\n|-activate|p2b: Tyranitar|move: Protect\n|\n|-weather|SunnyDay|[upkeep]\n|-damage|p1a: Glimmora|0 fnt|[from] brn\n|faint|p1a: Glimmora\n|upkeep\n|\n|t:|1776481814\n|switch|p1a: Sinistcha|Sinistcha, L50|100/100\n|switch|p2a: Sinistcha|Sinistcha, L50|67/100\n|turn|6\n|\n|t:|1776481828\n|detailschange|p2b: Tyranitar|Tyranitar-Mega, L50, F\n|-mega|p2b: Tyranitar|Tyranitar|Tyranitarite\n|-weather|Sandstorm|[from] ability: Sand Stream|[of] p2b: Tyranitar\n|move|p1b: Samurott|Ceaseless Edge|p2a: Sinistcha\n|-supereffective|p2a: Sinistcha|1\n|-damage|p2a: Sinistcha|0 fnt\n|-sidestart|p2: MatchmeUp|Spikes\n|faint|p2a: Sinistcha\n|move|p1a: Sinistcha|Matcha Gotcha|p2b: Tyranitar\n|-supereffective|p2b: Tyranitar|1\n|-damage|p2b: Tyranitar|69/100\n|move|p2b: Tyranitar|Crunch|p1a: Sinistcha\n|-supereffective|p1a: Sinistcha|1\n|-damage|p1a: Sinistcha|9/100\n|-enditem|p1a: Sinistcha|Sitrus Berry|[eat]\n|-heal|p1a: Sinistcha|34/100|[from] item: Sitrus Berry\n|\n|-weather|Sandstorm|[upkeep]\n|-damage|p1b: Samurott|94/100|[from] Sandstorm\n|-damage|p1a: Sinistcha|28/100|[from] Sandstorm\n|-sideend|p1: Captain Clean 13|move: Tailwind\n|upkeep\n|turn|7\n|\n|t:|1776481848\n|move|p1b: Samurott|Razor Shell|p2b: Tyranitar\n|-supereffective|p2b: Tyranitar|1\n|-damage|p2b: Tyranitar|2/100\n|move|p2b: Tyranitar|Rock Slide|p1b: Samurott|[spread] p1a,p1b\n|-damage|p1a: Sinistcha|0 fnt\n|-damage|p1b: Samurott|56/100\n|faint|p1a: Sinistcha\n|\n|-weather|Sandstorm|[upkeep]\n|-damage|p1b: Samurott|50/100|[from] Sandstorm\n|upkeep\n|turn|8\n|\n|t:|1776481862\n|move|p1b: Samurott|Razor Shell|p2b: Tyranitar|[miss]\n|-miss|p1b: Samurott|p2b: Tyranitar\n|move|p2b: Tyranitar|Low Kick|p1b: Samurott\n|-supereffective|p1b: Samurott|1\n|-damage|p1b: Samurott|0 fnt\n|faint|p1b: Samurott\n|\n|win|MatchmeUp\n|raw|Captain Clean 13's rating: 1180 &rarr; <strong>1151</strong><br />(-29 for losing)\n|raw|MatchmeUp's rating: 1131 &rarr; <strong>1160</strong><br />(+29 for winning)\n|c|\u2606Captain Clean 13|Earned\n",
  "uploadtime": 1776481894,
  "views": 15,
  "formatid": "gen9championsvgc2026regma",
  "rating": 1151,
  "private": 0,
  "password": null
}