{
  "id": "gen9championsvgc2026regma-2587296953",
  "format": "[Gen 9 Champions] VGC 2026 Reg M-A",
  "players": [
    "isabellissima",
    "MaknussiYksi"
  ],
  "log": "|j|\u2606isabellissima\n|j|\u2606MaknussiYksi\n|t:|1776519467\n|gametype|doubles\n|player|p1|isabellissima|265|1330\n|player|p2|MaknussiYksi|clair|1402\n|gen|9\n|tier|[Gen 9 Champions] VGC 2026 Reg M-A\n|rated|\n|rule|Species Clause: Limit one of each Pok\u00e9mon\n|rule|Item Clause: Limit 1 of each item\n|clearpoke\n|poke|p1|Incineroar, L50, F, shiny|\n|poke|p1|Gengar, L50, M, shiny|\n|poke|p1|Sneasler, L50, F|\n|poke|p1|Maushold-Four, L50|\n|poke|p1|Kommo-o, L50, M, shiny|\n|poke|p1|Politoed, L50, M, shiny|\n|poke|p2|Delphox, L50, M|\n|poke|p2|Tyranitar, L50, M|\n|poke|p2|Excadrill, L50, F|\n|poke|p2|Rotom-Wash, L50|\n|poke|p2|Sinistcha, L50|\n|poke|p2|Crabominable, L50, M|\n|teampreview|4\n|inactive|Battle timer is ON: inactive players will automatically lose when time's up. (requested by isabellissima)\nisabellissima rejected open team sheets.\n|\n|t:|1776519499\n|teamsize|p1|4\n|teamsize|p2|4\n|start\n|switch|p1a: Incineroar|Incineroar, L50, F, shiny|100/100\n|switch|p1b: Gengar|Gengar, L50, M, shiny|100/100\n|switch|p2a: Delphox|Delphox, L50, M|100/100\n|switch|p2b: Rotom|Rotom-Wash, L50|100/100\n|-ability|p1a: Incineroar|Intimidate|boost\n|-unboost|p2a: Delphox|atk|1\n|-unboost|p2b: Rotom|atk|1\n|turn|1\n|\n|t:|1776519519\n|detailschange|p2a: Delphox|Delphox-Mega, L50, M\n|-mega|p2a: Delphox|Delphox|Delphoxite\n|detailschange|p1b: Gengar|Gengar-Mega, L50, M, shiny\n|-mega|p1b: Gengar|Gengar|Gengarite\n|move|p2a: Delphox|Protect|p2a: Delphox\n|-singleturn|p2a: Delphox|Protect\n|move|p1a: Incineroar|Fake Out|p2a: Delphox\n|-activate|p2a: Delphox|move: Protect\n|move|p2b: Rotom|Hydro Pump|p1a: Incineroar\n|-supereffective|p1a: Incineroar|1\n|-damage|p1a: Incineroar|7/100\n|-enditem|p1a: Incineroar|Sitrus Berry|[eat]\n|-heal|p1a: Incineroar|32/100|[from] item: Sitrus Berry\n|move|p1b: Gengar|Shadow Ball|p2a: Delphox\n|-activate|p2a: Delphox|move: Protect\n|\n|upkeep\n|turn|2\n|\n|t:|1776519544\n|move|p2b: Rotom|Hydro Pump|p1a: Incineroar\n|-supereffective|p1a: Incineroar|1\n|-damage|p1a: Incineroar|0 fnt\n|faint|p1a: Incineroar\n|move|p2a: Delphox|Psychic|p1b: Gengar\n|-supereffective|p1b: Gengar|1\n|-damage|p1b: Gengar|0 fnt\n|faint|p1b: Gengar\n|\n|upkeep\n|\n|t:|1776519552\n|switch|p1b: Sneasler|Sneasler, L50, F|100/100\n|switch|p1a: Politoed|Politoed, L50, M, shiny|100/100\n|-weather|RainDance|[from] ability: Drizzle|[of] p1a: Politoed\n|turn|3\n|\n|t:|1776519561\n|move|p2a: Delphox|Protect|p2a: Delphox\n|-singleturn|p2a: Delphox|Protect\n|move|p1b: Sneasler|Fake Out|p2b: Rotom\n|-damage|p2b: Rotom|79/100\n|cant|p2b: Rotom|flinch\n|move|p1a: Politoed|Weather Ball|p2a: Delphox\n|-activate|p2a: Delphox|move: Protect\n|\n|-weather|RainDance|[upkeep]\n|upkeep\n|turn|4\n|\n|t:|1776519585\n|switch|p2a: Tyranitar|Tyranitar, L50, M|100/100\n|-weather|Sandstorm|[from] ability: Sand Stream|[of] p2a: Tyranitar\n|move|p1b: Sneasler|Protect|p1b: Sneasler\n|-singleturn|p1b: Sneasler|Protect\n|move|p2b: Rotom|Hydro Pump|p1b: Sneasler\n|-activate|p1b: Sneasler|move: Protect\n|move|p1a: Politoed|Weather Ball|p2a: Tyranitar\n|-damage|p2a: Tyranitar|89/100\n|\n|-weather|Sandstorm|[upkeep]\n|-damage|p2b: Rotom|74/100|[from] Sandstorm\n|-damage|p1b: Sneasler|95/100|[from] Sandstorm\n|-damage|p1a: Politoed|94/100|[from] Sandstorm\n|-heal|p1a: Politoed|100/100|[from] item: Leftovers\n|upkeep\n|turn|5\n|inactive|isabellissima has 30 seconds left.\n|\n|t:|1776519610\n|switch|p2b: Excadrill|Excadrill, L50, F|100/100\n|move|p1a: Politoed|Protect|p1a: Politoed\n|-singleturn|p1a: Politoed|Protect\n|move|p2a: Tyranitar|Protect|p2a: Tyranitar\n|-singleturn|p2a: Tyranitar|Protect\n|move|p1b: Sneasler|Close Combat|p2a: Tyranitar\n|-activate|p2a: Tyranitar|move: Protect\n|\n|-weather|Sandstorm|[upkeep]\n|-damage|p1b: Sneasler|89/100|[from] Sandstorm\n|-damage|p1a: Politoed|94/100|[from] Sandstorm\n|-heal|p1a: Politoed|100/100|[from] item: Leftovers\n|upkeep\n|turn|6\n|\n|t:|1776519623\n|move|p1b: Sneasler|Protect|p1b: Sneasler\n|-singleturn|p1b: Sneasler|Protect\n|move|p2b: Excadrill|High Horsepower|p1b: Sneasler\n|-activate|p1b: Sneasler|move: Protect\n|move|p1a: Politoed|Encore|p2a: Tyranitar\n|-start|p2a: Tyranitar|Encore\n|move|p2a: Tyranitar|Protect||[still]\n|-fail|p2a: Tyranitar\n|\n|-weather|Sandstorm|[upkeep]\n|-damage|p1b: Sneasler|83/100|[from] Sandstorm\n|-damage|p1a: Politoed|94/100|[from] Sandstorm\n|-heal|p1a: Politoed|100/100|[from] item: Leftovers\n|upkeep\n|turn|7\n|\n|t:|1776519647\n|switch|p2a: Rotom|Rotom-Wash, L50|74/100\n|move|p2b: Excadrill|High Horsepower|p1b: Sneasler\n|-supereffective|p1b: Sneasler|1\n|-damage|p1b: Sneasler|0 fnt\n|faint|p1b: Sneasler\n|move|p1a: Politoed|Weather Ball|p2b: Excadrill\n|-resisted|p2b: Excadrill|2\n|-damage|p2b: Excadrill|94/100\n|\n|-weather|Sandstorm|[upkeep]\n|-damage|p2a: Rotom|68/100|[from] Sandstorm\n|-damage|p1a: Politoed|94/100|[from] Sandstorm\n|-heal|p1a: Politoed|100/100|[from] item: Leftovers\n|upkeep\n|turn|8\n|-message|isabellissima forfeited.\n|\n|win|MaknussiYksi\n|raw|isabellissima's rating: 1330 &rarr; <strong>1314</strong><br />(-16 for losing)\n|raw|MaknussiYksi's rating: 1402 &rarr; <strong>1418</strong><br />(+16 for winning)\n",
  "uploadtime": 1776519659,
  "views": 31,
  "formatid": "gen9championsvgc2026regma",
  "rating": 1314,
  "private": 0,
  "password": null
}