{
  "id": "gen9championsvgc2026regma-2583106711",
  "format": "[Gen 9 Champions] VGC 2026 Reg M-A",
  "players": [
    "Whatever0512",
    "WeAreAllWrong"
  ],
  "log": "|j|\u2606Whatever0512\n|j|\u2606WeAreAllWrong\n|t:|1776142754\n|gametype|doubles\n|player|p1|Whatever0512|170|1141\n|player|p2|WeAreAllWrong|pokemaniac|1096\n|gen|9\n|tier|[Gen 9 Champions] VGC 2026 Reg M-A\n|rated|\n|rule|Species Clause: Limit one of each Pok\u00e9mon\n|rule|Item Clause: Limit 1 of each item\n|clearpoke\n|poke|p1|Gengar, L50, F|\n|poke|p1|Incineroar, L50, F|\n|poke|p1|Kommo-o, L50, F|\n|poke|p1|Sinistcha, L50|\n|poke|p1|Politoed, L50, M|\n|poke|p1|Corviknight, L50, F|\n|poke|p2|Charizard, L50, F|\n|poke|p2|Torkoal, L50, F|\n|poke|p2|Venusaur, L50, M|\n|poke|p2|Farigiraf, L50, F|\n|poke|p2|Sneasler, L50, F|\n|poke|p2|Heliolisk, L50, F|\n|teampreview|4\n|\n|t:|1776142808\n|teamsize|p1|4\n|teamsize|p2|4\n|start\n|switch|p1a: Gengar|Gengar, L50, F|100/100\n|switch|p1b: Incineroar|Incineroar, L50, F|100/100\n|switch|p2a: Torkoal|Torkoal, L50, F, shiny|100/100\n|switch|p2b: Farigiraf|Farigiraf, L50, F, shiny|100/100\n|-ability|p1b: Incineroar|Intimidate|boost\n|-unboost|p2a: Torkoal|atk|1\n|-unboost|p2b: Farigiraf|atk|1\n|-weather|SunnyDay|[from] ability: Drought|[of] p2a: Torkoal\n|turn|1\n|inactive|Battle timer is ON: inactive players will automatically lose when time's up. (requested by WeAreAllWrong)\n|\n|t:|1776142831\n|detailschange|p1a: Gengar|Gengar-Mega, L50, F\n|-mega|p1a: Gengar|Gengar|Gengarite\n|move|p2a: Torkoal|Protect|p2a: Torkoal\n|-singleturn|p2a: Torkoal|Protect\n|move|p1a: Gengar|Sludge Bomb|p2b: Farigiraf\n|-damage|p2b: Farigiraf|57/100\n|move|p1b: Incineroar|Throat Chop|p2b: Farigiraf\n|-supereffective|p2b: Farigiraf|1\n|-damage|p2b: Farigiraf|1/100\n|-start|p2b: Farigiraf|Throat Chop|[silent]\n|-enditem|p2b: Farigiraf|Sitrus Berry|[eat]\n|-heal|p2b: Farigiraf|26/100|[from] item: Sitrus Berry\n|move|p2b: Farigiraf|Trick Room|p2b: Farigiraf\n|-fieldstart|move: Trick Room|[of] p2b: Farigiraf\n|\n|-weather|SunnyDay|[upkeep]\n|upkeep\n|turn|2\n|inactive|Whatever0512 has 30 seconds left.\n|\n|t:|1776142859\n|switch|p1a: Politoed|Politoed, L50, M|100/100\n|-weather|RainDance|[from] ability: Drizzle|[of] p1a: Politoed\n|move|p2a: Torkoal|Eruption|p1a: Politoed|[spread] p1a,p1b\n|-resisted|p1a: Politoed|1\n|-resisted|p1b: Incineroar|1\n|-damage|p1a: Politoed|84/100\n|-damage|p1b: Incineroar|89/100\n|move|p2b: Farigiraf|Psychic|p1a: Politoed\n|-damage|p1a: Politoed|43/100\n|move|p1b: Incineroar|Throat Chop|p2b: Farigiraf\n|-supereffective|p2b: Farigiraf|1\n|-damage|p2b: Farigiraf|0 fnt\n|faint|p2b: Farigiraf\n|\n|-weather|RainDance|[upkeep]\n|upkeep\n|\n|t:|1776142869\n|switch|p2b: Charizard|Charizard, L50, F, shiny|100/100\n|turn|3\n|\n|t:|1776142885\n|switch|p1a: Kommo-o|Kommo-o, L50, F|100/100\n|move|p2b: Charizard|Protect|p2b: Charizard\n|-singleturn|p2b: Charizard|Protect\n|move|p2a: Torkoal|Weather Ball|p1b: Incineroar\n|-supereffective|p1b: Incineroar|1\n|-damage|p1b: Incineroar|17/100\n|-enditem|p1b: Incineroar|Sitrus Berry|[eat]\n|-heal|p1b: Incineroar|42/100|[from] item: Sitrus Berry\n|move|p1b: Incineroar|Parting Shot|p2a: Torkoal\n|-unboost|p2a: Torkoal|atk|1\n|-unboost|p2a: Torkoal|spa|1\n|\n|t:|1776142900\n|switch|p1b: Gengar|Gengar-Mega, L50, F|100/100|[from] Parting Shot\n|\n|-weather|RainDance|[upkeep]\n|upkeep\n|turn|4\n|inactive|Whatever0512 has 30 seconds left.\n|\n|t:|1776142929\n|detailschange|p2b: Charizard|Charizard-Mega-Y, L50, F, shiny\n|-mega|p2b: Charizard|Charizard|Charizardite Y\n|-weather|SunnyDay|[from] ability: Drought|[of] p2b: Charizard\n|move|p1b: Gengar|Protect|p1b: Gengar\n|-singleturn|p1b: Gengar|Protect\n|move|p2a: Torkoal|Eruption|p1a: Kommo-o|[spread] p1a\n|-activate|p1b: Gengar|move: Protect\n|-resisted|p1a: Kommo-o|1\n|-damage|p1a: Kommo-o|74/100\n|move|p1a: Kommo-o|Clangorous Soul|p1a: Kommo-o\n|-boost|p1a: Kommo-o|atk|1\n|-boost|p1a: Kommo-o|def|1\n|-boost|p1a: Kommo-o|spa|1\n|-boost|p1a: Kommo-o|spd|1\n|-boost|p1a: Kommo-o|spe|1\n|-damage|p1a: Kommo-o|41/100\n|move|p2b: Charizard|Heat Wave|p1a: Kommo-o|[spread] p1a\n|-activate|p1b: Gengar|move: Protect\n|-resisted|p1a: Kommo-o|1\n|-damage|p1a: Kommo-o|19/100\n|\n|-weather|SunnyDay|[upkeep]\n|-heal|p1a: Kommo-o|25/100|[from] item: Leftovers\n|upkeep\n|turn|5\n|inactive|Whatever0512 has 30 seconds left.\n|inactive|WeAreAllWrong has 30 seconds left.\n|inactive|Whatever0512 has 20 seconds left.\n|inactive|Whatever0512 has 15 seconds left.\n|inactive|WeAreAllWrong has 20 seconds left.\n|inactive|WeAreAllWrong has 15 seconds left.\n|\n|t:|1776142976\n|switch|p1b: Incineroar|Incineroar, L50, F|42/100\n|-ability|p1b: Incineroar|Intimidate|boost\n|-unboost|p2a: Torkoal|atk|1\n|-unboost|p2b: Charizard|atk|1\n|move|p1a: Kommo-o|Protect|p1a: Kommo-o\n|-singleturn|p1a: Kommo-o|Protect\n|move|p2a: Torkoal|Eruption|p1b: Incineroar|[spread] p1b\n|-activate|p1a: Kommo-o|move: Protect\n|-resisted|p1b: Incineroar|1\n|-damage|p1b: Incineroar|17/100\n|move|p2b: Charizard|Heat Wave|p1a: Kommo-o|[spread] p1b\n|-activate|p1a: Kommo-o|move: Protect\n|-resisted|p1b: Incineroar|1\n|-damage|p1b: Incineroar|0 fnt\n|faint|p1b: Incineroar\n|\n|-weather|SunnyDay|[upkeep]\n|-heal|p1a: Kommo-o|32/100|[from] item: Leftovers\n|-fieldend|move: Trick Room\n|upkeep\n|\n|t:|1776142981\n|switch|p1b: Politoed|Politoed, L50, M|43/100\n|-weather|RainDance|[from] ability: Drizzle|[of] p1b: Politoed\n|turn|6\n|\n|t:|1776142993\n|switch|p1b: Gengar|Gengar-Mega, L50, F|100/100\n|switch|p2b: Heliolisk|Heliolisk, L50, F|100/100\n|move|p2a: Torkoal|Protect|p2a: Torkoal\n|-singleturn|p2a: Torkoal|Protect\n|move|p1a: Kommo-o|Clanging Scales|p2a: Torkoal|[spread] p2b\n|-activate|p2a: Torkoal|move: Protect\n|-damage|p2b: Heliolisk|36/100\n|-unboost|p1a: Kommo-o|def|1\n|\n|-weather|RainDance|[upkeep]\n|-heal|p1a: Kommo-o|38/100|[from] item: Leftovers\n|upkeep\n|turn|7\n|inactive|WeAreAllWrong has 30 seconds left.\n|inactive|WeAreAllWrong has 20 seconds left.\n|\n|t:|1776143029\n|move|p2b: Heliolisk|Volt Switch|p1b: Gengar\n|-damage|p1b: Gengar|61/100\n|\n|t:|1776143034\n|switch|p2b: Charizard|Charizard-Mega-Y, L50, F, shiny|100/100|[from] Volt Switch\n|-weather|SunnyDay|[from] ability: Drought|[of] p2b: Charizard\n|move|p1a: Kommo-o|Clanging Scales|p2a: Torkoal|[spread] p2a,p2b\n|-damage|p2a: Torkoal|37/100\n|-damage|p2b: Charizard|56/100\n|-unboost|p1a: Kommo-o|def|1\n|move|p1b: Gengar|Shadow Ball|p2a: Torkoal\n|-damage|p2a: Torkoal|0 fnt\n|faint|p2a: Torkoal\n|\n|-weather|SunnyDay|[upkeep]\n|-heal|p1a: Kommo-o|44/100|[from] item: Leftovers\n|upkeep\n|\n|t:|1776143045\n|switch|p2a: Heliolisk|Heliolisk, L50, F|36/100\n|turn|8\n|\n|t:|1776143067\n|move|p1b: Gengar|Protect|p1b: Gengar\n|-singleturn|p1b: Gengar|Protect\n|move|p2a: Heliolisk|Thunderbolt|p1b: Gengar\n|-activate|p1b: Gengar|move: Protect\n|move|p1a: Kommo-o|Clanging Scales|p2b: Charizard|[spread] p2a,p2b\n|-damage|p2a: Heliolisk|0 fnt\n|-damage|p2b: Charizard|9/100\n|faint|p2a: Heliolisk\n|-unboost|p1a: Kommo-o|def|1\n|move|p2b: Charizard|Heat Wave|p1a: Kommo-o|[spread] p1a\n|-activate|p1b: Gengar|move: Protect\n|-resisted|p1a: Kommo-o|1\n|-damage|p1a: Kommo-o|22/100\n|\n|-weather|SunnyDay|[upkeep]\n|-heal|p1a: Kommo-o|28/100|[from] item: Leftovers\n|upkeep\n|turn|9\n|-message|WeAreAllWrong forfeited.\n|\n|win|Whatever0512\n|raw|Whatever0512's rating: 1141 &rarr; <strong>1163</strong><br />(+22 for winning)\n|raw|WeAreAllWrong's rating: 1096 &rarr; <strong>1075</strong><br />(-21 for losing)\n|l|\u2606WeAreAllWrong\n|player|p2|\n",
  "uploadtime": 1776143090,
  "views": 38,
  "formatid": "gen9championsvgc2026regma",
  "rating": 1075,
  "private": 0,
  "password": null
}