{
  "id": "gen9championsvgc2026regma-2581316368",
  "format": "[Gen 9 Champions] VGC 2026 Reg M-A",
  "players": [
    "Cazarez",
    "disenchantedrando"
  ],
  "log": "|j|\u2606Cazarez\n|j|\u203ddisenchantedrando\n|t:|1775985652\n|gametype|doubles\n|player|p1|Cazarez|170|1138\n|player|p2|disenchantedrando|169|1171\n|gen|9\n|tier|[Gen 9 Champions] VGC 2026 Reg M-A\n|rated|\n|rule|Species Clause: Limit one of each Pok\u00e9mon\n|rule|Item Clause: Limit 1 of each item\n|clearpoke\n|poke|p1|Delphox, L50, F|\n|poke|p1|Whimsicott, L50, F|\n|poke|p1|Umbreon, L50, M|\n|poke|p1|Gyarados, L50, M|\n|poke|p1|Garchomp, L50, M|\n|poke|p1|Lucario, L50, M|\n|poke|p2|Incineroar, L50, M|\n|poke|p2|Farigiraf, L50, F|\n|poke|p2|Sinistcha, L50|\n|poke|p2|Kingambit, L50, M|\n|poke|p2|Conkeldurr, L50, M|\n|poke|p2|Pelipper, L50, M|\n|teampreview|4\n|inactive|Battle timer is ON: inactive players will automatically lose when time's up. (requested by disenchantedrando)\n|\n|t:|1775985751\n|teamsize|p1|4\n|teamsize|p2|4\n|start\n|switch|p1a: Delphox|Delphox, L50, F, shiny|100/100\n|switch|p1b: Umbreon|Umbreon, L50, M, shiny|100/100\n|switch|p2a: Farigiraf|Farigiraf, L50, F|100/100\n|switch|p2b: Incineroar|Incineroar, L50, M|100/100\n|-ability|p2b: Incineroar|Intimidate|boost\n|-unboost|p1a: Delphox|atk|1\n|-unboost|p1b: Umbreon|atk|1\n|turn|1\n|inactive|Cazarez has 30 seconds left.\n|inactive|Cazarez has 20 seconds left.\n|inactive|Cazarez has 15 seconds left.\n|\n|t:|1775985794\n|detailschange|p1a: Delphox|Delphox-Mega, L50, F, shiny\n|-mega|p1a: Delphox|Delphox|Delphoxite\n|move|p1a: Delphox|Protect|p1a: Delphox\n|-singleturn|p1a: Delphox|Protect\n|move|p2b: Incineroar|Fake Out|p1b: Umbreon\n|-damage|p1b: Umbreon|94/100\n|cant|p1b: Umbreon|flinch\n|move|p2a: Farigiraf|Trick Room|p2a: Farigiraf\n|-fieldstart|move: Trick Room|[of] p2a: Farigiraf\n|\n|-heal|p1b: Umbreon|99/100|[from] item: Leftovers\n|upkeep\n|turn|2\n|\n|t:|1775985817\n|switch|p1a: Gyarados|Gyarados, L50, M|100/100\n|-ability|p1a: Gyarados|Intimidate|boost\n|-unboost|p2a: Farigiraf|atk|1\n|-unboost|p2b: Incineroar|atk|1\n|move|p2a: Farigiraf|Hyper Voice|p1a: Gyarados|[spread] p1a,p1b\n|-damage|p1a: Gyarados|73/100\n|-damage|p1b: Umbreon|78/100\n|move|p2b: Incineroar|Darkest Lariat|p1a: Gyarados\n|-crit|p1a: Gyarados\n|-damage|p1a: Gyarados|24/100\n|move|p1b: Umbreon|Yawn|p2a: Farigiraf\n|-start|p2a: Farigiraf|move: Yawn|[of] p1b: Umbreon\n|\n|-heal|p1b: Umbreon|84/100|[from] item: Leftovers\n|upkeep\n|turn|3\n|\n|t:|1775985838\n|switch|p2a: Kingambit|Kingambit, L50, M|100/100\n|move|p1a: Gyarados|Protect|p1a: Gyarados\n|-singleturn|p1a: Gyarados|Protect\n|move|p2b: Incineroar|Flare Blitz|p1b: Umbreon\n|-damage|p1b: Umbreon|61/100\n|-damage|p2b: Incineroar|93/100|[from] Recoil\n|move|p1b: Umbreon|Snarl|p2b: Incineroar|[spread] p2a,p2b\n|-resisted|p2a: Kingambit|1\n|-resisted|p2b: Incineroar|1\n|-damage|p2a: Kingambit|96/100\n|-damage|p2b: Incineroar|89/100\n|-unboost|p2a: Kingambit|spa|1\n|-ability|p2a: Kingambit|Defiant|boost\n|-boost|p2a: Kingambit|atk|2\n|-unboost|p2b: Incineroar|spa|1\n|\n|-heal|p2b: Incineroar|95/100|[from] item: Leftovers\n|-heal|p1b: Umbreon|67/100|[from] item: Leftovers\n|upkeep\n|turn|4\n|inactive|Cazarez has 30 seconds left.\n|\n|t:|1775985872\n|switch|p1a: Garchomp|Garchomp, L50, M|100/100\n|move|p2a: Kingambit|Iron Head|p1b: Umbreon\n|-damage|p1b: Umbreon|10/100\n|move|p2b: Incineroar|Darkest Lariat|p1a: Garchomp\n|-damage|p1a: Garchomp|78/100\n|-damage|p2b: Incineroar|82/100|[from] ability: Rough Skin|[of] p1a: Garchomp\n|move|p1b: Umbreon|Yawn|p2a: Kingambit\n|-start|p2a: Kingambit|move: Yawn|[of] p1b: Umbreon\n|\n|-heal|p2b: Incineroar|88/100|[from] item: Leftovers\n|-heal|p1b: Umbreon|16/100|[from] item: Leftovers\n|upkeep\n|turn|5\n|inactive|Cazarez has 30 seconds left.\n|inactive|disenchantedrando has 30 seconds left.\n|inactive|Cazarez has 20 seconds left.\n|\n|t:|1775985909\n|switch|p2a: Farigiraf|Farigiraf, L50, F|100/100\n|switch|p1a: Gyarados|Gyarados, L50, M|24/100\n|-ability|p1a: Gyarados|Intimidate|boost\n|-unboost|p2a: Farigiraf|atk|1\n|-unboost|p2b: Incineroar|atk|1\n|move|p1b: Umbreon|Protect|p1b: Umbreon\n|-singleturn|p1b: Umbreon|Protect\n|move|p2b: Incineroar|Flare Blitz|p1b: Umbreon\n|-activate|p1b: Umbreon|move: Protect\n|\n|-heal|p2b: Incineroar|94/100|[from] item: Leftovers\n|-heal|p1b: Umbreon|22/100|[from] item: Leftovers\n|-fieldend|move: Trick Room\n|upkeep\n|turn|6\n|inactive|Cazarez has 30 seconds left.\n|inactive|Cazarez has 20 seconds left.\n|inactive|Cazarez has 15 seconds left.\n|inactive|Cazarez has 10 seconds left.\n|\n|t:|1775985957\n|switch|p1b: Garchomp|Garchomp, L50, M|78/100\n|move|p1a: Gyarados|Waterfall|p2b: Incineroar\n|-supereffective|p2b: Incineroar|1\n|-damage|p2b: Incineroar|46/100\n|move|p2b: Incineroar|Flare Blitz|p1b: Garchomp\n|-resisted|p1b: Garchomp|1\n|-damage|p1b: Garchomp|66/100\n|-damage|p2b: Incineroar|34/100|[from] ability: Rough Skin|[of] p1b: Garchomp\n|-damage|p2b: Incineroar|30/100|[from] Recoil\n|move|p2a: Farigiraf|Trick Room|p2a: Farigiraf\n|-fieldstart|move: Trick Room|[of] p2a: Farigiraf\n|\n|-heal|p2b: Incineroar|36/100|[from] item: Leftovers\n|upkeep\n|turn|7\n|inactive|disenchantedrando has 30 seconds left.\n|\n|t:|1775985986\n|move|p1a: Gyarados|Helping Hand|p1b: Garchomp\n|-singleturn|p1b: Garchomp|Helping Hand|[of] p1a: Gyarados\n|move|p2a: Farigiraf|Hyper Voice|p1a: Gyarados|[spread] p1a,p1b\n|-damage|p1a: Gyarados|0 fnt\n|-damage|p1b: Garchomp|26/100\n|faint|p1a: Gyarados\n|move|p2b: Incineroar|Darkest Lariat|p1b: Garchomp\n|-damage|p1b: Garchomp|10/100\n|-damage|p2b: Incineroar|24/100|[from] ability: Rough Skin|[of] p1b: Garchomp\n|move|p1b: Garchomp|Earthquake|p2a: Farigiraf|[spread] p2a,p2b\n|-supereffective|p2b: Incineroar|1\n|-damage|p2a: Farigiraf|42/100\n|-damage|p2b: Incineroar|0 fnt\n|faint|p2b: Incineroar\n|\n|upkeep\n|\n|t:|1775986006\n|switch|p2b: Pelipper|Pelipper, L50, M|100/100\n|switch|p1a: Umbreon|Umbreon, L50, M, shiny|22/100\n|-weather|RainDance|[from] ability: Drizzle|[of] p2b: Pelipper\n|turn|8\n|\n|t:|1775986021\n|move|p2b: Pelipper|Protect|p2b: Pelipper\n|-singleturn|p2b: Pelipper|Protect\n|move|p1a: Umbreon|Protect|p1a: Umbreon\n|-singleturn|p1a: Umbreon|Protect\n|move|p2a: Farigiraf|Hyper Voice|p1a: Umbreon|[spread] p1b\n|-activate|p1a: Umbreon|move: Protect\n|-damage|p1b: Garchomp|0 fnt\n|faint|p1b: Garchomp\n|\n|-weather|RainDance|[upkeep]\n|-heal|p1a: Umbreon|28/100|[from] item: Leftovers\n|upkeep\n|\n|t:|1775986034\n|switch|p1b: Delphox|Delphox-Mega, L50, F, shiny|100/100\n|turn|9\n|\n|t:|1775986043\n|move|p1b: Delphox|Protect|p1b: Delphox\n|-singleturn|p1b: Delphox|Protect\n|move|p2a: Farigiraf|Hyper Voice|p1a: Umbreon|[spread] p1a\n|-activate|p1b: Delphox|move: Protect\n|-damage|p1a: Umbreon|7/100\n|move|p2b: Pelipper|Weather Ball|p1b: Delphox\n|-activate|p1b: Delphox|move: Protect\n|move|p1a: Umbreon|Snarl|p2a: Farigiraf|[spread] p2a,p2b\n|-supereffective|p2a: Farigiraf|1\n|-damage|p2a: Farigiraf|24/100\n|-damage|p2b: Pelipper|88/100\n|-unboost|p2a: Farigiraf|spa|1\n|-unboost|p2b: Pelipper|spa|1\n|\n|-weather|RainDance|[upkeep]\n|-heal|p1a: Umbreon|13/100|[from] item: Leftovers\n|upkeep\n|turn|10\n|inactive|Cazarez has 30 seconds left.\n|inactive|Cazarez has 20 seconds left.\n|\n|t:|1775986082\n|move|p1a: Umbreon|Protect|p1a: Umbreon\n|-singleturn|p1a: Umbreon|Protect\n|move|p1b: Delphox|Protect|p1b: Delphox\n|-singleturn|p1b: Delphox|Protect\n|move|p2a: Farigiraf|Hyper Voice|p1a: Umbreon|[spread] \n|-activate|p1a: Umbreon|move: Protect\n|-activate|p1b: Delphox|move: Protect\n|move|p2b: Pelipper|Weather Ball|p1b: Delphox\n|-activate|p1b: Delphox|move: Protect\n|\n|-weather|RainDance|[upkeep]\n|-heal|p1a: Umbreon|19/100|[from] item: Leftovers\n|-fieldend|move: Trick Room\n|upkeep\n|turn|11\n|\n|t:|1775986103\n|move|p1a: Umbreon|Helping Hand|p1b: Delphox\n|-singleturn|p1b: Delphox|Helping Hand|[of] p1a: Umbreon\n|move|p1b: Delphox|Dazzling Gleam|p2a: Farigiraf|[spread] p2a,p2b\n|-damage|p2a: Farigiraf|0 fnt\n|-damage|p2b: Pelipper|39/100\n|faint|p2a: Farigiraf\n|move|p2b: Pelipper|Weather Ball|p1b: Delphox\n|-supereffective|p1b: Delphox|1\n|-damage|p1b: Delphox|10/100\n|\n|-weather|RainDance|[upkeep]\n|-heal|p1a: Umbreon|25/100|[from] item: Leftovers\n|upkeep\n|\n|t:|1775986114\n|switch|p2a: Kingambit|Kingambit, L50, M|96/100\n|turn|12\n|inactive|Cazarez has 30 seconds left.\n|inactive|disenchantedrando has 30 seconds left.\n|\n|t:|1775986139\n|move|p1b: Delphox|Protect|p1b: Delphox\n|-singleturn|p1b: Delphox|Protect\n|move|p1a: Umbreon|Yawn|p2a: Kingambit\n|-start|p2a: Kingambit|move: Yawn|[of] p1a: Umbreon\n|move|p2b: Pelipper|Hurricane|p1a: Umbreon\n|-damage|p1a: Umbreon|3/100\n|move|p2a: Kingambit|Kowtow Cleave|p1b: Delphox\n|-activate|p1b: Delphox|move: Protect\n|\n|-weather|none\n|-heal|p1a: Umbreon|9/100|[from] item: Leftovers\n|upkeep\n|turn|13\n|inactive|Cazarez has 30 seconds left.\n|inactive|disenchantedrando has 30 seconds left.\n|\n|t:|1775986169\n|move|p1a: Umbreon|Helping Hand|p1b: Delphox\n|-singleturn|p1b: Delphox|Helping Hand|[of] p1a: Umbreon\n|move|p1b: Delphox|Heat Wave|p2a: Kingambit|[spread] p2a,p2b\n|-supereffective|p2a: Kingambit|1\n|-resisted|p2b: Pelipper|1\n|-damage|p2a: Kingambit|0 fnt\n|-damage|p2b: Pelipper|0 fnt\n|faint|p2a: Kingambit\n|faint|p2b: Pelipper\n|\n|win|Cazarez\n|raw|Cazarez's rating: 1138 &rarr; <strong>1163</strong><br />(+25 for winning)\n|raw|disenchantedrando's rating: 1143 &rarr; <strong>1118</strong><br />(-25 for losing)\n|l|\u203ddisenchantedrando\n|player|p2|\n",
  "uploadtime": 1775986181,
  "views": 59,
  "formatid": "gen9championsvgc2026regma",
  "rating": 1118,
  "private": 0,
  "password": null
}