{
  "id": "gen9championsvgc2026regma-2581019231",
  "format": "[Gen 9 Champions] VGC 2026 Reg M-A",
  "players": [
    "changfandiao2026",
    "miseria010"
  ],
  "log": "|j|\u2606changfandiao2026\n|j|\u2606miseria010\n|t:|1775952275\n|gametype|doubles\n|player|p1|changfandiao2026|cynthia-gen4|1126\n|player|p2|miseria010|unknown|1202\n|gen|9\n|tier|[Gen 9 Champions] VGC 2026 Reg M-A\n|rated|\n|rule|Species Clause: Limit one of each Pok\u00e9mon\n|rule|Item Clause: Limit 1 of each item\n|clearpoke\n|poke|p1|Charizard, L50, F|\n|poke|p1|Incineroar, L50, F|\n|poke|p1|Whimsicott, L50, F|\n|poke|p1|Garchomp, L50, F|\n|poke|p1|Rotom-Wash, L50|\n|poke|p1|Sneasler, L50, F|\n|poke|p2|Charizard, L50, M|\n|poke|p2|Venusaur, L50, M|\n|poke|p2|Garchomp, L50, M|\n|poke|p2|Incineroar, L50, M|\n|poke|p2|Conkeldurr, L50, M|\n|poke|p2|Whimsicott, L50, F|\n|teampreview|4\n|inactive|Battle timer is ON: inactive players will automatically lose when time's up. (requested by changfandiao2026)\n|inactive|miseria010 has 60 seconds left.\n|\n|t:|1775952329\n|teamsize|p1|4\n|teamsize|p2|4\n|start\n|switch|p1a: Charizard|Charizard, L50, F|100/100\n|switch|p1b: Incineroar|Incineroar, L50, F|100/100\n|switch|p2a: Charizard|Charizard, L50, M, shiny|100/100\n|switch|p2b: Incineroar|Incineroar, L50, M, shiny|100/100\n|-ability|p2b: Incineroar|Intimidate|boost\n|-unboost|p1a: Charizard|atk|1\n|-unboost|p1b: Incineroar|atk|1\n|-ability|p1b: Incineroar|Intimidate|boost\n|-unboost|p2a: Charizard|atk|1\n|-unboost|p2b: Incineroar|atk|1\n|turn|1\n|l|\u2606changfandiao2026\n|inactive|changfandiao2026 disconnected and has a minute to reconnect!\n|player|p1|\n|inactive|changfandiao2026 has 30 seconds left.\n|j|\u2606changfandiao2026\n|inactive|changfandiao2026 reconnected and has 25 seconds left.\n|player|p1|changfandiao2026|cynthia-gen4|\n|inactive|changfandiao2026 has 20 seconds left.\n|inactive|changfandiao2026 has 15 seconds left.\n|\n|t:|1775952373\n|move|p2a: Charizard|Protect|p2a: Charizard\n|-singleturn|p2a: Charizard|Protect\n|move|p1a: Charizard|Protect|p1a: Charizard\n|-singleturn|p1a: Charizard|Protect\n|move|p2b: Incineroar|Parting Shot|p1a: Charizard\n|-activate|p1a: Charizard|move: Protect\n|move|p1b: Incineroar|Parting Shot|p2a: Charizard\n|-activate|p2a: Charizard|move: Protect\n|\n|upkeep\n|turn|2\n|inactive|miseria010 has 30 seconds left.\n|\n|t:|1775952399\n|detailschange|p2a: Charizard|Charizard-Mega-Y, L50, M, shiny\n|-mega|p2a: Charizard|Charizard|Charizardite Y\n|-weather|SunnyDay|[from] ability: Drought|[of] p2a: Charizard\n|detailschange|p1a: Charizard|Charizard-Mega-Y, L50, F\n|-mega|p1a: Charizard|Charizard|Charizardite Y\n|move|p2a: Charizard|Heat Wave|p1a: Charizard|[spread] p1a,p1b\n|-resisted|p1a: Charizard|1\n|-resisted|p1b: Incineroar|1\n|-damage|p1a: Charizard|71/100\n|-damage|p1b: Incineroar|65/100\n|move|p1a: Charizard|Heat Wave|p2b: Incineroar|[spread] p2b\n|-miss|p1a: Charizard|p2a: Charizard\n|-resisted|p2b: Incineroar|1\n|-damage|p2b: Incineroar|74/100\n|move|p2b: Incineroar|Parting Shot|p1a: Charizard\n|-unboost|p1a: Charizard|atk|1\n|-unboost|p1a: Charizard|spa|1\n|\n|t:|1775952412\n|switch|p2b: Garchomp|Garchomp, L50, M|100/100|[from] Parting Shot\n|move|p1b: Incineroar|Parting Shot|p2a: Charizard\n|-unboost|p2a: Charizard|atk|1\n|-unboost|p2a: Charizard|spa|1\n|\n|t:|1775952414\n|switch|p1b: Garchomp|Garchomp, L50, F|100/100|[from] Parting Shot\n|\n|-weather|SunnyDay|[upkeep]\n|upkeep\n|turn|3\n|inactive|miseria010 has 30 seconds left.\n|\n|t:|1775952441\n|switch|p2a: Incineroar|Incineroar, L50, M, shiny|74/100\n|-ability|p2a: Incineroar|Intimidate|boost\n|-unboost|p1a: Charizard|atk|1\n|-unboost|p1b: Garchomp|atk|1\n|switch|p1a: Whimsicott|Whimsicott, L50, F|100/100\n|move|p1b: Garchomp|Dragon Claw|p2b: Garchomp\n|-supereffective|p2b: Garchomp|1\n|-damage|p2b: Garchomp|41/100\n|-damage|p1b: Garchomp|88/100|[from] ability: Rough Skin|[of] p2b: Garchomp\n|move|p2b: Garchomp|Rock Slide|p1a: Whimsicott|[spread] p1a\n|-miss|p2b: Garchomp|p1b: Garchomp\n|-crit|p1a: Whimsicott\n|-damage|p1a: Whimsicott|59/100\n|\n|-weather|SunnyDay|[upkeep]\n|upkeep\n|turn|4\n|inactive|miseria010 has 30 seconds left.\n|\n|t:|1775952475\n|switch|p1b: Incineroar|Incineroar, L50, F|65/100\n|-ability|p1b: Incineroar|Intimidate|boost\n|-unboost|p2a: Incineroar|atk|1\n|-unboost|p2b: Garchomp|atk|1\n|-enditem|p2b: Garchomp|White Herb\n|-clearnegativeboost|p2b: Garchomp|[silent]\n|move|p2a: Incineroar|Fake Out|p1b: Incineroar\n|-damage|p1b: Incineroar|60/100\n|move|p1a: Whimsicott|Moonblast|p2b: Garchomp\n|-supereffective|p2b: Garchomp|1\n|-damage|p2b: Garchomp|0 fnt\n|faint|p2b: Garchomp\n|\n|-weather|SunnyDay|[upkeep]\n|upkeep\n|\n|t:|1775952480\n|switch|p2b: Conkeldurr|Conkeldurr, L50, M|100/100\n|turn|5\n|\n|t:|1775952493\n|move|p1a: Whimsicott|Moonblast|p2b: Conkeldurr\n|-supereffective|p2b: Conkeldurr|1\n|-enditem|p2b: Conkeldurr|Roseli Berry|[eat]\n|-enditem|p2b: Conkeldurr|Roseli Berry|[weaken]\n|-damage|p2b: Conkeldurr|68/100\n|move|p2a: Incineroar|Flare Blitz|p1a: Whimsicott\n|-supereffective|p1a: Whimsicott|1\n|-damage|p1a: Whimsicott|0 fnt\n|faint|p1a: Whimsicott\n|-damage|p2a: Incineroar|61/100|[from] Recoil\n|move|p1b: Incineroar|Parting Shot|p2a: Incineroar\n|-unboost|p2a: Incineroar|atk|1\n|-unboost|p2a: Incineroar|spa|1\n|\n|t:|1775952508\n|switch|p1b: Garchomp|Garchomp, L50, F|88/100|[from] Parting Shot\n|move|p2b: Conkeldurr|Drain Punch|p1b: Garchomp\n|-damage|p1b: Garchomp|38/100\n|-heal|p2b: Conkeldurr|90/100|[from] drain|[of] p1b: Garchomp\n|-damage|p2b: Conkeldurr|78/100|[from] ability: Rough Skin|[of] p1b: Garchomp\n|\n|-weather|SunnyDay|[upkeep]\n|upkeep\n|\n|t:|1775952515\n|switch|p1a: Charizard|Charizard-Mega-Y, L50, F|71/100\n|turn|6\n|\n|t:|1775952529\n|move|p2b: Conkeldurr|Protect|p2b: Conkeldurr\n|-singleturn|p2b: Conkeldurr|Protect\n|move|p1b: Garchomp|Rock Slide|p2b: Conkeldurr|[spread] \n|-activate|p2b: Conkeldurr|move: Protect\n|-miss|p1b: Garchomp|p2a: Incineroar\n|move|p1a: Charizard|Heat Wave|p2b: Conkeldurr|[spread] p2a\n|-activate|p2b: Conkeldurr|move: Protect\n|-resisted|p2a: Incineroar|1\n|-damage|p2a: Incineroar|33/100\n|-enditem|p2a: Incineroar|Sitrus Berry|[eat]\n|-heal|p2a: Incineroar|58/100|[from] item: Sitrus Berry\n|move|p2a: Incineroar|Parting Shot|p1b: Garchomp\n|-unboost|p1b: Garchomp|atk|1\n|-unboost|p1b: Garchomp|spa|1\n|\n|t:|1775952543\n|switch|p2a: Charizard|Charizard-Mega-Y, L50, M, shiny|100/100|[from] Parting Shot\n|\n|-weather|none\n|upkeep\n|turn|7\n|\n|t:|1775952561\n|switch|p1a: Incineroar|Incineroar, L50, F|60/100\n|-ability|p1a: Incineroar|Intimidate|boost\n|-unboost|p2a: Charizard|atk|1\n|-unboost|p2b: Conkeldurr|atk|1\n|move|p2a: Charizard|Protect|p2a: Charizard\n|-singleturn|p2a: Charizard|Protect\n|move|p1b: Garchomp|Rock Slide|p2b: Conkeldurr|[spread] p2b\n|-activate|p2a: Charizard|move: Protect\n|-resisted|p2b: Conkeldurr|1\n|-damage|p2b: Conkeldurr|71/100\n|move|p2b: Conkeldurr|Drain Punch|p1b: Garchomp\n|-damage|p1b: Garchomp|0 fnt\n|-heal|p2b: Conkeldurr|88/100|[from] drain|[of] p1b: Garchomp\n|-damage|p2b: Conkeldurr|75/100|[from] ability: Rough Skin|[of] p1b: Garchomp\n|faint|p1b: Garchomp\n|\n|upkeep\n|\n|t:|1775952572\n|switch|p1b: Charizard|Charizard-Mega-Y, L50, F|71/100\n|-weather|SunnyDay|[from] ability: Drought|[of] p1b: Charizard\n|turn|8\n|\n|t:|1775952585\n|switch|p2b: Incineroar|Incineroar, L50, M, shiny|58/100\n|-ability|p2b: Incineroar|Intimidate|boost\n|-unboost|p1a: Incineroar|atk|1\n|-unboost|p1b: Charizard|atk|1\n|move|p1a: Incineroar|Fake Out|p2a: Charizard\n|-damage|p2a: Charizard|91/100\n|cant|p2a: Charizard|flinch\n|move|p1b: Charizard|Heat Wave|p2b: Incineroar|[spread] p2a,p2b\n|-resisted|p2a: Charizard|1\n|-resisted|p2b: Incineroar|1\n|-damage|p2a: Charizard|58/100\n|-damage|p2b: Incineroar|32/100\n|\n|-weather|SunnyDay|[upkeep]\n|upkeep\n|turn|9\n|\n|t:|1775952603\n|move|p1b: Charizard|Protect|p1b: Charizard\n|-singleturn|p1b: Charizard|Protect\n|move|p2b: Incineroar|Fake Out|p1b: Charizard\n|-activate|p1b: Charizard|move: Protect\n|move|p2a: Charizard|Flamethrower|p1a: Incineroar\n|-resisted|p1a: Incineroar|1\n|-damage|p1a: Incineroar|21/100\n|-enditem|p1a: Incineroar|Sitrus Berry|[eat]\n|-heal|p1a: Incineroar|46/100|[from] item: Sitrus Berry\n|move|p1a: Incineroar|Snarl|p2a: Charizard|[spread] p2a,p2b\n|-resisted|p2b: Incineroar|1\n|-damage|p2a: Charizard|46/100\n|-damage|p2b: Incineroar|28/100\n|-unboost|p2a: Charizard|spa|1\n|-unboost|p2b: Incineroar|spa|1\n|\n|-weather|SunnyDay|[upkeep]\n|upkeep\n|turn|10\n|inactive|changfandiao2026 has 30 seconds left.\n|\n|t:|1775952631\n|move|p2a: Charizard|Heat Wave|p1b: Charizard|[spread] p1a,p1b\n|-resisted|p1a: Incineroar|1\n|-resisted|p1b: Charizard|1\n|-damage|p1a: Incineroar|22/100\n|-damage|p1b: Charizard|49/100\n|move|p1b: Charizard|Heat Wave|p2a: Charizard|[spread] p2a,p2b\n|-resisted|p2a: Charizard|1\n|-resisted|p2b: Incineroar|1\n|-damage|p2a: Charizard|10/100\n|-damage|p2b: Incineroar|1/100\n|move|p2b: Incineroar|Throat Chop|p1b: Charizard\n|-damage|p1b: Charizard|16/100\n|-start|p1b: Charizard|Throat Chop|[silent]\n|move|p1a: Incineroar|Flare Blitz|p2a: Charizard\n|-resisted|p2a: Charizard|1\n|-damage|p2a: Charizard|0 fnt\n|faint|p2a: Charizard\n|-damage|p1a: Incineroar|20/100|[from] Recoil\n|\n|-weather|SunnyDay|[upkeep]\n|upkeep\n|\n|t:|1775952646\n|switch|p2a: Conkeldurr|Conkeldurr, L50, M|75/100\n|turn|11\n|inactive|miseria010 has 30 seconds left.\n|inactive|miseria010 has 20 seconds left.\n|\n|t:|1775952682\n|move|p1b: Charizard|Heat Wave|p2b: Incineroar|[spread] p2a\n|-miss|p1b: Charizard|p2b: Incineroar\n|-damage|p2a: Conkeldurr|7/100\n|-status|p2a: Conkeldurr|brn\n|move|p2b: Incineroar|Throat Chop|p1a: Incineroar\n|-resisted|p1a: Incineroar|1\n|-damage|p1a: Incineroar|9/100\n|-start|p1a: Incineroar|Throat Chop|[silent]\n|move|p1a: Incineroar|Flare Blitz|p2a: Conkeldurr\n|-damage|p2a: Conkeldurr|0 fnt\n|faint|p2a: Conkeldurr\n|-damage|p1a: Incineroar|7/100|[from] Recoil\n|\n|-weather|SunnyDay|[upkeep]\n|-end|p1b: Charizard|Throat Chop|[silent]\n|upkeep\n|turn|12\n|\n|t:|1775952698\n|move|p1b: Charizard|Weather Ball|p2b: Incineroar\n|-resisted|p2b: Incineroar|1\n|-damage|p2b: Incineroar|0 fnt\n|faint|p2b: Incineroar\n|\n|win|changfandiao2026\n|raw|changfandiao2026's rating: 1126 &rarr; <strong>1156</strong><br />(+30 for winning)\n|raw|miseria010's rating: 1202 &rarr; <strong>1172</strong><br />(-30 for losing)\n|l|\u2606changfandiao2026\n|player|p1|\n",
  "uploadtime": 1775952705,
  "views": 32,
  "formatid": "gen9championsvgc2026regma",
  "rating": 1156,
  "private": 0,
  "password": null
}