{
  "id": "gen9championsvgc2026regma-2581389178",
  "format": "[Gen 9 Champions] VGC 2026 Reg M-A",
  "players": [
    "Hatsuharu_Sohma17",
    "NathanaelW19"
  ],
  "log": "|j|\u2606Hatsuharu_Sohma17\n|j|\u2606NathanaelW19\n|t:|1775995157\n|gametype|doubles\n|player|p1|Hatsuharu_Sohma17|steven|1234\n|player|p2|NathanaelW19|dragontamer|1248\n|gen|9\n|tier|[Gen 9 Champions] VGC 2026 Reg M-A\n|rated|\n|rule|Species Clause: Limit one of each Pok\u00e9mon\n|rule|Item Clause: Limit 1 of each item\n|clearpoke\n|poke|p1|Froslass, L50, F|\n|poke|p1|Incineroar, L50, F|\n|poke|p1|Sylveon, L50, M|\n|poke|p1|Kingambit, L50, M|\n|poke|p1|Sinistcha-Masterpiece, L50|\n|poke|p1|Palafin, L50, F|\n|poke|p2|Floette-Eternal, L50, F|\n|poke|p2|Meowscarada, L50, F|\n|poke|p2|Archaludon, L50, M|\n|poke|p2|Farigiraf, L50, M|\n|poke|p2|Basculegion, L50, M|\n|poke|p2|Pelipper, L50, M|\n|teampreview|4\n|inactive|Battle timer is ON: inactive players will automatically lose when time's up. (requested by NathanaelW19)\n|inactive|Hatsuharu_Sohma17 has 60 seconds left.\n|\n|t:|1775995193\n|teamsize|p1|4\n|teamsize|p2|4\n|start\n|switch|p1a: Kingambit|Kingambit, L50, M, shiny|100/100\n|switch|p1b: Palafin|Palafin, L50, F, shiny|100/100\n|switch|p2a: Floette|Floette-Eternal, L50, F, shiny|100/100\n|switch|p2b: Farigiraf|Farigiraf, L50, M, shiny|100/100\n|turn|1\n|\n|t:|1775995211\n|switch|p2b: Pelipper|Pelipper, L50, M, shiny|100/100\n|-weather|RainDance|[from] ability: Drizzle|[of] p2b: Pelipper\n|move|p2a: Floette|Light of Ruin|p1b: Palafin\n|-damage|p1b: Palafin|0 fnt\n|faint|p1b: Palafin\n|-damage|p2a: Floette|42/100|[from] Recoil\n|move|p1a: Kingambit|Kowtow Cleave|p2b: Pelipper\n|-damage|p2b: Pelipper|35/100\n|\n|-weather|RainDance|[upkeep]\n|upkeep\n|\n|t:|1775995224\n|switch|p1b: Froslass|Froslass, L50, F, shiny|100/100\n|turn|2\n|\n|t:|1775995245\n|switch|p2b: Farigiraf|Farigiraf, L50, M, shiny|100/100\n|detailschange|p1b: Froslass|Froslass-Mega, L50, F, shiny\n|-mega|p1b: Froslass|Froslass|Froslassite\n|-weather|Snowscape|[from] ability: Snow Warning|[of] p1b: Froslass\n|move|p2a: Floette|Light of Ruin|p1b: Froslass\n|-damage|p1b: Froslass|17/100\n|-damage|p2a: Floette|2/100|[from] Recoil\n|move|p1b: Froslass|Shadow Ball|p2a: Floette\n|-damage|p2a: Floette|0 fnt\n|faint|p2a: Floette\n|move|p1a: Kingambit|Kowtow Cleave|p2b: Farigiraf\n|-supereffective|p2b: Farigiraf|1\n|-damage|p2b: Farigiraf|11/100\n|\n|-weather|Snowscape|[upkeep]\n|-heal|p2b: Farigiraf|17/100|[from] item: Leftovers\n|upkeep\n|\n|t:|1775995262\n|switch|p2a: Pelipper|Pelipper, L50, M, shiny|35/100\n|-weather|RainDance|[from] ability: Drizzle|[of] p2a: Pelipper\n|turn|3\n|\n|t:|1775995272\n|switch|p1a: Sinistcha|Sinistcha-Masterpiece, L50, shiny|100/100\n|-heal|p1b: Froslass|42/100|[from] ability: Hospitality|[of] p1a: Sinistcha\n|move|p1b: Froslass|Protect|p1b: Froslass\n|-singleturn|p1b: Froslass|Protect\n|move|p2a: Pelipper|Tailwind|p2a: Pelipper\n|-sidestart|p2: NathanaelW19|move: Tailwind\n|move|p2b: Farigiraf|Psychic|p1b: Froslass\n|-activate|p1b: Froslass|move: Protect\n|\n|-weather|RainDance|[upkeep]\n|-heal|p2b: Farigiraf|23/100|[from] item: Leftovers\n|upkeep\n|turn|4\n|\n|t:|1775995287\n|switch|p1b: Kingambit|Kingambit, L50, M, shiny|100/100\n|move|p2a: Pelipper|Hurricane|p1a: Sinistcha\n|-supereffective|p1a: Sinistcha|1\n|-damage|p1a: Sinistcha|33/100\n|-start|p1a: Sinistcha|confusion\n|move|p2b: Farigiraf|Imprison|p2b: Farigiraf\n|-start|p2b: Farigiraf|move: Imprison\n|-activate|p1a: Sinistcha|confusion\n|move|p1a: Sinistcha|Matcha Gotcha|p2a: Pelipper|[spread] p2b\n|-miss|p1a: Sinistcha|p2a: Pelipper\n|-damage|p2b: Farigiraf|0 fnt\n|-heal|p1a: Sinistcha|48/100|[from] drain|[of] p2b: Farigiraf\n|faint|p2b: Farigiraf\n|\n|-weather|RainDance|[upkeep]\n|-heal|p1a: Sinistcha|54/100|[from] item: Leftovers\n|upkeep\n|\n|t:|1775995291\n|switch|p2b: Archaludon|Archaludon, L50, M, shiny|100/100\n|turn|5\n|inactive|Hatsuharu_Sohma17 has 30 seconds left.\n|\n|t:|1775995319\n|move|p1b: Kingambit|Sucker Punch|p2a: Pelipper\n|-damage|p2a: Pelipper|0 fnt\n|faint|p2a: Pelipper\n|move|p2b: Archaludon|Flash Cannon|p1a: Sinistcha\n|-damage|p1a: Sinistcha|12/100\n|-unboost|p1a: Sinistcha|spd|1\n|-activate|p1a: Sinistcha|confusion\n|move|p1a: Sinistcha|Trick Room|p1a: Sinistcha\n|-fieldstart|move: Trick Room|[of] p1a: Sinistcha\n|\n|-weather|RainDance|[upkeep]\n|-heal|p1a: Sinistcha|18/100|[from] item: Leftovers\n|upkeep\n|turn|6\n|\n|t:|1775995338\n|move|p1b: Kingambit|Swords Dance|p1b: Kingambit\n|-boost|p1b: Kingambit|atk|2\n|move|p2b: Archaludon|Electro Shot||[still]\n|-prepare|p2b: Archaludon|Electro Shot\n|-boost|p2b: Archaludon|spa|1\n|-anim|p2b: Archaludon|Electro Shot|p1b: Kingambit\n|-damage|p1b: Kingambit|28/100\n|-activate|p1a: Sinistcha|confusion\n|-damage|p1a: Sinistcha|12/100|[from] confusion\n|\n|-weather|RainDance|[upkeep]\n|-heal|p1a: Sinistcha|18/100|[from] item: Leftovers\n|-sideend|p2: NathanaelW19|move: Tailwind\n|upkeep\n|turn|7\n|\n|t:|1775995355\n|-end|p1a: Sinistcha|confusion\n|move|p1a: Sinistcha|Rage Powder|p1a: Sinistcha\n|-singleturn|p1a: Sinistcha|move: Rage Powder\n|move|p1b: Kingambit|Kowtow Cleave|p2b: Archaludon\n|-damage|p2b: Archaludon|2/100\n|-ability|p2b: Archaludon|Stamina|boost\n|-boost|p2b: Archaludon|def|1\n|move|p2b: Archaludon|Dragon Pulse|p1a: Sinistcha\n|-damage|p1a: Sinistcha|0 fnt\n|faint|p1a: Sinistcha\n|\n|-weather|none\n|upkeep\n|\n|t:|1775995365\n|switch|p1a: Froslass|Froslass-Mega, L50, F, shiny|42/100\n|-weather|Snowscape|[from] ability: Snow Warning|[of] p1a: Froslass\n|turn|8\n|\n|t:|1775995371\n|move|p2b: Archaludon|Protect|p2b: Archaludon\n|-singleturn|p2b: Archaludon|Protect\n|move|p1b: Kingambit|Sucker Punch||[still]\n|-fail|p1b: Kingambit\n|move|p1a: Froslass|Shadow Ball|p2b: Archaludon\n|-activate|p2b: Archaludon|move: Protect\n|\n|-weather|Snowscape|[upkeep]\n|upkeep\n|turn|9\n|\n|t:|1775995381\n|move|p2b: Archaludon|Protect||[still]\n|-fail|p2b: Archaludon\n|move|p1b: Kingambit|Sucker Punch||[still]\n|-fail|p1b: Kingambit\n|move|p1a: Froslass|Shadow Ball|p2b: Archaludon\n|-damage|p2b: Archaludon|0 fnt\n|faint|p2b: Archaludon\n|\n|win|Hatsuharu_Sohma17\n|raw|Hatsuharu_Sohma17's rating: 1234 &rarr; <strong>1260</strong><br />(+26 for winning)\n|raw|NathanaelW19's rating: 1248 &rarr; <strong>1222</strong><br />(-26 for losing)\n|c|\u2606NathanaelW19|Ggs\n",
  "uploadtime": 1775995389,
  "views": 35,
  "formatid": "gen9championsvgc2026regma",
  "rating": 1222,
  "private": 0,
  "password": null
}