{
  "id": "gen9championsvgc2026regma-2583178046",
  "format": "[Gen 9 Champions] VGC 2026 Reg M-A",
  "players": [
    "drake78976",
    "literaldog121212"
  ],
  "log": "|j|\u2606drake78976\n|j|\u2606literaldog121212\n|t:|1776151450\n|gametype|doubles\n|player|p1|drake78976|li|1117\n|player|p2|literaldog121212|hanbei-conquest|1045\n|gen|9\n|tier|[Gen 9 Champions] VGC 2026 Reg M-A\n|rated|\n|rule|Species Clause: Limit one of each Pok\u00e9mon\n|rule|Item Clause: Limit 1 of each item\n|clearpoke\n|poke|p1|Kingambit, L50, F|\n|poke|p1|Froslass, L50, F|\n|poke|p1|Kommo-o, L50, F|\n|poke|p1|Incineroar, L50, M|\n|poke|p1|Glimmora, L50, M|\n|poke|p1|Whimsicott, L50, F|\n|poke|p2|Orthworm, L50, M|\n|poke|p2|Palafin, L50, F|\n|poke|p2|Pelipper, L50, F|\n|poke|p2|Dragonite, L50, M|\n|poke|p2|Tinkaton, L50, F|\n|poke|p2|Mimikyu, L50, F|\n|teampreview|4\n|\n|t:|1776151509\n|teamsize|p1|4\n|teamsize|p2|4\n|start\n|switch|p1a: Froslass|Froslass, L50, F|100/100\n|switch|p1b: Glimmora|Glimmora, L50, M|100/100\n|switch|p2a: bibby|Pelipper, L50, F|100/100\n|switch|p2b: fis|Palafin, L50, F|100/100\n|-weather|RainDance|[from] ability: Drizzle|[of] p2a: bibby\n|turn|1\n|\n|t:|1776151534\n|detailschange|p1a: Froslass|Froslass-Mega, L50, F\n|-mega|p1a: Froslass|Froslass|Froslassite\n|-weather|Snowscape|[from] ability: Snow Warning|[of] p1a: Froslass\n|move|p2b: fis|Protect|p2b: fis\n|-singleturn|p2b: fis|Protect\n|move|p1a: Froslass|Blizzard|p2b: fis|[spread] p2a\n|-activate|p2b: fis|move: Protect\n|-damage|p2a: bibby|28/100\n|move|p1b: Glimmora|Stealth Rock|p2b: fis\n|-sidestart|p2: literaldog121212|move: Stealth Rock\n|move|p2a: bibby|Tailwind|p2a: bibby\n|-sidestart|p2: literaldog121212|move: Tailwind\n|\n|-weather|Snowscape|[upkeep]\n|upkeep\n|turn|2\n|\n|t:|1776151561\n|move|p2a: bibby|Protect|p2a: bibby\n|-singleturn|p2a: bibby|Protect\n|move|p2b: fis|Wave Crash|p1b: Glimmora\n|-supereffective|p1b: Glimmora|1\n|-enditem|p1b: Glimmora|Focus Sash\n|-damage|p1b: Glimmora|1/100\n|-activate|p1b: Glimmora|ability: Toxic Debris\n|-sidestart|p2: literaldog121212|move: Toxic Spikes\n|-damage|p2b: fis|73/100|[from] Recoil\n|move|p1a: Froslass|Aurora Veil|p1a: Froslass\n|-sidestart|p1: drake78976|move: Aurora Veil\n|move|p1b: Glimmora|Sludge Wave|p2b: fis|[spread] p1a,p2b\n|-activate|p2a: bibby|move: Protect\n|-resisted|p1a: Froslass|1\n|-damage|p1a: Froslass|84/100\n|-damage|p2b: fis|19/100\n|\n|-weather|Snowscape|[upkeep]\n|upkeep\n|turn|3\n|\n|t:|1776151591\n|move|p1b: Glimmora|Spiky Shield|p1b: Glimmora\n|-singleturn|p1b: Glimmora|move: Protect\n|move|p2b: fis|Wave Crash|p1a: Froslass\n|-damage|p1a: Froslass|52/100\n|-damage|p2b: fis|10/100|[from] Recoil\n|move|p2a: bibby|Muddy Water|p1b: Glimmora|[spread] p1a\n|-activate|p1b: Glimmora|move: Protect\n|-damage|p1a: Froslass|27/100\n|move|p1a: Froslass|Blizzard|p2b: fis|[spread] p2a,p2b\n|-crit|p2a: bibby\n|-resisted|p2b: fis|1\n|-damage|p2a: bibby|0 fnt\n|-damage|p2b: fis|0 fnt\n|faint|p2a: bibby\n|faint|p2b: fis\n|\n|-weather|Snowscape|[upkeep]\n|upkeep\n|\n|t:|1776151594\n|switch|p2b: rawr nextquestion|Dragonite, L50, M|100/100\n|switch|p2a: twigs|Mimikyu, L50, F, shiny|100/100\n|-damage|p2a: twigs|88/100|[from] Stealth Rock\n|-status|p2a: twigs|psn\n|-damage|p2b: rawr nextquestion|76/100|[from] Stealth Rock\n|turn|4\n|\n|t:|1776151624\n|switch|p1a: Kingambit|Kingambit, L50, F|100/100\n|detailschange|p2b: rawr nextquestion|Dragonite-Mega, L50, M\n|-mega|p2b: rawr nextquestion|Dragonite|Dragoninite\n|move|p2a: twigs|Hex|p1b: Glimmora\n|-damage|p1b: Glimmora|0 fnt\n|faint|p1b: Glimmora\n|move|p2b: rawr nextquestion|Hurricane|p1a: Kingambit\n|-resisted|p1a: Kingambit|1\n|-damage|p1a: Kingambit|76/100\n|-start|p1a: Kingambit|confusion\n|\n|-weather|Snowscape|[upkeep]\n|-damage|p2a: twigs|76/100 psn|[from] psn\n|-sideend|p2: literaldog121212|move: Tailwind\n|upkeep\n|\n|t:|1776151639\n|switch|p1b: Froslass|Froslass-Mega, L50, F|27/100\n|turn|5\n|\n|t:|1776151654\n|-activate|p1a: Kingambit|confusion\n|move|p1a: Kingambit|Sucker Punch|p2a: twigs\n|-activate|p2a: twigs|ability: Disguise\n|-damage|p2a: twigs|76/100 psn\n|detailschange|p2a: twigs|Mimikyu-Busted, L50, F, shiny\n|-damage|p2a: twigs|64/100 psn|[from] pokemon: Mimikyu-Busted\n|move|p1b: Froslass|Blizzard|p2b: rawr nextquestion|[spread] p2a,p2b\n|-supereffective|p2b: rawr nextquestion|2\n|-damage|p2a: twigs|12/100 psn\n|-damage|p2b: rawr nextquestion|0 fnt\n|faint|p2b: rawr nextquestion\n|move|p2a: twigs|Hex|p1b: Froslass\n|-supereffective|p1b: Froslass|1\n|-crit|p1b: Froslass\n|-damage|p1b: Froslass|0 fnt\n|faint|p1b: Froslass\n|\n|-weather|none\n|-damage|p2a: twigs|0 fnt|[from] psn\n|faint|p2a: twigs\n|\n|win|drake78976\n|raw|drake78976's rating: 1117 &rarr; <strong>1137</strong><br />(+20 for winning)\n|raw|literaldog121212's rating: 1045 &rarr; <strong>1032</strong><br />(-13 for losing)\n|c|\u2606literaldog121212|gg\n|l|\u2606literaldog121212\n|player|p2|\n|c|\u2606drake78976|Gg\n",
  "uploadtime": 1776151687,
  "views": 16,
  "formatid": "gen9championsvgc2026regma",
  "rating": 1032,
  "private": 0,
  "password": null
}