{
  "id": "gen9championsvgc2026regma-2585760258",
  "format": "[Gen 9 Champions] VGC 2026 Reg M-A",
  "players": [
    "SnowFly96",
    "Bio_Hazz"
  ],
  "log": "|j|\u2606SnowFly96\n|j|\u2606Bio_Hazz\n|t:|1776368693\n|gametype|doubles\n|player|p1|SnowFly96|skier|1297\n|player|p2|Bio_Hazz|lucas|1338\n|gen|9\n|tier|[Gen 9 Champions] VGC 2026 Reg M-A\n|rated|\n|rule|Species Clause: Limit one of each Pok\u00e9mon\n|rule|Item Clause: Limit 1 of each item\n|clearpoke\n|poke|p1|Crabominable, L50, F|\n|poke|p1|Farigiraf, L50, F|\n|poke|p1|Primarina, L50, M|\n|poke|p1|Sinistcha-Masterpiece, L50|\n|poke|p1|Rotom-Heat, L50|\n|poke|p1|Garchomp, L50, F|\n|poke|p2|Banette, L50, M|\n|poke|p2|Basculegion, L50, M|\n|poke|p2|Sneasler, L50, F|\n|poke|p2|Pelipper, L50, M|\n|poke|p2|Archaludon, L50, M|\n|poke|p2|Sinistcha-Masterpiece, L50|\n|teampreview|4\n|inactive|Battle timer is ON: inactive players will automatically lose when time's up. (requested by SnowFly96)\n|inactive|Bio_Hazz has 60 seconds left.\n|\n|t:|1776368738\n|teamsize|p1|4\n|teamsize|p2|4\n|start\n|switch|p1a: Farigiraf|Farigiraf, L50, F|100/100\n|switch|p1b: Crabominable|Crabominable, L50, F|100/100\n|switch|p2a: Bill Cosby|Banette, L50, M|100/100\n|switch|p2b: Basculegion|Basculegion, L50, M|100/100\n|-item|p1a: Farigiraf|Mental Herb|[from] ability: Frisk|[of] p2a: Bill Cosby\n|-item|p1b: Crabominable|Crabominite|[from] ability: Frisk|[of] p2a: Bill Cosby\n|turn|1\n|\n|t:|1776368763\n|switch|p2a: Pelipper|Pelipper, L50, M|100/100\n|-weather|RainDance|[from] ability: Drizzle|[of] p2a: Pelipper\n|move|p1b: Crabominable|Protect|p1b: Crabominable\n|-singleturn|p1b: Crabominable|Protect\n|move|p2b: Basculegion|Wave Crash|p1a: Farigiraf\n|-damage|p1a: Farigiraf|12/100\n|-damage|p2b: Basculegion|67/100|[from] Recoil\n|move|p1a: Farigiraf|Trick Room|p1a: Farigiraf\n|-fieldstart|move: Trick Room|[of] p1a: Farigiraf\n|\n|-weather|RainDance|[upkeep]\n|upkeep\n|turn|2\n|inactive|SnowFly96 has 30 seconds left.\n|inactive|Bio_Hazz has 30 seconds left.\n|\n|t:|1776368797\n|detailschange|p1b: Crabominable|Crabominable-Mega, L50, F\n|-mega|p1b: Crabominable|Crabominable|Crabominite\n|move|p2b: Basculegion|Protect|p2b: Basculegion\n|-singleturn|p2b: Basculegion|Protect\n|move|p1b: Crabominable|Ice Hammer|p2a: Pelipper\n|-damage|p2a: Pelipper|12/100\n|-unboost|p1b: Crabominable|spe|1\n|move|p1a: Farigiraf|Foul Play|p2b: Basculegion\n|-activate|p2b: Basculegion|move: Protect\n|move|p2a: Pelipper|Hurricane|p1b: Crabominable\n|-supereffective|p1b: Crabominable|1\n|-damage|p1b: Crabominable|24/100\n|\n|-weather|RainDance|[upkeep]\n|upkeep\n|turn|3\n|inactive|Bio_Hazz has 30 seconds left.\n|inactive|Bio_Hazz has 20 seconds left.\n|\n|t:|1776368834\n|switch|p2b: Sneasler|Sneasler, L50, F|100/100\n|move|p1b: Crabominable|Ice Hammer|p2a: Pelipper\n|-damage|p2a: Pelipper|0 fnt\n|-unboost|p1b: Crabominable|spe|1\n|faint|p2a: Pelipper\n|move|p1a: Farigiraf|Foul Play|p2b: Sneasler\n|-resisted|p2b: Sneasler|1\n|-damage|p2b: Sneasler|73/100\n|\n|-weather|RainDance|[upkeep]\n|upkeep\n|\n|t:|1776368846\n|switch|p2a: Basculegion|Basculegion, L50, M|67/100\n|turn|4\n|\n|t:|1776368869\n|move|p2b: Sneasler|Protect|p2b: Sneasler\n|-singleturn|p2b: Sneasler|Protect\n|move|p2a: Basculegion|Protect|p2a: Basculegion\n|-singleturn|p2a: Basculegion|Protect\n|move|p1b: Crabominable|Ice Hammer|p2a: Basculegion\n|-activate|p2a: Basculegion|move: Protect\n|move|p1a: Farigiraf|Twin Beam|p2b: Sneasler\n|-activate|p2b: Sneasler|move: Protect\n|\n|-weather|RainDance|[upkeep]\n|upkeep\n|turn|5\n|\n|t:|1776368889\n|switch|p2b: Bill Cosby|Banette, L50, M|100/100\n|-item|p1a: Farigiraf|Mental Herb|[from] ability: Frisk|[of] p2b: Bill Cosby\n|-item|p1b: Crabominable|Crabominite|[from] ability: Frisk|[of] p2b: Bill Cosby\n|move|p1b: Crabominable|Ice Hammer|p2a: Basculegion\n|-resisted|p2a: Basculegion|1\n|-damage|p2a: Basculegion|25/100\n|-unboost|p1b: Crabominable|spe|1\n|move|p1a: Farigiraf|Twin Beam|p2b: Bill Cosby\n|-damage|p2b: Bill Cosby|82/100\n|-damage|p2b: Bill Cosby|63/100\n|-hitcount|p2b: Bill Cosby|2\n|move|p2a: Basculegion|Wave Crash|p1a: Farigiraf\n|-damage|p1a: Farigiraf|0 fnt\n|faint|p1a: Farigiraf\n|-damage|p2a: Basculegion|20/100|[from] Recoil\n|\n|-weather|none\n|-fieldend|move: Trick Room\n|upkeep\n|\n|t:|1776368893\n|switch|p1a: Sinistcha|Sinistcha-Masterpiece, L50|100/100\n|-heal|p1b: Crabominable|49/100|[from] ability: Hospitality|[of] p1a: Sinistcha\n|turn|6\n|\n|t:|1776368913\n|detailschange|p2b: Bill Cosby|Banette-Mega, L50, M\n|-mega|p2b: Bill Cosby|Banette|Banettite\n|move|p2a: Basculegion|Protect|p2a: Basculegion\n|-singleturn|p2a: Basculegion|Protect\n|move|p2b: Bill Cosby|Poltergeist|p1a: Sinistcha|[miss]\n|-miss|p2b: Bill Cosby|p1a: Sinistcha\n|move|p1a: Sinistcha|Matcha Gotcha|p2b: Bill Cosby|[spread] p2b\n|-activate|p2a: Basculegion|move: Protect\n|-damage|p2b: Bill Cosby|37/100\n|move|p1b: Crabominable|Ice Hammer|p2b: Bill Cosby\n|-damage|p2b: Bill Cosby|0 fnt\n|-unboost|p1b: Crabominable|spe|1\n|faint|p2b: Bill Cosby\n|\n|upkeep\n|\n|t:|1776368921\n|switch|p2b: Sneasler|Sneasler, L50, F|73/100\n|turn|7\n|\n|t:|1776368937\n|move|p1b: Crabominable|Protect|p1b: Crabominable\n|-singleturn|p1b: Crabominable|Protect\n|move|p2b: Sneasler|Fake Out|p1b: Crabominable\n|-activate|p1b: Crabominable|move: Protect\n|move|p2a: Basculegion|Last Respects|p1a: Sinistcha\n|-supereffective|p1a: Sinistcha|1\n|-damage|p1a: Sinistcha|0 fnt\n|faint|p1a: Sinistcha\n|\n|upkeep\n|\n|t:|1776368940\n|switch|p1a: Primarina|Primarina, L50, M|100/100\n|turn|8\n|inactive|Bio_Hazz has 30 seconds left.\n|inactive|Bio_Hazz has 20 seconds left.\n|inactive|Bio_Hazz has 15 seconds left.\n|inactive|Bio_Hazz has 10 seconds left.\n|-activate|p1a: Primarina|item: Quick Claw\n|\n|t:|1776368989\n|move|p1b: Crabominable|Mach Punch|p2b: Sneasler\n|-resisted|p2b: Sneasler|1\n|-damage|p2b: Sneasler|50/100\n|move|p1a: Primarina|Hyper Voice|p2a: Basculegion|[spread] p2a,p2b\n|-resisted|p2a: Basculegion|1\n|-damage|p2a: Basculegion|0 fnt\n|-damage|p2b: Sneasler|1/100\n|faint|p2a: Basculegion\n|move|p2b: Sneasler|Dire Claw|p1a: Primarina\n|-supereffective|p1a: Primarina|1\n|-damage|p1a: Primarina|0 fnt\n|faint|p1a: Primarina\n|\n|upkeep\n|turn|9\n|inactive|Bio_Hazz has 30 seconds left.\n|\n|t:|1776369015\n|move|p1b: Crabominable|Mach Punch|p2b: Sneasler\n|-resisted|p2b: Sneasler|1\n|-damage|p2b: Sneasler|0 fnt\n|faint|p2b: Sneasler\n|\n|win|SnowFly96\n|raw|SnowFly96's rating: 1297 &rarr; <strong>1325</strong><br />(+28 for winning)\n|raw|Bio_Hazz's rating: 1338 &rarr; <strong>1316</strong><br />(-22 for losing)\n|l|\u2606Bio_Hazz\n|player|p2|\n",
  "uploadtime": 1776369018,
  "views": 32,
  "formatid": "gen9championsvgc2026regma",
  "rating": 1316,
  "private": 0,
  "password": null
}