{
  "id": "gen9championsvgc2026regma-2585320126",
  "format": "[Gen 9 Champions] VGC 2026 Reg M-A",
  "players": [
    "jasonrfry",
    "KennarDH"
  ],
  "log": "|j|\u2606jasonrfry\n|j|\u2606KennarDH\n|t:|1776337441\n|gametype|doubles\n|player|p1|jasonrfry|102|1223\n|player|p2|KennarDH|rocketgruntf|1150\n|gen|9\n|tier|[Gen 9 Champions] VGC 2026 Reg M-A\n|rated|\n|rule|Species Clause: Limit one of each Pok\u00e9mon\n|rule|Item Clause: Limit 1 of each item\n|clearpoke\n|poke|p1|Mimikyu, L50, M|\n|poke|p1|Meganium, L50, M|\n|poke|p1|Primarina, L50, F|\n|poke|p1|Sneasler, L50, F|\n|poke|p1|Torkoal, L50, M|\n|poke|p1|Kingambit, L50, M|\n|poke|p2|Farigiraf, L50, M|\n|poke|p2|Blastoise, L50, F|\n|poke|p2|Camerupt, L50, F|\n|poke|p2|Crabominable, L50, F|\n|poke|p2|Alakazam, L50, F|\n|poke|p2|Sinistcha, L50|\n|teampreview|4\n|\n|t:|1776337491\n|teamsize|p1|4\n|teamsize|p2|4\n|start\n|switch|p1a: Mimikyu|Mimikyu, L50, M, shiny|100/100\n|switch|p1b: Sneasler|Sneasler, L50, F|100/100\n|switch|p2a: Farigiraf|Farigiraf, L50, M|100/100\n|switch|p2b: Blastoise|Blastoise, L50, F|100/100\n|turn|1\n|\n|t:|1776337504\n|move|p1b: Sneasler|Taunt|p2b: Blastoise\n|-start|p2b: Blastoise|move: Taunt\n|move|p1a: Mimikyu|Taunt|p2a: Farigiraf\n|-start|p2a: Farigiraf|move: Taunt\n|-enditem|p2a: Farigiraf|Mental Herb\n|-end|p2a: Farigiraf|move: Taunt\n|move|p2b: Blastoise|Water Spout|p1a: Mimikyu|[spread] p1a,p1b\n|-activate|p1a: Mimikyu|ability: Disguise\n|-damage|p1a: Mimikyu|100/100\n|-damage|p1b: Sneasler|34/100\n|detailschange|p1a: Mimikyu|Mimikyu-Busted, L50, M, shiny\n|-damage|p1a: Mimikyu|88/100|[from] pokemon: Mimikyu-Busted\n|move|p2a: Farigiraf|Twin Beam|p1b: Sneasler\n|-supereffective|p1b: Sneasler|2\n|-damage|p1b: Sneasler|0 fnt\n|faint|p1b: Sneasler\n|-hitcount|p1: Sneasler|1\n|\n|upkeep\n|\n|t:|1776337514\n|switch|p1b: Primarina|Primarina, L50, F, shiny|100/100\n|turn|2\n|\n|t:|1776337531\n|move|p2b: Blastoise|Water Spout|p1b: Primarina|[spread] p1a,p1b\n|-resisted|p1b: Primarina|1\n|-damage|p1a: Mimikyu|53/100\n|-damage|p1b: Primarina|82/100\n|move|p1b: Primarina|Hyper Voice|p2b: Blastoise|[spread] p2a,p2b\n|-crit|p2a: Farigiraf\n|-resisted|p2b: Blastoise|1\n|-damage|p2a: Farigiraf|37/100\n|-damage|p2b: Blastoise|78/100\n|move|p2a: Farigiraf|Twin Beam|p1b: Primarina\n|-damage|p1b: Primarina|68/100\n|-damage|p1b: Primarina|53/100\n|-hitcount|p1b: Primarina|2\n|move|p1a: Mimikyu|Trick Room|p1a: Mimikyu\n|-fieldstart|move: Trick Room|[of] p1a: Mimikyu\n|\n|-heal|p2b: Blastoise|84/100|[from] item: Leftovers\n|upkeep\n|turn|3\n|\n|t:|1776337551\n|move|p2a: Farigiraf|Twin Beam|p1a: Mimikyu\n|-damage|p1a: Mimikyu|40/100\n|-damage|p1a: Mimikyu|27/100\n|-hitcount|p1a: Mimikyu|2\n|move|p1b: Primarina|Hyper Voice|p2b: Blastoise|[spread] p2a,p2b\n|-resisted|p2b: Blastoise|1\n|-damage|p2a: Farigiraf|0 fnt\n|-damage|p2b: Blastoise|61/100\n|faint|p2a: Farigiraf\n|move|p2b: Blastoise|Ice Beam|p1b: Primarina\n|-resisted|p1b: Primarina|1\n|-damage|p1b: Primarina|44/100\n|move|p1a: Mimikyu|Curse|p2b: Blastoise\n|-start|p2b: Blastoise|Curse|[of] p1a: Mimikyu\n|-damage|p1a: Mimikyu|0 fnt\n|faint|p1a: Mimikyu\n|\n|-heal|p2b: Blastoise|67/100|[from] item: Leftovers\n|-damage|p2b: Blastoise|42/100|[from] Curse\n|-end|p2b: Blastoise|move: Taunt\n|upkeep\n|\n|t:|1776337569\n|switch|p2a: Camerupt|Camerupt, L50, F|100/100\n|switch|p1a: Torkoal|Torkoal, L50, M|100/100\n|-weather|SunnyDay|[from] ability: Drought|[of] p1a: Torkoal\n|turn|4\n|\n|t:|1776337583\n|detailschange|p2a: Camerupt|Camerupt-Mega, L50, F\n|-mega|p2a: Camerupt|Camerupt|Cameruptite\n|move|p1b: Primarina|Protect|p1b: Primarina\n|-singleturn|p1b: Primarina|Protect\n|move|p2a: Camerupt|Eruption|p1a: Torkoal|[spread] p1a\n|-activate|p1b: Primarina|move: Protect\n|-resisted|p1a: Torkoal|1\n|-damage|p1a: Torkoal|28/100\n|move|p1a: Torkoal|Eruption|p2a: Camerupt|[spread] p2a,p2b\n|-resisted|p2a: Camerupt|1\n|-crit|p2a: Camerupt\n|-resisted|p2b: Blastoise|1\n|-damage|p2a: Camerupt|82/100\n|-damage|p2b: Blastoise|33/100\n|move|p2b: Blastoise|Flip Turn|p1a: Torkoal\n|-supereffective|p1a: Torkoal|1\n|-damage|p1a: Torkoal|14/100\n|\n|t:|1776337598\n|switch|p2b: Crabominable|Crabominable, L50, F|100/100|[from] Flip Turn\n|\n|-weather|SunnyDay|[upkeep]\n|upkeep\n|turn|5\n|-message|jasonrfry forfeited.\n|\n|win|KennarDH\n|raw|jasonrfry's rating: 1223 &rarr; <strong>1193</strong><br />(-30 for losing)\n|raw|KennarDH's rating: 1150 &rarr; <strong>1180</strong><br />(+30 for winning)\n|l|\u2606jasonrfry\n|player|p1|\n",
  "uploadtime": 1776337620,
  "views": 26,
  "formatid": "gen9championsvgc2026regma",
  "rating": 1180,
  "private": 0,
  "password": null
}