{
  "id": "gen9championsvgc2026regma-2589501625",
  "format": "[Gen 9 Champions] VGC 2026 Reg M-A",
  "players": [
    "MrMaster12",
    "girlcritter"
  ],
  "log": "|j|\u2606MrMaster12\n|j|\u2606girlcritter\n|t:|1776728738\n|gametype|doubles\n|player|p1|MrMaster12|byron|1113\n|player|p2|girlcritter|flannery|1118\n|gen|9\n|tier|[Gen 9 Champions] VGC 2026 Reg M-A\n|rated|\n|rule|Species Clause: Limit one of each Pok\u00e9mon\n|rule|Item Clause: Limit 1 of each item\n|clearpoke\n|poke|p1|Dragonite, L50, F, shiny|\n|poke|p1|Archaludon, L50, F, shiny|\n|poke|p1|Pelipper, L50, F|\n|poke|p1|Palafin, L50, F, shiny|\n|poke|p1|Sinistcha, L50, shiny|\n|poke|p1|Kingambit, L50, F|\n|poke|p2|Gardevoir, L50, M|\n|poke|p2|Garchomp, L50, F|\n|poke|p2|Aerodactyl, L50, M|\n|poke|p2|Sneasler, L50, F, shiny|\n|poke|p2|Tyranitar, L50, F|\n|poke|p2|Araquanid, L50, F|\n|teampreview|4\n|inactive|Battle timer is ON: inactive players will automatically lose when time's up. (requested by girlcritter)\n|inactive|MrMaster12 also wants the timer to be on.\n|inactive|girlcritter has 60 seconds left.\n|\n|t:|1776728775\n|teamsize|p1|4\n|teamsize|p2|4\n|start\n|switch|p1a: Kingambit|Kingambit, L50, F|100/100\n|switch|p1b: Peter Porpoise|Palafin, L50, F, shiny|100/100\n|switch|p2a: Aerodactyl|Aerodactyl, L50, M|100/100\n|switch|p2b: Tyranitar|Tyranitar, L50, F|100/100\n|-ability|p2a: Aerodactyl|Unnerve\n|-weather|Sandstorm|[from] ability: Sand Stream|[of] p2b: Tyranitar\n|turn|1\n|\n|t:|1776728789\n|move|p2a: Aerodactyl|Protect|p2a: Aerodactyl\n|-singleturn|p2a: Aerodactyl|Protect\n|move|p1a: Kingambit|Protect|p1a: Kingambit\n|-singleturn|p1a: Kingambit|Protect\n|move|p2b: Tyranitar|Protect|p2b: Tyranitar\n|-singleturn|p2b: Tyranitar|Protect\n|move|p1b: Peter Porpoise|Flip Turn|p2a: Aerodactyl\n|-activate|p2a: Aerodactyl|move: Protect\n|\n|-weather|Sandstorm|[upkeep]\n|-damage|p1b: Peter Porpoise|95/100|[from] Sandstorm\n|upkeep\n|turn|2\n|\n|t:|1776728806\n|move|p2a: Aerodactyl|Tailwind|p2a: Aerodactyl\n|-sidestart|p2: girlcritter|move: Tailwind\n|move|p1b: Peter Porpoise|Flip Turn|p2a: Aerodactyl\n|-supereffective|p2a: Aerodactyl|1\n|-damage|p2a: Aerodactyl|14/100\n|\n|t:|1776728810\n|detailschange|p1b: Peter Porpoise|Palafin-Hero, L50, F, shiny\n|switch|p1b: Gumbo|Pelipper, L50, F|100/100|[from] Flip Turn\n|-weather|RainDance|[from] ability: Drizzle|[of] p1b: Gumbo\n|move|p2b: Tyranitar|High Horsepower|p1a: Kingambit\n|-supereffective|p1a: Kingambit|1\n|-damage|p1a: Kingambit|38/100\n|move|p1a: Kingambit|Iron Head|p2a: Aerodactyl\n|-supereffective|p2a: Aerodactyl|1\n|-damage|p2a: Aerodactyl|0 fnt\n|faint|p2a: Aerodactyl\n|\n|-weather|RainDance|[upkeep]\n|upkeep\n|\n|t:|1776728823\n|switch|p2a: Sneasler|Sneasler, L50, F, shiny|100/100\n|turn|3\n|\n|t:|1776728832\n|detailschange|p2b: Tyranitar|Tyranitar-Mega, L50, F\n|-mega|p2b: Tyranitar|Tyranitar|Tyranitarite\n|-weather|Sandstorm|[from] ability: Sand Stream|[of] p2b: Tyranitar\n|move|p1b: Gumbo|Protect|p1b: Gumbo\n|-singleturn|p1b: Gumbo|Protect\n|move|p1a: Kingambit|Protect|p1a: Kingambit\n|-singleturn|p1a: Kingambit|Protect\n|move|p2a: Sneasler|Fake Out|p1b: Gumbo\n|-activate|p1b: Gumbo|move: Protect\n|move|p2b: Tyranitar|Rock Slide|p1a: Kingambit|[spread] \n|-activate|p1a: Kingambit|move: Protect\n|-activate|p1b: Gumbo|move: Protect\n|\n|-weather|Sandstorm|[upkeep]\n|-damage|p2a: Sneasler|95/100|[from] Sandstorm\n|-damage|p1b: Gumbo|95/100|[from] Sandstorm\n|upkeep\n|turn|4\n|\n|t:|1776728845\n|move|p2a: Sneasler|Coaching|p2b: Tyranitar\n|-boost|p2b: Tyranitar|atk|1\n|-boost|p2b: Tyranitar|def|1\n|move|p2b: Tyranitar|Rock Slide|p1b: Gumbo|[spread] p1a,p1b\n|-resisted|p1a: Kingambit|1\n|-supereffective|p1b: Gumbo|1\n|-damage|p1a: Kingambit|12/100\n|-damage|p1b: Gumbo|0 fnt\n|faint|p1b: Gumbo\n|move|p1a: Kingambit|Iron Head|p2b: Tyranitar\n|-supereffective|p2b: Tyranitar|1\n|-damage|p2b: Tyranitar|60/100\n|\n|-weather|Sandstorm|[upkeep]\n|-damage|p2a: Sneasler|89/100|[from] Sandstorm\n|upkeep\n|\n|t:|1776728850\n|switch|p1b: Peter Porpoise|Palafin-Hero, L50, F, shiny|95/100\n|-activate|p1b: Peter Porpoise|ability: Zero to Hero\n|turn|5\n|\n|t:|1776728870\n|move|p1a: Kingambit|Protect|p1a: Kingambit\n|-singleturn|p1a: Kingambit|Protect\n|move|p2a: Sneasler|Dire Claw|p1b: Peter Porpoise\n|-damage|p1b: Peter Porpoise|48/100\n|-status|p1b: Peter Porpoise|psn\n|move|p2b: Tyranitar|Rock Slide|p1a: Kingambit|[spread] p1b\n|-activate|p1a: Kingambit|move: Protect\n|-damage|p1b: Peter Porpoise|0 fnt\n|faint|p1b: Peter Porpoise\n|\n|-weather|Sandstorm|[upkeep]\n|-damage|p2a: Sneasler|83/100|[from] Sandstorm\n|-sideend|p2: girlcritter|move: Tailwind\n|upkeep\n|\n|t:|1776728883\n|switch|p1b: Lang|Archaludon, L50, F, shiny|100/100\n|turn|6\n|\n|t:|1776728893\n|move|p2a: Sneasler|Close Combat|p1a: Kingambit\n|-supereffective|p1a: Kingambit|2\n|-damage|p1a: Kingambit|0 fnt\n|-unboost|p2a: Sneasler|def|1\n|-unboost|p2a: Sneasler|spd|1\n|faint|p1a: Kingambit\n|move|p1b: Lang|Flash Cannon|p2a: Sneasler\n|-damage|p2a: Sneasler|0 fnt\n|faint|p2a: Sneasler\n|move|p2b: Tyranitar|High Horsepower|p1b: Lang\n|-supereffective|p1b: Lang|1\n|-damage|p1b: Lang|0 fnt\n|faint|p1b: Lang\n|\n|win|girlcritter\n|raw|MrMaster12's rating: 1113 &rarr; <strong>1088</strong><br />(-25 for losing)\n|raw|girlcritter's rating: 1118 &rarr; <strong>1143</strong><br />(+25 for winning)\n|l|\u2606MrMaster12\n|player|p1|\n",
  "uploadtime": 1776728908,
  "views": 8,
  "formatid": "gen9championsvgc2026regma",
  "rating": 1088,
  "private": 0,
  "password": null
}