{
  "id": "gen9championsvgc2026regma-2580942777",
  "format": "[Gen 9 Champions] VGC 2026 Reg M-A",
  "players": [
    "PokeOpposition",
    "AnShira1shi"
  ],
  "log": "|j|\u2606PokeOpposition\n|j|\u2606AnShira1shi\n|t:|1775945345\n|gametype|doubles\n|player|p1|PokeOpposition|266|1105\n|player|p2|AnShira1shi|dahlia|1020\n|gen|9\n|tier|[Gen 9 Champions] VGC 2026 Reg M-A\n|rated|\n|rule|Species Clause: Limit one of each Pok\u00e9mon\n|rule|Item Clause: Limit 1 of each item\n|clearpoke\n|poke|p1|Charizard, L50, M|\n|poke|p1|Venusaur, L50, M|\n|poke|p1|Rotom-Wash, L50|\n|poke|p1|Incineroar, L50, M|\n|poke|p1|Ninetales, L50, F|\n|poke|p1|Whimsicott, L50, M|\n|poke|p2|Sneasler, L50, M|\n|poke|p2|Basculegion, L50, M|\n|poke|p2|Incineroar, L50, F|\n|poke|p2|Gengar, L50, F|\n|poke|p2|Pelipper, L50, M|\n|poke|p2|Garchomp, L50, F|\n|teampreview|4\n|inactive|Battle timer is ON: inactive players will automatically lose when time's up. (requested by AnShira1shi)\n|inactive|AnShira1shi has 60 seconds left.\n|l|\u2606PokeOpposition\n|inactive|PokeOpposition disconnected and has a minute to reconnect!\n|player|p1|\n|\n|t:|1775945402\n|teamsize|p1|4\n|teamsize|p2|4\n|start\n|switch|p1a: Whimsicott|Whimsicott, L50, M, shiny|100/100\n|switch|p1b: Charizard|Charizard, L50, M, shiny|100/100\n|switch|p2a: Basculegion|Basculegion, L50, M|100/100\n|switch|p2b: Kitty|Incineroar, L50, F|100/100\n|-ability|p2b: Kitty|Intimidate|boost\n|-unboost|p1a: Whimsicott|atk|1\n|-unboost|p1b: Charizard|atk|1\n|turn|1\n|j|\u2606PokeOpposition\n|inactive|PokeOpposition reconnected and has 40 seconds left.\n|player|p1|PokeOpposition|kofu|\n|inactive|PokeOpposition has 30 seconds left.\n|inactive|PokeOpposition has 20 seconds left.\n|inactive|PokeOpposition has 15 seconds left.\n|\n|t:|1775945446\n|move|p1b: Charizard|Protect|p1b: Charizard\n|-singleturn|p1b: Charizard|Protect\n|move|p2b: Kitty|Fake Out|p1a: Whimsicott\n|-damage|p1a: Whimsicott|91/100\n|cant|p1a: Whimsicott|flinch\n|move|p2a: Basculegion|Flip Turn|p1b: Charizard\n|-activate|p1b: Charizard|move: Protect\n|\n|-heal|p1a: Whimsicott|97/100|[from] item: Leftovers\n|upkeep\n|turn|2\n|inactive|AnShira1shi has 30 seconds left.\n|\n|t:|1775945473\n|detailschange|p1b: Charizard|Charizard-Mega-Y, L50, M, shiny\n|-mega|p1b: Charizard|Charizard|Charizardite Y\n|-weather|SunnyDay|[from] ability: Drought|[of] p1b: Charizard\n|move|p2b: Kitty|Protect|p2b: Kitty\n|-singleturn|p2b: Kitty|Protect\n|move|p1a: Whimsicott|Tailwind|p1a: Whimsicott\n|-sidestart|p1: PokeOpposition|move: Tailwind\n|move|p1b: Charizard|Air Slash|p2a: Basculegion\n|-damage|p2a: Basculegion|48/100\n|move|p2a: Basculegion|Flip Turn|p1b: Charizard\n|-supereffective|p1b: Charizard|1\n|-damage|p1b: Charizard|41/100\n|\n|t:|1775945484\n|switch|p2a: Pelipper|Pelipper, L50, M|100/100|[from] Flip Turn\n|-weather|RainDance|[from] ability: Drizzle|[of] p2a: Pelipper\n|\n|-weather|RainDance|[upkeep]\n|-heal|p1a: Whimsicott|100/100|[from] item: Leftovers\n|upkeep\n|turn|3\n|\n|t:|1775945498\n|move|p1b: Charizard|Weather Ball|p2b: Kitty\n|-supereffective|p2b: Kitty|1\n|-damage|p2b: Kitty|0 fnt\n|faint|p2b: Kitty\n|move|p1a: Whimsicott|Moonblast|p2a: Pelipper\n|-damage|p2a: Pelipper|59/100\n|move|p2a: Pelipper|Hurricane|p1a: Whimsicott\n|-supereffective|p1a: Whimsicott|1\n|-damage|p1a: Whimsicott|0 fnt\n|faint|p1a: Whimsicott\n|\n|-weather|RainDance|[upkeep]\n|-heal|p2a: Pelipper|65/100|[from] item: Leftovers\n|upkeep\n|\n|t:|1775945509\n|switch|p1a: Venusaur|Venusaur, L50, M, shiny|100/100\n|switch|p2b: Garchomp|Garchomp, L50, F|100/100\n|turn|4\n|\n|t:|1775945521\n|move|p1b: Charizard|Air Slash|p2a: Pelipper\n|-damage|p2a: Pelipper|0 fnt\n|faint|p2a: Pelipper\n|move|p1a: Venusaur|Sleep Powder|p2b: Garchomp\n|-status|p2b: Garchomp|slp|[from] move: Sleep Powder\n|cant|p2b: Garchomp|slp\n|\n|-weather|RainDance|[upkeep]\n|upkeep\n|\n|t:|1775945528\n|switch|p2a: Basculegion|Basculegion, L50, M|48/100\n|turn|5\n|\n|t:|1775945544\n|move|p1b: Charizard|Protect|p1b: Charizard\n|-singleturn|p1b: Charizard|Protect\n|move|p1a: Venusaur|Sleep Powder|p2a: Basculegion\n|-status|p2a: Basculegion|slp|[from] move: Sleep Powder\n|cant|p2a: Basculegion|slp\n|cant|p2b: Garchomp|slp\n|\n|-weather|RainDance|[upkeep]\n|-sideend|p1: PokeOpposition|move: Tailwind\n|upkeep\n|turn|6\n|\n|t:|1775945561\n|switch|p1a: Ninetales|Ninetales, L50, F, shiny|100/100\n|-weather|SunnyDay|[from] ability: Drought|[of] p1a: Ninetales\n|cant|p2a: Basculegion|slp\n|-curestatus|p2b: Garchomp|slp|[msg]\n|move|p2b: Garchomp|Rock Slide|p1b: Charizard|[spread] p1a,p1b\n|-supereffective|p1a: Ninetales|1\n|-supereffective|p1b: Charizard|2\n|-damage|p1a: Ninetales|58/100\n|-damage|p1b: Charizard|0 fnt\n|faint|p1b: Charizard\n|\n|-weather|SunnyDay|[upkeep]\n|upkeep\n|\n|t:|1775945570\n|switch|p1b: Venusaur|Venusaur, L50, M, shiny|100/100\n|turn|7\n|\n|t:|1775945581\n|move|p1b: Venusaur|Sleep Powder|p2b: Garchomp\n|-status|p2b: Garchomp|slp|[from] move: Sleep Powder\n|-curestatus|p2a: Basculegion|slp|[msg]\n|move|p2a: Basculegion|Last Respects|p1b: Venusaur\n|-enditem|p1b: Venusaur|Focus Sash\n|-damage|p1b: Venusaur|1/100\n|cant|p2b: Garchomp|slp\n|move|p1a: Ninetales|Overheat|p2a: Basculegion\n|-resisted|p2a: Basculegion|1\n|-damage|p2a: Basculegion|0 fnt\n|-unboost|p1a: Ninetales|spa|2\n|faint|p2a: Basculegion\n|\n|-weather|SunnyDay|[upkeep]\n|upkeep\n|turn|8\n|-message|AnShira1shi forfeited.\n|\n|win|PokeOpposition\n|raw|PokeOpposition's rating: 1105 &rarr; <strong>1124</strong><br />(+19 for winning)\n|raw|AnShira1shi's rating: 1020 &rarr; <strong>1010</strong><br />(-10 for losing)\n|l|\u2606AnShira1shi\n|player|p2|\n",
  "uploadtime": 1775945596,
  "views": 27,
  "formatid": "gen9championsvgc2026regma",
  "rating": 1010,
  "private": 0,
  "password": null
}