{
  "id": "gen9championsvgc2026regma-2587829172",
  "format": "[Gen 9 Champions] VGC 2026 Reg M-A",
  "players": [
    "ub student",
    "yumimoto"
  ],
  "log": "|j|\u2606ub student\n|j|\u203dyumimoto\n|t:|1776568262\n|gametype|doubles\n|player|p1|ub student|101|1525\n|player|p2|yumimoto|lucas|1662\n|gen|9\n|tier|[Gen 9 Champions] VGC 2026 Reg M-A\n|rated|\n|rule|Species Clause: Limit one of each Pok\u00e9mon\n|rule|Item Clause: Limit 1 of each item\n|clearpoke\n|poke|p1|Floette-Eternal, L50, F|\n|poke|p1|Talonflame, L50, M|\n|poke|p1|Basculegion, L50, M|\n|poke|p1|Garchomp, L50, F|\n|poke|p1|Rotom-Wash, L50|\n|poke|p1|Kingambit, L50, M|\n|poke|p2|Charizard, L50, F|\n|poke|p2|Scovillain, L50, M|\n|poke|p2|Aegislash, L50, F|\n|poke|p2|Kingambit, L50, M|\n|poke|p2|Basculegion-F, L50, F|\n|poke|p2|Sylveon, L50, F|\n|teampreview|4\n|inactive|Battle timer is ON: inactive players will automatically lose when time's up. (requested by ub student)\n|\n|t:|1776568298\n|teamsize|p1|4\n|teamsize|p2|4\n|start\n|switch|p1a: Talonflame|Talonflame, L50, M|100/100\n|switch|p1b: Garchomp|Garchomp, L50, F|100/100\n|switch|p2a: Basculegion|Basculegion-F, L50, F|100/100\n|switch|p2b: Charizard|Charizard, L50, F|100/100\n|turn|1\n|\n|t:|1776568309\n|switch|p2b: Aegislash|Aegislash, L50, F|100/100\n|move|p1a: Talonflame|Tailwind|p1a: Talonflame\n|-sidestart|p1: ub student|move: Tailwind\n|move|p1b: Garchomp|Rock Slide|p2a: Basculegion|[spread] p2b\n|-miss|p1b: Garchomp|p2a: Basculegion\n|-resisted|p2b: Aegislash|1\n|-damage|p2b: Aegislash|93/100\n|move|p2a: Basculegion|Icy Wind|p1a: Talonflame|[spread] p1a,p1b\n|-supereffective|p1b: Garchomp|2\n|-damage|p1a: Talonflame|82/100\n|-damage|p1b: Garchomp|44/100\n|-unboost|p1a: Talonflame|spe|1\n|-unboost|p1b: Garchomp|spe|1\n|\n|upkeep\n|turn|2\n|\n|t:|1776568330\n|switch|p2b: Charizard|Charizard, L50, F|100/100\n|move|p1a: Talonflame|Brave Bird|p2a: Basculegion\n|-damage|p2a: Basculegion|47/100\n|-damage|p1a: Talonflame|59/100|[from] Recoil\n|move|p2a: Basculegion|Icy Wind|p1a: Talonflame|[spread] p1a,p1b\n|-supereffective|p1b: Garchomp|2\n|-damage|p1a: Talonflame|39/100\n|-damage|p1b: Garchomp|0 fnt\n|-unboost|p1a: Talonflame|spe|1\n|faint|p1b: Garchomp\n|\n|upkeep\n|j| anubisjr\n|\n|t:|1776568345\n|switch|p1b: Basculegion|Basculegion, L50, M|100/100\n|turn|3\n|\n|t:|1776568356\n|detailschange|p2b: Charizard|Charizard-Mega-Y, L50, F\n|-mega|p2b: Charizard|Charizard|Charizardite Y\n|-weather|SunnyDay|[from] ability: Drought|[of] p2b: Charizard\n|move|p1a: Talonflame|Feint|p2b: Charizard\n|-damage|p2b: Charizard|92/100\n|move|p1b: Basculegion|Wave Crash|p2b: Charizard\n|-supereffective|p2b: Charizard|1\n|-damage|p2b: Charizard|10/100\n|-damage|p1b: Basculegion|75/100|[from] Recoil\n|move|p2a: Basculegion|Icy Wind|p1a: Talonflame|[spread] p1a,p1b\n|-resisted|p1b: Basculegion|1\n|-damage|p1a: Talonflame|22/100\n|-damage|p1b: Basculegion|68/100\n|-unboost|p1a: Talonflame|spe|1\n|-unboost|p1b: Basculegion|spe|1\n|move|p2b: Charizard|Solar Beam||[still]\n|-prepare|p2b: Charizard|Solar Beam\n|-anim|p2b: Charizard|Solar Beam|p1b: Basculegion\n|-supereffective|p1b: Basculegion|1\n|-damage|p1b: Basculegion|0 fnt\n|faint|p1b: Basculegion\n|\n|-weather|SunnyDay|[upkeep]\n|upkeep\n|\n|t:|1776568367\n|switch|p1b: Kingambit|Kingambit, L50, M|100/100\n|turn|4\n|\n|t:|1776568392\n|move|p1a: Talonflame|Protect|p1a: Talonflame\n|-singleturn|p1a: Talonflame|Protect\n|move|p1b: Kingambit|Sucker Punch|p2b: Charizard\n|-damage|p2b: Charizard|0 fnt\n|faint|p2b: Charizard\n|move|p2a: Basculegion|Icy Wind|p1b: Kingambit|[spread] p1b\n|-activate|p1a: Talonflame|move: Protect\n|-resisted|p1b: Kingambit|1\n|-damage|p1b: Kingambit|94/100\n|-unboost|p1b: Kingambit|spe|1\n|-ability|p1b: Kingambit|Defiant|boost\n|-boost|p1b: Kingambit|atk|2\n|\n|-weather|SunnyDay|[upkeep]\n|-sideend|p1: ub student|move: Tailwind\n|upkeep\n|\n|t:|1776568407\n|switch|p2b: Kingambit|Kingambit, L50, M|100/100\n|turn|5\n|\n|t:|1776568413\n|switch|p2a: Aegislash|Aegislash, L50, F|93/100\n|move|p1a: Talonflame|Feint|p2b: Kingambit\n|-resisted|p2b: Kingambit|1\n|-damage|p2b: Kingambit|98/100\n|move|p2b: Kingambit|Low Kick|p1b: Kingambit\n|-supereffective|p1b: Kingambit|2\n|-damage|p1b: Kingambit|0 fnt\n|faint|p1b: Kingambit\n|\n|-weather|SunnyDay|[upkeep]\n|upkeep\n|turn|6\n|-message|ub student forfeited.\n|\n|win|yumimoto\n|raw|ub student's rating: 1525 &rarr; <strong>1513</strong><br />(-12 for losing)\n|raw|yumimoto's rating: 1662 &rarr; <strong>1674</strong><br />(+12 for winning)\n|l|\u2606ub student\n|player|p1|\n",
  "uploadtime": 1776568427,
  "views": 14,
  "formatid": "gen9championsvgc2026regma",
  "rating": 1513,
  "private": 0,
  "password": null
}