{
  "id": "gen9championsvgc2026regma-2583537273",
  "format": "[Gen 9 Champions] VGC 2026 Reg M-A",
  "players": [
    "Triple Goose",
    "Itotio"
  ],
  "log": "|j|\u2606Triple Goose\n|j|\u2606Itotio\n|html|<table width=\"100%\"><tr><td align=\"left\">Triple Goose</td><td align=\"right\">Itotio</tr><tr><td align=\"left\"><i class=\"fa fa-circle\"></i> <i class=\"fa fa-circle-o\"></i> </td><td align=\"right\"><i class=\"fa fa-circle-o\"></i> <i class=\"fa fa-circle\"></i> </tr></table>\n|uhtml|bestof|<h2><strong>Game 3</strong> of <a href=\"/game-bestof3-gen9championsvgc2026regma-2583530436\">a best-of-3</a></h2>\n|t:|1776181908\n|gametype|doubles\n|player|p1|Triple Goose|juggler|\n|player|p2|Itotio|lucas|\n|gen|9\n|tier|[Gen 9 Champions] VGC 2026 Reg M-A\n|rated|Tournament battle\n|rule|Species Clause: Limit one of each Pok\u00e9mon\n|rule|Item Clause: Limit 1 of each item\n|raw|<div class=\"infobox\"><details class=\"readmore\" open><summary><strong>2 custom rules:</strong></summary> Force Open Team Sheets, Best of = 3</details></div>\n|clearpoke\n|poke|p1|Whimsicott, L50, F|\n|poke|p1|Typhlosion-Hisui, L50, M|\n|poke|p1|Farigiraf, L50, F|\n|poke|p1|Incineroar, L50, M|\n|poke|p1|Sneasler, L50, F|\n|poke|p1|Floette-Eternal, L50, F|\n|poke|p2|Feraligatr, L50, M|\n|poke|p2|Aegislash, L50, F|\n|poke|p2|Sinistcha-Masterpiece, L50|\n|poke|p2|Pelipper, L50, M|\n|poke|p2|Avalugg-Hisui, L50, F|\n|poke|p2|Slowking-Galar, L50, F|\n|teampreview|4\n|showteam|p1|Whimsicott||FocusSash|Prankster|Moonblast,Tailwind,Encore,SunnyDay|||F|||50|]Typhlosion-Hisui||ChoiceScarf|Blaze|HeatWave,Eruption,Overheat,ShadowBall|||M|||50|]Farigiraf||SilkScarf|ArmorTail|Psychic,HyperVoice,TrickRoom,HelpingHand|||F|||50|]Incineroar||SitrusBerry|Intimidate|PartingShot,ThroatChop,FlareBlitz,FakeOut|||M|||50|]Sneasler||WhiteHerb|Unburden|DireClaw,CloseCombat,RockSlide,Protect|||F|||50|]Floette-Eternal||Floettite|FlowerVeil|Moonblast,DazzlingGleam,LightofRuin,Protect|||F|||50|\n|showteam|p2|Feraligatr||Feraligite|Torrent|Protect,DoubleEdge,Liquidation,AquaJet|||M|||50|]Aegislash||SpellTag|StanceChange|Poltergeist,SacredSword,KingsShield,SwordsDance|||F|||50|]Sinistcha-Masterpiece||SitrusBerry|Heatproof|ShadowBall,MatchaGotcha,TrickRoom,RagePowder||||||50|]Pelipper||FocusSash|Drizzle|WeatherBall,Hurricane,WideGuard,Protect|||M|||50|]Avalugg-Hisui||NeverMeltIce|Sturdy|RockSlide,HighHorsepower,MountainGale,Protect|||F|||50|]Slowking-Galar||ColburBerry|CuriousMedicine|TrickRoom,ChillyReception,SludgeBomb,Flamethrower|||F|||50|\n|inactive|Battle timer is ON: inactive players will automatically lose when time's up. (requested by Itotio)\n|inactive|Triple Goose also wants the timer to be on.\n|j| random1213\n|\n|t:|1776181929\n|teamsize|p1|4\n|teamsize|p2|4\n|start\n|switch|p1a: Farigiraf|Farigiraf, L50, F, shiny|100/100\n|switch|p1b: Floette|Floette-Eternal, L50, F|100/100\n|switch|p2a: Pelipper|Pelipper, L50, M|100/100\n|switch|p2b: Slowking|Slowking-Galar, L50, F|100/100\n|-weather|RainDance|[from] ability: Drizzle|[of] p2a: Pelipper\n|-clearboost|p2a: Pelipper|[from] ability: Curious Medicine|[of] p2b: Slowking\n|turn|1\n|\n|t:|1776181944\n|detailschange|p1b: Floette|Floette-Mega, L50, F\n|-mega|p1b: Floette|Floette|Floettite\n|-ability|p1b: Floette|Fairy Aura\n|move|p2a: Pelipper|Wide Guard|p2a: Pelipper\n|-singleturn|p2a: Pelipper|Wide Guard\n|move|p1b: Floette|Moonblast|p2b: Slowking\n|-resisted|p2b: Slowking|1\n|-crit|p2b: Slowking\n|-damage|p2b: Slowking|50/100\n|move|p1a: Farigiraf|Psychic|p2b: Slowking\n|-crit|p2b: Slowking\n|-damage|p2b: Slowking|0 fnt\n|faint|p2b: Slowking\n|\n|-weather|RainDance|[upkeep]\n|upkeep\n|\n|t:|1776181960\n|switch|p2b: Feraligatr|Feraligatr, L50, M|100/100\n|turn|2\n|j| Hy3ll0\n|\n|t:|1776181968\n|switch|p1b: Incineroar|Incineroar, L50, M|100/100\n|-ability|p1b: Incineroar|Intimidate|boost\n|-unboost|p2a: Pelipper|atk|1\n|-unboost|p2b: Feraligatr|atk|1\n|move|p2b: Feraligatr|Liquidation|p1b: Incineroar\n|-supereffective|p1b: Incineroar|1\n|-damage|p1b: Incineroar|16/100\n|-enditem|p1b: Incineroar|Sitrus Berry|[eat]\n|-heal|p1b: Incineroar|41/100|[from] item: Sitrus Berry\n|move|p2a: Pelipper|Weather Ball|p1a: Farigiraf\n|-damage|p1a: Farigiraf|29/100\n|move|p1a: Farigiraf|Hyper Voice|p2a: Pelipper|[spread] p2a,p2b\n|-damage|p2a: Pelipper|52/100\n|-damage|p2b: Feraligatr|58/100\n|\n|-weather|RainDance|[upkeep]\n|upkeep\n|turn|3\n|inactive|Triple Goose has 30 seconds left.\n|inactive|Itotio has 30 seconds left.\n|\n|t:|1776181993\n|switch|p2a: Avalugg|Avalugg-Hisui, L50, F|100/100\n|move|p1b: Incineroar|Fake Out|p2a: Avalugg\n|-resisted|p2a: Avalugg|1\n|-damage|p2a: Avalugg|98/100\n|move|p2b: Feraligatr|Aqua Jet||[still]\n|cant|p1a: Farigiraf|ability: Armor Tail|Aqua Jet|[of] p2b: Feraligatr\n|move|p1a: Farigiraf|Hyper Voice|p2b: Feraligatr|[spread] p2a,p2b\n|-resisted|p2a: Avalugg|1\n|-damage|p2a: Avalugg|63/100\n|-damage|p2b: Feraligatr|17/100\n|\n|-weather|RainDance|[upkeep]\n|upkeep\n|turn|4\n|j| HDX4\n|\n|t:|1776182004\n|switch|p1b: Whimsicott|Whimsicott, L50, F|100/100\n|move|p2b: Feraligatr|Liquidation|p1a: Farigiraf\n|-damage|p1a: Farigiraf|0 fnt\n|faint|p1a: Farigiraf\n|move|p2a: Avalugg|Rock Slide|p1b: Whimsicott\n|-damage|p1b: Whimsicott|46/100\n|\n|-weather|RainDance|[upkeep]\n|upkeep\n|\n|t:|1776182011\n|switch|p1a: Floette|Floette-Mega, L50, F|100/100\n|-ability|p1a: Floette|Fairy Aura\n|turn|5\n|\n|t:|1776182017\n|move|p2a: Avalugg|Protect|p2a: Avalugg\n|-singleturn|p2a: Avalugg|Protect\n|move|p1b: Whimsicott|Sunny Day|p1b: Whimsicott\n|-weather|SunnyDay\n|move|p2b: Feraligatr|Aqua Jet|p1a: Floette\n|-damage|p1a: Floette|89/100\n|move|p1a: Floette|Dazzling Gleam|p2b: Feraligatr|[spread] p2b\n|-activate|p2a: Avalugg|move: Protect\n|-damage|p2b: Feraligatr|0 fnt\n|faint|p2b: Feraligatr\n|\n|-weather|SunnyDay|[upkeep]\n|upkeep\n|\n|t:|1776182024\n|switch|p2b: Pelipper|Pelipper, L50, M|52/100\n|-weather|RainDance|[from] ability: Drizzle|[of] p2b: Pelipper\n|turn|6\n|\n|t:|1776182030\n|move|p2b: Pelipper|Wide Guard|p2b: Pelipper\n|-singleturn|p2b: Pelipper|Wide Guard\n|move|p1b: Whimsicott|Encore|p2a: Avalugg\n|-start|p2a: Avalugg|Encore\n|move|p2a: Avalugg|Protect||[still]\n|-fail|p2a: Avalugg\n|move|p1a: Floette|Dazzling Gleam|p2b: Pelipper|[spread] \n|-activate|p2a: Avalugg|move: Wide Guard\n|-activate|p2b: Pelipper|move: Wide Guard\n|\n|-weather|RainDance|[upkeep]\n|upkeep\n|turn|7\n|-message|Itotio forfeited.\n|\n|win|Triple Goose\n|l|\u2606Itotio\n|player|p2|\n",
  "uploadtime": 1776182056,
  "views": 27,
  "formatid": "gen9championsvgc2026regma",
  "rating": null,
  "private": 0,
  "password": null
}