{
  "id": "gen9championsvgc2026regma-2585282221",
  "format": "[Gen 9 Champions] VGC 2026 Reg M-A",
  "players": [
    "TheWonderfulGirl",
    "Brumi500"
  ],
  "log": "|j|\u2606TheWonderfulGirl\n|j|\u2606Brumi500\n|t:|1776333481\n|gametype|doubles\n|player|p1|TheWonderfulGirl|pokekid|1051\n|player|p2|Brumi500|red|1037\n|gen|9\n|tier|[Gen 9 Champions] VGC 2026 Reg M-A\n|rated|\n|rule|Species Clause: Limit one of each Pok\u00e9mon\n|rule|Item Clause: Limit 1 of each item\n|clearpoke\n|poke|p1|Froslass, L50, F|\n|poke|p1|Garchomp, L50, F|\n|poke|p1|Rotom-Frost, L50|\n|poke|p1|Empoleon, L50, F|\n|poke|p1|Incineroar, L50, F|\n|poke|p1|Kingambit, L50, M|\n|poke|p2|Kingambit, L50, M|\n|poke|p2|Froslass, L50, F|\n|poke|p2|Clefable, L50, M|\n|poke|p2|Sneasler, L50, F|\n|poke|p2|Rotom-Wash, L50|\n|poke|p2|Garchomp, L50, M|\n|teampreview|4\n|inactive|Battle timer is ON: inactive players will automatically lose when time's up. (requested by TheWonderfulGirl)\n|j| Piero46\n|inactive|TheWonderfulGirl has 60 seconds left.\n|inactive|TheWonderfulGirl has 30 seconds left.\n|inactive|TheWonderfulGirl has 20 seconds left.\n|inactive|TheWonderfulGirl has 15 seconds left.\n|inactive|TheWonderfulGirl has 10 seconds left.\n|inactive|TheWonderfulGirl has 5 seconds left.\n|\n|t:|1776333572\n|teamsize|p1|4\n|teamsize|p2|4\n|start\n|switch|p1a: Froslass|Froslass, L50, F|100/100\n|switch|p1b: Garchomp|Garchomp, L50, F|100/100\n|switch|p2a: Froslass|Froslass, L50, F|100/100\n|switch|p2b: Sneasler|Sneasler, L50, F|100/100\n|turn|1\n|inactive|TheWonderfulGirl has 30 seconds left.\n|inactive|TheWonderfulGirl has 20 seconds left.\n|inactive|TheWonderfulGirl has 15 seconds left.\n|\n|t:|1776333612\n|switch|p1a: Rotom|Rotom-Frost, L50|100/100\n|detailschange|p2a: Froslass|Froslass-Mega, L50, F\n|-mega|p2a: Froslass|Froslass|Froslassite\n|-weather|Snowscape|[from] ability: Snow Warning|[of] p2a: Froslass\n|move|p1b: Garchomp|Protect|p1b: Garchomp\n|-singleturn|p1b: Garchomp|Protect\n|move|p2b: Sneasler|Fake Out|p1a: Rotom\n|-damage|p1a: Rotom|88/100\n|move|p2a: Froslass|Blizzard|p1b: Garchomp|[spread] p1a\n|-activate|p1b: Garchomp|move: Protect\n|-resisted|p1a: Rotom|1\n|-damage|p1a: Rotom|62/100\n|\n|-weather|Snowscape|[upkeep]\n|upkeep\n|turn|2\n|\n|t:|1776333637\n|move|p1a: Rotom|Electroweb|p2a: Froslass|[spread] p2a,p2b\n|-damage|p2a: Froslass|83/100\n|-damage|p2b: Sneasler|75/100\n|-unboost|p2a: Froslass|spe|1\n|-unboost|p2b: Sneasler|spe|1\n|move|p1b: Garchomp|Earthquake|p2a: Froslass|[spread] p2a,p2b\n|-immune|p1a: Rotom|[from] ability: Levitate\n|-supereffective|p2b: Sneasler|1\n|-damage|p2a: Froslass|49/100\n|-damage|p2b: Sneasler|0 fnt\n|faint|p2b: Sneasler\n|move|p2a: Froslass|Blizzard|p1b: Garchomp|[spread] p1a,p1b\n|-resisted|p1a: Rotom|1\n|-supereffective|p1b: Garchomp|2\n|-damage|p1a: Rotom|36/100\n|-damage|p1b: Garchomp|0 fnt\n|faint|p1b: Garchomp\n|\n|-weather|Snowscape|[upkeep]\n|upkeep\n|\n|t:|1776333655\n|switch|p2b: Clefable|Clefable, L50, M|100/100\n|switch|p1b: Froslass|Froslass, L50, F|100/100\n|turn|3\n|\n|t:|1776333676\n|switch|p1a: Empoleon|Empoleon, L50, F|100/100\n|move|p1b: Froslass|Protect|p1b: Froslass\n|-singleturn|p1b: Froslass|Protect\n|move|p2a: Froslass|Aurora Veil|p2a: Froslass\n|-sidestart|p2: Brumi500|move: Aurora Veil\n|move|p2b: Clefable|Thunder Wave|p1b: Froslass\n|-activate|p1b: Froslass|move: Protect\n|\n|-weather|Snowscape|[upkeep]\n|upkeep\n|turn|4\n|inactive|TheWonderfulGirl has 30 seconds left.\n|inactive|TheWonderfulGirl has 20 seconds left.\n|inactive|TheWonderfulGirl has 15 seconds left.\n|\n|t:|1776333719\n|switch|p1b: Rotom|Rotom-Frost, L50|36/100\n|move|p2b: Clefable|Follow Me|p2b: Clefable\n|-singleturn|p2b: Clefable|move: Follow Me\n|move|p2a: Froslass|Shadow Ball|p1b: Rotom\n|-damage|p1b: Rotom|0 fnt\n|faint|p1b: Rotom\n|move|p1a: Empoleon|Roar|p2b: Clefable\n|drag|p2b: Kingambit|Kingambit, L50, M|100/100\n|\n|-weather|Snowscape|[upkeep]\n|upkeep\n|\n|t:|1776333733\n|switch|p1b: Froslass|Froslass, L50, F|100/100\n|turn|5\n|\n|t:|1776333749\n|move|p1b: Froslass|Shadow Ball|p2a: Froslass\n|-supereffective|p2a: Froslass|1\n|-damage|p2a: Froslass|8/100\n|-unboost|p2a: Froslass|spd|1\n|move|p2a: Froslass|Shadow Ball|p1b: Froslass\n|-supereffective|p1b: Froslass|1\n|-crit|p1b: Froslass\n|-damage|p1b: Froslass|0 fnt\n|faint|p1b: Froslass\n|move|p2b: Kingambit|Kowtow Cleave|p1a: Empoleon\n|-damage|p1a: Empoleon|49/100\n|move|p1a: Empoleon|Roar|p2b: Kingambit\n|drag|p2b: Clefable|Clefable, L50, M|100/100\n|\n|-weather|none\n|-heal|p1a: Empoleon|54/100|[from] item: Leftovers\n|upkeep\n|turn|6\n|\n|t:|1776333774\n|move|p2a: Froslass|Shadow Ball|p1a: Empoleon\n|-damage|p1a: Empoleon|18/100\n|-unboost|p1a: Empoleon|spd|1\n|-ability|p1a: Empoleon|Competitive|boost\n|-boost|p1a: Empoleon|spa|2\n|move|p1a: Empoleon|Flash Cannon|p2a: Froslass\n|-supereffective|p2a: Froslass|1\n|-damage|p2a: Froslass|0 fnt\n|faint|p2a: Froslass\n|move|p2b: Clefable|Moonblast|p1a: Empoleon\n|-resisted|p1a: Empoleon|1\n|-damage|p1a: Empoleon|4/100\n|\n|-heal|p1a: Empoleon|9/100|[from] item: Leftovers\n|upkeep\n|\n|t:|1776333782\n|switch|p2a: Kingambit|Kingambit, L50, M|100/100\n|turn|7\n|\n|t:|1776333788\n|move|p2a: Kingambit|Sucker Punch|p1a: Empoleon\n|-damage|p1a: Empoleon|0 fnt\n|faint|p1a: Empoleon\n|\n|win|Brumi500\n|raw|TheWonderfulGirl's rating: 1051 &rarr; <strong>1033</strong><br />(-18 for losing)\n|raw|Brumi500's rating: 1037 &rarr; <strong>1073</strong><br />(+36 for winning)\n|l|\u2606Brumi500\n|player|p2|\n",
  "uploadtime": 1776333791,
  "views": 21,
  "formatid": "gen9championsvgc2026regma",
  "rating": 1033,
  "private": 0,
  "password": null
}