{
  "id": "gen9championsvgc2026regma-2582607038",
  "format": "[Gen 9 Champions] VGC 2026 Reg M-A",
  "players": [
    "joymaxxing",
    "ydudz"
  ],
  "log": "|j|\u2606joymaxxing\n|j|\u2606ydudz\n|t:|1776102279\n|gametype|doubles\n|player|p1|joymaxxing|elesa|1293\n|player|p2|ydudz|gentleman|1337\n|gen|9\n|tier|[Gen 9 Champions] VGC 2026 Reg M-A\n|rated|\n|rule|Species Clause: Limit one of each Pok\u00e9mon\n|rule|Item Clause: Limit 1 of each item\n|clearpoke\n|poke|p1|Reuniclus, L50, F|\n|poke|p1|Tyranitar, L50, F|\n|poke|p1|Tinkaton, L50, F|\n|poke|p1|Garchomp, L50, F|\n|poke|p1|Orthworm, L50, M|\n|poke|p1|Meganium, L50, M|\n|poke|p2|Froslass, L50, F|\n|poke|p2|Sneasler, L50, M|\n|poke|p2|Aerodactyl, L50, M|\n|poke|p2|Garchomp, L50, M|\n|poke|p2|Kingambit, L50, M|\n|poke|p2|Rotom-Wash, L50|\n|teampreview|4\n|inactive|Battle timer is ON: inactive players will automatically lose when time's up. (requested by ydudz)\n|inactive|ydudz has 60 seconds left.\n|j| Robertl\n|l| Robertl\n|\n|t:|1776102331\n|teamsize|p1|4\n|teamsize|p2|4\n|start\n|switch|p1a: Reuniclus|Reuniclus, L50, F, shiny|100/100\n|switch|p1b: Orthworm|Orthworm, L50, M, shiny|100/100\n|switch|p2a: Froslass|Froslass, L50, F|100/100\n|switch|p2b: Garchomp|Garchomp, L50, M|100/100\n|turn|1\n|inactive|ydudz has 30 seconds left.\n|\n|t:|1776102362\n|detailschange|p2a: Froslass|Froslass-Mega, L50, F\n|-mega|p2a: Froslass|Froslass|Froslassite\n|-weather|Snowscape|[from] ability: Snow Warning|[of] p2a: Froslass\n|move|p2a: Froslass|Aurora Veil|p2a: Froslass\n|-sidestart|p2: ydudz|move: Aurora Veil\n|move|p2b: Garchomp|Stomping Tantrum|p1b: Orthworm\n|-immune|p1b: Orthworm|[from] ability: Earth Eater\n|move|p1b: Orthworm|Shed Tail|p1b: Orthworm\n|-start|p1b: Orthworm|Substitute|[from] move: Shed Tail\n|-damage|p1b: Orthworm|50/100\n|-enditem|p1b: Orthworm|Sitrus Berry|[eat]\n|-heal|p1b: Orthworm|75/100|[from] item: Sitrus Berry\n|\n|t:|1776102374\n|switch|p1b: Tyranitar|Tyranitar, L50, F, shiny|100/100|[from] Shed Tail\n|-weather|Sandstorm|[from] ability: Sand Stream|[of] p1b: Tyranitar\n|move|p1a: Reuniclus|Trick Room|p1a: Reuniclus\n|-fieldstart|move: Trick Room|[of] p1a: Reuniclus\n|\n|-weather|Sandstorm|[upkeep]\n|-damage|p2a: Froslass|94/100|[from] Sandstorm\n|upkeep\n|turn|2\n|\n|t:|1776102388\n|move|p2a: Froslass|Protect|p2a: Froslass\n|-singleturn|p2a: Froslass|Protect\n|move|p1a: Reuniclus|Psychic|p2b: Garchomp\n|-damage|p2b: Garchomp|60/100\n|move|p1b: Tyranitar|Rock Slide|p2a: Froslass|[spread] p2b\n|-activate|p2a: Froslass|move: Protect\n|-resisted|p2b: Garchomp|1\n|-damage|p2b: Garchomp|49/100\n|move|p2b: Garchomp|Earthquake|p1b: Tyranitar|[spread] p1a,p1b\n|-activate|p2a: Froslass|move: Protect\n|-supereffective|p1b: Tyranitar|1\n|-end|p1b: Tyranitar|Substitute\n|-damage|p1a: Reuniclus|64/100\n|\n|-weather|Sandstorm|[upkeep]\n|-damage|p2a: Froslass|88/100|[from] Sandstorm\n|upkeep\n|turn|3\n|\n|t:|1776102399\n|move|p1a: Reuniclus|Psychic|p2b: Garchomp\n|-damage|p2b: Garchomp|11/100\n|move|p1b: Tyranitar|Rock Slide|p2b: Garchomp|[spread] p2a,p2b\n|-supereffective|p2a: Froslass|1\n|-resisted|p2b: Garchomp|1\n|-damage|p2a: Froslass|22/100\n|-damage|p2b: Garchomp|0 fnt\n|faint|p2b: Garchomp\n|move|p2a: Froslass|Shadow Ball|p1a: Reuniclus\n|-supereffective|p1a: Reuniclus|1\n|-damage|p1a: Reuniclus|0 fnt\n|faint|p1a: Reuniclus\n|\n|-weather|Sandstorm|[upkeep]\n|-damage|p2a: Froslass|16/100|[from] Sandstorm\n|upkeep\n|\n|t:|1776102410\n|switch|p1a: Orthworm|Orthworm, L50, M, shiny|75/100\n|switch|p2b: Sneasler|Sneasler, L50, M|100/100\n|turn|4\n|\n|t:|1776102420\n|move|p2a: Froslass|Protect|p2a: Froslass\n|-singleturn|p2a: Froslass|Protect\n|move|p2b: Sneasler|Fake Out|p1b: Tyranitar\n|-resisted|p1b: Tyranitar|1\n|-damage|p1b: Tyranitar|94/100\n|cant|p1b: Tyranitar|flinch\n|move|p1a: Orthworm|Shed Tail|p1a: Orthworm\n|-start|p1a: Orthworm|Substitute|[from] move: Shed Tail\n|-damage|p1a: Orthworm|25/100\n|\n|t:|1776102425\n|switch|p1a: Garchomp|Garchomp, L50, F, shiny|100/100|[from] Shed Tail\n|\n|-weather|Sandstorm|[upkeep]\n|-damage|p2b: Sneasler|95/100|[from] Sandstorm\n|-damage|p2a: Froslass|9/100|[from] Sandstorm\n|upkeep\n|turn|5\n|\n|t:|1776102434\n|switch|p1b: Orthworm|Orthworm, L50, M, shiny|25/100\n|switch|p2a: Kingambit|Kingambit, L50, M|100/100\n|move|p2b: Sneasler|Protect|p2b: Sneasler\n|-singleturn|p2b: Sneasler|Protect\n|move|p1a: Garchomp|Earthquake|p2b: Sneasler|[spread] p2a\n|-activate|p2b: Sneasler|move: Protect\n|-heal|p1b: Orthworm|50/100|[from] ability: Earth Eater|[of] p1a: Garchomp\n|-supereffective|p2a: Kingambit|1\n|-damage|p2a: Kingambit|60/100\n|\n|-weather|none\n|-sideend|p2: ydudz|move: Aurora Veil\n|-fieldend|move: Trick Room\n|upkeep\n|turn|6\n|\n|t:|1776102446\n|move|p1b: Orthworm|Protect|p1b: Orthworm\n|-singleturn|p1b: Orthworm|Protect\n|move|p2b: Sneasler|Close Combat|p1a: Garchomp\n|-end|p1a: Garchomp|Substitute\n|-unboost|p2b: Sneasler|def|1\n|-unboost|p2b: Sneasler|spd|1\n|-enditem|p2b: Sneasler|White Herb\n|-clearnegativeboost|p2b: Sneasler|[silent]\n|move|p1a: Garchomp|Earthquake|p2a: Kingambit|[spread] p2a,p2b\n|-activate|p1b: Orthworm|move: Protect\n|-supereffective|p2a: Kingambit|1\n|-supereffective|p2b: Sneasler|1\n|-damage|p2a: Kingambit|2/100\n|-damage|p2b: Sneasler|0 fnt\n|faint|p2b: Sneasler\n|move|p2a: Kingambit|Kowtow Cleave|p1b: Orthworm\n|-activate|p1b: Orthworm|move: Protect\n|\n|upkeep\n|\n|t:|1776102452\n|switch|p2b: Froslass|Froslass-Mega, L50, F|9/100\n|-weather|Snowscape|[from] ability: Snow Warning|[of] p2b: Froslass\n|turn|7\n|\n|t:|1776102467\n|switch|p1b: Tyranitar|Tyranitar, L50, F, shiny|94/100\n|-weather|Sandstorm|[from] ability: Sand Stream|[of] p1b: Tyranitar\n|move|p2b: Froslass|Blizzard|p1a: Garchomp|[spread] p1a,p1b\n|-supereffective|p1a: Garchomp|2\n|-damage|p1a: Garchomp|0 fnt\n|-damage|p1b: Tyranitar|68/100\n|faint|p1a: Garchomp\n|move|p2a: Kingambit|Kowtow Cleave|p1b: Tyranitar\n|-resisted|p1b: Tyranitar|1\n|-damage|p1b: Tyranitar|42/100\n|\n|-weather|Sandstorm|[upkeep]\n|-damage|p2b: Froslass|3/100|[from] Sandstorm\n|upkeep\n|\n|t:|1776102469\n|switch|p1a: Orthworm|Orthworm, L50, M, shiny|50/100\n|turn|8\n|\n|t:|1776102477\n|detailschange|p1b: Tyranitar|Tyranitar-Mega, L50, F, shiny\n|-mega|p1b: Tyranitar|Tyranitar|Tyranitarite\n|move|p2b: Froslass|Shadow Ball|p1a: Orthworm\n|-damage|p1a: Orthworm|1/100\n|move|p1b: Tyranitar|Rock Slide|p2b: Froslass|[spread] p2a,p2b\n|-resisted|p2a: Kingambit|1\n|-supereffective|p2b: Froslass|1\n|-damage|p2a: Kingambit|0 fnt\n|-damage|p2b: Froslass|0 fnt\n|faint|p2a: Kingambit\n|faint|p2b: Froslass\n|\n|win|joymaxxing\n|raw|joymaxxing's rating: 1293 &rarr; <strong>1321</strong><br />(+28 for winning)\n|raw|ydudz's rating: 1337 &rarr; <strong>1314</strong><br />(-23 for losing)\n|l|\u2606ydudz\n|player|p2|\n",
  "uploadtime": 1776102491,
  "views": 22,
  "formatid": "gen9championsvgc2026regma",
  "rating": 1314,
  "private": 0,
  "password": null
}