{
  "id": "gen9championsvgc2026regma-2589583084",
  "format": "[Gen 9 Champions] VGC 2026 Reg M-A",
  "players": [
    "test venu",
    "0008revO"
  ],
  "log": "|j|\u2606test venu\n|j|\u26060008revO\n|t:|1776736292\n|gametype|doubles\n|player|p1|test venu|102|1122\n|player|p2|0008revO|hoopster|1116\n|gen|9\n|tier|[Gen 9 Champions] VGC 2026 Reg M-A\n|rated|\n|rule|Species Clause: Limit one of each Pok\u00e9mon\n|rule|Item Clause: Limit 1 of each item\n|clearpoke\n|poke|p1|Venusaur, L50, M|\n|poke|p1|Tyranitar, L50, M|\n|poke|p1|Garchomp, L50, M|\n|poke|p1|Corviknight, L50, M|\n|poke|p1|Rotom-Heat, L50|\n|poke|p1|Primarina, L50, F|\n|poke|p2|Charizard, L50, F|\n|poke|p2|Venusaur, L50, M|\n|poke|p2|Whimsicott, L50, F|\n|poke|p2|Incineroar, L50, M|\n|poke|p2|Kingambit, L50, F|\n|poke|p2|Garchomp, L50, M|\n|teampreview|4\n|inactive|Battle timer is ON: inactive players will automatically lose when time's up. (requested by test venu)\n|\n|t:|1776736319\n|teamsize|p1|4\n|teamsize|p2|4\n|start\n|switch|p1a: Garchomp|Garchomp, L50, M|100/100\n|switch|p1b: Rotom|Rotom-Heat, L50|100/100\n|switch|p2a: Incineroar|Incineroar, L50, M|100/100\n|switch|p2b: Garchomp|Garchomp, L50, M|100/100\n|-ability|p2a: Incineroar|Intimidate|boost\n|-unboost|p1a: Garchomp|atk|1\n|-unboost|p1b: Rotom|atk|1\n|turn|1\n|\n|t:|1776736330\n|move|p1a: Garchomp|Protect|p1a: Garchomp\n|-singleturn|p1a: Garchomp|Protect\n|move|p2a: Incineroar|Fake Out|p1b: Rotom\n|-damage|p1b: Rotom|87/100\n|cant|p1b: Rotom|flinch\n|move|p2b: Garchomp|Dragon Claw|p1a: Garchomp\n|-activate|p1a: Garchomp|move: Protect\n|\n|upkeep\n|turn|2\n|\n|t:|1776736345\n|move|p1b: Rotom|Overheat|p2b: Garchomp\n|-resisted|p2b: Garchomp|1\n|-damage|p2b: Garchomp|71/100\n|-unboost|p1b: Rotom|spa|2\n|move|p2b: Garchomp|Dragon Claw|p1a: Garchomp\n|-supereffective|p1a: Garchomp|1\n|-enditem|p1a: Garchomp|Haban Berry|[eat]\n|-enditem|p1a: Garchomp|Haban Berry|[weaken]\n|-damage|p1a: Garchomp|54/100\n|-damage|p2b: Garchomp|58/100|[from] ability: Rough Skin|[of] p1a: Garchomp\n|move|p1a: Garchomp|Dragon Claw|p2b: Garchomp\n|-supereffective|p2b: Garchomp|1\n|-enditem|p2b: Garchomp|Haban Berry|[eat]\n|-enditem|p2b: Garchomp|Haban Berry|[weaken]\n|-damage|p2b: Garchomp|26/100\n|-damage|p1a: Garchomp|42/100|[from] ability: Rough Skin|[of] p2b: Garchomp\n|move|p2a: Incineroar|Parting Shot|p1a: Garchomp\n|-unboost|p1a: Garchomp|atk|1\n|-unboost|p1a: Garchomp|spa|1\n|\n|t:|1776736369\n|switch|p2a: Charizard|Charizard, L50, F|100/100|[from] Parting Shot\n|\n|upkeep\n|turn|3\n|\n|t:|1776736379\n|move|p2b: Garchomp|Protect|p2b: Garchomp\n|-singleturn|p2b: Garchomp|Protect\n|move|p1a: Garchomp|Protect|p1a: Garchomp\n|-singleturn|p1a: Garchomp|Protect\n|move|p1b: Rotom|Overheat|p2b: Garchomp\n|-activate|p2b: Garchomp|move: Protect\n|move|p2a: Charizard|Dragon Pulse|p1a: Garchomp\n|-activate|p1a: Garchomp|move: Protect\n|\n|upkeep\n|turn|4\n|\n|t:|1776736390\n|move|p1b: Rotom|Overheat|p2b: Garchomp\n|-resisted|p2b: Garchomp|1\n|-damage|p2b: Garchomp|11/100\n|-unboost|p1b: Rotom|spa|2\n|move|p2b: Garchomp|Rock Slide|p1b: Rotom|[spread] p1a,p1b\n|-resisted|p1a: Garchomp|1\n|-supereffective|p1b: Rotom|1\n|-damage|p1a: Garchomp|32/100\n|-damage|p1b: Rotom|42/100\n|move|p2a: Charizard|Dragon Pulse|p1a: Garchomp\n|-supereffective|p1a: Garchomp|1\n|-damage|p1a: Garchomp|0 fnt\n|faint|p1a: Garchomp\n|\n|upkeep\n|inactive|test venu has 30 seconds left.\n|\n|t:|1776736415\n|switch|p1a: Venusaur|Venusaur, L50, M|100/100\n|turn|5\n|\n|t:|1776736427\n|switch|p1b: Tyranitar|Tyranitar, L50, M|100/100\n|-weather|Sandstorm|[from] ability: Sand Stream|[of] p1b: Tyranitar\n|detailschange|p1a: Venusaur|Venusaur-Mega, L50, M\n|-mega|p1a: Venusaur|Venusaur|Venusaurite\n|move|p2b: Garchomp|Rock Slide|p1b: Tyranitar|[spread] p1a,p1b\n|-damage|p1a: Venusaur|84/100\n|-damage|p1b: Tyranitar|83/100\n|move|p2a: Charizard|Heat Wave|p1b: Tyranitar|[spread] p1a,p1b\n|-supereffective|p1a: Venusaur|1\n|-resisted|p1b: Tyranitar|1\n|-damage|p1a: Venusaur|56/100\n|-damage|p1b: Tyranitar|72/100\n|-status|p1a: Venusaur|brn\n|move|p1a: Venusaur|Sludge Bomb|p2a: Charizard\n|-damage|p2a: Charizard|38/100\n|-status|p2a: Charizard|psn\n|\n|-weather|Sandstorm|[upkeep]\n|-damage|p2a: Charizard|32/100 psn|[from] Sandstorm\n|-damage|p1a: Venusaur|50/100 brn|[from] Sandstorm\n|-damage|p2a: Charizard|20/100 psn|[from] psn\n|-damage|p1a: Venusaur|44/100 brn|[from] brn\n|upkeep\n|turn|6\n|inactive|0008revO has 30 seconds left.\n|\n|t:|1776736461\n|detailschange|p2a: Charizard|Charizard-Mega-Y, L50, F\n|-mega|p2a: Charizard|Charizard|Charizardite Y\n|-weather|SunnyDay|[from] ability: Drought|[of] p2a: Charizard\n|move|p1a: Venusaur|Protect|p1a: Venusaur\n|-singleturn|p1a: Venusaur|Protect\n|move|p1b: Tyranitar|Protect|p1b: Tyranitar\n|-singleturn|p1b: Tyranitar|Protect\n|move|p2b: Garchomp|Earthquake|p1a: Venusaur|[spread] \n|-activate|p1a: Venusaur|move: Protect\n|-activate|p1b: Tyranitar|move: Protect\n|-immune|p2a: Charizard\n|move|p2a: Charizard|Heat Wave|p1b: Tyranitar|[spread] \n|-activate|p1a: Venusaur|move: Protect\n|-activate|p1b: Tyranitar|move: Protect\n|\n|-weather|SunnyDay|[upkeep]\n|-damage|p2a: Charizard|8/100 psn|[from] psn\n|-damage|p1a: Venusaur|38/100 brn|[from] brn\n|upkeep\n|turn|7\n|\n|t:|1776736481\n|switch|p1b: Rotom|Rotom-Heat, L50|42/100\n|move|p2b: Garchomp|Earthquake|p1b: Rotom|[spread] p1a\n|-immune|p2a: Charizard\n|-immune|p1b: Rotom|[from] ability: Levitate\n|-damage|p1a: Venusaur|9/100 brn\n|move|p2a: Charizard|Heat Wave|p1a: Venusaur|[spread] p1a,p1b\n|-supereffective|p1a: Venusaur|1\n|-resisted|p1b: Rotom|1\n|-damage|p1a: Venusaur|0 fnt\n|-damage|p1b: Rotom|1/100\n|faint|p1a: Venusaur\n|\n|-weather|SunnyDay|[upkeep]\n|-damage|p2a: Charizard|0 fnt|[from] psn\n|faint|p2a: Charizard\n|upkeep\n|\n|t:|1776736497\n|switch|p2a: Kingambit|Kingambit, L50, F|100/100\n|switch|p1a: Tyranitar|Tyranitar, L50, M|72/100\n|-weather|Sandstorm|[from] ability: Sand Stream|[of] p1a: Tyranitar\n|turn|8\n|\n|t:|1776736505\n|move|p1b: Rotom|Overheat|p2b: Garchomp\n|-resisted|p2b: Garchomp|1\n|-damage|p2b: Garchomp|0 fnt\n|-unboost|p1b: Rotom|spa|2\n|faint|p2b: Garchomp\n|move|p1a: Tyranitar|Low Kick|p2a: Kingambit\n|-supereffective|p2a: Kingambit|2\n|-enditem|p2a: Kingambit|Chople Berry|[eat]\n|-enditem|p2a: Kingambit|Chople Berry|[weaken]\n|-damage|p2a: Kingambit|43/100\n|move|p2a: Kingambit|Iron Head|p1a: Tyranitar\n|-supereffective|p1a: Tyranitar|1\n|-damage|p1a: Tyranitar|0 fnt\n|faint|p1a: Tyranitar\n|\n|-weather|Sandstorm|[upkeep]\n|-damage|p1b: Rotom|0 fnt|[from] Sandstorm\n|faint|p1b: Rotom\n|\n|win|0008revO\n|raw|test venu's rating: 1122 &rarr; <strong>1097</strong><br />(-25 for losing)\n|raw|0008revO's rating: 1116 &rarr; <strong>1141</strong><br />(+25 for winning)\n",
  "uploadtime": 1776736505,
  "views": 2,
  "formatid": "gen9championsvgc2026regma",
  "rating": 1097,
  "private": 0,
  "password": null
}