{
  "id": "gen9championsvgc2026regma-2586885451",
  "format": "[Gen 9 Champions] VGC 2026 Reg M-A",
  "players": [
    "biscotti5",
    "based_aggron17"
  ],
  "log": "|j|\u2606biscotti5\n|j|\u2606based_aggron17\n|t:|1776468497\n|gametype|doubles\n|player|p1|biscotti5|veteranf|1080\n|player|p2|based_aggron17|will|1050\n|gen|9\n|tier|[Gen 9 Champions] VGC 2026 Reg M-A\n|rated|\n|rule|Species Clause: Limit one of each Pok\u00e9mon\n|rule|Item Clause: Limit 1 of each item\n|clearpoke\n|poke|p1|Politoed, L50, F|\n|poke|p1|Dragonite, L50, F|\n|poke|p1|Basculegion, L50, M|\n|poke|p1|Sneasler, L50, F|\n|poke|p1|Sinistcha, L50|\n|poke|p1|Goodra-Hisui, L50, M|\n|poke|p2|Aggron, L50, F|\n|poke|p2|Farigiraf, L50, F|\n|poke|p2|Tyranitar, L50, F|\n|poke|p2|Conkeldurr, L50, F|\n|poke|p2|Incineroar, L50, F|\n|poke|p2|Sinistcha-Masterpiece, L50|\n|teampreview|4\n|inactive|Battle timer is ON: inactive players will automatically lose when time's up. (requested by biscotti5)\n|inactive|based_aggron17 also wants the timer to be on.\n|j| cleo2022\nbased_aggron17 has agreed to open team sheets.\n|inactive|biscotti5 has 60 seconds left.\n|\n|t:|1776468543\n|teamsize|p1|4\n|teamsize|p2|4\n|start\n|switch|p1a: Ella|Dragonite, L50, F, shiny|100/100\n|switch|p1b: Tipton|Sinistcha, L50|100/100\n|switch|p2a: Farigiraf|Farigiraf, L50, F|100/100\n|switch|p2b: Incineroar|Incineroar, L50, F|100/100\n|-ability|p2b: Incineroar|Intimidate|boost\n|-fail|p1a: Ella|unboost|Attack|[from] ability: Inner Focus|[of] p1a: Ella\n|-unboost|p1b: Tipton|atk|1\n|turn|1\n|\n|t:|1776468567\n|move|p2b: Incineroar|Fake Out|p1a: Ella\n|-damage|p1a: Ella|87/100\n|move|p1b: Tipton|Rage Powder|p1b: Tipton\n|-singleturn|p1b: Tipton|move: Rage Powder\n|move|p1a: Ella|Draco Meteor|p2b: Incineroar|[miss]\n|-miss|p1a: Ella|p2b: Incineroar\n|move|p2a: Farigiraf|Trick Room|p2a: Farigiraf\n|-fieldstart|move: Trick Room|[of] p2a: Farigiraf\n|\n|upkeep\n|turn|2\n|\n|t:|1776468583\n|switch|p1b: Dizzy|Politoed, L50, F, shiny|100/100\n|-weather|RainDance|[from] ability: Drizzle|[of] p1b: Dizzy\n|switch|p1a: Louis|Goodra-Hisui, L50, M|100/100\n|move|p2b: Incineroar|Parting Shot|p1a: Louis\n|-unboost|p1a: Louis|atk|1\n|-unboost|p1a: Louis|spa|1\n|\n|t:|1776468593\n|switch|p2b: Aggron|Aggron, L50, F, shiny|100/100|[from] Parting Shot\n|move|p2a: Farigiraf|Psychic|p1a: Louis\n|-resisted|p1a: Louis|1\n|-damage|p1a: Louis|88/100\n|\n|-weather|RainDance|[upkeep]\n|upkeep\n|turn|3\n|\n|t:|1776468611\n|detailschange|p2b: Aggron|Aggron-Mega, L50, F, shiny\n|-mega|p2b: Aggron|Aggron|Aggronite\n|move|p2b: Aggron|Iron Defense|p2b: Aggron\n|-boost|p2b: Aggron|def|2\n|move|p2a: Farigiraf|Psychic|p1b: Dizzy\n|-crit|p1b: Dizzy\n|-damage|p1b: Dizzy|58/100\n|move|p1a: Louis|Heavy Slam|p2a: Farigiraf\n|-damage|p2a: Farigiraf|79/100\n|move|p1b: Dizzy|Haze|p1b: Dizzy\n|-clearallboost\n|\n|-weather|RainDance|[upkeep]\n|-heal|p1b: Dizzy|64/100|[from] item: Leftovers\n|upkeep\n|turn|4\n|\n|t:|1776468636\n|move|p2b: Aggron|Body Press|p1a: Louis\n|-supereffective|p1a: Louis|1\n|-damage|p1a: Louis|14/100\n|move|p2a: Farigiraf|Psychic|p1b: Dizzy\n|-damage|p1b: Dizzy|37/100\n|move|p1a: Louis|Body Press|p2b: Aggron\n|-supereffective|p2b: Aggron|1\n|-damage|p2b: Aggron|84/100\n|move|p1b: Dizzy|Weather Ball|p2b: Aggron\n|-damage|p2b: Aggron|41/100\n|\n|-weather|RainDance|[upkeep]\n|-heal|p1b: Dizzy|43/100|[from] item: Leftovers\n|upkeep\n|turn|5\n|\n|t:|1776468652\n|switch|p2a: Sinistcha|Sinistcha-Masterpiece, L50|100/100\n|-heal|p2b: Aggron|65/100|[from] ability: Hospitality|[of] p2a: Sinistcha\n|switch|p1a: Tipton|Sinistcha, L50|100/100\n|-heal|p1b: Dizzy|68/100|[from] ability: Hospitality|[of] p1a: Tipton\n|move|p1b: Dizzy|Protect|p1b: Dizzy\n|-singleturn|p1b: Dizzy|Protect\n|move|p2b: Aggron|Body Press|p1a: Tipton\n|-immune|p1a: Tipton\n|\n|-weather|RainDance|[upkeep]\n|-heal|p1b: Dizzy|74/100|[from] item: Leftovers\n|-fieldend|move: Trick Room\n|upkeep\n|turn|6\n|\n|t:|1776468675\n|move|p1b: Dizzy|Weather Ball|p2b: Aggron\n|-damage|p2b: Aggron|21/100\n|move|p1a: Tipton|Matcha Gotcha|p2b: Aggron|[spread] p2a,p2b\n|-resisted|p2a: Sinistcha|1\n|-resisted|p2b: Aggron|1\n|-damage|p2a: Sinistcha|88/100\n|-damage|p2b: Aggron|11/100\n|-status|p2a: Sinistcha|brn\n|move|p2a: Sinistcha|Life Dew|p2a: Sinistcha|[spread] p2a,p2b\n|-heal|p2a: Sinistcha|100/100 brn\n|-heal|p2b: Aggron|36/100\n|move|p2b: Aggron|Iron Defense|p2b: Aggron\n|-boost|p2b: Aggron|def|2\n|\n|-weather|none\n|-heal|p1b: Dizzy|80/100|[from] item: Leftovers\n|-damage|p2a: Sinistcha|94/100 brn|[from] brn\n|upkeep\n|turn|7\n|inactive|based_aggron17 has 30 seconds left.\n|\n|t:|1776468707\n|switch|p1b: Ella|Dragonite, L50, F, shiny|87/100\n|move|p1a: Tipton|Rage Powder|p1a: Tipton\n|-singleturn|p1a: Tipton|move: Rage Powder\n|move|p2a: Sinistcha|Pain Split|p2b: Aggron\n|-sethp|p2b: Aggron|56/100|[from] move: Pain Split|[silent]\n|-sethp|p2a: Sinistcha|68/100 brn|[from] move: Pain Split\n|move|p2b: Aggron|Body Press|p1a: Tipton\n|-immune|p1a: Tipton\n|\n|-damage|p2a: Sinistcha|62/100 brn|[from] brn\n|upkeep\n|turn|8\n|\n|t:|1776468723\n|switch|p1a: Dizzy|Politoed, L50, F, shiny|80/100\n|-weather|RainDance|[from] ability: Drizzle|[of] p1a: Dizzy\n|detailschange|p1b: Ella|Dragonite-Mega, L50, F, shiny\n|-mega|p1b: Ella|Dragonite|Dragoninite\n|move|p1b: Ella|Hurricane|p2a: Sinistcha\n|-supereffective|p2a: Sinistcha|1\n|-damage|p2a: Sinistcha|0 fnt\n|faint|p2a: Sinistcha\n|move|p2b: Aggron|Crunch|p1a: Dizzy\n|-damage|p1a: Dizzy|59/100\n|-unboost|p1a: Dizzy|def|1\n|\n|-weather|RainDance|[upkeep]\n|-heal|p1a: Dizzy|65/100|[from] item: Leftovers\n|upkeep\n|\n|t:|1776468735\n|switch|p2a: Incineroar|Incineroar, L50, F|100/100\n|-ability|p2a: Incineroar|Intimidate|boost\n|-unboost|p1a: Dizzy|atk|1\n|-unboost|p1b: Ella|atk|1\n|turn|9\n|\n|t:|1776468755\n|move|p1b: Ella|Protect|p1b: Ella\n|-singleturn|p1b: Ella|Protect\n|move|p1a: Dizzy|Protect|p1a: Dizzy\n|-singleturn|p1a: Dizzy|Protect\n|move|p2a: Incineroar|Fake Out|p1b: Ella\n|-activate|p1b: Ella|move: Protect\n|move|p2b: Aggron|Body Press|p1b: Ella\n|-activate|p1b: Ella|move: Protect\n|\n|-weather|RainDance|[upkeep]\n|-heal|p1a: Dizzy|72/100|[from] item: Leftovers\n|upkeep\n|turn|10\n|\n|t:|1776468775\n|move|p1b: Ella|Hurricane|p2a: Incineroar\n|-damage|p2a: Incineroar|41/100\n|move|p1a: Dizzy|Haze|p1a: Dizzy\n|-clearallboost\n|move|p2a: Incineroar|Snarl|p1a: Dizzy|[spread] p1a,p1b\n|-damage|p1a: Dizzy|62/100\n|-damage|p1b: Ella|78/100\n|-unboost|p1a: Dizzy|spa|1\n|-unboost|p1b: Ella|spa|1\n|move|p2b: Aggron|Body Press|p1a: Dizzy\n|-damage|p1a: Dizzy|29/100\n|\n|-weather|RainDance|[upkeep]\n|-heal|p1a: Dizzy|36/100|[from] item: Leftovers\n|upkeep\n|turn|11\n|\n|t:|1776468802\n|switch|p1b: Tipton|Sinistcha, L50|100/100\n|-heal|p1a: Dizzy|60/100|[from] ability: Hospitality|[of] p1b: Tipton\n|move|p1a: Dizzy|Muddy Water|p2b: Aggron|[spread] p2a,p2b\n|-supereffective|p2a: Incineroar|1\n|-damage|p2a: Incineroar|1/100\n|-damage|p2b: Aggron|38/100\n|move|p2a: Incineroar|Snarl|p1b: Tipton|[spread] p1a\n|-miss|p2a: Incineroar|p1b: Tipton\n|-damage|p1a: Dizzy|51/100\n|-unboost|p1a: Dizzy|spa|1\n|move|p2b: Aggron|Body Press|p1a: Dizzy\n|-damage|p1a: Dizzy|15/100\n|\n|-weather|RainDance|[upkeep]\n|-heal|p1a: Dizzy|21/100|[from] item: Leftovers\n|upkeep\n|turn|12\n|\n|t:|1776468823\n|switch|p1a: Ella|Dragonite-Mega, L50, F, shiny|78/100\n|move|p1b: Tipton|Matcha Gotcha|p2a: Incineroar|[spread] p2a,p2b\n|-resisted|p2a: Incineroar|1\n|-resisted|p2b: Aggron|1\n|-damage|p2a: Incineroar|0 fnt\n|-damage|p2b: Aggron|27/100\n|faint|p2a: Incineroar\n|move|p2b: Aggron|Body Press|p1a: Ella\n|-resisted|p1a: Ella|1\n|-damage|p1a: Ella|60/100\n|\n|-weather|none\n|upkeep\n|-message|based_aggron17 forfeited.\n|\n|win|biscotti5\n|raw|biscotti5's rating: 1080 &rarr; <strong>1106</strong><br />(+26 for winning)\n|raw|based_aggron17's rating: 1050 &rarr; <strong>1034</strong><br />(-16 for losing)\n|l|\u2606based_aggron17\n|player|p2|\n",
  "uploadtime": 1776468838,
  "views": 20,
  "formatid": "gen9championsvgc2026regma",
  "rating": 1034,
  "private": 0,
  "password": null
}