{
  "id": "gen9championsvgc2026regma-2582781399",
  "format": "[Gen 9 Champions] VGC 2026 Reg M-A",
  "players": [
    "matting_instinct",
    "vroummm"
  ],
  "log": "|j|\u2606matting_instinct\n|j|\u2606vroummm\n|t:|1776113674\n|gametype|doubles\n|player|p1|matting_instinct|101|1025\n|player|p2|vroummm|n|1112\n|gen|9\n|tier|[Gen 9 Champions] VGC 2026 Reg M-A\n|rated|\n|rule|Species Clause: Limit one of each Pok\u00e9mon\n|rule|Item Clause: Limit 1 of each item\n|clearpoke\n|poke|p1|Charizard, L50, F|\n|poke|p1|Venusaur, L50, F|\n|poke|p1|Garchomp, L50, F|\n|poke|p1|Rotom-Wash, L50|\n|poke|p1|Sneasler, L50, M|\n|poke|p1|Incineroar, L50, F|\n|poke|p2|Sableye, L50, M|\n|poke|p2|Milotic, L50, F|\n|poke|p2|Espathra, L50, M|\n|poke|p2|Garchomp, L50, M|\n|poke|p2|Floette-Eternal, L50, F|\n|poke|p2|Aegislash, L50, M|\n|teampreview|4\n|inactive|Battle timer is ON: inactive players will automatically lose when time's up. (requested by matting_instinct)\n|inactive|matting_instinct has 60 seconds left.\n|\n|t:|1776113749\n|teamsize|p1|4\n|teamsize|p2|4\n|start\n|switch|p1a: Charizard|Charizard, L50, F|100/100\n|switch|p1b: Garchomp|Garchomp, L50, F|100/100\n|switch|p2a: Sableye|Sableye, L50, M, shiny|100/100\n|switch|p2b: Espathra|Espathra, L50, M, shiny|100/100\n|turn|1\n|inactive|matting_instinct has 30 seconds left.\n|inactive|vroummm has 30 seconds left.\n|\n|t:|1776113780\n|move|p1a: Charizard|Protect|p1a: Charizard\n|-singleturn|p1a: Charizard|Protect\n|move|p2a: Sableye|Gravity|p2a: Sableye\n|-fieldstart|move: Gravity\n|move|p1b: Garchomp|Earthquake|p2a: Sableye|[spread] p2a,p2b\n|-activate|p1a: Charizard|move: Protect\n|-damage|p2a: Sableye|44/100\n|-damage|p2b: Espathra|34/100\n|move|p2b: Espathra|Hypnosis|p1b: Garchomp\n|-status|p1b: Garchomp|slp|[from] move: Hypnosis\n|\n|-ability|p2b: Espathra|Speed Boost|boost\n|-boost|p2b: Espathra|spe|1\n|upkeep\n|turn|2\n|inactive|matting_instinct has 30 seconds left.\n|\n|t:|1776113808\n|switch|p1b: Incineroar|Incineroar, L50, F|100/100\n|-ability|p1b: Incineroar|Intimidate|boost\n|-unboost|p2a: Sableye|atk|1\n|-unboost|p2b: Espathra|atk|1\n|switch|p2a: Floette|Floette-Eternal, L50, F|100/100\n|detailschange|p1a: Charizard|Charizard-Mega-Y, L50, F\n|-mega|p1a: Charizard|Charizard|Charizardite Y\n|-weather|SunnyDay|[from] ability: Drought|[of] p1a: Charizard\n|move|p2b: Espathra|Hypnosis|p1a: Charizard\n|-status|p1a: Charizard|slp|[from] move: Hypnosis\n|cant|p1a: Charizard|slp\n|\n|-weather|SunnyDay|[upkeep]\n|-ability|p2b: Espathra|Speed Boost|boost\n|-boost|p2b: Espathra|spe|1\n|upkeep\n|turn|3\n|inactive|matting_instinct has 30 seconds left.\n|inactive|vroummm has 30 seconds left.\n|\n|t:|1776113837\n|switch|p1a: Venusaur|Venusaur, L50, F|100/100\n|move|p2b: Espathra|Protect|p2b: Espathra\n|-singleturn|p2b: Espathra|Protect\n|move|p1b: Incineroar|Fake Out|p2b: Espathra\n|-activate|p2b: Espathra|move: Protect\n|move|p2a: Floette|Calm Mind|p2a: Floette\n|-boost|p2a: Floette|spa|1\n|-boost|p2a: Floette|spd|1\n|\n|-weather|SunnyDay|[upkeep]\n|-ability|p2b: Espathra|Speed Boost|boost\n|-boost|p2b: Espathra|spe|1\n|upkeep\n|turn|4\n|inactive|matting_instinct has 30 seconds left.\n|\n|t:|1776113863\n|move|p2b: Espathra|Hypnosis|p1a: Venusaur\n|-status|p1a: Venusaur|slp|[from] move: Hypnosis\n|cant|p1a: Venusaur|slp\n|move|p2a: Floette|Dazzling Gleam|p1b: Incineroar|[spread] p1a,p1b\n|-resisted|p1a: Venusaur|1\n|-crit|p1b: Incineroar\n|-damage|p1a: Venusaur|76/100 slp\n|-damage|p1b: Incineroar|35/100\n|-enditem|p1b: Incineroar|Sitrus Berry|[eat]\n|-heal|p1b: Incineroar|59/100|[from] item: Sitrus Berry\n|move|p1b: Incineroar|Darkest Lariat|p2b: Espathra\n|-supereffective|p2b: Espathra|1\n|-damage|p2b: Espathra|0 fnt\n|faint|p2b: Espathra\n|\n|-weather|SunnyDay|[upkeep]\n|upkeep\n|\n|t:|1776113880\n|switch|p2b: Sableye|Sableye, L50, M, shiny|44/100\n|turn|5\n|\n|t:|1776113893\n|move|p2b: Sableye|Fake Out|p1b: Incineroar\n|-damage|p1b: Incineroar|51/100\n|cant|p1a: Venusaur|slp\n|move|p2a: Floette|Calm Mind|p2a: Floette\n|-boost|p2a: Floette|spa|1\n|-boost|p2a: Floette|spd|1\n|cant|p1b: Incineroar|flinch\n|\n|-weather|SunnyDay|[upkeep]\n|-fieldend|move: Gravity\n|upkeep\n|turn|6\n|inactive|vroummm has 30 seconds left.\n|\n|t:|1776113920\n|detailschange|p2a: Floette|Floette-Mega, L50, F\n|-mega|p2a: Floette|Floette|Floettite\n|-ability|p2a: Floette|Fairy Aura\n|move|p2b: Sableye|Reflect|p2b: Sableye\n|-sidestart|p2: vroummm|Reflect\n|-curestatus|p1a: Venusaur|slp|[msg]\n|move|p1a: Venusaur|Sleep Powder|p2a: Floette|[miss]\n|-miss|p1a: Venusaur|p2a: Floette\n|move|p2a: Floette|Moonblast|p1a: Venusaur\n|-resisted|p1a: Venusaur|1\n|-damage|p1a: Venusaur|0 fnt\n|faint|p1a: Venusaur\n|move|p1b: Incineroar|Flare Blitz|p2a: Floette\n|-damage|p2a: Floette|42/100\n|-damage|p1b: Incineroar|34/100|[from] Recoil\n|\n|-weather|none\n|upkeep\n|\n|t:|1776113942\n|switch|p1a: Charizard|Charizard-Mega-Y, L50, F|100/100 slp\n|-weather|SunnyDay|[from] ability: Drought|[of] p1a: Charizard\n|turn|7\n|\n|t:|1776113950\n|switch|p2b: Aegislash|Aegislash, L50, M|100/100\n|move|p2a: Floette|Protect|p2a: Floette\n|-singleturn|p2a: Floette|Protect\n|cant|p1a: Charizard|slp\n|move|p1b: Incineroar|Flare Blitz|p2b: Aegislash\n|-supereffective|p2b: Aegislash|1\n|-damage|p2b: Aegislash|0 fnt\n|faint|p2b: Aegislash\n|-damage|p1b: Incineroar|6/100|[from] Recoil\n|\n|-weather|SunnyDay|[upkeep]\n|upkeep\n|\n|t:|1776113962\n|switch|p2b: Sableye|Sableye, L50, M, shiny|44/100\n|turn|8\n|\n|t:|1776113974\n|move|p2b: Sableye|Fake Out|p1b: Incineroar\n|-damage|p1b: Incineroar|0 fnt\n|faint|p1b: Incineroar\n|-curestatus|p1a: Charizard|slp|[msg]\n|move|p1a: Charizard|Heat Wave|p2b: Sableye|[spread] p2a,p2b\n|-damage|p2a: Floette|20/100\n|-damage|p2b: Sableye|0 fnt\n|faint|p2b: Sableye\n|move|p2a: Floette|Moonblast|p1a: Charizard\n|-resisted|p1a: Charizard|1\n|-damage|p1a: Charizard|27/100\n|\n|-weather|SunnyDay|[upkeep]\n|upkeep\n|\n|t:|1776113985\n|switch|p1b: Garchomp|Garchomp, L50, F|100/100 slp\n|turn|9\n|\n|t:|1776114002\n|cant|p1b: Garchomp|slp\n|move|p1a: Charizard|Weather Ball|p2a: Floette\n|-damage|p2a: Floette|0 fnt\n|faint|p2a: Floette\n|\n|win|matting_instinct\n|raw|matting_instinct's rating: 1025 &rarr; <strong>1070</strong><br />(+45 for winning)\n|raw|vroummm's rating: 1112 &rarr; <strong>1081</strong><br />(-31 for losing)\n|l|\u2606matting_instinct\n|player|p1|\n",
  "uploadtime": 1776114134,
  "views": 20,
  "formatid": "gen9championsvgc2026regma",
  "rating": 1070,
  "private": 0,
  "password": null
}