{
  "id": "gen9championsvgc2026regma-2580997727",
  "format": "[Gen 9 Champions] VGC 2026 Reg M-A",
  "players": [
    "Everest_Eternal",
    "HeavyLobsterAlf"
  ],
  "log": "|j|\u2606Everest_Eternal\n|j|\u2606HeavyLobsterAlf\n|t:|1775950258\n|gametype|doubles\n|player|p1|Everest_Eternal|n|1070\n|player|p2|HeavyLobsterAlf|phoebe-masters|1086\n|gen|9\n|tier|[Gen 9 Champions] VGC 2026 Reg M-A\n|rated|\n|rule|Species Clause: Limit one of each Pok\u00e9mon\n|rule|Item Clause: Limit 1 of each item\n|clearpoke\n|poke|p1|Meowscarada, L50, M|\n|poke|p1|Zoroark-Hisui, L50, M|\n|poke|p1|Delphox, L50, F|\n|poke|p1|Incineroar, L50, F|\n|poke|p1|Froslass, L50, F|\n|poke|p1|Lucario, L50, F|\n|poke|p2|Froslass, L50, F|\n|poke|p2|Glaceon, L50, M|\n|poke|p2|Meowstic, L50, M|\n|poke|p2|Araquanid, L50, M|\n|poke|p2|Incineroar, L50, M|\n|poke|p2|Sneasler, L50, M|\n|teampreview|4\nEverest_Eternal rejected open team sheets.\n|inactive|Battle timer is ON: inactive players will automatically lose when time's up. (requested by Everest_Eternal)\n|\n|t:|1775950299\n|teamsize|p1|4\n|teamsize|p2|4\n|start\n|switch|p1a: Incineroar|Incineroar, L50, F|100/100\n|switch|p1b: Lucario|Lucario, L50, F|100/100\n|switch|p2a: Froslass|Froslass, L50, F|100/100\n|switch|p2b: Glaceon|Glaceon, L50, M|100/100\n|turn|1\n|\n|t:|1775950315\n|detailschange|p2a: Froslass|Froslass-Mega, L50, F\n|-mega|p2a: Froslass|Froslass|Froslassite\n|-weather|Snowscape|[from] ability: Snow Warning|[of] p2a: Froslass\n|move|p2b: Glaceon|Detect|p2b: Glaceon\n|-singleturn|p2b: Glaceon|Protect\n|move|p2a: Froslass|Aurora Veil|p2a: Froslass\n|-sidestart|p2: HeavyLobsterAlf|move: Aurora Veil\n|move|p1a: Incineroar|Dark Pulse|p2a: Froslass\n|-supereffective|p2a: Froslass|1\n|-damage|p2a: Froslass|56/100\n|move|p1b: Lucario|Rock Slide|p2a: Froslass|[spread] p2a\n|-activate|p2b: Glaceon|move: Protect\n|-supereffective|p2a: Froslass|1\n|-damage|p2a: Froslass|32/100\n|\n|-weather|Snowscape|[upkeep]\n|upkeep\n|turn|2\n|\n|t:|1775950334\n|switch|p2a: Araquanid|Araquanid, L50, M|100/100\n|move|p1a: Incineroar|Dark Pulse|p2a: Araquanid\n|-damage|p2a: Araquanid|88/100\n|move|p2b: Glaceon|Blizzard|p1a: Incineroar|[spread] p1a,p1b\n|-resisted|p1b: Lucario|1\n|-damage|p1a: Incineroar|22/100\n|-damage|p1b: Lucario|71/100\n|replace|p1a: Zoroark|Zoroark-Hisui, L50, M\n|-end|p1a: Zoroark|Illusion\n|move|p1b: Lucario|Circle Throw|p2b: Glaceon\n|-supereffective|p2b: Glaceon|1\n|-damage|p2b: Glaceon|77/100\n|drag|p2b: Sneasler|Sneasler, L50, M|100/100\n|\n|-weather|Snowscape|[upkeep]\n|upkeep\n|turn|3\n|\n|t:|1775950354\n|move|p1a: Zoroark|Protect|p1a: Zoroark\n|-singleturn|p1a: Zoroark|Protect\n|move|p2a: Araquanid|Wide Guard|p2a: Araquanid\n|-singleturn|p2a: Araquanid|Wide Guard\n|move|p2b: Sneasler|Dire Claw|p1a: Zoroark\n|-activate|p1a: Zoroark|move: Protect\n|move|p1b: Lucario|Rock Slide|p2b: Sneasler|[spread] \n|-activate|p2a: Araquanid|move: Wide Guard\n|-activate|p2b: Sneasler|move: Wide Guard\n|\n|-weather|Snowscape|[upkeep]\n|upkeep\n|turn|4\n|\n|t:|1775950368\n|move|p2a: Araquanid|Wide Guard|p2a: Araquanid\n|-singleturn|p2a: Araquanid|Wide Guard\n|move|p2b: Sneasler|Dire Claw|p1a: Zoroark\n|-resisted|p1a: Zoroark|1\n|-damage|p1a: Zoroark|0 fnt\n|faint|p1a: Zoroark\n|move|p1b: Lucario|Rock Slide|p2a: Araquanid|[spread] \n|-activate|p2a: Araquanid|move: Wide Guard\n|-activate|p2b: Sneasler|move: Wide Guard\n|\n|-weather|Snowscape|[upkeep]\n|upkeep\n|\n|t:|1775950379\n|switch|p1a: Incineroar|Incineroar, L50, F|100/100\n|-ability|p1a: Incineroar|Intimidate|boost\n|-unboost|p2a: Araquanid|atk|1\n|-unboost|p2b: Sneasler|atk|1\n|turn|5\n|\n|t:|1775950389\n|move|p2b: Sneasler|Close Combat|p1b: Lucario\n|-supereffective|p1b: Lucario|1\n|-damage|p1b: Lucario|0 fnt\n|-unboost|p2b: Sneasler|def|1\n|-unboost|p2b: Sneasler|spd|1\n|faint|p1b: Lucario\n|move|p1a: Incineroar|Earthquake|p2a: Araquanid|[spread] p2a,p2b\n|-resisted|p2a: Araquanid|1\n|-supereffective|p2b: Sneasler|1\n|-damage|p2a: Araquanid|79/100\n|-damage|p2b: Sneasler|8/100\n|move|p2a: Araquanid|Liquidation|p1a: Incineroar\n|-supereffective|p1a: Incineroar|1\n|-damage|p1a: Incineroar|23/100\n|\n|-weather|none\n|-sideend|p2: HeavyLobsterAlf|move: Aurora Veil\n|upkeep\n|-message|Everest_Eternal forfeited.\n|\n|win|HeavyLobsterAlf\n|raw|Everest_Eternal's rating: 1070 &rarr; <strong>1050</strong><br />(-20 for losing)\n|raw|HeavyLobsterAlf's rating: 1086 &rarr; <strong>1112</strong><br />(+26 for winning)\n|l|\u2606Everest_Eternal\n|player|p1|\n",
  "uploadtime": 1775950406,
  "views": 13,
  "formatid": "gen9championsvgc2026regma",
  "rating": 1050,
  "private": 0,
  "password": null
}