{
  "id": "gen9championsvgc2026regma-2589481019",
  "format": "[Gen 9 Champions] VGC 2026 Reg M-A",
  "players": [
    "Prohxy",
    "jude billingham"
  ],
  "log": "|j|\u2606Prohxy\n|j|\u2606jude billingham\n|t:|1776726834\n|gametype|doubles\n|player|p1|Prohxy|swimmerf|1047\n|player|p2|jude billingham|265|1092\n|gen|9\n|tier|[Gen 9 Champions] VGC 2026 Reg M-A\n|rated|\n|rule|Species Clause: Limit one of each Pok\u00e9mon\n|rule|Item Clause: Limit 1 of each item\n|clearpoke\n|poke|p1|Sinistcha-Masterpiece, L50|\n|poke|p1|Palafin, L50, F, shiny|\n|poke|p1|Altaria, L50, F|\n|poke|p1|Talonflame, L50, F, shiny|\n|poke|p1|Tsareena, L50, F, shiny|\n|poke|p1|Ninetales-Alola, L50, M, shiny|\n|poke|p2|Aerodactyl, L50, F|\n|poke|p2|Garchomp, L50, F|\n|poke|p2|Incineroar, L50, F, shiny|\n|poke|p2|Floette-Eternal, L50, F|\n|poke|p2|Gyarados, L50, F, shiny|\n|poke|p2|Delphox, L50, M|\n|teampreview|4\n|inactive|Battle timer is ON: inactive players will automatically lose when time's up. (requested by Prohxy)\nProhxy rejected open team sheets.\n|inactive|jude billingham has 60 seconds left.\n|\n|t:|1776726874\n|teamsize|p1|4\n|teamsize|p2|4\n|start\n|switch|p1a: Palafin|Palafin, L50, F, shiny|100/100\n|switch|p1b: Tsareena|Tsareena, L50, F, shiny|100/100\n|switch|p2a: Aerodactyl|Aerodactyl, L50, F|100/100\n|switch|p2b: Incineroar|Incineroar, L50, F, shiny|100/100\n|-ability|p2a: Aerodactyl|Unnerve\n|-ability|p2b: Incineroar|Intimidate|boost\n|-unboost|p1a: Palafin|atk|1\n|-unboost|p1b: Tsareena|atk|1\n|-enditem|p1a: Palafin|White Herb\n|-clearnegativeboost|p1a: Palafin|[silent]\n|turn|1\n|\n|t:|1776726892\n|move|p2a: Aerodactyl|Protect|p2a: Aerodactyl\n|-singleturn|p2a: Aerodactyl|Protect\n|move|p1a: Palafin|Flip Turn|p2b: Incineroar\n|-supereffective|p2b: Incineroar|1\n|-crit|p2b: Incineroar\n|-damage|p2b: Incineroar|43/100\n|-enditem|p2b: Incineroar|Sitrus Berry|[eat]\n|-heal|p2b: Incineroar|68/100|[from] item: Sitrus Berry\n|\n|t:|1776726902\n|detailschange|p1a: Palafin|Palafin-Hero, L50, F, shiny\n|switch|p1a: Talonflame|Talonflame, L50, F, shiny|100/100|[from] Flip Turn\n|move|p1b: Tsareena|Trop Kick|p2a: Aerodactyl\n|-activate|p2a: Aerodactyl|move: Protect\n|move|p2b: Incineroar|Parting Shot|p1a: Talonflame\n|-unboost|p1a: Talonflame|atk|1\n|-unboost|p1a: Talonflame|spa|1\n|inactive|jude billingham has 30 seconds left.\n|\n|t:|1776726932\n|switch|p2b: Gyarados|Gyarados, L50, F, shiny|100/100|[from] Parting Shot\n|-ability|p2b: Gyarados|Intimidate|boost\n|-unboost|p1a: Talonflame|atk|1\n|-unboost|p1b: Tsareena|atk|1\n|\n|upkeep\n|turn|2\n|\n|t:|1776726948\n|switch|p2a: Incineroar|Incineroar, L50, F, shiny|68/100\n|-ability|p2a: Incineroar|Intimidate|boost\n|-unboost|p1a: Talonflame|atk|1\n|-unboost|p1b: Tsareena|atk|1\n|move|p1a: Talonflame|Tailwind|p1a: Talonflame\n|-sidestart|p1: Prohxy|move: Tailwind\n|move|p1b: Tsareena|Trop Kick|p2b: Gyarados\n|-damage|p2b: Gyarados|81/100\n|-unboost|p2b: Gyarados|atk|1\n|move|p2b: Gyarados|Thunder Wave|p1a: Talonflame\n|-status|p1a: Talonflame|par\n|\n|upkeep\n|turn|3\n|\n|t:|1776726965\n|move|p1a: Talonflame|U-turn|p2a: Incineroar\n|-damage|p2a: Incineroar|61/100\n|\n|t:|1776726969\n|switch|p1a: Palafin|Palafin-Hero, L50, F, shiny|100/100|[from] U-turn\n|-activate|p1a: Palafin|ability: Zero to Hero\n|move|p1b: Tsareena|U-turn|p2b: Gyarados\n|-resisted|p2b: Gyarados|1\n|-damage|p2b: Gyarados|75/100\n|\n|t:|1776726977\n|switch|p1b: Altaria|Altaria, L50, F|100/100|[from] U-turn\n|move|p2b: Gyarados|Waterfall|p1a: Palafin\n|-resisted|p1a: Palafin|1\n|-damage|p1a: Palafin|87/100\n|move|p2a: Incineroar|Parting Shot|p1b: Altaria\n|-unboost|p1b: Altaria|atk|1\n|-unboost|p1b: Altaria|spa|1\n|\n|t:|1776726985\n|switch|p2a: Floette|Floette-Eternal, L50, F|100/100|[from] Parting Shot\n|\n|upkeep\n|turn|4\n|\n|t:|1776726996\n|switch|p2b: Incineroar|Incineroar, L50, F, shiny|61/100\n|-ability|p2b: Incineroar|Intimidate|boost\n|-unboost|p1a: Palafin|atk|1\n|-unboost|p1b: Altaria|atk|1\n|detailschange|p1b: Altaria|Altaria-Mega, L50, F\n|-mega|p1b: Altaria|Altaria|Altarianite\n|detailschange|p2a: Floette|Floette-Mega, L50, F\n|-mega|p2a: Floette|Floette|Floettite\n|-ability|p2a: Floette|Fairy Aura\n|move|p2a: Floette|Protect|p2a: Floette\n|-singleturn|p2a: Floette|Protect\n|move|p1a: Palafin|Iron Head|p2a: Floette\n|-activate|p2a: Floette|move: Protect\n|move|p1b: Altaria|Ice Beam|p2b: Incineroar\n|-resisted|p2b: Incineroar|1\n|-damage|p2b: Incineroar|54/100\n|\n|upkeep\n|turn|5\n|inactive|jude billingham has 30 seconds left.\n|\n|t:|1776727026\n|move|p1a: Palafin|Iron Head|p2a: Floette\n|-supereffective|p2a: Floette|1\n|-crit|p2a: Floette\n|-damage|p2a: Floette|0 fnt\n|faint|p2a: Floette\n|move|p1b: Altaria|Hyper Voice|p2b: Incineroar\n|-damage|p2b: Incineroar|24/100\n|move|p2b: Incineroar|Parting Shot|p1a: Palafin\n|-unboost|p1a: Palafin|atk|1\n|-unboost|p1a: Palafin|spa|1\n|\n|t:|1776727037\n|switch|p2b: Gyarados|Gyarados, L50, F, shiny|75/100|[from] Parting Shot\n|-ability|p2b: Gyarados|Intimidate|boost\n|-unboost|p1a: Palafin|atk|1\n|-unboost|p1b: Altaria|atk|1\n|\n|-sideend|p1: Prohxy|move: Tailwind\n|upkeep\n|\n|t:|1776727040\n|switch|p2a: Aerodactyl|Aerodactyl, L50, F|100/100\n|-ability|p2a: Aerodactyl|Unnerve\n|turn|6\n|\n|t:|1776727052\n|move|p2a: Aerodactyl|Rock Slide|p1b: Altaria|[spread] p1a,p1b\n|-damage|p1a: Palafin|58/100\n|-damage|p1b: Altaria|76/100\n|cant|p1a: Palafin|flinch\n|move|p2b: Gyarados|Thunder Wave|p1a: Palafin\n|-status|p1a: Palafin|par\n|cant|p1b: Altaria|flinch\n|\n|upkeep\n|turn|7\n|\n|t:|1776727066\n|move|p2a: Aerodactyl|Rock Slide|p1a: Palafin|[spread] p1a,p1b\n|-damage|p1a: Palafin|32/100 par\n|-damage|p1b: Altaria|52/100\n|move|p2b: Gyarados|Thunder Wave|p1b: Altaria\n|-status|p1b: Altaria|par\n|move|p1a: Palafin|Flip Turn|p2a: Aerodactyl\n|-supereffective|p2a: Aerodactyl|1\n|-damage|p2a: Aerodactyl|55/100\n|\n|t:|1776727076\n|switch|p1a: Tsareena|Tsareena, L50, F, shiny|100/100|[from] Flip Turn\n|move|p1b: Altaria|Ice Beam|p2a: Aerodactyl\n|-supereffective|p2a: Aerodactyl|1\n|-damage|p2a: Aerodactyl|0 fnt\n|faint|p2a: Aerodactyl\n|\n|upkeep\n|\n|t:|1776727083\n|switch|p2a: Incineroar|Incineroar, L50, F, shiny|24/100\n|-ability|p2a: Incineroar|Intimidate|boost\n|-unboost|p1a: Tsareena|atk|1\n|-unboost|p1b: Altaria|atk|1\n|turn|8\n|-message|jude billingham forfeited.\n|\n|win|Prohxy\n|raw|Prohxy's rating: 1047 &rarr; <strong>1084</strong><br />(+37 for winning)\n|raw|jude billingham's rating: 1092 &rarr; <strong>1065</strong><br />(-27 for losing)\n|l|\u2606jude billingham\n|player|p2|\n",
  "uploadtime": 1776727102,
  "views": 16,
  "formatid": "gen9championsvgc2026regma",
  "rating": 1065,
  "private": 0,
  "password": null
}