{
  "id": "gen9championsvgc2026regma-2583849700",
  "format": "[Gen 9 Champions] VGC 2026 Reg M-A",
  "players": [
    "Qloser",
    "vicswayze"
  ],
  "log": "|j|\u2606Qloser\n|j|\u2606vicswayze\n|t:|1776202543\n|gametype|doubles\n|player|p1|Qloser|norman|1223\n|player|p2|vicswayze|burglar|1260\n|gen|9\n|tier|[Gen 9 Champions] VGC 2026 Reg M-A\n|rated|\n|rule|Species Clause: Limit one of each Pok\u00e9mon\n|rule|Item Clause: Limit 1 of each item\n|clearpoke\n|poke|p1|Charizard, L50, M|\n|poke|p1|Kingambit, L50, F|\n|poke|p1|Rotom-Wash, L50|\n|poke|p1|Tyranitar, L50, F|\n|poke|p1|Sinistcha, L50|\n|poke|p1|Excadrill, L50, M|\n|poke|p2|Basculegion, L50, M|\n|poke|p2|Pinsir, L50, F|\n|poke|p2|Rotom-Heat, L50|\n|poke|p2|Kingambit, L50, M|\n|poke|p2|Sneasler, L50, F|\n|poke|p2|Garchomp, L50, M|\n|teampreview|4\n|inactive|Battle timer is ON: inactive players will automatically lose when time's up. (requested by Qloser)\n|\n|t:|1776202561\n|teamsize|p1|4\n|teamsize|p2|4\n|start\n|switch|p1a: Charizard|Charizard, L50, M|100/100\n|switch|p1b: Tyranitar|Tyranitar, L50, F|100/100\n|switch|p2a: Pinsir|Pinsir, L50, F|100/100\n|switch|p2b: Basculegion|Basculegion, L50, M|100/100\n|-weather|Sandstorm|[from] ability: Sand Stream|[of] p1b: Tyranitar\n|turn|1\n|\n|t:|1776202579\n|detailschange|p2a: Pinsir|Pinsir-Mega, L50, F\n|-mega|p2a: Pinsir|Pinsir|Pinsirite\n|move|p2a: Pinsir|Protect|p2a: Pinsir\n|-singleturn|p2a: Pinsir|Protect\n|move|p2b: Basculegion|Flip Turn|p1b: Tyranitar\n|-supereffective|p1b: Tyranitar|1\n|-damage|p1b: Tyranitar|32/100\n|\n|t:|1776202596\n|switch|p2b: Garchomp|Garchomp, L50, M|100/100|[from] Flip Turn\n|move|p1b: Tyranitar|Knock Off|p2b: Garchomp\n|-damage|p2b: Garchomp|46/100\n|-damage|p1b: Tyranitar|20/100|[from] ability: Rough Skin|[of] p2b: Garchomp\n|-enditem|p2b: Garchomp|Soft Sand|[from] move: Knock Off|[of] p1b: Tyranitar\n|move|p1a: Charizard|Dragon Dance|p1a: Charizard\n|-boost|p1a: Charizard|atk|1\n|-boost|p1a: Charizard|spe|1\n|\n|-weather|Sandstorm|[upkeep]\n|-damage|p1a: Charizard|95/100|[from] Sandstorm\n|-damage|p2a: Pinsir|95/100|[from] Sandstorm\n|upkeep\n|turn|2\n|inactive|Qloser has 30 seconds left.\n|\n|t:|1776202625\n|switch|p1b: Sinistcha|Sinistcha, L50|100/100\n|-heal|p1a: Charizard|100/100|[from] ability: Hospitality|[of] p1b: Sinistcha\n|detailschange|p1a: Charizard|Charizard-Mega-X, L50, M\n|-mega|p1a: Charizard|Charizard|Charizardite X\n|move|p1a: Charizard|Dragon Claw|p2b: Garchomp\n|-supereffective|p2b: Garchomp|1\n|-damage|p2b: Garchomp|0 fnt\n|-damage|p1a: Charizard|88/100|[from] ability: Rough Skin|[of] p2b: Garchomp\n|faint|p2b: Garchomp\n|move|p2a: Pinsir|Close Combat|p1b: Sinistcha\n|-immune|p1b: Sinistcha\n|\n|-weather|Sandstorm|[upkeep]\n|-damage|p1a: Charizard|82/100|[from] Sandstorm\n|-damage|p2a: Pinsir|89/100|[from] Sandstorm\n|-damage|p1b: Sinistcha|94/100|[from] Sandstorm\n|-heal|p1b: Sinistcha|100/100|[from] item: Leftovers\n|upkeep\n|\n|t:|1776202631\n|switch|p2b: Rotom|Rotom-Heat, L50|100/100\n|turn|3\n|\n|t:|1776202654\n|move|p1a: Charizard|Dragon Dance|p1a: Charizard\n|-boost|p1a: Charizard|atk|1\n|-boost|p1a: Charizard|spe|1\n|move|p2a: Pinsir|Body Slam|p1a: Charizard\n|-damage|p1a: Charizard|32/100\n|move|p2b: Rotom|Overheat|p1b: Sinistcha\n|-supereffective|p1b: Sinistcha|1\n|-damage|p1b: Sinistcha|5/100\n|-unboost|p2b: Rotom|spa|2\n|move|p1b: Sinistcha|Strength Sap|p2a: Pinsir\n|-unboost|p2a: Pinsir|atk|1\n|-heal|p1b: Sinistcha|100/100\n|\n|-weather|Sandstorm|[upkeep]\n|-damage|p1a: Charizard|26/100|[from] Sandstorm\n|-damage|p2a: Pinsir|83/100|[from] Sandstorm\n|-damage|p2b: Rotom|94/100|[from] Sandstorm\n|-damage|p1b: Sinistcha|94/100|[from] Sandstorm\n|-heal|p1b: Sinistcha|100/100|[from] item: Leftovers\n|upkeep\n|turn|4\n|inactive|vicswayze has 30 seconds left.\n|\n|t:|1776202679\n|move|p2a: Pinsir|Protect|p2a: Pinsir\n|-singleturn|p2a: Pinsir|Protect\n|move|p1b: Sinistcha|Rage Powder|p1b: Sinistcha\n|-singleturn|p1b: Sinistcha|move: Rage Powder\n|move|p1a: Charizard|Dragon Claw|p2a: Pinsir\n|-activate|p2a: Pinsir|move: Protect\n|move|p2b: Rotom|Electroweb|p1a: Charizard|[spread] p1a,p1b\n|-resisted|p1a: Charizard|1\n|-resisted|p1b: Sinistcha|1\n|-damage|p1a: Charizard|21/100\n|-damage|p1b: Sinistcha|97/100\n|-unboost|p1a: Charizard|spe|1\n|-unboost|p1b: Sinistcha|spe|1\n|\n|-weather|Sandstorm|[upkeep]\n|-damage|p1a: Charizard|15/100|[from] Sandstorm\n|-damage|p2a: Pinsir|78/100|[from] Sandstorm\n|-damage|p2b: Rotom|88/100|[from] Sandstorm\n|-damage|p1b: Sinistcha|90/100|[from] Sandstorm\n|-heal|p1b: Sinistcha|97/100|[from] item: Leftovers\n|upkeep\n|turn|5\n|\n|t:|1776202702\n|move|p1a: Charizard|Dragon Claw|p2b: Rotom\n|-damage|p2b: Rotom|0 fnt\n|faint|p2b: Rotom\n|move|p2a: Pinsir|Body Slam|p1b: Sinistcha\n|-supereffective|p1b: Sinistcha|1\n|-damage|p1b: Sinistcha|28/100\n|move|p1b: Sinistcha|Strength Sap|p2a: Pinsir\n|-unboost|p2a: Pinsir|atk|1\n|-heal|p1b: Sinistcha|100/100\n|\n|-weather|none\n|upkeep\n|\n|t:|1776202705\n|switch|p2b: Basculegion|Basculegion, L50, M|100/100\n|turn|6\n|\n|t:|1776202722\n|move|p1a: Charizard|Protect|p1a: Charizard\n|-singleturn|p1a: Charizard|Protect\n|move|p2b: Basculegion|Last Respects|p1a: Charizard\n|-activate|p1a: Charizard|move: Protect\n|move|p2a: Pinsir|Body Slam|p1b: Sinistcha\n|-supereffective|p1b: Sinistcha|1\n|-damage|p1b: Sinistcha|48/100\n|move|p1b: Sinistcha|Matcha Gotcha|p2b: Basculegion|[spread] p2a,p2b\n|-resisted|p2a: Pinsir|2\n|-supereffective|p2b: Basculegion|1\n|-damage|p2a: Pinsir|70/100\n|-heal|p1b: Sinistcha|51/100|[from] drain|[of] p2a: Pinsir\n|-damage|p2b: Basculegion|42/100\n|-heal|p1b: Sinistcha|83/100|[from] drain|[of] p2b: Basculegion\n|-status|p2b: Basculegion|brn\n|\n|-heal|p1b: Sinistcha|90/100|[from] item: Leftovers\n|-damage|p2b: Basculegion|36/100 brn|[from] brn\n|upkeep\n|turn|7\n|\n|t:|1776202741\n|move|p2a: Pinsir|Protect|p2a: Pinsir\n|-singleturn|p2a: Pinsir|Protect\n|move|p1a: Charizard|Flare Blitz|p2a: Pinsir\n|-activate|p2a: Pinsir|move: Protect\n|move|p2b: Basculegion|Last Respects|p1b: Sinistcha\n|-supereffective|p1b: Sinistcha|1\n|-damage|p1b: Sinistcha|20/100\n|move|p1b: Sinistcha|Matcha Gotcha|p2b: Basculegion|[spread] p2b\n|-activate|p2a: Pinsir|move: Protect\n|-supereffective|p2b: Basculegion|1\n|-damage|p2b: Basculegion|0 fnt\n|-heal|p1b: Sinistcha|40/100|[from] drain|[of] p2b: Basculegion\n|faint|p2b: Basculegion\n|\n|-heal|p1b: Sinistcha|47/100|[from] item: Leftovers\n|upkeep\n|turn|8\n|-message|vicswayze forfeited.\n|\n|win|Qloser\n|raw|Qloser's rating: 1223 &rarr; <strong>1251</strong><br />(+28 for winning)\n|raw|vicswayze's rating: 1260 &rarr; <strong>1232</strong><br />(-28 for losing)\n",
  "uploadtime": 1776202745,
  "views": 35,
  "formatid": "gen9championsvgc2026regma",
  "rating": 1232,
  "private": 0,
  "password": null
}