{
  "id": "gen9championsvgc2026regma-2588825963",
  "format": "[Gen 9 Champions] VGC 2026 Reg M-A",
  "players": [
    "shadowkirbydeluxe",
    "PsquareGames"
  ],
  "log": "|j|\u2606shadowkirbydeluxe\n|j|\u2606PsquareGames\n|t:|1776675537\n|gametype|doubles\n|player|p1|shadowkirbydeluxe|n-masters3|1110\n|player|p2|PsquareGames|lance-gen3|1058\n|gen|9\n|tier|[Gen 9 Champions] VGC 2026 Reg M-A\n|rated|\n|rule|Species Clause: Limit one of each Pok\u00e9mon\n|rule|Item Clause: Limit 1 of each item\n|clearpoke\n|poke|p1|Sinistcha-Masterpiece, L50|\n|poke|p1|Sneasler, L50, F|\n|poke|p1|Incineroar, L50, F|\n|poke|p1|Palafin, L50, M|\n|poke|p1|Espathra, L50, F|\n|poke|p1|Clefable, L50, F|\n|poke|p2|Gengar, L50, F, shiny|\n|poke|p2|Sneasler, L50, M|\n|poke|p2|Incineroar, L50, F, shiny|\n|poke|p2|Garchomp, L50, M|\n|poke|p2|Aerodactyl, L50, F|\n|poke|p2|Archaludon, L50, F, shiny|\n|teampreview|4\nPsquareGames has agreed to open team sheets.\n|\n|t:|1776675578\n|teamsize|p1|4\n|teamsize|p2|4\n|start\n|switch|p1a: Palafin|Palafin, L50, M|100/100\n|switch|p1b: Espathra|Espathra, L50, F|100/100\n|switch|p2a: Gengayyy|Gengar, L50, F, shiny|100/100\n|switch|p2b: Dr. Saahab|Sneasler, L50, M|100/100\n|turn|1\n|\n|t:|1776675588\n|detailschange|p2a: Gengayyy|Gengar-Mega, L50, F, shiny\n|-mega|p2a: Gengayyy|Gengar|Gengarite\n|move|p2b: Dr. Saahab|Fake Out|p1b: Espathra\n|-damage|p1b: Espathra|82/100\n|move|p2a: Gengayyy|Shadow Ball|p1b: Espathra\n|-supereffective|p1b: Espathra|1\n|-crit|p1b: Espathra\n|-damage|p1b: Espathra|0 fnt\n|faint|p1b: Espathra\n|move|p1a: Palafin|Flip Turn|p2b: Dr. Saahab\n|-damage|p2b: Dr. Saahab|61/100\n|\n|t:|1776675595\n|detailschange|p1a: Palafin|Palafin-Hero, L50, M\n|switch|p1a: Incineroar|Incineroar, L50, F|100/100|[from] Flip Turn\n|-ability|p1a: Incineroar|Intimidate|boost\n|-unboost|p2a: Gengayyy|atk|1\n|-unboost|p2b: Dr. Saahab|atk|1\n|-enditem|p2b: Dr. Saahab|White Herb\n|-clearnegativeboost|p2b: Dr. Saahab|[silent]\n|\n|upkeep\n|\n|t:|1776675597\n|switch|p1b: Palafin|Palafin-Hero, L50, M|100/100\n|-activate|p1b: Palafin|ability: Zero to Hero\n|turn|2\n|\n|t:|1776675607\n|move|p1a: Incineroar|Fake Out|p2b: Dr. Saahab\n|-damage|p2b: Dr. Saahab|35/100\n|cant|p2b: Dr. Saahab|flinch\n|move|p2a: Gengayyy|Dazzling Gleam|p1a: Incineroar|[spread] p1a,p1b\n|-damage|p1a: Incineroar|79/100\n|-damage|p1b: Palafin|69/100\n|move|p1b: Palafin|Wave Crash|p2a: Gengayyy\n|-damage|p2a: Gengayyy|0 fnt\n|faint|p2a: Gengayyy\n|-damage|p1b: Palafin|44/100|[from] Recoil\n|\n|upkeep\n|\n|t:|1776675616\n|switch|p2a: Chembur|Archaludon, L50, F, shiny|100/100\n|turn|3\n|\n|t:|1776675631\n|move|p1b: Palafin|Jet Punch|p2b: Dr. Saahab\n|-damage|p2b: Dr. Saahab|0 fnt\n|faint|p2b: Dr. Saahab\n|move|p2a: Chembur|Thunderbolt|p1b: Palafin\n|-supereffective|p1b: Palafin|1\n|-damage|p1b: Palafin|0 fnt\n|faint|p1b: Palafin\n|move|p1a: Incineroar|Flare Blitz|p2a: Chembur\n|-damage|p2a: Chembur|47/100\n|-ability|p2a: Chembur|Stamina|boost\n|-boost|p2a: Chembur|def|1\n|-damage|p1a: Incineroar|62/100|[from] Recoil\n|\n|-heal|p2a: Chembur|53/100|[from] item: Leftovers\n|upkeep\n|\n|t:|1776675641\n|switch|p2b: Aerodactyl|Aerodactyl, L50, F|100/100\n|switch|p1b: Clefable|Clefable, L50, F|100/100\n|-ability|p2b: Aerodactyl|Unnerve\n|turn|4\n|\n|t:|1776675656\n|detailschange|p1b: Clefable|Clefable-Mega, L50, F\n|-mega|p1b: Clefable|Clefable|Clefablite\n|move|p2b: Aerodactyl|Rock Slide|p1a: Incineroar|[spread] p1a,p1b\n|-supereffective|p1a: Incineroar|1\n|-supereffective|p1b: Clefable|1\n|-damage|p1a: Incineroar|4/100\n|-damage|p1b: Clefable|52/100\n|move|p2a: Chembur|Flash Cannon|p1b: Clefable\n|-supereffective|p1b: Clefable|1\n|-damage|p1b: Clefable|0 fnt\n|faint|p1b: Clefable\n|move|p1a: Incineroar|Darkest Lariat|p2b: Aerodactyl\n|-damage|p2b: Aerodactyl|22/100\n|\n|-heal|p2a: Chembur|59/100|[from] item: Leftovers\n|upkeep\n|turn|5\n|\n|t:|1776675673\n|move|p2b: Aerodactyl|Dual Wingbeat|p1a: Incineroar\n|-damage|p1a: Incineroar|0 fnt\n|faint|p1a: Incineroar\n|-hitcount|p1: Incineroar|1\n|\n|win|PsquareGames\n|raw|shadowkirbydeluxe's rating: 1110 &rarr; <strong>1081</strong><br />(-29 for losing)\n|raw|PsquareGames's rating: 1058 &rarr; <strong>1094</strong><br />(+36 for winning)\n",
  "uploadtime": 1776675716,
  "views": 10,
  "formatid": "gen9championsvgc2026regma",
  "rating": 1081,
  "private": 0,
  "password": null
}