{
  "id": "gen9championsvgc2026regma-2581808291",
  "format": "[Gen 9 Champions] VGC 2026 Reg M-A",
  "players": [
    "Nikolexion",
    "javivaarela"
  ],
  "log": "|j|\u2606Nikolexion\n|j|\u203djavivaarela\n|t:|1776030086\n|gametype|doubles\n|player|p1|Nikolexion|1|\n|player|p2|javivaarela|shadowtriad|\n|gen|9\n|tier|[Gen 9 Champions] VGC 2026 Reg M-A\n|rated|Tournament battle\n|rule|Species Clause: Limit one of each Pok\u00e9mon\n|rule|Item Clause: Limit 1 of each item\n|raw|<div class=\"infobox\"><details class=\"readmore\" open><summary><strong>1 custom rule:</strong></summary> Force Open Team Sheets</details></div>\n|clearpoke\n|poke|p1|Charizard, L50, M|\n|poke|p1|Maushold-Four, L50|\n|poke|p1|Sneasler, L50, F|\n|poke|p1|Dragapult, L50, M|\n|poke|p1|Kingambit, L50, M|\n|poke|p1|Garchomp, L50, F|\n|poke|p2|Weavile, L50, F|\n|poke|p2|Archaludon, L50, M|\n|poke|p2|Dragonite, L50, M|\n|poke|p2|Sinistcha, L50|\n|poke|p2|Basculegion, L50, M|\n|poke|p2|Politoed, L50, F|\n|teampreview|4\n|showteam|p1|Charizard||CharizarditeY|Blaze|Protect,HeatWave,SolarBeam,Overheat|||M|||50|]Maushold-Four||ChopleBerry|FriendGuard|Protect,Taunt,SuperFang,Encore||||||50|]Sneasler||FocusSash|Unburden|FakeOut,CloseCombat,DireClaw,Feint|||F|||50|]Dragapult||LumBerry|ClearBody|DracoMeteor,ShadowBall,WillOWisp,PsychicFangs|||M|||50|]Kingambit||BlackGlasses|Defiant|Protect,IronHead,SuckerPunch,KowtowCleave|||M|||50|]Garchomp||ChoiceScarf|RoughSkin|StompingTantrum,StoneEdge,RockSlide,DragonClaw|||F|||50|\n|showteam|p2|Weavile||FocusSash|Pickpocket|FakeOut,KnockOff,TripleAxel,BeatUp|||F|||50|]Archaludon||Leftovers|Stamina|ElectroShot,DragonPulse,FlashCannon,Protect|||M|||50|]Dragonite||Dragoninite|InnerFocus|Protect,DracoMeteor,Hurricane,Tailwind|||M|||50|]Sinistcha||SitrusBerry|Hospitality|MatchaGotcha,RagePowder,TrickRoom,LifeDew||||||50|]Basculegion||ChoiceScarf|Adaptability|WaveCrash,FlipTurn,LastRespects,AquaJet|||M|||50|]Politoed||MysticWater|Drizzle|WeatherBall,IceBeam,IcyWind,Protect|||F|||50|\n|inactive|Battle timer is ON: inactive players will automatically lose when time's up. (requested by javivaarela)\n|j| hiyopon\n|c|\u2606Nikolexion|gl\n|inactive|Nikolexion has 60 seconds left.\n|inactive|javivaarela has 60 seconds left.\n|\n|t:|1776030133\n|teamsize|p1|4\n|teamsize|p2|4\n|start\n|switch|p1a: Kingambit|Kingambit, L50, M, shiny|100/100\n|switch|p1b: Sneasler|Sneasler, L50, F|100/100\n|switch|p2a: Weavile|Weavile, L50, F|100/100\n|switch|p2b: Archaludon|Archaludon, L50, M|100/100\n|turn|1\n|inactive|Nikolexion has 30 seconds left.\n|\n|t:|1776030158\n|move|p2a: Weavile|Fake Out|p1b: Sneasler\n|-damage|p1b: Sneasler|77/100\n|cant|p1b: Sneasler|flinch\n|move|p2b: Archaludon|Dragon Pulse|p1b: Sneasler\n|-damage|p1b: Sneasler|20/100\n|move|p1a: Kingambit|Iron Head|p2a: Weavile\n|-supereffective|p2a: Weavile|1\n|-enditem|p2a: Weavile|Focus Sash\n|-damage|p2a: Weavile|1/100\n|-enditem|p1a: Kingambit|Black Glasses|[silent]|[from] ability: Pickpocket|[of] p1a: Kingambit\n|-item|p2a: Weavile|Black Glasses|[from] ability: Pickpocket|[of] p1a: Kingambit\n|\n|upkeep\n|turn|2\n|inactive|Nikolexion has 30 seconds left.\n|\n|t:|1776030184\n|switch|p2a: Politoed|Politoed, L50, F|100/100\n|-weather|RainDance|[from] ability: Drizzle|[of] p2a: Politoed\n|move|p1a: Kingambit|Sucker Punch||[still]\n|-fail|p1a: Kingambit\n|move|p1b: Sneasler|Close Combat|p2b: Archaludon\n|-supereffective|p2b: Archaludon|1\n|-damage|p2b: Archaludon|5/100\n|-unboost|p1b: Sneasler|def|1\n|-unboost|p1b: Sneasler|spd|1\n|-ability|p2b: Archaludon|Stamina|boost\n|-boost|p2b: Archaludon|def|1\n|move|p2b: Archaludon|Electro Shot||[still]\n|-prepare|p2b: Archaludon|Electro Shot\n|-boost|p2b: Archaludon|spa|1\n|-anim|p2b: Archaludon|Electro Shot|p1a: Kingambit\n|-damage|p1a: Kingambit|43/100\n|\n|-weather|RainDance|[upkeep]\n|-heal|p2b: Archaludon|11/100|[from] item: Leftovers\n|upkeep\n|turn|3\n|j| GuevaraGaming2\n|l| GuevaraGaming2\n|inactive|Nikolexion has 30 seconds left.\n|inactive|javivaarela has 30 seconds left.\n|\n|t:|1776030218\n|switch|p2b: Dragonite|Dragonite, L50, M, shiny|100/100\n|move|p1b: Sneasler|Close Combat|p2b: Dragonite\n|-resisted|p2b: Dragonite|1\n|-damage|p2b: Dragonite|66/100\n|-unboost|p1b: Sneasler|def|1\n|-unboost|p1b: Sneasler|spd|1\n|move|p2a: Politoed|Weather Ball|p1a: Kingambit\n|-damage|p1a: Kingambit|0 fnt\n|faint|p1a: Kingambit\n|\n|-weather|RainDance|[upkeep]\n|upkeep\n|\n|t:|1776030241\n|switch|p1a: Maushold|Maushold-Four, L50|100/100\n|turn|4\n|inactive|Nikolexion has 30 seconds left.\n|\n|t:|1776030275\n|detailschange|p2b: Dragonite|Dragonite-Mega, L50, M, shiny\n|-mega|p2b: Dragonite|Dragonite|Dragoninite\n|move|p1b: Sneasler|Dire Claw|p2b: Dragonite\n|-damage|p2b: Dragonite|24/100\n|move|p1a: Maushold|Super Fang|p2a: Politoed\n|-damage|p2a: Politoed|51/100\n|move|p2b: Dragonite|Tailwind|p2b: Dragonite\n|-sidestart|p2: javivaarela|move: Tailwind\n|move|p2a: Politoed|Weather Ball|p1a: Maushold\n|-damage|p1a: Maushold|1/100\n|\n|-weather|RainDance|[upkeep]\n|upkeep\n|turn|5\n|inactive|Nikolexion has 30 seconds left.\n|inactive|Nikolexion has 20 seconds left.\n|\n|t:|1776030311\n|move|p2b: Dragonite|Protect|p2b: Dragonite\n|-singleturn|p2b: Dragonite|Protect\n|move|p1a: Maushold|Protect|p1a: Maushold\n|-singleturn|p1a: Maushold|Protect\n|move|p2a: Politoed|Icy Wind|p1a: Maushold|[spread] p1b\n|-activate|p1a: Maushold|move: Protect\n|-damage|p1b: Sneasler|0 fnt\n|faint|p1b: Sneasler\n|\n|-weather|RainDance|[upkeep]\n|upkeep\n|\n|t:|1776030319\n|switch|p1b: Charizard|Charizard, L50, M|100/100\n|turn|6\n|inactive|Nikolexion has 30 seconds left.\n|j| arcaneye\n|inactive|Nikolexion has 20 seconds left.\n|\n|t:|1776030356\n|switch|p2a: Archaludon|Archaludon, L50, M|11/100\n|move|p1a: Maushold|Protect||[still]\n|-fail|p1a: Maushold\n|move|p1b: Charizard|Protect|p1b: Charizard\n|-singleturn|p1b: Charizard|Protect\n|move|p2b: Dragonite|Draco Meteor|p1a: Maushold\n|-damage|p1a: Maushold|0 fnt\n|-unboost|p2b: Dragonite|spa|2\n|faint|p1a: Maushold\n|\n|-weather|none\n|-heal|p2a: Archaludon|17/100|[from] item: Leftovers\n|upkeep\n|turn|7\n|inactive|javivaarela has 30 seconds left.\n|inactive|javivaarela has 20 seconds left.\n|\n|t:|1776030395\n|detailschange|p1b: Charizard|Charizard-Mega-Y, L50, M\n|-mega|p1b: Charizard|Charizard|Charizardite Y\n|-weather|SunnyDay|[from] ability: Drought|[of] p1b: Charizard\n|move|p2b: Dragonite|Draco Meteor|p1b: Charizard\n|-damage|p1b: Charizard|67/100\n|-unboost|p2b: Dragonite|spa|2\n|move|p2a: Archaludon|Dragon Pulse|p1b: Charizard\n|-damage|p1b: Charizard|33/100\n|move|p1b: Charizard|Heat Wave|p2a: Archaludon|[spread] p2a,p2b\n|-resisted|p2b: Dragonite|1\n|-damage|p2a: Archaludon|0 fnt\n|-damage|p2b: Dragonite|0 fnt\n|faint|p2a: Archaludon\n|faint|p2b: Dragonite\n|\n|-weather|SunnyDay|[upkeep]\n|-sideend|p2: javivaarela|move: Tailwind\n|upkeep\n|\n|t:|1776030404\n|switch|p2b: Politoed|Politoed, L50, F|51/100\n|switch|p2a: Weavile|Weavile, L50, F|1/100\n|-weather|RainDance|[from] ability: Drizzle|[of] p2b: Politoed\n|turn|8\n|l| hiyopon\n|\n|t:|1776030419\n|move|p1b: Charizard|Protect|p1b: Charizard\n|-singleturn|p1b: Charizard|Protect\n|move|p2a: Weavile|Fake Out|p1b: Charizard\n|-activate|p1b: Charizard|move: Protect\n|move|p2b: Politoed|Weather Ball|p1b: Charizard\n|-activate|p1b: Charizard|move: Protect\n|\n|-weather|RainDance|[upkeep]\n|upkeep\n|turn|9\n|\n|t:|1776030428\n|move|p2a: Weavile|Knock Off|p1b: Charizard\n|-damage|p1b: Charizard|0 fnt\n|faint|p1b: Charizard\n|\n|win|javivaarela\n|n|\u2606Nikolexion|nikolexion\n|n|\u203djavivaarela|javivaarela\n|n| arcaneye|arcaneye\n",
  "uploadtime": 1776030428,
  "views": 12,
  "formatid": "gen9championsvgc2026regma",
  "rating": null,
  "private": 0,
  "password": null
}