{
  "id": "gen9championsvgc2026regma-2587974033",
  "format": "[Gen 9 Champions] VGC 2026 Reg M-A",
  "players": [
    "p3elz",
    "BobEZponja"
  ],
  "log": "|j|\u2606p3elz\n|j|\u2606BobEZponja\n|t:|1776587182\n|gametype|doubles\n|player|p1|p3elz|benga|1089\n|player|p2|BobEZponja|169|1000\n|gen|9\n|tier|[Gen 9 Champions] VGC 2026 Reg M-A\n|rated|\n|rule|Species Clause: Limit one of each Pok\u00e9mon\n|rule|Item Clause: Limit 1 of each item\n|clearpoke\n|poke|p1|Meganium, L50, F|\n|poke|p1|Mudsdale, L50, M|\n|poke|p1|Aromatisse, L50, M|\n|poke|p1|Gardevoir, L50, M|\n|poke|p1|Empoleon, L50, F|\n|poke|p1|Scovillain, L50, M|\n|poke|p2|Glimmora, L50, M, shiny|\n|poke|p2|Incineroar, L50, F, shiny|\n|poke|p2|Sinistcha, L50|\n|poke|p2|Scizor, L50, M|\n|poke|p2|Hydreigon, L50, M|\n|poke|p2|Sylveon, L50, F|\n|teampreview|4\n|c|\u2606p3elz|yes\n|c|\u2606p3elz|this team is bad\n|c|\u2606p3elz|i know\n|\n|t:|1776587245\n|teamsize|p1|4\n|teamsize|p2|4\n|start\n|switch|p1a: Empoleon|Empoleon, L50, F|100/100\n|switch|p1b: Aromatisse|Aromatisse, L50, M|100/100\n|switch|p2a: Glimmora|Glimmora, L50, M, shiny|100/100\n|switch|p2b: Hydreigon|Hydreigon, L50, M|100/100\n|turn|1\n|\n|t:|1776587260\n|move|p2b: Hydreigon|Protect|p2b: Hydreigon\n|-singleturn|p2b: Hydreigon|Protect\n|move|p2a: Glimmora|Stealth Rock|p1b: Aromatisse\n|-sidestart|p1: p3elz|move: Stealth Rock\n|move|p1a: Empoleon|Flash Cannon|p2a: Glimmora\n|-supereffective|p2a: Glimmora|1\n|-damage|p2a: Glimmora|12/100\n|move|p1b: Aromatisse|Draining Kiss|p2b: Hydreigon\n|-activate|p2b: Hydreigon|move: Protect\n|\n|upkeep\n|turn|2\n|\n|t:|1776587286\n|move|p2b: Hydreigon|Earth Power|p1a: Empoleon\n|-supereffective|p1a: Empoleon|1\n|-damage|p1a: Empoleon|43/100\n|-unboost|p1a: Empoleon|spd|1\n|-ability|p1a: Empoleon|Competitive|boost\n|-boost|p1a: Empoleon|spa|2\n|move|p2a: Glimmora|Sludge Bomb|p1b: Aromatisse\n|-supereffective|p1b: Aromatisse|1\n|-damage|p1b: Aromatisse|43/100\n|move|p1a: Empoleon|Flash Cannon|p2a: Glimmora\n|-supereffective|p2a: Glimmora|1\n|-damage|p2a: Glimmora|0 fnt\n|faint|p2a: Glimmora\n|move|p1b: Aromatisse|Draining Kiss|p2b: Hydreigon\n|-supereffective|p2b: Hydreigon|2\n|-damage|p2b: Hydreigon|23/100\n|-heal|p1b: Aromatisse|92/100|[from] drain|[of] p2b: Hydreigon\n|\n|upkeep\n|\n|t:|1776587295\n|switch|p2a: Scizor|Scizor, L50, M|100/100\n|turn|3\n|\n|t:|1776587311\n|detailschange|p2a: Scizor|Scizor-Mega, L50, M\n|-mega|p2a: Scizor|Scizor|Scizorite\n|move|p1b: Aromatisse|Protect|p1b: Aromatisse\n|-singleturn|p1b: Aromatisse|Protect\n|move|p2a: Scizor|Bullet Punch|p1b: Aromatisse\n|-activate|p1b: Aromatisse|move: Protect\n|move|p2b: Hydreigon|Earth Power|p1a: Empoleon\n|-supereffective|p1a: Empoleon|1\n|-damage|p1a: Empoleon|0 fnt\n|faint|p1a: Empoleon\n|\n|upkeep\n|\n|t:|1776587321\n|switch|p1a: Scovillain|Scovillain, L50, M|100/100\n|-damage|p1a: Scovillain|75/100|[from] Stealth Rock\n|turn|4\n|\n|t:|1776587350\n|switch|p2a: Sinistcha|Sinistcha, L50|100/100\n|-heal|p2b: Hydreigon|48/100|[from] ability: Hospitality|[of] p2a: Sinistcha\n|detailschange|p1a: Scovillain|Scovillain-Mega, L50, M\n|-mega|p1a: Scovillain|Scovillain|Scovillainite\n|move|p2b: Hydreigon|Protect|p2b: Hydreigon\n|-singleturn|p2b: Hydreigon|Protect\n|move|p1a: Scovillain|Flamethrower|p2a: Sinistcha\n|-supereffective|p2a: Sinistcha|1\n|-crit|p2a: Sinistcha\n|-enditem|p2a: Sinistcha|Occa Berry|[eat]\n|-enditem|p2a: Sinistcha|Occa Berry|[weaken]\n|-damage|p2a: Sinistcha|9/100\n|move|p1b: Aromatisse|Draining Kiss|p2b: Hydreigon\n|-activate|p2b: Hydreigon|move: Protect\n|\n|upkeep\n|turn|5\n|\n|t:|1776587371\n|move|p1a: Scovillain|Rage Powder|p1a: Scovillain\n|-singleturn|p1a: Scovillain|move: Rage Powder\n|move|p2a: Sinistcha|Rage Powder|p2a: Sinistcha\n|-singleturn|p2a: Sinistcha|move: Rage Powder\n|move|p2b: Hydreigon|Draco Meteor|p1a: Scovillain\n|-damage|p1a: Scovillain|0 fnt\n|-unboost|p2b: Hydreigon|spa|2\n|-status|p2b: Hydreigon|brn|[from] ability: Spicy Spray|[of] p1a: Scovillain\n|faint|p1a: Scovillain\n|move|p1b: Aromatisse|Draining Kiss|p2a: Sinistcha\n|-damage|p2a: Sinistcha|0 fnt\n|-heal|p1b: Aromatisse|98/100|[from] drain|[of] p2a: Sinistcha\n|faint|p2a: Sinistcha\n|\n|-damage|p2b: Hydreigon|42/100 brn|[from] brn\n|upkeep\n|\n|t:|1776587385\n|switch|p1a: Mudsdale|Mudsdale, L50, M|100/100\n|switch|p2a: Scizor|Scizor-Mega, L50, M|100/100\n|-damage|p1a: Mudsdale|94/100|[from] Stealth Rock\n|turn|6\n|\n|t:|1776587402\n|move|p1b: Aromatisse|Protect|p1b: Aromatisse\n|-singleturn|p1b: Aromatisse|Protect\n|move|p2b: Hydreigon|Dark Pulse|p1a: Mudsdale\n|-damage|p1a: Mudsdale|74/100\n|-ability|p1a: Mudsdale|Stamina|boost\n|-boost|p1a: Mudsdale|def|1\n|move|p2a: Scizor|Swords Dance|p2a: Scizor\n|-boost|p2a: Scizor|atk|2\n|cant|p1a: Mudsdale|flinch\n|\n|-damage|p2b: Hydreigon|36/100 brn|[from] brn\n|upkeep\n|turn|7\n|\n|t:|1776587423\n|move|p2b: Hydreigon|Protect|p2b: Hydreigon\n|-singleturn|p2b: Hydreigon|Protect\n|move|p2a: Scizor|Bullet Punch|p1b: Aromatisse\n|-supereffective|p1b: Aromatisse|1\n|-damage|p1b: Aromatisse|0 fnt\n|faint|p1b: Aromatisse\n|move|p1a: Mudsdale|Iron Defense|p1a: Mudsdale\n|-boost|p1a: Mudsdale|def|2\n|\n|-damage|p2b: Hydreigon|29/100 brn|[from] brn\n|upkeep\n|turn|8\n|\n|t:|1776587435\n|move|p1a: Mudsdale|Protect|p1a: Mudsdale\n|-singleturn|p1a: Mudsdale|Protect\n|move|p2b: Hydreigon|Draco Meteor|p1a: Mudsdale\n|-activate|p1a: Mudsdale|move: Protect\n|move|p2a: Scizor|Swords Dance|p2a: Scizor\n|-boost|p2a: Scizor|atk|2\n|\n|-damage|p2b: Hydreigon|23/100 brn|[from] brn\n|upkeep\n|turn|9\n|\n|t:|1776587464\n|move|p2b: Hydreigon|Protect|p2b: Hydreigon\n|-singleturn|p2b: Hydreigon|Protect\n|move|p2a: Scizor|Swords Dance|p2a: Scizor\n|-boost|p2a: Scizor|atk|2\n|move|p1a: Mudsdale|Iron Defense|p1a: Mudsdale\n|-boost|p1a: Mudsdale|def|2\n|\n|-damage|p2b: Hydreigon|17/100 brn|[from] brn\n|upkeep\n|turn|10\n|\n|t:|1776587475\n|move|p1a: Mudsdale|Protect|p1a: Mudsdale\n|-singleturn|p1a: Mudsdale|Protect\n|move|p2b: Hydreigon|Draco Meteor|p1a: Mudsdale\n|-activate|p1a: Mudsdale|move: Protect\n|move|p2a: Scizor|Bug Bite|p1a: Mudsdale\n|-activate|p1a: Mudsdale|move: Protect\n|\n|-damage|p2b: Hydreigon|11/100 brn|[from] brn\n|upkeep\n|turn|11\n|\n|t:|1776587486\n|move|p2b: Hydreigon|Draco Meteor|p1a: Mudsdale\n|-damage|p1a: Mudsdale|44/100\n|-unboost|p2b: Hydreigon|spa|2\n|-ability|p1a: Mudsdale|Stamina|boost\n|-boost|p1a: Mudsdale|def|1\n|-enditem|p1a: Mudsdale|Sitrus Berry|[eat]\n|-heal|p1a: Mudsdale|68/100|[from] item: Sitrus Berry\n|move|p2a: Scizor|Bug Bite|p1a: Mudsdale\n|-damage|p1a: Mudsdale|40/100\n|move|p1a: Mudsdale|Body Press|p2a: Scizor\n|-damage|p2a: Scizor|23/100\n|\n|-damage|p2b: Hydreigon|4/100 brn|[from] brn\n|upkeep\n|turn|12\n|\n|t:|1776587500\n|move|p1a: Mudsdale|Protect|p1a: Mudsdale\n|-singleturn|p1a: Mudsdale|Protect\n|move|p2b: Hydreigon|Draco Meteor|p1a: Mudsdale\n|-activate|p1a: Mudsdale|move: Protect\n|move|p2a: Scizor|Bug Bite|p1a: Mudsdale\n|-activate|p1a: Mudsdale|move: Protect\n|\n|-damage|p2b: Hydreigon|0 fnt|[from] brn\n|faint|p2b: Hydreigon\n|upkeep\n|turn|13\n|\n|t:|1776587511\n|move|p2a: Scizor|Bug Bite|p1a: Mudsdale\n|-damage|p1a: Mudsdale|12/100\n|move|p1a: Mudsdale|Body Press|p2a: Scizor\n|-damage|p2a: Scizor|0 fnt\n|faint|p2a: Scizor\n|\n|win|p3elz\n|raw|p3elz's rating: 1089 &rarr; <strong>1109</strong><br />(+20 for winning)\n|raw|BobEZponja's rating: 1000 &rarr; <strong>1000</strong><br />(+0 for losing)\n|l|\u2606BobEZponja\n|player|p2|\n",
  "uploadtime": 1776587518,
  "views": 9,
  "formatid": "gen9championsvgc2026regma",
  "rating": 1000,
  "private": 0,
  "password": null
}