{
  "id": "gen9championsvgc2026regma-2585229261",
  "format": "[Gen 9 Champions] VGC 2026 Reg M-A",
  "players": [
    "TheWonderfulGirl",
    "Millercs"
  ],
  "log": "|j|\u2606TheWonderfulGirl\n|j|\u2606Millercs\n|t:|1776327582\n|gametype|doubles\n|player|p1|TheWonderfulGirl|pokekid|1121\n|player|p2|Millercs|2|1183\n|gen|9\n|tier|[Gen 9 Champions] VGC 2026 Reg M-A\n|rated|\n|rule|Species Clause: Limit one of each Pok\u00e9mon\n|rule|Item Clause: Limit 1 of each item\n|clearpoke\n|poke|p1|Froslass, L50, F|\n|poke|p1|Garchomp, L50, M|\n|poke|p1|Rotom-Frost, L50|\n|poke|p1|Empoleon, L50, M|\n|poke|p1|Incineroar, L50, F|\n|poke|p1|Kingambit, L50, F|\n|poke|p2|Floette-Eternal, L50, F|\n|poke|p2|Glimmora, L50, F|\n|poke|p2|Talonflame, L50, M|\n|poke|p2|Corviknight, L50, F|\n|poke|p2|Garchomp, L50, F|\n|poke|p2|Sinistcha, L50|\n|teampreview|4\n|inactive|Battle timer is ON: inactive players will automatically lose when time's up. (requested by TheWonderfulGirl)\n|inactive|TheWonderfulGirl has 60 seconds left.\n|\n|t:|1776327629\n|teamsize|p1|4\n|teamsize|p2|4\n|start\n|switch|p1a: Froslass|Froslass, L50, F|100/100\n|switch|p1b: Rotom|Rotom-Frost, L50|100/100\n|switch|p2a: Floette|Floette-Eternal, L50, F|100/100\n|switch|p2b: Sinistcha|Sinistcha, L50|100/100\n|turn|1\n|inactive|Millercs has 30 seconds left.\n|\n|t:|1776327659\n|detailschange|p1a: Froslass|Froslass-Mega, L50, F\n|-mega|p1a: Froslass|Froslass|Froslassite\n|-weather|Snowscape|[from] ability: Snow Warning|[of] p1a: Froslass\n|detailschange|p2a: Floette|Floette-Mega, L50, F\n|-mega|p2a: Floette|Floette|Floettite\n|-ability|p2a: Floette|Fairy Aura\n|move|p1b: Rotom|Electroweb|p2a: Floette|[spread] p2a,p2b\n|-resisted|p2b: Sinistcha|1\n|-damage|p2a: Floette|88/100\n|-damage|p2b: Sinistcha|91/100\n|-unboost|p2a: Floette|spe|1\n|-unboost|p2b: Sinistcha|spe|1\n|move|p1a: Froslass|Blizzard|p2a: Floette|[spread] p2a,p2b\n|-supereffective|p2b: Sinistcha|1\n|-damage|p2a: Floette|53/100\n|-damage|p2b: Sinistcha|0 fnt\n|faint|p2b: Sinistcha\n|move|p2a: Floette|Calm Mind|p2a: Floette\n|-boost|p2a: Floette|spa|1\n|-boost|p2a: Floette|spd|1\n|\n|-weather|Snowscape|[upkeep]\n|upkeep\n|\n|t:|1776327678\n|switch|p2b: Talonflame|Talonflame, L50, M|100/100\n|turn|2\n|inactive|TheWonderfulGirl has 30 seconds left.\n|inactive|TheWonderfulGirl has 20 seconds left.\n|inactive|TheWonderfulGirl has 15 seconds left.\n|inactive|TheWonderfulGirl has 10 seconds left.\n|inactive|TheWonderfulGirl has 5 seconds left.\n|\n|t:|1776327729\n|switch|p1a: Incineroar|Incineroar, L50, F|100/100\n|-ability|p1a: Incineroar|Intimidate|boost\n|-unboost|p2a: Floette|atk|1\n|-unboost|p2b: Talonflame|atk|1\n|move|p2b: Talonflame|Tailwind|p2b: Talonflame\n|-sidestart|p2: Millercs|move: Tailwind\n|move|p1b: Rotom|Electroweb|p2a: Floette|[spread] p2a,p2b\n|-supereffective|p2b: Talonflame|1\n|-damage|p2a: Floette|44/100\n|-damage|p2b: Talonflame|42/100\n|-unboost|p2a: Floette|spe|1\n|-unboost|p2b: Talonflame|spe|1\n|move|p2a: Floette|Dazzling Gleam|p1a: Incineroar|[spread] p1a,p1b\n|-damage|p1a: Incineroar|37/100\n|-damage|p1b: Rotom|17/100\n|-enditem|p1a: Incineroar|Sitrus Berry|[eat]\n|-heal|p1a: Incineroar|61/100|[from] item: Sitrus Berry\n|\n|-weather|Snowscape|[upkeep]\n|upkeep\n|turn|3\n|l|\u2606Millercs\n|inactive|Millercs disconnected and has a minute to reconnect!\n|player|p2|\n|j|\u2606Millercs\n|inactive|Millercs reconnected and has 45 seconds left.\n|player|p2|Millercs|2|\n|inactive|TheWonderfulGirl has 30 seconds left.\n|inactive|TheWonderfulGirl has 20 seconds left.\n|inactive|TheWonderfulGirl has 15 seconds left.\n|\n|t:|1776327773\n|move|p2b: Talonflame|Protect|p2b: Talonflame\n|-singleturn|p2b: Talonflame|Protect\n|move|p2a: Floette|Protect|p2a: Floette\n|-singleturn|p2a: Floette|Protect\n|move|p1b: Rotom|Electroweb|p2b: Talonflame|[spread] \n|-activate|p2a: Floette|move: Protect\n|-activate|p2b: Talonflame|move: Protect\n|move|p1a: Incineroar|Flare Blitz|p2a: Floette\n|-activate|p2a: Floette|move: Protect\n|\n|-weather|Snowscape|[upkeep]\n|upkeep\n|turn|4\n|\n|t:|1776327792\n|move|p2b: Talonflame|Flare Blitz|p1b: Rotom\n|-supereffective|p1b: Rotom|1\n|-damage|p1b: Rotom|0 fnt\n|faint|p1b: Rotom\n|-damage|p2b: Talonflame|37/100|[from] Recoil\n|move|p2a: Floette|Dazzling Gleam|p1a: Incineroar\n|-damage|p1a: Incineroar|0 fnt\n|faint|p1a: Incineroar\n|\n|-weather|Snowscape|[upkeep]\n|upkeep\n|\n|t:|1776327802\n|switch|p1b: Froslass|Froslass-Mega, L50, F|100/100\n|switch|p1a: Kingambit|Kingambit, L50, F|100/100\n|turn|5\n|\n|t:|1776327823\n|move|p2b: Talonflame|Flare Blitz|p1a: Kingambit\n|-supereffective|p1a: Kingambit|1\n|-damage|p1a: Kingambit|49/100\n|-damage|p2b: Talonflame|17/100|[from] Recoil\n|move|p1b: Froslass|Aurora Veil|p1b: Froslass\n|-sidestart|p1: TheWonderfulGirl|move: Aurora Veil\n|move|p2a: Floette|Dazzling Gleam|p1b: Froslass|[spread] p1a,p1b\n|-damage|p1a: Kingambit|0 fnt\n|-damage|p1b: Froslass|50/100\n|faint|p1a: Kingambit\n|\n|-weather|none\n|-sideend|p2: Millercs|move: Tailwind\n|upkeep\n|turn|6\n|inactive|Millercs has 30 seconds left.\n|\n|t:|1776327851\n|switch|p2b: Corviknight|Corviknight, L50, F|100/100\n|move|p1b: Froslass|Blizzard|p2a: Floette|[spread] p2b\n|-miss|p1b: Froslass|p2a: Floette\n|-crit|p2b: Corviknight\n|-damage|p2b: Corviknight|46/100\n|move|p2a: Floette|Moonblast|p1b: Froslass\n|-damage|p1b: Froslass|0 fnt\n|faint|p1b: Froslass\n|\n|win|Millercs\n|raw|TheWonderfulGirl's rating: 1121 &rarr; <strong>1100</strong><br />(-21 for losing)\n|raw|Millercs's rating: 1183 &rarr; <strong>1204</strong><br />(+21 for winning)\n",
  "uploadtime": 1776327853,
  "views": 22,
  "formatid": "gen9championsvgc2026regma",
  "rating": 1100,
  "private": 0,
  "password": null
}