{
  "id": "gen9championsvgc2026regma-2588083068",
  "format": "[Gen 9 Champions] VGC 2026 Reg M-A",
  "players": [
    "kao play game",
    "testing fhdhdh"
  ],
  "log": "|j|\u2606kao play game\n|j|\u2606testing fhdhdh\n|t:|1776602293\n|gametype|doubles\n|player|p1|kao play game|cynthia-gen4|1067\n|player|p2|testing fhdhdh|karen|1000\n|gen|9\n|tier|[Gen 9 Champions] VGC 2026 Reg M-A\n|rated|\n|rule|Species Clause: Limit one of each Pok\u00e9mon\n|rule|Item Clause: Limit 1 of each item\n|clearpoke\n|poke|p1|Watchog, L50, F|\n|poke|p1|Chimecho, L50, F|\n|poke|p1|Farigiraf, L50, M|\n|poke|p1|Incineroar, L50, F|\n|poke|p1|Sableye, L50, M|\n|poke|p1|Clawitzer, L50, M|\n|poke|p2|Typhlosion-Hisui, L50, M|\n|poke|p2|Wyrdeer, L50, M|\n|poke|p2|Lucario, L50, F|\n|poke|p2|Whimsicott, L50, M|\n|poke|p2|Rotom-Wash, L50|\n|poke|p2|Torkoal, L50, M|\n|teampreview|4\n|inactive|Battle timer is ON: inactive players will automatically lose when time's up. (requested by kao play game)\n|\n|t:|1776602334\n|teamsize|p1|4\n|teamsize|p2|4\n|start\n|switch|p1a: Farigiraf|Farigiraf, L50, M|100/100\n|switch|p1b: Incineroar|Incineroar, L50, F|100/100\n|switch|p2a: Wyrdeer|Wyrdeer, L50, M|100/100\n|switch|p2b: Lucario|Lucario, L50, F|100/100\n|-ability|p1b: Incineroar|Intimidate|boost\n|-unboost|p2a: Wyrdeer|atk|1\n|-fail|p2b: Lucario|unboost|Attack|[from] ability: Inner Focus|[of] p2b: Lucario\n|-ability|p2a: Wyrdeer|Intimidate|boost\n|-unboost|p1a: Farigiraf|atk|1\n|-unboost|p1b: Incineroar|atk|1\n|turn|1\n|inactive|testing fhdhdh has 30 seconds left.\n|\n|t:|1776602363\n|move|p1a: Farigiraf|Ally Switch|p1a: Farigiraf\n|swap|p1a: Farigiraf|1|[from] move: Ally Switch\n|move|p2b: Lucario|Close Combat|p1b: Farigiraf\n|-crit|p1b: Farigiraf\n|-damage|p1b: Farigiraf|17/100\n|-unboost|p2b: Lucario|def|1\n|-unboost|p2b: Lucario|spd|1\n|move|p1a: Incineroar|Close Combat|p2b: Lucario\n|-supereffective|p2b: Lucario|1\n|-damage|p2b: Lucario|0 fnt\n|-unboost|p1a: Incineroar|def|1\n|-unboost|p1a: Incineroar|spd|1\n|faint|p2b: Lucario\n|move|p2a: Wyrdeer|Imprison|p2a: Wyrdeer\n|-start|p2a: Wyrdeer|move: Imprison\n|\n|-heal|p1b: Farigiraf|23/100|[from] item: Leftovers\n|upkeep\n|\n|t:|1776602378\n|switch|p2b: Rotom|Rotom-Wash, L50|100/100\n|turn|2\n|\n|t:|1776602387\n|switch|p1a: Clawitzer|Clawitzer, L50, M|100/100\n|move|p2b: Rotom|Hydro Pump|p1a: Clawitzer\n|-resisted|p1a: Clawitzer|1\n|-damage|p1a: Clawitzer|77/100\n|move|p2a: Wyrdeer|Body Slam|p1b: Farigiraf\n|-damage|p1b: Farigiraf|2/100\n|move|p1b: Farigiraf|Hyper Voice|p2a: Wyrdeer|[spread] p2a,p2b\n|-damage|p2a: Wyrdeer|64/100\n|-damage|p2b: Rotom|64/100\n|\n|-heal|p1b: Farigiraf|8/100|[from] item: Leftovers\n|upkeep\n|turn|3\n|inactive|kao play game has 30 seconds left.\n|inactive|testing fhdhdh has 30 seconds left.\n|\n|t:|1776602419\n|move|p1b: Farigiraf|Ally Switch|p1b: Farigiraf\n|swap|p1b: Farigiraf|0|[from] move: Ally Switch\n|move|p2b: Rotom|Volt Switch|p1a: Farigiraf\n|-damage|p1a: Farigiraf|0 fnt\n|faint|p1a: Farigiraf\n|\n|t:|1776602425\n|switch|p2b: Typhlosion|Typhlosion-Hisui, L50, M|100/100|[from] Volt Switch\n|-item|p1b: Clawitzer|Mystic Water|[from] ability: Frisk|[of] p2b: Typhlosion\n|move|p2a: Wyrdeer|Body Slam|p1b: Clawitzer\n|-damage|p1b: Clawitzer|55/100\n|move|p1b: Clawitzer|Dragon Pulse|p2b: Typhlosion\n|-damage|p2b: Typhlosion|42/100\n|\n|upkeep\n|\n|t:|1776602437\n|switch|p1a: Incineroar|Incineroar, L50, F|100/100\n|-ability|p1a: Incineroar|Intimidate|boost\n|-unboost|p2a: Wyrdeer|atk|1\n|-unboost|p2b: Typhlosion|atk|1\n|turn|4\n|\n|t:|1776602453\n|switch|p2b: Rotom|Rotom-Wash, L50|64/100\n|move|p2a: Wyrdeer|Protect|p2a: Wyrdeer\n|-singleturn|p2a: Wyrdeer|Protect\n|move|p1a: Incineroar|Fake Out|p2a: Wyrdeer\n|-activate|p2a: Wyrdeer|move: Protect\n|move|p1b: Clawitzer|Water Pulse|p2b: Rotom\n|-resisted|p2b: Rotom|1\n|-damage|p2b: Rotom|32/100\n|-enditem|p2b: Rotom|Sitrus Berry|[eat]\n|-heal|p2b: Rotom|57/100|[from] item: Sitrus Berry\n|\n|upkeep\n|turn|5\n|inactive|testing fhdhdh has 30 seconds left.\n|\n|t:|1776602478\n|switch|p1a: Watchog|Watchog, L50, F|100/100\n|move|p2b: Rotom|Volt Switch|p1b: Clawitzer\n|-supereffective|p1b: Clawitzer|1\n|-damage|p1b: Clawitzer|0 fnt\n|faint|p1b: Clawitzer\n|\n|t:|1776602485\n|switch|p2b: Typhlosion|Typhlosion-Hisui, L50, M|42/100|[from] Volt Switch\n|-item|p1a: Watchog|Focus Sash|[from] ability: Frisk|[of] p2b: Typhlosion\n|move|p2a: Wyrdeer|Body Slam|p1a: Watchog\n|-damage|p1a: Watchog|79/100\n|-status|p1a: Watchog|par\n|\n|upkeep\n|\n|t:|1776602487\n|switch|p1b: Incineroar|Incineroar, L50, F|100/100\n|-ability|p1b: Incineroar|Intimidate|boost\n|-unboost|p2a: Wyrdeer|atk|1\n|-unboost|p2b: Typhlosion|atk|1\n|turn|6\n|\n|t:|1776602504\n|move|p2a: Wyrdeer|Protect|p2a: Wyrdeer\n|-singleturn|p2a: Wyrdeer|Protect\n|move|p1b: Incineroar|Fake Out|p2a: Wyrdeer\n|-activate|p2a: Wyrdeer|move: Protect\n|move|p2b: Typhlosion|Overheat|p1a: Watchog\n|-damage|p1a: Watchog|0 fnt\n|-unboost|p2b: Typhlosion|spa|2\n|faint|p1a: Watchog\n|\n|upkeep\n|turn|7\n|-message|kao play game forfeited.\n|\n|win|testing fhdhdh\n|raw|kao play game's rating: 1067 &rarr; <strong>1043</strong><br />(-24 for losing)\n|raw|testing fhdhdh's rating: 1000 &rarr; <strong>1048</strong><br />(+48 for winning)\n|l|\u2606kao play game\n|player|p1|\n",
  "uploadtime": 1776602551,
  "views": 7,
  "formatid": "gen9championsvgc2026regma",
  "rating": 1043,
  "private": 0,
  "password": null
}