{
  "id": "gen9championsvgc2026regma-2587547558",
  "format": "[Gen 9 Champions] VGC 2026 Reg M-A",
  "players": [
    "Braute",
    "Phlash64"
  ],
  "log": "|j|\u2606Braute\n|j|\u2606Phlash64\n|t:|1776541222\n|gametype|doubles\n|player|p1|Braute|miku-fire|1226\n|player|p2|Phlash64|2|1148\n|gen|9\n|tier|[Gen 9 Champions] VGC 2026 Reg M-A\n|rated|\n|rule|Species Clause: Limit one of each Pok\u00e9mon\n|rule|Item Clause: Limit 1 of each item\n|clearpoke\n|poke|p1|Glimmora, L50, M|\n|poke|p1|Ninetales-Alola, L50, F|\n|poke|p1|Basculegion, L50, M, shiny|\n|poke|p1|Incineroar, L50, F, shiny|\n|poke|p1|Kommo-o, L50, M|\n|poke|p1|Volcarona, L50, M, shiny|\n|poke|p2|Incineroar, L50, M|\n|poke|p2|Kingambit, L50, F|\n|poke|p2|Slowking, L50, F|\n|poke|p2|Altaria, L50, M|\n|poke|p2|Goodra-Hisui, L50, M|\n|poke|p2|Primarina, L50, M|\n|teampreview|4\n|inactive|Battle timer is ON: inactive players will automatically lose when time's up. (requested by Phlash64)\n|inactive|Braute also wants the timer to be on.\n|\n|t:|1776541236\n|teamsize|p1|4\n|teamsize|p2|4\n|start\n|switch|p1a: Kommo-o|Kommo-o, L50, M|100/100\n|switch|p1b: Volcarona|Volcarona, L50, M, shiny|100/100\n|switch|p2a: Incineroar|Incineroar, L50, M|100/100\n|switch|p2b: Kingambit|Kingambit, L50, F|100/100\n|-ability|p2a: Incineroar|Intimidate|boost\n|-unboost|p1a: Kommo-o|atk|1\n|-unboost|p1b: Volcarona|atk|1\n|turn|1\n|\n|t:|1776541261\n|move|p2a: Incineroar|Fake Out|p1a: Kommo-o\n|-damage|p1a: Kommo-o|86/100\n|cant|p1a: Kommo-o|flinch\n|move|p1b: Volcarona|Fiery Dance|p2b: Kingambit\n|-supereffective|p2b: Kingambit|1\n|-damage|p2b: Kingambit|38/100\n|-boost|p1b: Volcarona|spa|1\n|-enditem|p2b: Kingambit|Sitrus Berry|[eat]\n|-heal|p2b: Kingambit|63/100|[from] item: Sitrus Berry\n|move|p2b: Kingambit|Kowtow Cleave|p1b: Volcarona\n|-damage|p1b: Volcarona|55/100\n|\n|-heal|p1a: Kommo-o|92/100|[from] item: Leftovers\n|upkeep\n|turn|2\n|\n|t:|1776541279\n|switch|p2b: Slowking|Slowking, L50, F|100/100\n|move|p1b: Volcarona|Rage Powder|p1b: Volcarona\n|-singleturn|p1b: Volcarona|move: Rage Powder\n|move|p1a: Kommo-o|Clangorous Soul|p1a: Kommo-o\n|-boost|p1a: Kommo-o|atk|1\n|-boost|p1a: Kommo-o|def|1\n|-boost|p1a: Kommo-o|spa|1\n|-boost|p1a: Kommo-o|spd|1\n|-boost|p1a: Kommo-o|spe|1\n|-damage|p1a: Kommo-o|59/100\n|move|p2a: Incineroar|Parting Shot|p1b: Volcarona\n|-unboost|p1b: Volcarona|atk|1\n|-unboost|p1b: Volcarona|spa|1\n|\n|t:|1776541295\n|switch|p2a: Altaria|Altaria, L50, M|100/100|[from] Parting Shot\n|-ability|p2a: Altaria|Cloud Nine\n|\n|-heal|p1a: Kommo-o|65/100|[from] item: Leftovers\n|upkeep\n|turn|3\n|\n|t:|1776541313\n|detailschange|p2a: Altaria|Altaria-Mega, L50, M\n|-mega|p2a: Altaria|Altaria|Altarianite\n|move|p1a: Kommo-o|Clanging Scales|p2b: Slowking|[spread] p2b\n|-immune|p2a: Altaria\n|-damage|p2b: Slowking|53/100\n|-unboost|p1a: Kommo-o|def|1\n|move|p1b: Volcarona|Struggle Bug|p2a: Altaria|[spread] p2a,p2b\n|-resisted|p2a: Altaria|1\n|-crit|p2a: Altaria\n|-supereffective|p2b: Slowking|1\n|-damage|p2a: Altaria|89/100\n|-damage|p2b: Slowking|25/100\n|-unboost|p2a: Altaria|spa|1\n|-unboost|p2b: Slowking|spa|1\n|move|p2a: Altaria|Hyper Voice|p1a: Kommo-o|[spread] p1b\n|-immune|p1a: Kommo-o|[from] ability: Soundproof\n|-resisted|p1b: Volcarona|1\n|-damage|p1b: Volcarona|42/100\n|-enditem|p1b: Volcarona|Sitrus Berry|[eat]\n|-heal|p1b: Volcarona|67/100|[from] item: Sitrus Berry\n|move|p2b: Slowking|Trick Room|p2b: Slowking\n|-fieldstart|move: Trick Room|[of] p2b: Slowking\n|\n|-heal|p2b: Slowking|31/100|[from] item: Leftovers\n|-heal|p1a: Kommo-o|71/100|[from] item: Leftovers\n|upkeep\n|turn|4\n|inactive|Braute has 30 seconds left.\n|inactive|Phlash64 has 30 seconds left.\n|\n|t:|1776541344\n|move|p1a: Kommo-o|Protect|p1a: Kommo-o\n|-singleturn|p1a: Kommo-o|Protect\n|move|p2b: Slowking|Psychic|p1a: Kommo-o\n|-activate|p1a: Kommo-o|move: Protect\n|move|p2a: Altaria|Heat Wave|p1b: Volcarona|[spread] p1b\n|-activate|p1a: Kommo-o|move: Protect\n|-damage|p1b: Volcarona|53/100\n|move|p1b: Volcarona|Struggle Bug|p2b: Slowking|[spread] p2a,p2b\n|-resisted|p2a: Altaria|1\n|-supereffective|p2b: Slowking|1\n|-damage|p2a: Altaria|81/100\n|-damage|p2b: Slowking|7/100\n|-unboost|p2a: Altaria|spa|1\n|-unboost|p2b: Slowking|spa|1\n|\n|-heal|p2b: Slowking|13/100|[from] item: Leftovers\n|-heal|p1a: Kommo-o|77/100|[from] item: Leftovers\n|upkeep\n|turn|5\n|inactive|Braute has 30 seconds left.\n|\n|t:|1776541373\n|switch|p2b: Incineroar|Incineroar, L50, M|100/100\n|-ability|p2b: Incineroar|Intimidate|boost\n|-unboost|p1a: Kommo-o|atk|1\n|-unboost|p1b: Volcarona|atk|1\n|move|p1b: Volcarona|Rage Powder|p1b: Volcarona\n|-singleturn|p1b: Volcarona|move: Rage Powder\n|move|p2a: Altaria|Heat Wave|p1a: Kommo-o|[spread] p1a,p1b\n|-resisted|p1a: Kommo-o|1\n|-damage|p1a: Kommo-o|72/100\n|-damage|p1b: Volcarona|43/100\n|move|p1a: Kommo-o|Clangorous Soul|p1a: Kommo-o\n|-boost|p1a: Kommo-o|atk|1\n|-boost|p1a: Kommo-o|def|1\n|-boost|p1a: Kommo-o|spa|1\n|-boost|p1a: Kommo-o|spd|1\n|-boost|p1a: Kommo-o|spe|1\n|-damage|p1a: Kommo-o|39/100\n|\n|-heal|p1a: Kommo-o|45/100|[from] item: Leftovers\n|upkeep\n|turn|6\n|inactive|Phlash64 has 30 seconds left.\n|\n|t:|1776541400\n|switch|p1b: Incineroar|Incineroar, L50, F, shiny|100/100\n|-ability|p1b: Incineroar|Intimidate|boost\n|-unboost|p2a: Altaria|atk|1\n|-unboost|p2b: Incineroar|atk|1\n|-enditem|p2b: Incineroar|White Herb\n|-clearnegativeboost|p2b: Incineroar|[silent]\n|move|p1a: Kommo-o|Protect|p1a: Kommo-o\n|-singleturn|p1a: Kommo-o|Protect\n|move|p2b: Incineroar|Fake Out|p1a: Kommo-o\n|-activate|p1a: Kommo-o|move: Protect\n|move|p2a: Altaria|Heat Wave|p1b: Incineroar|[spread] p1b\n|-activate|p1a: Kommo-o|move: Protect\n|-resisted|p1b: Incineroar|1\n|-crit|p1b: Incineroar\n|-damage|p1b: Incineroar|85/100\n|\n|-heal|p1a: Kommo-o|51/100|[from] item: Leftovers\n|upkeep\n|turn|7\n|\n|t:|1776541422\n|move|p1b: Incineroar|Fake Out|p2b: Incineroar\n|-damage|p2b: Incineroar|88/100\n|cant|p2b: Incineroar|flinch\n|move|p2a: Altaria|Hyper Voice|p1b: Incineroar|[spread] p1b\n|-immune|p1a: Kommo-o|[from] ability: Soundproof\n|-damage|p1b: Incineroar|70/100\n|move|p1a: Kommo-o|Aura Sphere|p2b: Incineroar\n|-supereffective|p2b: Incineroar|1\n|-damage|p2b: Incineroar|0 fnt\n|faint|p2b: Incineroar\n|\n|-heal|p1a: Kommo-o|57/100|[from] item: Leftovers\n|-fieldend|move: Trick Room\n|upkeep\n|\n|t:|1776541436\n|switch|p2b: Slowking|Slowking, L50, F|46/100\n|turn|8\n|inactive|Phlash64 has 30 seconds left.\n|inactive|Phlash64 has 20 seconds left.\n|\n|t:|1776541475\n|switch|p2b: Kingambit|Kingambit, L50, F|63/100\n|move|p1a: Kommo-o|Clanging Scales|p2b: Kingambit|[spread] p2b\n|-immune|p2a: Altaria\n|-resisted|p2b: Kingambit|1\n|-damage|p2b: Kingambit|31/100\n|-unboost|p1a: Kommo-o|def|1\n|move|p2a: Altaria|Roost|p2a: Altaria\n|-heal|p2a: Altaria|100/100\n|-singleturn|p2a: Altaria|move: Roost\n|move|p1b: Incineroar|Parting Shot|p2a: Altaria\n|-unboost|p2a: Altaria|atk|1\n|-unboost|p2a: Altaria|spa|1\n|\n|t:|1776541487\n|switch|p1b: Glimmora|Glimmora, L50, M|100/100|[from] Parting Shot\n|\n|-heal|p1a: Kommo-o|62/100|[from] item: Leftovers\n|upkeep\n|turn|9\n|\n|t:|1776541497\n|switch|p2a: Slowking|Slowking, L50, F|79/100\n|detailschange|p1b: Glimmora|Glimmora-Mega, L50, M\n|-mega|p1b: Glimmora|Glimmora|Glimmoranite\n|move|p2b: Kingambit|Protect|p2b: Kingambit\n|-singleturn|p2b: Kingambit|Protect\n|move|p1a: Kommo-o|Clanging Scales|p2a: Slowking|[spread] p2a\n|-activate|p2b: Kingambit|move: Protect\n|-damage|p2a: Slowking|14/100\n|-unboost|p1a: Kommo-o|def|1\n|move|p1b: Glimmora|Sludge Bomb|p2a: Slowking\n|-damage|p2a: Slowking|0 fnt\n|faint|p2a: Slowking\n|\n|-heal|p1a: Kommo-o|68/100|[from] item: Leftovers\n|upkeep\n|\n|t:|1776541512\n|switch|p2a: Altaria|Altaria-Mega, L50, M|100/100\n|turn|10\n|\n|t:|1776541533\n|move|p2b: Kingambit|Sucker Punch|p1a: Kommo-o\n|-resisted|p1a: Kommo-o|1\n|-damage|p1a: Kommo-o|40/100\n|move|p1a: Kommo-o|Aura Sphere|p2b: Kingambit\n|-supereffective|p2b: Kingambit|2\n|-damage|p2b: Kingambit|0 fnt\n|faint|p2b: Kingambit\n|move|p1b: Glimmora|Sludge Bomb|p2a: Altaria\n|-supereffective|p2a: Altaria|1\n|-damage|p2a: Altaria|0 fnt\n|faint|p2a: Altaria\n|\n|win|Braute\n|raw|Braute's rating: 1226 &rarr; <strong>1245</strong><br />(+19 for winning)\n|raw|Phlash64's rating: 1148 &rarr; <strong>1129</strong><br />(-19 for losing)\n",
  "uploadtime": 1776541533,
  "views": 17,
  "formatid": "gen9championsvgc2026regma",
  "rating": 1129,
  "private": 0,
  "password": null
}