{
  "id": "gen9championsvgc2026regma-2587275682",
  "format": "[Gen 9 Champions] VGC 2026 Reg M-A",
  "players": [
    "nk.luna",
    "Celentinel"
  ],
  "log": "|j|\u2606nk.luna\n|j|\u2606Celentinel\n|t:|1776517315\n|gametype|doubles\n|player|p1|nk.luna|marley|1078\n|player|p2|Celentinel|170|1092\n|gen|9\n|tier|[Gen 9 Champions] VGC 2026 Reg M-A\n|rated|\n|rule|Species Clause: Limit one of each Pok\u00e9mon\n|rule|Item Clause: Limit 1 of each item\n|clearpoke\n|poke|p1|Delphox, L50, F|\n|poke|p1|Garchomp, L50, M|\n|poke|p1|Whimsicott, L50, F|\n|poke|p1|Meowscarada, L50, F|\n|poke|p1|Sneasler, L50, F|\n|poke|p1|Aegislash, L50, F, shiny|\n|poke|p2|Pelipper, L50, F|\n|poke|p2|Archaludon, L50, M|\n|poke|p2|Sinistcha, L50|\n|poke|p2|Meganium, L50, F|\n|poke|p2|Basculegion, L50, M|\n|poke|p2|Farigiraf, L50, F|\n|teampreview|4\n|inactive|Battle timer is ON: inactive players will automatically lose when time's up. (requested by Celentinel)\n|inactive|nk.luna also wants the timer to be on.\n|\n|t:|1776517334\n|teamsize|p1|4\n|teamsize|p2|4\n|start\n|switch|p1a: whimsi|Whimsicott, L50, F|100/100\n|switch|p1b: Aegislash|Aegislash, L50, F, shiny|100/100\n|switch|p2a: Pelipper|Pelipper, L50, F|100/100\n|switch|p2b: Archaludon|Archaludon, L50, M|100/100\n|-weather|RainDance|[from] ability: Drizzle|[of] p2a: Pelipper\n|turn|1\n|\n|t:|1776517346\n|move|p1a: whimsi|Sunny Day|p1a: whimsi\n|-weather|SunnyDay\n|move|p2a: Pelipper|Tailwind|p2a: Pelipper\n|-sidestart|p2: Celentinel|move: Tailwind\n|move|p2b: Archaludon|Electro Shot||[still]\n|-prepare|p2b: Archaludon|Electro Shot\n|-boost|p2b: Archaludon|spa|1\n|-formechange|p1b: Aegislash|Aegislash-Blade|\n|move|p1b: Aegislash|Close Combat|p2b: Archaludon\n|-supereffective|p2b: Archaludon|1\n|-damage|p2b: Archaludon|17/100\n|-unboost|p1b: Aegislash|def|1\n|-unboost|p1b: Aegislash|spd|1\n|-ability|p2b: Archaludon|Stamina|boost\n|-boost|p2b: Archaludon|def|1\n|\n|-weather|SunnyDay|[upkeep]\n|-heal|p2b: Archaludon|23/100|[from] item: Leftovers\n|upkeep\n|turn|2\n|\n|t:|1776517362\n|switch|p2a: Sinistcha|Sinistcha, L50|100/100\n|-heal|p2b: Archaludon|47/100|[from] ability: Hospitality|[of] p2a: Sinistcha\n|-formechange|p1b: Aegislash|Aegislash|\n|move|p1b: Aegislash|King's Shield|p1b: Aegislash\n|-singleturn|p1b: Aegislash|Protect\n|move|p1a: whimsi|Tailwind|p1a: whimsi\n|-sidestart|p1: nk.luna|move: Tailwind\n|move|p2b: Archaludon|Electro Shot|p1b: Aegislash|[from] lockedmove\n|-activate|p1b: Aegislash|move: Protect\n|\n|-weather|SunnyDay|[upkeep]\n|-heal|p2b: Archaludon|53/100|[from] item: Leftovers\n|upkeep\n|turn|3\n|\n|t:|1776517378\n|move|p2a: Sinistcha|Rage Powder|p2a: Sinistcha\n|-singleturn|p2a: Sinistcha|move: Rage Powder\n|-formechange|p1b: Aegislash|Aegislash-Blade|\n|move|p1b: Aegislash|Shadow Sneak|p2a: Sinistcha\n|-supereffective|p2a: Sinistcha|1\n|-damage|p2a: Sinistcha|59/100\n|move|p1a: whimsi|Moonblast|p2b: Archaludon\n|-damage|p2b: Archaludon|24/100\n|-ability|p2b: Archaludon|Stamina|boost\n|-boost|p2b: Archaludon|def|1\n|move|p2b: Archaludon|Flash Cannon|p1a: whimsi\n|-supereffective|p1a: whimsi|1\n|-damage|p1a: whimsi|0 fnt\n|faint|p1a: whimsi\n|\n|-weather|SunnyDay|[upkeep]\n|-heal|p2b: Archaludon|30/100|[from] item: Leftovers\n|upkeep\n|\n|t:|1776517389\n|switch|p1a: Delphox|Delphox, L50, F|100/100\n|turn|4\n|\n|t:|1776517396\n|switch|p2a: Pelipper|Pelipper, L50, F|100/100\n|-weather|RainDance|[from] ability: Drizzle|[of] p2a: Pelipper\n|detailschange|p1a: Delphox|Delphox-Mega, L50, F\n|-mega|p1a: Delphox|Delphox|Delphoxite\n|move|p2b: Archaludon|Protect|p2b: Archaludon\n|-singleturn|p2b: Archaludon|Protect\n|move|p1a: Delphox|Heat Wave|p2b: Archaludon|[spread] p2a\n|-activate|p2b: Archaludon|move: Protect\n|-resisted|p2a: Pelipper|1\n|-damage|p2a: Pelipper|80/100\n|move|p1b: Aegislash|Iron Head|p2a: Pelipper\n|-resisted|p2a: Pelipper|1\n|-damage|p2a: Pelipper|47/100\n|\n|-weather|RainDance|[upkeep]\n|-heal|p2b: Archaludon|36/100|[from] item: Leftovers\n|-sideend|p2: Celentinel|move: Tailwind\n|upkeep\n|turn|5\n|inactive|Celentinel has 30 seconds left.\n|\n|t:|1776517426\n|-formechange|p1b: Aegislash|Aegislash|\n|move|p1b: Aegislash|King's Shield|p1b: Aegislash\n|-singleturn|p1b: Aegislash|Protect\n|move|p1a: Delphox|Dazzling Gleam|p2a: Pelipper|[spread] p2a,p2b\n|-damage|p2a: Pelipper|6/100\n|-damage|p2b: Archaludon|10/100\n|-ability|p2b: Archaludon|Stamina|boost\n|-boost|p2b: Archaludon|def|1\n|move|p2a: Pelipper|Tailwind|p2a: Pelipper\n|-sidestart|p2: Celentinel|move: Tailwind\n|move|p2b: Archaludon|Electro Shot||[still]\n|-prepare|p2b: Archaludon|Electro Shot\n|-boost|p2b: Archaludon|spa|1\n|-anim|p2b: Archaludon|Electro Shot|p1a: Delphox\n|-damage|p1a: Delphox|11/100\n|\n|-weather|RainDance|[upkeep]\n|-heal|p2b: Archaludon|16/100|[from] item: Leftovers\n|-sideend|p1: nk.luna|move: Tailwind\n|upkeep\n|turn|6\n|\n|t:|1776517448\n|switch|p2a: Sinistcha|Sinistcha, L50|59/100\n|-heal|p2b: Archaludon|41/100|[from] ability: Hospitality|[of] p2a: Sinistcha\n|move|p2b: Archaludon|Protect|p2b: Archaludon\n|-singleturn|p2b: Archaludon|Protect\n|move|p1a: Delphox|Protect|p1a: Delphox\n|-singleturn|p1a: Delphox|Protect\n|-formechange|p1b: Aegislash|Aegislash-Blade|\n|move|p1b: Aegislash|Shadow Sneak|p2b: Archaludon\n|-activate|p2b: Archaludon|move: Protect\n|\n|-weather|RainDance|[upkeep]\n|-heal|p2b: Archaludon|47/100|[from] item: Leftovers\n|upkeep\n|turn|7\n|\n|t:|1776517459\n|move|p1b: Aegislash|Shadow Sneak|p2a: Sinistcha\n|-supereffective|p2a: Sinistcha|1\n|-damage|p2a: Sinistcha|12/100\n|-enditem|p2a: Sinistcha|Sitrus Berry|[eat]\n|-heal|p2a: Sinistcha|36/100|[from] item: Sitrus Berry\n|move|p2b: Archaludon|Electro Shot||[still]\n|-prepare|p2b: Archaludon|Electro Shot\n|-boost|p2b: Archaludon|spa|1\n|-anim|p2b: Archaludon|Electro Shot|p1a: Delphox\n|-damage|p1a: Delphox|0 fnt\n|faint|p1a: Delphox\n|move|p2a: Sinistcha|Life Dew|p2a: Sinistcha|[spread] p2a,p2b\n|-heal|p2a: Sinistcha|62/100\n|-heal|p2b: Archaludon|72/100\n|\n|-weather|RainDance|[upkeep]\n|-heal|p2b: Archaludon|78/100|[from] item: Leftovers\n|upkeep\n|\n|t:|1776517467\n|switch|p1a: Sneasler|Sneasler, L50, F|100/100\n|turn|8\n|\n|t:|1776517478\n|move|p2b: Archaludon|Protect|p2b: Archaludon\n|-singleturn|p2b: Archaludon|Protect\n|move|p1a: Sneasler|Fake Out|p2b: Archaludon\n|-activate|p2b: Archaludon|move: Protect\n|move|p2a: Sinistcha|Life Dew|p2a: Sinistcha|[spread] p2a,p2b\n|-heal|p2a: Sinistcha|87/100\n|-heal|p2b: Archaludon|100/100\n|move|p1b: Aegislash|Close Combat|p2b: Archaludon\n|-activate|p2b: Archaludon|move: Protect\n|\n|-weather|none\n|-sideend|p2: Celentinel|move: Tailwind\n|upkeep\n|turn|9\n|\n|t:|1776517496\n|move|p2a: Sinistcha|Rage Powder|p2a: Sinistcha\n|-singleturn|p2a: Sinistcha|move: Rage Powder\n|move|p1b: Aegislash|Shadow Sneak|p2a: Sinistcha\n|-supereffective|p2a: Sinistcha|1\n|-damage|p2a: Sinistcha|45/100\n|move|p1a: Sneasler|Close Combat|p2a: Sinistcha\n|-immune|p2a: Sinistcha\n|move|p2b: Archaludon|Flash Cannon|p1a: Sneasler\n|-damage|p1a: Sneasler|0 fnt\n|faint|p1a: Sneasler\n|\n|upkeep\n|turn|10\n|-message|nk.luna forfeited.\n|\n|win|Celentinel\n|raw|nk.luna's rating: 1078 &rarr; <strong>1057</strong><br />(-21 for losing)\n|raw|Celentinel's rating: 1092 &rarr; <strong>1117</strong><br />(+25 for winning)\n|l|\u2606nk.luna\n|player|p1|\n",
  "uploadtime": 1776517515,
  "views": 16,
  "formatid": "gen9championsvgc2026regma",
  "rating": 1057,
  "private": 0,
  "password": null
}