{
  "id": "gen9championsvgc2026regma-2586599266",
  "format": "[Gen 9 Champions] VGC 2026 Reg M-A",
  "players": [
    "Sammias",
    "Biff6"
  ],
  "log": "|j|\u2606Sammias\n|j|\u2606Biff6\n|t:|1776445867\n|gametype|doubles\n|player|p1|Sammias|miku-ground|1240\n|player|p2|Biff6|backpacker|1238\n|gen|9\n|tier|[Gen 9 Champions] VGC 2026 Reg M-A\n|rated|\n|rule|Species Clause: Limit one of each Pok\u00e9mon\n|rule|Item Clause: Limit 1 of each item\n|clearpoke\n|poke|p1|Typhlosion-Hisui, L50, F|\n|poke|p1|Whimsicott, L50, M|\n|poke|p1|Floette-Eternal, L50, F|\n|poke|p1|Sinistcha, L50|\n|poke|p1|Aerodactyl, L50, M|\n|poke|p1|Garchomp, L50, M|\n|poke|p2|Scizor, L50, M|\n|poke|p2|Ninetales-Alola, L50, F|\n|poke|p2|Incineroar, L50, M|\n|poke|p2|Basculegion, L50, M|\n|poke|p2|Kommo-o, L50, M|\n|poke|p2|Farigiraf, L50, F|\n|teampreview|4\n|inactive|Battle timer is ON: inactive players will automatically lose when time's up. (requested by Sammias)\n|inactive|Sammias has 60 seconds left.\n|inactive|Biff6 has 60 seconds left.\n|inactive|Sammias has 30 seconds left.\n|inactive|Sammias has 20 seconds left.\n|inactive|Sammias has 15 seconds left.\n|inactive|Sammias has 10 seconds left.\n|inactive|Sammias has 5 seconds left.\n|\n|t:|1776445956\n|teamsize|p1|4\n|teamsize|p2|4\n|start\n|switch|p1a: Typhlosion|Typhlosion-Hisui, L50, F|100/100\n|switch|p1b: Floette|Floette-Eternal, L50, F|100/100\n|switch|p2a: Farigiraf|Farigiraf, L50, F|100/100\n|switch|p2b: Basculegion|Basculegion, L50, M|100/100\n|turn|1\n|\n|t:|1776445978\n|detailschange|p1b: Floette|Floette-Mega, L50, F\n|-mega|p1b: Floette|Floette|Floettite\n|-ability|p1b: Floette|Fairy Aura\n|move|p1a: Typhlosion|Shadow Ball|p2b: Basculegion\n|-supereffective|p2b: Basculegion|1\n|-damage|p2b: Basculegion|7/100\n|move|p1b: Floette|Light of Ruin|p2a: Farigiraf|[miss]\n|-miss|p1b: Floette|p2a: Farigiraf\n|move|p2b: Basculegion|Wave Crash|p1a: Typhlosion\n|-supereffective|p1a: Typhlosion|1\n|-damage|p1a: Typhlosion|0 fnt\n|faint|p1a: Typhlosion\n|-damage|p2b: Basculegion|0 fnt|[from] Recoil\n|faint|p2b: Basculegion\n|move|p2a: Farigiraf|Psychic|p1b: Floette\n|-damage|p1b: Floette|72/100\n|\n|upkeep\n|\n|t:|1776445997\n|switch|p1a: Sinistcha|Sinistcha, L50|100/100\n|switch|p2b: Scizor|Scizor, L50, M|100/100\n|-heal|p1b: Floette|97/100|[from] ability: Hospitality|[of] p1a: Sinistcha\n|turn|2\n|\n|t:|1776446021\n|detailschange|p2b: Scizor|Scizor-Mega, L50, M\n|-mega|p2b: Scizor|Scizor|Scizorite\n|move|p1a: Sinistcha|Rage Powder|p1a: Sinistcha\n|-singleturn|p1a: Sinistcha|move: Rage Powder\n|move|p1b: Floette|Light of Ruin|p2b: Scizor\n|-resisted|p2b: Scizor|1\n|-damage|p2b: Scizor|51/100\n|-damage|p1b: Floette|67/100|[from] Recoil\n|move|p2b: Scizor|Swords Dance|p2b: Scizor\n|-boost|p2b: Scizor|atk|2\n|move|p2a: Farigiraf|Psychic|p1a: Sinistcha\n|-damage|p1a: Sinistcha|67/100\n|-unboost|p1a: Sinistcha|spd|1\n|\n|upkeep\n|turn|3\n|inactive|Sammias has 30 seconds left.\n|\n|t:|1776446055\n|switch|p2a: Ninetales|Ninetales-Alola, L50, F|100/100\n|-weather|Snowscape|[from] ability: Snow Warning|[of] p2a: Ninetales\n|move|p2b: Scizor|Protect|p2b: Scizor\n|-singleturn|p2b: Scizor|Protect\n|move|p1a: Sinistcha|Rage Powder|p1a: Sinistcha\n|-singleturn|p1a: Sinistcha|move: Rage Powder\n|move|p1b: Floette|Dazzling Gleam|p2b: Scizor|[spread] p2a\n|-activate|p2b: Scizor|move: Protect\n|-damage|p2a: Ninetales|48/100\n|\n|-weather|Snowscape|[upkeep]\n|upkeep\n|turn|4\n|\n|t:|1776446078\n|move|p1a: Sinistcha|Rage Powder|p1a: Sinistcha\n|-singleturn|p1a: Sinistcha|move: Rage Powder\n|move|p2b: Scizor|Bullet Punch|p1a: Sinistcha\n|-damage|p1a: Sinistcha|5/100\n|-enditem|p1a: Sinistcha|Sitrus Berry|[eat]\n|-heal|p1a: Sinistcha|30/100|[from] item: Sitrus Berry\n|move|p2a: Ninetales|Blizzard|p1a: Sinistcha|[spread] p1a,p1b\n|-supereffective|p1a: Sinistcha|1\n|-damage|p1a: Sinistcha|0 fnt\n|-damage|p1b: Floette|41/100\n|faint|p1a: Sinistcha\n|move|p1b: Floette|Light of Ruin|p2b: Scizor\n|-resisted|p2b: Scizor|1\n|-damage|p2b: Scizor|2/100\n|-damage|p1b: Floette|12/100|[from] Recoil\n|\n|-weather|Snowscape|[upkeep]\n|upkeep\n|\n|t:|1776446094\n|switch|p1a: Aerodactyl|Aerodactyl, L50, M|100/100\n|-ability|p1a: Aerodactyl|Unnerve\n|turn|5\n|\n|t:|1776446113\n|move|p2b: Scizor|Bullet Punch|p1b: Floette\n|-supereffective|p1b: Floette|1\n|-damage|p1b: Floette|0 fnt\n|faint|p1b: Floette\n|move|p1a: Aerodactyl|Rock Slide|p2a: Ninetales|[spread] p2a,p2b\n|-supereffective|p2a: Ninetales|1\n|-crit|p2a: Ninetales\n|-damage|p2a: Ninetales|0 fnt\n|-damage|p2b: Scizor|0 fnt\n|faint|p2a: Ninetales\n|faint|p2b: Scizor\n|\n|-weather|Snowscape|[upkeep]\n|upkeep\n|\n|t:|1776446125\n|switch|p2b: Farigiraf|Farigiraf, L50, F|100/100\n|turn|6\n|\n|t:|1776446131\n|move|p1a: Aerodactyl|Rock Slide|p2b: Farigiraf\n|-damage|p2b: Farigiraf|72/100\n|move|p2b: Farigiraf|Thunderbolt|p1a: Aerodactyl\n|-supereffective|p1a: Aerodactyl|1\n|-damage|p1a: Aerodactyl|17/100\n|\n|-weather|Snowscape|[upkeep]\n|upkeep\n|turn|7\n|\n|t:|1776446140\n|move|p1a: Aerodactyl|Rock Slide|p2b: Farigiraf\n|-damage|p2b: Farigiraf|45/100\n|move|p2b: Farigiraf|Thunderbolt|p1a: Aerodactyl\n|-supereffective|p1a: Aerodactyl|1\n|-damage|p1a: Aerodactyl|0 fnt\n|faint|p1a: Aerodactyl\n|\n|win|Biff6\n|raw|Sammias's rating: 1240 &rarr; <strong>1215</strong><br />(-25 for losing)\n|raw|Biff6's rating: 1238 &rarr; <strong>1263</strong><br />(+25 for winning)\n",
  "uploadtime": 1776446152,
  "views": 30,
  "formatid": "gen9championsvgc2026regma",
  "rating": 1215,
  "private": 0,
  "password": null
}