{
  "id": "gen9championsvgc2026regma-2585218502",
  "format": "[Gen 9 Champions] VGC 2026 Reg M-A",
  "players": [
    "Ironguy2100",
    "idontcarereally"
  ],
  "log": "|j|\u2606Ironguy2100\n|j|\u2606idontcarereally\n|t:|1776326326\n|gametype|doubles\n|player|p1|Ironguy2100|101|1065\n|player|p2|idontcarereally|169|1049\n|gen|9\n|tier|[Gen 9 Champions] VGC 2026 Reg M-A\n|rated|\n|rule|Species Clause: Limit one of each Pok\u00e9mon\n|rule|Item Clause: Limit 1 of each item\n|clearpoke\n|poke|p1|Crabominable, L50, M|\n|poke|p1|Slowking-Galar, L50, F|\n|poke|p1|Kingambit, L50, F|\n|poke|p1|Primarina, L50, M|\n|poke|p1|Incineroar, L50, F|\n|poke|p1|Sinistcha, L50|\n|poke|p2|Chesnaught, L50, M|\n|poke|p2|Kingambit, L50, F|\n|poke|p2|Hatterene, L50, F|\n|poke|p2|Ninetales-Alola, L50, F|\n|poke|p2|Sinistcha, L50|\n|poke|p2|Incineroar, L50, M|\n|teampreview|4\n|inactive|Battle timer is ON: inactive players will automatically lose when time's up. (requested by Ironguy2100)\n|\n|t:|1776326354\n|teamsize|p1|4\n|teamsize|p2|4\n|start\n|switch|p1a: Crabominable|Crabominable, L50, M, shiny|100/100\n|switch|p1b: Slowking|Slowking-Galar, L50, F|100/100\n|switch|p2a: Chesnaught|Chesnaught, L50, M|100/100\n|switch|p2b: Hatterene|Hatterene, L50, F|100/100\n|turn|1\n|\n|t:|1776326376\n|detailschange|p2a: Chesnaught|Chesnaught-Mega, L50, M\n|-mega|p2a: Chesnaught|Chesnaught|Chesnaughtite\n|detailschange|p1a: Crabominable|Crabominable-Mega, L50, M, shiny\n|-mega|p1a: Crabominable|Crabominable|Crabominite\n|move|p2a: Chesnaught|Iron Defense|p2a: Chesnaught\n|-boost|p2a: Chesnaught|def|2\n|move|p1a: Crabominable|Ice Hammer|p2a: Chesnaught\n|-supereffective|p2a: Chesnaught|1\n|-damage|p2a: Chesnaught|59/100\n|-unboost|p1a: Crabominable|spe|1\n|move|p2b: Hatterene|Misty Terrain|p2b: Hatterene\n|-fieldstart|move: Misty Terrain\n|move|p1b: Slowking|Trick Room|p1b: Slowking\n|-fieldstart|move: Trick Room|[of] p1b: Slowking\n|\n|upkeep\n|turn|2\n|inactive|Ironguy2100 has 30 seconds left.\n|inactive|Ironguy2100 has 20 seconds left.\n|\n|t:|1776326411\n|move|p1a: Crabominable|Ice Hammer|p2a: Chesnaught\n|-supereffective|p2a: Chesnaught|1\n|-damage|p2a: Chesnaught|18/100\n|-unboost|p1a: Crabominable|spe|1\n|move|p1b: Slowking|Sludge Bomb|p2b: Hatterene\n|-supereffective|p2b: Hatterene|1\n|-damage|p2b: Hatterene|2/100\n|move|p2b: Hatterene|Psychic|p1b: Slowking\n|-damage|p1b: Slowking|51/100\n|-unboost|p1b: Slowking|spd|1\n|move|p2a: Chesnaught|Body Press|p1a: Crabominable\n|-supereffective|p1a: Crabominable|1\n|-damage|p1a: Crabominable|0 fnt\n|faint|p1a: Crabominable\n|\n|upkeep\n|\n|t:|1776326431\n|switch|p1a: Sinistcha|Sinistcha, L50|100/100\n|-heal|p1b: Slowking|76/100|[from] ability: Hospitality|[of] p1a: Sinistcha\n|turn|3\n|\n|t:|1776326446\n|move|p2a: Chesnaught|Spiky Shield|p2a: Chesnaught\n|-singleturn|p2a: Chesnaught|move: Protect\n|-prepare|p1b: Slowking|Chilly Reception|[premajor]\n|move|p1b: Slowking|Chilly Reception|p1b: Slowking\n|-weather|Snowscape\n|\n|t:|1776326452\n|switch|p1b: Primarina|Primarina, L50, M|100/100|[from] Chilly Reception\n|move|p2b: Hatterene|Misty Explosion|p1a: Sinistcha|[spread] p1a,p1b\n|-activate|p2a: Chesnaught|move: Protect\n|-damage|p1a: Sinistcha|34/100\n|-damage|p1b: Primarina|46/100\n|faint|p2b: Hatterene\n|move|p1a: Sinistcha|Matcha Gotcha|p2a: Chesnaught\n|-activate|p2a: Chesnaught|move: Protect\n|\n|-weather|Snowscape|[upkeep]\n|-heal|p1a: Sinistcha|40/100|[from] item: Leftovers\n|upkeep\n|\n|t:|1776326467\n|switch|p2b: Kingambit|Kingambit, L50, F|100/100\n|turn|4\n|\n|t:|1776326485\n|move|p1a: Sinistcha|Rage Powder|p1a: Sinistcha\n|-singleturn|p1a: Sinistcha|move: Rage Powder\n|move|p2a: Chesnaught|Body Press|p1b: Primarina\n|-resisted|p1b: Primarina|1\n|-damage|p1b: Primarina|0 fnt\n|faint|p1b: Primarina\n|move|p2b: Kingambit|Kowtow Cleave|p1a: Sinistcha\n|-supereffective|p1a: Sinistcha|1\n|-damage|p1a: Sinistcha|0 fnt\n|faint|p1a: Sinistcha\n|\n|-weather|Snowscape|[upkeep]\n|upkeep\n|\n|t:|1776326502\n|switch|p1a: Slowking|Slowking-Galar, L50, F|100/100\n|turn|5\n|\n|t:|1776326510\n|move|p2a: Chesnaught|Spiky Shield|p2a: Chesnaught\n|-singleturn|p2a: Chesnaught|move: Protect\n|move|p1a: Slowking|Psychic Noise|p2a: Chesnaught\n|-activate|p2a: Chesnaught|move: Protect\n|move|p2b: Kingambit|Kowtow Cleave|p1a: Slowking\n|-supereffective|p1a: Slowking|1\n|-enditem|p1a: Slowking|Colbur Berry|[eat]\n|-enditem|p1a: Slowking|Colbur Berry|[weaken]\n|-damage|p1a: Slowking|53/100\n|\n|-weather|Snowscape|[upkeep]\n|-fieldend|move: Trick Room\n|-fieldend|Misty Terrain\n|upkeep\n|turn|6\n|\n|t:|1776326528\n|move|p2b: Kingambit|Kowtow Cleave|p1a: Slowking\n|-supereffective|p1a: Slowking|1\n|-damage|p1a: Slowking|0 fnt\n|faint|p1a: Slowking\n|\n|win|idontcarereally\n|raw|Ironguy2100's rating: 1065 &rarr; <strong>1044</strong><br />(-21 for losing)\n|raw|idontcarereally's rating: 1049 &rarr; <strong>1083</strong><br />(+34 for winning)\n",
  "uploadtime": 1776326535,
  "views": 20,
  "formatid": "gen9championsvgc2026regma",
  "rating": 1044,
  "private": 0,
  "password": null
}