{
  "id": "gen9championsvgc2026regma-2581252848",
  "format": "[Gen 9 Champions] VGC 2026 Reg M-A",
  "players": [
    "sonic1",
    "maxd08"
  ],
  "log": "|j|\u2606sonic1\n|j|\u2606maxd08\n|t:|1775976669\n|gametype|doubles\n|player|p1|sonic1|169|1249\n|player|p2|maxd08|skierf|1170\n|gen|9\n|tier|[Gen 9 Champions] VGC 2026 Reg M-A\n|rated|\n|rule|Species Clause: Limit one of each Pok\u00e9mon\n|rule|Item Clause: Limit 1 of each item\n|clearpoke\n|poke|p1|Whimsicott, L50, F|\n|poke|p1|Charizard, L50, F|\n|poke|p1|Sneasler, L50, F|\n|poke|p1|Garchomp, L50, M|\n|poke|p1|Kingambit, L50, M|\n|poke|p1|Farigiraf, L50, M|\n|poke|p2|Meganium, L50, F|\n|poke|p2|Aegislash, L50, M|\n|poke|p2|Pelipper, L50, M|\n|poke|p2|Torkoal, L50, F|\n|poke|p2|Farigiraf, L50, M|\n|poke|p2|Archaludon, L50, M|\n|teampreview|4\n|inactive|Battle timer is ON: inactive players will automatically lose when time's up. (requested by sonic1)\n|inactive|sonic1 has 60 seconds left.\n|\n|t:|1775976727\n|teamsize|p1|4\n|teamsize|p2|4\n|start\n|switch|p1a: Farigiraf|Farigiraf, L50, M|100/100\n|switch|p1b: Garchomp|Garchomp, L50, M|100/100\n|switch|p2a: Meganium|Meganium, L50, F|100/100\n|switch|p2b: Archaludon|Archaludon, L50, M|100/100\n|turn|1\n|\n|t:|1775976747\n|switch|p1a: Charizard|Charizard, L50, F|100/100\n|detailschange|p2a: Meganium|Meganium-Mega, L50, F\n|-mega|p2a: Meganium|Meganium|Meganiumite\n|move|p1b: Garchomp|Earthquake|p2a: Meganium|[spread] p2a,p2b\n|-immune|p1a: Charizard\n|-resisted|p2a: Meganium|1\n|-supereffective|p2b: Archaludon|1\n|-damage|p2a: Meganium|84/100\n|-damage|p2b: Archaludon|50/100\n|-ability|p2b: Archaludon|Stamina|boost\n|-boost|p2b: Archaludon|def|1\n|move|p2a: Meganium|Dazzling Gleam|p1a: Charizard|[spread] p1a,p1b\n|-resisted|p1a: Charizard|1\n|-supereffective|p1b: Garchomp|1\n|-damage|p1a: Charizard|80/100\n|-damage|p1b: Garchomp|25/100\n|move|p2b: Archaludon|Dragon Pulse|p1b: Garchomp\n|-supereffective|p1b: Garchomp|1\n|-damage|p1b: Garchomp|0 fnt\n|faint|p1b: Garchomp\n|\n|upkeep\n|\n|t:|1775976765\n|switch|p1b: Farigiraf|Farigiraf, L50, M|100/100\n|turn|2\n|\n|t:|1775976779\n|detailschange|p1a: Charizard|Charizard-Mega-Y, L50, F\n|-mega|p1a: Charizard|Charizard|Charizardite Y\n|-weather|SunnyDay|[from] ability: Drought|[of] p1a: Charizard\n|move|p1b: Farigiraf|Helping Hand|p1a: Charizard\n|-singleturn|p1a: Charizard|Helping Hand|[of] p1b: Farigiraf\n|move|p2a: Meganium|Protect|p2a: Meganium\n|-singleturn|p2a: Meganium|Protect\n|move|p2b: Archaludon|Protect|p2b: Archaludon\n|-singleturn|p2b: Archaludon|Protect\n|move|p1a: Charizard|Heat Wave|p2b: Archaludon|[spread] \n|-activate|p2a: Meganium|move: Protect\n|-activate|p2b: Archaludon|move: Protect\n|\n|-weather|SunnyDay|[upkeep]\n|upkeep\n|turn|3\n|\n|t:|1775976804\n|switch|p2b: Pelipper|Pelipper, L50, M, shiny|100/100\n|-weather|RainDance|[from] ability: Drizzle|[of] p2b: Pelipper\n|move|p1a: Charizard|Heat Wave|p2b: Pelipper|[spread] p2a\n|-miss|p1a: Charizard|p2b: Pelipper\n|-supereffective|p2a: Meganium|1\n|-damage|p2a: Meganium|41/100\n|move|p2a: Meganium|Weather Ball|p1a: Charizard\n|-resisted|p1a: Charizard|1\n|-damage|p1a: Charizard|54/100\n|move|p1b: Farigiraf|Hyper Voice|p2b: Pelipper|[spread] p2a,p2b\n|-damage|p2a: Meganium|10/100\n|-damage|p2b: Pelipper|58/100\n|\n|-weather|RainDance|[upkeep]\n|upkeep\n|turn|4\n|inactive|sonic1 has 30 seconds left.\n|\n|t:|1775976829\n|switch|p1a: Kingambit|Kingambit, L50, M|100/100\n|move|p2a: Meganium|Dazzling Gleam|p1b: Farigiraf|[spread] p1a,p1b\n|-damage|p1a: Kingambit|65/100\n|-damage|p1b: Farigiraf|63/100\n|move|p2b: Pelipper|Weather Ball|p1a: Kingambit\n|-damage|p1a: Kingambit|7/100\n|move|p1b: Farigiraf|Hyper Voice|p2b: Pelipper|[spread] p2a,p2b\n|-crit|p2a: Meganium\n|-damage|p2a: Meganium|0 fnt\n|-damage|p2b: Pelipper|17/100\n|faint|p2a: Meganium\n|\n|-weather|RainDance|[upkeep]\n|upkeep\n|\n|t:|1775976837\n|switch|p2a: Archaludon|Archaludon, L50, M|50/100\n|turn|5\n|\n|t:|1775976852\n|move|p1a: Kingambit|Sucker Punch||[still]\n|-fail|p1a: Kingambit\n|move|p2a: Archaludon|Dragon Pulse|p1a: Kingambit\n|-resisted|p1a: Kingambit|1\n|-damage|p1a: Kingambit|0 fnt\n|faint|p1a: Kingambit\n|move|p2b: Pelipper|Tailwind|p2b: Pelipper\n|-sidestart|p2: maxd08|move: Tailwind\n|move|p1b: Farigiraf|Hyper Voice|p2a: Archaludon|[spread] p2a,p2b\n|-resisted|p2a: Archaludon|1\n|-damage|p2a: Archaludon|28/100\n|-damage|p2b: Pelipper|0 fnt\n|-ability|p2a: Archaludon|Stamina|boost\n|-boost|p2a: Archaludon|def|1\n|faint|p2b: Pelipper\n|\n|-weather|RainDance|[upkeep]\n|upkeep\n|\n|t:|1775976862\n|switch|p2b: Farigiraf|Farigiraf, L50, M|100/100\n|switch|p1a: Charizard|Charizard-Mega-Y, L50, F|54/100\n|-weather|SunnyDay|[from] ability: Drought|[of] p1a: Charizard\n|turn|6\n|\n|t:|1775976872\n|move|p2a: Archaludon|Dragon Pulse|p1a: Charizard\n|-damage|p1a: Charizard|18/100\n|move|p2b: Farigiraf|Thunderbolt|p1a: Charizard\n|-supereffective|p1a: Charizard|1\n|-damage|p1a: Charizard|0 fnt\n|faint|p1a: Charizard\n|move|p1b: Farigiraf|Trick Room|p1b: Farigiraf\n|-fieldstart|move: Trick Room|[of] p1b: Farigiraf\n|\n|-weather|SunnyDay|[upkeep]\n|upkeep\n|turn|7\n|\n|t:|1775976885\n|move|p1b: Farigiraf|Psychic|p2a: Archaludon\n|-resisted|p2a: Archaludon|1\n|-damage|p2a: Archaludon|0 fnt\n|faint|p2a: Archaludon\n|move|p2b: Farigiraf|Thunderbolt|p1b: Farigiraf\n|-damage|p1b: Farigiraf|34/100\n|-enditem|p1b: Farigiraf|Sitrus Berry|[eat]\n|-heal|p1b: Farigiraf|59/100|[from] item: Sitrus Berry\n|\n|-weather|SunnyDay|[upkeep]\n|upkeep\n|turn|8\n|\n|t:|1775976893\n|move|p1b: Farigiraf|Hyper Voice|p2b: Farigiraf\n|-damage|p2b: Farigiraf|62/100\n|move|p2b: Farigiraf|Thunderbolt|p1b: Farigiraf\n|-damage|p1b: Farigiraf|31/100\n|\n|-weather|SunnyDay|[upkeep]\n|-sideend|p2: maxd08|move: Tailwind\n|upkeep\n|turn|9\n|\n|t:|1775976900\n|move|p2b: Farigiraf|Protect|p2b: Farigiraf\n|-singleturn|p2b: Farigiraf|Protect\n|move|p1b: Farigiraf|Hyper Voice|p2b: Farigiraf\n|-activate|p2b: Farigiraf|move: Protect\n|\n|-weather|SunnyDay|[upkeep]\n|upkeep\n|turn|10\n|\n|t:|1775976907\n|move|p1b: Farigiraf|Hyper Voice|p2b: Farigiraf\n|-damage|p2b: Farigiraf|20/100\n|move|p2b: Farigiraf|Psychic|p1b: Farigiraf\n|-resisted|p1b: Farigiraf|1\n|-damage|p1b: Farigiraf|11/100\n|\n|-weather|none\n|-fieldend|move: Trick Room\n|upkeep\n|turn|11\n|\n|t:|1775976915\n|move|p2b: Farigiraf|Thunderbolt|p1b: Farigiraf\n|-damage|p1b: Farigiraf|0 fnt\n|faint|p1b: Farigiraf\n|\n|win|maxd08\n|raw|sonic1's rating: 1249 &rarr; <strong>1218</strong><br />(-31 for losing)\n|raw|maxd08's rating: 1170 &rarr; <strong>1201</strong><br />(+31 for winning)\n|l|\u2606sonic1\n|player|p1|\n",
  "uploadtime": 1775976923,
  "views": 17,
  "formatid": "gen9championsvgc2026regma",
  "rating": 1201,
  "private": 0,
  "password": null
}