{
  "id": "gen9championsvgc2026regma-2582822915",
  "format": "[Gen 9 Champions] VGC 2026 Reg M-A",
  "players": [
    "Mongoose556",
    "Fergala"
  ],
  "log": "|j|\u2606Mongoose556\n|j|\u2606Fergala\n|t:|1776116795\n|gametype|doubles\n|player|p1|Mongoose556|169|1000\n|player|p2|Fergala|lucas|1050\n|gen|9\n|tier|[Gen 9 Champions] VGC 2026 Reg M-A\n|rated|\n|rule|Species Clause: Limit one of each Pok\u00e9mon\n|rule|Item Clause: Limit 1 of each item\n|clearpoke\n|poke|p1|Sableye, L50, M|\n|poke|p1|Cofagrigus, L50, M|\n|poke|p1|Banette, L50, M|\n|poke|p1|Golurk, L50|\n|poke|p1|Aegislash, L50, M|\n|poke|p1|Runerigus, L50, M|\n|poke|p2|Infernape, L50, M|\n|poke|p2|Rotom-Wash, L50|\n|poke|p2|Whimsicott, L50, F|\n|poke|p2|Charizard, L50, M|\n|poke|p2|Garchomp, L50, F|\n|poke|p2|Aerodactyl, L50, F|\n|teampreview|4\n|inactive|Battle timer is ON: inactive players will automatically lose when time's up. (requested by Mongoose556)\nMongoose556 rejected open team sheets.\n|\n|t:|1776116825\n|teamsize|p1|4\n|teamsize|p2|4\n|start\n|switch|p1a: Runerigus|Runerigus, L50, M, shiny|100/100\n|switch|p1b: Sableye|Sableye, L50, M|100/100\n|switch|p2a: Whimsicott|Whimsicott, L50, F, shiny|100/100\n|switch|p2b: Infernape|Infernape, L50, M|100/100\n|turn|1\n|\n|t:|1776116838\n|move|p2a: Whimsicott|Tailwind|p2a: Whimsicott\n|-sidestart|p2: Fergala|move: Tailwind\n|move|p1b: Sableye|Reflect|p1b: Sableye\n|-sidestart|p1: Mongoose556|Reflect\n|move|p2b: Infernape|Swords Dance|p2b: Infernape\n|-boost|p2b: Infernape|atk|2\n|move|p1a: Runerigus|Trick Room|p1a: Runerigus\n|-fieldstart|move: Trick Room|[of] p1a: Runerigus\n|\n|upkeep\n|turn|2\n|\n|t:|1776116862\n|move|p2a: Whimsicott|Encore|p1a: Runerigus\n|-start|p1a: Runerigus|Encore\n|move|p1b: Sableye|Night Shade|p2b: Infernape\n|-damage|p2b: Infernape|68/100\n|move|p2b: Infernape|Fire Punch|p1b: Sableye\n|-damage|p1b: Sableye|27/100\n|move|p1a: Runerigus|Trick Room|p1a: Runerigus\n|-fieldend|move: Trick Room\n|\n|upkeep\n|turn|3\n|inactive|Fergala has 30 seconds left.\n|\n|t:|1776116892\n|switch|p2a: Aerodactyl|Aerodactyl, L50, F|100/100\n|-ability|p2a: Aerodactyl|Unnerve\n|move|p2b: Infernape|Fire Punch|p1b: Sableye\n|-damage|p1b: Sableye|0 fnt\n|faint|p1b: Sableye\n|move|p1a: Runerigus|Trick Room|p1a: Runerigus\n|-fieldstart|move: Trick Room|[of] p1a: Runerigus\n|\n|upkeep\n|\n|t:|1776116909\n|switch|p1b: Aegislash|Aegislash, L50, M, shiny|100/100\n|turn|4\n|\n|t:|1776116923\n|switch|p1a: Golurk|Golurk, L50, shiny|100/100\n|detailschange|p2a: Aerodactyl|Aerodactyl-Mega, L50, F\n|-mega|p2a: Aerodactyl|Aerodactyl|Aerodactylite\n|-formechange|p1b: Aegislash|Aegislash-Blade|\n|move|p1b: Aegislash|Air Slash|p2b: Infernape\n|-supereffective|p2b: Infernape|1\n|-damage|p2b: Infernape|0 fnt\n|faint|p2b: Infernape\n|move|p2a: Aerodactyl|Ice Fang|p1a: Golurk|[miss]\n|-miss|p2a: Aerodactyl|p1a: Golurk\n|\n|-sideend|p2: Fergala|move: Tailwind\n|upkeep\n|\n|t:|1776116937\n|switch|p2b: Garchomp|Garchomp, L50, F|100/100\n|turn|5\n|-activate|p1b: Aegislash|item: Quick Claw\n|\n|t:|1776116952\n|detailschange|p1a: Golurk|Golurk-Mega, L50, shiny\n|-mega|p1a: Golurk|Golurk|Golurkite\n|move|p1b: Aegislash|Flash Cannon|p2a: Aerodactyl\n|-supereffective|p2a: Aerodactyl|1\n|-damage|p2a: Aerodactyl|0 fnt\n|faint|p2a: Aerodactyl\n|move|p1a: Golurk|Ice Punch|p2b: Garchomp\n|-supereffective|p2b: Garchomp|2\n|-damage|p2b: Garchomp|0 fnt\n|-damage|p1a: Golurk|88/100|[from] ability: Rough Skin|[of] p2b: Garchomp\n|faint|p2b: Garchomp\n|\n|-sideend|p1: Mongoose556|Reflect\n|upkeep\n|-message|Fergala forfeited.\n|\n|win|Mongoose556\n|raw|Mongoose556's rating: 1000 &rarr; <strong>1046</strong><br />(+46 for winning)\n|raw|Fergala's rating: 1050 &rarr; <strong>1030</strong><br />(-20 for losing)\n|l|\u2606Fergala\n|player|p2|\n",
  "uploadtime": 1776117013,
  "views": 14,
  "formatid": "gen9championsvgc2026regma",
  "rating": 1030,
  "private": 0,
  "password": null
}