{
  "id": "gen9championsvgc2026regma-2585487453",
  "format": "[Gen 9 Champions] VGC 2026 Reg M-A",
  "players": [
    "TTVCarkeezE",
    "TethysPersevere"
  ],
  "log": "|j|\u203dTTVCarkeezE\n|j|\u2606TethysPersevere\n|t:|1776350846\n|gametype|doubles\n|player|p1|TTVCarkeezE|102|1094\n|player|p2|TethysPersevere|lucas-gen4pt|1000\n|gen|9\n|tier|[Gen 9 Champions] VGC 2026 Reg M-A\n|rated|\n|rule|Species Clause: Limit one of each Pok\u00e9mon\n|rule|Item Clause: Limit 1 of each item\n|clearpoke\n|poke|p1|Crabominable, L50, F|\n|poke|p1|Slowking-Galar, L50, F|\n|poke|p1|Drampa, L50, M|\n|poke|p1|Alcremie, L50, F|\n|poke|p1|Farigiraf, L50, M|\n|poke|p1|Hydrapple, L50, F|\n|poke|p2|Empoleon, L50, F|\n|poke|p2|Sinistcha, L50|\n|poke|p2|Incineroar, L50, M|\n|poke|p2|Chimecho, L50, F|\n|poke|p2|Tyranitar, L50, F|\n|poke|p2|Kommo-o, L50, M|\n|teampreview|4\nTethysPersevere rejected open team sheets.\n|\n|t:|1776350869\n|teamsize|p1|4\n|teamsize|p2|4\n|start\n|switch|p1a: Slowking|Slowking-Galar, L50, F|100/100\n|switch|p1b: Alcremie|Alcremie, L50, F|100/100\n|switch|p2a: Incineroar|Incineroar, L50, M|100/100\n|switch|p2b: Sinistcha|Sinistcha, L50|100/100\n|-ability|p2a: Incineroar|Intimidate|boost\n|-unboost|p1a: Slowking|atk|1\n|-unboost|p1b: Alcremie|atk|1\n|turn|1\n|\n|t:|1776350902\n|move|p1a: Slowking|Protect|p1a: Slowking\n|-singleturn|p1a: Slowking|Protect\n|move|p2a: Incineroar|Fake Out|p1b: Alcremie\n|-damage|p1b: Alcremie|88/100\n|move|p2b: Sinistcha|Matcha Gotcha|p1a: Slowking|[spread] p1b\n|-activate|p1a: Slowking|move: Protect\n|-damage|p1b: Alcremie|67/100\n|-status|p1b: Alcremie|brn\n|cant|p1b: Alcremie|flinch\n|\n|-heal|p1b: Alcremie|73/100 brn|[from] item: Leftovers\n|-damage|p1b: Alcremie|67/100 brn|[from] brn\n|upkeep\n|turn|2\n|inactive|Battle timer is ON: inactive players will automatically lose when time's up. (requested by TTVCarkeezE)\n|\n|t:|1776350932\n|move|p1b: Alcremie|Protect|p1b: Alcremie\n|-singleturn|p1b: Alcremie|Protect\n|move|p2b: Sinistcha|Matcha Gotcha|p1b: Alcremie|[spread] p1a\n|-activate|p1b: Alcremie|move: Protect\n|-resisted|p1a: Slowking|1\n|-crit|p1a: Slowking\n|-damage|p1a: Slowking|85/100\n|-status|p1a: Slowking|brn\n|move|p2a: Incineroar|Darkest Lariat|p1a: Slowking\n|-supereffective|p1a: Slowking|1\n|-damage|p1a: Slowking|7/100 brn\n|-enditem|p1a: Slowking|Sitrus Berry|[eat]\n|-heal|p1a: Slowking|32/100 brn|[from] item: Sitrus Berry\n|move|p1a: Slowking|Trick Room|p1a: Slowking\n|-fieldstart|move: Trick Room|[of] p1a: Slowking\n|\n|-heal|p1b: Alcremie|73/100 brn|[from] item: Leftovers\n|-damage|p1a: Slowking|26/100 brn|[from] brn\n|-damage|p1b: Alcremie|67/100 brn|[from] brn\n|upkeep\n|turn|3\n|inactive|TethysPersevere has 30 seconds left.\n|inactive|TethysPersevere has 20 seconds left.\n|\n|t:|1776350970\n|switch|p2a: Chimecho|Chimecho, L50, F|100/100\n|-prepare|p1a: Slowking|Chilly Reception|[premajor]\n|move|p1a: Slowking|Chilly Reception|p1a: Slowking\n|-weather|Snowscape\n|\n|t:|1776350976\n|switch|p1a: Crabominable|Crabominable, L50, F|100/100|[from] Chilly Reception\n|move|p1b: Alcremie|Decorate|p1a: Crabominable\n|-boost|p1a: Crabominable|atk|2\n|-boost|p1a: Crabominable|spa|2\n|move|p2b: Sinistcha|Matcha Gotcha|p1b: Alcremie|[spread] p1a,p1b\n|-damage|p1a: Crabominable|74/100\n|-damage|p1b: Alcremie|45/100 brn\n|\n|-weather|Snowscape|[upkeep]\n|-heal|p1b: Alcremie|51/100 brn|[from] item: Leftovers\n|-damage|p1b: Alcremie|45/100 brn|[from] brn\n|upkeep\n|turn|4\n|inactive|TethysPersevere has 30 seconds left.\n|inactive|TethysPersevere has 20 seconds left.\n|\n|t:|1776351013\n|switch|p2b: Incineroar|Incineroar, L50, M|100/100\n|-ability|p2b: Incineroar|Intimidate|boost\n|-fail|p1a: Crabominable|unboost|Attack|[from] ability: Hyper Cutter|[of] p1a: Crabominable\n|-unboost|p1b: Alcremie|atk|1\n|detailschange|p1a: Crabominable|Crabominable-Mega, L50, F\n|-mega|p1a: Crabominable|Crabominable|Crabominite\n|detailschange|p2a: Chimecho|Chimecho-Mega, L50, F\n|-mega|p2a: Chimecho|Chimecho|Chimechite\n|move|p1a: Crabominable|Ice Hammer|p2b: Incineroar\n|-resisted|p2b: Incineroar|1\n|-damage|p2b: Incineroar|28/100\n|-unboost|p1a: Crabominable|spe|1\n|-enditem|p2b: Incineroar|Sitrus Berry|[eat]\n|-heal|p2b: Incineroar|52/100|[from] item: Sitrus Berry\n|move|p1b: Alcremie|Dazzling Gleam|p2a: Chimecho|[spread] p2a,p2b\n|-resisted|p2a: Chimecho|1\n|-damage|p2a: Chimecho|89/100\n|-damage|p2b: Incineroar|30/100\n|move|p2a: Chimecho|Psychic|p1a: Crabominable\n|-supereffective|p1a: Crabominable|1\n|-damage|p1a: Crabominable|0 fnt\n|faint|p1a: Crabominable\n|\n|-weather|Snowscape|[upkeep]\n|-heal|p1b: Alcremie|51/100 brn|[from] item: Leftovers\n|-damage|p1b: Alcremie|45/100 brn|[from] brn\n|upkeep\n|\n|t:|1776351035\n|switch|p1a: Hydrapple|Hydrapple, L50, F|100/100\n|-ability|p1a: Hydrapple|Supersweet Syrup\n|-unboost|p2a: Chimecho|evasion|1\n|-unboost|p2b: Incineroar|evasion|1\n|turn|5\n|\n|t:|1776351054\n|switch|p2b: Sinistcha|Sinistcha, L50|100/100\n|-heal|p2a: Chimecho|100/100|[from] ability: Hospitality|[of] p2b: Sinistcha\n|move|p1a: Hydrapple|Fickle Beam|p2b: Sinistcha\n|-damage|p2b: Sinistcha|52/100\n|move|p1b: Alcremie|Decorate|p1a: Hydrapple\n|-boost|p1a: Hydrapple|atk|2\n|-boost|p1a: Hydrapple|spa|2\n|move|p2a: Chimecho|Calm Mind|p2a: Chimecho\n|-boost|p2a: Chimecho|spa|1\n|-boost|p2a: Chimecho|spd|1\n|\n|-weather|Snowscape|[upkeep]\n|-heal|p1b: Alcremie|51/100 brn|[from] item: Leftovers\n|-damage|p1b: Alcremie|45/100 brn|[from] brn\n|upkeep\n|turn|6\n|\n|t:|1776351071\n|switch|p2b: Incineroar|Incineroar, L50, M|30/100\n|-ability|p2b: Incineroar|Intimidate|boost\n|-unboost|p1a: Hydrapple|atk|1\n|-unboost|p1b: Alcremie|atk|1\n|move|p1a: Hydrapple|Fickle Beam|p2b: Incineroar\n|-damage|p2b: Incineroar|0 fnt\n|faint|p2b: Incineroar\n|move|p1b: Alcremie|Dazzling Gleam|p2a: Chimecho\n|-resisted|p2a: Chimecho|1\n|-damage|p2a: Chimecho|90/100\n|move|p2a: Chimecho|Calm Mind|p2a: Chimecho\n|-boost|p2a: Chimecho|spa|1\n|-boost|p2a: Chimecho|spd|1\n|\n|-weather|Snowscape|[upkeep]\n|-heal|p1b: Alcremie|51/100 brn|[from] item: Leftovers\n|-damage|p1b: Alcremie|45/100 brn|[from] brn\n|-fieldend|move: Trick Room\n|upkeep\n|\n|t:|1776351088\n|switch|p2b: Tyranitar|Tyranitar, L50, F|100/100\n|-weather|Sandstorm|[from] ability: Sand Stream|[of] p2b: Tyranitar\n|turn|7\n|\n|t:|1776351099\n|move|p2b: Tyranitar|Protect|p2b: Tyranitar\n|-singleturn|p2b: Tyranitar|Protect\n|move|p2a: Chimecho|Boomburst|p1b: Alcremie|[spread] p1a,p1b\n|-activate|p2b: Tyranitar|move: Protect\n|-damage|p1a: Hydrapple|26/100\n|-damage|p1b: Alcremie|0 fnt\n|faint|p1b: Alcremie\n|move|p1a: Hydrapple|Energy Ball|p2b: Tyranitar\n|-activate|p2b: Tyranitar|move: Protect\n|\n|-weather|Sandstorm|[upkeep]\n|-damage|p1a: Hydrapple|20/100|[from] Sandstorm\n|upkeep\n|-message|TTVCarkeezE forfeited.\n|\n|win|TethysPersevere\n|raw|TTVCarkeezE's rating: 1094 &rarr; <strong>1064</strong><br />(-30 for losing)\n|raw|TethysPersevere's rating: 1000 &rarr; <strong>1051</strong><br />(+51 for winning)\n|l|\u203dTTVCarkeezE\n|player|p1|\n",
  "uploadtime": 1776351114,
  "views": 27,
  "formatid": "gen9championsvgc2026regma",
  "rating": 1051,
  "private": 0,
  "password": null
}