{
  "id": "gen9championsvgc2026regma-2588263400",
  "format": "[Gen 9 Champions] VGC 2026 Reg M-A",
  "players": [
    "Jhinsoul",
    "majorlyconfused"
  ],
  "log": "|j|\u2606Jhinsoul\n|j|\u2606majorlyconfused\n|t:|1776619157\n|gametype|doubles\n|player|p1|Jhinsoul|wallace|1100\n|player|p2|majorlyconfused|lady|1005\n|gen|9\n|tier|[Gen 9 Champions] VGC 2026 Reg M-A\n|rated|\n|rule|Species Clause: Limit one of each Pok\u00e9mon\n|rule|Item Clause: Limit 1 of each item\n|clearpoke\n|poke|p1|Gengar, L50, F, shiny|\n|poke|p1|Maushold, L50, shiny|\n|poke|p1|Incineroar, L50, F, shiny|\n|poke|p1|Arcanine, L50, M, shiny|\n|poke|p1|Azumarill, L50, F, shiny|\n|poke|p1|Mamoswine, L50, F, shiny|\n|poke|p2|Alakazam, L50, F|\n|poke|p2|Aggron, L50, M|\n|poke|p2|Sneasler, L50, M|\n|poke|p2|Maushold-Four, L50|\n|poke|p2|Incineroar, L50, M|\n|poke|p2|Hatterene, L50, F|\n|teampreview|4\n|inactive|Battle timer is ON: inactive players will automatically lose when time's up. (requested by Jhinsoul)\n|\n|t:|1776619178\n|teamsize|p1|4\n|teamsize|p2|4\n|start\n|switch|p1a: Arcanine|Arcanine, L50, M, shiny|100/100\n|switch|p1b: Maushold|Maushold, L50, shiny|100/100\n|switch|p2a: Alakazam|Alakazam, L50, F|100/100\n|switch|p2b: Sneasler|Sneasler, L50, M|100/100\n|turn|1\n|\n|t:|1776619193\n|switch|p2a: Incineroar|Incineroar, L50, M|100/100\n|-ability|p2a: Incineroar|Intimidate|boost\n|-unboost|p1a: Arcanine|atk|1\n|-unboost|p1b: Maushold|atk|1\n|move|p2b: Sneasler|Dire Claw|p1a: Arcanine\n|-damage|p1a: Arcanine|59/100\n|move|p1b: Maushold|Beat Up|p1a: Arcanine\n|-damage|p1a: Arcanine|57/100\n|-ability|p1a: Arcanine|Justified|boost\n|-boost|p1a: Arcanine|atk|1\n|-damage|p1a: Arcanine|56/100\n|-ability|p1a: Arcanine|Justified|boost\n|-boost|p1a: Arcanine|atk|1\n|-damage|p1a: Arcanine|54/100\n|-ability|p1a: Arcanine|Justified|boost\n|-boost|p1a: Arcanine|atk|1\n|-damage|p1a: Arcanine|53/100\n|-ability|p1a: Arcanine|Justified|boost\n|-boost|p1a: Arcanine|atk|1\n|-hitcount|p1a: Arcanine|4\n|move|p1a: Arcanine|Temper Flare|p2a: Incineroar\n|-resisted|p2a: Incineroar|1\n|-damage|p2a: Incineroar|71/100\n|\n|-heal|p2a: Incineroar|77/100|[from] item: Leftovers\n|upkeep\n|turn|2\n|inactive|Jhinsoul has 30 seconds left.\n|inactive|majorlyconfused has 30 seconds left.\n|\n|t:|1776619221\n|move|p1b: Maushold|Follow Me|p1b: Maushold\n|-singleturn|p1b: Maushold|move: Follow Me\n|move|p2b: Sneasler|Close Combat|p1b: Maushold\n|-supereffective|p1b: Maushold|1\n|-enditem|p1b: Maushold|Focus Sash\n|-damage|p1b: Maushold|1/100\n|-unboost|p2b: Sneasler|def|1\n|-unboost|p2b: Sneasler|spd|1\n|move|p1a: Arcanine|Psychic Fangs|p2b: Sneasler\n|-supereffective|p2b: Sneasler|2\n|-enditem|p2b: Sneasler|Payapa Berry|[eat]\n|-enditem|p2b: Sneasler|Payapa Berry|[weaken]\n|-damage|p2b: Sneasler|0 fnt\n|faint|p2b: Sneasler\n|move|p2a: Incineroar|Scary Face|p1b: Maushold\n|-unboost|p1b: Maushold|spe|2\n|\n|-heal|p2a: Incineroar|83/100|[from] item: Leftovers\n|upkeep\n|\n|t:|1776619237\n|switch|p2b: Hatterene|Hatterene, L50, F|100/100\n|turn|3\n|c|\u2606Jhinsoul|scary face?!\n|\n|t:|1776619255\n|move|p1b: Maushold|Helping Hand|p1a: Arcanine\n|-singleturn|p1a: Arcanine|Helping Hand|[of] p1b: Maushold\n|move|p1a: Arcanine|Extreme Speed|p2b: Hatterene\n|-damage|p2b: Hatterene|21/100\n|move|p2a: Incineroar|Crunch|p1a: Arcanine\n|-damage|p1a: Arcanine|27/100\n|-ability|p1a: Arcanine|Justified|boost\n|-boost|p1a: Arcanine|atk|1\n|-enditem|p1a: Arcanine|Sitrus Berry|[eat]\n|-heal|p1a: Arcanine|51/100|[from] item: Sitrus Berry\n|move|p2b: Hatterene|Psychic Terrain|p2b: Hatterene\n|-fieldstart|move: Psychic Terrain\n|\n|-heal|p2a: Incineroar|89/100|[from] item: Leftovers\n|upkeep\n|turn|4\n|\n|t:|1776619279\n|move|p1b: Maushold|Follow Me|p1b: Maushold\n|-singleturn|p1b: Maushold|move: Follow Me\n|move|p1a: Arcanine|Play Rough|p2a: Incineroar\n|-damage|p2a: Incineroar|28/100\n|move|p2a: Incineroar|Crunch|p1b: Maushold\n|-damage|p1b: Maushold|0 fnt\n|faint|p1b: Maushold\n|move|p2b: Hatterene|Expanding Force|p1a: Arcanine\n|-damage|p1a: Arcanine|0 fnt\n|faint|p1a: Arcanine\n|\n|-heal|p2a: Incineroar|34/100|[from] item: Leftovers\n|upkeep\n|\n|t:|1776619291\n|switch|p1b: Azumarill|Azumarill, L50, F, shiny|100/100\n|switch|p1a: Incineroar|Incineroar, L50, F, shiny|100/100\n|-ability|p1a: Incineroar|Intimidate|boost\n|-unboost|p2a: Incineroar|atk|1\n|-unboost|p2b: Hatterene|atk|1\n|turn|5\n|\n|t:|1776619314\n|move|p1a: Incineroar|Flare Blitz|p2b: Hatterene\n|-damage|p2b: Hatterene|0 fnt\n|faint|p2b: Hatterene\n|-damage|p1a: Incineroar|95/100|[from] Recoil\n|move|p1b: Azumarill|Belly Drum|p1b: Azumarill\n|-damage|p1b: Azumarill|51/100\n|-setboost|p1b: Azumarill|atk|6|[from] move: Belly Drum\n|move|p2a: Incineroar|Parting Shot|p1b: Azumarill\n|-unboost|p1b: Azumarill|atk|1\n|-unboost|p1b: Azumarill|spa|1\n|\n|t:|1776619325\n|switch|p2a: Alakazam|Alakazam, L50, F|100/100|[from] Parting Shot\n|\n|upkeep\n|\n|t:|1776619327\n|switch|p2b: Incineroar|Incineroar, L50, M|34/100\n|-ability|p2b: Incineroar|Intimidate|boost\n|-unboost|p1a: Incineroar|atk|1\n|-unboost|p1b: Azumarill|atk|1\n|turn|6\n|\n|t:|1776619345\n|detailschange|p2a: Alakazam|Alakazam-Mega, L50, F\n|-mega|p2a: Alakazam|Alakazam|Alakazite\n|-ability|p2a: Alakazam|Intimidate|Trace|[from] ability: Trace|[of] p1a: Incineroar\n|-ability|p2a: Alakazam|Intimidate|boost\n|-unboost|p1a: Incineroar|atk|1\n|-unboost|p1b: Azumarill|atk|1\n|move|p1b: Azumarill|Protect|p1b: Azumarill\n|-singleturn|p1b: Azumarill|Protect\n|move|p2a: Alakazam|Expanding Force|p1a: Incineroar|[spread] \n|-activate|p1b: Azumarill|move: Protect\n|-immune|p1a: Incineroar\n|move|p1a: Incineroar|Darkest Lariat|p2a: Alakazam\n|-supereffective|p2a: Alakazam|1\n|-damage|p2a: Alakazam|26/100\n|move|p2b: Incineroar|Parting Shot|p1a: Incineroar\n|-unboost|p1a: Incineroar|atk|1\n|-unboost|p1a: Incineroar|spa|1\n|\n|-heal|p2b: Incineroar|40/100|[from] item: Leftovers\n|upkeep\n|turn|7\n|inactive|majorlyconfused has 30 seconds left.\n|\n|t:|1776619379\n|move|p1b: Azumarill|Protect||[still]\n|-fail|p1b: Azumarill\n|move|p2a: Alakazam|Expanding Force|p1a: Incineroar|[spread] p1b\n|-immune|p1a: Incineroar\n|-damage|p1b: Azumarill|0 fnt\n|faint|p1b: Azumarill\n|move|p1a: Incineroar|Darkest Lariat|p2a: Alakazam\n|-supereffective|p2a: Alakazam|1\n|-damage|p2a: Alakazam|0 fnt\n|faint|p2a: Alakazam\n|move|p2b: Incineroar|Blaze Kick|p1a: Incineroar\n|-resisted|p1a: Incineroar|1\n|-damage|p1a: Incineroar|81/100\n|\n|-heal|p2b: Incineroar|46/100|[from] item: Leftovers\n|-fieldend|move: Psychic Terrain\n|upkeep\n|turn|8\n|\n|t:|1776619397\n|move|p1a: Incineroar|Flare Blitz|p2b: Incineroar\n|-resisted|p2b: Incineroar|1\n|-damage|p2b: Incineroar|38/100\n|-damage|p1a: Incineroar|78/100|[from] Recoil\n|move|p2b: Incineroar|Scary Face|p1a: Incineroar\n|-unboost|p1a: Incineroar|spe|2\n|\n|-heal|p2b: Incineroar|44/100|[from] item: Leftovers\n|upkeep\n|turn|9\n|\n|t:|1776619407\n|move|p2b: Incineroar|Parting Shot|p1a: Incineroar\n|-unboost|p1a: Incineroar|atk|1\n|-unboost|p1a: Incineroar|spa|1\n|move|p1a: Incineroar|Darkest Lariat|p2b: Incineroar\n|-resisted|p2b: Incineroar|1\n|-damage|p2b: Incineroar|40/100\n|\n|-heal|p2b: Incineroar|46/100|[from] item: Leftovers\n|upkeep\n|turn|10\n|\n|t:|1776619413\n|move|p2b: Incineroar|Crunch|p1a: Incineroar\n|-resisted|p1a: Incineroar|1\n|-damage|p1a: Incineroar|65/100\n|move|p1a: Incineroar|Parting Shot|p2b: Incineroar\n|-unboost|p2b: Incineroar|atk|1\n|-unboost|p2b: Incineroar|spa|1\n|\n|-heal|p2b: Incineroar|51/100|[from] item: Leftovers\n|upkeep\n|turn|11\n|\n|t:|1776619422\n|move|p2b: Incineroar|Blaze Kick|p1a: Incineroar\n|-resisted|p1a: Incineroar|1\n|-damage|p1a: Incineroar|55/100\n|move|p1a: Incineroar|Parting Shot|p2b: Incineroar\n|-unboost|p2b: Incineroar|atk|1\n|-unboost|p2b: Incineroar|spa|1\n|\n|-heal|p2b: Incineroar|57/100|[from] item: Leftovers\n|upkeep\n|turn|12\n|\n|t:|1776619429\n|move|p2b: Incineroar|Blaze Kick|p1a: Incineroar\n|-resisted|p1a: Incineroar|1\n|-damage|p1a: Incineroar|48/100\n|move|p1a: Incineroar|Flare Blitz|p2b: Incineroar\n|-resisted|p2b: Incineroar|1\n|-damage|p2b: Incineroar|51/100\n|-damage|p1a: Incineroar|46/100|[from] Recoil\n|\n|-heal|p2b: Incineroar|57/100|[from] item: Leftovers\n|upkeep\n|turn|13\n|\n|t:|1776619437\n|move|p2b: Incineroar|Crunch|p1a: Incineroar\n|-resisted|p1a: Incineroar|1\n|-damage|p1a: Incineroar|39/100\n|-unboost|p1a: Incineroar|def|1\n|move|p1a: Incineroar|Darkest Lariat|p2b: Incineroar\n|-resisted|p2b: Incineroar|1\n|-damage|p2b: Incineroar|52/100\n|\n|-heal|p2b: Incineroar|58/100|[from] item: Leftovers\n|upkeep\n|turn|14\n|\n|t:|1776619444\n|move|p2b: Incineroar|Crunch|p1a: Incineroar\n|-resisted|p1a: Incineroar|1\n|-damage|p1a: Incineroar|29/100\n|move|p1a: Incineroar|Darkest Lariat|p2b: Incineroar\n|-resisted|p2b: Incineroar|1\n|-damage|p2b: Incineroar|54/100\n|\n|-heal|p2b: Incineroar|60/100|[from] item: Leftovers\n|upkeep\n|turn|15\n|c|\u2606majorlyconfused|engaging gameplay\n|\n|t:|1776619450\n|move|p2b: Incineroar|Crunch|p1a: Incineroar\n|-resisted|p1a: Incineroar|1\n|-damage|p1a: Incineroar|18/100\n|move|p1a: Incineroar|Darkest Lariat|p2b: Incineroar\n|-resisted|p2b: Incineroar|1\n|-damage|p2b: Incineroar|55/100\n|\n|-heal|p2b: Incineroar|61/100|[from] item: Leftovers\n|upkeep\n|turn|16\n|-message|Jhinsoul forfeited.\n|\n|win|majorlyconfused\n|raw|Jhinsoul's rating: 1100 &rarr; <strong>1068</strong><br />(-32 for losing)\n|raw|majorlyconfused's rating: 1005 &rarr; <strong>1055</strong><br />(+50 for winning)\n|l|\u2606Jhinsoul\n|player|p1|\n",
  "uploadtime": 1776619459,
  "views": 11,
  "formatid": "gen9championsvgc2026regma",
  "rating": 1055,
  "private": 0,
  "password": null
}