{
  "id": "gen9championsvgc2026regma-2581375335",
  "format": "[Gen 9 Champions] VGC 2026 Reg M-A",
  "players": [
    "sake26",
    "angeallen455"
  ],
  "log": "|j|\u2606sake26\n|j|\u2606angeallen455\n|t:|1775993462\n|gametype|doubles\n|player|p1|sake26|102|\n|player|p2|angeallen455|colress|\n|gen|9\n|tier|[Gen 9 Champions] VGC 2026 Reg M-A\n|rule|Species Clause: Limit one of each Pok\u00e9mon\n|rule|Item Clause: Limit 1 of each item\n|clearpoke\n|poke|p1|Floette-Eternal, L50, F|\n|poke|p1|Gyarados, L50, M|\n|poke|p1|Sneasler, L50, M|\n|poke|p1|Tyranitar, L50, M|\n|poke|p1|Aegislash, L50, F|\n|poke|p1|Incineroar, L50, M|\n|poke|p2|Delphox, L50, F|\n|poke|p2|Basculegion, L50, M|\n|poke|p2|Clefable, L50, F|\n|poke|p2|Kingambit, L50, M|\n|poke|p2|Dragonite, L50, M|\n|poke|p2|Sneasler, L50, F|\n|teampreview|4\n|\n|t:|1775993522\n|teamsize|p1|4\n|teamsize|p2|4\n|start\n|switch|p1a: Tyranitar|Tyranitar, L50, M|100/100\n|switch|p1b: Floette|Floette-Eternal, L50, F|100/100\n|switch|p2a: Kingambit|Kingambit, L50, M|100/100\n|switch|p2b: Delphox|Delphox, L50, F|100/100\n|-weather|Sandstorm|[from] ability: Sand Stream|[of] p1a: Tyranitar\n|turn|1\n|\n|t:|1775993580\n|switch|p2b: Basculegion|Basculegion, L50, M|100/100\n|detailschange|p1b: Floette|Floette-Mega, L50, F\n|-mega|p1b: Floette|Floette|Floettite\n|-ability|p1b: Floette|Fairy Aura\n|move|p1b: Floette|Dazzling Gleam|p2b: Basculegion|[spread] p2a,p2b\n|-damage|p2a: Kingambit|46/100\n|-damage|p2b: Basculegion|46/100\n|move|p1a: Tyranitar|Rock Slide|p2a: Kingambit|[spread] p2a,p2b\n|-resisted|p2a: Kingambit|1\n|-damage|p2a: Kingambit|35/100\n|-damage|p2b: Basculegion|8/100\n|move|p2a: Kingambit|Swords Dance|p2a: Kingambit\n|-boost|p2a: Kingambit|atk|2\n|\n|-weather|Sandstorm|[upkeep]\n|-damage|p2b: Basculegion|2/100|[from] Sandstorm\n|-damage|p1b: Floette|95/100|[from] Sandstorm\n|upkeep\n|turn|2\n|\n|t:|1775993625\n|move|p1b: Floette|Protect|p1b: Floette\n|-singleturn|p1b: Floette|Protect\n|move|p1a: Tyranitar|Protect|p1a: Tyranitar\n|-singleturn|p1a: Tyranitar|Protect\n|move|p2a: Kingambit|Sucker Punch||[still]\n|-fail|p2a: Kingambit\n|move|p2b: Basculegion|Flip Turn|p1b: Floette\n|-activate|p1b: Floette|move: Protect\n|\n|-weather|Sandstorm|[upkeep]\n|-damage|p2b: Basculegion|0 fnt|[from] Sandstorm\n|-damage|p1b: Floette|89/100|[from] Sandstorm\n|faint|p2b: Basculegion\n|upkeep\n|\n|t:|1775993633\n|switch|p2b: Sneasler|Sneasler, L50, F|100/100\n|turn|3\n|\n|t:|1775993673\n|switch|p2b: Delphox|Delphox, L50, F|100/100\n|switch|p1a: Aegislash|Aegislash, L50, F|100/100\n|move|p2a: Kingambit|Sucker Punch|p1b: Floette\n|-resisted|p1b: Floette|1\n|-damage|p1b: Floette|21/100\n|move|p1b: Floette|Dazzling Gleam|p2a: Kingambit|[spread] p2a,p2b\n|-resisted|p2b: Delphox|1\n|-damage|p2a: Kingambit|0 fnt\n|-damage|p2b: Delphox|72/100\n|faint|p2a: Kingambit\n|\n|-weather|Sandstorm|[upkeep]\n|-damage|p2b: Delphox|66/100|[from] Sandstorm\n|-damage|p1b: Floette|15/100|[from] Sandstorm\n|upkeep\n|\n|t:|1775993681\n|switch|p2a: Sneasler|Sneasler, L50, F|100/100\n|turn|4\n|\n|t:|1775993734\n|detailschange|p2b: Delphox|Delphox-Mega, L50, F\n|-mega|p2b: Delphox|Delphox|Delphoxite\n|move|p2b: Delphox|Heat Wave|p1b: Floette|[spread] p1a,p1b\n|-supereffective|p1a: Aegislash|1\n|-crit|p1a: Aegislash\n|-crit|p1b: Floette\n|-damage|p1a: Aegislash|0 fnt\n|-damage|p1b: Floette|0 fnt\n|faint|p1a: Aegislash\n|faint|p1b: Floette\n|move|p2a: Sneasler|Close Combat|p1: Aegislash|[notarget]\n|-fail|p2a: Sneasler\n|\n|-weather|Sandstorm|[upkeep]\n|-damage|p2b: Delphox|60/100|[from] Sandstorm\n|-damage|p2a: Sneasler|95/100|[from] Sandstorm\n|upkeep\n|\n|t:|1775993767\n|switch|p1b: Sneasler|Sneasler, L50, M|100/100\n|switch|p1a: Tyranitar|Tyranitar, L50, M|100/100\n|turn|5\n|\n|t:|1775993823\n|move|p2b: Delphox|Protect|p2b: Delphox\n|-singleturn|p2b: Delphox|Protect\n|move|p2a: Sneasler|Protect|p2a: Sneasler\n|-singleturn|p2a: Sneasler|Protect\n|move|p1b: Sneasler|Fake Out|p2a: Sneasler\n|-activate|p2a: Sneasler|move: Protect\n|move|p1a: Tyranitar|Rock Slide|p2b: Delphox|[spread] \n|-activate|p2a: Sneasler|move: Protect\n|-activate|p2b: Delphox|move: Protect\n|\n|-weather|none\n|upkeep\n|turn|6\n|\n|t:|1775993849\n|move|p1b: Sneasler|Protect|p1b: Sneasler\n|-singleturn|p1b: Sneasler|Protect\n|move|p1a: Tyranitar|Protect|p1a: Tyranitar\n|-singleturn|p1a: Tyranitar|Protect\n|move|p2b: Delphox|Psychic|p1b: Sneasler\n|-activate|p1b: Sneasler|move: Protect\n|move|p2a: Sneasler|Close Combat|p1a: Tyranitar\n|-activate|p1a: Tyranitar|move: Protect\n|\n|upkeep\n|turn|7\n|\n|t:|1775993872\n|move|p1b: Sneasler|Protect||[still]\n|-fail|p1b: Sneasler\n|move|p1a: Tyranitar|Protect||[still]\n|-fail|p1a: Tyranitar\n|move|p2b: Delphox|Psychic|p1b: Sneasler\n|-supereffective|p1b: Sneasler|2\n|-enditem|p1b: Sneasler|Focus Sash\n|-damage|p1b: Sneasler|1/100\n|move|p2a: Sneasler|Close Combat|p1a: Tyranitar\n|-supereffective|p1a: Tyranitar|2\n|-damage|p1a: Tyranitar|0 fnt\n|-unboost|p2a: Sneasler|def|1\n|-unboost|p2a: Sneasler|spd|1\n|faint|p1a: Tyranitar\n|\n|upkeep\n|turn|8\n|\n|t:|1775993913\n|move|p2b: Delphox|Psychic|p1b: Sneasler\n|-supereffective|p1b: Sneasler|2\n|-damage|p1b: Sneasler|0 fnt\n|faint|p1b: Sneasler\n|\n|win|angeallen455\n",
  "uploadtime": 1775993926,
  "views": 24,
  "formatid": "gen9championsvgc2026regma",
  "rating": null,
  "private": 0,
  "password": null
}