{
  "id": "gen9championsvgc2026regma-2581610606",
  "format": "[Gen 9 Champions] VGC 2026 Reg M-A",
  "players": [
    "magicalarcher57",
    "PPYYY"
  ],
  "log": "|j|\u2606magicalarcher57\n|j|\u2606PPYYY\n|html|<table width=\"100%\"><tr><td align=\"left\">magicalarcher57</td><td align=\"right\">PPYYY</tr><tr><td align=\"left\"><i class=\"fa fa-circle-o\"></i> <i class=\"fa fa-circle-o\"></i> </td><td align=\"right\"><i class=\"fa fa-circle-o\"></i> <i class=\"fa fa-circle-o\"></i> </tr></table>\n|uhtml|bestof|<h2><strong>Game 1</strong> of <a href=\"/game-bestof3-gen9championsvgc2026regma-2581610605\">a best-of-3</a></h2>\n|t:|1776014945\n|gametype|doubles\n|player|p1|magicalarcher57|cynthia-masters4|\n|player|p2|PPYYY|miku-water|\n|gen|9\n|tier|[Gen 9 Champions] VGC 2026 Reg M-A\n|rated|Tournament battle\n|rule|Species Clause: Limit one of each Pok\u00e9mon\n|rule|Item Clause: Limit 1 of each item\n|raw|<div class=\"infobox\"><details class=\"readmore\" open><summary><strong>2 custom rules:</strong></summary> Force Open Team Sheets, Best of = 3</details></div>\n|clearpoke\n|poke|p1|Kangaskhan, L50, F|\n|poke|p1|Farigiraf, L50, M|\n|poke|p1|Basculegion, L50, M|\n|poke|p1|Talonflame, L50, M|\n|poke|p1|Sneasler, L50, F|\n|poke|p1|Kleavor, L50, F|\n|poke|p2|Aerodactyl, L50, M|\n|poke|p2|Incineroar, L50, F|\n|poke|p2|Floette-Eternal, L50, F|\n|poke|p2|Basculegion, L50, M|\n|poke|p2|Garchomp, L50, M|\n|poke|p2|Sneasler, L50, M|\n|teampreview|4\n|showteam|p1|Kangaskhan||Kangaskhanite|Scrappy|FakeOut,DrainPunch,DoubleEdge,Crunch|||F|||50|]Farigiraf||MentalHerb|ArmorTail|ShadowBall,HyperVoice,TrickRoom,Psychic|||M|||50|]Basculegion||MysticWater|Adaptability|WaveCrash,LastRespects,AquaJet,Protect|||M|||50|]Talonflame||SharpBeak|GaleWings|Tailwind,Taunt,BraveBird,FlareBlitz|||M|||50|]Sneasler||FocusSash|Unburden|FakeOut,CloseCombat,DireClaw,Protect|||F|||50|]Kleavor||HardStone|Sharpness|RockSlide,XScissor,StoneAxe,Protect|||F|||50|\n|showteam|p2|Aerodactyl||FocusSash|Unnerve|RockSlide,DualWingbeat,Protect,Tailwind|||M|||50|]Incineroar||SitrusBerry|Intimidate|FakeOut,HelpingHand,PartingShot,FlareBlitz|||F|||50|]Floette-Eternal||Floettite|FlowerVeil|DazzlingGleam,Moonblast,LightofRuin,Protect|||F|||50|]Basculegion||ChoiceScarf|Adaptability|LastRespects,FlipTurn,Liquidation,WaveCrash|||M|||50|]Garchomp||HabanBerry|RoughSkin|Earthquake,DragonClaw,RockSlide,Protect|||M|||50|]Sneasler||WhiteHerb|Unburden|CloseCombat,DireClaw,RockTomb,Protect|||M|||50|\n|c|\u2606PPYYY|glhf\n|c|\u2606magicalarcher57|glhf\n|j| pk_azzu\n|\n|t:|1776015035\n|teamsize|p1|4\n|teamsize|p2|4\n|start\n|switch|p1a: Farigiraf|Farigiraf, L50, M, shiny|100/100\n|switch|p1b: Kangaskhan|Kangaskhan, L50, F, shiny|100/100\n|switch|p2a: Garchomp|Garchomp, L50, M|100/100\n|switch|p2b: Incineroar|Incineroar, L50, F|100/100\n|-ability|p2b: Incineroar|Intimidate|boost\n|-unboost|p1a: Farigiraf|atk|1\n|-fail|p1b: Kangaskhan|unboost|Attack|[from] ability: Scrappy|[of] p1b: Kangaskhan\n|turn|1\n|\n|t:|1776015047\n|switch|p2b: Floette|Floette-Eternal, L50, F|100/100\n|move|p1b: Kangaskhan|Fake Out|p2a: Garchomp\n|-damage|p2a: Garchomp|81/100\n|-damage|p1b: Kangaskhan|88/100|[from] ability: Rough Skin|[of] p2a: Garchomp\n|cant|p2a: Garchomp|flinch\n|move|p1a: Farigiraf|Trick Room|p1a: Farigiraf\n|-fieldstart|move: Trick Room|[of] p1a: Farigiraf\n|\n|upkeep\n|turn|2\n|\n|t:|1776015059\n|detailschange|p1b: Kangaskhan|Kangaskhan-Mega, L50, F, shiny\n|-mega|p1b: Kangaskhan|Kangaskhan|Kangaskhanite\n|move|p2b: Floette|Protect|p2b: Floette\n|-singleturn|p2b: Floette|Protect\n|move|p2a: Garchomp|Protect|p2a: Garchomp\n|-singleturn|p2a: Garchomp|Protect\n|move|p1a: Farigiraf|Hyper Voice|p2b: Floette|[spread] \n|-activate|p2a: Garchomp|move: Protect\n|-activate|p2b: Floette|move: Protect\n|move|p1b: Kangaskhan|Double-Edge|p2b: Floette\n|-activate|p2b: Floette|move: Protect\n|\n|upkeep\n|turn|3\n|\n|t:|1776015107\n|switch|p2b: Basculegion|Basculegion, L50, M|100/100\n|move|p1a: Farigiraf|Hyper Voice|p2a: Garchomp|[spread] p2a\n|-immune|p2b: Basculegion\n|-damage|p2a: Garchomp|41/100\n|move|p1b: Kangaskhan|Double-Edge|p2b: Basculegion\n|-immune|p2b: Basculegion\n|move|p2a: Garchomp|Dragon Claw|p1a: Farigiraf\n|-damage|p1a: Farigiraf|55/100\n|\n|upkeep\n|turn|4\n|\n|t:|1776015123\n|switch|p2b: Incineroar|Incineroar, L50, F|100/100\n|-ability|p2b: Incineroar|Intimidate|boost\n|-unboost|p1a: Farigiraf|atk|1\n|-unboost|p1b: Kangaskhan|atk|1\n|move|p2a: Garchomp|Protect|p2a: Garchomp\n|-singleturn|p2a: Garchomp|Protect\n|move|p1a: Farigiraf|Shadow Ball|p2b: Incineroar\n|-resisted|p2b: Incineroar|1\n|-damage|p2b: Incineroar|91/100\n|move|p1b: Kangaskhan|Double-Edge|p2a: Garchomp\n|-activate|p2a: Garchomp|move: Protect\n|\n|upkeep\n|turn|5\n|j| mysticmarshtomp\n|\n|t:|1776015161\n|switch|p2a: Floette|Floette-Eternal, L50, F|100/100\n|move|p1a: Farigiraf|Hyper Voice|p2b: Incineroar|[spread] p2a,p2b\n|-damage|p2a: Floette|67/100\n|-damage|p2b: Incineroar|66/100\n|move|p2b: Incineroar|Parting Shot|p1b: Kangaskhan\n|-unboost|p1b: Kangaskhan|atk|1\n|-unboost|p1b: Kangaskhan|spa|1\n|j| FBIsurveillanceman\n|\n|t:|1776015174\n|switch|p2b: Basculegion|Basculegion, L50, M|100/100|[from] Parting Shot\n|move|p1b: Kangaskhan|Double-Edge|p2b: Basculegion\n|-immune|p2b: Basculegion\n|\n|-fieldend|move: Trick Room\n|upkeep\n|turn|6\n|\n|t:|1776015187\n|switch|p1b: Basculegion|Basculegion, L50, M, shiny|100/100\n|detailschange|p2a: Floette|Floette-Mega, L50, F\n|-mega|p2a: Floette|Floette|Floettite\n|-ability|p2a: Floette|Fairy Aura\n|move|p2b: Basculegion|Wave Crash|p1a: Farigiraf\n|-damage|p1a: Farigiraf|0 fnt\n|faint|p1a: Farigiraf\n|-damage|p2b: Basculegion|80/100|[from] Recoil\n|move|p2a: Floette|Light of Ruin|p1b: Basculegion\n|-damage|p1b: Basculegion|0 fnt\n|faint|p1b: Basculegion\n|-damage|p2a: Floette|0 fnt|[from] Recoil\n|faint|p2a: Floette\n|\n|upkeep\n|\n|t:|1776015203\n|switch|p2a: Incineroar|Incineroar, L50, F|66/100\n|switch|p1b: Talonflame|Talonflame, L50, M, shiny|100/100\n|switch|p1a: Kangaskhan|Kangaskhan-Mega, L50, F, shiny|88/100\n|-ability|p2a: Incineroar|Intimidate|boost\n|-unboost|p1a: Kangaskhan|atk|1\n|-unboost|p1b: Talonflame|atk|1\n|turn|7\n|\n|t:|1776015212\n|move|p1a: Kangaskhan|Fake Out|p2a: Incineroar\n|-damage|p2a: Incineroar|51/100\n|-damage|p2a: Incineroar|49/100\n|-enditem|p2a: Incineroar|Sitrus Berry|[eat]\n|-heal|p2a: Incineroar|73/100|[from] item: Sitrus Berry\n|-hitcount|p2a: Incineroar|2\n|cant|p2a: Incineroar|flinch\n|move|p1b: Talonflame|Tailwind|p1b: Talonflame\n|-sidestart|p1: magicalarcher57|move: Tailwind\n|move|p2b: Basculegion|Wave Crash|p1b: Talonflame\n|-supereffective|p1b: Talonflame|1\n|-damage|p1b: Talonflame|0 fnt\n|faint|p1b: Talonflame\n|-damage|p2b: Basculegion|54/100|[from] Recoil\n|\n|upkeep\n|turn|8\n|\n|t:|1776015224\n|move|p1a: Kangaskhan|Drain Punch|p2a: Incineroar\n|-supereffective|p2a: Incineroar|1\n|-damage|p2a: Incineroar|37/100\n|-heal|p1a: Kangaskhan|100/100|[from] drain|[of] p2a: Incineroar\n|-supereffective|p2a: Incineroar|1\n|-damage|p2a: Incineroar|28/100\n|-hitcount|p2a: Incineroar|2\n|move|p2b: Basculegion|Wave Crash|p1a: Kangaskhan\n|-damage|p1a: Kangaskhan|40/100\n|-damage|p2b: Basculegion|32/100|[from] Recoil\n|move|p2a: Incineroar|Parting Shot|p1a: Kangaskhan\n|-unboost|p1a: Kangaskhan|atk|1\n|-unboost|p1a: Kangaskhan|spa|1\n|\n|t:|1776015238\n|switch|p2a: Garchomp|Garchomp, L50, M|41/100|[from] Parting Shot\n|\n|upkeep\n|turn|9\n|\n|t:|1776015245\n|switch|p2b: Incineroar|Incineroar, L50, F|28/100\n|-ability|p2b: Incineroar|Intimidate|boost\n|-unboost|p1a: Kangaskhan|atk|1\n|move|p1a: Kangaskhan|Drain Punch|p2b: Incineroar\n|-supereffective|p2b: Incineroar|1\n|-damage|p2b: Incineroar|5/100\n|-heal|p1a: Kangaskhan|51/100|[from] drain|[of] p2b: Incineroar\n|-supereffective|p2b: Incineroar|1\n|-damage|p2b: Incineroar|0 fnt\n|-heal|p1a: Kangaskhan|53/100|[from] drain|[of] p2b: Incineroar\n|faint|p2b: Incineroar\n|-hitcount|p2: Incineroar|2\n|move|p2a: Garchomp|Dragon Claw|p1a: Kangaskhan\n|-damage|p1a: Kangaskhan|18/100\n|\n|upkeep\n|\n|t:|1776015254\n|switch|p2b: Basculegion|Basculegion, L50, M|32/100\n|turn|10\n|\n|t:|1776015266\n|move|p1a: Kangaskhan|Crunch|p2b: Basculegion\n|-supereffective|p2b: Basculegion|1\n|-damage|p2b: Basculegion|3/100\n|-supereffective|p2b: Basculegion|1\n|-damage|p2b: Basculegion|0 fnt\n|faint|p2b: Basculegion\n|-hitcount|p2: Basculegion|2\n|move|p2a: Garchomp|Dragon Claw|p1a: Kangaskhan\n|-damage|p1a: Kangaskhan|0 fnt\n|faint|p1a: Kangaskhan\n|\n|win|PPYYY\n||magicalarcher57 is ready for game 2.\n",
  "uploadtime": 1776015270,
  "views": 12,
  "formatid": "gen9championsvgc2026regma",
  "rating": null,
  "private": 0,
  "password": null
}