{
  "id": "gen9championsvgc2026regma-2587630474",
  "format": "[Gen 9 Champions] VGC 2026 Reg M-A",
  "players": [
    "galmic",
    "SlipqyVGC"
  ],
  "log": "|j|\u2606galmic\n|j|\u2606SlipqyVGC\n|t:|1776548561\n|gametype|doubles\n|player|p1|galmic|steven|1448\n|player|p2|SlipqyVGC|miku-ghost|1458\n|gen|9\n|tier|[Gen 9 Champions] VGC 2026 Reg M-A\n|rated|\n|rule|Species Clause: Limit one of each Pok\u00e9mon\n|rule|Item Clause: Limit 1 of each item\n|clearpoke\n|poke|p1|Froslass, L50, F, shiny|\n|poke|p1|Pelipper, L50, F|\n|poke|p1|Basculegion, L50, M, shiny|\n|poke|p1|Archaludon, L50, M, shiny|\n|poke|p1|Incineroar, L50, F, shiny|\n|poke|p1|Sneasler, L50, M|\n|poke|p2|Sneasler, L50, M|\n|poke|p2|Talonflame, L50, M, shiny|\n|poke|p2|Kingambit, L50, M, shiny|\n|poke|p2|Floette-Eternal, L50, F|\n|poke|p2|Garchomp, L50, F|\n|poke|p2|Basculegion, L50, M, shiny|\n|teampreview|4\n|inactive|Battle timer is ON: inactive players will automatically lose when time's up. (requested by SlipqyVGC)\n|inactive|galmic also wants the timer to be on.\n|inactive|SlipqyVGC has 60 seconds left.\n|\n|t:|1776548619\n|teamsize|p1|4\n|teamsize|p2|4\n|start\n|switch|p1a: Sneasler|Sneasler, L50, M|100/100\n|switch|p1b: Basculegion|Basculegion, L50, M, shiny|100/100\n|switch|p2a: Kingambit|Kingambit, L50, M, shiny|100/100\n|switch|p2b: Garchomp|Garchomp, L50, F|100/100\n|turn|1\n|inactive|galmic has 30 seconds left.\n|inactive|SlipqyVGC has 30 seconds left.\n|\n|t:|1776548650\n|move|p2a: Kingambit|Protect|p2a: Kingambit\n|-singleturn|p2a: Kingambit|Protect\n|move|p1b: Basculegion|Flip Turn|p2b: Garchomp\n|-damage|p2b: Garchomp|66/100\n|-damage|p1b: Basculegion|88/100|[from] ability: Rough Skin|[of] p2b: Garchomp\n|\n|t:|1776548655\n|switch|p1b: Pelipper|Pelipper, L50, F|100/100|[from] Flip Turn\n|-weather|RainDance|[from] ability: Drizzle|[of] p1b: Pelipper\n|move|p1a: Sneasler|Close Combat|p2a: Kingambit\n|-activate|p2a: Kingambit|move: Protect\n|move|p2b: Garchomp|Rock Slide|p1b: Pelipper|[spread] p1a,p1b\n|-resisted|p1a: Sneasler|1\n|-supereffective|p1b: Pelipper|1\n|-damage|p1a: Sneasler|84/100\n|-damage|p1b: Pelipper|63/100\n|\n|-weather|RainDance|[upkeep]\n|upkeep\n|turn|2\n|inactive|SlipqyVGC has 30 seconds left.\n|\n|t:|1776548689\n|move|p1a: Sneasler|Close Combat|p2a: Kingambit\n|-supereffective|p2a: Kingambit|2\n|-enditem|p2a: Kingambit|Chople Berry|[eat]\n|-enditem|p2a: Kingambit|Chople Berry|[weaken]\n|-damage|p2a: Kingambit|3/100\n|-unboost|p1a: Sneasler|def|1\n|-unboost|p1a: Sneasler|spd|1\n|-enditem|p1a: Sneasler|White Herb\n|-clearnegativeboost|p1a: Sneasler|[silent]\n|move|p2b: Garchomp|Rock Slide|p1a: Sneasler|[spread] p1a,p1b\n|-resisted|p1a: Sneasler|1\n|-supereffective|p1b: Pelipper|1\n|-damage|p1a: Sneasler|68/100\n|-damage|p1b: Pelipper|28/100\n|cant|p1b: Pelipper|flinch\n|move|p2a: Kingambit|Kowtow Cleave|p1b: Pelipper\n|-damage|p1b: Pelipper|0 fnt\n|faint|p1b: Pelipper\n|\n|-weather|RainDance|[upkeep]\n|upkeep\n|\n|t:|1776548705\n|switch|p1b: Archaludon|Archaludon, L50, M, shiny|100/100\n|turn|3\n|inactive|SlipqyVGC has 30 seconds left.\n|inactive|SlipqyVGC has 20 seconds left.\n|\n|t:|1776548741\n|move|p1b: Archaludon|Protect|p1b: Archaludon\n|-singleturn|p1b: Archaludon|Protect\n|move|p2a: Kingambit|Sucker Punch|p1a: Sneasler\n|-resisted|p1a: Sneasler|1\n|-damage|p1a: Sneasler|31/100\n|move|p1a: Sneasler|U-turn|p2a: Kingambit\n|-damage|p2a: Kingambit|0 fnt\n|faint|p2a: Kingambit\n|\n|t:|1776548748\n|switch|p1a: Basculegion|Basculegion, L50, M, shiny|88/100|[from] U-turn\n|move|p2b: Garchomp|Earthquake|p1b: Archaludon|[spread] p1a\n|-activate|p1b: Archaludon|move: Protect\n|-damage|p1a: Basculegion|38/100\n|\n|-weather|RainDance|[upkeep]\n|upkeep\n|\n|t:|1776548760\n|switch|p2a: Sneasler|Sneasler, L50, M|100/100\n|turn|4\n|\n|t:|1776548783\n|move|p1a: Basculegion|Last Respects|p2b: Garchomp\n|-damage|p2b: Garchomp|16/100\n|move|p2a: Sneasler|Close Combat|p1b: Archaludon\n|-supereffective|p1b: Archaludon|1\n|-damage|p1b: Archaludon|0 fnt\n|-unboost|p2a: Sneasler|def|1\n|-unboost|p2a: Sneasler|spd|1\n|faint|p1b: Archaludon\n|move|p2b: Garchomp|Dragon Claw|p1a: Basculegion\n|-damage|p1a: Basculegion|0 fnt\n|faint|p1a: Basculegion\n|\n|-weather|RainDance|[upkeep]\n|upkeep\n|\n|t:|1776548790\n|switch|p1b: Sneasler|Sneasler, L50, M|31/100\n|turn|5\n|\n|t:|1776548798\n|move|p2a: Sneasler|Close Combat|p1b: Sneasler\n|-resisted|p1b: Sneasler|1\n|-damage|p1b: Sneasler|0 fnt\n|-unboost|p2a: Sneasler|def|1\n|-unboost|p2a: Sneasler|spd|1\n|faint|p1b: Sneasler\n|\n|win|SlipqyVGC\n|raw|galmic's rating: 1448 &rarr; <strong>1429</strong><br />(-19 for losing)\n|raw|SlipqyVGC's rating: 1458 &rarr; <strong>1477</strong><br />(+19 for winning)\n|l|\u2606galmic\n|player|p1|\n|l|\u2606SlipqyVGC\n|player|p2|\n",
  "uploadtime": 1776548821,
  "views": 16,
  "formatid": "gen9championsvgc2026regma",
  "rating": 1429,
  "private": 0,
  "password": null
}