{
  "id": "gen9championsvgc2026regma-2588476203",
  "format": "[Gen 9 Champions] VGC 2026 Reg M-A",
  "players": [
    "Pokeventurer",
    "cremess"
  ],
  "log": "|j|\u2606Pokeventurer\n|j|\u2606cremess\n|t:|1776636926\n|gametype|doubles\n|player|p1|Pokeventurer|1|1531\n|player|p2|cremess|ghetsis-gen5bw|1471\n|gen|9\n|tier|[Gen 9 Champions] VGC 2026 Reg M-A\n|rated|\n|rule|Species Clause: Limit one of each Pok\u00e9mon\n|rule|Item Clause: Limit 1 of each item\n|clearpoke\n|poke|p1|Talonflame, L50, M|\n|poke|p1|Kingambit, L50, F|\n|poke|p1|Garchomp, L50, F|\n|poke|p1|Basculegion, L50, M|\n|poke|p1|Floette-Eternal, L50, F|\n|poke|p1|Corviknight, L50, M|\n|poke|p2|Hydreigon, L50, F|\n|poke|p2|Sableye, L50, M|\n|poke|p2|Incineroar, L50, F|\n|poke|p2|Milotic, L50, M|\n|poke|p2|Basculegion, L50, M|\n|poke|p2|Venusaur, L50, F|\n|teampreview|4\n|inactive|Battle timer is ON: inactive players will automatically lose when time's up. (requested by Pokeventurer)\n|inactive|cremess has 60 seconds left.\n|\n|t:|1776636973\n|teamsize|p1|4\n|teamsize|p2|4\n|start\n|switch|p1a: Kingambit|Kingambit, L50, F|100/100\n|switch|p1b: Talonflame|Talonflame, L50, M|100/100\n|switch|p2a: Venusaur|Venusaur, L50, F|100/100\n|switch|p2b: Milotic|Milotic, L50, M|100/100\n|turn|1\n|\n|t:|1776636986\n|detailschange|p2a: Venusaur|Venusaur-Mega, L50, F\n|-mega|p2a: Venusaur|Venusaur|Venusaurite\n|move|p1b: Talonflame|Protect|p1b: Talonflame\n|-singleturn|p1b: Talonflame|Protect\n|move|p1a: Kingambit|Protect|p1a: Kingambit\n|-singleturn|p1a: Kingambit|Protect\n|move|p2a: Venusaur|Protect|p2a: Venusaur\n|-singleturn|p2a: Venusaur|Protect\n|move|p2b: Milotic|Coil|p2b: Milotic\n|-boost|p2b: Milotic|atk|1\n|-boost|p2b: Milotic|def|1\n|-boost|p2b: Milotic|accuracy|1\n|\n|upkeep\n|turn|2\n|\n|t:|1776637010\n|move|p1b: Talonflame|Brave Bird|p2a: Venusaur\n|-supereffective|p2a: Venusaur|1\n|-damage|p2a: Venusaur|14/100\n|-damage|p1b: Talonflame|66/100|[from] Recoil\n|move|p1a: Kingambit|Kowtow Cleave|p2a: Venusaur\n|-damage|p2a: Venusaur|0 fnt\n|faint|p2a: Venusaur\n|move|p2b: Milotic|Hydro Pump|p1b: Talonflame\n|-supereffective|p1b: Talonflame|1\n|-damage|p1b: Talonflame|0 fnt\n|faint|p1b: Talonflame\n|\n|upkeep\n|\n|t:|1776637025\n|switch|p1b: Garchomp|Garchomp, L50, F|100/100\n|switch|p2a: Basculegion|Basculegion, L50, M|100/100\n|turn|3\n|\n|t:|1776637039\n|switch|p2a: Sableye|Sableye, L50, M|100/100\n|move|p1a: Kingambit|Sucker Punch||[still]\n|-fail|p1a: Kingambit\n|move|p1b: Garchomp|Rock Slide|p2a: Sableye|[spread] p2b\n|-miss|p1b: Garchomp|p2a: Sableye\n|-damage|p2b: Milotic|86/100\n|move|p2b: Milotic|Hypnosis|p1b: Garchomp\n|-status|p1b: Garchomp|slp|[from] move: Hypnosis\n|\n|-heal|p2b: Milotic|92/100|[from] item: Leftovers\n|upkeep\n|turn|4\n|\n|t:|1776637054\n|move|p2a: Sableye|Fake Out|p1a: Kingambit\n|-resisted|p1a: Kingambit|1\n|-damage|p1a: Kingambit|98/100\n|cant|p1b: Garchomp|slp\n|cant|p1a: Kingambit|flinch\n|move|p2b: Milotic|Coil|p2b: Milotic\n|-boost|p2b: Milotic|atk|1\n|-boost|p2b: Milotic|def|1\n|-boost|p2b: Milotic|accuracy|1\n|\n|-heal|p2b: Milotic|98/100|[from] item: Leftovers\n|upkeep\n|turn|5\n|\n|t:|1776637069\n|move|p2a: Sableye|Disable|p1b: Garchomp\n|-start|p1b: Garchomp|Disable|Rock Slide\n|cant|p1b: Garchomp|slp\n|move|p1a: Kingambit|Kowtow Cleave|p2a: Sableye\n|-damage|p2a: Sableye|50/100\n|move|p2b: Milotic|Hypnosis|p1a: Kingambit\n|-status|p1a: Kingambit|slp|[from] move: Hypnosis\n|\n|-heal|p2b: Milotic|100/100|[from] item: Leftovers\n|upkeep\n|turn|6\n|\n|t:|1776637085\n|move|p2a: Sableye|Protect|p2a: Sableye\n|-singleturn|p2a: Sableye|Protect\n|-curestatus|p1b: Garchomp|slp|[msg]\n|move|p1b: Garchomp|Dragon Claw|p2a: Sableye\n|-activate|p2a: Sableye|move: Protect\n|cant|p1a: Kingambit|slp\n|move|p2b: Milotic|Blizzard|p1a: Kingambit|[spread] p1a,p1b\n|-resisted|p1a: Kingambit|1\n|-supereffective|p1b: Garchomp|2\n|-damage|p1a: Kingambit|86/100 slp\n|-damage|p1b: Garchomp|12/100\n|\n|upkeep\n|turn|7\n|\n|t:|1776637099\n|switch|p2a: Basculegion|Basculegion, L50, M|100/100\n|move|p1b: Garchomp|Protect|p1b: Garchomp\n|-singleturn|p1b: Garchomp|Protect\n|cant|p1a: Kingambit|slp\n|move|p2b: Milotic|Blizzard|p1a: Kingambit|[spread] p1a\n|-activate|p1b: Garchomp|move: Protect\n|-resisted|p1a: Kingambit|1\n|-damage|p1a: Kingambit|75/100 slp\n|\n|upkeep\n|turn|8\n|\n|t:|1776637115\n|switch|p2a: Sableye|Sableye, L50, M|50/100\n|switch|p1b: Basculegion|Basculegion, L50, M|100/100\n|-curestatus|p1a: Kingambit|slp|[msg]\n|move|p1a: Kingambit|Kowtow Cleave|p2a: Sableye\n|-damage|p2a: Sableye|4/100\n|move|p2b: Milotic|Blizzard|p1a: Kingambit|[spread] p1a,p1b\n|-resisted|p1a: Kingambit|1\n|-resisted|p1b: Basculegion|1\n|-damage|p1a: Kingambit|64/100\n|-damage|p1b: Basculegion|90/100\n|-status|p1a: Kingambit|frz\n|\n|upkeep\n|turn|9\n|\n|t:|1776637134\n|switch|p1b: Garchomp|Garchomp, L50, F|12/100\n|move|p2a: Sableye|Protect|p2a: Sableye\n|-singleturn|p2a: Sableye|Protect\n|cant|p1a: Kingambit|frz\n|move|p2b: Milotic|Hypnosis|p1b: Garchomp\n|-status|p1b: Garchomp|slp|[from] move: Hypnosis\n|\n|upkeep\n|turn|10\n|\n|t:|1776637149\n|switch|p2a: Basculegion|Basculegion, L50, M|100/100\n|cant|p1b: Garchomp|slp\n|cant|p1a: Kingambit|frz\n|move|p2b: Milotic|Blizzard|p1a: Kingambit|[spread] p1a,p1b\n|-resisted|p1a: Kingambit|1\n|-supereffective|p1b: Garchomp|2\n|-damage|p1a: Kingambit|53/100 frz\n|-damage|p1b: Garchomp|0 fnt\n|faint|p1b: Garchomp\n|\n|upkeep\n|\n|t:|1776637155\n|switch|p1b: Basculegion|Basculegion, L50, M|90/100\n|turn|11\n|\n|t:|1776637165\n|move|p2a: Basculegion|Last Respects|p1b: Basculegion\n|-supereffective|p1b: Basculegion|1\n|-damage|p1b: Basculegion|0 fnt\n|faint|p1b: Basculegion\n|-curestatus|p1a: Kingambit|frz|[msg]\n|move|p1a: Kingambit|Kowtow Cleave|p2a: Basculegion\n|-supereffective|p2a: Basculegion|1\n|-damage|p2a: Basculegion|0 fnt\n|faint|p2a: Basculegion\n|move|p2b: Milotic|Hydro Pump|p1a: Kingambit\n|-damage|p1a: Kingambit|7/100\n|\n|upkeep\n|\n|t:|1776637176\n|switch|p2a: Sableye|Sableye, L50, M|4/100\n|turn|12\n|\n|t:|1776637183\n|move|p2a: Sableye|Fake Out|p1a: Kingambit\n|-resisted|p1a: Kingambit|1\n|-damage|p1a: Kingambit|3/100\n|cant|p1a: Kingambit|flinch\n|move|p2b: Milotic|Hydro Pump|p1a: Kingambit\n|-damage|p1a: Kingambit|0 fnt\n|faint|p1a: Kingambit\n|\n|win|cremess\n|raw|Pokeventurer's rating: 1531 &rarr; <strong>1508</strong><br />(-23 for losing)\n|raw|cremess's rating: 1471 &rarr; <strong>1494</strong><br />(+23 for winning)\n|c|\u2606cremess|gg\n",
  "uploadtime": 1776637186,
  "views": 13,
  "formatid": "gen9championsvgc2026regma",
  "rating": 1494,
  "private": 0,
  "password": null
}