{
  "id": "gen9championsvgc2026regma-2584992155",
  "format": "[Gen 9 Champions] VGC 2026 Reg M-A",
  "players": [
    "YoukiPM",
    "bigruckus#1"
  ],
  "log": "|j|\u2606YoukiPM\n|j|\u2606bigruckus#1\n|t:|1776301339\n|gametype|doubles\n|player|p1|YoukiPM|red-gen1title|1133\n|player|p2|bigruckus#1|266|1076\n|gen|9\n|tier|[Gen 9 Champions] VGC 2026 Reg M-A\n|rated|\n|rule|Species Clause: Limit one of each Pok\u00e9mon\n|rule|Item Clause: Limit 1 of each item\n|clearpoke\n|poke|p1|Tyranitar, L50, M|\n|poke|p1|Excadrill, L50, M|\n|poke|p1|Garchomp, L50, M|\n|poke|p1|Incineroar, L50, F|\n|poke|p1|Sneasler, L50, M|\n|poke|p1|Aerodactyl, L50, F|\n|poke|p2|Aggron, L50, F|\n|poke|p2|Incineroar, L50, F|\n|poke|p2|Pelipper, L50, F|\n|poke|p2|Basculegion, L50, M|\n|poke|p2|Sinistcha, L50|\n|poke|p2|Aerodactyl, L50, M|\n|teampreview|4\n|inactive|Battle timer is ON: inactive players will automatically lose when time's up. (requested by YoukiPM)\n|inactive|YoukiPM has 60 seconds left.\n|inactive|bigruckus#1 has 60 seconds left.\n|\n|t:|1776301395\n|teamsize|p1|4\n|teamsize|p2|4\n|start\n|switch|p1a: Tyranitar|Tyranitar, L50, M|100/100\n|switch|p1b: Incineroar|Incineroar, L50, F|100/100\n|switch|p2a: Pelipper|Pelipper, L50, F|100/100\n|switch|p2b: Aggron|Aggron, L50, F, shiny|100/100\n|-weather|RainDance|[from] ability: Drizzle|[of] p2a: Pelipper\n|-weather|Sandstorm|[from] ability: Sand Stream|[of] p1a: Tyranitar\n|-ability|p1b: Incineroar|Intimidate|boost\n|-unboost|p2a: Pelipper|atk|1\n|-unboost|p2b: Aggron|atk|1\n|turn|1\n|inactive|YoukiPM has 30 seconds left.\n|inactive|bigruckus#1 has 30 seconds left.\n|inactive|bigruckus#1 has 20 seconds left.\n|\n|t:|1776301430\n|detailschange|p2b: Aggron|Aggron-Mega, L50, F, shiny\n|-mega|p2b: Aggron|Aggron|Aggronite\n|move|p1b: Incineroar|Fake Out|p2a: Pelipper\n|-damage|p2a: Pelipper|87/100\n|cant|p2a: Pelipper|flinch\n|move|p1a: Tyranitar|Low Kick|p2b: Aggron\n|-supereffective|p2b: Aggron|1\n|-damage|p2b: Aggron|73/100\n|move|p2b: Aggron|Iron Defense|p2b: Aggron\n|-boost|p2b: Aggron|def|2\n|\n|-weather|Sandstorm|[upkeep]\n|-damage|p2a: Pelipper|81/100|[from] Sandstorm\n|-damage|p1b: Incineroar|94/100|[from] Sandstorm\n|upkeep\n|turn|2\n|inactive|bigruckus#1 has 30 seconds left.\n|\n|t:|1776301462\n|move|p2a: Pelipper|Icy Wind|p1b: Incineroar|[spread] p1a,p1b\n|-resisted|p1b: Incineroar|1\n|-damage|p1a: Tyranitar|94/100\n|-damage|p1b: Incineroar|89/100\n|-unboost|p1a: Tyranitar|spe|1\n|-unboost|p1b: Incineroar|spe|1\n|move|p2b: Aggron|Body Press|p1a: Tyranitar\n|-supereffective|p1a: Tyranitar|2\n|-damage|p1a: Tyranitar|0 fnt\n|faint|p1a: Tyranitar\n|move|p1b: Incineroar|Flare Blitz|p2b: Aggron\n|-supereffective|p2b: Aggron|1\n|-damage|p2b: Aggron|58/100\n|-damage|p1b: Incineroar|85/100|[from] Recoil\n|\n|-weather|Sandstorm|[upkeep]\n|-damage|p2a: Pelipper|75/100|[from] Sandstorm\n|-damage|p1b: Incineroar|79/100|[from] Sandstorm\n|upkeep\n|\n|t:|1776301473\n|switch|p1a: Excadrill|Excadrill, L50, M|100/100\n|turn|3\n|\n|t:|1776301492\n|move|p1a: Excadrill|Rock Slide|p2a: Pelipper|[spread] p2a,p2b\n|-supereffective|p2a: Pelipper|1\n|-resisted|p2b: Aggron|1\n|-damage|p2a: Pelipper|19/100\n|-damage|p2b: Aggron|56/100\n|move|p2a: Pelipper|Icy Wind|p1b: Incineroar|[spread] p1a,p1b\n|-resisted|p1b: Incineroar|1\n|-damage|p1a: Excadrill|83/100\n|-damage|p1b: Incineroar|74/100\n|-unboost|p1a: Excadrill|spe|1\n|-unboost|p1b: Incineroar|spe|1\n|move|p2b: Aggron|Body Press|p1a: Excadrill\n|-supereffective|p1a: Excadrill|1\n|-damage|p1a: Excadrill|0 fnt\n|faint|p1a: Excadrill\n|move|p1b: Incineroar|Snarl|p2a: Pelipper|[spread] p2a,p2b\n|-damage|p2a: Pelipper|1/100\n|-damage|p2b: Aggron|44/100\n|-unboost|p2a: Pelipper|spa|1\n|-unboost|p2b: Aggron|spa|1\n|\n|-weather|Sandstorm|[upkeep]\n|-damage|p2a: Pelipper|0 fnt|[from] Sandstorm\n|-damage|p1b: Incineroar|68/100|[from] Sandstorm\n|faint|p2a: Pelipper\n|upkeep\n|\n|t:|1776301512\n|switch|p1a: Aerodactyl|Aerodactyl, L50, F|100/100\n|switch|p2a: Sinistcha|Sinistcha, L50, shiny|100/100\n|-ability|p1a: Aerodactyl|Unnerve\n|-heal|p2b: Aggron|69/100|[from] ability: Hospitality|[of] p2a: Sinistcha\n|turn|4\n|inactive|bigruckus#1 has 30 seconds left.\n|inactive|bigruckus#1 has 20 seconds left.\n|inactive|bigruckus#1 has 15 seconds left.\n|inactive|bigruckus#1 has 10 seconds left.\n|inactive|bigruckus#1 has 5 seconds left.\n|\n|t:|1776301563\n|switch|p2a: Basculegion|Basculegion, L50, M|100/100\n|move|p1a: Aerodactyl|Taunt|p2a: Basculegion\n|-start|p2a: Basculegion|move: Taunt\n|move|p2b: Aggron|Body Press|p1a: Aerodactyl\n|-enditem|p1a: Aerodactyl|Focus Sash\n|-damage|p1a: Aerodactyl|1/100\n|move|p1b: Incineroar|Flare Blitz|p2b: Aggron\n|-supereffective|p2b: Aggron|1\n|-damage|p2b: Aggron|55/100\n|-damage|p1b: Incineroar|64/100|[from] Recoil\n|\n|-weather|Sandstorm|[upkeep]\n|-damage|p2a: Basculegion|94/100|[from] Sandstorm\n|-damage|p1b: Incineroar|58/100|[from] Sandstorm\n|upkeep\n|turn|5\n|-message|YoukiPM forfeited.\n|\n|win|bigruckus#1\n|raw|YoukiPM's rating: 1133 &rarr; <strong>1104</strong><br />(-29 for losing)\n|raw|bigruckus#1's rating: 1076 &rarr; <strong>1109</strong><br />(+33 for winning)\n|l|\u2606YoukiPM\n|player|p1|\n|c|\u2606bigruckus#1|gg\n",
  "uploadtime": 1776301596,
  "views": 29,
  "formatid": "gen9championsvgc2026regma",
  "rating": 1104,
  "private": 0,
  "password": null
}