{
  "id": "gen9championsvgc2026regma-2586687588",
  "format": "[Gen 9 Champions] VGC 2026 Reg M-A",
  "players": [
    "hellohumanso",
    "mrguy888"
  ],
  "log": "|j|\u2606hellohumanso\n|j|\u2606mrguy888\n|t:|1776452240\n|gametype|doubles\n|player|p1|hellohumanso|miku-fire|1335\n|player|p2|mrguy888|noland-gen3|1314\n|gen|9\n|tier|[Gen 9 Champions] VGC 2026 Reg M-A\n|rated|\n|rule|Species Clause: Limit one of each Pok\u00e9mon\n|rule|Item Clause: Limit 1 of each item\n|clearpoke\n|poke|p1|Chandelure, L50, M|\n|poke|p1|Sinistcha-Masterpiece, L50|\n|poke|p1|Kingambit, L50, M|\n|poke|p1|Primarina, L50, F|\n|poke|p1|Sneasler, L50, M|\n|poke|p1|Tyranitar, L50, F|\n|poke|p2|Floette-Eternal, L50, F|\n|poke|p2|Aerodactyl, L50, M|\n|poke|p2|Tauros-Paldea-Aqua, L50, M|\n|poke|p2|Kangaskhan, L50, F|\n|poke|p2|Rotom-Heat, L50|\n|poke|p2|Aegislash, L50, F|\n|teampreview|4\n|inactive|Battle timer is ON: inactive players will automatically lose when time's up. (requested by mrguy888)\n|inactive|hellohumanso also wants the timer to be on.\n|inactive|hellohumanso has 60 seconds left.\n|\n|t:|1776452272\n|teamsize|p1|4\n|teamsize|p2|4\n|start\n|switch|p1a: Chandelure|Chandelure, L50, M|100/100\n|switch|p1b: Sinistcha|Sinistcha-Masterpiece, L50|100/100\n|switch|p2a: Aerodactyl|Aerodactyl, L50, M|100/100\n|switch|p2b: Floette|Floette-Eternal, L50, F|100/100\n|-ability|p2a: Aerodactyl|Unnerve\n|turn|1\n|\n|t:|1776452290\n|detailschange|p2b: Floette|Floette-Mega, L50, F\n|-mega|p2b: Floette|Floette|Floettite\n|-ability|p2b: Floette|Fairy Aura\n|detailschange|p1a: Chandelure|Chandelure-Mega, L50, M\n|-mega|p1a: Chandelure|Chandelure|Chandelurite\n|move|p2a: Aerodactyl|Rock Slide|p1b: Sinistcha|[spread] p1a,p1b\n|-supereffective|p1a: Chandelure|1\n|-damage|p1a: Chandelure|45/100\n|-damage|p1b: Sinistcha|76/100\n|move|p2b: Floette|Calm Mind|p2b: Floette\n|-boost|p2b: Floette|spa|1\n|-boost|p2b: Floette|spd|1\n|move|p1a: Chandelure|Heat Wave|p2b: Floette|[spread] p2a,p2b\n|-resisted|p2a: Aerodactyl|1\n|-damage|p2a: Aerodactyl|64/100\n|-damage|p2b: Floette|75/100\n|move|p1b: Sinistcha|Trick Room|p1b: Sinistcha\n|-fieldstart|move: Trick Room|[of] p1b: Sinistcha\n|\n|upkeep\n|turn|2\n|inactive|mrguy888 has 30 seconds left.\n|\n|t:|1776452324\n|move|p1b: Sinistcha|Shadow Ball|p2b: Floette\n|-damage|p2b: Floette|57/100\n|move|p1a: Chandelure|Shadow Ball|p2b: Floette\n|-damage|p2b: Floette|29/100\n|move|p2b: Floette|Dazzling Gleam|p1b: Sinistcha|[spread] p1a,p1b\n|-resisted|p1a: Chandelure|1\n|-damage|p1a: Chandelure|6/100\n|-damage|p1b: Sinistcha|4/100\n|move|p2a: Aerodactyl|Rock Slide|p1a: Chandelure|[spread] p1a,p1b\n|-supereffective|p1a: Chandelure|1\n|-damage|p1a: Chandelure|0 fnt\n|-damage|p1b: Sinistcha|0 fnt\n|faint|p1a: Chandelure\n|faint|p1b: Sinistcha\n|\n|upkeep\n|\n|t:|1776452338\n|switch|p1b: Tyranitar|Tyranitar, L50, F|100/100\n|switch|p1a: Sneasler|Sneasler, L50, M|100/100\n|-weather|Sandstorm|[from] ability: Sand Stream|[of] p1b: Tyranitar\n|turn|3\n|\n|t:|1776452353\n|move|p2b: Floette|Protect|p2b: Floette\n|-singleturn|p2b: Floette|Protect\n|move|p2a: Aerodactyl|Protect|p2a: Aerodactyl\n|-singleturn|p2a: Aerodactyl|Protect\n|move|p1a: Sneasler|Fake Out|p2b: Floette\n|-activate|p2b: Floette|move: Protect\n|move|p1b: Tyranitar|Rock Slide|p2b: Floette|[spread] \n|-activate|p2a: Aerodactyl|move: Protect\n|-activate|p2b: Floette|move: Protect\n|\n|-weather|Sandstorm|[upkeep]\n|-damage|p2b: Floette|23/100|[from] Sandstorm\n|-damage|p1a: Sneasler|95/100|[from] Sandstorm\n|upkeep\n|turn|4\n|\n|t:|1776452369\n|switch|p2b: Aegislash|Aegislash, L50, F|100/100\n|switch|p2a: Tauros|Tauros-Paldea-Aqua, L50, M|100/100\n|-ability|p2a: Tauros|Intimidate|boost\n|-unboost|p1a: Sneasler|atk|1\n|-unboost|p1b: Tyranitar|atk|1\n|move|p1b: Tyranitar|Rock Slide|p2a: Tauros|[spread] p2a,p2b\n|-resisted|p2a: Tauros|1\n|-resisted|p2b: Aegislash|1\n|-damage|p2a: Tauros|90/100\n|-damage|p2b: Aegislash|93/100\n|move|p1a: Sneasler|Dire Claw|p2b: Aegislash\n|-immune|p2b: Aegislash\n|\n|-weather|Sandstorm|[upkeep]\n|-damage|p2a: Tauros|84/100|[from] Sandstorm\n|-damage|p1a: Sneasler|89/100|[from] Sandstorm\n|upkeep\n|turn|5\n|-message|hellohumanso forfeited.\n|\n|win|mrguy888\n|raw|hellohumanso's rating: 1335 &rarr; <strong>1314</strong><br />(-21 for losing)\n|raw|mrguy888's rating: 1314 &rarr; <strong>1335</strong><br />(+21 for winning)\n|l|\u2606hellohumanso\n|player|p1|\n",
  "uploadtime": 1776452382,
  "views": 52,
  "formatid": "gen9championsvgc2026regma",
  "rating": 1314,
  "private": 0,
  "password": null
}