{
  "id": "gen9championsvgc2026regma-2580968205",
  "format": "[Gen 9 Champions] VGC 2026 Reg M-A",
  "players": [
    "sakikoplushie",
    "BurningEffect"
  ],
  "log": "|j|\u2606sakikoplushie\n|j|\u2606BurningEffect\n|t:|1775947571\n|gametype|doubles\n|player|p1|sakikoplushie|miku-ghost|\n|player|p2|BurningEffect|marlon|\n|gen|9\n|tier|[Gen 9 Champions] VGC 2026 Reg M-A\n|rule|Species Clause: Limit one of each Pok\u00e9mon\n|rule|Item Clause: Limit 1 of each item\n|clearpoke\n|poke|p1|Gengar, L50, M|\n|poke|p1|Incineroar, L50, F|\n|poke|p1|Archaludon, L50, F|\n|poke|p1|Pelipper, L50, F|\n|poke|p1|Sinistcha-Masterpiece, L50|\n|poke|p1|Basculegion, L50, M|\n|poke|p2|Garchomp, L50, F|\n|poke|p2|Froslass, L50, F|\n|poke|p2|Sneasler, L50, F|\n|poke|p2|Maushold-Four, L50|\n|poke|p2|Aerodactyl, L50, F|\n|poke|p2|Incineroar, L50, F|\n|teampreview|4\n|\n|t:|1775947605\n|teamsize|p1|4\n|teamsize|p2|4\n|start\n|switch|p1a: Luka|Incineroar, L50, F|100/100\n|switch|p1b: Ogurin|Archaludon, L50, F|100/100\n|switch|p2a: Aerodactyl|Aerodactyl, L50, F|100/100\n|switch|p2b: Sneasler|Sneasler, L50, F|100/100\n|-ability|p2a: Aerodactyl|Unnerve\n|-ability|p1a: Luka|Intimidate|boost\n|-unboost|p2a: Aerodactyl|atk|1\n|-unboost|p2b: Sneasler|atk|1\n|turn|1\n|\n|t:|1775947644\n|move|p2b: Sneasler|Protect|p2b: Sneasler\n|-singleturn|p2b: Sneasler|Protect\n|move|p1a: Luka|Fake Out|p2b: Sneasler\n|-activate|p2b: Sneasler|move: Protect\n|move|p2a: Aerodactyl|Tailwind|p2a: Aerodactyl\n|-sidestart|p2: BurningEffect|move: Tailwind\n|move|p1b: Ogurin|Flash Cannon|p2a: Aerodactyl\n|-supereffective|p2a: Aerodactyl|1\n|-damage|p2a: Aerodactyl|0 fnt\n|faint|p2a: Aerodactyl\n|\n|upkeep\n|\n|t:|1775947655\n|switch|p2a: Garchomp|Garchomp, L50, F|100/100\n|turn|2\n|\n|t:|1775947665\n|move|p1b: Ogurin|Protect|p1b: Ogurin\n|-singleturn|p1b: Ogurin|Protect\n|move|p2b: Sneasler|Dire Claw|p1a: Luka\n|-damage|p1a: Luka|77/100\n|-status|p1a: Luka|psn\n|move|p2a: Garchomp|Stomping Tantrum|p1b: Ogurin\n|-activate|p1b: Ogurin|move: Protect\n|move|p1a: Luka|Parting Shot|p2a: Garchomp\n|-unboost|p2a: Garchomp|atk|1\n|-unboost|p2a: Garchomp|spa|1\n|\n|t:|1775947677\n|switch|p1a: Juvia|Pelipper, L50, F|100/100|[from] Parting Shot\n|-enditem|p2a: Garchomp|White Herb\n|-clearnegativeboost|p2a: Garchomp|[silent]\n|-weather|RainDance|[from] ability: Drizzle|[of] p1a: Juvia\n|\n|-weather|RainDance|[upkeep]\n|upkeep\n|turn|3\n|\n|t:|1775947697\n|switch|p1b: Luka|Incineroar, L50, F|77/100 psn\n|-ability|p1b: Luka|Intimidate|boost\n|-unboost|p2a: Garchomp|atk|1\n|-unboost|p2b: Sneasler|atk|1\n|move|p2b: Sneasler|Protect|p2b: Sneasler\n|-singleturn|p2b: Sneasler|Protect\n|move|p2a: Garchomp|Rock Slide|p1a: Juvia|[spread] p1a\n|-miss|p2a: Garchomp|p1b: Luka\n|-supereffective|p1a: Juvia|1\n|-damage|p1a: Juvia|74/100\n|move|p1a: Juvia|Muddy Water|p2a: Garchomp|[spread] p2a\n|-activate|p2b: Sneasler|move: Protect\n|-damage|p2a: Garchomp|59/100\n|\n|-weather|RainDance|[upkeep]\n|-damage|p1b: Luka|64/100 psn|[from] psn\n|upkeep\n|turn|4\n|\n|t:|1775947720\n|switch|p2b: Froslass|Froslass, L50, F|100/100\n|move|p2a: Garchomp|Rock Slide|p1b: Luka|[spread] p1a,p1b\n|-supereffective|p1a: Juvia|1\n|-supereffective|p1b: Luka|1\n|-damage|p1a: Juvia|48/100\n|-damage|p1b: Luka|45/100 psn\n|-enditem|p1b: Luka|Sitrus Berry|[eat]\n|-heal|p1b: Luka|70/100 psn|[from] item: Sitrus Berry\n|cant|p1a: Juvia|flinch\n|move|p1b: Luka|Parting Shot|p2a: Garchomp\n|-unboost|p2a: Garchomp|atk|1\n|-unboost|p2a: Garchomp|spa|1\n|\n|t:|1775947733\n|switch|p1b: RiceShower|Basculegion, L50, M|100/100|[from] Parting Shot\n|\n|-weather|RainDance|[upkeep]\n|-sideend|p2: BurningEffect|move: Tailwind\n|upkeep\n|turn|5\n|\n|t:|1775947747\n|switch|p2a: Sneasler|Sneasler, L50, F|100/100\n|switch|p1a: Luka|Incineroar, L50, F|70/100 psn\n|-ability|p1a: Luka|Intimidate|boost\n|-unboost|p2a: Sneasler|atk|1\n|-unboost|p2b: Froslass|atk|1\n|detailschange|p2b: Froslass|Froslass-Mega, L50, F\n|-mega|p2b: Froslass|Froslass|Froslassite\n|-weather|Snowscape|[from] ability: Snow Warning|[of] p2b: Froslass\n|move|p1b: RiceShower|Protect|p1b: RiceShower\n|-singleturn|p1b: RiceShower|Protect\n|move|p2b: Froslass|Aurora Veil|p2b: Froslass\n|-sidestart|p2: BurningEffect|move: Aurora Veil\n|\n|-weather|Snowscape|[upkeep]\n|-damage|p1a: Luka|58/100 psn|[from] psn\n|upkeep\n|turn|6\n|\n|t:|1775947777\n|switch|p1a: Juvia|Pelipper, L50, F|48/100\n|-weather|RainDance|[from] ability: Drizzle|[of] p1a: Juvia\n|move|p2a: Sneasler|Fake Out|p1a: Juvia\n|-damage|p1a: Juvia|36/100\n|move|p1b: RiceShower|Wave Crash|p2b: Froslass\n|-damage|p2b: Froslass|0 fnt\n|faint|p2b: Froslass\n|-damage|p1b: RiceShower|78/100|[from] Recoil\n|\n|-weather|RainDance|[upkeep]\n|upkeep\n|\n|t:|1775947788\n|switch|p2b: Garchomp|Garchomp, L50, F|59/100\n|turn|7\n|\n|t:|1775947801\n|move|p2b: Garchomp|Protect|p2b: Garchomp\n|-singleturn|p2b: Garchomp|Protect\n|move|p1a: Juvia|Protect|p1a: Juvia\n|-singleturn|p1a: Juvia|Protect\n|move|p1b: RiceShower|Wave Crash|p2a: Sneasler\n|-enditem|p2a: Sneasler|Focus Sash\n|-damage|p2a: Sneasler|1/100\n|-damage|p1b: RiceShower|55/100|[from] Recoil\n|move|p2a: Sneasler|Dire Claw|p1b: RiceShower\n|-resisted|p1b: RiceShower|1\n|-damage|p1b: RiceShower|38/100\n|-status|p1b: RiceShower|psn\n|\n|-weather|RainDance|[upkeep]\n|-damage|p1b: RiceShower|26/100 psn|[from] psn\n|upkeep\n|turn|8\n|\n|t:|1775947822\n|switch|p1a: Luka|Incineroar, L50, F|58/100 psn\n|-ability|p1a: Luka|Intimidate|boost\n|-unboost|p2a: Sneasler|atk|1\n|-unboost|p2b: Garchomp|atk|1\n|move|p2a: Sneasler|Protect|p2a: Sneasler\n|-singleturn|p2a: Sneasler|Protect\n|move|p2b: Garchomp|Protect||[still]\n|-fail|p2b: Garchomp\n|move|p1b: RiceShower|Wave Crash|p2b: Garchomp\n|-damage|p2b: Garchomp|0 fnt\n|-damage|p1b: RiceShower|14/100 psn|[from] ability: Rough Skin|[of] p2b: Garchomp\n|faint|p2b: Garchomp\n|-damage|p1b: RiceShower|0 fnt|[from] Recoil\n|faint|p1b: RiceShower\n|\n|-weather|RainDance|[upkeep]\n|-damage|p1a: Luka|46/100 psn|[from] psn\n|upkeep\n|\n|t:|1775947839\n|switch|p1b: Juvia|Pelipper, L50, F|36/100\n|turn|9\n|\n|t:|1775947843\n|move|p1a: Luka|Fake Out|p2a: Sneasler\n|-damage|p2a: Sneasler|0 fnt\n|faint|p2a: Sneasler\n|\n|win|sakikoplushie\n",
  "uploadtime": 1775947576,
  "views": 16,
  "formatid": "gen9championsvgc2026regma",
  "rating": null,
  "private": 0,
  "password": null
}