{
  "id": "gen9championsvgc2026regma-2581884540",
  "format": "[Gen 9 Champions] VGC 2026 Reg M-A",
  "players": [
    "dj589",
    "injuryreserv3"
  ],
  "log": "|j|\u2606dj589\n|j|\u2606injuryreserv3\n|t:|1776036604\n|gametype|doubles\n|player|p1|dj589|266|1272\n|player|p2|injuryreserv3|sabrina|1342\n|gen|9\n|tier|[Gen 9 Champions] VGC 2026 Reg M-A\n|rated|\n|rule|Species Clause: Limit one of each Pok\u00e9mon\n|rule|Item Clause: Limit 1 of each item\n|clearpoke\n|poke|p1|Garchomp, L50, M|\n|poke|p1|Dragonite, L50, M|\n|poke|p1|Gardevoir, L50, M|\n|poke|p1|Rotom-Frost, L50|\n|poke|p1|Froslass, L50, F|\n|poke|p1|Aerodactyl, L50, F|\n|poke|p2|Whimsicott, L50, F|\n|poke|p2|Charizard, L50, M|\n|poke|p2|Sneasler, L50, F|\n|poke|p2|Basculegion, L50, M|\n|poke|p2|Floette-Eternal, L50, F|\n|poke|p2|Incineroar, L50, M|\n|teampreview|4\n|inactive|Battle timer is ON: inactive players will automatically lose when time's up. (requested by dj589)\n|\n|t:|1776036650\n|teamsize|p1|4\n|teamsize|p2|4\n|start\n|switch|p1a: Aerodactyl|Aerodactyl, L50, F|100/100\n|switch|p1b: Garchomp|Garchomp, L50, M|100/100\n|switch|p2a: Floette|Floette-Eternal, L50, F|100/100\n|switch|p2b: Incineroar|Incineroar, L50, M|100/100\n|-ability|p2b: Incineroar|Intimidate|boost\n|-unboost|p1a: Aerodactyl|atk|1\n|-unboost|p1b: Garchomp|atk|1\n|turn|1\n|\n|t:|1776036671\n|detailschange|p2a: Floette|Floette-Mega, L50, F\n|-mega|p2a: Floette|Floette|Floettite\n|-ability|p2a: Floette|Fairy Aura\n|move|p1b: Garchomp|Protect|p1b: Garchomp\n|-singleturn|p1b: Garchomp|Protect\n|move|p2b: Incineroar|Fake Out|p1a: Aerodactyl\n|-resisted|p1a: Aerodactyl|1\n|-damage|p1a: Aerodactyl|93/100\n|cant|p1a: Aerodactyl|flinch\n|move|p2a: Floette|Dazzling Gleam|p1b: Garchomp|[spread] p1a\n|-activate|p1b: Garchomp|move: Protect\n|-damage|p1a: Aerodactyl|20/100\n|\n|upkeep\n|turn|2\n|inactive|dj589 has 30 seconds left.\n|inactive|dj589 has 20 seconds left.\n|\n|t:|1776036707\n|switch|p1b: Gardevoir|Gardevoir, L50, M|100/100\n|move|p2b: Incineroar|Protect|p2b: Incineroar\n|-singleturn|p2b: Incineroar|Protect\n|move|p1a: Aerodactyl|Earthquake|p2b: Incineroar|[spread] p2a\n|-activate|p2b: Incineroar|move: Protect\n|-activate|p1b: Gardevoir|ability: Telepathy\n|-damage|p2a: Floette|79/100\n|move|p2a: Floette|Dazzling Gleam|p1a: Aerodactyl|[spread] p1a,p1b\n|-crit|p1b: Gardevoir\n|-damage|p1a: Aerodactyl|0 fnt\n|-damage|p1b: Gardevoir|38/100\n|faint|p1a: Aerodactyl\n|\n|upkeep\n|\n|t:|1776036721\n|switch|p1a: Dragonite|Dragonite, L50, M|100/100\n|turn|3\n|\n|t:|1776036729\n|move|p1b: Gardevoir|Protect|p1b: Gardevoir\n|-singleturn|p1b: Gardevoir|Protect\n|move|p2a: Floette|Dazzling Gleam|p1b: Gardevoir|[spread] p1a\n|-activate|p1b: Gardevoir|move: Protect\n|-supereffective|p1a: Dragonite|1\n|-damage|p1a: Dragonite|72/100\n|move|p1a: Dragonite|Tailwind|p1a: Dragonite\n|-sidestart|p1: dj589|move: Tailwind\n|move|p2b: Incineroar|Parting Shot|p1a: Dragonite\n|-unboost|p1a: Dragonite|atk|1\n|-unboost|p1a: Dragonite|spa|1\n|\n|t:|1776036744\n|switch|p2b: Basculegion|Basculegion, L50, M|100/100|[from] Parting Shot\n|\n|-heal|p1a: Dragonite|78/100|[from] item: Leftovers\n|upkeep\n|turn|4\n|\n|t:|1776036758\n|move|p1a: Dragonite|Helping Hand|p1b: Gardevoir\n|-singleturn|p1b: Gardevoir|Helping Hand|[of] p1a: Dragonite\n|move|p1b: Gardevoir|Dazzling Gleam|p2a: Floette|[spread] p2a,p2b\n|-damage|p2a: Floette|17/100\n|-damage|p2b: Basculegion|15/100\n|move|p2b: Basculegion|Flip Turn|p1b: Gardevoir\n|-damage|p1b: Gardevoir|0 fnt\n|faint|p1b: Gardevoir\n|\n|t:|1776036771\n|switch|p2b: Sneasler|Sneasler, L50, F|100/100|[from] Flip Turn\n|move|p2a: Floette|Dazzling Gleam|p1a: Dragonite\n|-supereffective|p1a: Dragonite|1\n|-damage|p1a: Dragonite|0 fnt\n|faint|p1a: Dragonite\n|\n|upkeep\n|\n|t:|1776036779\n|switch|p1a: Garchomp|Garchomp, L50, M|100/100\n|turn|5\n|\n|t:|1776036794\n|switch|p2a: Incineroar|Incineroar, L50, M|100/100\n|-ability|p2a: Incineroar|Intimidate|boost\n|-unboost|p1a: Garchomp|atk|1\n|detailschange|p1a: Garchomp|Garchomp-Mega, L50, M\n|-mega|p1a: Garchomp|Garchomp|Garchompite\n|move|p2b: Sneasler|Fake Out|p1a: Garchomp\n|-damage|p1a: Garchomp|85/100\n|cant|p1a: Garchomp|flinch\n|\n|upkeep\n|turn|6\n|\n|t:|1776036810\n|move|p1a: Garchomp|Protect|p1a: Garchomp\n|-singleturn|p1a: Garchomp|Protect\n|move|p2a: Incineroar|Fake Out|p1a: Garchomp\n|-activate|p1a: Garchomp|move: Protect\n|move|p2b: Sneasler|Close Combat|p1a: Garchomp\n|-activate|p1a: Garchomp|move: Protect\n|\n|-sideend|p1: dj589|move: Tailwind\n|upkeep\n|turn|7\n|\n|t:|1776036820\n|move|p2b: Sneasler|Close Combat|p1a: Garchomp\n|-damage|p1a: Garchomp|26/100\n|-unboost|p2b: Sneasler|def|1\n|-unboost|p2b: Sneasler|spd|1\n|-enditem|p2b: Sneasler|White Herb\n|-clearnegativeboost|p2b: Sneasler|[silent]\n|move|p1a: Garchomp|Earthquake|p2a: Incineroar|[spread] p2a,p2b\n|-supereffective|p2a: Incineroar|1\n|-supereffective|p2b: Sneasler|1\n|-damage|p2a: Incineroar|40/100\n|-damage|p2b: Sneasler|0 fnt\n|faint|p2b: Sneasler\n|move|p2a: Incineroar|Flare Blitz|p1a: Garchomp\n|-resisted|p1a: Garchomp|1\n|-damage|p1a: Garchomp|7/100\n|-damage|p2a: Incineroar|34/100|[from] Recoil\n|\n|-heal|p2a: Incineroar|40/100|[from] item: Leftovers\n|upkeep\n|\n|t:|1776036830\n|switch|p2b: Basculegion|Basculegion, L50, M|15/100\n|turn|8\n|\n|t:|1776036843\n|move|p2b: Basculegion|Last Respects|p1a: Garchomp\n|-damage|p1a: Garchomp|0 fnt\n|faint|p1a: Garchomp\n|\n|win|injuryreserv3\n|raw|dj589's rating: 1272 &rarr; <strong>1252</strong><br />(-20 for losing)\n|raw|injuryreserv3's rating: 1342 &rarr; <strong>1358</strong><br />(+16 for winning)\n",
  "uploadtime": 1776036850,
  "views": 28,
  "formatid": "gen9championsvgc2026regma",
  "rating": 1252,
  "private": 0,
  "password": null
}