{
  "id": "gen9championsvgc2026regma-2588535079",
  "format": "[Gen 9 Champions] VGC 2026 Reg M-A",
  "players": [
    "colfox",
    "gunksucker"
  ],
  "log": "|j|\u203dcolfox\n|j|\u2606gunksucker\n|t:|1776642555\n|gametype|doubles\n|player|p1|colfox|101|1145\n|player|p2|gunksucker|psychic-gen4|1164\n|gen|9\n|tier|[Gen 9 Champions] VGC 2026 Reg M-A\n|rated|\n|rule|Species Clause: Limit one of each Pok\u00e9mon\n|rule|Item Clause: Limit 1 of each item\n|clearpoke\n|poke|p1|Lucario, L50, M|\n|poke|p1|Weavile, L50, M|\n|poke|p1|Pelipper, L50, M|\n|poke|p1|Heliolisk, L50, M|\n|poke|p1|Dragapult, L50, F|\n|poke|p1|Primarina, L50, M|\n|poke|p2|Pelipper, L50, F|\n|poke|p2|Basculegion, L50, M, shiny|\n|poke|p2|Sinistcha, L50|\n|poke|p2|Scizor, L50, F|\n|poke|p2|Incineroar, L50, M|\n|poke|p2|Kommo-o, L50, F|\n|teampreview|4\n|\n|t:|1776642632\n|teamsize|p1|4\n|teamsize|p2|4\n|start\n|switch|p1a: Weavile|Weavile, L50, M|100/100\n|switch|p1b: Lucario|Lucario, L50, M|100/100\n|switch|p2a: Pelipper|Pelipper, L50, F|100/100\n|switch|p2b: Basculegion|Basculegion, L50, M, shiny|100/100\n|-ability|p1a: Weavile|Pressure\n|-weather|RainDance|[from] ability: Drizzle|[of] p2a: Pelipper\n|turn|1\n|\n|t:|1776642657\n|move|p2a: Pelipper|Protect|p2a: Pelipper\n|-singleturn|p2a: Pelipper|Protect\n|move|p1a: Weavile|Fake Out|p2a: Pelipper\n|-activate|p2a: Pelipper|move: Protect\n|move|p1b: Lucario|Vacuum Wave|p2b: Basculegion\n|-immune|p2b: Basculegion\n|move|p2b: Basculegion|Wave Crash|p1b: Lucario\n|-damage|p1b: Lucario|0 fnt\n|faint|p1b: Lucario\n|-damage|p2b: Basculegion|76/100|[from] Recoil\n|\n|-weather|RainDance|[upkeep]\n|upkeep\n|\n|t:|1776642672\n|switch|p1b: Primarina|Primarina, L50, M|100/100\n|turn|2\n|\n|t:|1776642684\n|move|p2b: Basculegion|Wave Crash|p1a: Weavile\n|-enditem|p1a: Weavile|Focus Sash\n|-damage|p1a: Weavile|1/100\n|-damage|p2b: Basculegion|52/100|[from] Recoil\n|move|p1a: Weavile|Knock Off|p2b: Basculegion\n|-supereffective|p2b: Basculegion|1\n|-damage|p2b: Basculegion|0 fnt\n|-enditem|p2b: Basculegion|Choice Scarf|[from] move: Knock Off|[of] p1a: Weavile\n|faint|p2b: Basculegion\n|move|p2a: Pelipper|Tailwind|p2a: Pelipper\n|-sidestart|p2: gunksucker|move: Tailwind\n|move|p1b: Primarina|Moonblast|p2a: Pelipper\n|-damage|p2a: Pelipper|4/100\n|\n|-weather|RainDance|[upkeep]\n|upkeep\n|\n|t:|1776642703\n|switch|p2b: Scizor|Scizor, L50, F|100/100\n|turn|3\n|\n|t:|1776642719\n|detailschange|p2b: Scizor|Scizor-Mega, L50, F\n|-mega|p2b: Scizor|Scizor|Scizorite\n|move|p2a: Pelipper|Weather Ball|p1a: Weavile\n|-damage|p1a: Weavile|0 fnt\n|faint|p1a: Weavile\n|move|p2b: Scizor|Swords Dance|p2b: Scizor\n|-boost|p2b: Scizor|atk|2\n|move|p1b: Primarina|Hyper Voice|p2a: Pelipper|[spread] p2a,p2b\n|-resisted|p2a: Pelipper|1\n|-damage|p2a: Pelipper|0 fnt\n|-damage|p2b: Scizor|50/100\n|faint|p2a: Pelipper\n|\n|-weather|RainDance|[upkeep]\n|upkeep\n|\n|t:|1776642733\n|switch|p1a: Dragapult|Dragapult, L50, F|100/100\n|switch|p2a: Kommo-o|Kommo-o, L50, F|100/100\n|turn|4\n|\n|t:|1776642752\n|move|p1a: Dragapult|Protect|p1a: Dragapult\n|-singleturn|p1a: Dragapult|Protect\n|move|p2b: Scizor|Bullet Punch|p1b: Primarina\n|-damage|p1b: Primarina|5/100\n|move|p2a: Kommo-o|Clanging Scales|p1b: Primarina|[spread] \n|-activate|p1a: Dragapult|move: Protect\n|-immune|p1b: Primarina\n|move|p1b: Primarina|Icy Wind|p2a: Kommo-o|[spread] p2a,p2b\n|-supereffective|p2a: Kommo-o|1\n|-resisted|p2b: Scizor|1\n|-damage|p2a: Kommo-o|71/100\n|-damage|p2b: Scizor|42/100\n|-unboost|p2a: Kommo-o|spe|1\n|-unboost|p2b: Scizor|spe|1\n|\n|-weather|RainDance|[upkeep]\n|-heal|p2a: Kommo-o|76/100|[from] item: Leftovers\n|-heal|p1b: Primarina|11/100|[from] item: Leftovers\n|upkeep\n|turn|5\n|\n|t:|1776642787\n|move|p2a: Kommo-o|Protect|p2a: Kommo-o\n|-singleturn|p2a: Kommo-o|Protect\n|move|p1b: Primarina|Protect|p1b: Primarina\n|-singleturn|p1b: Primarina|Protect\n|move|p2b: Scizor|Bullet Punch|p1a: Dragapult\n|-damage|p1a: Dragapult|0 fnt\n|faint|p1a: Dragapult\n|\n|-weather|none\n|-heal|p2a: Kommo-o|82/100|[from] item: Leftovers\n|-heal|p1b: Primarina|17/100|[from] item: Leftovers\n|-sideend|p2: gunksucker|move: Tailwind\n|upkeep\n|turn|6\n|\n|t:|1776642804\n|move|p2b: Scizor|Bullet Punch|p1b: Primarina\n|-damage|p1b: Primarina|0 fnt\n|faint|p1b: Primarina\n|\n|win|gunksucker\n|raw|colfox's rating: 1145 &rarr; <strong>1121</strong><br />(-24 for losing)\n|raw|gunksucker's rating: 1164 &rarr; <strong>1188</strong><br />(+24 for winning)\n",
  "uploadtime": 1776642816,
  "views": 9,
  "formatid": "gen9championsvgc2026regma",
  "rating": 1121,
  "private": 0,
  "password": null
}