{
  "id": "gen9championsvgc2026regma-2582627018",
  "format": "[Gen 9 Champions] VGC 2026 Reg M-A",
  "players": [
    "fizixes",
    "Tsukiwiwi"
  ],
  "log": "|j|\u2606fizixes\n|j|\u2606Tsukiwiwi\n|t:|1776103520\n|gametype|doubles\n|player|p1|fizixes|266|1154\n|player|p2|Tsukiwiwi|hau|1212\n|gen|9\n|tier|[Gen 9 Champions] VGC 2026 Reg M-A\n|rated|\n|rule|Species Clause: Limit one of each Pok\u00e9mon\n|rule|Item Clause: Limit 1 of each item\n|clearpoke\n|poke|p1|Weavile, L50, M|\n|poke|p1|Lucario, L50, F|\n|poke|p1|Kleavor, L50, F|\n|poke|p1|Quaquaval, L50, F|\n|poke|p1|Meganium, L50, F|\n|poke|p1|Delphox, L50, F|\n|poke|p2|Crabominable, L50, M|\n|poke|p2|Farigiraf, L50, F|\n|poke|p2|Incineroar, L50, M|\n|poke|p2|Torkoal, L50, M|\n|poke|p2|Basculegion, L50, M|\n|poke|p2|Pelipper, L50, F|\n|teampreview|4\n|inactive|Battle timer is ON: inactive players will automatically lose when time's up. (requested by fizixes)\n|\n|t:|1776103531\n|teamsize|p1|4\n|teamsize|p2|4\n|start\n|switch|p1a: Kleavor|Kleavor, L50, F|100/100\n|switch|p1b: Weavile|Weavile, L50, M|100/100\n|switch|p2a: Thor|Crabominable, L50, M|100/100\n|switch|p2b: Kaku|Farigiraf, L50, F|100/100\n|-ability|p1b: Weavile|Pressure\n|turn|1\n|\n|t:|1776103547\n|move|p2a: Thor|Protect|p2a: Thor\n|-singleturn|p2a: Thor|Protect\n|move|p1b: Weavile|Fake Out||[still]\n|cant|p2b: Kaku|ability: Armor Tail|Fake Out|[of] p1b: Weavile\n|move|p1a: Kleavor|X-Scissor|p2b: Kaku\n|-supereffective|p2b: Kaku|1\n|-damage|p2b: Kaku|0 fnt\n|faint|p2b: Kaku\n|\n|upkeep\n|\n|t:|1776103560\n|switch|p2b: Oogway|Torkoal, L50, M|100/100\n|-weather|SunnyDay|[from] ability: Drought|[of] p2b: Oogway\n|turn|2\n|\n|t:|1776103580\n|switch|p1a: Quaquaval|Quaquaval, L50, F|100/100\n|detailschange|p2a: Thor|Crabominable-Mega, L50, M\n|-mega|p2a: Thor|Crabominable|Crabominite\n|move|p1b: Weavile|Knock Off|p2b: Oogway\n|-damage|p2b: Oogway|64/100\n|-enditem|p2b: Oogway|Charcoal|[from] move: Knock Off|[of] p1b: Weavile\n|move|p2a: Thor|Close Combat|p1a: Quaquaval\n|-damage|p1a: Quaquaval|12/100\n|-unboost|p2a: Thor|def|1\n|-unboost|p2a: Thor|spd|1\n|-enditem|p1a: Quaquaval|Sitrus Berry|[eat]\n|-heal|p1a: Quaquaval|36/100|[from] item: Sitrus Berry\n|move|p2b: Oogway|Heat Wave|p1b: Weavile|[spread] p1a,p1b\n|-resisted|p1a: Quaquaval|1\n|-crit|p1a: Quaquaval\n|-supereffective|p1b: Weavile|1\n|-damage|p1a: Quaquaval|0 fnt\n|-enditem|p1b: Weavile|Focus Sash\n|-damage|p1b: Weavile|1/100\n|faint|p1a: Quaquaval\n|\n|-weather|SunnyDay|[upkeep]\n|upkeep\n|\n|t:|1776103600\n|switch|p1a: Kleavor|Kleavor, L50, F|100/100\n|turn|3\n|\n|t:|1776103610\n|move|p2a: Thor|Mach Punch|p1b: Weavile\n|-supereffective|p1b: Weavile|2\n|-damage|p1b: Weavile|0 fnt\n|faint|p1b: Weavile\n|move|p1a: Kleavor|Stone Axe|p2b: Oogway\n|-supereffective|p2b: Oogway|1\n|-damage|p2b: Oogway|0 fnt\n|-sidestart|p2: Tsukiwiwi|move: Stealth Rock\n|faint|p2b: Oogway\n|\n|-weather|SunnyDay|[upkeep]\n|upkeep\n|\n|t:|1776103620\n|switch|p1b: Meganium|Meganium, L50, F|100/100\n|switch|p2b: Wolfey|Incineroar, L50, M|100/100\n|-damage|p2b: Wolfey|76/100|[from] Stealth Rock\n|-ability|p2b: Wolfey|Intimidate|boost\n|-unboost|p1a: Kleavor|atk|1\n|-unboost|p1b: Meganium|atk|1\n|turn|4\n|\n|t:|1776103636\n|detailschange|p1b: Meganium|Meganium-Mega, L50, F\n|-mega|p1b: Meganium|Meganium|Meganiumite\n|move|p2b: Wolfey|Fake Out|p1a: Kleavor\n|-resisted|p1a: Kleavor|1\n|-damage|p1a: Kleavor|94/100\n|cant|p1a: Kleavor|flinch\n|move|p1b: Meganium|Weather Ball|p2a: Thor\n|-supereffective|p2a: Thor|1\n|-damage|p2a: Thor|0 fnt\n|faint|p2a: Thor\n|\n|-weather|SunnyDay|[upkeep]\n|upkeep\n|turn|5\n|-message|Tsukiwiwi forfeited.\n|\n|win|fizixes\n|raw|fizixes's rating: 1154 &rarr; <strong>1183</strong><br />(+29 for winning)\n|raw|Tsukiwiwi's rating: 1212 &rarr; <strong>1183</strong><br />(-29 for losing)\n|l|\u2606Tsukiwiwi\n|player|p2|\n",
  "uploadtime": 1776103653,
  "views": 13,
  "formatid": "gen9championsvgc2026regma",
  "rating": 1183,
  "private": 0,
  "password": null
}