{
  "id": "gen9championsvgc2026regma-2586410713",
  "format": "[Gen 9 Champions] VGC 2026 Reg M-A",
  "players": [
    "MyokoO",
    "SHIMA2023"
  ],
  "log": "|j|\u2606MyokoO\n|j|\u2606SHIMA2023\n|t:|1776432743\n|gametype|doubles\n|player|p1|MyokoO|cynthia|1067\n|player|p2|SHIMA2023|1|1149\n|gen|9\n|tier|[Gen 9 Champions] VGC 2026 Reg M-A\n|rated|\n|rule|Species Clause: Limit one of each Pok\u00e9mon\n|rule|Item Clause: Limit 1 of each item\n|clearpoke\n|poke|p1|Incineroar, L50, F|\n|poke|p1|Froslass, L50, F|\n|poke|p1|Dragonite, L50, M|\n|poke|p1|Primarina, L50, M|\n|poke|p1|Whimsicott, L50, F|\n|poke|p1|Excadrill, L50, F|\n|poke|p2|Incineroar, L50, F|\n|poke|p2|Garchomp, L50, F|\n|poke|p2|Corviknight, L50, M|\n|poke|p2|Sinistcha, L50|\n|poke|p2|Slowbro, L50, F|\n|poke|p2|Venusaur, L50, F|\n|teampreview|4\n|\n|t:|1776432770\n|teamsize|p1|4\n|teamsize|p2|4\n|start\n|switch|p1a: Excadrill|Excadrill, L50, F, shiny|100/100\n|switch|p1b: Incineroar|Incineroar, L50, F, shiny|100/100\n|switch|p2a: Incineroar|Incineroar, L50, F|100/100\n|switch|p2b: Garchomp|Garchomp, L50, F|100/100\n|-ability|p1a: Excadrill|Mold Breaker\n|-ability|p1b: Incineroar|Intimidate|boost\n|-unboost|p2a: Incineroar|atk|1\n|-unboost|p2b: Garchomp|atk|1\n|-ability|p2a: Incineroar|Intimidate|boost\n|-unboost|p1a: Excadrill|atk|1\n|-unboost|p1b: Incineroar|atk|1\n|turn|1\n|\n|t:|1776432803\n|move|p1a: Excadrill|Protect|p1a: Excadrill\n|-singleturn|p1a: Excadrill|Protect\n|move|p2a: Incineroar|Fake Out|p1a: Excadrill\n|-activate|p1a: Excadrill|move: Protect\n|move|p1b: Incineroar|Fake Out|p2b: Garchomp\n|-damage|p2b: Garchomp|92/100\n|-damage|p1b: Incineroar|88/100|[from] ability: Rough Skin|[of] p2b: Garchomp\n|cant|p2b: Garchomp|flinch\n|\n|upkeep\n|turn|2\n|\n|t:|1776432829\n|switch|p2a: Corviknight|Corviknight, L50, M|100/100\n|-ability|p2a: Corviknight|Pressure\n|move|p2b: Garchomp|Stealth Rock|p1a: Excadrill\n|-sidestart|p1: MyokoO|move: Stealth Rock\n|move|p1a: Excadrill|High Horsepower|p2a: Corviknight\n|-immune|p2a: Corviknight\n|move|p1b: Incineroar|Parting Shot|p2b: Garchomp\n|-unboost|p2b: Garchomp|atk|1\n|-unboost|p2b: Garchomp|spa|1\n|\n|t:|1776432845\n|switch|p1b: Dragonite|Dragonite, L50, M|100/100|[from] Parting Shot\n|-damage|p1b: Dragonite|75/100|[from] Stealth Rock\n|\n|upkeep\n|turn|3\n|\n|t:|1776432892\n|switch|p2b: Venusaur|Venusaur, L50, F|100/100\n|move|p1a: Excadrill|Protect|p1a: Excadrill\n|-singleturn|p1a: Excadrill|Protect\n|move|p1b: Dragonite|Dragon Dance|p1b: Dragonite\n|-boost|p1b: Dragonite|atk|1\n|-boost|p1b: Dragonite|spe|1\n|move|p2a: Corviknight|Body Press|p1a: Excadrill\n|-activate|p1a: Excadrill|move: Protect\n|\n|upkeep\n|turn|4\n|\n|t:|1776432911\n|switch|p1a: Incineroar|Incineroar, L50, F, shiny|88/100\n|-damage|p1a: Incineroar|63/100|[from] Stealth Rock\n|-ability|p1a: Incineroar|Intimidate|boost\n|-unboost|p2a: Corviknight|atk|1\n|-unboost|p2b: Venusaur|atk|1\n|switch|p2a: Incineroar|Incineroar, L50, F|100/100\n|-ability|p2a: Incineroar|Intimidate|boost\n|-unboost|p1a: Incineroar|atk|1\n|-fail|p1b: Dragonite|unboost|Attack|[from] ability: Inner Focus|[of] p1b: Dragonite\n|detailschange|p2b: Venusaur|Venusaur-Mega, L50, F\n|-mega|p2b: Venusaur|Venusaur|Venusaurite\n|move|p1b: Dragonite|Fire Punch|p2b: Venusaur\n|-supereffective|p2b: Venusaur|1\n|-damage|p2b: Venusaur|66/100\n|move|p2b: Venusaur|Leech Seed|p1b: Dragonite\n|-start|p1b: Dragonite|move: Leech Seed\n|\n|-damage|p1b: Dragonite|63/100|[from] Leech Seed|[of] p2b: Venusaur\n|-heal|p2b: Venusaur|78/100|[silent]\n|upkeep\n|turn|5\n|\n|t:|1776432946\n|switch|p2b: Garchomp|Garchomp, L50, F|92/100\n|move|p1b: Dragonite|Extreme Speed|p2b: Garchomp\n|-damage|p2b: Garchomp|48/100\n|-damage|p1b: Dragonite|50/100|[from] ability: Rough Skin|[of] p2b: Garchomp\n|move|p1a: Incineroar|Flare Blitz|p2b: Garchomp\n|-resisted|p2b: Garchomp|1\n|-damage|p2b: Garchomp|29/100\n|-damage|p1a: Incineroar|51/100|[from] ability: Rough Skin|[of] p2b: Garchomp\n|-damage|p1a: Incineroar|44/100|[from] Recoil\n|move|p2a: Incineroar|Darkest Lariat|p1b: Dragonite\n|-damage|p1b: Dragonite|0 fnt\n|faint|p1b: Dragonite\n|\n|upkeep\n|\n|t:|1776432976\n|switch|p1b: Excadrill|Excadrill, L50, F, shiny|100/100\n|-damage|p1b: Excadrill|98/100|[from] Stealth Rock\n|-ability|p1b: Excadrill|Mold Breaker\n|turn|6\n|\n|t:|1776433001\n|switch|p2a: Venusaur|Venusaur-Mega, L50, F|78/100\n|move|p1b: Excadrill|Protect|p1b: Excadrill\n|-singleturn|p1b: Excadrill|Protect\n|move|p2b: Garchomp|Stomping Tantrum|p1a: Incineroar\n|-supereffective|p1a: Incineroar|1\n|-enditem|p1a: Incineroar|Shuca Berry|[eat]\n|-enditem|p1a: Incineroar|Shuca Berry|[weaken]\n|-damage|p1a: Incineroar|8/100\n|move|p1a: Incineroar|Parting Shot|p2b: Garchomp\n|-unboost|p2b: Garchomp|atk|1\n|-unboost|p2b: Garchomp|spa|1\n|\n|t:|1776433014\n|switch|p1a: Froslass|Froslass, L50, F, shiny|100/100|[from] Parting Shot\n|-damage|p1a: Froslass|76/100|[from] Stealth Rock\n|\n|upkeep\n|turn|7\n|\n|t:|1776433038\n|switch|p2b: Incineroar|Incineroar, L50, F|100/100\n|-ability|p2b: Incineroar|Intimidate|boost\n|-unboost|p1a: Froslass|atk|1\n|-unboost|p1b: Excadrill|atk|1\n|detailschange|p1a: Froslass|Froslass-Mega, L50, F, shiny\n|-mega|p1a: Froslass|Froslass|Froslassite\n|-weather|Snowscape|[from] ability: Snow Warning|[of] p1a: Froslass\n|move|p1a: Froslass|Blizzard|p2a: Venusaur|[spread] p2a,p2b\n|-supereffective|p2a: Venusaur|1\n|-resisted|p2b: Incineroar|1\n|-damage|p2a: Venusaur|48/100\n|-damage|p2b: Incineroar|81/100\n|move|p1b: Excadrill|High Horsepower|p2a: Venusaur\n|-damage|p2a: Venusaur|20/100\n|move|p2a: Venusaur|Leech Seed|p1a: Froslass\n|-start|p1a: Froslass|move: Leech Seed\n|\n|-weather|Snowscape|[upkeep]\n|-damage|p1a: Froslass|64/100|[from] Leech Seed|[of] p2a: Venusaur\n|-heal|p2a: Venusaur|29/100|[silent]\n|upkeep\n|turn|8\n|\n|t:|1776433070\n|move|p2a: Venusaur|Protect|p2a: Venusaur\n|-singleturn|p2a: Venusaur|Protect\n|move|p1a: Froslass|Blizzard|p2b: Incineroar|[spread] p2b\n|-activate|p2a: Venusaur|move: Protect\n|-resisted|p2b: Incineroar|1\n|-damage|p2b: Incineroar|58/100\n|-status|p2b: Incineroar|frz\n|move|p1b: Excadrill|High Horsepower|p2b: Incineroar\n|-supereffective|p2b: Incineroar|1\n|-damage|p2b: Incineroar|0 fnt\n|faint|p2b: Incineroar\n|\n|-weather|Snowscape|[upkeep]\n|-damage|p1a: Froslass|52/100|[from] Leech Seed|[of] p2a: Venusaur\n|-heal|p2a: Venusaur|39/100|[silent]\n|upkeep\n|\n|t:|1776433092\n|switch|p2b: Garchomp|Garchomp, L50, F|29/100\n|turn|9\n|\n|t:|1776433103\n|switch|p2a: Corviknight|Corviknight, L50, M|100/100\n|-ability|p2a: Corviknight|Pressure\n|move|p2b: Garchomp|Protect|p2b: Garchomp\n|-singleturn|p2b: Garchomp|Protect\n|move|p1a: Froslass|Blizzard|p2b: Garchomp|[spread] p2a\n|-activate|p2b: Garchomp|move: Protect\n|-damage|p2a: Corviknight|65/100\n|move|p1b: Excadrill|Rock Slide|p2b: Garchomp|[spread] p2a\n|-activate|p2b: Garchomp|move: Protect\n|-damage|p2a: Corviknight|55/100\n|\n|-weather|Snowscape|[upkeep]\n|-heal|p2a: Corviknight|61/100|[from] item: Leftovers\n|-damage|p1a: Froslass|39/100|[from] Leech Seed|[of] p2a: Corviknight\n|-heal|p2a: Corviknight|70/100|[silent]\n|upkeep\n|turn|10\n|\n|t:|1776433146\n|move|p1a: Froslass|Blizzard|p2a: Corviknight|[spread] p2a,p2b\n|-supereffective|p2b: Garchomp|2\n|-damage|p2a: Corviknight|34/100\n|-damage|p2b: Garchomp|0 fnt\n|faint|p2b: Garchomp\n|move|p1b: Excadrill|Rock Slide|p2a: Corviknight|[miss]\n|-miss|p1b: Excadrill|p2a: Corviknight\n|move|p2a: Corviknight|Roost|p2a: Corviknight\n|-heal|p2a: Corviknight|84/100\n|-singleturn|p2a: Corviknight|move: Roost\n|\n|-weather|Snowscape|[upkeep]\n|-heal|p2a: Corviknight|90/100|[from] item: Leftovers\n|-damage|p1a: Froslass|27/100|[from] Leech Seed|[of] p2a: Corviknight\n|-heal|p2a: Corviknight|99/100|[silent]\n|upkeep\n|\n|t:|1776433160\n|switch|p2b: Venusaur|Venusaur-Mega, L50, F|39/100\n|turn|11\n|\n|t:|1776433191\n|move|p2b: Venusaur|Protect|p2b: Venusaur\n|-singleturn|p2b: Venusaur|Protect\n|move|p1a: Froslass|Blizzard|p2a: Corviknight|[spread] p2a\n|-activate|p2b: Venusaur|move: Protect\n|-damage|p2a: Corviknight|60/100\n|move|p1b: Excadrill|Rock Slide|p2b: Venusaur|[spread] p2a\n|-activate|p2b: Venusaur|move: Protect\n|-damage|p2a: Corviknight|51/100\n|move|p2a: Corviknight|Roost|p2a: Corviknight\n|-heal|p2a: Corviknight|100/100\n|-singleturn|p2a: Corviknight|move: Roost\n|\n|-weather|none\n|-damage|p1a: Froslass|15/100|[from] Leech Seed|[of] p2a: Corviknight\n|upkeep\n|turn|12\n|\n|t:|1776433221\n|move|p1a: Froslass|Destiny Bond|p1a: Froslass\n|-singlemove|p1a: Froslass|Destiny Bond\n|move|p1b: Excadrill|Iron Head|p2a: Corviknight\n|-resisted|p2a: Corviknight|1\n|-damage|p2a: Corviknight|90/100\n|move|p2b: Venusaur|Leech Seed|p1b: Excadrill\n|-start|p1b: Excadrill|move: Leech Seed\n|move|p2a: Corviknight|Iron Defense|p2a: Corviknight\n|-boost|p2a: Corviknight|def|2\n|\n|-heal|p2a: Corviknight|96/100|[from] item: Leftovers\n|-damage|p1a: Froslass|3/100|[from] Leech Seed|[of] p2a: Corviknight\n|-heal|p2a: Corviknight|100/100|[silent]\n|-damage|p1b: Excadrill|86/100|[from] Leech Seed|[of] p2b: Venusaur\n|-heal|p2b: Venusaur|51/100|[silent]\n|upkeep\n|turn|13\n|\n|t:|1776433242\n|move|p1a: Froslass|Destiny Bond||[still]\n|-fail|p1a: Froslass\n|move|p1b: Excadrill|Rock Slide|p2a: Corviknight|[spread] p2a,p2b\n|-damage|p2a: Corviknight|96/100\n|-damage|p2b: Venusaur|41/100\n|move|p2b: Venusaur|Giga Drain|p1b: Excadrill\n|-damage|p1b: Excadrill|46/100\n|-heal|p2b: Venusaur|60/100|[from] drain|[of] p1b: Excadrill\n|move|p2a: Corviknight|Iron Defense|p2a: Corviknight\n|-boost|p2a: Corviknight|def|2\n|\n|-heal|p2a: Corviknight|100/100|[from] item: Leftovers\n|-damage|p1a: Froslass|0 fnt|[from] Leech Seed|[of] p2a: Corviknight\n|faint|p1a: Froslass\n|-damage|p1b: Excadrill|34/100|[from] Leech Seed|[of] p2b: Venusaur\n|-heal|p2b: Venusaur|73/100|[silent]\n|upkeep\n|inactive|Battle timer is ON: inactive players will automatically lose when time's up. (requested by SHIMA2023)\n|inactive|MyokoO has 60 seconds left.\n|\n|t:|1776433309\n|switch|p1a: Incineroar|Incineroar, L50, F, shiny|8/100\n|-damage|p1a: Incineroar|0 fnt|[from] Stealth Rock\n|faint|p1a: Incineroar\n|turn|14\n|\n|t:|1776433322\n|move|p1b: Excadrill|Protect|p1b: Excadrill\n|-singleturn|p1b: Excadrill|Protect\n|move|p2b: Venusaur|Giga Drain|p1b: Excadrill\n|-activate|p1b: Excadrill|move: Protect\n|move|p2a: Corviknight|Body Press|p1b: Excadrill\n|-activate|p1b: Excadrill|move: Protect\n|\n|-damage|p1b: Excadrill|22/100|[from] Leech Seed|[of] p2b: Venusaur\n|-heal|p2b: Venusaur|85/100|[silent]\n|upkeep\n|turn|15\n|c|\u2606MyokoO|Gg\n|\n|t:|1776433339\n|move|p1b: Excadrill|Rock Slide|p2a: Corviknight|[spread] p2a,p2b\n|-damage|p2a: Corviknight|97/100\n|-damage|p2b: Venusaur|75/100\n|move|p2b: Venusaur|Giga Drain|p1b: Excadrill\n|-damage|p1b: Excadrill|0 fnt\n|-heal|p2b: Venusaur|86/100|[from] drain|[of] p1b: Excadrill\n|faint|p1b: Excadrill\n|\n|win|SHIMA2023\n|raw|MyokoO's rating: 1067 &rarr; <strong>1052</strong><br />(-15 for losing)\n|raw|SHIMA2023's rating: 1149 &rarr; <strong>1168</strong><br />(+19 for winning)\n",
  "uploadtime": 1776433349,
  "views": 22,
  "formatid": "gen9championsvgc2026regma",
  "rating": 1052,
  "private": 0,
  "password": null
}