{
  "id": "gen9championsvgc2026regma-2587760329",
  "format": "[Gen 9 Champions] VGC 2026 Reg M-A",
  "players": [
    "JasmineThia",
    "ImYoou"
  ],
  "log": "|j|\u2606JasmineThia\n|j|\u2606ImYoou\n|t:|1776561242\n|gametype|doubles\n|player|p1|JasmineThia|selene-masters2|1329\n|player|p2|ImYoou|169|1338\n|gen|9\n|tier|[Gen 9 Champions] VGC 2026 Reg M-A\n|rated|\n|rule|Species Clause: Limit one of each Pok\u00e9mon\n|rule|Item Clause: Limit 1 of each item\n|clearpoke\n|poke|p1|Kangaskhan, L50, F|\n|poke|p1|Primarina, L50, F, shiny|\n|poke|p1|Aegislash, L50, M, shiny|\n|poke|p1|Farigiraf, L50, M|\n|poke|p1|Volcarona, L50, F|\n|poke|p1|Aerodactyl, L50, M|\n|poke|p2|Floette-Eternal, L50, F, shiny|\n|poke|p2|Garchomp, L50, F|\n|poke|p2|Incineroar, L50, F|\n|poke|p2|Rotom-Wash, L50|\n|poke|p2|Venusaur, L50, F|\n|poke|p2|Charizard, L50, M|\n|teampreview|4\n|inactive|Battle timer is ON: inactive players will automatically lose when time's up. (requested by JasmineThia)\n|\n|t:|1776561278\n|teamsize|p1|4\n|teamsize|p2|4\n|start\n|switch|p1a: Aerodactyl|Aerodactyl, L50, M|100/100\n|switch|p1b: Primarina|Primarina, L50, F, shiny|100/100\n|switch|p2a: Pin|Garchomp, L50, F|100/100\n|switch|p2b: Y Pan|Rotom-Wash, L50|100/100\n|-ability|p1a: Aerodactyl|Unnerve\n|turn|1\n|inactive|JasmineThia has 30 seconds left.\n|inactive|JasmineThia has 20 seconds left.\n|\n|t:|1776561317\n|switch|p1a: Farigiraf|Farigiraf, L50, M|100/100\n|move|p2a: Pin|Protect|p2a: Pin\n|-singleturn|p2a: Pin|Protect\n|move|p2b: Y Pan|Discharge|p1a: Farigiraf|[spread] p1a,p1b\n|-activate|p2a: Pin|move: Protect\n|-supereffective|p1b: Primarina|1\n|-enditem|p1b: Primarina|Wacan Berry|[eat]\n|-enditem|p1b: Primarina|Wacan Berry|[weaken]\n|-damage|p1a: Farigiraf|81/100\n|-damage|p1b: Primarina|76/100\n|move|p1b: Primarina|Moonblast|p2a: Pin\n|-activate|p2a: Pin|move: Protect\n|\n|upkeep\n|turn|2\n|inactive|ImYoou has 30 seconds left.\n|inactive|ImYoou has 20 seconds left.\n|inactive|ImYoou has 15 seconds left.\n|inactive|ImYoou has 10 seconds left.\n|inactive|ImYoou has 5 seconds left.\n|\n|t:|1776561368\n|switch|p2a: Rosadita|Floette-Eternal, L50, F, shiny|100/100\n|move|p1b: Primarina|Protect|p1b: Primarina\n|-singleturn|p1b: Primarina|Protect\n|move|p2b: Y Pan|Volt Switch|p1b: Primarina\n|-activate|p1b: Primarina|move: Protect\n|move|p1a: Farigiraf|Trick Room|p1a: Farigiraf\n|-fieldstart|move: Trick Room|[of] p1a: Farigiraf\n|\n|upkeep\n|turn|3\n|\n|t:|1776561383\n|detailschange|p2a: Rosadita|Floette-Mega, L50, F, shiny\n|-mega|p2a: Rosadita|Floette|Floettite\n|-ability|p2a: Rosadita|Fairy Aura\n|move|p2a: Rosadita|Protect|p2a: Rosadita\n|-singleturn|p2a: Rosadita|Protect\n|move|p1a: Farigiraf|Psychic|p2b: Y Pan\n|-damage|p2b: Y Pan|62/100\n|move|p1b: Primarina|Moonblast|p2b: Y Pan\n|-damage|p2b: Y Pan|0 fnt\n|faint|p2b: Y Pan\n|\n|upkeep\n|\n|t:|1776561399\n|switch|p2b: SayMyName|Incineroar, L50, F|100/100\n|-ability|p2b: SayMyName|Intimidate|boost\n|-unboost|p1a: Farigiraf|atk|1\n|-unboost|p1b: Primarina|atk|1\n|turn|4\n|\n|t:|1776561412\n|move|p1a: Farigiraf|Helping Hand|p1b: Primarina\n|-singleturn|p1b: Primarina|Helping Hand|[of] p1a: Farigiraf\n|move|p2b: SayMyName|Flare Blitz|p1a: Farigiraf\n|-damage|p1a: Farigiraf|39/100\n|-damage|p2b: SayMyName|85/100|[from] Recoil\n|move|p1b: Primarina|Moonblast|p2a: Rosadita\n|-damage|p2a: Rosadita|29/100\n|-unboost|p2a: Rosadita|spa|1\n|move|p2a: Rosadita|Calm Mind|p2a: Rosadita\n|-boost|p2a: Rosadita|spa|1\n|-boost|p2a: Rosadita|spd|1\n|\n|upkeep\n|turn|5\n|\n|t:|1776561428\n|move|p2a: Rosadita|Protect|p2a: Rosadita\n|-singleturn|p2a: Rosadita|Protect\n|move|p2b: SayMyName|Flare Blitz|p1a: Farigiraf\n|-damage|p1a: Farigiraf|0 fnt\n|faint|p1a: Farigiraf\n|-damage|p2b: SayMyName|71/100|[from] Recoil\n|move|p1b: Primarina|Encore|p2a: Rosadita\n|-activate|p2a: Rosadita|move: Protect\n|\n|upkeep\n|\n|t:|1776561433\n|switch|p1a: Aerodactyl|Aerodactyl, L50, M|100/100\n|-ability|p1a: Aerodactyl|Unnerve\n|turn|6\n|\n|t:|1776561450\n|switch|p2a: Pin|Garchomp, L50, F|100/100\n|detailschange|p1a: Aerodactyl|Aerodactyl-Mega, L50, M\n|-mega|p1a: Aerodactyl|Aerodactyl|Aerodactylite\n|move|p2b: SayMyName|Parting Shot|p1a: Aerodactyl\n|-unboost|p1a: Aerodactyl|atk|1\n|-unboost|p1a: Aerodactyl|spa|1\n|\n|t:|1776561457\n|switch|p2b: Rosadita|Floette-Mega, L50, F, shiny|29/100|[from] Parting Shot\n|-ability|p2b: Rosadita|Fairy Aura\n|move|p1b: Primarina|Moonblast|p2a: Pin\n|-supereffective|p2a: Pin|1\n|-damage|p2a: Pin|0 fnt\n|faint|p2a: Pin\n|move|p1a: Aerodactyl|Tailwind|p1a: Aerodactyl\n|-sidestart|p1: JasmineThia|move: Tailwind\n|\n|-fieldend|move: Trick Room\n|upkeep\n|\n|t:|1776561465\n|switch|p2a: SayMyName|Incineroar, L50, F|71/100\n|-ability|p2a: SayMyName|Intimidate|boost\n|-unboost|p1a: Aerodactyl|atk|1\n|-unboost|p1b: Primarina|atk|1\n|turn|7\n|\n|t:|1776561479\n|switch|p1a: Volcarona|Volcarona, L50, F|100/100\n|move|p1b: Primarina|Protect|p1b: Primarina\n|-singleturn|p1b: Primarina|Protect\n|move|p2a: SayMyName|Fake Out|p1b: Primarina\n|-activate|p1b: Primarina|move: Protect\n|move|p2b: Rosadita|Moonblast|p1b: Primarina\n|-activate|p1b: Primarina|move: Protect\n|\n|upkeep\n|turn|8\n|-message|ImYoou forfeited.\n|\n|win|JasmineThia\n|raw|JasmineThia's rating: 1355 &rarr; <strong>1374</strong><br />(+19 for winning)\n|raw|ImYoou's rating: 1338 &rarr; <strong>1319</strong><br />(-19 for losing)\n|l|\u2606ImYoou\n|player|p2|\n|j|\u2606ImYoou\n|player|p2|ImYoou|169|\n|l|\u2606ImYoou\n|player|p2|\n",
  "uploadtime": 1776561490,
  "views": 28,
  "formatid": "gen9championsvgc2026regma",
  "rating": 1319,
  "private": 0,
  "password": null
}