{
  "id": "gen9championsvgc2026regma-2583234795",
  "format": "[Gen 9 Champions] VGC 2026 Reg M-A",
  "players": [
    "Tonyina005",
    "txkin0"
  ],
  "log": "|j|\u2606Tonyina005\n|j|\u2606txkin0\n|t:|1776157830\n|gametype|doubles\n|player|p1|Tonyina005|265|1000\n|player|p2|txkin0|n|1042\n|gen|9\n|tier|[Gen 9 Champions] VGC 2026 Reg M-A\n|rated|\n|rule|Species Clause: Limit one of each Pok\u00e9mon\n|rule|Item Clause: Limit 1 of each item\n|clearpoke\n|poke|p1|Torkoal, L50, M|\n|poke|p1|Arcanine, L50, M|\n|poke|p1|Whimsicott, L50, F|\n|poke|p1|Dragonite, L50, F|\n|poke|p1|Tyranitar, L50, M|\n|poke|p1|Aggron, L50, F|\n|poke|p2|Feraligatr, L50, M|\n|poke|p2|Pelipper, L50, M|\n|poke|p2|Incineroar, L50, M|\n|poke|p2|Basculegion, L50, M|\n|poke|p2|Sneasler, L50, F|\n|poke|p2|Sableye, L50, M|\n|teampreview|4\n|\n|t:|1776157852\n|teamsize|p1|4\n|teamsize|p2|4\n|start\n|switch|p1a: Torkoal|Torkoal, L50, M|100/100\n|switch|p1b: Dragonite|Dragonite, L50, F|100/100\n|switch|p2a: Sableye|Sableye, L50, M|100/100\n|switch|p2b: Feraligatr|Feraligatr, L50, M, shiny|100/100\n|-weather|SunnyDay|[from] ability: Drought|[of] p1a: Torkoal\n|turn|1\n|\n|t:|1776157915\n|move|p1a: Torkoal|Protect|p1a: Torkoal\n|-singleturn|p1a: Torkoal|Protect\n|move|p2a: Sableye|Fake Out|p1b: Dragonite\n|-damage|p1b: Dragonite|93/100\n|move|p2b: Feraligatr|Dragon Dance|p2b: Feraligatr\n|-boost|p2b: Feraligatr|atk|1\n|-boost|p2b: Feraligatr|spe|1\n|move|p1b: Dragonite|Dragon Dance|p1b: Dragonite\n|-boost|p1b: Dragonite|atk|1\n|-boost|p1b: Dragonite|spe|1\n|\n|-weather|SunnyDay|[upkeep]\n|upkeep\n|turn|2\n|\n|t:|1776157935\n|detailschange|p2b: Feraligatr|Feraligatr-Mega, L50, M, shiny\n|-mega|p2b: Feraligatr|Feraligatr|Feraligite\n|move|p2a: Sableye|Quash|p1b: Dragonite\n|-activate|p1b: Dragonite|move: Quash\n|move|p2b: Feraligatr|Facade|p1b: Dragonite\n|-supereffective|p1b: Dragonite|1\n|-damage|p1b: Dragonite|0 fnt\n|faint|p1b: Dragonite\n|move|p1a: Torkoal|Eruption|p2a: Sableye|[spread] p2a,p2b\n|-resisted|p2b: Feraligatr|2\n|-damage|p2a: Sableye|14/100\n|-damage|p2b: Feraligatr|83/100\n|-enditem|p2a: Sableye|Sitrus Berry|[eat]\n|-heal|p2a: Sableye|39/100|[from] item: Sitrus Berry\n|\n|-weather|SunnyDay|[upkeep]\n|upkeep\n|\n|t:|1776157948\n|switch|p1b: Whimsicott|Whimsicott, L50, F|100/100\n|turn|3\n|\n|t:|1776157972\n|switch|p2a: Pelipper|Pelipper, L50, M|100/100\n|-weather|RainDance|[from] ability: Drizzle|[of] p2a: Pelipper\n|move|p2b: Feraligatr|Liquidation|p1a: Torkoal\n|-supereffective|p1a: Torkoal|1\n|-damage|p1a: Torkoal|0 fnt\n|faint|p1a: Torkoal\n|move|p1b: Whimsicott|Moonblast|p2b: Feraligatr\n|-supereffective|p2b: Feraligatr|1\n|-damage|p2b: Feraligatr|18/100\n|\n|-weather|RainDance|[upkeep]\n|upkeep\n|\n|t:|1776157984\n|switch|p1a: Arcanine|Arcanine, L50, M|100/100\n|-ability|p1a: Arcanine|Intimidate|boost\n|-unboost|p2a: Pelipper|atk|1\n|-unboost|p2b: Feraligatr|atk|1\n|turn|4\n|\n|t:|1776158001\n|move|p2b: Feraligatr|Protect|p2b: Feraligatr\n|-singleturn|p2b: Feraligatr|Protect\n|move|p1a: Arcanine|Extreme Speed|p2b: Feraligatr\n|-activate|p2b: Feraligatr|move: Protect\n|move|p1b: Whimsicott|Moonblast|p2a: Pelipper\n|-damage|p2a: Pelipper|69/100\n|move|p2a: Pelipper|Hurricane|p1b: Whimsicott\n|-supereffective|p1b: Whimsicott|1\n|-damage|p1b: Whimsicott|3/100\n|\n|-weather|RainDance|[upkeep]\n|-heal|p2a: Pelipper|75/100|[from] item: Leftovers\n|upkeep\n|turn|5\n|\n|t:|1776158031\n|move|p1a: Arcanine|Extreme Speed|p2b: Feraligatr\n|-damage|p2b: Feraligatr|0 fnt\n|faint|p2b: Feraligatr\n|move|p1b: Whimsicott|Moonblast|p2a: Pelipper\n|-damage|p2a: Pelipper|43/100\n|move|p2a: Pelipper|Hurricane|p1b: Whimsicott\n|-supereffective|p1b: Whimsicott|1\n|-damage|p1b: Whimsicott|0 fnt\n|faint|p1b: Whimsicott\n|\n|-weather|RainDance|[upkeep]\n|-heal|p2a: Pelipper|49/100|[from] item: Leftovers\n|upkeep\n|\n|t:|1776158048\n|switch|p2b: Sneasler|Sneasler, L50, F|100/100\n|turn|6\n|\n|t:|1776158066\n|switch|p2a: Sableye|Sableye, L50, M|39/100\n|move|p2b: Sneasler|Fake Out|p1a: Arcanine\n|-damage|p1a: Arcanine|81/100\n|cant|p1a: Arcanine|flinch\n|\n|-weather|RainDance|[upkeep]\n|upkeep\n|turn|7\n|\n|t:|1776158080\n|move|p2a: Sableye|Fake Out|p1a: Arcanine\n|-damage|p1a: Arcanine|71/100\n|cant|p1a: Arcanine|flinch\n|move|p2b: Sneasler|Close Combat|p1a: Arcanine\n|-damage|p1a: Arcanine|0 fnt\n|-unboost|p2b: Sneasler|def|1\n|-unboost|p2b: Sneasler|spd|1\n|faint|p1a: Arcanine\n|\n|win|txkin0\n|raw|Tonyina005's rating: 1000 &rarr; <strong>1000</strong><br />(+0 for losing)\n|raw|txkin0's rating: 1042 &rarr; <strong>1072</strong><br />(+30 for winning)\n",
  "uploadtime": 1776158092,
  "views": 39,
  "formatid": "gen9championsvgc2026regma",
  "rating": 1000,
  "private": 0,
  "password": null
}