{
  "id": "gen9championsvgc2026regma-2588954931",
  "format": "[Gen 9 Champions] VGC 2026 Reg M-A",
  "players": [
    "Saegul",
    "averyofcrowsgirlie"
  ],
  "log": "|j|\u2606Saegul\n|j|\u2606averyofcrowsgirlie\n|t:|1776689189\n|gametype|doubles\n|player|p1|Saegul|swimmer-gen4dp|1040\n|player|p2|averyofcrowsgirlie|swimmerf-gen4|1138\n|gen|9\n|tier|[Gen 9 Champions] VGC 2026 Reg M-A\n|rated|\n|rule|Species Clause: Limit one of each Pok\u00e9mon\n|rule|Item Clause: Limit 1 of each item\n|clearpoke\n|poke|p1|Politoed, L50, M|\n|poke|p1|Klefki, L50, F|\n|poke|p1|Dragapult, L50, M|\n|poke|p1|Drampa, L50, F|\n|poke|p1|Blastoise, L50, F|\n|poke|p1|Starmie, L50|\n|poke|p2|Starmie, L50|\n|poke|p2|Maushold-Four, L50|\n|poke|p2|Conkeldurr, L50, F|\n|poke|p2|Farigiraf, L50, F|\n|poke|p2|Torkoal, L50, F|\n|poke|p2|Hatterene, L50, F|\n|teampreview|4\n|inactive|Battle timer is ON: inactive players will automatically lose when time's up. (requested by Saegul)\n|c|\u2606averyofcrowsgirlie|glhf!\n|\n|t:|1776689199\n|teamsize|p1|4\n|teamsize|p2|4\n|start\n|switch|p1a: Politoed|Politoed, L50, M|100/100\n|switch|p1b: Klefki|Klefki, L50, F|100/100\n|switch|p2a: Starmie|Starmie, L50|100/100\n|switch|p2b: Conkeldurr|Conkeldurr, L50, F|100/100\n|turn|1\n|\n|t:|1776689221\n|detailschange|p2a: Starmie|Starmie-Mega, L50\n|-mega|p2a: Starmie|Starmie|Starminite\n|move|p1b: Klefki|Protect|p1b: Klefki\n|-singleturn|p1b: Klefki|Protect\n|move|p1a: Politoed|Protect|p1a: Politoed\n|-singleturn|p1a: Politoed|Protect\n|move|p2a: Starmie|Skill Swap|p2b: Conkeldurr\n|-activate|p2a: Starmie|Skill Swap|||[of] p2b: Conkeldurr\n|move|p2b: Conkeldurr|Bulk Up|p2b: Conkeldurr\n|-boost|p2b: Conkeldurr|atk|1\n|-boost|p2b: Conkeldurr|def|1\n|\n|upkeep\n|turn|2\n|inactive|averyofcrowsgirlie has 30 seconds left.\n|\n|t:|1776689249\n|switch|p2a: Maushold|Maushold-Four, L50|100/100\n|move|p1b: Klefki|Substitute|p1b: Klefki\n|-start|p1b: Klefki|Substitute\n|-damage|p1b: Klefki|75/100\n|move|p1a: Politoed|Perish Song|p1a: Politoed\n|-start|p1a: Politoed|perish3|[silent]\n|-start|p1b: Klefki|perish3|[silent]\n|-start|p2a: Maushold|perish3|[silent]\n|-start|p2b: Conkeldurr|perish3|[silent]\n|-fieldactivate|move: Perish Song\n|move|p2b: Conkeldurr|Drain Punch|p1b: Klefki\n|-crit|p1b: Klefki\n|-end|p1b: Klefki|Substitute\n|\n|-start|p2a: Maushold|perish3\n|-start|p1b: Klefki|perish3\n|-start|p1a: Politoed|perish3\n|-start|p2b: Conkeldurr|perish3\n|upkeep\n|turn|3\n|\n|t:|1776689272\n|move|p2a: Maushold|Helping Hand|p2b: Conkeldurr\n|-singleturn|p2b: Conkeldurr|Helping Hand|[of] p2a: Maushold\n|move|p1b: Klefki|Protect|p1b: Klefki\n|-singleturn|p1b: Klefki|Protect\n|move|p1a: Politoed|Protect|p1a: Politoed\n|-singleturn|p1a: Politoed|Protect\n|move|p2b: Conkeldurr|Drain Punch|p1a: Politoed\n|-activate|p1a: Politoed|move: Protect\n|\n|-start|p2a: Maushold|perish2\n|-start|p1b: Klefki|perish2\n|-start|p1a: Politoed|perish2\n|-start|p2b: Conkeldurr|perish2\n|upkeep\n|turn|4\n|\n|t:|1776689292\n|switch|p1a: Dragapult|Dragapult, L50, M|100/100\n|move|p2a: Maushold|Helping Hand|p2b: Conkeldurr\n|-singleturn|p2b: Conkeldurr|Helping Hand|[of] p2a: Maushold\n|move|p1b: Klefki|Fairy Lock|p1b: Klefki\n|-fieldactivate|move: Fairy Lock\n|move|p2b: Conkeldurr|Drain Punch|p1a: Dragapult\n|-immune|p1a: Dragapult\n|\n|-start|p2a: Maushold|perish1\n|-start|p1b: Klefki|perish1\n|-start|p2b: Conkeldurr|perish1\n|upkeep\n|turn|5\n|inactive|Saegul has 30 seconds left.\n|c|\u2606averyofcrowsgirlie|thats nasty\n|inactive|Saegul has 20 seconds left.\n|c|\u2606averyofcrowsgirlie|thats awesome\n|inactive|Saegul has 15 seconds left.\n|inactive|Saegul has 10 seconds left.\n|\n|t:|1776689337\n|move|p2a: Maushold|Helping Hand|p2b: Conkeldurr\n|-singleturn|p2b: Conkeldurr|Helping Hand|[of] p2a: Maushold\n|move|p1a: Dragapult|Round|p2b: Conkeldurr\n|-damage|p2b: Conkeldurr|89/100\n|move|p1b: Klefki|Last Resort|p2a: Maushold\n|-damage|p2a: Maushold|65/100\n|move|p2b: Conkeldurr|Knock Off|p1a: Dragapult\n|-supereffective|p1a: Dragapult|1\n|-damage|p1a: Dragapult|0 fnt\n|-enditem|p1a: Dragapult|Choice Scarf|[from] move: Knock Off|[of] p2b: Conkeldurr\n|faint|p1a: Dragapult\n|\n|-heal|p2b: Conkeldurr|95/100|[from] item: Leftovers\n|-start|p2a: Maushold|perish0\n|-start|p1b: Klefki|perish0\n|-start|p2b: Conkeldurr|perish0\n|upkeep\n|faint|p2a: Maushold\n|faint|p1b: Klefki\n|faint|p2b: Conkeldurr\n|\n|t:|1776689356\n|switch|p1a: Starmie|Starmie, L50|100/100\n|switch|p2a: Starmie|Starmie-Mega, L50|100/100\n|switch|p1b: Politoed|Politoed, L50, M|100/100\n|switch|p2b: Farigiraf|Farigiraf, L50, F|100/100\n|turn|6\n|\n|t:|1776689373\n|detailschange|p1a: Starmie|Starmie-Mega, L50\n|-mega|p1a: Starmie|Starmie|Starminite\n|move|p1a: Starmie|Protect|p1a: Starmie\n|-singleturn|p1a: Starmie|Protect\n|move|p2a: Starmie|Zen Headbutt|p1b: Politoed\n|-damage|p1b: Politoed|21/100\n|-enditem|p1b: Politoed|Sitrus Berry|[eat]\n|-heal|p1b: Politoed|46/100|[from] item: Sitrus Berry\n|move|p1b: Politoed|Icy Wind|p2a: Starmie|[spread] p2a,p2b\n|-resisted|p2a: Starmie|1\n|-damage|p2a: Starmie|95/100\n|-damage|p2b: Farigiraf|94/100\n|-unboost|p2a: Starmie|spe|1\n|-unboost|p2b: Farigiraf|spe|1\n|move|p2b: Farigiraf|Dazzling Gleam|p1b: Politoed|[spread] p1b\n|-activate|p1a: Starmie|move: Protect\n|-damage|p1b: Politoed|36/100\n|\n|upkeep\n|turn|7\n|\n|t:|1776689393\n|move|p1b: Politoed|Protect|p1b: Politoed\n|-singleturn|p1b: Politoed|Protect\n|move|p1a: Starmie|Self-Destruct||[still]\n|cant|p1b: Politoed|ability: Damp|Self-Destruct|[of] p1a: Starmie\n|move|p2a: Starmie|Zen Headbutt|p1b: Politoed\n|-activate|p1b: Politoed|move: Protect\n|move|p2b: Farigiraf|Trick Room|p2b: Farigiraf\n|-fieldstart|move: Trick Room|[of] p2b: Farigiraf\n|\n|upkeep\n|turn|8\n|\n|t:|1776689413\n|move|p2b: Farigiraf|Dazzling Gleam|p1a: Starmie|[spread] p1a,p1b\n|-damage|p1a: Starmie|83/100\n|-damage|p1b: Politoed|26/100\n|move|p1b: Politoed|Whirlpool|p2a: Starmie\n|-resisted|p2a: Starmie|1\n|-damage|p2a: Starmie|89/100\n|-activate|p2a: Starmie|move: Whirlpool|[of] p1b: Politoed\n|move|p2a: Starmie|Zen Headbutt|p1b: Politoed\n|-damage|p1b: Politoed|0 fnt\n|faint|p1b: Politoed\n|move|p1a: Starmie|Psycho Cut|p2a: Starmie\n|-resisted|p2a: Starmie|1\n|-damage|p2a: Starmie|49/100\n|\n|-end|p2a: Starmie|Whirlpool|[partiallytrapped]|[silent]\n|upkeep\n|turn|9\n|\n|t:|1776689430\n|move|p2b: Farigiraf|Protect|p2b: Farigiraf\n|-singleturn|p2b: Farigiraf|Protect\n|move|p2a: Starmie|Self-Destruct|p1a: Starmie|[spread] p1a\n|-activate|p2b: Farigiraf|move: Protect\n|-damage|p1a: Starmie|0 fnt\n|faint|p2a: Starmie\n|faint|p1a: Starmie\n|\n|win|averyofcrowsgirlie\n|raw|Saegul's rating: 1040 &rarr; <strong>1028</strong><br />(-12 for losing)\n|raw|averyofcrowsgirlie's rating: 1138 &rarr; <strong>1156</strong><br />(+18 for winning)\n|l|\u2606Saegul\n|player|p1|\n|c|\u2606averyofcrowsgirlie|gg!\n",
  "uploadtime": 1776689443,
  "views": 6,
  "formatid": "gen9championsvgc2026regma",
  "rating": 1028,
  "private": 0,
  "password": null
}