{
  "id": "gen9championsvgc2026regma-2582664088",
  "format": "[Gen 9 Champions] VGC 2026 Reg M-A",
  "players": [
    "dmarin0301",
    "Mdawg2823"
  ],
  "log": "|j|\u2606dmarin0301\n|j|\u2606Mdawg2823\n|t:|1776105825\n|gametype|doubles\n|player|p1|dmarin0301|unknown|1118\n|player|p2|Mdawg2823|1|1108\n|gen|9\n|tier|[Gen 9 Champions] VGC 2026 Reg M-A\n|rated|\n|rule|Species Clause: Limit one of each Pok\u00e9mon\n|rule|Item Clause: Limit 1 of each item\n|clearpoke\n|poke|p1|Incineroar, L50, F|\n|poke|p1|Rotom-Frost, L50|\n|poke|p1|Orthworm, L50, M|\n|poke|p1|Basculegion-F, L50, F|\n|poke|p1|Garchomp, L50, M|\n|poke|p1|Froslass, L50, F|\n|poke|p2|Tyranitar, L50, F|\n|poke|p2|Garchomp, L50, M|\n|poke|p2|Excadrill, L50, F|\n|poke|p2|Aerodactyl, L50, M|\n|poke|p2|Farigiraf, L50, F|\n|poke|p2|Sylveon, L50, M|\n|teampreview|4\nMdawg2823 rejected open team sheets.\n|\n|t:|1776105848\n|teamsize|p1|4\n|teamsize|p2|4\n|start\n|switch|p1a: Garchomp|Garchomp, L50, M|100/100\n|switch|p1b: Orthworm|Orthworm, L50, M|100/100\n|switch|p2a: Tyranitar|Tyranitar, L50, F, shiny|100/100\n|switch|p2b: Aerodactyl|Aerodactyl, L50, M|100/100\n|-ability|p2b: Aerodactyl|Unnerve\n|-weather|Sandstorm|[from] ability: Sand Stream|[of] p2a: Tyranitar\n|turn|1\n|\n|t:|1776105864\n|detailschange|p2a: Tyranitar|Tyranitar-Mega, L50, F, shiny\n|-mega|p2a: Tyranitar|Tyranitar|Tyranitarite\n|move|p2b: Aerodactyl|Tailwind|p2b: Aerodactyl\n|-sidestart|p2: Mdawg2823|move: Tailwind\n|move|p2a: Tyranitar|Earthquake|p1a: Garchomp|[spread] p1a\n|-immune|p1b: Orthworm|[from] ability: Earth Eater\n|-immune|p2b: Aerodactyl\n|-damage|p1a: Garchomp|67/100\n|move|p1a: Garchomp|Earthquake|p2a: Tyranitar|[spread] p2a\n|-immune|p1b: Orthworm|[from] ability: Earth Eater\n|-immune|p2b: Aerodactyl\n|-supereffective|p2a: Tyranitar|1\n|-damage|p2a: Tyranitar|49/100\n|move|p1b: Orthworm|Shed Tail|p1b: Orthworm\n|-start|p1b: Orthworm|Substitute|[from] move: Shed Tail\n|-damage|p1b: Orthworm|50/100\n|\n|t:|1776105883\n|switch|p1b: Basculegion|Basculegion-F, L50, F|100/100|[from] Shed Tail\n|\n|-weather|Sandstorm|[upkeep]\n|-damage|p1b: Basculegion|94/100|[from] Sandstorm\n|upkeep\n|turn|2\n|inactive|Battle timer is ON: inactive players will automatically lose when time's up. (requested by dmarin0301)\n|\n|t:|1776105909\n|move|p2b: Aerodactyl|Dual Wingbeat|p1a: Garchomp\n|-crit|p1a: Garchomp\n|-damage|p1a: Garchomp|37/100\n|-damage|p1a: Garchomp|19/100\n|-hitcount|p1a: Garchomp|2\n|move|p1b: Basculegion|Wave Crash|p2a: Tyranitar\n|-supereffective|p2a: Tyranitar|1\n|-damage|p2a: Tyranitar|0 fnt\n|faint|p2a: Tyranitar\n|-damage|p1b: Basculegion|80/100|[from] Recoil\n|move|p1a: Garchomp|Rock Slide|p2b: Aerodactyl\n|-supereffective|p2b: Aerodactyl|1\n|-damage|p2b: Aerodactyl|18/100\n|-enditem|p2b: Aerodactyl|Sitrus Berry|[eat]\n|-heal|p2b: Aerodactyl|43/100|[from] item: Sitrus Berry\n|\n|-weather|Sandstorm|[upkeep]\n|-damage|p1b: Basculegion|74/100|[from] Sandstorm\n|upkeep\n|\n|t:|1776105928\n|switch|p2a: Garchomp|Garchomp, L50, M|100/100\n|turn|3\n|\n|t:|1776105942\n|move|p2b: Aerodactyl|Stone Edge|p1b: Basculegion|[miss]\n|-miss|p2b: Aerodactyl|p1b: Basculegion\n|move|p2a: Garchomp|Earthquake|p1b: Basculegion|[spread] p1a,p1b\n|-immune|p2b: Aerodactyl\n|-end|p1b: Basculegion|Substitute\n|-damage|p1a: Garchomp|0 fnt\n|faint|p1a: Garchomp\n|move|p1b: Basculegion|Wave Crash|p2b: Aerodactyl\n|-supereffective|p2b: Aerodactyl|1\n|-damage|p2b: Aerodactyl|0 fnt\n|faint|p2b: Aerodactyl\n|-damage|p1b: Basculegion|63/100|[from] Recoil\n|\n|-weather|Sandstorm|[upkeep]\n|-damage|p1b: Basculegion|56/100|[from] Sandstorm\n|upkeep\n|\n|t:|1776105960\n|switch|p2b: Excadrill|Excadrill, L50, F|100/100\n|switch|p1a: Orthworm|Orthworm, L50, M|50/100\n|-enditem|p1a: Orthworm|Sitrus Berry|[eat]\n|-heal|p1a: Orthworm|75/100|[from] item: Sitrus Berry\n|turn|4\n|inactive|Mdawg2823 has 30 seconds left.\n|\n|t:|1776105987\n|move|p2b: Excadrill|Swords Dance|p2b: Excadrill\n|-boost|p2b: Excadrill|atk|2\n|move|p2a: Garchomp|Stone Edge|p1b: Basculegion\n|-damage|p1b: Basculegion|12/100\n|move|p1b: Basculegion|Wave Crash|p2b: Excadrill\n|-supereffective|p2b: Excadrill|1\n|-enditem|p2b: Excadrill|Focus Sash\n|-damage|p2b: Excadrill|1/100\n|-damage|p1b: Basculegion|0 fnt|[from] Recoil\n|faint|p1b: Basculegion\n|move|p1a: Orthworm|Shed Tail|p1a: Orthworm\n|-start|p1a: Orthworm|Substitute|[from] move: Shed Tail\n|-damage|p1a: Orthworm|24/100\n|\n|t:|1776106004\n|switch|p1a: Froslass|Froslass, L50, F|100/100|[from] Shed Tail\n|\n|-weather|Sandstorm|[upkeep]\n|-damage|p1a: Froslass|94/100|[from] Sandstorm\n|-sideend|p2: Mdawg2823|move: Tailwind\n|upkeep\n|\n|t:|1776106009\n|switch|p1b: Orthworm|Orthworm, L50, M|24/100\n|turn|5\n|\n|t:|1776106023\n|detailschange|p1a: Froslass|Froslass-Mega, L50, F\n|-mega|p1a: Froslass|Froslass|Froslassite\n|-weather|Snowscape|[from] ability: Snow Warning|[of] p1a: Froslass\n|move|p2b: Excadrill|Protect|p2b: Excadrill\n|-singleturn|p2b: Excadrill|Protect\n|move|p1a: Froslass|Blizzard|p2b: Excadrill|[spread] p2a\n|-activate|p2b: Excadrill|move: Protect\n|-supereffective|p2a: Garchomp|2\n|-enditem|p2a: Garchomp|Yache Berry|[eat]\n|-enditem|p2a: Garchomp|Yache Berry|[weaken]\n|-damage|p2a: Garchomp|5/100\n|move|p2a: Garchomp|Iron Head|p1a: Froslass\n|-supereffective|p1a: Froslass|1\n|-end|p1a: Froslass|Substitute\n|move|p1b: Orthworm|Body Press|p2b: Excadrill\n|-activate|p2b: Excadrill|move: Protect\n|\n|-weather|Snowscape|[upkeep]\n|upkeep\n|turn|6\n|inactive|Mdawg2823 has 30 seconds left.\n|\n|t:|1776106055\n|move|p1a: Froslass|Blizzard|p2a: Garchomp|[spread] p2a,p2b\n|-supereffective|p2a: Garchomp|2\n|-damage|p2a: Garchomp|0 fnt\n|-damage|p2b: Excadrill|0 fnt\n|faint|p2a: Garchomp\n|faint|p2b: Excadrill\n|\n|win|dmarin0301\n|raw|dmarin0301's rating: 1118 &rarr; <strong>1142</strong><br />(+24 for winning)\n|raw|Mdawg2823's rating: 1108 &rarr; <strong>1084</strong><br />(-24 for losing)\n",
  "uploadtime": 1776106065,
  "views": 18,
  "formatid": "gen9championsvgc2026regma",
  "rating": 1084,
  "private": 0,
  "password": null
}