{
  "id": "gen9championsvgc2026regma-2585084595",
  "format": "[Gen 9 Champions] VGC 2026 Reg M-A",
  "players": [
    "tis",
    "enitoni"
  ],
  "log": "|j|\u2606tis\n|j|\u2606enitoni\n|t:|1776310116\n|gametype|doubles\n|player|p1|tis|miku-flying|1000\n|player|p2|enitoni|2|1049\n|gen|9\n|tier|[Gen 9 Champions] VGC 2026 Reg M-A\n|rated|\n|rule|Species Clause: Limit one of each Pok\u00e9mon\n|rule|Item Clause: Limit 1 of each item\n|clearpoke\n|poke|p1|Aerodactyl, L50, F|\n|poke|p1|Altaria, L50, M|\n|poke|p1|Corviknight, L50, M|\n|poke|p1|Emolga, L50, F|\n|poke|p1|Gliscor, L50, M|\n|poke|p1|Gyarados, L50, F|\n|poke|p2|Zoroark-Hisui, L50, M|\n|poke|p2|Sneasler, L50, F|\n|poke|p2|Meowstic, L50, M|\n|poke|p2|Talonflame, L50, M|\n|poke|p2|Lucario, L50, M|\n|poke|p2|Sinistcha, L50|\n|teampreview|4\n|\n|t:|1776310140\n|teamsize|p1|4\n|teamsize|p2|4\n|start\n|switch|p1a: Gliscor|Gliscor, L50, M|100/100\n|switch|p1b: Emolga|Emolga, L50, F|100/100\n|switch|p2a: Meowstic|Meowstic, L50, M|100/100\n|switch|p2b: Talonflame|Talonflame, L50, M|100/100\n|turn|1\n|\n|t:|1776310154\n|move|p2b: Talonflame|Protect|p2b: Talonflame\n|-singleturn|p2b: Talonflame|Protect\n|move|p2a: Meowstic|Nasty Plot|p2a: Meowstic\n|-boost|p2a: Meowstic|spa|2\n|move|p1b: Emolga|Nuzzle|p2b: Talonflame\n|-activate|p2b: Talonflame|move: Protect\n|move|p1a: Gliscor|Stealth Rock|p2a: Meowstic\n|-sidestart|p2: enitoni|move: Stealth Rock\n|\n|upkeep\n|turn|2\n|\n|t:|1776310169\n|move|p2b: Talonflame|Tailwind|p2b: Talonflame\n|-sidestart|p2: enitoni|move: Tailwind\n|move|p2a: Meowstic|Reflect|p2a: Meowstic\n|-sidestart|p2: enitoni|Reflect\n|move|p1b: Emolga|Thunderbolt|p2b: Talonflame\n|-supereffective|p2b: Talonflame|1\n|-damage|p2b: Talonflame|0 fnt\n|faint|p2b: Talonflame\n|move|p1a: Gliscor|Knock Off|p2a: Meowstic\n|-supereffective|p2a: Meowstic|1\n|-enditem|p2a: Meowstic|Colbur Berry|[eat]\n|-enditem|p2a: Meowstic|Colbur Berry|[weaken]\n|-damage|p2a: Meowstic|85/100\n|\n|upkeep\n|\n|t:|1776310179\n|switch|p2b: Sinistcha|Sinistcha, L50|100/100\n|-damage|p2b: Sinistcha|88/100|[from] Stealth Rock\n|-heal|p2a: Meowstic|100/100|[from] ability: Hospitality|[of] p2b: Sinistcha\n|turn|3\n|\n|t:|1776310189\n|move|p2a: Meowstic|Light Screen|p2a: Meowstic\n|-sidestart|p2: enitoni|move: Light Screen\n|move|p2b: Sinistcha|Life Dew||[still]|[spread] p2a,p2b\n|-fail|p2a: Meowstic|heal\n|-heal|p2b: Sinistcha|100/100\n|move|p1b: Emolga|Nuzzle|p2a: Meowstic\n|-damage|p2a: Meowstic|96/100\n|-status|p2a: Meowstic|par\n|move|p1a: Gliscor|Knock Off|p2b: Sinistcha\n|-supereffective|p2b: Sinistcha|1\n|-damage|p2b: Sinistcha|73/100\n|-enditem|p2b: Sinistcha|Sitrus Berry|[from] move: Knock Off|[of] p1a: Gliscor\n|\n|upkeep\n|turn|4\n|\n|t:|1776310209\n|move|p2a: Meowstic|Baton Pass|p2a: Meowstic\n|\n|t:|1776310211\n|switch|p2a: Lucario|Lucario, L50, M|100/100|[from] Baton Pass\n|-damage|p2a: Lucario|98/100|[from] Stealth Rock\n|move|p2b: Sinistcha|Life Dew|p2b: Sinistcha|[spread] p2a,p2b\n|-heal|p2a: Lucario|100/100\n|-heal|p2b: Sinistcha|98/100\n|move|p1b: Emolga|Nuzzle|p2b: Sinistcha\n|-resisted|p2b: Sinistcha|1\n|-damage|p2b: Sinistcha|96/100\n|-status|p2b: Sinistcha|par\n|move|p1a: Gliscor|Spikes|p2a: Lucario\n|-sidestart|p2: enitoni|Spikes\n|\n|upkeep\n|turn|5\n|\n|t:|1776310229\n|detailschange|p2a: Lucario|Lucario-Mega, L50, M\n|-mega|p2a: Lucario|Lucario|Lucarionite\n|move|p2b: Sinistcha|Rage Powder|p2b: Sinistcha\n|-singleturn|p2b: Sinistcha|move: Rage Powder\n|move|p2a: Lucario|Flash Cannon|p1a: Gliscor\n|-crit|p1a: Gliscor\n|-damage|p1a: Gliscor|0 fnt\n|faint|p1a: Gliscor\n|move|p1b: Emolga|Nuzzle|p2b: Sinistcha\n|-resisted|p2b: Sinistcha|1\n|-damage|p2b: Sinistcha|94/100 par\n|\n|-sideend|p2: enitoni|move: Tailwind\n|upkeep\n|\n|t:|1776310237\n|switch|p1a: Gyarados|Gyarados, L50, F|100/100\n|-ability|p1a: Gyarados|Intimidate|boost\n|-unboost|p2a: Lucario|atk|1\n|-unboost|p2b: Sinistcha|atk|1\n|turn|6\n|\n|t:|1776310248\n|move|p2b: Sinistcha|Rage Powder|p2b: Sinistcha\n|-singleturn|p2b: Sinistcha|move: Rage Powder\n|move|p2a: Lucario|Aura Sphere|p1a: Gyarados\n|-resisted|p1a: Gyarados|1\n|-damage|p1a: Gyarados|39/100\n|move|p1b: Emolga|Nuzzle|p2b: Sinistcha\n|-resisted|p2b: Sinistcha|1\n|-damage|p2b: Sinistcha|92/100 par\n|move|p1a: Gyarados|Dragon Dance|p1a: Gyarados\n|-boost|p1a: Gyarados|atk|1\n|-boost|p1a: Gyarados|spe|1\n|\n|-sideend|p2: enitoni|Reflect\n|upkeep\n|turn|7\n|\n|t:|1776310262\n|move|p2b: Sinistcha|Rage Powder|p2b: Sinistcha\n|-singleturn|p2b: Sinistcha|move: Rage Powder\n|move|p1a: Gyarados|Temper Flare|p2b: Sinistcha\n|-supereffective|p2b: Sinistcha|1\n|-damage|p2b: Sinistcha|23/100 par\n|move|p2a: Lucario|Aura Sphere|p1a: Gyarados\n|-resisted|p1a: Gyarados|1\n|-damage|p1a: Gyarados|0 fnt\n|faint|p1a: Gyarados\n|move|p1b: Emolga|Nuzzle|p2b: Sinistcha\n|-resisted|p2b: Sinistcha|1\n|-damage|p2b: Sinistcha|21/100 par\n|\n|-sideend|p2: enitoni|move: Light Screen\n|upkeep\n|\n|t:|1776310269\n|switch|p1a: Altaria|Altaria, L50, M|100/100\n|turn|8\n|\n|t:|1776310279\n|detailschange|p1a: Altaria|Altaria-Mega, L50, M\n|-mega|p1a: Altaria|Altaria|Altarianite\n|move|p1a: Altaria|Protect|p1a: Altaria\n|-singleturn|p1a: Altaria|Protect\n|move|p2a: Lucario|Flash Cannon|p1a: Altaria\n|-activate|p1a: Altaria|move: Protect\n|move|p1b: Emolga|Air Slash|p2b: Sinistcha\n|-supereffective|p2b: Sinistcha|1\n|-damage|p2b: Sinistcha|0 fnt\n|faint|p2b: Sinistcha\n|\n|upkeep\n|\n|t:|1776310288\n|switch|p2b: Meowstic|Meowstic, L50, M|96/100 par\n|-damage|p2b: Meowstic|84/100 par|[from] Stealth Rock\n|-damage|p2b: Meowstic|72/100 par|[from] Spikes\n|turn|9\n|\n|t:|1776310295\n|move|p1a: Altaria|Protect|p1a: Altaria\n|-singleturn|p1a: Altaria|Protect\n|move|p2b: Meowstic|Light Screen|p2b: Meowstic\n|-sidestart|p2: enitoni|move: Light Screen\n|move|p2a: Lucario|Flash Cannon|p1a: Altaria\n|-activate|p1a: Altaria|move: Protect\n|move|p1b: Emolga|Nuzzle|p2a: Lucario\n|-damage|p2a: Lucario|90/100\n|-status|p2a: Lucario|par\n|\n|upkeep\n|turn|10\n|\n|t:|1776310309\n|move|p2b: Meowstic|Reflect|p2b: Meowstic\n|-sidestart|p2: enitoni|Reflect\n|move|p1b: Emolga|Thunderbolt|p2a: Lucario\n|-damage|p2a: Lucario|45/100 par\n|move|p1a: Altaria|Hyper Beam|p2a: Lucario\n|-damage|p2a: Lucario|0 fnt\n|-mustrecharge|p1a: Altaria\n|faint|p2a: Lucario\n|\n|upkeep\n|turn|11\n|-message|enitoni forfeited.\n|\n|win|tis\n|raw|tis's rating: 1000 &rarr; <strong>1046</strong><br />(+46 for winning)\n|raw|enitoni's rating: 1049 &rarr; <strong>1029</strong><br />(-20 for losing)\n|l|\u2606enitoni\n|player|p2|\n",
  "uploadtime": 1776310321,
  "views": 23,
  "formatid": "gen9championsvgc2026regma",
  "rating": 1029,
  "private": 0,
  "password": null
}