{
  "id": "gen9championsvgc2026regma-2584113348",
  "format": "[Gen 9 Champions] VGC 2026 Reg M-A",
  "players": [
    "chang21",
    "Niko highway"
  ],
  "log": "|j|\u2606chang21\n|j|\u2606Niko highway\n|t:|1776226577\n|gametype|doubles\n|player|p1|chang21|266|1445\n|player|p2|Niko highway|266|1489\n|gen|9\n|tier|[Gen 9 Champions] VGC 2026 Reg M-A\n|rated|\n|rule|Species Clause: Limit one of each Pok\u00e9mon\n|rule|Item Clause: Limit 1 of each item\n|clearpoke\n|poke|p1|Crabominable, L50, F|\n|poke|p1|Sinistcha, L50|\n|poke|p1|Kingambit, L50, F|\n|poke|p1|Incineroar, L50, F|\n|poke|p1|Primarina, L50, F|\n|poke|p1|Slowking-Galar, L50, M|\n|poke|p2|Incineroar, L50, F|\n|poke|p2|Conkeldurr, L50, F|\n|poke|p2|Sinistcha, L50|\n|poke|p2|Cofagrigus, L50, F|\n|poke|p2|Drampa, L50, M|\n|poke|p2|Aegislash, L50, M|\n|teampreview|4\n|inactive|Battle timer is ON: inactive players will automatically lose when time's up. (requested by chang21)\n|inactive|chang21 has 60 seconds left.\n|j| Mikeneko-3P\n|\n|t:|1776226620\n|teamsize|p1|4\n|teamsize|p2|4\n|start\n|switch|p1a: Primarina|Primarina, L50, F|100/100\n|switch|p1b: Slowking|Slowking-Galar, L50, M|100/100\n|switch|p2a: Aegislash|Aegislash, L50, M|100/100\n|switch|p2b: Incineroar|Incineroar, L50, F|100/100\n|-ability|p2b: Incineroar|Intimidate|boost\n|-unboost|p1a: Primarina|atk|1\n|-unboost|p1b: Slowking|atk|1\n|-clearboost|p1a: Primarina|[from] ability: Curious Medicine|[of] p1b: Slowking\n|turn|1\n|j| your stepsister\n|j| 3iz\n|inactive|Niko highway has 30 seconds left.\n|inactive|Niko highway has 20 seconds left.\n|\n|t:|1776226655\n|move|p1a: Primarina|Calm Mind|p1a: Primarina\n|-boost|p1a: Primarina|spa|1\n|-boost|p1a: Primarina|spd|1\n|-formechange|p2a: Aegislash|Aegislash-Blade|\n|move|p2a: Aegislash|Poltergeist|p1b: Slowking\n|-activate|p1b: Slowking|move: Poltergeist|Focus Sash\n|-supereffective|p1b: Slowking|1\n|-enditem|p1b: Slowking|Focus Sash\n|-damage|p1b: Slowking|1/100\n|move|p2b: Incineroar|Throat Chop|p1a: Primarina\n|-resisted|p1a: Primarina|1\n|-damage|p1a: Primarina|76/100\n|-start|p1a: Primarina|Throat Chop|[silent]\n|move|p1b: Slowking|Trick Room|p1b: Slowking\n|-fieldstart|move: Trick Room|[of] p1b: Slowking\n|\n|-heal|p1a: Primarina|82/100|[from] item: Leftovers\n|upkeep\n|turn|2\n|l| Mikeneko-3P\n|inactive|chang21 has 30 seconds left.\n|\n|t:|1776226686\n|switch|p1b: Crabominable|Crabominable, L50, F|100/100\n|move|p2a: Aegislash|Shadow Sneak|p1b: Crabominable\n|-damage|p1b: Crabominable|72/100\n|move|p2b: Incineroar|Parting Shot|p1a: Primarina\n|-unboost|p1a: Primarina|atk|1\n|-unboost|p1a: Primarina|spa|1\n|\n|t:|1776226699\n|switch|p2b: Sinistcha|Sinistcha, L50|100/100|[from] Parting Shot\n|move|p1a: Primarina|Moonblast|p2b: Sinistcha\n|-damage|p2b: Sinistcha|36/100\n|\n|-heal|p1a: Primarina|88/100|[from] item: Leftovers\n|-end|p1a: Primarina|Throat Chop|[silent]\n|upkeep\n|turn|3\n|inactive|Niko highway has 30 seconds left.\n|inactive|Niko highway has 20 seconds left.\n|\n|t:|1776226737\n|switch|p2b: Conkeldurr|Conkeldurr, L50, F|100/100\n|move|p1b: Crabominable|Protect|p1b: Crabominable\n|-singleturn|p1b: Crabominable|Protect\n|-formechange|p2a: Aegislash|Aegislash|\n|move|p2a: Aegislash|King's Shield|p2a: Aegislash\n|-singleturn|p2a: Aegislash|Protect\n|move|p1a: Primarina|Hyper Voice|p2a: Aegislash|[spread] p2b\n|-activate|p2a: Aegislash|move: Protect\n|-damage|p2b: Conkeldurr|54/100\n|\n|-heal|p1a: Primarina|94/100|[from] item: Leftovers\n|upkeep\n|turn|4\n|\n|t:|1776226749\n|switch|p1b: Sinistcha|Sinistcha, L50|100/100\n|-heal|p1a: Primarina|100/100|[from] ability: Hospitality|[of] p1b: Sinistcha\n|move|p2b: Conkeldurr|Mach Punch|p1b: Sinistcha\n|-immune|p1b: Sinistcha\n|-formechange|p2a: Aegislash|Aegislash-Blade|\n|move|p2a: Aegislash|Poltergeist|p1a: Primarina|[miss]\n|-miss|p2a: Aegislash|p1a: Primarina\n|move|p1a: Primarina|Moonblast|p2b: Conkeldurr\n|-supereffective|p2b: Conkeldurr|1\n|-damage|p2b: Conkeldurr|0 fnt\n|faint|p2b: Conkeldurr\n|\n|upkeep\n|\n|t:|1776226762\n|switch|p2b: Incineroar|Incineroar, L50, F|100/100\n|-ability|p2b: Incineroar|Intimidate|boost\n|-unboost|p1a: Primarina|atk|1\n|-unboost|p1b: Sinistcha|atk|1\n|turn|5\n|\n|t:|1776226778\n|move|p1a: Primarina|Protect|p1a: Primarina\n|-singleturn|p1a: Primarina|Protect\n|move|p1b: Sinistcha|Protect|p1b: Sinistcha\n|-singleturn|p1b: Sinistcha|Protect\n|move|p2b: Incineroar|Fake Out|p1a: Primarina\n|-activate|p1a: Primarina|move: Protect\n|move|p2a: Aegislash|Poltergeist|p1b: Sinistcha\n|-activate|p1b: Sinistcha|move: Protect\n|\n|-fieldend|move: Trick Room\n|upkeep\n|turn|6\n|j| Mikeneko-3P\n|\n|t:|1776226794\n|move|p1b: Sinistcha|Rage Powder|p1b: Sinistcha\n|-singleturn|p1b: Sinistcha|move: Rage Powder\n|move|p1a: Primarina|Hyper Voice|p2b: Incineroar|[spread] p2a,p2b\n|-crit|p2a: Aegislash\n|-supereffective|p2b: Incineroar|1\n|-damage|p2a: Aegislash|0 fnt\n|-damage|p2b: Incineroar|29/100\n|-enditem|p2b: Incineroar|Sitrus Berry|[eat]\n|-heal|p2b: Incineroar|54/100|[from] item: Sitrus Berry\n|faint|p2a: Aegislash\n|move|p2b: Incineroar|Throat Chop|p1b: Sinistcha\n|-supereffective|p1b: Sinistcha|1\n|-damage|p1b: Sinistcha|29/100\n|-start|p1b: Sinistcha|Throat Chop|[silent]\n|\n|upkeep\n|l| your stepsister\n|\n|t:|1776226800\n|switch|p2a: Sinistcha|Sinistcha, L50|36/100\n|-heal|p2b: Incineroar|79/100|[from] ability: Hospitality|[of] p2a: Sinistcha\n|turn|7\n|\n|t:|1776226810\n|switch|p1b: Slowking|Slowking-Galar, L50, M|1/100\n|-clearboost|p1a: Primarina|[from] ability: Curious Medicine|[of] p1b: Slowking\n|move|p1a: Primarina|Moonblast|p2a: Sinistcha\n|-damage|p2a: Sinistcha|0 fnt\n|faint|p2a: Sinistcha\n|move|p2b: Incineroar|Throat Chop|p1b: Slowking\n|-supereffective|p1b: Slowking|1\n|-damage|p1b: Slowking|0 fnt\n|faint|p1b: Slowking\n|\n|upkeep\n|-message|Niko highway forfeited.\n|\n|win|chang21\n|raw|chang21's rating: 1445 &rarr; <strong>1468</strong><br />(+23 for winning)\n|raw|Niko highway's rating: 1489 &rarr; <strong>1466</strong><br />(-23 for losing)\n|l|\u2606chang21\n|player|p1|\n",
  "uploadtime": 1776226827,
  "views": 69,
  "formatid": "gen9championsvgc2026regma",
  "rating": 1466,
  "private": 0,
  "password": null
}