{
  "id": "gen9championsvgc2026regma-2588481136",
  "format": "[Gen 9 Champions] VGC 2026 Reg M-A",
  "players": [
    "Caligula21z",
    "Millygan15"
  ],
  "log": "|j|\u2606Caligula21z\n|j|\u2606Millygan15\n|t:|1776637378\n|gametype|doubles\n|player|p1|Caligula21z|lucas|1135\n|player|p2|Millygan15|volkner|1078\n|gen|9\n|tier|[Gen 9 Champions] VGC 2026 Reg M-A\n|rated|\n|rule|Species Clause: Limit one of each Pok\u00e9mon\n|rule|Item Clause: Limit 1 of each item\n|clearpoke\n|poke|p1|Azumarill, L50, M, shiny|\n|poke|p1|Farigiraf, L50, F|\n|poke|p1|Incineroar, L50, M|\n|poke|p1|Pelipper, L50, M|\n|poke|p1|Rotom-Wash, L50|\n|poke|p1|Sylveon, L50, F|\n|poke|p2|Goodra-Hisui, L50, M|\n|poke|p2|Charizard, L50, M|\n|poke|p2|Venusaur, L50, M|\n|poke|p2|Ariados, L50, F|\n|poke|p2|Basculegion, L50, M|\n|poke|p2|Lopunny, L50, F|\n|teampreview|4\nMillygan15 rejected open team sheets.\n|inactive|Battle timer is ON: inactive players will automatically lose when time's up. (requested by Millygan15)\n|\n|t:|1776637418\n|teamsize|p1|4\n|teamsize|p2|4\n|start\n|switch|p1a: Farigiraf|Farigiraf, L50, F|100/100\n|switch|p1b: Sylveon|Sylveon, L50, F|100/100\n|switch|p2a: Charizard|Charizard, L50, M|100/100\n|switch|p2b: Venusaur|Venusaur, L50, M|100/100\n|turn|1\n|\n|t:|1776637440\n|detailschange|p2a: Charizard|Charizard-Mega-Y, L50, M\n|-mega|p2a: Charizard|Charizard|Charizardite Y\n|-weather|SunnyDay|[from] ability: Drought|[of] p2a: Charizard\n|move|p1b: Sylveon|Protect|p1b: Sylveon\n|-singleturn|p1b: Sylveon|Protect\n|move|p2b: Venusaur|Sleep Powder|p1a: Farigiraf\n|-status|p1a: Farigiraf|slp|[from] move: Sleep Powder\n|move|p2a: Charizard|Heat Wave|p1b: Sylveon|[spread] p1a\n|-activate|p1b: Sylveon|move: Protect\n|-damage|p1a: Farigiraf|42/100 slp\n|cant|p1a: Farigiraf|slp\n|\n|-weather|SunnyDay|[upkeep]\n|-heal|p1a: Farigiraf|48/100 slp|[from] item: Leftovers\n|upkeep\n|turn|2\n|\n|t:|1776637457\n|switch|p1b: Pelipper|Pelipper, L50, M|100/100\n|-weather|RainDance|[from] ability: Drizzle|[of] p1b: Pelipper\n|move|p2a: Charizard|Heat Wave|p1a: Farigiraf|[spread] p1a,p1b\n|-resisted|p1b: Pelipper|1\n|-damage|p1a: Farigiraf|31/100 slp\n|-damage|p1b: Pelipper|86/100\n|move|p2b: Venusaur|Growth|p2b: Venusaur\n|-boost|p2b: Venusaur|atk|1\n|-boost|p2b: Venusaur|spa|1\n|cant|p1a: Farigiraf|slp\n|\n|-weather|RainDance|[upkeep]\n|-heal|p1a: Farigiraf|37/100 slp|[from] item: Leftovers\n|upkeep\n|turn|3\n|\n|t:|1776637473\n|move|p1b: Pelipper|Protect|p1b: Pelipper\n|-singleturn|p1b: Pelipper|Protect\n|move|p2a: Charizard|Sunny Day|p2a: Charizard\n|-weather|SunnyDay\n|move|p2b: Venusaur|Solar Beam||[still]\n|-prepare|p2b: Venusaur|Solar Beam\n|-anim|p2b: Venusaur|Solar Beam|p1b: Pelipper\n|-activate|p1b: Pelipper|move: Protect\n|-curestatus|p1a: Farigiraf|slp|[msg]\n|move|p1a: Farigiraf|Trick Room|p1a: Farigiraf\n|-fieldstart|move: Trick Room|[of] p1a: Farigiraf\n|\n|-weather|SunnyDay|[upkeep]\n|-heal|p1a: Farigiraf|43/100|[from] item: Leftovers\n|upkeep\n|turn|4\n|\n|t:|1776637489\n|move|p2a: Charizard|Protect|p2a: Charizard\n|-singleturn|p2a: Charizard|Protect\n|move|p1a: Farigiraf|Psychic|p2b: Venusaur\n|-supereffective|p2b: Venusaur|1\n|-damage|p2b: Venusaur|30/100\n|move|p1b: Pelipper|Weather Ball|p2b: Venusaur\n|-supereffective|p2b: Venusaur|1\n|-damage|p2b: Venusaur|0 fnt\n|faint|p2b: Venusaur\n|\n|-weather|SunnyDay|[upkeep]\n|-heal|p1a: Farigiraf|48/100|[from] item: Leftovers\n|upkeep\n|\n|t:|1776637501\n|switch|p2b: Goodra|Goodra-Hisui, L50, M|100/100\n|turn|5\n|\n|t:|1776637513\n|switch|p1b: Rotom|Rotom-Wash, L50|100/100\n|move|p1a: Farigiraf|Protect|p1a: Farigiraf\n|-singleturn|p1a: Farigiraf|Protect\n|move|p2a: Charizard|Protect||[still]\n|-fail|p2a: Charizard\n|move|p2b: Goodra|Shelter|p2b: Goodra\n|-boost|p2b: Goodra|def|2\n|\n|-weather|SunnyDay|[upkeep]\n|-heal|p1a: Farigiraf|54/100|[from] item: Leftovers\n|upkeep\n|turn|6\n|\n|t:|1776637528\n|switch|p1a: Pelipper|Pelipper, L50, M|86/100\n|-weather|RainDance|[from] ability: Drizzle|[of] p1a: Pelipper\n|move|p2a: Charizard|Protect|p2a: Charizard\n|-singleturn|p2a: Charizard|Protect\n|move|p2b: Goodra|Shelter|p2b: Goodra\n|-boost|p2b: Goodra|def|2\n|move|p1b: Rotom|Hydro Pump|p2a: Charizard\n|-activate|p2a: Charizard|move: Protect\n|\n|-weather|RainDance|[upkeep]\n|upkeep\n|turn|7\n|\n|t:|1776637550\n|switch|p2a: Basculegion|Basculegion, L50, M|100/100\n|move|p2b: Goodra|Body Press|p1b: Rotom\n|-damage|p1b: Rotom|20/100\n|move|p1a: Pelipper|Weather Ball|p2a: Basculegion\n|-resisted|p2a: Basculegion|1\n|-crit|p2a: Basculegion\n|-damage|p2a: Basculegion|37/100\n|move|p1b: Rotom|Volt Switch|p2a: Basculegion\n|-supereffective|p2a: Basculegion|1\n|-damage|p2a: Basculegion|0 fnt\n|faint|p2a: Basculegion\n|\n|t:|1776637566\n|switch|p1b: Sylveon|Sylveon, L50, F|100/100|[from] Volt Switch\n|\n|-weather|RainDance|[upkeep]\n|-fieldend|move: Trick Room\n|upkeep\n|\n|t:|1776637569\n|switch|p2a: Charizard|Charizard-Mega-Y, L50, M|100/100\n|-weather|SunnyDay|[from] ability: Drought|[of] p2a: Charizard\n|turn|8\n|inactive|Caligula21z has 30 seconds left.\n|\n|t:|1776637600\n|switch|p1a: Farigiraf|Farigiraf, L50, F|54/100\n|move|p2a: Charizard|Heat Wave|p1a: Farigiraf|[spread] p1a,p1b\n|-damage|p1a: Farigiraf|0 fnt\n|-damage|p1b: Sylveon|48/100\n|faint|p1a: Farigiraf\n|move|p1b: Sylveon|Hyper Voice|p2a: Charizard|[spread] p2a,p2b\n|-resisted|p2a: Charizard|1\n|-damage|p2a: Charizard|77/100\n|-damage|p2b: Goodra|67/100\n|move|p2b: Goodra|Knock Off|p1b: Sylveon\n|-resisted|p1b: Sylveon|1\n|-damage|p1b: Sylveon|37/100\n|-enditem|p1b: Sylveon|Fairy Feather|[from] move: Knock Off|[of] p2b: Goodra\n|\n|-weather|SunnyDay|[upkeep]\n|-heal|p2b: Goodra|73/100|[from] item: Leftovers\n|upkeep\n|\n|t:|1776637611\n|switch|p1a: Pelipper|Pelipper, L50, M|86/100\n|-weather|RainDance|[from] ability: Drizzle|[of] p1a: Pelipper\n|turn|9\n|\n|t:|1776637626\n|move|p1b: Sylveon|Protect|p1b: Sylveon\n|-singleturn|p1b: Sylveon|Protect\n|move|p2b: Goodra|Protect|p2b: Goodra\n|-singleturn|p2b: Goodra|Protect\n|move|p2a: Charizard|Sunny Day|p2a: Charizard\n|-weather|SunnyDay\n|move|p1a: Pelipper|Tailwind|p1a: Pelipper\n|-sidestart|p1: Caligula21z|move: Tailwind\n|\n|-weather|SunnyDay|[upkeep]\n|-heal|p2b: Goodra|79/100|[from] item: Leftovers\n|upkeep\n|turn|10\n|\n|t:|1776637640\n|move|p1a: Pelipper|Weather Ball|p2b: Goodra\n|-damage|p2b: Goodra|45/100\n|move|p2a: Charizard|Heat Wave|p1b: Sylveon|[spread] p1a,p1b\n|-resisted|p1a: Pelipper|1\n|-crit|p1a: Pelipper\n|-damage|p1a: Pelipper|24/100\n|-damage|p1b: Sylveon|0 fnt\n|-status|p1a: Pelipper|brn\n|faint|p1b: Sylveon\n|move|p2b: Goodra|Knock Off|p1a: Pelipper\n|-damage|p1a: Pelipper|1/100 brn\n|-enditem|p1a: Pelipper|Focus Sash|[from] move: Knock Off|[of] p2b: Goodra\n|\n|-weather|SunnyDay|[upkeep]\n|-heal|p2b: Goodra|51/100|[from] item: Leftovers\n|-damage|p1a: Pelipper|0 fnt|[from] brn\n|faint|p1a: Pelipper\n|upkeep\n|\n|t:|1776637647\n|switch|p1b: Rotom|Rotom-Wash, L50|20/100\n|turn|11\n|\n|t:|1776637668\n|move|p2a: Charizard|Protect|p2a: Charizard\n|-singleturn|p2a: Charizard|Protect\n|move|p1b: Rotom|Volt Switch|p2a: Charizard\n|-activate|p2a: Charizard|move: Protect\n|move|p2b: Goodra|Knock Off|p1b: Rotom\n|-damage|p1b: Rotom|0 fnt\n|-enditem|p1b: Rotom|Magnet|[from] move: Knock Off|[of] p2b: Goodra\n|faint|p1b: Rotom\n|\n|win|Millygan15\n|raw|Caligula21z's rating: 1135 &rarr; <strong>1106</strong><br />(-29 for losing)\n|raw|Millygan15's rating: 1078 &rarr; <strong>1111</strong><br />(+33 for winning)\n|l|\u2606Caligula21z\n|player|p1|\n",
  "uploadtime": 1776637680,
  "views": 9,
  "formatid": "gen9championsvgc2026regma",
  "rating": 1106,
  "private": 0,
  "password": null
}