{
  "id": "gen9championsvgc2026regma-2581904125",
  "format": "[Gen 9 Champions] VGC 2026 Reg M-A",
  "players": [
    "Trigga1",
    "Dsauce9"
  ],
  "log": "|j|\u2606Trigga1\n|j|\u2606Dsauce9\n|t:|1776038374\n|gametype|doubles\n|player|p1|Trigga1|102|1079\n|player|p2|Dsauce9|265|1115\n|gen|9\n|tier|[Gen 9 Champions] VGC 2026 Reg M-A\n|rated|\n|rule|Species Clause: Limit one of each Pok\u00e9mon\n|rule|Item Clause: Limit 1 of each item\n|clearpoke\n|poke|p1|Sharpedo, L50, M|\n|poke|p1|Empoleon, L50, F|\n|poke|p1|Ninetales-Alola, L50, M|\n|poke|p1|Aerodactyl, L50, F|\n|poke|p1|Scizor, L50, M|\n|poke|p1|Sinistcha, L50|\n|poke|p2|Golurk, L50|\n|poke|p2|Starmie, L50|\n|poke|p2|Klefki, L50, F|\n|poke|p2|Whimsicott, L50, M|\n|poke|p2|Farigiraf, L50, F|\n|poke|p2|Incineroar, L50, F|\n|teampreview|4\nDsauce9 has agreed to open team sheets.\n|\n|t:|1776038400\n|teamsize|p1|4\n|teamsize|p2|4\n|start\n|switch|p1a: Sharpedo|Sharpedo, L50, M|100/100\n|switch|p1b: Empoleon|Empoleon, L50, F|100/100\n|switch|p2a: Incineroar|Incineroar, L50, F|100/100\n|switch|p2b: Klefki|Klefki, L50, F|100/100\n|-ability|p2a: Incineroar|Intimidate|boost\n|-unboost|p1a: Sharpedo|atk|1\n|-unboost|p1b: Empoleon|atk|1\n|-ability|p1b: Empoleon|Competitive|boost\n|-boost|p1b: Empoleon|spa|2\n|turn|1\n|\n|t:|1776038430\n|switch|p1a: Aerodactyl|Aerodactyl, L50, F|100/100\n|-ability|p1a: Aerodactyl|Unnerve\n|move|p2a: Incineroar|Fake Out|p1b: Empoleon\n|-resisted|p1b: Empoleon|1\n|-damage|p1b: Empoleon|96/100\n|cant|p1b: Empoleon|flinch\n|move|p2b: Klefki|Trick Room|p2b: Klefki\n|-fieldstart|move: Trick Room|[of] p2b: Klefki\n|\n|-heal|p1b: Empoleon|100/100|[from] item: Leftovers\n|upkeep\n|turn|2\n|inactive|Battle timer is ON: inactive players will automatically lose when time's up. (requested by Trigga1)\n|\n|t:|1776038452\n|move|p2b: Klefki|Protect|p2b: Klefki\n|-singleturn|p2b: Klefki|Protect\n|move|p1a: Aerodactyl|Protect|p1a: Aerodactyl\n|-singleturn|p1a: Aerodactyl|Protect\n|move|p2a: Incineroar|Parting Shot|p1a: Aerodactyl\n|-activate|p1a: Aerodactyl|move: Protect\n|move|p1b: Empoleon|Surf|p2b: Klefki|[spread] p2a\n|-activate|p1a: Aerodactyl|move: Protect\n|-activate|p2b: Klefki|move: Protect\n|-supereffective|p2a: Incineroar|1\n|-damage|p2a: Incineroar|20/100\n|\n|upkeep\n|turn|3\n|inactive|Trigga1 has 30 seconds left.\n|\n|t:|1776038484\n|switch|p1a: Sinistcha|Sinistcha, L50, shiny|100/100\n|-enditem|p2a: Incineroar|Sitrus Berry|[eat]\n|-heal|p2a: Incineroar|45/100|[from] item: Sitrus Berry\n|move|p2a: Incineroar|Parting Shot|p1a: Sinistcha\n|-unboost|p1a: Sinistcha|atk|1\n|-unboost|p1a: Sinistcha|spa|1\n|\n|t:|1776038491\n|switch|p2a: Golurk|Golurk, L50|100/100|[from] Parting Shot\n|move|p1b: Empoleon|Yawn|p2a: Golurk\n|-start|p2a: Golurk|move: Yawn|[of] p1b: Empoleon\n|move|p2b: Klefki|Dazzling Gleam|p1a: Sinistcha|[spread] p1a,p1b\n|-resisted|p1b: Empoleon|1\n|-damage|p1a: Sinistcha|84/100\n|-damage|p1b: Empoleon|94/100\n|\n|-heal|p1b: Empoleon|99/100|[from] item: Leftovers\n|upkeep\n|turn|4\n|inactive|Trigga1 has 30 seconds left.\n|\n|t:|1776038518\n|switch|p2a: Incineroar|Incineroar, L50, F|45/100\n|-ability|p2a: Incineroar|Intimidate|boost\n|-unboost|p1a: Sinistcha|atk|1\n|-unboost|p1b: Empoleon|atk|1\n|-ability|p1b: Empoleon|Competitive|boost\n|-boost|p1b: Empoleon|spa|2\n|switch|p1a: Aerodactyl|Aerodactyl, L50, F|100/100\n|-ability|p1a: Aerodactyl|Unnerve\n|move|p1b: Empoleon|Protect|p1b: Empoleon\n|-singleturn|p1b: Empoleon|Protect\n|move|p2b: Klefki|Dazzling Gleam|p1b: Empoleon|[spread] p1a\n|-activate|p1b: Empoleon|move: Protect\n|-damage|p1a: Aerodactyl|75/100\n|\n|-heal|p1b: Empoleon|100/100|[from] item: Leftovers\n|upkeep\n|turn|5\n|inactive|Trigga1 has 30 seconds left.\n|\n|t:|1776038545\n|move|p2a: Incineroar|Fake Out|p1b: Empoleon\n|-resisted|p1b: Empoleon|1\n|-damage|p1b: Empoleon|96/100\n|cant|p1b: Empoleon|flinch\n|move|p2b: Klefki|Dazzling Gleam|p1b: Empoleon|[spread] p1a,p1b\n|-resisted|p1b: Empoleon|1\n|-damage|p1a: Aerodactyl|50/100\n|-damage|p1b: Empoleon|89/100\n|move|p1a: Aerodactyl|Taunt|p2b: Klefki\n|-start|p2b: Klefki|move: Taunt\n|\n|-heal|p1b: Empoleon|95/100|[from] item: Leftovers\n|-fieldend|move: Trick Room\n|upkeep\n|turn|6\n|\n|t:|1776038565\n|move|p1a: Aerodactyl|Protect|p1a: Aerodactyl\n|-singleturn|p1a: Aerodactyl|Protect\n|move|p2b: Klefki|Dazzling Gleam|p1a: Aerodactyl|[spread] p1b\n|-activate|p1a: Aerodactyl|move: Protect\n|-resisted|p1b: Empoleon|1\n|-damage|p1b: Empoleon|88/100\n|move|p1b: Empoleon|Surf|p2b: Klefki|[spread] p2a,p2b\n|-activate|p1a: Aerodactyl|move: Protect\n|-supereffective|p2a: Incineroar|1\n|-damage|p2a: Incineroar|0 fnt\n|-damage|p2b: Klefki|4/100\n|faint|p2a: Incineroar\n|\n|-heal|p2b: Klefki|10/100|[from] item: Leftovers\n|-heal|p1b: Empoleon|94/100|[from] item: Leftovers\n|upkeep\n|\n|t:|1776038578\n|switch|p2a: Farigiraf|Farigiraf, L50, F|100/100\n|turn|7\n|\n|t:|1776038593\n|move|p1a: Aerodactyl|Taunt|p2a: Farigiraf\n|-start|p2a: Farigiraf|move: Taunt\n|move|p2b: Klefki|Dazzling Gleam|p1b: Empoleon|[spread] p1a,p1b\n|-resisted|p1b: Empoleon|1\n|-damage|p1a: Aerodactyl|25/100\n|-damage|p1b: Empoleon|86/100\n|move|p1b: Empoleon|Surf|p2a: Farigiraf|[spread] p1a,p2a,p2b\n|-supereffective|p1a: Aerodactyl|1\n|-damage|p1a: Aerodactyl|0 fnt\n|-damage|p2a: Farigiraf|17/100\n|-damage|p2b: Klefki|0 fnt\n|faint|p1a: Aerodactyl\n|faint|p2b: Klefki\n|cant|p2a: Farigiraf|move: Taunt|Trick Room\n|\n|-heal|p1b: Empoleon|92/100|[from] item: Leftovers\n|upkeep\n|\n|t:|1776038609\n|switch|p1a: Sharpedo|Sharpedo, L50, M|100/100\n|switch|p2b: Golurk|Golurk, L50|100/100\n|turn|8\n|\n|t:|1776038623\n|detailschange|p2b: Golurk|Golurk-Mega, L50\n|-mega|p2b: Golurk|Golurk|Golurkite\n|move|p1a: Sharpedo|Protect|p1a: Sharpedo\n|-singleturn|p1a: Sharpedo|Protect\n|move|p1b: Empoleon|Surf|p2b: Golurk|[spread] p2a,p2b\n|-activate|p1a: Sharpedo|move: Protect\n|-supereffective|p2b: Golurk|1\n|-damage|p2a: Farigiraf|0 fnt\n|-damage|p2b: Golurk|0 fnt\n|faint|p2a: Farigiraf\n|faint|p2b: Golurk\n|\n|win|Trigga1\n|raw|Trigga1's rating: 1079 &rarr; <strong>1110</strong><br />(+31 for winning)\n|raw|Dsauce9's rating: 1115 &rarr; <strong>1087</strong><br />(-28 for losing)\n|l|\u2606Dsauce9\n|player|p2|\n",
  "uploadtime": 1776038638,
  "views": 18,
  "formatid": "gen9championsvgc2026regma",
  "rating": 1087,
  "private": 0,
  "password": null
}