{
  "id": "gen9championsvgc2026regma-2586907159",
  "format": "[Gen 9 Champions] VGC 2026 Reg M-A",
  "players": [
    "vvyckii",
    "itsjustsomni"
  ],
  "log": "|j|\u2606vvyckii\n|j|\u2606itsjustsomni\n|t:|1776470619\n|gametype|doubles\n|player|p1|vvyckii|1|1202\n|player|p2|itsjustsomni|cyrus|1139\n|gen|9\n|tier|[Gen 9 Champions] VGC 2026 Reg M-A\n|rated|\n|rule|Species Clause: Limit one of each Pok\u00e9mon\n|rule|Item Clause: Limit 1 of each item\n|clearpoke\n|poke|p1|Gengar, L50, F|\n|poke|p1|Altaria, L50, F|\n|poke|p1|Incineroar, L50, F|\n|poke|p1|Sinistcha, L50|\n|poke|p1|Primarina, L50, F|\n|poke|p1|Azumarill, L50, M|\n|poke|p2|Aggron, L50, F|\n|poke|p2|Sinistcha, L50|\n|poke|p2|Hydreigon, L50, F|\n|poke|p2|Rotom-Wash, L50|\n|poke|p2|Incineroar, L50, F|\n|poke|p2|Aerodactyl, L50, M|\n|teampreview|4\n|inactive|Battle timer is ON: inactive players will automatically lose when time's up. (requested by itsjustsomni)\n|\n|t:|1776470649\n|teamsize|p1|4\n|teamsize|p2|4\n|start\n|switch|p1a: Primarina|Primarina, L50, F, shiny|100/100\n|switch|p1b: Gengar|Gengar, L50, F, shiny|100/100\n|switch|p2a: Hydreigon|Hydreigon, L50, F|100/100\n|switch|p2b: Rotom|Rotom-Wash, L50|100/100\n|turn|1\n|\n|t:|1776470670\n|switch|p2a: Incineroar|Incineroar, L50, F|100/100\n|-ability|p2a: Incineroar|Intimidate|boost\n|-unboost|p1a: Primarina|atk|1\n|-unboost|p1b: Gengar|atk|1\n|detailschange|p1b: Gengar|Gengar-Mega, L50, F, shiny\n|-mega|p1b: Gengar|Gengar|Gengarite\n|move|p1b: Gengar|Protect|p1b: Gengar\n|-singleturn|p1b: Gengar|Protect\n|move|p2b: Rotom|Thunderbolt|p1a: Primarina\n|-supereffective|p1a: Primarina|1\n|-damage|p1a: Primarina|23/100\n|move|p1a: Primarina|Flip Turn|p2a: Incineroar\n|-supereffective|p2a: Incineroar|1\n|-damage|p2a: Incineroar|80/100\n|\n|t:|1776470688\n|switch|p1a: Sinistcha|Sinistcha, L50, shiny|100/100|[from] Flip Turn\n|\n|upkeep\n|turn|2\n|inactive|itsjustsomni has 30 seconds left.\n|\n|t:|1776470713\n|move|p1a: Sinistcha|Rage Powder|p1a: Sinistcha\n|-singleturn|p1a: Sinistcha|move: Rage Powder\n|move|p1b: Gengar|Perish Song|p1b: Gengar\n|-start|p1a: Sinistcha|perish3|[silent]\n|-start|p1b: Gengar|perish3|[silent]\n|-start|p2a: Incineroar|perish3|[silent]\n|-start|p2b: Rotom|perish3|[silent]\n|-fieldactivate|move: Perish Song\n|move|p2b: Rotom|Thunderbolt|p1a: Sinistcha\n|-resisted|p1a: Sinistcha|1\n|-damage|p1a: Sinistcha|76/100\n|move|p2a: Incineroar|Taunt|p1a: Sinistcha\n|-start|p1a: Sinistcha|move: Taunt\n|\n|-start|p1b: Gengar|perish3\n|-start|p2b: Rotom|perish3\n|-start|p1a: Sinistcha|perish3\n|-start|p2a: Incineroar|perish3\n|upkeep\n|turn|3\n|inactive|vvyckii has 30 seconds left.\n|inactive|itsjustsomni has 30 seconds left.\n|\n|t:|1776470747\n|switch|p1a: Primarina|Primarina, L50, F, shiny|23/100\n|move|p1b: Gengar|Protect|p1b: Gengar\n|-singleturn|p1b: Gengar|Protect\n|move|p2b: Rotom|Thunderbolt|p1a: Primarina\n|-supereffective|p1a: Primarina|1\n|-damage|p1a: Primarina|0 fnt\n|faint|p1a: Primarina\n|move|p2a: Incineroar|Parting Shot|p1b: Gengar\n|-activate|p1b: Gengar|move: Protect\n|\n|-start|p1b: Gengar|perish2\n|-start|p2b: Rotom|perish2\n|-start|p2a: Incineroar|perish2\n|upkeep\n|\n|t:|1776470759\n|switch|p1a: Azumarill|Azumarill, L50, M|100/100\n|turn|4\n|\n|t:|1776470784\n|move|p1b: Gengar|Substitute|p1b: Gengar\n|-start|p1b: Gengar|Substitute\n|-damage|p1b: Gengar|76/100\n|move|p2b: Rotom|Thunderbolt|p1a: Azumarill\n|-supereffective|p1a: Azumarill|1\n|-damage|p1a: Azumarill|4/100\n|-status|p1a: Azumarill|par\n|-enditem|p1a: Azumarill|Sitrus Berry|[eat]\n|-heal|p1a: Azumarill|29/100 par|[from] item: Sitrus Berry\n|move|p2a: Incineroar|Parting Shot|p1a: Azumarill\n|-unboost|p1a: Azumarill|atk|1\n|-unboost|p1a: Azumarill|spa|1\n|\n|t:|1776470798\n|switch|p2a: Aggron|Aggron, L50, F|100/100|[from] Parting Shot\n|cant|p1a: Azumarill|par\n|\n|-start|p1b: Gengar|perish1\n|-start|p2b: Rotom|perish1\n|upkeep\n|turn|5\n|\n|t:|1776470823\n|switch|p1b: Sinistcha|Sinistcha, L50, shiny|76/100\n|-heal|p1a: Azumarill|54/100 par|[from] ability: Hospitality|[of] p1b: Sinistcha\n|detailschange|p2a: Aggron|Aggron-Mega, L50, F\n|-mega|p2a: Aggron|Aggron|Aggronite\n|move|p1a: Azumarill|Protect|p1a: Azumarill\n|-singleturn|p1a: Azumarill|Protect\n|move|p2b: Rotom|Thunderbolt|p1a: Azumarill\n|-activate|p1a: Azumarill|move: Protect\n|move|p2a: Aggron|Iron Defense|p2a: Aggron\n|-boost|p2a: Aggron|def|2\n|\n|-start|p2b: Rotom|perish0\n|faint|p2b: Rotom\n|upkeep\n|\n|t:|1776470843\n|switch|p2b: Incineroar|Incineroar, L50, F|80/100\n|-ability|p2b: Incineroar|Intimidate|boost\n|-unboost|p1a: Azumarill|atk|1\n|-unboost|p1b: Sinistcha|atk|1\n|turn|6\n|\n|t:|1776470859\n|move|p1b: Sinistcha|Rage Powder|p1b: Sinistcha\n|-singleturn|p1b: Sinistcha|move: Rage Powder\n|move|p2b: Incineroar|Flare Blitz|p1b: Sinistcha\n|-supereffective|p1b: Sinistcha|1\n|-damage|p1b: Sinistcha|0 fnt\n|faint|p1b: Sinistcha\n|-damage|p2b: Incineroar|57/100|[from] Recoil\n|move|p2a: Aggron|Body Press|p1a: Azumarill\n|-resisted|p1a: Azumarill|1\n|-damage|p1a: Azumarill|16/100 par\n|move|p1a: Azumarill|Belly Drum||[still]\n|-fail|p1a: Azumarill\n|\n|upkeep\n|\n|t:|1776470869\n|switch|p1b: Gengar|Gengar-Mega, L50, F, shiny|76/100\n|turn|7\n|-message|vvyckii forfeited.\n|\n|win|itsjustsomni\n|raw|vvyckii's rating: 1202 &rarr; <strong>1173</strong><br />(-29 for losing)\n|raw|itsjustsomni's rating: 1139 &rarr; <strong>1168</strong><br />(+29 for winning)\n|l|\u2606vvyckii\n|player|p1|\n",
  "uploadtime": 1776470880,
  "views": 20,
  "formatid": "gen9championsvgc2026regma",
  "rating": 1168,
  "private": 0,
  "password": null
}