{
  "id": "gen9championsvgc2026regma-2585146810",
  "format": "[Gen 9 Champions] VGC 2026 Reg M-A",
  "players": [
    "lowtiersemar",
    "wet paper mario"
  ],
  "log": "|j|\u2606lowtiersemar\n|j|\u2606wet paper mario\n|t:|1776317495\n|gametype|doubles\n|player|p1|lowtiersemar|cheren-gen5bw2|1148\n|player|p2|wet paper mario|266|1076\n|gen|9\n|tier|[Gen 9 Champions] VGC 2026 Reg M-A\n|rated|\n|rule|Species Clause: Limit one of each Pok\u00e9mon\n|rule|Item Clause: Limit 1 of each item\n|clearpoke\n|poke|p1|Incineroar, L50, F|\n|poke|p1|Sneasler, L50, M|\n|poke|p1|Starmie, L50|\n|poke|p1|Ninetales-Alola, L50, M|\n|poke|p1|Farigiraf, L50, M|\n|poke|p1|Froslass, L50, F|\n|poke|p2|Kangaskhan, L50, F|\n|poke|p2|Kingambit, L50, F|\n|poke|p2|Sneasler, L50, F|\n|poke|p2|Alcremie, L50, F|\n|poke|p2|Aerodactyl, L50, F|\n|poke|p2|Sinistcha-Masterpiece, L50|\n|teampreview|4\n|inactive|Battle timer is ON: inactive players will automatically lose when time's up. (requested by wet paper mario)\n|\n|t:|1776317523\n|teamsize|p1|4\n|teamsize|p2|4\n|start\n|switch|p1a: Sneasler|Sneasler, L50, M|100/100\n|switch|p1b: Starmie|Starmie, L50|100/100\n|switch|p2a: Kangaskhan|Kangaskhan, L50, F|100/100\n|switch|p2b: Aerodactyl|Aerodactyl, L50, F|100/100\n|turn|1\n|inactive|lowtiersemar has 30 seconds left.\n|inactive|wet paper mario has 30 seconds left.\n|\n|t:|1776317549\n|detailschange|p1b: Starmie|Starmie-Mega, L50\n|-mega|p1b: Starmie|Starmie|Starminite\n|detailschange|p2a: Kangaskhan|Kangaskhan-Mega, L50, F\n|-mega|p2a: Kangaskhan|Kangaskhan|Kangaskhanite\n|move|p2a: Kangaskhan|Fake Out|p1b: Starmie\n|-damage|p1b: Starmie|74/100\n|-damage|p1b: Starmie|68/100\n|-hitcount|p1b: Starmie|2\n|move|p1a: Sneasler|Fake Out|p2b: Aerodactyl\n|-resisted|p2b: Aerodactyl|1\n|-damage|p2b: Aerodactyl|88/100\n|cant|p2b: Aerodactyl|flinch\n|cant|p1b: Starmie|flinch\n|\n|upkeep\n|turn|2\n|\n|t:|1776317570\n|move|p2b: Aerodactyl|Tailwind|p2b: Aerodactyl\n|-sidestart|p2: wet paper mario|move: Tailwind\n|move|p2a: Kangaskhan|Double-Edge|p1b: Starmie\n|-damage|p1b: Starmie|0 fnt\n|faint|p1b: Starmie\n|-hitcount|p1: Starmie|1\n|-damage|p2a: Kangaskhan|84/100|[from] Recoil\n|move|p1a: Sneasler|Close Combat|p2a: Kangaskhan\n|-supereffective|p2a: Kangaskhan|1\n|-damage|p2a: Kangaskhan|0 fnt\n|-unboost|p1a: Sneasler|def|1\n|-unboost|p1a: Sneasler|spd|1\n|faint|p2a: Kangaskhan\n|-enditem|p1a: Sneasler|White Herb\n|-clearnegativeboost|p1a: Sneasler|[silent]\n|\n|upkeep\n|\n|t:|1776317583\n|switch|p1b: Incineroar|Incineroar, L50, F|100/100\n|switch|p2a: Alcremie|Alcremie, L50, F|100/100\n|-ability|p1b: Incineroar|Intimidate|boost\n|-unboost|p2a: Alcremie|atk|1\n|-unboost|p2b: Aerodactyl|atk|1\n|turn|3\n|\n|t:|1776317594\n|move|p2b: Aerodactyl|Protect|p2b: Aerodactyl\n|-singleturn|p2b: Aerodactyl|Protect\n|move|p1b: Incineroar|Fake Out|p2b: Aerodactyl\n|-activate|p2b: Aerodactyl|move: Protect\n|move|p1a: Sneasler|Close Combat|p2b: Aerodactyl\n|-activate|p2b: Aerodactyl|move: Protect\n|move|p2a: Alcremie|Decorate|p2b: Aerodactyl\n|-boost|p2b: Aerodactyl|atk|2\n|-boost|p2b: Aerodactyl|spa|2\n|\n|upkeep\n|turn|4\n|\n|t:|1776317611\n|move|p2b: Aerodactyl|Rock Slide|p1a: Sneasler|[spread] p1a,p1b\n|-resisted|p1a: Sneasler|1\n|-supereffective|p1b: Incineroar|1\n|-damage|p1a: Sneasler|67/100\n|-damage|p1b: Incineroar|5/100\n|move|p1a: Sneasler|Close Combat|p2b: Aerodactyl\n|-damage|p2b: Aerodactyl|0 fnt\n|-unboost|p1a: Sneasler|def|1\n|-unboost|p1a: Sneasler|spd|1\n|faint|p2b: Aerodactyl\n|move|p2a: Alcremie|Dazzling Gleam|p1b: Incineroar|[spread] p1a,p1b\n|-damage|p1a: Sneasler|17/100\n|-damage|p1b: Incineroar|0 fnt\n|faint|p1b: Incineroar\n|\n|upkeep\n|\n|t:|1776317624\n|switch|p2b: Kingambit|Kingambit, L50, F|100/100\n|switch|p1b: Farigiraf|Farigiraf, L50, M|100/100\n|turn|5\n|\n|t:|1776317640\n|move|p1a: Sneasler|Protect|p1a: Sneasler\n|-singleturn|p1a: Sneasler|Protect\n|move|p1b: Farigiraf|Protect|p1b: Farigiraf\n|-singleturn|p1b: Farigiraf|Protect\n|move|p2b: Kingambit|Sucker Punch||[still]\n|cant|p1b: Farigiraf|ability: Armor Tail|Sucker Punch|[of] p2b: Kingambit\n|move|p2a: Alcremie|Decorate|p2b: Kingambit\n|-boost|p2b: Kingambit|atk|2\n|-boost|p2b: Kingambit|spa|2\n|\n|-sideend|p2: wet paper mario|move: Tailwind\n|upkeep\n|turn|6\n|\n|t:|1776317651\n|move|p2b: Kingambit|Protect|p2b: Kingambit\n|-singleturn|p2b: Kingambit|Protect\n|move|p1a: Sneasler|Close Combat|p2b: Kingambit\n|-activate|p2b: Kingambit|move: Protect\n|move|p2a: Alcremie|Dazzling Gleam|p1b: Farigiraf|[spread] p1a,p1b\n|-damage|p1a: Sneasler|0 fnt\n|-damage|p1b: Farigiraf|77/100\n|faint|p1a: Sneasler\n|move|p1b: Farigiraf|Psychic|p2a: Alcremie\n|-damage|p2a: Alcremie|66/100\n|\n|upkeep\n|turn|7\n|c|\u2606lowtiersemar|hijo de perra\n|inactive|lowtiersemar has 30 seconds left.\n|-message|lowtiersemar forfeited.\n|\n|win|wet paper mario\n",
  "uploadtime": 1776317673,
  "views": 15,
  "formatid": "gen9championsvgc2026regma",
  "rating": null,
  "private": 0,
  "password": null
}