{
  "id": "gen9championsvgc2026regma-2581462788",
  "format": "[Gen 9 Champions] VGC 2026 Reg M-A",
  "players": [
    "zeranogamer147",
    "JohnHD"
  ],
  "log": "|j|\u2606zeranogamer147\n|j|\u2606JohnHD\n|t:|1776002802\n|gametype|doubles\n|player|p1|zeranogamer147|2|1264\n|player|p2|JohnHD|lucas|1166\n|gen|9\n|tier|[Gen 9 Champions] VGC 2026 Reg M-A\n|rated|\n|rule|Species Clause: Limit one of each Pok\u00e9mon\n|rule|Item Clause: Limit 1 of each item\n|clearpoke\n|poke|p1|Charizard, L50, M|\n|poke|p1|Venusaur, L50, M|\n|poke|p1|Garchomp, L50, M|\n|poke|p1|Gardevoir, L50, F|\n|poke|p1|Milotic, L50, M|\n|poke|p1|Incineroar, L50, M|\n|poke|p2|Pelipper, L50, F|\n|poke|p2|Archaludon, L50, F|\n|poke|p2|Sinistcha, L50|\n|poke|p2|Feraligatr, L50, M|\n|poke|p2|Chesnaught, L50, M|\n|poke|p2|Incineroar, L50, M|\n|teampreview|4\n|\n|t:|1776002877\n|teamsize|p1|4\n|teamsize|p2|4\n|start\n|switch|p1a: Charizard|Charizard, L50, M|100/100\n|switch|p1b: Venusaur|Venusaur, L50, M|100/100\n|switch|p2a: Archaludon|Archaludon, L50, F|100/100\n|switch|p2b: Incineroar|Incineroar, L50, M|100/100\n|-ability|p2b: Incineroar|Intimidate|boost\n|-unboost|p1a: Charizard|atk|1\n|-unboost|p1b: Venusaur|atk|1\n|turn|1\n|\n|t:|1776002931\n|switch|p2a: Feraligatr|Feraligatr, L50, M|100/100\n|move|p1a: Charizard|Protect|p1a: Charizard\n|-singleturn|p1a: Charizard|Protect\n|move|p1b: Venusaur|Protect|p1b: Venusaur\n|-singleturn|p1b: Venusaur|Protect\n|move|p2b: Incineroar|Fake Out|p1b: Venusaur\n|-activate|p1b: Venusaur|move: Protect\n|\n|upkeep\n|turn|2\n|\n|t:|1776002973\n|detailschange|p1a: Charizard|Charizard-Mega-Y, L50, M\n|-mega|p1a: Charizard|Charizard|Charizardite Y\n|-weather|SunnyDay|[from] ability: Drought|[of] p1a: Charizard\n|move|p2a: Feraligatr|Protect|p2a: Feraligatr\n|-singleturn|p2a: Feraligatr|Protect\n|move|p1b: Venusaur|Sleep Powder|p2a: Feraligatr\n|-activate|p2a: Feraligatr|move: Protect\n|move|p1a: Charizard|Solar Beam||[still]\n|-prepare|p1a: Charizard|Solar Beam\n|-anim|p1a: Charizard|Solar Beam|p2a: Feraligatr\n|-activate|p2a: Feraligatr|move: Protect\n|move|p2b: Incineroar|Parting Shot|p1b: Venusaur\n|-unboost|p1b: Venusaur|atk|1\n|-unboost|p1b: Venusaur|spa|1\n|\n|t:|1776002986\n|switch|p2b: Pelipper|Pelipper, L50, F|100/100|[from] Parting Shot\n|-weather|RainDance|[from] ability: Drizzle|[of] p2b: Pelipper\n|\n|-weather|RainDance|[upkeep]\n|upkeep\n|turn|3\n|\n|t:|1776003002\n|switch|p1a: Gardevoir|Gardevoir, L50, F|100/100\n|-ability|p1a: Gardevoir|Drizzle|Trace|[from] ability: Trace|[of] p2b: Pelipper\n|detailschange|p2a: Feraligatr|Feraligatr-Mega, L50, M\n|-mega|p2a: Feraligatr|Feraligatr|Feraligite\n|move|p2a: Feraligatr|Aqua Jet|p1a: Gardevoir\n|-damage|p1a: Gardevoir|40/100\n|move|p1b: Venusaur|Sleep Powder|p2a: Feraligatr|[miss]\n|-miss|p1b: Venusaur|p2a: Feraligatr\n|move|p2b: Pelipper|Tailwind|p2b: Pelipper\n|-sidestart|p2: JohnHD|move: Tailwind\n|\n|-weather|RainDance|[upkeep]\n|upkeep\n|turn|4\n|\n|t:|1776003027\n|move|p2b: Pelipper|Hurricane|p1b: Venusaur\n|-supereffective|p1b: Venusaur|1\n|-enditem|p1b: Venusaur|Focus Sash\n|-damage|p1b: Venusaur|1/100\n|-start|p1b: Venusaur|confusion\n|move|p2a: Feraligatr|Liquidation|p1a: Gardevoir\n|-damage|p1a: Gardevoir|0 fnt\n|faint|p1a: Gardevoir\n|-activate|p1b: Venusaur|confusion\n|move|p1b: Venusaur|Sleep Powder|p2a: Feraligatr\n|-status|p2a: Feraligatr|slp|[from] move: Sleep Powder\n|\n|-weather|RainDance|[upkeep]\n|upkeep\n|\n|t:|1776003034\n|switch|p1a: Charizard|Charizard-Mega-Y, L50, M|100/100\n|-weather|SunnyDay|[from] ability: Drought|[of] p1a: Charizard\n|turn|5\n|\n|t:|1776003050\n|switch|p2a: Incineroar|Incineroar, L50, M|100/100\n|-ability|p2a: Incineroar|Intimidate|boost\n|-unboost|p1a: Charizard|atk|1\n|-unboost|p1b: Venusaur|atk|1\n|-activate|p1b: Venusaur|confusion\n|-damage|p1b: Venusaur|0 fnt|[from] confusion\n|faint|p1b: Venusaur\n|move|p2b: Pelipper|Weather Ball|p1a: Charizard\n|-resisted|p1a: Charizard|1\n|-damage|p1a: Charizard|77/100\n|move|p1a: Charizard|Solar Beam||[still]\n|-prepare|p1a: Charizard|Solar Beam\n|-anim|p1a: Charizard|Solar Beam|p2a: Incineroar\n|-resisted|p2a: Incineroar|1\n|-damage|p2a: Incineroar|80/100\n|\n|-weather|SunnyDay|[upkeep]\n|upkeep\n|-message|zeranogamer147 forfeited.\n|\n|win|JohnHD\n|raw|zeranogamer147's rating: 1236 &rarr; <strong>1206</strong><br />(-30 for losing)\n|raw|JohnHD's rating: 1166 &rarr; <strong>1196</strong><br />(+30 for winning)\n",
  "uploadtime": 1776003065,
  "views": 16,
  "formatid": "gen9championsvgc2026regma",
  "rating": 1196,
  "private": 0,
  "password": null
}