{
  "id": "gen9championsvgc2026regma-2584001123",
  "format": "[Gen 9 Champions] VGC 2026 Reg M-A",
  "players": [
    "TheLucasus12",
    "papupapone"
  ],
  "log": "|j|\u2606TheLucasus12\n|j|\u2606papupapone\n|t:|1776215654\n|gametype|doubles\n|player|p1|TheLucasus12|hiker-gen4|1064\n|player|p2|papupapone|265|1156\n|gen|9\n|tier|[Gen 9 Champions] VGC 2026 Reg M-A\n|rated|\n|rule|Species Clause: Limit one of each Pok\u00e9mon\n|rule|Item Clause: Limit 1 of each item\n|clearpoke\n|poke|p1|Dragonite, L50, F|\n|poke|p1|Basculegion, L50, M|\n|poke|p1|Archaludon, L50, F|\n|poke|p1|Pelipper, L50, F|\n|poke|p1|Incineroar, L50, M|\n|poke|p1|Meowstic, L50, M|\n|poke|p2|Tyranitar, L50, F|\n|poke|p2|Rotom-Wash, L50|\n|poke|p2|Corviknight, L50, F|\n|poke|p2|Incineroar, L50, M|\n|poke|p2|Sinistcha, L50|\n|poke|p2|Sneasler, L50, F|\n|teampreview|4\nTheLucasus12 rejected open team sheets.\n|\n|t:|1776215687\n|teamsize|p1|4\n|teamsize|p2|4\n|start\n|switch|p1a: Meowstic|Meowstic, L50, M|100/100\n|switch|p1b: Incineroar|Incineroar, L50, M|100/100\n|switch|p2a: Tyranitar|Tyranitar, L50, F|100/100\n|switch|p2b: Rotom|Rotom-Wash, L50|100/100\n|-ability|p1b: Incineroar|Intimidate|boost\n|-unboost|p2a: Tyranitar|atk|1\n|-unboost|p2b: Rotom|atk|1\n|-weather|Sandstorm|[from] ability: Sand Stream|[of] p2a: Tyranitar\n|turn|1\n|inactive|Battle timer is ON: inactive players will automatically lose when time's up. (requested by papupapone)\n|\n|t:|1776215712\n|detailschange|p2a: Tyranitar|Tyranitar-Mega, L50, F\n|-mega|p2a: Tyranitar|Tyranitar|Tyranitarite\n|move|p1b: Incineroar|Fake Out|p2a: Tyranitar\n|-resisted|p2a: Tyranitar|1\n|-damage|p2a: Tyranitar|96/100\n|move|p1a: Meowstic|Rain Dance|p1a: Meowstic\n|-weather|RainDance\n|move|p2b: Rotom|Volt Switch|p1b: Incineroar\n|-damage|p1b: Incineroar|57/100\n|\n|t:|1776215724\n|switch|p2b: Incineroar|Incineroar, L50, M|100/100|[from] Volt Switch\n|-ability|p2b: Incineroar|Intimidate|boost\n|-unboost|p1a: Meowstic|atk|1\n|-unboost|p1b: Incineroar|atk|1\n|cant|p2a: Tyranitar|flinch\n|\n|-weather|RainDance|[upkeep]\n|upkeep\n|turn|2\n|inactive|TheLucasus12 has 30 seconds left.\n|inactive|papupapone has 30 seconds left.\n|inactive|papupapone has 20 seconds left.\n|inactive|papupapone has 15 seconds left.\n|\n|t:|1776215767\n|switch|p2a: Rotom|Rotom-Wash, L50|100/100\n|move|p1a: Meowstic|Reflect|p1a: Meowstic\n|-sidestart|p1: TheLucasus12|Reflect\n|move|p1b: Incineroar|Parting Shot|p2b: Incineroar\n|-unboost|p2b: Incineroar|atk|1\n|-unboost|p2b: Incineroar|spa|1\n|\n|t:|1776215780\n|switch|p1b: Archaludon|Archaludon, L50, F|100/100|[from] Parting Shot\n|move|p2b: Incineroar|Parting Shot|p1b: Archaludon\n|-unboost|p1b: Archaludon|atk|1\n|-unboost|p1b: Archaludon|spa|1\n|\n|t:|1776215793\n|switch|p2b: Tyranitar|Tyranitar-Mega, L50, F|96/100|[from] Parting Shot\n|-weather|Sandstorm|[from] ability: Sand Stream|[of] p2b: Tyranitar\n|\n|-weather|Sandstorm|[upkeep]\n|-damage|p2a: Rotom|95/100|[from] Sandstorm\n|-damage|p1a: Meowstic|94/100|[from] Sandstorm\n|upkeep\n|turn|3\n|inactive|TheLucasus12 has 30 seconds left.\n|\n|t:|1776215820\n|move|p2b: Tyranitar|Protect|p2b: Tyranitar\n|-singleturn|p2b: Tyranitar|Protect\n|move|p1a: Meowstic|Rain Dance|p1a: Meowstic\n|-weather|RainDance\n|move|p2a: Rotom|Volt Switch|p1a: Meowstic\n|-damage|p1a: Meowstic|53/100\n|\n|t:|1776215826\n|switch|p2a: Sneasler|Sneasler, L50, F|100/100|[from] Volt Switch\n|move|p1b: Archaludon|Electro Shot||[still]\n|-prepare|p1b: Archaludon|Electro Shot\n|-boost|p1b: Archaludon|spa|1\n|-anim|p1b: Archaludon|Electro Shot|p2a: Sneasler\n|-damage|p2a: Sneasler|24/100\n|\n|-weather|RainDance|[upkeep]\n|upkeep\n|turn|4\n|\n|t:|1776215850\n|move|p1a: Meowstic|Light Screen|p1a: Meowstic\n|-sidestart|p1: TheLucasus12|move: Light Screen\n|move|p2a: Sneasler|Close Combat|p1b: Archaludon\n|-supereffective|p1b: Archaludon|1\n|-damage|p1b: Archaludon|40/100\n|-unboost|p2a: Sneasler|def|1\n|-unboost|p2a: Sneasler|spd|1\n|-ability|p1b: Archaludon|Stamina|boost\n|-boost|p1b: Archaludon|def|1\n|-enditem|p2a: Sneasler|White Herb\n|-clearnegativeboost|p2a: Sneasler|[silent]\n|move|p1b: Archaludon|Flash Cannon|p2b: Tyranitar\n|-supereffective|p2b: Tyranitar|1\n|-damage|p2b: Tyranitar|34/100\n|move|p2b: Tyranitar|Knock Off|p1a: Meowstic\n|-supereffective|p1a: Meowstic|1\n|-damage|p1a: Meowstic|0 fnt\n|-enditem|p1a: Meowstic|Mental Herb|[from] move: Knock Off|[of] p2b: Tyranitar\n|faint|p1a: Meowstic\n|\n|-weather|RainDance|[upkeep]\n|upkeep\n|\n|t:|1776215868\n|switch|p1a: Dragonite|Dragonite, L50, F|100/100\n|turn|5\n|\n|t:|1776215892\n|detailschange|p1a: Dragonite|Dragonite-Mega, L50, F\n|-mega|p1a: Dragonite|Dragonite|Dragoninite\n|move|p2a: Sneasler|Close Combat|p1b: Archaludon\n|-supereffective|p1b: Archaludon|1\n|-crit|p1b: Archaludon\n|-damage|p1b: Archaludon|0 fnt\n|-unboost|p2a: Sneasler|def|1\n|-unboost|p2a: Sneasler|spd|1\n|faint|p1b: Archaludon\n|move|p1a: Dragonite|Thunder|p2a: Sneasler\n|-damage|p2a: Sneasler|0 fnt\n|faint|p2a: Sneasler\n|move|p2b: Tyranitar|Rock Slide|p1a: Dragonite\n|-supereffective|p1a: Dragonite|1\n|-damage|p1a: Dragonite|68/100\n|\n|-weather|RainDance|[upkeep]\n|upkeep\n|\n|t:|1776215909\n|switch|p2a: Rotom|Rotom-Wash, L50|95/100\n|switch|p1b: Incineroar|Incineroar, L50, M|57/100\n|-ability|p1b: Incineroar|Intimidate|boost\n|-unboost|p2a: Rotom|atk|1\n|-unboost|p2b: Tyranitar|atk|1\n|turn|6\n|\n|t:|1776215926\n|switch|p2a: Incineroar|Incineroar, L50, M|100/100\n|-ability|p2a: Incineroar|Intimidate|boost\n|-unboost|p1a: Dragonite|atk|1\n|-unboost|p1b: Incineroar|atk|1\n|move|p1b: Incineroar|Fake Out|p2b: Tyranitar\n|-resisted|p2b: Tyranitar|1\n|-damage|p2b: Tyranitar|31/100\n|move|p1a: Dragonite|Thunder|p2a: Incineroar\n|-damage|p2a: Incineroar|65/100\n|cant|p2b: Tyranitar|flinch\n|\n|-weather|RainDance|[upkeep]\n|-sideend|p1: TheLucasus12|Reflect\n|upkeep\n|turn|7\n|inactive|TheLucasus12 has 30 seconds left.\n|inactive|papupapone has 30 seconds left.\n|\n|t:|1776215958\n|move|p1a: Dragonite|Draco Meteor|p2a: Incineroar\n|-damage|p2a: Incineroar|9/100\n|-unboost|p1a: Dragonite|spa|2\n|move|p1b: Incineroar|Parting Shot|p2b: Tyranitar\n|-unboost|p2b: Tyranitar|atk|1\n|-unboost|p2b: Tyranitar|spa|1\n|move|p2b: Tyranitar|Rock Slide|p1a: Dragonite|[spread] p1a,p1b\n|-supereffective|p1a: Dragonite|1\n|-supereffective|p1b: Incineroar|1\n|-damage|p1a: Dragonite|32/100\n|-damage|p1b: Incineroar|14/100\n|-enditem|p1b: Incineroar|Sitrus Berry|[eat]\n|-heal|p1b: Incineroar|39/100|[from] item: Sitrus Berry\n|move|p2a: Incineroar|Parting Shot|p1a: Dragonite\n|-unboost|p1a: Dragonite|atk|1\n|-unboost|p1a: Dragonite|spa|1\n|\n|t:|1776215972\n|switch|p2a: Rotom|Rotom-Wash, L50|95/100|[from] Parting Shot\n|\n|-weather|none\n|upkeep\n|turn|8\n|\n|t:|1776215995\n|switch|p2b: Incineroar|Incineroar, L50, M|9/100\n|-ability|p2b: Incineroar|Intimidate|boost\n|-unboost|p1a: Dragonite|atk|1\n|-unboost|p1b: Incineroar|atk|1\n|move|p2a: Rotom|Volt Switch|p1a: Dragonite\n|-damage|p1a: Dragonite|12/100\n|\n|t:|1776216001\n|switch|p2a: Tyranitar|Tyranitar-Mega, L50, F|31/100|[from] Volt Switch\n|-weather|Sandstorm|[from] ability: Sand Stream|[of] p2a: Tyranitar\n|move|p1a: Dragonite|Draco Meteor|p2a: Tyranitar\n|-damage|p2a: Tyranitar|15/100\n|-unboost|p1a: Dragonite|spa|2\n|move|p1b: Incineroar|Flare Blitz|p2b: Incineroar\n|-resisted|p2b: Incineroar|1\n|-damage|p2b: Incineroar|0 fnt\n|faint|p2b: Incineroar\n|-damage|p1b: Incineroar|35/100|[from] Recoil\n|\n|-weather|Sandstorm|[upkeep]\n|-damage|p1a: Dragonite|6/100|[from] Sandstorm\n|-damage|p1b: Incineroar|30/100|[from] Sandstorm\n|-sideend|p1: TheLucasus12|move: Light Screen\n|upkeep\n|\n|t:|1776216010\n|switch|p2b: Rotom|Rotom-Wash, L50|95/100\n|turn|9\n|\n|t:|1776216027\n|move|p2b: Rotom|Volt Switch|p1a: Dragonite\n|-damage|p1a: Dragonite|0 fnt\n|faint|p1a: Dragonite\n|move|p1b: Incineroar|Flare Blitz|p2a: Tyranitar\n|-resisted|p2a: Tyranitar|1\n|-damage|p2a: Tyranitar|5/100\n|-damage|p1b: Incineroar|25/100|[from] Recoil\n|move|p2a: Tyranitar|Rock Slide|p1b: Incineroar|[miss]\n|-miss|p2a: Tyranitar|p1b: Incineroar\n|\n|-weather|Sandstorm|[upkeep]\n|-damage|p2b: Rotom|89/100|[from] Sandstorm\n|-damage|p1b: Incineroar|20/100|[from] Sandstorm\n|upkeep\n|turn|10\n|\n|t:|1776216043\n|move|p2a: Tyranitar|Protect|p2a: Tyranitar\n|-singleturn|p2a: Tyranitar|Protect\n|move|p2b: Rotom|Volt Switch|p1b: Incineroar\n|-damage|p1b: Incineroar|0 fnt\n|faint|p1b: Incineroar\n|\n|win|papupapone\n|raw|TheLucasus12's rating: 1064 &rarr; <strong>1049</strong><br />(-15 for losing)\n|raw|papupapone's rating: 1156 &rarr; <strong>1175</strong><br />(+19 for winning)\n|l|\u2606papupapone\n|player|p2|\n",
  "uploadtime": 1776216059,
  "views": 17,
  "formatid": "gen9championsvgc2026regma",
  "rating": 1049,
  "private": 0,
  "password": null
}