{
  "id": "gen9championsvgc2026regma-2586346791",
  "format": "[Gen 9 Champions] VGC 2026 Reg M-A",
  "players": [
    "liamovtamworth",
    "Novacast"
  ],
  "log": "|j|\u2606liamovtamworth\n|j|\u2606Novacast\n|t:|1776427480\n|gametype|doubles\n|player|p1|liamovtamworth|1|1113\n|player|p2|Novacast|169|1085\n|gen|9\n|tier|[Gen 9 Champions] VGC 2026 Reg M-A\n|rated|\n|rule|Species Clause: Limit one of each Pok\u00e9mon\n|rule|Item Clause: Limit 1 of each item\n|clearpoke\n|poke|p1|Gengar, L50, M|\n|poke|p1|Incineroar, L50, F|\n|poke|p1|Sinistcha, L50|\n|poke|p1|Kingambit, L50, F|\n|poke|p1|Tyranitar, L50, M|\n|poke|p1|Kommo-o, L50, F|\n|poke|p2|Gengar, L50, F|\n|poke|p2|Incineroar, L50, M|\n|poke|p2|Politoed, L50, M|\n|poke|p2|Rotom-Mow, L50|\n|poke|p2|Kingambit, L50, F|\n|poke|p2|Dragonite, L50, M|\n|teampreview|4\n|inactive|Battle timer is ON: inactive players will automatically lose when time's up. (requested by Novacast)\n|inactive|Novacast has 60 seconds left.\n|\n|t:|1776427532\n|teamsize|p1|4\n|teamsize|p2|4\n|start\n|switch|p1a: Kingambit|Kingambit, L50, F|100/100\n|switch|p1b: Gengar|Gengar, L50, M|100/100\n|switch|p2a: Gengar|Gengar, L50, F, shiny|100/100\n|switch|p2b: Rotom|Rotom-Mow, L50, shiny|100/100\n|turn|1\n|\n|t:|1776427548\n|detailschange|p1b: Gengar|Gengar-Mega, L50, M\n|-mega|p1b: Gengar|Gengar|Gengarite\n|detailschange|p2a: Gengar|Gengar-Mega, L50, F, shiny\n|-mega|p2a: Gengar|Gengar|Gengarite\n|move|p2a: Gengar|Protect|p2a: Gengar\n|-singleturn|p2a: Gengar|Protect\n|move|p1a: Kingambit|Sucker Punch||[still]\n|-fail|p1a: Kingambit\n|move|p2b: Rotom|Trick|p1a: Kingambit\n|-activate|p2b: Rotom|move: Trick|[of] p1a: Kingambit\n|-item|p1a: Kingambit|Choice Scarf|[from] move: Trick\n|-item|p2b: Rotom|Chople Berry|[from] move: Trick\n|move|p1b: Gengar|Shadow Ball|p2a: Gengar\n|-activate|p2a: Gengar|move: Protect\n|\n|upkeep\n|turn|2\n|inactive|Novacast has 30 seconds left.\n|inactive|liamovtamworth has 30 seconds left.\n|inactive|Novacast has 20 seconds left.\n|inactive|Novacast has 15 seconds left.\n|\n|t:|1776427589\n|switch|p2a: Politoed|Politoed, L50, M, shiny|100/100\n|-weather|RainDance|[from] ability: Drizzle|[of] p2a: Politoed\n|move|p1a: Kingambit|Sucker Punch||[still]\n|-fail|p1a: Kingambit\n|move|p1b: Gengar|Shadow Ball|p2a: Politoed\n|-damage|p2a: Politoed|65/100\n|move|p2b: Rotom|Volt Switch|p1b: Gengar\n|-damage|p1b: Gengar|70/100\n|\n|t:|1776427591\n|switch|p2b: Gengar|Gengar-Mega, L50, F, shiny|100/100|[from] Volt Switch\n|\n|-weather|RainDance|[upkeep]\n|-heal|p2a: Politoed|71/100|[from] item: Leftovers\n|upkeep\n|turn|3\n|\n|t:|1776427613\n|move|p1b: Gengar|Protect|p1b: Gengar\n|-singleturn|p1b: Gengar|Protect\n|move|p1a: Kingambit|Sucker Punch|p2b: Gengar\n|-supereffective|p2b: Gengar|1\n|-crit|p2b: Gengar\n|-damage|p2b: Gengar|0 fnt\n|faint|p2b: Gengar\n|move|p2a: Politoed|Perish Song|p2a: Politoed\n|-start|p1a: Kingambit|perish3|[silent]\n|-start|p1b: Gengar|perish3|[silent]\n|-start|p2a: Politoed|perish3|[silent]\n|-fieldactivate|move: Perish Song\n|\n|-weather|RainDance|[upkeep]\n|-heal|p2a: Politoed|77/100|[from] item: Leftovers\n|-start|p1b: Gengar|perish3\n|-start|p1a: Kingambit|perish3\n|-start|p2a: Politoed|perish3\n|upkeep\n|\n|t:|1776427622\n|switch|p2b: Dragonite|Dragonite, L50, M, shiny|100/100\n|turn|4\n|inactive|liamovtamworth has 30 seconds left.\n|inactive|Novacast has 30 seconds left.\n|\n|t:|1776427660\n|switch|p1a: Kommo-o|Kommo-o, L50, F|100/100\n|move|p1b: Gengar|Shadow Ball|p2b: Dragonite\n|-damage|p2b: Dragonite|79/100\n|move|p2b: Dragonite|Tailwind|p2b: Dragonite\n|-sidestart|p2: Novacast|move: Tailwind\n|move|p2a: Politoed|Weather Ball|p1b: Gengar\n|-damage|p1b: Gengar|10/100\n|\n|-weather|RainDance|[upkeep]\n|-heal|p2a: Politoed|83/100|[from] item: Leftovers\n|-start|p1b: Gengar|perish2\n|-start|p2a: Politoed|perish2\n|upkeep\n|turn|5\n|\n|t:|1776427683\n|move|p1b: Gengar|Protect|p1b: Gengar\n|-singleturn|p1b: Gengar|Protect\n|move|p1a: Kommo-o|Protect|p1a: Kommo-o\n|-singleturn|p1a: Kommo-o|Protect\n|move|p2b: Dragonite|Scale Shot|p1a: Kommo-o\n|-activate|p1a: Kommo-o|move: Protect\n|move|p2a: Politoed|Weather Ball|p1a: Kommo-o\n|-activate|p1a: Kommo-o|move: Protect\n|\n|-weather|RainDance|[upkeep]\n|-heal|p2a: Politoed|89/100|[from] item: Leftovers\n|-start|p1b: Gengar|perish1\n|-start|p2a: Politoed|perish1\n|upkeep\n|turn|6\n|\n|t:|1776427701\n|switch|p1b: Kingambit|Kingambit, L50, F|100/100\n|switch|p1a: Tyranitar|Tyranitar, L50, M|100/100\n|-weather|Sandstorm|[from] ability: Sand Stream|[of] p1a: Tyranitar\n|move|p2b: Dragonite|Scale Shot|p1a: Tyranitar\n|-damage|p1a: Tyranitar|84/100\n|-damage|p1a: Tyranitar|68/100\n|-damage|p1a: Tyranitar|51/100\n|-hitcount|p1a: Tyranitar|3\n|-unboost|p2b: Dragonite|def|1\n|-boost|p2b: Dragonite|spe|1\n|move|p2a: Politoed|Weather Ball|p1a: Tyranitar\n|-damage|p1a: Tyranitar|34/100\n|\n|-weather|Sandstorm|[upkeep]\n|-damage|p2b: Dragonite|73/100|[from] Sandstorm\n|-damage|p2a: Politoed|83/100|[from] Sandstorm\n|-heal|p2a: Politoed|89/100|[from] item: Leftovers\n|-start|p2a: Politoed|perish0\n|faint|p2a: Politoed\n|upkeep\n|\n|t:|1776427707\n|switch|p2a: Rotom|Rotom-Mow, L50, shiny|100/100\n|turn|7\n|inactive|liamovtamworth has 30 seconds left.\n|\n|t:|1776427735\n|move|p1b: Kingambit|Protect|p1b: Kingambit\n|-singleturn|p1b: Kingambit|Protect\n|move|p2b: Dragonite|Low Kick|p1b: Kingambit\n|-activate|p1b: Kingambit|move: Protect\n|move|p2a: Rotom|Leaf Storm|p1a: Tyranitar\n|-supereffective|p1a: Tyranitar|1\n|-damage|p1a: Tyranitar|0 fnt\n|-unboost|p2a: Rotom|spa|2\n|faint|p1a: Tyranitar\n|\n|-weather|Sandstorm|[upkeep]\n|-damage|p2b: Dragonite|67/100|[from] Sandstorm\n|-damage|p2a: Rotom|95/100|[from] Sandstorm\n|-sideend|p2: Novacast|move: Tailwind\n|upkeep\n|\n|t:|1776427750\n|switch|p1a: Kommo-o|Kommo-o, L50, F|100/100\n|turn|8\n|inactive|Novacast has 30 seconds left.\n|\n|t:|1776427778\n|switch|p1b: Gengar|Gengar-Mega, L50, M|10/100\n|move|p1a: Kommo-o|Protect|p1a: Kommo-o\n|-singleturn|p1a: Kommo-o|Protect\n|move|p2b: Dragonite|Scale Shot|p1a: Kommo-o\n|-activate|p1a: Kommo-o|move: Protect\n|move|p2a: Rotom|Leaf Storm|p1a: Kommo-o\n|-activate|p1a: Kommo-o|move: Protect\n|\n|-weather|Sandstorm|[upkeep]\n|-damage|p2b: Dragonite|61/100|[from] Sandstorm\n|-damage|p1b: Gengar|4/100|[from] Sandstorm\n|-damage|p2a: Rotom|89/100|[from] Sandstorm\n|-damage|p1a: Kommo-o|95/100|[from] Sandstorm\n|-heal|p1a: Kommo-o|100/100|[from] item: Leftovers\n|upkeep\n|turn|9\n|\n|t:|1776427801\n|move|p2a: Rotom|Protect|p2a: Rotom\n|-singleturn|p2a: Rotom|Protect\n|move|p2b: Dragonite|Scale Shot|p1a: Kommo-o\n|-supereffective|p1a: Kommo-o|1\n|-damage|p1a: Kommo-o|66/100\n|-supereffective|p1a: Kommo-o|1\n|-damage|p1a: Kommo-o|33/100\n|-supereffective|p1a: Kommo-o|1\n|-damage|p1a: Kommo-o|0 fnt\n|faint|p1a: Kommo-o\n|-hitcount|p1: Kommo-o|3\n|-unboost|p2b: Dragonite|def|1\n|-boost|p2b: Dragonite|spe|1\n|move|p1b: Gengar|Shadow Ball|p2b: Dragonite\n|-damage|p2b: Dragonite|11/100\n|\n|-weather|Sandstorm|[upkeep]\n|-damage|p2b: Dragonite|5/100|[from] Sandstorm\n|-damage|p1b: Gengar|0 fnt|[from] Sandstorm\n|-damage|p2a: Rotom|83/100|[from] Sandstorm\n|faint|p1b: Gengar\n|upkeep\n|\n|t:|1776427822\n|switch|p1b: Kingambit|Kingambit, L50, F|100/100\n|turn|10\n|\n|t:|1776427838\n|move|p2b: Dragonite|Protect|p2b: Dragonite\n|-singleturn|p2b: Dragonite|Protect\n|move|p2a: Rotom|Protect|p2a: Rotom\n|-singleturn|p2a: Rotom|Protect\n|move|p1b: Kingambit|Sucker Punch||[still]\n|-fail|p1b: Kingambit\n|\n|-weather|none\n|upkeep\n|turn|11\n|\n|t:|1776427848\n|move|p2a: Rotom|Protect||[still]\n|-fail|p2a: Rotom\n|move|p1b: Kingambit|Sucker Punch||[still]\n|-fail|p1b: Kingambit\n|move|p2b: Dragonite|Tailwind|p2b: Dragonite\n|-sidestart|p2: Novacast|move: Tailwind\n|\n|upkeep\n|turn|12\n|\n|t:|1776427854\n|move|p2b: Dragonite|Protect|p2b: Dragonite\n|-singleturn|p2b: Dragonite|Protect\n|move|p2a: Rotom|Protect|p2a: Rotom\n|-singleturn|p2a: Rotom|Protect\n|move|p1b: Kingambit|Sucker Punch||[still]\n|-fail|p1b: Kingambit\n|\n|upkeep\n|turn|13\n|\n|t:|1776427869\n|move|p2b: Dragonite|Protect||[still]\n|-fail|p2b: Dragonite\n|move|p2a: Rotom|Protect||[still]\n|-fail|p2a: Rotom\n|move|p1b: Kingambit|Sucker Punch||[still]\n|-fail|p1b: Kingambit\n|\n|upkeep\n|turn|14\n|\n|t:|1776427878\n|move|p2a: Rotom|Protect|p2a: Rotom\n|-singleturn|p2a: Rotom|Protect\n|move|p1b: Kingambit|Sucker Punch||[still]\n|-fail|p1b: Kingambit\n|move|p2b: Dragonite|Tailwind||[still]\n|-fail|p2b: Dragonite\n|\n|-sideend|p2: Novacast|move: Tailwind\n|upkeep\n|turn|15\n|\n|t:|1776427886\n|move|p2b: Dragonite|Low Kick|p1b: Kingambit\n|-supereffective|p1b: Kingambit|2\n|-damage|p1b: Kingambit|0 fnt\n|faint|p1b: Kingambit\n|\n|win|Novacast\n|raw|liamovtamworth's rating: 1113 &rarr; <strong>1086</strong><br />(-27 for losing)\n|raw|Novacast's rating: 1085 &rarr; <strong>1114</strong><br />(+29 for winning)\n|c|\u2606liamovtamworth|wow\n|l|\u2606liamovtamworth\n|player|p1|\n",
  "uploadtime": 1776427899,
  "views": 36,
  "formatid": "gen9championsvgc2026regma",
  "rating": 1086,
  "private": 0,
  "password": null
}