{
  "id": "gen9championsvgc2026regma-2587576374",
  "format": "[Gen 9 Champions] VGC 2026 Reg M-A",
  "players": [
    "im_ngmi",
    "AustinMcballs"
  ],
  "log": "|j|\u2606im_ngmi\n|j|\u2606AustinMcballs\n|t:|1776543715\n|gametype|doubles\n|player|p1|im_ngmi|266|1162\n|player|p2|AustinMcballs|ortega|1152\n|gen|9\n|tier|[Gen 9 Champions] VGC 2026 Reg M-A\n|rated|\n|rule|Species Clause: Limit one of each Pok\u00e9mon\n|rule|Item Clause: Limit 1 of each item\n|clearpoke\n|poke|p1|Sableye, L50, M|\n|poke|p1|Sinistcha, L50|\n|poke|p1|Aggron, L50, M|\n|poke|p1|Azumarill, L50, M|\n|poke|p1|Pelipper, L50, M|\n|poke|p1|Oranguru, L50, F|\n|poke|p2|Incineroar, L50, M|\n|poke|p2|Basculegion, L50, M|\n|poke|p2|Froslass, L50, F|\n|poke|p2|Sneasler, L50, M|\n|poke|p2|Corviknight, L50, F|\n|poke|p2|Rotom-Wash, L50|\n|teampreview|4\n|inactive|Battle timer is ON: inactive players will automatically lose when time's up. (requested by AustinMcballs)\n|j| zennay\n|inactive|im_ngmi has 60 seconds left.\n|\n|t:|1776543756\n|teamsize|p1|4\n|teamsize|p2|4\n|start\n|switch|p1a: Sableye|Sableye, L50, M|100/100\n|switch|p1b: Sinistcha|Sinistcha, L50|100/100\n|switch|p2a: Incineroar|Incineroar, L50, M|100/100\n|switch|p2b: Basculegion|Basculegion, L50, M|100/100\n|-ability|p2a: Incineroar|Intimidate|boost\n|-unboost|p1a: Sableye|atk|1\n|-unboost|p1b: Sinistcha|atk|1\n|turn|1\n|inactive|im_ngmi has 30 seconds left.\n|inactive|AustinMcballs has 30 seconds left.\n|inactive|im_ngmi has 20 seconds left.\n|\n|t:|1776543795\n|move|p2b: Basculegion|Last Respects|p1b: Sinistcha\n|-supereffective|p1b: Sinistcha|1\n|-damage|p1b: Sinistcha|51/100\n|move|p2a: Incineroar|Flare Blitz|p1b: Sinistcha\n|-supereffective|p1b: Sinistcha|1\n|-damage|p1b: Sinistcha|0 fnt\n|faint|p1b: Sinistcha\n|-damage|p2a: Incineroar|86/100|[from] Recoil\n|move|p1a: Sableye|Foul Play|p2b: Basculegion\n|-supereffective|p2b: Basculegion|1\n|-damage|p2b: Basculegion|0 fnt\n|faint|p2b: Basculegion\n|\n|upkeep\n|c| zennay|austinmcballs\n|c|\u2606AustinMcballs|hi\n|\n|t:|1776543810\n|switch|p2b: Froslass|Froslass, L50, F|100/100\n|switch|p1b: Azumarill|Azumarill, L50, M|100/100\n|turn|2\n|c| zennay|hi\n|c| zennay|o/\n|inactive|im_ngmi has 30 seconds left.\n|\n|t:|1776543843\n|switch|p2b: Rotom|Rotom-Wash, L50|100/100\n|move|p1b: Azumarill|Protect|p1b: Azumarill\n|-singleturn|p1b: Azumarill|Protect\n|move|p2a: Incineroar|Parting Shot|p1b: Azumarill\n|-activate|p1b: Azumarill|move: Protect\n|move|p1a: Sableye|Foul Play|p2b: Rotom\n|-damage|p2b: Rotom|79/100\n|\n|upkeep\n|turn|3\n|inactive|im_ngmi has 30 seconds left.\n|inactive|im_ngmi has 20 seconds left.\n|\n|t:|1776543879\n|switch|p1b: Aggron|Aggron, L50, M|100/100\n|move|p2b: Rotom|Will-O-Wisp|p1b: Aggron|[miss]\n|-miss|p2b: Rotom|p1b: Aggron\n|move|p2a: Incineroar|Flare Blitz|p1a: Sableye\n|-damage|p1a: Sableye|47/100\n|-damage|p2a: Incineroar|72/100|[from] Recoil\n|move|p1a: Sableye|Foul Play|p2a: Incineroar\n|-resisted|p2a: Incineroar|1\n|-damage|p2a: Incineroar|49/100\n|-enditem|p2a: Incineroar|Sitrus Berry|[eat]\n|-heal|p2a: Incineroar|73/100|[from] item: Sitrus Berry\n|\n|upkeep\n|turn|4\n|inactive|im_ngmi has 30 seconds left.\n|inactive|im_ngmi has 20 seconds left.\n|\n|t:|1776543915\n|detailschange|p1b: Aggron|Aggron-Mega, L50, M\n|-mega|p1b: Aggron|Aggron|Aggronite\n|move|p1a: Sableye|Quash|p2b: Rotom\n|-activate|p2b: Rotom|move: Quash\n|move|p2a: Incineroar|Flare Blitz|p1b: Aggron\n|-supereffective|p1b: Aggron|1\n|-damage|p1b: Aggron|58/100\n|-status|p1b: Aggron|brn\n|-damage|p2a: Incineroar|62/100|[from] Recoil\n|move|p1b: Aggron|Body Press|p2b: Rotom\n|-damage|p2b: Rotom|60/100\n|move|p2b: Rotom|Will-O-Wisp|p1b: Aggron\n|-fail|p1b: Aggron|brn\n|\n|-damage|p1b: Aggron|51/100 brn|[from] brn\n|upkeep\n|turn|5\n|c|\u2606AustinMcballs|yeah that works to\n|inactive|im_ngmi has 30 seconds left.\n|c| zennay|planned i get that\n|inactive|im_ngmi has 20 seconds left.\n|inactive|im_ngmi has 15 seconds left.\n|inactive|im_ngmi has 10 seconds left.\n|inactive|im_ngmi has 5 seconds left.\n|c|\u2606AustinMcballs|so who are you zennay\n|c|\u2606AustinMcballs|just a random person?\n|\n|t:|1776543970\n|move|p1a: Sableye|Quash|p2b: Rotom\n|-activate|p2b: Rotom|move: Quash\n|move|p2a: Incineroar|Flare Blitz|p1a: Sableye\n|-damage|p1a: Sableye|0 fnt\n|faint|p1a: Sableye\n|-damage|p2a: Incineroar|50/100|[from] Recoil\n|move|p1b: Aggron|Heavy Slam|p2a: Incineroar\n|-resisted|p2a: Incineroar|1\n|-damage|p2a: Incineroar|39/100\n|move|p2b: Rotom|Electroweb|p1b: Aggron\n|-damage|p1b: Aggron|29/100 brn\n|-unboost|p1b: Aggron|spe|1\n|\n|-damage|p1b: Aggron|23/100 brn|[from] brn\n|upkeep\n|\n|t:|1776543984\n|switch|p1a: Azumarill|Azumarill, L50, M|100/100\n|turn|6\n|c| zennay|just zennay\n|\n|t:|1776543997\n|move|p2b: Rotom|Volt Switch|p1a: Azumarill\n|-supereffective|p1a: Azumarill|1\n|-damage|p1a: Azumarill|42/100\n|-enditem|p1a: Azumarill|Sitrus Berry|[eat]\n|-heal|p1a: Azumarill|67/100|[from] item: Sitrus Berry\n|\n|t:|1776544000\n|switch|p2b: Froslass|Froslass, L50, F|100/100|[from] Volt Switch\n|move|p2a: Incineroar|Flare Blitz|p1b: Aggron\n|-supereffective|p1b: Aggron|1\n|-damage|p1b: Aggron|0 fnt\n|faint|p1b: Aggron\n|-damage|p2a: Incineroar|33/100|[from] Recoil\n|move|p1a: Azumarill|Belly Drum|p1a: Azumarill\n|-damage|p1a: Azumarill|17/100\n|-setboost|p1a: Azumarill|atk|6|[from] move: Belly Drum\n|\n|upkeep\n|turn|7\n|\n|t:|1776544017\n|switch|p2a: Rotom|Rotom-Wash, L50|60/100\n|detailschange|p2b: Froslass|Froslass-Mega, L50, F\n|-mega|p2b: Froslass|Froslass|Froslassite\n|-weather|Snowscape|[from] ability: Snow Warning|[of] p2b: Froslass\n|move|p1a: Azumarill|Aqua Jet|p2b: Froslass\n|-damage|p2b: Froslass|0 fnt\n|faint|p2b: Froslass\n|\n|-weather|Snowscape|[upkeep]\n|upkeep\n|c|\u2606AustinMcballs|fun\n|\n|t:|1776544024\n|switch|p2b: Incineroar|Incineroar, L50, M|33/100\n|-ability|p2b: Incineroar|Intimidate|boost\n|-unboost|p1a: Azumarill|atk|1\n|turn|8\n|\n|t:|1776544036\n|move|p2b: Incineroar|Fake Out|p1a: Azumarill\n|-damage|p1a: Azumarill|4/100\n|cant|p1a: Azumarill|flinch\n|move|p2a: Rotom|Volt Switch|p1a: Azumarill\n|-supereffective|p1a: Azumarill|1\n|-damage|p1a: Azumarill|0 fnt\n|faint|p1a: Azumarill\n|\n|win|AustinMcballs\n|raw|im_ngmi's rating: 1162 &rarr; <strong>1136</strong><br />(-26 for losing)\n|raw|AustinMcballs's rating: 1152 &rarr; <strong>1178</strong><br />(+26 for winning)\n|c|\u2606AustinMcballs|gg\n",
  "uploadtime": 1776544039,
  "views": 13,
  "formatid": "gen9championsvgc2026regma",
  "rating": 1136,
  "private": 0,
  "password": null
}