{
  "id": "gen9championsvgc2026regma-2582458294",
  "format": "[Gen 9 Champions] VGC 2026 Reg M-A",
  "players": [
    "NINTAIL12",
    "Dnwjxjxjsjah"
  ],
  "log": "|j|\u2606NINTAIL12\n|j|\u2606Dnwjxjxjsjah\n|t:|1776093000\n|gametype|doubles\n|player|p1|NINTAIL12|265|1072\n|player|p2|Dnwjxjxjsjah|265|1000\n|gen|9\n|tier|[Gen 9 Champions] VGC 2026 Reg M-A\n|rated|\n|rule|Species Clause: Limit one of each Pok\u00e9mon\n|rule|Item Clause: Limit 1 of each item\n|clearpoke\n|poke|p1|Ninetales-Alola, L50, F|\n|poke|p1|Starmie, L50|\n|poke|p1|Delphox, L50, M|\n|poke|p1|Talonflame, L50, M|\n|poke|p1|Garchomp, L50, M|\n|poke|p1|Kingambit, L50, F|\n|poke|p2|Crabominable, L50, M|\n|poke|p2|Aerodactyl, L50, M|\n|poke|p2|Samurott-Hisui, L50, F|\n|poke|p2|Milotic, L50, F|\n|poke|p2|Sinistcha, L50|\n|poke|p2|Tinkaton, L50, F|\n|teampreview|4\n|\n|t:|1776093032\n|teamsize|p1|4\n|teamsize|p2|4\n|start\n|switch|p1a: Ninetales|Ninetales-Alola, L50, F|100/100\n|switch|p1b: Starmie|Starmie, L50|100/100\n|switch|p2a: Crabominable|Crabominable, L50, M|100/100\n|switch|p2b: Aerodactyl|Aerodactyl, L50, M|100/100\n|-weather|Snowscape|[from] ability: Snow Warning|[of] p1a: Ninetales\n|turn|1\n|\n|t:|1776093058\n|detailschange|p1b: Starmie|Starmie-Mega, L50\n|-mega|p1b: Starmie|Starmie|Starminite\n|detailschange|p2a: Crabominable|Crabominable-Mega, L50, M\n|-mega|p2a: Crabominable|Crabominable|Crabominite\n|move|p1b: Starmie|Aqua Jet|p2b: Aerodactyl\n|-supereffective|p2b: Aerodactyl|1\n|-enditem|p2b: Aerodactyl|Focus Sash\n|-damage|p2b: Aerodactyl|1/100\n|move|p2b: Aerodactyl|Rock Slide|p1a: Ninetales|[spread] p1a,p1b\n|-supereffective|p1a: Ninetales|1\n|-damage|p1a: Ninetales|55/100\n|-damage|p1b: Starmie|74/100\n|cant|p1a: Ninetales|flinch\n|move|p2a: Crabominable|Ice Hammer|p1b: Starmie\n|-resisted|p1b: Starmie|1\n|-damage|p1b: Starmie|28/100\n|-unboost|p2a: Crabominable|spe|1\n|\n|-weather|Snowscape|[upkeep]\n|upkeep\n|turn|2\n|\n|t:|1776093085\n|switch|p2b: Samurott|Samurott-Hisui, L50, F|100/100\n|move|p1b: Starmie|Aqua Jet|p2b: Samurott\n|-resisted|p2b: Samurott|1\n|-damage|p2b: Samurott|81/100\n|move|p1a: Ninetales|Dazzling Gleam|p2b: Samurott|[spread] p2a,p2b\n|-supereffective|p2a: Crabominable|1\n|-crit|p2a: Crabominable\n|-supereffective|p2b: Samurott|1\n|-damage|p2a: Crabominable|45/100\n|-damage|p2b: Samurott|19/100\n|move|p2a: Crabominable|Drain Punch|p1a: Ninetales\n|-damage|p1a: Ninetales|0 fnt\n|-heal|p2a: Crabominable|66/100|[from] drain|[of] p1a: Ninetales\n|faint|p1a: Ninetales\n|\n|-weather|Snowscape|[upkeep]\n|upkeep\n|\n|t:|1776093107\n|switch|p1a: Kingambit|Kingambit, L50, F|100/100\n|-activate|p1a: Kingambit|ability: Supreme Overlord\n|-start|p1a: Kingambit|fallen1|[silent]\n|turn|3\n|\n|t:|1776093122\n|move|p1b: Starmie|Aqua Jet|p2b: Samurott\n|-resisted|p2b: Samurott|1\n|-damage|p2b: Samurott|0 fnt\n|faint|p2b: Samurott\n|move|p2a: Crabominable|Mach Punch|p1a: Kingambit\n|-supereffective|p1a: Kingambit|2\n|-damage|p1a: Kingambit|7/100\n|move|p1a: Kingambit|Iron Head|p2a: Crabominable\n|-supereffective|p2a: Crabominable|1\n|-damage|p2a: Crabominable|21/100\n|\n|-weather|Snowscape|[upkeep]\n|upkeep\n|\n|t:|1776093129\n|switch|p2b: Tinkaton|Tinkaton, L50, F|100/100\n|turn|4\n|\n|t:|1776093142\n|move|p2b: Tinkaton|Fake Out|p1b: Starmie\n|-damage|p1b: Starmie|20/100\n|cant|p1b: Starmie|flinch\n|move|p1a: Kingambit|Sucker Punch||[still]\n|-fail|p1a: Kingambit\n|move|p2a: Crabominable|Mach Punch|p1b: Starmie\n|-resisted|p1b: Starmie|1\n|-damage|p1b: Starmie|2/100\n|\n|-weather|Snowscape|[upkeep]\n|upkeep\n|turn|5\n|\n|t:|1776093165\n|move|p1a: Kingambit|Protect|p1a: Kingambit\n|-singleturn|p1a: Kingambit|Protect\n|move|p2a: Crabominable|Protect|p2a: Crabominable\n|-singleturn|p2a: Crabominable|Protect\n|move|p1b: Starmie|Aqua Jet|p2a: Crabominable\n|-activate|p2a: Crabominable|move: Protect\n|move|p2b: Tinkaton|Gigaton Hammer|p1b: Starmie\n|-resisted|p1b: Starmie|1\n|-damage|p1b: Starmie|0 fnt\n|faint|p1b: Starmie\n|\n|-weather|none\n|upkeep\n|\n|t:|1776093176\n|switch|p1b: Garchomp|Garchomp, L50, M|100/100\n|turn|6\n|\n|t:|1776093194\n|move|p1a: Kingambit|Sucker Punch||[still]\n|-fail|p1a: Kingambit\n|move|p2a: Crabominable|Mach Punch|p1b: Garchomp\n|-damage|p1b: Garchomp|78/100\n|-damage|p2a: Crabominable|8/100|[from] ability: Rough Skin|[of] p1b: Garchomp\n|move|p2b: Tinkaton|Encore|p1a: Kingambit\n|-start|p1a: Kingambit|Encore\n|move|p1b: Garchomp|Earthquake|p2a: Crabominable|[spread] p1a,p2a,p2b\n|-supereffective|p1a: Kingambit|1\n|-supereffective|p2b: Tinkaton|1\n|-damage|p1a: Kingambit|0 fnt\n|-damage|p2a: Crabominable|0 fnt\n|-damage|p2b: Tinkaton|0 fnt\n|faint|p1a: Kingambit\n|-end|p1a: Kingambit|fallen1|[silent]\n|faint|p2a: Crabominable\n|faint|p2b: Tinkaton\n|\n|upkeep\n|\n|t:|1776093207\n|switch|p2a: Aerodactyl|Aerodactyl, L50, M|1/100\n|turn|7\n|\n|t:|1776093214\n|move|p2a: Aerodactyl|Rock Slide|p1b: Garchomp\n|-resisted|p1b: Garchomp|1\n|-damage|p1b: Garchomp|64/100\n|move|p1b: Garchomp|Dragon Claw|p2a: Aerodactyl\n|-damage|p2a: Aerodactyl|0 fnt\n|faint|p2a: Aerodactyl\n|\n|win|NINTAIL12\n|raw|NINTAIL12's rating: 1072 &rarr; <strong>1095</strong><br />(+23 for winning)\n|raw|Dnwjxjxjsjah's rating: 1000 &rarr; <strong>1000</strong><br />(+0 for losing)\n|l|\u2606Dnwjxjxjsjah\n|player|p2|\n",
  "uploadtime": 1776093233,
  "views": 17,
  "formatid": "gen9championsvgc2026regma",
  "rating": 1000,
  "private": 0,
  "password": null
}