{
  "id": "gen9championsvgc2026regma-2581140049",
  "format": "[Gen 9 Champions] VGC 2026 Reg M-A",
  "players": [
    "ohaimiles",
    "Cartaguito21"
  ],
  "log": "|j|\u2606ohaimiles\n|j|\u2606Cartaguito21\n|t:|1775963735\n|gametype|doubles\n|player|p1|ohaimiles|1|1179\n|player|p2|Cartaguito21|101|1209\n|gen|9\n|tier|[Gen 9 Champions] VGC 2026 Reg M-A\n|rated|\n|rule|Species Clause: Limit one of each Pok\u00e9mon\n|rule|Item Clause: Limit 1 of each item\n|clearpoke\n|poke|p1|Froslass, L50, F|\n|poke|p1|Maushold-Four, L50|\n|poke|p1|Rotom-Frost, L50|\n|poke|p1|Garchomp, L50, M|\n|poke|p1|Sneasler, L50, M|\n|poke|p1|Incineroar, L50, M|\n|poke|p2|Glimmora, L50, F|\n|poke|p2|Incineroar, L50, F|\n|poke|p2|Garchomp, L50, F|\n|poke|p2|Rotom-Wash, L50|\n|poke|p2|Whimsicott, L50, M|\n|poke|p2|Aegislash, L50, M|\n|teampreview|4\nohaimiles has agreed to open team sheets.\n|inactive|Battle timer is ON: inactive players will automatically lose when time's up. (requested by ohaimiles)\n|\n|t:|1775963777\n|teamsize|p1|4\n|teamsize|p2|4\n|start\n|switch|p1a: Garchomp|Garchomp, L50, M|100/100\n|switch|p1b: Sneasler|Sneasler, L50, M|100/100\n|switch|p2a: Glimmora|Glimmora, L50, F|100/100\n|switch|p2b: Whimsicott|Whimsicott, L50, M|100/100\n|turn|1\n|\n|t:|1775963801\n|switch|p1b: Rotom|Rotom-Frost, L50|100/100\n|detailschange|p2a: Glimmora|Glimmora-Mega, L50, F\n|-mega|p2a: Glimmora|Glimmora|Glimmoranite\n|move|p2b: Whimsicott|Protect|p2b: Whimsicott\n|-singleturn|p2b: Whimsicott|Protect\n|move|p2a: Glimmora|Spiky Shield|p2a: Glimmora\n|-singleturn|p2a: Glimmora|move: Protect\n|move|p1a: Garchomp|Earthquake|p2b: Whimsicott|[spread] \n|-activate|p2a: Glimmora|move: Protect\n|-activate|p2b: Whimsicott|move: Protect\n|-immune|p1b: Rotom|[from] ability: Levitate\n|\n|upkeep\n|turn|2\n|inactive|ohaimiles has 30 seconds left.\n|\n|t:|1775963827\n|switch|p2a: Rotom|Rotom-Wash, L50|100/100\n|move|p1b: Rotom|Electroweb|p2a: Rotom|[spread] p2a,p2b\n|-resisted|p2b: Whimsicott|1\n|-damage|p2a: Rotom|79/100\n|-damage|p2b: Whimsicott|84/100\n|-unboost|p2a: Rotom|spe|1\n|-unboost|p2b: Whimsicott|spe|1\n|move|p1a: Garchomp|Earthquake|p2a: Rotom|[spread] p2b\n|-immune|p1b: Rotom|[from] ability: Levitate\n|-immune|p2a: Rotom|[from] ability: Levitate\n|-resisted|p2b: Whimsicott|1\n|-damage|p2b: Whimsicott|44/100\n|move|p2b: Whimsicott|Moonblast|p1a: Garchomp\n|-supereffective|p1a: Garchomp|1\n|-damage|p1a: Garchomp|16/100\n|\n|upkeep\n|turn|3\n|\n|t:|1775963847\n|switch|p1a: Sneasler|Sneasler, L50, M|100/100\n|move|p2b: Whimsicott|Tailwind|p2b: Whimsicott\n|-sidestart|p2: Cartaguito21|move: Tailwind\n|move|p1b: Rotom|Electroweb|p2b: Whimsicott|[spread] p2a,p2b\n|-resisted|p2b: Whimsicott|1\n|-damage|p2a: Rotom|57/100\n|-damage|p2b: Whimsicott|25/100\n|-unboost|p2a: Rotom|spe|1\n|-unboost|p2b: Whimsicott|spe|1\n|move|p2a: Rotom|Hydro Pump|p1a: Sneasler\n|-damage|p1a: Sneasler|30/100\n|\n|upkeep\n|turn|4\n|inactive|ohaimiles has 30 seconds left.\n|inactive|Cartaguito21 has 30 seconds left.\n|\n|t:|1775963874\n|switch|p2b: Aegislash|Aegislash, L50, M|100/100\n|move|p2a: Rotom|Protect|p2a: Rotom\n|-singleturn|p2a: Rotom|Protect\n|move|p1a: Sneasler|Fake Out|p2b: Aegislash\n|-immune|p2b: Aegislash\n|move|p1b: Rotom|Electroweb|p2a: Rotom|[spread] p2b\n|-activate|p2a: Rotom|move: Protect\n|-damage|p2b: Aegislash|84/100\n|-unboost|p2b: Aegislash|spe|1\n|\n|-heal|p2b: Aegislash|90/100|[from] item: Leftovers\n|upkeep\n|turn|5\n|\n|t:|1775963892\n|move|p1b: Rotom|Electroweb|p2a: Rotom|[spread] p2a,p2b\n|-damage|p2a: Rotom|37/100\n|-damage|p2b: Aegislash|72/100\n|-unboost|p2a: Rotom|spe|1\n|-unboost|p2b: Aegislash|spe|1\n|-enditem|p2a: Rotom|Sitrus Berry|[eat]\n|-heal|p2a: Rotom|62/100|[from] item: Sitrus Berry\n|move|p1a: Sneasler|Close Combat|p2a: Rotom\n|-damage|p2a: Rotom|0 fnt\n|-unboost|p1a: Sneasler|def|1\n|-unboost|p1a: Sneasler|spd|1\n|faint|p2a: Rotom\n|-enditem|p1a: Sneasler|White Herb\n|-clearnegativeboost|p1a: Sneasler|[silent]\n|-formechange|p2b: Aegislash|Aegislash-Blade|\n|move|p2b: Aegislash|Flash Cannon|p1b: Rotom\n|-damage|p1b: Rotom|34/100\n|\n|-heal|p2b: Aegislash|78/100|[from] item: Leftovers\n|upkeep\n|\n|t:|1775963905\n|switch|p2a: Glimmora|Glimmora-Mega, L50, F|100/100\n|turn|6\n|\n|t:|1775963924\n|-formechange|p2b: Aegislash|Aegislash|\n|move|p2b: Aegislash|King's Shield|p2b: Aegislash\n|-singleturn|p2b: Aegislash|Protect\n|move|p1a: Sneasler|Close Combat|p2a: Glimmora\n|-damage|p2a: Glimmora|21/100\n|-unboost|p1a: Sneasler|def|1\n|-unboost|p1a: Sneasler|spd|1\n|move|p2a: Glimmora|Power Gem|p1a: Sneasler\n|-resisted|p1a: Sneasler|1\n|-damage|p1a: Sneasler|0 fnt\n|faint|p1a: Sneasler\n|move|p1b: Rotom|Electroweb|p2a: Glimmora|[spread] p2a\n|-activate|p2b: Aegislash|move: Protect\n|-damage|p2a: Glimmora|0 fnt\n|faint|p2a: Glimmora\n|\n|-heal|p2b: Aegislash|84/100|[from] item: Leftovers\n|-sideend|p2: Cartaguito21|move: Tailwind\n|upkeep\n|\n|t:|1775963939\n|switch|p1a: Froslass|Froslass, L50, F|100/100\n|switch|p2a: Whimsicott|Whimsicott, L50, M|25/100\n|turn|7\n|\n|t:|1775963959\n|detailschange|p1a: Froslass|Froslass-Mega, L50, F\n|-mega|p1a: Froslass|Froslass|Froslassite\n|-weather|Snowscape|[from] ability: Snow Warning|[of] p1a: Froslass\n|move|p1b: Rotom|Electroweb|p2b: Aegislash|[spread] p2a,p2b\n|-resisted|p2a: Whimsicott|1\n|-damage|p2a: Whimsicott|8/100\n|-damage|p2b: Aegislash|68/100\n|-unboost|p2a: Whimsicott|spe|1\n|-unboost|p2b: Aegislash|spe|1\n|move|p1a: Froslass|Shadow Ball|p2b: Aegislash\n|-supereffective|p2b: Aegislash|1\n|-damage|p2b: Aegislash|0 fnt\n|faint|p2b: Aegislash\n|move|p2a: Whimsicott|Moonblast|p1a: Froslass\n|-damage|p1a: Froslass|57/100\n|\n|-weather|Snowscape|[upkeep]\n|upkeep\n|turn|8\n|-message|Cartaguito21 forfeited.\n|\n|win|ohaimiles\n|raw|ohaimiles's rating: 1179 &rarr; <strong>1206</strong><br />(+27 for winning)\n|raw|Cartaguito21's rating: 1209 &rarr; <strong>1182</strong><br />(-27 for losing)\n|l|\u2606Cartaguito21\n|player|p2|\n",
  "uploadtime": 1775963969,
  "views": 26,
  "formatid": "gen9championsvgc2026regma",
  "rating": 1182,
  "private": 0,
  "password": null
}