{
  "id": "gen9championsvgc2026regma-2586935878",
  "format": "[Gen 9 Champions] VGC 2026 Reg M-A",
  "players": [
    "checho05",
    "JemJar"
  ],
  "log": "|j|\u2606checho05\n|j|\u2606JemJar\n|t:|1776473421\n|gametype|doubles\n|player|p1|checho05|steven|1050\n|player|p2|JemJar|1|1032\n|gen|9\n|tier|[Gen 9 Champions] VGC 2026 Reg M-A\n|rated|\n|rule|Species Clause: Limit one of each Pok\u00e9mon\n|rule|Item Clause: Limit 1 of each item\n|clearpoke\n|poke|p1|Kingambit, L50, M|\n|poke|p1|Sneasler, L50, F|\n|poke|p1|Drampa, L50, M|\n|poke|p1|Farigiraf, L50, M|\n|poke|p1|Conkeldurr, L50, F|\n|poke|p1|Sableye, L50, F|\n|poke|p2|Starmie, L50|\n|poke|p2|Sneasler, L50, M|\n|poke|p2|Kingambit, L50, F|\n|poke|p2|Pelipper, L50, F|\n|poke|p2|Archaludon, L50, F|\n|poke|p2|Sinistcha, L50|\n|teampreview|4\n|inactive|Battle timer is ON: inactive players will automatically lose when time's up. (requested by checho05)\n|\n|t:|1776473433\n|teamsize|p1|4\n|teamsize|p2|4\n|start\n|switch|p1a: Drampa|Drampa, L50, M|100/100\n|switch|p1b: Farigiraf|Farigiraf, L50, M|100/100\n|switch|p2a: Pelipper|Pelipper, L50, F|100/100\n|switch|p2b: Starmie|Starmie, L50|100/100\n|-weather|RainDance|[from] ability: Drizzle|[of] p2a: Pelipper\n|turn|1\n|\n|t:|1776473450\n|detailschange|p2b: Starmie|Starmie-Mega, L50\n|-mega|p2b: Starmie|Starmie|Starminite\n|detailschange|p1a: Drampa|Drampa-Mega, L50, M\n|-mega|p1a: Drampa|Drampa|Drampanite\n|move|p1a: Drampa|Protect|p1a: Drampa\n|-singleturn|p1a: Drampa|Protect\n|move|p2b: Starmie|Ice Spinner|p1a: Drampa\n|-activate|p1a: Drampa|move: Protect\n|move|p2a: Pelipper|Tailwind|p2a: Pelipper\n|-sidestart|p2: JemJar|move: Tailwind\n|move|p1b: Farigiraf|Trick Room|p1b: Farigiraf\n|-fieldstart|move: Trick Room|[of] p1b: Farigiraf\n|\n|-weather|RainDance|[upkeep]\n|upkeep\n|turn|2\n|inactive|checho05 has 30 seconds left.\n|j| Colintick662\n|\n|t:|1776473484\n|switch|p2a: Archaludon|Archaludon, L50, F|100/100\n|move|p1b: Farigiraf|Helping Hand|p1a: Drampa\n|-singleturn|p1a: Drampa|Helping Hand|[of] p1b: Farigiraf\n|move|p1a: Drampa|Hyper Voice|p2b: Starmie|[spread] p2a,p2b\n|-resisted|p2a: Archaludon|1\n|-damage|p2a: Archaludon|60/100\n|-damage|p2b: Starmie|15/100\n|move|p2b: Starmie|Ice Spinner|p1a: Drampa\n|-supereffective|p1a: Drampa|1\n|-damage|p1a: Drampa|45/100\n|-ability|p1a: Drampa|Berserk|boost\n|-boost|p1a: Drampa|spa|1\n|\n|-weather|RainDance|[upkeep]\n|upkeep\n|turn|3\n|\n|t:|1776473502\n|move|p1b: Farigiraf|Helping Hand|p1a: Drampa\n|-singleturn|p1a: Drampa|Helping Hand|[of] p1b: Farigiraf\n|move|p2a: Archaludon|Protect|p2a: Archaludon\n|-singleturn|p2a: Archaludon|Protect\n|move|p2b: Starmie|Protect|p2b: Starmie\n|-singleturn|p2b: Starmie|Protect\n|move|p1a: Drampa|Hyper Voice|p2a: Archaludon|[spread] \n|-activate|p2a: Archaludon|move: Protect\n|-activate|p2b: Starmie|move: Protect\n|\n|-weather|RainDance|[upkeep]\n|upkeep\n|turn|4\n|\n|t:|1776473517\n|switch|p2a: Sneasler|Sneasler, L50, M|100/100\n|switch|p2b: Pelipper|Pelipper, L50, F|100/100\n|move|p1b: Farigiraf|Helping Hand|p1a: Drampa\n|-singleturn|p1a: Drampa|Helping Hand|[of] p1b: Farigiraf\n|move|p1a: Drampa|Hyper Voice|p2a: Sneasler|[spread] p2a,p2b\n|-enditem|p2a: Sneasler|Focus Sash\n|-damage|p2a: Sneasler|1/100\n|-damage|p2b: Pelipper|0 fnt\n|faint|p2b: Pelipper\n|\n|-weather|RainDance|[upkeep]\n|-sideend|p2: JemJar|move: Tailwind\n|upkeep\n|\n|t:|1776473530\n|switch|p2b: Archaludon|Archaludon, L50, F|60/100\n|turn|5\n|\n|t:|1776473537\n|move|p1b: Farigiraf|Helping Hand|p1a: Drampa\n|-singleturn|p1a: Drampa|Helping Hand|[of] p1b: Farigiraf\n|move|p2a: Sneasler|Fake Out||[still]\n|cant|p1b: Farigiraf|ability: Armor Tail|Fake Out|[of] p2a: Sneasler\n|move|p1a: Drampa|Hyper Voice|p2a: Sneasler|[spread] p2a,p2b\n|-resisted|p2b: Archaludon|1\n|-damage|p2a: Sneasler|0 fnt\n|-damage|p2b: Archaludon|0 fnt\n|faint|p2a: Sneasler\n|faint|p2b: Archaludon\n|\n|-weather|none\n|-fieldend|move: Trick Room\n|upkeep\n|-message|JemJar forfeited.\n|\n|win|checho05\n|raw|checho05's rating: 1050 &rarr; <strong>1081</strong><br />(+31 for winning)\n|raw|JemJar's rating: 1032 &rarr; <strong>1018</strong><br />(-14 for losing)\n|l|\u2606JemJar\n|player|p2|\n|l|\u2606checho05\n|player|p1|\n",
  "uploadtime": 1776473601,
  "views": 18,
  "formatid": "gen9championsvgc2026regma",
  "rating": 1018,
  "private": 0,
  "password": null
}