{
  "id": "gen9championsvgc2026regma-2587643642",
  "format": "[Gen 9 Champions] VGC 2026 Reg M-A",
  "players": [
    "squirreliscooler",
    "El Gingero"
  ],
  "log": "|j|\u2606squirreliscooler\n|j|\u2606El Gingero\n|t:|1776549800\n|gametype|doubles\n|player|p1|squirreliscooler|giovanni|1119\n|player|p2|El Gingero|gentleman-gen4|1041\n|gen|9\n|tier|[Gen 9 Champions] VGC 2026 Reg M-A\n|rated|\n|rule|Species Clause: Limit one of each Pok\u00e9mon\n|rule|Item Clause: Limit 1 of each item\n|clearpoke\n|poke|p1|Hatterene, L50, F|\n|poke|p1|Oranguru, L50, F|\n|poke|p1|Golurk, L50|\n|poke|p1|Clefable, L50, F|\n|poke|p1|Hydreigon, L50, M|\n|poke|p1|Torkoal, L50, M|\n|poke|p2|Charizard, L50, F|\n|poke|p2|Heliolisk, L50, F|\n|poke|p2|Golurk, L50, shiny|\n|poke|p2|Gyarados, L50, M|\n|poke|p2|Whimsicott, L50, F|\n|poke|p2|Trevenant, L50, M|\n|teampreview|4\n|inactive|Battle timer is ON: inactive players will automatically lose when time's up. (requested by squirreliscooler)\n|inactive|El Gingero has 60 seconds left.\n|\n|t:|1776549842\n|teamsize|p1|4\n|teamsize|p2|4\n|start\n|switch|p1a: Hatterene|Hatterene, L50, F|100/100\n|switch|p1b: Oranguru|Oranguru, L50, F|100/100\n|switch|p2a: Charizard|Charizard, L50, F|100/100\n|switch|p2b: Whimsicott|Whimsicott, L50, F|100/100\n|turn|1\n|inactive|El Gingero has 30 seconds left.\n|\n|t:|1776549873\n|detailschange|p2a: Charizard|Charizard-Mega-Y, L50, F\n|-mega|p2a: Charizard|Charizard|Charizardite Y\n|-weather|SunnyDay|[from] ability: Drought|[of] p2a: Charizard\n|move|p2b: Whimsicott|Protect|p2b: Whimsicott\n|-singleturn|p2b: Whimsicott|Protect\n|move|p1a: Hatterene|Protect|p1a: Hatterene\n|-singleturn|p1a: Hatterene|Protect\n|move|p2a: Charizard|Heat Wave|p1a: Hatterene|[spread] p1b\n|-activate|p1a: Hatterene|move: Protect\n|-damage|p1b: Oranguru|53/100\n|move|p1b: Oranguru|Trick Room|p1b: Oranguru\n|-fieldstart|move: Trick Room|[of] p1b: Oranguru\n|\n|-weather|SunnyDay|[upkeep]\n|upkeep\n|turn|2\n|\n|t:|1776549892\n|switch|p1b: Torkoal|Torkoal, L50, M|100/100\n|move|p2a: Charizard|Protect|p2a: Charizard\n|-singleturn|p2a: Charizard|Protect\n|move|p2b: Whimsicott|Encore||[still]\n|-fail|p2b: Whimsicott\n|move|p1a: Hatterene|Dazzling Gleam|p2b: Whimsicott|[spread] p2b\n|-activate|p2a: Charizard|move: Protect\n|-damage|p2b: Whimsicott|26/100\n|\n|-weather|SunnyDay|[upkeep]\n|upkeep\n|turn|3\n|inactive|El Gingero has 30 seconds left.\n|\n|t:|1776549918\n|move|p2b: Whimsicott|Protect|p2b: Whimsicott\n|-singleturn|p2b: Whimsicott|Protect\n|move|p1b: Torkoal|Eruption|p2b: Whimsicott|[spread] p2a\n|-activate|p2b: Whimsicott|move: Protect\n|-resisted|p2a: Charizard|1\n|-damage|p2a: Charizard|57/100\n|move|p1a: Hatterene|Psychic|p2a: Charizard\n|-damage|p2a: Charizard|1/100\n|move|p2a: Charizard|Weather Ball|p1a: Hatterene\n|-damage|p1a: Hatterene|9/100\n|\n|-weather|SunnyDay|[upkeep]\n|upkeep\n|turn|4\n|inactive|El Gingero has 30 seconds left.\n|\n|t:|1776549949\n|switch|p2b: Gyarados|Gyarados, L50, M|100/100\n|-ability|p2b: Gyarados|Intimidate|boost\n|-unboost|p1a: Hatterene|atk|1\n|-unboost|p1b: Torkoal|atk|1\n|move|p2a: Charizard|Protect|p2a: Charizard\n|-singleturn|p2a: Charizard|Protect\n|move|p1b: Torkoal|Eruption|p2a: Charizard|[spread] p2b\n|-activate|p2a: Charizard|move: Protect\n|-resisted|p2b: Gyarados|1\n|-damage|p2b: Gyarados|70/100\n|move|p1a: Hatterene|Dazzling Gleam|p2a: Charizard|[spread] p2b\n|-activate|p2a: Charizard|move: Protect\n|-damage|p2b: Gyarados|37/100\n|\n|-weather|SunnyDay|[upkeep]\n|-heal|p2b: Gyarados|43/100|[from] item: Leftovers\n|upkeep\n|turn|5\n|inactive|El Gingero has 30 seconds left.\n|\n|t:|1776549976\n|switch|p1b: Oranguru|Oranguru, L50, F|53/100\n|switch|p2a: Whimsicott|Whimsicott, L50, F|26/100\n|move|p1a: Hatterene|Dazzling Gleam|p2a: Whimsicott|[spread] p2a,p2b\n|-damage|p2a: Whimsicott|0 fnt\n|-damage|p2b: Gyarados|13/100\n|faint|p2a: Whimsicott\n|move|p2b: Gyarados|Waterfall|p1a: Hatterene\n|-damage|p1a: Hatterene|0 fnt\n|faint|p1a: Hatterene\n|\n|-weather|none\n|-heal|p2b: Gyarados|19/100|[from] item: Leftovers\n|-fieldend|move: Trick Room\n|upkeep\n|\n|t:|1776550000\n|switch|p2a: Trevenant|Trevenant, L50, M|100/100\n|switch|p1a: Torkoal|Torkoal, L50, M|100/100\n|-weather|SunnyDay|[from] ability: Drought|[of] p1a: Torkoal\n|turn|6\n|inactive|El Gingero has 30 seconds left.\n|\n|t:|1776550028\n|move|p2b: Gyarados|Waterfall|p1a: Torkoal\n|-supereffective|p1a: Torkoal|1\n|-damage|p1a: Torkoal|79/100\n|move|p1a: Torkoal|Heat Wave|p2a: Trevenant|[spread] p2a,p2b\n|-supereffective|p2a: Trevenant|1\n|-resisted|p2b: Gyarados|1\n|-damage|p2a: Trevenant|0 fnt\n|-damage|p2b: Gyarados|0 fnt\n|faint|p2a: Trevenant\n|faint|p2b: Gyarados\n|move|p1b: Oranguru|Trick Room|p1b: Oranguru\n|-fieldstart|move: Trick Room|[of] p1b: Oranguru\n|\n|-weather|SunnyDay|[upkeep]\n|upkeep\n|\n|t:|1776550034\n|switch|p2b: Charizard|Charizard-Mega-Y, L50, F|1/100\n|turn|7\n|\n|t:|1776550043\n|move|p1a: Torkoal|Clear Smog|p2b: Charizard\n|-damage|p2b: Charizard|0 fnt\n|-clearboost|p2b: Charizard\n|faint|p2b: Charizard\n|\n|win|squirreliscooler\n|raw|squirreliscooler's rating: 1119 &rarr; <strong>1138</strong><br />(+19 for winning)\n|raw|El Gingero's rating: 1041 &rarr; <strong>1028</strong><br />(-13 for losing)\n",
  "uploadtime": 1776550048,
  "views": 24,
  "formatid": "gen9championsvgc2026regma",
  "rating": 1028,
  "private": 0,
  "password": null
}