{
  "id": "gen9championsvgc2026regma-2588634227",
  "format": "[Gen 9 Champions] VGC 2026 Reg M-A",
  "players": [
    "mertering",
    "losertest"
  ],
  "log": "|j|\u2606mertering\n|j|\u2606losertest\n|t:|1776652202\n|gametype|doubles\n|player|p1|mertering|flint|1339\n|player|p2|losertest|infielder|1342\n|gen|9\n|tier|[Gen 9 Champions] VGC 2026 Reg M-A\n|rated|\n|rule|Species Clause: Limit one of each Pok\u00e9mon\n|rule|Item Clause: Limit 1 of each item\n|clearpoke\n|poke|p1|Volcarona, L50, M|\n|poke|p1|Kangaskhan, L50, F|\n|poke|p1|Basculegion, L50, M|\n|poke|p1|Whimsicott, L50, F|\n|poke|p1|Aegislash, L50, M|\n|poke|p1|Scizor, L50, F|\n|poke|p2|Charizard, L50, F|\n|poke|p2|Venusaur, L50, F|\n|poke|p2|Garchomp, L50, M|\n|poke|p2|Rotom-Wash, L50|\n|poke|p2|Sneasler, L50, F|\n|poke|p2|Incineroar, L50, M|\n|teampreview|4\nmertering rejected open team sheets.\n|\n|t:|1776652296\n|teamsize|p1|4\n|teamsize|p2|4\n|start\n|switch|p1a: tasty bltch|Whimsicott, L50, F|100/100\n|switch|p1b: Kangaskhan|Kangaskhan, L50, F|100/100\n|switch|p2a: Charizard|Charizard, L50, F|100/100\n|switch|p2b: Rotom|Rotom-Wash, L50|100/100\n|turn|1\n|\n|t:|1776652319\n|detailschange|p2a: Charizard|Charizard-Mega-Y, L50, F\n|-mega|p2a: Charizard|Charizard|Charizardite Y\n|-weather|SunnyDay|[from] ability: Drought|[of] p2a: Charizard\n|detailschange|p1b: Kangaskhan|Kangaskhan-Mega, L50, F\n|-mega|p1b: Kangaskhan|Kangaskhan|Kangaskhanite\n|move|p1b: Kangaskhan|Fake Out|p2b: Rotom\n|-damage|p2b: Rotom|79/100\n|-damage|p2b: Rotom|74/100\n|-hitcount|p2b: Rotom|2\n|move|p1a: tasty bltch|Tailwind|p1a: tasty bltch\n|-sidestart|p1: mertering|move: Tailwind\n|move|p2a: Charizard|Heat Wave|p1b: Kangaskhan|[spread] p1a,p1b\n|-supereffective|p1a: tasty bltch|1\n|-enditem|p1a: tasty bltch|Focus Sash\n|-damage|p1a: tasty bltch|1/100\n|-damage|p1b: Kangaskhan|43/100\n|cant|p2b: Rotom|flinch\n|\n|-weather|SunnyDay|[upkeep]\n|-heal|p2b: Rotom|80/100|[from] item: Leftovers\n|upkeep\n|turn|2\n|\n|t:|1776652368\n|move|p2a: Charizard|Protect|p2a: Charizard\n|-singleturn|p2a: Charizard|Protect\n|move|p1a: tasty bltch|Moonblast|p2b: Rotom\n|-damage|p2b: Rotom|38/100\n|move|p1b: Kangaskhan|Double-Edge|p2a: Charizard\n|-activate|p2a: Charizard|move: Protect\n|move|p2b: Rotom|Will-O-Wisp|p1b: Kangaskhan\n|-status|p1b: Kangaskhan|brn\n|\n|-weather|SunnyDay|[upkeep]\n|-heal|p2b: Rotom|44/100|[from] item: Leftovers\n|-damage|p1b: Kangaskhan|37/100 brn|[from] brn\n|upkeep\n|turn|3\n|\n|t:|1776652390\n|switch|p2a: Sneasler|Sneasler, L50, F|100/100\n|move|p2b: Rotom|Protect|p2b: Rotom\n|-singleturn|p2b: Rotom|Protect\n|move|p1a: tasty bltch|Encore||[still]\n|-fail|p1a: tasty bltch\n|move|p1b: Kangaskhan|Bite|p2b: Rotom\n|-activate|p2b: Rotom|move: Protect\n|\n|-weather|SunnyDay|[upkeep]\n|-heal|p2b: Rotom|50/100|[from] item: Leftovers\n|-damage|p1b: Kangaskhan|31/100 brn|[from] brn\n|upkeep\n|turn|4\n|\n|t:|1776652416\n|move|p1a: tasty bltch|Protect|p1a: tasty bltch\n|-singleturn|p1a: tasty bltch|Protect\n|move|p2a: Sneasler|Fake Out|p1a: tasty bltch\n|-activate|p1a: tasty bltch|move: Protect\n|move|p1b: Kangaskhan|Double-Edge|p2b: Rotom\n|-damage|p2b: Rotom|17/100\n|-damage|p2b: Rotom|10/100\n|-hitcount|p2b: Rotom|2\n|-damage|p1b: Kangaskhan|21/100 brn|[from] Recoil\n|move|p2b: Rotom|Thunderbolt|p1b: Kangaskhan\n|-damage|p1b: Kangaskhan|0 fnt\n|faint|p1b: Kangaskhan\n|\n|-weather|SunnyDay|[upkeep]\n|-heal|p2b: Rotom|16/100|[from] item: Leftovers\n|-sideend|p1: mertering|move: Tailwind\n|upkeep\n|\n|t:|1776652434\n|switch|p1b: Basculegion|Basculegion, L50, M|100/100\n|turn|5\n|\n|t:|1776652475\n|switch|p2b: Garchomp|Garchomp, L50, M|100/100\n|move|p1a: tasty bltch|Encore|p2a: Sneasler\n|-start|p2a: Sneasler|Encore\n|move|p2a: Sneasler|Fake Out||[still]\n|-hint|Fake Out only works on your first turn out.\n|-fail|p2a: Sneasler\n|move|p1b: Basculegion|Last Respects|p2b: Garchomp\n|-damage|p2b: Garchomp|42/100\n|\n|-weather|none\n|upkeep\n|turn|6\n|\n|t:|1776652489\n|switch|p2a: Charizard|Charizard-Mega-Y, L50, F|100/100\n|-weather|SunnyDay|[from] ability: Drought|[of] p2a: Charizard\n|move|p1a: tasty bltch|Tailwind|p1a: tasty bltch\n|-sidestart|p1: mertering|move: Tailwind\n|move|p1b: Basculegion|Last Respects|p2b: Garchomp\n|-damage|p2b: Garchomp|0 fnt\n|faint|p2b: Garchomp\n|\n|-weather|SunnyDay|[upkeep]\n|upkeep\n|\n|t:|1776652500\n|switch|p2b: Sneasler|Sneasler, L50, F|100/100\n|turn|7\n|\n|t:|1776652507\n|move|p1a: tasty bltch|Protect|p1a: tasty bltch\n|-singleturn|p1a: tasty bltch|Protect\n|move|p2b: Sneasler|Fake Out|p1a: tasty bltch\n|-activate|p1a: tasty bltch|move: Protect\n|move|p1b: Basculegion|Last Respects|p2a: Charizard\n|-damage|p2a: Charizard|7/100\n|move|p2a: Charizard|Solar Beam||[still]\n|-prepare|p2a: Charizard|Solar Beam\n|-anim|p2a: Charizard|Solar Beam|p1b: Basculegion\n|-supereffective|p1b: Basculegion|1\n|-damage|p1b: Basculegion|0 fnt\n|faint|p1b: Basculegion\n|\n|-weather|SunnyDay|[upkeep]\n|upkeep\n|\n|t:|1776652519\n|switch|p1b: lube|Volcarona, L50, M|100/100\n|turn|8\n|\n|t:|1776652531\n|move|p2a: Charizard|Protect|p2a: Charizard\n|-singleturn|p2a: Charizard|Protect\n|move|p1a: tasty bltch|Encore|p2b: Sneasler\n|-start|p2b: Sneasler|Encore\n|move|p2b: Sneasler|Fake Out||[still]\n|-hint|Fake Out only works on your first turn out.\n|-fail|p2b: Sneasler\n|move|p1b: lube|Quiver Dance|p1b: lube\n|-boost|p1b: lube|spa|1\n|-boost|p1b: lube|spd|1\n|-boost|p1b: lube|spe|1\n|\n|-weather|SunnyDay|[upkeep]\n|upkeep\n|turn|9\n|\n|t:|1776652543\n|switch|p2b: Rotom|Rotom-Wash, L50|16/100\n|move|p1a: tasty bltch|Encore|p2a: Charizard\n|-start|p2a: Charizard|Encore\n|move|p2a: Charizard|Protect||[still]\n|-fail|p2a: Charizard\n|move|p1b: lube|Quiver Dance|p1b: lube\n|-boost|p1b: lube|spa|1\n|-boost|p1b: lube|spd|1\n|-boost|p1b: lube|spe|1\n|\n|-weather|SunnyDay|[upkeep]\n|-heal|p2b: Rotom|22/100|[from] item: Leftovers\n|-sideend|p1: mertering|move: Tailwind\n|upkeep\n|turn|10\n|\n|t:|1776652573\n|switch|p2a: Sneasler|Sneasler, L50, F|100/100\n|move|p1b: lube|Psychic|p2a: Sneasler\n|-supereffective|p2a: Sneasler|2\n|-damage|p2a: Sneasler|0 fnt\n|faint|p2a: Sneasler\n|move|p1a: tasty bltch|Moonblast|p2b: Rotom\n|-crit|p2b: Rotom\n|-damage|p2b: Rotom|0 fnt\n|faint|p2b: Rotom\n|\n|-weather|none\n|upkeep\n|c|\u2606mertering|gg\n|-message|losertest forfeited.\n|\n|win|mertering\n|raw|mertering's rating: 1339 &rarr; <strong>1359</strong><br />(+20 for winning)\n|raw|losertest's rating: 1342 &rarr; <strong>1322</strong><br />(-20 for losing)\n|l|\u2606losertest\n|player|p2|\n",
  "uploadtime": 1776652588,
  "views": 6,
  "formatid": "gen9championsvgc2026regma",
  "rating": 1322,
  "private": 0,
  "password": null
}