{
  "id": "gen9championsvgc2026regma-2587741645",
  "format": "[Gen 9 Champions] VGC 2026 Reg M-A",
  "players": [
    "Wubba Dub Dub",
    "ThatSteelOwl"
  ],
  "log": "|j|\u2606Wubba Dub Dub\n|j|\u2606ThatSteelOwl\n|t:|1776559370\n|gametype|doubles\n|player|p1|Wubba Dub Dub|n|1476\n|player|p2|ThatSteelOwl|pokemonbreederf-gen4|1469\n|gen|9\n|tier|[Gen 9 Champions] VGC 2026 Reg M-A\n|rated|\n|rule|Species Clause: Limit one of each Pok\u00e9mon\n|rule|Item Clause: Limit 1 of each item\n|clearpoke\n|poke|p1|Delphox, L50, M|\n|poke|p1|Sneasler, L50, M|\n|poke|p1|Kingambit, L50, F|\n|poke|p1|Basculegion, L50, M|\n|poke|p1|Garchomp, L50, F|\n|poke|p1|Whimsicott, L50, M|\n|poke|p2|Meganium, L50, F|\n|poke|p2|Gengar, L50, F|\n|poke|p2|Lucario, L50, F|\n|poke|p2|Pelipper, L50, F|\n|poke|p2|Basculegion, L50, M|\n|poke|p2|Kingambit, L50, M|\n|teampreview|4\n|\n|t:|1776559437\n|teamsize|p1|4\n|teamsize|p2|4\n|start\n|switch|p1a: Garchomp|Garchomp, L50, F|100/100\n|switch|p1b: Whimsicott|Whimsicott, L50, M|100/100\n|switch|p2a: Gengar|Gengar, L50, F|100/100\n|switch|p2b: Basculegion|Basculegion, L50, M|100/100\n|turn|1\n|\n|t:|1776559462\n|move|p1b: Whimsicott|Tailwind|p1b: Whimsicott\n|-sidestart|p1: Wubba Dub Dub|move: Tailwind\n|move|p1a: Garchomp|Stomping Tantrum|p2a: Gengar\n|-supereffective|p2a: Gengar|1\n|-enditem|p2a: Gengar|Focus Sash\n|-damage|p2a: Gengar|1/100\n|-start|p1a: Garchomp|Disable|Stomping Tantrum|[from] ability: Cursed Body|[of] p2a: Gengar\n|move|p2a: Gengar|Icy Wind|p1b: Whimsicott|[spread] p1a,p1b\n|-supereffective|p1a: Garchomp|2\n|-supereffective|p1b: Whimsicott|1\n|-damage|p1a: Garchomp|31/100\n|-damage|p1b: Whimsicott|54/100\n|-unboost|p1a: Garchomp|spe|1\n|-unboost|p1b: Whimsicott|spe|1\n|move|p2b: Basculegion|Last Respects|p1b: Whimsicott\n|-damage|p1b: Whimsicott|3/100\n|\n|upkeep\n|turn|2\n|\n|t:|1776559516\n|move|p1b: Whimsicott|Protect|p1b: Whimsicott\n|-singleturn|p1b: Whimsicott|Protect\n|move|p2b: Basculegion|Aqua Jet|p1a: Garchomp\n|-damage|p1a: Garchomp|0 fnt\n|-damage|p2b: Basculegion|88/100|[from] ability: Rough Skin|[of] p1a: Garchomp\n|faint|p1a: Garchomp\n|move|p2a: Gengar|Icy Wind|p1b: Whimsicott\n|-activate|p1b: Whimsicott|move: Protect\n|\n|upkeep\n|\n|t:|1776559522\n|switch|p1a: Delphox|Delphox, L50, M|100/100\n|turn|3\n|\n|t:|1776559532\n|detailschange|p1a: Delphox|Delphox-Mega, L50, M\n|-mega|p1a: Delphox|Delphox|Delphoxite\n|move|p1b: Whimsicott|Sunny Day|p1b: Whimsicott\n|-weather|SunnyDay\n|move|p2b: Basculegion|Aqua Jet|p1b: Whimsicott\n|-resisted|p1b: Whimsicott|1\n|-crit|p1b: Whimsicott\n|-damage|p1b: Whimsicott|0 fnt\n|faint|p1b: Whimsicott\n|move|p1a: Delphox|Heat Wave|p2a: Gengar|[spread] p2b\n|-miss|p1a: Delphox|p2a: Gengar\n|-resisted|p2b: Basculegion|1\n|-damage|p2b: Basculegion|51/100\n|move|p2a: Gengar|Destiny Bond|p2a: Gengar\n|-singlemove|p2a: Gengar|Destiny Bond\n|\n|-weather|SunnyDay|[upkeep]\n|upkeep\n|\n|t:|1776559545\n|switch|p1b: Basculegion|Basculegion, L50, M|100/100\n|turn|4\n|\n|t:|1776559562\n|move|p1b: Basculegion|Last Respects|p2b: Basculegion\n|-supereffective|p2b: Basculegion|1\n|-damage|p2b: Basculegion|0 fnt\n|faint|p2b: Basculegion\n|move|p1a: Delphox|Encore|p2a: Gengar\n|-start|p2a: Gengar|Encore\n|move|p2a: Gengar|Destiny Bond||[still]\n|-fail|p2a: Gengar\n|\n|-weather|SunnyDay|[upkeep]\n|-sideend|p1: Wubba Dub Dub|move: Tailwind\n|upkeep\n|\n|t:|1776559572\n|switch|p2b: Kingambit|Kingambit, L50, M|100/100\n|turn|5\n|\n|t:|1776559585\n|move|p2b: Kingambit|Sucker Punch|p1a: Delphox\n|-supereffective|p1a: Delphox|1\n|-crit|p1a: Delphox\n|-damage|p1a: Delphox|0 fnt\n|faint|p1a: Delphox\n|move|p1b: Basculegion|Last Respects|p2a: Gengar\n|-supereffective|p2a: Gengar|1\n|-damage|p2a: Gengar|0 fnt\n|faint|p2a: Gengar\n|\n|-weather|SunnyDay|[upkeep]\n|upkeep\n|\n|t:|1776559592\n|switch|p2a: Meganium|Meganium, L50, F|100/100\n|turn|6\n|\n|t:|1776559600\n|detailschange|p2a: Meganium|Meganium-Mega, L50, F\n|-mega|p2a: Meganium|Meganium|Meganiumite\n|move|p2b: Kingambit|Sucker Punch|p1b: Basculegion\n|-supereffective|p1b: Basculegion|1\n|-damage|p1b: Basculegion|0 fnt\n|faint|p1b: Basculegion\n|\n|win|ThatSteelOwl\n|raw|Wubba Dub Dub's rating: 1476 &rarr; <strong>1456</strong><br />(-20 for losing)\n|raw|ThatSteelOwl's rating: 1469 &rarr; <strong>1489</strong><br />(+20 for winning)\n|l|\u2606Wubba Dub Dub\n|player|p1|\n",
  "uploadtime": 1776559606,
  "views": 18,
  "formatid": "gen9championsvgc2026regma",
  "rating": 1456,
  "private": 0,
  "password": null
}