{
  "id": "gen9championsvgc2026regma-2585291903",
  "format": "[Gen 9 Champions] VGC 2026 Reg M-A",
  "players": [
    "ericaikok",
    "Jackster1676"
  ],
  "log": "|j|\u2606ericaikok\n|j|\u2606Jackster1676\n|t:|1776334529\n|gametype|doubles\n|player|p1|ericaikok|#ptplvidazzlingdiancies|1187\n|player|p2|Jackster1676|169|1219\n|gen|9\n|tier|[Gen 9 Champions] VGC 2026 Reg M-A\n|rated|\n|rule|Species Clause: Limit one of each Pok\u00e9mon\n|rule|Item Clause: Limit 1 of each item\n|clearpoke\n|poke|p1|Gengar, L50, M|\n|poke|p1|Whimsicott, L50, F|\n|poke|p1|Incineroar, L50, F|\n|poke|p1|Sneasler, L50, F|\n|poke|p1|Rotom-Wash, L50|\n|poke|p1|Arcanine-Hisui, L50, M|\n|poke|p2|Froslass, L50, F|\n|poke|p2|Garchomp, L50, F|\n|poke|p2|Rotom-Frost, L50|\n|poke|p2|Empoleon, L50, F|\n|poke|p2|Incineroar, L50, M|\n|poke|p2|Kingambit, L50, F|\n|teampreview|4\n|inactive|Battle timer is ON: inactive players will automatically lose when time's up. (requested by ericaikok)\n|inactive|ericaikok has 60 seconds left.\n|inactive|Jackster1676 has 60 seconds left.\n|\n|t:|1776334589\n|teamsize|p1|4\n|teamsize|p2|4\n|start\n|switch|p1a: Gengar|Gengar, L50, M|100/100\n|switch|p1b: Whimsicott|Whimsicott, L50, F|100/100\n|switch|p2a: Froslass|Froslass, L50, F|100/100\n|switch|p2b: Rotom|Rotom-Frost, L50|100/100\n|turn|1\n|\n|t:|1776334611\n|detailschange|p1a: Gengar|Gengar-Mega, L50, M\n|-mega|p1a: Gengar|Gengar|Gengarite\n|detailschange|p2a: Froslass|Froslass-Mega, L50, F\n|-mega|p2a: Froslass|Froslass|Froslassite\n|-weather|Snowscape|[from] ability: Snow Warning|[of] p2a: Froslass\n|move|p2a: Froslass|Protect|p2a: Froslass\n|-singleturn|p2a: Froslass|Protect\n|move|p2b: Rotom|Electroweb|p1b: Whimsicott|[spread] p1a,p1b\n|-resisted|p1b: Whimsicott|1\n|-damage|p1a: Gengar|78/100\n|-damage|p1b: Whimsicott|89/100\n|-unboost|p1a: Gengar|spe|1\n|-unboost|p1b: Whimsicott|spe|1\n|move|p1a: Gengar|Shadow Ball|p2a: Froslass\n|-activate|p2a: Froslass|move: Protect\n|move|p1b: Whimsicott|Moonblast|p2b: Rotom\n|-damage|p2b: Rotom|67/100\n|\n|-weather|Snowscape|[upkeep]\n|upkeep\n|turn|2\n|inactive|ericaikok has 30 seconds left.\n|inactive|Jackster1676 has 30 seconds left.\n|\n|t:|1776334644\n|switch|p2a: Empoleon|Empoleon, L50, F|100/100\n|switch|p1a: Arcanine|Arcanine-Hisui, L50, M|100/100\n|move|p1b: Whimsicott|Encore||[still]\n|-fail|p1b: Whimsicott\n|move|p2b: Rotom|Electroweb|p1a: Arcanine|[spread] p1a,p1b\n|-resisted|p1b: Whimsicott|1\n|-damage|p1a: Arcanine|78/100\n|-damage|p1b: Whimsicott|76/100\n|-unboost|p1a: Arcanine|spe|1\n|-unboost|p1b: Whimsicott|spe|1\n|\n|-weather|Snowscape|[upkeep]\n|upkeep\n|turn|3\n|inactive|ericaikok has 30 seconds left.\n|inactive|ericaikok has 20 seconds left.\n|\n|t:|1776334680\n|switch|p2b: Garchomp|Garchomp, L50, F|100/100\n|switch|p1b: Sneasler|Sneasler, L50, F|100/100\n|move|p1a: Arcanine|Flare Blitz|p2b: Garchomp\n|-resisted|p2b: Garchomp|1\n|-damage|p2b: Garchomp|72/100\n|-status|p2b: Garchomp|brn\n|-damage|p1a: Arcanine|65/100|[from] ability: Rough Skin|[of] p2b: Garchomp\n|-damage|p1a: Arcanine|55/100|[from] Recoil\n|move|p2a: Empoleon|Flash Cannon|p1b: Sneasler\n|-damage|p1b: Sneasler|50/100\n|\n|-weather|Snowscape|[upkeep]\n|-damage|p2b: Garchomp|66/100 brn|[from] brn\n|upkeep\n|turn|4\n|inactive|ericaikok has 30 seconds left.\n|inactive|Jackster1676 has 30 seconds left.\n|\n|t:|1776334713\n|switch|p1a: Whimsicott|Whimsicott, L50, F|76/100\n|move|p2a: Empoleon|Protect|p2a: Empoleon\n|-singleturn|p2a: Empoleon|Protect\n|move|p2b: Garchomp|Earthquake|p1a: Whimsicott|[spread] p1a,p1b\n|-activate|p2a: Empoleon|move: Protect\n|-resisted|p1a: Whimsicott|1\n|-supereffective|p1b: Sneasler|1\n|-damage|p1a: Whimsicott|68/100\n|-damage|p1b: Sneasler|0 fnt\n|faint|p1b: Sneasler\n|\n|-weather|Snowscape|[upkeep]\n|-damage|p2b: Garchomp|60/100 brn|[from] brn\n|upkeep\n|l|\u2606ericaikok\n|inactive|ericaikok disconnected and has a minute to reconnect!\n|player|p1|\n|j|\u2606ericaikok\n|inactive|ericaikok reconnected and has 35 seconds left.\n|player|p1|ericaikok|#ptplvidazzlingdiancies|\n|\n|t:|1776334738\n|switch|p1b: Gengar|Gengar-Mega, L50, M|78/100\n|turn|5\n|\n|t:|1776334756\n|move|p1b: Gengar|Protect|p1b: Gengar\n|-singleturn|p1b: Gengar|Protect\n|move|p1a: Whimsicott|Encore|p2a: Empoleon\n|-start|p2a: Empoleon|Encore\n|move|p2a: Empoleon|Protect|p2a: Empoleon\n|-singleturn|p2a: Empoleon|Protect\n|move|p2b: Garchomp|Rock Slide|p1a: Whimsicott|[spread] p1a\n|-activate|p1b: Gengar|move: Protect\n|-damage|p1a: Whimsicott|60/100\n|\n|-weather|none\n|-damage|p2b: Garchomp|54/100 brn|[from] brn\n|upkeep\n|turn|6\n|\n|t:|1776334777\n|move|p2a: Empoleon|Protect|p2a: Empoleon\n|-singleturn|p2a: Empoleon|Protect\n|move|p1b: Gengar|Shadow Ball|p2b: Garchomp\n|-damage|p2b: Garchomp|0 fnt\n|faint|p2b: Garchomp\n|move|p1a: Whimsicott|Moonblast|p2a: Empoleon\n|-activate|p2a: Empoleon|move: Protect\n|\n|upkeep\n|\n|t:|1776334788\n|switch|p2b: Froslass|Froslass-Mega, L50, F|100/100\n|-weather|Snowscape|[from] ability: Snow Warning|[of] p2b: Froslass\n|turn|7\n|inactive|Jackster1676 has 30 seconds left.\n|\n|t:|1776334832\n|move|p2a: Empoleon|Protect||[still]\n|-fail|p2a: Empoleon\n|move|p1b: Gengar|Shadow Ball|p2b: Froslass\n|-supereffective|p2b: Froslass|1\n|-damage|p2b: Froslass|0 fnt\n|faint|p2b: Froslass\n|move|p1a: Whimsicott|Moonblast|p2a: Empoleon\n|-resisted|p2a: Empoleon|1\n|-damage|p2a: Empoleon|88/100\n|\n|-weather|Snowscape|[upkeep]\n|-heal|p2a: Empoleon|94/100|[from] item: Leftovers\n|-end|p2a: Empoleon|Encore\n|upkeep\n|\n|t:|1776334846\n|switch|p2b: Rotom|Rotom-Frost, L50|67/100\n|turn|8\n|\n|t:|1776334861\n|move|p1a: Whimsicott|Encore|p2a: Empoleon\n|-start|p2a: Empoleon|Encore\n|move|p2a: Empoleon|Protect|p2a: Empoleon\n|-singleturn|p2a: Empoleon|Protect\n|move|p2b: Rotom|Blizzard|p1a: Whimsicott|[spread] p1a,p1b\n|-supereffective|p1a: Whimsicott|1\n|-damage|p1a: Whimsicott|0 fnt\n|-damage|p1b: Gengar|26/100\n|faint|p1a: Whimsicott\n|move|p1b: Gengar|Sludge Bomb|p2b: Rotom\n|-damage|p2b: Rotom|0 fnt\n|faint|p2b: Rotom\n|\n|-weather|Snowscape|[upkeep]\n|-heal|p2a: Empoleon|99/100|[from] item: Leftovers\n|upkeep\n|\n|t:|1776334868\n|switch|p1a: Arcanine|Arcanine-Hisui, L50, M|55/100\n|turn|9\n|\n|t:|1776334879\n|move|p2a: Empoleon|Protect|p2a: Empoleon\n|-singleturn|p2a: Empoleon|Protect\n|move|p1a: Arcanine|Flare Blitz|p2a: Empoleon\n|-activate|p2a: Empoleon|move: Protect\n|move|p1b: Gengar|Disable|p2a: Empoleon\n|-activate|p2a: Empoleon|move: Protect\n|\n|-weather|Snowscape|[upkeep]\n|-heal|p2a: Empoleon|100/100|[from] item: Leftovers\n|upkeep\n|turn|10\n|\n|t:|1776334891\n|move|p2a: Empoleon|Protect||[still]\n|-fail|p2a: Empoleon\n|move|p1a: Arcanine|Flare Blitz|p2a: Empoleon\n|-damage|p2a: Empoleon|40/100\n|-status|p2a: Empoleon|brn\n|-damage|p1a: Arcanine|33/100|[from] Recoil\n|move|p1b: Gengar|Disable|p2a: Empoleon\n|-start|p2a: Empoleon|Disable|Protect\n|\n|-weather|Snowscape|[upkeep]\n|-heal|p2a: Empoleon|46/100 brn|[from] item: Leftovers\n|-damage|p2a: Empoleon|40/100 brn|[from] brn\n|-end|p2a: Empoleon|Encore\n|upkeep\n|turn|11\n|inactive|Jackster1676 has 30 seconds left.\n|\n|t:|1776334919\n|move|p1a: Arcanine|Flare Blitz|p2a: Empoleon\n|-damage|p2a: Empoleon|0 fnt\n|faint|p2a: Empoleon\n|-damage|p1a: Arcanine|18/100|[from] Recoil\n|\n|win|ericaikok\n|raw|ericaikok's rating: 1187 &rarr; <strong>1214</strong><br />(+27 for winning)\n|raw|Jackster1676's rating: 1219 &rarr; <strong>1192</strong><br />(-27 for losing)\n",
  "uploadtime": 1776334920,
  "views": 26,
  "formatid": "gen9championsvgc2026regma",
  "rating": 1192,
  "private": 0,
  "password": null
}