{
  "id": "gen9championsvgc2026regma-2583944284",
  "format": "[Gen 9 Champions] VGC 2026 Reg M-A",
  "players": [
    "SimMikaze",
    "Lioxim"
  ],
  "log": "|j|\u2606SimMikaze\n|j|\u2606Lioxim\n|t:|1776210522\n|gametype|doubles\n|player|p1|SimMikaze|miku-ghost|1275\n|player|p2|Lioxim|2|1209\n|gen|9\n|tier|[Gen 9 Champions] VGC 2026 Reg M-A\n|rated|\n|rule|Species Clause: Limit one of each Pok\u00e9mon\n|rule|Item Clause: Limit 1 of each item\n|clearpoke\n|poke|p1|Gengar, L50, M|\n|poke|p1|Kommo-o, L50, F|\n|poke|p1|Maushold, L50|\n|poke|p1|Sinistcha, L50|\n|poke|p1|Whimsicott, L50, M|\n|poke|p1|Incineroar, L50, M|\n|poke|p2|Tyranitar, L50, F|\n|poke|p2|Rotom-Wash, L50|\n|poke|p2|Garchomp, L50, M|\n|poke|p2|Corviknight, L50, M|\n|poke|p2|Sinistcha, L50|\n|poke|p2|Sneasler, L50, F|\n|teampreview|4\n|inactive|Battle timer is ON: inactive players will automatically lose when time's up. (requested by Lioxim)\n|\n|t:|1776210549\n|teamsize|p1|4\n|teamsize|p2|4\n|start\n|switch|p1a: Gengar|Gengar, L50, M, shiny|100/100\n|switch|p1b: Maushold|Maushold, L50|100/100\n|switch|p2a: Corviknight|Corviknight, L50, M|100/100\n|switch|p2b: Sneasler|Sneasler, L50, F|100/100\n|turn|1\n|\n|t:|1776210563\n|detailschange|p1a: Gengar|Gengar-Mega, L50, M, shiny\n|-mega|p1a: Gengar|Gengar|Gengarite\n|move|p1b: Maushold|Follow Me|p1b: Maushold\n|-singleturn|p1b: Maushold|move: Follow Me\n|move|p1a: Gengar|Perish Song|p1a: Gengar\n|-start|p1a: Gengar|perish3|[silent]\n|-start|p1b: Maushold|perish3|[silent]\n|-start|p2a: Corviknight|perish3|[silent]\n|-start|p2b: Sneasler|perish3|[silent]\n|-fieldactivate|move: Perish Song\n|move|p2b: Sneasler|Close Combat|p1b: Maushold\n|-supereffective|p1b: Maushold|1\n|-enditem|p1b: Maushold|Focus Sash\n|-damage|p1b: Maushold|1/100\n|-unboost|p2b: Sneasler|def|1\n|-unboost|p2b: Sneasler|spd|1\n|-enditem|p2b: Sneasler|White Herb\n|-clearnegativeboost|p2b: Sneasler|[silent]\n|move|p2a: Corviknight|Tailwind|p2a: Corviknight\n|-sidestart|p2: Lioxim|move: Tailwind\n|\n|-start|p2b: Sneasler|perish3\n|-start|p2a: Corviknight|perish3\n|-start|p1a: Gengar|perish3\n|-start|p1b: Maushold|perish3\n|upkeep\n|turn|2\n|inactive|SimMikaze has 30 seconds left.\n|inactive|Lioxim has 30 seconds left.\n|\n|t:|1776210596\n|move|p1a: Gengar|Protect|p1a: Gengar\n|-singleturn|p1a: Gengar|Protect\n|move|p1b: Maushold|Protect|p1b: Maushold\n|-singleturn|p1b: Maushold|Protect\n|move|p2b: Sneasler|Throat Chop|p1a: Gengar\n|-activate|p1a: Gengar|move: Protect\n|move|p2a: Corviknight|Iron Head|p1b: Maushold\n|-activate|p1b: Maushold|move: Protect\n|\n|-start|p2b: Sneasler|perish2\n|-start|p2a: Corviknight|perish2\n|-start|p1a: Gengar|perish2\n|-start|p1b: Maushold|perish2\n|upkeep\n|turn|3\n|\n|t:|1776210620\n|move|p1b: Maushold|Follow Me|p1b: Maushold\n|-singleturn|p1b: Maushold|move: Follow Me\n|move|p2b: Sneasler|Throat Chop|p1b: Maushold\n|-damage|p1b: Maushold|0 fnt\n|faint|p1b: Maushold\n|move|p2a: Corviknight|Brave Bird|p1a: Gengar\n|-damage|p1a: Gengar|42/100\n|-damage|p2a: Corviknight|84/100|[from] Recoil\n|move|p1a: Gengar|Substitute|p1a: Gengar\n|-start|p1a: Gengar|Substitute\n|-damage|p1a: Gengar|18/100\n|\n|-start|p2b: Sneasler|perish1\n|-start|p2a: Corviknight|perish1\n|-start|p1a: Gengar|perish1\n|upkeep\n|\n|t:|1776210637\n|switch|p1b: Sinistcha|Sinistcha, L50, shiny|100/100\n|-heal|p1a: Gengar|42/100|[from] ability: Hospitality|[of] p1b: Sinistcha\n|turn|4\n|inactive|Lioxim has 30 seconds left.\n|inactive|SimMikaze has 30 seconds left.\n|inactive|Lioxim has 20 seconds left.\n|inactive|Lioxim has 15 seconds left.\n|inactive|Lioxim has 10 seconds left.\n|\n|t:|1776210684\n|switch|p1a: Incineroar|Incineroar, L50, M, shiny|100/100\n|-ability|p1a: Incineroar|Intimidate|boost\n|-ability|p2a: Corviknight|Mirror Armor\n|-unboost|p1a: Incineroar|atk|1\n|-unboost|p2b: Sneasler|atk|1\n|move|p1b: Sinistcha|Protect|p1b: Sinistcha\n|-singleturn|p1b: Sinistcha|Protect\n|move|p2b: Sneasler|Throat Chop|p1a: Incineroar\n|-resisted|p1a: Incineroar|1\n|-damage|p1a: Incineroar|94/100\n|-start|p1a: Incineroar|Throat Chop|[silent]\n|move|p2a: Corviknight|Brave Bird|p1b: Sinistcha\n|-activate|p1b: Sinistcha|move: Protect\n|\n|-start|p2b: Sneasler|perish0\n|-start|p2a: Corviknight|perish0\n|-sideend|p2: Lioxim|move: Tailwind\n|faint|p2b: Sneasler\n|faint|p2a: Corviknight\n|upkeep\n|\n|t:|1776210694\n|switch|p2b: Garchomp|Garchomp, L50, M|100/100\n|switch|p2a: Tyranitar|Tyranitar, L50, F|100/100\n|-weather|Sandstorm|[from] ability: Sand Stream|[of] p2a: Tyranitar\n|turn|5\n|inactive|SimMikaze has 30 seconds left.\n|inactive|SimMikaze has 20 seconds left.\n|inactive|SimMikaze has 15 seconds left.\n|inactive|SimMikaze has 10 seconds left.\n|inactive|Lioxim has 30 seconds left.\n|inactive|Lioxim has 20 seconds left.\n|\n|t:|1776210753\n|detailschange|p2a: Tyranitar|Tyranitar-Mega, L50, F\n|-mega|p2a: Tyranitar|Tyranitar|Tyranitarite\n|move|p1a: Incineroar|Fake Out|p2b: Garchomp\n|-damage|p2b: Garchomp|94/100\n|-damage|p1a: Incineroar|82/100|[from] ability: Rough Skin|[of] p2b: Garchomp\n|cant|p2b: Garchomp|flinch\n|move|p2a: Tyranitar|Knock Off|p1b: Sinistcha\n|-supereffective|p1b: Sinistcha|1\n|-damage|p1b: Sinistcha|9/100\n|-enditem|p1b: Sinistcha|Leftovers|[from] move: Knock Off|[of] p2a: Tyranitar\n|move|p1b: Sinistcha|Matcha Gotcha|p2a: Tyranitar|[spread] p2a,p2b\n|-supereffective|p2a: Tyranitar|1\n|-damage|p2a: Tyranitar|74/100\n|-heal|p1b: Sinistcha|23/100|[from] drain|[of] p2a: Tyranitar\n|-damage|p2b: Garchomp|68/100\n|-heal|p1b: Sinistcha|38/100|[from] drain|[of] p2b: Garchomp\n|\n|-weather|Sandstorm|[upkeep]\n|-damage|p1b: Sinistcha|32/100|[from] Sandstorm\n|-damage|p1a: Incineroar|76/100|[from] Sandstorm\n|-end|p1a: Incineroar|Throat Chop|[silent]\n|upkeep\n|turn|6\n|\n|t:|1776210777\n|move|p1b: Sinistcha|Protect|p1b: Sinistcha\n|-singleturn|p1b: Sinistcha|Protect\n|move|p2b: Garchomp|Stomping Tantrum|p1a: Incineroar\n|-supereffective|p1a: Incineroar|1\n|-damage|p1a: Incineroar|0 fnt\n|faint|p1a: Incineroar\n|move|p2a: Tyranitar|Rock Slide|p1b: Sinistcha\n|-activate|p1b: Sinistcha|move: Protect\n|\n|-weather|Sandstorm|[upkeep]\n|-damage|p1b: Sinistcha|25/100|[from] Sandstorm\n|upkeep\n|\n|t:|1776210783\n|switch|p1a: Gengar|Gengar-Mega, L50, M, shiny|42/100\n|turn|7\n|c|\u2606SimMikaze|Damn\n|\n|t:|1776210800\n|move|p1b: Sinistcha|Rage Powder|p1b: Sinistcha\n|-singleturn|p1b: Sinistcha|move: Rage Powder\n|move|p2b: Garchomp|Stomping Tantrum|p1b: Sinistcha\n|-resisted|p1b: Sinistcha|1\n|-damage|p1b: Sinistcha|8/100\n|move|p1a: Gengar|Perish Song|p1a: Gengar\n|-start|p1a: Gengar|perish3|[silent]\n|-start|p1b: Sinistcha|perish3|[silent]\n|-start|p2a: Tyranitar|perish3|[silent]\n|-start|p2b: Garchomp|perish3|[silent]\n|-fieldactivate|move: Perish Song\n|move|p2a: Tyranitar|Rock Slide|p1a: Gengar|[spread] p1a,p1b\n|-damage|p1a: Gengar|2/100\n|-damage|p1b: Sinistcha|0 fnt\n|faint|p1b: Sinistcha\n|\n|-weather|Sandstorm|[upkeep]\n|-damage|p1a: Gengar|0 fnt|[from] Sandstorm\n|faint|p1a: Gengar\n|\n|win|Lioxim\n|raw|SimMikaze's rating: 1275 &rarr; <strong>1245</strong><br />(-30 for losing)\n|raw|Lioxim's rating: 1209 &rarr; <strong>1239</strong><br />(+30 for winning)\n|c|\u2606SimMikaze|Stomping Tentrum is really strong\n",
  "uploadtime": 1776210802,
  "views": 26,
  "formatid": "gen9championsvgc2026regma",
  "rating": 1239,
  "private": 0,
  "password": null
}