{
  "id": "gen9championsvgc2026regma-2582357788",
  "format": "[Gen 9 Champions] VGC 2026 Reg M-A",
  "players": [
    "bagazkarap",
    "zoan lover"
  ],
  "log": "|j|\u203dbagazkarap\n|j|\u2606zoan lover\n|t:|1776086131\n|gametype|doubles\n|player|p1|bagazkarap|102|1073\n|player|p2|zoan lover|clown|1083\n|gen|9\n|tier|[Gen 9 Champions] VGC 2026 Reg M-A\n|rated|\n|rule|Species Clause: Limit one of each Pok\u00e9mon\n|rule|Item Clause: Limit 1 of each item\n|clearpoke\n|poke|p1|Vivillon, L50, M|\n|poke|p1|Samurott-Hisui, L50, F|\n|poke|p1|Rotom-Heat, L50|\n|poke|p1|Abomasnow, L50, F|\n|poke|p1|Machamp, L50, M|\n|poke|p1|Aerodactyl, L50, M|\n|poke|p2|Farigiraf, L50, M|\n|poke|p2|Golurk, L50|\n|poke|p2|Torkoal, L50, F|\n|poke|p2|Maushold-Four, L50|\n|poke|p2|Incineroar, L50, F|\n|poke|p2|Sneasler, L50, M|\n|teampreview|4\n|inactive|Battle timer is ON: inactive players will automatically lose when time's up. (requested by zoan lover)\n|\n|t:|1776086169\n|teamsize|p1|4\n|teamsize|p2|4\n|start\n|switch|p1a: Machamp|Machamp, L50, M|100/100\n|switch|p1b: Samurott|Samurott-Hisui, L50, F|100/100\n|switch|p2a: Farigiraf|Farigiraf, L50, M|100/100\n|switch|p2b: Incineroar|Incineroar, L50, F|100/100\n|-ability|p2b: Incineroar|Intimidate|boost\n|-unboost|p1a: Machamp|atk|1\n|-unboost|p1b: Samurott|atk|1\n|turn|1\n|\n|t:|1776086184\n|move|p2b: Incineroar|Fake Out|p1a: Machamp\n|-damage|p1a: Machamp|87/100\n|move|p1b: Samurott|Night Slash|p2a: Farigiraf\n|-supereffective|p2a: Farigiraf|1\n|-damage|p2a: Farigiraf|49/100\n|cant|p1a: Machamp|flinch\n|move|p2a: Farigiraf|Trick Room|p2a: Farigiraf\n|-fieldstart|move: Trick Room|[of] p2a: Farigiraf\n|\n|upkeep\n|turn|2\n|\n|t:|1776086197\n|move|p1a: Machamp|Protect|p1a: Machamp\n|-singleturn|p1a: Machamp|Protect\n|move|p2a: Farigiraf|Twin Beam|p1a: Machamp\n|-activate|p1a: Machamp|move: Protect\n|move|p1b: Samurott|Night Slash|p2a: Farigiraf\n|-supereffective|p2a: Farigiraf|1\n|-crit|p2a: Farigiraf\n|-damage|p2a: Farigiraf|0 fnt\n|faint|p2a: Farigiraf\n|move|p2b: Incineroar|Parting Shot|p1b: Samurott\n|-unboost|p1b: Samurott|atk|1\n|-unboost|p1b: Samurott|spa|1\n|\n|t:|1776086203\n|switch|p2b: Golurk|Golurk, L50|100/100|[from] Parting Shot\n|\n|upkeep\n|\n|t:|1776086212\n|switch|p2a: Torkoal|Torkoal, L50, F|100/100\n|-weather|SunnyDay|[from] ability: Drought|[of] p2a: Torkoal\n|turn|3\n|\n|t:|1776086221\n|detailschange|p2b: Golurk|Golurk-Mega, L50\n|-mega|p2b: Golurk|Golurk|Golurkite\n|move|p1a: Machamp|Wide Guard|p1a: Machamp\n|-singleturn|p1a: Machamp|Wide Guard\n|move|p2a: Torkoal|Eruption|p1b: Samurott|[spread] \n|-activate|p1a: Machamp|move: Wide Guard\n|-activate|p1b: Samurott|move: Wide Guard\n|move|p2b: Golurk|Headlong Rush|p1b: Samurott\n|-damage|p1b: Samurott|18/100\n|-unboost|p2b: Golurk|def|1\n|-unboost|p2b: Golurk|spd|1\n|move|p1b: Samurott|Night Slash|p2b: Golurk\n|-supereffective|p2b: Golurk|1\n|-damage|p2b: Golurk|27/100\n|\n|-weather|SunnyDay|[upkeep]\n|upkeep\n|turn|4\n|\n|t:|1776086242\n|move|p1a: Machamp|Wide Guard|p1a: Machamp\n|-singleturn|p1a: Machamp|Wide Guard\n|move|p1b: Samurott|Sucker Punch|p2b: Golurk\n|-supereffective|p2b: Golurk|1\n|-damage|p2b: Golurk|0 fnt\n|faint|p2b: Golurk\n|move|p2a: Torkoal|Weather Ball|p1a: Machamp\n|-damage|p1a: Machamp|20/100\n|-enditem|p1a: Machamp|Sitrus Berry|[eat]\n|-heal|p1a: Machamp|45/100|[from] item: Sitrus Berry\n|\n|-weather|SunnyDay|[upkeep]\n|upkeep\n|\n|t:|1776086250\n|switch|p2b: Incineroar|Incineroar, L50, F|100/100\n|-ability|p2b: Incineroar|Intimidate|boost\n|-unboost|p1a: Machamp|atk|1\n|-unboost|p1b: Samurott|atk|1\n|turn|5\n|\n|t:|1776086260\n|switch|p1a: Aerodactyl|Aerodactyl, L50, M|100/100\n|-ability|p1a: Aerodactyl|Unnerve\n|move|p1b: Samurott|Protect|p1b: Samurott\n|-singleturn|p1b: Samurott|Protect\n|move|p2b: Incineroar|Fake Out|p1a: Aerodactyl|[miss]\n|-miss|p2b: Incineroar|p1a: Aerodactyl\n|move|p2a: Torkoal|Heat Wave|p1b: Samurott|[spread] \n|-activate|p1b: Samurott|move: Protect\n|-miss|p2a: Torkoal|p1a: Aerodactyl\n|\n|-weather|SunnyDay|[upkeep]\n|-fieldend|move: Trick Room\n|upkeep\n|turn|6\n|\n|t:|1776086275\n|switch|p1b: Abomasnow|Abomasnow, L50, F|100/100\n|-weather|Snowscape|[from] ability: Snow Warning|[of] p1b: Abomasnow\n|move|p2a: Torkoal|Protect|p2a: Torkoal\n|-singleturn|p2a: Torkoal|Protect\n|move|p1a: Aerodactyl|Rock Slide|p2a: Torkoal|[spread] p2b\n|-activate|p2a: Torkoal|move: Protect\n|-supereffective|p2b: Incineroar|1\n|-damage|p2b: Incineroar|54/100\n|move|p2b: Incineroar|Flare Blitz|p1b: Abomasnow\n|-supereffective|p1b: Abomasnow|2\n|-damage|p1b: Abomasnow|0 fnt\n|faint|p1b: Abomasnow\n|-damage|p2b: Incineroar|18/100|[from] Recoil\n|\n|-weather|Snowscape|[upkeep]\n|upkeep\n|-message|zoan lover forfeited.\n|\n|win|bagazkarap\n|raw|bagazkarap's rating: 1073 &rarr; <strong>1103</strong><br />(+30 for winning)\n|raw|zoan lover's rating: 1083 &rarr; <strong>1060</strong><br />(-23 for losing)\n|l|\u2606zoan lover\n|player|p2|\n",
  "uploadtime": 1776086292,
  "views": 47,
  "formatid": "gen9championsvgc2026regma",
  "rating": 1060,
  "private": 0,
  "password": null
}