{
  "id": "gen9championsvgc2026regma-2582575996",
  "format": "[Gen 9 Champions] VGC 2026 Reg M-A",
  "players": [
    "red4766",
    "PaAu5"
  ],
  "log": "|j|\u2606red4766\n|j|\u2606PaAu5\n|t:|1776100382\n|gametype|doubles\n|player|p1|red4766|265|1046\n|player|p2|PaAu5|blackbelt|1000\n|gen|9\n|tier|[Gen 9 Champions] VGC 2026 Reg M-A\n|rated|\n|rule|Species Clause: Limit one of each Pok\u00e9mon\n|rule|Item Clause: Limit 1 of each item\n|clearpoke\n|poke|p1|Basculegion, L50, M|\n|poke|p1|Kingambit, L50, M|\n|poke|p1|Rotom-Heat, L50|\n|poke|p1|Froslass, L50, F|\n|poke|p1|Sneasler, L50, F|\n|poke|p1|Clefable, L50, F|\n|poke|p2|Arcanine, L50, M|\n|poke|p2|Rotom-Wash, L50|\n|poke|p2|Garchomp, L50, F|\n|poke|p2|Venusaur, L50, F|\n|poke|p2|Corviknight, L50, F|\n|poke|p2|Sneasler, L50, M|\n|teampreview|4\nred4766 rejected open team sheets.\n|\n|t:|1776100422\n|teamsize|p1|4\n|teamsize|p2|4\n|start\n|switch|p1a: Froslass|Froslass, L50, F, shiny|100/100\n|switch|p1b: Clefable|Clefable, L50, F|100/100\n|switch|p2a: Venusaur|Venusaur, L50, F|100/100\n|switch|p2b: Arcanine|Arcanine, L50, M|100/100\n|-ability|p2b: Arcanine|Intimidate|boost\n|-unboost|p1a: Froslass|atk|1\n|-unboost|p1b: Clefable|atk|1\n|turn|1\n|inactive|Battle timer is ON: inactive players will automatically lose when time's up. (requested by PaAu5)\n|\n|t:|1776100448\n|detailschange|p1a: Froslass|Froslass-Mega, L50, F, shiny\n|-mega|p1a: Froslass|Froslass|Froslassite\n|-weather|Snowscape|[from] ability: Snow Warning|[of] p1a: Froslass\n|detailschange|p2a: Venusaur|Venusaur-Mega, L50, F\n|-mega|p2a: Venusaur|Venusaur|Venusaurite\n|move|p1b: Clefable|Follow Me|p1b: Clefable\n|-singleturn|p1b: Clefable|move: Follow Me\n|move|p1a: Froslass|Blizzard|p2b: Arcanine|[spread] p2a,p2b\n|-supereffective|p2a: Venusaur|1\n|-resisted|p2b: Arcanine|1\n|-damage|p2a: Venusaur|67/100\n|-damage|p2b: Arcanine|76/100\n|move|p2b: Arcanine|Flare Blitz|p1b: Clefable\n|-damage|p1b: Clefable|50/100\n|-enditem|p1b: Clefable|Sitrus Berry|[eat]\n|-heal|p1b: Clefable|75/100|[from] item: Sitrus Berry\n|-damage|p2b: Arcanine|59/100|[from] Recoil\n|move|p2a: Venusaur|Sludge Bomb|p1b: Clefable\n|-supereffective|p1b: Clefable|1\n|-damage|p1b: Clefable|17/100\n|-status|p1b: Clefable|psn\n|\n|-weather|Snowscape|[upkeep]\n|-damage|p1b: Clefable|5/100 psn|[from] psn\n|upkeep\n|turn|2\n|\n|t:|1776100472\n|move|p1b: Clefable|Helping Hand|p1a: Froslass\n|-singleturn|p1a: Froslass|Helping Hand|[of] p1b: Clefable\n|move|p2a: Venusaur|Protect|p2a: Venusaur\n|-singleturn|p2a: Venusaur|Protect\n|move|p1a: Froslass|Blizzard|p2a: Venusaur|[spread] p2b\n|-activate|p2a: Venusaur|move: Protect\n|-resisted|p2b: Arcanine|1\n|-damage|p2b: Arcanine|23/100\n|-status|p2b: Arcanine|frz\n|-enditem|p2b: Arcanine|Sitrus Berry|[eat]\n|-heal|p2b: Arcanine|48/100 frz|[from] item: Sitrus Berry\n|-curestatus|p2b: Arcanine|frz|[from] move: Flare Blitz\n|move|p2b: Arcanine|Flare Blitz|p1a: Froslass\n|-supereffective|p1a: Froslass|1\n|-damage|p1a: Froslass|3/100\n|-damage|p2b: Arcanine|24/100|[from] Recoil\n|\n|-weather|Snowscape|[upkeep]\n|-damage|p1b: Clefable|0 fnt|[from] psn\n|faint|p1b: Clefable\n|upkeep\n|\n|t:|1776100485\n|switch|p1b: Sneasler|Sneasler, L50, F|100/100\n|turn|3\n|\n|t:|1776100500\n|move|p1b: Sneasler|Fake Out|p2b: Arcanine\n|-damage|p2b: Arcanine|10/100\n|move|p1a: Froslass|Blizzard|p2a: Venusaur|[spread] p2a,p2b\n|-supereffective|p2a: Venusaur|1\n|-resisted|p2b: Arcanine|1\n|-damage|p2a: Venusaur|31/100\n|-damage|p2b: Arcanine|0 fnt\n|faint|p2b: Arcanine\n|move|p2a: Venusaur|Leech Seed|p1b: Sneasler\n|-start|p1b: Sneasler|move: Leech Seed\n|\n|-weather|Snowscape|[upkeep]\n|-damage|p1b: Sneasler|88/100|[from] Leech Seed|[of] p2a: Venusaur\n|-heal|p2a: Venusaur|41/100|[silent]\n|upkeep\n|\n|t:|1776100505\n|switch|p2b: Sneasler|Sneasler, L50, M|100/100\n|turn|4\n|\n|t:|1776100514\n|move|p1a: Froslass|Protect|p1a: Froslass\n|-singleturn|p1a: Froslass|Protect\n|move|p2a: Venusaur|Protect|p2a: Venusaur\n|-singleturn|p2a: Venusaur|Protect\n|move|p2b: Sneasler|Fake Out|p1a: Froslass\n|-activate|p1a: Froslass|move: Protect\n|move|p1b: Sneasler|Dire Claw|p2b: Sneasler\n|-resisted|p2b: Sneasler|1\n|-damage|p2b: Sneasler|65/100\n|-status|p2b: Sneasler|slp\n|\n|-weather|Snowscape|[upkeep]\n|-damage|p1b: Sneasler|76/100|[from] Leech Seed|[of] p2a: Venusaur\n|-heal|p2a: Venusaur|51/100|[silent]\n|upkeep\n|turn|5\n|\n|t:|1776100537\n|move|p1b: Sneasler|Dire Claw|p2a: Venusaur\n|-damage|p2a: Venusaur|20/100\n|move|p1a: Froslass|Blizzard|p2a: Venusaur|[spread] p2a,p2b\n|-supereffective|p2a: Venusaur|1\n|-damage|p2a: Venusaur|0 fnt\n|-damage|p2b: Sneasler|9/100 slp\n|faint|p2a: Venusaur\n|cant|p2b: Sneasler|slp\n|\n|-weather|none\n|upkeep\n|\n|t:|1776100542\n|switch|p2a: Corviknight|Corviknight, L50, F|100/100\n|turn|6\n|\n|t:|1776100559\n|move|p1b: Sneasler|Close Combat|p2a: Corviknight\n|-damage|p2a: Corviknight|48/100\n|-unboost|p1b: Sneasler|def|1\n|-unboost|p1b: Sneasler|spd|1\n|move|p1a: Froslass|Blizzard|p2b: Sneasler|[spread] p2a,p2b\n|-damage|p2a: Corviknight|9/100\n|-damage|p2b: Sneasler|0 fnt\n|faint|p2b: Sneasler\n|move|p2a: Corviknight|Brave Bird|p1b: Sneasler\n|-supereffective|p1b: Sneasler|1\n|-damage|p1b: Sneasler|0 fnt\n|faint|p1b: Sneasler\n|-damage|p2a: Corviknight|0 fnt|[from] Recoil\n|faint|p2a: Corviknight\n|\n|win|red4766\n|raw|red4766's rating: 1046 &rarr; <strong>1075</strong><br />(+29 for winning)\n|raw|PaAu5's rating: 1000 &rarr; <strong>1000</strong><br />(+0 for losing)\n|l|\u2606PaAu5\n|player|p2|\n",
  "uploadtime": 1776100572,
  "views": 10,
  "formatid": "gen9championsvgc2026regma",
  "rating": 1000,
  "private": 0,
  "password": null
}