{
  "id": "gen9championsvgc2026regma-2581014932",
  "format": "[Gen 9 Champions] VGC 2026 Reg M-A",
  "players": [
    "yuriimon",
    "Static_Tempah"
  ],
  "log": "|j|\u2606yuriimon\n|j|\u2606Static_Tempah\n|t:|1775951865\n|gametype|doubles\n|player|p1|yuriimon|waitress-gen4|1079\n|player|p2|Static_Tempah|169|1096\n|gen|9\n|tier|[Gen 9 Champions] VGC 2026 Reg M-A\n|rated|\n|rule|Species Clause: Limit one of each Pok\u00e9mon\n|rule|Item Clause: Limit 1 of each item\n|clearpoke\n|poke|p1|Feraligatr, L50, M|\n|poke|p1|Gallade, L50, M|\n|poke|p1|Politoed, L50, M|\n|poke|p1|Raichu, L50, F|\n|poke|p1|Arcanine-Hisui, L50, F|\n|poke|p1|Clefable, L50, F|\n|poke|p2|Milotic, L50, F|\n|poke|p2|Gengar, L50, M|\n|poke|p2|Sneasler, L50, F|\n|poke|p2|Chesnaught, L50, M|\n|poke|p2|Garchomp, L50, M|\n|poke|p2|Incineroar, L50, F|\n|teampreview|4\n|inactive|Battle timer is ON: inactive players will automatically lose when time's up. (requested by yuriimon)\nStatic_Tempah rejected open team sheets.\n|inactive|yuriimon has 60 seconds left.\n|inactive|Static_Tempah has 60 seconds left.\n|inactive|Static_Tempah has 30 seconds left.\n|inactive|Static_Tempah has 20 seconds left.\n|\n|t:|1775951936\n|teamsize|p1|4\n|teamsize|p2|4\n|start\n|switch|p1a: Raichu|Raichu, L50, F|100/100\n|switch|p1b: Gallade|Gallade, L50, M|100/100\n|switch|p2a: Gengar|Gengar, L50, M, shiny|100/100\n|switch|p2b: Incineroar|Incineroar, L50, F|100/100\n|-ability|p2b: Incineroar|Intimidate|boost\n|-unboost|p1a: Raichu|atk|1\n|-unboost|p1b: Gallade|atk|1\n|turn|1\n|inactive|Static_Tempah has 30 seconds left.\n|inactive|Static_Tempah has 20 seconds left.\n|inactive|Static_Tempah has 15 seconds left.\n|\n|t:|1775951979\n|detailschange|p2a: Gengar|Gengar-Mega, L50, M, shiny\n|-mega|p2a: Gengar|Gengar|Gengarite\n|move|p1a: Raichu|Upper Hand|p2b: Incineroar\n|-supereffective|p2b: Incineroar|1\n|-damage|p2b: Incineroar|85/100\n|cant|p2b: Incineroar|flinch\n|move|p2a: Gengar|Perish Song|p2a: Gengar\n|-start|p1a: Raichu|perish3|[silent]\n|-start|p1b: Gallade|perish3|[silent]\n|-start|p2a: Gengar|perish3|[silent]\n|-start|p2b: Incineroar|perish3|[silent]\n|-fieldactivate|move: Perish Song\n|move|p1b: Gallade|Psycho Cut|p2a: Gengar\n|-supereffective|p2a: Gengar|1\n|-damage|p2a: Gengar|14/100\n|\n|-start|p2a: Gengar|perish3\n|-start|p1a: Raichu|perish3\n|-start|p1b: Gallade|perish3\n|-start|p2b: Incineroar|perish3\n|upkeep\n|turn|2\n|inactive|Static_Tempah has 30 seconds left.\n|\n|t:|1775952013\n|switch|p2b: Chesnaught|Chesnaught, L50, M|100/100\n|move|p2a: Gengar|Protect|p2a: Gengar\n|-singleturn|p2a: Gengar|Protect\n|move|p1a: Raichu|Volt Switch|p2b: Chesnaught\n|-resisted|p2b: Chesnaught|1\n|-damage|p2b: Chesnaught|88/100\n|\n|t:|1775952023\n|switch|p1a: Feraligatr|Feraligatr, L50, M|100/100|[from] Volt Switch\n|move|p1b: Gallade|Trick Room|p1b: Gallade\n|-fieldstart|move: Trick Room|[of] p1b: Gallade\n|\n|-heal|p2b: Chesnaught|94/100|[from] item: Leftovers\n|-start|p1b: Gallade|perish2\n|-start|p2a: Gengar|perish2\n|upkeep\n|turn|3\n|\n|t:|1775952042\n|detailschange|p1a: Feraligatr|Feraligatr-Mega, L50, M\n|-mega|p1a: Feraligatr|Feraligatr|Feraligite\n|move|p2b: Chesnaught|Knock Off|p1b: Gallade\n|-damage|p1b: Gallade|63/100\n|-enditem|p1b: Gallade|Black Belt|[from] move: Knock Off|[of] p2b: Chesnaught\n|move|p1b: Gallade|Psycho Cut|p2b: Chesnaught\n|-supereffective|p2b: Chesnaught|1\n|-damage|p2b: Chesnaught|53/100\n|move|p1a: Feraligatr|Liquidation|p2a: Gengar\n|-damage|p2a: Gengar|0 fnt\n|faint|p2a: Gengar\n|\n|-heal|p2b: Chesnaught|59/100|[from] item: Leftovers\n|-start|p1b: Gallade|perish1\n|upkeep\n|\n|t:|1775952056\n|switch|p2a: Sneasler|Sneasler, L50, F|100/100\n|turn|4\n|\n|t:|1775952077\n|switch|p1b: Raichu|Raichu, L50, F|100/100\n|move|p1a: Feraligatr|Protect|p1a: Feraligatr\n|-singleturn|p1a: Feraligatr|Protect\n|move|p2a: Sneasler|Fake Out|p1a: Feraligatr\n|-activate|p1a: Feraligatr|move: Protect\n|move|p2b: Chesnaught|Body Press|p1b: Raichu\n|-damage|p1b: Raichu|20/100\n|\n|-heal|p2b: Chesnaught|66/100|[from] item: Leftovers\n|upkeep\n|turn|5\n|inactive|Static_Tempah has 30 seconds left.\n|\n|t:|1775952109\n|switch|p2a: Incineroar|Incineroar, L50, F|85/100\n|-ability|p2a: Incineroar|Intimidate|boost\n|-unboost|p1a: Feraligatr|atk|1\n|-unboost|p1b: Raichu|atk|1\n|move|p1b: Raichu|Fake Out|p2b: Chesnaught\n|-damage|p2b: Chesnaught|62/100\n|cant|p2b: Chesnaught|flinch\n|move|p1a: Feraligatr|Liquidation|p2a: Incineroar\n|-supereffective|p2a: Incineroar|1\n|-damage|p2a: Incineroar|22/100\n|-enditem|p2a: Incineroar|Sitrus Berry|[eat]\n|-heal|p2a: Incineroar|47/100|[from] item: Sitrus Berry\n|\n|-heal|p2b: Chesnaught|68/100|[from] item: Leftovers\n|upkeep\n|turn|6\n|\n|t:|1775952133\n|move|p2a: Incineroar|Fake Out|p1a: Feraligatr\n|-damage|p1a: Feraligatr|90/100\n|move|p1b: Raichu|Upper Hand||[still]\n|-fail|p1b: Raichu\n|move|p2b: Chesnaught|Body Press|p1b: Raichu\n|-damage|p1b: Raichu|0 fnt\n|faint|p1b: Raichu\n|cant|p1a: Feraligatr|flinch\n|\n|-heal|p2b: Chesnaught|74/100|[from] item: Leftovers\n|-fieldend|move: Trick Room\n|upkeep\n|\n|t:|1775952140\n|switch|p1b: Clefable|Clefable, L50, F|100/100\n|turn|7\n|\n|t:|1775952157\n|move|p2b: Chesnaught|Spiky Shield|p2b: Chesnaught\n|-singleturn|p2b: Chesnaught|move: Protect\n|move|p1b: Clefable|Follow Me|p1b: Clefable\n|-singleturn|p1b: Clefable|move: Follow Me\n|move|p1a: Feraligatr|Swords Dance|p1a: Feraligatr\n|-boost|p1a: Feraligatr|atk|2\n|move|p2a: Incineroar|Parting Shot|p1b: Clefable\n|-unboost|p1b: Clefable|atk|1\n|-unboost|p1b: Clefable|spa|1\n|\n|t:|1775952165\n|switch|p2a: Sneasler|Sneasler, L50, F|100/100|[from] Parting Shot\n|\n|-heal|p2b: Chesnaught|80/100|[from] item: Leftovers\n|upkeep\n|turn|8\n|\n|t:|1775952183\n|move|p1a: Feraligatr|Protect|p1a: Feraligatr\n|-singleturn|p1a: Feraligatr|Protect\n|move|p1b: Clefable|Protect|p1b: Clefable\n|-singleturn|p1b: Clefable|Protect\n|move|p2a: Sneasler|Fake Out|p1a: Feraligatr\n|-activate|p1a: Feraligatr|move: Protect\n|move|p2b: Chesnaught|Body Press|p1a: Feraligatr\n|-activate|p1a: Feraligatr|move: Protect\n|\n|-heal|p2b: Chesnaught|87/100|[from] item: Leftovers\n|upkeep\n|turn|9\n|\n|t:|1775952204\n|switch|p2b: Incineroar|Incineroar, L50, F|47/100\n|-ability|p2b: Incineroar|Intimidate|boost\n|-unboost|p1a: Feraligatr|atk|1\n|-unboost|p1b: Clefable|atk|1\n|move|p1b: Clefable|Follow Me|p1b: Clefable\n|-singleturn|p1b: Clefable|move: Follow Me\n|move|p2a: Sneasler|Dire Claw|p1b: Clefable\n|-supereffective|p1b: Clefable|1\n|-damage|p1b: Clefable|22/100\n|-enditem|p1b: Clefable|Sitrus Berry|[eat]\n|-heal|p1b: Clefable|46/100|[from] item: Sitrus Berry\n|move|p1a: Feraligatr|Liquidation|p2a: Sneasler\n|-damage|p2a: Sneasler|5/100\n|\n|upkeep\n|turn|10\n|inactive|Static_Tempah has 30 seconds left.\n|inactive|Static_Tempah has 20 seconds left.\n|\n|t:|1775952243\n|switch|p2a: Chesnaught|Chesnaught, L50, M|87/100\n|move|p1a: Feraligatr|Protect|p1a: Feraligatr\n|-singleturn|p1a: Feraligatr|Protect\n|move|p1b: Clefable|Protect|p1b: Clefable\n|-singleturn|p1b: Clefable|Protect\n|move|p2b: Incineroar|Darkest Lariat|p1b: Clefable\n|-activate|p1b: Clefable|move: Protect\n|\n|-heal|p2a: Chesnaught|93/100|[from] item: Leftovers\n|upkeep\n|turn|11\n|inactive|Static_Tempah has 30 seconds left.\n|\n|t:|1775952274\n|move|p1a: Feraligatr|Liquidation|p2b: Incineroar\n|-supereffective|p2b: Incineroar|1\n|-damage|p2b: Incineroar|0 fnt\n|faint|p2b: Incineroar\n|move|p2a: Chesnaught|Knock Off|p1b: Clefable\n|-resisted|p1b: Clefable|1\n|-damage|p1b: Clefable|39/100\n|move|p1b: Clefable|Moonblast|p2a: Chesnaught\n|-supereffective|p2a: Chesnaught|1\n|-damage|p2a: Chesnaught|46/100\n|\n|-heal|p2a: Chesnaught|52/100|[from] item: Leftovers\n|upkeep\n|\n|t:|1775952285\n|switch|p2b: Sneasler|Sneasler, L50, F|5/100\n|turn|12\n|\n|t:|1775952296\n|move|p1a: Feraligatr|Protect|p1a: Feraligatr\n|-singleturn|p1a: Feraligatr|Protect\n|move|p1b: Clefable|Protect|p1b: Clefable\n|-singleturn|p1b: Clefable|Protect\n|move|p2b: Sneasler|Coaching|p2a: Chesnaught\n|-boost|p2a: Chesnaught|atk|1\n|-boost|p2a: Chesnaught|def|1\n|move|p2a: Chesnaught|Body Press|p1a: Feraligatr\n|-activate|p1a: Feraligatr|move: Protect\n|\n|-heal|p2a: Chesnaught|58/100|[from] item: Leftovers\n|upkeep\n|turn|13\n|inactive|Static_Tempah has 30 seconds left.\n|inactive|Static_Tempah has 20 seconds left.\n|\n|t:|1775952332\n|move|p1b: Clefable|Follow Me|p1b: Clefable\n|-singleturn|p1b: Clefable|move: Follow Me\n|move|p2b: Sneasler|Dire Claw|p1b: Clefable\n|-supereffective|p1b: Clefable|1\n|-damage|p1b: Clefable|0 fnt\n|faint|p1b: Clefable\n|move|p1a: Feraligatr|Liquidation|p2b: Sneasler\n|-crit|p2b: Sneasler\n|-damage|p2b: Sneasler|0 fnt\n|faint|p2b: Sneasler\n|move|p2a: Chesnaught|Body Press|p1a: Feraligatr\n|-damage|p1a: Feraligatr|32/100\n|\n|-heal|p2a: Chesnaught|64/100|[from] item: Leftovers\n|upkeep\n|\n|t:|1775952339\n|switch|p1b: Gallade|Gallade, L50, M|63/100\n|turn|14\n|inactive|yuriimon has 30 seconds left.\n|inactive|Static_Tempah has 30 seconds left.\n|inactive|yuriimon has 20 seconds left.\n|inactive|yuriimon has 15 seconds left.\n|inactive|yuriimon has 10 seconds left.\n|inactive|yuriimon has 5 seconds left.\n|\n|t:|1775952390\n|move|p1a: Feraligatr|Body Slam|p2a: Chesnaught\n|-damage|p2a: Chesnaught|37/100\n|move|p1b: Gallade|Psycho Cut|p2a: Chesnaught\n|-supereffective|p2a: Chesnaught|1\n|-damage|p2a: Chesnaught|0 fnt\n|faint|p2a: Chesnaught\n|\n|win|yuriimon\n|raw|yuriimon's rating: 1079 &rarr; <strong>1109</strong><br />(+30 for winning)\n|raw|Static_Tempah's rating: 1096 &rarr; <strong>1070</strong><br />(-26 for losing)\n|c|\u2606yuriimon|gg\n|l|\u2606Static_Tempah\n|player|p2|\n",
  "uploadtime": 1775952398,
  "views": 10,
  "formatid": "gen9championsvgc2026regma",
  "rating": 1070,
  "private": 0,
  "password": null
}