{
  "id": "gen9championsvgc2026regma-2583949235",
  "format": "[Gen 9 Champions] VGC 2026 Reg M-A",
  "players": [
    "Northgdh",
    "nngf\u9b3c\u8749\u4fa0"
  ],
  "log": "|j|\u2606Northgdh\n|j|\u2606nngf\u9b3c\u8749\u4fa0\n|t:|1776210964\n|gametype|doubles\n|player|p1|Northgdh|pokemonranger-gen4|1301\n|player|p2|nngf\u9b3c\u8749\u4fa0|bugsy|1294\n|gen|9\n|tier|[Gen 9 Champions] VGC 2026 Reg M-A\n|rated|\n|rule|Species Clause: Limit one of each Pok\u00e9mon\n|rule|Item Clause: Limit 1 of each item\n|clearpoke\n|poke|p1|Gengar, L50, F|\n|poke|p1|Vivillon-Polar, L50, M|\n|poke|p1|Incineroar, L50, F|\n|poke|p1|Basculegion, L50, M|\n|poke|p1|Kingambit, L50, M|\n|poke|p1|Politoed, L50, F|\n|poke|p2|Sinistcha, L50|\n|poke|p2|Ampharos, L50, M|\n|poke|p2|Kangaskhan, L50, F|\n|poke|p2|Basculegion, L50, M|\n|poke|p2|Politoed, L50, M|\n|poke|p2|Whimsicott, L50, F|\n|teampreview|4\n|inactive|Battle timer is ON: inactive players will automatically lose when time's up. (requested by Northgdh)\n|inactive|Northgdh has 60 seconds left.\n|inactive|Northgdh has 30 seconds left.\n|inactive|Northgdh has 20 seconds left.\n|inactive|Northgdh has 15 seconds left.\n|\n|t:|1776211041\n|teamsize|p1|4\n|teamsize|p2|4\n|start\n|switch|p1a: CheeseLeague|Incineroar, L50, F, shiny|100/100\n|switch|p1b: BalancePatch|Kingambit, L50, M, shiny|100/100\n|switch|p2a: Whimsicott|Whimsicott, L50, F|100/100\n|switch|p2b: Kangaskhan|Kangaskhan, L50, F|100/100\n|-ability|p1a: CheeseLeague|Intimidate|boost\n|-unboost|p2a: Whimsicott|atk|1\n|-fail|p2b: Kangaskhan|unboost|Attack|[from] ability: Scrappy|[of] p2b: Kangaskhan\n|turn|1\n|\n|t:|1776211063\n|switch|p1a: Squabblin|Gengar, L50, F, shiny|100/100\n|move|p2b: Kangaskhan|Fake Out|p1a: Squabblin\n|-damage|p1a: Squabblin|71/100\n|-start|p2b: Kangaskhan|Disable|Fake Out|[from] ability: Cursed Body|[of] p1a: Squabblin\n|move|p2a: Whimsicott|Tailwind|p2a: Whimsicott\n|-sidestart|p2: nngf\u9b3c\u8749\u4fa0|move: Tailwind\n|move|p1b: BalancePatch|Kowtow Cleave|p2b: Kangaskhan\n|-damage|p2b: Kangaskhan|44/100\n|\n|upkeep\n|turn|2\n|\n|t:|1776211084\n|detailschange|p1a: Squabblin|Gengar-Mega, L50, F, shiny\n|-mega|p1a: Squabblin|Gengar|Gengarite\n|move|p1b: BalancePatch|Sucker Punch|p2b: Kangaskhan\n|-damage|p2b: Kangaskhan|0 fnt\n|faint|p2b: Kangaskhan\n|move|p2a: Whimsicott|Moonblast|p1a: Squabblin\n|-resisted|p1a: Squabblin|1\n|-damage|p1a: Squabblin|52/100\n|move|p1a: Squabblin|Sludge Bomb|p2a: Whimsicott\n|-supereffective|p2a: Whimsicott|2\n|-enditem|p2a: Whimsicott|Focus Sash\n|-damage|p2a: Whimsicott|1/100\n|\n|upkeep\n|\n|t:|1776211090\n|switch|p2b: Basculegion|Basculegion, L50, M|100/100\n|turn|3\n|\n|t:|1776211102\n|move|p1b: BalancePatch|Sucker Punch|p2b: Basculegion\n|-supereffective|p2b: Basculegion|1\n|-damage|p2b: Basculegion|0 fnt\n|faint|p2b: Basculegion\n|move|p2a: Whimsicott|Endeavor|p1b: BalancePatch\n|-damage|p1b: BalancePatch|1/100\n|move|p1a: Squabblin|Sludge Bomb|p2a: Whimsicott\n|-supereffective|p2a: Whimsicott|2\n|-damage|p2a: Whimsicott|0 fnt\n|faint|p2a: Whimsicott\n|\n|upkeep\n|\n|t:|1776211106\n|switch|p2b: Politoed|Politoed, L50, M|100/100\n|-weather|RainDance|[from] ability: Drizzle|[of] p2b: Politoed\n|turn|4\n|\n|t:|1776211117\n|move|p1b: BalancePatch|Protect|p1b: BalancePatch\n|-singleturn|p1b: BalancePatch|Protect\n|move|p1a: Squabblin|Perish Song|p1a: Squabblin\n|-start|p1a: Squabblin|perish3|[silent]\n|-start|p1b: BalancePatch|perish3|[silent]\n|-start|p2b: Politoed|perish3|[silent]\n|-fieldactivate|move: Perish Song\n|move|p2b: Politoed|Weather Ball|p1b: BalancePatch\n|-activate|p1b: BalancePatch|move: Protect\n|\n|-weather|RainDance|[upkeep]\n|-start|p1a: Squabblin|perish3\n|-start|p2b: Politoed|perish3\n|-start|p1b: BalancePatch|perish3\n|-sideend|p2: nngf\u9b3c\u8749\u4fa0|move: Tailwind\n|upkeep\n|turn|5\n|l|\u2606Northgdh\n|inactive|Northgdh disconnected and has a minute to reconnect!\n|player|p1|\n|j|\u2606Northgdh\n|inactive|Northgdh reconnected and has 40 seconds left.\n|player|p1|Northgdh|pokemonranger-gen4|\n|inactive|Northgdh has 30 seconds left.\n|\n|t:|1776211149\n|switch|p1b: Zenith|Vivillon-Polar, L50, M|100/100\n|move|p1a: Squabblin|Protect|p1a: Squabblin\n|-singleturn|p1a: Squabblin|Protect\n|move|p2b: Politoed|Weather Ball|p1b: Zenith\n|-enditem|p1b: Zenith|Focus Sash\n|-damage|p1b: Zenith|1/100\n|\n|-weather|RainDance|[upkeep]\n|-start|p1a: Squabblin|perish2\n|-start|p2b: Politoed|perish2\n|upkeep\n|turn|6\n|\n|t:|1776211160\n|switch|p1a: CheeseLeague|Incineroar, L50, F, shiny|100/100\n|-ability|p1a: CheeseLeague|Intimidate|boost\n|-unboost|p2b: Politoed|atk|1\n|move|p1b: Zenith|Sleep Powder|p2b: Politoed\n|-status|p2b: Politoed|slp|[from] move: Sleep Powder\n|cant|p2b: Politoed|slp\n|\n|-weather|RainDance|[upkeep]\n|-start|p2b: Politoed|perish1\n|upkeep\n|turn|7\n|\n|t:|1776211168\n|move|p1b: Zenith|Protect|p1b: Zenith\n|-singleturn|p1b: Zenith|Protect\n|move|p1a: CheeseLeague|Fake Out|p2b: Politoed\n|-damage|p2b: Politoed|91/100 slp\n|-curestatus|p2b: Politoed|slp|[msg]\n|cant|p2b: Politoed|flinch\n|\n|-weather|RainDance|[upkeep]\n|-start|p2b: Politoed|perish0\n|faint|p2b: Politoed\n|\n|win|Northgdh\n|raw|Northgdh's rating: 1301 &rarr; <strong>1321</strong><br />(+20 for winning)\n|raw|nngf\u9b3c\u8749\u4fa0's rating: 1294 &rarr; <strong>1270</strong><br />(-24 for losing)\n",
  "uploadtime": 1776211180,
  "views": 53,
  "formatid": "gen9championsvgc2026regma",
  "rating": 1270,
  "private": 0,
  "password": null
}