{
  "id": "gen9championsvgc2026regma-2586376093",
  "format": "[Gen 9 Champions] VGC 2026 Reg M-A",
  "players": [
    "p3elz",
    "Bald_Kanut"
  ],
  "log": "|j|\u2606p3elz\n|j|\u2606Bald_Kanut\n|t:|1776430047\n|gametype|doubles\n|player|p1|p3elz|2|1058\n|player|p2|Bald_Kanut|n|1065\n|gen|9\n|tier|[Gen 9 Champions] VGC 2026 Reg M-A\n|rated|\n|rule|Species Clause: Limit one of each Pok\u00e9mon\n|rule|Item Clause: Limit 1 of each item\n|clearpoke\n|poke|p1|Cofagrigus, L50, F|\n|poke|p1|Crabominable, L50, M|\n|poke|p1|Farigiraf, L50, F|\n|poke|p1|Kingambit, L50, M|\n|poke|p1|Primarina, L50, F|\n|poke|p1|Torkoal, L50, M|\n|poke|p2|Feraligatr, L50, M|\n|poke|p2|Pelipper, L50, F|\n|poke|p2|Archaludon, L50, F|\n|poke|p2|Sinistcha, L50|\n|poke|p2|Incineroar, L50, M|\n|poke|p2|Ditto, L50|\n|teampreview|4\n|\n|t:|1776430076\n|teamsize|p1|4\n|teamsize|p2|4\n|start\n|switch|p1a: Farigiraf|Farigiraf, L50, F|100/100\n|switch|p1b: Kingambit|Kingambit, L50, M|100/100\n|switch|p2a: Feraligatr|Feraligatr, L50, M, shiny|100/100\n|switch|p2b: Pelipper|Pelipper, L50, F|100/100\n|-weather|RainDance|[from] ability: Drizzle|[of] p2b: Pelipper\n|turn|1\n|\n|t:|1776430102\n|switch|p1b: Torkoal|Torkoal, L50, M|100/100\n|-weather|SunnyDay|[from] ability: Drought|[of] p1b: Torkoal\n|detailschange|p2a: Feraligatr|Feraligatr-Mega, L50, M, shiny\n|-mega|p2a: Feraligatr|Feraligatr|Feraligite\n|move|p2a: Feraligatr|Dragon Dance|p2a: Feraligatr\n|-boost|p2a: Feraligatr|atk|1\n|-boost|p2a: Feraligatr|spe|1\n|move|p2b: Pelipper|Tailwind|p2b: Pelipper\n|-sidestart|p2: Bald_Kanut|move: Tailwind\n|move|p1a: Farigiraf|Trick Room|p1a: Farigiraf\n|-fieldstart|move: Trick Room|[of] p1a: Farigiraf\n|\n|-weather|SunnyDay|[upkeep]\n|upkeep\n|turn|2\n|\n|t:|1776430127\n|switch|p1b: Cofagrigus|Cofagrigus, L50, F|100/100\n|move|p1a: Farigiraf|Hyper Voice|p2b: Pelipper|[spread] p2a,p2b\n|-damage|p2a: Feraligatr|70/100\n|-damage|p2b: Pelipper|62/100\n|move|p2b: Pelipper|Weather Ball|p1a: Farigiraf\n|-damage|p1a: Farigiraf|76/100\n|move|p2a: Feraligatr|Earthquake|p1b: Cofagrigus|[spread] p1a,p1b\n|-immune|p2b: Pelipper\n|-damage|p1a: Farigiraf|30/100\n|-damage|p1b: Cofagrigus|71/100\n|-enditem|p1a: Farigiraf|Sitrus Berry|[eat]\n|-heal|p1a: Farigiraf|55/100|[from] item: Sitrus Berry\n|\n|-weather|SunnyDay|[upkeep]\n|-heal|p1b: Cofagrigus|77/100|[from] item: Leftovers\n|upkeep\n|turn|3\n|\n|t:|1776430165\n|move|p1b: Cofagrigus|Disable|p2a: Feraligatr\n|-start|p2a: Feraligatr|Disable|Earthquake\n|move|p1a: Farigiraf|Hyper Voice|p2a: Feraligatr|[spread] p2a,p2b\n|-damage|p2a: Feraligatr|42/100\n|-damage|p2b: Pelipper|22/100\n|move|p2b: Pelipper|Weather Ball|p1a: Farigiraf\n|-crit|p1a: Farigiraf\n|-damage|p1a: Farigiraf|18/100\n|move|p2a: Feraligatr|Double-Edge|p1a: Farigiraf\n|-damage|p1a: Farigiraf|0 fnt\n|faint|p1a: Farigiraf\n|-damage|p2a: Feraligatr|34/100|[from] Recoil\n|\n|-weather|SunnyDay|[upkeep]\n|-heal|p1b: Cofagrigus|84/100|[from] item: Leftovers\n|upkeep\n|\n|t:|1776430180\n|switch|p1a: Kingambit|Kingambit, L50, M|100/100\n|turn|4\n|\n|t:|1776430197\n|move|p1a: Kingambit|Sucker Punch|p2b: Pelipper\n|-damage|p2b: Pelipper|0 fnt\n|faint|p2b: Pelipper\n|move|p1b: Cofagrigus|Body Press|p2a: Feraligatr\n|-damage|p2a: Feraligatr|1/100\n|move|p2a: Feraligatr|Dragon Dance|p2a: Feraligatr\n|-boost|p2a: Feraligatr|atk|1\n|-boost|p2a: Feraligatr|spe|1\n|\n|-weather|SunnyDay|[upkeep]\n|-heal|p1b: Cofagrigus|90/100|[from] item: Leftovers\n|-sideend|p2: Bald_Kanut|move: Tailwind\n|upkeep\n|\n|t:|1776430214\n|switch|p2b: Archaludon|Archaludon, L50, F, shiny|100/100\n|turn|5\n|\n|t:|1776430248\n|move|p1b: Cofagrigus|Body Press|p2a: Feraligatr\n|-damage|p2a: Feraligatr|0 fnt\n|faint|p2a: Feraligatr\n|move|p1a: Kingambit|Iron Head|p2b: Archaludon\n|-resisted|p2b: Archaludon|1\n|-damage|p2b: Archaludon|79/100\n|-ability|p2b: Archaludon|Stamina|boost\n|-boost|p2b: Archaludon|def|1\n|cant|p2b: Archaludon|flinch\n|\n|-weather|none\n|-heal|p1b: Cofagrigus|96/100|[from] item: Leftovers\n|-fieldend|move: Trick Room\n|upkeep\n|\n|t:|1776430259\n|switch|p2a: Ditto|Ditto, L50, shiny|100/100\n|-transform|p2a: Ditto|p1b: Cofagrigus|[from] ability: Imposter\n|turn|6\n|\n|t:|1776430280\n|move|p1a: Kingambit|Sucker Punch|p2a: Ditto\n|-supereffective|p2a: Ditto|1\n|-damage|p2a: Ditto|46/100\n|-activate|p2a: Ditto|ability: Mummy|p1a: Kingambit|[ability] Defiant\n|move|p2b: Archaludon|Snarl|p1a: Kingambit|[spread] p1a,p1b\n|-resisted|p1a: Kingambit|1\n|-supereffective|p1b: Cofagrigus|1\n|-damage|p1a: Kingambit|94/100\n|-damage|p1b: Cofagrigus|68/100\n|-unboost|p1a: Kingambit|spa|1\n|-unboost|p1b: Cofagrigus|spa|1\n|-enditem|p1a: Kingambit|White Herb\n|-clearnegativeboost|p1a: Kingambit|[silent]\n|move|p2a: Ditto|Body Press|p1a: Kingambit\n|-supereffective|p1a: Kingambit|2\n|-damage|p1a: Kingambit|0 fnt\n|faint|p1a: Kingambit\n|move|p1b: Cofagrigus|Body Press|p2b: Archaludon\n|-supereffective|p2b: Archaludon|1\n|-damage|p2b: Archaludon|39/100\n|-ability|p2b: Archaludon|Stamina|boost\n|-boost|p2b: Archaludon|def|1\n|\n|-heal|p1b: Cofagrigus|74/100|[from] item: Leftovers\n|upkeep\n|\n|t:|1776430300\n|switch|p1a: Torkoal|Torkoal, L50, M|100/100\n|-weather|SunnyDay|[from] ability: Drought|[of] p1a: Torkoal\n|turn|7\n|\n|t:|1776430310\n|move|p1b: Cofagrigus|Protect|p1b: Cofagrigus\n|-singleturn|p1b: Cofagrigus|Protect\n|move|p2b: Archaludon|Draco Meteor|p1b: Cofagrigus\n|-activate|p1b: Cofagrigus|move: Protect\n|move|p2a: Ditto|Body Press|p1a: Torkoal\n|-damage|p1a: Torkoal|77/100\n|move|p1a: Torkoal|Eruption|p2a: Ditto|[spread] p2a,p2b\n|-damage|p2a: Ditto|0 fnt\n|-damage|p2b: Archaludon|0 fnt\n|faint|p2a: Ditto\n|faint|p2b: Archaludon\n|\n|win|p3elz\n|raw|p3elz's rating: 1058 &rarr; <strong>1090</strong><br />(+32 for winning)\n|raw|Bald_Kanut's rating: 1065 &rarr; <strong>1045</strong><br />(-20 for losing)\n|l|\u2606Bald_Kanut\n|player|p2|\n",
  "uploadtime": 1776430323,
  "views": 26,
  "formatid": "gen9championsvgc2026regma",
  "rating": 1045,
  "private": 0,
  "password": null
}