{
  "id": "gen9championsvgc2026regma-2586670524",
  "format": "[Gen 9 Champions] VGC 2026 Reg M-A",
  "players": [
    "TheBallistic1",
    "ntdmdgxn"
  ],
  "log": "|j|\u2606TheBallistic1\n|j|\u2606ntdmdgxn\n|t:|1776450827\n|gametype|doubles\n|player|p1|TheBallistic1|colress|1084\n|player|p2|ntdmdgxn|266|1000\n|gen|9\n|tier|[Gen 9 Champions] VGC 2026 Reg M-A\n|rated|\n|rule|Species Clause: Limit one of each Pok\u00e9mon\n|rule|Item Clause: Limit 1 of each item\n|clearpoke\n|poke|p1|Tyranitar, L50, F|\n|poke|p1|Excadrill, L50, F|\n|poke|p1|Starmie, L50|\n|poke|p1|Garchomp, L50, F|\n|poke|p1|Rotom-Wash, L50|\n|poke|p1|Orthworm, L50, F|\n|poke|p2|Garchomp, L50, M|\n|poke|p2|Tyranitar, L50, F|\n|poke|p2|Aerodactyl, L50, M|\n|poke|p2|Rotom-Mow, L50|\n|poke|p2|Kingambit, L50, M|\n|poke|p2|Ditto, L50|\n|teampreview|4\n|\n|t:|1776450845\n|teamsize|p1|4\n|teamsize|p2|4\n|start\n|switch|p1a: Garchomp|Garchomp, L50, F|100/100\n|switch|p1b: Starmie|Starmie, L50|100/100\n|switch|p2a: Garchomp|Garchomp, L50, M|100/100\n|switch|p2b: Rotom|Rotom-Mow, L50|100/100\n|turn|1\n|l|\u2606TheBallistic1\n|player|p1|\n|inactive|Battle timer is ON: inactive players will automatically lose when time's up. (requested by ntdmdgxn)\n|j|\u2606TheBallistic1\n|inactive|TheBallistic1 reconnected and has 85 seconds left.\n|player|p1|TheBallistic1|colress|\n|\n|t:|1776450906\n|detailschange|p1b: Starmie|Starmie-Mega, L50\n|-mega|p1b: Starmie|Starmie|Starminite\n|detailschange|p2a: Garchomp|Garchomp-Mega, L50, M\n|-mega|p2a: Garchomp|Garchomp|Garchompite\n|move|p1b: Starmie|Skill Swap|p1a: Garchomp\n|-activate|p1b: Starmie|Skill Swap|||[of] p1a: Garchomp\n|move|p1a: Garchomp|Dragon Claw|p2a: Garchomp\n|-supereffective|p2a: Garchomp|1\n|-damage|p2a: Garchomp|0 fnt\n|faint|p2a: Garchomp\n|move|p2b: Rotom|Discharge|p1b: Starmie|[spread] p1b\n|-immune|p1a: Garchomp\n|-supereffective|p1b: Starmie|1\n|-damage|p1b: Starmie|35/100\n|-status|p1b: Starmie|par\n|\n|upkeep\n|inactive|ntdmdgxn has 30 seconds left.\n|inactive|ntdmdgxn has 20 seconds left.\n|inactive|ntdmdgxn has 15 seconds left.\n|inactive|ntdmdgxn has 10 seconds left.\n|inactive|ntdmdgxn has 5 seconds left.\n|\n|t:|1776450964\n|switch|p2a: Kingambit|Kingambit, L50, M|100/100\n|turn|2\n|\n|t:|1776450983\n|switch|p1b: Rotom|Rotom-Wash, L50|100/100\n|move|p2a: Kingambit|Protect|p2a: Kingambit\n|-singleturn|p2a: Kingambit|Protect\n|move|p1a: Garchomp|Earthquake|p2b: Rotom|[spread] \n|-activate|p2a: Kingambit|move: Protect\n|-immune|p1b: Rotom|[from] ability: Levitate\n|-immune|p2b: Rotom|[from] ability: Levitate\n|move|p2b: Rotom|Will-O-Wisp|p1a: Garchomp\n|-status|p1a: Garchomp|brn\n|\n|-damage|p1a: Garchomp|95/100 brn|[from] brn\n|upkeep\n|turn|3\n|inactive|TheBallistic1 has 30 seconds left.\n|\n|t:|1776451010\n|switch|p2a: Ditto|Ditto, L50|100/100\n|-transform|p2a: Ditto|p1b: Rotom|[from] ability: Imposter\n|move|p1a: Garchomp|Earthquake|p2b: Rotom|[spread] \n|-immune|p1b: Rotom|[from] ability: Levitate\n|-immune|p2a: Ditto|[from] ability: Levitate\n|-immune|p2b: Rotom|[from] ability: Levitate\n|move|p1b: Rotom|Thunderbolt|p2a: Ditto\n|-damage|p2a: Ditto|40/100\n|move|p2b: Rotom|Leaf Storm|p1b: Rotom\n|-supereffective|p1b: Rotom|1\n|-damage|p1b: Rotom|0 fnt\n|-unboost|p2b: Rotom|spa|2\n|faint|p1b: Rotom\n|\n|-damage|p1a: Garchomp|89/100 brn|[from] brn\n|upkeep\n|\n|t:|1776451022\n|switch|p1b: Excadrill|Excadrill, L50, F|100/100\n|turn|4\n|\n|t:|1776451036\n|move|p2a: Ditto|Hydro Pump|p1b: Excadrill\n|-supereffective|p1b: Excadrill|1\n|-crit|p1b: Excadrill\n|-enditem|p1b: Excadrill|Focus Sash\n|-damage|p1b: Excadrill|1/100\n|move|p1a: Garchomp|Dragon Claw|p2b: Rotom\n|-damage|p2b: Rotom|51/100\n|move|p1b: Excadrill|Iron Head|p2a: Ditto\n|-resisted|p2a: Ditto|2\n|-damage|p2a: Ditto|25/100\n|move|p2b: Rotom|Leaf Storm|p1a: Garchomp\n|-damage|p1a: Garchomp|56/100 brn\n|-unboost|p2b: Rotom|spa|2\n|\n|-damage|p1a: Garchomp|50/100 brn|[from] brn\n|upkeep\n|turn|5\n|\n|t:|1776451055\n|switch|p2a: Kingambit|Kingambit, L50, M|100/100\n|move|p1b: Excadrill|Protect|p1b: Excadrill\n|-singleturn|p1b: Excadrill|Protect\n|move|p1a: Garchomp|Dragon Claw|p2b: Rotom\n|-damage|p2b: Rotom|2/100\n|-enditem|p2b: Rotom|Sitrus Berry|[eat]\n|-heal|p2b: Rotom|27/100|[from] item: Sitrus Berry\n|move|p2b: Rotom|Hyper Voice|p1b: Excadrill|[spread] p1a\n|-activate|p1b: Excadrill|move: Protect\n|-damage|p1a: Garchomp|43/100 brn\n|\n|-damage|p1a: Garchomp|37/100 brn|[from] brn\n|upkeep\n|turn|6\n|\n|t:|1776451067\n|move|p2a: Kingambit|Protect|p2a: Kingambit\n|-singleturn|p2a: Kingambit|Protect\n|move|p1a: Garchomp|Dragon Claw|p2b: Rotom\n|-damage|p2b: Rotom|0 fnt\n|faint|p2b: Rotom\n|move|p1b: Excadrill|High Horsepower|p2a: Kingambit\n|-activate|p2a: Kingambit|move: Protect\n|\n|-damage|p1a: Garchomp|31/100 brn|[from] brn\n|upkeep\n|\n|t:|1776451070\n|switch|p2b: Ditto|Ditto, L50|25/100\n|-transform|p2b: Ditto|p1a: Garchomp|[from] ability: Imposter\n|turn|7\n|inactive|ntdmdgxn has 30 seconds left.\n|\n|t:|1776451098\n|move|p1b: Excadrill|Protect|p1b: Excadrill\n|-singleturn|p1b: Excadrill|Protect\n|move|p2a: Kingambit|Sucker Punch||[still]\n|-fail|p2a: Kingambit\n|move|p2b: Ditto|Earthquake|p1b: Excadrill|[spread] p2a,p1a\n|-activate|p1b: Excadrill|move: Protect\n|-supereffective|p2a: Kingambit|1\n|-damage|p2a: Kingambit|0 fnt\n|-damage|p1a: Garchomp|0 fnt\n|faint|p2a: Kingambit\n|faint|p1a: Garchomp\n|\n|upkeep\n|\n|t:|1776451106\n|switch|p1a: Starmie|Starmie-Mega, L50|35/100 par\n|turn|8\n|\n|t:|1776451127\n|move|p2b: Ditto|Earthquake|p1b: Excadrill|[spread] p1a,p1b\n|-supereffective|p1b: Excadrill|1\n|-damage|p1a: Starmie|0 fnt\n|-damage|p1b: Excadrill|0 fnt\n|faint|p1a: Starmie\n|faint|p1b: Excadrill\n|\n|win|ntdmdgxn\n|raw|TheBallistic1's rating: 1084 &rarr; <strong>1056</strong><br />(-28 for losing)\n|raw|ntdmdgxn's rating: 1000 &rarr; <strong>1049</strong><br />(+49 for winning)\n",
  "uploadtime": 1776451131,
  "views": 34,
  "formatid": "gen9championsvgc2026regma",
  "rating": 1049,
  "private": 0,
  "password": null
}