{
  "id": "gen9championsvgc2026regma-2581405241",
  "format": "[Gen 9 Champions] VGC 2026 Reg M-A",
  "players": [
    "amigomalamar",
    "Hightales"
  ],
  "log": "|j|\u2606amigomalamar\n|j|\u2606Hightales\n|t:|1775997004\n|gametype|doubles\n|player|p1|amigomalamar|schoolkid|1026\n|player|p2|Hightales|266|1000\n|gen|9\n|tier|[Gen 9 Champions] VGC 2026 Reg M-A\n|rated|\n|rule|Species Clause: Limit one of each Pok\u00e9mon\n|rule|Item Clause: Limit 1 of each item\n|clearpoke\n|poke|p1|Gengar, L50, M|\n|poke|p1|Incineroar, L50, F|\n|poke|p1|Sinistcha, L50|\n|poke|p1|Weavile, L50, M|\n|poke|p1|Tyranitar, L50, M|\n|poke|p1|Kommo-o, L50, M|\n|poke|p2|Archaludon, L50, M|\n|poke|p2|Dragonite, L50, F|\n|poke|p2|Pelipper, L50, M|\n|poke|p2|Whimsicott, L50, M|\n|poke|p2|Sinistcha, L50|\n|poke|p2|Tyranitar, L50, M|\n|teampreview|4\n|\n|t:|1775997028\n|teamsize|p1|4\n|teamsize|p2|4\n|start\n|switch|p1a: Gengar|Gengar, L50, M|100/100\n|switch|p1b: Incineroar|Incineroar, L50, F|100/100\n|switch|p2a: Pelipper|Pelipper, L50, M|100/100\n|switch|p2b: Archaludon|Archaludon, L50, M|100/100\n|-weather|RainDance|[from] ability: Drizzle|[of] p2a: Pelipper\n|-ability|p1b: Incineroar|Intimidate|boost\n|-unboost|p2a: Pelipper|atk|1\n|-unboost|p2b: Archaludon|atk|1\n|-enditem|p2b: Archaludon|White Herb\n|-clearnegativeboost|p2b: Archaludon|[silent]\n|turn|1\n|\n|t:|1775997052\n|switch|p2a: Sinistcha|Sinistcha, L50|100/100\n|switch|p1b: Tyranitar|Tyranitar, L50, M|100/100\n|-weather|Sandstorm|[from] ability: Sand Stream|[of] p1b: Tyranitar\n|detailschange|p1a: Gengar|Gengar-Mega, L50, M\n|-mega|p1a: Gengar|Gengar|Gengarite\n|move|p2b: Archaludon|Protect|p2b: Archaludon\n|-singleturn|p2b: Archaludon|Protect\n|move|p1a: Gengar|Perish Song|p1a: Gengar\n|-start|p1a: Gengar|perish3|[silent]\n|-start|p1b: Tyranitar|perish3|[silent]\n|-start|p2a: Sinistcha|perish3|[silent]\n|-start|p2b: Archaludon|perish3|[silent]\n|-fieldactivate|move: Perish Song\n|\n|-weather|Sandstorm|[upkeep]\n|-damage|p1a: Gengar|95/100|[from] Sandstorm\n|-damage|p2a: Sinistcha|94/100|[from] Sandstorm\n|-start|p1a: Gengar|perish3\n|-start|p1b: Tyranitar|perish3\n|-start|p2b: Archaludon|perish3\n|-start|p2a: Sinistcha|perish3\n|upkeep\n|turn|2\n|\n|t:|1775997084\n|switch|p2a: Pelipper|Pelipper, L50, M|100/100\n|-weather|RainDance|[from] ability: Drizzle|[of] p2a: Pelipper\n|move|p1a: Gengar|Shadow Ball|p2a: Pelipper\n|-damage|p2a: Pelipper|40/100\n|move|p1b: Tyranitar|Ice Punch|p2a: Pelipper\n|-damage|p2a: Pelipper|6/100\n|-status|p2a: Pelipper|frz\n|move|p2b: Archaludon|Electro Shot||[still]\n|-prepare|p2b: Archaludon|Electro Shot\n|-boost|p2b: Archaludon|spa|1\n|-anim|p2b: Archaludon|Electro Shot|p1a: Gengar\n|-damage|p1a: Gengar|15/100\n|\n|-weather|RainDance|[upkeep]\n|-start|p1a: Gengar|perish2\n|-start|p1b: Tyranitar|perish2\n|-start|p2b: Archaludon|perish2\n|upkeep\n|turn|3\n|\n|t:|1775997138\n|switch|p1b: Sinistcha|Sinistcha, L50|100/100\n|-heal|p1a: Gengar|40/100|[from] ability: Hospitality|[of] p1b: Sinistcha\n|move|p1a: Gengar|Protect|p1a: Gengar\n|-singleturn|p1a: Gengar|Protect\n|move|p2b: Archaludon|Protect|p2b: Archaludon\n|-singleturn|p2b: Archaludon|Protect\n|-curestatus|p2a: Pelipper|frz|[msg]\n|move|p2a: Pelipper|Tailwind|p2a: Pelipper\n|-sidestart|p2: Hightales|move: Tailwind\n|\n|-weather|RainDance|[upkeep]\n|-start|p2b: Archaludon|perish1\n|-start|p1a: Gengar|perish1\n|upkeep\n|turn|4\n|\n|t:|1775997167\n|switch|p1a: Incineroar|Incineroar, L50, F|100/100\n|-ability|p1a: Incineroar|Intimidate|boost\n|-unboost|p2a: Pelipper|atk|1\n|-unboost|p2b: Archaludon|atk|1\n|move|p1b: Sinistcha|Protect|p1b: Sinistcha\n|-singleturn|p1b: Sinistcha|Protect\n|move|p2a: Pelipper|Hurricane|p1b: Sinistcha\n|-activate|p1b: Sinistcha|move: Protect\n|move|p2b: Archaludon|Electro Shot||[still]\n|-prepare|p2b: Archaludon|Electro Shot\n|-boost|p2b: Archaludon|spa|1\n|-anim|p2b: Archaludon|Electro Shot|p1a: Incineroar\n|-damage|p1a: Incineroar|24/100\n|-enditem|p1a: Incineroar|Sitrus Berry|[eat]\n|-heal|p1a: Incineroar|49/100|[from] item: Sitrus Berry\n|\n|-weather|RainDance|[upkeep]\n|-start|p2b: Archaludon|perish0\n|faint|p2b: Archaludon\n|upkeep\n|\n|t:|1775997189\n|switch|p2b: Dragonite|Dragonite, L50, F|100/100\n|turn|5\n|\n|t:|1775997238\n|switch|p2a: Sinistcha|Sinistcha, L50|94/100\n|detailschange|p2b: Dragonite|Dragonite-Mega, L50, F\n|-mega|p2b: Dragonite|Dragonite|Dragoninite\n|move|p2b: Dragonite|Protect|p2b: Dragonite\n|-singleturn|p2b: Dragonite|Protect\n|move|p1a: Incineroar|Fake Out|p2a: Sinistcha\n|-immune|p2a: Sinistcha\n|move|p1b: Sinistcha|Rage Powder|p1b: Sinistcha\n|-singleturn|p1b: Sinistcha|move: Rage Powder\n|\n|-weather|RainDance|[upkeep]\n|upkeep\n|turn|6\n|\n|t:|1775997262\n|move|p1b: Sinistcha|Protect|p1b: Sinistcha\n|-singleturn|p1b: Sinistcha|Protect\n|move|p1a: Incineroar|Protect|p1a: Incineroar\n|-singleturn|p1a: Incineroar|Protect\n|move|p2b: Dragonite|Hurricane|p1b: Sinistcha\n|-activate|p1b: Sinistcha|move: Protect\n|move|p2a: Sinistcha|Scald|p1a: Incineroar\n|-activate|p1a: Incineroar|move: Protect\n|\n|-weather|none\n|-sideend|p2: Hightales|move: Tailwind\n|upkeep\n|turn|7\n|\n|t:|1775997298\n|move|p1b: Sinistcha|Rage Powder|p1b: Sinistcha\n|-singleturn|p1b: Sinistcha|move: Rage Powder\n|move|p2b: Dragonite|Hurricane|p1b: Sinistcha\n|-supereffective|p1b: Sinistcha|1\n|-damage|p1b: Sinistcha|0 fnt\n|faint|p1b: Sinistcha\n|move|p2a: Sinistcha|Scald|p1a: Incineroar\n|-supereffective|p1a: Incineroar|1\n|-damage|p1a: Incineroar|8/100\n|move|p1a: Incineroar|Parting Shot|p2b: Dragonite\n|-unboost|p2b: Dragonite|atk|1\n|-unboost|p2b: Dragonite|spa|1\n|\n|t:|1775997309\n|switch|p1a: Gengar|Gengar-Mega, L50, M|40/100|[from] Parting Shot\n|\n|upkeep\n|\n|t:|1775997311\n|switch|p1b: Incineroar|Incineroar, L50, F|8/100\n|-ability|p1b: Incineroar|Intimidate|boost\n|-unboost|p2a: Sinistcha|atk|1\n|-unboost|p2b: Dragonite|atk|1\n|turn|8\n|\n|t:|1775997352\n|move|p1b: Incineroar|Fake Out|p2b: Dragonite\n|-damage|p2b: Dragonite|96/100\n|move|p1a: Gengar|Perish Song|p1a: Gengar\n|-start|p1a: Gengar|perish3|[silent]\n|-start|p1b: Incineroar|perish3|[silent]\n|-start|p2a: Sinistcha|perish3|[silent]\n|-start|p2b: Dragonite|perish3|[silent]\n|-fieldactivate|move: Perish Song\n|cant|p2b: Dragonite|flinch\n|move|p2a: Sinistcha|Matcha Gotcha|p1b: Incineroar|[spread] p1a\n|-miss|p2a: Sinistcha|p1b: Incineroar\n|-resisted|p1a: Gengar|1\n|-damage|p1a: Gengar|24/100\n|-heal|p2a: Sinistcha|100/100|[from] drain|[of] p1a: Gengar\n|\n|-start|p1a: Gengar|perish3\n|-start|p2b: Dragonite|perish3\n|-start|p2a: Sinistcha|perish3\n|-start|p1b: Incineroar|perish3\n|upkeep\n|turn|9\n|\n|t:|1775997374\n|move|p1a: Gengar|Protect|p1a: Gengar\n|-singleturn|p1a: Gengar|Protect\n|move|p1b: Incineroar|Protect|p1b: Incineroar\n|-singleturn|p1b: Incineroar|Protect\n|move|p2b: Dragonite|Draco Meteor|p1a: Gengar\n|-activate|p1a: Gengar|move: Protect\n|move|p2a: Sinistcha|Matcha Gotcha|p1a: Gengar|[spread] \n|-activate|p1a: Gengar|move: Protect\n|-activate|p1b: Incineroar|move: Protect\n|\n|-start|p1a: Gengar|perish2\n|-start|p2b: Dragonite|perish2\n|-start|p2a: Sinistcha|perish2\n|-start|p1b: Incineroar|perish2\n|upkeep\n|turn|10\n|\n|t:|1775997403\n|switch|p1a: Tyranitar|Tyranitar, L50, M|100/100\n|-weather|Sandstorm|[from] ability: Sand Stream|[of] p1a: Tyranitar\n|move|p2b: Dragonite|Draco Meteor|p1a: Tyranitar\n|-damage|p1a: Tyranitar|63/100\n|-unboost|p2b: Dragonite|spa|2\n|move|p2a: Sinistcha|Matcha Gotcha|p1a: Tyranitar|[spread] p1a,p1b\n|-supereffective|p1a: Tyranitar|1\n|-resisted|p1b: Incineroar|1\n|-damage|p1a: Tyranitar|24/100\n|-damage|p1b: Incineroar|0 fnt\n|faint|p1b: Incineroar\n|\n|-weather|Sandstorm|[upkeep]\n|-damage|p2b: Dragonite|90/100|[from] Sandstorm\n|-damage|p2a: Sinistcha|94/100|[from] Sandstorm\n|-start|p2b: Dragonite|perish1\n|-start|p2a: Sinistcha|perish1\n|upkeep\n|\n|t:|1775997415\n|switch|p1b: Gengar|Gengar-Mega, L50, M|24/100\n|turn|11\n|\n|t:|1775997439\n|move|p1b: Gengar|Protect|p1b: Gengar\n|-singleturn|p1b: Gengar|Protect\n|move|p1a: Tyranitar|Rock Slide|p2a: Sinistcha|[spread] p2a,p2b\n|-supereffective|p2b: Dragonite|1\n|-crit|p2b: Dragonite\n|-damage|p2a: Sinistcha|64/100\n|-damage|p2b: Dragonite|7/100\n|move|p2b: Dragonite|Draco Meteor|p1a: Tyranitar\n|-damage|p1a: Tyranitar|2/100\n|-unboost|p2b: Dragonite|spa|2\n|cant|p2a: Sinistcha|flinch\n|\n|-weather|Sandstorm|[upkeep]\n|-damage|p1b: Gengar|18/100|[from] Sandstorm\n|-damage|p2b: Dragonite|0 fnt|[from] Sandstorm\n|-damage|p2a: Sinistcha|57/100|[from] Sandstorm\n|faint|p2b: Dragonite\n|-start|p2a: Sinistcha|perish0\n|faint|p2a: Sinistcha\n|upkeep\n|\n|t:|1775997459\n|switch|p2b: Pelipper|Pelipper, L50, M|6/100\n|-weather|RainDance|[from] ability: Drizzle|[of] p2b: Pelipper\n|turn|12\n|\n|t:|1775997468\n|move|p1b: Gengar|Shadow Ball|p2b: Pelipper\n|-damage|p2b: Pelipper|0 fnt\n|faint|p2b: Pelipper\n|\n|win|amigomalamar\n|raw|amigomalamar's rating: 1026 &rarr; <strong>1059</strong><br />(+33 for winning)\n|raw|Hightales's rating: 1000 &rarr; <strong>1000</strong><br />(+0 for losing)\n|l|\u2606Hightales\n|player|p2|\n",
  "uploadtime": 1775997475,
  "views": 20,
  "formatid": "gen9championsvgc2026regma",
  "rating": 1000,
  "private": 0,
  "password": null
}