{
  "id": "gen9championsvgc2026regma-2587203714",
  "format": "[Gen 9 Champions] VGC 2026 Reg M-A",
  "players": [
    "ItsnotAceee",
    "Copper05"
  ],
  "log": "|j|\u2606ItsnotAceee\n|j|\u2606Copper05\n|html|<table width=\"100%\"><tr><td align=\"left\">ItsnotAceee</td><td align=\"right\">Copper05</tr><tr><td align=\"left\"><i class=\"fa fa-circle-o\"></i> <i class=\"fa fa-circle-o\"></i> </td><td align=\"right\"><i class=\"fa fa-circle-o\"></i> <i class=\"fa fa-circle-o\"></i> </tr></table>\n|uhtml|bestof|<h2><strong>Game 1</strong> of <a href=\"/game-bestof3-gen9championsvgc2026regma-2587203713\">a best-of-3</a></h2>\n|t:|1776508472\n|gametype|doubles\n|player|p1|ItsnotAceee|1|\n|player|p2|Copper05|wallace|\n|gen|9\n|tier|[Gen 9 Champions] VGC 2026 Reg M-A\n|rated|Tournament battle\n|rule|Species Clause: Limit one of each Pok\u00e9mon\n|rule|Item Clause: Limit 1 of each item\n|raw|<div class=\"infobox\"><details class=\"readmore\" open><summary><strong>2 custom rules:</strong></summary> Force Open Team Sheets, Best of = 3</details></div>\n|clearpoke\n|poke|p1|Bellibolt, L50, M|\n|poke|p1|Camerupt, L50, F|\n|poke|p1|Farigiraf, L50, M|\n|poke|p1|Wyrdeer, L50, M|\n|poke|p1|Kingambit, L50, F, shiny|\n|poke|p1|Maushold-Four, L50|\n|poke|p2|Floette-Eternal, L50, F|\n|poke|p2|Aegislash, L50, F|\n|poke|p2|Aerodactyl, L50, M|\n|poke|p2|Incineroar, L50, F|\n|poke|p2|Garchomp, L50, F|\n|poke|p2|Rotom-Wash, L50|\n|teampreview|4\n|showteam|p1|Bellibolt||ShucaBerry|Electromorphosis|ParabolicCharge,Soak,EerieImpulse,Protect|||M|||50|]Camerupt||Cameruptite|MagmaArmor|HeatWave,EarthPower,AncientPower,Protect|||F|||50|]Farigiraf||ColburBerry|ArmorTail|Psychic,TrickRoom,Imprison,HelpingHand|||M|||50|]Wyrdeer||SitrusBerry|Intimidate|SkillSwap,Protect,Psychic,TrickRoom|||M|||50|]Kingambit||FocusSash|Defiant|IronHead,KowtowCleave,SuckerPunch,BrickBreak|||F|||50|]Maushold-Four||ChopleBerry|FriendGuard|SuperFang,HelpingHand,FollowMe,Protect||||||50|\n|showteam|p2|Floette-Eternal||Floettite|FlowerVeil|Moonblast,DazzlingGleam,CalmMind,Protect|||F|||50|]Aegislash||Leftovers|StanceChange|IronHead,Poltergeist,WideGuard,KingsShield|||F|||50|]Aerodactyl||FocusSash|Unnerve|RockSlide,DualWingbeat,Tailwind,Protect|||M|||50|]Incineroar||ChopleBerry|Intimidate|FakeOut,FlareBlitz,ThroatChop,PartingShot|||F|||50|]Garchomp||WhiteHerb|RoughSkin|Earthquake,Protect,DragonClaw,RockSlide|||F|||50|]Rotom-Wash||SitrusBerry|Levitate|Thunderbolt,HydroPump,Protect,WillOWisp||||||50|\n|\n|t:|1776508511\n|teamsize|p1|4\n|teamsize|p2|4\n|start\n|switch|p1a: Farigiraf|Farigiraf, L50, M|100/100\n|switch|p1b: Wyrdeer|Wyrdeer, L50, M|100/100\n|switch|p2a: Floette|Floette-Eternal, L50, F|100/100\n|switch|p2b: Garchomp|Garchomp, L50, F|100/100\n|-ability|p1b: Wyrdeer|Intimidate|boost\n|-unboost|p2a: Floette|atk|1\n|-unboost|p2b: Garchomp|atk|1\n|-enditem|p2b: Garchomp|White Herb\n|-clearnegativeboost|p2b: Garchomp|[silent]\n|turn|1\n|\n|t:|1776508540\n|detailschange|p2a: Floette|Floette-Mega, L50, F\n|-mega|p2a: Floette|Floette|Floettite\n|-ability|p2a: Floette|Fairy Aura\n|move|p2b: Garchomp|Dragon Claw|p1a: Farigiraf\n|-crit|p1a: Farigiraf\n|-damage|p1a: Farigiraf|50/100\n|move|p2a: Floette|Moonblast|p1a: Farigiraf\n|-damage|p1a: Farigiraf|0 fnt\n|faint|p1a: Farigiraf\n|move|p1b: Wyrdeer|Trick Room|p1b: Wyrdeer\n|-fieldstart|move: Trick Room|[of] p1b: Wyrdeer\n|\n|upkeep\n|\n|t:|1776508554\n|switch|p1a: Camerupt|Camerupt, L50, F|100/100\n|turn|2\n|\n|t:|1776508576\n|switch|p2a: Incineroar|Incineroar, L50, F|100/100\n|-ability|p2a: Incineroar|Intimidate|boost\n|-unboost|p1a: Camerupt|atk|1\n|-unboost|p1b: Wyrdeer|atk|1\n|detailschange|p1a: Camerupt|Camerupt-Mega, L50, F\n|-mega|p1a: Camerupt|Camerupt|Cameruptite\n|move|p1a: Camerupt|Heat Wave|p2a: Incineroar|[spread] p2a,p2b\n|-resisted|p2a: Incineroar|1\n|-resisted|p2b: Garchomp|1\n|-damage|p2a: Incineroar|80/100\n|-damage|p2b: Garchomp|68/100\n|move|p1b: Wyrdeer|Psychic|p2b: Garchomp\n|-damage|p2b: Garchomp|27/100\n|move|p2b: Garchomp|Dragon Claw|p1a: Camerupt\n|-damage|p1a: Camerupt|55/100\n|\n|upkeep\n|turn|3\n|\n|t:|1776508596\n|move|p1a: Camerupt|Protect|p1a: Camerupt\n|-singleturn|p1a: Camerupt|Protect\n|move|p1b: Wyrdeer|Psychic|p2b: Garchomp\n|-damage|p2b: Garchomp|0 fnt\n|faint|p2b: Garchomp\n|move|p2a: Incineroar|Throat Chop|p1b: Wyrdeer\n|-supereffective|p1b: Wyrdeer|1\n|-damage|p1b: Wyrdeer|39/100\n|-start|p1b: Wyrdeer|Throat Chop|[silent]\n|-enditem|p1b: Wyrdeer|Sitrus Berry|[eat]\n|-heal|p1b: Wyrdeer|64/100|[from] item: Sitrus Berry\n|\n|upkeep\n|\n|t:|1776508608\n|switch|p2b: Aegislash|Aegislash, L50, F|100/100\n|turn|4\n|\n|t:|1776508623\n|switch|p1b: Bellibolt|Bellibolt, L50, M|100/100\n|move|p1a: Camerupt|Earth Power|p2a: Incineroar\n|-supereffective|p2a: Incineroar|1\n|-damage|p2a: Incineroar|0 fnt\n|faint|p2a: Incineroar\n|-formechange|p2b: Aegislash|Aegislash-Blade|\n|move|p2b: Aegislash|Poltergeist|p1a: Camerupt\n|-activate|p1a: Camerupt|move: Poltergeist|Cameruptite\n|-damage|p1a: Camerupt|0 fnt\n|faint|p1a: Camerupt\n|\n|upkeep\n|\n|t:|1776508635\n|switch|p1a: Wyrdeer|Wyrdeer, L50, M|64/100\n|switch|p2a: Floette|Floette-Mega, L50, F|100/100\n|-ability|p1a: Wyrdeer|Intimidate|boost\n|-unboost|p2a: Floette|atk|1\n|-unboost|p2b: Aegislash|atk|1\n|-ability|p2a: Floette|Fairy Aura\n|turn|5\n|\n|t:|1776508650\n|-formechange|p2b: Aegislash|Aegislash|\n|move|p2b: Aegislash|King's Shield|p2b: Aegislash\n|-singleturn|p2b: Aegislash|Protect\n|move|p2a: Floette|Protect|p2a: Floette\n|-singleturn|p2a: Floette|Protect\n|move|p1b: Bellibolt|Eerie Impulse|p2a: Floette\n|-activate|p2a: Floette|move: Protect\n|move|p1a: Wyrdeer|Psychic|p2b: Aegislash\n|-activate|p2b: Aegislash|move: Protect\n|\n|-fieldend|move: Trick Room\n|upkeep\n|turn|6\n|\n|t:|1776508669\n|move|p1b: Bellibolt|Protect|p1b: Bellibolt\n|-singleturn|p1b: Bellibolt|Protect\n|move|p2a: Floette|Moonblast|p1b: Bellibolt\n|-activate|p1b: Bellibolt|move: Protect\n|-formechange|p2b: Aegislash|Aegislash-Blade|\n|move|p2b: Aegislash|Poltergeist|p1b: Bellibolt\n|-activate|p1b: Bellibolt|move: Protect\n|move|p1a: Wyrdeer|Trick Room|p1a: Wyrdeer\n|-fieldstart|move: Trick Room|[of] p1a: Wyrdeer\n|\n|upkeep\n|turn|7\n|\n|t:|1776508693\n|move|p1b: Bellibolt|Eerie Impulse|p2a: Floette\n|-unboost|p2a: Floette|spa|2\n|move|p1a: Wyrdeer|Psychic|p2a: Floette\n|-damage|p2a: Floette|68/100\n|move|p2b: Aegislash|Iron Head|p1a: Wyrdeer\n|-damage|p1a: Wyrdeer|31/100\n|move|p2a: Floette|Calm Mind|p2a: Floette\n|-boost|p2a: Floette|spa|1\n|-boost|p2a: Floette|spd|1\n|\n|upkeep\n|turn|8\n|\n|t:|1776508706\n|move|p1a: Wyrdeer|Protect|p1a: Wyrdeer\n|-singleturn|p1a: Wyrdeer|Protect\n|move|p2a: Floette|Protect|p2a: Floette\n|-singleturn|p2a: Floette|Protect\n|move|p1b: Bellibolt|Parabolic Charge|p2a: Floette|[spread] p2b\n|-activate|p1a: Wyrdeer|move: Protect\n|-activate|p2a: Floette|move: Protect\n|-damage|p2b: Aegislash|54/100\n|move|p2b: Aegislash|Iron Head|p1a: Wyrdeer\n|-activate|p1a: Wyrdeer|move: Protect\n|\n|-heal|p2b: Aegislash|60/100|[from] item: Leftovers\n|upkeep\n|turn|9\n|\n|t:|1776508727\n|move|p1b: Bellibolt|Eerie Impulse|p2a: Floette\n|-unboost|p2a: Floette|spa|2\n|move|p1a: Wyrdeer|Psychic|p2a: Floette\n|-damage|p2a: Floette|45/100\n|move|p2b: Aegislash|Iron Head|p1a: Wyrdeer\n|-damage|p1a: Wyrdeer|0 fnt\n|faint|p1a: Wyrdeer\n|move|p2a: Floette|Calm Mind|p2a: Floette\n|-boost|p2a: Floette|spa|1\n|-boost|p2a: Floette|spd|1\n|\n|-heal|p2b: Aegislash|66/100|[from] item: Leftovers\n|upkeep\n|turn|10\n|\n|t:|1776508738\n|-formechange|p2b: Aegislash|Aegislash|\n|move|p2b: Aegislash|King's Shield|p2b: Aegislash\n|-singleturn|p2b: Aegislash|Protect\n|move|p2a: Floette|Protect|p2a: Floette\n|-singleturn|p2a: Floette|Protect\n|move|p1b: Bellibolt|Parabolic Charge|p2b: Aegislash|[spread] \n|-activate|p2a: Floette|move: Protect\n|-activate|p2b: Aegislash|move: Protect\n|\n|-heal|p2b: Aegislash|72/100|[from] item: Leftovers\n|-fieldend|move: Trick Room\n|upkeep\n|turn|11\n|\n|t:|1776508751\n|move|p2a: Floette|Calm Mind|p2a: Floette\n|-boost|p2a: Floette|spa|1\n|-boost|p2a: Floette|spd|1\n|-formechange|p2b: Aegislash|Aegislash-Blade|\n|move|p2b: Aegislash|Poltergeist|p1b: Bellibolt\n|-activate|p1b: Bellibolt|move: Poltergeist|Shuca Berry\n|-damage|p1b: Bellibolt|57/100\n|-start|p1b: Bellibolt|Charge|Poltergeist|[from] ability: Electromorphosis\n|move|p1b: Bellibolt|Parabolic Charge|p2b: Aegislash|[spread] p2a,p2b\n|-damage|p2a: Floette|29/100\n|-heal|p1b: Bellibolt|64/100|[from] drain|[of] p2a: Floette\n|-damage|p2b: Aegislash|0 fnt\n|-heal|p1b: Bellibolt|96/100|[from] drain|[of] p2b: Aegislash\n|faint|p2b: Aegislash\n|-end|p1b: Bellibolt|Charge|[silent]\n|\n|upkeep\n|turn|12\n|\n|t:|1776508769\n|move|p2a: Floette|Moonblast|p1b: Bellibolt\n|-damage|p1b: Bellibolt|47/100\n|-start|p1b: Bellibolt|Charge|Moonblast|[from] ability: Electromorphosis\n|move|p1b: Bellibolt|Parabolic Charge|p2a: Floette\n|-damage|p2a: Floette|7/100\n|-heal|p1b: Bellibolt|56/100|[from] drain|[of] p2a: Floette\n|-end|p1b: Bellibolt|Charge|[silent]\n|\n|upkeep\n|turn|13\n|\n|t:|1776508781\n|move|p2a: Floette|Moonblast|p1b: Bellibolt\n|-damage|p1b: Bellibolt|0 fnt\n|faint|p1b: Bellibolt\n|\n|win|Copper05\n||Copper05 is ready for game 2.\n|inactive|ItsnotAceee has 30 seconds to confirm battle start!\n||ItsnotAceee is ready for game 2.\n|uhtml|next|Next: <a href=\"/battle-gen9championsvgc2026regma-2587206027\"><strong>Game 2 of 3</strong></a>\n",
  "uploadtime": 1776509049,
  "views": 12,
  "formatid": "gen9championsvgc2026regma",
  "rating": null,
  "private": 0,
  "password": null
}