{
  "id": "gen9championsvgc2026regma-2583540500",
  "format": "[Gen 9 Champions] VGC 2026 Reg M-A",
  "players": [
    "Blueberrybolt1",
    "Yaceuro"
  ],
  "log": "|j|\u2606Blueberrybolt1\n|j|\u2606Yaceuro\n|t:|1776182109\n|gametype|doubles\n|player|p1|Blueberrybolt1|169|1154\n|player|p2|Yaceuro|n|1182\n|gen|9\n|tier|[Gen 9 Champions] VGC 2026 Reg M-A\n|rated|\n|rule|Species Clause: Limit one of each Pok\u00e9mon\n|rule|Item Clause: Limit 1 of each item\n|clearpoke\n|poke|p1|Hydreigon, L50, M|\n|poke|p1|Sinistcha-Masterpiece, L50|\n|poke|p1|Tyranitar, L50, F|\n|poke|p1|Excadrill, L50, F|\n|poke|p1|Whimsicott, L50, F|\n|poke|p1|Charizard, L50, F|\n|poke|p2|Pelipper, L50, F|\n|poke|p2|Feraligatr, L50, F|\n|poke|p2|Sneasler, L50, F|\n|poke|p2|Aegislash, L50, M|\n|poke|p2|Archaludon, L50, M|\n|poke|p2|Kingambit, L50, F|\n|teampreview|4\n|inactive|Battle timer is ON: inactive players will automatically lose when time's up. (requested by Yaceuro)\n|inactive|Blueberrybolt1 has 60 seconds left.\n|inactive|Yaceuro has 60 seconds left.\n|l|\u2606Blueberrybolt1\n|inactive|Blueberrybolt1 disconnected and has a minute to reconnect!\n|player|p1|\n|\n|t:|1776182161\n|teamsize|p1|4\n|teamsize|p2|4\n|start\n|switch|p1a: Charizard|Charizard, L50, F, shiny|100/100\n|switch|p1b: Hydreigon|Hydreigon, L50, M, shiny|100/100\n|switch|p2a: Feraligatr|Feraligatr, L50, F|100/100\n|switch|p2b: Archaludon|Archaludon, L50, M|100/100\n|turn|1\n|j|\u2606Blueberrybolt1\n|inactive|Blueberrybolt1 reconnected and has 45 seconds left.\n|player|p1|Blueberrybolt1|169|\n|\n|t:|1776182182\n|detailschange|p1a: Charizard|Charizard-Mega-Y, L50, F, shiny\n|-mega|p1a: Charizard|Charizard|Charizardite Y\n|-weather|SunnyDay|[from] ability: Drought|[of] p1a: Charizard\n|detailschange|p2a: Feraligatr|Feraligatr-Mega, L50, F\n|-mega|p2a: Feraligatr|Feraligatr|Feraligite\n|move|p2b: Archaludon|Protect|p2b: Archaludon\n|-singleturn|p2b: Archaludon|Protect\n|move|p2a: Feraligatr|Protect|p2a: Feraligatr\n|-singleturn|p2a: Feraligatr|Protect\n|move|p1b: Hydreigon|Draco Meteor|p2b: Archaludon\n|-activate|p2b: Archaludon|move: Protect\n|move|p1a: Charizard|Solar Beam||[still]\n|-prepare|p1a: Charizard|Solar Beam\n|-anim|p1a: Charizard|Solar Beam|p2a: Feraligatr\n|-activate|p2a: Feraligatr|move: Protect\n|\n|-weather|SunnyDay|[upkeep]\n|upkeep\n|turn|2\n|inactive|Yaceuro has 30 seconds left.\n|\n|t:|1776182211\n|switch|p1a: Whimsicott|Whimsicott, L50, F|100/100\n|switch|p2a: Pelipper|Pelipper, L50, F|100/100\n|-weather|RainDance|[from] ability: Drizzle|[of] p2a: Pelipper\n|move|p1b: Hydreigon|Draco Meteor|p2a: Pelipper\n|-enditem|p2a: Pelipper|Focus Sash\n|-damage|p2a: Pelipper|1/100\n|-unboost|p1b: Hydreigon|spa|2\n|move|p2b: Archaludon|Electro Shot||[still]\n|-prepare|p2b: Archaludon|Electro Shot\n|-boost|p2b: Archaludon|spa|1\n|-anim|p2b: Archaludon|Electro Shot|p1a: Whimsicott\n|-resisted|p1a: Whimsicott|1\n|-damage|p1a: Whimsicott|63/100\n|\n|-weather|RainDance|[upkeep]\n|-heal|p1a: Whimsicott|69/100|[from] item: Leftovers\n|upkeep\n|turn|3\n|inactive|Blueberrybolt1 has 30 seconds left.\n|inactive|Yaceuro has 30 seconds left.\n|inactive|Yaceuro has 20 seconds left.\n|\n|t:|1776182250\n|switch|p1b: Charizard|Charizard-Mega-Y, L50, F, shiny|100/100\n|-weather|SunnyDay|[from] ability: Drought|[of] p1b: Charizard\n|switch|p2b: Feraligatr|Feraligatr-Mega, L50, F|100/100\n|move|p1a: Whimsicott|Tailwind|p1a: Whimsicott\n|-sidestart|p1: Blueberrybolt1|move: Tailwind\n|move|p2a: Pelipper|Tailwind|p2a: Pelipper\n|-sidestart|p2: Yaceuro|move: Tailwind\n|\n|-weather|SunnyDay|[upkeep]\n|-heal|p1a: Whimsicott|75/100|[from] item: Leftovers\n|upkeep\n|turn|4\n|inactive|Yaceuro has 30 seconds left.\n|\n|t:|1776182280\n|move|p1b: Charizard|Solar Beam||[still]\n|-prepare|p1b: Charizard|Solar Beam\n|-anim|p1b: Charizard|Solar Beam|p2b: Feraligatr\n|-damage|p2b: Feraligatr|61/100\n|move|p1a: Whimsicott|Moonblast|p2b: Feraligatr\n|-supereffective|p2b: Feraligatr|1\n|-damage|p2b: Feraligatr|17/100\n|move|p2a: Pelipper|Weather Ball|p1a: Whimsicott\n|-supereffective|p1a: Whimsicott|1\n|-damage|p1a: Whimsicott|0 fnt\n|faint|p1a: Whimsicott\n|move|p2b: Feraligatr|Double-Edge|p1b: Charizard\n|-crit|p1b: Charizard\n|-damage|p1b: Charizard|0 fnt\n|faint|p1b: Charizard\n|-damage|p2b: Feraligatr|0 fnt|[from] Recoil\n|faint|p2b: Feraligatr\n|\n|-weather|SunnyDay|[upkeep]\n|upkeep\n|\n|t:|1776182300\n|switch|p1b: Excadrill|Excadrill, L50, F, shiny|100/100\n|switch|p1a: Hydreigon|Hydreigon, L50, M, shiny|100/100\n|switch|p2b: Archaludon|Archaludon, L50, M|100/100\n|turn|5\n|inactive|Yaceuro has 30 seconds left.\n|\n|t:|1776182327\n|move|p2b: Archaludon|Protect|p2b: Archaludon\n|-singleturn|p2b: Archaludon|Protect\n|move|p1a: Hydreigon|Draco Meteor|p2b: Archaludon\n|-activate|p2b: Archaludon|move: Protect\n|move|p1b: Excadrill|Rock Slide|p2b: Archaludon|[spread] p2a\n|-activate|p2b: Archaludon|move: Protect\n|-supereffective|p2a: Pelipper|1\n|-damage|p2a: Pelipper|0 fnt\n|faint|p2a: Pelipper\n|\n|-weather|SunnyDay|[upkeep]\n|upkeep\n|\n|t:|1776182335\n|switch|p2a: Kingambit|Kingambit, L50, F|100/100\n|turn|6\n|c|\u2606Blueberrybolt1|exca is smiling\n|inactive|Yaceuro has 30 seconds left.\n|\n|t:|1776182361\n|move|p2a: Kingambit|Sucker Punch|p1b: Excadrill\n|-damage|p1b: Excadrill|33/100\n|move|p1a: Hydreigon|Draco Meteor|p2b: Archaludon|[miss]\n|-miss|p1a: Hydreigon|p2b: Archaludon\n|move|p1b: Excadrill|Earthquake|p2a: Kingambit|[spread] p2a,p2b\n|-immune|p1a: Hydreigon|[from] ability: Levitate\n|-supereffective|p2a: Kingambit|1\n|-supereffective|p2b: Archaludon|1\n|-damage|p2a: Kingambit|45/100\n|-damage|p2b: Archaludon|39/100\n|-ability|p2b: Archaludon|Stamina|boost\n|-boost|p2b: Archaludon|def|1\n|move|p2b: Archaludon|Aura Sphere|p1a: Hydreigon\n|-supereffective|p1a: Hydreigon|1\n|-damage|p1a: Hydreigon|52/100\n|\n|-weather|SunnyDay|[upkeep]\n|-heal|p2b: Archaludon|45/100|[from] item: Leftovers\n|-sideend|p1: Blueberrybolt1|move: Tailwind\n|-sideend|p2: Yaceuro|move: Tailwind\n|upkeep\n|turn|7\n|inactive|Yaceuro has 30 seconds left.\n|inactive|Blueberrybolt1 has 30 seconds left.\n|\n|t:|1776182391\n|move|p1b: Excadrill|Protect|p1b: Excadrill\n|-singleturn|p1b: Excadrill|Protect\n|move|p2b: Archaludon|Protect|p2b: Archaludon\n|-singleturn|p2b: Archaludon|Protect\n|move|p2a: Kingambit|Sucker Punch||[still]\n|-fail|p2a: Kingambit\n|move|p1a: Hydreigon|Draco Meteor|p2a: Kingambit\n|-resisted|p2a: Kingambit|1\n|-damage|p2a: Kingambit|11/100\n|-unboost|p1a: Hydreigon|spa|2\n|\n|-weather|none\n|-heal|p2b: Archaludon|51/100|[from] item: Leftovers\n|upkeep\n|turn|8\n|\n|t:|1776182409\n|move|p2a: Kingambit|Sucker Punch||[still]\n|-fail|p2a: Kingambit\n|move|p1a: Hydreigon|Draco Meteor|p2a: Kingambit|[miss]\n|-miss|p1a: Hydreigon|p2a: Kingambit\n|move|p1b: Excadrill|Swords Dance|p1b: Excadrill\n|-boost|p1b: Excadrill|atk|2\n|move|p2b: Archaludon|Aura Sphere|p1a: Hydreigon\n|-supereffective|p1a: Hydreigon|1\n|-damage|p1a: Hydreigon|3/100\n|\n|-heal|p2b: Archaludon|57/100|[from] item: Leftovers\n|upkeep\n|turn|9\n|c|\u2606Blueberrybolt1|HOLY SHIT\n|c|\u2606Yaceuro|wow\n|\n|t:|1776182432\n|move|p2a: Kingambit|Sucker Punch|p1a: Hydreigon\n|-resisted|p1a: Hydreigon|1\n|-damage|p1a: Hydreigon|0 fnt\n|faint|p1a: Hydreigon\n|move|p1b: Excadrill|Earthquake|p2a: Kingambit|[spread] p2a,p2b\n|-supereffective|p2a: Kingambit|1\n|-supereffective|p2b: Archaludon|1\n|-damage|p2a: Kingambit|0 fnt\n|-damage|p2b: Archaludon|0 fnt\n|faint|p2a: Kingambit\n|faint|p2b: Archaludon\n|\n|win|Blueberrybolt1\n|raw|Blueberrybolt1's rating: 1154 &rarr; <strong>1181</strong><br />(+27 for winning)\n|raw|Yaceuro's rating: 1182 &rarr; <strong>1155</strong><br />(-27 for losing)\n|c|\u2606Blueberrybolt1|lucky read\n|c|\u2606Blueberrybolt1|gg\n|c|\u2606Yaceuro|gg\n|l|\u2606Blueberrybolt1\n|player|p1|\n|j|\u2606Blueberrybolt1\n|player|p1|Blueberrybolt1|169|\n|l|\u2606Yaceuro\n|player|p2|\n",
  "uploadtime": 1776182466,
  "views": 17,
  "formatid": "gen9championsvgc2026regma",
  "rating": 1155,
  "private": 0,
  "password": null
}