{
  "id": "gen9championsvgc2026regma-2585532759",
  "format": "[Gen 9 Champions] VGC 2026 Reg M-A",
  "players": [
    "KUTF1",
    "freddop"
  ],
  "log": "|j|\u2606KUTF1\n|j|\u2606freddop\n|t:|1776353809\n|gametype|doubles\n|player|p1|KUTF1|harlequin|1304\n|player|p2|freddop|iris-gen5bw2|1230\n|gen|9\n|tier|[Gen 9 Champions] VGC 2026 Reg M-A\n|rated|\n|rule|Species Clause: Limit one of each Pok\u00e9mon\n|rule|Item Clause: Limit 1 of each item\n|clearpoke\n|poke|p1|Drampa, L50, M|\n|poke|p1|Emboar, L50, M|\n|poke|p1|Decidueye-Hisui, L50, M|\n|poke|p1|Kingambit, L50, M|\n|poke|p1|Farigiraf, L50, M|\n|poke|p1|Incineroar, L50, M|\n|poke|p2|Whimsicott, L50, F|\n|poke|p2|Arcanine-Hisui, L50, F|\n|poke|p2|Charizard, L50, M|\n|poke|p2|Sneasler, L50, M|\n|poke|p2|Incineroar, L50, F|\n|poke|p2|Rotom-Mow, L50|\n|teampreview|4\n|inactive|Battle timer is ON: inactive players will automatically lose when time's up. (requested by KUTF1)\n|\n|t:|1776353836\n|teamsize|p1|4\n|teamsize|p2|4\n|start\n|switch|p1a: Yoo Mira|Farigiraf, L50, M|100/100\n|switch|p1b: The Gourd|Incineroar, L50, M|100/100\n|switch|p2a: Whimsicott|Whimsicott, L50, F|100/100\n|switch|p2b: Arcanine|Arcanine-Hisui, L50, F|100/100\n|-ability|p1b: The Gourd|Intimidate|boost\n|-unboost|p2a: Whimsicott|atk|1\n|-unboost|p2b: Arcanine|atk|1\n|turn|1\n|l|\u2606KUTF1\n|inactive|KUTF1 disconnected and has a minute to reconnect!\n|player|p1|\n|inactive|KUTF1 has 30 seconds left.\n|j|\u2606KUTF1\n|inactive|KUTF1 reconnected and has 30 seconds left.\n|player|p1|KUTF1|harlequin|\n|\n|t:|1776353868\n|switch|p2b: Charizard|Charizard, L50, M, shiny|100/100\n|move|p1b: The Gourd|Fake Out|p2a: Whimsicott\n|-damage|p2a: Whimsicott|85/100\n|cant|p2a: Whimsicott|flinch\n|move|p1a: Yoo Mira|Trick Room|p1a: Yoo Mira\n|-fieldstart|move: Trick Room|[of] p1a: Yoo Mira\n|\n|upkeep\n|turn|2\n|\n|t:|1776353885\n|detailschange|p2b: Charizard|Charizard-Mega-Y, L50, M, shiny\n|-mega|p2b: Charizard|Charizard|Charizardite Y\n|-weather|SunnyDay|[from] ability: Drought|[of] p2b: Charizard\n|move|p1a: Yoo Mira|Hyper Voice|p2a: Whimsicott|[spread] p2a,p2b\n|-damage|p2a: Whimsicott|52/100\n|-damage|p2b: Charizard|75/100\n|move|p1b: The Gourd|Flare Blitz|p2b: Charizard\n|-resisted|p2b: Charizard|1\n|-damage|p2b: Charizard|8/100\n|-damage|p1b: The Gourd|83/100|[from] Recoil\n|move|p2a: Whimsicott|Dazzling Gleam|p1b: The Gourd|[spread] p1a,p1b\n|-damage|p1a: Yoo Mira|83/100\n|-damage|p1b: The Gourd|62/100\n|move|p2b: Charizard|Heat Wave|p1a: Yoo Mira|[spread] p1a,p1b\n|-resisted|p1b: The Gourd|1\n|-damage|p1a: Yoo Mira|28/100\n|-damage|p1b: The Gourd|28/100\n|-enditem|p1b: The Gourd|Sitrus Berry|[eat]\n|-heal|p1b: The Gourd|53/100|[from] item: Sitrus Berry\n|\n|-weather|SunnyDay|[upkeep]\n|upkeep\n|turn|3\n|inactive|freddop has 30 seconds left.\n|\n|t:|1776353916\n|switch|p2b: Sneasler|Sneasler, L50, M|100/100\n|move|p2a: Whimsicott|Protect|p2a: Whimsicott\n|-singleturn|p2a: Whimsicott|Protect\n|move|p1a: Yoo Mira|Hyper Voice|p2a: Whimsicott|[spread] p2b\n|-activate|p2a: Whimsicott|move: Protect\n|-crit|p2b: Sneasler\n|-damage|p2b: Sneasler|48/100\n|move|p1b: The Gourd|Flare Blitz|p2a: Whimsicott\n|-activate|p2a: Whimsicott|move: Protect\n|\n|-weather|SunnyDay|[upkeep]\n|upkeep\n|turn|4\n|inactive|freddop has 30 seconds left.\n|\n|t:|1776353943\n|move|p1a: Yoo Mira|Psychic|p2b: Sneasler\n|-supereffective|p2b: Sneasler|2\n|-damage|p2b: Sneasler|0 fnt\n|faint|p2b: Sneasler\n|move|p1b: The Gourd|Flare Blitz|p2a: Whimsicott\n|-supereffective|p2a: Whimsicott|1\n|-damage|p2a: Whimsicott|0 fnt\n|faint|p2a: Whimsicott\n|-damage|p1b: The Gourd|40/100|[from] Recoil\n|\n|-weather|SunnyDay|[upkeep]\n|upkeep\n|\n|t:|1776353954\n|switch|p2a: Arcanine|Arcanine-Hisui, L50, F|100/100\n|switch|p2b: Charizard|Charizard-Mega-Y, L50, M, shiny|8/100\n|turn|5\n|\n|t:|1776353965\n|move|p1a: Yoo Mira|Hyper Voice|p2b: Charizard|[spread] p2a,p2b\n|-resisted|p2a: Arcanine|1\n|-damage|p2a: Arcanine|86/100\n|-damage|p2b: Charizard|0 fnt\n|faint|p2b: Charizard\n|move|p1b: The Gourd|Darkest Lariat|p2a: Arcanine\n|-damage|p2a: Arcanine|26/100\n|move|p2a: Arcanine|Rock Slide|p1a: Yoo Mira|[spread] p1a,p1b\n|-supereffective|p1b: The Gourd|1\n|-damage|p1a: Yoo Mira|0 fnt\n|-damage|p1b: The Gourd|0 fnt\n|faint|p1a: Yoo Mira\n|faint|p1b: The Gourd\n|\n|-weather|SunnyDay|[upkeep]\n|-fieldend|move: Trick Room\n|upkeep\n|\n|t:|1776353970\n|switch|p1b: Guendoowun|Drampa, L50, M, shiny|100/100\n|switch|p1a: Jin Mori|Emboar, L50, M, shiny|100/100\n|-ability|p1b: Guendoowun|Cloud Nine\n|turn|6\n|c|\u2606freddop|gg\n|\n|t:|1776353983\n|detailschange|p1a: Jin Mori|Emboar-Mega, L50, M, shiny\n|-mega|p1a: Jin Mori|Emboar|Emboarite\n|-ability|p1a: Jin Mori|Mold Breaker\n|move|p2a: Arcanine|Head Smash|p1b: Guendoowun\n|-damage|p1b: Guendoowun|31/100\n|move|p1a: Jin Mori|Close Combat|p2a: Arcanine\n|-supereffective|p2a: Arcanine|1\n|-damage|p2a: Arcanine|0 fnt\n|-unboost|p1a: Jin Mori|def|1\n|-unboost|p1a: Jin Mori|spd|1\n|faint|p2a: Arcanine\n|\n|win|KUTF1\n|raw|KUTF1's rating: 1304 &rarr; <strong>1320</strong><br />(+16 for winning)\n|raw|freddop's rating: 1230 &rarr; <strong>1210</strong><br />(-20 for losing)\n|l|\u2606freddop\n|player|p2|\n",
  "uploadtime": 1776353995,
  "views": 31,
  "formatid": "gen9championsvgc2026regma",
  "rating": 1210,
  "private": 0,
  "password": null
}