{
  "id": "gen9championsvgc2026regma-2588522399",
  "format": "[Gen 9 Champions] VGC 2026 Reg M-A",
  "players": [
    "Dono_76",
    "calmnic"
  ],
  "log": "|j|\u2606Dono_76\n|j|\u2606calmnic\n|t:|1776641322\n|gametype|doubles\n|player|p1|Dono_76|richboy-gen4|1191\n|player|p2|calmnic|170|1181\n|gen|9\n|tier|[Gen 9 Champions] VGC 2026 Reg M-A\n|rated|\n|rule|Species Clause: Limit one of each Pok\u00e9mon\n|rule|Item Clause: Limit 1 of each item\n|clearpoke\n|poke|p1|Golurk, L50, shiny|\n|poke|p1|Farigiraf, L50, F|\n|poke|p1|Milotic, L50, F|\n|poke|p1|Torkoal, L50, M|\n|poke|p1|Sneasler, L50, M|\n|poke|p1|Venusaur, L50, M|\n|poke|p2|Froslass, L50, F|\n|poke|p2|Garchomp, L50, M|\n|poke|p2|Rotom-Frost, L50|\n|poke|p2|Empoleon, L50, M|\n|poke|p2|Incineroar, L50, F|\n|poke|p2|Kingambit, L50, F|\n|teampreview|4\n|inactive|Battle timer is ON: inactive players will automatically lose when time's up. (requested by calmnic)\n|inactive|calmnic has 60 seconds left.\n|inactive|calmnic has 30 seconds left.\n|inactive|calmnic has 20 seconds left.\n|inactive|calmnic has 15 seconds left.\n|inactive|calmnic has 10 seconds left.\n|inactive|calmnic has 5 seconds left.\n|\n|t:|1776641410\n|teamsize|p1|4\n|teamsize|p2|4\n|start\n|switch|p1a: Farigiraf|Farigiraf, L50, F|100/100\n|switch|p1b: Sneasler|Sneasler, L50, M|100/100\n|switch|p2a: Froslass|Froslass, L50, F|100/100\n|switch|p2b: Rotom|Rotom-Frost, L50|100/100\n|turn|1\n|\n|t:|1776641435\n|switch|p2b: Garchomp|Garchomp, L50, M|100/100\n|detailschange|p2a: Froslass|Froslass-Mega, L50, F\n|-mega|p2a: Froslass|Froslass|Froslassite\n|-weather|Snowscape|[from] ability: Snow Warning|[of] p2a: Froslass\n|move|p1b: Sneasler|Close Combat|p2b: Garchomp\n|-damage|p2b: Garchomp|42/100\n|-unboost|p1b: Sneasler|def|1\n|-unboost|p1b: Sneasler|spd|1\n|-damage|p1b: Sneasler|88/100|[from] ability: Rough Skin|[of] p2b: Garchomp\n|-enditem|p1b: Sneasler|White Herb\n|-clearnegativeboost|p1b: Sneasler|[silent]\n|move|p2a: Froslass|Aurora Veil|p2a: Froslass\n|-sidestart|p2: calmnic|move: Aurora Veil\n|move|p1a: Farigiraf|Trick Room|p1a: Farigiraf\n|-fieldstart|move: Trick Room|[of] p1a: Farigiraf\n|\n|-weather|Snowscape|[upkeep]\n|upkeep\n|turn|2\n|\n|t:|1776641459\n|switch|p2b: Incineroar|Incineroar, L50, F|100/100\n|-ability|p2b: Incineroar|Intimidate|boost\n|-unboost|p1a: Farigiraf|atk|1\n|-unboost|p1b: Sneasler|atk|1\n|switch|p1b: Torkoal|Torkoal, L50, M|100/100\n|-weather|SunnyDay|[from] ability: Drought|[of] p1b: Torkoal\n|move|p1a: Farigiraf|Twin Beam|p2b: Incineroar\n|-immune|p2b: Incineroar\n|move|p2a: Froslass|Blizzard|p1a: Farigiraf|[spread] p1a,p1b\n|-resisted|p1b: Torkoal|1\n|-damage|p1a: Farigiraf|56/100\n|-damage|p1b: Torkoal|70/100\n|\n|-weather|SunnyDay|[upkeep]\n|upkeep\n|turn|3\n|inactive|Dono_76 has 30 seconds left.\n|inactive|calmnic has 30 seconds left.\n|\n|t:|1776641486\n|move|p1a: Farigiraf|Helping Hand|p1b: Torkoal\n|-singleturn|p1b: Torkoal|Helping Hand|[of] p1a: Farigiraf\n|move|p2a: Froslass|Protect|p2a: Froslass\n|-singleturn|p2a: Froslass|Protect\n|move|p1b: Torkoal|Heat Wave|p2a: Froslass|[spread] p2b\n|-activate|p2a: Froslass|move: Protect\n|-resisted|p2b: Incineroar|1\n|-damage|p2b: Incineroar|75/100\n|move|p2b: Incineroar|Darkest Lariat|p1b: Torkoal\n|-damage|p1b: Torkoal|35/100\n|\n|-weather|SunnyDay|[upkeep]\n|upkeep\n|turn|4\n|\n|t:|1776641505\n|switch|p2a: Garchomp|Garchomp, L50, M|42/100\n|move|p1a: Farigiraf|Helping Hand|p1b: Torkoal\n|-singleturn|p1b: Torkoal|Helping Hand|[of] p1a: Farigiraf\n|move|p1b: Torkoal|Heat Wave|p2a: Garchomp|[spread] p2a,p2b\n|-resisted|p2a: Garchomp|1\n|-resisted|p2b: Incineroar|1\n|-damage|p2a: Garchomp|14/100\n|-damage|p2b: Incineroar|50/100\n|-enditem|p2b: Incineroar|Sitrus Berry|[eat]\n|-heal|p2b: Incineroar|74/100|[from] item: Sitrus Berry\n|move|p2b: Incineroar|Darkest Lariat|p1a: Farigiraf\n|-supereffective|p1a: Farigiraf|1\n|-damage|p1a: Farigiraf|0 fnt\n|faint|p1a: Farigiraf\n|\n|-weather|SunnyDay|[upkeep]\n|upkeep\n|\n|t:|1776641524\n|switch|p1a: Sneasler|Sneasler, L50, M|88/100\n|turn|5\n|\n|t:|1776641536\n|move|p1b: Torkoal|Protect|p1b: Torkoal\n|-singleturn|p1b: Torkoal|Protect\n|move|p2a: Garchomp|Protect|p2a: Garchomp\n|-singleturn|p2a: Garchomp|Protect\n|move|p1a: Sneasler|Fake Out|p2a: Garchomp\n|-activate|p2a: Garchomp|move: Protect\n|move|p2b: Incineroar|Flare Blitz|p1a: Sneasler\n|-damage|p1a: Sneasler|0 fnt\n|faint|p1a: Sneasler\n|-damage|p2b: Incineroar|52/100|[from] Recoil\n|\n|-weather|SunnyDay|[upkeep]\n|-sideend|p2: calmnic|move: Aurora Veil\n|-fieldend|move: Trick Room\n|upkeep\n|\n|t:|1776641551\n|switch|p1a: Golurk|Golurk, L50, shiny|100/100\n|turn|6\n|\n|t:|1776641567\n|switch|p2b: Rotom|Rotom-Frost, L50|100/100\n|detailschange|p1a: Golurk|Golurk-Mega, L50, shiny\n|-mega|p1a: Golurk|Golurk|Golurkite\n|move|p2a: Garchomp|Earthquake|p1b: Torkoal|[spread] p1a,p1b\n|-immune|p2b: Rotom|[from] ability: Levitate\n|-supereffective|p1b: Torkoal|1\n|-damage|p1a: Golurk|66/100\n|-damage|p1b: Torkoal|0 fnt\n|faint|p1b: Torkoal\n|move|p1a: Golurk|Headlong Rush|p2b: Rotom\n|-immune|p2b: Rotom|[from] ability: Levitate\n|\n|-weather|none\n|upkeep\n|turn|7\n|l|\u2606Dono_76\n|inactive|Dono_76 disconnected and has a minute to reconnect!\n|player|p1|\n|inactive|Dono_76 has 30 seconds left.\n|inactive|Dono_76 has 20 seconds left.\n|inactive|Dono_76 has 15 seconds left.\n|inactive|Dono_76 has 10 seconds left.\n|inactive|Dono_76 has 5 seconds left.\n|-message|Dono_76 lost due to inactivity.\n|\n|win|calmnic\n|raw|Dono_76's rating: 1191 &rarr; <strong>1165</strong><br />(-26 for losing)\n|raw|calmnic's rating: 1181 &rarr; <strong>1207</strong><br />(+26 for winning)\n",
  "uploadtime": 1776641625,
  "views": 7,
  "formatid": "gen9championsvgc2026regma",
  "rating": 1165,
  "private": 0,
  "password": null
}