{
  "id": "gen9championsvgc2026regma-2587202385",
  "format": "[Gen 9 Champions] VGC 2026 Reg M-A",
  "players": [
    "IceGhost",
    "pajaslocas300"
  ],
  "log": "|j|\u2606IceGhost\n|j|\u2606pajaslocas300\n|t:|1776508290\n|gametype|doubles\n|player|p1|IceGhost|marlon|1122\n|player|p2|pajaslocas300|265|1044\n|gen|9\n|tier|[Gen 9 Champions] VGC 2026 Reg M-A\n|rated|\n|rule|Species Clause: Limit one of each Pok\u00e9mon\n|rule|Item Clause: Limit 1 of each item\n|clearpoke\n|poke|p1|Sableye, L50, F, shiny|\n|poke|p1|Maushold, L50|\n|poke|p1|Incineroar, L50, M|\n|poke|p1|Kingambit, L50, M|\n|poke|p1|Sinistcha-Masterpiece, L50|\n|poke|p1|Gengar, L50, F|\n|poke|p2|Sneasler, L50, F|\n|poke|p2|Tyranitar, L50, M|\n|poke|p2|Aggron, L50, M|\n|poke|p2|Sinistcha, L50|\n|poke|p2|Gyarados, L50, M|\n|poke|p2|Aerodactyl, L50, M|\n|teampreview|4\n|inactive|Battle timer is ON: inactive players will automatically lose when time's up. (requested by pajaslocas300)\n|inactive|pajaslocas300 has 60 seconds left.\n|\n|t:|1776508342\n|teamsize|p1|4\n|teamsize|p2|4\n|start\n|switch|p1a: Gengar|Gengar, L50, F|100/100\n|switch|p1b: Sableye|Sableye, L50, F, shiny|100/100\n|switch|p2a: Aggron|Aggron, L50, M|100/100\n|switch|p2b: Tyranitar|Tyranitar, L50, M|100/100\n|-weather|Sandstorm|[from] ability: Sand Stream|[of] p2b: Tyranitar\n|turn|1\n|inactive|pajaslocas300 has 30 seconds left.\n|\n|t:|1776508369\n|detailschange|p1a: Gengar|Gengar-Mega, L50, F\n|-mega|p1a: Gengar|Gengar|Gengarite\n|move|p1b: Sableye|Gravity|p1b: Sableye\n|-fieldstart|move: Gravity\n|move|p1a: Gengar|Hypnosis|p2b: Tyranitar\n|-status|p2b: Tyranitar|slp|[from] move: Hypnosis\n|cant|p2b: Tyranitar|slp\n|move|p2a: Aggron|Heavy Slam|p1b: Sableye\n|-damage|p1b: Sableye|60/100\n|\n|-weather|Sandstorm|[upkeep]\n|-damage|p1a: Gengar|95/100|[from] Sandstorm\n|-damage|p1b: Sableye|54/100|[from] Sandstorm\n|upkeep\n|turn|2\n|\n|t:|1776508391\n|switch|p1b: Sinistcha|Sinistcha-Masterpiece, L50|100/100\n|-heal|p1a: Gengar|100/100|[from] ability: Hospitality|[of] p1b: Sinistcha\n|move|p1a: Gengar|Hypnosis|p2a: Aggron\n|-status|p2a: Aggron|slp|[from] move: Hypnosis\n|cant|p2b: Tyranitar|slp\n|cant|p2a: Aggron|slp\n|\n|-weather|Sandstorm|[upkeep]\n|-damage|p1a: Gengar|95/100|[from] Sandstorm\n|-damage|p1b: Sinistcha|94/100|[from] Sandstorm\n|upkeep\n|turn|3\n|\n|t:|1776508409\n|move|p1b: Sinistcha|Rage Powder|p1b: Sinistcha\n|-singleturn|p1b: Sinistcha|move: Rage Powder\n|move|p1a: Gengar|Perish Song|p1a: Gengar\n|-start|p1a: Gengar|perish3|[silent]\n|-start|p1b: Sinistcha|perish3|[silent]\n|-start|p2a: Aggron|perish3|[silent]\n|-start|p2b: Tyranitar|perish3|[silent]\n|-fieldactivate|move: Perish Song\n|-curestatus|p2b: Tyranitar|slp|[msg]\n|move|p2b: Tyranitar|Knock Off|p1b: Sinistcha\n|-supereffective|p1b: Sinistcha|1\n|-damage|p1b: Sinistcha|26/100\n|-enditem|p1b: Sinistcha|Sitrus Berry|[from] move: Knock Off|[of] p2b: Tyranitar\n|-curestatus|p2a: Aggron|slp|[msg]\n|move|p2a: Aggron|Heavy Slam|p1b: Sinistcha\n|-damage|p1b: Sinistcha|0 fnt\n|faint|p1b: Sinistcha\n|\n|-weather|Sandstorm|[upkeep]\n|-damage|p1a: Gengar|89/100|[from] Sandstorm\n|-start|p1a: Gengar|perish3\n|-start|p2b: Tyranitar|perish3\n|-start|p2a: Aggron|perish3\n|upkeep\n|\n|t:|1776508418\n|switch|p1b: Maushold|Maushold, L50|100/100\n|turn|4\n|\n|t:|1776508435\n|move|p1b: Maushold|Follow Me|p1b: Maushold\n|-singleturn|p1b: Maushold|move: Follow Me\n|move|p1a: Gengar|Hypnosis|p2b: Tyranitar\n|-status|p2b: Tyranitar|slp|[from] move: Hypnosis\n|cant|p2b: Tyranitar|slp\n|move|p2a: Aggron|Body Press|p1b: Maushold\n|-supereffective|p1b: Maushold|1\n|-damage|p1b: Maushold|23/100\n|\n|-weather|Sandstorm|[upkeep]\n|-damage|p1a: Gengar|83/100|[from] Sandstorm\n|-damage|p1b: Maushold|17/100|[from] Sandstorm\n|-start|p1a: Gengar|perish2\n|-start|p2b: Tyranitar|perish2\n|-start|p2a: Aggron|perish2\n|upkeep\n|turn|5\n|\n|t:|1776508456\n|move|p1a: Gengar|Hypnosis|p2a: Aggron\n|-status|p2a: Aggron|slp|[from] move: Hypnosis\n|cant|p2b: Tyranitar|slp\n|move|p1b: Maushold|Population Bomb|p2b: Tyranitar\n|-resisted|p2b: Tyranitar|1\n|-damage|p2b: Tyranitar|97/100 slp\n|-resisted|p2b: Tyranitar|1\n|-damage|p2b: Tyranitar|93/100 slp\n|-resisted|p2b: Tyranitar|1\n|-damage|p2b: Tyranitar|89/100 slp\n|-resisted|p2b: Tyranitar|1\n|-damage|p2b: Tyranitar|85/100 slp\n|-resisted|p2b: Tyranitar|1\n|-damage|p2b: Tyranitar|81/100 slp\n|-resisted|p2b: Tyranitar|1\n|-damage|p2b: Tyranitar|77/100 slp\n|-resisted|p2b: Tyranitar|1\n|-damage|p2b: Tyranitar|72/100 slp\n|-resisted|p2b: Tyranitar|1\n|-damage|p2b: Tyranitar|68/100 slp\n|-resisted|p2b: Tyranitar|1\n|-damage|p2b: Tyranitar|64/100 slp\n|-resisted|p2b: Tyranitar|1\n|-damage|p2b: Tyranitar|60/100 slp\n|-hitcount|p2b: Tyranitar|10\n|cant|p2a: Aggron|slp\n|\n|-weather|none\n|-start|p1a: Gengar|perish1\n|-start|p2b: Tyranitar|perish1\n|-start|p2a: Aggron|perish1\n|-fieldend|move: Gravity\n|upkeep\n|turn|6\n|inactive|pajaslocas300 has 30 seconds left.\n|\n|t:|1776508490\n|switch|p1a: Sableye|Sableye, L50, F, shiny|54/100\n|-curestatus|p2b: Tyranitar|slp|[msg]\n|move|p2b: Tyranitar|Knock Off|p1a: Sableye\n|-damage|p1a: Sableye|6/100\n|-enditem|p1a: Sableye|Focus Sash|[from] move: Knock Off|[of] p2b: Tyranitar\n|move|p1b: Maushold|Population Bomb|p2a: Aggron\n|-resisted|p2a: Aggron|2\n|-damage|p2a: Aggron|99/100 slp\n|-resisted|p2a: Aggron|2\n|-damage|p2a: Aggron|98/100 slp\n|-resisted|p2a: Aggron|2\n|-damage|p2a: Aggron|97/100 slp\n|-resisted|p2a: Aggron|2\n|-damage|p2a: Aggron|95/100 slp\n|-resisted|p2a: Aggron|2\n|-crit|p2a: Aggron\n|-damage|p2a: Aggron|93/100 slp\n|-resisted|p2a: Aggron|2\n|-damage|p2a: Aggron|92/100 slp\n|-resisted|p2a: Aggron|2\n|-damage|p2a: Aggron|91/100 slp\n|-resisted|p2a: Aggron|2\n|-damage|p2a: Aggron|90/100 slp\n|-resisted|p2a: Aggron|2\n|-damage|p2a: Aggron|89/100 slp\n|-resisted|p2a: Aggron|2\n|-damage|p2a: Aggron|88/100 slp\n|-hitcount|p2a: Aggron|10\n|cant|p2a: Aggron|slp\n|\n|-start|p2b: Tyranitar|perish0\n|-start|p2a: Aggron|perish0\n|upkeep\n|faint|p2b: Tyranitar\n|faint|p2a: Aggron\n|inactive|pajaslocas300 has 30 seconds left.\n|\n|t:|1776508520\n|switch|p2b: Gyarados|Gyarados, L50, M|100/100\n|switch|p2a: Sinistcha|Sinistcha, L50|100/100\n|-ability|p2b: Gyarados|Intimidate|boost\n|-unboost|p1a: Sableye|atk|1\n|-unboost|p1b: Maushold|atk|1\n|turn|7\n|\n|t:|1776508536\n|move|p1a: Sableye|Skill Swap|p2a: Sinistcha\n|-activate|p1a: Sableye|Skill Swap|Hospitality|Prankster|[of] p2a: Sinistcha\n|-heal|p1b: Maushold|42/100|[from] ability: Hospitality|[of] p1a: Sableye\n|move|p1b: Maushold|Population Bomb|p2b: Gyarados\n|-damage|p2b: Gyarados|96/100\n|-damage|p2b: Gyarados|91/100\n|-damage|p2b: Gyarados|86/100\n|-damage|p2b: Gyarados|81/100\n|-damage|p2b: Gyarados|76/100\n|-damage|p2b: Gyarados|71/100\n|-damage|p2b: Gyarados|67/100\n|-damage|p2b: Gyarados|62/100\n|-damage|p2b: Gyarados|57/100\n|-damage|p2b: Gyarados|52/100\n|-hitcount|p2b: Gyarados|10\n|cant|p2b: Gyarados|flinch\n|move|p2a: Sinistcha|Trick Room|p2a: Sinistcha\n|-fieldstart|move: Trick Room|[of] p2a: Sinistcha\n|\n|upkeep\n|turn|8\n|inactive|pajaslocas300 has 30 seconds left.\n|\n|t:|1776508568\n|move|p1b: Maushold|Protect|p1b: Maushold\n|-singleturn|p1b: Maushold|Protect\n|move|p1a: Sableye|Skill Swap|p2b: Gyarados\n|-activate|p1a: Sableye|Skill Swap|Intimidate|Hospitality|[of] p2b: Gyarados\n|-ability|p1a: Sableye|Intimidate|boost\n|-unboost|p2a: Sinistcha|atk|1\n|-unboost|p2b: Gyarados|atk|1\n|move|p2a: Sinistcha|Matcha Gotcha|p1a: Sableye|[spread] p1a\n|-activate|p1b: Maushold|move: Protect\n|-damage|p1a: Sableye|0 fnt\n|faint|p1a: Sableye\n|move|p2b: Gyarados|Crunch|p1b: Maushold\n|-activate|p1b: Maushold|move: Protect\n|\n|upkeep\n|\n|t:|1776508578\n|switch|p1a: Gengar|Gengar-Mega, L50, F|83/100\n|turn|9\n|\n|t:|1776508590\n|move|p2a: Sinistcha|Life Dew||[still]|[spread] p2a,p2b\n|-fail|p2a: Sinistcha|heal\n|-heal|p2b: Gyarados|77/100\n|move|p2b: Gyarados|Taunt|p1a: Gengar\n|-start|p1a: Gengar|move: Taunt\n|move|p1b: Maushold|Population Bomb|p2b: Gyarados\n|-damage|p2b: Gyarados|72/100\n|-damage|p2b: Gyarados|67/100\n|-damage|p2b: Gyarados|63/100\n|-crit|p2b: Gyarados\n|-damage|p2b: Gyarados|52/100\n|-damage|p2b: Gyarados|47/100\n|-enditem|p2b: Gyarados|Sitrus Berry|[eat]\n|-heal|p2b: Gyarados|72/100|[from] item: Sitrus Berry\n|-damage|p2b: Gyarados|67/100\n|-damage|p2b: Gyarados|62/100\n|-damage|p2b: Gyarados|57/100\n|-damage|p2b: Gyarados|52/100\n|-damage|p2b: Gyarados|47/100\n|-hitcount|p2b: Gyarados|10\n|move|p1a: Gengar|Shadow Ball|p2a: Sinistcha\n|-supereffective|p2a: Sinistcha|1\n|-enditem|p2a: Sinistcha|Kasib Berry|[eat]\n|-enditem|p2a: Sinistcha|Kasib Berry|[weaken]\n|-damage|p2a: Sinistcha|63/100\n|\n|upkeep\n|turn|10\n|inactive|pajaslocas300 has 30 seconds left.\n|inactive|pajaslocas300 has 20 seconds left.\n|\n|t:|1776508625\n|move|p2a: Sinistcha|Life Dew|p2a: Sinistcha|[spread] p2a,p2b\n|-heal|p2a: Sinistcha|88/100\n|-heal|p2b: Gyarados|72/100\n|move|p2b: Gyarados|Waterfall|p1b: Maushold\n|-damage|p1b: Maushold|13/100\n|cant|p1b: Maushold|flinch\n|move|p1a: Gengar|Shadow Ball|p2b: Gyarados\n|-damage|p2b: Gyarados|35/100\n|\n|upkeep\n|turn|11\n|\n|t:|1776508642\n|move|p2a: Sinistcha|Matcha Gotcha|p1a: Gengar|[spread] p1a,p1b\n|-resisted|p1a: Gengar|1\n|-damage|p1a: Gengar|69/100\n|-heal|p2a: Sinistcha|95/100|[from] drain|[of] p1a: Gengar\n|-damage|p1b: Maushold|0 fnt\n|-heal|p2a: Sinistcha|100/100|[from] drain|[of] p1b: Maushold\n|faint|p1b: Maushold\n|move|p2b: Gyarados|Crunch|p1a: Gengar\n|-supereffective|p1a: Gengar|1\n|-damage|p1a: Gengar|30/100\n|move|p1a: Gengar|Shadow Ball|p2b: Gyarados\n|-damage|p2b: Gyarados|2/100\n|\n|-end|p1a: Gengar|move: Taunt\n|-fieldend|move: Trick Room\n|upkeep\n|turn|12\n|\n|t:|1776508664\n|move|p2a: Sinistcha|Rage Powder|p2a: Sinistcha\n|-singleturn|p2a: Sinistcha|move: Rage Powder\n|move|p1a: Gengar|Shadow Ball|p2a: Sinistcha\n|-supereffective|p2a: Sinistcha|1\n|-damage|p2a: Sinistcha|22/100\n|move|p2b: Gyarados|Crunch|p1a: Gengar\n|-supereffective|p1a: Gengar|1\n|-damage|p1a: Gengar|0 fnt\n|faint|p1a: Gengar\n|\n|win|pajaslocas300\n|raw|IceGhost's rating: 1122 &rarr; <strong>1091</strong><br />(-31 for losing)\n|raw|pajaslocas300's rating: 1044 &rarr; <strong>1085</strong><br />(+41 for winning)\n|l|\u2606IceGhost\n|player|p1|\n",
  "uploadtime": 1776508720,
  "views": 14,
  "formatid": "gen9championsvgc2026regma",
  "rating": 1085,
  "private": 0,
  "password": null
}