{
  "id": "gen9championsvgc2026regma-2589524367",
  "format": "[Gen 9 Champions] VGC 2026 Reg M-A",
  "players": [
    "sillysanch",
    "Unchained"
  ],
  "log": "|j|\u2606sillysanch\n|j|\u2606Unchained\n|t:|1776730837\n|gametype|doubles\n|player|p1|sillysanch|102|1162\n|player|p2|Unchained|169|1169\n|gen|9\n|tier|[Gen 9 Champions] VGC 2026 Reg M-A\n|rated|\n|rule|Species Clause: Limit one of each Pok\u00e9mon\n|rule|Item Clause: Limit 1 of each item\n|clearpoke\n|poke|p1|Basculegion, L50, M|\n|poke|p1|Archaludon, L50, M|\n|poke|p1|Milotic, L50, F|\n|poke|p1|Whimsicott, L50, F|\n|poke|p1|Kangaskhan, L50, F|\n|poke|p1|Tauros-Paldea-Blaze, L50, M|\n|poke|p2|Hydreigon, L50, F|\n|poke|p2|Greninja, L50, F|\n|poke|p2|Gyarados, L50, F|\n|poke|p2|Scovillain, L50, M|\n|poke|p2|Goodra-Hisui, L50, F|\n|poke|p2|Klefki, L50, F|\n|teampreview|4\n|inactive|Battle timer is ON: inactive players will automatically lose when time's up. (requested by Unchained)\n|inactive|sillysanch has 60 seconds left.\n|inactive|Unchained has 60 seconds left.\n|l|\u2606Unchained\n|inactive|Unchained disconnected and has a minute to reconnect!\n|player|p2|\n|inactive|sillysanch has 30 seconds left.\n|inactive|Unchained has 30 seconds left.\n|j|\u2606Unchained\n|inactive|Unchained reconnected and has 30 seconds left.\n|player|p2|Unchained|169|\n|inactive|sillysanch has 20 seconds left.\n|inactive|Unchained has 20 seconds left.\n|inactive|sillysanch has 15 seconds left.\n|inactive|Unchained has 15 seconds left.\n|inactive|Unchained has 10 seconds left.\n|inactive|Unchained has 5 seconds left.\n|\n|t:|1776730925\n|teamsize|p1|4\n|teamsize|p2|4\n|start\n|switch|p1a: Archaludon|Archaludon, L50, M|100/100\n|switch|p1b: Whimsicott|Whimsicott, L50, F|100/100\n|switch|p2a: Scovillain|Scovillain, L50, M|100/100\n|switch|p2b: Hydreigon|Hydreigon, L50, F|100/100\n|turn|1\n|\n|t:|1776730944\n|switch|p2b: Klefki|Klefki, L50, F|100/100\n|detailschange|p2a: Scovillain|Scovillain-Mega, L50, M\n|-mega|p2a: Scovillain|Scovillain|Scovillainite\n|move|p1b: Whimsicott|Tailwind|p1b: Whimsicott\n|-sidestart|p1: sillysanch|move: Tailwind\n|move|p1a: Archaludon|Draco Meteor|p2b: Klefki\n|-immune|p2b: Klefki\n|move|p2a: Scovillain|Fire Spin|p1b: Whimsicott\n|-supereffective|p1b: Whimsicott|1\n|-damage|p1b: Whimsicott|52/100\n|-activate|p1b: Whimsicott|move: Fire Spin|[of] p2a: Scovillain\n|\n|-damage|p1b: Whimsicott|40/100|[from] move: Fire Spin|[partiallytrapped]\n|upkeep\n|turn|2\n|inactive|sillysanch has 30 seconds left.\n|\n|t:|1776730978\n|move|p1b: Whimsicott|Charm|p2a: Scovillain\n|-unboost|p2a: Scovillain|atk|2\n|move|p2b: Klefki|Light Screen|p2b: Klefki\n|-sidestart|p2: Unchained|move: Light Screen\n|move|p1a: Archaludon|Draco Meteor|p2a: Scovillain\n|-damage|p2a: Scovillain|50/100\n|-unboost|p1a: Archaludon|spa|2\n|-status|p1a: Archaludon|brn|[from] ability: Spicy Spray|[of] p2a: Scovillain\n|-enditem|p1a: Archaludon|White Herb\n|-clearnegativeboost|p1a: Archaludon|[silent]\n|move|p2a: Scovillain|Leech Seed|p1a: Archaludon\n|-start|p1a: Archaludon|move: Leech Seed\n|\n|-damage|p1a: Archaludon|89/100 brn|[from] Leech Seed|[of] p2a: Scovillain\n|-heal|p2a: Scovillain|62/100|[silent]\n|-damage|p1a: Archaludon|83/100 brn|[from] brn\n|-damage|p1b: Whimsicott|28/100|[from] move: Fire Spin|[partiallytrapped]\n|upkeep\n|turn|3\n|inactive|Unchained has 30 seconds left.\n|\n|t:|1776731010\n|move|p2b: Klefki|Thunder Wave|p1b: Whimsicott\n|-status|p1b: Whimsicott|par\n|move|p1a: Archaludon|Draco Meteor|p2a: Scovillain\n|-damage|p2a: Scovillain|5/100\n|-unboost|p1a: Archaludon|spa|2\n|move|p1b: Whimsicott|Moonblast|p2a: Scovillain\n|-resisted|p2a: Scovillain|1\n|-damage|p2a: Scovillain|0 fnt\n|faint|p2a: Scovillain\n|\n|-damage|p1a: Archaludon|77/100 brn|[from] brn\n|-end|p1b: Whimsicott|Fire Spin|[partiallytrapped]|[silent]\n|upkeep\n|\n|t:|1776731022\n|switch|p2a: Gyarados|Gyarados, L50, F|100/100\n|-ability|p2a: Gyarados|Intimidate|boost\n|-unboost|p1a: Archaludon|atk|1\n|-unboost|p1b: Whimsicott|atk|1\n|turn|4\n|\n|t:|1776731033\n|move|p1b: Whimsicott|Charm|p2a: Gyarados\n|-unboost|p2a: Gyarados|atk|2\n|move|p1a: Archaludon|Thunderbolt|p2a: Gyarados\n|-supereffective|p2a: Gyarados|2\n|-damage|p2a: Gyarados|58/100\n|move|p2a: Gyarados|Dragon Dance|p2a: Gyarados\n|-boost|p2a: Gyarados|atk|1\n|-boost|p2a: Gyarados|spe|1\n|move|p2b: Klefki|Draining Kiss|p1b: Whimsicott\n|-damage|p1b: Whimsicott|3/100 par\n|\n|-heal|p2a: Gyarados|64/100|[from] item: Leftovers\n|-damage|p1a: Archaludon|65/100 brn|[from] Leech Seed|[of] p2a: Gyarados\n|-heal|p2a: Gyarados|76/100|[silent]\n|-damage|p1a: Archaludon|59/100 brn|[from] brn\n|-sideend|p1: sillysanch|move: Tailwind\n|upkeep\n|turn|5\n|inactive|Unchained has 30 seconds left.\n|\n|t:|1776731059\n|move|p1b: Whimsicott|Charm|p2a: Gyarados\n|-unboost|p2a: Gyarados|atk|2\n|move|p2a: Gyarados|Dragon Dance|p2a: Gyarados\n|-boost|p2a: Gyarados|atk|1\n|-boost|p2a: Gyarados|spe|1\n|move|p1a: Archaludon|Thunderbolt|p2a: Gyarados\n|-supereffective|p2a: Gyarados|2\n|-damage|p2a: Gyarados|32/100\n|move|p2b: Klefki|Draining Kiss|p1b: Whimsicott\n|-damage|p1b: Whimsicott|0 fnt\n|faint|p1b: Whimsicott\n|\n|-heal|p2a: Gyarados|38/100|[from] item: Leftovers\n|-damage|p1a: Archaludon|47/100 brn|[from] Leech Seed|[of] p2a: Gyarados\n|-heal|p2a: Gyarados|49/100|[silent]\n|-damage|p1a: Archaludon|41/100 brn|[from] brn\n|upkeep\n|inactive|sillysanch has 30 seconds left.\n|inactive|sillysanch has 20 seconds left.\n|\n|t:|1776731097\n|switch|p1b: Tauros|Tauros-Paldea-Blaze, L50, M|100/100\n|turn|6\n|\n|t:|1776731109\n|switch|p2a: Hydreigon|Hydreigon, L50, F|100/100\n|move|p2b: Klefki|Thunder Wave|p1b: Tauros\n|-status|p1b: Tauros|par\n|move|p1a: Archaludon|Thunderbolt|p2a: Hydreigon\n|-resisted|p2a: Hydreigon|1\n|-damage|p2a: Hydreigon|95/100\n|move|p1b: Tauros|Raging Bull|p2b: Klefki\n|-sideend|p2: Unchained|move: Light Screen\n|-supereffective|p2b: Klefki|1\n|-damage|p2b: Klefki|24/100\n|-enditem|p2b: Klefki|Sitrus Berry|[eat]\n|-heal|p2b: Klefki|49/100|[from] item: Sitrus Berry\n|\n|-damage|p1a: Archaludon|29/100 brn|[from] Leech Seed|[of] p2a: Hydreigon\n|-heal|p2a: Hydreigon|100/100|[silent]\n|-damage|p1a: Archaludon|23/100 brn|[from] brn\n|upkeep\n|turn|7\n|inactive|sillysanch has 30 seconds left.\n|inactive|Unchained has 30 seconds left.\n|\n|t:|1776731144\n|move|p1a: Archaludon|Protect|p1a: Archaludon\n|-singleturn|p1a: Archaludon|Protect\n|move|p2a: Hydreigon|Draco Meteor|p1b: Tauros\n|-damage|p1b: Tauros|11/100 par\n|-unboost|p2a: Hydreigon|spa|2\n|-enditem|p1b: Tauros|Sitrus Berry|[eat]\n|-heal|p1b: Tauros|36/100 par|[from] item: Sitrus Berry\n|move|p2b: Klefki|Draining Kiss|p1b: Tauros\n|-damage|p1b: Tauros|18/100 par\n|-heal|p2b: Klefki|63/100|[from] drain|[of] p1b: Tauros\n|move|p1b: Tauros|Close Combat|p2a: Hydreigon\n|-supereffective|p2a: Hydreigon|1\n|-damage|p2a: Hydreigon|0 fnt\n|-unboost|p1b: Tauros|def|1\n|-unboost|p1b: Tauros|spd|1\n|faint|p2a: Hydreigon\n|\n|-damage|p1a: Archaludon|17/100 brn|[from] brn\n|upkeep\n|\n|t:|1776731160\n|switch|p2a: Gyarados|Gyarados, L50, F|49/100\n|-ability|p2a: Gyarados|Intimidate|boost\n|-unboost|p1a: Archaludon|atk|1\n|-unboost|p1b: Tauros|atk|1\n|turn|8\n|\n|t:|1776731184\n|move|p1b: Tauros|Protect|p1b: Tauros\n|-singleturn|p1b: Tauros|Protect\n|move|p2b: Klefki|Light Screen|p2b: Klefki\n|-sidestart|p2: Unchained|move: Light Screen\n|move|p1a: Archaludon|Thunderbolt|p2a: Gyarados\n|-supereffective|p2a: Gyarados|2\n|-damage|p2a: Gyarados|4/100\n|move|p2a: Gyarados|Bounce||[still]\n|-prepare|p2a: Gyarados|Bounce\n|\n|-heal|p2a: Gyarados|10/100|[from] item: Leftovers\n|-damage|p1a: Archaludon|5/100 brn|[from] Leech Seed|[of] p2a: Gyarados\n|-heal|p2a: Gyarados|22/100|[silent]\n|-damage|p1a: Archaludon|0 fnt|[from] brn\n|faint|p1a: Archaludon\n|-activate|p1b: Tauros|ability: Cud Chew\n|-enditem|p1b: Tauros|Sitrus Berry|[eat]\n|-heal|p1b: Tauros|42/100 par|[from] item: Sitrus Berry\n|upkeep\n|\n|t:|1776731199\n|switch|p1a: Kangaskhan|Kangaskhan, L50, F|100/100\n|turn|9\n|\n|t:|1776731222\n|detailschange|p1a: Kangaskhan|Kangaskhan-Mega, L50, F\n|-mega|p1a: Kangaskhan|Kangaskhan|Kangaskhanite\n|move|p1b: Tauros|Protect|p1b: Tauros\n|-singleturn|p1b: Tauros|Protect\n|move|p2b: Klefki|Thunder Wave|p1a: Kangaskhan|[miss]\n|-miss|p2b: Klefki|p1a: Kangaskhan\n|move|p2a: Gyarados|Bounce|p1b: Tauros|[from] lockedmove\n|-activate|p1b: Tauros|move: Protect\n|move|p1a: Kangaskhan|Low Kick|p2b: Klefki\n|-damage|p2b: Klefki|57/100\n|-damage|p2b: Klefki|55/100\n|-hitcount|p2b: Klefki|2\n|\n|-heal|p2a: Gyarados|28/100|[from] item: Leftovers\n|upkeep\n|turn|10\n|\n|t:|1776731245\n|move|p1a: Kangaskhan|Sucker Punch|p2a: Gyarados\n|-damage|p2a: Gyarados|0 fnt\n|faint|p2a: Gyarados\n|-hitcount|p2: Gyarados|1\n|move|p2b: Klefki|Thunder Wave|p1a: Kangaskhan\n|-status|p1a: Kangaskhan|par\n|move|p1b: Tauros|Drill Run|p2b: Klefki\n|-supereffective|p2b: Klefki|1\n|-damage|p2b: Klefki|26/100\n|\n|upkeep\n|turn|11\n|c|\u2606Unchained|Double protect smh\n|n|!Unchained|unchained\n|inactive|Unchained has 30 seconds left.\n|c|\u2606sillysanch|feelsbad\n|\n|t:|1776731279\n|move|p2b: Klefki|Draining Kiss|p1a: Kangaskhan\n|-damage|p1a: Kangaskhan|88/100 par\n|-heal|p2b: Klefki|38/100|[from] drain|[of] p1a: Kangaskhan\n|move|p1a: Kangaskhan|Double-Edge|p2b: Klefki\n|-resisted|p2b: Klefki|1\n|-damage|p2b: Klefki|8/100\n|-resisted|p2b: Klefki|1\n|-damage|p2b: Klefki|1/100\n|-hitcount|p2b: Klefki|2\n|-damage|p1a: Kangaskhan|78/100 par|[from] Recoil\n|move|p1b: Tauros|Drill Run|p2b: Klefki\n|-supereffective|p2b: Klefki|1\n|-damage|p2b: Klefki|0 fnt\n|faint|p2b: Klefki\n|\n|win|sillysanch\n",
  "uploadtime": 1776731265,
  "views": 4,
  "formatid": "gen9championsvgc2026regma",
  "rating": null,
  "private": 0,
  "password": null
}