{
  "id": "gen9championsvgc2026regma-2584129897",
  "format": "[Gen 9 Champions] VGC 2026 Reg M-A",
  "players": [
    "Black_Majik",
    "colfox"
  ],
  "log": "|j|\u2606Black_Majik\n|j|\u203dcolfox\n|t:|1776228474\n|gametype|doubles\n|player|p1|Black_Majik|psychic-gen4|1052\n|player|p2|colfox|169|1088\n|gen|9\n|tier|[Gen 9 Champions] VGC 2026 Reg M-A\n|rated|\n|rule|Species Clause: Limit one of each Pok\u00e9mon\n|rule|Item Clause: Limit 1 of each item\n|clearpoke\n|poke|p1|Glimmora, L50, F|\n|poke|p1|Tyranitar, L50, F|\n|poke|p1|Excadrill, L50, F|\n|poke|p1|Rotom-Wash, L50|\n|poke|p1|Sinistcha, L50|\n|poke|p1|Corviknight, L50, F|\n|poke|p2|Sylveon, L50, M|\n|poke|p2|Garchomp, L50, M|\n|poke|p2|Milotic, L50, F|\n|poke|p2|Ninetales, L50, F|\n|poke|p2|Raichu, L50, F|\n|poke|p2|Scizor, L50, M|\n|teampreview|4\n|inactive|Battle timer is ON: inactive players will automatically lose when time's up. (requested by Black_Majik)\n|inactive|Black_Majik has 60 seconds left.\n|\n|t:|1776228546\n|teamsize|p1|4\n|teamsize|p2|4\n|start\n|switch|p1a: Tyranitar|Tyranitar, L50, F|100/100\n|switch|p1b: Glimmora|Glimmora, L50, F, shiny|100/100\n|switch|p2a: Milotic|Milotic, L50, F|100/100\n|switch|p2b: Raichu|Raichu, L50, F|100/100\n|-weather|Sandstorm|[from] ability: Sand Stream|[of] p1a: Tyranitar\n|turn|1\n|\n|t:|1776228568\n|move|p1b: Glimmora|Spiky Shield|p1b: Glimmora\n|-singleturn|p1b: Glimmora|move: Protect\n|move|p2b: Raichu|Fake Out|p1a: Tyranitar\n|-resisted|p1a: Tyranitar|1\n|-damage|p1a: Tyranitar|98/100\n|move|p2a: Milotic|Scald|p1b: Glimmora\n|-activate|p1b: Glimmora|move: Protect\n|cant|p1a: Tyranitar|flinch\n|\n|-weather|Sandstorm|[upkeep]\n|-damage|p2b: Raichu|95/100|[from] Sandstorm\n|-damage|p2a: Milotic|95/100|[from] Sandstorm\n|upkeep\n|turn|2\n|inactive|Black_Majik has 30 seconds left.\n|\n|t:|1776228602\n|switch|p1b: Rotom|Rotom-Wash, L50|100/100\n|move|p2b: Raichu|Volt Switch|p1b: Rotom\n|-damage|p1b: Rotom|66/100\n|\n|t:|1776228611\n|switch|p2b: Ninetales|Ninetales, L50, F|100/100|[from] Volt Switch\n|-weather|SunnyDay|[from] ability: Drought|[of] p2b: Ninetales\n|move|p2a: Milotic|Scald|p1b: Rotom\n|-resisted|p1b: Rotom|1\n|-damage|p1b: Rotom|57/100\n|move|p1a: Tyranitar|Knock Off|p2b: Ninetales\n|-damage|p2b: Ninetales|40/100\n|-enditem|p2b: Ninetales|Charcoal|[from] move: Knock Off|[of] p1a: Tyranitar\n|\n|-weather|SunnyDay|[upkeep]\n|upkeep\n|turn|3\n|inactive|colfox has 30 seconds left.\n|\n|t:|1776228638\n|move|p2b: Ninetales|Protect|p2b: Ninetales\n|-singleturn|p2b: Ninetales|Protect\n|move|p1b: Rotom|Thunderbolt|p2a: Milotic\n|-supereffective|p2a: Milotic|1\n|-enditem|p2a: Milotic|Wacan Berry|[eat]\n|-enditem|p2a: Milotic|Wacan Berry|[weaken]\n|-damage|p2a: Milotic|63/100\n|move|p2a: Milotic|Scald|p1a: Tyranitar\n|-supereffective|p1a: Tyranitar|1\n|-damage|p1a: Tyranitar|68/100\n|-status|p1a: Tyranitar|brn\n|move|p1a: Tyranitar|Rock Slide|p2b: Ninetales|[spread] p2a\n|-activate|p2b: Ninetales|move: Protect\n|-damage|p2a: Milotic|46/100\n|\n|-weather|SunnyDay|[upkeep]\n|-damage|p1a: Tyranitar|62/100 brn|[from] brn\n|upkeep\n|turn|4\n|inactive|Black_Majik has 30 seconds left.\n|inactive|colfox has 30 seconds left.\n|inactive|Black_Majik has 20 seconds left.\n|\n|t:|1776228676\n|switch|p1a: Corviknight|Corviknight, L50, F|100/100\n|move|p2b: Ninetales|Heat Wave|p1b: Rotom|[spread] p1a,p1b\n|-supereffective|p1a: Corviknight|1\n|-resisted|p1b: Rotom|1\n|-damage|p1a: Corviknight|40/100\n|-damage|p1b: Rotom|40/100\n|-enditem|p1b: Rotom|Sitrus Berry|[eat]\n|-heal|p1b: Rotom|65/100|[from] item: Sitrus Berry\n|move|p1b: Rotom|Hydro Pump|p2b: Ninetales\n|-supereffective|p2b: Ninetales|1\n|-damage|p2b: Ninetales|0 fnt\n|faint|p2b: Ninetales\n|move|p2a: Milotic|Scald|p1a: Corviknight\n|-damage|p1a: Corviknight|21/100\n|\n|-weather|SunnyDay|[upkeep]\n|-heal|p1a: Corviknight|28/100|[from] item: Leftovers\n|upkeep\n|\n|t:|1776228694\n|switch|p2b: Raichu|Raichu, L50, F|95/100\n|turn|5\n|\n|t:|1776228716\n|switch|p1a: Tyranitar|Tyranitar, L50, F|62/100 brn\n|-weather|Sandstorm|[from] ability: Sand Stream|[of] p1a: Tyranitar\n|move|p2b: Raichu|Fake Out|p1b: Rotom\n|-damage|p1b: Rotom|57/100\n|cant|p1b: Rotom|flinch\n|move|p2a: Milotic|Scald|p1a: Tyranitar\n|-supereffective|p1a: Tyranitar|1\n|-damage|p1a: Tyranitar|18/100 brn\n|\n|-weather|Sandstorm|[upkeep]\n|-damage|p2b: Raichu|89/100|[from] Sandstorm\n|-damage|p1b: Rotom|51/100|[from] Sandstorm\n|-damage|p2a: Milotic|40/100|[from] Sandstorm\n|-damage|p1a: Tyranitar|12/100 brn|[from] brn\n|upkeep\n|turn|6\n|inactive|colfox has 30 seconds left.\n|\n|t:|1776228747\n|move|p2b: Raichu|Protect|p2b: Raichu\n|-singleturn|p2b: Raichu|Protect\n|move|p1b: Rotom|Hydro Pump|p2b: Raichu\n|-activate|p2b: Raichu|move: Protect\n|move|p2a: Milotic|Recover|p2a: Milotic\n|-heal|p2a: Milotic|90/100\n|move|p1a: Tyranitar|Rock Slide|p2a: Milotic|[spread] p2a\n|-activate|p2b: Raichu|move: Protect\n|-damage|p2a: Milotic|72/100\n|\n|-weather|Sandstorm|[upkeep]\n|-damage|p2b: Raichu|83/100|[from] Sandstorm\n|-damage|p1b: Rotom|45/100|[from] Sandstorm\n|-damage|p2a: Milotic|66/100|[from] Sandstorm\n|-damage|p1a: Tyranitar|6/100 brn|[from] brn\n|upkeep\n|turn|7\n|\n|t:|1776228768\n|move|p1b: Rotom|Protect|p1b: Rotom\n|-singleturn|p1b: Rotom|Protect\n|move|p2b: Raichu|Volt Switch|p1b: Rotom\n|-activate|p1b: Rotom|move: Protect\n|move|p2a: Milotic|Recover|p2a: Milotic\n|-heal|p2a: Milotic|100/100\n|move|p1a: Tyranitar|Knock Off|p2b: Raichu\n|-damage|p2b: Raichu|32/100\n|-enditem|p2b: Raichu|Magnet|[from] move: Knock Off|[of] p1a: Tyranitar\n|\n|-weather|Sandstorm|[upkeep]\n|-damage|p2b: Raichu|26/100|[from] Sandstorm\n|-damage|p1b: Rotom|39/100|[from] Sandstorm\n|-damage|p2a: Milotic|95/100|[from] Sandstorm\n|-damage|p1a: Tyranitar|0 fnt|[from] brn\n|faint|p1a: Tyranitar\n|upkeep\n|\n|t:|1776228783\n|switch|p1a: Glimmora|Glimmora, L50, F, shiny|100/100\n|turn|8\n|\n|t:|1776228805\n|detailschange|p1a: Glimmora|Glimmora-Mega, L50, F, shiny\n|-mega|p1a: Glimmora|Glimmora|Glimmoranite\n|move|p2b: Raichu|Thunderbolt|p1b: Rotom\n|-damage|p1b: Rotom|0 fnt\n|faint|p1b: Rotom\n|move|p1a: Glimmora|Sludge Bomb|p2a: Milotic\n|-damage|p2a: Milotic|47/100\n|-status|p2a: Milotic|psn\n|move|p2a: Milotic|Scald|p1a: Glimmora\n|-supereffective|p1a: Glimmora|1\n|-damage|p1a: Glimmora|37/100\n|\n|-weather|Sandstorm|[upkeep]\n|-damage|p2b: Raichu|20/100|[from] Sandstorm\n|-damage|p2a: Milotic|41/100 psn|[from] Sandstorm\n|-damage|p2a: Milotic|29/100 psn|[from] psn\n|upkeep\n|\n|t:|1776228819\n|switch|p1b: Corviknight|Corviknight, L50, F|28/100\n|turn|9\n|inactive|Black_Majik has 30 seconds left.\n|\n|t:|1776228852\n|move|p2b: Raichu|Thunderbolt|p1b: Corviknight\n|-supereffective|p1b: Corviknight|1\n|-damage|p1b: Corviknight|0 fnt\n|faint|p1b: Corviknight\n|move|p1a: Glimmora|Sludge Bomb|p2b: Raichu\n|-damage|p2b: Raichu|0 fnt\n|faint|p2b: Raichu\n|move|p2a: Milotic|Scald|p1a: Glimmora\n|-supereffective|p1a: Glimmora|1\n|-damage|p1a: Glimmora|0 fnt\n|faint|p1a: Glimmora\n|\n|win|colfox\n|raw|Black_Majik's rating: 1052 &rarr; <strong>1036</strong><br />(-16 for losing)\n|raw|colfox's rating: 1088 &rarr; <strong>1112</strong><br />(+24 for winning)\n|l|\u2606Black_Majik\n|player|p1|\n",
  "uploadtime": 1776228867,
  "views": 39,
  "formatid": "gen9championsvgc2026regma",
  "rating": 1036,
  "private": 0,
  "password": null
}