{
  "id": "gen9championsvgc2026regma-2588474053",
  "format": "[Gen 9 Champions] VGC 2026 Reg M-A",
  "players": [
    "thicc latina lover",
    "JuanluRR_47"
  ],
  "log": "|j|\u2606thicc latina lover\n|j|\u2606JuanluRR_47\n|t:|1776636727\n|gametype|doubles\n|player|p1|thicc latina lover|skyla|1395\n|player|p2|JuanluRR_47|worker-gen4|1337\n|gen|9\n|tier|[Gen 9 Champions] VGC 2026 Reg M-A\n|rated|\n|rule|Species Clause: Limit one of each Pok\u00e9mon\n|rule|Item Clause: Limit 1 of each item\n|clearpoke\n|poke|p1|Venusaur, L50, M, shiny|\n|poke|p1|Pelipper, L50, F, shiny|\n|poke|p1|Basculegion, L50, M|\n|poke|p1|Archaludon, L50, F|\n|poke|p1|Sneasler, L50, M|\n|poke|p1|Garchomp, L50, F|\n|poke|p2|Meganium, L50, F, shiny|\n|poke|p2|Pelipper, L50, M|\n|poke|p2|Basculegion, L50, M, shiny|\n|poke|p2|Sinistcha-Masterpiece, L50|\n|poke|p2|Archaludon, L50, F|\n|poke|p2|Sneasler, L50, M|\n|teampreview|4\n|j| TheBergentruck1\n|l| TheBergentruck1\n|inactive|Battle timer is ON: inactive players will automatically lose when time's up. (requested by JuanluRR_47)\n|\n|t:|1776636794\n|teamsize|p1|4\n|teamsize|p2|4\n|start\n|switch|p1a: Venusaur|Venusaur, L50, M, shiny|100/100\n|switch|p1b: Basculegion|Basculegion, L50, M|100/100\n|switch|p2a: Sneasler|Sneasler, L50, M|100/100\n|switch|p2b: Sinistcha|Sinistcha-Masterpiece, L50|100/100\n|turn|1\n|\n|t:|1776636814\n|switch|p1b: Sneasler|Sneasler, L50, M|100/100\n|detailschange|p1a: Venusaur|Venusaur-Mega, L50, M, shiny\n|-mega|p1a: Venusaur|Venusaur|Venusaurite\n|move|p2a: Sneasler|Fake Out|p1a: Venusaur\n|-damage|p1a: Venusaur|88/100\n|cant|p1a: Venusaur|flinch\n|move|p2b: Sinistcha|Matcha Gotcha|p1a: Venusaur|[spread] p1a,p1b\n|-resisted|p1a: Venusaur|2\n|-resisted|p1b: Sneasler|1\n|-damage|p1a: Venusaur|84/100\n|-damage|p1b: Sneasler|85/100\n|\n|upkeep\n|turn|2\n|\n|t:|1776636834\n|move|p2a: Sneasler|Protect|p2a: Sneasler\n|-singleturn|p2a: Sneasler|Protect\n|move|p1b: Sneasler|Coaching|p1a: Venusaur\n|-boost|p1a: Venusaur|atk|1\n|-boost|p1a: Venusaur|def|1\n|move|p1a: Venusaur|Leech Seed|p2a: Sneasler\n|-activate|p2a: Sneasler|move: Protect\n|move|p2b: Sinistcha|Matcha Gotcha|p1b: Sneasler|[spread] p1a,p1b\n|-resisted|p1a: Venusaur|2\n|-resisted|p1b: Sneasler|1\n|-crit|p1b: Sneasler\n|-damage|p1a: Venusaur|81/100\n|-damage|p1b: Sneasler|60/100\n|\n|upkeep\n|turn|3\n|\n|t:|1776636855\n|move|p1b: Sneasler|Coaching|p1a: Venusaur\n|-boost|p1a: Venusaur|atk|1\n|-boost|p1a: Venusaur|def|1\n|move|p2a: Sneasler|Dire Claw|p1a: Venusaur\n|-damage|p1a: Venusaur|63/100\n|move|p1a: Venusaur|Leech Seed|p2a: Sneasler\n|-start|p2a: Sneasler|move: Leech Seed\n|move|p2b: Sinistcha|Matcha Gotcha|p1a: Venusaur|[spread] p1a,p1b\n|-resisted|p1a: Venusaur|2\n|-resisted|p1b: Sneasler|1\n|-damage|p1a: Venusaur|60/100\n|-damage|p1b: Sneasler|45/100\n|\n|-damage|p2a: Sneasler|88/100|[from] Leech Seed|[of] p1a: Venusaur\n|-heal|p1a: Venusaur|70/100|[silent]\n|upkeep\n|turn|4\n|\n|t:|1776636877\n|move|p2a: Sneasler|Dire Claw|p1a: Venusaur\n|-damage|p1a: Venusaur|52/100\n|move|p1b: Sneasler|Dire Claw|p2b: Sinistcha\n|-damage|p2b: Sinistcha|65/100\n|move|p1a: Venusaur|Giga Drain|p2a: Sneasler\n|-resisted|p2a: Sneasler|1\n|-damage|p2a: Sneasler|65/100\n|-heal|p1a: Venusaur|62/100|[from] drain|[of] p2a: Sneasler\n|move|p2b: Sinistcha|Matcha Gotcha|p1b: Sneasler|[spread] p1a\n|-miss|p2b: Sinistcha|p1b: Sneasler\n|-resisted|p1a: Venusaur|2\n|-damage|p1a: Venusaur|58/100\n|-heal|p2b: Sinistcha|67/100|[from] drain|[of] p1a: Venusaur\n|\n|-damage|p2a: Sneasler|53/100|[from] Leech Seed|[of] p1a: Venusaur\n|-heal|p1a: Venusaur|68/100|[silent]\n|upkeep\n|turn|5\n|\n|t:|1776636902\n|move|p2a: Sneasler|Dire Claw|p1a: Venusaur\n|-damage|p1a: Venusaur|51/100\n|move|p1b: Sneasler|Dire Claw|p2b: Sinistcha\n|-damage|p2b: Sinistcha|28/100\n|-enditem|p2b: Sinistcha|Sitrus Berry|[eat]\n|-heal|p2b: Sinistcha|53/100|[from] item: Sitrus Berry\n|move|p1a: Venusaur|Sludge Bomb|p2b: Sinistcha\n|-damage|p2b: Sinistcha|18/100\n|move|p2b: Sinistcha|Matcha Gotcha|p1a: Venusaur|[spread] p1a\n|-miss|p2b: Sinistcha|p1b: Sneasler\n|-resisted|p1a: Venusaur|2\n|-damage|p1a: Venusaur|47/100\n|-heal|p2b: Sinistcha|21/100|[from] drain|[of] p1a: Venusaur\n|\n|-damage|p2a: Sneasler|41/100|[from] Leech Seed|[of] p1a: Venusaur\n|-heal|p1a: Venusaur|57/100|[silent]\n|upkeep\n|turn|6\n|\n|t:|1776636919\n|move|p2a: Sneasler|Protect|p2a: Sneasler\n|-singleturn|p2a: Sneasler|Protect\n|move|p1a: Venusaur|Protect|p1a: Venusaur\n|-singleturn|p1a: Venusaur|Protect\n|move|p1b: Sneasler|Coaching|p1a: Venusaur\n|-boost|p1a: Venusaur|atk|1\n|-boost|p1a: Venusaur|def|1\n|move|p2b: Sinistcha|Life Dew|p2b: Sinistcha|[spread] p2a,p2b\n|-heal|p2a: Sneasler|66/100\n|-heal|p2b: Sinistcha|46/100\n|\n|-damage|p2a: Sneasler|54/100|[from] Leech Seed|[of] p1a: Venusaur\n|-heal|p1a: Venusaur|67/100|[silent]\n|upkeep\n|turn|7\n|\n|t:|1776636934\n|move|p1b: Sneasler|Coaching|p1a: Venusaur\n|-boost|p1a: Venusaur|atk|1\n|-boost|p1a: Venusaur|def|1\n|move|p2a: Sneasler|Close Combat|p1b: Sneasler\n|-resisted|p1b: Sneasler|1\n|-damage|p1b: Sneasler|0 fnt\n|-unboost|p2a: Sneasler|def|1\n|-unboost|p2a: Sneasler|spd|1\n|faint|p1b: Sneasler\n|move|p1a: Venusaur|Sludge Bomb|p2b: Sinistcha\n|-damage|p2b: Sinistcha|12/100\n|move|p2b: Sinistcha|Matcha Gotcha|p1a: Venusaur\n|-resisted|p1a: Venusaur|2\n|-damage|p1a: Venusaur|62/100\n|-heal|p2b: Sinistcha|15/100|[from] drain|[of] p1a: Venusaur\n|\n|-damage|p2a: Sneasler|42/100|[from] Leech Seed|[of] p1a: Venusaur\n|-heal|p1a: Venusaur|72/100|[silent]\n|upkeep\n|\n|t:|1776636939\n|switch|p1b: Basculegion|Basculegion, L50, M|100/100\n|turn|8\n|\n|t:|1776636954\n|move|p1b: Basculegion|Last Respects|p2a: Sneasler\n|-crit|p2a: Sneasler\n|-damage|p2a: Sneasler|0 fnt\n|faint|p2a: Sneasler\n|move|p1a: Venusaur|Sludge Bomb|p2b: Sinistcha\n|-damage|p2b: Sinistcha|0 fnt\n|faint|p2b: Sinistcha\n|\n|upkeep\n|\n|t:|1776636957\n|switch|p2a: Archaludon|Archaludon, L50, F|100/100\n|switch|p2b: Basculegion|Basculegion, L50, M, shiny|100/100\n|turn|9\n|\n|t:|1776636969\n|move|p1b: Basculegion|Last Respects|p2b: Basculegion\n|-supereffective|p2b: Basculegion|1\n|-damage|p2b: Basculegion|0 fnt\n|faint|p2b: Basculegion\n|move|p2a: Archaludon|Dragon Pulse|p1a: Venusaur\n|-damage|p1a: Venusaur|46/100\n|move|p1a: Venusaur|Leech Seed|p2a: Archaludon\n|-start|p2a: Archaludon|move: Leech Seed\n|\n|-damage|p2a: Archaludon|88/100|[from] Leech Seed|[of] p1a: Venusaur\n|-heal|p1a: Venusaur|59/100|[silent]\n|upkeep\n|turn|10\n|-message|JuanluRR_47 forfeited.\n|\n|win|thicc latina lover\n|raw|thicc latina lover's rating: 1395 &rarr; <strong>1412</strong><br />(+17 for winning)\n|raw|JuanluRR_47's rating: 1337 &rarr; <strong>1320</strong><br />(-17 for losing)\n",
  "uploadtime": 1776636982,
  "views": 11,
  "formatid": "gen9championsvgc2026regma",
  "rating": 1320,
  "private": 0,
  "password": null
}