{
  "id": "gen9championsvgc2026regma-2581860532",
  "format": "[Gen 9 Champions] VGC 2026 Reg M-A",
  "players": [
    "Wilfredistall",
    "injuryreserv3"
  ],
  "log": "|j|\u2606Wilfredistall\n|j|\u2606injuryreserv3\n|t:|1776034471\n|gametype|doubles\n|player|p1|Wilfredistall|169|1275\n|player|p2|injuryreserv3|sabrina|1279\n|gen|9\n|tier|[Gen 9 Champions] VGC 2026 Reg M-A\n|rated|\n|rule|Species Clause: Limit one of each Pok\u00e9mon\n|rule|Item Clause: Limit 1 of each item\n|clearpoke\n|poke|p1|Palafin, L50, M|\n|poke|p1|Arcanine, L50, M|\n|poke|p1|Sinistcha, L50|\n|poke|p1|Sylveon, L50, F|\n|poke|p1|Aggron, L50, F|\n|poke|p1|Drampa, L50, M|\n|poke|p2|Whimsicott, L50, M|\n|poke|p2|Charizard, L50, M|\n|poke|p2|Sneasler, L50, F|\n|poke|p2|Basculegion, L50, M|\n|poke|p2|Floette-Eternal, L50, F|\n|poke|p2|Incineroar, L50, M|\n|teampreview|4\n|inactive|Battle timer is ON: inactive players will automatically lose when time's up. (requested by injuryreserv3)\n|\n|t:|1776034513\n|teamsize|p1|4\n|teamsize|p2|4\n|start\n|switch|p1a: Arcanine|Arcanine, L50, M|100/100\n|switch|p1b: Palafin|Palafin, L50, M|100/100\n|switch|p2a: Floette|Floette-Eternal, L50, F|100/100\n|switch|p2b: Sneasler|Sneasler, L50, F|100/100\n|-ability|p1a: Arcanine|Intimidate|boost\n|-unboost|p2a: Floette|atk|1\n|-unboost|p2b: Sneasler|atk|1\n|-enditem|p2b: Sneasler|White Herb\n|-clearnegativeboost|p2b: Sneasler|[silent]\n|turn|1\n|j| wuhyun\n|l| wuhyun\n|inactive|injuryreserv3 has 30 seconds left.\n|inactive|injuryreserv3 has 20 seconds left.\n|\n|t:|1776034549\n|detailschange|p2a: Floette|Floette-Mega, L50, F\n|-mega|p2a: Floette|Floette|Floettite\n|-ability|p2a: Floette|Fairy Aura\n|move|p2b: Sneasler|Fake Out|p1b: Palafin\n|-damage|p1b: Palafin|79/100\n|move|p2a: Floette|Calm Mind|p2a: Floette\n|-boost|p2a: Floette|spa|1\n|-boost|p2a: Floette|spd|1\n|cant|p1b: Palafin|flinch\n|move|p1a: Arcanine|Flare Blitz|p2a: Floette\n|-damage|p2a: Floette|30/100\n|-damage|p1a: Arcanine|82/100|[from] Recoil\n|\n|upkeep\n|turn|2\n|inactive|injuryreserv3 has 30 seconds left.\n|\n|t:|1776034578\n|move|p1a: Arcanine|Extreme Speed|p2a: Floette\n|-damage|p2a: Floette|0 fnt\n|faint|p2a: Floette\n|move|p2b: Sneasler|Close Combat|p1a: Arcanine\n|-damage|p1a: Arcanine|2/100\n|-unboost|p2b: Sneasler|def|1\n|-unboost|p2b: Sneasler|spd|1\n|-enditem|p1a: Arcanine|Sitrus Berry|[eat]\n|-heal|p1a: Arcanine|26/100|[from] item: Sitrus Berry\n|move|p1b: Palafin|Flip Turn|p2b: Sneasler\n|-damage|p2b: Sneasler|39/100\n|\n|t:|1776034592\n|detailschange|p1b: Palafin|Palafin-Hero, L50, M\n|switch|p1b: Sylveon|Sylveon, L50, F|100/100|[from] Flip Turn\n|\n|upkeep\n|\n|t:|1776034600\n|switch|p2a: Incineroar|Incineroar, L50, M|100/100\n|-ability|p2a: Incineroar|Intimidate|boost\n|-unboost|p1a: Arcanine|atk|1\n|-unboost|p1b: Sylveon|atk|1\n|turn|3\n|\n|t:|1776034608\n|move|p1a: Arcanine|Protect|p1a: Arcanine\n|-singleturn|p1a: Arcanine|Protect\n|move|p1b: Sylveon|Protect|p1b: Sylveon\n|-singleturn|p1b: Sylveon|Protect\n|move|p2a: Incineroar|Fake Out|p1a: Arcanine\n|-activate|p1a: Arcanine|move: Protect\n|move|p2b: Sneasler|Dire Claw|p1b: Sylveon\n|-activate|p1b: Sylveon|move: Protect\n|\n|upkeep\n|turn|4\n|\n|t:|1776034622\n|switch|p1b: Aggron|Aggron, L50, F|100/100\n|move|p1a: Arcanine|Extreme Speed|p2b: Sneasler\n|-damage|p2b: Sneasler|2/100\n|move|p2b: Sneasler|Dire Claw|p1a: Arcanine\n|-damage|p1a: Arcanine|0 fnt\n|faint|p1a: Arcanine\n|move|p2a: Incineroar|Flare Blitz|p1b: Aggron\n|-damage|p1b: Aggron|74/100\n|-status|p1b: Aggron|brn\n|-damage|p2a: Incineroar|93/100|[from] Recoil\n|\n|-heal|p2a: Incineroar|99/100|[from] item: Leftovers\n|-damage|p1b: Aggron|68/100 brn|[from] brn\n|upkeep\n|\n|t:|1776034631\n|switch|p1a: Palafin|Palafin-Hero, L50, M|79/100\n|-activate|p1a: Palafin|ability: Zero to Hero\n|turn|5\n|inactive|injuryreserv3 has 30 seconds left.\n|inactive|injuryreserv3 has 20 seconds left.\n|inactive|injuryreserv3 has 15 seconds left.\n|inactive|injuryreserv3 has 10 seconds left.\n|\n|t:|1776034679\n|detailschange|p1b: Aggron|Aggron-Mega, L50, F\n|-mega|p1b: Aggron|Aggron|Aggronite\n|move|p1a: Palafin|Protect|p1a: Palafin\n|-singleturn|p1a: Palafin|Protect\n|move|p2b: Sneasler|Close Combat|p1a: Palafin\n|-activate|p1a: Palafin|move: Protect\n|move|p2a: Incineroar|Flare Blitz|p1b: Aggron\n|-supereffective|p1b: Aggron|1\n|-damage|p1b: Aggron|38/100 brn\n|-damage|p2a: Incineroar|91/100|[from] Recoil\n|move|p1b: Aggron|Body Press|p2a: Incineroar\n|-supereffective|p2a: Incineroar|1\n|-damage|p2a: Incineroar|54/100\n|\n|-heal|p2a: Incineroar|60/100|[from] item: Leftovers\n|-damage|p1b: Aggron|32/100 brn|[from] brn\n|upkeep\n|turn|6\n|\n|t:|1776034699\n|move|p1a: Palafin|Jet Punch|p2b: Sneasler\n|-damage|p2b: Sneasler|0 fnt\n|faint|p2b: Sneasler\n|move|p2a: Incineroar|Flare Blitz|p1b: Aggron\n|-supereffective|p1b: Aggron|1\n|-damage|p1b: Aggron|0 fnt\n|faint|p1b: Aggron\n|-damage|p2a: Incineroar|51/100|[from] Recoil\n|\n|-heal|p2a: Incineroar|57/100|[from] item: Leftovers\n|upkeep\n|\n|t:|1776034717\n|switch|p2b: Basculegion|Basculegion, L50, M|100/100\n|switch|p1b: Sylveon|Sylveon, L50, F|100/100\n|turn|7\n|\n|t:|1776034730\n|move|p1b: Sylveon|Protect|p1b: Sylveon\n|-singleturn|p1b: Sylveon|Protect\n|move|p2a: Incineroar|Protect|p2a: Incineroar\n|-singleturn|p2a: Incineroar|Protect\n|move|p1a: Palafin|Jet Punch|p2a: Incineroar\n|-activate|p2a: Incineroar|move: Protect\n|move|p2b: Basculegion|Last Respects|p1a: Palafin\n|-damage|p1a: Palafin|0 fnt\n|faint|p1a: Palafin\n|\n|-heal|p2a: Incineroar|63/100|[from] item: Leftovers\n|upkeep\n|turn|8\n|-message|Wilfredistall forfeited.\n|\n|win|injuryreserv3\n|raw|Wilfredistall's rating: 1275 &rarr; <strong>1250</strong><br />(-25 for losing)\n|raw|injuryreserv3's rating: 1279 &rarr; <strong>1304</strong><br />(+25 for winning)\n|l|\u2606Wilfredistall\n|player|p1|\n",
  "uploadtime": 1776034744,
  "views": 30,
  "formatid": "gen9championsvgc2026regma",
  "rating": 1250,
  "private": 0,
  "password": null
}