{
  "id": "gen9championsvgc2026regma-2587614866",
  "format": "[Gen 9 Champions] VGC 2026 Reg M-A",
  "players": [
    "RedDrag",
    "Elite Fource"
  ],
  "log": "|j|\u2606RedDrag\n|j|\u2606Elite Fource\n|t:|1776547147\n|gametype|doubles\n|player|p1|RedDrag|red|1043\n|player|p2|Elite Fource|infielder|1054\n|gen|9\n|tier|[Gen 9 Champions] VGC 2026 Reg M-A\n|rated|\n|rule|Species Clause: Limit one of each Pok\u00e9mon\n|rule|Item Clause: Limit 1 of each item\n|clearpoke\n|poke|p1|Feraligatr, L50, M, shiny|\n|poke|p1|Aerodactyl, L50, M, shiny|\n|poke|p1|Incineroar, L50, F, shiny|\n|poke|p1|Froslass, L50, F, shiny|\n|poke|p1|Sinistcha-Masterpiece, L50, shiny|\n|poke|p1|Rotom-Frost, L50, shiny|\n|poke|p2|Greninja, L50, M|\n|poke|p2|Mr. Rime, L50, M|\n|poke|p2|Victreebel, L50, M, shiny|\n|poke|p2|Flareon, L50, F|\n|poke|p2|Pinsir, L50, M, shiny|\n|poke|p2|Zoroark-Hisui, L50, M|\n|teampreview|4\n|inactive|Battle timer is ON: inactive players will automatically lose when time's up. (requested by Elite Fource)\n|inactive|RedDrag has 60 seconds left.\n|\n|t:|1776547200\n|teamsize|p1|4\n|teamsize|p2|4\n|start\n|switch|p1a: Aerodactyl|Aerodactyl, L50, M, shiny|100/100\n|switch|p1b: Feraligatr|Feraligatr, L50, M, shiny|100/100\n|switch|p2a: In the courtyard|Greninja, L50, M|100/100\n|switch|p2b: No plan|Mr. Rime, L50, M|100/100\n|-ability|p1a: Aerodactyl|Unnerve\n|turn|1\n|inactive|RedDrag has 30 seconds left.\n|inactive|Elite Fource has 30 seconds left.\n|inactive|Elite Fource has 20 seconds left.\n|\n|t:|1776547237\n|detailschange|p1b: Feraligatr|Feraligatr-Mega, L50, M, shiny\n|-mega|p1b: Feraligatr|Feraligatr|Feraligite\n|move|p2b: No plan|Freeze-Dry|p1b: Feraligatr\n|-supereffective|p1b: Feraligatr|2\n|-damage|p1b: Feraligatr|0 fnt\n|faint|p1b: Feraligatr\n|move|p1a: Aerodactyl|Rock Slide|p2b: No plan|[spread] p2b\n|-miss|p1a: Aerodactyl|p2a: In the courtyard\n|-supereffective|p2b: No plan|1\n|-damage|p2b: No plan|23/100\n|move|p2a: In the courtyard|Liquidation|p1a: Aerodactyl\n|-start|p2a: In the courtyard|typechange|Water|[from] ability: Protean\n|-supereffective|p1a: Aerodactyl|1\n|-enditem|p1a: Aerodactyl|Focus Sash\n|-damage|p1a: Aerodactyl|1/100\n|-unboost|p1a: Aerodactyl|def|1\n|\n|upkeep\n|\n|t:|1776547258\n|switch|p1b: Incineroar|Incineroar, L50, F, shiny|100/100\n|-ability|p1b: Incineroar|Intimidate|boost\n|-unboost|p2a: In the courtyard|atk|1\n|-unboost|p2b: No plan|atk|1\n|turn|2\n|\n|t:|1776547270\n|move|p2a: In the courtyard|Upper Hand|p1b: Incineroar\n|-supereffective|p1b: Incineroar|1\n|-crit|p1b: Incineroar\n|-enditem|p1b: Incineroar|Chople Berry|[eat]\n|-enditem|p1b: Incineroar|Chople Berry|[weaken]\n|-damage|p1b: Incineroar|67/100\n|cant|p1b: Incineroar|flinch\n|move|p2b: No plan|Freeze-Dry|p1a: Aerodactyl\n|-supereffective|p1a: Aerodactyl|1\n|-damage|p1a: Aerodactyl|0 fnt\n|faint|p1a: Aerodactyl\n|\n|upkeep\n|\n|t:|1776547281\n|switch|p1a: Sinistcha|Sinistcha-Masterpiece, L50, shiny|100/100\n|-heal|p1b: Incineroar|92/100|[from] ability: Hospitality|[of] p1a: Sinistcha\n|turn|3\n|\n|t:|1776547295\n|switch|p2b: No plan 2|Flareon, L50, F|100/100\n|move|p2a: In the courtyard|U-turn|p1b: Incineroar\n|-damage|p1b: Incineroar|77/100\n|\n|t:|1776547303\n|switch|p2a: No plan|Mr. Rime, L50, M|23/100|[from] U-turn\n|move|p1a: Sinistcha|Matcha Gotcha|p2b: No plan 2|[spread] p2a\n|-miss|p1a: Sinistcha|p2b: No plan 2\n|-damage|p2a: No plan|0 fnt\n|faint|p2a: No plan\n|move|p1b: Incineroar|Flare Blitz|p2b: No plan 2\n|-start|p2b: No plan 2|ability: Flash Fire\n|\n|upkeep\n|\n|t:|1776547312\n|switch|p2a: Spoils Bag|Victreebel, L50, M, shiny|100/100\n|turn|4\n|\n|t:|1776547322\n|detailschange|p2a: Spoils Bag|Victreebel-Mega, L50, M, shiny\n|-mega|p2a: Spoils Bag|Victreebel|Victreebelite\n|move|p2a: Spoils Bag|Sludge Bomb|p1a: Sinistcha\n|-damage|p1a: Sinistcha|43/100\n|move|p1a: Sinistcha|Matcha Gotcha|p2b: No plan 2|[spread] p2a,p2b\n|-resisted|p2a: Spoils Bag|2\n|-resisted|p2b: No plan 2|1\n|-damage|p2a: Spoils Bag|95/100\n|-heal|p1a: Sinistcha|46/100|[from] drain|[of] p2a: Spoils Bag\n|-damage|p2b: No plan 2|92/100\n|-heal|p1a: Sinistcha|50/100|[from] drain|[of] p2b: No plan 2\n|move|p2b: No plan 2|Flame Charge|p1a: Sinistcha\n|-supereffective|p1a: Sinistcha|1\n|-damage|p1a: Sinistcha|6/100\n|-boost|p2b: No plan 2|spe|1\n|move|p1b: Incineroar|Flare Blitz|p2a: Spoils Bag\n|-supereffective|p2a: Spoils Bag|1\n|-damage|p2a: Spoils Bag|0 fnt\n|-damage|p1b: Incineroar|0 fnt|[from] ability: Innards Out|[of] p2a: Spoils Bag\n|faint|p2a: Spoils Bag\n|faint|p1b: Incineroar\n|\n|-heal|p2b: No plan 2|98/100|[from] item: Leftovers\n|-heal|p1a: Sinistcha|12/100|[from] item: Leftovers\n|upkeep\n|c|\u2606Elite Fource|gg\n|\n|t:|1776547345\n|switch|p2a: In the courtyard|Greninja, L50, M|100/100\n|turn|5\n|\n|t:|1776547350\n|move|p2a: In the courtyard|U-turn|p1a: Sinistcha\n|-start|p2a: In the courtyard|typechange|Bug|[from] ability: Protean\n|-damage|p1a: Sinistcha|0 fnt\n|faint|p1a: Sinistcha\n|\n|win|Elite Fource\n|raw|RedDrag's rating: 1043 &rarr; <strong>1027</strong><br />(-16 for losing)\n|raw|Elite Fource's rating: 1054 &rarr; <strong>1085</strong><br />(+31 for winning)\n|l|\u2606RedDrag\n|player|p1|\n",
  "uploadtime": 1776547400,
  "views": 11,
  "formatid": "gen9championsvgc2026regma",
  "rating": 1027,
  "private": 0,
  "password": null
}