{
  "id": "gen9championsvgc2026regma-2587802381",
  "format": "[Gen 9 Champions] VGC 2026 Reg M-A",
  "players": [
    "Jhhbnjiuy",
    "arneslotvgc"
  ],
  "log": "|j|\u2606Jhhbnjiuy\n|j|\u2606arneslotvgc\n|t:|1776565493\n|gametype|doubles\n|player|p1|Jhhbnjiuy|265|1319\n|player|p2|arneslotvgc|1|1244\n|gen|9\n|tier|[Gen 9 Champions] VGC 2026 Reg M-A\n|rated|\n|rule|Species Clause: Limit one of each Pok\u00e9mon\n|rule|Item Clause: Limit 1 of each item\n|clearpoke\n|poke|p1|Aerodactyl, L50, F|\n|poke|p1|Incineroar, L50, M|\n|poke|p1|Charizard, L50, M|\n|poke|p1|Garchomp, L50, M|\n|poke|p1|Dragonite, L50, F|\n|poke|p1|Basculegion, L50, M|\n|poke|p2|Aggron, L50, M|\n|poke|p2|Pelipper, L50, M|\n|poke|p2|Archaludon, L50, M|\n|poke|p2|Sinistcha-Masterpiece, L50|\n|poke|p2|Sableye, L50, M|\n|poke|p2|Sneasler, L50, F|\n|teampreview|4\n|inactive|Battle timer is ON: inactive players will automatically lose when time's up. (requested by arneslotvgc)\n|\n|t:|1776565519\n|teamsize|p1|4\n|teamsize|p2|4\n|start\n|switch|p1a: Basculegion|Basculegion, L50, M|100/100\n|switch|p1b: Incineroar|Incineroar, L50, M|100/100\n|switch|p2a: Sableye|Sableye, L50, M|100/100\n|switch|p2b: Archaludon|Archaludon, L50, M|100/100\n|-ability|p1b: Incineroar|Intimidate|boost\n|-unboost|p2a: Sableye|atk|1\n|-unboost|p2b: Archaludon|atk|1\n|turn|1\n|inactive|arneslotvgc has 30 seconds left.\n|\n|t:|1776565549\n|move|p2b: Archaludon|Protect|p2b: Archaludon\n|-singleturn|p2b: Archaludon|Protect\n|move|p2a: Sableye|Will-O-Wisp|p1a: Basculegion\n|-status|p1a: Basculegion|brn\n|move|p1a: Basculegion|Wave Crash|p2a: Sableye\n|-damage|p2a: Sableye|59/100\n|-damage|p1a: Basculegion|93/100 brn|[from] Recoil\n|move|p1b: Incineroar|Flare Blitz|p2a: Sableye\n|-damage|p2a: Sableye|0 fnt\n|faint|p2a: Sableye\n|-damage|p1b: Incineroar|89/100|[from] Recoil\n|\n|-heal|p1b: Incineroar|95/100|[from] item: Leftovers\n|-damage|p1a: Basculegion|87/100 brn|[from] brn\n|upkeep\n|\n|t:|1776565560\n|switch|p2a: Aggron|Aggron, L50, M|100/100\n|turn|2\n|\n|t:|1776565573\n|detailschange|p2a: Aggron|Aggron-Mega, L50, M\n|-mega|p2a: Aggron|Aggron|Aggronite\n|move|p1a: Basculegion|Wave Crash|p2a: Aggron\n|-damage|p2a: Aggron|83/100\n|-damage|p1a: Basculegion|82/100 brn|[from] Recoil\n|move|p2b: Archaludon|Electro Shot||[still]\n|-prepare|p2b: Archaludon|Electro Shot\n|-boost|p2b: Archaludon|spa|1\n|move|p1b: Incineroar|Parting Shot|p2a: Aggron\n|-unboost|p2a: Aggron|atk|1\n|-unboost|p2a: Aggron|spa|1\n|\n|t:|1776565592\n|switch|p1b: Dragonite|Dragonite, L50, F|100/100|[from] Parting Shot\n|move|p2a: Aggron|Body Press|p1b: Dragonite\n|-resisted|p1b: Dragonite|1\n|-damage|p1b: Dragonite|90/100\n|\n|-damage|p1a: Basculegion|76/100 brn|[from] brn\n|upkeep\n|turn|3\n|\n|t:|1776565613\n|move|p1b: Dragonite|Fire Blast|p2a: Aggron\n|-supereffective|p2a: Aggron|1\n|-damage|p2a: Aggron|46/100\n|move|p1a: Basculegion|Wave Crash|p2a: Aggron\n|-crit|p2a: Aggron\n|-damage|p2a: Aggron|21/100\n|-damage|p1a: Basculegion|70/100 brn|[from] Recoil\n|move|p2b: Archaludon|Electro Shot|p1a: Basculegion|[from] lockedmove\n|-supereffective|p1a: Basculegion|1\n|-damage|p1a: Basculegion|0 fnt\n|faint|p1a: Basculegion\n|move|p2a: Aggron|Iron Defense|p2a: Aggron\n|-boost|p2a: Aggron|def|2\n|\n|upkeep\n|\n|t:|1776565629\n|switch|p1a: Incineroar|Incineroar, L50, M|95/100\n|-ability|p1a: Incineroar|Intimidate|boost\n|-unboost|p2a: Aggron|atk|1\n|-unboost|p2b: Archaludon|atk|1\n|turn|4\n|\n|t:|1776565644\n|move|p2b: Archaludon|Protect|p2b: Archaludon\n|-singleturn|p2b: Archaludon|Protect\n|move|p2a: Aggron|Protect|p2a: Aggron\n|-singleturn|p2a: Aggron|Protect\n|move|p1b: Dragonite|Draco Meteor|p2b: Archaludon\n|-activate|p2b: Archaludon|move: Protect\n|move|p1a: Incineroar|Flare Blitz|p2a: Aggron\n|-activate|p2a: Aggron|move: Protect\n|\n|-heal|p1a: Incineroar|100/100|[from] item: Leftovers\n|upkeep\n|turn|5\n|\n|t:|1776565654\n|move|p1b: Dragonite|Draco Meteor|p2b: Archaludon\n|-damage|p2b: Archaludon|31/100\n|-unboost|p1b: Dragonite|spa|2\n|-ability|p2b: Archaludon|Stamina|boost\n|-boost|p2b: Archaludon|def|1\n|move|p2b: Archaludon|Draco Meteor|p1b: Dragonite\n|-supereffective|p1b: Dragonite|1\n|-damage|p1b: Dragonite|0 fnt\n|-unboost|p2b: Archaludon|spa|2\n|faint|p1b: Dragonite\n|move|p1a: Incineroar|Flare Blitz|p2a: Aggron\n|-supereffective|p2a: Aggron|1\n|-damage|p2a: Aggron|4/100\n|-damage|p1a: Incineroar|96/100|[from] Recoil\n|move|p2a: Aggron|Body Press|p1a: Incineroar\n|-supereffective|p1a: Incineroar|1\n|-damage|p1a: Incineroar|0 fnt\n|faint|p1a: Incineroar\n|\n|upkeep\n|\n|t:|1776565665\n|switch|p1b: Charizard|Charizard, L50, M|100/100\n|turn|6\n|\n|t:|1776565672\n|detailschange|p1b: Charizard|Charizard-Mega-Y, L50, M\n|-mega|p1b: Charizard|Charizard|Charizardite Y\n|-weather|SunnyDay|[from] ability: Drought|[of] p1b: Charizard\n|move|p2b: Archaludon|Protect|p2b: Archaludon\n|-singleturn|p2b: Archaludon|Protect\n|move|p1b: Charizard|Heat Wave|p2b: Archaludon|[spread] p2a\n|-activate|p2b: Archaludon|move: Protect\n|-supereffective|p2a: Aggron|1\n|-crit|p2a: Aggron\n|-damage|p2a: Aggron|0 fnt\n|faint|p2a: Aggron\n|\n|-weather|SunnyDay|[upkeep]\n|upkeep\n|\n|t:|1776565679\n|switch|p2a: Pelipper|Pelipper, L50, M|100/100\n|-weather|RainDance|[from] ability: Drizzle|[of] p2a: Pelipper\n|turn|7\n|\n|t:|1776565685\n|move|p1b: Charizard|Air Slash|p2a: Pelipper\n|-damage|p2a: Pelipper|32/100\n|move|p2b: Archaludon|Electro Shot||[still]\n|-prepare|p2b: Archaludon|Electro Shot\n|-boost|p2b: Archaludon|spa|1\n|-anim|p2b: Archaludon|Electro Shot|p1b: Charizard\n|-supereffective|p1b: Charizard|1\n|-damage|p1b: Charizard|0 fnt\n|faint|p1b: Charizard\n|\n|win|arneslotvgc\n|raw|Jhhbnjiuy's rating: 1319 &rarr; <strong>1295</strong><br />(-24 for losing)\n|raw|arneslotvgc's rating: 1244 &rarr; <strong>1274</strong><br />(+30 for winning)\n|l|\u2606Jhhbnjiuy\n|player|p1|\n",
  "uploadtime": 1776565695,
  "views": 14,
  "formatid": "gen9championsvgc2026regma",
  "rating": 1274,
  "private": 0,
  "password": null
}