{
  "id": "gen9championsvgc2026regma-2587999204",
  "format": "[Gen 9 Champions] VGC 2026 Reg M-A",
  "players": [
    "TwiLITEskies",
    "straydog320"
  ],
  "log": "|j|\u2606TwiLITEskies\n|j|\u2606straydog320\n|t:|1776590904\n|gametype|doubles\n|player|p1|TwiLITEskies|2|1005\n|player|p2|straydog320|petrel|1031\n|gen|9\n|tier|[Gen 9 Champions] VGC 2026 Reg M-A\n|rated|\n|rule|Species Clause: Limit one of each Pok\u00e9mon\n|rule|Item Clause: Limit 1 of each item\n|clearpoke\n|poke|p1|Beedrill, L50, M|\n|poke|p1|Aerodactyl, L50, F|\n|poke|p1|Kingambit, L50, F|\n|poke|p1|Jolteon, L50, F|\n|poke|p1|Lucario, L50, M|\n|poke|p1|Florges, L50, F|\n|poke|p2|Scovillain, L50, F|\n|poke|p2|Aerodactyl, L50, M|\n|poke|p2|Aegislash, L50, M|\n|poke|p2|Gyarados, L50, M|\n|poke|p2|Mamoswine, L50, F|\n|poke|p2|Ninetales-Alola, L50, M|\n|teampreview|4\n|inactive|Battle timer is ON: inactive players will automatically lose when time's up. (requested by straydog320)\n|inactive|straydog320 has 60 seconds left.\n|\n|t:|1776590962\n|teamsize|p1|4\n|teamsize|p2|4\n|start\n|switch|p1a: Aerodactyl|Aerodactyl, L50, F|100/100\n|switch|p1b: Lucario|Lucario, L50, M|100/100\n|switch|p2a: Scovillain|Scovillain, L50, F|100/100\n|switch|p2b: Aerodactyl|Aerodactyl, L50, M|100/100\n|-ability|p2b: Aerodactyl|Unnerve\n|turn|1\n|inactive|straydog320 has 30 seconds left.\n|\n|t:|1776590987\n|move|p2a: Scovillain|Protect|p2a: Scovillain\n|-singleturn|p2a: Scovillain|Protect\n|move|p1a: Aerodactyl|Rock Slide|p2b: Aerodactyl|[spread] \n|-activate|p2a: Scovillain|move: Protect\n|-miss|p1a: Aerodactyl|p2b: Aerodactyl\n|move|p2b: Aerodactyl|Rock Slide|p1b: Lucario|[spread] p1a,p1b\n|-supereffective|p1a: Aerodactyl|1\n|-resisted|p1b: Lucario|2\n|-damage|p1a: Aerodactyl|15/100\n|-damage|p1b: Lucario|90/100\n|move|p1b: Lucario|Aura Sphere|p2a: Scovillain\n|-activate|p2a: Scovillain|move: Protect\n|\n|-ability|p2a: Scovillain|Moody|boost\n|-boost|p2a: Scovillain|spd|2\n|-unboost|p2a: Scovillain|spe|1\n|upkeep\n|turn|2\n|\n|t:|1776591011\n|detailschange|p2a: Scovillain|Scovillain-Mega, L50, F\n|-mega|p2a: Scovillain|Scovillain|Scovillainite\n|move|p2b: Aerodactyl|Protect|p2b: Aerodactyl\n|-singleturn|p2b: Aerodactyl|Protect\n|move|p1a: Aerodactyl|Rock Slide|p2a: Scovillain|[spread] p2a\n|-activate|p2b: Aerodactyl|move: Protect\n|-supereffective|p2a: Scovillain|1\n|-damage|p2a: Scovillain|38/100\n|-status|p1a: Aerodactyl|brn|[from] ability: Spicy Spray|[of] p2a: Scovillain\n|move|p1b: Lucario|Flash Cannon|p2b: Aerodactyl\n|-activate|p2b: Aerodactyl|move: Protect\n|move|p2a: Scovillain|Overheat|p1b: Lucario\n|-supereffective|p1b: Lucario|1\n|-damage|p1b: Lucario|0 fnt\n|-unboost|p2a: Scovillain|spa|2\n|faint|p1b: Lucario\n|\n|-damage|p1a: Aerodactyl|9/100 brn|[from] brn\n|upkeep\n|\n|t:|1776591034\n|switch|p1b: Kingambit|Kingambit, L50, F|100/100\n|turn|3\n|\n|t:|1776591042\n|move|p1b: Kingambit|Sucker Punch||[still]\n|-fail|p1b: Kingambit\n|move|p2b: Aerodactyl|Tailwind|p2b: Aerodactyl\n|-sidestart|p2: straydog320|move: Tailwind\n|move|p1a: Aerodactyl|Rock Slide|p2a: Scovillain|[spread] p2a,p2b\n|-supereffective|p2a: Scovillain|1\n|-supereffective|p2b: Aerodactyl|1\n|-damage|p2a: Scovillain|4/100\n|-damage|p2b: Aerodactyl|60/100\n|move|p2a: Scovillain|Leech Seed|p1b: Kingambit\n|-start|p1b: Kingambit|move: Leech Seed\n|\n|-damage|p1b: Kingambit|88/100|[from] Leech Seed|[of] p2a: Scovillain\n|-heal|p2a: Scovillain|17/100|[silent]\n|-damage|p1a: Aerodactyl|4/100 brn|[from] brn\n|upkeep\n|turn|4\n|\n|t:|1776591065\n|switch|p2b: Mamoswine|Mamoswine, L50, F|100/100\n|move|p2a: Scovillain|Protect|p2a: Scovillain\n|-singleturn|p2a: Scovillain|Protect\n|move|p1b: Kingambit|Sucker Punch||[still]\n|-fail|p1b: Kingambit\n|move|p1a: Aerodactyl|Rock Slide|p2b: Mamoswine|[spread] p2b\n|-activate|p2a: Scovillain|move: Protect\n|-damage|p2b: Mamoswine|88/100\n|\n|-damage|p1b: Kingambit|76/100|[from] Leech Seed|[of] p2a: Scovillain\n|-heal|p2a: Scovillain|30/100|[silent]\n|-damage|p1a: Aerodactyl|0 fnt|[from] brn\n|faint|p1a: Aerodactyl\n|upkeep\n|\n|t:|1776591070\n|switch|p1a: i lost|Beedrill, L50, M|100/100\n|turn|5\n|\n|t:|1776591091\n|detailschange|p1a: i lost|Beedrill-Mega, L50, M\n|-mega|p1a: i lost|Beedrill|Beedrillite\n|move|p1a: i lost|Protect|p1a: i lost\n|-singleturn|p1a: i lost|Protect\n|move|p2b: Mamoswine|Protect|p2b: Mamoswine\n|-singleturn|p2b: Mamoswine|Protect\n|move|p2a: Scovillain|Leech Seed|p1a: i lost\n|-activate|p1a: i lost|move: Protect\n|move|p1b: Kingambit|Kowtow Cleave|p2a: Scovillain\n|-damage|p2a: Scovillain|0 fnt\n|-status|p1b: Kingambit|brn|[from] ability: Spicy Spray|[of] p2a: Scovillain\n|faint|p2a: Scovillain\n|\n|-damage|p1b: Kingambit|71/100 brn|[from] brn\n|upkeep\n|\n|t:|1776591108\n|switch|p2a: Ninetales|Ninetales-Alola, L50, M|100/100\n|-weather|Snowscape|[from] ability: Snow Warning|[of] p2a: Ninetales\n|turn|6\n|\n|t:|1776591126\n|move|p2a: Ninetales|Aurora Veil|p2a: Ninetales\n|-sidestart|p2: straydog320|move: Aurora Veil\n|move|p1a: i lost|Poison Jab|p2a: Ninetales\n|-supereffective|p2a: Ninetales|1\n|-damage|p2a: Ninetales|10/100\n|move|p2b: Mamoswine|Icicle Crash|p1a: i lost\n|-damage|p1a: i lost|0 fnt\n|faint|p1a: i lost\n|move|p1b: Kingambit|Iron Head|p2b: Mamoswine\n|-supereffective|p2b: Mamoswine|1\n|-damage|p2b: Mamoswine|68/100\n|\n|-weather|Snowscape|[upkeep]\n|-damage|p1b: Kingambit|59/100 brn|[from] Leech Seed|[of] p2a: Ninetales\n|-heal|p2a: Ninetales|24/100|[silent]\n|-damage|p1b: Kingambit|53/100 brn|[from] brn\n|-sideend|p2: straydog320|move: Tailwind\n|upkeep\n|turn|7\n|-message|TwiLITEskies forfeited.\n|\n|win|straydog320\n|raw|TwiLITEskies's rating: 1005 &rarr; <strong>1000</strong><br />(-5 for losing)\n|raw|straydog320's rating: 1031 &rarr; <strong>1064</strong><br />(+33 for winning)\n|l|\u2606TwiLITEskies\n|player|p1|\n",
  "uploadtime": 1776591147,
  "views": 16,
  "formatid": "gen9championsvgc2026regma",
  "rating": 1000,
  "private": 0,
  "password": null
}