{
  "id": "gen9championsvgc2026regma-2581903345",
  "format": "[Gen 9 Champions] VGC 2026 Reg M-A",
  "players": [
    "1sttimeshitter",
    "ParadoxPerry"
  ],
  "log": "|j|\u26061sttimeshitter\n|j|\u2606ParadoxPerry\n|t:|1776038300\n|gametype|doubles\n|player|p1|1sttimeshitter|miku-fire|1205\n|player|p2|ParadoxPerry|guitarist|1274\n|gen|9\n|tier|[Gen 9 Champions] VGC 2026 Reg M-A\n|rated|\n|rule|Species Clause: Limit one of each Pok\u00e9mon\n|rule|Item Clause: Limit 1 of each item\n|clearpoke\n|poke|p1|Victreebel, L50, M|\n|poke|p1|Torkoal, L50, F|\n|poke|p1|Kingambit, L50, M|\n|poke|p1|Farigiraf, L50, F|\n|poke|p1|Orthworm, L50, F|\n|poke|p1|Alcremie, L50, F|\n|poke|p2|Aerodactyl, L50, F|\n|poke|p2|Meowscarada, L50, M|\n|poke|p2|Floette-Eternal, L50, F|\n|poke|p2|Maushold, L50|\n|poke|p2|Basculegion, L50, M|\n|poke|p2|Sneasler, L50, F|\n|teampreview|4\n|inactive|Battle timer is ON: inactive players will automatically lose when time's up. (requested by ParadoxPerry)\n|inactive|1sttimeshitter has 60 seconds left.\n|inactive|ParadoxPerry has 60 seconds left.\n|\n|t:|1776038342\n|teamsize|p1|4\n|teamsize|p2|4\n|start\n|switch|p1a: Farigiraf|Farigiraf, L50, F|100/100\n|switch|p1b: Victreebel|Victreebel, L50, M|100/100\n|switch|p2a: Sneasler|Sneasler, L50, F|100/100\n|switch|p2b: Floette|Floette-Eternal, L50, F|100/100\n|turn|1\n|\n|t:|1776038366\n|detailschange|p2b: Floette|Floette-Mega, L50, F\n|-mega|p2b: Floette|Floette|Floettite\n|-ability|p2b: Floette|Fairy Aura\n|detailschange|p1b: Victreebel|Victreebel-Mega, L50, M\n|-mega|p1b: Victreebel|Victreebel|Victreebelite\n|move|p2a: Sneasler|Close Combat|p1a: Farigiraf\n|-damage|p1a: Farigiraf|52/100\n|-unboost|p2a: Sneasler|def|1\n|-unboost|p2a: Sneasler|spd|1\n|-enditem|p2a: Sneasler|White Herb\n|-clearnegativeboost|p2a: Sneasler|[silent]\n|move|p2b: Floette|Moonblast|p1a: Farigiraf\n|-damage|p1a: Farigiraf|0 fnt\n|faint|p1a: Farigiraf\n|move|p1b: Victreebel|Sleep Powder|p2b: Floette|[miss]\n|-miss|p1b: Victreebel|p2b: Floette\n|\n|upkeep\n|\n|t:|1776038385\n|switch|p1a: Kingambit|Kingambit, L50, M|100/100\n|turn|2\n|\n|t:|1776038400\n|switch|p2a: Meowscarada|Meowscarada, L50, M|100/100\n|move|p2b: Floette|Protect|p2b: Floette\n|-singleturn|p2b: Floette|Protect\n|move|p1a: Kingambit|Protect|p1a: Kingambit\n|-singleturn|p1a: Kingambit|Protect\n|move|p1b: Victreebel|Sleep Powder|p2a: Meowscarada\n|-immune|p2a: Meowscarada\n|\n|upkeep\n|turn|3\n|\n|t:|1776038413\n|move|p2a: Meowscarada|Low Kick|p1a: Kingambit\n|-start|p2a: Meowscarada|typechange|Fighting|[from] ability: Protean\n|-supereffective|p1a: Kingambit|2\n|-damage|p1a: Kingambit|0 fnt\n|faint|p1a: Kingambit\n|move|p2b: Floette|Moonblast|p1b: Victreebel\n|-resisted|p1b: Victreebel|1\n|-damage|p1b: Victreebel|63/100\n|-unboost|p1b: Victreebel|spa|1\n|move|p1b: Victreebel|Sludge Wave|p2b: Floette|[spread] p2a,p2b\n|-supereffective|p2b: Floette|1\n|-damage|p2a: Meowscarada|57/100\n|-damage|p2b: Floette|51/100\n|\n|upkeep\n|\n|t:|1776038425\n|switch|p1a: Torkoal|Torkoal, L50, F|100/100\n|-weather|SunnyDay|[from] ability: Drought|[of] p1a: Torkoal\n|turn|4\n|\n|t:|1776038444\n|switch|p2a: Sneasler|Sneasler, L50, F|100/100\n|move|p2b: Floette|Protect|p2b: Floette\n|-singleturn|p2b: Floette|Protect\n|move|p1b: Victreebel|Sludge Wave|p2a: Sneasler|[spread] p1a,p2a\n|-activate|p2b: Floette|move: Protect\n|-resisted|p2a: Sneasler|1\n|-damage|p1a: Torkoal|65/100\n|-damage|p2a: Sneasler|83/100\n|move|p1a: Torkoal|Eruption|p2b: Floette|[spread] p2a\n|-activate|p2b: Floette|move: Protect\n|-damage|p2a: Sneasler|7/100\n|\n|-weather|SunnyDay|[upkeep]\n|upkeep\n|turn|5\n|\n|t:|1776038462\n|move|p2a: Sneasler|Dire Claw|p1b: Victreebel\n|-damage|p1b: Victreebel|14/100\n|move|p2b: Floette|Moonblast|p1a: Torkoal\n|-resisted|p1a: Torkoal|1\n|-damage|p1a: Torkoal|16/100\n|move|p1b: Victreebel|Sludge Wave|p2a: Sneasler|[spread] p1a,p2a,p2b\n|-resisted|p2a: Sneasler|1\n|-supereffective|p2b: Floette|1\n|-damage|p1a: Torkoal|0 fnt\n|-damage|p2a: Sneasler|0 fnt\n|-damage|p2b: Floette|4/100\n|faint|p1a: Torkoal\n|faint|p2a: Sneasler\n|\n|-weather|SunnyDay|[upkeep]\n|upkeep\n|-message|1sttimeshitter forfeited.\n|\n|win|ParadoxPerry\n|raw|1sttimeshitter's rating: 1205 &rarr; <strong>1185</strong><br />(-20 for losing)\n|raw|ParadoxPerry's rating: 1274 &rarr; <strong>1294</strong><br />(+20 for winning)\n|l|\u26061sttimeshitter\n|player|p1|\n",
  "uploadtime": 1776038474,
  "views": 31,
  "formatid": "gen9championsvgc2026regma",
  "rating": 1185,
  "private": 0,
  "password": null
}