{
  "id": "gen9championsvgc2026regma-2583331290",
  "format": "[Gen 9 Champions] VGC 2026 Reg M-A",
  "players": [
    "FabricioPlayApk",
    "jollyhex_8"
  ],
  "log": "|j|\u2606FabricioPlayApk\n|j|\u2606jollyhex_8\n|t:|1776167587\n|gametype|doubles\n|player|p1|FabricioPlayApk|youngcouple-gen4dp|1077\n|player|p2|jollyhex_8|hilbert|1000\n|gen|9\n|tier|[Gen 9 Champions] VGC 2026 Reg M-A\n|rated|\n|rule|Species Clause: Limit one of each Pok\u00e9mon\n|rule|Item Clause: Limit 1 of each item\n|clearpoke\n|poke|p1|Milotic, L50, M|\n|poke|p1|Farigiraf, L50, M|\n|poke|p1|Crabominable, L50, F|\n|poke|p1|Sinistcha, L50|\n|poke|p1|Torkoal, L50, M|\n|poke|p1|Basculegion, L50, M|\n|poke|p2|Froslass, L50, F|\n|poke|p2|Rotom-Frost, L50|\n|poke|p2|Garchomp, L50, M|\n|poke|p2|Incineroar, L50, F|\n|poke|p2|Empoleon, L50, F|\n|poke|p2|Kingambit, L50, F|\n|teampreview|4\n|inactive|Battle timer is ON: inactive players will automatically lose when time's up. (requested by FabricioPlayApk)\njollyhex_8 has agreed to open team sheets.\n|inactive|jollyhex_8 has 60 seconds left.\n|\n|t:|1776167639\n|teamsize|p1|4\n|teamsize|p2|4\n|start\n|switch|p1a: Milotic|Milotic, L50, M|100/100\n|switch|p1b: Farigiraf|Farigiraf, L50, M|100/100\n|switch|p2a: Garchomp|Garchomp, L50, M|100/100\n|switch|p2b: Rotom|Rotom-Frost, L50|100/100\n|turn|1\n|inactive|FabricioPlayApk has 30 seconds left.\n|\n|t:|1776167664\n|move|p2b: Rotom|Electroweb|p1a: Milotic|[spread] p1a,p1b\n|-supereffective|p1a: Milotic|1\n|-damage|p1a: Milotic|82/100\n|-damage|p1b: Farigiraf|87/100\n|-unboost|p1a: Milotic|spe|1\n|-ability|p1a: Milotic|Competitive|boost\n|-boost|p1a: Milotic|spa|2\n|-unboost|p1b: Farigiraf|spe|1\n|move|p2a: Garchomp|Earthquake|p1b: Farigiraf|[spread] p1a,p1b\n|-immune|p2b: Rotom|[from] ability: Levitate\n|-damage|p1a: Milotic|43/100\n|-damage|p1b: Farigiraf|44/100\n|move|p1a: Milotic|Flip Turn|p2b: Rotom\n|-damage|p2b: Rotom|83/100\n|c|\u2606jollyhex_8|gulp\n|\n|t:|1776167683\n|switch|p1a: Crabominable|Crabominable, L50, F|100/100|[from] Flip Turn\n|move|p1b: Farigiraf|Trick Room|p1b: Farigiraf\n|-fieldstart|move: Trick Room|[of] p1b: Farigiraf\n|\n|upkeep\n|turn|2\n|\n|t:|1776167704\n|detailschange|p1a: Crabominable|Crabominable-Mega, L50, F\n|-mega|p1a: Crabominable|Crabominable|Crabominite\n|move|p1a: Crabominable|Ice Hammer|p2a: Garchomp\n|-supereffective|p2a: Garchomp|2\n|-damage|p2a: Garchomp|0 fnt\n|-unboost|p1a: Crabominable|spe|1\n|-damage|p1a: Crabominable|88/100|[from] ability: Rough Skin|[of] p2a: Garchomp\n|faint|p2a: Garchomp\n|move|p1b: Farigiraf|Psychic|p2b: Rotom\n|-damage|p2b: Rotom|38/100\n|move|p2b: Rotom|Electroweb|p1b: Farigiraf|[spread] p1a,p1b\n|-damage|p1a: Crabominable|74/100\n|-damage|p1b: Farigiraf|31/100\n|-unboost|p1a: Crabominable|spe|1\n|-unboost|p1b: Farigiraf|spe|1\n|\n|upkeep\n|\n|t:|1776167722\n|switch|p2a: Kingambit|Kingambit, L50, F|100/100\n|turn|3\n|\n|t:|1776167746\n|move|p1a: Crabominable|Mach Punch|p2a: Kingambit\n|-supereffective|p2a: Kingambit|2\n|-enditem|p2a: Kingambit|Focus Sash\n|-damage|p2a: Kingambit|1/100\n|move|p2a: Kingambit|Sucker Punch||[still]\n|cant|p1b: Farigiraf|ability: Armor Tail|Sucker Punch|[of] p2a: Kingambit\n|move|p1b: Farigiraf|Psychic|p2b: Rotom\n|-damage|p2b: Rotom|0 fnt\n|faint|p2b: Rotom\n|\n|upkeep\n|c|\u2606jollyhex_8|whoops\n|\n|t:|1776167756\n|switch|p2b: Froslass|Froslass, L50, F|100/100\n|turn|4\n|inactive|FabricioPlayApk has 30 seconds left.\n|inactive|jollyhex_8 has 30 seconds left.\n|\n|t:|1776167783\n|switch|p1b: Milotic|Milotic, L50, M|43/100\n|detailschange|p2b: Froslass|Froslass-Mega, L50, F\n|-mega|p2b: Froslass|Froslass|Froslassite\n|-weather|Snowscape|[from] ability: Snow Warning|[of] p2b: Froslass\n|move|p1a: Crabominable|Rock Slide|p2a: Kingambit|[spread] p2a,p2b\n|-resisted|p2a: Kingambit|1\n|-supereffective|p2b: Froslass|1\n|-damage|p2a: Kingambit|0 fnt\n|-damage|p2b: Froslass|45/100\n|faint|p2a: Kingambit\n|move|p2b: Froslass|Aurora Veil|p2b: Froslass\n|-sidestart|p2: jollyhex_8|move: Aurora Veil\n|\n|-weather|Snowscape|[upkeep]\n|-heal|p1b: Milotic|49/100|[from] item: Leftovers\n|upkeep\n|turn|5\n|\n|t:|1776167804\n|move|p2b: Froslass|Protect|p2b: Froslass\n|-singleturn|p2b: Froslass|Protect\n|move|p1a: Crabominable|Rock Slide|p2b: Froslass\n|-activate|p2b: Froslass|move: Protect\n|move|p1b: Milotic|Flip Turn|p2b: Froslass\n|-activate|p2b: Froslass|move: Protect\n|\n|-weather|Snowscape|[upkeep]\n|-heal|p1b: Milotic|55/100|[from] item: Leftovers\n|-fieldend|move: Trick Room\n|upkeep\n|turn|6\n|inactive|FabricioPlayApk has 30 seconds left.\n|\n|t:|1776167830\n|move|p2b: Froslass|Blizzard|p1b: Milotic|[spread] p1a,p1b\n|-resisted|p1a: Crabominable|1\n|-resisted|p1b: Milotic|1\n|-damage|p1a: Crabominable|54/100\n|-damage|p1b: Milotic|43/100\n|move|p1b: Milotic|Flip Turn|p2b: Froslass\n|-damage|p2b: Froslass|35/100\n|\n|t:|1776167840\n|switch|p1b: Torkoal|Torkoal, L50, M|100/100|[from] Flip Turn\n|-weather|SunnyDay|[from] ability: Drought|[of] p1b: Torkoal\n|move|p1a: Crabominable|Rock Slide|p2b: Froslass\n|-supereffective|p2b: Froslass|1\n|-damage|p2b: Froslass|0 fnt\n|faint|p2b: Froslass\n|\n|win|FabricioPlayApk\n|raw|FabricioPlayApk's rating: 1077 &rarr; <strong>1099</strong><br />(+22 for winning)\n|raw|jollyhex_8's rating: 1000 &rarr; <strong>1000</strong><br />(+0 for losing)\n|l|\u2606jollyhex_8\n|player|p2|\n",
  "uploadtime": 1776167851,
  "views": 22,
  "formatid": "gen9championsvgc2026regma",
  "rating": 1000,
  "private": 0,
  "password": null
}