{
  "id": "gen9championsvgc2026regma-2589471498",
  "format": "[Gen 9 Champions] VGC 2026 Reg M-A",
  "players": [
    "noodle_sandwich111",
    "Adroin"
  ],
  "log": "|j|\u2606noodle_sandwich111\n|j|\u2606Adroin\n|t:|1776725945\n|gametype|doubles\n|player|p1|noodle_sandwich111|acetrainerf-gen4dp|1330\n|player|p2|Adroin|hilbert|1270\n|gen|9\n|tier|[Gen 9 Champions] VGC 2026 Reg M-A\n|rated|\n|rule|Species Clause: Limit one of each Pok\u00e9mon\n|rule|Item Clause: Limit 1 of each item\n|clearpoke\n|poke|p1|Charizard, L50, F|\n|poke|p1|Tyranitar, L50, M|\n|poke|p1|Milotic, L50, M, shiny|\n|poke|p1|Sneasler, L50, M, shiny|\n|poke|p1|Incineroar, L50, F|\n|poke|p1|Sinistcha, L50|\n|poke|p2|Samurott-Hisui, L50, M, shiny|\n|poke|p2|Talonflame, L50, F|\n|poke|p2|Milotic, L50, F|\n|poke|p2|Froslass, L50, F|\n|poke|p2|Arcanine-Hisui, L50, M|\n|poke|p2|Sneasler, L50, F|\n|teampreview|4\n|inactive|Battle timer is ON: inactive players will automatically lose when time's up. (requested by Adroin)\n|inactive|noodle_sandwich111 has 60 seconds left.\n|inactive|Adroin has 60 seconds left.\nAdroin rejected open team sheets.\n|\n|t:|1776726002\n|teamsize|p1|4\n|teamsize|p2|4\n|start\n|switch|p1a: Charizard|Charizard, L50, F|100/100\n|switch|p1b: Sneasler|Sneasler, L50, M, shiny|100/100\n|switch|p2a: Talonflame|Talonflame, L50, F|100/100\n|switch|p2b: Milotic|Milotic, L50, F|100/100\n|turn|1\n|inactive|noodle_sandwich111 has 30 seconds left.\n|inactive|Adroin has 30 seconds left.\n|\n|t:|1776726033\n|detailschange|p1a: Charizard|Charizard-Mega-X, L50, F\n|-mega|p1a: Charizard|Charizard|Charizardite X\n|move|p2a: Talonflame|Upper Hand||[still]\n|-fail|p2a: Talonflame\n|move|p1b: Sneasler|Coaching|p1a: Charizard\n|-boost|p1a: Charizard|atk|1\n|-boost|p1a: Charizard|def|1\n|move|p1a: Charizard|Dragon Dance|p1a: Charizard\n|-boost|p1a: Charizard|atk|1\n|-boost|p1a: Charizard|spe|1\n|move|p2b: Milotic|Icy Wind|p1b: Sneasler|[spread] p1a,p1b\n|-damage|p1a: Charizard|84/100\n|-damage|p1b: Sneasler|81/100\n|-unboost|p1a: Charizard|spe|1\n|-unboost|p1b: Sneasler|spe|1\n|-enditem|p1b: Sneasler|White Herb\n|-clearnegativeboost|p1b: Sneasler|[silent]\n|\n|upkeep\n|turn|2\n|inactive|noodle_sandwich111 has 30 seconds left.\n|\n|t:|1776726066\n|move|p2a: Talonflame|Tailwind|p2a: Talonflame\n|-sidestart|p2: Adroin|move: Tailwind\n|move|p1b: Sneasler|Dire Claw|p2a: Talonflame\n|-damage|p2a: Talonflame|33/100\n|move|p2b: Milotic|Icy Wind|p1b: Sneasler|[spread] p1a,p1b\n|-damage|p1a: Charizard|68/100\n|-damage|p1b: Sneasler|62/100\n|-unboost|p1a: Charizard|spe|1\n|-unboost|p1b: Sneasler|spe|1\n|move|p1a: Charizard|Dragon Claw|p2b: Milotic\n|-damage|p2b: Milotic|0 fnt\n|faint|p2b: Milotic\n|\n|upkeep\n|\n|t:|1776726082\n|switch|p2b: Arcanine|Arcanine-Hisui, L50, M|100/100\n|turn|3\n|\n|t:|1776726096\n|switch|p1b: Incineroar|Incineroar, L50, F|100/100\n|-ability|p1b: Incineroar|Intimidate|boost\n|-unboost|p2a: Talonflame|atk|1\n|-unboost|p2b: Arcanine|atk|1\n|move|p1a: Charizard|Protect|p1a: Charizard\n|-singleturn|p1a: Charizard|Protect\n|move|p2b: Arcanine|Head Smash|p1a: Charizard\n|-activate|p1a: Charizard|move: Protect\n|move|p2a: Talonflame|Dual Wingbeat|p1b: Incineroar\n|-damage|p1b: Incineroar|91/100\n|-crit|p1b: Incineroar\n|-damage|p1b: Incineroar|69/100\n|-hitcount|p1b: Incineroar|2\n|\n|upkeep\n|turn|4\n|\n|t:|1776726119\n|switch|p1a: Sneasler|Sneasler, L50, M, shiny|62/100\n|move|p2a: Talonflame|Upper Hand||[still]\n|-fail|p2a: Talonflame\n|move|p2b: Arcanine|Head Smash|p1a: Sneasler|[miss]\n|-miss|p2b: Arcanine|p1a: Sneasler\n|move|p1b: Incineroar|Throat Chop|p2a: Talonflame\n|-damage|p2a: Talonflame|0 fnt\n|faint|p2a: Talonflame\n|\n|upkeep\n|\n|t:|1776726128\n|switch|p2a: Sneasler|Sneasler, L50, F|100/100\n|-ability|p2a: Sneasler|Pressure\n|turn|5\n|\n|t:|1776726151\n|move|p2a: Sneasler|Fake Out|p1a: Sneasler\n|-damage|p1a: Sneasler|38/100\n|cant|p1a: Sneasler|flinch\n|move|p2b: Arcanine|Head Smash|p1b: Incineroar\n|-supereffective|p1b: Incineroar|1\n|-damage|p1b: Incineroar|0 fnt\n|faint|p1b: Incineroar\n|\n|-sideend|p2: Adroin|move: Tailwind\n|upkeep\n|\n|t:|1776726162\n|switch|p1b: Milotic|Milotic, L50, M, shiny|100/100\n|turn|6\n|\n|t:|1776726176\n|move|p2b: Arcanine|Head Smash|p1b: Milotic\n|-damage|p1b: Milotic|60/100\n|move|p2a: Sneasler|Close Combat|p1b: Milotic\n|-damage|p1b: Milotic|0 fnt\n|-unboost|p2a: Sneasler|def|1\n|-unboost|p2a: Sneasler|spd|1\n|faint|p1b: Milotic\n|-enditem|p2a: Sneasler|White Herb\n|-clearnegativeboost|p2a: Sneasler|[silent]\n|move|p1a: Sneasler|Close Combat|p2b: Arcanine\n|-supereffective|p2b: Arcanine|1\n|-damage|p2b: Arcanine|0 fnt\n|-unboost|p1a: Sneasler|def|1\n|-unboost|p1a: Sneasler|spd|1\n|faint|p2b: Arcanine\n|\n|upkeep\n|-message|Adroin forfeited.\n|\n|win|noodle_sandwich111\n|raw|noodle_sandwich111's rating: 1330 &rarr; <strong>1347</strong><br />(+17 for winning)\n|raw|Adroin's rating: 1270 &rarr; <strong>1249</strong><br />(-21 for losing)\n|l|\u2606Adroin\n|player|p2|\n",
  "uploadtime": 1776726245,
  "views": 12,
  "formatid": "gen9championsvgc2026regma",
  "rating": 1249,
  "private": 0,
  "password": null
}