{
  "id": "gen9championsvgc2026regma-2583975413",
  "format": "[Gen 9 Champions] VGC 2026 Reg M-A",
  "players": [
    "jiren2026",
    "TheKira03"
  ],
  "log": "|j|\u2606jiren2026\n|j|\u2606TheKira03\n|t:|1776213361\n|gametype|doubles\n|player|p1|jiren2026|266|1110\n|player|p2|TheKira03|101|1077\n|gen|9\n|tier|[Gen 9 Champions] VGC 2026 Reg M-A\n|rated|\n|rule|Species Clause: Limit one of each Pok\u00e9mon\n|rule|Item Clause: Limit 1 of each item\n|clearpoke\n|poke|p1|Gengar, L50, M|\n|poke|p1|Whimsicott, L50, F|\n|poke|p1|Incineroar, L50, M|\n|poke|p1|Kommo-o, L50, M|\n|poke|p1|Clefable, L50, F|\n|poke|p1|Slowking, L50, M|\n|poke|p2|Golurk, L50|\n|poke|p2|Farigiraf, L50, F|\n|poke|p2|Meganium, L50, F|\n|poke|p2|Basculegion, L50, M|\n|poke|p2|Pelipper, L50, M|\n|poke|p2|Incineroar, L50, M|\n|teampreview|4\n|inactive|Battle timer is ON: inactive players will automatically lose when time's up. (requested by TheKira03)\n|inactive|TheKira03 has 60 seconds left.\n|inactive|TheKira03 has 30 seconds left.\n|inactive|TheKira03 has 20 seconds left.\n|\n|t:|1776213434\n|teamsize|p1|4\n|teamsize|p2|4\n|start\n|switch|p1a: Kommo-o|Kommo-o, L50, M|100/100\n|switch|p1b: Clefable|Clefable, L50, F|100/100\n|switch|p2a: Farigiraf|Farigiraf, L50, F, shiny|100/100\n|switch|p2b: Basculegion|Basculegion, L50, M, shiny|100/100\n|turn|1\n|inactive|TheKira03 has 30 seconds left.\n|\n|t:|1776213462\n|move|p1b: Clefable|Follow Me|p1b: Clefable\n|-singleturn|p1b: Clefable|move: Follow Me\n|move|p1a: Kommo-o|Clangorous Soul|p1a: Kommo-o\n|-boost|p1a: Kommo-o|atk|1\n|-boost|p1a: Kommo-o|def|1\n|-boost|p1a: Kommo-o|spa|1\n|-boost|p1a: Kommo-o|spd|1\n|-boost|p1a: Kommo-o|spe|1\n|-damage|p1a: Kommo-o|68/100\n|move|p2b: Basculegion|Flip Turn|p1b: Clefable\n|-damage|p1b: Clefable|71/100\n|\n|t:|1776213479\n|switch|p2b: Golurk|Golurk, L50, shiny|100/100|[from] Flip Turn\n|move|p2a: Farigiraf|Trick Room|p2a: Farigiraf\n|-fieldstart|move: Trick Room|[of] p2a: Farigiraf\n|\n|upkeep\n|turn|2\n|\n|t:|1776213494\n|detailschange|p2b: Golurk|Golurk-Mega, L50, shiny\n|-mega|p2b: Golurk|Golurk|Golurkite\n|move|p1b: Clefable|Follow Me|p1b: Clefable\n|-singleturn|p1b: Clefable|move: Follow Me\n|move|p2b: Golurk|High Horsepower|p1b: Clefable\n|-damage|p1b: Clefable|17/100\n|-enditem|p1b: Clefable|Sitrus Berry|[eat]\n|-heal|p1b: Clefable|42/100|[from] item: Sitrus Berry\n|move|p2a: Farigiraf|Twin Beam|p1b: Clefable\n|-damage|p1b: Clefable|27/100\n|-damage|p1b: Clefable|10/100\n|-hitcount|p1b: Clefable|2\n|move|p1a: Kommo-o|Clanging Scales|p2b: Golurk|[spread] p2a,p2b\n|-damage|p2a: Farigiraf|36/100\n|-damage|p2b: Golurk|45/100\n|-unboost|p1a: Kommo-o|def|1\n|\n|upkeep\n|turn|3\n|\n|t:|1776213522\n|move|p2b: Golurk|Protect|p2b: Golurk\n|-singleturn|p2b: Golurk|Protect\n|move|p1b: Clefable|Follow Me|p1b: Clefable\n|-singleturn|p1b: Clefable|move: Follow Me\n|move|p2a: Farigiraf|Twin Beam|p1b: Clefable\n|-damage|p1b: Clefable|0 fnt\n|faint|p1b: Clefable\n|-hitcount|p1: Clefable|1\n|move|p1a: Kommo-o|Clanging Scales|p2a: Farigiraf|[spread] p2a\n|-activate|p2b: Golurk|move: Protect\n|-damage|p2a: Farigiraf|0 fnt\n|faint|p2a: Farigiraf\n|-unboost|p1a: Kommo-o|def|1\n|\n|upkeep\n|\n|t:|1776213537\n|switch|p1b: Whimsicott|Whimsicott, L50, F|100/100\n|switch|p2a: Pelipper|Pelipper, L50, M, shiny|100/100\n|-weather|RainDance|[from] ability: Drizzle|[of] p2a: Pelipper\n|turn|4\n|\n|t:|1776213545\n|move|p1a: Kommo-o|Protect|p1a: Kommo-o\n|-singleturn|p1a: Kommo-o|Protect\n|move|p1b: Whimsicott|Encore|p2b: Golurk\n|-start|p2b: Golurk|Encore\n|move|p2b: Golurk|Protect||[still]\n|-fail|p2b: Golurk\n|move|p2a: Pelipper|Hurricane|p1b: Whimsicott\n|-supereffective|p1b: Whimsicott|1\n|-enditem|p1b: Whimsicott|Focus Sash\n|-damage|p1b: Whimsicott|1/100\n|\n|-weather|RainDance|[upkeep]\n|upkeep\n|turn|5\n|\n|t:|1776213566\n|move|p2b: Golurk|Protect|p2b: Golurk\n|-singleturn|p2b: Golurk|Protect\n|move|p2a: Pelipper|Hurricane|p1a: Kommo-o\n|-supereffective|p1a: Kommo-o|1\n|-damage|p1a: Kommo-o|2/100\n|move|p1b: Whimsicott|Moonblast|p2a: Pelipper\n|-damage|p2a: Pelipper|45/100\n|move|p1a: Kommo-o|Clanging Scales|p2b: Golurk|[spread] p2a\n|-activate|p2b: Golurk|move: Protect\n|-crit|p2a: Pelipper\n|-damage|p2a: Pelipper|0 fnt\n|faint|p2a: Pelipper\n|-unboost|p1a: Kommo-o|def|1\n|\n|-weather|RainDance|[upkeep]\n|-fieldend|move: Trick Room\n|upkeep\n|\n|t:|1776213574\n|switch|p2a: Basculegion|Basculegion, L50, M, shiny|100/100\n|turn|6\n|inactive|TheKira03 has 30 seconds left.\n|\n|t:|1776213599\n|move|p2b: Golurk|Protect||[still]\n|-fail|p2b: Golurk\n|move|p1b: Whimsicott|Tailwind|p1b: Whimsicott\n|-sidestart|p1: jiren2026|move: Tailwind\n|move|p1a: Kommo-o|Clanging Scales|p2b: Golurk|[spread] p2a,p2b\n|-damage|p2a: Basculegion|28/100\n|-damage|p2b: Golurk|0 fnt\n|faint|p2b: Golurk\n|-unboost|p1a: Kommo-o|def|1\n|move|p2a: Basculegion|Last Respects|p1a: Kommo-o\n|-damage|p1a: Kommo-o|0 fnt\n|faint|p1a: Kommo-o\n|\n|-weather|RainDance|[upkeep]\n|upkeep\n|\n|t:|1776213606\n|switch|p1a: Gengar|Gengar, L50, M|100/100\n|turn|7\n|\n|t:|1776213614\n|detailschange|p1a: Gengar|Gengar-Mega, L50, M\n|-mega|p1a: Gengar|Gengar|Gengarite\n|move|p1a: Gengar|Shadow Ball|p2a: Basculegion\n|-supereffective|p2a: Basculegion|1\n|-damage|p2a: Basculegion|0 fnt\n|faint|p2a: Basculegion\n|\n|win|jiren2026\n|raw|jiren2026's rating: 1110 &rarr; <strong>1133</strong><br />(+23 for winning)\n|raw|TheKira03's rating: 1077 &rarr; <strong>1057</strong><br />(-20 for losing)\n|l|\u2606TheKira03\n|player|p2|\n",
  "uploadtime": 1776213624,
  "views": 15,
  "formatid": "gen9championsvgc2026regma",
  "rating": 1057,
  "private": 0,
  "password": null
}