{
  "id": "gen9championsvgc2026regma-2582746122",
  "format": "[Gen 9 Champions] VGC 2026 Reg M-A",
  "players": [
    "Rattatouliie",
    "strami"
  ],
  "log": "|j|\u2606Rattatouliie\n|j|\u2606strami\n|t:|1776111225\n|gametype|doubles\n|player|p1|Rattatouliie|1|1190\n|player|p2|strami|hoopster|1167\n|gen|9\n|tier|[Gen 9 Champions] VGC 2026 Reg M-A\n|rated|\n|rule|Species Clause: Limit one of each Pok\u00e9mon\n|rule|Item Clause: Limit 1 of each item\n|clearpoke\n|poke|p1|Froslass, L50, F|\n|poke|p1|Rotom-Frost, L50|\n|poke|p1|Garchomp, L50, F|\n|poke|p1|Basculegion, L50, M|\n|poke|p1|Incineroar, L50, F|\n|poke|p1|Orthworm, L50, F|\n|poke|p2|Garchomp, L50, M|\n|poke|p2|Orthworm, L50, F|\n|poke|p2|Delphox, L50, F|\n|poke|p2|Rotom-Wash, L50|\n|poke|p2|Incineroar, L50, F|\n|poke|p2|Basculegion, L50, M|\n|teampreview|4\n|inactive|Battle timer is ON: inactive players will automatically lose when time's up. (requested by strami)\n|inactive|Rattatouliie also wants the timer to be on.\n|c|\u2606Rattatouliie|wofley goat\nRattatouliie has agreed to open team sheets.\n|inactive|Rattatouliie has 60 seconds left.\n|inactive|strami has 60 seconds left.\n|inactive|Rattatouliie has 30 seconds left.\n|inactive|strami has 30 seconds left.\n|inactive|Rattatouliie has 20 seconds left.\n|\n|t:|1776111300\n|teamsize|p1|4\n|teamsize|p2|4\n|start\n|switch|p1a: Incineroar|Incineroar, L50, F|100/100\n|switch|p1b: Basculegion|Basculegion, L50, M|100/100\n|switch|p2a: Delphox|Delphox, L50, F|100/100\n|switch|p2b: Incineroar|Incineroar, L50, F|100/100\n|-ability|p2b: Incineroar|Intimidate|boost\n|-unboost|p1a: Incineroar|atk|1\n|-unboost|p1b: Basculegion|atk|1\n|-ability|p1a: Incineroar|Intimidate|boost\n|-unboost|p2a: Delphox|atk|1\n|-unboost|p2b: Incineroar|atk|1\n|turn|1\n|inactive|Rattatouliie has 30 seconds left.\n|inactive|strami has 30 seconds left.\n|inactive|Rattatouliie has 20 seconds left.\n|inactive|Rattatouliie has 15 seconds left.\n|inactive|Rattatouliie has 10 seconds left.\n|inactive|Rattatouliie has 5 seconds left.\n|\n|t:|1776111352\n|switch|p2a: Rotom|Rotom-Wash, L50|100/100\n|move|p1b: Basculegion|Flip Turn|p2b: Incineroar\n|-supereffective|p2b: Incineroar|1\n|-damage|p2b: Incineroar|68/100\n|\n|t:|1776111360\n|switch|p1b: Rotom|Rotom-Frost, L50|100/100|[from] Flip Turn\n|move|p2b: Incineroar|Parting Shot|p1b: Rotom\n|-unboost|p1b: Rotom|atk|1\n|-unboost|p1b: Rotom|spa|1\n|\n|t:|1776111372\n|switch|p2b: Delphox|Delphox, L50, F|100/100|[from] Parting Shot\n|move|p1a: Incineroar|Darkest Lariat|p2a: Rotom\n|-damage|p2a: Rotom|75/100\n|\n|-heal|p2a: Rotom|81/100|[from] item: Leftovers\n|upkeep\n|turn|2\n|inactive|Rattatouliie has 30 seconds left.\n|\n|t:|1776111403\n|detailschange|p2b: Delphox|Delphox-Mega, L50, F\n|-mega|p2b: Delphox|Delphox|Delphoxite\n|move|p2b: Delphox|Substitute|p2b: Delphox\n|-start|p2b: Delphox|Substitute\n|-damage|p2b: Delphox|75/100\n|move|p1b: Rotom|Blizzard|p2b: Delphox|[spread] p2b\n|-miss|p1b: Rotom|p2a: Rotom\n|-resisted|p2b: Delphox|1\n|-activate|p2b: Delphox|move: Substitute|[damage]\n|move|p2a: Rotom|Hydro Pump|p1a: Incineroar\n|-supereffective|p1a: Incineroar|1\n|-damage|p1a: Incineroar|5/100\n|move|p1a: Incineroar|Parting Shot|p2a: Rotom\n|-unboost|p2a: Rotom|atk|1\n|-unboost|p2a: Rotom|spa|1\n|\n|t:|1776111418\n|switch|p1a: Froslass|Froslass, L50, F|100/100|[from] Parting Shot\n|\n|-heal|p2a: Rotom|86/100|[from] item: Leftovers\n|upkeep\n|turn|3\n|\n|t:|1776111436\n|switch|p2a: Incineroar|Incineroar, L50, F|68/100\n|-ability|p2a: Incineroar|Intimidate|boost\n|-unboost|p1a: Froslass|atk|1\n|-unboost|p1b: Rotom|atk|1\n|move|p1a: Froslass|Protect|p1a: Froslass\n|-singleturn|p1a: Froslass|Protect\n|move|p2b: Delphox|Heat Wave|p1b: Rotom|[spread] p1b\n|-activate|p1a: Froslass|move: Protect\n|-supereffective|p1b: Rotom|1\n|-damage|p1b: Rotom|16/100\n|move|p1b: Rotom|Thunderbolt|p2b: Delphox\n|-end|p2b: Delphox|Substitute\n|\n|upkeep\n|turn|4\n|inactive|strami has 30 seconds left.\n|\n|t:|1776111466\n|switch|p1a: Incineroar|Incineroar, L50, F|5/100\n|-ability|p1a: Incineroar|Intimidate|boost\n|-unboost|p2a: Incineroar|atk|1\n|-unboost|p2b: Delphox|atk|1\n|move|p2b: Delphox|Substitute|p2b: Delphox\n|-start|p2b: Delphox|Substitute\n|-damage|p2b: Delphox|50/100\n|move|p1b: Rotom|Thunderbolt|p2a: Incineroar\n|-damage|p2a: Incineroar|51/100\n|-status|p2a: Incineroar|par\n|move|p2a: Incineroar|Darkest Lariat|p1a: Incineroar\n|-resisted|p1a: Incineroar|1\n|-damage|p1a: Incineroar|0 fnt\n|faint|p1a: Incineroar\n|\n|upkeep\n|\n|t:|1776111488\n|switch|p1a: Froslass|Froslass, L50, F|100/100\n|turn|5\n|\n|t:|1776111506\n|detailschange|p1a: Froslass|Froslass-Mega, L50, F\n|-mega|p1a: Froslass|Froslass|Froslassite\n|-weather|Snowscape|[from] ability: Snow Warning|[of] p1a: Froslass\n|move|p2b: Delphox|Protect|p2b: Delphox\n|-singleturn|p2b: Delphox|Protect\n|move|p1a: Froslass|Blizzard|p2a: Incineroar|[spread] p2a\n|-activate|p2b: Delphox|move: Protect\n|-resisted|p2a: Incineroar|1\n|-damage|p2a: Incineroar|36/100 par\n|move|p1b: Rotom|Blizzard|p2a: Incineroar|[spread] p2a\n|-activate|p2b: Delphox|move: Protect\n|-resisted|p2a: Incineroar|1\n|-damage|p2a: Incineroar|26/100 par\n|move|p2a: Incineroar|Darkest Lariat|p1a: Froslass\n|-supereffective|p1a: Froslass|1\n|-damage|p1a: Froslass|58/100\n|\n|-weather|Snowscape|[upkeep]\n|upkeep\n|turn|6\n|\n|t:|1776111530\n|switch|p1b: Basculegion|Basculegion, L50, M|100/100\n|move|p2b: Delphox|Heat Wave|p1a: Froslass|[spread] p1a\n|-miss|p2b: Delphox|p1b: Basculegion\n|-supereffective|p1a: Froslass|1\n|-damage|p1a: Froslass|0 fnt\n|faint|p1a: Froslass\n|move|p2a: Incineroar|Darkest Lariat|p1b: Basculegion\n|-supereffective|p1b: Basculegion|1\n|-damage|p1b: Basculegion|41/100\n|\n|-weather|Snowscape|[upkeep]\n|upkeep\n|\n|t:|1776111537\n|switch|p1a: Rotom|Rotom-Frost, L50|16/100\n|turn|7\n|-message|Rattatouliie forfeited.\n|\n|win|strami\n|raw|Rattatouliie's rating: 1190 &rarr; <strong>1163</strong><br />(-27 for losing)\n|raw|strami's rating: 1167 &rarr; <strong>1194</strong><br />(+27 for winning)\n|l|\u2606Rattatouliie\n|player|p1|\n",
  "uploadtime": 1776111554,
  "views": 18,
  "formatid": "gen9championsvgc2026regma",
  "rating": 1163,
  "private": 0,
  "password": null
}