{
  "id": "gen9championsvgc2026regma-2588358471",
  "format": "[Gen 9 Champions] VGC 2026 Reg M-A",
  "players": [
    "lunadream",
    "BoysenOrange"
  ],
  "log": "|j|\u2606lunadream\n|j|\u2606BoysenOrange\n|t:|1776626926\n|gametype|doubles\n|player|p1|lunadream|265|1187\n|player|p2|BoysenOrange|turo|1218\n|gen|9\n|tier|[Gen 9 Champions] VGC 2026 Reg M-A\n|rated|\n|rule|Species Clause: Limit one of each Pok\u00e9mon\n|rule|Item Clause: Limit 1 of each item\n|clearpoke\n|poke|p1|Pikachu, L50, M|\n|poke|p1|Charizard, L50, F|\n|poke|p1|Whimsicott, L50, F|\n|poke|p1|Incineroar, L50, M|\n|poke|p1|Gyarados, L50, F|\n|poke|p1|Aegislash, L50, M|\n|poke|p2|Farigiraf, L50, M|\n|poke|p2|Gardevoir, L50, F|\n|poke|p2|Kangaskhan, L50, F|\n|poke|p2|Camerupt, L50, F|\n|poke|p2|Conkeldurr, L50, F|\n|poke|p2|Tinkaton, L50, F|\n|teampreview|4\n|inactive|Battle timer is ON: inactive players will automatically lose when time's up. (requested by lunadream)\n|inactive|lunadream has 60 seconds left.\n|inactive|BoysenOrange has 60 seconds left.\n|\n|t:|1776626986\n|teamsize|p1|4\n|teamsize|p2|4\n|start\n|switch|p1a: Pikachu|Pikachu, L50, M|100/100\n|switch|p1b: Gyarados|Gyarados, L50, F|100/100\n|switch|p2a: Farigiraf|Farigiraf, L50, M|100/100\n|switch|p2b: Kangaskhan|Kangaskhan, L50, F|100/100\n|-ability|p1b: Gyarados|Intimidate|boost\n|-unboost|p2a: Farigiraf|atk|1\n|-fail|p2b: Kangaskhan|unboost|Attack|[from] ability: Scrappy|[of] p2b: Kangaskhan\n|turn|1\n|inactive|lunadream has 30 seconds left.\n|inactive|lunadream has 20 seconds left.\n|\n|t:|1776627026\n|move|p2b: Kangaskhan|Fake Out|p1a: Pikachu\n|-damage|p1a: Pikachu|21/100\n|cant|p1a: Pikachu|flinch\n|move|p1b: Gyarados|Dragon Dance|p1b: Gyarados\n|-boost|p1b: Gyarados|atk|1\n|-boost|p1b: Gyarados|spe|1\n|move|p2a: Farigiraf|Trick Room|p2a: Farigiraf\n|-fieldstart|move: Trick Room|[of] p2a: Farigiraf\n|\n|upkeep\n|turn|2\n|\n|t:|1776627036\n|switch|p1a: Incineroar|Incineroar, L50, M|100/100\n|-ability|p1a: Incineroar|Intimidate|boost\n|-unboost|p2a: Farigiraf|atk|1\n|-fail|p2b: Kangaskhan|unboost|Attack|[from] ability: Scrappy|[of] p2b: Kangaskhan\n|detailschange|p1b: Gyarados|Gyarados-Mega, L50, F\n|-mega|p1b: Gyarados|Gyarados|Gyaradosite\n|-ability|p1b: Gyarados|Mold Breaker\n|move|p2a: Farigiraf|Hyper Voice|p1a: Incineroar|[spread] p1a,p1b\n|-damage|p1a: Incineroar|78/100\n|-damage|p1b: Gyarados|84/100\n|move|p2b: Kangaskhan|Last Resort|p1b: Gyarados\n|-crit|p1b: Gyarados\n|-damage|p1b: Gyarados|0 fnt\n|faint|p1b: Gyarados\n|\n|upkeep\n|c|\u2606lunadream|god damn\n|\n|t:|1776627060\n|switch|p1b: Aegislash|Aegislash, L50, M|100/100\n|turn|3\n|\n|t:|1776627076\n|-formechange|p1b: Aegislash|Aegislash-Blade|\n|move|p1b: Aegislash|Iron Head|p2a: Farigiraf\n|-damage|p2a: Farigiraf|54/100\n|move|p2a: Farigiraf|Psychic|p1b: Aegislash\n|-resisted|p1b: Aegislash|1\n|-damage|p1b: Aegislash|65/100\n|move|p1a: Incineroar|Snarl|p2a: Farigiraf|[spread] p2a,p2b\n|-supereffective|p2a: Farigiraf|1\n|-damage|p2a: Farigiraf|38/100\n|-damage|p2b: Kangaskhan|91/100\n|-unboost|p2a: Farigiraf|spa|1\n|-unboost|p2b: Kangaskhan|spa|1\n|move|p2b: Kangaskhan|Last Resort|p1a: Incineroar\n|-damage|p1a: Incineroar|16/100\n|\n|-heal|p1b: Aegislash|71/100|[from] item: Leftovers\n|upkeep\n|turn|4\n|inactive|lunadream has 30 seconds left.\n|inactive|BoysenOrange has 30 seconds left.\n|\n|t:|1776627102\n|switch|p2a: Conkeldurr|Conkeldurr, L50, F|100/100\n|move|p1b: Aegislash|Iron Head|p2b: Kangaskhan\n|-damage|p2b: Kangaskhan|45/100\n|move|p1a: Incineroar|Flare Blitz|p2b: Kangaskhan\n|-damage|p2b: Kangaskhan|0 fnt\n|faint|p2b: Kangaskhan\n|-damage|p1a: Incineroar|1/100|[from] Recoil\n|\n|-heal|p1b: Aegislash|77/100|[from] item: Leftovers\n|upkeep\n|inactive|BoysenOrange has 30 seconds left.\n|\n|t:|1776627129\n|switch|p2b: Farigiraf|Farigiraf, L50, M|38/100\n|turn|5\n|\n|t:|1776627146\n|move|p2a: Conkeldurr|Thunder Punch|p1b: Aegislash\n|-damage|p1b: Aegislash|12/100\n|move|p1b: Aegislash|Iron Head|p2a: Conkeldurr\n|-damage|p2a: Conkeldurr|58/100\n|move|p2b: Farigiraf|Hyper Voice|p1a: Incineroar|[spread] p1a\n|-immune|p1b: Aegislash\n|-damage|p1a: Incineroar|0 fnt\n|faint|p1a: Incineroar\n|\n|-heal|p1b: Aegislash|18/100|[from] item: Leftovers\n|-fieldend|move: Trick Room\n|upkeep\n|\n|t:|1776627153\n|switch|p1a: Pikachu|Pikachu, L50, M|21/100\n|turn|6\n|\n|t:|1776627168\n|move|p1b: Aegislash|Wide Guard|p1b: Aegislash\n|-singleturn|p1b: Aegislash|Wide Guard\n|move|p2a: Conkeldurr|Mach Punch|p1a: Pikachu\n|-damage|p1a: Pikachu|0 fnt\n|faint|p1a: Pikachu\n|move|p2b: Farigiraf|Psychic|p1b: Aegislash\n|-resisted|p1b: Aegislash|1\n|-damage|p1b: Aegislash|0 fnt\n|faint|p1b: Aegislash\n|\n|win|BoysenOrange\n|raw|lunadream's rating: 1187 &rarr; <strong>1164</strong><br />(-23 for losing)\n|raw|BoysenOrange's rating: 1218 &rarr; <strong>1241</strong><br />(+23 for winning)\n|l|\u2606lunadream\n|player|p1|\n",
  "uploadtime": 1776627176,
  "views": 11,
  "formatid": "gen9championsvgc2026regma",
  "rating": 1164,
  "private": 0,
  "password": null
}