{
  "id": "gen9championsvgc2026regma-2582807173",
  "format": "[Gen 9 Champions] VGC 2026 Reg M-A",
  "players": [
    "JeanPierre693",
    "juampik"
  ],
  "log": "|j|\u2606JeanPierre693\n|j|\u2606juampik\n|t:|1776115590\n|gametype|doubles\n|player|p1|JeanPierre693|elio|1024\n|player|p2|juampik|169|1000\n|gen|9\n|tier|[Gen 9 Champions] VGC 2026 Reg M-A\n|rated|\n|rule|Species Clause: Limit one of each Pok\u00e9mon\n|rule|Item Clause: Limit 1 of each item\n|clearpoke\n|poke|p1|Froslass, L50, F|\n|poke|p1|Glaceon, L50, F|\n|poke|p1|Mamoswine, L50, M|\n|poke|p1|Milotic, L50, F|\n|poke|p1|Hatterene, L50, F|\n|poke|p1|Aurorus, L50, F|\n|poke|p2|Froslass, L50, F|\n|poke|p2|Maushold, L50|\n|poke|p2|Incineroar, L50, M|\n|poke|p2|Palafin, L50, M|\n|poke|p2|Whimsicott, L50, F|\n|poke|p2|Farigiraf, L50, F|\n|teampreview|4\n|\n|t:|1776115623\n|teamsize|p1|4\n|teamsize|p2|4\n|start\n|switch|p1a: Milotic|Milotic, L50, F|100/100\n|switch|p1b: Froslass|Froslass, L50, F|100/100\n|switch|p2a: Incineroar|Incineroar, L50, M|100/100\n|switch|p2b: Palafin|Palafin, L50, M|100/100\n|-ability|p2a: Incineroar|Intimidate|boost\n|-unboost|p1a: Milotic|atk|1\n|-ability|p1a: Milotic|Competitive|boost\n|-boost|p1a: Milotic|spa|2\n|-unboost|p1b: Froslass|atk|1\n|turn|1\n|\n|t:|1776115664\n|detailschange|p1b: Froslass|Froslass-Mega, L50, F\n|-mega|p1b: Froslass|Froslass|Froslassite\n|-weather|Snowscape|[from] ability: Snow Warning|[of] p1b: Froslass\n|move|p2a: Incineroar|Fake Out|p1a: Milotic\n|-damage|p1a: Milotic|89/100\n|move|p1b: Froslass|Aurora Veil|p1b: Froslass\n|-sidestart|p1: JeanPierre693|move: Aurora Veil\n|move|p2b: Palafin|Flip Turn|p1b: Froslass\n|-damage|p1b: Froslass|81/100\n|\n|t:|1776115675\n|detailschange|p2b: Palafin|Palafin-Hero, L50, M\n|switch|p2b: Whimsicott|Whimsicott, L50, F|100/100|[from] Flip Turn\n|cant|p1a: Milotic|flinch\n|\n|-weather|Snowscape|[upkeep]\n|upkeep\n|turn|2\n|\n|t:|1776115688\n|switch|p1b: Aurorus|Aurorus, L50, F, shiny|100/100\n|move|p2b: Whimsicott|Tailwind|p2b: Whimsicott\n|-sidestart|p2: juampik|move: Tailwind\n|move|p2a: Incineroar|Parting Shot|p1a: Milotic\n|-unboost|p1a: Milotic|atk|1\n|-ability|p1a: Milotic|Competitive|boost\n|-boost|p1a: Milotic|spa|2\n|-unboost|p1a: Milotic|spa|1\n|-ability|p1a: Milotic|Competitive|boost\n|-boost|p1a: Milotic|spa|2\n|\n|t:|1776115702\n|switch|p2a: Froslass|Froslass, L50, F|100/100|[from] Parting Shot\n|move|p1a: Milotic|Ice Beam|p2b: Whimsicott\n|-supereffective|p2b: Whimsicott|1\n|-enditem|p2b: Whimsicott|Focus Sash\n|-damage|p2b: Whimsicott|1/100\n|\n|-weather|Snowscape|[upkeep]\n|upkeep\n|turn|3\n|\n|t:|1776115736\n|detailschange|p2a: Froslass|Froslass-Mega, L50, F\n|-mega|p2a: Froslass|Froslass|Froslassite\n|move|p2a: Froslass|Aurora Veil|p2a: Froslass\n|-sidestart|p2: juampik|move: Aurora Veil\n|move|p2b: Whimsicott|Energy Ball|p1a: Milotic\n|-supereffective|p1a: Milotic|1\n|-damage|p1a: Milotic|63/100\n|move|p1a: Milotic|Scald|p2a: Froslass\n|-damage|p2a: Froslass|12/100\n|move|p1b: Aurorus|Blizzard|p2b: Whimsicott|[spread] p2a,p2b\n|-resisted|p2a: Froslass|1\n|-supereffective|p2b: Whimsicott|1\n|-damage|p2a: Froslass|2/100\n|-damage|p2b: Whimsicott|0 fnt\n|faint|p2b: Whimsicott\n|\n|-weather|Snowscape|[upkeep]\n|upkeep\n|\n|t:|1776115755\n|switch|p2b: Palafin|Palafin-Hero, L50, M|100/100\n|-activate|p2b: Palafin|ability: Zero to Hero\n|turn|4\n|\n|t:|1776115770\n|move|p2a: Froslass|Shadow Ball|p1a: Milotic\n|-damage|p1a: Milotic|46/100\n|move|p2b: Palafin|Wave Crash|p1b: Aurorus\n|-supereffective|p1b: Aurorus|1\n|-crit|p1b: Aurorus\n|-damage|p1b: Aurorus|0 fnt\n|faint|p1b: Aurorus\n|-damage|p2b: Palafin|58/100|[from] Recoil\n|move|p1a: Milotic|Recover|p1a: Milotic\n|-heal|p1a: Milotic|96/100\n|\n|-weather|Snowscape|[upkeep]\n|upkeep\n|\n|t:|1776115782\n|switch|p1b: Glaceon|Glaceon, L50, F, shiny|100/100\n|turn|5\n|\n|t:|1776115795\n|move|p2a: Froslass|Shadow Ball|p1a: Milotic\n|-damage|p1a: Milotic|79/100\n|move|p2b: Palafin|Wave Crash|p1a: Milotic\n|-resisted|p1a: Milotic|1\n|-damage|p1a: Milotic|53/100\n|-damage|p2b: Palafin|48/100|[from] Recoil\n|move|p1a: Milotic|Scald|p2a: Froslass\n|-damage|p2a: Froslass|0 fnt\n|faint|p2a: Froslass\n|move|p1b: Glaceon|Freeze-Dry|p2b: Palafin\n|-supereffective|p2b: Palafin|1\n|-damage|p2b: Palafin|0 fnt\n|faint|p2b: Palafin\n|\n|-weather|none\n|-sideend|p2: juampik|move: Tailwind\n|-sideend|p1: JeanPierre693|move: Aurora Veil\n|upkeep\n|-message|juampik forfeited.\n|\n|win|JeanPierre693\n|raw|JeanPierre693's rating: 1024 &rarr; <strong>1058</strong><br />(+34 for winning)\n|raw|juampik's rating: 1000 &rarr; <strong>1000</strong><br />(+0 for losing)\n|l|\u2606juampik\n|player|p2|\n",
  "uploadtime": 1776115810,
  "views": 14,
  "formatid": "gen9championsvgc2026regma",
  "rating": 1000,
  "private": 0,
  "password": null
}