{
  "id": "gen9championsvgc2026regma-2585734223",
  "format": "[Gen 9 Champions] VGC 2026 Reg M-A",
  "players": [
    "Zerox94",
    "1#MiraidonHater"
  ],
  "log": "|j|\u2606Zerox94\n|j|\u26061#MiraidonHater\n|t:|1776366900\n|gametype|doubles\n|player|p1|Zerox94|silver|1228\n|player|p2|1#MiraidonHater|266|1239\n|gen|9\n|tier|[Gen 9 Champions] VGC 2026 Reg M-A\n|rated|\n|rule|Species Clause: Limit one of each Pok\u00e9mon\n|rule|Item Clause: Limit 1 of each item\n|clearpoke\n|poke|p1|Meowstic, L50, M|\n|poke|p1|Venusaur, L50, F|\n|poke|p1|Torkoal, L50, M|\n|poke|p1|Serperior, L50, M|\n|poke|p1|Charizard, L50, M|\n|poke|p1|Typhlosion, L50, M|\n|poke|p2|Gardevoir, L50, F|\n|poke|p2|Basculegion, L50, M|\n|poke|p2|Tsareena, L50, F|\n|poke|p2|Incineroar, L50, M|\n|poke|p2|Pelipper, L50, F|\n|poke|p2|Archaludon, L50, F|\n|teampreview|4\n|inactive|Battle timer is ON: inactive players will automatically lose when time's up. (requested by Zerox94)\n|\n|t:|1776366939\n|teamsize|p1|4\n|teamsize|p2|4\n|start\n|switch|p1a: Meowstic|Meowstic, L50, M|100/100\n|switch|p1b: Charizard|Charizard, L50, M, shiny|100/100\n|switch|p2a: Bishow|Gardevoir, L50, F|100/100\n|switch|p2b: Shark Crippler|Incineroar, L50, M|100/100\n|-ability|p2b: Shark Crippler|Intimidate|boost\n|-unboost|p1a: Meowstic|atk|1\n|-unboost|p1b: Charizard|atk|1\n|turn|1\n|inactive|Zerox94 has 30 seconds left.\n|\n|t:|1776366970\n|detailschange|p2a: Bishow|Gardevoir-Mega, L50, F\n|-mega|p2a: Bishow|Gardevoir|Gardevoirite\n|move|p1a: Meowstic|Fake Out|p2a: Bishow\n|-damage|p2a: Bishow|95/100\n|move|p2b: Shark Crippler|Fake Out|p1b: Charizard\n|-damage|p1b: Charizard|82/100\n|cant|p1b: Charizard|flinch\n|cant|p2a: Bishow|flinch\n|\n|upkeep\n|turn|2\n|\n|t:|1776366991\n|detailschange|p1b: Charizard|Charizard-Mega-Y, L50, M, shiny\n|-mega|p1b: Charizard|Charizard|Charizardite Y\n|-weather|SunnyDay|[from] ability: Drought|[of] p1b: Charizard\n|move|p1a: Meowstic|Psychic Terrain|p1a: Meowstic\n|-fieldstart|move: Psychic Terrain\n|move|p1b: Charizard|Weather Ball|p2a: Bishow\n|-damage|p2a: Bishow|19/100\n|move|p2a: Bishow|Calm Mind|p2a: Bishow\n|-boost|p2a: Bishow|spa|1\n|-boost|p2a: Bishow|spd|1\n|move|p2b: Shark Crippler|Parting Shot|p1b: Charizard\n|-unboost|p1b: Charizard|atk|1\n|-unboost|p1b: Charizard|spa|1\n|\n|t:|1776366999\n|switch|p2b: Pelipper|Pelipper, L50, F|100/100|[from] Parting Shot\n|-weather|RainDance|[from] ability: Drizzle|[of] p2b: Pelipper\n|\n|-weather|RainDance|[upkeep]\n|upkeep\n|turn|3\n|\n|t:|1776367020\n|move|p2a: Bishow|Protect|p2a: Bishow\n|-singleturn|p2a: Bishow|Protect\n|move|p1a: Meowstic|Expanding Force|p2b: Pelipper|[spread] p2b\n|-activate|p2a: Bishow|move: Protect\n|-damage|p2b: Pelipper|20/100\n|move|p1b: Charizard|Air Slash|p2b: Pelipper\n|-damage|p2b: Pelipper|0 fnt\n|faint|p2b: Pelipper\n|\n|-weather|RainDance|[upkeep]\n|upkeep\n|\n|t:|1776367028\n|switch|p2b: Shark Crippler|Incineroar, L50, M|100/100\n|-ability|p2b: Shark Crippler|Intimidate|boost\n|-unboost|p1a: Meowstic|atk|1\n|-unboost|p1b: Charizard|atk|1\n|turn|4\n|\n|t:|1776367043\n|move|p1a: Meowstic|Expanding Force|p2a: Bishow|[spread] p2a\n|-immune|p2b: Shark Crippler\n|-resisted|p2a: Bishow|1\n|-damage|p2a: Bishow|6/100\n|move|p1b: Charizard|Weather Ball|p2b: Shark Crippler\n|-supereffective|p2b: Shark Crippler|1\n|-damage|p2b: Shark Crippler|17/100\n|move|p2a: Bishow|Psychic|p1b: Charizard\n|-damage|p1b: Charizard|0 fnt\n|faint|p1b: Charizard\n|move|p2b: Shark Crippler|Throat Chop|p1a: Meowstic\n|-supereffective|p1a: Meowstic|1\n|-enditem|p1a: Meowstic|Focus Sash\n|-damage|p1a: Meowstic|1/100\n|-start|p1a: Meowstic|Throat Chop|[silent]\n|\n|-weather|RainDance|[upkeep]\n|upkeep\n|\n|t:|1776367061\n|switch|p1b: Typhlosion|Typhlosion, L50, M|100/100\n|turn|5\n|\n|t:|1776367078\n|move|p2a: Bishow|Protect|p2a: Bishow\n|-singleturn|p2a: Bishow|Protect\n|move|p1b: Typhlosion|Scorching Sands|p2b: Shark Crippler\n|-supereffective|p2b: Shark Crippler|1\n|-enditem|p2b: Shark Crippler|Shuca Berry|[eat]\n|-enditem|p2b: Shark Crippler|Shuca Berry|[weaken]\n|-damage|p2b: Shark Crippler|0 fnt\n|faint|p2b: Shark Crippler\n|move|p1a: Meowstic|Expanding Force|p2a: Bishow\n|-activate|p2a: Bishow|move: Protect\n|\n|-weather|RainDance|[upkeep]\n|-end|p1a: Meowstic|Throat Chop|[silent]\n|upkeep\n|\n|t:|1776367085\n|switch|p2b: EVERY LAST DROP|Archaludon, L50, F|100/100\n|turn|6\n|inactive|Zerox94 has 30 seconds left.\n|\n|t:|1776367114\n|move|p1b: Typhlosion|Scorching Sands|p2b: EVERY LAST DROP\n|-supereffective|p2b: EVERY LAST DROP|1\n|-damage|p2b: EVERY LAST DROP|32/100\n|move|p1a: Meowstic|Expanding Force|p2b: EVERY LAST DROP|[spread] p2a,p2b\n|-resisted|p2a: Bishow|1\n|-resisted|p2b: EVERY LAST DROP|1\n|-damage|p2a: Bishow|0 fnt\n|-damage|p2b: EVERY LAST DROP|1/100\n|faint|p2a: Bishow\n|move|p2b: EVERY LAST DROP|Electro Shot||[still]\n|-prepare|p2b: EVERY LAST DROP|Electro Shot\n|-boost|p2b: EVERY LAST DROP|spa|1\n|-anim|p2b: EVERY LAST DROP|Electro Shot|p1b: Typhlosion\n|-damage|p1b: Typhlosion|0 fnt\n|faint|p1b: Typhlosion\n|\n|-weather|none\n|-fieldend|move: Psychic Terrain\n|upkeep\n|\n|t:|1776367125\n|switch|p1b: Torkoal|Torkoal, L50, M|100/100\n|-weather|SunnyDay|[from] ability: Drought|[of] p1b: Torkoal\n|turn|7\n|\n|t:|1776367136\n|move|p1a: Meowstic|Expanding Force|p2b: EVERY LAST DROP\n|-resisted|p2b: EVERY LAST DROP|1\n|-damage|p2b: EVERY LAST DROP|0 fnt\n|faint|p2b: EVERY LAST DROP\n|\n|win|Zerox94\n|raw|Zerox94's rating: 1228 &rarr; <strong>1254</strong><br />(+26 for winning)\n|raw|1#MiraidonHater's rating: 1239 &rarr; <strong>1213</strong><br />(-26 for losing)\n|l|\u26061#MiraidonHater\n|player|p2|\n",
  "uploadtime": 1776367143,
  "views": 20,
  "formatid": "gen9championsvgc2026regma",
  "rating": 1213,
  "private": 0,
  "password": null
}