{
  "id": "gen9championsvgc2026regma-2587951355",
  "format": "[Gen 9 Champions] VGC 2026 Reg M-A",
  "players": [
    "kikipon",
    "nicorniov9"
  ],
  "log": "|j|\u2606kikipon\n|j|\u2606nicorniov9\n|t:|1776583770\n|gametype|doubles\n|player|p1|kikipon|101|1244\n|player|p2|nicorniov9|bruno|1155\n|gen|9\n|tier|[Gen 9 Champions] VGC 2026 Reg M-A\n|rated|\n|rule|Species Clause: Limit one of each Pok\u00e9mon\n|rule|Item Clause: Limit 1 of each item\n|clearpoke\n|poke|p1|Gardevoir, L50, F|\n|poke|p1|Goodra-Hisui, L50, F|\n|poke|p1|Basculegion, L50, M|\n|poke|p1|Hydreigon, L50, M|\n|poke|p1|Whimsicott, L50, M|\n|poke|p1|Incineroar, L50, M|\n|poke|p2|Aegislash, L50, F|\n|poke|p2|Farigiraf, L50, M|\n|poke|p2|Kommo-o, L50, M|\n|poke|p2|Crabominable, L50, F|\n|poke|p2|Incineroar, L50, M, shiny|\n|poke|p2|Aerodactyl, L50, M, shiny|\n|teampreview|4\n|inactive|Battle timer is ON: inactive players will automatically lose when time's up. (requested by kikipon)\n|\n|t:|1776583843\n|teamsize|p1|4\n|teamsize|p2|4\n|start\n|switch|p1a: Hydreigon|Hydreigon, L50, M|100/100\n|switch|p1b: Gardevoir|Gardevoir, L50, F|100/100\n|switch|p2a: Kommo-o|Kommo-o, L50, M|100/100\n|switch|p2b: Farigiraf|Farigiraf, L50, M|100/100\n|turn|1\n|\n|t:|1776583861\n|detailschange|p1b: Gardevoir|Gardevoir-Mega, L50, F\n|-mega|p1b: Gardevoir|Gardevoir|Gardevoirite\n|move|p2a: Kommo-o|Protect|p2a: Kommo-o\n|-singleturn|p2a: Kommo-o|Protect\n|move|p1a: Hydreigon|Dark Pulse|p2b: Farigiraf\n|-supereffective|p2b: Farigiraf|1\n|-enditem|p2b: Farigiraf|Colbur Berry|[eat]\n|-enditem|p2b: Farigiraf|Colbur Berry|[weaken]\n|-damage|p2b: Farigiraf|51/100\n|move|p1b: Gardevoir|Hyper Voice|p2a: Kommo-o|[spread] p2b\n|-activate|p2a: Kommo-o|move: Protect\n|-damage|p2b: Farigiraf|1/100\n|move|p2b: Farigiraf|Trick Room|p2b: Farigiraf\n|-fieldstart|move: Trick Room|[of] p2b: Farigiraf\n|\n|upkeep\n|turn|2\n|inactive|nicorniov9 has 30 seconds left.\n|\n|t:|1776583893\n|move|p1b: Gardevoir|Protect|p1b: Gardevoir\n|-singleturn|p1b: Gardevoir|Protect\n|move|p1a: Hydreigon|Protect|p1a: Hydreigon\n|-singleturn|p1a: Hydreigon|Protect\n|move|p2b: Farigiraf|Hyper Voice|p1a: Hydreigon|[spread] \n|-activate|p1a: Hydreigon|move: Protect\n|-activate|p1b: Gardevoir|move: Protect\n|move|p2a: Kommo-o|Clanging Scales|p1b: Gardevoir|[spread] \n|-activate|p1a: Hydreigon|move: Protect\n|-activate|p1b: Gardevoir|move: Protect\n|\n|upkeep\n|turn|3\n|\n|t:|1776583911\n|switch|p1a: Incineroar|Incineroar, L50, M|100/100\n|-ability|p1a: Incineroar|Intimidate|boost\n|-unboost|p2a: Kommo-o|atk|1\n|-unboost|p2b: Farigiraf|atk|1\n|move|p2b: Farigiraf|Hyper Voice|p1b: Gardevoir|[spread] p1a,p1b\n|-damage|p1a: Incineroar|74/100\n|-damage|p1b: Gardevoir|76/100\n|move|p2a: Kommo-o|Clanging Scales|p1b: Gardevoir|[spread] p1a\n|-immune|p1b: Gardevoir\n|-damage|p1a: Incineroar|43/100\n|-enditem|p1a: Incineroar|Sitrus Berry|[eat]\n|-heal|p1a: Incineroar|67/100|[from] item: Sitrus Berry\n|-unboost|p2a: Kommo-o|def|1\n|move|p1b: Gardevoir|Hyper Voice|p2a: Kommo-o|[spread] p2b\n|-immune|p2a: Kommo-o|[from] ability: Soundproof\n|-damage|p2b: Farigiraf|0 fnt\n|faint|p2b: Farigiraf\n|\n|upkeep\n|\n|t:|1776583931\n|switch|p2b: Aegislash|Aegislash, L50, F|100/100\n|turn|4\n|\n|t:|1776583953\n|move|p1b: Gardevoir|Protect|p1b: Gardevoir\n|-singleturn|p1b: Gardevoir|Protect\n|move|p1a: Incineroar|Fake Out|p2a: Kommo-o\n|-damage|p2a: Kommo-o|88/100\n|-formechange|p2b: Aegislash|Aegislash-Blade|\n|move|p2b: Aegislash|Flash Cannon|p1b: Gardevoir\n|-activate|p1b: Gardevoir|move: Protect\n|cant|p2a: Kommo-o|flinch\n|\n|-heal|p2a: Kommo-o|94/100|[from] item: Leftovers\n|upkeep\n|turn|5\n|inactive|kikipon has 30 seconds left.\n|inactive|kikipon has 20 seconds left.\n|\n|t:|1776583992\n|-formechange|p2b: Aegislash|Aegislash|\n|move|p2b: Aegislash|King's Shield|p2b: Aegislash\n|-singleturn|p2b: Aegislash|Protect\n|move|p1a: Incineroar|Flare Blitz|p2a: Kommo-o\n|-resisted|p2a: Kommo-o|1\n|-damage|p2a: Kommo-o|70/100\n|-damage|p1a: Incineroar|60/100|[from] Recoil\n|move|p2a: Kommo-o|Aura Sphere|p1a: Incineroar\n|-supereffective|p1a: Incineroar|1\n|-damage|p1a: Incineroar|2/100\n|move|p1b: Gardevoir|Will-O-Wisp|p2a: Kommo-o\n|-status|p2a: Kommo-o|brn\n|\n|-heal|p2a: Kommo-o|76/100 brn|[from] item: Leftovers\n|-damage|p2a: Kommo-o|70/100 brn|[from] brn\n|-fieldend|move: Trick Room\n|upkeep\n|turn|6\n|inactive|kikipon has 30 seconds left.\n|inactive|nicorniov9 has 30 seconds left.\n|\n|t:|1776584017\n|move|p1b: Gardevoir|Hyper Voice|p2a: Kommo-o|[spread] p2b\n|-immune|p2a: Kommo-o|[from] ability: Soundproof\n|-resisted|p2b: Aegislash|1\n|-damage|p2b: Aegislash|79/100\n|move|p2a: Kommo-o|Aura Sphere|p1a: Incineroar\n|-supereffective|p1a: Incineroar|1\n|-damage|p1a: Incineroar|0 fnt\n|faint|p1a: Incineroar\n|-formechange|p2b: Aegislash|Aegislash-Blade|\n|move|p2b: Aegislash|Flash Cannon|p1b: Gardevoir\n|-supereffective|p1b: Gardevoir|1\n|-damage|p1b: Gardevoir|0 fnt\n|faint|p1b: Gardevoir\n|\n|-heal|p2a: Kommo-o|76/100 brn|[from] item: Leftovers\n|-damage|p2a: Kommo-o|70/100 brn|[from] brn\n|upkeep\n|\n|t:|1776584030\n|switch|p1b: Basculegion|Basculegion, L50, M|100/100\n|switch|p1a: Hydreigon|Hydreigon, L50, M|100/100\n|turn|7\n|\n|t:|1776584043\n|move|p2a: Kommo-o|Protect|p2a: Kommo-o\n|-singleturn|p2a: Kommo-o|Protect\n|-formechange|p2b: Aegislash|Aegislash|\n|move|p2b: Aegislash|King's Shield|p2b: Aegislash\n|-singleturn|p2b: Aegislash|Protect\n|move|p1b: Basculegion|Last Respects|p2a: Kommo-o\n|-activate|p2a: Kommo-o|move: Protect\n|move|p1a: Hydreigon|Dark Pulse|p2b: Aegislash\n|-activate|p2b: Aegislash|move: Protect\n|\n|-heal|p2a: Kommo-o|76/100 brn|[from] item: Leftovers\n|-damage|p2a: Kommo-o|70/100 brn|[from] brn\n|upkeep\n|turn|8\n|\n|t:|1776584054\n|move|p1b: Basculegion|Last Respects|p2a: Kommo-o\n|-damage|p2a: Kommo-o|0 fnt\n|faint|p2a: Kommo-o\n|move|p1a: Hydreigon|Dark Pulse|p2b: Aegislash\n|-supereffective|p2b: Aegislash|1\n|-damage|p2b: Aegislash|0 fnt\n|faint|p2b: Aegislash\n|\n|upkeep\n|\n|t:|1776584057\n|switch|p2a: Crabominable|Crabominable, L50, F|100/100\n|turn|9\n|\n|t:|1776584070\n|detailschange|p2a: Crabominable|Crabominable-Mega, L50, F\n|-mega|p2a: Crabominable|Crabominable|Crabominite\n|move|p1a: Hydreigon|Protect|p1a: Hydreigon\n|-singleturn|p1a: Hydreigon|Protect\n|move|p1b: Basculegion|Last Respects|p2a: Crabominable\n|-damage|p2a: Crabominable|28/100\n|move|p2a: Crabominable|Knock Off|p1b: Basculegion\n|-supereffective|p1b: Basculegion|1\n|-damage|p1b: Basculegion|0 fnt\n|-enditem|p1b: Basculegion|Choice Scarf|[from] move: Knock Off|[of] p2a: Crabominable\n|faint|p1b: Basculegion\n|\n|upkeep\n|turn|10\n|\n|t:|1776584094\n|move|p1a: Hydreigon|Earth Power|p2a: Crabominable\n|-damage|p2a: Crabominable|1/100\n|move|p2a: Crabominable|Drain Punch|p1a: Hydreigon\n|-supereffective|p1a: Hydreigon|1\n|-damage|p1a: Hydreigon|0 fnt\n|-heal|p2a: Crabominable|45/100|[from] drain|[of] p1a: Hydreigon\n|faint|p1a: Hydreigon\n|\n|win|nicorniov9\n|raw|kikipon's rating: 1244 &rarr; <strong>1213</strong><br />(-31 for losing)\n|raw|nicorniov9's rating: 1155 &rarr; <strong>1186</strong><br />(+31 for winning)\n|l|\u2606kikipon\n|player|p1|\n",
  "uploadtime": 1776584104,
  "views": 11,
  "formatid": "gen9championsvgc2026regma",
  "rating": 1186,
  "private": 0,
  "password": null
}