{
  "id": "gen9championsvgc2026regma-2583784388",
  "format": "[Gen 9 Champions] VGC 2026 Reg M-A",
  "players": [
    "cerdicactus",
    "joshferd"
  ],
  "log": "|j|\u2606cerdicactus\n|j|\u2606joshferd\n|t:|1776197476\n|gametype|doubles\n|player|p1|cerdicactus|juan|1170\n|player|p2|joshferd|266|1100\n|gen|9\n|tier|[Gen 9 Champions] VGC 2026 Reg M-A\n|rated|\n|rule|Species Clause: Limit one of each Pok\u00e9mon\n|rule|Item Clause: Limit 1 of each item\n|clearpoke\n|poke|p1|Mamoswine, L50, F|\n|poke|p1|Froslass, L50, F|\n|poke|p1|Slowking, L50, F|\n|poke|p1|Sinistcha, L50|\n|poke|p1|Avalugg-Hisui, L50, M|\n|poke|p1|Camerupt, L50, M|\n|poke|p2|Ditto, L50|\n|poke|p2|Gardevoir, L50, F|\n|poke|p2|Raichu-Alola, L50, M|\n|poke|p2|Incineroar, L50, F|\n|poke|p2|Kommo-o, L50, F|\n|poke|p2|Sinistcha-Masterpiece, L50|\n|teampreview|4\n|\n|t:|1776197502\n|teamsize|p1|4\n|teamsize|p2|4\n|start\n|switch|p1a: Camerupt|Camerupt, L50, M|100/100\n|switch|p1b: Slowking|Slowking, L50, F|100/100\n|switch|p2a: Incineroar|Incineroar, L50, F|100/100\n|switch|p2b: Sinistcha|Sinistcha-Masterpiece, L50|100/100\n|-ability|p2a: Incineroar|Intimidate|boost\n|-unboost|p1a: Camerupt|atk|1\n|-unboost|p1b: Slowking|atk|1\n|turn|1\n|\n|t:|1776197523\n|switch|p2b: Kommo-o|Kommo-o, L50, F|100/100\n|move|p2a: Incineroar|Fake Out|p1b: Slowking\n|-damage|p1b: Slowking|91/100\n|move|p1a: Camerupt|Earth Power|p2a: Incineroar\n|-supereffective|p2a: Incineroar|1\n|-damage|p2a: Incineroar|31/100\n|cant|p1b: Slowking|flinch\n|\n|upkeep\n|turn|2\n|\n|t:|1776197545\n|move|p2b: Kommo-o|Iron Defense|p2b: Kommo-o\n|-boost|p2b: Kommo-o|def|2\n|move|p2a: Incineroar|Parting Shot|p1a: Camerupt\n|-unboost|p1a: Camerupt|atk|1\n|-unboost|p1a: Camerupt|spa|1\n|\n|t:|1776197550\n|switch|p2a: Sinistcha|Sinistcha-Masterpiece, L50|100/100|[from] Parting Shot\n|move|p1a: Camerupt|Earth Power|p2a: Sinistcha\n|-resisted|p2a: Sinistcha|1\n|-crit|p2a: Sinistcha\n|-damage|p2a: Sinistcha|65/100\n|move|p1b: Slowking|Trick Room|p1b: Slowking\n|-fieldstart|move: Trick Room|[of] p1b: Slowking\n|\n|upkeep\n|turn|3\n|\n|t:|1776197581\n|switch|p2a: Incineroar|Incineroar, L50, F|31/100\n|-ability|p2a: Incineroar|Intimidate|boost\n|-unboost|p1a: Camerupt|atk|1\n|-unboost|p1b: Slowking|atk|1\n|move|p2b: Kommo-o|Protect|p2b: Kommo-o\n|-singleturn|p2b: Kommo-o|Protect\n|-prepare|p1b: Slowking|Chilly Reception|[premajor]\n|move|p1b: Slowking|Chilly Reception|p1b: Slowking\n|-weather|Snowscape\n|\n|t:|1776197595\n|switch|p1b: Mamoswine|Mamoswine, L50, F|100/100|[from] Chilly Reception\n|move|p1a: Camerupt|Heat Wave|p2a: Incineroar|[spread] p2a\n|-activate|p2b: Kommo-o|move: Protect\n|-resisted|p2a: Incineroar|1\n|-damage|p2a: Incineroar|21/100\n|\n|-weather|Snowscape|[upkeep]\n|upkeep\n|turn|4\n|\n|t:|1776197635\n|move|p2a: Incineroar|Fake Out|p1a: Camerupt\n|-damage|p1a: Camerupt|83/100\n|cant|p1a: Camerupt|flinch\n|move|p1b: Mamoswine|Curse|p1b: Mamoswine\n|-unboost|p1b: Mamoswine|spe|1\n|-boost|p1b: Mamoswine|atk|1\n|-boost|p1b: Mamoswine|def|1\n|move|p2b: Kommo-o|Body Press|p1b: Mamoswine|[miss]\n|-miss|p2b: Kommo-o|p1b: Mamoswine\n|\n|-weather|Snowscape|[upkeep]\n|upkeep\n|turn|5\n|\n|t:|1776197663\n|move|p1a: Camerupt|Heat Wave|p2a: Incineroar|[spread] p2a,p2b\n|-resisted|p2a: Incineroar|1\n|-resisted|p2b: Kommo-o|1\n|-crit|p2b: Kommo-o\n|-damage|p2a: Incineroar|11/100\n|-damage|p2b: Kommo-o|77/100\n|move|p1b: Mamoswine|Icicle Crash|p2b: Kommo-o\n|-supereffective|p2b: Kommo-o|1\n|-crit|p2b: Kommo-o\n|-damage|p2b: Kommo-o|0 fnt\n|faint|p2b: Kommo-o\n|move|p2a: Incineroar|Parting Shot|p1a: Camerupt\n|-unboost|p1a: Camerupt|atk|1\n|-unboost|p1a: Camerupt|spa|1\n|-message|joshferd forfeited.\n|\n|win|cerdicactus\n|raw|cerdicactus's rating: 1170 &rarr; <strong>1190</strong><br />(+20 for winning)\n|raw|joshferd's rating: 1100 &rarr; <strong>1080</strong><br />(-20 for losing)\n|l|\u2606joshferd\n|player|p2|\n",
  "uploadtime": 1776197677,
  "views": 14,
  "formatid": "gen9championsvgc2026regma",
  "rating": 1080,
  "private": 0,
  "password": null
}