{
  "id": "gen9championsvgc2026regma-2582580969",
  "format": "[Gen 9 Champions] VGC 2026 Reg M-A",
  "players": [
    "JD20shoots3s",
    "RainCalc"
  ],
  "log": "|j|\u2606JD20shoots3s\n|j|\u2606RainCalc\n|t:|1776100685\n|gametype|doubles\n|player|p1|JD20shoots3s|hoopster|1022\n|player|p2|RainCalc|volkner|1065\n|gen|9\n|tier|[Gen 9 Champions] VGC 2026 Reg M-A\n|rated|\n|rule|Species Clause: Limit one of each Pok\u00e9mon\n|rule|Item Clause: Limit 1 of each item\n|clearpoke\n|poke|p1|Incineroar, L50, F|\n|poke|p1|Klefki, L50, M|\n|poke|p1|Crabominable, L50, M|\n|poke|p1|Garganacl, L50, M|\n|poke|p1|Araquanid, L50, F|\n|poke|p1|Camerupt, L50, F|\n|poke|p2|Aggron, L50, M|\n|poke|p2|Incineroar, L50, F|\n|poke|p2|Sinistcha, L50|\n|poke|p2|Tyranitar, L50, M|\n|poke|p2|Sneasler, L50, M|\n|poke|p2|Lycanroc, L50, M|\n|teampreview|4\n|inactive|Battle timer is ON: inactive players will automatically lose when time's up. (requested by JD20shoots3s)\n|inactive|RainCalc has 60 seconds left.\n|inactive|RainCalc has 30 seconds left.\n|inactive|RainCalc has 20 seconds left.\n|inactive|RainCalc has 15 seconds left.\n|inactive|RainCalc has 10 seconds left.\n|\n|t:|1776100770\n|teamsize|p1|4\n|teamsize|p2|4\n|start\n|switch|p1a: Klefki|Klefki, L50, M|100/100\n|switch|p1b: Incineroar|Incineroar, L50, F|100/100\n|switch|p2a: Tyranitar|Tyranitar, L50, M|100/100\n|switch|p2b: Lycanroc|Lycanroc, L50, M, shiny|100/100\n|-weather|Sandstorm|[from] ability: Sand Stream|[of] p2a: Tyranitar\n|-ability|p1b: Incineroar|Intimidate|boost\n|-unboost|p2a: Tyranitar|atk|1\n|-unboost|p2b: Lycanroc|atk|1\n|turn|1\n|inactive|JD20shoots3s has 30 seconds left.\n|inactive|JD20shoots3s has 20 seconds left.\n|inactive|JD20shoots3s has 15 seconds left.\n|inactive|JD20shoots3s has 10 seconds left.\n|\n|t:|1776100816\n|switch|p1b: Araquanid|Araquanid, L50, F|100/100\n|move|p1a: Klefki|Rain Dance|p1a: Klefki\n|-weather|RainDance\n|move|p2b: Lycanroc|Rock Slide|p1a: Klefki|[spread] p1a\n|-miss|p2b: Lycanroc|p1b: Araquanid\n|-resisted|p1a: Klefki|1\n|-damage|p1a: Klefki|93/100\n|move|p2a: Tyranitar|Rock Slide|p1a: Klefki|[spread] p1a,p1b\n|-resisted|p1a: Klefki|1\n|-supereffective|p1b: Araquanid|1\n|-damage|p1a: Klefki|83/100\n|-damage|p1b: Araquanid|51/100\n|\n|-weather|RainDance|[upkeep]\n|upkeep\n|turn|2\n|inactive|JD20shoots3s has 30 seconds left.\n|inactive|RainCalc has 30 seconds left.\n|inactive|RainCalc has 20 seconds left.\n|\n|t:|1776100855\n|switch|p2a: Incineroar|Incineroar, L50, F, shiny|100/100\n|-ability|p2a: Incineroar|Intimidate|boost\n|-unboost|p1a: Klefki|atk|1\n|-unboost|p1b: Araquanid|atk|1\n|move|p2b: Lycanroc|Rock Slide|p1b: Araquanid|[spread] p1a,p1b\n|-resisted|p1a: Klefki|1\n|-supereffective|p1b: Araquanid|1\n|-damage|p1a: Klefki|75/100\n|-damage|p1b: Araquanid|9/100\n|move|p1b: Araquanid|Liquidation|p2b: Lycanroc\n|-supereffective|p2b: Lycanroc|1\n|-enditem|p2b: Lycanroc|Focus Sash\n|-damage|p2b: Lycanroc|1/100\n|move|p1a: Klefki|Trick Room|p1a: Klefki\n|-fieldstart|move: Trick Room|[of] p1a: Klefki\n|\n|-weather|RainDance|[upkeep]\n|upkeep\n|turn|3\n|\n|t:|1776100878\n|switch|p1a: Incineroar|Incineroar, L50, F|100/100\n|-ability|p1a: Incineroar|Intimidate|boost\n|-unboost|p2a: Incineroar|atk|1\n|-unboost|p2b: Lycanroc|atk|1\n|move|p1b: Araquanid|Protect|p1b: Araquanid\n|-singleturn|p1b: Araquanid|Protect\n|move|p2a: Incineroar|Fake Out|p1b: Araquanid\n|-activate|p1b: Araquanid|move: Protect\n|move|p2b: Lycanroc|Endeavor|p1a: Incineroar\n|-damage|p1a: Incineroar|1/100\n|\n|-weather|RainDance|[upkeep]\n|upkeep\n|turn|4\n|c|\u2606JD20shoots3s|FEAR LYCANROC LOL THAT'S AWESOME\n|inactive|JD20shoots3s has 30 seconds left.\n|c|\u2606RainCalc|ty\n|inactive|JD20shoots3s has 20 seconds left.\n|\n|t:|1776100916\n|switch|p1b: Klefki|Klefki, L50, M|75/100\n|move|p1a: Incineroar|Fake Out|p2b: Lycanroc\n|-resisted|p2b: Lycanroc|1\n|-damage|p2b: Lycanroc|0 fnt\n|faint|p2b: Lycanroc\n|move|p2a: Incineroar|Darkest Lariat|p1b: Klefki\n|-resisted|p1b: Klefki|1\n|-damage|p1b: Klefki|66/100\n|\n|-weather|RainDance|[upkeep]\n|upkeep\n|\n|t:|1776100923\n|switch|p2b: Tyranitar|Tyranitar, L50, M|100/100\n|-weather|Sandstorm|[from] ability: Sand Stream|[of] p2b: Tyranitar\n|turn|5\n|\n|t:|1776100934\n|move|p1b: Klefki|Rain Dance|p1b: Klefki\n|-weather|RainDance\n|move|p1a: Incineroar|Parting Shot|p2b: Tyranitar\n|-unboost|p2b: Tyranitar|atk|1\n|-unboost|p2b: Tyranitar|spa|1\n|\n|t:|1776100948\n|switch|p1a: Crabominable|Crabominable, L50, M|100/100|[from] Parting Shot\n|move|p2a: Incineroar|Flare Blitz|p1b: Klefki\n|-supereffective|p1b: Klefki|1\n|-damage|p1b: Klefki|40/100\n|-damage|p2a: Incineroar|93/100|[from] Recoil\n|move|p2b: Tyranitar|Rock Slide|p1a: Crabominable|[spread] p1a,p1b\n|-resisted|p1b: Klefki|1\n|-damage|p1a: Crabominable|78/100\n|-damage|p1b: Klefki|31/100\n|\n|-weather|RainDance|[upkeep]\n|upkeep\n|turn|6\n|inactive|RainCalc has 30 seconds left.\n|\n|t:|1776100973\n|switch|p1b: Incineroar|Incineroar, L50, F|1/100\n|-ability|p1b: Incineroar|Intimidate|boost\n|-unboost|p2a: Incineroar|atk|1\n|-unboost|p2b: Tyranitar|atk|1\n|detailschange|p1a: Crabominable|Crabominable-Mega, L50, M\n|-mega|p1a: Crabominable|Crabominable|Crabominite\n|move|p2b: Tyranitar|Protect|p2b: Tyranitar\n|-singleturn|p2b: Tyranitar|Protect\n|move|p1a: Crabominable|Drain Punch|p2b: Tyranitar\n|-activate|p2b: Tyranitar|move: Protect\n|move|p2a: Incineroar|Flare Blitz|p1b: Incineroar\n|-resisted|p1b: Incineroar|1\n|-damage|p1b: Incineroar|0 fnt\n|faint|p1b: Incineroar\n|-damage|p2a: Incineroar|93/100|[from] Recoil\n|\n|-weather|RainDance|[upkeep]\n|-fieldend|move: Trick Room\n|upkeep\n|\n|t:|1776100991\n|switch|p1b: Klefki|Klefki, L50, M|31/100\n|turn|7\n|inactive|RainCalc has 30 seconds left.\n|inactive|RainCalc has 20 seconds left.\n|\n|t:|1776101028\n|move|p1a: Crabominable|Protect|p1a: Crabominable\n|-singleturn|p1a: Crabominable|Protect\n|move|p2b: Tyranitar|Low Kick|p1a: Crabominable\n|-activate|p1a: Crabominable|move: Protect\n|move|p2a: Incineroar|Flare Blitz|p1b: Klefki\n|-supereffective|p1b: Klefki|1\n|-damage|p1b: Klefki|13/100\n|-damage|p2a: Incineroar|88/100|[from] Recoil\n|move|p1b: Klefki|Trick Room|p1b: Klefki\n|-fieldstart|move: Trick Room|[of] p1b: Klefki\n|\n|-weather|RainDance|[upkeep]\n|upkeep\n|turn|8\n|\n|t:|1776101044\n|move|p1b: Klefki|Protect|p1b: Klefki\n|-singleturn|p1b: Klefki|Protect\n|move|p1a: Crabominable|Drain Punch|p2a: Incineroar\n|-supereffective|p2a: Incineroar|1\n|-damage|p2a: Incineroar|0 fnt\n|-heal|p1a: Crabominable|100/100|[from] drain|[of] p2a: Incineroar\n|faint|p2a: Incineroar\n|move|p2b: Tyranitar|Low Kick|p1a: Crabominable\n|-supereffective|p1a: Crabominable|1\n|-damage|p1a: Crabominable|65/100\n|\n|-weather|RainDance|[upkeep]\n|upkeep\n|\n|t:|1776101047\n|switch|p2a: THE WALL|Aggron, L50, M, shiny|100/100\n|turn|9\n|\n|t:|1776101070\n|switch|p1b: Araquanid|Araquanid, L50, F|9/100\n|detailschange|p2a: THE WALL|Aggron-Mega, L50, M, shiny\n|-mega|p2a: THE WALL|Aggron|Aggronite\n|move|p2b: Tyranitar|Protect|p2b: Tyranitar\n|-singleturn|p2b: Tyranitar|Protect\n|move|p1a: Crabominable|Drain Punch|p2a: THE WALL\n|-supereffective|p2a: THE WALL|1\n|-damage|p2a: THE WALL|63/100\n|-heal|p1a: Crabominable|82/100|[from] drain|[of] p2a: THE WALL\n|move|p2a: THE WALL|Iron Defense|p2a: THE WALL\n|-boost|p2a: THE WALL|def|2\n|\n|-weather|none\n|upkeep\n|turn|10\n|inactive|RainCalc has 30 seconds left.\n|\n|t:|1776101099\n|move|p2a: THE WALL|Protect|p2a: THE WALL\n|-singleturn|p2a: THE WALL|Protect\n|move|p1a: Crabominable|Drain Punch|p2b: Tyranitar\n|-supereffective|p2b: Tyranitar|2\n|-damage|p2b: Tyranitar|0 fnt\n|-heal|p1a: Crabominable|100/100|[from] drain|[of] p2b: Tyranitar\n|faint|p2b: Tyranitar\n|move|p1b: Araquanid|Infestation|p2a: THE WALL\n|-activate|p2a: THE WALL|move: Protect\n|\n|upkeep\n|turn|11\n|\n|t:|1776101119\n|switch|p1b: Klefki|Klefki, L50, M|13/100\n|move|p1a: Crabominable|Drain Punch|p2a: THE WALL\n|-supereffective|p2a: THE WALL|1\n|-damage|p2a: THE WALL|47/100\n|move|p2a: THE WALL|Heavy Slam|p1a: Crabominable\n|-supereffective|p1a: Crabominable|1\n|-damage|p1a: Crabominable|68/100\n|\n|-fieldend|move: Trick Room\n|upkeep\n|turn|12\n|\n|t:|1776101136\n|move|p1a: Crabominable|Protect|p1a: Crabominable\n|-singleturn|p1a: Crabominable|Protect\n|move|p1b: Klefki|Rain Dance|p1b: Klefki\n|-weather|RainDance\n|move|p2a: THE WALL|Iron Defense|p2a: THE WALL\n|-boost|p2a: THE WALL|def|2\n|\n|-weather|RainDance|[upkeep]\n|upkeep\n|turn|13\n|\n|t:|1776101149\n|move|p2a: THE WALL|Body Press|p1a: Crabominable\n|-supereffective|p1a: Crabominable|1\n|-damage|p1a: Crabominable|0 fnt\n|faint|p1a: Crabominable\n|move|p1b: Klefki|Trick Room|p1b: Klefki\n|-fieldstart|move: Trick Room|[of] p1b: Klefki\n|\n|-weather|RainDance|[upkeep]\n|upkeep\n|\n|t:|1776101156\n|switch|p1a: Araquanid|Araquanid, L50, F|9/100\n|turn|14\n|\n|t:|1776101165\n|move|p1b: Klefki|Protect|p1b: Klefki\n|-singleturn|p1b: Klefki|Protect\n|move|p1a: Araquanid|Liquidation|p2a: THE WALL\n|-damage|p2a: THE WALL|31/100\n|move|p2a: THE WALL|Body Press|p1b: Klefki\n|-activate|p1b: Klefki|move: Protect\n|\n|-weather|RainDance|[upkeep]\n|upkeep\n|turn|15\n|\n|t:|1776101187\n|move|p1b: Klefki|Protect||[still]\n|-fail|p1b: Klefki\n|move|p1a: Araquanid|Infestation|p2a: THE WALL\n|-resisted|p2a: THE WALL|1\n|-damage|p2a: THE WALL|28/100\n|-activate|p2a: THE WALL|move: Infestation|[of] p1a: Araquanid\n|move|p2a: THE WALL|Body Press|p1b: Klefki\n|-damage|p1b: Klefki|0 fnt\n|faint|p1b: Klefki\n|\n|-weather|RainDance|[upkeep]\n|-damage|p2a: THE WALL|15/100|[from] move: Infestation|[partiallytrapped]\n|upkeep\n|turn|16\n|c|\u2606RainCalc|gg\n|c|\u2606JD20shoots3s|GG\n|\n|t:|1776101203\n|move|p1a: Araquanid|Protect|p1a: Araquanid\n|-singleturn|p1a: Araquanid|Protect\n|move|p2a: THE WALL|Body Press|p1a: Araquanid\n|-activate|p1a: Araquanid|move: Protect\n|\n|-weather|none\n|-damage|p2a: THE WALL|3/100|[from] move: Infestation|[partiallytrapped]\n|upkeep\n|turn|17\n|\n|t:|1776101212\n|move|p1a: Araquanid|Liquidation|p2a: THE WALL\n|-damage|p2a: THE WALL|0 fnt\n|faint|p2a: THE WALL\n|\n|win|JD20shoots3s\n|raw|JD20shoots3s's rating: 1022 &rarr; <strong>1063</strong><br />(+41 for winning)\n|raw|RainCalc's rating: 1065 &rarr; <strong>1043</strong><br />(-22 for losing)\n",
  "uploadtime": 1776101217,
  "views": 16,
  "formatid": "gen9championsvgc2026regma",
  "rating": 1043,
  "private": 0,
  "password": null
}