{
  "id": "gen9championsvgc2026regma-2586134991",
  "format": "[Gen 9 Champions] VGC 2026 Reg M-A",
  "players": [
    "neeonn25",
    "shadowbtl"
  ],
  "log": "|j|\u2606neeonn25\n|j|\u2606shadowbtl\n|t:|1776403325\n|gametype|doubles\n|player|p1|neeonn25|pokemonranger-gen4|1049\n|player|p2|shadowbtl|roxie|1000\n|gen|9\n|tier|[Gen 9 Champions] VGC 2026 Reg M-A\n|rated|\n|rule|Species Clause: Limit one of each Pok\u00e9mon\n|rule|Item Clause: Limit 1 of each item\n|clearpoke\n|poke|p1|Gengar, L50, F|\n|poke|p1|Pelipper, L50, F|\n|poke|p1|Incineroar, L50, F|\n|poke|p1|Maushold-Four, L50|\n|poke|p1|Politoed, L50, M|\n|poke|p1|Archaludon, L50, M|\n|poke|p2|Scovillain, L50, F|\n|poke|p2|Dragapult, L50, M|\n|poke|p2|Gyarados, L50, M|\n|poke|p2|Tyranitar, L50, M|\n|poke|p2|Garchomp, L50, F|\n|poke|p2|Corviknight, L50, M|\n|teampreview|4\n|inactive|Battle timer is ON: inactive players will automatically lose when time's up. (requested by neeonn25)\n|\n|t:|1776403381\n|teamsize|p1|4\n|teamsize|p2|4\n|start\n|switch|p1a: Gengar|Gengar, L50, F|100/100\n|switch|p1b: Incineroar|Incineroar, L50, F|100/100\n|switch|p2a: Tyranitar|Tyranitar, L50, M|100/100\n|switch|p2b: Dragapult|Dragapult, L50, M|100/100\n|-weather|Sandstorm|[from] ability: Sand Stream|[of] p2a: Tyranitar\n|-ability|p1b: Incineroar|Intimidate|boost\n|-unboost|p2a: Tyranitar|atk|1\n|-fail|p2b: Dragapult|unboost|[from] ability: Clear Body|[of] p2b: Dragapult\n|turn|1\n|inactive|neeonn25 has 30 seconds left.\n|inactive|shadowbtl has 30 seconds left.\n|\n|t:|1776403416\n|detailschange|p1a: Gengar|Gengar-Mega, L50, F\n|-mega|p1a: Gengar|Gengar|Gengarite\n|move|p2a: Tyranitar|Protect|p2a: Tyranitar\n|-singleturn|p2a: Tyranitar|Protect\n|move|p1b: Incineroar|Fake Out|p2a: Tyranitar\n|-activate|p2a: Tyranitar|move: Protect\n|move|p2b: Dragapult|Infestation|p1a: Gengar\n|-resisted|p1a: Gengar|2\n|-damage|p1a: Gengar|99/100\n|-activate|p1a: Gengar|move: Infestation|[of] p2b: Dragapult\n|move|p1a: Gengar|Perish Song|p1a: Gengar\n|-start|p1a: Gengar|perish3|[silent]\n|-start|p1b: Incineroar|perish3|[silent]\n|-start|p2a: Tyranitar|perish3|[silent]\n|-start|p2b: Dragapult|perish3|[silent]\n|-fieldactivate|move: Perish Song\n|\n|-weather|Sandstorm|[upkeep]\n|-damage|p2b: Dragapult|94/100|[from] Sandstorm\n|-damage|p1a: Gengar|93/100|[from] Sandstorm\n|-damage|p1b: Incineroar|95/100|[from] Sandstorm\n|-damage|p1a: Gengar|81/100|[from] move: Infestation|[partiallytrapped]\n|-start|p2b: Dragapult|perish3\n|-start|p1a: Gengar|perish3\n|-start|p2a: Tyranitar|perish3\n|-start|p1b: Incineroar|perish3\n|upkeep\n|turn|2\n|inactive|shadowbtl has 30 seconds left.\n|inactive|shadowbtl has 20 seconds left.\n|inactive|shadowbtl has 15 seconds left.\n|inactive|shadowbtl has 10 seconds left.\n|\n|t:|1776403462\n|move|p1a: Gengar|Protect|p1a: Gengar\n|-singleturn|p1a: Gengar|Protect\n|move|p2b: Dragapult|Reflect|p2b: Dragapult\n|-sidestart|p2: shadowbtl|Reflect\n|move|p2a: Tyranitar|Rock Slide|p1a: Gengar|[spread] p1b\n|-activate|p1a: Gengar|move: Protect\n|-supereffective|p1b: Incineroar|1\n|-damage|p1b: Incineroar|61/100\n|move|p1b: Incineroar|Darkest Lariat|p2b: Dragapult\n|-supereffective|p2b: Dragapult|1\n|-damage|p2b: Dragapult|47/100\n|\n|-weather|Sandstorm|[upkeep]\n|-damage|p2b: Dragapult|40/100|[from] Sandstorm\n|-damage|p1a: Gengar|75/100|[from] Sandstorm\n|-damage|p1b: Incineroar|55/100|[from] Sandstorm\n|-damage|p1a: Gengar|63/100|[from] move: Infestation|[partiallytrapped]\n|-start|p2b: Dragapult|perish2\n|-start|p1a: Gengar|perish2\n|-start|p2a: Tyranitar|perish2\n|-start|p1b: Incineroar|perish2\n|upkeep\n|turn|3\n|inactive|shadowbtl has 30 seconds left.\n|\n|t:|1776403488\n|move|p2b: Dragapult|Light Screen|p2b: Dragapult\n|-sidestart|p2: shadowbtl|move: Light Screen\n|move|p1a: Gengar|Disable|p2a: Tyranitar\n|-start|p2a: Tyranitar|Disable|Rock Slide\n|move|p2a: Tyranitar|Knock Off|p1a: Gengar\n|-supereffective|p1a: Gengar|1\n|-damage|p1a: Gengar|2/100\n|move|p1b: Incineroar|Darkest Lariat|p2b: Dragapult\n|-supereffective|p2b: Dragapult|1\n|-damage|p2b: Dragapult|0 fnt\n|faint|p2b: Dragapult\n|\n|-weather|Sandstorm|[upkeep]\n|-damage|p1a: Gengar|0 fnt|[from] Sandstorm\n|-damage|p1b: Incineroar|49/100|[from] Sandstorm\n|faint|p1a: Gengar\n|-start|p2a: Tyranitar|perish1\n|-start|p1b: Incineroar|perish1\n|upkeep\n|\n|t:|1776403507\n|switch|p2b: Scovillain|Scovillain, L50, F|100/100\n|switch|p1a: Pelipper|Pelipper, L50, F|100/100\n|-weather|RainDance|[from] ability: Drizzle|[of] p1a: Pelipper\n|turn|4\n|\n|t:|1776403519\n|switch|p2a: Corviknight|Corviknight, L50, M|100/100\n|detailschange|p2b: Scovillain|Scovillain-Mega, L50, F\n|-mega|p2b: Scovillain|Scovillain|Scovillainite\n|move|p2b: Scovillain|Protect|p2b: Scovillain\n|-singleturn|p2b: Scovillain|Protect\n|move|p1a: Pelipper|Weather Ball|p2b: Scovillain\n|-activate|p2b: Scovillain|move: Protect\n|move|p1b: Incineroar|Parting Shot|p2b: Scovillain\n|-activate|p2b: Scovillain|move: Protect\n|\n|-weather|RainDance|[upkeep]\n|-start|p1b: Incineroar|perish0\n|faint|p1b: Incineroar\n|upkeep\n|\n|t:|1776403526\n|switch|p1b: Maushold|Maushold-Four, L50|100/100\n|turn|5\n|inactive|shadowbtl has 30 seconds left.\n|\n|t:|1776403552\n|switch|p2a: Tyranitar|Tyranitar, L50, M|100/100\n|-weather|Sandstorm|[from] ability: Sand Stream|[of] p2a: Tyranitar\n|move|p1b: Maushold|Follow Me|p1b: Maushold\n|-singleturn|p1b: Maushold|move: Follow Me\n|move|p1a: Pelipper|Hurricane|p2b: Scovillain\n|-supereffective|p2b: Scovillain|1\n|-damage|p2b: Scovillain|23/100\n|-status|p1a: Pelipper|brn|[from] ability: Spicy Spray|[of] p2b: Scovillain\n|move|p2b: Scovillain|Leech Seed|p1b: Maushold\n|-start|p1b: Maushold|move: Leech Seed\n|\n|-weather|Sandstorm|[upkeep]\n|-damage|p1b: Maushold|94/100|[from] Sandstorm\n|-damage|p1a: Pelipper|95/100 brn|[from] Sandstorm\n|-damage|p2b: Scovillain|17/100|[from] Sandstorm\n|-damage|p1b: Maushold|82/100|[from] Leech Seed|[of] p2b: Scovillain\n|-heal|p2b: Scovillain|30/100|[silent]\n|-damage|p1a: Pelipper|89/100 brn|[from] brn\n|upkeep\n|turn|6\n|\n|t:|1776403573\n|move|p1b: Maushold|Protect|p1b: Maushold\n|-singleturn|p1b: Maushold|Protect\n|move|p2b: Scovillain|Protect|p2b: Scovillain\n|-singleturn|p2b: Scovillain|Protect\n|move|p1a: Pelipper|Tailwind|p1a: Pelipper\n|-sidestart|p1: neeonn25|move: Tailwind\n|move|p2a: Tyranitar|Rock Slide|p1b: Maushold|[spread] \n|-activate|p1b: Maushold|move: Protect\n|-miss|p2a: Tyranitar|p1a: Pelipper\n|\n|-weather|Sandstorm|[upkeep]\n|-damage|p1b: Maushold|76/100|[from] Sandstorm\n|-damage|p1a: Pelipper|83/100 brn|[from] Sandstorm\n|-damage|p2b: Scovillain|24/100|[from] Sandstorm\n|-damage|p1b: Maushold|64/100|[from] Leech Seed|[of] p2b: Scovillain\n|-heal|p2b: Scovillain|37/100|[silent]\n|-damage|p1a: Pelipper|77/100 brn|[from] brn\n|-sideend|p2: shadowbtl|Reflect\n|upkeep\n|turn|7\n|\n|t:|1776403593\n|switch|p2b: Corviknight|Corviknight, L50, M|100/100\n|move|p1b: Maushold|Super Fang|p2a: Tyranitar\n|-damage|p2a: Tyranitar|50/100\n|move|p1a: Pelipper|Hurricane|p2b: Corviknight\n|-resisted|p2b: Corviknight|1\n|-damage|p2b: Corviknight|86/100\n|move|p2a: Tyranitar|Rock Slide|p1a: Pelipper|[spread] p1a,p1b\n|-supereffective|p1a: Pelipper|1\n|-damage|p1a: Pelipper|11/100 brn\n|-damage|p1b: Maushold|25/100\n|\n|-weather|Sandstorm|[upkeep]\n|-damage|p1b: Maushold|19/100|[from] Sandstorm\n|-damage|p1a: Pelipper|5/100 brn|[from] Sandstorm\n|-heal|p2b: Corviknight|92/100|[from] item: Leftovers\n|-damage|p1b: Maushold|7/100|[from] Leech Seed|[of] p2b: Corviknight\n|-heal|p2b: Corviknight|100/100|[silent]\n|-damage|p1a: Pelipper|0 fnt|[from] brn\n|faint|p1a: Pelipper\n|-sideend|p2: shadowbtl|move: Light Screen\n|upkeep\n|turn|8\n|\n|t:|1776403617\n|move|p2a: Tyranitar|Protect|p2a: Tyranitar\n|-singleturn|p2a: Tyranitar|Protect\n|move|p1b: Maushold|Super Fang|p2b: Corviknight|[miss]\n|-miss|p1b: Maushold|p2b: Corviknight\n|move|p2b: Corviknight|Roost||[still]\n|-fail|p2b: Corviknight|heal\n|\n|-weather|Sandstorm|[upkeep]\n|-damage|p1b: Maushold|1/100|[from] Sandstorm\n|-damage|p1b: Maushold|0 fnt|[from] Leech Seed|[of] p2b: Corviknight\n|faint|p1b: Maushold\n|\n|win|shadowbtl\n|raw|neeonn25's rating: 1049 &rarr; <strong>1029</strong><br />(-20 for losing)\n|raw|shadowbtl's rating: 1000 &rarr; <strong>1046</strong><br />(+46 for winning)\n|l|\u2606neeonn25\n|player|p1|\n",
  "uploadtime": 1776403631,
  "views": 21,
  "formatid": "gen9championsvgc2026regma",
  "rating": 1029,
  "private": 0,
  "password": null
}