{
  "id": "gen9championsvgc2026regma-2586154762",
  "format": "[Gen 9 Champions] VGC 2026 Reg M-A",
  "players": [
    "xythas",
    "HornyBat"
  ],
  "log": "|j|\u2606xythas\n|j|\u2606HornyBat\n|t:|1776405954\n|gametype|doubles\n|player|p1|xythas|265|1362\n|player|p2|HornyBat|dawn-gen4pt|1311\n|gen|9\n|tier|[Gen 9 Champions] VGC 2026 Reg M-A\n|rated|\n|rule|Species Clause: Limit one of each Pok\u00e9mon\n|rule|Item Clause: Limit 1 of each item\n|clearpoke\n|poke|p1|Houndoom, L50, M|\n|poke|p1|Whimsicott, L50, F|\n|poke|p1|Espathra, L50, F|\n|poke|p1|Venusaur, L50, F|\n|poke|p1|Basculegion, L50, M|\n|poke|p1|Kangaskhan, L50, F|\n|poke|p2|Gengar, L50, F|\n|poke|p2|Whimsicott, L50, F|\n|poke|p2|Sneasler, L50, M|\n|poke|p2|Tyranitar, L50, F|\n|poke|p2|Rotom-Wash, L50|\n|poke|p2|Aegislash, L50, M|\n|teampreview|4\n|inactive|Battle timer is ON: inactive players will automatically lose when time's up. (requested by xythas)\n|inactive|HornyBat has 60 seconds left.\n|\n|t:|1776406007\n|teamsize|p1|4\n|teamsize|p2|4\n|start\n|switch|p1a: Whimsicott|Whimsicott, L50, F|100/100\n|switch|p1b: Espathra|Espathra, L50, F|100/100\n|switch|p2a: Gengar|Gengar, L50, F, shiny|100/100\n|switch|p2b: Rotom|Rotom-Wash, L50|100/100\n|turn|1\n|\n|t:|1776406026\n|detailschange|p2a: Gengar|Gengar-Mega, L50, F, shiny\n|-mega|p2a: Gengar|Gengar|Gengarite\n|move|p1b: Espathra|Protect|p1b: Espathra\n|-singleturn|p1b: Espathra|Protect\n|move|p1a: Whimsicott|Tailwind|p1a: Whimsicott\n|-sidestart|p1: xythas|move: Tailwind\n|move|p2b: Rotom|Electroweb|p1a: Whimsicott|[spread] p1a\n|-activate|p1b: Espathra|move: Protect\n|-resisted|p1a: Whimsicott|1\n|-damage|p1a: Whimsicott|86/100\n|-unboost|p1a: Whimsicott|spe|1\n|move|p2a: Gengar|Sludge Bomb|p1b: Espathra\n|-activate|p1b: Espathra|move: Protect\n|\n|-ability|p1b: Espathra|Speed Boost|boost\n|-boost|p1b: Espathra|spe|1\n|upkeep\n|turn|2\n|inactive|xythas has 30 seconds left.\n|\n|t:|1776406060\n|switch|p2a: Tyranitar|Tyranitar, L50, F|100/100\n|-weather|Sandstorm|[from] ability: Sand Stream|[of] p2a: Tyranitar\n|move|p1a: Whimsicott|Sunny Day|p1a: Whimsicott\n|-weather|SunnyDay\n|move|p1b: Espathra|Lumina Crash|p2a: Tyranitar\n|-immune|p2a: Tyranitar\n|move|p2b: Rotom|Electroweb|p1b: Espathra|[spread] p1a,p1b\n|-resisted|p1a: Whimsicott|1\n|-damage|p1a: Whimsicott|71/100\n|-damage|p1b: Espathra|76/100\n|-unboost|p1a: Whimsicott|spe|1\n|-unboost|p1b: Espathra|spe|1\n|\n|-weather|SunnyDay|[upkeep]\n|-ability|p1b: Espathra|Speed Boost|boost\n|-boost|p1b: Espathra|spe|1\n|upkeep\n|turn|3\n|inactive|xythas has 30 seconds left.\n|inactive|HornyBat has 30 seconds left.\n|\n|t:|1776406093\n|move|p1b: Espathra|Calm Mind|p1b: Espathra\n|-boost|p1b: Espathra|spa|1\n|-boost|p1b: Espathra|spd|1\n|move|p2b: Rotom|Electroweb|p1a: Whimsicott|[spread] p1a,p1b\n|-resisted|p1a: Whimsicott|1\n|-damage|p1a: Whimsicott|56/100\n|-damage|p1b: Espathra|58/100\n|-unboost|p1a: Whimsicott|spe|1\n|-unboost|p1b: Espathra|spe|1\n|move|p1a: Whimsicott|Moonblast|p2a: Tyranitar\n|-supereffective|p2a: Tyranitar|1\n|-damage|p2a: Tyranitar|39/100\n|move|p2a: Tyranitar|Knock Off|p1b: Espathra\n|-supereffective|p1b: Espathra|1\n|-enditem|p1b: Espathra|Colbur Berry|[eat]\n|-enditem|p1b: Espathra|Colbur Berry|[weaken]\n|-damage|p1b: Espathra|0 fnt\n|faint|p1b: Espathra\n|\n|-weather|SunnyDay|[upkeep]\n|upkeep\n|\n|t:|1776406112\n|switch|p1b: Venusaur|Venusaur, L50, F|100/100\n|turn|4\n|\n|t:|1776406124\n|switch|p2a: Sneasler|Sneasler, L50, M|100/100\n|move|p1b: Venusaur|Earth Power|p2b: Rotom\n|-immune|p2b: Rotom|[from] ability: Levitate\n|move|p2b: Rotom|Electroweb|p1a: Whimsicott|[spread] p1a,p1b\n|-resisted|p1a: Whimsicott|1\n|-resisted|p1b: Venusaur|1\n|-damage|p1a: Whimsicott|41/100\n|-damage|p1b: Venusaur|91/100\n|-unboost|p1a: Whimsicott|spe|1\n|-unboost|p1b: Venusaur|spe|1\n|move|p1a: Whimsicott|Moonblast|p2a: Sneasler\n|-damage|p2a: Sneasler|47/100\n|\n|-weather|SunnyDay|[upkeep]\n|-sideend|p1: xythas|move: Tailwind\n|upkeep\n|turn|5\n|inactive|HornyBat has 30 seconds left.\n|inactive|HornyBat has 20 seconds left.\n|\n|t:|1776406164\n|move|p2a: Sneasler|Fake Out|p1b: Venusaur\n|-crit|p1b: Venusaur\n|-damage|p1b: Venusaur|67/100\n|move|p1a: Whimsicott|Tailwind|p1a: Whimsicott\n|-sidestart|p1: xythas|move: Tailwind\n|cant|p1b: Venusaur|flinch\n|move|p2b: Rotom|Electroweb|p1a: Whimsicott|[spread] p1a,p1b\n|-resisted|p1a: Whimsicott|1\n|-resisted|p1b: Venusaur|1\n|-damage|p1a: Whimsicott|25/100\n|-damage|p1b: Venusaur|57/100\n|-unboost|p1a: Whimsicott|spe|1\n|-unboost|p1b: Venusaur|spe|1\n|\n|-weather|SunnyDay|[upkeep]\n|upkeep\n|turn|6\n|inactive|xythas has 30 seconds left.\n|inactive|HornyBat has 30 seconds left.\n|\n|t:|1776406196\n|move|p1b: Venusaur|Earth Power|p2a: Sneasler\n|-supereffective|p2a: Sneasler|1\n|-damage|p2a: Sneasler|0 fnt\n|faint|p2a: Sneasler\n|move|p2b: Rotom|Electroweb|p1a: Whimsicott|[spread] p1a\n|-miss|p2b: Rotom|p1b: Venusaur\n|-resisted|p1a: Whimsicott|1\n|-damage|p1a: Whimsicott|10/100\n|-unboost|p1a: Whimsicott|spe|1\n|move|p1a: Whimsicott|Moonblast|p2b: Rotom\n|-crit|p2b: Rotom\n|-damage|p2b: Rotom|41/100\n|-unboost|p2b: Rotom|spa|1\n|\n|-weather|none\n|upkeep\n|\n|t:|1776406207\n|switch|p2a: Gengar|Gengar-Mega, L50, F, shiny|100/100\n|turn|7\n|\n|t:|1776406217\n|move|p2a: Gengar|Protect|p2a: Gengar\n|-singleturn|p2a: Gengar|Protect\n|move|p1a: Whimsicott|Sunny Day|p1a: Whimsicott\n|-weather|SunnyDay\n|move|p1b: Venusaur|Earth Power|p2a: Gengar\n|-activate|p2a: Gengar|move: Protect\n|move|p2b: Rotom|Electroweb|p1a: Whimsicott|[spread] p1a,p1b\n|-resisted|p1a: Whimsicott|1\n|-resisted|p1b: Venusaur|1\n|-damage|p1a: Whimsicott|0 fnt\n|-damage|p1b: Venusaur|51/100\n|-unboost|p1b: Venusaur|spe|1\n|faint|p1a: Whimsicott\n|\n|-weather|SunnyDay|[upkeep]\n|upkeep\n|\n|t:|1776406229\n|switch|p1a: Houndoom|Houndoom, L50, M|100/100\n|turn|8\n|\n|t:|1776406238\n|switch|p2a: Tyranitar|Tyranitar, L50, F|39/100\n|-weather|Sandstorm|[from] ability: Sand Stream|[of] p2a: Tyranitar\n|detailschange|p1a: Houndoom|Houndoom-Mega, L50, M\n|-mega|p1a: Houndoom|Houndoom|Houndoominite\n|move|p1a: Houndoom|Dark Pulse|p2a: Tyranitar\n|-resisted|p2a: Tyranitar|1\n|-damage|p2a: Tyranitar|24/100\n|move|p2b: Rotom|Electroweb|p1b: Venusaur|[spread] p1a,p1b\n|-crit|p1a: Houndoom\n|-resisted|p1b: Venusaur|1\n|-damage|p1a: Houndoom|69/100\n|-damage|p1b: Venusaur|46/100\n|-unboost|p1a: Houndoom|spe|1\n|-unboost|p1b: Venusaur|spe|1\n|move|p1b: Venusaur|Earth Power|p2a: Tyranitar\n|-supereffective|p2a: Tyranitar|1\n|-enditem|p2a: Tyranitar|Shuca Berry|[eat]\n|-enditem|p2a: Tyranitar|Shuca Berry|[weaken]\n|-damage|p2a: Tyranitar|8/100\n|\n|-weather|Sandstorm|[upkeep]\n|-damage|p2b: Rotom|36/100|[from] Sandstorm\n|-damage|p1a: Houndoom|63/100|[from] Sandstorm\n|-damage|p1b: Venusaur|41/100|[from] Sandstorm\n|-sideend|p1: xythas|move: Tailwind\n|upkeep\n|turn|9\n|inactive|xythas has 30 seconds left.\n|\n|t:|1776406264\n|move|p1a: Houndoom|Protect|p1a: Houndoom\n|-singleturn|p1a: Houndoom|Protect\n|move|p2a: Tyranitar|Protect|p2a: Tyranitar\n|-singleturn|p2a: Tyranitar|Protect\n|move|p2b: Rotom|Electroweb|p1b: Venusaur|[spread] p1b\n|-activate|p1a: Houndoom|move: Protect\n|-resisted|p1b: Venusaur|1\n|-damage|p1b: Venusaur|35/100\n|-unboost|p1b: Venusaur|spe|1\n|move|p1b: Venusaur|Earth Power|p2a: Tyranitar\n|-activate|p2a: Tyranitar|move: Protect\n|\n|-weather|Sandstorm|[upkeep]\n|-damage|p2b: Rotom|30/100|[from] Sandstorm\n|-damage|p1a: Houndoom|57/100|[from] Sandstorm\n|-damage|p1b: Venusaur|29/100|[from] Sandstorm\n|upkeep\n|turn|10\n|\n|t:|1776406284\n|move|p2b: Rotom|Electroweb|p1b: Venusaur|[spread] p1a,p1b\n|-resisted|p1b: Venusaur|1\n|-damage|p1a: Houndoom|45/100\n|-damage|p1b: Venusaur|23/100\n|-unboost|p1a: Houndoom|spe|1\n|-unboost|p1b: Venusaur|spe|1\n|move|p2a: Tyranitar|Rock Slide|p1a: Houndoom|[spread] p1a,p1b\n|-supereffective|p1a: Houndoom|1\n|-damage|p1a: Houndoom|0 fnt\n|-damage|p1b: Venusaur|0 fnt\n|faint|p1a: Houndoom\n|faint|p1b: Venusaur\n|\n|win|HornyBat\n|raw|xythas's rating: 1362 &rarr; <strong>1339</strong><br />(-23 for losing)\n|raw|HornyBat's rating: 1311 &rarr; <strong>1334</strong><br />(+23 for winning)\n|l|\u2606HornyBat\n|player|p2|\n",
  "uploadtime": 1776406377,
  "views": 47,
  "formatid": "gen9championsvgc2026regma",
  "rating": 1334,
  "private": 0,
  "password": null
}