{
  "id": "gen9championsvgc2026regma-2581599581",
  "format": "[Gen 9 Champions] VGC 2026 Reg M-A",
  "players": [
    "Catquach",
    "empyrea1"
  ],
  "log": "|j|\u2606Catquach\n|j|\u2606empyrea1\n|t:|1776014082\n|gametype|doubles\n|player|p1|Catquach|170|1009\n|player|p2|empyrea1|rosa|1000\n|gen|9\n|tier|[Gen 9 Champions] VGC 2026 Reg M-A\n|rated|\n|rule|Species Clause: Limit one of each Pok\u00e9mon\n|rule|Item Clause: Limit 1 of each item\n|clearpoke\n|poke|p1|Tinkaton, L50, F|\n|poke|p1|Oranguru, L50, M|\n|poke|p1|Incineroar, L50, M|\n|poke|p1|Sinistcha, L50|\n|poke|p1|Feraligatr, L50, M|\n|poke|p1|Gliscor, L50, M|\n|poke|p2|Maushold, L50|\n|poke|p2|Incineroar, L50, M|\n|poke|p2|Whimsicott, L50, M|\n|poke|p2|Sneasler, L50, F|\n|poke|p2|Gardevoir, L50, F|\n|poke|p2|Kingambit, L50, M|\n|teampreview|4\n|inactive|Battle timer is ON: inactive players will automatically lose when time's up. (requested by Catquach)\n|inactive|empyrea1 also wants the timer to be on.\n|\n|t:|1776014110\n|teamsize|p1|4\n|teamsize|p2|4\n|start\n|switch|p1a: Gliscor|Gliscor, L50, M|100/100\n|switch|p1b: Incineroar|Incineroar, L50, M|100/100\n|switch|p2a: Kingambit|Kingambit, L50, M|100/100\n|switch|p2b: Sneasler|Sneasler, L50, F|100/100\n|-ability|p1b: Incineroar|Intimidate|boost\n|-unboost|p2a: Kingambit|atk|1\n|-ability|p2a: Kingambit|Defiant|boost\n|-boost|p2a: Kingambit|atk|2\n|-unboost|p2b: Sneasler|atk|1\n|-enditem|p2b: Sneasler|White Herb\n|-clearnegativeboost|p2b: Sneasler|[silent]\n|turn|1\n|inactive|empyrea1 has 30 seconds left.\n|\n|t:|1776014137\n|move|p2a: Kingambit|Protect|p2a: Kingambit\n|-singleturn|p2a: Kingambit|Protect\n|move|p2b: Sneasler|Fake Out|p1a: Gliscor\n|-damage|p1a: Gliscor|87/100\n|move|p1b: Incineroar|Fake Out|p2a: Kingambit\n|-activate|p2a: Kingambit|move: Protect\n|cant|p1a: Gliscor|flinch\n|\n|upkeep\n|turn|2\n|inactive|empyrea1 has 30 seconds left.\n|\n|t:|1776014168\n|switch|p2b: Maushold|Maushold, L50|100/100\n|move|p2a: Kingambit|Sucker Punch||[still]\n|-fail|p2a: Kingambit\n|move|p1a: Gliscor|Tailwind|p1a: Gliscor\n|-sidestart|p1: Catquach|move: Tailwind\n|move|p1b: Incineroar|Flare Blitz|p2b: Maushold\n|-damage|p2b: Maushold|38/100\n|-damage|p1b: Incineroar|82/100|[from] Recoil\n|\n|upkeep\n|turn|3\n|inactive|empyrea1 has 30 seconds left.\n|\n|t:|1776014193\n|move|p2b: Maushold|Helping Hand|p2a: Kingambit\n|-singleturn|p2a: Kingambit|Helping Hand|[of] p2b: Maushold\n|move|p2a: Kingambit|Sucker Punch|p1a: Gliscor\n|-damage|p1a: Gliscor|0 fnt\n|faint|p1a: Gliscor\n|move|p1b: Incineroar|Flare Blitz|p2a: Kingambit\n|-supereffective|p2a: Kingambit|1\n|-damage|p2a: Kingambit|14/100\n|-damage|p1b: Incineroar|57/100|[from] Recoil\n|\n|upkeep\n|\n|t:|1776014201\n|switch|p1a: Tinkaton|Tinkaton, L50, F|100/100\n|-ability|p1a: Tinkaton|Mold Breaker\n|turn|4\n|\n|t:|1776014214\n|switch|p1b: Oranguru|Oranguru, L50, M|100/100\n|move|p2b: Maushold|Helping Hand|p2a: Kingambit\n|-singleturn|p2a: Kingambit|Helping Hand|[of] p2b: Maushold\n|move|p1a: Tinkaton|Protect|p1a: Tinkaton\n|-singleturn|p1a: Tinkaton|Protect\n|move|p2a: Kingambit|Sucker Punch||[still]\n|-fail|p2a: Kingambit\n|\n|upkeep\n|turn|5\n|\n|t:|1776014232\n|move|p2b: Maushold|Helping Hand|p2a: Kingambit\n|-singleturn|p2a: Kingambit|Helping Hand|[of] p2b: Maushold\n|move|p2a: Kingambit|Sucker Punch||[still]\n|-fail|p2a: Kingambit\n|move|p1a: Tinkaton|Swords Dance|p1a: Tinkaton\n|-boost|p1a: Tinkaton|atk|2\n|move|p1b: Oranguru|Encore|p2a: Kingambit\n|-start|p2a: Kingambit|Encore\n|\n|-sideend|p1: Catquach|move: Tailwind\n|upkeep\n|turn|6\n|\n|t:|1776014249\n|move|p2a: Kingambit|Sucker Punch||[still]\n|-fail|p2a: Kingambit\n|move|p1a: Tinkaton|Swords Dance|p1a: Tinkaton\n|-boost|p1a: Tinkaton|atk|2\n|move|p2b: Maushold|Super Fang|p1b: Oranguru\n|-damage|p1b: Oranguru|51/100\n|move|p1b: Oranguru|Psychic Terrain|p1b: Oranguru\n|-fieldstart|move: Psychic Terrain\n|\n|upkeep\n|turn|7\n|inactive|empyrea1 has 30 seconds left.\n|\n|t:|1776014277\n|switch|p2a: Sneasler|Sneasler, L50, F|100/100\n|move|p2b: Maushold|Follow Me|p2b: Maushold\n|-singleturn|p2b: Maushold|move: Follow Me\n|move|p1a: Tinkaton|Gigaton Hammer|p2b: Maushold\n|-damage|p2b: Maushold|0 fnt\n|faint|p2b: Maushold\n|move|p1b: Oranguru|Instruct|p1a: Tinkaton\n|-singleturn|p1a: Tinkaton|move: Instruct|[of] p1b: Oranguru\n|move|p1a: Tinkaton|Gigaton Hammer|p2a: Sneasler\n|-damage|p2a: Sneasler|0 fnt\n|faint|p2a: Sneasler\n|-hint|Some effects can force a Pokemon to use Gigaton Hammer again in a row.\n|\n|upkeep\n|\n|t:|1776014291\n|switch|p2a: Gardevoir|Gardevoir, L50, F|100/100\n|switch|p2b: Kingambit|Kingambit, L50, M|14/100\n|-ability|p2a: Gardevoir|Telepathy|Trace|[from] ability: Trace|[of] p1b: Oranguru\n|turn|8\n|\n|t:|1776014308\n|detailschange|p2a: Gardevoir|Gardevoir-Mega, L50, F\n|-mega|p2a: Gardevoir|Gardevoir|Gardevoirite\n|move|p1a: Tinkaton|Protect|p1a: Tinkaton\n|-singleturn|p1a: Tinkaton|Protect\n|move|p2b: Kingambit|Sucker Punch||[still]\n|-fail|p2b: Kingambit\n|move|p2a: Gardevoir|Hyper Voice|p1b: Oranguru|[spread] p1b\n|-activate|p1a: Tinkaton|move: Protect\n|-damage|p1b: Oranguru|17/100\n|move|p1b: Oranguru|Encore|p2a: Gardevoir\n|-start|p2a: Gardevoir|Encore\n|\n|upkeep\n|turn|9\n|\n|t:|1776014323\n|move|p1a: Tinkaton|Gigaton Hammer|p2a: Gardevoir\n|-supereffective|p2a: Gardevoir|1\n|-damage|p2a: Gardevoir|0 fnt\n|faint|p2a: Gardevoir\n|move|p2b: Kingambit|Iron Head|p1a: Tinkaton\n|-damage|p1a: Tinkaton|31/100\n|move|p1b: Oranguru|Instruct|p1a: Tinkaton\n|-singleturn|p1a: Tinkaton|move: Instruct|[of] p1b: Oranguru\n|cant|p1a: Tinkaton|flinch\n|\n|-heal|p1a: Tinkaton|38/100|[from] item: Leftovers\n|upkeep\n|turn|10\n|-message|empyrea1 forfeited.\n|\n|win|Catquach\n|raw|Catquach's rating: 1009 &rarr; <strong>1047</strong><br />(+38 for winning)\n|raw|empyrea1's rating: 1000 &rarr; <strong>1000</strong><br />(+0 for losing)\n|l|\u2606empyrea1\n|player|p2|\n",
  "uploadtime": 1776014371,
  "views": 33,
  "formatid": "gen9championsvgc2026regma",
  "rating": 1000,
  "private": 0,
  "password": null
}