{
  "id": "gen9championsvgc2026regma-2585260792",
  "format": "[Gen 9 Champions] VGC 2026 Reg M-A",
  "players": [
    "Danno15",
    "Fneis"
  ],
  "log": "|j|\u2606Danno15\n|j|\u2606Fneis\n|t:|1776331144\n|gametype|doubles\n|player|p1|Danno15|169|1279\n|player|p2|Fneis|1|1294\n|gen|9\n|tier|[Gen 9 Champions] VGC 2026 Reg M-A\n|rated|\n|rule|Species Clause: Limit one of each Pok\u00e9mon\n|rule|Item Clause: Limit 1 of each item\n|clearpoke\n|poke|p1|Drampa, L50, M|\n|poke|p1|Incineroar, L50, M|\n|poke|p1|Primarina, L50, M|\n|poke|p1|Mimikyu, L50, F|\n|poke|p1|Aegislash, L50, M|\n|poke|p1|Oranguru, L50, F|\n|poke|p2|Meganium, L50, M|\n|poke|p2|Archaludon, L50, M|\n|poke|p2|Pelipper, L50, M|\n|poke|p2|Basculegion, L50, M|\n|poke|p2|Sneasler, L50, F|\n|poke|p2|Farigiraf, L50, M|\n|teampreview|4\n|inactive|Battle timer is ON: inactive players will automatically lose when time's up. (requested by Fneis)\n|inactive|Danno15 has 60 seconds left.\n|\n|t:|1776331179\n|teamsize|p1|4\n|teamsize|p2|4\n|start\n|switch|p1a: Mimikyu|Mimikyu, L50, F|100/100\n|switch|p1b: Primarina|Primarina, L50, M|100/100\n|switch|p2a: Farigiraf|Farigiraf, L50, M|100/100\n|switch|p2b: Archaludon|Archaludon, L50, M|100/100\n|turn|1\n|inactive|Danno15 has 30 seconds left.\n|\n|t:|1776331205\n|move|p2b: Archaludon|Flash Cannon|p1a: Mimikyu\n|-activate|p1a: Mimikyu|ability: Disguise\n|-damage|p1a: Mimikyu|100/100\n|detailschange|p1a: Mimikyu|Mimikyu-Busted, L50, F\n|-damage|p1a: Mimikyu|88/100|[from] pokemon: Mimikyu-Busted\n|move|p1a: Mimikyu|Swords Dance|p1a: Mimikyu\n|-boost|p1a: Mimikyu|atk|2\n|move|p2a: Farigiraf|Imprison|p2a: Farigiraf\n|-start|p2a: Farigiraf|move: Imprison\n|move|p1b: Primarina|Moonblast|p2a: Farigiraf\n|-damage|p2a: Farigiraf|47/100\n|-enditem|p2a: Farigiraf|Sitrus Berry|[eat]\n|-heal|p2a: Farigiraf|72/100|[from] item: Sitrus Berry\n|\n|upkeep\n|turn|2\n|inactive|Danno15 has 30 seconds left.\n|\n|t:|1776331233\n|switch|p1a: Aegislash|Aegislash, L50, M|100/100\n|move|p2a: Farigiraf|Ally Switch|p2a: Farigiraf\n|swap|p2a: Farigiraf|1|[from] move: Ally Switch\n|move|p2a: Archaludon|Flash Cannon|p1a: Aegislash\n|-resisted|p1a: Aegislash|1\n|-damage|p1a: Aegislash|84/100\n|move|p1b: Primarina|Moonblast|p2a: Archaludon\n|-damage|p2a: Archaludon|29/100\n|\n|-heal|p2a: Archaludon|35/100|[from] item: Leftovers\n|-heal|p1a: Aegislash|90/100|[from] item: Leftovers\n|upkeep\n|turn|3\n|\n|t:|1776331253\n|move|p2a: Archaludon|Flash Cannon|p1b: Primarina\n|-damage|p1b: Primarina|66/100\n|-formechange|p1a: Aegislash|Aegislash-Blade|\n|move|p1a: Aegislash|Close Combat|p2b: Farigiraf\n|-damage|p2b: Farigiraf|42/100\n|-unboost|p1a: Aegislash|def|1\n|-unboost|p1a: Aegislash|spd|1\n|move|p2b: Farigiraf|Psychic|p1b: Primarina\n|-damage|p1b: Primarina|39/100\n|-enditem|p1b: Primarina|Sitrus Berry|[eat]\n|-heal|p1b: Primarina|64/100|[from] item: Sitrus Berry\n|move|p1b: Primarina|Moonblast|p2a: Archaludon\n|-damage|p2a: Archaludon|0 fnt\n|faint|p2a: Archaludon\n|\n|-heal|p1a: Aegislash|96/100|[from] item: Leftovers\n|upkeep\n|\n|t:|1776331269\n|switch|p2a: Sneasler|Sneasler, L50, F|100/100\n|turn|4\n|\n|t:|1776331284\n|move|p1b: Primarina|Protect|p1b: Primarina\n|-singleturn|p1b: Primarina|Protect\n|move|p2a: Sneasler|Dire Claw|p1b: Primarina\n|-activate|p1b: Primarina|move: Protect\n|move|p1a: Aegislash|Iron Head|p2a: Sneasler\n|-damage|p2a: Sneasler|30/100\n|move|p2b: Farigiraf|Psychic|p1a: Aegislash\n|-resisted|p1a: Aegislash|1\n|-damage|p1a: Aegislash|51/100\n|\n|-heal|p1a: Aegislash|57/100|[from] item: Leftovers\n|upkeep\n|turn|5\n|inactive|Danno15 has 30 seconds left.\n|\n|t:|1776331313\n|switch|p1b: Mimikyu|Mimikyu-Busted, L50, F|88/100\n|move|p2a: Sneasler|Dire Claw|p1b: Mimikyu\n|-damage|p1b: Mimikyu|23/100\n|-status|p1b: Mimikyu|slp\n|move|p2b: Farigiraf|Psychic|p1a: Aegislash\n|-resisted|p1a: Aegislash|1\n|-crit|p1a: Aegislash\n|-damage|p1a: Aegislash|0 fnt\n|faint|p1a: Aegislash\n|\n|upkeep\n|\n|t:|1776331325\n|switch|p1a: Drampa|Drampa, L50, M|100/100\n|-ability|p1a: Drampa|Cloud Nine\n|turn|6\n|\n|t:|1776331336\n|switch|p1b: Primarina|Primarina, L50, M|64/100\n|move|p1a: Drampa|Protect|p1a: Drampa\n|-singleturn|p1a: Drampa|Protect\n|move|p2a: Sneasler|Close Combat|p1a: Drampa\n|-activate|p1a: Drampa|move: Protect\n|move|p2b: Farigiraf|Psychic|p1b: Primarina\n|-damage|p1b: Primarina|36/100\n|\n|upkeep\n|turn|7\n|\n|t:|1776331352\n|detailschange|p1a: Drampa|Drampa-Mega, L50, M\n|-mega|p1a: Drampa|Drampa|Drampanite\n|move|p2a: Sneasler|Close Combat|p1a: Drampa\n|-supereffective|p1a: Drampa|1\n|-damage|p1a: Drampa|0 fnt\n|-unboost|p2a: Sneasler|def|1\n|-unboost|p2a: Sneasler|spd|1\n|faint|p1a: Drampa\n|-enditem|p2a: Sneasler|White Herb\n|-clearnegativeboost|p2a: Sneasler|[silent]\n|move|p2b: Farigiraf|Psychic|p1b: Primarina\n|-damage|p1b: Primarina|10/100\n|move|p1b: Primarina|Hyper Voice|p2b: Farigiraf|[spread] p2a,p2b\n|-crit|p2a: Sneasler\n|-damage|p2a: Sneasler|0 fnt\n|-damage|p2b: Farigiraf|1/100\n|faint|p2a: Sneasler\n|\n|upkeep\n|\n|t:|1776331365\n|switch|p2a: Meganium|Meganium, L50, M, shiny|100/100\n|switch|p1a: Mimikyu|Mimikyu-Busted, L50, F|23/100 slp\n|turn|8\n|-message|Danno15 forfeited.\n|\n|win|Fneis\n|raw|Danno15's rating: 1279 &rarr; <strong>1255</strong><br />(-24 for losing)\n|raw|Fneis's rating: 1294 &rarr; <strong>1318</strong><br />(+24 for winning)\n|l|\u2606Danno15\n|player|p1|\n",
  "uploadtime": 1776331372,
  "views": 40,
  "formatid": "gen9championsvgc2026regma",
  "rating": 1255,
  "private": 0,
  "password": null
}