{
  "id": "gen9championsvgc2026regma-2588597220",
  "format": "[Gen 9 Champions] VGC 2026 Reg M-A",
  "players": [
    "OneDrag7",
    "dmarin04"
  ],
  "log": "|j|\u2606OneDrag7\n|j|\u2606dmarin04\n|t:|1776648620\n|gametype|doubles\n|player|p1|OneDrag7|dawn|1237\n|player|p2|dmarin04|unknown|1264\n|gen|9\n|tier|[Gen 9 Champions] VGC 2026 Reg M-A\n|rated|\n|rule|Species Clause: Limit one of each Pok\u00e9mon\n|rule|Item Clause: Limit 1 of each item\n|clearpoke\n|poke|p1|Charizard, L50, F|\n|poke|p1|Incineroar, L50, F, shiny|\n|poke|p1|Milotic, L50, F, shiny|\n|poke|p1|Hydreigon, L50, M|\n|poke|p1|Sneasler, L50, M, shiny|\n|poke|p1|Sinistcha, L50|\n|poke|p2|Froslass, L50, F|\n|poke|p2|Garchomp, L50, M|\n|poke|p2|Talonflame, L50, M|\n|poke|p2|Sneasler, L50, M|\n|poke|p2|Sinistcha, L50|\n|poke|p2|Kingambit, L50, F|\n|teampreview|4\n|inactive|Battle timer is ON: inactive players will automatically lose when time's up. (requested by dmarin04)\n|\n|t:|1776648656\n|teamsize|p1|4\n|teamsize|p2|4\n|start\n|switch|p1a: Charizard|Charizard, L50, F|100/100\n|switch|p1b: Milotic|Milotic, L50, F, shiny|100/100\n|switch|p2a: Kingambit|Kingambit, L50, F|100/100\n|switch|p2b: Sneasler|Sneasler, L50, M|100/100\n|turn|1\n|\n|t:|1776648676\n|detailschange|p1a: Charizard|Charizard-Mega-X, L50, F\n|-mega|p1a: Charizard|Charizard|Charizardite X\n|move|p2b: Sneasler|Fake Out|p1a: Charizard\n|-damage|p1a: Charizard|87/100\n|cant|p1a: Charizard|flinch\n|move|p1b: Milotic|Scald|p2b: Sneasler\n|-damage|p2b: Sneasler|62/100\n|move|p2a: Kingambit|Swords Dance|p2a: Kingambit\n|-boost|p2a: Kingambit|atk|2\n|\n|upkeep\n|turn|2\n|\n|t:|1776648694\n|move|p2a: Kingambit|Sucker Punch|p1a: Charizard\n|-damage|p1a: Charizard|2/100\n|move|p2b: Sneasler|Close Combat|p1b: Milotic\n|-damage|p1b: Milotic|44/100\n|-unboost|p2b: Sneasler|def|1\n|-unboost|p2b: Sneasler|spd|1\n|-enditem|p2b: Sneasler|White Herb\n|-clearnegativeboost|p2b: Sneasler|[silent]\n|move|p1a: Charizard|Flare Blitz|p2a: Kingambit\n|-supereffective|p2a: Kingambit|1\n|-damage|p2a: Kingambit|0 fnt\n|faint|p2a: Kingambit\n|-damage|p1a: Charizard|0 fnt|[from] Recoil\n|faint|p1a: Charizard\n|move|p1b: Milotic|Scald|p2b: Sneasler\n|-damage|p2b: Sneasler|24/100\n|\n|-heal|p1b: Milotic|50/100|[from] item: Leftovers\n|upkeep\n|\n|t:|1776648708\n|switch|p1a: Sneasler|Sneasler, L50, M, shiny|100/100\n|switch|p2a: Garchomp|Garchomp, L50, M|100/100\n|turn|3\n|\n|t:|1776648714\n|move|p2b: Sneasler|Protect|p2b: Sneasler\n|-singleturn|p2b: Sneasler|Protect\n|move|p2a: Garchomp|Protect|p2a: Garchomp\n|-singleturn|p2a: Garchomp|Protect\n|move|p1a: Sneasler|Fake Out|p2b: Sneasler\n|-activate|p2b: Sneasler|move: Protect\n|move|p1b: Milotic|Icy Wind|p2a: Garchomp|[spread] \n|-activate|p2a: Garchomp|move: Protect\n|-activate|p2b: Sneasler|move: Protect\n|\n|-heal|p1b: Milotic|56/100|[from] item: Leftovers\n|upkeep\n|turn|4\n|\n|t:|1776648733\n|switch|p1a: Hydreigon|Hydreigon, L50, M|100/100\n|switch|p2a: Froslass|Froslass, L50, F|100/100\n|move|p2b: Sneasler|Close Combat|p1b: Milotic\n|-damage|p1b: Milotic|0 fnt\n|-unboost|p2b: Sneasler|def|1\n|-unboost|p2b: Sneasler|spd|1\n|faint|p1b: Milotic\n|\n|upkeep\n|\n|t:|1776648743\n|switch|p1b: Sneasler|Sneasler, L50, M, shiny|100/100\n|turn|5\n|\n|t:|1776648757\n|move|p2b: Sneasler|Protect|p2b: Sneasler\n|-singleturn|p2b: Sneasler|Protect\n|move|p2a: Froslass|Protect|p2a: Froslass\n|-singleturn|p2a: Froslass|Protect\n|move|p1b: Sneasler|Coaching|p1a: Hydreigon\n|-boost|p1a: Hydreigon|atk|1\n|-boost|p1a: Hydreigon|def|1\n|move|p1a: Hydreigon|Focus Energy|p1a: Hydreigon\n|-start|p1a: Hydreigon|move: Focus Energy\n|\n|upkeep\n|turn|6\n|\n|t:|1776648771\n|detailschange|p2a: Froslass|Froslass-Mega, L50, F\n|-mega|p2a: Froslass|Froslass|Froslassite\n|-weather|Snowscape|[from] ability: Snow Warning|[of] p2a: Froslass\n|move|p2b: Sneasler|Close Combat|p1a: Hydreigon\n|-supereffective|p1a: Hydreigon|1\n|-damage|p1a: Hydreigon|13/100\n|-unboost|p2b: Sneasler|def|1\n|-unboost|p2b: Sneasler|spd|1\n|move|p2a: Froslass|Blizzard|p1a: Hydreigon|[spread] p1a,p1b\n|-supereffective|p1a: Hydreigon|1\n|-damage|p1a: Hydreigon|0 fnt\n|-damage|p1b: Sneasler|41/100\n|faint|p1a: Hydreigon\n|move|p1b: Sneasler|Close Combat|p2b: Sneasler\n|-resisted|p2b: Sneasler|1\n|-damage|p2b: Sneasler|0 fnt\n|-unboost|p1b: Sneasler|def|1\n|-unboost|p1b: Sneasler|spd|1\n|faint|p2b: Sneasler\n|-enditem|p1b: Sneasler|White Herb\n|-clearnegativeboost|p1b: Sneasler|[silent]\n|\n|-weather|Snowscape|[upkeep]\n|upkeep\n|\n|t:|1776648785\n|switch|p2b: Garchomp|Garchomp, L50, M|100/100\n|turn|7\n|\n|t:|1776648794\n|move|p1b: Sneasler|Close Combat|p2b: Garchomp\n|-damage|p2b: Garchomp|30/100\n|-unboost|p1b: Sneasler|def|1\n|-unboost|p1b: Sneasler|spd|1\n|-damage|p1b: Sneasler|29/100|[from] ability: Rough Skin|[of] p2b: Garchomp\n|move|p2a: Froslass|Blizzard|p1b: Sneasler\n|-damage|p1b: Sneasler|0 fnt\n|faint|p1b: Sneasler\n|\n|win|dmarin04\n|raw|OneDrag7's rating: 1237 &rarr; <strong>1214</strong><br />(-23 for losing)\n|raw|dmarin04's rating: 1264 &rarr; <strong>1287</strong><br />(+23 for winning)\n|l|\u2606OneDrag7\n|player|p1|\n",
  "uploadtime": 1776648802,
  "views": 9,
  "formatid": "gen9championsvgc2026regma",
  "rating": 1214,
  "private": 0,
  "password": null
}