{
  "id": "gen9championsvgc2026regma-2580930901",
  "format": "[Gen 9 Champions] VGC 2026 Reg M-A",
  "players": [
    "AidzPlayz",
    "rrayudu"
  ],
  "log": "|j|\u2606AidzPlayz\n|j|\u2606rrayudu\n|t:|1775944322\n|gametype|doubles\n|player|p1|AidzPlayz|ghetsis-gen5bw|1075\n|player|p2|rrayudu|169|1050\n|gen|9\n|tier|[Gen 9 Champions] VGC 2026 Reg M-A\n|rated|\n|rule|Species Clause: Limit one of each Pok\u00e9mon\n|rule|Item Clause: Limit 1 of each item\n|clearpoke\n|poke|p1|Aerodactyl, L50, M|\n|poke|p1|Incineroar, L50, M|\n|poke|p1|Floette-Eternal, L50, F|\n|poke|p1|Basculegion, L50, M|\n|poke|p1|Garchomp, L50, M|\n|poke|p1|Sneasler, L50, M|\n|poke|p2|Milotic, L50, M|\n|poke|p2|Zoroark-Hisui, L50, M|\n|poke|p2|Dragonite, L50, M|\n|poke|p2|Corviknight, L50, M|\n|poke|p2|Golurk, L50|\n|poke|p2|Skarmory, L50, F|\n|teampreview|4\n|inactive|Battle timer is ON: inactive players will automatically lose when time's up. (requested by rrayudu)\n|\n|t:|1775944349\n|teamsize|p1|4\n|teamsize|p2|4\n|start\n|switch|p1a: Aerodactyl|Aerodactyl, L50, M|100/100\n|switch|p1b: Floette|Floette-Eternal, L50, F|100/100\n|switch|p2a: Skarmory|Skarmory, L50, F|100/100\n|switch|p2b: Dragonite|Dragonite, L50, M|100/100\n|-ability|p1a: Aerodactyl|Unnerve\n|turn|1\n|\n|t:|1775944371\n|detailschange|p1b: Floette|Floette-Mega, L50, F\n|-mega|p1b: Floette|Floette|Floettite\n|-ability|p1b: Floette|Fairy Aura\n|move|p1a: Aerodactyl|Tailwind|p1a: Aerodactyl\n|-sidestart|p1: AidzPlayz|move: Tailwind\n|move|p1b: Floette|Moonblast|p2b: Dragonite\n|-enditem|p2b: Dragonite|Focus Sash\n|-damage|p2b: Dragonite|1/100\n|replace|p2b: Zoroark|Zoroark-Hisui, L50, M\n|-end|p2b: Zoroark|Illusion\n|move|p2b: Zoroark|Nasty Plot|p2b: Zoroark\n|-boost|p2b: Zoroark|spa|2\n|move|p2a: Skarmory|Tailwind|p2a: Skarmory\n|-sidestart|p2: rrayudu|move: Tailwind\n|\n|upkeep\n|turn|2\n|inactive|rrayudu has 30 seconds left.\n|\n|t:|1775944406\n|move|p1b: Floette|Protect|p1b: Floette\n|-singleturn|p1b: Floette|Protect\n|move|p1a: Aerodactyl|Rock Slide|p2b: Zoroark|[spread] p2a,p2b\n|-damage|p2a: Skarmory|84/100\n|-damage|p2b: Zoroark|0 fnt\n|faint|p2b: Zoroark\n|move|p2a: Skarmory|Iron Head|p1a: Aerodactyl\n|-supereffective|p1a: Aerodactyl|1\n|-damage|p1a: Aerodactyl|14/100\n|\n|upkeep\n|\n|t:|1775944423\n|switch|p2b: Corviknight|Corviknight, L50, M|100/100\n|turn|3\n|\n|t:|1775944443\n|switch|p1b: Incineroar|Incineroar, L50, M|100/100\n|-ability|p1b: Incineroar|Intimidate|boost\n|-unboost|p2a: Skarmory|atk|1\n|-ability|p2b: Corviknight|Mirror Armor\n|-unboost|p1b: Incineroar|atk|1\n|move|p1a: Aerodactyl|Rock Slide|p2b: Corviknight|[spread] p2a,p2b\n|-damage|p2a: Skarmory|69/100\n|-damage|p2b: Corviknight|80/100\n|move|p2a: Skarmory|Iron Head|p1b: Incineroar\n|-resisted|p1b: Incineroar|1\n|-damage|p1b: Incineroar|92/100\n|move|p2b: Corviknight|Bulk Up|p2b: Corviknight\n|-boost|p2b: Corviknight|atk|1\n|-boost|p2b: Corviknight|def|1\n|\n|upkeep\n|turn|4\n|inactive|AidzPlayz has 30 seconds left.\n|inactive|rrayudu has 30 seconds left.\n|inactive|AidzPlayz has 20 seconds left.\n|\n|t:|1775944483\n|move|p1a: Aerodactyl|Rock Slide|p2b: Corviknight|[spread] p2a,p2b\n|-crit|p2a: Skarmory\n|-damage|p2a: Skarmory|44/100\n|-damage|p2b: Corviknight|67/100\n|cant|p2a: Skarmory|flinch\n|move|p1b: Incineroar|Flare Blitz|p2b: Corviknight\n|-supereffective|p2b: Corviknight|1\n|-damage|p2b: Corviknight|32/100\n|-damage|p1b: Incineroar|80/100|[from] Recoil\n|move|p2b: Corviknight|Body Press|p1b: Incineroar\n|-supereffective|p1b: Incineroar|1\n|-crit|p1b: Incineroar\n|-damage|p1b: Incineroar|0 fnt\n|faint|p1b: Incineroar\n|\n|-sideend|p1: AidzPlayz|move: Tailwind\n|-sideend|p2: rrayudu|move: Tailwind\n|upkeep\n|inactive|AidzPlayz has 30 seconds left.\n|\n|t:|1775944512\n|switch|p1b: Floette|Floette-Mega, L50, F|100/100\n|-ability|p1b: Floette|Fairy Aura\n|turn|5\n|\n|t:|1775944524\n|move|p1a: Aerodactyl|Tailwind|p1a: Aerodactyl\n|-sidestart|p1: AidzPlayz|move: Tailwind\n|move|p1b: Floette|Light of Ruin|p2b: Corviknight\n|-resisted|p2b: Corviknight|1\n|-damage|p2b: Corviknight|0 fnt\n|faint|p2b: Corviknight\n|-damage|p1b: Floette|79/100|[from] Recoil\n|move|p2a: Skarmory|Tailwind|p2a: Skarmory\n|-sidestart|p2: rrayudu|move: Tailwind\n|\n|upkeep\n|\n|t:|1775944538\n|switch|p2b: Dragonite|Dragonite, L50, M|100/100\n|turn|6\n|\n|t:|1775944561\n|detailschange|p2b: Dragonite|Dragonite-Mega, L50, M\n|-mega|p2b: Dragonite|Dragonite|Dragoninite\n|move|p2b: Dragonite|Protect|p2b: Dragonite\n|-singleturn|p2b: Dragonite|Protect\n|move|p1a: Aerodactyl|Rock Slide|p2b: Dragonite|[spread] p2a\n|-activate|p2b: Dragonite|move: Protect\n|-damage|p2a: Skarmory|30/100\n|move|p1b: Floette|Moonblast|p2b: Dragonite\n|-activate|p2b: Dragonite|move: Protect\n|move|p2a: Skarmory|Iron Head|p1a: Aerodactyl\n|-supereffective|p1a: Aerodactyl|1\n|-damage|p1a: Aerodactyl|0 fnt\n|faint|p1a: Aerodactyl\n|\n|upkeep\n|\n|t:|1775944570\n|switch|p1a: Garchomp|Garchomp, L50, M|100/100\n|turn|7\n|\n|t:|1775944593\n|move|p1a: Garchomp|Dragon Claw|p2b: Dragonite\n|-supereffective|p2b: Dragonite|1\n|-damage|p2b: Dragonite|59/100\n|move|p1b: Floette|Dazzling Gleam|p2b: Dragonite|[spread] p2a,p2b\n|-resisted|p2a: Skarmory|1\n|-supereffective|p2b: Dragonite|1\n|-damage|p2a: Skarmory|0 fnt\n|-damage|p2b: Dragonite|0 fnt\n|faint|p2a: Skarmory\n|faint|p2b: Dragonite\n|\n|win|AidzPlayz\n|raw|AidzPlayz's rating: 1075 &rarr; <strong>1102</strong><br />(+27 for winning)\n|raw|rrayudu's rating: 1050 &rarr; <strong>1034</strong><br />(-16 for losing)\n",
  "uploadtime": 1775944593,
  "views": 12,
  "formatid": "gen9championsvgc2026regma",
  "rating": 1034,
  "private": 0,
  "password": null
}