{
  "id": "gen9championsvgc2026regma-2585001715",
  "format": "[Gen 9 Champions] VGC 2026 Reg M-A",
  "players": [
    "The Kings Cowl",
    "Gulpin on Muk"
  ],
  "log": "|j|\u2606The Kings Cowl\n|j|\u2606Gulpin on Muk\n|t:|1776302247\n|gametype|doubles\n|player|p1|The Kings Cowl|alder|1000\n|player|p2|Gulpin on Muk|emma|1000\n|gen|9\n|tier|[Gen 9 Champions] VGC 2026 Reg M-A\n|rated|\n|rule|Species Clause: Limit one of each Pok\u00e9mon\n|rule|Item Clause: Limit 1 of each item\n|clearpoke\n|poke|p1|Excadrill, L50, M|\n|poke|p1|Dragonite, L50, M|\n|poke|p1|Basculegion, L50, M|\n|poke|p1|Whimsicott, L50, F|\n|poke|p1|Conkeldurr, L50, M|\n|poke|p1|Rotom-Heat, L50|\n|poke|p2|Hatterene, L50, F|\n|poke|p2|Torkoal, L50, M|\n|poke|p2|Meganium, L50, F|\n|poke|p2|Dragapult, L50, M|\n|poke|p2|Typhlosion-Hisui, L50, M|\n|poke|p2|Whimsicott, L50, F|\n|teampreview|4\nGulpin on Muk has agreed to open team sheets.\n|inactive|Battle timer is ON: inactive players will automatically lose when time's up. (requested by Gulpin on Muk)\n|\n|t:|1776302293\n|teamsize|p1|4\n|teamsize|p2|4\n|start\n|switch|p1a: Excadrill|Excadrill, L50, M, shiny|100/100\n|switch|p1b: Conkeldurr|Conkeldurr, L50, M|100/100\n|switch|p2a: Torkoal|Torkoal, L50, M|100/100\n|switch|p2b: Dragapult|Dragapult, L50, M, shiny|100/100\n|-weather|SunnyDay|[from] ability: Drought|[of] p2a: Torkoal\n|turn|1\n|inactive|The Kings Cowl has 30 seconds left.\n|-activate|p1b: Conkeldurr|item: Quick Claw\n|\n|t:|1776302318\n|detailschange|p1a: Excadrill|Excadrill-Mega, L50, M, shiny\n|-mega|p1a: Excadrill|Excadrill|Excadrite\n|move|p1a: Excadrill|Protect|p1a: Excadrill\n|-singleturn|p1a: Excadrill|Protect\n|move|p1b: Conkeldurr|Knock Off|p2b: Dragapult\n|-supereffective|p2b: Dragapult|1\n|-damage|p2b: Dragapult|19/100\n|-enditem|p2b: Dragapult|Sitrus Berry|[from] move: Knock Off|[of] p1b: Conkeldurr\n|move|p2b: Dragapult|Will-O-Wisp|p1a: Excadrill\n|-activate|p1a: Excadrill|move: Protect\n|move|p2a: Torkoal|Eruption|p1a: Excadrill|[spread] p1b\n|-activate|p1a: Excadrill|move: Protect\n|-damage|p1b: Conkeldurr|28/100\n|\n|-weather|SunnyDay|[upkeep]\n|upkeep\n|turn|2\n|inactive|The Kings Cowl has 30 seconds left.\n|inactive|Gulpin on Muk has 30 seconds left.\n|inactive|The Kings Cowl has 20 seconds left.\n|inactive|The Kings Cowl has 15 seconds left.\n|inactive|The Kings Cowl has 10 seconds left.\n|\n|t:|1776302364\n|switch|p1a: Dragonite|Dragonite, L50, M|100/100\n|move|p1b: Conkeldurr|Protect|p1b: Conkeldurr\n|-singleturn|p1b: Conkeldurr|Protect\n|move|p2b: Dragapult|Will-O-Wisp|p1a: Dragonite\n|-status|p1a: Dragonite|brn\n|move|p2a: Torkoal|Eruption|p1a: Dragonite|[spread] p1a\n|-activate|p1b: Conkeldurr|move: Protect\n|-resisted|p1a: Dragonite|1\n|-damage|p1a: Dragonite|68/100 brn\n|\n|-weather|SunnyDay|[upkeep]\n|-damage|p1a: Dragonite|62/100 brn|[from] brn\n|upkeep\n|turn|3\n|inactive|The Kings Cowl has 30 seconds left.\n|inactive|Gulpin on Muk has 30 seconds left.\n|-activate|p1b: Conkeldurr|item: Quick Claw\n|\n|t:|1776302398\n|move|p2a: Torkoal|Protect|p2a: Torkoal\n|-singleturn|p2a: Torkoal|Protect\n|move|p1b: Conkeldurr|Hammer Arm|p2a: Torkoal\n|-activate|p2a: Torkoal|move: Protect\n|move|p2b: Dragapult|Hex|p1b: Conkeldurr\n|-damage|p1b: Conkeldurr|1/100\n|move|p1a: Dragonite|Tailwind|p1a: Dragonite\n|-sidestart|p1: The Kings Cowl|move: Tailwind\n|\n|-weather|SunnyDay|[upkeep]\n|-damage|p1a: Dragonite|56/100 brn|[from] brn\n|upkeep\n|turn|4\n|inactive|The Kings Cowl has 30 seconds left.\n|inactive|The Kings Cowl has 20 seconds left.\n|inactive|The Kings Cowl has 15 seconds left.\n|inactive|The Kings Cowl has 10 seconds left.\n|inactive|The Kings Cowl has 5 seconds left.\n|\n|t:|1776302449\n|move|p2b: Dragapult|Hex|p1a: Dragonite\n|-damage|p1a: Dragonite|15/100 brn\n|move|p1a: Dragonite|Hurricane|p2b: Dragapult\n|-crit|p2b: Dragapult\n|-damage|p2b: Dragapult|0 fnt\n|faint|p2b: Dragapult\n|move|p1b: Conkeldurr|Hammer Arm|p2a: Torkoal\n|-damage|p2a: Torkoal|62/100\n|-unboost|p1b: Conkeldurr|spe|1\n|move|p2a: Torkoal|Eruption|p1b: Conkeldurr|[spread] p1a,p1b\n|-resisted|p1a: Dragonite|1\n|-crit|p1b: Conkeldurr\n|-damage|p1a: Dragonite|0 fnt\n|-damage|p1b: Conkeldurr|0 fnt\n|faint|p1a: Dragonite\n|faint|p1b: Conkeldurr\n|\n|-weather|SunnyDay|[upkeep]\n|-heal|p2a: Torkoal|68/100|[from] item: Leftovers\n|upkeep\n|\n|t:|1776302471\n|switch|p2b: Meganium|Meganium, L50, F, shiny|100/100\n|switch|p1a: Excadrill|Excadrill-Mega, L50, M, shiny|100/100\n|switch|p1b: Basculegion|Basculegion, L50, M, shiny|100/100\n|turn|5\n|inactive|Gulpin on Muk has 30 seconds left.\n|\n|t:|1776302502\n|detailschange|p2b: Meganium|Meganium-Mega, L50, F, shiny\n|-mega|p2b: Meganium|Meganium|Meganiumite\n|move|p2a: Torkoal|Protect|p2a: Torkoal\n|-singleturn|p2a: Torkoal|Protect\n|move|p1a: Excadrill|Earthquake|p2b: Meganium|[spread] p1b,p2b\n|-activate|p2a: Torkoal|move: Protect\n|-resisted|p2b: Meganium|1\n|-damage|p1b: Basculegion|37/100\n|-damage|p2b: Meganium|80/100\n|move|p1b: Basculegion|Last Respects|p2b: Meganium\n|-damage|p2b: Meganium|0 fnt\n|faint|p2b: Meganium\n|\n|-weather|none\n|-heal|p2a: Torkoal|74/100|[from] item: Leftovers\n|upkeep\n|\n|t:|1776302514\n|switch|p2b: Typhlosion|Typhlosion-Hisui, L50, M|100/100\n|turn|6\n|\n|t:|1776302530\n|move|p1b: Basculegion|Protect|p1b: Basculegion\n|-singleturn|p1b: Basculegion|Protect\n|move|p1a: Excadrill|Earthquake|p2a: Torkoal|[spread] p2a,p2b\n|-activate|p1b: Basculegion|move: Protect\n|-supereffective|p2a: Torkoal|1\n|-supereffective|p2b: Typhlosion|1\n|-damage|p2a: Torkoal|6/100\n|-damage|p2b: Typhlosion|0 fnt\n|faint|p2b: Typhlosion\n|move|p2a: Torkoal|Solar Beam||[still]\n|-prepare|p2a: Torkoal|Solar Beam\n|\n|-heal|p2a: Torkoal|12/100|[from] item: Leftovers\n|-sideend|p1: The Kings Cowl|move: Tailwind\n|upkeep\n|turn|7\n|c|\u2606Gulpin on Muk|???????\n|inactive|The Kings Cowl has 30 seconds left.\n|inactive|Gulpin on Muk has 30 seconds left.\n|\n|t:|1776302559\n|move|p1a: Excadrill|Protect|p1a: Excadrill\n|-singleturn|p1a: Excadrill|Protect\n|move|p1b: Basculegion|Aqua Jet|p2a: Torkoal\n|-supereffective|p2a: Torkoal|1\n|-damage|p2a: Torkoal|0 fnt\n|faint|p2a: Torkoal\n|\n|win|The Kings Cowl\n|raw|The Kings Cowl's rating: 1000 &rarr; <strong>1040</strong><br />(+40 for winning)\n|raw|Gulpin on Muk's rating: 1000 &rarr; <strong>1000</strong><br />(+0 for losing)\n|c|\u2606Gulpin on Muk|what the fuck was that\n|l|\u2606The Kings Cowl\n|player|p1|\n",
  "uploadtime": 1776302677,
  "views": 33,
  "formatid": "gen9championsvgc2026regma",
  "rating": 1000,
  "private": 0,
  "password": null
}