{
  "id": "gen9championsvgc2026regma-2583341872",
  "format": "[Gen 9 Champions] VGC 2026 Reg M-A",
  "players": [
    "jibaobao",
    "b3rta"
  ],
  "log": "|j|\u2606jibaobao\n|j|\u2606b3rta\n|t:|1776168528\n|gametype|doubles\n|player|p1|jibaobao|266|1386\n|player|p2|b3rta|101|1540\n|gen|9\n|tier|[Gen 9 Champions] VGC 2026 Reg M-A\n|rated|\n|rule|Species Clause: Limit one of each Pok\u00e9mon\n|rule|Item Clause: Limit 1 of each item\n|clearpoke\n|poke|p1|Whimsicott, L50, F|\n|poke|p1|Gengar, L50, F|\n|poke|p1|Charizard, L50, M|\n|poke|p1|Kommo-o, L50, F|\n|poke|p1|Incineroar, L50, F|\n|poke|p1|Sneasler, L50, F|\n|poke|p2|Sneasler, L50, F|\n|poke|p2|Kangaskhan, L50, F|\n|poke|p2|Ceruledge, L50, F|\n|poke|p2|Milotic, L50, F|\n|poke|p2|Goodra-Hisui, L50, F|\n|poke|p2|Sinistcha-Masterpiece, L50|\n|teampreview|4\n|j| joanete00\n|l| joanete00\n|\n|t:|1776168567\n|teamsize|p1|4\n|teamsize|p2|4\n|start\n|switch|p1a: Gengar|Gengar, L50, F|100/100\n|switch|p1b: Sneasler|Sneasler, L50, F|100/100\n|switch|p2a: Ceruledge|Ceruledge, L50, F|100/100\n|switch|p2b: Kangaskhan|Kangaskhan, L50, F|100/100\n|turn|1\n|\n|t:|1776168592\n|switch|p2b: Milotic|Milotic, L50, F|100/100\n|detailschange|p1a: Gengar|Gengar-Mega, L50, F\n|-mega|p1a: Gengar|Gengar|Gengarite\n|move|p1a: Gengar|Protect|p1a: Gengar\n|-singleturn|p1a: Gengar|Protect\n|move|p2a: Ceruledge|Protect|p2a: Ceruledge\n|-singleturn|p2a: Ceruledge|Protect\n|move|p1b: Sneasler|Close Combat|p2b: Milotic\n|-damage|p2b: Milotic|28/100\n|-unboost|p1b: Sneasler|def|1\n|-unboost|p1b: Sneasler|spd|1\n|-enditem|p2b: Milotic|Sitrus Berry|[eat]\n|-heal|p2b: Milotic|52/100|[from] item: Sitrus Berry\n|-enditem|p1b: Sneasler|White Herb\n|-clearnegativeboost|p1b: Sneasler|[silent]\n|\n|upkeep\n|turn|2\n|\n|t:|1776168619\n|move|p1b: Sneasler|Close Combat|p2b: Milotic\n|-damage|p2b: Milotic|0 fnt\n|-unboost|p1b: Sneasler|def|1\n|-unboost|p1b: Sneasler|spd|1\n|faint|p2b: Milotic\n|move|p1a: Gengar|Shadow Ball|p2a: Ceruledge\n|-supereffective|p2a: Ceruledge|1\n|-damage|p2a: Ceruledge|0 fnt\n|faint|p2a: Ceruledge\n|\n|upkeep\n|\n|t:|1776168629\n|switch|p2b: Goodra|Goodra-Hisui, L50, F|100/100\n|switch|p2a: Kangaskhan|Kangaskhan, L50, F|100/100\n|turn|3\n|\n|t:|1776168661\n|switch|p1b: Whimsicott|Whimsicott, L50, F|100/100\n|detailschange|p2a: Kangaskhan|Kangaskhan-Mega, L50, F\n|-mega|p2a: Kangaskhan|Kangaskhan|Kangaskhanite\n|move|p1a: Gengar|Protect|p1a: Gengar\n|-singleturn|p1a: Gengar|Protect\n|move|p2a: Kangaskhan|Crunch|p1a: Gengar\n|-activate|p1a: Gengar|move: Protect\n|move|p2b: Goodra|Shelter|p2b: Goodra\n|-boost|p2b: Goodra|def|2\n|\n|upkeep\n|turn|4\n|\n|t:|1776168678\n|move|p1b: Whimsicott|Encore|p2a: Kangaskhan\n|-start|p2a: Kangaskhan|Encore\n|move|p1a: Gengar|Disable|p2a: Kangaskhan\n|-start|p2a: Kangaskhan|Disable|Crunch\n|cant|p2a: Kangaskhan|Disable|Crunch\n|move|p2b: Goodra|Shelter|p2b: Goodra\n|-boost|p2b: Goodra|def|2\n|\n|upkeep\n|turn|5\n|-message|b3rta forfeited.\n|\n|win|jibaobao\n|raw|jibaobao's rating: 1386 &rarr; <strong>1414</strong><br />(+28 for winning)\n|raw|b3rta's rating: 1540 &rarr; <strong>1512</strong><br />(-28 for losing)\n|l|\u2606b3rta\n|player|p2|\n",
  "uploadtime": 1776168697,
  "views": 33,
  "formatid": "gen9championsvgc2026regma",
  "rating": 1414,
  "private": 0,
  "password": null
}