{
  "id": "gen9championsvgc2026regma-2586374402",
  "format": "[Gen 9 Champions] VGC 2026 Reg M-A",
  "players": [
    "AlexWindigo",
    "CamilloPS"
  ],
  "log": "|j|\u2606AlexWindigo\n|j|\u2606CamilloPS\n|t:|1776429904\n|gametype|doubles\n|player|p1|AlexWindigo|supernerd|1068\n|player|p2|CamilloPS|byron|1122\n|gen|9\n|tier|[Gen 9 Champions] VGC 2026 Reg M-A\n|rated|\n|rule|Species Clause: Limit one of each Pok\u00e9mon\n|rule|Item Clause: Limit 1 of each item\n|clearpoke\n|poke|p1|Glalie, L50, M|\n|poke|p1|Torkoal, L50, M|\n|poke|p1|Scovillain, L50, M|\n|poke|p1|Charizard, L50, M|\n|poke|p1|Whimsicott, L50, M|\n|poke|p1|Archaludon, L50, F|\n|poke|p2|Milotic, L50, F|\n|poke|p2|Incineroar, L50, F|\n|poke|p2|Aerodactyl, L50, M|\n|poke|p2|Garchomp, L50, F|\n|poke|p2|Rotom-Wash, L50|\n|poke|p2|Scizor, L50, M|\n|teampreview|4\n|\n|t:|1776429943\n|teamsize|p1|4\n|teamsize|p2|4\n|start\n|switch|p1a: Torkoal|Torkoal, L50, M|100/100\n|switch|p1b: Scovillain|Scovillain, L50, M|100/100\n|switch|p2a: Aerodactyl|Aerodactyl, L50, M|100/100\n|switch|p2b: Milotic|Milotic, L50, F|100/100\n|-ability|p2a: Aerodactyl|Unnerve\n|-weather|SunnyDay|[from] ability: Drought|[of] p1a: Torkoal\n|turn|1\n|\n|t:|1776429960\n|detailschange|p1b: Scovillain|Scovillain-Mega, L50, M\n|-mega|p1b: Scovillain|Scovillain|Scovillainite\n|move|p1b: Scovillain|Rage Powder|p1b: Scovillain\n|-singleturn|p1b: Scovillain|move: Rage Powder\n|move|p2a: Aerodactyl|Tailwind|p2a: Aerodactyl\n|-sidestart|p2: CamilloPS|move: Tailwind\n|move|p2b: Milotic|Scald|p1b: Scovillain\n|-damage|p1b: Scovillain|72/100\n|-status|p2b: Milotic|brn|[from] ability: Spicy Spray|[of] p1b: Scovillain\n|move|p1a: Torkoal|Solar Beam||[still]\n|-prepare|p1a: Torkoal|Solar Beam\n|-anim|p1a: Torkoal|Solar Beam|p2b: Milotic\n|-supereffective|p2b: Milotic|1\n|-damage|p2b: Milotic|47/100 brn\n|\n|-weather|SunnyDay|[upkeep]\n|-heal|p2b: Milotic|53/100 brn|[from] item: Leftovers\n|-damage|p2b: Milotic|47/100 brn|[from] brn\n|upkeep\n|turn|2\n|\n|t:|1776429990\n|move|p2a: Aerodactyl|Dual Wingbeat|p1b: Scovillain\n|-supereffective|p1b: Scovillain|1\n|-damage|p1b: Scovillain|17/100\n|-status|p2a: Aerodactyl|brn|[from] ability: Spicy Spray|[of] p1b: Scovillain\n|-supereffective|p1b: Scovillain|1\n|-damage|p1b: Scovillain|0 fnt\n|faint|p1b: Scovillain\n|-hitcount|p1: Scovillain|2\n|move|p2b: Milotic|Scald|p1a: Torkoal\n|-supereffective|p1a: Torkoal|1\n|-damage|p1a: Torkoal|58/100\n|move|p1a: Torkoal|Solar Beam||[still]\n|-prepare|p1a: Torkoal|Solar Beam\n|-anim|p1a: Torkoal|Solar Beam|p2b: Milotic\n|-supereffective|p2b: Milotic|1\n|-damage|p2b: Milotic|0 fnt\n|faint|p2b: Milotic\n|\n|-weather|SunnyDay|[upkeep]\n|-heal|p1a: Torkoal|64/100|[from] item: Leftovers\n|-damage|p2a: Aerodactyl|95/100 brn|[from] brn\n|upkeep\n|\n|t:|1776430007\n|switch|p1b: Archaludon|Archaludon, L50, F|100/100\n|switch|p2b: Garchomp|Garchomp, L50, F|100/100\n|turn|3\n|\n|t:|1776430022\n|move|p2a: Aerodactyl|Rock Slide|p1b: Archaludon|[spread] p1a,p1b\n|-supereffective|p1a: Torkoal|1\n|-resisted|p1b: Archaludon|1\n|-damage|p1a: Torkoal|43/100\n|-damage|p1b: Archaludon|96/100\n|-ability|p1b: Archaludon|Stamina|boost\n|-boost|p1b: Archaludon|def|1\n|move|p2b: Garchomp|Earthquake|p1a: Torkoal|[spread] p1a,p1b\n|-immune|p2a: Aerodactyl\n|-supereffective|p1a: Torkoal|1\n|-supereffective|p1b: Archaludon|1\n|-damage|p1a: Torkoal|0 fnt\n|-damage|p1b: Archaludon|49/100\n|-ability|p1b: Archaludon|Stamina|boost\n|-boost|p1b: Archaludon|def|1\n|faint|p1a: Torkoal\n|move|p1b: Archaludon|Electro Shot||[still]\n|-prepare|p1b: Archaludon|Electro Shot\n|-boost|p1b: Archaludon|spa|1\n|\n|-weather|SunnyDay|[upkeep]\n|-damage|p2a: Aerodactyl|89/100 brn|[from] brn\n|upkeep\n|\n|t:|1776430032\n|switch|p1a: Whimsicott|Whimsicott, L50, M|100/100\n|turn|4\n|\n|t:|1776430046\n|move|p1a: Whimsicott|Leech Seed|p2b: Garchomp\n|-start|p2b: Garchomp|move: Leech Seed\n|move|p2a: Aerodactyl|Dual Wingbeat|p1a: Whimsicott\n|-supereffective|p1a: Whimsicott|1\n|-damage|p1a: Whimsicott|82/100\n|-supereffective|p1a: Whimsicott|1\n|-damage|p1a: Whimsicott|63/100\n|-hitcount|p1a: Whimsicott|2\n|move|p2b: Garchomp|Earthquake|p1b: Archaludon|[spread] p1a,p1b\n|-immune|p2a: Aerodactyl\n|-resisted|p1a: Whimsicott|1\n|-supereffective|p1b: Archaludon|1\n|-damage|p1a: Whimsicott|41/100\n|-damage|p1b: Archaludon|15/100\n|-ability|p1b: Archaludon|Stamina|boost\n|-boost|p1b: Archaludon|def|1\n|move|p1b: Archaludon|Electro Shot|p2a: Aerodactyl|[from] lockedmove\n|-supereffective|p2a: Aerodactyl|1\n|-damage|p2a: Aerodactyl|0 fnt\n|-enditem|p1b: Archaludon|Sitrus Berry|[eat]\n|-heal|p1b: Archaludon|40/100|[from] item: Sitrus Berry\n|faint|p2a: Aerodactyl\n|\n|-weather|SunnyDay|[upkeep]\n|-damage|p2b: Garchomp|88/100|[from] Leech Seed|[of] p1a: Whimsicott\n|-heal|p1a: Whimsicott|57/100|[silent]\n|-sideend|p2: CamilloPS|move: Tailwind\n|upkeep\n|\n|t:|1776430066\n|switch|p2a: Rotom|Rotom-Wash, L50|100/100\n|turn|5\n|inactive|Battle timer is ON: inactive players will automatically lose when time's up. (requested by AlexWindigo)\n|\n|t:|1776430103\n|move|p1a: Whimsicott|Tailwind|p1a: Whimsicott\n|-sidestart|p1: AlexWindigo|move: Tailwind\n|move|p1b: Archaludon|Solar Beam||[still]\n|-prepare|p1b: Archaludon|Solar Beam\n|-anim|p1b: Archaludon|Solar Beam|p2a: Rotom\n|-supereffective|p2a: Rotom|1\n|-damage|p2a: Rotom|0 fnt\n|faint|p2a: Rotom\n|move|p2b: Garchomp|Earthquake|p1b: Archaludon|[spread] p1a,p1b\n|-resisted|p1a: Whimsicott|1\n|-supereffective|p1b: Archaludon|1\n|-damage|p1a: Whimsicott|36/100\n|-damage|p1b: Archaludon|11/100\n|-ability|p1b: Archaludon|Stamina|boost\n|-boost|p1b: Archaludon|def|1\n|\n|-weather|none\n|-damage|p2b: Garchomp|76/100|[from] Leech Seed|[of] p1a: Whimsicott\n|-heal|p1a: Whimsicott|52/100|[silent]\n|upkeep\n|turn|6\n|inactive|AlexWindigo has 30 seconds left.\n|\n|t:|1776430130\n|move|p1a: Whimsicott|Encore|p2b: Garchomp\n|-start|p2b: Garchomp|Encore\n|move|p1b: Archaludon|Dark Pulse|p2b: Garchomp\n|-damage|p2b: Garchomp|30/100\n|move|p2b: Garchomp|Earthquake|p1b: Archaludon|[spread] p1a,p1b\n|-resisted|p1a: Whimsicott|1\n|-supereffective|p1b: Archaludon|1\n|-damage|p1a: Whimsicott|29/100\n|-damage|p1b: Archaludon|0 fnt\n|faint|p1b: Archaludon\n|\n|-damage|p2b: Garchomp|18/100|[from] Leech Seed|[of] p1a: Whimsicott\n|-heal|p1a: Whimsicott|46/100|[silent]\n|upkeep\n|turn|7\n|\n|t:|1776430141\n|move|p1a: Whimsicott|Taunt|p2b: Garchomp\n|-start|p2b: Garchomp|move: Taunt\n|move|p2b: Garchomp|Earthquake|p1a: Whimsicott\n|-resisted|p1a: Whimsicott|1\n|-damage|p1a: Whimsicott|17/100\n|\n|-damage|p2b: Garchomp|5/100|[from] Leech Seed|[of] p1a: Whimsicott\n|-heal|p1a: Whimsicott|34/100|[silent]\n|upkeep\n|turn|8\n|\n|t:|1776430149\n|move|p1a: Whimsicott|Tailwind||[still]\n|-fail|p1a: Whimsicott\n|move|p2b: Garchomp|Earthquake|p1a: Whimsicott\n|-resisted|p1a: Whimsicott|1\n|-damage|p1a: Whimsicott|5/100\n|\n|-damage|p2b: Garchomp|0 fnt|[from] Leech Seed|[of] p1a: Whimsicott\n|-heal|p1a: Whimsicott|11/100|[silent]\n|faint|p2b: Garchomp\n|\n|win|AlexWindigo\n|raw|AlexWindigo's rating: 1068 &rarr; <strong>1102</strong><br />(+34 for winning)\n|raw|CamilloPS's rating: 1122 &rarr; <strong>1093</strong><br />(-29 for losing)\n",
  "uploadtime": 1776430156,
  "views": 28,
  "formatid": "gen9championsvgc2026regma",
  "rating": 1093,
  "private": 0,
  "password": null
}