{
  "id": "gen9championsvgc2026regma-2588350289",
  "format": "[Gen 9 Champions] VGC 2026 Reg M-A",
  "players": [
    "yrrap",
    "shu0910"
  ],
  "log": "|j|\u2606yrrap\n|j|\u2606shu0910\n|html|<table width=\"100%\"><tr><td align=\"left\">yrrap</td><td align=\"right\">shu0910</tr><tr><td align=\"left\"><i class=\"fa fa-circle\"></i> <i class=\"fa fa-circle-o\"></i> </td><td align=\"right\"><i class=\"fa fa-circle-o\"></i> <i class=\"fa fa-circle\"></i> </tr></table>\n|uhtml|bestof|<h2><strong>Game 3</strong> of <a href=\"/game-bestof3-gen9championsvgc2026regma-2588343599\">a best-of-3</a></h2>\n|t:|1776626275\n|gametype|doubles\n|player|p1|yrrap|lance-masters2|\n|player|p2|shu0910|101|\n|gen|9\n|tier|[Gen 9 Champions] VGC 2026 Reg M-A\n|rule|Species Clause: Limit one of each Pok\u00e9mon\n|rule|Item Clause: Limit 1 of each item\n|raw|<div class=\"infobox\"><details class=\"readmore\" open><summary><strong>1 custom rule:</strong></summary> Best of = 3</details></div>\n|clearpoke\n|poke|p1|Simisear, L50, F, shiny|\n|poke|p1|Simipour, L50, M, shiny|\n|poke|p1|Simisage, L50, M, shiny|\n|poke|p1|Floette-Eternal, L50, F|\n|poke|p1|Maushold, L50|\n|poke|p1|Noivern, L50, F|\n|poke|p2|Froslass, L50, F|\n|poke|p2|Corviknight, L50, F|\n|poke|p2|Milotic, L50, M|\n|poke|p2|Ceruledge, L50, F|\n|poke|p2|Ninetales-Alola, L50, F|\n|poke|p2|Samurott-Hisui, L50, M|\n|teampreview|4\nyrrap rejected open team sheets.\n|c|\u2606yrrap|Gme 3 hype!\n|c|\u2606yrrap|Good luck!\n|j| pokemon_and_beer\n|c| pokemon_and_beer|Glhf gamers\n|\n|t:|1776626326\n|teamsize|p1|4\n|teamsize|p2|4\n|start\n|switch|p1a: Dark Sear|Simisear, L50, F, shiny|100/100\n|switch|p1b: Dark Pour|Simipour, L50, M, shiny|100/100\n|switch|p2a: Ninetales|Ninetales-Alola, L50, F|100/100\n|switch|p2b: Froslass|Froslass, L50, F|100/100\n|turn|1\n|\n|t:|1776626352\n|switch|p2b: Milotic|Milotic, L50, M|100/100\n|move|p1a: Dark Sear|Fake Out|p2a: Ninetales\n|-damage|p2a: Ninetales|86/100\n|cant|p2a: Ninetales|flinch\n|move|p1b: Dark Pour|Flip Turn|p2b: Milotic\n|-resisted|p2b: Milotic|1\n|-damage|p2b: Milotic|88/100\n|\n|t:|1776626363\n|switch|p1b: Fleur|Floette-Eternal, L50, F|100/100|[from] Flip Turn\n|\n|upkeep\n|turn|2\n|\n|t:|1776626387\n|switch|p1a: Three Fold|Maushold, L50|100/100\n|detailschange|p1b: Fleur|Floette-Mega, L50, F\n|-mega|p1b: Fleur|Floette|Floettite\n|-ability|p1b: Fleur|Fairy Aura\n|move|p2a: Ninetales|Dazzling Gleam|p1b: Fleur|[spread] p1a,p1b\n|-damage|p1a: Three Fold|63/100\n|-damage|p1b: Fleur|84/100\n|move|p2b: Milotic|Muddy Water|p1b: Fleur|[spread] p1a,p1b\n|-damage|p1a: Three Fold|29/100\n|-damage|p1b: Fleur|68/100\n|-unboost|p1a: Three Fold|accuracy|1\n|-unboost|p1b: Fleur|accuracy|1\n|-enditem|p1a: Three Fold|Sitrus Berry|[eat]\n|-heal|p1a: Three Fold|54/100|[from] item: Sitrus Berry\n|move|p1b: Fleur|Calm Mind|p1b: Fleur\n|-boost|p1b: Fleur|spa|1\n|-boost|p1b: Fleur|spd|1\n|\n|upkeep\n|turn|3\n|\n|t:|1776626410\n|move|p1a: Three Fold|Follow Me|p1a: Three Fold\n|-singleturn|p1a: Three Fold|move: Follow Me\n|move|p2a: Ninetales|Dazzling Gleam|p1a: Three Fold|[spread] p1a,p1b\n|-damage|p1a: Three Fold|15/100\n|-damage|p1b: Fleur|59/100\n|move|p2b: Milotic|Muddy Water|p1a: Three Fold|[spread] p1a,p1b\n|-damage|p1a: Three Fold|0 fnt\n|-damage|p1b: Fleur|49/100\n|faint|p1a: Three Fold\n|move|p1b: Fleur|Calm Mind|p1b: Fleur\n|-boost|p1b: Fleur|spa|1\n|-boost|p1b: Fleur|spd|1\n|\n|upkeep\n|\n|t:|1776626422\n|switch|p1a: Dark Sear|Simisear, L50, F, shiny|100/100\n|turn|4\n|\n|t:|1776626431\n|move|p1a: Dark Sear|Fake Out|p2b: Milotic\n|-damage|p2b: Milotic|76/100\n|move|p2a: Ninetales|Dazzling Gleam|p1b: Fleur|[spread] p1a,p1b\n|-resisted|p1a: Dark Sear|1\n|-damage|p1a: Dark Sear|73/100\n|-damage|p1b: Fleur|37/100\n|cant|p2b: Milotic|flinch\n|move|p1b: Fleur|Dazzling Gleam|p2b: Milotic|[spread] p2a\n|-miss|p1b: Fleur|p2b: Milotic\n|-damage|p2a: Ninetales|0 fnt\n|faint|p2a: Ninetales\n|\n|upkeep\n|\n|t:|1776626443\n|switch|p2a: Froslass|Froslass, L50, F|100/100\n|turn|5\n|\n|t:|1776626454\n|detailschange|p2a: Froslass|Froslass-Mega, L50, F\n|-mega|p2a: Froslass|Froslass|Froslassite\n|-weather|Snowscape|[from] ability: Snow Warning|[of] p2a: Froslass\n|move|p1b: Fleur|Protect|p1b: Fleur\n|-singleturn|p1b: Fleur|Protect\n|move|p2a: Froslass|Aurora Veil|p2a: Froslass\n|-sidestart|p2: shu0910|move: Aurora Veil\n|move|p1a: Dark Sear|Heat Wave|p2b: Milotic|[spread] p2a\n|-miss|p1a: Dark Sear|p2b: Milotic\n|-supereffective|p2a: Froslass|1\n|-damage|p2a: Froslass|36/100\n|move|p2b: Milotic|Muddy Water|p1b: Fleur|[spread] \n|-activate|p1b: Fleur|move: Protect\n|-miss|p2b: Milotic|p1a: Dark Sear\n|\n|-weather|Snowscape|[upkeep]\n|upkeep\n|turn|6\n|\n|t:|1776626486\n|switch|p1a: Dark Pour|Simipour, L50, M, shiny|100/100\n|move|p2a: Froslass|Blizzard|p1b: Fleur|[spread] p1a,p1b\n|-resisted|p1a: Dark Pour|1\n|-damage|p1a: Dark Pour|65/100\n|-damage|p1b: Fleur|22/100\n|move|p2b: Milotic|Muddy Water|p1a: Dark Pour|[spread] p1a,p1b\n|-resisted|p1a: Dark Pour|1\n|-damage|p1a: Dark Pour|43/100\n|-damage|p1b: Fleur|12/100\n|move|p1b: Fleur|Dazzling Gleam|p2b: Milotic|[spread] p2a,p2b\n|-damage|p2a: Froslass|0 fnt\n|-damage|p2b: Milotic|30/100\n|-enditem|p2b: Milotic|Sitrus Berry|[eat]\n|-heal|p2b: Milotic|55/100|[from] item: Sitrus Berry\n|faint|p2a: Froslass\n|\n|-weather|Snowscape|[upkeep]\n|upkeep\n|\n|t:|1776626506\n|switch|p2a: Ceruledge|Ceruledge, L50, F|100/100\n|turn|7\n|\n|t:|1776626521\n|move|p1b: Fleur|Protect|p1b: Fleur\n|-singleturn|p1b: Fleur|Protect\n|move|p1a: Dark Pour|Hydro Pump|p2a: Ceruledge\n|-supereffective|p2a: Ceruledge|1\n|-damage|p2a: Ceruledge|19/100\n|move|p2a: Ceruledge|Bitter Blade|p1b: Fleur\n|-activate|p1b: Fleur|move: Protect\n|move|p2b: Milotic|Dragon Pulse|p1a: Dark Pour\n|-crit|p1a: Dark Pour\n|-damage|p1a: Dark Pour|0 fnt\n|faint|p1a: Dark Pour\n|\n|-weather|Snowscape|[upkeep]\n|upkeep\n|\n|t:|1776626528\n|switch|p1a: Dark Sear|Simisear, L50, F, shiny|73/100\n|turn|8\n|\n|t:|1776626545\n|move|p2b: Milotic|Protect|p2b: Milotic\n|-singleturn|p2b: Milotic|Protect\n|move|p1b: Fleur|Protect|p1b: Fleur\n|-singleturn|p1b: Fleur|Protect\n|move|p1a: Dark Sear|Scorching Sands|p2a: Ceruledge\n|-supereffective|p2a: Ceruledge|1\n|-damage|p2a: Ceruledge|0 fnt\n|faint|p2a: Ceruledge\n|\n|-weather|Snowscape|[upkeep]\n|upkeep\n|turn|9\n|\n|t:|1776626565\n|move|p1a: Dark Sear|Scorching Sands|p2b: Milotic\n|-damage|p2b: Milotic|42/100\n|-status|p2b: Milotic|brn\n|move|p2b: Milotic|Muddy Water|p1a: Dark Sear|[spread] p1a,p1b\n|-supereffective|p1a: Dark Sear|1\n|-damage|p1a: Dark Sear|0 fnt\n|-damage|p1b: Fleur|1/100\n|faint|p1a: Dark Sear\n|move|p1b: Fleur|Dazzling Gleam|p2b: Milotic|[miss]\n|-miss|p1b: Fleur|p2b: Milotic\n|\n|-weather|none\n|-damage|p2b: Milotic|36/100 brn|[from] brn\n|-sideend|p2: shu0910|move: Aurora Veil\n|upkeep\n|turn|10\n|c|\u2606yrrap|Ggswp\n|\n|t:|1776626582\n|move|p2b: Milotic|Ice Beam|p1b: Fleur\n|-damage|p1b: Fleur|0 fnt\n|faint|p1b: Fleur\n|\n|win|shu0910\n|c|\u2606shu0910|ggs\n|l| pokemon_and_beer\n|l|\u2606yrrap\n|player|p1|\n",
  "uploadtime": 1776626585,
  "views": 8,
  "formatid": "gen9championsvgc2026regma",
  "rating": null,
  "private": 0,
  "password": null
}