{
  "id": "gen9championsvgc2026regma-2586954223",
  "format": "[Gen 9 Champions] VGC 2026 Reg M-A",
  "players": [
    "Sezare32",
    "Perzeaus"
  ],
  "log": "|j|\u2606Sezare32\n|j|\u2606Perzeaus\n|t:|1776475227\n|gametype|doubles\n|player|p1|Sezare32|lucas|1029\n|player|p2|Perzeaus|cyclist|1117\n|gen|9\n|tier|[Gen 9 Champions] VGC 2026 Reg M-A\n|rated|\n|rule|Species Clause: Limit one of each Pok\u00e9mon\n|rule|Item Clause: Limit 1 of each item\n|clearpoke\n|poke|p1|Froslass, L50, F|\n|poke|p1|Sneasler, L50, F|\n|poke|p1|Rotom-Frost, L50|\n|poke|p1|Incineroar, L50, M|\n|poke|p1|Primarina, L50, M|\n|poke|p1|Aerodactyl, L50, F|\n|poke|p2|Floette-Eternal, L50, F|\n|poke|p2|Scovillain, L50, F|\n|poke|p2|Tyranitar, L50, M|\n|poke|p2|Garchomp, L50, M|\n|poke|p2|Corviknight, L50, F|\n|poke|p2|Milotic, L50, M|\n|teampreview|4\n|inactive|Battle timer is ON: inactive players will automatically lose when time's up. (requested by Perzeaus)\n|inactive|Perzeaus has 60 seconds left.\n|\n|t:|1776475263\n|teamsize|p1|4\n|teamsize|p2|4\n|start\n|switch|p1a: Froslass|Froslass, L50, F|100/100\n|switch|p1b: Incineroar|Incineroar, L50, M|100/100\n|switch|p2a: Scovillain|Scovillain, L50, F|100/100\n|switch|p2b: Floette|Floette-Eternal, L50, F|100/100\n|-ability|p1b: Incineroar|Intimidate|boost\n|-block|p2a: Scovillain|ability: Flower Veil|[of] p2b: Floette\n|-unboost|p2b: Floette|atk|1\n|turn|1\n|\n|t:|1776475284\n|detailschange|p1a: Froslass|Froslass-Mega, L50, F\n|-mega|p1a: Froslass|Froslass|Froslassite\n|-weather|Snowscape|[from] ability: Snow Warning|[of] p1a: Froslass\n|detailschange|p2a: Scovillain|Scovillain-Mega, L50, F\n|-mega|p2a: Scovillain|Scovillain|Scovillainite\n|move|p1b: Incineroar|Fake Out|p2a: Scovillain\n|-damage|p2a: Scovillain|86/100\n|-immune|p1b: Incineroar\n|cant|p2a: Scovillain|flinch\n|move|p1a: Froslass|Aurora Veil|p1a: Froslass\n|-sidestart|p1: Sezare32|move: Aurora Veil\n|move|p2b: Floette|Calm Mind|p2b: Floette\n|-boost|p2b: Floette|spa|1\n|-boost|p2b: Floette|spd|1\n|\n|-weather|Snowscape|[upkeep]\n|upkeep\n|turn|2\n|inactive|Perzeaus has 30 seconds left.\n|\n|t:|1776475311\n|move|p2b: Floette|Protect|p2b: Floette\n|-singleturn|p2b: Floette|Protect\n|move|p2a: Scovillain|Rage Powder|p2a: Scovillain\n|-singleturn|p2a: Scovillain|move: Rage Powder\n|move|p1a: Froslass|Blizzard|p2a: Scovillain|[spread] p2a\n|-activate|p2b: Floette|move: Protect\n|-crit|p2a: Scovillain\n|-damage|p2a: Scovillain|22/100\n|-status|p1a: Froslass|brn|[from] ability: Spicy Spray|[of] p2a: Scovillain\n|move|p1b: Incineroar|Parting Shot|p2a: Scovillain\n|-block|p2a: Scovillain|ability: Flower Veil|[of] p2b: Floette\n|\n|-weather|Snowscape|[upkeep]\n|-damage|p1a: Froslass|94/100 brn|[from] brn\n|upkeep\n|turn|3\n|inactive|Perzeaus has 30 seconds left.\n|\n|t:|1776475342\n|move|p1a: Froslass|Blizzard|p2a: Scovillain|[spread] p2a,p2b\n|-damage|p2a: Scovillain|0 fnt\n|-damage|p2b: Floette|76/100\n|-status|p2b: Floette|frz\n|faint|p2a: Scovillain\n|cant|p2b: Floette|frz\n|move|p1b: Incineroar|Parting Shot|p2b: Floette\n|-unboost|p2b: Floette|atk|1\n|-unboost|p2b: Floette|spa|1\n|\n|t:|1776475355\n|switch|p1b: Rotom|Rotom-Frost, L50|100/100|[from] Parting Shot\n|\n|-weather|Snowscape|[upkeep]\n|-damage|p1a: Froslass|88/100 brn|[from] brn\n|upkeep\n|\n|t:|1776475371\n|switch|p2a: Milotic|Milotic, L50, M|100/100\n|turn|4\n|\n|t:|1776475384\n|cant|p2b: Floette|frz\n|move|p2a: Milotic|Protect|p2a: Milotic\n|-singleturn|p2a: Milotic|Protect\n|move|p1b: Rotom|Thunderbolt|p2a: Milotic\n|-activate|p2a: Milotic|move: Protect\n|move|p1a: Froslass|Shadow Ball|p2a: Milotic\n|-activate|p2a: Milotic|move: Protect\n|\n|-weather|Snowscape|[upkeep]\n|-damage|p1a: Froslass|82/100 brn|[from] brn\n|upkeep\n|turn|5\n|inactive|Perzeaus has 30 seconds left.\n|\n|t:|1776475412\n|switch|p2a: Garchomp|Garchomp, L50, M|100/100\n|move|p1b: Rotom|Thunderbolt|p2a: Garchomp\n|-immune|p2a: Garchomp\n|move|p1a: Froslass|Blizzard|p2b: Floette|[spread] p2a,p2b\n|-supereffective|p2a: Garchomp|2\n|-damage|p2a: Garchomp|0 fnt\n|-damage|p2b: Floette|49/100 frz\n|faint|p2a: Garchomp\n|-curestatus|p2b: Floette|frz|[msg]\n|move|p2b: Floette|Moonblast|p1a: Froslass\n|-damage|p1a: Froslass|37/100 brn\n|\n|-weather|none\n|-damage|p1a: Froslass|31/100 brn|[from] brn\n|-sideend|p1: Sezare32|move: Aurora Veil\n|upkeep\n|\n|t:|1776475430\n|switch|p2a: Milotic|Milotic, L50, M|100/100\n|turn|6\n|\n|t:|1776475447\n|switch|p1a: Incineroar|Incineroar, L50, M|100/100\n|-ability|p1a: Incineroar|Intimidate|boost\n|-unboost|p2a: Milotic|atk|1\n|-ability|p2a: Milotic|Competitive|boost\n|-boost|p2a: Milotic|spa|2\n|-unboost|p2b: Floette|atk|1\n|move|p2b: Floette|Protect|p2b: Floette\n|-singleturn|p2b: Floette|Protect\n|move|p1b: Rotom|Thunderbolt|p2b: Floette\n|-activate|p2b: Floette|move: Protect\n|move|p2a: Milotic|Scald|p1a: Incineroar\n|-supereffective|p1a: Incineroar|1\n|-damage|p1a: Incineroar|0 fnt\n|faint|p1a: Incineroar\n|\n|upkeep\n|\n|t:|1776475458\n|switch|p1a: Froslass|Froslass-Mega, L50, F|31/100 brn\n|-weather|Snowscape|[from] ability: Snow Warning|[of] p1a: Froslass\n|turn|7\n|\n|t:|1776475479\n|move|p1b: Rotom|Thunderbolt|p2b: Floette\n|-damage|p2b: Floette|29/100\n|move|p1a: Froslass|Aurora Veil|p1a: Froslass\n|-sidestart|p1: Sezare32|move: Aurora Veil\n|move|p2b: Floette|Draining Kiss|p1b: Rotom\n|-damage|p1b: Rotom|78/100\n|-heal|p2b: Floette|43/100|[from] drain|[of] p1b: Rotom\n|move|p2a: Milotic|Scald|p1a: Froslass\n|-damage|p1a: Froslass|0 fnt\n|faint|p1a: Froslass\n|\n|-weather|Snowscape|[upkeep]\n|upkeep\n|\n|t:|1776475492\n|switch|p1a: Primarina|Primarina, L50, M|100/100\n|turn|8\n|\n|t:|1776475503\n|move|p1b: Rotom|Thunderbolt|p2b: Floette\n|-damage|p2b: Floette|25/100\n|move|p2b: Floette|Calm Mind|p2b: Floette\n|-boost|p2b: Floette|spa|1\n|-boost|p2b: Floette|spd|1\n|move|p2a: Milotic|Scald|p1b: Rotom\n|-damage|p1b: Rotom|35/100\n|move|p1a: Primarina|Hyper Voice|p2a: Milotic|[spread] p2a,p2b\n|-resisted|p2a: Milotic|1\n|-damage|p2a: Milotic|88/100\n|-damage|p2b: Floette|13/100\n|\n|-weather|Snowscape|[upkeep]\n|-heal|p2a: Milotic|93/100|[from] item: Leftovers\n|upkeep\n|turn|9\n|\n|t:|1776475527\n|move|p1b: Rotom|Thunderbolt|p2a: Milotic\n|-supereffective|p2a: Milotic|1\n|-damage|p2a: Milotic|36/100\n|move|p2b: Floette|Moonblast|p1a: Primarina\n|-damage|p1a: Primarina|60/100\n|move|p2a: Milotic|Scald|p1b: Rotom\n|-damage|p1b: Rotom|0 fnt\n|faint|p1b: Rotom\n|move|p1a: Primarina|Hyper Voice|p2a: Milotic|[spread] p2a,p2b\n|-resisted|p2a: Milotic|1\n|-damage|p2a: Milotic|22/100\n|-damage|p2b: Floette|0 fnt\n|faint|p2b: Floette\n|\n|-weather|Snowscape|[upkeep]\n|-heal|p2a: Milotic|28/100|[from] item: Leftovers\n|-heal|p1a: Primarina|66/100|[from] item: Leftovers\n|upkeep\n|turn|10\n|\n|t:|1776475546\n|move|p2a: Milotic|Recover|p2a: Milotic\n|-heal|p2a: Milotic|78/100\n|move|p1a: Primarina|Moonblast|p2a: Milotic\n|-damage|p2a: Milotic|39/100\n|\n|-weather|Snowscape|[upkeep]\n|-heal|p2a: Milotic|45/100|[from] item: Leftovers\n|-heal|p1a: Primarina|71/100|[from] item: Leftovers\n|upkeep\n|turn|11\n|\n|t:|1776475556\n|move|p2a: Milotic|Recover|p2a: Milotic\n|-heal|p2a: Milotic|95/100\n|move|p1a: Primarina|Moonblast|p2a: Milotic\n|-damage|p2a: Milotic|54/100\n|\n|-weather|none\n|-heal|p2a: Milotic|60/100|[from] item: Leftovers\n|-heal|p1a: Primarina|77/100|[from] item: Leftovers\n|-sideend|p1: Sezare32|move: Aurora Veil\n|upkeep\n|turn|12\n|\n|t:|1776475567\n|move|p2a: Milotic|Recover|p2a: Milotic\n|-heal|p2a: Milotic|100/100\n|move|p1a: Primarina|Psychic|p2a: Milotic\n|-damage|p2a: Milotic|75/100\n|\n|-heal|p2a: Milotic|80/100|[from] item: Leftovers\n|-heal|p1a: Primarina|83/100|[from] item: Leftovers\n|upkeep\n|turn|13\n|\n|t:|1776475578\n|move|p1a: Primarina|Protect|p1a: Primarina\n|-singleturn|p1a: Primarina|Protect\n|move|p2a: Milotic|Scald|p1a: Primarina\n|-activate|p1a: Primarina|move: Protect\n|\n|-heal|p2a: Milotic|86/100|[from] item: Leftovers\n|-heal|p1a: Primarina|89/100|[from] item: Leftovers\n|upkeep\n|turn|14\n|\n|t:|1776475588\n|move|p2a: Milotic|Scald|p1a: Primarina\n|-resisted|p1a: Primarina|1\n|-damage|p1a: Primarina|64/100\n|move|p1a: Primarina|Moonblast|p2a: Milotic\n|-damage|p2a: Milotic|49/100\n|\n|-heal|p2a: Milotic|55/100|[from] item: Leftovers\n|-heal|p1a: Primarina|70/100|[from] item: Leftovers\n|upkeep\n|turn|15\n|\n|t:|1776475601\n|move|p2a: Milotic|Recover|p2a: Milotic\n|-heal|p2a: Milotic|100/100\n|move|p1a: Primarina|Psychic|p2a: Milotic\n|-damage|p2a: Milotic|77/100\n|\n|-heal|p2a: Milotic|83/100|[from] item: Leftovers\n|-heal|p1a: Primarina|76/100|[from] item: Leftovers\n|upkeep\n|turn|16\n|\n|t:|1776475617\n|move|p1a: Primarina|Protect|p1a: Primarina\n|-singleturn|p1a: Primarina|Protect\n|move|p2a: Milotic|Scald|p1a: Primarina\n|-activate|p1a: Primarina|move: Protect\n|\n|-heal|p2a: Milotic|89/100|[from] item: Leftovers\n|-heal|p1a: Primarina|82/100|[from] item: Leftovers\n|upkeep\n|turn|17\n|\n|t:|1776475629\n|move|p2a: Milotic|Scald|p1a: Primarina\n|-resisted|p1a: Primarina|1\n|-damage|p1a: Primarina|55/100\n|move|p1a: Primarina|Psychic|p2a: Milotic\n|-damage|p2a: Milotic|64/100\n|\n|-heal|p2a: Milotic|70/100|[from] item: Leftovers\n|-heal|p1a: Primarina|61/100|[from] item: Leftovers\n|upkeep\n|turn|18\n|\n|t:|1776475644\n|move|p2a: Milotic|Recover|p2a: Milotic\n|-heal|p2a: Milotic|100/100\n|move|p1a: Primarina|Moonblast|p2a: Milotic\n|-damage|p2a: Milotic|59/100\n|\n|-heal|p2a: Milotic|65/100|[from] item: Leftovers\n|-heal|p1a: Primarina|67/100|[from] item: Leftovers\n|upkeep\n|turn|19\n|\n|t:|1776475654\n|move|p2a: Milotic|Scald|p1a: Primarina\n|-resisted|p1a: Primarina|1\n|-damage|p1a: Primarina|40/100\n|-status|p1a: Primarina|brn\n|move|p1a: Primarina|Moonblast|p2a: Milotic\n|-damage|p2a: Milotic|24/100\n|-unboost|p2a: Milotic|spa|1\n|-ability|p2a: Milotic|Competitive|boost\n|-boost|p2a: Milotic|spa|2\n|\n|-heal|p2a: Milotic|30/100|[from] item: Leftovers\n|-heal|p1a: Primarina|46/100 brn|[from] item: Leftovers\n|-damage|p1a: Primarina|40/100 brn|[from] brn\n|upkeep\n|turn|20\n|\n|t:|1776475670\n|move|p2a: Milotic|Recover|p2a: Milotic\n|-heal|p2a: Milotic|80/100\n|move|p1a: Primarina|Moonblast|p2a: Milotic\n|-damage|p2a: Milotic|38/100\n|\n|-heal|p2a: Milotic|43/100|[from] item: Leftovers\n|-heal|p1a: Primarina|46/100 brn|[from] item: Leftovers\n|-damage|p1a: Primarina|40/100 brn|[from] brn\n|upkeep\n|turn|21\n|\n|t:|1776475681\n|move|p2a: Milotic|Recover|p2a: Milotic\n|-heal|p2a: Milotic|93/100\n|move|p1a: Primarina|Moonblast|p2a: Milotic\n|-damage|p2a: Milotic|49/100\n|\n|-heal|p2a: Milotic|55/100|[from] item: Leftovers\n|-heal|p1a: Primarina|46/100 brn|[from] item: Leftovers\n|-damage|p1a: Primarina|40/100 brn|[from] brn\n|upkeep\n|turn|22\n|\n|t:|1776475693\n|move|p2a: Milotic|Recover|p2a: Milotic\n|-heal|p2a: Milotic|100/100\n|move|p1a: Primarina|Moonblast|p2a: Milotic\n|-damage|p2a: Milotic|58/100\n|\n|-heal|p2a: Milotic|63/100|[from] item: Leftovers\n|-heal|p1a: Primarina|46/100 brn|[from] item: Leftovers\n|-damage|p1a: Primarina|40/100 brn|[from] brn\n|upkeep\n|turn|23\n|\n|t:|1776475703\n|move|p2a: Milotic|Scald|p1a: Primarina\n|-resisted|p1a: Primarina|1\n|-damage|p1a: Primarina|10/100 brn\n|move|p1a: Primarina|Moonblast|p2a: Milotic\n|-damage|p2a: Milotic|24/100\n|\n|-heal|p2a: Milotic|30/100|[from] item: Leftovers\n|-heal|p1a: Primarina|16/100 brn|[from] item: Leftovers\n|-damage|p1a: Primarina|10/100 brn|[from] brn\n|upkeep\n|turn|24\n|\n|t:|1776475717\n|move|p1a: Primarina|Protect|p1a: Primarina\n|-singleturn|p1a: Primarina|Protect\n|move|p2a: Milotic|Scald|p1a: Primarina\n|-activate|p1a: Primarina|move: Protect\n|\n|-heal|p2a: Milotic|36/100|[from] item: Leftovers\n|-heal|p1a: Primarina|16/100 brn|[from] item: Leftovers\n|-damage|p1a: Primarina|10/100 brn|[from] brn\n|upkeep\n|turn|25\n|\n|t:|1776475728\n|move|p2a: Milotic|Scald|p1a: Primarina\n|-resisted|p1a: Primarina|1\n|-damage|p1a: Primarina|0 fnt\n|faint|p1a: Primarina\n|\n|win|Perzeaus\n|raw|Sezare32's rating: 1029 &rarr; <strong>1018</strong><br />(-11 for losing)\n|raw|Perzeaus's rating: 1117 &rarr; <strong>1136</strong><br />(+19 for winning)\n|l|\u2606Sezare32\n|player|p1|\n",
  "uploadtime": 1776475739,
  "views": 17,
  "formatid": "gen9championsvgc2026regma",
  "rating": 1018,
  "private": 0,
  "password": null
}