{
  "id": "gen9championsvgc2026regma-2588468517",
  "format": "[Gen 9 Champions] VGC 2026 Reg M-A",
  "players": [
    "thicc latina lover",
    "Peppe200w"
  ],
  "log": "|j|\u2606thicc latina lover\n|j|\u2606Peppe200w\n|t:|1776636221\n|gametype|doubles\n|player|p1|thicc latina lover|skyla|1359\n|player|p2|Peppe200w|2|1382\n|gen|9\n|tier|[Gen 9 Champions] VGC 2026 Reg M-A\n|rated|\n|rule|Species Clause: Limit one of each Pok\u00e9mon\n|rule|Item Clause: Limit 1 of each item\n|clearpoke\n|poke|p1|Venusaur, L50, M, shiny|\n|poke|p1|Pelipper, L50, M, shiny|\n|poke|p1|Basculegion, L50, M|\n|poke|p1|Archaludon, L50, M|\n|poke|p1|Sneasler, L50, M|\n|poke|p1|Garchomp, L50, M|\n|poke|p2|Charizard, L50, F, shiny|\n|poke|p2|Incineroar, L50, F, shiny|\n|poke|p2|Milotic, L50, F, shiny|\n|poke|p2|Sneasler, L50, M|\n|poke|p2|Sinistcha, L50|\n|poke|p2|Scizor, L50, F|\n|teampreview|4\n|inactive|Battle timer is ON: inactive players will automatically lose when time's up. (requested by thicc latina lover)\n|\n|t:|1776636254\n|teamsize|p1|4\n|teamsize|p2|4\n|start\n|switch|p1a: Venusaur|Venusaur, L50, M, shiny|100/100\n|switch|p1b: Sneasler|Sneasler, L50, M|100/100\n|switch|p2a: Sneasler|Sneasler, L50, M|100/100\n|switch|p2b: Incineroar|Incineroar, L50, F, shiny|100/100\n|-ability|p2b: Incineroar|Intimidate|boost\n|-unboost|p1a: Venusaur|atk|1\n|-unboost|p1b: Sneasler|atk|1\n|-enditem|p1b: Sneasler|White Herb\n|-clearnegativeboost|p1b: Sneasler|[silent]\n|turn|1\n|\n|t:|1776636277\n|detailschange|p1a: Venusaur|Venusaur-Mega, L50, M, shiny\n|-mega|p1a: Venusaur|Venusaur|Venusaurite\n|move|p1b: Sneasler|Fake Out|p2a: Sneasler\n|-damage|p2a: Sneasler|78/100\n|cant|p2a: Sneasler|flinch\n|move|p2b: Incineroar|Fake Out|p1a: Venusaur\n|-damage|p1a: Venusaur|91/100\n|cant|p1a: Venusaur|flinch\n|\n|upkeep\n|turn|2\n|\n|t:|1776636301\n|move|p1b: Sneasler|Close Combat|p2b: Incineroar\n|-supereffective|p2b: Incineroar|1\n|-enditem|p2b: Incineroar|Chople Berry|[eat]\n|-enditem|p2b: Incineroar|Chople Berry|[weaken]\n|-damage|p2b: Incineroar|48/100\n|-unboost|p1b: Sneasler|def|1\n|-unboost|p1b: Sneasler|spd|1\n|move|p2a: Sneasler|Dire Claw|p1b: Sneasler\n|-resisted|p1b: Sneasler|1\n|-damage|p1b: Sneasler|44/100\n|move|p1a: Venusaur|Sludge Bomb|p2b: Incineroar\n|-damage|p2b: Incineroar|18/100\n|move|p2b: Incineroar|Parting Shot|p1a: Venusaur\n|-unboost|p1a: Venusaur|atk|1\n|-unboost|p1a: Venusaur|spa|1\n|\n|t:|1776636314\n|switch|p2b: Scizor|Scizor, L50, F|100/100|[from] Parting Shot\n|\n|upkeep\n|turn|3\n|\n|t:|1776636324\n|detailschange|p2b: Scizor|Scizor-Mega, L50, F\n|-mega|p2b: Scizor|Scizor|Scizorite\n|move|p2b: Scizor|Bullet Punch|p1b: Sneasler\n|-damage|p1b: Sneasler|0 fnt\n|faint|p1b: Sneasler\n|move|p2a: Sneasler|Coaching|p2b: Scizor\n|-boost|p2b: Scizor|atk|1\n|-boost|p2b: Scizor|def|1\n|move|p1a: Venusaur|Leech Seed|p2b: Scizor\n|-start|p2b: Scizor|move: Leech Seed\n|\n|-damage|p2b: Scizor|88/100|[from] Leech Seed|[of] p1a: Venusaur\n|-heal|p1a: Venusaur|100/100|[silent]\n|upkeep\n|inactive|thicc latina lover has 30 seconds left.\n|inactive|thicc latina lover has 20 seconds left.\n|inactive|thicc latina lover has 15 seconds left.\n|\n|t:|1776636366\n|switch|p1b: Pelipper|Pelipper, L50, M, shiny|100/100\n|-weather|RainDance|[from] ability: Drizzle|[of] p1b: Pelipper\n|turn|4\n|\n|t:|1776636382\n|move|p2a: Sneasler|Dire Claw|p1b: Pelipper\n|-damage|p1b: Pelipper|49/100\n|move|p1b: Pelipper|Weather Ball|p2b: Scizor\n|-damage|p2b: Scizor|24/100\n|move|p1a: Venusaur|Leech Seed|p2a: Sneasler\n|-start|p2a: Sneasler|move: Leech Seed\n|move|p2b: Scizor|Bug Bite|p1a: Venusaur\n|-damage|p1a: Venusaur|36/100\n|\n|-weather|RainDance|[upkeep]\n|-damage|p2a: Sneasler|66/100|[from] Leech Seed|[of] p1a: Venusaur\n|-heal|p1a: Venusaur|46/100|[silent]\n|-damage|p2b: Scizor|11/100|[from] Leech Seed|[of] p1a: Venusaur\n|-heal|p1a: Venusaur|58/100|[silent]\n|upkeep\n|turn|5\n|\n|t:|1776636406\n|switch|p1b: Basculegion|Basculegion, L50, M|100/100\n|move|p1a: Venusaur|Protect|p1a: Venusaur\n|-singleturn|p1a: Venusaur|Protect\n|move|p2b: Scizor|Bullet Punch|p1a: Venusaur\n|-activate|p1a: Venusaur|move: Protect\n|move|p2a: Sneasler|Dire Claw|p1b: Basculegion\n|-resisted|p1b: Basculegion|1\n|-damage|p1b: Basculegion|75/100\n|\n|-weather|RainDance|[upkeep]\n|-damage|p2a: Sneasler|54/100|[from] Leech Seed|[of] p1a: Venusaur\n|-heal|p1a: Venusaur|68/100|[silent]\n|-damage|p2b: Scizor|0 fnt|[from] Leech Seed|[of] p1a: Venusaur\n|-heal|p1a: Venusaur|79/100|[silent]\n|faint|p2b: Scizor\n|upkeep\n|\n|t:|1776636420\n|switch|p2b: Incineroar|Incineroar, L50, F, shiny|18/100\n|-ability|p2b: Incineroar|Intimidate|boost\n|-unboost|p1a: Venusaur|atk|1\n|-unboost|p1b: Basculegion|atk|1\n|turn|6\n|\n|t:|1776636435\n|move|p1b: Basculegion|Flip Turn|p2a: Sneasler\n|-damage|p2a: Sneasler|0 fnt\n|faint|p2a: Sneasler\n|\n|t:|1776636438\n|switch|p1b: Pelipper|Pelipper, L50, M, shiny|49/100|[from] Flip Turn\n|move|p1a: Venusaur|Sludge Bomb|p2b: Incineroar\n|-damage|p2b: Incineroar|0 fnt\n|faint|p2b: Incineroar\n|\n|-weather|RainDance|[upkeep]\n|upkeep\n|-message|Peppe200w forfeited.\n|\n|win|thicc latina lover\n|raw|thicc latina lover's rating: 1359 &rarr; <strong>1380</strong><br />(+21 for winning)\n|raw|Peppe200w's rating: 1382 &rarr; <strong>1361</strong><br />(-21 for losing)\n",
  "uploadtime": 1776636444,
  "views": 11,
  "formatid": "gen9championsvgc2026regma",
  "rating": 1361,
  "private": 0,
  "password": null
}