{
  "id": "gen9championsvgc2026regma-2583941025",
  "format": "[Gen 9 Champions] VGC 2026 Reg M-A",
  "players": [
    "Leonellus_117",
    "Don161"
  ],
  "log": "|j|\u2606Leonellus_117\n|j|\u2606Don161\n|html|<table width=\"100%\"><tr><td align=\"left\">Leonellus_117</td><td align=\"right\">Don161</tr><tr><td align=\"left\"><i class=\"fa fa-circle\"></i> <i class=\"fa fa-circle-o\"></i> </td><td align=\"right\"><i class=\"fa fa-circle-o\"></i> <i class=\"fa fa-circle-o\"></i> </tr></table>\n|uhtml|bestof|<h2><strong>Game 2</strong> of <a href=\"/game-bestof3-gen9championsvgc2026regma-2583938836\">a best-of-3</a></h2>\n|t:|1776210228\n|gametype|doubles\n|player|p1|Leonellus_117|erika-gen1rb|\n|player|p2|Don161|koga-gen1rb|\n|gen|9\n|tier|[Gen 9 Champions] VGC 2026 Reg M-A\n|rule|Species Clause: Limit one of each Pok\u00e9mon\n|rule|Item Clause: Limit 1 of each item\n|raw|<div class=\"infobox\"><details class=\"readmore\" open><summary><strong>1 custom rule:</strong></summary> Best of = 3</details></div>\n|clearpoke\n|poke|p1|Incineroar, L50, M|\n|poke|p1|Farigiraf, L50, M|\n|poke|p1|Golurk, L50|\n|poke|p1|Sneasler, L50, F|\n|poke|p1|Torkoal, L50, M|\n|poke|p1|Venusaur, L50, F|\n|poke|p2|Charizard, L50, F|\n|poke|p2|Whimsicott, L50, M|\n|poke|p2|Typhlosion-Hisui, L50, M|\n|poke|p2|Venusaur, L50, F|\n|poke|p2|Arcanine-Hisui, L50, F|\n|poke|p2|Sneasler, L50, M|\n|teampreview|4\n|inactive|Battle timer is ON: inactive players will automatically lose when time's up. (requested by Don161)\n|inactive|Leonellus_117 also wants the timer to be on.\n|j| Diogo69\n|\n|t:|1776210256\n|teamsize|p1|4\n|teamsize|p2|4\n|start\n|switch|p1a: Cheester Cheeto|Incineroar, L50, M, shiny|100/100\n|switch|p1b: Femboy Cosplayer|Farigiraf, L50, M|100/100\n|switch|p2a: Charizard|Charizard, L50, F|100/100\n|switch|p2b: Typhlosion|Typhlosion-Hisui, L50, M|100/100\n|-item|p1a: Cheester Cheeto|Shuca Berry|[from] ability: Frisk|[of] p2b: Typhlosion\n|-item|p1b: Femboy Cosplayer|Mental Herb|[from] ability: Frisk|[of] p2b: Typhlosion\n|-ability|p1a: Cheester Cheeto|Intimidate|boost\n|-unboost|p2a: Charizard|atk|1\n|-unboost|p2b: Typhlosion|atk|1\n|turn|1\n|inactive|Leonellus_117 has 30 seconds left.\n|\n|t:|1776210288\n|detailschange|p2a: Charizard|Charizard-Mega-Y, L50, F\n|-mega|p2a: Charizard|Charizard|Charizardite Y\n|-weather|SunnyDay|[from] ability: Drought|[of] p2a: Charizard\n|move|p2a: Charizard|Protect|p2a: Charizard\n|-singleturn|p2a: Charizard|Protect\n|move|p1a: Cheester Cheeto|Fake Out|p2a: Charizard\n|-activate|p2a: Charizard|move: Protect\n|move|p2b: Typhlosion|Eruption|p1b: Femboy Cosplayer|[spread] p1a,p1b\n|-resisted|p1a: Cheester Cheeto|1\n|-damage|p1a: Cheester Cheeto|63/100\n|-damage|p1b: Femboy Cosplayer|9/100\n|move|p1b: Femboy Cosplayer|Trick Room|p1b: Femboy Cosplayer\n|-fieldstart|move: Trick Room|[of] p1b: Femboy Cosplayer\n|\n|-weather|SunnyDay|[upkeep]\n|upkeep\n|turn|2\n|inactive|Don161 has 30 seconds left.\n|\n|t:|1776210321\n|move|p1b: Femboy Cosplayer|Psychic|p2a: Charizard\n|-damage|p2a: Charizard|48/100\n|move|p1a: Cheester Cheeto|Throat Chop|p2b: Typhlosion\n|-supereffective|p2b: Typhlosion|1\n|-damage|p2b: Typhlosion|0 fnt\n|faint|p2b: Typhlosion\n|move|p2a: Charizard|Weather Ball|p1a: Cheester Cheeto\n|-resisted|p1a: Cheester Cheeto|1\n|-damage|p1a: Cheester Cheeto|20/100\n|\n|-weather|SunnyDay|[upkeep]\n|upkeep\n|\n|t:|1776210331\n|switch|p2b: Sneasler|Sneasler, L50, M|100/100\n|turn|3\n|inactive|Don161 has 30 seconds left.\n|\n|t:|1776210356\n|move|p2a: Charizard|Protect|p2a: Charizard\n|-singleturn|p2a: Charizard|Protect\n|move|p2b: Sneasler|Protect|p2b: Sneasler\n|-singleturn|p2b: Sneasler|Protect\n|move|p1b: Femboy Cosplayer|Psychic|p2b: Sneasler\n|-activate|p2b: Sneasler|move: Protect\n|move|p1a: Cheester Cheeto|Parting Shot|p2b: Sneasler\n|-activate|p2b: Sneasler|move: Protect\n|\n|-weather|SunnyDay|[upkeep]\n|upkeep\n|turn|4\n|\n|t:|1776210369\n|switch|p2b: Arcanine|Arcanine-Hisui, L50, F|100/100\n|-ability|p2b: Arcanine|Intimidate|boost\n|-unboost|p1a: Cheester Cheeto|atk|1\n|-unboost|p1b: Femboy Cosplayer|atk|1\n|move|p1b: Femboy Cosplayer|Psychic|p2b: Arcanine\n|-damage|p2b: Arcanine|45/100\n|move|p1a: Cheester Cheeto|Parting Shot|p2b: Arcanine\n|-unboost|p2b: Arcanine|atk|1\n|-unboost|p2b: Arcanine|spa|1\n|\n|t:|1776210373\n|switch|p1a: ROW ROW FTP|Golurk, L50, shiny|100/100|[from] Parting Shot\n|move|p2a: Charizard|Heat Wave|p1a: ROW ROW FTP|[spread] p1a,p1b\n|-damage|p1a: ROW ROW FTP|19/100\n|-damage|p1b: Femboy Cosplayer|0 fnt\n|faint|p1b: Femboy Cosplayer\n|\n|-weather|SunnyDay|[upkeep]\n|upkeep\n|\n|t:|1776210375\n|switch|p1b: SS Comander|Sneasler, L50, F, shiny|100/100\n|turn|5\n|inactive|Leonellus_117 has 30 seconds left.\n|inactive|Don161 has 30 seconds left.\n|\n|t:|1776210405\n|detailschange|p1a: ROW ROW FTP|Golurk-Mega, L50, shiny\n|-mega|p1a: ROW ROW FTP|Golurk|Golurkite\n|move|p2b: Arcanine|Protect|p2b: Arcanine\n|-singleturn|p2b: Arcanine|Protect\n|move|p2a: Charizard|Protect|p2a: Charizard\n|-singleturn|p2a: Charizard|Protect\n|move|p1b: SS Comander|Fake Out|p2b: Arcanine\n|-activate|p2b: Arcanine|move: Protect\n|move|p1a: ROW ROW FTP|Poltergeist|p2a: Charizard\n|-activate|p2a: Charizard|move: Protect\n|\n|-weather|none\n|-fieldend|move: Trick Room\n|upkeep\n|turn|6\n|inactive|Leonellus_117 has 30 seconds left.\n|\n|t:|1776210430\n|move|p1b: SS Comander|Close Combat|p2b: Arcanine\n|-supereffective|p2b: Arcanine|1\n|-damage|p2b: Arcanine|0 fnt\n|-unboost|p1b: SS Comander|def|1\n|-unboost|p1b: SS Comander|spd|1\n|faint|p2b: Arcanine\n|-enditem|p1b: SS Comander|White Herb\n|-clearnegativeboost|p1b: SS Comander|[silent]\n|move|p2a: Charizard|Heat Wave|p1a: ROW ROW FTP|[spread] p1a,p1b\n|-damage|p1a: ROW ROW FTP|0 fnt\n|-damage|p1b: SS Comander|37/100\n|faint|p1a: ROW ROW FTP\n|\n|upkeep\n|\n|t:|1776210434\n|switch|p2b: Sneasler|Sneasler, L50, M|100/100\n|switch|p1a: Cheester Cheeto|Incineroar, L50, M, shiny|20/100\n|-ability|p1a: Cheester Cheeto|Intimidate|boost\n|-unboost|p2a: Charizard|atk|1\n|-unboost|p2b: Sneasler|atk|1\n|-enditem|p2b: Sneasler|White Herb\n|-clearnegativeboost|p2b: Sneasler|[silent]\n|turn|7\n|inactive|Leonellus_117 has 30 seconds left.\n|inactive|Leonellus_117 has 20 seconds left.\n|inactive|Leonellus_117 has 15 seconds left.\n|inactive|Leonellus_117 has 10 seconds left.\n|inactive|Leonellus_117 has 5 seconds left.\n|\n|t:|1776210488\n|move|p2b: Sneasler|Fake Out|p1b: SS Comander\n|-damage|p1b: SS Comander|20/100\n|move|p1a: Cheester Cheeto|Fake Out|p2b: Sneasler\n|-damage|p2b: Sneasler|74/100\n|cant|p1b: SS Comander|flinch\n|move|p2a: Charizard|Heat Wave|p1b: SS Comander|[spread] p1a,p1b\n|-resisted|p1a: Cheester Cheeto|1\n|-damage|p1a: Cheester Cheeto|0 fnt\n|-damage|p1b: SS Comander|0 fnt\n|faint|p1a: Cheester Cheeto\n|faint|p1b: SS Comander\n|\n|win|Don161\n||Leonellus_117 is ready for game 3.\n|inactive|Don161 has 30 seconds to confirm battle start!\n",
  "uploadtime": 1776210502,
  "views": 13,
  "formatid": "gen9championsvgc2026regma",
  "rating": null,
  "private": 0,
  "password": null
}