{
  "id": "gen9championsvgc2026regma-2587591398",
  "format": "[Gen 9 Champions] VGC 2026 Reg M-A",
  "players": [
    "megalodonFRA",
    "joshferd"
  ],
  "log": "|j|\u203dmegalodonFRA\n|j|\u2606joshferd\n|t:|1776545052\n|gametype|doubles\n|player|p1|megalodonFRA|cynthia|1258\n|player|p2|joshferd|101|1267\n|gen|9\n|tier|[Gen 9 Champions] VGC 2026 Reg M-A\n|rated|\n|rule|Species Clause: Limit one of each Pok\u00e9mon\n|rule|Item Clause: Limit 1 of each item\n|clearpoke\n|poke|p1|Gardevoir, L50, F, shiny|\n|poke|p1|Basculegion, L50, M, shiny|\n|poke|p1|Excadrill, L50, F|\n|poke|p1|Tyranitar, L50, F, shiny|\n|poke|p1|Sinistcha, L50|\n|poke|p1|Incineroar, L50, F|\n|poke|p2|Starmie, L50|\n|poke|p2|Basculegion, L50, M|\n|poke|p2|Pelipper, L50, M|\n|poke|p2|Raichu-Alola, L50, M|\n|poke|p2|Conkeldurr, L50, M|\n|poke|p2|Kangaskhan, L50, F|\n|teampreview|4\n|inactive|Battle timer is ON: inactive players will automatically lose when time's up. (requested by megalodonFRA)\n|inactive|joshferd has 60 seconds left.\n|\n|t:|1776545111\n|teamsize|p1|4\n|teamsize|p2|4\n|start\n|switch|p1a: Gardevoir|Gardevoir, L50, F, shiny|100/100\n|switch|p1b: Sinistcha|Sinistcha, L50|100/100\n|switch|p2a: Starmie|Starmie, L50|100/100\n|switch|p2b: Kangaskhan|Kangaskhan, L50, F|100/100\n|-ability|p1a: Gardevoir|Scrappy|Trace|[from] ability: Trace|[of] p2b: Kangaskhan\n|turn|1\n|inactive|megalodonFRA has 30 seconds left.\n|inactive|joshferd has 30 seconds left.\n|inactive|megalodonFRA has 20 seconds left.\n|\n|t:|1776545147\n|switch|p1a: Basculegion|Basculegion, L50, M, shiny|100/100\n|switch|p1b: Incineroar|Incineroar, L50, F|100/100\n|-ability|p1b: Incineroar|Intimidate|boost\n|-unboost|p2a: Starmie|atk|1\n|-fail|p2b: Kangaskhan|unboost|Attack|[from] ability: Scrappy|[of] p2b: Kangaskhan\n|move|p2b: Kangaskhan|Fake Out|p1b: Incineroar\n|-damage|p1b: Incineroar|83/100\n|move|p2a: Starmie|Skill Swap|p1b: Incineroar\n|-activate|p2a: Starmie|Skill Swap|Intimidate|Illuminate|[of] p1b: Incineroar\n|-ability|p2a: Starmie|Intimidate|boost\n|-unboost|p1a: Basculegion|atk|1\n|-unboost|p1b: Incineroar|atk|1\n|\n|upkeep\n|turn|2\n|inactive|megalodonFRA has 30 seconds left.\n|inactive|joshferd has 30 seconds left.\n|\n|t:|1776545180\n|move|p2a: Starmie|Protect|p2a: Starmie\n|-singleturn|p2a: Starmie|Protect\n|move|p2b: Kangaskhan|Protect|p2b: Kangaskhan\n|-singleturn|p2b: Kangaskhan|Protect\n|move|p1a: Basculegion|Flip Turn|p2b: Kangaskhan\n|-activate|p2b: Kangaskhan|move: Protect\n|move|p1b: Incineroar|Parting Shot|p2a: Starmie\n|-activate|p2a: Starmie|move: Protect\n|\n|upkeep\n|turn|3\n|inactive|joshferd has 30 seconds left.\n|\n|t:|1776545210\n|switch|p1b: Sinistcha|Sinistcha, L50|100/100\n|detailschange|p2a: Starmie|Starmie-Mega, L50\n|-mega|p2a: Starmie|Starmie|Starminite\n|move|p1a: Basculegion|Flip Turn|p2b: Kangaskhan\n|-damage|p2b: Kangaskhan|75/100\n|\n|t:|1776545216\n|switch|p1a: Incineroar|Incineroar, L50, F|83/100|[from] Flip Turn\n|-ability|p1a: Incineroar|Intimidate|boost\n|-unboost|p2a: Starmie|atk|1\n|-fail|p2b: Kangaskhan|unboost|Attack|[from] ability: Scrappy|[of] p2b: Kangaskhan\n|move|p2a: Starmie|Skill Swap|p2b: Kangaskhan\n|-activate|p2a: Starmie|Skill Swap|||[of] p2b: Kangaskhan\n|move|p2b: Kangaskhan|Double-Edge|p1b: Sinistcha\n|-immune|p1b: Sinistcha\n|\n|upkeep\n|turn|4\n|inactive|megalodonFRA has 30 seconds left.\n|inactive|joshferd has 30 seconds left.\n|\n|t:|1776545245\n|switch|p1a: Gardevoir|Gardevoir, L50, F, shiny|100/100\n|-ability|p1a: Gardevoir|Huge Power|Trace|[from] ability: Trace|[of] p2b: Kangaskhan\n|move|p2b: Kangaskhan|Protect|p2b: Kangaskhan\n|-singleturn|p2b: Kangaskhan|Protect\n|move|p2a: Starmie|Scald|p1a: Gardevoir\n|-damage|p1a: Gardevoir|58/100\n|move|p1b: Sinistcha|Trick Room|p1b: Sinistcha\n|-fieldstart|move: Trick Room|[of] p1b: Sinistcha\n|\n|upkeep\n|turn|5\n|inactive|joshferd has 30 seconds left.\n|inactive|joshferd has 20 seconds left.\n|\n|t:|1776545281\n|detailschange|p1a: Gardevoir|Gardevoir-Mega, L50, F, shiny\n|-mega|p1a: Gardevoir|Gardevoir|Gardevoirite\n|move|p1b: Sinistcha|Matcha Gotcha|p2a: Starmie|[spread] p2a,p2b\n|-supereffective|p2a: Starmie|1\n|-damage|p2a: Starmie|38/100\n|-damage|p2b: Kangaskhan|50/100\n|move|p2b: Kangaskhan|Double-Edge|p1a: Gardevoir\n|-damage|p1a: Gardevoir|0 fnt\n|faint|p1a: Gardevoir\n|-damage|p2b: Kangaskhan|34/100|[from] Recoil\n|move|p2a: Starmie|Skill Swap|p1b: Sinistcha\n|-activate|p2a: Starmie|Skill Swap|Hospitality|Scrappy|[of] p1b: Sinistcha\n|-heal|p2b: Kangaskhan|59/100|[from] ability: Hospitality|[of] p2a: Starmie\n|\n|upkeep\n|\n|t:|1776545294\n|switch|p1a: Incineroar|Incineroar, L50, F|83/100\n|-ability|p1a: Incineroar|Intimidate|boost\n|-unboost|p2a: Starmie|atk|1\n|-unboost|p2b: Kangaskhan|atk|1\n|turn|6\n|\n|t:|1776545315\n|switch|p1a: Basculegion|Basculegion, L50, M, shiny|100/100\n|switch|p2a: Conkeldurr|Conkeldurr, L50, M|100/100\n|move|p2b: Kangaskhan|Protect|p2b: Kangaskhan\n|-singleturn|p2b: Kangaskhan|Protect\n|move|p1b: Sinistcha|Trick Room|p1b: Sinistcha\n|-fieldend|move: Trick Room\n|\n|upkeep\n|turn|7\n|\n|t:|1776545336\n|move|p2b: Kangaskhan|Sucker Punch|p1a: Basculegion\n|-supereffective|p1a: Basculegion|1\n|-damage|p1a: Basculegion|24/100\n|move|p1a: Basculegion|Wave Crash|p2b: Kangaskhan\n|-damage|p2b: Kangaskhan|0 fnt\n|faint|p2b: Kangaskhan\n|-damage|p1a: Basculegion|4/100|[from] Recoil\n|move|p1b: Sinistcha|Matcha Gotcha|p2a: Conkeldurr\n|-damage|p2a: Conkeldurr|67/100\n|move|p2a: Conkeldurr|Ice Punch|p1b: Sinistcha\n|-supereffective|p1b: Sinistcha|1\n|-damage|p1b: Sinistcha|30/100\n|-enditem|p1b: Sinistcha|Sitrus Berry|[eat]\n|-heal|p1b: Sinistcha|54/100|[from] item: Sitrus Berry\n|\n|upkeep\n|\n|t:|1776545353\n|switch|p2b: Pelipper|Pelipper, L50, M|100/100\n|-weather|RainDance|[from] ability: Drizzle|[of] p2b: Pelipper\n|turn|8\n|\n|t:|1776545369\n|switch|p2a: Starmie|Starmie-Mega, L50|38/100\n|move|p1a: Basculegion|Wave Crash|p2a: Starmie\n|-resisted|p2a: Starmie|1\n|-damage|p2a: Starmie|0 fnt\n|faint|p2a: Starmie\n|-damage|p1a: Basculegion|0 fnt|[from] Recoil\n|faint|p1a: Basculegion\n|move|p2b: Pelipper|Hurricane|p1b: Sinistcha\n|-supereffective|p1b: Sinistcha|1\n|-damage|p1b: Sinistcha|0 fnt\n|faint|p1b: Sinistcha\n|\n|-weather|RainDance|[upkeep]\n|upkeep\n|\n|t:|1776545375\n|switch|p2a: Conkeldurr|Conkeldurr, L50, M|67/100\n|switch|p1b: Incineroar|Incineroar, L50, F|83/100\n|-ability|p1b: Incineroar|Intimidate|boost\n|-unboost|p2a: Conkeldurr|atk|1\n|-unboost|p2b: Pelipper|atk|1\n|-enditem|p2a: Conkeldurr|White Herb\n|-clearnegativeboost|p2a: Conkeldurr|[silent]\n|turn|9\n|\n|t:|1776545385\n|move|p2b: Pelipper|Hurricane|p1b: Incineroar\n|-damage|p1b: Incineroar|41/100\n|-start|p1b: Incineroar|confusion\n|-activate|p1b: Incineroar|confusion\n|-damage|p1b: Incineroar|31/100|[from] confusion\n|move|p2a: Conkeldurr|Drain Punch|p1b: Incineroar\n|-supereffective|p1b: Incineroar|1\n|-enditem|p1b: Incineroar|Chople Berry|[eat]\n|-enditem|p1b: Incineroar|Chople Berry|[weaken]\n|-damage|p1b: Incineroar|0 fnt\n|-heal|p2a: Conkeldurr|83/100|[from] drain|[of] p1b: Incineroar\n|faint|p1b: Incineroar\n|\n|win|joshferd\n|raw|megalodonFRA's rating: 1258 &rarr; <strong>1234</strong><br />(-24 for losing)\n|raw|joshferd's rating: 1267 &rarr; <strong>1291</strong><br />(+24 for winning)\n|l|\u203dmegalodonFRA\n|player|p1|\n|l|\u2606joshferd\n|player|p2|\n|j|\u2606joshferd\n|player|p2|joshferd|101|\n",
  "uploadtime": 1776545400,
  "views": 25,
  "formatid": "gen9championsvgc2026regma",
  "rating": 1234,
  "private": 0,
  "password": null
}