{
  "id": "gen9championsvgc2026regma-2583901646",
  "format": "[Gen 9 Champions] VGC 2026 Reg M-A",
  "players": [
    "the law1234",
    "Nepuu0052"
  ],
  "log": "|j|\u2606the law1234\n|j|\u2606Nepuu0052\n|t:|1776206783\n|gametype|doubles\n|player|p1|the law1234|265|1071\n|player|p2|Nepuu0052|101|1131\n|gen|9\n|tier|[Gen 9 Champions] VGC 2026 Reg M-A\n|rated|\n|rule|Species Clause: Limit one of each Pok\u00e9mon\n|rule|Item Clause: Limit 1 of each item\n|clearpoke\n|poke|p1|Archaludon, L50, M|\n|poke|p1|Pelipper, L50, F|\n|poke|p1|Primarina, L50, M|\n|poke|p1|Basculegion-F, L50, F|\n|poke|p1|Garchomp, L50, M|\n|poke|p1|Feraligatr, L50, M|\n|poke|p2|Gardevoir, L50, M|\n|poke|p2|Tauros-Paldea-Aqua, L50, M|\n|poke|p2|Rotom-Heat, L50|\n|poke|p2|Maushold, L50|\n|poke|p2|Sinistcha, L50|\n|poke|p2|Aerodactyl, L50, F|\n|teampreview|4\nthe law1234 rejected open team sheets.\n|inactive|Battle timer is ON: inactive players will automatically lose when time's up. (requested by the law1234)\n|\n|t:|1776206850\n|teamsize|p1|4\n|teamsize|p2|4\n|start\n|switch|p1a: Pelipper|Pelipper, L50, F|100/100\n|switch|p1b: Archaludon|Archaludon, L50, M|100/100\n|switch|p2a: Gardevoir|Gardevoir, L50, M|100/100\n|switch|p2b: Maushold|Maushold, L50|100/100\n|-ability|p2a: Gardevoir|Drizzle|Trace|[from] ability: Trace|[of] p1a: Pelipper\n|-weather|RainDance|[from] ability: Drizzle|[of] p2a: Gardevoir\n|turn|1\n|inactive|the law1234 has 30 seconds left.\n|inactive|Nepuu0052 has 30 seconds left.\n|\n|t:|1776206879\n|detailschange|p2a: Gardevoir|Gardevoir-Mega, L50, M\n|-mega|p2a: Gardevoir|Gardevoir|Gardevoirite\n|move|p2b: Maushold|Follow Me|p2b: Maushold\n|-singleturn|p2b: Maushold|move: Follow Me\n|move|p2a: Gardevoir|Calm Mind|p2a: Gardevoir\n|-boost|p2a: Gardevoir|spa|1\n|-boost|p2a: Gardevoir|spd|1\n|move|p1b: Archaludon|Flash Cannon|p2a: Gardevoir\n|-supereffective|p2a: Gardevoir|1\n|-damage|p2a: Gardevoir|64/100\n|-unboost|p2a: Gardevoir|spd|1\n|move|p1a: Pelipper|Tailwind|p1a: Pelipper\n|-sidestart|p1: the law1234|move: Tailwind\n|\n|-weather|RainDance|[upkeep]\n|upkeep\n|turn|2\n|\n|t:|1776206904\n|move|p2a: Gardevoir|Protect|p2a: Gardevoir\n|-singleturn|p2a: Gardevoir|Protect\n|move|p1b: Archaludon|Flash Cannon|p2a: Gardevoir\n|-activate|p2a: Gardevoir|move: Protect\n|move|p1a: Pelipper|Hurricane|p2a: Gardevoir\n|-activate|p2a: Gardevoir|move: Protect\n|move|p2b: Maushold|Super Fang|p1b: Archaludon\n|-damage|p1b: Archaludon|51/100\n|\n|-weather|RainDance|[upkeep]\n|-heal|p1b: Archaludon|57/100|[from] item: Leftovers\n|upkeep\n|turn|3\n|inactive|Nepuu0052 has 30 seconds left.\n|inactive|Nepuu0052 has 20 seconds left.\n|\n|t:|1776206940\n|move|p1a: Pelipper|Wide Guard|p1a: Pelipper\n|-singleturn|p1a: Pelipper|Wide Guard\n|move|p2b: Maushold|Follow Me|p2b: Maushold\n|-singleturn|p2b: Maushold|move: Follow Me\n|move|p1b: Archaludon|Flash Cannon|p2a: Gardevoir\n|-supereffective|p2a: Gardevoir|1\n|-damage|p2a: Gardevoir|15/100\n|move|p2a: Gardevoir|Hyper Voice|p1a: Pelipper|[spread] \n|-activate|p1a: Pelipper|move: Wide Guard\n|-activate|p1b: Archaludon|move: Wide Guard\n|\n|-weather|RainDance|[upkeep]\n|-heal|p1b: Archaludon|63/100|[from] item: Leftovers\n|upkeep\n|turn|4\n|\n|t:|1776206962\n|switch|p2b: Sinistcha|Sinistcha, L50|100/100\n|-heal|p2a: Gardevoir|40/100|[from] ability: Hospitality|[of] p2b: Sinistcha\n|move|p2a: Gardevoir|Protect|p2a: Gardevoir\n|-singleturn|p2a: Gardevoir|Protect\n|move|p1b: Archaludon|Flash Cannon|p2a: Gardevoir\n|-activate|p2a: Gardevoir|move: Protect\n|move|p1a: Pelipper|Hurricane|p2b: Sinistcha\n|-supereffective|p2b: Sinistcha|1\n|-damage|p2b: Sinistcha|0 fnt\n|faint|p2b: Sinistcha\n|\n|-weather|RainDance|[upkeep]\n|-heal|p1b: Archaludon|69/100|[from] item: Leftovers\n|-sideend|p1: the law1234|move: Tailwind\n|upkeep\n|\n|t:|1776206985\n|switch|p2b: Maushold|Maushold, L50|100/100\n|turn|5\n|\n|t:|1776207000\n|move|p1a: Pelipper|Wide Guard|p1a: Pelipper\n|-singleturn|p1a: Pelipper|Wide Guard\n|move|p2b: Maushold|Super Fang|p1a: Pelipper\n|-damage|p1a: Pelipper|50/100\n|move|p2a: Gardevoir|Psyshock|p1a: Pelipper\n|-damage|p1a: Pelipper|0 fnt\n|faint|p1a: Pelipper\n|move|p1b: Archaludon|Electro Shot||[still]\n|-prepare|p1b: Archaludon|Electro Shot\n|-boost|p1b: Archaludon|spa|1\n|-anim|p1b: Archaludon|Electro Shot|p2b: Maushold\n|-damage|p2b: Maushold|19/100\n|-enditem|p2b: Maushold|Sitrus Berry|[eat]\n|-heal|p2b: Maushold|44/100|[from] item: Sitrus Berry\n|\n|-weather|none\n|-heal|p1b: Archaludon|75/100|[from] item: Leftovers\n|upkeep\n|\n|t:|1776207021\n|switch|p1a: Basculegion|Basculegion-F, L50, F|100/100\n|turn|6\n|inactive|Nepuu0052 has 30 seconds left.\n|inactive|Nepuu0052 has 20 seconds left.\n|\n|t:|1776207057\n|move|p2b: Maushold|Helping Hand|p2a: Gardevoir\n|-singleturn|p2a: Gardevoir|Helping Hand|[of] p2b: Maushold\n|move|p1b: Archaludon|Protect|p1b: Archaludon\n|-singleturn|p1b: Archaludon|Protect\n|move|p1a: Basculegion|Shadow Ball|p2a: Gardevoir\n|-supereffective|p2a: Gardevoir|1\n|-damage|p2a: Gardevoir|0 fnt\n|faint|p2a: Gardevoir\n|\n|-heal|p1b: Archaludon|81/100|[from] item: Leftovers\n|upkeep\n|\n|t:|1776207064\n|switch|p2a: Tauros|Tauros-Paldea-Aqua, L50, M|100/100\n|-ability|p2a: Tauros|Intimidate|boost\n|-unboost|p1a: Basculegion|atk|1\n|-unboost|p1b: Archaludon|atk|1\n|turn|7\n|inactive|the law1234 has 30 seconds left.\n|inactive|the law1234 has 20 seconds left.\n|\n|t:|1776207103\n|switch|p1b: Feraligatr|Feraligatr, L50, M|100/100\n|move|p2b: Maushold|Helping Hand|p2a: Tauros\n|-singleturn|p2a: Tauros|Helping Hand|[of] p2b: Maushold\n|move|p1a: Basculegion|Chilling Water|p2b: Maushold\n|-damage|p2b: Maushold|17/100\n|-unboost|p2b: Maushold|atk|1\n|move|p2a: Tauros|Close Combat|p1b: Feraligatr\n|-damage|p1b: Feraligatr|28/100\n|-unboost|p2a: Tauros|def|1\n|-unboost|p2a: Tauros|spd|1\n|\n|upkeep\n|turn|8\n|inactive|the law1234 has 30 seconds left.\n|inactive|the law1234 has 20 seconds left.\n|inactive|the law1234 has 15 seconds left.\n|\n|t:|1776207146\n|detailschange|p1b: Feraligatr|Feraligatr-Mega, L50, M\n|-mega|p1b: Feraligatr|Feraligatr|Feraligite\n|move|p2b: Maushold|Protect|p2b: Maushold\n|-singleturn|p2b: Maushold|Protect\n|move|p1a: Basculegion|Ice Beam|p2b: Maushold\n|-activate|p2b: Maushold|move: Protect\n|move|p2a: Tauros|Wave Crash|p1a: Basculegion\n|-resisted|p1a: Basculegion|1\n|-damage|p1a: Basculegion|60/100\n|-damage|p2a: Tauros|86/100|[from] Recoil\n|move|p1b: Feraligatr|Flip Turn|p2a: Tauros\n|-resisted|p2a: Tauros|1\n|-damage|p2a: Tauros|65/100\n|\n|t:|1776207159\n|switch|p1b: Archaludon|Archaludon, L50, M|81/100|[from] Flip Turn\n|\n|-heal|p1b: Archaludon|87/100|[from] item: Leftovers\n|upkeep\n|turn|9\n|\n|t:|1776207177\n|move|p2b: Maushold|Follow Me|p2b: Maushold\n|-singleturn|p2b: Maushold|move: Follow Me\n|move|p1a: Basculegion|Chilling Water|p2b: Maushold\n|-damage|p2b: Maushold|0 fnt\n|faint|p2b: Maushold\n|move|p2a: Tauros|Close Combat|p1b: Archaludon\n|-supereffective|p1b: Archaludon|1\n|-damage|p1b: Archaludon|3/100\n|-unboost|p2a: Tauros|def|1\n|-unboost|p2a: Tauros|spd|1\n|move|p1b: Archaludon|Flash Cannon|p2a: Tauros\n|-resisted|p2a: Tauros|1\n|-damage|p2a: Tauros|26/100\n|\n|-heal|p1b: Archaludon|9/100|[from] item: Leftovers\n|upkeep\n|turn|10\n|\n|t:|1776207202\n|move|p1b: Archaludon|Protect|p1b: Archaludon\n|-singleturn|p1b: Archaludon|Protect\n|move|p2a: Tauros|Aqua Jet|p1b: Archaludon\n|-activate|p1b: Archaludon|move: Protect\n|move|p1a: Basculegion|Shadow Ball|p2a: Tauros\n|-crit|p2a: Tauros\n|-damage|p2a: Tauros|0 fnt\n|faint|p2a: Tauros\n|\n|win|the law1234\n|raw|the law1234's rating: 1071 &rarr; <strong>1105</strong><br />(+34 for winning)\n|raw|Nepuu0052's rating: 1131 &rarr; <strong>1102</strong><br />(-29 for losing)\n",
  "uploadtime": 1776207212,
  "views": 33,
  "formatid": "gen9championsvgc2026regma",
  "rating": 1102,
  "private": 0,
  "password": null
}