{
  "id": "gen9championsvgc2026regma-2581407736",
  "format": "[Gen 9 Champions] VGC 2026 Reg M-A",
  "players": [
    "MikuFan69",
    "fooner"
  ],
  "log": "|j|\u2606MikuFan69\n|j|\u2606fooner\n|t:|1775997285\n|gametype|doubles\n|player|p1|MikuFan69|miku-ground|1210\n|player|p2|fooner|265|1154\n|gen|9\n|tier|[Gen 9 Champions] VGC 2026 Reg M-A\n|rated|\n|rule|Species Clause: Limit one of each Pok\u00e9mon\n|rule|Item Clause: Limit 1 of each item\n|clearpoke\n|poke|p1|Kingambit, L50, F|\n|poke|p1|Kangaskhan, L50, F|\n|poke|p1|Basculegion, L50, M|\n|poke|p1|Garchomp, L50, M|\n|poke|p1|Talonflame, L50, F|\n|poke|p1|Sinistcha, L50|\n|poke|p2|Tyranitar, L50, M|\n|poke|p2|Garchomp, L50, F|\n|poke|p2|Sneasler, L50, M|\n|poke|p2|Whimsicott, L50, F|\n|poke|p2|Milotic, L50, F|\n|poke|p2|Incineroar, L50, M|\n|teampreview|4\n|inactive|Battle timer is ON: inactive players will automatically lose when time's up. (requested by MikuFan69)\n|inactive|fooner has 60 seconds left.\n|\n|t:|1775997327\n|teamsize|p1|4\n|teamsize|p2|4\n|start\n|switch|p1a: Basculegion|Basculegion, L50, M|100/100\n|switch|p1b: Kangaskhan|Kangaskhan, L50, F|100/100\n|switch|p2a: nancy|Whimsicott, L50, F|100/100\n|switch|p2b: the pit|Tyranitar, L50, M|100/100\n|-weather|Sandstorm|[from] ability: Sand Stream|[of] p2b: the pit\n|turn|1\n|inactive|fooner has 30 seconds left.\n|\n|t:|1775997357\n|detailschange|p1b: Kangaskhan|Kangaskhan-Mega, L50, F\n|-mega|p1b: Kangaskhan|Kangaskhan|Kangaskhanite\n|move|p2a: nancy|Protect|p2a: nancy\n|-singleturn|p2a: nancy|Protect\n|move|p2b: the pit|Protect|p2b: the pit\n|-singleturn|p2b: the pit|Protect\n|move|p1b: Kangaskhan|Fake Out|p2a: nancy\n|-activate|p2a: nancy|move: Protect\n|move|p1a: Basculegion|Flip Turn|p2b: the pit\n|-activate|p2b: the pit|move: Protect\n|\n|-weather|Sandstorm|[upkeep]\n|-damage|p1a: Basculegion|94/100|[from] Sandstorm\n|-damage|p2a: nancy|95/100|[from] Sandstorm\n|-damage|p1b: Kangaskhan|94/100|[from] Sandstorm\n|upkeep\n|turn|2\n|inactive|fooner has 30 seconds left.\n|\n|t:|1775997385\n|switch|p1b: Kingambit|Kingambit, L50, F|100/100\n|switch|p2b: Milotic|Milotic, L50, F|100/100\n|move|p2a: nancy|Encore|p1b: Kingambit\n|-hint|Since gen 7, Dark is immune to Prankster moves.\n|-immune|p1b: Kingambit\n|move|p1a: Basculegion|Flip Turn|p2b: Milotic\n|-resisted|p2b: Milotic|1\n|-damage|p2b: Milotic|75/100\n|\n|t:|1775997395\n|switch|p1a: Kangaskhan|Kangaskhan-Mega, L50, F|94/100|[from] Flip Turn\n|\n|-weather|Sandstorm|[upkeep]\n|-damage|p2a: nancy|89/100|[from] Sandstorm\n|-damage|p1a: Kangaskhan|88/100|[from] Sandstorm\n|-damage|p2b: Milotic|69/100|[from] Sandstorm\n|-heal|p2b: Milotic|75/100|[from] item: Leftovers\n|upkeep\n|turn|3\n|\n|t:|1775997406\n|move|p2a: nancy|Protect|p2a: nancy\n|-singleturn|p2a: nancy|Protect\n|move|p2b: Milotic|Protect|p2b: Milotic\n|-singleturn|p2b: Milotic|Protect\n|move|p1a: Kangaskhan|Body Slam|p2a: nancy\n|-activate|p2a: nancy|move: Protect\n|move|p1b: Kingambit|Iron Head|p2a: nancy\n|-activate|p2a: nancy|move: Protect\n|\n|-weather|Sandstorm|[upkeep]\n|-damage|p2a: nancy|83/100|[from] Sandstorm\n|-damage|p1a: Kangaskhan|82/100|[from] Sandstorm\n|-damage|p2b: Milotic|69/100|[from] Sandstorm\n|-heal|p2b: Milotic|75/100|[from] item: Leftovers\n|upkeep\n|turn|4\n|\n|t:|1775997427\n|move|p2a: nancy|Tailwind|p2a: nancy\n|-sidestart|p2: fooner|move: Tailwind\n|move|p2b: Milotic|Scald|p1b: Kingambit\n|-damage|p1b: Kingambit|69/100\n|move|p1a: Kangaskhan|Body Slam|p2b: Milotic\n|-damage|p2b: Milotic|19/100\n|-status|p2b: Milotic|par\n|-damage|p2b: Milotic|5/100 par\n|-hitcount|p2b: Milotic|2\n|move|p1b: Kingambit|Iron Head|p2a: nancy\n|-supereffective|p2a: nancy|1\n|-damage|p2a: nancy|0 fnt\n|faint|p2a: nancy\n|\n|-weather|Sandstorm|[upkeep]\n|-damage|p1a: Kangaskhan|76/100|[from] Sandstorm\n|-damage|p2b: Milotic|0 fnt|[from] Sandstorm\n|faint|p2b: Milotic\n|-heal|p1b: Kingambit|75/100|[from] item: Leftovers\n|upkeep\n|\n|t:|1775997441\n|switch|p2a: slim jackson|Sneasler, L50, M|100/100\n|switch|p2b: the pit|Tyranitar, L50, M|100/100\n|turn|5\n|\n|t:|1775997459\n|switch|p1a: Sinistcha|Sinistcha, L50|100/100\n|-heal|p1b: Kingambit|99/100|[from] ability: Hospitality|[of] p1a: Sinistcha\n|detailschange|p2b: the pit|Tyranitar-Mega, L50, M\n|-mega|p2b: the pit|Tyranitar|Tyranitarite\n|move|p1b: Kingambit|Protect|p1b: Kingambit\n|-singleturn|p1b: Kingambit|Protect\n|move|p2a: slim jackson|Coaching|p2b: the pit\n|-boost|p2b: the pit|atk|1\n|-boost|p2b: the pit|def|1\n|move|p2b: the pit|Rock Slide|p1b: Kingambit|[spread] p1a\n|-activate|p1b: Kingambit|move: Protect\n|-damage|p1a: Sinistcha|54/100\n|\n|-weather|none\n|-heal|p1b: Kingambit|100/100|[from] item: Leftovers\n|upkeep\n|turn|6\n|inactive|fooner has 30 seconds left.\n|inactive|fooner has 20 seconds left.\n|inactive|fooner has 15 seconds left.\n|inactive|fooner has 10 seconds left.\n|inactive|fooner has 5 seconds left.\n|\n|t:|1775997510\n|move|p1a: Sinistcha|Rage Powder|p1a: Sinistcha\n|-singleturn|p1a: Sinistcha|move: Rage Powder\n|move|p2a: slim jackson|Coaching|p2b: the pit\n|-boost|p2b: the pit|atk|1\n|-boost|p2b: the pit|def|1\n|move|p2b: the pit|Rock Slide|p1b: Kingambit|[spread] p1b\n|-miss|p2b: the pit|p1a: Sinistcha\n|-resisted|p1b: Kingambit|1\n|-damage|p1b: Kingambit|76/100\n|cant|p1b: Kingambit|flinch\n|\n|-heal|p1b: Kingambit|83/100|[from] item: Leftovers\n|upkeep\n|turn|7\n|inactive|fooner has 30 seconds left.\n|\n|t:|1775997541\n|move|p1a: Sinistcha|Rage Powder|p1a: Sinistcha\n|-singleturn|p1a: Sinistcha|move: Rage Powder\n|move|p2a: slim jackson|Dire Claw|p1a: Sinistcha\n|-damage|p1a: Sinistcha|19/100\n|move|p2b: the pit|Rock Slide|p1a: Sinistcha|[spread] p1a,p1b\n|-resisted|p1b: Kingambit|1\n|-damage|p1a: Sinistcha|0 fnt\n|-damage|p1b: Kingambit|55/100\n|faint|p1a: Sinistcha\n|move|p1b: Kingambit|Iron Head|p2b: the pit\n|-supereffective|p2b: the pit|1\n|-damage|p2b: the pit|70/100\n|\n|-heal|p1b: Kingambit|61/100|[from] item: Leftovers\n|-sideend|p2: fooner|move: Tailwind\n|upkeep\n|\n|t:|1775997554\n|switch|p1a: Basculegion|Basculegion, L50, M|94/100\n|turn|8\n|\n|t:|1775997579\n|move|p2a: slim jackson|Protect|p2a: slim jackson\n|-singleturn|p2a: slim jackson|Protect\n|move|p2b: the pit|Protect|p2b: the pit\n|-singleturn|p2b: the pit|Protect\n|move|p1b: Kingambit|Sucker Punch||[still]\n|-fail|p1b: Kingambit\n|move|p1a: Basculegion|Flip Turn|p2a: slim jackson\n|-activate|p2a: slim jackson|move: Protect\n|\n|-heal|p1b: Kingambit|67/100|[from] item: Leftovers\n|upkeep\n|turn|9\n|\n|t:|1775997593\n|move|p1a: Basculegion|Flip Turn|p2a: slim jackson\n|-damage|p2a: slim jackson|24/100\n|\n|t:|1775997596\n|switch|p1a: Kangaskhan|Kangaskhan-Mega, L50, F|76/100|[from] Flip Turn\n|move|p2a: slim jackson|Close Combat|p1b: Kingambit\n|-supereffective|p1b: Kingambit|2\n|-damage|p1b: Kingambit|0 fnt\n|-unboost|p2a: slim jackson|def|1\n|-unboost|p2a: slim jackson|spd|1\n|faint|p1b: Kingambit\n|-enditem|p2a: slim jackson|White Herb\n|-clearnegativeboost|p2a: slim jackson|[silent]\n|move|p2b: the pit|Crunch|p1a: Kangaskhan\n|-damage|p1a: Kangaskhan|0 fnt\n|faint|p1a: Kangaskhan\n|\n|upkeep\n|\n|t:|1775997604\n|switch|p1b: Basculegion|Basculegion, L50, M|94/100\n|turn|10\n|\n|t:|1775997620\n|move|p2a: slim jackson|Dire Claw|p1b: Basculegion\n|-resisted|p1b: Basculegion|1\n|-damage|p1b: Basculegion|69/100\n|-status|p1b: Basculegion|slp\n|cant|p1b: Basculegion|slp\n|move|p2b: the pit|Crunch|p1b: Basculegion\n|-supereffective|p1b: Basculegion|1\n|-damage|p1b: Basculegion|0 fnt\n|faint|p1b: Basculegion\n|\n|win|fooner\n|raw|MikuFan69's rating: 1210 &rarr; <strong>1181</strong><br />(-29 for losing)\n|raw|fooner's rating: 1154 &rarr; <strong>1183</strong><br />(+29 for winning)\n|l|\u2606MikuFan69\n|player|p1|\n",
  "uploadtime": 1775997632,
  "views": 31,
  "formatid": "gen9championsvgc2026regma",
  "rating": 1181,
  "private": 0,
  "password": null
}