{
  "id": "gen9championsvgc2026regma-2588305009",
  "format": "[Gen 9 Champions] VGC 2026 Reg M-A",
  "players": [
    "nobeigar",
    "dohawyth"
  ],
  "log": "|j|\u2606nobeigar\n|j|\u2606dohawyth\n|t:|1776622589\n|gametype|doubles\n|player|p1|nobeigar|169|1445\n|player|p2|dohawyth|170|1361\n|gen|9\n|tier|[Gen 9 Champions] VGC 2026 Reg M-A\n|rated|\n|rule|Species Clause: Limit one of each Pok\u00e9mon\n|rule|Item Clause: Limit 1 of each item\n|clearpoke\n|poke|p1|Garchomp, L50, M|\n|poke|p1|Sneasler, L50, M|\n|poke|p1|Gengar, L50, M|\n|poke|p1|Kingambit, L50, F|\n|poke|p1|Basculegion, L50, M|\n|poke|p1|Froslass, L50, F|\n|poke|p2|Floette-Eternal, L50, F|\n|poke|p2|Incineroar, L50, F|\n|poke|p2|Aegislash, L50, F|\n|poke|p2|Aerodactyl, L50, M|\n|poke|p2|Milotic, L50, F|\n|poke|p2|Garchomp, L50, M|\n|teampreview|4\n|\n|t:|1776622640\n|teamsize|p1|4\n|teamsize|p2|4\n|start\n|switch|p1a: Gengar|Gengar, L50, M|100/100\n|switch|p1b: Kingambit|Kingambit, L50, F|100/100\n|switch|p2a: Aerodactyl|Aerodactyl, L50, M|100/100\n|switch|p2b: Garchomp|Garchomp, L50, M|100/100\n|-ability|p2a: Aerodactyl|Unnerve\n|turn|1\n|\n|t:|1776622658\n|switch|p1a: Basculegion|Basculegion, L50, M|100/100\n|move|p2a: Aerodactyl|Protect|p2a: Aerodactyl\n|-singleturn|p2a: Aerodactyl|Protect\n|move|p2b: Garchomp|Stomping Tantrum|p1a: Basculegion\n|-damage|p1a: Basculegion|56/100\n|move|p1b: Kingambit|Kowtow Cleave|p2a: Aerodactyl\n|-activate|p2a: Aerodactyl|move: Protect\n|\n|upkeep\n|turn|2\n|\n|t:|1776622680\n|switch|p1b: Garchomp|Garchomp, L50, M|100/100\n|move|p2a: Aerodactyl|Tailwind|p2a: Aerodactyl\n|-sidestart|p2: dohawyth|move: Tailwind\n|move|p2b: Garchomp|Stomping Tantrum|p1b: Garchomp\n|-damage|p1b: Garchomp|66/100\n|-damage|p2b: Garchomp|88/100|[from] ability: Rough Skin|[of] p1b: Garchomp\n|move|p1a: Basculegion|Wave Crash|p2b: Garchomp\n|-damage|p2b: Garchomp|16/100\n|-damage|p1a: Basculegion|44/100|[from] ability: Rough Skin|[of] p2b: Garchomp\n|-damage|p1a: Basculegion|18/100|[from] Recoil\n|\n|upkeep\n|turn|3\n|\n|t:|1776622694\n|move|p1a: Basculegion|Aqua Jet|p2a: Aerodactyl\n|-supereffective|p2a: Aerodactyl|1\n|-damage|p2a: Aerodactyl|2/100\n|move|p2a: Aerodactyl|Rock Slide|p1a: Basculegion|[spread] p1a,p1b\n|-resisted|p1b: Garchomp|1\n|-damage|p1a: Basculegion|0 fnt\n|-damage|p1b: Garchomp|54/100\n|faint|p1a: Basculegion\n|move|p2b: Garchomp|Scale Shot|p1b: Garchomp\n|-supereffective|p1b: Garchomp|1\n|-damage|p1b: Garchomp|32/100\n|-supereffective|p1b: Garchomp|1\n|-damage|p1b: Garchomp|12/100\n|-supereffective|p1b: Garchomp|1\n|-damage|p1b: Garchomp|0 fnt\n|faint|p1b: Garchomp\n|-hitcount|p1: Garchomp|3\n|-unboost|p2b: Garchomp|def|1\n|-boost|p2b: Garchomp|spe|1\n|-enditem|p2b: Garchomp|White Herb\n|-clearnegativeboost|p2b: Garchomp|[silent]\n|\n|upkeep\n|\n|t:|1776622707\n|switch|p1b: Kingambit|Kingambit, L50, F|100/100\n|switch|p1a: Gengar|Gengar, L50, M|100/100\n|turn|4\n|\n|t:|1776622731\n|detailschange|p1a: Gengar|Gengar-Mega, L50, M\n|-mega|p1a: Gengar|Gengar|Gengarite\n|move|p1a: Gengar|Protect|p1a: Gengar\n|-singleturn|p1a: Gengar|Protect\n|move|p1b: Kingambit|Sucker Punch|p2b: Garchomp\n|-damage|p2b: Garchomp|0 fnt\n|-damage|p1b: Kingambit|88/100|[from] ability: Rough Skin|[of] p2b: Garchomp\n|faint|p2b: Garchomp\n|move|p2a: Aerodactyl|Dual Wingbeat|p1a: Gengar\n|-activate|p1a: Gengar|move: Protect\n|\n|upkeep\n|\n|t:|1776622746\n|switch|p2b: Aegislash|Aegislash, L50, F|100/100\n|turn|5\n|\n|t:|1776622780\n|move|p1a: Gengar|Protect||[still]\n|-fail|p1a: Gengar\n|move|p2a: Aerodactyl|Rock Slide|p1b: Kingambit|[spread] p1b\n|-miss|p2a: Aerodactyl|p1a: Gengar\n|-resisted|p1b: Kingambit|1\n|-damage|p1b: Kingambit|80/100\n|-formechange|p2b: Aegislash|Aegislash-Blade|\n|move|p2b: Aegislash|Poltergeist|p1a: Gengar\n|-activate|p1a: Gengar|move: Poltergeist|Gengarite\n|-supereffective|p1a: Gengar|1\n|-damage|p1a: Gengar|0 fnt\n|faint|p1a: Gengar\n|move|p1b: Kingambit|Kowtow Cleave|p2b: Aegislash\n|-supereffective|p2b: Aegislash|1\n|-damage|p2b: Aegislash|0 fnt\n|faint|p2b: Aegislash\n|\n|-sideend|p2: dohawyth|move: Tailwind\n|upkeep\n|\n|t:|1776622786\n|switch|p2b: Floette|Floette-Eternal, L50, F|100/100\n|turn|6\n|-message|nobeigar forfeited.\n|\n|win|dohawyth\n|raw|nobeigar's rating: 1445 &rarr; <strong>1420</strong><br />(-25 for losing)\n|raw|dohawyth's rating: 1361 &rarr; <strong>1386</strong><br />(+25 for winning)\n|l|\u2606nobeigar\n|player|p1|\n",
  "uploadtime": 1776622802,
  "views": 16,
  "formatid": "gen9championsvgc2026regma",
  "rating": 1386,
  "private": 0,
  "password": null
}