{
  "id": "gen9championsvgc2026regma-2583412550",
  "format": "[Gen 9 Champions] VGC 2026 Reg M-A",
  "players": [
    "TheSmoothTwink",
    "TheOmniOyster"
  ],
  "log": "|j|\u2606TheSmoothTwink\n|j|\u2606TheOmniOyster\n|t:|1776173942\n|gametype|doubles\n|player|p1|TheSmoothTwink|266|1022\n|player|p2|TheOmniOyster|1|1044\n|gen|9\n|tier|[Gen 9 Champions] VGC 2026 Reg M-A\n|rated|\n|rule|Species Clause: Limit one of each Pok\u00e9mon\n|rule|Item Clause: Limit 1 of each item\n|clearpoke\n|poke|p1|Meganium, L50, M|\n|poke|p1|Pelipper, L50, F|\n|poke|p1|Sneasler, L50, F|\n|poke|p1|Incineroar, L50, F|\n|poke|p1|Basculegion, L50, M|\n|poke|p1|Kingambit, L50, M|\n|poke|p2|Trevenant, L50, F|\n|poke|p2|Torkoal, L50, F|\n|poke|p2|Rotom-Wash, L50|\n|poke|p2|Clefable, L50, F|\n|poke|p2|Incineroar, L50, F|\n|poke|p2|Whimsicott, L50, F|\n|teampreview|4\n|\n|t:|1776173988\n|teamsize|p1|4\n|teamsize|p2|4\n|start\n|switch|p1a: Kingambit|Kingambit, L50, M|100/100\n|switch|p1b: Basculegion|Basculegion, L50, M|100/100\n|switch|p2a: Trevenant|Trevenant, L50, F|100/100\n|switch|p2b: Incineroar|Incineroar, L50, F|100/100\n|-ability|p2b: Incineroar|Intimidate|boost\n|-unboost|p1a: Kingambit|atk|1\n|-ability|p1a: Kingambit|Defiant|boost\n|-boost|p1a: Kingambit|atk|2\n|-unboost|p1b: Basculegion|atk|1\n|turn|1\n|inactive|Battle timer is ON: inactive players will automatically lose when time's up. (requested by TheSmoothTwink)\n|\n|t:|1776174023\n|switch|p2a: Clefable|Clefable, L50, F|100/100\n|move|p1a: Kingambit|Protect|p1a: Kingambit\n|-singleturn|p1a: Kingambit|Protect\n|move|p2b: Incineroar|Fake Out|p1a: Kingambit\n|-activate|p1a: Kingambit|move: Protect\n|move|p1b: Basculegion|Flip Turn|p2b: Incineroar\n|-supereffective|p2b: Incineroar|1\n|-damage|p2b: Incineroar|49/100\n|\n|t:|1776174044\n|switch|p1b: Pelipper|Pelipper, L50, F|100/100|[from] Flip Turn\n|-weather|RainDance|[from] ability: Drizzle|[of] p1b: Pelipper\n|\n|-weather|RainDance|[upkeep]\n|upkeep\n|turn|2\n|\n|t:|1776174055\n|move|p2a: Clefable|Follow Me|p2a: Clefable\n|-singleturn|p2a: Clefable|move: Follow Me\n|move|p1b: Pelipper|Weather Ball|p2a: Clefable\n|-damage|p2a: Clefable|47/100\n|move|p2b: Incineroar|Flare Blitz|p1a: Kingambit\n|-supereffective|p1a: Kingambit|1\n|-damage|p1a: Kingambit|63/100\n|-damage|p2b: Incineroar|36/100|[from] Recoil\n|move|p1a: Kingambit|Iron Head|p2a: Clefable\n|-supereffective|p2a: Clefable|1\n|-damage|p2a: Clefable|0 fnt\n|faint|p2a: Clefable\n|\n|-weather|RainDance|[upkeep]\n|upkeep\n|\n|t:|1776174068\n|switch|p2a: Trevenant|Trevenant, L50, F|100/100\n|turn|3\n|\n|t:|1776174082\n|move|p1a: Kingambit|Protect|p1a: Kingambit\n|-singleturn|p1a: Kingambit|Protect\n|move|p1b: Pelipper|Tailwind|p1b: Pelipper\n|-sidestart|p1: TheSmoothTwink|move: Tailwind\n|move|p2b: Incineroar|Parting Shot|p1b: Pelipper\n|-unboost|p1b: Pelipper|atk|1\n|-unboost|p1b: Pelipper|spa|1\n|\n|t:|1776174088\n|switch|p2b: Torkoal|Torkoal, L50, F|100/100|[from] Parting Shot\n|-weather|SunnyDay|[from] ability: Drought|[of] p2b: Torkoal\n|move|p2a: Trevenant|Trick Room|p2a: Trevenant\n|-fieldstart|move: Trick Room|[of] p2a: Trevenant\n|\n|-weather|SunnyDay|[upkeep]\n|upkeep\n|turn|4\n|\n|t:|1776174111\n|switch|p1b: Basculegion|Basculegion, L50, M|100/100\n|move|p1a: Kingambit|Sucker Punch||[still]\n|-fail|p1a: Kingambit\n|move|p2b: Torkoal|Eruption|p1b: Basculegion|[spread] p1a,p1b\n|-supereffective|p1a: Kingambit|1\n|-resisted|p1b: Basculegion|1\n|-damage|p1a: Kingambit|0 fnt\n|-damage|p1b: Basculegion|59/100\n|faint|p1a: Kingambit\n|move|p2a: Trevenant|Substitute|p2a: Trevenant\n|-start|p2a: Trevenant|Substitute\n|-damage|p2a: Trevenant|75/100\n|\n|-weather|SunnyDay|[upkeep]\n|upkeep\n|inactive|TheSmoothTwink has 30 seconds left.\n|inactive|TheSmoothTwink has 20 seconds left.\n|inactive|TheSmoothTwink has 15 seconds left.\n|inactive|TheSmoothTwink has 10 seconds left.\n|inactive|TheSmoothTwink has 5 seconds left.\n|\n|t:|1776174166\n|switch|p1a: Meganium|Meganium, L50, M|100/100\n|turn|5\n|inactive|TheSmoothTwink has 30 seconds left.\n|inactive|TheSmoothTwink has 20 seconds left.\n|inactive|TheOmniOyster has 30 seconds left.\n|inactive|TheSmoothTwink has 15 seconds left.\n|inactive|TheSmoothTwink has 10 seconds left.\n|inactive|TheSmoothTwink has 5 seconds left.\n|\n|t:|1776174221\n|switch|p2b: Incineroar|Incineroar, L50, F|36/100\n|-ability|p2b: Incineroar|Intimidate|boost\n|-unboost|p1a: Meganium|atk|1\n|-unboost|p1b: Basculegion|atk|1\n|move|p2a: Trevenant|Horn Leech|p1b: Basculegion\n|-supereffective|p1b: Basculegion|1\n|-damage|p1b: Basculegion|0 fnt\n|-heal|p2a: Trevenant|100/100|[from] drain|[of] p1b: Basculegion\n|faint|p1b: Basculegion\n|move|p1a: Meganium|Weather Ball|p2b: Incineroar\n|-resisted|p2b: Incineroar|1\n|-damage|p2b: Incineroar|17/100\n|\n|-weather|SunnyDay|[upkeep]\n|upkeep\n|inactive|TheSmoothTwink has 30 seconds left.\n|inactive|TheSmoothTwink has 20 seconds left.\n|inactive|TheSmoothTwink has 15 seconds left.\n|inactive|TheSmoothTwink has 10 seconds left.\n|inactive|TheSmoothTwink has 5 seconds left.\n|\n|t:|1776174276\n|switch|p1b: Pelipper|Pelipper, L50, F|100/100\n|-weather|RainDance|[from] ability: Drizzle|[of] p1b: Pelipper\n|turn|6\n|inactive|TheSmoothTwink has 30 seconds left.\n|inactive|TheOmniOyster has 30 seconds left.\n|inactive|TheSmoothTwink has 20 seconds left.\n|inactive|TheSmoothTwink has 15 seconds left.\n|inactive|TheSmoothTwink has 10 seconds left.\n|inactive|TheSmoothTwink has 5 seconds left.\n|\n|t:|1776174331\n|move|p2b: Incineroar|Fake Out|p1b: Pelipper\n|-damage|p1b: Pelipper|83/100\n|move|p2a: Trevenant|Knock Off|p1b: Pelipper\n|-damage|p1b: Pelipper|50/100\n|-enditem|p1b: Pelipper|Focus Sash|[from] move: Knock Off|[of] p2a: Trevenant\n|move|p1a: Meganium|Weather Ball|p2b: Incineroar\n|-supereffective|p2b: Incineroar|1\n|-damage|p2b: Incineroar|0 fnt\n|faint|p2b: Incineroar\n|cant|p1b: Pelipper|flinch\n|\n|-weather|RainDance|[upkeep]\n|-sideend|p1: TheSmoothTwink|move: Tailwind\n|upkeep\n|\n|t:|1776174341\n|switch|p2b: Torkoal|Torkoal, L50, F|100/100\n|-weather|SunnyDay|[from] ability: Drought|[of] p2b: Torkoal\n|turn|7\n|inactive|TheSmoothTwink has 30 seconds left.\n|inactive|TheOmniOyster has 30 seconds left.\n|inactive|TheSmoothTwink has 20 seconds left.\n|inactive|TheSmoothTwink has 15 seconds left.\n|inactive|TheSmoothTwink has 10 seconds left.\n|inactive|TheSmoothTwink has 5 seconds left.\n|\n|t:|1776174396\n|move|p2b: Torkoal|Eruption|p1a: Meganium|[spread] p1a,p1b\n|-supereffective|p1a: Meganium|1\n|-resisted|p1b: Pelipper|1\n|-damage|p1a: Meganium|0 fnt\n|-damage|p1b: Pelipper|0 fnt\n|faint|p1a: Meganium\n|faint|p1b: Pelipper\n|\n|win|TheOmniOyster\n|raw|TheSmoothTwink's rating: 1055 &rarr; <strong>1036</strong><br />(-19 for losing)\n|raw|TheOmniOyster's rating: 1044 &rarr; <strong>1078</strong><br />(+34 for winning)\n",
  "uploadtime": 1776174406,
  "views": 13,
  "formatid": "gen9championsvgc2026regma",
  "rating": 1036,
  "private": 0,
  "password": null
}