{
  "id": "gen9championsvgc2026regma-2589385514",
  "format": "[Gen 9 Champions] VGC 2026 Reg M-A",
  "players": [
    "Bryceicles",
    "Dudelsnagk"
  ],
  "log": "|j|\u2606Bryceicles\n|j|\u2606Dudelsnagk\n|t:|1776718757\n|gametype|doubles\n|player|p1|Bryceicles|backpacker|1064\n|player|p2|Dudelsnagk|101|1000\n|gen|9\n|tier|[Gen 9 Champions] VGC 2026 Reg M-A\n|rated|\n|rule|Species Clause: Limit one of each Pok\u00e9mon\n|rule|Item Clause: Limit 1 of each item\n|clearpoke\n|poke|p1|Glimmora, L50, F|\n|poke|p1|Aerodactyl, L50, M|\n|poke|p1|Garganacl, L50, M|\n|poke|p1|Tyranitar, L50, M|\n|poke|p1|Kleavor, L50, M|\n|poke|p1|Arcanine-Hisui, L50, M|\n|poke|p2|Snorlax, L50, F|\n|poke|p2|Hydrapple, L50, M|\n|poke|p2|Toxapex, L50, F|\n|poke|p2|Slowbro, L50, M|\n|poke|p2|Banette, L50, M, shiny|\n|poke|p2|Tauros-Paldea-Blaze, L50, M, shiny|\n|teampreview|4\n|\n|t:|1776718781\n|teamsize|p1|4\n|teamsize|p2|4\n|start\n|switch|p1a: Glimmora|Glimmora, L50, F|100/100\n|switch|p1b: Aerodactyl|Aerodactyl, L50, M|100/100\n|switch|p2a: Totoro|Snorlax, L50, F|100/100\n|switch|p2b: Banette|Banette, L50, M, shiny|100/100\n|-ability|p1b: Aerodactyl|Unnerve\n|turn|1\n|\n|t:|1776718817\n|detailschange|p2b: Banette|Banette-Mega, L50, M, shiny\n|-mega|p2b: Banette|Banette|Banettite\n|move|p1b: Aerodactyl|Protect|p1b: Aerodactyl\n|-singleturn|p1b: Aerodactyl|Protect\n|move|p1a: Glimmora|Spiky Shield|p1a: Glimmora\n|-singleturn|p1a: Glimmora|move: Protect\n|move|p2a: Totoro|Belly Drum|p2a: Totoro\n|-damage|p2a: Totoro|51/100\n|-setboost|p2a: Totoro|atk|6|[from] move: Belly Drum\n|move|p2b: Banette|Trick Room|p2b: Banette\n|-fieldstart|move: Trick Room|[of] p2b: Banette\n|\n|upkeep\n|turn|2\n|c|\u2606Bryceicles|Totoro. Excellent nickname!\n|\n|t:|1776718874\n|switch|p1a: Tyranitar|Tyranitar, L50, M|100/100\n|-weather|Sandstorm|[from] ability: Sand Stream|[of] p1a: Tyranitar\n|move|p2b: Banette|Psych Up|p2a: Totoro\n|-copyboost|p2b: Banette|p2a: Totoro|[from] move: Psych Up\n|move|p2a: Totoro|Body Slam|p1b: Aerodactyl\n|-resisted|p1b: Aerodactyl|1\n|-enditem|p1b: Aerodactyl|Focus Sash\n|-damage|p1b: Aerodactyl|1/100\n|-status|p1b: Aerodactyl|par\n|move|p1b: Aerodactyl|Dual Wingbeat|p2a: Totoro\n|-crit|p2a: Totoro\n|-damage|p2a: Totoro|29/100\n|-damage|p2a: Totoro|15/100\n|-hitcount|p2a: Totoro|2\n|\n|-weather|Sandstorm|[upkeep]\n|-damage|p2a: Totoro|9/100|[from] Sandstorm\n|-damage|p2b: Banette|95/100|[from] Sandstorm\n|upkeep\n|turn|3\n|\n|t:|1776718916\n|move|p1a: Tyranitar|Protect|p1a: Tyranitar\n|-singleturn|p1a: Tyranitar|Protect\n|move|p1b: Aerodactyl|Protect|p1b: Aerodactyl\n|-singleturn|p1b: Aerodactyl|Protect\n|move|p2b: Banette|Shadow Sneak|p1b: Aerodactyl\n|-activate|p1b: Aerodactyl|move: Protect\n|move|p2a: Totoro|Body Slam|p1a: Tyranitar\n|-activate|p1a: Tyranitar|move: Protect\n|\n|-weather|Sandstorm|[upkeep]\n|-damage|p2a: Totoro|3/100|[from] Sandstorm\n|-damage|p2b: Banette|89/100|[from] Sandstorm\n|upkeep\n|turn|4\n|\n|t:|1776718934\n|move|p2b: Banette|Shadow Sneak|p1b: Aerodactyl\n|-damage|p1b: Aerodactyl|0 fnt\n|-enditem|p2a: Totoro|Sitrus Berry|[eat]\n|-heal|p2a: Totoro|28/100|[from] item: Sitrus Berry\n|faint|p1b: Aerodactyl\n|move|p2a: Totoro|Recycle|p2a: Totoro\n|-item|p2a: Totoro|Sitrus Berry|[from] move: Recycle\n|-enditem|p2a: Totoro|Sitrus Berry|[eat]\n|-heal|p2a: Totoro|53/100|[from] item: Sitrus Berry\n|move|p1a: Tyranitar|Knock Off|p2b: Banette\n|-supereffective|p2b: Banette|1\n|-damage|p2b: Banette|3/100\n|\n|-weather|Sandstorm|[upkeep]\n|-damage|p2a: Totoro|47/100|[from] Sandstorm\n|-damage|p2b: Banette|0 fnt|[from] Sandstorm\n|faint|p2b: Banette\n|upkeep\n|\n|t:|1776718958\n|switch|p2b: Slowbro|Slowbro, L50, M|100/100\n|switch|p1b: Garganacl|Garganacl, L50, M|100/100\n|turn|5\n|\n|t:|1776718983\n|move|p2b: Slowbro|Slack Off||[still]\n|-fail|p2b: Slowbro|heal\n|move|p2a: Totoro|Earthquake|p1a: Tyranitar|[spread] p2b,p1a,p1b\n|-supereffective|p1a: Tyranitar|1\n|-supereffective|p1b: Garganacl|1\n|-damage|p2b: Slowbro|36/100\n|-damage|p1a: Tyranitar|0 fnt\n|-damage|p1b: Garganacl|0 fnt\n|faint|p1a: Tyranitar\n|faint|p1b: Garganacl\n|\n|-weather|Sandstorm|[upkeep]\n|-damage|p2b: Slowbro|30/100|[from] Sandstorm\n|-damage|p2a: Totoro|41/100|[from] Sandstorm\n|-fieldend|move: Trick Room\n|upkeep\n|\n|t:|1776719001\n|switch|p1b: Glimmora|Glimmora, L50, F|100/100\n|turn|6\n|\n|t:|1776719023\n|detailschange|p1b: Glimmora|Glimmora-Mega, L50, F\n|-mega|p1b: Glimmora|Glimmora|Glimmoranite\n|move|p1b: Glimmora|Sludge Wave|p2a: Totoro|[spread] p2a,p2b\n|-damage|p2a: Totoro|1/100\n|-damage|p2b: Slowbro|0 fnt\n|faint|p2b: Slowbro\n|move|p2a: Totoro|Recycle|p2a: Totoro\n|-item|p2a: Totoro|Sitrus Berry|[from] move: Recycle\n|-enditem|p2a: Totoro|Sitrus Berry|[eat]\n|-heal|p2a: Totoro|26/100|[from] item: Sitrus Berry\n|\n|-weather|none\n|upkeep\n|\n|t:|1776719033\n|switch|p2b: Tauros|Tauros-Paldea-Blaze, L50, M, shiny|100/100\n|-ability|p2b: Tauros|Intimidate|boost\n|-unboost|p1b: Glimmora|atk|1\n|turn|7\n|\n|t:|1776719053\n|move|p2b: Tauros|Iron Head|p1b: Glimmora\n|-supereffective|p1b: Glimmora|1\n|-damage|p1b: Glimmora|45/100\n|move|p1b: Glimmora|Sludge Wave|p2b: Tauros|[spread] p2a,p2b\n|-crit|p2b: Tauros\n|-damage|p2a: Totoro|0 fnt\n|-damage|p2b: Tauros|0 fnt\n|faint|p2a: Totoro\n|faint|p2b: Tauros\n|\n|win|Bryceicles\n|raw|Bryceicles's rating: 1064 &rarr; <strong>1089</strong><br />(+25 for winning)\n|raw|Dudelsnagk's rating: 1000 &rarr; <strong>1000</strong><br />(+0 for losing)\n",
  "uploadtime": 1776719064,
  "views": 5,
  "formatid": "gen9championsvgc2026regma",
  "rating": 1000,
  "private": 0,
  "password": null
}