{
  "id": "gen9championsvgc2026regma-2586922738",
  "format": "[Gen 9 Champions] VGC 2026 Reg M-A",
  "players": [
    "Creff",
    "SON_0F_LOK1"
  ],
  "log": "|j|\u2606Creff\n|j|\u203dSON_0F_LOK1\n|t:|1776472135\n|gametype|doubles\n|player|p1|Creff|infielder|1158\n|player|p2|SON_0F_LOK1|az|1089\n|gen|9\n|tier|[Gen 9 Champions] VGC 2026 Reg M-A\n|rated|\n|rule|Species Clause: Limit one of each Pok\u00e9mon\n|rule|Item Clause: Limit 1 of each item\n|clearpoke\n|poke|p1|Glimmora, L50, M|\n|poke|p1|Ninetales-Alola, L50, M|\n|poke|p1|Palafin, L50, F|\n|poke|p1|Pelipper, L50, F|\n|poke|p1|Sinistcha, L50|\n|poke|p1|Kingambit, L50, F|\n|poke|p2|Floette-Eternal, L50, F|\n|poke|p2|Charizard, L50, M|\n|poke|p2|Sinistcha, L50|\n|poke|p2|Farigiraf, L50, F|\n|poke|p2|Incineroar, L50, M|\n|poke|p2|Hatterene, L50, F|\n|teampreview|4\n|inactive|Battle timer is ON: inactive players will automatically lose when time's up. (requested by SON_0F_LOK1)\n|\n|t:|1776472163\n|teamsize|p1|4\n|teamsize|p2|4\n|start\n|switch|p1a: Glimmora|Glimmora, L50, M|100/100\n|switch|p1b: Kingambit|Kingambit, L50, F|100/100\n|switch|p2a: Farigiraf|Farigiraf, L50, F, shiny|100/100\n|switch|p2b: Sinistcha|Sinistcha, L50|100/100\n|turn|1\n|\n|t:|1776472184\n|move|p1a: Glimmora|Spiky Shield|p1a: Glimmora\n|-singleturn|p1a: Glimmora|move: Protect\n|move|p2b: Sinistcha|Matcha Gotcha|p1b: Kingambit|[spread] p1b\n|-activate|p1a: Glimmora|move: Protect\n|-resisted|p1b: Kingambit|1\n|-damage|p1b: Kingambit|85/100\n|move|p1b: Kingambit|Throat Chop|p2a: Farigiraf\n|-supereffective|p2a: Farigiraf|1\n|-damage|p2a: Farigiraf|8/100\n|-start|p2a: Farigiraf|Throat Chop|[silent]\n|move|p2a: Farigiraf|Psychic|p1a: Glimmora\n|-activate|p1a: Glimmora|move: Protect\n|\n|-heal|p2a: Farigiraf|14/100|[from] item: Leftovers\n|upkeep\n|turn|2\n|inactive|Creff has 30 seconds left.\n|\n|t:|1776472214\n|detailschange|p1a: Glimmora|Glimmora-Mega, L50, M\n|-mega|p1a: Glimmora|Glimmora|Glimmoranite\n|move|p1a: Glimmora|Sludge Bomb|p2b: Sinistcha\n|-damage|p2b: Sinistcha|0 fnt\n|faint|p2b: Sinistcha\n|move|p1b: Kingambit|Throat Chop|p2a: Farigiraf\n|-supereffective|p2a: Farigiraf|1\n|-damage|p2a: Farigiraf|0 fnt\n|faint|p2a: Farigiraf\n|\n|upkeep\n|\n|t:|1776472229\n|switch|p2b: Charizard|Charizard, L50, M, shiny|100/100\n|switch|p2a: Incineroar|Incineroar, L50, M, shiny|100/100\n|-ability|p2a: Incineroar|Intimidate|boost\n|-unboost|p1a: Glimmora|atk|1\n|-unboost|p1b: Kingambit|atk|1\n|-ability|p1b: Kingambit|Defiant|boost\n|-boost|p1b: Kingambit|atk|2\n|turn|3\n|inactive|SON_0F_LOK1 has 30 seconds left.\n|inactive|SON_0F_LOK1 has 20 seconds left.\n|inactive|SON_0F_LOK1 has 15 seconds left.\n|inactive|SON_0F_LOK1 has 10 seconds left.\n|\n|t:|1776472276\n|detailschange|p2b: Charizard|Charizard-Mega-Y, L50, M, shiny\n|-mega|p2b: Charizard|Charizard|Charizardite Y\n|-weather|SunnyDay|[from] ability: Drought|[of] p2b: Charizard\n|move|p1a: Glimmora|Spiky Shield|p1a: Glimmora\n|-singleturn|p1a: Glimmora|move: Protect\n|move|p1b: Kingambit|Protect|p1b: Kingambit\n|-singleturn|p1b: Kingambit|Protect\n|move|p2a: Incineroar|Fake Out|p1b: Kingambit\n|-activate|p1b: Kingambit|move: Protect\n|move|p2b: Charizard|Scorching Sands|p1a: Glimmora\n|-activate|p1a: Glimmora|move: Protect\n|\n|-weather|SunnyDay|[upkeep]\n|upkeep\n|turn|4\n|\n|t:|1776472291\n|switch|p1b: Pelipper|Pelipper, L50, F|100/100\n|-weather|RainDance|[from] ability: Drizzle|[of] p1b: Pelipper\n|move|p1a: Glimmora|Power Gem|p2b: Charizard\n|-supereffective|p2b: Charizard|2\n|-damage|p2b: Charizard|0 fnt\n|faint|p2b: Charizard\n|move|p2a: Incineroar|Parting Shot|p1b: Pelipper\n|-unboost|p1b: Pelipper|atk|1\n|-unboost|p1b: Pelipper|spa|1\n|\n|-weather|RainDance|[upkeep]\n|upkeep\n|turn|5\n|-message|SON_0F_LOK1 forfeited.\n|\n|win|Creff\n|raw|Creff's rating: 1158 &rarr; <strong>1178</strong><br />(+20 for winning)\n|raw|SON_0F_LOK1's rating: 1089 &rarr; <strong>1070</strong><br />(-19 for losing)\n|l|\u203dSON_0F_LOK1\n|player|p2|\n",
  "uploadtime": 1776472303,
  "views": 30,
  "formatid": "gen9championsvgc2026regma",
  "rating": 1070,
  "private": 0,
  "password": null
}