{
  "id": "gen9championsvgc2026regma-2588160271",
  "format": "[Gen 9 Champions] VGC 2026 Reg M-A",
  "players": [
    "whydidIhavekids",
    "magato123"
  ],
  "log": "|j|\u2606whydidIhavekids\n|j|\u2606magato123\n|t:|1776610258\n|gametype|doubles\n|player|p1|whydidIhavekids|1|1000\n|player|p2|magato123|turo-ai|1000\n|gen|9\n|tier|[Gen 9 Champions] VGC 2026 Reg M-A\n|rated|\n|rule|Species Clause: Limit one of each Pok\u00e9mon\n|rule|Item Clause: Limit 1 of each item\n|clearpoke\n|poke|p1|Milotic, L50, M|\n|poke|p1|Tyranitar, L50, M|\n|poke|p1|Excadrill, L50, M|\n|poke|p1|Sinistcha, L50|\n|poke|p1|Arcanine-Hisui, L50, M|\n|poke|p1|Garchomp, L50, F|\n|poke|p2|Gengar, L50, M|\n|poke|p2|Garchomp, L50, M|\n|poke|p2|Basculegion, L50, M|\n|poke|p2|Clefable, L50, M|\n|poke|p2|Sneasler, L50, M|\n|poke|p2|Sableye, L50, M|\n|teampreview|4\n|inactive|Battle timer is ON: inactive players will automatically lose when time's up. (requested by magato123)\nmagato123 rejected open team sheets.\n|inactive|whydidIhavekids has 60 seconds left.\n|\n|t:|1776610307\n|teamsize|p1|4\n|teamsize|p2|4\n|start\n|switch|p1a: Milotic|Milotic, L50, M|100/100\n|switch|p1b: Tyranitar|Tyranitar, L50, M|100/100\n|switch|p2a: Clefable|Clefable, L50, M|100/100\n|switch|p2b: Sneasler|Sneasler, L50, M|100/100\n|-weather|Sandstorm|[from] ability: Sand Stream|[of] p1b: Tyranitar\n|turn|1\n|\n|t:|1776610317\n|move|p1b: Tyranitar|Protect|p1b: Tyranitar\n|-singleturn|p1b: Tyranitar|Protect\n|move|p2b: Sneasler|Gunk Shot|p1b: Tyranitar\n|-activate|p1b: Tyranitar|move: Protect\n|move|p1a: Milotic|Coil|p1a: Milotic\n|-boost|p1a: Milotic|atk|1\n|-boost|p1a: Milotic|def|1\n|-boost|p1a: Milotic|accuracy|1\n|move|p2a: Clefable|Reflect|p2a: Clefable\n|-sidestart|p2: magato123|Reflect\n|\n|-weather|Sandstorm|[upkeep]\n|-damage|p2b: Sneasler|95/100|[from] Sandstorm\n|-damage|p1a: Milotic|95/100|[from] Sandstorm\n|upkeep\n|turn|2\n|j| SADATO69\n|inactive|whydidIhavekids has 30 seconds left.\n|\n|t:|1776610348\n|switch|p1b: Sinistcha|Sinistcha, L50|100/100\n|-heal|p1a: Milotic|100/100|[from] ability: Hospitality|[of] p1b: Sinistcha\n|move|p2b: Sneasler|Close Combat|p1b: Sinistcha\n|-immune|p1b: Sinistcha\n|move|p1a: Milotic|Hypnosis|p2b: Sneasler\n|-status|p2b: Sneasler|slp|[from] move: Hypnosis\n|move|p2a: Clefable|Reflect||[still]\n|-fail|p2a: Clefable\n|\n|-weather|Sandstorm|[upkeep]\n|-damage|p2b: Sneasler|89/100 slp|[from] Sandstorm\n|-damage|p1a: Milotic|95/100|[from] Sandstorm\n|-damage|p1b: Sinistcha|94/100|[from] Sandstorm\n|upkeep\n|turn|3\n|inactive|whydidIhavekids has 30 seconds left.\n|\n|t:|1776610377\n|move|p2a: Clefable|Follow Me|p2a: Clefable\n|-singleturn|p2a: Clefable|move: Follow Me\n|cant|p2b: Sneasler|slp\n|move|p1a: Milotic|Scald|p2a: Clefable\n|-damage|p2a: Clefable|76/100\n|move|p1b: Sinistcha|Trick Room|p1b: Sinistcha\n|-fieldstart|move: Trick Room|[of] p1b: Sinistcha\n|\n|-weather|Sandstorm|[upkeep]\n|-damage|p1b: Sinistcha|88/100|[from] Sandstorm\n|-damage|p1a: Milotic|89/100|[from] Sandstorm\n|-damage|p2b: Sneasler|83/100 slp|[from] Sandstorm\n|-heal|p2a: Clefable|82/100|[from] item: Leftovers\n|upkeep\n|turn|4\n|\n|t:|1776610392\n|move|p2a: Clefable|Follow Me|p2a: Clefable\n|-singleturn|p2a: Clefable|move: Follow Me\n|move|p1b: Sinistcha|Matcha Gotcha|p2b: Sneasler|[spread] p2a,p2b\n|-resisted|p2b: Sneasler|1\n|-damage|p2a: Clefable|57/100\n|-heal|p1b: Sinistcha|100/100|[from] drain|[of] p2a: Clefable\n|-damage|p2b: Sneasler|59/100 slp\n|-status|p2a: Clefable|brn\n|move|p1a: Milotic|Hypnosis|p2a: Clefable|[miss]\n|-miss|p1a: Milotic|p2a: Clefable\n|-curestatus|p2b: Sneasler|slp|[msg]\n|move|p2b: Sneasler|Close Combat|p1a: Milotic\n|-damage|p1a: Milotic|54/100\n|-unboost|p2b: Sneasler|def|1\n|-unboost|p2b: Sneasler|spd|1\n|\n|-weather|Sandstorm|[upkeep]\n|-damage|p1b: Sinistcha|94/100|[from] Sandstorm\n|-damage|p1a: Milotic|49/100|[from] Sandstorm\n|-damage|p2b: Sneasler|53/100|[from] Sandstorm\n|-enditem|p1a: Milotic|Sitrus Berry|[eat]\n|-heal|p1a: Milotic|73/100|[from] item: Sitrus Berry\n|-heal|p2a: Clefable|63/100 brn|[from] item: Leftovers\n|upkeep\n|turn|5\n|\n|t:|1776610411\n|move|p2a: Clefable|Icy Wind|p1a: Milotic|[spread] p1a,p1b\n|-resisted|p1a: Milotic|1\n|-supereffective|p1b: Sinistcha|1\n|-damage|p1a: Milotic|70/100\n|-damage|p1b: Sinistcha|72/100\n|-unboost|p1a: Milotic|spe|1\n|-ability|p1a: Milotic|Competitive|boost\n|-boost|p1a: Milotic|spa|2\n|-unboost|p1b: Sinistcha|spe|1\n|move|p1b: Sinistcha|Life Dew|p1b: Sinistcha|[spread] p1a,p1b\n|-heal|p1a: Milotic|96/100\n|-heal|p1b: Sinistcha|97/100\n|move|p1a: Milotic|Coil|p1a: Milotic\n|-boost|p1a: Milotic|atk|1\n|-boost|p1a: Milotic|def|1\n|-boost|p1a: Milotic|accuracy|1\n|move|p2b: Sneasler|Close Combat|p1a: Milotic\n|-damage|p1a: Milotic|68/100\n|-unboost|p2b: Sneasler|def|1\n|-unboost|p2b: Sneasler|spd|1\n|\n|-weather|none\n|-heal|p2a: Clefable|69/100 brn|[from] item: Leftovers\n|-sideend|p2: magato123|Reflect\n|upkeep\n|turn|6\n|\n|t:|1776610436\n|move|p2a: Clefable|Follow Me|p2a: Clefable\n|-singleturn|p2a: Clefable|move: Follow Me\n|move|p1b: Sinistcha|Matcha Gotcha|p2b: Sneasler|[spread] p2a,p2b\n|-resisted|p2b: Sneasler|1\n|-crit|p2b: Sneasler\n|-damage|p2a: Clefable|42/100 brn\n|-heal|p1b: Sinistcha|100/100|[from] drain|[of] p2a: Clefable\n|-damage|p2b: Sneasler|0 fnt\n|faint|p2b: Sneasler\n|move|p1a: Milotic|Scald|p2a: Clefable\n|-damage|p2a: Clefable|0 fnt\n|faint|p2a: Clefable\n|\n|upkeep\n|\n|t:|1776610436\n|switch|p2a: Basculegion|Basculegion, L50, M|100/100\n|switch|p2b: Garchomp|Garchomp, L50, M|100/100\n|turn|7\n|l| SADATO69\n|inactive|whydidIhavekids has 30 seconds left.\n|j| SADATO69\n|inactive|whydidIhavekids has 20 seconds left.\n|\n|t:|1776610472\n|detailschange|p2b: Garchomp|Garchomp-Mega, L50, M\n|-mega|p2b: Garchomp|Garchomp|Garchompite\n|move|p1b: Sinistcha|Matcha Gotcha|p2b: Garchomp|[spread] p2a,p2b\n|-supereffective|p2a: Basculegion|1\n|-damage|p2a: Basculegion|23/100\n|-damage|p2b: Garchomp|66/100\n|move|p1a: Milotic|Hypnosis|p2b: Garchomp\n|-status|p2b: Garchomp|slp|[from] move: Hypnosis\n|cant|p2b: Garchomp|slp\n|move|p2a: Basculegion|Last Respects|p1a: Milotic\n|-damage|p1a: Milotic|27/100\n|\n|-fieldend|move: Trick Room\n|upkeep\n|turn|8\n|inactive|whydidIhavekids has 30 seconds left.\n|\n|t:|1776610500\n|switch|p1a: Tyranitar|Tyranitar, L50, M|100/100\n|-weather|Sandstorm|[from] ability: Sand Stream|[of] p1a: Tyranitar\n|move|p2a: Basculegion|Last Respects|p1a: Tyranitar\n|-resisted|p1a: Tyranitar|1\n|-damage|p1a: Tyranitar|54/100\n|cant|p2b: Garchomp|slp\n|move|p1b: Sinistcha|Matcha Gotcha|p2a: Basculegion|[spread] p2a,p2b\n|-supereffective|p2a: Basculegion|1\n|-crit|p2b: Garchomp\n|-damage|p2a: Basculegion|0 fnt\n|-damage|p2b: Garchomp|21/100 slp\n|faint|p2a: Basculegion\n|\n|-weather|Sandstorm|[upkeep]\n|-damage|p1b: Sinistcha|94/100|[from] Sandstorm\n|upkeep\n|turn|9\n|\n|t:|1776610517\n|detailschange|p1a: Tyranitar|Tyranitar-Mega, L50, M\n|-mega|p1a: Tyranitar|Tyranitar|Tyranitarite\n|-curestatus|p2b: Garchomp|slp|[msg]\n|move|p2b: Garchomp|Dragon Rush|p2: Basculegion|[notarget]\n|-fail|p2b: Garchomp\n|move|p1a: Tyranitar|Knock Off|p2b: Garchomp\n|-damage|p2b: Garchomp|0 fnt\n|faint|p2b: Garchomp\n|\n|win|whydidIhavekids\n|raw|whydidIhavekids's rating: 1000 &rarr; <strong>1040</strong><br />(+40 for winning)\n|raw|magato123's rating: 1000 &rarr; <strong>1000</strong><br />(+0 for losing)\n",
  "uploadtime": 1776610518,
  "views": 9,
  "formatid": "gen9championsvgc2026regma",
  "rating": 1000,
  "private": 0,
  "password": null
}