{
  "id": "gen9championsvgc2026regma-2589455419",
  "format": "[Gen 9 Champions] VGC 2026 Reg M-A",
  "players": [
    "Gideon.prager20",
    "alvarriderr"
  ],
  "log": "|j|\u2606Gideon.prager20\n|j|\u2606alvarriderr\n|t:|1776724480\n|gametype|doubles\n|player|p1|Gideon.prager20|266|1106\n|player|p2|alvarriderr|hilbert-wonderlauncher|1186\n|gen|9\n|tier|[Gen 9 Champions] VGC 2026 Reg M-A\n|rated|\n|rule|Species Clause: Limit one of each Pok\u00e9mon\n|rule|Item Clause: Limit 1 of each item\n|clearpoke\n|poke|p1|Drampa, L50, F|\n|poke|p1|Alakazam, L50, M|\n|poke|p1|Basculegion, L50, M|\n|poke|p1|Scizor, L50, M|\n|poke|p1|Pelipper, L50, M|\n|poke|p1|Sinistcha, L50|\n|poke|p2|Hawlucha, L50, M|\n|poke|p2|Excadrill, L50, F|\n|poke|p2|Tyranitar, L50, M|\n|poke|p2|Sinistcha, L50|\n|poke|p2|Gardevoir, L50, F|\n|poke|p2|Volcarona, L50, M|\n|teampreview|4\nalvarriderr has agreed to open team sheets.\n|inactive|Battle timer is ON: inactive players will automatically lose when time's up. (requested by Gideon.prager20)\n|inactive|alvarriderr has 60 seconds left.\n|\n|t:|1776724549\n|teamsize|p1|4\n|teamsize|p2|4\n|start\n|switch|p1a: Alakazam|Alakazam, L50, M|100/100\n|switch|p1b: Drampa|Drampa, L50, F|100/100\n|switch|p2a: Sinistcha|Sinistcha, L50|100/100\n|switch|p2b: Volcarona|Volcarona, L50, M|100/100\n|turn|1\n|\n|t:|1776724570\n|detailschange|p1b: Drampa|Drampa-Mega, L50, F\n|-mega|p1b: Drampa|Drampa|Drampanite\n|move|p2a: Sinistcha|Rage Powder|p2a: Sinistcha\n|-singleturn|p2a: Sinistcha|move: Rage Powder\n|move|p1a: Alakazam|Light Screen|p1a: Alakazam\n|-sidestart|p1: Gideon.prager20|move: Light Screen\n|move|p2b: Volcarona|Bug Buzz|p1a: Alakazam\n|-supereffective|p1a: Alakazam|1\n|-damage|p1a: Alakazam|0 fnt\n|faint|p1a: Alakazam\n|move|p1b: Drampa|Calm Mind|p1b: Drampa\n|-boost|p1b: Drampa|spa|1\n|-boost|p1b: Drampa|spd|1\n|\n|upkeep\n|\n|t:|1776724576\n|switch|p1a: Sinistcha|Sinistcha, L50|100/100\n|turn|2\n|inactive|alvarriderr has 30 seconds left.\n|inactive|alvarriderr has 20 seconds left.\n|\n|t:|1776724612\n|move|p2b: Volcarona|Bug Buzz|p1a: Sinistcha\n|-damage|p1a: Sinistcha|46/100\n|-enditem|p1a: Sinistcha|Sitrus Berry|[eat]\n|-heal|p1a: Sinistcha|71/100|[from] item: Sitrus Berry\n|move|p1b: Drampa|Hyper Voice|p2b: Volcarona|[spread] p2b\n|-immune|p2a: Sinistcha\n|-damage|p2b: Volcarona|28/100\n|move|p2a: Sinistcha|Trick Room|p2a: Sinistcha\n|-fieldstart|move: Trick Room|[of] p2a: Sinistcha\n|move|p1a: Sinistcha|Trick Room|p1a: Sinistcha\n|-fieldend|move: Trick Room\n|\n|upkeep\n|turn|3\n|inactive|Gideon.prager20 has 30 seconds left.\n|inactive|alvarriderr has 30 seconds left.\n|\n|t:|1776724641\n|move|p2b: Volcarona|Bug Buzz|p1a: Sinistcha\n|-damage|p1a: Sinistcha|22/100\n|move|p2a: Sinistcha|Matcha Gotcha|p1b: Drampa|[spread] p1a,p1b\n|-resisted|p1a: Sinistcha|1\n|-resisted|p1b: Drampa|1\n|-damage|p1a: Sinistcha|12/100\n|-damage|p1b: Drampa|95/100\n|move|p1a: Sinistcha|Life Dew|p1a: Sinistcha|[spread] p1a,p1b\n|-heal|p1a: Sinistcha|37/100\n|-heal|p1b: Drampa|100/100\n|move|p1b: Drampa|Hyper Voice|p2b: Volcarona|[spread] p2b\n|-immune|p2a: Sinistcha\n|-damage|p2b: Volcarona|0 fnt\n|faint|p2b: Volcarona\n|\n|upkeep\n|\n|t:|1776724666\n|switch|p2b: Tyranitar|Tyranitar, L50, M|100/100\n|-weather|Sandstorm|[from] ability: Sand Stream|[of] p2b: Tyranitar\n|turn|4\n|\n|t:|1776724683\n|switch|p1a: Pelipper|Pelipper, L50, M|100/100\n|-weather|RainDance|[from] ability: Drizzle|[of] p1a: Pelipper\n|move|p2a: Sinistcha|Matcha Gotcha|p1b: Drampa|[spread] p1a,p1b\n|-resisted|p1b: Drampa|1\n|-damage|p1a: Pelipper|82/100\n|-damage|p1b: Drampa|96/100\n|-status|p1b: Drampa|brn\n|move|p2b: Tyranitar|Knock Off|p1a: Pelipper\n|-damage|p1a: Pelipper|18/100\n|-enditem|p1a: Pelipper|Focus Sash|[from] move: Knock Off|[of] p2b: Tyranitar\n|move|p1b: Drampa|Earth Power|p2b: Tyranitar\n|-supereffective|p2b: Tyranitar|1\n|-damage|p2b: Tyranitar|8/100\n|\n|-weather|RainDance|[upkeep]\n|-damage|p1b: Drampa|90/100 brn|[from] brn\n|upkeep\n|turn|5\n|inactive|alvarriderr has 30 seconds left.\n|\n|t:|1776724711\n|move|p2b: Tyranitar|Protect|p2b: Tyranitar\n|-singleturn|p2b: Tyranitar|Protect\n|move|p2a: Sinistcha|Life Dew||[still]|[spread] p2a,p2b\n|-fail|p2a: Sinistcha|heal\n|-heal|p2b: Tyranitar|33/100\n|move|p1a: Pelipper|Hurricane|p2a: Sinistcha\n|-supereffective|p2a: Sinistcha|1\n|-damage|p2a: Sinistcha|0 fnt\n|faint|p2a: Sinistcha\n|move|p1b: Drampa|Earth Power|p2b: Tyranitar\n|-activate|p2b: Tyranitar|move: Protect\n|\n|-weather|RainDance|[upkeep]\n|-damage|p1b: Drampa|84/100 brn|[from] brn\n|-sideend|p1: Gideon.prager20|move: Light Screen\n|upkeep\n|\n|t:|1776724727\n|switch|p2a: Excadrill|Excadrill, L50, F|100/100\n|turn|6\n|\n|t:|1776724751\n|move|p2a: Excadrill|Iron Head|p1a: Pelipper\n|-resisted|p1a: Pelipper|1\n|-damage|p1a: Pelipper|0 fnt\n|faint|p1a: Pelipper\n|move|p2b: Tyranitar|Low Kick|p1b: Drampa\n|-supereffective|p1b: Drampa|1\n|-damage|p1b: Drampa|0 fnt\n|faint|p1b: Drampa\n|\n|-weather|RainDance|[upkeep]\n|upkeep\n|l|\u2606Gideon.prager20\n|inactive|Gideon.prager20 disconnected and has a minute to reconnect!\n|player|p1|\n|inactive|Gideon.prager20 has 30 seconds left.\n|c|\u2606alvarriderr|gg\n|inactive|Gideon.prager20 has 20 seconds left.\n|inactive|Gideon.prager20 has 15 seconds left.\n|inactive|Gideon.prager20 has 10 seconds left.\n|inactive|Gideon.prager20 has 5 seconds left.\n|-message|Gideon.prager20 lost due to inactivity.\n|\n|win|alvarriderr\n|raw|Gideon.prager20's rating: 1106 &rarr; <strong>1087</strong><br />(-19 for losing)\n|raw|alvarriderr's rating: 1186 &rarr; <strong>1205</strong><br />(+19 for winning)\n",
  "uploadtime": 1776724813,
  "views": 5,
  "formatid": "gen9championsvgc2026regma",
  "rating": 1087,
  "private": 0,
  "password": null
}