{
  "id": "gen9championsvgc2026regma-2589500121",
  "format": "[Gen 9 Champions] VGC 2026 Reg M-A",
  "players": [
    "Northgdh",
    "M1lkc4rton"
  ],
  "log": "|j|\u2606Northgdh\n|j|\u2606M1lkc4rton\n|t:|1776728596\n|gametype|doubles\n|player|p1|Northgdh|pokemonranger-gen4|1226\n|player|p2|M1lkc4rton|lady|1233\n|gen|9\n|tier|[Gen 9 Champions] VGC 2026 Reg M-A\n|rated|\n|rule|Species Clause: Limit one of each Pok\u00e9mon\n|rule|Item Clause: Limit 1 of each item\n|clearpoke\n|poke|p1|Floette-Eternal, L50, F|\n|poke|p1|Sinistcha, L50|\n|poke|p1|Espathra, L50, F|\n|poke|p1|Incineroar, L50, M, shiny|\n|poke|p1|Garchomp, L50, M|\n|poke|p1|Ninetales-Alola, L50, F, shiny|\n|poke|p2|Starmie, L50, shiny|\n|poke|p2|Froslass, L50, F|\n|poke|p2|Talonflame, L50, F|\n|poke|p2|Sneasler, L50, M, shiny|\n|poke|p2|Maushold-Four, L50|\n|poke|p2|Aegislash, L50, M, shiny|\n|teampreview|4\n|inactive|Battle timer is ON: inactive players will automatically lose when time's up. (requested by Northgdh)\n|inactive|Northgdh has 60 seconds left.\n|inactive|M1lkc4rton has 60 seconds left.\n|\n|t:|1776728648\n|teamsize|p1|4\n|teamsize|p2|4\n|start\n|switch|p1a: Espathra|Espathra, L50, F|100/100\n|switch|p1b: Garchomp|Garchomp, L50, M|100/100\n|switch|p2a: Chica|Talonflame, L50, F|100/100\n|switch|p2b: Looks Maxing|Aegislash, L50, M, shiny|100/100\n|turn|1\n|\n|t:|1776728672\n|switch|p1b: Incin|Incineroar, L50, M, shiny|100/100\n|-ability|p1b: Incin|Intimidate|boost\n|-unboost|p2a: Chica|atk|1\n|-unboost|p2b: Looks Maxing|atk|1\n|move|p1a: Espathra|Protect|p1a: Espathra\n|-singleturn|p1a: Espathra|Protect\n|move|p2a: Chica|Tailwind|p2a: Chica\n|-sidestart|p2: M1lkc4rton|move: Tailwind\n|-formechange|p2b: Looks Maxing|Aegislash-Blade|\n|move|p2b: Looks Maxing|Poltergeist|p1a: Espathra\n|-activate|p1a: Espathra|move: Protect\n|\n|-ability|p1a: Espathra|Speed Boost|boost\n|-boost|p1a: Espathra|spe|1\n|upkeep\n|turn|2\n|\n|t:|1776728695\n|move|p2a: Chica|Protect|p2a: Chica\n|-singleturn|p2a: Chica|Protect\n|-formechange|p2b: Looks Maxing|Aegislash|\n|move|p2b: Looks Maxing|King's Shield|p2b: Looks Maxing\n|-singleturn|p2b: Looks Maxing|Protect\n|move|p1b: Incin|Fake Out|p2a: Chica\n|-activate|p2a: Chica|move: Protect\n|move|p1a: Espathra|Calm Mind|p1a: Espathra\n|-boost|p1a: Espathra|spa|1\n|-boost|p1a: Espathra|spd|1\n|\n|-ability|p1a: Espathra|Speed Boost|boost\n|-boost|p1a: Espathra|spe|1\n|upkeep\n|turn|3\n|\n|t:|1776728706\n|move|p1a: Espathra|Protect|p1a: Espathra\n|-singleturn|p1a: Espathra|Protect\n|move|p2a: Chica|Brave Bird|p1a: Espathra\n|-activate|p1a: Espathra|move: Protect\n|-formechange|p2b: Looks Maxing|Aegislash-Blade|\n|move|p2b: Looks Maxing|Poltergeist|p1a: Espathra\n|-activate|p1a: Espathra|move: Protect\n|move|p1b: Incin|Will-O-Wisp|p2b: Looks Maxing\n|-status|p2b: Looks Maxing|brn\n|\n|-damage|p2b: Looks Maxing|95/100 brn|[from] brn\n|-ability|p1a: Espathra|Speed Boost|boost\n|-boost|p1a: Espathra|spe|1\n|upkeep\n|turn|4\n|\n|t:|1776728724\n|move|p2a: Chica|Brave Bird|p1a: Espathra\n|-damage|p1a: Espathra|44/100\n|-damage|p2a: Chica|80/100|[from] Recoil\n|move|p1a: Espathra|Baton Pass|p1a: Espathra\n|\n|t:|1776728730\n|switch|p1a: Floette|Floette-Eternal, L50, F|100/100|[from] Baton Pass\n|move|p2b: Looks Maxing|Poltergeist|p1a: Floette|[miss]\n|-miss|p2b: Looks Maxing|p1a: Floette\n|move|p1b: Incin|Parting Shot|p2b: Looks Maxing\n|-unboost|p2b: Looks Maxing|atk|1\n|-unboost|p2b: Looks Maxing|spa|1\n|\n|t:|1776728738\n|switch|p1b: Espathra|Espathra, L50, F|44/100|[from] Parting Shot\n|\n|-heal|p2b: Looks Maxing|100/100 brn|[from] item: Leftovers\n|-damage|p2b: Looks Maxing|95/100 brn|[from] brn\n|-sideend|p2: M1lkc4rton|move: Tailwind\n|upkeep\n|turn|5\n|\n|t:|1776728757\n|detailschange|p1a: Floette|Floette-Mega, L50, F\n|-mega|p1a: Floette|Floette|Floettite\n|-ability|p1a: Floette|Fairy Aura\n|move|p2b: Looks Maxing|Wide Guard|p2b: Looks Maxing\n|-singleturn|p2b: Looks Maxing|Wide Guard\n|move|p1a: Floette|Moonblast|p2a: Chica\n|-resisted|p2a: Chica|1\n|-crit|p2a: Chica\n|-damage|p2a: Chica|0 fnt\n|faint|p2a: Chica\n|move|p1b: Espathra|Calm Mind|p1b: Espathra\n|-boost|p1b: Espathra|spa|1\n|-boost|p1b: Espathra|spd|1\n|\n|-heal|p2b: Looks Maxing|100/100 brn|[from] item: Leftovers\n|-damage|p2b: Looks Maxing|95/100 brn|[from] brn\n|-ability|p1b: Espathra|Speed Boost|boost\n|-boost|p1b: Espathra|spe|1\n|upkeep\n|\n|t:|1776728773\n|switch|p2a: Springtrap|Sneasler, L50, M, shiny|100/100\n|turn|6\n|\n|t:|1776728782\n|move|p1a: Floette|Protect|p1a: Floette\n|-singleturn|p1a: Floette|Protect\n|move|p1b: Espathra|Protect|p1b: Espathra\n|-singleturn|p1b: Espathra|Protect\n|move|p2a: Springtrap|Protect|p2a: Springtrap\n|-singleturn|p2a: Springtrap|Protect\n|move|p2b: Looks Maxing|Poltergeist|p1b: Espathra\n|-activate|p1b: Espathra|move: Protect\n|\n|-heal|p2b: Looks Maxing|100/100 brn|[from] item: Leftovers\n|-damage|p2b: Looks Maxing|95/100 brn|[from] brn\n|-ability|p1b: Espathra|Speed Boost|boost\n|-boost|p1b: Espathra|spe|1\n|upkeep\n|turn|7\n|\n|t:|1776728797\n|move|p2b: Looks Maxing|Shadow Sneak|p1b: Espathra\n|-supereffective|p1b: Espathra|1\n|-damage|p1b: Espathra|25/100\n|move|p1a: Floette|Moonblast|p2b: Looks Maxing\n|-resisted|p2b: Looks Maxing|1\n|-damage|p2b: Looks Maxing|0 fnt\n|faint|p2b: Looks Maxing\n|move|p1b: Espathra|Lumina Crash|p2a: Springtrap\n|-supereffective|p2a: Springtrap|2\n|-damage|p2a: Springtrap|0 fnt\n|faint|p2a: Springtrap\n|\n|-ability|p1b: Espathra|Speed Boost|boost\n|-boost|p1b: Espathra|spe|1\n|upkeep\n|\n|t:|1776728801\n|switch|p2b: Z-Broly|Starmie, L50, shiny|100/100\n|turn|8\n|\n|t:|1776728814\n|detailschange|p2b: Z-Broly|Starmie-Mega, L50, shiny\n|-mega|p2b: Z-Broly|Starmie|Starminite\n|move|p2b: Z-Broly|Aqua Jet|p1b: Espathra\n|-damage|p1b: Espathra|0 fnt\n|faint|p1b: Espathra\n|move|p1a: Floette|Moonblast|p2b: Z-Broly\n|-damage|p2b: Z-Broly|0 fnt\n|faint|p2b: Z-Broly\n|\n|win|Northgdh\n|raw|Northgdh's rating: 1226 &rarr; <strong>1252</strong><br />(+26 for winning)\n|raw|M1lkc4rton's rating: 1233 &rarr; <strong>1207</strong><br />(-26 for losing)\n|l|\u2606M1lkc4rton\n|player|p2|\n|l|\u2606Northgdh\n|player|p1|\n|j|\u2606Northgdh\n|player|p1|Northgdh|pokemonranger-gen4|\n",
  "uploadtime": 1776728824,
  "views": 12,
  "formatid": "gen9championsvgc2026regma",
  "rating": 1207,
  "private": 0,
  "password": null
}