{
  "id": "gen9championsvgc2026regma-2584835276",
  "format": "[Gen 9 Champions] VGC 2026 Reg M-A",
  "players": [
    "TTT x",
    "Cyberdong"
  ],
  "log": "|j|\u2606TTT x\n|j|\u2606Cyberdong\n|t:|1776287345\n|gametype|doubles\n|player|p1|TTT x|#smogonxnpa2025draftee|\n|player|p2|Cyberdong|youngcouple-gen4dp|\n|gen|9\n|tier|[Gen 9 Champions] VGC 2026 Reg M-A\n|rated|Tournament battle\n|rule|Species Clause: Limit one of each Pok\u00e9mon\n|rule|Item Clause: Limit 1 of each item\n|raw|<div class=\"infobox\"><details class=\"readmore\" open><summary><strong>1 custom rule:</strong></summary> Force Open Team Sheets</details></div>\n|clearpoke\n|poke|p1|Manectric, L50, F|\n|poke|p1|Archaludon, L50, F|\n|poke|p1|Sinistcha, L50|\n|poke|p1|Politoed, L50, F|\n|poke|p1|Scizor, L50, F|\n|poke|p1|Incineroar, L50, M|\n|poke|p2|Tyranitar, L50, F|\n|poke|p2|Excadrill, L50, F|\n|poke|p2|Rotom-Heat, L50|\n|poke|p2|Sinistcha, L50|\n|poke|p2|Basculegion, L50, M|\n|poke|p2|Sneasler, L50, M|\n|teampreview|4\n|showteam|p1|Manectric||Manectite|LightningRod|VoltSwitch,Snarl,LightScreen,Protect|||F|||50|]Archaludon||Leftovers|Stamina|ElectroShot,DragonPulse,FlashCannon,Protect|||F|||50|]Sinistcha||KasibBerry|Hospitality|MatchaGotcha,ShadowBall,RagePowder,Protect||||||50|]Politoed||SitrusBerry|Drizzle|WeatherBall,RainDance,Encore,Protect|||F|||50|]Scizor||Scizorite|Technician|BulletPunch,BugBite,SwordsDance,Protect|||F|||50|]Incineroar||ChopleBerry|Intimidate|FakeOut,FlareBlitz,WillOWisp,PartingShot|||M|||50|\n|showteam|p2|Tyranitar||Tyranitarite|SandStream|DragonDance,RockSlide,Crunch,Protect|||F|||50|]Excadrill||FocusSash|SandRush|HighHorsepower,IronHead,RockSlide,Protect|||F|||50|]Rotom-Heat||SitrusBerry|Levitate|Thunderbolt,Overheat,VoltSwitch,WillOWisp||||||50|]Sinistcha||Leftovers|Hospitality|MatchaGotcha,StrengthSap,LifeDew,RagePowder||||||50|]Basculegion||ChoiceScarf|Adaptability|AquaJet,LastRespects,WaveCrash,FlipTurn|||M|||50|]Sneasler||WhiteHerb|Unburden|FakeOut,CloseCombat,GunkShot,Coaching|||M|||50|\n|j| Carrielis\n|j|+TheLoanRanger\n|j|+crystalninetales\n|j|+Hasayo\n|j| OnToTheOther\n|\n|t:|1776287399\n|teamsize|p1|4\n|teamsize|p2|4\n|start\n|switch|p1a: Manectric|Manectric, L50, F|100/100\n|switch|p1b: Archaludon|Archaludon, L50, F|100/100\n|switch|p2a: Tyranitar|Tyranitar, L50, F|100/100\n|switch|p2b: Sneasler|Sneasler, L50, M|100/100\n|-weather|Sandstorm|[from] ability: Sand Stream|[of] p2a: Tyranitar\n|turn|1\n|j|+holdingb\n|\n|t:|1776287422\n|switch|p1b: Incineroar|Incineroar, L50, M|100/100\n|-ability|p1b: Incineroar|Intimidate|boost\n|-unboost|p2a: Tyranitar|atk|1\n|-unboost|p2b: Sneasler|atk|1\n|-enditem|p2b: Sneasler|White Herb\n|-clearnegativeboost|p2b: Sneasler|[silent]\n|detailschange|p1a: Manectric|Manectric-Mega, L50, F\n|-mega|p1a: Manectric|Manectric|Manectite\n|-ability|p1a: Manectric|Intimidate|boost\n|-unboost|p2a: Tyranitar|atk|1\n|-unboost|p2b: Sneasler|atk|1\n|detailschange|p2a: Tyranitar|Tyranitar-Mega, L50, F\n|-mega|p2a: Tyranitar|Tyranitar|Tyranitarite\n|move|p2b: Sneasler|Coaching|p2a: Tyranitar\n|-boost|p2a: Tyranitar|atk|1\n|-boost|p2a: Tyranitar|def|1\n|move|p1a: Manectric|Volt Switch|p2b: Sneasler\n|-damage|p2b: Sneasler|57/100\n|\n|t:|1776287438\n|switch|p1a: Archaludon|Archaludon, L50, F|100/100|[from] Volt Switch\n|move|p2a: Tyranitar|Dragon Dance|p2a: Tyranitar\n|-boost|p2a: Tyranitar|atk|1\n|-boost|p2a: Tyranitar|spe|1\n|\n|-weather|Sandstorm|[upkeep]\n|-damage|p2b: Sneasler|51/100|[from] Sandstorm\n|-damage|p1b: Incineroar|95/100|[from] Sandstorm\n|upkeep\n|turn|2\n|\n|t:|1776287457\n|move|p1b: Incineroar|Fake Out|p2b: Sneasler\n|-damage|p2b: Sneasler|37/100\n|cant|p2b: Sneasler|flinch\n|move|p2a: Tyranitar|Rock Slide|p1a: Archaludon|[spread] p1a,p1b\n|-resisted|p1a: Archaludon|1\n|-supereffective|p1b: Incineroar|1\n|-crit|p1b: Incineroar\n|-damage|p1a: Archaludon|87/100\n|-damage|p1b: Incineroar|0 fnt\n|-ability|p1a: Archaludon|Stamina|boost\n|-boost|p1a: Archaludon|def|1\n|faint|p1b: Incineroar\n|move|p1a: Archaludon|Dragon Pulse|p2b: Sneasler\n|-damage|p2b: Sneasler|0 fnt\n|faint|p2b: Sneasler\n|\n|-weather|Sandstorm|[upkeep]\n|-heal|p1a: Archaludon|93/100|[from] item: Leftovers\n|upkeep\n|\n|t:|1776287477\n|switch|p2b: Rotom|Rotom-Heat, L50|100/100\n|switch|p1b: Manectric|Manectric-Mega, L50, F|100/100\n|-ability|p1b: Manectric|Intimidate|boost\n|-unboost|p2a: Tyranitar|atk|1\n|-unboost|p2b: Rotom|atk|1\n|turn|3\n|j| Jay is decent\n|j| pokemonpengu\n|\n|t:|1776287511\n|move|p1b: Manectric|Light Screen|p1b: Manectric\n|-sidestart|p1: TTT x|move: Light Screen\n|move|p2a: Tyranitar|Crunch|p1b: Manectric\n|-damage|p1b: Manectric|58/100\n|move|p1a: Archaludon|Dragon Pulse|p2b: Rotom\n|-damage|p2b: Rotom|65/100\n|move|p2b: Rotom|Volt Switch|p1b: Manectric\n|-resisted|p1b: Manectric|1\n|-damage|p1b: Manectric|45/100\n|\n|t:|1776287518\n|switch|p2b: Basculegion|Basculegion, L50, M|100/100|[from] Volt Switch\n|\n|-weather|Sandstorm|[upkeep]\n|-damage|p2b: Basculegion|94/100|[from] Sandstorm\n|-damage|p1b: Manectric|39/100|[from] Sandstorm\n|-heal|p1a: Archaludon|99/100|[from] item: Leftovers\n|upkeep\n|turn|4\n|j| reisquaza1\n|\n|t:|1776287537\n|move|p1b: Manectric|Protect|p1b: Manectric\n|-singleturn|p1b: Manectric|Protect\n|move|p2b: Basculegion|Last Respects|p1b: Manectric\n|-activate|p1b: Manectric|move: Protect\n|move|p2a: Tyranitar|Dragon Dance|p2a: Tyranitar\n|-boost|p2a: Tyranitar|atk|1\n|-boost|p2a: Tyranitar|spe|1\n|move|p1a: Archaludon|Electro Shot||[still]\n|-prepare|p1a: Archaludon|Electro Shot\n|-boost|p1a: Archaludon|spa|1\n|\n|-weather|Sandstorm|[upkeep]\n|-damage|p2b: Basculegion|88/100|[from] Sandstorm\n|-damage|p1b: Manectric|33/100|[from] Sandstorm\n|-heal|p1a: Archaludon|100/100|[from] item: Leftovers\n|upkeep\n|turn|5\n|\n|t:|1776287546\n|switch|p2b: Rotom|Rotom-Heat, L50|65/100\n|switch|p1b: Sinistcha|Sinistcha, L50|100/100\n|move|p2a: Tyranitar|Rock Slide|p1b: Sinistcha|[spread] p1a,p1b\n|-resisted|p1a: Archaludon|1\n|-damage|p1a: Archaludon|92/100\n|-damage|p1b: Sinistcha|69/100\n|-ability|p1a: Archaludon|Stamina|boost\n|-boost|p1a: Archaludon|def|1\n|move|p1a: Archaludon|Electro Shot|p2b: Rotom|[from] lockedmove\n|-resisted|p2b: Rotom|1\n|-damage|p2b: Rotom|39/100\n|-enditem|p2b: Rotom|Sitrus Berry|[eat]\n|-heal|p2b: Rotom|64/100|[from] item: Sitrus Berry\n|\n|-weather|none\n|-heal|p1a: Archaludon|98/100|[from] item: Leftovers\n|upkeep\n|turn|6\n|j| z123z\n|l| z123z\n|\n|t:|1776287565\n|move|p1b: Sinistcha|Protect|p1b: Sinistcha\n|-singleturn|p1b: Sinistcha|Protect\n|move|p2a: Tyranitar|Crunch|p1b: Sinistcha\n|-activate|p1b: Sinistcha|move: Protect\n|move|p1a: Archaludon|Dragon Pulse|p2b: Rotom\n|-damage|p2b: Rotom|13/100\n|move|p2b: Rotom|Will-O-Wisp|p1a: Archaludon\n|-status|p1a: Archaludon|brn\n|\n|-heal|p1a: Archaludon|100/100 brn|[from] item: Leftovers\n|-damage|p1a: Archaludon|94/100 brn|[from] brn\n|upkeep\n|turn|7\n|\n|t:|1776287583\n|switch|p1b: Manectric|Manectric-Mega, L50, F|33/100\n|-ability|p1b: Manectric|Intimidate|boost\n|-unboost|p2a: Tyranitar|atk|1\n|-unboost|p2b: Rotom|atk|1\n|move|p2a: Tyranitar|Crunch|p1b: Manectric\n|-damage|p1b: Manectric|0 fnt\n|faint|p1b: Manectric\n|move|p1a: Archaludon|Dragon Pulse|p2b: Rotom\n|-damage|p2b: Rotom|0 fnt\n|faint|p2b: Rotom\n|\n|-heal|p1a: Archaludon|100/100 brn|[from] item: Leftovers\n|-damage|p1a: Archaludon|94/100 brn|[from] brn\n|-sideend|p1: TTT x|move: Light Screen\n|upkeep\n|\n|t:|1776287590\n|switch|p1b: Sinistcha|Sinistcha, L50|69/100\n|switch|p2b: Basculegion|Basculegion, L50, M|88/100\n|-heal|p1a: Archaludon|100/100 brn|[from] ability: Hospitality|[of] p1b: Sinistcha\n|turn|8\n|\n|t:|1776287605\n|move|p1b: Sinistcha|Protect|p1b: Sinistcha\n|-singleturn|p1b: Sinistcha|Protect\n|move|p2a: Tyranitar|Crunch|p1b: Sinistcha\n|-activate|p1b: Sinistcha|move: Protect\n|move|p2b: Basculegion|Last Respects|p1a: Archaludon\n|-damage|p1a: Archaludon|65/100 brn\n|-ability|p1a: Archaludon|Stamina|boost\n|-boost|p1a: Archaludon|def|1\n|move|p1a: Archaludon|Electro Shot||[still]\n|-prepare|p1a: Archaludon|Electro Shot\n|-boost|p1a: Archaludon|spa|1\n|\n|-heal|p1a: Archaludon|71/100 brn|[from] item: Leftovers\n|-damage|p1a: Archaludon|65/100 brn|[from] brn\n|upkeep\n|turn|9\n|\n|t:|1776287623\n|move|p1b: Sinistcha|Rage Powder|p1b: Sinistcha\n|-singleturn|p1b: Sinistcha|move: Rage Powder\n|move|p2a: Tyranitar|Rock Slide|p1a: Archaludon|[spread] p1a,p1b\n|-resisted|p1a: Archaludon|1\n|-damage|p1a: Archaludon|62/100 brn\n|-damage|p1b: Sinistcha|50/100\n|-ability|p1a: Archaludon|Stamina|boost\n|-boost|p1a: Archaludon|def|1\n|move|p2b: Basculegion|Last Respects|p1b: Sinistcha\n|-supereffective|p1b: Sinistcha|1\n|-enditem|p1b: Sinistcha|Kasib Berry|[eat]\n|-enditem|p1b: Sinistcha|Kasib Berry|[weaken]\n|-damage|p1b: Sinistcha|0 fnt\n|faint|p1b: Sinistcha\n|move|p1a: Archaludon|Electro Shot|p2b: Basculegion|[from] lockedmove\n|-supereffective|p2b: Basculegion|1\n|-damage|p2b: Basculegion|0 fnt\n|faint|p2b: Basculegion\n|\n|-heal|p1a: Archaludon|68/100 brn|[from] item: Leftovers\n|-damage|p1a: Archaludon|62/100 brn|[from] brn\n|upkeep\n|turn|10\n|c| pokemonpengu|1v1\n|c| pokemonpengu|who will win\n|\n|t:|1776287648\n|move|p2a: Tyranitar|Dragon Dance|p2a: Tyranitar\n|-boost|p2a: Tyranitar|atk|1\n|-boost|p2a: Tyranitar|spe|1\n|move|p1a: Archaludon|Flash Cannon|p2a: Tyranitar\n|-supereffective|p2a: Tyranitar|1\n|-damage|p2a: Tyranitar|0 fnt\n|faint|p2a: Tyranitar\n|\n|win|TTT x\n|n|\u2606TTT x|tttx\n|n|\u2606Cyberdong|cyberdong\n|n| Carrielis|carrielis\n|n| TheLoanRanger|theloanranger\n|n| crystalninetales|crystalninetales\n|n| Hasayo|hasayo\n|n| OnToTheOther|ontotheother\n|n| holdingb|holdingb\n|n| Jay is decent|jayisdecent\n|n| pokemonpengu|pokemonpengu\n|n| reisquaza1|reisquaza1\n|c| Carrielis|Arch wins this 90% of the time\n|c|\u2606Cyberdong|gg\n|c|\u2606TTT x|Gg\n",
  "uploadtime": 1776287654,
  "views": 92,
  "formatid": "gen9championsvgc2026regma",
  "rating": null,
  "private": 0,
  "password": null
}