{
  "id": "gen9championsvgc2026regma-2587387121",
  "format": "[Gen 9 Champions] VGC 2026 Reg M-A",
  "players": [
    "aggrivas",
    "Gahandi"
  ],
  "log": "|j|\u2606aggrivas\n|j|\u2606Gahandi\n|t:|1776527564\n|gametype|doubles\n|player|p1|aggrivas|guitarist-gen4|1062\n|player|p2|Gahandi|170|1108\n|gen|9\n|tier|[Gen 9 Champions] VGC 2026 Reg M-A\n|rated|\n|rule|Species Clause: Limit one of each Pok\u00e9mon\n|rule|Item Clause: Limit 1 of each item\n|clearpoke\n|poke|p1|Glimmora, L50, F|\n|poke|p1|Tyranitar, L50, M|\n|poke|p1|Kingambit, L50, M|\n|poke|p1|Arcanine-Hisui, L50, F|\n|poke|p1|Heliolisk, L50, F|\n|poke|p1|Clefable, L50, M|\n|poke|p2|Drampa, L50, M|\n|poke|p2|Pelipper, L50, M|\n|poke|p2|Raichu, L50, F|\n|poke|p2|Garganacl, L50, F|\n|poke|p2|Sylveon, L50, F|\n|poke|p2|Slowking-Galar, L50, F|\n|teampreview|4\n|\n|t:|1776527605\n|teamsize|p1|4\n|teamsize|p2|4\n|start\n|switch|p1a: Kingambit|Kingambit, L50, M|100/100\n|switch|p1b: Heliolisk|Heliolisk, L50, F|100/100\n|switch|p2a: Drampa|Drampa, L50, M|100/100\n|switch|p2b: Sylveon|Sylveon, L50, F|100/100\n|turn|1\n|\n|t:|1776527630\n|detailschange|p2a: Drampa|Drampa-Mega, L50, M\n|-mega|p2a: Drampa|Drampa|Drampanite\n|move|p2b: Sylveon|Protect|p2b: Sylveon\n|-singleturn|p2b: Sylveon|Protect\n|move|p1b: Heliolisk|Electroweb|p2a: Drampa|[spread] p2a\n|-activate|p2b: Sylveon|move: Protect\n|-resisted|p2a: Drampa|1\n|-damage|p2a: Drampa|92/100\n|-unboost|p2a: Drampa|spe|1\n|move|p1a: Kingambit|Iron Head|p2b: Sylveon\n|-activate|p2b: Sylveon|move: Protect\n|move|p2a: Drampa|Dragon Pulse|p1a: Kingambit\n|-resisted|p1a: Kingambit|1\n|-damage|p1a: Kingambit|72/100\n|\n|upkeep\n|turn|2\n|\n|t:|1776527667\n|switch|p2b: Slowking|Slowking-Galar, L50, F|100/100\n|move|p1b: Heliolisk|Electroweb|p2b: Slowking|[spread] p2a,p2b\n|-resisted|p2a: Drampa|1\n|-damage|p2a: Drampa|84/100\n|-damage|p2b: Slowking|87/100\n|-unboost|p2a: Drampa|spe|1\n|-unboost|p2b: Slowking|spe|1\n|move|p1a: Kingambit|Iron Head|p2b: Slowking\n|-damage|p2b: Slowking|34/100\n|move|p2a: Drampa|Blizzard|p1a: Kingambit|[spread] p1a,p1b\n|-resisted|p1a: Kingambit|1\n|-crit|p1b: Heliolisk\n|-damage|p1a: Kingambit|52/100\n|-damage|p1b: Heliolisk|31/100\n|\n|upkeep\n|turn|3\n|\n|t:|1776527712\n|move|p1a: Kingambit|Sucker Punch||[still]\n|-fail|p1a: Kingambit\n|move|p1b: Heliolisk|Volt Switch|p2a: Drampa\n|-resisted|p2a: Drampa|1\n|-damage|p2a: Drampa|72/100\n|\n|t:|1776527717\n|switch|p1b: Tyranitar|Tyranitar, L50, M|100/100|[from] Volt Switch\n|-weather|Sandstorm|[from] ability: Sand Stream|[of] p1b: Tyranitar\n|move|p2a: Drampa|Blizzard|p1a: Kingambit|[spread] p1a,p1b\n|-resisted|p1a: Kingambit|1\n|-damage|p1a: Kingambit|33/100\n|-damage|p1b: Tyranitar|75/100\n|move|p2b: Slowking|Trick Room|p2b: Slowking\n|-fieldstart|move: Trick Room|[of] p2b: Slowking\n|\n|-weather|Sandstorm|[upkeep]\n|-damage|p2a: Drampa|66/100|[from] Sandstorm\n|-damage|p2b: Slowking|28/100|[from] Sandstorm\n|upkeep\n|turn|4\n|\n|t:|1776527751\n|move|p2a: Drampa|Dragon Pulse|p1a: Kingambit\n|-resisted|p1a: Kingambit|1\n|-damage|p1a: Kingambit|3/100\n|-prepare|p2b: Slowking|Chilly Reception|[premajor]\n|move|p2b: Slowking|Chilly Reception|p2b: Slowking\n|-weather|Snowscape\n|\n|t:|1776527764\n|switch|p2b: Pelipper|Pelipper, L50, M|100/100|[from] Chilly Reception\n|-weather|RainDance|[from] ability: Drizzle|[of] p2b: Pelipper\n|move|p1a: Kingambit|Kowtow Cleave|p2b: Pelipper\n|-crit|p2b: Pelipper\n|-enditem|p2b: Pelipper|Focus Sash\n|-damage|p2b: Pelipper|1/100\n|move|p1b: Tyranitar|Dragon Dance|p1b: Tyranitar\n|-boost|p1b: Tyranitar|atk|1\n|-boost|p1b: Tyranitar|spe|1\n|\n|-weather|RainDance|[upkeep]\n|upkeep\n|turn|5\n|\n|t:|1776527787\n|switch|p1b: Heliolisk|Heliolisk, L50, F|31/100\n|move|p1a: Kingambit|Protect|p1a: Kingambit\n|-singleturn|p1a: Kingambit|Protect\n|move|p2a: Drampa|Thunder|p1a: Kingambit\n|-activate|p1a: Kingambit|move: Protect\n|move|p2b: Pelipper|Weather Ball|p1b: Heliolisk\n|-damage|p1b: Heliolisk|0 fnt\n|faint|p1b: Heliolisk\n|\n|-weather|RainDance|[upkeep]\n|upkeep\n|\n|t:|1776527804\n|switch|p1b: Tyranitar|Tyranitar, L50, M|75/100\n|-weather|Sandstorm|[from] ability: Sand Stream|[of] p1b: Tyranitar\n|turn|6\n|\n|t:|1776527828\n|switch|p1a: Glimmora|Glimmora, L50, F|100/100\n|move|p2a: Drampa|Dragon Pulse|p1b: Tyranitar\n|-damage|p1b: Tyranitar|35/100\n|move|p2b: Pelipper|Hurricane|p1a: Glimmora|[miss]\n|-miss|p2b: Pelipper|p1a: Glimmora\n|move|p1b: Tyranitar|Rock Slide|p2b: Pelipper|[spread] \n|-miss|p1b: Tyranitar|p2a: Drampa\n|-miss|p1b: Tyranitar|p2b: Pelipper\n|\n|-weather|Sandstorm|[upkeep]\n|-damage|p2a: Drampa|60/100|[from] Sandstorm\n|-damage|p2b: Pelipper|0 fnt|[from] Sandstorm\n|faint|p2b: Pelipper\n|upkeep\n|\n|t:|1776527845\n|switch|p2b: Slowking|Slowking-Galar, L50, F|61/100\n|turn|7\n|\n|t:|1776527880\n|switch|p1b: Kingambit|Kingambit, L50, M|3/100\n|move|p1a: Glimmora|Spiky Shield|p1a: Glimmora\n|-singleturn|p1a: Glimmora|move: Protect\n|move|p2a: Drampa|Dragon Pulse|p1b: Kingambit\n|-resisted|p1b: Kingambit|1\n|-damage|p1b: Kingambit|0 fnt\n|faint|p1b: Kingambit\n|move|p2b: Slowking|Blizzard|p1a: Glimmora\n|-activate|p1a: Glimmora|move: Protect\n|\n|-weather|Sandstorm|[upkeep]\n|-damage|p2a: Drampa|54/100|[from] Sandstorm\n|-damage|p2b: Slowking|55/100|[from] Sandstorm\n|-fieldend|move: Trick Room\n|upkeep\n|\n|t:|1776527896\n|switch|p1b: Tyranitar|Tyranitar, L50, M|35/100\n|turn|8\n|\n|t:|1776527922\n|detailschange|p1a: Glimmora|Glimmora-Mega, L50, F\n|-mega|p1a: Glimmora|Glimmora|Glimmoranite\n|move|p1a: Glimmora|Power Gem|p2b: Slowking\n|-damage|p2b: Slowking|5/100\n|move|p1b: Tyranitar|Dragon Dance|p1b: Tyranitar\n|-boost|p1b: Tyranitar|atk|1\n|-boost|p1b: Tyranitar|spe|1\n|move|p2a: Drampa|Dragon Pulse|p1b: Tyranitar\n|-damage|p1b: Tyranitar|0 fnt\n|faint|p1b: Tyranitar\n|move|p2b: Slowking|Trick Room|p2b: Slowking\n|-fieldstart|move: Trick Room|[of] p2b: Slowking\n|\n|-weather|Sandstorm|[upkeep]\n|-damage|p2a: Drampa|48/100|[from] Sandstorm\n|-damage|p2b: Slowking|0 fnt|[from] Sandstorm\n|faint|p2b: Slowking\n|upkeep\n|\n|t:|1776527938\n|switch|p2b: Sylveon|Sylveon, L50, F|100/100\n|turn|9\n|-activate|p2b: Sylveon|item: Quick Claw\n|\n|t:|1776527958\n|move|p2b: Sylveon|Mystical Fire|p1a: Glimmora\n|-resisted|p1a: Glimmora|1\n|-damage|p1a: Glimmora|91/100\n|-unboost|p1a: Glimmora|spa|1\n|move|p2a: Drampa|Dragon Pulse|p1a: Glimmora\n|-damage|p1a: Glimmora|49/100\n|move|p1a: Glimmora|Sludge Wave|p2a: Drampa|[spread] p2a,p2b\n|-supereffective|p2b: Sylveon|1\n|-damage|p2a: Drampa|17/100\n|-damage|p2b: Sylveon|51/100\n|\n|-weather|Sandstorm|[upkeep]\n|-damage|p2a: Drampa|11/100|[from] Sandstorm\n|-damage|p2b: Sylveon|45/100|[from] Sandstorm\n|upkeep\n|turn|10\n|\n|t:|1776527979\n|move|p1a: Glimmora|Spiky Shield|p1a: Glimmora\n|-singleturn|p1a: Glimmora|move: Protect\n|move|p2a: Drampa|Dragon Pulse|p1a: Glimmora\n|-activate|p1a: Glimmora|move: Protect\n|move|p2b: Sylveon|Mystical Fire|p1a: Glimmora\n|-activate|p1a: Glimmora|move: Protect\n|\n|-weather|none\n|upkeep\n|turn|11\n|\n|t:|1776528015\n|move|p2a: Drampa|Dragon Pulse|p1a: Glimmora\n|-damage|p1a: Glimmora|0 fnt\n|faint|p1a: Glimmora\n|\n|win|Gahandi\n|raw|aggrivas's rating: 1062 &rarr; <strong>1045</strong><br />(-17 for losing)\n|raw|Gahandi's rating: 1108 &rarr; <strong>1130</strong><br />(+22 for winning)\n",
  "uploadtime": 1776528022,
  "views": 27,
  "formatid": "gen9championsvgc2026regma",
  "rating": 1045,
  "private": 0,
  "password": null
}