{
  "id": "gen9championsvgc2026regma-2580482956",
  "format": "[Gen 9 Champions] VGC 2026 Reg M-A",
  "players": [
    "I said NO FURRY",
    "star\u262ddweller"
  ],
  "log": "|j|\u2606I said NO FURRY\n|j|\u2606star\u262ddweller\n|html|<table width=\"100%\"><tr><td align=\"left\">I said NO FURRY</td><td align=\"right\">star\u262ddweller</tr><tr><td align=\"left\"><i class=\"fa fa-circle-o\"></i> <i class=\"fa fa-circle-o\"></i> </td><td align=\"right\"><i class=\"fa fa-circle-o\"></i> <i class=\"fa fa-circle-o\"></i> </tr></table>\n|uhtml|bestof|<h2><strong>Game 1</strong> of <a href=\"/game-bestof3-gen9championsvgc2026regma-2580482955\">a best-of-3</a></h2>\n|t:|1775903137\n|gametype|doubles\n|player|p1|I said NO FURRY|169|\n|player|p2|star\u262ddweller|az|\n|gen|9\n|tier|[Gen 9 Champions] VGC 2026 Reg M-A\n|rated|Tournament battle\n|rule|Species Clause: Limit one of each Pok\u00e9mon\n|rule|Item Clause: Limit 1 of each item\n|raw|<div class=\"infobox\"><details class=\"readmore\" open><summary><strong>2 custom rules:</strong></summary> best of=3, force open team sheets</details></div>\n|clearpoke\n|poke|p1|Delphox, L50, F|\n|poke|p1|Whimsicott, L50, M|\n|poke|p1|Raichu, L50, M|\n|poke|p1|Palafin, L50, M|\n|poke|p1|Krookodile, L50, M|\n|poke|p1|Sylveon, L50, M|\n|poke|p2|Glimmora, L50, F|\n|poke|p2|Ninetales-Alola, L50, F|\n|poke|p2|Incineroar, L50, M|\n|poke|p2|Sinistcha, L50|\n|poke|p2|Volcarona, L50, F|\n|poke|p2|Basculegion, L50, M|\n|teampreview|4\n|showteam|p1|Delphox||Delphoxite|Blaze|Psychic,HeatWave,DazzlingGleam,Protect|||F|||50|]Whimsicott||FocusSash|Prankster|EnergyBall,Tailwind,Taunt,SunnyDay|||M|||50|]Raichu||KingsRock|LightningRod|VoltSwitch,Nuzzle,FakeOut,Electroweb|||M|||50|]Palafin||Leftovers|ZerotoHero|JetPunch,WaveCrash,CloseCombat,Protect|||M|||50|]Krookodile||SitrusBerry|Intimidate|StompingTantrum,KnockOff,HelpingHand,Protect|||M|||50|]Sylveon||FairyFeather|Pixilate|HyperVoice,Moonblast,CalmMind,Protect|||M|||50|\n|showteam|p2|Glimmora||Glimmoranite|ToxicDebris|SludgeBomb,PowerGem,EarthPower,SpikyShield|||F|||50|]Ninetales-Alola||FocusSash|SnowWarning|Blizzard,IcyWind,AuroraVeil,Protect|||F|||50|]Incineroar||ChopleBerry|Intimidate|FakeOut,ThroatChop,PartingShot,FlareBlitz|||M|||50|]Sinistcha||KasibBerry|Hospitality|MatchaGotcha,ShadowBall,Protect,RagePowder||||||50|]Volcarona||Leftovers|FlameBody|HeatWave,BugBuzz,Protect,QuiverDance|||F|||50|]Basculegion||ChoiceScarf|Adaptability|WaveCrash,AquaJet,FlipTurn,LastRespects|||M|||50|\n|j| TheNewBrends11@!\n|inactive|Battle timer is ON: inactive players will automatically lose when time's up. (requested by I said NO FURRY)\n|\n|t:|1775903223\n|teamsize|p1|4\n|teamsize|p2|4\n|start\n|switch|p1a: Whimsicott|Whimsicott, L50, M|100/100\n|switch|p1b: Palafin|Palafin, L50, M|100/100\n|switch|p2a: Glimmora|Glimmora, L50, F|100/100\n|switch|p2b: Incineroar|Incineroar, L50, M|100/100\n|-ability|p2b: Incineroar|Intimidate|boost\n|-unboost|p1a: Whimsicott|atk|1\n|-unboost|p1b: Palafin|atk|1\n|turn|1\n|inactive|I said NO FURRY has 30 seconds left.\n|inactive|I said NO FURRY has 20 seconds left.\n|\n|t:|1775903262\n|switch|p1a: Krookodile|Krookodile, L50, M|100/100\n|-ability|p1a: Krookodile|Intimidate|boost\n|-unboost|p2a: Glimmora|atk|1\n|-unboost|p2b: Incineroar|atk|1\n|detailschange|p2a: Glimmora|Glimmora-Mega, L50, F\n|-mega|p2a: Glimmora|Glimmora|Glimmoranite\n|move|p2b: Incineroar|Fake Out|p1a: Krookodile\n|-damage|p1a: Krookodile|93/100\n|move|p2a: Glimmora|Sludge Bomb|p1a: Krookodile\n|-resisted|p1a: Krookodile|1\n|-damage|p1a: Krookodile|55/100\n|move|p1b: Palafin|Wave Crash|p2a: Glimmora\n|-supereffective|p2a: Glimmora|1\n|-damage|p2a: Glimmora|31/100\n|-damage|p1b: Palafin|82/100|[from] Recoil\n|\n|-heal|p1b: Palafin|88/100|[from] item: Leftovers\n|upkeep\n|turn|2\n|inactive|star\u262ddweller has 30 seconds left.\n|inactive|I said NO FURRY has 30 seconds left.\n|inactive|star\u262ddweller has 20 seconds left.\n|\n|t:|1775903299\n|move|p2a: Glimmora|Spiky Shield|p2a: Glimmora\n|-singleturn|p2a: Glimmora|move: Protect\n|move|p1b: Palafin|Jet Punch|p2a: Glimmora\n|-activate|p2a: Glimmora|move: Protect\n|-damage|p1b: Palafin|75/100|[from] Spiky Shield|[of] p2a: Glimmora\n|move|p1a: Krookodile|Stomping Tantrum|p2b: Incineroar\n|-supereffective|p2b: Incineroar|1\n|-damage|p2b: Incineroar|31/100\n|move|p2b: Incineroar|Parting Shot|p1a: Krookodile\n|-unboost|p1a: Krookodile|atk|1\n|-unboost|p1a: Krookodile|spa|1\n|\n|t:|1775903310\n|switch|p2b: Sinistcha|Sinistcha, L50|100/100|[from] Parting Shot\n|-heal|p2a: Glimmora|56/100|[from] ability: Hospitality|[of] p2b: Sinistcha\n|\n|-heal|p1b: Palafin|82/100|[from] item: Leftovers\n|upkeep\n|turn|3\n|j| pr.iyanshu768500\n|l| pr.iyanshu768500\n|inactive|star\u262ddweller has 30 seconds left.\n|inactive|star\u262ddweller has 20 seconds left.\n|\n|t:|1775903347\n|switch|p2a: Incineroar|Incineroar, L50, M|31/100\n|-ability|p2a: Incineroar|Intimidate|boost\n|-unboost|p1a: Krookodile|atk|1\n|-unboost|p1b: Palafin|atk|1\n|detailschange|p1b: Palafin|Palafin-Hero, L50, M\n|switch|p1b: Whimsicott|Whimsicott, L50, M|100/100\n|move|p1a: Krookodile|Knock Off|p2b: Sinistcha\n|-supereffective|p2b: Sinistcha|1\n|-damage|p2b: Sinistcha|63/100\n|-enditem|p2b: Sinistcha|Kasib Berry|[from] move: Knock Off|[of] p1a: Krookodile\n|move|p2b: Sinistcha|Matcha Gotcha|p1b: Whimsicott|[spread] p1a,p1b\n|-supereffective|p1a: Krookodile|1\n|-resisted|p1b: Whimsicott|1\n|-damage|p1a: Krookodile|5/100\n|-heal|p2b: Sinistcha|92/100|[from] drain|[of] p1a: Krookodile\n|-damage|p1b: Whimsicott|82/100\n|-heal|p2b: Sinistcha|99/100|[from] drain|[of] p1b: Whimsicott\n|-status|p1b: Whimsicott|brn\n|-enditem|p1a: Krookodile|Sitrus Berry|[eat]\n|-heal|p1a: Krookodile|30/100|[from] item: Sitrus Berry\n|\n|-damage|p1b: Whimsicott|76/100 brn|[from] brn\n|upkeep\n|turn|4\n|inactive|star\u262ddweller has 30 seconds left.\n|\n|t:|1775903377\n|move|p1b: Whimsicott|Tailwind|p1b: Whimsicott\n|-sidestart|p1: I said NO FURRY|move: Tailwind\n|move|p1a: Krookodile|Stomping Tantrum|p2a: Incineroar\n|-supereffective|p2a: Incineroar|1\n|-damage|p2a: Incineroar|0 fnt\n|faint|p2a: Incineroar\n|move|p2b: Sinistcha|Matcha Gotcha|p1b: Whimsicott|[spread] p1a,p1b\n|-supereffective|p1a: Krookodile|1\n|-resisted|p1b: Whimsicott|1\n|-damage|p1a: Krookodile|0 fnt\n|-heal|p2b: Sinistcha|100/100|[from] drain|[of] p1a: Krookodile\n|-damage|p1b: Whimsicott|57/100 brn\n|faint|p1a: Krookodile\n|\n|-damage|p1b: Whimsicott|52/100 brn|[from] brn\n|upkeep\n|j| benniOVYalt\n|j| Pandapop_VT\n|\n|t:|1775903391\n|switch|p1a: Delphox|Delphox, L50, F|100/100\n|switch|p2a: Volcarona|Volcarona, L50, F|100/100\n|turn|5\n|\n|t:|1775903415\n|switch|p2b: Glimmora|Glimmora-Mega, L50, F|56/100\n|detailschange|p1a: Delphox|Delphox-Mega, L50, F\n|-mega|p1a: Delphox|Delphox|Delphoxite\n|move|p1b: Whimsicott|Taunt|p2a: Volcarona\n|-start|p2a: Volcarona|move: Taunt\n|move|p1a: Delphox|Heat Wave|p2b: Glimmora|[spread] p2a,p2b\n|-resisted|p2b: Glimmora|1\n|-damage|p2a: Volcarona|58/100\n|-damage|p2b: Glimmora|31/100\n|cant|p2a: Volcarona|move: Taunt|Quiver Dance\n|\n|-heal|p2a: Volcarona|64/100|[from] item: Leftovers\n|-damage|p1b: Whimsicott|46/100 brn|[from] brn\n|upkeep\n|turn|6\n|l| benniOVYalt\n|c|\u2606star\u262ddweller|man\n|inactive|star\u262ddweller has 30 seconds left.\n|c|\u2606I said NO FURRY|?\n|\n|t:|1775903444\n|move|p1b: Whimsicott|Energy Ball|p2b: Glimmora\n|-damage|p2b: Glimmora|0 fnt\n|faint|p2b: Glimmora\n|move|p1a: Delphox|Heat Wave|p2a: Volcarona\n|-damage|p2a: Volcarona|6/100\n|move|p2a: Volcarona|Bug Buzz|p1a: Delphox\n|-damage|p1a: Delphox|58/100\n|\n|-heal|p2a: Volcarona|12/100|[from] item: Leftovers\n|-damage|p1b: Whimsicott|40/100 brn|[from] brn\n|upkeep\n|c|\u2606star\u262ddweller|i thought you'd sunny day\n|c|\u2606star\u262ddweller|forgot about taunt\n|-message|star\u262ddweller forfeited.\n|\n|win|I said NO FURRY\n|l|\u2606star\u262ddweller\n|player|p2|\n|c|\u2606I said NO FURRY|ohh\n||star\u262ddweller is ready for game 2.\n|j| you'reseafood\n||I said NO FURRY is ready for game 2.\n|uhtml|next|Next: <a href=\"/battle-gen9championsvgc2026regma-2580485324\"><strong>Game 2 of 3</strong></a>\n",
  "uploadtime": 1775903537,
  "views": 13,
  "formatid": "gen9championsvgc2026regma",
  "rating": null,
  "private": 0,
  "password": null
}