{
  "id": "gen9championsvgc2026regma-2587278583",
  "format": "[Gen 9 Champions] VGC 2026 Reg M-A",
  "players": [
    "gallantgallade475",
    "Soryumaide"
  ],
  "log": "|j|\u2606gallantgallade475\n|j|\u2606Soryumaide\n|t:|1776517622\n|gametype|doubles\n|player|p1|gallantgallade475|nate|\n|player|p2|Soryumaide|266|\n|gen|9\n|tier|[Gen 9 Champions] VGC 2026 Reg M-A\n|rule|Species Clause: Limit one of each Pok\u00e9mon\n|rule|Item Clause: Limit 1 of each item\n|clearpoke\n|poke|p1|Hawlucha, L50, F|\n|poke|p1|Hatterene, L50, F|\n|poke|p1|Rhyperior, L50, F|\n|poke|p1|Goodra-Hisui, L50, F|\n|poke|p1|Mr. Rime, L50, F|\n|poke|p1|Kingambit, L50, M|\n|poke|p2|Meowstic-F, L50, F|\n|poke|p2|Sableye, L50, F|\n|poke|p2|Milotic, L50, F|\n|poke|p2|Meowscarada, L50, M|\n|poke|p2|Slowbro, L50, M|\n|poke|p2|Ditto, L50|\n|teampreview|4\n|\n|t:|1776517633\n|teamsize|p1|4\n|teamsize|p2|4\n|start\n|switch|p1a: Hawlucha|Hawlucha, L50, F|100/100\n|switch|p1b: Mr. Rime|Mr. Rime, L50, F|100/100\n|switch|p2a: Meowstic|Meowstic-F, L50, F|100/100\n|switch|p2b: Sableye|Sableye, L50, F|100/100\n|turn|1\n|\n|t:|1776517655\n|detailschange|p1a: Hawlucha|Hawlucha-Mega, L50, F\n|-mega|p1a: Hawlucha|Hawlucha|Hawluchanite\n|detailschange|p2a: Meowstic|Meowstic-F-Mega, L50, F\n|-mega|p2a: Meowstic|Meowstic|Meowsticite\n|-ability|p2a: Meowstic|Tangled Feet|Trace|[from] ability: Trace|[of] p1b: Mr. Rime\n|move|p2b: Sableye|Reflect|p2b: Sableye\n|-sidestart|p2: Soryumaide|Reflect\n|move|p2a: Meowstic|Alluring Voice|p1a: Hawlucha\n|-supereffective|p1a: Hawlucha|1\n|-damage|p1a: Hawlucha|27/100\n|move|p1a: Hawlucha|Entrainment|p1b: Mr. Rime\n|-ability|p1b: Mr. Rime|No Guard|Tangled Feet|[from] move: Entrainment|[of] p1a: Hawlucha\n|move|p1b: Mr. Rime|Trick Room|p1b: Mr. Rime\n|-fieldstart|move: Trick Room|[of] p1b: Mr. Rime\n|\n|upkeep\n|turn|2\n|\n|t:|1776517686\n|switch|p1a: Kingambit|Kingambit, L50, M|100/100\n|move|p2b: Sableye|Taunt|p1b: Mr. Rime\n|-start|p1b: Mr. Rime|move: Taunt\n|move|p1b: Mr. Rime|Sheer Cold|p2b: Sableye\n|-damage|p2b: Sableye|0 fnt\n|faint|p2b: Sableye\n|-ohko\n|move|p2a: Meowstic|Alluring Voice|p1a: Kingambit\n|-crit|p1a: Kingambit\n|-damage|p1a: Kingambit|53/100\n|\n|upkeep\n|\n|t:|1776517701\n|switch|p2b: Ditto|Ditto, L50|100/100\n|-transform|p2b: Ditto|p1a: Kingambit|[from] ability: Imposter\n|turn|3\n|\n|t:|1776517729\n|switch|p2a: Slowbro|Slowbro, L50, M|100/100\n|move|p1a: Kingambit|Kowtow Cleave|p2a: Slowbro\n|-supereffective|p2a: Slowbro|1\n|-damage|p2a: Slowbro|65/100\n|move|p1b: Mr. Rime|Sheer Cold|p2b: Ditto\n|-damage|p2b: Ditto|0 fnt\n|faint|p2b: Ditto\n|-ohko\n|\n|upkeep\n|\n|t:|1776517741\n|switch|p2b: Meowstic|Meowstic-F-Mega, L50, F|100/100\n|-ability|p2b: Meowstic|No Guard|Trace|[from] ability: Trace|[of] p1b: Mr. Rime\n|turn|4\n|\n|t:|1776517757\n|move|p2a: Slowbro|Helping Hand|p2b: Meowstic\n|-singleturn|p2b: Meowstic|Helping Hand|[of] p2a: Slowbro\n|move|p1a: Kingambit|Kowtow Cleave|p2b: Meowstic\n|-supereffective|p2b: Meowstic|1\n|-damage|p2b: Meowstic|17/100\n|move|p1b: Mr. Rime|Sheer Cold|p2a: Slowbro\n|-damage|p2a: Slowbro|0 fnt\n|faint|p2a: Slowbro\n|-ohko\n|move|p2b: Meowstic|Alluring Voice|p1b: Mr. Rime\n|-damage|p1b: Mr. Rime|56/100\n|\n|-end|p1b: Mr. Rime|move: Taunt\n|upkeep\n|turn|5\n|\n|t:|1776517774\n|switch|p1a: Hawlucha|Hawlucha-Mega, L50, F|27/100\n|move|p1b: Mr. Rime|Sheer Cold|p2b: Meowstic\n|-damage|p2b: Meowstic|0 fnt\n|faint|p2b: Meowstic\n|-ohko\n|\n|win|gallantgallade475\n|l|\u2606Soryumaide\n|player|p2|\n",
  "uploadtime": 1776517779,
  "views": 11,
  "formatid": "gen9championsvgc2026regma",
  "rating": null,
  "private": 0,
  "password": null
}