{
  "id": "gen9championsvgc2026regma-2582159953",
  "format": "[Gen 9 Champions] VGC 2026 Reg M-A",
  "players": [
    "Man_playingpokem",
    "Mask4M"
  ],
  "log": "|j|\u2606Man_playingpokem\n|j|\u2606Mask4M\n|t:|1776065667\n|gametype|doubles\n|player|p1|Man_playingpokem|265|1015\n|player|p2|Mask4M|1|1087\n|gen|9\n|tier|[Gen 9 Champions] VGC 2026 Reg M-A\n|rated|\n|rule|Species Clause: Limit one of each Pok\u00e9mon\n|rule|Item Clause: Limit 1 of each item\n|clearpoke\n|poke|p1|Lucario, L50, M|\n|poke|p1|Liepard, L50, M|\n|poke|p1|Whimsicott, L50, F|\n|poke|p1|Volcarona, L50, M|\n|poke|p1|Garchomp, L50, M|\n|poke|p2|Glimmora, L50, M|\n|poke|p2|Froslass, L50, F|\n|poke|p2|Sneasler, L50, F|\n|poke|p2|Incineroar, L50, M|\n|poke|p2|Whimsicott, L50, M|\n|poke|p2|Gyarados, L50, F|\n|teampreview|4\n|inactive|Battle timer is ON: inactive players will automatically lose when time's up. (requested by Mask4M)\n|inactive|Mask4M has 60 seconds left.\n|inactive|Mask4M has 30 seconds left.\n|\n|t:|1776065729\n|teamsize|p1|4\n|teamsize|p2|4\n|start\n|switch|p1a: Liepard|Liepard, L50, M|100/100\n|switch|p1b: Lucario|Lucario, L50, M|100/100\n|switch|p2a: Gyarados|Gyarados, L50, F|100/100\n|switch|p2b: Whimsicott|Whimsicott, L50, M|100/100\n|-ability|p2a: Gyarados|Intimidate|boost\n|-unboost|p1a: Liepard|atk|1\n|-fail|p1b: Lucario|unboost|Attack|[from] ability: Inner Focus|[of] p1b: Lucario\n|turn|1\n|inactive|Mask4M has 30 seconds left.\n|\n|t:|1776065757\n|detailschange|p1b: Lucario|Lucario-Mega, L50, M\n|-mega|p1b: Lucario|Lucario|Lucarionite\n|move|p1a: Liepard|Fake Out|p2a: Gyarados\n|-damage|p2a: Gyarados|95/100\n|move|p1b: Lucario|Meteor Mash|p2b: Whimsicott\n|-supereffective|p2b: Whimsicott|1\n|-enditem|p2b: Whimsicott|Focus Sash\n|-damage|p2b: Whimsicott|1/100\n|-boost|p1b: Lucario|atk|1\n|move|p2b: Whimsicott|Moonblast|p1a: Liepard\n|-supereffective|p1a: Liepard|1\n|-enditem|p1a: Liepard|Focus Sash\n|-damage|p1a: Liepard|1/100\n|-unboost|p1a: Liepard|spa|1\n|cant|p2a: Gyarados|flinch\n|\n|-heal|p2a: Gyarados|100/100|[from] item: Leftovers\n|upkeep\n|turn|2\n|inactive|Man_playingpokem has 30 seconds left.\n|inactive|Mask4M has 30 seconds left.\n|inactive|Man_playingpokem has 20 seconds left.\n|inactive|Man_playingpokem has 15 seconds left.\n|inactive|Man_playingpokem has 10 seconds left.\n|\n|t:|1776065804\n|switch|p1a: Whimsicott|Whimsicott, L50, F|100/100\n|switch|p2a: Incineroar|Incineroar, L50, M|100/100\n|-ability|p2a: Incineroar|Intimidate|boost\n|-unboost|p1a: Whimsicott|atk|1\n|-unboost|p1b: Lucario|atk|1\n|move|p1b: Lucario|Bullet Punch|p2b: Whimsicott\n|-supereffective|p2b: Whimsicott|1\n|-damage|p2b: Whimsicott|0 fnt\n|faint|p2b: Whimsicott\n|\n|upkeep\n|\n|t:|1776065818\n|switch|p2b: Gyarados|Gyarados, L50, F|100/100\n|-ability|p2b: Gyarados|Intimidate|boost\n|-unboost|p1a: Whimsicott|atk|1\n|-unboost|p1b: Lucario|atk|1\n|turn|3\n|\n|t:|1776065834\n|switch|p1b: Volcarona|Volcarona, L50, M|100/100\n|move|p1a: Whimsicott|Protect|p1a: Whimsicott\n|-singleturn|p1a: Whimsicott|Protect\n|move|p2a: Incineroar|Fake Out|p1a: Whimsicott\n|-activate|p1a: Whimsicott|move: Protect\n|move|p2b: Gyarados|Taunt|p1a: Whimsicott\n|-activate|p1a: Whimsicott|move: Protect\n|\n|upkeep\n|turn|4\n|inactive|Man_playingpokem has 30 seconds left.\n|\n|t:|1776065865\n|move|p1a: Whimsicott|Tailwind|p1a: Whimsicott\n|-sidestart|p1: Man_playingpokem|move: Tailwind\n|move|p1b: Volcarona|Bug Buzz|p2a: Incineroar\n|-damage|p2a: Incineroar|64/100\n|move|p2b: Gyarados|Taunt|p1b: Volcarona\n|-start|p1b: Volcarona|move: Taunt\n|move|p2a: Incineroar|Flare Blitz|p1a: Whimsicott\n|-supereffective|p1a: Whimsicott|1\n|-damage|p1a: Whimsicott|0 fnt\n|faint|p1a: Whimsicott\n|-damage|p2a: Incineroar|37/100|[from] Recoil\n|-enditem|p2a: Incineroar|Sitrus Berry|[eat]\n|-heal|p2a: Incineroar|62/100|[from] item: Sitrus Berry\n|\n|upkeep\n|inactive|Man_playingpokem has 30 seconds left.\n|inactive|Man_playingpokem has 20 seconds left.\n|\n|t:|1776065902\n|switch|p1a: Liepard|Liepard, L50, M|1/100\n|turn|5\n|inactive|Mask4M has 30 seconds left.\n|\n|t:|1776065928\n|switch|p2a: Glimmora|Glimmora, L50, M|100/100\n|move|p1a: Liepard|Fake Out|p2b: Gyarados\n|-damage|p2b: Gyarados|92/100\n|move|p1b: Volcarona|Bug Buzz|p2a: Glimmora\n|-resisted|p2a: Glimmora|1\n|-damage|p2a: Glimmora|75/100\n|cant|p2b: Gyarados|flinch\n|\n|-heal|p2b: Gyarados|98/100|[from] item: Leftovers\n|upkeep\n|turn|6\n|inactive|Man_playingpokem has 30 seconds left.\n|\n|t:|1776065957\n|detailschange|p2a: Glimmora|Glimmora-Mega, L50, M\n|-mega|p2a: Glimmora|Glimmora|Glimmoranite\n|move|p2b: Gyarados|Helping Hand|p2a: Glimmora\n|-singleturn|p2a: Glimmora|Helping Hand|[of] p2b: Gyarados\n|move|p1a: Liepard|Taunt|p2b: Gyarados\n|-start|p2b: Gyarados|move: Taunt\n|move|p1b: Volcarona|Bug Buzz|p2a: Glimmora\n|-resisted|p2a: Glimmora|1\n|-damage|p2a: Glimmora|50/100\n|-unboost|p2a: Glimmora|spd|1\n|move|p2a: Glimmora|Earth Power|p1b: Volcarona\n|-damage|p1b: Volcarona|58/100\n|\n|-heal|p1b: Volcarona|64/100|[from] item: Leftovers\n|-heal|p2b: Gyarados|100/100|[from] item: Leftovers\n|upkeep\n|turn|7\n|inactive|Man_playingpokem has 30 seconds left.\n|\n|t:|1776065984\n|move|p2a: Glimmora|Spiky Shield|p2a: Glimmora\n|-singleturn|p2a: Glimmora|move: Protect\n|move|p1a: Liepard|Encore|p2b: Gyarados\n|-start|p2b: Gyarados|Encore\n|cant|p2b: Gyarados|move: Taunt|Helping Hand\n|move|p1b: Volcarona|Bug Buzz|p2a: Glimmora\n|-activate|p2a: Glimmora|move: Protect\n|\n|-heal|p1b: Volcarona|69/100|[from] item: Leftovers\n|-end|p1b: Volcarona|move: Taunt\n|-sideend|p1: Man_playingpokem|move: Tailwind\n|upkeep\n|turn|8\n|\n|t:|1776066003\n|switch|p2b: Incineroar|Incineroar, L50, M|62/100\n|-ability|p2b: Incineroar|Intimidate|boost\n|-unboost|p1a: Liepard|atk|1\n|-unboost|p1b: Volcarona|atk|1\n|move|p1a: Liepard|Encore|p2a: Glimmora\n|-start|p2a: Glimmora|Encore\n|move|p2a: Glimmora|Spiky Shield|p2a: Glimmora\n|-singleturn|p2a: Glimmora|move: Protect\n|move|p1b: Volcarona|Quiver Dance|p1b: Volcarona\n|-boost|p1b: Volcarona|spa|1\n|-boost|p1b: Volcarona|spd|1\n|-boost|p1b: Volcarona|spe|1\n|\n|-heal|p1b: Volcarona|75/100|[from] item: Leftovers\n|upkeep\n|turn|9\n|inactive|Man_playingpokem has 30 seconds left.\n|inactive|Man_playingpokem has 20 seconds left.\n|\n|t:|1776066039\n|switch|p2a: Gyarados|Gyarados, L50, F|100/100\n|-ability|p2a: Gyarados|Intimidate|boost\n|-unboost|p1a: Liepard|atk|1\n|-unboost|p1b: Volcarona|atk|1\n|move|p2b: Incineroar|Fake Out|p1a: Liepard\n|-damage|p1a: Liepard|0 fnt\n|faint|p1a: Liepard\n|move|p1b: Volcarona|Bug Buzz|p2a: Gyarados\n|-resisted|p2a: Gyarados|1\n|-damage|p2a: Gyarados|80/100\n|-unboost|p2a: Gyarados|spd|1\n|\n|-heal|p1b: Volcarona|81/100|[from] item: Leftovers\n|-heal|p2a: Gyarados|86/100|[from] item: Leftovers\n|upkeep\n|\n|t:|1776066052\n|switch|p1a: Lucario|Lucario-Mega, L50, M|100/100\n|turn|10\n|inactive|Man_playingpokem has 30 seconds left.\n|\n|t:|1776066081\n|move|p1b: Volcarona|Bug Buzz|p2a: Gyarados\n|-resisted|p2a: Gyarados|1\n|-damage|p2a: Gyarados|56/100\n|move|p1a: Lucario|Close Combat|p2b: Incineroar\n|-supereffective|p2b: Incineroar|1\n|-damage|p2b: Incineroar|0 fnt\n|-unboost|p1a: Lucario|def|1\n|-unboost|p1a: Lucario|spd|1\n|faint|p2b: Incineroar\n|move|p2a: Gyarados|Waterfall|p1b: Volcarona\n|-supereffective|p1b: Volcarona|1\n|-damage|p1b: Volcarona|5/100\n|\n|-heal|p1b: Volcarona|11/100|[from] item: Leftovers\n|-heal|p2a: Gyarados|62/100|[from] item: Leftovers\n|upkeep\n|\n|t:|1776066096\n|switch|p2b: Glimmora|Glimmora-Mega, L50, M|50/100\n|turn|11\n|\n|t:|1776066116\n|move|p2b: Glimmora|Spiky Shield|p2b: Glimmora\n|-singleturn|p2b: Glimmora|move: Protect\n|move|p1b: Volcarona|Bug Buzz|p2a: Gyarados\n|-resisted|p2a: Gyarados|1\n|-damage|p2a: Gyarados|29/100\n|move|p1a: Lucario|Meteor Mash|p2b: Glimmora\n|-activate|p2b: Glimmora|move: Protect\n|-damage|p1a: Lucario|88/100|[from] Spiky Shield|[of] p2b: Glimmora\n|move|p2a: Gyarados|Waterfall|p1b: Volcarona\n|-supereffective|p1b: Volcarona|1\n|-damage|p1b: Volcarona|0 fnt\n|faint|p1b: Volcarona\n|\n|-heal|p2a: Gyarados|35/100|[from] item: Leftovers\n|upkeep\n|turn|12\n|inactive|Man_playingpokem has 30 seconds left.\n|inactive|Mask4M has 30 seconds left.\n|\n|t:|1776066150\n|move|p1a: Lucario|Meteor Mash|p2a: Gyarados|[miss]\n|-miss|p1a: Lucario|p2a: Gyarados\n|move|p2b: Glimmora|Earth Power|p1a: Lucario\n|-supereffective|p1a: Lucario|1\n|-damage|p1a: Lucario|0 fnt\n|faint|p1a: Lucario\n|\n|win|Mask4M\n|raw|Man_playingpokem's rating: 1015 &rarr; <strong>1005</strong><br />(-10 for losing)\n|raw|Mask4M's rating: 1087 &rarr; <strong>1108</strong><br />(+21 for winning)\n|l|\u2606Man_playingpokem\n|player|p1|\n",
  "uploadtime": 1776066165,
  "views": 12,
  "formatid": "gen9championsvgc2026regma",
  "rating": 1005,
  "private": 0,
  "password": null
}