{
  "id": "gen9championsvgc2026regma-2588154184",
  "format": "[Gen 9 Champions] VGC 2026 Reg M-A",
  "players": [
    "Cocomingol",
    "magato123"
  ],
  "log": "|j|\u2606Cocomingol\n|j|\u2606magato123\n|t:|1776609699\n|gametype|doubles\n|player|p1|Cocomingol|102|1064\n|player|p2|magato123|turo-ai|1023\n|gen|9\n|tier|[Gen 9 Champions] VGC 2026 Reg M-A\n|rated|\n|rule|Species Clause: Limit one of each Pok\u00e9mon\n|rule|Item Clause: Limit 1 of each item\n|clearpoke\n|poke|p1|Abomasnow, L50, M|\n|poke|p1|Mr. Rime, L50, M|\n|poke|p1|Incineroar, L50, M|\n|poke|p1|Aegislash, L50, F|\n|poke|p1|Oranguru, L50, M|\n|poke|p1|Simipour, L50, F|\n|poke|p2|Gengar, L50, M|\n|poke|p2|Garchomp, L50, M|\n|poke|p2|Basculegion, L50, M|\n|poke|p2|Clefable, L50, M|\n|poke|p2|Sneasler, L50, M|\n|poke|p2|Sableye, L50, M|\n|teampreview|4\n|inactive|Battle timer is ON: inactive players will automatically lose when time's up. (requested by magato123)\nmagato123 rejected open team sheets.\n|j| SADATO69\n|\n|t:|1776609730\n|teamsize|p1|4\n|teamsize|p2|4\n|start\n|switch|p1a: Abomasnow|Abomasnow, L50, M|100/100\n|switch|p1b: Oranguru|Oranguru, L50, M|100/100\n|switch|p2a: Clefable|Clefable, L50, M|100/100\n|switch|p2b: Sneasler|Sneasler, L50, M|100/100\n|turn|1\n|inactive|Cocomingol has 30 seconds left.\n|\n|t:|1776609765\n|detailschange|p1a: Abomasnow|Abomasnow-Mega, L50, M\n|-mega|p1a: Abomasnow|Abomasnow|Abomasite\n|-weather|Snowscape|[from] ability: Snow Warning|[of] p1a: Abomasnow\n|move|p2b: Sneasler|Close Combat|p1a: Abomasnow\n|-supereffective|p1a: Abomasnow|1\n|-damage|p1a: Abomasnow|40/100\n|-unboost|p2b: Sneasler|def|1\n|-unboost|p2b: Sneasler|spd|1\n|move|p2a: Clefable|Reflect|p2a: Clefable\n|-sidestart|p2: magato123|Reflect\n|move|p1b: Oranguru|Psychic|p2b: Sneasler\n|-supereffective|p2b: Sneasler|2\n|-enditem|p2b: Sneasler|Focus Sash\n|-damage|p2b: Sneasler|1/100\n|move|p1a: Abomasnow|Blizzard|p2b: Sneasler|[spread] p2a,p2b\n|-damage|p2a: Clefable|73/100\n|-damage|p2b: Sneasler|0 fnt\n|-status|p2a: Clefable|frz\n|faint|p2b: Sneasler\n|\n|-weather|Snowscape|[upkeep]\n|-heal|p2a: Clefable|79/100 frz|[from] item: Leftovers\n|upkeep\n|\n|t:|1776609765\n|switch|p2b: Basculegion|Basculegion, L50, M|100/100\n|turn|2\n|\n|t:|1776609789\n|move|p1a: Abomasnow|Protect|p1a: Abomasnow\n|-singleturn|p1a: Abomasnow|Protect\n|cant|p2a: Clefable|frz\n|move|p2b: Basculegion|Last Respects|p1a: Abomasnow\n|-activate|p1a: Abomasnow|move: Protect\n|move|p1b: Oranguru|Trick Room|p1b: Oranguru\n|-fieldstart|move: Trick Room|[of] p1b: Oranguru\n|\n|-weather|Snowscape|[upkeep]\n|-heal|p2a: Clefable|85/100 frz|[from] item: Leftovers\n|upkeep\n|turn|3\n|inactive|Cocomingol has 30 seconds left.\n|inactive|Cocomingol has 20 seconds left.\n|inactive|Cocomingol has 15 seconds left.\n|inactive|Cocomingol has 10 seconds left.\n|\n|t:|1776609836\n|move|p1a: Abomasnow|Giga Drain|p2b: Basculegion\n|-supereffective|p2b: Basculegion|1\n|-damage|p2b: Basculegion|30/100\n|-heal|p1a: Abomasnow|75/100|[from] drain|[of] p2b: Basculegion\n|move|p1b: Oranguru|Psychic|p2b: Basculegion\n|-damage|p2b: Basculegion|0 fnt\n|faint|p2b: Basculegion\n|cant|p2a: Clefable|frz\n|\n|-weather|Snowscape|[upkeep]\n|-heal|p2a: Clefable|91/100 frz|[from] item: Leftovers\n|upkeep\n|\n|t:|1776609838\n|switch|p2b: Garchomp|Garchomp, L50, M|100/100\n|turn|4\n|\n|t:|1776609857\n|move|p1a: Abomasnow|Blizzard|p2b: Garchomp|[spread] p2a,p2b\n|-crit|p2a: Clefable\n|-supereffective|p2b: Garchomp|2\n|-damage|p2a: Clefable|48/100 frz\n|-damage|p2b: Garchomp|0 fnt\n|faint|p2b: Garchomp\n|move|p1b: Oranguru|Psychic|p2a: Clefable\n|-damage|p2a: Clefable|15/100 frz\n|-curestatus|p2a: Clefable|frz|[msg]\n|move|p2a: Clefable|Reflect||[still]\n|-fail|p2a: Clefable\n|\n|-weather|Snowscape|[upkeep]\n|-heal|p2a: Clefable|21/100|[from] item: Leftovers\n|upkeep\n|turn|5\n|\n|t:|1776609872\n|move|p1a: Abomasnow|Blizzard|p2a: Clefable\n|-damage|p2a: Clefable|0 fnt\n|faint|p2a: Clefable\n|\n|win|Cocomingol\n|raw|Cocomingol's rating: 1064 &rarr; <strong>1092</strong><br />(+28 for winning)\n|raw|magato123's rating: 1042 &rarr; <strong>1027</strong><br />(-15 for losing)\n",
  "uploadtime": 1776609872,
  "views": 6,
  "formatid": "gen9championsvgc2026regma",
  "rating": 1027,
  "private": 0,
  "password": null
}