{
  "id": "gen9championsvgc2026regma-2587290416",
  "format": "[Gen 9 Champions] VGC 2026 Reg M-A",
  "players": [
    "tf_lecter",
    "LegendVGC"
  ],
  "log": "|j|\u2606tf_lecter\n|j|\u2606LegendVGC\n|t:|1776518821\n|gametype|doubles\n|player|p1|tf_lecter|lyra|1018\n|player|p2|LegendVGC|101|1000\n|gen|9\n|tier|[Gen 9 Champions] VGC 2026 Reg M-A\n|rated|\n|rule|Species Clause: Limit one of each Pok\u00e9mon\n|rule|Item Clause: Limit 1 of each item\n|clearpoke\n|poke|p1|Sneasler, L50, M|\n|poke|p1|Tyranitar, L50, M|\n|poke|p1|Orthworm, L50, M|\n|poke|p1|Archaludon, L50, F|\n|poke|p1|Basculegion, L50, M|\n|poke|p1|Dragapult, L50, F|\n|poke|p2|Scovillain, L50, M|\n|poke|p2|Araquanid, L50, M|\n|poke|p2|Espathra, L50, F|\n|poke|p2|Typhlosion-Hisui, L50, F|\n|poke|p2|Liepard, L50, M|\n|poke|p2|Ditto, L50|\n|teampreview|4\ntf_lecter rejected open team sheets.\n|inactive|Battle timer is ON: inactive players will automatically lose when time's up. (requested by LegendVGC)\n|\n|t:|1776518864\n|teamsize|p1|4\n|teamsize|p2|4\n|start\n|switch|p1a: Sneasler|Sneasler, L50, M|100/100\n|switch|p1b: Orthworm|Orthworm, L50, M|100/100\n|switch|p2a: Scovillain|Scovillain, L50, M|100/100\n|switch|p2b: Espathra|Espathra, L50, F|100/100\n|turn|1\n|\n|t:|1776518886\n|detailschange|p2a: Scovillain|Scovillain-Mega, L50, M\n|-mega|p2a: Scovillain|Scovillain|Scovillainite\n|move|p1a: Sneasler|Fake Out|p2a: Scovillain\n|-damage|p2a: Scovillain|85/100\n|-status|p1a: Sneasler|brn|[from] ability: Spicy Spray|[of] p2a: Scovillain\n|move|p2b: Espathra|Calm Mind|p2b: Espathra\n|-boost|p2b: Espathra|spa|1\n|-boost|p2b: Espathra|spd|1\n|cant|p2a: Scovillain|flinch\n|move|p1b: Orthworm|Shed Tail|p1b: Orthworm\n|-start|p1b: Orthworm|Substitute|[from] move: Shed Tail\n|-damage|p1b: Orthworm|50/100\n|\n|t:|1776518899\n|switch|p1b: Tyranitar|Tyranitar, L50, M|100/100|[from] Shed Tail\n|-weather|Sandstorm|[from] ability: Sand Stream|[of] p1b: Tyranitar\n|\n|-weather|Sandstorm|[upkeep]\n|-damage|p1a: Sneasler|95/100 brn|[from] Sandstorm\n|-damage|p2b: Espathra|95/100|[from] Sandstorm\n|-damage|p2a: Scovillain|79/100|[from] Sandstorm\n|-damage|p1a: Sneasler|89/100 brn|[from] brn\n|-ability|p2b: Espathra|Speed Boost|boost\n|-boost|p2b: Espathra|spe|1\n|upkeep\n|turn|2\n|\n|t:|1776518920\n|switch|p1a: Orthworm|Orthworm, L50, M|50/100\n|detailschange|p1b: Tyranitar|Tyranitar-Mega, L50, M\n|-mega|p1b: Tyranitar|Tyranitar|Tyranitarite\n|move|p2a: Scovillain|Rage Powder|p2a: Scovillain\n|-singleturn|p2a: Scovillain|move: Rage Powder\n|move|p2b: Espathra|Calm Mind|p2b: Espathra\n|-boost|p2b: Espathra|spa|1\n|-boost|p2b: Espathra|spd|1\n|move|p1b: Tyranitar|Earthquake|p2b: Espathra|[spread] p2a,p2b\n|-heal|p1a: Orthworm|75/100|[from] ability: Earth Eater|[of] p1b: Tyranitar\n|-damage|p2a: Scovillain|43/100\n|-damage|p2b: Espathra|54/100\n|-status|p1b: Tyranitar|brn|[from] ability: Spicy Spray|[of] p2a: Scovillain\n|\n|-weather|Sandstorm|[upkeep]\n|-damage|p2b: Espathra|49/100|[from] Sandstorm\n|-damage|p2a: Scovillain|37/100|[from] Sandstorm\n|-heal|p1a: Orthworm|81/100|[from] item: Leftovers\n|-damage|p1b: Tyranitar|95/100 brn|[from] brn\n|-ability|p2b: Espathra|Speed Boost|boost\n|-boost|p2b: Espathra|spe|1\n|upkeep\n|turn|3\n|inactive|tf_lecter has 30 seconds left.\n|\n|t:|1776518951\n|switch|p1b: Sneasler|Sneasler, L50, M|89/100 brn\n|move|p2b: Espathra|Protect|p2b: Espathra\n|-singleturn|p2b: Espathra|Protect\n|move|p2a: Scovillain|Overheat|p1a: Orthworm\n|-supereffective|p1a: Orthworm|1\n|-damage|p1a: Orthworm|0 fnt\n|-unboost|p2a: Scovillain|spa|2\n|faint|p1a: Orthworm\n|\n|-weather|Sandstorm|[upkeep]\n|-damage|p2b: Espathra|43/100|[from] Sandstorm\n|-damage|p1b: Sneasler|83/100 brn|[from] Sandstorm\n|-damage|p2a: Scovillain|31/100|[from] Sandstorm\n|-damage|p1b: Sneasler|77/100 brn|[from] brn\n|-ability|p2b: Espathra|Speed Boost|boost\n|-boost|p2b: Espathra|spe|1\n|upkeep\n|\n|t:|1776518966\n|switch|p1a: Tyranitar|Tyranitar-Mega, L50, M|95/100 brn\n|turn|4\n|\n|t:|1776518976\n|move|p1b: Sneasler|Fake Out|p2a: Scovillain\n|-damage|p2a: Scovillain|24/100\n|cant|p2a: Scovillain|flinch\n|move|p2b: Espathra|Baton Pass|p2b: Espathra\n|\n|t:|1776518983\n|switch|p2b: Araquanid|Araquanid, L50, M|100/100|[from] Baton Pass\n|move|p1a: Tyranitar|Crunch|p2b: Araquanid\n|-damage|p2b: Araquanid|71/100\n|\n|-weather|Sandstorm|[upkeep]\n|-damage|p2b: Araquanid|65/100|[from] Sandstorm\n|-damage|p1b: Sneasler|71/100 brn|[from] Sandstorm\n|-damage|p2a: Scovillain|18/100|[from] Sandstorm\n|-damage|p1b: Sneasler|65/100 brn|[from] brn\n|-damage|p1a: Tyranitar|89/100 brn|[from] brn\n|upkeep\n|turn|5\n|\n|t:|1776519005\n|move|p1b: Sneasler|Protect|p1b: Sneasler\n|-singleturn|p1b: Sneasler|Protect\n|move|p2a: Scovillain|Protect|p2a: Scovillain\n|-singleturn|p2a: Scovillain|Protect\n|move|p2b: Araquanid|Surf|p1a: Tyranitar|[spread] p1a\n|-activate|p2a: Scovillain|move: Protect\n|-activate|p1b: Sneasler|move: Protect\n|-supereffective|p1a: Tyranitar|1\n|-damage|p1a: Tyranitar|0 fnt\n|faint|p1a: Tyranitar\n|\n|-weather|none\n|-damage|p1b: Sneasler|59/100 brn|[from] brn\n|upkeep\n|\n|t:|1776519018\n|switch|p1a: Archaludon|Archaludon, L50, F|100/100\n|turn|6\n|\n|t:|1776519039\n|move|p2a: Scovillain|Endure||[still]\n|-fail|p2a: Scovillain\n|move|p2b: Araquanid|Surf|p1b: Sneasler|[spread] p2a,p1a,p1b\n|-resisted|p1a: Archaludon|1\n|-damage|p2a: Scovillain|0 fnt\n|-damage|p1a: Archaludon|22/100\n|-damage|p1b: Sneasler|0 fnt\n|faint|p2a: Scovillain\n|faint|p1b: Sneasler\n|move|p1a: Archaludon|Draco Meteor|p2b: Araquanid\n|-damage|p2b: Araquanid|31/100\n|-unboost|p1a: Archaludon|spa|2\n|\n|upkeep\n|\n|t:|1776519051\n|switch|p2a: Espathra|Espathra, L50, F|43/100\n|turn|7\n|\n|t:|1776519067\n|move|p2a: Espathra|Protect|p2a: Espathra\n|-singleturn|p2a: Espathra|Protect\n|move|p2b: Araquanid|Surf|p1a: Archaludon|[spread] p1a\n|-activate|p2a: Espathra|move: Protect\n|-resisted|p1a: Archaludon|1\n|-damage|p1a: Archaludon|0 fnt\n|faint|p1a: Archaludon\n|\n|win|LegendVGC\n|raw|tf_lecter's rating: 1018 &rarr; <strong>1005</strong><br />(-13 for losing)\n|raw|LegendVGC's rating: 1000 &rarr; <strong>1042</strong><br />(+42 for winning)\n",
  "uploadtime": 1776519077,
  "views": 24,
  "formatid": "gen9championsvgc2026regma",
  "rating": 1005,
  "private": 0,
  "password": null
}