{
  "id": "gen9championsvgc2026regma-2586291172",
  "format": "[Gen 9 Champions] VGC 2026 Reg M-A",
  "players": [
    "chuab",
    "Mota494"
  ],
  "log": "|j|\u2606chuab\n|j|\u2606Mota494\n|t:|1776421930\n|gametype|doubles\n|player|p1|chuab|flannery|1055\n|player|p2|Mota494|unknown|1142\n|gen|9\n|tier|[Gen 9 Champions] VGC 2026 Reg M-A\n|rated|\n|rule|Species Clause: Limit one of each Pok\u00e9mon\n|rule|Item Clause: Limit 1 of each item\n|clearpoke\n|poke|p1|Espeon, L50, M|\n|poke|p1|Politoed, L50, M|\n|poke|p1|Feraligatr, L50, M|\n|poke|p1|Clefable, L50, M|\n|poke|p1|Umbreon, L50, M|\n|poke|p1|Torkoal, L50, M|\n|poke|p2|Meowstic, L50, M|\n|poke|p2|Sylveon, L50, F|\n|poke|p2|Torkoal, L50, M|\n|poke|p2|Farigiraf, L50, F|\n|poke|p2|Sinistcha, L50|\n|poke|p2|Empoleon, L50, M|\n|teampreview|4\nMota494 has agreed to open team sheets.\n|\n|t:|1776421971\n|teamsize|p1|4\n|teamsize|p2|4\n|start\n|switch|p1a: Espeon|Espeon, L50, M|100/100\n|switch|p1b: Torkoal|Torkoal, L50, M|100/100\n|switch|p2a: Meowstic|Meowstic, L50, M, shiny|100/100\n|switch|p2b: Sylveon|Sylveon, L50, F, shiny|100/100\n|-weather|SunnyDay|[from] ability: Drought|[of] p1b: Torkoal\n|turn|1\n|inactive|Battle timer is ON: inactive players will automatically lose when time's up. (requested by Mota494)\n|\n|t:|1776421990\n|move|p2a: Meowstic|Misty Terrain|p2a: Meowstic\n|-fieldstart|move: Misty Terrain\n|move|p1a: Espeon|Shadow Ball|p2a: Meowstic\n|-supereffective|p2a: Meowstic|1\n|-damage|p2a: Meowstic|34/100\n|-unboost|p2a: Meowstic|spd|1\n|move|p2b: Sylveon|Hyper Voice|p1b: Torkoal|[spread] p1a,p1b\n|-resisted|p1b: Torkoal|1\n|-damage|p1a: Espeon|44/100\n|-damage|p1b: Torkoal|76/100\n|move|p1b: Torkoal|Sludge Bomb|p2b: Sylveon\n|-supereffective|p2b: Sylveon|1\n|-damage|p2b: Sylveon|73/100\n|\n|-weather|SunnyDay|[upkeep]\n|upkeep\n|turn|2\n|inactive|Mota494 has 30 seconds left.\n|inactive|Mota494 has 20 seconds left.\n|inactive|Mota494 has 15 seconds left.\n|inactive|Mota494 has 10 seconds left.\n|\n|t:|1776422035\n|switch|p2a: Empoleon|Empoleon, L50, M, shiny|100/100\n|move|p1a: Espeon|Shadow Ball|p2a: Empoleon\n|-crit|p2a: Empoleon\n|-damage|p2a: Empoleon|60/100\n|move|p2b: Sylveon|Hyper Voice|p1b: Torkoal|[spread] p1a,p1b\n|-resisted|p1b: Torkoal|1\n|-damage|p1a: Espeon|0 fnt\n|-damage|p1b: Torkoal|49/100\n|faint|p1a: Espeon\n|move|p1b: Torkoal|Sludge Bomb|p2b: Sylveon\n|-supereffective|p2b: Sylveon|1\n|-damage|p2b: Sylveon|44/100\n|\n|-weather|SunnyDay|[upkeep]\n|upkeep\n|\n|t:|1776422045\n|switch|p1a: Clefable|Clefable, L50, M|100/100\n|turn|3\n|\n|t:|1776422054\n|move|p1a: Clefable|Moonblast|p2b: Sylveon\n|-damage|p2b: Sylveon|3/100\n|move|p2b: Sylveon|Hyper Voice|p1a: Clefable|[spread] p1a,p1b\n|-resisted|p1b: Torkoal|1\n|-damage|p1a: Clefable|50/100\n|-damage|p1b: Torkoal|25/100\n|move|p2a: Empoleon|Hydro Pump|p1b: Torkoal\n|-supereffective|p1b: Torkoal|1\n|-damage|p1b: Torkoal|0 fnt\n|faint|p1b: Torkoal\n|\n|-weather|SunnyDay|[upkeep]\n|upkeep\n|\n|t:|1776422062\n|switch|p1b: Feraligatr|Feraligatr, L50, M|100/100\n|turn|4\n|\n|t:|1776422075\n|detailschange|p1b: Feraligatr|Feraligatr-Mega, L50, M\n|-mega|p1b: Feraligatr|Feraligatr|Feraligite\n|move|p2a: Empoleon|Protect|p2a: Empoleon\n|-singleturn|p2a: Empoleon|Protect\n|move|p1b: Feraligatr|Icy Wind|p2a: Empoleon|[spread] \n|-activate|p2a: Empoleon|move: Protect\n|-miss|p1b: Feraligatr|p2b: Sylveon\n|move|p1a: Clefable|Moonblast|p2a: Empoleon\n|-activate|p2a: Empoleon|move: Protect\n|move|p2b: Sylveon|Hyper Voice|p1b: Feraligatr|[spread] p1a,p1b\n|-supereffective|p1b: Feraligatr|1\n|-damage|p1a: Clefable|0 fnt\n|-damage|p1b: Feraligatr|20/100\n|faint|p1a: Clefable\n|\n|-weather|SunnyDay|[upkeep]\n|upkeep\n|turn|5\n|-message|chuab forfeited.\n|\n|win|Mota494\n|raw|chuab's rating: 1055 &rarr; <strong>1041</strong><br />(-14 for losing)\n|raw|Mota494's rating: 1142 &rarr; <strong>1161</strong><br />(+19 for winning)\n|l|\u2606chuab\n|player|p1|\n",
  "uploadtime": 1776422094,
  "views": 30,
  "formatid": "gen9championsvgc2026regma",
  "rating": 1041,
  "private": 0,
  "password": null
}