{
  "id": "gen9championsvgc2026regma-2583015464",
  "format": "[Gen 9 Champions] VGC 2026 Reg M-A",
  "players": [
    "Jakestemmet",
    "ficifict_dcj"
  ],
  "log": "|j|\u2606Jakestemmet\n|j|\u2606ficifict_dcj\n|t:|1776133532\n|gametype|doubles\n|player|p1|Jakestemmet|1|1249\n|player|p2|ficifict_dcj|266|1302\n|gen|9\n|tier|[Gen 9 Champions] VGC 2026 Reg M-A\n|rated|\n|rule|Species Clause: Limit one of each Pok\u00e9mon\n|rule|Item Clause: Limit 1 of each item\n|clearpoke\n|poke|p1|Scovillain, L50, F|\n|poke|p1|Zoroark-Hisui, L50, F|\n|poke|p1|Tyranitar, L50, M|\n|poke|p1|Goodra-Hisui, L50, M|\n|poke|p1|Klefki, L50, F|\n|poke|p1|Tauros-Paldea-Aqua, L50, M|\n|poke|p2|Aggron, L50, F|\n|poke|p2|Garchomp, L50, M|\n|poke|p2|Rotom-Wash, L50|\n|poke|p2|Sinistcha, L50|\n|poke|p2|Sableye, L50, F|\n|poke|p2|Sylveon, L50, M|\n|teampreview|4\n|inactive|Battle timer is ON: inactive players will automatically lose when time's up. (requested by Jakestemmet)\n|inactive|Jakestemmet has 60 seconds left.\n|inactive|ficifict_dcj has 60 seconds left.\n|\n|t:|1776133577\n|teamsize|p1|4\n|teamsize|p2|4\n|start\n|switch|p1a: Tauros|Tauros-Paldea-Aqua, L50, M|100/100\n|switch|p1b: Scovillain|Scovillain, L50, F|100/100\n|switch|p2a: Sableye|Sableye, L50, F|100/100\n|switch|p2b: Sylveon|Sylveon, L50, M|100/100\n|-ability|p1a: Tauros|Intimidate|boost\n|-unboost|p2a: Sableye|atk|1\n|-unboost|p2b: Sylveon|atk|1\n|turn|1\n|\n|t:|1776133600\n|switch|p1a: Goodra|Goodra-Hisui, L50, M|100/100\n|detailschange|p1b: Scovillain|Scovillain-Mega, L50, F\n|-mega|p1b: Scovillain|Scovillain|Scovillainite\n|move|p2a: Sableye|Reflect|p2a: Sableye\n|-sidestart|p2: ficifict_dcj|Reflect\n|move|p1b: Scovillain|Overheat|p2a: Sableye\n|-damage|p2a: Sableye|35/100\n|-unboost|p1b: Scovillain|spa|2\n|move|p2b: Sylveon|Hyper Voice|p1a: Goodra|[spread] p1a,p1b\n|-resisted|p1b: Scovillain|1\n|-damage|p1a: Goodra|72/100\n|-damage|p1b: Scovillain|74/100\n|-status|p2b: Sylveon|brn|[from] ability: Spicy Spray|[of] p1b: Scovillain\n|\n|-heal|p1a: Goodra|78/100|[from] item: Leftovers\n|-damage|p2b: Sylveon|95/100 brn|[from] brn\n|upkeep\n|turn|2\n|inactive|Jakestemmet has 30 seconds left.\n|inactive|ficifict_dcj has 30 seconds left.\n|\n|t:|1776133634\n|switch|p2b: Aggron|Aggron, L50, F|100/100\n|move|p2a: Sableye|Light Screen|p2a: Sableye\n|-sidestart|p2: ficifict_dcj|move: Light Screen\n|move|p1b: Scovillain|Overheat|p2a: Sableye\n|-damage|p2a: Sableye|11/100\n|-unboost|p1b: Scovillain|spa|2\n|move|p1a: Goodra|Flash Cannon|p2b: Aggron\n|-crit|p2b: Aggron\n|-damage|p2b: Aggron|42/100\n|\n|-heal|p1a: Goodra|83/100|[from] item: Leftovers\n|upkeep\n|turn|3\n|\n|t:|1776133659\n|switch|p1a: Tauros|Tauros-Paldea-Aqua, L50, M|100/100\n|-ability|p1a: Tauros|Intimidate|boost\n|-unboost|p2a: Sableye|atk|1\n|-unboost|p2b: Aggron|atk|1\n|detailschange|p2b: Aggron|Aggron-Mega, L50, F\n|-mega|p2b: Aggron|Aggron|Aggronite\n|move|p2a: Sableye|Encore||[still]\n|-fail|p2a: Sableye\n|move|p1b: Scovillain|Overheat|p2a: Sableye\n|-damage|p2a: Sableye|0 fnt\n|-unboost|p1b: Scovillain|spa|2\n|faint|p2a: Sableye\n|move|p2b: Aggron|Iron Defense|p2b: Aggron\n|-boost|p2b: Aggron|def|2\n|\n|upkeep\n|\n|t:|1776133669\n|switch|p2a: Sylveon|Sylveon, L50, M|95/100 brn\n|turn|4\n|\n|t:|1776133688\n|switch|p1b: Goodra|Goodra-Hisui, L50, M|83/100\n|move|p2b: Aggron|Protect|p2b: Aggron\n|-singleturn|p2b: Aggron|Protect\n|move|p1a: Tauros|Raging Bull|p2b: Aggron\n|-activate|p2b: Aggron|move: Protect\n|move|p2a: Sylveon|Hyper Voice|p1b: Goodra|[spread] p1a,p1b\n|-supereffective|p1a: Tauros|1\n|-damage|p1a: Tauros|0 fnt\n|-damage|p1b: Goodra|55/100\n|faint|p1a: Tauros\n|\n|-heal|p1b: Goodra|60/100|[from] item: Leftovers\n|-damage|p2a: Sylveon|89/100 brn|[from] brn\n|upkeep\n|\n|t:|1776133699\n|switch|p1a: Scovillain|Scovillain-Mega, L50, F|74/100\n|turn|5\n|\n|t:|1776133721\n|switch|p2b: Rotom|Rotom-Wash, L50|100/100\n|move|p1a: Scovillain|Overheat|p2b: Rotom\n|-resisted|p2b: Rotom|1\n|-damage|p2b: Rotom|83/100\n|-unboost|p1a: Scovillain|spa|2\n|move|p1b: Goodra|Flamethrower|p2b: Rotom\n|-resisted|p2b: Rotom|1\n|-damage|p2b: Rotom|74/100\n|move|p2a: Sylveon|Mystical Fire|p1a: Scovillain\n|-damage|p1a: Scovillain|49/100\n|-unboost|p1a: Scovillain|spa|1\n|\n|-heal|p1b: Goodra|66/100|[from] item: Leftovers\n|-damage|p2a: Sylveon|83/100 brn|[from] brn\n|-sideend|p2: ficifict_dcj|Reflect\n|upkeep\n|turn|6\n|inactive|ficifict_dcj has 30 seconds left.\n|inactive|ficifict_dcj has 20 seconds left.\n|\n|t:|1776133759\n|switch|p1a: Tyranitar|Tyranitar, L50, M|100/100\n|-weather|Sandstorm|[from] ability: Sand Stream|[of] p1a: Tyranitar\n|move|p2b: Rotom|Hydro Pump|p1b: Goodra\n|-resisted|p1b: Goodra|1\n|-damage|p1b: Goodra|53/100\n|move|p1b: Goodra|Flash Cannon|p2a: Sylveon\n|-supereffective|p2a: Sylveon|1\n|-damage|p2a: Sylveon|45/100 brn\n|move|p2a: Sylveon|Mystical Fire|p1b: Goodra\n|-damage|p1b: Goodra|39/100\n|-unboost|p1b: Goodra|spa|1\n|\n|-weather|Sandstorm|[upkeep]\n|-damage|p2b: Rotom|68/100|[from] Sandstorm\n|-damage|p2a: Sylveon|39/100 brn|[from] Sandstorm\n|-heal|p1b: Goodra|45/100|[from] item: Leftovers\n|-damage|p2a: Sylveon|33/100 brn|[from] brn\n|-sideend|p2: ficifict_dcj|move: Light Screen\n|upkeep\n|turn|7\n|inactive|Jakestemmet has 30 seconds left.\n|inactive|ficifict_dcj has 30 seconds left.\n|\n|t:|1776133794\n|move|p2b: Rotom|Hydro Pump|p1b: Goodra\n|-resisted|p1b: Goodra|1\n|-damage|p1b: Goodra|32/100\n|move|p1b: Goodra|Flash Cannon|p2a: Sylveon\n|-supereffective|p2a: Sylveon|1\n|-damage|p2a: Sylveon|0 fnt\n|faint|p2a: Sylveon\n|move|p1a: Tyranitar|Rock Slide|p2b: Rotom\n|-damage|p2b: Rotom|30/100\n|-enditem|p2b: Rotom|Sitrus Berry|[eat]\n|-heal|p2b: Rotom|55/100|[from] item: Sitrus Berry\n|\n|-weather|Sandstorm|[upkeep]\n|-damage|p2b: Rotom|49/100|[from] Sandstorm\n|-heal|p1b: Goodra|38/100|[from] item: Leftovers\n|upkeep\n|\n|t:|1776133800\n|switch|p2a: Aggron|Aggron-Mega, L50, F|42/100\n|turn|8\n|inactive|ficifict_dcj has 30 seconds left.\n|\n|t:|1776133826\n|move|p2b: Rotom|Will-O-Wisp|p1a: Tyranitar\n|-status|p1a: Tyranitar|brn\n|move|p1b: Goodra|Dragon Pulse|p2b: Rotom\n|-damage|p2b: Rotom|20/100\n|move|p1a: Tyranitar|Knock Off|p2b: Rotom\n|-damage|p2b: Rotom|3/100\n|move|p2a: Aggron|Body Press|p1b: Goodra\n|-supereffective|p1b: Goodra|1\n|-damage|p1b: Goodra|0 fnt\n|faint|p1b: Goodra\n|\n|-weather|Sandstorm|[upkeep]\n|-damage|p2b: Rotom|0 fnt|[from] Sandstorm\n|faint|p2b: Rotom\n|-damage|p1a: Tyranitar|95/100 brn|[from] brn\n|upkeep\n|\n|t:|1776133841\n|switch|p1b: Scovillain|Scovillain-Mega, L50, F|49/100\n|turn|9\n|\n|t:|1776133850\n|move|p1b: Scovillain|Overheat|p2a: Aggron\n|-supereffective|p2a: Aggron|1\n|-damage|p2a: Aggron|0 fnt\n|-unboost|p1b: Scovillain|spa|2\n|faint|p2a: Aggron\n|\n|win|Jakestemmet\n|raw|Jakestemmet's rating: 1249 &rarr; <strong>1278</strong><br />(+29 for winning)\n|raw|ficifict_dcj's rating: 1302 &rarr; <strong>1279</strong><br />(-23 for losing)\n",
  "uploadtime": 1776133851,
  "views": 23,
  "formatid": "gen9championsvgc2026regma",
  "rating": 1278,
  "private": 0,
  "password": null
}