{
  "id": "gen9championsvgc2026regma-2583064493",
  "format": "[Gen 9 Champions] VGC 2026 Reg M-A",
  "players": [
    "catball 1500",
    "Eduyam112"
  ],
  "log": "|j|\u2606catball 1500\n|j|\u2606Eduyam112\n|t:|1776138117\n|gametype|doubles\n|player|p1|catball 1500|roughneck|1158\n|player|p2|Eduyam112|169|1156\n|gen|9\n|tier|[Gen 9 Champions] VGC 2026 Reg M-A\n|rated|\n|rule|Species Clause: Limit one of each Pok\u00e9mon\n|rule|Item Clause: Limit 1 of each item\n|clearpoke\n|poke|p1|Orthworm, L50, M|\n|poke|p1|Garchomp, L50, M|\n|poke|p1|Farigiraf, L50, F|\n|poke|p1|Sinistcha, L50|\n|poke|p1|Floette-Eternal, L50, F|\n|poke|p1|Rotom-Wash, L50|\n|poke|p2|Hawlucha, L50, M|\n|poke|p2|Excadrill, L50, M|\n|poke|p2|Tyranitar, L50, M|\n|poke|p2|Milotic, L50, F|\n|poke|p2|Whimsicott, L50, M|\n|poke|p2|Kleavor, L50, M|\n|teampreview|4\n|inactive|Battle timer is ON: inactive players will automatically lose when time's up. (requested by catball 1500)\n|\n|t:|1776138142\n|teamsize|p1|4\n|teamsize|p2|4\n|start\n|switch|p1a: Orthworm|Orthworm, L50, M|100/100\n|switch|p1b: Garchomp|Garchomp, L50, M|100/100\n|switch|p2a: Hawlucha|Hawlucha, L50, M|100/100\n|switch|p2b: Kleavor|Kleavor, L50, M|100/100\n|turn|1\n|\n|t:|1776138170\n|detailschange|p2a: Hawlucha|Hawlucha-Mega, L50, M\n|-mega|p2a: Hawlucha|Hawlucha|Hawluchanite\n|move|p2b: Kleavor|U-turn|p1b: Garchomp\n|-damage|p1b: Garchomp|64/100\n|-damage|p2b: Kleavor|88/100|[from] ability: Rough Skin|[of] p1b: Garchomp\n|\n|t:|1776138176\n|switch|p2b: Whimsicott|Whimsicott, L50, M|100/100|[from] U-turn\n|move|p2a: Hawlucha|Swords Dance|p2a: Hawlucha\n|-boost|p2a: Hawlucha|atk|2\n|move|p1b: Garchomp|Rock Slide|p2b: Whimsicott|[spread] p2a,p2b\n|-damage|p2a: Hawlucha|76/100\n|-damage|p2b: Whimsicott|66/100\n|move|p1a: Orthworm|Heavy Slam|p2b: Whimsicott\n|-supereffective|p2b: Whimsicott|1\n|-damage|p2b: Whimsicott|0 fnt\n|faint|p2b: Whimsicott\n|\n|upkeep\n|\n|t:|1776138198\n|switch|p2b: Kleavor|Kleavor, L50, M|88/100\n|turn|2\n|inactive|Eduyam112 has 30 seconds left.\n|inactive|Eduyam112 has 20 seconds left.\n|\n|t:|1776138234\n|move|p2b: Kleavor|Stone Axe|p1b: Garchomp\n|-resisted|p1b: Garchomp|1\n|-damage|p1b: Garchomp|41/100\n|-damage|p2b: Kleavor|76/100|[from] ability: Rough Skin|[of] p1b: Garchomp\n|-sidestart|p1: catball 1500|move: Stealth Rock\n|move|p2a: Hawlucha|High Jump Kick|p1a: Orthworm\n|-supereffective|p1a: Orthworm|1\n|-damage|p1a: Orthworm|0 fnt\n|faint|p1a: Orthworm\n|move|p1b: Garchomp|Rock Slide|p2a: Hawlucha|[spread] p2a,p2b\n|-supereffective|p2b: Kleavor|1\n|-damage|p2a: Hawlucha|50/100\n|-damage|p2b: Kleavor|26/100\n|\n|upkeep\n|\n|t:|1776138249\n|switch|p1a: Sinistcha|Sinistcha, L50|100/100\n|-damage|p1a: Sinistcha|88/100|[from] Stealth Rock\n|-heal|p1b: Garchomp|66/100|[from] ability: Hospitality|[of] p1a: Sinistcha\n|turn|3\n|\n|t:|1776138262\n|move|p2b: Kleavor|Stone Axe|p1b: Garchomp\n|-resisted|p1b: Garchomp|1\n|-damage|p1b: Garchomp|43/100\n|-damage|p2b: Kleavor|14/100|[from] ability: Rough Skin|[of] p1b: Garchomp\n|move|p2a: Hawlucha|Dual Wingbeat|p1a: Sinistcha\n|-supereffective|p1a: Sinistcha|1\n|-damage|p1a: Sinistcha|0 fnt\n|faint|p1a: Sinistcha\n|-hitcount|p1: Sinistcha|1\n|move|p1b: Garchomp|Rock Slide|p2b: Kleavor|[spread] p2a,p2b\n|-supereffective|p2b: Kleavor|1\n|-damage|p2a: Hawlucha|25/100\n|-damage|p2b: Kleavor|0 fnt\n|faint|p2b: Kleavor\n|\n|upkeep\n|\n|t:|1776138274\n|switch|p2b: Milotic|Milotic, L50, F|100/100\n|switch|p1a: Floette|Floette-Eternal, L50, F|100/100\n|-damage|p1a: Floette|88/100|[from] Stealth Rock\n|turn|4\n|inactive|Eduyam112 has 30 seconds left.\n|\n|t:|1776138300\n|detailschange|p1a: Floette|Floette-Mega, L50, F\n|-mega|p1a: Floette|Floette|Floettite\n|-ability|p1a: Floette|Fairy Aura\n|move|p1b: Garchomp|Protect|p1b: Garchomp\n|-singleturn|p1b: Garchomp|Protect\n|move|p2a: Hawlucha|High Jump Kick|p1b: Garchomp\n|-activate|p1b: Garchomp|move: Protect\n|-damage|p2a: Hawlucha|0 fnt|[from] highjumpkick\n|faint|p2a: Hawlucha\n|move|p1a: Floette|Draining Kiss|p2b: Milotic\n|-damage|p2b: Milotic|77/100\n|-heal|p1a: Floette|100/100|[from] drain|[of] p2b: Milotic\n|move|p2b: Milotic|Scald|p1a: Floette\n|-damage|p1a: Floette|75/100\n|-status|p1a: Floette|brn\n|\n|-damage|p1a: Floette|69/100 brn|[from] brn\n|upkeep\n|turn|5\n|\n|t:|1776138319\n|move|p1a: Floette|Pollen Puff|p1b: Garchomp\n|-heal|p1b: Garchomp|92/100\n|move|p1b: Garchomp|Dragon Claw|p2b: Milotic\n|-damage|p2b: Milotic|24/100\n|move|p2b: Milotic|Ice Beam|p1b: Garchomp\n|-supereffective|p1b: Garchomp|2\n|-damage|p1b: Garchomp|14/100\n|\n|-damage|p1a: Floette|63/100 brn|[from] brn\n|upkeep\n|turn|6\n|\n|t:|1776138333\n|move|p1b: Garchomp|Dragon Claw|p2b: Milotic\n|-damage|p2b: Milotic|0 fnt\n|faint|p2b: Milotic\n|\n|win|catball 1500\n|raw|catball 1500's rating: 1158 &rarr; <strong>1183</strong><br />(+25 for winning)\n|raw|Eduyam112's rating: 1156 &rarr; <strong>1131</strong><br />(-25 for losing)\n|l|\u2606Eduyam112\n|player|p2|\n",
  "uploadtime": 1776138341,
  "views": 18,
  "formatid": "gen9championsvgc2026regma",
  "rating": 1131,
  "private": 0,
  "password": null
}