{
  "id": "gen9championsvgc2026regma-2584127043",
  "format": "[Gen 9 Champions] VGC 2026 Reg M-A",
  "players": [
    "Corbinc",
    "lobolito"
  ],
  "log": "|j|\u2606Corbinc\n|j|\u2606lobolito\n|t:|1776228135\n|gametype|doubles\n|player|p1|Corbinc|ghetsis-gen5bw|1064\n|player|p2|lobolito|266|1000\n|gen|9\n|tier|[Gen 9 Champions] VGC 2026 Reg M-A\n|rated|\n|rule|Species Clause: Limit one of each Pok\u00e9mon\n|rule|Item Clause: Limit 1 of each item\n|clearpoke\n|poke|p1|Crabominable, L50, F|\n|poke|p1|Abomasnow, L50, M|\n|poke|p1|Sableye, L50, M|\n|poke|p1|Golurk, L50|\n|poke|p1|Farigiraf, L50, M|\n|poke|p1|Ninetales-Alola, L50, M|\n|poke|p2|Sneasler, L50, M|\n|poke|p2|Kingambit, L50, F|\n|poke|p2|Clefable, L50, F|\n|poke|p2|Delphox, L50, F|\n|poke|p2|Dragonite, L50, M|\n|poke|p2|Basculegion, L50, M|\n|teampreview|4\n|inactive|Battle timer is ON: inactive players will automatically lose when time's up. (requested by Corbinc)\nCorbinc rejected open team sheets.\n|\n|t:|1776228177\n|teamsize|p1|4\n|teamsize|p2|4\n|start\n|switch|p1a: Abomasnow|Abomasnow, L50, M|100/100\n|switch|p1b: Farigiraf|Farigiraf, L50, M|100/100\n|switch|p2a: Kingambit|Kingambit, L50, F|100/100\n|switch|p2b: Sneasler|Sneasler, L50, M|100/100\n|-weather|Snowscape|[from] ability: Snow Warning|[of] p1a: Abomasnow\n|turn|1\n|\n|t:|1776228198\n|switch|p1b: Crabominable|Crabominable, L50, F|100/100\n|move|p2b: Sneasler|Close Combat|p1a: Abomasnow\n|-supereffective|p1a: Abomasnow|1\n|-damage|p1a: Abomasnow|9/100\n|-unboost|p2b: Sneasler|def|1\n|-unboost|p2b: Sneasler|spd|1\n|move|p1a: Abomasnow|Frost Breath|p1b: Crabominable|[miss]\n|-miss|p1a: Abomasnow|p1b: Crabominable\n|move|p2a: Kingambit|Kowtow Cleave|p1b: Crabominable\n|-resisted|p1b: Crabominable|1\n|-damage|p1b: Crabominable|78/100\n|\n|-weather|Snowscape|[upkeep]\n|upkeep\n|turn|2\n|\n|t:|1776228221\n|move|p2b: Sneasler|Dire Claw|p1a: Abomasnow\n|-supereffective|p1a: Abomasnow|1\n|-damage|p1a: Abomasnow|0 fnt\n|faint|p1a: Abomasnow\n|move|p2a: Kingambit|Swords Dance|p2a: Kingambit\n|-boost|p2a: Kingambit|atk|2\n|move|p1b: Crabominable|Drain Punch|p2a: Kingambit\n|-supereffective|p2a: Kingambit|2\n|-damage|p2a: Kingambit|0 fnt\n|-heal|p1b: Crabominable|100/100|[from] drain|[of] p2a: Kingambit\n|faint|p2a: Kingambit\n|\n|-weather|Snowscape|[upkeep]\n|upkeep\n|\n|t:|1776228234\n|switch|p1a: Farigiraf|Farigiraf, L50, M|100/100\n|switch|p2a: Delphox|Delphox, L50, F|100/100\n|turn|3\n|\n|t:|1776228245\n|detailschange|p2a: Delphox|Delphox-Mega, L50, F\n|-mega|p2a: Delphox|Delphox|Delphoxite\n|detailschange|p1b: Crabominable|Crabominable-Mega, L50, F\n|-mega|p1b: Crabominable|Crabominable|Crabominite\n|move|p2a: Delphox|Substitute|p2a: Delphox\n|-start|p2a: Delphox|Substitute\n|-damage|p2a: Delphox|76/100\n|move|p2b: Sneasler|Close Combat|p1b: Crabominable\n|-supereffective|p1b: Crabominable|1\n|-damage|p1b: Crabominable|42/100\n|-unboost|p2b: Sneasler|def|1\n|-unboost|p2b: Sneasler|spd|1\n|move|p1a: Farigiraf|Gravity|p1a: Farigiraf\n|-fieldstart|move: Gravity\n|move|p1b: Crabominable|Earthquake|p2a: Delphox|[spread] p1a,p2a,p2b\n|-supereffective|p2a: Delphox|1\n|-end|p2a: Delphox|Substitute\n|-supereffective|p2b: Sneasler|1\n|-damage|p1a: Farigiraf|80/100\n|-enditem|p2b: Sneasler|Focus Sash\n|-damage|p2b: Sneasler|1/100\n|\n|-weather|Snowscape|[upkeep]\n|upkeep\n|turn|4\n|inactive|Corbinc has 30 seconds left.\n|inactive|lobolito has 30 seconds left.\n|\n|t:|1776228277\n|switch|p1b: Sableye|Sableye, L50, M|100/100\n|move|p2b: Sneasler|Close Combat|p1b: Sableye\n|-immune|p1b: Sableye\n|move|p2a: Delphox|Heat Wave|p1a: Farigiraf|[spread] p1a,p1b\n|-damage|p1a: Farigiraf|38/100\n|-damage|p1b: Sableye|31/100\n|move|p1a: Farigiraf|Trick Room|p1a: Farigiraf\n|-fieldstart|move: Trick Room|[of] p1a: Farigiraf\n|\n|-weather|Snowscape|[upkeep]\n|upkeep\n|turn|5\n|\n|t:|1776228297\n|move|p1b: Sableye|Knock Off|p2a: Delphox\n|-supereffective|p2a: Delphox|1\n|-damage|p2a: Delphox|0 fnt\n|faint|p2a: Delphox\n|move|p1a: Farigiraf|Hyper Voice|p2b: Sneasler\n|-damage|p2b: Sneasler|0 fnt\n|faint|p2b: Sneasler\n|\n|-weather|none\n|upkeep\n|-message|lobolito forfeited.\n|\n|win|Corbinc\n|raw|Corbinc's rating: 1064 &rarr; <strong>1089</strong><br />(+25 for winning)\n|raw|lobolito's rating: 1000 &rarr; <strong>1000</strong><br />(+0 for losing)\n|l|\u2606lobolito\n|player|p2|\n",
  "uploadtime": 1776228307,
  "views": 21,
  "formatid": "gen9championsvgc2026regma",
  "rating": 1000,
  "private": 0,
  "password": null
}