{
  "id": "gen9championsvgc2026regma-2587456857",
  "format": "[Gen 9 Champions] VGC 2026 Reg M-A",
  "players": [
    "lucio m",
    "UserHaxd"
  ],
  "log": "|j|\u2606lucio m\n|j|\u2606UserHaxd\n|t:|1776533397\n|gametype|doubles\n|player|p1|lucio m|265|1240\n|player|p2|UserHaxd|265|1156\n|gen|9\n|tier|[Gen 9 Champions] VGC 2026 Reg M-A\n|rated|\n|rule|Species Clause: Limit one of each Pok\u00e9mon\n|rule|Item Clause: Limit 1 of each item\n|clearpoke\n|poke|p1|Charizard, L50, F|\n|poke|p1|Venusaur, L50, F|\n|poke|p1|Typhlosion-Hisui, L50, M|\n|poke|p1|Rotom-Wash, L50|\n|poke|p1|Sneasler, L50, F|\n|poke|p1|Gliscor, L50, F|\n|poke|p2|Sableye, L50, F|\n|poke|p2|Kingambit, L50, M|\n|poke|p2|Chesnaught, L50, M|\n|poke|p2|Farigiraf, L50, F|\n|poke|p2|Basculegion, L50, M|\n|poke|p2|Raichu, L50, M|\n|teampreview|4\n|inactive|Battle timer is ON: inactive players will automatically lose when time's up. (requested by UserHaxd)\n|\n|t:|1776533418\n|teamsize|p1|4\n|teamsize|p2|4\n|start\n|switch|p1a: Charizard|Charizard, L50, F|100/100\n|switch|p1b: Typhlosion|Typhlosion-Hisui, L50, M|100/100\n|switch|p2a: Sableye|Sableye, L50, F|100/100\n|switch|p2b: Raichu|Raichu, L50, M|100/100\n|-item|p2a: Sableye|Mental Herb|[from] ability: Frisk|[of] p1b: Typhlosion\n|-item|p2b: Raichu|Focus Sash|[from] ability: Frisk|[of] p1b: Typhlosion\n|turn|1\n|\n|t:|1776533441\n|detailschange|p1a: Charizard|Charizard-Mega-Y, L50, F\n|-mega|p1a: Charizard|Charizard|Charizardite Y\n|-weather|SunnyDay|[from] ability: Drought|[of] p1a: Charizard\n|move|p1a: Charizard|Protect|p1a: Charizard\n|-singleturn|p1a: Charizard|Protect\n|move|p2a: Sableye|Rain Dance|p2a: Sableye\n|-weather|RainDance\n|move|p1b: Typhlosion|Eruption|p2a: Sableye|[spread] p2a,p2b\n|-damage|p2a: Sableye|62/100\n|-damage|p2b: Raichu|60/100\n|move|p2b: Raichu|Thunder|p1a: Charizard\n|-activate|p1a: Charizard|move: Protect\n|\n|-weather|RainDance|[upkeep]\n|upkeep\n|turn|2\n|\n|t:|1776533460\n|switch|p1b: Venusaur|Venusaur, L50, F|100/100\n|switch|p1a: Gliscor|Gliscor, L50, F|100/100\n|move|p2a: Sableye|Disable||[still]\n|-fail|p2a: Sableye\n|move|p2b: Raichu|Thunder|p1a: Gliscor\n|-immune|p1a: Gliscor\n|\n|-weather|RainDance|[upkeep]\n|upkeep\n|turn|3\n|inactive|UserHaxd has 30 seconds left.\n|\n|t:|1776533492\n|switch|p2b: Basculegion|Basculegion, L50, M|100/100\n|switch|p2a: Chesnaught|Chesnaught, L50, M|100/100\n|move|p1a: Gliscor|Tailwind|p1a: Gliscor\n|-sidestart|p1: lucio m|move: Tailwind\n|move|p1b: Venusaur|Sleep Powder|p2a: Chesnaught\n|-immune|p2a: Chesnaught\n|\n|-weather|RainDance|[upkeep]\n|upkeep\n|turn|4\n|inactive|UserHaxd has 30 seconds left.\n|\n|t:|1776533517\n|switch|p1a: Charizard|Charizard-Mega-Y, L50, F|100/100\n|-weather|SunnyDay|[from] ability: Drought|[of] p1a: Charizard\n|detailschange|p2a: Chesnaught|Chesnaught-Mega, L50, M\n|-mega|p2a: Chesnaught|Chesnaught|Chesnaughtite\n|move|p1b: Venusaur|Leaf Storm|p2b: Basculegion\n|-supereffective|p2b: Basculegion|1\n|-damage|p2b: Basculegion|0 fnt\n|-unboost|p1b: Venusaur|spa|2\n|faint|p2b: Basculegion\n|move|p2a: Chesnaught|Iron Defense|p2a: Chesnaught\n|-boost|p2a: Chesnaught|def|2\n|\n|-weather|SunnyDay|[upkeep]\n|upkeep\n|\n|t:|1776533530\n|switch|p2b: Sableye|Sableye, L50, F|62/100\n|turn|5\n|\n|t:|1776533542\n|switch|p1b: Gliscor|Gliscor, L50, F|100/100\n|move|p2b: Sableye|Rain Dance|p2b: Sableye\n|-weather|RainDance\n|move|p1a: Charizard|Blast Burn|p2a: Chesnaught\n|-supereffective|p2a: Chesnaught|1\n|-damage|p2a: Chesnaught|13/100\n|-mustrecharge|p1a: Charizard\n|move|p2a: Chesnaught|Body Press|p1b: Gliscor\n|-resisted|p1b: Gliscor|1\n|-damage|p1b: Gliscor|49/100\n|\n|-weather|RainDance|[upkeep]\n|-heal|p1b: Gliscor|54/100|[from] item: Leftovers\n|upkeep\n|turn|6\n|inactive|UserHaxd has 30 seconds left.\n|\n|t:|1776533576\n|move|p2a: Chesnaught|Spiky Shield|p2a: Chesnaught\n|-singleturn|p2a: Chesnaught|move: Protect\n|move|p2b: Sableye|Encore|p1a: Charizard\n|-start|p1a: Charizard|Encore\n|move|p1b: Gliscor|Ice Fang|p2a: Chesnaught\n|-activate|p2a: Chesnaught|move: Protect\n|-damage|p1b: Gliscor|42/100|[from] Spiky Shield|[of] p2a: Chesnaught\n|cant|p1a: Charizard|recharge\n|\n|-weather|RainDance|[upkeep]\n|-heal|p1b: Gliscor|48/100|[from] item: Leftovers\n|-sideend|p1: lucio m|move: Tailwind\n|upkeep\n|turn|7\n|\n|t:|1776533592\n|move|p2b: Sableye|Disable|p1a: Charizard\n|-start|p1a: Charizard|Disable|Blast Burn\n|move|p1b: Gliscor|High Horsepower|p2b: Sableye\n|-damage|p2b: Sableye|22/100\n|cant|p1a: Charizard|Disable|Blast Burn\n|move|p2a: Chesnaught|Body Press|p1b: Gliscor\n|-resisted|p1b: Gliscor|1\n|-damage|p1b: Gliscor|0 fnt\n|faint|p1b: Gliscor\n|\n|-weather|RainDance|[upkeep]\n|upkeep\n|\n|t:|1776533598\n|switch|p1b: Typhlosion|Typhlosion-Hisui, L50, M|100/100\n|-item|p2a: Chesnaught|Chesnaughtite|[from] ability: Frisk|[of] p1b: Typhlosion\n|-item|p2b: Sableye|Mental Herb|[from] ability: Frisk|[of] p1b: Typhlosion\n|turn|8\n|\n|t:|1776533617\n|switch|p1a: Venusaur|Venusaur, L50, F|100/100\n|move|p2b: Sableye|Quash|p1b: Typhlosion\n|-activate|p1b: Typhlosion|move: Quash\n|move|p2a: Chesnaught|Body Press|p1a: Venusaur\n|-resisted|p1a: Venusaur|1\n|-damage|p1a: Venusaur|28/100\n|move|p1b: Typhlosion|Heat Wave|p2b: Sableye|[spread] p2a,p2b\n|-supereffective|p2a: Chesnaught|1\n|-damage|p2a: Chesnaught|0 fnt\n|-damage|p2b: Sableye|0 fnt\n|faint|p2a: Chesnaught\n|faint|p2b: Sableye\n|\n|-weather|RainDance|[upkeep]\n|upkeep\n|\n|t:|1776533631\n|switch|p2b: Raichu|Raichu, L50, M|60/100\n|turn|9\n|\n|t:|1776533644\n|switch|p1b: Charizard|Charizard-Mega-Y, L50, F|100/100\n|-weather|SunnyDay|[from] ability: Drought|[of] p1b: Charizard\n|move|p1a: Venusaur|Sludge Bomb|p2b: Raichu\n|-damage|p2b: Raichu|0 fnt\n|faint|p2b: Raichu\n|\n|win|lucio m\n|raw|lucio m's rating: 1240 &rarr; <strong>1259</strong><br />(+19 for winning)\n|raw|UserHaxd's rating: 1156 &rarr; <strong>1137</strong><br />(-19 for losing)\n",
  "uploadtime": 1776533647,
  "views": 14,
  "formatid": "gen9championsvgc2026regma",
  "rating": 1137,
  "private": 0,
  "password": null
}