{
  "id": "gen9championsvgc2026regma-2582664033",
  "format": "[Gen 9 Champions] VGC 2026 Reg M-A",
  "players": [
    "mazto",
    "LforLeee"
  ],
  "log": "|j|\u2606mazto\n|j|\u2606LforLeee\n|t:|1776105821\n|gametype|doubles\n|player|p1|mazto|169|1106\n|player|p2|LforLeee|170|1061\n|gen|9\n|tier|[Gen 9 Champions] VGC 2026 Reg M-A\n|rated|\n|rule|Species Clause: Limit one of each Pok\u00e9mon\n|rule|Item Clause: Limit 1 of each item\n|clearpoke\n|poke|p1|Charizard, L50, F|\n|poke|p1|Hydreigon, L50, F|\n|poke|p1|Incineroar, L50, F|\n|poke|p1|Sneasler, L50, M|\n|poke|p1|Milotic, L50, F|\n|poke|p1|Sinistcha, L50|\n|poke|p2|Reuniclus, L50, M|\n|poke|p2|Rhyperior, L50, M|\n|poke|p2|Primarina, L50, M|\n|poke|p2|Incineroar, L50, M|\n|poke|p2|Dragonite, L50, M|\n|poke|p2|Scizor, L50, F|\n|teampreview|4\n|inactive|Battle timer is ON: inactive players will automatically lose when time's up. (requested by mazto)\n|\n|t:|1776105841\n|teamsize|p1|4\n|teamsize|p2|4\n|start\n|switch|p1a: Sneasler|Sneasler, L50, M|100/100\n|switch|p1b: Incineroar|Incineroar, L50, F|100/100\n|switch|p2a: Scizor|Scizor, L50, F|100/100\n|switch|p2b: Primarina|Primarina, L50, M|100/100\n|-ability|p1b: Incineroar|Intimidate|boost\n|-unboost|p2a: Scizor|atk|1\n|-unboost|p2b: Primarina|atk|1\n|turn|1\n|\n|t:|1776105866\n|switch|p2a: Incineroar|Incineroar, L50, M|100/100\n|-ability|p2a: Incineroar|Intimidate|boost\n|-unboost|p1a: Sneasler|atk|1\n|-unboost|p1b: Incineroar|atk|1\n|-enditem|p1a: Sneasler|White Herb\n|-clearnegativeboost|p1a: Sneasler|[silent]\n|move|p2b: Primarina|Protect|p2b: Primarina\n|-singleturn|p2b: Primarina|Protect\n|move|p1b: Incineroar|Fake Out|p2a: Incineroar\n|-damage|p2a: Incineroar|93/100\n|move|p1a: Sneasler|Dire Claw|p2b: Primarina\n|-activate|p2b: Primarina|move: Protect\n|\n|upkeep\n|turn|2\n|\n|t:|1776105899\n|switch|p1b: Charizard|Charizard, L50, F|100/100\n|move|p2a: Incineroar|Fake Out|p1a: Sneasler\n|-damage|p1a: Sneasler|84/100\n|cant|p1a: Sneasler|flinch\n|move|p2b: Primarina|Hyper Voice|p1b: Charizard|[spread] p1a,p1b\n|-supereffective|p1b: Charizard|1\n|-damage|p1a: Sneasler|48/100\n|-damage|p1b: Charizard|32/100\n|\n|upkeep\n|turn|3\n|inactive|LforLeee has 30 seconds left.\n|\n|t:|1776105931\n|detailschange|p1b: Charizard|Charizard-Mega-X, L50, F\n|-mega|p1b: Charizard|Charizard|Charizardite X\n|move|p1b: Charizard|Protect|p1b: Charizard\n|-singleturn|p1b: Charizard|Protect\n|move|p2b: Primarina|Protect|p2b: Primarina\n|-singleturn|p2b: Primarina|Protect\n|move|p1a: Sneasler|Dire Claw|p2b: Primarina\n|-activate|p2b: Primarina|move: Protect\n|move|p2a: Incineroar|Parting Shot|p1a: Sneasler\n|-unboost|p1a: Sneasler|atk|1\n|-unboost|p1a: Sneasler|spa|1\n|inactive|LforLeee has 30 seconds left.\n|\n|t:|1776105960\n|switch|p2a: Scizor|Scizor, L50, F|100/100|[from] Parting Shot\n|\n|upkeep\n|turn|4\n|\n|t:|1776105970\n|detailschange|p2a: Scizor|Scizor-Mega, L50, F\n|-mega|p2a: Scizor|Scizor|Scizorite\n|move|p2a: Scizor|Protect|p2a: Scizor\n|-singleturn|p2a: Scizor|Protect\n|move|p1a: Sneasler|Dire Claw|p2b: Primarina\n|-supereffective|p2b: Primarina|1\n|-damage|p2b: Primarina|55/100\n|move|p1b: Charizard|Flare Blitz|p2a: Scizor\n|-activate|p2a: Scizor|move: Protect\n|move|p2b: Primarina|Hyper Voice|p1b: Charizard|[spread] p1a,p1b\n|-damage|p1a: Sneasler|13/100\n|-damage|p1b: Charizard|0 fnt\n|faint|p1b: Charizard\n|\n|-heal|p2b: Primarina|60/100|[from] item: Leftovers\n|upkeep\n|\n|t:|1776105983\n|switch|p1b: Milotic|Milotic, L50, F|100/100\n|turn|5\n|\n|t:|1776105990\n|switch|p1a: Incineroar|Incineroar, L50, F|100/100\n|-ability|p1a: Incineroar|Intimidate|boost\n|-unboost|p2a: Scizor|atk|1\n|-unboost|p2b: Primarina|atk|1\n|move|p2a: Scizor|Bullet Punch|p1a: Incineroar\n|-resisted|p1a: Incineroar|1\n|-damage|p1a: Incineroar|90/100\n|move|p1b: Milotic|Scald|p2a: Scizor\n|-damage|p2a: Scizor|70/100\n|move|p2b: Primarina|Calm Mind|p2b: Primarina\n|-boost|p2b: Primarina|spa|1\n|-boost|p2b: Primarina|spd|1\n|\n|-heal|p2b: Primarina|66/100|[from] item: Leftovers\n|upkeep\n|turn|6\n|inactive|LforLeee has 30 seconds left.\n|inactive|LforLeee has 20 seconds left.\n|\n|t:|1776106026\n|move|p2a: Scizor|Protect|p2a: Scizor\n|-singleturn|p2a: Scizor|Protect\n|move|p1a: Incineroar|Fake Out|p2b: Primarina\n|-damage|p2b: Primarina|56/100\n|move|p1b: Milotic|Scald|p2a: Scizor\n|-activate|p2a: Scizor|move: Protect\n|cant|p2b: Primarina|flinch\n|\n|-heal|p2b: Primarina|61/100|[from] item: Leftovers\n|upkeep\n|turn|7\n|\n|t:|1776106048\n|move|p1b: Milotic|Icy Wind|p2b: Primarina|[spread] p2a\n|-miss|p1b: Milotic|p2b: Primarina\n|-resisted|p2a: Scizor|1\n|-damage|p2a: Scizor|64/100\n|-unboost|p2a: Scizor|spe|1\n|move|p1a: Incineroar|Flare Blitz|p2a: Scizor\n|-supereffective|p2a: Scizor|2\n|-damage|p2a: Scizor|0 fnt\n|faint|p2a: Scizor\n|-damage|p1a: Incineroar|71/100|[from] Recoil\n|move|p2b: Primarina|Calm Mind|p2b: Primarina\n|-boost|p2b: Primarina|spa|1\n|-boost|p2b: Primarina|spd|1\n|\n|-heal|p2b: Primarina|67/100|[from] item: Leftovers\n|upkeep\n|\n|t:|1776106071\n|switch|p2a: Reuniclus|Reuniclus, L50, M, shiny|100/100\n|turn|8\n|\n|t:|1776106089\n|move|p1b: Milotic|Icy Wind|p2b: Primarina|[spread] p2a,p2b\n|-resisted|p2b: Primarina|1\n|-crit|p2b: Primarina\n|-damage|p2a: Reuniclus|92/100\n|-damage|p2b: Primarina|61/100\n|-unboost|p2a: Reuniclus|spe|1\n|-unboost|p2b: Primarina|spe|1\n|move|p1a: Incineroar|Throat Chop|p2a: Reuniclus\n|-supereffective|p2a: Reuniclus|1\n|-damage|p2a: Reuniclus|20/100\n|-start|p2a: Reuniclus|Throat Chop|[silent]\n|-enditem|p2a: Reuniclus|Sitrus Berry|[eat]\n|-heal|p2a: Reuniclus|45/100|[from] item: Sitrus Berry\n|move|p2b: Primarina|Hyper Voice|p1b: Milotic|[spread] p1a,p1b\n|-supereffective|p1a: Incineroar|1\n|-crit|p1a: Incineroar\n|-resisted|p1b: Milotic|1\n|-damage|p1a: Incineroar|0 fnt\n|-damage|p1b: Milotic|82/100\n|faint|p1a: Incineroar\n|move|p2a: Reuniclus|Trick Room|p2a: Reuniclus\n|-fieldstart|move: Trick Room|[of] p2a: Reuniclus\n|\n|-heal|p2b: Primarina|67/100|[from] item: Leftovers\n|-heal|p1b: Milotic|88/100|[from] item: Leftovers\n|upkeep\n|\n|t:|1776106101\n|switch|p1a: Sneasler|Sneasler, L50, M|13/100\n|turn|9\n|\n|t:|1776106115\n|move|p1a: Sneasler|Fake Out|p2b: Primarina\n|-damage|p2b: Primarina|55/100\n|move|p2a: Reuniclus|Psychic|p1a: Sneasler\n|-supereffective|p1a: Sneasler|2\n|-damage|p1a: Sneasler|0 fnt\n|faint|p1a: Sneasler\n|cant|p2b: Primarina|flinch\n|move|p1b: Milotic|Scald|p2a: Reuniclus\n|-damage|p2a: Reuniclus|18/100\n|-status|p2a: Reuniclus|brn\n|\n|-heal|p2b: Primarina|60/100|[from] item: Leftovers\n|-heal|p1b: Milotic|94/100|[from] item: Leftovers\n|-damage|p2a: Reuniclus|12/100 brn|[from] brn\n|-end|p2a: Reuniclus|Throat Chop|[silent]\n|upkeep\n|turn|10\n|\n|t:|1776106131\n|move|p2a: Reuniclus|Psychic|p1b: Milotic\n|-damage|p1b: Milotic|61/100\n|move|p2b: Primarina|Moonblast|p1b: Milotic\n|-damage|p1b: Milotic|10/100\n|move|p1b: Milotic|Recover|p1b: Milotic\n|-heal|p1b: Milotic|60/100\n|\n|-heal|p2b: Primarina|66/100|[from] item: Leftovers\n|-heal|p1b: Milotic|66/100|[from] item: Leftovers\n|-damage|p2a: Reuniclus|6/100 brn|[from] brn\n|upkeep\n|turn|11\n|\n|t:|1776106141\n|move|p1b: Milotic|Protect|p1b: Milotic\n|-singleturn|p1b: Milotic|Protect\n|move|p2a: Reuniclus|Psychic|p1b: Milotic\n|-activate|p1b: Milotic|move: Protect\n|move|p2b: Primarina|Moonblast|p1b: Milotic\n|-activate|p1b: Milotic|move: Protect\n|\n|-heal|p2b: Primarina|72/100|[from] item: Leftovers\n|-heal|p1b: Milotic|72/100|[from] item: Leftovers\n|-damage|p2a: Reuniclus|0 fnt|[from] brn\n|faint|p2a: Reuniclus\n|upkeep\n|\n|t:|1776106148\n|switch|p2a: Incineroar|Incineroar, L50, M|93/100\n|-ability|p2a: Incineroar|Intimidate|boost\n|-unboost|p1b: Milotic|atk|1\n|-ability|p1b: Milotic|Competitive|boost\n|-boost|p1b: Milotic|spa|2\n|turn|12\n|\n|t:|1776106165\n|move|p2a: Incineroar|Fake Out|p1b: Milotic\n|-damage|p1b: Milotic|63/100\n|move|p2b: Primarina|Calm Mind|p2b: Primarina\n|-boost|p2b: Primarina|spa|1\n|-boost|p2b: Primarina|spd|1\n|cant|p1b: Milotic|flinch\n|\n|-heal|p2b: Primarina|78/100|[from] item: Leftovers\n|-heal|p1b: Milotic|69/100|[from] item: Leftovers\n|-fieldend|move: Trick Room\n|upkeep\n|turn|13\n|\n|t:|1776106181\n|move|p1b: Milotic|Scald|p2a: Incineroar\n|-supereffective|p2a: Incineroar|1\n|-damage|p2a: Incineroar|18/100\n|move|p2a: Incineroar|Darkest Lariat|p1b: Milotic\n|-damage|p1b: Milotic|43/100\n|move|p2b: Primarina|Moonblast|p1b: Milotic\n|-damage|p1b: Milotic|0 fnt\n|faint|p1b: Milotic\n|\n|win|LforLeee\n|raw|mazto's rating: 1106 &rarr; <strong>1078</strong><br />(-28 for losing)\n|raw|LforLeee's rating: 1061 &rarr; <strong>1096</strong><br />(+35 for winning)\n|l|\u2606mazto\n|player|p1|\n",
  "uploadtime": 1776106192,
  "views": 15,
  "formatid": "gen9championsvgc2026regma",
  "rating": 1078,
  "private": 0,
  "password": null
}