{
  "id": "gen9championsvgc2026regma-2580627392",
  "format": "[Gen 9 Champions] VGC 2026 Reg M-A",
  "players": [
    "HardFreaQ",
    "MisterChicken26_"
  ],
  "log": "|j|\u2606HardFreaQ\n|j|\u2606MisterChicken26_\n|t:|1775919369\n|gametype|doubles\n|player|p1|HardFreaQ|102|\n|player|p2|MisterChicken26_|brycenman|\n|gen|9\n|tier|[Gen 9 Champions] VGC 2026 Reg M-A\n|rated|Tournament battle\n|rule|Species Clause: Limit one of each Pok\u00e9mon\n|rule|Item Clause: Limit 1 of each item\n|raw|<div class=\"infobox\"><details class=\"readmore\" open><summary><strong>1 custom rule:</strong></summary> Force Open Team Sheets</details></div>\n|clearpoke\n|poke|p1|Floette-Eternal, L50, F|\n|poke|p1|Aerodactyl, L50, F|\n|poke|p1|Garchomp, L50, F|\n|poke|p1|Delphox, L50, F|\n|poke|p1|Maushold-Four, L50|\n|poke|p1|Sneasler, L50, F|\n|poke|p2|Incineroar, L50, F|\n|poke|p2|Sinistcha-Masterpiece, L50|\n|poke|p2|Kingambit, L50, M|\n|poke|p2|Tyranitar, L50, M|\n|poke|p2|Kommo-o, L50, F|\n|poke|p2|Gengar, L50, F|\n|teampreview|4\n|showteam|p1|Floette-Eternal||Floettite|FlowerVeil|Moonblast,DazzlingGleam,CalmMind,Protect|||F|||50|]Aerodactyl||FocusSash|Unnerve|RockSlide,DualWingbeat,Tailwind,Protect|||F|||50|]Garchomp||SitrusBerry|RoughSkin|DragonClaw,Earthquake,RockSlide,Protect|||F|||50|]Delphox||Delphoxite|Blaze|HeatWave,Psychic,Encore,Protect|||F|||50|]Maushold-Four||ChopleBerry|FriendGuard|SuperFang,FollowMe,Taunt,Protect||||||50|]Sneasler||WhiteHerb|Unburden|DireClaw,CloseCombat,FakeOut,Protect|||F|||50|\n|showteam|p2|Incineroar||ShucaBerry|Intimidate|FakeOut,ThroatChop,Protect,PartingShot|||F|||50|]Sinistcha-Masterpiece||SitrusBerry|Hospitality|MatchaGotcha,RagePowder,Protect,LifeDew||||||50|]Kingambit||ChopleBerry|SupremeOverlord|IronHead,Protect,SuckerPunch,KowtowCleave|||M|||50|]Tyranitar||ChoiceScarf|SandStream|StoneEdge,IcePunch,LowKick,RockSlide|||M|||50|]Kommo-o|||Soundproof|ClangorousSoul,ClangingScales,AuraSphere,Protect|||F|||50|]Gengar||Gengarite|CursedBody|PerishSong,ShadowBall,Protect,Substitute|||F|||50|\n|inactive|Battle timer is ON: inactive players will automatically lose when time's up. (requested by HardFreaQ)\n|inactive|MisterChicken26_ also wants the timer to be on.\nMisterChicken26_ rejected open team sheets.\n|inactive|HardFreaQ has 60 seconds left.\n|\n|t:|1775919415\n|teamsize|p1|4\n|teamsize|p2|4\n|start\n|switch|p1a: Floette|Floette-Eternal, L50, F|100/100\n|switch|p1b: Maushold|Maushold-Four, L50|100/100\n|switch|p2a: Gengar|Gengar, L50, F, shiny|100/100\n|switch|p2b: Incineroar|Incineroar, L50, F, shiny|100/100\n|-ability|p2b: Incineroar|Intimidate|boost\n|-unboost|p1a: Floette|atk|1\n|-unboost|p1b: Maushold|atk|1\n|turn|1\n|\n|t:|1775919436\n|detailschange|p2a: Gengar|Gengar-Mega, L50, F, shiny\n|-mega|p2a: Gengar|Gengar|Gengarite\n|detailschange|p1a: Floette|Floette-Mega, L50, F\n|-mega|p1a: Floette|Floette|Floettite\n|-ability|p1a: Floette|Fairy Aura\n|move|p2b: Incineroar|Fake Out|p1a: Floette\n|-damage|p1a: Floette|91/100\n|move|p2a: Gengar|Perish Song|p2a: Gengar\n|-start|p1a: Floette|perish3|[silent]\n|-start|p1b: Maushold|perish3|[silent]\n|-start|p2a: Gengar|perish3|[silent]\n|-start|p2b: Incineroar|perish3|[silent]\n|-fieldactivate|move: Perish Song\n|move|p1b: Maushold|Super Fang|p2b: Incineroar\n|-damage|p2b: Incineroar|51/100\n|cant|p1a: Floette|flinch\n|\n|-start|p2a: Gengar|perish3\n|-start|p1b: Maushold|perish3\n|-start|p1a: Floette|perish3\n|-start|p2b: Incineroar|perish3\n|upkeep\n|turn|2\n|\n|t:|1775919455\n|move|p2a: Gengar|Protect|p2a: Gengar\n|-singleturn|p2a: Gengar|Protect\n|move|p2b: Incineroar|Protect|p2b: Incineroar\n|-singleturn|p2b: Incineroar|Protect\n|move|p1b: Maushold|Taunt|p2b: Incineroar\n|-activate|p2b: Incineroar|move: Protect\n|move|p1a: Floette|Calm Mind|p1a: Floette\n|-boost|p1a: Floette|spa|1\n|-boost|p1a: Floette|spd|1\n|\n|-start|p2a: Gengar|perish2\n|-start|p1b: Maushold|perish2\n|-start|p1a: Floette|perish2\n|-start|p2b: Incineroar|perish2\n|upkeep\n|turn|3\n|\n|t:|1775919472\n|switch|p2a: Sinistcha|Sinistcha-Masterpiece, L50|100/100\n|-heal|p2b: Incineroar|76/100|[from] ability: Hospitality|[of] p2a: Sinistcha\n|move|p1b: Maushold|Super Fang|p2b: Incineroar|[miss]\n|-miss|p1b: Maushold|p2b: Incineroar\n|move|p1a: Floette|Dazzling Gleam|p2b: Incineroar|[spread] p2a,p2b\n|-damage|p2a: Sinistcha|36/100\n|-damage|p2b: Incineroar|20/100\n|-enditem|p2a: Sinistcha|Sitrus Berry|[eat]\n|-heal|p2a: Sinistcha|61/100|[from] item: Sitrus Berry\n|move|p2b: Incineroar|Parting Shot|p1a: Floette\n|-unboost|p1a: Floette|atk|1\n|-unboost|p1a: Floette|spa|1\n|\n|t:|1775919474\n|switch|p2b: Gengar|Gengar-Mega, L50, F, shiny|100/100|[from] Parting Shot\n|\n|-start|p1b: Maushold|perish1\n|-start|p1a: Floette|perish1\n|upkeep\n|turn|4\n|c|\u2606MisterChicken26_|oh no\n|c|\u2606MisterChicken26_|i think they died\n|\n|t:|1775919492\n|move|p2b: Gengar|Protect|p2b: Gengar\n|-singleturn|p2b: Gengar|Protect\n|move|p2a: Sinistcha|Protect|p2a: Sinistcha\n|-singleturn|p2a: Sinistcha|Protect\n|move|p1b: Maushold|Super Fang|p1a: Floette\n|-damage|p1a: Floette|46/100\n|move|p1a: Floette|Moonblast|p1b: Maushold\n|-damage|p1b: Maushold|0 fnt\n|faint|p1b: Maushold\n|\n|-start|p1a: Floette|perish0\n|faint|p1a: Floette\n|upkeep\n|\n|t:|1775919496\n|switch|p1b: Sneasler|Sneasler, L50, F|100/100\n|switch|p1a: Aerodactyl|Aerodactyl, L50, F|100/100\n|-ability|p1a: Aerodactyl|Unnerve\n|turn|5\n|\n|t:|1775919506\n|move|p2a: Sinistcha|Protect||[still]\n|-fail|p2a: Sinistcha\n|move|p1a: Aerodactyl|Rock Slide|p2b: Gengar|[spread] p2a,p2b\n|-crit|p2b: Gengar\n|-damage|p2a: Sinistcha|40/100\n|-damage|p2b: Gengar|57/100\n|move|p2b: Gengar|Perish Song|p2b: Gengar\n|-start|p1a: Aerodactyl|perish3|[silent]\n|-start|p1b: Sneasler|perish3|[silent]\n|-start|p2a: Sinistcha|perish3|[silent]\n|-start|p2b: Gengar|perish3|[silent]\n|-fieldactivate|move: Perish Song\n|move|p1b: Sneasler|Dire Claw|p2b: Gengar\n|-resisted|p2b: Gengar|2\n|-damage|p2b: Gengar|43/100\n|\n|-start|p1a: Aerodactyl|perish3\n|-start|p2b: Gengar|perish3\n|-start|p1b: Sneasler|perish3\n|-start|p2a: Sinistcha|perish3\n|upkeep\n|turn|6\n|\n|t:|1775919513\n|move|p2b: Gengar|Protect|p2b: Gengar\n|-singleturn|p2b: Gengar|Protect\n|move|p2a: Sinistcha|Protect|p2a: Sinistcha\n|-singleturn|p2a: Sinistcha|Protect\n|move|p1a: Aerodactyl|Rock Slide|p2b: Gengar|[spread] \n|-activate|p2a: Sinistcha|move: Protect\n|-activate|p2b: Gengar|move: Protect\n|move|p1b: Sneasler|Dire Claw|p2a: Sinistcha\n|-activate|p2a: Sinistcha|move: Protect\n|\n|-start|p1a: Aerodactyl|perish2\n|-start|p2b: Gengar|perish2\n|-start|p1b: Sneasler|perish2\n|-start|p2a: Sinistcha|perish2\n|upkeep\n|turn|7\n|c|\u2606HardFreaQ|ifucked up\n|c|\u2606MisterChicken26_|how\n|c|\u2606HardFreaQ|i shoud have taunted incin\n|c|\u2606HardFreaQ|ggs\n|c|\u2606MisterChicken26_|gg\n|c|\u2606HardFreaQ|if i taunt\n|c|\u2606HardFreaQ|you cant parting\n|c|\u2606HardFreaQ|and i can switch\n|c|\u2606HardFreaQ|;_;\n|inactive|HardFreaQ has 30 seconds left.\n|-message|HardFreaQ forfeited.\n|\n|win|MisterChicken26_\n|n|\u2606HardFreaQ|hardfreaq\n|n|\u2606MisterChicken26_|misterchicken26\n",
  "uploadtime": 1775919543,
  "views": 11,
  "formatid": "gen9championsvgc2026regma",
  "rating": null,
  "private": 0,
  "password": null
}