{
  "id": "gen9championsvgc2026regma-2586662985",
  "format": "[Gen 9 Champions] VGC 2026 Reg M-A",
  "players": [
    "Ranmados",
    "BrewedTea"
  ],
  "log": "|j|\u2606Ranmados\n|j|\u2606BrewedTea\n|t:|1776450302\n|gametype|doubles\n|player|p1|Ranmados|coin|1252\n|player|p2|BrewedTea|pokemaniac|1186\n|gen|9\n|tier|[Gen 9 Champions] VGC 2026 Reg M-A\n|rated|\n|rule|Species Clause: Limit one of each Pok\u00e9mon\n|rule|Item Clause: Limit 1 of each item\n|clearpoke\n|poke|p1|Hawlucha, L50, F|\n|poke|p1|Maushold-Four, L50|\n|poke|p1|Snorlax, L50, M|\n|poke|p1|Rotom-Wash, L50|\n|poke|p1|Delphox, L50, F|\n|poke|p1|Garchomp, L50, M|\n|poke|p2|Aggron, L50, M|\n|poke|p2|Sinistcha, L50|\n|poke|p2|Incineroar, L50, F|\n|poke|p2|Tyranitar, L50, M|\n|poke|p2|Farigiraf, L50, M|\n|poke|p2|Araquanid, L50, M|\n|teampreview|4\n|inactive|Battle timer is ON: inactive players will automatically lose when time's up. (requested by BrewedTea)\n|\n|t:|1776450329\n|teamsize|p1|4\n|teamsize|p2|4\n|start\n|switch|p1a: Hawlucha|Hawlucha, L50, F|100/100\n|switch|p1b: Snorlax|Snorlax, L50, M|100/100\n|switch|p2a: Incineroar|Incineroar, L50, F|100/100\n|switch|p2b: Farigiraf|Farigiraf, L50, M|100/100\n|-ability|p2a: Incineroar|Intimidate|boost\n|-unboost|p1a: Hawlucha|atk|1\n|-unboost|p1b: Snorlax|atk|1\n|turn|1\n|\n|t:|1776450338\n|detailschange|p1a: Hawlucha|Hawlucha-Mega, L50, F\n|-mega|p1a: Hawlucha|Hawlucha|Hawluchanite\n|move|p2a: Incineroar|Fake Out|p1a: Hawlucha\n|-damage|p1a: Hawlucha|88/100\n|cant|p1a: Hawlucha|flinch\n|move|p1b: Snorlax|Stockpile|p1b: Snorlax\n|-start|p1b: Snorlax|stockpile1\n|-boost|p1b: Snorlax|def|1\n|-boost|p1b: Snorlax|spd|1\n|move|p2b: Farigiraf|Trick Room|p2b: Farigiraf\n|-fieldstart|move: Trick Room|[of] p2b: Farigiraf\n|\n|upkeep\n|turn|2\n|\n|t:|1776450351\n|switch|p1a: Maushold|Maushold-Four, L50|100/100\n|move|p1b: Snorlax|Stockpile|p1b: Snorlax\n|-start|p1b: Snorlax|stockpile2\n|-boost|p1b: Snorlax|def|1\n|-boost|p1b: Snorlax|spd|1\n|move|p2a: Incineroar|Acrobatics|p1a: Maushold\n|-damage|p1a: Maushold|83/100\n|move|p2b: Farigiraf|Psychic Noise|p1a: Maushold\n|-damage|p1a: Maushold|41/100\n|-start|p1a: Maushold|move: Heal Block\n|\n|upkeep\n|turn|3\n|\n|t:|1776450369\n|move|p1a: Maushold|Protect|p1a: Maushold\n|-singleturn|p1a: Maushold|Protect\n|move|p1b: Snorlax|Stockpile|p1b: Snorlax\n|-start|p1b: Snorlax|stockpile3\n|-boost|p1b: Snorlax|def|1\n|-boost|p1b: Snorlax|spd|1\n|move|p2a: Incineroar|Flare Blitz|p1b: Snorlax\n|-damage|p1b: Snorlax|96/100\n|-damage|p2a: Incineroar|99/100|[from] Recoil\n|move|p2b: Farigiraf|Hyper Voice|p1a: Maushold|[spread] p1b\n|-activate|p1a: Maushold|move: Protect\n|-damage|p1b: Snorlax|92/100\n|\n|-heal|p1b: Snorlax|98/100|[from] item: Leftovers\n|-end|p1a: Maushold|move: Heal Block\n|upkeep\n|turn|4\n|\n|t:|1776450379\n|move|p1a: Maushold|Follow Me|p1a: Maushold\n|-singleturn|p1a: Maushold|move: Follow Me\n|move|p1b: Snorlax|Body Press|p2a: Incineroar\n|-supereffective|p2a: Incineroar|1\n|-crit|p2a: Incineroar\n|-enditem|p2a: Incineroar|Chople Berry|[eat]\n|-enditem|p2a: Incineroar|Chople Berry|[weaken]\n|-damage|p2a: Incineroar|41/100\n|move|p2a: Incineroar|Flare Blitz|p1a: Maushold\n|-damage|p1a: Maushold|0 fnt\n|faint|p1a: Maushold\n|-damage|p2a: Incineroar|29/100|[from] Recoil\n|move|p2b: Farigiraf|Hyper Voice|p1b: Snorlax\n|-damage|p1b: Snorlax|90/100\n|\n|-heal|p1b: Snorlax|96/100|[from] item: Leftovers\n|upkeep\n|\n|t:|1776450390\n|switch|p1a: Hawlucha|Hawlucha-Mega, L50, F|88/100\n|turn|5\n|\n|t:|1776450399\n|move|p1a: Hawlucha|Detect|p1a: Hawlucha\n|-singleturn|p1a: Hawlucha|Protect\n|move|p1b: Snorlax|Body Press|p2a: Incineroar\n|-supereffective|p2a: Incineroar|1\n|-damage|p2a: Incineroar|0 fnt\n|faint|p2a: Incineroar\n|move|p2b: Farigiraf|Psychic Noise|p1a: Hawlucha\n|-activate|p1a: Hawlucha|move: Protect\n|\n|-heal|p1b: Snorlax|100/100|[from] item: Leftovers\n|-fieldend|move: Trick Room\n|upkeep\n|\n|t:|1776450404\n|switch|p2a: Aggron|Aggron, L50, M|100/100\n|turn|6\n|inactive|BrewedTea has 30 seconds left.\n|inactive|BrewedTea has 20 seconds left.\n|\n|t:|1776450442\n|move|p1a: Hawlucha|Entrainment|p1b: Snorlax\n|-ability|p1b: Snorlax|No Guard|Thick Fat|[from] move: Entrainment|[of] p1a: Hawlucha\n|move|p2a: Aggron|Iron Defense|p2a: Aggron\n|-boost|p2a: Aggron|def|2\n|move|p1b: Snorlax|Fissure|p2b: Farigiraf\n|-damage|p2b: Farigiraf|0 fnt\n|faint|p2b: Farigiraf\n|-ohko\n|\n|upkeep\n|\n|t:|1776450450\n|switch|p2b: Araquanid|Araquanid, L50, M|100/100\n|turn|7\n|\n|t:|1776450461\n|move|p1a: Hawlucha|Entrainment|p2a: Aggron\n|-ability|p2a: Aggron|No Guard|Sturdy|[from] move: Entrainment|[of] p1a: Hawlucha\n|move|p2a: Aggron|Iron Defense|p2a: Aggron\n|-boost|p2a: Aggron|def|2\n|move|p2b: Araquanid|Liquidation|p1b: Snorlax\n|-damage|p1b: Snorlax|87/100\n|cant|p1b: Snorlax|flinch\n|\n|-heal|p1b: Snorlax|93/100|[from] item: Leftovers\n|upkeep\n|turn|8\n|\n|t:|1776450472\n|move|p1a: Hawlucha|Dual Wingbeat|p2b: Araquanid\n|-supereffective|p2b: Araquanid|1\n|-damage|p2b: Araquanid|52/100\n|-supereffective|p2b: Araquanid|1\n|-damage|p2b: Araquanid|8/100\n|-hitcount|p2b: Araquanid|2\n|move|p2a: Aggron|Body Press|p1b: Snorlax\n|-supereffective|p1b: Snorlax|1\n|-damage|p1b: Snorlax|38/100\n|move|p2b: Araquanid|Liquidation|p1b: Snorlax\n|-damage|p1b: Snorlax|24/100\n|move|p1b: Snorlax|Fissure|p2a: Aggron\n|-damage|p2a: Aggron|0 fnt\n|faint|p2a: Aggron\n|-ohko\n|\n|-heal|p1b: Snorlax|30/100|[from] item: Leftovers\n|upkeep\n|turn|9\n|-message|BrewedTea forfeited.\n|\n|win|Ranmados\n|raw|Ranmados's rating: 1252 &rarr; <strong>1272</strong><br />(+20 for winning)\n|raw|BrewedTea's rating: 1186 &rarr; <strong>1166</strong><br />(-20 for losing)\n|l|\u2606BrewedTea\n|player|p2|\n",
  "uploadtime": 1776450496,
  "views": 26,
  "formatid": "gen9championsvgc2026regma",
  "rating": 1166,
  "private": 0,
  "password": null
}