{
  "id": "gen9championsvgc2026regma-2583476484",
  "format": "[Gen 9 Champions] VGC 2026 Reg M-A",
  "players": [
    "fdhdfgdfgdfg",
    "N3verm0re"
  ],
  "log": "|j|\u2606fdhdfgdfgdfg\n|j|\u2606N3verm0re\n|t:|1776178090\n|gametype|doubles\n|player|p1|fdhdfgdfgdfg|101|1133\n|player|p2|N3verm0re|101|1115\n|gen|9\n|tier|[Gen 9 Champions] VGC 2026 Reg M-A\n|rated|\n|rule|Species Clause: Limit one of each Pok\u00e9mon\n|rule|Item Clause: Limit 1 of each item\n|clearpoke\n|poke|p1|Starmie, L50|\n|poke|p1|Garchomp, L50, M|\n|poke|p1|Incineroar, L50, M|\n|poke|p1|Vivillon-Modern, L50, F|\n|poke|p1|Sneasler, L50, M|\n|poke|p1|Sinistcha, L50|\n|poke|p2|Camerupt, L50, F|\n|poke|p2|Alakazam, L50, F|\n|poke|p2|Sinistcha, L50|\n|poke|p2|Whimsicott, L50, M|\n|poke|p2|Rotom-Wash, L50|\n|poke|p2|Garchomp, L50, F|\n|teampreview|4\n|inactive|Battle timer is ON: inactive players will automatically lose when time's up. (requested by fdhdfgdfgdfg)\n|\n|t:|1776178106\n|teamsize|p1|4\n|teamsize|p2|4\n|start\n|switch|p1a: Vivillon|Vivillon-Modern, L50, F|100/100\n|switch|p1b: Sneasler|Sneasler, L50, M|100/100\n|switch|p2a: Alakazam|Alakazam, L50, F|100/100\n|switch|p2b: Camerupt|Camerupt, L50, F, shiny|100/100\n|turn|1\n|inactive|fdhdfgdfgdfg has 30 seconds left.\n|\n|t:|1776178134\n|switch|p1b: Garchomp|Garchomp, L50, M|100/100\n|detailschange|p2b: Camerupt|Camerupt-Mega, L50, F, shiny\n|-mega|p2b: Camerupt|Camerupt|Cameruptite\n|move|p2a: Alakazam|Psychic|p1b: Garchomp\n|-damage|p1b: Garchomp|44/100\n|move|p1a: Vivillon|Sleep Powder|p2b: Camerupt\n|-status|p2b: Camerupt|slp|[from] move: Sleep Powder\n|cant|p2b: Camerupt|slp\n|\n|upkeep\n|turn|2\n|\n|t:|1776178152\n|move|p1b: Garchomp|Rock Slide|p2a: Alakazam|[spread] p2a,p2b\n|-damage|p2a: Alakazam|50/100\n|-damage|p2b: Camerupt|80/100 slp\n|move|p2a: Alakazam|Psychic|p1b: Garchomp\n|-damage|p1b: Garchomp|0 fnt\n|faint|p1b: Garchomp\n|move|p1a: Vivillon|Tailwind|p1a: Vivillon\n|-sidestart|p1: fdhdfgdfgdfg|move: Tailwind\n|cant|p2b: Camerupt|slp\n|\n|upkeep\n|\n|t:|1776178166\n|switch|p1b: Starmie|Starmie, L50|100/100\n|turn|3\n|\n|t:|1776178177\n|switch|p2b: Whimsicott|Whimsicott, L50, M|100/100\n|detailschange|p1b: Starmie|Starmie-Mega, L50\n|-mega|p1b: Starmie|Starmie|Starminite\n|move|p1b: Starmie|Liquidation|p2b: Whimsicott\n|-resisted|p2b: Whimsicott|1\n|-damage|p2b: Whimsicott|65/100\n|move|p1a: Vivillon|Pollen Puff|p2a: Alakazam\n|-supereffective|p2a: Alakazam|1\n|-damage|p2a: Alakazam|0 fnt\n|faint|p2a: Alakazam\n|\n|upkeep\n|\n|t:|1776178192\n|switch|p2a: Garchomp|Garchomp, L50, F|100/100\n|turn|4\n|\n|t:|1776178199\n|move|p1b: Starmie|Protect|p1b: Starmie\n|-singleturn|p1b: Starmie|Protect\n|move|p2b: Whimsicott|Tailwind|p2b: Whimsicott\n|-sidestart|p2: N3verm0re|move: Tailwind\n|move|p1a: Vivillon|Sleep Powder|p2a: Garchomp\n|-status|p2a: Garchomp|slp|[from] move: Sleep Powder\n|cant|p2a: Garchomp|slp\n|\n|upkeep\n|turn|5\n|\n|t:|1776178213\n|move|p2b: Whimsicott|Sunny Day|p2b: Whimsicott\n|-weather|SunnyDay\n|move|p1b: Starmie|Zen Headbutt|p2b: Whimsicott\n|-damage|p2b: Whimsicott|0 fnt\n|faint|p2b: Whimsicott\n|move|p1a: Vivillon|Rain Dance|p1a: Vivillon\n|-weather|RainDance\n|-curestatus|p2a: Garchomp|slp|[msg]\n|move|p2a: Garchomp|Rock Slide|p1a: Vivillon|[spread] p1a,p1b\n|-supereffective|p1a: Vivillon|2\n|-enditem|p1a: Vivillon|Focus Sash\n|-damage|p1a: Vivillon|1/100\n|-damage|p1b: Starmie|72/100\n|\n|-weather|RainDance|[upkeep]\n|-sideend|p1: fdhdfgdfgdfg|move: Tailwind\n|upkeep\n|\n|t:|1776178220\n|switch|p2b: Camerupt|Camerupt-Mega, L50, F, shiny|80/100 slp\n|turn|6\n|\n|t:|1776178234\n|move|p1b: Starmie|Protect|p1b: Starmie\n|-singleturn|p1b: Starmie|Protect\n|-curestatus|p2b: Camerupt|slp|[msg]\n|move|p2b: Camerupt|Protect|p2b: Camerupt\n|-singleturn|p2b: Camerupt|Protect\n|move|p2a: Garchomp|Rock Slide|p1a: Vivillon|[spread] p1a\n|-activate|p1b: Starmie|move: Protect\n|-supereffective|p1a: Vivillon|2\n|-damage|p1a: Vivillon|0 fnt\n|faint|p1a: Vivillon\n|\n|-weather|RainDance|[upkeep]\n|upkeep\n|\n|t:|1776178241\n|switch|p1a: Sneasler|Sneasler, L50, M|100/100\n|turn|7\n|\n|t:|1776178257\n|move|p2b: Camerupt|Protect|p2b: Camerupt\n|-singleturn|p2b: Camerupt|Protect\n|move|p1a: Sneasler|Fake Out|p2a: Garchomp\n|-damage|p2a: Garchomp|87/100\n|cant|p2a: Garchomp|flinch\n|move|p1b: Starmie|Liquidation|p2b: Camerupt\n|-activate|p2b: Camerupt|move: Protect\n|\n|-weather|RainDance|[upkeep]\n|-sideend|p2: N3verm0re|move: Tailwind\n|upkeep\n|turn|8\n|\n|t:|1776178271\n|move|p1a: Sneasler|Coaching|p1b: Starmie\n|-boost|p1b: Starmie|atk|1\n|-boost|p1b: Starmie|def|1\n|move|p1b: Starmie|Liquidation|p2a: Garchomp\n|-crit|p2a: Garchomp\n|-damage|p2a: Garchomp|0 fnt\n|faint|p2a: Garchomp\n|move|p2b: Camerupt|Earth Power|p1a: Sneasler\n|-supereffective|p1a: Sneasler|1\n|-damage|p1a: Sneasler|0 fnt\n|faint|p1a: Sneasler\n|\n|-weather|RainDance|[upkeep]\n|upkeep\n|turn|9\n|\n|t:|1776178281\n|move|p1b: Starmie|Liquidation|p2b: Camerupt\n|-supereffective|p2b: Camerupt|2\n|-damage|p2b: Camerupt|0 fnt\n|faint|p2b: Camerupt\n|\n|win|fdhdfgdfgdfg\n|raw|fdhdfgdfgdfg's rating: 1133 &rarr; <strong>1157</strong><br />(+24 for winning)\n|raw|N3verm0re's rating: 1115 &rarr; <strong>1091</strong><br />(-24 for losing)\n|c|\u2606N3verm0re|Gg\n|l|\u2606N3verm0re\n|player|p2|\n",
  "uploadtime": 1776178288,
  "views": 13,
  "formatid": "gen9championsvgc2026regma",
  "rating": 1091,
  "private": 0,
  "password": null
}