{
  "id": "gen9championsvgc2026regma-2585725026",
  "format": "[Gen 9 Champions] VGC 2026 Reg M-A",
  "players": [
    "icponma",
    "eldiablotyCham"
  ],
  "log": "|j|\u2606icponma\n|j|\u2606eldiablotyCham\n|t:|1776366275\n|gametype|doubles\n|player|p1|icponma|101|1083\n|player|p2|eldiablotyCham|170|1049\n|gen|9\n|tier|[Gen 9 Champions] VGC 2026 Reg M-A\n|rated|\n|rule|Species Clause: Limit one of each Pok\u00e9mon\n|rule|Item Clause: Limit 1 of each item\n|clearpoke\n|poke|p1|Basculegion, L50, M|\n|poke|p1|Pelipper, L50, F|\n|poke|p1|Dragonite, L50, F|\n|poke|p1|Sneasler, L50, M|\n|poke|p1|Glimmora, L50, M|\n|poke|p1|Sinistcha, L50|\n|poke|p2|Aerodactyl, L50, M|\n|poke|p2|Tyranitar, L50, M|\n|poke|p2|Aegislash, L50, F|\n|poke|p2|Garchomp, L50, F|\n|poke|p2|Rotom-Wash, L50|\n|poke|p2|Sneasler, L50, F|\n|teampreview|4\n|\n|t:|1776366306\n|teamsize|p1|4\n|teamsize|p2|4\n|start\n|switch|p1a: Dragonite|Dragonite, L50, F|100/100\n|switch|p1b: Pelipper|Pelipper, L50, F|100/100\n|switch|p2a: Aerodactyl|Aerodactyl, L50, M, shiny|100/100\n|switch|p2b: Aegislash|Aegislash, L50, F, shiny|100/100\n|-ability|p2a: Aerodactyl|Unnerve\n|-weather|RainDance|[from] ability: Drizzle|[of] p1b: Pelipper\n|turn|1\n|\n|t:|1776366325\n|switch|p2b: Tyranitar|Tyranitar, L50, M, shiny|100/100\n|-weather|Sandstorm|[from] ability: Sand Stream|[of] p2b: Tyranitar\n|detailschange|p1a: Dragonite|Dragonite-Mega, L50, F\n|-mega|p1a: Dragonite|Dragonite|Dragoninite\n|move|p2a: Aerodactyl|Rock Slide|p1b: Pelipper|[spread] p1a,p1b\n|-supereffective|p1a: Dragonite|1\n|-supereffective|p1b: Pelipper|1\n|-damage|p1a: Dragonite|75/100\n|-damage|p1b: Pelipper|26/100\n|move|p1a: Dragonite|Thunder|p2a: Aerodactyl\n|-supereffective|p2a: Aerodactyl|1\n|-damage|p2a: Aerodactyl|18/100\n|-status|p2a: Aerodactyl|par\n|move|p1b: Pelipper|Tailwind|p1b: Pelipper\n|-sidestart|p1: icponma|move: Tailwind\n|\n|-weather|Sandstorm|[upkeep]\n|-damage|p1a: Dragonite|69/100|[from] Sandstorm\n|-damage|p1b: Pelipper|20/100|[from] Sandstorm\n|upkeep\n|turn|2\n|\n|t:|1776366381\n|switch|p1b: Sinistcha|Sinistcha, L50|100/100\n|-heal|p1a: Dragonite|94/100|[from] ability: Hospitality|[of] p1b: Sinistcha\n|move|p2a: Aerodactyl|Protect|p2a: Aerodactyl\n|-singleturn|p2a: Aerodactyl|Protect\n|move|p1a: Dragonite|Draco Meteor|p2b: Tyranitar|[miss]\n|-miss|p1a: Dragonite|p2b: Tyranitar\n|move|p2b: Tyranitar|Rock Slide|p1b: Sinistcha|[spread] p1a,p1b\n|-supereffective|p1a: Dragonite|1\n|-damage|p1a: Dragonite|37/100\n|-damage|p1b: Sinistcha|76/100\n|\n|-weather|Sandstorm|[upkeep]\n|-damage|p1a: Dragonite|31/100|[from] Sandstorm\n|-damage|p1b: Sinistcha|70/100|[from] Sandstorm\n|-heal|p1b: Sinistcha|76/100|[from] item: Leftovers\n|upkeep\n|turn|3\n|inactive|Battle timer is ON: inactive players will automatically lose when time's up. (requested by icponma)\n|\n|t:|1776366435\n|switch|p2a: Aegislash|Aegislash, L50, F, shiny|100/100\n|detailschange|p2b: Tyranitar|Tyranitar-Mega, L50, M, shiny\n|-mega|p2b: Tyranitar|Tyranitar|Tyranitarite\n|move|p1a: Dragonite|Protect|p1a: Dragonite\n|-singleturn|p1a: Dragonite|Protect\n|move|p1b: Sinistcha|Matcha Gotcha|p2b: Tyranitar|[spread] p2a,p2b\n|-resisted|p2a: Aegislash|1\n|-supereffective|p2b: Tyranitar|1\n|-damage|p2a: Aegislash|91/100\n|-heal|p1b: Sinistcha|81/100|[from] drain|[of] p2a: Aegislash\n|-damage|p2b: Tyranitar|71/100\n|-heal|p1b: Sinistcha|96/100|[from] drain|[of] p2b: Tyranitar\n|move|p2b: Tyranitar|Rock Slide|p1b: Sinistcha|[spread] \n|-activate|p1a: Dragonite|move: Protect\n|-miss|p2b: Tyranitar|p1b: Sinistcha\n|\n|-weather|Sandstorm|[upkeep]\n|-damage|p1a: Dragonite|25/100|[from] Sandstorm\n|-damage|p1b: Sinistcha|90/100|[from] Sandstorm\n|-heal|p1b: Sinistcha|96/100|[from] item: Leftovers\n|upkeep\n|turn|4\n|inactive|eldiablotyCham has 30 seconds left.\n|inactive|icponma has 30 seconds left.\n|inactive|eldiablotyCham has 20 seconds left.\n|inactive|eldiablotyCham has 15 seconds left.\n|\n|t:|1776366478\n|switch|p1a: Pelipper|Pelipper, L50, F|20/100\n|-weather|RainDance|[from] ability: Drizzle|[of] p1a: Pelipper\n|move|p2b: Tyranitar|Protect|p2b: Tyranitar\n|-singleturn|p2b: Tyranitar|Protect\n|move|p1b: Sinistcha|Matcha Gotcha|p2a: Aegislash|[spread] p2a\n|-activate|p2b: Tyranitar|move: Protect\n|-resisted|p2a: Aegislash|1\n|-damage|p2a: Aegislash|81/100\n|-heal|p1b: Sinistcha|100/100|[from] drain|[of] p2a: Aegislash\n|-formechange|p2a: Aegislash|Aegislash-Blade|\n|move|p2a: Aegislash|Poltergeist|p1b: Sinistcha\n|-activate|p1b: Sinistcha|move: Poltergeist|Leftovers\n|-supereffective|p1b: Sinistcha|1\n|-damage|p1b: Sinistcha|0 fnt\n|faint|p1b: Sinistcha\n|\n|-weather|RainDance|[upkeep]\n|-sideend|p1: icponma|move: Tailwind\n|upkeep\n|\n|t:|1776366496\n|switch|p1b: Basculegion|Basculegion, L50, M|100/100\n|turn|5\n|\n|t:|1776366507\n|switch|p2b: Rotom|Rotom-Wash, L50|100/100\n|-formechange|p2a: Aegislash|Aegislash|\n|move|p2a: Aegislash|King's Shield|p2a: Aegislash\n|-singleturn|p2a: Aegislash|Protect\n|move|p1b: Basculegion|Last Respects|p2a: Aegislash\n|-activate|p2a: Aegislash|move: Protect\n|move|p1a: Pelipper|Weather Ball|p2b: Rotom\n|-resisted|p2b: Rotom|1\n|-damage|p2b: Rotom|61/100\n|\n|-weather|RainDance|[upkeep]\n|upkeep\n|turn|6\n|inactive|icponma has 30 seconds left.\n|inactive|eldiablotyCham has 30 seconds left.\n|inactive|icponma has 20 seconds left.\n|inactive|eldiablotyCham has 20 seconds left.\n|inactive|eldiablotyCham has 15 seconds left.\n|\n|t:|1776366552\n|switch|p2b: Tyranitar|Tyranitar-Mega, L50, M, shiny|71/100\n|-weather|Sandstorm|[from] ability: Sand Stream|[of] p2b: Tyranitar\n|move|p1a: Pelipper|Wide Guard|p1a: Pelipper\n|-singleturn|p1a: Pelipper|Wide Guard\n|move|p1b: Basculegion|Last Respects|p2a: Aegislash\n|-supereffective|p2a: Aegislash|1\n|-damage|p2a: Aegislash|0 fnt\n|faint|p2a: Aegislash\n|\n|-weather|Sandstorm|[upkeep]\n|-damage|p1b: Basculegion|94/100|[from] Sandstorm\n|-damage|p1a: Pelipper|14/100|[from] Sandstorm\n|upkeep\n|\n|t:|1776366571\n|switch|p2a: Aerodactyl|Aerodactyl, L50, M, shiny|18/100 par\n|-ability|p2a: Aerodactyl|Unnerve\n|turn|7\n|\n|t:|1776366595\n|switch|p1b: Dragonite|Dragonite-Mega, L50, F|25/100\n|move|p2a: Aerodactyl|Protect|p2a: Aerodactyl\n|-singleturn|p2a: Aerodactyl|Protect\n|move|p2b: Tyranitar|Knock Off|p1b: Dragonite\n|-damage|p1b: Dragonite|0 fnt\n|faint|p1b: Dragonite\n|move|p1a: Pelipper|Weather Ball|p2a: Aerodactyl\n|-activate|p2a: Aerodactyl|move: Protect\n|\n|-weather|Sandstorm|[upkeep]\n|-damage|p1a: Pelipper|9/100|[from] Sandstorm\n|upkeep\n|\n|t:|1776366608\n|switch|p1b: Basculegion|Basculegion, L50, M|94/100\n|turn|8\n|inactive|eldiablotyCham has 30 seconds left.\n|inactive|eldiablotyCham has 20 seconds left.\n|inactive|eldiablotyCham has 15 seconds left.\n|inactive|eldiablotyCham has 10 seconds left.\n|\n|t:|1776366655\n|move|p2b: Tyranitar|Protect|p2b: Tyranitar\n|-singleturn|p2b: Tyranitar|Protect\n|move|p1b: Basculegion|Wave Crash|p2b: Tyranitar\n|-activate|p2b: Tyranitar|move: Protect\n|move|p1a: Pelipper|Weather Ball|p2a: Aerodactyl\n|-supereffective|p2a: Aerodactyl|1\n|-damage|p2a: Aerodactyl|0 fnt\n|faint|p2a: Aerodactyl\n|\n|-weather|Sandstorm|[upkeep]\n|-damage|p1b: Basculegion|88/100|[from] Sandstorm\n|-damage|p1a: Pelipper|3/100|[from] Sandstorm\n|upkeep\n|\n|t:|1776366666\n|switch|p2a: Rotom|Rotom-Wash, L50|61/100\n|turn|9\n|inactive|icponma has 30 seconds left.\n|\n|t:|1776366698\n|move|p1b: Basculegion|Wave Crash|p2b: Tyranitar\n|-supereffective|p2b: Tyranitar|1\n|-damage|p2b: Tyranitar|0 fnt\n|faint|p2b: Tyranitar\n|-damage|p1b: Basculegion|66/100|[from] Recoil\n|move|p2a: Rotom|Thunderbolt|p1b: Basculegion\n|-supereffective|p1b: Basculegion|1\n|-damage|p1b: Basculegion|0 fnt\n|faint|p1b: Basculegion\n|move|p1a: Pelipper|Weather Ball|p2a: Rotom\n|-damage|p2a: Rotom|22/100\n|\n|-weather|Sandstorm|[upkeep]\n|-damage|p2a: Rotom|16/100|[from] Sandstorm\n|-damage|p1a: Pelipper|0 fnt|[from] Sandstorm\n|faint|p1a: Pelipper\n|\n|win|eldiablotyCham\n|raw|icponma's rating: 1083 &rarr; <strong>1058</strong><br />(-25 for losing)\n|raw|eldiablotyCham's rating: 1049 &rarr; <strong>1085</strong><br />(+36 for winning)\n|l|\u2606icponma\n|player|p1|\n",
  "uploadtime": 1776366698,
  "views": 26,
  "formatid": "gen9championsvgc2026regma",
  "rating": 1058,
  "private": 0,
  "password": null
}