{
  "id": "gen9championsvgc2026regma-2588610659",
  "format": "[Gen 9 Champions] VGC 2026 Reg M-A",
  "players": [
    "blue schucle",
    "minosakelu"
  ],
  "log": "|j|\u2606blue schucle\n|j|\u2606minosakelu\n|t:|1776649888\n|gametype|doubles\n|player|p1|blue schucle|lance|1307\n|player|p2|minosakelu|101|1375\n|gen|9\n|tier|[Gen 9 Champions] VGC 2026 Reg M-A\n|rated|\n|rule|Species Clause: Limit one of each Pok\u00e9mon\n|rule|Item Clause: Limit 1 of each item\n|clearpoke\n|poke|p1|Tauros-Paldea-Aqua, L50, M, shiny|\n|poke|p1|Incineroar, L50, F|\n|poke|p1|Snorlax, L50, M, shiny|\n|poke|p1|Scovillain, L50, F|\n|poke|p1|Sneasler, L50, F|\n|poke|p1|Garchomp, L50, M|\n|poke|p2|Kangaskhan, L50, F|\n|poke|p2|Sinistcha, L50|\n|poke|p2|Hatterene, L50, F|\n|poke|p2|Incineroar, L50, F|\n|poke|p2|Kingambit, L50, M|\n|poke|p2|Rotom-Wash, L50|\n|teampreview|4\n|inactive|Battle timer is ON: inactive players will automatically lose when time's up. (requested by blue schucle)\n|\n|t:|1776649932\n|teamsize|p1|4\n|teamsize|p2|4\n|start\n|switch|p1a: Montezuma|Snorlax, L50, M, shiny|100/100\n|switch|p1b: John incine|Incineroar, L50, F|100/100\n|switch|p2a: Kingambit|Kingambit, L50, M|100/100\n|switch|p2b: Incineroar|Incineroar, L50, F|100/100\n|-ability|p1b: John incine|Intimidate|boost\n|-unboost|p2a: Kingambit|atk|1\n|-ability|p2a: Kingambit|Defiant|boost\n|-boost|p2a: Kingambit|atk|2\n|-unboost|p2b: Incineroar|atk|1\n|-ability|p2b: Incineroar|Intimidate|boost\n|-unboost|p1a: Montezuma|atk|1\n|-unboost|p1b: John incine|atk|1\n|turn|1\n|inactive|blue schucle has 30 seconds left.\n|\n|t:|1776649962\n|move|p2b: Incineroar|Fake Out|p1a: Montezuma\n|-damage|p1a: Montezuma|96/100\n|move|p1b: John incine|Will-O-Wisp|p2a: Kingambit\n|-status|p2a: Kingambit|brn\n|move|p2a: Kingambit|Swords Dance|p2a: Kingambit\n|-boost|p2a: Kingambit|atk|2\n|cant|p1a: Montezuma|flinch\n|\n|-heal|p1a: Montezuma|100/100|[from] item: Leftovers\n|-damage|p2a: Kingambit|94/100 brn|[from] brn\n|upkeep\n|turn|2\n|\n|t:|1776649979\n|move|p1b: John incine|Flare Blitz|p2a: Kingambit\n|-supereffective|p2a: Kingambit|1\n|-damage|p2a: Kingambit|56/100 brn\n|-damage|p1b: John incine|89/100|[from] Recoil\n|move|p2b: Incineroar|Parting Shot|p1a: Montezuma\n|-unboost|p1a: Montezuma|atk|1\n|-unboost|p1a: Montezuma|spa|1\n|\n|t:|1776649998\n|switch|p2b: Hatterene|Hatterene, L50, F|100/100|[from] Parting Shot\n|move|p2a: Kingambit|Swords Dance|p2a: Kingambit\n|-boost|p2a: Kingambit|atk|2\n|move|p1a: Montezuma|Stockpile|p1a: Montezuma\n|-start|p1a: Montezuma|stockpile1\n|-boost|p1a: Montezuma|def|1\n|-boost|p1a: Montezuma|spd|1\n|\n|-heal|p2a: Kingambit|62/100 brn|[from] item: Leftovers\n|-damage|p2a: Kingambit|56/100 brn|[from] brn\n|upkeep\n|turn|3\n|\n|t:|1776650018\n|move|p1b: John incine|Flare Blitz|p2a: Kingambit\n|-supereffective|p2a: Kingambit|1\n|-damage|p2a: Kingambit|21/100 brn\n|-damage|p1b: John incine|78/100|[from] Recoil\n|move|p2a: Kingambit|Iron Head|p1a: Montezuma\n|-damage|p1a: Montezuma|69/100\n|cant|p1a: Montezuma|flinch\n|move|p2b: Hatterene|Trick Room|p2b: Hatterene\n|-fieldstart|move: Trick Room|[of] p2b: Hatterene\n|\n|-heal|p1a: Montezuma|75/100|[from] item: Leftovers\n|-heal|p2a: Kingambit|28/100 brn|[from] item: Leftovers\n|-damage|p2a: Kingambit|21/100 brn|[from] brn\n|upkeep\n|turn|4\n|inactive|blue schucle has 30 seconds left.\n|\n|t:|1776650046\n|move|p2a: Kingambit|Sucker Punch|p1a: Montezuma\n|-crit|p1a: Montezuma\n|-damage|p1a: Montezuma|14/100\n|move|p2b: Hatterene|Dazzling Gleam|p1a: Montezuma|[spread] p1a,p1b\n|-damage|p1a: Montezuma|0 fnt\n|-damage|p1b: John incine|36/100\n|-enditem|p1b: John incine|Sitrus Berry|[eat]\n|-heal|p1b: John incine|61/100|[from] item: Sitrus Berry\n|faint|p1a: Montezuma\n|move|p1b: John incine|Parting Shot|p2b: Hatterene\n|move|p2b: Hatterene|Parting Shot|p1b: John incine|[from] ability: Magic Bounce\n|-unboost|p1b: John incine|atk|1\n|-unboost|p1b: John incine|spa|1\n|\n|t:|1776650061\n|switch|p2b: Kangaskhan|Kangaskhan, L50, F|100/100|[from] Parting Shot\n|\n|-heal|p2a: Kingambit|28/100 brn|[from] item: Leftovers\n|-damage|p2a: Kingambit|21/100 brn|[from] brn\n|upkeep\n|\n|t:|1776650070\n|switch|p1a: Spicy girls|Scovillain, L50, F|100/100\n|turn|5\n|\n|t:|1776650079\n|detailschange|p2b: Kangaskhan|Kangaskhan-Mega, L50, F\n|-mega|p2b: Kangaskhan|Kangaskhan|Kangaskhanite\n|move|p1a: Spicy girls|Protect|p1a: Spicy girls\n|-singleturn|p1a: Spicy girls|Protect\n|move|p2b: Kangaskhan|Fake Out|p1b: John incine\n|-damage|p1b: John incine|46/100\n|-damage|p1b: John incine|42/100\n|-hitcount|p1b: John incine|2\n|move|p2a: Kingambit|Sucker Punch||[still]\n|-fail|p2a: Kingambit\n|cant|p1b: John incine|flinch\n|\n|-heal|p2a: Kingambit|28/100 brn|[from] item: Leftovers\n|-damage|p2a: Kingambit|21/100 brn|[from] brn\n|-ability|p1a: Spicy girls|Moody|boost\n|-boost|p1a: Spicy girls|spe|2\n|-unboost|p1a: Spicy girls|atk|1\n|upkeep\n|turn|6\n|inactive|blue schucle has 30 seconds left.\n|\n|t:|1776650107\n|move|p2a: Kingambit|Sucker Punch||[still]\n|-fail|p2a: Kingambit\n|move|p1b: John incine|Will-O-Wisp|p2b: Kangaskhan\n|-status|p2b: Kangaskhan|brn\n|move|p2b: Kangaskhan|Body Slam|p1b: John incine\n|-damage|p1b: John incine|26/100\n|-damage|p1b: John incine|22/100\n|-hitcount|p1b: John incine|2\n|move|p1a: Spicy girls|Leech Seed|p2b: Kangaskhan\n|-start|p2b: Kangaskhan|move: Leech Seed\n|\n|-heal|p2a: Kingambit|28/100 brn|[from] item: Leftovers\n|-damage|p2b: Kangaskhan|88/100 brn|[from] Leech Seed|[of] p1a: Spicy girls\n|-damage|p2a: Kingambit|21/100 brn|[from] brn\n|-damage|p2b: Kangaskhan|82/100 brn|[from] brn\n|-ability|p1a: Spicy girls|Moody|boost\n|-boost|p1a: Spicy girls|spd|2\n|-unboost|p1a: Spicy girls|spe|1\n|upkeep\n|turn|7\n|inactive|minosakelu has 30 seconds left.\n|\n|t:|1776650135\n|switch|p2b: Incineroar|Incineroar, L50, F|100/100\n|-ability|p2b: Incineroar|Intimidate|boost\n|-unboost|p1a: Spicy girls|atk|1\n|-unboost|p1b: John incine|atk|1\n|move|p1a: Spicy girls|Protect|p1a: Spicy girls\n|-singleturn|p1a: Spicy girls|Protect\n|move|p2a: Kingambit|Iron Head|p1b: John incine\n|-resisted|p1b: John incine|1\n|-damage|p1b: John incine|0 fnt\n|faint|p1b: John incine\n|\n|-heal|p2a: Kingambit|28/100 brn|[from] item: Leftovers\n|-damage|p2a: Kingambit|21/100 brn|[from] brn\n|-fieldend|move: Trick Room\n|-ability|p1a: Spicy girls|Moody|boost\n|-boost|p1a: Spicy girls|spa|2\n|-unboost|p1a: Spicy girls|spd|1\n|upkeep\n|\n|t:|1776650152\n|switch|p1b: Djaba|Sneasler, L50, F|100/100\n|turn|8\n|\n|t:|1776650169\n|switch|p2b: Kangaskhan|Kangaskhan-Mega, L50, F|82/100 brn\n|move|p1b: Djaba|Fake Out|p2a: Kingambit\n|-resisted|p2a: Kingambit|1\n|-damage|p2a: Kingambit|17/100 brn\n|move|p1a: Spicy girls|Giga Drain|p2b: Kangaskhan\n|-damage|p2b: Kangaskhan|32/100 brn\n|cant|p2a: Kingambit|flinch\n|\n|-heal|p2a: Kingambit|23/100 brn|[from] item: Leftovers\n|-damage|p2b: Kangaskhan|26/100 brn|[from] brn\n|-damage|p2a: Kingambit|17/100 brn|[from] brn\n|-ability|p1a: Spicy girls|Moody|boost\n|-boost|p1a: Spicy girls|spa|2\n|-unboost|p1a: Spicy girls|def|1\n|upkeep\n|turn|9\n|inactive|minosakelu has 30 seconds left.\n|\n|t:|1776650199\n|move|p1b: Djaba|Protect|p1b: Djaba\n|-singleturn|p1b: Djaba|Protect\n|move|p1a: Spicy girls|Protect|p1a: Spicy girls\n|-singleturn|p1a: Spicy girls|Protect\n|move|p2b: Kangaskhan|Fake Out|p1b: Djaba\n|-activate|p1b: Djaba|move: Protect\n|move|p2a: Kingambit|Sucker Punch||[still]\n|-fail|p2a: Kingambit\n|\n|-heal|p2a: Kingambit|23/100 brn|[from] item: Leftovers\n|-damage|p2b: Kangaskhan|20/100 brn|[from] brn\n|-damage|p2a: Kingambit|17/100 brn|[from] brn\n|-ability|p1a: Spicy girls|Moody|boost\n|-boost|p1a: Spicy girls|atk|2\n|-unboost|p1a: Spicy girls|spe|1\n|upkeep\n|turn|10\n|inactive|blue schucle has 30 seconds left.\n|\n|t:|1776650229\n|move|p1b: Djaba|Protect||[still]\n|-fail|p1b: Djaba\n|move|p2a: Kingambit|Sucker Punch||[still]\n|-fail|p2a: Kingambit\n|move|p2b: Kangaskhan|Body Slam|p1b: Djaba\n|-damage|p1b: Djaba|62/100\n|-damage|p1b: Djaba|53/100\n|-hitcount|p1b: Djaba|2\n|move|p1a: Spicy girls|Leech Seed|p2a: Kingambit\n|-start|p2a: Kingambit|move: Leech Seed\n|\n|-heal|p2a: Kingambit|23/100 brn|[from] item: Leftovers\n|-damage|p2a: Kingambit|10/100 brn|[from] Leech Seed|[of] p1a: Spicy girls\n|-damage|p2b: Kangaskhan|14/100 brn|[from] brn\n|-damage|p2a: Kingambit|4/100 brn|[from] brn\n|-ability|p1a: Spicy girls|Moody|boost\n|-boost|p1a: Spicy girls|spa|2\n|-unboost|p1a: Spicy girls|spd|1\n|upkeep\n|turn|11\n|inactive|minosakelu has 30 seconds left.\n|\n|t:|1776650256\n|move|p1b: Djaba|Protect|p1b: Djaba\n|-singleturn|p1b: Djaba|Protect\n|move|p1a: Spicy girls|Protect|p1a: Spicy girls\n|-singleturn|p1a: Spicy girls|Protect\n|move|p2a: Kingambit|Sucker Punch||[still]\n|-fail|p2a: Kingambit\n|move|p2b: Kangaskhan|Body Slam|p1a: Spicy girls\n|-activate|p1a: Spicy girls|move: Protect\n|\n|-heal|p2a: Kingambit|10/100 brn|[from] item: Leftovers\n|-damage|p2a: Kingambit|0 fnt|[from] Leech Seed|[of] p1a: Spicy girls\n|faint|p2a: Kingambit\n|-damage|p2b: Kangaskhan|8/100 brn|[from] brn\n|-ability|p1a: Spicy girls|Moody|boost\n|-boost|p1a: Spicy girls|spe|2\n|-unboost|p1a: Spicy girls|atk|1\n|upkeep\n|\n|t:|1776650268\n|switch|p2a: Incineroar|Incineroar, L50, F|100/100\n|-ability|p2a: Incineroar|Intimidate|boost\n|-unboost|p1a: Spicy girls|atk|1\n|-unboost|p1b: Djaba|atk|1\n|turn|12\n|\n|t:|1776650290\n|detailschange|p1a: Spicy girls|Scovillain-Mega, L50, F\n|-mega|p1a: Spicy girls|Scovillain|Scovillainite\n|move|p1b: Djaba|Protect||[still]\n|-fail|p1b: Djaba\n|move|p2a: Incineroar|Fake Out|p1b: Djaba\n|-damage|p1b: Djaba|35/100\n|move|p1a: Spicy girls|Leech Seed|p2a: Incineroar\n|-start|p2a: Incineroar|move: Leech Seed\n|move|p2b: Kangaskhan|Body Slam|p1b: Djaba\n|-damage|p1b: Djaba|0 fnt\n|faint|p1b: Djaba\n|-hitcount|p1: Djaba|1\n|\n|-damage|p2a: Incineroar|88/100|[from] Leech Seed|[of] p1a: Spicy girls\n|-damage|p2b: Kangaskhan|1/100 brn|[from] brn\n|upkeep\n|turn|13\n|\n|t:|1776650308\n|move|p1a: Spicy girls|Protect|p1a: Spicy girls\n|-singleturn|p1a: Spicy girls|Protect\n|move|p2b: Kangaskhan|Body Slam|p1a: Spicy girls\n|-activate|p1a: Spicy girls|move: Protect\n|move|p2a: Incineroar|Parting Shot|p1a: Spicy girls\n|-activate|p1a: Spicy girls|move: Protect\n|\n|-damage|p2a: Incineroar|76/100|[from] Leech Seed|[of] p1a: Spicy girls\n|-damage|p2b: Kangaskhan|0 fnt|[from] brn\n|faint|p2b: Kangaskhan\n|upkeep\n|\n|t:|1776650311\n|switch|p2b: Hatterene|Hatterene, L50, F|100/100\n|turn|14\n|\n|t:|1776650328\n|move|p1a: Spicy girls|Giga Drain|p2b: Hatterene\n|-damage|p2b: Hatterene|0 fnt\n|faint|p2b: Hatterene\n|move|p2a: Incineroar|Flare Blitz|p1a: Spicy girls\n|-damage|p1a: Spicy girls|28/100\n|-immune|p2a: Incineroar\n|-damage|p2a: Incineroar|58/100|[from] Recoil\n|\n|-damage|p2a: Incineroar|46/100|[from] Leech Seed|[of] p1a: Spicy girls\n|-heal|p1a: Spicy girls|45/100|[silent]\n|upkeep\n|-enditem|p2a: Incineroar|Sitrus Berry|[eat]\n|-heal|p2a: Incineroar|70/100|[from] item: Sitrus Berry\n|turn|15\n|\n|t:|1776650342\n|move|p1a: Spicy girls|Protect|p1a: Spicy girls\n|-singleturn|p1a: Spicy girls|Protect\n|move|p2a: Incineroar|Flare Blitz|p1a: Spicy girls\n|-activate|p1a: Spicy girls|move: Protect\n|\n|-damage|p2a: Incineroar|58/100|[from] Leech Seed|[of] p1a: Spicy girls\n|-heal|p1a: Spicy girls|62/100|[silent]\n|upkeep\n|turn|16\n|\n|t:|1776650352\n|move|p1a: Spicy girls|Giga Drain|p2a: Incineroar\n|-resisted|p2a: Incineroar|1\n|-damage|p2a: Incineroar|13/100\n|-heal|p1a: Spicy girls|92/100|[from] drain|[of] p2a: Incineroar\n|move|p2a: Incineroar|Flare Blitz|p1a: Spicy girls\n|-damage|p1a: Spicy girls|25/100\n|-immune|p2a: Incineroar\n|-damage|p2a: Incineroar|0 fnt|[from] Recoil\n|faint|p2a: Incineroar\n|\n|win|blue schucle\n|raw|blue schucle's rating: 1307 &rarr; <strong>1331</strong><br />(+24 for winning)\n|raw|minosakelu's rating: 1375 &rarr; <strong>1351</strong><br />(-24 for losing)\n|l|\u2606minosakelu\n|player|p2|\n",
  "uploadtime": 1776650364,
  "views": 9,
  "formatid": "gen9championsvgc2026regma",
  "rating": 1331,
  "private": 0,
  "password": null
}