{
  "id": "gen9championsvgc2026regma-2583363416",
  "format": "[Gen 9 Champions] VGC 2026 Reg M-A",
  "players": [
    "EXSA",
    "millorre05"
  ],
  "log": "|j|\u2606EXSA\n|j|\u2606millorre05\n|t:|1776170297\n|gametype|doubles\n|player|p1|EXSA|1|1158\n|player|p2|millorre05|266|1131\n|gen|9\n|tier|[Gen 9 Champions] VGC 2026 Reg M-A\n|rated|\n|rule|Species Clause: Limit one of each Pok\u00e9mon\n|rule|Item Clause: Limit 1 of each item\n|clearpoke\n|poke|p1|Charizard, L50, F|\n|poke|p1|Incineroar, L50, M|\n|poke|p1|Maushold-Four, L50|\n|poke|p1|Hawlucha, L50, M|\n|poke|p1|Garchomp, L50, F|\n|poke|p1|Whimsicott, L50, F|\n|poke|p2|Glimmora, L50, M|\n|poke|p2|Whimsicott, L50, F|\n|poke|p2|Feraligatr, L50, F|\n|poke|p2|Incineroar, L50, F|\n|poke|p2|Pelipper, L50, F|\n|poke|p2|Basculegion, L50, M|\n|teampreview|4\n|inactive|Battle timer is ON: inactive players will automatically lose when time's up. (requested by millorre05)\n|inactive|EXSA has 60 seconds left.\n|\n|t:|1776170344\n|teamsize|p1|4\n|teamsize|p2|4\n|start\n|switch|p1a: Whimsicott|Whimsicott, L50, F|100/100\n|switch|p1b: Garchomp|Garchomp, L50, F|100/100\n|switch|p2a: Glimmora|Glimmora, L50, M|100/100\n|switch|p2b: Whimsicott|Whimsicott, L50, F|100/100\n|turn|1\n|j| Corl666\n|inactive|millorre05 has 30 seconds left.\n|inactive|millorre05 has 20 seconds left.\n|inactive|millorre05 has 15 seconds left.\n|\n|t:|1776170387\n|move|p2a: Glimmora|Spiky Shield|p2a: Glimmora\n|-singleturn|p2a: Glimmora|move: Protect\n|move|p1a: Whimsicott|Tailwind|p1a: Whimsicott\n|-sidestart|p1: EXSA|move: Tailwind\n|move|p2b: Whimsicott|Fake Tears|p1b: Garchomp\n|-unboost|p1b: Garchomp|spd|2\n|move|p1b: Garchomp|Earthquake|p2a: Glimmora|[spread] p1a,p2b\n|-activate|p2a: Glimmora|move: Protect\n|-resisted|p1a: Whimsicott|1\n|-resisted|p2b: Whimsicott|1\n|-damage|p1a: Whimsicott|70/100\n|-damage|p2b: Whimsicott|75/100\n|\n|upkeep\n|turn|2\n|l| Corl666\n|\n|t:|1776170412\n|move|p1a: Whimsicott|Encore|p2b: Whimsicott\n|-start|p2b: Whimsicott|Encore\n|-enditem|p2b: Whimsicott|Mental Herb\n|-end|p2b: Whimsicott|Encore\n|move|p2b: Whimsicott|Tailwind|p2b: Whimsicott\n|-sidestart|p2: millorre05|move: Tailwind\n|move|p1b: Garchomp|Earthquake|p2b: Whimsicott|[spread] p1a,p2a,p2b\n|-resisted|p1a: Whimsicott|1\n|-supereffective|p2a: Glimmora|2\n|-resisted|p2b: Whimsicott|1\n|-damage|p1a: Whimsicott|36/100\n|-damage|p2a: Glimmora|0 fnt\n|-damage|p2b: Whimsicott|49/100\n|-activate|p2a: Glimmora|ability: Toxic Debris\n|-sidestart|p1: EXSA|move: Toxic Spikes\n|faint|p2a: Glimmora\n|\n|upkeep\n|\n|t:|1776170424\n|switch|p2a: Feraligatr|Feraligatr, L50, F|100/100\n|turn|3\n|\n|t:|1776170443\n|switch|p1a: Charizard|Charizard, L50, F, shiny|100/100\n|detailschange|p2a: Feraligatr|Feraligatr-Mega, L50, F\n|-mega|p2a: Feraligatr|Feraligatr|Feraligite\n|move|p1b: Garchomp|Earthquake|p2b: Whimsicott|[spread] p2a,p2b\n|-immune|p1a: Charizard\n|-resisted|p2b: Whimsicott|1\n|-damage|p2a: Feraligatr|65/100\n|-damage|p2b: Whimsicott|26/100\n|move|p2b: Whimsicott|Moonblast|p1b: Garchomp\n|-supereffective|p1b: Garchomp|1\n|-damage|p1b: Garchomp|0 fnt\n|faint|p1b: Garchomp\n|move|p2a: Feraligatr|Ice Punch|p1a: Charizard\n|-damage|p1a: Charizard|50/100\n|\n|upkeep\n|\n|t:|1776170455\n|switch|p1b: Incineroar|Incineroar, L50, M|100/100\n|-status|p1b: Incineroar|psn\n|-ability|p1b: Incineroar|Intimidate|boost\n|-unboost|p2a: Feraligatr|atk|1\n|-unboost|p2b: Whimsicott|atk|1\n|turn|4\n|\n|t:|1776170473\n|switch|p2a: Incineroar|Incineroar, L50, F|100/100\n|-ability|p2a: Incineroar|Intimidate|boost\n|-unboost|p1a: Charizard|atk|1\n|-unboost|p1b: Incineroar|atk|1\n|detailschange|p1a: Charizard|Charizard-Mega-Y, L50, F, shiny\n|-mega|p1a: Charizard|Charizard|Charizardite Y\n|-weather|SunnyDay|[from] ability: Drought|[of] p1a: Charizard\n|move|p1b: Incineroar|Fake Out|p2a: Incineroar\n|-damage|p2a: Incineroar|93/100\n|move|p2b: Whimsicott|Moonblast|p1b: Incineroar\n|-damage|p1b: Incineroar|76/100 psn\n|move|p1a: Charizard|Heat Wave|p2a: Incineroar|[spread] p2a,p2b\n|-resisted|p2a: Incineroar|1\n|-supereffective|p2b: Whimsicott|1\n|-damage|p2a: Incineroar|64/100\n|-damage|p2b: Whimsicott|0 fnt\n|faint|p2b: Whimsicott\n|\n|-weather|SunnyDay|[upkeep]\n|-damage|p1b: Incineroar|64/100 psn|[from] psn\n|-sideend|p1: EXSA|move: Tailwind\n|upkeep\n|\n|t:|1776170491\n|switch|p2b: Feraligatr|Feraligatr-Mega, L50, F|65/100\n|turn|5\n|\n|t:|1776170503\n|move|p1a: Charizard|Protect|p1a: Charizard\n|-singleturn|p1a: Charizard|Protect\n|move|p2b: Feraligatr|Liquidation|p1a: Charizard\n|-activate|p1a: Charizard|move: Protect\n|move|p2a: Incineroar|Darkest Lariat|p1b: Incineroar\n|-resisted|p1b: Incineroar|1\n|-crit|p1b: Incineroar\n|-damage|p1b: Incineroar|41/100 psn\n|-enditem|p1b: Incineroar|Sitrus Berry|[eat]\n|-heal|p1b: Incineroar|65/100 psn|[from] item: Sitrus Berry\n|move|p1b: Incineroar|Parting Shot|p2b: Feraligatr\n|-unboost|p2b: Feraligatr|atk|1\n|-unboost|p2b: Feraligatr|spa|1\n|\n|t:|1776170512\n|switch|p1b: Whimsicott|Whimsicott, L50, F|36/100|[from] Parting Shot\n|-status|p1b: Whimsicott|psn\n|\n|-weather|SunnyDay|[upkeep]\n|-damage|p1b: Whimsicott|24/100 psn|[from] psn\n|-sideend|p2: millorre05|move: Tailwind\n|upkeep\n|turn|6\n|\n|t:|1776170529\n|switch|p1a: Incineroar|Incineroar, L50, M|65/100 psn\n|-ability|p1a: Incineroar|Intimidate|boost\n|-unboost|p2a: Incineroar|atk|1\n|-unboost|p2b: Feraligatr|atk|1\n|move|p1b: Whimsicott|Moonblast|p2b: Feraligatr\n|-supereffective|p2b: Feraligatr|1\n|-damage|p2b: Feraligatr|0 fnt\n|faint|p2b: Feraligatr\n|move|p2a: Incineroar|Darkest Lariat|p1b: Whimsicott\n|-resisted|p1b: Whimsicott|1\n|-damage|p1b: Whimsicott|9/100 psn\n|\n|-weather|SunnyDay|[upkeep]\n|-damage|p1b: Whimsicott|0 fnt|[from] psn\n|faint|p1b: Whimsicott\n|-damage|p1a: Incineroar|53/100 psn|[from] psn\n|upkeep\n|\n|t:|1776170546\n|switch|p1b: Charizard|Charizard-Mega-Y, L50, F, shiny|50/100\n|turn|7\n|\n|t:|1776170552\n|move|p1a: Incineroar|Fake Out|p2a: Incineroar\n|-damage|p2a: Incineroar|55/100\n|move|p1b: Charizard|Weather Ball|p2a: Incineroar\n|-resisted|p2a: Incineroar|1\n|-damage|p2a: Incineroar|18/100\n|-enditem|p2a: Incineroar|Sitrus Berry|[eat]\n|-heal|p2a: Incineroar|43/100|[from] item: Sitrus Berry\n|cant|p2a: Incineroar|flinch\n|\n|-weather|SunnyDay|[upkeep]\n|-damage|p1a: Incineroar|41/100 psn|[from] psn\n|upkeep\n|turn|8\n|inactive|EXSA has 30 seconds left.\n|\n|t:|1776170580\n|move|p1b: Charizard|Weather Ball|p2a: Incineroar\n|-resisted|p2a: Incineroar|1\n|-damage|p2a: Incineroar|5/100\n|move|p2a: Incineroar|Darkest Lariat|p1b: Charizard\n|-damage|p1b: Charizard|15/100\n|move|p1a: Incineroar|Flare Blitz|p2a: Incineroar\n|-resisted|p2a: Incineroar|1\n|-damage|p2a: Incineroar|0 fnt\n|faint|p2a: Incineroar\n|-damage|p1a: Incineroar|40/100 psn|[from] Recoil\n|\n|win|EXSA\n|raw|EXSA's rating: 1158 &rarr; <strong>1181</strong><br />(+23 for winning)\n|raw|millorre05's rating: 1131 &rarr; <strong>1108</strong><br />(-23 for losing)\n|l|\u2606millorre05\n|player|p2|\n",
  "uploadtime": 1776170605,
  "views": 16,
  "formatid": "gen9championsvgc2026regma",
  "rating": 1108,
  "private": 0,
  "password": null
}