{
  "id": "gen9championsvgc2026regma-2583628549",
  "format": "[Gen 9 Champions] VGC 2026 Reg M-A",
  "players": [
    "lirtyz0977",
    "Hdhdgd"
  ],
  "log": "|j|\u2606lirtyz0977\n|j|\u2606Hdhdgd\n|t:|1776187476\n|gametype|doubles\n|player|p1|lirtyz0977|giovanni|1000\n|player|p2|Hdhdgd|102|1000\n|gen|9\n|tier|[Gen 9 Champions] VGC 2026 Reg M-A\n|rated|\n|rule|Species Clause: Limit one of each Pok\u00e9mon\n|rule|Item Clause: Limit 1 of each item\n|clearpoke\n|poke|p1|Kingambit, L50, M|\n|poke|p1|Dragonite, L50, M|\n|poke|p1|Ceruledge, L50, F|\n|poke|p1|Kleavor, L50, F|\n|poke|p1|Sinistcha, L50|\n|poke|p1|Floette-Eternal, L50, F|\n|poke|p2|Charizard, L50, F|\n|poke|p2|Venusaur, L50, F|\n|poke|p2|Incineroar, L50, M|\n|poke|p2|Kingambit, L50, F|\n|poke|p2|Whimsicott, L50, F|\n|poke|p2|Garchomp, L50, M|\n|teampreview|4\n|inactive|Battle timer is ON: inactive players will automatically lose when time's up. (requested by lirtyz0977)\n|\n|t:|1776187507\n|teamsize|p1|4\n|teamsize|p2|4\n|start\n|switch|p1a: Sinistcha|Sinistcha, L50|100/100\n|switch|p1b: Kleavor|Kleavor, L50, F|100/100\n|switch|p2a: Kingambit|Kingambit, L50, F|100/100\n|switch|p2b: Incineroar|Incineroar, L50, M|100/100\n|-ability|p2b: Incineroar|Intimidate|boost\n|-unboost|p1a: Sinistcha|atk|1\n|-unboost|p1b: Kleavor|atk|1\n|turn|1\n|\n|t:|1776187531\n|move|p2b: Incineroar|Fake Out|p1b: Kleavor\n|-resisted|p1b: Kleavor|1\n|-damage|p1b: Kleavor|92/100\n|cant|p1b: Kleavor|flinch\n|move|p1a: Sinistcha|Nasty Plot|p1a: Sinistcha\n|-boost|p1a: Sinistcha|spa|2\n|move|p2a: Kingambit|Kowtow Cleave|p1a: Sinistcha\n|-supereffective|p1a: Sinistcha|1\n|-damage|p1a: Sinistcha|0 fnt\n|faint|p1a: Sinistcha\n|\n|upkeep\n|\n|t:|1776187537\n|switch|p1a: Floette|Floette-Eternal, L50, F|100/100\n|turn|2\n|\n|t:|1776187554\n|detailschange|p1a: Floette|Floette-Mega, L50, F\n|-mega|p1a: Floette|Floette|Floettite\n|-ability|p1a: Floette|Fairy Aura\n|move|p1b: Kleavor|Close Combat|p2a: Kingambit\n|-supereffective|p2a: Kingambit|2\n|-damage|p2a: Kingambit|24/100\n|-unboost|p1b: Kleavor|def|1\n|-unboost|p1b: Kleavor|spd|1\n|move|p1a: Floette|Light of Ruin|p2b: Incineroar\n|-damage|p2b: Incineroar|0 fnt\n|faint|p2b: Incineroar\n|-damage|p1a: Floette|43/100|[from] Recoil\n|move|p2a: Kingambit|Iron Head|p1a: Floette\n|-supereffective|p1a: Floette|1\n|-damage|p1a: Floette|0 fnt\n|faint|p1a: Floette\n|\n|upkeep\n|\n|t:|1776187575\n|switch|p1a: Ceruledge|Ceruledge, L50, F|100/100\n|switch|p2b: Charizard|Charizard, L50, F|100/100\n|turn|3\n|\n|t:|1776187593\n|detailschange|p2b: Charizard|Charizard-Mega-Y, L50, F\n|-mega|p2b: Charizard|Charizard|Charizardite Y\n|-weather|SunnyDay|[from] ability: Drought|[of] p2b: Charizard\n|move|p2b: Charizard|Protect|p2b: Charizard\n|-singleturn|p2b: Charizard|Protect\n|move|p1b: Kleavor|Close Combat|p2a: Kingambit\n|-supereffective|p2a: Kingambit|2\n|-damage|p2a: Kingambit|0 fnt\n|-unboost|p1b: Kleavor|def|1\n|-unboost|p1b: Kleavor|spd|1\n|faint|p2a: Kingambit\n|move|p1a: Ceruledge|Swords Dance|p1a: Ceruledge\n|-boost|p1a: Ceruledge|atk|2\n|\n|-weather|SunnyDay|[upkeep]\n|upkeep\n|\n|t:|1776187608\n|switch|p2a: Venusaur|Venusaur, L50, F|100/100\n|turn|4\n|\n|t:|1776187619\n|move|p2a: Venusaur|Sleep Powder|p1b: Kleavor\n|-status|p1b: Kleavor|slp|[from] move: Sleep Powder\n|cant|p1b: Kleavor|slp\n|move|p2b: Charizard|Heat Wave|p1a: Ceruledge|[spread] p1b\n|-miss|p2b: Charizard|p1a: Ceruledge\n|-damage|p1b: Kleavor|0 fnt\n|faint|p1b: Kleavor\n|move|p1a: Ceruledge|Bitter Blade|p2a: Venusaur\n|-supereffective|p2a: Venusaur|1\n|-damage|p2a: Venusaur|0 fnt\n|faint|p2a: Venusaur\n|\n|-weather|SunnyDay|[upkeep]\n|upkeep\n|turn|5\n|\n|t:|1776187641\n|move|p2b: Charizard|Solar Beam||[still]\n|-prepare|p2b: Charizard|Solar Beam\n|-anim|p2b: Charizard|Solar Beam|p1a: Ceruledge\n|-resisted|p1a: Ceruledge|1\n|-damage|p1a: Ceruledge|72/100\n|move|p1a: Ceruledge|Poltergeist|p2b: Charizard\n|-activate|p2b: Charizard|move: Poltergeist|Charizardite Y\n|-damage|p2b: Charizard|0 fnt\n|faint|p2b: Charizard\n|\n|win|lirtyz0977\n|raw|lirtyz0977's rating: 1000 &rarr; <strong>1040</strong><br />(+40 for winning)\n|raw|Hdhdgd's rating: 1000 &rarr; <strong>1000</strong><br />(+0 for losing)\n",
  "uploadtime": 1776187645,
  "views": 15,
  "formatid": "gen9championsvgc2026regma",
  "rating": 1000,
  "private": 0,
  "password": null
}