{
  "id": "gen9championsvgc2026regma-2582312860",
  "format": "[Gen 9 Champions] VGC 2026 Reg M-A",
  "players": [
    "jayoticnl",
    "Avoertioloko5"
  ],
  "log": "|j|\u2606jayoticnl\n|j|\u2606Avoertioloko5\n|t:|1776082402\n|gametype|doubles\n|player|p1|jayoticnl|idol|1216\n|player|p2|Avoertioloko5|riley|1331\n|gen|9\n|tier|[Gen 9 Champions] VGC 2026 Reg M-A\n|rated|\n|rule|Species Clause: Limit one of each Pok\u00e9mon\n|rule|Item Clause: Limit 1 of each item\n|clearpoke\n|poke|p1|Delphox, L50, M|\n|poke|p1|Aggron, L50, F|\n|poke|p1|Sinistcha, L50|\n|poke|p1|Incineroar, L50, M|\n|poke|p1|Tyranitar, L50, M|\n|poke|p1|Sneasler, L50, F|\n|poke|p2|Lucario, L50, M|\n|poke|p2|Garchomp, L50, F|\n|poke|p2|Tyranitar, L50, F|\n|poke|p2|Rotom-Wash, L50|\n|poke|p2|Corviknight, L50, M|\n|poke|p2|Gyarados, L50, M|\n|teampreview|4\n|\n|t:|1776082446\n|teamsize|p1|4\n|teamsize|p2|4\n|start\n|switch|p1a: Sneasler|Sneasler, L50, F|100/100\n|switch|p1b: Aggron|Aggron, L50, F|100/100\n|switch|p2a: Garchomp|Garchomp, L50, F|100/100\n|switch|p2b: Tyranitar|Tyranitar, L50, F|100/100\n|-weather|Sandstorm|[from] ability: Sand Stream|[of] p2b: Tyranitar\n|turn|1\n|\n|t:|1776082465\n|detailschange|p1b: Aggron|Aggron-Mega, L50, F\n|-mega|p1b: Aggron|Aggron|Aggronite\n|move|p2a: Garchomp|Protect|p2a: Garchomp\n|-singleturn|p2a: Garchomp|Protect\n|move|p2b: Tyranitar|Protect|p2b: Tyranitar\n|-singleturn|p2b: Tyranitar|Protect\n|move|p1a: Sneasler|Fake Out|p2a: Garchomp\n|-activate|p2a: Garchomp|move: Protect\n|move|p1b: Aggron|Iron Defense|p1b: Aggron\n|-boost|p1b: Aggron|def|2\n|\n|-weather|Sandstorm|[upkeep]\n|-damage|p1a: Sneasler|95/100|[from] Sandstorm\n|upkeep\n|turn|2\n|\n|t:|1776082481\n|switch|p2b: Gyarados|Gyarados, L50, M, shiny|100/100\n|-ability|p2b: Gyarados|Intimidate|boost\n|-unboost|p1a: Sneasler|atk|1\n|-unboost|p1b: Aggron|atk|1\n|-enditem|p1a: Sneasler|White Herb\n|-clearnegativeboost|p1a: Sneasler|[silent]\n|detailschange|p2a: Garchomp|Garchomp-Mega, L50, F\n|-mega|p2a: Garchomp|Garchomp|Garchompite\n|move|p1a: Sneasler|Protect|p1a: Sneasler\n|-singleturn|p1a: Sneasler|Protect\n|move|p2a: Garchomp|Earthquake|p1a: Sneasler|[spread] p1b\n|-activate|p1a: Sneasler|move: Protect\n|-immune|p2b: Gyarados\n|-supereffective|p1b: Aggron|1\n|-damage|p1b: Aggron|78/100\n|move|p1b: Aggron|Iron Defense|p1b: Aggron\n|-boost|p1b: Aggron|def|2\n|\n|-weather|Sandstorm|[upkeep]\n|-damage|p1a: Sneasler|89/100|[from] Sandstorm\n|-damage|p2b: Gyarados|95/100|[from] Sandstorm\n|upkeep\n|turn|3\n|\n|t:|1776082505\n|switch|p1a: Sinistcha|Sinistcha, L50|100/100\n|-heal|p1b: Aggron|100/100|[from] ability: Hospitality|[of] p1a: Sinistcha\n|move|p2a: Garchomp|Earthquake|p1a: Sinistcha|[spread] p1a,p1b\n|-immune|p2b: Gyarados\n|-resisted|p1a: Sinistcha|1\n|-supereffective|p1b: Aggron|1\n|-damage|p1a: Sinistcha|72/100\n|-damage|p1b: Aggron|85/100\n|move|p2b: Gyarados|Thunder Wave|p1b: Aggron\n|-status|p1b: Aggron|par\n|move|p1b: Aggron|Body Press|p2a: Garchomp\n|-damage|p2a: Garchomp|6/100\n|\n|-weather|Sandstorm|[upkeep]\n|-damage|p2b: Gyarados|89/100|[from] Sandstorm\n|-damage|p1a: Sinistcha|66/100|[from] Sandstorm\n|upkeep\n|turn|4\n|\n|t:|1776082527\n|move|p2b: Gyarados|Helping Hand|p2a: Garchomp\n|-singleturn|p2a: Garchomp|Helping Hand|[of] p2b: Gyarados\n|move|p2a: Garchomp|Earthquake|p1a: Sinistcha|[spread] p1a,p1b\n|-immune|p2b: Gyarados\n|-resisted|p1a: Sinistcha|1\n|-supereffective|p1b: Aggron|1\n|-damage|p1a: Sinistcha|26/100\n|-damage|p1b: Aggron|64/100 par\n|move|p1b: Aggron|Body Press|p2a: Garchomp\n|-damage|p2a: Garchomp|0 fnt\n|faint|p2a: Garchomp\n|move|p1a: Sinistcha|Trick Room|p1a: Sinistcha\n|-fieldstart|move: Trick Room|[of] p1a: Sinistcha\n|\n|-weather|Sandstorm|[upkeep]\n|-damage|p1a: Sinistcha|20/100|[from] Sandstorm\n|-damage|p2b: Gyarados|83/100|[from] Sandstorm\n|upkeep\n|\n|t:|1776082552\n|switch|p2a: Corviknight|Corviknight, L50, M|100/100\n|turn|5\n|\n|t:|1776082562\n|move|p1b: Aggron|Body Press|p2a: Corviknight\n|-damage|p2a: Corviknight|33/100\n|move|p2a: Corviknight|Brave Bird|p1a: Sinistcha\n|-supereffective|p1a: Sinistcha|1\n|-damage|p1a: Sinistcha|0 fnt\n|faint|p1a: Sinistcha\n|-damage|p2a: Corviknight|28/100|[from] Recoil\n|move|p2b: Gyarados|Waterfall|p1b: Aggron\n|-damage|p1b: Aggron|57/100 par\n|\n|-weather|none\n|-heal|p2a: Corviknight|34/100|[from] item: Leftovers\n|upkeep\n|\n|t:|1776082574\n|switch|p1a: Sneasler|Sneasler, L50, F|89/100\n|turn|6\n|\n|t:|1776082593\n|move|p1a: Sneasler|Fake Out|p2b: Gyarados\n|-damage|p2b: Gyarados|66/100\n|move|p1b: Aggron|Body Press|p2a: Corviknight\n|-damage|p2a: Corviknight|0 fnt\n|faint|p2a: Corviknight\n|cant|p2b: Gyarados|flinch\n|\n|upkeep\n|\n|t:|1776082596\n|switch|p2a: Tyranitar|Tyranitar, L50, F|100/100\n|-weather|Sandstorm|[from] ability: Sand Stream|[of] p2a: Tyranitar\n|turn|7\n|\n|t:|1776082606\n|switch|p1a: Incineroar|Incineroar, L50, M|100/100\n|-ability|p1a: Incineroar|Intimidate|boost\n|-unboost|p2a: Tyranitar|atk|1\n|-unboost|p2b: Gyarados|atk|1\n|move|p2a: Tyranitar|Protect|p2a: Tyranitar\n|-singleturn|p2a: Tyranitar|Protect\n|move|p1b: Aggron|Body Press|p2a: Tyranitar\n|-activate|p2a: Tyranitar|move: Protect\n|move|p2b: Gyarados|Waterfall|p1a: Incineroar\n|-supereffective|p1a: Incineroar|1\n|-damage|p1a: Incineroar|53/100\n|\n|-weather|Sandstorm|[upkeep]\n|-damage|p1a: Incineroar|47/100|[from] Sandstorm\n|-damage|p2b: Gyarados|60/100|[from] Sandstorm\n|-enditem|p1a: Incineroar|Sitrus Berry|[eat]\n|-heal|p1a: Incineroar|72/100|[from] item: Sitrus Berry\n|upkeep\n|turn|8\n|\n|t:|1776082614\n|move|p1a: Incineroar|Fake Out|p2b: Gyarados\n|-damage|p2b: Gyarados|49/100\n|move|p1b: Aggron|Body Press|p2a: Tyranitar\n|-supereffective|p2a: Tyranitar|2\n|-enditem|p2a: Tyranitar|Chople Berry|[eat]\n|-enditem|p2a: Tyranitar|Chople Berry|[weaken]\n|-damage|p2a: Tyranitar|0 fnt\n|faint|p2a: Tyranitar\n|cant|p2b: Gyarados|flinch\n|\n|-weather|Sandstorm|[upkeep]\n|-damage|p1a: Incineroar|66/100|[from] Sandstorm\n|-damage|p2b: Gyarados|44/100|[from] Sandstorm\n|-fieldend|move: Trick Room\n|upkeep\n|turn|9\n|-message|Avoertioloko5 forfeited.\n|\n|win|jayoticnl\n|raw|jayoticnl's rating: 1216 &rarr; <strong>1249</strong><br />(+33 for winning)\n|raw|Avoertioloko5's rating: 1331 &rarr; <strong>1305</strong><br />(-26 for losing)\n|l|\u2606Avoertioloko5\n|player|p2|\n",
  "uploadtime": 1776082818,
  "views": 25,
  "formatid": "gen9championsvgc2026regma",
  "rating": 1249,
  "private": 0,
  "password": null
}