{
  "id": "gen9championsvgc2026regma-2581216950",
  "format": "[Gen 9 Champions] VGC 2026 Reg M-A",
  "players": [
    "StrikerMohamud",
    "Duduo27"
  ],
  "log": "|j|\u2606StrikerMohamud\n|j|\u2606Duduo27\n|t:|1775971988\n|gametype|doubles\n|player|p1|StrikerMohamud|unknown|1082\n|player|p2|Duduo27|psychic-gen4|1027\n|gen|9\n|tier|[Gen 9 Champions] VGC 2026 Reg M-A\n|rated|\n|rule|Species Clause: Limit one of each Pok\u00e9mon\n|rule|Item Clause: Limit 1 of each item\n|clearpoke\n|poke|p1|Kangaskhan, L50, F|\n|poke|p1|Incineroar, L50, F|\n|poke|p1|Azumarill, L50, F|\n|poke|p1|Froslass, L50, F|\n|poke|p1|Garchomp, L50, M|\n|poke|p1|Talonflame, L50, M|\n|poke|p2|Gallade, L50, M|\n|poke|p2|Whimsicott, L50, F|\n|poke|p2|Incineroar, L50, F|\n|poke|p2|Dragapult, L50, M|\n|teampreview|4\n|inactive|Battle timer is ON: inactive players will automatically lose when time's up. (requested by Duduo27)\n|\n|t:|1775972003\n|teamsize|p1|4\n|teamsize|p2|4\n|start\n|switch|p1a: Kangaskhan|Kangaskhan, L50, F|100/100\n|switch|p1b: Azumarill|Azumarill, L50, F, shiny|100/100\n|switch|p2a: Gallade|Gallade, L50, M|100/100\n|switch|p2b: Whimsicott|Whimsicott, L50, F|100/100\n|turn|1\n|inactive|StrikerMohamud has 30 seconds left.\n|inactive|Duduo27 has 30 seconds left.\n|inactive|StrikerMohamud has 20 seconds left.\n|inactive|StrikerMohamud has 15 seconds left.\n|inactive|StrikerMohamud has 10 seconds left.\n|inactive|StrikerMohamud has 5 seconds left.\n|\n|t:|1775972053\n|switch|p1a: Incineroar|Incineroar, L50, F, shiny|100/100\n|-ability|p1a: Incineroar|Intimidate|boost\n|-unboost|p2a: Gallade|atk|1\n|-unboost|p2b: Whimsicott|atk|1\n|detailschange|p2a: Gallade|Gallade-Mega, L50, M\n|-mega|p2a: Gallade|Gallade|Galladite\n|move|p1b: Azumarill|Protect|p1b: Azumarill\n|-singleturn|p1b: Azumarill|Protect\n|move|p2b: Whimsicott|Tailwind|p2b: Whimsicott\n|-sidestart|p2: Duduo27|move: Tailwind\n|move|p2a: Gallade|Close Combat|p1a: Incineroar\n|-supereffective|p1a: Incineroar|1\n|-damage|p1a: Incineroar|8/100\n|-unboost|p2a: Gallade|def|1\n|-unboost|p2a: Gallade|spd|1\n|\n|upkeep\n|turn|2\n|\n|t:|1775972071\n|switch|p2a: Incineroar|Incineroar, L50, F|100/100\n|-ability|p2a: Incineroar|Intimidate|boost\n|-unboost|p1a: Incineroar|atk|1\n|-unboost|p1b: Azumarill|atk|1\n|move|p1a: Incineroar|Fake Out|p2b: Whimsicott\n|-damage|p2b: Whimsicott|90/100\n|cant|p2b: Whimsicott|flinch\n|move|p1b: Azumarill|Belly Drum|p1b: Azumarill\n|-damage|p1b: Azumarill|50/100\n|-setboost|p1b: Azumarill|atk|6|[from] move: Belly Drum\n|-enditem|p1b: Azumarill|Sitrus Berry|[eat]\n|-heal|p1b: Azumarill|75/100|[from] item: Sitrus Berry\n|\n|upkeep\n|turn|3\n|\n|t:|1775972093\n|switch|p1a: Kangaskhan|Kangaskhan, L50, F|100/100\n|move|p1b: Azumarill|Protect|p1b: Azumarill\n|-singleturn|p1b: Azumarill|Protect\n|move|p2b: Whimsicott|Encore|p1b: Azumarill\n|-activate|p1b: Azumarill|move: Protect\n|move|p2a: Incineroar|Flare Blitz|p1a: Kangaskhan\n|-damage|p1a: Kangaskhan|33/100\n|-damage|p2a: Incineroar|79/100|[from] Recoil\n|\n|upkeep\n|turn|4\n|inactive|Duduo27 has 30 seconds left.\n|inactive|Duduo27 has 20 seconds left.\n|\n|t:|1775972129\n|detailschange|p1a: Kangaskhan|Kangaskhan-Mega, L50, F\n|-mega|p1a: Kangaskhan|Kangaskhan|Kangaskhanite\n|move|p2b: Whimsicott|Protect|p2b: Whimsicott\n|-singleturn|p2b: Whimsicott|Protect\n|move|p1a: Kangaskhan|Fake Out|p2b: Whimsicott\n|-activate|p2b: Whimsicott|move: Protect\n|move|p1b: Azumarill|Aqua Jet|p2a: Incineroar\n|-supereffective|p2a: Incineroar|1\n|-damage|p2a: Incineroar|0 fnt\n|faint|p2a: Incineroar\n|\n|-sideend|p2: Duduo27|move: Tailwind\n|upkeep\n|\n|t:|1775972140\n|switch|p2a: Dragapult|Dragapult, L50, M|100/100\n|turn|5\n|\n|t:|1775972149\n|move|p2b: Whimsicott|Encore|p1a: Kangaskhan\n|-start|p1a: Kangaskhan|Encore\n|move|p1a: Kangaskhan|Fake Out||[still]\n|-hint|Fake Out only works on your first turn out.\n|-fail|p1a: Kangaskhan\n|move|p1b: Azumarill|Aqua Jet|p2a: Dragapult\n|-resisted|p2a: Dragapult|1\n|-damage|p2a: Dragapult|39/100\n|-start|p1b: Azumarill|Disable|Aqua Jet|[from] ability: Cursed Body|[of] p2a: Dragapult\n|move|p2a: Dragapult|Shadow Ball|p1b: Azumarill\n|-damage|p1b: Azumarill|41/100\n|\n|upkeep\n|turn|6\n|\n|t:|1775972168\n|switch|p2a: Gallade|Gallade-Mega, L50, M|100/100\n|switch|p1a: Talonflame|Talonflame, L50, M, shiny|100/100\n|move|p1b: Azumarill|Protect|p1b: Azumarill\n|-singleturn|p1b: Azumarill|Protect\n|move|p2b: Whimsicott|Encore|p1b: Azumarill\n|-activate|p1b: Azumarill|move: Protect\n|\n|upkeep\n|turn|7\n|inactive|Duduo27 has 30 seconds left.\n|\n|t:|1775972196\n|move|p1a: Talonflame|Dual Wingbeat|p2a: Gallade\n|-supereffective|p2a: Gallade|1\n|-damage|p2a: Gallade|57/100\n|-supereffective|p2a: Gallade|1\n|-damage|p2a: Gallade|8/100\n|-hitcount|p2a: Gallade|2\n|move|p2b: Whimsicott|Moonblast|p1a: Talonflame\n|-resisted|p1a: Talonflame|1\n|-damage|p1a: Talonflame|81/100\n|move|p2a: Gallade|Zen Headbutt|p1b: Azumarill\n|-damage|p1b: Azumarill|0 fnt\n|faint|p1b: Azumarill\n|\n|upkeep\n|\n|t:|1775972212\n|switch|p1b: Incineroar|Incineroar, L50, F, shiny|8/100\n|-ability|p1b: Incineroar|Intimidate|boost\n|-fail|p2a: Gallade|unboost|Attack|[from] ability: Inner Focus|[of] p2a: Gallade\n|-unboost|p2b: Whimsicott|atk|1\n|turn|8\n|\n|t:|1775972241\n|move|p2b: Whimsicott|Protect|p2b: Whimsicott\n|-singleturn|p2b: Whimsicott|Protect\n|move|p2a: Gallade|Protect|p2a: Gallade\n|-singleturn|p2a: Gallade|Protect\n|move|p1b: Incineroar|Fake Out|p2a: Gallade\n|-activate|p2a: Gallade|move: Protect\n|move|p1a: Talonflame|Dual Wingbeat|p2b: Whimsicott\n|-activate|p2b: Whimsicott|move: Protect\n|\n|upkeep\n|turn|9\n|\n|t:|1775972263\n|switch|p1b: Kangaskhan|Kangaskhan-Mega, L50, F|33/100\n|move|p2b: Whimsicott|Tailwind|p2b: Whimsicott\n|-sidestart|p2: Duduo27|move: Tailwind\n|move|p2a: Gallade|Zen Headbutt|p1a: Talonflame\n|-damage|p1a: Talonflame|4/100\n|move|p1a: Talonflame|Dual Wingbeat|p2a: Gallade\n|-supereffective|p2a: Gallade|1\n|-damage|p2a: Gallade|0 fnt\n|faint|p2a: Gallade\n|-hitcount|p2: Gallade|1\n|\n|upkeep\n|\n|t:|1775972271\n|switch|p2a: Dragapult|Dragapult, L50, M|39/100\n|turn|10\n|\n|t:|1775972284\n|move|p2b: Whimsicott|Protect|p2b: Whimsicott\n|-singleturn|p2b: Whimsicott|Protect\n|move|p2a: Dragapult|Protect|p2a: Dragapult\n|-singleturn|p2a: Dragapult|Protect\n|move|p1a: Talonflame|Quick Guard|p1a: Talonflame\n|-singleturn|p1a: Talonflame|Quick Guard\n|move|p1b: Kangaskhan|Sucker Punch||[still]\n|-fail|p1b: Kangaskhan\n|\n|upkeep\n|turn|11\n|\n|t:|1775972306\n|switch|p1a: Incineroar|Incineroar, L50, F, shiny|8/100\n|-ability|p1a: Incineroar|Intimidate|boost\n|-unboost|p2a: Dragapult|atk|1\n|-unboost|p2b: Whimsicott|atk|1\n|move|p2a: Dragapult|Protect||[still]\n|-fail|p2a: Dragapult\n|move|p2b: Whimsicott|Moonblast|p1b: Kangaskhan\n|-damage|p1b: Kangaskhan|13/100\n|move|p1b: Kangaskhan|Double-Edge|p2b: Whimsicott\n|-damage|p2b: Whimsicott|23/100\n|-damage|p2b: Whimsicott|5/100\n|-hitcount|p2b: Whimsicott|2\n|-damage|p1b: Kangaskhan|0 fnt|[from] Recoil\n|faint|p1b: Kangaskhan\n|\n|upkeep\n|\n|t:|1775972319\n|switch|p1b: Talonflame|Talonflame, L50, M, shiny|4/100\n|turn|12\n|\n|t:|1775972338\n|move|p1a: Incineroar|Fake Out|p2b: Whimsicott\n|-damage|p2b: Whimsicott|0 fnt\n|faint|p2b: Whimsicott\n|move|p2a: Dragapult|Shadow Ball|p1b: Talonflame\n|-damage|p1b: Talonflame|0 fnt\n|faint|p1b: Talonflame\n|\n|-sideend|p2: Duduo27|move: Tailwind\n|upkeep\n|turn|13\n|\n|t:|1775972344\n|move|p2a: Dragapult|Shadow Ball|p1a: Incineroar\n|-resisted|p1a: Incineroar|1\n|-damage|p1a: Incineroar|0 fnt\n|faint|p1a: Incineroar\n|\n|win|Duduo27\n",
  "uploadtime": 1775971990,
  "views": 13,
  "formatid": "gen9championsvgc2026regma",
  "rating": null,
  "private": 0,
  "password": null
}