{
  "id": "gen9championsvgc2026regma-2586415618",
  "format": "[Gen 9 Champions] VGC 2026 Reg M-A",
  "players": [
    "SDGDFGDSFGDSFG",
    "Meddizzle"
  ],
  "log": "|j|\u2606SDGDFGDSFGDSFG\n|j|\u2606Meddizzle\n|t:|1776433099\n|gametype|doubles\n|player|p1|SDGDFGDSFGDSFG|1|1000\n|player|p2|Meddizzle|169|1015\n|gen|9\n|tier|[Gen 9 Champions] VGC 2026 Reg M-A\n|rated|\n|rule|Species Clause: Limit one of each Pok\u00e9mon\n|rule|Item Clause: Limit 1 of each item\n|clearpoke\n|poke|p1|Gengar, L50, F|\n|poke|p1|Incineroar, L50, M|\n|poke|p1|Whimsicott, L50, F|\n|poke|p1|Rotom-Wash, L50|\n|poke|p1|Sneasler, L50, M|\n|poke|p1|Starmie, L50|\n|poke|p2|Reuniclus, L50, M|\n|poke|p2|Armarouge, L50, M|\n|poke|p2|Toxapex, L50, M|\n|poke|p2|Gliscor, L50, M|\n|poke|p2|Feraligatr, L50, F|\n|poke|p2|Araquanid, L50, M|\n|teampreview|4\n|inactive|Battle timer is ON: inactive players will automatically lose when time's up. (requested by SDGDFGDSFGDSFG)\n|\n|t:|1776433137\n|teamsize|p1|4\n|teamsize|p2|4\n|start\n|switch|p1a: Whimsicott|Whimsicott, L50, F|100/100\n|switch|p1b: Gengar|Gengar, L50, F|100/100\n|switch|p2a: Reuniclus|Reuniclus, L50, M|100/100\n|switch|p2b: Toxapex|Toxapex, L50, M|100/100\n|turn|1\n|\n|t:|1776433159\n|detailschange|p1b: Gengar|Gengar-Mega, L50, F\n|-mega|p1b: Gengar|Gengar|Gengarite\n|move|p1a: Whimsicott|Tailwind|p1a: Whimsicott\n|-sidestart|p1: SDGDFGDSFGDSFG|move: Tailwind\n|move|p1b: Gengar|Perish Song|p1b: Gengar\n|-start|p1a: Whimsicott|perish3|[silent]\n|-start|p1b: Gengar|perish3|[silent]\n|-start|p2a: Reuniclus|perish3|[silent]\n|-start|p2b: Toxapex|perish3|[silent]\n|-fieldactivate|move: Perish Song\n|move|p2b: Toxapex|Light Screen|p2b: Toxapex\n|-sidestart|p2: Meddizzle|move: Light Screen\n|move|p2a: Reuniclus|Trick Room|p2a: Reuniclus\n|-fieldstart|move: Trick Room|[of] p2a: Reuniclus\n|\n|-start|p2a: Reuniclus|perish3\n|-start|p2b: Toxapex|perish3\n|-start|p1a: Whimsicott|perish3\n|-start|p1b: Gengar|perish3\n|upkeep\n|turn|2\n|inactive|Meddizzle has 30 seconds left.\n|\n|t:|1776433192\n|move|p1b: Gengar|Protect|p1b: Gengar\n|-singleturn|p1b: Gengar|Protect\n|move|p1a: Whimsicott|Encore|p2a: Reuniclus\n|-start|p2a: Reuniclus|Encore\n|move|p2b: Toxapex|Gunk Shot|p1a: Whimsicott\n|-supereffective|p1a: Whimsicott|2\n|-damage|p1a: Whimsicott|0 fnt\n|faint|p1a: Whimsicott\n|move|p2a: Reuniclus|Trick Room|p2a: Reuniclus\n|-fieldend|move: Trick Room\n|\n|-start|p1b: Gengar|perish2\n|-start|p2b: Toxapex|perish2\n|-start|p2a: Reuniclus|perish2\n|upkeep\n|\n|t:|1776433204\n|switch|p1a: Starmie|Starmie, L50|100/100\n|turn|3\n|\n|t:|1776433228\n|move|p1a: Starmie|Psychic|p2b: Toxapex\n|-supereffective|p2b: Toxapex|1\n|-crit|p2b: Toxapex\n|-damage|p2b: Toxapex|4/100\n|move|p1b: Gengar|Substitute|p1b: Gengar\n|-start|p1b: Gengar|Substitute\n|-damage|p1b: Gengar|76/100\n|move|p2b: Toxapex|Gunk Shot|p1a: Starmie\n|-damage|p1a: Starmie|60/100\n|move|p2a: Reuniclus|Trick Room|p2a: Reuniclus\n|-fieldstart|move: Trick Room|[of] p2a: Reuniclus\n|\n|-heal|p2b: Toxapex|9/100|[from] item: Leftovers\n|-start|p2a: Reuniclus|perish1\n|-start|p2b: Toxapex|perish1\n|-start|p1b: Gengar|perish1\n|upkeep\n|turn|4\n|inactive|Meddizzle has 30 seconds left.\n|\n|t:|1776433256\n|switch|p1b: Incineroar|Incineroar, L50, M|100/100\n|-ability|p1b: Incineroar|Intimidate|boost\n|-unboost|p2a: Reuniclus|atk|1\n|-unboost|p2b: Toxapex|atk|1\n|move|p2b: Toxapex|Gunk Shot|p1a: Starmie\n|-damage|p1a: Starmie|32/100\n|move|p1a: Starmie|Psychic|p2b: Toxapex\n|-supereffective|p2b: Toxapex|1\n|-damage|p2b: Toxapex|0 fnt\n|faint|p2b: Toxapex\n|move|p2a: Reuniclus|Trick Room|p2a: Reuniclus\n|-fieldend|move: Trick Room\n|\n|-end|p2a: Reuniclus|Encore\n|-start|p2a: Reuniclus|perish0\n|faint|p2a: Reuniclus\n|-sideend|p1: SDGDFGDSFGDSFG|move: Tailwind\n|upkeep\n|\n|t:|1776433275\n|switch|p2b: Araquanid|Araquanid, L50, M|100/100\n|switch|p2a: Feraligatr|Feraligatr, L50, F|100/100\n|turn|5\n|\n|t:|1776433292\n|switch|p1a: Gengar|Gengar-Mega, L50, F|76/100\n|detailschange|p2a: Feraligatr|Feraligatr-Mega, L50, F\n|-mega|p2a: Feraligatr|Feraligatr|Feraligite\n|move|p1b: Incineroar|Fake Out|p2a: Feraligatr\n|-damage|p2a: Feraligatr|93/100\n|cant|p2a: Feraligatr|flinch\n|move|p2b: Araquanid|Liquidation|p2a: Feraligatr\n|-resisted|p2a: Feraligatr|2\n|-damage|p2a: Feraligatr|85/100\n|-unboost|p2a: Feraligatr|def|1\n|\n|-sideend|p2: Meddizzle|move: Light Screen\n|upkeep\n|turn|6\n|inactive|SDGDFGDSFGDSFG has 30 seconds left.\n|\n|t:|1776433319\n|move|p1a: Gengar|Protect|p1a: Gengar\n|-singleturn|p1a: Gengar|Protect\n|move|p2a: Feraligatr|Aqua Jet|p1b: Incineroar\n|-supereffective|p1b: Incineroar|1\n|-damage|p1b: Incineroar|50/100\n|-enditem|p1b: Incineroar|Sitrus Berry|[eat]\n|-heal|p1b: Incineroar|75/100|[from] item: Sitrus Berry\n|move|p1b: Incineroar|Parting Shot|p2a: Feraligatr\n|-unboost|p2a: Feraligatr|atk|1\n|-unboost|p2a: Feraligatr|spa|1\n|\n|t:|1776433329\n|switch|p1b: Starmie|Starmie, L50|32/100|[from] Parting Shot\n|move|p2b: Araquanid|Entrainment|p2a: Feraligatr\n|-ability|p2a: Feraligatr|Water Bubble|Dragonize|[from] move: Entrainment|[of] p2b: Araquanid\n|\n|upkeep\n|turn|7\n|\n|t:|1776433344\n|move|p2a: Feraligatr|Aqua Jet|p1b: Starmie\n|-resisted|p1b: Starmie|1\n|-damage|p1b: Starmie|6/100\n|move|p1b: Starmie|Thunder|p2b: Araquanid|[miss]\n|-miss|p1b: Starmie|p2b: Araquanid\n|move|p1a: Gengar|Perish Song|p1a: Gengar\n|-start|p1a: Gengar|perish3|[silent]\n|-start|p1b: Starmie|perish3|[silent]\n|-start|p2a: Feraligatr|perish3|[silent]\n|-start|p2b: Araquanid|perish3|[silent]\n|-fieldactivate|move: Perish Song\n|move|p2b: Araquanid|Infestation|p1a: Gengar\n|-resisted|p1a: Gengar|2\n|-damage|p1a: Gengar|74/100\n|-activate|p1a: Gengar|move: Infestation|[of] p2b: Araquanid\n|\n|-damage|p1a: Gengar|62/100|[from] move: Infestation|[partiallytrapped]\n|-start|p1b: Starmie|perish3\n|-start|p1a: Gengar|perish3\n|-start|p2a: Feraligatr|perish3\n|-start|p2b: Araquanid|perish3\n|upkeep\n|turn|8\n|inactive|Meddizzle has 30 seconds left.\n|\n|t:|1776433369\n|move|p2a: Feraligatr|Aqua Jet|p1b: Starmie\n|-resisted|p1b: Starmie|1\n|-damage|p1b: Starmie|0 fnt\n|faint|p1b: Starmie\n|move|p1a: Gengar|Substitute|p1a: Gengar\n|-start|p1a: Gengar|Substitute\n|-end|p1a: Gengar|Infestation|[partiallytrapped]|[silent]\n|-damage|p1a: Gengar|37/100\n|move|p2b: Araquanid|Liquidation|p1a: Gengar\n|-end|p1a: Gengar|Substitute\n|\n|-start|p1a: Gengar|perish2\n|-start|p2a: Feraligatr|perish2\n|-start|p2b: Araquanid|perish2\n|upkeep\n|\n|t:|1776433381\n|switch|p1b: Incineroar|Incineroar, L50, M|75/100\n|-ability|p1b: Incineroar|Intimidate|boost\n|-unboost|p2a: Feraligatr|atk|1\n|-unboost|p2b: Araquanid|atk|1\n|turn|9\n|\n|t:|1776433399\n|move|p1b: Incineroar|Fake Out|p2b: Araquanid\n|-damage|p2b: Araquanid|92/100\n|move|p1a: Gengar|Substitute|p1a: Gengar\n|-start|p1a: Gengar|Substitute\n|-damage|p1a: Gengar|12/100\n|move|p2a: Feraligatr|Liquidation|p1b: Incineroar\n|-supereffective|p1b: Incineroar|1\n|-damage|p1b: Incineroar|0 fnt\n|faint|p1b: Incineroar\n|cant|p2b: Araquanid|flinch\n|\n|-start|p1a: Gengar|perish1\n|-start|p2a: Feraligatr|perish1\n|-start|p2b: Araquanid|perish1\n|upkeep\n|turn|10\n|\n|t:|1776433419\n|move|p1a: Gengar|Protect|p1a: Gengar\n|-singleturn|p1a: Gengar|Protect\n|move|p2a: Feraligatr|Aqua Jet|p1a: Gengar\n|-activate|p1a: Gengar|move: Protect\n|move|p2b: Araquanid|Liquidation|p1a: Gengar\n|-activate|p1a: Gengar|move: Protect\n|\n|-start|p1a: Gengar|perish0\n|-start|p2a: Feraligatr|perish0\n|-start|p2b: Araquanid|perish0\n|faint|p1a: Gengar\n|faint|p2a: Feraligatr\n|faint|p2b: Araquanid\n|\n|win|Meddizzle\n|raw|SDGDFGDSFGDSFG's rating: 1000 &rarr; <strong>1000</strong><br />(+0 for losing)\n|raw|Meddizzle's rating: 1015 &rarr; <strong>1051</strong><br />(+36 for winning)\n|l|\u2606SDGDFGDSFGDSFG\n|player|p1|\n",
  "uploadtime": 1776433453,
  "views": 27,
  "formatid": "gen9championsvgc2026regma",
  "rating": 1000,
  "private": 0,
  "password": null
}