{
  "id": "gen9championsvgc2026regma-2580746321",
  "format": "[Gen 9 Champions] VGC 2026 Reg M-A",
  "players": [
    "kendytelusma123456",
    "whitsforever009"
  ],
  "log": "|j|\u2606kendytelusma123456\n|j|\u2606whitsforever009\n|t:|1775929099\n|gametype|doubles\n|player|p1|kendytelusma123456|101|1132\n|player|p2|whitsforever009|169|1082\n|gen|9\n|tier|[Gen 9 Champions] VGC 2026 Reg M-A\n|rated|\n|rule|Species Clause: Limit one of each Pok\u00e9mon\n|rule|Item Clause: Limit 1 of each item\n|clearpoke\n|poke|p1|Golurk, L50|\n|poke|p1|Farigiraf, L50, M|\n|poke|p1|Incineroar, L50, F|\n|poke|p1|Lopunny, L50, M|\n|poke|p1|Sinistcha-Masterpiece, L50|\n|poke|p1|Dragapult, L50, M|\n|poke|p2|Raichu-Alola, L50, F|\n|poke|p2|Manectric, L50, M|\n|poke|p2|Rotom-Wash, L50|\n|poke|p2|Sneasler, L50, M|\n|poke|p2|Clawitzer, L50, M|\n|poke|p2|Whimsicott, L50, F|\n|teampreview|4\n|\n|t:|1775929125\n|teamsize|p1|4\n|teamsize|p2|4\n|start\n|switch|p1a: Sinistcha|Sinistcha-Masterpiece, L50|100/100\n|switch|p1b: Incineroar|Incineroar, L50, F|100/100\n|switch|p2a: Raichu|Raichu-Alola, L50, F|100/100\n|switch|p2b: Whimsicott|Whimsicott, L50, F|100/100\n|-ability|p1b: Incineroar|Intimidate|boost\n|-unboost|p2a: Raichu|atk|1\n|-unboost|p2b: Whimsicott|atk|1\n|turn|1\n|\n|t:|1775929183\n|move|p2b: Whimsicott|Tailwind|p2b: Whimsicott\n|-sidestart|p2: whitsforever009|move: Tailwind\n|move|p2a: Raichu|Electric Terrain|p2a: Raichu\n|-fieldstart|move: Electric Terrain\n|move|p1b: Incineroar|Snarl|p2a: Raichu|[spread] p2a\n|-miss|p1b: Incineroar|p2b: Whimsicott\n|-supereffective|p2a: Raichu|1\n|-damage|p2a: Raichu|63/100\n|-unboost|p2a: Raichu|spa|1\n|move|p1a: Sinistcha|Trick Room|p1a: Sinistcha\n|-fieldstart|move: Trick Room|[of] p1a: Sinistcha\n|\n|upkeep\n|turn|2\n|\n|t:|1775929200\n|switch|p1a: Golurk|Golurk, L50, shiny|100/100\n|move|p2b: Whimsicott|Encore||[still]\n|-fail|p2b: Whimsicott\n|move|p1b: Incineroar|Snarl|p2b: Whimsicott|[spread] p2a,p2b\n|-supereffective|p2a: Raichu|1\n|-resisted|p2b: Whimsicott|1\n|-damage|p2a: Raichu|31/100\n|-damage|p2b: Whimsicott|91/100\n|-unboost|p2a: Raichu|spa|1\n|-unboost|p2b: Whimsicott|spa|1\n|move|p2a: Raichu|Rising Voltage|p1b: Incineroar\n|-hint|Rising Voltage's BP doubled on grounded target.\n|-damage|p1b: Incineroar|64/100\n|\n|upkeep\n|turn|3\n|\n|t:|1775929245\n|detailschange|p1a: Golurk|Golurk-Mega, L50, shiny\n|-mega|p1a: Golurk|Golurk|Golurkite\n|move|p1a: Golurk|Poltergeist|p2b: Whimsicott\n|-activate|p2b: Whimsicott|move: Poltergeist|Focus Sash\n|-damage|p2b: Whimsicott|0 fnt\n|faint|p2b: Whimsicott\n|move|p1b: Incineroar|Snarl|p2a: Raichu|[miss]\n|-miss|p1b: Incineroar|p2a: Raichu\n|move|p2a: Raichu|Electroweb|p1a: Golurk|[spread] p1b\n|-immune|p1a: Golurk\n|-damage|p1b: Incineroar|54/100\n|-unboost|p1b: Incineroar|spe|1\n|\n|upkeep\n|\n|t:|1775929258\n|switch|p2b: Sneasler|Sneasler, L50, M|100/100\n|turn|4\n|\n|t:|1775929280\n|move|p2b: Sneasler|Protect|p2b: Sneasler\n|-singleturn|p2b: Sneasler|Protect\n|move|p1b: Incineroar|Snarl|p2b: Sneasler|[spread] p2a\n|-activate|p2b: Sneasler|move: Protect\n|-supereffective|p2a: Raichu|1\n|-damage|p2a: Raichu|0 fnt\n|faint|p2a: Raichu\n|move|p1a: Golurk|High Horsepower|p2b: Sneasler|[miss]\n|-miss|p1a: Golurk|p2b: Sneasler\n|\n|-sideend|p2: whitsforever009|move: Tailwind\n|upkeep\n|\n|t:|1775929291\n|switch|p2a: Manectric|Manectric, L50, M|100/100\n|turn|5\n|\n|t:|1775929309\n|switch|p1b: Sinistcha|Sinistcha-Masterpiece, L50|100/100\n|move|p2a: Manectric|Protect|p2a: Manectric\n|-singleturn|p2a: Manectric|Protect\n|move|p1a: Golurk|Earthquake|p2b: Sneasler|[spread] p1b,p2b\n|-activate|p2a: Manectric|move: Protect\n|-resisted|p1b: Sinistcha|1\n|-supereffective|p2b: Sneasler|1\n|-damage|p1b: Sinistcha|78/100\n|-damage|p2b: Sneasler|0 fnt\n|faint|p2b: Sneasler\n|\n|-heal|p1b: Sinistcha|84/100|[from] item: Leftovers\n|-fieldend|move: Trick Room\n|-fieldend|move: Electric Terrain\n|upkeep\n|turn|6\n|-message|whitsforever009 forfeited.\n|\n|win|kendytelusma123456\n|raw|kendytelusma123456's rating: 1132 &rarr; <strong>1153</strong><br />(+21 for winning)\n|raw|whitsforever009's rating: 1082 &rarr; <strong>1063</strong><br />(-19 for losing)\n|l|\u2606whitsforever009\n|player|p2|\n",
  "uploadtime": 1775929336,
  "views": 10,
  "formatid": "gen9championsvgc2026regma",
  "rating": 1063,
  "private": 0,
  "password": null
}