{
  "id": "gen9championsvgc2026regma-2584793472",
  "format": "[Gen 9 Champions] VGC 2026 Reg M-A",
  "players": [
    "rizzlerrrrrr",
    "Purzu"
  ],
  "log": "|j|\u2606rizzlerrrrrr\n|j|\u2606Purzu\n|t:|1776284082\n|gametype|doubles\n|player|p1|rizzlerrrrrr|170|1164\n|player|p2|Purzu|265|1142\n|gen|9\n|tier|[Gen 9 Champions] VGC 2026 Reg M-A\n|rated|\n|rule|Species Clause: Limit one of each Pok\u00e9mon\n|rule|Item Clause: Limit 1 of each item\n|clearpoke\n|poke|p1|Drampa, L50, M|\n|poke|p1|Oranguru, L50, M|\n|poke|p1|Sinistcha-Masterpiece, L50|\n|poke|p1|Sneasler, L50, M|\n|poke|p1|Incineroar, L50, F|\n|poke|p1|Torkoal, L50, F|\n|poke|p2|Charizard, L50, F|\n|poke|p2|Venusaur, L50, F|\n|poke|p2|Garchomp, L50, M|\n|poke|p2|Incineroar, L50, M|\n|poke|p2|Gardevoir, L50, M|\n|poke|p2|Milotic, L50, F|\n|teampreview|4\n|inactive|Battle timer is ON: inactive players will automatically lose when time's up. (requested by rizzlerrrrrr)\n|\n|t:|1776284110\n|teamsize|p1|4\n|teamsize|p2|4\n|start\n|switch|p1a: Drampa|Drampa, L50, M, shiny|100/100\n|switch|p1b: Oranguru|Oranguru, L50, M, shiny|100/100\n|switch|p2a: Garchomp|Garchomp, L50, M|100/100\n|switch|p2b: Gardevoir|Gardevoir, L50, M|100/100\n|-ability|p1a: Drampa|Cloud Nine\n|turn|1\n|inactive|Purzu has 30 seconds left.\n|inactive|Purzu has 20 seconds left.\n|\n|t:|1776284148\n|move|p1a: Drampa|Protect|p1a: Drampa\n|-singleturn|p1a: Drampa|Protect\n|move|p2b: Gardevoir|Icy Wind|p1a: Drampa|[spread] p1b\n|-activate|p1a: Drampa|move: Protect\n|-damage|p1b: Oranguru|91/100\n|-unboost|p1b: Oranguru|spe|1\n|move|p2a: Garchomp|Earthquake|p1a: Drampa|[spread] p1b\n|-activate|p1a: Drampa|move: Protect\n|-activate|p2b: Gardevoir|ability: Telepathy\n|-damage|p1b: Oranguru|51/100\n|move|p1b: Oranguru|Trick Room|p1b: Oranguru\n|-fieldstart|move: Trick Room|[of] p1b: Oranguru\n|\n|upkeep\n|turn|2\n|inactive|rizzlerrrrrr has 30 seconds left.\n|inactive|Purzu has 30 seconds left.\n|inactive|rizzlerrrrrr has 20 seconds left.\n|inactive|Purzu has 20 seconds left.\n|inactive|Purzu has 15 seconds left.\n|\n|t:|1776284188\n|detailschange|p1a: Drampa|Drampa-Mega, L50, M, shiny\n|-mega|p1a: Drampa|Drampa|Drampanite\n|move|p2a: Garchomp|Protect|p2a: Garchomp\n|-singleturn|p2a: Garchomp|Protect\n|move|p1b: Oranguru|Encore|p2b: Gardevoir\n|-start|p2b: Gardevoir|Encore\n|move|p1a: Drampa|Dragon Pulse|p2a: Garchomp\n|-activate|p2a: Garchomp|move: Protect\n|move|p2b: Gardevoir|Icy Wind|p1b: Oranguru|[spread] p1a,p1b\n|-supereffective|p1a: Drampa|1\n|-damage|p1a: Drampa|75/100\n|-damage|p1b: Oranguru|41/100\n|-unboost|p1a: Drampa|spe|1\n|-unboost|p1b: Oranguru|spe|1\n|\n|upkeep\n|turn|3\n|inactive|rizzlerrrrrr has 30 seconds left.\n|inactive|Purzu has 30 seconds left.\n|\n|t:|1776284221\n|switch|p1b: Incineroar|Incineroar, L50, F|100/100\n|-ability|p1b: Incineroar|Intimidate|boost\n|-unboost|p2a: Garchomp|atk|1\n|-unboost|p2b: Gardevoir|atk|1\n|move|p2a: Garchomp|Protect||[still]\n|-fail|p2a: Garchomp\n|move|p1a: Drampa|Dragon Pulse|p2a: Garchomp\n|-supereffective|p2a: Garchomp|1\n|-damage|p2a: Garchomp|0 fnt\n|faint|p2a: Garchomp\n|move|p2b: Gardevoir|Icy Wind|p1b: Incineroar|[spread] p1a,p1b\n|-supereffective|p1a: Drampa|1\n|-resisted|p1b: Incineroar|1\n|-damage|p1a: Drampa|49/100\n|-damage|p1b: Incineroar|96/100\n|-unboost|p1a: Drampa|spe|1\n|-unboost|p1b: Incineroar|spe|1\n|-ability|p1a: Drampa|Berserk|boost\n|-boost|p1a: Drampa|spa|1\n|\n|upkeep\n|\n|t:|1776284244\n|switch|p2a: Charizard|Charizard, L50, F|100/100\n|turn|4\n|\n|t:|1776284258\n|switch|p1b: Sinistcha|Sinistcha-Masterpiece, L50|100/100\n|-heal|p1a: Drampa|73/100|[from] ability: Hospitality|[of] p1b: Sinistcha\n|detailschange|p2a: Charizard|Charizard-Mega-Y, L50, F\n|-mega|p2a: Charizard|Charizard|Charizardite Y\n|-weather|SunnyDay|[from] ability: Drought|[of] p2a: Charizard\n|move|p1a: Drampa|Hyper Voice|p2b: Gardevoir|[spread] p2a,p2b\n|-damage|p2a: Charizard|36/100\n|-damage|p2b: Gardevoir|36/100\n|move|p2a: Charizard|Weather Ball|p1a: Drampa\n|-resisted|p1a: Drampa|1\n|-damage|p1a: Drampa|37/100\n|-ability|p1a: Drampa|Berserk|boost\n|-boost|p1a: Drampa|spa|1\n|move|p2b: Gardevoir|Icy Wind|p1b: Sinistcha|[spread] p1a,p1b\n|-supereffective|p1a: Drampa|1\n|-supereffective|p1b: Sinistcha|1\n|-damage|p1a: Drampa|11/100\n|-damage|p1b: Sinistcha|75/100\n|-unboost|p1a: Drampa|spe|1\n|-unboost|p1b: Sinistcha|spe|1\n|\n|-weather|SunnyDay|[upkeep]\n|-end|p2b: Gardevoir|Encore\n|upkeep\n|turn|5\n|inactive|Purzu has 30 seconds left.\n|\n|t:|1776284293\n|move|p1a: Drampa|Hyper Voice|p2a: Charizard|[spread] p2a,p2b\n|-damage|p2a: Charizard|0 fnt\n|-damage|p2b: Gardevoir|0 fnt\n|faint|p2a: Charizard\n|faint|p2b: Gardevoir\n|move|p1b: Sinistcha|Life Dew|p1b: Sinistcha|[spread] p1a,p1b\n|-heal|p1a: Drampa|36/100\n|-heal|p1b: Sinistcha|100/100\n|\n|-weather|SunnyDay|[upkeep]\n|-fieldend|move: Trick Room\n|upkeep\n|\n|t:|1776284309\n|switch|p2a: Venusaur|Venusaur, L50, F|100/100\n|turn|6\n|\n|t:|1776284318\n|move|p1a: Drampa|Protect|p1a: Drampa\n|-singleturn|p1a: Drampa|Protect\n|move|p2a: Venusaur|Sleep Powder|p1a: Drampa\n|-activate|p1a: Drampa|move: Protect\n|move|p1b: Sinistcha|Trick Room|p1b: Sinistcha\n|-fieldstart|move: Trick Room|[of] p1b: Sinistcha\n|\n|-weather|SunnyDay|[upkeep]\n|upkeep\n|turn|7\n|\n|t:|1776284332\n|move|p1b: Sinistcha|Rage Powder|p1b: Sinistcha\n|-singleturn|p1b: Sinistcha|move: Rage Powder\n|move|p1a: Drampa|Hyper Voice|p2a: Venusaur\n|-enditem|p2a: Venusaur|Focus Sash\n|-damage|p2a: Venusaur|1/100\n|move|p2a: Venusaur|Sludge Bomb|p1a: Drampa\n|-damage|p1a: Drampa|0 fnt\n|faint|p1a: Drampa\n|\n|-weather|SunnyDay|[upkeep]\n|upkeep\n|-message|Purzu forfeited.\n|\n|win|rizzlerrrrrr\n|raw|rizzlerrrrrr's rating: 1164 &rarr; <strong>1187</strong><br />(+23 for winning)\n|raw|Purzu's rating: 1142 &rarr; <strong>1119</strong><br />(-23 for losing)\n|l|\u2606Purzu\n|player|p2|\n",
  "uploadtime": 1776284354,
  "views": 30,
  "formatid": "gen9championsvgc2026regma",
  "rating": 1119,
  "private": 0,
  "password": null
}