{
  "id": "gen9championsvgc2026regma-2585032215",
  "format": "[Gen 9 Champions] VGC 2026 Reg M-A",
  "players": [
    "nikbutawesome",
    "Cho$enToWin"
  ],
  "log": "|j|\u2606nikbutawesome\n|j|\u2606Cho$enToWin\n|t:|1776305093\n|gametype|doubles\n|player|p1|nikbutawesome|pokemaniac|1230\n|player|p2|Cho$enToWin|169|1278\n|gen|9\n|tier|[Gen 9 Champions] VGC 2026 Reg M-A\n|rated|\n|rule|Species Clause: Limit one of each Pok\u00e9mon\n|rule|Item Clause: Limit 1 of each item\n|clearpoke\n|poke|p1|Scizor, L50, F|\n|poke|p1|Tyranitar, L50, M|\n|poke|p1|Aerodactyl, L50, F|\n|poke|p1|Incineroar, L50, F|\n|poke|p1|Rotom-Wash, L50|\n|poke|p1|Maushold-Four, L50|\n|poke|p2|Blastoise, L50, M|\n|poke|p2|Incineroar, L50, F|\n|poke|p2|Tinkaton, L50, F|\n|poke|p2|Sinistcha, L50|\n|poke|p2|Kommo-o, L50, F|\n|poke|p2|Farigiraf, L50, M|\n|teampreview|4\n|c|\u2606nikbutawesome|tinkatons hammer is completely covering incin lol\n|\n|t:|1776305131\n|teamsize|p1|4\n|teamsize|p2|4\n|start\n|switch|p1a: Rotom|Rotom-Wash, L50|100/100\n|switch|p1b: Incineroar|Incineroar, L50, F|100/100\n|switch|p2a: Jane Juliet|Blastoise, L50, M|100/100\n|switch|p2b: Tinkaton|Tinkaton, L50, F|100/100\n|-ability|p2b: Tinkaton|Mold Breaker\n|-ability|p1b: Incineroar|Intimidate|boost\n|-unboost|p2a: Jane Juliet|atk|1\n|-unboost|p2b: Tinkaton|atk|1\n|turn|1\n|\n|t:|1776305168\n|switch|p2a: Sinistcha|Sinistcha, L50|100/100\n|switch|p2b: Incineroar|Incineroar, L50, F|100/100\n|-ability|p2b: Incineroar|Intimidate|boost\n|-unboost|p1a: Rotom|atk|1\n|-unboost|p1b: Incineroar|atk|1\n|move|p1a: Rotom|Thunderbolt|p2a: Sinistcha\n|-resisted|p2a: Sinistcha|1\n|-damage|p2a: Sinistcha|80/100\n|move|p1b: Incineroar|Flare Blitz|p2b: Incineroar\n|-resisted|p2b: Incineroar|1\n|-damage|p2b: Incineroar|83/100\n|-damage|p1b: Incineroar|95/100|[from] Recoil\n|\n|upkeep\n|turn|2\n|\n|t:|1776305181\n|move|p1a: Rotom|Thunderbolt|p2b: Incineroar\n|-damage|p2b: Incineroar|43/100\n|move|p2a: Sinistcha|Matcha Gotcha|p1b: Incineroar|[spread] p1a,p1b\n|-supereffective|p1a: Rotom|1\n|-resisted|p1b: Incineroar|1\n|-damage|p1a: Rotom|33/100\n|-heal|p2a: Sinistcha|100/100|[from] drain|[of] p1a: Rotom\n|-damage|p1b: Incineroar|82/100\n|move|p1b: Incineroar|Flare Blitz|p2a: Sinistcha\n|-supereffective|p2a: Sinistcha|1\n|-damage|p2a: Sinistcha|30/100\n|-status|p2a: Sinistcha|brn\n|-enditem|p2a: Sinistcha|Sitrus Berry|[eat]\n|-heal|p2a: Sinistcha|54/100 brn|[from] item: Sitrus Berry\n|-damage|p1b: Incineroar|61/100|[from] Recoil\n|move|p2b: Incineroar|Parting Shot|p1b: Incineroar\n|-unboost|p1b: Incineroar|atk|1\n|-unboost|p1b: Incineroar|spa|1\n|\n|t:|1776305197\n|switch|p2b: Jane Juliet|Blastoise, L50, M|100/100|[from] Parting Shot\n|\n|-damage|p2a: Sinistcha|48/100 brn|[from] brn\n|upkeep\n|turn|3\n|\n|t:|1776305213\n|switch|p1b: Scizor|Scizor, L50, F|100/100\n|detailschange|p2b: Jane Juliet|Blastoise-Mega, L50, M\n|-mega|p2b: Jane Juliet|Blastoise|Blastoisinite\n|move|p2a: Sinistcha|Rage Powder|p2a: Sinistcha\n|-singleturn|p2a: Sinistcha|move: Rage Powder\n|move|p1a: Rotom|Thunderbolt|p2a: Sinistcha\n|-resisted|p2a: Sinistcha|1\n|-damage|p2a: Sinistcha|30/100 brn\n|move|p2b: Jane Juliet|Shell Smash|p2b: Jane Juliet\n|-unboost|p2b: Jane Juliet|def|1\n|-unboost|p2b: Jane Juliet|spd|1\n|-boost|p2b: Jane Juliet|atk|2\n|-boost|p2b: Jane Juliet|spa|2\n|-boost|p2b: Jane Juliet|spe|2\n|\n|-damage|p2a: Sinistcha|24/100 brn|[from] brn\n|upkeep\n|turn|4\n|\n|t:|1776305227\n|detailschange|p1b: Scizor|Scizor-Mega, L50, F\n|-mega|p1b: Scizor|Scizor|Scizorite\n|move|p2a: Sinistcha|Rage Powder|p2a: Sinistcha\n|-singleturn|p2a: Sinistcha|move: Rage Powder\n|move|p2b: Jane Juliet|Water Spout|p1b: Scizor|[spread] p1a,p1b\n|-resisted|p1a: Rotom|1\n|-damage|p1a: Rotom|0 fnt\n|-damage|p1b: Scizor|0 fnt\n|faint|p1a: Rotom\n|faint|p1b: Scizor\n|\n|-damage|p2a: Sinistcha|17/100 brn|[from] brn\n|upkeep\n|\n|t:|1776305233\n|switch|p1b: Tyranitar|Tyranitar, L50, M|100/100\n|switch|p1a: Incineroar|Incineroar, L50, F|61/100\n|-weather|Sandstorm|[from] ability: Sand Stream|[of] p1b: Tyranitar\n|-ability|p1a: Incineroar|Intimidate|boost\n|-unboost|p2a: Sinistcha|atk|1\n|-unboost|p2b: Jane Juliet|atk|1\n|turn|5\n|\n|t:|1776305243\n|switch|p2a: Incineroar|Incineroar, L50, F|43/100\n|-ability|p2a: Incineroar|Intimidate|boost\n|-unboost|p1a: Incineroar|atk|1\n|-unboost|p1b: Tyranitar|atk|1\n|-enditem|p1b: Tyranitar|White Herb\n|-clearnegativeboost|p1b: Tyranitar|[silent]\n|move|p2b: Jane Juliet|Protect|p2b: Jane Juliet\n|-singleturn|p2b: Jane Juliet|Protect\n|move|p1b: Tyranitar|Rock Slide|p2a: Incineroar|[spread] \n|-activate|p2b: Jane Juliet|move: Protect\n|-miss|p1b: Tyranitar|p2a: Incineroar\n|move|p1a: Incineroar|Darkest Lariat|p2b: Jane Juliet\n|-activate|p2b: Jane Juliet|move: Protect\n|\n|-weather|Sandstorm|[upkeep]\n|-damage|p2b: Jane Juliet|95/100|[from] Sandstorm\n|-damage|p1a: Incineroar|55/100|[from] Sandstorm\n|-damage|p2a: Incineroar|37/100|[from] Sandstorm\n|upkeep\n|turn|6\n|\n|t:|1776305264\n|move|p1b: Tyranitar|Protect|p1b: Tyranitar\n|-singleturn|p1b: Tyranitar|Protect\n|move|p2a: Incineroar|Fake Out|p1a: Incineroar\n|-damage|p1a: Incineroar|44/100\n|-enditem|p1a: Incineroar|Sitrus Berry|[eat]\n|-heal|p1a: Incineroar|69/100|[from] item: Sitrus Berry\n|move|p2b: Jane Juliet|Water Spout|p1a: Incineroar|[spread] p1a\n|-activate|p1b: Tyranitar|move: Protect\n|-supereffective|p1a: Incineroar|1\n|-damage|p1a: Incineroar|0 fnt\n|faint|p1a: Incineroar\n|\n|-weather|Sandstorm|[upkeep]\n|-damage|p2b: Jane Juliet|89/100|[from] Sandstorm\n|-damage|p2a: Incineroar|31/100|[from] Sandstorm\n|upkeep\n|turn|7\n|\n|t:|1776305277\n|move|p2b: Jane Juliet|Protect|p2b: Jane Juliet\n|-singleturn|p2b: Jane Juliet|Protect\n|move|p1b: Tyranitar|Rock Slide|p2a: Incineroar|[spread] p2a\n|-activate|p2b: Jane Juliet|move: Protect\n|-supereffective|p2a: Incineroar|1\n|-damage|p2a: Incineroar|0 fnt\n|faint|p2a: Incineroar\n|\n|-weather|Sandstorm|[upkeep]\n|-damage|p2b: Jane Juliet|83/100|[from] Sandstorm\n|upkeep\n|\n|t:|1776305282\n|switch|p2a: Tinkaton|Tinkaton, L50, F|100/100\n|-ability|p2a: Tinkaton|Mold Breaker\n|turn|8\n|\n|t:|1776305299\n|move|p2a: Tinkaton|Fake Out|p1b: Tyranitar\n|-resisted|p1b: Tyranitar|1\n|-damage|p1b: Tyranitar|97/100\n|move|p2b: Jane Juliet|Shell Smash|p2b: Jane Juliet\n|-unboost|p2b: Jane Juliet|def|1\n|-unboost|p2b: Jane Juliet|spd|1\n|-boost|p2b: Jane Juliet|atk|2\n|-boost|p2b: Jane Juliet|spa|2\n|-boost|p2b: Jane Juliet|spe|2\n|cant|p1b: Tyranitar|flinch\n|\n|-weather|Sandstorm|[upkeep]\n|-damage|p2b: Jane Juliet|77/100|[from] Sandstorm\n|upkeep\n|turn|9\n|\n|t:|1776305311\n|switch|p2a: Sinistcha|Sinistcha, L50|17/100 brn\n|-heal|p2b: Jane Juliet|100/100|[from] ability: Hospitality|[of] p2a: Sinistcha\n|move|p2b: Jane Juliet|Water Spout|p1b: Tyranitar\n|-supereffective|p1b: Tyranitar|1\n|-damage|p1b: Tyranitar|0 fnt\n|faint|p1b: Tyranitar\n|\n|win|Cho$enToWin\n|raw|nikbutawesome's rating: 1230 &rarr; <strong>1208</strong><br />(-22 for losing)\n|raw|Cho$enToWin's rating: 1278 &rarr; <strong>1300</strong><br />(+22 for winning)\n|l|\u2606nikbutawesome\n|player|p1|\n",
  "uploadtime": 1776305325,
  "views": 23,
  "formatid": "gen9championsvgc2026regma",
  "rating": 1208,
  "private": 0,
  "password": null
}