{
  "id": "gen9championsvgc2026regma-2586130613",
  "format": "[Gen 9 Champions] VGC 2026 Reg M-A",
  "players": [
    "Crash0utVGC",
    "Josephina1023"
  ],
  "log": "|j|\u2606Crash0utVGC\n|j|\u2606Josephina1023\n|t:|1776402752\n|gametype|doubles\n|player|p1|Crash0utVGC|colress|1141\n|player|p2|Josephina1023|winona|1236\n|gen|9\n|tier|[Gen 9 Champions] VGC 2026 Reg M-A\n|rated|\n|rule|Species Clause: Limit one of each Pok\u00e9mon\n|rule|Item Clause: Limit 1 of each item\n|clearpoke\n|poke|p1|Alakazam, L50, M|\n|poke|p1|Meowstic, L50, M|\n|poke|p1|Kingambit, L50, F|\n|poke|p1|Garchomp, L50, M|\n|poke|p1|Farigiraf, L50, M|\n|poke|p1|Rotom-Wash, L50|\n|poke|p2|Incineroar, L50, F|\n|poke|p2|Charizard, L50, M|\n|poke|p2|Venusaur, L50, M|\n|poke|p2|Garchomp, L50, F|\n|poke|p2|Milotic, L50, M|\n|poke|p2|Sneasler, L50, F|\n|teampreview|4\n|inactive|Battle timer is ON: inactive players will automatically lose when time's up. (requested by Josephina1023)\n|\n|t:|1776402795\n|teamsize|p1|4\n|teamsize|p2|4\n|start\n|switch|p1a: Garchomp|Garchomp, L50, M|100/100\n|switch|p1b: Kingambit|Kingambit, L50, F, shiny|100/100\n|switch|p2a: Charizard|Charizard, L50, M|100/100\n|switch|p2b: Venusaur|Venusaur, L50, M|100/100\n|turn|1\n|\n|t:|1776402812\n|switch|p1b: Alakazam|Alakazam, L50, M|100/100\n|detailschange|p2a: Charizard|Charizard-Mega-Y, L50, M\n|-mega|p2a: Charizard|Charizard|Charizardite Y\n|-weather|SunnyDay|[from] ability: Drought|[of] p2a: Charizard\n|move|p2a: Charizard|Protect|p2a: Charizard\n|-singleturn|p2a: Charizard|Protect\n|move|p1a: Garchomp|Rock Slide|p2a: Charizard|[spread] p2b\n|-activate|p2a: Charizard|move: Protect\n|-crit|p2b: Venusaur\n|-damage|p2b: Venusaur|60/100\n|cant|p2b: Venusaur|flinch\n|\n|-weather|SunnyDay|[upkeep]\n|upkeep\n|turn|2\n|inactive|Josephina1023 has 30 seconds left.\n|\n|t:|1776402838\n|switch|p2a: Incineroar|Incineroar, L50, F|100/100\n|-ability|p2a: Incineroar|Intimidate|boost\n|-unboost|p1a: Garchomp|atk|1\n|-unboost|p1b: Alakazam|atk|1\n|detailschange|p1b: Alakazam|Alakazam-Mega, L50, M\n|-mega|p1b: Alakazam|Alakazam|Alakazite\n|-ability|p1b: Alakazam|Intimidate|Trace|[from] ability: Trace|[of] p2a: Incineroar\n|-ability|p1b: Alakazam|Intimidate|boost\n|-unboost|p2a: Incineroar|atk|1\n|-unboost|p2b: Venusaur|atk|1\n|move|p1a: Garchomp|Rock Slide|p2a: Incineroar|[spread] p2a,p2b\n|-supereffective|p2a: Incineroar|1\n|-damage|p2a: Incineroar|74/100\n|-damage|p2b: Venusaur|40/100\n|cant|p2b: Venusaur|flinch\n|move|p1b: Alakazam|Expanding Force|p2b: Venusaur|[miss]\n|-miss|p1b: Alakazam|p2b: Venusaur\n|\n|-weather|SunnyDay|[upkeep]\n|-heal|p2a: Incineroar|80/100|[from] item: Leftovers\n|upkeep\n|turn|3\n|c|\u2606Josephina1023|Damn\n|inactive|Crash0utVGC has 30 seconds left.\n|c|\u2606Crash0utVGC|thats a crazy turn of gamba\n|c|\u2606Josephina1023|Flinch twice in a row\n|inactive|Crash0utVGC has 20 seconds left.\n|inactive|Crash0utVGC has 15 seconds left.\n|c|\u2606Crash0utVGC|bro i missed you because of powder?\n|inactive|Crash0utVGC has 10 seconds left.\n|\n|t:|1776402885\n|switch|p1a: Kingambit|Kingambit, L50, F, shiny|100/100\n|move|p2a: Incineroar|Fake Out|p1b: Alakazam\n|-damage|p1b: Alakazam|88/100\n|move|p2b: Venusaur|Sleep Powder|p1a: Kingambit\n|-status|p1a: Kingambit|slp|[from] move: Sleep Powder\n|cant|p1b: Alakazam|flinch\n|\n|-weather|SunnyDay|[upkeep]\n|-heal|p2a: Incineroar|86/100|[from] item: Leftovers\n|upkeep\n|turn|4\n|c|\u2606Josephina1023|The probability of that is insane\n|\n|t:|1776402908\n|switch|p2b: Garchomp|Garchomp, L50, F|100/100\n|move|p1b: Alakazam|Focus Blast|p2a: Incineroar\n|-supereffective|p2a: Incineroar|1\n|-damage|p2a: Incineroar|0 fnt\n|faint|p2a: Incineroar\n|cant|p1a: Kingambit|slp\n|\n|-weather|SunnyDay|[upkeep]\n|upkeep\n|c|\u2606Crash0utVGC|its more likely then me missing still btw\n|\n|t:|1776402914\n|switch|p2a: Charizard|Charizard-Mega-Y, L50, M|100/100\n|turn|5\n|\n|t:|1776402927\n|move|p1b: Alakazam|Protect|p1b: Alakazam\n|-singleturn|p1b: Alakazam|Protect\n|-curestatus|p1a: Kingambit|slp|[msg]\n|move|p1a: Kingambit|Sucker Punch|p2a: Charizard\n|-damage|p2a: Charizard|46/100\n|move|p2b: Garchomp|Earthquake|p1b: Alakazam|[spread] p1a\n|-activate|p1b: Alakazam|move: Protect\n|-immune|p2a: Charizard\n|-supereffective|p1a: Kingambit|1\n|-damage|p1a: Kingambit|35/100\n|move|p2a: Charizard|Heat Wave|p1b: Alakazam|[spread] p1a\n|-activate|p1b: Alakazam|move: Protect\n|-supereffective|p1a: Kingambit|1\n|-damage|p1a: Kingambit|0 fnt\n|faint|p1a: Kingambit\n|\n|-weather|none\n|upkeep\n|\n|t:|1776402934\n|switch|p1a: Garchomp|Garchomp, L50, M|100/100\n|turn|6\n|inactive|Josephina1023 has 30 seconds left.\n|inactive|Josephina1023 has 20 seconds left.\n|\n|t:|1776402970\n|move|p2a: Charizard|Protect|p2a: Charizard\n|-singleturn|p2a: Charizard|Protect\n|move|p1a: Garchomp|Dragon Claw|p2b: Garchomp\n|-supereffective|p2b: Garchomp|1\n|-damage|p2b: Garchomp|3/100\n|-damage|p1a: Garchomp|88/100|[from] ability: Rough Skin|[of] p2b: Garchomp\n|move|p1b: Alakazam|Expanding Force|p2a: Charizard\n|-activate|p2a: Charizard|move: Protect\n|move|p2b: Garchomp|Earthquake|p1b: Alakazam|[spread] p1a,p1b\n|-activate|p2a: Charizard|move: Protect\n|-damage|p1a: Garchomp|53/100\n|-damage|p1b: Alakazam|10/100\n|\n|upkeep\n|turn|7\n|\n|t:|1776402985\n|switch|p2a: Venusaur|Venusaur, L50, M|40/100\n|move|p1a: Garchomp|Dragon Claw|p2b: Garchomp\n|-supereffective|p2b: Garchomp|1\n|-damage|p2b: Garchomp|0 fnt\n|-damage|p1a: Garchomp|40/100|[from] ability: Rough Skin|[of] p2b: Garchomp\n|faint|p2b: Garchomp\n|move|p1b: Alakazam|Expanding Force|p2a: Venusaur\n|-supereffective|p2a: Venusaur|1\n|-damage|p2a: Venusaur|0 fnt\n|faint|p2a: Venusaur\n|\n|upkeep\n|\n|t:|1776402995\n|switch|p2b: Charizard|Charizard-Mega-Y, L50, M|46/100\n|-weather|SunnyDay|[from] ability: Drought|[of] p2b: Charizard\n|turn|8\n|\n|t:|1776402999\n|move|p1a: Garchomp|Dragon Claw|p2b: Charizard\n|-damage|p2b: Charizard|0 fnt\n|faint|p2b: Charizard\n|\n|win|Crash0utVGC\n|raw|Crash0utVGC's rating: 1141 &rarr; <strong>1173</strong><br />(+32 for winning)\n|raw|Josephina1023's rating: 1236 &rarr; <strong>1204</strong><br />(-32 for losing)\n",
  "uploadtime": 1776402999,
  "views": 24,
  "formatid": "gen9championsvgc2026regma",
  "rating": 1173,
  "private": 0,
  "password": null
}