{
  "id": "gen9championsvgc2026regma-2588164862",
  "format": "[Gen 9 Champions] VGC 2026 Reg M-A",
  "players": [
    "Crispytoesss",
    "holiwis1234"
  ],
  "log": "|j|\u2606Crispytoesss\n|j|\u2606holiwis1234\n|t:|1776610668\n|gametype|doubles\n|player|p1|Crispytoesss|silver|1345\n|player|p2|holiwis1234|2|1300\n|gen|9\n|tier|[Gen 9 Champions] VGC 2026 Reg M-A\n|rated|\n|rule|Species Clause: Limit one of each Pok\u00e9mon\n|rule|Item Clause: Limit 1 of each item\n|clearpoke\n|poke|p1|Pidgeot, L50, M, shiny|\n|poke|p1|Farigiraf, L50, M|\n|poke|p1|Incineroar, L50, M|\n|poke|p1|Basculegion, L50, M|\n|poke|p1|Dragapult, L50, F, shiny|\n|poke|p1|Sneasler, L50, M, shiny|\n|poke|p2|Tyranitar, L50, F|\n|poke|p2|Excadrill, L50, M|\n|poke|p2|Incineroar, L50, F|\n|poke|p2|Sinistcha, L50|\n|poke|p2|Sneasler, L50, F|\n|poke|p2|Floette-Eternal, L50, F|\n|teampreview|4\n|inactive|Battle timer is ON: inactive players will automatically lose when time's up. (requested by holiwis1234)\n|inactive|Crispytoesss has 60 seconds left.\n|inactive|holiwis1234 has 60 seconds left.\n|\n|t:|1776610707\n|teamsize|p1|4\n|teamsize|p2|4\n|start\n|switch|p1a: piss birb|Pidgeot, L50, M, shiny|100/100\n|switch|p1b: piss thing|Sneasler, L50, M, shiny|100/100\n|switch|p2a: Tyranitar|Tyranitar, L50, F|100/100\n|switch|p2b: Excadrill|Excadrill, L50, M|100/100\n|-weather|Sandstorm|[from] ability: Sand Stream|[of] p2a: Tyranitar\n|turn|1\n|\n|t:|1776610730\n|switch|p1a: Incineroar|Incineroar, L50, M|100/100\n|-ability|p1a: Incineroar|Intimidate|boost\n|-unboost|p2a: Tyranitar|atk|1\n|-unboost|p2b: Excadrill|atk|1\n|move|p2b: Excadrill|Protect|p2b: Excadrill\n|-singleturn|p2b: Excadrill|Protect\n|move|p1b: piss thing|Fake Out|p2b: Excadrill\n|-activate|p2b: Excadrill|move: Protect\n|move|p2a: Tyranitar|Rock Slide|p1a: Incineroar|[spread] p1a\n|-miss|p2a: Tyranitar|p1b: piss thing\n|-supereffective|p1a: Incineroar|1\n|-damage|p1a: Incineroar|72/100\n|\n|-weather|Sandstorm|[upkeep]\n|-damage|p1b: piss thing|95/100|[from] Sandstorm\n|-damage|p1a: Incineroar|66/100|[from] Sandstorm\n|upkeep\n|turn|2\n|inactive|holiwis1234 has 30 seconds left.\n|\n|t:|1776610762\n|switch|p2b: Incineroar|Incineroar, L50, F|100/100\n|-ability|p2b: Incineroar|Intimidate|boost\n|-unboost|p1a: Incineroar|atk|1\n|-unboost|p1b: piss thing|atk|1\n|move|p1a: Incineroar|Fake Out|p2b: Incineroar\n|-damage|p2b: Incineroar|94/100\n|move|p1b: piss thing|Close Combat|p2b: Incineroar\n|-supereffective|p2b: Incineroar|1\n|-damage|p2b: Incineroar|8/100\n|-unboost|p1b: piss thing|def|1\n|-unboost|p1b: piss thing|spd|1\n|-enditem|p2b: Incineroar|Sitrus Berry|[eat]\n|-heal|p2b: Incineroar|33/100|[from] item: Sitrus Berry\n|move|p2a: Tyranitar|Knock Off|p1b: piss thing\n|-resisted|p1b: piss thing|1\n|-damage|p1b: piss thing|50/100\n|-enditem|p1b: piss thing|Focus Sash|[from] move: Knock Off|[of] p2a: Tyranitar\n|\n|-weather|Sandstorm|[upkeep]\n|-damage|p1b: piss thing|44/100|[from] Sandstorm\n|-damage|p2b: Incineroar|27/100|[from] Sandstorm\n|-damage|p1a: Incineroar|60/100|[from] Sandstorm\n|upkeep\n|turn|3\n|\n|t:|1776610783\n|move|p1b: piss thing|Protect|p1b: piss thing\n|-singleturn|p1b: piss thing|Protect\n|move|p2b: Incineroar|Fake Out|p1b: piss thing\n|-activate|p1b: piss thing|move: Protect\n|move|p2a: Tyranitar|Rock Slide|p1b: piss thing|[spread] p1a\n|-activate|p1b: piss thing|move: Protect\n|-supereffective|p1a: Incineroar|1\n|-damage|p1a: Incineroar|28/100\n|move|p1a: Incineroar|Parting Shot|p2a: Tyranitar\n|-unboost|p2a: Tyranitar|atk|1\n|-unboost|p2a: Tyranitar|spa|1\n|\n|t:|1776610799\n|switch|p1a: Basculegion|Basculegion, L50, M|100/100|[from] Parting Shot\n|\n|-weather|Sandstorm|[upkeep]\n|-damage|p1b: piss thing|39/100|[from] Sandstorm\n|-damage|p1a: Basculegion|94/100|[from] Sandstorm\n|-damage|p2b: Incineroar|21/100|[from] Sandstorm\n|upkeep\n|turn|4\n|\n|t:|1776610812\n|move|p2a: Tyranitar|Protect|p2a: Tyranitar\n|-singleturn|p2a: Tyranitar|Protect\n|move|p1b: piss thing|Close Combat|p2b: Incineroar\n|-supereffective|p2b: Incineroar|1\n|-damage|p2b: Incineroar|0 fnt\n|-unboost|p1b: piss thing|def|1\n|-unboost|p1b: piss thing|spd|1\n|faint|p2b: Incineroar\n|move|p1a: Basculegion|Wave Crash|p2a: Tyranitar\n|-activate|p2a: Tyranitar|move: Protect\n|\n|-weather|Sandstorm|[upkeep]\n|-damage|p1b: piss thing|33/100|[from] Sandstorm\n|-damage|p1a: Basculegion|88/100|[from] Sandstorm\n|upkeep\n|\n|t:|1776610825\n|switch|p2b: Excadrill|Excadrill, L50, M|100/100\n|turn|5\n|inactive|holiwis1234 has 30 seconds left.\n|\n|t:|1776610859\n|switch|p1a: Incineroar|Incineroar, L50, M|28/100\n|-ability|p1a: Incineroar|Intimidate|boost\n|-unboost|p2a: Tyranitar|atk|1\n|-unboost|p2b: Excadrill|atk|1\n|move|p1b: piss thing|Protect|p1b: piss thing\n|-singleturn|p1b: piss thing|Protect\n|move|p2b: Excadrill|Rock Slide|p1b: piss thing|[spread] p1a\n|-activate|p1b: piss thing|move: Protect\n|-supereffective|p1a: Incineroar|1\n|-damage|p1a: Incineroar|2/100\n|move|p2a: Tyranitar|Knock Off|p1a: Incineroar\n|-resisted|p1a: Incineroar|1\n|-damage|p1a: Incineroar|0 fnt\n|-enditem|p1a: Incineroar|Chople Berry|[from] move: Knock Off|[of] p2a: Tyranitar\n|faint|p1a: Incineroar\n|\n|-weather|none\n|upkeep\n|\n|t:|1776610867\n|switch|p1a: Basculegion|Basculegion, L50, M|88/100\n|turn|6\n|\n|t:|1776610888\n|switch|p2a: Sneasler|Sneasler, L50, F|100/100\n|move|p2b: Excadrill|Protect|p2b: Excadrill\n|-singleturn|p2b: Excadrill|Protect\n|move|p1b: piss thing|Close Combat|p2b: Excadrill\n|-activate|p2b: Excadrill|move: Protect\n|move|p1a: Basculegion|Wave Crash|p2a: Sneasler\n|-damage|p2a: Sneasler|0 fnt\n|faint|p2a: Sneasler\n|-damage|p1a: Basculegion|62/100|[from] Recoil\n|\n|upkeep\n|\n|t:|1776610900\n|switch|p2a: Tyranitar|Tyranitar, L50, F|100/100\n|-weather|Sandstorm|[from] ability: Sand Stream|[of] p2a: Tyranitar\n|turn|7\n|l|\u2606Crispytoesss\n|inactive|Crispytoesss disconnected and has a minute to reconnect!\n|player|p1|\n|inactive|Crispytoesss has 30 seconds left.\n|j|\u2606Crispytoesss\n|inactive|Crispytoesss reconnected and has 30 seconds left.\n|player|p1|Crispytoesss|silver|\n|inactive|Crispytoesss has 20 seconds left.\n|\n|t:|1776610935\n|detailschange|p2a: Tyranitar|Tyranitar-Mega, L50, F\n|-mega|p2a: Tyranitar|Tyranitar|Tyranitarite\n|move|p2a: Tyranitar|Protect|p2a: Tyranitar\n|-singleturn|p2a: Tyranitar|Protect\n|move|p1b: piss thing|Close Combat|p2a: Tyranitar\n|-activate|p2a: Tyranitar|move: Protect\n|move|p2b: Excadrill|Rock Slide|p1a: Basculegion|[spread] p1a\n|-miss|p2b: Excadrill|p1b: piss thing\n|-damage|p1a: Basculegion|42/100\n|cant|p1a: Basculegion|flinch\n|\n|-weather|Sandstorm|[upkeep]\n|-damage|p1b: piss thing|27/100|[from] Sandstorm\n|-damage|p1a: Basculegion|36/100|[from] Sandstorm\n|upkeep\n|turn|8\n|inactive|holiwis1234 has 30 seconds left.\n|\n|t:|1776610965\n|move|p1b: piss thing|Close Combat|p2a: Tyranitar\n|-supereffective|p2a: Tyranitar|2\n|-damage|p2a: Tyranitar|0 fnt\n|-unboost|p1b: piss thing|def|1\n|-unboost|p1b: piss thing|spd|1\n|faint|p2a: Tyranitar\n|move|p2b: Excadrill|Rock Slide|p1b: piss thing|[spread] p1b\n|-miss|p2b: Excadrill|p1a: Basculegion\n|-resisted|p1b: piss thing|1\n|-damage|p1b: piss thing|0 fnt\n|faint|p1b: piss thing\n|move|p1a: Basculegion|Wave Crash|p2b: Excadrill\n|-supereffective|p2b: Excadrill|1\n|-enditem|p2b: Excadrill|Focus Sash\n|-damage|p2b: Excadrill|1/100\n|-damage|p1a: Basculegion|5/100|[from] Recoil\n|\n|-weather|Sandstorm|[upkeep]\n|-damage|p1a: Basculegion|0 fnt|[from] Sandstorm\n|faint|p1a: Basculegion\n|upkeep\n|\n|t:|1776610980\n|switch|p1b: piss birb|Pidgeot, L50, M, shiny|100/100\n|turn|9\n|\n|t:|1776610987\n|move|p1b: piss birb|Protect|p1b: piss birb\n|-singleturn|p1b: piss birb|Protect\n|move|p2b: Excadrill|Rock Slide|p1b: piss birb\n|-activate|p1b: piss birb|move: Protect\n|\n|-weather|Sandstorm|[upkeep]\n|-damage|p1b: piss birb|95/100|[from] Sandstorm\n|upkeep\n|turn|10\n|\n|t:|1776610998\n|detailschange|p1b: piss birb|Pidgeot-Mega, L50, M, shiny\n|-mega|p1b: piss birb|Pidgeot|Pidgeotite\n|move|p2b: Excadrill|Rock Slide|p1b: piss birb\n|-supereffective|p1b: piss birb|1\n|-damage|p1b: piss birb|42/100\n|move|p1b: piss birb|Heat Wave|p2b: Excadrill\n|-supereffective|p2b: Excadrill|1\n|-damage|p2b: Excadrill|0 fnt\n|faint|p2b: Excadrill\n|\n|win|Crispytoesss\n|raw|Crispytoesss's rating: 1345 &rarr; <strong>1362</strong><br />(+17 for winning)\n|raw|holiwis1234's rating: 1300 &rarr; <strong>1278</strong><br />(-22 for losing)\n|l|\u2606holiwis1234\n|player|p2|\n",
  "uploadtime": 1776611010,
  "views": 15,
  "formatid": "gen9championsvgc2026regma",
  "rating": 1278,
  "private": 0,
  "password": null
}