{
  "id": "gen9championsvgc2026regma-2587349648",
  "format": "[Gen 9 Champions] VGC 2026 Reg M-A",
  "players": [
    "toadsamongmen",
    "besovshina"
  ],
  "log": "|j|\u2606toadsamongmen\n|j|\u203dbesovshina\n|t:|1776524324\n|gametype|doubles\n|player|p1|toadsamongmen|swimmerf|1322\n|player|p2|besovshina|alder|1449\n|gen|9\n|tier|[Gen 9 Champions] VGC 2026 Reg M-A\n|rated|\n|rule|Species Clause: Limit one of each Pok\u00e9mon\n|rule|Item Clause: Limit 1 of each item\n|clearpoke\n|poke|p1|Aerodactyl, L50, F|\n|poke|p1|Incineroar, L50, F|\n|poke|p1|Rotom-Wash, L50|\n|poke|p1|Conkeldurr, L50, M|\n|poke|p1|Venusaur, L50, M|\n|poke|p1|Tyranitar, L50, M|\n|poke|p2|Oranguru, L50, F|\n|poke|p2|Abomasnow, L50, F|\n|poke|p2|Basculegion, L50, M|\n|poke|p2|Emboar, L50, F|\n|poke|p2|Slowbro-Galar, L50, M|\n|poke|p2|Lycanroc-Dusk, L50, F|\n|teampreview|4\n|inactive|Battle timer is ON: inactive players will automatically lose when time's up. (requested by besovshina)\n|inactive|toadsamongmen also wants the timer to be on.\n|\n|t:|1776524340\n|teamsize|p1|4\n|teamsize|p2|4\n|start\n|switch|p1a: Aerodactyl|Aerodactyl, L50, F|100/100\n|switch|p1b: Conkeldurr|Conkeldurr, L50, M|100/100\n|switch|p2a: Basculegion|Basculegion, L50, M|100/100\n|switch|p2b: Oranguru|Oranguru, L50, F|100/100\n|-ability|p1a: Aerodactyl|Unnerve\n|turn|1\n|\n|t:|1776524356\n|detailschange|p1a: Aerodactyl|Aerodactyl-Mega, L50, F\n|-mega|p1a: Aerodactyl|Aerodactyl|Aerodactylite\n|move|p1a: Aerodactyl|Dual Wingbeat|p2a: Basculegion\n|-damage|p2a: Basculegion|64/100\n|-damage|p2a: Basculegion|26/100\n|-hitcount|p2a: Basculegion|2\n|move|p2a: Basculegion|Flip Turn|p1a: Aerodactyl\n|-supereffective|p1a: Aerodactyl|1\n|-damage|p1a: Aerodactyl|9/100\n|\n|t:|1776524365\n|switch|p2a: Abomasnow|Abomasnow, L50, F|100/100|[from] Flip Turn\n|-weather|Snowscape|[from] ability: Snow Warning|[of] p2a: Abomasnow\n|move|p1b: Conkeldurr|Drain Punch|p2b: Oranguru\n|-damage|p2b: Oranguru|50/100\n|move|p2b: Oranguru|Trick Room|p2b: Oranguru\n|-fieldstart|move: Trick Room|[of] p2b: Oranguru\n|\n|-weather|Snowscape|[upkeep]\n|upkeep\n|turn|2\n|j| gabrieltks\n|\n|t:|1776524378\n|switch|p1a: Incineroar|Incineroar, L50, F|100/100\n|-ability|p1a: Incineroar|Intimidate|boost\n|-unboost|p2a: Abomasnow|atk|1\n|-fail|p2b: Oranguru|unboost|Attack|[from] ability: Inner Focus|[of] p2b: Oranguru\n|move|p2a: Abomasnow|Protect|p2a: Abomasnow\n|-singleturn|p2a: Abomasnow|Protect\n|move|p1b: Conkeldurr|Drain Punch|p2a: Abomasnow\n|-activate|p2a: Abomasnow|move: Protect\n|move|p2b: Oranguru|Psychic|p1b: Conkeldurr\n|-supereffective|p1b: Conkeldurr|1\n|-damage|p1b: Conkeldurr|43/100\n|\n|-weather|Snowscape|[upkeep]\n|upkeep\n|turn|3\n|l| gabrieltks\n|\n|t:|1776524395\n|switch|p2a: Emboar|Emboar, L50, F|100/100\n|move|p1b: Conkeldurr|Drain Punch|p2a: Emboar\n|-damage|p2a: Emboar|27/100\n|-heal|p1b: Conkeldurr|86/100|[from] drain|[of] p2a: Emboar\n|move|p2b: Oranguru|Encore||[still]\n|-fail|p2b: Oranguru\n|move|p1a: Incineroar|Darkest Lariat|p2b: Oranguru\n|-supereffective|p2b: Oranguru|1\n|-enditem|p2b: Oranguru|Colbur Berry|[eat]\n|-enditem|p2b: Oranguru|Colbur Berry|[weaken]\n|-damage|p2b: Oranguru|24/100\n|\n|-weather|Snowscape|[upkeep]\n|upkeep\n|turn|4\n|\n|t:|1776524414\n|move|p1b: Conkeldurr|Mach Punch|p2a: Emboar\n|-damage|p2a: Emboar|0 fnt\n|faint|p2a: Emboar\n|move|p2b: Oranguru|Psychic|p1b: Conkeldurr\n|-supereffective|p1b: Conkeldurr|1\n|-damage|p1b: Conkeldurr|33/100\n|move|p1a: Incineroar|Darkest Lariat|p2b: Oranguru\n|-supereffective|p2b: Oranguru|1\n|-damage|p2b: Oranguru|0 fnt\n|faint|p2b: Oranguru\n|\n|-weather|Snowscape|[upkeep]\n|upkeep\n|\n|t:|1776524417\n|switch|p2b: Abomasnow|Abomasnow, L50, F|100/100\n|switch|p2a: Basculegion|Basculegion, L50, M|26/100\n|turn|5\n|\n|t:|1776524430\n|detailschange|p2b: Abomasnow|Abomasnow-Mega, L50, F\n|-mega|p2b: Abomasnow|Abomasnow|Abomasite\n|move|p2a: Basculegion|Aqua Jet|p1a: Incineroar\n|-supereffective|p1a: Incineroar|1\n|-damage|p1a: Incineroar|55/100\n|move|p2b: Abomasnow|Blizzard|p1b: Conkeldurr|[spread] p1a,p1b\n|-resisted|p1a: Incineroar|1\n|-damage|p1a: Incineroar|38/100\n|-damage|p1b: Conkeldurr|0 fnt\n|faint|p1b: Conkeldurr\n|move|p1a: Incineroar|Darkest Lariat|p2a: Basculegion\n|-supereffective|p2a: Basculegion|1\n|-damage|p2a: Basculegion|0 fnt\n|faint|p2a: Basculegion\n|\n|-weather|none\n|-fieldend|move: Trick Room\n|upkeep\n|\n|t:|1776524443\n|switch|p1b: Aerodactyl|Aerodactyl-Mega, L50, F|9/100\n|turn|6\n|-message|besovshina forfeited.\n|\n|win|toadsamongmen\n|raw|toadsamongmen's rating: 1322 &rarr; <strong>1349</strong><br />(+27 for winning)\n|raw|besovshina's rating: 1449 &rarr; <strong>1422</strong><br />(-27 for losing)\n",
  "uploadtime": 1776524453,
  "views": 23,
  "formatid": "gen9championsvgc2026regma",
  "rating": 1349,
  "private": 0,
  "password": null
}