{
  "id": "gen9championsvgc2026regma-2584653872",
  "format": "[Gen 9 Champions] VGC 2026 Reg M-A",
  "players": [
    "miyagi is waifu",
    "ChronicNikos"
  ],
  "log": "|j|\u2606miyagi is waifu\n|j|\u2606ChronicNikos\n|t:|1776274681\n|gametype|doubles\n|player|p1|miyagi is waifu|101|1296\n|player|p2|ChronicNikos|cynthia-gen4|1354\n|gen|9\n|tier|[Gen 9 Champions] VGC 2026 Reg M-A\n|rated|\n|rule|Species Clause: Limit one of each Pok\u00e9mon\n|rule|Item Clause: Limit 1 of each item\n|clearpoke\n|poke|p1|Incineroar, L50, F|\n|poke|p1|Gengar, L50, M|\n|poke|p1|Sinistcha, L50|\n|poke|p1|Kingambit, L50, M|\n|poke|p1|Tyranitar, L50, F|\n|poke|p1|Kommo-o, L50, M|\n|poke|p2|Gengar, L50, F|\n|poke|p2|Incineroar, L50, M|\n|poke|p2|Politoed, L50, M|\n|poke|p2|Archaludon, L50, F|\n|poke|p2|Basculegion, L50, M|\n|poke|p2|Meganium, L50, F|\n|teampreview|4\nChronicNikos has agreed to open team sheets.\n|inactive|Battle timer is ON: inactive players will automatically lose when time's up. (requested by miyagi is waifu)\n|inactive|ChronicNikos has 60 seconds left.\n|\n|t:|1776274728\n|teamsize|p1|4\n|teamsize|p2|4\n|start\n|switch|p1a: Incineroar|Incineroar, L50, F|100/100\n|switch|p1b: Gengar|Gengar, L50, M|100/100\n|switch|p2a: Meganium|Meganium, L50, F|100/100\n|switch|p2b: Stephen|Basculegion, L50, M|100/100\n|-ability|p1a: Incineroar|Intimidate|boost\n|-unboost|p2a: Meganium|atk|1\n|-unboost|p2b: Stephen|atk|1\n|turn|1\n|inactive|ChronicNikos has 30 seconds left.\n|inactive|ChronicNikos has 20 seconds left.\n|inactive|ChronicNikos has 15 seconds left.\n|inactive|ChronicNikos has 10 seconds left.\n|inactive|ChronicNikos has 5 seconds left.\n|\n|t:|1776274783\n|switch|p2a: Rosey|Politoed, L50, M|100/100\n|-weather|RainDance|[from] ability: Drizzle|[of] p2a: Rosey\n|detailschange|p1b: Gengar|Gengar-Mega, L50, M\n|-mega|p1b: Gengar|Gengar|Gengarite\n|move|p1a: Incineroar|Fake Out|p2a: Rosey\n|-damage|p2a: Rosey|90/100\n|move|p2b: Stephen|Wave Crash|p1b: Gengar\n|-damage|p1b: Gengar|9/100\n|-damage|p2b: Stephen|75/100|[from] Recoil\n|move|p1b: Gengar|Shadow Ball|p2b: Stephen\n|-supereffective|p2b: Stephen|1\n|-damage|p2b: Stephen|0 fnt\n|faint|p2b: Stephen\n|\n|-weather|RainDance|[upkeep]\n|-heal|p2a: Rosey|96/100|[from] item: Leftovers\n|upkeep\n|inactive|ChronicNikos has 30 seconds left.\n|\n|t:|1776274812\n|switch|p2b: Kathleen|Archaludon, L50, F|100/100\n|turn|2\n|\n|t:|1776274830\n|switch|p1b: Tyranitar|Tyranitar, L50, F|100/100\n|-weather|Sandstorm|[from] ability: Sand Stream|[of] p1b: Tyranitar\n|move|p2b: Kathleen|Electro Shot||[still]\n|-prepare|p2b: Kathleen|Electro Shot\n|-boost|p2b: Kathleen|spa|1\n|move|p2a: Rosey|Weather Ball|p1a: Incineroar\n|-supereffective|p1a: Incineroar|1\n|-damage|p1a: Incineroar|67/100\n|move|p1a: Incineroar|Parting Shot|p2b: Kathleen\n|-unboost|p2b: Kathleen|atk|1\n|-unboost|p2b: Kathleen|spa|1\n|\n|t:|1776274844\n|switch|p1a: Sinistcha|Sinistcha, L50|100/100|[from] Parting Shot\n|\n|-weather|Sandstorm|[upkeep]\n|-damage|p1a: Sinistcha|94/100|[from] Sandstorm\n|-damage|p2a: Rosey|90/100|[from] Sandstorm\n|-heal|p2a: Rosey|96/100|[from] item: Leftovers\n|upkeep\n|turn|3\n|inactive|ChronicNikos has 30 seconds left.\n|inactive|ChronicNikos has 20 seconds left.\n|inactive|ChronicNikos has 15 seconds left.\n|\n|t:|1776274890\n|switch|p2a: Meganium|Meganium, L50, F|100/100\n|move|p1b: Tyranitar|Ice Punch|p2a: Meganium\n|-supereffective|p2a: Meganium|1\n|-damage|p2a: Meganium|47/100\n|move|p2b: Kathleen|Electro Shot|p1a: Sinistcha|[from] lockedmove\n|-resisted|p1a: Sinistcha|1\n|-damage|p1a: Sinistcha|73/100\n|move|p1a: Sinistcha|Matcha Gotcha|p2b: Kathleen|[spread] p2a,p2b\n|-resisted|p2a: Meganium|1\n|-resisted|p2b: Kathleen|2\n|-damage|p2a: Meganium|36/100\n|-heal|p1a: Sinistcha|79/100|[from] drain|[of] p2a: Meganium\n|-damage|p2b: Kathleen|92/100\n|-heal|p1a: Sinistcha|84/100|[from] drain|[of] p2b: Kathleen\n|-status|p2a: Meganium|brn\n|-ability|p2b: Kathleen|Stamina|boost\n|-boost|p2b: Kathleen|def|1\n|\n|-weather|Sandstorm|[upkeep]\n|-damage|p2a: Meganium|29/100 brn|[from] Sandstorm\n|-damage|p1a: Sinistcha|77/100|[from] Sandstorm\n|-damage|p2a: Meganium|23/100 brn|[from] brn\n|upkeep\n|turn|4\n|inactive|miyagi is waifu has 30 seconds left.\n|inactive|ChronicNikos has 30 seconds left.\n|inactive|miyagi is waifu has 20 seconds left.\n|inactive|ChronicNikos has 20 seconds left.\n|inactive|ChronicNikos has 15 seconds left.\n|\n|t:|1776274936\n|detailschange|p2a: Meganium|Meganium-Mega, L50, F\n|-mega|p2a: Meganium|Meganium|Meganiumite\n|move|p1a: Sinistcha|Rage Powder|p1a: Sinistcha\n|-singleturn|p1a: Sinistcha|move: Rage Powder\n|move|p1b: Tyranitar|Ice Punch|p2a: Meganium\n|-supereffective|p2a: Meganium|1\n|-damage|p2a: Meganium|0 fnt\n|faint|p2a: Meganium\n|move|p2b: Kathleen|Flash Cannon|p1a: Sinistcha\n|-damage|p1a: Sinistcha|33/100\n|-enditem|p1a: Sinistcha|Sitrus Berry|[eat]\n|-heal|p1a: Sinistcha|58/100|[from] item: Sitrus Berry\n|\n|-weather|Sandstorm|[upkeep]\n|-damage|p1a: Sinistcha|52/100|[from] Sandstorm\n|upkeep\n|\n|t:|1776274949\n|switch|p2a: Rosey|Politoed, L50, M|96/100\n|-weather|RainDance|[from] ability: Drizzle|[of] p2a: Rosey\n|turn|5\n|inactive|ChronicNikos has 30 seconds left.\n|inactive|ChronicNikos has 20 seconds left.\n|\n|t:|1776274984\n|switch|p1b: Gengar|Gengar-Mega, L50, M|9/100\n|move|p2b: Kathleen|Electro Shot||[still]\n|-prepare|p2b: Kathleen|Electro Shot\n|-boost|p2b: Kathleen|spa|1\n|-anim|p2b: Kathleen|Electro Shot|p1b: Gengar\n|-damage|p1b: Gengar|0 fnt\n|faint|p1b: Gengar\n|move|p2a: Rosey|Weather Ball|p1a: Sinistcha\n|-resisted|p1a: Sinistcha|1\n|-damage|p1a: Sinistcha|29/100\n|move|p1a: Sinistcha|Matcha Gotcha|p2a: Rosey|[spread] p2b\n|-miss|p1a: Sinistcha|p2a: Rosey\n|-resisted|p2b: Kathleen|2\n|-damage|p2b: Kathleen|85/100\n|-heal|p1a: Sinistcha|33/100|[from] drain|[of] p2b: Kathleen\n|-ability|p2b: Kathleen|Stamina|boost\n|-boost|p2b: Kathleen|def|1\n|\n|-weather|RainDance|[upkeep]\n|-heal|p2a: Rosey|100/100|[from] item: Leftovers\n|upkeep\n|\n|t:|1776275000\n|switch|p1b: Tyranitar|Tyranitar, L50, F|100/100\n|-weather|Sandstorm|[from] ability: Sand Stream|[of] p1b: Tyranitar\n|turn|6\n|inactive|miyagi is waifu has 30 seconds left.\n|inactive|ChronicNikos has 30 seconds left.\n|\n|t:|1776275035\n|switch|p1a: Incineroar|Incineroar, L50, F|67/100\n|-ability|p1a: Incineroar|Intimidate|boost\n|-unboost|p2a: Rosey|atk|1\n|-unboost|p2b: Kathleen|atk|1\n|move|p1b: Tyranitar|Rock Slide|p2a: Rosey|[spread] p2a,p2b\n|-resisted|p2b: Kathleen|1\n|-damage|p2a: Rosey|65/100\n|-damage|p2b: Kathleen|80/100\n|-ability|p2b: Kathleen|Stamina|boost\n|-boost|p2b: Kathleen|def|1\n|move|p2b: Kathleen|Flash Cannon|p1a: Incineroar\n|-resisted|p1a: Incineroar|1\n|-damage|p1a: Incineroar|42/100\n|move|p2a: Rosey|Ice Beam|p1a: Incineroar\n|-resisted|p1a: Incineroar|1\n|-damage|p1a: Incineroar|35/100\n|\n|-weather|Sandstorm|[upkeep]\n|-damage|p2a: Rosey|59/100|[from] Sandstorm\n|-damage|p1a: Incineroar|29/100|[from] Sandstorm\n|-heal|p2a: Rosey|65/100|[from] item: Leftovers\n|upkeep\n|turn|7\n|inactive|ChronicNikos has 30 seconds left.\n|inactive|ChronicNikos has 20 seconds left.\n|inactive|ChronicNikos has 15 seconds left.\n|\n|t:|1776275077\n|move|p1a: Incineroar|Fake Out|p2b: Kathleen\n|-resisted|p2b: Kathleen|1\n|-damage|p2b: Kathleen|78/100\n|-ability|p2b: Kathleen|Stamina|boost\n|-boost|p2b: Kathleen|def|1\n|move|p1b: Tyranitar|Rock Slide|p2a: Rosey|[spread] p2a,p2b\n|-resisted|p2b: Kathleen|1\n|-damage|p2a: Rosey|35/100\n|-damage|p2b: Kathleen|75/100\n|-ability|p2b: Kathleen|Stamina|boost\n|-boost|p2b: Kathleen|def|1\n|cant|p2b: Kathleen|flinch\n|move|p2a: Rosey|Weather Ball|p1a: Incineroar\n|-supereffective|p1a: Incineroar|1\n|-damage|p1a: Incineroar|0 fnt\n|faint|p1a: Incineroar\n|\n|-weather|Sandstorm|[upkeep]\n|-damage|p2a: Rosey|28/100|[from] Sandstorm\n|-heal|p2a: Rosey|35/100|[from] item: Leftovers\n|upkeep\n|\n|t:|1776275090\n|switch|p1a: Sinistcha|Sinistcha, L50|33/100\n|turn|8\n|\n|t:|1776275108\n|move|p2a: Rosey|Protect|p2a: Rosey\n|-singleturn|p2a: Rosey|Protect\n|move|p1a: Sinistcha|Protect|p1a: Sinistcha\n|-singleturn|p1a: Sinistcha|Protect\n|move|p1b: Tyranitar|Rock Slide|p2a: Rosey|[spread] p2b\n|-activate|p2a: Rosey|move: Protect\n|-resisted|p2b: Kathleen|1\n|-damage|p2b: Kathleen|72/100\n|-ability|p2b: Kathleen|Stamina|boost\n|-boost|p2b: Kathleen|def|1\n|move|p2b: Kathleen|Flash Cannon|p1a: Sinistcha\n|-activate|p1a: Sinistcha|move: Protect\n|\n|-weather|Sandstorm|[upkeep]\n|-damage|p1a: Sinistcha|26/100|[from] Sandstorm\n|-damage|p2a: Rosey|28/100|[from] Sandstorm\n|-heal|p2a: Rosey|35/100|[from] item: Leftovers\n|upkeep\n|turn|9\n|\n|t:|1776275129\n|move|p1b: Tyranitar|Rock Slide|p2b: Kathleen|[spread] p2a,p2b\n|-resisted|p2b: Kathleen|1\n|-damage|p2a: Rosey|2/100\n|-damage|p2b: Kathleen|68/100\n|move|p2b: Kathleen|Flash Cannon|p1a: Sinistcha\n|-damage|p1a: Sinistcha|0 fnt\n|faint|p1a: Sinistcha\n|cant|p2a: Rosey|flinch\n|\n|-weather|Sandstorm|[upkeep]\n|-damage|p2a: Rosey|0 fnt|[from] Sandstorm\n|faint|p2a: Rosey\n|upkeep\n|turn|10\n|\n|t:|1776275142\n|move|p1b: Tyranitar|Rock Slide|p2b: Kathleen\n|-resisted|p2b: Kathleen|1\n|-damage|p2b: Kathleen|65/100\n|move|p2b: Kathleen|Flash Cannon|p1b: Tyranitar\n|-supereffective|p1b: Tyranitar|1\n|-damage|p1b: Tyranitar|6/100\n|\n|-weather|none\n|upkeep\n|turn|11\n|\n|t:|1776275149\n|move|p1b: Tyranitar|Rock Slide|p2b: Kathleen\n|-resisted|p2b: Kathleen|1\n|-damage|p2b: Kathleen|61/100\n|move|p2b: Kathleen|Flash Cannon|p1b: Tyranitar\n|-supereffective|p1b: Tyranitar|1\n|-damage|p1b: Tyranitar|0 fnt\n|faint|p1b: Tyranitar\n|\n|win|ChronicNikos\n|raw|miyagi is waifu's rating: 1296 &rarr; <strong>1275</strong><br />(-21 for losing)\n|raw|ChronicNikos's rating: 1354 &rarr; <strong>1371</strong><br />(+17 for winning)\n",
  "uploadtime": 1776275162,
  "views": 37,
  "formatid": "gen9championsvgc2026regma",
  "rating": 1275,
  "private": 0,
  "password": null
}