{
  "id": "gen9championsvgc2026regma-2586812216",
  "format": "[Gen 9 Champions] VGC 2026 Reg M-A",
  "players": [
    "nakoharuno",
    "bashtion"
  ],
  "log": "|j|\u2606nakoharuno\n|j|\u2606bashtion\n|t:|1776461921\n|gametype|doubles\n|player|p1|nakoharuno|dawn|1072\n|player|p2|bashtion|pokemaniac|1090\n|gen|9\n|tier|[Gen 9 Champions] VGC 2026 Reg M-A\n|rated|\n|rule|Species Clause: Limit one of each Pok\u00e9mon\n|rule|Item Clause: Limit 1 of each item\n|clearpoke\n|poke|p1|Kangaskhan, L50, F|\n|poke|p1|Oranguru, L50, F|\n|poke|p1|Torkoal, L50, M|\n|poke|p1|Decidueye-Hisui, L50, M|\n|poke|p1|Cofagrigus, L50, M|\n|poke|p1|Blastoise, L50, F|\n|poke|p2|Meganium, L50, F|\n|poke|p2|Ninetales-Alola, L50, F|\n|poke|p2|Toxapex, L50, F|\n|poke|p2|Alcremie-Matcha-Cream, L50, F|\n|poke|p2|Incineroar, L50, F|\n|poke|p2|Alakazam, L50, F|\n|teampreview|4\n|\n|t:|1776461947\n|teamsize|p1|4\n|teamsize|p2|4\n|start\n|switch|p1a: Ygona|Blastoise, L50, F, shiny|100/100\n|switch|p1b: Cofagrigus|Cofagrigus, L50, M, shiny|100/100\n|switch|p2a: Meganium|Meganium, L50, F, shiny|100/100\n|switch|p2b: Alcremie|Alcremie-Matcha-Cream, L50, F, shiny|100/100\n|turn|1\n|\n|t:|1776461966\n|detailschange|p2a: Meganium|Meganium-Mega, L50, F, shiny\n|-mega|p2a: Meganium|Meganium|Meganiumite\n|detailschange|p1a: Ygona|Blastoise-Mega, L50, F, shiny\n|-mega|p1a: Ygona|Blastoise|Blastoisinite\n|move|p1a: Ygona|Fake Out|p2a: Meganium\n|-damage|p2a: Meganium|92/100\n|move|p2b: Alcremie|Decorate|p2a: Meganium\n|-boost|p2a: Meganium|atk|2\n|-boost|p2a: Meganium|spa|2\n|cant|p2a: Meganium|flinch\n|move|p1b: Cofagrigus|Trick Room|p1b: Cofagrigus\n|-fieldstart|move: Trick Room|[of] p1b: Cofagrigus\n|\n|upkeep\n|turn|2\n|\n|t:|1776461994\n|switch|p1a: Torkoal|Torkoal, L50, M|100/100\n|-weather|SunnyDay|[from] ability: Drought|[of] p1a: Torkoal\n|move|p1b: Cofagrigus|Iron Defense|p1b: Cofagrigus\n|-boost|p1b: Cofagrigus|def|2\n|move|p2a: Meganium|Solar Beam||[still]\n|-prepare|p2a: Meganium|Solar Beam\n|-anim|p2a: Meganium|Solar Beam|p1a: Torkoal\n|-resisted|p1a: Torkoal|1\n|-damage|p1a: Torkoal|19/100\n|move|p2b: Alcremie|Decorate|p2a: Meganium\n|-boost|p2a: Meganium|atk|2\n|-boost|p2a: Meganium|spa|2\n|\n|-weather|SunnyDay|[upkeep]\n|upkeep\n|turn|3\n|\n|t:|1776462016\n|switch|p2a: Incineroar|Incineroar, L50, F, shiny|100/100\n|-ability|p2a: Incineroar|Intimidate|boost\n|-unboost|p1a: Torkoal|atk|1\n|-unboost|p1b: Cofagrigus|atk|1\n|move|p2b: Alcremie|Protect|p2b: Alcremie\n|-singleturn|p2b: Alcremie|Protect\n|move|p1a: Torkoal|Overheat|p2a: Incineroar\n|-resisted|p2a: Incineroar|1\n|-damage|p2a: Incineroar|48/100\n|-unboost|p1a: Torkoal|spa|2\n|move|p1b: Cofagrigus|Iron Defense|p1b: Cofagrigus\n|-boost|p1b: Cofagrigus|def|2\n|\n|-weather|SunnyDay|[upkeep]\n|upkeep\n|turn|4\n|\n|t:|1776462039\n|move|p1a: Torkoal|Protect|p1a: Torkoal\n|-singleturn|p1a: Torkoal|Protect\n|move|p1b: Cofagrigus|Body Press|p2a: Incineroar\n|-supereffective|p2a: Incineroar|1\n|-damage|p2a: Incineroar|0 fnt\n|faint|p2a: Incineroar\n|move|p2b: Alcremie|Substitute|p2b: Alcremie\n|-start|p2b: Alcremie|Substitute\n|-damage|p2b: Alcremie|75/100\n|\n|-weather|SunnyDay|[upkeep]\n|upkeep\n|\n|t:|1776462049\n|switch|p2a: Meganium|Meganium-Mega, L50, F, shiny|92/100\n|turn|5\n|\n|t:|1776462064\n|switch|p2b: Ninetales|Ninetales-Alola, L50, F, shiny|100/100\n|-weather|Snowscape|[from] ability: Snow Warning|[of] p2b: Ninetales\n|move|p1a: Torkoal|Overheat|p2a: Meganium\n|-supereffective|p2a: Meganium|1\n|-damage|p2a: Meganium|30/100\n|-unboost|p1a: Torkoal|spa|2\n|move|p1b: Cofagrigus|Body Press|p2b: Ninetales\n|-damage|p2b: Ninetales|32/100\n|move|p2a: Meganium|Dazzling Gleam|p1a: Torkoal|[spread] p1a,p1b\n|-resisted|p1a: Torkoal|1\n|-damage|p1a: Torkoal|0 fnt\n|-damage|p1b: Cofagrigus|67/100\n|faint|p1a: Torkoal\n|\n|-weather|Snowscape|[upkeep]\n|-fieldend|move: Trick Room\n|upkeep\n|\n|t:|1776462084\n|switch|p1a: Ygona|Blastoise-Mega, L50, F, shiny|100/100\n|turn|6\n|\n|t:|1776462091\n|move|p1a: Ygona|Fake Out|p2a: Meganium\n|-damage|p2a: Meganium|22/100\n|move|p2b: Ninetales|Aurora Veil|p2b: Ninetales\n|-sidestart|p2: bashtion|move: Aurora Veil\n|cant|p2a: Meganium|flinch\n|move|p1b: Cofagrigus|Trick Room|p1b: Cofagrigus\n|-fieldstart|move: Trick Room|[of] p1b: Cofagrigus\n|\n|-weather|Snowscape|[upkeep]\n|upkeep\n|turn|7\n|\n|t:|1776462107\n|switch|p2b: Alcremie|Alcremie-Matcha-Cream, L50, F, shiny|75/100\n|move|p1b: Cofagrigus|Body Press|p2a: Meganium\n|-resisted|p2a: Meganium|1\n|-damage|p2a: Meganium|0 fnt\n|faint|p2a: Meganium\n|move|p1a: Ygona|Water Spout|p2b: Alcremie\n|-damage|p2b: Alcremie|31/100\n|-enditem|p2b: Alcremie|Sitrus Berry|[eat]\n|-heal|p2b: Alcremie|56/100|[from] item: Sitrus Berry\n|\n|-weather|Snowscape|[upkeep]\n|upkeep\n|-message|bashtion forfeited.\n|\n|win|nakoharuno\n|raw|nakoharuno's rating: 1072 &rarr; <strong>1103</strong><br />(+31 for winning)\n|raw|bashtion's rating: 1090 &rarr; <strong>1065</strong><br />(-25 for losing)\n|l|\u2606bashtion\n|player|p2|\n|c|\u2606nakoharuno|GG\n",
  "uploadtime": 1776462126,
  "views": 27,
  "formatid": "gen9championsvgc2026regma",
  "rating": 1065,
  "private": 0,
  "password": null
}