{
  "id": "gen9championsvgc2026regma-2587409375",
  "format": "[Gen 9 Champions] VGC 2026 Reg M-A",
  "players": [
    "AshhFlakee",
    "Djinnkiwi"
  ],
  "log": "|j|\u2606AshhFlakee\n|j|\u2606Djinnkiwi\n|t:|1776529422\n|gametype|doubles\n|player|p1|AshhFlakee|blackbelt|1041\n|player|p2|Djinnkiwi|shadowtriad|1000\n|gen|9\n|tier|[Gen 9 Champions] VGC 2026 Reg M-A\n|rated|\n|rule|Species Clause: Limit one of each Pok\u00e9mon\n|rule|Item Clause: Limit 1 of each item\n|clearpoke\n|poke|p1|Skarmory, L50, M|\n|poke|p1|Sneasler, L50, M|\n|poke|p1|Rhyperior, L50, M|\n|poke|p1|Gyarados, L50, M|\n|poke|p1|Sinistcha, L50|\n|poke|p1|Alcremie, L50, F|\n|poke|p2|Victreebel, L50, M|\n|poke|p2|Incineroar, L50, M|\n|poke|p2|Sneasler, L50, F|\n|poke|p2|Milotic, L50, M|\n|poke|p2|Garchomp, L50, F|\n|poke|p2|Ninetales-Alola, L50, F|\n|teampreview|4\n|inactive|Battle timer is ON: inactive players will automatically lose when time's up. (requested by Djinnkiwi)\n|\n|t:|1776529448\n|teamsize|p1|4\n|teamsize|p2|4\n|start\n|switch|p1a: Skarmory|Skarmory, L50, M|100/100\n|switch|p1b: Alcremie|Alcremie, L50, F|100/100\n|switch|p2a: Victreebel|Victreebel, L50, M|100/100\n|switch|p2b: Ninetales|Ninetales-Alola, L50, F|100/100\n|-weather|Snowscape|[from] ability: Snow Warning|[of] p2b: Ninetales\n|turn|1\n|\n|t:|1776529466\n|detailschange|p1a: Skarmory|Skarmory-Mega, L50, M\n|-mega|p1a: Skarmory|Skarmory|Skarmorite\n|detailschange|p2a: Victreebel|Victreebel-Mega, L50, M\n|-mega|p2a: Victreebel|Victreebel|Victreebelite\n|move|p1b: Alcremie|Decorate|p1a: Skarmory\n|-boost|p1a: Skarmory|atk|2\n|-boost|p1a: Skarmory|spa|2\n|move|p1a: Skarmory|Iron Head|p2a: Victreebel\n|-damage|p2a: Victreebel|1/100\n|move|p2b: Ninetales|Blizzard|p1a: Skarmory|[spread] p1a,p1b\n|-damage|p1a: Skarmory|54/100\n|-damage|p1b: Alcremie|60/100\n|move|p2a: Victreebel|Acid Spray|p1b: Alcremie\n|-supereffective|p1b: Alcremie|1\n|-damage|p1b: Alcremie|14/100\n|-unboost|p1b: Alcremie|spd|2\n|\n|-weather|Snowscape|[upkeep]\n|upkeep\n|turn|2\n|\n|t:|1776529488\n|move|p2a: Victreebel|Protect|p2a: Victreebel\n|-singleturn|p2a: Victreebel|Protect\n|move|p1b: Alcremie|Decorate|p1a: Skarmory\n|-boost|p1a: Skarmory|atk|2\n|-boost|p1a: Skarmory|spa|2\n|move|p1a: Skarmory|Brave Bird|p2b: Ninetales\n|-enditem|p2b: Ninetales|Focus Sash\n|-damage|p2b: Ninetales|1/100\n|-damage|p1a: Skarmory|20/100|[from] Recoil\n|move|p2b: Ninetales|Blizzard|p1a: Skarmory|[spread] p1a,p1b\n|-damage|p1a: Skarmory|0 fnt\n|-damage|p1b: Alcremie|0 fnt\n|faint|p1a: Skarmory\n|faint|p1b: Alcremie\n|\n|-weather|Snowscape|[upkeep]\n|upkeep\n|\n|t:|1776529502\n|switch|p1a: Rhyperior|Rhyperior, L50, M|100/100\n|switch|p1b: Sneasler|Sneasler, L50, M|100/100\n|turn|3\n|\n|t:|1776529520\n|move|p2b: Ninetales|Protect|p2b: Ninetales\n|-singleturn|p2b: Ninetales|Protect\n|move|p2a: Victreebel|Protect|p2a: Victreebel\n|-singleturn|p2a: Victreebel|Protect\n|move|p1b: Sneasler|Fake Out|p2b: Ninetales\n|-activate|p2b: Ninetales|move: Protect\n|move|p1a: Rhyperior|Rock Slide|p2b: Ninetales|[spread] \n|-activate|p2a: Victreebel|move: Protect\n|-activate|p2b: Ninetales|move: Protect\n|\n|-weather|Snowscape|[upkeep]\n|upkeep\n|turn|4\n|\n|t:|1776529536\n|move|p1b: Sneasler|Coaching|p1a: Rhyperior\n|-boost|p1a: Rhyperior|atk|1\n|-boost|p1a: Rhyperior|def|1\n|move|p2b: Ninetales|Aurora Veil|p2b: Ninetales\n|-sidestart|p2: Djinnkiwi|move: Aurora Veil\n|move|p2a: Victreebel|Strength Sap|p1a: Rhyperior\n|-unboost|p1a: Rhyperior|atk|1\n|-heal|p2a: Victreebel|100/100\n|move|p1a: Rhyperior|Rock Slide|p2b: Ninetales|[spread] p2a\n|-miss|p1a: Rhyperior|p2b: Ninetales\n|-damage|p2a: Victreebel|75/100\n|\n|-weather|Snowscape|[upkeep]\n|upkeep\n|turn|5\n|\n|t:|1776529560\n|move|p1b: Sneasler|Dire Claw|p2a: Victreebel\n|-damage|p2a: Victreebel|44/100\n|move|p2b: Ninetales|Blizzard|p1b: Sneasler|[spread] p1a,p1b\n|-supereffective|p1a: Rhyperior|1\n|-damage|p1a: Rhyperior|16/100\n|-damage|p1b: Sneasler|54/100\n|move|p2a: Victreebel|Giga Drain|p1a: Rhyperior\n|-supereffective|p1a: Rhyperior|2\n|-damage|p1a: Rhyperior|0 fnt\n|-heal|p2a: Victreebel|53/100|[from] drain|[of] p1a: Rhyperior\n|faint|p1a: Rhyperior\n|\n|-weather|none\n|upkeep\n|turn|6\n|\n|t:|1776529575\n|switch|p2b: Garchomp|Garchomp, L50, F|100/100\n|move|p1b: Sneasler|Dire Claw|p2b: Garchomp\n|-resisted|p2b: Garchomp|1\n|-damage|p2b: Garchomp|86/100\n|-status|p2b: Garchomp|slp\n|-damage|p1b: Sneasler|42/100|[from] ability: Rough Skin|[of] p2b: Garchomp\n|move|p2a: Victreebel|Strength Sap|p1b: Sneasler\n|-unboost|p1b: Sneasler|atk|1\n|-heal|p2a: Victreebel|100/100\n|\n|upkeep\n|turn|7\n|\n|t:|1776529595\n|move|p2a: Victreebel|Protect|p2a: Victreebel\n|-singleturn|p2a: Victreebel|Protect\n|cant|p2b: Garchomp|slp\n|move|p1b: Sneasler|Dire Claw|p2a: Victreebel\n|-activate|p2a: Victreebel|move: Protect\n|\n|upkeep\n|turn|8\n|\n|t:|1776529605\n|cant|p2b: Garchomp|slp\n|move|p1b: Sneasler|Close Combat|p2a: Victreebel\n|-resisted|p2a: Victreebel|1\n|-crit|p2a: Victreebel\n|-damage|p2a: Victreebel|45/100\n|-unboost|p1b: Sneasler|def|1\n|-unboost|p1b: Sneasler|spd|1\n|move|p2a: Victreebel|Giga Drain|p1b: Sneasler\n|-resisted|p1b: Sneasler|1\n|-damage|p1b: Sneasler|0 fnt\n|-heal|p2a: Victreebel|62/100|[from] drain|[of] p1b: Sneasler\n|faint|p1b: Sneasler\n|\n|win|Djinnkiwi\n|raw|AshhFlakee's rating: 1041 &rarr; <strong>1023</strong><br />(-18 for losing)\n|raw|Djinnkiwi's rating: 1000 &rarr; <strong>1045</strong><br />(+45 for winning)\n|l|\u2606AshhFlakee\n|player|p1|\n",
  "uploadtime": 1776529618,
  "views": 14,
  "formatid": "gen9championsvgc2026regma",
  "rating": 1023,
  "private": 0,
  "password": null
}