{
  "id": "gen9championsvgc2026regma-2582379655",
  "format": "[Gen 9 Champions] VGC 2026 Reg M-A",
  "players": [
    "BigGamerManThing",
    "ZeroPops"
  ],
  "log": "|j|\u2606BigGamerManThing\n|j|\u2606ZeroPops\n|t:|1776087750\n|gametype|doubles\n|player|p1|BigGamerManThing|169|1003\n|player|p2|ZeroPops|102|1083\n|gen|9\n|tier|[Gen 9 Champions] VGC 2026 Reg M-A\n|rated|\n|rule|Species Clause: Limit one of each Pok\u00e9mon\n|rule|Item Clause: Limit 1 of each item\n|clearpoke\n|poke|p1|Mr. Rime, L50, M|\n|poke|p1|Hawlucha, L50, M|\n|poke|p1|Incineroar, L50, F|\n|poke|p1|Snorlax, L50, F|\n|poke|p1|Mimikyu, L50, F|\n|poke|p1|Palafin, L50, F|\n|poke|p2|Floette-Eternal, L50, F|\n|poke|p2|Incineroar, L50, M|\n|poke|p2|Sneasler, L50, M|\n|poke|p2|Garchomp, L50, F|\n|poke|p2|Basculegion, L50, M|\n|poke|p2|Sinistcha, L50|\n|teampreview|4\nZeroPops rejected open team sheets.\n|inactive|Battle timer is ON: inactive players will automatically lose when time's up. (requested by ZeroPops)\n|\n|t:|1776087766\n|teamsize|p1|4\n|teamsize|p2|4\n|start\n|switch|p1a: Mr. Rime|Mr. Rime, L50, M|100/100\n|switch|p1b: Hawlucha|Hawlucha, L50, M|100/100\n|switch|p2a: Sneasler|Sneasler, L50, M|100/100\n|switch|p2b: Basculegion|Basculegion, L50, M|100/100\n|turn|1\n|\n|t:|1776087783\n|detailschange|p1b: Hawlucha|Hawlucha-Mega, L50, M\n|-mega|p1b: Hawlucha|Hawlucha|Hawluchanite\n|move|p2a: Sneasler|Fake Out|p1a: Mr. Rime\n|-damage|p1a: Mr. Rime|89/100\n|move|p2b: Basculegion|Wave Crash|p1b: Hawlucha\n|-damage|p1b: Hawlucha|15/100\n|-damage|p2b: Basculegion|78/100|[from] Recoil\n|move|p1b: Hawlucha|Entrainment|p1a: Mr. Rime\n|-ability|p1a: Mr. Rime|No Guard|Ice Body|[from] move: Entrainment|[of] p1b: Hawlucha\n|cant|p1a: Mr. Rime|flinch\n|\n|upkeep\n|turn|2\n|\n|t:|1776087802\n|move|p2b: Basculegion|Wave Crash|p1b: Hawlucha\n|-damage|p1b: Hawlucha|0 fnt\n|faint|p1b: Hawlucha\n|-damage|p2b: Basculegion|74/100|[from] Recoil\n|move|p2a: Sneasler|Close Combat|p1a: Mr. Rime\n|-damage|p1a: Mr. Rime|37/100\n|-unboost|p2a: Sneasler|def|1\n|-unboost|p2a: Sneasler|spd|1\n|-enditem|p2a: Sneasler|White Herb\n|-clearnegativeboost|p2a: Sneasler|[silent]\n|move|p1a: Mr. Rime|Sheer Cold|p2b: Basculegion\n|-damage|p2b: Basculegion|0 fnt\n|faint|p2b: Basculegion\n|-ohko\n|\n|upkeep\n|\n|t:|1776087820\n|switch|p1b: Incineroar|Incineroar, L50, F|100/100\n|switch|p2b: Floette|Floette-Eternal, L50, F|100/100\n|-ability|p1b: Incineroar|Intimidate|boost\n|-unboost|p2a: Sneasler|atk|1\n|-unboost|p2b: Floette|atk|1\n|turn|3\n|\n|t:|1776087832\n|move|p2a: Sneasler|Protect|p2a: Sneasler\n|-singleturn|p2a: Sneasler|Protect\n|move|p2b: Floette|Protect|p2b: Floette\n|-singleturn|p2b: Floette|Protect\n|move|p1b: Incineroar|Fake Out|p2a: Sneasler\n|-activate|p2a: Sneasler|move: Protect\n|move|p1a: Mr. Rime|Sheer Cold|p2b: Floette\n|-activate|p2b: Floette|move: Protect\n|\n|upkeep\n|turn|4\n|\n|t:|1776087847\n|detailschange|p2b: Floette|Floette-Mega, L50, F\n|-mega|p2b: Floette|Floette|Floettite\n|-ability|p2b: Floette|Fairy Aura\n|move|p2a: Sneasler|Close Combat|p1b: Incineroar\n|-supereffective|p1b: Incineroar|1\n|-damage|p1b: Incineroar|32/100\n|-unboost|p2a: Sneasler|def|1\n|-unboost|p2a: Sneasler|spd|1\n|move|p2b: Floette|Moonblast|p1a: Mr. Rime\n|-crit|p1a: Mr. Rime\n|-damage|p1a: Mr. Rime|0 fnt\n|faint|p1a: Mr. Rime\n|move|p1b: Incineroar|Parting Shot|p2a: Sneasler\n|-unboost|p2a: Sneasler|atk|1\n|-unboost|p2a: Sneasler|spa|1\n|\n|t:|1776087851\n|switch|p1b: Palafin|Palafin, L50, F|100/100|[from] Parting Shot\n|\n|upkeep\n|\n|t:|1776087857\n|switch|p1a: Incineroar|Incineroar, L50, F|32/100\n|-ability|p1a: Incineroar|Intimidate|boost\n|-unboost|p2a: Sneasler|atk|1\n|-unboost|p2b: Floette|atk|1\n|turn|5\n|\n|t:|1776087877\n|switch|p2a: Sinistcha|Sinistcha, L50|100/100\n|move|p2b: Floette|Dazzling Gleam|p1a: Incineroar|[spread] p1a,p1b\n|-damage|p1a: Incineroar|0 fnt\n|-damage|p1b: Palafin|35/100\n|faint|p1a: Incineroar\n|move|p1b: Palafin|Flip Turn|p2b: Floette\n|-crit|p2b: Floette\n|-damage|p2b: Floette|40/100\n|\n|upkeep\n|turn|6\n|inactive|BigGamerManThing has 30 seconds left.\n|-message|BigGamerManThing forfeited.\n|\n|win|ZeroPops\n|raw|BigGamerManThing's rating: 1003 &rarr; <strong>1000</strong><br />(-3 for losing)\n|raw|ZeroPops's rating: 1083 &rarr; <strong>1104</strong><br />(+21 for winning)\n|l|\u2606BigGamerManThing\n|player|p1|\n",
  "uploadtime": 1776087906,
  "views": 11,
  "formatid": "gen9championsvgc2026regma",
  "rating": 1000,
  "private": 0,
  "password": null
}