{
  "id": "gen9championsvgc2026regma-2580658142",
  "format": "[Gen 9 Champions] VGC 2026 Reg M-A",
  "players": [
    "proudcloud49",
    "olho do corvo"
  ],
  "log": "|j|\u2606proudcloud49\n|j|\u2606olho do corvo\n|t:|1775921957\n|gametype|doubles\n|player|p1|proudcloud49|policeman-gen4|1000\n|player|p2|olho do corvo|n|1000\n|gen|9\n|tier|[Gen 9 Champions] VGC 2026 Reg M-A\n|rated|\n|rule|Species Clause: Limit one of each Pok\u00e9mon\n|rule|Item Clause: Limit 1 of each item\n|clearpoke\n|poke|p1|Venusaur, L50, F|\n|poke|p1|Charizard, L50, F|\n|poke|p1|Aerodactyl, L50, F|\n|poke|p1|Whimsicott, L50, F|\n|poke|p1|Typhlosion, L50, M|\n|poke|p1|Dragapult, L50, M|\n|poke|p2|Dragonite, L50, M|\n|poke|p2|Kingambit, L50, M|\n|poke|p2|Pelipper, L50, M|\n|poke|p2|Starmie, L50|\n|poke|p2|Sinistcha, L50|\n|poke|p2|Sneasler, L50, M|\n|teampreview|4\n|inactive|Battle timer is ON: inactive players will automatically lose when time's up. (requested by olho do corvo)\n|\n|t:|1775921973\n|teamsize|p1|4\n|teamsize|p2|4\n|start\n|switch|p1a: Charizard|Charizard, L50, F|100/100\n|switch|p1b: Aerodactyl|Aerodactyl, L50, F|100/100\n|switch|p2a: Kingambit|Kingambit, L50, M|100/100\n|switch|p2b: Sneasler|Sneasler, L50, M|100/100\n|-ability|p1b: Aerodactyl|Unnerve\n|turn|1\n|\n|t:|1775921993\n|detailschange|p1a: Charizard|Charizard-Mega-Y, L50, F\n|-mega|p1a: Charizard|Charizard|Charizardite Y\n|-weather|SunnyDay|[from] ability: Drought|[of] p1a: Charizard\n|move|p2b: Sneasler|Fake Out|p1a: Charizard\n|-crit|p1a: Charizard\n|-damage|p1a: Charizard|74/100\n|move|p1b: Aerodactyl|Tailwind|p1b: Aerodactyl\n|-sidestart|p1: proudcloud49|move: Tailwind\n|cant|p1a: Charizard|flinch\n|move|p2a: Kingambit|Iron Head|p1b: Aerodactyl\n|-supereffective|p1b: Aerodactyl|1\n|-damage|p1b: Aerodactyl|0 fnt\n|faint|p1b: Aerodactyl\n|\n|-weather|SunnyDay|[upkeep]\n|upkeep\n|\n|t:|1775922004\n|switch|p1b: Venusaur|Venusaur, L50, F|100/100\n|turn|2\n|\n|t:|1775922016\n|switch|p2a: Pelipper|Pelipper, L50, M|100/100\n|-weather|RainDance|[from] ability: Drizzle|[of] p2a: Pelipper\n|move|p1a: Charizard|Heat Wave|p2a: Pelipper|[spread] p2a,p2b\n|-resisted|p2a: Pelipper|1\n|-damage|p2a: Pelipper|82/100\n|-damage|p2b: Sneasler|72/100\n|move|p1b: Venusaur|Sleep Powder|p2b: Sneasler\n|-status|p2b: Sneasler|slp|[from] move: Sleep Powder\n|cant|p2b: Sneasler|slp\n|\n|-weather|RainDance|[upkeep]\n|upkeep\n|turn|3\n|\n|t:|1775922034\n|switch|p1a: Dragapult|Dragapult, L50, M|100/100\n|move|p1b: Venusaur|Protect|p1b: Venusaur\n|-singleturn|p1b: Venusaur|Protect\n|cant|p2b: Sneasler|slp\n|move|p2a: Pelipper|Protect||[still]\n|-fail|p2a: Pelipper\n|\n|-weather|RainDance|[upkeep]\n|upkeep\n|turn|4\n|\n|t:|1775922057\n|switch|p1b: Charizard|Charizard-Mega-Y, L50, F|74/100\n|-weather|SunnyDay|[from] ability: Drought|[of] p1b: Charizard\n|switch|p2a: Kingambit|Kingambit, L50, M|100/100\n|-curestatus|p2b: Sneasler|slp|[msg]\n|move|p2b: Sneasler|Protect|p2b: Sneasler\n|-singleturn|p2b: Sneasler|Protect\n|move|p1a: Dragapult|Dragon Darts|p2a: Kingambit\n|-resisted|p2a: Kingambit|1\n|-damage|p2a: Kingambit|92/100\n|-anim|p1a: Dragapult|Dragon Darts|p2a: Kingambit\n|-resisted|p2a: Kingambit|1\n|-damage|p2a: Kingambit|85/100\n|\n|-weather|SunnyDay|[upkeep]\n|-sideend|p1: proudcloud49|move: Tailwind\n|upkeep\n|turn|5\n|\n|t:|1775922077\n|switch|p1a: Venusaur|Venusaur, L50, F|100/100\n|switch|p2b: Pelipper|Pelipper, L50, M|82/100\n|-weather|RainDance|[from] ability: Drizzle|[of] p2b: Pelipper\n|move|p1b: Charizard|Heat Wave|p2a: Kingambit|[spread] p2a,p2b\n|-supereffective|p2a: Kingambit|1\n|-resisted|p2b: Pelipper|1\n|-damage|p2a: Kingambit|38/100\n|-damage|p2b: Pelipper|63/100\n|move|p2a: Kingambit|Iron Head|p1a: Venusaur\n|-damage|p1a: Venusaur|49/100\n|\n|-weather|RainDance|[upkeep]\n|-heal|p1a: Venusaur|55/100|[from] item: Leftovers\n|upkeep\n|turn|6\n|\n|t:|1775922096\n|switch|p1b: Dragapult|Dragapult, L50, M|100/100\n|move|p1a: Venusaur|Protect|p1a: Venusaur\n|-singleturn|p1a: Venusaur|Protect\n|move|p2a: Kingambit|Sucker Punch||[still]\n|-fail|p2a: Kingambit\n|move|p2b: Pelipper|Tailwind|p2b: Pelipper\n|-sidestart|p2: olho do corvo|move: Tailwind\n|\n|-weather|RainDance|[upkeep]\n|-heal|p1a: Venusaur|62/100|[from] item: Leftovers\n|upkeep\n|turn|7\n|inactive|proudcloud49 has 30 seconds left.\n|\n|t:|1775922124\n|switch|p2a: Starmie|Starmie, L50|100/100\n|move|p2b: Pelipper|Hurricane|p1a: Venusaur\n|-supereffective|p1a: Venusaur|1\n|-crit|p1a: Venusaur\n|-damage|p1a: Venusaur|0 fnt\n|faint|p1a: Venusaur\n|move|p1b: Dragapult|Draco Meteor|p2b: Pelipper\n|-damage|p2b: Pelipper|0 fnt\n|-unboost|p1b: Dragapult|spa|2\n|faint|p2b: Pelipper\n|\n|-weather|RainDance|[upkeep]\n|upkeep\n|\n|t:|1775922137\n|switch|p2b: Kingambit|Kingambit, L50, M|38/100\n|switch|p1a: Charizard|Charizard-Mega-Y, L50, F|74/100\n|-weather|SunnyDay|[from] ability: Drought|[of] p1a: Charizard\n|turn|8\n|\n|t:|1775922146\n|detailschange|p2a: Starmie|Starmie-Mega, L50\n|-mega|p2a: Starmie|Starmie|Starminite\n|move|p1a: Charizard|Protect|p1a: Charizard\n|-singleturn|p1a: Charizard|Protect\n|move|p2b: Kingambit|Sucker Punch|p1b: Dragapult\n|-supereffective|p1b: Dragapult|1\n|-damage|p1b: Dragapult|0 fnt\n|faint|p1b: Dragapult\n|move|p2a: Starmie|Liquidation|p1a: Charizard\n|-activate|p1a: Charizard|move: Protect\n|\n|-weather|SunnyDay|[upkeep]\n|upkeep\n|turn|9\n|\n|t:|1775922159\n|move|p2b: Kingambit|Sucker Punch|p1a: Charizard\n|-damage|p1a: Charizard|26/100\n|move|p2a: Starmie|Liquidation|p1a: Charizard\n|-supereffective|p1a: Charizard|1\n|-damage|p1a: Charizard|0 fnt\n|faint|p1a: Charizard\n|\n|win|olho do corvo\n|raw|proudcloud49's rating: 1000 &rarr; <strong>1000</strong><br />(+0 for losing)\n|raw|olho do corvo's rating: 1000 &rarr; <strong>1040</strong><br />(+40 for winning)\n|l|\u2606proudcloud49\n|player|p1|\n",
  "uploadtime": 1775922175,
  "views": 12,
  "formatid": "gen9championsvgc2026regma",
  "rating": 1000,
  "private": 0,
  "password": null
}