{
  "id": "gen9championsvgc2026regma-2585554395",
  "format": "[Gen 9 Champions] VGC 2026 Reg M-A",
  "players": [
    "Vonneumannalgebra",
    "smp on whimsicott"
  ],
  "log": "|j|\u2606Vonneumannalgebra\n|j|\u2606smp on whimsicott\n|t:|1776355175\n|gametype|doubles\n|player|p1|Vonneumannalgebra|lucas|1442\n|player|p2|smp on whimsicott|artist-gen4|1419\n|gen|9\n|tier|[Gen 9 Champions] VGC 2026 Reg M-A\n|rated|\n|rule|Species Clause: Limit one of each Pok\u00e9mon\n|rule|Item Clause: Limit 1 of each item\n|clearpoke\n|poke|p1|Sableye, L50, F|\n|poke|p1|Dragonite, L50, F|\n|poke|p1|Sneasler, L50, F|\n|poke|p1|Blastoise, L50, F|\n|poke|p1|Pelipper, L50, F|\n|poke|p1|Kingambit, L50, F|\n|poke|p2|Floette-Eternal, L50, F|\n|poke|p2|Basculegion, L50, M|\n|poke|p2|Garchomp, L50, M|\n|poke|p2|Sneasler, L50, M|\n|poke|p2|Froslass, L50, F|\n|poke|p2|Kingambit, L50, M|\n|teampreview|4\n|inactive|Battle timer is ON: inactive players will automatically lose when time's up. (requested by Vonneumannalgebra)\n|inactive|Vonneumannalgebra has 60 seconds left.\n|inactive|Vonneumannalgebra has 30 seconds left.\n|\n|t:|1776355255\n|teamsize|p1|4\n|teamsize|p2|4\n|start\n|switch|p1a: Sneasler|Sneasler, L50, F|100/100\n|switch|p1b: Dragonite|Dragonite, L50, F|100/100\n|switch|p2a: Froslass|Froslass, L50, F|100/100\n|switch|p2b: Sneasler|Sneasler, L50, M|100/100\n|turn|1\n|inactive|smp on whimsicott has 30 seconds left.\n|inactive|Vonneumannalgebra has 30 seconds left.\n|inactive|smp on whimsicott has 20 seconds left.\n|inactive|Vonneumannalgebra has 20 seconds left.\n|inactive|smp on whimsicott has 15 seconds left.\n|inactive|smp on whimsicott has 10 seconds left.\n|inactive|smp on whimsicott has 5 seconds left.\n|\n|t:|1776355309\n|detailschange|p2a: Froslass|Froslass-Mega, L50, F\n|-mega|p2a: Froslass|Froslass|Froslassite\n|-weather|Snowscape|[from] ability: Snow Warning|[of] p2a: Froslass\n|move|p1a: Sneasler|Fake Out|p2b: Sneasler\n|-damage|p2b: Sneasler|74/100\n|cant|p2b: Sneasler|flinch\n|move|p2a: Froslass|Blizzard|p1a: Sneasler|[spread] p1a,p1b\n|-supereffective|p1b: Dragonite|2\n|-damage|p1a: Sneasler|40/100\n|-damage|p1b: Dragonite|0 fnt\n|-status|p1a: Sneasler|frz\n|faint|p1b: Dragonite\n|\n|-weather|Snowscape|[upkeep]\n|upkeep\n|\n|t:|1776355333\n|switch|p1b: Blastoise|Blastoise, L50, F|100/100\n|turn|2\n|\n|t:|1776355345\n|detailschange|p1b: Blastoise|Blastoise-Mega, L50, F\n|-mega|p1b: Blastoise|Blastoise|Blastoisinite\n|-curestatus|p1a: Sneasler|frz|[msg]\n|move|p1a: Sneasler|Acrobatics|p2b: Sneasler\n|-supereffective|p2b: Sneasler|1\n|-damage|p2b: Sneasler|3/100\n|move|p2b: Sneasler|Close Combat|p1b: Blastoise\n|-damage|p1b: Blastoise|41/100\n|-unboost|p2b: Sneasler|def|1\n|-unboost|p2b: Sneasler|spd|1\n|move|p2a: Froslass|Blizzard|p1a: Sneasler|[spread] p1a,p1b\n|-resisted|p1b: Blastoise|1\n|-damage|p1a: Sneasler|0 fnt\n|-damage|p1b: Blastoise|21/100\n|faint|p1a: Sneasler\n|move|p1b: Blastoise|Shell Smash|p1b: Blastoise\n|-unboost|p1b: Blastoise|def|1\n|-unboost|p1b: Blastoise|spd|1\n|-boost|p1b: Blastoise|atk|2\n|-boost|p1b: Blastoise|spa|2\n|-boost|p1b: Blastoise|spe|2\n|\n|-weather|Snowscape|[upkeep]\n|upkeep\n|inactive|Vonneumannalgebra has 30 seconds left.\n|\n|t:|1776355375\n|switch|p1a: Pelipper|Pelipper, L50, F|100/100\n|-weather|RainDance|[from] ability: Drizzle|[of] p1a: Pelipper\n|turn|3\n|\n|t:|1776355392\n|move|p2a: Froslass|Protect|p2a: Froslass\n|-singleturn|p2a: Froslass|Protect\n|move|p1b: Blastoise|Water Pulse|p2b: Sneasler\n|-crit|p2b: Sneasler\n|-damage|p2b: Sneasler|0 fnt\n|faint|p2b: Sneasler\n|move|p1a: Pelipper|Tailwind|p1a: Pelipper\n|-sidestart|p1: Vonneumannalgebra|move: Tailwind\n|\n|-weather|RainDance|[upkeep]\n|upkeep\n|\n|t:|1776355399\n|switch|p2b: Kingambit|Kingambit, L50, M|100/100\n|turn|4\n|inactive|Vonneumannalgebra has 30 seconds left.\n|inactive|Vonneumannalgebra has 20 seconds left.\n|j| BionicFox\n|\n|t:|1776355438\n|move|p2b: Kingambit|Sucker Punch|p1b: Blastoise\n|-damage|p1b: Blastoise|0 fnt\n|faint|p1b: Blastoise\n|move|p1a: Pelipper|Weather Ball|p2b: Kingambit\n|-damage|p2b: Kingambit|41/100\n|move|p2a: Froslass|Shadow Ball|p1a: Pelipper\n|-damage|p1a: Pelipper|27/100\n|\n|-weather|RainDance|[upkeep]\n|upkeep\n|turn|5\n|-message|Vonneumannalgebra forfeited.\n|\n|win|smp on whimsicott\n|raw|Vonneumannalgebra's rating: 1456 &rarr; <strong>1434</strong><br />(-22 for losing)\n|raw|smp on whimsicott's rating: 1419 &rarr; <strong>1441</strong><br />(+22 for winning)\n",
  "uploadtime": 1776355442,
  "views": 34,
  "formatid": "gen9championsvgc2026regma",
  "rating": 1434,
  "private": 0,
  "password": null
}