{
  "id": "gen9championsvgc2026regma-2581939745",
  "format": "[Gen 9 Champions] VGC 2026 Reg M-A",
  "players": [
    "servi uni",
    "StrawberryBalloons"
  ],
  "log": "|j|\u2606servi uni\n|j|\u2606StrawberryBalloons\n|t:|1776041588\n|gametype|doubles\n|player|p1|servi uni|170|1079\n|player|p2|StrawberryBalloons|fisherman-gen4|1157\n|gen|9\n|tier|[Gen 9 Champions] VGC 2026 Reg M-A\n|rated|\n|rule|Species Clause: Limit one of each Pok\u00e9mon\n|rule|Item Clause: Limit 1 of each item\n|clearpoke\n|poke|p1|Alakazam, L50, F|\n|poke|p1|Meowstic, L50, M|\n|poke|p1|Drampa, L50, F|\n|poke|p1|Sneasler, L50, F|\n|poke|p1|Wyrdeer, L50, M|\n|poke|p1|Rampardos, L50, F|\n|poke|p2|Tinkaton, L50, F|\n|poke|p2|Floette-Eternal, L50, F|\n|poke|p2|Garchomp, L50, F|\n|poke|p2|Gyarados, L50, F|\n|poke|p2|Whimsicott, L50, F|\n|poke|p2|Pikachu, L50, F|\n|teampreview|4\n|inactive|Battle timer is ON: inactive players will automatically lose when time's up. (requested by StrawberryBalloons)\n|inactive|servi uni has 60 seconds left.\n|\n|t:|1776041619\n|teamsize|p1|4\n|teamsize|p2|4\n|start\n|switch|p1a: Alakazam|Alakazam, L50, F|100/100\n|switch|p1b: Meowstic|Meowstic, L50, M|100/100\n|switch|p2a: Pikachu|Pikachu, L50, F|100/100\n|switch|p2b: Floette|Floette-Eternal, L50, F|100/100\n|turn|1\n|\n|t:|1776041635\n|detailschange|p1a: Alakazam|Alakazam-Mega, L50, F\n|-mega|p1a: Alakazam|Alakazam|Alakazite\n|-ability|p1a: Alakazam|Static|Trace|[from] ability: Trace|[of] p2a: Pikachu\n|move|p2b: Floette|Protect|p2b: Floette\n|-singleturn|p2b: Floette|Protect\n|move|p1b: Meowstic|Psychic Terrain|p1b: Meowstic\n|-fieldstart|move: Psychic Terrain\n|move|p1a: Alakazam|Expanding Force|p2a: Pikachu|[spread] p2a\n|-activate|p2b: Floette|move: Protect\n|-enditem|p2a: Pikachu|Focus Sash\n|-damage|p2a: Pikachu|1/100\n|move|p2a: Pikachu|Endeavor|p1a: Alakazam\n|-damage|p1a: Alakazam|1/100\n|\n|upkeep\n|turn|2\n|\n|t:|1776041655\n|detailschange|p2b: Floette|Floette-Mega, L50, F\n|-mega|p2b: Floette|Floette|Floettite\n|-ability|p2b: Floette|Fairy Aura\n|move|p1a: Alakazam|Protect|p1a: Alakazam\n|-singleturn|p1a: Alakazam|Protect\n|move|p1b: Meowstic|Psychic|p2a: Pikachu\n|-damage|p2a: Pikachu|0 fnt\n|faint|p2a: Pikachu\n|move|p2b: Floette|Dazzling Gleam|p1b: Meowstic|[spread] p1b\n|-activate|p1a: Alakazam|move: Protect\n|-damage|p1b: Meowstic|44/100\n|\n|upkeep\n|\n|t:|1776041662\n|switch|p2a: Whimsicott|Whimsicott, L50, F|100/100\n|turn|3\n|\n|t:|1776041682\n|move|p2a: Whimsicott|Tailwind|p2a: Whimsicott\n|-sidestart|p2: StrawberryBalloons|move: Tailwind\n|move|p2b: Floette|Dazzling Gleam|p1a: Alakazam|[spread] p1a,p1b\n|-damage|p1a: Alakazam|0 fnt\n|-damage|p1b: Meowstic|0 fnt\n|faint|p1a: Alakazam\n|faint|p1b: Meowstic\n|\n|upkeep\n|\n|t:|1776041689\n|switch|p1a: Drampa|Drampa, L50, F|100/100\n|switch|p1b: Wyrdeer|Wyrdeer, L50, M|100/100\n|-ability|p1b: Wyrdeer|Intimidate|boost\n|-unboost|p2a: Whimsicott|atk|1\n|-unboost|p2b: Floette|atk|1\n|-ability|p1a: Drampa|Cloud Nine\n|turn|4\n|\n|t:|1776041710\n|move|p1a: Drampa|Protect|p1a: Drampa\n|-singleturn|p1a: Drampa|Protect\n|move|p2a: Whimsicott|Energy Ball|p1b: Wyrdeer\n|-damage|p1b: Wyrdeer|73/100\n|move|p2b: Floette|Dazzling Gleam|p1b: Wyrdeer|[spread] p1b\n|-activate|p1a: Drampa|move: Protect\n|-damage|p1b: Wyrdeer|27/100\n|-enditem|p1b: Wyrdeer|Sitrus Berry|[eat]\n|-heal|p1b: Wyrdeer|52/100|[from] item: Sitrus Berry\n|move|p1b: Wyrdeer|Trick Room|p1b: Wyrdeer\n|-fieldstart|move: Trick Room|[of] p1b: Wyrdeer\n|\n|upkeep\n|turn|5\n|\n|t:|1776041728\n|move|p1a: Drampa|Hyper Voice|p2b: Floette|[spread] p2a,p2b\n|-damage|p2a: Whimsicott|35/100\n|-damage|p2b: Floette|72/100\n|move|p1b: Wyrdeer|Psychic|p2b: Floette\n|-damage|p2b: Floette|39/100\n|move|p2b: Floette|Moonblast|p1a: Drampa\n|-supereffective|p1a: Drampa|1\n|-damage|p1a: Drampa|0 fnt\n|faint|p1a: Drampa\n|move|p2a: Whimsicott|Energy Ball|p1b: Wyrdeer\n|-damage|p1b: Wyrdeer|22/100\n|\n|-fieldend|move: Psychic Terrain\n|upkeep\n|turn|6\n|\n|t:|1776041750\n|move|p1b: Wyrdeer|Psychic|p2b: Floette\n|-damage|p2b: Floette|14/100\n|move|p2b: Floette|Moonblast|p1b: Wyrdeer\n|-damage|p1b: Wyrdeer|0 fnt\n|faint|p1b: Wyrdeer\n|\n|win|StrawberryBalloons\n|raw|servi uni's rating: 1079 &rarr; <strong>1062</strong><br />(-17 for losing)\n|raw|StrawberryBalloons's rating: 1157 &rarr; <strong>1176</strong><br />(+19 for winning)\n|l|\u2606servi uni\n|player|p1|\n",
  "uploadtime": 1776041768,
  "views": 14,
  "formatid": "gen9championsvgc2026regma",
  "rating": 1062,
  "private": 0,
  "password": null
}