{
  "id": "gen9championsvgc2026regma-2583973992",
  "format": "[Gen 9 Champions] VGC 2026 Reg M-A",
  "players": [
    "LiquidCircuit",
    "bluejayx2"
  ],
  "log": "|j|\u2606LiquidCircuit\n|j|\u203dbluejayx2\n|t:|1776213230\n|gametype|doubles\n|player|p1|LiquidCircuit|waiter-gen4dp|1100\n|player|p2|bluejayx2|marley|1019\n|gen|9\n|tier|[Gen 9 Champions] VGC 2026 Reg M-A\n|rated|\n|rule|Species Clause: Limit one of each Pok\u00e9mon\n|rule|Item Clause: Limit 1 of each item\n|clearpoke\n|poke|p1|Aggron, L50, F|\n|poke|p1|Sinistcha, L50|\n|poke|p1|Alakazam, L50, F|\n|poke|p1|Sneasler, L50, F|\n|poke|p1|Incineroar, L50, F|\n|poke|p1|Basculegion, L50, M|\n|poke|p2|Pinsir, L50, F|\n|poke|p2|Clefable, L50, F|\n|poke|p2|Absol, L50, F|\n|poke|p2|Charizard, L50, F|\n|poke|p2|Politoed, L50, M|\n|poke|p2|Sableye, L50, F|\n|teampreview|4\n|inactive|Battle timer is ON: inactive players will automatically lose when time's up. (requested by bluejayx2)\n|inactive|bluejayx2 has 60 seconds left.\n|inactive|bluejayx2 has 30 seconds left.\n|\n|t:|1776213295\n|teamsize|p1|4\n|teamsize|p2|4\n|start\n|switch|p1a: Incineroar|Incineroar, L50, F, shiny|100/100\n|switch|p1b: Alakazam|Alakazam, L50, F|100/100\n|switch|p2a: Sableye|Sableye, L50, F, shiny|100/100\n|switch|p2b: Politoed|Politoed, L50, M|100/100\n|-weather|RainDance|[from] ability: Drizzle|[of] p2b: Politoed\n|-ability|p1a: Incineroar|Intimidate|boost\n|-unboost|p2a: Sableye|atk|1\n|-unboost|p2b: Politoed|atk|1\n|turn|1\n|\n|t:|1776213317\n|move|p2a: Sableye|Gravity|p2a: Sableye\n|-fieldstart|move: Gravity\n|move|p1b: Alakazam|Light Screen|p1b: Alakazam\n|-sidestart|p1: LiquidCircuit|move: Light Screen\n|move|p2b: Politoed|Hydro Pump|p1a: Incineroar\n|-supereffective|p1a: Incineroar|1\n|-damage|p1a: Incineroar|9/100\n|move|p1a: Incineroar|Parting Shot|p2b: Politoed\n|-unboost|p2b: Politoed|atk|1\n|-unboost|p2b: Politoed|spa|1\n|\n|t:|1776213326\n|switch|p1a: Aggron|Aggron, L50, F|100/100|[from] Parting Shot\n|\n|-weather|RainDance|[upkeep]\n|upkeep\n|turn|2\n|inactive|bluejayx2 has 30 seconds left.\n|-activate|p2b: Politoed|item: Quick Claw\n|\n|t:|1776213357\n|detailschange|p1a: Aggron|Aggron-Mega, L50, F\n|-mega|p1a: Aggron|Aggron|Aggronite\n|move|p2a: Sableye|Will-O-Wisp|p1a: Aggron\n|-status|p1a: Aggron|brn\n|move|p2b: Politoed|Earth Power|p1a: Aggron\n|-supereffective|p1a: Aggron|1\n|-damage|p1a: Aggron|84/100 brn\n|move|p1b: Alakazam|Encore|p2a: Sableye\n|-start|p2a: Sableye|Encore\n|-enditem|p2a: Sableye|Mental Herb\n|-end|p2a: Sableye|Encore\n|move|p1a: Aggron|Iron Defense|p1a: Aggron\n|-boost|p1a: Aggron|def|2\n|\n|-weather|RainDance|[upkeep]\n|-damage|p1a: Aggron|77/100 brn|[from] brn\n|upkeep\n|turn|3\n|inactive|bluejayx2 has 30 seconds left.\n|\n|t:|1776213391\n|switch|p2b: Absol|Absol, L50, F, shiny|100/100\n|move|p2a: Sableye|Encore|p1a: Aggron\n|-start|p1a: Aggron|Encore\n|move|p1b: Alakazam|Guard Swap|p2b: Absol\n|-swapboost|p1b: Alakazam|p2b: Absol|def, spd|[from] move: Guard Swap\n|move|p1a: Aggron|Iron Defense|p1a: Aggron\n|-boost|p1a: Aggron|def|2\n|\n|-weather|RainDance|[upkeep]\n|-damage|p1a: Aggron|71/100 brn|[from] brn\n|upkeep\n|turn|4\n|\n|t:|1776213414\n|switch|p1b: Sinistcha|Sinistcha, L50|100/100\n|-heal|p1a: Aggron|96/100 brn|[from] ability: Hospitality|[of] p1b: Sinistcha\n|switch|p2a: Politoed|Politoed, L50, M|100/100\n|move|p2b: Absol|Night Slash|p1b: Sinistcha\n|-supereffective|p1b: Sinistcha|1\n|-crit|p1b: Sinistcha\n|-damage|p1b: Sinistcha|0 fnt\n|faint|p1b: Sinistcha\n|move|p1a: Aggron|Iron Defense|p1a: Aggron\n|-boost|p1a: Aggron|def|2\n|\n|-weather|RainDance|[upkeep]\n|-damage|p1a: Aggron|90/100 brn|[from] brn\n|upkeep\n|\n|t:|1776213421\n|switch|p1b: Alakazam|Alakazam, L50, F|100/100\n|turn|5\n|\n|t:|1776213440\n|switch|p2b: Sableye|Sableye, L50, F, shiny|100/100\n|move|p1b: Alakazam|Guard Swap|p2a: Politoed\n|-swapboost|p1b: Alakazam|p2a: Politoed|def, spd|[from] move: Guard Swap\n|move|p2a: Politoed|Hydro Pump|p1a: Aggron\n|-damage|p1a: Aggron|49/100 brn\n|move|p1a: Aggron|Iron Defense|p1a: Aggron\n|-boost|p1a: Aggron|def|0\n|\n|-weather|none\n|-damage|p1a: Aggron|42/100 brn|[from] brn\n|-end|p1a: Aggron|Encore\n|-sideend|p1: LiquidCircuit|move: Light Screen\n|-fieldend|move: Gravity\n|upkeep\n|turn|6\n|inactive|bluejayx2 has 30 seconds left.\n|\n|t:|1776213473\n|move|p2b: Sableye|Encore|p1a: Aggron\n|-start|p1a: Aggron|Encore\n|move|p1b: Alakazam|Speed Swap|p1a: Aggron\n|-activate|p1b: Alakazam|move: Speed Swap|[of] p1a: Aggron\n|move|p1a: Aggron|Iron Defense|p1a: Aggron\n|-boost|p1a: Aggron|def|0\n|move|p2a: Politoed|Hydro Pump|p1a: Aggron\n|-damage|p1a: Aggron|0 fnt\n|faint|p1a: Aggron\n|\n|upkeep\n|\n|t:|1776213475\n|switch|p1a: Incineroar|Incineroar, L50, F, shiny|9/100\n|-ability|p1a: Incineroar|Intimidate|boost\n|-unboost|p2a: Politoed|atk|1\n|-unboost|p2b: Sableye|atk|1\n|turn|7\n|\n|t:|1776213499\n|move|p2b: Sableye|Gravity|p2b: Sableye\n|-fieldstart|move: Gravity\n|move|p2a: Politoed|Chilling Water|p1a: Incineroar\n|-supereffective|p1a: Incineroar|1\n|-damage|p1a: Incineroar|0 fnt\n|faint|p1a: Incineroar\n|move|p1b: Alakazam|Speed Swap|p2a: Politoed\n|-activate|p1b: Alakazam|move: Speed Swap|[of] p2a: Politoed\n|\n|upkeep\n|turn|8\n|-message|LiquidCircuit forfeited.\n|\n|win|bluejayx2\n|raw|LiquidCircuit's rating: 1100 &rarr; <strong>1069</strong><br />(-31 for losing)\n|raw|bluejayx2's rating: 1019 &rarr; <strong>1065</strong><br />(+46 for winning)\n|l|\u2606LiquidCircuit\n|player|p1|\n",
  "uploadtime": 1776213553,
  "views": 17,
  "formatid": "gen9championsvgc2026regma",
  "rating": 1065,
  "private": 0,
  "password": null
}