{
  "id": "gen9championsvgc2026regma-2581322740",
  "format": "[Gen 9 Champions] VGC 2026 Reg M-A",
  "players": [
    "Braute",
    "Vaaanquiish"
  ],
  "log": "|j|\u2606Braute\n|j|\u2606Vaaanquiish\n|t:|1775986537\n|gametype|doubles\n|player|p1|Braute|miku-fire|1095\n|player|p2|Vaaanquiish|169|1167\n|gen|9\n|tier|[Gen 9 Champions] VGC 2026 Reg M-A\n|rated|\n|rule|Species Clause: Limit one of each Pok\u00e9mon\n|rule|Item Clause: Limit 1 of each item\n|clearpoke\n|poke|p1|Beedrill, L50, F|\n|poke|p1|Incineroar, L50, M|\n|poke|p1|Talonflame, L50, F|\n|poke|p1|Kingambit, L50, M|\n|poke|p1|Tyranitar, L50, M|\n|poke|p1|Excadrill, L50, M|\n|poke|p2|Charizard, L50, F|\n|poke|p2|Basculegion, L50, M|\n|poke|p2|Incineroar, L50, M|\n|poke|p2|Sneasler, L50, M|\n|poke|p2|Garchomp, L50, M|\n|poke|p2|Venusaur, L50, M|\n|teampreview|4\n|inactive|Battle timer is ON: inactive players will automatically lose when time's up. (requested by Braute)\n|inactive|Vaaanquiish has 60 seconds left.\n|\n|t:|1775986597\n|teamsize|p1|4\n|teamsize|p2|4\n|start\n|switch|p1a: Talonflame|Talonflame, L50, F|100/100\n|switch|p1b: Tyranitar|Tyranitar, L50, M|100/100\n|switch|p2a: Charizard|Charizard, L50, F|100/100\n|switch|p2b: Sneasler|Sneasler, L50, M|100/100\n|-weather|Sandstorm|[from] ability: Sand Stream|[of] p1b: Tyranitar\n|turn|1\n|inactive|Vaaanquiish has 30 seconds left.\n|inactive|Vaaanquiish has 20 seconds left.\n|inactive|Vaaanquiish has 15 seconds left.\n|inactive|Vaaanquiish has 10 seconds left.\n|inactive|Vaaanquiish has 5 seconds left.\n|\n|t:|1775986651\n|detailschange|p2a: Charizard|Charizard-Mega-Y, L50, F\n|-mega|p2a: Charizard|Charizard|Charizardite Y\n|-weather|SunnyDay|[from] ability: Drought|[of] p2a: Charizard\n|move|p1a: Talonflame|Protect|p1a: Talonflame\n|-singleturn|p1a: Talonflame|Protect\n|move|p2b: Sneasler|Protect|p2b: Sneasler\n|-singleturn|p2b: Sneasler|Protect\n|move|p2a: Charizard|Protect|p2a: Charizard\n|-singleturn|p2a: Charizard|Protect\n|move|p1b: Tyranitar|Protect||[still]\n|-fail|p1b: Tyranitar\n|\n|-weather|SunnyDay|[upkeep]\n|upkeep\n|turn|2\n|inactive|Vaaanquiish has 30 seconds left.\n|inactive|Vaaanquiish has 20 seconds left.\n|\n|t:|1775986690\n|switch|p2b: Basculegion|Basculegion, L50, M|100/100\n|detailschange|p1b: Tyranitar|Tyranitar-Mega, L50, M\n|-mega|p1b: Tyranitar|Tyranitar|Tyranitarite\n|-weather|Sandstorm|[from] ability: Sand Stream|[of] p1b: Tyranitar\n|move|p1a: Talonflame|Dual Wingbeat|p2b: Basculegion\n|-damage|p2b: Basculegion|79/100\n|-damage|p2b: Basculegion|57/100\n|-hitcount|p2b: Basculegion|2\n|move|p2a: Charizard|Air Slash|p1a: Talonflame\n|-damage|p1a: Talonflame|24/100\n|move|p1b: Tyranitar|Rock Slide|p2b: Basculegion|[spread] p2a,p2b\n|-supereffective|p2a: Charizard|2\n|-damage|p2a: Charizard|0 fnt\n|-damage|p2b: Basculegion|8/100\n|faint|p2a: Charizard\n|\n|-weather|Sandstorm|[upkeep]\n|-damage|p2b: Basculegion|2/100|[from] Sandstorm\n|-damage|p1a: Talonflame|18/100|[from] Sandstorm\n|upkeep\n|\n|t:|1775986715\n|switch|p2a: Sneasler|Sneasler, L50, M|100/100\n|turn|3\n|\n|t:|1775986725\n|switch|p2b: Venusaur|Venusaur, L50, M|100/100\n|move|p1b: Tyranitar|Protect|p1b: Tyranitar\n|-singleturn|p1b: Tyranitar|Protect\n|move|p1a: Talonflame|Tailwind|p1a: Talonflame\n|-sidestart|p1: Braute|move: Tailwind\n|move|p2a: Sneasler|Close Combat|p1b: Tyranitar\n|-activate|p1b: Tyranitar|move: Protect\n|\n|-weather|Sandstorm|[upkeep]\n|-damage|p1a: Talonflame|12/100|[from] Sandstorm\n|-damage|p2a: Sneasler|95/100|[from] Sandstorm\n|-damage|p2b: Venusaur|95/100|[from] Sandstorm\n|upkeep\n|turn|4\n|\n|t:|1775986748\n|move|p2a: Sneasler|Protect|p2a: Sneasler\n|-singleturn|p2a: Sneasler|Protect\n|move|p1a: Talonflame|Dual Wingbeat|p2a: Sneasler\n|-activate|p2a: Sneasler|move: Protect\n|move|p1b: Tyranitar|Knock Off|p2b: Venusaur\n|-damage|p2b: Venusaur|13/100\n|-enditem|p2b: Venusaur|Focus Sash|[from] move: Knock Off|[of] p1b: Tyranitar\n|move|p2b: Venusaur|Sludge Bomb|p1a: Talonflame\n|-damage|p1a: Talonflame|0 fnt\n|faint|p1a: Talonflame\n|\n|-weather|Sandstorm|[upkeep]\n|-damage|p2a: Sneasler|89/100|[from] Sandstorm\n|-damage|p2b: Venusaur|7/100|[from] Sandstorm\n|upkeep\n|\n|t:|1775986764\n|switch|p1a: Excadrill|Excadrill, L50, M|100/100\n|turn|5\n|inactive|Vaaanquiish has 30 seconds left.\n|inactive|Vaaanquiish has 20 seconds left.\n|\n|t:|1775986804\n|move|p2a: Sneasler|Protect||[still]\n|-fail|p2a: Sneasler\n|move|p1a: Excadrill|High Horsepower|p2a: Sneasler\n|-supereffective|p2a: Sneasler|1\n|-damage|p2a: Sneasler|0 fnt\n|faint|p2a: Sneasler\n|move|p1b: Tyranitar|Knock Off|p2b: Venusaur\n|-damage|p2b: Venusaur|0 fnt\n|faint|p2b: Venusaur\n|\n|-weather|Sandstorm|[upkeep]\n|upkeep\n|inactive|Vaaanquiish has 30 seconds left.\n|inactive|Vaaanquiish has 20 seconds left.\n|inactive|Vaaanquiish has 15 seconds left.\n|inactive|Vaaanquiish has 10 seconds left.\n|inactive|Vaaanquiish has 5 seconds left.\n|\n|t:|1775986859\n|switch|p2a: Basculegion|Basculegion, L50, M|2/100\n|turn|6\n|inactive|Vaaanquiish has 30 seconds left.\n|inactive|Vaaanquiish has 20 seconds left.\n|inactive|Vaaanquiish has 15 seconds left.\n|inactive|Vaaanquiish has 10 seconds left.\n|inactive|Vaaanquiish has 5 seconds left.\n|\n|t:|1775986914\n|switch|p1b: Incineroar|Incineroar, L50, M, shiny|100/100\n|-ability|p1b: Incineroar|Intimidate|boost\n|-unboost|p2a: Basculegion|atk|1\n|move|p1a: Excadrill|Iron Head|p2a: Basculegion\n|-resisted|p2a: Basculegion|1\n|-damage|p2a: Basculegion|0 fnt\n|faint|p2a: Basculegion\n|\n|win|Braute\n|raw|Braute's rating: 1095 &rarr; <strong>1126</strong><br />(+31 for winning)\n|raw|Vaaanquiish's rating: 1167 &rarr; <strong>1137</strong><br />(-30 for losing)\n",
  "uploadtime": 1775986914,
  "views": 63,
  "formatid": "gen9championsvgc2026regma",
  "rating": 1126,
  "private": 0,
  "password": null
}