{
  "id": "gen9championsvgc2026regma-2583699115",
  "format": "[Gen 9 Champions] VGC 2026 Reg M-A",
  "players": [
    "theodenhaspeekl",
    "rasb"
  ],
  "log": "|j|\u2606theodenhaspeekl\n|j|\u2606rasb\n|t:|1776191786\n|gametype|doubles\n|player|p1|theodenhaspeekl|medium|1000\n|player|p2|rasb|101|1000\n|gen|9\n|tier|[Gen 9 Champions] VGC 2026 Reg M-A\n|rated|\n|rule|Species Clause: Limit one of each Pok\u00e9mon\n|rule|Item Clause: Limit 1 of each item\n|clearpoke\n|poke|p1|Palafin, L50, F|\n|poke|p1|Incineroar, L50, F|\n|poke|p1|Sinistcha, L50|\n|poke|p1|Gengar, L50, M|\n|poke|p1|Kommo-o, L50, M|\n|poke|p1|Corviknight, L50, F|\n|poke|p2|Floette-Eternal, L50, F|\n|poke|p2|Aerodactyl, L50, F|\n|poke|p2|Incineroar, L50, F|\n|poke|p2|Garchomp, L50, F|\n|poke|p2|Charizard, L50, F|\n|poke|p2|Venusaur, L50, M|\n|teampreview|4\n|inactive|Battle timer is ON: inactive players will automatically lose when time's up. (requested by rasb)\nrasb has agreed to open team sheets.\n|\n|t:|1776191815\n|teamsize|p1|4\n|teamsize|p2|4\n|start\n|switch|p1a: Corviknight|Corviknight, L50, F|100/100\n|switch|p1b: Palafin|Palafin, L50, F|100/100\n|switch|p2a: Charizard|Charizard, L50, F|100/100\n|switch|p2b: Venusaur|Venusaur, L50, M|100/100\n|turn|1\n|\n|t:|1776191828\n|switch|p1a: Incineroar|Incineroar, L50, F|100/100\n|-ability|p1a: Incineroar|Intimidate|boost\n|-unboost|p2a: Charizard|atk|1\n|-unboost|p2b: Venusaur|atk|1\n|detailschange|p2a: Charizard|Charizard-Mega-Y, L50, F\n|-mega|p2a: Charizard|Charizard|Charizardite Y\n|-weather|SunnyDay|[from] ability: Drought|[of] p2a: Charizard\n|move|p2b: Venusaur|Sleep Powder|p1b: Palafin|[miss]\n|-miss|p2b: Venusaur|p1b: Palafin\n|move|p2a: Charizard|Heat Wave|p1b: Palafin|[spread] p1a,p1b\n|-resisted|p1a: Incineroar|1\n|-resisted|p1b: Palafin|1\n|-damage|p1a: Incineroar|72/100\n|-damage|p1b: Palafin|52/100\n|move|p1b: Palafin|Wave Crash|p2a: Charizard\n|-supereffective|p2a: Charizard|1\n|-damage|p2a: Charizard|35/100\n|-damage|p1b: Palafin|35/100|[from] Recoil\n|\n|-weather|SunnyDay|[upkeep]\n|upkeep\n|turn|2\n|\n|t:|1776191848\n|detailschange|p1b: Palafin|Palafin-Hero, L50, F\n|switch|p1b: Gengar|Gengar, L50, M|100/100\n|move|p2a: Charizard|Protect|p2a: Charizard\n|-singleturn|p2a: Charizard|Protect\n|move|p1a: Incineroar|Fake Out|p2a: Charizard\n|-activate|p2a: Charizard|move: Protect\n|move|p2b: Venusaur|Sleep Powder|p1b: Gengar\n|-status|p1b: Gengar|slp|[from] move: Sleep Powder\n|\n|-weather|SunnyDay|[upkeep]\n|upkeep\n|turn|3\n|\n|t:|1776191861\n|detailschange|p1b: Gengar|Gengar-Mega, L50, M\n|-mega|p1b: Gengar|Gengar|Gengarite\n|move|p2b: Venusaur|Earth Power|p1a: Incineroar\n|-supereffective|p1a: Incineroar|1\n|-damage|p1a: Incineroar|31/100\n|-enditem|p1a: Incineroar|Sitrus Berry|[eat]\n|-heal|p1a: Incineroar|56/100|[from] item: Sitrus Berry\n|cant|p1b: Gengar|slp\n|move|p2a: Charizard|Heat Wave|p1b: Gengar|[spread] p1b\n|-miss|p2a: Charizard|p1a: Incineroar\n|-damage|p1b: Gengar|21/100 slp\n|move|p1a: Incineroar|Darkest Lariat|p2a: Charizard\n|-damage|p2a: Charizard|0 fnt\n|faint|p2a: Charizard\n|\n|-weather|SunnyDay|[upkeep]\n|upkeep\n|\n|t:|1776191876\n|switch|p2a: Garchomp|Garchomp, L50, F|100/100\n|turn|4\n|\n|t:|1776191885\n|switch|p1a: Corviknight|Corviknight, L50, F|100/100\n|-curestatus|p1b: Gengar|slp|[msg]\n|move|p1b: Gengar|Protect|p1b: Gengar\n|-singleturn|p1b: Gengar|Protect\n|move|p2b: Venusaur|Earth Power|p1a: Corviknight\n|-immune|p1a: Corviknight\n|move|p2a: Garchomp|Rock Slide|p1b: Gengar|[spread] p1a\n|-activate|p1b: Gengar|move: Protect\n|-crit|p1a: Corviknight\n|-damage|p1a: Corviknight|80/100\n|\n|-weather|SunnyDay|[upkeep]\n|upkeep\n|turn|5\n|\n|t:|1776191897\n|switch|p1b: Incineroar|Incineroar, L50, F|56/100\n|-ability|p1b: Incineroar|Intimidate|boost\n|-unboost|p2a: Garchomp|atk|1\n|-unboost|p2b: Venusaur|atk|1\n|move|p2b: Venusaur|Sleep Powder|p1a: Corviknight\n|-status|p1a: Corviknight|slp|[from] move: Sleep Powder\n|move|p2a: Garchomp|Rock Slide|p1a: Corviknight|[spread] p1a,p1b\n|-supereffective|p1b: Incineroar|1\n|-damage|p1a: Corviknight|71/100 slp\n|-damage|p1b: Incineroar|32/100\n|cant|p1a: Corviknight|slp\n|\n|-weather|none\n|upkeep\n|turn|6\n|\n|t:|1776191909\n|move|p1b: Incineroar|Fake Out|p2b: Venusaur\n|-damage|p2b: Venusaur|85/100\n|move|p2a: Garchomp|Rock Slide|p1a: Corviknight|[spread] p1a,p1b\n|-supereffective|p1b: Incineroar|1\n|-damage|p1a: Corviknight|62/100 slp\n|-damage|p1b: Incineroar|9/100\n|cant|p2b: Venusaur|flinch\n|-curestatus|p1a: Corviknight|slp|[msg]\n|move|p1a: Corviknight|Bulk Up|p1a: Corviknight\n|-boost|p1a: Corviknight|atk|1\n|-boost|p1a: Corviknight|def|1\n|\n|upkeep\n|turn|7\n|\n|t:|1776191924\n|move|p2a: Garchomp|Rock Slide|p1b: Incineroar|[spread] p1a,p1b\n|-supereffective|p1b: Incineroar|1\n|-damage|p1a: Corviknight|56/100\n|-damage|p1b: Incineroar|0 fnt\n|faint|p1b: Incineroar\n|move|p2b: Venusaur|Sleep Powder|p1a: Corviknight|[miss]\n|-miss|p2b: Venusaur|p1a: Corviknight\n|move|p1a: Corviknight|Roost|p1a: Corviknight\n|-heal|p1a: Corviknight|100/100\n|-singleturn|p1a: Corviknight|move: Roost\n|\n|upkeep\n|\n|t:|1776191932\n|switch|p1b: Gengar|Gengar-Mega, L50, M|21/100\n|turn|8\n|\n|t:|1776191939\n|move|p2a: Garchomp|Rock Slide|p1b: Gengar|[spread] p1a,p1b\n|-damage|p1a: Corviknight|94/100\n|-damage|p1b: Gengar|7/100\n|move|p1b: Gengar|Icy Wind|p2b: Venusaur|[spread] p2a,p2b\n|-supereffective|p2a: Garchomp|2\n|-supereffective|p2b: Venusaur|1\n|-damage|p2a: Garchomp|43/100\n|-damage|p2b: Venusaur|48/100\n|-unboost|p2a: Garchomp|spe|1\n|-unboost|p2b: Venusaur|spe|1\n|move|p2b: Venusaur|Sleep Powder|p1a: Corviknight\n|-status|p1a: Corviknight|slp|[from] move: Sleep Powder\n|cant|p1a: Corviknight|slp\n|\n|upkeep\n|turn|9\n|\n|t:|1776191962\n|move|p1b: Gengar|Protect|p1b: Gengar\n|-singleturn|p1b: Gengar|Protect\n|move|p2a: Garchomp|Rock Slide|p1a: Corviknight|[spread] p1a\n|-activate|p1b: Gengar|move: Protect\n|-damage|p1a: Corviknight|88/100 slp\n|move|p2b: Venusaur|Earth Power|p1b: Gengar\n|-activate|p1b: Gengar|move: Protect\n|-curestatus|p1a: Corviknight|slp|[msg]\n|move|p1a: Corviknight|Drill Peck|p2b: Venusaur\n|-supereffective|p2b: Venusaur|1\n|-damage|p2b: Venusaur|0 fnt\n|faint|p2b: Venusaur\n|\n|upkeep\n|inactive|rasb has 30 seconds left.\n|\n|t:|1776191992\n|switch|p2b: Floette|Floette-Eternal, L50, F|100/100\n|turn|10\n|\n|t:|1776192002\n|move|p1b: Gengar|Icy Wind|p2a: Garchomp|[spread] p2a,p2b\n|-supereffective|p2a: Garchomp|2\n|-damage|p2a: Garchomp|0 fnt\n|-damage|p2b: Floette|88/100\n|-unboost|p2b: Floette|spe|1\n|faint|p2a: Garchomp\n|move|p1a: Corviknight|Drill Peck|p2b: Floette\n|-damage|p2b: Floette|33/100\n|move|p2b: Floette|Dazzling Gleam|p1a: Corviknight|[spread] p1a,p1b\n|-resisted|p1a: Corviknight|1\n|-resisted|p1b: Gengar|1\n|-damage|p1a: Corviknight|75/100\n|-damage|p1b: Gengar|0 fnt\n|faint|p1b: Gengar\n|\n|upkeep\n|\n|t:|1776192006\n|switch|p1b: Palafin|Palafin-Hero, L50, F|35/100\n|-activate|p1b: Palafin|ability: Zero to Hero\n|turn|11\n|\n|t:|1776192016\n|move|p1b: Palafin|Jet Punch|p2b: Floette\n|-damage|p2b: Floette|0 fnt\n|faint|p2b: Floette\n|\n|win|theodenhaspeekl\n|raw|theodenhaspeekl's rating: 1047 &rarr; <strong>1076</strong><br />(+29 for winning)\n|raw|rasb's rating: 1000 &rarr; <strong>1000</strong><br />(+0 for losing)\n",
  "uploadtime": 1776192016,
  "views": 12,
  "formatid": "gen9championsvgc2026regma",
  "rating": 1000,
  "private": 0,
  "password": null
}