{
  "id": "gen9championsvgc2026regma-2583305969",
  "format": "[Gen 9 Champions] VGC 2026 Reg M-A",
  "players": [
    "Gaytor8",
    "rajyesh1"
  ],
  "log": "|j|\u2606Gaytor8\n|j|\u2606rajyesh1\n|t:|1776165244\n|gametype|doubles\n|player|p1|Gaytor8|harlequin|1078\n|player|p2|rajyesh1|lucas|1137\n|gen|9\n|tier|[Gen 9 Champions] VGC 2026 Reg M-A\n|rated|\n|rule|Species Clause: Limit one of each Pok\u00e9mon\n|rule|Item Clause: Limit 1 of each item\n|clearpoke\n|poke|p1|Sableye, L50, F|\n|poke|p1|Weavile, L50, F|\n|poke|p1|Glimmora, L50, F|\n|poke|p1|Klefki, L50, F|\n|poke|p1|Archaludon, L50, F|\n|poke|p1|Meganium, L50, F|\n|poke|p2|Charizard, L50, M|\n|poke|p2|Venusaur, L50, F|\n|poke|p2|Garchomp, L50, M|\n|poke|p2|Rotom-Wash, L50|\n|poke|p2|Sneasler, L50, M|\n|poke|p2|Incineroar, L50, F|\n|teampreview|4\n|inactive|Battle timer is ON: inactive players will automatically lose when time's up. (requested by rajyesh1)\n|inactive|Gaytor8 also wants the timer to be on.\n|inactive|Gaytor8 has 60 seconds left.\n|inactive|rajyesh1 has 60 seconds left.\n|\n|t:|1776165296\n|teamsize|p1|4\n|teamsize|p2|4\n|start\n|switch|p1a: Fuck Ur Charizard|Glimmora, L50, F, shiny|100/100\n|switch|p1b: Mr Bean|Weavile, L50, F|100/100\n|switch|p2a: Charizard|Charizard, L50, M|100/100\n|switch|p2b: Venusaur|Venusaur, L50, F|100/100\n|turn|1\n|inactive|Gaytor8 has 30 seconds left.\n|inactive|rajyesh1 has 30 seconds left.\n|inactive|Gaytor8 has 20 seconds left.\n|\n|t:|1776165332\n|detailschange|p2a: Charizard|Charizard-Mega-Y, L50, M\n|-mega|p2a: Charizard|Charizard|Charizardite Y\n|-weather|SunnyDay|[from] ability: Drought|[of] p2a: Charizard\n|detailschange|p1a: Fuck Ur Charizard|Glimmora-Mega, L50, F, shiny\n|-mega|p1a: Fuck Ur Charizard|Glimmora|Glimmoranite\n|move|p2a: Charizard|Protect|p2a: Charizard\n|-singleturn|p2a: Charizard|Protect\n|move|p2b: Venusaur|Sleep Powder|p1a: Fuck Ur Charizard\n|-status|p1a: Fuck Ur Charizard|slp|[from] move: Sleep Powder\n|move|p1b: Mr Bean|Knock Off|p2b: Venusaur\n|-damage|p2b: Venusaur|36/100\n|-enditem|p2b: Venusaur|Focus Sash|[from] move: Knock Off|[of] p1b: Mr Bean\n|cant|p1a: Fuck Ur Charizard|slp\n|\n|-weather|SunnyDay|[upkeep]\n|upkeep\n|turn|2\n|inactive|Gaytor8 has 30 seconds left.\n|inactive|Gaytor8 has 20 seconds left.\n|inactive|Gaytor8 has 15 seconds left.\n|inactive|Gaytor8 has 10 seconds left.\n|inactive|rajyesh1 has 30 seconds left.\n|inactive|Gaytor8 has 5 seconds left.\n|inactive|rajyesh1 has 20 seconds left.\n|\n|t:|1776165388\n|switch|p1a: Archaludon|Archaludon, L50, F|100/100\n|move|p2b: Venusaur|Leaf Storm|p1a: Archaludon\n|-resisted|p1a: Archaludon|2\n|-crit|p1a: Archaludon\n|-damage|p1a: Archaludon|68/100\n|-unboost|p2b: Venusaur|spa|2\n|move|p1b: Mr Bean|Ice Spinner|p2a: Charizard\n|-damage|p2a: Charizard|47/100\n|move|p2a: Charizard|Heat Wave|p1a: Archaludon|[spread] p1a,p1b\n|-supereffective|p1b: Mr Bean|1\n|-damage|p1a: Archaludon|0 fnt\n|-enditem|p1b: Mr Bean|Focus Sash\n|-damage|p1b: Mr Bean|1/100\n|faint|p1a: Archaludon\n|\n|-weather|SunnyDay|[upkeep]\n|upkeep\n|\n|t:|1776165404\n|switch|p1a: keys|Klefki, L50, F|100/100\n|turn|3\n|inactive|rajyesh1 has 30 seconds left.\n|\n|t:|1776165435\n|switch|p2b: Incineroar|Incineroar, L50, F|100/100\n|-ability|p2b: Incineroar|Intimidate|boost\n|-unboost|p1a: keys|atk|1\n|-unboost|p1b: Mr Bean|atk|1\n|move|p1b: Mr Bean|Protect|p1b: Mr Bean\n|-singleturn|p1b: Mr Bean|Protect\n|move|p1a: keys|Rain Dance|p1a: keys\n|-weather|RainDance\n|move|p2a: Charizard|Heat Wave|p1a: keys|[spread] p1a\n|-activate|p1b: Mr Bean|move: Protect\n|-supereffective|p1a: keys|1\n|-damage|p1a: keys|55/100\n|\n|-weather|RainDance|[upkeep]\n|upkeep\n|turn|4\n|inactive|rajyesh1 has 30 seconds left.\n|\n|t:|1776165466\n|switch|p1b: Fuck Ur Charizard|Glimmora-Mega, L50, F, shiny|100/100 slp\n|move|p2b: Incineroar|Fake Out|p1b: Fuck Ur Charizard\n|-resisted|p1b: Fuck Ur Charizard|1\n|-damage|p1b: Fuck Ur Charizard|92/100 slp\n|move|p1a: keys|Thunder Wave|p2a: Charizard\n|-status|p2a: Charizard|par\n|move|p2a: Charizard|Heat Wave|p1b: Fuck Ur Charizard|[spread] p1a,p1b\n|-supereffective|p1a: keys|1\n|-resisted|p1b: Fuck Ur Charizard|1\n|-damage|p1a: keys|11/100\n|-damage|p1b: Fuck Ur Charizard|81/100 slp\n|\n|-weather|RainDance|[upkeep]\n|upkeep\n|turn|5\n|inactive|Gaytor8 has 30 seconds left.\n|\n|t:|1776165492\n|switch|p2a: Venusaur|Venusaur, L50, F|36/100\n|cant|p1b: Fuck Ur Charizard|slp\n|move|p1a: keys|Foul Play|p2b: Incineroar\n|-resisted|p2b: Incineroar|1\n|-damage|p2b: Incineroar|85/100\n|move|p2b: Incineroar|Parting Shot|p1b: Fuck Ur Charizard\n|-unboost|p1b: Fuck Ur Charizard|atk|1\n|-unboost|p1b: Fuck Ur Charizard|spa|1\n|\n|t:|1776165504\n|switch|p2b: Garchomp|Garchomp, L50, M|100/100|[from] Parting Shot\n|\n|-weather|RainDance|[upkeep]\n|upkeep\n|turn|6\n|\n|t:|1776165525\n|move|p2a: Venusaur|Protect|p2a: Venusaur\n|-singleturn|p2a: Venusaur|Protect\n|move|p2b: Garchomp|Earthquake|p1a: keys|[spread] p1a,p1b\n|-activate|p2a: Venusaur|move: Protect\n|-supereffective|p1a: keys|1\n|-supereffective|p1b: Fuck Ur Charizard|2\n|-damage|p1a: keys|0 fnt\n|-damage|p1b: Fuck Ur Charizard|0 fnt\n|faint|p1a: keys\n|faint|p1b: Fuck Ur Charizard\n|\n|-weather|RainDance|[upkeep]\n|upkeep\n|\n|t:|1776165538\n|switch|p1b: Mr Bean|Weavile, L50, F|1/100\n|turn|7\n|\n|t:|1776165544\n|switch|p2b: Charizard|Charizard-Mega-Y, L50, M|47/100 par\n|-weather|SunnyDay|[from] ability: Drought|[of] p2b: Charizard\n|move|p2a: Venusaur|Sludge Bomb|p1b: Mr Bean\n|-crit|p1b: Mr Bean\n|-damage|p1b: Mr Bean|0 fnt\n|faint|p1b: Mr Bean\n|\n|win|rajyesh1\n|raw|Gaytor8's rating: 1078 &rarr; <strong>1060</strong><br />(-18 for losing)\n|raw|rajyesh1's rating: 1137 &rarr; <strong>1158</strong><br />(+21 for winning)\n|l|\u2606Gaytor8\n|player|p1|\n",
  "uploadtime": 1776165554,
  "views": 13,
  "formatid": "gen9championsvgc2026regma",
  "rating": 1060,
  "private": 0,
  "password": null
}