{
  "id": "gen9championsvgc2026regma-2582871481",
  "format": "[Gen 9 Champions] VGC 2026 Reg M-A",
  "players": [
    "brk2907",
    "JorginB3"
  ],
  "log": "|j|\u2606brk2907\n|j|\u2606JorginB3\n|t:|1776120801\n|gametype|doubles\n|player|p1|brk2907|169|1058\n|player|p2|JorginB3|1|1125\n|gen|9\n|tier|[Gen 9 Champions] VGC 2026 Reg M-A\n|rated|\n|rule|Species Clause: Limit one of each Pok\u00e9mon\n|rule|Item Clause: Limit 1 of each item\n|clearpoke\n|poke|p1|Garchomp, L50, M|\n|poke|p1|Rotom-Wash, L50|\n|poke|p1|Tyranitar, L50, M|\n|poke|p1|Arcanine, L50, F|\n|poke|p1|Corviknight, L50, M|\n|poke|p1|Gardevoir, L50, F|\n|poke|p2|Pidgeot, L50, F|\n|poke|p2|Araquanid, L50, M|\n|poke|p2|Garchomp, L50, F|\n|poke|p2|Incineroar, L50, M|\n|poke|p2|Sneasler, L50, M|\n|poke|p2|Whimsicott, L50, F|\n|teampreview|4\n|\n|t:|1776120839\n|teamsize|p1|4\n|teamsize|p2|4\n|start\n|switch|p1a: Arcanine|Arcanine, L50, F|100/100\n|switch|p1b: Corviknight|Corviknight, L50, M|100/100\n|switch|p2a: Incineroar|Incineroar, L50, M|100/100\n|switch|p2b: Sneasler|Sneasler, L50, M|100/100\n|-ability|p2b: Sneasler|Pressure\n|-ability|p1a: Arcanine|Intimidate|boost\n|-unboost|p2a: Incineroar|atk|1\n|-unboost|p2b: Sneasler|atk|1\n|turn|1\n|\n|t:|1776120874\n|move|p2a: Incineroar|Fake Out|p1a: Arcanine\n|-damage|p1a: Arcanine|90/100\n|move|p2b: Sneasler|Dire Claw|p1b: Corviknight\n|-immune|p1b: Corviknight\n|cant|p1a: Arcanine|flinch\n|move|p1b: Corviknight|Brave Bird|p2b: Sneasler\n|-supereffective|p2b: Sneasler|1\n|-damage|p2b: Sneasler|0 fnt\n|faint|p2b: Sneasler\n|-damage|p1b: Corviknight|75/100|[from] Recoil\n|\n|-heal|p1b: Corviknight|81/100|[from] item: Leftovers\n|upkeep\n|\n|t:|1776120889\n|switch|p2b: Garchomp|Garchomp, L50, F|100/100\n|turn|2\n|\n|t:|1776120894\n|move|p1a: Arcanine|Protect|p1a: Arcanine\n|-singleturn|p1a: Arcanine|Protect\n|move|p2b: Garchomp|Rock Slide|p1a: Arcanine|[spread] p1b\n|-activate|p1a: Arcanine|move: Protect\n|-damage|p1b: Corviknight|64/100\n|move|p1b: Corviknight|Tailwind|p1b: Corviknight\n|-sidestart|p1: brk2907|move: Tailwind\n|move|p2a: Incineroar|Flare Blitz|p1b: Corviknight\n|-supereffective|p1b: Corviknight|1\n|-damage|p1b: Corviknight|0 fnt\n|faint|p1b: Corviknight\n|-damage|p2a: Incineroar|79/100|[from] Recoil\n|\n|upkeep\n|\n|t:|1776120905\n|switch|p1b: Rotom|Rotom-Wash, L50|100/100\n|turn|3\n|\n|t:|1776120915\n|move|p1b: Rotom|Hydro Pump|p2a: Incineroar\n|-supereffective|p2a: Incineroar|1\n|-enditem|p2a: Incineroar|Passho Berry|[eat]\n|-enditem|p2a: Incineroar|Passho Berry|[weaken]\n|-damage|p2a: Incineroar|27/100\n|move|p1a: Arcanine|Will-O-Wisp|p2b: Garchomp\n|-status|p2b: Garchomp|brn\n|move|p2b: Garchomp|Rock Slide|p1b: Rotom|[spread] p1a\n|-miss|p2b: Garchomp|p1b: Rotom\n|-supereffective|p1a: Arcanine|1\n|-damage|p1a: Arcanine|68/100\n|move|p2a: Incineroar|Parting Shot|p1b: Rotom\n|-unboost|p1b: Rotom|atk|1\n|-unboost|p1b: Rotom|spa|1\n|\n|t:|1776120929\n|switch|p2a: Whimsicott|Whimsicott, L50, F|100/100|[from] Parting Shot\n|\n|-damage|p2b: Garchomp|94/100 brn|[from] brn\n|upkeep\n|turn|4\n|\n|t:|1776120958\n|switch|p1b: Gardevoir|Gardevoir, L50, F, shiny|100/100\n|move|p2a: Whimsicott|Tailwind|p2a: Whimsicott\n|-sidestart|p2: JorginB3|move: Tailwind\n|move|p2b: Garchomp|Rock Slide|p1b: Gardevoir|[spread] p1a\n|-miss|p2b: Garchomp|p1b: Gardevoir\n|-supereffective|p1a: Arcanine|1\n|-damage|p1a: Arcanine|48/100\n|-enditem|p1a: Arcanine|Sitrus Berry|[eat]\n|-heal|p1a: Arcanine|73/100|[from] item: Sitrus Berry\n|move|p1a: Arcanine|Will-O-Wisp|p2a: Whimsicott\n|-status|p2a: Whimsicott|brn\n|\n|-damage|p2b: Garchomp|88/100 brn|[from] brn\n|-damage|p2a: Whimsicott|95/100 brn|[from] brn\n|upkeep\n|turn|5\n|\n|t:|1776120996\n|switch|p2a: Incineroar|Incineroar, L50, M|27/100\n|switch|p1a: Rotom|Rotom-Wash, L50|100/100\n|detailschange|p1b: Gardevoir|Gardevoir-Mega, L50, F, shiny\n|-mega|p1b: Gardevoir|Gardevoir|Gardevoirite\n|move|p2b: Garchomp|Rock Slide|p1b: Gardevoir|[spread] p1a,p1b\n|-damage|p1a: Rotom|88/100\n|-damage|p1b: Gardevoir|88/100\n|cant|p1b: Gardevoir|flinch\n|\n|-damage|p2b: Garchomp|82/100 brn|[from] brn\n|-sideend|p1: brk2907|move: Tailwind\n|upkeep\n|turn|6\n|\n|t:|1776121020\n|move|p2a: Incineroar|Fake Out|p1b: Gardevoir\n|-damage|p1b: Gardevoir|70/100\n|move|p2b: Garchomp|Rock Slide|p1a: Rotom|[spread] p1b\n|-miss|p2b: Garchomp|p1a: Rotom\n|-damage|p1b: Gardevoir|57/100\n|move|p1a: Rotom|Hydro Pump|p2b: Garchomp|[miss]\n|-miss|p1a: Rotom|p2b: Garchomp\n|cant|p1b: Gardevoir|flinch\n|\n|-damage|p2b: Garchomp|76/100 brn|[from] brn\n|upkeep\n|turn|7\n|\n|t:|1776121036\n|move|p2b: Garchomp|Rock Slide|p1a: Rotom|[spread] p1a,p1b\n|-damage|p1a: Rotom|75/100\n|-damage|p1b: Gardevoir|44/100\n|move|p1a: Rotom|Hydro Pump|p2b: Garchomp\n|-damage|p2b: Garchomp|22/100 brn\n|move|p2a: Incineroar|Darkest Lariat|p1b: Gardevoir\n|-damage|p1b: Gardevoir|0 fnt\n|faint|p1b: Gardevoir\n|\n|-damage|p2b: Garchomp|16/100 brn|[from] brn\n|-sideend|p2: JorginB3|move: Tailwind\n|upkeep\n|\n|t:|1776121042\n|switch|p1b: Arcanine|Arcanine, L50, F|73/100\n|-ability|p1b: Arcanine|Intimidate|boost\n|-unboost|p2a: Incineroar|atk|1\n|-unboost|p2b: Garchomp|atk|1\n|turn|8\n|\n|t:|1776121063\n|switch|p2a: Whimsicott|Whimsicott, L50, F|95/100 brn\n|move|p1b: Arcanine|Protect|p1b: Arcanine\n|-singleturn|p1b: Arcanine|Protect\n|move|p2b: Garchomp|Rock Slide|p1a: Rotom|[spread] p1a\n|-activate|p1b: Arcanine|move: Protect\n|-damage|p1a: Rotom|66/100\n|move|p1a: Rotom|Hydro Pump|p2b: Garchomp|[miss]\n|-miss|p1a: Rotom|p2b: Garchomp\n|\n|-damage|p2b: Garchomp|10/100 brn|[from] brn\n|-damage|p2a: Whimsicott|89/100 brn|[from] brn\n|upkeep\n|turn|9\n|\n|t:|1776121085\n|move|p2a: Whimsicott|Encore|p1b: Arcanine\n|-start|p1b: Arcanine|Encore\n|move|p1b: Arcanine|Protect||[still]\n|-fail|p1b: Arcanine\n|move|p2b: Garchomp|Rock Slide|p1b: Arcanine|[spread] p1a,p1b\n|-supereffective|p1b: Arcanine|1\n|-damage|p1a: Rotom|58/100\n|-damage|p1b: Arcanine|57/100\n|cant|p1a: Rotom|flinch\n|\n|-damage|p2b: Garchomp|3/100 brn|[from] brn\n|-damage|p2a: Whimsicott|83/100 brn|[from] brn\n|upkeep\n|turn|10\n|\n|t:|1776121097\n|move|p1b: Arcanine|Protect|p1b: Arcanine\n|-singleturn|p1b: Arcanine|Protect\n|move|p2a: Whimsicott|Tailwind|p2a: Whimsicott\n|-sidestart|p2: JorginB3|move: Tailwind\n|move|p2b: Garchomp|Rock Slide|p1a: Rotom|[spread] p1a\n|-activate|p1b: Arcanine|move: Protect\n|-damage|p1a: Rotom|50/100\n|cant|p1a: Rotom|flinch\n|\n|-damage|p2b: Garchomp|0 fnt|[from] brn\n|faint|p2b: Garchomp\n|-damage|p2a: Whimsicott|77/100 brn|[from] brn\n|upkeep\n|\n|t:|1776121109\n|switch|p2b: Incineroar|Incineroar, L50, M|27/100\n|turn|11\n|\n|t:|1776121132\n|move|p1b: Arcanine|Protect|p1b: Arcanine\n|-singleturn|p1b: Arcanine|Protect\n|move|p2a: Whimsicott|Moonblast|p1a: Rotom\n|-damage|p1a: Rotom|2/100\n|move|p1a: Rotom|Hydro Pump|p2b: Incineroar|[miss]\n|-miss|p1a: Rotom|p2b: Incineroar\n|move|p2b: Incineroar|Darkest Lariat|p1b: Arcanine\n|-activate|p1b: Arcanine|move: Protect\n|\n|-damage|p2a: Whimsicott|71/100 brn|[from] brn\n|-end|p1b: Arcanine|Encore\n|upkeep\n|turn|12\n|\n|t:|1776121148\n|move|p2a: Whimsicott|Moonblast|p1a: Rotom\n|-damage|p1a: Rotom|0 fnt\n|faint|p1a: Rotom\n|move|p2b: Incineroar|Darkest Lariat|p1b: Arcanine\n|-damage|p1b: Arcanine|13/100\n|move|p1b: Arcanine|Flare Blitz|p2a: Whimsicott\n|-supereffective|p2a: Whimsicott|1\n|-damage|p2a: Whimsicott|0 fnt\n|faint|p2a: Whimsicott\n|-damage|p1b: Arcanine|0 fnt|[from] Recoil\n|faint|p1b: Arcanine\n|\n|win|JorginB3\n|raw|brk2907's rating: 1058 &rarr; <strong>1043</strong><br />(-15 for losing)\n|raw|JorginB3's rating: 1125 &rarr; <strong>1145</strong><br />(+20 for winning)\n|l|\u2606brk2907\n|player|p1|\n",
  "uploadtime": 1776121165,
  "views": 13,
  "formatid": "gen9championsvgc2026regma",
  "rating": 1043,
  "private": 0,
  "password": null
}