{
  "id": "gen9championsvgc2026regma-2581043363",
  "format": "[Gen 9 Champions] VGC 2026 Reg M-A",
  "players": [
    "MxrVic",
    "SleepyPumpk1n"
  ],
  "log": "|j|\u2606MxrVic\n|j|\u2606SleepyPumpk1n\n|t:|1775954527\n|gametype|doubles\n|player|p1|MxrVic|rosa|1039\n|player|p2|SleepyPumpk1n|red-masters3|1088\n|gen|9\n|tier|[Gen 9 Champions] VGC 2026 Reg M-A\n|rated|\n|rule|Species Clause: Limit one of each Pok\u00e9mon\n|rule|Item Clause: Limit 1 of each item\n|clearpoke\n|poke|p1|Lopunny, L50, M|\n|poke|p1|Basculegion, L50, M|\n|poke|p1|Pelipper, L50, F|\n|poke|p1|Archaludon, L50, F|\n|poke|p1|Sinistcha, L50|\n|poke|p1|Incineroar, L50, M|\n|poke|p2|Meowstic, L50, M|\n|poke|p2|Alakazam, L50, M|\n|poke|p2|Hatterene, L50, F|\n|poke|p2|Slowking, L50, F|\n|poke|p2|Gallade, L50, M|\n|poke|p2|Armarouge, L50, M|\n|teampreview|4\n|inactive|Battle timer is ON: inactive players will automatically lose when time's up. (requested by SleepyPumpk1n)\n|inactive|MxrVic has 60 seconds left.\n|\n|t:|1775954571\n|teamsize|p1|4\n|teamsize|p2|4\n|start\n|switch|p1a: Empress|Lopunny, L50, M|100/100\n|switch|p1b: Emperor|Incineroar, L50, M|100/100\n|switch|p2a: Meowstic|Meowstic, L50, M|100/100\n|switch|p2b: Alakazam|Alakazam, L50, M|100/100\n|-ability|p1b: Emperor|Intimidate|boost\n|-unboost|p2a: Meowstic|atk|1\n|-unboost|p2b: Alakazam|atk|1\n|turn|1\n|inactive|MxrVic has 30 seconds left.\n|\n|t:|1775954599\n|detailschange|p2b: Alakazam|Alakazam-Mega, L50, M\n|-mega|p2b: Alakazam|Alakazam|Alakazite\n|-ability|p2b: Alakazam|Cute Charm|Trace|[from] ability: Trace|[of] p1a: Empress\n|detailschange|p1a: Empress|Lopunny-Mega, L50, M\n|-mega|p1a: Empress|Lopunny|Lopunnite\n|move|p1a: Empress|Fake Out|p2b: Alakazam\n|-damage|p2b: Alakazam|56/100\n|move|p2a: Meowstic|Fake Out|p1b: Emperor\n|-crit|p1b: Emperor\n|-damage|p1b: Emperor|94/100\n|cant|p2b: Alakazam|flinch\n|cant|p1b: Emperor|flinch\n|\n|upkeep\n|turn|2\n|inactive|SleepyPumpk1n has 30 seconds left.\n|\n|t:|1775954627\n|move|p1a: Empress|Protect|p1a: Empress\n|-singleturn|p1a: Empress|Protect\n|move|p2a: Meowstic|Psychic Terrain|p2a: Meowstic\n|-fieldstart|move: Psychic Terrain\n|move|p2b: Alakazam|Focus Blast|p1a: Empress\n|-activate|p1a: Empress|move: Protect\n|move|p1b: Emperor|Throat Chop|p2a: Meowstic\n|-supereffective|p2a: Meowstic|1\n|-damage|p2a: Meowstic|3/100\n|-start|p2a: Meowstic|Throat Chop|[silent]\n|\n|upkeep\n|turn|3\n|\n|t:|1775954643\n|switch|p1a: Chevalier|Basculegion, L50, M|100/100\n|move|p2b: Alakazam|Dazzling Gleam|p1b: Emperor|[spread] p1a,p1b\n|-damage|p1a: Chevalier|70/100\n|-damage|p1b: Emperor|70/100\n|move|p2a: Meowstic|Expanding Force|p1b: Emperor|[spread] p1a\n|-immune|p1b: Emperor\n|-damage|p1a: Chevalier|13/100\n|move|p1b: Emperor|Throat Chop|p2b: Alakazam\n|-supereffective|p2b: Alakazam|1\n|-damage|p2b: Alakazam|0 fnt\n|faint|p2b: Alakazam\n|\n|-end|p2a: Meowstic|Throat Chop|[silent]\n|upkeep\n|\n|t:|1775954653\n|switch|p2b: Armarouge|Armarouge, L50, M|100/100\n|turn|4\n|\n|t:|1775954669\n|move|p1a: Chevalier|Protect|p1a: Chevalier\n|-singleturn|p1a: Chevalier|Protect\n|move|p2a: Meowstic|Shadow Ball|p1a: Chevalier\n|-activate|p1a: Chevalier|move: Protect\n|move|p1b: Emperor|Throat Chop|p2b: Armarouge\n|-supereffective|p2b: Armarouge|1\n|-damage|p2b: Armarouge|25/100\n|-start|p2b: Armarouge|Throat Chop|[silent]\n|move|p2b: Armarouge|Armor Cannon|p1b: Emperor\n|-resisted|p1b: Emperor|1\n|-damage|p1b: Emperor|33/100\n|-unboost|p2b: Armarouge|def|1\n|-unboost|p2b: Armarouge|spd|1\n|\n|upkeep\n|turn|5\n|inactive|MxrVic has 30 seconds left.\n|inactive|SleepyPumpk1n has 30 seconds left.\n|\n|t:|1775954700\n|switch|p1a: Empress|Lopunny-Mega, L50, M|100/100\n|move|p2a: Meowstic|Expanding Force|p1a: Empress|[spread] p1a\n|-immune|p1b: Emperor\n|-supereffective|p1a: Empress|1\n|-damage|p1a: Empress|0 fnt\n|faint|p1a: Empress\n|move|p1b: Emperor|Throat Chop|p2b: Armarouge\n|-supereffective|p2b: Armarouge|1\n|-damage|p2b: Armarouge|0 fnt\n|faint|p2b: Armarouge\n|\n|upkeep\n|\n|t:|1775954713\n|switch|p1a: Chevalier|Basculegion, L50, M|13/100\n|switch|p2b: Hatterene|Hatterene, L50, F|100/100\n|turn|6\n|\n|t:|1775954734\n|move|p1a: Chevalier|Protect|p1a: Chevalier\n|-singleturn|p1a: Chevalier|Protect\n|move|p2a: Meowstic|Expanding Force|p1a: Chevalier|[spread] \n|-activate|p1a: Chevalier|move: Protect\n|-immune|p1b: Emperor\n|move|p1b: Emperor|Throat Chop|p2b: Hatterene\n|-damage|p2b: Hatterene|52/100\n|-start|p2b: Hatterene|Throat Chop|[silent]\n|move|p2b: Hatterene|Trick Room|p2b: Hatterene\n|-fieldstart|move: Trick Room|[of] p2b: Hatterene\n|\n|-fieldend|move: Psychic Terrain\n|upkeep\n|turn|7\n|\n|t:|1775954750\n|move|p2a: Meowstic|Psychic Terrain|p2a: Meowstic\n|-fieldstart|move: Psychic Terrain\n|move|p1a: Chevalier|Aqua Jet|p2a: Meowstic\n|-activate|p2a: Meowstic|move: Psychic Terrain\n|move|p2b: Hatterene|Dazzling Gleam|p1a: Chevalier|[spread] p1a,p1b\n|-damage|p1a: Chevalier|0 fnt\n|-damage|p1b: Emperor|3/100\n|faint|p1a: Chevalier\n|move|p1b: Emperor|Throat Chop|p2b: Hatterene\n|-damage|p2b: Hatterene|4/100\n|\n|-end|p2b: Hatterene|Throat Chop|[silent]\n|upkeep\n|\n|t:|1775954758\n|switch|p1a: Oracle|Sinistcha, L50|100/100\n|-heal|p1b: Emperor|28/100|[from] ability: Hospitality|[of] p1a: Oracle\n|turn|8\n|\n|t:|1775954766\n|move|p2b: Hatterene|Dazzling Gleam|p1a: Oracle|[spread] p1a,p1b\n|-damage|p1a: Oracle|71/100\n|-damage|p1b: Emperor|0 fnt\n|faint|p1b: Emperor\n|move|p1a: Oracle|Matcha Gotcha|p2a: Meowstic|[spread] p2a,p2b\n|-damage|p2a: Meowstic|0 fnt\n|-heal|p1a: Oracle|73/100|[from] drain|[of] p2a: Meowstic\n|-damage|p2b: Hatterene|0 fnt\n|-heal|p1a: Oracle|75/100|[from] drain|[of] p2b: Hatterene\n|faint|p2a: Meowstic\n|faint|p2b: Hatterene\n|\n|win|MxrVic\n|raw|MxrVic's rating: 1039 &rarr; <strong>1078</strong><br />(+39 for winning)\n|raw|SleepyPumpk1n's rating: 1088 &rarr; <strong>1062</strong><br />(-26 for losing)\n|c|\u2606MxrVic|te meo jo la perra\n|l|\u2606MxrVic\n|player|p1|\n|c|\u2606SleepyPumpk1n|damn you almost lost to mono psychic with this team, yikes\n",
  "uploadtime": 1775954774,
  "views": 11,
  "formatid": "gen9championsvgc2026regma",
  "rating": 1062,
  "private": 0,
  "password": null
}