{
  "id": "gen9championsvgc2026regma-2582633959",
  "format": "[Gen 9 Champions] VGC 2026 Reg M-A",
  "players": [
    "SimMikaze",
    "azumarillsky"
  ],
  "log": "|j|\u2606SimMikaze\n|j|\u2606azumarillsky\n|t:|1776103944\n|gametype|doubles\n|player|p1|SimMikaze|miku-ghost|1381\n|player|p2|azumarillsky|170|1494\n|gen|9\n|tier|[Gen 9 Champions] VGC 2026 Reg M-A\n|rated|\n|rule|Species Clause: Limit one of each Pok\u00e9mon\n|rule|Item Clause: Limit 1 of each item\n|clearpoke\n|poke|p1|Gardevoir, L50, F|\n|poke|p1|Incineroar, L50, M|\n|poke|p1|Rotom-Wash, L50|\n|poke|p1|Garchomp, L50, F|\n|poke|p1|Excadrill, L50, M|\n|poke|p1|Tyranitar, L50, M|\n|poke|p2|Lopunny, L50, M|\n|poke|p2|Kingambit, L50, F|\n|poke|p2|Kommo-o, L50, F|\n|poke|p2|Scizor, L50, F|\n|poke|p2|Pelipper, L50, F|\n|poke|p2|Primarina, L50, M|\n|teampreview|4\n|j| iliteratepineapple\n|inactive|Battle timer is ON: inactive players will automatically lose when time's up. (requested by azumarillsky)\n|\n|t:|1776103984\n|teamsize|p1|4\n|teamsize|p2|4\n|start\n|switch|p1a: Gardevoir|Gardevoir, L50, F, shiny|100/100\n|switch|p1b: Garchomp|Garchomp, L50, F|100/100\n|switch|p2a: Lopunny|Lopunny, L50, M|100/100\n|switch|p2b: Kommo-o|Kommo-o, L50, F|100/100\n|turn|1\n|j| CARtu348rjf90\n|inactive|SimMikaze has 30 seconds left.\n|inactive|azumarillsky has 30 seconds left.\n|\n|t:|1776104011\n|detailschange|p2a: Lopunny|Lopunny-Mega, L50, M\n|-mega|p2a: Lopunny|Lopunny|Lopunnite\n|move|p2a: Lopunny|Fake Out|p1a: Gardevoir\n|-damage|p1a: Gardevoir|76/100\n|move|p2b: Kommo-o|Clangorous Soul|p2b: Kommo-o\n|-boost|p2b: Kommo-o|atk|1\n|-boost|p2b: Kommo-o|def|1\n|-boost|p2b: Kommo-o|spa|1\n|-boost|p2b: Kommo-o|spd|1\n|-boost|p2b: Kommo-o|spe|1\n|-damage|p2b: Kommo-o|68/100\n|move|p1b: Garchomp|Earthquake|p2a: Lopunny|[spread] p2a,p2b\n|-activate|p1a: Gardevoir|ability: Telepathy\n|-damage|p2a: Lopunny|48/100\n|-damage|p2b: Kommo-o|38/100\n|-enditem|p2b: Kommo-o|Sitrus Berry|[eat]\n|-heal|p2b: Kommo-o|63/100|[from] item: Sitrus Berry\n|cant|p1a: Gardevoir|flinch\n|\n|upkeep\n|turn|2\n|inactive|SimMikaze has 30 seconds left.\n|inactive|azumarillsky has 30 seconds left.\n|inactive|SimMikaze has 20 seconds left.\n|\n|t:|1776104049\n|switch|p1a: Tyranitar|Tyranitar, L50, M|100/100\n|-weather|Sandstorm|[from] ability: Sand Stream|[of] p1a: Tyranitar\n|move|p1b: Garchomp|Protect|p1b: Garchomp\n|-singleturn|p1b: Garchomp|Protect\n|move|p2b: Kommo-o|Aura Sphere|p1a: Tyranitar\n|-supereffective|p1a: Tyranitar|2\n|-damage|p1a: Tyranitar|0 fnt\n|faint|p1a: Tyranitar\n|move|p2a: Lopunny|Close Combat|p1b: Garchomp\n|-activate|p1b: Garchomp|move: Protect\n|\n|-weather|Sandstorm|[upkeep]\n|-damage|p2b: Kommo-o|57/100|[from] Sandstorm\n|-damage|p2a: Lopunny|42/100|[from] Sandstorm\n|upkeep\n|\n|t:|1776104059\n|switch|p1a: Rotom|Rotom-Wash, L50|100/100\n|turn|3\n|j| oherrodersir\n|\n|t:|1776104080\n|move|p2b: Kommo-o|Clanging Scales|p1b: Garchomp|[spread] p1a,p1b\n|-supereffective|p1b: Garchomp|1\n|-damage|p1a: Rotom|33/100\n|-damage|p1b: Garchomp|4/100\n|-unboost|p2b: Kommo-o|def|1\n|move|p1a: Rotom|Electroweb|p2b: Kommo-o|[spread] p2b\n|-miss|p1a: Rotom|p2a: Lopunny\n|-resisted|p2b: Kommo-o|1\n|-damage|p2b: Kommo-o|50/100\n|-unboost|p2b: Kommo-o|spe|1\n|move|p2a: Lopunny|Close Combat|p1a: Rotom\n|-damage|p1a: Rotom|0 fnt\n|-unboost|p2a: Lopunny|def|1\n|-unboost|p2a: Lopunny|spd|1\n|faint|p1a: Rotom\n|move|p1b: Garchomp|Earthquake|p2a: Lopunny|[spread] p2a,p2b\n|-damage|p2a: Lopunny|0 fnt\n|-damage|p2b: Kommo-o|8/100\n|faint|p2a: Lopunny\n|\n|-weather|Sandstorm|[upkeep]\n|-damage|p2b: Kommo-o|2/100|[from] Sandstorm\n|upkeep\n|c|\u2606SimMikaze|ggs\n|\n|t:|1776104104\n|switch|p2a: Kingambit|Kingambit, L50, F|100/100\n|switch|p1a: Gardevoir|Gardevoir, L50, F, shiny|76/100\n|turn|4\n|c|\u2606SimMikaze|It's over\n|j| killapowa\n|c|\u2606SimMikaze|The miss was everything\n|inactive|SimMikaze has 30 seconds left.\n|\n|t:|1776104137\n|detailschange|p1a: Gardevoir|Gardevoir-Mega, L50, F, shiny\n|-mega|p1a: Gardevoir|Gardevoir|Gardevoirite\n|move|p1b: Garchomp|Protect|p1b: Garchomp\n|-singleturn|p1b: Garchomp|Protect\n|move|p2a: Kingambit|Sucker Punch|p1a: Gardevoir\n|-damage|p1a: Gardevoir|18/100\n|move|p2b: Kommo-o|Aura Sphere|p1b: Garchomp\n|-activate|p1b: Garchomp|move: Protect\n|move|p1a: Gardevoir|Hyper Voice|p2a: Kingambit|[spread] p2a\n|-immune|p2b: Kommo-o|[from] ability: Soundproof\n|-damage|p2a: Kingambit|51/100\n|\n|-weather|Sandstorm|[upkeep]\n|-damage|p2b: Kommo-o|0 fnt|[from] Sandstorm\n|-damage|p1a: Gardevoir|12/100|[from] Sandstorm\n|faint|p2b: Kommo-o\n|upkeep\n|\n|t:|1776104151\n|switch|p2b: Primarina|Primarina, L50, M|100/100\n|turn|5\n|inactive|SimMikaze has 30 seconds left.\n|inactive|SimMikaze has 20 seconds left.\n|j| zaneami\n|inactive|SimMikaze has 15 seconds left.\n|\n|t:|1776104193\n|move|p2b: Primarina|Aqua Jet|p1b: Garchomp|[miss]\n|-miss|p2b: Primarina|p1b: Garchomp\n|move|p2a: Kingambit|Sucker Punch|p1a: Gardevoir\n|-damage|p1a: Gardevoir|0 fnt\n|faint|p1a: Gardevoir\n|move|p1b: Garchomp|Stomping Tantrum|p2b: Primarina\n|-damage|p2b: Primarina|37/100\n|\n|-weather|Sandstorm|[upkeep]\n|-damage|p2b: Primarina|31/100|[from] Sandstorm\n|upkeep\n|turn|6\n|l| zaneami\n|j| Counteranomaly\n|\n|t:|1776104205\n|move|p2b: Primarina|Aqua Jet|p1b: Garchomp\n|-damage|p1b: Garchomp|0 fnt\n|faint|p1b: Garchomp\n|\n|win|azumarillsky\n|raw|SimMikaze's rating: 1381 &rarr; <strong>1367</strong><br />(-14 for losing)\n|raw|azumarillsky's rating: 1494 &rarr; <strong>1508</strong><br />(+14 for winning)\n",
  "uploadtime": 1776104210,
  "views": 25,
  "formatid": "gen9championsvgc2026regma",
  "rating": 1367,
  "private": 0,
  "password": null
}