{
  "id": "gen9championsvgc2026regma-2587637106",
  "format": "[Gen 9 Champions] VGC 2026 Reg M-A",
  "players": [
    "PabloApenass",
    "eason123"
  ],
  "log": "|j|\u2606PabloApenass\n|j|\u2606eason123\n|t:|1776549182\n|gametype|doubles\n|player|p1|PabloApenass|rosa|1058\n|player|p2|eason123|shadowtriad|1112\n|gen|9\n|tier|[Gen 9 Champions] VGC 2026 Reg M-A\n|rated|\n|rule|Species Clause: Limit one of each Pok\u00e9mon\n|rule|Item Clause: Limit 1 of each item\n|clearpoke\n|poke|p1|Froslass, L50, F|\n|poke|p1|Sneasler, L50, F|\n|poke|p1|Aerodactyl, L50, F|\n|poke|p1|Garchomp, L50, F|\n|poke|p1|Kingambit, L50, F|\n|poke|p1|Rotom-Wash, L50|\n|poke|p2|Incineroar, L50, F|\n|poke|p2|Froslass, L50, F|\n|poke|p2|Kingambit, L50, M|\n|poke|p2|Rotom-Frost, L50|\n|poke|p2|Sneasler, L50, F|\n|poke|p2|Milotic, L50, F|\n|teampreview|4\n|\n|t:|1776549213\n|teamsize|p1|4\n|teamsize|p2|4\n|start\n|switch|p1a: Sneasler|Sneasler, L50, F|100/100\n|switch|p1b: Rotom|Rotom-Wash, L50|100/100\n|switch|p2a: Sneasler|Sneasler, L50, F|100/100\n|switch|p2b: Rotom|Rotom-Frost, L50|100/100\n|turn|1\n|\n|t:|1776549233\n|move|p1a: Sneasler|Protect|p1a: Sneasler\n|-singleturn|p1a: Sneasler|Protect\n|move|p2a: Sneasler|Upper Hand||[still]\n|-fail|p2a: Sneasler\n|move|p2b: Rotom|Electroweb|p1b: Rotom|[spread] p1b\n|-activate|p1a: Sneasler|move: Protect\n|-damage|p1b: Rotom|79/100\n|-unboost|p1b: Rotom|spe|1\n|move|p1b: Rotom|Electroweb|p2a: Sneasler|[spread] p2a,p2b\n|-resisted|p2b: Rotom|1\n|-damage|p2a: Sneasler|71/100\n|-damage|p2b: Rotom|88/100\n|-unboost|p2a: Sneasler|spe|1\n|-unboost|p2b: Rotom|spe|1\n|-enditem|p2a: Sneasler|White Herb\n|-clearnegativeboost|p2a: Sneasler|[silent]\n|\n|upkeep\n|turn|2\n|\n|t:|1776549252\n|move|p2a: Sneasler|Rock Slide|p1a: Sneasler|[spread] p1a,p1b\n|-resisted|p1a: Sneasler|1\n|-damage|p1a: Sneasler|84/100\n|-damage|p1b: Rotom|52/100\n|move|p1a: Sneasler|Close Combat|p2b: Rotom\n|-supereffective|p2b: Rotom|1\n|-damage|p2b: Rotom|0 fnt\n|-unboost|p1a: Sneasler|def|1\n|-unboost|p1a: Sneasler|spd|1\n|faint|p2b: Rotom\n|-enditem|p1a: Sneasler|White Herb\n|-clearnegativeboost|p1a: Sneasler|[silent]\n|move|p1b: Rotom|Electroweb|p2a: Sneasler\n|-damage|p2a: Sneasler|34/100\n|-unboost|p2a: Sneasler|spe|1\n|\n|upkeep\n|\n|t:|1776549266\n|switch|p2b: Froslass|Froslass, L50, F|100/100\n|turn|3\n|\n|t:|1776549273\n|switch|p2a: Milotic|Milotic, L50, F|100/100\n|detailschange|p2b: Froslass|Froslass-Mega, L50, F\n|-mega|p2b: Froslass|Froslass|Froslassite\n|-weather|Snowscape|[from] ability: Snow Warning|[of] p2b: Froslass\n|move|p1a: Sneasler|Close Combat|p2b: Froslass\n|-immune|p2b: Froslass\n|move|p2b: Froslass|Aurora Veil|p2b: Froslass\n|-sidestart|p2: eason123|move: Aurora Veil\n|move|p1b: Rotom|Electroweb|p2a: Milotic|[spread] p2a\n|-miss|p1b: Rotom|p2b: Froslass\n|-supereffective|p2a: Milotic|1\n|-damage|p2a: Milotic|81/100\n|-unboost|p2a: Milotic|spe|1\n|-ability|p2a: Milotic|Competitive|boost\n|-boost|p2a: Milotic|spa|2\n|\n|-weather|Snowscape|[upkeep]\n|-heal|p2a: Milotic|87/100|[from] item: Leftovers\n|upkeep\n|turn|4\n|\n|t:|1776549288\n|move|p1a: Sneasler|Dire Claw|p2b: Froslass\n|-resisted|p2b: Froslass|1\n|-damage|p2b: Froslass|83/100\n|move|p2b: Froslass|Blizzard|p1b: Rotom|[spread] p1a,p1b\n|-resisted|p1b: Rotom|1\n|-damage|p1a: Sneasler|26/100\n|-damage|p1b: Rotom|23/100\n|-status|p1b: Rotom|frz\n|-curestatus|p1b: Rotom|frz|[msg]\n|move|p1b: Rotom|Electroweb|p2b: Froslass|[spread] p2a,p2b\n|-supereffective|p2a: Milotic|1\n|-damage|p2a: Milotic|65/100\n|-damage|p2b: Froslass|66/100\n|-unboost|p2a: Milotic|spe|1\n|-ability|p2a: Milotic|Competitive|boost\n|-boost|p2a: Milotic|spa|2\n|-unboost|p2b: Froslass|spe|1\n|move|p2a: Milotic|Blizzard|p1b: Rotom|[spread] p1a,p1b\n|-resisted|p1b: Rotom|1\n|-crit|p1b: Rotom\n|-damage|p1a: Sneasler|0 fnt\n|-damage|p1b: Rotom|0 fnt\n|faint|p1a: Sneasler\n|faint|p1b: Rotom\n|\n|-weather|Snowscape|[upkeep]\n|-heal|p2a: Milotic|71/100|[from] item: Leftovers\n|upkeep\n|\n|t:|1776549292\n|switch|p1a: Kingambit|Kingambit, L50, F|100/100\n|switch|p1b: Froslass|Froslass, L50, F|100/100\n|turn|5\n|\n|t:|1776549318\n|detailschange|p1b: Froslass|Froslass-Mega, L50, F\n|-mega|p1b: Froslass|Froslass|Froslassite\n|move|p2b: Froslass|Protect|p2b: Froslass\n|-singleturn|p2b: Froslass|Protect\n|move|p1a: Kingambit|Sucker Punch||[still]\n|-fail|p1a: Kingambit\n|move|p1b: Froslass|Shadow Ball|p2a: Milotic\n|-crit|p2a: Milotic\n|-damage|p2a: Milotic|16/100\n|-unboost|p2a: Milotic|spd|1\n|-ability|p2a: Milotic|Competitive|boost\n|-boost|p2a: Milotic|spa|2\n|move|p2a: Milotic|Scald|p1a: Kingambit\n|-damage|p1a: Kingambit|0 fnt\n|faint|p1a: Kingambit\n|\n|-weather|Snowscape|[upkeep]\n|-heal|p2a: Milotic|22/100|[from] item: Leftovers\n|upkeep\n|turn|6\n|\n|t:|1776549339\n|move|p1b: Froslass|Shadow Ball|p2b: Froslass\n|-supereffective|p2b: Froslass|1\n|-damage|p2b: Froslass|0 fnt\n|faint|p2b: Froslass\n|move|p2a: Milotic|Scald|p1b: Froslass\n|-damage|p1b: Froslass|0 fnt\n|faint|p1b: Froslass\n|\n|win|eason123\n|raw|PabloApenass's rating: 1058 &rarr; <strong>1042</strong><br />(-16 for losing)\n|raw|eason123's rating: 1112 &rarr; <strong>1133</strong><br />(+21 for winning)\n|l|\u2606PabloApenass\n|player|p1|\n",
  "uploadtime": 1776549348,
  "views": 16,
  "formatid": "gen9championsvgc2026regma",
  "rating": 1042,
  "private": 0,
  "password": null
}