{
  "id": "gen9championsvgc2026regma-2584610363",
  "format": "[Gen 9 Champions] VGC 2026 Reg M-A",
  "players": [
    "360Yes",
    "skywalkingchris"
  ],
  "log": "|j|\u2606360Yes\n|j|\u2606skywalkingchris\n|t:|1776271957\n|gametype|doubles\n|player|p1|360Yes|benga|1100\n|player|p2|skywalkingchris|2|1046\n|gen|9\n|tier|[Gen 9 Champions] VGC 2026 Reg M-A\n|rated|\n|rule|Species Clause: Limit one of each Pok\u00e9mon\n|rule|Item Clause: Limit 1 of each item\n|clearpoke\n|poke|p1|Floette-Eternal, L50, F|\n|poke|p1|Maushold-Four, L50|\n|poke|p1|Aerodactyl, L50, M|\n|poke|p1|Incineroar, L50, F|\n|poke|p1|Dragapult, L50, F|\n|poke|p1|Orthworm, L50, F|\n|poke|p2|Kingambit, L50, F|\n|poke|p2|Heracross, L50, F|\n|poke|p2|Sableye, L50, M|\n|poke|p2|Pangoro, L50, M|\n|poke|p2|Farigiraf, L50, F|\n|poke|p2|Rotom-Wash, L50|\n|teampreview|4\n|inactive|Battle timer is ON: inactive players will automatically lose when time's up. (requested by 360Yes)\n|\n|t:|1776271985\n|teamsize|p1|4\n|teamsize|p2|4\n|start\n|switch|p1a: Floette|Floette-Eternal, L50, F|100/100\n|switch|p1b: Aerodactyl|Aerodactyl, L50, M, shiny|100/100\n|switch|p2a: Sableye|Sableye, L50, M|100/100\n|switch|p2b: Kingambit|Kingambit, L50, F|100/100\n|-ability|p1b: Aerodactyl|Unnerve\n|turn|1\n|\n|t:|1776272003\n|detailschange|p1a: Floette|Floette-Mega, L50, F\n|-mega|p1a: Floette|Floette|Floettite\n|-ability|p1a: Floette|Fairy Aura\n|move|p2a: Sableye|Fake Out|p1b: Aerodactyl\n|-resisted|p1b: Aerodactyl|1\n|-damage|p1b: Aerodactyl|95/100\n|cant|p1b: Aerodactyl|flinch\n|move|p1a: Floette|Dazzling Gleam|p2b: Kingambit|[spread] p2a,p2b\n|-supereffective|p2a: Sableye|1\n|-crit|p2b: Kingambit\n|-damage|p2a: Sableye|4/100\n|-damage|p2b: Kingambit|38/100\n|move|p2b: Kingambit|Iron Head|p1a: Floette\n|-supereffective|p1a: Floette|1\n|-damage|p1a: Floette|0 fnt\n|faint|p1a: Floette\n|\n|-heal|p2a: Sableye|9/100|[from] item: Leftovers\n|upkeep\n|\n|t:|1776272022\n|switch|p1a: Incineroar|Incineroar, L50, F|100/100\n|-ability|p1a: Incineroar|Intimidate|boost\n|-unboost|p2a: Sableye|atk|1\n|-unboost|p2b: Kingambit|atk|1\n|-ability|p2b: Kingambit|Defiant|boost\n|-boost|p2b: Kingambit|atk|2\n|turn|2\n|\n|t:|1776272045\n|switch|p2a: Rotom|Rotom-Wash, L50|100/100\n|move|p2b: Kingambit|Protect|p2b: Kingambit\n|-singleturn|p2b: Kingambit|Protect\n|move|p1b: Aerodactyl|Rock Slide|p2b: Kingambit|[spread] p2a\n|-activate|p2b: Kingambit|move: Protect\n|-damage|p2a: Rotom|75/100\n|move|p1a: Incineroar|Flare Blitz|p2b: Kingambit\n|-activate|p2b: Kingambit|move: Protect\n|\n|upkeep\n|turn|3\n|inactive|360Yes has 30 seconds left.\n|\n|t:|1776272080\n|move|p2a: Rotom|Electroweb|p1a: Incineroar|[spread] p1a\n|-miss|p2a: Rotom|p1b: Aerodactyl\n|-damage|p1a: Incineroar|86/100\n|-unboost|p1a: Incineroar|spe|1\n|move|p1b: Aerodactyl|Rock Slide|p2b: Kingambit|[spread] p2b\n|-miss|p1b: Aerodactyl|p2a: Rotom\n|-resisted|p2b: Kingambit|1\n|-damage|p2b: Kingambit|29/100\n|cant|p2b: Kingambit|flinch\n|move|p1a: Incineroar|Flare Blitz|p2b: Kingambit\n|-supereffective|p2b: Kingambit|1\n|-damage|p2b: Kingambit|0 fnt\n|faint|p2b: Kingambit\n|-damage|p1a: Incineroar|77/100|[from] Recoil\n|\n|upkeep\n|c|\u2606skywalkingchris|wow\n|\n|t:|1776272103\n|switch|p2b: Sableye|Sableye, L50, M|9/100\n|turn|4\n|\n|t:|1776272121\n|move|p1b: Aerodactyl|Protect|p1b: Aerodactyl\n|-singleturn|p1b: Aerodactyl|Protect\n|move|p2b: Sableye|Disable|p1b: Aerodactyl\n|-activate|p1b: Aerodactyl|move: Protect\n|move|p2a: Rotom|Electroweb|p1b: Aerodactyl|[spread] p1a\n|-activate|p1b: Aerodactyl|move: Protect\n|-damage|p1a: Incineroar|64/100\n|-unboost|p1a: Incineroar|spe|1\n|move|p1a: Incineroar|Parting Shot|p2a: Rotom\n|-unboost|p2a: Rotom|atk|1\n|-unboost|p2a: Rotom|spa|1\n|\n|t:|1776272135\n|switch|p1a: Orthworm|Orthworm, L50, F, shiny|100/100|[from] Parting Shot\n|\n|-heal|p2b: Sableye|15/100|[from] item: Leftovers\n|upkeep\n|turn|5\n|inactive|360Yes has 30 seconds left.\n|inactive|360Yes has 20 seconds left.\n|\n|t:|1776272172\n|switch|p2a: Heracross|Heracross, L50, F|100/100\n|switch|p1b: Incineroar|Incineroar, L50, F|64/100\n|-ability|p1b: Incineroar|Intimidate|boost\n|-unboost|p2a: Heracross|atk|1\n|-unboost|p2b: Sableye|atk|1\n|move|p2b: Sableye|Encore|p1b: Incineroar\n|-hint|Since gen 7, Dark is immune to Prankster moves.\n|-immune|p1b: Incineroar\n|move|p1a: Orthworm|High Horsepower|p2b: Sableye\n|-crit|p2b: Sableye\n|-damage|p2b: Sableye|0 fnt\n|faint|p2b: Sableye\n|\n|upkeep\n|\n|t:|1776272183\n|switch|p2b: Rotom|Rotom-Wash, L50|75/100\n|turn|6\n|inactive|360Yes has 30 seconds left.\n|\n|t:|1776272215\n|detailschange|p2a: Heracross|Heracross-Mega, L50, F\n|-mega|p2a: Heracross|Heracross|Heracronite\n|move|p2b: Rotom|Hydro Pump|p1b: Incineroar\n|-supereffective|p1b: Incineroar|1\n|-damage|p1b: Incineroar|0 fnt\n|faint|p1b: Incineroar\n|move|p2a: Heracross|Close Combat|p1a: Orthworm\n|-supereffective|p1a: Orthworm|1\n|-damage|p1a: Orthworm|18/100\n|-unboost|p2a: Heracross|def|1\n|-unboost|p2a: Heracross|spd|1\n|move|p1a: Orthworm|Shed Tail|p1a: Orthworm\n|-fail|p1a: Orthworm|move: Shed Tail|[weak]\n|\n|-heal|p1a: Orthworm|24/100|[from] item: Leftovers\n|upkeep\n|\n|t:|1776272218\n|switch|p1b: Aerodactyl|Aerodactyl, L50, M, shiny|95/100\n|-ability|p1b: Aerodactyl|Unnerve\n|turn|7\n|\n|t:|1776272238\n|move|p2b: Rotom|Hydro Pump|p1b: Aerodactyl|[miss]\n|-miss|p2b: Rotom|p1b: Aerodactyl\n|move|p1b: Aerodactyl|Dual Wingbeat|p2a: Heracross\n|-supereffective|p2a: Heracross|2\n|-damage|p2a: Heracross|0 fnt\n|faint|p2a: Heracross\n|-hitcount|p2: Heracross|1\n|move|p1a: Orthworm|Iron Head|p2b: Rotom\n|-resisted|p2b: Rotom|2\n|-damage|p2b: Rotom|69/100\n|\n|-heal|p1a: Orthworm|30/100|[from] item: Leftovers\n|upkeep\n|turn|8\n|\n|t:|1776272252\n|move|p1b: Aerodactyl|Protect|p1b: Aerodactyl\n|-singleturn|p1b: Aerodactyl|Protect\n|move|p2b: Rotom|Hydro Pump|p1b: Aerodactyl\n|-activate|p1b: Aerodactyl|move: Protect\n|move|p1a: Orthworm|Iron Head|p2b: Rotom\n|-resisted|p2b: Rotom|2\n|-damage|p2b: Rotom|62/100\n|\n|-heal|p1a: Orthworm|35/100|[from] item: Leftovers\n|upkeep\n|turn|9\n|\n|t:|1776272273\n|move|p2b: Rotom|Hydro Pump|p1b: Aerodactyl\n|-supereffective|p1b: Aerodactyl|1\n|-damage|p1b: Aerodactyl|0 fnt\n|faint|p1b: Aerodactyl\n|move|p1a: Orthworm|Iron Head|p2b: Rotom\n|-resisted|p2b: Rotom|2\n|-damage|p2b: Rotom|55/100\n|\n|-heal|p1a: Orthworm|41/100|[from] item: Leftovers\n|upkeep\n|turn|10\n|\n|t:|1776272281\n|move|p1a: Orthworm|Protect|p1a: Orthworm\n|-singleturn|p1a: Orthworm|Protect\n|move|p2b: Rotom|Hydro Pump|p1a: Orthworm\n|-activate|p1a: Orthworm|move: Protect\n|\n|-heal|p1a: Orthworm|47/100|[from] item: Leftovers\n|upkeep\n|turn|11\n|c|\u2606skywalkingchris|cool\n|-message|360Yes forfeited.\n|\n|win|skywalkingchris\n|raw|360Yes's rating: 1100 &rarr; <strong>1071</strong><br />(-29 for losing)\n|raw|skywalkingchris's rating: 1046 &rarr; <strong>1084</strong><br />(+38 for winning)\n|l|\u2606360Yes\n|player|p1|\n",
  "uploadtime": 1776272335,
  "views": 22,
  "formatid": "gen9championsvgc2026regma",
  "rating": 1071,
  "private": 0,
  "password": null
}