{
  "id": "gen9championsvgc2026regma-2586795064",
  "format": "[Gen 9 Champions] VGC 2026 Reg M-A",
  "players": [
    "Mowfus",
    "NathanaelW19"
  ],
  "log": "|j|\u2606Mowfus\n|j|\u2606NathanaelW19\n|t:|1776460499\n|gametype|doubles\n|player|p1|Mowfus|266|1063\n|player|p2|NathanaelW19|dragontamer|1075\n|gen|9\n|tier|[Gen 9 Champions] VGC 2026 Reg M-A\n|rated|\n|rule|Species Clause: Limit one of each Pok\u00e9mon\n|rule|Item Clause: Limit 1 of each item\n|clearpoke\n|poke|p1|Gardevoir, L50, F|\n|poke|p1|Milotic, L50, F|\n|poke|p1|Sinistcha, L50|\n|poke|p1|Toxapex, L50, F|\n|poke|p1|Volcarona, L50, F|\n|poke|p1|Gengar, L50, F|\n|poke|p2|Medicham, L50, F|\n|poke|p2|Banette, L50, F|\n|poke|p2|Ninetales-Alola, L50, F|\n|poke|p2|Arcanine-Hisui, L50, M|\n|poke|p2|Rotom-Frost, L50|\n|poke|p2|Kommo-o, L50, F|\n|teampreview|4\n|inactive|Battle timer is ON: inactive players will automatically lose when time's up. (requested by NathanaelW19)\n|\n|t:|1776460520\n|teamsize|p1|4\n|teamsize|p2|4\n|start\n|switch|p1a: Milotic|Milotic, L50, F|100/100\n|switch|p1b: Toxapex|Toxapex, L50, F|100/100\n|switch|p2a: Medicham|Medicham, L50, F, shiny|100/100\n|switch|p2b: Banette|Banette, L50, F, shiny|100/100\n|-item|p1a: Milotic|Leftovers|[from] ability: Frisk|[of] p2b: Banette\n|-item|p1b: Toxapex|Mental Herb|[from] ability: Frisk|[of] p2b: Banette\n|turn|1\n|\n|t:|1776460542\n|detailschange|p2b: Banette|Banette-Mega, L50, F, shiny\n|-mega|p2b: Banette|Banette|Banettite\n|move|p2a: Medicham|Fake Out|p1a: Milotic\n|-damage|p1a: Milotic|80/100\n|move|p2b: Banette|Skill Swap|p2a: Medicham\n|-activate|p2b: Banette|Skill Swap|||[of] p2a: Medicham\n|cant|p1a: Milotic|flinch\n|move|p1b: Toxapex|Toxic Spikes|p2b: Banette\n|-sidestart|p2: NathanaelW19|move: Toxic Spikes\n|\n|-heal|p1a: Milotic|87/100|[from] item: Leftovers\n|upkeep\n|turn|2\n|inactive|Mowfus has 30 seconds left.\n|\n|t:|1776460573\n|move|p2a: Medicham|Coaching|p2b: Banette\n|-boost|p2b: Banette|atk|1\n|-boost|p2b: Banette|def|1\n|move|p2b: Banette|Shadow Sneak|p1a: Milotic\n|-damage|p1a: Milotic|0 fnt\n|faint|p1a: Milotic\n|move|p1b: Toxapex|Hex|p2b: Banette\n|-supereffective|p2b: Banette|1\n|-crit|p2b: Banette\n|-damage|p2b: Banette|49/100\n|\n|upkeep\n|\n|t:|1776460583\n|switch|p1a: Volcarona|Volcarona, L50, F|100/100\n|turn|3\n|\n|t:|1776460593\n|move|p2a: Medicham|Coaching|p2b: Banette\n|-boost|p2b: Banette|atk|1\n|-boost|p2b: Banette|def|1\n|move|p2b: Banette|Shadow Sneak|p1b: Toxapex\n|-crit|p1b: Toxapex\n|-damage|p1b: Toxapex|0 fnt\n|faint|p1b: Toxapex\n|move|p1a: Volcarona|Heat Wave|p2a: Medicham|[spread] p2a,p2b\n|-damage|p2a: Medicham|30/100\n|-damage|p2b: Banette|1/100\n|\n|upkeep\n|\n|t:|1776460602\n|switch|p1b: Gardevoir|Gardevoir, L50, F|100/100\n|-ability|p1b: Gardevoir|Prankster|Trace|[from] ability: Trace|[of] p2a: Medicham\n|turn|4\n|\n|t:|1776460619\n|move|p1b: Gardevoir|Protect|p1b: Gardevoir\n|-singleturn|p1b: Gardevoir|Protect\n|move|p2b: Banette|Shadow Sneak|p1a: Volcarona\n|-enditem|p1a: Volcarona|Focus Sash\n|-damage|p1a: Volcarona|1/100\n|move|p1a: Volcarona|Heat Wave|p2a: Medicham|[spread] p2a,p2b\n|-damage|p2a: Medicham|0 fnt\n|-damage|p2b: Banette|0 fnt\n|faint|p2a: Medicham\n|faint|p2b: Banette\n|\n|upkeep\n|\n|t:|1776460624\n|switch|p2a: Arcanine|Arcanine-Hisui, L50, M|100/100\n|switch|p2b: Kommo-o|Kommo-o, L50, F|100/100\n|-status|p2a: Arcanine|psn\n|-ability|p2a: Arcanine|Intimidate|boost\n|-unboost|p1a: Volcarona|atk|1\n|-unboost|p1b: Gardevoir|atk|1\n|-status|p2b: Kommo-o|psn\n|turn|5\n|inactive|Mowfus has 30 seconds left.\n|inactive|Mowfus has 20 seconds left.\n|\n|t:|1776460661\n|detailschange|p1b: Gardevoir|Gardevoir-Mega, L50, F\n|-mega|p1b: Gardevoir|Gardevoir|Gardevoirite\n|move|p1a: Volcarona|Protect|p1a: Volcarona\n|-singleturn|p1a: Volcarona|Protect\n|move|p2b: Kommo-o|Vacuum Wave|p1a: Volcarona\n|-activate|p1a: Volcarona|move: Protect\n|move|p2a: Arcanine|Flare Blitz|p1b: Gardevoir\n|-damage|p1b: Gardevoir|16/100\n|-damage|p2a: Arcanine|73/100 psn|[from] Recoil\n|move|p1b: Gardevoir|Hyper Voice|p2b: Kommo-o|[spread] p2a\n|-immune|p2b: Kommo-o|[from] ability: Soundproof\n|-resisted|p2a: Arcanine|1\n|-damage|p2a: Arcanine|42/100 psn\n|\n|-damage|p2a: Arcanine|29/100 psn|[from] psn\n|-damage|p2b: Kommo-o|88/100 psn|[from] psn\n|upkeep\n|turn|6\n|inactive|Mowfus has 30 seconds left.\n|\n|t:|1776460687\n|move|p2b: Kommo-o|Vacuum Wave|p1a: Volcarona\n|-resisted|p1a: Volcarona|1\n|-damage|p1a: Volcarona|0 fnt\n|faint|p1a: Volcarona\n|move|p2a: Arcanine|Flare Blitz|p1b: Gardevoir\n|-damage|p1b: Gardevoir|0 fnt\n|faint|p1b: Gardevoir\n|-damage|p2a: Arcanine|25/100 psn|[from] Recoil\n|\n|win|NathanaelW19\n|raw|Mowfus's rating: 1063 &rarr; <strong>1044</strong><br />(-19 for losing)\n|raw|NathanaelW19's rating: 1075 &rarr; <strong>1103</strong><br />(+28 for winning)\n|l|\u2606Mowfus\n|player|p1|\n",
  "uploadtime": 1776460701,
  "views": 18,
  "formatid": "gen9championsvgc2026regma",
  "rating": 1044,
  "private": 0,
  "password": null
}