{
  "id": "gen9championsvgc2026regma-2580413320",
  "format": "[Gen 9 Champions] VGC 2026 Reg M-A",
  "players": [
    "Soro7",
    "hotdominicandad"
  ],
  "log": "|j|\u2606Soro7\n|j|\u2606hotdominicandad\n|t:|1775892747\n|gametype|doubles\n|player|p1|Soro7|n|1040\n|player|p2|hotdominicandad|1|1000\n|gen|9\n|tier|[Gen 9 Champions] VGC 2026 Reg M-A\n|rated|\n|rule|Species Clause: Limit one of each Pok\u00e9mon\n|rule|Item Clause: Limit 1 of each item\n|clearpoke\n|poke|p1|Hawlucha, L50, F|\n|poke|p1|Kingambit, L50, F|\n|poke|p1|Incineroar, L50, F|\n|poke|p1|Whimsicott, L50, M|\n|poke|p1|Froslass, L50, F|\n|poke|p1|Garchomp, L50, F|\n|poke|p2|Whimsicott, L50, M|\n|poke|p2|Charizard, L50, F|\n|poke|p2|Sneasler, L50, M|\n|poke|p2|Garchomp, L50, M|\n|poke|p2|Kingambit, L50, F|\n|poke|p2|Farigiraf, L50, F|\n|teampreview|4\n|\n|t:|1775892786\n|teamsize|p1|4\n|teamsize|p2|4\n|start\n|switch|p1a: Whimsicott|Whimsicott, L50, M|100/100\n|switch|p1b: Garchomp|Garchomp, L50, F|100/100\n|switch|p2a: Sneasler|Sneasler, L50, M|100/100\n|switch|p2b: Whimsicott|Whimsicott, L50, M|100/100\n|turn|1\n|inactive|Battle timer is ON: inactive players will automatically lose when time's up. (requested by Soro7)\n|\n|t:|1775892813\n|move|p1a: Whimsicott|Tailwind|p1a: Whimsicott\n|-sidestart|p1: Soro7|move: Tailwind\n|move|p2b: Whimsicott|Tailwind|p2b: Whimsicott\n|-sidestart|p2: hotdominicandad|move: Tailwind\n|move|p2a: Sneasler|Dire Claw|p1a: Whimsicott\n|-supereffective|p1a: Whimsicott|2\n|-enditem|p1a: Whimsicott|Focus Sash\n|-damage|p1a: Whimsicott|1/100\n|move|p1b: Garchomp|Earthquake|p2a: Sneasler|[spread] p1a,p2a,p2b\n|-resisted|p1a: Whimsicott|1\n|-supereffective|p2a: Sneasler|1\n|-resisted|p2b: Whimsicott|1\n|-damage|p1a: Whimsicott|0 fnt\n|-damage|p2a: Sneasler|0 fnt\n|-damage|p2b: Whimsicott|64/100\n|faint|p1a: Whimsicott\n|faint|p2a: Sneasler\n|\n|upkeep\n|inactive|hotdominicandad has 30 seconds left.\n|inactive|hotdominicandad has 20 seconds left.\n|inactive|hotdominicandad has 15 seconds left.\n|inactive|hotdominicandad has 10 seconds left.\n|\n|t:|1775892858\n|switch|p1a: Hawlucha|Hawlucha, L50, F|100/100\n|switch|p2a: Kingambit|Kingambit, L50, F|100/100\n|turn|2\n|inactive|hotdominicandad has 30 seconds left.\n|\n|t:|1775892893\n|detailschange|p1a: Hawlucha|Hawlucha-Mega, L50, F\n|-mega|p1a: Hawlucha|Hawlucha|Hawluchanite\n|move|p1a: Hawlucha|Protect|p1a: Hawlucha\n|-singleturn|p1a: Hawlucha|Protect\n|move|p2b: Whimsicott|Moonblast|p1b: Garchomp\n|-supereffective|p1b: Garchomp|1\n|-damage|p1b: Garchomp|27/100\n|move|p1b: Garchomp|Earthquake|p2b: Whimsicott|[spread] p2a,p2b\n|-activate|p1a: Hawlucha|move: Protect\n|-supereffective|p2a: Kingambit|1\n|-resisted|p2b: Whimsicott|1\n|-damage|p2a: Kingambit|27/100\n|-damage|p2b: Whimsicott|29/100\n|move|p2a: Kingambit|Kowtow Cleave|p1b: Garchomp\n|-damage|p1b: Garchomp|0 fnt\n|-damage|p2a: Kingambit|15/100|[from] ability: Rough Skin|[of] p1b: Garchomp\n|faint|p1b: Garchomp\n|\n|upkeep\n|\n|t:|1775892909\n|switch|p1b: Kingambit|Kingambit, L50, F|100/100\n|turn|3\n|inactive|hotdominicandad has 30 seconds left.\n|\n|t:|1775892935\n|move|p2a: Kingambit|Protect|p2a: Kingambit\n|-singleturn|p2a: Kingambit|Protect\n|move|p1b: Kingambit|Sucker Punch||[still]\n|-fail|p1b: Kingambit\n|move|p1a: Hawlucha|Stone Edge|p2b: Whimsicott\n|-damage|p2b: Whimsicott|0 fnt\n|faint|p2b: Whimsicott\n|\n|upkeep\n|\n|t:|1775892937\n|switch|p2b: Farigiraf|Farigiraf, L50, F|100/100\n|turn|4\n|\n|t:|1775892966\n|move|p2b: Farigiraf|Helping Hand|p2a: Kingambit\n|-singleturn|p2a: Kingambit|Helping Hand|[of] p2b: Farigiraf\n|move|p1a: Hawlucha|High Jump Kick|p2a: Kingambit\n|-supereffective|p2a: Kingambit|2\n|-damage|p2a: Kingambit|0 fnt\n|faint|p2a: Kingambit\n|move|p1b: Kingambit|Kowtow Cleave|p2b: Farigiraf\n|-supereffective|p2b: Farigiraf|1\n|-damage|p2b: Farigiraf|3/100\n|-enditem|p2b: Farigiraf|Sitrus Berry|[eat]\n|-heal|p2b: Farigiraf|27/100|[from] item: Sitrus Berry\n|\n|-sideend|p1: Soro7|move: Tailwind\n|-sideend|p2: hotdominicandad|move: Tailwind\n|upkeep\n|turn|5\n|-message|hotdominicandad forfeited.\n|\n|win|Soro7\n|raw|Soro7's rating: 1040 &rarr; <strong>1070</strong><br />(+30 for winning)\n|raw|hotdominicandad's rating: 1000 &rarr; <strong>1000</strong><br />(+0 for losing)\n|l|\u2606hotdominicandad\n|player|p2|\n",
  "uploadtime": 1775892999,
  "views": 12,
  "formatid": "gen9championsvgc2026regma",
  "rating": 1000,
  "private": 0,
  "password": null
}