{
  "id": "gen9championsvgc2026regma-2584453732",
  "format": "[Gen 9 Champions] VGC 2026 Reg M-A",
  "players": [
    "Staryu Shuriken",
    "Biff6"
  ],
  "log": "|j|\u2606Staryu Shuriken\n|j|\u2606Biff6\n|t:|1776261949\n|gametype|doubles\n|player|p1|Staryu Shuriken|worker|1194\n|player|p2|Biff6|backpacker|1157\n|gen|9\n|tier|[Gen 9 Champions] VGC 2026 Reg M-A\n|rated|\n|rule|Species Clause: Limit one of each Pok\u00e9mon\n|rule|Item Clause: Limit 1 of each item\n|clearpoke\n|poke|p1|Maushold, L50|\n|poke|p1|Gyarados, L50, M|\n|poke|p1|Sneasler, L50, F|\n|poke|p1|Whimsicott, L50, M|\n|poke|p1|Garchomp, L50, M|\n|poke|p1|Chandelure, L50, M|\n|poke|p2|Sandaconda, L50, F|\n|poke|p2|Delphox, L50, M|\n|poke|p2|Whimsicott, L50, F|\n|poke|p2|Basculegion, L50, M|\n|poke|p2|Kingambit, L50, M|\n|poke|p2|Sneasler, L50, M|\n|teampreview|4\n|inactive|Battle timer is ON: inactive players will automatically lose when time's up. (requested by Biff6)\nBiff6 rejected open team sheets.\n|\n|t:|1776261976\n|teamsize|p1|4\n|teamsize|p2|4\n|start\n|switch|p1a: Sneasler|Sneasler, L50, F|100/100\n|switch|p1b: Chandelure|Chandelure, L50, M|100/100\n|switch|p2a: Fimose|Sandaconda, L50, F|100/100\n|switch|p2b: Garfo|Sneasler, L50, M|100/100\n|turn|1\n|\n|t:|1776261996\n|detailschange|p1b: Chandelure|Chandelure-Mega, L50, M\n|-mega|p1b: Chandelure|Chandelure|Chandelurite\n|move|p1a: Sneasler|Fake Out|p2a: Fimose\n|-damage|p2a: Fimose|92/100\n|-weather|Sandstorm|[from] ability: Sand Spit|[of] p2a: Fimose\n|move|p2b: Garfo|Upper Hand||[still]\n|-fail|p2b: Garfo\n|move|p1b: Chandelure|Heat Wave|p2b: Garfo|[spread] p2a,p2b\n|-damage|p2a: Fimose|36/100\n|-damage|p2b: Garfo|43/100\n|cant|p2a: Fimose|flinch\n|\n|-weather|Sandstorm|[upkeep]\n|-damage|p2b: Garfo|37/100|[from] Sandstorm\n|-damage|p1a: Sneasler|95/100|[from] Sandstorm\n|-damage|p1b: Chandelure|94/100|[from] Sandstorm\n|-heal|p2a: Fimose|42/100|[from] item: Leftovers\n|upkeep\n|turn|2\n|inactive|Staryu Shuriken has 30 seconds left.\n|inactive|Biff6 has 30 seconds left.\n|inactive|Staryu Shuriken has 20 seconds left.\n|\n|t:|1776262032\n|move|p1a: Sneasler|Protect|p1a: Sneasler\n|-singleturn|p1a: Sneasler|Protect\n|move|p2b: Garfo|Dire Claw|p1b: Chandelure\n|-resisted|p1b: Chandelure|1\n|-crit|p1b: Chandelure\n|-damage|p1b: Chandelure|64/100\n|move|p1b: Chandelure|Shadow Ball|p2a: Fimose\n|-damage|p2a: Fimose|0 fnt\n|faint|p2a: Fimose\n|\n|-weather|Sandstorm|[upkeep]\n|-damage|p2b: Garfo|31/100|[from] Sandstorm\n|-damage|p1a: Sneasler|89/100|[from] Sandstorm\n|-damage|p1b: Chandelure|57/100|[from] Sandstorm\n|upkeep\n|\n|t:|1776262048\n|switch|p2a: Jantar|Basculegion, L50, M|100/100\n|turn|3\n|\n|t:|1776262064\n|switch|p1b: Maushold|Maushold, L50|100/100\n|move|p2a: Jantar|Last Respects|p1b: Maushold\n|-immune|p1b: Maushold\n|move|p2b: Garfo|Close Combat|p1a: Sneasler\n|-resisted|p1a: Sneasler|1\n|-crit|p1a: Sneasler\n|-damage|p1a: Sneasler|32/100\n|-unboost|p2b: Garfo|def|1\n|-unboost|p2b: Garfo|spd|1\n|move|p1a: Sneasler|Close Combat|p2b: Garfo\n|-resisted|p2b: Garfo|1\n|-damage|p2b: Garfo|0 fnt\n|-unboost|p1a: Sneasler|def|1\n|-unboost|p1a: Sneasler|spd|1\n|faint|p2b: Garfo\n|-enditem|p1a: Sneasler|White Herb\n|-clearnegativeboost|p1a: Sneasler|[silent]\n|\n|-weather|Sandstorm|[upkeep]\n|-damage|p1a: Sneasler|27/100|[from] Sandstorm\n|-damage|p2a: Jantar|94/100|[from] Sandstorm\n|-damage|p1b: Maushold|94/100|[from] Sandstorm\n|upkeep\n|\n|t:|1776262087\n|switch|p2b: Fog\u00e3o|Delphox, L50, M|100/100\n|turn|4\n|\n|t:|1776262105\n|detailschange|p2b: Fog\u00e3o|Delphox-Mega, L50, M\n|-mega|p2b: Fog\u00e3o|Delphox|Delphoxite\n|move|p1b: Maushold|Protect|p1b: Maushold\n|-singleturn|p1b: Maushold|Protect\n|move|p1a: Sneasler|Dire Claw|p2b: Fog\u00e3o\n|-damage|p2b: Fog\u00e3o|39/100\n|-status|p2b: Fog\u00e3o|par\n|move|p2a: Jantar|Last Respects|p1a: Sneasler\n|-damage|p1a: Sneasler|0 fnt\n|faint|p1a: Sneasler\n|cant|p2b: Fog\u00e3o|par\n|\n|-weather|Sandstorm|[upkeep]\n|-damage|p2a: Jantar|88/100|[from] Sandstorm\n|-damage|p1b: Maushold|88/100|[from] Sandstorm\n|-damage|p2b: Fog\u00e3o|33/100 par|[from] Sandstorm\n|upkeep\n|\n|t:|1776262121\n|switch|p1a: Chandelure|Chandelure-Mega, L50, M|57/100\n|turn|5\n|\n|t:|1776262136\n|move|p1b: Maushold|Follow Me|p1b: Maushold\n|-singleturn|p1b: Maushold|move: Follow Me\n|move|p2a: Jantar|Last Respects|p1b: Maushold\n|-immune|p1b: Maushold\n|move|p1a: Chandelure|Shadow Ball|p2b: Fog\u00e3o\n|-supereffective|p2b: Fog\u00e3o|1\n|-damage|p2b: Fog\u00e3o|0 fnt\n|faint|p2b: Fog\u00e3o\n|\n|-weather|none\n|upkeep\n|turn|6\n|\n|t:|1776262148\n|move|p1b: Maushold|Follow Me|p1b: Maushold\n|-singleturn|p1b: Maushold|move: Follow Me\n|move|p2a: Jantar|Last Respects|p1b: Maushold\n|-immune|p1b: Maushold\n|move|p1a: Chandelure|Shadow Ball|p2a: Jantar\n|-supereffective|p2a: Jantar|1\n|-damage|p2a: Jantar|0 fnt\n|faint|p2a: Jantar\n|\n|win|Staryu Shuriken\n|raw|Staryu Shuriken's rating: 1194 &rarr; <strong>1216</strong><br />(+22 for winning)\n|raw|Biff6's rating: 1157 &rarr; <strong>1135</strong><br />(-22 for losing)\n",
  "uploadtime": 1776262159,
  "views": 32,
  "formatid": "gen9championsvgc2026regma",
  "rating": 1135,
  "private": 0,
  "password": null
}