{
  "id": "gen9championsvgc2026regma-2582197859",
  "format": "[Gen 9 Champions] VGC 2026 Reg M-A",
  "players": [
    "FallenTable",
    "maku8319"
  ],
  "log": "|j|\u2606FallenTable\n|j|\u2606maku8319\n|t:|1776070211\n|gametype|doubles\n|player|p1|FallenTable|pokekid|1119\n|player|p2|maku8319|red|1081\n|gen|9\n|tier|[Gen 9 Champions] VGC 2026 Reg M-A\n|rated|\n|rule|Species Clause: Limit one of each Pok\u00e9mon\n|rule|Item Clause: Limit 1 of each item\n|clearpoke\n|poke|p1|Floette-Eternal, L50, F|\n|poke|p1|Maushold-Four, L50|\n|poke|p1|Talonflame, L50, M|\n|poke|p1|Garchomp, L50, F|\n|poke|p1|Rotom-Wash, L50|\n|poke|p1|Aegislash, L50, M|\n|poke|p2|Corviknight, L50, F|\n|poke|p2|Raichu, L50, F|\n|poke|p2|Delphox, L50, F|\n|poke|p2|Garchomp, L50, F|\n|poke|p2|Sinistcha, L50|\n|poke|p2|Primarina, L50, M|\n|teampreview|4\n|inactive|Battle timer is ON: inactive players will automatically lose when time's up. (requested by FallenTable)\nFallenTable rejected open team sheets.\n|\n|t:|1776070283\n|teamsize|p1|4\n|teamsize|p2|4\n|start\n|switch|p1a: Floette|Floette-Eternal, L50, F|100/100\n|switch|p1b: Maushold|Maushold-Four, L50|100/100\n|switch|p2a: Garchomp|Garchomp, L50, F|100/100\n|switch|p2b: Delphox|Delphox, L50, F|100/100\n|turn|1\n|inactive|FallenTable has 30 seconds left.\n|\n|t:|1776070315\n|detailschange|p2b: Delphox|Delphox-Mega, L50, F\n|-mega|p2b: Delphox|Delphox|Delphoxite\n|detailschange|p1a: Floette|Floette-Mega, L50, F\n|-mega|p1a: Floette|Floette|Floettite\n|-ability|p1a: Floette|Fairy Aura\n|move|p1b: Maushold|Follow Me|p1b: Maushold\n|-singleturn|p1b: Maushold|move: Follow Me\n|move|p2b: Delphox|Calm Mind|p2b: Delphox\n|-boost|p2b: Delphox|spa|1\n|-boost|p2b: Delphox|spd|1\n|move|p2a: Garchomp|Earthquake|p1a: Floette|[spread] p1a,p1b\n|-immune|p2b: Delphox|[from] ability: Levitate\n|-damage|p1a: Floette|59/100\n|-damage|p1b: Maushold|41/100\n|move|p1a: Floette|Dazzling Gleam|p2b: Delphox|[spread] p2a,p2b\n|-supereffective|p2a: Garchomp|1\n|-resisted|p2b: Delphox|1\n|-damage|p2a: Garchomp|0 fnt\n|-damage|p2b: Delphox|85/100\n|faint|p2a: Garchomp\n|\n|upkeep\n|inactive|maku8319 has 30 seconds left.\n|\n|t:|1776070349\n|switch|p2a: Sinistcha|Sinistcha, L50|100/100\n|-heal|p2b: Delphox|100/100|[from] ability: Hospitality|[of] p2a: Sinistcha\n|turn|2\n|\n|t:|1776070365\n|move|p1b: Maushold|Follow Me|p1b: Maushold\n|-singleturn|p1b: Maushold|move: Follow Me\n|move|p2b: Delphox|Heat Wave|p1a: Floette|[spread] p1b\n|-miss|p2b: Delphox|p1a: Floette\n|-damage|p1b: Maushold|0 fnt\n|faint|p1b: Maushold\n|move|p1a: Floette|Calm Mind|p1a: Floette\n|-boost|p1a: Floette|spa|1\n|-boost|p1a: Floette|spd|1\n|move|p2a: Sinistcha|Life Dew||[still]|[still]|[spread] \n|-fail|p2a: Sinistcha|heal\n|-fail|p2b: Delphox|heal\n|\n|upkeep\n|\n|t:|1776070377\n|switch|p1b: Talonflame|Talonflame, L50, M|100/100\n|turn|3\n|inactive|FallenTable has 30 seconds left.\n|inactive|FallenTable has 20 seconds left.\n|\n|t:|1776070413\n|move|p1a: Floette|Protect|p1a: Floette\n|-singleturn|p1a: Floette|Protect\n|move|p1b: Talonflame|Tailwind|p1b: Talonflame\n|-sidestart|p1: FallenTable|move: Tailwind\n|move|p2b: Delphox|Calm Mind|p2b: Delphox\n|-boost|p2b: Delphox|spa|1\n|-boost|p2b: Delphox|spd|1\n|move|p2a: Sinistcha|Trick Room|p2a: Sinistcha\n|-fieldstart|move: Trick Room|[of] p2a: Sinistcha\n|\n|upkeep\n|turn|4\n|inactive|FallenTable has 30 seconds left.\n|inactive|FallenTable has 20 seconds left.\n|\n|t:|1776070450\n|move|p2a: Sinistcha|Rage Powder|p2a: Sinistcha\n|-singleturn|p2a: Sinistcha|move: Rage Powder\n|move|p1b: Talonflame|Acrobatics|p2a: Sinistcha\n|-supereffective|p2a: Sinistcha|1\n|-damage|p2a: Sinistcha|32/100\n|-enditem|p2a: Sinistcha|Sitrus Berry|[eat]\n|-heal|p2a: Sinistcha|57/100|[from] item: Sitrus Berry\n|move|p2b: Delphox|Heat Wave|p1b: Talonflame|[spread] p1b\n|-miss|p2b: Delphox|p1a: Floette\n|-resisted|p1b: Talonflame|1\n|-damage|p1b: Talonflame|46/100\n|move|p1a: Floette|Dazzling Gleam|p2b: Delphox|[spread] p2a,p2b\n|-resisted|p2b: Delphox|1\n|-damage|p2a: Sinistcha|0 fnt\n|-damage|p2b: Delphox|83/100\n|faint|p2a: Sinistcha\n|\n|upkeep\n|\n|t:|1776070462\n|switch|p2a: Primarina|Primarina, L50, M|100/100\n|turn|5\n|\n|t:|1776070477\n|move|p1a: Floette|Protect|p1a: Floette\n|-singleturn|p1a: Floette|Protect\n|move|p1b: Talonflame|Protect|p1b: Talonflame\n|-singleturn|p1b: Talonflame|Protect\n|move|p2a: Primarina|Hyper Voice|p1a: Floette|[spread] \n|-activate|p1a: Floette|move: Protect\n|-activate|p1b: Talonflame|move: Protect\n|move|p2b: Delphox|Heat Wave|p1b: Talonflame|[spread] \n|-activate|p1a: Floette|move: Protect\n|-activate|p1b: Talonflame|move: Protect\n|\n|upkeep\n|turn|6\n|inactive|FallenTable has 30 seconds left.\n|\n|t:|1776070505\n|move|p2a: Primarina|Hyper Voice|p1a: Floette|[spread] p1a,p1b\n|-supereffective|p1b: Talonflame|1\n|-damage|p1a: Floette|37/100\n|-damage|p1b: Talonflame|0 fnt\n|faint|p1b: Talonflame\n|move|p2b: Delphox|Heat Wave|p1a: Floette\n|-damage|p1a: Floette|0 fnt\n|faint|p1a: Floette\n|\n|-sideend|p1: FallenTable|move: Tailwind\n|upkeep\n|\n|t:|1776070516\n|switch|p1b: Garchomp|Garchomp, L50, F|100/100\n|turn|7\n|\n|t:|1776070526\n|move|p2a: Primarina|Moonblast|p1b: Garchomp\n|-supereffective|p1b: Garchomp|1\n|-damage|p1b: Garchomp|0 fnt\n|faint|p1b: Garchomp\n|\n|win|maku8319\n|raw|FallenTable's rating: 1119 &rarr; <strong>1091</strong><br />(-28 for losing)\n|raw|maku8319's rating: 1081 &rarr; <strong>1112</strong><br />(+31 for winning)\n",
  "uploadtime": 1776070530,
  "views": 20,
  "formatid": "gen9championsvgc2026regma",
  "rating": 1091,
  "private": 0,
  "password": null
}