{
  "id": "gen9championsvgc2026regma-2588169913",
  "format": "[Gen 9 Champions] VGC 2026 Reg M-A",
  "players": [
    "underlinegui",
    "funnehcj_55"
  ],
  "log": "|j|\u2606underlinegui\n|j|\u2606funnehcj_55\n|t:|1776611118\n|gametype|doubles\n|player|p1|underlinegui|265|1197\n|player|p2|funnehcj_55|169|1223\n|gen|9\n|tier|[Gen 9 Champions] VGC 2026 Reg M-A\n|rated|\n|rule|Species Clause: Limit one of each Pok\u00e9mon\n|rule|Item Clause: Limit 1 of each item\n|clearpoke\n|poke|p1|Kingambit, L50, M|\n|poke|p1|Kangaskhan, L50, F|\n|poke|p1|Blastoise, L50, F|\n|poke|p1|Sinistcha, L50|\n|poke|p1|Aerodactyl, L50, M|\n|poke|p1|Farigiraf, L50, F|\n|poke|p2|Glimmora, L50, M, shiny|\n|poke|p2|Corviknight, L50, M|\n|poke|p2|Incineroar, L50, F|\n|poke|p2|Whimsicott, L50, M|\n|poke|p2|Tauros-Paldea-Aqua, L50, M, shiny|\n|poke|p2|Floette-Eternal, L50, F|\n|teampreview|4\n|inactive|Battle timer is ON: inactive players will automatically lose when time's up. (requested by funnehcj_55)\n|inactive|underlinegui also wants the timer to be on.\n|inactive|funnehcj_55 has 60 seconds left.\n|\n|t:|1776611155\n|teamsize|p1|4\n|teamsize|p2|4\n|start\n|switch|p1a: Aerodactyl|Aerodactyl, L50, M|100/100\n|switch|p1b: Farigiraf|Farigiraf, L50, F|100/100\n|switch|p2a: Floette|Floette-Eternal, L50, F|100/100\n|switch|p2b: Incineroar|Incineroar, L50, F|100/100\n|-ability|p1a: Aerodactyl|Unnerve\n|-ability|p2b: Incineroar|Intimidate|boost\n|-unboost|p1a: Aerodactyl|atk|1\n|-unboost|p1b: Farigiraf|atk|1\n|turn|1\n|\n|t:|1776611171\n|detailschange|p2a: Floette|Floette-Mega, L50, F\n|-mega|p2a: Floette|Floette|Floettite\n|-ability|p2a: Floette|Fairy Aura\n|move|p1a: Aerodactyl|Tailwind|p1a: Aerodactyl\n|-sidestart|p1: underlinegui|move: Tailwind\n|move|p1b: Farigiraf|Rain Dance|p1b: Farigiraf\n|-weather|RainDance\n|move|p2a: Floette|Dazzling Gleam|p1a: Aerodactyl|[spread] p1a,p1b\n|-damage|p1a: Aerodactyl|29/100\n|-damage|p1b: Farigiraf|49/100\n|-enditem|p1b: Farigiraf|Sitrus Berry|[eat]\n|-heal|p1b: Farigiraf|74/100|[from] item: Sitrus Berry\n|move|p2b: Incineroar|Parting Shot|p1a: Aerodactyl\n|-unboost|p1a: Aerodactyl|atk|1\n|-unboost|p1a: Aerodactyl|spa|1\n|\n|t:|1776611179\n|switch|p2b: Whimsicott|Whimsicott, L50, M|100/100|[from] Parting Shot\n|\n|-weather|RainDance|[upkeep]\n|upkeep\n|turn|2\n|\n|t:|1776611194\n|switch|p2b: Tauros|Tauros-Paldea-Aqua, L50, M, shiny|100/100\n|-ability|p2b: Tauros|Intimidate|boost\n|-unboost|p1a: Aerodactyl|atk|1\n|-unboost|p1b: Farigiraf|atk|1\n|move|p1b: Farigiraf|Helping Hand|p1a: Aerodactyl\n|-singleturn|p1a: Aerodactyl|Helping Hand|[of] p1b: Farigiraf\n|move|p1a: Aerodactyl|Dual Wingbeat|p2b: Tauros\n|-supereffective|p2b: Tauros|1\n|-damage|p2b: Tauros|72/100\n|-supereffective|p2b: Tauros|1\n|-damage|p2b: Tauros|44/100\n|-hitcount|p2b: Tauros|2\n|move|p2a: Floette|Dazzling Gleam|p1a: Aerodactyl|[spread] p1a,p1b\n|-damage|p1a: Aerodactyl|0 fnt\n|-damage|p1b: Farigiraf|25/100\n|faint|p1a: Aerodactyl\n|\n|-weather|RainDance|[upkeep]\n|upkeep\n|\n|t:|1776611206\n|switch|p1a: Blastoise|Blastoise, L50, F|100/100\n|turn|3\n|\n|t:|1776611212\n|detailschange|p1a: Blastoise|Blastoise-Mega, L50, F\n|-mega|p1a: Blastoise|Blastoise|Blastoisinite\n|move|p1a: Blastoise|Water Spout|p2a: Floette|[spread] p2a,p2b\n|-resisted|p2b: Tauros|1\n|-damage|p2a: Floette|16/100\n|-damage|p2b: Tauros|0 fnt\n|faint|p2b: Tauros\n|move|p1b: Farigiraf|Hyper Voice|p2a: Floette\n|-damage|p2a: Floette|0 fnt\n|faint|p2a: Floette\n|\n|-weather|RainDance|[upkeep]\n|upkeep\n|\n|t:|1776611218\n|switch|p2b: Whimsicott|Whimsicott, L50, M|100/100\n|switch|p2a: Incineroar|Incineroar, L50, F|100/100\n|-ability|p2a: Incineroar|Intimidate|boost\n|-unboost|p1a: Blastoise|atk|1\n|-unboost|p1b: Farigiraf|atk|1\n|turn|4\n|\n|t:|1776611236\n|move|p2b: Whimsicott|Tailwind|p2b: Whimsicott\n|-sidestart|p2: funnehcj_55|move: Tailwind\n|move|p1a: Blastoise|Water Spout|p2a: Incineroar|[spread] p2a,p2b\n|-supereffective|p2a: Incineroar|1\n|-resisted|p2b: Whimsicott|1\n|-damage|p2a: Incineroar|0 fnt\n|-damage|p2b: Whimsicott|22/100\n|faint|p2a: Incineroar\n|move|p1b: Farigiraf|Trick Room|p1b: Farigiraf\n|-fieldstart|move: Trick Room|[of] p1b: Farigiraf\n|\n|-weather|RainDance|[upkeep]\n|-sideend|p1: underlinegui|move: Tailwind\n|upkeep\n|turn|5\n|\n|t:|1776611249\n|move|p1b: Farigiraf|Hyper Voice|p2b: Whimsicott\n|-damage|p2b: Whimsicott|0 fnt\n|faint|p2b: Whimsicott\n|\n|win|underlinegui\n|raw|underlinegui's rating: 1197 &rarr; <strong>1224</strong><br />(+27 for winning)\n|raw|funnehcj_55's rating: 1223 &rarr; <strong>1196</strong><br />(-27 for losing)\n|l|\u2606funnehcj_55\n|player|p2|\n",
  "uploadtime": 1776611253,
  "views": 17,
  "formatid": "gen9championsvgc2026regma",
  "rating": 1196,
  "private": 0,
  "password": null
}