{
  "id": "gen9championsvgc2026regma-2585206961",
  "format": "[Gen 9 Champions] VGC 2026 Reg M-A",
  "players": [
    "destructionleon",
    "evokenz"
  ],
  "log": "|j|\u2606destructionleon\n|j|\u2606evokenz\n|t:|1776324976\n|gametype|doubles\n|player|p1|destructionleon|alder|1053\n|player|p2|evokenz|101|1152\n|gen|9\n|tier|[Gen 9 Champions] VGC 2026 Reg M-A\n|rated|\n|rule|Species Clause: Limit one of each Pok\u00e9mon\n|rule|Item Clause: Limit 1 of each item\n|clearpoke\n|poke|p1|Sharpedo, L50, M|\n|poke|p1|Maushold, L50|\n|poke|p1|Sneasler, L50, F|\n|poke|p1|Hatterene, L50, F|\n|poke|p1|Lopunny, L50, F|\n|poke|p1|Whimsicott, L50, F|\n|poke|p2|Aerodactyl, L50, F|\n|poke|p2|Kangaskhan, L50, F|\n|poke|p2|Gengar, L50, M|\n|poke|p2|Sneasler, L50, M|\n|poke|p2|Rotom-Wash, L50|\n|poke|p2|Garchomp, L50, F|\n|teampreview|4\n|inactive|Battle timer is ON: inactive players will automatically lose when time's up. (requested by destructionleon)\nevokenz has agreed to open team sheets.\n|inactive|evokenz has 60 seconds left.\n|\n|t:|1776325035\n|teamsize|p1|4\n|teamsize|p2|4\n|start\n|switch|p1a: Whimsicott|Whimsicott, L50, F|100/100\n|switch|p1b: Sharpedo|Sharpedo, L50, M|100/100\n|switch|p2a: Aerodactyl|Aerodactyl, L50, F|100/100\n|switch|p2b: Kangaskhan|Kangaskhan, L50, F|100/100\n|-ability|p2a: Aerodactyl|Unnerve\n|turn|1\n|inactive|evokenz has 30 seconds left.\n|\n|t:|1776325069\n|detailschange|p2b: Kangaskhan|Kangaskhan-Mega, L50, F\n|-mega|p2b: Kangaskhan|Kangaskhan|Kangaskhanite\n|move|p1b: Sharpedo|Protect|p1b: Sharpedo\n|-singleturn|p1b: Sharpedo|Protect\n|move|p1a: Whimsicott|Taunt|p2a: Aerodactyl\n|-start|p2a: Aerodactyl|move: Taunt\n|move|p2a: Aerodactyl|Dual Wingbeat|p1a: Whimsicott\n|-supereffective|p1a: Whimsicott|1\n|-damage|p1a: Whimsicott|71/100\n|-supereffective|p1a: Whimsicott|1\n|-damage|p1a: Whimsicott|37/100\n|-hitcount|p1a: Whimsicott|2\n|move|p2b: Kangaskhan|Drain Punch|p1b: Sharpedo\n|-activate|p1b: Sharpedo|move: Protect\n|\n|-ability|p1b: Sharpedo|Speed Boost|boost\n|-boost|p1b: Sharpedo|spe|1\n|upkeep\n|turn|2\n|inactive|destructionleon has 30 seconds left.\n|inactive|evokenz has 30 seconds left.\n|\n|t:|1776325099\n|switch|p2a: Rotom|Rotom-Wash, L50|100/100\n|detailschange|p1b: Sharpedo|Sharpedo-Mega, L50, M\n|-mega|p1b: Sharpedo|Sharpedo|Sharpedonite\n|move|p1a: Whimsicott|Tailwind|p1a: Whimsicott\n|-sidestart|p1: destructionleon|move: Tailwind\n|move|p1b: Sharpedo|Crunch|p2b: Kangaskhan\n|-damage|p2b: Kangaskhan|42/100\n|move|p2b: Kangaskhan|Drain Punch|p1b: Sharpedo\n|-supereffective|p1b: Sharpedo|1\n|-damage|p1b: Sharpedo|1/100\n|-heal|p2b: Kangaskhan|77/100|[from] drain|[of] p1b: Sharpedo\n|-supereffective|p1b: Sharpedo|1\n|-damage|p1b: Sharpedo|0 fnt\n|-heal|p2b: Kangaskhan|77/100|[from] drain|[of] p1b: Sharpedo\n|faint|p1b: Sharpedo\n|-hitcount|p1: Sharpedo|2\n|\n|upkeep\n|\n|t:|1776325109\n|switch|p1b: Sneasler|Sneasler, L50, F|100/100\n|turn|3\n|\n|t:|1776325132\n|switch|p2b: Gengar|Gengar, L50, M|100/100\n|move|p1b: Sneasler|Fake Out|p2b: Gengar\n|-immune|p2b: Gengar\n|move|p1a: Whimsicott|Taunt|p2a: Rotom\n|-start|p2a: Rotom|move: Taunt\n|cant|p2a: Rotom|move: Taunt|Will-O-Wisp\n|\n|upkeep\n|turn|4\n|\n|t:|1776325156\n|move|p1b: Sneasler|Close Combat|p2a: Rotom\n|-damage|p2a: Rotom|31/100\n|-unboost|p1b: Sneasler|def|1\n|-unboost|p1b: Sneasler|spd|1\n|move|p1a: Whimsicott|Moonblast|p2a: Rotom\n|-damage|p2a: Rotom|4/100\n|move|p2b: Gengar|Psychic|p1b: Sneasler\n|-supereffective|p1b: Sneasler|2\n|-enditem|p1b: Sneasler|Focus Sash\n|-damage|p1b: Sneasler|1/100\n|move|p2a: Rotom|Volt Switch|p1a: Whimsicott\n|-resisted|p1a: Whimsicott|1\n|-crit|p1a: Whimsicott\n|-damage|p1a: Whimsicott|5/100\n|\n|t:|1776325172\n|switch|p2a: Kangaskhan|Kangaskhan-Mega, L50, F|77/100|[from] Volt Switch\n|\n|upkeep\n|turn|5\n|\n|t:|1776325193\n|switch|p1a: Hatterene|Hatterene, L50, F|100/100\n|switch|p2b: Rotom|Rotom-Wash, L50|4/100\n|move|p2a: Kangaskhan|Fake Out|p1b: Sneasler\n|-crit|p1b: Sneasler\n|-damage|p1b: Sneasler|0 fnt\n|faint|p1b: Sneasler\n|-hitcount|p1: Sneasler|1\n|\n|-heal|p2b: Rotom|9/100|[from] item: Leftovers\n|-sideend|p1: destructionleon|move: Tailwind\n|upkeep\n|\n|t:|1776325200\n|switch|p1b: Whimsicott|Whimsicott, L50, F|5/100\n|turn|6\n|\n|t:|1776325220\n|move|p1b: Whimsicott|Encore|p2a: Kangaskhan\n|-start|p2a: Kangaskhan|Encore\n|move|p2a: Kangaskhan|Fake Out||[still]\n|-hint|Fake Out only works on your first turn out.\n|-fail|p2a: Kangaskhan\n|move|p2b: Rotom|Volt Switch|p1b: Whimsicott\n|-resisted|p1b: Whimsicott|1\n|-crit|p1b: Whimsicott\n|-damage|p1b: Whimsicott|0 fnt\n|faint|p1b: Whimsicott\n|\n|t:|1776325229\n|switch|p2b: Aerodactyl|Aerodactyl, L50, F|100/100|[from] Volt Switch\n|-ability|p2b: Aerodactyl|Unnerve\n|move|p1a: Hatterene|Dazzling Gleam|p2a: Kangaskhan|[spread] p2a,p2b\n|-damage|p2a: Kangaskhan|40/100\n|-damage|p2b: Aerodactyl|33/100\n|\n|upkeep\n|turn|7\n|\n|t:|1776325245\n|switch|p2a: Rotom|Rotom-Wash, L50|9/100\n|move|p2b: Aerodactyl|Dual Wingbeat|p1a: Hatterene\n|-damage|p1a: Hatterene|79/100\n|-damage|p1a: Hatterene|56/100\n|-hitcount|p1a: Hatterene|2\n|move|p1a: Hatterene|Dazzling Gleam|p2a: Rotom|[spread] p2a,p2b\n|-damage|p2a: Rotom|0 fnt\n|-damage|p2b: Aerodactyl|0 fnt\n|faint|p2a: Rotom\n|faint|p2b: Aerodactyl\n|\n|upkeep\n|\n|t:|1776325256\n|switch|p2b: Gengar|Gengar, L50, M|100/100\n|switch|p2a: Kangaskhan|Kangaskhan-Mega, L50, F|40/100\n|turn|8\n|-message|destructionleon forfeited.\n|\n|win|evokenz\n|raw|destructionleon's rating: 1053 &rarr; <strong>1040</strong><br />(-13 for losing)\n|raw|evokenz's rating: 1152 &rarr; <strong>1170</strong><br />(+18 for winning)\n",
  "uploadtime": 1776325258,
  "views": 16,
  "formatid": "gen9championsvgc2026regma",
  "rating": 1040,
  "private": 0,
  "password": null
}