{
  "id": "gen9championsvgc2026regma-2586758170",
  "format": "[Gen 9 Champions] VGC 2026 Reg M-A",
  "players": [
    "Yslade",
    "Lessa_ped"
  ],
  "log": "|j|\u2606Yslade\n|j|\u2606Lessa_ped\n|t:|1776457574\n|gametype|doubles\n|player|p1|Yslade|preschooler|\n|player|p2|Lessa_ped|n|\n|gen|9\n|tier|[Gen 9 Champions] VGC 2026 Reg M-A\n|rule|Species Clause: Limit one of each Pok\u00e9mon\n|rule|Item Clause: Limit 1 of each item\n|clearpoke\n|poke|p1|Oranguru, L50, M|\n|poke|p1|Torkoal, L50, M|\n|poke|p1|Hatterene, L50, F|\n|poke|p1|Crabominable, L50, F|\n|poke|p1|Venusaur, L50, M|\n|poke|p1|Incineroar, L50, M|\n|poke|p2|Archaludon, L50, M|\n|poke|p2|Pelipper, L50, F|\n|poke|p2|Sneasler, L50, M|\n|poke|p2|Incineroar, L50, F|\n|poke|p2|Basculegion, L50, M|\n|poke|p2|Meganium, L50, M|\n|teampreview|4\n|inactive|Battle timer is ON: inactive players will automatically lose when time's up. (requested by Yslade)\n|c|\u2606Lessa_ped|jesus q desgra\u00e7a \u00e9 isso\n|inactive|Yslade has 60 seconds left.\n|inactive|Lessa_ped has 60 seconds left.\nYslade rejected open team sheets.\n|c|\u2606Yslade|J\n|c|\u2606Yslade|Kkkk\n|\n|t:|1776457630\n|teamsize|p1|4\n|teamsize|p2|4\n|start\n|switch|p1a: Crabominable|Crabominable, L50, F|100/100\n|switch|p1b: Hatterene|Hatterene, L50, F|100/100\n|switch|p2a: Incineroar|Incineroar, L50, F, shiny|100/100\n|switch|p2b: Basculegion|Basculegion, L50, M, shiny|100/100\n|-ability|p2a: Incineroar|Intimidate|boost\n|-fail|p1a: Crabominable|unboost|Attack|[from] ability: Hyper Cutter|[of] p1a: Crabominable\n|-unboost|p1b: Hatterene|atk|1\n|turn|1\n|inactive|Lessa_ped has 30 seconds left.\n|inactive|Lessa_ped has 20 seconds left.\n|\n|t:|1776457668\n|detailschange|p1a: Crabominable|Crabominable-Mega, L50, F\n|-mega|p1a: Crabominable|Crabominable|Crabominite\n|move|p2a: Incineroar|Fake Out|p1a: Crabominable\n|-damage|p1a: Crabominable|92/100\n|move|p2b: Basculegion|Last Respects|p1b: Hatterene\n|-supereffective|p1b: Hatterene|1\n|-damage|p1b: Hatterene|42/100\n|cant|p1a: Crabominable|flinch\n|move|p1b: Hatterene|Trick Room|p1b: Hatterene\n|-fieldstart|move: Trick Room|[of] p1b: Hatterene\n|\n|upkeep\n|turn|2\n|inactive|Yslade has 30 seconds left.\n|inactive|Lessa_ped has 30 seconds left.\n|inactive|Yslade has 20 seconds left.\n|inactive|Lessa_ped has 20 seconds left.\n|\n|t:|1776457707\n|switch|p2a: Pelipper|Pelipper, L50, F, shiny|100/100\n|-weather|RainDance|[from] ability: Drizzle|[of] p2a: Pelipper\n|move|p1b: Hatterene|Dazzling Gleam|p2b: Basculegion|[spread] p2a,p2b\n|-damage|p2a: Pelipper|38/100\n|-damage|p2b: Basculegion|61/100\n|move|p1a: Crabominable|Drain Punch|p2a: Pelipper\n|-resisted|p2a: Pelipper|1\n|-damage|p2a: Pelipper|1/100\n|-heal|p1a: Crabominable|100/100|[from] drain|[of] p2a: Pelipper\n|move|p2b: Basculegion|Wave Crash|p1a: Crabominable\n|-damage|p1a: Crabominable|15/100\n|-damage|p2b: Basculegion|31/100|[from] Recoil\n|\n|-weather|RainDance|[upkeep]\n|upkeep\n|turn|3\n|\n|t:|1776457725\n|move|p1a: Crabominable|Protect|p1a: Crabominable\n|-singleturn|p1a: Crabominable|Protect\n|move|p2a: Pelipper|Protect|p2a: Pelipper\n|-singleturn|p2a: Pelipper|Protect\n|move|p2b: Basculegion|Aqua Jet|p1a: Crabominable\n|-activate|p1a: Crabominable|move: Protect\n|move|p1b: Hatterene|Dazzling Gleam|p2a: Pelipper|[spread] p2b\n|-activate|p2a: Pelipper|move: Protect\n|-damage|p2b: Basculegion|0 fnt\n|faint|p2b: Basculegion\n|\n|-weather|RainDance|[upkeep]\n|upkeep\n|\n|t:|1776457736\n|switch|p2b: Incineroar|Incineroar, L50, F, shiny|100/100\n|-ability|p2b: Incineroar|Intimidate|boost\n|-unboost|p1a: Crabominable|atk|1\n|-unboost|p1b: Hatterene|atk|1\n|turn|4\n|\n|t:|1776457743\n|switch|p2a: Archaludon|Archaludon, L50, M, shiny|100/100\n|move|p2b: Incineroar|Fake Out|p1a: Crabominable\n|-damage|p1a: Crabominable|6/100\n|move|p1b: Hatterene|Dazzling Gleam|p2b: Incineroar|[spread] p2a,p2b\n|-damage|p2a: Archaludon|68/100\n|-damage|p2b: Incineroar|70/100\n|-ability|p2a: Archaludon|Stamina|boost\n|-boost|p2a: Archaludon|def|1\n|cant|p1a: Crabominable|flinch\n|\n|-weather|RainDance|[upkeep]\n|-heal|p2a: Archaludon|74/100|[from] item: Leftovers\n|upkeep\n|turn|5\n|\n|t:|1776457763\n|switch|p1b: Torkoal|Torkoal, L50, M|100/100\n|-weather|SunnyDay|[from] ability: Drought|[of] p1b: Torkoal\n|move|p1a: Crabominable|Drain Punch|p2a: Archaludon\n|-supereffective|p2a: Archaludon|1\n|-damage|p2a: Archaludon|38/100\n|-heal|p1a: Crabominable|24/100|[from] drain|[of] p2a: Archaludon\n|-ability|p2a: Archaludon|Stamina|boost\n|-boost|p2a: Archaludon|def|1\n|move|p2b: Incineroar|Darkest Lariat|p1b: Torkoal\n|-damage|p1b: Torkoal|75/100\n|move|p2a: Archaludon|Flash Cannon|p1b: Torkoal\n|-resisted|p1b: Torkoal|1\n|-damage|p1b: Torkoal|50/100\n|\n|-weather|SunnyDay|[upkeep]\n|-heal|p2a: Archaludon|44/100|[from] item: Leftovers\n|-fieldend|move: Trick Room\n|upkeep\n|turn|6\n|\n|t:|1776457786\n|switch|p2a: Pelipper|Pelipper, L50, F, shiny|1/100\n|-weather|RainDance|[from] ability: Drizzle|[of] p2a: Pelipper\n|move|p2b: Incineroar|Darkest Lariat|p1b: Torkoal\n|-damage|p1b: Torkoal|24/100\n|move|p1a: Crabominable|Drain Punch|p2b: Incineroar\n|-supereffective|p2b: Incineroar|1\n|-damage|p2b: Incineroar|2/100\n|-heal|p1a: Crabominable|58/100|[from] drain|[of] p2b: Incineroar\n|-enditem|p2b: Incineroar|Sitrus Berry|[eat]\n|-heal|p2b: Incineroar|27/100|[from] item: Sitrus Berry\n|move|p1b: Torkoal|Earth Power|p2a: Pelipper\n|-immune|p2a: Pelipper\n|\n|-weather|RainDance|[upkeep]\n|upkeep\n|turn|7\n|inactive|Lessa_ped has 30 seconds left.\n|inactive|Yslade has 30 seconds left.\n|inactive|Yslade has 20 seconds left.\n|\n|t:|1776457836\n|switch|p1b: Hatterene|Hatterene, L50, F|42/100\n|move|p2a: Pelipper|Hurricane|p1a: Crabominable\n|-supereffective|p1a: Crabominable|1\n|-damage|p1a: Crabominable|0 fnt\n|faint|p1a: Crabominable\n|move|p2b: Incineroar|Darkest Lariat|p1b: Hatterene\n|-damage|p1b: Hatterene|7/100\n|\n|-weather|RainDance|[upkeep]\n|upkeep\n|\n|t:|1776457848\n|switch|p1a: Torkoal|Torkoal, L50, M|24/100\n|-weather|SunnyDay|[from] ability: Drought|[of] p1a: Torkoal\n|turn|8\n|\n|t:|1776457855\n|switch|p2a: Archaludon|Archaludon, L50, M, shiny|44/100\n|move|p2b: Incineroar|Darkest Lariat|p1b: Hatterene\n|-damage|p1b: Hatterene|0 fnt\n|faint|p1b: Hatterene\n|move|p1a: Torkoal|Heat Wave|p2b: Incineroar|[spread] p2a,p2b\n|-resisted|p2b: Incineroar|1\n|-damage|p2a: Archaludon|0 fnt\n|-damage|p2b: Incineroar|4/100\n|faint|p2a: Archaludon\n|\n|-weather|SunnyDay|[upkeep]\n|upkeep\n|\n|t:|1776457870\n|switch|p2a: Pelipper|Pelipper, L50, F, shiny|1/100\n|switch|p1b: Oranguru|Oranguru, L50, M|100/100\n|-weather|RainDance|[from] ability: Drizzle|[of] p2a: Pelipper\n|turn|9\n|\n|t:|1776457891\n|move|p1a: Torkoal|Protect|p1a: Torkoal\n|-singleturn|p1a: Torkoal|Protect\n|move|p2a: Pelipper|Weather Ball|p1b: Oranguru\n|-damage|p1b: Oranguru|48/100\n|move|p2b: Incineroar|Darkest Lariat|p1b: Oranguru\n|-supereffective|p1b: Oranguru|1\n|-damage|p1b: Oranguru|0 fnt\n|faint|p1b: Oranguru\n|\n|-weather|RainDance|[upkeep]\n|upkeep\n|turn|10\n|c|\u2606Yslade|Que vacilo\n|\n|t:|1776457912\n|move|p1a: Torkoal|Protect||[still]\n|-fail|p1a: Torkoal\n|move|p2a: Pelipper|Weather Ball|p1a: Torkoal\n|-supereffective|p1a: Torkoal|1\n|-damage|p1a: Torkoal|0 fnt\n|faint|p1a: Torkoal\n|\n|win|Lessa_ped\n",
  "uploadtime": 1776457919,
  "views": 46,
  "formatid": "gen9championsvgc2026regma",
  "rating": null,
  "private": 0,
  "password": null
}