{
  "id": "gen9championsvgc2026regma-2581075246",
  "format": "[Gen 9 Champions] VGC 2026 Reg M-A",
  "players": [
    "femiana",
    "p3rdicion"
  ],
  "log": "|j|\u2606femiana\n|j|\u2606p3rdicion\n|t:|1775957508\n|gametype|doubles\n|player|p1|femiana|1|1042\n|player|p2|p3rdicion|harlequin|1000\n|gen|9\n|tier|[Gen 9 Champions] VGC 2026 Reg M-A\n|rated|\n|rule|Species Clause: Limit one of each Pok\u00e9mon\n|rule|Item Clause: Limit 1 of each item\n|clearpoke\n|poke|p1|Dragonite, L50, F|\n|poke|p1|Torterra, L50, F|\n|poke|p1|Infernape, L50, M|\n|poke|p1|Sinistcha, L50|\n|poke|p1|Maushold, L50|\n|poke|p1|Empoleon, L50, F|\n|poke|p2|Beedrill, L50, F|\n|poke|p2|Ninetales-Alola, L50, M|\n|poke|p2|Maushold, L50|\n|poke|p2|Whimsicott, L50, F|\n|poke|p2|Incineroar, L50, F|\n|poke|p2|Corviknight, L50, M|\n|teampreview|4\n|\n|t:|1775957529\n|teamsize|p1|4\n|teamsize|p2|4\n|start\n|switch|p1a: Torterra|Torterra, L50, F|100/100\n|switch|p1b: Maushold|Maushold, L50|100/100\n|switch|p2a: Beedrill|Beedrill, L50, F|100/100\n|switch|p2b: Whimsicott|Whimsicott, L50, F|100/100\n|turn|1\n|\n|t:|1775957551\n|move|p1b: Maushold|Follow Me|p1b: Maushold\n|-singleturn|p1b: Maushold|move: Follow Me\n|move|p2b: Whimsicott|Tailwind|p2b: Whimsicott\n|-sidestart|p2: p3rdicion|move: Tailwind\n|move|p2a: Beedrill|U-turn|p1b: Maushold\n|-damage|p1b: Maushold|57/100\n|\n|t:|1775957558\n|switch|p2a: Incineroar|Incineroar, L50, F|100/100|[from] U-turn\n|-ability|p2a: Incineroar|Intimidate|boost\n|-unboost|p1a: Torterra|atk|1\n|-unboost|p1b: Maushold|atk|1\n|-enditem|p1a: Torterra|White Herb\n|-clearnegativeboost|p1a: Torterra|[silent]\n|move|p1a: Torterra|Shell Smash|p1a: Torterra\n|-unboost|p1a: Torterra|def|1\n|-unboost|p1a: Torterra|spd|1\n|-boost|p1a: Torterra|atk|2\n|-boost|p1a: Torterra|spa|2\n|-boost|p1a: Torterra|spe|2\n|\n|upkeep\n|turn|2\n|inactive|Battle timer is ON: inactive players will automatically lose when time's up. (requested by p3rdicion)\n|\n|t:|1775957632\n|move|p2a: Incineroar|Fake Out|p1a: Torterra\n|-damage|p1a: Torterra|91/100\n|move|p1b: Maushold|Follow Me|p1b: Maushold\n|-singleturn|p1b: Maushold|move: Follow Me\n|move|p2b: Whimsicott|Moonblast|p1b: Maushold\n|-damage|p1b: Maushold|3/100\n|cant|p1a: Torterra|flinch\n|\n|upkeep\n|turn|3\n|\n|t:|1775957655\n|move|p1b: Maushold|Helping Hand|p1a: Torterra\n|-singleturn|p1a: Torterra|Helping Hand|[of] p1b: Maushold\n|move|p2b: Whimsicott|Encore|p1a: Torterra\n|-start|p1a: Torterra|Encore\n|move|p2a: Incineroar|Parting Shot|p1a: Torterra\n|-unboost|p1a: Torterra|atk|1\n|-unboost|p1a: Torterra|spa|1\n|\n|t:|1775957664\n|switch|p2a: Beedrill|Beedrill, L50, F|100/100|[from] Parting Shot\n|move|p1a: Torterra|Shell Smash|p1a: Torterra\n|-unboost|p1a: Torterra|def|1\n|-unboost|p1a: Torterra|spd|1\n|-boost|p1a: Torterra|atk|2\n|-boost|p1a: Torterra|spa|2\n|-boost|p1a: Torterra|spe|2\n|\n|upkeep\n|turn|4\n|\n|t:|1775957682\n|switch|p1a: Dragonite|Dragonite, L50, F|100/100\n|detailschange|p2a: Beedrill|Beedrill-Mega, L50, F\n|-mega|p2a: Beedrill|Beedrill|Beedrillite\n|move|p2a: Beedrill|Fell Stinger|p1b: Maushold\n|-damage|p1b: Maushold|0 fnt\n|faint|p1b: Maushold\n|-boost|p2a: Beedrill|atk|3\n|move|p2b: Whimsicott|Moonblast|p1a: Dragonite\n|-supereffective|p1a: Dragonite|1\n|-damage|p1a: Dragonite|65/100\n|\n|-sideend|p2: p3rdicion|move: Tailwind\n|upkeep\n|\n|t:|1775957696\n|switch|p1b: Sinistcha|Sinistcha, L50|100/100\n|-heal|p1a: Dragonite|90/100|[from] ability: Hospitality|[of] p1b: Sinistcha\n|turn|5\n|\n|t:|1775957721\n|detailschange|p1a: Dragonite|Dragonite-Mega, L50, F\n|-mega|p1a: Dragonite|Dragonite|Dragoninite\n|move|p1b: Sinistcha|Rage Powder|p1b: Sinistcha\n|-singleturn|p1b: Sinistcha|move: Rage Powder\n|move|p2b: Whimsicott|Tailwind|p2b: Whimsicott\n|-sidestart|p2: p3rdicion|move: Tailwind\n|move|p2a: Beedrill|Poison Jab|p1b: Sinistcha\n|-damage|p1b: Sinistcha|0 fnt\n|faint|p1b: Sinistcha\n|move|p1a: Dragonite|Heat Wave|p2b: Whimsicott|[spread] p2a,p2b\n|-supereffective|p2a: Beedrill|1\n|-supereffective|p2b: Whimsicott|1\n|-damage|p2a: Beedrill|17/100\n|-enditem|p2b: Whimsicott|Focus Sash\n|-damage|p2b: Whimsicott|1/100\n|\n|upkeep\n|\n|t:|1775957734\n|switch|p1b: Torterra|Torterra, L50, F|91/100\n|turn|6\n|\n|t:|1775957756\n|move|p2b: Whimsicott|Helping Hand|p2a: Beedrill\n|-singleturn|p2a: Beedrill|Helping Hand|[of] p2b: Whimsicott\n|move|p2a: Beedrill|U-turn|p1b: Torterra\n|-supereffective|p1b: Torterra|1\n|-damage|p1b: Torterra|0 fnt\n|faint|p1b: Torterra\n|\n|t:|1775957763\n|switch|p2a: Incineroar|Incineroar, L50, F|100/100|[from] U-turn\n|-ability|p2a: Incineroar|Intimidate|boost\n|-unboost|p1a: Dragonite|atk|1\n|move|p1a: Dragonite|Heat Wave|p2a: Incineroar|[spread] p2a,p2b\n|-resisted|p2a: Incineroar|1\n|-supereffective|p2b: Whimsicott|1\n|-damage|p2a: Incineroar|86/100\n|-damage|p2b: Whimsicott|0 fnt\n|faint|p2b: Whimsicott\n|\n|upkeep\n|\n|t:|1775957771\n|switch|p2b: Maushold|Maushold, L50|100/100\n|turn|7\n|\n|t:|1775957783\n|move|p2a: Incineroar|Fake Out|p1a: Dragonite\n|-damage|p1a: Dragonite|81/100\n|move|p2b: Maushold|Population Bomb|p1a: Dragonite|[miss]\n|-miss|p2b: Maushold|p1a: Dragonite\n|cant|p1a: Dragonite|flinch\n|\n|upkeep\n|turn|8\n|\n|t:|1775957798\n|move|p2b: Maushold|Encore|p1a: Dragonite\n|-start|p1a: Dragonite|Encore\n|move|p2a: Incineroar|Parting Shot|p1a: Dragonite\n|-unboost|p1a: Dragonite|atk|1\n|-unboost|p1a: Dragonite|spa|1\n|\n|t:|1775957804\n|switch|p2a: Beedrill|Beedrill-Mega, L50, F|17/100|[from] Parting Shot\n|move|p1a: Dragonite|Heat Wave|p2a: Beedrill|[spread] p2a,p2b\n|-supereffective|p2a: Beedrill|1\n|-damage|p2a: Beedrill|0 fnt\n|-damage|p2b: Maushold|77/100\n|faint|p2a: Beedrill\n|\n|-sideend|p2: p3rdicion|move: Tailwind\n|upkeep\n|\n|t:|1775957811\n|switch|p2a: Incineroar|Incineroar, L50, F|86/100\n|-ability|p2a: Incineroar|Intimidate|boost\n|-unboost|p1a: Dragonite|atk|1\n|turn|9\n|\n|t:|1775957822\n|move|p2b: Maushold|Population Bomb|p1a: Dragonite\n|-damage|p1a: Dragonite|76/100\n|-damage|p1a: Dragonite|71/100\n|-damage|p1a: Dragonite|66/100\n|-damage|p1a: Dragonite|61/100\n|-hitcount|p1a: Dragonite|4\n|move|p1a: Dragonite|Heat Wave|p2a: Incineroar|[spread] p2a,p2b\n|-resisted|p2a: Incineroar|1\n|-damage|p2a: Incineroar|79/100\n|-damage|p2b: Maushold|51/100\n|move|p2a: Incineroar|Darkest Lariat|p1a: Dragonite\n|-damage|p1a: Dragonite|35/100\n|\n|upkeep\n|turn|10\n|-message|femiana forfeited.\n|\n|win|p3rdicion\n|raw|femiana's rating: 1042 &rarr; <strong>1024</strong><br />(-18 for losing)\n|raw|p3rdicion's rating: 1000 &rarr; <strong>1045</strong><br />(+45 for winning)\n|l|\u2606femiana\n|player|p1|\n",
  "uploadtime": 1775957908,
  "views": 11,
  "formatid": "gen9championsvgc2026regma",
  "rating": 1024,
  "private": 0,
  "password": null
}