{
  "id": "gen9championsvgc2026regma-2584161911",
  "format": "[Gen 9 Champions] VGC 2026 Reg M-A",
  "players": [
    "smrtcb1",
    "Bertorium7"
  ],
  "log": "|j|\u203dsmrtcb1\n|j|\u2606Bertorium7\n|t:|1776232617\n|gametype|doubles\n|player|p1|smrtcb1|170|1264\n|player|p2|Bertorium7|169|1166\n|gen|9\n|tier|[Gen 9 Champions] VGC 2026 Reg M-A\n|rated|\n|rule|Species Clause: Limit one of each Pok\u00e9mon\n|rule|Item Clause: Limit 1 of each item\n|clearpoke\n|poke|p1|Incineroar, L50, M|\n|poke|p1|Empoleon, L50, F|\n|poke|p1|Froslass, L50, F|\n|poke|p1|Ninetales-Alola, L50, F|\n|poke|p1|Sneasler, L50, M|\n|poke|p1|Whimsicott, L50, M|\n|poke|p2|Gourgeist-*, L50, M|\n|poke|p2|Gengar, L50, M|\n|poke|p2|Gyarados, L50, F|\n|poke|p2|Politoed, L50, F|\n|poke|p2|Sneasler, L50, M|\n|poke|p2|Kingambit, L50, M|\n|teampreview|4\n|inactive|Battle timer is ON: inactive players will automatically lose when time's up. (requested by Bertorium7)\n|\n|t:|1776232649\n|teamsize|p1|4\n|teamsize|p2|4\n|start\n|switch|p1a: Froslass|Froslass, L50, F|100/100\n|switch|p1b: Sneasler|Sneasler, L50, M|100/100\n|switch|p2a: Kingambit|Kingambit, L50, M|100/100\n|switch|p2b: Gourgeist|Gourgeist, L50, M|100/100\n|-item|p1a: Froslass|Froslassite|[from] ability: Frisk|[of] p2b: Gourgeist\n|-item|p1b: Sneasler|White Herb|[from] ability: Frisk|[of] p2b: Gourgeist\n|turn|1\n|inactive|smrtcb1 has 30 seconds left.\n|inactive|smrtcb1 has 20 seconds left.\n|inactive|smrtcb1 has 15 seconds left.\n|inactive|smrtcb1 has 10 seconds left.\n|\n|t:|1776232697\n|move|p1a: Froslass|Protect|p1a: Froslass\n|-singleturn|p1a: Froslass|Protect\n|move|p2a: Kingambit|Protect|p2a: Kingambit\n|-singleturn|p2a: Kingambit|Protect\n|move|p2b: Gourgeist|Trick-or-Treat|p1b: Sneasler\n|-start|p1b: Sneasler|typeadd|Ghost|[from] move: Trick-or-Treat\n|move|p1b: Sneasler|Close Combat|p2a: Kingambit\n|-activate|p2a: Kingambit|move: Protect\n|\n|upkeep\n|turn|2\n|inactive|smrtcb1 has 30 seconds left.\n|\n|t:|1776232730\n|detailschange|p1a: Froslass|Froslass-Mega, L50, F\n|-mega|p1a: Froslass|Froslass|Froslassite\n|-weather|Snowscape|[from] ability: Snow Warning|[of] p1a: Froslass\n|move|p2b: Gourgeist|Trick-or-Treat|p2a: Kingambit\n|-start|p2a: Kingambit|typeadd|Ghost|[from] move: Trick-or-Treat\n|move|p1a: Froslass|Blizzard|p2a: Kingambit|[spread] p2a,p2b\n|-resisted|p2a: Kingambit|1\n|-supereffective|p2b: Gourgeist|1\n|-damage|p2a: Kingambit|79/100\n|-damage|p2b: Gourgeist|0 fnt\n|faint|p2b: Gourgeist\n|move|p1b: Sneasler|Close Combat|p2a: Kingambit\n|-immune|p2a: Kingambit\n|move|p2a: Kingambit|Kowtow Cleave|p1a: Froslass\n|-supereffective|p1a: Froslass|1\n|-damage|p1a: Froslass|0 fnt\n|faint|p1a: Froslass\n|\n|-weather|Snowscape|[upkeep]\n|upkeep\n|inactive|Bertorium7 has 30 seconds left.\n|\n|t:|1776232757\n|switch|p1a: Ninetales|Ninetales-Alola, L50, F|100/100\n|switch|p2b: Gyarados|Gyarados, L50, F|100/100\n|-ability|p2b: Gyarados|Intimidate|boost\n|-unboost|p1a: Ninetales|atk|1\n|-unboost|p1b: Sneasler|atk|1\n|-enditem|p1b: Sneasler|White Herb\n|-clearnegativeboost|p1b: Sneasler|[silent]\n|turn|3\n|inactive|smrtcb1 has 30 seconds left.\n|inactive|smrtcb1 has 20 seconds left.\n|inactive|smrtcb1 has 15 seconds left.\n|\n|t:|1776232802\n|switch|p2b: Politoed|Politoed, L50, F|100/100\n|-weather|RainDance|[from] ability: Drizzle|[of] p2b: Politoed\n|move|p1b: Sneasler|Protect|p1b: Sneasler\n|-singleturn|p1b: Sneasler|Protect\n|move|p1a: Ninetales|Moonblast|p2a: Kingambit\n|-damage|p2a: Kingambit|41/100\n|move|p2a: Kingambit|Iron Head|p1a: Ninetales\n|-supereffective|p1a: Ninetales|2\n|-enditem|p1a: Ninetales|Focus Sash\n|-damage|p1a: Ninetales|1/100\n|\n|-weather|RainDance|[upkeep]\n|upkeep\n|turn|4\n|inactive|smrtcb1 has 30 seconds left.\n|\n|t:|1776232828\n|switch|p1a: Incineroar|Incineroar, L50, M|100/100\n|-ability|p1a: Incineroar|Intimidate|boost\n|-unboost|p2a: Kingambit|atk|1\n|-ability|p2a: Kingambit|Defiant|boost\n|-boost|p2a: Kingambit|atk|2\n|-unboost|p2b: Politoed|atk|1\n|move|p2a: Kingambit|Sucker Punch|p1b: Sneasler\n|-damage|p1b: Sneasler|0 fnt\n|faint|p1b: Sneasler\n|move|p2b: Politoed|Icy Wind|p1a: Incineroar|[miss]\n|-miss|p2b: Politoed|p1a: Incineroar\n|\n|-weather|RainDance|[upkeep]\n|upkeep\n|\n|t:|1776232840\n|switch|p1b: Ninetales|Ninetales-Alola, L50, F|1/100\n|-weather|Snowscape|[from] ability: Snow Warning|[of] p1b: Ninetales\n|turn|5\n|inactive|smrtcb1 has 30 seconds left.\n|\n|t:|1776232866\n|switch|p2b: Gyarados|Gyarados, L50, F|100/100\n|-ability|p2b: Gyarados|Intimidate|boost\n|-unboost|p1a: Incineroar|atk|1\n|-unboost|p1b: Ninetales|atk|1\n|move|p2a: Kingambit|Protect|p2a: Kingambit\n|-singleturn|p2a: Kingambit|Protect\n|move|p1b: Ninetales|Encore|p2a: Kingambit\n|-activate|p2a: Kingambit|move: Protect\n|move|p1a: Incineroar|Flare Blitz|p2a: Kingambit\n|-activate|p2a: Kingambit|move: Protect\n|\n|-weather|Snowscape|[upkeep]\n|upkeep\n|turn|6\n|inactive|smrtcb1 has 30 seconds left.\n|inactive|Bertorium7 has 30 seconds left.\n|inactive|smrtcb1 has 20 seconds left.\n|inactive|smrtcb1 has 15 seconds left.\n|inactive|smrtcb1 has 10 seconds left.\n|\n|t:|1776232912\n|switch|p2a: Politoed|Politoed, L50, F|100/100\n|-weather|RainDance|[from] ability: Drizzle|[of] p2a: Politoed\n|move|p1b: Ninetales|Blizzard|p2b: Gyarados|[spread] p2b\n|-miss|p1b: Ninetales|p2a: Politoed\n|-damage|p2b: Gyarados|70/100\n|-status|p2b: Gyarados|frz\n|cant|p2b: Gyarados|frz\n|move|p1a: Incineroar|Darkest Lariat|p2b: Gyarados\n|-damage|p2b: Gyarados|40/100 frz\n|\n|-weather|RainDance|[upkeep]\n|upkeep\n|turn|7\n|inactive|smrtcb1 has 30 seconds left.\n|\n|t:|1776232938\n|move|p1b: Ninetales|Moonblast|p2a: Politoed\n|-damage|p2a: Politoed|66/100\n|-unboost|p2a: Politoed|spa|1\n|cant|p2b: Gyarados|frz\n|move|p2a: Politoed|Perish Song|p2a: Politoed\n|-start|p1a: Incineroar|perish3|[silent]\n|-start|p1b: Ninetales|perish3|[silent]\n|-start|p2a: Politoed|perish3|[silent]\n|-start|p2b: Gyarados|perish3|[silent]\n|-fieldactivate|move: Perish Song\n|move|p1a: Incineroar|Darkest Lariat|p2a: Politoed\n|-damage|p2a: Politoed|46/100\n|-enditem|p2a: Politoed|Sitrus Berry|[eat]\n|-heal|p2a: Politoed|71/100|[from] item: Sitrus Berry\n|\n|-weather|RainDance|[upkeep]\n|-start|p1b: Ninetales|perish3\n|-start|p2b: Gyarados|perish3\n|-start|p2a: Politoed|perish3\n|-start|p1a: Incineroar|perish3\n|upkeep\n|turn|8\n|-message|smrtcb1 forfeited.\n|\n|win|Bertorium7\n|raw|smrtcb1's rating: 1264 &rarr; <strong>1232</strong><br />(-32 for losing)\n|raw|Bertorium7's rating: 1166 &rarr; <strong>1198</strong><br />(+32 for winning)\n|l|\u203dsmrtcb1\n|player|p1|\n",
  "uploadtime": 1776232971,
  "views": 39,
  "formatid": "gen9championsvgc2026regma",
  "rating": 1198,
  "private": 0,
  "password": null
}