{
  "id": "gen9championsvgc2026regma-2580429579",
  "format": "[Gen 9 Champions] VGC 2026 Reg M-A",
  "players": [
    "Dancindevil",
    "TorkoalWQuickclaw"
  ],
  "log": "|j|\u2606Dancindevil\n|j|\u2606TorkoalWQuickclaw\n|t:|1775895243\n|gametype|doubles\n|player|p1|Dancindevil|sailor|1155\n|player|p2|TorkoalWQuickclaw|169|1103\n|gen|9\n|tier|[Gen 9 Champions] VGC 2026 Reg M-A\n|rated|\n|rule|Species Clause: Limit one of each Pok\u00e9mon\n|rule|Item Clause: Limit 1 of each item\n|clearpoke\n|poke|p1|Glimmora, L50, M|\n|poke|p1|Scovillain, L50, F|\n|poke|p1|Tauros-Paldea-Aqua, L50, M|\n|poke|p1|Froslass, L50, F|\n|poke|p1|Dragonite, L50, F|\n|poke|p1|Pelipper, L50, M|\n|poke|p2|Floette-Eternal, L50, F|\n|poke|p2|Maushold, L50|\n|poke|p2|Garchomp, L50, M|\n|poke|p2|Talonflame, L50, F|\n|poke|p2|Rotom-Wash, L50|\n|poke|p2|Aegislash, L50, F|\n|teampreview|4\n|inactive|Battle timer is ON: inactive players will automatically lose when time's up. (requested by TorkoalWQuickclaw)\nTorkoalWQuickclaw has agreed to open team sheets.\n|inactive|Dancindevil has 60 seconds left.\n|\n|t:|1775895276\n|teamsize|p1|4\n|teamsize|p2|4\n|start\n|switch|p1a: Pelipper|Pelipper, L50, M|100/100\n|switch|p1b: Glimmora|Glimmora, L50, M|100/100\n|switch|p2a: Garchomp|Garchomp, L50, M|100/100\n|switch|p2b: Talonflame|Talonflame, L50, F|100/100\n|-weather|RainDance|[from] ability: Drizzle|[of] p1a: Pelipper\n|turn|1\n|\n|t:|1775895297\n|move|p1b: Glimmora|Spiky Shield|p1b: Glimmora\n|-singleturn|p1b: Glimmora|move: Protect\n|move|p2b: Talonflame|Tailwind|p2b: Talonflame\n|-sidestart|p2: TorkoalWQuickclaw|move: Tailwind\n|move|p2a: Garchomp|Earthquake|p1a: Pelipper|[spread] \n|-activate|p1b: Glimmora|move: Protect\n|-immune|p2b: Talonflame\n|-immune|p1a: Pelipper\n|move|p1a: Pelipper|Ice Beam|p2a: Garchomp\n|-supereffective|p2a: Garchomp|2\n|-damage|p2a: Garchomp|0 fnt\n|faint|p2a: Garchomp\n|\n|-weather|RainDance|[upkeep]\n|upkeep\n|\n|t:|1775895303\n|switch|p2a: Rotom|Rotom-Wash, L50|100/100\n|turn|2\n|inactive|Dancindevil has 30 seconds left.\n|\n|t:|1775895336\n|switch|p1b: Scovillain|Scovillain, L50, F|100/100\n|switch|p1a: Dragonite|Dragonite, L50, F|100/100\n|move|p2b: Talonflame|Acrobatics|p1a: Dragonite\n|-damage|p1a: Dragonite|80/100\n|move|p2a: Rotom|Hydro Pump|p1b: Scovillain\n|-damage|p1b: Scovillain|9/100\n|\n|-weather|RainDance|[upkeep]\n|-ability|p1b: Scovillain|Moody|boost\n|-boost|p1b: Scovillain|atk|2\n|-unboost|p1b: Scovillain|def|1\n|upkeep\n|turn|3\n|\n|t:|1775895354\n|move|p1b: Scovillain|Protect|p1b: Scovillain\n|-singleturn|p1b: Scovillain|Protect\n|move|p2b: Talonflame|Acrobatics|p1b: Scovillain\n|-activate|p1b: Scovillain|move: Protect\n|move|p2a: Rotom|Thunderbolt|p1a: Dragonite\n|-damage|p1a: Dragonite|50/100\n|move|p1a: Dragonite|Dragon Dance|p1a: Dragonite\n|-boost|p1a: Dragonite|atk|1\n|-boost|p1a: Dragonite|spe|1\n|\n|-weather|RainDance|[upkeep]\n|-ability|p1b: Scovillain|Moody|boost\n|-boost|p1b: Scovillain|spe|2\n|-unboost|p1b: Scovillain|spa|1\n|upkeep\n|turn|4\n|inactive|Dancindevil has 30 seconds left.\n|\n|t:|1775895386\n|move|p1b: Scovillain|Rage Powder|p1b: Scovillain\n|-singleturn|p1b: Scovillain|move: Rage Powder\n|move|p2b: Talonflame|Acrobatics|p1b: Scovillain\n|-supereffective|p1b: Scovillain|1\n|-damage|p1b: Scovillain|0 fnt\n|faint|p1b: Scovillain\n|move|p2a: Rotom|Thunderbolt|p1a: Dragonite\n|-damage|p1a: Dragonite|15/100\n|move|p1a: Dragonite|Dragon Claw|p2a: Rotom\n|-damage|p2a: Rotom|37/100\n|-enditem|p2a: Rotom|Sitrus Berry|[eat]\n|-heal|p2a: Rotom|62/100|[from] item: Sitrus Berry\n|\n|-weather|RainDance|[upkeep]\n|-sideend|p2: TorkoalWQuickclaw|move: Tailwind\n|upkeep\n|\n|t:|1775895403\n|switch|p1b: Pelipper|Pelipper, L50, M|100/100\n|turn|5\n|\n|t:|1775895419\n|switch|p1b: Glimmora|Glimmora, L50, M|100/100\n|move|p1a: Dragonite|Extreme Speed|p2a: Rotom\n|-damage|p2a: Rotom|18/100\n|move|p2b: Talonflame|Acrobatics|p1a: Dragonite\n|-damage|p1a: Dragonite|0 fnt\n|faint|p1a: Dragonite\n|move|p2a: Rotom|Volt Switch|p1b: Glimmora\n|-crit|p1b: Glimmora\n|-damage|p1b: Glimmora|40/100\n|\n|t:|1775895430\n|switch|p2a: Floette|Floette-Eternal, L50, F|100/100|[from] Volt Switch\n|\n|-weather|none\n|upkeep\n|\n|t:|1775895436\n|switch|p1a: Pelipper|Pelipper, L50, M|100/100\n|-weather|RainDance|[from] ability: Drizzle|[of] p1a: Pelipper\n|turn|6\n|\n|t:|1775895453\n|detailschange|p2a: Floette|Floette-Mega, L50, F\n|-mega|p2a: Floette|Floette|Floettite\n|-ability|p2a: Floette|Fairy Aura\n|move|p1b: Glimmora|Spiky Shield|p1b: Glimmora\n|-singleturn|p1b: Glimmora|move: Protect\n|move|p2b: Talonflame|Tailwind|p2b: Talonflame\n|-sidestart|p2: TorkoalWQuickclaw|move: Tailwind\n|move|p2a: Floette|Dazzling Gleam|p1b: Glimmora|[spread] p1a\n|-activate|p1b: Glimmora|move: Protect\n|-damage|p1a: Pelipper|28/100\n|move|p1a: Pelipper|Tailwind|p1a: Pelipper\n|-sidestart|p1: Dancindevil|move: Tailwind\n|\n|-weather|RainDance|[upkeep]\n|upkeep\n|turn|7\n|\n|t:|1775895475\n|detailschange|p1b: Glimmora|Glimmora-Mega, L50, M\n|-mega|p1b: Glimmora|Glimmora|Glimmoranite\n|move|p2a: Floette|Protect|p2a: Floette\n|-singleturn|p2a: Floette|Protect\n|move|p1a: Pelipper|Wide Guard|p1a: Pelipper\n|-singleturn|p1a: Pelipper|Wide Guard\n|move|p2b: Talonflame|Acrobatics|p1a: Pelipper\n|-damage|p1a: Pelipper|0 fnt\n|faint|p1a: Pelipper\n|move|p1b: Glimmora|Sludge Bomb|p2a: Floette\n|-activate|p2a: Floette|move: Protect\n|\n|-weather|RainDance|[upkeep]\n|upkeep\n|turn|8\n|\n|t:|1775895491\n|move|p2b: Talonflame|Acrobatics|p1b: Glimmora\n|-resisted|p1b: Glimmora|1\n|-damage|p1b: Glimmora|19/100\n|move|p1b: Glimmora|Sludge Bomb|p2a: Floette\n|-supereffective|p2a: Floette|1\n|-damage|p2a: Floette|0 fnt\n|faint|p2a: Floette\n|\n|-weather|RainDance|[upkeep]\n|upkeep\n|\n|t:|1775895497\n|switch|p2a: Rotom|Rotom-Wash, L50|18/100\n|turn|9\n|\n|t:|1775895509\n|move|p1b: Glimmora|Spiky Shield|p1b: Glimmora\n|-singleturn|p1b: Glimmora|move: Protect\n|move|p2b: Talonflame|Acrobatics|p1b: Glimmora\n|-activate|p1b: Glimmora|move: Protect\n|-damage|p2b: Talonflame|88/100|[from] Spiky Shield|[of] p1b: Glimmora\n|move|p2a: Rotom|Thunderbolt|p1b: Glimmora\n|-activate|p1b: Glimmora|move: Protect\n|\n|-weather|RainDance|[upkeep]\n|-sideend|p1: Dancindevil|move: Tailwind\n|-sideend|p2: TorkoalWQuickclaw|move: Tailwind\n|upkeep\n|turn|10\n|\n|t:|1775895525\n|move|p2b: Talonflame|Acrobatics|p1b: Glimmora\n|-resisted|p1b: Glimmora|1\n|-damage|p1b: Glimmora|0 fnt\n|faint|p1b: Glimmora\n|\n|win|TorkoalWQuickclaw\n|raw|Dancindevil's rating: 1155 &rarr; <strong>1126</strong><br />(-29 for losing)\n|raw|TorkoalWQuickclaw's rating: 1103 &rarr; <strong>1132</strong><br />(+29 for winning)\n|l|\u2606Dancindevil\n|player|p1|\n|l|\u2606TorkoalWQuickclaw\n|player|p2|\n",
  "uploadtime": 1775895532,
  "views": 25,
  "formatid": "gen9championsvgc2026regma",
  "rating": 1126,
  "private": 0,
  "password": null
}