{
  "id": "gen9championsvgc2026regma-2588311501",
  "format": "[Gen 9 Champions] VGC 2026 Reg M-A",
  "players": [
    "mkugmrs_guest",
    "mommy ruby"
  ],
  "log": "|j|\u2606mkugmrs_guest\n|j|\u2606mommy ruby\n|t:|1776623112\n|gametype|doubles\n|player|p1|mkugmrs_guest|101|1004\n|player|p2|mommy ruby|erika|1087\n|gen|9\n|tier|[Gen 9 Champions] VGC 2026 Reg M-A\n|rated|\n|rule|Species Clause: Limit one of each Pok\u00e9mon\n|rule|Item Clause: Limit 1 of each item\n|clearpoke\n|poke|p1|Floette-Eternal, L50, F|\n|poke|p1|Torkoal, L50, M|\n|poke|p1|Farigiraf, L50, F|\n|poke|p1|Aerodactyl, L50, M|\n|poke|p1|Chimecho, L50, M|\n|poke|p1|Gallade, L50, M|\n|poke|p2|Aggron, L50, F, shiny|\n|poke|p2|Sinistcha-Masterpiece, L50|\n|poke|p2|Jolteon, L50, M|\n|poke|p2|Milotic, L50, F, shiny|\n|poke|p2|Vivillon-Fancy, L50, M|\n|poke|p2|Liepard, L50, F|\n|teampreview|4\n|inactive|Battle timer is ON: inactive players will automatically lose when time's up. (requested by mommy ruby)\n|inactive|mkugmrs_guest has 60 seconds left.\n|inactive|mommy ruby has 60 seconds left.\n|\n|t:|1776623163\n|teamsize|p1|4\n|teamsize|p2|4\n|start\n|switch|p1a: Torkoal|Torkoal, L50, M|100/100\n|switch|p1b: Gallade|Gallade, L50, M|100/100\n|switch|p2a: Aggron|Aggron, L50, F, shiny|100/100\n|switch|p2b: Jolteon|Jolteon, L50, M|100/100\n|-weather|SunnyDay|[from] ability: Drought|[of] p1a: Torkoal\n|turn|1\n|inactive|mkugmrs_guest has 30 seconds left.\n|\n|t:|1776623191\n|detailschange|p2a: Aggron|Aggron-Mega, L50, F, shiny\n|-mega|p2a: Aggron|Aggron|Aggronite\n|move|p2b: Jolteon|Rain Dance|p2b: Jolteon\n|-weather|RainDance\n|move|p1b: Gallade|Agility|p1b: Gallade\n|-boost|p1b: Gallade|spe|2\n|move|p2a: Aggron|Iron Defense|p2a: Aggron\n|-boost|p2a: Aggron|def|2\n|move|p1a: Torkoal|Heat Wave|p2b: Jolteon|[spread] p2a,p2b\n|-supereffective|p2a: Aggron|1\n|-damage|p2a: Aggron|88/100\n|-damage|p2b: Jolteon|87/100\n|\n|-weather|RainDance|[upkeep]\n|upkeep\n|turn|2\n|\n|t:|1776623206\n|move|p1a: Torkoal|Protect|p1a: Torkoal\n|-singleturn|p1a: Torkoal|Protect\n|move|p1b: Gallade|Sacred Sword|p2a: Aggron\n|-supereffective|p2a: Aggron|1\n|-damage|p2a: Aggron|26/100\n|move|p2b: Jolteon|Thunderbolt|p1a: Torkoal\n|-activate|p1a: Torkoal|move: Protect\n|move|p2a: Aggron|Heavy Slam|p1b: Gallade\n|-damage|p1b: Gallade|13/100\n|\n|-weather|RainDance|[upkeep]\n|upkeep\n|turn|3\n|\n|t:|1776623228\n|switch|p2a: Sinistcha|Sinistcha-Masterpiece, L50|100/100\n|-heal|p2b: Jolteon|100/100|[from] ability: Hospitality|[of] p2a: Sinistcha\n|switch|p1a: Farigiraf|Farigiraf, L50, F|100/100\n|move|p1b: Gallade|Sacred Sword|p2a: Sinistcha\n|-immune|p2a: Sinistcha\n|move|p2b: Jolteon|Volt Switch|p1b: Gallade\n|-damage|p1b: Gallade|0 fnt\n|faint|p1b: Gallade\n|\n|t:|1776623238\n|switch|p2b: Milotic|Milotic, L50, F, shiny|100/100|[from] Volt Switch\n|\n|-weather|RainDance|[upkeep]\n|upkeep\n|\n|t:|1776623246\n|switch|p1b: Torkoal|Torkoal, L50, M|100/100\n|-weather|SunnyDay|[from] ability: Drought|[of] p1b: Torkoal\n|turn|4\n|inactive|mommy ruby has 30 seconds left.\n|inactive|mommy ruby has 20 seconds left.\n|inactive|mommy ruby has 15 seconds left.\n|inactive|mommy ruby has 10 seconds left.\n|inactive|mommy ruby has 5 seconds left.\n|\n|t:|1776623301\n|move|p2b: Milotic|Scald|p1a: Farigiraf\n|-damage|p1a: Farigiraf|90/100\n|-status|p1a: Farigiraf|brn\n|move|p2a: Sinistcha|Life Dew||[still]|[still]|[spread] \n|-fail|p2a: Sinistcha|heal\n|-fail|p2b: Milotic|heal\n|move|p1b: Torkoal|Solar Beam||[still]\n|-prepare|p1b: Torkoal|Solar Beam\n|-anim|p1b: Torkoal|Solar Beam|p2b: Milotic\n|-supereffective|p2b: Milotic|1\n|-damage|p2b: Milotic|67/100\n|move|p1a: Farigiraf|Trick Room|p1a: Farigiraf\n|-fieldstart|move: Trick Room|[of] p1a: Farigiraf\n|\n|-weather|SunnyDay|[upkeep]\n|-damage|p1a: Farigiraf|84/100 brn|[from] brn\n|upkeep\n|turn|5\n|\n|t:|1776623317\n|move|p1a: Farigiraf|Helping Hand|p1b: Torkoal\n|-singleturn|p1b: Torkoal|Helping Hand|[of] p1a: Farigiraf\n|move|p1b: Torkoal|Heat Wave|p2a: Sinistcha|[spread] p2a,p2b\n|-supereffective|p2a: Sinistcha|1\n|-resisted|p2b: Milotic|1\n|-damage|p2a: Sinistcha|22/100\n|-damage|p2b: Milotic|50/100\n|move|p2a: Sinistcha|Life Dew|p2a: Sinistcha|[spread] p2a,p2b\n|-heal|p2a: Sinistcha|47/100\n|-heal|p2b: Milotic|75/100\n|move|p2b: Milotic|Scald|p1b: Torkoal\n|-supereffective|p1b: Torkoal|1\n|-damage|p1b: Torkoal|73/100\n|\n|-weather|SunnyDay|[upkeep]\n|-heal|p1b: Torkoal|80/100|[from] item: Leftovers\n|-heal|p2a: Sinistcha|53/100|[from] item: Leftovers\n|-damage|p1a: Farigiraf|77/100 brn|[from] brn\n|upkeep\n|turn|6\n|\n|t:|1776623329\n|move|p1a: Farigiraf|Helping Hand|p1b: Torkoal\n|-singleturn|p1b: Torkoal|Helping Hand|[of] p1a: Farigiraf\n|move|p1b: Torkoal|Heat Wave|p2b: Milotic|[spread] p2a,p2b\n|-supereffective|p2a: Sinistcha|1\n|-resisted|p2b: Milotic|1\n|-damage|p2a: Sinistcha|0 fnt\n|-damage|p2b: Milotic|56/100\n|faint|p2a: Sinistcha\n|move|p2b: Milotic|Scald|p1b: Torkoal\n|-supereffective|p1b: Torkoal|1\n|-damage|p1b: Torkoal|49/100\n|\n|-weather|SunnyDay|[upkeep]\n|-heal|p1b: Torkoal|55/100|[from] item: Leftovers\n|-damage|p1a: Farigiraf|71/100 brn|[from] brn\n|upkeep\n|\n|t:|1776623332\n|switch|p2a: Jolteon|Jolteon, L50, M|100/100\n|turn|7\n|\n|t:|1776623341\n|move|p1a: Farigiraf|Helping Hand|p1b: Torkoal\n|-singleturn|p1b: Torkoal|Helping Hand|[of] p1a: Farigiraf\n|move|p1b: Torkoal|Solar Beam||[still]\n|-prepare|p1b: Torkoal|Solar Beam\n|-anim|p1b: Torkoal|Solar Beam|p2b: Milotic\n|-supereffective|p2b: Milotic|1\n|-damage|p2b: Milotic|1/100\n|move|p2b: Milotic|Scald|p1b: Torkoal\n|-supereffective|p1b: Torkoal|1\n|-damage|p1b: Torkoal|30/100\n|move|p2a: Jolteon|Rain Dance|p2a: Jolteon\n|-weather|RainDance\n|\n|-weather|RainDance|[upkeep]\n|-heal|p1b: Torkoal|37/100|[from] item: Leftovers\n|-damage|p1a: Farigiraf|65/100 brn|[from] brn\n|upkeep\n|turn|8\n|inactive|mkugmrs_guest has 30 seconds left.\n|\n|t:|1776623367\n|move|p1b: Torkoal|Heat Wave|p2a: Jolteon|[spread] p2b\n|-miss|p1b: Torkoal|p2a: Jolteon\n|-resisted|p2b: Milotic|1\n|-damage|p2b: Milotic|0 fnt\n|faint|p2b: Milotic\n|move|p1a: Farigiraf|Psychic Noise|p2a: Jolteon\n|-damage|p2a: Jolteon|62/100\n|-start|p2a: Jolteon|move: Heal Block\n|move|p2a: Jolteon|Thunderbolt|p1b: Torkoal\n|-damage|p1b: Torkoal|0 fnt\n|faint|p1b: Torkoal\n|\n|-weather|RainDance|[upkeep]\n|-damage|p1a: Farigiraf|59/100 brn|[from] brn\n|-fieldend|move: Trick Room\n|upkeep\n|\n|t:|1776623384\n|switch|p2b: Aggron|Aggron-Mega, L50, F, shiny|26/100\n|switch|p1b: Chimecho|Chimecho, L50, M|100/100\n|turn|9\n|\n|t:|1776623399\n|detailschange|p1b: Chimecho|Chimecho-Mega, L50, M\n|-mega|p1b: Chimecho|Chimecho|Chimechite\n|move|p1a: Farigiraf|Protect|p1a: Farigiraf\n|-singleturn|p1a: Farigiraf|Protect\n|move|p2a: Jolteon|Volt Switch|p1b: Chimecho\n|-damage|p1b: Chimecho|72/100\n|move|p1b: Chimecho|Psychic|p2a: Jolteon\n|-damage|p2a: Jolteon|0 fnt\n|faint|p2a: Jolteon\n|move|p2b: Aggron|Body Press|p1a: Farigiraf\n|-activate|p1a: Farigiraf|move: Protect\n|\n|-weather|RainDance|[upkeep]\n|-damage|p1a: Farigiraf|53/100 brn|[from] brn\n|upkeep\n|turn|10\n|\n|t:|1776623423\n|move|p1a: Farigiraf|Helping Hand|p1b: Chimecho\n|-singleturn|p1b: Chimecho|Helping Hand|[of] p1a: Farigiraf\n|move|p1b: Chimecho|Psychic|p2b: Aggron\n|-resisted|p2b: Aggron|1\n|-damage|p2b: Aggron|0 fnt\n|faint|p2b: Aggron\n|\n|win|mkugmrs_guest\n|raw|mkugmrs_guest's rating: 1004 &rarr; <strong>1053</strong><br />(+49 for winning)\n|raw|mommy ruby's rating: 1087 &rarr; <strong>1059</strong><br />(-28 for losing)\n|l|\u2606mommy ruby\n|player|p2|\n",
  "uploadtime": 1776623431,
  "views": 15,
  "formatid": "gen9championsvgc2026regma",
  "rating": 1053,
  "private": 0,
  "password": null
}