{
  "id": "gen9championsvgc2026regma-2580976600",
  "format": "[Gen 9 Champions] VGC 2026 Reg M-A",
  "players": [
    "Rulr77",
    "Champ.Braeden"
  ],
  "log": "|j|\u2606Rulr77\n|j|\u2606Champ.Braeden\n|t:|1775948326\n|gametype|doubles\n|player|p1|Rulr77|koga|1152\n|player|p2|Champ.Braeden|hoopster|1270\n|gen|9\n|tier|[Gen 9 Champions] VGC 2026 Reg M-A\n|rated|\n|rule|Species Clause: Limit one of each Pok\u00e9mon\n|rule|Item Clause: Limit 1 of each item\n|clearpoke\n|poke|p1|Tyranitar, L50, F|\n|poke|p1|Excadrill, L50, F|\n|poke|p1|Incineroar, L50, F|\n|poke|p1|Sinistcha-Masterpiece, L50|\n|poke|p1|Rotom-Wash, L50|\n|poke|p1|Corviknight, L50, M|\n|poke|p2|Drampa, L50, F|\n|poke|p2|Farigiraf, L50, M|\n|poke|p2|Conkeldurr, L50, M|\n|poke|p2|Sinistcha, L50|\n|poke|p2|Incineroar, L50, M|\n|poke|p2|Kingambit, L50, F|\n|teampreview|4\nChamp.Braeden rejected open team sheets.\n|inactive|Battle timer is ON: inactive players will automatically lose when time's up. (requested by Champ.Braeden)\n|\n|t:|1775948365\n|teamsize|p1|4\n|teamsize|p2|4\n|start\n|switch|p1a: Corviknight|Corviknight, L50, M, shiny|100/100\n|switch|p1b: Excadrill|Excadrill, L50, F, shiny|100/100\n|switch|p2a: Farigiraf|Farigiraf, L50, M|100/100\n|switch|p2b: Conkeldurr|Conkeldurr, L50, M|100/100\n|turn|1\n|inactive|Champ.Braeden has 30 seconds left.\n|\n|t:|1775948393\n|move|p1b: Excadrill|Iron Head|p2a: Farigiraf\n|-damage|p2a: Farigiraf|60/100\n|move|p1a: Corviknight|Brave Bird|p2b: Conkeldurr\n|-supereffective|p2b: Conkeldurr|1\n|-damage|p2b: Conkeldurr|34/100\n|-damage|p1a: Corviknight|78/100|[from] Recoil\n|move|p2b: Conkeldurr|Drain Punch|p1b: Excadrill\n|-supereffective|p1b: Excadrill|1\n|-enditem|p1b: Excadrill|Focus Sash\n|-damage|p1b: Excadrill|1/100\n|-heal|p2b: Conkeldurr|85/100|[from] drain|[of] p1b: Excadrill\n|move|p2a: Farigiraf|Trick Room|p2a: Farigiraf\n|-fieldstart|move: Trick Room|[of] p2a: Farigiraf\n|\n|-heal|p1a: Corviknight|84/100|[from] item: Leftovers\n|upkeep\n|turn|2\n|inactive|Rulr77 has 30 seconds left.\n|inactive|Champ.Braeden has 30 seconds left.\n|\n|t:|1775948422\n|move|p1b: Excadrill|Protect|p1b: Excadrill\n|-singleturn|p1b: Excadrill|Protect\n|move|p2b: Conkeldurr|Drain Punch|p1a: Corviknight\n|-damage|p1a: Corviknight|45/100\n|-heal|p2b: Conkeldurr|100/100|[from] drain|[of] p1a: Corviknight\n|move|p2a: Farigiraf|Hyper Voice|p1a: Corviknight|[spread] p1a\n|-activate|p1b: Excadrill|move: Protect\n|-resisted|p1a: Corviknight|1\n|-damage|p1a: Corviknight|31/100\n|move|p1a: Corviknight|Brave Bird|p2b: Conkeldurr\n|-supereffective|p2b: Conkeldurr|1\n|-damage|p2b: Conkeldurr|27/100\n|-damage|p1a: Corviknight|6/100|[from] Recoil\n|\n|-heal|p1a: Corviknight|12/100|[from] item: Leftovers\n|upkeep\n|turn|3\n|inactive|Rulr77 has 30 seconds left.\n|inactive|Rulr77 has 20 seconds left.\n|\n|t:|1775948458\n|switch|p1b: Incineroar|Incineroar, L50, F|100/100\n|-ability|p1b: Incineroar|Intimidate|boost\n|-unboost|p2a: Farigiraf|atk|1\n|-unboost|p2b: Conkeldurr|atk|1\n|move|p2b: Conkeldurr|Ice Punch|p1a: Corviknight\n|-damage|p1a: Corviknight|0 fnt\n|faint|p1a: Corviknight\n|move|p2a: Farigiraf|Hyper Voice|p1b: Incineroar\n|-crit|p1b: Incineroar\n|-damage|p1b: Incineroar|55/100\n|\n|upkeep\n|\n|t:|1775948470\n|switch|p1a: Tyranitar|Tyranitar, L50, F, shiny|100/100\n|-weather|Sandstorm|[from] ability: Sand Stream|[of] p1a: Tyranitar\n|turn|4\n|\n|t:|1775948485\n|move|p1b: Incineroar|Fake Out||[still]\n|cant|p2a: Farigiraf|ability: Armor Tail|Fake Out|[of] p1b: Incineroar\n|move|p2b: Conkeldurr|Drain Punch|p1a: Tyranitar\n|-supereffective|p1a: Tyranitar|2\n|-damage|p1a: Tyranitar|0 fnt\n|-heal|p2b: Conkeldurr|68/100|[from] drain|[of] p1a: Tyranitar\n|faint|p1a: Tyranitar\n|move|p2a: Farigiraf|Hyper Voice|p1b: Incineroar\n|-damage|p1b: Incineroar|29/100\n|-enditem|p1b: Incineroar|Sitrus Berry|[eat]\n|-heal|p1b: Incineroar|54/100|[from] item: Sitrus Berry\n|\n|-weather|Sandstorm|[upkeep]\n|-damage|p2b: Conkeldurr|62/100|[from] Sandstorm\n|-damage|p1b: Incineroar|47/100|[from] Sandstorm\n|-damage|p2a: Farigiraf|54/100|[from] Sandstorm\n|upkeep\n|\n|t:|1775948498\n|switch|p1a: Excadrill|Excadrill, L50, F, shiny|1/100\n|turn|5\n|\n|t:|1775948508\n|move|p1a: Excadrill|Protect|p1a: Excadrill\n|-singleturn|p1a: Excadrill|Protect\n|move|p2b: Conkeldurr|Drain Punch|p1b: Incineroar\n|-supereffective|p1b: Incineroar|1\n|-damage|p1b: Incineroar|0 fnt\n|-heal|p2b: Conkeldurr|84/100|[from] drain|[of] p1b: Incineroar\n|faint|p1b: Incineroar\n|move|p2a: Farigiraf|Hyper Voice|p1a: Excadrill\n|-activate|p1a: Excadrill|move: Protect\n|\n|-weather|Sandstorm|[upkeep]\n|-damage|p2b: Conkeldurr|78/100|[from] Sandstorm\n|-damage|p2a: Farigiraf|48/100|[from] Sandstorm\n|-enditem|p2a: Farigiraf|Sitrus Berry|[eat]\n|-heal|p2a: Farigiraf|73/100|[from] item: Sitrus Berry\n|-fieldend|move: Trick Room\n|upkeep\n|turn|6\n|\n|t:|1775948522\n|move|p2b: Conkeldurr|Mach Punch|p1a: Excadrill\n|-supereffective|p1a: Excadrill|1\n|-damage|p1a: Excadrill|0 fnt\n|faint|p1a: Excadrill\n|\n|win|Champ.Braeden\n|raw|Rulr77's rating: 1152 &rarr; <strong>1135</strong><br />(-17 for losing)\n|raw|Champ.Braeden's rating: 1270 &rarr; <strong>1287</strong><br />(+17 for winning)\n",
  "uploadtime": 1775948525,
  "views": 25,
  "formatid": "gen9championsvgc2026regma",
  "rating": 1135,
  "private": 0,
  "password": null
}