{
  "id": "gen9championsvgc2026regma-2589552015",
  "format": "[Gen 9 Champions] VGC 2026 Reg M-A",
  "players": [
    "Uber Threat",
    "redistr"
  ],
  "log": "|j|\u2606Uber Threat\n|j|\u2606redistr\n|t:|1776733424\n|gametype|doubles\n|player|p1|Uber Threat|1|1440\n|player|p2|redistr|chili|1448\n|gen|9\n|tier|[Gen 9 Champions] VGC 2026 Reg M-A\n|rated|\n|rule|Species Clause: Limit one of each Pok\u00e9mon\n|rule|Item Clause: Limit 1 of each item\n|clearpoke\n|poke|p1|Emboar, L50, M|\n|poke|p1|Sneasler, L50, F|\n|poke|p1|Tsareena, L50, F|\n|poke|p1|Dragapult, L50, M|\n|poke|p1|Ninetales-Alola, L50, F|\n|poke|p1|Quaquaval, L50, F|\n|poke|p2|Garchomp, L50, F, shiny|\n|poke|p2|Sneasler, L50, F, shiny|\n|poke|p2|Kingambit, L50, M, shiny|\n|poke|p2|Incineroar, L50, F|\n|poke|p2|Delphox, L50, F, shiny|\n|poke|p2|Floette-Eternal, L50, F|\n|teampreview|4\n|inactive|Battle timer is ON: inactive players will automatically lose when time's up. (requested by redistr)\n|inactive|redistr has 60 seconds left.\n|\n|t:|1776733463\n|teamsize|p1|4\n|teamsize|p2|4\n|start\n|switch|p1a: Tsareena|Tsareena, L50, F|100/100\n|switch|p1b: Sneasler|Sneasler, L50, F|100/100\n|switch|p2a: Mother|Garchomp, L50, F, shiny|100/100\n|switch|p2b: A Diva|Delphox, L50, F, shiny|100/100\n|turn|1\n|inactive|Uber Threat has 30 seconds left.\n|inactive|redistr has 30 seconds left.\n|inactive|Uber Threat has 20 seconds left.\n|inactive|Uber Threat has 15 seconds left.\n|\n|t:|1776733507\n|switch|p2a: Karma|Incineroar, L50, F|100/100\n|-ability|p2a: Karma|Intimidate|boost\n|-unboost|p1a: Tsareena|atk|1\n|-unboost|p1b: Sneasler|atk|1\n|detailschange|p2b: A Diva|Delphox-Mega, L50, F, shiny\n|-mega|p2b: A Diva|Delphox|Delphoxite\n|move|p1b: Sneasler|Fake Out|p2b: A Diva\n|-damage|p2b: A Diva|88/100\n|move|p1a: Tsareena|Triple Axel|p2a: Karma\n|-resisted|p2a: Karma|1\n|-damage|p2a: Karma|99/100\n|-resisted|p2a: Karma|1\n|-damage|p2a: Karma|96/100\n|-resisted|p2a: Karma|1\n|-damage|p2a: Karma|91/100\n|-hitcount|p2a: Karma|3\n|cant|p2b: A Diva|flinch\n|\n|-heal|p2a: Karma|97/100|[from] item: Leftovers\n|upkeep\n|turn|2\n|inactive|Uber Threat has 30 seconds left.\n|inactive|redistr has 30 seconds left.\n|\n|t:|1776733537\n|move|p1a: Tsareena|Triple Axel|p2b: A Diva\n|-resisted|p2b: A Diva|1\n|-damage|p2b: A Diva|85/100\n|-resisted|p2b: A Diva|1\n|-damage|p2b: A Diva|80/100\n|-resisted|p2b: A Diva|1\n|-damage|p2b: A Diva|72/100\n|-hitcount|p2b: A Diva|3\n|move|p2b: A Diva|Heat Wave|p1a: Tsareena|[spread] p1a,p1b\n|-supereffective|p1a: Tsareena|1\n|-damage|p1a: Tsareena|9/100\n|-damage|p1b: Sneasler|53/100\n|move|p1b: Sneasler|Dire Claw|p2b: A Diva\n|-damage|p2b: A Diva|38/100\n|move|p2a: Karma|Flare Blitz|p1a: Tsareena\n|-supereffective|p1a: Tsareena|1\n|-damage|p1a: Tsareena|0 fnt\n|faint|p1a: Tsareena\n|-damage|p2a: Karma|95/100|[from] Recoil\n|\n|-heal|p2a: Karma|100/100|[from] item: Leftovers\n|upkeep\n|\n|t:|1776733553\n|switch|p1a: Emboar|Emboar, L50, M|100/100\n|turn|3\n|inactive|redistr has 30 seconds left.\n|\n|t:|1776733602\n|switch|p2a: Mother|Garchomp, L50, F, shiny|100/100\n|detailschange|p1a: Emboar|Emboar-Mega, L50, M\n|-mega|p1a: Emboar|Emboar|Emboarite\n|-ability|p1a: Emboar|Mold Breaker\n|move|p2b: A Diva|Psychic|p1b: Sneasler\n|-supereffective|p1b: Sneasler|2\n|-damage|p1b: Sneasler|0 fnt\n|faint|p1b: Sneasler\n|move|p1a: Emboar|Bulk Up|p1a: Emboar\n|-boost|p1a: Emboar|atk|1\n|-boost|p1a: Emboar|def|1\n|\n|upkeep\n|\n|t:|1776733609\n|switch|p1b: Dragapult|Dragapult, L50, M|100/100\n|turn|4\n|inactive|Uber Threat has 30 seconds left.\n|\n|t:|1776733637\n|move|p1a: Emboar|Sucker Punch||[still]\n|-fail|p1a: Emboar\n|move|p2a: Mother|Dragon Claw|p1b: Dragapult\n|-supereffective|p1b: Dragapult|1\n|-damage|p1b: Dragapult|0 fnt\n|faint|p1b: Dragapult\n|move|p2b: A Diva|Encore|p1a: Emboar\n|-start|p1a: Emboar|Encore\n|\n|upkeep\n|turn|5\n|-message|Uber Threat forfeited.\n|\n|win|redistr\n|raw|Uber Threat's rating: 1440 &rarr; <strong>1420</strong><br />(-20 for losing)\n|raw|redistr's rating: 1448 &rarr; <strong>1468</strong><br />(+20 for winning)\n|l|\u2606Uber Threat\n|player|p1|\n",
  "uploadtime": 1776733665,
  "views": 6,
  "formatid": "gen9championsvgc2026regma",
  "rating": 1420,
  "private": 0,
  "password": null
}