{
  "id": "gen9championsvgc2026regma-2583058796",
  "format": "[Gen 9 Champions] VGC 2026 Reg M-A",
  "players": [
    "sdaht",
    "stan_stan_stan"
  ],
  "log": "|j|\u2606sdaht\n|j|\u2606stan_stan_stan\n|t:|1776137541\n|gametype|doubles\n|player|p1|sdaht|aquagrunt|1040\n|player|p2|stan_stan_stan|266|1072\n|gen|9\n|tier|[Gen 9 Champions] VGC 2026 Reg M-A\n|rated|\n|rule|Species Clause: Limit one of each Pok\u00e9mon\n|rule|Item Clause: Limit 1 of each item\n|clearpoke\n|poke|p1|Delphox, L50, F|\n|poke|p1|Garchomp, L50, M|\n|poke|p1|Rotom-Wash, L50|\n|poke|p1|Sinistcha, L50|\n|poke|p1|Aerodactyl, L50, M|\n|poke|p1|Ninetales-Alola, L50, M|\n|poke|p2|Rotom-Heat, L50|\n|poke|p2|Primarina, L50, F|\n|poke|p2|Golurk, L50|\n|poke|p2|Alakazam, L50, F|\n|poke|p2|Trevenant, L50, M|\n|poke|p2|Kangaskhan, L50, F|\n|teampreview|4\n|inactive|Battle timer is ON: inactive players will automatically lose when time's up. (requested by stan_stan_stan)\n|inactive|sdaht has 60 seconds left.\n|inactive|stan_stan_stan has 60 seconds left.\n|inactive|sdaht has 30 seconds left.\n|inactive|sdaht has 20 seconds left.\n|inactive|sdaht has 15 seconds left.\n|inactive|sdaht has 10 seconds left.\n|\n|t:|1776137625\n|teamsize|p1|4\n|teamsize|p2|4\n|start\n|switch|p1a: Delphox|Delphox, L50, F|100/100\n|switch|p1b: Garchomp|Garchomp, L50, M|100/100\n|switch|p2a: Trevenant|Trevenant, L50, M|100/100\n|switch|p2b: Kangaskhan|Kangaskhan, L50, F|100/100\n|turn|1\n|inactive|sdaht has 30 seconds left.\n|\n|t:|1776137655\n|detailschange|p1a: Delphox|Delphox-Mega, L50, F\n|-mega|p1a: Delphox|Delphox|Delphoxite\n|move|p1a: Delphox|Protect|p1a: Delphox\n|-singleturn|p1a: Delphox|Protect\n|move|p2b: Kangaskhan|Fake Out|p1a: Delphox\n|-activate|p1a: Delphox|move: Protect\n|move|p1b: Garchomp|Dragon Claw|p2b: Kangaskhan\n|-damage|p2b: Kangaskhan|56/100\n|move|p2a: Trevenant|Trick Room|p2a: Trevenant\n|-fieldstart|move: Trick Room|[of] p2a: Trevenant\n|\n|upkeep\n|turn|2\n|inactive|sdaht has 30 seconds left.\n|inactive|stan_stan_stan has 30 seconds left.\n|inactive|stan_stan_stan has 20 seconds left.\n|inactive|stan_stan_stan has 15 seconds left.\n|\n|t:|1776137700\n|switch|p2a: Primarina|Primarina, L50, F|100/100\n|switch|p1a: Sinistcha|Sinistcha, L50|100/100\n|detailschange|p2b: Kangaskhan|Kangaskhan-Mega, L50, F\n|-mega|p2b: Kangaskhan|Kangaskhan|Kangaskhanite\n|move|p2b: Kangaskhan|Crunch|p1a: Sinistcha\n|-supereffective|p1a: Sinistcha|1\n|-damage|p1a: Sinistcha|51/100\n|-supereffective|p1a: Sinistcha|1\n|-damage|p1a: Sinistcha|39/100\n|-enditem|p1a: Sinistcha|Sitrus Berry|[eat]\n|-heal|p1a: Sinistcha|63/100|[from] item: Sitrus Berry\n|-hitcount|p1a: Sinistcha|2\n|move|p1b: Garchomp|Earthquake|p2a: Primarina|[spread] p1a,p2a,p2b\n|-resisted|p1a: Sinistcha|1\n|-damage|p1a: Sinistcha|45/100\n|-damage|p2a: Primarina|43/100\n|-damage|p2b: Kangaskhan|15/100\n|-enditem|p2a: Primarina|Sitrus Berry|[eat]\n|-heal|p2a: Primarina|68/100|[from] item: Sitrus Berry\n|\n|upkeep\n|turn|3\n|inactive|sdaht has 30 seconds left.\n|\n|t:|1776137732\n|move|p1b: Garchomp|Protect|p1b: Garchomp\n|-singleturn|p1b: Garchomp|Protect\n|move|p2a: Primarina|Moonblast|p1b: Garchomp\n|-activate|p1b: Garchomp|move: Protect\n|move|p1a: Sinistcha|Matcha Gotcha|p2a: Primarina|[spread] p2a,p2b\n|-supereffective|p2a: Primarina|1\n|-damage|p2a: Primarina|31/100\n|-heal|p1a: Sinistcha|63/100|[from] drain|[of] p2a: Primarina\n|-damage|p2b: Kangaskhan|0 fnt\n|-heal|p1a: Sinistcha|71/100|[from] drain|[of] p2b: Kangaskhan\n|faint|p2b: Kangaskhan\n|\n|upkeep\n|\n|t:|1776137743\n|switch|p2b: Golurk|Golurk, L50|100/100\n|turn|4\n|\n|t:|1776137755\n|switch|p1b: Rotom|Rotom-Wash, L50|100/100\n|move|p2b: Golurk|Poltergeist||[still]\n|-fail|p2b: Golurk\n|move|p2a: Primarina|Moonblast|p1b: Rotom\n|-damage|p1b: Rotom|40/100\n|move|p1a: Sinistcha|Trick Room|p1a: Sinistcha\n|-fieldend|move: Trick Room\n|\n|upkeep\n|turn|5\n|\n|t:|1776137779\n|switch|p2a: Trevenant|Trevenant, L50, M|100/100\n|move|p1b: Rotom|Shadow Ball|p2a: Trevenant\n|-supereffective|p2a: Trevenant|1\n|-damage|p2a: Trevenant|44/100\n|-unboost|p2a: Trevenant|spd|1\n|move|p1a: Sinistcha|Matcha Gotcha|p2a: Trevenant|[spread] p2a,p2b\n|-resisted|p2a: Trevenant|1\n|-supereffective|p2b: Golurk|1\n|-damage|p2a: Trevenant|24/100\n|-heal|p1a: Sinistcha|80/100|[from] drain|[of] p2a: Trevenant\n|-damage|p2b: Golurk|49/100\n|-heal|p1a: Sinistcha|100/100|[from] drain|[of] p2b: Golurk\n|-status|p2a: Trevenant|brn\n|move|p2b: Golurk|Dynamic Punch|p1b: Rotom\n|-damage|p1b: Rotom|0 fnt\n|faint|p1b: Rotom\n|\n|-damage|p2a: Trevenant|18/100 brn|[from] brn\n|upkeep\n|\n|t:|1776137801\n|switch|p1b: Delphox|Delphox-Mega, L50, F|100/100\n|turn|6\n|\n|t:|1776137819\n|move|p1a: Sinistcha|Rage Powder|p1a: Sinistcha\n|-singleturn|p1a: Sinistcha|move: Rage Powder\n|move|p1b: Delphox|Heat Wave|p2a: Trevenant|[spread] p2a,p2b\n|-supereffective|p2a: Trevenant|1\n|-damage|p2a: Trevenant|0 fnt\n|-damage|p2b: Golurk|0 fnt\n|faint|p2a: Trevenant\n|faint|p2b: Golurk\n|\n|upkeep\n|\n|t:|1776137824\n|switch|p2a: Primarina|Primarina, L50, F|31/100\n|turn|7\n|\n|t:|1776137829\n|move|p1b: Delphox|Psychic|p2a: Primarina\n|-damage|p2a: Primarina|0 fnt\n|faint|p2a: Primarina\n|\n|win|sdaht\n|raw|sdaht's rating: 1040 &rarr; <strong>1077</strong><br />(+37 for winning)\n|raw|stan_stan_stan's rating: 1072 &rarr; <strong>1049</strong><br />(-23 for losing)\n|l|\u2606stan_stan_stan\n|player|p2|\n",
  "uploadtime": 1776137839,
  "views": 11,
  "formatid": "gen9championsvgc2026regma",
  "rating": 1049,
  "private": 0,
  "password": null
}