{
  "id": "gen9championsvgc2026regma-2588735199",
  "format": "[Gen 9 Champions] VGC 2026 Reg M-A",
  "players": [
    "swbthj",
    "noRNGplz"
  ],
  "log": "|j|\u2606swbthj\n|j|\u2606noRNGplz\n|t:|1776663756\n|gametype|doubles\n|player|p1|swbthj|skyla|1380\n|player|p2|noRNGplz|265|1370\n|gen|9\n|tier|[Gen 9 Champions] VGC 2026 Reg M-A\n|rated|\n|rule|Species Clause: Limit one of each Pok\u00e9mon\n|rule|Item Clause: Limit 1 of each item\n|clearpoke\n|poke|p1|Froslass, L50, F|\n|poke|p1|Aerodactyl, L50, M|\n|poke|p1|Kingambit, L50, F|\n|poke|p1|Sneasler, L50, F|\n|poke|p1|Basculegion, L50, M|\n|poke|p1|Garchomp, L50, M|\n|poke|p2|Goodra-Hisui, L50, M|\n|poke|p2|Sneasler, L50, M|\n|poke|p2|Basculegion, L50, M|\n|poke|p2|Sinistcha-Masterpiece, L50|\n|poke|p2|Aerodactyl, L50, F|\n|poke|p2|Delphox, L50, M|\n|teampreview|4\n|j| Crvstal_K!tty\n|\n|t:|1776663825\n|teamsize|p1|4\n|teamsize|p2|4\n|start\n|switch|p1a: Froslass|Froslass, L50, F|100/100\n|switch|p1b: Basculegion|Basculegion, L50, M|100/100\n|switch|p2a: Delphox|Delphox, L50, M|100/100\n|switch|p2b: Goodra|Goodra-Hisui, L50, M|100/100\n|turn|1\n|\n|t:|1776663856\n|detailschange|p1a: Froslass|Froslass-Mega, L50, F\n|-mega|p1a: Froslass|Froslass|Froslassite\n|-weather|Snowscape|[from] ability: Snow Warning|[of] p1a: Froslass\n|move|p2a: Delphox|Protect|p2a: Delphox\n|-singleturn|p2a: Delphox|Protect\n|move|p1b: Basculegion|Flip Turn|p2b: Goodra\n|-resisted|p2b: Goodra|1\n|-damage|p2b: Goodra|87/100\n|\n|t:|1776663865\n|switch|p1b: Kingambit|Kingambit, L50, F|100/100|[from] Flip Turn\n|move|p1a: Froslass|Aurora Veil|p1a: Froslass\n|-sidestart|p1: swbthj|move: Aurora Veil\n|move|p2b: Goodra|Shelter|p2b: Goodra\n|-boost|p2b: Goodra|def|2\n|\n|-weather|Snowscape|[upkeep]\n|-heal|p2b: Goodra|92/100|[from] item: Leftovers\n|upkeep\n|turn|2\n|\n|t:|1776663887\n|detailschange|p2a: Delphox|Delphox-Mega, L50, M\n|-mega|p2a: Delphox|Delphox|Delphoxite\n|move|p1b: Kingambit|Sucker Punch||[still]\n|-fail|p1b: Kingambit\n|move|p2a: Delphox|Encore|p1a: Froslass\n|-start|p1a: Froslass|Encore\n|move|p1a: Froslass|Aurora Veil||[still]\n|-fail|p1a: Froslass\n|move|p2b: Goodra|Body Press|p1b: Kingambit\n|-supereffective|p1b: Kingambit|2\n|-enditem|p1b: Kingambit|Chople Berry|[eat]\n|-enditem|p1b: Kingambit|Chople Berry|[weaken]\n|-damage|p1b: Kingambit|50/100\n|\n|-weather|Snowscape|[upkeep]\n|-heal|p2b: Goodra|98/100|[from] item: Leftovers\n|upkeep\n|turn|3\n|\n|t:|1776663911\n|switch|p1a: Aerodactyl|Aerodactyl, L50, M|100/100\n|-ability|p1a: Aerodactyl|Unnerve\n|move|p1b: Kingambit|Protect|p1b: Kingambit\n|-singleturn|p1b: Kingambit|Protect\n|move|p2a: Delphox|Heat Wave|p1b: Kingambit|[spread] p1a\n|-activate|p1b: Kingambit|move: Protect\n|-resisted|p1a: Aerodactyl|1\n|-damage|p1a: Aerodactyl|79/100\n|move|p2b: Goodra|Body Press|p1b: Kingambit\n|-activate|p1b: Kingambit|move: Protect\n|\n|-weather|Snowscape|[upkeep]\n|-heal|p2b: Goodra|100/100|[from] item: Leftovers\n|upkeep\n|turn|4\n|\n|t:|1776663932\n|move|p1b: Kingambit|Sucker Punch||[still]\n|-fail|p1b: Kingambit\n|move|p2a: Delphox|Encore|p1b: Kingambit\n|-start|p1b: Kingambit|Encore\n|move|p1a: Aerodactyl|Tailwind|p1a: Aerodactyl\n|-sidestart|p1: swbthj|move: Tailwind\n|move|p2b: Goodra|Shelter|p2b: Goodra\n|-boost|p2b: Goodra|def|2\n|\n|-weather|Snowscape|[upkeep]\n|upkeep\n|turn|5\n|\n|t:|1776663949\n|switch|p1b: Basculegion|Basculegion, L50, M|100/100\n|move|p2a: Delphox|Protect|p2a: Delphox\n|-singleturn|p2a: Delphox|Protect\n|move|p1a: Aerodactyl|Rock Slide|p2b: Goodra|[spread] p2b\n|-activate|p2a: Delphox|move: Protect\n|-resisted|p2b: Goodra|1\n|-damage|p2b: Goodra|97/100\n|move|p2b: Goodra|Body Press|p1a: Aerodactyl\n|-damage|p1a: Aerodactyl|2/100\n|\n|-weather|none\n|-heal|p2b: Goodra|100/100|[from] item: Leftovers\n|-sideend|p1: swbthj|move: Aurora Veil\n|upkeep\n|turn|6\n|\n|t:|1776663967\n|switch|p2a: Aerodactyl|Aerodactyl, L50, F|100/100\n|-ability|p2a: Aerodactyl|Unnerve\n|move|p1b: Basculegion|Flip Turn|p2a: Aerodactyl\n|-supereffective|p2a: Aerodactyl|1\n|-enditem|p2a: Aerodactyl|Focus Sash\n|-damage|p2a: Aerodactyl|1/100\n|\n|t:|1776663976\n|switch|p1b: Froslass|Froslass-Mega, L50, F|100/100|[from] Flip Turn\n|-weather|Snowscape|[from] ability: Snow Warning|[of] p1b: Froslass\n|move|p1a: Aerodactyl|Rock Slide|p2b: Goodra|[spread] p2a,p2b\n|-supereffective|p2a: Aerodactyl|1\n|-resisted|p2b: Goodra|1\n|-damage|p2a: Aerodactyl|0 fnt\n|-damage|p2b: Goodra|98/100\n|faint|p2a: Aerodactyl\n|move|p2b: Goodra|Heavy Slam|p1b: Froslass\n|-supereffective|p1b: Froslass|1\n|-damage|p1b: Froslass|13/100\n|\n|-weather|Snowscape|[upkeep]\n|-heal|p2b: Goodra|100/100|[from] item: Leftovers\n|upkeep\n|\n|t:|1776663992\n|switch|p2a: Delphox|Delphox-Mega, L50, M|100/100\n|turn|7\n|\n|t:|1776664015\n|move|p2a: Delphox|Protect|p2a: Delphox\n|-singleturn|p2a: Delphox|Protect\n|move|p1a: Aerodactyl|Rock Slide|p2b: Goodra|[spread] p2b\n|-activate|p2a: Delphox|move: Protect\n|-resisted|p2b: Goodra|1\n|-damage|p2b: Goodra|97/100\n|move|p1b: Froslass|Blizzard|p2a: Delphox|[spread] p2b\n|-activate|p2a: Delphox|move: Protect\n|-damage|p2b: Goodra|68/100\n|cant|p2b: Goodra|flinch\n|\n|-weather|Snowscape|[upkeep]\n|-heal|p2b: Goodra|74/100|[from] item: Leftovers\n|-sideend|p1: swbthj|move: Tailwind\n|upkeep\n|turn|8\n|\n|t:|1776664038\n|switch|p1b: Kingambit|Kingambit, L50, F|50/100\n|move|p2a: Delphox|Heat Wave|p1b: Kingambit|[spread] p1a,p1b\n|-resisted|p1a: Aerodactyl|1\n|-supereffective|p1b: Kingambit|1\n|-damage|p1a: Aerodactyl|0 fnt\n|-damage|p1b: Kingambit|0 fnt\n|faint|p1a: Aerodactyl\n|faint|p1b: Kingambit\n|move|p2b: Goodra|Shelter|p2b: Goodra\n|-boost|p2b: Goodra|def|2\n|\n|-weather|Snowscape|[upkeep]\n|-heal|p2b: Goodra|80/100|[from] item: Leftovers\n|upkeep\n|-message|swbthj forfeited.\n|\n|win|noRNGplz\n|raw|swbthj's rating: 1380 &rarr; <strong>1359</strong><br />(-21 for losing)\n|raw|noRNGplz's rating: 1370 &rarr; <strong>1391</strong><br />(+21 for winning)\n|l|\u2606swbthj\n|player|p1|\n",
  "uploadtime": 1776664052,
  "views": 27,
  "formatid": "gen9championsvgc2026regma",
  "rating": 1359,
  "private": 0,
  "password": null
}