{
  "id": "gen9championsvgc2026regma-2580914325",
  "format": "[Gen 9 Champions] VGC 2026 Reg M-A",
  "players": [
    "Shortaay",
    "xoata"
  ],
  "log": "|j|\u2606Shortaay\n|j|\u2606xoata\n|t:|1775942910\n|gametype|doubles\n|player|p1|Shortaay|1|1045\n|player|p2|xoata|hiker-gen4|1058\n|gen|9\n|tier|[Gen 9 Champions] VGC 2026 Reg M-A\n|rated|\n|rule|Species Clause: Limit one of each Pok\u00e9mon\n|rule|Item Clause: Limit 1 of each item\n|clearpoke\n|poke|p1|Incineroar, L50, M|\n|poke|p1|Aerodactyl, L50, F|\n|poke|p1|Archaludon, L50, M|\n|poke|p1|Sinistcha, L50|\n|poke|p1|Maushold-Four, L50|\n|poke|p1|Orthworm, L50, F|\n|poke|p2|Gengar, L50, F|\n|poke|p2|Umbreon, L50, F|\n|poke|p2|Sinistcha, L50|\n|poke|p2|Incineroar, L50, M|\n|poke|p2|Aerodactyl, L50, M|\n|poke|p2|Whimsicott, L50, F|\n|teampreview|4\n|inactive|Battle timer is ON: inactive players will automatically lose when time's up. (requested by xoata)\n|inactive|Shortaay has 60 seconds left.\n|\n|t:|1775942946\n|teamsize|p1|4\n|teamsize|p2|4\n|start\n|switch|p1a: Incineroar|Incineroar, L50, M|100/100\n|switch|p1b: Aerodactyl|Aerodactyl, L50, F|100/100\n|switch|p2a: song|Gengar, L50, F, shiny|100/100\n|switch|p2b: jailer|Umbreon, L50, F, shiny|100/100\n|-ability|p1b: Aerodactyl|Unnerve\n|-ability|p1a: Incineroar|Intimidate|boost\n|-unboost|p2a: song|atk|1\n|-fail|p2b: jailer|unboost|Attack|[from] ability: Inner Focus|[of] p2b: jailer\n|turn|1\n|\n|t:|1775942969\n|detailschange|p2a: song|Gengar-Mega, L50, F, shiny\n|-mega|p2a: song|Gengar|Gengarite\n|move|p1a: Incineroar|Fake Out|p2b: jailer\n|-damage|p2b: jailer|92/100\n|move|p2a: song|Perish Song|p2a: song\n|-start|p1a: Incineroar|perish3|[silent]\n|-start|p1b: Aerodactyl|perish3|[silent]\n|-start|p2a: song|perish3|[silent]\n|-start|p2b: jailer|perish3|[silent]\n|-fieldactivate|move: Perish Song\n|move|p1b: Aerodactyl|Taunt|p2a: song\n|-start|p2a: song|move: Taunt\n|move|p2b: jailer|Skill Swap|p2a: song\n|-activate|p2b: jailer|Skill Swap|||[of] p2a: song\n|\n|-start|p2a: song|perish3\n|-start|p1b: Aerodactyl|perish3\n|-start|p1a: Incineroar|perish3\n|-start|p2b: jailer|perish3\n|upkeep\n|turn|2\n|inactive|Shortaay has 30 seconds left.\n|\n|t:|1775943004\n|switch|p2a: metacuck|Incineroar, L50, M, shiny|100/100\n|-ability|p2a: metacuck|Intimidate|boost\n|-unboost|p1a: Incineroar|atk|1\n|-unboost|p1b: Aerodactyl|atk|1\n|move|p2b: jailer|Protect|p2b: jailer\n|-singleturn|p2b: jailer|Protect\n|move|p1b: Aerodactyl|Taunt|p2b: jailer\n|-activate|p2b: jailer|move: Protect\n|move|p1a: Incineroar|Parting Shot|p2a: metacuck\n|-unboost|p2a: metacuck|atk|1\n|-unboost|p2a: metacuck|spa|1\n|\n|t:|1775943018\n|switch|p1a: Archaludon|Archaludon, L50, M|100/100|[from] Parting Shot\n|\n|-start|p1b: Aerodactyl|perish2\n|-start|p2b: jailer|perish2\n|upkeep\n|turn|3\n|inactive|xoata has 30 seconds left.\n|\n|t:|1775943044\n|move|p1b: Aerodactyl|Rock Slide|p2a: metacuck|[spread] p2a,p2b\n|-supereffective|p2a: metacuck|1\n|-damage|p2a: metacuck|68/100\n|-damage|p2b: jailer|79/100\n|move|p1a: Archaludon|Aura Sphere|p2a: metacuck\n|-supereffective|p2a: metacuck|1\n|-damage|p2a: metacuck|11/100\n|move|p2b: jailer|Rest|p2b: jailer\n|-status|p2b: jailer|slp|[from] move: Rest\n|-heal|p2b: jailer|100/100 slp|[silent]\n|move|p2a: metacuck|Parting Shot|p1a: Archaludon\n|-unboost|p1a: Archaludon|atk|1\n|-unboost|p1a: Archaludon|spa|1\n|\n|t:|1775943058\n|switch|p2a: song|Gengar-Mega, L50, F, shiny|100/100|[from] Parting Shot\n|\n|-start|p1b: Aerodactyl|perish1\n|-start|p2b: jailer|perish1\n|upkeep\n|turn|4\n|inactive|xoata has 30 seconds left.\n|\n|t:|1775943087\n|switch|p2b: metacuck|Incineroar, L50, M, shiny|11/100\n|-ability|p2b: metacuck|Intimidate|boost\n|-unboost|p1a: Archaludon|atk|1\n|-unboost|p1b: Aerodactyl|atk|1\n|move|p2a: song|Perish Song|p2a: song\n|-start|p1a: Archaludon|perish3|[silent]\n|-start|p2a: song|perish3|[silent]\n|-start|p2b: metacuck|perish3|[silent]\n|-fieldactivate|move: Perish Song\n|move|p1b: Aerodactyl|Rock Slide|p2b: metacuck|[spread] p2a,p2b\n|-supereffective|p2b: metacuck|1\n|-crit|p2b: metacuck\n|-damage|p2a: song|83/100\n|-damage|p2b: metacuck|0 fnt\n|faint|p2b: metacuck\n|move|p1a: Archaludon|Aura Sphere|p2a: song\n|-immune|p2a: song\n|\n|-start|p2a: song|perish3\n|-start|p1b: Aerodactyl|perish0\n|-start|p1a: Archaludon|perish3\n|faint|p1b: Aerodactyl\n|upkeep\n|\n|t:|1775943107\n|switch|p1b: Sinistcha|Sinistcha, L50|100/100\n|switch|p2b: jailer|Umbreon, L50, F, shiny|100/100 slp\n|-enditem|p2b: jailer|Lum Berry|[eat]\n|-curestatus|p2b: jailer|slp|[msg]\n|turn|5\n|\n|t:|1775943124\n|move|p1b: Sinistcha|Protect|p1b: Sinistcha\n|-singleturn|p1b: Sinistcha|Protect\n|move|p2a: song|Shadow Ball|p1b: Sinistcha\n|-activate|p1b: Sinistcha|move: Protect\n|move|p1a: Archaludon|Aura Sphere|p2b: jailer\n|-supereffective|p2b: jailer|1\n|-damage|p2b: jailer|76/100\n|move|p2b: jailer|Skill Swap|p2a: song\n|-activate|p2b: jailer|Skill Swap|||[of] p2a: song\n|\n|-start|p2a: song|perish2\n|-start|p1a: Archaludon|perish2\n|upkeep\n|turn|6\n|inactive|Shortaay has 30 seconds left.\n|\n|t:|1775943155\n|move|p2b: jailer|Protect|p2b: jailer\n|-singleturn|p2b: jailer|Protect\n|move|p2a: song|Shadow Ball|p1b: Sinistcha\n|-supereffective|p1b: Sinistcha|1\n|-damage|p1b: Sinistcha|0 fnt\n|faint|p1b: Sinistcha\n|move|p1a: Archaludon|Flash Cannon|p2a: song\n|-crit|p2a: song\n|-damage|p2a: song|5/100\n|\n|-start|p2a: song|perish1\n|-start|p1a: Archaludon|perish1\n|upkeep\n|\n|t:|1775943168\n|switch|p1b: Incineroar|Incineroar, L50, M|100/100\n|-ability|p1b: Incineroar|Intimidate|boost\n|-fail|p2a: song|unboost|Attack|[from] ability: Inner Focus|[of] p2a: song\n|-unboost|p2b: jailer|atk|1\n|turn|7\n|\n|t:|1775943185\n|switch|p2a: medic|Sinistcha, L50, shiny|100/100\n|-heal|p2b: jailer|100/100|[from] ability: Hospitality|[of] p2a: medic\n|move|p1b: Incineroar|Fake Out|p2b: jailer\n|-damage|p2b: jailer|92/100\n|move|p1a: Archaludon|Flash Cannon|p2a: medic\n|-damage|p2a: medic|72/100\n|cant|p2b: jailer|flinch\n|\n|-start|p1a: Archaludon|perish0\n|upkeep\n|faint|p1a: Archaludon\n|turn|8\n|\n|t:|1775943204\n|move|p2a: medic|Matcha Gotcha|p1b: Incineroar\n|-resisted|p1b: Incineroar|1\n|-damage|p1b: Incineroar|87/100\n|-heal|p2a: medic|80/100|[from] drain|[of] p1b: Incineroar\n|move|p1b: Incineroar|Flare Blitz|p2a: medic\n|-supereffective|p2a: medic|1\n|-damage|p2a: medic|0 fnt\n|faint|p2a: medic\n|-damage|p1b: Incineroar|64/100|[from] Recoil\n|move|p2b: jailer|Snarl|p1b: Incineroar\n|-resisted|p1b: Incineroar|1\n|-damage|p1b: Incineroar|58/100\n|-unboost|p1b: Incineroar|spa|1\n|\n|upkeep\n|\n|t:|1775943217\n|switch|p2a: song|Gengar-Mega, L50, F, shiny|5/100\n|turn|9\n|\n|t:|1775943225\n|move|p2a: song|Shadow Ball|p1b: Incineroar\n|-resisted|p1b: Incineroar|1\n|-damage|p1b: Incineroar|39/100\n|move|p1b: Incineroar|Flare Blitz|p2a: song\n|-damage|p2a: song|0 fnt\n|faint|p2a: song\n|-damage|p1b: Incineroar|37/100|[from] Recoil\n|move|p2b: jailer|Snarl|p1b: Incineroar\n|-resisted|p1b: Incineroar|1\n|-damage|p1b: Incineroar|32/100\n|-unboost|p1b: Incineroar|spa|1\n|\n|upkeep\n|turn|10\n|\n|t:|1775943237\n|move|p1b: Incineroar|Will-O-Wisp|p2b: jailer\n|-status|p2b: jailer|brn\n|move|p2b: jailer|Snarl|p1b: Incineroar\n|-resisted|p1b: Incineroar|1\n|-crit|p1b: Incineroar\n|-damage|p1b: Incineroar|22/100\n|-unboost|p1b: Incineroar|spa|1\n|\n|-damage|p2b: jailer|86/100 brn|[from] brn\n|upkeep\n|turn|11\n|\n|t:|1775943245\n|move|p1b: Incineroar|Parting Shot|p2b: jailer\n|-unboost|p2b: jailer|atk|1\n|-unboost|p2b: jailer|spa|1\n|move|p2b: jailer|Snarl|p1b: Incineroar\n|-resisted|p1b: Incineroar|1\n|-damage|p1b: Incineroar|19/100\n|-unboost|p1b: Incineroar|spa|1\n|\n|-damage|p2b: jailer|80/100 brn|[from] brn\n|upkeep\n|turn|12\n|\n|t:|1775943257\n|move|p1b: Incineroar|Parting Shot|p2b: jailer\n|-unboost|p2b: jailer|atk|1\n|-unboost|p2b: jailer|spa|1\n|move|p2b: jailer|Snarl|p1b: Incineroar\n|-resisted|p1b: Incineroar|1\n|-damage|p1b: Incineroar|16/100\n|-unboost|p1b: Incineroar|spa|1\n|\n|-damage|p2b: jailer|74/100 brn|[from] brn\n|upkeep\n|turn|13\n|\n|t:|1775943268\n|move|p1b: Incineroar|Flare Blitz|p2b: jailer\n|-damage|p2b: jailer|35/100 brn\n|-damage|p1b: Incineroar|4/100|[from] Recoil\n|move|p2b: jailer|Snarl|p1b: Incineroar\n|-resisted|p1b: Incineroar|1\n|-damage|p1b: Incineroar|0 fnt\n|faint|p1b: Incineroar\n|\n|win|xoata\n|raw|Shortaay's rating: 1045 &rarr; <strong>1029</strong><br />(-16 for losing)\n|raw|xoata's rating: 1058 &rarr; <strong>1088</strong><br />(+30 for winning)\n|l|\u2606Shortaay\n|player|p1|\n",
  "uploadtime": 1775943285,
  "views": 11,
  "formatid": "gen9championsvgc2026regma",
  "rating": 1029,
  "private": 0,
  "password": null
}