{
  "id": "gen9championsvgc2026regma-2587456313",
  "format": "[Gen 9 Champions] VGC 2026 Reg M-A",
  "players": [
    "Fyrialle",
    "guzzlordstrainer"
  ],
  "log": "|j|\u2606Fyrialle\n|j|\u2606guzzlordstrainer\n|t:|1776533351\n|gametype|doubles\n|player|p1|Fyrialle|102|1089\n|player|p2|guzzlordstrainer|brycen|1033\n|gen|9\n|tier|[Gen 9 Champions] VGC 2026 Reg M-A\n|rated|\n|rule|Species Clause: Limit one of each Pok\u00e9mon\n|rule|Item Clause: Limit 1 of each item\n|clearpoke\n|poke|p1|Garchomp, L50, M|\n|poke|p1|Floette-Eternal, L50, F|\n|poke|p1|Sneasler, L50, M|\n|poke|p1|Froslass, L50, F|\n|poke|p1|Kingambit, L50, M|\n|poke|p1|Pelipper, L50, M|\n|poke|p2|Primarina, L50, F|\n|poke|p2|Incineroar, L50, M|\n|poke|p2|Clefable, L50, M|\n|poke|p2|Froslass, L50, F|\n|poke|p2|Maushold, L50|\n|poke|p2|Meowstic, L50, M|\n|teampreview|4\n|\n|t:|1776533377\n|teamsize|p1|4\n|teamsize|p2|4\n|start\n|switch|p1a: Froslass|Froslass, L50, F|100/100\n|switch|p1b: Pelipper|Pelipper, L50, M|100/100\n|switch|p2a: Primarina|Primarina, L50, F|100/100\n|switch|p2b: Meowstic|Meowstic, L50, M|100/100\n|turn|1\n|\n|t:|1776533409\n|detailschange|p1a: Froslass|Froslass-Mega, L50, F\n|-mega|p1a: Froslass|Froslass|Froslassite\n|-weather|Snowscape|[from] ability: Snow Warning|[of] p1a: Froslass\n|move|p2b: Meowstic|Fake Out|p1b: Pelipper\n|-damage|p1b: Pelipper|96/100\n|move|p1a: Froslass|Shadow Ball|p2b: Meowstic\n|-supereffective|p2b: Meowstic|1\n|-enditem|p2b: Meowstic|Focus Sash\n|-damage|p2b: Meowstic|1/100\n|-unboost|p2b: Meowstic|spd|1\n|cant|p1b: Pelipper|flinch\n|move|p2a: Primarina|Hyper Voice|p1b: Pelipper|[spread] p1a,p1b\n|-resisted|p1b: Pelipper|1\n|-damage|p1a: Froslass|56/100\n|-damage|p1b: Pelipper|69/100\n|\n|-weather|Snowscape|[upkeep]\n|-heal|p1b: Pelipper|75/100|[from] item: Leftovers\n|upkeep\n|turn|2\n|\n|t:|1776533439\n|move|p2b: Meowstic|Protect|p2b: Meowstic\n|-singleturn|p2b: Meowstic|Protect\n|move|p1a: Froslass|Blizzard|p2a: Primarina|[spread] p2a\n|-activate|p2b: Meowstic|move: Protect\n|-resisted|p2a: Primarina|1\n|-damage|p2a: Primarina|81/100\n|move|p1b: Pelipper|Hurricane|p2a: Primarina\n|-damage|p2a: Primarina|45/100\n|-start|p2a: Primarina|confusion\n|-activate|p2a: Primarina|confusion\n|-damage|p2a: Primarina|36/100|[from] confusion\n|\n|-weather|Snowscape|[upkeep]\n|-heal|p1b: Pelipper|81/100|[from] item: Leftovers\n|-heal|p2a: Primarina|42/100|[from] item: Leftovers\n|upkeep\n|turn|3\n|c|\u2606guzzlordstrainer|Great\n|\n|t:|1776533464\n|-end|p2a: Primarina|confusion\n|move|p2a: Primarina|Protect|p2a: Primarina\n|-singleturn|p2a: Primarina|Protect\n|move|p2b: Meowstic|Reflect|p2b: Meowstic\n|-sidestart|p2: guzzlordstrainer|Reflect\n|move|p1a: Froslass|Blizzard|p2b: Meowstic|[spread] p2b\n|-activate|p2a: Primarina|move: Protect\n|-crit|p2b: Meowstic\n|-damage|p2b: Meowstic|0 fnt\n|faint|p2b: Meowstic\n|move|p1b: Pelipper|Hurricane|p2a: Primarina\n|-activate|p2a: Primarina|move: Protect\n|\n|-weather|Snowscape|[upkeep]\n|-heal|p1b: Pelipper|87/100|[from] item: Leftovers\n|-heal|p2a: Primarina|48/100|[from] item: Leftovers\n|upkeep\n|\n|t:|1776533489\n|switch|p2b: Froslass|Froslass, L50, F|100/100\n|turn|4\n|\n|t:|1776533512\n|switch|p1b: Sneasler|Sneasler, L50, M|100/100\n|detailschange|p2b: Froslass|Froslass-Mega, L50, F\n|-mega|p2b: Froslass|Froslass|Froslassite\n|move|p2b: Froslass|Shadow Ball|p1a: Froslass\n|-supereffective|p1a: Froslass|1\n|-damage|p1a: Froslass|0 fnt\n|faint|p1a: Froslass\n|move|p2a: Primarina|Hyper Voice|p1b: Sneasler\n|-damage|p1b: Sneasler|28/100\n|\n|-weather|Snowscape|[upkeep]\n|-heal|p2a: Primarina|54/100|[from] item: Leftovers\n|upkeep\n|\n|t:|1776533528\n|switch|p1a: Garchomp|Garchomp, L50, M|100/100\n|turn|5\n|\n|t:|1776533535\n|move|p1b: Sneasler|Fake Out|p2a: Primarina\n|-damage|p2a: Primarina|43/100\n|move|p2b: Froslass|Blizzard|p1a: Garchomp|[spread] p1a,p1b\n|-supereffective|p1a: Garchomp|2\n|-damage|p1a: Garchomp|0 fnt\n|-damage|p1b: Sneasler|0 fnt\n|faint|p1a: Garchomp\n|faint|p1b: Sneasler\n|cant|p2a: Primarina|flinch\n|\n|-weather|none\n|-heal|p2a: Primarina|49/100|[from] item: Leftovers\n|upkeep\n|inactive|Battle timer is ON: inactive players will automatically lose when time's up. (requested by guzzlordstrainer)\n|\n|t:|1776533560\n|switch|p1b: Pelipper|Pelipper, L50, M|87/100\n|turn|6\n|\n|t:|1776533571\n|move|p2b: Froslass|Shadow Ball|p1b: Pelipper\n|-damage|p1b: Pelipper|22/100\n|move|p1b: Pelipper|Hurricane|p2a: Primarina\n|-damage|p2a: Primarina|12/100\n|-start|p2a: Primarina|confusion\n|-activate|p2a: Primarina|confusion\n|-damage|p2a: Primarina|3/100|[from] confusion\n|\n|-heal|p1b: Pelipper|28/100|[from] item: Leftovers\n|-heal|p2a: Primarina|9/100|[from] item: Leftovers\n|upkeep\n|turn|7\n|\n|t:|1776533586\n|move|p1b: Pelipper|Protect|p1b: Pelipper\n|-singleturn|p1b: Pelipper|Protect\n|move|p2b: Froslass|Blizzard|p1b: Pelipper\n|-activate|p1b: Pelipper|move: Protect\n|-activate|p2a: Primarina|confusion\n|move|p2a: Primarina|Draining Kiss|p1b: Pelipper\n|-activate|p1b: Pelipper|move: Protect\n|\n|-heal|p1b: Pelipper|34/100|[from] item: Leftovers\n|-heal|p2a: Primarina|15/100|[from] item: Leftovers\n|-sideend|p2: guzzlordstrainer|Reflect\n|upkeep\n|turn|8\n|\n|t:|1776533606\n|-end|p2a: Primarina|confusion\n|move|p2a: Primarina|Protect|p2a: Primarina\n|-singleturn|p2a: Primarina|Protect\n|move|p2b: Froslass|Will-O-Wisp|p1b: Pelipper\n|-status|p1b: Pelipper|brn\n|move|p1b: Pelipper|Hurricane|p2b: Froslass|[miss]\n|-miss|p1b: Pelipper|p2b: Froslass\n|\n|-heal|p1b: Pelipper|40/100 brn|[from] item: Leftovers\n|-heal|p2a: Primarina|21/100|[from] item: Leftovers\n|-damage|p1b: Pelipper|34/100 brn|[from] brn\n|upkeep\n|turn|9\n|\n|t:|1776533624\n|move|p2a: Primarina|Protect||[still]\n|-fail|p2a: Primarina\n|move|p2b: Froslass|Aurora Veil||[still]\n|-fail|p2b: Froslass\n|move|p1b: Pelipper|Hurricane|p2b: Froslass\n|-crit|p2b: Froslass\n|-damage|p2b: Froslass|19/100\n|\n|-heal|p1b: Pelipper|40/100 brn|[from] item: Leftovers\n|-heal|p2a: Primarina|27/100|[from] item: Leftovers\n|-damage|p1b: Pelipper|34/100 brn|[from] brn\n|upkeep\n|turn|10\n|c|\u2606guzzlordstrainer|Ok you have to die now\n|\n|t:|1776533645\n|move|p2b: Froslass|Shadow Ball|p1b: Pelipper\n|-damage|p1b: Pelipper|0 fnt\n|faint|p1b: Pelipper\n|\n|win|guzzlordstrainer\n|raw|Fyrialle's rating: 1089 &rarr; <strong>1062</strong><br />(-27 for losing)\n|raw|guzzlordstrainer's rating: 1033 &rarr; <strong>1074</strong><br />(+41 for winning)\n|l|\u2606Fyrialle\n|player|p1|\n",
  "uploadtime": 1776533650,
  "views": 13,
  "formatid": "gen9championsvgc2026regma",
  "rating": 1062,
  "private": 0,
  "password": null
}