{
  "id": "gen9championsvgc2026regma-2581490761",
  "format": "[Gen 9 Champions] VGC 2026 Reg M-A",
  "players": [
    "robbo5",
    "Kalaphant"
  ],
  "log": "|j|\u2606robbo5\n|j|\u2606Kalaphant\n|t:|1776005313\n|gametype|doubles\n|player|p1|robbo5|170|1098\n|player|p2|Kalaphant|1|1114\n|gen|9\n|tier|[Gen 9 Champions] VGC 2026 Reg M-A\n|rated|\n|rule|Species Clause: Limit one of each Pok\u00e9mon\n|rule|Item Clause: Limit 1 of each item\n|clearpoke\n|poke|p1|Espathra, L50, F|\n|poke|p1|Sneasler, L50, F|\n|poke|p1|Chandelure, L50, M|\n|poke|p1|Garchomp, L50, F|\n|poke|p1|Alakazam, L50, F|\n|poke|p1|Clefable, L50, F|\n|poke|p2|Gengar, L50, M|\n|poke|p2|Politoed, L50, M|\n|poke|p2|Whimsicott, L50, F|\n|poke|p2|Incineroar, L50, M|\n|poke|p2|Charizard, L50, F|\n|poke|p2|Sneasler, L50, M|\n|teampreview|4\n|inactive|Battle timer is ON: inactive players will automatically lose when time's up. (requested by Kalaphant)\nKalaphant has agreed to open team sheets.\n|c|\u2606Kalaphant|glhf\n|inactive|Kalaphant has 60 seconds left.\n|\n|t:|1776005344\n|teamsize|p1|4\n|teamsize|p2|4\n|start\n|switch|p1a: Espathra|Espathra, L50, F|100/100\n|switch|p1b: Chandelure|Chandelure, L50, M|100/100\n|switch|p2a: Gengar|Gengar, L50, M|100/100\n|switch|p2b: Incineroar|Incineroar, L50, M|100/100\n|-ability|p2b: Incineroar|Intimidate|boost\n|-unboost|p1a: Espathra|atk|1\n|-unboost|p1b: Chandelure|atk|1\n|turn|1\n|inactive|robbo5 has 30 seconds left.\n|inactive|Kalaphant has 30 seconds left.\n|\n|t:|1776005377\n|detailschange|p2a: Gengar|Gengar-Mega, L50, M\n|-mega|p2a: Gengar|Gengar|Gengarite\n|move|p1a: Espathra|Protect|p1a: Espathra\n|-singleturn|p1a: Espathra|Protect\n|move|p2b: Incineroar|Fake Out|p1a: Espathra\n|-activate|p1a: Espathra|move: Protect\n|move|p2a: Gengar|Shadow Ball|p1b: Chandelure\n|-supereffective|p1b: Chandelure|1\n|-enditem|p1b: Chandelure|Focus Sash\n|-damage|p1b: Chandelure|1/100\n|move|p1b: Chandelure|Shadow Ball|p2a: Gengar\n|-supereffective|p2a: Gengar|1\n|-damage|p2a: Gengar|20/100\n|\n|-ability|p1a: Espathra|Speed Boost|boost\n|-boost|p1a: Espathra|spe|1\n|upkeep\n|turn|2\n|inactive|robbo5 has 30 seconds left.\n|inactive|robbo5 has 20 seconds left.\n|inactive|robbo5 has 15 seconds left.\n|\n|t:|1776005421\n|move|p2a: Gengar|Protect|p2a: Gengar\n|-singleturn|p2a: Gengar|Protect\n|move|p1a: Espathra|Lumina Crash|p2a: Gengar\n|-activate|p2a: Gengar|move: Protect\n|move|p1b: Chandelure|Shadow Ball|p2b: Incineroar\n|-resisted|p2b: Incineroar|1\n|-damage|p2b: Incineroar|83/100\n|move|p2b: Incineroar|Throat Chop|p1b: Chandelure\n|-supereffective|p1b: Chandelure|1\n|-damage|p1b: Chandelure|0 fnt\n|-immune|p2b: Incineroar\n|faint|p1b: Chandelure\n|\n|-ability|p1a: Espathra|Speed Boost|boost\n|-boost|p1a: Espathra|spe|1\n|upkeep\n|\n|t:|1776005442\n|switch|p1b: Sneasler|Sneasler, L50, F|100/100\n|turn|3\n|\n|t:|1776005452\n|switch|p2a: Sneasler|Sneasler, L50, M|100/100\n|move|p1a: Espathra|Lumina Crash|p2a: Sneasler\n|-supereffective|p2a: Sneasler|2\n|-damage|p2a: Sneasler|0 fnt\n|faint|p2a: Sneasler\n|move|p1b: Sneasler|Close Combat|p2b: Incineroar\n|-supereffective|p2b: Incineroar|1\n|-enditem|p2b: Incineroar|Chople Berry|[eat]\n|-enditem|p2b: Incineroar|Chople Berry|[weaken]\n|-damage|p2b: Incineroar|37/100\n|-unboost|p1b: Sneasler|def|1\n|-unboost|p1b: Sneasler|spd|1\n|-enditem|p1b: Sneasler|White Herb\n|-clearnegativeboost|p1b: Sneasler|[silent]\n|move|p2b: Incineroar|Throat Chop|p1a: Espathra\n|-supereffective|p1a: Espathra|1\n|-enditem|p1a: Espathra|Colbur Berry|[eat]\n|-enditem|p1a: Espathra|Colbur Berry|[weaken]\n|-damage|p1a: Espathra|55/100\n|-start|p1a: Espathra|Throat Chop|[silent]\n|\n|-ability|p1a: Espathra|Speed Boost|boost\n|-boost|p1a: Espathra|spe|1\n|upkeep\n|\n|t:|1776005477\n|switch|p2a: Politoed|Politoed, L50, M|100/100\n|-weather|RainDance|[from] ability: Drizzle|[of] p2a: Politoed\n|turn|4\n|inactive|robbo5 has 30 seconds left.\n|\n|t:|1776005508\n|move|p1a: Espathra|Psychic Terrain|p1a: Espathra\n|-fieldstart|move: Psychic Terrain\n|move|p1b: Sneasler|Close Combat|p2b: Incineroar\n|-supereffective|p2b: Incineroar|1\n|-damage|p2b: Incineroar|0 fnt\n|-unboost|p1b: Sneasler|def|1\n|-unboost|p1b: Sneasler|spd|1\n|faint|p2b: Incineroar\n|move|p2a: Politoed|Weather Ball|p1a: Espathra\n|-damage|p1a: Espathra|0 fnt\n|faint|p1a: Espathra\n|\n|-weather|RainDance|[upkeep]\n|upkeep\n|\n|t:|1776005521\n|switch|p1a: Alakazam|Alakazam, L50, F|100/100\n|switch|p2b: Gengar|Gengar-Mega, L50, M|20/100\n|turn|5\n|\n|t:|1776005534\n|detailschange|p1a: Alakazam|Alakazam-Mega, L50, F\n|-mega|p1a: Alakazam|Alakazam|Alakazite\n|-ability|p1a: Alakazam|Shadow Tag|Trace|[from] ability: Trace|[of] p2b: Gengar\n|move|p2b: Gengar|Protect|p2b: Gengar\n|-singleturn|p2b: Gengar|Protect\n|move|p1b: Sneasler|Close Combat|p2a: Politoed\n|-damage|p2a: Politoed|50/100\n|-unboost|p1b: Sneasler|def|1\n|-unboost|p1b: Sneasler|spd|1\n|-enditem|p2a: Politoed|Sitrus Berry|[eat]\n|-heal|p2a: Politoed|75/100|[from] item: Sitrus Berry\n|move|p1a: Alakazam|Expanding Force|p2a: Politoed|[spread] p2a\n|-activate|p2b: Gengar|move: Protect\n|-damage|p2a: Politoed|11/100\n|move|p2a: Politoed|Perish Song|p2a: Politoed\n|-start|p1a: Alakazam|perish3|[silent]\n|-start|p1b: Sneasler|perish3|[silent]\n|-start|p2a: Politoed|perish3|[silent]\n|-start|p2b: Gengar|perish3|[silent]\n|-fieldactivate|move: Perish Song\n|\n|-weather|RainDance|[upkeep]\n|-start|p1b: Sneasler|perish3\n|-start|p1a: Alakazam|perish3\n|-start|p2b: Gengar|perish3\n|-start|p2a: Politoed|perish3\n|upkeep\n|turn|6\n|inactive|robbo5 has 30 seconds left.\n|inactive|Kalaphant has 30 seconds left.\n|\n|t:|1776005567\n|move|p2a: Politoed|Protect|p2a: Politoed\n|-singleturn|p2a: Politoed|Protect\n|move|p1b: Sneasler|Close Combat|p2a: Politoed\n|-activate|p2a: Politoed|move: Protect\n|move|p1a: Alakazam|Expanding Force|p2b: Gengar|[spread] p2b\n|-activate|p2a: Politoed|move: Protect\n|-supereffective|p2b: Gengar|1\n|-damage|p2b: Gengar|0 fnt\n|faint|p2b: Gengar\n|\n|-weather|RainDance|[upkeep]\n|-start|p1b: Sneasler|perish2\n|-start|p1a: Alakazam|perish2\n|-start|p2a: Politoed|perish2\n|upkeep\n|turn|7\n|\n|t:|1776005586\n|move|p1b: Sneasler|Close Combat|p2a: Politoed\n|-damage|p2a: Politoed|0 fnt\n|-unboost|p1b: Sneasler|def|1\n|-unboost|p1b: Sneasler|spd|1\n|faint|p2a: Politoed\n|\n|win|robbo5\n|raw|robbo5's rating: 1098 &rarr; <strong>1124</strong><br />(+26 for winning)\n|raw|Kalaphant's rating: 1114 &rarr; <strong>1088</strong><br />(-26 for losing)\n",
  "uploadtime": 1776005587,
  "views": 14,
  "formatid": "gen9championsvgc2026regma",
  "rating": 1088,
  "private": 0,
  "password": null
}