{
  "id": "gen9championsvgc2026regma-2588575414",
  "format": "[Gen 9 Champions] VGC 2026 Reg M-A",
  "players": [
    "someone#58",
    "ranned bats"
  ],
  "log": "|j|\u2606someone#58\n|j|\u2606ranned bats\n|t:|1776646506\n|gametype|doubles\n|player|p1|someone#58|2|\n|player|p2|ranned bats|winona|\n|gen|9\n|tier|[Gen 9 Champions] VGC 2026 Reg M-A\n|rated|Tournament battle\n|rule|Species Clause: Limit one of each Pok\u00e9mon\n|rule|Item Clause: Limit 1 of each item\n|raw|<div class=\"infobox\"><details class=\"readmore\" open><summary><strong>1 custom rule:</strong></summary> Force Open Team Sheets</details></div>\n|clearpoke\n|poke|p1|Floette-Eternal, L50, F|\n|poke|p1|Garchomp, L50, F|\n|poke|p1|Pelipper, L50, F|\n|poke|p1|Basculegion, L50, M|\n|poke|p1|Incineroar, L50, F|\n|poke|p1|Orthworm, L50, F|\n|poke|p2|Camerupt, L50, M|\n|poke|p2|Sinistcha-Masterpiece, L50|\n|poke|p2|Primarina, L50, F|\n|poke|p2|Skarmory, L50, F|\n|poke|p2|Feraligatr, L50, M|\n|poke|p2|Incineroar, L50, F|\n|teampreview|4\n|showteam|p1|Floette-Eternal||Floettite|FlowerVeil|LightofRuin,DazzlingGleam,CalmMind,Protect|||F|||50|]Garchomp||LumBerry|RoughSkin|Earthquake,RockSlide,ScaleShot,Protect|||F|||50|]Pelipper||FocusSash|Drizzle|WeatherBall,Hurricane,Tailwind,Protect|||F|||50|]Basculegion||ChoiceScarf|Adaptability|WaveCrash,FlipTurn,LastRespects,AquaJet|||M|||50|]Incineroar||ChopleBerry|Intimidate|ThroatChop,FakeOut,Taunt,PartingShot|||F|||50|]Orthworm||SitrusBerry|EarthEater|BodyPress,HeavySlam,ShedTail,Protect|||F|||50|\n|showteam|p2|Camerupt||Cameruptite|SolidRock|HeatWave,EarthPower,FlashCannon,Protect|||M|||50|]Sinistcha-Masterpiece||OccaBerry|Hospitality|TrickRoom,MatchaGotcha,CalmMind,ShadowBall||||||50|]Primarina||KebiaBerry|LiquidVoice|HyperVoice,Moonblast,LifeDew,Protect|||F|||50|]Skarmory||Skarmorite|WeakArmor|Tailwind,Roost,IronHead,BraveBird|||F|||50|]Feraligatr||Feraligite|SheerForce|AquaJet,SwordsDance,DoubleEdge,Liquidation|||M|||50|]Incineroar||BlackGlasses|Intimidate|DarkestLariat,FakeOut,PartingShot,FlareBlitz|||F|||50|\n|j| EnesBatur\n|c|\u2606ranned bats|glhf\n|j| Sylver PKMN\n|\n|t:|1776646615\n|teamsize|p1|4\n|teamsize|p2|4\n|start\n|switch|p1a: Incineroar|Incineroar, L50, F|100/100\n|switch|p1b: Floette|Floette-Eternal, L50, F|100/100\n|switch|p2a: Feraligatr|Feraligatr, L50, M|100/100\n|switch|p2b: Incineroar|Incineroar, L50, F|100/100\n|-ability|p1a: Incineroar|Intimidate|boost\n|-unboost|p2a: Feraligatr|atk|1\n|-unboost|p2b: Incineroar|atk|1\n|-ability|p2b: Incineroar|Intimidate|boost\n|-unboost|p1a: Incineroar|atk|1\n|-unboost|p1b: Floette|atk|1\n|turn|1\n|\n|t:|1776646658\n|switch|p2a: Skarmory|Skarmory, L50, F|100/100\n|move|p1b: Floette|Protect|p1b: Floette\n|-singleturn|p1b: Floette|Protect\n|move|p1a: Incineroar|Fake Out|p2a: Skarmory\n|-resisted|p2a: Skarmory|1\n|-damage|p2a: Skarmory|98/100\n|-ability|p2a: Skarmory|Weak Armor|boost\n|-unboost|p2a: Skarmory|def|1\n|-boost|p2a: Skarmory|spe|2\n|move|p2b: Incineroar|Fake Out|p1b: Floette\n|-activate|p1b: Floette|move: Protect\n|\n|upkeep\n|turn|2\n|\n|t:|1776646692\n|switch|p1b: Pelipper|Pelipper, L50, F|100/100\n|-weather|RainDance|[from] ability: Drizzle|[of] p1b: Pelipper\n|detailschange|p2a: Skarmory|Skarmory-Mega, L50, F\n|-mega|p2a: Skarmory|Skarmory|Skarmorite\n|move|p2a: Skarmory|Iron Head|p1b: Pelipper\n|-resisted|p1b: Pelipper|1\n|-damage|p1b: Pelipper|78/100\n|move|p1a: Incineroar|Parting Shot|p2a: Skarmory\n|-unboost|p2a: Skarmory|atk|1\n|-unboost|p2a: Skarmory|spa|1\n|\n|t:|1776646707\n|switch|p1a: Basculegion|Basculegion, L50, M|100/100|[from] Parting Shot\n|move|p2b: Incineroar|Parting Shot|p1b: Pelipper\n|-unboost|p1b: Pelipper|atk|1\n|-unboost|p1b: Pelipper|spa|1\n|\n|t:|1776646714\n|switch|p2b: Sinistcha|Sinistcha-Masterpiece, L50|100/100|[from] Parting Shot\n|-heal|p2a: Skarmory|100/100|[from] ability: Hospitality|[of] p2b: Sinistcha\n|\n|-weather|RainDance|[upkeep]\n|upkeep\n|turn|3\n|\n|t:|1776646742\n|switch|p2a: Incineroar|Incineroar, L50, F|100/100\n|-ability|p2a: Incineroar|Intimidate|boost\n|-unboost|p1a: Basculegion|atk|1\n|-unboost|p1b: Pelipper|atk|1\n|move|p1a: Basculegion|Flip Turn|p2a: Incineroar\n|-supereffective|p2a: Incineroar|1\n|-damage|p2a: Incineroar|22/100\n|\n|t:|1776646750\n|switch|p1a: Incineroar|Incineroar, L50, F|100/100|[from] Flip Turn\n|-ability|p1a: Incineroar|Intimidate|boost\n|-unboost|p2a: Incineroar|atk|1\n|-unboost|p2b: Sinistcha|atk|1\n|move|p1b: Pelipper|Hurricane|p2b: Sinistcha\n|-supereffective|p2b: Sinistcha|1\n|-damage|p2b: Sinistcha|35/100\n|move|p2b: Sinistcha|Matcha Gotcha|p1a: Incineroar|[spread] p1a\n|-miss|p2b: Sinistcha|p1b: Pelipper\n|-resisted|p1a: Incineroar|1\n|-damage|p1a: Incineroar|90/100\n|-heal|p2b: Sinistcha|42/100|[from] drain|[of] p1a: Incineroar\n|\n|-weather|RainDance|[upkeep]\n|upkeep\n|turn|4\n|\n|t:|1776646780\n|switch|p2b: Feraligatr|Feraligatr, L50, M|100/100\n|move|p1a: Incineroar|Fake Out|p2a: Incineroar\n|-damage|p2a: Incineroar|10/100\n|cant|p2a: Incineroar|flinch\n|move|p1b: Pelipper|Hurricane|p2b: Feraligatr\n|-damage|p2b: Feraligatr|66/100\n|-start|p2b: Feraligatr|confusion\n|\n|-weather|RainDance|[upkeep]\n|upkeep\n|turn|5\n|\n|t:|1776646800\n|-activate|p2b: Feraligatr|confusion\n|-damage|p2b: Feraligatr|54/100|[from] confusion\n|move|p1b: Pelipper|Tailwind|p1b: Pelipper\n|-sidestart|p1: someone#58|move: Tailwind\n|move|p1a: Incineroar|Parting Shot|p2b: Feraligatr\n|-unboost|p2b: Feraligatr|atk|1\n|-unboost|p2b: Feraligatr|spa|1\n|\n|t:|1776646809\n|switch|p1a: Floette|Floette-Eternal, L50, F|100/100|[from] Parting Shot\n|move|p2a: Incineroar|Parting Shot|p1b: Pelipper\n|-unboost|p1b: Pelipper|atk|1\n|-unboost|p1b: Pelipper|spa|1\n|\n|t:|1776646812\n|switch|p2a: Skarmory|Skarmory-Mega, L50, F|100/100|[from] Parting Shot\n|\n|-weather|RainDance|[upkeep]\n|upkeep\n|turn|6\n|\n|t:|1776646843\n|switch|p1a: Incineroar|Incineroar, L50, F|90/100\n|-ability|p1a: Incineroar|Intimidate|boost\n|-unboost|p2a: Skarmory|atk|1\n|-unboost|p2b: Feraligatr|atk|1\n|switch|p1b: Basculegion|Basculegion, L50, M|100/100\n|switch|p2b: Incineroar|Incineroar, L50, F|10/100\n|-ability|p2b: Incineroar|Intimidate|boost\n|-unboost|p1a: Incineroar|atk|1\n|-unboost|p1b: Basculegion|atk|1\n|move|p2a: Skarmory|Tailwind|p2a: Skarmory\n|-sidestart|p2: ranned bats|move: Tailwind\n|\n|-weather|none\n|upkeep\n|turn|7\n|\n|t:|1776646878\n|switch|p2a: Sinistcha|Sinistcha-Masterpiece, L50|42/100\n|-heal|p2b: Incineroar|35/100|[from] ability: Hospitality|[of] p2a: Sinistcha\n|move|p1a: Incineroar|Fake Out|p2b: Incineroar\n|-damage|p2b: Incineroar|27/100\n|move|p1b: Basculegion|Flip Turn|p2a: Sinistcha\n|-resisted|p2a: Sinistcha|1\n|-damage|p2a: Sinistcha|31/100\n|\n|t:|1776646892\n|switch|p1b: Floette|Floette-Eternal, L50, F|100/100|[from] Flip Turn\n|cant|p2b: Incineroar|flinch\n|\n|upkeep\n|turn|8\n|j| kicks_menacingly\n|\n|t:|1776646910\n|switch|p2a: Feraligatr|Feraligatr, L50, M|54/100\n|detailschange|p1b: Floette|Floette-Mega, L50, F\n|-mega|p1b: Floette|Floette|Floettite\n|-ability|p1b: Floette|Fairy Aura\n|move|p1b: Floette|Dazzling Gleam|p2b: Incineroar|[spread] p2a,p2b\n|-damage|p2a: Feraligatr|5/100\n|-damage|p2b: Incineroar|0 fnt\n|faint|p2b: Incineroar\n|move|p1a: Incineroar|Parting Shot|p2a: Feraligatr\n|-unboost|p2a: Feraligatr|atk|1\n|-unboost|p2a: Feraligatr|spa|1\n|j| stinkyton\n|\n|t:|1776646926\n|switch|p1a: Pelipper|Pelipper, L50, F|78/100|[from] Parting Shot\n|-weather|RainDance|[from] ability: Drizzle|[of] p1a: Pelipper\n|\n|-weather|RainDance|[upkeep]\n|-sideend|p1: someone#58|move: Tailwind\n|upkeep\n|\n|t:|1776646938\n|switch|p2b: Sinistcha|Sinistcha-Masterpiece, L50|31/100\n|-heal|p2a: Feraligatr|30/100|[from] ability: Hospitality|[of] p2b: Sinistcha\n|turn|9\n|j| Techno Active\n|l| stinkyton\n|\n|t:|1776646988\n|move|p1b: Floette|Protect|p1b: Floette\n|-singleturn|p1b: Floette|Protect\n|move|p2a: Feraligatr|Swords Dance|p2a: Feraligatr\n|-boost|p2a: Feraligatr|atk|2\n|move|p1a: Pelipper|Tailwind|p1a: Pelipper\n|-sidestart|p1: someone#58|move: Tailwind\n|move|p2b: Sinistcha|Trick Room|p2b: Sinistcha\n|-fieldstart|move: Trick Room|[of] p2b: Sinistcha\n|\n|-weather|RainDance|[upkeep]\n|-sideend|p2: ranned bats|move: Tailwind\n|upkeep\n|turn|10\n|j| ScaryQwQ\n|\n|t:|1776647008\n|move|p2b: Sinistcha|Matcha Gotcha|p1a: Pelipper|[spread] p1a,p1b\n|-damage|p1a: Pelipper|43/100\n|-heal|p2b: Sinistcha|49/100|[from] drain|[of] p1a: Pelipper\n|-damage|p1b: Floette|78/100\n|-heal|p2b: Sinistcha|59/100|[from] drain|[of] p1b: Floette\n|move|p2a: Feraligatr|Liquidation|p1b: Floette\n|-damage|p1b: Floette|0 fnt\n|faint|p1b: Floette\n|move|p1a: Pelipper|Hurricane|p2a: Feraligatr\n|-damage|p2a: Feraligatr|0 fnt\n|faint|p2a: Feraligatr\n|\n|-weather|RainDance|[upkeep]\n|upkeep\n|\n|t:|1776647020\n|switch|p2a: Skarmory|Skarmory-Mega, L50, F|100/100\n|switch|p1b: Incineroar|Incineroar, L50, F|90/100\n|-ability|p1b: Incineroar|Intimidate|boost\n|-unboost|p2a: Skarmory|atk|1\n|-unboost|p2b: Sinistcha|atk|1\n|turn|11\n|l| Sylver PKMN\n|j| Jim's Esports\n|\n|t:|1776647054\n|move|p1a: Pelipper|Protect|p1a: Pelipper\n|-singleturn|p1a: Pelipper|Protect\n|move|p2b: Sinistcha|Calm Mind|p2b: Sinistcha\n|-boost|p2b: Sinistcha|spa|1\n|-boost|p2b: Sinistcha|spd|1\n|move|p2a: Skarmory|Brave Bird|p1a: Pelipper\n|-activate|p1a: Pelipper|move: Protect\n|move|p1b: Incineroar|Throat Chop|p2b: Sinistcha\n|-supereffective|p2b: Sinistcha|1\n|-damage|p2b: Sinistcha|0 fnt\n|faint|p2b: Sinistcha\n|\n|-weather|RainDance|[upkeep]\n|upkeep\n|turn|12\n|c|\u2606ranned bats|gg\n|\n|t:|1776647067\n|move|p2a: Skarmory|Brave Bird|p1a: Pelipper\n|-damage|p1a: Pelipper|0 fnt\n|faint|p1a: Pelipper\n|-damage|p2a: Skarmory|86/100|[from] Recoil\n|move|p1b: Incineroar|Parting Shot|p2a: Skarmory\n|-unboost|p2a: Skarmory|atk|1\n|-unboost|p2a: Skarmory|spa|1\n|c|\u2606someone#58|gg\n|\n|t:|1776647071\n|switch|p1b: Basculegion|Basculegion, L50, M|100/100|[from] Parting Shot\n|\n|-weather|none\n|-sideend|p1: someone#58|move: Tailwind\n|upkeep\n|\n|t:|1776647073\n|switch|p1a: Incineroar|Incineroar, L50, F|90/100\n|-ability|p1a: Incineroar|Intimidate|boost\n|-unboost|p2a: Skarmory|atk|1\n|turn|13\n|\n|t:|1776647078\n|move|p1a: Incineroar|Fake Out|p2a: Skarmory\n|-resisted|p2a: Skarmory|1\n|-damage|p2a: Skarmory|80/100\n|cant|p2a: Skarmory|flinch\n|move|p1b: Basculegion|Last Respects|p2a: Skarmory\n|-damage|p2a: Skarmory|0 fnt\n|faint|p2a: Skarmory\n|\n|win|someone#58\n|n|\u2606someone#58|someone58\n|n|\u2606ranned bats|rannedbats\n|n| EnesBatur|enesbatur\n|n| kicks_menacingly|kicksmenacingly\n|n| Techno Active|technoactive\n|n| ScaryQwQ|scaryqwq\n|n| Jim's Esports|jimsesports\n",
  "uploadtime": 1776647086,
  "views": 8,
  "formatid": "gen9championsvgc2026regma",
  "rating": null,
  "private": 0,
  "password": null
}