{
  "id": "gen9championsvgc2026regma-2587773116",
  "format": "[Gen 9 Champions] VGC 2026 Reg M-A",
  "players": [
    "Adroin",
    "eevee1ynn"
  ],
  "log": "|j|\u2606Adroin\n|j|\u2606eevee1ynn\n|t:|1776562533\n|gametype|doubles\n|player|p1|Adroin|hilbert|1262\n|player|p2|eevee1ynn|unknownf|1335\n|gen|9\n|tier|[Gen 9 Champions] VGC 2026 Reg M-A\n|rated|\n|rule|Species Clause: Limit one of each Pok\u00e9mon\n|rule|Item Clause: Limit 1 of each item\n|clearpoke\n|poke|p1|Samurott-Hisui, L50, M, shiny|\n|poke|p1|Talonflame, L50, F|\n|poke|p1|Milotic, L50, F|\n|poke|p1|Froslass, L50, F|\n|poke|p1|Arcanine-Hisui, L50, M|\n|poke|p1|Garchomp, L50, F|\n|poke|p2|Delphox, L50, M|\n|poke|p2|Meowscarada, L50, F|\n|poke|p2|Garchomp, L50, M|\n|poke|p2|Aerodactyl, L50, F|\n|poke|p2|Toxapex, L50, F|\n|poke|p2|Gallade, L50, M|\n|teampreview|4\n|inactive|Battle timer is ON: inactive players will automatically lose when time's up. (requested by Adroin)\n|inactive|Adroin has 60 seconds left.\n|\n|t:|1776562567\n|teamsize|p1|4\n|teamsize|p2|4\n|start\n|switch|p1a: Talonflame|Talonflame, L50, F|100/100\n|switch|p1b: Milotic|Milotic, L50, F|100/100\n|switch|p2a: Garchomp|Garchomp, L50, M|100/100\n|switch|p2b: Aerodactyl|Aerodactyl, L50, F|100/100\n|-ability|p2b: Aerodactyl|Unnerve\n|turn|1\n|\n|t:|1776562576\n|switch|p2a: Delphox|Delphox, L50, M|100/100\n|move|p1a: Talonflame|Tailwind|p1a: Talonflame\n|-sidestart|p1: Adroin|move: Tailwind\n|move|p1b: Milotic|Icy Wind|p2a: Delphox|[spread] p2a\n|-miss|p1b: Milotic|p2b: Aerodactyl\n|-resisted|p2a: Delphox|1\n|-damage|p2a: Delphox|93/100\n|-unboost|p2a: Delphox|spe|1\n|move|p2b: Aerodactyl|Rock Slide|p1b: Milotic|[spread] p1b\n|-miss|p2b: Aerodactyl|p1a: Talonflame\n|-damage|p1b: Milotic|77/100\n|\n|-heal|p1b: Milotic|83/100|[from] item: Leftovers\n|upkeep\n|turn|2\n|\n|t:|1776562599\n|move|p1a: Talonflame|Protect|p1a: Talonflame\n|-singleturn|p1a: Talonflame|Protect\n|move|p2a: Delphox|Protect|p2a: Delphox\n|-singleturn|p2a: Delphox|Protect\n|move|p1b: Milotic|Scald|p2a: Delphox\n|-activate|p2a: Delphox|move: Protect\n|move|p2b: Aerodactyl|Tailwind|p2b: Aerodactyl\n|-sidestart|p2: eevee1ynn|move: Tailwind\n|\n|-heal|p1b: Milotic|89/100|[from] item: Leftovers\n|upkeep\n|turn|3\n|\n|t:|1776562614\n|switch|p1a: Garchomp|Garchomp, L50, F|100/100\n|detailschange|p2a: Delphox|Delphox-Mega, L50, M\n|-mega|p2a: Delphox|Delphox|Delphoxite\n|move|p2b: Aerodactyl|Rock Slide|p1b: Milotic|[spread] p1a,p1b\n|-resisted|p1a: Garchomp|1\n|-damage|p1a: Garchomp|89/100\n|-damage|p1b: Milotic|66/100\n|move|p2a: Delphox|Psychic|p1b: Milotic\n|-damage|p1b: Milotic|19/100\n|cant|p1b: Milotic|flinch\n|\n|-heal|p1b: Milotic|25/100|[from] item: Leftovers\n|upkeep\n|turn|4\n|\n|t:|1776562632\n|move|p1b: Milotic|Protect|p1b: Milotic\n|-singleturn|p1b: Milotic|Protect\n|move|p2b: Aerodactyl|Dual Wingbeat|p1b: Milotic\n|-activate|p1b: Milotic|move: Protect\n|move|p1a: Garchomp|Rock Slide|p2b: Aerodactyl|[spread] p2a,p2b\n|-supereffective|p2a: Delphox|1\n|-supereffective|p2b: Aerodactyl|1\n|-damage|p2a: Delphox|33/100\n|-damage|p2b: Aerodactyl|39/100\n|cant|p2a: Delphox|flinch\n|\n|-heal|p1b: Milotic|31/100|[from] item: Leftovers\n|-sideend|p1: Adroin|move: Tailwind\n|upkeep\n|turn|5\n|inactive|eevee1ynn has 30 seconds left.\n|\n|t:|1776562657\n|switch|p2b: Garchomp|Garchomp, L50, M|100/100\n|switch|p1b: Samurott|Samurott-Hisui, L50, M, shiny|100/100\n|move|p2a: Delphox|Psychic|p1b: Samurott\n|-immune|p1b: Samurott\n|move|p1a: Garchomp|Rock Slide|p2b: Garchomp|[spread] p2a\n|-miss|p1a: Garchomp|p2b: Garchomp\n|-supereffective|p2a: Delphox|1\n|-damage|p2a: Delphox|0 fnt\n|faint|p2a: Delphox\n|\n|-sideend|p2: eevee1ynn|move: Tailwind\n|upkeep\n|\n|t:|1776562663\n|switch|p2a: Meowscarada|Meowscarada, L50, F|100/100\n|turn|6\n|\n|t:|1776562681\n|move|p1b: Samurott|Protect|p1b: Samurott\n|-singleturn|p1b: Samurott|Protect\n|move|p2a: Meowscarada|U-turn|p1b: Samurott\n|-start|p2a: Meowscarada|typechange|Bug|[from] ability: Protean\n|-activate|p1b: Samurott|move: Protect\n|move|p1a: Garchomp|Dragon Claw|p2b: Garchomp\n|-supereffective|p2b: Garchomp|1\n|-damage|p2b: Garchomp|13/100\n|-damage|p1a: Garchomp|76/100|[from] ability: Rough Skin|[of] p2b: Garchomp\n|move|p2b: Garchomp|Swords Dance|p2b: Garchomp\n|-boost|p2b: Garchomp|atk|2\n|\n|upkeep\n|turn|7\n|\n|t:|1776562702\n|switch|p1b: Milotic|Milotic, L50, F|31/100\n|move|p2b: Garchomp|Protect|p2b: Garchomp\n|-singleturn|p2b: Garchomp|Protect\n|move|p2a: Meowscarada|U-turn|p1b: Milotic\n|-damage|p1b: Milotic|0 fnt\n|faint|p1b: Milotic\n|\n|t:|1776562707\n|switch|p2a: Aerodactyl|Aerodactyl, L50, F|39/100|[from] U-turn\n|-ability|p2a: Aerodactyl|Unnerve\n|move|p1a: Garchomp|Earthquake|p2b: Garchomp|[spread] \n|-activate|p2b: Garchomp|move: Protect\n|-immune|p2a: Aerodactyl\n|\n|upkeep\n|\n|t:|1776562716\n|switch|p1b: Talonflame|Talonflame, L50, F|100/100\n|turn|8\n|\n|t:|1776562731\n|move|p1b: Talonflame|Tailwind|p1b: Talonflame\n|-sidestart|p1: Adroin|move: Tailwind\n|move|p1a: Garchomp|Dragon Claw|p2b: Garchomp\n|-supereffective|p2b: Garchomp|1\n|-damage|p2b: Garchomp|0 fnt\n|-damage|p1a: Garchomp|64/100|[from] ability: Rough Skin|[of] p2b: Garchomp\n|faint|p2b: Garchomp\n|move|p2a: Aerodactyl|Tailwind|p2a: Aerodactyl\n|-sidestart|p2: eevee1ynn|move: Tailwind\n|\n|upkeep\n|\n|t:|1776562734\n|switch|p2b: Meowscarada|Meowscarada, L50, F|100/100\n|turn|9\n|\n|t:|1776562749\n|move|p1b: Talonflame|Protect|p1b: Talonflame\n|-singleturn|p1b: Talonflame|Protect\n|move|p2b: Meowscarada|Flower Trick|p1a: Garchomp\n|-start|p2b: Meowscarada|typechange|Grass|[from] ability: Protean\n|-crit|p1a: Garchomp\n|-damage|p1a: Garchomp|13/100\n|move|p2a: Aerodactyl|Rock Slide|p1b: Talonflame|[spread] \n|-activate|p1b: Talonflame|move: Protect\n|-miss|p2a: Aerodactyl|p1a: Garchomp\n|move|p1a: Garchomp|Rock Slide|p2a: Aerodactyl|[spread] p2a,p2b\n|-supereffective|p2a: Aerodactyl|1\n|-damage|p2a: Aerodactyl|0 fnt\n|-damage|p2b: Meowscarada|70/100\n|faint|p2a: Aerodactyl\n|\n|upkeep\n|turn|10\n|-message|eevee1ynn forfeited.\n|\n|win|Adroin\n|raw|Adroin's rating: 1262 &rarr; <strong>1292</strong><br />(+30 for winning)\n|raw|eevee1ynn's rating: 1335 &rarr; <strong>1311</strong><br />(-24 for losing)\n",
  "uploadtime": 1776562761,
  "views": 15,
  "formatid": "gen9championsvgc2026regma",
  "rating": 1292,
  "private": 0,
  "password": null
}