{
  "id": "gen9championsvgc2026regma-2587517714",
  "format": "[Gen 9 Champions] VGC 2026 Reg M-A",
  "players": [
    "Millygan15",
    "Alex4862"
  ],
  "log": "|j|\u2606Millygan15\n|j|\u2606Alex4862\n|t:|1776538617\n|gametype|doubles\n|player|p1|Millygan15|volkner|1108\n|player|p2|Alex4862|acetrainersnow|1030\n|gen|9\n|tier|[Gen 9 Champions] VGC 2026 Reg M-A\n|rated|\n|rule|Species Clause: Limit one of each Pok\u00e9mon\n|rule|Item Clause: Limit 1 of each item\n|clearpoke\n|poke|p1|Zoroark-Hisui, L50, M|\n|poke|p1|Ditto, L50|\n|poke|p1|Incineroar, L50, F|\n|poke|p1|Dragonite, L50, F|\n|poke|p1|Sneasler, L50, F|\n|poke|p1|Ninetales-Alola, L50, M|\n|poke|p2|Pelipper, L50, M|\n|poke|p2|Dragonite, L50, M|\n|poke|p2|Luxray, L50, M, shiny|\n|poke|p2|Sneasler, L50, F|\n|poke|p2|Meganium, L50, M|\n|poke|p2|Archaludon, L50, F|\n|teampreview|4\n|inactive|Battle timer is ON: inactive players will automatically lose when time's up. (requested by Millygan15)\nMillygan15 rejected open team sheets.\n|\n|t:|1776538642\n|teamsize|p1|4\n|teamsize|p2|4\n|start\n|switch|p1a: Ninetales|Ninetales-Alola, L50, M|100/100\n|switch|p1b: Ditto|Ditto, L50|100/100\n|switch|p2a: Pelipper|Pelipper, L50, M|100/100\n|switch|p2b: Sneasler|Sneasler, L50, F|100/100\n|-transform|p1b: Ditto|p2a: Pelipper|[from] ability: Imposter\n|-weather|RainDance|[from] ability: Drizzle|[of] p1b: Ditto\n|turn|1\n|\n|t:|1776538663\n|move|p2b: Sneasler|Fake Out|p1a: Ninetales\n|-immune|p1a: Ninetales\n|move|p1a: Ninetales|Icy Wind|p2b: Sneasler|[spread] p2a,p2b\n|-damage|p2a: Pelipper|89/100\n|-damage|p2b: Sneasler|85/100\n|-unboost|p2a: Pelipper|spe|1\n|-unboost|p2b: Sneasler|spe|1\n|move|p1b: Ditto|Tailwind|p1b: Ditto\n|-sidestart|p1: Millygan15|move: Tailwind\n|move|p2a: Pelipper|Tailwind|p2a: Pelipper\n|-sidestart|p2: Alex4862|move: Tailwind\n|\n|-weather|RainDance|[upkeep]\n|upkeep\n|turn|2\n|inactive|Millygan15 has 30 seconds left.\n|inactive|Alex4862 has 30 seconds left.\n|\n|t:|1776538691\n|move|p1a: Ninetales|Protect|p1a: Ninetales\n|-singleturn|p1a: Ninetales|Protect\n|move|p2b: Sneasler|Dire Claw|p1a: Ninetales\n|-activate|p1a: Ninetales|move: Protect\n|move|p1b: Ditto|Hurricane|p2b: Sneasler\n|-supereffective|p2b: Sneasler|1\n|-damage|p2b: Sneasler|0 fnt\n|faint|p2b: Sneasler\n|move|p2a: Pelipper|Hurricane|p1b: Ditto\n|-damage|p1b: Ditto|51/100\n|\n|-weather|RainDance|[upkeep]\n|upkeep\n|\n|t:|1776538707\n|switch|p2b: Luxray|Luxray, L50, M, shiny|100/100\n|-ability|p2b: Luxray|Intimidate|boost\n|-unboost|p1a: Ninetales|atk|1\n|-unboost|p1b: Ditto|atk|1\n|turn|3\n|\n|t:|1776538720\n|move|p2a: Pelipper|Wide Guard|p2a: Pelipper\n|-singleturn|p2a: Pelipper|Wide Guard\n|move|p1a: Ninetales|Icy Wind|p2b: Luxray|[spread] \n|-activate|p2a: Pelipper|move: Wide Guard\n|-activate|p2b: Luxray|move: Wide Guard\n|move|p2b: Luxray|Crunch|p1a: Ninetales\n|-supereffective|p1a: Ninetales|1\n|-damage|p1a: Ninetales|3/100\n|replace|p1a: Zoroark|Zoroark-Hisui, L50, M\n|-end|p1a: Zoroark|Illusion\n|move|p1b: Ditto|U-turn|p2b: Luxray\n|-damage|p2b: Luxray|93/100\n|\n|t:|1776538731\n|switch|p1b: Ninetales|Ninetales-Alola, L50, M|100/100|[from] U-turn\n|-weather|Snowscape|[from] ability: Snow Warning|[of] p1b: Ninetales\n|\n|-weather|Snowscape|[upkeep]\n|upkeep\n|turn|4\n|\n|t:|1776538750\n|move|p1b: Ninetales|Freeze-Dry|p2a: Pelipper\n|-supereffective|p2a: Pelipper|2\n|-damage|p2a: Pelipper|0 fnt\n|faint|p2a: Pelipper\n|move|p1a: Zoroark|Icy Wind|p2b: Luxray|[miss]\n|-miss|p1a: Zoroark|p2b: Luxray\n|move|p2b: Luxray|Electroweb|p1b: Ninetales|[spread] p1a,p1b\n|-damage|p1a: Zoroark|0 fnt\n|-damage|p1b: Ninetales|84/100\n|-unboost|p1b: Ninetales|spe|1\n|faint|p1a: Zoroark\n|\n|-weather|Snowscape|[upkeep]\n|-sideend|p1: Millygan15|move: Tailwind\n|-sideend|p2: Alex4862|move: Tailwind\n|upkeep\n|\n|t:|1776538766\n|switch|p1a: Ditto|Ditto, L50|51/100\n|switch|p2a: Dragonite|Dragonite, L50, M|100/100\n|-transform|p1a: Ditto|p2b: Luxray|[from] ability: Imposter\n|-ability|p1a: Ditto|Intimidate|boost\n|-unboost|p2a: Dragonite|atk|1\n|-unboost|p2b: Luxray|atk|1\n|turn|5\n|inactive|Alex4862 has 30 seconds left.\n|\n|t:|1776538792\n|detailschange|p2a: Dragonite|Dragonite-Mega, L50, M\n|-mega|p2a: Dragonite|Dragonite|Dragoninite\n|move|p1b: Ninetales|Freeze-Dry|p2a: Dragonite\n|-supereffective|p2a: Dragonite|2\n|-damage|p2a: Dragonite|61/100\n|move|p2a: Dragonite|Draco Meteor|p1b: Ninetales\n|-immune|p1b: Ninetales\n|move|p1a: Ditto|Electroweb|p2b: Luxray|[spread] p2a,p2b\n|-resisted|p2b: Luxray|1\n|-damage|p2a: Dragonite|52/100\n|-damage|p2b: Luxray|85/100\n|-unboost|p2a: Dragonite|spe|1\n|-unboost|p2b: Luxray|spe|1\n|move|p2b: Luxray|Supercell Slam|p1b: Ninetales\n|-damage|p1b: Ninetales|39/100\n|\n|-weather|Snowscape|[upkeep]\n|upkeep\n|turn|6\n|\n|t:|1776538815\n|move|p1b: Ninetales|Freeze-Dry|p2a: Dragonite\n|-supereffective|p2a: Dragonite|2\n|-damage|p2a: Dragonite|0 fnt\n|faint|p2a: Dragonite\n|move|p1a: Ditto|Crunch|p2b: Luxray\n|-damage|p2b: Luxray|50/100\n|-unboost|p2b: Luxray|def|1\n|move|p2b: Luxray|Supercell Slam|p1b: Ninetales\n|-damage|p1b: Ninetales|0 fnt\n|faint|p1b: Ninetales\n|\n|-weather|Snowscape|[upkeep]\n|upkeep\n|\n|t:|1776538827\n|switch|p1b: Sneasler|Sneasler, L50, F|100/100\n|turn|7\n|\n|t:|1776538837\n|move|p1b: Sneasler|Fake Out|p2b: Luxray\n|-damage|p2b: Luxray|26/100\n|move|p1a: Ditto|Psychic Fangs|p2b: Luxray\n|-damage|p2b: Luxray|0 fnt\n|faint|p2b: Luxray\n|\n|win|Millygan15\n|raw|Millygan15's rating: 1108 &rarr; <strong>1127</strong><br />(+19 for winning)\n|raw|Alex4862's rating: 1030 &rarr; <strong>1019</strong><br />(-11 for losing)\n|l|\u2606Alex4862\n|player|p2|\n",
  "uploadtime": 1776538849,
  "views": 14,
  "formatid": "gen9championsvgc2026regma",
  "rating": 1019,
  "private": 0,
  "password": null
}