{
  "id": "gen9championsvgc2026regma-2583108952",
  "format": "[Gen 9 Champions] VGC 2026 Reg M-A",
  "players": [
    "jisdafods",
    "xxinxin"
  ],
  "log": "|j|\u2606jisdafods\n|j|\u2606xxinxin\n|t:|1776143024\n|gametype|doubles\n|player|p1|jisdafods|266|1141\n|player|p2|xxinxin|265|1152\n|gen|9\n|tier|[Gen 9 Champions] VGC 2026 Reg M-A\n|rated|\n|rule|Species Clause: Limit one of each Pok\u00e9mon\n|rule|Item Clause: Limit 1 of each item\n|clearpoke\n|poke|p1|Charizard, L50, F|\n|poke|p1|Venusaur, L50, F|\n|poke|p1|Sneasler, L50, F|\n|poke|p1|Rotom-Wash, L50|\n|poke|p1|Garchomp, L50, M|\n|poke|p1|Incineroar, L50, F|\n|poke|p2|Charizard, L50, M|\n|poke|p2|Whimsicott, L50, M|\n|poke|p2|Garchomp, L50, M|\n|poke|p2|Incineroar, L50, M|\n|poke|p2|Tyranitar, L50, F|\n|poke|p2|Excadrill, L50, M|\n|teampreview|4\n|\n|t:|1776143051\n|teamsize|p1|4\n|teamsize|p2|4\n|start\n|switch|p1a: Garchomp|Garchomp, L50, M|100/100\n|switch|p1b: Sneasler|Sneasler, L50, F|100/100\n|switch|p2a: Incineroar|Incineroar, L50, M|100/100\n|switch|p2b: Excadrill|Excadrill, L50, M|100/100\n|-ability|p2a: Incineroar|Intimidate|boost\n|-unboost|p1a: Garchomp|atk|1\n|-unboost|p1b: Sneasler|atk|1\n|-enditem|p1b: Sneasler|White Herb\n|-clearnegativeboost|p1b: Sneasler|[silent]\n|turn|1\n|\n|t:|1776143085\n|move|p1b: Sneasler|Fake Out|p2b: Excadrill\n|-resisted|p2b: Excadrill|1\n|-damage|p2b: Excadrill|92/100\n|move|p1a: Garchomp|Rock Slide|p2b: Excadrill|[spread] p2b\n|-miss|p1a: Garchomp|p2a: Incineroar\n|-resisted|p2b: Excadrill|2\n|-damage|p2b: Excadrill|87/100\n|cant|p2b: Excadrill|flinch\n|move|p2a: Incineroar|Parting Shot|p1a: Garchomp\n|-unboost|p1a: Garchomp|atk|1\n|-unboost|p1a: Garchomp|spa|1\n|\n|t:|1776143099\n|switch|p2a: Tyranitar|Tyranitar, L50, F|100/100|[from] Parting Shot\n|-weather|Sandstorm|[from] ability: Sand Stream|[of] p2a: Tyranitar\n|\n|-weather|Sandstorm|[upkeep]\n|-damage|p1b: Sneasler|95/100|[from] Sandstorm\n|upkeep\n|turn|2\n|\n|t:|1776143123\n|switch|p1a: Incineroar|Incineroar, L50, F|100/100\n|-ability|p1a: Incineroar|Intimidate|boost\n|-unboost|p2a: Tyranitar|atk|1\n|-unboost|p2b: Excadrill|atk|1\n|detailschange|p2a: Tyranitar|Tyranitar-Mega, L50, F\n|-mega|p2a: Tyranitar|Tyranitar|Tyranitarite\n|move|p1b: Sneasler|Protect|p1b: Sneasler\n|-singleturn|p1b: Sneasler|Protect\n|move|p2b: Excadrill|Rock Slide|p1a: Incineroar|[spread] p1a\n|-activate|p1b: Sneasler|move: Protect\n|-supereffective|p1a: Incineroar|1\n|-damage|p1a: Incineroar|63/100\n|move|p2a: Tyranitar|Rock Slide|p1b: Sneasler|[spread] p1a\n|-activate|p1b: Sneasler|move: Protect\n|-supereffective|p1a: Incineroar|1\n|-damage|p1a: Incineroar|17/100\n|-enditem|p1a: Incineroar|Sitrus Berry|[eat]\n|-heal|p1a: Incineroar|42/100|[from] item: Sitrus Berry\n|\n|-weather|Sandstorm|[upkeep]\n|-damage|p1b: Sneasler|89/100|[from] Sandstorm\n|-damage|p1a: Incineroar|36/100|[from] Sandstorm\n|upkeep\n|turn|3\n|\n|t:|1776143151\n|switch|p2a: Incineroar|Incineroar, L50, M|100/100\n|-ability|p2a: Incineroar|Intimidate|boost\n|-unboost|p1a: Incineroar|atk|1\n|-unboost|p1b: Sneasler|atk|1\n|move|p1a: Incineroar|Fake Out|p2b: Excadrill\n|-resisted|p2b: Excadrill|1\n|-damage|p2b: Excadrill|81/100\n|move|p1b: Sneasler|Close Combat|p2a: Incineroar\n|-supereffective|p2a: Incineroar|1\n|-damage|p2a: Incineroar|39/100\n|-unboost|p1b: Sneasler|def|1\n|-unboost|p1b: Sneasler|spd|1\n|-enditem|p2a: Incineroar|Sitrus Berry|[eat]\n|-heal|p2a: Incineroar|64/100|[from] item: Sitrus Berry\n|cant|p2b: Excadrill|flinch\n|\n|-weather|Sandstorm|[upkeep]\n|-damage|p1b: Sneasler|83/100|[from] Sandstorm\n|-damage|p2a: Incineroar|58/100|[from] Sandstorm\n|-damage|p1a: Incineroar|30/100|[from] Sandstorm\n|upkeep\n|turn|4\n|\n|t:|1776143180\n|switch|p1a: Garchomp|Garchomp, L50, M|100/100\n|move|p1b: Sneasler|Protect|p1b: Sneasler\n|-singleturn|p1b: Sneasler|Protect\n|move|p2a: Incineroar|Fake Out|p1b: Sneasler\n|-activate|p1b: Sneasler|move: Protect\n|move|p2b: Excadrill|Rock Slide|p1b: Sneasler|[spread] p1a\n|-activate|p1b: Sneasler|move: Protect\n|-resisted|p1a: Garchomp|1\n|-damage|p1a: Garchomp|90/100\n|\n|-weather|Sandstorm|[upkeep]\n|-damage|p1b: Sneasler|77/100|[from] Sandstorm\n|-damage|p2a: Incineroar|52/100|[from] Sandstorm\n|upkeep\n|turn|5\n|\n|t:|1776143203\n|switch|p1b: Charizard|Charizard, L50, F|100/100\n|switch|p2b: Garchomp|Garchomp, L50, M|100/100\n|move|p1a: Garchomp|Earthquake|p2a: Incineroar|[spread] p2a,p2b\n|-immune|p1b: Charizard\n|-supereffective|p2a: Incineroar|1\n|-damage|p2a: Incineroar|0 fnt\n|-damage|p2b: Garchomp|61/100\n|faint|p2a: Incineroar\n|\n|-weather|none\n|-heal|p2b: Garchomp|67/100|[from] item: Leftovers\n|upkeep\n|\n|t:|1776143219\n|switch|p2a: Excadrill|Excadrill, L50, M|81/100\n|turn|6\n|\n|t:|1776143228\n|switch|p2b: Tyranitar|Tyranitar-Mega, L50, F|100/100\n|-weather|Sandstorm|[from] ability: Sand Stream|[of] p2b: Tyranitar\n|switch|p1b: Incineroar|Incineroar, L50, F|30/100\n|-ability|p1b: Incineroar|Intimidate|boost\n|-unboost|p2a: Excadrill|atk|1\n|-unboost|p2b: Tyranitar|atk|1\n|move|p1a: Garchomp|Earthquake|p2b: Tyranitar|[spread] p1b,p2a,p2b\n|-supereffective|p1b: Incineroar|1\n|-supereffective|p2a: Excadrill|1\n|-supereffective|p2b: Tyranitar|1\n|-damage|p1b: Incineroar|0 fnt\n|-damage|p2a: Excadrill|0 fnt\n|-damage|p2b: Tyranitar|53/100\n|faint|p1b: Incineroar\n|faint|p2a: Excadrill\n|\n|-weather|Sandstorm|[upkeep]\n|upkeep\n|\n|t:|1776143247\n|switch|p2a: Garchomp|Garchomp, L50, M|67/100\n|switch|p1b: Sneasler|Sneasler, L50, F|77/100\n|turn|7\n|\n|t:|1776143284\n|move|p1b: Sneasler|Protect|p1b: Sneasler\n|-singleturn|p1b: Sneasler|Protect\n|move|p1a: Garchomp|Earthquake|p2a: Garchomp|[spread] p2a,p2b\n|-activate|p1b: Sneasler|move: Protect\n|-crit|p2a: Garchomp\n|-supereffective|p2b: Tyranitar|1\n|-damage|p2a: Garchomp|10/100\n|-damage|p2b: Tyranitar|0 fnt\n|faint|p2b: Tyranitar\n|move|p2a: Garchomp|Dragon Claw|p1a: Garchomp\n|-supereffective|p1a: Garchomp|1\n|-damage|p1a: Garchomp|14/100\n|-damage|p2a: Garchomp|0 fnt|[from] ability: Rough Skin|[of] p1a: Garchomp\n|faint|p2a: Garchomp\n|\n|win|jisdafods\n|raw|jisdafods's rating: 1141 &rarr; <strong>1167</strong><br />(+26 for winning)\n|raw|xxinxin's rating: 1152 &rarr; <strong>1126</strong><br />(-26 for losing)\n|l|\u2606xxinxin\n|player|p2|\n",
  "uploadtime": 1776145440,
  "views": 19,
  "formatid": "gen9championsvgc2026regma",
  "rating": 1126,
  "private": 0,
  "password": null
}