{
  "id": "gen9championsvgc2026regma-2587846121",
  "format": "[Gen 9 Champions] VGC 2026 Reg M-A",
  "players": [
    "f1ish",
    "Tubandchubb"
  ],
  "log": "|j|\u203df1ish\n|j|\u2606Tubandchubb\n|t:|1776570052\n|gametype|doubles\n|player|p1|f1ish|266|1432\n|player|p2|Tubandchubb|sordward-shielbert|1425\n|gen|9\n|tier|[Gen 9 Champions] VGC 2026 Reg M-A\n|rated|\n|rule|Species Clause: Limit one of each Pok\u00e9mon\n|rule|Item Clause: Limit 1 of each item\n|clearpoke\n|poke|p1|Politoed, L50, F|\n|poke|p1|Ninetales-Alola, L50, M|\n|poke|p1|Sableye, L50, M|\n|poke|p1|Incineroar, L50, M|\n|poke|p1|Sinistcha, L50|\n|poke|p1|Gengar, L50, M|\n|poke|p2|Chesnaught, L50, F|\n|poke|p2|Typhlosion-Hisui, L50, M|\n|poke|p2|Corviknight, L50, M|\n|poke|p2|Goodra-Hisui, L50, F|\n|poke|p2|Gyarados, L50, M|\n|poke|p2|Kangaskhan, L50, F|\n|teampreview|4\n|inactive|Battle timer is ON: inactive players will automatically lose when time's up. (requested by f1ish)\n|inactive|f1ish has 60 seconds left.\n|inactive|Tubandchubb has 60 seconds left.\n|inactive|Tubandchubb has 30 seconds left.\n|\n|t:|1776570119\n|teamsize|p1|4\n|teamsize|p2|4\n|start\n|switch|p1a: Incineroar|Incineroar, L50, M|100/100\n|switch|p1b: Gengar|Gengar, L50, M|100/100\n|switch|p2a: Kangaskhan|Kangaskhan, L50, F|100/100\n|switch|p2b: Typhlosion|Typhlosion-Hisui, L50, M|100/100\n|-item|p1a: Incineroar|Sitrus Berry|[from] ability: Frisk|[of] p2b: Typhlosion\n|-item|p1b: Gengar|Gengarite|[from] ability: Frisk|[of] p2b: Typhlosion\n|-ability|p1a: Incineroar|Intimidate|boost\n|-fail|p2a: Kangaskhan|unboost|Attack|[from] ability: Scrappy|[of] p2a: Kangaskhan\n|-unboost|p2b: Typhlosion|atk|1\n|turn|1\n|\n|t:|1776570139\n|detailschange|p1b: Gengar|Gengar-Mega, L50, M\n|-mega|p1b: Gengar|Gengar|Gengarite\n|move|p1b: Gengar|Protect|p1b: Gengar\n|-singleturn|p1b: Gengar|Protect\n|move|p1a: Incineroar|Protect|p1a: Incineroar\n|-singleturn|p1a: Incineroar|Protect\n|move|p2a: Kangaskhan|Fake Out|p1a: Incineroar\n|-activate|p1a: Incineroar|move: Protect\n|move|p2b: Typhlosion|Shadow Ball|p1b: Gengar\n|-activate|p1b: Gengar|move: Protect\n|\n|upkeep\n|turn|2\n|inactive|f1ish has 30 seconds left.\n|inactive|f1ish has 20 seconds left.\n|inactive|f1ish has 15 seconds left.\n|inactive|f1ish has 10 seconds left.\n|inactive|f1ish has 5 seconds left.\n|\n|t:|1776570191\n|switch|p1b: Politoed|Politoed, L50, F|100/100\n|-weather|RainDance|[from] ability: Drizzle|[of] p1b: Politoed\n|move|p2b: Typhlosion|Shadow Ball|p1b: Politoed\n|-damage|p1b: Politoed|72/100\n|-unboost|p1b: Politoed|spd|1\n|move|p2a: Kangaskhan|Last Resort|p1b: Politoed\n|-damage|p1b: Politoed|0 fnt\n|faint|p1b: Politoed\n|move|p1a: Incineroar|Parting Shot|p2a: Kangaskhan\n|-unboost|p2a: Kangaskhan|atk|1\n|-unboost|p2a: Kangaskhan|spa|1\n|\n|t:|1776570211\n|switch|p1a: Gengar|Gengar-Mega, L50, M|100/100|[from] Parting Shot\n|\n|-weather|RainDance|[upkeep]\n|upkeep\n|\n|t:|1776570216\n|switch|p1b: Incineroar|Incineroar, L50, M|100/100\n|-ability|p1b: Incineroar|Intimidate|boost\n|-fail|p2a: Kangaskhan|unboost|Attack|[from] ability: Scrappy|[of] p2a: Kangaskhan\n|-unboost|p2b: Typhlosion|atk|1\n|turn|3\n|\n|t:|1776570231\n|move|p1a: Gengar|Protect|p1a: Gengar\n|-singleturn|p1a: Gengar|Protect\n|move|p2b: Typhlosion|Shadow Ball|p1a: Gengar\n|-activate|p1a: Gengar|move: Protect\n|move|p2a: Kangaskhan|Last Resort|p1a: Gengar\n|-activate|p1a: Gengar|move: Protect\n|move|p1b: Incineroar|Snarl|p2b: Typhlosion|[spread] p2a,p2b\n|-supereffective|p2b: Typhlosion|1\n|-damage|p2a: Kangaskhan|87/100\n|-damage|p2b: Typhlosion|68/100\n|-unboost|p2a: Kangaskhan|spa|1\n|-unboost|p2b: Typhlosion|spa|1\n|\n|-weather|RainDance|[upkeep]\n|upkeep\n|turn|4\n|\n|t:|1776570251\n|move|p2b: Typhlosion|Shadow Ball|p1a: Gengar\n|-supereffective|p1a: Gengar|1\n|-damage|p1a: Gengar|42/100\n|move|p1a: Gengar|Disable|p2a: Kangaskhan\n|-start|p2a: Kangaskhan|Disable|Last Resort\n|cant|p2a: Kangaskhan|Disable|Last Resort\n|move|p1b: Incineroar|Snarl|p2b: Typhlosion|[spread] p2a,p2b\n|-supereffective|p2b: Typhlosion|1\n|-damage|p2a: Kangaskhan|76/100\n|-damage|p2b: Typhlosion|35/100\n|-unboost|p2a: Kangaskhan|spa|1\n|-unboost|p2b: Typhlosion|spa|1\n|\n|-weather|RainDance|[upkeep]\n|upkeep\n|turn|5\n|j| sammap\n|l| sammap\n|\n|t:|1776570278\n|move|p1a: Gengar|Protect|p1a: Gengar\n|-singleturn|p1a: Gengar|Protect\n|move|p2b: Typhlosion|Shadow Ball|p1b: Incineroar\n|-resisted|p1b: Incineroar|1\n|-damage|p1b: Incineroar|93/100\n|-unboost|p1b: Incineroar|spd|1\n|-activate|p2a: Kangaskhan|move: Struggle\n|move|p2a: Kangaskhan|Struggle|p1a: Gengar\n|-activate|p1a: Gengar|move: Protect\n|move|p1b: Incineroar|Parting Shot|p2b: Typhlosion\n|-unboost|p2b: Typhlosion|atk|1\n|-unboost|p2b: Typhlosion|spa|1\n|\n|t:|1776570284\n|switch|p1b: Sinistcha|Sinistcha, L50|100/100|[from] Parting Shot\n|-heal|p1a: Gengar|66/100|[from] ability: Hospitality|[of] p1b: Sinistcha\n|\n|-weather|RainDance|[upkeep]\n|upkeep\n|turn|6\n|inactive|f1ish has 30 seconds left.\n|\n|t:|1776570314\n|move|p2b: Typhlosion|Shadow Ball|p1a: Gengar\n|-supereffective|p1a: Gengar|1\n|-crit|p1a: Gengar\n|-damage|p1a: Gengar|0 fnt\n|faint|p1a: Gengar\n|-activate|p2a: Kangaskhan|move: Struggle\n|move|p2a: Kangaskhan|Struggle|p1b: Sinistcha\n|-damage|p1b: Sinistcha|90/100\n|-damage|p2a: Kangaskhan|51/100|[from] recoil\n|move|p1b: Sinistcha|Life Dew|p1b: Sinistcha\n|-heal|p1b: Sinistcha|100/100\n|\n|-weather|none\n|upkeep\n|-message|f1ish forfeited.\n|\n|win|Tubandchubb\n|raw|f1ish's rating: 1432 &rarr; <strong>1412</strong><br />(-20 for losing)\n|raw|Tubandchubb's rating: 1425 &rarr; <strong>1445</strong><br />(+20 for winning)\n|l|\u203df1ish\n|player|p1|\n|l|\u2606Tubandchubb\n|player|p2|\n",
  "uploadtime": 1776570380,
  "views": 16,
  "formatid": "gen9championsvgc2026regma",
  "rating": 1412,
  "private": 0,
  "password": null
}