{
  "id": "gen9championsvgc2026regma-2587781513",
  "format": "[Gen 9 Champions] VGC 2026 Reg M-A",
  "players": [
    "Wubba Dub Dub",
    "ScribbleScribble"
  ],
  "log": "|j|\u2606Wubba Dub Dub\n|j|\u2606ScribbleScribble\n|t:|1776563390\n|gametype|doubles\n|player|p1|Wubba Dub Dub|n|1474\n|player|p2|ScribbleScribble|mina-lgpe|1608\n|gen|9\n|tier|[Gen 9 Champions] VGC 2026 Reg M-A\n|rated|\n|rule|Species Clause: Limit one of each Pok\u00e9mon\n|rule|Item Clause: Limit 1 of each item\n|clearpoke\n|poke|p1|Sinistcha, L50|\n|poke|p1|Gardevoir, L50, M|\n|poke|p1|Kingambit, L50, M|\n|poke|p1|Palafin, L50, F|\n|poke|p1|Sneasler, L50, F|\n|poke|p1|Rotom-Heat, L50|\n|poke|p2|Floette-Eternal, L50, F|\n|poke|p2|Sneasler, L50, M, shiny|\n|poke|p2|Aerodactyl, L50, F|\n|poke|p2|Basculegion, L50, M|\n|poke|p2|Farigiraf, L50, F|\n|poke|p2|Kingambit, L50, F|\n|teampreview|4\n|inactive|Battle timer is ON: inactive players will automatically lose when time's up. (requested by ScribbleScribble)\n|inactive|Wubba Dub Dub has 60 seconds left.\n|inactive|Wubba Dub Dub has 30 seconds left.\n|inactive|Wubba Dub Dub has 20 seconds left.\n|\n|t:|1776563461\n|teamsize|p1|4\n|teamsize|p2|4\n|start\n|switch|p1a: Kingambit|Kingambit, L50, M|100/100\n|switch|p1b: Sneasler|Sneasler, L50, F|100/100\n|switch|p2a: Aerodactyl|Aerodactyl, L50, F|100/100\n|switch|p2b: Basculegion|Basculegion, L50, M|100/100\n|-ability|p2a: Aerodactyl|Unnerve\n|turn|1\n|\n|t:|1776563484\n|switch|p2a: Farigiraf|Farigiraf, L50, F|100/100\n|move|p1b: Sneasler|Fake Out||[still]\n|cant|p2a: Farigiraf|ability: Armor Tail|Fake Out|[of] p1b: Sneasler\n|move|p2b: Basculegion|Wave Crash|p1b: Sneasler\n|-enditem|p1b: Sneasler|Focus Sash\n|-damage|p1b: Sneasler|1/100\n|-damage|p2b: Basculegion|75/100|[from] Recoil\n|move|p1a: Kingambit|Kowtow Cleave|p2b: Basculegion\n|-supereffective|p2b: Basculegion|1\n|-crit|p2b: Basculegion\n|-damage|p2b: Basculegion|0 fnt\n|faint|p2b: Basculegion\n|\n|upkeep\n|\n|t:|1776563508\n|switch|p2b: Floette|Floette-Eternal, L50, F|100/100\n|turn|2\n|\n|t:|1776563520\n|detailschange|p2b: Floette|Floette-Mega, L50, F\n|-mega|p2b: Floette|Floette|Floettite\n|-ability|p2b: Floette|Fairy Aura\n|move|p2b: Floette|Protect|p2b: Floette\n|-singleturn|p2b: Floette|Protect\n|move|p1b: Sneasler|Close Combat|p2a: Farigiraf\n|-damage|p2a: Farigiraf|43/100\n|-unboost|p1b: Sneasler|def|1\n|-unboost|p1b: Sneasler|spd|1\n|-enditem|p2a: Farigiraf|Sitrus Berry|[eat]\n|-heal|p2a: Farigiraf|68/100|[from] item: Sitrus Berry\n|move|p1a: Kingambit|Kowtow Cleave|p2a: Farigiraf\n|-supereffective|p2a: Farigiraf|1\n|-damage|p2a: Farigiraf|0 fnt\n|faint|p2a: Farigiraf\n|\n|upkeep\n|\n|t:|1776563523\n|switch|p2a: Aerodactyl|Aerodactyl, L50, F|100/100\n|-ability|p2a: Aerodactyl|Unnerve\n|turn|3\n|\n|t:|1776563544\n|switch|p1b: Sinistcha|Sinistcha, L50|100/100\n|move|p2a: Aerodactyl|Rock Slide|p1b: Sinistcha|[spread] p1a,p1b\n|-resisted|p1a: Kingambit|1\n|-crit|p1b: Sinistcha\n|-damage|p1a: Kingambit|91/100\n|-damage|p1b: Sinistcha|70/100\n|move|p2b: Floette|Moonblast|p1a: Kingambit\n|-damage|p1a: Kingambit|15/100\n|move|p1a: Kingambit|Kowtow Cleave|p2a: Aerodactyl\n|-damage|p2a: Aerodactyl|16/100\n|\n|-heal|p1b: Sinistcha|76/100|[from] item: Leftovers\n|upkeep\n|turn|4\n|inactive|Wubba Dub Dub has 30 seconds left.\n|\n|t:|1776563572\n|move|p1a: Kingambit|Sucker Punch||[still]\n|-fail|p1a: Kingambit\n|move|p2a: Aerodactyl|Tailwind|p2a: Aerodactyl\n|-sidestart|p2: ScribbleScribble|move: Tailwind\n|move|p2b: Floette|Dazzling Gleam|p1b: Sinistcha|[spread] p1a,p1b\n|-damage|p1a: Kingambit|0 fnt\n|-damage|p1b: Sinistcha|32/100\n|faint|p1a: Kingambit\n|move|p1b: Sinistcha|Matcha Gotcha|p2b: Floette|[spread] p2a,p2b\n|-damage|p2a: Aerodactyl|0 fnt\n|-heal|p1b: Sinistcha|39/100|[from] drain|[of] p2a: Aerodactyl\n|-damage|p2b: Floette|82/100\n|-heal|p1b: Sinistcha|48/100|[from] drain|[of] p2b: Floette\n|faint|p2a: Aerodactyl\n|\n|-heal|p1b: Sinistcha|54/100|[from] item: Leftovers\n|upkeep\n|\n|t:|1776563588\n|switch|p1a: Sneasler|Sneasler, L50, F|1/100\n|turn|5\n|inactive|ScribbleScribble has 30 seconds left.\n|\n|t:|1776563619\n|move|p1a: Sneasler|Fake Out|p2b: Floette\n|-crit|p2b: Floette\n|-damage|p2b: Floette|57/100\n|cant|p2b: Floette|flinch\n|move|p1b: Sinistcha|Trick Room|p1b: Sinistcha\n|-fieldstart|move: Trick Room|[of] p1b: Sinistcha\n|\n|-heal|p1b: Sinistcha|60/100|[from] item: Leftovers\n|upkeep\n|turn|6\n|\n|t:|1776563629\n|move|p2b: Floette|Protect|p2b: Floette\n|-singleturn|p2b: Floette|Protect\n|move|p1b: Sinistcha|Matcha Gotcha|p2b: Floette\n|-activate|p2b: Floette|move: Protect\n|move|p1a: Sneasler|Dire Claw|p2b: Floette\n|-activate|p2b: Floette|move: Protect\n|\n|-heal|p1b: Sinistcha|66/100|[from] item: Leftovers\n|upkeep\n|turn|7\n|\n|t:|1776563635\n|move|p2b: Floette|Protect|p2b: Floette\n|-singleturn|p2b: Floette|Protect\n|move|p1b: Sinistcha|Matcha Gotcha|p2b: Floette\n|-activate|p2b: Floette|move: Protect\n|move|p1a: Sneasler|Dire Claw|p2b: Floette\n|-activate|p2b: Floette|move: Protect\n|\n|-heal|p1b: Sinistcha|72/100|[from] item: Leftovers\n|-sideend|p2: ScribbleScribble|move: Tailwind\n|upkeep\n|turn|8\n|j| The Rust Syndicate\n|\n|t:|1776563652\n|move|p1a: Sneasler|Feint|p2b: Floette\n|-damage|p2b: Floette|44/100\n|move|p1b: Sinistcha|Matcha Gotcha|p2b: Floette\n|-damage|p2b: Floette|21/100\n|-heal|p1b: Sinistcha|84/100|[from] drain|[of] p2b: Floette\n|-status|p2b: Floette|brn\n|move|p2b: Floette|Dazzling Gleam|p1b: Sinistcha|[spread] p1a,p1b\n|-damage|p1a: Sneasler|0 fnt\n|-damage|p1b: Sinistcha|35/100\n|faint|p1a: Sneasler\n|\n|-heal|p1b: Sinistcha|41/100|[from] item: Leftovers\n|-damage|p2b: Floette|15/100 brn|[from] brn\n|upkeep\n|\n|t:|1776563659\n|switch|p1a: Gardevoir|Gardevoir, L50, M|100/100\n|-ability|p1a: Gardevoir|Fairy Aura|Trace|[from] ability: Trace|[of] p2b: Floette\n|-ability|p1a: Gardevoir|Fairy Aura\n|turn|9\n|\n|t:|1776563671\n|detailschange|p1a: Gardevoir|Gardevoir-Mega, L50, M\n|-mega|p1a: Gardevoir|Gardevoir|Gardevoirite\n|move|p2b: Floette|Protect|p2b: Floette\n|-singleturn|p2b: Floette|Protect\n|move|p1b: Sinistcha|Matcha Gotcha|p2b: Floette\n|-activate|p2b: Floette|move: Protect\n|move|p1a: Gardevoir|Psychic|p2b: Floette\n|-activate|p2b: Floette|move: Protect\n|\n|-heal|p1b: Sinistcha|47/100|[from] item: Leftovers\n|-damage|p2b: Floette|8/100 brn|[from] brn\n|-fieldend|move: Trick Room\n|upkeep\n|turn|10\n|\n|t:|1776563677\n|move|p2b: Floette|Dazzling Gleam|p1a: Gardevoir|[spread] p1a,p1b\n|-damage|p1a: Gardevoir|61/100\n|-damage|p1b: Sinistcha|3/100\n|move|p1a: Gardevoir|Psychic|p2b: Floette\n|-damage|p2b: Floette|0 fnt\n|faint|p2b: Floette\n|\n|win|Wubba Dub Dub\n|raw|Wubba Dub Dub's rating: 1474 &rarr; <strong>1502</strong><br />(+28 for winning)\n|raw|ScribbleScribble's rating: 1614 &rarr; <strong>1586</strong><br />(-28 for losing)\n|l|\u2606ScribbleScribble\n|player|p2|\n",
  "uploadtime": 1776563690,
  "views": 41,
  "formatid": "gen9championsvgc2026regma",
  "rating": 1502,
  "private": 0,
  "password": null
}