{
  "id": "gen9championsvgc2026regma-2585949332",
  "format": "[Gen 9 Champions] VGC 2026 Reg M-A",
  "players": [
    "Forbranna",
    "Wolfe Flick"
  ],
  "log": "|j|\u2606Forbranna\n|j|\u2606Wolfe Flick\n|t:|1776384251\n|gametype|doubles\n|player|p1|Forbranna|265|1481\n|player|p2|Wolfe Flick|leon-tower|1564\n|gen|9\n|tier|[Gen 9 Champions] VGC 2026 Reg M-A\n|rated|\n|rule|Species Clause: Limit one of each Pok\u00e9mon\n|rule|Item Clause: Limit 1 of each item\n|clearpoke\n|poke|p1|Meganium, L50, F|\n|poke|p1|Tyranitar, L50, M|\n|poke|p1|Excadrill, L50, F|\n|poke|p1|Aegislash, L50, M|\n|poke|p1|Sinistcha, L50|\n|poke|p1|Talonflame, L50, M|\n|poke|p2|Scizor, L50, F|\n|poke|p2|Politoed, L50, F|\n|poke|p2|Sinistcha, L50|\n|poke|p2|Incineroar, L50, M|\n|poke|p2|Archaludon, L50, F|\n|poke|p2|Dragonite, L50, M|\n|teampreview|4\n|inactive|Battle timer is ON: inactive players will automatically lose when time's up. (requested by Forbranna)\n|inactive|Forbranna has 60 seconds left.\n|\n|t:|1776384290\n|teamsize|p1|4\n|teamsize|p2|4\n|start\n|switch|p1a: Malcom X|Talonflame, L50, M, shiny|100/100\n|switch|p1b: Sappho|Meganium, L50, F|100/100\n|switch|p2a: Scizor|Scizor, L50, F|100/100\n|switch|p2b: Incineroar|Incineroar, L50, M|100/100\n|-ability|p2b: Incineroar|Intimidate|boost\n|-unboost|p1a: Malcom X|atk|1\n|-unboost|p1b: Sappho|atk|1\n|turn|1\n|j| Kamusito98\n|l| Kamusito98\n|\n|t:|1776384315\n|move|p1a: Malcom X|Protect|p1a: Malcom X\n|-singleturn|p1a: Malcom X|Protect\n|move|p1b: Sappho|Protect|p1b: Sappho\n|-singleturn|p1b: Sappho|Protect\n|move|p2a: Scizor|Protect|p2a: Scizor\n|-singleturn|p2a: Scizor|Protect\n|move|p2b: Incineroar|Parting Shot|p1a: Malcom X\n|-activate|p1a: Malcom X|move: Protect\n|\n|upkeep\n|turn|2\n|inactive|Forbranna has 30 seconds left.\n|inactive|Forbranna has 20 seconds left.\n|\n|t:|1776384351\n|switch|p2a: Politoed|Politoed, L50, F|100/100\n|-weather|RainDance|[from] ability: Drizzle|[of] p2a: Politoed\n|detailschange|p1b: Sappho|Meganium-Mega, L50, F\n|-mega|p1b: Sappho|Meganium|Meganiumite\n|move|p1a: Malcom X|Tailwind|p1a: Malcom X\n|-sidestart|p1: Forbranna|move: Tailwind\n|move|p1b: Sappho|Weather Ball|p2a: Politoed\n|-resisted|p2a: Politoed|1\n|-damage|p2a: Politoed|81/100\n|move|p2b: Incineroar|Parting Shot|p1b: Sappho\n|-unboost|p1b: Sappho|atk|1\n|-unboost|p1b: Sappho|spa|1\n|j| jsa1\n|\n|t:|1776384368\n|switch|p2b: Scizor|Scizor, L50, F|100/100|[from] Parting Shot\n|\n|-weather|RainDance|[upkeep]\n|upkeep\n|turn|3\n|\n|t:|1776384384\n|switch|p1b: Charlemagne|Sinistcha, L50|100/100\n|switch|p2a: Incineroar|Incineroar, L50, M|100/100\n|-ability|p2a: Incineroar|Intimidate|boost\n|-unboost|p1a: Malcom X|atk|1\n|-unboost|p1b: Charlemagne|atk|1\n|move|p2b: Scizor|Protect|p2b: Scizor\n|-singleturn|p2b: Scizor|Protect\n|move|p1a: Malcom X|Will-O-Wisp|p2b: Scizor\n|-activate|p2b: Scizor|move: Protect\n|\n|-weather|RainDance|[upkeep]\n|upkeep\n|turn|4\n|\n|t:|1776384404\n|detailschange|p2b: Scizor|Scizor-Mega, L50, F\n|-mega|p2b: Scizor|Scizor|Scizorite\n|move|p2a: Incineroar|Fake Out|p1a: Malcom X\n|-damage|p1a: Malcom X|84/100\n|cant|p1a: Malcom X|flinch\n|move|p1b: Charlemagne|Life Dew||[still]|[spread] p1a,p1b\n|-heal|p1a: Malcom X|100/100\n|-fail|p1b: Charlemagne|heal\n|move|p2b: Scizor|Bug Bite|p1b: Charlemagne\n|-damage|p1b: Charlemagne|49/100\n|-enditem|p1b: Charlemagne|Occa Berry|[from] stealeat|[move] Bug Bite|[of] p2b: Scizor\n|\n|-weather|RainDance|[upkeep]\n|upkeep\n|turn|5\n|inactive|Wolfe Flick has 30 seconds left.\n|\n|t:|1776384430\n|move|p1a: Malcom X|Will-O-Wisp|p2b: Scizor|[miss]\n|-miss|p1a: Malcom X|p2b: Scizor\n|move|p1b: Charlemagne|Life Dew||[still]|[spread] p1a,p1b\n|-fail|p1a: Malcom X|heal\n|-heal|p1b: Charlemagne|75/100\n|move|p2b: Scizor|Swords Dance|p2b: Scizor\n|-boost|p2b: Scizor|atk|2\n|move|p2a: Incineroar|Throat Chop|p1b: Charlemagne\n|-supereffective|p1b: Charlemagne|1\n|-damage|p1b: Charlemagne|17/100\n|-start|p1b: Charlemagne|Throat Chop|[silent]\n|\n|-weather|RainDance|[upkeep]\n|-sideend|p1: Forbranna|move: Tailwind\n|upkeep\n|turn|6\n|inactive|Forbranna has 30 seconds left.\n|inactive|Wolfe Flick has 30 seconds left.\n|\n|t:|1776384463\n|switch|p1b: Ivan IV|Tyranitar, L50, M, shiny|100/100\n|-weather|Sandstorm|[from] ability: Sand Stream|[of] p1b: Ivan IV\n|move|p2b: Scizor|Protect|p2b: Scizor\n|-singleturn|p2b: Scizor|Protect\n|move|p1a: Malcom X|Will-O-Wisp|p2b: Scizor\n|-activate|p2b: Scizor|move: Protect\n|move|p2a: Incineroar|Throat Chop|p1b: Ivan IV\n|-resisted|p1b: Ivan IV|1\n|-damage|p1b: Ivan IV|88/100\n|-start|p1b: Ivan IV|Throat Chop|[silent]\n|\n|-weather|Sandstorm|[upkeep]\n|-damage|p1a: Malcom X|95/100|[from] Sandstorm\n|-damage|p2a: Incineroar|95/100|[from] Sandstorm\n|-heal|p1a: Malcom X|100/100|[from] item: Leftovers\n|upkeep\n|turn|7\n|\n|t:|1776384483\n|switch|p2a: Politoed|Politoed, L50, F|81/100\n|-weather|RainDance|[from] ability: Drizzle|[of] p2a: Politoed\n|move|p1b: Ivan IV|Protect|p1b: Ivan IV\n|-singleturn|p1b: Ivan IV|Protect\n|move|p2b: Scizor|Bullet Punch|p1b: Ivan IV\n|-activate|p1b: Ivan IV|move: Protect\n|move|p1a: Malcom X|Will-O-Wisp|p2b: Scizor\n|-status|p2b: Scizor|brn\n|\n|-weather|RainDance|[upkeep]\n|-damage|p2b: Scizor|95/100 brn|[from] brn\n|-end|p1b: Ivan IV|Throat Chop|[silent]\n|upkeep\n|turn|8\n|inactive|Forbranna has 30 seconds left.\n|\n|t:|1776384510\n|move|p1a: Malcom X|Tailwind|p1a: Malcom X\n|-sidestart|p1: Forbranna|move: Tailwind\n|move|p1b: Ivan IV|Knock Off|p2a: Politoed\n|-damage|p2a: Politoed|32/100\n|-enditem|p2a: Politoed|Sitrus Berry|[from] move: Knock Off|[of] p1b: Ivan IV\n|move|p2b: Scizor|Swords Dance|p2b: Scizor\n|-boost|p2b: Scizor|atk|2\n|move|p2a: Politoed|Weather Ball|p1a: Malcom X\n|-supereffective|p1a: Malcom X|1\n|-crit|p1a: Malcom X\n|-damage|p1a: Malcom X|0 fnt\n|faint|p1a: Malcom X\n|\n|-weather|RainDance|[upkeep]\n|-damage|p2b: Scizor|89/100 brn|[from] brn\n|upkeep\n|\n|t:|1776384527\n|switch|p1a: Sappho|Meganium-Mega, L50, F|100/100\n|turn|9\n|\n|t:|1776384534\n|switch|p2a: Incineroar|Incineroar, L50, M|95/100\n|-ability|p2a: Incineroar|Intimidate|boost\n|-unboost|p1a: Sappho|atk|1\n|-unboost|p1b: Ivan IV|atk|1\n|move|p1a: Sappho|Protect|p1a: Sappho\n|-singleturn|p1a: Sappho|Protect\n|move|p2b: Scizor|Bullet Punch|p1a: Sappho\n|-activate|p1a: Sappho|move: Protect\n|move|p1b: Ivan IV|Rock Slide|p2b: Scizor|[spread] p2a,p2b\n|-supereffective|p2a: Incineroar|1\n|-damage|p2a: Incineroar|65/100\n|-damage|p2b: Scizor|72/100 brn\n|\n|-weather|RainDance|[upkeep]\n|-damage|p2b: Scizor|67/100 brn|[from] brn\n|upkeep\n|turn|10\n|inactive|Forbranna has 30 seconds left.\n|inactive|Wolfe Flick has 30 seconds left.\n|inactive|Forbranna has 20 seconds left.\n|\n|t:|1776384575\n|switch|p1a: Charlemagne|Sinistcha, L50|17/100\n|-heal|p1b: Ivan IV|100/100|[from] ability: Hospitality|[of] p1a: Charlemagne\n|move|p2a: Incineroar|Fake Out|p1a: Charlemagne\n|-immune|p1a: Charlemagne\n|move|p2b: Scizor|Bullet Punch|p1a: Charlemagne\n|-damage|p1a: Charlemagne|0 fnt\n|faint|p1a: Charlemagne\n|move|p1b: Ivan IV|Knock Off|p2b: Scizor\n|-damage|p2b: Scizor|47/100 brn\n|\n|-weather|RainDance|[upkeep]\n|-damage|p2b: Scizor|41/100 brn|[from] brn\n|upkeep\n|\n|t:|1776384590\n|switch|p1a: Sappho|Meganium-Mega, L50, F|100/100\n|turn|11\n|inactive|Wolfe Flick has 30 seconds left.\n|inactive|Wolfe Flick has 20 seconds left.\n|\n|t:|1776384627\n|switch|p2a: Sinistcha|Sinistcha, L50, shiny|100/100\n|-heal|p2b: Scizor|65/100 brn|[from] ability: Hospitality|[of] p2a: Sinistcha\n|move|p2b: Scizor|Protect|p2b: Scizor\n|-singleturn|p2b: Scizor|Protect\n|move|p1a: Sappho|Weather Ball|p2b: Scizor\n|-activate|p2b: Scizor|move: Protect\n|move|p1b: Ivan IV|Rock Slide|p2a: Sinistcha|[spread] \n|-activate|p2b: Scizor|move: Protect\n|-miss|p1b: Ivan IV|p2a: Sinistcha\n|\n|-weather|none\n|-damage|p2b: Scizor|60/100 brn|[from] brn\n|-sideend|p1: Forbranna|move: Tailwind\n|upkeep\n|turn|12\n|\n|t:|1776384649\n|move|p2b: Scizor|Bullet Punch|p1a: Sappho\n|-supereffective|p1a: Sappho|1\n|-damage|p1a: Sappho|7/100\n|move|p1a: Sappho|Weather Ball|p2b: Scizor\n|-supereffective|p2b: Scizor|2\n|-damage|p2b: Scizor|0 fnt\n|faint|p2b: Scizor\n|move|p1b: Ivan IV|Knock Off|p2a: Sinistcha\n|-supereffective|p2a: Sinistcha|1\n|-enditem|p2a: Sinistcha|Colbur Berry|[eat]\n|-enditem|p2a: Sinistcha|Colbur Berry|[weaken]\n|-damage|p2a: Sinistcha|73/100\n|move|p2a: Sinistcha|Matcha Gotcha|p1a: Sappho|[spread] p1a,p1b\n|-resisted|p1a: Sappho|1\n|-supereffective|p1b: Ivan IV|1\n|-damage|p1a: Sappho|0 fnt\n|-heal|p2a: Sinistcha|76/100|[from] drain|[of] p1a: Sappho\n|-damage|p1b: Ivan IV|55/100\n|-heal|p2a: Sinistcha|100/100|[from] drain|[of] p1b: Ivan IV\n|faint|p1a: Sappho\n|\n|upkeep\n|\n|t:|1776384668\n|switch|p2b: Incineroar|Incineroar, L50, M|65/100\n|-ability|p2b: Incineroar|Intimidate|boost\n|-unboost|p1b: Ivan IV|atk|1\n|turn|13\n|-message|Forbranna forfeited.\n|\n|win|Wolfe Flick\n|raw|Forbranna's rating: 1481 &rarr; <strong>1466</strong><br />(-15 for losing)\n|raw|Wolfe Flick's rating: 1564 &rarr; <strong>1579</strong><br />(+15 for winning)\n|l|\u2606Wolfe Flick\n|player|p2|\n|j|\u2606Wolfe Flick\n|player|p2|Wolfe Flick|leon-tower|\n",
  "uploadtime": 1776384681,
  "views": 42,
  "formatid": "gen9championsvgc2026regma",
  "rating": 1466,
  "private": 0,
  "password": null
}