{
  "id": "gen9championsvgc2026regma-2583879175",
  "format": "[Gen 9 Champions] VGC 2026 Reg M-A",
  "players": [
    "Shieda daglod",
    "GlaceusArcanine"
  ],
  "log": "|j|\u2606Shieda daglod\n|j|\u2606GlaceusArcanine\n|t:|1776204902\n|gametype|doubles\n|player|p1|Shieda daglod|265|1000\n|player|p2|GlaceusArcanine|170|1000\n|gen|9\n|tier|[Gen 9 Champions] VGC 2026 Reg M-A\n|rated|\n|rule|Species Clause: Limit one of each Pok\u00e9mon\n|rule|Item Clause: Limit 1 of each item\n|clearpoke\n|poke|p1|Manectric, L50, M|\n|poke|p1|Farigiraf, L50, F|\n|poke|p1|Glimmora, L50, M|\n|poke|p1|Tyranitar, L50, F|\n|poke|p1|Talonflame, L50, M|\n|poke|p1|Kingambit, L50, M|\n|poke|p2|Charizard, L50, M|\n|poke|p2|Aerodactyl, L50, F|\n|poke|p2|Farigiraf, L50, F|\n|poke|p2|Milotic, L50, M|\n|poke|p2|Camerupt, L50, F|\n|poke|p2|Liepard, L50, F|\n|teampreview|4\n|inactive|Battle timer is ON: inactive players will automatically lose when time's up. (requested by Shieda daglod)\n|inactive|Shieda daglod has 60 seconds left.\n|inactive|GlaceusArcanine has 60 seconds left.\n|\n|t:|1776204943\n|teamsize|p1|4\n|teamsize|p2|4\n|start\n|switch|p1a: Manectric|Manectric, L50, M|100/100\n|switch|p1b: Talonflame|Talonflame, L50, M|100/100\n|switch|p2a: Charizard|Charizard, L50, M|100/100\n|switch|p2b: Aerodactyl|Aerodactyl, L50, F|100/100\n|-ability|p2b: Aerodactyl|Unnerve\n|turn|1\n|inactive|GlaceusArcanine has 30 seconds left.\n|\n|t:|1776204978\n|switch|p2b: Camerupt|Camerupt, L50, F|100/100\n|detailschange|p1a: Manectric|Manectric-Mega, L50, M\n|-mega|p1a: Manectric|Manectric|Manectite\n|-ability|p1a: Manectric|Intimidate|boost\n|-unboost|p2a: Charizard|atk|1\n|-unboost|p2b: Camerupt|atk|1\n|detailschange|p2a: Charizard|Charizard-Mega-Y, L50, M\n|-mega|p2a: Charizard|Charizard|Charizardite Y\n|-weather|SunnyDay|[from] ability: Drought|[of] p2a: Charizard\n|move|p1b: Talonflame|Tailwind|p1b: Talonflame\n|-sidestart|p1: Shieda daglod|move: Tailwind\n|move|p1a: Manectric|Volt Switch|p2b: Camerupt\n|-immune|p2b: Camerupt\n|move|p2a: Charizard|Flamethrower|p1a: Manectric\n|-damage|p1a: Manectric|0 fnt\n|faint|p1a: Manectric\n|\n|-weather|SunnyDay|[upkeep]\n|upkeep\n|\n|t:|1776204997\n|switch|p1a: Glimmora|Glimmora, L50, M|100/100\n|turn|2\n|\n|t:|1776205011\n|move|p2a: Charizard|Protect|p2a: Charizard\n|-singleturn|p2a: Charizard|Protect\n|move|p2b: Camerupt|Protect|p2b: Camerupt\n|-singleturn|p2b: Camerupt|Protect\n|move|p1b: Talonflame|Acrobatics|p2b: Camerupt\n|-activate|p2b: Camerupt|move: Protect\n|move|p1a: Glimmora|Power Gem|p2a: Charizard\n|-activate|p2a: Charizard|move: Protect\n|\n|-weather|SunnyDay|[upkeep]\n|upkeep\n|turn|3\n|\n|t:|1776205033\n|switch|p2a: Liepard|Liepard, L50, F|100/100\n|move|p1b: Talonflame|Acrobatics|p2b: Camerupt\n|-damage|p2b: Camerupt|47/100\n|move|p1a: Glimmora|Power Gem|p2a: Liepard\n|-damage|p2a: Liepard|33/100\n|move|p2b: Camerupt|Earth Power|p1a: Glimmora\n|-supereffective|p1a: Glimmora|2\n|-damage|p1a: Glimmora|0 fnt\n|faint|p1a: Glimmora\n|\n|-weather|SunnyDay|[upkeep]\n|upkeep\n|\n|t:|1776205048\n|switch|p1a: Farigiraf|Farigiraf, L50, F|100/100\n|turn|4\n|\n|t:|1776205064\n|move|p1b: Talonflame|Acrobatics|p2b: Camerupt\n|-damage|p2b: Camerupt|0 fnt\n|faint|p2b: Camerupt\n|move|p1a: Farigiraf|Psychic|p2a: Liepard\n|-immune|p2a: Liepard\n|move|p2a: Liepard|Foul Play|p1a: Farigiraf\n|-supereffective|p1a: Farigiraf|1\n|-damage|p1a: Farigiraf|58/100\n|\n|-weather|SunnyDay|[upkeep]\n|-sideend|p1: Shieda daglod|move: Tailwind\n|upkeep\n|\n|t:|1776205080\n|switch|p2b: Charizard|Charizard-Mega-Y, L50, M|100/100\n|turn|5\n|\n|t:|1776205092\n|move|p1b: Talonflame|Tailwind|p1b: Talonflame\n|-sidestart|p1: Shieda daglod|move: Tailwind\n|move|p2a: Liepard|Copycat|p2a: Liepard\n|move|p2a: Liepard|Tailwind|p2a: Liepard|[from] move: Copycat\n|-sidestart|p2: GlaceusArcanine|move: Tailwind\n|move|p2b: Charizard|Flamethrower|p1a: Farigiraf\n|-damage|p1a: Farigiraf|0 fnt\n|faint|p1a: Farigiraf\n|\n|-weather|none\n|upkeep\n|turn|6\n|\n|t:|1776205112\n|move|p1b: Talonflame|Acrobatics|p2b: Charizard\n|-damage|p2b: Charizard|35/100\n|move|p2b: Charizard|Air Slash|p1b: Talonflame\n|-damage|p1b: Talonflame|17/100\n|move|p2a: Liepard|Foul Play|p1b: Talonflame\n|-damage|p1b: Talonflame|0 fnt\n|faint|p1b: Talonflame\n|\n|win|GlaceusArcanine\n|raw|Shieda daglod's rating: 1000 &rarr; <strong>1000</strong><br />(+0 for losing)\n|raw|GlaceusArcanine's rating: 1000 &rarr; <strong>1040</strong><br />(+40 for winning)\n",
  "uploadtime": 1776205121,
  "views": 24,
  "formatid": "gen9championsvgc2026regma",
  "rating": 1000,
  "private": 0,
  "password": null
}