{
  "id": "gen9championsvgc2026regma-2583891605",
  "format": "[Gen 9 Champions] VGC 2026 Reg M-A",
  "players": [
    "pikachar3",
    "Give_Rn"
  ],
  "log": "|j|\u2606pikachar3\n|j|\u2606Give_Rn\n|t:|1776205944\n|gametype|doubles\n|player|p1|pikachar3|n|1004\n|player|p2|Give_Rn|lance|1096\n|gen|9\n|tier|[Gen 9 Champions] VGC 2026 Reg M-A\n|rated|\n|rule|Species Clause: Limit one of each Pok\u00e9mon\n|rule|Item Clause: Limit 1 of each item\n|clearpoke\n|poke|p1|Gardevoir, L50, M|\n|poke|p1|Garchomp, L50, M|\n|poke|p1|Glimmora, L50, M|\n|poke|p1|Orthworm, L50, M|\n|poke|p1|Whimsicott, L50, M|\n|poke|p1|Sinistcha, L50|\n|poke|p2|Archaludon, L50, F|\n|poke|p2|Pelipper, L50, F|\n|poke|p2|Basculegion, L50, M|\n|poke|p2|Sneasler, L50, F|\n|poke|p2|Dragonite, L50, M|\n|poke|p2|Gengar, L50, M|\n|teampreview|4\n|inactive|Battle timer is ON: inactive players will automatically lose when time's up. (requested by Give_Rn)\n|\n|t:|1776205966\n|teamsize|p1|4\n|teamsize|p2|4\n|start\n|switch|p1a: Gardevoir|Gardevoir, L50, M, shiny|100/100\n|switch|p1b: Sinistcha|Sinistcha, L50|100/100\n|switch|p2a: Pelipper|Pelipper, L50, F|100/100\n|switch|p2b: Sneasler|Sneasler, L50, F|100/100\n|-weather|RainDance|[from] ability: Drizzle|[of] p2a: Pelipper\n|turn|1\n|\n|t:|1776205982\n|move|p1b: Sinistcha|Rage Powder|p1b: Sinistcha\n|-singleturn|p1b: Sinistcha|move: Rage Powder\n|move|p2b: Sneasler|Dire Claw|p1b: Sinistcha\n|-damage|p1b: Sinistcha|57/100\n|move|p2a: Pelipper|Hurricane|p1b: Sinistcha\n|-supereffective|p1b: Sinistcha|1\n|-damage|p1b: Sinistcha|0 fnt\n|faint|p1b: Sinistcha\n|move|p1a: Gardevoir|Calm Mind|p1a: Gardevoir\n|-boost|p1a: Gardevoir|spa|1\n|-boost|p1a: Gardevoir|spd|1\n|\n|-weather|RainDance|[upkeep]\n|upkeep\n|\n|t:|1776205993\n|switch|p1b: Whimsicott|Whimsicott, L50, M, shiny|100/100\n|turn|2\n|\n|t:|1776206005\n|detailschange|p1a: Gardevoir|Gardevoir-Mega, L50, M, shiny\n|-mega|p1a: Gardevoir|Gardevoir|Gardevoirite\n|move|p1b: Whimsicott|Tailwind|p1b: Whimsicott\n|-sidestart|p1: pikachar3|move: Tailwind\n|move|p1a: Gardevoir|Hyper Voice|p2a: Pelipper|[spread] p2a,p2b\n|-enditem|p2a: Pelipper|Focus Sash\n|-damage|p2a: Pelipper|1/100\n|-damage|p2b: Sneasler|0 fnt\n|faint|p2b: Sneasler\n|move|p2a: Pelipper|Hurricane|p1b: Whimsicott\n|-supereffective|p1b: Whimsicott|1\n|-enditem|p1b: Whimsicott|Focus Sash\n|-damage|p1b: Whimsicott|1/100\n|-start|p1b: Whimsicott|confusion\n|\n|-weather|RainDance|[upkeep]\n|upkeep\n|\n|t:|1776206021\n|switch|p2b: Basculegion|Basculegion, L50, M|100/100\n|turn|3\n|inactive|pikachar3 has 30 seconds left.\n|\n|t:|1776206048\n|move|p2a: Pelipper|Protect|p2a: Pelipper\n|-singleturn|p2a: Pelipper|Protect\n|move|p2b: Basculegion|Aqua Jet|p1b: Whimsicott\n|-resisted|p1b: Whimsicott|1\n|-damage|p1b: Whimsicott|0 fnt\n|faint|p1b: Whimsicott\n|move|p1a: Gardevoir|Hyper Voice|p2a: Pelipper|[spread] p2b\n|-activate|p2a: Pelipper|move: Protect\n|-damage|p2b: Basculegion|6/100\n|\n|-weather|RainDance|[upkeep]\n|upkeep\n|\n|t:|1776206057\n|switch|p1b: Garchomp|Garchomp, L50, M|100/100\n|turn|4\n|\n|t:|1776206067\n|move|p1b: Garchomp|Rock Slide|p2a: Pelipper|[spread] p2a,p2b\n|-supereffective|p2a: Pelipper|1\n|-damage|p2a: Pelipper|0 fnt\n|-damage|p2b: Basculegion|0 fnt\n|faint|p2a: Pelipper\n|faint|p2b: Basculegion\n|move|p1a: Gardevoir|Hyper Voice|p2: Pelipper|[notarget]\n|-fail|p1a: Gardevoir\n|\n|-weather|RainDance|[upkeep]\n|upkeep\n|\n|t:|1776206078\n|switch|p2b: Archaludon|Archaludon, L50, F, shiny|100/100\n|turn|5\n|\n|t:|1776206087\n|move|p1b: Garchomp|Rock Slide|p2b: Archaludon\n|-resisted|p2b: Archaludon|1\n|-damage|p2b: Archaludon|89/100\n|-ability|p2b: Archaludon|Stamina|boost\n|-boost|p2b: Archaludon|def|1\n|move|p1a: Gardevoir|Draining Kiss|p2b: Archaludon\n|-damage|p2b: Archaludon|45/100\n|-ability|p2b: Archaludon|Stamina|boost\n|-boost|p2b: Archaludon|def|1\n|move|p2b: Archaludon|Flash Cannon|p1a: Gardevoir\n|-supereffective|p1a: Gardevoir|1\n|-damage|p1a: Gardevoir|50/100\n|\n|-weather|none\n|-heal|p2b: Archaludon|51/100|[from] item: Leftovers\n|-sideend|p1: pikachar3|move: Tailwind\n|upkeep\n|turn|6\n|\n|t:|1776206103\n|move|p1b: Garchomp|Rock Slide|p2b: Archaludon\n|-resisted|p2b: Archaludon|1\n|-damage|p2b: Archaludon|45/100\n|-ability|p2b: Archaludon|Stamina|boost\n|-boost|p2b: Archaludon|def|1\n|move|p1a: Gardevoir|Draining Kiss|p2b: Archaludon\n|-damage|p2b: Archaludon|0 fnt\n|-heal|p1a: Gardevoir|96/100|[from] drain|[of] p2b: Archaludon\n|faint|p2b: Archaludon\n|\n|win|pikachar3\n|raw|pikachar3's rating: 1004 &rarr; <strong>1054</strong><br />(+50 for winning)\n|raw|Give_Rn's rating: 1096 &rarr; <strong>1065</strong><br />(-31 for losing)\n|l|\u2606Give_Rn\n|player|p2|\n",
  "uploadtime": 1776206214,
  "views": 16,
  "formatid": "gen9championsvgc2026regma",
  "rating": 1054,
  "private": 0,
  "password": null
}