{
  "id": "gen9championsvgc2026regma-2587644482",
  "format": "[Gen 9 Champions] VGC 2026 Reg M-A",
  "players": [
    "Boredrake2",
    "lOI0IOl"
  ],
  "log": "|j|\u2606Boredrake2\n|j|\u2606lOI0IOl\n|t:|1776549881\n|gametype|doubles\n|player|p1|Boredrake2|steven|1522\n|player|p2|lOI0IOl|169|1428\n|gen|9\n|tier|[Gen 9 Champions] VGC 2026 Reg M-A\n|rated|\n|rule|Species Clause: Limit one of each Pok\u00e9mon\n|rule|Item Clause: Limit 1 of each item\n|clearpoke\n|poke|p1|Milotic, L50, M|\n|poke|p1|Farigiraf, L50, F|\n|poke|p1|Altaria, L50, F|\n|poke|p1|Volcarona, L50, M|\n|poke|p1|Aegislash, L50, M|\n|poke|p1|Garchomp, L50, M|\n|poke|p2|Meowscarada, L50, M|\n|poke|p2|Talonflame, L50, F|\n|poke|p2|Floette-Eternal, L50, F|\n|poke|p2|Rotom-Wash, L50|\n|poke|p2|Incineroar, L50, M|\n|poke|p2|Garchomp, L50, M|\n|teampreview|4\n|inactive|Battle timer is ON: inactive players will automatically lose when time's up. (requested by Boredrake2)\n|inactive|lOI0IOl has 60 seconds left.\n|\n|t:|1776549928\n|teamsize|p1|4\n|teamsize|p2|4\n|start\n|switch|p1a: Aegislash|Aegislash, L50, M|100/100\n|switch|p1b: Volcarona|Volcarona, L50, M|100/100\n|switch|p2a: Talonflame|Talonflame, L50, F|100/100\n|switch|p2b: Meowscarada|Meowscarada, L50, M|100/100\n|turn|1\n|inactive|Boredrake2 has 30 seconds left.\n|\n|t:|1776549956\n|switch|p2b: Garchomp|Garchomp, L50, M|100/100\n|move|p1a: Aegislash|King's Shield|p1a: Aegislash\n|-singleturn|p1a: Aegislash|Protect\n|move|p2a: Talonflame|Acrobatics|p1b: Volcarona\n|-supereffective|p1b: Volcarona|1\n|-enditem|p1b: Volcarona|Focus Sash\n|-damage|p1b: Volcarona|1/100\n|-immune|p2a: Talonflame\n|move|p1b: Volcarona|Flamethrower|p2b: Garchomp\n|-resisted|p2b: Garchomp|1\n|-damage|p2b: Garchomp|75/100\n|\n|upkeep\n|turn|2\n|\n|t:|1776549978\n|switch|p1a: Altaria|Altaria, L50, F|100/100\n|-ability|p1a: Altaria|Cloud Nine\n|move|p1b: Volcarona|Protect|p1b: Volcarona\n|-singleturn|p1b: Volcarona|Protect\n|move|p2a: Talonflame|Tailwind|p2a: Talonflame\n|-sidestart|p2: lOI0IOl|move: Tailwind\n|move|p2b: Garchomp|Earthquake|p1a: Altaria|[spread] \n|-activate|p1b: Volcarona|move: Protect\n|-immune|p2a: Talonflame\n|-immune|p1a: Altaria\n|\n|upkeep\n|turn|3\n|\n|t:|1776549995\n|detailschange|p1a: Altaria|Altaria-Mega, L50, F\n|-mega|p1a: Altaria|Altaria|Altarianite\n|move|p2a: Talonflame|Acrobatics|p1a: Altaria\n|-damage|p1a: Altaria|60/100\n|move|p2b: Garchomp|Rock Slide|p1a: Altaria|[spread] p1a\n|-miss|p2b: Garchomp|p1b: Volcarona\n|-damage|p1a: Altaria|42/100\n|move|p1b: Volcarona|Struggle Bug|p2a: Talonflame|[spread] p2a,p2b\n|-resisted|p2a: Talonflame|2\n|-damage|p2a: Talonflame|94/100\n|-damage|p2b: Garchomp|53/100\n|-unboost|p2a: Talonflame|spa|1\n|-unboost|p2b: Garchomp|spa|1\n|-enditem|p2b: Garchomp|White Herb\n|-clearnegativeboost|p2b: Garchomp|[silent]\n|cant|p1a: Altaria|flinch\n|\n|upkeep\n|turn|4\n|\n|t:|1776550015\n|switch|p1b: Aegislash|Aegislash, L50, M|100/100\n|move|p1a: Altaria|Protect|p1a: Altaria\n|-singleturn|p1a: Altaria|Protect\n|move|p2a: Talonflame|Acrobatics|p1a: Altaria\n|-activate|p1a: Altaria|move: Protect\n|move|p2b: Garchomp|Rock Slide|p1a: Altaria|[spread] \n|-activate|p1a: Altaria|move: Protect\n|-miss|p2b: Garchomp|p1b: Aegislash\n|\n|upkeep\n|turn|5\n|\n|t:|1776550031\n|move|p2a: Talonflame|Acrobatics|p1a: Altaria\n|-damage|p1a: Altaria|3/100\n|move|p2b: Garchomp|Earthquake|p1a: Altaria|[spread] p1a,p1b\n|-immune|p2a: Talonflame\n|-supereffective|p1b: Aegislash|1\n|-damage|p1a: Altaria|0 fnt\n|-damage|p1b: Aegislash|42/100\n|faint|p1a: Altaria\n|-formechange|p1b: Aegislash|Aegislash-Blade|\n|move|p1b: Aegislash|Poltergeist||[still]\n|-fail|p1b: Aegislash\n|\n|-heal|p1b: Aegislash|48/100|[from] item: Leftovers\n|-sideend|p2: lOI0IOl|move: Tailwind\n|upkeep\n|-message|Boredrake2 forfeited.\n|\n|win|lOI0IOl\n|raw|Boredrake2's rating: 1522 &rarr; <strong>1497</strong><br />(-25 for losing)\n|raw|lOI0IOl's rating: 1428 &rarr; <strong>1453</strong><br />(+25 for winning)\n|l|\u2606Boredrake2\n|player|p1|\n",
  "uploadtime": 1776550049,
  "views": 19,
  "formatid": "gen9championsvgc2026regma",
  "rating": 1453,
  "private": 0,
  "password": null
}