{
  "id": "gen9championsvgc2026regma-2584618069",
  "format": "[Gen 9 Champions] VGC 2026 Reg M-A",
  "players": [
    "rkkim",
    "Calde1401"
  ],
  "log": "|j|\u2606rkkim\n|j|\u2606Calde1401\n|t:|1776272441\n|gametype|doubles\n|player|p1|rkkim|169|1145\n|player|p2|Calde1401|nate|1110\n|gen|9\n|tier|[Gen 9 Champions] VGC 2026 Reg M-A\n|rated|\n|rule|Species Clause: Limit one of each Pok\u00e9mon\n|rule|Item Clause: Limit 1 of each item\n|clearpoke\n|poke|p1|Tyranitar, L50, M|\n|poke|p1|Corviknight, L50, F|\n|poke|p1|Primarina, L50, M|\n|poke|p1|Incineroar, L50, F|\n|poke|p1|Excadrill, L50, F|\n|poke|p1|Sinistcha, L50|\n|poke|p2|Sinistcha, L50|\n|poke|p2|Drampa, L50, F|\n|poke|p2|Alakazam, L50, M|\n|poke|p2|Pelipper, L50, F|\n|poke|p2|Basculegion, L50, M|\n|poke|p2|Scizor, L50, F|\n|teampreview|4\n|inactive|Battle timer is ON: inactive players will automatically lose when time's up. (requested by rkkim)\n|inactive|rkkim has 60 seconds left.\n|\n|t:|1776272475\n|teamsize|p1|4\n|teamsize|p2|4\n|start\n|switch|p1a: Tyranitar|Tyranitar, L50, M|100/100\n|switch|p1b: Excadrill|Excadrill, L50, F|100/100\n|switch|p2a: Basculegion|Basculegion, L50, M|100/100\n|switch|p2b: Scizor|Scizor, L50, F|100/100\n|-weather|Sandstorm|[from] ability: Sand Stream|[of] p1a: Tyranitar\n|turn|1\n|inactive|Calde1401 has 30 seconds left.\n|\n|t:|1776272505\n|switch|p2b: Pelipper|Pelipper, L50, F|100/100\n|-weather|RainDance|[from] ability: Drizzle|[of] p2b: Pelipper\n|move|p1a: Tyranitar|Protect|p1a: Tyranitar\n|-singleturn|p1a: Tyranitar|Protect\n|move|p2a: Basculegion|Flip Turn|p1a: Tyranitar\n|-activate|p1a: Tyranitar|move: Protect\n|move|p1b: Excadrill|Earthquake|p2b: Pelipper|[spread] p2a\n|-activate|p1a: Tyranitar|move: Protect\n|-immune|p2b: Pelipper\n|-damage|p2a: Basculegion|48/100\n|\n|-weather|RainDance|[upkeep]\n|upkeep\n|turn|2\n|inactive|rkkim has 30 seconds left.\n|\n|t:|1776272531\n|detailschange|p1a: Tyranitar|Tyranitar-Mega, L50, M\n|-mega|p1a: Tyranitar|Tyranitar|Tyranitarite\n|-weather|Sandstorm|[from] ability: Sand Stream|[of] p1a: Tyranitar\n|move|p1b: Excadrill|Iron Head|p2a: Basculegion\n|-resisted|p2a: Basculegion|1\n|-damage|p2a: Basculegion|21/100\n|move|p2a: Basculegion|Flip Turn|p1a: Tyranitar\n|-supereffective|p1a: Tyranitar|1\n|-damage|p1a: Tyranitar|51/100\n|\n|t:|1776272540\n|switch|p2a: Scizor|Scizor, L50, F|100/100|[from] Flip Turn\n|move|p2b: Pelipper|Weather Ball|p1a: Tyranitar\n|-damage|p1a: Tyranitar|37/100\n|move|p1a: Tyranitar|Rock Slide|p2a: Scizor|[spread] p2a,p2b\n|-supereffective|p2b: Pelipper|1\n|-damage|p2a: Scizor|62/100\n|-damage|p2b: Pelipper|13/100\n|\n|-weather|Sandstorm|[upkeep]\n|-damage|p2b: Pelipper|7/100|[from] Sandstorm\n|upkeep\n|turn|3\n|\n|t:|1776272555\n|switch|p2b: Sinistcha|Sinistcha, L50|100/100\n|-heal|p2a: Scizor|86/100|[from] ability: Hospitality|[of] p2b: Sinistcha\n|detailschange|p2a: Scizor|Scizor-Mega, L50, F\n|-mega|p2a: Scizor|Scizor|Scizorite\n|move|p1a: Tyranitar|Protect|p1a: Tyranitar\n|-singleturn|p1a: Tyranitar|Protect\n|move|p2a: Scizor|Bullet Punch|p1a: Tyranitar\n|-activate|p1a: Tyranitar|move: Protect\n|move|p1b: Excadrill|Iron Head|p2b: Sinistcha\n|-damage|p2b: Sinistcha|56/100\n|\n|-weather|Sandstorm|[upkeep]\n|-damage|p2b: Sinistcha|50/100|[from] Sandstorm\n|-enditem|p2b: Sinistcha|Sitrus Berry|[eat]\n|-heal|p2b: Sinistcha|75/100|[from] item: Sitrus Berry\n|upkeep\n|turn|4\n|\n|t:|1776272577\n|switch|p1a: Sinistcha|Sinistcha, L50|100/100\n|move|p2b: Sinistcha|Rage Powder|p2b: Sinistcha\n|-singleturn|p2b: Sinistcha|move: Rage Powder\n|move|p2a: Scizor|Bullet Punch|p1a: Sinistcha\n|-damage|p1a: Sinistcha|69/100\n|move|p1b: Excadrill|Earthquake|p2b: Sinistcha|[spread] p1a,p2a,p2b\n|-resisted|p1a: Sinistcha|1\n|-crit|p2a: Scizor\n|-resisted|p2b: Sinistcha|1\n|-damage|p1a: Sinistcha|52/100\n|-damage|p2a: Scizor|29/100\n|-damage|p2b: Sinistcha|56/100\n|\n|-weather|Sandstorm|[upkeep]\n|-damage|p1a: Sinistcha|45/100|[from] Sandstorm\n|-damage|p2b: Sinistcha|49/100|[from] Sandstorm\n|upkeep\n|turn|5\n|-message|Calde1401 forfeited.\n|\n|win|rkkim\n|raw|rkkim's rating: 1145 &rarr; <strong>1167</strong><br />(+22 for winning)\n|raw|Calde1401's rating: 1110 &rarr; <strong>1088</strong><br />(-22 for losing)\n|l|\u2606Calde1401\n|player|p2|\n",
  "uploadtime": 1776272591,
  "views": 14,
  "formatid": "gen9championsvgc2026regma",
  "rating": 1088,
  "private": 0,
  "password": null
}