{
  "id": "gen9championsvgc2026regma-2581698148",
  "format": "[Gen 9 Champions] VGC 2026 Reg M-A",
  "players": [
    "Pa7mmm",
    "Missed Ledgedash"
  ],
  "log": "|j|\u2606Pa7mmm\n|j|\u2606Missed Ledgedash\n|t:|1776021565\n|gametype|doubles\n|player|p1|Pa7mmm|102|1043\n|player|p2|Missed Ledgedash|juan-gen3|1105\n|gen|9\n|tier|[Gen 9 Champions] VGC 2026 Reg M-A\n|rated|\n|rule|Species Clause: Limit one of each Pok\u00e9mon\n|rule|Item Clause: Limit 1 of each item\n|clearpoke\n|poke|p1|Garchomp, L50, M|\n|poke|p1|Corviknight, L50, M|\n|poke|p1|Milotic, L50, M|\n|poke|p1|Incineroar, L50, M|\n|poke|p1|Meganium, L50, F|\n|poke|p1|Delphox, L50, M|\n|poke|p2|Incineroar, L50, M|\n|poke|p2|Gengar, L50, M|\n|poke|p2|Gyarados, L50, M|\n|poke|p2|Tyranitar, L50, F|\n|poke|p2|Sneasler, L50, F|\n|poke|p2|Excadrill, L50, M|\n|teampreview|4\n|inactive|Battle timer is ON: inactive players will automatically lose when time's up. (requested by Pa7mmm)\n|\n|t:|1776021591\n|teamsize|p1|4\n|teamsize|p2|4\n|start\n|switch|p1a: Corviknight|Corviknight, L50, M|100/100\n|switch|p1b: Garchomp|Garchomp, L50, M|100/100\n|switch|p2a: Incineroar|Incineroar, L50, M|100/100\n|switch|p2b: Gengar|Gengar, L50, M|100/100\n|-ability|p1a: Corviknight|Pressure\n|-ability|p2a: Incineroar|Intimidate|boost\n|-unboost|p1a: Corviknight|atk|1\n|-unboost|p1b: Garchomp|atk|1\n|-enditem|p1b: Garchomp|White Herb\n|-clearnegativeboost|p1b: Garchomp|[silent]\n|turn|1\n|\n|t:|1776021606\n|detailschange|p2b: Gengar|Gengar-Mega, L50, M\n|-mega|p2b: Gengar|Gengar|Gengarite\n|move|p2a: Incineroar|Fake Out|p1b: Garchomp\n|-damage|p1b: Garchomp|89/100\n|-damage|p2a: Incineroar|88/100|[from] ability: Rough Skin|[of] p1b: Garchomp\n|move|p2b: Gengar|Perish Song|p2b: Gengar\n|-start|p1a: Corviknight|perish3|[silent]\n|-start|p1b: Garchomp|perish3|[silent]\n|-start|p2a: Incineroar|perish3|[silent]\n|-start|p2b: Gengar|perish3|[silent]\n|-fieldactivate|move: Perish Song\n|cant|p1b: Garchomp|flinch\n|move|p1a: Corviknight|Tailwind|p1a: Corviknight\n|-sidestart|p1: Pa7mmm|move: Tailwind\n|\n|-start|p1b: Garchomp|perish3\n|-start|p1a: Corviknight|perish3\n|-start|p2b: Gengar|perish3\n|-start|p2a: Incineroar|perish3\n|upkeep\n|turn|2\n|\n|t:|1776021629\n|move|p2b: Gengar|Protect|p2b: Gengar\n|-singleturn|p2b: Gengar|Protect\n|move|p2a: Incineroar|Protect|p2a: Incineroar\n|-singleturn|p2a: Incineroar|Protect\n|move|p1b: Garchomp|Earthquake|p2b: Gengar|[spread] \n|-activate|p2a: Incineroar|move: Protect\n|-activate|p2b: Gengar|move: Protect\n|-immune|p1a: Corviknight\n|move|p1a: Corviknight|Brave Bird|p2a: Incineroar\n|-activate|p2a: Incineroar|move: Protect\n|\n|-start|p1b: Garchomp|perish2\n|-start|p1a: Corviknight|perish2\n|-start|p2b: Gengar|perish2\n|-start|p2a: Incineroar|perish2\n|upkeep\n|turn|3\n|\n|t:|1776021652\n|switch|p2b: Tyranitar|Tyranitar, L50, F|100/100\n|-weather|Sandstorm|[from] ability: Sand Stream|[of] p2b: Tyranitar\n|move|p1b: Garchomp|Earthquake|p2b: Tyranitar|[spread] p2a,p2b\n|-immune|p1a: Corviknight\n|-supereffective|p2a: Incineroar|1\n|-supereffective|p2b: Tyranitar|1\n|-damage|p2a: Incineroar|20/100\n|-damage|p2b: Tyranitar|36/100\n|-enditem|p2a: Incineroar|Sitrus Berry|[eat]\n|-heal|p2a: Incineroar|45/100|[from] item: Sitrus Berry\n|move|p1a: Corviknight|Brave Bird|p2b: Tyranitar\n|-resisted|p2b: Tyranitar|1\n|-damage|p2b: Tyranitar|24/100\n|-damage|p1a: Corviknight|96/100|[from] Recoil\n|move|p2a: Incineroar|Parting Shot|p1b: Garchomp\n|-unboost|p1b: Garchomp|atk|1\n|-unboost|p1b: Garchomp|spa|1\n|\n|t:|1776021668\n|switch|p2a: Gengar|Gengar-Mega, L50, M|100/100|[from] Parting Shot\n|\n|-weather|Sandstorm|[upkeep]\n|-damage|p2a: Gengar|94/100|[from] Sandstorm\n|-start|p1b: Garchomp|perish1\n|-start|p1a: Corviknight|perish1\n|upkeep\n|turn|4\n|\n|t:|1776021681\n|move|p2a: Gengar|Protect|p2a: Gengar\n|-singleturn|p2a: Gengar|Protect\n|move|p2b: Tyranitar|Protect|p2b: Tyranitar\n|-singleturn|p2b: Tyranitar|Protect\n|move|p1b: Garchomp|Earthquake|p2b: Tyranitar|[spread] \n|-activate|p2a: Gengar|move: Protect\n|-activate|p2b: Tyranitar|move: Protect\n|-immune|p1a: Corviknight\n|move|p1a: Corviknight|Brave Bird|p2a: Gengar\n|-activate|p2a: Gengar|move: Protect\n|\n|-weather|Sandstorm|[upkeep]\n|-damage|p2a: Gengar|88/100|[from] Sandstorm\n|-start|p1b: Garchomp|perish0\n|-start|p1a: Corviknight|perish0\n|-sideend|p1: Pa7mmm|move: Tailwind\n|faint|p1b: Garchomp\n|faint|p1a: Corviknight\n|upkeep\n|\n|t:|1776021686\n|switch|p1b: Incineroar|Incineroar, L50, M|100/100\n|switch|p1a: Meganium|Meganium, L50, F|100/100\n|-ability|p1b: Incineroar|Intimidate|boost\n|-unboost|p2a: Gengar|atk|1\n|-unboost|p2b: Tyranitar|atk|1\n|turn|5\n|\n|t:|1776021709\n|switch|p2b: Incineroar|Incineroar, L50, M|45/100\n|-ability|p2b: Incineroar|Intimidate|boost\n|-unboost|p1a: Meganium|atk|1\n|-unboost|p1b: Incineroar|atk|1\n|move|p1a: Meganium|Protect|p1a: Meganium\n|-singleturn|p1a: Meganium|Protect\n|move|p2a: Gengar|Perish Song|p2a: Gengar\n|-start|p1a: Meganium|perish3|[silent]\n|-start|p1b: Incineroar|perish3|[silent]\n|-start|p2a: Gengar|perish3|[silent]\n|-start|p2b: Incineroar|perish3|[silent]\n|-fieldactivate|move: Perish Song\n|move|p1b: Incineroar|Darkest Lariat|p2a: Gengar\n|-supereffective|p2a: Gengar|1\n|-crit|p2a: Gengar\n|-damage|p2a: Gengar|0 fnt\n|faint|p2a: Gengar\n|\n|-weather|Sandstorm|[upkeep]\n|-damage|p1a: Meganium|94/100|[from] Sandstorm\n|-damage|p2b: Incineroar|39/100|[from] Sandstorm\n|-damage|p1b: Incineroar|94/100|[from] Sandstorm\n|-start|p1a: Meganium|perish3\n|-start|p2b: Incineroar|perish3\n|-start|p1b: Incineroar|perish3\n|upkeep\n|\n|t:|1776021719\n|switch|p2a: Tyranitar|Tyranitar, L50, F|24/100\n|turn|6\n|\n|t:|1776021743\n|detailschange|p1a: Meganium|Meganium-Mega, L50, F\n|-mega|p1a: Meganium|Meganium|Meganiumite\n|move|p2a: Tyranitar|Protect|p2a: Tyranitar\n|-singleturn|p2a: Tyranitar|Protect\n|move|p2b: Incineroar|Fake Out|p1a: Meganium\n|-damage|p1a: Meganium|85/100\n|cant|p1a: Meganium|flinch\n|move|p1b: Incineroar|Parting Shot|p2a: Tyranitar\n|-activate|p2a: Tyranitar|move: Protect\n|\n|-weather|Sandstorm|[upkeep]\n|-damage|p1a: Meganium|79/100|[from] Sandstorm\n|-damage|p2b: Incineroar|33/100|[from] Sandstorm\n|-damage|p1b: Incineroar|88/100|[from] Sandstorm\n|-start|p1a: Meganium|perish2\n|-start|p2b: Incineroar|perish2\n|-start|p1b: Incineroar|perish2\n|upkeep\n|turn|7\n|\n|t:|1776021756\n|switch|p2a: Excadrill|Excadrill, L50, M|100/100\n|move|p2b: Incineroar|Protect|p2b: Incineroar\n|-singleturn|p2b: Incineroar|Protect\n|move|p1a: Meganium|Dazzling Gleam|p2b: Incineroar|[spread] p2a\n|-activate|p2b: Incineroar|move: Protect\n|-resisted|p2a: Excadrill|1\n|-damage|p2a: Excadrill|78/100\n|move|p1b: Incineroar|Flare Blitz|p2a: Excadrill\n|-supereffective|p2a: Excadrill|1\n|-damage|p2a: Excadrill|0 fnt\n|faint|p2a: Excadrill\n|-damage|p1b: Incineroar|64/100|[from] Recoil\n|\n|-weather|none\n|-start|p1a: Meganium|perish1\n|-start|p2b: Incineroar|perish1\n|-start|p1b: Incineroar|perish1\n|upkeep\n|\n|t:|1776021767\n|switch|p2a: Tyranitar|Tyranitar, L50, F|24/100\n|-weather|Sandstorm|[from] ability: Sand Stream|[of] p2a: Tyranitar\n|turn|8\n|-message|Pa7mmm forfeited.\n|\n|win|Missed Ledgedash\n|raw|Pa7mmm's rating: 1043 &rarr; <strong>1029</strong><br />(-14 for losing)\n|raw|Missed Ledgedash's rating: 1105 &rarr; <strong>1126</strong><br />(+21 for winning)\n",
  "uploadtime": 1776021772,
  "views": 12,
  "formatid": "gen9championsvgc2026regma",
  "rating": 1029,
  "private": 0,
  "password": null
}