{
  "id": "gen9championsvgc2026regma-2585627175",
  "format": "[Gen 9 Champions] VGC 2026 Reg M-A",
  "players": [
    "MegaPoblano",
    "josie_on_showdown"
  ],
  "log": "|j|\u203dMegaPoblano\n|j|\u2606josie_on_showdown\n|t:|1776359799\n|gametype|doubles\n|player|p1|MegaPoblano|red|1191\n|player|p2|josie_on_showdown|gentleman|1163\n|gen|9\n|tier|[Gen 9 Champions] VGC 2026 Reg M-A\n|rated|\n|rule|Species Clause: Limit one of each Pok\u00e9mon\n|rule|Item Clause: Limit 1 of each item\n|clearpoke\n|poke|p1|Scovillain, L50, M|\n|poke|p1|Aerodactyl, L50, M|\n|poke|p1|Garchomp, L50, M|\n|poke|p1|Sneasler, L50, F|\n|poke|p1|Sinistcha, L50|\n|poke|p1|Primarina, L50, M|\n|poke|p2|Lucario, L50, M|\n|poke|p2|Ceruledge, L50, M|\n|poke|p2|Milotic, L50, M|\n|poke|p2|Sableye, L50, F|\n|poke|p2|Alakazam, L50, M|\n|poke|p2|Sylveon, L50, F|\n|teampreview|4\n|inactive|Battle timer is ON: inactive players will automatically lose when time's up. (requested by josie_on_showdown)\n|inactive|MegaPoblano has 60 seconds left.\n|inactive|josie_on_showdown has 60 seconds left.\n|\n|t:|1776359856\n|teamsize|p1|4\n|teamsize|p2|4\n|start\n|switch|p1a: Scovillain|Scovillain, L50, M|100/100\n|switch|p1b: Primarina|Primarina, L50, M|100/100\n|switch|p2a: Sableye|Sableye, L50, F|100/100\n|switch|p2b: Lucario|Lucario, L50, M|100/100\n|turn|1\n|\n|t:|1776359870\n|detailschange|p2b: Lucario|Lucario-Mega, L50, M\n|-mega|p2b: Lucario|Lucario|Lucarionite\n|detailschange|p1a: Scovillain|Scovillain-Mega, L50, M\n|-mega|p1a: Scovillain|Scovillain|Scovillainite\n|move|p2a: Sableye|Fake Out|p1a: Scovillain\n|-damage|p1a: Scovillain|94/100\n|-status|p2a: Sableye|brn|[from] ability: Spicy Spray|[of] p1a: Scovillain\n|cant|p1a: Scovillain|flinch\n|move|p2b: Lucario|Meteor Mash|p1b: Primarina\n|-damage|p1b: Primarina|16/100\n|move|p1b: Primarina|Calm Mind|p1b: Primarina\n|-boost|p1b: Primarina|spa|1\n|-boost|p1b: Primarina|spd|1\n|\n|-heal|p1b: Primarina|23/100|[from] item: Leftovers\n|-damage|p2a: Sableye|95/100 brn|[from] brn\n|upkeep\n|turn|2\n|inactive|josie_on_showdown has 30 seconds left.\n|\n|t:|1776359896\n|move|p1b: Primarina|Protect|p1b: Primarina\n|-singleturn|p1b: Primarina|Protect\n|move|p2b: Lucario|Bullet Punch|p1b: Primarina\n|-activate|p1b: Primarina|move: Protect\n|move|p2a: Sableye|Thunder Wave|p1a: Scovillain\n|-status|p1a: Scovillain|par\n|move|p1a: Scovillain|Flamethrower|p2b: Lucario\n|-supereffective|p2b: Lucario|1\n|-damage|p2b: Lucario|0 fnt\n|faint|p2b: Lucario\n|\n|-heal|p1b: Primarina|29/100|[from] item: Leftovers\n|-damage|p2a: Sableye|89/100 brn|[from] brn\n|upkeep\n|\n|t:|1776359902\n|switch|p2b: Sylveon|Sylveon, L50, F|100/100\n|turn|3\n|\n|t:|1776359916\n|switch|p1a: Sinistcha|Sinistcha, L50|100/100\n|-heal|p1b: Primarina|54/100|[from] ability: Hospitality|[of] p1a: Sinistcha\n|move|p2a: Sableye|Thunder Wave|p1b: Primarina\n|-status|p1b: Primarina|par\n|move|p2b: Sylveon|Hyper Voice|p1b: Primarina|[spread] p1a,p1b\n|-damage|p1a: Sinistcha|68/100\n|-damage|p1b: Primarina|29/100 par\n|move|p1b: Primarina|Moonblast|p2a: Sableye\n|-supereffective|p2a: Sableye|1\n|-damage|p2a: Sableye|0 fnt\n|faint|p2a: Sableye\n|\n|-heal|p1b: Primarina|36/100 par|[from] item: Leftovers\n|upkeep\n|\n|t:|1776359927\n|switch|p2a: Ceruledge|Ceruledge, L50, M|100/100\n|turn|4\n|\n|t:|1776359938\n|switch|p1a: Scovillain|Scovillain-Mega, L50, M|94/100 par\n|move|p1b: Primarina|Protect|p1b: Primarina\n|-singleturn|p1b: Primarina|Protect\n|move|p2b: Sylveon|Hyper Voice|p1a: Scovillain|[spread] p1a\n|-activate|p1b: Primarina|move: Protect\n|-resisted|p1a: Scovillain|1\n|-damage|p1a: Scovillain|73/100 par\n|-status|p2b: Sylveon|brn|[from] ability: Spicy Spray|[of] p1a: Scovillain\n|move|p2a: Ceruledge|Bitter Blade|p1a: Scovillain\n|-damage|p1a: Scovillain|25/100 par\n|-immune|p2a: Ceruledge\n|\n|-heal|p1b: Primarina|42/100 par|[from] item: Leftovers\n|-damage|p2b: Sylveon|95/100 brn|[from] brn\n|upkeep\n|turn|5\n|\n|t:|1776359956\n|switch|p1a: Sinistcha|Sinistcha, L50|68/100\n|-heal|p1b: Primarina|67/100 par|[from] ability: Hospitality|[of] p1a: Sinistcha\n|move|p2b: Sylveon|Hyper Voice|p1b: Primarina|[spread] p1a,p1b\n|-damage|p1a: Sinistcha|35/100\n|-damage|p1b: Primarina|44/100 par\n|-enditem|p1a: Sinistcha|Sitrus Berry|[eat]\n|-heal|p1a: Sinistcha|59/100|[from] item: Sitrus Berry\n|move|p2a: Ceruledge|Bitter Blade|p1a: Sinistcha\n|-supereffective|p1a: Sinistcha|1\n|-damage|p1a: Sinistcha|0 fnt\n|faint|p1a: Sinistcha\n|move|p1b: Primarina|Hyper Voice|p2a: Ceruledge|[spread] p2a,p2b\n|-supereffective|p2a: Ceruledge|1\n|-damage|p2a: Ceruledge|0 fnt\n|-damage|p2b: Sylveon|49/100 brn\n|faint|p2a: Ceruledge\n|\n|-heal|p1b: Primarina|50/100 par|[from] item: Leftovers\n|-damage|p2b: Sylveon|43/100 brn|[from] brn\n|upkeep\n|\n|t:|1776359968\n|switch|p1a: Sneasler|Sneasler, L50, F|100/100\n|turn|6\n|\n|t:|1776359974\n|move|p2b: Sylveon|Hyper Voice|p1a: Sneasler|[spread] p1a,p1b\n|-damage|p1a: Sneasler|54/100\n|-damage|p1b: Primarina|29/100 par\n|move|p1a: Sneasler|Dire Claw|p2b: Sylveon\n|-supereffective|p2b: Sylveon|1\n|-damage|p2b: Sylveon|0 fnt\n|faint|p2b: Sylveon\n|\n|win|MegaPoblano\n|raw|MegaPoblano's rating: 1191 &rarr; <strong>1214</strong><br />(+23 for winning)\n|raw|josie_on_showdown's rating: 1163 &rarr; <strong>1140</strong><br />(-23 for losing)\n|l|\u2606josie_on_showdown\n|player|p2|\n",
  "uploadtime": 1776359980,
  "views": 17,
  "formatid": "gen9championsvgc2026regma",
  "rating": 1140,
  "private": 0,
  "password": null
}