{
  "id": "gen9championsvgc2026regma-2587194675",
  "format": "[Gen 9 Champions] VGC 2026 Reg M-A",
  "players": [
    "Psicopatic",
    "Soliidd"
  ],
  "log": "|j|\u2606Psicopatic\n|j|\u2606Soliidd\n|t:|1776507213\n|gametype|doubles\n|player|p1|Psicopatic|266|1405\n|player|p2|Soliidd|flannery|1446\n|gen|9\n|tier|[Gen 9 Champions] VGC 2026 Reg M-A\n|rated|\n|rule|Species Clause: Limit one of each Pok\u00e9mon\n|rule|Item Clause: Limit 1 of each item\n|clearpoke\n|poke|p1|Aerodactyl, L50, F|\n|poke|p1|Floette-Eternal, L50, F|\n|poke|p1|Sneasler, L50, M|\n|poke|p1|Basculegion, L50, M|\n|poke|p1|Delphox, L50, M|\n|poke|p1|Kingambit, L50, M|\n|poke|p2|Charizard, L50, F, shiny|\n|poke|p2|Venusaur, L50, F|\n|poke|p2|Whimsicott, L50, F, shiny|\n|poke|p2|Garchomp, L50, F|\n|poke|p2|Incineroar, L50, F|\n|poke|p2|Milotic, L50, F, shiny|\n|teampreview|4\nSoliidd has agreed to open team sheets.\nPsicopatic has agreed to open team sheets.\n|showteam|p1|Aerodactyl||FocusSash|Unnerve|RockSlide,Tailwind,DualWingbeat,Taunt|||F|||50|]Floette-Eternal||Floettite|FlowerVeil|Moonblast,DazzlingGleam,Protect,LightofRuin|||F|||50|]Sneasler||WhiteHerb|Unburden|CloseCombat,FakeOut,DireClaw,Protect|||M|||50|]Basculegion||ChoiceScarf|Adaptability|LastRespects,WaveCrash,FlipTurn,AquaJet|||M|||50|]Delphox||Delphoxite|Blaze|HeatWave,Encore,Psychic,Protect|||M|||50|]Kingambit||LumBerry|Defiant|IronHead,SuckerPunch,LowKick,Protect|||M|||50|\n|showteam|p2|Charizard||CharizarditeY|Blaze|WeatherBall,HeatWave,SolarBeam,Protect|||F|||50|]Venusaur||Venusaurite|Chlorophyll|SludgeBomb,GigaDrain,EarthPower,Protect|||F|||50|]Whimsicott||FocusSash|Prankster|Moonblast,Tailwind,Encore,SunnyDay|||F|||50|]Garchomp||ChoiceScarf|RoughSkin|DragonClaw,StompingTantrum,Earthquake,RockSlide|||F|||50|]Incineroar||SitrusBerry|Intimidate|FakeOut,PartingShot,FlareBlitz,DarkestLariat|||F|||50|]Milotic||Leftovers|Competitive|Scald,IceBeam,IcyWind,Protect|||F|||50|\n|j| SoupCircle\n|\n|t:|1776507280\n|teamsize|p1|4\n|teamsize|p2|4\n|start\n|switch|p1a: Aerodactyl|Aerodactyl, L50, F|100/100\n|switch|p1b: Sneasler|Sneasler, L50, M|100/100\n|switch|p2a: Garchomp|Garchomp, L50, F|100/100\n|switch|p2b: Milotic|Milotic, L50, F, shiny|100/100\n|-ability|p1a: Aerodactyl|Unnerve\n|turn|1\n|l| SoupCircle\n|\n|t:|1776507318\n|move|p1b: Sneasler|Fake Out|p2a: Garchomp\n|-damage|p2a: Garchomp|87/100\n|-damage|p1b: Sneasler|88/100|[from] ability: Rough Skin|[of] p2a: Garchomp\n|cant|p2a: Garchomp|flinch\n|move|p1a: Aerodactyl|Tailwind|p1a: Aerodactyl\n|-sidestart|p1: Psicopatic|move: Tailwind\n|move|p2b: Milotic|Scald|p1a: Aerodactyl\n|-supereffective|p1a: Aerodactyl|1\n|-damage|p1a: Aerodactyl|10/100\n|\n|upkeep\n|turn|2\n|\n|t:|1776507353\n|move|p1a: Aerodactyl|Rock Slide|p2b: Milotic|[spread] p2a,p2b\n|-resisted|p2a: Garchomp|1\n|-crit|p2a: Garchomp\n|-damage|p2a: Garchomp|68/100\n|-damage|p2b: Milotic|78/100\n|move|p1b: Sneasler|Close Combat|p2b: Milotic\n|-damage|p2b: Milotic|23/100\n|-unboost|p1b: Sneasler|def|1\n|-unboost|p1b: Sneasler|spd|1\n|-enditem|p1b: Sneasler|White Herb\n|-clearnegativeboost|p1b: Sneasler|[silent]\n|move|p2a: Garchomp|Rock Slide|p1b: Sneasler|[spread] p1a,p1b\n|-supereffective|p1a: Aerodactyl|1\n|-resisted|p1b: Sneasler|1\n|-damage|p1a: Aerodactyl|0 fnt\n|-damage|p1b: Sneasler|71/100\n|faint|p1a: Aerodactyl\n|cant|p2b: Milotic|flinch\n|\n|-heal|p2b: Milotic|29/100|[from] item: Leftovers\n|upkeep\n|\n|t:|1776507376\n|switch|p1a: Delphox|Delphox, L50, M|100/100\n|turn|3\n|\n|t:|1776507390\n|detailschange|p1a: Delphox|Delphox-Mega, L50, M\n|-mega|p1a: Delphox|Delphox|Delphoxite\n|move|p1a: Delphox|Protect|p1a: Delphox\n|-singleturn|p1a: Delphox|Protect\n|move|p2b: Milotic|Protect|p2b: Milotic\n|-singleturn|p2b: Milotic|Protect\n|move|p1b: Sneasler|Dire Claw|p2b: Milotic\n|-activate|p2b: Milotic|move: Protect\n|move|p2a: Garchomp|Rock Slide|p1a: Delphox|[spread] p1b\n|-activate|p1a: Delphox|move: Protect\n|-resisted|p1b: Sneasler|1\n|-damage|p1b: Sneasler|52/100\n|\n|-heal|p2b: Milotic|35/100|[from] item: Leftovers\n|upkeep\n|turn|4\n|\n|t:|1776507407\n|switch|p2b: Whimsicott|Whimsicott, L50, F, shiny|100/100\n|move|p1b: Sneasler|Close Combat|p2a: Garchomp\n|-damage|p2a: Garchomp|6/100\n|-unboost|p1b: Sneasler|def|1\n|-unboost|p1b: Sneasler|spd|1\n|-damage|p1b: Sneasler|40/100|[from] ability: Rough Skin|[of] p2a: Garchomp\n|move|p1a: Delphox|Psychic|p2a: Garchomp\n|-damage|p2a: Garchomp|0 fnt\n|faint|p2a: Garchomp\n|\n|-sideend|p1: Psicopatic|move: Tailwind\n|upkeep\n|\n|t:|1776507420\n|switch|p2a: Milotic|Milotic, L50, F, shiny|35/100\n|turn|5\n|\n|t:|1776507472\n|move|p2a: Milotic|Protect|p2a: Milotic\n|-singleturn|p2a: Milotic|Protect\n|move|p1b: Sneasler|Dire Claw|p2b: Whimsicott\n|-supereffective|p2b: Whimsicott|2\n|-enditem|p2b: Whimsicott|Focus Sash\n|-damage|p2b: Whimsicott|1/100\n|-status|p2b: Whimsicott|psn\n|move|p1a: Delphox|Psychic|p2b: Whimsicott\n|-damage|p2b: Whimsicott|0 fnt\n|faint|p2b: Whimsicott\n|\n|-heal|p2a: Milotic|41/100|[from] item: Leftovers\n|upkeep\n|\n|t:|1776507482\n|switch|p2b: Charizard|Charizard, L50, F, shiny|100/100\n|turn|6\n|\n|t:|1776507498\n|detailschange|p2b: Charizard|Charizard-Mega-Y, L50, F, shiny\n|-mega|p2b: Charizard|Charizard|Charizardite Y\n|-weather|SunnyDay|[from] ability: Drought|[of] p2b: Charizard\n|move|p1b: Sneasler|Dire Claw|p2b: Charizard\n|-damage|p2b: Charizard|44/100\n|move|p1a: Delphox|Encore|p2a: Milotic\n|-start|p2a: Milotic|Encore\n|move|p2a: Milotic|Protect||[still]\n|-fail|p2a: Milotic\n|move|p2b: Charizard|Heat Wave|p1b: Sneasler|[spread] p1a,p1b\n|-resisted|p1a: Delphox|1\n|-damage|p1a: Delphox|64/100\n|-damage|p1b: Sneasler|0 fnt\n|faint|p1b: Sneasler\n|\n|-weather|SunnyDay|[upkeep]\n|-heal|p2a: Milotic|47/100|[from] item: Leftovers\n|upkeep\n|\n|t:|1776507509\n|switch|p1b: Basculegion|Basculegion, L50, M|100/100\n|turn|7\n|\n|t:|1776507526\n|move|p2a: Milotic|Protect|p2a: Milotic\n|-singleturn|p2a: Milotic|Protect\n|move|p1b: Basculegion|Last Respects|p2b: Charizard\n|-damage|p2b: Charizard|0 fnt\n|faint|p2b: Charizard\n|move|p1a: Delphox|Psychic|p2a: Milotic\n|-activate|p2a: Milotic|move: Protect\n|\n|-weather|SunnyDay|[upkeep]\n|-heal|p2a: Milotic|52/100|[from] item: Leftovers\n|upkeep\n|turn|8\n|-message|Soliidd forfeited.\n|\n|win|Psicopatic\n|raw|Psicopatic's rating: 1405 &rarr; <strong>1427</strong><br />(+22 for winning)\n|raw|Soliidd's rating: 1446 &rarr; <strong>1424</strong><br />(-22 for losing)\n|c|\u2606Psicopatic|gg\n",
  "uploadtime": 1776507540,
  "views": 30,
  "formatid": "gen9championsvgc2026regma",
  "rating": 1424,
  "private": 0,
  "password": null
}