{
  "id": "gen9championsvgc2026regma-2587205733",
  "format": "[Gen 9 Champions] VGC 2026 Reg M-A",
  "players": [
    "Parzival777",
    "Thomper"
  ],
  "log": "|j|\u2606Parzival777\n|j|\u2606Thomper\n|t:|1776508754\n|gametype|doubles\n|player|p1|Parzival777|265|1150\n|player|p2|Thomper|265|1154\n|gen|9\n|tier|[Gen 9 Champions] VGC 2026 Reg M-A\n|rated|\n|rule|Species Clause: Limit one of each Pok\u00e9mon\n|rule|Item Clause: Limit 1 of each item\n|clearpoke\n|poke|p1|Charizard, L50, F|\n|poke|p1|Venusaur, L50, M|\n|poke|p1|Camerupt, L50, M|\n|poke|p1|Incineroar, L50, F|\n|poke|p1|Farigiraf, L50, F|\n|poke|p1|Meowscarada, L50, F|\n|poke|p2|Sinistcha-Masterpiece, L50|\n|poke|p2|Incineroar, L50, M|\n|poke|p2|Golurk, L50|\n|poke|p2|Araquanid, L50, M|\n|poke|p2|Farigiraf, L50, M|\n|poke|p2|Sylveon, L50, M|\n|teampreview|4\nThomper rejected open team sheets.\n|\n|t:|1776508805\n|teamsize|p1|4\n|teamsize|p2|4\n|start\n|switch|p1a: Meowscarada|Meowscarada, L50, F|100/100\n|switch|p1b: Farigiraf|Farigiraf, L50, F|100/100\n|switch|p2a: Farigiraf|Farigiraf, L50, M|100/100\n|switch|p2b: Golurk|Golurk, L50|100/100\n|turn|1\n|inactive|Battle timer is ON: inactive players will automatically lose when time's up. (requested by Thomper)\n|\n|t:|1776508828\n|detailschange|p2b: Golurk|Golurk-Mega, L50\n|-mega|p2b: Golurk|Golurk|Golurkite\n|move|p2b: Golurk|Protect|p2b: Golurk\n|-singleturn|p2b: Golurk|Protect\n|move|p1a: Meowscarada|Triple Axel|p2b: Golurk\n|-start|p1a: Meowscarada|typechange|Ice|[from] ability: Protean\n|-activate|p2b: Golurk|move: Protect\n|move|p1b: Farigiraf|Dazzling Gleam|p2a: Farigiraf|[spread] p2a\n|-activate|p2b: Golurk|move: Protect\n|-damage|p2a: Farigiraf|88/100\n|move|p2a: Farigiraf|Trick Room|p2a: Farigiraf\n|-fieldstart|move: Trick Room|[of] p2a: Farigiraf\n|\n|upkeep\n|turn|2\n|inactive|Thomper has 30 seconds left.\n|\n|t:|1776508860\n|switch|p1a: Incineroar|Incineroar, L50, F|100/100\n|-ability|p1a: Incineroar|Intimidate|boost\n|-unboost|p2a: Farigiraf|atk|1\n|-unboost|p2b: Golurk|atk|1\n|move|p2b: Golurk|Headlong Rush|p1a: Incineroar\n|-supereffective|p1a: Incineroar|1\n|-damage|p1a: Incineroar|0 fnt\n|-unboost|p2b: Golurk|def|1\n|-unboost|p2b: Golurk|spd|1\n|faint|p1a: Incineroar\n|move|p2a: Farigiraf|Hyper Voice|p1b: Farigiraf\n|-damage|p1b: Farigiraf|72/100\n|move|p1b: Farigiraf|Trick Room|p1b: Farigiraf\n|-fieldend|move: Trick Room\n|\n|upkeep\n|\n|t:|1776508883\n|switch|p1a: Meowscarada|Meowscarada, L50, F|100/100\n|turn|3\n|\n|t:|1776508898\n|switch|p2b: Araquanid|Araquanid, L50, M|100/100\n|move|p1a: Meowscarada|Triple Axel|p2b: Araquanid|[miss]\n|-start|p1a: Meowscarada|typechange|Ice|[from] ability: Protean\n|-miss|p1a: Meowscarada|p2b: Araquanid\n|move|p2a: Farigiraf|Hyper Voice|p1a: Meowscarada|[spread] p1a,p1b\n|-damage|p1a: Meowscarada|63/100\n|-damage|p1b: Farigiraf|52/100\n|move|p1b: Farigiraf|Dazzling Gleam|p2b: Araquanid|[spread] p2a,p2b\n|-damage|p2a: Farigiraf|73/100\n|-damage|p2b: Araquanid|89/100\n|\n|upkeep\n|turn|4\n|\n|t:|1776508917\n|move|p1a: Meowscarada|Triple Axel|p2b: Araquanid\n|-resisted|p2b: Araquanid|1\n|-damage|p2b: Araquanid|83/100\n|-resisted|p2b: Araquanid|1\n|-damage|p2b: Araquanid|72/100\n|-resisted|p2b: Araquanid|1\n|-damage|p2b: Araquanid|54/100\n|-hitcount|p2b: Araquanid|3\n|move|p1b: Farigiraf|Dazzling Gleam|p2b: Araquanid|[spread] p2a,p2b\n|-damage|p2a: Farigiraf|59/100\n|-damage|p2b: Araquanid|41/100\n|move|p2b: Araquanid|Liquidation|p1b: Farigiraf\n|-damage|p1b: Farigiraf|0 fnt\n|faint|p1b: Farigiraf\n|move|p2a: Farigiraf|Trick Room|p2a: Farigiraf\n|-fieldstart|move: Trick Room|[of] p2a: Farigiraf\n|\n|upkeep\n|\n|t:|1776508926\n|switch|p1b: Camerupt|Camerupt, L50, M|100/100\n|turn|5\n|\n|t:|1776508937\n|detailschange|p1b: Camerupt|Camerupt-Mega, L50, M\n|-mega|p1b: Camerupt|Camerupt|Cameruptite\n|move|p1b: Camerupt|Eruption|p2a: Farigiraf|[spread] p2a,p2b\n|-damage|p2a: Farigiraf|0 fnt\n|-damage|p2b: Araquanid|13/100\n|faint|p2a: Farigiraf\n|move|p2b: Araquanid|Liquidation|p1b: Camerupt\n|-supereffective|p1b: Camerupt|2\n|-damage|p1b: Camerupt|0 fnt\n|faint|p1b: Camerupt\n|move|p1a: Meowscarada|Triple Axel|p2b: Araquanid\n|-resisted|p2b: Araquanid|1\n|-damage|p2b: Araquanid|8/100\n|-resisted|p2b: Araquanid|1\n|-damage|p2b: Araquanid|0 fnt\n|faint|p2b: Araquanid\n|-hitcount|p2: Araquanid|2\n|\n|upkeep\n|\n|t:|1776508952\n|switch|p2b: Sylveon|Sylveon, L50, M|100/100\n|switch|p2a: Golurk|Golurk-Mega, L50|100/100\n|turn|6\n|\n|t:|1776508966\n|move|p2a: Golurk|Headlong Rush|p1a: Meowscarada\n|-damage|p1a: Meowscarada|0 fnt\n|-unboost|p2a: Golurk|def|1\n|-unboost|p2a: Golurk|spd|1\n|faint|p1a: Meowscarada\n|\n|win|Thomper\n|raw|Parzival777's rating: 1150 &rarr; <strong>1125</strong><br />(-25 for losing)\n|raw|Thomper's rating: 1154 &rarr; <strong>1179</strong><br />(+25 for winning)\n",
  "uploadtime": 1776508971,
  "views": 18,
  "formatid": "gen9championsvgc2026regma",
  "rating": 1125,
  "private": 0,
  "password": null
}