{
  "id": "gen9championsvgc2026regma-2582030603",
  "format": "[Gen 9 Champions] VGC 2026 Reg M-A",
  "players": [
    "NEONxTOKYO",
    "babblebloeb"
  ],
  "log": "|j|\u2606NEONxTOKYO\n|j|\u2606babblebloeb\n|t:|1776050023\n|gametype|doubles\n|player|p1|NEONxTOKYO|unknown|1176\n|player|p2|babblebloeb|265|1217\n|gen|9\n|tier|[Gen 9 Champions] VGC 2026 Reg M-A\n|rated|\n|rule|Species Clause: Limit one of each Pok\u00e9mon\n|rule|Item Clause: Limit 1 of each item\n|clearpoke\n|poke|p1|Garchomp, L50, M|\n|poke|p1|Tyranitar, L50, M|\n|poke|p1|Excadrill, L50, F|\n|poke|p1|Corviknight, L50, F|\n|poke|p1|Rotom-Wash, L50|\n|poke|p1|Archaludon, L50, M|\n|poke|p2|Kleavor, L50, F|\n|poke|p2|Goodra-Hisui, L50, M|\n|poke|p2|Rotom-Wash, L50|\n|poke|p2|Tyranitar, L50, M|\n|poke|p2|Hydreigon, L50, M|\n|poke|p2|Conkeldurr, L50, M|\n|teampreview|4\n|\n|t:|1776050065\n|teamsize|p1|4\n|teamsize|p2|4\n|start\n|switch|p1a: Rotom|Rotom-Wash, L50|100/100\n|switch|p1b: Archaludon|Archaludon, L50, M|100/100\n|switch|p2a: Rotom|Rotom-Wash, L50|100/100\n|switch|p2b: Hydreigon|Hydreigon, L50, M|100/100\n|turn|1\n|\n|t:|1776050087\n|move|p1a: Rotom|Protect|p1a: Rotom\n|-singleturn|p1a: Rotom|Protect\n|move|p2b: Hydreigon|Snarl|p1a: Rotom|[spread] p1b\n|-activate|p1a: Rotom|move: Protect\n|-damage|p1b: Archaludon|70/100\n|-unboost|p1b: Archaludon|spa|1\n|-ability|p1b: Archaludon|Stamina|boost\n|-boost|p1b: Archaludon|def|1\n|move|p2a: Rotom|Volt Switch|p1a: Rotom\n|-activate|p1a: Rotom|move: Protect\n|move|p1b: Archaludon|Draco Meteor|p2b: Hydreigon\n|-supereffective|p2b: Hydreigon|1\n|-damage|p2b: Hydreigon|0 fnt\n|-unboost|p1b: Archaludon|spa|2\n|faint|p2b: Hydreigon\n|\n|upkeep\n|\n|t:|1776050107\n|switch|p2b: Tyranitar|Tyranitar, L50, M|100/100\n|-weather|Sandstorm|[from] ability: Sand Stream|[of] p2b: Tyranitar\n|turn|2\n|\n|t:|1776050115\n|detailschange|p2b: Tyranitar|Tyranitar-Mega, L50, M\n|-mega|p2b: Tyranitar|Tyranitar|Tyranitarite\n|move|p1b: Archaludon|Protect|p1b: Archaludon\n|-singleturn|p1b: Archaludon|Protect\n|move|p2b: Tyranitar|Dragon Dance|p2b: Tyranitar\n|-boost|p2b: Tyranitar|atk|1\n|-boost|p2b: Tyranitar|spe|1\n|move|p2a: Rotom|Will-O-Wisp|p1b: Archaludon\n|-activate|p1b: Archaludon|move: Protect\n|move|p1a: Rotom|Will-O-Wisp|p2b: Tyranitar\n|-status|p2b: Tyranitar|brn\n|\n|-weather|Sandstorm|[upkeep]\n|-damage|p2a: Rotom|95/100|[from] Sandstorm\n|-damage|p1a: Rotom|95/100|[from] Sandstorm\n|-damage|p2b: Tyranitar|95/100 brn|[from] brn\n|upkeep\n|turn|3\n|\n|t:|1776050141\n|move|p2b: Tyranitar|Dragon Dance|p2b: Tyranitar\n|-boost|p2b: Tyranitar|atk|1\n|-boost|p2b: Tyranitar|spe|1\n|move|p2a: Rotom|Will-O-Wisp|p1b: Archaludon\n|-status|p1b: Archaludon|brn\n|move|p1a: Rotom|Hydro Pump|p2b: Tyranitar\n|-supereffective|p2b: Tyranitar|1\n|-damage|p2b: Tyranitar|51/100 brn\n|move|p1b: Archaludon|Flash Cannon|p2b: Tyranitar\n|-supereffective|p2b: Tyranitar|1\n|-damage|p2b: Tyranitar|33/100 brn\n|\n|-weather|Sandstorm|[upkeep]\n|-damage|p1a: Rotom|89/100|[from] Sandstorm\n|-damage|p2a: Rotom|89/100|[from] Sandstorm\n|-damage|p2b: Tyranitar|27/100 brn|[from] brn\n|-damage|p1b: Archaludon|64/100 brn|[from] brn\n|upkeep\n|turn|4\n|\n|t:|1776050160\n|switch|p2a: Conkeldurr|Conkeldurr, L50, M|100/100\n|move|p2b: Tyranitar|Knock Off|p1a: Rotom\n|-damage|p1a: Rotom|32/100\n|-enditem|p1a: Rotom|Sitrus Berry|[from] move: Knock Off|[of] p2b: Tyranitar\n|move|p1a: Rotom|Hydro Pump|p2b: Tyranitar|[miss]\n|-miss|p1a: Rotom|p2b: Tyranitar\n|move|p1b: Archaludon|Flash Cannon|p2b: Tyranitar\n|-supereffective|p2b: Tyranitar|1\n|-damage|p2b: Tyranitar|9/100 brn\n|\n|-weather|Sandstorm|[upkeep]\n|-damage|p1a: Rotom|27/100|[from] Sandstorm\n|-damage|p2a: Conkeldurr|94/100|[from] Sandstorm\n|-damage|p2b: Tyranitar|3/100 brn|[from] brn\n|-damage|p1b: Archaludon|58/100 brn|[from] brn\n|upkeep\n|turn|5\n|\n|t:|1776050182\n|move|p1b: Archaludon|Protect|p1b: Archaludon\n|-singleturn|p1b: Archaludon|Protect\n|move|p2b: Tyranitar|Rock Slide|p1a: Rotom|[spread] p1a\n|-activate|p1b: Archaludon|move: Protect\n|-damage|p1a: Rotom|0 fnt\n|faint|p1a: Rotom\n|move|p2a: Conkeldurr|Hammer Arm|p1b: Archaludon\n|-activate|p1b: Archaludon|move: Protect\n|\n|-weather|Sandstorm|[upkeep]\n|-damage|p2a: Conkeldurr|88/100|[from] Sandstorm\n|-damage|p2b: Tyranitar|0 fnt|[from] brn\n|faint|p2b: Tyranitar\n|-damage|p1b: Archaludon|52/100 brn|[from] brn\n|upkeep\n|\n|t:|1776050198\n|switch|p2b: Rotom|Rotom-Wash, L50|89/100\n|switch|p1a: Excadrill|Excadrill, L50, F|100/100\n|turn|6\n|inactive|Battle timer is ON: inactive players will automatically lose when time's up. (requested by babblebloeb)\n|\n|t:|1776050258\n|move|p1a: Excadrill|Protect|p1a: Excadrill\n|-singleturn|p1a: Excadrill|Protect\n|move|p2b: Rotom|Hydro Pump|p1a: Excadrill\n|-activate|p1a: Excadrill|move: Protect\n|move|p1b: Archaludon|Thunderbolt|p2b: Rotom\n|-damage|p2b: Rotom|78/100\n|move|p2a: Conkeldurr|Hammer Arm|p1a: Excadrill\n|-activate|p1a: Excadrill|move: Protect\n|\n|-weather|none\n|-damage|p1b: Archaludon|46/100 brn|[from] brn\n|upkeep\n|turn|7\n|inactive|babblebloeb has 30 seconds left.\n|inactive|NEONxTOKYO has 30 seconds left.\n|inactive|NEONxTOKYO has 20 seconds left.\n|inactive|babblebloeb has 20 seconds left.\n|\n|t:|1776050302\n|switch|p1b: Tyranitar|Tyranitar, L50, M|100/100\n|-weather|Sandstorm|[from] ability: Sand Stream|[of] p1b: Tyranitar\n|move|p1a: Excadrill|Iron Head|p2a: Conkeldurr\n|-damage|p2a: Conkeldurr|50/100\n|move|p2b: Rotom|Hydro Pump|p1a: Excadrill\n|-supereffective|p1a: Excadrill|1\n|-enditem|p1a: Excadrill|Focus Sash\n|-damage|p1a: Excadrill|1/100\n|move|p2a: Conkeldurr|Hammer Arm|p1a: Excadrill\n|-supereffective|p1a: Excadrill|1\n|-damage|p1a: Excadrill|0 fnt\n|-unboost|p2a: Conkeldurr|spe|1\n|faint|p1a: Excadrill\n|\n|-weather|Sandstorm|[upkeep]\n|-damage|p2b: Rotom|72/100|[from] Sandstorm\n|-damage|p2a: Conkeldurr|44/100|[from] Sandstorm\n|upkeep\n|\n|t:|1776050307\n|switch|p1a: Archaludon|Archaludon, L50, M|46/100 brn\n|turn|8\n|\n|t:|1776050325\n|detailschange|p1b: Tyranitar|Tyranitar-Mega, L50, M\n|-mega|p1b: Tyranitar|Tyranitar|Tyranitarite\n|move|p1b: Tyranitar|Protect|p1b: Tyranitar\n|-singleturn|p1b: Tyranitar|Protect\n|move|p2a: Conkeldurr|Mach Punch|p1a: Archaludon\n|-supereffective|p1a: Archaludon|1\n|-damage|p1a: Archaludon|6/100 brn\n|-ability|p1a: Archaludon|Stamina|boost\n|-boost|p1a: Archaludon|def|1\n|move|p2b: Rotom|Will-O-Wisp|p1b: Tyranitar\n|-activate|p1b: Tyranitar|move: Protect\n|move|p1a: Archaludon|Draco Meteor|p2a: Conkeldurr|[miss]\n|-miss|p1a: Archaludon|p2a: Conkeldurr\n|\n|-weather|Sandstorm|[upkeep]\n|-damage|p2b: Rotom|66/100|[from] Sandstorm\n|-damage|p2a: Conkeldurr|38/100|[from] Sandstorm\n|-damage|p1a: Archaludon|0 fnt|[from] brn\n|faint|p1a: Archaludon\n|upkeep\n|turn|9\n|\n|t:|1776050348\n|move|p2b: Rotom|Will-O-Wisp|p1b: Tyranitar\n|-status|p1b: Tyranitar|brn\n|move|p1b: Tyranitar|Rock Slide|p2b: Rotom|[spread] p2a,p2b\n|-resisted|p2a: Conkeldurr|1\n|-damage|p2a: Conkeldurr|29/100\n|-damage|p2b: Rotom|46/100\n|-enditem|p2b: Rotom|Sitrus Berry|[eat]\n|-heal|p2b: Rotom|71/100|[from] item: Sitrus Berry\n|cant|p2a: Conkeldurr|flinch\n|\n|-weather|Sandstorm|[upkeep]\n|-damage|p2b: Rotom|65/100|[from] Sandstorm\n|-damage|p2a: Conkeldurr|23/100|[from] Sandstorm\n|-damage|p1b: Tyranitar|95/100 brn|[from] brn\n|upkeep\n|turn|10\n|\n|t:|1776050366\n|move|p2a: Conkeldurr|Mach Punch|p1b: Tyranitar\n|-supereffective|p1b: Tyranitar|2\n|-damage|p1b: Tyranitar|17/100 brn\n|move|p2b: Rotom|Hydro Pump|p1b: Tyranitar\n|-supereffective|p1b: Tyranitar|1\n|-damage|p1b: Tyranitar|0 fnt\n|faint|p1b: Tyranitar\n|\n|win|babblebloeb\n|raw|NEONxTOKYO's rating: 1176 &rarr; <strong>1154</strong><br />(-22 for losing)\n|raw|babblebloeb's rating: 1217 &rarr; <strong>1239</strong><br />(+22 for winning)\n",
  "uploadtime": 1776050366,
  "views": 15,
  "formatid": "gen9championsvgc2026regma",
  "rating": 1154,
  "private": 0,
  "password": null
}