{
  "id": "gen9championsvgc2026regma-2584425687",
  "format": "[Gen 9 Champions] VGC 2026 Reg M-A",
  "players": [
    "gan112",
    "Barber1"
  ],
  "log": "|j|\u2606gan112\n|j|\u2606Barber1\n|t:|1776260001\n|gametype|doubles\n|player|p1|gan112|1|1213\n|player|p2|Barber1|cynthia-gen4|1298\n|gen|9\n|tier|[Gen 9 Champions] VGC 2026 Reg M-A\n|rated|\n|rule|Species Clause: Limit one of each Pok\u00e9mon\n|rule|Item Clause: Limit 1 of each item\n|clearpoke\n|poke|p1|Incineroar, L50, M|\n|poke|p1|Farigiraf, L50, M|\n|poke|p1|Torkoal, L50, F|\n|poke|p1|Typhlosion-Hisui, L50, M|\n|poke|p1|Kangaskhan, L50, F|\n|poke|p1|Aerodactyl, L50, F|\n|poke|p2|Floette-Eternal, L50, F|\n|poke|p2|Sneasler, L50, M|\n|poke|p2|Aerodactyl, L50, F|\n|poke|p2|Delphox, L50, M|\n|poke|p2|Kingambit, L50, M|\n|poke|p2|Garchomp, L50, F|\n|teampreview|4\n|inactive|Battle timer is ON: inactive players will automatically lose when time's up. (requested by Barber1)\n|inactive|Barber1 has 60 seconds left.\n|\n|t:|1776260060\n|teamsize|p1|4\n|teamsize|p2|4\n|start\n|switch|p1a: Kangaskhan|Kangaskhan, L50, F|100/100\n|switch|p1b: Farigiraf|Farigiraf, L50, M|100/100\n|switch|p2a: Delphox|Delphox, L50, M|100/100\n|switch|p2b: Garchomp|Garchomp, L50, F|100/100\n|turn|1\n|inactive|gan112 has 30 seconds left.\n|inactive|Barber1 has 30 seconds left.\n|inactive|gan112 has 20 seconds left.\n|\n|t:|1776260096\n|detailschange|p2a: Delphox|Delphox-Mega, L50, M\n|-mega|p2a: Delphox|Delphox|Delphoxite\n|detailschange|p1a: Kangaskhan|Kangaskhan-Mega, L50, F\n|-mega|p1a: Kangaskhan|Kangaskhan|Kangaskhanite\n|move|p1a: Kangaskhan|Fake Out|p2a: Delphox\n|-damage|p2a: Delphox|73/100\n|-damage|p2a: Delphox|67/100\n|-hitcount|p2a: Delphox|2\n|cant|p2a: Delphox|flinch\n|move|p2b: Garchomp|Rock Slide|p1b: Farigiraf|[spread] p1a,p1b\n|-damage|p1a: Kangaskhan|84/100\n|-damage|p1b: Farigiraf|82/100\n|move|p1b: Farigiraf|Trick Room|p1b: Farigiraf\n|-fieldstart|move: Trick Room|[of] p1b: Farigiraf\n|\n|-heal|p1b: Farigiraf|88/100|[from] item: Leftovers\n|upkeep\n|turn|2\n|inactive|Barber1 has 30 seconds left.\n|\n|t:|1776260124\n|move|p1b: Farigiraf|Hyper Voice|p2b: Garchomp|[spread] p2a,p2b\n|-damage|p2a: Delphox|35/100\n|-damage|p2b: Garchomp|65/100\n|move|p1a: Kangaskhan|Double-Edge|p2b: Garchomp\n|-damage|p2b: Garchomp|8/100\n|-damage|p1a: Kangaskhan|72/100|[from] ability: Rough Skin|[of] p2b: Garchomp\n|-enditem|p2b: Garchomp|Sitrus Berry|[eat]\n|-heal|p2b: Garchomp|33/100|[from] item: Sitrus Berry\n|-damage|p2b: Garchomp|19/100\n|-damage|p1a: Kangaskhan|59/100|[from] ability: Rough Skin|[of] p2b: Garchomp\n|-hitcount|p2b: Garchomp|2\n|-damage|p1a: Kangaskhan|36/100|[from] Recoil\n|move|p2b: Garchomp|Earthquake|p1b: Farigiraf|[spread] p1a,p1b\n|-immune|p2a: Delphox|[from] ability: Levitate\n|-damage|p1a: Kangaskhan|3/100\n|-damage|p1b: Farigiraf|47/100\n|move|p2a: Delphox|Heat Wave|p1a: Kangaskhan|[spread] p1b\n|-miss|p2a: Delphox|p1a: Kangaskhan\n|-crit|p1b: Farigiraf\n|-damage|p1b: Farigiraf|0 fnt\n|faint|p1b: Farigiraf\n|\n|upkeep\n|\n|t:|1776260145\n|switch|p1b: Torkoal|Torkoal, L50, F|100/100\n|-weather|SunnyDay|[from] ability: Drought|[of] p1b: Torkoal\n|turn|3\n|\n|t:|1776260167\n|move|p2b: Garchomp|Protect|p2b: Garchomp\n|-singleturn|p2b: Garchomp|Protect\n|move|p2a: Delphox|Protect|p2a: Delphox\n|-singleturn|p2a: Delphox|Protect\n|move|p1a: Kangaskhan|Sucker Punch||[still]\n|-fail|p1a: Kangaskhan\n|move|p1b: Torkoal|Eruption|p2b: Garchomp|[spread] \n|-activate|p2a: Delphox|move: Protect\n|-activate|p2b: Garchomp|move: Protect\n|\n|-weather|SunnyDay|[upkeep]\n|upkeep\n|turn|4\n|\n|t:|1776260181\n|move|p2b: Garchomp|Protect|p2b: Garchomp\n|-singleturn|p2b: Garchomp|Protect\n|move|p2a: Delphox|Protect|p2a: Delphox\n|-singleturn|p2a: Delphox|Protect\n|move|p1a: Kangaskhan|Sucker Punch||[still]\n|-fail|p1a: Kangaskhan\n|move|p1b: Torkoal|Eruption|p2b: Garchomp|[spread] \n|-activate|p2a: Delphox|move: Protect\n|-activate|p2b: Garchomp|move: Protect\n|\n|-weather|SunnyDay|[upkeep]\n|upkeep\n|turn|5\n|\n|t:|1776260198\n|move|p2b: Garchomp|Protect||[still]\n|-fail|p2b: Garchomp\n|move|p2a: Delphox|Protect||[still]\n|-fail|p2a: Delphox\n|move|p1b: Torkoal|Eruption|p2b: Garchomp|[spread] p2a,p2b\n|-resisted|p2a: Delphox|1\n|-resisted|p2b: Garchomp|1\n|-damage|p2a: Delphox|0 fnt\n|-damage|p2b: Garchomp|0 fnt\n|faint|p2a: Delphox\n|faint|p2b: Garchomp\n|move|p1a: Kangaskhan|Low Kick|p2: Delphox|[notarget]\n|-fail|p1a: Kangaskhan\n|\n|-weather|SunnyDay|[upkeep]\n|-fieldend|move: Trick Room\n|upkeep\n|\n|t:|1776260202\n|switch|p2a: Sneasler|Sneasler, L50, M|100/100\n|switch|p2b: Kingambit|Kingambit, L50, M|100/100\n|-activate|p2b: Kingambit|ability: Supreme Overlord\n|-start|p2b: Kingambit|fallen2|[silent]\n|turn|6\n|inactive|Barber1 has 30 seconds left.\n|inactive|Barber1 has 20 seconds left.\n|\n|t:|1776260238\n|move|p1a: Kangaskhan|Sucker Punch|p2a: Sneasler\n|-resisted|p2a: Sneasler|1\n|-damage|p2a: Sneasler|77/100\n|-resisted|p2a: Sneasler|1\n|-damage|p2a: Sneasler|71/100\n|-hitcount|p2a: Sneasler|2\n|move|p2b: Kingambit|Sucker Punch||[still]\n|-fail|p2b: Kingambit\n|move|p2a: Sneasler|Close Combat|p1b: Torkoal\n|-damage|p1b: Torkoal|51/100\n|-unboost|p2a: Sneasler|def|1\n|-unboost|p2a: Sneasler|spd|1\n|-enditem|p2a: Sneasler|White Herb\n|-clearnegativeboost|p2a: Sneasler|[silent]\n|move|p1b: Torkoal|Eruption|p2a: Sneasler|[spread] p2a,p2b\n|-supereffective|p2b: Kingambit|1\n|-damage|p2a: Sneasler|10/100\n|-damage|p2b: Kingambit|19/100\n|\n|-weather|SunnyDay|[upkeep]\n|upkeep\n|turn|7\n|inactive|gan112 has 30 seconds left.\n|inactive|Barber1 has 30 seconds left.\n|\n|t:|1776260265\n|switch|p1b: Typhlosion|Typhlosion-Hisui, L50, M|100/100\n|move|p2a: Sneasler|Protect|p2a: Sneasler\n|-singleturn|p2a: Sneasler|Protect\n|move|p1a: Kangaskhan|Sucker Punch|p2b: Kingambit\n|-resisted|p2b: Kingambit|1\n|-damage|p2b: Kingambit|10/100\n|-resisted|p2b: Kingambit|1\n|-damage|p2b: Kingambit|8/100\n|-hitcount|p2b: Kingambit|2\n|move|p2b: Kingambit|Iron Head|p1a: Kangaskhan\n|-damage|p1a: Kangaskhan|0 fnt\n|faint|p1a: Kangaskhan\n|\n|-weather|none\n|upkeep\n|\n|t:|1776260277\n|switch|p1a: Torkoal|Torkoal, L50, F|51/100\n|-weather|SunnyDay|[from] ability: Drought|[of] p1a: Torkoal\n|turn|8\n|\n|t:|1776260289\n|move|p2b: Kingambit|Sucker Punch|p1b: Typhlosion\n|-supereffective|p1b: Typhlosion|1\n|-damage|p1b: Typhlosion|0 fnt\n|faint|p1b: Typhlosion\n|move|p2a: Sneasler|Close Combat|p1a: Torkoal\n|-damage|p1a: Torkoal|1/100\n|-unboost|p2a: Sneasler|def|1\n|-unboost|p2a: Sneasler|spd|1\n|move|p1a: Torkoal|Eruption|p2a: Sneasler|[spread] p2a,p2b\n|-supereffective|p2b: Kingambit|1\n|-damage|p2a: Sneasler|8/100\n|-damage|p2b: Kingambit|8/100\n|\n|-weather|SunnyDay|[upkeep]\n|upkeep\n|turn|9\n|-message|gan112 forfeited.\n|\n|win|Barber1\n|raw|gan112's rating: 1213 &rarr; <strong>1194</strong><br />(-19 for losing)\n|raw|Barber1's rating: 1298 &rarr; <strong>1317</strong><br />(+19 for winning)\n|l|\u2606gan112\n|player|p1|\n",
  "uploadtime": 1776260309,
  "views": 25,
  "formatid": "gen9championsvgc2026regma",
  "rating": 1194,
  "private": 0,
  "password": null
}