{
  "id": "gen9championsvgc2026regma-2588116045",
  "format": "[Gen 9 Champions] VGC 2026 Reg M-A",
  "players": [
    "yuriimon",
    "FrossTea"
  ],
  "log": "|j|\u2606yuriimon\n|j|\u2606FrossTea\n|t:|1776606003\n|gametype|doubles\n|player|p1|yuriimon|waitress-gen4|1229\n|player|p2|FrossTea|169|1208\n|gen|9\n|tier|[Gen 9 Champions] VGC 2026 Reg M-A\n|rated|\n|rule|Species Clause: Limit one of each Pok\u00e9mon\n|rule|Item Clause: Limit 1 of each item\n|clearpoke\n|poke|p1|Glimmora, L50, F|\n|poke|p1|Incineroar, L50, M|\n|poke|p1|Politoed, L50, M|\n|poke|p1|Basculegion, L50, M|\n|poke|p1|Chesnaught, L50, F|\n|poke|p1|Dragapult, L50, F|\n|poke|p2|Froslass, L50, F|\n|poke|p2|Maushold-Four, L50|\n|poke|p2|Aerodactyl, L50, F|\n|poke|p2|Slowking-Galar, L50, F|\n|poke|p2|Kommo-o, L50, F|\n|poke|p2|Typhlosion-Hisui, L50, M|\n|teampreview|4\n|inactive|Battle timer is ON: inactive players will automatically lose when time's up. (requested by yuriimon)\n|inactive|FrossTea has 60 seconds left.\n|\n|t:|1776606041\n|teamsize|p1|4\n|teamsize|p2|4\n|start\n|switch|p1a: Glimmora|Glimmora, L50, F|100/100\n|switch|p1b: Incineroar|Incineroar, L50, M|100/100\n|switch|p2a: Froslass|Froslass, L50, F|100/100\n|switch|p2b: Maushold|Maushold-Four, L50|100/100\n|-ability|p1b: Incineroar|Intimidate|boost\n|-unboost|p2a: Froslass|atk|1\n|-unboost|p2b: Maushold|atk|1\n|turn|1\n|\n|t:|1776606064\n|detailschange|p2a: Froslass|Froslass-Mega, L50, F\n|-mega|p2a: Froslass|Froslass|Froslassite\n|-weather|Snowscape|[from] ability: Snow Warning|[of] p2a: Froslass\n|detailschange|p1a: Glimmora|Glimmora-Mega, L50, F\n|-mega|p1a: Glimmora|Glimmora|Glimmoranite\n|move|p1b: Incineroar|Fake Out|p2b: Maushold\n|-damage|p2b: Maushold|88/100\n|move|p2a: Froslass|Aurora Veil|p2a: Froslass\n|-sidestart|p2: FrossTea|move: Aurora Veil\n|cant|p2b: Maushold|flinch\n|move|p1a: Glimmora|Power Gem|p2a: Froslass\n|-supereffective|p2a: Froslass|1\n|-damage|p2a: Froslass|19/100\n|\n|-weather|Snowscape|[upkeep]\n|upkeep\n|turn|2\n|inactive|yuriimon has 30 seconds left.\n|inactive|FrossTea has 30 seconds left.\n|inactive|yuriimon has 20 seconds left.\n|\n|t:|1776606100\n|move|p1a: Glimmora|Spiky Shield|p1a: Glimmora\n|-singleturn|p1a: Glimmora|move: Protect\n|move|p2b: Maushold|Follow Me|p2b: Maushold\n|-singleturn|p2b: Maushold|move: Follow Me\n|move|p2a: Froslass|Blizzard|p1a: Glimmora|[spread] p1b\n|-activate|p1a: Glimmora|move: Protect\n|-resisted|p1b: Incineroar|1\n|-damage|p1b: Incineroar|81/100\n|move|p1b: Incineroar|Parting Shot|p2b: Maushold\n|-unboost|p2b: Maushold|atk|1\n|-unboost|p2b: Maushold|spa|1\n|\n|t:|1776606113\n|switch|p1b: Politoed|Politoed, L50, M|100/100|[from] Parting Shot\n|-weather|RainDance|[from] ability: Drizzle|[of] p1b: Politoed\n|\n|-weather|RainDance|[upkeep]\n|upkeep\n|turn|3\n|\n|t:|1776606130\n|switch|p2a: Slowking|Slowking-Galar, L50, F|100/100\n|switch|p2b: Kommo-o|Kommo-o, L50, F|100/100\n|move|p1b: Politoed|Helping Hand|p1a: Glimmora\n|-singleturn|p1a: Glimmora|Helping Hand|[of] p1b: Politoed\n|move|p1a: Glimmora|Sludge Wave|p2a: Slowking|[spread] p1b,p2a,p2b\n|-resisted|p2a: Slowking|1\n|-damage|p1b: Politoed|20/100\n|-damage|p2a: Slowking|76/100\n|-damage|p2b: Kommo-o|47/100\n|-status|p2b: Kommo-o|psn\n|-enditem|p2b: Kommo-o|Sitrus Berry|[eat]\n|-heal|p2b: Kommo-o|72/100 psn|[from] item: Sitrus Berry\n|\n|-weather|RainDance|[upkeep]\n|-heal|p2a: Slowking|82/100|[from] item: Leftovers\n|-damage|p2b: Kommo-o|60/100 psn|[from] psn\n|upkeep\n|turn|4\n|inactive|yuriimon has 30 seconds left.\n|inactive|FrossTea has 30 seconds left.\n|\n|t:|1776606159\n|switch|p1b: Basculegion|Basculegion, L50, M|100/100\n|move|p1a: Glimmora|Spiky Shield|p1a: Glimmora\n|-singleturn|p1a: Glimmora|move: Protect\n|move|p2b: Kommo-o|Clanging Scales|p1b: Basculegion|[spread] p1b\n|-activate|p1a: Glimmora|move: Protect\n|-damage|p1b: Basculegion|65/100\n|-unboost|p2b: Kommo-o|def|1\n|-prepare|p2a: Slowking|Chilly Reception|[premajor]\n|move|p2a: Slowking|Chilly Reception|p2a: Slowking\n|-weather|Snowscape\n|\n|t:|1776606176\n|switch|p2a: Maushold|Maushold-Four, L50|88/100|[from] Chilly Reception\n|\n|-weather|Snowscape|[upkeep]\n|-damage|p2b: Kommo-o|48/100 psn|[from] psn\n|upkeep\n|turn|5\n|inactive|yuriimon has 30 seconds left.\n|inactive|yuriimon has 20 seconds left.\n|\n|t:|1776606212\n|switch|p1b: Incineroar|Incineroar, L50, M|81/100\n|-ability|p1b: Incineroar|Intimidate|boost\n|-unboost|p2a: Maushold|atk|1\n|-unboost|p2b: Kommo-o|atk|1\n|move|p2a: Maushold|Helping Hand|p2b: Kommo-o\n|-singleturn|p2b: Kommo-o|Helping Hand|[of] p2a: Maushold\n|move|p2b: Kommo-o|Clanging Scales|p1b: Incineroar|[spread] p1a,p1b\n|-damage|p1a: Glimmora|45/100\n|-damage|p1b: Incineroar|42/100\n|-enditem|p1b: Incineroar|Sitrus Berry|[eat]\n|-heal|p1b: Incineroar|67/100|[from] item: Sitrus Berry\n|-unboost|p2b: Kommo-o|def|1\n|move|p1a: Glimmora|Sludge Wave|p2a: Maushold|[spread] p1b,p2a,p2b\n|-damage|p1b: Incineroar|17/100\n|-damage|p2a: Maushold|48/100\n|-damage|p2b: Kommo-o|19/100 psn\n|\n|-weather|Snowscape|[upkeep]\n|-damage|p2b: Kommo-o|7/100 psn|[from] psn\n|-sideend|p2: FrossTea|move: Aurora Veil\n|upkeep\n|turn|6\n|inactive|FrossTea has 30 seconds left.\n|inactive|FrossTea has 20 seconds left.\n|\n|t:|1776606252\n|move|p1b: Incineroar|Fake Out|p2b: Kommo-o\n|-crit|p2b: Kommo-o\n|-damage|p2b: Kommo-o|0 fnt\n|faint|p2b: Kommo-o\n|move|p2a: Maushold|Follow Me|p2a: Maushold\n|-singleturn|p2a: Maushold|move: Follow Me\n|move|p1a: Glimmora|Power Gem|p2a: Maushold\n|-damage|p2a: Maushold|0 fnt\n|faint|p2a: Maushold\n|\n|-weather|Snowscape|[upkeep]\n|upkeep\n|\n|t:|1776606255\n|switch|p2b: Slowking|Slowking-Galar, L50, F|100/100\n|switch|p2a: Froslass|Froslass-Mega, L50, F|19/100\n|turn|7\n|\n|t:|1776606278\n|switch|p1b: Politoed|Politoed, L50, M|20/100\n|-weather|RainDance|[from] ability: Drizzle|[of] p1b: Politoed\n|move|p2a: Froslass|Blizzard|p1b: Politoed|[spread] p1a,p1b\n|-resisted|p1b: Politoed|1\n|-damage|p1a: Glimmora|0 fnt\n|-damage|p1b: Politoed|0 fnt\n|faint|p1a: Glimmora\n|faint|p1b: Politoed\n|-prepare|p2b: Slowking|Chilly Reception|[premajor]\n|move|p2b: Slowking|Chilly Reception|p2b: Slowking\n|-weather|Snowscape\n|\n|-weather|Snowscape|[upkeep]\n|upkeep\n|\n|t:|1776606288\n|switch|p1a: Basculegion|Basculegion, L50, M|65/100\n|switch|p1b: Incineroar|Incineroar, L50, M|17/100\n|-ability|p1b: Incineroar|Intimidate|boost\n|-unboost|p2a: Froslass|atk|1\n|-unboost|p2b: Slowking|atk|1\n|turn|8\n|\n|t:|1776606303\n|move|p1a: Basculegion|Aqua Jet|p2a: Froslass\n|-damage|p2a: Froslass|0 fnt\n|faint|p2a: Froslass\n|move|p1b: Incineroar|Darkest Lariat|p2b: Slowking\n|-supereffective|p2b: Slowking|1\n|-damage|p2b: Slowking|40/100\n|move|p2b: Slowking|Sludge Bomb|p1b: Incineroar\n|-damage|p1b: Incineroar|0 fnt\n|faint|p1b: Incineroar\n|\n|-weather|Snowscape|[upkeep]\n|-heal|p2b: Slowking|46/100|[from] item: Leftovers\n|upkeep\n|turn|9\n|\n|t:|1776606314\n|move|p1a: Basculegion|Last Respects|p2b: Slowking\n|-supereffective|p2b: Slowking|1\n|-damage|p2b: Slowking|0 fnt\n|faint|p2b: Slowking\n|\n|win|yuriimon\n|raw|yuriimon's rating: 1229 &rarr; <strong>1252</strong><br />(+23 for winning)\n|raw|FrossTea's rating: 1208 &rarr; <strong>1185</strong><br />(-23 for losing)\n|c|\u2606yuriimon|ggwp\n|l|\u2606FrossTea\n|player|p2|\n",
  "uploadtime": 1776606322,
  "views": 6,
  "formatid": "gen9championsvgc2026regma",
  "rating": 1185,
  "private": 0,
  "password": null
}