{
  "id": "gen9championsvgc2026regma-2582519711",
  "format": "[Gen 9 Champions] VGC 2026 Reg M-A",
  "players": [
    "BlazingDurendal",
    "DanTheMackGaming"
  ],
  "log": "|j|\u2606BlazingDurendal\n|j|\u2606DanTheMackGaming\n|t:|1776096891\n|gametype|doubles\n|player|p1|BlazingDurendal|janitor|1073\n|player|p2|DanTheMackGaming|265|1087\n|gen|9\n|tier|[Gen 9 Champions] VGC 2026 Reg M-A\n|rated|\n|rule|Species Clause: Limit one of each Pok\u00e9mon\n|rule|Item Clause: Limit 1 of each item\n|clearpoke\n|poke|p1|Medicham, L50, F|\n|poke|p1|Arcanine-Hisui, L50, M|\n|poke|p1|Hydreigon, L50, M|\n|poke|p1|Hatterene, L50, F|\n|poke|p1|Corviknight, L50, F|\n|poke|p1|Maushold-Four, L50|\n|poke|p2|Orthworm, L50, F|\n|poke|p2|Feraligatr, L50, M|\n|poke|p2|Incineroar, L50, M|\n|poke|p2|Farigiraf, L50, M|\n|poke|p2|Whimsicott, L50, F|\n|poke|p2|Kingambit, L50, F|\n|teampreview|4\n|inactive|Battle timer is ON: inactive players will automatically lose when time's up. (requested by DanTheMackGaming)\n|\n|t:|1776096951\n|teamsize|p1|4\n|teamsize|p2|4\n|start\n|switch|p1a: Hydreigon|Hydreigon, L50, M, shiny|100/100\n|switch|p1b: Maushold|Maushold-Four, L50|100/100\n|switch|p2a: Orthworm|Orthworm, L50, F|100/100\n|switch|p2b: Whimsicott|Whimsicott, L50, F|100/100\n|turn|1\n|inactive|BlazingDurendal has 30 seconds left.\n|\n|t:|1776096978\n|move|p1a: Hydreigon|Heat Wave|p2a: Orthworm|[spread] p2a,p2b\n|-supereffective|p2a: Orthworm|1\n|-supereffective|p2b: Whimsicott|1\n|-damage|p2a: Orthworm|42/100\n|-damage|p2b: Whimsicott|10/100\n|-status|p2a: Orthworm|brn\n|-enditem|p2a: Orthworm|Sitrus Berry|[eat]\n|-heal|p2a: Orthworm|67/100 brn|[from] item: Sitrus Berry\n|move|p2b: Whimsicott|Moonblast|p1a: Hydreigon\n|-supereffective|p1a: Hydreigon|2\n|-damage|p1a: Hydreigon|0 fnt\n|faint|p1a: Hydreigon\n|move|p1b: Maushold|Super Fang|p2b: Whimsicott\n|-damage|p2b: Whimsicott|6/100\n|move|p2a: Orthworm|Iron Defense|p2a: Orthworm\n|-boost|p2a: Orthworm|def|2\n|\n|-damage|p2a: Orthworm|60/100 brn|[from] brn\n|upkeep\n|\n|t:|1776096996\n|switch|p1a: Medicham|Medicham, L50, F, shiny|100/100\n|turn|2\n|\n|t:|1776097011\n|detailschange|p1a: Medicham|Medicham-Mega, L50, F, shiny\n|-mega|p1a: Medicham|Medicham|Medichamite\n|move|p1a: Medicham|Fake Out|p2b: Whimsicott\n|-crit|p2b: Whimsicott\n|-damage|p2b: Whimsicott|0 fnt\n|faint|p2b: Whimsicott\n|move|p1b: Maushold|Taunt|p2a: Orthworm\n|-start|p2a: Orthworm|move: Taunt\n|move|p2a: Orthworm|Body Press|p1b: Maushold\n|-supereffective|p1b: Maushold|1\n|-damage|p1b: Maushold|30/100\n|\n|-damage|p2a: Orthworm|54/100 brn|[from] brn\n|upkeep\n|\n|t:|1776097021\n|switch|p2b: Kingambit|Kingambit, L50, F|100/100\n|turn|3\n|inactive|BlazingDurendal has 30 seconds left.\n|\n|t:|1776097049\n|move|p1b: Maushold|Follow Me|p1b: Maushold\n|-singleturn|p1b: Maushold|move: Follow Me\n|move|p2b: Kingambit|Sucker Punch||[still]\n|-fail|p2b: Kingambit\n|move|p1a: Medicham|Close Combat|p2b: Kingambit\n|-supereffective|p2b: Kingambit|2\n|-damage|p2b: Kingambit|0 fnt\n|-unboost|p1a: Medicham|def|1\n|-unboost|p1a: Medicham|spd|1\n|faint|p2b: Kingambit\n|move|p2a: Orthworm|Body Press|p1b: Maushold\n|-supereffective|p1b: Maushold|1\n|-damage|p1b: Maushold|0 fnt\n|faint|p1b: Maushold\n|\n|-damage|p2a: Orthworm|48/100 brn|[from] brn\n|upkeep\n|\n|t:|1776097065\n|switch|p1b: Arcanine|Arcanine-Hisui, L50, M|100/100\n|switch|p2b: Feraligatr|Feraligatr, L50, M|100/100\n|-ability|p1b: Arcanine|Intimidate|boost\n|-unboost|p2a: Orthworm|atk|1\n|-unboost|p2b: Feraligatr|atk|1\n|turn|4\n|\n|t:|1776097088\n|move|p2b: Feraligatr|Protect|p2b: Feraligatr\n|-singleturn|p2b: Feraligatr|Protect\n|move|p1a: Medicham|Close Combat|p2b: Feraligatr\n|-activate|p2b: Feraligatr|move: Protect\n|move|p1b: Arcanine|Head Smash|p2b: Feraligatr\n|-activate|p2b: Feraligatr|move: Protect\n|move|p2a: Orthworm|Body Press|p1b: Arcanine\n|-supereffective|p1b: Arcanine|1\n|-damage|p1b: Arcanine|24/100\n|\n|-damage|p2a: Orthworm|42/100 brn|[from] brn\n|-end|p2a: Orthworm|move: Taunt\n|upkeep\n|turn|5\n|\n|t:|1776097113\n|detailschange|p2b: Feraligatr|Feraligatr-Mega, L50, M\n|-mega|p2b: Feraligatr|Feraligatr|Feraligite\n|move|p1a: Medicham|Ice Punch|p2b: Feraligatr\n|-damage|p2b: Feraligatr|63/100\n|move|p1b: Arcanine|Head Smash|p2b: Feraligatr\n|-damage|p2b: Feraligatr|1/100\n|-damage|p1b: Arcanine|0 fnt|[from] Recoil\n|faint|p1b: Arcanine\n|move|p2b: Feraligatr|Liquidation|p1a: Medicham\n|-damage|p1a: Medicham|15/100\n|move|p2a: Orthworm|Body Press|p1a: Medicham\n|-resisted|p1a: Medicham|1\n|-damage|p1a: Medicham|0 fnt\n|faint|p1a: Medicham\n|\n|win|DanTheMackGaming\n|raw|BlazingDurendal's rating: 1073 &rarr; <strong>1053</strong><br />(-20 for losing)\n|raw|DanTheMackGaming's rating: 1087 &rarr; <strong>1113</strong><br />(+26 for winning)\n",
  "uploadtime": 1776097128,
  "views": 13,
  "formatid": "gen9championsvgc2026regma",
  "rating": 1053,
  "private": 0,
  "password": null
}