{
  "id": "gen9championsvgc2026regma-2588755334",
  "format": "[Gen 9 Champions] VGC 2026 Reg M-A",
  "players": [
    "ZoeEEman",
    "snodlop"
  ],
  "log": "|j|\u2606ZoeEEman\n|j|\u2606snodlop\n|t:|1776666564\n|gametype|doubles\n|player|p1|ZoeEEman|266|1106\n|player|p2|snodlop|lady-gen4|1145\n|gen|9\n|tier|[Gen 9 Champions] VGC 2026 Reg M-A\n|rated|\n|rule|Species Clause: Limit one of each Pok\u00e9mon\n|rule|Item Clause: Limit 1 of each item\n|clearpoke\n|poke|p1|Gardevoir, L50, F|\n|poke|p1|Aerodactyl, L50, F|\n|poke|p1|Garchomp, L50, M|\n|poke|p1|Sinistcha, L50|\n|poke|p1|Milotic, L50, F|\n|poke|p1|Incineroar, L50, F|\n|poke|p2|Victreebel, L50, M|\n|poke|p2|Talonflame, L50, M|\n|poke|p2|Incineroar, L50, F|\n|poke|p2|Sneasler, L50, F|\n|poke|p2|Primarina, L50, M|\n|poke|p2|Kingambit, L50, F|\n|teampreview|4\nsnodlop rejected open team sheets.\n|inactive|Battle timer is ON: inactive players will automatically lose when time's up. (requested by snodlop)\n|\n|t:|1776666606\n|teamsize|p1|4\n|teamsize|p2|4\n|start\n|switch|p1a: Incineroar|Incineroar, L50, F|100/100\n|switch|p1b: Aerodactyl|Aerodactyl, L50, F|100/100\n|switch|p2a: Incineroar|Incineroar, L50, F|100/100\n|switch|p2b: Primarina|Primarina, L50, M|100/100\n|-ability|p1b: Aerodactyl|Unnerve\n|-ability|p1a: Incineroar|Intimidate|boost\n|-unboost|p2a: Incineroar|atk|1\n|-unboost|p2b: Primarina|atk|1\n|-ability|p2a: Incineroar|Intimidate|boost\n|-unboost|p1a: Incineroar|atk|1\n|-unboost|p1b: Aerodactyl|atk|1\n|turn|1\n|\n|t:|1776666622\n|move|p1a: Incineroar|Fake Out|p2b: Primarina\n|-damage|p2b: Primarina|91/100\n|move|p2a: Incineroar|Fake Out|p1b: Aerodactyl\n|-resisted|p1b: Aerodactyl|1\n|-damage|p1b: Aerodactyl|94/100\n|cant|p1b: Aerodactyl|flinch\n|cant|p2b: Primarina|flinch\n|\n|upkeep\n|turn|2\n|\n|t:|1776666637\n|switch|p1b: Sinistcha|Sinistcha, L50|100/100\n|move|p2b: Primarina|Hyper Voice|p1b: Sinistcha|[spread] p1a,p1b\n|-supereffective|p1a: Incineroar|1\n|-resisted|p1b: Sinistcha|1\n|-crit|p1b: Sinistcha\n|-damage|p1a: Incineroar|32/100\n|-damage|p1b: Sinistcha|61/100\n|-enditem|p1a: Incineroar|Sitrus Berry|[eat]\n|-heal|p1a: Incineroar|57/100|[from] item: Sitrus Berry\n|move|p1a: Incineroar|Parting Shot|p2b: Primarina\n|-unboost|p2b: Primarina|atk|1\n|-unboost|p2b: Primarina|spa|1\n|\n|t:|1776666649\n|switch|p1a: Aerodactyl|Aerodactyl, L50, F|94/100|[from] Parting Shot\n|-ability|p1a: Aerodactyl|Unnerve\n|move|p2a: Incineroar|Parting Shot|p1a: Aerodactyl\n|-unboost|p1a: Aerodactyl|atk|1\n|-unboost|p1a: Aerodactyl|spa|1\n|\n|t:|1776666659\n|switch|p2a: Kingambit|Kingambit, L50, F|100/100|[from] Parting Shot\n|\n|upkeep\n|turn|3\n|\n|t:|1776666673\n|switch|p2b: Incineroar|Incineroar, L50, F|100/100\n|-ability|p2b: Incineroar|Intimidate|boost\n|-unboost|p1a: Aerodactyl|atk|1\n|-unboost|p1b: Sinistcha|atk|1\n|move|p1b: Sinistcha|Protect|p1b: Sinistcha\n|-singleturn|p1b: Sinistcha|Protect\n|move|p1a: Aerodactyl|Tailwind|p1a: Aerodactyl\n|-sidestart|p1: ZoeEEman|move: Tailwind\n|move|p2a: Kingambit|Swords Dance|p2a: Kingambit\n|-boost|p2a: Kingambit|atk|2\n|\n|upkeep\n|turn|4\n|\n|t:|1776666694\n|switch|p1a: Gardevoir|Gardevoir, L50, F|100/100\n|switch|p1b: Incineroar|Incineroar, L50, F|57/100\n|-ability|p1b: Incineroar|Intimidate|boost\n|-unboost|p2a: Kingambit|atk|1\n|-ability|p2a: Kingambit|Defiant|boost\n|-boost|p2a: Kingambit|atk|2\n|-unboost|p2b: Incineroar|atk|1\n|move|p2b: Incineroar|Fake Out|p1a: Gardevoir\n|-damage|p1a: Gardevoir|88/100\n|move|p2a: Kingambit|Swords Dance|p2a: Kingambit\n|-boost|p2a: Kingambit|atk|2\n|\n|upkeep\n|turn|5\n|inactive|snodlop has 30 seconds left.\n|\n|t:|1776666724\n|switch|p1a: Sinistcha|Sinistcha, L50|61/100\n|-heal|p1b: Incineroar|82/100|[from] ability: Hospitality|[of] p1a: Sinistcha\n|move|p1b: Incineroar|Flare Blitz|p2a: Kingambit\n|-supereffective|p2a: Kingambit|1\n|-damage|p2a: Kingambit|21/100\n|-damage|p1b: Incineroar|56/100|[from] Recoil\n|move|p2b: Incineroar|Taunt|p1b: Incineroar\n|-start|p1b: Incineroar|move: Taunt\n|move|p2a: Kingambit|Iron Head|p1a: Sinistcha\n|-damage|p1a: Sinistcha|0 fnt\n|faint|p1a: Sinistcha\n|\n|-heal|p2a: Kingambit|27/100|[from] item: Leftovers\n|upkeep\n|\n|t:|1776666740\n|switch|p1a: Aerodactyl|Aerodactyl, L50, F|94/100\n|-ability|p1a: Aerodactyl|Unnerve\n|turn|6\n|\n|t:|1776666756\n|move|p2a: Kingambit|Sucker Punch|p1b: Incineroar\n|-resisted|p1b: Incineroar|1\n|-damage|p1b: Incineroar|0 fnt\n|faint|p1b: Incineroar\n|move|p1a: Aerodactyl|Rock Slide|p2a: Kingambit|[spread] p2b\n|-miss|p1a: Aerodactyl|p2a: Kingambit\n|-supereffective|p2b: Incineroar|1\n|-damage|p2b: Incineroar|56/100\n|move|p2b: Incineroar|Parting Shot|p1a: Aerodactyl\n|-unboost|p1a: Aerodactyl|atk|1\n|-unboost|p1a: Aerodactyl|spa|1\n|-message|ZoeEEman forfeited.\n|\n|win|snodlop\n|raw|ZoeEEman's rating: 1106 &rarr; <strong>1084</strong><br />(-22 for losing)\n|raw|snodlop's rating: 1145 &rarr; <strong>1167</strong><br />(+22 for winning)\n|l|\u2606ZoeEEman\n|player|p1|\n",
  "uploadtime": 1776666785,
  "views": 14,
  "formatid": "gen9championsvgc2026regma",
  "rating": 1084,
  "private": 0,
  "password": null
}