{
  "id": "gen9championsvgc2026regma-2581252068",
  "format": "[Gen 9 Champions] VGC 2026 Reg M-A",
  "players": [
    "geminian",
    "Nerumy07"
  ],
  "log": "|j|\u2606geminian\n|j|\u2606Nerumy07\n|t:|1775976560\n|gametype|doubles\n|player|p1|geminian|veteran|1094\n|player|p2|Nerumy07|acetrainer|1148\n|gen|9\n|tier|[Gen 9 Champions] VGC 2026 Reg M-A\n|rated|\n|rule|Species Clause: Limit one of each Pok\u00e9mon\n|rule|Item Clause: Limit 1 of each item\n|clearpoke\n|poke|p1|Banette, L50, F|\n|poke|p1|Tinkaton, L50, F|\n|poke|p1|Liepard, L50, F|\n|poke|p1|Milotic, L50, F|\n|poke|p1|Excadrill, L50, M|\n|poke|p1|Tyranitar, L50, M|\n|poke|p2|Dragonite, L50, M|\n|poke|p2|Politoed, L50, M|\n|poke|p2|Archaludon, L50, F|\n|poke|p2|Basculegion, L50, M|\n|poke|p2|Sinistcha, L50|\n|poke|p2|Sneasler, L50, M|\n|teampreview|4\n|\n|t:|1775976638\n|teamsize|p1|4\n|teamsize|p2|4\n|start\n|switch|p1a: Banette|Banette, L50, F, shiny|100/100\n|switch|p1b: Milotic|Milotic, L50, F, shiny|100/100\n|switch|p2a: Sneasler|Sneasler, L50, M, shiny|100/100\n|switch|p2b: Archaludon|Archaludon, L50, F|100/100\n|turn|1\n|\n|t:|1775976663\n|detailschange|p1a: Banette|Banette-Mega, L50, F, shiny\n|-mega|p1a: Banette|Banette|Banettite\n|move|p1b: Milotic|Protect|p1b: Milotic\n|-singleturn|p1b: Milotic|Protect\n|move|p1a: Banette|Will-O-Wisp|p2a: Sneasler\n|-status|p2a: Sneasler|brn\n|move|p2a: Sneasler|Dire Claw|p1b: Milotic\n|-activate|p1b: Milotic|move: Protect\n|move|p2b: Archaludon|Flash Cannon|p1a: Banette\n|-crit|p1a: Banette\n|-damage|p1a: Banette|35/100\n|\n|-damage|p2a: Sneasler|95/100 brn|[from] brn\n|upkeep\n|turn|2\n|\n|t:|1775976705\n|move|p2a: Sneasler|Dire Claw|p1b: Milotic\n|-damage|p1b: Milotic|75/100\n|move|p1b: Milotic|Scald|p2b: Archaludon\n|-resisted|p2b: Archaludon|1\n|-damage|p2b: Archaludon|78/100\n|-ability|p2b: Archaludon|Stamina|boost\n|-boost|p2b: Archaludon|def|1\n|move|p2b: Archaludon|Flash Cannon|p1a: Banette\n|-damage|p1a: Banette|0 fnt\n|faint|p1a: Banette\n|\n|-heal|p1b: Milotic|81/100|[from] item: Leftovers\n|-damage|p2a: Sneasler|89/100 brn|[from] brn\n|upkeep\n|\n|t:|1775976721\n|switch|p1a: Excadrill|Excadrill, L50, M, shiny|100/100\n|turn|3\n|\n|t:|1775976739\n|switch|p1b: Tyranitar|Tyranitar, L50, M, shiny|100/100\n|-weather|Sandstorm|[from] ability: Sand Stream|[of] p1b: Tyranitar\n|move|p2b: Archaludon|Protect|p2b: Archaludon\n|-singleturn|p2b: Archaludon|Protect\n|move|p1a: Excadrill|High Horsepower|p2b: Archaludon\n|-activate|p2b: Archaludon|move: Protect\n|move|p2a: Sneasler|Close Combat|p1a: Excadrill\n|-supereffective|p1a: Excadrill|1\n|-damage|p1a: Excadrill|17/100\n|-unboost|p2a: Sneasler|def|1\n|-unboost|p2a: Sneasler|spd|1\n|-enditem|p1a: Excadrill|Sitrus Berry|[eat]\n|-heal|p1a: Excadrill|42/100|[from] item: Sitrus Berry\n|\n|-weather|Sandstorm|[upkeep]\n|-damage|p2a: Sneasler|83/100 brn|[from] Sandstorm\n|-damage|p2a: Sneasler|77/100 brn|[from] brn\n|upkeep\n|turn|4\n|\n|t:|1775976778\n|switch|p2b: Politoed|Politoed, L50, M, shiny|100/100\n|-weather|RainDance|[from] ability: Drizzle|[of] p2b: Politoed\n|move|p2a: Sneasler|Close Combat|p1a: Excadrill\n|-supereffective|p1a: Excadrill|1\n|-damage|p1a: Excadrill|0 fnt\n|-unboost|p2a: Sneasler|def|1\n|-unboost|p2a: Sneasler|spd|1\n|faint|p1a: Excadrill\n|move|p1b: Tyranitar|Brick Break|p2b: Politoed\n|-damage|p2b: Politoed|78/100\n|\n|-weather|RainDance|[upkeep]\n|-damage|p2a: Sneasler|71/100 brn|[from] brn\n|upkeep\n|\n|t:|1775976794\n|switch|p1a: Milotic|Milotic, L50, F, shiny|81/100\n|turn|5\n|\n|t:|1775976816\n|move|p2a: Sneasler|Protect|p2a: Sneasler\n|-singleturn|p2a: Sneasler|Protect\n|move|p1b: Tyranitar|Brick Break|p2b: Politoed\n|-damage|p2b: Politoed|56/100\n|move|p1a: Milotic|Weather Ball|p2a: Sneasler\n|-activate|p2a: Sneasler|move: Protect\n|move|p2b: Politoed|Weather Ball|p1b: Tyranitar\n|-supereffective|p1b: Tyranitar|1\n|-damage|p1b: Tyranitar|0 fnt\n|faint|p1b: Tyranitar\n|\n|-weather|RainDance|[upkeep]\n|-heal|p1a: Milotic|87/100|[from] item: Leftovers\n|-damage|p2a: Sneasler|66/100 brn|[from] brn\n|upkeep\n|turn|6\n|\n|t:|1775976845\n|move|p1a: Milotic|Protect|p1a: Milotic\n|-singleturn|p1a: Milotic|Protect\n|move|p2a: Sneasler|Dire Claw|p1a: Milotic\n|-activate|p1a: Milotic|move: Protect\n|move|p2b: Politoed|Weather Ball|p1a: Milotic\n|-activate|p1a: Milotic|move: Protect\n|\n|-weather|RainDance|[upkeep]\n|-heal|p1a: Milotic|93/100|[from] item: Leftovers\n|-damage|p2a: Sneasler|60/100 brn|[from] brn\n|upkeep\n|turn|7\n|\n|t:|1775976860\n|switch|p2b: Sinistcha|Sinistcha, L50|100/100\n|-heal|p2a: Sneasler|84/100 brn|[from] ability: Hospitality|[of] p2b: Sinistcha\n|move|p2a: Sneasler|Dire Claw|p1a: Milotic\n|-crit|p1a: Milotic\n|-damage|p1a: Milotic|55/100\n|move|p1a: Milotic|Scald|p2b: Sinistcha\n|-resisted|p2b: Sinistcha|1\n|-crit|p2b: Sinistcha\n|-damage|p2b: Sinistcha|62/100\n|\n|-weather|RainDance|[upkeep]\n|-heal|p1a: Milotic|61/100|[from] item: Leftovers\n|-heal|p2b: Sinistcha|68/100|[from] item: Leftovers\n|-damage|p2a: Sneasler|79/100 brn|[from] brn\n|upkeep\n|turn|8\n|\n|t:|1775976878\n|move|p1a: Milotic|Protect|p1a: Milotic\n|-singleturn|p1a: Milotic|Protect\n|move|p2b: Sinistcha|Rage Powder|p2b: Sinistcha\n|-singleturn|p2b: Sinistcha|move: Rage Powder\n|move|p2a: Sneasler|Dire Claw|p1a: Milotic\n|-activate|p1a: Milotic|move: Protect\n|\n|-weather|none\n|-heal|p1a: Milotic|67/100|[from] item: Leftovers\n|-heal|p2b: Sinistcha|75/100|[from] item: Leftovers\n|-damage|p2a: Sneasler|73/100 brn|[from] brn\n|upkeep\n|turn|9\n|\n|t:|1775976892\n|move|p2b: Sinistcha|Rage Powder|p2b: Sinistcha\n|-singleturn|p2b: Sinistcha|move: Rage Powder\n|move|p2a: Sneasler|Dire Claw|p1a: Milotic\n|-damage|p1a: Milotic|40/100\n|-status|p1a: Milotic|par\n|move|p1a: Milotic|Ice Beam|p2b: Sinistcha\n|-supereffective|p2b: Sinistcha|1\n|-damage|p2b: Sinistcha|23/100\n|-status|p2b: Sinistcha|frz\n|\n|-heal|p2b: Sinistcha|29/100 frz|[from] item: Leftovers\n|-heal|p1a: Milotic|46/100 par|[from] item: Leftovers\n|-damage|p2a: Sneasler|67/100 brn|[from] brn\n|upkeep\n|turn|10\n|\n|t:|1775976911\n|switch|p2a: Archaludon|Archaludon, L50, F|78/100\n|switch|p2b: Politoed|Politoed, L50, M, shiny|56/100\n|-weather|RainDance|[from] ability: Drizzle|[of] p2b: Politoed\n|move|p1a: Milotic|Protect||[still]\n|-fail|p1a: Milotic\n|\n|-weather|RainDance|[upkeep]\n|-heal|p1a: Milotic|52/100 par|[from] item: Leftovers\n|upkeep\n|turn|11\n|\n|t:|1775976927\n|move|p2b: Politoed|Helping Hand|p2a: Archaludon\n|-singleturn|p2a: Archaludon|Helping Hand|[of] p2b: Politoed\n|move|p2a: Archaludon|Electro Shot||[still]\n|-prepare|p2a: Archaludon|Electro Shot\n|-boost|p2a: Archaludon|spa|1\n|-anim|p2a: Archaludon|Electro Shot|p1a: Milotic\n|-supereffective|p1a: Milotic|1\n|-damage|p1a: Milotic|0 fnt\n|faint|p1a: Milotic\n|\n|win|Nerumy07\n|raw|geminian's rating: 1094 &rarr; <strong>1074</strong><br />(-20 for losing)\n|raw|Nerumy07's rating: 1148 &rarr; <strong>1169</strong><br />(+21 for winning)\n|l|\u2606geminian\n|player|p1|\n",
  "uploadtime": 1775976950,
  "views": 21,
  "formatid": "gen9championsvgc2026regma",
  "rating": 1074,
  "private": 0,
  "password": null
}