{
  "id": "gen9championsvgc2026regma-2582350774",
  "format": "[Gen 9 Champions] VGC 2026 Reg M-A",
  "players": [
    "MahaBlast",
    "awwgdgj"
  ],
  "log": "|j|\u2606MahaBlast\n|j|\u2606awwgdgj\n|t:|1776085589\n|gametype|doubles\n|player|p1|MahaBlast|ingo|1052\n|player|p2|awwgdgj|wattson|1080\n|gen|9\n|tier|[Gen 9 Champions] VGC 2026 Reg M-A\n|rated|\n|rule|Species Clause: Limit one of each Pok\u00e9mon\n|rule|Item Clause: Limit 1 of each item\n|clearpoke\n|poke|p1|Araquanid, L50, F|\n|poke|p1|Greninja-*, L50, F|\n|poke|p1|Incineroar, L50, M|\n|poke|p1|Pelipper, L50, M|\n|poke|p1|Sneasler, L50, F|\n|poke|p1|Zoroark-Hisui, L50, F|\n|poke|p2|Aerodactyl, L50, F|\n|poke|p2|Tyranitar, L50, F|\n|poke|p2|Excadrill, L50, F|\n|poke|p2|Clefable, L50, M|\n|poke|p2|Hydreigon, L50, M|\n|poke|p2|Decidueye-Hisui, L50, F|\n|teampreview|4\n|inactive|Battle timer is ON: inactive players will automatically lose when time's up. (requested by awwgdgj)\nawwgdgj has agreed to open team sheets.\n|inactive|MahaBlast has 60 seconds left.\n|inactive|awwgdgj has 60 seconds left.\n|\n|t:|1776085629\n|teamsize|p1|4\n|teamsize|p2|4\n|start\n|switch|p1a: Waaaateerrr|Pelipper, L50, M|100/100\n|switch|p1b: HYPER BEEAAAM?|Greninja, L50, F|100/100\n|switch|p2a: Hydreigon|Hydreigon, L50, M|100/100\n|switch|p2b: Aerodactyl|Aerodactyl, L50, F|100/100\n|-weather|RainDance|[from] ability: Drizzle|[of] p1a: Waaaateerrr\n|turn|1\n|inactive|awwgdgj has 30 seconds left.\n|inactive|MahaBlast has 30 seconds left.\n|\n|t:|1776085660\n|switch|p2a: Tyranitar|Tyranitar, L50, F|100/100\n|-weather|Sandstorm|[from] ability: Sand Stream|[of] p2a: Tyranitar\n|detailschange|p2b: Aerodactyl|Aerodactyl-Mega, L50, F\n|-mega|p2b: Aerodactyl|Aerodactyl|Aerodactylite\n|move|p2b: Aerodactyl|Dual Wingbeat|p1a: Waaaateerrr\n|-damage|p1a: Waaaateerrr|69/100\n|-damage|p1a: Waaaateerrr|40/100\n|-hitcount|p1a: Waaaateerrr|2\n|move|p1b: HYPER BEEAAAM?|Icy Wind|p2a: Tyranitar|[spread] p2a,p2b\n|-supereffective|p2b: Aerodactyl|1\n|-damage|p2a: Tyranitar|91/100\n|-damage|p2b: Aerodactyl|81/100\n|-unboost|p2a: Tyranitar|spe|1\n|-unboost|p2b: Aerodactyl|spe|1\n|move|p1a: Waaaateerrr|Tailwind|p1a: Waaaateerrr\n|-sidestart|p1: MahaBlast|move: Tailwind\n|\n|-weather|Sandstorm|[upkeep]\n|-damage|p1b: HYPER BEEAAAM?|94/100|[from] Sandstorm\n|-damage|p1a: Waaaateerrr|34/100|[from] Sandstorm\n|-heal|p1a: Waaaateerrr|40/100|[from] item: Leftovers\n|upkeep\n|turn|2\n|inactive|MahaBlast has 30 seconds left.\n|inactive|awwgdgj has 30 seconds left.\n|inactive|MahaBlast has 20 seconds left.\n|inactive|MahaBlast has 15 seconds left.\n|\n|t:|1776085702\n|move|p1a: Waaaateerrr|Helping Hand|p1b: HYPER BEEAAAM?\n|-singleturn|p1b: HYPER BEEAAAM?|Helping Hand|[of] p1a: Waaaateerrr\n|move|p1b: HYPER BEEAAAM?|Icy Wind|p2b: Aerodactyl|[spread] p2b\n|-miss|p1b: HYPER BEEAAAM?|p2a: Tyranitar\n|-supereffective|p2b: Aerodactyl|1\n|-damage|p2b: Aerodactyl|50/100\n|-unboost|p2b: Aerodactyl|spe|1\n|move|p2b: Aerodactyl|Rock Slide|p1b: HYPER BEEAAAM?|[spread] p1a,p1b\n|-supereffective|p1a: Waaaateerrr|1\n|-damage|p1a: Waaaateerrr|0 fnt\n|-damage|p1b: HYPER BEEAAAM?|37/100\n|replace|p1b: HYPER BEEAAAM|Zoroark-Hisui, L50, F\n|-end|p1b: HYPER BEEAAAM|Illusion\n|faint|p1a: Waaaateerrr\n|move|p2a: Tyranitar|Rock Slide|p1b: HYPER BEEAAAM\n|-damage|p1b: HYPER BEEAAAM|0 fnt\n|faint|p1b: HYPER BEEAAAM\n|\n|-weather|Sandstorm|[upkeep]\n|upkeep\n|\n|t:|1776085721\n|switch|p1b: HYPER BEEAAAM?|Greninja, L50, F|100/100\n|switch|p1a: Aslowla|Araquanid, L50, F|100/100\n|turn|3\n|\n|t:|1776085733\n|switch|p2b: Hydreigon|Hydreigon, L50, M|100/100\n|detailschange|p1b: HYPER BEEAAAM?|Greninja-Mega, L50, F\n|-mega|p1b: HYPER BEEAAAM?|Greninja|Greninjite\n|move|p2a: Tyranitar|Protect|p2a: Tyranitar\n|-singleturn|p2a: Tyranitar|Protect\n|move|p1a: Aslowla|Wide Guard|p1a: Aslowla\n|-singleturn|p1a: Aslowla|Wide Guard\n|move|p1b: HYPER BEEAAAM?|Surf|p2b: Hydreigon|[spread] p2b\n|-start|p1b: HYPER BEEAAAM?|typechange|Water|[from] ability: Protean\n|-activate|p1a: Aslowla|move: Wide Guard\n|-activate|p2a: Tyranitar|move: Protect\n|-resisted|p2b: Hydreigon|1\n|-damage|p2b: Hydreigon|79/100\n|\n|-weather|Sandstorm|[upkeep]\n|-damage|p1b: HYPER BEEAAAM?|94/100|[from] Sandstorm\n|-damage|p2b: Hydreigon|73/100|[from] Sandstorm\n|-damage|p1a: Aslowla|95/100|[from] Sandstorm\n|upkeep\n|turn|4\n|\n|t:|1776085754\n|switch|p2a: Decidueye|Decidueye-Hisui, L50, F|100/100\n|move|p1b: HYPER BEEAAAM?|Protect|p1b: HYPER BEEAAAM?\n|-singleturn|p1b: HYPER BEEAAAM?|Protect\n|move|p2b: Hydreigon|Protect|p2b: Hydreigon\n|-singleturn|p2b: Hydreigon|Protect\n|move|p1a: Aslowla|Rain Dance|p1a: Aslowla\n|-weather|RainDance\n|\n|-weather|RainDance|[upkeep]\n|-sideend|p1: MahaBlast|move: Tailwind\n|upkeep\n|turn|5\n|inactive|MahaBlast has 30 seconds left.\n|\n|t:|1776085787\n|move|p1b: HYPER BEEAAAM?|Ice Beam|p2a: Decidueye\n|-supereffective|p2a: Decidueye|1\n|-damage|p2a: Decidueye|30/100\n|move|p2b: Hydreigon|Draco Meteor|p1b: HYPER BEEAAAM?\n|-damage|p1b: HYPER BEEAAAM?|0 fnt\n|-unboost|p2b: Hydreigon|spa|2\n|faint|p1b: HYPER BEEAAAM?\n|move|p2a: Decidueye|Leaf Blade|p1a: Aslowla\n|-damage|p1a: Aslowla|47/100\n|move|p1a: Aslowla|Entrainment|p2a: Decidueye\n|-ability|p2a: Decidueye|Water Bubble|Scrappy|[from] move: Entrainment|[of] p1a: Aslowla\n|\n|-weather|RainDance|[upkeep]\n|upkeep\n|turn|6\n|\n|t:|1776085808\n|switch|p2b: Aerodactyl|Aerodactyl-Mega, L50, F|50/100\n|switch|p2a: Tyranitar|Tyranitar, L50, F|91/100\n|-weather|Sandstorm|[from] ability: Sand Stream|[of] p2a: Tyranitar\n|move|p1a: Aslowla|Liquidation|p2a: Tyranitar\n|-supereffective|p2a: Tyranitar|1\n|-crit|p2a: Tyranitar\n|-damage|p2a: Tyranitar|0 fnt\n|faint|p2a: Tyranitar\n|\n|-weather|Sandstorm|[upkeep]\n|-damage|p1a: Aslowla|41/100|[from] Sandstorm\n|upkeep\n|\n|t:|1776085824\n|switch|p2a: Hydreigon|Hydreigon, L50, M|73/100\n|turn|7\n|\n|t:|1776085836\n|move|p2b: Aerodactyl|Dual Wingbeat|p1a: Aslowla|[miss]\n|-miss|p2b: Aerodactyl|p1a: Aslowla\n|move|p2a: Hydreigon|Dark Pulse|p1a: Aslowla\n|-damage|p1a: Aslowla|14/100\n|move|p1a: Aslowla|Liquidation|p2b: Aerodactyl\n|-supereffective|p2b: Aerodactyl|1\n|-damage|p2b: Aerodactyl|0 fnt\n|faint|p2b: Aerodactyl\n|\n|-weather|Sandstorm|[upkeep]\n|-damage|p2a: Hydreigon|67/100|[from] Sandstorm\n|-damage|p1a: Aslowla|8/100|[from] Sandstorm\n|upkeep\n|\n|t:|1776085849\n|switch|p2b: Decidueye|Decidueye-Hisui, L50, F|30/100\n|turn|8\n|\n|t:|1776085855\n|move|p2a: Hydreigon|Dark Pulse|p1a: Aslowla\n|-damage|p1a: Aslowla|0 fnt\n|faint|p1a: Aslowla\n|\n|win|awwgdgj\n|raw|MahaBlast's rating: 1052 &rarr; <strong>1036</strong><br />(-16 for losing)\n|raw|awwgdgj's rating: 1080 &rarr; <strong>1106</strong><br />(+26 for winning)\n",
  "uploadtime": 1776085856,
  "views": 10,
  "formatid": "gen9championsvgc2026regma",
  "rating": 1036,
  "private": 0,
  "password": null
}