{
  "id": "gen9championsvgc2026regma-2582063879",
  "format": "[Gen 9 Champions] VGC 2026 Reg M-A",
  "players": [
    "steven he vgc",
    "gogogogogogoj"
  ],
  "log": "|j|\u2606steven he vgc\n|j|\u2606gogogogogogoj\n|t:|1776053483\n|gametype|doubles\n|player|p1|steven he vgc|266|1251\n|player|p2|gogogogogogoj|crasherwake|1156\n|gen|9\n|tier|[Gen 9 Champions] VGC 2026 Reg M-A\n|rated|\n|rule|Species Clause: Limit one of each Pok\u00e9mon\n|rule|Item Clause: Limit 1 of each item\n|clearpoke\n|poke|p1|Palafin, L50, F|\n|poke|p1|Sinistcha, L50|\n|poke|p1|Incineroar, L50, F|\n|poke|p1|Floette-Eternal, L50, F|\n|poke|p1|Kingambit, L50, M|\n|poke|p1|Garchomp, L50, M|\n|poke|p2|Farigiraf, L50, M|\n|poke|p2|Torkoal, L50, M|\n|poke|p2|Sinistcha, L50|\n|poke|p2|Incineroar, L50, M|\n|poke|p2|Golurk, L50|\n|poke|p2|Kingambit, L50, M|\n|teampreview|4\n|inactive|Battle timer is ON: inactive players will automatically lose when time's up. (requested by steven he vgc)\n|\n|t:|1776053524\n|teamsize|p1|4\n|teamsize|p2|4\n|start\n|switch|p1a: Incineroar|Incineroar, L50, F|100/100\n|switch|p1b: Floette|Floette-Eternal, L50, F|100/100\n|switch|p2a: Farigiraf|Farigiraf, L50, M|100/100\n|switch|p2b: Golurk|Golurk, L50|100/100\n|-ability|p1a: Incineroar|Intimidate|boost\n|-unboost|p2a: Farigiraf|atk|1\n|-unboost|p2b: Golurk|atk|1\n|turn|1\n|inactive|gogogogogogoj has 30 seconds left.\n|inactive|gogogogogogoj has 20 seconds left.\n|\n|t:|1776053560\n|detailschange|p1b: Floette|Floette-Mega, L50, F\n|-mega|p1b: Floette|Floette|Floettite\n|-ability|p1b: Floette|Fairy Aura\n|move|p2b: Golurk|Protect|p2b: Golurk\n|-singleturn|p2b: Golurk|Protect\n|move|p1b: Floette|Calm Mind|p1b: Floette\n|-boost|p1b: Floette|spa|1\n|-boost|p1b: Floette|spd|1\n|move|p1a: Incineroar|Parting Shot|p2b: Golurk\n|-activate|p2b: Golurk|move: Protect\n|move|p2a: Farigiraf|Trick Room|p2a: Farigiraf\n|-fieldstart|move: Trick Room|[of] p2a: Farigiraf\n|\n|upkeep\n|turn|2\n|inactive|steven he vgc has 30 seconds left.\n|inactive|steven he vgc has 20 seconds left.\n|inactive|steven he vgc has 15 seconds left.\n|\n|t:|1776053601\n|switch|p2a: Kingambit|Kingambit, L50, M|100/100\n|detailschange|p2b: Golurk|Golurk-Mega, L50\n|-mega|p2b: Golurk|Golurk|Golurkite\n|move|p1a: Incineroar|Protect|p1a: Incineroar\n|-singleturn|p1a: Incineroar|Protect\n|move|p2b: Golurk|Heavy Slam|p1b: Floette\n|-supereffective|p1b: Floette|1\n|-crit|p1b: Floette\n|-damage|p1b: Floette|23/100\n|move|p1b: Floette|Calm Mind|p1b: Floette\n|-boost|p1b: Floette|spa|1\n|-boost|p1b: Floette|spd|1\n|\n|upkeep\n|turn|3\n|inactive|gogogogogogoj has 30 seconds left.\n|inactive|gogogogogogoj has 20 seconds left.\n|inactive|gogogogogogoj has 15 seconds left.\n|inactive|gogogogogogoj has 10 seconds left.\n|\n|t:|1776053647\n|switch|p2a: Farigiraf|Farigiraf, L50, M|100/100\n|switch|p1a: Sinistcha|Sinistcha, L50|100/100\n|-heal|p1b: Floette|48/100|[from] ability: Hospitality|[of] p1a: Sinistcha\n|move|p1b: Floette|Protect|p1b: Floette\n|-singleturn|p1b: Floette|Protect\n|move|p2b: Golurk|Heavy Slam|p1b: Floette\n|-supereffective|p1b: Floette|1\n|-ability|p2b: Golurk|Unseen Fist\n|-zbroken|p1b: Floette\n|-damage|p1b: Floette|38/100\n|\n|upkeep\n|turn|4\n|inactive|gogogogogogoj has 30 seconds left.\n|inactive|gogogogogogoj has 20 seconds left.\n|\n|t:|1776053685\n|move|p1a: Sinistcha|Rage Powder|p1a: Sinistcha\n|-singleturn|p1a: Sinistcha|move: Rage Powder\n|move|p2b: Golurk|Rock Slide|p1b: Floette|[spread] p1a,p1b\n|-damage|p1a: Sinistcha|84/100\n|-damage|p1b: Floette|26/100\n|move|p2a: Farigiraf|Hyper Voice|p1a: Sinistcha|[spread] p1b\n|-immune|p1a: Sinistcha\n|-damage|p1b: Floette|14/100\n|move|p1b: Floette|Draining Kiss|p2b: Golurk\n|-damage|p2b: Golurk|43/100\n|-heal|p1b: Floette|60/100|[from] drain|[of] p2b: Golurk\n|\n|upkeep\n|turn|5\n|\n|t:|1776053708\n|switch|p2b: Kingambit|Kingambit, L50, M|100/100\n|move|p1a: Sinistcha|Rage Powder|p1a: Sinistcha\n|-singleturn|p1a: Sinistcha|move: Rage Powder\n|move|p2a: Farigiraf|Psychic|p1a: Sinistcha\n|-damage|p1a: Sinistcha|44/100\n|-enditem|p1a: Sinistcha|Sitrus Berry|[eat]\n|-heal|p1a: Sinistcha|68/100|[from] item: Sitrus Berry\n|move|p1b: Floette|Draining Kiss|p2a: Farigiraf\n|-damage|p2a: Farigiraf|41/100\n|-heal|p1b: Floette|100/100|[from] drain|[of] p2a: Farigiraf\n|\n|-fieldend|move: Trick Room\n|upkeep\n|turn|6\n|\n|t:|1776053723\n|move|p2a: Farigiraf|Protect|p2a: Farigiraf\n|-singleturn|p2a: Farigiraf|Protect\n|move|p1a: Sinistcha|Rage Powder|p1a: Sinistcha\n|-singleturn|p1a: Sinistcha|move: Rage Powder\n|move|p1b: Floette|Dazzling Gleam|p2a: Farigiraf|[spread] p2b\n|-activate|p2a: Farigiraf|move: Protect\n|-crit|p2b: Kingambit\n|-damage|p2b: Kingambit|0 fnt\n|faint|p2b: Kingambit\n|\n|upkeep\n|\n|t:|1776053734\n|switch|p2b: Golurk|Golurk-Mega, L50|43/100\n|turn|7\n|\n|t:|1776053743\n|move|p1b: Floette|Dazzling Gleam|p2b: Golurk|[spread] p2a,p2b\n|-damage|p2a: Farigiraf|0 fnt\n|-damage|p2b: Golurk|0 fnt\n|faint|p2a: Farigiraf\n|faint|p2b: Golurk\n|move|p1a: Sinistcha|Matcha Gotcha|p2: Farigiraf|[notarget]\n|-fail|p1a: Sinistcha\n|\n|upkeep\n|-message|gogogogogogoj forfeited.\n|\n|win|steven he vgc\n|raw|steven he vgc's rating: 1251 &rarr; <strong>1269</strong><br />(+18 for winning)\n|raw|gogogogogogoj's rating: 1156 &rarr; <strong>1138</strong><br />(-18 for losing)\n",
  "uploadtime": 1776053760,
  "views": 39,
  "formatid": "gen9championsvgc2026regma",
  "rating": 1138,
  "private": 0,
  "password": null
}