{
  "id": "gen9championsvgc2026regma-2583483643",
  "format": "[Gen 9 Champions] VGC 2026 Reg M-A",
  "players": [
    "Grey Cadillac",
    "bunearyboicherry"
  ],
  "log": "|j|\u2606Grey Cadillac\n|j|\u2606bunearyboicherry\n|t:|1776178542\n|gametype|doubles\n|player|p1|Grey Cadillac|gardenia-masters|1124\n|player|p2|bunearyboicherry|preschoolerf-gen6|1144\n|gen|9\n|tier|[Gen 9 Champions] VGC 2026 Reg M-A\n|rated|\n|rule|Species Clause: Limit one of each Pok\u00e9mon\n|rule|Item Clause: Limit 1 of each item\n|clearpoke\n|poke|p1|Aggron, L50, M|\n|poke|p1|Incineroar, L50, M|\n|poke|p1|Sinistcha, L50|\n|poke|p1|Pelipper, L50, F|\n|poke|p1|Basculegion, L50, M|\n|poke|p1|Kommo-o, L50, M|\n|poke|p2|Mudsdale, L50, F|\n|poke|p2|Gyarados, L50, M|\n|poke|p2|Maushold, L50|\n|poke|p2|Dragonite, L50, F|\n|poke|p2|Charizard, L50, F|\n|poke|p2|Mr. Rime, L50, M|\n|teampreview|4\n|\n|t:|1776178587\n|teamsize|p1|4\n|teamsize|p2|4\n|start\n|switch|p1a: Aggron|Aggron, L50, M, shiny|100/100\n|switch|p1b: Incineroar|Incineroar, L50, M, shiny|100/100\n|switch|p2a: Gyarados|Gyarados, L50, M, shiny|100/100\n|switch|p2b: Mudsdale|Mudsdale, L50, F, shiny|100/100\n|-ability|p2a: Gyarados|Intimidate|boost\n|-unboost|p1a: Aggron|atk|1\n|-unboost|p1b: Incineroar|atk|1\n|-ability|p1b: Incineroar|Intimidate|boost\n|-unboost|p2a: Gyarados|atk|1\n|-fail|p2b: Mudsdale|unboost|Attack|[from] ability: Inner Focus|[of] p2b: Mudsdale\n|turn|1\n|\n|t:|1776178607\n|detailschange|p1a: Aggron|Aggron-Mega, L50, M, shiny\n|-mega|p1a: Aggron|Aggron|Aggronite\n|move|p1b: Incineroar|Fake Out|p2a: Gyarados\n|-damage|p2a: Gyarados|92/100\n|cant|p2a: Gyarados|flinch\n|move|p1a: Aggron|Iron Defense|p1a: Aggron\n|-boost|p1a: Aggron|def|2\n|move|p2b: Mudsdale|Earthquake|p1a: Aggron|[spread] p1a,p1b\n|-immune|p2a: Gyarados\n|-supereffective|p1a: Aggron|1\n|-supereffective|p1b: Incineroar|1\n|-enditem|p1b: Incineroar|Shuca Berry|[eat]\n|-enditem|p1b: Incineroar|Shuca Berry|[weaken]\n|-damage|p1a: Aggron|87/100\n|-damage|p1b: Incineroar|63/100\n|\n|upkeep\n|turn|2\n|\n|t:|1776178629\n|switch|p1b: Pelipper|Pelipper, L50, F, shiny|100/100\n|-weather|RainDance|[from] ability: Drizzle|[of] p1b: Pelipper\n|move|p2a: Gyarados|Temper Flare|p1a: Aggron\n|-supereffective|p1a: Aggron|1\n|-damage|p1a: Aggron|80/100\n|move|p1a: Aggron|Body Press|p2b: Mudsdale\n|-damage|p2b: Mudsdale|19/100\n|-enditem|p2b: Mudsdale|Sitrus Berry|[eat]\n|-heal|p2b: Mudsdale|44/100|[from] item: Sitrus Berry\n|move|p2b: Mudsdale|Earthquake|p1a: Aggron|[spread] p1a\n|-immune|p2a: Gyarados\n|-immune|p1b: Pelipper\n|-supereffective|p1a: Aggron|1\n|-damage|p1a: Aggron|65/100\n|\n|-weather|RainDance|[upkeep]\n|upkeep\n|turn|3\n|c|\u2606bunearyboicherry|Not the wall\n|c|\u2606Grey Cadillac|the wall himself\n|\n|t:|1776178656\n|move|p2b: Mudsdale|Protect|p2b: Mudsdale\n|-singleturn|p2b: Mudsdale|Protect\n|move|p2a: Gyarados|Stone Edge|p1b: Pelipper\n|-supereffective|p1b: Pelipper|1\n|-damage|p1b: Pelipper|39/100\n|move|p1b: Pelipper|Tailwind|p1b: Pelipper\n|-sidestart|p1: Grey Cadillac|move: Tailwind\n|move|p1a: Aggron|Iron Defense|p1a: Aggron\n|-boost|p1a: Aggron|def|2\n|\n|-weather|RainDance|[upkeep]\n|upkeep\n|turn|4\n|\n|t:|1776178681\n|switch|p2a: Maushold|Maushold, L50, shiny|100/100\n|move|p1b: Pelipper|Hurricane|p2a: Maushold\n|-damage|p2a: Maushold|42/100\n|-start|p2a: Maushold|confusion\n|move|p1a: Aggron|Body Press|p2b: Mudsdale\n|-damage|p2b: Mudsdale|0 fnt\n|faint|p2b: Mudsdale\n|\n|-weather|RainDance|[upkeep]\n|upkeep\n|\n|t:|1776178690\n|switch|p2b: Charizard|Charizard, L50, F, shiny|100/100\n|turn|5\n|\n|t:|1776178701\n|switch|p1b: Incineroar|Incineroar, L50, M, shiny|63/100\n|-ability|p1b: Incineroar|Intimidate|boost\n|-unboost|p2a: Maushold|atk|1\n|-unboost|p2b: Charizard|atk|1\n|detailschange|p2b: Charizard|Charizard-Mega-Y, L50, F, shiny\n|-mega|p2b: Charizard|Charizard|Charizardite Y\n|-weather|SunnyDay|[from] ability: Drought|[of] p2b: Charizard\n|move|p1a: Aggron|Protect|p1a: Aggron\n|-singleturn|p1a: Aggron|Protect\n|move|p2b: Charizard|Heat Wave|p1b: Incineroar|[spread] p1b\n|-activate|p1a: Aggron|move: Protect\n|-resisted|p1b: Incineroar|1\n|-damage|p1b: Incineroar|41/100\n|-activate|p2a: Maushold|confusion\n|move|p2a: Maushold|Super Fang|p1b: Incineroar\n|-damage|p1b: Incineroar|21/100\n|\n|-weather|SunnyDay|[upkeep]\n|upkeep\n|turn|6\n|\n|t:|1776178733\n|switch|p2b: Gyarados|Gyarados, L50, M, shiny|92/100\n|-ability|p2b: Gyarados|Intimidate|boost\n|-unboost|p1a: Aggron|atk|1\n|-unboost|p1b: Incineroar|atk|1\n|switch|p1b: Pelipper|Pelipper, L50, F, shiny|39/100\n|-weather|RainDance|[from] ability: Drizzle|[of] p1b: Pelipper\n|move|p1a: Aggron|Body Press|p2a: Maushold\n|-supereffective|p2a: Maushold|1\n|-enditem|p2a: Maushold|Chople Berry|[eat]\n|-enditem|p2a: Maushold|Chople Berry|[weaken]\n|-damage|p2a: Maushold|0 fnt\n|faint|p2a: Maushold\n|\n|-weather|RainDance|[upkeep]\n|-sideend|p1: Grey Cadillac|move: Tailwind\n|upkeep\n|\n|t:|1776178745\n|switch|p2a: Charizard|Charizard-Mega-Y, L50, F, shiny|100/100\n|-weather|SunnyDay|[from] ability: Drought|[of] p2a: Charizard\n|turn|7\n|\n|t:|1776178759\n|switch|p1b: Incineroar|Incineroar, L50, M, shiny|21/100\n|-ability|p1b: Incineroar|Intimidate|boost\n|-unboost|p2a: Charizard|atk|1\n|-unboost|p2b: Gyarados|atk|1\n|move|p2a: Charizard|Heat Wave|p1b: Incineroar|[spread] p1a,p1b\n|-supereffective|p1a: Aggron|1\n|-crit|p1a: Aggron\n|-resisted|p1b: Incineroar|1\n|-damage|p1a: Aggron|0 fnt\n|-damage|p1b: Incineroar|0 fnt\n|faint|p1a: Aggron\n|faint|p1b: Incineroar\n|move|p2b: Gyarados|Stone Edge|p1: Aggron|[notarget]\n|-fail|p2b: Gyarados\n|\n|-weather|SunnyDay|[upkeep]\n|upkeep\n|\n|t:|1776178765\n|switch|p1b: Basculegion|Basculegion, L50, M|100/100\n|switch|p1a: Pelipper|Pelipper, L50, F, shiny|39/100\n|-weather|RainDance|[from] ability: Drizzle|[of] p1a: Pelipper\n|turn|8\n|\n|t:|1776178781\n|move|p2a: Charizard|Protect|p2a: Charizard\n|-singleturn|p2a: Charizard|Protect\n|move|p1a: Pelipper|Protect|p1a: Pelipper\n|-singleturn|p1a: Pelipper|Protect\n|move|p1b: Basculegion|Wave Crash|p2a: Charizard\n|-activate|p2a: Charizard|move: Protect\n|move|p2b: Gyarados|Power Whip|p1b: Basculegion\n|-supereffective|p1b: Basculegion|1\n|-damage|p1b: Basculegion|24/100\n|\n|-weather|RainDance|[upkeep]\n|upkeep\n|turn|9\n|\n|t:|1776178797\n|move|p2a: Charizard|Protect||[still]\n|-fail|p2a: Charizard\n|move|p1b: Basculegion|Wave Crash|p2a: Charizard\n|-supereffective|p2a: Charizard|1\n|-damage|p2a: Charizard|0 fnt\n|faint|p2a: Charizard\n|-damage|p1b: Basculegion|0 fnt|[from] Recoil\n|faint|p1b: Basculegion\n|move|p2b: Gyarados|Power Whip|p1a: Pelipper\n|-damage|p1a: Pelipper|1/100\n|move|p1a: Pelipper|Hurricane|p2b: Gyarados\n|-damage|p2b: Gyarados|45/100\n|\n|-weather|RainDance|[upkeep]\n|upkeep\n|turn|10\n|c|\u2606Grey Cadillac|thats a sick gyara set\n|\n|t:|1776178817\n|move|p2b: Gyarados|Temper Flare|p1a: Pelipper\n|-resisted|p1a: Pelipper|1\n|-damage|p1a: Pelipper|0 fnt\n|faint|p1a: Pelipper\n|\n|win|bunearyboicherry\n|raw|Grey Cadillac's rating: 1124 &rarr; <strong>1100</strong><br />(-24 for losing)\n|raw|bunearyboicherry's rating: 1144 &rarr; <strong>1168</strong><br />(+24 for winning)\n|l|\u2606Grey Cadillac\n|player|p1|\n|c|\u2606bunearyboicherry|Power whip gyarados go brrr\n",
  "uploadtime": 1776178833,
  "views": 27,
  "formatid": "gen9championsvgc2026regma",
  "rating": 1100,
  "private": 0,
  "password": null
}