{
  "id": "gen9championsvgc2026regma-2580763363",
  "format": "[Gen 9 Champions] VGC 2026 Reg M-A",
  "players": [
    "Granbel",
    "sammg"
  ],
  "log": "|j|\u2606Granbel\n|j|\u2606sammg\n|t:|1775930508\n|gametype|doubles\n|player|p1|Granbel|170|1126\n|player|p2|sammg|101|1217\n|gen|9\n|tier|[Gen 9 Champions] VGC 2026 Reg M-A\n|rated|\n|rule|Species Clause: Limit one of each Pok\u00e9mon\n|rule|Item Clause: Limit 1 of each item\n|clearpoke\n|poke|p1|Tyranitar, L50, M|\n|poke|p1|Excadrill, L50, F|\n|poke|p1|Whimsicott, L50, F|\n|poke|p1|Floette-Eternal, L50, F|\n|poke|p1|Gyarados, L50, M|\n|poke|p1|Volcarona, L50, F|\n|poke|p2|Maushold-Four, L50|\n|poke|p2|Floette-Eternal, L50, F|\n|poke|p2|Garchomp, L50, M|\n|poke|p2|Talonflame, L50, M|\n|poke|p2|Rotom-Wash, L50|\n|poke|p2|Aegislash, L50, F|\n|teampreview|4\n|inactive|Battle timer is ON: inactive players will automatically lose when time's up. (requested by sammg)\n|inactive|Granbel has 60 seconds left.\n|\n|t:|1775930542\n|teamsize|p1|4\n|teamsize|p2|4\n|start\n|switch|p1a: Floette|Floette-Eternal, L50, F|100/100\n|switch|p1b: Volcarona|Volcarona, L50, F|100/100\n|switch|p2a: Aegislash|Aegislash, L50, F|100/100\n|switch|p2b: Talonflame|Talonflame, L50, M|100/100\n|turn|1\n|\n|t:|1775930560\n|switch|p1b: Tyranitar|Tyranitar, L50, M|100/100\n|-weather|Sandstorm|[from] ability: Sand Stream|[of] p1b: Tyranitar\n|move|p1a: Floette|Protect|p1a: Floette\n|-singleturn|p1a: Floette|Protect\n|move|p2b: Talonflame|Tailwind|p2b: Talonflame\n|-sidestart|p2: sammg|move: Tailwind\n|-formechange|p2a: Aegislash|Aegislash-Blade|\n|move|p2a: Aegislash|Poltergeist|p1b: Tyranitar\n|-activate|p1b: Tyranitar|move: Poltergeist|Tyranitarite\n|-resisted|p1b: Tyranitar|1\n|-damage|p1b: Tyranitar|67/100\n|\n|-weather|Sandstorm|[upkeep]\n|-damage|p2b: Talonflame|95/100|[from] Sandstorm\n|-damage|p1a: Floette|95/100|[from] Sandstorm\n|upkeep\n|turn|2\n|\n|t:|1775930580\n|switch|p1a: Excadrill|Excadrill, L50, F|100/100\n|move|p2b: Talonflame|Acrobatics|p1a: Excadrill\n|-resisted|p1a: Excadrill|1\n|-damage|p1a: Excadrill|71/100\n|move|p2a: Aegislash|Iron Head|p1a: Excadrill\n|-resisted|p1a: Excadrill|1\n|-damage|p1a: Excadrill|39/100\n|move|p1b: Tyranitar|Rock Slide|p2b: Talonflame|[spread] p2a,p2b\n|-resisted|p2a: Aegislash|1\n|-supereffective|p2b: Talonflame|2\n|-damage|p2a: Aegislash|71/100\n|-damage|p2b: Talonflame|0 fnt\n|faint|p2b: Talonflame\n|\n|-weather|Sandstorm|[upkeep]\n|upkeep\n|\n|t:|1775930591\n|switch|p2b: Garchomp|Garchomp, L50, M|100/100\n|turn|3\n|inactive|Granbel has 30 seconds left.\n|\n|t:|1775930617\n|move|p1a: Excadrill|Protect|p1a: Excadrill\n|-singleturn|p1a: Excadrill|Protect\n|-formechange|p2a: Aegislash|Aegislash|\n|move|p2a: Aegislash|King's Shield|p2a: Aegislash\n|-singleturn|p2a: Aegislash|Protect\n|move|p1b: Tyranitar|Protect|p1b: Tyranitar\n|-singleturn|p1b: Tyranitar|Protect\n|move|p2b: Garchomp|Earthquake|p1a: Excadrill|[spread] \n|-activate|p2a: Aegislash|move: Protect\n|-activate|p1a: Excadrill|move: Protect\n|-activate|p1b: Tyranitar|move: Protect\n|\n|-weather|Sandstorm|[upkeep]\n|upkeep\n|turn|4\n|\n|t:|1775930641\n|move|p2b: Garchomp|Stomping Tantrum|p1b: Tyranitar\n|-supereffective|p1b: Tyranitar|1\n|-damage|p1b: Tyranitar|0 fnt\n|faint|p1b: Tyranitar\n|move|p1a: Excadrill|High Horsepower|p2b: Garchomp\n|-damage|p2b: Garchomp|49/100\n|-damage|p1a: Excadrill|26/100|[from] ability: Rough Skin|[of] p2b: Garchomp\n|-formechange|p2a: Aegislash|Aegislash-Blade|\n|move|p2a: Aegislash|Poltergeist|p1a: Excadrill\n|-activate|p1a: Excadrill|move: Poltergeist|Lum Berry\n|-damage|p1a: Excadrill|0 fnt\n|faint|p1a: Excadrill\n|\n|-weather|Sandstorm|[upkeep]\n|-sideend|p2: sammg|move: Tailwind\n|upkeep\n|\n|t:|1775930656\n|switch|p1a: Floette|Floette-Eternal, L50, F|95/100\n|switch|p1b: Volcarona|Volcarona, L50, F|100/100\n|turn|5\n|\n|t:|1775930673\n|detailschange|p1a: Floette|Floette-Mega, L50, F\n|-mega|p1a: Floette|Floette|Floettite\n|-ability|p1a: Floette|Fairy Aura\n|move|p2b: Garchomp|Stone Edge|p1b: Volcarona\n|-supereffective|p1b: Volcarona|2\n|-crit|p1b: Volcarona\n|-damage|p1b: Volcarona|0 fnt\n|faint|p1b: Volcarona\n|move|p1a: Floette|Dazzling Gleam|p2b: Garchomp|[spread] p2a,p2b\n|-resisted|p2a: Aegislash|1\n|-supereffective|p2b: Garchomp|1\n|-damage|p2a: Aegislash|24/100\n|-damage|p2b: Garchomp|0 fnt\n|faint|p2b: Garchomp\n|move|p2a: Aegislash|Iron Head|p1a: Floette\n|-supereffective|p1a: Floette|1\n|-damage|p1a: Floette|0 fnt\n|faint|p1a: Floette\n|\n|win|sammg\n|raw|Granbel's rating: 1126 &rarr; <strong>1107</strong><br />(-19 for losing)\n|raw|sammg's rating: 1217 &rarr; <strong>1236</strong><br />(+19 for winning)\n|l|\u2606Granbel\n|player|p1|\n|l|\u2606sammg\n|player|p2|\n",
  "uploadtime": 1775930699,
  "views": 71,
  "formatid": "gen9championsvgc2026regma",
  "rating": 1107,
  "private": 0,
  "password": null
}