{
  "id": "gen9championsvgc2026regma-2585577155",
  "format": "[Gen 9 Champions] VGC 2026 Reg M-A",
  "players": [
    "Danilo-chan",
    "MgKvis"
  ],
  "log": "|j|\u2606Danilo-chan\n|j|\u2606MgKvis\n|t:|1776356627\n|gametype|doubles\n|player|p1|Danilo-chan|dancer|1301\n|player|p2|MgKvis|blue|1235\n|gen|9\n|tier|[Gen 9 Champions] VGC 2026 Reg M-A\n|rated|\n|rule|Species Clause: Limit one of each Pok\u00e9mon\n|rule|Item Clause: Limit 1 of each item\n|clearpoke\n|poke|p1|Altaria, L50, F|\n|poke|p1|Garchomp, L50, M|\n|poke|p1|Kingambit, L50, F|\n|poke|p1|Whimsicott, L50, F|\n|poke|p1|Glimmora, L50, F|\n|poke|p1|Rotom-Wash, L50|\n|poke|p2|Scizor, L50, F|\n|poke|p2|Basculegion, L50, M|\n|poke|p2|Pelipper, L50, F|\n|poke|p2|Sableye, L50, F|\n|poke|p2|Sneasler, L50, F|\n|poke|p2|Incineroar, L50, F|\n|teampreview|4\nMgKvis has agreed to open team sheets.\n|inactive|Battle timer is ON: inactive players will automatically lose when time's up. (requested by MgKvis)\n|\n|t:|1776356708\n|teamsize|p1|4\n|teamsize|p2|4\n|start\n|switch|p1a: Whimsicott|Whimsicott, L50, F|100/100\n|switch|p1b: Rotom|Rotom-Wash, L50|100/100\n|switch|p2a: Sneasler|Sneasler, L50, F|100/100\n|switch|p2b: Scizor|Scizor, L50, F|100/100\n|turn|1\n|inactive|MgKvis has 30 seconds left.\n|inactive|MgKvis has 20 seconds left.\n|inactive|MgKvis has 15 seconds left.\n|inactive|MgKvis has 10 seconds left.\n|\n|t:|1776356757\n|detailschange|p2b: Scizor|Scizor-Mega, L50, F\n|-mega|p2b: Scizor|Scizor|Scizorite\n|move|p1a: Whimsicott|Protect|p1a: Whimsicott\n|-singleturn|p1a: Whimsicott|Protect\n|move|p1b: Rotom|Protect|p1b: Rotom\n|-singleturn|p1b: Rotom|Protect\n|move|p2a: Sneasler|Dire Claw|p1a: Whimsicott\n|-activate|p1a: Whimsicott|move: Protect\n|move|p2b: Scizor|Bug Bite|p1b: Rotom\n|-activate|p1b: Rotom|move: Protect\n|\n|upkeep\n|turn|2\n|inactive|Danilo-chan has 30 seconds left.\n|inactive|MgKvis has 30 seconds left.\n|\n|t:|1776356787\n|move|p1a: Whimsicott|Tailwind|p1a: Whimsicott\n|-sidestart|p1: Danilo-chan|move: Tailwind\n|move|p2b: Scizor|Bullet Punch|p1a: Whimsicott\n|-supereffective|p1a: Whimsicott|1\n|-crit|p1a: Whimsicott\n|-enditem|p1a: Whimsicott|Focus Sash\n|-damage|p1a: Whimsicott|1/100\n|move|p1b: Rotom|Thunderbolt|p2a: Sneasler\n|-damage|p2a: Sneasler|43/100\n|move|p2a: Sneasler|Dire Claw|p1b: Rotom\n|-damage|p1b: Rotom|51/100\n|\n|upkeep\n|turn|3\n|inactive|MgKvis has 30 seconds left.\n|inactive|MgKvis has 20 seconds left.\n|inactive|MgKvis has 15 seconds left.\n|\n|t:|1776356830\n|move|p1a: Whimsicott|Fake Tears|p2b: Scizor\n|-unboost|p2b: Scizor|spd|2\n|move|p1b: Rotom|Discharge|p2b: Scizor|[spread] p1a,p2a,p2b\n|-resisted|p1a: Whimsicott|1\n|-damage|p1a: Whimsicott|0 fnt\n|-damage|p2a: Sneasler|6/100\n|-damage|p2b: Scizor|49/100\n|faint|p1a: Whimsicott\n|move|p2a: Sneasler|Close Combat|p1b: Rotom\n|-damage|p1b: Rotom|0 fnt\n|-unboost|p2a: Sneasler|def|1\n|-unboost|p2a: Sneasler|spd|1\n|faint|p1b: Rotom\n|-enditem|p2a: Sneasler|White Herb\n|-clearnegativeboost|p2a: Sneasler|[silent]\n|move|p2b: Scizor|Bug Bite|p1: Whimsicott|[notarget]\n|-fail|p2b: Scizor\n|\n|upkeep\n|\n|t:|1776356842\n|switch|p1a: Garchomp|Garchomp, L50, M|100/100\n|switch|p1b: Altaria|Altaria, L50, F|100/100\n|-ability|p1b: Altaria|Cloud Nine\n|turn|4\n|inactive|Danilo-chan has 30 seconds left.\n|inactive|MgKvis has 30 seconds left.\n|\n|t:|1776356871\n|switch|p2b: Basculegion|Basculegion, L50, M|100/100\n|move|p1b: Altaria|Protect|p1b: Altaria\n|-singleturn|p1b: Altaria|Protect\n|move|p1a: Garchomp|Earthquake|p2b: Basculegion|[spread] p2a,p2b\n|-activate|p1b: Altaria|move: Protect\n|-supereffective|p2a: Sneasler|1\n|-damage|p2a: Sneasler|0 fnt\n|-damage|p2b: Basculegion|45/100\n|faint|p2a: Sneasler\n|\n|upkeep\n|\n|t:|1776356882\n|switch|p2a: Pelipper|Pelipper, L50, F|100/100\n|-weather|RainDance|[from] ability: Drizzle|[of] p2a: Pelipper\n|turn|5\n|inactive|MgKvis has 30 seconds left.\n|\n|t:|1776356910\n|move|p2a: Pelipper|Wide Guard|p2a: Pelipper\n|-singleturn|p2a: Pelipper|Wide Guard\n|move|p1a: Garchomp|Earthquake|p2a: Pelipper|[spread] \n|-activate|p2a: Pelipper|move: Wide Guard\n|-activate|p2b: Basculegion|move: Wide Guard\n|-immune|p1b: Altaria\n|move|p2b: Basculegion|Wave Crash|p1a: Garchomp\n|-damage|p1a: Garchomp|23/100\n|-damage|p2b: Basculegion|33/100|[from] ability: Rough Skin|[of] p1a: Garchomp\n|-damage|p2b: Basculegion|9/100|[from] Recoil\n|move|p1b: Altaria|Hyper Voice|p2a: Pelipper|[spread] \n|-activate|p2a: Pelipper|move: Wide Guard\n|-activate|p2b: Basculegion|move: Wide Guard\n|\n|-weather|RainDance|[upkeep]\n|-sideend|p1: Danilo-chan|move: Tailwind\n|upkeep\n|turn|6\n|inactive|Danilo-chan has 30 seconds left.\n|inactive|MgKvis has 30 seconds left.\n|inactive|MgKvis has 20 seconds left.\n|inactive|MgKvis has 15 seconds left.\n|\n|t:|1776356953\n|move|p2a: Pelipper|Wide Guard|p2a: Pelipper\n|-singleturn|p2a: Pelipper|Wide Guard\n|move|p1a: Garchomp|Earthquake|p2b: Basculegion|[spread] \n|-activate|p2a: Pelipper|move: Wide Guard\n|-activate|p2b: Basculegion|move: Wide Guard\n|-immune|p1b: Altaria\n|move|p2b: Basculegion|Wave Crash|p1a: Garchomp\n|-damage|p1a: Garchomp|0 fnt\n|-damage|p2b: Basculegion|0 fnt|[from] ability: Rough Skin|[of] p1a: Garchomp\n|faint|p1a: Garchomp\n|faint|p2b: Basculegion\n|move|p1b: Altaria|Flamethrower|p2a: Pelipper\n|-resisted|p2a: Pelipper|1\n|-damage|p2a: Pelipper|81/100\n|\n|-weather|RainDance|[upkeep]\n|upkeep\n|\n|t:|1776356968\n|switch|p2b: Scizor|Scizor-Mega, L50, F|49/100\n|turn|7\n|\n|t:|1776356981\n|move|p2b: Scizor|Protect|p2b: Scizor\n|-singleturn|p2b: Scizor|Protect\n|move|p2a: Pelipper|Tailwind|p2a: Pelipper\n|-sidestart|p2: MgKvis|move: Tailwind\n|move|p1b: Altaria|Flamethrower|p2b: Scizor\n|-activate|p2b: Scizor|move: Protect\n|\n|-weather|RainDance|[upkeep]\n|upkeep\n|turn|8\n|\n|t:|1776357000\n|move|p2a: Pelipper|Hurricane|p1b: Altaria\n|-damage|p1b: Altaria|60/100\n|move|p2b: Scizor|Bug Bite|p1b: Altaria\n|-resisted|p1b: Altaria|1\n|-damage|p1b: Altaria|28/100\n|move|p1b: Altaria|Flamethrower|p2b: Scizor\n|-supereffective|p2b: Scizor|2\n|-damage|p2b: Scizor|0 fnt\n|faint|p2b: Scizor\n|\n|-weather|RainDance|[upkeep]\n|upkeep\n|turn|9\n|\n|t:|1776357019\n|move|p1b: Altaria|Protect|p1b: Altaria\n|-singleturn|p1b: Altaria|Protect\n|move|p2a: Pelipper|Hurricane|p1b: Altaria\n|-activate|p1b: Altaria|move: Protect\n|\n|-weather|none\n|upkeep\n|turn|10\n|\n|t:|1776357029\n|detailschange|p1b: Altaria|Altaria-Mega, L50, F\n|-mega|p1b: Altaria|Altaria|Altarianite\n|move|p2a: Pelipper|Hurricane|p1b: Altaria|[miss]\n|-miss|p2a: Pelipper|p1b: Altaria\n|move|p1b: Altaria|Hyper Beam|p2a: Pelipper\n|-damage|p2a: Pelipper|0 fnt\n|-mustrecharge|p1b: Altaria\n|faint|p2a: Pelipper\n|\n|win|Danilo-chan\n|raw|Danilo-chan's rating: 1301 &rarr; <strong>1317</strong><br />(+16 for winning)\n|raw|MgKvis's rating: 1235 &rarr; <strong>1215</strong><br />(-20 for losing)\n|l|\u2606MgKvis\n|player|p2|\n",
  "uploadtime": 1776357068,
  "views": 21,
  "formatid": "gen9championsvgc2026regma",
  "rating": 1215,
  "private": 0,
  "password": null
}