{
  "id": "gen9championsvgc2026regma-2589385999",
  "format": "[Gen 9 Champions] VGC 2026 Reg M-A",
  "players": [
    "froakieguy08",
    "DragonairJordan23"
  ],
  "log": "|j|\u2606froakieguy08\n|j|\u2606DragonairJordan23\n|t:|1776718793\n|gametype|doubles\n|player|p1|froakieguy08|102|1220\n|player|p2|DragonairJordan23|dancer|1190\n|gen|9\n|tier|[Gen 9 Champions] VGC 2026 Reg M-A\n|rated|\n|rule|Species Clause: Limit one of each Pok\u00e9mon\n|rule|Item Clause: Limit 1 of each item\n|clearpoke\n|poke|p1|Floette-Eternal, L50, F|\n|poke|p1|Aerodactyl, L50, M|\n|poke|p1|Aegislash, L50, M|\n|poke|p1|Garchomp, L50, M|\n|poke|p1|Rotom-Wash, L50|\n|poke|p1|Kangaskhan, L50, F|\n|poke|p2|Pelipper, L50, F|\n|poke|p2|Scovillain, L50, M|\n|poke|p2|Archaludon, L50, M|\n|poke|p2|Conkeldurr, L50, F|\n|poke|p2|Farigiraf, L50, M|\n|poke|p2|Golurk, L50|\n|teampreview|4\n|\n|t:|1776718888\n|teamsize|p1|4\n|teamsize|p2|4\n|start\n|switch|p1a: Floette|Floette-Eternal, L50, F|100/100\n|switch|p1b: Rotom|Rotom-Wash, L50|100/100\n|switch|p2a: Farigiraf|Farigiraf, L50, M|100/100\n|switch|p2b: Scovillain|Scovillain, L50, M|100/100\n|turn|1\n|\n|t:|1776718924\n|detailschange|p1a: Floette|Floette-Mega, L50, F\n|-mega|p1a: Floette|Floette|Floettite\n|-ability|p1a: Floette|Fairy Aura\n|move|p1b: Rotom|Electroweb|p2a: Farigiraf|[spread] p2a,p2b\n|-resisted|p2b: Scovillain|1\n|-damage|p2a: Farigiraf|84/100\n|-damage|p2b: Scovillain|89/100\n|-unboost|p2a: Farigiraf|spe|1\n|-unboost|p2b: Scovillain|spe|1\n|move|p1a: Floette|Light of Ruin|p2a: Farigiraf\n|-damage|p2a: Farigiraf|0 fnt\n|faint|p2a: Farigiraf\n|-damage|p1a: Floette|40/100|[from] Recoil\n|move|p2b: Scovillain|Leech Seed|p1a: Floette\n|-start|p1a: Floette|move: Leech Seed\n|\n|-damage|p1a: Floette|28/100|[from] Leech Seed|[of] p2b: Scovillain\n|-heal|p2b: Scovillain|99/100|[silent]\n|upkeep\n|\n|t:|1776718951\n|switch|p2a: Conkeldurr|Conkeldurr, L50, F|100/100\n|turn|2\n|\n|t:|1776718975\n|switch|p1b: Kangaskhan|Kangaskhan, L50, F|100/100\n|switch|p1a: Garchomp|Garchomp, L50, M|100/100\n|detailschange|p2b: Scovillain|Scovillain-Mega, L50, M\n|-mega|p2b: Scovillain|Scovillain|Scovillainite\n|move|p2a: Conkeldurr|Detect|p2a: Conkeldurr\n|-singleturn|p2a: Conkeldurr|Protect\n|move|p2b: Scovillain|Fire Spin|p1b: Kangaskhan|[miss]\n|-miss|p2b: Scovillain|p1b: Kangaskhan\n|\n|upkeep\n|turn|3\n|\n|t:|1776718994\n|move|p1b: Kangaskhan|Fake Out|p2b: Scovillain\n|-damage|p2b: Scovillain|81/100\n|-status|p1b: Kangaskhan|brn|[from] ability: Spicy Spray|[of] p2b: Scovillain\n|move|p1a: Garchomp|Earthquake|p2b: Scovillain|[spread] p1b,p2a,p2b\n|-damage|p1b: Kangaskhan|55/100 brn\n|-damage|p2a: Conkeldurr|64/100\n|-damage|p2b: Scovillain|46/100\n|-status|p1a: Garchomp|brn|[from] ability: Spicy Spray|[of] p2b: Scovillain\n|cant|p2b: Scovillain|flinch\n|move|p2a: Conkeldurr|Earthquake|p1b: Kangaskhan|[spread] p2b,p1a,p1b\n|-damage|p2b: Scovillain|21/100\n|-damage|p1a: Garchomp|74/100 brn\n|-damage|p1b: Kangaskhan|22/100 brn\n|-status|p2a: Conkeldurr|brn|[from] ability: Spicy Spray|[of] p2b: Scovillain\n|\n|-damage|p1a: Garchomp|68/100 brn|[from] brn\n|-damage|p1b: Kangaskhan|16/100 brn|[from] brn\n|-damage|p2a: Conkeldurr|58/100 brn|[from] brn\n|upkeep\n|turn|4\n|\n|t:|1776719013\n|switch|p2b: Golurk|Golurk, L50|100/100\n|move|p1a: Garchomp|Earthquake|p2a: Conkeldurr|[spread] p1b,p2a,p2b\n|-damage|p1b: Kangaskhan|0 fnt\n|-damage|p2a: Conkeldurr|43/100 brn\n|-damage|p2b: Golurk|81/100\n|-enditem|p2a: Conkeldurr|Sitrus Berry|[eat]\n|-heal|p2a: Conkeldurr|67/100 brn|[from] item: Sitrus Berry\n|faint|p1b: Kangaskhan\n|move|p2a: Conkeldurr|Drain Punch|p1a: Garchomp\n|-damage|p1a: Garchomp|14/100 brn\n|-heal|p2a: Conkeldurr|94/100 brn|[from] drain|[of] p1a: Garchomp\n|-damage|p2a: Conkeldurr|81/100 brn|[from] ability: Rough Skin|[of] p1a: Garchomp\n|\n|-damage|p1a: Garchomp|8/100 brn|[from] brn\n|-damage|p2a: Conkeldurr|75/100 brn|[from] brn\n|upkeep\n|\n|t:|1776719018\n|switch|p1b: Floette|Floette-Mega, L50, F|28/100\n|-ability|p1b: Floette|Fairy Aura\n|turn|5\n|\n|t:|1776719031\n|move|p1b: Floette|Protect|p1b: Floette\n|-singleturn|p1b: Floette|Protect\n|move|p2a: Conkeldurr|Detect|p2a: Conkeldurr\n|-singleturn|p2a: Conkeldurr|Protect\n|move|p1a: Garchomp|Earthquake|p2b: Golurk|[spread] p2b\n|-activate|p1b: Floette|move: Protect\n|-activate|p2a: Conkeldurr|move: Protect\n|-damage|p2b: Golurk|60/100\n|move|p2b: Golurk|Headlong Rush|p1b: Floette\n|-activate|p1b: Floette|move: Protect\n|\n|-damage|p1a: Garchomp|2/100 brn|[from] brn\n|-damage|p2a: Conkeldurr|69/100 brn|[from] brn\n|upkeep\n|turn|6\n|\n|t:|1776719049\n|switch|p1b: Rotom|Rotom-Wash, L50|100/100\n|move|p2a: Conkeldurr|Mach Punch|p1b: Rotom\n|-damage|p1b: Rotom|58/100\n|move|p1a: Garchomp|Earthquake|p2b: Golurk|[spread] p2a,p2b\n|-immune|p1b: Rotom|[from] ability: Levitate\n|-damage|p2a: Conkeldurr|54/100 brn\n|-damage|p2b: Golurk|40/100\n|move|p2b: Golurk|Knock Off|p1b: Rotom\n|-damage|p1b: Rotom|12/100\n|-enditem|p1b: Rotom|Choice Scarf|[from] move: Knock Off|[of] p2b: Golurk\n|\n|-damage|p1a: Garchomp|0 fnt|[from] brn\n|faint|p1a: Garchomp\n|-damage|p2a: Conkeldurr|48/100 brn|[from] brn\n|upkeep\n|\n|t:|1776719059\n|switch|p1a: Floette|Floette-Mega, L50, F|28/100\n|-ability|p1a: Floette|Fairy Aura\n|turn|7\n|\n|t:|1776719072\n|switch|p2b: Scovillain|Scovillain-Mega, L50, M|21/100\n|move|p2a: Conkeldurr|Detect|p2a: Conkeldurr\n|-singleturn|p2a: Conkeldurr|Protect\n|move|p1a: Floette|Dazzling Gleam|p2a: Conkeldurr|[spread] p2b\n|-activate|p2a: Conkeldurr|move: Protect\n|-resisted|p2b: Scovillain|1\n|-damage|p2b: Scovillain|0 fnt\n|-status|p1a: Floette|brn|[from] ability: Spicy Spray|[of] p2b: Scovillain\n|faint|p2b: Scovillain\n|move|p1b: Rotom|Hydro Pump|p2a: Conkeldurr\n|-activate|p2a: Conkeldurr|move: Protect\n|\n|-damage|p1a: Floette|22/100 brn|[from] brn\n|-damage|p2a: Conkeldurr|42/100 brn|[from] brn\n|upkeep\n|\n|t:|1776719086\n|switch|p2b: Golurk|Golurk, L50|40/100\n|turn|8\n|\n|t:|1776719105\n|move|p2a: Conkeldurr|Mach Punch|p1b: Rotom\n|-damage|p1b: Rotom|0 fnt\n|faint|p1b: Rotom\n|move|p1a: Floette|Dazzling Gleam|p2b: Golurk|[spread] p2a,p2b\n|-supereffective|p2a: Conkeldurr|1\n|-damage|p2a: Conkeldurr|0 fnt\n|-damage|p2b: Golurk|0 fnt\n|faint|p2a: Conkeldurr\n|faint|p2b: Golurk\n|\n|win|froakieguy08\n|raw|froakieguy08's rating: 1220 &rarr; <strong>1243</strong><br />(+23 for winning)\n|raw|DragonairJordan23's rating: 1190 &rarr; <strong>1167</strong><br />(-23 for losing)\n",
  "uploadtime": 1776719105,
  "views": 5,
  "formatid": "gen9championsvgc2026regma",
  "rating": 1167,
  "private": 0,
  "password": null
}