{
  "id": "gen9championsvgc2026regma-2585253548",
  "format": "[Gen 9 Champions] VGC 2026 Reg M-A",
  "players": [
    "miklzlax",
    "spyninjahellfire"
  ],
  "log": "|j|\u2606miklzlax\n|j|\u2606spyninjahellfire\n|t:|1776330334\n|gametype|doubles\n|player|p1|miklzlax|blackbelt-gen4dp|1208\n|player|p2|spyninjahellfire|brycenman|1158\n|gen|9\n|tier|[Gen 9 Champions] VGC 2026 Reg M-A\n|rated|\n|rule|Species Clause: Limit one of each Pok\u00e9mon\n|rule|Item Clause: Limit 1 of each item\n|clearpoke\n|poke|p1|Dragonite, L50, F|\n|poke|p1|Starmie, L50|\n|poke|p1|Meganium, L50, M|\n|poke|p1|Basculegion, L50, M|\n|poke|p1|Archaludon, L50, F|\n|poke|p1|Pelipper, L50, M|\n|poke|p2|Gengar, L50, F|\n|poke|p2|Incineroar, L50, M|\n|poke|p2|Sinistcha, L50|\n|poke|p2|Tyranitar, L50, M|\n|poke|p2|Kommo-o, L50, M|\n|poke|p2|Kingambit, L50, F|\n|teampreview|4\n|\n|t:|1776330377\n|teamsize|p1|4\n|teamsize|p2|4\n|start\n|switch|p1a: Basculegion|Basculegion, L50, M|100/100\n|switch|p1b: Pelipper|Pelipper, L50, M|100/100\n|switch|p2a: Gengar|Gengar, L50, F|100/100\n|switch|p2b: Sinistcha|Sinistcha, L50|100/100\n|-weather|RainDance|[from] ability: Drizzle|[of] p1b: Pelipper\n|turn|1\n|\n|t:|1776330396\n|detailschange|p2a: Gengar|Gengar-Mega, L50, F\n|-mega|p2a: Gengar|Gengar|Gengarite\n|move|p2a: Gengar|Protect|p2a: Gengar\n|-singleturn|p2a: Gengar|Protect\n|move|p1a: Basculegion|Last Respects|p2a: Gengar\n|-activate|p2a: Gengar|move: Protect\n|move|p1b: Pelipper|Tailwind|p1b: Pelipper\n|-sidestart|p1: miklzlax|move: Tailwind\n|move|p2b: Sinistcha|Trick Room|p2b: Sinistcha\n|-fieldstart|move: Trick Room|[of] p2b: Sinistcha\n|\n|-weather|RainDance|[upkeep]\n|upkeep\n|turn|2\n|\n|t:|1776330429\n|move|p2b: Sinistcha|Matcha Gotcha|p1b: Pelipper|[spread] p1a,p1b\n|-supereffective|p1a: Basculegion|1\n|-damage|p1a: Basculegion|47/100\n|-damage|p1b: Pelipper|65/100\n|move|p1b: Pelipper|Hurricane|p2a: Gengar\n|-damage|p2a: Gengar|42/100\n|move|p2a: Gengar|Shadow Ball|p1a: Basculegion\n|-supereffective|p1a: Basculegion|1\n|-damage|p1a: Basculegion|0 fnt\n|faint|p1a: Basculegion\n|\n|-weather|RainDance|[upkeep]\n|upkeep\n|\n|t:|1776330446\n|switch|p1a: Archaludon|Archaludon, L50, F|100/100\n|turn|3\n|\n|t:|1776330459\n|switch|p2a: Tyranitar|Tyranitar, L50, M|100/100\n|-weather|Sandstorm|[from] ability: Sand Stream|[of] p2a: Tyranitar\n|move|p2b: Sinistcha|Rage Powder|p2b: Sinistcha\n|-singleturn|p2b: Sinistcha|move: Rage Powder\n|move|p1b: Pelipper|Hurricane|p2b: Sinistcha\n|-supereffective|p2b: Sinistcha|1\n|-damage|p2b: Sinistcha|15/100\n|-enditem|p2b: Sinistcha|Sitrus Berry|[eat]\n|-heal|p2b: Sinistcha|39/100|[from] item: Sitrus Berry\n|move|p1a: Archaludon|Electro Shot||[still]\n|-prepare|p1a: Archaludon|Electro Shot\n|-boost|p1a: Archaludon|spa|1\n|\n|-weather|Sandstorm|[upkeep]\n|-damage|p2b: Sinistcha|33/100|[from] Sandstorm\n|-damage|p1b: Pelipper|59/100|[from] Sandstorm\n|upkeep\n|turn|4\n|\n|t:|1776330486\n|move|p2b: Sinistcha|Rage Powder|p2b: Sinistcha\n|-singleturn|p2b: Sinistcha|move: Rage Powder\n|move|p1b: Pelipper|Hurricane|p2b: Sinistcha\n|-supereffective|p2b: Sinistcha|1\n|-damage|p2b: Sinistcha|0 fnt\n|faint|p2b: Sinistcha\n|move|p2a: Tyranitar|Rock Slide|p1b: Pelipper|[spread] p1a,p1b\n|-resisted|p1a: Archaludon|1\n|-supereffective|p1b: Pelipper|1\n|-damage|p1a: Archaludon|89/100\n|-damage|p1b: Pelipper|0 fnt\n|-ability|p1a: Archaludon|Stamina|boost\n|-boost|p1a: Archaludon|def|1\n|faint|p1b: Pelipper\n|cant|p1a: Archaludon|flinch\n|\n|-weather|Sandstorm|[upkeep]\n|-sideend|p1: miklzlax|move: Tailwind\n|upkeep\n|\n|t:|1776330503\n|switch|p1b: Starmie|Starmie, L50|100/100\n|switch|p2b: Incineroar|Incineroar, L50, M|100/100\n|-ability|p2b: Incineroar|Intimidate|boost\n|-unboost|p1a: Archaludon|atk|1\n|-unboost|p1b: Starmie|atk|1\n|turn|5\n|\n|t:|1776330520\n|detailschange|p1b: Starmie|Starmie-Mega, L50\n|-mega|p1b: Starmie|Starmie|Starminite\n|move|p1a: Archaludon|Protect|p1a: Archaludon\n|-singleturn|p1a: Archaludon|Protect\n|move|p1b: Starmie|Protect|p1b: Starmie\n|-singleturn|p1b: Starmie|Protect\n|move|p2b: Incineroar|Parting Shot|p1a: Archaludon\n|-activate|p1a: Archaludon|move: Protect\n|move|p2a: Tyranitar|Rock Slide|p1a: Archaludon|[spread] \n|-activate|p1a: Archaludon|move: Protect\n|-activate|p1b: Starmie|move: Protect\n|\n|-weather|Sandstorm|[upkeep]\n|-damage|p2b: Incineroar|95/100|[from] Sandstorm\n|-damage|p1b: Starmie|95/100|[from] Sandstorm\n|-fieldend|move: Trick Room\n|upkeep\n|turn|6\n|\n|t:|1776330557\n|move|p2a: Tyranitar|Rock Slide|p1a: Archaludon|[spread] p1a,p1b\n|-resisted|p1a: Archaludon|1\n|-damage|p1a: Archaludon|80/100\n|-damage|p1b: Starmie|57/100\n|-ability|p1a: Archaludon|Stamina|boost\n|-boost|p1a: Archaludon|def|1\n|move|p1b: Starmie|Liquidation|p2a: Tyranitar\n|-supereffective|p2a: Tyranitar|1\n|-damage|p2a: Tyranitar|1/100\n|cant|p1a: Archaludon|flinch\n|move|p2b: Incineroar|Parting Shot|p1b: Starmie\n|-unboost|p1b: Starmie|atk|1\n|-unboost|p1b: Starmie|spa|1\n|l|\u2606spyninjahellfire\n|player|p2|\n|inactive|Battle timer is ON: inactive players will automatically lose when time's up. (requested by miklzlax)\n|inactive|spyninjahellfire has 30 seconds to reconnect!\n|inactive|spyninjahellfire has 20 seconds to reconnect!\n|inactive|spyninjahellfire has 15 seconds to reconnect!\n|j|\u2606spyninjahellfire\n|inactive|spyninjahellfire reconnected and has 45 seconds left.\n|player|p2|spyninjahellfire|brycenman|\n|inactive|spyninjahellfire has 30 seconds left.\n|\n|t:|1776330681\n|switch|p2b: Gengar|Gengar-Mega, L50, F|42/100|[from] Parting Shot\n|\n|-weather|Sandstorm|[upkeep]\n|-damage|p2b: Gengar|36/100|[from] Sandstorm\n|-damage|p1b: Starmie|52/100|[from] Sandstorm\n|upkeep\n|turn|7\n|\n|t:|1776330704\n|move|p2b: Gengar|Perish Song|p2b: Gengar\n|-start|p1a: Archaludon|perish3|[silent]\n|-start|p1b: Starmie|perish3|[silent]\n|-start|p2a: Tyranitar|perish3|[silent]\n|-start|p2b: Gengar|perish3|[silent]\n|-fieldactivate|move: Perish Song\n|move|p2a: Tyranitar|Rock Slide|p1a: Archaludon|[spread] p1a,p1b\n|-resisted|p1a: Archaludon|1\n|-damage|p1a: Archaludon|72/100\n|-damage|p1b: Starmie|16/100\n|-ability|p1a: Archaludon|Stamina|boost\n|-boost|p1a: Archaludon|def|1\n|cant|p1b: Starmie|flinch\n|move|p1a: Archaludon|Dragon Pulse|p2b: Gengar\n|-damage|p2b: Gengar|0 fnt\n|faint|p2b: Gengar\n|\n|-weather|none\n|-start|p2a: Tyranitar|perish3\n|-start|p1b: Starmie|perish3\n|-start|p1a: Archaludon|perish3\n|upkeep\n|\n|t:|1776330717\n|switch|p2b: Incineroar|Incineroar, L50, M|95/100\n|-ability|p2b: Incineroar|Intimidate|boost\n|-unboost|p1a: Archaludon|atk|1\n|-unboost|p1b: Starmie|atk|1\n|turn|8\n|\n|t:|1776330737\n|move|p1b: Starmie|Protect|p1b: Starmie\n|-singleturn|p1b: Starmie|Protect\n|move|p2b: Incineroar|Fake Out|p1b: Starmie\n|-activate|p1b: Starmie|move: Protect\n|move|p2a: Tyranitar|Rock Slide|p1b: Starmie|[spread] p1a\n|-activate|p1b: Starmie|move: Protect\n|-resisted|p1a: Archaludon|1\n|-damage|p1a: Archaludon|67/100\n|-ability|p1a: Archaludon|Stamina|boost\n|-boost|p1a: Archaludon|def|1\n|cant|p1a: Archaludon|flinch\n|\n|-start|p2a: Tyranitar|perish2\n|-start|p1b: Starmie|perish2\n|-start|p1a: Archaludon|perish2\n|upkeep\n|turn|9\n|inactive|miklzlax has 30 seconds left.\n|inactive|miklzlax has 20 seconds left.\n|\n|t:|1776330772\n|move|p2b: Incineroar|Protect|p2b: Incineroar\n|-singleturn|p2b: Incineroar|Protect\n|move|p2a: Tyranitar|Rock Slide|p1a: Archaludon|[spread] p1a,p1b\n|-resisted|p1a: Archaludon|1\n|-damage|p1a: Archaludon|63/100\n|-damage|p1b: Starmie|0 fnt\n|-ability|p1a: Archaludon|Stamina|boost\n|-boost|p1a: Archaludon|def|1\n|faint|p1b: Starmie\n|move|p1a: Archaludon|Flash Cannon|p2a: Tyranitar\n|-supereffective|p2a: Tyranitar|1\n|-damage|p2a: Tyranitar|0 fnt\n|faint|p2a: Tyranitar\n|\n|-start|p1a: Archaludon|perish1\n|upkeep\n|turn|10\n|\n|t:|1776330794\n|move|p1a: Archaludon|Dragon Pulse|p2b: Incineroar\n|-damage|p2b: Incineroar|48/100\n|move|p2b: Incineroar|Parting Shot|p1a: Archaludon\n|-unboost|p1a: Archaludon|atk|1\n|-unboost|p1a: Archaludon|spa|1\n|\n|-start|p1a: Archaludon|perish0\n|upkeep\n|faint|p1a: Archaludon\n|\n|win|spyninjahellfire\n|raw|miklzlax's rating: 1208 &rarr; <strong>1179</strong><br />(-29 for losing)\n|raw|spyninjahellfire's rating: 1158 &rarr; <strong>1187</strong><br />(+29 for winning)\n",
  "uploadtime": 1776330804,
  "views": 29,
  "formatid": "gen9championsvgc2026regma",
  "rating": 1179,
  "private": 0,
  "password": null
}