{
  "id": "gen9championsvgc2026regma-2584803219",
  "format": "[Gen 9 Champions] VGC 2026 Reg M-A",
  "players": [
    "ziosteven",
    "KilamanolaVGC"
  ],
  "log": "|j|\u2606ziosteven\n|j|\u203dKilamanolaVGC\n|t:|1776284811\n|gametype|doubles\n|player|p1|ziosteven|102|1376\n|player|p2|KilamanolaVGC|benga|1342\n|gen|9\n|tier|[Gen 9 Champions] VGC 2026 Reg M-A\n|rated|\n|rule|Species Clause: Limit one of each Pok\u00e9mon\n|rule|Item Clause: Limit 1 of each item\n|clearpoke\n|poke|p1|Meganium, L50, M|\n|poke|p1|Sinistcha-Masterpiece, L50|\n|poke|p1|Pelipper, L50, F|\n|poke|p1|Kingambit, L50, F|\n|poke|p1|Basculegion, L50, M|\n|poke|p1|Sneasler, L50, M|\n|poke|p2|Floette-Eternal, L50, F|\n|poke|p2|Garchomp, L50, M|\n|poke|p2|Aerodactyl, L50, M|\n|poke|p2|Kingambit, L50, F|\n|poke|p2|Charizard, L50, M|\n|poke|p2|Sneasler, L50, M|\n|teampreview|4\n|inactive|Battle timer is ON: inactive players will automatically lose when time's up. (requested by ziosteven)\n|inactive|KilamanolaVGC also wants the timer to be on.\n|\n|t:|1776284833\n|teamsize|p1|4\n|teamsize|p2|4\n|start\n|switch|p1a: Sneasler|Sneasler, L50, M|100/100\n|switch|p1b: Basculegion|Basculegion, L50, M|100/100\n|switch|p2a: Aerodactyl|Aerodactyl, L50, M|100/100\n|switch|p2b: Sneasler|Sneasler, L50, M, shiny|100/100\n|-ability|p2a: Aerodactyl|Unnerve\n|turn|1\n|inactive|ziosteven has 30 seconds left.\n|\n|t:|1776284859\n|move|p1a: Sneasler|Fake Out|p2b: Sneasler\n|-damage|p2b: Sneasler|76/100\n|cant|p2b: Sneasler|flinch\n|move|p2a: Aerodactyl|Tailwind|p2a: Aerodactyl\n|-sidestart|p2: KilamanolaVGC|move: Tailwind\n|move|p1b: Basculegion|Wave Crash|p2a: Aerodactyl\n|-supereffective|p2a: Aerodactyl|1\n|-enditem|p2a: Aerodactyl|Focus Sash\n|-damage|p2a: Aerodactyl|1/100\n|-damage|p1b: Basculegion|75/100|[from] Recoil\n|\n|upkeep\n|turn|2\n|inactive|KilamanolaVGC has 30 seconds left.\n|\n|t:|1776284888\n|switch|p2a: Garchomp|Garchomp, L50, M, shiny|100/100\n|move|p2b: Sneasler|Close Combat|p1a: Sneasler\n|-resisted|p1a: Sneasler|1\n|-damage|p1a: Sneasler|46/100\n|-unboost|p2b: Sneasler|def|1\n|-unboost|p2b: Sneasler|spd|1\n|-enditem|p2b: Sneasler|White Herb\n|-clearnegativeboost|p2b: Sneasler|[silent]\n|move|p1b: Basculegion|Wave Crash|p2b: Sneasler\n|-damage|p2b: Sneasler|0 fnt\n|faint|p2b: Sneasler\n|-damage|p1b: Basculegion|55/100|[from] Recoil\n|move|p1a: Sneasler|Coaching|p1b: Basculegion\n|-boost|p1b: Basculegion|atk|1\n|-boost|p1b: Basculegion|def|1\n|\n|upkeep\n|\n|t:|1776284898\n|switch|p2b: Charizard|Charizard, L50, M, shiny|100/100\n|turn|3\n|\n|t:|1776284916\n|move|p2a: Garchomp|Earthquake|p1b: Basculegion|[spread] p1a,p1b\n|-immune|p2b: Charizard\n|-supereffective|p1a: Sneasler|1\n|-crit|p1b: Basculegion\n|-damage|p1a: Sneasler|0 fnt\n|-damage|p1b: Basculegion|0 fnt\n|faint|p1a: Sneasler\n|faint|p1b: Basculegion\n|move|p2b: Charizard|Heat Wave|p1: Sneasler|[notarget]\n|-fail|p2b: Charizard\n|\n|upkeep\n|\n|t:|1776284923\n|switch|p1a: Kingambit|Kingambit, L50, F, shiny|100/100\n|switch|p1b: Pelipper|Pelipper, L50, F|100/100\n|-weather|RainDance|[from] ability: Drizzle|[of] p1b: Pelipper\n|turn|4\n|\n|t:|1776284930\n|detailschange|p2b: Charizard|Charizard-Mega-Y, L50, M, shiny\n|-mega|p2b: Charizard|Charizard|Charizardite Y\n|-weather|SunnyDay|[from] ability: Drought|[of] p2b: Charizard\n|move|p1b: Pelipper|Wide Guard|p1b: Pelipper\n|-singleturn|p1b: Pelipper|Wide Guard\n|move|p2a: Garchomp|Dragon Claw|p1b: Pelipper\n|-damage|p1b: Pelipper|53/100\n|move|p2b: Charizard|Weather Ball|p1a: Kingambit\n|-supereffective|p1a: Kingambit|1\n|-damage|p1a: Kingambit|0 fnt\n|faint|p1a: Kingambit\n|\n|-weather|SunnyDay|[upkeep]\n|-sideend|p2: KilamanolaVGC|move: Tailwind\n|upkeep\n|turn|5\n|\n|t:|1776284945\n|move|p2a: Garchomp|Dragon Claw|p1b: Pelipper\n|-damage|p1b: Pelipper|7/100\n|move|p2b: Charizard|Weather Ball|p1b: Pelipper\n|-resisted|p1b: Pelipper|1\n|-damage|p1b: Pelipper|0 fnt\n|faint|p1b: Pelipper\n|\n|win|KilamanolaVGC\n|raw|ziosteven's rating: 1376 &rarr; <strong>1354</strong><br />(-22 for losing)\n|raw|KilamanolaVGC's rating: 1342 &rarr; <strong>1364</strong><br />(+22 for winning)\n|l|\u2606ziosteven\n|player|p1|\n",
  "uploadtime": 1776284959,
  "views": 57,
  "formatid": "gen9championsvgc2026regma",
  "rating": 1354,
  "private": 0,
  "password": null
}