{
  "id": "gen9championsvgc2026regma-2586246548",
  "format": "[Gen 9 Champions] VGC 2026 Reg M-A",
  "players": [
    "Amarjit",
    "Esio00"
  ],
  "log": "|j|\u2606Amarjit\n|j|\u2606Esio00\n|t:|1776416931\n|gametype|doubles\n|player|p1|Amarjit|266|1188\n|player|p2|Esio00|winona|1110\n|gen|9\n|tier|[Gen 9 Champions] VGC 2026 Reg M-A\n|rated|\n|rule|Species Clause: Limit one of each Pok\u00e9mon\n|rule|Item Clause: Limit 1 of each item\n|clearpoke\n|poke|p1|Archaludon, L50, M|\n|poke|p1|Scovillain, L50, M|\n|poke|p1|Sinistcha-Masterpiece, L50|\n|poke|p1|Incineroar, L50, F|\n|poke|p1|Kangaskhan, L50, F|\n|poke|p1|Basculegion, L50, M|\n|poke|p2|Drampa, L50, M|\n|poke|p2|Sableye, L50, M|\n|poke|p2|Farigiraf, L50, M|\n|poke|p2|Sinistcha, L50|\n|poke|p2|Incineroar, L50, F|\n|poke|p2|Basculegion, L50, M|\n|teampreview|4\n|\n|t:|1776416956\n|teamsize|p1|4\n|teamsize|p2|4\n|start\n|switch|p1a: Incineroar|Incineroar, L50, F|100/100\n|switch|p1b: Scovillain|Scovillain, L50, M|100/100\n|switch|p2a: Basculegion|Basculegion, L50, M|100/100\n|switch|p2b: Farigiraf|Farigiraf, L50, M|100/100\n|-ability|p1a: Incineroar|Intimidate|boost\n|-unboost|p2a: Basculegion|atk|1\n|-unboost|p2b: Farigiraf|atk|1\n|turn|1\n|\n|t:|1776416977\n|switch|p2a: Drampa|Drampa, L50, M|100/100\n|-ability|p2a: Drampa|Cloud Nine\n|detailschange|p1b: Scovillain|Scovillain-Mega, L50, M\n|-mega|p1b: Scovillain|Scovillain|Scovillainite\n|move|p1b: Scovillain|Giga Drain|p2a: Drampa\n|-resisted|p2a: Drampa|1\n|-damage|p2a: Drampa|82/100\n|move|p1a: Incineroar|Throat Chop|p2a: Drampa\n|-damage|p2a: Drampa|39/100\n|-start|p2a: Drampa|Throat Chop|[silent]\n|move|p2b: Farigiraf|Trick Room|p2b: Farigiraf\n|-fieldstart|move: Trick Room|[of] p2b: Farigiraf\n|\n|upkeep\n|turn|2\n|\n|t:|1776417004\n|detailschange|p2a: Drampa|Drampa-Mega, L50, M\n|-mega|p2a: Drampa|Drampa|Drampanite\n|move|p2b: Farigiraf|Ally Switch|p2b: Farigiraf\n|swap|p2b: Farigiraf|0|[from] move: Ally Switch\n|move|p2b: Drampa|Calm Mind|p2b: Drampa\n|-boost|p2b: Drampa|spa|1\n|-boost|p2b: Drampa|spd|1\n|move|p1a: Incineroar|Flare Blitz|p2a: Farigiraf\n|-damage|p2a: Farigiraf|60/100\n|-damage|p1a: Incineroar|85/100|[from] Recoil\n|move|p1b: Scovillain|Will-O-Wisp|p2b: Drampa\n|-status|p2b: Drampa|brn\n|\n|-damage|p2b: Drampa|33/100 brn|[from] brn\n|-end|p2b: Drampa|Throat Chop|[silent]\n|upkeep\n|turn|3\n|\n|t:|1776417028\n|switch|p1b: Archaludon|Archaludon, L50, M|100/100\n|move|p2a: Farigiraf|Helping Hand|p2b: Drampa\n|-singleturn|p2b: Drampa|Helping Hand|[of] p2a: Farigiraf\n|move|p2b: Drampa|Hyper Voice|p1b: Archaludon|[spread] p1a,p1b\n|-resisted|p1b: Archaludon|1\n|-damage|p1a: Incineroar|0 fnt\n|-damage|p1b: Archaludon|55/100\n|-ability|p1b: Archaludon|Stamina|boost\n|-boost|p1b: Archaludon|def|1\n|faint|p1a: Incineroar\n|\n|-damage|p2b: Drampa|27/100 brn|[from] brn\n|upkeep\n|\n|t:|1776417048\n|switch|p1a: Scovillain|Scovillain-Mega, L50, M|100/100\n|turn|4\n|\n|t:|1776417061\n|move|p2a: Farigiraf|Ally Switch|p2a: Farigiraf\n|swap|p2a: Farigiraf|1|[from] move: Ally Switch\n|move|p2a: Drampa|Earth Power|p1b: Archaludon\n|-supereffective|p1b: Archaludon|1\n|-crit|p1b: Archaludon\n|-damage|p1b: Archaludon|0 fnt\n|faint|p1b: Archaludon\n|move|p1a: Scovillain|Giga Drain|p2b: Farigiraf\n|-damage|p2b: Farigiraf|26/100\n|-enditem|p2b: Farigiraf|Sitrus Berry|[eat]\n|-heal|p2b: Farigiraf|51/100|[from] item: Sitrus Berry\n|\n|-damage|p2a: Drampa|21/100 brn|[from] brn\n|upkeep\n|\n|t:|1776417074\n|switch|p1b: Basculegion|Basculegion, L50, M|100/100\n|turn|5\n|\n|t:|1776417102\n|switch|p2b: Sinistcha|Sinistcha, L50|100/100\n|-heal|p2a: Drampa|46/100 brn|[from] ability: Hospitality|[of] p2b: Sinistcha\n|move|p2a: Drampa|Protect|p2a: Drampa\n|-singleturn|p2a: Drampa|Protect\n|move|p1a: Scovillain|Giga Drain|p2b: Sinistcha\n|-resisted|p2b: Sinistcha|1\n|-damage|p2b: Sinistcha|80/100\n|move|p1b: Basculegion|Wave Crash|p2b: Sinistcha\n|-resisted|p2b: Sinistcha|1\n|-damage|p2b: Sinistcha|52/100\n|-damage|p1b: Basculegion|92/100|[from] Recoil\n|\n|-heal|p2b: Sinistcha|58/100|[from] item: Leftovers\n|-damage|p2a: Drampa|40/100 brn|[from] brn\n|-fieldend|move: Trick Room\n|upkeep\n|turn|6\n|\n|t:|1776417124\n|move|p2b: Sinistcha|Rage Powder|p2b: Sinistcha\n|-singleturn|p2b: Sinistcha|move: Rage Powder\n|move|p1b: Basculegion|Wave Crash|p2b: Sinistcha\n|-resisted|p2b: Sinistcha|1\n|-damage|p2b: Sinistcha|30/100\n|-damage|p1b: Basculegion|84/100|[from] Recoil\n|move|p1a: Scovillain|Overheat|p2b: Sinistcha\n|-supereffective|p2b: Sinistcha|1\n|-damage|p2b: Sinistcha|0 fnt\n|-unboost|p1a: Scovillain|spa|2\n|faint|p2b: Sinistcha\n|move|p2a: Drampa|Earth Power|p1a: Scovillain\n|-damage|p1a: Scovillain|36/100\n|\n|-damage|p2a: Drampa|34/100 brn|[from] brn\n|upkeep\n|\n|t:|1776417140\n|switch|p2b: Basculegion|Basculegion, L50, M|100/100\n|turn|7\n|\n|t:|1776417151\n|move|p1a: Scovillain|Endure|p1a: Scovillain\n|-singleturn|p1a: Scovillain|move: Endure\n|move|p2a: Drampa|Protect|p2a: Drampa\n|-singleturn|p2a: Drampa|Protect\n|move|p1b: Basculegion|Wave Crash|p2a: Drampa\n|-activate|p2a: Drampa|move: Protect\n|move|p2b: Basculegion|Last Respects|p1b: Basculegion\n|-supereffective|p1b: Basculegion|1\n|-damage|p1b: Basculegion|0 fnt\n|faint|p1b: Basculegion\n|\n|-damage|p2a: Drampa|28/100 brn|[from] brn\n|upkeep\n|turn|8\n|\n|t:|1776417169\n|move|p2b: Basculegion|Last Respects|p1a: Scovillain\n|-damage|p1a: Scovillain|0 fnt\n|-status|p2b: Basculegion|brn|[from] ability: Spicy Spray|[of] p1a: Scovillain\n|faint|p1a: Scovillain\n|\n|win|Esio00\n|raw|Amarjit's rating: 1188 &rarr; <strong>1157</strong><br />(-31 for losing)\n|raw|Esio00's rating: 1110 &rarr; <strong>1141</strong><br />(+31 for winning)\n",
  "uploadtime": 1776417171,
  "views": 22,
  "formatid": "gen9championsvgc2026regma",
  "rating": 1141,
  "private": 0,
  "password": null
}