{
  "id": "gen9championsvgc2026regma-2583126554",
  "format": "[Gen 9 Champions] VGC 2026 Reg M-A",
  "players": [
    "uhuhulou",
    "Imagine1422"
  ],
  "log": "|j|\u2606uhuhulou\n|j|\u2606Imagine1422\n|t:|1776145186\n|gametype|doubles\n|player|p1|uhuhulou|266|1325\n|player|p2|Imagine1422|n|1293\n|gen|9\n|tier|[Gen 9 Champions] VGC 2026 Reg M-A\n|rated|\n|rule|Species Clause: Limit one of each Pok\u00e9mon\n|rule|Item Clause: Limit 1 of each item\n|clearpoke\n|poke|p1|Ninetales-Alola, L50, F|\n|poke|p1|Crabominable, L50, M|\n|poke|p1|Incineroar, L50, M|\n|poke|p1|Farigiraf, L50, F|\n|poke|p1|Torkoal, L50, F|\n|poke|p1|Milotic, L50, F|\n|poke|p2|Garchomp, L50, M|\n|poke|p2|Froslass, L50, F|\n|poke|p2|Orthworm, L50, M|\n|poke|p2|Basculegion, L50, M|\n|poke|p2|Incineroar, L50, F|\n|poke|p2|Rotom-Frost, L50|\n|teampreview|4\n|inactive|Battle timer is ON: inactive players will automatically lose when time's up. (requested by Imagine1422)\n|inactive|uhuhulou has 60 seconds left.\n|\n|t:|1776145233\n|teamsize|p1|4\n|teamsize|p2|4\n|start\n|switch|p1a: Milotic|Milotic, L50, F|100/100\n|switch|p1b: Farigiraf|Farigiraf, L50, F|100/100\n|switch|p2a: Garchomp|Garchomp, L50, M|100/100\n|switch|p2b: Incineroar|Incineroar, L50, F|100/100\n|-ability|p2b: Incineroar|Intimidate|boost\n|-unboost|p1a: Milotic|atk|1\n|-ability|p1a: Milotic|Competitive|boost\n|-boost|p1a: Milotic|spa|2\n|-unboost|p1b: Farigiraf|atk|1\n|turn|1\n|\n|t:|1776145256\n|move|p2a: Garchomp|Dragon Claw|p1b: Farigiraf\n|-damage|p1b: Farigiraf|60/100\n|move|p1a: Milotic|Coil|p1a: Milotic\n|-boost|p1a: Milotic|atk|1\n|-boost|p1a: Milotic|def|1\n|-boost|p1a: Milotic|accuracy|1\n|move|p2b: Incineroar|Darkest Lariat|p1b: Farigiraf\n|-supereffective|p1b: Farigiraf|1\n|-damage|p1b: Farigiraf|4/100\n|-enditem|p1b: Farigiraf|Sitrus Berry|[eat]\n|-heal|p1b: Farigiraf|29/100|[from] item: Sitrus Berry\n|move|p1b: Farigiraf|Trick Room|p1b: Farigiraf\n|-fieldstart|move: Trick Room|[of] p1b: Farigiraf\n|\n|upkeep\n|turn|2\n|inactive|uhuhulou has 30 seconds left.\n|inactive|uhuhulou has 20 seconds left.\n|inactive|Imagine1422 has 30 seconds left.\n|\n|t:|1776145300\n|switch|p1b: Incineroar|Incineroar, L50, M|100/100\n|-ability|p1b: Incineroar|Intimidate|boost\n|-unboost|p2a: Garchomp|atk|1\n|-unboost|p2b: Incineroar|atk|1\n|move|p2a: Garchomp|Protect|p2a: Garchomp\n|-singleturn|p2a: Garchomp|Protect\n|move|p2b: Incineroar|Darkest Lariat|p1b: Incineroar\n|-resisted|p1b: Incineroar|1\n|-damage|p1b: Incineroar|92/100\n|move|p1a: Milotic|Hypnosis|p2b: Incineroar\n|-status|p2b: Incineroar|slp|[from] move: Hypnosis\n|\n|upkeep\n|turn|3\n|\n|t:|1776145318\n|switch|p2b: Orthworm|Orthworm, L50, M|100/100\n|move|p1b: Incineroar|Parting Shot|p2a: Garchomp\n|-unboost|p2a: Garchomp|atk|1\n|-unboost|p2a: Garchomp|spa|1\n|\n|t:|1776145324\n|switch|p1b: Crabominable|Crabominable, L50, M|100/100|[from] Parting Shot\n|move|p1a: Milotic|Hypnosis|p2a: Garchomp\n|-status|p2a: Garchomp|slp|[from] move: Hypnosis\n|cant|p2a: Garchomp|slp\n|\n|upkeep\n|turn|4\n|\n|t:|1776145338\n|detailschange|p1b: Crabominable|Crabominable-Mega, L50, M\n|-mega|p1b: Crabominable|Crabominable|Crabominite\n|-curestatus|p2a: Garchomp|slp|[msg]\n|move|p2a: Garchomp|Protect|p2a: Garchomp\n|-singleturn|p2a: Garchomp|Protect\n|move|p1b: Crabominable|Drain Punch|p2b: Orthworm\n|-supereffective|p2b: Orthworm|1\n|-damage|p2b: Orthworm|33/100\n|-enditem|p2b: Orthworm|Sitrus Berry|[eat]\n|-heal|p2b: Orthworm|58/100|[from] item: Sitrus Berry\n|move|p2b: Orthworm|Iron Defense|p2b: Orthworm\n|-boost|p2b: Orthworm|def|2\n|move|p1a: Milotic|Muddy Water|p2b: Orthworm|[spread] p2b\n|-activate|p2a: Garchomp|move: Protect\n|-damage|p2b: Orthworm|0 fnt\n|faint|p2b: Orthworm\n|\n|upkeep\n|\n|t:|1776145354\n|switch|p2b: Incineroar|Incineroar, L50, F|100/100 slp\n|-ability|p2b: Incineroar|Intimidate|boost\n|-unboost|p1a: Milotic|atk|1\n|-ability|p1a: Milotic|Competitive|boost\n|-boost|p1a: Milotic|spa|2\n|-unboost|p1b: Crabominable|atk|1\n|turn|5\n|\n|t:|1776145370\n|cant|p2b: Incineroar|slp\n|move|p1b: Crabominable|Ice Hammer|p2a: Garchomp\n|-supereffective|p2a: Garchomp|2\n|-enditem|p2a: Garchomp|Focus Sash\n|-damage|p2a: Garchomp|1/100\n|-unboost|p1b: Crabominable|spe|1\n|-damage|p1b: Crabominable|88/100|[from] ability: Rough Skin|[of] p2a: Garchomp\n|move|p1a: Milotic|Muddy Water|p2a: Garchomp|[spread] p2a,p2b\n|-supereffective|p2b: Incineroar|1\n|-damage|p2a: Garchomp|0 fnt\n|-damage|p2b: Incineroar|0 fnt\n|faint|p2a: Garchomp\n|faint|p2b: Incineroar\n|\n|-fieldend|move: Trick Room\n|upkeep\n|-message|Imagine1422 forfeited.\n|\n|win|uhuhulou\n|raw|uhuhulou's rating: 1325 &rarr; <strong>1343</strong><br />(+18 for winning)\n|raw|Imagine1422's rating: 1293 &rarr; <strong>1270</strong><br />(-23 for losing)\n|l|\u2606Imagine1422\n|player|p2|\n",
  "uploadtime": 1776145450,
  "views": 41,
  "formatid": "gen9championsvgc2026regma",
  "rating": 1270,
  "private": 0,
  "password": null
}