{
  "id": "gen9championsvgc2026regma-2586317603",
  "format": "[Gen 9 Champions] VGC 2026 Reg M-A",
  "players": [
    "6898w_alt",
    "WojtusG"
  ],
  "log": "|j|\u26066898w_alt\n|j|\u2606WojtusG\n|t:|1776424692\n|gametype|doubles\n|player|p1|6898w_alt|2|1065\n|player|p2|WojtusG|1|1144\n|gen|9\n|tier|[Gen 9 Champions] VGC 2026 Reg M-A\n|rated|\n|rule|Species Clause: Limit one of each Pok\u00e9mon\n|rule|Item Clause: Limit 1 of each item\n|clearpoke\n|poke|p1|Abomasnow, L50, M|\n|poke|p1|Mr. Rime, L50, M|\n|poke|p1|Sinistcha, L50|\n|poke|p1|Kingambit, L50, F|\n|poke|p1|Sneasler, L50, F|\n|poke|p1|Basculegion-F, L50, F|\n|poke|p2|Zoroark-Hisui, L50, M|\n|poke|p2|Meganium, L50, M|\n|poke|p2|Pelipper, L50, M|\n|poke|p2|Archaludon, L50, F|\n|poke|p2|Sneasler, L50, F|\n|poke|p2|Incineroar, L50, M|\n|teampreview|4\n|\n|t:|1776424724\n|teamsize|p1|4\n|teamsize|p2|4\n|start\n|switch|p1a: Kingambit|Kingambit, L50, F|100/100\n|switch|p1b: Mr. Rime|Mr. Rime, L50, M, shiny|100/100\n|switch|p2a: Rain set mon|Pelipper, L50, M|100/100\n|switch|p2b: 1000-THR|Archaludon, L50, F|100/100\n|-weather|RainDance|[from] ability: Drizzle|[of] p2a: Rain set mon\n|turn|1\n|inactive|Battle timer is ON: inactive players will automatically lose when time's up. (requested by 6898w_alt)\n|\n|t:|1776424741\n|move|p1a: Kingambit|Protect|p1a: Kingambit\n|-singleturn|p1a: Kingambit|Protect\n|move|p2b: 1000-THR|Nasty Plot|p2b: 1000-THR\n|-boost|p2b: 1000-THR|spa|2\n|move|p1b: Mr. Rime|Freeze-Dry|p2a: Rain set mon\n|-supereffective|p2a: Rain set mon|2\n|-damage|p2a: Rain set mon|0 fnt\n|faint|p2a: Rain set mon\n|\n|-weather|RainDance|[upkeep]\n|upkeep\n|\n|t:|1776424749\n|switch|p2a: 1000-THR|Archaludon, L50, F|100/100\n|turn|2\n|\n|t:|1776424770\n|move|p2b: 1000-THR|Protect|p2b: 1000-THR\n|-singleturn|p2b: 1000-THR|Protect\n|move|p2a: 1000-THR|Aura Sphere|p1a: Kingambit\n|-supereffective|p1a: Kingambit|2\n|-damage|p1a: Kingambit|2/100\n|move|p1b: Mr. Rime|Freeze-Dry|p2b: 1000-THR\n|-activate|p2b: 1000-THR|move: Protect\n|move|p1a: Kingambit|Kowtow Cleave|p2b: 1000-THR\n|-activate|p2b: 1000-THR|move: Protect\n|\n|-weather|RainDance|[upkeep]\n|upkeep\n|turn|3\n|\n|t:|1776424790\n|move|p1a: Kingambit|Sucker Punch|p2b: 1000-THR\n|-supereffective|p2b: 1000-THR|1\n|-damage|p2b: 1000-THR|0 fnt\n|replace|p2b: Hi!|Zoroark-Hisui, L50, M\n|-end|p2b: Hi!|Illusion\n|faint|p2b: Hi!\n|move|p2a: 1000-THR|Electro Shot||[still]\n|-prepare|p2a: 1000-THR|Electro Shot\n|-boost|p2a: 1000-THR|spa|1\n|-anim|p2a: 1000-THR|Electro Shot|p1b: Mr. Rime\n|-damage|p1b: Mr. Rime|20/100\n|move|p1b: Mr. Rime|Trick Room|p1b: Mr. Rime\n|-fieldstart|move: Trick Room|[of] p1b: Mr. Rime\n|\n|-weather|RainDance|[upkeep]\n|upkeep\n|\n|t:|1776424792\n|switch|p2b: Industry Planned|Incineroar, L50, M|100/100\n|-ability|p2b: Industry Planned|Intimidate|boost\n|-unboost|p1a: Kingambit|atk|1\n|-ability|p1a: Kingambit|Defiant|boost\n|-boost|p1a: Kingambit|atk|2\n|-unboost|p1b: Mr. Rime|atk|1\n|turn|4\n|\n|t:|1776424817\n|move|p1a: Kingambit|Kowtow Cleave|p2a: 1000-THR\n|-damage|p2a: 1000-THR|36/100\n|-ability|p2a: 1000-THR|Stamina|boost\n|-boost|p2a: 1000-THR|def|1\n|move|p2b: Industry Planned|Darkest Lariat|p1b: Mr. Rime\n|-supereffective|p1b: Mr. Rime|1\n|-damage|p1b: Mr. Rime|0 fnt\n|faint|p1b: Mr. Rime\n|move|p2a: 1000-THR|Aura Sphere|p1a: Kingambit\n|-supereffective|p1a: Kingambit|2\n|-damage|p1a: Kingambit|0 fnt\n|faint|p1a: Kingambit\n|\n|-weather|RainDance|[upkeep]\n|-heal|p2a: 1000-THR|42/100|[from] item: Leftovers\n|upkeep\n|\n|t:|1776424832\n|switch|p1a: Abomasnow|Abomasnow, L50, M|100/100\n|switch|p1b: Sinistcha|Sinistcha, L50|100/100\n|-weather|Snowscape|[from] ability: Snow Warning|[of] p1a: Abomasnow\n|turn|5\n|\n|t:|1776424851\n|detailschange|p1a: Abomasnow|Abomasnow-Mega, L50, M\n|-mega|p1a: Abomasnow|Abomasnow|Abomasite\n|move|p2a: 1000-THR|Protect|p2a: 1000-THR\n|-singleturn|p2a: 1000-THR|Protect\n|move|p1b: Sinistcha|Rage Powder|p1b: Sinistcha\n|-singleturn|p1b: Sinistcha|move: Rage Powder\n|move|p1a: Abomasnow|Earth Power|p2a: 1000-THR\n|-activate|p2a: 1000-THR|move: Protect\n|move|p2b: Industry Planned|Flare Blitz|p1b: Sinistcha\n|-supereffective|p1b: Sinistcha|1\n|-damage|p1b: Sinistcha|0 fnt\n|faint|p1b: Sinistcha\n|-damage|p2b: Industry Planned|77/100|[from] Recoil\n|\n|-weather|Snowscape|[upkeep]\n|-heal|p2a: 1000-THR|48/100|[from] item: Leftovers\n|upkeep\n|turn|6\n|\n|t:|1776424868\n|move|p1a: Abomasnow|Earth Power|p2b: Industry Planned\n|-supereffective|p2b: Industry Planned|1\n|-damage|p2b: Industry Planned|24/100\n|move|p2b: Industry Planned|Flare Blitz|p1a: Abomasnow\n|-supereffective|p1a: Abomasnow|2\n|-damage|p1a: Abomasnow|0 fnt\n|faint|p1a: Abomasnow\n|-damage|p2b: Industry Planned|0 fnt|[from] Recoil\n|faint|p2b: Industry Planned\n|\n|win|WojtusG\n|raw|6898w_alt's rating: 1065 &rarr; <strong>1050</strong><br />(-15 for losing)\n|raw|WojtusG's rating: 1144 &rarr; <strong>1163</strong><br />(+19 for winning)\n|l|\u26066898w_alt\n|player|p1|\n",
  "uploadtime": 1776424880,
  "views": 29,
  "formatid": "gen9championsvgc2026regma",
  "rating": 1050,
  "private": 0,
  "password": null
}