{
  "id": "gen9championsvgc2026regma-2584413039",
  "format": "[Gen 9 Champions] VGC 2026 Reg M-A",
  "players": [
    "Mainstreamgirl",
    "JadenJubel"
  ],
  "log": "|j|\u2606Mainstreamgirl\n|j|\u2606JadenJubel\n|t:|1776259078\n|gametype|doubles\n|player|p1|Mainstreamgirl|roxie|1033\n|player|p2|JadenJubel|emmet|1024\n|gen|9\n|tier|[Gen 9 Champions] VGC 2026 Reg M-A\n|rated|\n|rule|Species Clause: Limit one of each Pok\u00e9mon\n|rule|Item Clause: Limit 1 of each item\n|clearpoke\n|poke|p1|Froslass, L50, F|\n|poke|p1|Sylveon, L50, F|\n|poke|p1|Meowscarada, L50, F|\n|poke|p1|Sneasler, L50, F|\n|poke|p1|Noivern, L50, M|\n|poke|p1|Stunfisk-Galar, L50, M|\n|poke|p2|Glimmora, L50, M|\n|poke|p2|Toxapex, L50, F|\n|poke|p2|Sinistcha, L50|\n|poke|p2|Incineroar, L50, M|\n|poke|p2|Garchomp, L50, M|\n|poke|p2|Rotom-Wash, L50|\n|teampreview|4\n|\n|t:|1776259097\n|teamsize|p1|4\n|teamsize|p2|4\n|start\n|switch|p1a: Meowscarada|Meowscarada, L50, F|100/100\n|switch|p1b: BlessYou|Sneasler, L50, F|100/100\n|switch|p2a: Glimmora|Glimmora, L50, M, shiny|100/100\n|switch|p2b: Toxapex|Toxapex, L50, F, shiny|100/100\n|turn|1\n|\n|t:|1776259111\n|detailschange|p2a: Glimmora|Glimmora-Mega, L50, M, shiny\n|-mega|p2a: Glimmora|Glimmora|Glimmoranite\n|move|p2a: Glimmora|Spiky Shield|p2a: Glimmora\n|-singleturn|p2a: Glimmora|move: Protect\n|move|p1b: BlessYou|Fake Out|p2b: Toxapex\n|-damage|p2b: Toxapex|91/100\n|move|p1a: Meowscarada|Brick Break|p2a: Glimmora\n|-start|p1a: Meowscarada|typechange|Fighting|[from] ability: Protean\n|-activate|p2a: Glimmora|move: Protect\n|-damage|p1a: Meowscarada|88/100|[from] Spiky Shield|[of] p2a: Glimmora\n|cant|p2b: Toxapex|flinch\n|\n|-heal|p2b: Toxapex|97/100|[from] item: Leftovers\n|upkeep\n|turn|2\n|inactive|Battle timer is ON: inactive players will automatically lose when time's up. (requested by JadenJubel)\n|\n|t:|1776259132\n|move|p1a: Meowscarada|Brick Break|p2a: Glimmora\n|-damage|p2a: Glimmora|70/100\n|move|p1b: BlessYou|Close Combat|p2a: Glimmora\n|-damage|p2a: Glimmora|17/100\n|-unboost|p1b: BlessYou|def|1\n|-unboost|p1b: BlessYou|spd|1\n|-enditem|p1b: BlessYou|White Herb\n|-clearnegativeboost|p1b: BlessYou|[silent]\n|move|p2a: Glimmora|Earth Power|p1b: BlessYou\n|-supereffective|p1b: BlessYou|1\n|-damage|p1b: BlessYou|0 fnt\n|faint|p1b: BlessYou\n|move|p2b: Toxapex|Poison Jab|p1a: Meowscarada\n|-crit|p1a: Meowscarada\n|-damage|p1a: Meowscarada|37/100\n|\n|-heal|p2b: Toxapex|100/100|[from] item: Leftovers\n|upkeep\n|\n|t:|1776259149\n|switch|p1b: TransRights|Froslass, L50, F|100/100\n|turn|3\n|\n|t:|1776259170\n|detailschange|p1b: TransRights|Froslass-Mega, L50, F\n|-mega|p1b: TransRights|Froslass|Froslassite\n|-weather|Snowscape|[from] ability: Snow Warning|[of] p1b: TransRights\n|move|p2a: Glimmora|Spiky Shield|p2a: Glimmora\n|-singleturn|p2a: Glimmora|move: Protect\n|move|p2b: Toxapex|Baneful Bunker|p2b: Toxapex\n|-singleturn|p2b: Toxapex|move: Protect\n|move|p1a: Meowscarada|Brick Break|p2a: Glimmora\n|-activate|p2a: Glimmora|move: Protect\n|-damage|p1a: Meowscarada|25/100|[from] Spiky Shield|[of] p2a: Glimmora\n|move|p1b: TransRights|Blizzard|p2b: Toxapex|[spread] \n|-activate|p2a: Glimmora|move: Protect\n|-activate|p2b: Toxapex|move: Protect\n|\n|-weather|Snowscape|[upkeep]\n|upkeep\n|turn|4\n|\n|t:|1776259193\n|move|p1a: Meowscarada|Brick Break|p2a: Glimmora\n|-damage|p2a: Glimmora|0 fnt\n|faint|p2a: Glimmora\n|move|p1b: TransRights|Blizzard|p2b: Toxapex\n|-resisted|p2b: Toxapex|1\n|-damage|p2b: Toxapex|76/100\n|move|p2b: Toxapex|Poison Jab|p1a: Meowscarada\n|-damage|p1a: Meowscarada|0 fnt\n|faint|p1a: Meowscarada\n|\n|-weather|Snowscape|[upkeep]\n|-heal|p2b: Toxapex|82/100|[from] item: Leftovers\n|upkeep\n|\n|t:|1776259205\n|switch|p1a: HumanRights|Sylveon, L50, F, shiny|100/100\n|switch|p2a: Incineroar|Incineroar, L50, M|100/100\n|-ability|p2a: Incineroar|Intimidate|boost\n|-unboost|p1a: HumanRights|atk|1\n|-unboost|p1b: TransRights|atk|1\n|turn|5\n|\n|t:|1776259216\n|move|p1b: TransRights|Protect|p1b: TransRights\n|-singleturn|p1b: TransRights|Protect\n|move|p2a: Incineroar|Fake Out|p1b: TransRights\n|-activate|p1b: TransRights|move: Protect\n|move|p1a: HumanRights|Psychic|p2b: Toxapex\n|-supereffective|p2b: Toxapex|1\n|-damage|p2b: Toxapex|39/100\n|move|p2b: Toxapex|Poison Jab|p1a: HumanRights\n|-supereffective|p1a: HumanRights|1\n|-damage|p1a: HumanRights|61/100\n|\n|-weather|Snowscape|[upkeep]\n|-heal|p1a: HumanRights|67/100|[from] item: Leftovers\n|-heal|p2b: Toxapex|44/100|[from] item: Leftovers\n|upkeep\n|turn|6\n|\n|t:|1776259233\n|move|p1b: TransRights|Blizzard|p2b: Toxapex|[spread] p2a,p2b\n|-resisted|p2a: Incineroar|1\n|-resisted|p2b: Toxapex|1\n|-damage|p2a: Incineroar|74/100\n|-damage|p2b: Toxapex|27/100\n|move|p2a: Incineroar|Flare Blitz|p1b: TransRights\n|-supereffective|p1b: TransRights|1\n|-damage|p1b: TransRights|0 fnt\n|faint|p1b: TransRights\n|-damage|p2a: Incineroar|46/100|[from] Recoil\n|move|p1a: HumanRights|Psychic|p2b: Toxapex\n|-supereffective|p2b: Toxapex|1\n|-damage|p2b: Toxapex|0 fnt\n|faint|p2b: Toxapex\n|\n|-weather|Snowscape|[upkeep]\n|-heal|p1a: HumanRights|73/100|[from] item: Leftovers\n|upkeep\n|\n|t:|1776259247\n|switch|p2b: Sinistcha|Sinistcha, L50, shiny|100/100\n|-heal|p2a: Incineroar|71/100|[from] ability: Hospitality|[of] p2b: Sinistcha\n|turn|7\n|\n|t:|1776259258\n|move|p2a: Incineroar|Flare Blitz|p1a: HumanRights\n|-damage|p1a: HumanRights|16/100\n|-damage|p2a: Incineroar|51/100|[from] Recoil\n|move|p2b: Sinistcha|Matcha Gotcha|p1a: HumanRights\n|-damage|p1a: HumanRights|0 fnt\n|faint|p1a: HumanRights\n|\n|win|JadenJubel\n|raw|Mainstreamgirl's rating: 1033 &rarr; <strong>1018</strong><br />(-15 for losing)\n|raw|JadenJubel's rating: 1024 &rarr; <strong>1061</strong><br />(+37 for winning)\n",
  "uploadtime": 1776259269,
  "views": 20,
  "formatid": "gen9championsvgc2026regma",
  "rating": 1018,
  "private": 0,
  "password": null
}