{
  "id": "gen9championsvgc2026regma-2587047180",
  "format": "[Gen 9 Champions] VGC 2026 Reg M-A",
  "players": [
    "TheBallistic1",
    "Xheir"
  ],
  "log": "|j|\u2606TheBallistic1\n|j|\u2606Xheir\n|t:|1776486471\n|gametype|doubles\n|player|p1|TheBallistic1|colress|1057\n|player|p2|Xheir|102|1052\n|gen|9\n|tier|[Gen 9 Champions] VGC 2026 Reg M-A\n|rated|\n|rule|Species Clause: Limit one of each Pok\u00e9mon\n|rule|Item Clause: Limit 1 of each item\n|clearpoke\n|poke|p1|Floette-Eternal, L50, F|\n|poke|p1|Sneasler, L50, F|\n|poke|p1|Milotic, L50, F|\n|poke|p1|Incineroar, L50, F|\n|poke|p1|Sinistcha, L50|\n|poke|p1|Garchomp, L50, F|\n|poke|p2|Gengar, L50, F, shiny|\n|poke|p2|Sneasler, L50, M|\n|poke|p2|Sinistcha, L50|\n|poke|p2|Zoroark-Hisui, L50, M|\n|poke|p2|Politoed, L50, F|\n|poke|p2|Basculegion, L50, M|\n|teampreview|4\n|\n|t:|1776486515\n|teamsize|p1|4\n|teamsize|p2|4\n|start\n|switch|p1a: Garchomp|Garchomp, L50, F|100/100\n|switch|p1b: Incineroar|Incineroar, L50, F|100/100\n|switch|p2a: Gengar|Gengar, L50, F, shiny|100/100\n|switch|p2b: Sneasler|Sneasler, L50, M|100/100\n|-ability|p1b: Incineroar|Intimidate|boost\n|-unboost|p2a: Gengar|atk|1\n|-unboost|p2b: Sneasler|atk|1\n|turn|1\n|\n|t:|1776486538\n|switch|p1b: Sinistcha|Sinistcha, L50|100/100\n|move|p2a: Gengar|Protect|p2a: Gengar\n|-singleturn|p2a: Gengar|Protect\n|move|p2b: Sneasler|Icy Wind|p1a: Garchomp|[spread] p1a,p1b\n|-supereffective|p1a: Garchomp|2\n|-supereffective|p1b: Sinistcha|1\n|-damage|p1a: Garchomp|35/100\n|-damage|p1b: Sinistcha|70/100\n|-unboost|p1a: Garchomp|spe|1\n|-unboost|p1b: Sinistcha|spe|1\n|move|p1a: Garchomp|Earthquake|p2b: Sneasler|[spread] p1b,p2b\n|-activate|p2a: Gengar|move: Protect\n|-resisted|p1b: Sinistcha|1\n|-damage|p1b: Sinistcha|52/100\n|-damage|p2b: Sneasler|20/100\n|replace|p2b: Zoroark|Zoroark-Hisui, L50, M\n|-end|p2b: Zoroark|Illusion\n|\n|upkeep\n|turn|2\n|\n|t:|1776486572\n|switch|p1a: Sneasler|Sneasler, L50, F|100/100\n|move|p2b: Zoroark|Icy Wind|p1a: Sneasler|[spread] p1a,p1b\n|-supereffective|p1b: Sinistcha|1\n|-damage|p1a: Sneasler|83/100\n|-damage|p1b: Sinistcha|22/100\n|-unboost|p1a: Sneasler|spe|1\n|-unboost|p1b: Sinistcha|spe|1\n|-enditem|p1a: Sneasler|White Herb\n|-clearnegativeboost|p1a: Sneasler|[silent]\n|move|p2a: Gengar|Dark Pulse|p1b: Sinistcha\n|-supereffective|p1b: Sinistcha|1\n|-damage|p1b: Sinistcha|0 fnt\n|faint|p1b: Sinistcha\n|\n|upkeep\n|\n|t:|1776486575\n|switch|p1b: Garchomp|Garchomp, L50, F|35/100\n|turn|3\n|\n|t:|1776486590\n|switch|p2b: Sneasler|Sneasler, L50, M|100/100\n|move|p2a: Gengar|Protect|p2a: Gengar\n|-singleturn|p2a: Gengar|Protect\n|move|p1a: Sneasler|Dire Claw|p2b: Sneasler\n|-resisted|p2b: Sneasler|1\n|-damage|p2b: Sneasler|66/100\n|move|p1b: Garchomp|Stomping Tantrum|p2a: Gengar\n|-activate|p2a: Gengar|move: Protect\n|\n|upkeep\n|turn|4\n|\n|t:|1776486613\n|switch|p1b: Incineroar|Incineroar, L50, F|100/100\n|-ability|p1b: Incineroar|Intimidate|boost\n|-unboost|p2a: Gengar|atk|1\n|-unboost|p2b: Sneasler|atk|1\n|switch|p2a: Basculegion|Basculegion, L50, M|100/100\n|move|p1a: Sneasler|U-turn|p2b: Sneasler\n|-resisted|p2b: Sneasler|2\n|-damage|p2b: Sneasler|55/100\n|\n|t:|1776486626\n|switch|p1a: Garchomp|Garchomp, L50, F|35/100|[from] U-turn\n|move|p2b: Sneasler|Close Combat|p1b: Incineroar\n|-supereffective|p1b: Incineroar|1\n|-damage|p1b: Incineroar|10/100\n|-unboost|p2b: Sneasler|def|1\n|-unboost|p2b: Sneasler|spd|1\n|-enditem|p1b: Incineroar|Sitrus Berry|[eat]\n|-heal|p1b: Incineroar|35/100|[from] item: Sitrus Berry\n|\n|upkeep\n|turn|5\n|\n|t:|1776486655\n|move|p2b: Sneasler|Protect|p2b: Sneasler\n|-singleturn|p2b: Sneasler|Protect\n|move|p2a: Basculegion|Protect|p2a: Basculegion\n|-singleturn|p2a: Basculegion|Protect\n|move|p1a: Garchomp|Dragon Claw|p2b: Sneasler\n|-activate|p2b: Sneasler|move: Protect\n|move|p1b: Incineroar|Darkest Lariat|p2a: Basculegion\n|-activate|p2a: Basculegion|move: Protect\n|\n|upkeep\n|turn|6\n|\n|t:|1776486670\n|switch|p1a: Sneasler|Sneasler, L50, F|83/100\n|move|p2a: Basculegion|Aqua Jet|p1b: Incineroar\n|-supereffective|p1b: Incineroar|1\n|-damage|p1b: Incineroar|0 fnt\n|faint|p1b: Incineroar\n|move|p2b: Sneasler|Close Combat|p1a: Sneasler\n|-resisted|p1a: Sneasler|1\n|-damage|p1a: Sneasler|47/100\n|-unboost|p2b: Sneasler|def|1\n|-unboost|p2b: Sneasler|spd|1\n|\n|upkeep\n|\n|t:|1776486674\n|switch|p1b: Garchomp|Garchomp, L50, F|35/100\n|turn|7\n|\n|t:|1776486682\n|move|p2b: Sneasler|Protect|p2b: Sneasler\n|-singleturn|p2b: Sneasler|Protect\n|move|p2a: Basculegion|Protect|p2a: Basculegion\n|-singleturn|p2a: Basculegion|Protect\n|move|p1a: Sneasler|Fake Out|p2a: Basculegion\n|-activate|p2a: Basculegion|move: Protect\n|move|p1b: Garchomp|Earthquake|p2b: Sneasler|[spread] p1a\n|-activate|p2a: Basculegion|move: Protect\n|-activate|p2b: Sneasler|move: Protect\n|-supereffective|p1a: Sneasler|1\n|-damage|p1a: Sneasler|0 fnt\n|faint|p1a: Sneasler\n|\n|upkeep\n|turn|8\n|\n|t:|1776486696\n|move|p1b: Garchomp|Earthquake|p2a: Basculegion|[spread] p2a,p2b\n|-supereffective|p2b: Sneasler|1\n|-damage|p2a: Basculegion|50/100\n|-damage|p2b: Sneasler|0 fnt\n|faint|p2b: Sneasler\n|move|p2a: Basculegion|Wave Crash|p1b: Garchomp\n|-damage|p1b: Garchomp|0 fnt\n|-damage|p2a: Basculegion|38/100|[from] ability: Rough Skin|[of] p1b: Garchomp\n|faint|p1b: Garchomp\n|-damage|p2a: Basculegion|27/100|[from] Recoil\n|\n|win|Xheir\n|raw|TheBallistic1's rating: 1057 &rarr; <strong>1038</strong><br />(-19 for losing)\n|raw|Xheir's rating: 1052 &rarr; <strong>1085</strong><br />(+33 for winning)\n",
  "uploadtime": 1776486701,
  "views": 20,
  "formatid": "gen9championsvgc2026regma",
  "rating": 1038,
  "private": 0,
  "password": null
}