{
  "id": "gen9championsvgc2026regma-2581972102",
  "format": "[Gen 9 Champions] VGC 2026 Reg M-A",
  "players": [
    "amongdripgoku",
    "Astraision"
  ],
  "log": "|j|\u2606amongdripgoku\n|j|\u2606Astraision\n|t:|1776044503\n|gametype|doubles\n|player|p1|amongdripgoku|169|1082\n|player|p2|Astraision|iris-gen5bw2|1121\n|gen|9\n|tier|[Gen 9 Champions] VGC 2026 Reg M-A\n|rated|\n|rule|Species Clause: Limit one of each Pok\u00e9mon\n|rule|Item Clause: Limit 1 of each item\n|clearpoke\n|poke|p1|Pelipper, L50, M|\n|poke|p1|Gengar, L50, F|\n|poke|p1|Greninja-*, L50, F|\n|poke|p1|Basculegion, L50, M|\n|poke|p1|Archaludon, L50, F|\n|poke|p1|Whimsicott, L50, M|\n|poke|p2|Pelipper, L50, M|\n|poke|p2|Archaludon, L50, F|\n|poke|p2|Meganium, L50, M|\n|poke|p2|Gengar, L50, M|\n|poke|p2|Garchomp, L50, M|\n|poke|p2|Maushold, L50|\n|teampreview|4\n|inactive|Battle timer is ON: inactive players will automatically lose when time's up. (requested by Astraision)\n|inactive|amongdripgoku has 60 seconds left.\n|inactive|Astraision has 60 seconds left.\n|inactive|amongdripgoku has 30 seconds left.\n|\n|t:|1776044571\n|teamsize|p1|4\n|teamsize|p2|4\n|start\n|switch|p1a: Greninja|Greninja, L50, F|100/100\n|switch|p1b: Archaludon|Archaludon, L50, F|100/100\n|switch|p2a: Archaludon|Archaludon, L50, F|100/100\n|switch|p2b: Maushold|Maushold, L50|100/100\n|turn|1\n|\n|t:|1776044589\n|move|p2b: Maushold|Helping Hand|p2a: Archaludon\n|-singleturn|p2a: Archaludon|Helping Hand|[of] p2b: Maushold\n|move|p1a: Greninja|Ice Beam|p2a: Archaludon\n|-start|p1a: Greninja|typechange|Ice|[from] ability: Protean\n|-damage|p2a: Archaludon|64/100\n|-ability|p2a: Archaludon|Stamina|boost\n|-boost|p2a: Archaludon|def|1\n|move|p1b: Archaludon|Draco Meteor|p2a: Archaludon\n|-damage|p2a: Archaludon|2/100\n|-unboost|p1b: Archaludon|spa|2\n|-ability|p2a: Archaludon|Stamina|boost\n|-boost|p2a: Archaludon|def|1\n|move|p2a: Archaludon|Aura Sphere|p1b: Archaludon\n|-supereffective|p1b: Archaludon|1\n|-damage|p1b: Archaludon|8/100\n|-enditem|p1b: Archaludon|Sitrus Berry|[eat]\n|-heal|p1b: Archaludon|33/100|[from] item: Sitrus Berry\n|\n|-heal|p2a: Archaludon|7/100|[from] item: Leftovers\n|upkeep\n|turn|2\n|inactive|Astraision has 30 seconds left.\n|\n|t:|1776044620\n|switch|p1b: Pelipper|Pelipper, L50, M|100/100\n|-weather|RainDance|[from] ability: Drizzle|[of] p1b: Pelipper\n|detailschange|p1a: Greninja|Greninja-Mega, L50, F\n|-mega|p1a: Greninja|Greninja|Greninjite\n|move|p2b: Maushold|Follow Me|p2b: Maushold\n|-singleturn|p2b: Maushold|move: Follow Me\n|move|p1a: Greninja|Surf|p2b: Maushold|[spread] p1b,p2a,p2b\n|-start|p1a: Greninja|typechange|Water|[from] ability: Protean\n|-resisted|p1b: Pelipper|1\n|-resisted|p2a: Archaludon|1\n|-damage|p1b: Pelipper|73/100\n|-damage|p2a: Archaludon|0 fnt\n|-damage|p2b: Maushold|31/100\n|faint|p2a: Archaludon\n|\n|-weather|RainDance|[upkeep]\n|-heal|p1b: Pelipper|79/100|[from] item: Leftovers\n|upkeep\n|\n|t:|1776044644\n|switch|p2a: Gengar|Gengar, L50, M|100/100\n|turn|3\n|inactive|Astraision has 30 seconds left.\n|\n|t:|1776044672\n|detailschange|p2a: Gengar|Gengar-Mega, L50, M\n|-mega|p2a: Gengar|Gengar|Gengarite\n|move|p2b: Maushold|Protect|p2b: Maushold\n|-singleturn|p2b: Maushold|Protect\n|move|p1b: Pelipper|Protect|p1b: Pelipper\n|-singleturn|p1b: Pelipper|Protect\n|move|p2a: Gengar|Sludge Wave|p1b: Pelipper|[spread] p1a\n|-activate|p2b: Maushold|move: Protect\n|-activate|p1b: Pelipper|move: Protect\n|-damage|p1a: Greninja|31/100\n|move|p1a: Greninja|Surf|p2a: Gengar|[spread] p2a\n|-activate|p1b: Pelipper|move: Protect\n|-activate|p2b: Maushold|move: Protect\n|-damage|p2a: Gengar|45/100\n|\n|-weather|RainDance|[upkeep]\n|-heal|p1b: Pelipper|85/100|[from] item: Leftovers\n|upkeep\n|turn|4\n|inactive|amongdripgoku has 30 seconds left.\n|inactive|Astraision has 30 seconds left.\n|\n|t:|1776044700\n|move|p1b: Pelipper|Wide Guard|p1b: Pelipper\n|-singleturn|p1b: Pelipper|Wide Guard\n|move|p2b: Maushold|Follow Me|p2b: Maushold\n|-singleturn|p2b: Maushold|move: Follow Me\n|move|p2a: Gengar|Shadow Ball|p1a: Greninja\n|-damage|p1a: Greninja|0 fnt\n|faint|p1a: Greninja\n|\n|-weather|RainDance|[upkeep]\n|-heal|p1b: Pelipper|91/100|[from] item: Leftovers\n|upkeep\n|\n|t:|1776044707\n|switch|p1a: Basculegion|Basculegion, L50, M|100/100\n|turn|5\n|\n|t:|1776044721\n|move|p1b: Pelipper|Protect||[still]\n|-fail|p1b: Pelipper\n|move|p2b: Maushold|Follow Me|p2b: Maushold\n|-singleturn|p2b: Maushold|move: Follow Me\n|move|p1a: Basculegion|Flip Turn|p2b: Maushold\n|-crit|p2b: Maushold\n|-damage|p2b: Maushold|0 fnt\n|faint|p2b: Maushold\n|\n|t:|1776044728\n|switch|p1a: Archaludon|Archaludon, L50, F|33/100|[from] Flip Turn\n|move|p2a: Gengar|Shadow Ball|p1a: Archaludon\n|-damage|p1a: Archaludon|0 fnt\n|faint|p1a: Archaludon\n|\n|-weather|RainDance|[upkeep]\n|-heal|p1b: Pelipper|97/100|[from] item: Leftovers\n|upkeep\n|\n|t:|1776044733\n|switch|p2b: Garchomp|Garchomp, L50, M|100/100\n|switch|p1a: Basculegion|Basculegion, L50, M|100/100\n|turn|6\n|inactive|amongdripgoku has 30 seconds left.\n|inactive|amongdripgoku has 20 seconds left.\n|\n|t:|1776044769\n|move|p2a: Gengar|Protect|p2a: Gengar\n|-singleturn|p2a: Gengar|Protect\n|move|p2b: Garchomp|Protect|p2b: Garchomp\n|-singleturn|p2b: Garchomp|Protect\n|move|p1a: Basculegion|Wave Crash|p2b: Garchomp\n|-activate|p2b: Garchomp|move: Protect\n|move|p1b: Pelipper|Weather Ball|p2b: Garchomp\n|-activate|p2b: Garchomp|move: Protect\n|\n|-weather|none\n|-heal|p1b: Pelipper|100/100|[from] item: Leftovers\n|upkeep\n|turn|7\n|\n|t:|1776044791\n|move|p1b: Pelipper|Wide Guard|p1b: Pelipper\n|-singleturn|p1b: Pelipper|Wide Guard\n|move|p2a: Gengar|Shadow Ball|p1a: Basculegion\n|-supereffective|p1a: Basculegion|1\n|-damage|p1a: Basculegion|0 fnt\n|faint|p1a: Basculegion\n|move|p2b: Garchomp|Rock Slide|p1b: Pelipper\n|-activate|p1b: Pelipper|move: Wide Guard\n|\n|upkeep\n|turn|8\n|-message|amongdripgoku forfeited.\n|\n|win|Astraision\n|raw|amongdripgoku's rating: 1082 &rarr; <strong>1062</strong><br />(-20 for losing)\n|raw|Astraision's rating: 1121 &rarr; <strong>1143</strong><br />(+22 for winning)\n",
  "uploadtime": 1776044799,
  "views": 11,
  "formatid": "gen9championsvgc2026regma",
  "rating": 1062,
  "private": 0,
  "password": null
}