{
  "id": "gen9championsvgc2026regma-2588269030",
  "format": "[Gen 9 Champions] VGC 2026 Reg M-A",
  "players": [
    "Ruggio VGC",
    "dbsahjdsa"
  ],
  "log": "|j|\u2606Ruggio VGC\n|j|\u2606dbsahjdsa\n|t:|1776619634\n|gametype|doubles\n|player|p1|Ruggio VGC|cynthia-gen4|1289\n|player|p2|dbsahjdsa|1|1190\n|gen|9\n|tier|[Gen 9 Champions] VGC 2026 Reg M-A\n|rated|\n|rule|Species Clause: Limit one of each Pok\u00e9mon\n|rule|Item Clause: Limit 1 of each item\n|clearpoke\n|poke|p1|Kangaskhan, L50, F|\n|poke|p1|Aerodactyl, L50, M|\n|poke|p1|Archaludon, L50, M|\n|poke|p1|Tauros-Paldea-Aqua, L50, M|\n|poke|p1|Floette-Eternal, L50, F|\n|poke|p1|Typhlosion-Hisui, L50, F|\n|poke|p2|Blastoise, L50, M, shiny|\n|poke|p2|Talonflame, L50, M|\n|poke|p2|Farigiraf, L50, M|\n|poke|p2|Sinistcha, L50|\n|poke|p2|Kingambit, L50, M|\n|poke|p2|Sneasler, L50, F|\n|teampreview|4\n|inactive|Battle timer is ON: inactive players will automatically lose when time's up. (requested by Ruggio VGC)\n|inactive|dbsahjdsa also wants the timer to be on.\n|inactive|Ruggio VGC has 60 seconds left.\n|\n|t:|1776619693\n|teamsize|p1|4\n|teamsize|p2|4\n|start\n|switch|p1a: Tauros|Tauros-Paldea-Aqua, L50, M|100/100\n|switch|p1b: Floette|Floette-Eternal, L50, F|100/100\n|switch|p2a: Machine Gun|Blastoise, L50, M, shiny|100/100\n|switch|p2b: Telepathy|Farigiraf, L50, M|100/100\n|-ability|p1a: Tauros|Intimidate|boost\n|-unboost|p2a: Machine Gun|atk|1\n|-unboost|p2b: Telepathy|atk|1\n|turn|1\n|inactive|Ruggio VGC has 30 seconds left.\n|\n|t:|1776619726\n|detailschange|p1b: Floette|Floette-Mega, L50, F\n|-mega|p1b: Floette|Floette|Floettite\n|-ability|p1b: Floette|Fairy Aura\n|detailschange|p2a: Machine Gun|Blastoise-Mega, L50, M, shiny\n|-mega|p2a: Machine Gun|Blastoise|Blastoisinite\n|move|p2a: Machine Gun|Fake Out|p1b: Floette\n|-damage|p1b: Floette|93/100\n|cant|p1b: Floette|flinch\n|move|p1a: Tauros|Wave Crash|p2a: Machine Gun\n|-resisted|p2a: Machine Gun|1\n|-crit|p2a: Machine Gun\n|-damage|p2a: Machine Gun|68/100\n|-damage|p1a: Tauros|88/100|[from] Recoil\n|move|p2b: Telepathy|Trick Room|p2b: Telepathy\n|-fieldstart|move: Trick Room|[of] p2b: Telepathy\n|\n|upkeep\n|turn|2\n|inactive|Ruggio VGC has 30 seconds left.\n|inactive|dbsahjdsa has 30 seconds left.\n|inactive|Ruggio VGC has 20 seconds left.\n|inactive|Ruggio VGC has 15 seconds left.\n|inactive|Ruggio VGC has 10 seconds left.\n|inactive|Ruggio VGC has 5 seconds left.\n|\n|t:|1776619781\n|switch|p2b: PoPiPo|Sinistcha, L50|100/100\n|-heal|p2a: Machine Gun|93/100|[from] ability: Hospitality|[of] p2b: PoPiPo\n|move|p2a: Machine Gun|Water Spout|p1b: Floette|[spread] p1a,p1b\n|-resisted|p1a: Tauros|1\n|-crit|p1a: Tauros\n|-damage|p1a: Tauros|19/100\n|-damage|p1b: Floette|45/100\n|move|p1a: Tauros|Wave Crash|p2b: PoPiPo\n|-resisted|p2b: PoPiPo|1\n|-damage|p2b: PoPiPo|77/100\n|-damage|p1a: Tauros|10/100|[from] Recoil\n|move|p1b: Floette|Light of Ruin|p2a: Machine Gun\n|-damage|p2a: Machine Gun|2/100\n|-damage|p1b: Floette|0 fnt|[from] Recoil\n|faint|p1b: Floette\n|\n|upkeep\n|\n|t:|1776619802\n|switch|p1b: Typhlosion|Typhlosion-Hisui, L50, F|100/100\n|turn|3\n|\n|t:|1776619824\n|switch|p1b: Archaludon|Archaludon, L50, M|100/100\n|move|p2b: PoPiPo|Rage Powder|p2b: PoPiPo\n|-singleturn|p2b: PoPiPo|move: Rage Powder\n|move|p1a: Tauros|Aqua Jet|p2b: PoPiPo\n|-resisted|p2b: PoPiPo|1\n|-damage|p2b: PoPiPo|68/100\n|move|p2a: Machine Gun|Dark Pulse|p1b: Archaludon\n|-damage|p1b: Archaludon|40/100\n|\n|-heal|p1b: Archaludon|46/100|[from] item: Leftovers\n|upkeep\n|turn|4\n|inactive|Ruggio VGC has 30 seconds left.\n|inactive|dbsahjdsa has 30 seconds left.\n|\n|t:|1776619856\n|switch|p2b: Telepathy|Farigiraf, L50, M|100/100\n|move|p1a: Tauros|Aqua Jet||[still]\n|cant|p2b: Telepathy|ability: Armor Tail|Aqua Jet|[of] p1a: Tauros\n|move|p2a: Machine Gun|Dark Pulse|p1b: Archaludon\n|-damage|p1b: Archaludon|0 fnt\n|faint|p1b: Archaludon\n|\n|upkeep\n|\n|t:|1776619866\n|switch|p1b: Typhlosion|Typhlosion-Hisui, L50, F|100/100\n|turn|5\n|\n|t:|1776619882\n|move|p2b: Telepathy|Hyper Voice|p1b: Typhlosion|[spread] p1a\n|-immune|p1b: Typhlosion\n|-damage|p1a: Tauros|0 fnt\n|faint|p1a: Tauros\n|move|p2a: Machine Gun|Dark Pulse|p1b: Typhlosion\n|-supereffective|p1b: Typhlosion|1\n|-damage|p1b: Typhlosion|0 fnt\n|faint|p1b: Typhlosion\n|\n|win|dbsahjdsa\n|raw|Ruggio VGC's rating: 1289 &rarr; <strong>1257</strong><br />(-32 for losing)\n|raw|dbsahjdsa's rating: 1190 &rarr; <strong>1222</strong><br />(+32 for winning)\n|l|\u2606Ruggio VGC\n|player|p1|\n",
  "uploadtime": 1776619891,
  "views": 21,
  "formatid": "gen9championsvgc2026regma",
  "rating": 1222,
  "private": 0,
  "password": null
}