{
  "id": "gen9championsvgc2026regma-2584387899",
  "format": "[Gen 9 Champions] VGC 2026 Reg M-A",
  "players": [
    "Noobilio",
    "BiscuitBob"
  ],
  "log": "|j|\u2606Noobilio\n|j|\u2606BiscuitBob\n|t:|1776257118\n|gametype|doubles\n|player|p1|Noobilio|nurse|1382\n|player|p2|BiscuitBob|lucas-gen4pt|1306\n|gen|9\n|tier|[Gen 9 Champions] VGC 2026 Reg M-A\n|rated|\n|rule|Species Clause: Limit one of each Pok\u00e9mon\n|rule|Item Clause: Limit 1 of each item\n|clearpoke\n|poke|p1|Hawlucha, L50, F|\n|poke|p1|Floette-Eternal, L50, F|\n|poke|p1|Incineroar, L50, F|\n|poke|p1|Sinistcha, L50|\n|poke|p1|Snorlax, L50, F|\n|poke|p1|Rotom-Wash, L50|\n|poke|p2|Garchomp, L50, M|\n|poke|p2|Tyranitar, L50, F|\n|poke|p2|Slowking-Galar, L50, F|\n|poke|p2|Talonflame, L50, F|\n|poke|p2|Rotom-Wash, L50|\n|poke|p2|Gyarados, L50, F|\n|teampreview|4\n|\n|t:|1776257169\n|teamsize|p1|4\n|teamsize|p2|4\n|start\n|switch|p1a: Incineroar|Incineroar, L50, F|100/100\n|switch|p1b: Floette|Floette-Eternal, L50, F, shiny|100/100\n|switch|p2a: Talonflame|Talonflame, L50, F|100/100\n|switch|p2b: Garchomp|Garchomp, L50, M|100/100\n|-ability|p1a: Incineroar|Intimidate|boost\n|-unboost|p2a: Talonflame|atk|1\n|-unboost|p2b: Garchomp|atk|1\n|turn|1\n|inactive|Battle timer is ON: inactive players will automatically lose when time's up. (requested by BiscuitBob)\n|\n|t:|1776257190\n|switch|p2a: Tyranitar|Tyranitar, L50, F|100/100\n|-weather|Sandstorm|[from] ability: Sand Stream|[of] p2a: Tyranitar\n|detailschange|p1b: Floette|Floette-Mega, L50, F, shiny\n|-mega|p1b: Floette|Floette|Floettite\n|-ability|p1b: Floette|Fairy Aura\n|move|p2b: Garchomp|Protect|p2b: Garchomp\n|-singleturn|p2b: Garchomp|Protect\n|move|p1a: Incineroar|Fake Out|p2a: Tyranitar\n|-resisted|p2a: Tyranitar|1\n|-damage|p2a: Tyranitar|96/100\n|move|p1b: Floette|Calm Mind|p1b: Floette\n|-boost|p1b: Floette|spa|1\n|-boost|p1b: Floette|spd|1\n|\n|-weather|Sandstorm|[upkeep]\n|-damage|p1b: Floette|94/100|[from] Sandstorm\n|-damage|p1a: Incineroar|94/100|[from] Sandstorm\n|upkeep\n|turn|2\n|inactive|Noobilio has 30 seconds left.\n|\n|t:|1776257220\n|switch|p2a: Slowking|Slowking-Galar, L50, F, shiny|100/100\n|-clearboost|p2b: Garchomp|[from] ability: Curious Medicine|[of] p2a: Slowking\n|switch|p1a: Sinistcha|Sinistcha, L50|100/100\n|-heal|p1b: Floette|100/100|[from] ability: Hospitality|[of] p1a: Sinistcha\n|detailschange|p2b: Garchomp|Garchomp-Mega, L50, M\n|-mega|p2b: Garchomp|Garchomp|Garchompite\n|move|p2b: Garchomp|Iron Head|p1b: Floette\n|-supereffective|p1b: Floette|1\n|-damage|p1b: Floette|0 fnt\n|faint|p1b: Floette\n|\n|-weather|Sandstorm|[upkeep]\n|-damage|p1a: Sinistcha|94/100|[from] Sandstorm\n|-damage|p2a: Slowking|95/100|[from] Sandstorm\n|-heal|p2a: Slowking|100/100|[from] item: Leftovers\n|upkeep\n|\n|t:|1776257233\n|switch|p1b: Incineroar|Incineroar, L50, F|94/100\n|-ability|p1b: Incineroar|Intimidate|boost\n|-unboost|p2a: Slowking|atk|1\n|-unboost|p2b: Garchomp|atk|1\n|turn|3\n|\n|t:|1776257248\n|switch|p2a: Talonflame|Talonflame, L50, F|100/100\n|move|p2b: Garchomp|Rock Slide|p1a: Sinistcha|[spread] p1a,p1b\n|-supereffective|p1b: Incineroar|1\n|-damage|p1a: Sinistcha|75/100\n|-damage|p1b: Incineroar|56/100\n|move|p1b: Incineroar|Darkest Lariat|p2a: Talonflame\n|-damage|p2a: Talonflame|50/100\n|move|p1a: Sinistcha|Trick Room|p1a: Sinistcha\n|-fieldstart|move: Trick Room|[of] p1a: Sinistcha\n|\n|-weather|Sandstorm|[upkeep]\n|-damage|p1b: Incineroar|50/100|[from] Sandstorm\n|-damage|p1a: Sinistcha|69/100|[from] Sandstorm\n|-damage|p2a: Talonflame|44/100|[from] Sandstorm\n|upkeep\n|turn|4\n|\n|t:|1776257267\n|move|p1b: Incineroar|Parting Shot|p2b: Garchomp\n|-unboost|p2b: Garchomp|atk|1\n|-unboost|p2b: Garchomp|spa|1\n|\n|t:|1776257270\n|switch|p1b: Rotom|Rotom-Wash, L50, shiny|100/100|[from] Parting Shot\n|move|p1a: Sinistcha|Matcha Gotcha|p2b: Garchomp|[spread] p2a,p2b\n|-resisted|p2a: Talonflame|2\n|-damage|p2a: Talonflame|35/100\n|-heal|p1a: Sinistcha|74/100|[from] drain|[of] p2a: Talonflame\n|-damage|p2b: Garchomp|79/100\n|-heal|p1a: Sinistcha|85/100|[from] drain|[of] p2b: Garchomp\n|-status|p2b: Garchomp|brn\n|move|p2b: Garchomp|Rock Slide|p1b: Rotom|[spread] p1a,p1b\n|-damage|p1a: Sinistcha|78/100\n|-damage|p1b: Rotom|88/100\n|move|p2a: Talonflame|Brave Bird|p1a: Sinistcha\n|-supereffective|p1a: Sinistcha|1\n|-damage|p1a: Sinistcha|0 fnt\n|faint|p1a: Sinistcha\n|-damage|p2a: Talonflame|5/100|[from] Recoil\n|\n|-weather|Sandstorm|[upkeep]\n|-damage|p2a: Talonflame|0 fnt|[from] Sandstorm\n|-damage|p1b: Rotom|83/100|[from] Sandstorm\n|faint|p2a: Talonflame\n|-damage|p2b: Garchomp|73/100 brn|[from] brn\n|upkeep\n|inactive|Noobilio has 30 seconds left.\n|\n|t:|1776257300\n|switch|p1a: Incineroar|Incineroar, L50, F|50/100\n|switch|p2a: Slowking|Slowking-Galar, L50, F, shiny|100/100\n|-clearboost|p2b: Garchomp|[from] ability: Curious Medicine|[of] p2a: Slowking\n|-ability|p1a: Incineroar|Intimidate|boost\n|-unboost|p2a: Slowking|atk|1\n|-unboost|p2b: Garchomp|atk|1\n|turn|5\n|inactive|Noobilio has 30 seconds left.\n|inactive|BiscuitBob has 30 seconds left.\n|\n|t:|1776257327\n|move|p2b: Garchomp|Protect|p2b: Garchomp\n|-singleturn|p2b: Garchomp|Protect\n|move|p1a: Incineroar|Darkest Lariat|p2a: Slowking\n|-supereffective|p2a: Slowking|1\n|-damage|p2a: Slowking|50/100\n|move|p1b: Rotom|Trick|p2a: Slowking\n|-activate|p1b: Rotom|move: Trick|[of] p2a: Slowking\n|-item|p2a: Slowking|Choice Scarf|[from] move: Trick\n|-item|p1b: Rotom|Leftovers|[from] move: Trick\n|move|p2a: Slowking|Trick Room|p2a: Slowking\n|-fieldend|move: Trick Room\n|\n|-weather|none\n|-heal|p1b: Rotom|88/100|[from] item: Leftovers\n|-damage|p2b: Garchomp|67/100 brn|[from] brn\n|upkeep\n|turn|6\n|\n|t:|1776257349\n|switch|p2b: Tyranitar|Tyranitar, L50, F|96/100\n|-weather|Sandstorm|[from] ability: Sand Stream|[of] p2b: Tyranitar\n|move|p1b: Rotom|Hydro Pump|p2b: Tyranitar\n|-supereffective|p2b: Tyranitar|1\n|-enditem|p2b: Tyranitar|Passho Berry|[eat]\n|-enditem|p2b: Tyranitar|Passho Berry|[weaken]\n|-damage|p2b: Tyranitar|69/100\n|move|p1a: Incineroar|Flare Blitz|p2a: Slowking\n|-damage|p2a: Slowking|8/100\n|-damage|p1a: Incineroar|36/100|[from] Recoil\n|move|p2a: Slowking|Trick Room|p2a: Slowking\n|-fieldstart|move: Trick Room|[of] p2a: Slowking\n|\n|-weather|Sandstorm|[upkeep]\n|-damage|p2a: Slowking|2/100|[from] Sandstorm\n|-damage|p1a: Incineroar|30/100|[from] Sandstorm\n|-damage|p1b: Rotom|83/100|[from] Sandstorm\n|-heal|p1b: Rotom|88/100|[from] item: Leftovers\n|upkeep\n|turn|7\n|\n|t:|1776257368\n|switch|p2a: Garchomp|Garchomp-Mega, L50, M|67/100 brn\n|move|p1a: Incineroar|Flare Blitz|p2b: Tyranitar\n|-resisted|p2b: Tyranitar|1\n|-damage|p2b: Tyranitar|51/100\n|-damage|p1a: Incineroar|24/100|[from] Recoil\n|move|p2b: Tyranitar|Knock Off|p1b: Rotom\n|-damage|p1b: Rotom|19/100\n|-enditem|p1b: Rotom|Leftovers|[from] move: Knock Off|[of] p2b: Tyranitar\n|move|p1b: Rotom|Hydro Pump|p2b: Tyranitar\n|-supereffective|p2b: Tyranitar|1\n|-damage|p2b: Tyranitar|0 fnt\n|faint|p2b: Tyranitar\n|\n|-weather|Sandstorm|[upkeep]\n|-damage|p1a: Incineroar|18/100|[from] Sandstorm\n|-damage|p1b: Rotom|13/100|[from] Sandstorm\n|-damage|p2a: Garchomp|61/100 brn|[from] brn\n|upkeep\n|\n|t:|1776257380\n|switch|p2b: Slowking|Slowking-Galar, L50, F, shiny|2/100\n|-clearboost|p2a: Garchomp|[from] ability: Curious Medicine|[of] p2b: Slowking\n|turn|8\n|\n|t:|1776257402\n|move|p2b: Slowking|Heal Pulse|p2a: Garchomp\n|-heal|p2a: Garchomp|100/100 brn\n|move|p1a: Incineroar|Darkest Lariat|p2a: Garchomp\n|-damage|p2a: Garchomp|73/100 brn\n|move|p2a: Garchomp|Rock Slide|p1b: Rotom|[spread] p1a\n|-miss|p2a: Garchomp|p1b: Rotom\n|-supereffective|p1a: Incineroar|1\n|-damage|p1a: Incineroar|0 fnt\n|faint|p1a: Incineroar\n|move|p1b: Rotom|Hydro Pump|p2a: Garchomp\n|-damage|p2a: Garchomp|28/100 brn\n|\n|-weather|Sandstorm|[upkeep]\n|-damage|p2b: Slowking|0 fnt|[from] Sandstorm\n|-damage|p1b: Rotom|8/100|[from] Sandstorm\n|faint|p2b: Slowking\n|-damage|p2a: Garchomp|22/100 brn|[from] brn\n|upkeep\n|turn|9\n|\n|t:|1776257423\n|move|p2a: Garchomp|Rock Slide|p1b: Rotom\n|-damage|p1b: Rotom|0 fnt\n|faint|p1b: Rotom\n|\n|win|BiscuitBob\n|raw|Noobilio's rating: 1382 &rarr; <strong>1357</strong><br />(-25 for losing)\n|raw|BiscuitBob's rating: 1289 &rarr; <strong>1321</strong><br />(+32 for winning)\n",
  "uploadtime": 1776257429,
  "views": 35,
  "formatid": "gen9championsvgc2026regma",
  "rating": 1321,
  "private": 0,
  "password": null
}