{
  "id": "gen9championsvgc2026regma-2588017421",
  "format": "[Gen 9 Champions] VGC 2026 Reg M-A",
  "players": [
    "v1olet gu4rd",
    "JorgeDeAstora"
  ],
  "log": "|j|\u2606v1olet gu4rd\n|j|\u2606JorgeDeAstora\n|t:|1776593511\n|gametype|doubles\n|player|p1|v1olet gu4rd|winona|1275\n|player|p2|JorgeDeAstora|1|1260\n|gen|9\n|tier|[Gen 9 Champions] VGC 2026 Reg M-A\n|rated|\n|rule|Species Clause: Limit one of each Pok\u00e9mon\n|rule|Item Clause: Limit 1 of each item\n|clearpoke\n|poke|p1|Tyranitar, L50, M, shiny|\n|poke|p1|Milotic, L50, M, shiny|\n|poke|p1|Sinistcha-Masterpiece, L50, shiny|\n|poke|p1|Garchomp, L50, F, shiny|\n|poke|p1|Aerodactyl, L50, M, shiny|\n|poke|p1|Chimecho, L50, F, shiny|\n|poke|p2|Starmie, L50|\n|poke|p2|Aegislash, L50, M|\n|poke|p2|Pelipper, L50, M|\n|poke|p2|Basculegion, L50, M|\n|poke|p2|Sneasler, L50, M|\n|poke|p2|Scizor, L50, F|\n|teampreview|4\n|inactive|Battle timer is ON: inactive players will automatically lose when time's up. (requested by JorgeDeAstora)\n|inactive|v1olet gu4rd also wants the timer to be on.\n|inactive|v1olet gu4rd has 60 seconds left.\n|\n|t:|1776593542\n|teamsize|p1|4\n|teamsize|p2|4\n|start\n|switch|p1a: Sinistcha|Sinistcha-Masterpiece, L50, shiny|100/100\n|switch|p1b: Milotic|Milotic, L50, M, shiny|100/100\n|switch|p2a: Pelipper|Pelipper, L50, M|100/100\n|switch|p2b: Starmie|Starmie, L50|100/100\n|-weather|RainDance|[from] ability: Drizzle|[of] p2a: Pelipper\n|turn|1\n|\n|t:|1776593563\n|switch|p1b: Tyranitar|Tyranitar, L50, M, shiny|100/100\n|-weather|Sandstorm|[from] ability: Sand Stream|[of] p1b: Tyranitar\n|detailschange|p2b: Starmie|Starmie-Mega, L50\n|-mega|p2b: Starmie|Starmie|Starminite\n|move|p2b: Starmie|Flip Turn|p1a: Sinistcha\n|-resisted|p1a: Sinistcha|1\n|-damage|p1a: Sinistcha|82/100\n|\n|t:|1776593586\n|switch|p2b: Basculegion|Basculegion, L50, M|100/100|[from] Flip Turn\n|move|p2a: Pelipper|Tailwind|p2a: Pelipper\n|-sidestart|p2: JorgeDeAstora|move: Tailwind\n|move|p1a: Sinistcha|Matcha Gotcha|p2b: Basculegion|[spread] p2a,p2b\n|-supereffective|p2b: Basculegion|1\n|-damage|p2a: Pelipper|66/100\n|-heal|p1a: Sinistcha|98/100|[from] drain|[of] p2a: Pelipper\n|-damage|p2b: Basculegion|45/100\n|-heal|p1a: Sinistcha|100/100|[from] drain|[of] p2b: Basculegion\n|\n|-weather|Sandstorm|[upkeep]\n|-damage|p2b: Basculegion|39/100|[from] Sandstorm\n|-damage|p2a: Pelipper|60/100|[from] Sandstorm\n|-damage|p1a: Sinistcha|94/100|[from] Sandstorm\n|upkeep\n|turn|2\n|inactive|v1olet gu4rd has 30 seconds left.\n|\n|t:|1776593611\n|switch|p1b: Milotic|Milotic, L50, M, shiny|100/100\n|move|p2b: Basculegion|Flip Turn|p1b: Milotic\n|-resisted|p1b: Milotic|1\n|-damage|p1b: Milotic|76/100\n|\n|t:|1776593619\n|switch|p2b: Aegislash|Aegislash, L50, M|100/100|[from] Flip Turn\n|move|p2a: Pelipper|Rain Dance|p2a: Pelipper\n|-weather|RainDance\n|move|p1a: Sinistcha|Matcha Gotcha|p2b: Aegislash|[spread] p2a,p2b\n|-resisted|p2b: Aegislash|1\n|-damage|p2a: Pelipper|24/100\n|-heal|p1a: Sinistcha|100/100|[from] drain|[of] p2a: Pelipper\n|-damage|p2b: Aegislash|91/100\n|-enditem|p2a: Pelipper|Sitrus Berry|[eat]\n|-heal|p2a: Pelipper|48/100|[from] item: Sitrus Berry\n|\n|-weather|RainDance|[upkeep]\n|-heal|p2b: Aegislash|97/100|[from] item: Leftovers\n|-heal|p1b: Milotic|82/100|[from] item: Leftovers\n|upkeep\n|turn|3\n|\n|t:|1776593643\n|switch|p1a: Tyranitar|Tyranitar, L50, M, shiny|100/100\n|-weather|Sandstorm|[from] ability: Sand Stream|[of] p1a: Tyranitar\n|move|p2a: Pelipper|Hurricane|p1a: Tyranitar\n|-resisted|p1a: Tyranitar|1\n|-crit|p1a: Tyranitar\n|-damage|p1a: Tyranitar|83/100\n|-formechange|p2b: Aegislash|Aegislash-Blade|\n|move|p2b: Aegislash|Flash Cannon|p1b: Milotic\n|-resisted|p1b: Milotic|1\n|-damage|p1b: Milotic|70/100\n|move|p1b: Milotic|Coil|p1b: Milotic\n|-boost|p1b: Milotic|atk|1\n|-boost|p1b: Milotic|def|1\n|-boost|p1b: Milotic|accuracy|1\n|\n|-weather|Sandstorm|[upkeep]\n|-damage|p2a: Pelipper|42/100|[from] Sandstorm\n|-damage|p1b: Milotic|64/100|[from] Sandstorm\n|-heal|p2b: Aegislash|100/100|[from] item: Leftovers\n|-heal|p1b: Milotic|70/100|[from] item: Leftovers\n|upkeep\n|turn|4\n|inactive|v1olet gu4rd has 30 seconds left.\n|\n|t:|1776593671\n|switch|p1a: Sinistcha|Sinistcha-Masterpiece, L50, shiny|100/100\n|-heal|p1b: Milotic|95/100|[from] ability: Hospitality|[of] p1a: Sinistcha\n|-formechange|p2b: Aegislash|Aegislash|\n|move|p2b: Aegislash|King's Shield|p2b: Aegislash\n|-singleturn|p2b: Aegislash|Protect\n|move|p2a: Pelipper|Rain Dance|p2a: Pelipper\n|-weather|RainDance\n|move|p1b: Milotic|Hypnosis|p2a: Pelipper\n|-status|p2a: Pelipper|slp|[from] move: Hypnosis\n|\n|-weather|RainDance|[upkeep]\n|-heal|p1b: Milotic|100/100|[from] item: Leftovers\n|-sideend|p2: JorgeDeAstora|move: Tailwind\n|upkeep\n|turn|5\n|inactive|JorgeDeAstora has 30 seconds left.\n|\n|t:|1776593698\n|move|p1b: Milotic|Hypnosis|p2b: Aegislash\n|-status|p2b: Aegislash|slp|[from] move: Hypnosis\n|cant|p2a: Pelipper|slp\n|move|p1a: Sinistcha|Matcha Gotcha|p2a: Pelipper|[spread] p2a,p2b\n|-resisted|p2b: Aegislash|1\n|-damage|p2a: Pelipper|8/100 slp\n|-damage|p2b: Aegislash|91/100 slp\n|cant|p2b: Aegislash|slp\n|\n|-weather|RainDance|[upkeep]\n|-heal|p2b: Aegislash|97/100 slp|[from] item: Leftovers\n|upkeep\n|turn|6\n|inactive|v1olet gu4rd has 30 seconds left.\n|\n|t:|1776593724\n|cant|p2a: Pelipper|slp\n|move|p1b: Milotic|Muddy Water|p2b: Aegislash|[spread] p2a,p2b\n|-resisted|p2a: Pelipper|1\n|-damage|p2a: Pelipper|0 fnt\n|-damage|p2b: Aegislash|66/100 slp\n|faint|p2a: Pelipper\n|cant|p2b: Aegislash|slp\n|move|p1a: Sinistcha|Trick Room|p1a: Sinistcha\n|-fieldstart|move: Trick Room|[of] p1a: Sinistcha\n|\n|-weather|RainDance|[upkeep]\n|-heal|p2b: Aegislash|72/100 slp|[from] item: Leftovers\n|upkeep\n|\n|t:|1776593745\n|switch|p2a: Starmie|Starmie-Mega, L50|100/100\n|turn|7\n|\n|t:|1776593762\n|switch|p1a: Tyranitar|Tyranitar, L50, M, shiny|83/100\n|-weather|Sandstorm|[from] ability: Sand Stream|[of] p1a: Tyranitar\n|-curestatus|p2b: Aegislash|slp|[msg]\n|move|p2b: Aegislash|Wide Guard|p2b: Aegislash\n|-singleturn|p2b: Aegislash|Wide Guard\n|move|p1b: Milotic|Hypnosis|p2a: Starmie|[miss]\n|-miss|p1b: Milotic|p2a: Starmie\n|move|p2a: Starmie|Liquidation|p1a: Tyranitar\n|-supereffective|p1a: Tyranitar|1\n|-damage|p1a: Tyranitar|0 fnt\n|faint|p1a: Tyranitar\n|\n|-weather|Sandstorm|[upkeep]\n|-damage|p1b: Milotic|95/100|[from] Sandstorm\n|-damage|p2a: Starmie|95/100|[from] Sandstorm\n|-heal|p2b: Aegislash|78/100|[from] item: Leftovers\n|-heal|p1b: Milotic|100/100|[from] item: Leftovers\n|upkeep\n|\n|t:|1776593782\n|switch|p1a: Garchomp|Garchomp, L50, F, shiny|100/100\n|turn|8\n|inactive|JorgeDeAstora has 30 seconds left.\n|\n|t:|1776593807\n|move|p2b: Aegislash|King's Shield||[still]\n|-fail|p2b: Aegislash\n|move|p1b: Milotic|Hypnosis|p2a: Starmie\n|-status|p2a: Starmie|slp|[from] move: Hypnosis\n|move|p1a: Garchomp|Stomping Tantrum|p2b: Aegislash\n|-supereffective|p2b: Aegislash|1\n|-damage|p2b: Aegislash|15/100\n|cant|p2a: Starmie|slp\n|\n|-weather|Sandstorm|[upkeep]\n|-damage|p1b: Milotic|95/100|[from] Sandstorm\n|-damage|p2a: Starmie|89/100 slp|[from] Sandstorm\n|-heal|p2b: Aegislash|21/100|[from] item: Leftovers\n|-heal|p1b: Milotic|100/100|[from] item: Leftovers\n|upkeep\n|turn|9\n|\n|t:|1776593829\n|switch|p1a: Sinistcha|Sinistcha-Masterpiece, L50, shiny|100/100\n|move|p2b: Aegislash|King's Shield|p2b: Aegislash\n|-singleturn|p2b: Aegislash|Protect\n|move|p1b: Milotic|Muddy Water|p2b: Aegislash|[spread] p2a\n|-activate|p2b: Aegislash|move: Protect\n|-resisted|p2a: Starmie|1\n|-damage|p2a: Starmie|73/100 slp\n|cant|p2a: Starmie|slp\n|\n|-weather|Sandstorm|[upkeep]\n|-damage|p1a: Sinistcha|94/100|[from] Sandstorm\n|-damage|p1b: Milotic|95/100|[from] Sandstorm\n|-damage|p2a: Starmie|68/100 slp|[from] Sandstorm\n|-heal|p2b: Aegislash|27/100|[from] item: Leftovers\n|-heal|p1b: Milotic|100/100|[from] item: Leftovers\n|upkeep\n|turn|10\n|\n|t:|1776593849\n|-curestatus|p2a: Starmie|slp|[msg]\n|move|p2a: Starmie|Protect|p2a: Starmie\n|-singleturn|p2a: Starmie|Protect\n|move|p2b: Aegislash|Wide Guard|p2b: Aegislash\n|-singleturn|p2b: Aegislash|Wide Guard\n|move|p1a: Sinistcha|Matcha Gotcha|p2a: Starmie|[spread] \n|-activate|p2a: Starmie|move: Wide Guard\n|-activate|p2b: Aegislash|move: Wide Guard\n|move|p1b: Milotic|Muddy Water|p2a: Starmie|[spread] \n|-activate|p2a: Starmie|move: Wide Guard\n|-activate|p2b: Aegislash|move: Wide Guard\n|\n|-weather|Sandstorm|[upkeep]\n|-damage|p1a: Sinistcha|88/100|[from] Sandstorm\n|-damage|p1b: Milotic|95/100|[from] Sandstorm\n|-damage|p2a: Starmie|62/100|[from] Sandstorm\n|-heal|p2b: Aegislash|33/100|[from] item: Leftovers\n|-heal|p1b: Milotic|100/100|[from] item: Leftovers\n|-fieldend|move: Trick Room\n|upkeep\n|turn|11\n|inactive|v1olet gu4rd has 30 seconds left.\n|inactive|JorgeDeAstora has 30 seconds left.\n|inactive|JorgeDeAstora has 20 seconds left.\n|\n|t:|1776593888\n|move|p2a: Starmie|Liquidation|p1a: Sinistcha\n|-resisted|p1a: Sinistcha|1\n|-damage|p1a: Sinistcha|59/100\n|move|p1b: Milotic|Hypnosis|p2b: Aegislash\n|-status|p2b: Aegislash|slp|[from] move: Hypnosis\n|cant|p2b: Aegislash|slp\n|move|p1a: Sinistcha|Trick Room|p1a: Sinistcha\n|-fieldstart|move: Trick Room|[of] p1a: Sinistcha\n|\n|-weather|none\n|-heal|p2b: Aegislash|39/100 slp|[from] item: Leftovers\n|upkeep\n|turn|12\n|\n|t:|1776593906\n|-curestatus|p2b: Aegislash|slp|[msg]\n|move|p2b: Aegislash|Wide Guard|p2b: Aegislash\n|-singleturn|p2b: Aegislash|Wide Guard\n|move|p1a: Sinistcha|Matcha Gotcha|p2a: Starmie|[spread] \n|-activate|p2a: Starmie|move: Wide Guard\n|-activate|p2b: Aegislash|move: Wide Guard\n|move|p1b: Milotic|Muddy Water|p2a: Starmie|[spread] \n|-activate|p2a: Starmie|move: Wide Guard\n|-activate|p2b: Aegislash|move: Wide Guard\n|move|p2a: Starmie|Liquidation|p1a: Sinistcha\n|-resisted|p1a: Sinistcha|1\n|-damage|p1a: Sinistcha|32/100\n|-unboost|p1a: Sinistcha|def|1\n|-enditem|p1a: Sinistcha|Sitrus Berry|[eat]\n|-heal|p1a: Sinistcha|57/100|[from] item: Sitrus Berry\n|\n|-heal|p2b: Aegislash|45/100|[from] item: Leftovers\n|upkeep\n|turn|13\n|inactive|v1olet gu4rd has 30 seconds left.\n|inactive|JorgeDeAstora has 30 seconds left.\n|\n|t:|1776593939\n|switch|p1a: Garchomp|Garchomp, L50, F, shiny|100/100\n|move|p2a: Starmie|Protect|p2a: Starmie\n|-singleturn|p2a: Starmie|Protect\n|-formechange|p2b: Aegislash|Aegislash-Blade|\n|move|p2b: Aegislash|Shadow Ball|p1a: Garchomp\n|-damage|p1a: Garchomp|42/100\n|move|p1b: Milotic|Hypnosis|p2a: Starmie\n|-activate|p2a: Starmie|move: Protect\n|\n|-heal|p2b: Aegislash|51/100|[from] item: Leftovers\n|upkeep\n|turn|14\n|inactive|v1olet gu4rd has 30 seconds left.\n|inactive|v1olet gu4rd has 20 seconds left.\n|inactive|v1olet gu4rd has 15 seconds left.\n|\n|t:|1776593980\n|-formechange|p2b: Aegislash|Aegislash|\n|move|p2b: Aegislash|King's Shield|p2b: Aegislash\n|-singleturn|p2b: Aegislash|Protect\n|move|p1b: Milotic|Hypnosis|p2b: Aegislash\n|-status|p2b: Aegislash|slp|[from] move: Hypnosis\n|move|p1a: Garchomp|Stomping Tantrum|p2a: Starmie\n|-damage|p2a: Starmie|4/100\n|move|p2a: Starmie|Self-Destruct|p1a: Garchomp|[spread] p1a,p1b\n|-activate|p2b: Aegislash|move: Protect\n|-damage|p1a: Garchomp|0 fnt\n|-damage|p1b: Milotic|31/100\n|faint|p2a: Starmie\n|faint|p1a: Garchomp\n|\n|-heal|p2b: Aegislash|57/100 slp|[from] item: Leftovers\n|-heal|p1b: Milotic|37/100|[from] item: Leftovers\n|upkeep\n|\n|t:|1776593999\n|switch|p1a: Sinistcha|Sinistcha-Masterpiece, L50, shiny|57/100\n|switch|p2a: Basculegion|Basculegion, L50, M|39/100\n|-heal|p1b: Milotic|61/100|[from] ability: Hospitality|[of] p1a: Sinistcha\n|turn|15\n|\n|t:|1776594011\n|cant|p2b: Aegislash|slp\n|move|p1a: Sinistcha|Matcha Gotcha|p2a: Basculegion|[spread] p2a,p2b\n|-supereffective|p2a: Basculegion|1\n|-resisted|p2b: Aegislash|1\n|-damage|p2a: Basculegion|0 fnt\n|-heal|p1a: Sinistcha|78/100|[from] drain|[of] p2a: Basculegion\n|-damage|p2b: Aegislash|47/100 slp\n|-heal|p1a: Sinistcha|83/100|[from] drain|[of] p2b: Aegislash\n|faint|p2a: Basculegion\n|move|p1b: Milotic|Life Dew|p1b: Milotic|[spread] p1a,p1b\n|-heal|p1a: Sinistcha|100/100\n|-heal|p1b: Milotic|87/100\n|\n|-heal|p2b: Aegislash|53/100 slp|[from] item: Leftovers\n|-heal|p1b: Milotic|93/100|[from] item: Leftovers\n|-fieldend|move: Trick Room\n|upkeep\n|turn|16\n|\n|t:|1776594031\n|move|p1b: Milotic|Muddy Water|p2b: Aegislash\n|-damage|p2b: Aegislash|27/100 slp\n|move|p1a: Sinistcha|Matcha Gotcha|p2b: Aegislash\n|-resisted|p2b: Aegislash|1\n|-damage|p2b: Aegislash|15/100 slp\n|-curestatus|p2b: Aegislash|slp|[msg]\n|-formechange|p2b: Aegislash|Aegislash-Blade|\n|move|p2b: Aegislash|Shadow Ball|p1a: Sinistcha\n|-supereffective|p1a: Sinistcha|1\n|-damage|p1a: Sinistcha|0 fnt\n|faint|p1a: Sinistcha\n|\n|-heal|p1b: Milotic|99/100|[from] item: Leftovers\n|-heal|p2b: Aegislash|21/100|[from] item: Leftovers\n|upkeep\n|turn|17\n|\n|t:|1776594051\n|-formechange|p2b: Aegislash|Aegislash|\n|move|p2b: Aegislash|King's Shield|p2b: Aegislash\n|-singleturn|p2b: Aegislash|Protect\n|move|p1b: Milotic|Hypnosis|p2b: Aegislash\n|-status|p2b: Aegislash|slp|[from] move: Hypnosis\n|\n|-heal|p1b: Milotic|100/100|[from] item: Leftovers\n|-heal|p2b: Aegislash|27/100 slp|[from] item: Leftovers\n|upkeep\n|turn|18\n|\n|t:|1776594060\n|move|p1b: Milotic|Muddy Water|p2b: Aegislash\n|-damage|p2b: Aegislash|1/100 slp\n|cant|p2b: Aegislash|slp\n|\n|-heal|p2b: Aegislash|7/100 slp|[from] item: Leftovers\n|upkeep\n|turn|19\n|\n|t:|1776594068\n|-curestatus|p2b: Aegislash|slp|[msg]\n|move|p2b: Aegislash|Wide Guard|p2b: Aegislash\n|-singleturn|p2b: Aegislash|Wide Guard\n|move|p1b: Milotic|Muddy Water|p2b: Aegislash\n|-activate|p2b: Aegislash|move: Wide Guard\n|\n|-heal|p2b: Aegislash|13/100|[from] item: Leftovers\n|upkeep\n|turn|20\n|\n|t:|1776594078\n|move|p1b: Milotic|Muddy Water|p2b: Aegislash\n|-damage|p2b: Aegislash|0 fnt\n|faint|p2b: Aegislash\n|\n|win|v1olet gu4rd\n|raw|v1olet gu4rd's rating: 1275 &rarr; <strong>1299</strong><br />(+24 for winning)\n|raw|JorgeDeAstora's rating: 1260 &rarr; <strong>1236</strong><br />(-24 for losing)\n|l|\u2606JorgeDeAstora\n|player|p2|\n",
  "uploadtime": 1776594091,
  "views": 18,
  "formatid": "gen9championsvgc2026regma",
  "rating": 1236,
  "private": 0,
  "password": null
}