{
  "id": "gen9championsvgc2026regma-2583906644",
  "format": "[Gen 9 Champions] VGC 2026 Reg M-A",
  "players": [
    "lgh1032",
    "skibidisigma6741"
  ],
  "log": "|j|\u2606lgh1032\n|j|\u2606skibidisigma6741\n|t:|1776207196\n|gametype|doubles\n|player|p1|lgh1032|harlequin|1214\n|player|p2|skibidisigma6741|101|1204\n|gen|9\n|tier|[Gen 9 Champions] VGC 2026 Reg M-A\n|rated|\n|rule|Species Clause: Limit one of each Pok\u00e9mon\n|rule|Item Clause: Limit 1 of each item\n|clearpoke\n|poke|p1|Delphox, L50, F|\n|poke|p1|Ninetales, L50, F|\n|poke|p1|Kommo-o, L50, M|\n|poke|p1|Leafeon, L50, M|\n|poke|p1|Garchomp, L50, F|\n|poke|p1|Weavile, L50, M|\n|poke|p2|Golurk, L50|\n|poke|p2|Farigiraf, L50, F|\n|poke|p2|Sneasler, L50, F|\n|poke|p2|Venusaur, L50, M|\n|poke|p2|Torkoal, L50, M|\n|poke|p2|Incineroar, L50, F|\n|teampreview|4\nskibidisigma6741 has agreed to open team sheets.\n|inactive|Battle timer is ON: inactive players will automatically lose when time's up. (requested by lgh1032)\n|\n|t:|1776207231\n|teamsize|p1|4\n|teamsize|p2|4\n|start\n|switch|p1a: Weavile|Weavile, L50, M|100/100\n|switch|p1b: Leafeon|Leafeon, L50, M|100/100\n|switch|p2a: Golurk|Golurk, L50, shiny|100/100\n|switch|p2b: Farigiraf|Farigiraf, L50, F|100/100\n|-ability|p1a: Weavile|Pressure\n|turn|1\n|\n|t:|1776207252\n|detailschange|p2a: Golurk|Golurk-Mega, L50, shiny\n|-mega|p2a: Golurk|Golurk|Golurkite\n|move|p2a: Golurk|Protect|p2a: Golurk\n|-singleturn|p2a: Golurk|Protect\n|move|p1a: Weavile|Taunt|p2b: Farigiraf\n|-start|p2b: Farigiraf|move: Taunt\n|-enditem|p2b: Farigiraf|Mental Herb\n|-end|p2b: Farigiraf|move: Taunt\n|move|p1b: Leafeon|Leaf Blade|p2a: Golurk\n|-activate|p2a: Golurk|move: Protect\n|move|p2b: Farigiraf|Trick Room|p2b: Farigiraf\n|-fieldstart|move: Trick Room|[of] p2b: Farigiraf\n|\n|upkeep\n|turn|2\n|inactive|skibidisigma6741 has 30 seconds left.\n|\n|t:|1776207278\n|move|p2a: Golurk|Poltergeist|p1b: Leafeon|[miss]\n|-miss|p2a: Golurk|p1b: Leafeon\n|move|p2b: Farigiraf|Hyper Voice|p1b: Leafeon|[spread] p1a,p1b\n|-damage|p1a: Weavile|63/100\n|-damage|p1b: Leafeon|62/100\n|move|p1b: Leafeon|Leaf Blade|p2a: Golurk\n|-supereffective|p2a: Golurk|1\n|-crit|p2a: Golurk\n|-damage|p2a: Golurk|0 fnt\n|faint|p2a: Golurk\n|move|p1a: Weavile|Triple Axel|p2b: Farigiraf\n|-damage|p2b: Farigiraf|91/100\n|-damage|p2b: Farigiraf|72/100\n|-hitcount|p2b: Farigiraf|2\n|\n|upkeep\n|c|\u2606skibidisigma6741|bro\n|\n|t:|1776207292\n|switch|p2a: Incineroar|Incineroar, L50, F|100/100\n|-ability|p2a: Incineroar|Intimidate|boost\n|-unboost|p1a: Weavile|atk|1\n|-unboost|p1b: Leafeon|atk|1\n|turn|3\n|c|\u2606lgh1032|lmaoooo\n|inactive|lgh1032 has 30 seconds left.\n|inactive|skibidisigma6741 has 30 seconds left.\n|\n|t:|1776207326\n|move|p1b: Leafeon|Detect|p1b: Leafeon\n|-singleturn|p1b: Leafeon|Protect\n|move|p2b: Farigiraf|Hyper Voice|p1a: Weavile|[spread] p1a\n|-activate|p1b: Leafeon|move: Protect\n|-damage|p1a: Weavile|26/100\n|move|p2a: Incineroar|Flare Blitz|p1a: Weavile\n|-supereffective|p1a: Weavile|1\n|-damage|p1a: Weavile|0 fnt\n|faint|p1a: Weavile\n|-damage|p2a: Incineroar|94/100|[from] Recoil\n|\n|upkeep\n|\n|t:|1776207338\n|switch|p1a: Ninetales|Ninetales, L50, F, shiny|100/100\n|-weather|SunnyDay|[from] ability: Drought|[of] p1a: Ninetales\n|turn|4\n|\n|t:|1776207348\n|move|p2b: Farigiraf|Hyper Voice|p1b: Leafeon|[spread] p1a,p1b\n|-damage|p1a: Ninetales|76/100\n|-damage|p1b: Leafeon|23/100\n|move|p2a: Incineroar|Flare Blitz|p1b: Leafeon\n|-supereffective|p1b: Leafeon|1\n|-damage|p1b: Leafeon|0 fnt\n|faint|p1b: Leafeon\n|-damage|p2a: Incineroar|89/100|[from] Recoil\n|move|p1a: Ninetales|Snarl|p2a: Incineroar|[spread] p2b\n|-miss|p1a: Ninetales|p2a: Incineroar\n|-supereffective|p2b: Farigiraf|1\n|-damage|p2b: Farigiraf|58/100\n|-unboost|p2b: Farigiraf|spa|1\n|\n|-weather|SunnyDay|[upkeep]\n|upkeep\n|\n|t:|1776207353\n|switch|p1b: Delphox|Delphox, L50, F, shiny|100/100\n|turn|5\n|\n|t:|1776207361\n|move|p1b: Delphox|Protect|p1b: Delphox\n|-singleturn|p1b: Delphox|Protect\n|move|p1a: Ninetales|Protect|p1a: Ninetales\n|-singleturn|p1a: Ninetales|Protect\n|move|p2b: Farigiraf|Hyper Voice|p1b: Delphox|[spread] \n|-activate|p1a: Ninetales|move: Protect\n|-activate|p1b: Delphox|move: Protect\n|move|p2a: Incineroar|Darkest Lariat|p1b: Delphox\n|-activate|p1b: Delphox|move: Protect\n|\n|-weather|SunnyDay|[upkeep]\n|-fieldend|move: Trick Room\n|upkeep\n|turn|6\n|inactive|lgh1032 has 30 seconds left.\n|\n|t:|1776207388\n|detailschange|p1b: Delphox|Delphox-Mega, L50, F, shiny\n|-mega|p1b: Delphox|Delphox|Delphoxite\n|move|p1b: Delphox|Heat Wave|p2b: Farigiraf|[spread] p2a,p2b\n|-resisted|p2a: Incineroar|1\n|-damage|p2a: Incineroar|66/100\n|-damage|p2b: Farigiraf|12/100\n|move|p1a: Ninetales|Heat Wave|p2b: Farigiraf|[spread] p2a,p2b\n|-resisted|p2a: Incineroar|1\n|-damage|p2a: Incineroar|51/100\n|-damage|p2b: Farigiraf|0 fnt\n|faint|p2b: Farigiraf\n|move|p2a: Incineroar|Parting Shot|p1b: Delphox\n|-unboost|p1b: Delphox|atk|1\n|-unboost|p1b: Delphox|spa|1\n|\n|t:|1776207398\n|switch|p2a: Sneasler|Sneasler, L50, F|100/100|[from] Parting Shot\n|\n|-weather|SunnyDay|[upkeep]\n|upkeep\n|\n|t:|1776207399\n|switch|p2b: Incineroar|Incineroar, L50, F|51/100\n|-ability|p2b: Incineroar|Intimidate|boost\n|-unboost|p1a: Ninetales|atk|1\n|-unboost|p1b: Delphox|atk|1\n|turn|7\n|\n|t:|1776207418\n|move|p1b: Delphox|Protect|p1b: Delphox\n|-singleturn|p1b: Delphox|Protect\n|move|p1a: Ninetales|Protect|p1a: Ninetales\n|-singleturn|p1a: Ninetales|Protect\n|move|p2b: Incineroar|Fake Out|p1a: Ninetales\n|-activate|p1a: Ninetales|move: Protect\n|move|p2a: Sneasler|Coaching|p2b: Incineroar\n|-boost|p2b: Incineroar|atk|1\n|-boost|p2b: Incineroar|def|1\n|\n|-weather|SunnyDay|[upkeep]\n|upkeep\n|turn|8\n|\n|t:|1776207438\n|move|p1b: Delphox|Psyshock|p2a: Sneasler\n|-supereffective|p2a: Sneasler|2\n|-damage|p2a: Sneasler|0 fnt\n|faint|p2a: Sneasler\n|move|p1a: Ninetales|Heat Wave|p2b: Incineroar\n|-resisted|p2b: Incineroar|1\n|-damage|p2b: Incineroar|31/100\n|move|p2b: Incineroar|Darkest Lariat|p1b: Delphox\n|-supereffective|p1b: Delphox|1\n|-damage|p1b: Delphox|0 fnt\n|faint|p1b: Delphox\n|\n|-weather|none\n|upkeep\n|turn|9\n|\n|t:|1776207454\n|move|p1a: Ninetales|Heat Wave|p2b: Incineroar\n|-resisted|p2b: Incineroar|1\n|-damage|p2b: Incineroar|19/100\n|move|p2b: Incineroar|Darkest Lariat|p1a: Ninetales\n|-damage|p1a: Ninetales|9/100\n|\n|upkeep\n|turn|10\n|\n|t:|1776207460\n|move|p1a: Ninetales|Heat Wave|p2b: Incineroar\n|-resisted|p2b: Incineroar|1\n|-damage|p2b: Incineroar|5/100\n|move|p2b: Incineroar|Darkest Lariat|p1a: Ninetales\n|-damage|p1a: Ninetales|0 fnt\n|faint|p1a: Ninetales\n|\n|win|skibidisigma6741\n|raw|lgh1032's rating: 1214 &rarr; <strong>1188</strong><br />(-26 for losing)\n|raw|skibidisigma6741's rating: 1204 &rarr; <strong>1230</strong><br />(+26 for winning)\n|c|\u2606skibidisigma6741|g\n|c|\u2606skibidisigma6741|g\n|c|\u2606skibidisigma6741|g\n|c|\u2606skibidisigma6741|g\n|c|\u2606skibidisigma6741|g\n|c|\u2606skibidisigma6741|g\n|c|\u2606skibidisigma6741|gg\n|c|\u2606lgh1032|gg\n",
  "uploadtime": 1776207469,
  "views": 17,
  "formatid": "gen9championsvgc2026regma",
  "rating": 1188,
  "private": 0,
  "password": null
}