{
  "id": "gen9championsvgc2026regma-2586746476",
  "format": "[Gen 9 Champions] VGC 2026 Reg M-A",
  "players": [
    "Yslade",
    "Lessa_ped"
  ],
  "log": "|j|\u2606Yslade\n|j|\u2606Lessa_ped\n|html|<table width=\"100%\"><tr><td align=\"left\">Yslade</td><td align=\"right\">Lessa_ped</tr><tr><td align=\"left\"><i class=\"fa fa-circle-o\"></i> <i class=\"fa fa-circle-o\"></i> </td><td align=\"right\"><i class=\"fa fa-circle-o\"></i> <i class=\"fa fa-circle-o\"></i> </tr></table>\n|uhtml|bestof|<h2><strong>Game 1</strong> of <a href=\"/game-bestof3-gen9championsvgc2026regma-2586746474\">a best-of-3</a></h2>\n|t:|1776456673\n|gametype|doubles\n|player|p1|Yslade|preschooler|\n|player|p2|Lessa_ped|n|\n|gen|9\n|tier|[Gen 9 Champions] VGC 2026 Reg M-A\n|rule|Species Clause: Limit one of each Pok\u00e9mon\n|rule|Item Clause: Limit 1 of each item\n|raw|<div class=\"infobox\"><details class=\"readmore\" open><summary><strong>1 custom rule:</strong></summary> Best of = 3</details></div>\n|clearpoke\n|poke|p1|Oranguru, L50, M|\n|poke|p1|Torkoal, L50, F|\n|poke|p1|Hatterene, L50, F|\n|poke|p1|Drampa, L50, F|\n|poke|p1|Venusaur, L50, F|\n|poke|p1|Incineroar, L50, F|\n|poke|p2|Archaludon, L50, F|\n|poke|p2|Pelipper, L50, M|\n|poke|p2|Sneasler, L50, F|\n|poke|p2|Incineroar, L50, F|\n|poke|p2|Basculegion, L50, M|\n|poke|p2|Meganium, L50, M|\n|teampreview|4\n|inactive|Battle timer is ON: inactive players will automatically lose when time's up. (requested by Yslade)\n|\n|t:|1776456692\n|teamsize|p1|4\n|teamsize|p2|4\n|start\n|switch|p1a: Oranguru|Oranguru, L50, M|100/100\n|switch|p1b: Torkoal|Torkoal, L50, F|100/100\n|switch|p2a: Incineroar|Incineroar, L50, F, shiny|100/100\n|switch|p2b: Basculegion|Basculegion, L50, M, shiny|100/100\n|-ability|p2a: Incineroar|Intimidate|boost\n|-fail|p1a: Oranguru|unboost|Attack|[from] ability: Inner Focus|[of] p1a: Oranguru\n|-unboost|p1b: Torkoal|atk|1\n|-weather|SunnyDay|[from] ability: Drought|[of] p1b: Torkoal\n|turn|1\n|inactive|Lessa_ped has 30 seconds left.\n|\n|t:|1776456724\n|switch|p2a: Pelipper|Pelipper, L50, M, shiny|100/100\n|-weather|RainDance|[from] ability: Drizzle|[of] p2a: Pelipper\n|move|p1b: Torkoal|Protect|p1b: Torkoal\n|-singleturn|p1b: Torkoal|Protect\n|move|p2b: Basculegion|Wave Crash|p1b: Torkoal\n|-activate|p1b: Torkoal|move: Protect\n|move|p1a: Oranguru|Trick Room|p1a: Oranguru\n|-fieldstart|move: Trick Room|[of] p1a: Oranguru\n|\n|-weather|RainDance|[upkeep]\n|upkeep\n|turn|2\n|inactive|Yslade has 30 seconds left.\n|\n|t:|1776456753\n|switch|p1b: Drampa|Drampa, L50, F|100/100\n|move|p1a: Oranguru|Psyshock|p2a: Pelipper\n|-damage|p2a: Pelipper|68/100\n|move|p2a: Pelipper|Weather Ball|p1b: Drampa\n|-resisted|p1b: Drampa|1\n|-damage|p1b: Drampa|65/100\n|move|p2b: Basculegion|Wave Crash|p1b: Drampa\n|-resisted|p1b: Drampa|1\n|-damage|p1b: Drampa|2/100\n|-damage|p2b: Basculegion|81/100|[from] Recoil\n|-ability|p1b: Drampa|Berserk|boost\n|-boost|p1b: Drampa|spa|1\n|\n|-weather|RainDance|[upkeep]\n|upkeep\n|turn|3\n|inactive|Yslade has 30 seconds left.\n|inactive|Lessa_ped has 30 seconds left.\n|\n|t:|1776456784\n|switch|p2a: Incineroar|Incineroar, L50, F, shiny|100/100\n|-ability|p2a: Incineroar|Intimidate|boost\n|-fail|p1a: Oranguru|unboost|Attack|[from] ability: Inner Focus|[of] p1a: Oranguru\n|-unboost|p1b: Drampa|atk|1\n|move|p2b: Basculegion|Aqua Jet|p1b: Drampa\n|-resisted|p1b: Drampa|1\n|-damage|p1b: Drampa|0 fnt\n|faint|p1b: Drampa\n|move|p1a: Oranguru|Instruct|p1: Drampa|[notarget]\n|-fail|p1a: Oranguru\n|\n|-weather|RainDance|[upkeep]\n|upkeep\n|\n|t:|1776456796\n|switch|p1b: Torkoal|Torkoal, L50, F|100/100\n|-weather|SunnyDay|[from] ability: Drought|[of] p1b: Torkoal\n|turn|4\n|\n|t:|1776456814\n|switch|p1b: Hatterene|Hatterene, L50, F|100/100\n|switch|p2a: Pelipper|Pelipper, L50, M, shiny|68/100\n|-weather|RainDance|[from] ability: Drizzle|[of] p2a: Pelipper\n|move|p1a: Oranguru|Psyshock|p2b: Basculegion\n|-damage|p2b: Basculegion|49/100\n|move|p2b: Basculegion|Wave Crash|p1b: Hatterene\n|-enditem|p1b: Hatterene|Focus Sash\n|-damage|p1b: Hatterene|1/100\n|-damage|p2b: Basculegion|21/100|[from] Recoil\n|\n|-weather|RainDance|[upkeep]\n|upkeep\n|turn|5\n|inactive|Lessa_ped has 30 seconds left.\n|inactive|Lessa_ped has 20 seconds left.\n|\n|t:|1776456850\n|switch|p1b: Torkoal|Torkoal, L50, F|100/100\n|-weather|SunnyDay|[from] ability: Drought|[of] p1b: Torkoal\n|switch|p2a: Incineroar|Incineroar, L50, F, shiny|100/100\n|-ability|p2a: Incineroar|Intimidate|boost\n|-fail|p1a: Oranguru|unboost|Attack|[from] ability: Inner Focus|[of] p1a: Oranguru\n|-unboost|p1b: Torkoal|atk|1\n|move|p2b: Basculegion|Protect|p2b: Basculegion\n|-singleturn|p2b: Basculegion|Protect\n|move|p1a: Oranguru|Psyshock|p2b: Basculegion\n|-activate|p2b: Basculegion|move: Protect\n|\n|-weather|SunnyDay|[upkeep]\n|-fieldend|move: Trick Room\n|upkeep\n|turn|6\n|\n|t:|1776456869\n|switch|p2b: Pelipper|Pelipper, L50, M, shiny|68/100\n|-weather|RainDance|[from] ability: Drizzle|[of] p2b: Pelipper\n|move|p2a: Incineroar|Fake Out|p1a: Oranguru\n|-damage|p1a: Oranguru|92/100\n|move|p1b: Torkoal|Eruption|p2a: Incineroar|[spread] p2a,p2b\n|-resisted|p2a: Incineroar|1\n|-resisted|p2b: Pelipper|1\n|-crit|p2b: Pelipper\n|-damage|p2a: Incineroar|89/100\n|-damage|p2b: Pelipper|33/100\n|move|p1a: Oranguru|Trick Room|p1a: Oranguru\n|-fieldstart|move: Trick Room|[of] p1a: Oranguru\n|\n|-weather|RainDance|[upkeep]\n|upkeep\n|turn|7\n|c|\u2606Lessa_ped|esqueci dessa porra\n|inactive|Yslade has 30 seconds left.\n|inactive|Lessa_ped has 30 seconds left.\n|\n|t:|1776456897\n|move|p2b: Pelipper|Protect|p2b: Pelipper\n|-singleturn|p2b: Pelipper|Protect\n|move|p1b: Torkoal|Eruption|p2a: Incineroar|[spread] p2a\n|-activate|p2b: Pelipper|move: Protect\n|-resisted|p2a: Incineroar|1\n|-damage|p2a: Incineroar|77/100\n|move|p1a: Oranguru|Instruct|p1b: Torkoal\n|-singleturn|p1b: Torkoal|move: Instruct|[of] p1a: Oranguru\n|move|p1b: Torkoal|Eruption|p2a: Incineroar|[spread] p2a\n|-activate|p2b: Pelipper|move: Protect\n|-resisted|p2a: Incineroar|1\n|-damage|p2a: Incineroar|65/100\n|move|p2a: Incineroar|Darkest Lariat|p1a: Oranguru\n|-supereffective|p1a: Oranguru|1\n|-damage|p1a: Oranguru|44/100\n|\n|-weather|RainDance|[upkeep]\n|upkeep\n|turn|8\n|\n|t:|1776456914\n|switch|p1b: Hatterene|Hatterene, L50, F|1/100\n|switch|p2b: Archaludon|Archaludon, L50, F, shiny|100/100\n|move|p1a: Oranguru|Protect|p1a: Oranguru\n|-singleturn|p1a: Oranguru|Protect\n|move|p2a: Incineroar|Darkest Lariat|p1a: Oranguru\n|-activate|p1a: Oranguru|move: Protect\n|\n|-weather|RainDance|[upkeep]\n|upkeep\n|turn|9\n|\n|t:|1776456925\n|move|p2b: Archaludon|Protect|p2b: Archaludon\n|-singleturn|p2b: Archaludon|Protect\n|move|p1b: Hatterene|Dazzling Gleam|p2b: Archaludon|[spread] p2a\n|-activate|p2b: Archaludon|move: Protect\n|-damage|p2a: Incineroar|37/100\n|-enditem|p2a: Incineroar|Sitrus Berry|[eat]\n|-heal|p2a: Incineroar|61/100|[from] item: Sitrus Berry\n|move|p1a: Oranguru|Instruct|p1b: Hatterene\n|-singleturn|p1b: Hatterene|move: Instruct|[of] p1a: Oranguru\n|move|p1b: Hatterene|Dazzling Gleam|p2a: Incineroar|[spread] p2a\n|-activate|p2b: Archaludon|move: Protect\n|-damage|p2a: Incineroar|35/100\n|move|p2a: Incineroar|Darkest Lariat|p1b: Hatterene\n|-damage|p1b: Hatterene|0 fnt\n|faint|p1b: Hatterene\n|\n|-weather|RainDance|[upkeep]\n|upkeep\n|\n|t:|1776456933\n|switch|p1b: Torkoal|Torkoal, L50, F|100/100\n|-weather|SunnyDay|[from] ability: Drought|[of] p1b: Torkoal\n|turn|10\n|\n|t:|1776456955\n|switch|p2a: Pelipper|Pelipper, L50, M, shiny|33/100\n|-weather|RainDance|[from] ability: Drizzle|[of] p2a: Pelipper\n|move|p1b: Torkoal|Eruption|p2b: Archaludon|[spread] p2a,p2b\n|-resisted|p2a: Pelipper|1\n|-damage|p2a: Pelipper|9/100\n|-damage|p2b: Archaludon|75/100\n|-ability|p2b: Archaludon|Stamina|boost\n|-boost|p2b: Archaludon|def|1\n|move|p1a: Oranguru|Instruct|p1b: Torkoal\n|-singleturn|p1b: Torkoal|move: Instruct|[of] p1a: Oranguru\n|move|p1b: Torkoal|Eruption|p2a: Pelipper|[spread] p2a,p2b\n|-resisted|p2a: Pelipper|1\n|-damage|p2a: Pelipper|0 fnt\n|-damage|p2b: Archaludon|49/100\n|-ability|p2b: Archaludon|Stamina|boost\n|-boost|p2b: Archaludon|def|1\n|faint|p2a: Pelipper\n|move|p2b: Archaludon|Draco Meteor|p1b: Torkoal\n|-damage|p1b: Torkoal|22/100\n|-unboost|p2b: Archaludon|spa|2\n|\n|-weather|RainDance|[upkeep]\n|-heal|p2b: Archaludon|55/100|[from] item: Leftovers\n|-fieldend|move: Trick Room\n|upkeep\n|\n|t:|1776456978\n|switch|p2a: Basculegion|Basculegion, L50, M, shiny|21/100\n|turn|11\n|\n|t:|1776456993\n|move|p1b: Torkoal|Protect|p1b: Torkoal\n|-singleturn|p1b: Torkoal|Protect\n|move|p2a: Basculegion|Aqua Jet|p1a: Oranguru\n|-damage|p1a: Oranguru|14/100\n|move|p2b: Archaludon|Electro Shot||[still]\n|-prepare|p2b: Archaludon|Electro Shot\n|-boost|p2b: Archaludon|spa|1\n|-anim|p2b: Archaludon|Electro Shot|p1a: Oranguru\n|-damage|p1a: Oranguru|0 fnt\n|faint|p1a: Oranguru\n|\n|-weather|RainDance|[upkeep]\n|-heal|p2b: Archaludon|61/100|[from] item: Leftovers\n|upkeep\n|turn|12\n|\n|t:|1776457008\n|move|p1b: Torkoal|Protect|p1b: Torkoal\n|-singleturn|p1b: Torkoal|Protect\n|move|p2a: Basculegion|Wave Crash|p1b: Torkoal\n|-activate|p1b: Torkoal|move: Protect\n|move|p2b: Archaludon|Draco Meteor|p1b: Torkoal\n|-activate|p1b: Torkoal|move: Protect\n|\n|-weather|RainDance|[upkeep]\n|-heal|p2b: Archaludon|67/100|[from] item: Leftovers\n|upkeep\n|turn|13\n|\n|t:|1776457016\n|move|p1b: Torkoal|Protect||[still]\n|-fail|p1b: Torkoal\n|move|p2a: Basculegion|Wave Crash|p1b: Torkoal\n|-supereffective|p1b: Torkoal|1\n|-damage|p1b: Torkoal|0 fnt\n|faint|p1b: Torkoal\n|-damage|p2a: Basculegion|15/100|[from] Recoil\n|\n|win|Lessa_ped\n||Lessa_ped is ready for game 2.\n",
  "uploadtime": 1776457020,
  "views": 56,
  "formatid": "gen9championsvgc2026regma",
  "rating": null,
  "private": 0,
  "password": null
}