{
  "id": "gen9championsvgc2026regma-2581878166",
  "format": "[Gen 9 Champions] VGC 2026 Reg M-A",
  "players": [
    "tegijorfkwpdfeg",
    "Morrocan AXL BLAZE"
  ],
  "log": "|j|\u2606tegijorfkwpdfeg\n|j|\u2606Morrocan AXL BLAZE\n|t:|1776036041\n|gametype|doubles\n|player|p1|tegijorfkwpdfeg|266|1053\n|player|p2|Morrocan AXL BLAZE|nate|1043\n|gen|9\n|tier|[Gen 9 Champions] VGC 2026 Reg M-A\n|rated|\n|rule|Species Clause: Limit one of each Pok\u00e9mon\n|rule|Item Clause: Limit 1 of each item\n|clearpoke\n|poke|p1|Froslass, L50, F|\n|poke|p1|Glaceon, L50, F|\n|poke|p1|Garchomp, L50, M|\n|poke|p1|Orthworm, L50, F|\n|poke|p1|Whimsicott, L50, F|\n|poke|p1|Feraligatr, L50, F|\n|poke|p2|Arcanine-Hisui, L50, F|\n|poke|p2|Palafin, L50, F|\n|poke|p2|Sinistcha, L50|\n|poke|p2|Talonflame, L50, M|\n|poke|p2|Froslass, L50, F|\n|poke|p2|Ninetales-Alola, L50, M|\n|teampreview|4\nMorrocan AXL BLAZE has agreed to open team sheets.\n|\n|t:|1776036063\n|teamsize|p1|4\n|teamsize|p2|4\n|start\n|switch|p1a: Orthworm|Orthworm, L50, F|100/100\n|switch|p1b: Garchomp|Garchomp, L50, M|100/100\n|switch|p2a: true eve|Froslass, L50, F|100/100\n|switch|p2b: subhuman|Sinistcha, L50|100/100\n|turn|1\n|\n|t:|1776036077\n|detailschange|p2a: true eve|Froslass-Mega, L50, F\n|-mega|p2a: true eve|Froslass|Froslassite\n|-weather|Snowscape|[from] ability: Snow Warning|[of] p2a: true eve\n|move|p2b: subhuman|Rage Powder|p2b: subhuman\n|-singleturn|p2b: subhuman|move: Rage Powder\n|move|p1b: Garchomp|Rock Slide|p2b: subhuman|[spread] p2a,p2b\n|-supereffective|p2a: true eve|1\n|-damage|p2a: true eve|70/100\n|-damage|p2b: subhuman|83/100\n|move|p2a: true eve|Nasty Plot|p2a: true eve\n|-boost|p2a: true eve|spa|2\n|move|p1a: Orthworm|Shed Tail|p1a: Orthworm\n|-start|p1a: Orthworm|Substitute|[from] move: Shed Tail\n|-damage|p1a: Orthworm|50/100\n|-enditem|p1a: Orthworm|Sitrus Berry|[eat]\n|-heal|p1a: Orthworm|75/100|[from] item: Sitrus Berry\n|\n|t:|1776036095\n|switch|p1a: Froslass|Froslass, L50, F, shiny|100/100|[from] Shed Tail\n|\n|-weather|Snowscape|[upkeep]\n|upkeep\n|turn|2\n|\n|t:|1776036106\n|move|p2b: subhuman|Rage Powder|p2b: subhuman\n|-singleturn|p2b: subhuman|move: Rage Powder\n|move|p1b: Garchomp|Rock Slide|p2a: true eve|[spread] p2a\n|-miss|p1b: Garchomp|p2b: subhuman\n|-supereffective|p2a: true eve|1\n|-damage|p2a: true eve|43/100\n|move|p1a: Froslass|Nasty Plot|p1a: Froslass\n|-boost|p1a: Froslass|spa|2\n|move|p2a: true eve|Blizzard|p1a: Froslass|[spread] p1a,p1b\n|-resisted|p1a: Froslass|1\n|-end|p1a: Froslass|Substitute\n|-supereffective|p1b: Garchomp|2\n|-damage|p1b: Garchomp|0 fnt\n|faint|p1b: Garchomp\n|\n|-weather|Snowscape|[upkeep]\n|upkeep\n|\n|t:|1776036123\n|switch|p1b: Feraligatr|Feraligatr, L50, F|100/100\n|turn|3\n|\n|t:|1776036136\n|detailschange|p1a: Froslass|Froslass-Mega, L50, F, shiny\n|-mega|p1a: Froslass|Froslass|Froslassite\n|move|p2a: true eve|Protect|p2a: true eve\n|-singleturn|p2a: true eve|Protect\n|move|p2b: subhuman|Rage Powder|p2b: subhuman\n|-singleturn|p2b: subhuman|move: Rage Powder\n|move|p1b: Feraligatr|Aqua Jet|p2b: subhuman\n|-resisted|p2b: subhuman|1\n|-damage|p2b: subhuman|72/100\n|move|p1a: Froslass|Blizzard|p2b: subhuman|[spread] p2b\n|-activate|p2a: true eve|move: Protect\n|-supereffective|p2b: subhuman|1\n|-damage|p2b: subhuman|0 fnt\n|faint|p2b: subhuman\n|\n|-weather|Snowscape|[upkeep]\n|upkeep\n|\n|t:|1776036150\n|switch|p2b: mtn|Talonflame, L50, M, shiny|100/100\n|turn|4\n|\n|t:|1776036158\n|move|p2b: mtn|Tailwind|p2b: mtn\n|-sidestart|p2: Morrocan AXL BLAZE|move: Tailwind\n|move|p2a: true eve|Blizzard|p1a: Froslass|[spread] p1a,p1b\n|-resisted|p1a: Froslass|1\n|-resisted|p1b: Feraligatr|1\n|-damage|p1a: Froslass|50/100\n|-damage|p1b: Feraligatr|52/100\n|move|p1a: Froslass|Blizzard|p2a: true eve|[spread] p2a,p2b\n|-resisted|p2a: true eve|1\n|-damage|p2a: true eve|0 fnt\n|-damage|p2b: mtn|0 fnt\n|faint|p2a: true eve\n|faint|p2b: mtn\n|move|p1b: Feraligatr|Dragon Dance|p1b: Feraligatr\n|-boost|p1b: Feraligatr|atk|1\n|-boost|p1b: Feraligatr|spe|1\n|\n|-weather|Snowscape|[upkeep]\n|upkeep\n|\n|t:|1776036163\n|switch|p2b: Chad|Arcanine-Hisui, L50, F|100/100\n|-ability|p2b: Chad|Intimidate|boost\n|-unboost|p1a: Froslass|atk|1\n|-unboost|p1b: Feraligatr|atk|1\n|turn|5\n|c|\u2606tegijorfkwpdfeg|gg\n|\n|t:|1776036180\n|move|p2b: Chad|Rock Slide|p1a: Froslass|[spread] p1a,p1b\n|-supereffective|p1a: Froslass|1\n|-damage|p1a: Froslass|0 fnt\n|-damage|p1b: Feraligatr|22/100\n|faint|p1a: Froslass\n|move|p1b: Feraligatr|Liquidation|p2b: Chad\n|-supereffective|p2b: Chad|2\n|-damage|p2b: Chad|0 fnt\n|faint|p2b: Chad\n|\n|win|tegijorfkwpdfeg\n|raw|tegijorfkwpdfeg's rating: 1053 &rarr; <strong>1084</strong><br />(+31 for winning)\n|raw|Morrocan AXL BLAZE's rating: 1043 &rarr; <strong>1027</strong><br />(-16 for losing)\n",
  "uploadtime": 1776036180,
  "views": 9,
  "formatid": "gen9championsvgc2026regma",
  "rating": 1027,
  "private": 0,
  "password": null
}