{
  "id": "gen9championsvgc2026regma-2583691541",
  "format": "[Gen 9 Champions] VGC 2026 Reg M-A",
  "players": [
    "jljlnlnll",
    "Blackbeard_78x"
  ],
  "log": "|j|\u2606jljlnlnll\n|j|\u2606Blackbeard_78x\n|t:|1776191323\n|gametype|doubles\n|player|p1|jljlnlnll|266|\n|player|p2|Blackbeard_78x|az|\n|gen|9\n|tier|[Gen 9 Champions] VGC 2026 Reg M-A\n|rule|Species Clause: Limit one of each Pok\u00e9mon\n|rule|Item Clause: Limit 1 of each item\n|clearpoke\n|poke|p1|Palafin, L50, M|\n|poke|p1|Pelipper, L50, M|\n|poke|p1|Charizard, L50, M|\n|poke|p1|Venusaur, L50, M|\n|poke|p1|Sylveon, L50, M|\n|poke|p1|Kingambit, L50, F|\n|poke|p2|Charizard, L50, M|\n|poke|p2|Jolteon, L50, F|\n|poke|p2|Arcanine-Hisui, L50, M|\n|poke|p2|Venusaur, L50, M|\n|poke|p2|Whimsicott, L50, F|\n|poke|p2|Maushold, L50|\n|teampreview|4\n|inactive|Battle timer is ON: inactive players will automatically lose when time's up. (requested by Blackbeard_78x)\njljlnlnll rejected open team sheets.\n|\n|t:|1776191341\n|teamsize|p1|4\n|teamsize|p2|4\n|start\n|switch|p1a: Palafin|Palafin, L50, M|100/100\n|switch|p1b: Venusaur|Venusaur, L50, M|100/100\n|switch|p2a: Arcanine|Arcanine-Hisui, L50, M|100/100\n|switch|p2b: Venusaur|Venusaur, L50, M|100/100\n|-ability|p2a: Arcanine|Intimidate|boost\n|-unboost|p1a: Palafin|atk|1\n|-unboost|p1b: Venusaur|atk|1\n|turn|1\n|c|\u2606Blackbeard_78x|how many times will you rechallenge\n|\n|t:|1776191366\n|move|p1a: Palafin|Jet Punch|p2a: Arcanine\n|-supereffective|p2a: Arcanine|2\n|-enditem|p2a: Arcanine|Passho Berry|[eat]\n|-enditem|p2a: Arcanine|Passho Berry|[weaken]\n|-damage|p2a: Arcanine|65/100\n|move|p2a: Arcanine|Flare Blitz|p1b: Venusaur\n|-supereffective|p1b: Venusaur|1\n|-damage|p1b: Venusaur|0 fnt\n|faint|p1b: Venusaur\n|-damage|p2a: Arcanine|35/100|[from] Recoil\n|move|p2b: Venusaur|Solar Beam||[still]\n|-prepare|p2b: Venusaur|Solar Beam\n|\n|upkeep\n|\n|t:|1776191375\n|switch|p1b: Pelipper|Pelipper, L50, M|100/100\n|-weather|RainDance|[from] ability: Drizzle|[of] p1b: Pelipper\n|turn|2\n|\n|t:|1776191382\n|switch|p2a: Whimsicott|Whimsicott, L50, F|100/100\n|move|p1a: Palafin|Close Combat|p2a: Whimsicott\n|-resisted|p2a: Whimsicott|1\n|-damage|p2a: Whimsicott|87/100\n|-unboost|p1a: Palafin|def|1\n|-unboost|p1a: Palafin|spd|1\n|move|p2b: Venusaur|Solar Beam|p1a: Palafin|[from] lockedmove\n|-supereffective|p1a: Palafin|1\n|-damage|p1a: Palafin|8/100\n|move|p1b: Pelipper|Tailwind|p1b: Pelipper\n|-sidestart|p1: jljlnlnll|move: Tailwind\n|\n|-weather|RainDance|[upkeep]\n|upkeep\n|turn|3\n|\n|t:|1776191405\n|detailschange|p1a: Palafin|Palafin-Hero, L50, M\n|switch|p1a: Kingambit|Kingambit, L50, F|100/100\n|detailschange|p2b: Venusaur|Venusaur-Mega, L50, M\n|-mega|p2b: Venusaur|Venusaur|Venusaurite\n|move|p2a: Whimsicott|Tailwind|p2a: Whimsicott\n|-sidestart|p2: Blackbeard_78x|move: Tailwind\n|move|p2b: Venusaur|Sludge Bomb|p1b: Pelipper\n|-damage|p1b: Pelipper|50/100\n|move|p1b: Pelipper|Knock Off|p2b: Venusaur\n|-damage|p2b: Venusaur|92/100\n|\n|-weather|RainDance|[upkeep]\n|upkeep\n|turn|4\n|\n|t:|1776191421\n|move|p2b: Venusaur|Protect|p2b: Venusaur\n|-singleturn|p2b: Venusaur|Protect\n|move|p2a: Whimsicott|Moonblast|p1a: Kingambit\n|-damage|p1a: Kingambit|66/100\n|move|p1a: Kingambit|Iron Head|p2a: Whimsicott\n|-supereffective|p2a: Whimsicott|1\n|-damage|p2a: Whimsicott|0 fnt\n|faint|p2a: Whimsicott\n|move|p1b: Pelipper|Hurricane|p2b: Venusaur\n|-activate|p2b: Venusaur|move: Protect\n|\n|-weather|RainDance|[upkeep]\n|upkeep\n|\n|t:|1776191429\n|switch|p2a: Arcanine|Arcanine-Hisui, L50, M|35/100\n|-ability|p2a: Arcanine|Intimidate|boost\n|-unboost|p1a: Kingambit|atk|1\n|-ability|p1a: Kingambit|Defiant|boost\n|-boost|p1a: Kingambit|atk|2\n|-unboost|p1b: Pelipper|atk|1\n|turn|5\n|\n|t:|1776191440\n|move|p1a: Kingambit|Protect|p1a: Kingambit\n|-singleturn|p1a: Kingambit|Protect\n|move|p2a: Arcanine|Flare Blitz|p1a: Kingambit\n|-activate|p1a: Kingambit|move: Protect\n|move|p2b: Venusaur|Solar Beam||[still]\n|-prepare|p2b: Venusaur|Solar Beam\n|move|p1b: Pelipper|Hurricane|p2b: Venusaur\n|-supereffective|p2b: Venusaur|1\n|-damage|p2b: Venusaur|31/100\n|-start|p2b: Venusaur|confusion\n|\n|-weather|RainDance|[upkeep]\n|-sideend|p1: jljlnlnll|move: Tailwind\n|upkeep\n|turn|6\n|\n|t:|1776191465\n|move|p2a: Arcanine|Protect|p2a: Arcanine\n|-singleturn|p2a: Arcanine|Protect\n|-activate|p2b: Venusaur|confusion\n|move|p2b: Venusaur|Solar Beam|p1b: Pelipper|[from] lockedmove\n|-damage|p1b: Pelipper|17/100\n|move|p1a: Kingambit|Low Kick|p2a: Arcanine\n|-activate|p2a: Arcanine|move: Protect\n|move|p1b: Pelipper|Hurricane|p2b: Venusaur\n|-supereffective|p2b: Venusaur|1\n|-damage|p2b: Venusaur|0 fnt\n|faint|p2b: Venusaur\n|\n|-weather|none\n|-sideend|p2: Blackbeard_78x|move: Tailwind\n|upkeep\n|\n|t:|1776191472\n|switch|p2b: Charizard|Charizard, L50, M, shiny|100/100\n|turn|7\n|\n|t:|1776191485\n|switch|p1b: Palafin|Palafin-Hero, L50, M|8/100\n|-activate|p1b: Palafin|ability: Zero to Hero\n|move|p1a: Kingambit|Protect|p1a: Kingambit\n|-singleturn|p1a: Kingambit|Protect\n|move|p2a: Arcanine|Extreme Speed|p1b: Palafin\n|-damage|p1b: Palafin|0 fnt\n|faint|p1b: Palafin\n|move|p2b: Charizard|Heat Wave|p1a: Kingambit\n|-activate|p1a: Kingambit|move: Protect\n|\n|upkeep\n|\n|t:|1776191495\n|switch|p1b: Pelipper|Pelipper, L50, M|17/100\n|-weather|RainDance|[from] ability: Drizzle|[of] p1b: Pelipper\n|turn|8\n|\n|t:|1776191508\n|move|p2a: Arcanine|Extreme Speed|p1b: Pelipper\n|-damage|p1b: Pelipper|0 fnt\n|faint|p1b: Pelipper\n|move|p2b: Charizard|Heat Wave|p1a: Kingambit\n|-supereffective|p1a: Kingambit|1\n|-crit|p1a: Kingambit\n|-damage|p1a: Kingambit|0 fnt\n|faint|p1a: Kingambit\n|\n|win|Blackbeard_78x\n|l|\u2606jljlnlnll\n|player|p1|\n",
  "uploadtime": 1776191518,
  "views": 17,
  "formatid": "gen9championsvgc2026regma",
  "rating": null,
  "private": 0,
  "password": null
}