{
  "id": "gen9championsvgc2026regma-2581195796",
  "format": "[Gen 9 Champions] VGC 2026 Reg M-A",
  "players": [
    "lawrence123",
    "lolgz"
  ],
  "log": "|j|\u2606lawrence123\n|j|\u2606lolgz\n|t:|1775969507\n|gametype|doubles\n|player|p1|lawrence123|cynthia-masters|\n|player|p2|lolgz|170|\n|gen|9\n|tier|[Gen 9 Champions] VGC 2026 Reg M-A\n|rated|Tournament battle\n|rule|Species Clause: Limit one of each Pok\u00e9mon\n|rule|Item Clause: Limit 1 of each item\n|clearpoke\n|poke|p1|Charizard, L50, M|\n|poke|p1|Kingambit, L50, M|\n|poke|p1|Rotom-Wash, L50|\n|poke|p1|Sinistcha-Masterpiece, L50|\n|poke|p1|Sneasler, L50, M|\n|poke|p1|Ninetales-Alola, L50, F|\n|poke|p2|Charizard, L50, F|\n|poke|p2|Whimsicott, L50, M|\n|poke|p2|Basculegion, L50, M|\n|poke|p2|Venusaur, L50, F|\n|poke|p2|Sneasler, L50, M|\n|poke|p2|Floette-Eternal, L50, F|\n|teampreview|4\n|j| Tel Aviv Gassy\n|l| Tel Aviv Gassy\n|j| Teeam Rocket\n|\n|t:|1775969539\n|teamsize|p1|4\n|teamsize|p2|4\n|start\n|switch|p1a: Sneasler|Sneasler, L50, M|100/100\n|switch|p1b: Charizard|Charizard, L50, M|100/100\n|switch|p2a: Charizard|Charizard, L50, F|100/100\n|switch|p2b: Venusaur|Venusaur, L50, F|100/100\n|turn|1\n|\n|t:|1775969565\n|detailschange|p2a: Charizard|Charizard-Mega-Y, L50, F\n|-mega|p2a: Charizard|Charizard|Charizardite Y\n|-weather|SunnyDay|[from] ability: Drought|[of] p2a: Charizard\n|detailschange|p1b: Charizard|Charizard-Mega-X, L50, M\n|-mega|p1b: Charizard|Charizard|Charizardite X\n|move|p1a: Sneasler|Fake Out|p2b: Venusaur\n|-damage|p2b: Venusaur|81/100\n|cant|p2b: Venusaur|flinch\n|move|p2a: Charizard|Heat Wave|p1b: Charizard|[spread] p1a\n|-miss|p2a: Charizard|p1b: Charizard\n|-damage|p1a: Sneasler|10/100\n|move|p1b: Charizard|Dragon Dance|p1b: Charizard\n|-boost|p1b: Charizard|atk|1\n|-boost|p1b: Charizard|spe|1\n|\n|-weather|SunnyDay|[upkeep]\n|upkeep\n|turn|2\n|\n|t:|1775969590\n|switch|p1a: Ninetales|Ninetales-Alola, L50, F|100/100\n|-weather|Snowscape|[from] ability: Snow Warning|[of] p1a: Ninetales\n|move|p1b: Charizard|Flare Blitz|p2b: Venusaur\n|-supereffective|p2b: Venusaur|1\n|-enditem|p2b: Venusaur|Occa Berry|[eat]\n|-enditem|p2b: Venusaur|Occa Berry|[weaken]\n|-damage|p2b: Venusaur|0 fnt\n|faint|p2b: Venusaur\n|-damage|p1b: Charizard|78/100|[from] Recoil\n|move|p2a: Charizard|Heat Wave|p1b: Charizard|[spread] p1a,p1b\n|-supereffective|p1a: Ninetales|1\n|-resisted|p1b: Charizard|2\n|-enditem|p1a: Ninetales|Focus Sash\n|-damage|p1a: Ninetales|1/100\n|-damage|p1b: Charizard|67/100\n|\n|-weather|Snowscape|[upkeep]\n|upkeep\n|\n|t:|1775969598\n|switch|p2b: Basculegion|Basculegion, L50, M|100/100\n|turn|3\n|\n|t:|1775969612\n|move|p1b: Charizard|Dragon Claw|p2a: Charizard\n|-damage|p2a: Charizard|0 fnt\n|faint|p2a: Charizard\n|move|p2b: Basculegion|Wave Crash|p1b: Charizard\n|-damage|p1b: Charizard|4/100\n|-damage|p2b: Basculegion|81/100|[from] Recoil\n|move|p1a: Ninetales|Aurora Veil|p1a: Ninetales\n|-sidestart|p1: lawrence123|move: Aurora Veil\n|\n|-weather|Snowscape|[upkeep]\n|upkeep\n|\n|t:|1775969618\n|switch|p2a: Sneasler|Sneasler, L50, M|100/100\n|turn|4\n|\n|t:|1775969621\n|move|p1b: Charizard|Protect|p1b: Charizard\n|-singleturn|p1b: Charizard|Protect\n|move|p1a: Ninetales|Protect|p1a: Ninetales\n|-singleturn|p1a: Ninetales|Protect\n|move|p2a: Sneasler|Fake Out|p1b: Charizard\n|-activate|p1b: Charizard|move: Protect\n|move|p2b: Basculegion|Wave Crash|p1a: Ninetales\n|-activate|p1a: Ninetales|move: Protect\n|\n|-weather|Snowscape|[upkeep]\n|upkeep\n|turn|5\n|\n|t:|1775969628\n|move|p1b: Charizard|Dragon Claw|p2a: Sneasler\n|-damage|p2a: Sneasler|0 fnt\n|faint|p2a: Sneasler\n|move|p2b: Basculegion|Wave Crash|p1b: Charizard\n|-damage|p1b: Charizard|0 fnt\n|faint|p1b: Charizard\n|-damage|p2b: Basculegion|80/100|[from] Recoil\n|move|p1a: Ninetales|Blizzard|p2b: Basculegion\n|-resisted|p2b: Basculegion|1\n|-damage|p2b: Basculegion|54/100\n|\n|-weather|Snowscape|[upkeep]\n|upkeep\n|\n|t:|1775969634\n|switch|p1b: Kingambit|Kingambit, L50, M|100/100\n|turn|6\n|-message|lolgz forfeited.\n|\n|win|lawrence123\n|n|\u2606lawrence123|lawrence123\n|n|\u2606lolgz|lolgz\n|n| Teeam Rocket|teeamrocket\n",
  "uploadtime": 1775969639,
  "views": 13,
  "formatid": "gen9championsvgc2026regma",
  "rating": null,
  "private": 0,
  "password": null
}