{
  "id": "gen9championsvgc2026regma-2581545944",
  "format": "[Gen 9 Champions] VGC 2026 Reg M-A",
  "players": [
    "Mask4M",
    "illdienextsummer"
  ],
  "log": "|j|\u2606Mask4M\n|j|\u2606illdienextsummer\n|t:|1776009854\n|gametype|doubles\n|player|p1|Mask4M|102|1085\n|player|p2|illdienextsummer|clair|1100\n|gen|9\n|tier|[Gen 9 Champions] VGC 2026 Reg M-A\n|rated|\n|rule|Species Clause: Limit one of each Pok\u00e9mon\n|rule|Item Clause: Limit 1 of each item\n|clearpoke\n|poke|p1|Glimmora, L50, M|\n|poke|p1|Froslass, L50, F|\n|poke|p1|Sneasler, L50, F|\n|poke|p1|Incineroar, L50, M|\n|poke|p1|Whimsicott, L50, M|\n|poke|p1|Gyarados, L50, M|\n|poke|p2|Crabominable, L50, M|\n|poke|p2|Ninetales-Alola, L50, M|\n|poke|p2|Incineroar, L50, F|\n|poke|p2|Pelipper, L50, M|\n|poke|p2|Slowking, L50, M|\n|poke|p2|Basculegion, L50, M|\n|teampreview|4\n|inactive|Battle timer is ON: inactive players will automatically lose when time's up. (requested by illdienextsummer)\nMask4M has agreed to open team sheets.\n|inactive|Mask4M has 60 seconds left.\n|inactive|illdienextsummer has 60 seconds left.\n|inactive|Mask4M has 30 seconds left.\n|\n|t:|1776009921\n|teamsize|p1|4\n|teamsize|p2|4\n|start\n|switch|p1a: Gyarados|Gyarados, L50, M|100/100\n|switch|p1b: Sneasler|Sneasler, L50, F|100/100\n|switch|p2a: Crabominable|Crabominable, L50, M|100/100\n|switch|p2b: Basculegion|Basculegion, L50, M|100/100\n|-ability|p1a: Gyarados|Intimidate|boost\n|-fail|p2a: Crabominable|unboost|Attack|[from] ability: Hyper Cutter|[of] p2a: Crabominable\n|-unboost|p2b: Basculegion|atk|1\n|turn|1\n|inactive|illdienextsummer has 30 seconds left.\n|\n|t:|1776009947\n|switch|p1a: Whimsicott|Whimsicott, L50, M|100/100\n|detailschange|p2a: Crabominable|Crabominable-Mega, L50, M\n|-mega|p2a: Crabominable|Crabominable|Crabominite\n|move|p1b: Sneasler|Protect|p1b: Sneasler\n|-singleturn|p1b: Sneasler|Protect\n|move|p2b: Basculegion|Flip Turn|p1b: Sneasler\n|-activate|p1b: Sneasler|move: Protect\n|move|p2a: Crabominable|Drain Punch|p1b: Sneasler\n|-activate|p1b: Sneasler|move: Protect\n|\n|upkeep\n|turn|2\n|inactive|Mask4M has 30 seconds left.\n|inactive|illdienextsummer has 30 seconds left.\n|inactive|Mask4M has 20 seconds left.\n|\n|t:|1776009984\n|switch|p2b: Ninetales|Ninetales-Alola, L50, M|100/100\n|-weather|Snowscape|[from] ability: Snow Warning|[of] p2b: Ninetales\n|move|p1a: Whimsicott|Tailwind|p1a: Whimsicott\n|-sidestart|p1: Mask4M|move: Tailwind\n|move|p1b: Sneasler|Dire Claw|p2a: Crabominable\n|-damage|p2a: Crabominable|76/100\n|move|p2a: Crabominable|Drain Punch|p1b: Sneasler\n|-resisted|p1b: Sneasler|1\n|-damage|p1b: Sneasler|50/100\n|-heal|p2a: Crabominable|96/100|[from] drain|[of] p1b: Sneasler\n|\n|-weather|Snowscape|[upkeep]\n|upkeep\n|turn|3\n|inactive|illdienextsummer has 30 seconds left.\n|\n|t:|1776010010\n|switch|p2b: Incineroar|Incineroar, L50, F|100/100\n|-ability|p2b: Incineroar|Intimidate|boost\n|-unboost|p1a: Whimsicott|atk|1\n|-unboost|p1b: Sneasler|atk|1\n|-enditem|p1b: Sneasler|White Herb\n|-clearnegativeboost|p1b: Sneasler|[silent]\n|move|p1b: Sneasler|Dire Claw|p2b: Incineroar\n|-damage|p2b: Incineroar|57/100\n|-status|p2b: Incineroar|slp\n|move|p1a: Whimsicott|Moonblast|p2a: Crabominable\n|-supereffective|p2a: Crabominable|1\n|-damage|p2a: Crabominable|40/100\n|move|p2a: Crabominable|Ice Hammer|p1b: Sneasler\n|-damage|p1b: Sneasler|0 fnt\n|-unboost|p2a: Crabominable|spe|1\n|faint|p1b: Sneasler\n|\n|-weather|Snowscape|[upkeep]\n|upkeep\n|\n|t:|1776010034\n|switch|p1b: Glimmora|Glimmora, L50, M|100/100\n|turn|4\n|\n|t:|1776010044\n|switch|p2b: Basculegion|Basculegion, L50, M|100/100\n|detailschange|p1b: Glimmora|Glimmora-Mega, L50, M\n|-mega|p1b: Glimmora|Glimmora|Glimmoranite\n|move|p2a: Crabominable|Protect|p2a: Crabominable\n|-singleturn|p2a: Crabominable|Protect\n|move|p1b: Glimmora|Power Gem|p2b: Basculegion\n|-damage|p2b: Basculegion|30/100\n|move|p1a: Whimsicott|Moonblast|p2a: Crabominable\n|-activate|p2a: Crabominable|move: Protect\n|\n|-weather|Snowscape|[upkeep]\n|upkeep\n|turn|5\n|inactive|illdienextsummer has 30 seconds left.\n|\n|t:|1776010075\n|move|p2a: Crabominable|Mach Punch|p1a: Whimsicott\n|-resisted|p1a: Whimsicott|1\n|-damage|p1a: Whimsicott|83/100\n|move|p1b: Glimmora|Power Gem|p2b: Basculegion\n|-damage|p2b: Basculegion|0 fnt\n|faint|p2b: Basculegion\n|move|p1a: Whimsicott|Moonblast|p2a: Crabominable\n|-supereffective|p2a: Crabominable|1\n|-crit|p2a: Crabominable\n|-damage|p2a: Crabominable|0 fnt\n|faint|p2a: Crabominable\n|\n|-weather|Snowscape|[upkeep]\n|-sideend|p1: Mask4M|move: Tailwind\n|upkeep\n|-message|illdienextsummer forfeited.\n|\n|win|Mask4M\n|raw|Mask4M's rating: 1085 &rarr; <strong>1113</strong><br />(+28 for winning)\n|raw|illdienextsummer's rating: 1100 &rarr; <strong>1074</strong><br />(-26 for losing)\n|l|\u2606illdienextsummer\n|player|p2|\n",
  "uploadtime": 1776010096,
  "views": 16,
  "formatid": "gen9championsvgc2026regma",
  "rating": 1074,
  "private": 0,
  "password": null
}