{
  "id": "gen9championsvgc2026regma-2586145434",
  "format": "[Gen 9 Champions] VGC 2026 Reg M-A",
  "players": [
    "ohweeweegee",
    "alt3rs0ul"
  ],
  "log": "|j|\u2606ohweeweegee\n|j|\u2606alt3rs0ul\n|t:|1776404715\n|gametype|doubles\n|player|p1|ohweeweegee|rosa|1045\n|player|p2|alt3rs0ul|gambler|1040\n|gen|9\n|tier|[Gen 9 Champions] VGC 2026 Reg M-A\n|rated|\n|rule|Species Clause: Limit one of each Pok\u00e9mon\n|rule|Item Clause: Limit 1 of each item\n|clearpoke\n|poke|p1|Chandelure, L50, F|\n|poke|p1|Sinistcha, L50|\n|poke|p1|Drampa, L50, F|\n|poke|p1|Sneasler, L50, M|\n|poke|p1|Rotom-Wash, L50|\n|poke|p1|Farigiraf, L50, F|\n|poke|p2|Kommo-o, L50, M|\n|poke|p2|Feraligatr, L50, M|\n|poke|p2|Alakazam, L50, F|\n|poke|p2|Gengar, L50, M|\n|poke|p2|Whimsicott, L50, F|\n|poke|p2|Bastiodon, L50, F|\n|teampreview|4\n|\n|t:|1776404746\n|teamsize|p1|4\n|teamsize|p2|4\n|start\n|switch|p1a: Chandelure|Chandelure, L50, F|100/100\n|switch|p1b: Sneasler|Sneasler, L50, M|100/100\n|switch|p2a: Snaps|Feraligatr, L50, M|100/100\n|switch|p2b: Zandar|Alakazam, L50, F|100/100\n|turn|1\n|\n|t:|1776404766\n|detailschange|p2a: Snaps|Feraligatr-Mega, L50, M\n|-mega|p2a: Snaps|Feraligatr|Feraligite\n|detailschange|p1a: Chandelure|Chandelure-Mega, L50, F\n|-mega|p1a: Chandelure|Chandelure|Chandelurite\n|move|p1b: Sneasler|Fake Out|p2a: Snaps\n|-damage|p2a: Snaps|87/100\n|move|p2b: Zandar|Skill Swap|p2a: Snaps\n|-activate|p2b: Zandar|Skill Swap|||[of] p2a: Snaps\n|cant|p2a: Snaps|flinch\n|move|p1a: Chandelure|Shadow Ball|p2a: Snaps\n|-damage|p2a: Snaps|23/100\n|\n|upkeep\n|turn|2\n|\n|t:|1776404807\n|switch|p1a: Sinistcha|Sinistcha, L50|100/100\n|move|p2b: Zandar|Protect|p2b: Zandar\n|-singleturn|p2b: Zandar|Protect\n|move|p1b: Sneasler|Protect|p1b: Sneasler\n|-singleturn|p1b: Sneasler|Protect\n|move|p2a: Snaps|Flip Turn|p1a: Sinistcha\n|-resisted|p1a: Sinistcha|1\n|-damage|p1a: Sinistcha|87/100\n|\n|t:|1776404817\n|switch|p2a: Mydei|Kommo-o, L50, M|100/100|[from] Flip Turn\n|\n|-heal|p1a: Sinistcha|93/100|[from] item: Leftovers\n|upkeep\n|turn|3\n|\n|t:|1776404857\n|move|p2b: Zandar|Skill Swap|p2a: Mydei\n|-activate|p2b: Zandar|Skill Swap|||[of] p2a: Mydei\n|move|p1b: Sneasler|Dire Claw|p2a: Mydei\n|-damage|p2a: Mydei|56/100\n|move|p2a: Mydei|Boomburst|p1a: Sinistcha|[spread] p1a,p1b\n|-immune|p2b: Zandar|[from] ability: Soundproof\n|-damage|p1a: Sinistcha|33/100\n|-damage|p1b: Sneasler|23/100\n|move|p1a: Sinistcha|Trick Room|p1a: Sinistcha\n|-fieldstart|move: Trick Room|[of] p1a: Sinistcha\n|\n|-heal|p1a: Sinistcha|39/100|[from] item: Leftovers\n|upkeep\n|turn|4\n|\n|t:|1776404894\n|switch|p1b: Chandelure|Chandelure-Mega, L50, F|100/100\n|move|p2b: Zandar|Protect|p2b: Zandar\n|-singleturn|p2b: Zandar|Protect\n|move|p1a: Sinistcha|Matcha Gotcha|p2a: Mydei|[spread] p2a\n|-activate|p2b: Zandar|move: Protect\n|-resisted|p2a: Mydei|1\n|-damage|p2a: Mydei|42/100\n|-heal|p1a: Sinistcha|45/100|[from] drain|[of] p2a: Mydei\n|-enditem|p2a: Mydei|Sitrus Berry|[eat]\n|-heal|p2a: Mydei|67/100|[from] item: Sitrus Berry\n|move|p2a: Mydei|Boomburst|p1a: Sinistcha|[spread] p1a,p1b\n|-activate|p2b: Zandar|move: Protect\n|-damage|p1a: Sinistcha|0 fnt\n|-damage|p1b: Chandelure|47/100\n|faint|p1a: Sinistcha\n|\n|upkeep\n|\n|t:|1776404911\n|switch|p1a: Rotom|Rotom-Wash, L50|100/100\n|turn|5\n|\n|t:|1776404953\n|move|p1b: Chandelure|Heat Wave|p2a: Mydei|[spread] p2a\n|-miss|p1b: Chandelure|p2b: Zandar\n|-resisted|p2a: Mydei|1\n|-damage|p2a: Mydei|40/100\n|move|p2a: Mydei|Boomburst|p1b: Chandelure|[spread] p1a,p1b\n|-immune|p2b: Zandar|[from] ability: Soundproof\n|-damage|p1a: Rotom|32/100\n|-damage|p1b: Chandelure|0 fnt\n|faint|p1b: Chandelure\n|move|p2b: Zandar|Psychic|p1a: Rotom\n|-damage|p1a: Rotom|0 fnt\n|faint|p1a: Rotom\n|\n|upkeep\n|\n|t:|1776404966\n|switch|p1a: Sneasler|Sneasler, L50, M|23/100\n|turn|6\n|-message|ohweeweegee forfeited.\n|\n|win|alt3rs0ul\n|raw|ohweeweegee's rating: 1045 &rarr; <strong>1028</strong><br />(-17 for losing)\n|raw|alt3rs0ul's rating: 1040 &rarr; <strong>1074</strong><br />(+34 for winning)\n|l|\u2606ohweeweegee\n|player|p1|\n",
  "uploadtime": 1776404976,
  "views": 34,
  "formatid": "gen9championsvgc2026regma",
  "rating": 1028,
  "private": 0,
  "password": null
}