{
  "id": "gen9championsvgc2026regma-2583409669",
  "format": "[Gen 9 Champions] VGC 2026 Reg M-A",
  "players": [
    "thefloshingcat",
    "malucy"
  ],
  "log": "|j|\u2606thefloshingcat\n|j|\u2606malucy\n|t:|1776173745\n|gametype|doubles\n|player|p1|thefloshingcat|plasmagrunt-gen5bw|1040\n|player|p2|malucy|169|1070\n|gen|9\n|tier|[Gen 9 Champions] VGC 2026 Reg M-A\n|rated|\n|rule|Species Clause: Limit one of each Pok\u00e9mon\n|rule|Item Clause: Limit 1 of each item\n|clearpoke\n|poke|p1|Gengar, L50, F|\n|poke|p1|Volcarona, L50, M|\n|poke|p1|Kingambit, L50, F|\n|poke|p1|Rotom-Wash, L50|\n|poke|p1|Arcanine-Hisui, L50, F|\n|poke|p1|Dragapult, L50, M|\n|poke|p2|Espathra, L50, M|\n|poke|p2|Meowstic, L50, M|\n|poke|p2|Sneasler, L50, M|\n|poke|p2|Aerodactyl, L50, M|\n|poke|p2|Farigiraf, L50, M|\n|poke|p2|Lucario, L50, F|\n|teampreview|4\n|inactive|Battle timer is ON: inactive players will automatically lose when time's up. (requested by thefloshingcat)\n|\n|t:|1776173780\n|teamsize|p1|4\n|teamsize|p2|4\n|start\n|switch|p1a: Arcanine|Arcanine-Hisui, L50, F|100/100\n|switch|p1b: Kingambit|Kingambit, L50, F|100/100\n|switch|p2a: Lucario|Lucario, L50, F|100/100\n|switch|p2b: Meowstic|Meowstic, L50, M|100/100\n|-ability|p1a: Arcanine|Intimidate|boost\n|-fail|p2a: Lucario|unboost|Attack|[from] ability: Inner Focus|[of] p2a: Lucario\n|-unboost|p2b: Meowstic|atk|1\n|turn|1\n|inactive|thefloshingcat has 30 seconds left.\n|inactive|malucy has 30 seconds left.\n|inactive|thefloshingcat has 20 seconds left.\n|inactive|thefloshingcat has 15 seconds left.\n|inactive|thefloshingcat has 10 seconds left.\n|\n|t:|1776173827\n|switch|p2b: Aerodactyl|Aerodactyl, L50, M|100/100\n|-ability|p2b: Aerodactyl|Unnerve\n|switch|p1b: Gengar|Gengar, L50, F, shiny|100/100\n|detailschange|p2a: Lucario|Lucario-Mega, L50, F\n|-mega|p2a: Lucario|Lucario|Lucarionite\n|move|p2a: Lucario|Upper Hand||[still]\n|-fail|p2a: Lucario\n|move|p1a: Arcanine|Close Combat|p2a: Lucario\n|-supereffective|p2a: Lucario|1\n|-damage|p2a: Lucario|11/100\n|-unboost|p1a: Arcanine|def|1\n|-unboost|p1a: Arcanine|spd|1\n|\n|upkeep\n|turn|2\n|inactive|thefloshingcat has 30 seconds left.\n|\n|t:|1776173858\n|detailschange|p1b: Gengar|Gengar-Mega, L50, F, shiny\n|-mega|p1b: Gengar|Gengar|Gengarite\n|move|p1a: Arcanine|Close Combat|p2b: Aerodactyl\n|-damage|p2b: Aerodactyl|41/100\n|-unboost|p1a: Arcanine|def|1\n|-unboost|p1a: Arcanine|spd|1\n|-enditem|p2b: Aerodactyl|Sitrus Berry|[eat]\n|-heal|p2b: Aerodactyl|66/100|[from] item: Sitrus Berry\n|move|p2b: Aerodactyl|Tailwind|p2b: Aerodactyl\n|-sidestart|p2: malucy|move: Tailwind\n|move|p2a: Lucario|Drain Punch|p1a: Arcanine\n|-supereffective|p1a: Arcanine|1\n|-damage|p1a: Arcanine|0 fnt\n|-heal|p2a: Lucario|68/100|[from] drain|[of] p1a: Arcanine\n|faint|p1a: Arcanine\n|move|p1b: Gengar|Perish Song|p1b: Gengar\n|-start|p1b: Gengar|perish3|[silent]\n|-start|p2a: Lucario|perish3|[silent]\n|-start|p2b: Aerodactyl|perish3|[silent]\n|-fieldactivate|move: Perish Song\n|\n|-start|p2b: Aerodactyl|perish3\n|-start|p2a: Lucario|perish3\n|-start|p1b: Gengar|perish3\n|upkeep\n|\n|t:|1776173871\n|switch|p1a: Volcarona|Volcarona, L50, M|100/100\n|turn|3\n|\n|t:|1776173885\n|move|p1b: Gengar|Protect|p1b: Gengar\n|-singleturn|p1b: Gengar|Protect\n|move|p2b: Aerodactyl|Rock Slide|p1a: Volcarona|[spread] p1a\n|-activate|p1b: Gengar|move: Protect\n|-supereffective|p1a: Volcarona|2\n|-damage|p1a: Volcarona|0 fnt\n|faint|p1a: Volcarona\n|move|p2a: Lucario|Crunch|p1b: Gengar\n|-activate|p1b: Gengar|move: Protect\n|\n|-start|p2b: Aerodactyl|perish2\n|-start|p2a: Lucario|perish2\n|-start|p1b: Gengar|perish2\n|upkeep\n|\n|t:|1776173905\n|switch|p1a: Kingambit|Kingambit, L50, F|100/100\n|turn|4\n|\n|t:|1776173925\n|move|p1a: Kingambit|Sucker Punch|p2b: Aerodactyl\n|-crit|p2b: Aerodactyl\n|-damage|p2b: Aerodactyl|0 fnt\n|faint|p2b: Aerodactyl\n|move|p2a: Lucario|Drain Punch|p1a: Kingambit\n|-supereffective|p1a: Kingambit|2\n|-damage|p1a: Kingambit|0 fnt\n|-heal|p2a: Lucario|100/100|[from] drain|[of] p1a: Kingambit\n|faint|p1a: Kingambit\n|move|p1b: Gengar|Shadow Ball|p2a: Lucario\n|-damage|p2a: Lucario|35/100\n|\n|-start|p2a: Lucario|perish1\n|-start|p1b: Gengar|perish1\n|upkeep\n|\n|t:|1776173940\n|switch|p2b: Sneasler|Sneasler, L50, M|100/100\n|turn|5\n|\n|t:|1776173947\n|move|p2b: Sneasler|Protect|p2b: Sneasler\n|-singleturn|p2b: Sneasler|Protect\n|move|p2a: Lucario|Crunch|p1b: Gengar\n|-supereffective|p1b: Gengar|1\n|-damage|p1b: Gengar|0 fnt\n|faint|p1b: Gengar\n|\n|win|malucy\n|raw|thefloshingcat's rating: 1040 &rarr; <strong>1025</strong><br />(-15 for losing)\n|raw|malucy's rating: 1070 &rarr; <strong>1097</strong><br />(+27 for winning)\n|l|\u2606thefloshingcat\n|player|p1|\n",
  "uploadtime": 1776173956,
  "views": 12,
  "formatid": "gen9championsvgc2026regma",
  "rating": 1025,
  "private": 0,
  "password": null
}