{
  "id": "gen9championsvgc2026regma-2587794919",
  "format": "[Gen 9 Champions] VGC 2026 Reg M-A",
  "players": [
    "Autismic2",
    "Abandoned12345"
  ],
  "log": "|j|\u2606Autismic2\n|j|\u2606Abandoned12345\n|t:|1776564744\n|gametype|doubles\n|player|p1|Autismic2|170|1184\n|player|p2|Abandoned12345|1|1092\n|gen|9\n|tier|[Gen 9 Champions] VGC 2026 Reg M-A\n|rated|\n|rule|Species Clause: Limit one of each Pok\u00e9mon\n|rule|Item Clause: Limit 1 of each item\n|clearpoke\n|poke|p1|Gengar, L50, F|\n|poke|p1|Incineroar, L50, M|\n|poke|p1|Kommo-o, L50, M|\n|poke|p1|Kingambit, L50, M|\n|poke|p1|Corviknight, L50, F, shiny|\n|poke|p1|Ninetales-Alola, L50, M, shiny|\n|poke|p2|Sneasler, L50, F|\n|poke|p2|Golurk, L50, shiny|\n|poke|p2|Torkoal, L50, F|\n|poke|p2|Farigiraf, L50, F|\n|poke|p2|Incineroar, L50, F|\n|poke|p2|Venusaur, L50, F|\n|teampreview|4\n|inactive|Battle timer is ON: inactive players will automatically lose when time's up. (requested by Autismic2)\n|inactive|Abandoned12345 has 60 seconds left.\n|\n|t:|1776564783\n|teamsize|p1|4\n|teamsize|p2|4\n|start\n|switch|p1a: Gengar|Gengar, L50, F|100/100\n|switch|p1b: Incineroar|Incineroar, L50, M|100/100\n|switch|p2a: Sneasler|Sneasler, L50, F|100/100\n|switch|p2b: Farigiraf|Farigiraf, L50, F|100/100\n|-ability|p1b: Incineroar|Intimidate|boost\n|-unboost|p2a: Sneasler|atk|1\n|-unboost|p2b: Farigiraf|atk|1\n|-enditem|p2a: Sneasler|White Herb\n|-clearnegativeboost|p2a: Sneasler|[silent]\n|turn|1\n|\n|t:|1776564799\n|detailschange|p1a: Gengar|Gengar-Mega, L50, F\n|-mega|p1a: Gengar|Gengar|Gengarite\n|move|p2a: Sneasler|Fake Out|p1b: Incineroar\n|-damage|p1b: Incineroar|88/100\n|cant|p1b: Incineroar|flinch\n|move|p1a: Gengar|Perish Song|p1a: Gengar\n|-start|p1a: Gengar|perish3|[silent]\n|-start|p1b: Incineroar|perish3|[silent]\n|-start|p2a: Sneasler|perish3|[silent]\n|-start|p2b: Farigiraf|perish3|[silent]\n|-fieldactivate|move: Perish Song\n|move|p2b: Farigiraf|Trick Room|p2b: Farigiraf\n|-fieldstart|move: Trick Room|[of] p2b: Farigiraf\n|\n|-start|p2b: Farigiraf|perish3\n|-start|p1b: Incineroar|perish3\n|-start|p1a: Gengar|perish3\n|-start|p2a: Sneasler|perish3\n|upkeep\n|turn|2\n|inactive|Autismic2 has 30 seconds left.\n|\n|t:|1776564832\n|move|p1b: Incineroar|Protect|p1b: Incineroar\n|-singleturn|p1b: Incineroar|Protect\n|move|p1a: Gengar|Protect|p1a: Gengar\n|-singleturn|p1a: Gengar|Protect\n|move|p2b: Farigiraf|Psychic|p1a: Gengar\n|-activate|p1a: Gengar|move: Protect\n|move|p2a: Sneasler|Close Combat|p1b: Incineroar\n|-activate|p1b: Incineroar|move: Protect\n|\n|-start|p1b: Incineroar|perish2\n|-start|p2b: Farigiraf|perish2\n|-start|p1a: Gengar|perish2\n|-start|p2a: Sneasler|perish2\n|upkeep\n|turn|3\n|l|\u2606Autismic2\n|inactive|Autismic2 disconnected and has a minute to reconnect!\n|player|p1|\n|inactive|Abandoned12345 has 30 seconds left.\n|\n|t:|1776564859\n|switch|p1a: Corviknight|Corviknight, L50, F, shiny|100/100\n|move|p2b: Farigiraf|Psychic|p1a: Corviknight\n|-resisted|p1a: Corviknight|1\n|-damage|p1a: Corviknight|89/100\n|move|p1b: Incineroar|Parting Shot|p2b: Farigiraf\n|-unboost|p2b: Farigiraf|atk|1\n|-unboost|p2b: Farigiraf|spa|1\n|j|\u2606Autismic2\n|inactive|Autismic2 reconnected and has 55 seconds left.\n|player|p1|Autismic2|170|\n|\n|t:|1776564864\n|switch|p1b: Gengar|Gengar-Mega, L50, F|100/100|[from] Parting Shot\n|move|p2a: Sneasler|Close Combat|p1a: Corviknight\n|-damage|p1a: Corviknight|45/100\n|-unboost|p2a: Sneasler|def|1\n|-unboost|p2a: Sneasler|spd|1\n|\n|-start|p2b: Farigiraf|perish1\n|-start|p2a: Sneasler|perish1\n|upkeep\n|turn|4\n|inactive|Abandoned12345 has 30 seconds left.\n|inactive|Abandoned12345 has 20 seconds left.\n|\n|t:|1776564899\n|move|p1a: Corviknight|Protect|p1a: Corviknight\n|-singleturn|p1a: Corviknight|Protect\n|move|p1b: Gengar|Protect|p1b: Gengar\n|-singleturn|p1b: Gengar|Protect\n|move|p2b: Farigiraf|Psychic|p1b: Gengar\n|-activate|p1b: Gengar|move: Protect\n|move|p2a: Sneasler|Close Combat|p1b: Gengar\n|-activate|p1b: Gengar|move: Protect\n|\n|-start|p2b: Farigiraf|perish0\n|-start|p2a: Sneasler|perish0\n|faint|p2b: Farigiraf\n|faint|p2a: Sneasler\n|upkeep\n|\n|t:|1776564905\n|switch|p2b: Golurk|Golurk, L50, shiny|100/100\n|switch|p2a: Torkoal|Torkoal, L50, F|100/100\n|-weather|SunnyDay|[from] ability: Drought|[of] p2a: Torkoal\n|turn|5\n|\n|t:|1776564927\n|switch|p1b: Incineroar|Incineroar, L50, M|88/100\n|-ability|p1b: Incineroar|Intimidate|boost\n|-unboost|p2a: Torkoal|atk|1\n|-unboost|p2b: Golurk|atk|1\n|detailschange|p2b: Golurk|Golurk-Mega, L50, shiny\n|-mega|p2b: Golurk|Golurk|Golurkite\n|move|p2a: Torkoal|Eruption|p1b: Incineroar|[spread] p1a,p1b\n|-supereffective|p1a: Corviknight|1\n|-enditem|p1a: Corviknight|Occa Berry|[eat]\n|-enditem|p1a: Corviknight|Occa Berry|[weaken]\n|-resisted|p1b: Incineroar|1\n|-damage|p1a: Corviknight|0 fnt\n|-damage|p1b: Incineroar|49/100\n|-enditem|p1b: Incineroar|Sitrus Berry|[eat]\n|-heal|p1b: Incineroar|73/100|[from] item: Sitrus Berry\n|faint|p1a: Corviknight\n|move|p2b: Golurk|Headlong Rush|p1b: Incineroar\n|-supereffective|p1b: Incineroar|1\n|-damage|p1b: Incineroar|0 fnt\n|-unboost|p2b: Golurk|def|1\n|-unboost|p2b: Golurk|spd|1\n|faint|p1b: Incineroar\n|\n|-weather|SunnyDay|[upkeep]\n|-fieldend|move: Trick Room\n|upkeep\n|\n|t:|1776564934\n|switch|p1a: Gengar|Gengar-Mega, L50, F|100/100\n|switch|p1b: Kommo-o|Kommo-o, L50, M|100/100\n|turn|6\n|\n|t:|1776564954\n|move|p1a: Gengar|Shadow Ball|p2b: Golurk\n|-supereffective|p2b: Golurk|1\n|-damage|p2b: Golurk|0 fnt\n|faint|p2b: Golurk\n|move|p1b: Kommo-o|Clanging Scales|p2a: Torkoal\n|-damage|p2a: Torkoal|36/100\n|-unboost|p1b: Kommo-o|def|1\n|move|p2a: Torkoal|Eruption|p1a: Gengar|[spread] p1a,p1b\n|-crit|p1a: Gengar\n|-resisted|p1b: Kommo-o|1\n|-damage|p1a: Gengar|45/100\n|-damage|p1b: Kommo-o|84/100\n|\n|-weather|SunnyDay|[upkeep]\n|-heal|p1b: Kommo-o|90/100|[from] item: Leftovers\n|upkeep\n|turn|7\n|-message|Abandoned12345 forfeited.\n|\n|win|Autismic2\n|raw|Autismic2's rating: 1184 &rarr; <strong>1203</strong><br />(+19 for winning)\n|raw|Abandoned12345's rating: 1092 &rarr; <strong>1074</strong><br />(-18 for losing)\n|l|\u2606Abandoned12345\n|player|p2|\n",
  "uploadtime": 1776565002,
  "views": 11,
  "formatid": "gen9championsvgc2026regma",
  "rating": 1074,
  "private": 0,
  "password": null
}