{
  "id": "gen9championsvgc2026regma-2589439627",
  "format": "[Gen 9 Champions] VGC 2026 Reg M-A",
  "players": [
    "Bazmac636",
    "sandzero2k3"
  ],
  "log": "|j|\u2606Bazmac636\n|j|\u2606sandzero2k3\n|t:|1776723081\n|gametype|doubles\n|player|p1|Bazmac636|266|1190\n|player|p2|sandzero2k3|266|1149\n|gen|9\n|tier|[Gen 9 Champions] VGC 2026 Reg M-A\n|rated|\n|rule|Species Clause: Limit one of each Pok\u00e9mon\n|rule|Item Clause: Limit 1 of each item\n|clearpoke\n|poke|p1|Gardevoir, L50, F|\n|poke|p1|Garchomp, L50, M|\n|poke|p1|Charizard, L50, F|\n|poke|p1|Venusaur, L50, M|\n|poke|p1|Whimsicott, L50, M|\n|poke|p1|Sneasler, L50, F|\n|poke|p2|Slowbro-Galar, L50, M|\n|poke|p2|Pangoro, L50, M|\n|poke|p2|Avalugg-Hisui, L50, F|\n|poke|p2|Scovillain, L50, F|\n|poke|p2|Corviknight, L50, F|\n|poke|p2|Araquanid, L50, F|\n|teampreview|4\n|inactive|Battle timer is ON: inactive players will automatically lose when time's up. (requested by Bazmac636)\n|\n|t:|1776723109\n|teamsize|p1|4\n|teamsize|p2|4\n|start\n|switch|p1a: Whimsicott|Whimsicott, L50, M|100/100\n|switch|p1b: Gardevoir|Gardevoir, L50, F|100/100\n|switch|p2a: Avalugg|Avalugg-Hisui, L50, F|100/100\n|switch|p2b: Araquanid|Araquanid, L50, F|100/100\n|-ability|p1b: Gardevoir|Sturdy|Trace|[from] ability: Trace|[of] p2a: Avalugg\n|turn|1\n|inactive|sandzero2k3 has 30 seconds left.\n|inactive|sandzero2k3 has 20 seconds left.\n|\n|t:|1776723148\n|detailschange|p1b: Gardevoir|Gardevoir-Mega, L50, F\n|-mega|p1b: Gardevoir|Gardevoir|Gardevoirite\n|move|p1a: Whimsicott|Fake Tears|p2a: Avalugg\n|-unboost|p2a: Avalugg|spd|2\n|move|p1b: Gardevoir|Hyper Voice|p2b: Araquanid|[spread] p2a,p2b\n|-ability|p2a: Avalugg|Sturdy\n|-damage|p2a: Avalugg|1/100\n|-damage|p2b: Araquanid|55/100\n|move|p2b: Araquanid|Leech Life|p1b: Gardevoir\n|-damage|p1b: Gardevoir|70/100\n|-heal|p2b: Araquanid|68/100|[from] drain|[of] p1b: Gardevoir\n|move|p2a: Avalugg|Ice Spinner|p1b: Gardevoir\n|-damage|p1b: Gardevoir|0 fnt\n|faint|p1b: Gardevoir\n|\n|-heal|p2b: Araquanid|74/100|[from] item: Leftovers\n|upkeep\n|\n|t:|1776723166\n|switch|p1b: Sneasler|Sneasler, L50, F|100/100\n|turn|2\n|inactive|sandzero2k3 has 30 seconds left.\n|\n|t:|1776723195\n|switch|p2a: Slowbro|Slowbro-Galar, L50, M|100/100\n|move|p1a: Whimsicott|Tailwind|p1a: Whimsicott\n|-sidestart|p1: Bazmac636|move: Tailwind\n|move|p1b: Sneasler|Close Combat|p2a: Slowbro\n|-resisted|p2a: Slowbro|2\n|-damage|p2a: Slowbro|87/100\n|-unboost|p1b: Sneasler|def|1\n|-unboost|p1b: Sneasler|spd|1\n|-enditem|p1b: Sneasler|White Herb\n|-clearnegativeboost|p1b: Sneasler|[silent]\n|move|p2b: Araquanid|Liquidation|p1b: Sneasler\n|-damage|p1b: Sneasler|32/100\n|\n|-heal|p2b: Araquanid|79/100|[from] item: Leftovers\n|upkeep\n|turn|3\n|inactive|Bazmac636 has 30 seconds left.\n|inactive|sandzero2k3 has 30 seconds left.\n|inactive|Bazmac636 has 20 seconds left.\n|inactive|Bazmac636 has 15 seconds left.\n|-activate|p2a: Slowbro|item: Quick Claw\n|\n|t:|1776723238\n|move|p1b: Sneasler|Protect|p1b: Sneasler\n|-singleturn|p1b: Sneasler|Protect\n|move|p1a: Whimsicott|Moonblast|p2b: Araquanid\n|-damage|p2b: Araquanid|51/100\n|move|p2b: Araquanid|Liquidation|p1b: Sneasler\n|-activate|p1b: Sneasler|move: Protect\n|move|p2a: Slowbro|Trick Room|p2a: Slowbro\n|-fieldstart|move: Trick Room|[of] p2a: Slowbro\n|\n|-heal|p2b: Araquanid|57/100|[from] item: Leftovers\n|upkeep\n|turn|4\n|\n|t:|1776723256\n|switch|p2a: Avalugg|Avalugg-Hisui, L50, F|1/100\n|move|p1a: Whimsicott|Encore||[still]\n|-fail|p1a: Whimsicott\n|move|p2b: Araquanid|Liquidation|p1b: Sneasler\n|-damage|p1b: Sneasler|0 fnt\n|faint|p1b: Sneasler\n|\n|-heal|p2b: Araquanid|63/100|[from] item: Leftovers\n|upkeep\n|\n|t:|1776723265\n|switch|p1b: Charizard|Charizard, L50, F|100/100\n|turn|5\n|\n|t:|1776723284\n|move|p1b: Charizard|Protect|p1b: Charizard\n|-singleturn|p1b: Charizard|Protect\n|move|p2a: Avalugg|Ice Spinner|p1a: Whimsicott\n|-supereffective|p1a: Whimsicott|1\n|-enditem|p1a: Whimsicott|Focus Sash\n|-damage|p1a: Whimsicott|1/100\n|move|p2b: Araquanid|Liquidation|p1b: Charizard\n|-activate|p1b: Charizard|move: Protect\n|move|p1a: Whimsicott|Moonblast|p2a: Avalugg\n|-damage|p2a: Avalugg|0 fnt\n|faint|p2a: Avalugg\n|\n|-heal|p2b: Araquanid|68/100|[from] item: Leftovers\n|-sideend|p1: Bazmac636|move: Tailwind\n|upkeep\n|\n|t:|1776723301\n|switch|p2a: Slowbro|Slowbro-Galar, L50, M|87/100\n|turn|6\n|-activate|p2a: Slowbro|ability: Quick Draw\n|\n|t:|1776723313\n|move|p1a: Whimsicott|Fake Tears|p2b: Araquanid\n|-unboost|p2b: Araquanid|spd|2\n|move|p2a: Slowbro|Shell Side Arm|p1a: Whimsicott|[anim] Shell Side Arm Special\n|-supereffective|p1a: Whimsicott|2\n|-damage|p1a: Whimsicott|0 fnt\n|-hint|Special Shell Side Arm\n|faint|p1a: Whimsicott\n|move|p2b: Araquanid|Liquidation|p1b: Charizard\n|-supereffective|p1b: Charizard|1\n|-damage|p1b: Charizard|0 fnt\n|faint|p1b: Charizard\n|\n|win|sandzero2k3\n|raw|Bazmac636's rating: 1190 &rarr; <strong>1162</strong><br />(-28 for losing)\n|raw|sandzero2k3's rating: 1149 &rarr; <strong>1177</strong><br />(+28 for winning)\n",
  "uploadtime": 1776723324,
  "views": 7,
  "formatid": "gen9championsvgc2026regma",
  "rating": 1162,
  "private": 0,
  "password": null
}