{
  "id": "gen9championsvgc2026regma-2588327217",
  "format": "[Gen 9 Champions] VGC 2026 Reg M-A",
  "players": [
    "z3r0cool",
    "LxrdLucid"
  ],
  "log": "|j|\u2606z3r0cool\n|j|\u2606LxrdLucid\n|t:|1776624400\n|gametype|doubles\n|player|p1|z3r0cool|lorelei-gen1|1143\n|player|p2|LxrdLucid|266|1065\n|gen|9\n|tier|[Gen 9 Champions] VGC 2026 Reg M-A\n|rated|\n|rule|Species Clause: Limit one of each Pok\u00e9mon\n|rule|Item Clause: Limit 1 of each item\n|clearpoke\n|poke|p1|Sneasler, L50, M, shiny|\n|poke|p1|Feraligatr, L50, M, shiny|\n|poke|p1|Talonflame, L50, F, shiny|\n|poke|p1|Kingambit, L50, M|\n|poke|p1|Gardevoir, L50, M, shiny|\n|poke|p1|Sinistcha, L50|\n|poke|p2|Venusaur, L50, M, shiny|\n|poke|p2|Tyranitar, L50, F, shiny|\n|poke|p2|Excadrill, L50, F, shiny|\n|poke|p2|Rotom-Wash, L50, shiny|\n|poke|p2|Sneasler, L50, M, shiny|\n|poke|p2|Corviknight, L50, M, shiny|\n|teampreview|4\n|inactive|Battle timer is ON: inactive players will automatically lose when time's up. (requested by z3r0cool)\n|\n|t:|1776624427\n|teamsize|p1|4\n|teamsize|p2|4\n|start\n|switch|p1a: Sneasler|Sneasler, L50, M, shiny|100/100\n|switch|p1b: Feraligatr|Feraligatr, L50, M, shiny|100/100\n|switch|p2a: Sneasler|Sneasler, L50, M, shiny|100/100\n|switch|p2b: Corviknight|Corviknight, L50, M, shiny|100/100\n|turn|1\n|inactive|z3r0cool has 30 seconds left.\n|inactive|z3r0cool has 20 seconds left.\n|inactive|z3r0cool has 15 seconds left.\n|inactive|z3r0cool has 10 seconds left.\n|\n|t:|1776624474\n|detailschange|p1b: Feraligatr|Feraligatr-Mega, L50, M, shiny\n|-mega|p1b: Feraligatr|Feraligatr|Feraligite\n|move|p2a: Sneasler|Fake Out|p1a: Sneasler\n|-damage|p1a: Sneasler|75/100\n|cant|p1a: Sneasler|flinch\n|move|p1b: Feraligatr|Liquidation|p2b: Corviknight\n|-damage|p2b: Corviknight|53/100\n|-ability|p2b: Corviknight|Mirror Armor\n|-unboost|p1b: Feraligatr|def|1\n|move|p2b: Corviknight|Tailwind|p2b: Corviknight\n|-sidestart|p2: LxrdLucid|move: Tailwind\n|\n|-heal|p2b: Corviknight|59/100|[from] item: Leftovers\n|upkeep\n|turn|2\n|inactive|z3r0cool has 30 seconds left.\n|inactive|LxrdLucid has 30 seconds left.\n|inactive|z3r0cool has 20 seconds left.\n|inactive|z3r0cool has 15 seconds left.\n|\n|t:|1776624518\n|move|p2a: Sneasler|Dire Claw|p1b: Feraligatr\n|-damage|p1b: Feraligatr|47/100\n|move|p1a: Sneasler|Coaching|p1b: Feraligatr\n|-boost|p1b: Feraligatr|atk|1\n|-boost|p1b: Feraligatr|def|1\n|move|p2b: Corviknight|Brave Bird|p1a: Sneasler\n|-supereffective|p1a: Sneasler|1\n|-damage|p1a: Sneasler|0 fnt\n|faint|p1a: Sneasler\n|-damage|p2b: Corviknight|40/100|[from] Recoil\n|move|p1b: Feraligatr|Liquidation|p2a: Sneasler\n|-damage|p2a: Sneasler|0 fnt\n|faint|p2a: Sneasler\n|\n|-heal|p2b: Corviknight|46/100|[from] item: Leftovers\n|upkeep\n|\n|t:|1776624537\n|switch|p1a: Talonflame|Talonflame, L50, F, shiny|100/100\n|switch|p2a: Venusaur|Venusaur, L50, M, shiny|100/100\n|turn|3\n|\n|t:|1776624557\n|detailschange|p2a: Venusaur|Venusaur-Mega, L50, M, shiny\n|-mega|p2a: Venusaur|Venusaur|Venusaurite\n|move|p2b: Corviknight|Protect|p2b: Corviknight\n|-singleturn|p2b: Corviknight|Protect\n|move|p1a: Talonflame|Tailwind|p1a: Talonflame\n|-sidestart|p1: z3r0cool|move: Tailwind\n|move|p1b: Feraligatr|Liquidation|p2b: Corviknight\n|-activate|p2b: Corviknight|move: Protect\n|move|p2a: Venusaur|Leech Seed|p1a: Talonflame\n|-start|p1a: Talonflame|move: Leech Seed\n|\n|-heal|p2b: Corviknight|52/100|[from] item: Leftovers\n|-damage|p1a: Talonflame|88/100|[from] Leech Seed|[of] p2a: Venusaur\n|upkeep\n|turn|4\n|inactive|LxrdLucid has 30 seconds left.\n|\n|t:|1776624585\n|move|p1a: Talonflame|Brave Bird|p2a: Venusaur\n|-supereffective|p2a: Venusaur|1\n|-damage|p2a: Venusaur|32/100\n|-damage|p1a: Talonflame|61/100|[from] Recoil\n|move|p1b: Feraligatr|Liquidation|p2b: Corviknight\n|-damage|p2b: Corviknight|0 fnt\n|faint|p2b: Corviknight\n|move|p2a: Venusaur|Sludge Bomb|p1b: Feraligatr\n|-damage|p1b: Feraligatr|7/100\n|\n|-damage|p1a: Talonflame|48/100|[from] Leech Seed|[of] p2a: Venusaur\n|-heal|p2a: Venusaur|42/100|[silent]\n|-sideend|p2: LxrdLucid|move: Tailwind\n|upkeep\n|\n|t:|1776624599\n|switch|p2b: Tyranitar|Tyranitar, L50, F, shiny|100/100\n|-weather|Sandstorm|[from] ability: Sand Stream|[of] p2b: Tyranitar\n|turn|5\n|\n|t:|1776624621\n|move|p2b: Tyranitar|Protect|p2b: Tyranitar\n|-singleturn|p2b: Tyranitar|Protect\n|move|p2a: Venusaur|Protect|p2a: Venusaur\n|-singleturn|p2a: Venusaur|Protect\n|move|p1a: Talonflame|Brave Bird|p2a: Venusaur\n|-activate|p2a: Venusaur|move: Protect\n|move|p1b: Feraligatr|Liquidation|p2b: Tyranitar\n|-activate|p2b: Tyranitar|move: Protect\n|\n|-weather|Sandstorm|[upkeep]\n|-damage|p1a: Talonflame|42/100|[from] Sandstorm\n|-damage|p1b: Feraligatr|1/100|[from] Sandstorm\n|-damage|p2a: Venusaur|36/100|[from] Sandstorm\n|-damage|p1a: Talonflame|30/100|[from] Leech Seed|[of] p2a: Venusaur\n|-heal|p2a: Venusaur|46/100|[silent]\n|upkeep\n|turn|6\n|\n|t:|1776624643\n|move|p1a: Talonflame|Brave Bird|p2a: Venusaur\n|-supereffective|p2a: Venusaur|1\n|-damage|p2a: Venusaur|0 fnt\n|faint|p2a: Venusaur\n|-damage|p1a: Talonflame|12/100|[from] Recoil\n|move|p1b: Feraligatr|Liquidation|p2b: Tyranitar\n|-supereffective|p2b: Tyranitar|1\n|-damage|p2b: Tyranitar|0 fnt\n|faint|p2b: Tyranitar\n|\n|win|z3r0cool\n|raw|z3r0cool's rating: 1143 &rarr; <strong>1162</strong><br />(+19 for winning)\n|raw|LxrdLucid's rating: 1065 &rarr; <strong>1050</strong><br />(-15 for losing)\n|c|\u2606z3r0cool|gg\n|l|\u2606LxrdLucid\n|player|p2|\n|c|\u2606z3r0cool|why no double\n",
  "uploadtime": 1776624658,
  "views": 8,
  "formatid": "gen9championsvgc2026regma",
  "rating": 1050,
  "private": 0,
  "password": null
}