{
  "id": "gen9championsvgc2026regma-2581240980",
  "format": "[Gen 9 Champions] VGC 2026 Reg M-A",
  "players": [
    "Anne_ChovyVGC",
    "XungLao"
  ],
  "log": "|j|\u2606Anne_ChovyVGC\n|j|\u2606XungLao\n|t:|1775975051\n|gametype|doubles\n|player|p1|Anne_ChovyVGC|skierf-gen4dp|1041\n|player|p2|XungLao|rood|1087\n|gen|9\n|tier|[Gen 9 Champions] VGC 2026 Reg M-A\n|rated|\n|rule|Species Clause: Limit one of each Pok\u00e9mon\n|rule|Item Clause: Limit 1 of each item\n|clearpoke\n|poke|p1|Lucario, L50, M|\n|poke|p1|Incineroar, L50, F|\n|poke|p1|Hawlucha, L50, M|\n|poke|p1|Ninetales-Alola, L50, F|\n|poke|p1|Mamoswine, L50, F|\n|poke|p1|Aerodactyl, L50, F|\n|poke|p2|Froslass, L50, F|\n|poke|p2|Aerodactyl, L50, M|\n|poke|p2|Maushold, L50|\n|poke|p2|Sneasler, L50, F|\n|poke|p2|Farigiraf, L50, M|\n|poke|p2|Kingambit, L50, M|\n|teampreview|4\n|inactive|Battle timer is ON: inactive players will automatically lose when time's up. (requested by XungLao)\n|\n|t:|1775975083\n|teamsize|p1|4\n|teamsize|p2|4\n|start\n|switch|p1a: Aerodactyl|Aerodactyl, L50, F|100/100\n|switch|p1b: Lucario|Lucario, L50, M|100/100\n|switch|p2a: Aerodactyl|Aerodactyl, L50, M|100/100\n|switch|p2b: Sneasler|Sneasler, L50, F|100/100\n|-ability|p2a: Aerodactyl|Pressure\n|turn|1\n|inactive|Anne_ChovyVGC has 30 seconds left.\n|inactive|XungLao has 30 seconds left.\n|\n|t:|1775975113\n|move|p2b: Sneasler|Fake Out|p1a: Aerodactyl\n|-resisted|p1a: Aerodactyl|1\n|-damage|p1a: Aerodactyl|91/100\n|move|p2a: Aerodactyl|Rock Slide|p1b: Lucario|[spread] p1a,p1b\n|-supereffective|p1a: Aerodactyl|1\n|-resisted|p1b: Lucario|2\n|-damage|p1a: Aerodactyl|13/100\n|-damage|p1b: Lucario|90/100\n|move|p1b: Lucario|Steel Beam|p2a: Aerodactyl\n|-supereffective|p2a: Aerodactyl|1\n|-damage|p2a: Aerodactyl|0 fnt\n|-damage|p1b: Lucario|39/100|[from] steelbeam\n|faint|p2a: Aerodactyl\n|cant|p1a: Aerodactyl|flinch\n|\n|upkeep\n|\n|t:|1775975130\n|switch|p2a: Kingambit|Kingambit, L50, M|100/100\n|turn|2\n|\n|t:|1775975144\n|switch|p1b: Mamoswine|Mamoswine, L50, F|100/100\n|move|p2a: Kingambit|Sucker Punch||[still]\n|-fail|p2a: Kingambit\n|move|p1a: Aerodactyl|Tailwind|p1a: Aerodactyl\n|-sidestart|p1: Anne_ChovyVGC|move: Tailwind\n|move|p2b: Sneasler|Close Combat|p1b: Mamoswine\n|-supereffective|p1b: Mamoswine|1\n|-enditem|p1b: Mamoswine|Focus Sash\n|-damage|p1b: Mamoswine|1/100\n|-unboost|p2b: Sneasler|def|1\n|-unboost|p2b: Sneasler|spd|1\n|-enditem|p2b: Sneasler|White Herb\n|-clearnegativeboost|p2b: Sneasler|[silent]\n|\n|upkeep\n|turn|3\n|\n|t:|1775975165\n|move|p2a: Kingambit|Sucker Punch|p1b: Mamoswine\n|-damage|p1b: Mamoswine|0 fnt\n|faint|p1b: Mamoswine\n|move|p1a: Aerodactyl|Rock Slide|p2b: Sneasler|[spread] p2a,p2b\n|-resisted|p2a: Kingambit|1\n|-resisted|p2b: Sneasler|1\n|-damage|p2a: Kingambit|91/100\n|-damage|p2b: Sneasler|83/100\n|cant|p2b: Sneasler|flinch\n|\n|upkeep\n|\n|t:|1775975177\n|switch|p1b: Hawlucha|Hawlucha, L50, M|100/100\n|turn|4\n|\n|t:|1775975195\n|detailschange|p1b: Hawlucha|Hawlucha-Mega, L50, M\n|-mega|p1b: Hawlucha|Hawlucha|Hawluchanite\n|move|p2a: Kingambit|Sucker Punch|p1a: Aerodactyl\n|-damage|p1a: Aerodactyl|0 fnt\n|faint|p1a: Aerodactyl\n|move|p2b: Sneasler|Dire Claw|p1b: Hawlucha\n|-damage|p1b: Hawlucha|57/100\n|move|p1b: Hawlucha|Brave Bird|p2b: Sneasler\n|-supereffective|p2b: Sneasler|1\n|-damage|p2b: Sneasler|0 fnt\n|faint|p2b: Sneasler\n|-damage|p1b: Hawlucha|34/100|[from] Recoil\n|\n|upkeep\n|\n|t:|1775975209\n|switch|p1a: Lucario|Lucario, L50, M|39/100\n|switch|p2b: Froslass|Froslass, L50, F|100/100\n|turn|5\n|inactive|Anne_ChovyVGC has 30 seconds left.\n|inactive|Anne_ChovyVGC has 20 seconds left.\n|\n|t:|1775975248\n|move|p2b: Froslass|Protect|p2b: Froslass\n|-singleturn|p2b: Froslass|Protect\n|move|p2a: Kingambit|Protect|p2a: Kingambit\n|-singleturn|p2a: Kingambit|Protect\n|move|p1a: Lucario|Steel Beam|p2b: Froslass\n|-activate|p2b: Froslass|move: Protect\n|-damage|p1a: Lucario|0 fnt|[from] steelbeam\n|faint|p1a: Lucario\n|move|p1b: Hawlucha|High Jump Kick|p2a: Kingambit\n|-activate|p2a: Kingambit|move: Protect\n|-damage|p1b: Hawlucha|0 fnt|[from] highjumpkick\n|faint|p1b: Hawlucha\n|\n|win|XungLao\n|raw|Anne_ChovyVGC's rating: 1041 &rarr; <strong>1027</strong><br />(-14 for losing)\n|raw|XungLao's rating: 1087 &rarr; <strong>1110</strong><br />(+23 for winning)\n",
  "uploadtime": 1775975264,
  "views": 16,
  "formatid": "gen9championsvgc2026regma",
  "rating": 1027,
  "private": 0,
  "password": null
}