{
  "id": "gen9championsvgc2026regma-2583334703",
  "format": "[Gen 9 Champions] VGC 2026 Reg M-A",
  "players": [
    "Sol4ri",
    "FlameBodyBr"
  ],
  "log": "|j|\u2606Sol4ri\n|j|\u2606FlameBodyBr\n|t:|1776167891\n|gametype|doubles\n|player|p1|Sol4ri|will|1068\n|player|p2|FlameBodyBr|alder|1064\n|gen|9\n|tier|[Gen 9 Champions] VGC 2026 Reg M-A\n|rated|\n|rule|Species Clause: Limit one of each Pok\u00e9mon\n|rule|Item Clause: Limit 1 of each item\n|clearpoke\n|poke|p1|Politoed, L50, M|\n|poke|p1|Gengar, L50, F|\n|poke|p1|Basculegion, L50, M|\n|poke|p1|Incineroar, L50, F|\n|poke|p1|Kommo-o, L50, M|\n|poke|p1|Archaludon, L50, M|\n|poke|p2|Charizard, L50, F|\n|poke|p2|Whimsicott, L50, F|\n|poke|p2|Talonflame, L50, F|\n|poke|p2|Garchomp, L50, M|\n|poke|p2|Kingambit, L50, F|\n|poke|p2|Basculegion, L50, M|\n|teampreview|4\n|inactive|Battle timer is ON: inactive players will automatically lose when time's up. (requested by FlameBodyBr)\n|inactive|FlameBodyBr has 60 seconds left.\n|\n|t:|1776167928\n|teamsize|p1|4\n|teamsize|p2|4\n|start\n|switch|p1a: Kommo-o|Kommo-o, L50, M|100/100\n|switch|p1b: Gengar|Gengar, L50, F|100/100\n|switch|p2a: Gaivota Alada|Talonflame, L50, F, shiny|100/100\n|switch|p2b: Takase|Kingambit, L50, F|100/100\n|turn|1\n|\n|t:|1776167951\n|switch|p2b: Medo de Gelo|Garchomp, L50, M, shiny|100/100\n|detailschange|p1b: Gengar|Gengar-Mega, L50, F\n|-mega|p1b: Gengar|Gengar|Gengarite\n|move|p1b: Gengar|Protect|p1b: Gengar\n|-singleturn|p1b: Gengar|Protect\n|move|p2a: Gaivota Alada|Tailwind|p2a: Gaivota Alada\n|-sidestart|p2: FlameBodyBr|move: Tailwind\n|move|p1a: Kommo-o|Body Press|p2b: Medo de Gelo\n|-damage|p2b: Medo de Gelo|63/100\n|-damage|p1a: Kommo-o|88/100|[from] ability: Rough Skin|[of] p2b: Medo de Gelo\n|\n|upkeep\n|turn|2\n|inactive|Sol4ri has 30 seconds left.\n|\n|t:|1776167978\n|switch|p1b: Politoed|Politoed, L50, M|100/100\n|-weather|RainDance|[from] ability: Drizzle|[of] p1b: Politoed\n|move|p2a: Gaivota Alada|Flare Blitz|p1b: Politoed\n|-resisted|p1b: Politoed|1\n|-damage|p1b: Politoed|93/100\n|-damage|p2a: Gaivota Alada|98/100|[from] Recoil\n|move|p2b: Medo de Gelo|Earthquake|p1b: Politoed|[spread] p1a,p1b\n|-immune|p2a: Gaivota Alada\n|-damage|p1a: Kommo-o|57/100\n|-damage|p1b: Politoed|58/100\n|move|p1a: Kommo-o|Clanging Scales|p2a: Gaivota Alada|[spread] p2a,p2b\n|-supereffective|p2b: Medo de Gelo|1\n|-enditem|p2b: Medo de Gelo|Haban Berry|[eat]\n|-enditem|p2b: Medo de Gelo|Haban Berry|[weaken]\n|-damage|p2a: Gaivota Alada|63/100\n|-damage|p2b: Medo de Gelo|34/100\n|-unboost|p1a: Kommo-o|def|1\n|\n|-weather|RainDance|[upkeep]\n|upkeep\n|turn|3\n|\n|t:|1776168002\n|move|p2a: Gaivota Alada|Protect|p2a: Gaivota Alada\n|-singleturn|p2a: Gaivota Alada|Protect\n|move|p1a: Kommo-o|Protect|p1a: Kommo-o\n|-singleturn|p1a: Kommo-o|Protect\n|move|p2b: Medo de Gelo|Earthquake|p1a: Kommo-o|[spread] p1b\n|-activate|p2a: Gaivota Alada|move: Protect\n|-activate|p1a: Kommo-o|move: Protect\n|-damage|p1b: Politoed|23/100\n|-enditem|p1b: Politoed|Sitrus Berry|[eat]\n|-heal|p1b: Politoed|48/100|[from] item: Sitrus Berry\n|move|p1b: Politoed|Weather Ball|p2b: Medo de Gelo\n|-damage|p2b: Medo de Gelo|0 fnt\n|faint|p2b: Medo de Gelo\n|\n|-weather|RainDance|[upkeep]\n|upkeep\n|\n|t:|1776168020\n|switch|p2b: Lagartixa Pan\u00e7uda|Charizard, L50, F, shiny|100/100\n|turn|4\n|inactive|Sol4ri has 30 seconds left.\n|\n|t:|1776168050\n|switch|p1b: Basculegion|Basculegion, L50, M|100/100\n|detailschange|p2b: Lagartixa Pan\u00e7uda|Charizard-Mega-Y, L50, F, shiny\n|-mega|p2b: Lagartixa Pan\u00e7uda|Charizard|Charizardite Y\n|-weather|SunnyDay|[from] ability: Drought|[of] p2b: Lagartixa Pan\u00e7uda\n|move|p2a: Gaivota Alada|Flare Blitz|p1b: Basculegion\n|-resisted|p1b: Basculegion|1\n|-damage|p1b: Basculegion|69/100\n|-damage|p2a: Gaivota Alada|52/100|[from] Recoil\n|move|p2b: Lagartixa Pan\u00e7uda|Heat Wave|p1a: Kommo-o|[spread] p1a,p1b\n|-resisted|p1a: Kommo-o|1\n|-resisted|p1b: Basculegion|1\n|-damage|p1a: Kommo-o|31/100\n|-damage|p1b: Basculegion|30/100\n|move|p1a: Kommo-o|Clanging Scales|p2a: Gaivota Alada|[spread] p2a,p2b\n|-damage|p2a: Gaivota Alada|12/100\n|-damage|p2b: Lagartixa Pan\u00e7uda|74/100\n|-unboost|p1a: Kommo-o|def|1\n|\n|-weather|SunnyDay|[upkeep]\n|-sideend|p2: FlameBodyBr|move: Tailwind\n|upkeep\n|turn|5\n|inactive|Sol4ri has 30 seconds left.\n|inactive|FlameBodyBr has 30 seconds left.\n|inactive|Sol4ri has 20 seconds left.\n|inactive|Sol4ri has 15 seconds left.\n|inactive|Sol4ri has 10 seconds left.\n|\n|t:|1776168098\n|switch|p1a: Politoed|Politoed, L50, M|48/100\n|-weather|RainDance|[from] ability: Drizzle|[of] p1a: Politoed\n|move|p1b: Basculegion|Wave Crash|p2b: Lagartixa Pan\u00e7uda\n|-supereffective|p2b: Lagartixa Pan\u00e7uda|1\n|-damage|p2b: Lagartixa Pan\u00e7uda|0 fnt\n|faint|p2b: Lagartixa Pan\u00e7uda\n|-damage|p1b: Basculegion|11/100|[from] Recoil\n|move|p2a: Gaivota Alada|Tailwind|p2a: Gaivota Alada\n|-sidestart|p2: FlameBodyBr|move: Tailwind\n|\n|-weather|RainDance|[upkeep]\n|upkeep\n|\n|t:|1776168109\n|switch|p2b: Takase|Kingambit, L50, F|100/100\n|turn|6\n|\n|t:|1776168118\n|move|p2a: Gaivota Alada|Protect|p2a: Gaivota Alada\n|-singleturn|p2a: Gaivota Alada|Protect\n|move|p1b: Basculegion|Protect|p1b: Basculegion\n|-singleturn|p1b: Basculegion|Protect\n|move|p2b: Takase|Swords Dance|p2b: Takase\n|-boost|p2b: Takase|atk|2\n|move|p1a: Politoed|Perish Song|p1a: Politoed\n|-start|p1a: Politoed|perish3|[silent]\n|-start|p1b: Basculegion|perish3|[silent]\n|-start|p2a: Gaivota Alada|perish3|[silent]\n|-start|p2b: Takase|perish3|[silent]\n|-fieldactivate|move: Perish Song\n|\n|-weather|RainDance|[upkeep]\n|-start|p2a: Gaivota Alada|perish3\n|-start|p1b: Basculegion|perish3\n|-start|p2b: Takase|perish3\n|-start|p1a: Politoed|perish3\n|upkeep\n|turn|7\n|inactive|Sol4ri has 30 seconds left.\n|\n|t:|1776168143\n|switch|p1b: Gengar|Gengar-Mega, L50, F|100/100\n|move|p2a: Gaivota Alada|Flare Blitz|p1b: Gengar\n|-damage|p1b: Gengar|78/100\n|-status|p1b: Gengar|brn\n|-damage|p2a: Gaivota Alada|6/100|[from] Recoil\n|move|p2b: Takase|Kowtow Cleave|p1a: Politoed\n|-damage|p1a: Politoed|0 fnt\n|faint|p1a: Politoed\n|\n|-weather|RainDance|[upkeep]\n|-damage|p1b: Gengar|72/100 brn|[from] brn\n|-start|p2a: Gaivota Alada|perish2\n|-start|p2b: Takase|perish2\n|upkeep\n|\n|t:|1776168160\n|switch|p1a: Basculegion|Basculegion, L50, M|11/100\n|turn|8\n|\n|t:|1776168170\n|move|p1a: Basculegion|Protect|p1a: Basculegion\n|-singleturn|p1a: Basculegion|Protect\n|move|p1b: Gengar|Protect|p1b: Gengar\n|-singleturn|p1b: Gengar|Protect\n|move|p2a: Gaivota Alada|Flare Blitz|p1a: Basculegion\n|-activate|p1a: Basculegion|move: Protect\n|move|p2b: Takase|Kowtow Cleave|p1b: Gengar\n|-activate|p1b: Gengar|move: Protect\n|\n|-weather|RainDance|[upkeep]\n|-damage|p1b: Gengar|66/100 brn|[from] brn\n|-start|p2a: Gaivota Alada|perish1\n|-start|p2b: Takase|perish1\n|-sideend|p2: FlameBodyBr|move: Tailwind\n|upkeep\n|turn|9\n|c|\u2606Sol4ri|gg\n|inactive|Sol4ri has 30 seconds left.\n|-message|FlameBodyBr forfeited.\n|\n|win|Sol4ri\n|raw|Sol4ri's rating: 1068 &rarr; <strong>1097</strong><br />(+29 for winning)\n|raw|FlameBodyBr's rating: 1064 &rarr; <strong>1045</strong><br />(-19 for losing)\n|l|\u2606FlameBodyBr\n|player|p2|\n",
  "uploadtime": 1776168212,
  "views": 13,
  "formatid": "gen9championsvgc2026regma",
  "rating": 1045,
  "private": 0,
  "password": null
}