{
  "id": "gen9championsvgc2026regma-2582819354",
  "format": "[Gen 9 Champions] VGC 2026 Reg M-A",
  "players": [
    "j21osh",
    "Isidino"
  ],
  "log": "|j|\u2606j21osh\n|j|\u2606Isidino\n|t:|1776116515\n|gametype|doubles\n|player|p1|j21osh|169|1069\n|player|p2|Isidino|170|1135\n|gen|9\n|tier|[Gen 9 Champions] VGC 2026 Reg M-A\n|rated|\n|rule|Species Clause: Limit one of each Pok\u00e9mon\n|rule|Item Clause: Limit 1 of each item\n|clearpoke\n|poke|p1|Pikachu, L50, F|\n|poke|p1|Espathra, L50, F|\n|poke|p1|Pelipper, L50, F|\n|poke|p1|Dragonite, L50, M|\n|poke|p1|Basculegion, L50, M|\n|poke|p1|Serperior, L50, F|\n|poke|p2|Pelipper, L50, M|\n|poke|p2|Basculegion-F, L50, F|\n|poke|p2|Starmie, L50|\n|poke|p2|Sneasler, L50, M|\n|poke|p2|Sableye, L50, M|\n|poke|p2|Archaludon, L50, F|\n|teampreview|4\n|inactive|Battle timer is ON: inactive players will automatically lose when time's up. (requested by Isidino)\n|inactive|Isidino has 60 seconds left.\n|\n|t:|1776116554\n|teamsize|p1|4\n|teamsize|p2|4\n|start\n|switch|p1a: Pikachu|Pikachu, L50, F|100/100\n|switch|p1b: Espathra|Espathra, L50, F, shiny|100/100\n|switch|p2a: Sneasler|Sneasler, L50, M|100/100\n|switch|p2b: Archaludon|Archaludon, L50, F|100/100\n|turn|1\n|\n|t:|1776116573\n|move|p2a: Sneasler|Fake Out|p1a: Pikachu\n|-damage|p1a: Pikachu|49/100\n|cant|p1a: Pikachu|flinch\n|move|p1b: Espathra|Calm Mind|p1b: Espathra\n|-boost|p1b: Espathra|spa|1\n|-boost|p1b: Espathra|spd|1\n|move|p2b: Archaludon|Draco Meteor|p1a: Pikachu\n|-damage|p1a: Pikachu|0 fnt\n|-unboost|p2b: Archaludon|spa|2\n|faint|p1a: Pikachu\n|\n|-ability|p1b: Espathra|Speed Boost|boost\n|-boost|p1b: Espathra|spe|1\n|upkeep\n|\n|t:|1776116587\n|switch|p1a: Serperior|Serperior, L50, F|100/100\n|turn|2\n|\n|t:|1776116601\n|switch|p2b: Basculegion|Basculegion-F, L50, F, shiny|100/100\n|move|p1b: Espathra|Protect|p1b: Espathra\n|-singleturn|p1b: Espathra|Protect\n|move|p2a: Sneasler|Dire Claw|p1a: Serperior\n|-supereffective|p1a: Serperior|1\n|-damage|p1a: Serperior|7/100\n|-status|p1a: Serperior|slp\n|cant|p1a: Serperior|slp\n|\n|-ability|p1b: Espathra|Speed Boost|boost\n|-boost|p1b: Espathra|spe|1\n|upkeep\n|turn|3\n|\n|t:|1776116618\n|move|p1b: Espathra|Baton Pass|p1b: Espathra\n|\n|t:|1776116620\n|switch|p1b: Dragonite|Dragonite, L50, M|100/100|[from] Baton Pass\n|move|p2a: Sneasler|Close Combat|p1a: Serperior\n|-damage|p1a: Serperior|0 fnt\n|-unboost|p2a: Sneasler|def|1\n|-unboost|p2a: Sneasler|spd|1\n|faint|p1a: Serperior\n|-enditem|p2a: Sneasler|White Herb\n|-clearnegativeboost|p2a: Sneasler|[silent]\n|move|p2b: Basculegion|Icy Wind|p1b: Dragonite\n|-supereffective|p1b: Dragonite|2\n|-damage|p1b: Dragonite|75/100\n|-unboost|p1b: Dragonite|spe|1\n|\n|upkeep\n|\n|t:|1776116629\n|switch|p1a: Espathra|Espathra, L50, F, shiny|100/100\n|turn|4\n|\n|t:|1776116642\n|detailschange|p1b: Dragonite|Dragonite-Mega, L50, M\n|-mega|p1b: Dragonite|Dragonite|Dragoninite\n|move|p1a: Espathra|Protect|p1a: Espathra\n|-singleturn|p1a: Espathra|Protect\n|move|p2a: Sneasler|Dire Claw|p1b: Dragonite\n|-damage|p1b: Dragonite|39/100\n|move|p1b: Dragonite|Heat Wave|p2a: Sneasler|[spread] p2a,p2b\n|-resisted|p2b: Basculegion|1\n|-crit|p2b: Basculegion\n|-damage|p2a: Sneasler|37/100\n|-damage|p2b: Basculegion|64/100\n|-status|p2b: Basculegion|brn\n|move|p2b: Basculegion|Icy Wind|p1a: Espathra|[spread] p1b\n|-activate|p1a: Espathra|move: Protect\n|-supereffective|p1b: Dragonite|2\n|-damage|p1b: Dragonite|12/100\n|-unboost|p1b: Dragonite|spe|1\n|\n|-damage|p2b: Basculegion|58/100 brn|[from] brn\n|-ability|p1a: Espathra|Speed Boost|boost\n|-boost|p1a: Espathra|spe|1\n|upkeep\n|turn|5\n|inactive|Isidino has 30 seconds left.\n|\n|t:|1776116669\n|switch|p2a: Archaludon|Archaludon, L50, F|100/100\n|move|p1b: Dragonite|Protect|p1b: Dragonite\n|-singleturn|p1b: Dragonite|Protect\n|move|p1a: Espathra|Lumina Crash|p2a: Archaludon\n|-resisted|p2a: Archaludon|1\n|-damage|p2a: Archaludon|84/100\n|-unboost|p2a: Archaludon|spd|2\n|move|p2b: Basculegion|Icy Wind|p1a: Espathra|[spread] p1a\n|-activate|p1b: Dragonite|move: Protect\n|-damage|p1a: Espathra|83/100\n|-unboost|p1a: Espathra|spe|1\n|\n|-damage|p2b: Basculegion|52/100 brn|[from] brn\n|-ability|p1a: Espathra|Speed Boost|boost\n|-boost|p1a: Espathra|spe|1\n|upkeep\n|turn|6\n|inactive|j21osh has 30 seconds left.\n|\n|t:|1776116697\n|move|p1a: Espathra|Lumina Crash|p2a: Archaludon\n|-resisted|p2a: Archaludon|1\n|-damage|p2a: Archaludon|49/100\n|-unboost|p2a: Archaludon|spd|2\n|-enditem|p2a: Archaludon|Sitrus Berry|[eat]\n|-heal|p2a: Archaludon|74/100|[from] item: Sitrus Berry\n|move|p1b: Dragonite|Heat Wave|p2a: Archaludon|[spread] p2a,p2b\n|-resisted|p2b: Basculegion|1\n|-damage|p2a: Archaludon|0 fnt\n|-damage|p2b: Basculegion|28/100 brn\n|faint|p2a: Archaludon\n|move|p2b: Basculegion|Icy Wind|p1b: Dragonite|[spread] p1a,p1b\n|-supereffective|p1b: Dragonite|2\n|-damage|p1a: Espathra|64/100\n|-damage|p1b: Dragonite|0 fnt\n|-unboost|p1a: Espathra|spe|1\n|faint|p1b: Dragonite\n|\n|-damage|p2b: Basculegion|22/100 brn|[from] brn\n|-ability|p1a: Espathra|Speed Boost|boost\n|-boost|p1a: Espathra|spe|1\n|upkeep\n|\n|t:|1776116706\n|switch|p2a: Starmie|Starmie, L50, shiny|100/100\n|turn|7\n|-message|j21osh forfeited.\n|\n|win|Isidino\n|raw|j21osh's rating: 1069 &rarr; <strong>1052</strong><br />(-17 for losing)\n|raw|Isidino's rating: 1135 &rarr; <strong>1155</strong><br />(+20 for winning)\n|l|\u2606j21osh\n|player|p1|\n",
  "uploadtime": 1776116718,
  "views": 21,
  "formatid": "gen9championsvgc2026regma",
  "rating": 1052,
  "private": 0,
  "password": null
}