{
  "id": "gen9championsvgc2026regma-2580636206",
  "format": "[Gen 9 Champions] VGC 2026 Reg M-A",
  "players": [
    "riggatxni",
    "mmesmerizer"
  ],
  "log": "|j|\u2606riggatxni\n|j|\u2606mmesmerizer\n|t:|1775920138\n|gametype|doubles\n|player|p1|riggatxni|marlon|1066\n|player|p2|mmesmerizer|n|1000\n|gen|9\n|tier|[Gen 9 Champions] VGC 2026 Reg M-A\n|rated|\n|rule|Species Clause: Limit one of each Pok\u00e9mon\n|rule|Item Clause: Limit 1 of each item\n|clearpoke\n|poke|p1|Sinistcha-Masterpiece, L50|\n|poke|p1|Whimsicott, L50, M|\n|poke|p1|Excadrill, L50, M|\n|poke|p1|Ceruledge, L50, M|\n|poke|p1|Dragonite, L50, M|\n|poke|p1|Incineroar, L50, M|\n|poke|p2|Dragonite, L50, F|\n|poke|p2|Pelipper, L50, M|\n|poke|p2|Sinistcha, L50|\n|poke|p2|Basculegion, L50, M|\n|poke|p2|Archaludon, L50, F|\n|poke|p2|Sneasler, L50, F|\n|teampreview|4\n|inactive|Battle timer is ON: inactive players will automatically lose when time's up. (requested by mmesmerizer)\n|inactive|mmesmerizer has 60 seconds left.\n|\n|t:|1775920169\n|teamsize|p1|4\n|teamsize|p2|4\n|start\n|switch|p1a: Incineroar|Incineroar, L50, M, shiny|100/100\n|switch|p1b: Whimsicott|Whimsicott, L50, M, shiny|100/100\n|switch|p2a: Dragonite|Dragonite, L50, F, shiny|100/100\n|switch|p2b: Sneasler|Sneasler, L50, F, shiny|100/100\n|-ability|p2b: Sneasler|Pressure\n|-ability|p1a: Incineroar|Intimidate|boost\n|-unboost|p2a: Dragonite|atk|1\n|-unboost|p2b: Sneasler|atk|1\n|-enditem|p2b: Sneasler|White Herb\n|-clearnegativeboost|p2b: Sneasler|[silent]\n|turn|1\n|\n|t:|1775920185\n|move|p2a: Dragonite|Protect|p2a: Dragonite\n|-singleturn|p2a: Dragonite|Protect\n|move|p1a: Incineroar|Fake Out|p2a: Dragonite\n|-activate|p2a: Dragonite|move: Protect\n|move|p1b: Whimsicott|Tailwind|p1b: Whimsicott\n|-sidestart|p1: riggatxni|move: Tailwind\n|move|p2b: Sneasler|Dire Claw|p1b: Whimsicott\n|-supereffective|p1b: Whimsicott|2\n|-enditem|p1b: Whimsicott|Focus Sash\n|-damage|p1b: Whimsicott|1/100\n|\n|upkeep\n|turn|2\n|\n|t:|1775920207\n|switch|p2b: Pelipper|Pelipper, L50, M, shiny|100/100\n|-weather|RainDance|[from] ability: Drizzle|[of] p2b: Pelipper\n|detailschange|p2a: Dragonite|Dragonite-Mega, L50, F, shiny\n|-mega|p2a: Dragonite|Dragonite|Dragoninite\n|move|p1b: Whimsicott|Moonblast|p2a: Dragonite\n|-supereffective|p2a: Dragonite|1\n|-damage|p2a: Dragonite|80/100\n|move|p1a: Incineroar|Parting Shot|p2a: Dragonite\n|-unboost|p2a: Dragonite|atk|1\n|-unboost|p2a: Dragonite|spa|1\n|\n|t:|1775920219\n|switch|p1a: Excadrill|Excadrill, L50, M, shiny|100/100|[from] Parting Shot\n|-ability|p1a: Excadrill|Mold Breaker\n|move|p2a: Dragonite|Hurricane|p1b: Whimsicott\n|-supereffective|p1b: Whimsicott|1\n|-damage|p1b: Whimsicott|0 fnt\n|faint|p1b: Whimsicott\n|\n|-weather|RainDance|[upkeep]\n|upkeep\n|\n|t:|1775920229\n|switch|p1b: Incineroar|Incineroar, L50, M, shiny|100/100\n|-ability|p1b: Incineroar|Intimidate|boost\n|-unboost|p2a: Dragonite|atk|1\n|-unboost|p2b: Pelipper|atk|1\n|turn|3\n|inactive|riggatxni has 30 seconds left.\n|\n|t:|1775920255\n|switch|p2a: Sneasler|Sneasler, L50, F, shiny|100/100\n|-ability|p2a: Sneasler|Pressure\n|move|p1b: Incineroar|Fake Out|p2b: Pelipper\n|-damage|p2b: Pelipper|86/100\n|cant|p2b: Pelipper|flinch\n|move|p1a: Excadrill|Swords Dance|p1a: Excadrill\n|-boost|p1a: Excadrill|atk|2\n|\n|-weather|RainDance|[upkeep]\n|upkeep\n|turn|4\n|\n|t:|1775920273\n|move|p2a: Sneasler|Fake Out|p1a: Excadrill\n|-resisted|p1a: Excadrill|1\n|-damage|p1a: Excadrill|90/100\n|cant|p1a: Excadrill|flinch\n|move|p1b: Incineroar|Parting Shot|p2a: Sneasler\n|-unboost|p2a: Sneasler|atk|1\n|-unboost|p2a: Sneasler|spa|1\n|\n|t:|1775920281\n|switch|p1b: Dragonite|Dragonite, L50, M, shiny|100/100|[from] Parting Shot\n|move|p2b: Pelipper|Tailwind|p2b: Pelipper\n|-sidestart|p2: mmesmerizer|move: Tailwind\n|\n|-weather|RainDance|[upkeep]\n|-heal|p1a: Excadrill|96/100|[from] item: Leftovers\n|-sideend|p1: riggatxni|move: Tailwind\n|upkeep\n|turn|5\n|\n|t:|1775920299\n|detailschange|p1b: Dragonite|Dragonite-Mega, L50, M, shiny\n|-mega|p1b: Dragonite|Dragonite|Dragoninite\n|move|p2a: Sneasler|Close Combat|p1a: Excadrill\n|-supereffective|p1a: Excadrill|1\n|-damage|p1a: Excadrill|0 fnt\n|-unboost|p2a: Sneasler|def|1\n|-unboost|p2a: Sneasler|spd|1\n|faint|p1a: Excadrill\n|move|p2b: Pelipper|Weather Ball|p1b: Dragonite\n|-resisted|p1b: Dragonite|1\n|-damage|p1b: Dragonite|91/100\n|move|p1b: Dragonite|Thunderbolt|p2b: Pelipper\n|-supereffective|p2b: Pelipper|2\n|-damage|p2b: Pelipper|0 fnt\n|faint|p2b: Pelipper\n|\n|-weather|RainDance|[upkeep]\n|upkeep\n|\n|t:|1775920313\n|switch|p1a: Incineroar|Incineroar, L50, M, shiny|100/100\n|switch|p2b: Dragonite|Dragonite-Mega, L50, F, shiny|80/100\n|-ability|p1a: Incineroar|Intimidate|boost\n|-unboost|p2a: Sneasler|atk|1\n|-unboost|p2b: Dragonite|atk|1\n|turn|6\n|\n|t:|1775920327\n|switch|p2a: Sinistcha|Sinistcha, L50, shiny|100/100\n|-heal|p2b: Dragonite|100/100|[from] ability: Hospitality|[of] p2a: Sinistcha\n|move|p2b: Dragonite|Protect|p2b: Dragonite\n|-singleturn|p2b: Dragonite|Protect\n|move|p1b: Dragonite|Protect|p1b: Dragonite\n|-singleturn|p1b: Dragonite|Protect\n|move|p1a: Incineroar|Fake Out|p2a: Sinistcha\n|-immune|p2a: Sinistcha\n|\n|-weather|none\n|upkeep\n|turn|7\n|inactive|riggatxni has 30 seconds left.\n|inactive|mmesmerizer has 30 seconds left.\n|\n|t:|1775920358\n|switch|p2a: Sneasler|Sneasler, L50, F, shiny|100/100\n|-ability|p2a: Sneasler|Pressure\n|move|p2b: Dragonite|Draco Meteor|p1b: Dragonite\n|-supereffective|p1b: Dragonite|1\n|-damage|p1b: Dragonite|0 fnt\n|-unboost|p2b: Dragonite|spa|2\n|faint|p1b: Dragonite\n|move|p1a: Incineroar|Taunt|p2a: Sneasler\n|-start|p2a: Sneasler|move: Taunt\n|\n|-sideend|p2: mmesmerizer|move: Tailwind\n|upkeep\n|turn|8\n|-message|riggatxni forfeited.\n|\n|win|mmesmerizer\n|raw|riggatxni's rating: 1066 &rarr; <strong>1042</strong><br />(-24 for losing)\n|raw|mmesmerizer's rating: 1000 &rarr; <strong>1048</strong><br />(+48 for winning)\n|l|\u2606riggatxni\n|player|p1|\n",
  "uploadtime": 1775920467,
  "views": 15,
  "formatid": "gen9championsvgc2026regma",
  "rating": 1042,
  "private": 0,
  "password": null
}