{
  "id": "gen9championsvgc2026regma-2583107077",
  "format": "[Gen 9 Champions] VGC 2026 Reg M-A",
  "players": [
    "busterbunner",
    "caustic soda"
  ],
  "log": "|j|\u2606busterbunner\n|j|\u2606caustic soda\n|t:|1776142795\n|gametype|doubles\n|player|p1|busterbunner|grimsley|1134\n|player|p2|caustic soda|102|1125\n|gen|9\n|tier|[Gen 9 Champions] VGC 2026 Reg M-A\n|rated|\n|rule|Species Clause: Limit one of each Pok\u00e9mon\n|rule|Item Clause: Limit 1 of each item\n|clearpoke\n|poke|p1|Farigiraf, L50, F|\n|poke|p1|Camerupt, L50, M|\n|poke|p1|Oranguru, L50, M|\n|poke|p1|Mimikyu, L50, F|\n|poke|p1|Chesnaught, L50, M|\n|poke|p1|Toxicroak, L50, F|\n|poke|p2|Tyranitar, L50, F|\n|poke|p2|Excadrill, L50, F|\n|poke|p2|Garchomp, L50, F|\n|poke|p2|Aerodactyl, L50, M|\n|poke|p2|Gardevoir, L50, M|\n|poke|p2|Incineroar, L50, F|\n|teampreview|4\n|inactive|Battle timer is ON: inactive players will automatically lose when time's up. (requested by busterbunner)\n|inactive|busterbunner has 60 seconds left.\n|inactive|caustic soda has 60 seconds left.\n|\n|t:|1776142839\n|teamsize|p1|4\n|teamsize|p2|4\n|start\n|switch|p1a: Toxicroak|Toxicroak, L50, F|100/100\n|switch|p1b: Oranguru|Oranguru, L50, M|100/100\n|switch|p2a: Aerodactyl|Aerodactyl, L50, M|100/100\n|switch|p2b: Gardevoir|Gardevoir, L50, M|100/100\n|-ability|p2a: Aerodactyl|Unnerve\n|turn|1\n|inactive|caustic soda has 30 seconds left.\n|inactive|caustic soda has 20 seconds left.\n|inactive|caustic soda has 15 seconds left.\n|\n|t:|1776142880\n|move|p1a: Toxicroak|Fake Out|p2b: Gardevoir\n|-damage|p2b: Gardevoir|82/100\n|move|p2a: Aerodactyl|Dual Wingbeat|p1a: Toxicroak|[miss]\n|-miss|p2a: Aerodactyl|p1a: Toxicroak\n|cant|p2b: Gardevoir|flinch\n|move|p1b: Oranguru|Trick Room|p1b: Oranguru\n|-fieldstart|move: Trick Room|[of] p1b: Oranguru\n|\n|upkeep\n|turn|2\n|\n|t:|1776142899\n|move|p2b: Gardevoir|Protect|p2b: Gardevoir\n|-singleturn|p2b: Gardevoir|Protect\n|move|p2a: Aerodactyl|Protect|p2a: Aerodactyl\n|-singleturn|p2a: Aerodactyl|Protect\n|move|p1b: Oranguru|Instruct|p1a: Toxicroak\n|-singleturn|p1a: Toxicroak|move: Instruct|[of] p1b: Oranguru\n|move|p1a: Toxicroak|Fake Out||[still]\n|-hint|Fake Out only works on your first turn out.\n|-fail|p1a: Toxicroak\n|move|p1a: Toxicroak|Poison Jab|p2b: Gardevoir\n|-activate|p2b: Gardevoir|move: Protect\n|\n|upkeep\n|turn|3\n|inactive|caustic soda has 30 seconds left.\n|inactive|caustic soda has 20 seconds left.\n|\n|t:|1776142935\n|switch|p1b: Camerupt|Camerupt, L50, M|100/100\n|switch|p2b: Tyranitar|Tyranitar, L50, F|100/100\n|-weather|Sandstorm|[from] ability: Sand Stream|[of] p2b: Tyranitar\n|move|p1a: Toxicroak|Encore||[still]\n|-fail|p1a: Toxicroak\n|move|p2a: Aerodactyl|Dual Wingbeat|p1a: Toxicroak|[miss]\n|-miss|p2a: Aerodactyl|p1a: Toxicroak\n|\n|-weather|Sandstorm|[upkeep]\n|-damage|p1a: Toxicroak|95/100|[from] Sandstorm\n|upkeep\n|turn|4\n|inactive|busterbunner has 30 seconds left.\n|\n|t:|1776142961\n|detailschange|p1b: Camerupt|Camerupt-Mega, L50, M\n|-mega|p1b: Camerupt|Camerupt|Cameruptite\n|move|p2b: Tyranitar|Protect|p2b: Tyranitar\n|-singleturn|p2b: Tyranitar|Protect\n|move|p1b: Camerupt|Eruption|p2a: Aerodactyl|[spread] p2a\n|-activate|p2b: Tyranitar|move: Protect\n|-resisted|p2a: Aerodactyl|1\n|-damage|p2a: Aerodactyl|72/100\n|move|p1a: Toxicroak|Knock Off|p2b: Tyranitar\n|-activate|p2b: Tyranitar|move: Protect\n|move|p2a: Aerodactyl|Dual Wingbeat|p1a: Toxicroak|[miss]\n|-miss|p2a: Aerodactyl|p1a: Toxicroak\n|\n|-weather|Sandstorm|[upkeep]\n|-damage|p1a: Toxicroak|89/100|[from] Sandstorm\n|upkeep\n|turn|5\n|inactive|caustic soda has 30 seconds left.\n|\n|t:|1776142993\n|move|p1b: Camerupt|Protect|p1b: Camerupt\n|-singleturn|p1b: Camerupt|Protect\n|move|p2b: Tyranitar|Rock Slide|p1b: Camerupt|[spread] p1a\n|-activate|p1b: Camerupt|move: Protect\n|-resisted|p1a: Toxicroak|1\n|-damage|p1a: Toxicroak|68/100\n|move|p1a: Toxicroak|Encore|p2b: Tyranitar\n|-start|p2b: Tyranitar|Encore\n|move|p2a: Aerodactyl|Dual Wingbeat|p1a: Toxicroak\n|-supereffective|p1a: Toxicroak|1\n|-damage|p1a: Toxicroak|11/100\n|-supereffective|p1a: Toxicroak|1\n|-damage|p1a: Toxicroak|0 fnt\n|faint|p1a: Toxicroak\n|-hitcount|p1: Toxicroak|2\n|\n|-weather|Sandstorm|[upkeep]\n|-fieldend|move: Trick Room\n|upkeep\n|\n|t:|1776143004\n|switch|p1a: Chesnaught|Chesnaught, L50, M|100/100\n|turn|6\n|\n|t:|1776143024\n|switch|p2b: Gardevoir|Gardevoir, L50, M|82/100\n|move|p2a: Aerodactyl|Dual Wingbeat|p1a: Chesnaught|[miss]\n|-miss|p2a: Aerodactyl|p1a: Chesnaught\n|move|p1a: Chesnaught|Wood Hammer|p2b: Gardevoir\n|-damage|p2b: Gardevoir|0 fnt\n|faint|p2b: Gardevoir\n|-damage|p1a: Chesnaught|77/100|[from] Recoil\n|move|p1b: Camerupt|Eruption|p2a: Aerodactyl\n|-resisted|p2a: Aerodactyl|1\n|-damage|p2a: Aerodactyl|34/100\n|\n|-weather|Sandstorm|[upkeep]\n|-damage|p1a: Chesnaught|71/100|[from] Sandstorm\n|upkeep\n|\n|t:|1776143031\n|switch|p2b: Garchomp|Garchomp, L50, F|100/100\n|turn|7\n|\n|t:|1776143044\n|move|p1a: Chesnaught|Spiky Shield|p1a: Chesnaught\n|-singleturn|p1a: Chesnaught|move: Protect\n|move|p2b: Garchomp|Earthquake|p1b: Camerupt|[spread] p1b\n|-activate|p1a: Chesnaught|move: Protect\n|-immune|p2a: Aerodactyl\n|-supereffective|p1b: Camerupt|1\n|-damage|p1b: Camerupt|17/100\n|move|p2a: Aerodactyl|Dual Wingbeat|p1a: Chesnaught\n|-activate|p1a: Chesnaught|move: Protect\n|-damage|p2a: Aerodactyl|22/100|[from] Spiky Shield|[of] p1a: Chesnaught\n|move|p1b: Camerupt|Heat Wave|p2a: Aerodactyl|[spread] p2a,p2b\n|-resisted|p2a: Aerodactyl|1\n|-resisted|p2b: Garchomp|1\n|-damage|p2a: Aerodactyl|0 fnt\n|-damage|p2b: Garchomp|72/100\n|faint|p2a: Aerodactyl\n|\n|-weather|none\n|upkeep\n|\n|t:|1776143059\n|switch|p2a: Tyranitar|Tyranitar, L50, F|100/100\n|-weather|Sandstorm|[from] ability: Sand Stream|[of] p2a: Tyranitar\n|turn|8\n|inactive|caustic soda has 30 seconds left.\n|\n|t:|1776143091\n|detailschange|p2a: Tyranitar|Tyranitar-Mega, L50, F\n|-mega|p2a: Tyranitar|Tyranitar|Tyranitarite\n|move|p2b: Garchomp|Earthquake|p1a: Chesnaught|[spread] p2a,p1a,p1b\n|-supereffective|p2a: Tyranitar|1\n|-resisted|p1a: Chesnaught|1\n|-supereffective|p1b: Camerupt|1\n|-damage|p2a: Tyranitar|49/100\n|-damage|p1a: Chesnaught|57/100\n|-damage|p1b: Camerupt|0 fnt\n|faint|p1b: Camerupt\n|move|p2a: Tyranitar|Knock Off|p1a: Chesnaught\n|-resisted|p1a: Chesnaught|1\n|-damage|p1a: Chesnaught|42/100\n|move|p1a: Chesnaught|Wood Hammer|p2b: Garchomp\n|-damage|p2b: Garchomp|15/100\n|-damage|p1a: Chesnaught|21/100|[from] Recoil\n|\n|-weather|Sandstorm|[upkeep]\n|-damage|p1a: Chesnaught|15/100|[from] Sandstorm\n|upkeep\n|\n|t:|1776143098\n|switch|p1b: Oranguru|Oranguru, L50, M|100/100\n|turn|9\n|\n|t:|1776143111\n|move|p2a: Tyranitar|Protect|p2a: Tyranitar\n|-singleturn|p2a: Tyranitar|Protect\n|move|p2b: Garchomp|Earthquake|p1b: Oranguru|[spread] p1a,p1b\n|-activate|p2a: Tyranitar|move: Protect\n|-resisted|p1a: Chesnaught|1\n|-damage|p1a: Chesnaught|0 fnt\n|-damage|p1b: Oranguru|70/100\n|faint|p1a: Chesnaught\n|move|p1b: Oranguru|Hyper Voice|p2a: Tyranitar|[spread] p2b\n|-activate|p2a: Tyranitar|move: Protect\n|-damage|p2b: Garchomp|0 fnt\n|faint|p2b: Garchomp\n|\n|-weather|Sandstorm|[upkeep]\n|-damage|p1b: Oranguru|64/100|[from] Sandstorm\n|-heal|p1b: Oranguru|70/100|[from] item: Leftovers\n|upkeep\n|turn|10\n|\n|t:|1776143124\n|move|p2a: Tyranitar|Knock Off|p1b: Oranguru\n|-supereffective|p1b: Oranguru|1\n|-damage|p1b: Oranguru|0 fnt\n|-enditem|p1b: Oranguru|Leftovers|[from] move: Knock Off|[of] p2a: Tyranitar\n|faint|p1b: Oranguru\n|\n|win|caustic soda\n|raw|busterbunner's rating: 1134 &rarr; <strong>1108</strong><br />(-26 for losing)\n|raw|caustic soda's rating: 1125 &rarr; <strong>1151</strong><br />(+26 for winning)\n|l|\u2606busterbunner\n|player|p1|\n",
  "uploadtime": 1776143141,
  "views": 14,
  "formatid": "gen9championsvgc2026regma",
  "rating": 1108,
  "private": 0,
  "password": null
}