{
  "id": "gen9championsvgc2026regma-2589523945",
  "format": "[Gen 9 Champions] VGC 2026 Reg M-A",
  "players": [
    "PaladynamoX",
    "Snail Fan"
  ],
  "log": "|j|\u2606PaladynamoX\n|j|\u2606Snail Fan\n|t:|1776730797\n|gametype|doubles\n|player|p1|PaladynamoX|1|1000\n|player|p2|Snail Fan|colress|1080\n|gen|9\n|tier|[Gen 9 Champions] VGC 2026 Reg M-A\n|rated|\n|rule|Species Clause: Limit one of each Pok\u00e9mon\n|rule|Item Clause: Limit 1 of each item\n|clearpoke\n|poke|p1|Heracross, L50, F|\n|poke|p1|Whimsicott, L50, M|\n|poke|p1|Alcremie, L50, F|\n|poke|p1|Palafin, L50, F|\n|poke|p1|Arcanine-Hisui, L50, F|\n|poke|p1|Dragapult, L50, M|\n|poke|p2|Charizard, L50, M|\n|poke|p2|Pelipper, L50, F|\n|poke|p2|Blastoise, L50, M|\n|poke|p2|Raichu, L50, M, shiny|\n|poke|p2|Alcremie-Rainbow-Swirl, L50, F, shiny|\n|poke|p2|Clefable, L50, M, shiny|\n|teampreview|4\n|\n|t:|1776730814\n|teamsize|p1|4\n|teamsize|p2|4\n|start\n|switch|p1a: Heracross|Heracross, L50, F|100/100\n|switch|p1b: Whimsicott|Whimsicott, L50, M|100/100\n|switch|p2a: Big Y|Charizard, L50, M|100/100\n|switch|p2b: Super Markus|Pelipper, L50, F|100/100\n|-weather|RainDance|[from] ability: Drizzle|[of] p2b: Super Markus\n|turn|1\n|inactive|Battle timer is ON: inactive players will automatically lose when time's up. (requested by PaladynamoX)\n|inactive|Snail Fan has 60 seconds left.\n|\n|t:|1776730847\n|detailschange|p1a: Heracross|Heracross-Mega, L50, F\n|-mega|p1a: Heracross|Heracross|Heracronite\n|move|p1b: Whimsicott|Tailwind|p1b: Whimsicott\n|-sidestart|p1: PaladynamoX|move: Tailwind\n|move|p1a: Heracross|Bulk Up|p1a: Heracross\n|-boost|p1a: Heracross|atk|1\n|-boost|p1a: Heracross|def|1\n|move|p2b: Super Markus|Hurricane|p1a: Heracross\n|-supereffective|p1a: Heracross|2\n|-damage|p1a: Heracross|0 fnt\n|faint|p1a: Heracross\n|move|p2a: Big Y|Roar|p1b: Whimsicott\n|drag|p1b: Dragapult|Dragapult, L50, M|100/100\n|\n|-weather|RainDance|[upkeep]\n|upkeep\n|\n|t:|1776730861\n|switch|p1a: Arcanine|Arcanine-Hisui, L50, F|100/100\n|-ability|p1a: Arcanine|Intimidate|boost\n|-unboost|p2a: Big Y|atk|1\n|-unboost|p2b: Super Markus|atk|1\n|turn|2\n|inactive|PaladynamoX has 30 seconds left.\n|inactive|PaladynamoX has 20 seconds left.\n|inactive|PaladynamoX has 15 seconds left.\n|inactive|PaladynamoX has 10 seconds left.\n|inactive|PaladynamoX has 5 seconds left.\n|\n|t:|1776730916\n|move|p1b: Dragapult|Dragon Darts|p2a: Big Y\n|-damage|p2a: Big Y|73/100\n|-anim|p1b: Dragapult|Dragon Darts|p2b: Super Markus\n|-damage|p2b: Super Markus|69/100\n|move|p1a: Arcanine|Flare Blitz|p2b: Super Markus\n|-resisted|p2b: Super Markus|1\n|-damage|p2b: Super Markus|46/100\n|-status|p2b: Super Markus|brn\n|-damage|p1a: Arcanine|95/100|[from] Recoil\n|move|p2b: Super Markus|Weather Ball|p1a: Arcanine\n|-supereffective|p1a: Arcanine|2\n|-damage|p1a: Arcanine|0 fnt\n|faint|p1a: Arcanine\n|move|p2a: Big Y|Roar|p1b: Dragapult\n|drag|p1b: Whimsicott|Whimsicott, L50, M|100/100\n|\n|-weather|RainDance|[upkeep]\n|-damage|p2b: Super Markus|40/100 brn|[from] brn\n|upkeep\n|\n|t:|1776730933\n|switch|p1a: Dragapult|Dragapult, L50, M|100/100\n|turn|3\n|\n|t:|1776730948\n|move|p1a: Dragapult|Thunderbolt|p2a: Big Y\n|-supereffective|p2a: Big Y|1\n|-damage|p2a: Big Y|29/100\n|-status|p2a: Big Y|par\n|move|p1b: Whimsicott|Dazzling Gleam|p2a: Big Y|[spread] p2a,p2b\n|-resisted|p2a: Big Y|1\n|-damage|p2a: Big Y|14/100 par\n|-damage|p2b: Super Markus|0 fnt\n|faint|p2b: Super Markus\n|move|p2a: Big Y|Roar||[still]\n|-fail|p2a: Big Y\n|\n|-weather|RainDance|[upkeep]\n|upkeep\n|\n|t:|1776730960\n|switch|p2b: Mega-Alcremie|Alcremie-Rainbow-Swirl, L50, F, shiny|100/100\n|turn|4\n|\n|t:|1776730973\n|move|p1b: Whimsicott|Leech Seed|p2b: Mega-Alcremie|[miss]\n|-miss|p1b: Whimsicott|p2b: Mega-Alcremie\n|move|p1a: Dragapult|Thunderbolt|p2b: Mega-Alcremie\n|-damage|p2b: Mega-Alcremie|82/100\n|move|p2b: Mega-Alcremie|Calm Mind|p2b: Mega-Alcremie\n|-boost|p2b: Mega-Alcremie|spa|1\n|-boost|p2b: Mega-Alcremie|spd|1\n|move|p2a: Big Y|Roar||[still]\n|-fail|p2a: Big Y\n|\n|-weather|RainDance|[upkeep]\n|-sideend|p1: PaladynamoX|move: Tailwind\n|upkeep\n|turn|5\n|\n|t:|1776730986\n|move|p1b: Whimsicott|Leech Seed|p2b: Mega-Alcremie\n|-start|p2b: Mega-Alcremie|move: Leech Seed\n|move|p1a: Dragapult|Phantom Force||[still]\n|-prepare|p1a: Dragapult|Phantom Force\n|move|p2b: Mega-Alcremie|Acid Armor|p2b: Mega-Alcremie\n|-boost|p2b: Mega-Alcremie|def|2\n|move|p2a: Big Y|Roar||[still]\n|-fail|p2a: Big Y\n|\n|-weather|none\n|-damage|p2b: Mega-Alcremie|70/100|[from] Leech Seed|[of] p1b: Whimsicott\n|upkeep\n|turn|6\n|\n|t:|1776730996\n|move|p1b: Whimsicott|Leech Seed|p2a: Big Y\n|-start|p2a: Big Y|move: Leech Seed\n|move|p1a: Dragapult|Phantom Force|p2b: Mega-Alcremie|[from] lockedmove\n|-damage|p2b: Mega-Alcremie|52/100\n|move|p2b: Mega-Alcremie|Draining Kiss|p1a: Dragapult\n|-supereffective|p1a: Dragapult|1\n|-damage|p1a: Dragapult|27/100\n|-heal|p2b: Mega-Alcremie|100/100|[from] drain|[of] p1a: Dragapult\n|move|p2a: Big Y|Roar||[still]\n|-fail|p2a: Big Y\n|\n|-damage|p2a: Big Y|2/100 par|[from] Leech Seed|[of] p1b: Whimsicott\n|-damage|p2b: Mega-Alcremie|88/100|[from] Leech Seed|[of] p1b: Whimsicott\n|upkeep\n|turn|7\n|\n|t:|1776731018\n|move|p1a: Dragapult|Thunderbolt|p2b: Mega-Alcremie\n|-crit|p2b: Mega-Alcremie\n|-damage|p2b: Mega-Alcremie|60/100\n|move|p1b: Whimsicott|Dazzling Gleam|p2b: Mega-Alcremie|[spread] p2a,p2b\n|-resisted|p2a: Big Y|1\n|-damage|p2a: Big Y|0 fnt\n|-damage|p2b: Mega-Alcremie|46/100\n|faint|p2a: Big Y\n|move|p2b: Mega-Alcremie|Draining Kiss|p1a: Dragapult\n|-supereffective|p1a: Dragapult|1\n|-damage|p1a: Dragapult|0 fnt\n|-heal|p2b: Mega-Alcremie|68/100|[from] drain|[of] p1a: Dragapult\n|faint|p1a: Dragapult\n|\n|-damage|p2b: Mega-Alcremie|56/100|[from] Leech Seed|[of] p1b: Whimsicott\n|upkeep\n|\n|t:|1776731020\n|switch|p2a: Carrracosta|Blastoise, L50, M|100/100\n|turn|8\n|\n|t:|1776731032\n|move|p1b: Whimsicott|Leech Seed|p2a: Carrracosta\n|-start|p2a: Carrracosta|move: Leech Seed\n|move|p2a: Carrracosta|Aqua Ring|p2a: Carrracosta\n|-start|p2a: Carrracosta|Aqua Ring\n|move|p2b: Mega-Alcremie|Calm Mind|p2b: Mega-Alcremie\n|-boost|p2b: Mega-Alcremie|spa|1\n|-boost|p2b: Mega-Alcremie|spd|1\n|\n|-damage|p2a: Carrracosta|88/100|[from] Leech Seed|[of] p1b: Whimsicott\n|-damage|p2b: Mega-Alcremie|44/100|[from] Leech Seed|[of] p1b: Whimsicott\n|upkeep\n|turn|9\n|\n|t:|1776731043\n|move|p1b: Whimsicott|Protect|p1b: Whimsicott\n|-singleturn|p1b: Whimsicott|Protect\n|move|p2a: Carrracosta|Iron Defense|p2a: Carrracosta\n|-boost|p2a: Carrracosta|def|2\n|move|p2b: Mega-Alcremie|Draining Kiss|p1b: Whimsicott\n|-activate|p1b: Whimsicott|move: Protect\n|\n|-heal|p2a: Carrracosta|94/100|[from] item: Leftovers\n|-heal|p2a: Carrracosta|99/100|[from] Aqua Ring\n|-damage|p2a: Carrracosta|88/100|[from] Leech Seed|[of] p1b: Whimsicott\n|-damage|p2b: Mega-Alcremie|31/100|[from] Leech Seed|[of] p1b: Whimsicott\n|upkeep\n|turn|10\n|\n|t:|1776731055\n|move|p1b: Whimsicott|Dazzling Gleam|p2b: Mega-Alcremie|[spread] p2a,p2b\n|-damage|p2a: Carrracosta|64/100\n|-damage|p2b: Mega-Alcremie|22/100\n|move|p2a: Carrracosta|Liquidation|p1b: Whimsicott\n|-resisted|p1b: Whimsicott|1\n|-damage|p1b: Whimsicott|82/100\n|-unboost|p1b: Whimsicott|def|1\n|move|p2b: Mega-Alcremie|Draining Kiss|p1b: Whimsicott\n|-damage|p1b: Whimsicott|14/100\n|-heal|p2b: Mega-Alcremie|63/100|[from] drain|[of] p1b: Whimsicott\n|\n|-heal|p2a: Carrracosta|70/100|[from] item: Leftovers\n|-heal|p2a: Carrracosta|76/100|[from] Aqua Ring\n|-damage|p2a: Carrracosta|64/100|[from] Leech Seed|[of] p1b: Whimsicott\n|-heal|p1b: Whimsicott|31/100|[silent]\n|-damage|p2b: Mega-Alcremie|50/100|[from] Leech Seed|[of] p1b: Whimsicott\n|-heal|p1b: Whimsicott|46/100|[silent]\n|upkeep\n|turn|11\n|\n|t:|1776731073\n|move|p1b: Whimsicott|Protect|p1b: Whimsicott\n|-singleturn|p1b: Whimsicott|Protect\n|move|p2a: Carrracosta|Iron Defense|p2a: Carrracosta\n|-boost|p2a: Carrracosta|def|2\n|move|p2b: Mega-Alcremie|Calm Mind|p2b: Mega-Alcremie\n|-boost|p2b: Mega-Alcremie|spa|1\n|-boost|p2b: Mega-Alcremie|spd|1\n|\n|-heal|p2a: Carrracosta|70/100|[from] item: Leftovers\n|-heal|p2a: Carrracosta|76/100|[from] Aqua Ring\n|-damage|p2a: Carrracosta|63/100|[from] Leech Seed|[of] p1b: Whimsicott\n|-heal|p1b: Whimsicott|63/100|[silent]\n|-damage|p2b: Mega-Alcremie|38/100|[from] Leech Seed|[of] p1b: Whimsicott\n|-heal|p1b: Whimsicott|79/100|[silent]\n|upkeep\n|turn|12\n|\n|t:|1776731085\n|move|p1b: Whimsicott|Protect||[still]\n|-fail|p1b: Whimsicott\n|move|p2a: Carrracosta|Liquidation|p1b: Whimsicott\n|-resisted|p1b: Whimsicott|1\n|-damage|p1b: Whimsicott|50/100\n|move|p2b: Mega-Alcremie|Draining Kiss|p1b: Whimsicott\n|-damage|p1b: Whimsicott|0 fnt\n|-heal|p2b: Mega-Alcremie|68/100|[from] drain|[of] p1b: Whimsicott\n|faint|p1b: Whimsicott\n|\n|win|Snail Fan\n|raw|PaladynamoX's rating: 1000 &rarr; <strong>1000</strong><br />(+0 for losing)\n|raw|Snail Fan's rating: 1080 &rarr; <strong>1102</strong><br />(+22 for winning)\n|l|\u2606PaladynamoX\n|player|p1|\n",
  "uploadtime": 1776731092,
  "views": 3,
  "formatid": "gen9championsvgc2026regma",
  "rating": 1000,
  "private": 0,
  "password": null
}