{
  "id": "gen9championsvgc2026regma-2583335788",
  "format": "[Gen 9 Champions] VGC 2026 Reg M-A",
  "players": [
    "vywxiwjxjwk",
    "SquonEstBored"
  ],
  "log": "|j|\u2606vywxiwjxjwk\n|j|\u2606SquonEstBored\n|t:|1776167989\n|gametype|doubles\n|player|p1|vywxiwjxjwk|n|1085\n|player|p2|SquonEstBored|102|1040\n|gen|9\n|tier|[Gen 9 Champions] VGC 2026 Reg M-A\n|rated|\n|rule|Species Clause: Limit one of each Pok\u00e9mon\n|rule|Item Clause: Limit 1 of each item\n|clearpoke\n|poke|p1|Sneasler, L50, M|\n|poke|p1|Floette-Eternal, L50, F|\n|poke|p1|Sinistcha, L50|\n|poke|p1|Meowstic, L50, M|\n|poke|p1|Krookodile, L50, F|\n|poke|p1|Farigiraf, L50, M|\n|poke|p2|Gardevoir, L50, M|\n|poke|p2|Corviknight, L50, M|\n|poke|p2|Rotom-Wash, L50|\n|poke|p2|Incineroar, L50, M|\n|poke|p2|Garchomp, L50, M|\n|poke|p2|Sinistcha, L50|\n|teampreview|4\n|\n|t:|1776168023\n|teamsize|p1|4\n|teamsize|p2|4\n|start\n|switch|p1a: Sneasler|Sneasler, L50, M|100/100\n|switch|p1b: Meowstic|Meowstic, L50, M|100/100\n|switch|p2a: Incineroar|Incineroar, L50, M|100/100\n|switch|p2b: Rotom|Rotom-Wash, L50|100/100\n|-ability|p2a: Incineroar|Intimidate|boost\n|-unboost|p1a: Sneasler|atk|1\n|-unboost|p1b: Meowstic|atk|1\n|-enditem|p1a: Sneasler|White Herb\n|-clearnegativeboost|p1a: Sneasler|[silent]\n|turn|1\n|inactive|Battle timer is ON: inactive players will automatically lose when time's up. (requested by vywxiwjxjwk)\n|\n|t:|1776168038\n|move|p1a: Sneasler|Fake Out|p2a: Incineroar\n|-damage|p2a: Incineroar|90/100\n|move|p1b: Meowstic|Fake Out|p2b: Rotom\n|-damage|p2b: Rotom|95/100\n|cant|p2a: Incineroar|flinch\n|cant|p2b: Rotom|flinch\n|\n|upkeep\n|turn|2\n|\n|t:|1776168060\n|switch|p2b: Corviknight|Corviknight, L50, M|100/100\n|move|p1b: Meowstic|Reflect|p1b: Meowstic\n|-sidestart|p1: vywxiwjxjwk|Reflect\n|move|p1a: Sneasler|Close Combat|p2a: Incineroar\n|-supereffective|p2a: Incineroar|1\n|-damage|p2a: Incineroar|0 fnt\n|-unboost|p1a: Sneasler|def|1\n|-unboost|p1a: Sneasler|spd|1\n|faint|p2a: Incineroar\n|\n|upkeep\n|\n|t:|1776168070\n|switch|p2a: Rotom|Rotom-Wash, L50|95/100\n|turn|3\n|inactive|vywxiwjxjwk has 30 seconds left.\n|\n|t:|1776168099\n|switch|p1a: Sinistcha|Sinistcha, L50|100/100\n|move|p1b: Meowstic|Thunder Wave|p2b: Corviknight|[miss]\n|-miss|p1b: Meowstic|p2b: Corviknight\n|move|p2a: Rotom|Hydro Pump|p1a: Sinistcha\n|-resisted|p1a: Sinistcha|1\n|-damage|p1a: Sinistcha|73/100\n|move|p2b: Corviknight|Bulk Up|p2b: Corviknight\n|-boost|p2b: Corviknight|atk|1\n|-boost|p2b: Corviknight|def|1\n|\n|upkeep\n|turn|4\n|inactive|vywxiwjxjwk has 30 seconds left.\n|\n|t:|1776168133\n|move|p1b: Meowstic|Fake Tears|p2b: Corviknight\n|-ability|p2b: Corviknight|Mirror Armor\n|-unboost|p1b: Meowstic|spd|2\n|move|p2a: Rotom|Hydro Pump|p1b: Meowstic\n|-enditem|p1b: Meowstic|Focus Sash\n|-damage|p1b: Meowstic|1/100\n|move|p2b: Corviknight|Brave Bird|p1a: Sinistcha\n|-supereffective|p1a: Sinistcha|1\n|-damage|p1a: Sinistcha|3/100\n|-enditem|p1a: Sinistcha|Sitrus Berry|[eat]\n|-heal|p1a: Sinistcha|28/100|[from] item: Sitrus Berry\n|-damage|p2b: Corviknight|80/100|[from] Recoil\n|move|p1a: Sinistcha|Matcha Gotcha|p2b: Corviknight|[spread] p2a,p2b\n|-supereffective|p2a: Rotom|1\n|-resisted|p2b: Corviknight|2\n|-damage|p2a: Rotom|37/100\n|-heal|p1a: Sinistcha|50/100|[from] drain|[of] p2a: Rotom\n|-damage|p2b: Corviknight|75/100\n|-heal|p1a: Sinistcha|54/100|[from] drain|[of] p2b: Corviknight\n|\n|-heal|p2b: Corviknight|81/100|[from] item: Leftovers\n|upkeep\n|turn|5\n|\n|t:|1776168149\n|move|p1b: Meowstic|Thunder Wave|p2b: Corviknight\n|-status|p2b: Corviknight|par\n|move|p2a: Rotom|Hydro Pump|p1b: Meowstic\n|-damage|p1b: Meowstic|0 fnt\n|faint|p1b: Meowstic\n|move|p1a: Sinistcha|Matcha Gotcha|p2a: Rotom|[spread] p2a,p2b\n|-supereffective|p2a: Rotom|1\n|-resisted|p2b: Corviknight|2\n|-damage|p2a: Rotom|0 fnt\n|-heal|p1a: Sinistcha|68/100|[from] drain|[of] p2a: Rotom\n|-damage|p2b: Corviknight|76/100 par\n|-heal|p1a: Sinistcha|71/100|[from] drain|[of] p2b: Corviknight\n|faint|p2a: Rotom\n|move|p2b: Corviknight|Brave Bird|p1a: Sinistcha\n|-supereffective|p1a: Sinistcha|1\n|-damage|p1a: Sinistcha|0 fnt\n|faint|p1a: Sinistcha\n|-damage|p2b: Corviknight|56/100 par|[from] Recoil\n|\n|-heal|p2b: Corviknight|62/100 par|[from] item: Leftovers\n|upkeep\n|\n|t:|1776168156\n|switch|p2a: Gardevoir|Gardevoir, L50, M|100/100\n|switch|p1b: Floette|Floette-Eternal, L50, F|100/100\n|switch|p1a: Sneasler|Sneasler, L50, M|100/100\n|-ability|p2a: Gardevoir|Flower Veil|Trace|[from] ability: Trace|[of] p1b: Floette\n|turn|6\n|\n|t:|1776168168\n|detailschange|p1b: Floette|Floette-Mega, L50, F\n|-mega|p1b: Floette|Floette|Floettite\n|-ability|p1b: Floette|Fairy Aura\n|detailschange|p2a: Gardevoir|Gardevoir-Mega, L50, M\n|-mega|p2a: Gardevoir|Gardevoir|Gardevoirite\n|move|p1a: Sneasler|Fake Out|p2a: Gardevoir\n|-damage|p2a: Gardevoir|86/100\n|move|p1b: Floette|Moonblast|p2b: Corviknight\n|-resisted|p2b: Corviknight|1\n|-damage|p2b: Corviknight|31/100 par\n|move|p2b: Corviknight|Iron Head|p1b: Floette\n|-supereffective|p1b: Floette|1\n|-damage|p1b: Floette|25/100\n|cant|p2a: Gardevoir|flinch\n|\n|-heal|p2b: Corviknight|37/100 par|[from] item: Leftovers\n|-sideend|p1: vywxiwjxjwk|Reflect\n|upkeep\n|turn|7\n|\n|t:|1776168190\n|move|p1b: Floette|Protect|p1b: Floette\n|-singleturn|p1b: Floette|Protect\n|move|p1a: Sneasler|Dire Claw|p2a: Gardevoir\n|-supereffective|p2a: Gardevoir|1\n|-damage|p2a: Gardevoir|0 fnt\n|faint|p2a: Gardevoir\n|move|p2b: Corviknight|Roost|p2b: Corviknight\n|-heal|p2b: Corviknight|87/100 par\n|-singleturn|p2b: Corviknight|move: Roost\n|\n|-heal|p2b: Corviknight|93/100 par|[from] item: Leftovers\n|upkeep\n|turn|8\n|\n|t:|1776168198\n|move|p1a: Sneasler|Close Combat|p2b: Corviknight\n|-damage|p2b: Corviknight|61/100 par\n|-unboost|p1a: Sneasler|def|1\n|-unboost|p1a: Sneasler|spd|1\n|move|p1b: Floette|Moonblast|p2b: Corviknight\n|-resisted|p2b: Corviknight|1\n|-crit|p2b: Corviknight\n|-damage|p2b: Corviknight|16/100 par\n|move|p2b: Corviknight|Iron Head|p1b: Floette\n|-supereffective|p1b: Floette|1\n|-crit|p1b: Floette\n|-damage|p1b: Floette|0 fnt\n|faint|p1b: Floette\n|\n|-heal|p2b: Corviknight|21/100 par|[from] item: Leftovers\n|upkeep\n|turn|9\n|c|\u2606vywxiwjxjwk|gg\n|\n|t:|1776168211\n|move|p1a: Sneasler|Close Combat|p2b: Corviknight\n|-damage|p2b: Corviknight|0 fnt\n|-unboost|p1a: Sneasler|def|1\n|-unboost|p1a: Sneasler|spd|1\n|faint|p2b: Corviknight\n|\n|win|vywxiwjxjwk\n|raw|vywxiwjxjwk's rating: 1085 &rarr; <strong>1109</strong><br />(+24 for winning)\n|raw|SquonEstBored's rating: 1040 &rarr; <strong>1026</strong><br />(-14 for losing)\n|l|\u2606SquonEstBored\n|player|p2|\n",
  "uploadtime": 1776168213,
  "views": 13,
  "formatid": "gen9championsvgc2026regma",
  "rating": 1026,
  "private": 0,
  "password": null
}