{
  "id": "gen9championsvgc2026regma-2588608550",
  "format": "[Gen 9 Champions] VGC 2026 Reg M-A",
  "players": [
    "adalove",
    "aronberrybox"
  ],
  "log": "|j|\u2606adalove\n|j|\u2606aronberrybox\n|t:|1776649688\n|gametype|doubles\n|player|p1|adalove|dragontamer|1148\n|player|p2|aronberrybox|blackbelt-gen4dp|1066\n|gen|9\n|tier|[Gen 9 Champions] VGC 2026 Reg M-A\n|rated|\n|rule|Species Clause: Limit one of each Pok\u00e9mon\n|rule|Item Clause: Limit 1 of each item\n|clearpoke\n|poke|p1|Tyranitar, L50, M|\n|poke|p1|Excadrill, L50, M|\n|poke|p1|Corviknight, L50, M|\n|poke|p1|Milotic, L50, F|\n|poke|p1|Farigiraf, L50, F|\n|poke|p1|Floette-Eternal, L50, F|\n|poke|p2|Hawlucha, L50, M|\n|poke|p2|Kingambit, L50, F|\n|poke|p2|Aerodactyl, L50, M|\n|poke|p2|Rotom-Wash, L50|\n|poke|p2|Garchomp, L50, F|\n|poke|p2|Meganium, L50, F|\n|teampreview|4\n|inactive|Battle timer is ON: inactive players will automatically lose when time's up. (requested by adalove)\n|inactive|aronberrybox has 60 seconds left.\nadalove rejected open team sheets.\n|\n|t:|1776649737\n|teamsize|p1|4\n|teamsize|p2|4\n|start\n|switch|p1a: Tyranitar|Tyranitar, L50, M|100/100\n|switch|p1b: Excadrill|Excadrill, L50, M|100/100\n|switch|p2a: Kingambit|Kingambit, L50, F|100/100\n|switch|p2b: Meganium|Meganium, L50, F|100/100\n|-weather|Sandstorm|[from] ability: Sand Stream|[of] p1a: Tyranitar\n|turn|1\n|\n|t:|1776649760\n|switch|p2b: Hawlucha|Hawlucha, L50, M|100/100\n|detailschange|p1a: Tyranitar|Tyranitar-Mega, L50, M\n|-mega|p1a: Tyranitar|Tyranitar|Tyranitarite\n|move|p2a: Kingambit|Protect|p2a: Kingambit\n|-singleturn|p2a: Kingambit|Protect\n|move|p1b: Excadrill|Iron Head|p2b: Hawlucha\n|-damage|p2b: Hawlucha|35/100\n|move|p1a: Tyranitar|Low Kick|p2a: Kingambit\n|-activate|p2a: Kingambit|move: Protect\n|\n|-weather|Sandstorm|[upkeep]\n|-damage|p2b: Hawlucha|29/100|[from] Sandstorm\n|upkeep\n|turn|2\n|\n|t:|1776649781\n|switch|p1a: Corviknight|Corviknight, L50, M|100/100\n|detailschange|p2b: Hawlucha|Hawlucha-Mega, L50, M\n|-mega|p2b: Hawlucha|Hawlucha|Hawluchanite\n|move|p1b: Excadrill|High Horsepower|p2a: Kingambit\n|-supereffective|p2a: Kingambit|1\n|-damage|p2a: Kingambit|44/100\n|move|p2b: Hawlucha|High Jump Kick|p1a: Corviknight\n|-damage|p1a: Corviknight|51/100\n|move|p2a: Kingambit|Iron Head|p1a: Corviknight\n|-resisted|p1a: Corviknight|1\n|-damage|p1a: Corviknight|40/100\n|-enditem|p1a: Corviknight|Sitrus Berry|[eat]\n|-heal|p1a: Corviknight|65/100|[from] item: Sitrus Berry\n|\n|-weather|Sandstorm|[upkeep]\n|-damage|p2b: Hawlucha|23/100|[from] Sandstorm\n|upkeep\n|turn|3\n|inactive|adalove has 30 seconds left.\n|inactive|aronberrybox has 30 seconds left.\n|inactive|aronberrybox has 20 seconds left.\n|\n|t:|1776649818\n|move|p2a: Kingambit|Protect|p2a: Kingambit\n|-singleturn|p2a: Kingambit|Protect\n|move|p1b: Excadrill|Iron Head|p2b: Hawlucha\n|-damage|p2b: Hawlucha|0 fnt\n|faint|p2b: Hawlucha\n|move|p1a: Corviknight|Body Press|p2a: Kingambit\n|-activate|p2a: Kingambit|move: Protect\n|\n|-weather|Sandstorm|[upkeep]\n|upkeep\n|\n|t:|1776649833\n|switch|p2b: Meganium|Meganium, L50, F|100/100\n|turn|4\n|\n|t:|1776649855\n|move|p2b: Meganium|Protect|p2b: Meganium\n|-singleturn|p2b: Meganium|Protect\n|move|p2a: Kingambit|Sucker Punch|p1a: Corviknight\n|-crit|p1a: Corviknight\n|-damage|p1a: Corviknight|32/100\n|move|p1b: Excadrill|Earthquake|p2a: Kingambit|[spread] p2a\n|-activate|p2b: Meganium|move: Protect\n|-immune|p1a: Corviknight\n|-supereffective|p2a: Kingambit|1\n|-damage|p2a: Kingambit|0 fnt\n|faint|p2a: Kingambit\n|-end|p2a: Kingambit|fallenundefined|[silent]\n|move|p1a: Corviknight|Brave Bird|p2b: Meganium\n|-activate|p2b: Meganium|move: Protect\n|\n|-weather|Sandstorm|[upkeep]\n|-damage|p2b: Meganium|94/100|[from] Sandstorm\n|upkeep\n|\n|t:|1776649865\n|switch|p2a: Rotom|Rotom-Wash, L50|100/100\n|turn|5\n|inactive|adalove has 30 seconds left.\n|\n|t:|1776649896\n|move|p2a: Rotom|Protect|p2a: Rotom\n|-singleturn|p2a: Rotom|Protect\n|move|p1b: Excadrill|Iron Head|p2b: Meganium\n|-damage|p2b: Meganium|42/100\n|cant|p2b: Meganium|flinch\n|move|p1a: Corviknight|Tailwind|p1a: Corviknight\n|-sidestart|p1: adalove|move: Tailwind\n|\n|-weather|none\n|upkeep\n|turn|6\n|\n|t:|1776649919\n|move|p2b: Meganium|Protect|p2b: Meganium\n|-singleturn|p2b: Meganium|Protect\n|move|p1b: Excadrill|Iron Head|p2b: Meganium\n|-activate|p2b: Meganium|move: Protect\n|move|p1a: Corviknight|Bulk Up|p1a: Corviknight\n|-boost|p1a: Corviknight|atk|1\n|-boost|p1a: Corviknight|def|1\n|move|p2a: Rotom|Hydro Pump|p1b: Excadrill|[miss]\n|-miss|p2a: Rotom|p1b: Excadrill\n|\n|upkeep\n|turn|7\n|\n|t:|1776649941\n|move|p1b: Excadrill|Iron Head|p2b: Meganium\n|-damage|p2b: Meganium|0 fnt\n|faint|p2b: Meganium\n|move|p1a: Corviknight|Body Press|p2a: Rotom\n|-damage|p2a: Rotom|59/100\n|move|p2a: Rotom|Hydro Pump|p1b: Excadrill|[miss]\n|-miss|p2a: Rotom|p1b: Excadrill\n|\n|upkeep\n|turn|8\n|\n|t:|1776649954\n|move|p1b: Excadrill|Iron Head|p2a: Rotom\n|-resisted|p2a: Rotom|2\n|-damage|p2a: Rotom|47/100\n|-enditem|p2a: Rotom|Sitrus Berry|[eat]\n|-heal|p2a: Rotom|72/100|[from] item: Sitrus Berry\n|move|p1a: Corviknight|Brave Bird|p2a: Rotom\n|-resisted|p2a: Rotom|1\n|-damage|p2a: Rotom|38/100\n|-damage|p1a: Corviknight|25/100|[from] Recoil\n|move|p2a: Rotom|Discharge|p1a: Corviknight|[spread] p1a\n|-immune|p1b: Excadrill\n|-supereffective|p1a: Corviknight|1\n|-damage|p1a: Corviknight|0 fnt\n|faint|p1a: Corviknight\n|\n|-sideend|p1: adalove|move: Tailwind\n|upkeep\n|\n|t:|1776649966\n|switch|p1a: Tyranitar|Tyranitar-Mega, L50, M|100/100\n|-weather|Sandstorm|[from] ability: Sand Stream|[of] p1a: Tyranitar\n|turn|9\n|\n|t:|1776649981\n|move|p1b: Excadrill|Iron Head|p2a: Rotom\n|-resisted|p2a: Rotom|2\n|-damage|p2a: Rotom|25/100\n|move|p2a: Rotom|Hydro Pump|p1a: Tyranitar\n|-supereffective|p1a: Tyranitar|1\n|-damage|p1a: Tyranitar|59/100\n|move|p1a: Tyranitar|Knock Off|p2a: Rotom\n|-damage|p2a: Rotom|0 fnt\n|faint|p2a: Rotom\n|\n|win|adalove\n|raw|adalove's rating: 1148 &rarr; <strong>1167</strong><br />(+19 for winning)\n|raw|aronberrybox's rating: 1066 &rarr; <strong>1051</strong><br />(-15 for losing)\n",
  "uploadtime": 1776649981,
  "views": 5,
  "formatid": "gen9championsvgc2026regma",
  "rating": 1051,
  "private": 0,
  "password": null
}