{
  "id": "gen9championsvgc2026regma-2589418231",
  "format": "[Gen 9 Champions] VGC 2026 Reg M-A",
  "players": [
    "liammeyer2015",
    "narwhalkoo"
  ],
  "log": "|j|\u2606liammeyer2015\n|j|\u2606narwhalkoo\n|t:|1776721296\n|gametype|doubles\n|player|p1|liammeyer2015|1|1019\n|player|p2|narwhalkoo|gladion-masters|1000\n|gen|9\n|tier|[Gen 9 Champions] VGC 2026 Reg M-A\n|rated|\n|rule|Species Clause: Limit one of each Pok\u00e9mon\n|rule|Item Clause: Limit 1 of each item\n|clearpoke\n|poke|p1|Aerodactyl, L50, F|\n|poke|p1|Gengar, L50, M|\n|poke|p1|Arcanine-Hisui, L50, F|\n|poke|p1|Venusaur, L50, F|\n|poke|p1|Talonflame, L50, F|\n|poke|p1|Chandelure, L50, F|\n|poke|p2|Azumarill, L50, F|\n|poke|p2|Maushold-Four, L50|\n|poke|p2|Kommo-o, L50, F|\n|poke|p2|Sinistcha-Masterpiece, L50|\n|poke|p2|Incineroar, L50, M|\n|poke|p2|Aegislash, L50, M|\n|teampreview|4\n|inactive|Battle timer is ON: inactive players will automatically lose when time's up. (requested by narwhalkoo)\n|\n|t:|1776721323\n|teamsize|p1|4\n|teamsize|p2|4\n|start\n|switch|p1a: Aerodactyl|Aerodactyl, L50, F|100/100\n|switch|p1b: Gengar|Gengar, L50, M|100/100\n|switch|p2a: Azumarill|Azumarill, L50, F|100/100\n|switch|p2b: Maushold|Maushold-Four, L50|100/100\n|-ability|p1a: Aerodactyl|Unnerve\n|turn|1\n|inactive|liammeyer2015 has 30 seconds left.\n|inactive|liammeyer2015 has 20 seconds left.\n|inactive|liammeyer2015 has 15 seconds left.\n|inactive|liammeyer2015 has 10 seconds left.\n|inactive|liammeyer2015 has 5 seconds left.\n|\n|t:|1776721378\n|move|p2b: Maushold|Follow Me|p2b: Maushold\n|-singleturn|p2b: Maushold|move: Follow Me\n|move|p1a: Aerodactyl|Rock Slide|p2a: Azumarill|[spread] p2a,p2b\n|-damage|p2a: Azumarill|81/100\n|-damage|p2b: Maushold|69/100\n|move|p1b: Gengar|Shadow Ball|p2b: Maushold\n|-immune|p2b: Maushold\n|move|p2a: Azumarill|Belly Drum|p2a: Azumarill\n|-damage|p2a: Azumarill|31/100\n|-setboost|p2a: Azumarill|atk|6|[from] move: Belly Drum\n|\n|upkeep\n|turn|2\n|\n|t:|1776721402\n|move|p2b: Maushold|Follow Me|p2b: Maushold\n|-singleturn|p2b: Maushold|move: Follow Me\n|move|p2a: Azumarill|Aqua Jet|p1a: Aerodactyl\n|-supereffective|p1a: Aerodactyl|1\n|-damage|p1a: Aerodactyl|0 fnt\n|-enditem|p2a: Azumarill|Sitrus Berry|[eat]\n|-heal|p2a: Azumarill|56/100|[from] item: Sitrus Berry\n|faint|p1a: Aerodactyl\n|move|p1b: Gengar|Shadow Ball|p2b: Maushold\n|-immune|p2b: Maushold\n|\n|upkeep\n|\n|t:|1776721412\n|switch|p1a: Talonflame|Talonflame, L50, F|100/100\n|turn|3\n|\n|t:|1776721436\n|move|p2b: Maushold|Follow Me|p2b: Maushold\n|-singleturn|p2b: Maushold|move: Follow Me\n|move|p2a: Azumarill|Aqua Jet|p1a: Talonflame\n|-supereffective|p1a: Talonflame|1\n|-damage|p1a: Talonflame|0 fnt\n|faint|p1a: Talonflame\n|move|p1b: Gengar|Giga Drain|p2b: Maushold\n|-damage|p2b: Maushold|38/100\n|\n|upkeep\n|\n|t:|1776721444\n|switch|p1a: Chandelure|Chandelure, L50, F|100/100\n|turn|4\n|\n|t:|1776721462\n|move|p2b: Maushold|Follow Me|p2b: Maushold\n|-singleturn|p2b: Maushold|move: Follow Me\n|move|p2a: Azumarill|Aqua Jet|p1a: Chandelure\n|-supereffective|p1a: Chandelure|1\n|-enditem|p1a: Chandelure|Focus Sash\n|-damage|p1a: Chandelure|1/100\n|move|p1b: Gengar|Dazzling Gleam|p2b: Maushold|[spread] p2a,p2b\n|-damage|p2a: Azumarill|41/100\n|-damage|p2b: Maushold|13/100\n|move|p1a: Chandelure|Clear Smog|p2b: Maushold\n|-crit|p2b: Maushold\n|-damage|p2b: Maushold|0 fnt\n|-clearboost|p2b: Maushold\n|faint|p2b: Maushold\n|\n|upkeep\n|\n|t:|1776721470\n|switch|p2b: Incineroar|Incineroar, L50, M|100/100\n|-ability|p2b: Incineroar|Intimidate|boost\n|-unboost|p1a: Chandelure|atk|1\n|-unboost|p1b: Gengar|atk|1\n|turn|5\n|inactive|liammeyer2015 has 30 seconds left.\n|\n|t:|1776721496\n|detailschange|p1b: Gengar|Gengar-Mega, L50, M\n|-mega|p1b: Gengar|Gengar|Gengarite\n|move|p2a: Azumarill|Aqua Jet|p1b: Gengar\n|-damage|p1b: Gengar|0 fnt\n|faint|p1b: Gengar\n|move|p1a: Chandelure|Clear Smog|p2a: Azumarill\n|-supereffective|p2a: Azumarill|1\n|-damage|p2a: Azumarill|0 fnt\n|-clearboost|p2a: Azumarill\n|faint|p2a: Azumarill\n|move|p2b: Incineroar|Darkest Lariat|p1a: Chandelure\n|-supereffective|p1a: Chandelure|1\n|-damage|p1a: Chandelure|0 fnt\n|faint|p1a: Chandelure\n|\n|win|narwhalkoo\n|raw|liammeyer2015's rating: 1019 &rarr; <strong>1007</strong><br />(-12 for losing)\n|raw|narwhalkoo's rating: 1043 &rarr; <strong>1074</strong><br />(+31 for winning)\n",
  "uploadtime": 1776721504,
  "views": 26,
  "formatid": "gen9championsvgc2026regma",
  "rating": 1007,
  "private": 0,
  "password": null
}