{
  "id": "gen9championsvgc2026regma-2584674840",
  "format": "[Gen 9 Champions] VGC 2026 Reg M-A",
  "players": [
    "TheNightmareGod",
    "Raynobi"
  ],
  "log": "|j|\u203dTheNightmareGod\n|j|\u2606Raynobi\n|t:|1776276010\n|gametype|doubles\n|player|p1|TheNightmareGod|101|1095\n|player|p2|Raynobi|red|1151\n|gen|9\n|tier|[Gen 9 Champions] VGC 2026 Reg M-A\n|rated|\n|rule|Species Clause: Limit one of each Pok\u00e9mon\n|rule|Item Clause: Limit 1 of each item\n|clearpoke\n|poke|p1|Palafin, L50, M|\n|poke|p1|Meganium, L50, M|\n|poke|p1|Zoroark-Hisui, L50, M|\n|poke|p1|Samurott-Hisui, L50, F|\n|poke|p1|Pelipper, L50, F|\n|poke|p1|Aerodactyl, L50, F|\n|poke|p2|Charizard, L50, F|\n|poke|p2|Sneasler, L50, M|\n|poke|p2|Garchomp, L50, F|\n|poke|p2|Incineroar, L50, M|\n|poke|p2|Basculegion, L50, M|\n|poke|p2|Venusaur, L50, M|\n|teampreview|4\n|inactive|Battle timer is ON: inactive players will automatically lose when time's up. (requested by Raynobi)\n|inactive|Raynobi has 60 seconds left.\n|\n|t:|1776276063\n|teamsize|p1|4\n|teamsize|p2|4\n|start\n|switch|p1a: Palafin|Palafin, L50, M|100/100\n|switch|p1b: Pelipper|Pelipper, L50, F|100/100\n|switch|p2a: Charizard|Charizard, L50, F|100/100\n|switch|p2b: Sneasler|Sneasler, L50, M|100/100\n|-weather|RainDance|[from] ability: Drizzle|[of] p1b: Pelipper\n|turn|1\n|inactive|TheNightmareGod has 30 seconds left.\n|\n|t:|1776276095\n|detailschange|p2a: Charizard|Charizard-Mega-Y, L50, F\n|-mega|p2a: Charizard|Charizard|Charizardite Y\n|-weather|SunnyDay|[from] ability: Drought|[of] p2a: Charizard\n|move|p1a: Palafin|Jet Punch|p2a: Charizard\n|-supereffective|p2a: Charizard|1\n|-damage|p2a: Charizard|72/100\n|move|p2b: Sneasler|Rock Slide|p1b: Pelipper|[spread] p1a,p1b\n|-supereffective|p1b: Pelipper|1\n|-damage|p1a: Palafin|73/100\n|-damage|p1b: Pelipper|68/100\n|move|p2a: Charizard|Heat Wave|p1a: Palafin|[spread] p1a,p1b\n|-resisted|p1a: Palafin|1\n|-resisted|p1b: Pelipper|1\n|-damage|p1a: Palafin|19/100\n|-damage|p1b: Pelipper|15/100\n|move|p1b: Pelipper|Hurricane|p2b: Sneasler|[miss]\n|-miss|p1b: Pelipper|p2b: Sneasler\n|\n|-weather|SunnyDay|[upkeep]\n|-heal|p1b: Pelipper|21/100|[from] item: Leftovers\n|upkeep\n|turn|2\n|inactive|TheNightmareGod has 30 seconds left.\n|\n|t:|1776276121\n|move|p1a: Palafin|Jet Punch|p2a: Charizard\n|-supereffective|p2a: Charizard|1\n|-damage|p2a: Charizard|45/100\n|move|p2b: Sneasler|Close Combat|p1a: Palafin\n|-damage|p1a: Palafin|0 fnt\n|-unboost|p2b: Sneasler|def|1\n|-unboost|p2b: Sneasler|spd|1\n|faint|p1a: Palafin\n|-enditem|p2b: Sneasler|White Herb\n|-clearnegativeboost|p2b: Sneasler|[silent]\n|move|p2a: Charizard|Air Slash|p1b: Pelipper\n|-damage|p1b: Pelipper|0 fnt\n|faint|p1b: Pelipper\n|\n|-weather|SunnyDay|[upkeep]\n|upkeep\n|\n|t:|1776276124\n|switch|p1a: Meganium|Meganium, L50, M|100/100\n|switch|p1b: Aerodactyl|Aerodactyl, L50, F|100/100\n|-ability|p1b: Aerodactyl|Unnerve\n|turn|3\n|inactive|Raynobi has 30 seconds left.\n|\n|t:|1776276150\n|detailschange|p1a: Meganium|Meganium-Mega, L50, M\n|-mega|p1a: Meganium|Meganium|Meganiumite\n|move|p2b: Sneasler|Protect|p2b: Sneasler\n|-singleturn|p2b: Sneasler|Protect\n|move|p2a: Charizard|Protect|p2a: Charizard\n|-singleturn|p2a: Charizard|Protect\n|move|p1b: Aerodactyl|Dual Wingbeat|p2b: Sneasler\n|-activate|p2b: Sneasler|move: Protect\n|move|p1a: Meganium|Earth Power|p2b: Sneasler\n|-activate|p2b: Sneasler|move: Protect\n|\n|-weather|SunnyDay|[upkeep]\n|upkeep\n|turn|4\n|\n|t:|1776276164\n|move|p2b: Sneasler|Dire Claw|p1a: Meganium\n|-supereffective|p1a: Meganium|2\n|-damage|p1a: Meganium|0 fnt\n|faint|p1a: Meganium\n|move|p1b: Aerodactyl|Dual Wingbeat|p2b: Sneasler\n|-supereffective|p2b: Sneasler|1\n|-damage|p2b: Sneasler|24/100\n|-supereffective|p2b: Sneasler|1\n|-damage|p2b: Sneasler|0 fnt\n|faint|p2b: Sneasler\n|-hitcount|p2: Sneasler|2\n|move|p2a: Charizard|Weather Ball|p1b: Aerodactyl\n|-resisted|p1b: Aerodactyl|1\n|-damage|p1b: Aerodactyl|34/100\n|\n|-weather|SunnyDay|[upkeep]\n|upkeep\n|\n|t:|1776276178\n|switch|p2b: Venusaur|Venusaur, L50, M|100/100\n|turn|5\n|\n|t:|1776276184\n|move|p2b: Venusaur|Sludge Bomb|p1b: Aerodactyl\n|-resisted|p1b: Aerodactyl|1\n|-damage|p1b: Aerodactyl|5/100\n|move|p1b: Aerodactyl|Dual Wingbeat|p2b: Venusaur\n|-supereffective|p2b: Venusaur|1\n|-damage|p2b: Venusaur|36/100\n|-supereffective|p2b: Venusaur|1\n|-damage|p2b: Venusaur|0 fnt\n|faint|p2b: Venusaur\n|-hitcount|p2: Venusaur|2\n|move|p2a: Charizard|Weather Ball|p1b: Aerodactyl\n|-resisted|p1b: Aerodactyl|1\n|-damage|p1b: Aerodactyl|0 fnt\n|faint|p1b: Aerodactyl\n|\n|win|Raynobi\n|raw|TheNightmareGod's rating: 1095 &rarr; <strong>1075</strong><br />(-20 for losing)\n|raw|Raynobi's rating: 1151 &rarr; <strong>1172</strong><br />(+21 for winning)\n|l|\u203dTheNightmareGod\n|player|p1|\n",
  "uploadtime": 1776276189,
  "views": 22,
  "formatid": "gen9championsvgc2026regma",
  "rating": 1075,
  "private": 0,
  "password": null
}