{
  "id": "gen9championsvgc2026regma-2583774007",
  "format": "[Gen 9 Champions] VGC 2026 Reg M-A",
  "players": [
    "UdescPlayer",
    "joshferd"
  ],
  "log": "|j|\u2606UdescPlayer\n|j|\u2606joshferd\n|t:|1776196771\n|gametype|doubles\n|player|p1|UdescPlayer|266|1006\n|player|p2|joshferd|266|1101\n|gen|9\n|tier|[Gen 9 Champions] VGC 2026 Reg M-A\n|rated|\n|rule|Species Clause: Limit one of each Pok\u00e9mon\n|rule|Item Clause: Limit 1 of each item\n|clearpoke\n|poke|p1|Starmie, L50|\n|poke|p1|Conkeldurr, L50, M|\n|poke|p1|Maushold-Four, L50|\n|poke|p1|Basculegion, L50, M|\n|poke|p1|Meganium, L50, M|\n|poke|p1|Farigiraf, L50, M|\n|poke|p2|Ditto, L50|\n|poke|p2|Gardevoir, L50, M|\n|poke|p2|Raichu-Alola, L50, M|\n|poke|p2|Incineroar, L50, F|\n|poke|p2|Kommo-o, L50, M|\n|poke|p2|Sinistcha-Masterpiece, L50|\n|teampreview|4\nUdescPlayer rejected open team sheets.\n|inactive|Battle timer is ON: inactive players will automatically lose when time's up. (requested by UdescPlayer)\n|\n|t:|1776196816\n|teamsize|p1|4\n|teamsize|p2|4\n|start\n|switch|p1a: Basculegion|Basculegion, L50, M|100/100\n|switch|p1b: Farigiraf|Farigiraf, L50, M|100/100\n|switch|p2a: Kommo-o|Kommo-o, L50, M|100/100\n|switch|p2b: Sinistcha|Sinistcha-Masterpiece, L50|100/100\n|turn|1\n|\n|t:|1776196837\n|switch|p2b: Incineroar|Incineroar, L50, F|100/100\n|-ability|p2b: Incineroar|Intimidate|boost\n|-unboost|p1a: Basculegion|atk|1\n|-unboost|p1b: Farigiraf|atk|1\n|move|p1a: Basculegion|Ice Fang|p2a: Kommo-o\n|-supereffective|p2a: Kommo-o|1\n|-damage|p2a: Kommo-o|81/100\n|move|p2a: Kommo-o|Iron Defense|p2a: Kommo-o\n|-boost|p2a: Kommo-o|def|2\n|move|p1b: Farigiraf|Trick Room|p1b: Farigiraf\n|-fieldstart|move: Trick Room|[of] p1b: Farigiraf\n|\n|-heal|p2a: Kommo-o|87/100|[from] item: Leftovers\n|upkeep\n|turn|2\n|\n|t:|1776196858\n|move|p1b: Farigiraf|Psychic|p2a: Kommo-o\n|-supereffective|p2a: Kommo-o|1\n|-damage|p2a: Kommo-o|3/100\n|move|p2b: Incineroar|Parting Shot|p1a: Basculegion\n|-unboost|p1a: Basculegion|atk|1\n|-unboost|p1a: Basculegion|spa|1\n|\n|t:|1776196864\n|switch|p2b: Sinistcha|Sinistcha-Masterpiece, L50|100/100|[from] Parting Shot\n|-heal|p2a: Kommo-o|28/100|[from] ability: Hospitality|[of] p2b: Sinistcha\n|move|p2a: Kommo-o|Body Press|p1b: Farigiraf\n|-damage|p1b: Farigiraf|10/100\n|move|p1a: Basculegion|Wave Crash|p2b: Sinistcha\n|-resisted|p2b: Sinistcha|1\n|-damage|p2b: Sinistcha|87/100\n|-damage|p1a: Basculegion|96/100|[from] Recoil\n|\n|-heal|p2a: Kommo-o|34/100|[from] item: Leftovers\n|upkeep\n|turn|3\n|\n|t:|1776196882\n|move|p2a: Kommo-o|Protect|p2a: Kommo-o\n|-singleturn|p2a: Kommo-o|Protect\n|move|p1b: Farigiraf|Psychic|p2a: Kommo-o\n|-activate|p2a: Kommo-o|move: Protect\n|move|p2b: Sinistcha|Matcha Gotcha|p1a: Basculegion|[spread] p1a,p1b\n|-supereffective|p1a: Basculegion|1\n|-damage|p1a: Basculegion|41/100\n|-heal|p2b: Sinistcha|100/100|[from] drain|[of] p1a: Basculegion\n|-damage|p1b: Farigiraf|0 fnt\n|faint|p1b: Farigiraf\n|move|p1a: Basculegion|Last Respects|p2b: Sinistcha\n|-supereffective|p2b: Sinistcha|1\n|-damage|p2b: Sinistcha|60/100\n|\n|-heal|p2a: Kommo-o|40/100|[from] item: Leftovers\n|upkeep\n|\n|t:|1776196903\n|switch|p1b: Conkeldurr|Conkeldurr, L50, M|100/100\n|turn|4\n|\n|t:|1776196918\n|switch|p2b: Incineroar|Incineroar, L50, F|100/100\n|-ability|p2b: Incineroar|Intimidate|boost\n|-unboost|p1a: Basculegion|atk|1\n|-unboost|p1b: Conkeldurr|atk|1\n|switch|p1a: Starmie|Starmie, L50|100/100\n|move|p1b: Conkeldurr|Bulk Up|p1b: Conkeldurr\n|-boost|p1b: Conkeldurr|atk|1\n|-boost|p1b: Conkeldurr|def|1\n|move|p2a: Kommo-o|Body Press|p1b: Conkeldurr\n|-damage|p1b: Conkeldurr|53/100\n|\n|-heal|p1b: Conkeldurr|59/100|[from] item: Leftovers\n|-heal|p2a: Kommo-o|46/100|[from] item: Leftovers\n|upkeep\n|turn|5\n|inactive|joshferd has 30 seconds left.\n|\n|t:|1776196947\n|move|p2b: Incineroar|Fake Out|p1a: Starmie\n|-damage|p1a: Starmie|86/100\n|cant|p1a: Starmie|flinch\n|move|p1b: Conkeldurr|Drain Punch|p2b: Incineroar\n|-supereffective|p2b: Incineroar|1\n|-crit|p2b: Incineroar\n|-damage|p2b: Incineroar|0 fnt\n|-heal|p1b: Conkeldurr|100/100|[from] drain|[of] p2b: Incineroar\n|faint|p2b: Incineroar\n|move|p2a: Kommo-o|Body Press|p1b: Conkeldurr\n|-damage|p1b: Conkeldurr|51/100\n|\n|-heal|p1b: Conkeldurr|57/100|[from] item: Leftovers\n|-heal|p2a: Kommo-o|52/100|[from] item: Leftovers\n|-fieldend|move: Trick Room\n|upkeep\n|\n|t:|1776196955\n|switch|p2b: Sinistcha|Sinistcha-Masterpiece, L50|60/100\n|-heal|p2a: Kommo-o|77/100|[from] ability: Hospitality|[of] p2b: Sinistcha\n|turn|6\n|\n|t:|1776196971\n|detailschange|p1a: Starmie|Starmie-Mega, L50\n|-mega|p1a: Starmie|Starmie|Starminite\n|move|p2b: Sinistcha|Rage Powder|p2b: Sinistcha\n|-singleturn|p2b: Sinistcha|move: Rage Powder\n|move|p1a: Starmie|Skill Swap|p2b: Sinistcha\n|-activate|p1a: Starmie|Skill Swap|Hospitality|Huge Power|[of] p2b: Sinistcha\n|-heal|p1b: Conkeldurr|82/100|[from] ability: Hospitality|[of] p1a: Starmie\n|move|p2a: Kommo-o|Body Press|p1b: Conkeldurr\n|-damage|p1b: Conkeldurr|30/100\n|move|p1b: Conkeldurr|Drain Punch|p2b: Sinistcha\n|-immune|p2b: Sinistcha\n|\n|-heal|p2a: Kommo-o|83/100|[from] item: Leftovers\n|-heal|p1b: Conkeldurr|36/100|[from] item: Leftovers\n|upkeep\n|turn|7\n|inactive|UdescPlayer has 30 seconds left.\n|inactive|UdescPlayer has 20 seconds left.\n|\n|t:|1776197009\n|move|p2b: Sinistcha|Rage Powder|p2b: Sinistcha\n|-singleturn|p2b: Sinistcha|move: Rage Powder\n|move|p1a: Starmie|Skill Swap|p2b: Sinistcha\n|-activate|p1a: Starmie|Skill Swap|Huge Power|Hospitality|[of] p2b: Sinistcha\n|-heal|p2a: Kommo-o|100/100|[from] ability: Hospitality|[of] p2b: Sinistcha\n|move|p2a: Kommo-o|Body Press|p1b: Conkeldurr\n|-damage|p1b: Conkeldurr|0 fnt\n|faint|p1b: Conkeldurr\n|\n|upkeep\n|-message|UdescPlayer forfeited.\n|\n|win|joshferd\n|raw|UdescPlayer's rating: 1006 &rarr; <strong>1000</strong><br />(-6 for losing)\n|raw|joshferd's rating: 1101 &rarr; <strong>1119</strong><br />(+18 for winning)\n|l|\u2606UdescPlayer\n|player|p1|\n",
  "uploadtime": 1776197039,
  "views": 18,
  "formatid": "gen9championsvgc2026regma",
  "rating": 1000,
  "private": 0,
  "password": null
}