{
  "id": "gen9championsvgc2026regma-2581612316",
  "format": "[Gen 9 Champions] VGC 2026 Reg M-A",
  "players": [
    "surpraishd",
    "holadola"
  ],
  "log": "|j|\u2606surpraishd\n|j|\u2606holadola\n|t:|1776015079\n|gametype|doubles\n|player|p1|surpraishd|cynthia-gen7|1082\n|player|p2|holadola|whitney|1000\n|gen|9\n|tier|[Gen 9 Champions] VGC 2026 Reg M-A\n|rated|\n|rule|Species Clause: Limit one of each Pok\u00e9mon\n|rule|Item Clause: Limit 1 of each item\n|clearpoke\n|poke|p1|Basculegion, L50, M|\n|poke|p1|Pelipper, L50, M|\n|poke|p1|Dragonite, L50, F|\n|poke|p1|Glimmora, L50, M|\n|poke|p1|Heliolisk, L50, M|\n|poke|p1|Sinistcha-Masterpiece, L50|\n|poke|p2|Gengar, L50, M|\n|poke|p2|Whimsicott, L50, F|\n|poke|p2|Sneasler, L50, F|\n|poke|p2|Politoed, L50, M|\n|poke|p2|Incineroar, L50, M|\n|poke|p2|Vivillon, L50, F|\n|teampreview|4\n|inactive|Battle timer is ON: inactive players will automatically lose when time's up. (requested by holadola)\n|\n|t:|1776015158\n|teamsize|p1|4\n|teamsize|p2|4\n|start\n|switch|p1a: Glimmora|Glimmora, L50, M|100/100\n|switch|p1b: Pelipper|Pelipper, L50, M|100/100\n|switch|p2a: Gengar|Gengar, L50, M|100/100\n|switch|p2b: Vivillon|Vivillon, L50, F|100/100\n|-weather|RainDance|[from] ability: Drizzle|[of] p1b: Pelipper\n|turn|1\n|inactive|surpraishd has 30 seconds left.\n|\n|t:|1776015187\n|detailschange|p2a: Gengar|Gengar-Mega, L50, M\n|-mega|p2a: Gengar|Gengar|Gengarite\n|move|p1a: Glimmora|Spiky Shield|p1a: Glimmora\n|-singleturn|p1a: Glimmora|move: Protect\n|move|p2a: Gengar|Perish Song|p2a: Gengar\n|-start|p1a: Glimmora|perish3|[silent]\n|-start|p1b: Pelipper|perish3|[silent]\n|-start|p2a: Gengar|perish3|[silent]\n|-start|p2b: Vivillon|perish3|[silent]\n|-fieldactivate|move: Perish Song\n|move|p2b: Vivillon|Sleep Powder|p1a: Glimmora\n|-activate|p1a: Glimmora|move: Protect\n|move|p1b: Pelipper|Tailwind|p1b: Pelipper\n|-sidestart|p1: surpraishd|move: Tailwind\n|\n|-weather|RainDance|[upkeep]\n|-start|p1a: Glimmora|perish3\n|-start|p1b: Pelipper|perish3\n|-start|p2a: Gengar|perish3\n|-start|p2b: Vivillon|perish3\n|upkeep\n|turn|2\n|inactive|surpraishd has 30 seconds left.\n|inactive|holadola has 30 seconds left.\n|inactive|surpraishd has 20 seconds left.\n|inactive|surpraishd has 15 seconds left.\n|inactive|surpraishd has 10 seconds left.\n|\n|t:|1776015233\n|move|p2a: Gengar|Protect|p2a: Gengar\n|-singleturn|p2a: Gengar|Protect\n|move|p1a: Glimmora|Power Gem|p2b: Vivillon\n|-supereffective|p2b: Vivillon|2\n|-enditem|p2b: Vivillon|Focus Sash\n|-damage|p2b: Vivillon|1/100\n|move|p1b: Pelipper|Hurricane|p2a: Gengar\n|-activate|p2a: Gengar|move: Protect\n|move|p2b: Vivillon|Tailwind|p2b: Vivillon\n|-sidestart|p2: holadola|move: Tailwind\n|\n|-weather|RainDance|[upkeep]\n|-start|p2a: Gengar|perish2\n|-start|p2b: Vivillon|perish2\n|-start|p1a: Glimmora|perish2\n|-start|p1b: Pelipper|perish2\n|upkeep\n|turn|3\n|inactive|holadola has 30 seconds left.\n|inactive|surpraishd has 30 seconds left.\n|inactive|holadola has 20 seconds left.\n|inactive|holadola has 15 seconds left.\n|inactive|holadola has 10 seconds left.\n|\n|t:|1776015282\n|detailschange|p1a: Glimmora|Glimmora-Mega, L50, M\n|-mega|p1a: Glimmora|Glimmora|Glimmoranite\n|move|p2a: Gengar|Disable|p1a: Glimmora\n|-start|p1a: Glimmora|Disable|Power Gem\n|move|p1a: Glimmora|Earth Power|p2a: Gengar\n|-supereffective|p2a: Gengar|1\n|-damage|p2a: Gengar|6/100\n|-unboost|p2a: Gengar|spd|1\n|move|p2b: Vivillon|Sleep Powder|p1b: Pelipper\n|-status|p1b: Pelipper|slp|[from] move: Sleep Powder\n|cant|p1b: Pelipper|slp\n|\n|-weather|RainDance|[upkeep]\n|-start|p2a: Gengar|perish1\n|-start|p1a: Glimmora|perish1\n|-start|p2b: Vivillon|perish1\n|-start|p1b: Pelipper|perish1\n|upkeep\n|turn|4\n|inactive|surpraishd has 30 seconds left.\n|inactive|holadola has 30 seconds left.\n|inactive|holadola has 20 seconds left.\n|\n|t:|1776015322\n|move|p2a: Gengar|Protect|p2a: Gengar\n|-singleturn|p2a: Gengar|Protect\n|move|p2b: Vivillon|Rage Powder|p2b: Vivillon\n|-singleturn|p2b: Vivillon|move: Rage Powder\n|move|p1a: Glimmora|Earth Power|p2b: Vivillon\n|-immune|p2b: Vivillon\n|-curestatus|p1b: Pelipper|slp|[msg]\n|move|p1b: Pelipper|Hurricane|p2b: Vivillon\n|-supereffective|p2b: Vivillon|1\n|-damage|p2b: Vivillon|0 fnt\n|faint|p2b: Vivillon\n|\n|-weather|RainDance|[upkeep]\n|-start|p2a: Gengar|perish0\n|-start|p1a: Glimmora|perish0\n|-start|p1b: Pelipper|perish0\n|-sideend|p1: surpraishd|move: Tailwind\n|faint|p2a: Gengar\n|faint|p1a: Glimmora\n|faint|p1b: Pelipper\n|upkeep\n|\n|t:|1776015338\n|switch|p2a: Sneasler|Sneasler, L50, F|100/100\n|switch|p1a: Basculegion|Basculegion, L50, M|100/100\n|switch|p2b: Whimsicott|Whimsicott, L50, F|100/100\n|switch|p1b: Sinistcha|Sinistcha-Masterpiece, L50|100/100\n|turn|5\n|inactive|holadola has 30 seconds left.\n|\n|t:|1776015363\n|move|p1b: Sinistcha|Rage Powder|p1b: Sinistcha\n|-singleturn|p1b: Sinistcha|move: Rage Powder\n|move|p2b: Whimsicott|Taunt|p1b: Sinistcha\n|-start|p1b: Sinistcha|move: Taunt\n|move|p2a: Sneasler|Dire Claw|p1b: Sinistcha\n|-damage|p1b: Sinistcha|63/100\n|-status|p1b: Sinistcha|slp\n|move|p1a: Basculegion|Last Respects|p2a: Sneasler\n|-damage|p2a: Sneasler|0 fnt\n|faint|p2a: Sneasler\n|\n|-weather|none\n|-sideend|p2: holadola|move: Tailwind\n|upkeep\n|turn|6\n|\n|t:|1776015378\n|move|p1a: Basculegion|Last Respects|p2b: Whimsicott\n|-damage|p2b: Whimsicott|0 fnt\n|faint|p2b: Whimsicott\n|\n|win|surpraishd\n|raw|surpraishd's rating: 1082 &rarr; <strong>1103</strong><br />(+21 for winning)\n|raw|holadola's rating: 1000 &rarr; <strong>1000</strong><br />(+0 for losing)\n|l|\u2606holadola\n|player|p2|\n|c|\u2606surpraishd|gg\n",
  "uploadtime": 1776015383,
  "views": 17,
  "formatid": "gen9championsvgc2026regma",
  "rating": 1000,
  "private": 0,
  "password": null
}