{
  "id": "gen9championsvgc2026regma-2587222504",
  "format": "[Gen 9 Champions] VGC 2026 Reg M-A",
  "players": [
    "meowl corbatita",
    "bear gamer 999"
  ],
  "log": "|j|\u2606meowl corbatita\n|j|\u2606bear gamer 999\n|t:|1776510987\n|gametype|doubles\n|player|p1|meowl corbatita|clown|1043\n|player|p2|bear gamer 999|ninjaboy|1016\n|gen|9\n|tier|[Gen 9 Champions] VGC 2026 Reg M-A\n|rated|\n|rule|Species Clause: Limit one of each Pok\u00e9mon\n|rule|Item Clause: Limit 1 of each item\n|clearpoke\n|poke|p1|Tyranitar, L50, M|\n|poke|p1|Lucario, L50, F|\n|poke|p1|Excadrill, L50, M|\n|poke|p1|Aerodactyl, L50, M|\n|poke|p1|Sneasler, L50, M|\n|poke|p1|Lycanroc, L50, F|\n|poke|p2|Tyranitar, L50, F, shiny|\n|poke|p2|Excadrill, L50, M, shiny|\n|poke|p2|Aerodactyl, L50, F, shiny|\n|poke|p2|Arcanine-Hisui, L50, F, shiny|\n|poke|p2|Audino, L50, F, shiny|\n|poke|p2|Lycanroc, L50, M, shiny|\n|teampreview|4\n|inactive|Battle timer is ON: inactive players will automatically lose when time's up. (requested by bear gamer 999)\n|inactive|meowl corbatita has 60 seconds left.\n|inactive|meowl corbatita has 30 seconds left.\n|\n|t:|1776511049\n|teamsize|p1|4\n|teamsize|p2|4\n|start\n|switch|p1a: Lucario|Lucario, L50, F|100/100\n|switch|p1b: Sneasler|Sneasler, L50, M|100/100\n|switch|p2a: Mandrillone|Excadrill, L50, M, shiny|100/100\n|switch|p2b: Aerodactyl|Aerodactyl, L50, F, shiny|100/100\n|-ability|p2b: Aerodactyl|Unnerve\n|-ability|p2a: Mandrillone|Mold Breaker\n|turn|1\n|\n|t:|1776511072\n|detailschange|p1a: Lucario|Lucario-Mega, L50, F\n|-mega|p1a: Lucario|Lucario|Lucarionite\n|move|p1b: Sneasler|Fake Out|p2b: Aerodactyl\n|-resisted|p2b: Aerodactyl|1\n|-damage|p2b: Aerodactyl|93/100\n|cant|p2b: Aerodactyl|flinch\n|move|p2a: Mandrillone|Drill Run|p1a: Lucario\n|-supereffective|p1a: Lucario|1\n|-damage|p1a: Lucario|4/100\n|move|p1a: Lucario|Drain Punch|p2a: Mandrillone\n|-supereffective|p2a: Mandrillone|1\n|-crit|p2a: Mandrillone\n|-damage|p2a: Mandrillone|0 fnt\n|-heal|p1a: Lucario|57/100|[from] drain|[of] p2a: Mandrillone\n|faint|p2a: Mandrillone\n|\n|upkeep\n|\n|t:|1776511092\n|switch|p2a: Taytar|Tyranitar, L50, F, shiny|100/100\n|-weather|Sandstorm|[from] ability: Sand Stream|[of] p2a: Taytar\n|turn|2\n|inactive|meowl corbatita has 30 seconds left.\n|inactive|meowl corbatita has 20 seconds left.\n|inactive|meowl corbatita has 15 seconds left.\n|inactive|meowl corbatita has 10 seconds left.\n|\n|t:|1776511138\n|move|p1b: Sneasler|Rock Slide|p2a: Taytar|[spread] \n|-miss|p1b: Sneasler|p2a: Taytar\n|-miss|p1b: Sneasler|p2b: Aerodactyl\n|move|p2b: Aerodactyl|Tailwind|p2b: Aerodactyl\n|-sidestart|p2: bear gamer 999|move: Tailwind\n|move|p2a: Taytar|Stomping Tantrum|p1a: Lucario\n|-supereffective|p1a: Lucario|1\n|-damage|p1a: Lucario|0 fnt\n|faint|p1a: Lucario\n|\n|-weather|Sandstorm|[upkeep]\n|-damage|p1b: Sneasler|95/100|[from] Sandstorm\n|upkeep\n|\n|t:|1776511149\n|switch|p1a: Lycanroc|Lycanroc, L50, F|100/100\n|turn|3\n|\n|t:|1776511169\n|move|p2b: Aerodactyl|Stealth Rock|p1b: Sneasler\n|-sidestart|p1: meowl corbatita|move: Stealth Rock\n|move|p1b: Sneasler|Rock Slide|p2b: Aerodactyl|[spread] p2b\n|-miss|p1b: Sneasler|p2a: Taytar\n|-supereffective|p2b: Aerodactyl|1\n|-damage|p2b: Aerodactyl|48/100\n|move|p1a: Lycanroc|Close Combat|p2a: Taytar\n|-supereffective|p2a: Taytar|2\n|-enditem|p2a: Taytar|Chople Berry|[eat]\n|-enditem|p2a: Taytar|Chople Berry|[weaken]\n|-damage|p2a: Taytar|38/100\n|-unboost|p1a: Lycanroc|def|1\n|-unboost|p1a: Lycanroc|spd|1\n|move|p2a: Taytar|Stomping Tantrum|p1b: Sneasler\n|-supereffective|p1b: Sneasler|1\n|-damage|p1b: Sneasler|13/100\n|\n|-weather|Sandstorm|[upkeep]\n|-damage|p1b: Sneasler|8/100|[from] Sandstorm\n|upkeep\n|turn|4\n|inactive|meowl corbatita has 30 seconds left.\n|inactive|bear gamer 999 has 30 seconds left.\n|inactive|meowl corbatita has 20 seconds left.\n|inactive|meowl corbatita has 15 seconds left.\n|\n|t:|1776511209\n|move|p1a: Lycanroc|Accelerock|p2b: Aerodactyl|[miss]\n|-miss|p1a: Lycanroc|p2b: Aerodactyl\n|move|p2b: Aerodactyl|Rock Slide|p1a: Lycanroc|[spread] p1a,p1b\n|-resisted|p1b: Sneasler|1\n|-damage|p1a: Lycanroc|38/100\n|-damage|p1b: Sneasler|0 fnt\n|faint|p1b: Sneasler\n|move|p2a: Taytar|Ice Punch|p1a: Lycanroc\n|-damage|p1a: Lycanroc|0 fnt\n|faint|p1a: Lycanroc\n|\n|-weather|Sandstorm|[upkeep]\n|upkeep\n|\n|t:|1776511213\n|switch|p1b: Excadrill|Excadrill, L50, M|100/100\n|-damage|p1b: Excadrill|98/100|[from] Stealth Rock\n|turn|5\n|\n|t:|1776511229\n|move|p2b: Aerodactyl|Dual Wingbeat|p1b: Excadrill\n|-resisted|p1b: Excadrill|1\n|-damage|p1b: Excadrill|87/100\n|-resisted|p1b: Excadrill|1\n|-damage|p1b: Excadrill|75/100\n|-hitcount|p1b: Excadrill|2\n|move|p1b: Excadrill|Iron Head|p2b: Aerodactyl|[miss]\n|-miss|p1b: Excadrill|p2b: Aerodactyl\n|move|p2a: Taytar|Stomping Tantrum|p1b: Excadrill\n|-supereffective|p1b: Excadrill|1\n|-damage|p1b: Excadrill|5/100\n|\n|-weather|Sandstorm|[upkeep]\n|-sideend|p2: bear gamer 999|move: Tailwind\n|upkeep\n|turn|6\n|c|\u2606meowl corbatita|XD\n|\n|t:|1776511247\n|move|p1b: Excadrill|Rock Slide|p2b: Aerodactyl|[spread] p2a,p2b\n|-supereffective|p2b: Aerodactyl|1\n|-damage|p2a: Taytar|20/100\n|-damage|p2b: Aerodactyl|0 fnt\n|faint|p2b: Aerodactyl\n|cant|p2a: Taytar|flinch\n|\n|-weather|none\n|upkeep\n|\n|t:|1776511255\n|switch|p2b: Audino|Audino, L50, F, shiny|100/100\n|turn|7\n|l|\u2606meowl corbatita\n|inactive|meowl corbatita disconnected and has a minute to reconnect!\n|player|p1|\n|j|\u2606meowl corbatita\n|inactive|meowl corbatita reconnected and has 40 seconds left.\n|player|p1|meowl corbatita|clown|\n|inactive|meowl corbatita has 30 seconds left.\n|inactive|meowl corbatita has 20 seconds left.\n|inactive|meowl corbatita has 15 seconds left.\n|\n|t:|1776511297\n|move|p1b: Excadrill|Iron Head|p2a: Taytar\n|-supereffective|p2a: Taytar|1\n|-crit|p2a: Taytar\n|-damage|p2a: Taytar|0 fnt\n|faint|p2a: Taytar\n|move|p2b: Audino|Wish|p2b: Audino\n|\n|upkeep\n|turn|8\n|\n|t:|1776511305\n|move|p1b: Excadrill|Iron Head|p2b: Audino\n|-damage|p2b: Audino|58/100\n|move|p2b: Audino|Draining Kiss|p1b: Excadrill\n|-resisted|p1b: Excadrill|1\n|-damage|p1b: Excadrill|0 fnt\n|-heal|p2b: Audino|61/100|[from] drain|[of] p1b: Excadrill\n|faint|p1b: Excadrill\n|\n|win|bear gamer 999\n|raw|meowl corbatita's rating: 1043 &rarr; <strong>1025</strong><br />(-18 for losing)\n|raw|bear gamer 999's rating: 1016 &rarr; <strong>1057</strong><br />(+41 for winning)\n",
  "uploadtime": 1776511316,
  "views": 14,
  "formatid": "gen9championsvgc2026regma",
  "rating": 1025,
  "private": 0,
  "password": null
}