{
  "id": "gen9championsvgc2026regma-2588036043",
  "format": "[Gen 9 Champions] VGC 2026 Reg M-A",
  "players": [
    "TwilightRealm",
    "kaylVGC"
  ],
  "log": "|j|\u2606TwilightRealm\n|j|\u2606kaylVGC\n|t:|1776596162\n|gametype|doubles\n|player|p1|TwilightRealm|scientist|1027\n|player|p2|kaylVGC|265|1000\n|gen|9\n|tier|[Gen 9 Champions] VGC 2026 Reg M-A\n|rated|\n|rule|Species Clause: Limit one of each Pok\u00e9mon\n|rule|Item Clause: Limit 1 of each item\n|clearpoke\n|poke|p1|Floette-Eternal, L50, F|\n|poke|p1|Sneasler, L50, M|\n|poke|p1|Basculegion, L50, M|\n|poke|p1|Aerodactyl, L50, F|\n|poke|p1|Maushold, L50|\n|poke|p1|Kingambit, L50, M|\n|poke|p2|Charizard, L50, F|\n|poke|p2|Venusaur, L50, F|\n|poke|p2|Pelipper, L50, M|\n|poke|p2|Whimsicott, L50, M|\n|poke|p2|Basculegion, L50, M|\n|poke|p2|Sneasler, L50, F|\n|teampreview|4\n|inactive|Battle timer is ON: inactive players will automatically lose when time's up. (requested by TwilightRealm)\nTwilightRealm rejected open team sheets.\n|\n|t:|1776596183\n|teamsize|p1|4\n|teamsize|p2|4\n|start\n|switch|p1a: Aerodactyl|Aerodactyl, L50, F|100/100\n|switch|p1b: Maushold|Maushold, L50|100/100\n|switch|p2a: Sneasler|Sneasler, L50, F|100/100\n|switch|p2b: Whimsicott|Whimsicott, L50, M|100/100\n|-ability|p1a: Aerodactyl|Unnerve\n|turn|1\n|\n|t:|1776596203\n|move|p2a: Sneasler|Fake Out|p1a: Aerodactyl\n|-resisted|p1a: Aerodactyl|1\n|-damage|p1a: Aerodactyl|92/100\n|-status|p1a: Aerodactyl|psn|[from] ability: Poison Touch|[of] p2a: Sneasler\n|move|p1b: Maushold|Follow Me|p1b: Maushold\n|-singleturn|p1b: Maushold|move: Follow Me\n|move|p2b: Whimsicott|Tailwind|p2b: Whimsicott\n|-sidestart|p2: kaylVGC|move: Tailwind\n|cant|p1a: Aerodactyl|flinch\n|\n|-damage|p1a: Aerodactyl|80/100 psn|[from] psn\n|upkeep\n|turn|2\n|\n|t:|1776596219\n|move|p2b: Whimsicott|Protect|p2b: Whimsicott\n|-singleturn|p2b: Whimsicott|Protect\n|move|p2a: Sneasler|Close Combat|p1b: Maushold\n|-supereffective|p1b: Maushold|1\n|-enditem|p1b: Maushold|Chople Berry|[eat]\n|-enditem|p1b: Maushold|Chople Berry|[weaken]\n|-damage|p1b: Maushold|21/100\n|-unboost|p2a: Sneasler|def|1\n|-unboost|p2a: Sneasler|spd|1\n|-status|p1b: Maushold|psn|[from] ability: Poison Touch|[of] p2a: Sneasler\n|-enditem|p2a: Sneasler|White Herb\n|-clearnegativeboost|p2a: Sneasler|[silent]\n|move|p1a: Aerodactyl|Tailwind|p1a: Aerodactyl\n|-sidestart|p1: TwilightRealm|move: Tailwind\n|move|p1b: Maushold|Super Fang|p2b: Whimsicott\n|-activate|p2b: Whimsicott|move: Protect\n|\n|-damage|p1a: Aerodactyl|68/100 psn|[from] psn\n|-damage|p1b: Maushold|9/100 psn|[from] psn\n|upkeep\n|turn|3\n|inactive|TwilightRealm has 30 seconds left.\n|inactive|kaylVGC has 30 seconds left.\n|inactive|kaylVGC has 20 seconds left.\n|inactive|kaylVGC has 15 seconds left.\n|\n|t:|1776596262\n|move|p1a: Aerodactyl|Dual Wingbeat|p2a: Sneasler\n|-supereffective|p2a: Sneasler|1\n|-damage|p2a: Sneasler|43/100\n|-supereffective|p2a: Sneasler|1\n|-damage|p2a: Sneasler|0 fnt\n|faint|p2a: Sneasler\n|-hitcount|p2: Sneasler|2\n|move|p2b: Whimsicott|Moonblast|p1a: Aerodactyl\n|-damage|p1a: Aerodactyl|28/100 psn\n|move|p1b: Maushold|Super Fang|p2b: Whimsicott|[miss]\n|-miss|p1b: Maushold|p2b: Whimsicott\n|\n|-damage|p1a: Aerodactyl|16/100 psn|[from] psn\n|-damage|p1b: Maushold|0 fnt|[from] psn\n|faint|p1b: Maushold\n|upkeep\n|c|\u2606TwilightRealm|how tf\n|c|\u2606TwilightRealm|why run bright powder\n|inactive|kaylVGC has 30 seconds left.\n|inactive|kaylVGC has 20 seconds left.\n|inactive|kaylVGC has 15 seconds left.\n|inactive|kaylVGC has 10 seconds left.\n|inactive|kaylVGC has 5 seconds left.\n|\n|t:|1776596314\n|switch|p2a: Charizard|Charizard, L50, F|100/100\n|switch|p1b: Floette|Floette-Eternal, L50, F|100/100\n|turn|4\n|\n|t:|1776596333\n|detailschange|p1b: Floette|Floette-Mega, L50, F\n|-mega|p1b: Floette|Floette|Floettite\n|-ability|p1b: Floette|Fairy Aura\n|move|p2a: Charizard|Protect|p2a: Charizard\n|-singleturn|p2a: Charizard|Protect\n|move|p1b: Floette|Protect|p1b: Floette\n|-singleturn|p1b: Floette|Protect\n|move|p1a: Aerodactyl|Rock Slide|p2b: Whimsicott|[spread] p2b\n|-activate|p2a: Charizard|move: Protect\n|-damage|p2b: Whimsicott|65/100\n|move|p2b: Whimsicott|Moonblast|p1a: Aerodactyl\n|-damage|p1a: Aerodactyl|0 fnt\n|faint|p1a: Aerodactyl\n|\n|-sideend|p2: kaylVGC|move: Tailwind\n|upkeep\n|\n|t:|1776596347\n|switch|p1a: Kingambit|Kingambit, L50, M|100/100\n|turn|5\n|inactive|kaylVGC has 30 seconds left.\n|\n|t:|1776596375\n|detailschange|p2a: Charizard|Charizard-Mega-Y, L50, F\n|-mega|p2a: Charizard|Charizard|Charizardite Y\n|-weather|SunnyDay|[from] ability: Drought|[of] p2a: Charizard\n|move|p2b: Whimsicott|Encore|p1b: Floette\n|-start|p1b: Floette|Encore\n|move|p1b: Floette|Protect|p1b: Floette\n|-singleturn|p1b: Floette|Protect\n|move|p2a: Charizard|Heat Wave|p1b: Floette|[spread] p1a\n|-activate|p1b: Floette|move: Protect\n|-supereffective|p1a: Kingambit|1\n|-damage|p1a: Kingambit|0 fnt\n|faint|p1a: Kingambit\n|\n|-weather|SunnyDay|[upkeep]\n|-sideend|p1: TwilightRealm|move: Tailwind\n|upkeep\n|turn|6\n|c|\u2606TwilightRealm|im going to fucking kill myself\n|\n|t:|1776596398\n|move|p1b: Floette|Protect||[still]\n|-fail|p1b: Floette\n|move|p2b: Whimsicott|Encore||[still]\n|-fail|p2b: Whimsicott\n|move|p2a: Charizard|Overheat|p1b: Floette\n|-damage|p1b: Floette|10/100\n|-unboost|p2a: Charizard|spa|2\n|\n|-weather|SunnyDay|[upkeep]\n|upkeep\n|turn|7\n|\n|t:|1776596411\n|move|p1b: Floette|Protect|p1b: Floette\n|-singleturn|p1b: Floette|Protect\n|move|p2b: Whimsicott|Moonblast|p1b: Floette\n|-activate|p1b: Floette|move: Protect\n|move|p2a: Charizard|Heat Wave|p1b: Floette\n|-activate|p1b: Floette|move: Protect\n|\n|-weather|SunnyDay|[upkeep]\n|-end|p1b: Floette|Encore\n|upkeep\n|turn|8\n|inactive|kaylVGC has 30 seconds left.\n|inactive|kaylVGC has 20 seconds left.\n|inactive|kaylVGC has 15 seconds left.\n|inactive|kaylVGC has 10 seconds left.\n|\n|t:|1776596456\n|move|p2b: Whimsicott|Encore|p1b: Floette\n|-start|p1b: Floette|Encore\n|move|p1b: Floette|Protect|p1b: Floette\n|-singleturn|p1b: Floette|Protect\n|move|p2a: Charizard|Heat Wave|p1b: Floette\n|-activate|p1b: Floette|move: Protect\n|\n|-weather|SunnyDay|[upkeep]\n|upkeep\n|turn|9\n|\n|t:|1776596469\n|move|p1b: Floette|Protect||[still]\n|-fail|p1b: Floette\n|move|p2b: Whimsicott|Moonblast|p1b: Floette\n|-damage|p1b: Floette|0 fnt\n|faint|p1b: Floette\n|\n|win|kaylVGC\n",
  "uploadtime": 1776596396,
  "views": 13,
  "formatid": "gen9championsvgc2026regma",
  "rating": null,
  "private": 0,
  "password": null
}