{
  "id": "gen9championsvgc2026regma-2584885850",
  "format": "[Gen 9 Champions] VGC 2026 Reg M-A",
  "players": [
    "SunTufo",
    "TaravangianVGC"
  ],
  "log": "|j|\u2606SunTufo\n|j|\u2606TaravangianVGC\n|t:|1776291539\n|gametype|doubles\n|player|p1|SunTufo|li|1181\n|player|p2|TaravangianVGC|colress|1134\n|gen|9\n|tier|[Gen 9 Champions] VGC 2026 Reg M-A\n|rated|\n|rule|Species Clause: Limit one of each Pok\u00e9mon\n|rule|Item Clause: Limit 1 of each item\n|clearpoke\n|poke|p1|Aerodactyl, L50, M|\n|poke|p1|Floette-Eternal, L50, F|\n|poke|p1|Incineroar, L50, M|\n|poke|p1|Sinistcha-Masterpiece, L50|\n|poke|p1|Gengar, L50, M|\n|poke|p1|Altaria, L50, M|\n|poke|p2|Runerigus, L50, F|\n|poke|p2|Conkeldurr, L50, M|\n|poke|p2|Typhlosion-Hisui, L50, F|\n|poke|p2|Whimsicott, L50, M|\n|poke|p2|Gyarados, L50, F|\n|poke|p2|Archaludon, L50, F|\n|teampreview|4\n|inactive|Battle timer is ON: inactive players will automatically lose when time's up. (requested by SunTufo)\n|\n|t:|1776291564\n|teamsize|p1|4\n|teamsize|p2|4\n|start\n|switch|p1a: Aerodactyl|Aerodactyl, L50, M|100/100\n|switch|p1b: Incineroar|Incineroar, L50, M|100/100\n|switch|p2a: Runerigus|Runerigus, L50, F|100/100\n|switch|p2b: Conkeldurr|Conkeldurr, L50, M|100/100\n|-ability|p1a: Aerodactyl|Unnerve\n|-ability|p1b: Incineroar|Intimidate|boost\n|-unboost|p2a: Runerigus|atk|1\n|-unboost|p2b: Conkeldurr|atk|1\n|-enditem|p2b: Conkeldurr|White Herb\n|-clearnegativeboost|p2b: Conkeldurr|[silent]\n|turn|1\n|\n|t:|1776291576\n|switch|p1a: Floette|Floette-Eternal, L50, F|100/100\n|move|p2b: Conkeldurr|Detect|p2b: Conkeldurr\n|-singleturn|p2b: Conkeldurr|Protect\n|move|p1b: Incineroar|Parting Shot|p2b: Conkeldurr\n|-activate|p2b: Conkeldurr|move: Protect\n|move|p2a: Runerigus|Trick Room|p2a: Runerigus\n|-fieldstart|move: Trick Room|[of] p2a: Runerigus\n|\n|upkeep\n|turn|2\n|\n|t:|1776291585\n|detailschange|p1a: Floette|Floette-Mega, L50, F\n|-mega|p1a: Floette|Floette|Floettite\n|-ability|p1a: Floette|Fairy Aura\n|move|p2a: Runerigus|Poltergeist|p1a: Floette\n|-activate|p1a: Floette|move: Poltergeist|Floettite\n|-damage|p1a: Floette|78/100\n|move|p2b: Conkeldurr|Hammer Arm|p1b: Incineroar\n|-supereffective|p1b: Incineroar|1\n|-damage|p1b: Incineroar|0 fnt\n|-unboost|p2b: Conkeldurr|spe|1\n|faint|p1b: Incineroar\n|move|p1a: Floette|Calm Mind|p1a: Floette\n|-boost|p1a: Floette|spa|1\n|-boost|p1a: Floette|spd|1\n|\n|upkeep\n|\n|t:|1776291595\n|switch|p1b: Sinistcha|Sinistcha-Masterpiece, L50|100/100\n|-heal|p1a: Floette|100/100|[from] ability: Hospitality|[of] p1b: Sinistcha\n|turn|3\n|\n|t:|1776291601\n|move|p2b: Conkeldurr|Poison Jab|p1a: Floette\n|-supereffective|p1a: Floette|1\n|-damage|p1a: Floette|30/100\n|move|p2a: Runerigus|Poltergeist|p1b: Sinistcha\n|-activate|p1b: Sinistcha|move: Poltergeist|Colbur Berry\n|-supereffective|p1b: Sinistcha|1\n|-damage|p1b: Sinistcha|60/100\n|move|p1b: Sinistcha|Matcha Gotcha|p2a: Runerigus|[spread] p2a,p2b\n|-supereffective|p2a: Runerigus|1\n|-crit|p2b: Conkeldurr\n|-damage|p2a: Runerigus|52/100\n|-heal|p1b: Sinistcha|83/100|[from] drain|[of] p2a: Runerigus\n|-damage|p2b: Conkeldurr|58/100\n|-heal|p1b: Sinistcha|100/100|[from] drain|[of] p2b: Conkeldurr\n|move|p1a: Floette|Draining Kiss|p2b: Conkeldurr\n|-supereffective|p2b: Conkeldurr|1\n|-damage|p2b: Conkeldurr|0 fnt\n|-heal|p1a: Floette|84/100|[from] drain|[of] p2b: Conkeldurr\n|faint|p2b: Conkeldurr\n|\n|upkeep\n|\n|t:|1776291610\n|switch|p2b: Archaludon|Archaludon, L50, F, shiny|100/100\n|turn|4\n|\n|t:|1776291616\n|move|p1b: Sinistcha|Rage Powder|p1b: Sinistcha\n|-singleturn|p1b: Sinistcha|move: Rage Powder\n|move|p2a: Runerigus|Poltergeist|p1b: Sinistcha\n|-activate|p1b: Sinistcha|move: Poltergeist|Colbur Berry\n|-supereffective|p1b: Sinistcha|1\n|-damage|p1b: Sinistcha|57/100\n|move|p2b: Archaludon|Steel Beam|p1a: Floette\n|-supereffective|p1a: Floette|1\n|-damage|p1a: Floette|3/100\n|-damage|p2b: Archaludon|50/100|[from] steelbeam\n|move|p1a: Floette|Moonblast|p2b: Archaludon\n|-damage|p2b: Archaludon|0 fnt\n|faint|p2b: Archaludon\n|\n|upkeep\n|\n|t:|1776291619\n|switch|p2b: Gyarados|Gyarados, L50, F, shiny|100/100\n|-ability|p2b: Gyarados|Intimidate|boost\n|-unboost|p1a: Floette|atk|1\n|-unboost|p1b: Sinistcha|atk|1\n|turn|5\n|\n|t:|1776291629\n|move|p1b: Sinistcha|Rage Powder|p1b: Sinistcha\n|-singleturn|p1b: Sinistcha|move: Rage Powder\n|move|p2a: Runerigus|Poltergeist|p1b: Sinistcha\n|-activate|p1b: Sinistcha|move: Poltergeist|Colbur Berry\n|-supereffective|p1b: Sinistcha|1\n|-damage|p1b: Sinistcha|16/100\n|move|p2b: Gyarados|Dragon Dance|p2b: Gyarados\n|-boost|p2b: Gyarados|atk|1\n|-boost|p2b: Gyarados|spe|1\n|move|p1a: Floette|Draining Kiss|p2a: Runerigus\n|-crit|p2a: Runerigus\n|-damage|p2a: Runerigus|0 fnt\n|-heal|p1a: Floette|41/100|[from] drain|[of] p2a: Runerigus\n|-activate|p1a: Floette|Skill Swap|Wandering Spirit|Fairy Aura|[of] p2a: Runerigus\n|-ability|p2a: Runerigus|Fairy Aura\n|faint|p2a: Runerigus\n|\n|-fieldend|move: Trick Room\n|upkeep\n|turn|6\n|\n|t:|1776291642\n|move|p1b: Sinistcha|Rage Powder|p1b: Sinistcha\n|-singleturn|p1b: Sinistcha|move: Rage Powder\n|move|p2b: Gyarados|Crunch|p1b: Sinistcha\n|-supereffective|p1b: Sinistcha|1\n|-enditem|p1b: Sinistcha|Colbur Berry|[eat]\n|-enditem|p1b: Sinistcha|Colbur Berry|[weaken]\n|-damage|p1b: Sinistcha|0 fnt\n|faint|p1b: Sinistcha\n|move|p1a: Floette|Moonblast|p2b: Gyarados\n|-damage|p2b: Gyarados|29/100\n|\n|upkeep\n|\n|t:|1776291645\n|switch|p1b: Aerodactyl|Aerodactyl, L50, M|100/100\n|-ability|p1b: Aerodactyl|Unnerve\n|turn|7\n|\n|t:|1776291652\n|detailschange|p2b: Gyarados|Gyarados-Mega, L50, F, shiny\n|-mega|p2b: Gyarados|Gyarados|Gyaradosite\n|-ability|p2b: Gyarados|Mold Breaker\n|move|p1b: Aerodactyl|Rock Slide|p2b: Gyarados\n|-damage|p2b: Gyarados|1/100\n|move|p2b: Gyarados|Waterfall|p1a: Floette\n|-damage|p1a: Floette|0 fnt\n|-activate|p2b: Gyarados|Skill Swap|Wandering Spirit|Mold Breaker|[of] p1a: Floette\n|-ability|p1a: Floette|Mold Breaker\n|faint|p1a: Floette\n|\n|upkeep\n|turn|8\n|\n|t:|1776291659\n|move|p1b: Aerodactyl|Dual Wingbeat|p2b: Gyarados\n|-damage|p2b: Gyarados|0 fnt\n|-activate|p1b: Aerodactyl|Skill Swap|Wandering Spirit|Unnerve|[of] p2b: Gyarados\n|-ability|p2b: Gyarados|Unnerve\n|faint|p2b: Gyarados\n|-hitcount|p2: Gyarados|1\n|\n|win|SunTufo\n|raw|SunTufo's rating: 1181 &rarr; <strong>1203</strong><br />(+22 for winning)\n|raw|TaravangianVGC's rating: 1134 &rarr; <strong>1112</strong><br />(-22 for losing)\n",
  "uploadtime": 1776291659,
  "views": 17,
  "formatid": "gen9championsvgc2026regma",
  "rating": 1112,
  "private": 0,
  "password": null
}