{
  "id": "gen9championsvgc2026regma-2581426865",
  "format": "[Gen 9 Champions] VGC 2026 Reg M-A",
  "players": [
    "taotietsu",
    "thebirdy123"
  ],
  "log": "|j|\u2606taotietsu\n|j|\u2606thebirdy123\n|t:|1775999280\n|gametype|doubles\n|player|p1|taotietsu|emmet|1162\n|player|p2|thebirdy123|265|1073\n|gen|9\n|tier|[Gen 9 Champions] VGC 2026 Reg M-A\n|rated|\n|rule|Species Clause: Limit one of each Pok\u00e9mon\n|rule|Item Clause: Limit 1 of each item\n|clearpoke\n|poke|p1|Meganium, L50, F|\n|poke|p1|Raichu, L50, M|\n|poke|p1|Talonflame, L50, F|\n|poke|p1|Milotic, L50, F|\n|poke|p1|Farigiraf, L50, M|\n|poke|p1|Hydreigon, L50, M|\n|poke|p2|Slowking-Galar, L50, F|\n|poke|p2|Crabominable, L50, F|\n|poke|p2|Orthworm, L50, M|\n|poke|p2|Lucario, L50, F|\n|poke|p2|Golurk, L50|\n|poke|p2|Farigiraf, L50, M|\n|teampreview|4\n|inactive|Battle timer is ON: inactive players will automatically lose when time's up. (requested by taotietsu)\n|inactive|taotietsu has 60 seconds left.\n|inactive|thebirdy123 has 60 seconds left.\n|\n|t:|1775999331\n|teamsize|p1|4\n|teamsize|p2|4\n|start\n|switch|p1a: Farigiraf|Farigiraf, L50, M|100/100\n|switch|p1b: Milotic|Milotic, L50, F|100/100\n|switch|p2a: Slowking|Slowking-Galar, L50, F|100/100\n|switch|p2b: Orthworm|Orthworm, L50, M|100/100\n|turn|1\n|\n|t:|1775999355\n|move|p1b: Milotic|Helping Hand|p1a: Farigiraf\n|-singleturn|p1a: Farigiraf|Helping Hand|[of] p1b: Milotic\n|move|p2b: Orthworm|Protect|p2b: Orthworm\n|-singleturn|p2b: Orthworm|Protect\n|move|p1a: Farigiraf|Twin Beam|p2a: Slowking\n|-damage|p2a: Slowking|82/100\n|-damage|p2a: Slowking|61/100\n|-hitcount|p2a: Slowking|2\n|move|p2a: Slowking|Trick Room|p2a: Slowking\n|-fieldstart|move: Trick Room|[of] p2a: Slowking\n|\n|-heal|p2a: Slowking|67/100|[from] item: Leftovers\n|upkeep\n|turn|2\n|\n|t:|1775999373\n|-prepare|p2a: Slowking|Chilly Reception|[premajor]\n|move|p2a: Slowking|Chilly Reception|p2a: Slowking\n|-weather|Snowscape\n|\n|t:|1775999379\n|switch|p2a: Lucario|Lucario, L50, F|100/100|[from] Chilly Reception\n|move|p2b: Orthworm|Shed Tail|p2b: Orthworm\n|-start|p2b: Orthworm|Substitute|[from] move: Shed Tail\n|-damage|p2b: Orthworm|50/100\n|-enditem|p2b: Orthworm|Sitrus Berry|[eat]\n|-heal|p2b: Orthworm|75/100|[from] item: Sitrus Berry\n|\n|t:|1775999387\n|switch|p2b: Crabominable|Crabominable, L50, F|100/100|[from] Shed Tail\n|move|p1b: Milotic|Muddy Water|p2b: Crabominable|[spread] p2a\n|-miss|p1b: Milotic|p2b: Crabominable\n|-damage|p2a: Lucario|72/100\n|move|p1a: Farigiraf|Trick Room|p1a: Farigiraf\n|-fieldend|move: Trick Room\n|\n|-weather|Snowscape|[upkeep]\n|upkeep\n|turn|3\n|\n|t:|1775999416\n|detailschange|p2b: Crabominable|Crabominable-Mega, L50, F\n|-mega|p2b: Crabominable|Crabominable|Crabominite\n|move|p2a: Lucario|Coaching|p2b: Crabominable\n|-boost|p2b: Crabominable|atk|1\n|-boost|p2b: Crabominable|def|1\n|move|p1b: Milotic|Muddy Water|p2a: Lucario|[spread] p2a,p2b\n|-activate|p2b: Crabominable|move: Substitute|[damage]\n|-damage|p2a: Lucario|37/100\n|-unboost|p2a: Lucario|accuracy|1\n|move|p1a: Farigiraf|Twin Beam|p2b: Crabominable\n|-supereffective|p2b: Crabominable|1\n|-crit|p2b: Crabominable\n|-end|p2b: Crabominable|Substitute\n|-supereffective|p2b: Crabominable|1\n|-damage|p2b: Crabominable|73/100\n|-hitcount|p2b: Crabominable|2\n|move|p2b: Crabominable|Ice Hammer|p1a: Farigiraf\n|-damage|p1a: Farigiraf|3/100\n|-unboost|p2b: Crabominable|spe|1\n|-enditem|p1a: Farigiraf|Sitrus Berry|[eat]\n|-heal|p1a: Farigiraf|28/100|[from] item: Sitrus Berry\n|\n|-weather|Snowscape|[upkeep]\n|upkeep\n|turn|4\n|inactive|taotietsu has 30 seconds left.\n|inactive|thebirdy123 has 30 seconds left.\n|\n|t:|1775999446\n|switch|p2b: Slowking|Slowking-Galar, L50, F|100/100\n|move|p1b: Milotic|Helping Hand|p1a: Farigiraf\n|-singleturn|p1a: Farigiraf|Helping Hand|[of] p1b: Milotic\n|move|p2a: Lucario|Extreme Speed||[still]\n|cant|p1a: Farigiraf|ability: Armor Tail|Extreme Speed|[of] p2a: Lucario\n|move|p1a: Farigiraf|Twin Beam|p2b: Slowking\n|-damage|p2b: Slowking|81/100\n|-damage|p2b: Slowking|59/100\n|-hitcount|p2b: Slowking|2\n|\n|-weather|Snowscape|[upkeep]\n|-heal|p2b: Slowking|65/100|[from] item: Leftovers\n|upkeep\n|turn|5\n|\n|t:|1775999464\n|switch|p1a: Talonflame|Talonflame, L50, F|100/100\n|move|p2a: Lucario|Close Combat|p1a: Talonflame\n|-resisted|p1a: Talonflame|1\n|-damage|p1a: Talonflame|51/100\n|-unboost|p2a: Lucario|def|1\n|-unboost|p2a: Lucario|spd|1\n|move|p1b: Milotic|Muddy Water|p2a: Lucario|[spread] p2a\n|-miss|p1b: Milotic|p2b: Slowking\n|-damage|p2a: Lucario|0 fnt\n|faint|p2a: Lucario\n|move|p2b: Slowking|Trick Room|p2b: Slowking\n|-fieldstart|move: Trick Room|[of] p2b: Slowking\n|\n|-weather|Snowscape|[upkeep]\n|-heal|p2b: Slowking|71/100|[from] item: Leftovers\n|upkeep\n|\n|t:|1775999469\n|switch|p2a: Crabominable|Crabominable-Mega, L50, F|73/100\n|turn|6\n|\n|t:|1775999490\n|move|p1a: Talonflame|Protect|p1a: Talonflame\n|-singleturn|p1a: Talonflame|Protect\n|move|p2b: Slowking|Eerie Spell|p1b: Milotic\n|-damage|p1b: Milotic|75/100\n|-activate|p1b: Milotic|move: Eerie Spell|Muddy Water|3\n|move|p2a: Crabominable|Ice Hammer|p1a: Talonflame\n|-activate|p1a: Talonflame|move: Protect\n|move|p1b: Milotic|Muddy Water|p2a: Crabominable|[spread] p2a,p2b\n|-damage|p2a: Crabominable|55/100\n|-damage|p2b: Slowking|53/100\n|-unboost|p2b: Slowking|accuracy|1\n|\n|-weather|none\n|-heal|p2b: Slowking|59/100|[from] item: Leftovers\n|-heal|p1b: Milotic|81/100|[from] item: Leftovers\n|upkeep\n|turn|7\n|inactive|taotietsu has 30 seconds left.\n|\n|t:|1775999524\n|move|p2a: Crabominable|Protect|p2a: Crabominable\n|-singleturn|p2a: Crabominable|Protect\n|-prepare|p2b: Slowking|Chilly Reception|[premajor]\n|move|p2b: Slowking|Chilly Reception|p2b: Slowking\n|-weather|Snowscape\n|\n|t:|1775999533\n|switch|p2b: Orthworm|Orthworm, L50, M|75/100|[from] Chilly Reception\n|move|p1b: Milotic|Muddy Water|p2a: Crabominable|[spread] p2b\n|-activate|p2a: Crabominable|move: Protect\n|-damage|p2b: Orthworm|37/100\n|-unboost|p2b: Orthworm|accuracy|1\n|move|p1a: Talonflame|Brave Bird|p2a: Crabominable\n|-activate|p2a: Crabominable|move: Protect\n|\n|-weather|Snowscape|[upkeep]\n|-heal|p1b: Milotic|87/100|[from] item: Leftovers\n|upkeep\n|turn|8\n|\n|t:|1775999555\n|move|p1a: Talonflame|Protect|p1a: Talonflame\n|-singleturn|p1a: Talonflame|Protect\n|move|p2a: Crabominable|Drain Punch|p1b: Milotic\n|-damage|p1b: Milotic|30/100\n|-heal|p2a: Crabominable|83/100|[from] drain|[of] p1b: Milotic\n|move|p2b: Orthworm|Body Press|p1b: Milotic\n|-damage|p1b: Milotic|6/100\n|move|p1b: Milotic|Muddy Water|p2b: Orthworm|[spread] p2a,p2b\n|-damage|p2a: Crabominable|64/100\n|-damage|p2b: Orthworm|0 fnt\n|faint|p2b: Orthworm\n|\n|-weather|Snowscape|[upkeep]\n|-heal|p1b: Milotic|12/100|[from] item: Leftovers\n|upkeep\n|\n|t:|1775999567\n|switch|p2b: Slowking|Slowking-Galar, L50, F|93/100\n|turn|9\n|\n|t:|1775999584\n|move|p1b: Milotic|Helping Hand|p1a: Talonflame\n|-singleturn|p1a: Talonflame|Helping Hand|[of] p1b: Milotic\n|move|p2b: Slowking|Sludge Wave|p1b: Milotic|[spread] p2a,p1a,p1b\n|-damage|p2a: Crabominable|37/100\n|-damage|p1a: Talonflame|0 fnt\n|-damage|p1b: Milotic|0 fnt\n|faint|p1a: Talonflame\n|faint|p1b: Milotic\n|move|p2a: Crabominable|Rock Slide|p1: Talonflame|[notarget]\n|-fail|p2a: Crabominable\n|\n|-weather|Snowscape|[upkeep]\n|-heal|p2b: Slowking|99/100|[from] item: Leftovers\n|-fieldend|move: Trick Room\n|upkeep\n|\n|t:|1775999596\n|switch|p1a: Meganium|Meganium, L50, F, shiny|100/100\n|switch|p1b: Farigiraf|Farigiraf, L50, M|28/100\n|turn|10\n|\n|t:|1775999606\n|detailschange|p1a: Meganium|Meganium-Mega, L50, F, shiny\n|-mega|p1a: Meganium|Meganium|Meganiumite\n|move|p1a: Meganium|Protect|p1a: Meganium\n|-singleturn|p1a: Meganium|Protect\n|move|p2a: Crabominable|Protect|p2a: Crabominable\n|-singleturn|p2a: Crabominable|Protect\n|move|p1b: Farigiraf|Twin Beam|p2a: Crabominable\n|-activate|p2a: Crabominable|move: Protect\n|move|p2b: Slowking|Sludge Wave|p1a: Meganium|[spread] p1b\n|-activate|p2a: Crabominable|move: Protect\n|-activate|p1a: Meganium|move: Protect\n|-damage|p1b: Farigiraf|0 fnt\n|faint|p1b: Farigiraf\n|\n|-weather|Snowscape|[upkeep]\n|-heal|p2b: Slowking|100/100|[from] item: Leftovers\n|upkeep\n|turn|11\n|-message|taotietsu forfeited.\n|\n|win|thebirdy123\n|raw|taotietsu's rating: 1162 &rarr; <strong>1131</strong><br />(-31 for losing)\n|raw|thebirdy123's rating: 1073 &rarr; <strong>1109</strong><br />(+36 for winning)\n|l|\u2606taotietsu\n|player|p1|\n",
  "uploadtime": 1775999628,
  "views": 19,
  "formatid": "gen9championsvgc2026regma",
  "rating": 1109,
  "private": 0,
  "password": null
}