{
  "id": "gen9championsvgc2026regma-2589380344",
  "format": "[Gen 9 Champions] VGC 2026 Reg M-A",
  "players": [
    "Poliwhirl100",
    "Charliep1212"
  ],
  "log": "|j|\u2606Poliwhirl100\n|j|\u2606Charliep1212\n|t:|1776718369\n|gametype|doubles\n|player|p1|Poliwhirl100|preschooler|1245\n|player|p2|Charliep1212|morty|1308\n|gen|9\n|tier|[Gen 9 Champions] VGC 2026 Reg M-A\n|rated|\n|rule|Species Clause: Limit one of each Pok\u00e9mon\n|rule|Item Clause: Limit 1 of each item\n|clearpoke\n|poke|p1|Dragapult, L50, M|\n|poke|p1|Sneasler, L50, M|\n|poke|p1|Excadrill, L50, F|\n|poke|p1|Tyranitar, L50, F|\n|poke|p1|Farigiraf, L50, F|\n|poke|p1|Incineroar, L50, M|\n|poke|p2|Scovillain, L50, F|\n|poke|p2|Incineroar, L50, F|\n|poke|p2|Floette-Eternal, L50, F|\n|poke|p2|Aerodactyl, L50, F|\n|poke|p2|Mamoswine, L50, M|\n|poke|p2|Basculegion-F, L50, F, shiny|\n|teampreview|4\n|inactive|Battle timer is ON: inactive players will automatically lose when time's up. (requested by Charliep1212)\n|\n|t:|1776718393\n|teamsize|p1|4\n|teamsize|p2|4\n|start\n|switch|p1a: Dragapult|Dragapult, L50, M|100/100\n|switch|p1b: Farigiraf|Farigiraf, L50, F|100/100\n|switch|p2a: Scovillain|Scovillain, L50, F|100/100\n|switch|p2b: Basculegion|Basculegion-F, L50, F, shiny|100/100\n|turn|1\n|\n|t:|1776718415\n|detailschange|p2a: Scovillain|Scovillain-Mega, L50, F\n|-mega|p2a: Scovillain|Scovillain|Scovillainite\n|move|p2a: Scovillain|Rage Powder|p2a: Scovillain\n|-singleturn|p2a: Scovillain|move: Rage Powder\n|move|p1a: Dragapult|U-turn|p2a: Scovillain\n|-damage|p2a: Scovillain|81/100\n|-status|p1a: Dragapult|brn|[from] ability: Spicy Spray|[of] p2a: Scovillain\n|\n|t:|1776718421\n|switch|p1a: Incineroar|Incineroar, L50, M|100/100|[from] U-turn\n|-ability|p1a: Incineroar|Intimidate|boost\n|-unboost|p2a: Scovillain|atk|1\n|-unboost|p2b: Basculegion|atk|1\n|move|p2b: Basculegion|Hex|p1a: Incineroar\n|-resisted|p1a: Incineroar|1\n|-damage|p1a: Incineroar|85/100\n|move|p1b: Farigiraf|Trick Room|p1b: Farigiraf\n|-fieldstart|move: Trick Room|[of] p1b: Farigiraf\n|\n|upkeep\n|turn|2\n|inactive|Charliep1212 has 30 seconds left.\n|\n|t:|1776718449\n|switch|p2a: Incineroar|Incineroar, L50, F|100/100\n|-ability|p2a: Incineroar|Intimidate|boost\n|-unboost|p1a: Incineroar|atk|1\n|-unboost|p1b: Farigiraf|atk|1\n|switch|p2b: Mamoswine|Mamoswine, L50, M|100/100\n|move|p1b: Farigiraf|Hyper Voice|p2b: Mamoswine|[spread] p2a,p2b\n|-damage|p2a: Incineroar|81/100\n|-damage|p2b: Mamoswine|65/100\n|move|p1a: Incineroar|Darkest Lariat|p2b: Mamoswine\n|-damage|p2b: Mamoswine|39/100\n|\n|upkeep\n|turn|3\n|\n|t:|1776718471\n|move|p2a: Incineroar|Parting Shot|p1b: Farigiraf\n|-unboost|p1b: Farigiraf|atk|1\n|-unboost|p1b: Farigiraf|spa|1\n|\n|t:|1776718478\n|switch|p2a: Scovillain|Scovillain-Mega, L50, F|81/100|[from] Parting Shot\n|move|p1a: Incineroar|Parting Shot|p2a: Scovillain\n|-unboost|p2a: Scovillain|atk|1\n|-unboost|p2a: Scovillain|spa|1\n|\n|t:|1776718482\n|switch|p1a: Dragapult|Dragapult, L50, M|100/100 brn|[from] Parting Shot\n|move|p1b: Farigiraf|Twin Beam|p2b: Mamoswine\n|-damage|p2b: Mamoswine|25/100\n|-damage|p2b: Mamoswine|9/100\n|-hitcount|p2b: Mamoswine|2\n|move|p2b: Mamoswine|High Horsepower|p1a: Dragapult|[miss]\n|-miss|p2b: Mamoswine|p1a: Dragapult\n|\n|-damage|p1a: Dragapult|94/100 brn|[from] brn\n|upkeep\n|turn|4\n|\n|t:|1776718496\n|switch|p1a: Incineroar|Incineroar, L50, M|85/100\n|-ability|p1a: Incineroar|Intimidate|boost\n|-unboost|p2a: Scovillain|atk|1\n|-unboost|p2b: Mamoswine|atk|1\n|move|p2a: Scovillain|Rage Powder|p2a: Scovillain\n|-singleturn|p2a: Scovillain|move: Rage Powder\n|move|p1b: Farigiraf|Hyper Voice|p2b: Mamoswine|[spread] p2a,p2b\n|-damage|p2a: Scovillain|66/100\n|-damage|p2b: Mamoswine|0 fnt\n|-status|p1b: Farigiraf|brn|[from] ability: Spicy Spray|[of] p2a: Scovillain\n|faint|p2b: Mamoswine\n|\n|-damage|p1b: Farigiraf|94/100 brn|[from] brn\n|upkeep\n|\n|t:|1776718506\n|switch|p2b: Basculegion|Basculegion-F, L50, F, shiny|100/100\n|turn|5\n|\n|t:|1776718529\n|switch|p2a: Incineroar|Incineroar, L50, F|81/100\n|-ability|p2a: Incineroar|Intimidate|boost\n|-unboost|p1a: Incineroar|atk|1\n|-unboost|p1b: Farigiraf|atk|1\n|move|p1b: Farigiraf|Helping Hand|p1a: Incineroar\n|-singleturn|p1a: Incineroar|Helping Hand|[of] p1b: Farigiraf\n|move|p1a: Incineroar|Flare Blitz|p2a: Incineroar\n|-resisted|p2a: Incineroar|1\n|-damage|p2a: Incineroar|58/100\n|-damage|p1a: Incineroar|78/100|[from] Recoil\n|move|p2b: Basculegion|Hydro Pump|p1b: Farigiraf\n|-damage|p1b: Farigiraf|37/100 brn\n|-enditem|p1b: Farigiraf|Sitrus Berry|[eat]\n|-heal|p1b: Farigiraf|62/100 brn|[from] item: Sitrus Berry\n|\n|-damage|p1b: Farigiraf|56/100 brn|[from] brn\n|-fieldend|move: Trick Room\n|upkeep\n|turn|6\n|inactive|Charliep1212 has 30 seconds left.\n|-activate|p1a: Incineroar|item: Quick Claw\n|\n|t:|1776718555\n|move|p1a: Incineroar|Parting Shot|p2b: Basculegion\n|-unboost|p2b: Basculegion|atk|1\n|-unboost|p2b: Basculegion|spa|1\n|\n|t:|1776718562\n|switch|p1a: Dragapult|Dragapult, L50, M|94/100 brn|[from] Parting Shot\n|move|p2b: Basculegion|Hydro Pump|p1a: Dragapult\n|-resisted|p1a: Dragapult|1\n|-damage|p1a: Dragapult|64/100 brn\n|move|p2a: Incineroar|Parting Shot|p1b: Farigiraf\n|-unboost|p1b: Farigiraf|atk|1\n|-unboost|p1b: Farigiraf|spa|1\n|c|\u2606Charliep1212|No way you got that proc\n|\n|t:|1776718575\n|switch|p2a: Scovillain|Scovillain-Mega, L50, F|66/100|[from] Parting Shot\n|move|p1b: Farigiraf|Trick Room|p1b: Farigiraf\n|-fieldstart|move: Trick Room|[of] p1b: Farigiraf\n|\n|-damage|p1b: Farigiraf|49/100 brn|[from] brn\n|-damage|p1a: Dragapult|57/100 brn|[from] brn\n|upkeep\n|turn|7\n|c|\u2606Poliwhirl100|thats why i wear it\n|c|\u2606Poliwhirl100|brooo\n|inactive|Poliwhirl100 has 30 seconds left.\n|\n|t:|1776718602\n|switch|p1a: Incineroar|Incineroar, L50, M|78/100\n|-ability|p1a: Incineroar|Intimidate|boost\n|-unboost|p2a: Scovillain|atk|1\n|-unboost|p2b: Basculegion|atk|1\n|move|p2a: Scovillain|Protect|p2a: Scovillain\n|-singleturn|p2a: Scovillain|Protect\n|move|p1b: Farigiraf|Hyper Voice|p2b: Basculegion|[spread] \n|-activate|p2a: Scovillain|move: Protect\n|-immune|p2b: Basculegion\n|move|p2b: Basculegion|Hex|p1a: Incineroar\n|-resisted|p1a: Incineroar|1\n|-damage|p1a: Incineroar|68/100\n|\n|-damage|p1b: Farigiraf|43/100 brn|[from] brn\n|upkeep\n|turn|8\n|\n|t:|1776718625\n|switch|p2a: Incineroar|Incineroar, L50, F|58/100\n|-ability|p2a: Incineroar|Intimidate|boost\n|-unboost|p1a: Incineroar|atk|1\n|-unboost|p1b: Farigiraf|atk|1\n|move|p1b: Farigiraf|Helping Hand|p1a: Incineroar\n|-singleturn|p1a: Incineroar|Helping Hand|[of] p1b: Farigiraf\n|move|p1a: Incineroar|Flare Blitz|p2a: Incineroar\n|-resisted|p2a: Incineroar|1\n|-damage|p2a: Incineroar|35/100\n|-damage|p1a: Incineroar|60/100|[from] Recoil\n|move|p2b: Basculegion|Hydro Pump|p1a: Incineroar|[miss]\n|-miss|p2b: Basculegion|p1a: Incineroar\n|\n|-damage|p1b: Farigiraf|37/100 brn|[from] brn\n|upkeep\n|turn|9\n|\n|t:|1776718649\n|switch|p2b: Scovillain|Scovillain-Mega, L50, F|66/100\n|move|p1b: Farigiraf|Helping Hand|p1a: Incineroar\n|-singleturn|p1a: Incineroar|Helping Hand|[of] p1b: Farigiraf\n|move|p2a: Incineroar|Protect|p2a: Incineroar\n|-singleturn|p2a: Incineroar|Protect\n|move|p1a: Incineroar|Darkest Lariat|p2b: Scovillain\n|-damage|p2b: Scovillain|31/100\n|-immune|p1a: Incineroar\n|\n|-damage|p1b: Farigiraf|31/100 brn|[from] brn\n|upkeep\n|turn|10\n|-activate|p1a: Incineroar|item: Quick Claw\n|\n|t:|1776718673\n|switch|p1b: Dragapult|Dragapult, L50, M|57/100 brn\n|move|p2b: Scovillain|Protect|p2b: Scovillain\n|-singleturn|p2b: Scovillain|Protect\n|move|p1a: Incineroar|Parting Shot|p2b: Scovillain\n|-activate|p2b: Scovillain|move: Protect\n|move|p2a: Incineroar|Parting Shot|p1a: Incineroar\n|-unboost|p1a: Incineroar|atk|1\n|-unboost|p1a: Incineroar|spa|1\n|c|\u2606Charliep1212|I am getting so unlucky\n|c|\u2606Poliwhirl100|naaah\n|c|\u2606Poliwhirl100|im just playing better\n|\n|t:|1776718685\n|switch|p2a: Basculegion|Basculegion-F, L50, F, shiny|100/100|[from] Parting Shot\n|\n|-damage|p1b: Dragapult|51/100 brn|[from] brn\n|-fieldend|move: Trick Room\n|upkeep\n|turn|11\n|c|\u2606Poliwhirl100|but you can still out play me i swear\n|c|\u2606Poliwhirl100|you just got to be careful\n|inactive|Charliep1212 has 30 seconds left.\n|inactive|Charliep1212 has 20 seconds left.\n|\n|t:|1776718727\n|switch|p2b: Incineroar|Incineroar, L50, F|35/100\n|-ability|p2b: Incineroar|Intimidate|boost\n|-unboost|p1a: Incineroar|atk|1\n|-fail|p1b: Dragapult|unboost|[from] ability: Clear Body|[of] p1b: Dragapult\n|switch|p1a: Farigiraf|Farigiraf, L50, F|31/100 brn\n|move|p1b: Dragapult|Shadow Ball|p2a: Basculegion\n|-supereffective|p2a: Basculegion|1\n|-damage|p2a: Basculegion|13/100\n|-unboost|p2a: Basculegion|spd|1\n|-enditem|p2a: Basculegion|Sitrus Berry|[eat]\n|-heal|p2a: Basculegion|38/100|[from] item: Sitrus Berry\n|move|p2a: Basculegion|Hydro Pump|p1a: Farigiraf\n|-damage|p1a: Farigiraf|0 fnt\n|faint|p1a: Farigiraf\n|\n|-damage|p1b: Dragapult|45/100 brn|[from] brn\n|upkeep\n|c|\u2606Poliwhirl100|you fucked up\n|inactive|Poliwhirl100 has 30 seconds left.\n|\n|t:|1776718758\n|switch|p1a: Tyranitar|Tyranitar, L50, F|100/100\n|-weather|Sandstorm|[from] ability: Sand Stream|[of] p1a: Tyranitar\n|turn|12\n|\n|t:|1776718768\n|detailschange|p1a: Tyranitar|Tyranitar-Mega, L50, F\n|-mega|p1a: Tyranitar|Tyranitar|Tyranitarite\n|move|p2b: Incineroar|Fake Out|p1a: Tyranitar\n|-resisted|p1a: Tyranitar|1\n|-damage|p1a: Tyranitar|97/100\n|move|p1b: Dragapult|Shadow Ball|p2a: Basculegion\n|-supereffective|p2a: Basculegion|1\n|-damage|p2a: Basculegion|0 fnt\n|faint|p2a: Basculegion\n|cant|p1a: Tyranitar|flinch\n|\n|-weather|Sandstorm|[upkeep]\n|-damage|p1b: Dragapult|39/100 brn|[from] Sandstorm\n|-damage|p2b: Incineroar|29/100|[from] Sandstorm\n|-damage|p1b: Dragapult|33/100 brn|[from] brn\n|upkeep\n|-message|Charliep1212 forfeited.\n|\n|win|Poliwhirl100\n|raw|Poliwhirl100's rating: 1245 &rarr; <strong>1274</strong><br />(+29 for winning)\n|raw|Charliep1212's rating: 1308 &rarr; <strong>1284</strong><br />(-24 for losing)\n|l|\u2606Charliep1212\n|player|p2|\n",
  "uploadtime": 1776718791,
  "views": 11,
  "formatid": "gen9championsvgc2026regma",
  "rating": 1274,
  "private": 0,
  "password": null
}