{
  "id": "gen9championsvgc2026regma-2587621425",
  "format": "[Gen 9 Champions] VGC 2026 Reg M-A",
  "players": [
    "matan2645",
    "zaulpokemonpro"
  ],
  "log": "|j|\u2606matan2645\n|j|\u2606zaulpokemonpro\n|t:|1776547731\n|gametype|doubles\n|player|p1|matan2645|brawly|1093\n|player|p2|zaulpokemonpro|morty|1169\n|gen|9\n|tier|[Gen 9 Champions] VGC 2026 Reg M-A\n|rated|\n|rule|Species Clause: Limit one of each Pok\u00e9mon\n|rule|Item Clause: Limit 1 of each item\n|clearpoke\n|poke|p1|Scizor, L50, M, shiny|\n|poke|p1|Excadrill, L50, M, shiny|\n|poke|p1|Tyranitar, L50, M, shiny|\n|poke|p1|Armarouge, L50, M, shiny|\n|poke|p1|Whimsicott, L50, F, shiny|\n|poke|p1|Sneasler, L50, M, shiny|\n|poke|p2|Froslass, L50, F|\n|poke|p2|Garchomp, L50, M|\n|poke|p2|Rotom-Frost, L50|\n|poke|p2|Empoleon, L50, F|\n|poke|p2|Incineroar, L50, F|\n|poke|p2|Kingambit, L50, M|\n|teampreview|4\n|inactive|Battle timer is ON: inactive players will automatically lose when time's up. (requested by matan2645)\n|inactive|zaulpokemonpro has 60 seconds left.\nmatan2645 rejected open team sheets.\n|inactive|zaulpokemonpro has 30 seconds left.\n|inactive|zaulpokemonpro has 20 seconds left.\n|inactive|zaulpokemonpro has 15 seconds left.\n|inactive|zaulpokemonpro has 10 seconds left.\n|inactive|zaulpokemonpro has 5 seconds left.\n|\n|t:|1776547822\n|teamsize|p1|4\n|teamsize|p2|4\n|start\n|switch|p1a: Scizor|Scizor, L50, M, shiny|100/100\n|switch|p1b: Armarouge|Armarouge, L50, M, shiny|100/100\n|switch|p2a: Froslass|Froslass, L50, F|100/100\n|switch|p2b: Garchomp|Garchomp, L50, M|100/100\n|turn|1\n|\n|t:|1776547846\n|detailschange|p2a: Froslass|Froslass-Mega, L50, F\n|-mega|p2a: Froslass|Froslass|Froslassite\n|-weather|Snowscape|[from] ability: Snow Warning|[of] p2a: Froslass\n|detailschange|p1a: Scizor|Scizor-Mega, L50, M, shiny\n|-mega|p1a: Scizor|Scizor|Scizorite\n|move|p1b: Armarouge|Wide Guard|p1b: Armarouge\n|-singleturn|p1b: Armarouge|Wide Guard\n|move|p1a: Scizor|Bullet Punch|p2a: Froslass\n|-supereffective|p2a: Froslass|1\n|-damage|p2a: Froslass|11/100\n|move|p2a: Froslass|Shadow Ball|p1a: Scizor\n|-damage|p1a: Scizor|43/100\n|-unboost|p1a: Scizor|spd|1\n|move|p2b: Garchomp|Rock Slide|p1b: Armarouge|[spread] \n|-activate|p1a: Scizor|move: Wide Guard\n|-activate|p1b: Armarouge|move: Wide Guard\n|\n|-weather|Snowscape|[upkeep]\n|upkeep\n|turn|2\n|inactive|matan2645 has 30 seconds left.\n|inactive|zaulpokemonpro has 30 seconds left.\n|\n|t:|1776547879\n|switch|p1a: Tyranitar|Tyranitar, L50, M, shiny|100/100\n|-weather|Sandstorm|[from] ability: Sand Stream|[of] p1a: Tyranitar\n|move|p2a: Froslass|Protect|p2a: Froslass\n|-singleturn|p2a: Froslass|Protect\n|move|p2b: Garchomp|Earthquake|p1a: Tyranitar|[spread] p1a,p1b\n|-activate|p2a: Froslass|move: Protect\n|-supereffective|p1a: Tyranitar|1\n|-supereffective|p1b: Armarouge|1\n|-damage|p1a: Tyranitar|29/100\n|-damage|p1b: Armarouge|22/100\n|move|p1b: Armarouge|Heat Wave|p2a: Froslass|[spread] \n|-activate|p2a: Froslass|move: Protect\n|-miss|p1b: Armarouge|p2b: Garchomp\n|\n|-weather|Sandstorm|[upkeep]\n|-damage|p2a: Froslass|5/100|[from] Sandstorm\n|-damage|p1b: Armarouge|16/100|[from] Sandstorm\n|upkeep\n|turn|3\n|inactive|zaulpokemonpro has 30 seconds left.\n|\n|t:|1776547910\n|switch|p2a: Empoleon|Empoleon, L50, F|100/100\n|move|p1b: Armarouge|Wide Guard|p1b: Armarouge\n|-singleturn|p1b: Armarouge|Wide Guard\n|move|p2b: Garchomp|Rock Slide|p1b: Armarouge|[spread] \n|-activate|p1a: Tyranitar|move: Wide Guard\n|-activate|p1b: Armarouge|move: Wide Guard\n|move|p1a: Tyranitar|Rock Slide|p2b: Garchomp|[spread] p2a,p2b\n|-resisted|p2a: Empoleon|1\n|-resisted|p2b: Garchomp|1\n|-crit|p2b: Garchomp\n|-damage|p2a: Empoleon|86/100\n|-damage|p2b: Garchomp|78/100\n|\n|-weather|Sandstorm|[upkeep]\n|-damage|p1b: Armarouge|10/100|[from] Sandstorm\n|-heal|p2a: Empoleon|92/100|[from] item: Leftovers\n|upkeep\n|turn|4\n|inactive|matan2645 has 30 seconds left.\n|inactive|zaulpokemonpro has 30 seconds left.\n|inactive|matan2645 has 20 seconds left.\n|inactive|matan2645 has 15 seconds left.\n|\n|t:|1776547951\n|move|p1b: Armarouge|Wide Guard|p1b: Armarouge\n|-singleturn|p1b: Armarouge|Wide Guard\n|move|p2b: Garchomp|Dragon Claw|p1b: Armarouge\n|-damage|p1b: Armarouge|0 fnt\n|faint|p1b: Armarouge\n|move|p1a: Tyranitar|Low Kick|p2a: Empoleon\n|-supereffective|p2a: Empoleon|1\n|-damage|p2a: Empoleon|29/100\n|move|p2a: Empoleon|Water Pulse|p1a: Tyranitar\n|-supereffective|p1a: Tyranitar|1\n|-damage|p1a: Tyranitar|0 fnt\n|faint|p1a: Tyranitar\n|\n|-weather|Sandstorm|[upkeep]\n|-heal|p2a: Empoleon|35/100|[from] item: Leftovers\n|upkeep\n|\n|t:|1776547962\n|switch|p1b: Sneasler|Sneasler, L50, M, shiny|100/100\n|switch|p1a: Scizor|Scizor-Mega, L50, M, shiny|43/100\n|turn|5\n|inactive|matan2645 has 30 seconds left.\n|\n|t:|1776547988\n|move|p2a: Empoleon|Protect|p2a: Empoleon\n|-singleturn|p2a: Empoleon|Protect\n|move|p1b: Sneasler|Close Combat|p2a: Empoleon\n|-activate|p2a: Empoleon|move: Protect\n|move|p2b: Garchomp|Earthquake|p1a: Scizor|[spread] p1a,p1b\n|-activate|p2a: Empoleon|move: Protect\n|-supereffective|p1b: Sneasler|1\n|-damage|p1a: Scizor|11/100\n|-damage|p1b: Sneasler|0 fnt\n|faint|p1b: Sneasler\n|move|p1a: Scizor|Bug Bite|p2b: Garchomp\n|-damage|p2b: Garchomp|19/100\n|-damage|p1a: Scizor|0 fnt|[from] ability: Rough Skin|[of] p2b: Garchomp\n|faint|p1a: Scizor\n|\n|win|zaulpokemonpro\n|raw|matan2645's rating: 1093 &rarr; <strong>1074</strong><br />(-19 for losing)\n|raw|zaulpokemonpro's rating: 1169 &rarr; <strong>1189</strong><br />(+20 for winning)\n|l|\u2606matan2645\n|player|p1|\n",
  "uploadtime": 1776548020,
  "views": 11,
  "formatid": "gen9championsvgc2026regma",
  "rating": 1074,
  "private": 0,
  "password": null
}