{
  "id": "gen9championsvgc2026regma-2585739981",
  "format": "[Gen 9 Champions] VGC 2026 Reg M-A",
  "players": [
    "Zhi2",
    "GundarHardStriker"
  ],
  "log": "|j|\u2606Zhi2\n|j|\u2606GundarHardStriker\n|t:|1776367295\n|gametype|doubles\n|player|p1|Zhi2|1|1148\n|player|p2|GundarHardStriker|1|1241\n|gen|9\n|tier|[Gen 9 Champions] VGC 2026 Reg M-A\n|rated|\n|rule|Species Clause: Limit one of each Pok\u00e9mon\n|rule|Item Clause: Limit 1 of each item\n|clearpoke\n|poke|p1|Pelipper, L50, M|\n|poke|p1|Blastoise, L50, M|\n|poke|p1|Starmie, L50|\n|poke|p1|Sinistcha, L50|\n|poke|p1|Kingambit, L50, F|\n|poke|p1|Garchomp, L50, M|\n|poke|p2|Infernape, L50, M|\n|poke|p2|Incineroar, L50, F|\n|poke|p2|Charizard, L50, M|\n|poke|p2|Whimsicott, L50, M|\n|poke|p2|Weavile, L50, F|\n|poke|p2|Garchomp, L50, F|\n|teampreview|4\n|inactive|Battle timer is ON: inactive players will automatically lose when time's up. (requested by GundarHardStriker)\n|\n|t:|1776367327\n|teamsize|p1|4\n|teamsize|p2|4\n|start\n|switch|p1a: Blastoise|Blastoise, L50, M|100/100\n|switch|p1b: Garchomp|Garchomp, L50, M|100/100\n|switch|p2a: Weavile|Weavile, L50, F|100/100\n|switch|p2b: Whimsicott|Whimsicott, L50, M|100/100\n|turn|1\n|inactive|GundarHardStriker has 30 seconds left.\n|\n|t:|1776367358\n|move|p1a: Blastoise|Fake Out|p2a: Weavile\n|-damage|p2a: Weavile|89/100\n|move|p2b: Whimsicott|Sunny Day|p2b: Whimsicott\n|-weather|SunnyDay\n|move|p1b: Garchomp|Poison Jab|p2b: Whimsicott\n|-supereffective|p2b: Whimsicott|2\n|-enditem|p2b: Whimsicott|Focus Sash\n|-damage|p2b: Whimsicott|1/100\n|cant|p2a: Weavile|flinch\n|\n|-weather|SunnyDay|[upkeep]\n|upkeep\n|turn|2\n|inactive|Zhi2 has 30 seconds left.\n|\n|t:|1776367390\n|switch|p1b: Pelipper|Pelipper, L50, M|100/100\n|-weather|RainDance|[from] ability: Drizzle|[of] p1b: Pelipper\n|move|p2b: Whimsicott|Tailwind|p2b: Whimsicott\n|-sidestart|p2: GundarHardStriker|move: Tailwind\n|move|p2a: Weavile|Triple Axel|p1b: Pelipper\n|-damage|p1b: Pelipper|91/100\n|-damage|p1b: Pelipper|72/100\n|-damage|p1b: Pelipper|41/100\n|-enditem|p1b: Pelipper|Sitrus Berry|[eat]\n|-heal|p1b: Pelipper|66/100|[from] item: Sitrus Berry\n|-hitcount|p1b: Pelipper|3\n|move|p1a: Blastoise|Flip Turn|p2b: Whimsicott\n|-resisted|p2b: Whimsicott|1\n|-damage|p2b: Whimsicott|0 fnt\n|faint|p2b: Whimsicott\n|\n|t:|1776367409\n|switch|p1a: Garchomp|Garchomp, L50, M|100/100|[from] Flip Turn\n|\n|-weather|RainDance|[upkeep]\n|upkeep\n|\n|t:|1776367411\n|switch|p2b: Garchomp|Garchomp, L50, F|100/100\n|turn|3\n|\n|t:|1776367423\n|switch|p1b: Blastoise|Blastoise, L50, M|100/100\n|move|p2b: Garchomp|Rock Slide|p1a: Garchomp|[spread] p1a,p1b\n|-resisted|p1a: Garchomp|1\n|-damage|p1a: Garchomp|90/100\n|-damage|p1b: Blastoise|75/100\n|move|p2a: Weavile|Triple Axel|p1a: Garchomp|[miss]\n|-miss|p2a: Weavile|p1a: Garchomp\n|move|p1a: Garchomp|Breaking Swipe|p2b: Garchomp|[spread] p2a,p2b\n|-supereffective|p2b: Garchomp|1\n|-damage|p2a: Weavile|43/100\n|-damage|p2b: Garchomp|51/100\n|-unboost|p2a: Weavile|atk|1\n|-unboost|p2b: Garchomp|atk|1\n|-damage|p1a: Garchomp|77/100|[from] ability: Rough Skin|[of] p2b: Garchomp\n|\n|-weather|RainDance|[upkeep]\n|-heal|p1b: Blastoise|81/100|[from] ability: Rain Dish\n|upkeep\n|turn|4\n|\n|t:|1776367440\n|move|p1b: Blastoise|Fake Out|p2a: Weavile\n|-crit|p2a: Weavile\n|-damage|p2a: Weavile|24/100\n|move|p2b: Garchomp|Rock Slide|p1a: Garchomp|[spread] p1a,p1b\n|-resisted|p1a: Garchomp|1\n|-damage|p1a: Garchomp|70/100\n|-damage|p1b: Blastoise|65/100\n|cant|p2a: Weavile|flinch\n|cant|p1a: Garchomp|flinch\n|\n|-weather|RainDance|[upkeep]\n|-heal|p1b: Blastoise|70/100|[from] ability: Rain Dish\n|upkeep\n|turn|5\n|\n|t:|1776367454\n|move|p2b: Garchomp|Rock Slide|p1b: Blastoise|[spread] p1a,p1b\n|-resisted|p1a: Garchomp|1\n|-damage|p1a: Garchomp|64/100\n|-damage|p1b: Blastoise|54/100\n|move|p2a: Weavile|Triple Axel|p1a: Garchomp\n|-supereffective|p1a: Garchomp|2\n|-damage|p1a: Garchomp|29/100\n|-damage|p2a: Weavile|11/100|[from] ability: Rough Skin|[of] p1a: Garchomp\n|-supereffective|p1a: Garchomp|2\n|-damage|p1a: Garchomp|0 fnt\n|-damage|p2a: Weavile|0 fnt|[from] ability: Rough Skin|[of] p1a: Garchomp\n|faint|p1a: Garchomp\n|faint|p2a: Weavile\n|-hitcount|p1: Garchomp|2\n|cant|p1b: Blastoise|flinch\n|\n|-weather|RainDance|[upkeep]\n|-heal|p1b: Blastoise|60/100|[from] ability: Rain Dish\n|-sideend|p2: GundarHardStriker|move: Tailwind\n|upkeep\n|\n|t:|1776367471\n|switch|p2a: Charizard|Charizard, L50, M, shiny|100/100\n|switch|p1a: Starmie|Starmie, L50|100/100\n|turn|6\n|inactive|Zhi2 has 30 seconds left.\n|\n|t:|1776367498\n|detailschange|p1a: Starmie|Starmie-Mega, L50\n|-mega|p1a: Starmie|Starmie|Starminite\n|move|p2a: Charizard|Protect|p2a: Charizard\n|-singleturn|p2a: Charizard|Protect\n|move|p2b: Garchomp|Rock Slide|p1a: Starmie|[spread] p1a,p1b\n|-damage|p1a: Starmie|82/100\n|-damage|p1b: Blastoise|45/100\n|move|p1a: Starmie|Flip Turn|p2b: Garchomp\n|-damage|p2b: Garchomp|0 fnt\n|-damage|p1a: Starmie|69/100|[from] ability: Rough Skin|[of] p2b: Garchomp\n|faint|p2b: Garchomp\n|\n|t:|1776367509\n|switch|p1a: Pelipper|Pelipper, L50, M|66/100|[from] Flip Turn\n|move|p1b: Blastoise|Flip Turn|p2a: Charizard\n|-activate|p2a: Charizard|move: Protect\n|\n|-weather|none\n|upkeep\n|turn|7\n|\n|t:|1776367534\n|detailschange|p2a: Charizard|Charizard-Mega-Y, L50, M, shiny\n|-mega|p2a: Charizard|Charizard|Charizardite Y\n|-weather|SunnyDay|[from] ability: Drought|[of] p2a: Charizard\n|move|p2a: Charizard|Solar Beam||[still]\n|-prepare|p2a: Charizard|Solar Beam\n|-anim|p2a: Charizard|Solar Beam|p1a: Pelipper\n|-damage|p1a: Pelipper|0 fnt\n|faint|p1a: Pelipper\n|move|p1b: Blastoise|Flip Turn|p2a: Charizard\n|-supereffective|p2a: Charizard|1\n|-damage|p2a: Charizard|80/100\n|\n|t:|1776367545\n|switch|p1b: Starmie|Starmie-Mega, L50|69/100|[from] Flip Turn\n|\n|-weather|SunnyDay|[upkeep]\n|upkeep\n|\n|t:|1776367548\n|switch|p1a: Blastoise|Blastoise, L50, M|45/100\n|turn|8\n|\n|t:|1776367573\n|move|p2a: Charizard|Protect|p2a: Charizard\n|-singleturn|p2a: Charizard|Protect\n|move|p1b: Starmie|Liquidation|p2a: Charizard\n|-activate|p2a: Charizard|move: Protect\n|move|p1a: Blastoise|Shell Smash|p1a: Blastoise\n|-unboost|p1a: Blastoise|def|1\n|-unboost|p1a: Blastoise|spd|1\n|-boost|p1a: Blastoise|atk|2\n|-boost|p1a: Blastoise|spa|2\n|-boost|p1a: Blastoise|spe|2\n|\n|-weather|SunnyDay|[upkeep]\n|upkeep\n|turn|9\n|\n|t:|1776367588\n|move|p1a: Blastoise|Water Spout|p2a: Charizard\n|-supereffective|p2a: Charizard|1\n|-damage|p2a: Charizard|18/100\n|move|p1b: Starmie|Liquidation|p2a: Charizard\n|-supereffective|p2a: Charizard|1\n|-damage|p2a: Charizard|0 fnt\n|faint|p2a: Charizard\n|\n|win|Zhi2\n|raw|Zhi2's rating: 1148 &rarr; <strong>1180</strong><br />(+32 for winning)\n|raw|GundarHardStriker's rating: 1241 &rarr; <strong>1209</strong><br />(-32 for losing)\n|l|\u2606GundarHardStriker\n|player|p2|\n",
  "uploadtime": 1776367603,
  "views": 18,
  "formatid": "gen9championsvgc2026regma",
  "rating": 1180,
  "private": 0,
  "password": null
}