{
  "id": "gen9championsvgc2026regma-2583933382",
  "format": "[Gen 9 Champions] VGC 2026 Reg M-A",
  "players": [
    "SleepySilver07",
    "xindef"
  ],
  "log": "|j|\u2606SleepySilver07\n|j|\u2606xindef\n|t:|1776209552\n|gametype|doubles\n|player|p1|SleepySilver07|1|1386\n|player|p2|xindef|cheren-gen5bw2|1329\n|gen|9\n|tier|[Gen 9 Champions] VGC 2026 Reg M-A\n|rated|\n|rule|Species Clause: Limit one of each Pok\u00e9mon\n|rule|Item Clause: Limit 1 of each item\n|clearpoke\n|poke|p1|Tyranitar, L50, F|\n|poke|p1|Garchomp, L50, M|\n|poke|p1|Aerodactyl, L50, F|\n|poke|p1|Corviknight, L50, M|\n|poke|p1|Rotom-Wash, L50|\n|poke|p1|Meganium, L50, F|\n|poke|p2|Rotom-Wash, L50|\n|poke|p2|Aerodactyl, L50, F|\n|poke|p2|Sinistcha, L50|\n|poke|p2|Floette-Eternal, L50, F|\n|poke|p2|Kingambit, L50, F|\n|poke|p2|Arcanine-Hisui, L50, F|\n|teampreview|4\n|\n|t:|1776209627\n|teamsize|p1|4\n|teamsize|p2|4\n|start\n|switch|p1a: Aerodactyl|Aerodactyl, L50, F|100/100\n|switch|p1b: Rotom|Rotom-Wash, L50|100/100\n|switch|p2a: Floette|Floette-Eternal, L50, F|100/100\n|switch|p2b: Aerodactyl|Aerodactyl, L50, F|100/100\n|-ability|p2b: Aerodactyl|Unnerve\n|-ability|p1a: Aerodactyl|Unnerve\n|turn|1\n|\n|t:|1776209665\n|detailschange|p2a: Floette|Floette-Mega, L50, F\n|-mega|p2a: Floette|Floette|Floettite\n|-ability|p2a: Floette|Fairy Aura\n|move|p2b: Aerodactyl|Tailwind|p2b: Aerodactyl\n|-sidestart|p2: xindef|move: Tailwind\n|move|p2a: Floette|Moonblast|p1b: Rotom\n|-damage|p1b: Rotom|20/100\n|move|p1a: Aerodactyl|Tailwind|p1a: Aerodactyl\n|-sidestart|p1: SleepySilver07|move: Tailwind\n|move|p1b: Rotom|Volt Switch|p2b: Aerodactyl\n|-supereffective|p2b: Aerodactyl|1\n|-damage|p2b: Aerodactyl|22/100\n|\n|t:|1776209677\n|switch|p1b: Corviknight|Corviknight, L50, M|100/100|[from] Volt Switch\n|\n|upkeep\n|turn|2\n|\n|t:|1776209690\n|switch|p2b: Arcanine|Arcanine-Hisui, L50, F|100/100\n|-ability|p2b: Arcanine|Intimidate|boost\n|-unboost|p1a: Aerodactyl|atk|1\n|-ability|p1b: Corviknight|Mirror Armor\n|-unboost|p2b: Arcanine|atk|1\n|move|p2a: Floette|Protect|p2a: Floette\n|-singleturn|p2a: Floette|Protect\n|move|p1a: Aerodactyl|Rock Slide|p2b: Arcanine|[spread] \n|-activate|p2a: Floette|move: Protect\n|-miss|p1a: Aerodactyl|p2b: Arcanine\n|move|p1b: Corviknight|Iron Head|p2a: Floette\n|-activate|p2a: Floette|move: Protect\n|\n|upkeep\n|turn|3\n|\n|t:|1776209743\n|switch|p2a: Sinistcha|Sinistcha, L50|100/100\n|move|p1a: Aerodactyl|Rock Slide|p2b: Arcanine|[spread] p2a\n|-miss|p1a: Aerodactyl|p2b: Arcanine\n|-damage|p2a: Sinistcha|89/100\n|move|p2b: Arcanine|Flare Blitz|p1b: Corviknight\n|-supereffective|p1b: Corviknight|1\n|-damage|p1b: Corviknight|32/100\n|-damage|p2b: Arcanine|76/100|[from] Recoil\n|move|p1b: Corviknight|Iron Head|p2a: Sinistcha\n|-crit|p2a: Sinistcha\n|-damage|p2a: Sinistcha|62/100\n|\n|-heal|p2a: Sinistcha|68/100|[from] item: Leftovers\n|-heal|p1b: Corviknight|38/100|[from] item: Leftovers\n|upkeep\n|turn|4\n|\n|t:|1776209767\n|switch|p1b: Meganium|Meganium, L50, F|100/100\n|move|p1a: Aerodactyl|Dual Wingbeat|p2a: Sinistcha|[miss]\n|-miss|p1a: Aerodactyl|p2a: Sinistcha\n|move|p2b: Arcanine|Rock Slide|p1a: Aerodactyl|[spread] p1a,p1b\n|-supereffective|p1a: Aerodactyl|1\n|-damage|p1a: Aerodactyl|39/100\n|-damage|p1b: Meganium|82/100\n|move|p2a: Sinistcha|Life Dew|p2a: Sinistcha|[spread] p2a,p2b\n|-heal|p2a: Sinistcha|93/100\n|-heal|p2b: Arcanine|100/100\n|\n|-heal|p2a: Sinistcha|99/100|[from] item: Leftovers\n|-sideend|p2: xindef|move: Tailwind\n|-sideend|p1: SleepySilver07|move: Tailwind\n|upkeep\n|turn|5\n|\n|t:|1776209793\n|detailschange|p1b: Meganium|Meganium-Mega, L50, F\n|-mega|p1b: Meganium|Meganium|Meganiumite\n|move|p2a: Sinistcha|Rage Powder|p2a: Sinistcha\n|-singleturn|p2a: Sinistcha|move: Rage Powder\n|move|p1a: Aerodactyl|Tailwind|p1a: Aerodactyl\n|-sidestart|p1: SleepySilver07|move: Tailwind\n|move|p1b: Meganium|Solar Beam||[still]\n|-prepare|p1b: Meganium|Solar Beam\n|-activate|p1b: Meganium|ability: Mega Sol\n|-anim|p1b: Meganium|Solar Beam|p2b: Arcanine\n|-damage|p2b: Arcanine|26/100\n|move|p2b: Arcanine|Rock Slide|p1b: Meganium|[spread] p1b\n|-miss|p2b: Arcanine|p1a: Aerodactyl\n|-damage|p1b: Meganium|66/100\n|\n|-heal|p2a: Sinistcha|100/100|[from] item: Leftovers\n|upkeep\n|turn|6\n|\n|t:|1776209815\n|move|p2b: Arcanine|Protect|p2b: Arcanine\n|-singleturn|p2b: Arcanine|Protect\n|move|p1a: Aerodactyl|Rock Slide|p2b: Arcanine|[spread] p2a\n|-activate|p2b: Arcanine|move: Protect\n|-damage|p2a: Sinistcha|89/100\n|move|p1b: Meganium|Weather Ball|p2a: Sinistcha\n|-supereffective|p2a: Sinistcha|1\n|-damage|p2a: Sinistcha|0 fnt\n|faint|p2a: Sinistcha\n|\n|upkeep\n|\n|t:|1776209833\n|switch|p2a: Floette|Floette-Mega, L50, F|100/100\n|-ability|p2a: Floette|Fairy Aura\n|turn|7\n|\n|t:|1776209844\n|move|p2a: Floette|Protect|p2a: Floette\n|-singleturn|p2a: Floette|Protect\n|move|p1a: Aerodactyl|Rock Slide|p2a: Floette|[spread] p2b\n|-activate|p2a: Floette|move: Protect\n|-supereffective|p2b: Arcanine|1\n|-damage|p2b: Arcanine|0 fnt\n|faint|p2b: Arcanine\n|move|p1b: Meganium|Dazzling Gleam|p2a: Floette\n|-activate|p2a: Floette|move: Protect\n|\n|upkeep\n|\n|t:|1776209853\n|switch|p2b: Aerodactyl|Aerodactyl, L50, F|22/100\n|-ability|p2b: Aerodactyl|Unnerve\n|turn|8\n|\n|t:|1776209865\n|move|p1a: Aerodactyl|Rock Slide|p2b: Aerodactyl|[spread] p2a,p2b\n|-supereffective|p2b: Aerodactyl|1\n|-damage|p2a: Floette|80/100\n|-damage|p2b: Aerodactyl|0 fnt\n|faint|p2b: Aerodactyl\n|move|p1b: Meganium|Dazzling Gleam|p2a: Floette\n|-damage|p2a: Floette|32/100\n|move|p2a: Floette|Dazzling Gleam|p1b: Meganium|[spread] p1a,p1b\n|-damage|p1a: Aerodactyl|0 fnt\n|-damage|p1b: Meganium|26/100\n|faint|p1a: Aerodactyl\n|\n|-sideend|p1: SleepySilver07|move: Tailwind\n|upkeep\n|\n|t:|1776209874\n|switch|p1a: Corviknight|Corviknight, L50, M|38/100\n|turn|9\n|\n|t:|1776209882\n|move|p2a: Floette|Dazzling Gleam|p1b: Meganium|[spread] p1a,p1b\n|-resisted|p1a: Corviknight|1\n|-damage|p1a: Corviknight|19/100\n|-damage|p1b: Meganium|0 fnt\n|faint|p1b: Meganium\n|move|p1a: Corviknight|Iron Head|p2a: Floette\n|-supereffective|p2a: Floette|1\n|-damage|p2a: Floette|0 fnt\n|faint|p2a: Floette\n|\n|win|SleepySilver07\n|raw|SleepySilver07's rating: 1386 &rarr; <strong>1403</strong><br />(+17 for winning)\n|raw|xindef's rating: 1329 &rarr; <strong>1312</strong><br />(-17 for losing)\n|c|\u2606xindef|gg\n|l|\u2606xindef\n|player|p2|\n|c|\u2606SleepySilver07|gg\n",
  "uploadtime": 1776209892,
  "views": 34,
  "formatid": "gen9championsvgc2026regma",
  "rating": 1312,
  "private": 0,
  "password": null
}