{
  "id": "gen9championsvgc2026regma-2582756365",
  "format": "[Gen 9 Champions] VGC 2026 Reg M-A",
  "players": [
    "pokeeles",
    "Cemaik289"
  ],
  "log": "|j|\u2606pokeeles\n|j|\u2606Cemaik289\n|t:|1776111918\n|gametype|doubles\n|player|p1|pokeeles|rosa|1122\n|player|p2|Cemaik289|266|1040\n|gen|9\n|tier|[Gen 9 Champions] VGC 2026 Reg M-A\n|rated|\n|rule|Species Clause: Limit one of each Pok\u00e9mon\n|rule|Item Clause: Limit 1 of each item\n|clearpoke\n|poke|p1|Hawlucha, L50, F|\n|poke|p1|Sinistcha, L50|\n|poke|p1|Vanilluxe, L50, F|\n|poke|p1|Farigiraf, L50, M|\n|poke|p1|Kingambit, L50, M|\n|poke|p1|Incineroar, L50, M|\n|poke|p2|Incineroar, L50, M|\n|poke|p2|Gengar, L50, M|\n|poke|p2|Floette-Eternal, L50, F|\n|poke|p2|Politoed, L50, F|\n|poke|p2|Whimsicott, L50, M|\n|poke|p2|Kommo-o, L50, F|\n|teampreview|4\n|inactive|Battle timer is ON: inactive players will automatically lose when time's up. (requested by pokeeles)\n|\n|t:|1776111964\n|teamsize|p1|4\n|teamsize|p2|4\n|start\n|switch|p1a: Sinistcha|Sinistcha, L50|100/100\n|switch|p1b: Vanilluxe|Vanilluxe, L50, F|100/100\n|switch|p2a: Whimsicott|Whimsicott, L50, M|100/100\n|switch|p2b: Gengar|Gengar, L50, M|100/100\n|turn|1\n|inactive|Cemaik289 has 30 seconds left.\n|\n|t:|1776111998\n|move|p2a: Whimsicott|Protect|p2a: Whimsicott\n|-singleturn|p2a: Whimsicott|Protect\n|move|p2b: Gengar|Protect|p2b: Gengar\n|-singleturn|p2b: Gengar|Protect\n|move|p1b: Vanilluxe|Acid Armor|p1b: Vanilluxe\n|-boost|p1b: Vanilluxe|def|2\n|move|p1a: Sinistcha|Trick Room|p1a: Sinistcha\n|-fieldstart|move: Trick Room|[of] p1a: Sinistcha\n|\n|upkeep\n|turn|2\n|inactive|Cemaik289 has 30 seconds left.\n|\n|t:|1776112026\n|switch|p1a: Hawlucha|Hawlucha, L50, F|100/100\n|detailschange|p2b: Gengar|Gengar-Mega, L50, M\n|-mega|p2b: Gengar|Gengar|Gengarite\n|move|p1b: Vanilluxe|Protect|p1b: Vanilluxe\n|-singleturn|p1b: Vanilluxe|Protect\n|move|p2a: Whimsicott|Fake Tears|p1b: Vanilluxe\n|-activate|p1b: Vanilluxe|move: Protect\n|move|p2b: Gengar|Perish Song|p2b: Gengar\n|-start|p1a: Hawlucha|perish3|[silent]\n|-start|p1b: Vanilluxe|perish3|[silent]\n|-start|p2a: Whimsicott|perish3|[silent]\n|-start|p2b: Gengar|perish3|[silent]\n|-fieldactivate|move: Perish Song\n|\n|-start|p1b: Vanilluxe|perish3\n|-start|p2a: Whimsicott|perish3\n|-start|p2b: Gengar|perish3\n|-start|p1a: Hawlucha|perish3\n|upkeep\n|turn|3\n|inactive|pokeeles has 30 seconds left.\n|inactive|Cemaik289 has 30 seconds left.\n|\n|t:|1776112059\n|move|p2b: Gengar|Protect|p2b: Gengar\n|-singleturn|p2b: Gengar|Protect\n|move|p2a: Whimsicott|Fake Tears|p1a: Hawlucha\n|-unboost|p1a: Hawlucha|spd|2\n|move|p1b: Vanilluxe|Sheer Cold|p2b: Gengar\n|-activate|p2b: Gengar|move: Protect\n|move|p1a: Hawlucha|Entrainment|p1b: Vanilluxe\n|-ability|p1b: Vanilluxe|Limber|Ice Body|[from] move: Entrainment|[of] p1a: Hawlucha\n|\n|-start|p1b: Vanilluxe|perish2\n|-start|p2a: Whimsicott|perish2\n|-start|p2b: Gengar|perish2\n|-start|p1a: Hawlucha|perish2\n|upkeep\n|turn|4\n|inactive|pokeeles has 30 seconds left.\n|inactive|Cemaik289 has 30 seconds left.\n|inactive|Cemaik289 has 20 seconds left.\n|inactive|Cemaik289 has 15 seconds left.\n|\n|t:|1776112100\n|switch|p2a: Politoed|Politoed, L50, F|100/100\n|-weather|RainDance|[from] ability: Drizzle|[of] p2a: Politoed\n|detailschange|p1a: Hawlucha|Hawlucha-Mega, L50, F\n|-mega|p1a: Hawlucha|Hawlucha|Hawluchanite\n|move|p1b: Vanilluxe|Sheer Cold|p2b: Gengar|[miss]\n|-miss|p1b: Vanilluxe|p2b: Gengar\n|move|p2b: Gengar|Shadow Ball|p1b: Vanilluxe\n|-damage|p1b: Vanilluxe|70/100\n|move|p1a: Hawlucha|Entrainment|p1b: Vanilluxe\n|-ability|p1b: Vanilluxe|No Guard|Limber|[from] move: Entrainment|[of] p1a: Hawlucha\n|\n|-weather|RainDance|[upkeep]\n|-start|p1b: Vanilluxe|perish1\n|-start|p2b: Gengar|perish1\n|-start|p1a: Hawlucha|perish1\n|upkeep\n|turn|5\n|inactive|pokeeles has 30 seconds left.\n|\n|t:|1776112131\n|move|p2a: Politoed|Protect|p2a: Politoed\n|-singleturn|p2a: Politoed|Protect\n|move|p2b: Gengar|Protect|p2b: Gengar\n|-singleturn|p2b: Gengar|Protect\n|move|p1b: Vanilluxe|Sheer Cold|p2b: Gengar\n|-activate|p2b: Gengar|move: Protect\n|move|p1a: Hawlucha|Encore|p2b: Gengar\n|-activate|p2b: Gengar|move: Protect\n|\n|-weather|RainDance|[upkeep]\n|-start|p1b: Vanilluxe|perish0\n|-start|p2b: Gengar|perish0\n|-start|p1a: Hawlucha|perish0\n|-fieldend|move: Trick Room\n|faint|p1b: Vanilluxe\n|faint|p2b: Gengar\n|faint|p1a: Hawlucha\n|upkeep\n|\n|t:|1776112145\n|switch|p1a: Kingambit|Kingambit, L50, M|100/100\n|switch|p2b: Kommo-o|Kommo-o, L50, F|100/100\n|switch|p1b: Sinistcha|Sinistcha, L50|100/100\n|turn|6\n|-message|pokeeles forfeited.\n|\n|win|Cemaik289\n|raw|pokeeles's rating: 1122 &rarr; <strong>1091</strong><br />(-31 for losing)\n|raw|Cemaik289's rating: 1040 &rarr; <strong>1082</strong><br />(+42 for winning)\n|l|\u2606pokeeles\n|player|p1|\n",
  "uploadtime": 1776112375,
  "views": 17,
  "formatid": "gen9championsvgc2026regma",
  "rating": 1082,
  "private": 0,
  "password": null
}