{
  "id": "gen9championsvgc2026regma-2587885458",
  "format": "[Gen 9 Champions] VGC 2026 Reg M-A",
  "players": [
    "roofslayer",
    "asubircomolaespuma"
  ],
  "log": "|j|\u2606roofslayer\n|j|\u203dasubircomolaespuma\n|t:|1776574587\n|gametype|doubles\n|player|p1|roofslayer|170|1408\n|player|p2|asubircomolaespuma|102|1533\n|gen|9\n|tier|[Gen 9 Champions] VGC 2026 Reg M-A\n|rated|\n|rule|Species Clause: Limit one of each Pok\u00e9mon\n|rule|Item Clause: Limit 1 of each item\n|clearpoke\n|poke|p1|Pelipper, L50, M|\n|poke|p1|Meganium, L50, F|\n|poke|p1|Archaludon, L50, M|\n|poke|p1|Farigiraf, L50, F|\n|poke|p1|Golurk, L50|\n|poke|p1|Drampa, L50, M|\n|poke|p2|Charizard, L50, F|\n|poke|p2|Basculegion, L50, M|\n|poke|p2|Garchomp, L50, M|\n|poke|p2|Whimsicott, L50, M|\n|poke|p2|Kingambit, L50, F|\n|poke|p2|Sneasler, L50, M|\n|teampreview|4\n|inactive|Battle timer is ON: inactive players will automatically lose when time's up. (requested by roofslayer)\n|inactive|roofslayer has 30 seconds left.\n|inactive|asubircomolaespuma has 60 seconds left.\n|\n|t:|1776574659\n|teamsize|p1|4\n|teamsize|p2|4\n|start\n|switch|p1a: Farigiraf|Farigiraf, L50, F|100/100\n|switch|p1b: Drampa|Drampa, L50, M|100/100\n|switch|p2a: Basculegion|Basculegion, L50, M|100/100\n|switch|p2b: Kingambit|Kingambit, L50, F|100/100\n|-ability|p1b: Drampa|Cloud Nine\n|turn|1\n|\n|t:|1776574677\n|move|p2a: Basculegion|Wave Crash|p1a: Farigiraf\n|-damage|p1a: Farigiraf|46/100\n|-damage|p2a: Basculegion|79/100|[from] Recoil\n|move|p2b: Kingambit|Kowtow Cleave|p1a: Farigiraf\n|-supereffective|p1a: Farigiraf|1\n|-enditem|p1a: Farigiraf|Colbur Berry|[eat]\n|-enditem|p1a: Farigiraf|Colbur Berry|[weaken]\n|-damage|p1a: Farigiraf|14/100\n|move|p1b: Drampa|Heat Wave|p2b: Kingambit|[spread] p2a,p2b\n|-resisted|p2a: Basculegion|1\n|-supereffective|p2b: Kingambit|1\n|-damage|p2a: Basculegion|68/100\n|-damage|p2b: Kingambit|58/100\n|-status|p2b: Kingambit|brn\n|move|p1a: Farigiraf|Trick Room|p1a: Farigiraf\n|-fieldstart|move: Trick Room|[of] p1a: Farigiraf\n|\n|-damage|p2b: Kingambit|52/100 brn|[from] brn\n|upkeep\n|turn|2\n|inactive|roofslayer has 30 seconds left.\n|\n|t:|1776574709\n|switch|p1a: Archaludon|Archaludon, L50, M|100/100\n|switch|p2a: Charizard|Charizard, L50, F|100/100\n|move|p1b: Drampa|Heat Wave|p2b: Kingambit|[spread] p2a,p2b\n|-resisted|p2a: Charizard|1\n|-supereffective|p2b: Kingambit|1\n|-damage|p2a: Charizard|89/100\n|-damage|p2b: Kingambit|8/100 brn\n|move|p2b: Kingambit|Kowtow Cleave|p1a: Archaludon\n|-damage|p1a: Archaludon|78/100\n|-ability|p1a: Archaludon|Stamina|boost\n|-boost|p1a: Archaludon|def|1\n|\n|-damage|p2b: Kingambit|2/100 brn|[from] brn\n|upkeep\n|turn|3\n|inactive|roofslayer has 30 seconds left.\n|\n|t:|1776574737\n|move|p2a: Charizard|Protect|p2a: Charizard\n|-singleturn|p2a: Charizard|Protect\n|move|p1b: Drampa|Hyper Voice|p2a: Charizard|[spread] p2b\n|-activate|p2a: Charizard|move: Protect\n|-resisted|p2b: Kingambit|1\n|-damage|p2b: Kingambit|0 fnt\n|faint|p2b: Kingambit\n|move|p1a: Archaludon|Draco Meteor|p2a: Charizard\n|-activate|p2a: Charizard|move: Protect\n|\n|upkeep\n|\n|t:|1776574747\n|switch|p2b: Sneasler|Sneasler, L50, M|100/100\n|turn|4\n|\n|t:|1776574768\n|move|p1b: Drampa|Hyper Voice|p2b: Sneasler|[spread] p2a,p2b\n|-damage|p2a: Charizard|58/100\n|-damage|p2b: Sneasler|60/100\n|move|p1a: Archaludon|Draco Meteor|p2b: Sneasler\n|-damage|p2b: Sneasler|0 fnt\n|-unboost|p1a: Archaludon|spa|2\n|faint|p2b: Sneasler\n|-enditem|p1a: Archaludon|White Herb\n|-clearnegativeboost|p1a: Archaludon|[silent]\n|move|p2a: Charizard|Weather Ball|p1b: Drampa\n|-damage|p1b: Drampa|86/100\n|\n|upkeep\n|\n|t:|1776574770\n|switch|p2b: Basculegion|Basculegion, L50, M|68/100\n|turn|5\n|inactive|roofslayer has 30 seconds left.\n|\n|t:|1776574800\n|detailschange|p2a: Charizard|Charizard-Mega-Y, L50, F\n|-mega|p2a: Charizard|Charizard|Charizardite Y\n|-weather|SunnyDay|[from] ability: Drought|[of] p2a: Charizard\n|move|p1b: Drampa|Hyper Voice|p2b: Basculegion|[spread] p2a\n|-immune|p2b: Basculegion\n|-damage|p2a: Charizard|32/100\n|move|p1a: Archaludon|Draco Meteor|p2b: Basculegion\n|-damage|p2b: Basculegion|0 fnt\n|-unboost|p1a: Archaludon|spa|2\n|faint|p2b: Basculegion\n|move|p2a: Charizard|Heat Wave|p1a: Archaludon|[spread] p1a,p1b\n|-resisted|p1b: Drampa|1\n|-damage|p1a: Archaludon|29/100\n|-damage|p1b: Drampa|66/100\n|-ability|p1a: Archaludon|Stamina|boost\n|-boost|p1a: Archaludon|def|1\n|\n|-weather|SunnyDay|[upkeep]\n|-fieldend|move: Trick Room\n|upkeep\n|turn|6\n|\n|t:|1776574817\n|move|p1b: Drampa|Protect|p1b: Drampa\n|-singleturn|p1b: Drampa|Protect\n|move|p2a: Charizard|Heat Wave|p1a: Archaludon|[spread] p1a\n|-activate|p1b: Drampa|move: Protect\n|-damage|p1a: Archaludon|0 fnt\n|faint|p1a: Archaludon\n|\n|-weather|SunnyDay|[upkeep]\n|upkeep\n|\n|t:|1776574823\n|switch|p1a: Golurk|Golurk, L50|100/100\n|turn|7\n|\n|t:|1776574833\n|detailschange|p1a: Golurk|Golurk-Mega, L50\n|-mega|p1a: Golurk|Golurk|Golurkite\n|move|p2a: Charizard|Heat Wave|p1a: Golurk|[spread] p1a,p1b\n|-resisted|p1b: Drampa|1\n|-damage|p1a: Golurk|66/100\n|-damage|p1b: Drampa|45/100\n|move|p1a: Golurk|Hammer Arm|p2a: Charizard\n|-resisted|p2a: Charizard|1\n|-damage|p2a: Charizard|9/100\n|-unboost|p1a: Golurk|spe|1\n|move|p1b: Drampa|Hyper Voice|p2a: Charizard\n|-damage|p2a: Charizard|0 fnt\n|faint|p2a: Charizard\n|\n|win|roofslayer\n|raw|roofslayer's rating: 1408 &rarr; <strong>1435</strong><br />(+27 for winning)\n|raw|asubircomolaespuma's rating: 1533 &rarr; <strong>1506</strong><br />(-27 for losing)\n|l|\u2606roofslayer\n|player|p1|\n",
  "uploadtime": 1776574874,
  "views": 20,
  "formatid": "gen9championsvgc2026regma",
  "rating": 1435,
  "private": 0,
  "password": null
}