{
  "id": "gen9championsvgc2026regma-2581488288",
  "format": "[Gen 9 Champions] VGC 2026 Reg M-A",
  "players": [
    "sheikhswampert",
    "kizasoza"
  ],
  "log": "|j|\u2606sheikhswampert\n|j|\u2606kizasoza\n|t:|1776005096\n|gametype|doubles\n|player|p1|sheikhswampert|volkner|1029\n|player|p2|kizasoza|chuck|1000\n|gen|9\n|tier|[Gen 9 Champions] VGC 2026 Reg M-A\n|rated|\n|rule|Species Clause: Limit one of each Pok\u00e9mon\n|rule|Item Clause: Limit 1 of each item\n|clearpoke\n|poke|p1|Sneasler, L50, F|\n|poke|p1|Froslass, L50, F|\n|poke|p1|Kingambit, L50, F|\n|poke|p1|Dragonite, L50, M|\n|poke|p1|Hydreigon, L50, F|\n|poke|p1|Slowking-Galar, L50, M|\n|poke|p2|Meganium, L50, M|\n|poke|p2|Basculegion, L50, M|\n|poke|p2|Politoed, L50, M|\n|poke|p2|Archaludon, L50, F|\n|poke|p2|Maushold, L50|\n|poke|p2|Talonflame, L50, F|\n|teampreview|4\n|\n|t:|1776005117\n|teamsize|p1|4\n|teamsize|p2|4\n|start\n|switch|p1a: Sneasler|Sneasler, L50, F|100/100\n|switch|p1b: Froslass|Froslass, L50, F|100/100\n|switch|p2a: Politoed|Politoed, L50, M, shiny|100/100\n|switch|p2b: Archaludon|Archaludon, L50, F|100/100\n|-weather|RainDance|[from] ability: Drizzle|[of] p2a: Politoed\n|turn|1\n|\n|t:|1776005145\n|detailschange|p1b: Froslass|Froslass-Mega, L50, F\n|-mega|p1b: Froslass|Froslass|Froslassite\n|-weather|Snowscape|[from] ability: Snow Warning|[of] p1b: Froslass\n|move|p1a: Sneasler|Fake Out|p2b: Archaludon\n|-resisted|p2b: Archaludon|1\n|-damage|p2b: Archaludon|95/100\n|move|p1b: Froslass|Aurora Veil|p1b: Froslass\n|-sidestart|p1: sheikhswampert|move: Aurora Veil\n|cant|p2b: Archaludon|flinch\n|move|p2a: Politoed|Icy Wind|p1b: Froslass|[spread] p1a,p1b\n|-resisted|p1b: Froslass|1\n|-damage|p1a: Sneasler|91/100\n|-damage|p1b: Froslass|96/100\n|-unboost|p1a: Sneasler|spe|1\n|-unboost|p1b: Froslass|spe|1\n|\n|-weather|Snowscape|[upkeep]\n|upkeep\n|turn|2\n|\n|t:|1776005172\n|move|p2b: Archaludon|Flash Cannon|p1b: Froslass\n|-supereffective|p1b: Froslass|1\n|-damage|p1b: Froslass|30/100\n|move|p1a: Sneasler|Close Combat|p2b: Archaludon\n|-supereffective|p2b: Archaludon|1\n|-damage|p2b: Archaludon|0 fnt\n|-unboost|p1a: Sneasler|def|1\n|-unboost|p1a: Sneasler|spd|1\n|faint|p2b: Archaludon\n|move|p1b: Froslass|Blizzard|p2a: Politoed\n|-resisted|p2a: Politoed|1\n|-damage|p2a: Politoed|76/100\n|-status|p2a: Politoed|frz\n|cant|p2a: Politoed|frz\n|\n|-weather|Snowscape|[upkeep]\n|upkeep\n|\n|t:|1776005187\n|switch|p2b: Basculegion|Basculegion, L50, M, shiny|100/100\n|turn|3\n|\n|t:|1776005200\n|move|p1b: Froslass|Protect|p1b: Froslass\n|-singleturn|p1b: Froslass|Protect\n|move|p2b: Basculegion|Last Respects|p1b: Froslass\n|-activate|p1b: Froslass|move: Protect\n|move|p1a: Sneasler|Dire Claw|p2b: Basculegion\n|-resisted|p2b: Basculegion|1\n|-damage|p2b: Basculegion|73/100\n|cant|p2a: Politoed|frz\n|\n|-weather|Snowscape|[upkeep]\n|upkeep\n|turn|4\n|\n|t:|1776005217\n|move|p2b: Basculegion|Last Respects|p1b: Froslass\n|-supereffective|p1b: Froslass|1\n|-damage|p1b: Froslass|0 fnt\n|faint|p1b: Froslass\n|move|p1a: Sneasler|Dire Claw|p2b: Basculegion\n|-resisted|p2b: Basculegion|1\n|-crit|p2b: Basculegion\n|-damage|p2b: Basculegion|35/100\n|-curestatus|p2a: Politoed|frz|[msg]\n|move|p2a: Politoed|Icy Wind|p1a: Sneasler\n|-damage|p1a: Sneasler|73/100\n|-unboost|p1a: Sneasler|spe|1\n|\n|-weather|Snowscape|[upkeep]\n|upkeep\n|\n|t:|1776005230\n|switch|p1b: Kingambit|Kingambit, L50, F|100/100\n|turn|5\n|\n|t:|1776005238\n|move|p1b: Kingambit|Sucker Punch|p2b: Basculegion\n|-supereffective|p2b: Basculegion|1\n|-damage|p2b: Basculegion|0 fnt\n|faint|p2b: Basculegion\n|move|p1a: Sneasler|Dire Claw|p2a: Politoed\n|-damage|p2a: Politoed|36/100\n|-enditem|p2a: Politoed|Sitrus Berry|[eat]\n|-heal|p2a: Politoed|60/100|[from] item: Sitrus Berry\n|move|p2a: Politoed|Icy Wind|p1a: Sneasler|[spread] p1b\n|-miss|p2a: Politoed|p1a: Sneasler\n|-resisted|p1b: Kingambit|1\n|-crit|p1b: Kingambit\n|-damage|p1b: Kingambit|94/100\n|-unboost|p1b: Kingambit|spe|1\n|-ability|p1b: Kingambit|Defiant|boost\n|-boost|p1b: Kingambit|atk|2\n|\n|-weather|none\n|-sideend|p1: sheikhswampert|move: Aurora Veil\n|upkeep\n|\n|t:|1776005252\n|switch|p2b: Meganium|Meganium, L50, M, shiny|100/100\n|turn|6\n|\n|t:|1776005263\n|move|p2a: Politoed|Helping Hand|p2b: Meganium\n|-singleturn|p2b: Meganium|Helping Hand|[of] p2a: Politoed\n|move|p2b: Meganium|Earth Power|p1b: Kingambit\n|-supereffective|p1b: Kingambit|1\n|-damage|p1b: Kingambit|15/100\n|move|p1a: Sneasler|Dire Claw|p2b: Meganium\n|-supereffective|p2b: Meganium|1\n|-damage|p2b: Meganium|19/100\n|move|p1b: Kingambit|Kowtow Cleave|p2a: Politoed\n|-damage|p2a: Politoed|0 fnt\n|faint|p2a: Politoed\n|\n|upkeep\n|turn|7\n|\n|t:|1776005278\n|detailschange|p2b: Meganium|Meganium-Mega, L50, M, shiny\n|-mega|p2b: Meganium|Meganium|Meganiumite\n|move|p1b: Kingambit|Sucker Punch|p2b: Meganium\n|-resisted|p2b: Meganium|1\n|-damage|p2b: Meganium|0 fnt\n|faint|p2b: Meganium\n|\n|win|sheikhswampert\n|raw|sheikhswampert's rating: 1029 &rarr; <strong>1062</strong><br />(+33 for winning)\n|raw|kizasoza's rating: 1000 &rarr; <strong>1000</strong><br />(+0 for losing)\n|l|\u2606kizasoza\n|player|p2|\n",
  "uploadtime": 1776005285,
  "views": 14,
  "formatid": "gen9championsvgc2026regma",
  "rating": 1000,
  "private": 0,
  "password": null
}