{
  "id": "gen9championsvgc2026regma-2585756400",
  "format": "[Gen 9 Champions] VGC 2026 Reg M-A",
  "players": [
    "NEONxTOKYO",
    "LILSCOTTY11"
  ],
  "log": "|j|\u2606NEONxTOKYO\n|j|\u2606LILSCOTTY11\n|t:|1776368425\n|gametype|doubles\n|player|p1|NEONxTOKYO|265|1132\n|player|p2|LILSCOTTY11|170|1169\n|gen|9\n|tier|[Gen 9 Champions] VGC 2026 Reg M-A\n|rated|\n|rule|Species Clause: Limit one of each Pok\u00e9mon\n|rule|Item Clause: Limit 1 of each item\n|clearpoke\n|poke|p1|Garchomp, L50, F|\n|poke|p1|Tyranitar, L50, F|\n|poke|p1|Excadrill, L50, M|\n|poke|p1|Corviknight, L50, F|\n|poke|p1|Rotom-Wash, L50|\n|poke|p1|Archaludon, L50, F|\n|poke|p2|Dragonite, L50, F|\n|poke|p2|Basculegion, L50, M|\n|poke|p2|Kingambit, L50, F|\n|poke|p2|Sneasler, L50, M|\n|poke|p2|Delphox, L50, M|\n|poke|p2|Clefable, L50, M|\n|teampreview|4\n|inactive|Battle timer is ON: inactive players will automatically lose when time's up. (requested by LILSCOTTY11)\n|c|\u2606LILSCOTTY11|GL\n|\n|t:|1776368459\n|teamsize|p1|4\n|teamsize|p2|4\n|start\n|switch|p1a: Tyranitar|Tyranitar, L50, F|100/100\n|switch|p1b: Rotom|Rotom-Wash, L50|100/100\n|switch|p2a: Sneasler|Sneasler, L50, M|100/100\n|switch|p2b: Kingambit|Kingambit, L50, F|100/100\n|-weather|Sandstorm|[from] ability: Sand Stream|[of] p1a: Tyranitar\n|turn|1\n|\n|t:|1776368483\n|move|p1a: Tyranitar|Protect|p1a: Tyranitar\n|-singleturn|p1a: Tyranitar|Protect\n|move|p2a: Sneasler|Close Combat|p1a: Tyranitar\n|-activate|p1a: Tyranitar|move: Protect\n|move|p1b: Rotom|Will-O-Wisp|p2a: Sneasler\n|-status|p2a: Sneasler|brn\n|move|p2b: Kingambit|Swords Dance|p2b: Kingambit\n|-boost|p2b: Kingambit|atk|2\n|\n|-weather|Sandstorm|[upkeep]\n|-damage|p2a: Sneasler|95/100 brn|[from] Sandstorm\n|-damage|p1b: Rotom|95/100|[from] Sandstorm\n|-damage|p2a: Sneasler|89/100 brn|[from] brn\n|upkeep\n|turn|2\n|\n|t:|1776368507\n|detailschange|p1a: Tyranitar|Tyranitar-Mega, L50, F\n|-mega|p1a: Tyranitar|Tyranitar|Tyranitarite\n|move|p2b: Kingambit|Sucker Punch|p1a: Tyranitar\n|-resisted|p1a: Tyranitar|1\n|-crit|p1a: Tyranitar\n|-damage|p1a: Tyranitar|54/100\n|move|p2a: Sneasler|Close Combat|p1a: Tyranitar\n|-supereffective|p1a: Tyranitar|2\n|-damage|p1a: Tyranitar|0 fnt\n|-unboost|p2a: Sneasler|def|1\n|-unboost|p2a: Sneasler|spd|1\n|faint|p1a: Tyranitar\n|move|p1b: Rotom|Will-O-Wisp|p2b: Kingambit|[miss]\n|-miss|p1b: Rotom|p2b: Kingambit\n|\n|-weather|Sandstorm|[upkeep]\n|-damage|p2a: Sneasler|83/100 brn|[from] Sandstorm\n|-damage|p1b: Rotom|89/100|[from] Sandstorm\n|-damage|p2a: Sneasler|77/100 brn|[from] brn\n|upkeep\n|\n|t:|1776368522\n|switch|p1a: Excadrill|Excadrill, L50, M|100/100\n|turn|3\n|\n|t:|1776368531\n|move|p2b: Kingambit|Sucker Punch|p1a: Excadrill\n|-enditem|p1a: Excadrill|Focus Sash\n|-damage|p1a: Excadrill|1/100\n|move|p1a: Excadrill|High Horsepower|p2b: Kingambit\n|-supereffective|p2b: Kingambit|1\n|-crit|p2b: Kingambit\n|-damage|p2b: Kingambit|0 fnt\n|faint|p2b: Kingambit\n|move|p2a: Sneasler|Close Combat|p1a: Excadrill\n|-supereffective|p1a: Excadrill|1\n|-damage|p1a: Excadrill|0 fnt\n|-unboost|p2a: Sneasler|def|1\n|-unboost|p2a: Sneasler|spd|1\n|faint|p1a: Excadrill\n|move|p1b: Rotom|Will-O-Wisp|p2a: Sneasler\n|-fail|p2a: Sneasler|brn\n|\n|-weather|Sandstorm|[upkeep]\n|-damage|p2a: Sneasler|71/100 brn|[from] Sandstorm\n|-damage|p1b: Rotom|83/100|[from] Sandstorm\n|-damage|p2a: Sneasler|66/100 brn|[from] brn\n|upkeep\n|\n|t:|1776368551\n|switch|p1a: Archaludon|Archaludon, L50, F|100/100\n|switch|p2b: Delphox|Delphox, L50, M|100/100\n|turn|4\n|\n|t:|1776368570\n|detailschange|p2b: Delphox|Delphox-Mega, L50, M\n|-mega|p2b: Delphox|Delphox|Delphoxite\n|move|p2b: Delphox|Protect|p2b: Delphox\n|-singleturn|p2b: Delphox|Protect\n|move|p2a: Sneasler|Close Combat|p1b: Rotom\n|-damage|p1b: Rotom|52/100\n|-unboost|p2a: Sneasler|def|1\n|-unboost|p2a: Sneasler|spd|1\n|move|p1b: Rotom|Hydro Pump|p2b: Delphox\n|-activate|p2b: Delphox|move: Protect\n|move|p1a: Archaludon|Flash Cannon|p2a: Sneasler\n|-damage|p2a: Sneasler|0 fnt\n|faint|p2a: Sneasler\n|\n|-weather|Sandstorm|[upkeep]\n|-damage|p2b: Delphox|94/100|[from] Sandstorm\n|-damage|p1b: Rotom|46/100|[from] Sandstorm\n|-enditem|p1b: Rotom|Sitrus Berry|[eat]\n|-heal|p1b: Rotom|71/100|[from] item: Sitrus Berry\n|upkeep\n|\n|t:|1776368586\n|switch|p2a: Clefable|Clefable, L50, M|100/100\n|turn|5\n|\n|t:|1776368602\n|move|p2a: Clefable|Follow Me|p2a: Clefable\n|-singleturn|p2a: Clefable|move: Follow Me\n|move|p2b: Delphox|Psychic|p1b: Rotom\n|-crit|p1b: Rotom\n|-damage|p1b: Rotom|0 fnt\n|faint|p1b: Rotom\n|move|p1a: Archaludon|Flash Cannon|p2a: Clefable\n|-supereffective|p2a: Clefable|1\n|-damage|p2a: Clefable|0 fnt\n|faint|p2a: Clefable\n|\n|-weather|none\n|upkeep\n|turn|6\n|\n|t:|1776368623\n|move|p2b: Delphox|Heat Wave|p1a: Archaludon\n|-damage|p1a: Archaludon|32/100\n|-ability|p1a: Archaludon|Stamina|boost\n|-boost|p1a: Archaludon|def|1\n|move|p1a: Archaludon|Thunderbolt|p2b: Delphox\n|-damage|p2b: Delphox|64/100\n|\n|upkeep\n|turn|7\n|\n|t:|1776368635\n|move|p2b: Delphox|Heat Wave|p1a: Archaludon\n|-damage|p1a: Archaludon|0 fnt\n|faint|p1a: Archaludon\n|\n|win|LILSCOTTY11\n|raw|NEONxTOKYO's rating: 1132 &rarr; <strong>1110</strong><br />(-22 for losing)\n|raw|LILSCOTTY11's rating: 1169 &rarr; <strong>1191</strong><br />(+22 for winning)\n",
  "uploadtime": 1776368635,
  "views": 15,
  "formatid": "gen9championsvgc2026regma",
  "rating": 1110,
  "private": 0,
  "password": null
}