{
  "id": "gen9championsvgc2026regma-2586012094",
  "format": "[Gen 9 Champions] VGC 2026 Reg M-A",
  "players": [
    "ArepadeChorizard",
    "Birdcritta"
  ],
  "log": "|j|\u2606ArepadeChorizard\n|j|\u2606Birdcritta\n|t:|1776390138\n|gametype|doubles\n|player|p1|ArepadeChorizard|allister-unmasked|1186\n|player|p2|Birdcritta|101|1217\n|gen|9\n|tier|[Gen 9 Champions] VGC 2026 Reg M-A\n|rated|\n|rule|Species Clause: Limit one of each Pok\u00e9mon\n|rule|Item Clause: Limit 1 of each item\n|clearpoke\n|poke|p1|Pelipper, L50, M|\n|poke|p1|Meganium, L50, F|\n|poke|p1|Gengar, L50, F|\n|poke|p1|Kingambit, L50, M|\n|poke|p1|Wyrdeer, L50, F|\n|poke|p1|Basculegion, L50, M|\n|poke|p2|Dragonite, L50, M|\n|poke|p2|Aerodactyl, L50, F|\n|poke|p2|Torkoal, L50, F|\n|poke|p2|Sinistcha, L50|\n|poke|p2|Spiritomb, L50, M|\n|poke|p2|Farigiraf, L50, M|\n|teampreview|4\nArepadeChorizard rejected open team sheets.\n|inactive|Battle timer is ON: inactive players will automatically lose when time's up. (requested by ArepadeChorizard)\n|\n|t:|1776390174\n|teamsize|p1|4\n|teamsize|p2|4\n|start\n|switch|p1a: Meganium|Meganium, L50, F|100/100\n|switch|p1b: Wyrdeer|Wyrdeer, L50, F|100/100\n|switch|p2a: Spiritomb|Spiritomb, L50, M|100/100\n|switch|p2b: Farigiraf|Farigiraf, L50, M|100/100\n|-ability|p1b: Wyrdeer|Intimidate|boost\n|-unboost|p2a: Spiritomb|atk|1\n|-unboost|p2b: Farigiraf|atk|1\n|-ability|p2a: Spiritomb|Pressure\n|turn|1\n|\n|t:|1776390201\n|detailschange|p1a: Meganium|Meganium-Mega, L50, F\n|-mega|p1a: Meganium|Meganium|Meganiumite\n|move|p2b: Farigiraf|Hyper Voice|p1b: Wyrdeer|[spread] p1a,p1b\n|-damage|p1a: Meganium|64/100\n|-damage|p1b: Wyrdeer|75/100\n|move|p1a: Meganium|Solar Beam||[still]\n|-prepare|p1a: Meganium|Solar Beam\n|-activate|p1a: Meganium|ability: Mega Sol\n|-anim|p1a: Meganium|Solar Beam|p2b: Farigiraf\n|-damage|p2b: Farigiraf|16/100\n|move|p1b: Wyrdeer|Body Slam|p2b: Farigiraf\n|-damage|p2b: Farigiraf|0 fnt\n|faint|p2b: Farigiraf\n|move|p2a: Spiritomb|Foul Play|p1b: Wyrdeer\n|-supereffective|p1b: Wyrdeer|1\n|-crit|p1b: Wyrdeer\n|-damage|p1b: Wyrdeer|0 fnt\n|faint|p1b: Wyrdeer\n|\n|upkeep\n|\n|t:|1776390219\n|switch|p2b: Dragonite|Dragonite, L50, M, shiny|100/100\n|switch|p1b: Pelipper|Pelipper, L50, M|100/100\n|-weather|RainDance|[from] ability: Drizzle|[of] p1b: Pelipper\n|turn|2\n|\n|t:|1776390239\n|detailschange|p2b: Dragonite|Dragonite-Mega, L50, M, shiny\n|-mega|p2b: Dragonite|Dragonite|Dragoninite\n|move|p1a: Meganium|Protect|p1a: Meganium\n|-singleturn|p1a: Meganium|Protect\n|move|p2a: Spiritomb|Shadow Sneak|p1b: Pelipper\n|-damage|p1b: Pelipper|90/100\n|move|p2b: Dragonite|Fire Blast|p1a: Meganium\n|-activate|p1a: Meganium|move: Protect\n|move|p1b: Pelipper|Tailwind|p1b: Pelipper\n|-sidestart|p1: ArepadeChorizard|move: Tailwind\n|\n|-weather|RainDance|[upkeep]\n|upkeep\n|turn|3\n|\n|t:|1776390258\n|switch|p2a: Aerodactyl|Aerodactyl, L50, F|100/100\n|-ability|p2a: Aerodactyl|Unnerve\n|move|p1a: Meganium|Dazzling Gleam|p2a: Aerodactyl|[spread] p2a,p2b\n|-supereffective|p2b: Dragonite|1\n|-damage|p2a: Aerodactyl|57/100\n|-damage|p2b: Dragonite|70/100\n|move|p1b: Pelipper|Hurricane|p2b: Dragonite\n|-damage|p2b: Dragonite|25/100\n|move|p2b: Dragonite|Fire Blast|p1a: Meganium\n|-supereffective|p1a: Meganium|1\n|-damage|p1a: Meganium|16/100\n|\n|-weather|RainDance|[upkeep]\n|upkeep\n|turn|4\n|\n|t:|1776390276\n|move|p2b: Dragonite|Protect|p2b: Dragonite\n|-singleturn|p2b: Dragonite|Protect\n|move|p1a: Meganium|Solar Beam||[still]\n|-prepare|p1a: Meganium|Solar Beam\n|-activate|p1a: Meganium|ability: Mega Sol\n|-anim|p1a: Meganium|Solar Beam|p2a: Aerodactyl\n|-damage|p2a: Aerodactyl|0 fnt\n|faint|p2a: Aerodactyl\n|move|p1b: Pelipper|Hurricane|p2b: Dragonite\n|-activate|p2b: Dragonite|move: Protect\n|\n|-weather|RainDance|[upkeep]\n|upkeep\n|\n|t:|1776390279\n|switch|p2a: Spiritomb|Spiritomb, L50, M|100/100\n|-ability|p2a: Spiritomb|Pressure\n|turn|5\n|\n|t:|1776390290\n|move|p1a: Meganium|Protect|p1a: Meganium\n|-singleturn|p1a: Meganium|Protect\n|move|p2a: Spiritomb|Shadow Sneak|p1a: Meganium\n|-activate|p1a: Meganium|move: Protect\n|move|p1b: Pelipper|Hurricane|p2b: Dragonite\n|-damage|p2b: Dragonite|0 fnt\n|faint|p2b: Dragonite\n|\n|-weather|RainDance|[upkeep]\n|-sideend|p1: ArepadeChorizard|move: Tailwind\n|upkeep\n|turn|6\n|\n|t:|1776390305\n|move|p2a: Spiritomb|Shadow Sneak|p1a: Meganium\n|-damage|p1a: Meganium|0 fnt\n|faint|p1a: Meganium\n|move|p1b: Pelipper|Weather Ball|p2a: Spiritomb\n|-damage|p2a: Spiritomb|39/100\n|\n|-weather|none\n|upkeep\n|\n|t:|1776390311\n|switch|p1a: Basculegion|Basculegion, L50, M|100/100\n|turn|7\n|-message|Birdcritta forfeited.\n|\n|win|ArepadeChorizard\n|raw|ArepadeChorizard's rating: 1186 &rarr; <strong>1213</strong><br />(+27 for winning)\n|raw|Birdcritta's rating: 1217 &rarr; <strong>1190</strong><br />(-27 for losing)\n|l|\u2606Birdcritta\n|player|p2|\n",
  "uploadtime": 1776390323,
  "views": 18,
  "formatid": "gen9championsvgc2026regma",
  "rating": 1190,
  "private": 0,
  "password": null
}