{
  "id": "gen9championsvgc2026regma-2583645210",
  "format": "[Gen 9 Champions] VGC 2026 Reg M-A",
  "players": [
    "1#miraidonhater",
    "TheAngeles"
  ],
  "log": "|j|\u26061#miraidonhater\n|j|\u2606TheAngeles\n|t:|1776188468\n|gametype|doubles\n|player|p1|1#miraidonhater|n|1203\n|player|p2|TheAngeles|hilbert|1204\n|gen|9\n|tier|[Gen 9 Champions] VGC 2026 Reg M-A\n|rated|\n|rule|Species Clause: Limit one of each Pok\u00e9mon\n|rule|Item Clause: Limit 1 of each item\n|clearpoke\n|poke|p1|Aggron, L50, F|\n|poke|p1|Sinistcha, L50|\n|poke|p1|Tyranitar, L50, F|\n|poke|p1|Reuniclus, L50, M|\n|poke|p1|Clefable, L50, F|\n|poke|p1|Conkeldurr, L50, M|\n|poke|p2|Excadrill, L50, M|\n|poke|p2|Gengar, L50, F|\n|poke|p2|Kommo-o, L50, M|\n|poke|p2|Incineroar, L50, F|\n|poke|p2|Rotom-Wash, L50|\n|poke|p2|Tyranitar, L50, M|\n|teampreview|4\n|\n|t:|1776188526\n|teamsize|p1|4\n|teamsize|p2|4\n|start\n|switch|p1a: Conkeldurr|Conkeldurr, L50, M|100/100\n|switch|p1b: Reuniclus|Reuniclus, L50, M|100/100\n|switch|p2a: Gengar|Gengar, L50, F, shiny|100/100\n|switch|p2b: Incineroar|Incineroar, L50, F, shiny|100/100\n|-ability|p2b: Incineroar|Intimidate|boost\n|-unboost|p1a: Conkeldurr|atk|1\n|-unboost|p1b: Reuniclus|atk|1\n|turn|1\n|\n|t:|1776188542\n|detailschange|p2a: Gengar|Gengar-Mega, L50, F, shiny\n|-mega|p2a: Gengar|Gengar|Gengarite\n|move|p1a: Conkeldurr|Protect|p1a: Conkeldurr\n|-singleturn|p1a: Conkeldurr|Protect\n|move|p1b: Reuniclus|Protect|p1b: Reuniclus\n|-singleturn|p1b: Reuniclus|Protect\n|move|p2b: Incineroar|Fake Out|p1a: Conkeldurr\n|-activate|p1a: Conkeldurr|move: Protect\n|move|p2a: Gengar|Shadow Ball|p1b: Reuniclus\n|-activate|p1b: Reuniclus|move: Protect\n|\n|upkeep\n|turn|2\n|\n|t:|1776188558\n|move|p1a: Conkeldurr|Mach Punch|p2b: Incineroar\n|-supereffective|p2b: Incineroar|1\n|-damage|p2b: Incineroar|69/100\n|move|p2a: Gengar|Shadow Ball|p1b: Reuniclus\n|-supereffective|p1b: Reuniclus|1\n|-damage|p1b: Reuniclus|15/100\n|-unboost|p1b: Reuniclus|spd|1\n|move|p2b: Incineroar|Darkest Lariat|p1b: Reuniclus\n|-supereffective|p1b: Reuniclus|1\n|-damage|p1b: Reuniclus|0 fnt\n|faint|p1b: Reuniclus\n|\n|upkeep\n|\n|t:|1776188575\n|switch|p1b: Aggron|Aggron, L50, F|100/100\n|turn|3\n|\n|t:|1776188585\n|detailschange|p1b: Aggron|Aggron-Mega, L50, F\n|-mega|p1b: Aggron|Aggron|Aggronite\n|move|p1a: Conkeldurr|Mach Punch|p2b: Incineroar\n|-supereffective|p2b: Incineroar|1\n|-damage|p2b: Incineroar|39/100\n|move|p2a: Gengar|Shadow Ball|p1b: Aggron\n|-damage|p1b: Aggron|59/100\n|move|p2b: Incineroar|Parting Shot|p1a: Conkeldurr\n|-unboost|p1a: Conkeldurr|atk|1\n|-unboost|p1a: Conkeldurr|spa|1\n|\n|t:|1776188596\n|switch|p2b: Rotom|Rotom-Wash, L50|100/100|[from] Parting Shot\n|move|p1b: Aggron|Iron Defense|p1b: Aggron\n|-boost|p1b: Aggron|def|2\n|\n|upkeep\n|turn|4\n|\n|t:|1776188606\n|switch|p2a: Incineroar|Incineroar, L50, F, shiny|39/100\n|-ability|p2a: Incineroar|Intimidate|boost\n|-unboost|p1a: Conkeldurr|atk|1\n|-unboost|p1b: Aggron|atk|1\n|move|p1b: Aggron|Protect|p1b: Aggron\n|-singleturn|p1b: Aggron|Protect\n|move|p1a: Conkeldurr|Mach Punch|p2b: Rotom\n|-damage|p2b: Rotom|88/100\n|move|p2b: Rotom|Will-O-Wisp|p1b: Aggron\n|-activate|p1b: Aggron|move: Protect\n|\n|upkeep\n|turn|5\n|\n|t:|1776188621\n|switch|p1a: Sinistcha|Sinistcha, L50|100/100\n|-heal|p1b: Aggron|84/100|[from] ability: Hospitality|[of] p1a: Sinistcha\n|move|p2a: Incineroar|Fake Out|p1a: Sinistcha\n|-immune|p1a: Sinistcha\n|move|p2b: Rotom|Will-O-Wisp|p1b: Aggron\n|-status|p1b: Aggron|brn\n|move|p1b: Aggron|Iron Defense|p1b: Aggron\n|-boost|p1b: Aggron|def|2\n|\n|-damage|p1b: Aggron|78/100 brn|[from] brn\n|upkeep\n|turn|6\n|j| porygon-epilepz\n|\n|t:|1776188646\n|move|p2b: Rotom|Hydro Pump|p1b: Aggron\n|-damage|p1b: Aggron|28/100 brn\n|move|p2a: Incineroar|Darkest Lariat|p1a: Sinistcha\n|-supereffective|p1a: Sinistcha|1\n|-damage|p1a: Sinistcha|50/100\n|-enditem|p1a: Sinistcha|Sitrus Berry|[eat]\n|-heal|p1a: Sinistcha|75/100|[from] item: Sitrus Berry\n|move|p1b: Aggron|Iron Defense|p1b: Aggron\n|-boost|p1b: Aggron|def|2\n|move|p1a: Sinistcha|Trick Room|p1a: Sinistcha\n|-fieldstart|move: Trick Room|[of] p1a: Sinistcha\n|\n|-damage|p1b: Aggron|22/100 brn|[from] brn\n|upkeep\n|turn|7\n|\n|t:|1776188663\n|switch|p2a: Gengar|Gengar-Mega, L50, F, shiny|100/100\n|move|p1a: Sinistcha|Rage Powder|p1a: Sinistcha\n|-singleturn|p1a: Sinistcha|move: Rage Powder\n|move|p1b: Aggron|Body Press|p2b: Rotom\n|-damage|p2b: Rotom|0 fnt\n|faint|p2b: Rotom\n|\n|-damage|p1b: Aggron|16/100 brn|[from] brn\n|upkeep\n|\n|t:|1776188672\n|switch|p2b: Incineroar|Incineroar, L50, F, shiny|39/100\n|-ability|p2b: Incineroar|Intimidate|boost\n|-unboost|p1a: Sinistcha|atk|1\n|-unboost|p1b: Aggron|atk|1\n|turn|8\n|\n|t:|1776188683\n|move|p1b: Aggron|Protect|p1b: Aggron\n|-singleturn|p1b: Aggron|Protect\n|move|p2b: Incineroar|Fake Out|p1b: Aggron\n|-activate|p1b: Aggron|move: Protect\n|move|p1a: Sinistcha|Life Dew|p1a: Sinistcha|[spread] p1a,p1b\n|-heal|p1a: Sinistcha|99/100\n|-heal|p1b: Aggron|41/100 brn\n|move|p2a: Gengar|Shadow Ball|p1a: Sinistcha\n|-supereffective|p1a: Sinistcha|1\n|-damage|p1a: Sinistcha|0 fnt\n|faint|p1a: Sinistcha\n|\n|-damage|p1b: Aggron|34/100 brn|[from] brn\n|upkeep\n|\n|t:|1776188694\n|switch|p1a: Conkeldurr|Conkeldurr, L50, M|100/100\n|turn|9\n|\n|t:|1776188705\n|switch|p2a: Tyranitar|Tyranitar, L50, M|100/100\n|-weather|Sandstorm|[from] ability: Sand Stream|[of] p2a: Tyranitar\n|move|p1a: Conkeldurr|Mach Punch|p2b: Incineroar\n|-supereffective|p2b: Incineroar|1\n|-crit|p2b: Incineroar\n|-damage|p2b: Incineroar|0 fnt\n|faint|p2b: Incineroar\n|move|p1b: Aggron|Heavy Slam|p2a: Tyranitar\n|-supereffective|p2a: Tyranitar|1\n|-damage|p2a: Tyranitar|90/100\n|\n|-weather|Sandstorm|[upkeep]\n|-damage|p1a: Conkeldurr|94/100|[from] Sandstorm\n|-damage|p1b: Aggron|28/100 brn|[from] brn\n|upkeep\n|\n|t:|1776188713\n|switch|p2b: Gengar|Gengar-Mega, L50, F, shiny|100/100\n|turn|10\n|\n|t:|1776188738\n|move|p1a: Conkeldurr|Ice Punch|p2b: Gengar\n|-damage|p2b: Gengar|52/100\n|move|p1b: Aggron|Body Press|p2a: Tyranitar\n|-supereffective|p2a: Tyranitar|2\n|-damage|p2a: Tyranitar|0 fnt\n|faint|p2a: Tyranitar\n|move|p2b: Gengar|Sludge Bomb|p1a: Conkeldurr\n|-damage|p1a: Conkeldurr|26/100\n|\n|-weather|Sandstorm|[upkeep]\n|-damage|p1a: Conkeldurr|20/100|[from] Sandstorm\n|-damage|p2b: Gengar|46/100|[from] Sandstorm\n|-damage|p1b: Aggron|22/100 brn|[from] brn\n|-fieldend|move: Trick Room\n|upkeep\n|turn|11\n|\n|t:|1776188754\n|move|p2b: Gengar|Protect|p2b: Gengar\n|-singleturn|p2b: Gengar|Protect\n|move|p1a: Conkeldurr|Protect|p1a: Conkeldurr\n|-singleturn|p1a: Conkeldurr|Protect\n|move|p1b: Aggron|Heavy Slam|p2b: Gengar\n|-activate|p2b: Gengar|move: Protect\n|\n|-weather|Sandstorm|[upkeep]\n|-damage|p2b: Gengar|40/100|[from] Sandstorm\n|-damage|p1a: Conkeldurr|14/100|[from] Sandstorm\n|-damage|p1b: Aggron|16/100 brn|[from] brn\n|upkeep\n|turn|12\n|\n|t:|1776188768\n|move|p2b: Gengar|Shadow Ball|p1b: Aggron\n|-crit|p1b: Aggron\n|-damage|p1b: Aggron|0 fnt\n|faint|p1b: Aggron\n|move|p1a: Conkeldurr|Ice Punch|p2b: Gengar\n|-damage|p2b: Gengar|0 fnt\n|faint|p2b: Gengar\n|\n|win|1#miraidonhater\n|raw|1#miraidonhater's rating: 1203 &rarr; <strong>1228</strong><br />(+25 for winning)\n|raw|TheAngeles's rating: 1204 &rarr; <strong>1179</strong><br />(-25 for losing)\n|l|\u26061#miraidonhater\n|player|p1|\n|j|\u26061#miraidonhater\n|player|p1|1#miraidonhater|n|\n|l|\u2606TheAngeles\n|player|p2|\n",
  "uploadtime": 1776188473,
  "views": 16,
  "formatid": "gen9championsvgc2026regma",
  "rating": 1179,
  "private": 0,
  "password": null
}