{
  "id": "gen9championsvgc2026regma-2581473604",
  "format": "[Gen 9 Champions] VGC 2026 Reg M-A",
  "players": [
    "Pegassin",
    "Dito02"
  ],
  "log": "|j|\u2606Pegassin\n|j|\u2606Dito02\n|t:|1776003805\n|gametype|doubles\n|player|p1|Pegassin|170|1159\n|player|p2|Dito02|waitress|1162\n|gen|9\n|tier|[Gen 9 Champions] VGC 2026 Reg M-A\n|rated|\n|rule|Species Clause: Limit one of each Pok\u00e9mon\n|rule|Item Clause: Limit 1 of each item\n|clearpoke\n|poke|p1|Pelipper, L50, F|\n|poke|p1|Dragonite, L50, F|\n|poke|p1|Archaludon, L50, M|\n|poke|p1|Sneasler, L50, M|\n|poke|p1|Basculegion, L50, M|\n|poke|p1|Glimmora, L50, F|\n|poke|p2|Pelipper, L50, M|\n|poke|p2|Torkoal, L50, F|\n|poke|p2|Lopunny, L50, F|\n|poke|p2|Venusaur, L50, F|\n|poke|p2|Lycanroc-Dusk, L50, F|\n|poke|p2|Primarina, L50, F|\n|teampreview|4\n|inactive|Battle timer is ON: inactive players will automatically lose when time's up. (requested by Pegassin)\nPegassin has agreed to open team sheets.\nDito02 has agreed to open team sheets.\n|showteam|p1|Pelipper||ChoiceScarf|Drizzle|Hurricane,Uturn,MuddyWater,IcyWind|||F|||50|]Dragonite||Dragoninite|Multiscale|DracoMeteor,Hurricane,Protect,Tailwind|||F|||50|]Archaludon||WhiteHerb|Stamina|ElectroShot,Protect,FlashCannon,DragonPulse|||M|||50|]Sneasler||FocusSash|Unburden|DireClaw,RockTomb,CloseCombat,Protect|||M|||50|]Basculegion||LumBerry|SwiftSwim|WaveCrash,AquaJet,FlipTurn,LastRespects|||M|||50|]Glimmora||Glimmoranite|ToxicDebris|SludgeBomb,SludgeWave,PowerGem,Protect|||F|||50|\n|showteam|p2|Pelipper||FocusSash|Drizzle|MuddyWater,WideGuard,Uturn,Hurricane|||M|||50|]Torkoal||Charcoal|Drought|Eruption,HeatWave,EarthPower,Protect|||F|||50|]Lopunny||Lopunnite|Limber|CloseCombat,FakeOut,AfterYou,Protect|||F|||50|]Venusaur||PoisonBarb|Chlorophyll|SolarBeam,EarthPower,SludgeBomb,Protect|||F|||50|]Lycanroc-Dusk||ChoiceScarf|ToughClaws|Accelerock,RockSlide,CloseCombat,PlayRough|||F|||50|]Primarina||Leftovers|LiquidVoice|HyperVoice,Moonblast,Protect,CalmMind|||F|||50|\n|inactive|Dito02 has 60 seconds left.\n|\n|t:|1776003852\n|teamsize|p1|4\n|teamsize|p2|4\n|start\n|switch|p1a: Pelipper|Pelipper, L50, F|100/100\n|switch|p1b: Archaludon|Archaludon, L50, M|100/100\n|switch|p2a: Yoga|Lopunny, L50, F|100/100\n|switch|p2b: Sis|Primarina, L50, F|100/100\n|-weather|RainDance|[from] ability: Drizzle|[of] p1a: Pelipper\n|turn|1\n|\n|t:|1776003871\n|detailschange|p2a: Yoga|Lopunny-Mega, L50, F\n|-mega|p2a: Yoga|Lopunny|Lopunnite\n|move|p2a: Yoga|Close Combat|p1b: Archaludon\n|-supereffective|p1b: Archaludon|1\n|-damage|p1b: Archaludon|0 fnt\n|-unboost|p2a: Yoga|def|1\n|-unboost|p2a: Yoga|spd|1\n|faint|p1b: Archaludon\n|move|p1a: Pelipper|U-turn|p1: Archaludon|[notarget]\n|-fail|p1a: Pelipper\n|move|p2b: Sis|Moonblast|p1a: Pelipper\n|-damage|p1a: Pelipper|8/100\n|\n|-weather|RainDance|[upkeep]\n|upkeep\n|inactive|Pegassin has 30 seconds left.\n|\n|t:|1776003904\n|switch|p1b: Sneasler|Sneasler, L50, M, shiny|100/100\n|turn|2\n|\n|t:|1776003924\n|move|p2b: Sis|Protect|p2b: Sis\n|-singleturn|p2b: Sis|Protect\n|move|p2a: Yoga|Close Combat|p1b: Sneasler\n|-resisted|p1b: Sneasler|1\n|-damage|p1b: Sneasler|45/100\n|-unboost|p2a: Yoga|def|1\n|-unboost|p2a: Yoga|spd|1\n|move|p1a: Pelipper|U-turn|p2a: Yoga\n|-resisted|p2a: Yoga|1\n|-damage|p2a: Yoga|89/100\n|\n|t:|1776003931\n|switch|p1a: Dragonite|Dragonite, L50, F, shiny|100/100|[from] U-turn\n|move|p1b: Sneasler|Close Combat|p2a: Yoga\n|-supereffective|p2a: Yoga|1\n|-damage|p2a: Yoga|0 fnt\n|-unboost|p1b: Sneasler|def|1\n|-unboost|p1b: Sneasler|spd|1\n|faint|p2a: Yoga\n|\n|-weather|RainDance|[upkeep]\n|upkeep\n|\n|t:|1776003943\n|switch|p2a: Let it Ride|Lycanroc-Dusk, L50, F|100/100\n|turn|3\n|\n|t:|1776003951\n|detailschange|p1a: Dragonite|Dragonite-Mega, L50, F, shiny\n|-mega|p1a: Dragonite|Dragonite|Dragoninite\n|move|p1a: Dragonite|Protect|p1a: Dragonite\n|-singleturn|p1a: Dragonite|Protect\n|move|p2a: Let it Ride|Accelerock|p1b: Sneasler\n|-resisted|p1b: Sneasler|1\n|-damage|p1b: Sneasler|15/100\n|move|p1b: Sneasler|Dire Claw|p2b: Sis\n|-supereffective|p2b: Sis|1\n|-damage|p2b: Sis|0 fnt\n|faint|p2b: Sis\n|\n|-weather|RainDance|[upkeep]\n|upkeep\n|\n|t:|1776003957\n|switch|p2b: Fro|Venusaur, L50, F|100/100\n|turn|4\n|\n|t:|1776003968\n|move|p1b: Sneasler|Protect|p1b: Sneasler\n|-singleturn|p1b: Sneasler|Protect\n|move|p2a: Let it Ride|Accelerock|p1b: Sneasler\n|-activate|p1b: Sneasler|move: Protect\n|move|p2b: Fro|Sludge Bomb|p1a: Dragonite\n|-damage|p1a: Dragonite|83/100\n|move|p1a: Dragonite|Hurricane|p2b: Fro\n|-supereffective|p2b: Fro|1\n|-damage|p2b: Fro|0 fnt\n|faint|p2b: Fro\n|\n|-weather|RainDance|[upkeep]\n|upkeep\n|turn|5\n|inactive|Pegassin has 30 seconds left.\n|\n|t:|1776003993\n|move|p2a: Let it Ride|Accelerock|p1b: Sneasler\n|-resisted|p1b: Sneasler|1\n|-damage|p1b: Sneasler|0 fnt\n|faint|p1b: Sneasler\n|move|p1a: Dragonite|Draco Meteor|p2a: Let it Ride|[miss]\n|-miss|p1a: Dragonite|p2a: Let it Ride\n|\n|-weather|none\n|upkeep\n|\n|t:|1776004002\n|switch|p1b: Pelipper|Pelipper, L50, F|8/100\n|-weather|RainDance|[from] ability: Drizzle|[of] p1b: Pelipper\n|turn|6\n|\n|t:|1776004017\n|move|p2a: Let it Ride|Accelerock|p1b: Pelipper\n|-supereffective|p1b: Pelipper|1\n|-damage|p1b: Pelipper|0 fnt\n|faint|p1b: Pelipper\n|move|p1a: Dragonite|Draco Meteor|p2a: Let it Ride\n|-damage|p2a: Let it Ride|0 fnt\n|-unboost|p1a: Dragonite|spa|2\n|faint|p2a: Let it Ride\n|\n|win|Pegassin\n|raw|Pegassin's rating: 1159 &rarr; <strong>1184</strong><br />(+25 for winning)\n|raw|Dito02's rating: 1162 &rarr; <strong>1137</strong><br />(-25 for losing)\n",
  "uploadtime": 1776004018,
  "views": 15,
  "formatid": "gen9championsvgc2026regma",
  "rating": 1137,
  "private": 0,
  "password": null
}