{
  "id": "gen9championsvgc2026regma-2581786022",
  "format": "[Gen 9 Champions] VGC 2026 Reg M-A",
  "players": [
    "Jamil Pineapple",
    "GriefersVGC"
  ],
  "log": "|j|\u2606Jamil Pineapple\n|j|\u2606GriefersVGC\n|t:|1776028280\n|gametype|doubles\n|player|p1|Jamil Pineapple|hilbert-wonderlauncher|1000\n|player|p2|GriefersVGC|pokemaniac|1000\n|gen|9\n|tier|[Gen 9 Champions] VGC 2026 Reg M-A\n|rated|\n|rule|Species Clause: Limit one of each Pok\u00e9mon\n|rule|Item Clause: Limit 1 of each item\n|clearpoke\n|poke|p1|Archaludon, L50, M|\n|poke|p1|Kommo-o, L50, M|\n|poke|p1|Politoed, L50, F|\n|poke|p1|Sylveon, L50, F|\n|poke|p1|Dragonite, L50, M|\n|poke|p1|Starmie, L50|\n|poke|p2|Clefable, L50, M|\n|poke|p2|Garchomp, L50, M|\n|poke|p2|Corviknight, L50, F|\n|poke|p2|Incineroar, L50, M|\n|poke|p2|Sneasler, L50, M|\n|poke|p2|Rotom-Wash, L50|\n|teampreview|4\n|inactive|Battle timer is ON: inactive players will automatically lose when time's up. (requested by Jamil Pineapple)\n|\n|t:|1776028324\n|teamsize|p1|4\n|teamsize|p2|4\n|start\n|switch|p1a: Sylveon|Sylveon, L50, F|100/100\n|switch|p1b: Politoed|Politoed, L50, F, shiny|100/100\n|switch|p2a: Incineroar|Incineroar, L50, M, shiny|100/100\n|switch|p2b: Garchomp|Garchomp, L50, M|100/100\n|-weather|RainDance|[from] ability: Drizzle|[of] p1b: Politoed\n|-ability|p2a: Incineroar|Intimidate|boost\n|-unboost|p1a: Sylveon|atk|1\n|-unboost|p1b: Politoed|atk|1\n|turn|1\n|inactive|Jamil Pineapple has 30 seconds left.\n|\n|t:|1776028350\n|move|p2a: Incineroar|Fake Out|p1a: Sylveon\n|-damage|p1a: Sylveon|85/100\n|move|p2b: Garchomp|Swords Dance|p2b: Garchomp\n|-boost|p2b: Garchomp|atk|2\n|move|p1b: Politoed|Encore|p2a: Incineroar\n|-start|p2a: Incineroar|Encore\n|cant|p1a: Sylveon|flinch\n|\n|-weather|RainDance|[upkeep]\n|-heal|p1a: Sylveon|91/100|[from] item: Leftovers\n|upkeep\n|turn|2\n|\n|t:|1776028374\n|switch|p2a: Clefable|Clefable, L50, M, shiny|100/100\n|move|p2b: Garchomp|Protect|p2b: Garchomp\n|-singleturn|p2b: Garchomp|Protect\n|move|p1b: Politoed|Ice Beam|p2b: Garchomp\n|-activate|p2b: Garchomp|move: Protect\n|move|p1a: Sylveon|Hyper Beam|p2b: Garchomp\n|-activate|p2b: Garchomp|move: Protect\n|\n|-weather|RainDance|[upkeep]\n|-heal|p1a: Sylveon|97/100|[from] item: Leftovers\n|upkeep\n|turn|3\n|\n|t:|1776028393\n|switch|p2a: Rotom|Rotom-Wash, L50, shiny|100/100\n|detailschange|p2b: Garchomp|Garchomp-Mega, L50, M\n|-mega|p2b: Garchomp|Garchomp|Garchompite\n|move|p2b: Garchomp|Earthquake|p1a: Sylveon|[spread] p1a,p1b\n|-immune|p2a: Rotom|[from] ability: Levitate\n|-damage|p1a: Sylveon|0 fnt\n|-damage|p1b: Politoed|2/100\n|faint|p1a: Sylveon\n|move|p1b: Politoed|Encore|p2b: Garchomp\n|-start|p2b: Garchomp|Encore\n|\n|-weather|RainDance|[upkeep]\n|upkeep\n|\n|t:|1776028407\n|switch|p1a: Dragonite|Dragonite, L50, M|100/100\n|turn|4\n|\n|t:|1776028421\n|switch|p2b: Clefable|Clefable, L50, M, shiny|100/100\n|detailschange|p1a: Dragonite|Dragonite-Mega, L50, M\n|-mega|p1a: Dragonite|Dragonite|Dragoninite\n|move|p1a: Dragonite|Ice Beam|p2b: Clefable\n|-damage|p2b: Clefable|69/100\n|-status|p2b: Clefable|frz\n|move|p1b: Politoed|Whirlpool|p2a: Rotom\n|-resisted|p2a: Rotom|1\n|-damage|p2a: Rotom|92/100\n|-activate|p2a: Rotom|move: Whirlpool|[of] p1b: Politoed\n|move|p2a: Rotom|Will-O-Wisp|p1a: Dragonite\n|-status|p1a: Dragonite|brn\n|\n|-weather|RainDance|[upkeep]\n|-heal|p2b: Clefable|75/100 frz|[from] item: Leftovers\n|-damage|p1a: Dragonite|94/100 brn|[from] brn\n|-damage|p2a: Rotom|80/100|[from] move: Whirlpool|[partiallytrapped]\n|upkeep\n|turn|5\n|inactive|Jamil Pineapple has 30 seconds left.\n|inactive|GriefersVGC has 30 seconds left.\n|inactive|Jamil Pineapple has 20 seconds left.\n|inactive|GriefersVGC has 20 seconds left.\n|inactive|GriefersVGC has 15 seconds left.\n|\n|t:|1776028462\n|move|p1a: Dragonite|Hurricane|p2a: Rotom\n|-resisted|p2a: Rotom|1\n|-damage|p2a: Rotom|48/100\n|-start|p2a: Rotom|confusion\n|move|p1b: Politoed|Encore|p2a: Rotom\n|-start|p2a: Rotom|Encore\n|-activate|p2a: Rotom|confusion\n|move|p2a: Rotom|Will-O-Wisp|p1b: Politoed\n|-status|p1b: Politoed|brn\n|-curestatus|p2b: Clefable|frz|[msg]\n|move|p2b: Clefable|Moonblast|p1a: Dragonite\n|-supereffective|p1a: Dragonite|1\n|-crit|p1a: Dragonite\n|-damage|p1a: Dragonite|7/100 brn\n|\n|-weather|none\n|-heal|p2b: Clefable|81/100|[from] item: Leftovers\n|-damage|p1a: Dragonite|0 fnt|[from] brn\n|faint|p1a: Dragonite\n|-damage|p1b: Politoed|0 fnt|[from] brn\n|faint|p1b: Politoed\n|-end|p2a: Rotom|Whirlpool|[partiallytrapped]|[silent]\n|upkeep\n|-message|Jamil Pineapple forfeited.\n|\n|win|GriefersVGC\n|raw|Jamil Pineapple's rating: 1000 &rarr; <strong>1000</strong><br />(+0 for losing)\n|raw|GriefersVGC's rating: 1000 &rarr; <strong>1040</strong><br />(+40 for winning)\n|l|\u2606Jamil Pineapple\n|player|p1|\n",
  "uploadtime": 1776028496,
  "views": 13,
  "formatid": "gen9championsvgc2026regma",
  "rating": 1000,
  "private": 0,
  "password": null
}