{
  "id": "gen9championsvgc2026regma-2587948539",
  "format": "[Gen 9 Champions] VGC 2026 Reg M-A",
  "players": [
    "Vgc tester italy",
    "apfr"
  ],
  "log": "|j|\u2606Vgc tester italy\n|j|\u203dapfr\n|t:|1776583337\n|gametype|doubles\n|player|p1|Vgc tester italy|266|1410\n|player|p2|apfr|clown|1422\n|gen|9\n|tier|[Gen 9 Champions] VGC 2026 Reg M-A\n|rated|\n|rule|Species Clause: Limit one of each Pok\u00e9mon\n|rule|Item Clause: Limit 1 of each item\n|clearpoke\n|poke|p1|Gengar, L50, M, shiny|\n|poke|p1|Clefable, L50, M, shiny|\n|poke|p1|Kommo-o, L50, M, shiny|\n|poke|p1|Basculegion, L50, M, shiny|\n|poke|p1|Krookodile, L50, M, shiny|\n|poke|p1|Corviknight, L50, M, shiny|\n|poke|p2|Drampa, L50, M|\n|poke|p2|Klefki, L50, F|\n|poke|p2|Sinistcha, L50|\n|poke|p2|Farigiraf, L50, F|\n|poke|p2|Camerupt, L50, F|\n|poke|p2|Kingambit, L50, F|\n|teampreview|4\n|j| fulimba\n|\n|t:|1776583412\n|teamsize|p1|4\n|teamsize|p2|4\n|start\n|switch|p1a: Gengar|Gengar, L50, M, shiny|100/100\n|switch|p1b: Krookodile|Krookodile, L50, M, shiny|100/100\n|switch|p2a: Sinistcha|Sinistcha, L50|100/100\n|switch|p2b: Camerupt|Camerupt, L50, F|100/100\n|-ability|p1b: Krookodile|Intimidate|boost\n|-unboost|p2a: Sinistcha|atk|1\n|-unboost|p2b: Camerupt|atk|1\n|turn|1\n|\n|t:|1776583426\n|detailschange|p1a: Gengar|Gengar-Mega, L50, M, shiny\n|-mega|p1a: Gengar|Gengar|Gengarite\n|move|p2b: Camerupt|Protect|p2b: Camerupt\n|-singleturn|p2b: Camerupt|Protect\n|move|p1a: Gengar|Shadow Ball|p2a: Sinistcha\n|-supereffective|p2a: Sinistcha|1\n|-damage|p2a: Sinistcha|22/100\n|-unboost|p2a: Sinistcha|spd|1\n|move|p1b: Krookodile|Knock Off|p2a: Sinistcha\n|-supereffective|p2a: Sinistcha|1\n|-damage|p2a: Sinistcha|0 fnt\n|-enditem|p2a: Sinistcha|Occa Berry|[from] move: Knock Off|[of] p1b: Krookodile\n|faint|p2a: Sinistcha\n|\n|upkeep\n|\n|t:|1776583437\n|switch|p2a: Farigiraf|Farigiraf, L50, F|100/100\n|turn|2\n|\n|t:|1776583445\n|detailschange|p2b: Camerupt|Camerupt-Mega, L50, F\n|-mega|p2b: Camerupt|Camerupt|Cameruptite\n|move|p1a: Gengar|Shadow Ball|p2b: Camerupt\n|-damage|p2b: Camerupt|60/100\n|move|p1b: Krookodile|High Horsepower|p2b: Camerupt|[miss]\n|-miss|p1b: Krookodile|p2b: Camerupt\n|move|p2b: Camerupt|Heat Wave|p1a: Gengar|[spread] p1a,p1b\n|-damage|p1a: Gengar|39/100\n|-damage|p1b: Krookodile|28/100\n|move|p2a: Farigiraf|Trick Room|p2a: Farigiraf\n|-fieldstart|move: Trick Room|[of] p2a: Farigiraf\n|\n|upkeep\n|turn|3\n|\n|t:|1776583463\n|move|p1a: Gengar|Protect|p1a: Gengar\n|-singleturn|p1a: Gengar|Protect\n|move|p2b: Camerupt|Earth Power|p1b: Krookodile\n|-damage|p1b: Krookodile|0 fnt\n|faint|p1b: Krookodile\n|move|p2a: Farigiraf|Psychic|p1a: Gengar\n|-activate|p1a: Gengar|move: Protect\n|\n|upkeep\n|\n|t:|1776583472\n|switch|p1b: Basculegion|Basculegion, L50, M, shiny|100/100\n|turn|4\n|\n|t:|1776583491\n|switch|p1a: Kommo-o|Kommo-o, L50, M, shiny|100/100\n|move|p2b: Camerupt|Earth Power|p1b: Basculegion\n|-damage|p1b: Basculegion|20/100\n|move|p2a: Farigiraf|Psychic|p1b: Basculegion\n|-damage|p1b: Basculegion|0 fnt\n|faint|p1b: Basculegion\n|\n|upkeep\n|\n|t:|1776583500\n|switch|p1b: Gengar|Gengar-Mega, L50, M, shiny|39/100\n|turn|5\n|\n|t:|1776583506\n|move|p1b: Gengar|Protect|p1b: Gengar\n|-singleturn|p1b: Gengar|Protect\n|move|p2b: Camerupt|Earth Power|p1b: Gengar\n|-activate|p1b: Gengar|move: Protect\n|move|p2a: Farigiraf|Psychic|p1a: Kommo-o\n|-supereffective|p1a: Kommo-o|1\n|-damage|p1a: Kommo-o|8/100\n|-unboost|p1a: Kommo-o|spd|1\n|move|p1a: Kommo-o|Clanging Scales|p2b: Camerupt|[spread] p2a,p2b\n|-damage|p2a: Farigiraf|47/100\n|-damage|p2b: Camerupt|12/100\n|-unboost|p1a: Kommo-o|def|1\n|\n|upkeep\n|turn|6\n|\n|t:|1776583528\n|move|p1a: Kommo-o|Protect|p1a: Kommo-o\n|-singleturn|p1a: Kommo-o|Protect\n|move|p1b: Gengar|Protect||[still]\n|-fail|p1b: Gengar\n|move|p2b: Camerupt|Earth Power|p1b: Gengar\n|-supereffective|p1b: Gengar|1\n|-damage|p1b: Gengar|0 fnt\n|faint|p1b: Gengar\n|move|p2a: Farigiraf|Hyper Voice|p1a: Kommo-o\n|-activate|p1a: Kommo-o|move: Protect\n|\n|-fieldend|move: Trick Room\n|upkeep\n|turn|7\n|\n|t:|1776583543\n|move|p1a: Kommo-o|Clanging Scales|p2b: Camerupt|[spread] p2a,p2b\n|-damage|p2a: Farigiraf|0 fnt\n|-damage|p2b: Camerupt|0 fnt\n|faint|p2a: Farigiraf\n|faint|p2b: Camerupt\n|-unboost|p1a: Kommo-o|def|1\n|\n|upkeep\n|\n|t:|1776583546\n|switch|p2b: Kingambit|Kingambit, L50, F|100/100\n|turn|8\n|\n|t:|1776583559\n|move|p1a: Kommo-o|Protect|p1a: Kommo-o\n|-singleturn|p1a: Kommo-o|Protect\n|move|p2b: Kingambit|Sucker Punch||[still]\n|-fail|p2b: Kingambit\n|\n|upkeep\n|turn|9\n|\n|t:|1776583566\n|move|p2b: Kingambit|Sucker Punch||[still]\n|-fail|p2b: Kingambit\n|move|p1a: Kommo-o|Clangorous Soul||[still]\n|-fail|p1a: Kommo-o\n|\n|upkeep\n|turn|10\n|\n|t:|1776583571\n|move|p1a: Kommo-o|Protect|p1a: Kommo-o\n|-singleturn|p1a: Kommo-o|Protect\n|move|p2b: Kingambit|Kowtow Cleave|p1a: Kommo-o\n|-activate|p1a: Kommo-o|move: Protect\n|\n|upkeep\n|turn|11\n|\n|t:|1776583579\n|move|p2b: Kingambit|Sucker Punch||[still]\n|-fail|p2b: Kingambit\n|move|p1a: Kommo-o|Clangorous Soul||[still]\n|-fail|p1a: Kommo-o\n|\n|upkeep\n|turn|12\n|\n|t:|1776583588\n|move|p1a: Kommo-o|Protect|p1a: Kommo-o\n|-singleturn|p1a: Kommo-o|Protect\n|move|p2b: Kingambit|Kowtow Cleave|p1a: Kommo-o\n|-activate|p1a: Kommo-o|move: Protect\n|\n|upkeep\n|turn|13\n|\n|t:|1776583597\n|move|p1a: Kommo-o|Clangorous Soul||[still]\n|-fail|p1a: Kommo-o\n|move|p2b: Kingambit|Kowtow Cleave|p1a: Kommo-o\n|-resisted|p1a: Kommo-o|1\n|-damage|p1a: Kommo-o|0 fnt\n|faint|p1a: Kommo-o\n|\n|win|apfr\n|raw|Vgc tester italy's rating: 1410 &rarr; <strong>1391</strong><br />(-19 for losing)\n|raw|apfr's rating: 1422 &rarr; <strong>1441</strong><br />(+19 for winning)\n|l|\u2606Vgc tester italy\n|player|p1|\n|l|\u203dapfr\n|player|p2|\n|l| fulimba\n",
  "uploadtime": 1776584082,
  "views": 13,
  "formatid": "gen9championsvgc2026regma",
  "rating": 1391,
  "private": 0,
  "password": null
}