{
  "id": "gen9championsvgc2026regma-2587767025",
  "format": "[Gen 9 Champions] VGC 2026 Reg M-A",
  "players": [
    "AidzPlayz",
    "Nanndemoiidesu"
  ],
  "log": "|j|\u2606AidzPlayz\n|j|\u2606Nanndemoiidesu\n|t:|1776561920\n|gametype|doubles\n|player|p1|AidzPlayz|ghetsis-gen5bw|1383\n|player|p2|Nanndemoiidesu|twins-gen4dp|1298\n|gen|9\n|tier|[Gen 9 Champions] VGC 2026 Reg M-A\n|rated|\n|rule|Species Clause: Limit one of each Pok\u00e9mon\n|rule|Item Clause: Limit 1 of each item\n|clearpoke\n|poke|p1|Aerodactyl, L50, M|\n|poke|p1|Incineroar, L50, F|\n|poke|p1|Floette-Eternal, L50, F|\n|poke|p1|Basculegion, L50, M|\n|poke|p1|Garchomp, L50, F|\n|poke|p1|Sneasler, L50, M|\n|poke|p2|Samurott-Hisui, L50, F|\n|poke|p2|Tyranitar, L50, F|\n|poke|p2|Gyarados, L50, F|\n|poke|p2|Excadrill, L50, F|\n|poke|p2|Aegislash, L50, F|\n|poke|p2|Sinistcha, L50|\n|teampreview|4\n|inactive|Battle timer is ON: inactive players will automatically lose when time's up. (requested by Nanndemoiidesu)\n|j| Pennon\n|inactive|Nanndemoiidesu has 60 seconds left.\n|\n|t:|1776561956\n|teamsize|p1|4\n|teamsize|p2|4\n|start\n|switch|p1a: Aerodactyl|Aerodactyl, L50, M|100/100\n|switch|p1b: Garchomp|Garchomp, L50, F|100/100\n|switch|p2a: Samurott|Samurott-Hisui, L50, F|100/100\n|switch|p2b: Excadrill|Excadrill, L50, F|100/100\n|-ability|p1a: Aerodactyl|Unnerve\n|turn|1\n|\n|t:|1776561975\n|move|p2b: Excadrill|Protect|p2b: Excadrill\n|-singleturn|p2b: Excadrill|Protect\n|move|p2a: Samurott|Ceaseless Edge|p1a: Aerodactyl\n|-damage|p1a: Aerodactyl|25/100\n|-sidestart|p1: AidzPlayz|Spikes\n|move|p1a: Aerodactyl|Tailwind|p1a: Aerodactyl\n|-sidestart|p1: AidzPlayz|move: Tailwind\n|move|p1b: Garchomp|Earthquake|p2b: Excadrill|[spread] p2a\n|-activate|p2b: Excadrill|move: Protect\n|-immune|p1a: Aerodactyl\n|-damage|p2a: Samurott|47/100\n|\n|upkeep\n|turn|2\n|\n|t:|1776561998\n|switch|p2b: Sinistcha|Sinistcha, L50|100/100\n|-heal|p2a: Samurott|71/100|[from] ability: Hospitality|[of] p2b: Sinistcha\n|move|p1a: Aerodactyl|Dual Wingbeat|p2a: Samurott\n|-damage|p2a: Samurott|46/100\n|-damage|p2a: Samurott|23/100\n|-hitcount|p2a: Samurott|2\n|move|p1b: Garchomp|Earthquake|p2a: Samurott|[spread] p2a,p2b\n|-immune|p1a: Aerodactyl\n|-resisted|p2b: Sinistcha|1\n|-damage|p2a: Samurott|0 fnt\n|-damage|p2b: Sinistcha|84/100\n|faint|p2a: Samurott\n|\n|upkeep\n|\n|t:|1776562001\n|switch|p2a: Aegislash|Aegislash, L50, F|100/100\n|turn|3\n|\n|t:|1776562015\n|move|p1a: Aerodactyl|Protect|p1a: Aerodactyl\n|-singleturn|p1a: Aerodactyl|Protect\n|move|p2a: Aegislash|King's Shield|p2a: Aegislash\n|-singleturn|p2a: Aegislash|Protect\n|move|p1b: Garchomp|Earthquake|p2a: Aegislash|[spread] p2b\n|-activate|p1a: Aerodactyl|move: Protect\n|-activate|p2a: Aegislash|move: Protect\n|-resisted|p2b: Sinistcha|1\n|-damage|p2b: Sinistcha|67/100\n|move|p2b: Sinistcha|Life Dew||[still]|[spread] p2a,p2b\n|-fail|p2a: Aegislash|heal\n|-heal|p2b: Sinistcha|93/100\n|\n|upkeep\n|turn|4\n|inactive|Nanndemoiidesu has 30 seconds left.\n|\n|t:|1776562042\n|-formechange|p2a: Aegislash|Aegislash-Blade|\n|move|p2a: Aegislash|Shadow Sneak|p1a: Aerodactyl\n|-damage|p1a: Aerodactyl|0 fnt\n|faint|p1a: Aerodactyl\n|move|p1b: Garchomp|Earthquake|p2b: Sinistcha|[spread] p2a,p2b\n|-supereffective|p2a: Aegislash|1\n|-resisted|p2b: Sinistcha|1\n|-damage|p2a: Aegislash|0 fnt\n|-damage|p2b: Sinistcha|77/100\n|faint|p2a: Aegislash\n|move|p2b: Sinistcha|Life Dew|p2b: Sinistcha\n|-heal|p2b: Sinistcha|100/100\n|\n|-sideend|p1: AidzPlayz|move: Tailwind\n|upkeep\n|\n|t:|1776562057\n|switch|p1a: Basculegion|Basculegion, L50, M|100/100\n|switch|p2a: Excadrill|Excadrill, L50, F|100/100\n|-damage|p1a: Basculegion|88/100|[from] Spikes\n|turn|5\n|\n|t:|1776562070\n|move|p2b: Sinistcha|Rage Powder|p2b: Sinistcha\n|-singleturn|p2b: Sinistcha|move: Rage Powder\n|move|p1a: Basculegion|Last Respects|p2b: Sinistcha\n|-supereffective|p2b: Sinistcha|1\n|-damage|p2b: Sinistcha|0 fnt\n|faint|p2b: Sinistcha\n|move|p1b: Garchomp|Earthquake|p2a: Excadrill|[spread] p1a,p2a\n|-supereffective|p2a: Excadrill|1\n|-damage|p1a: Basculegion|37/100\n|-enditem|p2a: Excadrill|Focus Sash\n|-damage|p2a: Excadrill|1/100\n|move|p2a: Excadrill|High Horsepower|p1b: Garchomp\n|-damage|p1b: Garchomp|51/100\n|-damage|p2a: Excadrill|0 fnt|[from] ability: Rough Skin|[of] p1b: Garchomp\n|faint|p2a: Excadrill\n|\n|win|AidzPlayz\n|raw|AidzPlayz's rating: 1383 &rarr; <strong>1397</strong><br />(+14 for winning)\n|raw|Nanndemoiidesu's rating: 1270 &rarr; <strong>1253</strong><br />(-17 for losing)\n",
  "uploadtime": 1776562071,
  "views": 15,
  "formatid": "gen9championsvgc2026regma",
  "rating": 1253,
  "private": 0,
  "password": null
}