{
  "id": "gen9championsvgc2026regma-2587072463",
  "format": "[Gen 9 Champions] VGC 2026 Reg M-A",
  "players": [
    "Tyranirdelava",
    "goonbom"
  ],
  "log": "|j|\u2606Tyranirdelava\n|j|\u2606goonbom\n|t:|1776489650\n|gametype|doubles\n|player|p1|Tyranirdelava|shadowtriad|1000\n|player|p2|goonbom|youngcouple-gen4dp|1049\n|gen|9\n|tier|[Gen 9 Champions] VGC 2026 Reg M-A\n|rated|\n|rule|Species Clause: Limit one of each Pok\u00e9mon\n|rule|Item Clause: Limit 1 of each item\n|clearpoke\n|poke|p1|Garchomp, L50, F|\n|poke|p1|Chimecho, L50, F|\n|poke|p1|Araquanid, L50, M|\n|poke|p1|Pelipper, L50, M|\n|poke|p1|Meganium, L50, M|\n|poke|p1|Politoed, L50, F|\n|poke|p2|Excadrill, L50, F, shiny|\n|poke|p2|Tyranitar, L50, F, shiny|\n|poke|p2|Sinistcha-Masterpiece, L50|\n|poke|p2|Milotic, L50, F|\n|poke|p2|Volcarona, L50, M|\n|poke|p2|Dragonite, L50, M|\n|teampreview|4\n|\n|t:|1776489665\n|teamsize|p1|4\n|teamsize|p2|4\n|start\n|switch|p1a: Pelipper|Pelipper, L50, M|100/100\n|switch|p1b: Araquanid|Araquanid, L50, M|100/100\n|switch|p2a: Tyranitar|Tyranitar, L50, F, shiny|100/100\n|switch|p2b: Milotic|Milotic, L50, F|100/100\n|-weather|Sandstorm|[from] ability: Sand Stream|[of] p2a: Tyranitar\n|-weather|RainDance|[from] ability: Drizzle|[of] p1a: Pelipper\n|turn|1\n|inactive|Battle timer is ON: inactive players will automatically lose when time's up. (requested by Tyranirdelava)\n|\n|t:|1776489682\n|move|p2b: Milotic|Protect|p2b: Milotic\n|-singleturn|p2b: Milotic|Protect\n|move|p2a: Tyranitar|Rock Slide|p1a: Pelipper|[spread] p1b\n|-miss|p2a: Tyranitar|p1a: Pelipper\n|-supereffective|p1b: Araquanid|1\n|-damage|p1b: Araquanid|20/100\n|move|p1a: Pelipper|Knock Off|p2b: Milotic\n|-activate|p2b: Milotic|move: Protect\n|move|p1b: Araquanid|Liquidation|p2a: Tyranitar\n|-supereffective|p2a: Tyranitar|1\n|-damage|p2a: Tyranitar|0 fnt\n|faint|p2a: Tyranitar\n|\n|-weather|RainDance|[upkeep]\n|upkeep\n|\n|t:|1776489699\n|switch|p2a: Excadrill|Excadrill, L50, F, shiny|100/100\n|turn|2\n|\n|t:|1776489721\n|move|p2a: Excadrill|Rock Slide|p1a: Pelipper|[spread] p1a,p1b\n|-supereffective|p1a: Pelipper|1\n|-supereffective|p1b: Araquanid|1\n|-damage|p1a: Pelipper|56/100\n|-damage|p1b: Araquanid|0 fnt\n|faint|p1b: Araquanid\n|move|p2b: Milotic|Ice Beam|p1a: Pelipper\n|-damage|p1a: Pelipper|27/100\n|move|p1a: Pelipper|Hydro Pump|p2a: Excadrill\n|-supereffective|p2a: Excadrill|1\n|-damage|p2a: Excadrill|0 fnt\n|faint|p2a: Excadrill\n|\n|-weather|RainDance|[upkeep]\n|-heal|p1a: Pelipper|33/100|[from] item: Leftovers\n|upkeep\n|\n|t:|1776489732\n|switch|p2a: Sinistcha|Sinistcha-Masterpiece, L50|100/100\n|switch|p1b: Meganium|Meganium, L50, M|100/100\n|turn|3\n|\n|t:|1776489754\n|detailschange|p1b: Meganium|Meganium-Mega, L50, M\n|-mega|p1b: Meganium|Meganium|Meganiumite\n|move|p2a: Sinistcha|Protect|p2a: Sinistcha\n|-singleturn|p2a: Sinistcha|Protect\n|move|p1b: Meganium|Trailblaze|p2b: Milotic\n|-supereffective|p2b: Milotic|1\n|-damage|p2b: Milotic|62/100\n|-boost|p1b: Meganium|spe|1\n|move|p2b: Milotic|Ice Beam|p1b: Meganium\n|-supereffective|p1b: Meganium|1\n|-damage|p1b: Meganium|46/100\n|move|p1a: Pelipper|Knock Off|p2a: Sinistcha\n|-activate|p2a: Sinistcha|move: Protect\n|\n|-weather|RainDance|[upkeep]\n|-heal|p2b: Milotic|68/100|[from] item: Leftovers\n|-heal|p1a: Pelipper|38/100|[from] item: Leftovers\n|upkeep\n|turn|4\n|\n|t:|1776489775\n|move|p2a: Sinistcha|Rage Powder|p2a: Sinistcha\n|-singleturn|p2a: Sinistcha|move: Rage Powder\n|move|p1b: Meganium|Weather Ball|p2a: Sinistcha\n|-supereffective|p2a: Sinistcha|1\n|-damage|p2a: Sinistcha|0 fnt\n|faint|p2a: Sinistcha\n|move|p2b: Milotic|Ice Beam|p1b: Meganium\n|-supereffective|p1b: Meganium|1\n|-damage|p1b: Meganium|0 fnt\n|faint|p1b: Meganium\n|move|p1a: Pelipper|Knock Off|p2b: Milotic\n|-damage|p2b: Milotic|52/100\n|-enditem|p2b: Milotic|Leftovers|[from] move: Knock Off|[of] p1a: Pelipper\n|\n|-weather|RainDance|[upkeep]\n|-heal|p1a: Pelipper|44/100|[from] item: Leftovers\n|upkeep\n|\n|t:|1776489781\n|switch|p1b: Politoed|Politoed, L50, F|100/100\n|turn|5\n|\n|t:|1776489802\n|move|p1b: Politoed|Body Slam|p2b: Milotic\n|-damage|p2b: Milotic|31/100\n|move|p2b: Milotic|Ice Beam|p1a: Pelipper\n|-damage|p1a: Pelipper|13/100\n|-status|p1a: Pelipper|frz\n|-curestatus|p1a: Pelipper|frz|[msg]\n|move|p1a: Pelipper|Knock Off|p2b: Milotic\n|-damage|p2b: Milotic|21/100\n|\n|-weather|none\n|-heal|p1a: Pelipper|19/100|[from] item: Leftovers\n|upkeep\n|turn|6\n|\n|t:|1776489817\n|move|p2b: Milotic|Protect|p2b: Milotic\n|-singleturn|p2b: Milotic|Protect\n|move|p1b: Politoed|Body Slam|p2b: Milotic\n|-activate|p2b: Milotic|move: Protect\n|move|p1a: Pelipper|Hurricane|p2b: Milotic\n|-activate|p2b: Milotic|move: Protect\n|\n|-heal|p1a: Pelipper|25/100|[from] item: Leftovers\n|upkeep\n|turn|7\n|\n|t:|1776489830\n|move|p1b: Politoed|Body Slam|p2b: Milotic\n|-damage|p2b: Milotic|3/100\n|move|p2b: Milotic|Ice Beam|p1a: Pelipper\n|-damage|p1a: Pelipper|0 fnt\n|faint|p1a: Pelipper\n|\n|upkeep\n|turn|8\n|\n|t:|1776489838\n|move|p1b: Politoed|Body Slam|p2b: Milotic\n|-damage|p2b: Milotic|0 fnt\n|faint|p2b: Milotic\n|\n|win|Tyranirdelava\n|raw|Tyranirdelava's rating: 1000 &rarr; <strong>1046</strong><br />(+46 for winning)\n|raw|goonbom's rating: 1049 &rarr; <strong>1029</strong><br />(-20 for losing)\n|l|\u2606goonbom\n|player|p2|\n",
  "uploadtime": 1776489842,
  "views": 14,
  "formatid": "gen9championsvgc2026regma",
  "rating": 1029,
  "private": 0,
  "password": null
}