{
  "id": "gen9championsvgc2026regma-2588094581",
  "format": "[Gen 9 Champions] VGC 2026 Reg M-A",
  "players": [
    "cherrryy",
    "Dmy99"
  ],
  "log": "|j|\u2606cherrryy\n|j|\u2606Dmy99\n|t:|1776603630\n|gametype|doubles\n|player|p1|cherrryy|miku-water|1481\n|player|p2|Dmy99|1|1400\n|gen|9\n|tier|[Gen 9 Champions] VGC 2026 Reg M-A\n|rated|\n|rule|Species Clause: Limit one of each Pok\u00e9mon\n|rule|Item Clause: Limit 1 of each item\n|clearpoke\n|poke|p1|Gardevoir, L50, M|\n|poke|p1|Incineroar, L50, F, shiny|\n|poke|p1|Palafin, L50, M|\n|poke|p1|Pelipper, L50, M|\n|poke|p1|Kingambit, L50, F|\n|poke|p1|Sneasler, L50, M|\n|poke|p2|Golurk, L50|\n|poke|p2|Farigiraf, L50, M|\n|poke|p2|Sinistcha-Masterpiece, L50|\n|poke|p2|Sylveon, L50, M|\n|poke|p2|Incineroar, L50, M|\n|poke|p2|Torkoal, L50, F|\n|teampreview|4\n|\n|t:|1776603664\n|teamsize|p1|4\n|teamsize|p2|4\n|start\n|switch|p1a: Gardevoir|Gardevoir, L50, M|100/100\n|switch|p1b: Palafin|Palafin, L50, M|100/100\n|switch|p2a: Farigiraf|Farigiraf, L50, M|100/100\n|switch|p2b: Sinistcha|Sinistcha-Masterpiece, L50|100/100\n|-ability|p1a: Gardevoir|Armor Tail|Trace|[from] ability: Trace|[of] p2a: Farigiraf\n|turn|1\n|inactive|Battle timer is ON: inactive players will automatically lose when time's up. (requested by cherrryy)\n|\n|t:|1776603692\n|detailschange|p1b: Palafin|Palafin-Hero, L50, M\n|switch|p1b: Kingambit|Kingambit, L50, F|100/100\n|detailschange|p1a: Gardevoir|Gardevoir-Mega, L50, M\n|-mega|p1a: Gardevoir|Gardevoir|Gardevoirite\n|move|p1a: Gardevoir|Hyper Voice|p2a: Farigiraf|[spread] p2a,p2b\n|-damage|p2a: Farigiraf|52/100\n|-damage|p2b: Sinistcha|54/100\n|move|p2b: Sinistcha|Matcha Gotcha|p1b: Kingambit|[spread] p1a,p1b\n|-resisted|p1b: Kingambit|1\n|-damage|p1a: Gardevoir|79/100\n|-heal|p2b: Sinistcha|65/100|[from] drain|[of] p1a: Gardevoir\n|-damage|p1b: Kingambit|88/100\n|-heal|p2b: Sinistcha|71/100|[from] drain|[of] p1b: Kingambit\n|-status|p1a: Gardevoir|brn\n|-status|p1b: Kingambit|brn\n|move|p2a: Farigiraf|Trick Room|p2a: Farigiraf\n|-fieldstart|move: Trick Room|[of] p2a: Farigiraf\n|\n|-damage|p1b: Kingambit|82/100 brn|[from] brn\n|-damage|p1a: Gardevoir|74/100 brn|[from] brn\n|upkeep\n|turn|2\n|inactive|Dmy99 has 30 seconds left.\n|\n|t:|1776603722\n|move|p2b: Sinistcha|Rage Powder|p2b: Sinistcha\n|-singleturn|p2b: Sinistcha|move: Rage Powder\n|move|p1b: Kingambit|Kowtow Cleave|p2b: Sinistcha\n|-supereffective|p2b: Sinistcha|1\n|-enditem|p2b: Sinistcha|Colbur Berry|[eat]\n|-enditem|p2b: Sinistcha|Colbur Berry|[weaken]\n|-damage|p2b: Sinistcha|50/100\n|move|p2a: Farigiraf|Hyper Voice|p1a: Gardevoir|[spread] p1a,p1b\n|-resisted|p1b: Kingambit|1\n|-damage|p1a: Gardevoir|53/100 brn\n|-damage|p1b: Kingambit|67/100 brn\n|move|p1a: Gardevoir|Trick Room|p1a: Gardevoir\n|-fieldend|move: Trick Room\n|\n|-damage|p1a: Gardevoir|47/100 brn|[from] brn\n|-damage|p1b: Kingambit|61/100 brn|[from] brn\n|upkeep\n|turn|3\n|\n|t:|1776603734\n|move|p2b: Sinistcha|Rage Powder|p2b: Sinistcha\n|-singleturn|p2b: Sinistcha|move: Rage Powder\n|move|p1a: Gardevoir|Hyper Voice|p2a: Farigiraf|[spread] p2a,p2b\n|-damage|p2a: Farigiraf|8/100\n|-damage|p2b: Sinistcha|4/100\n|-enditem|p2a: Farigiraf|Sitrus Berry|[eat]\n|-heal|p2a: Farigiraf|33/100|[from] item: Sitrus Berry\n|move|p1b: Kingambit|Kowtow Cleave|p2b: Sinistcha\n|-supereffective|p2b: Sinistcha|1\n|-damage|p2b: Sinistcha|0 fnt\n|faint|p2b: Sinistcha\n|move|p2a: Farigiraf|Trick Room|p2a: Farigiraf\n|-fieldstart|move: Trick Room|[of] p2a: Farigiraf\n|\n|-damage|p1b: Kingambit|56/100 brn|[from] brn\n|-damage|p1a: Gardevoir|41/100 brn|[from] brn\n|upkeep\n|\n|t:|1776603743\n|switch|p2b: Torkoal|Torkoal, L50, F|100/100\n|-weather|SunnyDay|[from] ability: Drought|[of] p2b: Torkoal\n|turn|4\n|\n|t:|1776603752\n|switch|p2a: Sylveon|Sylveon, L50, M|100/100\n|move|p1a: Gardevoir|Protect|p1a: Gardevoir\n|-singleturn|p1a: Gardevoir|Protect\n|move|p2b: Torkoal|Eruption|p1a: Gardevoir|[spread] p1b\n|-activate|p1a: Gardevoir|move: Protect\n|-supereffective|p1b: Kingambit|1\n|-damage|p1b: Kingambit|0 fnt\n|faint|p1b: Kingambit\n|\n|-weather|SunnyDay|[upkeep]\n|-damage|p1a: Gardevoir|35/100 brn|[from] brn\n|upkeep\n|\n|t:|1776603756\n|switch|p1b: Palafin|Palafin-Hero, L50, M|100/100\n|-activate|p1b: Palafin|ability: Zero to Hero\n|turn|5\n|\n|t:|1776603766\n|switch|p1a: Pelipper|Pelipper, L50, M|100/100\n|-weather|RainDance|[from] ability: Drizzle|[of] p1a: Pelipper\n|move|p2b: Torkoal|Eruption|p1b: Palafin|[spread] p1a,p1b\n|-resisted|p1a: Pelipper|1\n|-resisted|p1b: Palafin|1\n|-damage|p1a: Pelipper|75/100\n|-damage|p1b: Palafin|87/100\n|move|p2a: Sylveon|Hyper Voice|p1a: Pelipper|[spread] p1a,p1b\n|-damage|p1a: Pelipper|0 fnt\n|-damage|p1b: Palafin|41/100\n|faint|p1a: Pelipper\n|move|p1b: Palafin|Wave Crash|p2a: Sylveon\n|-damage|p2a: Sylveon|0 fnt\n|faint|p2a: Sylveon\n|-damage|p1b: Palafin|8/100|[from] Recoil\n|\n|-weather|RainDance|[upkeep]\n|upkeep\n|\n|t:|1776603770\n|switch|p2a: Farigiraf|Farigiraf, L50, M|33/100\n|switch|p1a: Gardevoir|Gardevoir-Mega, L50, M|35/100 brn\n|turn|6\n|\n|t:|1776603789\n|move|p2b: Torkoal|Solar Beam||[still]\n|-prepare|p2b: Torkoal|Solar Beam\n|move|p2a: Farigiraf|Hyper Voice|p1a: Gardevoir|[spread] p1a,p1b\n|-damage|p1a: Gardevoir|10/100 brn\n|-damage|p1b: Palafin|0 fnt\n|faint|p1b: Palafin\n|move|p1a: Gardevoir|Hyper Voice|p2a: Farigiraf|[spread] p2a,p2b\n|-resisted|p2b: Torkoal|1\n|-damage|p2a: Farigiraf|0 fnt\n|-damage|p2b: Torkoal|68/100\n|faint|p2a: Farigiraf\n|\n|-weather|RainDance|[upkeep]\n|-damage|p1a: Gardevoir|5/100 brn|[from] brn\n|upkeep\n|turn|7\n|\n|t:|1776603799\n|move|p2b: Torkoal|Solar Beam|p1a: Gardevoir|[from] lockedmove\n|-damage|p1a: Gardevoir|0 fnt\n|faint|p1a: Gardevoir\n|\n|win|Dmy99\n|raw|cherrryy's rating: 1481 &rarr; <strong>1456</strong><br />(-25 for losing)\n|raw|Dmy99's rating: 1400 &rarr; <strong>1425</strong><br />(+25 for winning)\n|l|\u2606cherrryy\n|player|p1|\n|l|\u2606Dmy99\n|player|p2|\n|j|\u2606cherrryy\n|player|p1|cherrryy|miku-water|\n",
  "uploadtime": 1776604148,
  "views": 12,
  "formatid": "gen9championsvgc2026regma",
  "rating": 1425,
  "private": 0,
  "password": null
}