{
  "id": "gen9championsvgc2026regma-2583991116",
  "format": "[Gen 9 Champions] VGC 2026 Reg M-A",
  "players": [
    "bolouva",
    "mcfabran000"
  ],
  "log": "|j|\u2606bolouva\n|j|\u2606mcfabran000\n|t:|1776214760\n|gametype|doubles\n|player|p1|bolouva|cynthia|1021\n|player|p2|mcfabran000|hiker-gen4|1040\n|gen|9\n|tier|[Gen 9 Champions] VGC 2026 Reg M-A\n|rated|\n|rule|Species Clause: Limit one of each Pok\u00e9mon\n|rule|Item Clause: Limit 1 of each item\n|clearpoke\n|poke|p1|Banette, L50, F|\n|poke|p1|Hawlucha, L50, F|\n|poke|p1|Palafin, L50, F|\n|poke|p1|Incineroar, L50, M|\n|poke|p1|Torkoal, L50, F|\n|poke|p1|Whimsicott, L50, F|\n|poke|p2|Snorlax, L50, M|\n|poke|p2|Hawlucha, L50, M|\n|poke|p2|Incineroar, L50, M|\n|poke|p2|Glimmora, L50, M|\n|poke|p2|Rotom-Wash, L50|\n|poke|p2|Sinistcha, L50|\n|teampreview|4\n|\n|t:|1776214786\n|teamsize|p1|4\n|teamsize|p2|4\n|start\n|switch|p1a: Hawlucha|Hawlucha, L50, F|100/100\n|switch|p1b: Banette|Banette, L50, F|100/100\n|switch|p2a: Caseoh|Snorlax, L50, M|100/100\n|switch|p2b: Bueno|Hawlucha, L50, M|100/100\n|-ability|p2b: Bueno|Mold Breaker\n|turn|1\n|\n|t:|1776214834\n|detailschange|p2b: Bueno|Hawlucha-Mega, L50, M\n|-mega|p2b: Bueno|Hawlucha|Hawluchanite\n|detailschange|p1b: Banette|Banette-Mega, L50, F\n|-mega|p1b: Banette|Banette|Banettite\n|move|p1b: Banette|Swagger|p1a: Hawlucha\n|-boost|p1a: Hawlucha|atk|2\n|-start|p1a: Hawlucha|confusion\n|-enditem|p1a: Hawlucha|Persim Berry|[eat]\n|-end|p1a: Hawlucha|confusion\n|move|p1a: Hawlucha|Acrobatics|p2b: Bueno\n|-supereffective|p2b: Bueno|1\n|-damage|p2b: Bueno|0 fnt\n|faint|p2b: Bueno\n|move|p2a: Caseoh|Fissure|p1b: Banette|[miss]\n|-miss|p2a: Caseoh|p1b: Banette\n|\n|upkeep\n|\n|t:|1776214851\n|switch|p2b: Fingers|Incineroar, L50, M|100/100\n|-ability|p2b: Fingers|Intimidate|boost\n|-unboost|p1a: Hawlucha|atk|1\n|-unboost|p1b: Banette|atk|1\n|turn|2\n|\n|t:|1776214873\n|move|p1b: Banette|Protect|p1b: Banette\n|-singleturn|p1b: Banette|Protect\n|move|p2b: Fingers|Fake Out|p1a: Hawlucha\n|-damage|p1a: Hawlucha|85/100\n|cant|p1a: Hawlucha|flinch\n|move|p2a: Caseoh|Body Slam|p1a: Hawlucha\n|-damage|p1a: Hawlucha|43/100\n|\n|upkeep\n|turn|3\n|\n|t:|1776214894\n|move|p2a: Caseoh|Protect|p2a: Caseoh\n|-singleturn|p2a: Caseoh|Protect\n|move|p1b: Banette|Swagger|p2b: Fingers\n|-hint|Since gen 7, Dark is immune to Prankster moves.\n|-immune|p2b: Fingers\n|move|p1a: Hawlucha|Close Combat|p2a: Caseoh\n|-activate|p2a: Caseoh|move: Protect\n|move|p2b: Fingers|Parting Shot|p1a: Hawlucha\n|-unboost|p1a: Hawlucha|atk|1\n|-unboost|p1a: Hawlucha|spa|1\n|\n|t:|1776214907\n|switch|p2b: Tea time|Sinistcha, L50|100/100|[from] Parting Shot\n|\n|upkeep\n|turn|4\n|\n|t:|1776214919\n|move|p1a: Hawlucha|Close Combat|p2a: Caseoh\n|-supereffective|p2a: Caseoh|1\n|-damage|p2a: Caseoh|30/100\n|-unboost|p1a: Hawlucha|def|1\n|-unboost|p1a: Hawlucha|spd|1\n|move|p1b: Banette|Knock Off|p2b: Tea time\n|-supereffective|p2b: Tea time|1\n|-damage|p2b: Tea time|59/100\n|-enditem|p2b: Tea time|Sitrus Berry|[from] move: Knock Off|[of] p1b: Banette\n|move|p2a: Caseoh|Body Slam|p1a: Hawlucha\n|-damage|p1a: Hawlucha|0 fnt\n|faint|p1a: Hawlucha\n|move|p2b: Tea time|Trick Room|p2b: Tea time\n|-fieldstart|move: Trick Room|[of] p2b: Tea time\n|\n|-heal|p2a: Caseoh|36/100|[from] item: Leftovers\n|upkeep\n|\n|t:|1776214935\n|switch|p1a: Torkoal|Torkoal, L50, F|100/100\n|-weather|SunnyDay|[from] ability: Drought|[of] p1a: Torkoal\n|turn|5\n|\n|t:|1776214947\n|switch|p2b: Fingers|Incineroar, L50, M|100/100\n|-ability|p2b: Fingers|Intimidate|boost\n|-unboost|p1a: Torkoal|atk|1\n|-unboost|p1b: Banette|atk|1\n|move|p2a: Caseoh|Protect|p2a: Caseoh\n|-singleturn|p2a: Caseoh|Protect\n|move|p1a: Torkoal|Eruption|p2b: Fingers|[spread] p2b\n|-activate|p2a: Caseoh|move: Protect\n|-resisted|p2b: Fingers|1\n|-damage|p2b: Fingers|70/100\n|move|p1b: Banette|Knock Off|p2a: Caseoh\n|-activate|p2a: Caseoh|move: Protect\n|\n|-weather|SunnyDay|[upkeep]\n|-heal|p2a: Caseoh|42/100|[from] item: Leftovers\n|upkeep\n|turn|6\n|\n|t:|1776214978\n|switch|p1b: Incineroar|Incineroar, L50, M|100/100\n|-ability|p1b: Incineroar|Intimidate|boost\n|-unboost|p2a: Caseoh|atk|1\n|-unboost|p2b: Fingers|atk|1\n|move|p1a: Torkoal|Protect|p1a: Torkoal\n|-singleturn|p1a: Torkoal|Protect\n|move|p2b: Fingers|Fake Out|p1a: Torkoal\n|-activate|p1a: Torkoal|move: Protect\n|move|p2a: Caseoh|Body Slam|p1a: Torkoal\n|-activate|p1a: Torkoal|move: Protect\n|\n|-weather|SunnyDay|[upkeep]\n|-heal|p2a: Caseoh|48/100|[from] item: Leftovers\n|upkeep\n|turn|7\n|\n|t:|1776215014\n|move|p2a: Caseoh|Protect|p2a: Caseoh\n|-singleturn|p2a: Caseoh|Protect\n|move|p1a: Torkoal|Eruption|p2b: Fingers|[spread] p2b\n|-activate|p2a: Caseoh|move: Protect\n|-resisted|p2b: Fingers|1\n|-damage|p2b: Fingers|35/100\n|move|p2b: Fingers|Parting Shot|p1a: Torkoal\n|-unboost|p1a: Torkoal|atk|1\n|-unboost|p1a: Torkoal|spa|1\n|\n|t:|1776215024\n|switch|p2b: Tea time|Sinistcha, L50|59/100|[from] Parting Shot\n|-heal|p2a: Caseoh|73/100|[from] ability: Hospitality|[of] p2b: Tea time\n|move|p1b: Incineroar|Parting Shot|p2b: Tea time\n|-unboost|p2b: Tea time|atk|1\n|-unboost|p2b: Tea time|spa|1\n|\n|t:|1776215031\n|switch|p1b: Banette|Banette-Mega, L50, F|100/100|[from] Parting Shot\n|\n|-weather|SunnyDay|[upkeep]\n|-heal|p2a: Caseoh|79/100|[from] item: Leftovers\n|upkeep\n|turn|8\n|\n|t:|1776215054\n|switch|p2a: Fingers|Incineroar, L50, M|35/100\n|-ability|p2a: Fingers|Intimidate|boost\n|-unboost|p1a: Torkoal|atk|1\n|-unboost|p1b: Banette|atk|1\n|move|p1a: Torkoal|Eruption|p2a: Fingers|[spread] p2a,p2b\n|-resisted|p2a: Fingers|1\n|-supereffective|p2b: Tea time|1\n|-crit|p2b: Tea time\n|-damage|p2a: Fingers|11/100\n|-damage|p2b: Tea time|0 fnt\n|faint|p2b: Tea time\n|move|p1b: Banette|Knock Off|p2a: Fingers\n|-resisted|p2a: Fingers|1\n|-damage|p2a: Fingers|0 fnt\n|-enditem|p2a: Fingers|Passho Berry|[from] move: Knock Off|[of] p1b: Banette\n|faint|p2a: Fingers\n|\n|-weather|SunnyDay|[upkeep]\n|-fieldend|move: Trick Room\n|upkeep\n|-message|mcfabran000 forfeited.\n|\n|win|bolouva\n|raw|bolouva's rating: 1021 &rarr; <strong>1060</strong><br />(+39 for winning)\n|raw|mcfabran000's rating: 1040 &rarr; <strong>1023</strong><br />(-17 for losing)\n|l|\u2606mcfabran000\n|player|p2|\n",
  "uploadtime": 1776215075,
  "views": 18,
  "formatid": "gen9championsvgc2026regma",
  "rating": 1023,
  "private": 0,
  "password": null
}