{
  "id": "gen9championsvgc2026regma-2584331316",
  "format": "[Gen 9 Champions] VGC 2026 Reg M-A",
  "players": [
    "sbrot",
    "Incoded"
  ],
  "log": "|j|\u2606sbrot\n|j|\u203dIncoded\n|t:|1776252044\n|gametype|doubles\n|player|p1|sbrot|265|1135\n|player|p2|Incoded|n-masters|1047\n|gen|9\n|tier|[Gen 9 Champions] VGC 2026 Reg M-A\n|rated|\n|rule|Species Clause: Limit one of each Pok\u00e9mon\n|rule|Item Clause: Limit 1 of each item\n|clearpoke\n|poke|p1|Ceruledge, L50, M|\n|poke|p1|Meganium, L50, F|\n|poke|p1|Noivern, L50, M|\n|poke|p1|Toxicroak, L50, F|\n|poke|p1|Kleavor, L50, F|\n|poke|p1|Alakazam, L50, M|\n|poke|p2|Aerodactyl, L50, M|\n|poke|p2|Incineroar, L50, M|\n|poke|p2|Chesnaught, L50, M|\n|poke|p2|Primarina, L50, F|\n|poke|p2|Sneasler, L50, M|\n|poke|p2|Floette-Eternal, L50, F|\n|teampreview|4\n|\n|t:|1776252073\n|teamsize|p1|4\n|teamsize|p2|4\n|start\n|switch|p1a: Toxicroak|Toxicroak, L50, F|100/100\n|switch|p1b: Alakazam|Alakazam, L50, M|100/100\n|switch|p2a: Sneasler|Sneasler, L50, M|100/100\n|switch|p2b: Aerodactyl|Aerodactyl, L50, M|100/100\n|-ability|p2b: Aerodactyl|Unnerve\n|turn|1\n|\n|t:|1776252096\n|move|p2a: Sneasler|Fake Out|p1a: Toxicroak\n|-damage|p1a: Toxicroak|82/100\n|cant|p1a: Toxicroak|flinch\n|move|p2b: Aerodactyl|Tailwind|p2b: Aerodactyl\n|-sidestart|p2: Incoded|move: Tailwind\n|move|p1b: Alakazam|Speed Swap|p1a: Toxicroak\n|-activate|p1b: Alakazam|move: Speed Swap|[of] p1a: Toxicroak\n|\n|-heal|p1a: Toxicroak|88/100|[from] item: Leftovers\n|upkeep\n|turn|2\n|\n|t:|1776252118\n|move|p2b: Aerodactyl|Rock Slide|p1b: Alakazam|[spread] p1a,p1b\n|-resisted|p1a: Toxicroak|1\n|-damage|p1a: Toxicroak|73/100\n|-damage|p1b: Alakazam|36/100\n|move|p2a: Sneasler|Coaching|p2b: Aerodactyl\n|-boost|p2b: Aerodactyl|atk|1\n|-boost|p2b: Aerodactyl|def|1\n|cant|p1a: Toxicroak|flinch\n|move|p1b: Alakazam|Reflect|p1b: Alakazam\n|-sidestart|p1: sbrot|Reflect\n|\n|-heal|p1a: Toxicroak|78/100|[from] item: Leftovers\n|upkeep\n|turn|3\n|\n|t:|1776252141\n|move|p2b: Aerodactyl|Rock Slide|p1b: Alakazam|[spread] p1a,p1b\n|-resisted|p1a: Toxicroak|1\n|-damage|p1a: Toxicroak|62/100\n|-damage|p1b: Alakazam|0 fnt\n|faint|p1b: Alakazam\n|move|p2a: Sneasler|Close Combat|p1a: Toxicroak\n|-resisted|p1a: Toxicroak|1\n|-damage|p1a: Toxicroak|34/100\n|-unboost|p2a: Sneasler|def|1\n|-unboost|p2a: Sneasler|spd|1\n|-enditem|p2a: Sneasler|White Herb\n|-clearnegativeboost|p2a: Sneasler|[silent]\n|move|p1a: Toxicroak|Drain Punch|p2b: Aerodactyl\n|-damage|p2b: Aerodactyl|58/100\n|-heal|p1a: Toxicroak|51/100|[from] drain|[of] p2b: Aerodactyl\n|\n|-heal|p1a: Toxicroak|57/100|[from] item: Leftovers\n|upkeep\n|\n|t:|1776252157\n|switch|p1b: Noivern|Noivern, L50, M, shiny|100/100\n|-item|p2b: Aerodactyl|Focus Sash|[from] ability: Frisk|[of] p1b: Noivern\n|turn|4\n|\n|t:|1776252166\n|move|p2a: Sneasler|Coaching|p2b: Aerodactyl\n|-boost|p2b: Aerodactyl|atk|1\n|-boost|p2b: Aerodactyl|def|1\n|move|p2b: Aerodactyl|Rock Slide|p1a: Toxicroak|[spread] p1a,p1b\n|-resisted|p1a: Toxicroak|1\n|-supereffective|p1b: Noivern|1\n|-damage|p1a: Toxicroak|34/100\n|-damage|p1b: Noivern|11/100\n|cant|p1b: Noivern|flinch\n|cant|p1a: Toxicroak|flinch\n|\n|-heal|p1a: Toxicroak|40/100|[from] item: Leftovers\n|-sideend|p2: Incoded|move: Tailwind\n|upkeep\n|turn|5\n|\n|t:|1776252196\n|move|p2a: Sneasler|Coaching|p2b: Aerodactyl\n|-boost|p2b: Aerodactyl|atk|1\n|-boost|p2b: Aerodactyl|def|1\n|move|p2b: Aerodactyl|Rock Slide|p1a: Toxicroak|[spread] p1a,p1b\n|-resisted|p1a: Toxicroak|1\n|-crit|p1a: Toxicroak\n|-supereffective|p1b: Noivern|1\n|-damage|p1a: Toxicroak|0 fnt\n|-damage|p1b: Noivern|0 fnt\n|faint|p1a: Toxicroak\n|faint|p1b: Noivern\n|\n|upkeep\n|-message|sbrot forfeited.\n|\n|win|Incoded\n|raw|sbrot's rating: 1135 &rarr; <strong>1104</strong><br />(-31 for losing)\n|raw|Incoded's rating: 1047 &rarr; <strong>1088</strong><br />(+41 for winning)\n|l|\u2606sbrot\n|player|p1|\n",
  "uploadtime": 1776252223,
  "views": 31,
  "formatid": "gen9championsvgc2026regma",
  "rating": 1088,
  "private": 0,
  "password": null
}