{
  "id": "gen9championsvgc2026regma-2581959071",
  "format": "[Gen 9 Champions] VGC 2026 Reg M-A",
  "players": [
    "Brumi500",
    "MaxiSilv"
  ],
  "log": "|j|\u2606Brumi500\n|j|\u2606MaxiSilv\n|t:|1776043336\n|gametype|doubles\n|player|p1|Brumi500|red|1117\n|player|p2|MaxiSilv|102|1101\n|gen|9\n|tier|[Gen 9 Champions] VGC 2026 Reg M-A\n|rated|\n|rule|Species Clause: Limit one of each Pok\u00e9mon\n|rule|Item Clause: Limit 1 of each item\n|clearpoke\n|poke|p1|Dragonite, L50, M|\n|poke|p1|Pelipper, L50, F|\n|poke|p1|Sneasler, L50, F|\n|poke|p1|Basculegion, L50, M|\n|poke|p1|Archaludon, L50, F|\n|poke|p1|Kingambit, L50, F|\n|poke|p2|Tyranitar, L50, F|\n|poke|p2|Excadrill, L50, F|\n|poke|p2|Delphox, L50, M|\n|poke|p2|Milotic, L50, M|\n|poke|p2|Sinistcha, L50|\n|poke|p2|Sylveon, L50, M|\n|teampreview|4\nMaxiSilv has agreed to open team sheets.\n|inactive|Battle timer is ON: inactive players will automatically lose when time's up. (requested by Brumi500)\n|\n|t:|1776043382\n|teamsize|p1|4\n|teamsize|p2|4\n|start\n|switch|p1a: Pelipper|Pelipper, L50, F|100/100\n|switch|p1b: Basculegion|Basculegion, L50, M|100/100\n|switch|p2a: Excadrill|Excadrill, L50, F|100/100\n|switch|p2b: Tyranitar|Tyranitar, L50, F|100/100\n|-weather|Sandstorm|[from] ability: Sand Stream|[of] p2b: Tyranitar\n|-weather|RainDance|[from] ability: Drizzle|[of] p1a: Pelipper\n|turn|1\n|inactive|Brumi500 has 30 seconds left.\n|inactive|MaxiSilv has 30 seconds left.\n|inactive|MaxiSilv has 20 seconds left.\n|inactive|MaxiSilv has 15 seconds left.\n|\n|t:|1776043425\n|switch|p2a: Milotic|Milotic, L50, M|100/100\n|detailschange|p2b: Tyranitar|Tyranitar-Mega, L50, F\n|-mega|p2b: Tyranitar|Tyranitar|Tyranitarite\n|-weather|Sandstorm|[from] ability: Sand Stream|[of] p2b: Tyranitar\n|move|p1b: Basculegion|Wave Crash|p2a: Milotic\n|-resisted|p2a: Milotic|1\n|-damage|p2a: Milotic|76/100\n|-damage|p1b: Basculegion|92/100|[from] Recoil\n|move|p2b: Tyranitar|Rock Slide|p1a: Pelipper|[spread] p1b\n|-miss|p2b: Tyranitar|p1a: Pelipper\n|-damage|p1b: Basculegion|48/100\n|move|p1a: Pelipper|Weather Ball|p2b: Tyranitar\n|-damage|p2b: Tyranitar|89/100\n|\n|-weather|Sandstorm|[upkeep]\n|-damage|p1b: Basculegion|42/100|[from] Sandstorm\n|-damage|p2a: Milotic|70/100|[from] Sandstorm\n|-damage|p1a: Pelipper|95/100|[from] Sandstorm\n|-heal|p2a: Milotic|76/100|[from] item: Leftovers\n|upkeep\n|turn|2\n|inactive|MaxiSilv has 30 seconds left.\n|\n|t:|1776043453\n|switch|p1a: Kingambit|Kingambit, L50, F|100/100\n|move|p2a: Milotic|Helping Hand|p2b: Tyranitar\n|-singleturn|p2b: Tyranitar|Helping Hand|[of] p2a: Milotic\n|move|p1b: Basculegion|Wave Crash|p2b: Tyranitar\n|-supereffective|p2b: Tyranitar|1\n|-damage|p2b: Tyranitar|7/100\n|-damage|p1b: Basculegion|13/100|[from] Recoil\n|move|p2b: Tyranitar|Rock Slide|p1b: Basculegion|[spread] p1a,p1b\n|-resisted|p1a: Kingambit|1\n|-damage|p1a: Kingambit|85/100\n|-damage|p1b: Basculegion|0 fnt\n|faint|p1b: Basculegion\n|\n|-weather|Sandstorm|[upkeep]\n|-damage|p2a: Milotic|70/100|[from] Sandstorm\n|-heal|p2a: Milotic|76/100|[from] item: Leftovers\n|upkeep\n|\n|t:|1776043465\n|switch|p1b: Pelipper|Pelipper, L50, F|95/100\n|-weather|RainDance|[from] ability: Drizzle|[of] p1b: Pelipper\n|turn|3\n|inactive|MaxiSilv has 30 seconds left.\n|\n|t:|1776043492\n|switch|p2b: Sinistcha|Sinistcha, L50|100/100\n|-heal|p2a: Milotic|100/100|[from] ability: Hospitality|[of] p2b: Sinistcha\n|move|p1a: Kingambit|Sucker Punch||[still]\n|-fail|p1a: Kingambit\n|move|p2a: Milotic|Scald|p1a: Kingambit\n|-damage|p1a: Kingambit|43/100\n|move|p1b: Pelipper|Tailwind|p1b: Pelipper\n|-sidestart|p1: Brumi500|move: Tailwind\n|\n|-weather|RainDance|[upkeep]\n|upkeep\n|turn|4\n|inactive|MaxiSilv has 30 seconds left.\n|\n|t:|1776043518\n|move|p1b: Pelipper|Hurricane|p2b: Sinistcha\n|-supereffective|p2b: Sinistcha|1\n|-damage|p2b: Sinistcha|25/100\n|-enditem|p2b: Sinistcha|Sitrus Berry|[eat]\n|-heal|p2b: Sinistcha|50/100|[from] item: Sitrus Berry\n|move|p1a: Kingambit|Kowtow Cleave|p2b: Sinistcha\n|-supereffective|p2b: Sinistcha|1\n|-damage|p2b: Sinistcha|0 fnt\n|faint|p2b: Sinistcha\n|move|p2a: Milotic|Scald|p1b: Pelipper\n|-resisted|p1b: Pelipper|1\n|-damage|p1b: Pelipper|66/100\n|\n|-weather|RainDance|[upkeep]\n|upkeep\n|\n|t:|1776043535\n|switch|p2b: Excadrill|Excadrill, L50, F|100/100\n|turn|5\n|inactive|MaxiSilv has 30 seconds left.\n|inactive|MaxiSilv has 20 seconds left.\n|inactive|MaxiSilv has 15 seconds left.\n|\n|t:|1776043579\n|switch|p1b: Dragonite|Dragonite, L50, M|100/100\n|switch|p2a: Tyranitar|Tyranitar-Mega, L50, F|7/100\n|-weather|Sandstorm|[from] ability: Sand Stream|[of] p2a: Tyranitar\n|move|p2b: Excadrill|Rock Slide|p1b: Dragonite|[spread] p1a,p1b\n|-resisted|p1a: Kingambit|1\n|-supereffective|p1b: Dragonite|1\n|-damage|p1a: Kingambit|37/100\n|-damage|p1b: Dragonite|56/100\n|cant|p1a: Kingambit|flinch\n|\n|-weather|Sandstorm|[upkeep]\n|-damage|p1b: Dragonite|50/100|[from] Sandstorm\n|upkeep\n|turn|6\n|inactive|MaxiSilv has 30 seconds left.\n|\n|t:|1776043610\n|switch|p1a: Pelipper|Pelipper, L50, F|66/100\n|-weather|RainDance|[from] ability: Drizzle|[of] p1a: Pelipper\n|switch|p2a: Milotic|Milotic, L50, M|100/100\n|detailschange|p1b: Dragonite|Dragonite-Mega, L50, M\n|-mega|p1b: Dragonite|Dragonite|Dragoninite\n|move|p1b: Dragonite|Protect|p1b: Dragonite\n|-singleturn|p1b: Dragonite|Protect\n|move|p2b: Excadrill|High Horsepower|p1a: Pelipper\n|-immune|p1a: Pelipper\n|\n|-weather|RainDance|[upkeep]\n|-sideend|p1: Brumi500|move: Tailwind\n|upkeep\n|turn|7\n|inactive|MaxiSilv has 30 seconds left.\n|\n|t:|1776043641\n|switch|p2a: Tyranitar|Tyranitar-Mega, L50, F|7/100\n|-weather|Sandstorm|[from] ability: Sand Stream|[of] p2a: Tyranitar\n|move|p2b: Excadrill|Rock Slide|p1b: Dragonite|[spread] p1a,p1b\n|-supereffective|p1a: Pelipper|1\n|-supereffective|p1b: Dragonite|1\n|-damage|p1a: Pelipper|35/100\n|-damage|p1b: Dragonite|9/100\n|move|p1b: Dragonite|Thunder|p2a: Tyranitar\n|-damage|p2a: Tyranitar|0 fnt\n|faint|p2a: Tyranitar\n|cant|p1a: Pelipper|flinch\n|\n|-weather|Sandstorm|[upkeep]\n|-damage|p1b: Dragonite|3/100|[from] Sandstorm\n|-damage|p1a: Pelipper|29/100|[from] Sandstorm\n|upkeep\n|\n|t:|1776043655\n|switch|p2a: Milotic|Milotic, L50, M|100/100\n|turn|8\n|\n|t:|1776043666\n|switch|p1a: Kingambit|Kingambit, L50, F|37/100\n|move|p1b: Dragonite|Protect|p1b: Dragonite\n|-singleturn|p1b: Dragonite|Protect\n|move|p2b: Excadrill|Rock Slide|p1a: Kingambit|[spread] \n|-activate|p1b: Dragonite|move: Protect\n|-miss|p2b: Excadrill|p1a: Kingambit\n|move|p2a: Milotic|Icy Wind|p1b: Dragonite|[spread] p1a\n|-activate|p1b: Dragonite|move: Protect\n|-resisted|p1a: Kingambit|1\n|-damage|p1a: Kingambit|33/100\n|-unboost|p1a: Kingambit|spe|1\n|-ability|p1a: Kingambit|Defiant|boost\n|-boost|p1a: Kingambit|atk|2\n|\n|-weather|Sandstorm|[upkeep]\n|-damage|p1b: Dragonite|0 fnt|[from] Sandstorm\n|-damage|p2a: Milotic|95/100|[from] Sandstorm\n|faint|p1b: Dragonite\n|-heal|p2a: Milotic|100/100|[from] item: Leftovers\n|upkeep\n|\n|t:|1776043680\n|switch|p1b: Pelipper|Pelipper, L50, F|29/100\n|-weather|RainDance|[from] ability: Drizzle|[of] p1b: Pelipper\n|turn|9\n|\n|t:|1776043704\n|move|p2b: Excadrill|High Horsepower|p1a: Kingambit\n|-supereffective|p1a: Kingambit|1\n|-damage|p1a: Kingambit|0 fnt\n|faint|p1a: Kingambit\n|move|p2a: Milotic|Scald|p1b: Pelipper\n|-resisted|p1b: Pelipper|1\n|-damage|p1b: Pelipper|0 fnt\n|faint|p1b: Pelipper\n|\n|win|MaxiSilv\n|raw|Brumi500's rating: 1117 &rarr; <strong>1091</strong><br />(-26 for losing)\n|raw|MaxiSilv's rating: 1101 &rarr; <strong>1127</strong><br />(+26 for winning)\n|l|\u2606Brumi500\n|player|p1|\n|c|\u2606MaxiSilv|gg\n",
  "uploadtime": 1776043723,
  "views": 59,
  "formatid": "gen9championsvgc2026regma",
  "rating": 1091,
  "private": 0,
  "password": null
}