{
  "id": "gen9championsvgc2026regma-2583776348",
  "format": "[Gen 9 Champions] VGC 2026 Reg M-A",
  "players": [
    "heyitsmegiff",
    "Bielle Tina"
  ],
  "log": "|j|\u2606heyitsmegiff\n|j|\u2606Bielle Tina\n|t:|1776196927\n|gametype|doubles\n|player|p1|heyitsmegiff|hiker-gen4|1240\n|player|p2|Bielle Tina|169|1332\n|gen|9\n|tier|[Gen 9 Champions] VGC 2026 Reg M-A\n|rated|\n|rule|Species Clause: Limit one of each Pok\u00e9mon\n|rule|Item Clause: Limit 1 of each item\n|clearpoke\n|poke|p1|Golurk, L50|\n|poke|p1|Torkoal, L50, M|\n|poke|p1|Venusaur, L50, F|\n|poke|p1|Farigiraf, L50, F|\n|poke|p1|Incineroar, L50, F|\n|poke|p1|Sneasler, L50, F|\n|poke|p2|Froslass, L50, F|\n|poke|p2|Rotom-Wash, L50|\n|poke|p2|Sneasler, L50, M|\n|poke|p2|Whimsicott, L50, F|\n|poke|p2|Kingambit, L50, F|\n|poke|p2|Volcarona, L50, F|\n|teampreview|4\nheyitsmegiff has agreed to open team sheets.\n|\n|t:|1776196959\n|teamsize|p1|4\n|teamsize|p2|4\n|start\n|switch|p1a: Farigiraf|Farigiraf, L50, F|100/100\n|switch|p1b: Sneasler|Sneasler, L50, F|100/100\n|switch|p2a: Kingambit|Kingambit, L50, F, shiny|100/100\n|switch|p2b: Volcarona|Volcarona, L50, F, shiny|100/100\n|turn|1\n|inactive|Battle timer is ON: inactive players will automatically lose when time's up. (requested by Bielle Tina)\n|\n|t:|1776196982\n|switch|p2a: Froslass|Froslass, L50, F, shiny|100/100\n|move|p2b: Volcarona|Protect|p2b: Volcarona\n|-singleturn|p2b: Volcarona|Protect\n|move|p1b: Sneasler|Fake Out|p2a: Froslass\n|-immune|p2a: Froslass\n|move|p1a: Farigiraf|Trick Room|p1a: Farigiraf\n|-fieldstart|move: Trick Room|[of] p1a: Farigiraf\n|\n|upkeep\n|turn|2\n|inactive|heyitsmegiff has 30 seconds left.\n|\n|t:|1776197008\n|detailschange|p2a: Froslass|Froslass-Mega, L50, F, shiny\n|-mega|p2a: Froslass|Froslass|Froslassite\n|-weather|Snowscape|[from] ability: Snow Warning|[of] p2a: Froslass\n|move|p1a: Farigiraf|Psychic|p2b: Volcarona\n|-damage|p2b: Volcarona|60/100\n|move|p2b: Volcarona|Quiver Dance|p2b: Volcarona\n|-boost|p2b: Volcarona|spa|1\n|-boost|p2b: Volcarona|spd|1\n|-boost|p2b: Volcarona|spe|1\n|move|p1b: Sneasler|Close Combat|p2b: Volcarona\n|-resisted|p2b: Volcarona|1\n|-damage|p2b: Volcarona|22/100\n|-unboost|p1b: Sneasler|def|1\n|-unboost|p1b: Sneasler|spd|1\n|-status|p1b: Sneasler|brn|[from] ability: Flame Body|[of] p2b: Volcarona\n|-enditem|p1b: Sneasler|White Herb\n|-clearnegativeboost|p1b: Sneasler|[silent]\n|move|p2a: Froslass|Blizzard|p1a: Farigiraf|[spread] p1a,p1b\n|-damage|p1a: Farigiraf|54/100\n|-damage|p1b: Sneasler|36/100 brn\n|\n|-weather|Snowscape|[upkeep]\n|-heal|p2b: Volcarona|29/100|[from] item: Leftovers\n|-damage|p1b: Sneasler|31/100 brn|[from] brn\n|upkeep\n|turn|3\n|inactive|heyitsmegiff has 30 seconds left.\n|inactive|Bielle Tina has 30 seconds left.\n|\n|t:|1776197040\n|move|p2b: Volcarona|Protect|p2b: Volcarona\n|-singleturn|p2b: Volcarona|Protect\n|move|p1a: Farigiraf|Psychic|p2a: Froslass\n|-damage|p2a: Froslass|49/100\n|move|p2a: Froslass|Aurora Veil|p2a: Froslass\n|-sidestart|p2: Bielle Tina|move: Aurora Veil\n|move|p1b: Sneasler|Dire Claw|p2a: Froslass\n|-resisted|p2a: Froslass|1\n|-damage|p2a: Froslass|40/100\n|-status|p2a: Froslass|psn\n|\n|-weather|Snowscape|[upkeep]\n|-heal|p2b: Volcarona|35/100|[from] item: Leftovers\n|-damage|p2a: Froslass|28/100 psn|[from] psn\n|-damage|p1b: Sneasler|25/100 brn|[from] brn\n|upkeep\n|turn|4\n|\n|t:|1776197064\n|switch|p2a: Kingambit|Kingambit, L50, F, shiny|100/100\n|move|p1a: Farigiraf|Psychic|p2b: Volcarona\n|-damage|p2b: Volcarona|17/100\n|move|p2b: Volcarona|Struggle Bug|p1b: Sneasler|[spread] p1a,p1b\n|-supereffective|p1a: Farigiraf|1\n|-resisted|p1b: Sneasler|2\n|-damage|p1a: Farigiraf|1/100\n|-damage|p1b: Sneasler|17/100 brn\n|-unboost|p1a: Farigiraf|spa|1\n|-unboost|p1b: Sneasler|spa|1\n|move|p1b: Sneasler|Dire Claw|p2b: Volcarona\n|-damage|p2b: Volcarona|0 fnt\n|faint|p2b: Volcarona\n|\n|-weather|Snowscape|[upkeep]\n|-damage|p1b: Sneasler|11/100 brn|[from] brn\n|upkeep\n|\n|t:|1776197081\n|switch|p2b: Rotom|Rotom-Wash, L50, shiny|100/100\n|turn|5\n|\n|t:|1776197105\n|move|p2a: Kingambit|Protect|p2a: Kingambit\n|-singleturn|p2a: Kingambit|Protect\n|move|p1a: Farigiraf|Protect|p1a: Farigiraf\n|-singleturn|p1a: Farigiraf|Protect\n|move|p2b: Rotom|Electroweb|p1a: Farigiraf|[spread] \n|-activate|p1a: Farigiraf|move: Protect\n|-miss|p2b: Rotom|p1b: Sneasler\n|move|p1b: Sneasler|Close Combat|p2a: Kingambit\n|-activate|p2a: Kingambit|move: Protect\n|\n|-weather|Snowscape|[upkeep]\n|-damage|p1b: Sneasler|5/100 brn|[from] brn\n|-fieldend|move: Trick Room\n|upkeep\n|turn|6\n|\n|t:|1776197128\n|switch|p1a: Golurk|Golurk, L50|100/100\n|switch|p2a: Froslass|Froslass-Mega, L50, F, shiny|28/100 psn\n|move|p1b: Sneasler|Close Combat|p2a: Froslass\n|-immune|p2a: Froslass\n|move|p2b: Rotom|Electroweb|p1b: Sneasler|[spread] p1b\n|-immune|p1a: Golurk\n|-damage|p1b: Sneasler|0 fnt\n|faint|p1b: Sneasler\n|\n|-weather|none\n|-damage|p2a: Froslass|15/100 psn|[from] psn\n|upkeep\n|inactive|heyitsmegiff has 30 seconds left.\n|\n|t:|1776197158\n|switch|p1b: Torkoal|Torkoal, L50, M|100/100\n|-weather|SunnyDay|[from] ability: Drought|[of] p1b: Torkoal\n|turn|7\n|inactive|heyitsmegiff has 30 seconds left.\n|inactive|heyitsmegiff has 20 seconds left.\n|\n|t:|1776197197\n|move|p1a: Golurk|Protect|p1a: Golurk\n|-singleturn|p1a: Golurk|Protect\n|move|p2a: Froslass|Shadow Ball|p1a: Golurk\n|-activate|p1a: Golurk|move: Protect\n|move|p2b: Rotom|Hydro Pump|p1b: Torkoal\n|-supereffective|p1b: Torkoal|1\n|-damage|p1b: Torkoal|33/100\n|move|p1b: Torkoal|Flamethrower|p2a: Froslass\n|-supereffective|p2a: Froslass|1\n|-damage|p2a: Froslass|0 fnt\n|faint|p2a: Froslass\n|\n|-weather|SunnyDay|[upkeep]\n|-sideend|p2: Bielle Tina|move: Aurora Veil\n|upkeep\n|\n|t:|1776197210\n|switch|p2a: Kingambit|Kingambit, L50, F, shiny|100/100\n|turn|8\n|\n|t:|1776197233\n|switch|p1b: Farigiraf|Farigiraf, L50, F|1/100\n|detailschange|p1a: Golurk|Golurk-Mega, L50\n|-mega|p1a: Golurk|Golurk|Golurkite\n|move|p2b: Rotom|Thunderbolt|p1b: Farigiraf\n|-damage|p1b: Farigiraf|0 fnt\n|faint|p1b: Farigiraf\n|move|p2a: Kingambit|Kowtow Cleave|p1a: Golurk\n|-supereffective|p1a: Golurk|1\n|-damage|p1a: Golurk|0 fnt\n|faint|p1a: Golurk\n|\n|-weather|SunnyDay|[upkeep]\n|upkeep\n|\n|t:|1776197256\n|switch|p1a: Torkoal|Torkoal, L50, M|33/100\n|turn|9\n|-message|heyitsmegiff forfeited.\n|\n|win|Bielle Tina\n|raw|heyitsmegiff's rating: 1240 &rarr; <strong>1221</strong><br />(-19 for losing)\n|raw|Bielle Tina's rating: 1332 &rarr; <strong>1347</strong><br />(+15 for winning)\n",
  "uploadtime": 1776197280,
  "views": 21,
  "formatid": "gen9championsvgc2026regma",
  "rating": 1221,
  "private": 0,
  "password": null
}