{
  "id": "gen9championsvgc2026regma-2583223757",
  "format": "[Gen 9 Champions] VGC 2026 Reg M-A",
  "players": [
    "r1xohbilbaopremo",
    "It'sJustKen VGC"
  ],
  "log": "|j|\u2606r1xohbilbaopremo\n|j|\u2606It'sJustKen VGC\n|t:|1776156602\n|gametype|doubles\n|player|p1|r1xohbilbaopremo|ltsurge|1221\n|player|p2|It'sJustKen VGC|266|1219\n|gen|9\n|tier|[Gen 9 Champions] VGC 2026 Reg M-A\n|rated|\n|rule|Species Clause: Limit one of each Pok\u00e9mon\n|rule|Item Clause: Limit 1 of each item\n|clearpoke\n|poke|p1|Glimmora, L50, M|\n|poke|p1|Ninetales-Alola, L50, M|\n|poke|p1|Orthworm, L50, F|\n|poke|p1|Garchomp, L50, M|\n|poke|p1|Tauros-Paldea-Aqua, L50, M|\n|poke|p1|Sinistcha-Masterpiece, L50|\n|poke|p2|Floette-Eternal, L50, F|\n|poke|p2|Espathra, L50, M|\n|poke|p2|Incineroar, L50, F|\n|poke|p2|Sneasler, L50, F|\n|poke|p2|Basculegion, L50, M|\n|poke|p2|Kingambit, L50, M|\n|teampreview|4\n|inactive|Battle timer is ON: inactive players will automatically lose when time's up. (requested by It'sJustKen VGC)\nr1xohbilbaopremo rejected open team sheets.\n|inactive|r1xohbilbaopremo has 60 seconds left.\n|\n|t:|1776156651\n|teamsize|p1|4\n|teamsize|p2|4\n|start\n|switch|p1a: Ninetales|Ninetales-Alola, L50, M|100/100\n|switch|p1b: Garchomp|Garchomp, L50, M|100/100\n|switch|p2a: Just Dance|Floette-Eternal, L50, F|100/100\n|switch|p2b: Bad Romance|Espathra, L50, M|100/100\n|-weather|Snowscape|[from] ability: Snow Warning|[of] p1a: Ninetales\n|turn|1\n|\n|t:|1776156669\n|detailschange|p2a: Just Dance|Floette-Mega, L50, F\n|-mega|p2a: Just Dance|Floette|Floettite\n|-ability|p2a: Just Dance|Fairy Aura\n|move|p1b: Garchomp|Stomping Tantrum|p2a: Just Dance\n|-damage|p2a: Just Dance|59/100\n|move|p1a: Ninetales|Aurora Veil|p1a: Ninetales\n|-sidestart|p1: r1xohbilbaopremo|move: Aurora Veil\n|move|p2b: Bad Romance|Lumina Crash|p1b: Garchomp\n|-damage|p1b: Garchomp|76/100\n|-unboost|p1b: Garchomp|spd|2\n|move|p2a: Just Dance|Dazzling Gleam|p1b: Garchomp|[spread] p1a,p1b\n|-supereffective|p1b: Garchomp|1\n|-damage|p1a: Ninetales|69/100\n|-damage|p1b: Garchomp|0 fnt\n|faint|p1b: Garchomp\n|\n|-weather|Snowscape|[upkeep]\n|-ability|p2b: Bad Romance|Speed Boost|boost\n|-boost|p2b: Bad Romance|spe|1\n|upkeep\n|\n|t:|1776156683\n|switch|p1b: Orthworm|Orthworm, L50, F|100/100\n|turn|2\n|\n|t:|1776156692\n|move|p2b: Bad Romance|Lumina Crash|p1a: Ninetales\n|-damage|p1a: Ninetales|38/100\n|-unboost|p1a: Ninetales|spd|2\n|move|p1a: Ninetales|Blizzard|p2b: Bad Romance|[spread] p2a,p2b\n|-damage|p2a: Just Dance|35/100\n|-damage|p2b: Bad Romance|55/100\n|move|p2a: Just Dance|Substitute|p2a: Just Dance\n|-start|p2a: Just Dance|Substitute\n|-damage|p2a: Just Dance|10/100\n|move|p1b: Orthworm|Heavy Slam|p2a: Just Dance\n|-supereffective|p2a: Just Dance|1\n|-end|p2a: Just Dance|Substitute\n|\n|-weather|Snowscape|[upkeep]\n|-ability|p2b: Bad Romance|Speed Boost|boost\n|-boost|p2b: Bad Romance|spe|1\n|upkeep\n|turn|3\n|\n|t:|1776156708\n|move|p1a: Ninetales|Protect|p1a: Ninetales\n|-singleturn|p1a: Ninetales|Protect\n|move|p2a: Just Dance|Protect|p2a: Just Dance\n|-singleturn|p2a: Just Dance|Protect\n|move|p2b: Bad Romance|Lumina Crash|p1a: Ninetales\n|-activate|p1a: Ninetales|move: Protect\n|move|p1b: Orthworm|Heavy Slam|p2b: Bad Romance\n|-damage|p2b: Bad Romance|19/100\n|\n|-weather|Snowscape|[upkeep]\n|-ability|p2b: Bad Romance|Speed Boost|boost\n|-boost|p2b: Bad Romance|spe|1\n|upkeep\n|turn|4\n|inactive|It'sJustKen VGC has 30 seconds left.\n|\n|t:|1776156741\n|move|p1a: Ninetales|Protect|p1a: Ninetales\n|-singleturn|p1a: Ninetales|Protect\n|move|p2b: Bad Romance|Lumina Crash|p1a: Ninetales\n|-activate|p1a: Ninetales|move: Protect\n|move|p2a: Just Dance|Dazzling Gleam|p1b: Orthworm|[spread] p1b\n|-activate|p1a: Ninetales|move: Protect\n|-resisted|p1b: Orthworm|1\n|-damage|p1b: Orthworm|88/100\n|move|p1b: Orthworm|Heavy Slam|p2b: Bad Romance\n|-damage|p2b: Bad Romance|0 fnt\n|faint|p2b: Bad Romance\n|\n|-weather|Snowscape|[upkeep]\n|upkeep\n|\n|t:|1776156747\n|switch|p2b: Poker Face|Sneasler, L50, F|100/100\n|turn|5\n|\n|t:|1776156754\n|move|p2b: Poker Face|Fake Out|p1a: Ninetales\n|-damage|p1a: Ninetales|28/100\n|cant|p1a: Ninetales|flinch\n|move|p2a: Just Dance|Dazzling Gleam|p1a: Ninetales|[spread] p1a,p1b\n|-resisted|p1b: Orthworm|1\n|-damage|p1a: Ninetales|0 fnt\n|-damage|p1b: Orthworm|73/100\n|faint|p1a: Ninetales\n|move|p1b: Orthworm|Heavy Slam|p2a: Just Dance\n|-supereffective|p2a: Just Dance|1\n|-damage|p2a: Just Dance|0 fnt\n|faint|p2a: Just Dance\n|\n|-weather|none\n|-sideend|p1: r1xohbilbaopremo|move: Aurora Veil\n|upkeep\n|\n|t:|1776156760\n|switch|p1a: Glimmora|Glimmora, L50, M|100/100\n|switch|p2a: Shallow|Basculegion, L50, M|100/100\n|turn|6\n|\n|t:|1776156781\n|move|p1a: Glimmora|Spiky Shield|p1a: Glimmora\n|-singleturn|p1a: Glimmora|move: Protect\n|move|p1b: Orthworm|Protect|p1b: Orthworm\n|-singleturn|p1b: Orthworm|Protect\n|move|p2a: Shallow|Wave Crash|p1a: Glimmora\n|-activate|p1a: Glimmora|move: Protect\n|-damage|p2a: Shallow|88/100|[from] Spiky Shield|[of] p1a: Glimmora\n|move|p2b: Poker Face|Close Combat|p1b: Orthworm\n|-activate|p1b: Orthworm|move: Protect\n|\n|upkeep\n|turn|7\n|inactive|It'sJustKen VGC has 30 seconds left.\n|\n|t:|1776156810\n|detailschange|p1a: Glimmora|Glimmora-Mega, L50, M\n|-mega|p1a: Glimmora|Glimmora|Glimmoranite\n|move|p2a: Shallow|Wave Crash|p1a: Glimmora\n|-supereffective|p1a: Glimmora|1\n|-damage|p1a: Glimmora|0 fnt\n|faint|p1a: Glimmora\n|-damage|p2a: Shallow|62/100|[from] Recoil\n|move|p2b: Poker Face|Close Combat|p1b: Orthworm\n|-supereffective|p1b: Orthworm|1\n|-damage|p1b: Orthworm|0 fnt\n|-unboost|p2b: Poker Face|def|1\n|-unboost|p2b: Poker Face|spd|1\n|faint|p1b: Orthworm\n|\n|win|It'sJustKen VGC\n|raw|r1xohbilbaopremo's rating: 1221 &rarr; <strong>1198</strong><br />(-23 for losing)\n|raw|It&apos;sJustKen VGC's rating: 1242 &rarr; <strong>1265</strong><br />(+23 for winning)\n",
  "uploadtime": 1776156813,
  "views": 19,
  "formatid": "gen9championsvgc2026regma",
  "rating": 1198,
  "private": 0,
  "password": null
}