{
  "id": "gen9championsvgc2026regma-2588154220",
  "format": "[Gen 9 Champions] VGC 2026 Reg M-A",
  "players": [
    "magato123",
    "JemJar"
  ],
  "log": "|j|\u2606magato123\n|j|\u2606JemJar\n|t:|1776609702\n|gametype|doubles\n|player|p1|magato123|turo-ai|1023\n|player|p2|JemJar|2|1082\n|gen|9\n|tier|[Gen 9 Champions] VGC 2026 Reg M-A\n|rated|\n|rule|Species Clause: Limit one of each Pok\u00e9mon\n|rule|Item Clause: Limit 1 of each item\n|clearpoke\n|poke|p1|Gengar, L50, M|\n|poke|p1|Garchomp, L50, F|\n|poke|p1|Basculegion, L50, M|\n|poke|p1|Clefable, L50, F|\n|poke|p1|Sneasler, L50, F|\n|poke|p1|Sableye, L50, M|\n|poke|p2|Delphox, L50, M|\n|poke|p2|Floette-Eternal, L50, F|\n|poke|p2|Maushold, L50|\n|poke|p2|Aerodactyl, L50, F|\n|poke|p2|Garchomp, L50, F|\n|poke|p2|Incineroar, L50, F|\n|teampreview|4\n|inactive|Battle timer is ON: inactive players will automatically lose when time's up. (requested by magato123)\nmagato123 rejected open team sheets.\n|j| SADATO69\n|\n|t:|1776609725\n|teamsize|p1|4\n|teamsize|p2|4\n|start\n|switch|p1a: Clefable|Clefable, L50, F|100/100\n|switch|p1b: Sneasler|Sneasler, L50, F|100/100\n|switch|p2a: Garchomp|Garchomp, L50, F|100/100\n|switch|p2b: Delphox|Delphox, L50, M|100/100\n|turn|1\n|inactive|JemJar has 30 seconds left.\n|\n|t:|1776609751\n|detailschange|p2b: Delphox|Delphox-Mega, L50, M\n|-mega|p2b: Delphox|Delphox|Delphoxite\n|move|p1b: Sneasler|Protect|p1b: Sneasler\n|-singleturn|p1b: Sneasler|Protect\n|move|p2b: Delphox|Psychic|p1b: Sneasler\n|-activate|p1b: Sneasler|move: Protect\n|move|p2a: Garchomp|Earthquake|p1b: Sneasler|[spread] p1a\n|-activate|p1b: Sneasler|move: Protect\n|-immune|p2b: Delphox|[from] ability: Levitate\n|-damage|p1a: Clefable|64/100\n|move|p1a: Clefable|Icy Wind|p2a: Garchomp|[spread] p2a,p2b\n|-supereffective|p2a: Garchomp|2\n|-resisted|p2b: Delphox|1\n|-damage|p2a: Garchomp|68/100\n|-damage|p2b: Delphox|97/100\n|-unboost|p2a: Garchomp|spe|1\n|-unboost|p2b: Delphox|spe|1\n|-enditem|p2a: Garchomp|White Herb\n|-clearnegativeboost|p2a: Garchomp|[silent]\n|\n|-heal|p1a: Clefable|70/100|[from] item: Leftovers\n|upkeep\n|turn|2\n|\n|t:|1776609772\n|move|p2a: Garchomp|Protect|p2a: Garchomp\n|-singleturn|p2a: Garchomp|Protect\n|move|p1b: Sneasler|Gunk Shot|p2a: Garchomp\n|-activate|p2a: Garchomp|move: Protect\n|move|p2b: Delphox|Psychic|p1b: Sneasler\n|-supereffective|p1b: Sneasler|2\n|-enditem|p1b: Sneasler|Focus Sash\n|-damage|p1b: Sneasler|1/100\n|-unboost|p1b: Sneasler|spd|1\n|move|p1a: Clefable|Icy Wind|p2b: Delphox|[spread] p2b\n|-activate|p2a: Garchomp|move: Protect\n|-resisted|p2b: Delphox|1\n|-damage|p2b: Delphox|92/100\n|-unboost|p2b: Delphox|spe|1\n|\n|-heal|p1a: Clefable|76/100|[from] item: Leftovers\n|upkeep\n|turn|3\n|\n|t:|1776609792\n|move|p1b: Sneasler|Close Combat|p2b: Delphox\n|-resisted|p2b: Delphox|1\n|-damage|p2b: Delphox|54/100\n|-unboost|p1b: Sneasler|def|1\n|-unboost|p1b: Sneasler|spd|1\n|move|p2a: Garchomp|Earthquake|p1a: Clefable|[spread] p1a,p1b\n|-immune|p2b: Delphox|[from] ability: Levitate\n|-supereffective|p1b: Sneasler|1\n|-damage|p1a: Clefable|40/100\n|-damage|p1b: Sneasler|0 fnt\n|faint|p1b: Sneasler\n|move|p2b: Delphox|Heat Wave|p1a: Clefable\n|-damage|p1a: Clefable|0 fnt\n|faint|p1a: Clefable\n|\n|upkeep\n|\n|t:|1776609793\n|switch|p1b: Garchomp|Garchomp, L50, F|100/100\n|switch|p1a: Basculegion|Basculegion, L50, M|100/100\n|turn|4\n|\n|t:|1776609816\n|detailschange|p1b: Garchomp|Garchomp-Mega, L50, F\n|-mega|p1b: Garchomp|Garchomp|Garchompite\n|move|p2b: Delphox|Protect|p2b: Delphox\n|-singleturn|p2b: Delphox|Protect\n|move|p1a: Basculegion|Aqua Jet|p2a: Garchomp\n|-damage|p2a: Garchomp|43/100\n|-damage|p1a: Basculegion|88/100|[from] ability: Rough Skin|[of] p2a: Garchomp\n|move|p2a: Garchomp|Dragon Claw|p1b: Garchomp\n|-supereffective|p1b: Garchomp|1\n|-damage|p1b: Garchomp|30/100\n|move|p1b: Garchomp|Dragon Rush|p2a: Garchomp\n|-supereffective|p2a: Garchomp|1\n|-damage|p2a: Garchomp|0 fnt\n|-damage|p1b: Garchomp|18/100|[from] ability: Rough Skin|[of] p2a: Garchomp\n|faint|p2a: Garchomp\n|\n|upkeep\n|\n|t:|1776609831\n|switch|p2a: Aerodactyl|Aerodactyl, L50, F|100/100\n|turn|5\n|\n|t:|1776609840\n|move|p1a: Basculegion|Aqua Jet|p2a: Aerodactyl\n|-supereffective|p2a: Aerodactyl|1\n|-damage|p2a: Aerodactyl|11/100\n|move|p2a: Aerodactyl|Tailwind|p2a: Aerodactyl\n|-sidestart|p2: JemJar|move: Tailwind\n|move|p2b: Delphox|Psychic|p1b: Garchomp\n|-damage|p1b: Garchomp|0 fnt\n|faint|p1b: Garchomp\n|\n|upkeep\n|turn|6\n|\n|t:|1776609853\n|move|p1a: Basculegion|Aqua Jet|p2a: Aerodactyl\n|-supereffective|p2a: Aerodactyl|1\n|-damage|p2a: Aerodactyl|0 fnt\n|faint|p2a: Aerodactyl\n|move|p2b: Delphox|Psychic|p1a: Basculegion\n|-damage|p1a: Basculegion|29/100\n|\n|upkeep\n|\n|t:|1776609859\n|switch|p2a: Maushold|Maushold, L50|100/100\n|turn|7\n|\n|t:|1776609864\n|move|p2a: Maushold|Follow Me|p2a: Maushold\n|-singleturn|p2a: Maushold|move: Follow Me\n|move|p1a: Basculegion|Aqua Jet|p2a: Maushold\n|-damage|p2a: Maushold|67/100\n|move|p2b: Delphox|Psychic|p1a: Basculegion\n|-damage|p1a: Basculegion|0 fnt\n|faint|p1a: Basculegion\n|\n|win|JemJar\n|raw|magato123's rating: 1060 &rarr; <strong>1042</strong><br />(-18 for losing)\n|raw|JemJar's rating: 1082 &rarr; <strong>1108</strong><br />(+26 for winning)\n",
  "uploadtime": 1776609864,
  "views": 6,
  "formatid": "gen9championsvgc2026regma",
  "rating": 1042,
  "private": 0,
  "password": null
}