{
  "id": "gen9championsvgc2026regma-2583224808",
  "format": "[Gen 9 Champions] VGC 2026 Reg M-A",
  "players": [
    "Jdjdzdjdz",
    "Silnksung"
  ],
  "log": "|j|\u2606Jdjdzdjdz\n|j|\u2606Silnksung\n|t:|1776156710\n|gametype|doubles\n|player|p1|Jdjdzdjdz|101|1000\n|player|p2|Silnksung|266|1000\n|gen|9\n|tier|[Gen 9 Champions] VGC 2026 Reg M-A\n|rated|\n|rule|Species Clause: Limit one of each Pok\u00e9mon\n|rule|Item Clause: Limit 1 of each item\n|clearpoke\n|poke|p1|Sableye, L50, M|\n|poke|p1|Corviknight, L50, M|\n|poke|p1|Luxray, L50, M|\n|poke|p1|Aggron, L50, M|\n|poke|p1|Tyranitar, L50, M|\n|poke|p1|Bellibolt, L50, M|\n|poke|p2|Dragonite, L50, M|\n|poke|p2|Jolteon, L50, M|\n|poke|p2|Basculegion, L50, M|\n|poke|p2|Pelipper, L50, F|\n|poke|p2|Sableye, L50, M|\n|poke|p2|Starmie, L50|\n|teampreview|4\n|inactive|Battle timer is ON: inactive players will automatically lose when time's up. (requested by Jdjdzdjdz)\n|inactive|Silnksung also wants the timer to be on.\n|\n|t:|1776156734\n|teamsize|p1|4\n|teamsize|p2|4\n|start\n|switch|p1a: Aggron|Aggron, L50, M, shiny|100/100\n|switch|p1b: Luxray|Luxray, L50, M, shiny|100/100\n|switch|p2a: Pelipper|Pelipper, L50, F|100/100\n|switch|p2b: Dragonite|Dragonite, L50, M|100/100\n|-ability|p1b: Luxray|Intimidate|boost\n|-unboost|p2a: Pelipper|atk|1\n|-unboost|p2b: Dragonite|atk|1\n|-weather|RainDance|[from] ability: Drizzle|[of] p2a: Pelipper\n|turn|1\n|inactive|Silnksung has 30 seconds left.\n|\n|t:|1776156763\n|detailschange|p2b: Dragonite|Dragonite-Mega, L50, M\n|-mega|p2b: Dragonite|Dragonite|Dragoninite\n|detailschange|p1a: Aggron|Aggron-Mega, L50, M, shiny\n|-mega|p1a: Aggron|Aggron|Aggronite\n|move|p1b: Luxray|Volt Switch|p2a: Pelipper\n|-supereffective|p2a: Pelipper|2\n|-enditem|p2a: Pelipper|Focus Sash\n|-damage|p2a: Pelipper|1/100\n|\n|t:|1776156771\n|switch|p1b: Bellibolt|Bellibolt, L50, M, shiny|100/100|[from] Volt Switch\n|move|p2b: Dragonite|Draco Meteor|p1b: Bellibolt\n|-damage|p1b: Bellibolt|49/100\n|-unboost|p2b: Dragonite|spa|2\n|-start|p1b: Bellibolt|Charge|Draco Meteor|[from] ability: Electromorphosis\n|-enditem|p1b: Bellibolt|Sitrus Berry|[eat]\n|-heal|p1b: Bellibolt|74/100|[from] item: Sitrus Berry\n|move|p2a: Pelipper|Tailwind|p2a: Pelipper\n|-sidestart|p2: Silnksung|move: Tailwind\n|move|p1a: Aggron|Iron Defense|p1a: Aggron\n|-boost|p1a: Aggron|def|2\n|\n|-weather|RainDance|[upkeep]\n|upkeep\n|turn|2\n|inactive|Silnksung has 30 seconds left.\n|\n|t:|1776156798\n|move|p2b: Dragonite|Hurricane|p1a: Aggron\n|-resisted|p1a: Aggron|1\n|-damage|p1a: Aggron|85/100\n|move|p2a: Pelipper|Muddy Water|p1b: Bellibolt|[spread] p1a,p1b\n|-damage|p1a: Aggron|47/100\n|-damage|p1b: Bellibolt|44/100\n|-start|p1b: Bellibolt|Charge|Muddy Water|[from] ability: Electromorphosis\n|move|p1a: Aggron|Heavy Slam|p2b: Dragonite\n|-damage|p2b: Dragonite|92/100\n|move|p1b: Bellibolt|Soak|p1a: Aggron\n|-start|p1a: Aggron|typechange|Water\n|\n|-weather|RainDance|[upkeep]\n|upkeep\n|turn|3\n|inactive|Silnksung has 30 seconds left.\n|\n|t:|1776156825\n|switch|p2b: Basculegion|Basculegion, L50, M|100/100\n|switch|p2a: Starmie|Starmie, L50|100/100\n|move|p1a: Aggron|Protect|p1a: Aggron\n|-singleturn|p1a: Aggron|Protect\n|move|p1b: Bellibolt|Parabolic Charge|p2a: Starmie|[spread] p2a,p2b\n|-activate|p1a: Aggron|move: Protect\n|-supereffective|p2a: Starmie|1\n|-supereffective|p2b: Basculegion|1\n|-damage|p2a: Starmie|0 fnt\n|-heal|p1b: Bellibolt|75/100|[from] drain|[of] p2a: Starmie\n|-damage|p2b: Basculegion|29/100\n|-heal|p1b: Bellibolt|100/100|[from] drain|[of] p2b: Basculegion\n|faint|p2a: Starmie\n|-end|p1b: Bellibolt|Charge|[silent]\n|\n|-weather|RainDance|[upkeep]\n|upkeep\n|\n|t:|1776156832\n|switch|p2a: Dragonite|Dragonite-Mega, L50, M|92/100\n|turn|4\n|inactive|Jdjdzdjdz has 30 seconds left.\n|inactive|Jdjdzdjdz has 20 seconds left.\n|inactive|Silnksung has 30 seconds left.\n|inactive|Jdjdzdjdz has 15 seconds left.\n|\n|t:|1776156877\n|switch|p1a: Luxray|Luxray, L50, M, shiny|100/100\n|-ability|p1a: Luxray|Intimidate|boost\n|-unboost|p2a: Dragonite|atk|1\n|-unboost|p2b: Basculegion|atk|1\n|move|p2b: Basculegion|Last Respects|p1b: Bellibolt\n|-damage|p1b: Bellibolt|71/100\n|-start|p1b: Bellibolt|Charge|Last Respects|[from] ability: Electromorphosis\n|move|p2a: Dragonite|Thunder|p1a: Luxray\n|-resisted|p1a: Luxray|1\n|-damage|p1a: Luxray|71/100\n|move|p1b: Bellibolt|Parabolic Charge|p2a: Dragonite|[spread] p1a,p2a,p2b\n|-resisted|p1a: Luxray|1\n|-crit|p1a: Luxray\n|-supereffective|p2b: Basculegion|1\n|-damage|p1a: Luxray|33/100\n|-heal|p1b: Bellibolt|85/100|[from] drain|[of] p1a: Luxray\n|-damage|p2a: Dragonite|64/100\n|-heal|p1b: Bellibolt|95/100|[from] drain|[of] p2a: Dragonite\n|-damage|p2b: Basculegion|0 fnt\n|-heal|p1b: Bellibolt|100/100|[from] drain|[of] p2b: Basculegion\n|faint|p2b: Basculegion\n|-end|p1b: Bellibolt|Charge|[silent]\n|\n|-weather|RainDance|[upkeep]\n|-sideend|p2: Silnksung|move: Tailwind\n|upkeep\n|\n|t:|1776156885\n|switch|p2b: Pelipper|Pelipper, L50, F|1/100\n|turn|5\n|-message|Silnksung forfeited.\n|\n|win|Jdjdzdjdz\n|raw|Jdjdzdjdz's rating: 1000 &rarr; <strong>1040</strong><br />(+40 for winning)\n|raw|Silnksung's rating: 1000 &rarr; <strong>1000</strong><br />(+0 for losing)\n|l|\u2606Silnksung\n|player|p2|\n",
  "uploadtime": 1776156905,
  "views": 16,
  "formatid": "gen9championsvgc2026regma",
  "rating": 1000,
  "private": 0,
  "password": null
}