{
  "id": "gen9championsvgc2026regma-2586733422",
  "format": "[Gen 9 Champions] VGC 2026 Reg M-A",
  "players": [
    "pepito_le_chapito",
    "Juya"
  ],
  "log": "|j|\u2606pepito_le_chapito\n|j|\u2606Juya\n|t:|1776455677\n|gametype|doubles\n|player|p1|pepito_le_chapito|bugcatcher-gen4dp|1270\n|player|p2|Juya|2|1369\n|gen|9\n|tier|[Gen 9 Champions] VGC 2026 Reg M-A\n|rated|\n|rule|Species Clause: Limit one of each Pok\u00e9mon\n|rule|Item Clause: Limit 1 of each item\n|clearpoke\n|poke|p1|Gardevoir, L50, F|\n|poke|p1|Incineroar, L50, F|\n|poke|p1|Sneasler, L50, M|\n|poke|p1|Aerodactyl, L50, M|\n|poke|p1|Meganium, L50, F|\n|poke|p1|Kingambit, L50, M|\n|poke|p2|Glimmora, L50, F|\n|poke|p2|Gyarados, L50, F|\n|poke|p2|Corviknight, L50, F|\n|poke|p2|Garchomp, L50, M|\n|poke|p2|Volcarona, L50, M|\n|poke|p2|Ninetales-Alola, L50, M|\n|teampreview|4\n|inactive|Battle timer is ON: inactive players will automatically lose when time's up. (requested by Juya)\n|inactive|pepito_le_chapito also wants the timer to be on.\n|inactive|Juya has 60 seconds left.\n|l|\u2606pepito_le_chapito\n|inactive|pepito_le_chapito disconnected and has a minute to reconnect!\n|player|p1|\n|\n|t:|1776455735\n|teamsize|p1|4\n|teamsize|p2|4\n|start\n|switch|p1a: Gardevoir|Gardevoir, L50, F|100/100\n|switch|p1b: Aerodactyl|Aerodactyl, L50, M|100/100\n|switch|p2a: Corviknight|Corviknight, L50, F, shiny|100/100\n|switch|p2b: Ninetales|Ninetales-Alola, L50, M|100/100\n|-ability|p1b: Aerodactyl|Unnerve\n|-weather|Snowscape|[from] ability: Snow Warning|[of] p2b: Ninetales\n|-ability|p1a: Gardevoir|Mirror Armor|Trace|[from] ability: Trace|[of] p2a: Corviknight\n|turn|1\n|j|\u2606pepito_le_chapito\n|inactive|pepito_le_chapito reconnected and has 50 seconds left.\n|player|p1|pepito_le_chapito|bugcatcher-gen4dp|\n|\n|t:|1776455758\n|detailschange|p1a: Gardevoir|Gardevoir-Mega, L50, F\n|-mega|p1a: Gardevoir|Gardevoir|Gardevoirite\n|move|p1a: Gardevoir|Protect|p1a: Gardevoir\n|-singleturn|p1a: Gardevoir|Protect\n|move|p1b: Aerodactyl|Rock Slide|p2b: Ninetales|[spread] p2a\n|-miss|p1b: Aerodactyl|p2b: Ninetales\n|-damage|p2a: Corviknight|83/100\n|move|p2b: Ninetales|Blizzard|p1a: Gardevoir|[spread] p1b\n|-activate|p1a: Gardevoir|move: Protect\n|-supereffective|p1b: Aerodactyl|1\n|-damage|p1b: Aerodactyl|27/100\n|cant|p2a: Corviknight|flinch\n|\n|-weather|Snowscape|[upkeep]\n|upkeep\n|turn|2\n|inactive|pepito_le_chapito has 30 seconds left.\n|\n|t:|1776455785\n|switch|p1a: Incineroar|Incineroar, L50, F|100/100\n|-ability|p1a: Incineroar|Intimidate|boost\n|-ability|p2a: Corviknight|Mirror Armor\n|-unboost|p1a: Incineroar|atk|1\n|-unboost|p2b: Ninetales|atk|1\n|move|p1b: Aerodactyl|Tailwind|p1b: Aerodactyl\n|-sidestart|p1: pepito_le_chapito|move: Tailwind\n|move|p2b: Ninetales|Aurora Veil|p2b: Ninetales\n|-sidestart|p2: Juya|move: Aurora Veil\n|move|p2a: Corviknight|Body Press|p1b: Aerodactyl\n|-damage|p1b: Aerodactyl|0 fnt\n|faint|p1b: Aerodactyl\n|\n|-weather|Snowscape|[upkeep]\n|upkeep\n|\n|t:|1776455796\n|switch|p1b: Gardevoir|Gardevoir-Mega, L50, F|100/100\n|turn|3\n|\n|t:|1776455806\n|switch|p2a: Volcarona|Volcarona, L50, M|100/100\n|move|p2b: Ninetales|Protect|p2b: Ninetales\n|-singleturn|p2b: Ninetales|Protect\n|move|p1a: Incineroar|Fake Out|p2a: Volcarona\n|-damage|p2a: Volcarona|95/100\n|move|p1b: Gardevoir|Hyper Voice|p2b: Ninetales|[spread] p2a\n|-activate|p2b: Ninetales|move: Protect\n|-resisted|p2a: Volcarona|1\n|-damage|p2a: Volcarona|80/100\n|\n|-weather|Snowscape|[upkeep]\n|-heal|p2a: Volcarona|86/100|[from] item: Leftovers\n|upkeep\n|turn|4\n|\n|t:|1776455827\n|move|p1b: Gardevoir|Hyper Voice|p2b: Ninetales|[spread] p2a,p2b\n|-resisted|p2a: Volcarona|1\n|-damage|p2a: Volcarona|69/100\n|-damage|p2b: Ninetales|58/100\n|move|p2b: Ninetales|Encore|p1a: Incineroar\n|-start|p1a: Incineroar|Encore\n|move|p1a: Incineroar|Fake Out||[still]\n|-hint|Fake Out only works on your first turn out.\n|-fail|p1a: Incineroar\n|move|p2a: Volcarona|Quiver Dance|p2a: Volcarona\n|-boost|p2a: Volcarona|spa|1\n|-boost|p2a: Volcarona|spd|1\n|-boost|p2a: Volcarona|spe|1\n|\n|-weather|Snowscape|[upkeep]\n|-heal|p2a: Volcarona|75/100|[from] item: Leftovers\n|upkeep\n|turn|5\n|\n|t:|1776455843\n|switch|p1a: Sneasler|Sneasler, L50, M|100/100\n|move|p1b: Gardevoir|Hyper Voice|p2a: Volcarona|[spread] p2a,p2b\n|-resisted|p2a: Volcarona|1\n|-damage|p2a: Volcarona|63/100\n|-damage|p2b: Ninetales|18/100\n|move|p2a: Volcarona|Quiver Dance|p2a: Volcarona\n|-boost|p2a: Volcarona|spa|1\n|-boost|p2a: Volcarona|spd|1\n|-boost|p2a: Volcarona|spe|1\n|move|p2b: Ninetales|Blizzard|p1a: Sneasler|[spread] p1a,p1b\n|-damage|p1a: Sneasler|64/100\n|-damage|p1b: Gardevoir|73/100\n|-status|p1b: Gardevoir|frz\n|\n|-weather|none\n|-heal|p2a: Volcarona|69/100|[from] item: Leftovers\n|-sideend|p1: pepito_le_chapito|move: Tailwind\n|upkeep\n|turn|6\n|\n|t:|1776455866\n|switch|p2b: Corviknight|Corviknight, L50, F, shiny|83/100\n|move|p1a: Sneasler|Fake Out|p2a: Volcarona\n|-damage|p2a: Volcarona|58/100\n|cant|p2a: Volcarona|flinch\n|-curestatus|p1b: Gardevoir|frz|[msg]\n|move|p1b: Gardevoir|Hyper Voice|p2b: Corviknight|[spread] p2a,p2b\n|-resisted|p2a: Volcarona|1\n|-resisted|p2b: Corviknight|1\n|-damage|p2a: Volcarona|50/100\n|-damage|p2b: Corviknight|69/100\n|\n|-heal|p2a: Volcarona|56/100|[from] item: Leftovers\n|-sideend|p2: Juya|move: Aurora Veil\n|upkeep\n|turn|7\n|\n|t:|1776455880\n|move|p2a: Volcarona|Heat Wave|p1b: Gardevoir|[spread] p1a,p1b\n|-damage|p1a: Sneasler|0 fnt\n|-damage|p1b: Gardevoir|5/100\n|faint|p1a: Sneasler\n|move|p1b: Gardevoir|Psychic|p2a: Volcarona\n|-damage|p2a: Volcarona|26/100\n|move|p2b: Corviknight|Iron Defense|p2b: Corviknight\n|-boost|p2b: Corviknight|def|2\n|\n|-heal|p2a: Volcarona|32/100|[from] item: Leftovers\n|upkeep\n|\n|t:|1776455883\n|switch|p1a: Incineroar|Incineroar, L50, F|100/100\n|-ability|p1a: Incineroar|Intimidate|boost\n|-unboost|p2a: Volcarona|atk|1\n|-ability|p2b: Corviknight|Mirror Armor\n|-unboost|p1a: Incineroar|atk|1\n|turn|8\n|\n|t:|1776455908\n|move|p1a: Incineroar|Fake Out|p2a: Volcarona\n|-damage|p2a: Volcarona|24/100\n|cant|p2a: Volcarona|flinch\n|move|p1b: Gardevoir|Psychic|p2a: Volcarona\n|-crit|p2a: Volcarona\n|-damage|p2a: Volcarona|0 fnt\n|faint|p2a: Volcarona\n|move|p2b: Corviknight|Body Press|p1b: Gardevoir\n|-resisted|p1b: Gardevoir|2\n|-damage|p1b: Gardevoir|0 fnt\n|faint|p1b: Gardevoir\n|\n|upkeep\n|\n|t:|1776455921\n|switch|p2a: Ninetales|Ninetales-Alola, L50, M|18/100\n|-weather|Snowscape|[from] ability: Snow Warning|[of] p2a: Ninetales\n|turn|9\n|\n|t:|1776455931\n|move|p2a: Ninetales|Encore|p1a: Incineroar\n|-start|p1a: Incineroar|Encore\n|move|p1a: Incineroar|Fake Out||[still]\n|-hint|Fake Out only works on your first turn out.\n|-fail|p1a: Incineroar\n|move|p2b: Corviknight|Iron Defense|p2b: Corviknight\n|-boost|p2b: Corviknight|def|2\n|\n|-weather|Snowscape|[upkeep]\n|upkeep\n|turn|10\n|-message|pepito_le_chapito forfeited.\n|\n|win|Juya\n|raw|pepito_le_chapito's rating: 1270 &rarr; <strong>1252</strong><br />(-18 for losing)\n|raw|Juya's rating: 1369 &rarr; <strong>1383</strong><br />(+14 for winning)\n|l|\u2606pepito_le_chapito\n|player|p1|\n",
  "uploadtime": 1776455942,
  "views": 55,
  "formatid": "gen9championsvgc2026regma",
  "rating": 1252,
  "private": 0,
  "password": null
}