{
  "id": "gen9championsvgc2026regma-2583795316",
  "format": "[Gen 9 Champions] VGC 2026 Reg M-A",
  "players": [
    "salamiforcats",
    "swylv"
  ],
  "log": "|j|\u2606salamiforcats\n|j|\u2606swylv\n|t:|1776198255\n|gametype|doubles\n|player|p1|salamiforcats|hilda|1083\n|player|p2|swylv|drayton|1000\n|gen|9\n|tier|[Gen 9 Champions] VGC 2026 Reg M-A\n|rated|\n|rule|Species Clause: Limit one of each Pok\u00e9mon\n|rule|Item Clause: Limit 1 of each item\n|clearpoke\n|poke|p1|Zoroark-Hisui, L50, M|\n|poke|p1|Whimsicott, L50, M|\n|poke|p1|Altaria, L50, M|\n|poke|p1|Incineroar, L50, M|\n|poke|p1|Sneasler, L50, F|\n|poke|p1|Corviknight, L50, F|\n|poke|p2|Kangaskhan, L50, F|\n|poke|p2|Aerodactyl, L50, F|\n|poke|p2|Basculegion, L50, M|\n|poke|p2|Incineroar, L50, F|\n|poke|p2|Clefable, L50, M|\n|poke|p2|Lucario, L50, F|\n|teampreview|4\n|inactive|Battle timer is ON: inactive players will automatically lose when time's up. (requested by salamiforcats)\n|\n|t:|1776198316\n|teamsize|p1|4\n|teamsize|p2|4\n|start\n|switch|p1a: Eggtart|Altaria, L50, M, shiny|100/100\n|switch|p1b: darling|Whimsicott, L50, M|100/100\n|switch|p2a: Aerodactyl|Aerodactyl, L50, F|100/100\n|switch|p2b: Incineroar|Incineroar, L50, F|100/100\n|-ability|p2a: Aerodactyl|Unnerve\n|-ability|p1a: Eggtart|Cloud Nine\n|-ability|p2b: Incineroar|Intimidate|boost\n|-unboost|p1a: Eggtart|atk|1\n|-unboost|p1b: darling|atk|1\n|turn|1\n|inactive|swylv has 30 seconds left.\n|inactive|swylv has 20 seconds left.\n|\n|t:|1776198354\n|detailschange|p1a: Eggtart|Altaria-Mega, L50, M, shiny\n|-mega|p1a: Eggtart|Altaria|Altarianite\n|move|p2b: Incineroar|Fake Out|p1b: darling\n|-immune|p1b: darling\n|move|p2a: Aerodactyl|Tailwind|p2a: Aerodactyl\n|-sidestart|p2: swylv|move: Tailwind\n|move|p1b: darling|Icy Wind|p2a: Aerodactyl|[spread] p2a,p2b\n|-supereffective|p2a: Aerodactyl|1\n|-resisted|p2b: Incineroar|1\n|-damage|p2a: Aerodactyl|58/100\n|-damage|p2b: Incineroar|95/100\n|-unboost|p2a: Aerodactyl|spe|1\n|-unboost|p2b: Incineroar|spe|1\n|move|p1a: Eggtart|Hyper Voice|p2a: Aerodactyl|[spread] p2a,p2b\n|-damage|p2a: Aerodactyl|7/100\n|-damage|p2b: Incineroar|64/100\n|\n|upkeep\n|turn|2\n|\n|t:|1776198377\n|move|p2a: Aerodactyl|Rock Slide|p1b: darling|[spread] p1a\n|-miss|p2a: Aerodactyl|p1b: darling\n|-damage|p1a: Eggtart|77/100\n|move|p1b: darling|Low Kick|p2b: Incineroar\n|-supereffective|p2b: Incineroar|1\n|-damage|p2b: Incineroar|40/100\n|-enditem|p2b: Incineroar|Sitrus Berry|[eat]\n|-heal|p2b: Incineroar|65/100|[from] item: Sitrus Berry\n|move|p2b: Incineroar|Darkest Lariat|p1b: darling\n|-supereffective|p1b: darling|1\n|-enditem|p1b: darling|Focus Sash\n|-damage|p1b: darling|1/100\n|replace|p1b: Rowan|Zoroark-Hisui, L50, M, shiny\n|-end|p1b: Rowan|Illusion\n|move|p1a: Eggtart|Hyper Voice|p2b: Incineroar|[spread] p2a,p2b\n|-damage|p2a: Aerodactyl|0 fnt\n|-damage|p2b: Incineroar|30/100\n|faint|p2a: Aerodactyl\n|\n|upkeep\n|inactive|swylv has 30 seconds left.\n|inactive|swylv has 20 seconds left.\n|\n|t:|1776198413\n|switch|p2a: Kangaskhan|Kangaskhan, L50, F|100/100\n|turn|3\n|\n|t:|1776198432\n|move|p2a: Kangaskhan|Protect|p2a: Kangaskhan\n|-singleturn|p2a: Kangaskhan|Protect\n|move|p1b: Rowan|Icy Wind|p2a: Kangaskhan|[spread] p2b\n|-activate|p2a: Kangaskhan|move: Protect\n|-resisted|p2b: Incineroar|1\n|-damage|p2b: Incineroar|25/100\n|-unboost|p2b: Incineroar|spe|1\n|move|p1a: Eggtart|Cotton Guard|p1a: Eggtart\n|-boost|p1a: Eggtart|def|3\n|move|p2b: Incineroar|Parting Shot|p1a: Eggtart\n|-unboost|p1a: Eggtart|atk|1\n|-unboost|p1a: Eggtart|spa|1\n|\n|t:|1776198444\n|switch|p2b: Basculegion|Basculegion, L50, M|100/100|[from] Parting Shot\n|\n|upkeep\n|turn|4\n|\n|t:|1776198456\n|detailschange|p2a: Kangaskhan|Kangaskhan-Mega, L50, F\n|-mega|p2a: Kangaskhan|Kangaskhan|Kangaskhanite\n|move|p2b: Basculegion|Last Respects|p1b: Rowan\n|-immune|p1b: Rowan\n|move|p2a: Kangaskhan|Ice Punch|p1a: Eggtart\n|-supereffective|p1a: Eggtart|1\n|-damage|p1a: Eggtart|59/100\n|-supereffective|p1a: Eggtart|1\n|-damage|p1a: Eggtart|55/100\n|-hitcount|p1a: Eggtart|2\n|move|p1b: Rowan|Knock Off|p2b: Basculegion\n|-supereffective|p2b: Basculegion|1\n|-damage|p2b: Basculegion|59/100\n|-enditem|p2b: Basculegion|Choice Scarf|[from] move: Knock Off|[of] p1b: Rowan\n|move|p1a: Eggtart|Hyper Voice|p2a: Kangaskhan|[spread] p2a,p2b\n|-crit|p2b: Basculegion\n|-damage|p2a: Kangaskhan|78/100\n|-damage|p2b: Basculegion|0 fnt\n|faint|p2b: Basculegion\n|\n|-sideend|p2: swylv|move: Tailwind\n|upkeep\n|c|\u2606swylv|dang I forgor\n|\n|t:|1776198473\n|switch|p2b: Incineroar|Incineroar, L50, F|25/100\n|-ability|p2b: Incineroar|Intimidate|boost\n|-unboost|p1a: Eggtart|atk|1\n|-unboost|p1b: Rowan|atk|1\n|turn|5\n|c|\u2606swylv|oof\n|\n|t:|1776198484\n|move|p2b: Incineroar|Fake Out|p1a: Eggtart\n|-crit|p1a: Eggtart\n|-damage|p1a: Eggtart|38/100\n|move|p2a: Kangaskhan|Sucker Punch|p1b: Rowan\n|-supereffective|p1b: Rowan|1\n|-damage|p1b: Rowan|0 fnt\n|faint|p1b: Rowan\n|-hitcount|p1: Rowan|1\n|cant|p1a: Eggtart|flinch\n|\n|upkeep\n|\n|t:|1776198497\n|switch|p1b: darling|Whimsicott, L50, M|100/100\n|turn|6\n|\n|t:|1776198513\n|move|p1b: darling|Tailwind|p1b: darling\n|-sidestart|p1: salamiforcats|move: Tailwind\n|move|p1a: Eggtart|Roost|p1a: Eggtart\n|-heal|p1a: Eggtart|88/100\n|-singleturn|p1a: Eggtart|move: Roost\n|move|p2a: Kangaskhan|Ice Punch|p1b: darling\n|-supereffective|p1b: darling|1\n|-damage|p1b: darling|59/100\n|-supereffective|p1b: darling|1\n|-damage|p1b: darling|48/100\n|-hitcount|p1b: darling|2\n|move|p2b: Incineroar|Darkest Lariat|p1a: Eggtart\n|-resisted|p1a: Eggtart|1\n|-damage|p1a: Eggtart|70/100\n|\n|upkeep\n|turn|7\n|\n|t:|1776198537\n|move|p1b: darling|Fake Tears|p2a: Kangaskhan\n|-unboost|p2a: Kangaskhan|spd|2\n|move|p1a: Eggtart|Hyper Voice|p2a: Kangaskhan|[spread] p2a,p2b\n|-damage|p2a: Kangaskhan|28/100\n|-damage|p2b: Incineroar|4/100\n|move|p2a: Kangaskhan|Ice Punch|p1b: darling\n|-supereffective|p1b: darling|1\n|-damage|p1b: darling|3/100\n|-supereffective|p1b: darling|1\n|-crit|p1b: darling\n|-damage|p1b: darling|0 fnt\n|faint|p1b: darling\n|-hitcount|p1: darling|2\n|move|p2b: Incineroar|Darkest Lariat|p1a: Eggtart\n|-resisted|p1a: Eggtart|1\n|-damage|p1a: Eggtart|52/100\n|\n|upkeep\n|\n|t:|1776198553\n|switch|p1b: Macho|Incineroar, L50, M|100/100\n|-ability|p1b: Macho|Intimidate|boost\n|-unboost|p2a: Kangaskhan|atk|1\n|-unboost|p2b: Incineroar|atk|1\n|turn|8\n|\n|t:|1776198567\n|move|p2a: Kangaskhan|Protect|p2a: Kangaskhan\n|-singleturn|p2a: Kangaskhan|Protect\n|move|p1b: Macho|Fake Out|p2b: Incineroar\n|-damage|p2b: Incineroar|0 fnt\n|faint|p2b: Incineroar\n|move|p1a: Eggtart|Hyper Voice|p2a: Kangaskhan\n|-activate|p2a: Kangaskhan|move: Protect\n|\n|upkeep\n|turn|9\n|\n|t:|1776198589\n|move|p1b: Macho|Flare Blitz|p2a: Kangaskhan\n|-damage|p2a: Kangaskhan|0 fnt\n|faint|p2a: Kangaskhan\n|-damage|p1b: Macho|90/100|[from] Recoil\n|\n|win|salamiforcats\n|raw|salamiforcats's rating: 1083 &rarr; <strong>1104</strong><br />(+21 for winning)\n|raw|swylv's rating: 1000 &rarr; <strong>1000</strong><br />(+0 for losing)\n|c|\u2606swylv|gg\n|c|\u2606salamiforcats|gg!\n|l|\u2606swylv\n|player|p2|\n",
  "uploadtime": 1776198608,
  "views": 20,
  "formatid": "gen9championsvgc2026regma",
  "rating": 1000,
  "private": 0,
  "password": null
}