{
  "id": "gen9championsvgc2026regma-2589468894",
  "format": "[Gen 9 Champions] VGC 2026 Reg M-A",
  "players": [
    "raysylv",
    "LittleFoxLuka"
  ],
  "log": "|j|\u2606raysylv\n|j|\u2606LittleFoxLuka\n|t:|1776725705\n|gametype|doubles\n|player|p1|raysylv|lady|1136\n|player|p2|LittleFoxLuka|miku-fairy|1078\n|gen|9\n|tier|[Gen 9 Champions] VGC 2026 Reg M-A\n|rated|\n|rule|Species Clause: Limit one of each Pok\u00e9mon\n|rule|Item Clause: Limit 1 of each item\n|clearpoke\n|poke|p1|Lycanroc-Dusk, L50, M|\n|poke|p1|Sneasler, L50, M|\n|poke|p1|Skarmory, L50, M|\n|poke|p1|Raichu, L50, F|\n|poke|p1|Milotic, L50, F|\n|poke|p1|Sinistcha, L50|\n|poke|p2|Floette-Eternal, L50, F|\n|poke|p2|Dragonite, L50, F|\n|poke|p2|Primarina, L50, F|\n|poke|p2|Incineroar, L50, M|\n|poke|p2|Sinistcha, L50|\n|poke|p2|Sneasler, L50, F|\n|teampreview|4\n|inactive|Battle timer is ON: inactive players will automatically lose when time's up. (requested by raysylv)\n|\n|t:|1776725739\n|teamsize|p1|4\n|teamsize|p2|4\n|start\n|switch|p1a: Sneasler|Sneasler, L50, M|100/100\n|switch|p1b: Milotic|Milotic, L50, F|100/100\n|switch|p2a: Sneasler|Sneasler, L50, F|100/100\n|switch|p2b: Incineroar|Incineroar, L50, M|100/100\n|-ability|p2b: Incineroar|Intimidate|boost\n|-unboost|p1a: Sneasler|atk|1\n|-unboost|p1b: Milotic|atk|1\n|-ability|p1b: Milotic|Competitive|boost\n|-boost|p1b: Milotic|spa|2\n|-enditem|p1a: Sneasler|White Herb\n|-clearnegativeboost|p1a: Sneasler|[silent]\n|turn|1\n|\n|t:|1776725763\n|move|p1a: Sneasler|Fake Out|p2b: Incineroar\n|-damage|p2b: Incineroar|88/100\n|cant|p2b: Incineroar|flinch\n|move|p2a: Sneasler|Close Combat|p1b: Milotic\n|-damage|p1b: Milotic|38/100\n|-unboost|p2a: Sneasler|def|1\n|-unboost|p2a: Sneasler|spd|1\n|-enditem|p2a: Sneasler|White Herb\n|-clearnegativeboost|p2a: Sneasler|[silent]\n|move|p1b: Milotic|Coil|p1b: Milotic\n|-boost|p1b: Milotic|atk|1\n|-boost|p1b: Milotic|def|1\n|-boost|p1b: Milotic|accuracy|1\n|\n|-heal|p1b: Milotic|44/100|[from] item: Leftovers\n|upkeep\n|turn|2\n|inactive|LittleFoxLuka has 30 seconds left.\n|\n|t:|1776725789\n|switch|p1a: Sinistcha|Sinistcha, L50|100/100\n|-heal|p1b: Milotic|68/100|[from] ability: Hospitality|[of] p1a: Sinistcha\n|move|p2a: Sneasler|Acrobatics|p1a: Sinistcha\n|-supereffective|p1a: Sinistcha|1\n|-damage|p1a: Sinistcha|27/100\n|move|p1b: Milotic|Scald|p2a: Sneasler\n|-damage|p2a: Sneasler|11/100\n|move|p2b: Incineroar|Parting Shot|p1b: Milotic\n|-unboost|p1b: Milotic|atk|1\n|-ability|p1b: Milotic|Competitive|boost\n|-boost|p1b: Milotic|spa|2\n|-unboost|p1b: Milotic|spa|1\n|-ability|p1b: Milotic|Competitive|boost\n|-boost|p1b: Milotic|spa|2\n|\n|t:|1776725805\n|switch|p2b: Sinistcha|Sinistcha, L50|100/100|[from] Parting Shot\n|-heal|p2a: Sneasler|36/100|[from] ability: Hospitality|[of] p2b: Sinistcha\n|\n|-heal|p1b: Milotic|74/100|[from] item: Leftovers\n|upkeep\n|turn|3\n|c|\u2606raysylv|why tho\n|\n|t:|1776725822\n|switch|p1a: Skarmory|Skarmory, L50, M|100/100\n|move|p2a: Sneasler|Protect|p2a: Sneasler\n|-singleturn|p2a: Sneasler|Protect\n|move|p1b: Milotic|Ice Beam|p2a: Sneasler\n|-activate|p2a: Sneasler|move: Protect\n|move|p2b: Sinistcha|Matcha Gotcha|p1a: Skarmory|[spread] p1a,p1b\n|-resisted|p1a: Skarmory|2\n|-supereffective|p1b: Milotic|1\n|-damage|p1a: Skarmory|87/100\n|-damage|p1b: Milotic|33/100\n|-status|p1a: Skarmory|brn\n|-status|p1b: Milotic|brn\n|\n|-heal|p1b: Milotic|39/100 brn|[from] item: Leftovers\n|-damage|p1a: Skarmory|81/100 brn|[from] brn\n|-damage|p1b: Milotic|33/100 brn|[from] brn\n|upkeep\n|turn|4\n|inactive|LittleFoxLuka has 30 seconds left.\n|\n|t:|1776725850\n|move|p2a: Sneasler|Close Combat|p1b: Milotic\n|-damage|p1b: Milotic|0 fnt\n|-unboost|p2a: Sneasler|def|1\n|-unboost|p2a: Sneasler|spd|1\n|faint|p1b: Milotic\n|move|p1a: Skarmory|Brave Bird|p2a: Sneasler\n|-supereffective|p2a: Sneasler|1\n|-damage|p2a: Sneasler|0 fnt\n|faint|p2a: Sneasler\n|-damage|p1a: Skarmory|69/100 brn|[from] Recoil\n|move|p2b: Sinistcha|Matcha Gotcha|p1a: Skarmory\n|-resisted|p1a: Skarmory|2\n|-damage|p1a: Skarmory|51/100 brn\n|\n|-damage|p1a: Skarmory|46/100 brn|[from] brn\n|upkeep\n|\n|t:|1776725865\n|switch|p2a: Incineroar|Incineroar, L50, M|88/100\n|switch|p1b: Sinistcha|Sinistcha, L50|27/100\n|-ability|p2a: Incineroar|Intimidate|boost\n|-unboost|p1a: Skarmory|atk|1\n|-unboost|p1b: Sinistcha|atk|1\n|-heal|p1a: Skarmory|70/100 brn|[from] ability: Hospitality|[of] p1b: Sinistcha\n|turn|5\n|\n|t:|1776725882\n|detailschange|p1a: Skarmory|Skarmory-Mega, L50, M\n|-mega|p1a: Skarmory|Skarmory|Skarmorite\n|move|p2a: Incineroar|Fake Out|p1a: Skarmory\n|-resisted|p1a: Skarmory|1\n|-damage|p1a: Skarmory|63/100 brn\n|cant|p1a: Skarmory|flinch\n|move|p1b: Sinistcha|Strength Sap|p2a: Incineroar\n|-unboost|p2a: Incineroar|atk|1\n|-heal|p1b: Sinistcha|100/100\n|move|p2b: Sinistcha|Shadow Ball|p1b: Sinistcha\n|-supereffective|p1b: Sinistcha|1\n|-damage|p1b: Sinistcha|22/100\n|\n|-damage|p1a: Skarmory|58/100 brn|[from] brn\n|upkeep\n|turn|6\n|inactive|LittleFoxLuka has 30 seconds left.\n|\n|t:|1776725909\n|switch|p1a: Sneasler|Sneasler, L50, M|100/100\n|move|p1b: Sinistcha|Strength Sap|p2a: Incineroar\n|-unboost|p2a: Incineroar|atk|1\n|-heal|p1b: Sinistcha|86/100\n|move|p2b: Sinistcha|Shadow Ball|p1b: Sinistcha\n|-supereffective|p1b: Sinistcha|1\n|-damage|p1b: Sinistcha|7/100\n|-unboost|p1b: Sinistcha|spd|1\n|move|p2a: Incineroar|Parting Shot|p1a: Sneasler\n|-unboost|p1a: Sneasler|atk|1\n|-unboost|p1a: Sneasler|spa|1\n|\n|t:|1776725922\n|switch|p2a: Floette|Floette-Eternal, L50, F|100/100|[from] Parting Shot\n|\n|upkeep\n|turn|7\n|\n|t:|1776725932\n|switch|p1b: Skarmory|Skarmory-Mega, L50, M|58/100 brn\n|move|p1a: Sneasler|Fake Out|p2a: Floette\n|-damage|p2a: Floette|83/100\n|move|p2b: Sinistcha|Rage Powder|p2b: Sinistcha\n|-singleturn|p2b: Sinistcha|move: Rage Powder\n|cant|p2a: Floette|flinch\n|\n|-damage|p1b: Skarmory|52/100 brn|[from] brn\n|upkeep\n|turn|8\n|inactive|LittleFoxLuka has 30 seconds left.\n|inactive|LittleFoxLuka has 20 seconds left.\n|\n|t:|1776725968\n|switch|p1a: Sinistcha|Sinistcha, L50|7/100\n|-heal|p1b: Skarmory|77/100 brn|[from] ability: Hospitality|[of] p1a: Sinistcha\n|detailschange|p2a: Floette|Floette-Mega, L50, F\n|-mega|p2a: Floette|Floette|Floettite\n|-ability|p2a: Floette|Fairy Aura\n|move|p2b: Sinistcha|Rage Powder|p2b: Sinistcha\n|-singleturn|p2b: Sinistcha|move: Rage Powder\n|move|p1b: Skarmory|Iron Head|p2a: Floette\n|-supereffective|p2a: Floette|1\n|-damage|p2a: Floette|15/100\n|cant|p2a: Floette|flinch\n|\n|-damage|p1b: Skarmory|71/100 brn|[from] brn\n|upkeep\n|turn|9\n|\n|t:|1776725989\n|switch|p2b: Incineroar|Incineroar, L50, M|88/100\n|-ability|p2b: Incineroar|Intimidate|boost\n|-unboost|p1a: Sinistcha|atk|1\n|-unboost|p1b: Skarmory|atk|1\n|move|p2a: Floette|Protect|p2a: Floette\n|-singleturn|p2a: Floette|Protect\n|move|p1b: Skarmory|Brave Bird|p2b: Incineroar\n|-damage|p2b: Incineroar|67/100\n|-damage|p1b: Skarmory|61/100 brn|[from] Recoil\n|move|p1a: Sinistcha|Life Dew|p1a: Sinistcha|[spread] p1a,p1b\n|-heal|p1a: Sinistcha|32/100\n|-heal|p1b: Skarmory|86/100 brn\n|\n|-damage|p1b: Skarmory|81/100 brn|[from] brn\n|upkeep\n|turn|10\n|\n|t:|1776726007\n|switch|p2a: Sinistcha|Sinistcha, L50|100/100\n|-heal|p2b: Incineroar|92/100|[from] ability: Hospitality|[of] p2a: Sinistcha\n|move|p1b: Skarmory|Protect|p1b: Skarmory\n|-singleturn|p1b: Skarmory|Protect\n|move|p1a: Sinistcha|Strength Sap|p2b: Incineroar\n|-unboost|p2b: Incineroar|atk|1\n|-heal|p1a: Sinistcha|100/100\n|move|p2b: Incineroar|Flare Blitz|p1b: Skarmory\n|-activate|p1b: Skarmory|move: Protect\n|\n|-damage|p1b: Skarmory|75/100 brn|[from] brn\n|upkeep\n|turn|11\n|inactive|raysylv has 30 seconds left.\n|inactive|LittleFoxLuka has 30 seconds left.\n|\n|t:|1776726039\n|switch|p1a: Sneasler|Sneasler, L50, M|100/100\n|move|p2a: Sinistcha|Rage Powder|p2a: Sinistcha\n|-singleturn|p2a: Sinistcha|move: Rage Powder\n|move|p1b: Skarmory|Brave Bird|p2a: Sinistcha\n|-supereffective|p2a: Sinistcha|1\n|-damage|p2a: Sinistcha|54/100\n|-damage|p1b: Skarmory|58/100 brn|[from] Recoil\n|move|p2b: Incineroar|Flare Blitz|p1b: Skarmory\n|-supereffective|p1b: Skarmory|1\n|-damage|p1b: Skarmory|0 fnt\n|faint|p1b: Skarmory\n|-damage|p2b: Incineroar|78/100|[from] Recoil\n|\n|-heal|p2a: Sinistcha|60/100|[from] item: Leftovers\n|upkeep\n|\n|t:|1776726050\n|switch|p1b: Sinistcha|Sinistcha, L50|100/100\n|turn|12\n|\n|t:|1776726064\n|move|p1a: Sneasler|Dire Claw|p2a: Sinistcha\n|-damage|p2a: Sinistcha|19/100\n|-status|p2a: Sinistcha|slp\n|cant|p2a: Sinistcha|slp\n|move|p1b: Sinistcha|Strength Sap|p2b: Incineroar\n|-unboost|p2b: Incineroar|atk|1\n|move|p2b: Incineroar|Darkest Lariat|p1b: Sinistcha\n|-supereffective|p1b: Sinistcha|1\n|-damage|p1b: Sinistcha|64/100\n|\n|-heal|p2a: Sinistcha|25/100 slp|[from] item: Leftovers\n|upkeep\n|turn|13\n|\n|t:|1776726083\n|move|p1a: Sneasler|Dire Claw|p2a: Sinistcha\n|-damage|p2a: Sinistcha|0 fnt\n|faint|p2a: Sinistcha\n|move|p1b: Sinistcha|Strength Sap|p2b: Incineroar\n|-unboost|p2b: Incineroar|atk|1\n|-heal|p1b: Sinistcha|100/100\n|move|p2b: Incineroar|Darkest Lariat|p1b: Sinistcha\n|-supereffective|p1b: Sinistcha|1\n|-damage|p1b: Sinistcha|71/100\n|\n|upkeep\n|\n|t:|1776726093\n|switch|p2a: Floette|Floette-Mega, L50, F|15/100\n|-ability|p2a: Floette|Fairy Aura\n|turn|14\n|\n|t:|1776726106\n|move|p2a: Floette|Protect|p2a: Floette\n|-singleturn|p2a: Floette|Protect\n|move|p1a: Sneasler|Close Combat|p2b: Incineroar\n|-supereffective|p2b: Incineroar|1\n|-crit|p2b: Incineroar\n|-damage|p2b: Incineroar|0 fnt\n|-unboost|p1a: Sneasler|def|1\n|-unboost|p1a: Sneasler|spd|1\n|faint|p2b: Incineroar\n|move|p1b: Sinistcha|Matcha Gotcha|p2a: Floette\n|-activate|p2a: Floette|move: Protect\n|\n|upkeep\n|turn|15\n|-message|LittleFoxLuka forfeited.\n|\n|win|raysylv\n|raw|raysylv's rating: 1136 &rarr; <strong>1157</strong><br />(+21 for winning)\n|raw|LittleFoxLuka's rating: 1078 &rarr; <strong>1060</strong><br />(-18 for losing)\n|l|\u2606LittleFoxLuka\n|player|p2|\n|c|\u2606raysylv|ggwp\n",
  "uploadtime": 1776726149,
  "views": 14,
  "formatid": "gen9championsvgc2026regma",
  "rating": 1060,
  "private": 0,
  "password": null
}