{
  "id": "gen9championsvgc2026regma-2582355865",
  "format": "[Gen 9 Champions] VGC 2026 Reg M-A",
  "players": [
    "DonkeyVGCP",
    "speedwagon03"
  ],
  "log": "|j|\u2606DonkeyVGCP\n|j|\u2606speedwagon03\n|t:|1776085984\n|gametype|doubles\n|player|p1|DonkeyVGCP|2|1180\n|player|p2|speedwagon03|hilbert|1184\n|gen|9\n|tier|[Gen 9 Champions] VGC 2026 Reg M-A\n|rated|\n|rule|Species Clause: Limit one of each Pok\u00e9mon\n|rule|Item Clause: Limit 1 of each item\n|clearpoke\n|poke|p1|Dragapult, L50, F|\n|poke|p1|Charizard, L50, M|\n|poke|p1|Maushold-Four, L50|\n|poke|p1|Venusaur, L50, F|\n|poke|p1|Incineroar, L50, M|\n|poke|p1|Sneasler, L50, F|\n|poke|p2|Meganium, L50, M|\n|poke|p2|Basculegion, L50, M|\n|poke|p2|Ninetales-Alola, L50, F|\n|poke|p2|Milotic, L50, M|\n|poke|p2|Incineroar, L50, F|\n|poke|p2|Rotom-Frost, L50|\n|teampreview|4\n|inactive|Battle timer is ON: inactive players will automatically lose when time's up. (requested by DonkeyVGCP)\n|inactive|DonkeyVGCP has 60 seconds left.\n|\n|t:|1776086037\n|teamsize|p1|4\n|teamsize|p2|4\n|start\n|switch|p1a: Dragapult|Dragapult, L50, F|100/100\n|switch|p1b: Sneasler|Sneasler, L50, F, shiny|100/100\n|switch|p2a: Milotic|Milotic, L50, M|100/100\n|switch|p2b: Basculegion|Basculegion, L50, M|100/100\n|turn|1\n|\n|t:|1776086053\n|switch|p2b: Ninetales|Ninetales-Alola, L50, F|100/100\n|-weather|Snowscape|[from] ability: Snow Warning|[of] p2b: Ninetales\n|move|p1b: Sneasler|Fake Out|p2a: Milotic\n|-damage|p2a: Milotic|87/100\n|-status|p2a: Milotic|psn|[from] ability: Poison Touch|[of] p1b: Sneasler\n|move|p1a: Dragapult|Substitute|p1a: Dragapult\n|-start|p1a: Dragapult|Substitute\n|-damage|p1a: Dragapult|75/100\n|cant|p2a: Milotic|flinch\n|\n|-weather|Snowscape|[upkeep]\n|-heal|p1a: Dragapult|82/100|[from] item: Leftovers\n|-heal|p2a: Milotic|92/100 psn|[from] item: Leftovers\n|-damage|p2a: Milotic|80/100 psn|[from] psn\n|upkeep\n|turn|2\n|inactive|speedwagon03 has 30 seconds left.\n|\n|t:|1776086080\n|move|p1a: Dragapult|Dragon Dance|p1a: Dragapult\n|-boost|p1a: Dragapult|atk|1\n|-boost|p1a: Dragapult|spe|1\n|move|p1b: Sneasler|Dire Claw|p2b: Ninetales\n|-supereffective|p2b: Ninetales|1\n|-damage|p2b: Ninetales|18/100\n|-status|p2b: Ninetales|psn|[from] ability: Poison Touch|[of] p1b: Sneasler\n|-enditem|p2b: Ninetales|Lum Berry|[eat]\n|-curestatus|p2b: Ninetales|psn|[msg]\n|move|p2b: Ninetales|Aurora Veil|p2b: Ninetales\n|-sidestart|p2: speedwagon03|move: Aurora Veil\n|move|p2a: Milotic|Icy Wind|p1a: Dragapult|[spread] p1a,p1b\n|-supereffective|p1a: Dragapult|1\n|-end|p1a: Dragapult|Substitute\n|-damage|p1b: Sneasler|81/100\n|-unboost|p1b: Sneasler|spe|1\n|-enditem|p1b: Sneasler|White Herb\n|-clearnegativeboost|p1b: Sneasler|[silent]\n|\n|-weather|Snowscape|[upkeep]\n|-heal|p1a: Dragapult|88/100|[from] item: Leftovers\n|-heal|p2a: Milotic|86/100 psn|[from] item: Leftovers\n|-damage|p2a: Milotic|74/100 psn|[from] psn\n|upkeep\n|turn|3\n|inactive|DonkeyVGCP has 30 seconds left.\n|inactive|DonkeyVGCP has 20 seconds left.\n|\n|t:|1776086116\n|move|p2b: Ninetales|Protect|p2b: Ninetales\n|-singleturn|p2b: Ninetales|Protect\n|move|p1a: Dragapult|Substitute|p1a: Dragapult\n|-start|p1a: Dragapult|Substitute\n|-damage|p1a: Dragapult|63/100\n|move|p1b: Sneasler|Dire Claw|p2b: Ninetales\n|-activate|p2b: Ninetales|move: Protect\n|move|p2a: Milotic|Icy Wind|p1b: Sneasler|[spread] p1a,p1b\n|-supereffective|p1a: Dragapult|1\n|-end|p1a: Dragapult|Substitute\n|-damage|p1b: Sneasler|65/100\n|-unboost|p1b: Sneasler|spe|1\n|\n|-weather|Snowscape|[upkeep]\n|-heal|p1a: Dragapult|69/100|[from] item: Leftovers\n|-heal|p2a: Milotic|80/100 psn|[from] item: Leftovers\n|-damage|p2a: Milotic|67/100 psn|[from] psn\n|upkeep\n|turn|4\n|\n|t:|1776086137\n|move|p1a: Dragapult|Protect|p1a: Dragapult\n|-singleturn|p1a: Dragapult|Protect\n|move|p2b: Ninetales|Blizzard|p1a: Dragapult|[spread] p1b\n|-activate|p1a: Dragapult|move: Protect\n|-damage|p1b: Sneasler|23/100\n|move|p1b: Sneasler|Dire Claw|p2b: Ninetales\n|-supereffective|p2b: Ninetales|1\n|-damage|p2b: Ninetales|0 fnt\n|faint|p2b: Ninetales\n|move|p2a: Milotic|Icy Wind|p1b: Sneasler|[spread] p1b\n|-activate|p1a: Dragapult|move: Protect\n|-damage|p1b: Sneasler|6/100\n|-unboost|p1b: Sneasler|spe|1\n|\n|-weather|Snowscape|[upkeep]\n|-heal|p1a: Dragapult|75/100|[from] item: Leftovers\n|-heal|p2a: Milotic|73/100 psn|[from] item: Leftovers\n|-damage|p2a: Milotic|61/100 psn|[from] psn\n|upkeep\n|\n|t:|1776086155\n|switch|p2b: Basculegion|Basculegion, L50, M|100/100\n|turn|5\n|\n|t:|1776086175\n|move|p1b: Sneasler|Protect|p1b: Sneasler\n|-singleturn|p1b: Sneasler|Protect\n|move|p1a: Dragapult|Substitute|p1a: Dragapult\n|-start|p1a: Dragapult|Substitute\n|-damage|p1a: Dragapult|50/100\n|move|p2b: Basculegion|Last Respects|p1a: Dragapult\n|-supereffective|p1a: Dragapult|1\n|-crit|p1a: Dragapult\n|-end|p1a: Dragapult|Substitute\n|move|p2a: Milotic|Icy Wind|p1a: Dragapult|[spread] p1a\n|-activate|p1b: Sneasler|move: Protect\n|-supereffective|p1a: Dragapult|1\n|-damage|p1a: Dragapult|15/100\n|\n|-weather|none\n|-heal|p1a: Dragapult|22/100|[from] item: Leftovers\n|-heal|p2a: Milotic|67/100 psn|[from] item: Leftovers\n|-damage|p2a: Milotic|55/100 psn|[from] psn\n|upkeep\n|turn|6\n|inactive|DonkeyVGCP has 30 seconds left.\n|inactive|DonkeyVGCP has 20 seconds left.\n|\n|t:|1776086211\n|move|p1a: Dragapult|Protect|p1a: Dragapult\n|-singleturn|p1a: Dragapult|Protect\n|move|p2b: Basculegion|Last Respects|p1a: Dragapult\n|-activate|p1a: Dragapult|move: Protect\n|move|p1b: Sneasler|Dire Claw|p2b: Basculegion\n|-resisted|p2b: Basculegion|1\n|-damage|p2b: Basculegion|84/100\n|-status|p2b: Basculegion|psn|[from] ability: Poison Touch|[of] p1b: Sneasler\n|move|p2a: Milotic|Icy Wind|p1b: Sneasler|[spread] p1b\n|-activate|p1a: Dragapult|move: Protect\n|-crit|p1b: Sneasler\n|-damage|p1b: Sneasler|0 fnt\n|faint|p1b: Sneasler\n|\n|-heal|p1a: Dragapult|28/100|[from] item: Leftovers\n|-heal|p2a: Milotic|60/100 psn|[from] item: Leftovers\n|-damage|p2b: Basculegion|71/100 psn|[from] psn\n|-damage|p2a: Milotic|48/100 psn|[from] psn\n|-sideend|p2: speedwagon03|move: Aurora Veil\n|upkeep\n|\n|t:|1776086233\n|switch|p1b: Charizard|Charizard, L50, M, shiny|100/100\n|turn|7\n|\n|t:|1776086249\n|detailschange|p1b: Charizard|Charizard-Mega-Y, L50, M, shiny\n|-mega|p1b: Charizard|Charizard|Charizardite Y\n|-weather|SunnyDay|[from] ability: Drought|[of] p1b: Charizard\n|move|p1b: Charizard|Protect|p1b: Charizard\n|-singleturn|p1b: Charizard|Protect\n|move|p1a: Dragapult|Substitute|p1a: Dragapult\n|-start|p1a: Dragapult|Substitute\n|-damage|p1a: Dragapult|3/100\n|move|p2b: Basculegion|Last Respects|p1b: Charizard\n|-activate|p1b: Charizard|move: Protect\n|move|p2a: Milotic|Muddy Water|p1b: Charizard|[spread] p1a\n|-activate|p1b: Charizard|move: Protect\n|-resisted|p1a: Dragapult|1\n|-activate|p1a: Dragapult|move: Substitute|[damage]\n|\n|-weather|SunnyDay|[upkeep]\n|-heal|p1a: Dragapult|9/100|[from] item: Leftovers\n|-heal|p2a: Milotic|54/100 psn|[from] item: Leftovers\n|-damage|p2b: Basculegion|59/100 psn|[from] psn\n|-damage|p2a: Milotic|42/100 psn|[from] psn\n|upkeep\n|turn|8\n|inactive|DonkeyVGCP has 30 seconds left.\n|\n|t:|1776086274\n|switch|p1b: Venusaur|Venusaur, L50, F|100/100\n|move|p1a: Dragapult|Dragon Darts|p2b: Basculegion\n|-damage|p2b: Basculegion|8/100 psn\n|-anim|p1a: Dragapult|Dragon Darts|p2a: Milotic\n|-damage|p2a: Milotic|5/100 psn\n|move|p2b: Basculegion|Last Respects|p1b: Venusaur\n|-damage|p1b: Venusaur|15/100\n|move|p2a: Milotic|Muddy Water|p1a: Dragapult|[spread] p1a,p1b\n|-resisted|p1a: Dragapult|1\n|-activate|p1a: Dragapult|move: Substitute|[damage]\n|-resisted|p1b: Venusaur|1\n|-damage|p1b: Venusaur|6/100\n|\n|-weather|SunnyDay|[upkeep]\n|-heal|p1a: Dragapult|15/100|[from] item: Leftovers\n|-heal|p2a: Milotic|11/100 psn|[from] item: Leftovers\n|-damage|p2b: Basculegion|0 fnt|[from] psn\n|faint|p2b: Basculegion\n|-damage|p2a: Milotic|0 fnt|[from] psn\n|faint|p2a: Milotic\n|upkeep\n|\n|t:|1776086294\n|switch|p2a: Meganium|Meganium, L50, M|100/100\n|turn|9\n|\n|t:|1776086309\n|detailschange|p2a: Meganium|Meganium-Mega, L50, M\n|-mega|p2a: Meganium|Meganium|Meganiumite\n|move|p1a: Dragapult|Dragon Darts|p2a: Meganium\n|-immune|p2a: Meganium\n|move|p1b: Venusaur|Sludge Bomb|p2a: Meganium\n|-supereffective|p2a: Meganium|2\n|-damage|p2a: Meganium|0 fnt\n|faint|p2a: Meganium\n|\n|win|DonkeyVGCP\n|raw|DonkeyVGCP's rating: 1180 &rarr; <strong>1205</strong><br />(+25 for winning)\n|raw|speedwagon03's rating: 1184 &rarr; <strong>1159</strong><br />(-25 for losing)\n",
  "uploadtime": 1776086317,
  "views": 12,
  "formatid": "gen9championsvgc2026regma",
  "rating": 1159,
  "private": 0,
  "password": null
}