{
  "id": "gen9championsvgc2026regma-2581390432",
  "format": "[Gen 9 Champions] VGC 2026 Reg M-A",
  "players": [
    "Geo1213",
    "DeluxeSceptile"
  ],
  "log": "|j|\u2606Geo1213\n|j|\u2606DeluxeSceptile\n|t:|1775995305\n|gametype|doubles\n|player|p1|Geo1213|red|1029\n|player|p2|DeluxeSceptile|rosa|1000\n|gen|9\n|tier|[Gen 9 Champions] VGC 2026 Reg M-A\n|rated|\n|rule|Species Clause: Limit one of each Pok\u00e9mon\n|rule|Item Clause: Limit 1 of each item\n|clearpoke\n|poke|p1|Starmie, L50|\n|poke|p1|Sinistcha, L50|\n|poke|p1|Volcarona, L50, M|\n|poke|p1|Maushold-Four, L50|\n|poke|p1|Whimsicott, L50, F|\n|poke|p1|Dragapult, L50, M|\n|poke|p2|Aurorus, L50, F|\n|poke|p2|Tyrantrum, L50, F|\n|poke|p2|Gourgeist-*, L50, M|\n|poke|p2|Goodra-Hisui, L50, F|\n|poke|p2|Hawlucha, L50, F|\n|poke|p2|Gardevoir, L50, F|\n|teampreview|4\n|inactive|Battle timer is ON: inactive players will automatically lose when time's up. (requested by Geo1213)\nDeluxeSceptile has agreed to open team sheets.\n|inactive|Geo1213 has 60 seconds left.\n|inactive|Geo1213 has 30 seconds left.\n|\n|t:|1775995374\n|teamsize|p1|4\n|teamsize|p2|4\n|start\n|switch|p1a: Starmie|Starmie, L50|100/100\n|switch|p1b: Whimsicott|Whimsicott, L50, F|100/100\n|switch|p2a: Aurorus|Aurorus, L50, F|100/100\n|switch|p2b: Gourgeist|Gourgeist-Large, L50, M|100/100\n|-weather|Snowscape|[from] ability: Snow Warning|[of] p2a: Aurorus\n|turn|1\n|\n|t:|1775995396\n|detailschange|p1a: Starmie|Starmie-Mega, L50\n|-mega|p1a: Starmie|Starmie|Starminite\n|move|p1b: Whimsicott|Tailwind|p1b: Whimsicott\n|-sidestart|p1: Geo1213|move: Tailwind\n|move|p1a: Starmie|Liquidation|p2a: Aurorus\n|-supereffective|p2a: Aurorus|1\n|-damage|p2a: Aurorus|20/100\n|-unboost|p2a: Aurorus|def|1\n|move|p2a: Aurorus|Aurora Veil|p2a: Aurorus\n|-sidestart|p2: DeluxeSceptile|move: Aurora Veil\n|move|p2b: Gourgeist|Trick Room|p2b: Gourgeist\n|-fieldstart|move: Trick Room|[of] p2b: Gourgeist\n|\n|-weather|Snowscape|[upkeep]\n|upkeep\n|turn|2\n|inactive|Geo1213 has 30 seconds left.\n|inactive|DeluxeSceptile has 30 seconds left.\n|\n|t:|1775995428\n|move|p2a: Aurorus|Blizzard|p1b: Whimsicott|[spread] p1a,p1b\n|-resisted|p1a: Starmie|1\n|-supereffective|p1b: Whimsicott|1\n|-damage|p1a: Starmie|83/100\n|-damage|p1b: Whimsicott|38/100\n|move|p2b: Gourgeist|Seed Bomb|p1a: Starmie\n|-supereffective|p1a: Starmie|1\n|-damage|p1a: Starmie|16/100\n|move|p1b: Whimsicott|U-turn|p2a: Aurorus\n|-damage|p2a: Aurorus|14/100\n|\n|t:|1775995438\n|switch|p1b: Maushold|Maushold-Four, L50|100/100|[from] U-turn\n|move|p1a: Starmie|Ice Spinner|p2b: Gourgeist\n|-supereffective|p2b: Gourgeist|1\n|-damage|p2b: Gourgeist|50/100\n|\n|-weather|Snowscape|[upkeep]\n|upkeep\n|turn|3\n|\n|t:|1775995461\n|move|p1b: Maushold|Follow Me|p1b: Maushold\n|-singleturn|p1b: Maushold|move: Follow Me\n|move|p2a: Aurorus|Blizzard|p1b: Maushold|[spread] p1a,p1b\n|-resisted|p1a: Starmie|1\n|-crit|p1a: Starmie\n|-damage|p1a: Starmie|0 fnt\n|-damage|p1b: Maushold|68/100\n|faint|p1a: Starmie\n|move|p2b: Gourgeist|Seed Bomb|p1b: Maushold\n|-damage|p1b: Maushold|35/100\n|\n|-weather|Snowscape|[upkeep]\n|upkeep\n|\n|t:|1775995471\n|switch|p1a: Dragapult|Dragapult, L50, M|100/100\n|turn|4\n|\n|t:|1775995483\n|move|p2a: Aurorus|Blizzard|p1b: Maushold|[spread] p1a,p1b\n|-supereffective|p1a: Dragapult|1\n|-damage|p1a: Dragapult|42/100\n|-damage|p1b: Maushold|0 fnt\n|faint|p1b: Maushold\n|move|p2b: Gourgeist|Seed Bomb|p1a: Dragapult\n|-resisted|p1a: Dragapult|1\n|-damage|p1a: Dragapult|24/100\n|move|p1a: Dragapult|Acrobatics|p2b: Gourgeist\n|-supereffective|p2b: Gourgeist|1\n|-damage|p2b: Gourgeist|11/100\n|\n|-weather|Snowscape|[upkeep]\n|-sideend|p1: Geo1213|move: Tailwind\n|upkeep\n|\n|t:|1775995493\n|switch|p1b: Whimsicott|Whimsicott, L50, F|38/100\n|turn|5\n|\n|t:|1775995506\n|switch|p2a: Goodra|Goodra-Hisui, L50, F|100/100\n|move|p2b: Gourgeist|Seed Bomb|p2a: Goodra\n|-ability|p2a: Goodra|Sap Sipper|boost\n|-boost|p2a: Goodra|atk|1\n|move|p1b: Whimsicott|Moonblast|p2a: Goodra\n|-damage|p2a: Goodra|89/100\n|move|p1a: Dragapult|Acrobatics|p2a: Goodra\n|-resisted|p2a: Goodra|1\n|-damage|p2a: Goodra|77/100\n|\n|-weather|none\n|-heal|p2a: Goodra|83/100|[from] item: Leftovers\n|-heal|p1b: Whimsicott|44/100|[from] item: Leftovers\n|-sideend|p2: DeluxeSceptile|move: Aurora Veil\n|-fieldend|move: Trick Room\n|upkeep\n|turn|6\n|inactive|Geo1213 has 30 seconds left.\n|inactive|DeluxeSceptile has 30 seconds left.\n|\n|t:|1775995533\n|move|p2b: Gourgeist|Protect|p2b: Gourgeist\n|-singleturn|p2b: Gourgeist|Protect\n|move|p1b: Whimsicott|Tailwind|p1b: Whimsicott\n|-sidestart|p1: Geo1213|move: Tailwind\n|move|p1a: Dragapult|Dragon Darts|p2a: Goodra\n|-damage|p2a: Goodra|57/100\n|-anim|p1a: Dragapult|Dragon Darts|p2a: Goodra\n|-damage|p2a: Goodra|35/100\n|move|p2a: Goodra|Dragon Claw|p1a: Dragapult\n|-supereffective|p1a: Dragapult|1\n|-damage|p1a: Dragapult|0 fnt\n|faint|p1a: Dragapult\n|\n|-heal|p1b: Whimsicott|50/100|[from] item: Leftovers\n|-heal|p2a: Goodra|41/100|[from] item: Leftovers\n|upkeep\n|turn|7\n|\n|t:|1775995555\n|move|p1b: Whimsicott|Moonblast|p2a: Goodra\n|-damage|p2a: Goodra|23/100\n|move|p2b: Gourgeist|Disable|p1b: Whimsicott\n|-start|p1b: Whimsicott|Disable|Moonblast\n|move|p2a: Goodra|Iron Head|p1b: Whimsicott\n|-supereffective|p1b: Whimsicott|1\n|-damage|p1b: Whimsicott|0 fnt\n|faint|p1b: Whimsicott\n|\n|win|DeluxeSceptile\n|raw|Geo1213's rating: 1029 &rarr; <strong>1013</strong><br />(-16 for losing)\n|raw|DeluxeSceptile's rating: 1000 &rarr; <strong>1043</strong><br />(+43 for winning)\n|l|\u2606Geo1213\n|player|p1|\n",
  "uploadtime": 1775995654,
  "views": 38,
  "formatid": "gen9championsvgc2026regma",
  "rating": 1013,
  "private": 0,
  "password": null
}