{
  "id": "gen9championsvgc2026regma-2585752253",
  "format": "[Gen 9 Champions] VGC 2026 Reg M-A",
  "players": [
    "AllNealB4Me",
    "KusinVitamin"
  ],
  "log": "|j|\u203dAllNealB4Me\n|j|\u2606KusinVitamin\n|t:|1776368141\n|gametype|doubles\n|player|p1|AllNealB4Me|265|1176\n|player|p2|KusinVitamin|volkner|1184\n|gen|9\n|tier|[Gen 9 Champions] VGC 2026 Reg M-A\n|rated|\n|rule|Species Clause: Limit one of each Pok\u00e9mon\n|rule|Item Clause: Limit 1 of each item\n|clearpoke\n|poke|p1|Whimsicott, L50, F|\n|poke|p1|Charizard, L50, F|\n|poke|p1|Raichu-Alola, L50, F|\n|poke|p1|Sneasler, L50, M|\n|poke|p1|Kingambit, L50, M|\n|poke|p1|Torkoal, L50, F|\n|poke|p2|Charizard, L50, M|\n|poke|p2|Garchomp, L50, F|\n|poke|p2|Sneasler, L50, F|\n|poke|p2|Milotic, L50, F|\n|poke|p2|Aerodactyl, L50, M|\n|poke|p2|Whimsicott, L50, M|\n|teampreview|4\n|inactive|Battle timer is ON: inactive players will automatically lose when time's up. (requested by KusinVitamin)\n|inactive|AllNealB4Me has 60 seconds left.\n|inactive|KusinVitamin has 60 seconds left.\n|inactive|AllNealB4Me has 30 seconds left.\n|inactive|AllNealB4Me has 20 seconds left.\n|inactive|AllNealB4Me has 15 seconds left.\n|inactive|AllNealB4Me has 10 seconds left.\n|\n|t:|1776368225\n|teamsize|p1|4\n|teamsize|p2|4\n|start\n|switch|p1a: Whimsicott|Whimsicott, L50, F|100/100\n|switch|p1b: Sneasler|Sneasler, L50, M|100/100\n|switch|p2a: Garchomp|Garchomp, L50, F|100/100\n|switch|p2b: Sneasler|Sneasler, L50, F|100/100\n|turn|1\n|inactive|KusinVitamin has 30 seconds left.\n|\n|t:|1776368255\n|move|p1a: Whimsicott|Protect|p1a: Whimsicott\n|-singleturn|p1a: Whimsicott|Protect\n|move|p1b: Sneasler|Fake Out|p2a: Garchomp\n|-damage|p2a: Garchomp|85/100\n|-damage|p1b: Sneasler|88/100|[from] ability: Rough Skin|[of] p2a: Garchomp\n|move|p2b: Sneasler|Fake Out|p1a: Whimsicott\n|-activate|p1a: Whimsicott|move: Protect\n|cant|p2a: Garchomp|flinch\n|\n|upkeep\n|turn|2\n|\n|t:|1776368271\n|move|p1a: Whimsicott|Encore|p2b: Sneasler\n|-start|p2b: Sneasler|Encore\n|move|p2b: Sneasler|Fake Out||[still]\n|-hint|Fake Out only works on your first turn out.\n|-fail|p2b: Sneasler\n|move|p1b: Sneasler|Close Combat|p2a: Garchomp\n|-damage|p2a: Garchomp|22/100\n|-unboost|p1b: Sneasler|def|1\n|-unboost|p1b: Sneasler|spd|1\n|-damage|p1b: Sneasler|76/100|[from] ability: Rough Skin|[of] p2a: Garchomp\n|-enditem|p1b: Sneasler|White Herb\n|-clearnegativeboost|p1b: Sneasler|[silent]\n|move|p2a: Garchomp|Rock Slide|p1b: Sneasler|[spread] p1a,p1b\n|-resisted|p1b: Sneasler|1\n|-crit|p1b: Sneasler\n|-damage|p1a: Whimsicott|71/100\n|-damage|p1b: Sneasler|49/100\n|\n|upkeep\n|turn|3\n|inactive|AllNealB4Me has 30 seconds left.\n|inactive|AllNealB4Me has 20 seconds left.\n|inactive|AllNealB4Me has 15 seconds left.\n|\n|t:|1776368311\n|switch|p2b: Aerodactyl|Aerodactyl, L50, M|100/100\n|move|p2a: Garchomp|Protect|p2a: Garchomp\n|-singleturn|p2a: Garchomp|Protect\n|move|p1a: Whimsicott|Tailwind|p1a: Whimsicott\n|-sidestart|p1: AllNealB4Me|move: Tailwind\n|move|p1b: Sneasler|Close Combat|p2a: Garchomp\n|-activate|p2a: Garchomp|move: Protect\n|\n|upkeep\n|turn|4\n|inactive|KusinVitamin has 30 seconds left.\n|\n|t:|1776368346\n|switch|p2a: Sneasler|Sneasler, L50, F|100/100\n|move|p1a: Whimsicott|Encore||[still]\n|-fail|p1a: Whimsicott\n|move|p1b: Sneasler|Close Combat|p2b: Aerodactyl\n|-damage|p2b: Aerodactyl|8/100\n|-unboost|p1b: Sneasler|def|1\n|-unboost|p1b: Sneasler|spd|1\n|move|p2b: Aerodactyl|Tailwind|p2b: Aerodactyl\n|-sidestart|p2: KusinVitamin|move: Tailwind\n|\n|upkeep\n|turn|5\n|inactive|AllNealB4Me has 30 seconds left.\n|\n|t:|1776368378\n|switch|p2b: Charizard|Charizard, L50, M|100/100\n|move|p2a: Sneasler|Fake Out|p1b: Sneasler\n|-damage|p1b: Sneasler|10/100\n|move|p1a: Whimsicott|Encore||[still]\n|-fail|p1a: Whimsicott\n|cant|p1b: Sneasler|flinch\n|\n|upkeep\n|turn|6\n|\n|t:|1776368394\n|detailschange|p2b: Charizard|Charizard-Mega-Y, L50, M\n|-mega|p2b: Charizard|Charizard|Charizardite Y\n|-weather|SunnyDay|[from] ability: Drought|[of] p2b: Charizard\n|move|p1a: Whimsicott|Protect|p1a: Whimsicott\n|-singleturn|p1a: Whimsicott|Protect\n|move|p2a: Sneasler|Protect|p2a: Sneasler\n|-singleturn|p2a: Sneasler|Protect\n|move|p1b: Sneasler|Close Combat|p2a: Sneasler\n|-activate|p2a: Sneasler|move: Protect\n|move|p2b: Charizard|Heat Wave|p1b: Sneasler|[spread] p1b\n|-activate|p1a: Whimsicott|move: Protect\n|-damage|p1b: Sneasler|0 fnt\n|faint|p1b: Sneasler\n|\n|-weather|SunnyDay|[upkeep]\n|-sideend|p1: AllNealB4Me|move: Tailwind\n|upkeep\n|\n|t:|1776368413\n|switch|p1b: Raichu|Raichu-Alola, L50, F|100/100\n|turn|7\n|inactive|KusinVitamin has 30 seconds left.\n|\n|t:|1776368440\n|switch|p2b: Garchomp|Garchomp, L50, F|22/100\n|move|p1a: Whimsicott|Tailwind|p1a: Whimsicott\n|-sidestart|p1: AllNealB4Me|move: Tailwind\n|move|p1b: Raichu|Psychic|p2a: Sneasler\n|-supereffective|p2a: Sneasler|2\n|-damage|p2a: Sneasler|0 fnt\n|faint|p2a: Sneasler\n|\n|-weather|SunnyDay|[upkeep]\n|-sideend|p2: KusinVitamin|move: Tailwind\n|upkeep\n|\n|t:|1776368452\n|switch|p2a: Aerodactyl|Aerodactyl, L50, M|8/100\n|turn|8\n|\n|t:|1776368473\n|move|p1a: Whimsicott|Protect|p1a: Whimsicott\n|-singleturn|p1a: Whimsicott|Protect\n|move|p1b: Raichu|Psychic|p2a: Aerodactyl\n|-damage|p2a: Aerodactyl|0 fnt\n|faint|p2a: Aerodactyl\n|move|p2b: Garchomp|Earthquake|p1b: Raichu|[spread] p1b\n|-activate|p1a: Whimsicott|move: Protect\n|-supereffective|p1b: Raichu|1\n|-damage|p1b: Raichu|0 fnt\n|faint|p1b: Raichu\n|\n|-weather|SunnyDay|[upkeep]\n|upkeep\n|\n|t:|1776368487\n|switch|p2a: Charizard|Charizard-Mega-Y, L50, M|100/100\n|switch|p1b: Charizard|Charizard, L50, F|100/100\n|turn|9\n|inactive|AllNealB4Me has 30 seconds left.\n|inactive|AllNealB4Me has 20 seconds left.\n|\n|t:|1776368525\n|move|p2b: Garchomp|Protect|p2b: Garchomp\n|-singleturn|p2b: Garchomp|Protect\n|move|p2a: Charizard|Protect|p2a: Charizard\n|-singleturn|p2a: Charizard|Protect\n|move|p1a: Whimsicott|Encore|p2b: Garchomp\n|-activate|p2b: Garchomp|move: Protect\n|move|p1b: Charizard|Dragon Claw|p2b: Garchomp\n|-activate|p2b: Garchomp|move: Protect\n|\n|-weather|SunnyDay|[upkeep]\n|upkeep\n|turn|10\n|\n|t:|1776368537\n|detailschange|p1b: Charizard|Charizard-Mega-X, L50, F\n|-mega|p1b: Charizard|Charizard|Charizardite X\n|move|p1a: Whimsicott|Encore|p2b: Garchomp\n|-start|p2b: Garchomp|Encore\n|move|p2b: Garchomp|Protect||[still]\n|-fail|p2b: Garchomp\n|move|p1b: Charizard|Dragon Dance|p1b: Charizard\n|-boost|p1b: Charizard|atk|1\n|-boost|p1b: Charizard|spe|1\n|move|p2a: Charizard|Heat Wave|p1a: Whimsicott|[spread] p1a\n|-miss|p2a: Charizard|p1b: Charizard\n|-supereffective|p1a: Whimsicott|1\n|-damage|p1a: Whimsicott|0 fnt\n|faint|p1a: Whimsicott\n|\n|-weather|none\n|-sideend|p1: AllNealB4Me|move: Tailwind\n|upkeep\n|turn|11\n|\n|t:|1776368557\n|move|p2b: Garchomp|Protect|p2b: Garchomp\n|-singleturn|p2b: Garchomp|Protect\n|move|p1b: Charizard|Dragon Claw|p2a: Charizard\n|-damage|p2a: Charizard|0 fnt\n|faint|p2a: Charizard\n|\n|upkeep\n|turn|12\n|-message|KusinVitamin forfeited.\n|\n|win|AllNealB4Me\n|raw|AllNealB4Me's rating: 1176 &rarr; <strong>1202</strong><br />(+26 for winning)\n|raw|KusinVitamin's rating: 1184 &rarr; <strong>1158</strong><br />(-26 for losing)\n|l|\u2606KusinVitamin\n|player|p2|\n",
  "uploadtime": 1776368574,
  "views": 37,
  "formatid": "gen9championsvgc2026regma",
  "rating": 1158,
  "private": 0,
  "password": null
}