{
  "id": "gen9championsvgc2026regma-2584588288",
  "format": "[Gen 9 Champions] VGC 2026 Reg M-A",
  "players": [
    "Adamant Golduck",
    "oliverfakemawn"
  ],
  "log": "|j|\u2606Adamant Golduck\n|j|\u2606oliverfakemawn\n|t:|1776270572\n|gametype|doubles\n|player|p1|Adamant Golduck|102|1158\n|player|p2|oliverfakemawn|266|1254\n|gen|9\n|tier|[Gen 9 Champions] VGC 2026 Reg M-A\n|rated|\n|rule|Species Clause: Limit one of each Pok\u00e9mon\n|rule|Item Clause: Limit 1 of each item\n|clearpoke\n|poke|p1|Pelipper, L50, M|\n|poke|p1|Basculegion, L50, M|\n|poke|p1|Sinistcha, L50|\n|poke|p1|Archaludon, L50, F|\n|poke|p1|Incineroar, L50, F|\n|poke|p1|Starmie, L50|\n|poke|p2|Starmie, L50|\n|poke|p2|Incineroar, L50, M|\n|poke|p2|Sneasler, L50, F|\n|poke|p2|Hydreigon, L50, F|\n|poke|p2|Rotom-Mow, L50|\n|poke|p2|Klefki, L50, F|\n|teampreview|4\n|inactive|Battle timer is ON: inactive players will automatically lose when time's up. (requested by Adamant Golduck)\n|\n|t:|1776270607\n|teamsize|p1|4\n|teamsize|p2|4\n|start\n|switch|p1a: Pelipper|Pelipper, L50, M, shiny|100/100\n|switch|p1b: Basculegion|Basculegion, L50, M, shiny|100/100\n|switch|p2a: nom nom cookie|Rotom-Mow, L50|100/100\n|switch|p2b: jingles|Klefki, L50, F|100/100\n|-weather|RainDance|[from] ability: Drizzle|[of] p1a: Pelipper\n|turn|1\n|inactive|Adamant Golduck has 30 seconds left.\n|inactive|oliverfakemawn has 30 seconds left.\n|\n|t:|1776270638\n|move|p2b: jingles|Thunder Wave|p1b: Basculegion\n|-status|p1b: Basculegion|par\n|move|p2a: nom nom cookie|Thunderbolt|p1b: Basculegion\n|-supereffective|p1b: Basculegion|1\n|-damage|p1b: Basculegion|15/100 par\n|cant|p1b: Basculegion|par\n|move|p1a: Pelipper|Weather Ball|p2b: jingles\n|-damage|p2b: jingles|33/100\n|\n|-weather|RainDance|[upkeep]\n|-heal|p2b: jingles|39/100|[from] item: Leftovers\n|upkeep\n|turn|2\n|inactive|Adamant Golduck has 30 seconds left.\n|\n|t:|1776270668\n|move|p1b: Basculegion|Protect|p1b: Basculegion\n|-singleturn|p1b: Basculegion|Protect\n|move|p2a: nom nom cookie|Thunderbolt|p1a: Pelipper\n|-supereffective|p1a: Pelipper|2\n|-enditem|p1a: Pelipper|Focus Sash\n|-damage|p1a: Pelipper|1/100\n|move|p1a: Pelipper|Hurricane|p2a: nom nom cookie\n|-damage|p2a: nom nom cookie|43/100\n|move|p2b: jingles|Dazzling Gleam|p1a: Pelipper|[spread] p1a\n|-activate|p1b: Basculegion|move: Protect\n|-damage|p1a: Pelipper|0 fnt\n|faint|p1a: Pelipper\n|\n|-weather|RainDance|[upkeep]\n|-heal|p2b: jingles|45/100|[from] item: Leftovers\n|upkeep\n|\n|t:|1776270676\n|switch|p1a: Archaludon|Archaludon, L50, F, shiny|100/100\n|turn|3\n|\n|t:|1776270689\n|move|p2b: jingles|Light Screen|p2b: jingles\n|-sidestart|p2: oliverfakemawn|move: Light Screen\n|move|p2a: nom nom cookie|Thunderbolt|p1b: Basculegion\n|-supereffective|p1b: Basculegion|1\n|-damage|p1b: Basculegion|0 fnt\n|faint|p1b: Basculegion\n|move|p1a: Archaludon|Electro Shot||[still]\n|-prepare|p1a: Archaludon|Electro Shot\n|-boost|p1a: Archaludon|spa|1\n|-anim|p1a: Archaludon|Electro Shot|p2b: jingles\n|-damage|p2b: jingles|8/100\n|\n|-weather|RainDance|[upkeep]\n|-heal|p2b: jingles|14/100|[from] item: Leftovers\n|upkeep\n|\n|t:|1776270694\n|switch|p1b: Sinistcha|Sinistcha, L50, shiny|100/100\n|turn|4\n|\n|t:|1776270710\n|move|p1b: Sinistcha|Rage Powder|p1b: Sinistcha\n|-singleturn|p1b: Sinistcha|move: Rage Powder\n|move|p2a: nom nom cookie|Thunderbolt|p1b: Sinistcha\n|-resisted|p1b: Sinistcha|1\n|-damage|p1b: Sinistcha|80/100\n|move|p1a: Archaludon|Electro Shot||[still]\n|-prepare|p1a: Archaludon|Electro Shot\n|-boost|p1a: Archaludon|spa|1\n|-anim|p1a: Archaludon|Electro Shot|p2b: jingles\n|-damage|p2b: jingles|0 fnt\n|faint|p2b: jingles\n|\n|-weather|RainDance|[upkeep]\n|upkeep\n|\n|t:|1776270723\n|switch|p2b: *french dub*|Starmie, L50, shiny|100/100\n|turn|5\n|\n|t:|1776270731\n|detailschange|p2b: *french dub*|Starmie-Mega, L50, shiny\n|-mega|p2b: *french dub*|Starmie|Starminite\n|move|p1b: Sinistcha|Rage Powder|p1b: Sinistcha\n|-singleturn|p1b: Sinistcha|move: Rage Powder\n|move|p2a: nom nom cookie|Thunderbolt|p1b: Sinistcha\n|-resisted|p1b: Sinistcha|1\n|-damage|p1b: Sinistcha|59/100\n|move|p2b: *french dub*|Zen Headbutt|p1b: Sinistcha\n|-damage|p1b: Sinistcha|0 fnt\n|faint|p1b: Sinistcha\n|move|p1a: Archaludon|Electro Shot||[still]\n|-prepare|p1a: Archaludon|Electro Shot\n|-boost|p1a: Archaludon|spa|1\n|-anim|p1a: Archaludon|Electro Shot|p2b: *french dub*\n|-supereffective|p2b: *french dub*|1\n|-damage|p2b: *french dub*|0 fnt\n|faint|p2b: *french dub*\n|\n|-weather|none\n|upkeep\n|\n|t:|1776270749\n|switch|p2b: TwT|Hydreigon, L50, F|100/100\n|turn|6\n|\n|t:|1776270759\n|move|p2a: nom nom cookie|Thunderbolt|p1a: Archaludon\n|-resisted|p1a: Archaludon|1\n|-damage|p1a: Archaludon|77/100\n|-ability|p1a: Archaludon|Stamina|boost\n|-boost|p1a: Archaludon|def|1\n|move|p2b: TwT|Dark Pulse|p1a: Archaludon\n|-damage|p1a: Archaludon|21/100\n|-ability|p1a: Archaludon|Stamina|boost\n|-boost|p1a: Archaludon|def|1\n|move|p1a: Archaludon|Draco Meteor|p2b: TwT\n|-supereffective|p2b: TwT|1\n|-enditem|p2b: TwT|Focus Sash\n|-damage|p2b: TwT|1/100\n|-unboost|p1a: Archaludon|spa|2\n|\n|-heal|p1a: Archaludon|27/100|[from] item: Leftovers\n|upkeep\n|turn|7\n|\n|t:|1776270779\n|move|p2a: nom nom cookie|Thunderbolt|p1a: Archaludon\n|-resisted|p1a: Archaludon|1\n|-damage|p1a: Archaludon|4/100\n|-ability|p1a: Archaludon|Stamina|boost\n|-boost|p1a: Archaludon|def|1\n|move|p2b: TwT|Dark Pulse|p1a: Archaludon\n|-damage|p1a: Archaludon|0 fnt\n|faint|p1a: Archaludon\n|\n|win|oliverfakemawn\n|raw|Adamant Golduck's rating: 1158 &rarr; <strong>1140</strong><br />(-18 for losing)\n|raw|oliverfakemawn's rating: 1254 &rarr; <strong>1272</strong><br />(+18 for winning)\n|l|\u2606Adamant Golduck\n|player|p1|\n",
  "uploadtime": 1776270846,
  "views": 19,
  "formatid": "gen9championsvgc2026regma",
  "rating": 1140,
  "private": 0,
  "password": null
}