{
  "id": "gen9championsvgc2026regma-2586746639",
  "format": "[Gen 9 Champions] VGC 2026 Reg M-A",
  "players": [
    "Thomper",
    "TwinkDeBolsillo"
  ],
  "log": "|j|\u2606Thomper\n|j|\u2606TwinkDeBolsillo\n|t:|1776456686\n|gametype|doubles\n|player|p1|Thomper|102|1056\n|player|p2|TwinkDeBolsillo|miku-ghost|1070\n|gen|9\n|tier|[Gen 9 Champions] VGC 2026 Reg M-A\n|rated|\n|rule|Species Clause: Limit one of each Pok\u00e9mon\n|rule|Item Clause: Limit 1 of each item\n|clearpoke\n|poke|p1|Sableye, L50, F|\n|poke|p1|Flapple, L50, M|\n|poke|p1|Maushold, L50|\n|poke|p1|Incineroar, L50, M|\n|poke|p1|Milotic, L50, F|\n|poke|p1|Gengar, L50, M|\n|poke|p2|Crabominable, L50, M|\n|poke|p2|Incineroar, L50, F|\n|poke|p2|Torkoal, L50, F|\n|poke|p2|Gyarados, L50, F|\n|poke|p2|Farigiraf, L50, F|\n|poke|p2|Drampa, L50, M|\n|teampreview|4\n|inactive|Battle timer is ON: inactive players will automatically lose when time's up. (requested by TwinkDeBolsillo)\nTwinkDeBolsillo has agreed to open team sheets.\n|inactive|Thomper has 60 seconds left.\n|inactive|TwinkDeBolsillo has 60 seconds left.\n|inactive|Thomper has 30 seconds left.\n|\n|t:|1776456755\n|teamsize|p1|4\n|teamsize|p2|4\n|start\n|switch|p1a: Gengar|Gengar, L50, M|100/100\n|switch|p1b: Maushold|Maushold, L50, shiny|100/100\n|switch|p2a: Farigiraf|Farigiraf, L50, F|100/100\n|switch|p2b: Gyarados|Gyarados, L50, F|100/100\n|-ability|p2b: Gyarados|Intimidate|boost\n|-unboost|p1a: Gengar|atk|1\n|-unboost|p1b: Maushold|atk|1\n|turn|1\n|inactive|Thomper has 30 seconds left.\n|\n|t:|1776456780\n|switch|p2b: Drampa|Drampa, L50, M|100/100\n|detailschange|p1a: Gengar|Gengar-Mega, L50, M\n|-mega|p1a: Gengar|Gengar|Gengarite\n|move|p1b: Maushold|Helping Hand|p1a: Gengar\n|-singleturn|p1a: Gengar|Helping Hand|[of] p1b: Maushold\n|move|p1a: Gengar|Sludge Bomb|p2b: Drampa\n|-damage|p2b: Drampa|12/100\n|-status|p2b: Drampa|psn\n|-ability|p2b: Drampa|Berserk|boost\n|-boost|p2b: Drampa|spa|1\n|move|p2a: Farigiraf|Trick Room|p2a: Farigiraf\n|-fieldstart|move: Trick Room|[of] p2a: Farigiraf\n|\n|-damage|p2b: Drampa|0 fnt|[from] psn\n|faint|p2b: Drampa\n|upkeep\n|\n|t:|1776456790\n|switch|p2b: Crabominable|Crabominable, L50, M|100/100\n|turn|2\n|\n|t:|1776456809\n|detailschange|p2b: Crabominable|Crabominable-Mega, L50, M\n|-mega|p2b: Crabominable|Crabominable|Crabominite\n|move|p1a: Gengar|Protect|p1a: Gengar\n|-singleturn|p1a: Gengar|Protect\n|move|p2b: Crabominable|Close Combat|p1b: Maushold\n|-supereffective|p1b: Maushold|1\n|-enditem|p1b: Maushold|Chople Berry|[eat]\n|-enditem|p1b: Maushold|Chople Berry|[weaken]\n|-damage|p1b: Maushold|0 fnt\n|-unboost|p2b: Crabominable|def|1\n|-unboost|p2b: Crabominable|spd|1\n|faint|p1b: Maushold\n|move|p2a: Farigiraf|Twin Beam|p1a: Gengar\n|-activate|p1a: Gengar|move: Protect\n|\n|upkeep\n|\n|t:|1776456824\n|switch|p1b: Incineroar|Incineroar, L50, M|100/100\n|-ability|p1b: Incineroar|Intimidate|boost\n|-unboost|p2a: Farigiraf|atk|1\n|-unboost|p2b: Crabominable|atk|1\n|turn|3\n|\n|t:|1776456848\n|move|p2b: Crabominable|Close Combat|p1b: Incineroar\n|-supereffective|p1b: Incineroar|1\n|-damage|p1b: Incineroar|18/100\n|-unboost|p2b: Crabominable|def|1\n|-unboost|p2b: Crabominable|spd|1\n|move|p2a: Farigiraf|Twin Beam|p1a: Gengar\n|-supereffective|p1a: Gengar|1\n|-damage|p1a: Gengar|48/100\n|-supereffective|p1a: Gengar|1\n|-damage|p1a: Gengar|0 fnt\n|faint|p1a: Gengar\n|-hitcount|p1: Gengar|2\n|move|p1b: Incineroar|Parting Shot|p2b: Crabominable\n|-unboost|p2b: Crabominable|atk|1\n|-unboost|p2b: Crabominable|spa|1\n|\n|t:|1776456860\n|switch|p1b: Milotic|Milotic, L50, F|100/100|[from] Parting Shot\n|\n|upkeep\n|\n|t:|1776456864\n|switch|p1a: Incineroar|Incineroar, L50, M|18/100\n|-ability|p1a: Incineroar|Intimidate|boost\n|-unboost|p2a: Farigiraf|atk|1\n|-unboost|p2b: Crabominable|atk|1\n|turn|4\n|\n|t:|1776456880\n|switch|p2b: Gyarados|Gyarados, L50, F|100/100\n|-ability|p2b: Gyarados|Intimidate|boost\n|-unboost|p1a: Incineroar|atk|1\n|-unboost|p1b: Milotic|atk|1\n|-ability|p1b: Milotic|Competitive|boost\n|-boost|p1b: Milotic|spa|2\n|move|p2a: Farigiraf|Dazzling Gleam|p1b: Milotic|[spread] p1a,p1b\n|-damage|p1a: Incineroar|2/100\n|-damage|p1b: Milotic|87/100\n|move|p1a: Incineroar|Flare Blitz|p2b: Gyarados\n|-resisted|p2b: Gyarados|1\n|-damage|p2b: Gyarados|79/100\n|-damage|p1a: Incineroar|0 fnt|[from] Recoil\n|faint|p1a: Incineroar\n|move|p1b: Milotic|Scald|p2b: Gyarados\n|-resisted|p2b: Gyarados|1\n|-damage|p2b: Gyarados|38/100\n|\n|-heal|p1b: Milotic|93/100|[from] item: Leftovers\n|upkeep\n|turn|5\n|\n|t:|1776456900\n|move|p2a: Farigiraf|Twin Beam|p1b: Milotic\n|-crit|p1b: Milotic\n|-damage|p1b: Milotic|73/100\n|-damage|p1b: Milotic|58/100\n|-hitcount|p1b: Milotic|2\n|move|p1b: Milotic|Scald|p2a: Farigiraf\n|-damage|p2a: Farigiraf|25/100\n|move|p2b: Gyarados|Power Whip|p1b: Milotic\n|-supereffective|p1b: Milotic|1\n|-damage|p1b: Milotic|0 fnt\n|faint|p1b: Milotic\n|\n|win|TwinkDeBolsillo\n|raw|Thomper's rating: 1056 &rarr; <strong>1038</strong><br />(-18 for losing)\n|raw|TwinkDeBolsillo's rating: 1070 &rarr; <strong>1098</strong><br />(+28 for winning)\n",
  "uploadtime": 1776456904,
  "views": 35,
  "formatid": "gen9championsvgc2026regma",
  "rating": 1038,
  "private": 0,
  "password": null
}