{
  "id": "gen9championsvgc2026regma-2584724038",
  "format": "[Gen 9 Champions] VGC 2026 Reg M-A",
  "players": [
    "SchrobZen",
    "workdigi"
  ],
  "log": "|j|\u2606SchrobZen\n|j|\u2606workdigi\n|t:|1776279200\n|gametype|doubles\n|player|p1|SchrobZen|gambler|1065\n|player|p2|workdigi|170|1139\n|gen|9\n|tier|[Gen 9 Champions] VGC 2026 Reg M-A\n|rated|\n|rule|Species Clause: Limit one of each Pok\u00e9mon\n|rule|Item Clause: Limit 1 of each item\n|clearpoke\n|poke|p1|Incineroar, L50, F|\n|poke|p1|Sinistcha, L50|\n|poke|p1|Sneasler, L50, M|\n|poke|p1|Zoroark, L50, M|\n|poke|p1|Starmie, L50|\n|poke|p1|Aerodactyl, L50, F|\n|poke|p2|Floette-Eternal, L50, F|\n|poke|p2|Garchomp, L50, M|\n|poke|p2|Sneasler, L50, F|\n|poke|p2|Rotom-Wash, L50|\n|poke|p2|Aerodactyl, L50, F|\n|poke|p2|Incineroar, L50, M|\n|teampreview|4\n|inactive|Battle timer is ON: inactive players will automatically lose when time's up. (requested by workdigi)\n|\n|t:|1776279248\n|teamsize|p1|4\n|teamsize|p2|4\n|start\n|switch|p1a: Sinistcha|Sinistcha, L50|100/100\n|switch|p1b: Starmie|Starmie, L50|100/100\n|switch|p2a: Aerodactyl|Aerodactyl, L50, F, shiny|100/100\n|switch|p2b: Garchomp|Garchomp, L50, M|100/100\n|-ability|p2a: Aerodactyl|Unnerve\n|turn|1\n|inactive|workdigi has 30 seconds left.\n|\n|t:|1776279274\n|move|p2a: Aerodactyl|Dual Wingbeat|p1a: Sinistcha\n|-supereffective|p1a: Sinistcha|1\n|-damage|p1a: Sinistcha|65/100\n|-supereffective|p1a: Sinistcha|1\n|-damage|p1a: Sinistcha|32/100\n|-hitcount|p1a: Sinistcha|2\n|move|p1b: Starmie|Dark Pulse|p2a: Aerodactyl\n|-damage|p2a: Aerodactyl|44/100\n|move|p2b: Garchomp|Dragon Claw|p1b: Starmie\n|-damage|p1b: Starmie|17/100\n|replace|p1b: Zoroark|Zoroark, L50, M\n|-end|p1b: Zoroark|Illusion\n|move|p1a: Sinistcha|Matcha Gotcha|p2a: Aerodactyl|[spread] p2b\n|-miss|p1a: Sinistcha|p2a: Aerodactyl\n|-damage|p2b: Garchomp|74/100\n|-heal|p1a: Sinistcha|46/100|[from] drain|[of] p2b: Garchomp\n|\n|-heal|p1a: Sinistcha|52/100|[from] item: Leftovers\n|upkeep\n|turn|2\n|inactive|SchrobZen has 30 seconds left.\n|\n|t:|1776279302\n|move|p1a: Sinistcha|Rage Powder|p1a: Sinistcha\n|-singleturn|p1a: Sinistcha|move: Rage Powder\n|move|p2a: Aerodactyl|Rock Slide|p1b: Zoroark|[spread] p1a,p1b\n|-damage|p1a: Sinistcha|30/100\n|-damage|p1b: Zoroark|0 fnt\n|faint|p1b: Zoroark\n|move|p2b: Garchomp|Earthquake|p1a: Sinistcha|[spread] p1a\n|-immune|p2a: Aerodactyl\n|-resisted|p1a: Sinistcha|1\n|-damage|p1a: Sinistcha|11/100\n|\n|-heal|p1a: Sinistcha|17/100|[from] item: Leftovers\n|upkeep\n|\n|t:|1776279314\n|switch|p1b: Starmie|Starmie, L50|100/100\n|turn|3\n|\n|t:|1776279330\n|switch|p1a: Sneasler|Sneasler, L50, M|100/100\n|detailschange|p1b: Starmie|Starmie-Mega, L50\n|-mega|p1b: Starmie|Starmie|Starminite\n|move|p2b: Garchomp|Protect|p2b: Garchomp\n|-singleturn|p2b: Garchomp|Protect\n|move|p2a: Aerodactyl|Tailwind|p2a: Aerodactyl\n|-sidestart|p2: workdigi|move: Tailwind\n|move|p1b: Starmie|Liquidation|p2b: Garchomp\n|-activate|p2b: Garchomp|move: Protect\n|\n|upkeep\n|turn|4\n|\n|t:|1776279345\n|move|p1a: Sneasler|Fake Out|p2a: Aerodactyl\n|-resisted|p2a: Aerodactyl|1\n|-damage|p2a: Aerodactyl|33/100\n|cant|p2a: Aerodactyl|flinch\n|move|p2b: Garchomp|Earthquake|p1a: Sneasler|[spread] p1a,p1b\n|-immune|p2a: Aerodactyl\n|-supereffective|p1a: Sneasler|1\n|-enditem|p1a: Sneasler|Focus Sash\n|-damage|p1a: Sneasler|1/100\n|-damage|p1b: Starmie|43/100\n|move|p1b: Starmie|Liquidation|p2a: Aerodactyl\n|-supereffective|p2a: Aerodactyl|1\n|-damage|p2a: Aerodactyl|0 fnt\n|faint|p2a: Aerodactyl\n|\n|upkeep\n|\n|t:|1776279349\n|switch|p2a: Incineroar|Incineroar, L50, M|100/100\n|-ability|p2a: Incineroar|Intimidate|boost\n|-unboost|p1a: Sneasler|atk|1\n|-unboost|p1b: Starmie|atk|1\n|turn|5\n|\n|t:|1776279372\n|switch|p1a: Sinistcha|Sinistcha, L50|17/100\n|-heal|p1b: Starmie|68/100|[from] ability: Hospitality|[of] p1a: Sinistcha\n|move|p2a: Incineroar|Fake Out|p1a: Sinistcha\n|-immune|p1a: Sinistcha\n|move|p2b: Garchomp|Dragon Claw|p1b: Starmie\n|-damage|p1b: Starmie|15/100\n|move|p1b: Starmie|Liquidation|p2a: Incineroar\n|-supereffective|p2a: Incineroar|1\n|-damage|p2a: Incineroar|22/100\n|-enditem|p2a: Incineroar|Sitrus Berry|[eat]\n|-heal|p2a: Incineroar|47/100|[from] item: Sitrus Berry\n|\n|-heal|p1a: Sinistcha|24/100|[from] item: Leftovers\n|upkeep\n|turn|6\n|inactive|SchrobZen has 30 seconds left.\n|inactive|SchrobZen has 20 seconds left.\n|\n|t:|1776279409\n|move|p1a: Sinistcha|Rage Powder|p1a: Sinistcha\n|-singleturn|p1a: Sinistcha|move: Rage Powder\n|move|p2b: Garchomp|Dragon Claw|p1a: Sinistcha\n|-damage|p1a: Sinistcha|0 fnt\n|faint|p1a: Sinistcha\n|move|p1b: Starmie|Liquidation|p2a: Incineroar\n|-supereffective|p2a: Incineroar|1\n|-damage|p2a: Incineroar|0 fnt\n|faint|p2a: Incineroar\n|\n|-sideend|p2: workdigi|move: Tailwind\n|upkeep\n|\n|t:|1776279417\n|switch|p1a: Sneasler|Sneasler, L50, M|1/100\n|switch|p2a: Sneasler|Sneasler, L50, F, shiny|100/100\n|turn|7\n|\n|t:|1776279436\n|move|p1a: Sneasler|Fake Out|p2a: Sneasler\n|-damage|p2a: Sneasler|77/100\n|-immune|p2a: Sneasler\n|cant|p2a: Sneasler|flinch\n|move|p1b: Starmie|Zen Headbutt|p2a: Sneasler|[miss]\n|-miss|p1b: Starmie|p2a: Sneasler\n|move|p2b: Garchomp|Stomping Tantrum|p1b: Starmie\n|-damage|p1b: Starmie|0 fnt\n|faint|p1b: Starmie\n|\n|upkeep\n|turn|8\n|-message|SchrobZen forfeited.\n|\n|win|workdigi\n",
  "uploadtime": 1776279202,
  "views": 20,
  "formatid": "gen9championsvgc2026regma",
  "rating": null,
  "private": 0,
  "password": null
}