{
  "id": "gen9championsvgc2026regma-2583310180",
  "format": "[Gen 9 Champions] VGC 2026 Reg M-A",
  "players": [
    "Dragonius_Fire",
    "campeondelfitness"
  ],
  "log": "|j|\u2606Dragonius_Fire\n|j|\u2606campeondelfitness\n|t:|1776165645\n|gametype|doubles\n|player|p1|Dragonius_Fire|265|1098\n|player|p2|campeondelfitness|swimmer|1137\n|gen|9\n|tier|[Gen 9 Champions] VGC 2026 Reg M-A\n|rated|\n|rule|Species Clause: Limit one of each Pok\u00e9mon\n|rule|Item Clause: Limit 1 of each item\n|clearpoke\n|poke|p1|Froslass, L50, F|\n|poke|p1|Zoroark-Hisui, L50, F|\n|poke|p1|Sinistcha, L50|\n|poke|p1|Lycanroc-Dusk, L50, F|\n|poke|p1|Garchomp, L50, F|\n|poke|p1|Incineroar, L50, F|\n|poke|p2|Greninja-*, L50, F|\n|poke|p2|Aerodactyl, L50, M|\n|poke|p2|Tyranitar, L50, M|\n|poke|p2|Sneasler, L50, F|\n|poke|p2|Excadrill, L50, M|\n|poke|p2|Rotom-Mow, L50|\n|teampreview|4\n|inactive|Battle timer is ON: inactive players will automatically lose when time's up. (requested by campeondelfitness)\n|inactive|campeondelfitness has 60 seconds left.\nDragonius_Fire rejected open team sheets.\n|\n|t:|1776165704\n|teamsize|p1|4\n|teamsize|p2|4\n|start\n|switch|p1a: Lycanroc|Lycanroc-Dusk, L50, F|100/100\n|switch|p1b: Incineroar|Incineroar, L50, F|100/100\n|switch|p2a: Rotom|Rotom-Mow, L50|100/100\n|switch|p2b: Greninja|Greninja, L50, F|100/100\n|-ability|p1b: Incineroar|Intimidate|boost\n|-unboost|p2a: Rotom|atk|1\n|-unboost|p2b: Greninja|atk|1\n|turn|1\n|\n|t:|1776165727\n|move|p1b: Incineroar|Fake Out|p2a: Rotom\n|-damage|p2a: Rotom|84/100\n|cant|p2a: Rotom|flinch\n|move|p1a: Lycanroc|Nasty Plot|p1a: Lycanroc\n|-boost|p1a: Lycanroc|spa|2\n|move|p2b: Greninja|Hydro Pump|p1b: Incineroar\n|-start|p2b: Greninja|typechange|Water|[from] ability: Protean\n|-supereffective|p1b: Incineroar|1\n|-damage|p1b: Incineroar|0 fnt\n|faint|p1b: Incineroar\n|\n|upkeep\n|\n|t:|1776165748\n|switch|p1b: Garchomp|Garchomp, L50, F|100/100\n|turn|2\n|\n|t:|1776165763\n|move|p2a: Rotom|Leaf Storm|p1a: Lycanroc\n|-damage|p1a: Lycanroc|0 fnt\n|-unboost|p2a: Rotom|spa|2\n|replace|p1a: Zoroark|Zoroark-Hisui, L50, F\n|-end|p1a: Zoroark|Illusion\n|faint|p1a: Zoroark\n|move|p1b: Garchomp|Stomping Tantrum|p2a: Rotom\n|-immune|p2a: Rotom|[from] ability: Levitate\n|move|p2b: Greninja|Hydro Pump|p1b: Garchomp\n|-damage|p1b: Garchomp|30/100\n|\n|upkeep\n|\n|t:|1776165768\n|switch|p1a: Lycanroc|Lycanroc-Dusk, L50, F|100/100\n|turn|3\n|inactive|campeondelfitness has 30 seconds left.\n|inactive|campeondelfitness has 20 seconds left.\n|inactive|campeondelfitness has 15 seconds left.\n|\n|t:|1776165808\n|switch|p2a: Tyranitar|Tyranitar, L50, M|100/100\n|-weather|Sandstorm|[from] ability: Sand Stream|[of] p2a: Tyranitar\n|move|p1a: Lycanroc|Close Combat|p2b: Greninja\n|-damage|p2b: Greninja|15/100\n|-unboost|p1a: Lycanroc|def|1\n|-unboost|p1a: Lycanroc|spd|1\n|move|p1b: Garchomp|Dragon Rush|p2a: Tyranitar\n|-damage|p2a: Tyranitar|64/100\n|move|p2b: Greninja|Ice Beam|p1b: Garchomp\n|-supereffective|p1b: Garchomp|2\n|-damage|p1b: Garchomp|0 fnt\n|faint|p1b: Garchomp\n|\n|-weather|Sandstorm|[upkeep]\n|-damage|p2b: Greninja|9/100|[from] Sandstorm\n|upkeep\n|turn|4\n|inactive|campeondelfitness has 30 seconds left.\n|\n|t:|1776165839\n|move|p1a: Lycanroc|Rock Slide|p2a: Tyranitar|[spread] p2a,p2b\n|-damage|p2a: Tyranitar|45/100\n|-damage|p2b: Greninja|0 fnt\n|faint|p2b: Greninja\n|cant|p2a: Tyranitar|flinch\n|\n|-weather|Sandstorm|[upkeep]\n|upkeep\n|\n|t:|1776165848\n|switch|p2b: Excadrill|Excadrill, L50, M|100/100\n|turn|5\n|\n|t:|1776165861\n|move|p2a: Tyranitar|Helping Hand|p2b: Excadrill\n|-singleturn|p2b: Excadrill|Helping Hand|[of] p2a: Tyranitar\n|move|p2b: Excadrill|Iron Head|p1a: Lycanroc\n|-supereffective|p1a: Lycanroc|1\n|-enditem|p1a: Lycanroc|Focus Sash\n|-damage|p1a: Lycanroc|1/100\n|cant|p1a: Lycanroc|flinch\n|\n|-weather|Sandstorm|[upkeep]\n|upkeep\n|turn|6\n|\n|t:|1776165874\n|move|p2b: Excadrill|Iron Head|p1a: Lycanroc\n|-supereffective|p1a: Lycanroc|1\n|-damage|p1a: Lycanroc|0 fnt\n|faint|p1a: Lycanroc\n|\n|win|campeondelfitness\n|raw|Dragonius_Fire's rating: 1098 &rarr; <strong>1076</strong><br />(-22 for losing)\n|raw|campeondelfitness's rating: 1137 &rarr; <strong>1159</strong><br />(+22 for winning)\n|l|\u2606Dragonius_Fire\n|player|p1|\n",
  "uploadtime": 1776165881,
  "views": 22,
  "formatid": "gen9championsvgc2026regma",
  "rating": 1076,
  "private": 0,
  "password": null
}