{
  "id": "gen9championsvgc2026regma-2587395680",
  "format": "[Gen 9 Champions] VGC 2026 Reg M-A",
  "players": [
    "s4m1_jaw3d",
    "squigglybuff"
  ],
  "log": "|j|\u2606s4m1_jaw3d\n|j|\u203dsquigglybuff\n|html|<table width=\"100%\"><tr><td align=\"left\">s4m1_jaw3d</td><td align=\"right\">squigglybuff</tr><tr><td align=\"left\"><i class=\"fa fa-circle-o\"></i> <i class=\"fa fa-circle-o\"></i> </td><td align=\"right\"><i class=\"fa fa-circle-o\"></i> <i class=\"fa fa-circle-o\"></i> </tr></table>\n|uhtml|bestof|<h2><strong>Game 1</strong> of <a href=\"/game-bestof3-gen9championsvgc2026regma-2587395679\">a best-of-3</a></h2>\n|t:|1776528289\n|gametype|doubles\n|player|p1|s4m1_jaw3d|volkner|\n|player|p2|squigglybuff|169|\n|gen|9\n|tier|[Gen 9 Champions] VGC 2026 Reg M-A\n|rule|Species Clause: Limit one of each Pok\u00e9mon\n|rule|Item Clause: Limit 1 of each item\n|raw|<div class=\"infobox\"><details class=\"readmore\" open><summary><strong>1 custom rule:</strong></summary> Best of = 3</details></div>\n|clearpoke\n|poke|p1|Kangaskhan, L50, F|\n|poke|p1|Pelipper, L50, M|\n|poke|p1|Raichu, L50, F|\n|poke|p1|Armarouge, L50, F|\n|poke|p1|Milotic, L50, F|\n|poke|p1|Alcremie, L50, F|\n|poke|p2|Charizard, L50, M|\n|poke|p2|Garchomp, L50, F|\n|poke|p2|Venusaur, L50, F|\n|poke|p2|Clefable, L50, M|\n|poke|p2|Aegislash, L50, M|\n|poke|p2|Drampa, L50, F|\n|teampreview|4\nsquigglybuff rejected open team sheets.\n|\n|t:|1776528298\n|teamsize|p1|4\n|teamsize|p2|4\n|start\n|switch|p1a: Kangaskhan|Kangaskhan, L50, F|100/100\n|switch|p1b: Armarouge|Armarouge, L50, F|100/100\n|switch|p2a: Charizard|Charizard, L50, M|100/100\n|switch|p2b: Venusaur|Venusaur, L50, F|100/100\n|turn|1\n|\n|t:|1776528321\n|detailschange|p1a: Kangaskhan|Kangaskhan-Mega, L50, F\n|-mega|p1a: Kangaskhan|Kangaskhan|Kangaskhanite\n|move|p2a: Charizard|Protect|p2a: Charizard\n|-singleturn|p2a: Charizard|Protect\n|move|p2b: Venusaur|Protect|p2b: Venusaur\n|-singleturn|p2b: Venusaur|Protect\n|move|p1a: Kangaskhan|Fake Out|p2b: Venusaur\n|-activate|p2b: Venusaur|move: Protect\n|move|p1b: Armarouge|Armor Cannon|p2b: Venusaur\n|-activate|p2b: Venusaur|move: Protect\n|\n|upkeep\n|turn|2\n|\n|t:|1776528338\n|switch|p1b: Pelipper|Pelipper, L50, M|100/100\n|-weather|RainDance|[from] ability: Drizzle|[of] p1b: Pelipper\n|detailschange|p2a: Charizard|Charizard-Mega-Y, L50, M\n|-mega|p2a: Charizard|Charizard|Charizardite Y\n|-weather|SunnyDay|[from] ability: Drought|[of] p2a: Charizard\n|move|p2b: Venusaur|Earth Power|p1b: Pelipper\n|-immune|p1b: Pelipper\n|move|p2a: Charizard|Heat Wave|p1b: Pelipper|[spread] p1a,p1b\n|-resisted|p1b: Pelipper|1\n|-damage|p1a: Kangaskhan|44/100\n|-damage|p1b: Pelipper|66/100\n|-status|p1a: Kangaskhan|brn\n|move|p1a: Kangaskhan|Body Slam|p2a: Charizard\n|-damage|p2a: Charizard|65/100\n|-crit|p2a: Charizard\n|-damage|p2a: Charizard|53/100\n|-status|p2a: Charizard|par\n|-hitcount|p2a: Charizard|2\n|\n|-weather|SunnyDay|[upkeep]\n|-damage|p1a: Kangaskhan|38/100 brn|[from] brn\n|upkeep\n|turn|3\n|\n|t:|1776528367\n|move|p1a: Kangaskhan|Protect|p1a: Kangaskhan\n|-singleturn|p1a: Kangaskhan|Protect\n|move|p2b: Venusaur|Sludge Bomb|p1a: Kangaskhan\n|-activate|p1a: Kangaskhan|move: Protect\n|move|p1b: Pelipper|Rain Dance|p1b: Pelipper\n|-weather|RainDance\n|move|p2a: Charizard|Solar Beam||[still]\n|-prepare|p2a: Charizard|Solar Beam\n|\n|-weather|RainDance|[upkeep]\n|-damage|p1a: Kangaskhan|32/100 brn|[from] brn\n|upkeep\n|turn|4\n|\n|t:|1776528383\n|move|p1a: Kangaskhan|Ice Punch|p2b: Venusaur\n|-supereffective|p2b: Venusaur|1\n|-damage|p2b: Venusaur|62/100\n|-status|p2b: Venusaur|frz\n|-supereffective|p2b: Venusaur|1\n|-damage|p2b: Venusaur|53/100 frz\n|-hitcount|p2b: Venusaur|2\n|cant|p2b: Venusaur|frz\n|move|p1b: Pelipper|Weather Ball|p2a: Charizard\n|-supereffective|p2a: Charizard|1\n|-crit|p2a: Charizard\n|-damage|p2a: Charizard|0 fnt\n|faint|p2a: Charizard\n|\n|-weather|RainDance|[upkeep]\n|-damage|p1a: Kangaskhan|26/100 brn|[from] brn\n|upkeep\n|\n|t:|1776528395\n|switch|p2a: Garchomp|Garchomp, L50, F|100/100\n|turn|5\n|\n|t:|1776528405\n|move|p2a: Garchomp|Protect|p2a: Garchomp\n|-singleturn|p2a: Garchomp|Protect\n|move|p1a: Kangaskhan|Ice Punch|p2a: Garchomp\n|-activate|p2a: Garchomp|move: Protect\n|-curestatus|p2b: Venusaur|frz|[msg]\n|move|p2b: Venusaur|Sludge Bomb|p1a: Kangaskhan\n|-damage|p1a: Kangaskhan|0 fnt\n|faint|p1a: Kangaskhan\n|move|p1b: Pelipper|Tailwind|p1b: Pelipper\n|-sidestart|p1: s4m1_jaw3d|move: Tailwind\n|\n|-weather|RainDance|[upkeep]\n|upkeep\n|\n|t:|1776528422\n|switch|p1a: Armarouge|Armarouge, L50, F|100/100\n|turn|6\n|\n|t:|1776528434\n|move|p1a: Armarouge|Psychic|p2b: Venusaur\n|-supereffective|p2b: Venusaur|1\n|-damage|p2b: Venusaur|0 fnt\n|faint|p2b: Venusaur\n|move|p1b: Pelipper|Weather Ball|p2a: Garchomp\n|-damage|p2a: Garchomp|41/100\n|move|p2a: Garchomp|Rock Slide|p1a: Armarouge|[spread] p1a,p1b\n|-supereffective|p1a: Armarouge|1\n|-supereffective|p1b: Pelipper|1\n|-damage|p1a: Armarouge|60/100\n|-damage|p1b: Pelipper|24/100\n|-enditem|p1b: Pelipper|Sitrus Berry|[eat]\n|-heal|p1b: Pelipper|48/100|[from] item: Sitrus Berry\n|\n|-weather|RainDance|[upkeep]\n|upkeep\n|\n|t:|1776528442\n|switch|p2b: Aegislash|Aegislash, L50, M|100/100\n|turn|7\n|\n|t:|1776528456\n|switch|p1a: Raichu|Raichu, L50, F|100/100\n|move|p2a: Garchomp|Protect|p2a: Garchomp\n|-singleturn|p2a: Garchomp|Protect\n|move|p1b: Pelipper|Weather Ball|p2a: Garchomp\n|-activate|p2a: Garchomp|move: Protect\n|-formechange|p2b: Aegislash|Aegislash-Blade|\n|move|p2b: Aegislash|Poltergeist|p1a: Raichu|[miss]\n|-miss|p2b: Aegislash|p1a: Raichu\n|\n|-weather|none\n|upkeep\n|turn|8\n|\n|t:|1776528469\n|move|p1a: Raichu|Encore|p2b: Aegislash\n|-start|p2b: Aegislash|Encore\n|move|p1b: Pelipper|Icy Wind|p2a: Garchomp|[spread] p2a,p2b\n|-supereffective|p2a: Garchomp|2\n|-resisted|p2b: Aegislash|1\n|-damage|p2a: Garchomp|0 fnt\n|-damage|p2b: Aegislash|91/100\n|-unboost|p2b: Aegislash|spe|1\n|faint|p2a: Garchomp\n|move|p2b: Aegislash|Poltergeist||[still]\n|-fail|p2b: Aegislash\n|\n|-heal|p2b: Aegislash|97/100|[from] item: Leftovers\n|-sideend|p1: s4m1_jaw3d|move: Tailwind\n|upkeep\n|turn|9\n|\n|t:|1776528479\n|switch|p1b: Armarouge|Armarouge, L50, F|60/100\n|move|p1a: Raichu|Nuzzle|p2b: Aegislash\n|-damage|p2b: Aegislash|86/100\n|-status|p2b: Aegislash|par\n|move|p2b: Aegislash|Poltergeist|p1a: Raichu\n|-activate|p1a: Raichu|move: Poltergeist|Focus Sash\n|-enditem|p1a: Raichu|Focus Sash\n|-damage|p1a: Raichu|1/100\n|\n|-heal|p2b: Aegislash|92/100 par|[from] item: Leftovers\n|upkeep\n|turn|10\n|\n|t:|1776528486\n|move|p1b: Armarouge|Armor Cannon|p2b: Aegislash\n|-supereffective|p2b: Aegislash|1\n|-damage|p2b: Aegislash|0 fnt\n|-unboost|p1b: Armarouge|def|1\n|-unboost|p1b: Armarouge|spd|1\n|faint|p2b: Aegislash\n|\n|win|s4m1_jaw3d\n||squigglybuff is ready for game 2.\n||s4m1_jaw3d is ready for game 2.\n|uhtml|next|Next: <a href=\"/battle-gen9championsvgc2026regma-2587398110\"><strong>Game 2 of 3</strong></a>\n",
  "uploadtime": 1776528514,
  "views": 49,
  "formatid": "gen9championsvgc2026regma",
  "rating": null,
  "private": 0,
  "password": null
}