{
  "id": "gen9championsvgc2026regma-2585039746",
  "format": "[Gen 9 Champions] VGC 2026 Reg M-A",
  "players": [
    "06Thomas",
    "bentoboxkiller"
  ],
  "log": "|j|\u260606Thomas\n|j|\u2606bentoboxkiller\n|t:|1776305801\n|gametype|doubles\n|player|p1|06Thomas|266|1260\n|player|p2|bentoboxkiller|170|1205\n|gen|9\n|tier|[Gen 9 Champions] VGC 2026 Reg M-A\n|rated|\n|rule|Species Clause: Limit one of each Pok\u00e9mon\n|rule|Item Clause: Limit 1 of each item\n|clearpoke\n|poke|p1|Glimmora, L50, F|\n|poke|p1|Talonflame, L50, M|\n|poke|p1|Garchomp, L50, F|\n|poke|p1|Rotom-Wash, L50|\n|poke|p1|Sinistcha, L50|\n|poke|p1|Chimecho, L50, M|\n|poke|p2|Sneasler, L50, F|\n|poke|p2|Farigiraf, L50, F|\n|poke|p2|Sinistcha, L50|\n|poke|p2|Aerodactyl, L50, M|\n|poke|p2|Floette-Eternal, L50, F|\n|poke|p2|Aggron, L50, F|\n|teampreview|4\n|inactive|Battle timer is ON: inactive players will automatically lose when time's up. (requested by bentoboxkiller)\n|inactive|06Thomas has 60 seconds left.\n|\n|t:|1776305838\n|teamsize|p1|4\n|teamsize|p2|4\n|start\n|switch|p1a: Garchomp|Garchomp, L50, F|100/100\n|switch|p1b: Talonflame|Talonflame, L50, M|100/100\n|switch|p2a: Aerodactyl|Aerodactyl, L50, M|100/100\n|switch|p2b: Sneasler|Sneasler, L50, F|100/100\n|turn|1\n|\n|t:|1776305854\n|move|p1b: Talonflame|Upper Hand||[still]\n|-fail|p1b: Talonflame\n|move|p2a: Aerodactyl|Tailwind|p2a: Aerodactyl\n|-sidestart|p2: bentoboxkiller|move: Tailwind\n|move|p2b: Sneasler|Rock Slide|p1b: Talonflame|[spread] p1a,p1b\n|-resisted|p1a: Garchomp|1\n|-supereffective|p1b: Talonflame|2\n|-damage|p1a: Garchomp|91/100\n|-enditem|p1b: Talonflame|Focus Sash\n|-damage|p1b: Talonflame|1/100\n|move|p1a: Garchomp|Earthquake|p2b: Sneasler|[spread] p2b\n|-immune|p1b: Talonflame\n|-immune|p2a: Aerodactyl\n|-supereffective|p2b: Sneasler|1\n|-damage|p2b: Sneasler|0 fnt\n|faint|p2b: Sneasler\n|\n|upkeep\n|\n|t:|1776305868\n|switch|p2b: Floette|Floette-Eternal, L50, F|100/100\n|turn|2\n|\n|t:|1776305886\n|detailschange|p2b: Floette|Floette-Mega, L50, F\n|-mega|p2b: Floette|Floette|Floettite\n|-ability|p2b: Floette|Fairy Aura\n|move|p2a: Aerodactyl|Rock Slide|p1b: Talonflame|[spread] p1a,p1b\n|-resisted|p1a: Garchomp|1\n|-supereffective|p1b: Talonflame|2\n|-damage|p1a: Garchomp|78/100\n|-damage|p1b: Talonflame|0 fnt\n|faint|p1b: Talonflame\n|move|p2b: Floette|Calm Mind|p2b: Floette\n|-boost|p2b: Floette|spa|1\n|-boost|p2b: Floette|spd|1\n|move|p1a: Garchomp|Earthquake|p2a: Aerodactyl|[spread] p2b\n|-immune|p2a: Aerodactyl\n|-damage|p2b: Floette|68/100\n|\n|upkeep\n|\n|t:|1776305893\n|switch|p1b: Chimecho|Chimecho, L50, M|100/100\n|turn|3\n|\n|t:|1776305903\n|detailschange|p1b: Chimecho|Chimecho-Mega, L50, M\n|-mega|p1b: Chimecho|Chimecho|Chimechite\n|move|p2a: Aerodactyl|Rock Slide|p1b: Chimecho|[spread] p1a,p1b\n|-resisted|p1a: Garchomp|1\n|-resisted|p1b: Chimecho|1\n|-damage|p1a: Garchomp|65/100\n|-damage|p1b: Chimecho|92/100\n|move|p2b: Floette|Dazzling Gleam|p1b: Chimecho|[spread] p1a,p1b\n|-supereffective|p1a: Garchomp|1\n|-resisted|p1b: Chimecho|1\n|-damage|p1a: Garchomp|0 fnt\n|-damage|p1b: Chimecho|66/100\n|faint|p1a: Garchomp\n|cant|p1b: Chimecho|flinch\n|\n|upkeep\n|\n|t:|1776305907\n|switch|p1a: Sinistcha|Sinistcha, L50|100/100\n|-heal|p1b: Chimecho|91/100|[from] ability: Hospitality|[of] p1a: Sinistcha\n|turn|4\n|\n|t:|1776305919\n|move|p2a: Aerodactyl|Dual Wingbeat|p1a: Sinistcha\n|-supereffective|p1a: Sinistcha|1\n|-damage|p1a: Sinistcha|74/100\n|-supereffective|p1a: Sinistcha|1\n|-damage|p1a: Sinistcha|45/100\n|-enditem|p1a: Sinistcha|Sitrus Berry|[eat]\n|-heal|p1a: Sinistcha|70/100|[from] item: Sitrus Berry\n|-hitcount|p1a: Sinistcha|2\n|move|p2b: Floette|Moonblast|p1b: Chimecho\n|-resisted|p1b: Chimecho|1\n|-damage|p1b: Chimecho|48/100\n|move|p1b: Chimecho|Calm Mind|p1b: Chimecho\n|-boost|p1b: Chimecho|spa|1\n|-boost|p1b: Chimecho|spd|1\n|move|p1a: Sinistcha|Trick Room|p1a: Sinistcha\n|-fieldstart|move: Trick Room|[of] p1a: Sinistcha\n|\n|-sideend|p2: bentoboxkiller|move: Tailwind\n|upkeep\n|turn|5\n|\n|t:|1776305934\n|move|p2b: Floette|Protect|p2b: Floette\n|-singleturn|p2b: Floette|Protect\n|move|p1a: Sinistcha|Life Dew|p1a: Sinistcha|[spread] p1a,p1b\n|-heal|p1a: Sinistcha|95/100\n|-heal|p1b: Chimecho|73/100\n|move|p1b: Chimecho|Flash Cannon|p2b: Floette\n|-activate|p2b: Floette|move: Protect\n|move|p2a: Aerodactyl|Dual Wingbeat|p1a: Sinistcha\n|-supereffective|p1a: Sinistcha|1\n|-damage|p1a: Sinistcha|68/100\n|-supereffective|p1a: Sinistcha|1\n|-damage|p1a: Sinistcha|44/100\n|-hitcount|p1a: Sinistcha|2\n|\n|upkeep\n|turn|6\n|\n|t:|1776305943\n|move|p1a: Sinistcha|Life Dew|p1a: Sinistcha|[spread] p1a,p1b\n|-heal|p1a: Sinistcha|69/100\n|-heal|p1b: Chimecho|98/100\n|move|p1b: Chimecho|Flash Cannon|p2b: Floette\n|-supereffective|p2b: Floette|1\n|-damage|p2b: Floette|9/100\n|move|p2b: Floette|Moonblast|p1a: Sinistcha\n|-damage|p1a: Sinistcha|0 fnt\n|faint|p1a: Sinistcha\n|move|p2a: Aerodactyl|Dual Wingbeat|p1b: Chimecho\n|-resisted|p1b: Chimecho|1\n|-damage|p1b: Chimecho|92/100\n|-resisted|p1b: Chimecho|1\n|-damage|p1b: Chimecho|85/100\n|-hitcount|p1b: Chimecho|2\n|\n|upkeep\n|turn|7\n|\n|t:|1776305955\n|move|p2b: Floette|Protect|p2b: Floette\n|-singleturn|p2b: Floette|Protect\n|move|p1b: Chimecho|Flash Cannon|p2a: Aerodactyl\n|-supereffective|p2a: Aerodactyl|1\n|-enditem|p2a: Aerodactyl|Focus Sash\n|-damage|p2a: Aerodactyl|1/100\n|move|p2a: Aerodactyl|Rock Slide|p1b: Chimecho\n|-resisted|p1b: Chimecho|1\n|-damage|p1b: Chimecho|74/100\n|\n|upkeep\n|turn|8\n|\n|t:|1776305968\n|switch|p2b: Farigiraf|Farigiraf, L50, F|100/100\n|move|p1b: Chimecho|Flash Cannon|p2b: Farigiraf\n|-damage|p2b: Farigiraf|54/100\n|-unboost|p2b: Farigiraf|spd|1\n|move|p2a: Aerodactyl|Rock Slide|p1b: Chimecho\n|-resisted|p1b: Chimecho|1\n|-damage|p1b: Chimecho|61/100\n|\n|-fieldend|move: Trick Room\n|upkeep\n|turn|9\n|\n|t:|1776305981\n|move|p2b: Farigiraf|Helping Hand|p2a: Aerodactyl\n|-singleturn|p2a: Aerodactyl|Helping Hand|[of] p2b: Farigiraf\n|move|p2a: Aerodactyl|Rock Slide|p1b: Chimecho\n|-resisted|p1b: Chimecho|1\n|-damage|p1b: Chimecho|43/100\n|move|p1b: Chimecho|Calm Mind|p1b: Chimecho\n|-boost|p1b: Chimecho|spa|1\n|-boost|p1b: Chimecho|spd|1\n|\n|upkeep\n|turn|10\n|\n|t:|1776305992\n|move|p2b: Farigiraf|Helping Hand|p2a: Aerodactyl\n|-singleturn|p2a: Aerodactyl|Helping Hand|[of] p2b: Farigiraf\n|move|p2a: Aerodactyl|Rock Slide|p1b: Chimecho\n|-resisted|p1b: Chimecho|1\n|-damage|p1b: Chimecho|25/100\n|move|p1b: Chimecho|Psychic|p2a: Aerodactyl\n|-damage|p2a: Aerodactyl|0 fnt\n|faint|p2a: Aerodactyl\n|\n|upkeep\n|\n|t:|1776306000\n|switch|p2a: Floette|Floette-Mega, L50, F|9/100\n|-ability|p2a: Floette|Fairy Aura\n|turn|11\n|\n|t:|1776306007\n|move|p2b: Farigiraf|Helping Hand|p2a: Floette\n|-singleturn|p2a: Floette|Helping Hand|[of] p2b: Farigiraf\n|move|p2a: Floette|Moonblast|p1b: Chimecho\n|-resisted|p1b: Chimecho|1\n|-damage|p1b: Chimecho|3/100\n|move|p1b: Chimecho|Flash Cannon|p2a: Floette\n|-supereffective|p2a: Floette|1\n|-damage|p2a: Floette|0 fnt\n|faint|p2a: Floette\n|\n|upkeep\n|turn|12\n|\n|t:|1776306013\n|move|p1b: Chimecho|Flash Cannon|p2b: Farigiraf\n|-damage|p2b: Farigiraf|0 fnt\n|faint|p2b: Farigiraf\n|\n|win|06Thomas\n|raw|06Thomas's rating: 1260 &rarr; <strong>1281</strong><br />(+21 for winning)\n|raw|bentoboxkiller's rating: 1205 &rarr; <strong>1184</strong><br />(-21 for losing)\n",
  "uploadtime": 1776306020,
  "views": 26,
  "formatid": "gen9championsvgc2026regma",
  "rating": 1184,
  "private": 0,
  "password": null
}