{
  "id": "gen9championsvgc2026regma-2583653949",
  "format": "[Gen 9 Champions] VGC 2026 Reg M-A",
  "players": [
    "realcomrade379",
    "pokemonpengu"
  ],
  "log": "|j|\u2606realcomrade379\n|j|\u2606pokemonpengu\n|html|<table width=\"100%\"><tr><td align=\"left\">realcomrade379</td><td align=\"right\">pokemonpengu</tr><tr><td align=\"left\"><i class=\"fa fa-circle-o\"></i> <i class=\"fa fa-circle-o\"></i> </td><td align=\"right\"><i class=\"fa fa-circle-o\"></i> <i class=\"fa fa-circle-o\"></i> </tr></table>\n|uhtml|bestof|<h2><strong>Game 1</strong> of <a href=\"/game-bestof3-gen9championsvgc2026regma-2583653940\">a best-of-3</a></h2>\n|t:|1776188996\n|gametype|doubles\n|player|p1|realcomrade379|shadowtriad|\n|player|p2|pokemonpengu|265|\n|gen|9\n|tier|[Gen 9 Champions] VGC 2026 Reg M-A\n|rated|Tournament battle\n|rule|Species Clause: Limit one of each Pok\u00e9mon\n|rule|Item Clause: Limit 1 of each item\n|raw|<div class=\"infobox\"><details class=\"readmore\" open><summary><strong>2 custom rules:</strong></summary> Force Open Team Sheets, Best of = 3</details></div>\n|clearpoke\n|poke|p1|Tyranitar, L50, F|\n|poke|p1|Floette-Eternal, L50, F|\n|poke|p1|Excadrill, L50, F|\n|poke|p1|Basculegion, L50, M|\n|poke|p1|Sinistcha, L50|\n|poke|p1|Incineroar, L50, F|\n|poke|p2|Aegislash, L50, M|\n|poke|p2|Dragonite, L50, F|\n|poke|p2|Froslass, L50, F|\n|poke|p2|Medicham, L50, F|\n|poke|p2|Glimmora, L50, M|\n|poke|p2|Farigiraf, L50, F|\n|teampreview|4\n|showteam|p1|Tyranitar||Tyranitarite|SandStream|Protect,LowKick,KnockOff,RockSlide|||F|||50|]Floette-Eternal||Floettite|FlowerVeil|Protect,CalmMind,DazzlingGleam,Moonblast|||F|||50|]Excadrill||FocusSash|SandRush|Protect,HighHorsepower,IronHead,Earthquake|||F|||50|]Basculegion||ChoiceScarf|Adaptability|LastRespects,WaveCrash,FlipTurn,AquaJet|||M|||50|]Sinistcha||SitrusBerry|Hospitality|MatchaGotcha,TrickRoom,RagePowder,LifeDew||||||50|]Incineroar||ChopleBerry|Intimidate|FlareBlitz,WillOWisp,FakeOut,PartingShot|||F|||50|\n|showteam|p2|Aegislash||Leftovers|StanceChange|IronHead,KingsShield,Poltergeist,NightSlash|||M|||50|]Dragonite||ChoiceScarf|Multiscale|HydroPump,DracoMeteor,Hurricane,HeatWave|||F|||50|]Froslass||Froslassite|CursedBody|Blizzard,ShadowBall,IcyWind,Protect|||F|||50|]Medicham||TwistedSpoon|PurePower|CloseCombat,ZenHeadbutt,FakeOut,Protect|||F|||50|]Glimmora||FocusSash|ToxicDebris|PowerGem,SludgeBomb,SpikyShield,AcidSpray|||M|||50|]Farigiraf||SitrusBerry|ArmorTail|HyperVoice,PsychicNoise,Protect,TrickRoom|||F|||50|\n|inactive|Battle timer is ON: inactive players will automatically lose when time's up. (requested by pokemonpengu)\n|inactive|realcomrade379 also wants the timer to be on.\n|\n|t:|1776189036\n|teamsize|p1|4\n|teamsize|p2|4\n|start\n|switch|p1a: Basculegion|Basculegion, L50, M|100/100\n|switch|p1b: Excadrill|Excadrill, L50, F|100/100\n|switch|p2a: Froslass|Froslass, L50, F|100/100\n|switch|p2b: Medicham|Medicham, L50, F|100/100\n|turn|1\n|\n|t:|1776189057\n|move|p2a: Froslass|Protect|p2a: Froslass\n|-singleturn|p2a: Froslass|Protect\n|move|p1b: Excadrill|Protect|p1b: Excadrill\n|-singleturn|p1b: Excadrill|Protect\n|move|p1a: Basculegion|Flip Turn|p2b: Medicham\n|-damage|p2b: Medicham|36/100\n|j| burd_vgc\n|\n|t:|1776189063\n|switch|p1a: Incineroar|Incineroar, L50, F|100/100|[from] Flip Turn\n|-ability|p1a: Incineroar|Intimidate|boost\n|-unboost|p2a: Froslass|atk|1\n|-unboost|p2b: Medicham|atk|1\n|move|p2b: Medicham|Zen Headbutt|p1a: Incineroar\n|-immune|p1a: Incineroar\n|\n|upkeep\n|turn|2\n|\n|t:|1776189081\n|switch|p2a: Aegislash|Aegislash, L50, M|100/100\n|move|p1a: Incineroar|Fake Out|p2b: Medicham\n|-damage|p2b: Medicham|18/100\n|cant|p2b: Medicham|flinch\n|move|p1b: Excadrill|Iron Head|p2b: Medicham\n|-damage|p2b: Medicham|0 fnt\n|faint|p2b: Medicham\n|\n|upkeep\n|\n|t:|1776189094\n|switch|p2b: Farigiraf|Farigiraf, L50, F|100/100\n|turn|3\n|\n|t:|1776189103\n|move|p1b: Excadrill|Iron Head|p2b: Farigiraf\n|-damage|p2b: Farigiraf|59/100\n|move|p1a: Incineroar|Will-O-Wisp|p2a: Aegislash\n|-status|p2a: Aegislash|brn\n|-formechange|p2a: Aegislash|Aegislash-Blade|\n|move|p2a: Aegislash|Night Slash|p1b: Excadrill\n|-damage|p1b: Excadrill|79/100\n|move|p2b: Farigiraf|Trick Room|p2b: Farigiraf\n|-fieldstart|move: Trick Room|[of] p2b: Farigiraf\n|\n|-damage|p2a: Aegislash|95/100 brn|[from] brn\n|upkeep\n|turn|4\n|\n|t:|1776189122\n|-formechange|p2a: Aegislash|Aegislash|\n|move|p2a: Aegislash|King's Shield|p2a: Aegislash\n|-singleturn|p2a: Aegislash|Protect\n|move|p2b: Farigiraf|Hyper Voice|p1b: Excadrill|[spread] p1a,p1b\n|-resisted|p1b: Excadrill|1\n|-damage|p1a: Incineroar|76/100\n|-damage|p1b: Excadrill|63/100\n|move|p1a: Incineroar|Flare Blitz|p2a: Aegislash\n|-activate|p2a: Aegislash|move: Protect\n|-unboost|p1a: Incineroar|atk|1\n|move|p1b: Excadrill|High Horsepower|p2b: Farigiraf\n|-damage|p2b: Farigiraf|10/100\n|-enditem|p2b: Farigiraf|Sitrus Berry|[eat]\n|-heal|p2b: Farigiraf|35/100|[from] item: Sitrus Berry\n|\n|-heal|p2a: Aegislash|100/100 brn|[from] item: Leftovers\n|-damage|p2a: Aegislash|95/100 brn|[from] brn\n|upkeep\n|turn|5\n|\n|t:|1776189137\n|move|p2b: Farigiraf|Hyper Voice|p1a: Incineroar|[spread] p1a,p1b\n|-resisted|p1b: Excadrill|1\n|-damage|p1a: Incineroar|53/100\n|-damage|p1b: Excadrill|46/100\n|-formechange|p2a: Aegislash|Aegislash-Blade|\n|move|p2a: Aegislash|Poltergeist|p1b: Excadrill\n|-activate|p1b: Excadrill|move: Poltergeist|Focus Sash\n|-damage|p1b: Excadrill|2/100\n|move|p1a: Incineroar|Parting Shot|p2b: Farigiraf\n|-unboost|p2b: Farigiraf|atk|1\n|-unboost|p2b: Farigiraf|spa|1\n|\n|t:|1776189146\n|switch|p1a: Tyranitar|Tyranitar, L50, F|100/100|[from] Parting Shot\n|-weather|Sandstorm|[from] ability: Sand Stream|[of] p1a: Tyranitar\n|move|p1b: Excadrill|High Horsepower|p2a: Aegislash\n|-supereffective|p2a: Aegislash|1\n|-damage|p2a: Aegislash|0 fnt\n|faint|p2a: Aegislash\n|\n|-weather|Sandstorm|[upkeep]\n|-damage|p2b: Farigiraf|29/100|[from] Sandstorm\n|upkeep\n|\n|t:|1776189151\n|switch|p2a: Froslass|Froslass, L50, F|100/100\n|turn|6\n|\n|t:|1776189165\n|switch|p1b: Incineroar|Incineroar, L50, F|53/100\n|-ability|p1b: Incineroar|Intimidate|boost\n|-unboost|p2a: Froslass|atk|1\n|-unboost|p2b: Farigiraf|atk|1\n|move|p2a: Froslass|Protect|p2a: Froslass\n|-singleturn|p2a: Froslass|Protect\n|move|p2b: Farigiraf|Hyper Voice|p1a: Tyranitar|[spread] p1a,p1b\n|-resisted|p1a: Tyranitar|1\n|-damage|p1a: Tyranitar|96/100\n|-damage|p1b: Incineroar|38/100\n|move|p1a: Tyranitar|Rock Slide|p2a: Froslass|[spread] p2b\n|-activate|p2a: Froslass|move: Protect\n|-damage|p2b: Farigiraf|1/100\n|\n|-weather|Sandstorm|[upkeep]\n|-damage|p2b: Farigiraf|0 fnt|[from] Sandstorm\n|-damage|p1b: Incineroar|32/100|[from] Sandstorm\n|-damage|p2a: Froslass|94/100|[from] Sandstorm\n|faint|p2b: Farigiraf\n|upkeep\n|turn|7\n|\n|t:|1776189182\n|detailschange|p1a: Tyranitar|Tyranitar-Mega, L50, F\n|-mega|p1a: Tyranitar|Tyranitar|Tyranitarite\n|detailschange|p2a: Froslass|Froslass-Mega, L50, F\n|-mega|p2a: Froslass|Froslass|Froslassite\n|-weather|Snowscape|[from] ability: Snow Warning|[of] p2a: Froslass\n|move|p1b: Incineroar|Flare Blitz|p2a: Froslass\n|-supereffective|p2a: Froslass|1\n|-damage|p2a: Froslass|0 fnt\n|faint|p2a: Froslass\n|-damage|p1b: Incineroar|9/100|[from] Recoil\n|\n|win|realcomrade379\n||realcomrade379 is ready for game 2.\n",
  "uploadtime": 1776189192,
  "views": 14,
  "formatid": "gen9championsvgc2026regma",
  "rating": null,
  "private": 0,
  "password": null
}