{
  "id": "gen9championsvgc2026regma-2584612837",
  "format": "[Gen 9 Champions] VGC 2026 Reg M-A",
  "players": [
    "FedVGC",
    "pastycreepy"
  ],
  "log": "|j|\u2606FedVGC\n|j|\u2606pastycreepy\n|t:|1776272110\n|gametype|doubles\n|player|p1|FedVGC|266|1229\n|player|p2|pastycreepy|170|1142\n|gen|9\n|tier|[Gen 9 Champions] VGC 2026 Reg M-A\n|rated|\n|rule|Species Clause: Limit one of each Pok\u00e9mon\n|rule|Item Clause: Limit 1 of each item\n|clearpoke\n|poke|p1|Froslass, L50, F|\n|poke|p1|Sneasler, L50, M|\n|poke|p1|Arcanine-Hisui, L50, M|\n|poke|p1|Sinistcha, L50|\n|poke|p1|Aerodactyl, L50, F|\n|poke|p1|Kingambit, L50, M|\n|poke|p2|Charizard, L50, F|\n|poke|p2|Venusaur, L50, M|\n|poke|p2|Garchomp, L50, F|\n|poke|p2|Incineroar, L50, M|\n|poke|p2|Aerodactyl, L50, F|\n|poke|p2|Sneasler, L50, F|\n|teampreview|4\npastycreepy has agreed to open team sheets.\nFedVGC has agreed to open team sheets.\n|showteam|p1|Froslass||Froslassite|SnowCloak|Blizzard,ShadowBall,AuroraVeil,Protect|||F|||50|]Sneasler||WhiteHerb|Unburden|DireClaw,CloseCombat,FakeOut,Protect|||M|||50|]Arcanine-Hisui||ChopleBerry|RockHead|HeadSmash,RockSlide,FlareBlitz,CloseCombat|||M|||50|]Sinistcha||SitrusBerry|Hospitality|MatchaGotcha,ShadowBall,StrengthSap,RagePowder||||||50|]Aerodactyl||FocusSash|RockHead|RockSlide,DualWingbeat,Tailwind,Protect|||F|||50|]Kingambit||BlackGlasses|Defiant|KowtowCleave,SuckerPunch,IronHead,Protect|||M|||50|\n|showteam|p2|Charizard||CharizarditeY|Blaze|Protect,HeatWave,SolarBeam,Overheat|||F|||50|]Venusaur||MiracleSeed|Chlorophyll|SleepPowder,SludgeBomb,EnergyBall,Protect|||M|||50|]Garchomp||ChoiceScarf|RoughSkin|RockSlide,Earthquake,DragonClaw,StompingTantrum|||F|||50|]Incineroar||SitrusBerry|Intimidate|FakeOut,PartingShot,Snarl,FlareBlitz|||M|||50|]Aerodactyl||FocusSash|Unnerve|Tailwind,RockSlide,DualWingbeat,Protect|||F|||50|]Sneasler||WhiteHerb|Unburden|FakeOut,CloseCombat,DireClaw,ThroatChop|||F|||50|\n|\n|t:|1776272151\n|teamsize|p1|4\n|teamsize|p2|4\n|start\n|switch|p1a: Sneasler|Sneasler, L50, M|100/100\n|switch|p1b: Froslass|Froslass, L50, F|100/100\n|switch|p2a: Charizard|Charizard, L50, F|100/100\n|switch|p2b: Aerodactyl|Aerodactyl, L50, F|100/100\n|-ability|p2b: Aerodactyl|Unnerve\n|turn|1\n|\n|t:|1776272185\n|move|p2b: Aerodactyl|Protect|p2b: Aerodactyl\n|-singleturn|p2b: Aerodactyl|Protect\n|move|p1b: Froslass|Protect|p1b: Froslass\n|-singleturn|p1b: Froslass|Protect\n|move|p2a: Charizard|Protect|p2a: Charizard\n|-singleturn|p2a: Charizard|Protect\n|move|p1a: Sneasler|Fake Out|p2b: Aerodactyl\n|-activate|p2b: Aerodactyl|move: Protect\n|\n|upkeep\n|turn|2\n|c|\u2606FedVGC|Big turn\n|c|\u2606pastycreepy|you lose now\n|\n|t:|1776272212\n|switch|p1b: Arcanine|Arcanine-Hisui, L50, M|100/100\n|detailschange|p2a: Charizard|Charizard-Mega-Y, L50, F\n|-mega|p2a: Charizard|Charizard|Charizardite Y\n|-weather|SunnyDay|[from] ability: Drought|[of] p2a: Charizard\n|move|p2b: Aerodactyl|Tailwind|p2b: Aerodactyl\n|-sidestart|p2: pastycreepy|move: Tailwind\n|move|p2a: Charizard|Heat Wave|p1a: Sneasler|[spread] p1a,p1b\n|-crit|p1a: Sneasler\n|-resisted|p1b: Arcanine|2\n|-damage|p1a: Sneasler|0 fnt\n|-damage|p1b: Arcanine|84/100\n|faint|p1a: Sneasler\n|\n|-weather|SunnyDay|[upkeep]\n|upkeep\n|c|\u2606pastycreepy|should of set up viel\n|\n|t:|1776272227\n|switch|p1a: Froslass|Froslass, L50, F|100/100\n|turn|3\n|\n|t:|1776272238\n|detailschange|p1a: Froslass|Froslass-Mega, L50, F\n|-mega|p1a: Froslass|Froslass|Froslassite\n|-weather|Snowscape|[from] ability: Snow Warning|[of] p1a: Froslass\n|move|p1a: Froslass|Protect|p1a: Froslass\n|-singleturn|p1a: Froslass|Protect\n|move|p2b: Aerodactyl|Rock Slide|p1b: Arcanine|[spread] p1b\n|-activate|p1a: Froslass|move: Protect\n|-supereffective|p1b: Arcanine|1\n|-damage|p1b: Arcanine|30/100\n|move|p2a: Charizard|Overheat|p1a: Froslass\n|-activate|p1a: Froslass|move: Protect\n|cant|p1b: Arcanine|flinch\n|\n|-weather|Snowscape|[upkeep]\n|upkeep\n|turn|4\n|\n|t:|1776272254\n|move|p2b: Aerodactyl|Rock Slide|p1a: Froslass|[spread] p1b\n|-miss|p2b: Aerodactyl|p1a: Froslass\n|-supereffective|p1b: Arcanine|1\n|-damage|p1b: Arcanine|0 fnt\n|faint|p1b: Arcanine\n|move|p2a: Charizard|Overheat|p1a: Froslass|[miss]\n|-miss|p2a: Charizard|p1a: Froslass\n|move|p1a: Froslass|Blizzard|p2b: Aerodactyl|[spread] p2a,p2b\n|-crit|p2a: Charizard\n|-supereffective|p2b: Aerodactyl|1\n|-damage|p2a: Charizard|30/100\n|-enditem|p2b: Aerodactyl|Focus Sash\n|-damage|p2b: Aerodactyl|1/100\n|-status|p2a: Charizard|frz\n|\n|-weather|Snowscape|[upkeep]\n|upkeep\n|c|\u2606FedVGC|unfortunate flinch\n|\n|t:|1776272269\n|switch|p1b: Aerodactyl|Aerodactyl, L50, F|100/100\n|turn|5\n|\n|t:|1776272277\n|move|p1b: Aerodactyl|Protect|p1b: Aerodactyl\n|-singleturn|p1b: Aerodactyl|Protect\n|move|p1a: Froslass|Protect|p1a: Froslass\n|-singleturn|p1a: Froslass|Protect\n|move|p2b: Aerodactyl|Rock Slide|p1a: Froslass|[spread] \n|-activate|p1a: Froslass|move: Protect\n|-activate|p1b: Aerodactyl|move: Protect\n|-curestatus|p2a: Charizard|frz|[msg]\n|move|p2a: Charizard|Heat Wave|p1a: Froslass|[spread] \n|-activate|p1a: Froslass|move: Protect\n|-activate|p1b: Aerodactyl|move: Protect\n|\n|-weather|Snowscape|[upkeep]\n|-sideend|p2: pastycreepy|move: Tailwind\n|upkeep\n|turn|6\n|\n|t:|1776272297\n|switch|p2a: Venusaur|Venusaur, L50, M|100/100\n|move|p2b: Aerodactyl|Tailwind|p2b: Aerodactyl\n|-sidestart|p2: pastycreepy|move: Tailwind\n|move|p1b: Aerodactyl|Tailwind|p1b: Aerodactyl\n|-sidestart|p1: FedVGC|move: Tailwind\n|move|p1a: Froslass|Blizzard|p2a: Venusaur|[spread] p2a,p2b\n|-supereffective|p2a: Venusaur|1\n|-crit|p2a: Venusaur\n|-supereffective|p2b: Aerodactyl|1\n|-damage|p2a: Venusaur|0 fnt\n|-damage|p2b: Aerodactyl|0 fnt\n|faint|p2a: Venusaur\n|faint|p2b: Aerodactyl\n|\n|-weather|Snowscape|[upkeep]\n|upkeep\n|\n|t:|1776272304\n|switch|p2b: Garchomp|Garchomp, L50, F|100/100\n|switch|p2a: Charizard|Charizard-Mega-Y, L50, F|30/100\n|-weather|SunnyDay|[from] ability: Drought|[of] p2a: Charizard\n|turn|7\n|\n|t:|1776272311\n|move|p2b: Garchomp|Rock Slide|p1a: Froslass|[spread] p1a,p1b\n|-supereffective|p1a: Froslass|1\n|-supereffective|p1b: Aerodactyl|1\n|-damage|p1a: Froslass|37/100\n|-damage|p1b: Aerodactyl|33/100\n|move|p1b: Aerodactyl|Rock Slide|p2a: Charizard|[spread] p2a,p2b\n|-supereffective|p2a: Charizard|2\n|-resisted|p2b: Garchomp|1\n|-damage|p2a: Charizard|0 fnt\n|-damage|p2b: Garchomp|89/100\n|faint|p2a: Charizard\n|move|p1a: Froslass|Blizzard|p2b: Garchomp\n|-supereffective|p2b: Garchomp|2\n|-damage|p2b: Garchomp|0 fnt\n|faint|p2b: Garchomp\n|\n|win|FedVGC\n|raw|FedVGC's rating: 1229 &rarr; <strong>1248</strong><br />(+19 for winning)\n|raw|pastycreepy's rating: 1142 &rarr; <strong>1123</strong><br />(-19 for losing)\n|l|\u2606pastycreepy\n|player|p2|\n|c|\u2606FedVGC|gg\n",
  "uploadtime": 1776272329,
  "views": 30,
  "formatid": "gen9championsvgc2026regma",
  "rating": 1123,
  "private": 0,
  "password": null
}