{
  "id": "gen9championsvgc2026regma-2581303739",
  "format": "[Gen 9 Champions] VGC 2026 Reg M-A",
  "players": [
    "Murphy's kitchen",
    "tha7_Random"
  ],
  "log": "|j|\u2606Murphy's kitchen\n|j|\u2606tha7_Random\n|t:|1775983912\n|gametype|doubles\n|player|p1|Murphy's kitchen|1|1112\n|player|p2|tha7_Random|2|1131\n|gen|9\n|tier|[Gen 9 Champions] VGC 2026 Reg M-A\n|rated|\n|rule|Species Clause: Limit one of each Pok\u00e9mon\n|rule|Item Clause: Limit 1 of each item\n|clearpoke\n|poke|p1|Starmie, L50|\n|poke|p1|Maushold-Four, L50|\n|poke|p1|Kommo-o, L50, F|\n|poke|p1|Aegislash, L50, F|\n|poke|p1|Rotom-Heat, L50|\n|poke|p1|Whimsicott, L50, F|\n|poke|p2|Floette-Eternal, L50, F|\n|poke|p2|Maushold, L50|\n|poke|p2|Garchomp, L50, M|\n|poke|p2|Talonflame, L50, M|\n|poke|p2|Rotom-Wash, L50|\n|poke|p2|Aegislash, L50, F|\n|teampreview|4\n|inactive|Battle timer is ON: inactive players will automatically lose when time's up. (requested by tha7_Random)\n|inactive|Murphy's kitchen has 60 seconds left.\n|\n|t:|1775983985\n|teamsize|p1|4\n|teamsize|p2|4\n|start\n|switch|p1a: Maushold|Maushold-Four, L50|100/100\n|switch|p1b: Kommo-o|Kommo-o, L50, F|100/100\n|switch|p2a: Rotom|Rotom-Wash, L50|100/100\n|switch|p2b: Floette|Floette-Eternal, L50, F|100/100\n|turn|1\n|inactive|tha7_Random has 30 seconds left.\n|inactive|tha7_Random has 20 seconds left.\n|inactive|tha7_Random has 15 seconds left.\n|inactive|tha7_Random has 10 seconds left.\n|inactive|tha7_Random has 5 seconds left.\n|\n|t:|1775984040\n|switch|p1b: Rotom|Rotom-Heat, L50|100/100\n|move|p1a: Maushold|Super Fang|p2b: Floette\n|-damage|p2b: Floette|51/100\n|move|p2a: Rotom|Hydro Pump|p1b: Rotom\n|-supereffective|p1b: Rotom|1\n|-damage|p1b: Rotom|0 fnt\n|faint|p1b: Rotom\n|move|p2b: Floette|Moonblast|p1a: Maushold\n|-damage|p1a: Maushold|35/100\n|-unboost|p1a: Maushold|spa|1\n|\n|upkeep\n|\n|t:|1775984057\n|switch|p1b: Starmie|Starmie, L50|100/100\n|turn|2\n|\n|t:|1775984070\n|detailschange|p1b: Starmie|Starmie-Mega, L50\n|-mega|p1b: Starmie|Starmie|Starminite\n|detailschange|p2b: Floette|Floette-Mega, L50, F\n|-mega|p2b: Floette|Floette|Floettite\n|-ability|p2b: Floette|Fairy Aura\n|move|p1a: Maushold|Super Fang|p2a: Rotom\n|-damage|p2a: Rotom|51/100\n|move|p1b: Starmie|Liquidation|p2b: Floette\n|-damage|p2b: Floette|0 fnt\n|faint|p2b: Floette\n|move|p2a: Rotom|Thunderbolt|p1b: Starmie\n|-supereffective|p1b: Starmie|1\n|-damage|p1b: Starmie|26/100\n|\n|upkeep\n|\n|t:|1775984082\n|switch|p2b: Talonflame|Talonflame, L50, M|100/100\n|turn|3\n|\n|t:|1775984102\n|move|p1a: Maushold|Follow Me|p1a: Maushold\n|-singleturn|p1a: Maushold|move: Follow Me\n|move|p2b: Talonflame|Tailwind|p2b: Talonflame\n|-sidestart|p2: tha7_Random|move: Tailwind\n|move|p1b: Starmie|Aqua Jet|p2b: Talonflame\n|-supereffective|p2b: Talonflame|1\n|-damage|p2b: Talonflame|0 fnt\n|faint|p2b: Talonflame\n|move|p2a: Rotom|Volt Switch|p1a: Maushold\n|-damage|p1a: Maushold|0 fnt\n|faint|p1a: Maushold\n|\n|t:|1775984111\n|switch|p2a: Garchomp|Garchomp, L50, M|100/100|[from] Volt Switch\n|\n|upkeep\n|\n|t:|1775984117\n|switch|p2b: Rotom|Rotom-Wash, L50|51/100\n|switch|p1a: Kommo-o|Kommo-o, L50, F|100/100\n|turn|4\n|\n|t:|1775984127\n|move|p2b: Rotom|Helping Hand|p2a: Garchomp\n|-singleturn|p2a: Garchomp|Helping Hand|[of] p2b: Rotom\n|move|p1b: Starmie|Protect|p1b: Starmie\n|-singleturn|p1b: Starmie|Protect\n|move|p1a: Kommo-o|Protect|p1a: Kommo-o\n|-singleturn|p1a: Kommo-o|Protect\n|move|p2a: Garchomp|Earthquake|p1a: Kommo-o|[spread] \n|-activate|p1a: Kommo-o|move: Protect\n|-activate|p1b: Starmie|move: Protect\n|-immune|p2b: Rotom|[from] ability: Levitate\n|\n|upkeep\n|turn|5\n|inactive|Murphy's kitchen has 30 seconds left.\n|inactive|Murphy's kitchen has 20 seconds left.\n|\n|t:|1775984163\n|move|p2b: Rotom|Helping Hand|p2a: Garchomp\n|-singleturn|p2a: Garchomp|Helping Hand|[of] p2b: Rotom\n|move|p1b: Starmie|Aqua Jet|p2a: Garchomp\n|-damage|p2a: Garchomp|65/100\n|-damage|p1b: Starmie|14/100|[from] ability: Rough Skin|[of] p2a: Garchomp\n|move|p2a: Garchomp|Earthquake|p1a: Kommo-o|[spread] p1a,p1b\n|-immune|p2b: Rotom|[from] ability: Levitate\n|-damage|p1a: Kommo-o|35/100\n|-damage|p1b: Starmie|0 fnt\n|-enditem|p1a: Kommo-o|Sitrus Berry|[eat]\n|-heal|p1a: Kommo-o|60/100|[from] item: Sitrus Berry\n|faint|p1b: Starmie\n|move|p1a: Kommo-o|Clanging Scales|p2b: Rotom|[spread] p2a,p2b\n|-supereffective|p2a: Garchomp|1\n|-damage|p2a: Garchomp|0 fnt\n|-damage|p2b: Rotom|6/100\n|-enditem|p2b: Rotom|Sitrus Berry|[eat]\n|-heal|p2b: Rotom|31/100|[from] item: Sitrus Berry\n|faint|p2a: Garchomp\n|-unboost|p1a: Kommo-o|def|1\n|\n|upkeep\n|turn|6\n|inactive|Murphy's kitchen has 30 seconds left.\n|\n|t:|1775984193\n|move|p2b: Rotom|Thunderbolt|p1a: Kommo-o\n|-resisted|p1a: Kommo-o|1\n|-damage|p1a: Kommo-o|35/100\n|move|p1a: Kommo-o|Clanging Scales|p2b: Rotom\n|-damage|p2b: Rotom|0 fnt\n|faint|p2b: Rotom\n|\n|win|Murphy's kitchen\n|raw|Murphy&apos;s kitchen's rating: 1112 &rarr; <strong>1138</strong><br />(+26 for winning)\n|raw|tha7_Random's rating: 1131 &rarr; <strong>1105</strong><br />(-26 for losing)\n|l|\u2606tha7_Random\n|player|p2|\n",
  "uploadtime": 1775984227,
  "views": 26,
  "formatid": "gen9championsvgc2026regma",
  "rating": 1105,
  "private": 0,
  "password": null
}