{
  "id": "gen9championsvgc2026regma-2583665868",
  "format": "[Gen 9 Champions] VGC 2026 Reg M-A",
  "players": [
    "n05ta1gia",
    "Dudthestud"
  ],
  "log": "|j|\u2606n05ta1gia\n|j|\u2606Dudthestud\n|t:|1776189734\n|gametype|doubles\n|player|p1|n05ta1gia|lucas|1086\n|player|p2|Dudthestud|102|1063\n|gen|9\n|tier|[Gen 9 Champions] VGC 2026 Reg M-A\n|rated|\n|rule|Species Clause: Limit one of each Pok\u00e9mon\n|rule|Item Clause: Limit 1 of each item\n|clearpoke\n|poke|p1|Garchomp, L50, M|\n|poke|p1|Tyranitar, L50, M|\n|poke|p1|Heliolisk, L50, F|\n|poke|p1|Clefable, L50, M|\n|poke|p1|Aegislash, L50, F|\n|poke|p1|Whimsicott, L50, M|\n|poke|p2|Pelipper, L50, M|\n|poke|p2|Archaludon, L50, M|\n|poke|p2|Dragonite, L50, M|\n|poke|p2|Basculegion, L50, M|\n|poke|p2|Sneasler, L50, M|\n|poke|p2|Rotom-Wash, L50|\n|teampreview|4\n|inactive|Battle timer is ON: inactive players will automatically lose when time's up. (requested by n05ta1gia)\n|\n|t:|1776189756\n|teamsize|p1|4\n|teamsize|p2|4\n|start\n|switch|p1a: Whimsicott|Whimsicott, L50, M|100/100\n|switch|p1b: Garchomp|Garchomp, L50, M|100/100\n|switch|p2a: Basculegion|Basculegion, L50, M|100/100\n|switch|p2b: Rotom|Rotom-Wash, L50|100/100\n|turn|1\n|\n|t:|1776189769\n|move|p1a: Whimsicott|Tailwind|p1a: Whimsicott\n|-sidestart|p1: n05ta1gia|move: Tailwind\n|move|p1b: Garchomp|Poison Jab|p2b: Rotom\n|-damage|p2b: Rotom|68/100\n|-status|p2b: Rotom|psn\n|move|p2b: Rotom|Volt Switch|p1a: Whimsicott\n|-resisted|p1a: Whimsicott|1\n|-damage|p1a: Whimsicott|81/100\n|\n|t:|1776189778\n|switch|p2b: Pelipper|Pelipper, L50, M|100/100|[from] Volt Switch\n|-weather|RainDance|[from] ability: Drizzle|[of] p2b: Pelipper\n|move|p2a: Basculegion|Flip Turn|p1b: Garchomp\n|-damage|p1b: Garchomp|50/100\n|\n|t:|1776189781\n|switch|p2a: Rotom|Rotom-Wash, L50|68/100 psn|[from] Flip Turn\n|\n|-weather|RainDance|[upkeep]\n|-damage|p2a: Rotom|56/100 psn|[from] psn\n|upkeep\n|turn|2\n|\n|t:|1776189798\n|switch|p1b: Tyranitar|Tyranitar, L50, M|100/100\n|-weather|Sandstorm|[from] ability: Sand Stream|[of] p1b: Tyranitar\n|move|p1a: Whimsicott|Moonblast|p2a: Rotom\n|-damage|p2a: Rotom|13/100 psn\n|move|p2a: Rotom|Shadow Ball|p1b: Tyranitar\n|-resisted|p1b: Tyranitar|1\n|-damage|p1b: Tyranitar|93/100\n|move|p2b: Pelipper|Weather Ball|p1a: Whimsicott\n|-damage|p1a: Whimsicott|48/100\n|\n|-weather|Sandstorm|[upkeep]\n|-damage|p1a: Whimsicott|42/100|[from] Sandstorm\n|-damage|p2a: Rotom|8/100 psn|[from] Sandstorm\n|-damage|p2b: Pelipper|95/100|[from] Sandstorm\n|-damage|p2a: Rotom|0 fnt|[from] psn\n|faint|p2a: Rotom\n|upkeep\n|\n|t:|1776189809\n|switch|p2a: Archaludon|Archaludon, L50, M|100/100\n|turn|3\n|\n|t:|1776189822\n|move|p2b: Pelipper|Wide Guard|p2b: Pelipper\n|-singleturn|p2b: Pelipper|Wide Guard\n|move|p1a: Whimsicott|Moonblast|p2a: Archaludon\n|-damage|p2a: Archaludon|62/100\n|-ability|p2a: Archaludon|Stamina|boost\n|-boost|p2a: Archaludon|def|1\n|move|p1b: Tyranitar|High Horsepower|p2a: Archaludon\n|-supereffective|p2a: Archaludon|1\n|-damage|p2a: Archaludon|32/100\n|-ability|p2a: Archaludon|Stamina|boost\n|-boost|p2a: Archaludon|def|1\n|move|p2a: Archaludon|Flash Cannon|p1a: Whimsicott\n|-supereffective|p1a: Whimsicott|1\n|-crit|p1a: Whimsicott\n|-enditem|p1a: Whimsicott|Babiri Berry|[eat]\n|-enditem|p1a: Whimsicott|Babiri Berry|[weaken]\n|-damage|p1a: Whimsicott|0 fnt\n|faint|p1a: Whimsicott\n|\n|-weather|Sandstorm|[upkeep]\n|-damage|p2b: Pelipper|89/100|[from] Sandstorm\n|upkeep\n|\n|t:|1776189833\n|switch|p1a: Heliolisk|Heliolisk, L50, F|100/100\n|turn|4\n|\n|t:|1776189844\n|switch|p1b: Garchomp|Garchomp, L50, M|50/100\n|switch|p2b: Basculegion|Basculegion, L50, M|100/100\n|move|p1a: Heliolisk|Volt Switch|p2b: Basculegion\n|-supereffective|p2b: Basculegion|1\n|-damage|p2b: Basculegion|32/100\n|\n|t:|1776189852\n|switch|p1a: Tyranitar|Tyranitar, L50, M|93/100|[from] Volt Switch\n|move|p2a: Archaludon|Snarl|p1a: Tyranitar|[spread] p1a,p1b\n|-resisted|p1a: Tyranitar|1\n|-damage|p1a: Tyranitar|89/100\n|-damage|p1b: Garchomp|36/100\n|-unboost|p1a: Tyranitar|spa|1\n|-unboost|p1b: Garchomp|spa|1\n|\n|-weather|Sandstorm|[upkeep]\n|-damage|p2b: Basculegion|26/100|[from] Sandstorm\n|-sideend|p1: n05ta1gia|move: Tailwind\n|upkeep\n|turn|5\n|\n|t:|1776189863\n|switch|p2a: Pelipper|Pelipper, L50, M|89/100\n|-weather|RainDance|[from] ability: Drizzle|[of] p2a: Pelipper\n|switch|p1a: Heliolisk|Heliolisk, L50, F|100/100\n|move|p1b: Garchomp|Protect|p1b: Garchomp\n|-singleturn|p1b: Garchomp|Protect\n|move|p2b: Basculegion|Flip Turn|p1b: Garchomp\n|-activate|p1b: Garchomp|move: Protect\n|\n|-weather|RainDance|[upkeep]\n|upkeep\n|turn|6\n|-message|Dudthestud forfeited.\n|\n|win|n05ta1gia\n|raw|n05ta1gia's rating: 1086 &rarr; <strong>1111</strong><br />(+25 for winning)\n|raw|Dudthestud's rating: 1063 &rarr; <strong>1045</strong><br />(-18 for losing)\n|l|\u2606Dudthestud\n|player|p2|\n",
  "uploadtime": 1776189884,
  "views": 15,
  "formatid": "gen9championsvgc2026regma",
  "rating": 1045,
  "private": 0,
  "password": null
}