{
  "id": "gen9championsvgc2026regma-2582696831",
  "format": "[Gen 9 Champions] VGC 2026 Reg M-A",
  "players": [
    "Angelic Angemon",
    "henitusec"
  ],
  "log": "|j|\u2606Angelic Angemon\n|j|\u2606henitusec\n|t:|1776107937\n|gametype|doubles\n|player|p1|Angelic Angemon|interviewers|1065\n|player|p2|henitusec|volo|1074\n|gen|9\n|tier|[Gen 9 Champions] VGC 2026 Reg M-A\n|rated|\n|rule|Species Clause: Limit one of each Pok\u00e9mon\n|rule|Item Clause: Limit 1 of each item\n|clearpoke\n|poke|p1|Alakazam, L50, F|\n|poke|p1|Aerodactyl, L50, M|\n|poke|p1|Sinistcha, L50|\n|poke|p1|Incineroar, L50, M|\n|poke|p1|Aggron, L50, M|\n|poke|p1|Alcremie, L50, F|\n|poke|p2|Gardevoir, L50, F|\n|poke|p2|Aegislash, L50, M|\n|poke|p2|Incineroar, L50, F|\n|poke|p2|Vivillon-Polar, L50, M|\n|poke|p2|Hydreigon, L50, M|\n|poke|p2|Tauros-Paldea-Aqua, L50, M|\n|teampreview|4\n|inactive|Battle timer is ON: inactive players will automatically lose when time's up. (requested by henitusec)\n|\n|t:|1776107958\n|teamsize|p1|4\n|teamsize|p2|4\n|start\n|switch|p1a: Alakazam|Alakazam, L50, F|100/100\n|switch|p1b: Aggron|Aggron, L50, M|100/100\n|switch|p2a: Gardevoir|Gardevoir, L50, F, shiny|100/100\n|switch|p2b: Hydreigon|Hydreigon, L50, M|100/100\n|-ability|p2a: Gardevoir|Sturdy|Trace|[from] ability: Trace|[of] p1b: Aggron\n|turn|1\n|inactive|Angelic Angemon has 30 seconds left.\n|inactive|henitusec has 30 seconds left.\n|\n|t:|1776107991\n|detailschange|p1b: Aggron|Aggron-Mega, L50, M\n|-mega|p1b: Aggron|Aggron|Aggronite\n|move|p2a: Gardevoir|Protect|p2a: Gardevoir\n|-singleturn|p2a: Gardevoir|Protect\n|move|p1a: Alakazam|Light Screen|p1a: Alakazam\n|-sidestart|p1: Angelic Angemon|move: Light Screen\n|move|p2b: Hydreigon|Tailwind|p2b: Hydreigon\n|-sidestart|p2: henitusec|move: Tailwind\n|move|p1b: Aggron|Heavy Slam|p2a: Gardevoir\n|-activate|p2a: Gardevoir|move: Protect\n|\n|upkeep\n|turn|2\n|\n|t:|1776108014\n|detailschange|p2a: Gardevoir|Gardevoir-Mega, L50, F, shiny\n|-mega|p2a: Gardevoir|Gardevoir|Gardevoirite\n|move|p2b: Hydreigon|Dark Pulse|p1a: Alakazam\n|-supereffective|p1a: Alakazam|1\n|-enditem|p1a: Alakazam|Colbur Berry|[eat]\n|-enditem|p1a: Alakazam|Colbur Berry|[weaken]\n|-damage|p1a: Alakazam|71/100\n|move|p2a: Gardevoir|Hyper Voice|p1b: Aggron|[spread] p1a,p1b\n|-crit|p1a: Alakazam\n|-resisted|p1b: Aggron|1\n|-crit|p1b: Aggron\n|-damage|p1a: Alakazam|0 fnt\n|-damage|p1b: Aggron|62/100\n|faint|p1a: Alakazam\n|move|p1b: Aggron|Body Press|p2b: Hydreigon\n|-supereffective|p2b: Hydreigon|1\n|-damage|p2b: Hydreigon|7/100\n|\n|upkeep\n|\n|t:|1776108027\n|switch|p1a: Aerodactyl|Aerodactyl, L50, M|100/100\n|turn|3\n|\n|t:|1776108035\n|move|p2b: Hydreigon|Draco Meteor|p1a: Aerodactyl\n|-damage|p1a: Aerodactyl|35/100\n|-unboost|p2b: Hydreigon|spa|2\n|move|p2a: Gardevoir|Hyper Voice|p1a: Aerodactyl|[spread] p1a,p1b\n|-resisted|p1b: Aggron|1\n|-damage|p1a: Aerodactyl|0 fnt\n|-damage|p1b: Aggron|45/100\n|faint|p1a: Aerodactyl\n|move|p1b: Aggron|Heavy Slam|p2a: Gardevoir\n|-supereffective|p2a: Gardevoir|1\n|-damage|p2a: Gardevoir|0 fnt\n|faint|p2a: Gardevoir\n|\n|upkeep\n|inactive|Angelic Angemon has 30 seconds left.\n|inactive|Angelic Angemon has 20 seconds left.\n|\n|t:|1776108073\n|switch|p1a: Sinistcha|Sinistcha, L50|100/100\n|switch|p2a: Tauros|Tauros-Paldea-Aqua, L50, M|100/100\n|-ability|p2a: Tauros|Intimidate|boost\n|-unboost|p1a: Sinistcha|atk|1\n|-unboost|p1b: Aggron|atk|1\n|-heal|p1b: Aggron|70/100|[from] ability: Hospitality|[of] p1a: Sinistcha\n|turn|4\n|inactive|henitusec has 30 seconds left.\n|\n|t:|1776108098\n|move|p2a: Tauros|Protect|p2a: Tauros\n|-singleturn|p2a: Tauros|Protect\n|move|p2b: Hydreigon|Dark Pulse|p1a: Sinistcha\n|-supereffective|p1a: Sinistcha|1\n|-damage|p1a: Sinistcha|66/100\n|cant|p1a: Sinistcha|flinch\n|move|p1b: Aggron|Body Press|p2a: Tauros\n|-activate|p2a: Tauros|move: Protect\n|\n|-sideend|p2: henitusec|move: Tailwind\n|upkeep\n|turn|5\n|\n|t:|1776108117\n|move|p2b: Hydreigon|Dark Pulse|p1a: Sinistcha\n|-supereffective|p1a: Sinistcha|1\n|-damage|p1a: Sinistcha|34/100\n|-enditem|p1a: Sinistcha|Sitrus Berry|[eat]\n|-heal|p1a: Sinistcha|59/100|[from] item: Sitrus Berry\n|move|p2a: Tauros|Close Combat|p1b: Aggron\n|-supereffective|p1b: Aggron|1\n|-damage|p1b: Aggron|32/100\n|-unboost|p2a: Tauros|def|1\n|-unboost|p2a: Tauros|spd|1\n|cant|p1a: Sinistcha|flinch\n|move|p1b: Aggron|Body Press|p2a: Tauros\n|-damage|p2a: Tauros|37/100\n|\n|-sideend|p1: Angelic Angemon|move: Light Screen\n|upkeep\n|turn|6\n|inactive|henitusec has 30 seconds left.\n|\n|t:|1776108146\n|move|p2a: Tauros|Protect|p2a: Tauros\n|-singleturn|p2a: Tauros|Protect\n|move|p1b: Aggron|Protect|p1b: Aggron\n|-singleturn|p1b: Aggron|Protect\n|move|p2b: Hydreigon|Tailwind|p2b: Hydreigon\n|-sidestart|p2: henitusec|move: Tailwind\n|move|p1a: Sinistcha|Matcha Gotcha|p2b: Hydreigon|[spread] \n|-activate|p2a: Tauros|move: Protect\n|-miss|p1a: Sinistcha|p2b: Hydreigon\n|\n|upkeep\n|turn|7\n|inactive|henitusec has 30 seconds left.\n|inactive|henitusec has 20 seconds left.\n|inactive|henitusec has 15 seconds left.\n|inactive|henitusec has 10 seconds left.\n|inactive|henitusec has 5 seconds left.\n|\n|t:|1776108202\n|move|p2b: Hydreigon|Dark Pulse|p1a: Sinistcha\n|-supereffective|p1a: Sinistcha|1\n|-damage|p1a: Sinistcha|11/100\n|move|p2a: Tauros|Wave Crash|p1a: Sinistcha\n|-resisted|p1a: Sinistcha|1\n|-damage|p1a: Sinistcha|0 fnt\n|faint|p1a: Sinistcha\n|-damage|p2a: Tauros|34/100|[from] Recoil\n|move|p1b: Aggron|Body Press|p2a: Tauros\n|-damage|p2a: Tauros|0 fnt\n|faint|p2a: Tauros\n|\n|upkeep\n|\n|t:|1776108213\n|switch|p2a: Aegislash|Aegislash, L50, M|100/100\n|turn|8\n|-message|Angelic Angemon forfeited.\n|\n|win|henitusec\n|raw|Angelic Angemon's rating: 1065 &rarr; <strong>1046</strong><br />(-19 for losing)\n|raw|henitusec's rating: 1074 &rarr; <strong>1102</strong><br />(+28 for winning)\n|l|\u2606Angelic Angemon\n|player|p1|\n",
  "uploadtime": 1776108219,
  "views": 13,
  "formatid": "gen9championsvgc2026regma",
  "rating": 1046,
  "private": 0,
  "password": null
}