{
  "id": "gen9championsvgc2026regma-2585909196",
  "format": "[Gen 9 Champions] VGC 2026 Reg M-A",
  "players": [
    "Kalaphant",
    "tytiago"
  ],
  "log": "|j|\u2606Kalaphant\n|j|\u2606tytiago\n|t:|1776380521\n|gametype|doubles\n|player|p1|Kalaphant|1|1179\n|player|p2|tytiago|1|1183\n|gen|9\n|tier|[Gen 9 Champions] VGC 2026 Reg M-A\n|rated|\n|rule|Species Clause: Limit one of each Pok\u00e9mon\n|rule|Item Clause: Limit 1 of each item\n|clearpoke\n|poke|p1|Gengar, L50, M|\n|poke|p1|Politoed, L50, M|\n|poke|p1|Sinistcha, L50|\n|poke|p1|Incineroar, L50, M|\n|poke|p1|Charizard, L50, F|\n|poke|p1|Sneasler, L50, F|\n|poke|p2|Froslass, L50, F|\n|poke|p2|Incineroar, L50, F|\n|poke|p2|Orthworm, L50, M|\n|poke|p2|Garchomp, L50, M|\n|poke|p2|Basculegion, L50, M|\n|poke|p2|Rotom-Frost, L50|\n|teampreview|4\n|inactive|Battle timer is ON: inactive players will automatically lose when time's up. (requested by Kalaphant)\n|c|\u2606Kalaphant|glhf\nKalaphant has agreed to open team sheets.\n|\n|t:|1776380551\n|teamsize|p1|4\n|teamsize|p2|4\n|start\n|switch|p1a: Charizard|Charizard, L50, F|100/100\n|switch|p1b: Incineroar|Incineroar, L50, M|100/100\n|switch|p2a: Garchomp|Garchomp, L50, M|100/100\n|switch|p2b: Incineroar|Incineroar, L50, F|100/100\n|-ability|p1b: Incineroar|Intimidate|boost\n|-unboost|p2a: Garchomp|atk|1\n|-unboost|p2b: Incineroar|atk|1\n|-ability|p2b: Incineroar|Intimidate|boost\n|-unboost|p1a: Charizard|atk|1\n|-unboost|p1b: Incineroar|atk|1\n|turn|1\n|inactive|Kalaphant has 30 seconds left.\n|inactive|Kalaphant has 20 seconds left.\n|inactive|Kalaphant has 15 seconds left.\n|\n|t:|1776380592\n|detailschange|p1a: Charizard|Charizard-Mega-Y, L50, F\n|-mega|p1a: Charizard|Charizard|Charizardite Y\n|-weather|SunnyDay|[from] ability: Drought|[of] p1a: Charizard\n|move|p1b: Incineroar|Fake Out|p2b: Incineroar\n|-damage|p2b: Incineroar|93/100\n|cant|p2b: Incineroar|flinch\n|move|p2a: Garchomp|Rock Slide|p1a: Charizard|[spread] p1a,p1b\n|-supereffective|p1a: Charizard|2\n|-supereffective|p1b: Incineroar|1\n|-damage|p1a: Charizard|27/100\n|-damage|p1b: Incineroar|79/100\n|move|p1a: Charizard|Weather Ball|p2a: Garchomp\n|-resisted|p2a: Garchomp|1\n|-damage|p2a: Garchomp|50/100\n|\n|-weather|SunnyDay|[upkeep]\n|upkeep\n|turn|2\n|\n|t:|1776380616\n|switch|p1a: Sneasler|Sneasler, L50, F|100/100\n|move|p2a: Garchomp|Rock Slide|p1a: Sneasler|[spread] p1a,p1b\n|-resisted|p1a: Sneasler|1\n|-supereffective|p1b: Incineroar|1\n|-damage|p1a: Sneasler|90/100\n|-damage|p1b: Incineroar|58/100\n|cant|p1b: Incineroar|flinch\n|move|p2b: Incineroar|Parting Shot|p1a: Sneasler\n|-unboost|p1a: Sneasler|atk|1\n|-unboost|p1a: Sneasler|spa|1\n|\n|t:|1776380638\n|switch|p2b: Froslass|Froslass, L50, F|100/100|[from] Parting Shot\n|-enditem|p1a: Sneasler|White Herb\n|-clearnegativeboost|p1a: Sneasler|[silent]\n|\n|-weather|SunnyDay|[upkeep]\n|upkeep\n|turn|3\n|\n|t:|1776380655\n|switch|p2b: Orthworm|Orthworm, L50, M|100/100\n|move|p1a: Sneasler|Fake Out|p2a: Garchomp\n|-damage|p2a: Garchomp|35/100\n|-damage|p1a: Sneasler|78/100|[from] ability: Rough Skin|[of] p2a: Garchomp\n|cant|p2a: Garchomp|flinch\n|move|p1b: Incineroar|Parting Shot|p2a: Garchomp\n|-unboost|p2a: Garchomp|atk|1\n|-unboost|p2a: Garchomp|spa|1\n|\n|t:|1776380667\n|switch|p1b: Charizard|Charizard-Mega-Y, L50, F|27/100|[from] Parting Shot\n|\n|-weather|SunnyDay|[upkeep]\n|upkeep\n|turn|4\n|\n|t:|1776380689\n|switch|p2b: Incineroar|Incineroar, L50, F|93/100\n|-ability|p2b: Incineroar|Intimidate|boost\n|-unboost|p1a: Sneasler|atk|1\n|-unboost|p1b: Charizard|atk|1\n|move|p1a: Sneasler|Close Combat|p2b: Incineroar\n|-supereffective|p2b: Incineroar|1\n|-damage|p2b: Incineroar|13/100\n|-unboost|p1a: Sneasler|def|1\n|-unboost|p1a: Sneasler|spd|1\n|move|p2a: Garchomp|Rock Slide|p1a: Sneasler|[spread] p1a,p1b\n|-resisted|p1a: Sneasler|1\n|-supereffective|p1b: Charizard|2\n|-damage|p1a: Sneasler|65/100\n|-damage|p1b: Charizard|0 fnt\n|faint|p1b: Charizard\n|\n|-weather|SunnyDay|[upkeep]\n|upkeep\n|\n|t:|1776380704\n|switch|p1b: Sinistcha|Sinistcha, L50|100/100\n|-heal|p1a: Sneasler|90/100|[from] ability: Hospitality|[of] p1b: Sinistcha\n|turn|5\n|\n|t:|1776380721\n|move|p2b: Incineroar|Fake Out|p1a: Sneasler\n|-damage|p1a: Sneasler|65/100\n|cant|p1a: Sneasler|flinch\n|move|p2a: Garchomp|Earthquake|p1b: Sinistcha|[spread] p2b,p1a,p1b\n|-supereffective|p2b: Incineroar|1\n|-supereffective|p1a: Sneasler|1\n|-resisted|p1b: Sinistcha|1\n|-crit|p1b: Sinistcha\n|-damage|p2b: Incineroar|0 fnt\n|-damage|p1a: Sneasler|0 fnt\n|-damage|p1b: Sinistcha|76/100\n|faint|p2b: Incineroar\n|faint|p1a: Sneasler\n|move|p1b: Sinistcha|Matcha Gotcha|p2a: Garchomp\n|-damage|p2a: Garchomp|0 fnt\n|-heal|p1b: Sinistcha|94/100|[from] drain|[of] p2a: Garchomp\n|faint|p2a: Garchomp\n|\n|-weather|none\n|-heal|p1b: Sinistcha|100/100|[from] item: Leftovers\n|upkeep\n|\n|t:|1776380737\n|switch|p1a: Incineroar|Incineroar, L50, M|58/100\n|switch|p2a: Orthworm|Orthworm, L50, M|100/100\n|switch|p2b: Froslass|Froslass, L50, F|100/100\n|-ability|p1a: Incineroar|Intimidate|boost\n|-unboost|p2a: Orthworm|atk|1\n|-unboost|p2b: Froslass|atk|1\n|turn|6\n|\n|t:|1776380749\n|detailschange|p2b: Froslass|Froslass-Mega, L50, F\n|-mega|p2b: Froslass|Froslass|Froslassite\n|-weather|Snowscape|[from] ability: Snow Warning|[of] p2b: Froslass\n|move|p2b: Froslass|Protect|p2b: Froslass\n|-singleturn|p2b: Froslass|Protect\n|move|p1a: Incineroar|Fake Out|p2a: Orthworm\n|-resisted|p2a: Orthworm|1\n|-damage|p2a: Orthworm|98/100\n|move|p1b: Sinistcha|Matcha Gotcha|p2a: Orthworm|[spread] p2a\n|-activate|p2b: Froslass|move: Protect\n|-resisted|p2a: Orthworm|1\n|-damage|p2a: Orthworm|79/100\n|cant|p2a: Orthworm|flinch\n|\n|-weather|Snowscape|[upkeep]\n|upkeep\n|turn|7\n|\n|t:|1776380773\n|move|p2b: Froslass|Blizzard|p1b: Sinistcha|[spread] p1a,p1b\n|-resisted|p1a: Incineroar|1\n|-supereffective|p1b: Sinistcha|1\n|-damage|p1a: Incineroar|40/100\n|-damage|p1b: Sinistcha|13/100\n|move|p1b: Sinistcha|Matcha Gotcha|p2b: Froslass|[spread] p2a,p2b\n|-resisted|p2a: Orthworm|1\n|-damage|p2a: Orthworm|59/100\n|-heal|p1b: Sinistcha|23/100|[from] drain|[of] p2a: Orthworm\n|-damage|p2b: Froslass|72/100\n|-heal|p1b: Sinistcha|35/100|[from] drain|[of] p2b: Froslass\n|move|p2a: Orthworm|Body Press|p1a: Incineroar\n|-supereffective|p1a: Incineroar|1\n|-enditem|p1a: Incineroar|Chople Berry|[eat]\n|-enditem|p1a: Incineroar|Chople Berry|[weaken]\n|-damage|p1a: Incineroar|14/100\n|move|p1a: Incineroar|Flare Blitz|p2b: Froslass\n|-supereffective|p2b: Froslass|1\n|-damage|p2b: Froslass|0 fnt\n|faint|p2b: Froslass\n|-damage|p1a: Incineroar|0 fnt|[from] Recoil\n|faint|p1a: Incineroar\n|\n|-weather|Snowscape|[upkeep]\n|-heal|p1b: Sinistcha|41/100|[from] item: Leftovers\n|upkeep\n|turn|8\n|inactive|Kalaphant has 30 seconds left.\n|inactive|tytiago has 30 seconds left.\n|\n|t:|1776380800\n|move|p1b: Sinistcha|Strength Sap|p2a: Orthworm\n|-unboost|p2a: Orthworm|atk|1\n|-heal|p1b: Sinistcha|80/100\n|move|p2a: Orthworm|Heavy Slam|p1b: Sinistcha\n|-damage|p1b: Sinistcha|65/100\n|\n|-weather|Snowscape|[upkeep]\n|-heal|p1b: Sinistcha|71/100|[from] item: Leftovers\n|upkeep\n|turn|9\n|-message|tytiago forfeited.\n|\n|win|Kalaphant\n|raw|Kalaphant's rating: 1179 &rarr; <strong>1204</strong><br />(+25 for winning)\n|raw|tytiago's rating: 1183 &rarr; <strong>1158</strong><br />(-25 for losing)\n",
  "uploadtime": 1776380806,
  "views": 17,
  "formatid": "gen9championsvgc2026regma",
  "rating": 1158,
  "private": 0,
  "password": null
}