{
  "id": "gen9championsvgc2026regma-2583532222",
  "format": "[Gen 9 Champions] VGC 2026 Reg M-A",
  "players": [
    "firebird97631",
    "silvrvolt"
  ],
  "log": "|j|\u2606firebird97631\n|j|\u2606silvrvolt\n|html|<table width=\"100%\"><tr><td align=\"left\">firebird97631</td><td align=\"right\">silvrvolt</tr><tr><td align=\"left\"><i class=\"fa fa-circle\"></i> <i class=\"fa fa-circle-o\"></i> </td><td align=\"right\"><i class=\"fa fa-circle-o\"></i> <i class=\"fa fa-circle-o\"></i> </tr></table>\n|uhtml|bestof|<h2><strong>Game 2</strong> of <a href=\"/game-bestof3-gen9championsvgc2026regma-2583528334\">a best-of-3</a></h2>\n|t:|1776181594\n|gametype|doubles\n|player|p1|firebird97631|169|\n|player|p2|silvrvolt|2|\n|gen|9\n|tier|[Gen 9 Champions] VGC 2026 Reg M-A\n|rule|Species Clause: Limit one of each Pok\u00e9mon\n|rule|Item Clause: Limit 1 of each item\n|raw|<div class=\"infobox\"><details class=\"readmore\" open><summary><strong>1 custom rule:</strong></summary> Best of = 3</details></div>\n|clearpoke\n|poke|p1|Delphox, L50, F|\n|poke|p1|Incineroar, L50, F|\n|poke|p1|Dragonite, L50, F|\n|poke|p1|Whimsicott, L50, M|\n|poke|p1|Flapple, L50, M|\n|poke|p1|Blastoise, L50, M|\n|poke|p2|Serperior, L50, F|\n|poke|p2|Gliscor, L50, F|\n|poke|p2|Charizard, L50, M|\n|poke|p2|Azumarill, L50, F|\n|poke|p2|Archaludon, L50, F|\n|poke|p2|Raichu, L50, M|\n|teampreview|4\nfirebird97631 rejected open team sheets.\n|\n|t:|1776181620\n|teamsize|p1|4\n|teamsize|p2|4\n|start\n|switch|p1a: Flapple|Flapple, L50, M, shiny|100/100\n|switch|p1b: Incineroar|Incineroar, L50, F, shiny|100/100\n|switch|p2a: Serperior|Serperior, L50, F|100/100\n|switch|p2b: Gliscor|Gliscor, L50, F, shiny|100/100\n|-ability|p1b: Incineroar|Intimidate|boost\n|-boost|p2a: Serperior|atk|1\n|-fail|p2b: Gliscor|unboost|Attack|[from] ability: Hyper Cutter|[of] p2b: Gliscor\n|turn|1\n|\n|t:|1776181638\n|move|p2b: Gliscor|Protect|p2b: Gliscor\n|-singleturn|p2b: Gliscor|Protect\n|move|p1b: Incineroar|Fake Out|p2b: Gliscor\n|-activate|p2b: Gliscor|move: Protect\n|move|p2a: Serperior|Glare|p1b: Incineroar\n|-status|p1b: Incineroar|par\n|move|p1a: Flapple|Acrobatics|p2a: Serperior\n|-supereffective|p2a: Serperior|1\n|-damage|p2a: Serperior|0 fnt\n|faint|p2a: Serperior\n|\n|upkeep\n|\n|t:|1776181651\n|switch|p2a: Azumarill|Azumarill, L50, F, shiny|100/100\n|turn|2\n|\n|t:|1776181669\n|move|p2a: Azumarill|Aqua Jet|p1b: Incineroar\n|-supereffective|p1b: Incineroar|1\n|-damage|p1b: Incineroar|57/100 par\n|move|p2b: Gliscor|Swords Dance|p2b: Gliscor\n|-boost|p2b: Gliscor|atk|2\n|move|p1a: Flapple|Grav Apple|p2a: Azumarill\n|-supereffective|p2a: Azumarill|1\n|-damage|p2a: Azumarill|0 fnt\n|faint|p2a: Azumarill\n|cant|p1b: Incineroar|par\n|\n|upkeep\n|\n|t:|1776181682\n|switch|p2a: Charizard|Charizard, L50, M|100/100\n|turn|3\n|\n|t:|1776181708\n|detailschange|p2a: Charizard|Charizard-Mega-Y, L50, M\n|-mega|p2a: Charizard|Charizard|Charizardite Y\n|-weather|SunnyDay|[from] ability: Drought|[of] p2a: Charizard\n|move|p1a: Flapple|Sucker Punch|p2a: Charizard|[miss]\n|-miss|p1a: Flapple|p2a: Charizard\n|move|p2b: Gliscor|Earthquake|p1a: Flapple|[spread] p1a,p1b\n|-immune|p2a: Charizard\n|-resisted|p1a: Flapple|1\n|-supereffective|p1b: Incineroar|1\n|-damage|p1a: Flapple|52/100\n|-damage|p1b: Incineroar|0 fnt\n|faint|p1b: Incineroar\n|move|p2a: Charizard|Heat Wave|p1a: Flapple\n|-damage|p1a: Flapple|0 fnt\n|faint|p1a: Flapple\n|\n|-weather|SunnyDay|[upkeep]\n|upkeep\n|\n|t:|1776181725\n|switch|p1a: Blastoise|Blastoise, L50, M|100/100\n|switch|p1b: Dragonite|Dragonite, L50, F, shiny|100/100\n|turn|4\n|-activate|p2b: Gliscor|item: Quick Claw\n|\n|t:|1776181747\n|move|p2b: Gliscor|Protect|p2b: Gliscor\n|-singleturn|p2b: Gliscor|Protect\n|move|p2a: Charizard|Dragon Dance|p2a: Charizard\n|-boost|p2a: Charizard|atk|1\n|-boost|p2a: Charizard|spe|1\n|move|p1b: Dragonite|Ice Spinner|p2b: Gliscor\n|-activate|p2b: Gliscor|move: Protect\n|move|p1a: Blastoise|Shell Smash|p1a: Blastoise\n|-unboost|p1a: Blastoise|def|1\n|-unboost|p1a: Blastoise|spd|1\n|-boost|p1a: Blastoise|atk|2\n|-boost|p1a: Blastoise|spa|2\n|-boost|p1a: Blastoise|spe|2\n|\n|-weather|SunnyDay|[upkeep]\n|upkeep\n|turn|5\n|\n|t:|1776181773\n|move|p2a: Charizard|Heat Wave|p1b: Dragonite|[spread] p1a,p1b\n|-resisted|p1a: Blastoise|1\n|-resisted|p1b: Dragonite|1\n|-damage|p1a: Blastoise|56/100\n|-damage|p1b: Dragonite|82/100\n|move|p1a: Blastoise|Surf|p2a: Charizard|[spread] p1b,p2a,p2b\n|-resisted|p1b: Dragonite|1\n|-supereffective|p2a: Charizard|1\n|-supereffective|p2b: Gliscor|1\n|-damage|p1b: Dragonite|69/100\n|-damage|p2a: Charizard|46/100\n|-damage|p2b: Gliscor|19/100\n|move|p2b: Gliscor|Earthquake|p1a: Blastoise|[spread] p1a\n|-immune|p2a: Charizard\n|-immune|p1b: Dragonite\n|-damage|p1a: Blastoise|0 fnt\n|faint|p1a: Blastoise\n|move|p1b: Dragonite|Ice Spinner|p2b: Gliscor\n|-supereffective|p2b: Gliscor|2\n|-damage|p2b: Gliscor|0 fnt\n|faint|p2b: Gliscor\n|\n|-weather|SunnyDay|[upkeep]\n|upkeep\n|turn|6\n|\n|t:|1776181797\n|move|p2a: Charizard|Ancient Power|p1b: Dragonite\n|-supereffective|p1b: Dragonite|1\n|-damage|p1b: Dragonite|18/100\n|move|p1b: Dragonite|Waterfall|p2a: Charizard\n|-supereffective|p2a: Charizard|1\n|-damage|p2a: Charizard|16/100\n|\n|-weather|SunnyDay|[upkeep]\n|upkeep\n|turn|7\n|\n|t:|1776181808\n|move|p1b: Dragonite|Extreme Speed|p2a: Charizard\n|-damage|p2a: Charizard|0 fnt\n|faint|p2a: Charizard\n|\n|win|firebird97631\n|l|\u2606silvrvolt\n|player|p2|\n",
  "uploadtime": 1776181819,
  "views": 20,
  "formatid": "gen9championsvgc2026regma",
  "rating": null,
  "private": 0,
  "password": null
}