{
  "id": "gen9championsvgc2026regma-2581593108",
  "format": "[Gen 9 Champions] VGC 2026 Reg M-A",
  "players": [
    "Greedy_eb",
    "somebirdgal"
  ],
  "log": "|j|\u2606Greedy_eb\n|j|\u2606somebirdgal\n|t:|1776013579\n|gametype|doubles\n|player|p1|Greedy_eb|#ltwcussouth|1123\n|player|p2|somebirdgal|caitlin|1154\n|gen|9\n|tier|[Gen 9 Champions] VGC 2026 Reg M-A\n|rated|\n|rule|Species Clause: Limit one of each Pok\u00e9mon\n|rule|Item Clause: Limit 1 of each item\n|clearpoke\n|poke|p1|Tyranitar, L50, M|\n|poke|p1|Gyarados, L50, M|\n|poke|p1|Gardevoir, L50, M|\n|poke|p1|Excadrill, L50, M|\n|poke|p1|Sinistcha, L50|\n|poke|p1|Rotom-Heat, L50|\n|poke|p2|Sneasler, L50, F|\n|poke|p2|Kingambit, L50, F|\n|poke|p2|Basculegion, L50, M|\n|poke|p2|Delphox, L50, F|\n|poke|p2|Clefable, L50, F|\n|poke|p2|Torkoal, L50, F|\n|teampreview|4\nGreedy_eb has agreed to open team sheets.\n|\n|t:|1776013616\n|teamsize|p1|4\n|teamsize|p2|4\n|start\n|switch|p1a: Rotom|Rotom-Heat, L50|100/100\n|switch|p1b: Sinistcha|Sinistcha, L50|100/100\n|switch|p2a: Kingambit|Kingambit, L50, F|100/100\n|switch|p2b: Sneasler|Sneasler, L50, F|100/100\n|turn|1\n|\n|t:|1776013640\n|move|p1a: Rotom|Overheat|p2a: Kingambit\n|-supereffective|p2a: Kingambit|1\n|-damage|p2a: Kingambit|0 fnt\n|-unboost|p1a: Rotom|spa|2\n|faint|p2a: Kingambit\n|move|p2b: Sneasler|Dire Claw|p1a: Rotom\n|-damage|p1a: Rotom|50/100\n|-status|p1a: Rotom|psn\n|move|p1b: Sinistcha|Trick Room|p1b: Sinistcha\n|-fieldstart|move: Trick Room|[of] p1b: Sinistcha\n|\n|-damage|p1a: Rotom|39/100 psn|[from] psn\n|upkeep\n|\n|t:|1776013652\n|switch|p2a: Torkoal|Torkoal, L50, F|100/100\n|-weather|SunnyDay|[from] ability: Drought|[of] p2a: Torkoal\n|turn|2\n|-activate|p2a: Torkoal|item: Quick Claw\n|\n|t:|1776013672\n|switch|p1b: Gyarados|Gyarados, L50, M|100/100\n|-ability|p1b: Gyarados|Intimidate|boost\n|-unboost|p2a: Torkoal|atk|1\n|-unboost|p2b: Sneasler|atk|1\n|-enditem|p2b: Sneasler|White Herb\n|-clearnegativeboost|p2b: Sneasler|[silent]\n|move|p2a: Torkoal|Eruption|p1b: Gyarados|[spread] p1a,p1b\n|-resisted|p1a: Rotom|1\n|-resisted|p1b: Gyarados|1\n|-damage|p1a: Rotom|0 fnt\n|-damage|p1b: Gyarados|75/100\n|faint|p1a: Rotom\n|move|p2b: Sneasler|Dire Claw|p1b: Gyarados\n|-damage|p1b: Gyarados|36/100\n|\n|-weather|SunnyDay|[upkeep]\n|-heal|p1b: Gyarados|42/100|[from] item: Leftovers\n|upkeep\n|\n|t:|1776013692\n|switch|p1a: Gardevoir|Gardevoir, L50, M|100/100\n|turn|3\n|\n|t:|1776013705\n|detailschange|p1a: Gardevoir|Gardevoir-Mega, L50, M\n|-mega|p1a: Gardevoir|Gardevoir|Gardevoirite\n|move|p2a: Torkoal|Eruption|p1a: Gardevoir|[spread] p1a,p1b\n|-resisted|p1b: Gyarados|1\n|-damage|p1a: Gardevoir|40/100\n|-damage|p1b: Gyarados|14/100\n|move|p1b: Gyarados|Waterfall|p2a: Torkoal\n|-supereffective|p2a: Torkoal|1\n|-damage|p2a: Torkoal|73/100\n|move|p1a: Gardevoir|Psyshock|p2b: Sneasler\n|-supereffective|p2b: Sneasler|2\n|-damage|p2b: Sneasler|0 fnt\n|faint|p2b: Sneasler\n|\n|-weather|SunnyDay|[upkeep]\n|-heal|p1b: Gyarados|20/100|[from] item: Leftovers\n|upkeep\n|\n|t:|1776013715\n|switch|p2b: Delphox|Delphox, L50, F|100/100\n|turn|4\n|\n|t:|1776013735\n|switch|p1b: Sinistcha|Sinistcha, L50|100/100\n|-heal|p1a: Gardevoir|64/100|[from] ability: Hospitality|[of] p1b: Sinistcha\n|move|p1a: Gardevoir|Protect|p1a: Gardevoir\n|-singleturn|p1a: Gardevoir|Protect\n|move|p2b: Delphox|Protect|p2b: Delphox\n|-singleturn|p2b: Delphox|Protect\n|move|p2a: Torkoal|Eruption|p1a: Gardevoir|[spread] p1b\n|-activate|p1a: Gardevoir|move: Protect\n|-supereffective|p1b: Sinistcha|1\n|-damage|p1b: Sinistcha|0 fnt\n|faint|p1b: Sinistcha\n|\n|-weather|SunnyDay|[upkeep]\n|upkeep\n|\n|t:|1776013748\n|switch|p1b: Gyarados|Gyarados, L50, M|20/100\n|-ability|p1b: Gyarados|Intimidate|boost\n|-unboost|p2a: Torkoal|atk|1\n|-unboost|p2b: Delphox|atk|1\n|turn|5\n|-activate|p2a: Torkoal|item: Quick Claw\n|\n|t:|1776013777\n|detailschange|p2b: Delphox|Delphox-Mega, L50, F\n|-mega|p2b: Delphox|Delphox|Delphoxite\n|move|p2a: Torkoal|Eruption|p1a: Gardevoir|[spread] p1a,p1b\n|-resisted|p1b: Gyarados|1\n|-damage|p1a: Gardevoir|25/100\n|-damage|p1b: Gyarados|0 fnt\n|faint|p1b: Gyarados\n|move|p1a: Gardevoir|Calm Mind|p1a: Gardevoir\n|-boost|p1a: Gardevoir|spa|1\n|-boost|p1a: Gardevoir|spd|1\n|move|p2b: Delphox|Heat Wave|p1a: Gardevoir|[miss]\n|-miss|p2b: Delphox|p1a: Gardevoir\n|\n|-weather|SunnyDay|[upkeep]\n|-fieldend|move: Trick Room\n|upkeep\n|turn|6\n|\n|t:|1776013792\n|move|p2a: Torkoal|Helping Hand|p2b: Delphox\n|-singleturn|p2b: Delphox|Helping Hand|[of] p2a: Torkoal\n|move|p1a: Gardevoir|Protect|p1a: Gardevoir\n|-singleturn|p1a: Gardevoir|Protect\n|move|p2b: Delphox|Heat Wave|p1a: Gardevoir\n|-activate|p1a: Gardevoir|move: Protect\n|\n|-weather|none\n|upkeep\n|turn|7\n|\n|t:|1776013801\n|move|p2a: Torkoal|Helping Hand|p2b: Delphox\n|-singleturn|p2b: Delphox|Helping Hand|[of] p2a: Torkoal\n|move|p2b: Delphox|Heat Wave|p1a: Gardevoir\n|-damage|p1a: Gardevoir|0 fnt\n|faint|p1a: Gardevoir\n|\n|win|somebirdgal\n|raw|Greedy_eb's rating: 1123 &rarr; <strong>1100</strong><br />(-23 for losing)\n|raw|somebirdgal's rating: 1154 &rarr; <strong>1177</strong><br />(+23 for winning)\n",
  "uploadtime": 1776013807,
  "views": 25,
  "formatid": "gen9championsvgc2026regma",
  "rating": 1100,
  "private": 0,
  "password": null
}