{
  "id": "gen9championsvgc2026regma-2581090138",
  "format": "[Gen 9 Champions] VGC 2026 Reg M-A",
  "players": [
    "DesiredFood",
    "PreAlpha7"
  ],
  "log": "|j|\u2606DesiredFood\n|j|\u2606PreAlpha7\n|t:|1775958892\n|gametype|doubles\n|player|p1|DesiredFood|cynthia-anime|1077\n|player|p2|PreAlpha7|hugh|1000\n|gen|9\n|tier|[Gen 9 Champions] VGC 2026 Reg M-A\n|rated|\n|rule|Species Clause: Limit one of each Pok\u00e9mon\n|rule|Item Clause: Limit 1 of each item\n|clearpoke\n|poke|p1|Pelipper, L50, M|\n|poke|p1|Archaludon, L50, M|\n|poke|p1|Sinistcha, L50|\n|poke|p1|Feraligatr, L50, M|\n|poke|p1|Chesnaught, L50, M|\n|poke|p1|Incineroar, L50, M|\n|poke|p2|Tyranitar, L50, F|\n|poke|p2|Corviknight, L50, F|\n|poke|p2|Excadrill, L50, M|\n|poke|p2|Sinistcha, L50|\n|poke|p2|Incineroar, L50, M|\n|poke|p2|Primarina, L50, M|\n|teampreview|4\n|inactive|Battle timer is ON: inactive players will automatically lose when time's up. (requested by PreAlpha7)\n|j| GermaSperm\n|inactive|DesiredFood has 60 seconds left.\n|inactive|PreAlpha7 has 60 seconds left.\n|inactive|DesiredFood has 30 seconds left.\n|inactive|DesiredFood has 20 seconds left.\n|inactive|DesiredFood has 15 seconds left.\n|\n|t:|1775958971\n|teamsize|p1|4\n|teamsize|p2|4\n|start\n|switch|p1a: Pelipper|Pelipper, L50, M, shiny|100/100\n|switch|p1b: Feraligatr|Feraligatr, L50, M, shiny|100/100\n|switch|p2a: Tyranitar|Tyranitar, L50, F|100/100\n|switch|p2b: Excadrill|Excadrill, L50, M|100/100\n|-weather|RainDance|[from] ability: Drizzle|[of] p1a: Pelipper\n|-weather|Sandstorm|[from] ability: Sand Stream|[of] p2a: Tyranitar\n|turn|1\n|inactive|PreAlpha7 has 30 seconds left.\n|\n|t:|1775958996\n|switch|p1a: Sinistcha|Sinistcha, L50|100/100\n|detailschange|p1b: Feraligatr|Feraligatr-Mega, L50, M, shiny\n|-mega|p1b: Feraligatr|Feraligatr|Feraligite\n|move|p2b: Excadrill|Stomping Tantrum|p1b: Feraligatr\n|-damage|p1b: Feraligatr|69/100\n|move|p1b: Feraligatr|Liquidation|p2a: Tyranitar\n|-supereffective|p2a: Tyranitar|1\n|-damage|p2a: Tyranitar|16/100\n|move|p2a: Tyranitar|Rock Slide|p1b: Feraligatr|[spread] p1a,p1b\n|-damage|p1a: Sinistcha|71/100\n|-damage|p1b: Feraligatr|46/100\n|\n|-weather|Sandstorm|[upkeep]\n|-damage|p1b: Feraligatr|40/100|[from] Sandstorm\n|-damage|p1a: Sinistcha|65/100|[from] Sandstorm\n|upkeep\n|turn|2\n|inactive|DesiredFood has 30 seconds left.\n|inactive|PreAlpha7 has 30 seconds left.\n|\n|t:|1775959029\n|switch|p2a: Primarina|Primarina, L50, M|100/100\n|move|p2b: Excadrill|Stomping Tantrum|p1b: Feraligatr\n|-damage|p1b: Feraligatr|5/100\n|move|p1b: Feraligatr|Liquidation|p2b: Excadrill\n|-supereffective|p2b: Excadrill|1\n|-enditem|p2b: Excadrill|Focus Sash\n|-damage|p2b: Excadrill|1/100\n|move|p1a: Sinistcha|Matcha Gotcha|p2a: Primarina|[spread] p2a,p2b\n|-supereffective|p2a: Primarina|1\n|-damage|p2a: Primarina|59/100\n|-heal|p1a: Sinistcha|85/100|[from] drain|[of] p2a: Primarina\n|-damage|p2b: Excadrill|0 fnt\n|-heal|p1a: Sinistcha|86/100|[from] drain|[of] p2b: Excadrill\n|faint|p2b: Excadrill\n|\n|-weather|Sandstorm|[upkeep]\n|-damage|p2a: Primarina|53/100|[from] Sandstorm\n|-damage|p1b: Feraligatr|0 fnt|[from] Sandstorm\n|-damage|p1a: Sinistcha|80/100|[from] Sandstorm\n|faint|p1b: Feraligatr\n|upkeep\n|\n|t:|1775959051\n|switch|p2b: Lady Bird|Corviknight, L50, F|100/100\n|switch|p1b: Archaludon|Archaludon, L50, M|100/100\n|turn|3\n|\n|t:|1775959073\n|switch|p1a: Pelipper|Pelipper, L50, M, shiny|100/100\n|-weather|RainDance|[from] ability: Drizzle|[of] p1a: Pelipper\n|switch|p2b: Tyranitar|Tyranitar, L50, F|16/100\n|-weather|Sandstorm|[from] ability: Sand Stream|[of] p2b: Tyranitar\n|move|p2a: Primarina|Moonblast|p1b: Archaludon\n|-damage|p1b: Archaludon|39/100\n|-ability|p1b: Archaludon|Stamina|boost\n|-boost|p1b: Archaludon|def|1\n|move|p1b: Archaludon|Electro Shot||[still]\n|-prepare|p1b: Archaludon|Electro Shot\n|-boost|p1b: Archaludon|spa|1\n|\n|-weather|Sandstorm|[upkeep]\n|-damage|p1a: Pelipper|95/100|[from] Sandstorm\n|-damage|p2a: Primarina|47/100|[from] Sandstorm\n|upkeep\n|turn|4\n|inactive|DesiredFood has 30 seconds left.\n|\n|t:|1775959098\n|detailschange|p2b: Tyranitar|Tyranitar-Mega, L50, F\n|-mega|p2b: Tyranitar|Tyranitar|Tyranitarite\n|move|p2b: Tyranitar|Rock Slide|p1b: Archaludon|[spread] p1a,p1b\n|-supereffective|p1a: Pelipper|1\n|-resisted|p1b: Archaludon|1\n|-damage|p1a: Pelipper|7/100\n|-damage|p1b: Archaludon|31/100\n|-ability|p1b: Archaludon|Stamina|boost\n|-boost|p1b: Archaludon|def|1\n|move|p1a: Pelipper|Tailwind|p1a: Pelipper\n|-sidestart|p1: DesiredFood|move: Tailwind\n|cant|p1b: Archaludon|flinch\n|move|p2a: Primarina|Moonblast|p1b: Archaludon\n|-damage|p1b: Archaludon|0 fnt\n|faint|p1b: Archaludon\n|\n|-weather|Sandstorm|[upkeep]\n|-damage|p1a: Pelipper|1/100|[from] Sandstorm\n|-damage|p2a: Primarina|41/100|[from] Sandstorm\n|upkeep\n|\n|t:|1775959109\n|switch|p1b: Sinistcha|Sinistcha, L50|80/100\n|-heal|p1a: Pelipper|26/100|[from] ability: Hospitality|[of] p1b: Sinistcha\n|turn|5\n|\n|t:|1775959126\n|move|p1a: Pelipper|Protect|p1a: Pelipper\n|-singleturn|p1a: Pelipper|Protect\n|move|p1b: Sinistcha|Matcha Gotcha|p2a: Primarina|[spread] p2b\n|-miss|p1b: Sinistcha|p2a: Primarina\n|-supereffective|p2b: Tyranitar|1\n|-damage|p2b: Tyranitar|0 fnt\n|-heal|p1b: Sinistcha|88/100|[from] drain|[of] p2b: Tyranitar\n|faint|p2b: Tyranitar\n|move|p2a: Primarina|Moonblast|p1b: Sinistcha\n|-damage|p1b: Sinistcha|42/100\n|-enditem|p1b: Sinistcha|Sitrus Berry|[eat]\n|-heal|p1b: Sinistcha|67/100|[from] item: Sitrus Berry\n|\n|-weather|Sandstorm|[upkeep]\n|-damage|p1a: Pelipper|20/100|[from] Sandstorm\n|-damage|p1b: Sinistcha|61/100|[from] Sandstorm\n|-damage|p2a: Primarina|35/100|[from] Sandstorm\n|upkeep\n|\n|t:|1775959135\n|switch|p2b: Lady Bird|Corviknight, L50, F|100/100\n|turn|6\n|\n|t:|1775959149\n|move|p2a: Primarina|Protect|p2a: Primarina\n|-singleturn|p2a: Primarina|Protect\n|move|p1a: Pelipper|Weather Ball|p2a: Primarina\n|-activate|p2a: Primarina|move: Protect\n|move|p1b: Sinistcha|Matcha Gotcha|p2b: Lady Bird|[spread] \n|-activate|p2a: Primarina|move: Protect\n|-miss|p1b: Sinistcha|p2b: Lady Bird\n|move|p2b: Lady Bird|Brave Bird|p1a: Pelipper\n|-damage|p1a: Pelipper|0 fnt\n|faint|p1a: Pelipper\n|-damage|p2b: Lady Bird|96/100|[from] Recoil\n|\n|-weather|Sandstorm|[upkeep]\n|-damage|p1b: Sinistcha|54/100|[from] Sandstorm\n|-damage|p2a: Primarina|30/100|[from] Sandstorm\n|-heal|p2b: Lady Bird|100/100|[from] item: Leftovers\n|upkeep\n|turn|7\n|\n|t:|1775959167\n|move|p1b: Sinistcha|Matcha Gotcha|p2a: Primarina|[spread] p2a,p2b\n|-supereffective|p2a: Primarina|1\n|-resisted|p2b: Lady Bird|2\n|-damage|p2a: Primarina|0 fnt\n|-heal|p1b: Sinistcha|68/100|[from] drain|[of] p2a: Primarina\n|-damage|p2b: Lady Bird|95/100\n|-heal|p1b: Sinistcha|72/100|[from] drain|[of] p2b: Lady Bird\n|faint|p2a: Primarina\n|move|p2b: Lady Bird|Brave Bird|p1b: Sinistcha\n|-supereffective|p1b: Sinistcha|1\n|-crit|p1b: Sinistcha\n|-damage|p1b: Sinistcha|0 fnt\n|faint|p1b: Sinistcha\n|-damage|p2b: Lady Bird|75/100|[from] Recoil\n|\n|win|PreAlpha7\n|raw|DesiredFood's rating: 1077 &rarr; <strong>1051</strong><br />(-26 for losing)\n|raw|PreAlpha7's rating: 1000 &rarr; <strong>1049</strong><br />(+49 for winning)\n|l|\u2606DesiredFood\n|player|p1|\n",
  "uploadtime": 1775959188,
  "views": 12,
  "formatid": "gen9championsvgc2026regma",
  "rating": 1049,
  "private": 0,
  "password": null
}