{
  "id": "gen9championsvgc2026regma-2584967138",
  "format": "[Gen 9 Champions] VGC 2026 Reg M-A",
  "players": [
    "bianxiaoshuli",
    "rgeee"
  ],
  "log": "|j|\u2606bianxiaoshuli\n|j|\u2606rgeee\n|t:|1776298991\n|gametype|doubles\n|player|p1|bianxiaoshuli|265|1137\n|player|p2|rgeee|1|1225\n|gen|9\n|tier|[Gen 9 Champions] VGC 2026 Reg M-A\n|rated|\n|rule|Species Clause: Limit one of each Pok\u00e9mon\n|rule|Item Clause: Limit 1 of each item\n|clearpoke\n|poke|p1|Aerodactyl, L50, M|\n|poke|p1|Floette-Eternal, L50, F|\n|poke|p1|Incineroar, L50, M|\n|poke|p1|Sinistcha, L50|\n|poke|p1|Kingambit, L50, F|\n|poke|p1|Sneasler, L50, M|\n|poke|p2|Camerupt, L50, F|\n|poke|p2|Cofagrigus, L50, F|\n|poke|p2|Torkoal, L50, M|\n|poke|p2|Dragapult, L50, F|\n|poke|p2|Farigiraf, L50, F|\n|poke|p2|Kangaskhan, L50, F|\n|teampreview|4\n|\n|t:|1776299033\n|teamsize|p1|4\n|teamsize|p2|4\n|start\n|switch|p1a: Kingambit|Kingambit, L50, F|100/100\n|switch|p1b: Floette|Floette-Eternal, L50, F|100/100\n|switch|p2a: Farigiraf|Farigiraf, L50, F|100/100\n|switch|p2b: Dragapult|Dragapult, L50, F|100/100\n|turn|1\n|\n|t:|1776299046\n|move|p2b: Dragapult|Steel Wing|p1b: Floette\n|-supereffective|p1b: Floette|1\n|-damage|p1b: Floette|37/100\n|move|p1b: Floette|Calm Mind|p1b: Floette\n|-boost|p1b: Floette|spa|1\n|-boost|p1b: Floette|spd|1\n|move|p1a: Kingambit|Kowtow Cleave|p2a: Farigiraf\n|-supereffective|p2a: Farigiraf|1\n|-damage|p2a: Farigiraf|0 fnt\n|faint|p2a: Farigiraf\n|\n|upkeep\n|\n|t:|1776299055\n|switch|p2a: Torkoal|Torkoal, L50, M|100/100\n|-weather|SunnyDay|[from] ability: Drought|[of] p2a: Torkoal\n|turn|2\n|\n|t:|1776299074\n|detailschange|p1b: Floette|Floette-Mega, L50, F\n|-mega|p1b: Floette|Floette|Floettite\n|-ability|p1b: Floette|Fairy Aura\n|move|p1a: Kingambit|Sucker Punch|p2b: Dragapult\n|-supereffective|p2b: Dragapult|1\n|-enditem|p2b: Dragapult|Focus Sash\n|-damage|p2b: Dragapult|1/100\n|move|p2b: Dragapult|Phantom Force||[still]\n|-prepare|p2b: Dragapult|Phantom Force\n|move|p1b: Floette|Dazzling Gleam|p2a: Torkoal|[spread] p2a\n|-miss|p1b: Floette|p2b: Dragapult\n|-resisted|p2a: Torkoal|1\n|-damage|p2a: Torkoal|56/100\n|move|p2a: Torkoal|Heat Wave|p1b: Floette|[spread] p1a\n|-miss|p2a: Torkoal|p1b: Floette\n|-supereffective|p1a: Kingambit|1\n|-damage|p1a: Kingambit|0 fnt\n|faint|p1a: Kingambit\n|\n|-weather|SunnyDay|[upkeep]\n|upkeep\n|\n|t:|1776299087\n|switch|p1a: Sinistcha|Sinistcha, L50|100/100\n|-heal|p1b: Floette|62/100|[from] ability: Hospitality|[of] p1a: Sinistcha\n|turn|3\n|\n|t:|1776299097\n|move|p1a: Sinistcha|Rage Powder|p1a: Sinistcha\n|-singleturn|p1a: Sinistcha|move: Rage Powder\n|move|p2b: Dragapult|Phantom Force|p1a: Sinistcha|[from] lockedmove\n|-supereffective|p1a: Sinistcha|1\n|-crit|p1a: Sinistcha\n|-damage|p1a: Sinistcha|0 fnt\n|faint|p1a: Sinistcha\n|move|p1b: Floette|Dazzling Gleam|p2b: Dragapult|[spread] p2a,p2b\n|-resisted|p2a: Torkoal|1\n|-supereffective|p2b: Dragapult|1\n|-damage|p2a: Torkoal|11/100\n|-damage|p2b: Dragapult|0 fnt\n|faint|p2b: Dragapult\n|move|p2a: Torkoal|Heat Wave|p1b: Floette\n|-damage|p1b: Floette|27/100\n|\n|-weather|SunnyDay|[upkeep]\n|upkeep\n|\n|t:|1776299104\n|switch|p2b: Kangaskhan|Kangaskhan, L50, F|100/100\n|switch|p1a: Incineroar|Incineroar, L50, M|100/100\n|-ability|p1a: Incineroar|Intimidate|boost\n|-unboost|p2a: Torkoal|atk|1\n|-unboost|p2b: Kangaskhan|atk|1\n|turn|4\n|\n|t:|1776299119\n|detailschange|p2b: Kangaskhan|Kangaskhan-Mega, L50, F\n|-mega|p2b: Kangaskhan|Kangaskhan|Kangaskhanite\n|move|p2a: Torkoal|Protect|p2a: Torkoal\n|-singleturn|p2a: Torkoal|Protect\n|move|p2b: Kangaskhan|Fake Out|p1b: Floette\n|-damage|p1b: Floette|13/100\n|-damage|p1b: Floette|10/100\n|-hitcount|p1b: Floette|2\n|move|p1a: Incineroar|Fake Out|p2a: Torkoal\n|-activate|p2a: Torkoal|move: Protect\n|cant|p1b: Floette|flinch\n|\n|-weather|SunnyDay|[upkeep]\n|upkeep\n|turn|5\n|\n|t:|1776299131\n|move|p1b: Floette|Protect|p1b: Floette\n|-singleturn|p1b: Floette|Protect\n|move|p2b: Kangaskhan|Sucker Punch||[still]\n|-fail|p2b: Kangaskhan\n|move|p1a: Incineroar|Darkest Lariat|p2a: Torkoal\n|-damage|p2a: Torkoal|0 fnt\n|faint|p2a: Torkoal\n|\n|-weather|SunnyDay|[upkeep]\n|upkeep\n|turn|6\n|\n|t:|1776299139\n|move|p2b: Kangaskhan|Sucker Punch|p1b: Floette\n|-resisted|p1b: Floette|1\n|-damage|p1b: Floette|2/100\n|-resisted|p1b: Floette|1\n|-damage|p1b: Floette|0 fnt\n|faint|p1b: Floette\n|-hitcount|p1: Floette|2\n|move|p1a: Incineroar|Flare Blitz|p2b: Kangaskhan\n|-damage|p2b: Kangaskhan|44/100\n|-damage|p1a: Incineroar|81/100|[from] Recoil\n|\n|-weather|none\n|upkeep\n|turn|7\n|\n|t:|1776299144\n|move|p2b: Kangaskhan|Drain Punch|p1a: Incineroar\n|-supereffective|p1a: Incineroar|1\n|-damage|p1a: Incineroar|51/100\n|-heal|p2b: Kangaskhan|58/100|[from] drain|[of] p1a: Incineroar\n|-supereffective|p1a: Incineroar|1\n|-damage|p1a: Incineroar|44/100\n|-heal|p2b: Kangaskhan|61/100|[from] drain|[of] p1a: Incineroar\n|-hitcount|p1a: Incineroar|2\n|move|p1a: Incineroar|Flare Blitz|p2b: Kangaskhan\n|-damage|p2b: Kangaskhan|26/100\n|-damage|p1a: Incineroar|32/100|[from] Recoil\n|\n|upkeep\n|turn|8\n|\n|t:|1776299152\n|move|p2b: Kangaskhan|Drain Punch|p1a: Incineroar\n|-supereffective|p1a: Incineroar|1\n|-damage|p1a: Incineroar|0 fnt\n|-heal|p2b: Kangaskhan|41/100|[from] drain|[of] p1a: Incineroar\n|faint|p1a: Incineroar\n|-hitcount|p1: Incineroar|1\n|\n|win|rgeee\n|raw|bianxiaoshuli's rating: 1137 &rarr; <strong>1118</strong><br />(-19 for losing)\n|raw|rgeee's rating: 1225 &rarr; <strong>1244</strong><br />(+19 for winning)\n",
  "uploadtime": 1776299156,
  "views": 26,
  "formatid": "gen9championsvgc2026regma",
  "rating": 1118,
  "private": 0,
  "password": null
}