{
  "id": "gen9championsvgc2026regma-2584501440",
  "format": "[Gen 9 Champions] VGC 2026 Reg M-A",
  "players": [
    "Rogart",
    "toyosa16"
  ],
  "log": "|j|\u2606Rogart\n|j|\u2606toyosa16\n|t:|1776265029\n|gametype|doubles\n|player|p1|Rogart|blue|1115\n|player|p2|toyosa16|169|1147\n|gen|9\n|tier|[Gen 9 Champions] VGC 2026 Reg M-A\n|rated|\n|rule|Species Clause: Limit one of each Pok\u00e9mon\n|rule|Item Clause: Limit 1 of each item\n|clearpoke\n|poke|p1|Froslass, L50, F|\n|poke|p1|Sneasler, L50, M|\n|poke|p1|Aerodactyl, L50, F|\n|poke|p1|Rotom-Mow, L50|\n|poke|p1|Garchomp, L50, M|\n|poke|p1|Incineroar, L50, F|\n|poke|p2|Golurk, L50|\n|poke|p2|Sinistcha-Masterpiece, L50|\n|poke|p2|Kingambit, L50, F|\n|poke|p2|Ampharos, L50, F|\n|poke|p2|Arcanine-Hisui, L50, F|\n|poke|p2|Quaquaval, L50, F|\n|teampreview|4\n|\n|t:|1776265101\n|teamsize|p1|4\n|teamsize|p2|4\n|start\n|switch|p1a: Aerodactyl|Aerodactyl, L50, F|100/100\n|switch|p1b: Incineroar|Incineroar, L50, F|100/100\n|switch|p2a: Arcanine|Arcanine-Hisui, L50, F|100/100\n|switch|p2b: Quaquaval|Quaquaval, L50, F|100/100\n|-ability|p1a: Aerodactyl|Unnerve\n|-ability|p2a: Arcanine|Intimidate|boost\n|-unboost|p1a: Aerodactyl|atk|1\n|-unboost|p1b: Incineroar|atk|1\n|-ability|p1b: Incineroar|Intimidate|boost\n|-unboost|p2a: Arcanine|atk|1\n|-unboost|p2b: Quaquaval|atk|1\n|turn|1\n|inactive|Battle timer is ON: inactive players will automatically lose when time's up. (requested by toyosa16)\n|\n|t:|1776265141\n|move|p2b: Quaquaval|Detect|p2b: Quaquaval\n|-singleturn|p2b: Quaquaval|Protect\n|move|p1b: Incineroar|Fake Out|p2b: Quaquaval\n|-activate|p2b: Quaquaval|move: Protect\n|move|p2a: Arcanine|Rock Slide|p1a: Aerodactyl|[spread] p1a,p1b\n|-supereffective|p1a: Aerodactyl|1\n|-supereffective|p1b: Incineroar|1\n|-damage|p1a: Aerodactyl|51/100\n|-damage|p1b: Incineroar|62/100\n|cant|p1a: Aerodactyl|flinch\n|\n|upkeep\n|turn|2\n|inactive|toyosa16 has 30 seconds left.\n|inactive|toyosa16 has 20 seconds left.\n|inactive|toyosa16 has 15 seconds left.\n|inactive|toyosa16 has 10 seconds left.\n|inactive|toyosa16 has 5 seconds left.\n|\n|t:|1776265191\n|move|p2a: Arcanine|Rock Slide|p1b: Incineroar|[spread] p1a\n|-miss|p2a: Arcanine|p1b: Incineroar\n|-supereffective|p1a: Aerodactyl|1\n|-damage|p1a: Aerodactyl|5/100\n|move|p1a: Aerodactyl|Tailwind|p1a: Aerodactyl\n|-sidestart|p1: Rogart|move: Tailwind\n|move|p1b: Incineroar|Parting Shot|p2b: Quaquaval\n|-unboost|p2b: Quaquaval|atk|1\n|-unboost|p2b: Quaquaval|spa|1\n|\n|t:|1776265206\n|switch|p1b: Sneasler|Sneasler, L50, M|100/100|[from] Parting Shot\n|move|p2b: Quaquaval|Aqua Step|p1a: Aerodactyl\n|-supereffective|p1a: Aerodactyl|1\n|-damage|p1a: Aerodactyl|0 fnt\n|-boost|p2b: Quaquaval|spe|1\n|faint|p1a: Aerodactyl\n|-ability|p2b: Quaquaval|Moxie|boost\n|-boost|p2b: Quaquaval|atk|1\n|\n|upkeep\n|\n|t:|1776265215\n|switch|p1a: Froslass|Froslass, L50, F|100/100\n|turn|3\n|inactive|toyosa16 has 30 seconds left.\n|inactive|toyosa16 has 20 seconds left.\n|inactive|toyosa16 has 15 seconds left.\n|inactive|toyosa16 has 10 seconds left.\n|inactive|toyosa16 has 5 seconds left.\n|\n|t:|1776265268\n|detailschange|p1a: Froslass|Froslass-Mega, L50, F\n|-mega|p1a: Froslass|Froslass|Froslassite\n|-weather|Snowscape|[from] ability: Snow Warning|[of] p1a: Froslass\n|move|p1b: Sneasler|Close Combat|p2a: Arcanine\n|-supereffective|p2a: Arcanine|1\n|-damage|p2a: Arcanine|0 fnt\n|-unboost|p1b: Sneasler|def|1\n|-unboost|p1b: Sneasler|spd|1\n|faint|p2a: Arcanine\n|-enditem|p1b: Sneasler|White Herb\n|-clearnegativeboost|p1b: Sneasler|[silent]\n|move|p1a: Froslass|Aurora Veil|p1a: Froslass\n|-sidestart|p1: Rogart|move: Aurora Veil\n|move|p2b: Quaquaval|Aqua Step|p1a: Froslass\n|-damage|p1a: Froslass|85/100\n|-boost|p2b: Quaquaval|spe|1\n|\n|-weather|Snowscape|[upkeep]\n|upkeep\n|inactive|toyosa16 has 30 seconds left.\n|\n|t:|1776265302\n|switch|p2a: Sinistcha|Sinistcha-Masterpiece, L50|100/100\n|turn|4\n|\n|t:|1776265322\n|move|p2a: Sinistcha|Protect|p2a: Sinistcha\n|-singleturn|p2a: Sinistcha|Protect\n|move|p1b: Sneasler|Acrobatics|p2b: Quaquaval\n|-supereffective|p2b: Quaquaval|1\n|-enditem|p2b: Quaquaval|Focus Sash\n|-damage|p2b: Quaquaval|1/100\n|move|p1a: Froslass|Blizzard|p2b: Quaquaval|[spread] p2b\n|-activate|p2a: Sinistcha|move: Protect\n|-resisted|p2b: Quaquaval|1\n|-damage|p2b: Quaquaval|0 fnt\n|faint|p2b: Quaquaval\n|\n|-weather|Snowscape|[upkeep]\n|upkeep\n|inactive|toyosa16 has 30 seconds left.\n|inactive|toyosa16 has 20 seconds left.\n|inactive|toyosa16 has 15 seconds left.\n|inactive|toyosa16 has 10 seconds left.\n|inactive|toyosa16 has 5 seconds left.\n|\n|t:|1776265378\n|switch|p2b: Golurk|Golurk, L50|100/100\n|turn|5\n|inactive|toyosa16 has 30 seconds left.\n|inactive|toyosa16 has 20 seconds left.\n|inactive|toyosa16 has 15 seconds left.\n|inactive|toyosa16 has 10 seconds left.\n|inactive|toyosa16 has 5 seconds left.\n|\n|t:|1776265433\n|move|p2a: Sinistcha|Protect|p2a: Sinistcha\n|-singleturn|p2a: Sinistcha|Protect\n|move|p2b: Golurk|Protect|p2b: Golurk\n|-singleturn|p2b: Golurk|Protect\n|move|p1b: Sneasler|Acrobatics|p2a: Sinistcha\n|-activate|p2a: Sinistcha|move: Protect\n|move|p1a: Froslass|Blizzard|p2a: Sinistcha|[spread] \n|-activate|p2a: Sinistcha|move: Protect\n|-activate|p2b: Golurk|move: Protect\n|\n|-weather|Snowscape|[upkeep]\n|-sideend|p1: Rogart|move: Tailwind\n|upkeep\n|turn|6\n|inactive|toyosa16 has 30 seconds left.\n|inactive|toyosa16 has 20 seconds left.\n|inactive|toyosa16 has 15 seconds left.\n|inactive|toyosa16 has 10 seconds left.\n|inactive|toyosa16 has 5 seconds left.\n|\n|t:|1776265488\n|move|p2a: Sinistcha|Protect||[still]\n|-fail|p2a: Sinistcha\n|move|p2b: Golurk|Protect||[still]\n|-fail|p2b: Golurk\n|move|p1b: Sneasler|Acrobatics|p2a: Sinistcha\n|-supereffective|p2a: Sinistcha|1\n|-damage|p2a: Sinistcha|26/100\n|move|p1a: Froslass|Aurora Veil||[still]\n|-fail|p1a: Froslass\n|\n|-weather|Snowscape|[upkeep]\n|upkeep\n|turn|7\n|inactive|toyosa16 has 30 seconds left.\n|inactive|toyosa16 has 20 seconds left.\n|inactive|toyosa16 has 15 seconds left.\n|inactive|toyosa16 has 10 seconds left.\n|inactive|toyosa16 has 5 seconds left.\n|\n|t:|1776265543\n|move|p2a: Sinistcha|Protect|p2a: Sinistcha\n|-singleturn|p2a: Sinistcha|Protect\n|move|p2b: Golurk|Protect|p2b: Golurk\n|-singleturn|p2b: Golurk|Protect\n|move|p1b: Sneasler|Acrobatics|p2b: Golurk\n|-activate|p2b: Golurk|move: Protect\n|move|p1a: Froslass|Blizzard|p2b: Golurk|[spread] \n|-activate|p2a: Sinistcha|move: Protect\n|-activate|p2b: Golurk|move: Protect\n|\n|-weather|none\n|-sideend|p1: Rogart|move: Aurora Veil\n|upkeep\n|turn|8\n|inactive|toyosa16 has 30 seconds left.\n|c|\u2606Rogart|brother\n|inactive|toyosa16 has 20 seconds left.\n|inactive|toyosa16 has 15 seconds left.\n|inactive|toyosa16 has 10 seconds left.\n|inactive|toyosa16 has 5 seconds left.\n|-message|toyosa16 lost due to inactivity.\n|\n|win|Rogart\n|raw|Rogart's rating: 1115 &rarr; <strong>1142</strong><br />(+27 for winning)\n|raw|toyosa16's rating: 1147 &rarr; <strong>1120</strong><br />(-27 for losing)\n",
  "uploadtime": 1776265643,
  "views": 22,
  "formatid": "gen9championsvgc2026regma",
  "rating": 1120,
  "private": 0,
  "password": null
}