{
  "id": "gen9championsvgc2026regma-2584807516",
  "format": "[Gen 9 Champions] VGC 2026 Reg M-A",
  "players": [
    "coberdt",
    "hybernation26"
  ],
  "log": "|j|\u2606coberdt\n|j|\u2606hybernation26\n|t:|1776285137\n|gametype|doubles\n|player|p1|coberdt|lebanne|1279\n|player|p2|hybernation26|1|1258\n|gen|9\n|tier|[Gen 9 Champions] VGC 2026 Reg M-A\n|rated|\n|rule|Species Clause: Limit one of each Pok\u00e9mon\n|rule|Item Clause: Limit 1 of each item\n|clearpoke\n|poke|p1|Pelipper, L50, M|\n|poke|p1|Archaludon, L50, F|\n|poke|p1|Incineroar, L50, M|\n|poke|p1|Sinistcha, L50|\n|poke|p1|Palafin, L50, M|\n|poke|p1|Gengar, L50, F|\n|poke|p2|Charizard, L50, M|\n|poke|p2|Whimsicott, L50, F|\n|poke|p2|Incineroar, L50, M|\n|poke|p2|Garchomp, L50, F|\n|poke|p2|Sneasler, L50, F|\n|poke|p2|Basculegion, L50, M|\n|teampreview|4\ncoberdt has agreed to open team sheets.\n|inactive|Battle timer is ON: inactive players will automatically lose when time's up. (requested by coberdt)\n|\n|t:|1776285172\n|teamsize|p1|4\n|teamsize|p2|4\n|start\n|switch|p1a: Palafin|Palafin, L50, M|100/100\n|switch|p1b: Gengar|Gengar, L50, F|100/100\n|switch|p2a: Basculegion|Basculegion, L50, M|100/100\n|switch|p2b: Garchomp|Garchomp, L50, F|100/100\n|turn|1\n|\n|t:|1776285197\n|detailschange|p1a: Palafin|Palafin-Hero, L50, M\n|switch|p1a: Incineroar|Incineroar, L50, M|100/100\n|-ability|p1a: Incineroar|Intimidate|boost\n|-unboost|p2a: Basculegion|atk|1\n|-unboost|p2b: Garchomp|atk|1\n|detailschange|p1b: Gengar|Gengar-Mega, L50, F\n|-mega|p1b: Gengar|Gengar|Gengarite\n|move|p1b: Gengar|Shadow Ball|p2a: Basculegion\n|-supereffective|p2a: Basculegion|1\n|-damage|p2a: Basculegion|0 fnt\n|faint|p2a: Basculegion\n|move|p2b: Garchomp|Dragon Claw|p1a: Incineroar\n|-damage|p1a: Incineroar|76/100\n|\n|upkeep\n|\n|t:|1776285211\n|switch|p2a: Charizard|Charizard, L50, M, shiny|100/100\n|turn|2\n|\n|t:|1776285231\n|detailschange|p2a: Charizard|Charizard-Mega-Y, L50, M, shiny\n|-mega|p2a: Charizard|Charizard|Charizardite Y\n|-weather|SunnyDay|[from] ability: Drought|[of] p2a: Charizard\n|move|p1b: Gengar|Protect|p1b: Gengar\n|-singleturn|p1b: Gengar|Protect\n|move|p2b: Garchomp|Earthquake|p1a: Incineroar|[spread] p1a\n|-activate|p1b: Gengar|move: Protect\n|-immune|p2a: Charizard\n|-supereffective|p1a: Incineroar|1\n|-damage|p1a: Incineroar|23/100\n|-enditem|p1a: Incineroar|Sitrus Berry|[eat]\n|-heal|p1a: Incineroar|48/100|[from] item: Sitrus Berry\n|move|p2a: Charizard|Weather Ball|p1b: Gengar\n|-activate|p1b: Gengar|move: Protect\n|move|p1a: Incineroar|Parting Shot|p2a: Charizard\n|-unboost|p2a: Charizard|atk|1\n|-unboost|p2a: Charizard|spa|1\n|\n|t:|1776285247\n|switch|p1a: Pelipper|Pelipper, L50, M|100/100|[from] Parting Shot\n|-weather|RainDance|[from] ability: Drizzle|[of] p1a: Pelipper\n|\n|-weather|RainDance|[upkeep]\n|upkeep\n|turn|3\n|\n|t:|1776285258\n|move|p1b: Gengar|Shadow Ball|p2b: Garchomp\n|-damage|p2b: Garchomp|45/100\n|move|p2b: Garchomp|Earthquake|p1a: Pelipper|[spread] p1b\n|-immune|p2a: Charizard\n|-immune|p1a: Pelipper\n|-supereffective|p1b: Gengar|1\n|-damage|p1b: Gengar|16/100\n|move|p2a: Charizard|Weather Ball|p1b: Gengar\n|-damage|p1b: Gengar|0 fnt\n|faint|p1b: Gengar\n|move|p1a: Pelipper|Weather Ball|p2a: Charizard\n|-supereffective|p2a: Charizard|1\n|-damage|p2a: Charizard|0 fnt\n|faint|p2a: Charizard\n|\n|-weather|RainDance|[upkeep]\n|upkeep\n|\n|t:|1776285274\n|switch|p1b: Incineroar|Incineroar, L50, M|48/100\n|switch|p2a: Whimsicott|Whimsicott, L50, F, shiny|100/100\n|-ability|p1b: Incineroar|Intimidate|boost\n|-unboost|p2a: Whimsicott|atk|1\n|-unboost|p2b: Garchomp|atk|1\n|turn|4\n|\n|t:|1776285289\n|move|p1b: Incineroar|Fake Out|p2a: Whimsicott\n|-damage|p2a: Whimsicott|84/100\n|cant|p2a: Whimsicott|flinch\n|move|p2b: Garchomp|Rock Slide|p1a: Pelipper|[spread] p1a,p1b\n|-supereffective|p1a: Pelipper|1\n|-supereffective|p1b: Incineroar|1\n|-damage|p1a: Pelipper|72/100\n|-damage|p1b: Incineroar|27/100\n|move|p1a: Pelipper|Hurricane|p2a: Whimsicott\n|-supereffective|p2a: Whimsicott|1\n|-damage|p2a: Whimsicott|0 fnt\n|faint|p2a: Whimsicott\n|\n|-weather|RainDance|[upkeep]\n|upkeep\n|turn|5\n|-message|hybernation26 forfeited.\n|\n|win|coberdt\n|raw|coberdt's rating: 1279 &rarr; <strong>1302</strong><br />(+23 for winning)\n|raw|hybernation26's rating: 1258 &rarr; <strong>1235</strong><br />(-23 for losing)\n|l|\u2606hybernation26\n|player|p2|\n",
  "uploadtime": 1776285309,
  "views": 66,
  "formatid": "gen9championsvgc2026regma",
  "rating": 1235,
  "private": 0,
  "password": null
}