{
  "id": "gen9championsvgc2026regma-2584811613",
  "format": "[Gen 9 Champions] VGC 2026 Reg M-A",
  "players": [
    "StellarMunchlax",
    "JCMT"
  ],
  "log": "|j|\u2606StellarMunchlax\n|j|\u2606JCMT\n|t:|1776285449\n|gametype|doubles\n|player|p1|StellarMunchlax|preschooler|1170\n|player|p2|JCMT|harlequin|1112\n|gen|9\n|tier|[Gen 9 Champions] VGC 2026 Reg M-A\n|rated|\n|rule|Species Clause: Limit one of each Pok\u00e9mon\n|rule|Item Clause: Limit 1 of each item\n|clearpoke\n|poke|p1|Ceruledge, L50, F|\n|poke|p1|Sinistcha-Masterpiece, L50|\n|poke|p1|Drampa, L50, F|\n|poke|p1|Incineroar, L50, M|\n|poke|p1|Feraligatr, L50, M|\n|poke|p1|Kingambit, L50, M|\n|poke|p2|Glimmora, L50, M|\n|poke|p2|Ditto, L50|\n|poke|p2|Maushold-Four, L50|\n|poke|p2|Aegislash, L50, M|\n|poke|p2|Kangaskhan, L50, F|\n|poke|p2|Sylveon, L50, F|\n|teampreview|4\n|inactive|Battle timer is ON: inactive players will automatically lose when time's up. (requested by JCMT)\n|c|\u2606JCMT|glhf\nJCMT has agreed to open team sheets.\n|inactive|StellarMunchlax has 60 seconds left.\n|inactive|JCMT has 60 seconds left.\n|\n|t:|1776285489\n|teamsize|p1|4\n|teamsize|p2|4\n|start\n|switch|p1a: Incineroar|Incineroar, L50, M|100/100\n|switch|p1b: Kingambit|Kingambit, L50, M|100/100\n|switch|p2a: Sylveon|Sylveon, L50, F, shiny|100/100\n|switch|p2b: Aegislash|Aegislash, L50, M|100/100\n|-ability|p1a: Incineroar|Intimidate|boost\n|-unboost|p2a: Sylveon|atk|1\n|-unboost|p2b: Aegislash|atk|1\n|-enditem|p2b: Aegislash|White Herb\n|-clearnegativeboost|p2b: Aegislash|[silent]\n|turn|1\n|\n|t:|1776285510\n|move|p2b: Aegislash|King's Shield|p2b: Aegislash\n|-singleturn|p2b: Aegislash|Protect\n|move|p2a: Sylveon|Protect|p2a: Sylveon\n|-singleturn|p2a: Sylveon|Protect\n|move|p1a: Incineroar|Fake Out|p2a: Sylveon\n|-activate|p2a: Sylveon|move: Protect\n|move|p1b: Kingambit|Kowtow Cleave|p2b: Aegislash\n|-activate|p2b: Aegislash|move: Protect\n|-unboost|p1b: Kingambit|atk|1\n|-ability|p1b: Kingambit|Defiant|boost\n|-boost|p1b: Kingambit|atk|2\n|\n|upkeep\n|turn|2\n|\n|t:|1776285531\n|-formechange|p2b: Aegislash|Aegislash-Blade|\n|move|p2b: Aegislash|Close Combat|p1b: Kingambit\n|-supereffective|p1b: Kingambit|2\n|-damage|p1b: Kingambit|0 fnt\n|-unboost|p2b: Aegislash|def|1\n|-unboost|p2b: Aegislash|spd|1\n|faint|p1b: Kingambit\n|move|p2a: Sylveon|Hyper Voice|p1a: Incineroar\n|-damage|p1a: Incineroar|42/100\n|-enditem|p1a: Incineroar|Sitrus Berry|[eat]\n|-heal|p1a: Incineroar|67/100|[from] item: Sitrus Berry\n|move|p1a: Incineroar|Parting Shot|p2a: Sylveon\n|-unboost|p2a: Sylveon|atk|1\n|-unboost|p2a: Sylveon|spa|1\n|\n|t:|1776285548\n|switch|p1a: Feraligatr|Feraligatr, L50, M|100/100|[from] Parting Shot\n|\n|upkeep\n|\n|t:|1776285552\n|switch|p1b: Incineroar|Incineroar, L50, M|67/100\n|-ability|p1b: Incineroar|Intimidate|boost\n|-unboost|p2a: Sylveon|atk|1\n|-unboost|p2b: Aegislash|atk|1\n|turn|3\n|\n|t:|1776285568\n|switch|p2a: Maushold|Maushold-Four, L50|100/100\n|-formechange|p2b: Aegislash|Aegislash|\n|move|p2b: Aegislash|King's Shield|p2b: Aegislash\n|-singleturn|p2b: Aegislash|Protect\n|move|p1b: Incineroar|Fake Out|p2a: Maushold\n|-damage|p2a: Maushold|83/100\n|move|p1a: Feraligatr|Swords Dance|p1a: Feraligatr\n|-boost|p1a: Feraligatr|atk|2\n|\n|upkeep\n|turn|4\n|\n|t:|1776285595\n|switch|p2b: Sylveon|Sylveon, L50, F, shiny|100/100\n|move|p2a: Maushold|Encore|p1a: Feraligatr\n|-start|p1a: Feraligatr|Encore\n|move|p1a: Feraligatr|Swords Dance|p1a: Feraligatr\n|-boost|p1a: Feraligatr|atk|2\n|move|p1b: Incineroar|Flare Blitz|p2b: Sylveon\n|-damage|p2b: Sylveon|44/100\n|-damage|p1b: Incineroar|48/100|[from] Recoil\n|\n|upkeep\n|turn|5\n|\n|t:|1776285617\n|move|p2b: Sylveon|Protect|p2b: Sylveon\n|-singleturn|p2b: Sylveon|Protect\n|move|p2a: Maushold|Population Bomb|p1b: Incineroar\n|-damage|p1b: Incineroar|42/100\n|-damage|p1b: Incineroar|36/100\n|-damage|p1b: Incineroar|31/100\n|-damage|p1b: Incineroar|25/100\n|-damage|p1b: Incineroar|19/100\n|-hitcount|p1b: Incineroar|5\n|move|p1a: Feraligatr|Swords Dance|p1a: Feraligatr\n|-boost|p1a: Feraligatr|atk|2\n|move|p1b: Incineroar|Flare Blitz|p2b: Sylveon\n|-activate|p2b: Sylveon|move: Protect\n|\n|upkeep\n|turn|6\n|inactive|StellarMunchlax has 30 seconds left.\n|inactive|JCMT has 30 seconds left.\n|inactive|StellarMunchlax has 20 seconds left.\n|\n|t:|1776285657\n|move|p2b: Sylveon|Quick Attack|p1b: Incineroar\n|-damage|p1b: Incineroar|5/100\n|move|p2a: Maushold|Population Bomb|p1b: Incineroar\n|-damage|p1b: Incineroar|0 fnt\n|faint|p1b: Incineroar\n|-hitcount|p1: Incineroar|1\n|move|p1a: Feraligatr|Swords Dance|p1a: Feraligatr\n|-boost|p1a: Feraligatr|atk|0\n|\n|-end|p1a: Feraligatr|Encore\n|upkeep\n|\n|t:|1776285670\n|switch|p1b: Sinistcha|Sinistcha-Masterpiece, L50|100/100\n|turn|7\n|\n|t:|1776285690\n|switch|p2b: Glimmora|Glimmora, L50, M, shiny|100/100\n|move|p2a: Maushold|Encore|p1a: Feraligatr\n|-start|p1a: Feraligatr|Encore\n|move|p1a: Feraligatr|Swords Dance|p1a: Feraligatr\n|-boost|p1a: Feraligatr|atk|0\n|move|p1b: Sinistcha|Trick Room|p1b: Sinistcha\n|-fieldstart|move: Trick Room|[of] p1b: Sinistcha\n|\n|upkeep\n|turn|8\n|inactive|JCMT has 30 seconds left.\n|inactive|StellarMunchlax has 30 seconds left.\n|inactive|JCMT has 20 seconds left.\n|\n|t:|1776285730\n|detailschange|p2b: Glimmora|Glimmora-Mega, L50, M, shiny\n|-mega|p2b: Glimmora|Glimmora|Glimmoranite\n|move|p1b: Sinistcha|Rage Powder|p1b: Sinistcha\n|-singleturn|p1b: Sinistcha|move: Rage Powder\n|move|p1a: Feraligatr|Swords Dance|p1a: Feraligatr\n|-boost|p1a: Feraligatr|atk|0\n|move|p2b: Glimmora|Sludge Bomb|p1b: Sinistcha\n|-damage|p1b: Sinistcha|43/100\n|move|p2a: Maushold|Population Bomb|p1b: Sinistcha\n|-immune|p1b: Sinistcha\n|\n|-heal|p1b: Sinistcha|49/100|[from] item: Leftovers\n|upkeep\n|turn|9\n|c|\u2606JCMT|I misclicked\n|c|\u2606JCMT|whoops\n|inactive|StellarMunchlax has 30 seconds left.\n|\n|t:|1776285761\n|detailschange|p1a: Feraligatr|Feraligatr-Mega, L50, M\n|-mega|p1a: Feraligatr|Feraligatr|Feraligite\n|move|p1b: Sinistcha|Life Dew||[still]|[spread] p1a,p1b\n|-fail|p1a: Feraligatr|heal\n|-heal|p1b: Sinistcha|75/100\n|move|p1a: Feraligatr|Swords Dance|p1a: Feraligatr\n|-boost|p1a: Feraligatr|atk|0\n|move|p2b: Glimmora|Sludge Bomb|p1b: Sinistcha\n|-damage|p1b: Sinistcha|17/100\n|-status|p1b: Sinistcha|psn\n|move|p2a: Maushold|Population Bomb|p1a: Feraligatr|[miss]\n|-miss|p2a: Maushold|p1a: Feraligatr\n|\n|-heal|p1b: Sinistcha|24/100 psn|[from] item: Leftovers\n|-damage|p1b: Sinistcha|11/100 psn|[from] psn\n|-end|p1a: Feraligatr|Encore\n|upkeep\n|turn|10\n|inactive|StellarMunchlax has 30 seconds left.\n|\n|t:|1776285787\n|move|p2b: Glimmora|Spiky Shield|p2b: Glimmora\n|-singleturn|p2b: Glimmora|move: Protect\n|move|p2a: Maushold|Protect|p2a: Maushold\n|-singleturn|p2a: Maushold|Protect\n|move|p1b: Sinistcha|Rage Powder|p1b: Sinistcha\n|-singleturn|p1b: Sinistcha|move: Rage Powder\n|move|p1a: Feraligatr|Liquidation|p2b: Glimmora\n|-activate|p2b: Glimmora|move: Protect\n|-damage|p1a: Feraligatr|88/100|[from] Spiky Shield|[of] p2b: Glimmora\n|\n|-heal|p1b: Sinistcha|17/100 psn|[from] item: Leftovers\n|-damage|p1b: Sinistcha|5/100 psn|[from] psn\n|upkeep\n|turn|11\n|inactive|JCMT has 30 seconds left.\n|\n|t:|1776285813\n|switch|p2b: Aegislash|Aegislash, L50, M|100/100\n|move|p1b: Sinistcha|Life Dew|p1b: Sinistcha|[spread] p1a,p1b\n|-heal|p1a: Feraligatr|100/100\n|-heal|p1b: Sinistcha|30/100 psn\n|move|p1a: Feraligatr|Liquidation|p2b: Aegislash\n|-damage|p2b: Aegislash|0 fnt\n|faint|p2b: Aegislash\n|move|p2a: Maushold|Population Bomb|p1a: Feraligatr\n|-damage|p1a: Feraligatr|96/100\n|-damage|p1a: Feraligatr|91/100\n|-damage|p1a: Feraligatr|86/100\n|-damage|p1a: Feraligatr|82/100\n|-damage|p1a: Feraligatr|77/100\n|-damage|p1a: Feraligatr|72/100\n|-hitcount|p1a: Feraligatr|6\n|\n|-heal|p1b: Sinistcha|36/100 psn|[from] item: Leftovers\n|-damage|p1b: Sinistcha|24/100 psn|[from] psn\n|-fieldend|move: Trick Room\n|upkeep\n|\n|t:|1776285833\n|switch|p2b: Sylveon|Sylveon, L50, F, shiny|44/100\n|turn|12\n|\n|t:|1776285848\n|move|p2a: Maushold|Population Bomb|p1a: Feraligatr\n|-damage|p1a: Feraligatr|67/100\n|-damage|p1a: Feraligatr|62/100\n|-damage|p1a: Feraligatr|58/100\n|-damage|p1a: Feraligatr|53/100\n|-damage|p1a: Feraligatr|48/100\n|-damage|p1a: Feraligatr|44/100\n|-damage|p1a: Feraligatr|39/100\n|-hitcount|p1a: Feraligatr|7\n|move|p1a: Feraligatr|Liquidation|p2b: Sylveon\n|-damage|p2b: Sylveon|0 fnt\n|faint|p2b: Sylveon\n|move|p1b: Sinistcha|Trick Room|p1b: Sinistcha\n|-fieldstart|move: Trick Room|[of] p1b: Sinistcha\n|\n|-heal|p1b: Sinistcha|30/100 psn|[from] item: Leftovers\n|-damage|p1b: Sinistcha|18/100 psn|[from] psn\n|upkeep\n|\n|t:|1776285865\n|switch|p2b: Glimmora|Glimmora-Mega, L50, M, shiny|100/100\n|turn|13\n|\n|t:|1776285874\n|move|p2a: Maushold|Follow Me|p2a: Maushold\n|-singleturn|p2a: Maushold|move: Follow Me\n|move|p1b: Sinistcha|Life Dew|p1b: Sinistcha|[spread] p1a,p1b\n|-heal|p1a: Feraligatr|64/100\n|-heal|p1b: Sinistcha|43/100 psn\n|move|p1a: Feraligatr|Liquidation|p2a: Maushold\n|-crit|p2a: Maushold\n|-damage|p2a: Maushold|0 fnt\n|faint|p2a: Maushold\n|move|p2b: Glimmora|Sludge Bomb|p1a: Feraligatr\n|-damage|p1a: Feraligatr|0 fnt\n|faint|p1a: Feraligatr\n|\n|-heal|p1b: Sinistcha|49/100 psn|[from] item: Leftovers\n|-damage|p1b: Sinistcha|37/100 psn|[from] psn\n|upkeep\n|turn|14\n|\n|t:|1776285893\n|move|p2b: Glimmora|Spiky Shield|p2b: Glimmora\n|-singleturn|p2b: Glimmora|move: Protect\n|move|p1b: Sinistcha|Matcha Gotcha|p2b: Glimmora\n|-activate|p2b: Glimmora|move: Protect\n|\n|-heal|p1b: Sinistcha|43/100 psn|[from] item: Leftovers\n|-damage|p1b: Sinistcha|31/100 psn|[from] psn\n|upkeep\n|turn|15\n|\n|t:|1776285904\n|move|p1b: Sinistcha|Matcha Gotcha|p2b: Glimmora\n|-damage|p2b: Glimmora|63/100\n|-heal|p1b: Sinistcha|48/100 psn|[from] drain|[of] p2b: Glimmora\n|move|p2b: Glimmora|Sludge Bomb|p1b: Sinistcha\n|-damage|p1b: Sinistcha|0 fnt\n|faint|p1b: Sinistcha\n|\n|win|JCMT\n|raw|StellarMunchlax's rating: 1170 &rarr; <strong>1141</strong><br />(-29 for losing)\n|raw|JCMT's rating: 1112 &rarr; <strong>1141</strong><br />(+29 for winning)\n|c|\u2606JCMT|ggwp\n",
  "uploadtime": 1776285913,
  "views": 20,
  "formatid": "gen9championsvgc2026regma",
  "rating": 1141,
  "private": 0,
  "password": null
}