{
  "id": "gen9championsvgc2026regma-2586860705",
  "format": "[Gen 9 Champions] VGC 2026 Reg M-A",
  "players": [
    "draslite",
    "Autismic2"
  ],
  "log": "|j|\u2606draslite\n|j|\u2606Autismic2\n|t:|1776466157\n|gametype|doubles\n|player|p1|draslite|266|1145\n|player|p2|Autismic2|265|1142\n|gen|9\n|tier|[Gen 9 Champions] VGC 2026 Reg M-A\n|rated|\n|rule|Species Clause: Limit one of each Pok\u00e9mon\n|rule|Item Clause: Limit 1 of each item\n|clearpoke\n|poke|p1|Pelipper, L50, M|\n|poke|p1|Archaludon, L50, M|\n|poke|p1|Basculegion, L50, M|\n|poke|p1|Rotom-Heat, L50|\n|poke|p1|Sneasler, L50, F|\n|poke|p1|Dragonite, L50, F|\n|poke|p2|Gengar, L50, F|\n|poke|p2|Incineroar, L50, F|\n|poke|p2|Kommo-o, L50, M|\n|poke|p2|Kingambit, L50, F|\n|poke|p2|Corviknight, L50, M|\n|poke|p2|Ninetales-Alola, L50, M|\n|teampreview|4\n|inactive|Battle timer is ON: inactive players will automatically lose when time's up. (requested by Autismic2)\n|inactive|draslite has 60 seconds left.\n|inactive|Autismic2 has 60 seconds left.\n|\n|t:|1776466210\n|teamsize|p1|4\n|teamsize|p2|4\n|start\n|switch|p1a: Sneasler|Sneasler, L50, F|100/100\n|switch|p1b: Rotom|Rotom-Heat, L50|100/100\n|switch|p2a: Gengar|Gengar, L50, F|100/100\n|switch|p2b: Kingambit|Kingambit, L50, F|100/100\n|turn|1\n|\n|t:|1776466232\n|detailschange|p2a: Gengar|Gengar-Mega, L50, F\n|-mega|p2a: Gengar|Gengar|Gengarite\n|move|p2b: Kingambit|Protect|p2b: Kingambit\n|-singleturn|p2b: Kingambit|Protect\n|move|p2a: Gengar|Perish Song|p2a: Gengar\n|-start|p1a: Sneasler|perish3|[silent]\n|-start|p1b: Rotom|perish3|[silent]\n|-start|p2a: Gengar|perish3|[silent]\n|-start|p2b: Kingambit|perish3|[silent]\n|-fieldactivate|move: Perish Song\n|move|p1a: Sneasler|Close Combat|p2b: Kingambit\n|-activate|p2b: Kingambit|move: Protect\n|move|p1b: Rotom|Thunderbolt|p2a: Gengar\n|-damage|p2a: Gengar|53/100\n|\n|-start|p2a: Gengar|perish3\n|-start|p1a: Sneasler|perish3\n|-start|p1b: Rotom|perish3\n|-start|p2b: Kingambit|perish3\n|upkeep\n|turn|2\n|inactive|draslite has 30 seconds left.\n|inactive|Autismic2 has 30 seconds left.\n|\n|t:|1776466266\n|move|p2b: Kingambit|Sucker Punch|p1b: Rotom\n|-damage|p1b: Rotom|48/100\n|move|p2a: Gengar|Disable|p1a: Sneasler\n|-start|p1a: Sneasler|Disable|Close Combat\n|cant|p1a: Sneasler|Disable|Close Combat\n|move|p1b: Rotom|Thunderbolt|p2b: Kingambit\n|-damage|p2b: Kingambit|59/100\n|\n|-start|p2a: Gengar|perish2\n|-start|p1a: Sneasler|perish2\n|-start|p1b: Rotom|perish2\n|-start|p2b: Kingambit|perish2\n|upkeep\n|turn|3\n|\n|t:|1776466286\n|switch|p2b: Incineroar|Incineroar, L50, F|100/100\n|-ability|p2b: Incineroar|Intimidate|boost\n|-unboost|p1a: Sneasler|atk|1\n|-unboost|p1b: Rotom|atk|1\n|-enditem|p1b: Rotom|White Herb\n|-clearnegativeboost|p1b: Rotom|[silent]\n|move|p2a: Gengar|Protect|p2a: Gengar\n|-singleturn|p2a: Gengar|Protect\n|move|p1a: Sneasler|Throat Chop|p2a: Gengar\n|-activate|p2a: Gengar|move: Protect\n|move|p1b: Rotom|Will-O-Wisp|p2b: Incineroar\n|-immune|p2b: Incineroar\n|\n|-start|p2a: Gengar|perish1\n|-start|p1a: Sneasler|perish1\n|-start|p1b: Rotom|perish1\n|upkeep\n|turn|4\n|\n|t:|1776466310\n|switch|p2a: Kingambit|Kingambit, L50, F|59/100\n|move|p2b: Incineroar|Fake Out|p1b: Rotom\n|-damage|p1b: Rotom|33/100\n|move|p1a: Sneasler|Throat Chop|p2a: Kingambit\n|-resisted|p2a: Kingambit|1\n|-damage|p2a: Kingambit|52/100\n|-start|p2a: Kingambit|Throat Chop|[silent]\n|cant|p1b: Rotom|flinch\n|\n|-start|p1a: Sneasler|perish0\n|-start|p1b: Rotom|perish0\n|upkeep\n|faint|p1a: Sneasler\n|faint|p1b: Rotom\n|\n|t:|1776466324\n|switch|p1a: Dragonite|Dragonite, L50, F|100/100\n|switch|p1b: Pelipper|Pelipper, L50, M|100/100\n|-weather|RainDance|[from] ability: Drizzle|[of] p1b: Pelipper\n|turn|5\n|\n|t:|1776466344\n|detailschange|p1a: Dragonite|Dragonite-Mega, L50, F\n|-mega|p1a: Dragonite|Dragonite|Dragoninite\n|move|p2a: Kingambit|Sucker Punch|p1a: Dragonite\n|-damage|p1a: Dragonite|81/100\n|move|p1a: Dragonite|Surf|p2b: Incineroar|[spread] p1b,p2a,p2b\n|-resisted|p1b: Pelipper|1\n|-supereffective|p2b: Incineroar|1\n|-damage|p1b: Pelipper|74/100\n|-damage|p2a: Kingambit|10/100\n|-damage|p2b: Incineroar|27/100\n|-enditem|p2b: Incineroar|Sitrus Berry|[eat]\n|-heal|p2b: Incineroar|52/100|[from] item: Sitrus Berry\n|move|p1b: Pelipper|Tailwind|p1b: Pelipper\n|-sidestart|p1: draslite|move: Tailwind\n|move|p2b: Incineroar|Parting Shot|p1a: Dragonite\n|-unboost|p1a: Dragonite|atk|1\n|-unboost|p1a: Dragonite|spa|1\n|\n|t:|1776466348\n|switch|p2b: Gengar|Gengar-Mega, L50, F|53/100|[from] Parting Shot\n|\n|-weather|RainDance|[upkeep]\n|-end|p2a: Kingambit|Throat Chop|[silent]\n|upkeep\n|turn|6\n|\n|t:|1776466369\n|move|p2b: Gengar|Protect|p2b: Gengar\n|-singleturn|p2b: Gengar|Protect\n|move|p2a: Kingambit|Sucker Punch|p1b: Pelipper\n|-damage|p1b: Pelipper|33/100\n|-enditem|p1b: Pelipper|Sitrus Berry|[eat]\n|-heal|p1b: Pelipper|57/100|[from] item: Sitrus Berry\n|move|p1a: Dragonite|Surf|p2a: Kingambit|[spread] p1b,p2a\n|-activate|p2b: Gengar|move: Protect\n|-resisted|p1b: Pelipper|1\n|-damage|p1b: Pelipper|37/100\n|-damage|p2a: Kingambit|0 fnt\n|faint|p2a: Kingambit\n|move|p1b: Pelipper|Weather Ball|p2b: Gengar\n|-activate|p2b: Gengar|move: Protect\n|\n|-weather|RainDance|[upkeep]\n|upkeep\n|\n|t:|1776466380\n|switch|p2a: Incineroar|Incineroar, L50, F|52/100\n|-ability|p2a: Incineroar|Intimidate|boost\n|-unboost|p1a: Dragonite|atk|1\n|-unboost|p1b: Pelipper|atk|1\n|turn|7\n|\n|t:|1776466397\n|move|p2a: Incineroar|Fake Out|p1a: Dragonite\n|-damage|p1a: Dragonite|70/100\n|cant|p1a: Dragonite|flinch\n|move|p2b: Gengar|Shadow Ball|p1b: Pelipper\n|-damage|p1b: Pelipper|0 fnt\n|faint|p1b: Pelipper\n|\n|-weather|RainDance|[upkeep]\n|upkeep\n|turn|8\n|-message|draslite forfeited.\n|\n|win|Autismic2\n|raw|draslite's rating: 1145 &rarr; <strong>1120</strong><br />(-25 for losing)\n|raw|Autismic2's rating: 1142 &rarr; <strong>1167</strong><br />(+25 for winning)\n|l|\u2606draslite\n|player|p1|\n|l|\u2606Autismic2\n|player|p2|\n|j|\u2606Autismic2\n|player|p2|Autismic2|265|\n",
  "uploadtime": 1776466420,
  "views": 27,
  "formatid": "gen9championsvgc2026regma",
  "rating": 1120,
  "private": 0,
  "password": null
}