{
  "id": "gen9championsvgc2026regma-2587265859",
  "format": "[Gen 9 Champions] VGC 2026 Reg M-A",
  "players": [
    "You're Sea Food",
    "lolgz"
  ],
  "log": "|j|\u2606You're Sea Food\n|j|\u2606lolgz\n|html|<table width=\"100%\"><tr><td align=\"left\">You&apos;re Sea Food</td><td align=\"right\">lolgz</tr><tr><td align=\"left\"><i class=\"fa fa-circle-o\"></i> <i class=\"fa fa-circle-o\"></i> </td><td align=\"right\"><i class=\"fa fa-circle-o\"></i> <i class=\"fa fa-circle-o\"></i> </tr></table>\n|uhtml|bestof|<h2><strong>Game 1</strong> of <a href=\"/game-bestof3-gen9championsvgc2026regma-2587265858\">a best-of-3</a></h2>\n|t:|1776516207\n|gametype|doubles\n|player|p1|You're Sea Food|fisherman|\n|player|p2|lolgz|dawn|\n|gen|9\n|tier|[Gen 9 Champions] VGC 2026 Reg M-A\n|rated|Tournament battle\n|rule|Species Clause: Limit one of each Pok\u00e9mon\n|rule|Item Clause: Limit 1 of each item\n|raw|<div class=\"infobox\"><details class=\"readmore\" open><summary><strong>2 custom rules:</strong></summary> Force Open Team Sheets, Best of = 3</details></div>\n|clearpoke\n|poke|p1|Rotom-Mow, L50|\n|poke|p1|Tyranitar, L50, F|\n|poke|p1|Garchomp, L50, M|\n|poke|p1|Corviknight, L50, F|\n|poke|p1|Dragapult, L50, M|\n|poke|p1|Volcarona, L50, F|\n|poke|p2|Floette-Eternal, L50, F|\n|poke|p2|Aerodactyl, L50, M|\n|poke|p2|Basculegion, L50, M|\n|poke|p2|Delphox, L50, F|\n|poke|p2|Garchomp, L50, F|\n|poke|p2|Sinistcha, L50|\n|teampreview|4\n|showteam|p1|Rotom-Mow||SitrusBerry|Levitate|Protect,WillOWisp,LeafStorm,Thunderbolt||||||50|]Tyranitar||FocusSash|SandStream|Protect,ThunderWave,RockSlide,Crunch|||F|||50|]Garchomp||Garchompite|SandVeil|Protect,RockSlide,Earthquake,ScaleShot|||M|||50|]Corviknight||Leftovers|MirrorArmor|BraveBird,BodyPress,Swagger,Tailwind|||F|||50|]Dragapult||LumBerry|ClearBody|DragonDarts,PsychicFangs,BatonPass,ThunderWave|||M|||50|]Volcarona||ChestoBerry|FlameBody|Overheat,StruggleBug,RagePowder,Rest|||F|||50|\n|showteam|p2|Floette-Eternal||Floettite|FlowerVeil|Moonblast,DazzlingGleam,LightofRuin,Protect|||F|||50|]Aerodactyl||FocusSash|Unnerve|RockSlide,DualWingbeat,WideGuard,Tailwind|||M|||50|]Basculegion||ChoiceScarf|Adaptability|LastRespects,WaveCrash,AquaJet,FlipTurn|||M|||50|]Delphox||Delphoxite|Blaze|HeatWave,Psychic,Substitute,Protect|||F|||50|]Garchomp||WhiteHerb|SandVeil|Earthquake,DragonClaw,RockSlide,Protect|||F|||50|]Sinistcha||SitrusBerry|Hospitality|ShadowBall,MatchaGotcha,TrickRoom,RagePowder||||||50|\n|\n|t:|1776516266\n|teamsize|p1|4\n|teamsize|p2|4\n|start\n|switch|p1a: Dragapult|Dragapult, L50, M|100/100\n|switch|p1b: Tyranitar|Tyranitar, L50, F|100/100\n|switch|p2a: Aerodactyl|Aerodactyl, L50, M|100/100\n|switch|p2b: Garchomp|Garchomp, L50, F|100/100\n|-ability|p2a: Aerodactyl|Unnerve\n|-weather|Sandstorm|[from] ability: Sand Stream|[of] p1b: Tyranitar\n|turn|1\n|\n|t:|1776516300\n|move|p1a: Dragapult|Baton Pass|p1a: Dragapult\n|\n|t:|1776516301\n|switch|p1a: Corviknight|Corviknight, L50, F|100/100|[from] Baton Pass\n|move|p2a: Aerodactyl|Tailwind|p2a: Aerodactyl\n|-sidestart|p2: lolgz|move: Tailwind\n|move|p2b: Garchomp|Earthquake|p1b: Tyranitar|[spread] p1b\n|-immune|p2a: Aerodactyl\n|-immune|p1a: Corviknight\n|-supereffective|p1b: Tyranitar|1\n|-damage|p1b: Tyranitar|31/100\n|move|p1b: Tyranitar|Thunder Wave|p2a: Aerodactyl|[miss]\n|-miss|p1b: Tyranitar|p2a: Aerodactyl\n|\n|-weather|Sandstorm|[upkeep]\n|upkeep\n|turn|2\n|j| ProssettiVGC\n|\n|t:|1776516315\n|move|p1b: Tyranitar|Protect|p1b: Tyranitar\n|-singleturn|p1b: Tyranitar|Protect\n|move|p2a: Aerodactyl|Rock Slide|p1a: Corviknight|[spread] p1a\n|-activate|p1b: Tyranitar|move: Protect\n|-damage|p1a: Corviknight|83/100\n|move|p2b: Garchomp|Earthquake|p1b: Tyranitar|[spread] \n|-activate|p1b: Tyranitar|move: Protect\n|-immune|p2a: Aerodactyl\n|-immune|p1a: Corviknight\n|cant|p1a: Corviknight|flinch\n|\n|-weather|Sandstorm|[upkeep]\n|-heal|p1a: Corviknight|89/100|[from] item: Leftovers\n|upkeep\n|turn|3\n|j| reanschawrzer\n|\n|t:|1776516345\n|move|p2a: Aerodactyl|Rock Slide|p1a: Corviknight|[spread] p1a,p1b\n|-damage|p1a: Corviknight|70/100\n|-damage|p1b: Tyranitar|8/100\n|move|p2b: Garchomp|Earthquake|p1b: Tyranitar|[spread] p1b\n|-immune|p2a: Aerodactyl\n|-immune|p1a: Corviknight\n|-supereffective|p1b: Tyranitar|1\n|-damage|p1b: Tyranitar|0 fnt\n|faint|p1b: Tyranitar\n|cant|p1a: Corviknight|flinch\n|\n|-weather|Sandstorm|[upkeep]\n|-heal|p1a: Corviknight|76/100|[from] item: Leftovers\n|upkeep\n|\n|t:|1776516353\n|switch|p1b: Garchomp|Garchomp, L50, M|100/100\n|turn|4\n|\n|t:|1776516373\n|move|p2a: Aerodactyl|Rock Slide|p1b: Garchomp|[spread] p1a,p1b\n|-resisted|p1b: Garchomp|1\n|-damage|p1a: Corviknight|58/100\n|-damage|p1b: Garchomp|89/100\n|move|p2b: Garchomp|Dragon Claw|p1b: Garchomp\n|-supereffective|p1b: Garchomp|1\n|-damage|p1b: Garchomp|10/100\n|move|p1b: Garchomp|Scale Shot|p2b: Garchomp\n|-supereffective|p2b: Garchomp|1\n|-damage|p2b: Garchomp|71/100\n|-supereffective|p2b: Garchomp|1\n|-crit|p2b: Garchomp\n|-damage|p2b: Garchomp|31/100\n|-hitcount|p2b: Garchomp|2\n|-unboost|p1b: Garchomp|def|1\n|-boost|p1b: Garchomp|spe|1\n|move|p1a: Corviknight|Tailwind|p1a: Corviknight\n|-sidestart|p1: You're Sea Food|move: Tailwind\n|\n|-weather|Sandstorm|[upkeep]\n|-heal|p1a: Corviknight|63/100|[from] item: Leftovers\n|-sideend|p2: lolgz|move: Tailwind\n|upkeep\n|turn|5\n|\n|t:|1776516404\n|detailschange|p1b: Garchomp|Garchomp-Mega, L50, M\n|-mega|p1b: Garchomp|Garchomp|Garchompite\n|move|p1b: Garchomp|Rock Slide|p2b: Garchomp|[spread] p2a,p2b\n|-supereffective|p2a: Aerodactyl|1\n|-resisted|p2b: Garchomp|1\n|-enditem|p2a: Aerodactyl|Focus Sash\n|-damage|p2a: Aerodactyl|1/100\n|-damage|p2b: Garchomp|14/100\n|cant|p2a: Aerodactyl|flinch\n|move|p1a: Corviknight|Brave Bird|p2b: Garchomp\n|-damage|p2b: Garchomp|0 fnt\n|faint|p2b: Garchomp\n|-damage|p1a: Corviknight|60/100|[from] Recoil\n|\n|-weather|none\n|-heal|p1a: Corviknight|65/100|[from] item: Leftovers\n|upkeep\n|\n|t:|1776516413\n|switch|p2b: Sinistcha|Sinistcha, L50|100/100\n|-heal|p2a: Aerodactyl|26/100|[from] ability: Hospitality|[of] p2b: Sinistcha\n|turn|6\n|\n|t:|1776516420\n|move|p2a: Aerodactyl|Wide Guard|p2a: Aerodactyl\n|-singleturn|p2a: Aerodactyl|Wide Guard\n|move|p1b: Garchomp|Rock Slide|p2b: Sinistcha|[spread] \n|-activate|p2a: Aerodactyl|move: Wide Guard\n|-activate|p2b: Sinistcha|move: Wide Guard\n|move|p1a: Corviknight|Brave Bird|p2b: Sinistcha\n|-supereffective|p2b: Sinistcha|1\n|-damage|p2b: Sinistcha|50/100\n|-enditem|p2b: Sinistcha|Sitrus Berry|[eat]\n|-heal|p2b: Sinistcha|75/100|[from] item: Sitrus Berry\n|-damage|p1a: Corviknight|51/100|[from] Recoil\n|move|p2b: Sinistcha|Matcha Gotcha|p1b: Garchomp|[spread] p1a,p1b\n|-resisted|p1a: Corviknight|2\n|-damage|p1a: Corviknight|46/100\n|-heal|p2b: Sinistcha|77/100|[from] drain|[of] p1a: Corviknight\n|-damage|p1b: Garchomp|0 fnt\n|-heal|p2b: Sinistcha|83/100|[from] drain|[of] p1b: Garchomp\n|-status|p1a: Corviknight|brn\n|faint|p1b: Garchomp\n|\n|-heal|p1a: Corviknight|52/100 brn|[from] item: Leftovers\n|-damage|p1a: Corviknight|46/100 brn|[from] brn\n|upkeep\n|\n|t:|1776516437\n|switch|p1b: Dragapult|Dragapult, L50, M|100/100\n|turn|7\n|\n|t:|1776516443\n|move|p1b: Dragapult|Dragon Darts|p2a: Aerodactyl\n|-damage|p2a: Aerodactyl|0 fnt\n|-anim|p1b: Dragapult|Dragon Darts|p2b: Sinistcha\n|-damage|p2b: Sinistcha|66/100\n|faint|p2a: Aerodactyl\n|move|p1a: Corviknight|Swagger|p1b: Dragapult\n|-boost|p1b: Dragapult|atk|2\n|-start|p1b: Dragapult|confusion\n|-enditem|p1b: Dragapult|Lum Berry|[eat]\n|-end|p1b: Dragapult|confusion\n|move|p2b: Sinistcha|Shadow Ball|p1b: Dragapult\n|-supereffective|p1b: Dragapult|1\n|-damage|p1b: Dragapult|11/100\n|\n|-heal|p1a: Corviknight|52/100 brn|[from] item: Leftovers\n|-damage|p1a: Corviknight|46/100 brn|[from] brn\n|-sideend|p1: You're Sea Food|move: Tailwind\n|upkeep\n|\n|t:|1776516447\n|switch|p2a: Delphox|Delphox, L50, F|100/100\n|turn|8\n|\n|t:|1776516466\n|detailschange|p2a: Delphox|Delphox-Mega, L50, F\n|-mega|p2a: Delphox|Delphox|Delphoxite\n|move|p2b: Sinistcha|Rage Powder|p2b: Sinistcha\n|-singleturn|p2b: Sinistcha|move: Rage Powder\n|move|p1b: Dragapult|Dragon Darts|p2b: Sinistcha\n|-damage|p2b: Sinistcha|30/100\n|-anim|p1b: Dragapult|Dragon Darts|p2b: Sinistcha\n|-damage|p2b: Sinistcha|0 fnt\n|faint|p2b: Sinistcha\n|move|p2a: Delphox|Heat Wave|p1b: Dragapult|[spread] p1a,p1b\n|-supereffective|p1a: Corviknight|1\n|-resisted|p1b: Dragapult|1\n|-damage|p1a: Corviknight|0 fnt\n|-damage|p1b: Dragapult|0 fnt\n|faint|p1a: Corviknight\n|faint|p1b: Dragapult\n|\n|win|lolgz\n",
  "uploadtime": 1776516466,
  "views": 11,
  "formatid": "gen9championsvgc2026regma",
  "rating": null,
  "private": 0,
  "password": null
}