{
  "id": "gen9championsvgc2026regma-2586347069",
  "format": "[Gen 9 Champions] VGC 2026 Reg M-A",
  "players": [
    "Frasca95",
    "Zhi2"
  ],
  "log": "|j|\u2606Frasca95\n|j|\u2606Zhi2\n|t:|1776427505\n|gametype|doubles\n|player|p1|Frasca95|102|1219\n|player|p2|Zhi2|2|1204\n|gen|9\n|tier|[Gen 9 Champions] VGC 2026 Reg M-A\n|rated|\n|rule|Species Clause: Limit one of each Pok\u00e9mon\n|rule|Item Clause: Limit 1 of each item\n|clearpoke\n|poke|p1|Tyranitar, L50, F|\n|poke|p1|Milotic, L50, M|\n|poke|p1|Corviknight, L50, F|\n|poke|p1|Sinistcha, L50|\n|poke|p1|Glimmora, L50, F|\n|poke|p1|Dragonite, L50, F|\n|poke|p2|Pelipper, L50, M|\n|poke|p2|Blastoise, L50, M|\n|poke|p2|Starmie, L50|\n|poke|p2|Sinistcha, L50|\n|poke|p2|Kingambit, L50, F|\n|poke|p2|Garchomp, L50, F|\n|teampreview|4\n|\n|t:|1776427541\n|teamsize|p1|4\n|teamsize|p2|4\n|start\n|switch|p1a: Sinistcha|Sinistcha, L50|100/100\n|switch|p1b: Dragonite|Dragonite, L50, F|100/100\n|switch|p2a: Blastoise|Blastoise, L50, M|100/100\n|switch|p2b: Garchomp|Garchomp, L50, F|100/100\n|turn|1\n|\n|t:|1776427561\n|move|p2a: Blastoise|Fake Out|p1b: Dragonite\n|-damage|p1b: Dragonite|93/100\n|move|p2b: Garchomp|Breaking Swipe|p1a: Sinistcha|[spread] p1a,p1b\n|-supereffective|p1b: Dragonite|1\n|-damage|p1a: Sinistcha|79/100\n|-damage|p1b: Dragonite|42/100\n|-unboost|p1a: Sinistcha|atk|1\n|-unboost|p1b: Dragonite|atk|1\n|move|p1b: Dragonite|Ice Spinner|p2b: Garchomp\n|-supereffective|p2b: Garchomp|2\n|-damage|p2b: Garchomp|12/100\n|-damage|p1b: Dragonite|30/100|[from] ability: Rough Skin|[of] p2b: Garchomp\n|move|p1a: Sinistcha|Calm Mind|p1a: Sinistcha\n|-boost|p1a: Sinistcha|spa|1\n|-boost|p1a: Sinistcha|spd|1\n|\n|upkeep\n|turn|2\n|\n|t:|1776427584\n|switch|p2a: Pelipper|Pelipper, L50, M|100/100\n|-weather|RainDance|[from] ability: Drizzle|[of] p2a: Pelipper\n|move|p1a: Sinistcha|Rage Powder|p1a: Sinistcha\n|-singleturn|p1a: Sinistcha|move: Rage Powder\n|move|p2b: Garchomp|Breaking Swipe|p1b: Dragonite|[spread] p1a,p1b\n|-supereffective|p1b: Dragonite|1\n|-damage|p1a: Sinistcha|58/100\n|-damage|p1b: Dragonite|0 fnt\n|-unboost|p1a: Sinistcha|atk|1\n|faint|p1b: Dragonite\n|\n|-weather|RainDance|[upkeep]\n|upkeep\n|\n|t:|1776427598\n|switch|p1b: Tyranitar|Tyranitar, L50, F|100/100\n|-weather|Sandstorm|[from] ability: Sand Stream|[of] p1b: Tyranitar\n|turn|3\n|\n|t:|1776427609\n|move|p2a: Pelipper|Wide Guard|p2a: Pelipper\n|-singleturn|p2a: Pelipper|Wide Guard\n|move|p2b: Garchomp|Breaking Swipe|p1b: Tyranitar|[spread] p1a,p1b\n|-damage|p1a: Sinistcha|35/100\n|-damage|p1b: Tyranitar|80/100\n|-unboost|p1a: Sinistcha|atk|1\n|-unboost|p1b: Tyranitar|atk|1\n|-enditem|p1a: Sinistcha|Sitrus Berry|[eat]\n|-heal|p1a: Sinistcha|59/100|[from] item: Sitrus Berry\n|move|p1b: Tyranitar|Rock Slide|p2b: Garchomp|[spread] \n|-activate|p2a: Pelipper|move: Wide Guard\n|-activate|p2b: Garchomp|move: Wide Guard\n|move|p1a: Sinistcha|Matcha Gotcha|p2a: Pelipper|[spread] \n|-activate|p2a: Pelipper|move: Wide Guard\n|-activate|p2b: Garchomp|move: Wide Guard\n|\n|-weather|Sandstorm|[upkeep]\n|-damage|p1a: Sinistcha|53/100|[from] Sandstorm\n|-damage|p2a: Pelipper|95/100|[from] Sandstorm\n|upkeep\n|turn|4\n|\n|t:|1776427629\n|switch|p2a: Blastoise|Blastoise, L50, M|100/100\n|move|p2b: Garchomp|Breaking Swipe|p1a: Sinistcha|[spread] p1a,p1b\n|-damage|p1a: Sinistcha|33/100\n|-damage|p1b: Tyranitar|58/100\n|-unboost|p1a: Sinistcha|atk|1\n|-unboost|p1b: Tyranitar|atk|1\n|move|p1b: Tyranitar|Knock Off|p2a: Blastoise\n|-damage|p2a: Blastoise|77/100\n|move|p1a: Sinistcha|Matcha Gotcha|p2b: Garchomp|[spread] p2a,p2b\n|-supereffective|p2a: Blastoise|1\n|-damage|p2a: Blastoise|0 fnt\n|-heal|p1a: Sinistcha|66/100|[from] drain|[of] p2a: Blastoise\n|-damage|p2b: Garchomp|0 fnt\n|-heal|p1a: Sinistcha|72/100|[from] drain|[of] p2b: Garchomp\n|faint|p2a: Blastoise\n|faint|p2b: Garchomp\n|\n|-weather|Sandstorm|[upkeep]\n|-damage|p1a: Sinistcha|66/100|[from] Sandstorm\n|upkeep\n|\n|t:|1776427645\n|switch|p2b: Starmie|Starmie, L50|100/100\n|switch|p2a: Pelipper|Pelipper, L50, M|95/100\n|-weather|RainDance|[from] ability: Drizzle|[of] p2a: Pelipper\n|turn|5\n|\n|t:|1776427671\n|detailschange|p2b: Starmie|Starmie-Mega, L50\n|-mega|p2b: Starmie|Starmie|Starminite\n|move|p2b: Starmie|Ice Spinner|p1a: Sinistcha\n|-supereffective|p1a: Sinistcha|1\n|-damage|p1a: Sinistcha|0 fnt\n|faint|p1a: Sinistcha\n|move|p1b: Tyranitar|Knock Off|p2b: Starmie\n|-supereffective|p2b: Starmie|1\n|-damage|p2b: Starmie|52/100\n|move|p2a: Pelipper|Tailwind|p2a: Pelipper\n|-sidestart|p2: Zhi2|move: Tailwind\n|\n|-weather|RainDance|[upkeep]\n|upkeep\n|\n|t:|1776427676\n|switch|p1a: Milotic|Milotic, L50, M|100/100\n|turn|6\n|\n|t:|1776427690\n|move|p2b: Starmie|Liquidation|p1b: Tyranitar\n|-supereffective|p1b: Tyranitar|1\n|-damage|p1b: Tyranitar|0 fnt\n|faint|p1b: Tyranitar\n|move|p2a: Pelipper|Hurricane|p1a: Milotic\n|-damage|p1a: Milotic|79/100\n|move|p1a: Milotic|Haze|p1a: Milotic\n|-clearallboost\n|\n|-weather|RainDance|[upkeep]\n|upkeep\n|turn|7\n|\n|t:|1776427705\n|move|p2b: Starmie|Liquidation|p1a: Milotic\n|-resisted|p1a: Milotic|1\n|-damage|p1a: Milotic|25/100\n|move|p2a: Pelipper|Hurricane|p1a: Milotic\n|-damage|p1a: Milotic|0 fnt\n|faint|p1a: Milotic\n|\n|win|Zhi2\n|raw|Frasca95's rating: 1219 &rarr; <strong>1193</strong><br />(-26 for losing)\n|raw|Zhi2's rating: 1204 &rarr; <strong>1230</strong><br />(+26 for winning)\n|l|\u2606Frasca95\n|player|p1|\n",
  "uploadtime": 1776427712,
  "views": 27,
  "formatid": "gen9championsvgc2026regma",
  "rating": 1193,
  "private": 0,
  "password": null
}