{
  "id": "gen9championsvgc2026regma-2584705878",
  "format": "[Gen 9 Champions] VGC 2026 Reg M-A",
  "players": [
    "Aurasteal",
    "dflly"
  ],
  "log": "|j|\u2606Aurasteal\n|j|\u2606dflly\n|t:|1776278023\n|gametype|doubles\n|player|p1|Aurasteal|caitlin|1162\n|player|p2|dflly|266|1149\n|gen|9\n|tier|[Gen 9 Champions] VGC 2026 Reg M-A\n|rated|\n|rule|Species Clause: Limit one of each Pok\u00e9mon\n|rule|Item Clause: Limit 1 of each item\n|clearpoke\n|poke|p1|Blastoise, L50, M|\n|poke|p1|Sinistcha, L50|\n|poke|p1|Incineroar, L50, M|\n|poke|p1|Vivillon, L50, F|\n|poke|p1|Pelipper, L50, M|\n|poke|p1|Dragonite, L50, M|\n|poke|p2|Tyranitar, L50, M|\n|poke|p2|Gyarados, L50, M|\n|poke|p2|Gardevoir, L50, F|\n|poke|p2|Excadrill, L50, F|\n|poke|p2|Sinistcha, L50|\n|poke|p2|Rotom-Heat, L50|\n|teampreview|4\n|\n|t:|1776278092\n|teamsize|p1|4\n|teamsize|p2|4\n|start\n|switch|p1a: Blastoise|Blastoise, L50, M, shiny|100/100\n|switch|p1b: Vivillon|Vivillon, L50, F, shiny|100/100\n|switch|p2a: Rotom|Rotom-Heat, L50|100/100\n|switch|p2b: Tyranitar|Tyranitar, L50, M|100/100\n|-weather|Sandstorm|[from] ability: Sand Stream|[of] p2b: Tyranitar\n|turn|1\n|inactive|Battle timer is ON: inactive players will automatically lose when time's up. (requested by dflly)\n|\n|t:|1776278116\n|detailschange|p1a: Blastoise|Blastoise-Mega, L50, M, shiny\n|-mega|p1a: Blastoise|Blastoise|Blastoisinite\n|detailschange|p2b: Tyranitar|Tyranitar-Mega, L50, M\n|-mega|p2b: Tyranitar|Tyranitar|Tyranitarite\n|move|p1b: Vivillon|Rage Powder|p1b: Vivillon\n|-singleturn|p1b: Vivillon|move: Rage Powder\n|move|p2a: Rotom|Discharge|p1b: Vivillon|[spread] p2b,p1a,p1b\n|-supereffective|p1a: Blastoise|1\n|-crit|p1a: Blastoise\n|-supereffective|p1b: Vivillon|1\n|-damage|p2b: Tyranitar|84/100\n|-damage|p1a: Blastoise|34/100\n|-damage|p1b: Vivillon|4/100\n|move|p2b: Tyranitar|Rock Slide|p1a: Blastoise|[spread] p1a,p1b\n|-supereffective|p1b: Vivillon|2\n|-damage|p1a: Blastoise|10/100\n|-damage|p1b: Vivillon|0 fnt\n|faint|p1b: Vivillon\n|move|p1a: Blastoise|Shell Smash|p1a: Blastoise\n|-unboost|p1a: Blastoise|def|1\n|-unboost|p1a: Blastoise|spd|1\n|-boost|p1a: Blastoise|atk|2\n|-boost|p1a: Blastoise|spa|2\n|-boost|p1a: Blastoise|spe|2\n|\n|-weather|Sandstorm|[upkeep]\n|-damage|p1a: Blastoise|4/100|[from] Sandstorm\n|-damage|p2a: Rotom|95/100|[from] Sandstorm\n|upkeep\n|\n|t:|1776278131\n|switch|p1b: Pelipper|Pelipper, L50, M, shiny|100/100\n|-weather|RainDance|[from] ability: Drizzle|[of] p1b: Pelipper\n|turn|2\n|-activate|p1b: Pelipper|item: Quick Claw\n|\n|t:|1776278145\n|move|p2b: Tyranitar|Protect|p2b: Tyranitar\n|-singleturn|p2b: Tyranitar|Protect\n|move|p1b: Pelipper|Wide Guard|p1b: Pelipper\n|-singleturn|p1b: Pelipper|Wide Guard\n|move|p1a: Blastoise|Water Spout|p2b: Tyranitar|[spread] p2a\n|-activate|p2b: Tyranitar|move: Protect\n|-supereffective|p2a: Rotom|1\n|-damage|p2a: Rotom|77/100\n|move|p2a: Rotom|Discharge|p1a: Blastoise|[spread] \n|-activate|p1a: Blastoise|move: Wide Guard\n|-activate|p1b: Pelipper|move: Wide Guard\n|-activate|p2b: Tyranitar|move: Protect\n|\n|-weather|RainDance|[upkeep]\n|upkeep\n|turn|3\n|\n|t:|1776278167\n|switch|p2b: Gyarados|Gyarados, L50, M|100/100\n|-ability|p2b: Gyarados|Intimidate|boost\n|-unboost|p1a: Blastoise|atk|1\n|-unboost|p1b: Pelipper|atk|1\n|switch|p1b: Sinistcha|Sinistcha, L50|100/100\n|-heal|p1a: Blastoise|29/100|[from] ability: Hospitality|[of] p1b: Sinistcha\n|move|p1a: Blastoise|Water Spout|p2a: Rotom|[spread] p2a,p2b\n|-supereffective|p2a: Rotom|1\n|-resisted|p2b: Gyarados|1\n|-damage|p2a: Rotom|0 fnt\n|-damage|p2b: Gyarados|78/100\n|faint|p2a: Rotom\n|\n|-weather|RainDance|[upkeep]\n|-heal|p2b: Gyarados|84/100|[from] item: Leftovers\n|upkeep\n|\n|t:|1776278185\n|switch|p2a: Sinistcha|Sinistcha, L50|100/100\n|-heal|p2b: Gyarados|100/100|[from] ability: Hospitality|[of] p2a: Sinistcha\n|turn|4\n|\n|t:|1776278196\n|move|p1b: Sinistcha|Rage Powder|p1b: Sinistcha\n|-singleturn|p1b: Sinistcha|move: Rage Powder\n|move|p1a: Blastoise|Ice Beam|p2a: Sinistcha\n|-supereffective|p2a: Sinistcha|1\n|-damage|p2a: Sinistcha|0 fnt\n|faint|p2a: Sinistcha\n|move|p2b: Gyarados|Waterfall|p1b: Sinistcha\n|-resisted|p1b: Sinistcha|1\n|-damage|p1b: Sinistcha|80/100\n|\n|-weather|RainDance|[upkeep]\n|upkeep\n|\n|t:|1776278201\n|switch|p2a: Tyranitar|Tyranitar-Mega, L50, M|84/100\n|-weather|Sandstorm|[from] ability: Sand Stream|[of] p2a: Tyranitar\n|turn|5\n|\n|t:|1776278212\n|switch|p1b: Pelipper|Pelipper, L50, M, shiny|100/100\n|-weather|RainDance|[from] ability: Drizzle|[of] p1b: Pelipper\n|move|p1a: Blastoise|Protect|p1a: Blastoise\n|-singleturn|p1a: Blastoise|Protect\n|move|p2a: Tyranitar|Protect|p2a: Tyranitar\n|-singleturn|p2a: Tyranitar|Protect\n|move|p2b: Gyarados|Thunder Wave|p1a: Blastoise\n|-activate|p1a: Blastoise|move: Protect\n|\n|-weather|RainDance|[upkeep]\n|upkeep\n|turn|6\n|\n|t:|1776278227\n|switch|p1b: Sinistcha|Sinistcha, L50|80/100\n|-heal|p1a: Blastoise|54/100|[from] ability: Hospitality|[of] p1b: Sinistcha\n|move|p1a: Blastoise|Water Spout|p2b: Gyarados|[spread] p2a,p2b\n|-supereffective|p2a: Tyranitar|1\n|-resisted|p2b: Gyarados|1\n|-damage|p2a: Tyranitar|0 fnt\n|-damage|p2b: Gyarados|63/100\n|faint|p2a: Tyranitar\n|move|p2b: Gyarados|Thunder Wave|p1a: Blastoise\n|-status|p1a: Blastoise|par\n|\n|-weather|RainDance|[upkeep]\n|-heal|p2b: Gyarados|69/100|[from] item: Leftovers\n|upkeep\n|turn|7\n|-message|dflly forfeited.\n|\n|win|Aurasteal\n|raw|Aurasteal's rating: 1162 &rarr; <strong>1186</strong><br />(+24 for winning)\n|raw|dflly's rating: 1149 &rarr; <strong>1125</strong><br />(-24 for losing)\n|l|\u2606dflly\n|player|p2|\n",
  "uploadtime": 1776278239,
  "views": 33,
  "formatid": "gen9championsvgc2026regma",
  "rating": 1125,
  "private": 0,
  "password": null
}