{
  "id": "gen9championsvgc2026regma-2581588281",
  "format": "[Gen 9 Champions] VGC 2026 Reg M-A",
  "players": [
    "swenix",
    "Toby25"
  ],
  "log": "|j|\u2606swenix\n|j|\u2606Toby25\n|t:|1776013197\n|gametype|doubles\n|player|p1|swenix|swimmer|1076\n|player|p2|Toby25|1|1000\n|gen|9\n|tier|[Gen 9 Champions] VGC 2026 Reg M-A\n|rated|\n|rule|Species Clause: Limit one of each Pok\u00e9mon\n|rule|Item Clause: Limit 1 of each item\n|clearpoke\n|poke|p1|Chesnaught, L50, F|\n|poke|p1|Arcanine-Hisui, L50, M|\n|poke|p1|Primarina, L50, M|\n|poke|p1|Farigiraf, L50, M|\n|poke|p1|Meowstic, L50, M|\n|poke|p1|Sneasler, L50, M|\n|poke|p2|Scizor, L50, F|\n|poke|p2|Maushold, L50|\n|poke|p2|Kingambit, L50, M|\n|poke|p2|Incineroar, L50, M|\n|poke|p2|Dragapult, L50, F|\n|poke|p2|Heliolisk, L50, M|\n|teampreview|4\nToby25 has agreed to open team sheets.\n|\n|t:|1776013241\n|teamsize|p1|4\n|teamsize|p2|4\n|start\n|switch|p1a: Chesnaught|Chesnaught, L50, F|100/100\n|switch|p1b: Farigiraf|Farigiraf, L50, M|100/100\n|switch|p2a: Scizor|Scizor, L50, F|100/100\n|switch|p2b: Maushold|Maushold, L50|100/100\n|turn|1\n|inactive|Battle timer is ON: inactive players will automatically lose when time's up. (requested by swenix)\n|\n|t:|1776013272\n|detailschange|p1a: Chesnaught|Chesnaught-Mega, L50, F\n|-mega|p1a: Chesnaught|Chesnaught|Chesnaughtite\n|move|p2b: Maushold|Follow Me|p2b: Maushold\n|-singleturn|p2b: Maushold|move: Follow Me\n|move|p2a: Scizor|Swords Dance|p2a: Scizor\n|-boost|p2a: Scizor|atk|2\n|move|p1a: Chesnaught|Iron Defense|p1a: Chesnaught\n|-boost|p1a: Chesnaught|def|2\n|move|p1b: Farigiraf|Trick Room|p1b: Farigiraf\n|-fieldstart|move: Trick Room|[of] p1b: Farigiraf\n|\n|upkeep\n|turn|2\n|inactive|swenix has 30 seconds left.\n|inactive|swenix has 20 seconds left.\n|inactive|swenix has 15 seconds left.\n|inactive|swenix has 10 seconds left.\n|inactive|swenix has 5 seconds left.\n|\n|t:|1776013323\n|switch|p1b: Primarina|Primarina, L50, M|100/100\n|detailschange|p2a: Scizor|Scizor-Mega, L50, F\n|-mega|p2a: Scizor|Scizor|Scizorite\n|move|p2b: Maushold|Follow Me|p2b: Maushold\n|-singleturn|p2b: Maushold|move: Follow Me\n|move|p2a: Scizor|Bullet Punch|p1b: Primarina\n|-damage|p1b: Primarina|17/100\n|move|p1a: Chesnaught|Body Press|p2b: Maushold\n|-supereffective|p2b: Maushold|1\n|-enditem|p2b: Maushold|Focus Sash\n|-damage|p2b: Maushold|1/100\n|\n|upkeep\n|turn|3\n|\n|t:|1776013348\n|move|p1b: Primarina|Protect|p1b: Primarina\n|-singleturn|p1b: Primarina|Protect\n|move|p2b: Maushold|Follow Me|p2b: Maushold\n|-singleturn|p2b: Maushold|move: Follow Me\n|move|p1a: Chesnaught|Body Press|p2b: Maushold\n|-supereffective|p2b: Maushold|1\n|-damage|p2b: Maushold|0 fnt\n|faint|p2b: Maushold\n|move|p2a: Scizor|Swords Dance|p2a: Scizor\n|-boost|p2a: Scizor|atk|2\n|\n|upkeep\n|\n|t:|1776013358\n|switch|p2b: Incineroar|Incineroar, L50, M|100/100\n|-ability|p2b: Incineroar|Intimidate|boost\n|-unboost|p1a: Chesnaught|atk|1\n|-unboost|p1b: Primarina|atk|1\n|turn|4\n|\n|t:|1776013382\n|switch|p1b: Farigiraf|Farigiraf, L50, M|100/100\n|move|p2a: Scizor|Bullet Punch||[still]\n|cant|p1b: Farigiraf|ability: Armor Tail|Bullet Punch|[of] p2a: Scizor\n|move|p1a: Chesnaught|Body Press|p2b: Incineroar\n|-supereffective|p2b: Incineroar|1\n|-damage|p2b: Incineroar|0 fnt\n|faint|p2b: Incineroar\n|\n|upkeep\n|\n|t:|1776013390\n|switch|p2b: Kingambit|Kingambit, L50, M|100/100\n|-activate|p2b: Kingambit|ability: Supreme Overlord\n|-start|p2b: Kingambit|fallen2|[silent]\n|turn|5\n|inactive|Toby25 has 30 seconds left.\n|inactive|Toby25 has 20 seconds left.\n|inactive|Toby25 has 15 seconds left.\n|inactive|Toby25 has 10 seconds left.\n|\n|t:|1776013435\n|move|p1b: Farigiraf|Protect|p1b: Farigiraf\n|-singleturn|p1b: Farigiraf|Protect\n|move|p2b: Kingambit|Sucker Punch||[still]\n|cant|p1b: Farigiraf|ability: Armor Tail|Sucker Punch|[of] p2b: Kingambit\n|move|p2a: Scizor|Bullet Punch||[still]\n|cant|p1b: Farigiraf|ability: Armor Tail|Bullet Punch|[of] p2a: Scizor\n|move|p1a: Chesnaught|Body Press|p2a: Scizor\n|-damage|p2a: Scizor|21/100\n|\n|-fieldend|move: Trick Room\n|upkeep\n|turn|6\n|inactive|swenix has 30 seconds left.\n|\n|t:|1776013466\n|move|p2a: Scizor|Protect|p2a: Scizor\n|-singleturn|p2a: Scizor|Protect\n|move|p2b: Kingambit|Kowtow Cleave|p1b: Farigiraf\n|-supereffective|p1b: Farigiraf|1\n|-damage|p1b: Farigiraf|0 fnt\n|faint|p1b: Farigiraf\n|move|p1a: Chesnaught|Body Press|p2a: Scizor\n|-activate|p2a: Scizor|move: Protect\n|\n|upkeep\n|\n|t:|1776013477\n|switch|p1b: Arcanine|Arcanine-Hisui, L50, M|100/100\n|turn|7\n|\n|t:|1776013498\n|move|p1b: Arcanine|Extreme Speed|p2a: Scizor\n|-resisted|p2a: Scizor|1\n|-damage|p2a: Scizor|11/100\n|move|p2a: Scizor|Bullet Punch|p1a: Chesnaught\n|-damage|p1a: Chesnaught|75/100\n|move|p2b: Kingambit|Sucker Punch||[still]\n|-fail|p2b: Kingambit\n|move|p1a: Chesnaught|Body Press|p2a: Scizor\n|-damage|p2a: Scizor|0 fnt\n|faint|p2a: Scizor\n|\n|upkeep\n|turn|8\n|\n|t:|1776013523\n|switch|p1b: Primarina|Primarina, L50, M|17/100\n|move|p2b: Kingambit|Kowtow Cleave|p1a: Chesnaught\n|-resisted|p1a: Chesnaught|1\n|-damage|p1a: Chesnaught|69/100\n|move|p1a: Chesnaught|Body Press|p2b: Kingambit\n|-supereffective|p2b: Kingambit|2\n|-damage|p2b: Kingambit|0 fnt\n|faint|p2b: Kingambit\n|-end|p2b: Kingambit|fallen2|[silent]\n|\n|win|swenix\n|raw|swenix's rating: 1076 &rarr; <strong>1098</strong><br />(+22 for winning)\n|raw|Toby25's rating: 1000 &rarr; <strong>1000</strong><br />(+0 for losing)\n",
  "uploadtime": 1776013531,
  "views": 15,
  "formatid": "gen9championsvgc2026regma",
  "rating": 1000,
  "private": 0,
  "password": null
}