{
  "id": "gen9championsvgc2026regma-2585464421",
  "format": "[Gen 9 Champions] VGC 2026 Reg M-A",
  "players": [
    "Crene",
    "LovelyLizardLad"
  ],
  "log": "|j|\u2606Crene\n|j|\u203dLovelyLizardLad\n|t:|1776349047\n|gametype|doubles\n|player|p1|Crene|erika|1537\n|player|p2|LovelyLizardLad|red|1436\n|gen|9\n|tier|[Gen 9 Champions] VGC 2026 Reg M-A\n|rated|\n|rule|Species Clause: Limit one of each Pok\u00e9mon\n|rule|Item Clause: Limit 1 of each item\n|clearpoke\n|poke|p1|Delphox, L50, F|\n|poke|p1|Kingambit, L50, M|\n|poke|p1|Sneasler, L50, F|\n|poke|p1|Basculegion, L50, M|\n|poke|p1|Floette-Eternal, L50, F|\n|poke|p1|Garchomp, L50, M|\n|poke|p2|Noivern, L50, M|\n|poke|p2|Glimmora, L50, M|\n|poke|p2|Kingambit, L50, M|\n|poke|p2|Garchomp, L50, M|\n|poke|p2|Basculegion, L50, M|\n|poke|p2|Gardevoir, L50, F|\n|teampreview|4\n|inactive|Battle timer is ON: inactive players will automatically lose when time's up. (requested by Crene)\n|j| darumaka maracas\n|\n|t:|1776349074\n|teamsize|p1|4\n|teamsize|p2|4\n|start\n|switch|p1a: Floette|Floette-Eternal, L50, F|100/100\n|switch|p1b: Sneasler|Sneasler, L50, F|100/100\n|switch|p2a: Noivern|Noivern, L50, M|100/100\n|switch|p2b: Gardevoir|Gardevoir, L50, F|100/100\n|turn|1\n|\n|t:|1776349092\n|detailschange|p1a: Floette|Floette-Mega, L50, F\n|-mega|p1a: Floette|Floette|Floettite\n|-ability|p1a: Floette|Fairy Aura\n|move|p2a: Noivern|Protect|p2a: Noivern\n|-singleturn|p2a: Noivern|Protect\n|move|p1b: Sneasler|Fake Out|p2a: Noivern\n|-activate|p2a: Noivern|move: Protect\n|move|p2b: Gardevoir|Moonblast|p1b: Sneasler\n|-damage|p1b: Sneasler|12/100\n|move|p1a: Floette|Dazzling Gleam|p2a: Noivern|[spread] p2b\n|-activate|p2a: Noivern|move: Protect\n|-damage|p2b: Gardevoir|49/100\n|\n|upkeep\n|turn|2\n|\n|t:|1776349108\n|move|p1b: Sneasler|Protect|p1b: Sneasler\n|-singleturn|p1b: Sneasler|Protect\n|move|p2b: Gardevoir|Moonblast|p1a: Floette\n|-damage|p1a: Floette|52/100\n|-unboost|p1a: Floette|spa|1\n|move|p2a: Noivern|Tailwind|p2a: Noivern\n|-sidestart|p2: LovelyLizardLad|move: Tailwind\n|move|p1a: Floette|Dazzling Gleam|p2b: Gardevoir|[spread] p2a,p2b\n|-supereffective|p2a: Noivern|1\n|-crit|p2a: Noivern\n|-crit|p2b: Gardevoir\n|-damage|p2a: Noivern|0 fnt\n|-damage|p2b: Gardevoir|0 fnt\n|faint|p2a: Noivern\n|faint|p2b: Gardevoir\n|\n|upkeep\n|\n|t:|1776349112\n|switch|p2a: Basculegion|Basculegion, L50, M|100/100\n|switch|p2b: Glimmora|Glimmora, L50, M|100/100\n|turn|3\n|\n|t:|1776349122\n|detailschange|p2b: Glimmora|Glimmora-Mega, L50, M\n|-mega|p2b: Glimmora|Glimmora|Glimmoranite\n|move|p2a: Basculegion|Protect|p2a: Basculegion\n|-singleturn|p2a: Basculegion|Protect\n|move|p1a: Floette|Protect|p1a: Floette\n|-singleturn|p1a: Floette|Protect\n|move|p2b: Glimmora|Sludge Wave|p1a: Floette|[spread] p1b\n|-activate|p2a: Basculegion|move: Protect\n|-activate|p1a: Floette|move: Protect\n|-resisted|p1b: Sneasler|1\n|-damage|p1b: Sneasler|0 fnt\n|faint|p1b: Sneasler\n|\n|upkeep\n|\n|t:|1776349128\n|switch|p1b: Kingambit|Kingambit, L50, M|100/100\n|turn|4\n|\n|t:|1776349140\n|move|p1b: Kingambit|Sucker Punch|p2a: Basculegion\n|-supereffective|p2a: Basculegion|1\n|-crit|p2a: Basculegion\n|-enditem|p2a: Basculegion|Focus Sash\n|-damage|p2a: Basculegion|1/100\n|move|p2b: Glimmora|Sludge Bomb|p1a: Floette\n|-supereffective|p1a: Floette|1\n|-damage|p1a: Floette|0 fnt\n|faint|p1a: Floette\n|move|p2a: Basculegion|Liquidation|p1b: Kingambit\n|-damage|p1b: Kingambit|51/100\n|\n|upkeep\n|\n|t:|1776349142\n|switch|p1a: Garchomp|Garchomp, L50, M|100/100\n|turn|5\n|inactive|LovelyLizardLad has 30 seconds left.\n|inactive|LovelyLizardLad has 20 seconds left.\n|inactive|LovelyLizardLad has 15 seconds left.\n|inactive|LovelyLizardLad has 10 seconds left.\n|inactive|LovelyLizardLad has 5 seconds left.\n|\n|t:|1776349192\n|move|p1b: Kingambit|Sucker Punch|p2a: Basculegion\n|-supereffective|p2a: Basculegion|1\n|-damage|p2a: Basculegion|0 fnt\n|faint|p2a: Basculegion\n|move|p2b: Glimmora|Power Gem|p1a: Garchomp\n|-resisted|p1a: Garchomp|1\n|-damage|p1a: Garchomp|67/100\n|move|p1a: Garchomp|Stomping Tantrum|p2b: Glimmora\n|-supereffective|p2b: Glimmora|2\n|-damage|p2b: Glimmora|0 fnt\n|faint|p2b: Glimmora\n|\n|win|Crene\n|raw|Crene's rating: 1537 &rarr; <strong>1551</strong><br />(+14 for winning)\n|raw|LovelyLizardLad's rating: 1436 &rarr; <strong>1422</strong><br />(-14 for losing)\n",
  "uploadtime": 1776349194,
  "views": 34,
  "formatid": "gen9championsvgc2026regma",
  "rating": 1422,
  "private": 0,
  "password": null
}