{
  "id": "gen9championsvgc2026regma-2583790490",
  "format": "[Gen 9 Champions] VGC 2026 Reg M-A",
  "players": [
    "dasia.exe",
    "OnlyPlaysCoD"
  ],
  "log": "|j|\u2606dasia.exe\n|j|\u2606OnlyPlaysCoD\n|t:|1776197913\n|gametype|doubles\n|player|p1|dasia.exe|tulip|1000\n|player|p2|OnlyPlaysCoD|volkner|1000\n|gen|9\n|tier|[Gen 9 Champions] VGC 2026 Reg M-A\n|rated|\n|rule|Species Clause: Limit one of each Pok\u00e9mon\n|rule|Item Clause: Limit 1 of each item\n|clearpoke\n|poke|p1|Froslass, L50, F|\n|poke|p1|Floette-Eternal, L50, F|\n|poke|p1|Tinkaton, L50, F|\n|poke|p1|Gardevoir, L50, F|\n|poke|p1|Audino, L50, F|\n|poke|p1|Alcremie-Caramel-Swirl, L50, F|\n|poke|p2|Charizard, L50, M|\n|poke|p2|Roserade, L50, F|\n|poke|p2|Raichu, L50, M|\n|poke|p2|Milotic, L50, F|\n|poke|p2|Machamp, L50, M|\n|poke|p2|Hydreigon, L50, M|\n|teampreview|4\n|\n|t:|1776197962\n|teamsize|p1|4\n|teamsize|p2|4\n|start\n|switch|p1a: Alcremie|Alcremie-Caramel-Swirl, L50, F|100/100\n|switch|p1b: Floette|Floette-Eternal, L50, F|100/100\n|switch|p2a: Roserade|Roserade, L50, F|100/100\n|switch|p2b: Milotic|Milotic, L50, F|100/100\n|turn|1\n|\n|t:|1776197981\n|detailschange|p1b: Floette|Floette-Mega, L50, F\n|-mega|p1b: Floette|Floette|Floettite\n|-ability|p1b: Floette|Fairy Aura\n|move|p1b: Floette|Psychic|p2a: Roserade\n|-supereffective|p2a: Roserade|1\n|-damage|p2a: Roserade|17/100\n|move|p2a: Roserade|Sludge Bomb|p1b: Floette\n|-supereffective|p1b: Floette|1\n|-damage|p1b: Floette|19/100\n|move|p2b: Milotic|Ice Beam|p1b: Floette\n|-damage|p1b: Floette|1/100\n|move|p1a: Alcremie|Decorate|p1b: Floette\n|-boost|p1b: Floette|atk|2\n|-boost|p1b: Floette|spa|2\n|\n|upkeep\n|turn|2\n|\n|t:|1776198012\n|move|p1b: Floette|Giga Drain|p2b: Milotic\n|-supereffective|p2b: Milotic|1\n|-damage|p2b: Milotic|18/100\n|-heal|p1b: Floette|54/100|[from] drain|[of] p2b: Milotic\n|move|p2a: Roserade|Synthesis|p2a: Roserade\n|-heal|p2a: Roserade|66/100\n|move|p2b: Milotic|Ice Beam|p1b: Floette\n|-damage|p1b: Floette|33/100\n|move|p1a: Alcremie|Decorate|p1b: Floette\n|-boost|p1b: Floette|atk|2\n|-boost|p1b: Floette|spa|2\n|\n|-heal|p2b: Milotic|24/100|[from] item: Leftovers\n|upkeep\n|turn|3\n|\n|t:|1776198033\n|move|p1b: Floette|Dazzling Gleam|p2b: Milotic|[spread] p2a,p2b\n|-resisted|p2a: Roserade|1\n|-damage|p2a: Roserade|0 fnt\n|-damage|p2b: Milotic|0 fnt\n|faint|p2a: Roserade\n|faint|p2b: Milotic\n|move|p1a: Alcremie|Psych Up|p1b: Floette\n|-copyboost|p1a: Alcremie|p1b: Floette|[from] move: Psych Up\n|\n|upkeep\n|\n|t:|1776198040\n|switch|p2a: Charizard|Charizard, L50, M|100/100\n|switch|p2b: Raichu|Raichu, L50, M|100/100\n|turn|4\n|\n|t:|1776198055\n|move|p2b: Raichu|Fake Out|p1b: Floette\n|-damage|p1b: Floette|23/100\n|move|p2a: Charizard|Dragon Dance|p2a: Charizard\n|-boost|p2a: Charizard|atk|1\n|-boost|p2a: Charizard|spe|1\n|cant|p1b: Floette|flinch\n|move|p1a: Alcremie|Decorate|p1b: Floette\n|-boost|p1b: Floette|atk|2\n|-boost|p1b: Floette|spa|2\n|\n|upkeep\n|turn|5\n|\n|t:|1776198071\n|move|p2a: Charizard|Flare Blitz|p1b: Floette\n|-crit|p1b: Floette\n|-damage|p1b: Floette|0 fnt\n|faint|p1b: Floette\n|-damage|p2a: Charizard|94/100|[from] Recoil\n|move|p2b: Raichu|Nuzzle|p1a: Alcremie\n|-damage|p1a: Alcremie|95/100\n|-status|p1a: Alcremie|par\n|move|p1a: Alcremie|Psych Up|p1: Floette|[notarget]\n|-fail|p1a: Alcremie\n|\n|-heal|p1a: Alcremie|100/100 par|[from] item: Leftovers\n|upkeep\n|\n|t:|1776198081\n|switch|p1b: Audino|Audino, L50, F|100/100\n|turn|6\n|\n|t:|1776198093\n|move|p2a: Charizard|Dragon Claw|p1b: Audino\n|-crit|p1b: Audino\n|-damage|p1b: Audino|62/100\n|move|p2b: Raichu|Nuzzle|p1b: Audino\n|-damage|p1b: Audino|57/100\n|-status|p1b: Audino|par\n|move|p1a: Alcremie|Stored Power|p2a: Charizard\n|-damage|p2a: Charizard|0 fnt\n|faint|p2a: Charizard\n|move|p1b: Audino|Yawn|p2b: Raichu\n|-start|p2b: Raichu|move: Yawn|[of] p1b: Audino\n|\n|upkeep\n|turn|7\n|-message|OnlyPlaysCoD forfeited.\n|\n|win|dasia.exe\n|raw|dasia.exe's rating: 1000 &rarr; <strong>1040</strong><br />(+40 for winning)\n|raw|OnlyPlaysCoD's rating: 1000 &rarr; <strong>1000</strong><br />(+0 for losing)\n|l|\u2606OnlyPlaysCoD\n|player|p2|\n",
  "uploadtime": 1776198111,
  "views": 28,
  "formatid": "gen9championsvgc2026regma",
  "rating": 1000,
  "private": 0,
  "password": null
}