{
  "id": "gen9championsvgc2026regma-2587387595",
  "format": "[Gen 9 Champions] VGC 2026 Reg M-A",
  "players": [
    "Fifo3D",
    "Warehouse User"
  ],
  "log": "|j|\u2606Fifo3D\n|j|\u2606Warehouse User\n|t:|1776527606\n|gametype|doubles\n|player|p1|Fifo3D|acetrainer|1136\n|player|p2|Warehouse User|170|1123\n|gen|9\n|tier|[Gen 9 Champions] VGC 2026 Reg M-A\n|rated|\n|rule|Species Clause: Limit one of each Pok\u00e9mon\n|rule|Item Clause: Limit 1 of each item\n|clearpoke\n|poke|p1|Tyranitar, L50, M|\n|poke|p1|Garchomp, L50, F|\n|poke|p1|Corviknight, L50, M|\n|poke|p1|Rotom-Wash, L50|\n|poke|p1|Sneasler, L50, F|\n|poke|p1|Froslass, L50, F|\n|poke|p2|Aegislash, L50, M|\n|poke|p2|Maushold-Four, L50|\n|poke|p2|Azumarill, L50, F|\n|poke|p2|Whimsicott, L50, F|\n|poke|p2|Beedrill, L50, F|\n|poke|p2|Castform, L50, F|\n|teampreview|4\n|l|\u2606Warehouse User\n|player|p2|\n|j|\u2606Warehouse User\n|player|p2|Warehouse User|170|\n|\n|t:|1776527651\n|teamsize|p1|4\n|teamsize|p2|4\n|start\n|switch|p1a: Sneasler|Sneasler, L50, F|100/100\n|switch|p1b: Corviknight|Corviknight, L50, M|100/100\n|switch|p2a: Azumarill|Azumarill, L50, F|100/100\n|switch|p2b: Maushold|Maushold-Four, L50|100/100\n|turn|1\n|l|\u2606Warehouse User\n|player|p2|\n|j|\u2606Warehouse User\n|player|p2|Warehouse User|170|\n|\n|t:|1776527678\n|switch|p2a: Aegislash|Aegislash, L50, M|100/100\n|move|p2b: Maushold|Protect|p2b: Maushold\n|-singleturn|p2b: Maushold|Protect\n|move|p1a: Sneasler|Fake Out|p2a: Aegislash\n|-immune|p2a: Aegislash\n|move|p1b: Corviknight|Tailwind|p1b: Corviknight\n|-sidestart|p1: Fifo3D|move: Tailwind\n|\n|upkeep\n|turn|2\n|\n|t:|1776527700\n|switch|p2b: Whimsicott|Whimsicott, L50, F|100/100\n|move|p1a: Sneasler|U-turn|p2b: Whimsicott\n|-damage|p2b: Whimsicott|61/100\n|\n|t:|1776527708\n|switch|p1a: Garchomp|Garchomp, L50, F|100/100|[from] U-turn\n|move|p1b: Corviknight|Bulk Up|p1b: Corviknight\n|-boost|p1b: Corviknight|atk|1\n|-boost|p1b: Corviknight|def|1\n|move|p2a: Aegislash|Swords Dance|p2a: Aegislash\n|-boost|p2a: Aegislash|atk|2\n|\n|upkeep\n|turn|3\n|\n|t:|1776527736\n|move|p1a: Garchomp|Protect|p1a: Garchomp\n|-singleturn|p1a: Garchomp|Protect\n|move|p2b: Whimsicott|Moonblast|p1a: Garchomp\n|-activate|p1a: Garchomp|move: Protect\n|move|p1b: Corviknight|Brave Bird|p2b: Whimsicott\n|-supereffective|p2b: Whimsicott|1\n|-damage|p2b: Whimsicott|0 fnt\n|faint|p2b: Whimsicott\n|-damage|p1b: Corviknight|87/100|[from] Recoil\n|move|p2a: Aegislash|Swords Dance|p2a: Aegislash\n|-boost|p2a: Aegislash|atk|2\n|\n|-heal|p1b: Corviknight|93/100|[from] item: Leftovers\n|upkeep\n|\n|t:|1776527754\n|switch|p2b: Maushold|Maushold-Four, L50|100/100\n|turn|4\n|\n|t:|1776527773\n|move|p2b: Maushold|Follow Me|p2b: Maushold\n|-singleturn|p2b: Maushold|move: Follow Me\n|move|p1a: Garchomp|Stomping Tantrum|p2b: Maushold\n|-damage|p2b: Maushold|54/100\n|move|p1b: Corviknight|Brave Bird|p2b: Maushold\n|-damage|p2b: Maushold|0 fnt\n|faint|p2b: Maushold\n|-damage|p1b: Corviknight|79/100|[from] Recoil\n|-formechange|p2a: Aegislash|Aegislash-Blade|\n|move|p2a: Aegislash|Iron Head|p1a: Garchomp\n|-damage|p1a: Garchomp|0 fnt\n|faint|p1a: Garchomp\n|\n|-heal|p1b: Corviknight|85/100|[from] item: Leftovers\n|-sideend|p1: Fifo3D|move: Tailwind\n|upkeep\n|\n|t:|1776527791\n|switch|p2b: Azumarill|Azumarill, L50, F|100/100\n|switch|p1a: Sneasler|Sneasler, L50, F|100/100\n|turn|5\n|\n|t:|1776527801\n|move|p2a: Aegislash|Shadow Sneak|p1b: Corviknight\n|-damage|p1b: Corviknight|33/100\n|move|p2b: Azumarill|Aqua Jet|p1b: Corviknight\n|-damage|p1b: Corviknight|20/100\n|move|p1a: Sneasler|Dire Claw|p2b: Azumarill\n|-supereffective|p2b: Azumarill|1\n|-damage|p2b: Azumarill|4/100\n|-status|p2b: Azumarill|psn\n|-enditem|p2b: Azumarill|Sitrus Berry|[eat]\n|-heal|p2b: Azumarill|29/100 psn|[from] item: Sitrus Berry\n|move|p1b: Corviknight|Tailwind|p1b: Corviknight\n|-sidestart|p1: Fifo3D|move: Tailwind\n|\n|-heal|p1b: Corviknight|26/100|[from] item: Leftovers\n|-damage|p2b: Azumarill|17/100 psn|[from] psn\n|upkeep\n|turn|6\n|\n|t:|1776527825\n|move|p1b: Corviknight|Protect|p1b: Corviknight\n|-singleturn|p1b: Corviknight|Protect\n|move|p2a: Aegislash|Shadow Sneak|p1b: Corviknight\n|-activate|p1b: Corviknight|move: Protect\n|move|p2b: Azumarill|Aqua Jet|p1a: Sneasler\n|-damage|p1a: Sneasler|54/100\n|move|p1a: Sneasler|Dire Claw|p2b: Azumarill\n|-supereffective|p2b: Azumarill|1\n|-damage|p2b: Azumarill|0 fnt\n|faint|p2b: Azumarill\n|\n|-heal|p1b: Corviknight|32/100|[from] item: Leftovers\n|upkeep\n|turn|7\n|\n|t:|1776527846\n|move|p2a: Aegislash|Shadow Sneak|p1b: Corviknight\n|-damage|p1b: Corviknight|0 fnt\n|faint|p1b: Corviknight\n|move|p1a: Sneasler|U-turn|p2a: Aegislash\n|-resisted|p2a: Aegislash|2\n|-damage|p2a: Aegislash|89/100\n|\n|t:|1776527850\n|switch|p1a: Froslass|Froslass, L50, F|100/100|[from] U-turn\n|\n|upkeep\n|\n|t:|1776527852\n|switch|p1b: Sneasler|Sneasler, L50, F|54/100\n|turn|8\n|\n|t:|1776527861\n|detailschange|p1a: Froslass|Froslass-Mega, L50, F\n|-mega|p1a: Froslass|Froslass|Froslassite\n|-weather|Snowscape|[from] ability: Snow Warning|[of] p1a: Froslass\n|move|p2a: Aegislash|Shadow Sneak|p1a: Froslass\n|-supereffective|p1a: Froslass|1\n|-damage|p1a: Froslass|0 fnt\n|faint|p1a: Froslass\n|move|p1b: Sneasler|U-turn|p2a: Aegislash\n|-resisted|p2a: Aegislash|2\n|-damage|p2a: Aegislash|76/100\n|\n|-weather|Snowscape|[upkeep]\n|-sideend|p1: Fifo3D|move: Tailwind\n|upkeep\n|turn|9\n|-message|Fifo3D forfeited.\n|\n|win|Warehouse User\n|raw|Fifo3D's rating: 1136 &rarr; <strong>1110</strong><br />(-26 for losing)\n|raw|Warehouse User's rating: 1123 &rarr; <strong>1149</strong><br />(+26 for winning)\n|l|\u2606Fifo3D\n|player|p1|\n",
  "uploadtime": 1776527873,
  "views": 14,
  "formatid": "gen9championsvgc2026regma",
  "rating": 1110,
  "private": 0,
  "password": null
}