{
  "id": "gen9championsvgc2026regma-2584305480",
  "format": "[Gen 9 Champions] VGC 2026 Reg M-A",
  "players": [
    "Niftix",
    "Carlceus"
  ],
  "log": "|j|\u2606Niftix\n|j|\u2606Carlceus\n|t:|1776249341\n|gametype|doubles\n|player|p1|Niftix|shadowtriad|1329\n|player|p2|Carlceus|riley|1288\n|gen|9\n|tier|[Gen 9 Champions] VGC 2026 Reg M-A\n|rated|\n|rule|Species Clause: Limit one of each Pok\u00e9mon\n|rule|Item Clause: Limit 1 of each item\n|clearpoke\n|poke|p1|Aggron, L50, M|\n|poke|p1|Alakazam, L50, M|\n|poke|p1|Sinistcha, L50|\n|poke|p1|Rotom-Wash, L50|\n|poke|p1|Incineroar, L50, M|\n|poke|p1|Tyranitar, L50, M|\n|poke|p2|Sneasler, L50, F|\n|poke|p2|Incineroar, L50, F|\n|poke|p2|Floette-Eternal, L50, F|\n|poke|p2|Aerodactyl, L50, F|\n|poke|p2|Garchomp, L50, M|\n|poke|p2|Rotom-Wash, L50|\n|teampreview|4\n|inactive|Battle timer is ON: inactive players will automatically lose when time's up. (requested by Niftix)\n|inactive|Carlceus has 60 seconds left.\n|\n|t:|1776249387\n|teamsize|p1|4\n|teamsize|p2|4\n|start\n|switch|p1a: Aggron|Aggron, L50, M|100/100\n|switch|p1b: Alakazam|Alakazam, L50, M|100/100\n|switch|p2a: Rotom|Rotom-Wash, L50, shiny|100/100\n|switch|p2b: Sneasler|Sneasler, L50, F, shiny|100/100\n|turn|1\n|inactive|Carlceus has 30 seconds left.\n|inactive|Niftix has 30 seconds left.\n|\n|t:|1776249417\n|switch|p2b: Incineroar|Incineroar, L50, F, shiny|100/100\n|-ability|p2b: Incineroar|Intimidate|boost\n|-unboost|p1a: Aggron|atk|1\n|-fail|p1b: Alakazam|unboost|Attack|[from] ability: Inner Focus|[of] p1b: Alakazam\n|detailschange|p1a: Aggron|Aggron-Mega, L50, M\n|-mega|p1a: Aggron|Aggron|Aggronite\n|move|p1a: Aggron|Protect|p1a: Aggron\n|-singleturn|p1a: Aggron|Protect\n|move|p2a: Rotom|Will-O-Wisp|p1a: Aggron\n|-activate|p1a: Aggron|move: Protect\n|move|p1b: Alakazam|Light Screen|p1b: Alakazam\n|-sidestart|p1: Niftix|move: Light Screen\n|\n|upkeep\n|turn|2\n|inactive|Niftix has 30 seconds left.\n|inactive|Carlceus has 30 seconds left.\n|\n|t:|1776249442\n|move|p2a: Rotom|Will-O-Wisp|p1a: Aggron\n|-status|p1a: Aggron|brn\n|move|p1b: Alakazam|Speed Swap|p1a: Aggron\n|-activate|p1b: Alakazam|move: Speed Swap|[of] p1a: Aggron\n|move|p1a: Aggron|Iron Defense|p1a: Aggron\n|-boost|p1a: Aggron|def|2\n|move|p2b: Incineroar|Throat Chop|p1b: Alakazam\n|-supereffective|p1b: Alakazam|1\n|-enditem|p1b: Alakazam|Focus Sash\n|-damage|p1b: Alakazam|1/100\n|-start|p1b: Alakazam|Throat Chop|[silent]\n|\n|-damage|p1a: Aggron|94/100 brn|[from] brn\n|upkeep\n|turn|3\n|inactive|Niftix has 30 seconds left.\n|inactive|Carlceus has 30 seconds left.\n|inactive|Carlceus has 20 seconds left.\n|\n|t:|1776249479\n|move|p2a: Rotom|Will-O-Wisp|p1b: Alakazam\n|-status|p1b: Alakazam|brn\n|move|p1a: Aggron|Iron Defense|p1a: Aggron\n|-boost|p1a: Aggron|def|2\n|move|p2b: Incineroar|Parting Shot|p1a: Aggron\n|-unboost|p1a: Aggron|atk|1\n|-unboost|p1a: Aggron|spa|1\n|l|\u2606Carlceus\n|inactive|Carlceus disconnected and has a minute to reconnect!\n|player|p2|\n|inactive|Carlceus has 30 seconds left.\n|j|\u2606Carlceus\n|inactive|Carlceus reconnected and has 30 seconds left.\n|player|p2|Carlceus|riley|\n|inactive|Carlceus has 20 seconds left.\n|\n|t:|1776249516\n|switch|p2b: Sneasler|Sneasler, L50, F, shiny|100/100|[from] Parting Shot\n|move|p1b: Alakazam|Dazzling Gleam|p2b: Sneasler|[spread] p2a,p2b\n|-damage|p2a: Rotom|82/100\n|-damage|p2b: Sneasler|76/100\n|\n|-damage|p1a: Aggron|88/100 brn|[from] brn\n|-damage|p1b: Alakazam|0 fnt|[from] brn\n|faint|p1b: Alakazam\n|upkeep\n|\n|t:|1776249535\n|switch|p1b: Sinistcha|Sinistcha, L50|100/100\n|-heal|p1a: Aggron|100/100 brn|[from] ability: Hospitality|[of] p1b: Sinistcha\n|turn|4\n|\n|t:|1776249556\n|switch|p2a: Incineroar|Incineroar, L50, F, shiny|100/100\n|-ability|p2a: Incineroar|Intimidate|boost\n|-unboost|p1a: Aggron|atk|1\n|-unboost|p1b: Sinistcha|atk|1\n|move|p1b: Sinistcha|Rage Powder|p1b: Sinistcha\n|-singleturn|p1b: Sinistcha|move: Rage Powder\n|move|p2b: Sneasler|Dire Claw|p1b: Sinistcha\n|-damage|p1b: Sinistcha|71/100\n|move|p1a: Aggron|Iron Defense|p1a: Aggron\n|-boost|p1a: Aggron|def|2\n|\n|-damage|p1a: Aggron|94/100 brn|[from] brn\n|upkeep\n|turn|5\n|\n|t:|1776249578\n|switch|p2b: Floette|Floette-Eternal, L50, F|100/100\n|switch|p1b: Incineroar|Incineroar, L50, M|100/100\n|-ability|p1b: Incineroar|Intimidate|boost\n|-unboost|p2a: Incineroar|atk|1\n|-unboost|p2b: Floette|atk|1\n|move|p2a: Incineroar|Fake Out|p1a: Aggron\n|-resisted|p1a: Aggron|1\n|-damage|p1a: Aggron|94/100 brn\n|cant|p1a: Aggron|flinch\n|\n|-damage|p1a: Aggron|88/100 brn|[from] brn\n|-sideend|p1: Niftix|move: Light Screen\n|upkeep\n|turn|6\n|\n|t:|1776249602\n|switch|p2a: Sneasler|Sneasler, L50, F, shiny|76/100\n|move|p2b: Floette|Protect|p2b: Floette\n|-singleturn|p2b: Floette|Protect\n|move|p1b: Incineroar|Fake Out|p2b: Floette\n|-activate|p2b: Floette|move: Protect\n|move|p1a: Aggron|Body Press|p2b: Floette\n|-activate|p2b: Floette|move: Protect\n|\n|-damage|p1a: Aggron|81/100 brn|[from] brn\n|upkeep\n|turn|7\n|\n|t:|1776249628\n|switch|p1b: Sinistcha|Sinistcha, L50|71/100\n|-heal|p1a: Aggron|100/100 brn|[from] ability: Hospitality|[of] p1b: Sinistcha\n|detailschange|p2b: Floette|Floette-Mega, L50, F\n|-mega|p2b: Floette|Floette|Floettite\n|-ability|p2b: Floette|Fairy Aura\n|move|p2a: Sneasler|Fake Out|p1a: Aggron\n|-resisted|p1a: Aggron|1\n|-damage|p1a: Aggron|99/100 brn\n|cant|p1a: Aggron|flinch\n|move|p2b: Floette|Calm Mind|p2b: Floette\n|-boost|p2b: Floette|spa|1\n|-boost|p2b: Floette|spd|1\n|\n|-damage|p1a: Aggron|93/100 brn|[from] brn\n|upkeep\n|turn|8\n|\n|t:|1776249652\n|switch|p2a: Incineroar|Incineroar, L50, F, shiny|100/100\n|-ability|p2a: Incineroar|Intimidate|boost\n|-unboost|p1a: Aggron|atk|1\n|-unboost|p1b: Sinistcha|atk|1\n|switch|p1b: Incineroar|Incineroar, L50, M|100/100\n|-ability|p1b: Incineroar|Intimidate|boost\n|-unboost|p2a: Incineroar|atk|1\n|-unboost|p2b: Floette|atk|1\n|move|p2b: Floette|Protect|p2b: Floette\n|-singleturn|p2b: Floette|Protect\n|move|p1a: Aggron|Body Press|p2a: Incineroar\n|-supereffective|p2a: Incineroar|1\n|-damage|p2a: Incineroar|0 fnt\n|faint|p2a: Incineroar\n|\n|-damage|p1a: Aggron|87/100 brn|[from] brn\n|upkeep\n|\n|t:|1776249672\n|switch|p2a: Sneasler|Sneasler, L50, F, shiny|76/100\n|turn|9\n|\n|t:|1776249679\n|move|p2a: Sneasler|Fake Out|p1a: Aggron\n|-resisted|p1a: Aggron|1\n|-damage|p1a: Aggron|86/100 brn\n|move|p1b: Incineroar|Fake Out|p2a: Sneasler\n|-damage|p2a: Sneasler|58/100\n|cant|p1a: Aggron|flinch\n|move|p2b: Floette|Calm Mind|p2b: Floette\n|-boost|p2b: Floette|spa|1\n|-boost|p2b: Floette|spd|1\n|\n|-damage|p1a: Aggron|80/100 brn|[from] brn\n|upkeep\n|turn|10\n|inactive|Niftix has 30 seconds left.\n|inactive|Carlceus has 30 seconds left.\n|\n|t:|1776249713\n|switch|p2a: Rotom|Rotom-Wash, L50, shiny|82/100\n|move|p2b: Floette|Protect|p2b: Floette\n|-singleturn|p2b: Floette|Protect\n|move|p1a: Aggron|Body Press|p2a: Rotom\n|-damage|p2a: Rotom|2/100\n|move|p1b: Incineroar|Parting Shot|p2b: Floette\n|-activate|p2b: Floette|move: Protect\n|\n|-damage|p1a: Aggron|73/100 brn|[from] brn\n|upkeep\n|turn|11\n|\n|t:|1776249733\n|move|p2a: Rotom|Electroweb|p1a: Aggron|[spread] p1a,p1b\n|-damage|p1a: Aggron|60/100 brn\n|-damage|p1b: Incineroar|87/100\n|-unboost|p1a: Aggron|spe|1\n|-unboost|p1b: Incineroar|spe|1\n|move|p2b: Floette|Dazzling Gleam|p1b: Incineroar|[spread] p1a,p1b\n|-resisted|p1a: Aggron|1\n|-damage|p1a: Aggron|23/100 brn\n|-damage|p1b: Incineroar|0 fnt\n|faint|p1b: Incineroar\n|move|p1a: Aggron|Body Press|p2b: Floette\n|-resisted|p2b: Floette|1\n|-damage|p2b: Floette|62/100\n|\n|-damage|p1a: Aggron|16/100 brn|[from] brn\n|upkeep\n|\n|t:|1776249745\n|switch|p1b: Sinistcha|Sinistcha, L50|71/100\n|-heal|p1a: Aggron|41/100 brn|[from] ability: Hospitality|[of] p1b: Sinistcha\n|turn|12\n|\n|t:|1776249759\n|move|p1a: Aggron|Protect|p1a: Aggron\n|-singleturn|p1a: Aggron|Protect\n|move|p2a: Rotom|Electroweb|p1b: Sinistcha|[spread] p1b\n|-activate|p1a: Aggron|move: Protect\n|-resisted|p1b: Sinistcha|1\n|-damage|p1b: Sinistcha|63/100\n|-unboost|p1b: Sinistcha|spe|1\n|move|p2b: Floette|Dazzling Gleam|p1b: Sinistcha|[spread] p1b\n|-activate|p1a: Aggron|move: Protect\n|-damage|p1b: Sinistcha|0 fnt\n|faint|p1b: Sinistcha\n|\n|-damage|p1a: Aggron|35/100 brn|[from] brn\n|upkeep\n|turn|13\n|\n|t:|1776249780\n|switch|p2a: Sneasler|Sneasler, L50, F, shiny|58/100\n|move|p2b: Floette|Protect|p2b: Floette\n|-singleturn|p2b: Floette|Protect\n|move|p1a: Aggron|Body Press|p2b: Floette\n|-activate|p2b: Floette|move: Protect\n|\n|-damage|p1a: Aggron|29/100 brn|[from] brn\n|upkeep\n|turn|14\n|\n|t:|1776249794\n|move|p2a: Sneasler|Fake Out|p1a: Aggron\n|-resisted|p1a: Aggron|1\n|-damage|p1a: Aggron|28/100 brn\n|move|p2b: Floette|Dazzling Gleam|p1a: Aggron\n|-resisted|p1a: Aggron|1\n|-damage|p1a: Aggron|0 fnt\n|faint|p1a: Aggron\n|\n|win|Carlceus\n|raw|Niftix's rating: 1329 &rarr; <strong>1307</strong><br />(-22 for losing)\n|raw|Carlceus's rating: 1288 &rarr; <strong>1316</strong><br />(+28 for winning)\n|l|\u2606Niftix\n|player|p1|\n",
  "uploadtime": 1776249864,
  "views": 41,
  "formatid": "gen9championsvgc2026regma",
  "rating": 1307,
  "private": 0,
  "password": null
}