{
  "id": "gen9championsvgc2026regma-2581552260",
  "format": "[Gen 9 Champions] VGC 2026 Reg M-A",
  "players": [
    "Mangio_m",
    "steamboatwilly"
  ],
  "log": "|j|\u2606Mangio_m\n|j|\u2606steamboatwilly\n|t:|1776010367\n|gametype|doubles\n|player|p1|Mangio_m|flint|1225\n|player|p2|steamboatwilly|cynthia|1190\n|gen|9\n|tier|[Gen 9 Champions] VGC 2026 Reg M-A\n|rated|\n|rule|Species Clause: Limit one of each Pok\u00e9mon\n|rule|Item Clause: Limit 1 of each item\n|clearpoke\n|poke|p1|Golurk, L50|\n|poke|p1|Incineroar, L50, F|\n|poke|p1|Farigiraf, L50, M|\n|poke|p1|Sneasler, L50, F|\n|poke|p1|Torkoal, L50, M|\n|poke|p1|Venusaur, L50, M|\n|poke|p2|Tyranitar, L50, M|\n|poke|p2|Excadrill, L50, M|\n|poke|p2|Rotom-Wash, L50|\n|poke|p2|Incineroar, L50, M|\n|poke|p2|Dragonite, L50, F|\n|poke|p2|Scovillain, L50, F|\n|teampreview|4\n|inactive|Battle timer is ON: inactive players will automatically lose when time's up. (requested by Mangio_m)\n|inactive|steamboatwilly has 60 seconds left.\n|\n|t:|1776010421\n|teamsize|p1|4\n|teamsize|p2|4\n|start\n|switch|p1a: Sneasler|Sneasler, L50, F|100/100\n|switch|p1b: Farigiraf|Farigiraf, L50, M|100/100\n|switch|p2a: Dragonite|Dragonite, L50, F|100/100\n|switch|p2b: Incineroar|Incineroar, L50, M|100/100\n|-ability|p2b: Incineroar|Intimidate|boost\n|-unboost|p1a: Sneasler|atk|1\n|-unboost|p1b: Farigiraf|atk|1\n|-enditem|p1a: Sneasler|White Herb\n|-clearnegativeboost|p1a: Sneasler|[silent]\n|turn|1\n|inactive|Mangio_m has 30 seconds left.\n|inactive|steamboatwilly has 30 seconds left.\n|\n|t:|1776010455\n|move|p1a: Sneasler|Close Combat|p2b: Incineroar\n|-supereffective|p2b: Incineroar|1\n|-damage|p2b: Incineroar|0 fnt\n|-unboost|p1a: Sneasler|def|1\n|-unboost|p1a: Sneasler|spd|1\n|faint|p2b: Incineroar\n|move|p2a: Dragonite|Stomping Tantrum|p1a: Sneasler\n|-supereffective|p1a: Sneasler|1\n|-damage|p1a: Sneasler|0 fnt\n|faint|p1a: Sneasler\n|move|p1b: Farigiraf|Trick Room|p1b: Farigiraf\n|-fieldstart|move: Trick Room|[of] p1b: Farigiraf\n|\n|upkeep\n|\n|t:|1776010471\n|switch|p2b: Scovillain|Scovillain, L50, F|100/100\n|switch|p1a: Golurk|Golurk, L50|100/100\n|turn|2\n|\n|t:|1776010492\n|detailschange|p1a: Golurk|Golurk-Mega, L50\n|-mega|p1a: Golurk|Golurk|Golurkite\n|detailschange|p2b: Scovillain|Scovillain-Mega, L50, F\n|-mega|p2b: Scovillain|Scovillain|Scovillainite\n|move|p1b: Farigiraf|Helping Hand|p1a: Golurk\n|-singleturn|p1a: Golurk|Helping Hand|[of] p1b: Farigiraf\n|move|p2b: Scovillain|Rage Powder|p2b: Scovillain\n|-singleturn|p2b: Scovillain|move: Rage Powder\n|move|p1a: Golurk|Ice Punch|p2b: Scovillain\n|-damage|p2b: Scovillain|48/100\n|-status|p1a: Golurk|brn|[from] ability: Spicy Spray|[of] p2b: Scovillain\n|move|p2a: Dragonite|Stomping Tantrum|p1a: Golurk\n|-damage|p1a: Golurk|74/100 brn\n|\n|-damage|p1a: Golurk|69/100 brn|[from] brn\n|upkeep\n|turn|3\n|inactive|Mangio_m has 30 seconds left.\n|inactive|steamboatwilly has 30 seconds left.\n|inactive|steamboatwilly has 20 seconds left.\n|inactive|steamboatwilly has 15 seconds left.\n|\n|t:|1776010533\n|switch|p2a: Tyranitar|Tyranitar, L50, M|100/100\n|-weather|Sandstorm|[from] ability: Sand Stream|[of] p2a: Tyranitar\n|move|p1b: Farigiraf|Hyper Voice|p2a: Tyranitar|[spread] p2a,p2b\n|-resisted|p2a: Tyranitar|1\n|-damage|p2a: Tyranitar|90/100\n|-damage|p2b: Scovillain|20/100\n|-status|p1b: Farigiraf|brn|[from] ability: Spicy Spray|[of] p2b: Scovillain\n|move|p1a: Golurk|Headlong Rush|p2b: Scovillain\n|-damage|p2b: Scovillain|0 fnt\n|-unboost|p1a: Golurk|def|1\n|-unboost|p1a: Golurk|spd|1\n|faint|p2b: Scovillain\n|\n|-weather|Sandstorm|[upkeep]\n|-damage|p1b: Farigiraf|94/100 brn|[from] Sandstorm\n|-damage|p1b: Farigiraf|88/100 brn|[from] brn\n|-damage|p1a: Golurk|63/100 brn|[from] brn\n|upkeep\n|\n|t:|1776010551\n|switch|p2b: Dragonite|Dragonite, L50, F|100/100\n|turn|4\n|\n|t:|1776010574\n|move|p1b: Farigiraf|Helping Hand|p1a: Golurk\n|-singleturn|p1a: Golurk|Helping Hand|[of] p1b: Farigiraf\n|move|p1a: Golurk|Ice Punch|p2b: Dragonite\n|-supereffective|p2b: Dragonite|2\n|-damage|p2b: Dragonite|0 fnt\n|faint|p2b: Dragonite\n|move|p2a: Tyranitar|Crunch|p1b: Farigiraf\n|-supereffective|p1b: Farigiraf|1\n|-damage|p1b: Farigiraf|17/100 brn\n|-enditem|p1b: Farigiraf|Sitrus Berry|[eat]\n|-heal|p1b: Farigiraf|41/100 brn|[from] item: Sitrus Berry\n|\n|-weather|Sandstorm|[upkeep]\n|-damage|p1b: Farigiraf|35/100 brn|[from] Sandstorm\n|-damage|p1b: Farigiraf|29/100 brn|[from] brn\n|-damage|p1a: Golurk|57/100 brn|[from] brn\n|upkeep\n|turn|5\n|\n|t:|1776010598\n|move|p1b: Farigiraf|Helping Hand|p1a: Golurk\n|-singleturn|p1a: Golurk|Helping Hand|[of] p1b: Farigiraf\n|move|p1a: Golurk|Headlong Rush|p2a: Tyranitar\n|-supereffective|p2a: Tyranitar|1\n|-damage|p2a: Tyranitar|0 fnt\n|-unboost|p1a: Golurk|def|1\n|-unboost|p1a: Golurk|spd|1\n|faint|p2a: Tyranitar\n|\n|win|Mangio_m\n|raw|Mangio_m's rating: 1225 &rarr; <strong>1247</strong><br />(+22 for winning)\n|raw|steamboatwilly's rating: 1190 &rarr; <strong>1168</strong><br />(-22 for losing)\n|l|\u2606steamboatwilly\n|player|p2|\n",
  "uploadtime": 1776010642,
  "views": 17,
  "formatid": "gen9championsvgc2026regma",
  "rating": 1168,
  "private": 0,
  "password": null
}