{
  "id": "gen9championsvgc2026regma-2582484198",
  "format": "[Gen 9 Champions] VGC 2026 Reg M-A",
  "players": [
    "Planthony",
    "mrman5905"
  ],
  "log": "|j|\u2606Planthony\n|j|\u203dmrman5905\n|t:|1776094644\n|gametype|doubles\n|player|p1|Planthony|266|1054\n|player|p2|mrman5905|linebacker|1024\n|gen|9\n|tier|[Gen 9 Champions] VGC 2026 Reg M-A\n|rated|\n|rule|Species Clause: Limit one of each Pok\u00e9mon\n|rule|Item Clause: Limit 1 of each item\n|clearpoke\n|poke|p1|Aggron, L50, M|\n|poke|p1|Pelipper, L50, F|\n|poke|p1|Basculegion, L50, M|\n|poke|p1|Dragonite, L50, F|\n|poke|p1|Sinistcha, L50|\n|poke|p1|Sneasler, L50, F|\n|poke|p2|Rotom-Heat, L50|\n|poke|p2|Starmie, L50|\n|poke|p2|Tyranitar, L50, M|\n|poke|p2|Garchomp, L50, M|\n|poke|p2|Aegislash, L50, M|\n|poke|p2|Aerodactyl, L50, M|\n|teampreview|4\n|inactive|Battle timer is ON: inactive players will automatically lose when time's up. (requested by mrman5905)\n|inactive|Planthony has 60 seconds left.\n|\n|t:|1776094685\n|teamsize|p1|4\n|teamsize|p2|4\n|start\n|switch|p1a: Pelipper|Pelipper, L50, F|100/100\n|switch|p1b: Sinistcha|Sinistcha, L50|100/100\n|switch|p2a: Starmie|Starmie, L50|100/100\n|switch|p2b: Aerodactyl|Aerodactyl, L50, M|100/100\n|-ability|p2b: Aerodactyl|Unnerve\n|-weather|RainDance|[from] ability: Drizzle|[of] p1a: Pelipper\n|turn|1\n|\n|t:|1776094707\n|move|p2a: Starmie|Protect|p2a: Starmie\n|-singleturn|p2a: Starmie|Protect\n|move|p2b: Aerodactyl|Tailwind|p2b: Aerodactyl\n|-sidestart|p2: mrman5905|move: Tailwind\n|move|p1a: Pelipper|Weather Ball|p2b: Aerodactyl\n|-supereffective|p2b: Aerodactyl|1\n|-enditem|p2b: Aerodactyl|Focus Sash\n|-damage|p2b: Aerodactyl|1/100\n|move|p1b: Sinistcha|Trick Room|p1b: Sinistcha\n|-fieldstart|move: Trick Room|[of] p1b: Sinistcha\n|\n|-weather|RainDance|[upkeep]\n|upkeep\n|turn|2\n|inactive|mrman5905 has 30 seconds left.\n|\n|t:|1776094741\n|switch|p1a: Aggron|Aggron, L50, M|100/100\n|switch|p2a: Tyranitar|Tyranitar, L50, M|100/100\n|-weather|Sandstorm|[from] ability: Sand Stream|[of] p2a: Tyranitar\n|move|p1b: Sinistcha|Matcha Gotcha|p2b: Aerodactyl|[spread] p2a,p2b\n|-supereffective|p2a: Tyranitar|1\n|-damage|p2a: Tyranitar|67/100\n|-damage|p2b: Aerodactyl|0 fnt\n|-status|p2a: Tyranitar|brn\n|faint|p2b: Aerodactyl\n|\n|-weather|Sandstorm|[upkeep]\n|-damage|p1b: Sinistcha|94/100|[from] Sandstorm\n|-damage|p2a: Tyranitar|60/100 brn|[from] brn\n|upkeep\n|\n|t:|1776094757\n|switch|p2b: Starmie|Starmie, L50|100/100\n|turn|3\n|\n|t:|1776094780\n|detailschange|p1a: Aggron|Aggron-Mega, L50, M\n|-mega|p1a: Aggron|Aggron|Aggronite\n|detailschange|p2b: Starmie|Starmie-Mega, L50\n|-mega|p2b: Starmie|Starmie|Starminite\n|move|p1a: Aggron|Iron Defense|p1a: Aggron\n|-boost|p1a: Aggron|def|2\n|move|p1b: Sinistcha|Matcha Gotcha|p2b: Starmie|[spread] p2a,p2b\n|-supereffective|p2a: Tyranitar|1\n|-supereffective|p2b: Starmie|1\n|-damage|p2a: Tyranitar|25/100 brn\n|-heal|p1b: Sinistcha|100/100|[from] drain|[of] p2a: Tyranitar\n|-damage|p2b: Starmie|40/100\n|move|p2a: Tyranitar|Knock Off|p1b: Sinistcha\n|-supereffective|p1b: Sinistcha|1\n|-damage|p1b: Sinistcha|51/100\n|-enditem|p1b: Sinistcha|Sitrus Berry|[from] move: Knock Off|[of] p2a: Tyranitar\n|move|p2b: Starmie|Liquidation|p1a: Aggron\n|-damage|p1a: Aggron|84/100\n|\n|-weather|Sandstorm|[upkeep]\n|-damage|p1b: Sinistcha|45/100|[from] Sandstorm\n|-damage|p2b: Starmie|34/100|[from] Sandstorm\n|-damage|p2a: Tyranitar|19/100 brn|[from] brn\n|upkeep\n|turn|4\n|inactive|Planthony has 30 seconds left.\n|inactive|mrman5905 has 30 seconds left.\n|\n|t:|1776094807\n|move|p2b: Starmie|Protect|p2b: Starmie\n|-singleturn|p2b: Starmie|Protect\n|move|p1a: Aggron|Body Press|p2b: Starmie\n|-activate|p2b: Starmie|move: Protect\n|move|p1b: Sinistcha|Matcha Gotcha|p2b: Starmie|[spread] \n|-activate|p2b: Starmie|move: Protect\n|-miss|p1b: Sinistcha|p2a: Tyranitar\n|move|p2a: Tyranitar|Knock Off|p1b: Sinistcha\n|-supereffective|p1b: Sinistcha|1\n|-damage|p1b: Sinistcha|15/100\n|\n|-weather|Sandstorm|[upkeep]\n|-damage|p1b: Sinistcha|8/100|[from] Sandstorm\n|-damage|p2b: Starmie|28/100|[from] Sandstorm\n|-damage|p2a: Tyranitar|13/100 brn|[from] brn\n|-sideend|p2: mrman5905|move: Tailwind\n|upkeep\n|turn|5\n|inactive|mrman5905 has 30 seconds left.\n|inactive|mrman5905 has 20 seconds left.\n|\n|t:|1776094845\n|move|p1a: Aggron|Body Press|p2a: Tyranitar\n|-supereffective|p2a: Tyranitar|2\n|-damage|p2a: Tyranitar|0 fnt\n|faint|p2a: Tyranitar\n|move|p1b: Sinistcha|Matcha Gotcha|p2b: Starmie\n|-supereffective|p2b: Starmie|1\n|-damage|p2b: Starmie|0 fnt\n|-heal|p1b: Sinistcha|19/100|[from] drain|[of] p2b: Starmie\n|faint|p2b: Starmie\n|\n|-weather|Sandstorm|[upkeep]\n|-damage|p1b: Sinistcha|13/100|[from] Sandstorm\n|-fieldend|move: Trick Room\n|upkeep\n|\n|t:|1776094863\n|switch|p2a: Garchomp|Garchomp, L50, M|100/100\n|turn|6\n|\n|t:|1776094871\n|move|p2a: Garchomp|Earthquake|p1a: Aggron|[spread] p1a,p1b\n|-supereffective|p1a: Aggron|1\n|-resisted|p1b: Sinistcha|1\n|-crit|p1b: Sinistcha\n|-damage|p1a: Aggron|68/100\n|-damage|p1b: Sinistcha|0 fnt\n|faint|p1b: Sinistcha\n|move|p1a: Aggron|Body Press|p2a: Garchomp\n|-damage|p2a: Garchomp|21/100\n|\n|-weather|none\n|upkeep\n|\n|t:|1776094875\n|switch|p1b: Pelipper|Pelipper, L50, F|100/100\n|-weather|RainDance|[from] ability: Drizzle|[of] p1b: Pelipper\n|turn|7\n|\n|t:|1776094885\n|move|p1b: Pelipper|Weather Ball|p2a: Garchomp\n|-damage|p2a: Garchomp|0 fnt\n|faint|p2a: Garchomp\n|\n|win|Planthony\n|raw|Planthony's rating: 1054 &rarr; <strong>1083</strong><br />(+29 for winning)\n|raw|mrman5905's rating: 1024 &rarr; <strong>1012</strong><br />(-12 for losing)\n",
  "uploadtime": 1776094887,
  "views": 11,
  "formatid": "gen9championsvgc2026regma",
  "rating": 1012,
  "private": 0,
  "password": null
}