{
  "id": "gen9championsvgc2026regma-2585665600",
  "format": "[Gen 9 Champions] VGC 2026 Reg M-A",
  "players": [
    "Willish6634",
    "ed honcho"
  ],
  "log": "|j|\u2606Willish6634\n|j|\u2606ed honcho\n|t:|1776362249\n|gametype|doubles\n|player|p1|Willish6634|cyrus|1127\n|player|p2|ed honcho|janitor|1064\n|gen|9\n|tier|[Gen 9 Champions] VGC 2026 Reg M-A\n|rated|\n|rule|Species Clause: Limit one of each Pok\u00e9mon\n|rule|Item Clause: Limit 1 of each item\n|clearpoke\n|poke|p1|Absol, L50, M|\n|poke|p1|Aerodactyl, L50, M|\n|poke|p1|Incineroar, L50, F|\n|poke|p1|Rotom-Wash, L50|\n|poke|p1|Sinistcha, L50|\n|poke|p1|Sylveon, L50, F|\n|poke|p2|Crabominable, L50, M|\n|poke|p2|Aromatisse, L50, F|\n|poke|p2|Oranguru, L50, M|\n|poke|p2|Heliolisk, L50, F|\n|poke|p2|Kingambit, L50, M|\n|poke|p2|Incineroar, L50, M|\n|teampreview|4\n|inactive|Battle timer is ON: inactive players will automatically lose when time's up. (requested by ed honcho)\n|\n|t:|1776362296\n|teamsize|p1|4\n|teamsize|p2|4\n|start\n|switch|p1a: Sylveon|Sylveon, L50, F|100/100\n|switch|p1b: Absol|Absol, L50, M|100/100\n|switch|p2a: Crabominable|Crabominable, L50, M|100/100\n|switch|p2b: Oranguru|Oranguru, L50, M|100/100\n|turn|1\n|\n|t:|1776362324\n|detailschange|p1b: Absol|Absol-Mega, L50, M\n|-mega|p1b: Absol|Absol|Absolite\n|move|p2a: Crabominable|Protect|p2a: Crabominable\n|-singleturn|p2a: Crabominable|Protect\n|move|p1b: Absol|Throat Chop|p2b: Oranguru\n|-supereffective|p2b: Oranguru|1\n|-enditem|p2b: Oranguru|Colbur Berry|[eat]\n|-enditem|p2b: Oranguru|Colbur Berry|[weaken]\n|-damage|p2b: Oranguru|55/100\n|-start|p2b: Oranguru|Throat Chop|[silent]\n|move|p1a: Sylveon|Hyper Voice|p2b: Oranguru|[spread] p2b\n|-activate|p2a: Crabominable|move: Protect\n|-damage|p2b: Oranguru|18/100\n|move|p2b: Oranguru|Trick Room|p2b: Oranguru\n|-fieldstart|move: Trick Room|[of] p2b: Oranguru\n|\n|upkeep\n|turn|2\n|\n|t:|1776362342\n|detailschange|p2a: Crabominable|Crabominable-Mega, L50, M\n|-mega|p2a: Crabominable|Crabominable|Crabominite\n|move|p1b: Absol|Protect|p1b: Absol\n|-singleturn|p1b: Absol|Protect\n|move|p2a: Crabominable|Drain Punch|p1b: Absol\n|-activate|p1b: Absol|move: Protect\n|move|p2b: Oranguru|Instruct|p2a: Crabominable\n|-singleturn|p2a: Crabominable|move: Instruct|[of] p2b: Oranguru\n|move|p2a: Crabominable|Drain Punch|p1b: Absol\n|-activate|p1b: Absol|move: Protect\n|move|p1a: Sylveon|Hyper Voice|p2a: Crabominable|[spread] p2a,p2b\n|-supereffective|p2a: Crabominable|1\n|-damage|p2a: Crabominable|24/100\n|-damage|p2b: Oranguru|0 fnt\n|faint|p2b: Oranguru\n|\n|upkeep\n|\n|t:|1776362346\n|switch|p2b: Kingambit|Kingambit, L50, M|100/100\n|turn|3\n|\n|t:|1776362365\n|switch|p1b: Incineroar|Incineroar, L50, F|100/100\n|-ability|p1b: Incineroar|Intimidate|boost\n|-unboost|p2a: Crabominable|atk|1\n|-unboost|p2b: Kingambit|atk|1\n|-ability|p2b: Kingambit|Defiant|boost\n|-boost|p2b: Kingambit|atk|2\n|move|p2a: Crabominable|Drain Punch|p1b: Incineroar\n|-supereffective|p1b: Incineroar|1\n|-damage|p1b: Incineroar|35/100\n|-heal|p2a: Crabominable|56/100|[from] drain|[of] p1b: Incineroar\n|-enditem|p1b: Incineroar|Sitrus Berry|[eat]\n|-heal|p1b: Incineroar|60/100|[from] item: Sitrus Berry\n|move|p2b: Kingambit|Swords Dance|p2b: Kingambit\n|-boost|p2b: Kingambit|atk|2\n|move|p1a: Sylveon|Hyper Voice|p2a: Crabominable|[spread] p2a,p2b\n|-supereffective|p2a: Crabominable|1\n|-damage|p2a: Crabominable|0 fnt\n|-damage|p2b: Kingambit|48/100\n|faint|p2a: Crabominable\n|\n|upkeep\n|\n|t:|1776362380\n|switch|p2a: Incineroar|Incineroar, L50, M|100/100\n|-ability|p2a: Incineroar|Intimidate|boost\n|-unboost|p1a: Sylveon|atk|1\n|-unboost|p1b: Incineroar|atk|1\n|turn|4\n|\n|t:|1776362391\n|move|p1a: Sylveon|Protect|p1a: Sylveon\n|-singleturn|p1a: Sylveon|Protect\n|move|p2a: Incineroar|Fake Out|p1b: Incineroar\n|-damage|p1b: Incineroar|51/100\n|move|p2b: Kingambit|Kowtow Cleave|p1a: Sylveon\n|-activate|p1a: Sylveon|move: Protect\n|cant|p1b: Incineroar|flinch\n|\n|upkeep\n|turn|5\n|\n|t:|1776362418\n|switch|p1a: Sinistcha|Sinistcha, L50|100/100\n|-heal|p1b: Incineroar|76/100|[from] ability: Hospitality|[of] p1a: Sinistcha\n|move|p2b: Kingambit|Kowtow Cleave|p1b: Incineroar\n|-resisted|p1b: Incineroar|1\n|-damage|p1b: Incineroar|25/100\n|move|p1b: Incineroar|Parting Shot|p2a: Incineroar\n|-unboost|p2a: Incineroar|atk|1\n|-unboost|p2a: Incineroar|spa|1\n|\n|t:|1776362421\n|switch|p1b: Sylveon|Sylveon, L50, F|100/100|[from] Parting Shot\n|move|p2a: Incineroar|Flare Blitz|p1a: Sinistcha\n|-supereffective|p1a: Sinistcha|1\n|-damage|p1a: Sinistcha|43/100\n|-status|p1a: Sinistcha|brn\n|-damage|p2a: Incineroar|84/100|[from] Recoil\n|\n|-heal|p1a: Sinistcha|49/100 brn|[from] item: Leftovers\n|-damage|p1a: Sinistcha|43/100 brn|[from] brn\n|-fieldend|move: Trick Room\n|upkeep\n|turn|6\n|\n|t:|1776362444\n|move|p1a: Sinistcha|Rage Powder|p1a: Sinistcha\n|-singleturn|p1a: Sinistcha|move: Rage Powder\n|move|p2b: Kingambit|Sucker Punch||[still]\n|-fail|p2b: Kingambit\n|move|p1b: Sylveon|Hyper Beam|p2b: Kingambit\n|-damage|p2b: Kingambit|0 fnt\n|-mustrecharge|p1b: Sylveon\n|faint|p2b: Kingambit\n|move|p2a: Incineroar|Flare Blitz|p1a: Sinistcha\n|-supereffective|p1a: Sinistcha|1\n|-damage|p1a: Sinistcha|0 fnt\n|faint|p1a: Sinistcha\n|-damage|p2a: Incineroar|71/100|[from] Recoil\n|\n|upkeep\n|-message|ed honcho forfeited.\n|\n|win|Willish6634\n|raw|Willish6634's rating: 1127 &rarr; <strong>1148</strong><br />(+21 for winning)\n|raw|ed honcho's rating: 1064 &rarr; <strong>1048</strong><br />(-16 for losing)\n|l|\u2606ed honcho\n|player|p2|\n|l|\u2606Willish6634\n|player|p1|\n|j|\u2606Willish6634\n|player|p1|Willish6634|cyrus|\n",
  "uploadtime": 1776362473,
  "views": 28,
  "formatid": "gen9championsvgc2026regma",
  "rating": 1048,
  "private": 0,
  "password": null
}