{
  "id": "gen9championsvgc2026regma-2585397142",
  "format": "[Gen 9 Champions] VGC 2026 Reg M-A",
  "players": [
    "Adbot21",
    "soulo333"
  ],
  "log": "|j|\u203dAdbot21\n|j|\u2606soulo333\n|t:|1776344285\n|gametype|doubles\n|player|p1|Adbot21|2|1131\n|player|p2|soulo333|1|1185\n|gen|9\n|tier|[Gen 9 Champions] VGC 2026 Reg M-A\n|rated|\n|rule|Species Clause: Limit one of each Pok\u00e9mon\n|rule|Item Clause: Limit 1 of each item\n|clearpoke\n|poke|p1|Medicham, L50, F|\n|poke|p1|Talonflame, L50, M|\n|poke|p1|Sinistcha, L50|\n|poke|p1|Sylveon, L50, F|\n|poke|p1|Krookodile, L50, F|\n|poke|p1|Azumarill, L50, M|\n|poke|p2|Charizard, L50, F|\n|poke|p2|Sneasler, L50, M|\n|poke|p2|Sinistcha, L50|\n|poke|p2|Incineroar, L50, M|\n|poke|p2|Milotic, L50, F|\n|poke|p2|Tyranitar, L50, F|\n|teampreview|4\n|\n|t:|1776344325\n|teamsize|p1|4\n|teamsize|p2|4\n|start\n|switch|p1a: Talonflame|Talonflame, L50, M|100/100\n|switch|p1b: Krookodile|Krookodile, L50, F|100/100\n|switch|p2a: Milotic|Milotic, L50, F|100/100\n|switch|p2b: Sinistcha|Sinistcha, L50|100/100\n|-ability|p1b: Krookodile|Intimidate|boost\n|-unboost|p2a: Milotic|atk|1\n|-ability|p2a: Milotic|Competitive|boost\n|-boost|p2a: Milotic|spa|2\n|-unboost|p2b: Sinistcha|atk|1\n|turn|1\n|\n|t:|1776344333\n|switch|p2b: Incineroar|Incineroar, L50, M|100/100\n|-ability|p2b: Incineroar|Intimidate|boost\n|-unboost|p1a: Talonflame|atk|1\n|-unboost|p1b: Krookodile|atk|1\n|move|p1a: Talonflame|Brave Bird|p2b: Incineroar\n|-damage|p2b: Incineroar|72/100\n|-damage|p1a: Talonflame|88/100|[from] Recoil\n|move|p2a: Milotic|Icy Wind|p1b: Krookodile|[spread] p1a,p1b\n|-supereffective|p1b: Krookodile|1\n|-damage|p1a: Talonflame|56/100\n|-damage|p1b: Krookodile|53/100\n|-unboost|p1a: Talonflame|spe|1\n|-unboost|p1b: Krookodile|spe|1\n|move|p1b: Krookodile|Knock Off|p2b: Incineroar\n|-resisted|p2b: Incineroar|1\n|-damage|p2b: Incineroar|58/100\n|-enditem|p2b: Incineroar|Sitrus Berry|[from] move: Knock Off|[of] p1b: Krookodile\n|\n|upkeep\n|turn|2\n|\n|t:|1776344357\n|move|p2b: Incineroar|Fake Out|p1b: Krookodile\n|-crit|p1b: Krookodile\n|-damage|p1b: Krookodile|36/100\n|move|p1a: Talonflame|Tailwind|p1a: Talonflame\n|-sidestart|p1: Adbot21|move: Tailwind\n|cant|p1b: Krookodile|flinch\n|move|p2a: Milotic|Icy Wind|p1b: Krookodile|[spread] p1a\n|-miss|p2a: Milotic|p1b: Krookodile\n|-damage|p1a: Talonflame|24/100\n|-unboost|p1a: Talonflame|spe|1\n|\n|upkeep\n|turn|3\n|\n|t:|1776344374\n|switch|p2b: Sinistcha|Sinistcha, L50|100/100\n|move|p1a: Talonflame|Brave Bird|p2a: Milotic\n|-damage|p2a: Milotic|73/100\n|-damage|p1a: Talonflame|13/100|[from] Recoil\n|move|p1b: Krookodile|Earthquake|p2b: Sinistcha|[spread] p2a,p2b\n|-immune|p1a: Talonflame\n|-resisted|p2b: Sinistcha|1\n|-damage|p2a: Milotic|48/100\n|-damage|p2b: Sinistcha|88/100\n|move|p2a: Milotic|Icy Wind|p1a: Talonflame|[spread] p1a,p1b\n|-supereffective|p1b: Krookodile|1\n|-damage|p1a: Talonflame|0 fnt\n|-damage|p1b: Krookodile|0 fnt\n|faint|p1a: Talonflame\n|faint|p1b: Krookodile\n|\n|-heal|p2a: Milotic|53/100|[from] item: Leftovers\n|upkeep\n|\n|t:|1776344387\n|switch|p1a: Medicham|Medicham, L50, F|100/100\n|switch|p1b: Azumarill|Azumarill, L50, M|100/100\n|turn|4\n|\n|t:|1776344394\n|detailschange|p1a: Medicham|Medicham-Mega, L50, F\n|-mega|p1a: Medicham|Medicham|Medichamite\n|move|p2a: Milotic|Protect|p2a: Milotic\n|-singleturn|p2a: Milotic|Protect\n|move|p1a: Medicham|Fake Out|p2a: Milotic\n|-activate|p2a: Milotic|move: Protect\n|move|p1b: Azumarill|Play Rough|p2b: Sinistcha\n|-damage|p2b: Sinistcha|35/100\n|move|p2b: Sinistcha|Trick Room|p2b: Sinistcha\n|-fieldstart|move: Trick Room|[of] p2b: Sinistcha\n|\n|-heal|p2a: Milotic|59/100|[from] item: Leftovers\n|upkeep\n|turn|5\n|\n|t:|1776344408\n|move|p1b: Azumarill|Protect|p1b: Azumarill\n|-singleturn|p1b: Azumarill|Protect\n|move|p1a: Medicham|Protect|p1a: Medicham\n|-singleturn|p1a: Medicham|Protect\n|move|p2b: Sinistcha|Matcha Gotcha|p1b: Azumarill|[spread] \n|-activate|p1a: Medicham|move: Protect\n|-activate|p1b: Azumarill|move: Protect\n|move|p2a: Milotic|Scald|p1a: Medicham\n|-activate|p1a: Medicham|move: Protect\n|\n|-heal|p2a: Milotic|65/100|[from] item: Leftovers\n|-sideend|p1: Adbot21|move: Tailwind\n|upkeep\n|turn|6\n|\n|t:|1776344427\n|move|p1b: Azumarill|Play Rough|p2a: Milotic\n|-damage|p2a: Milotic|14/100\n|move|p2b: Sinistcha|Matcha Gotcha|p1b: Azumarill|[spread] p1a,p1b\n|-supereffective|p1b: Azumarill|1\n|-damage|p1a: Medicham|60/100\n|-heal|p2b: Sinistcha|54/100|[from] drain|[of] p1a: Medicham\n|-damage|p1b: Azumarill|34/100\n|-heal|p2b: Sinistcha|93/100|[from] drain|[of] p1b: Azumarill\n|-status|p1a: Medicham|brn\n|move|p1a: Medicham|Zen Headbutt|p2b: Sinistcha\n|-damage|p2b: Sinistcha|59/100\n|move|p2a: Milotic|Scald|p1a: Medicham\n|-damage|p1a: Medicham|0 fnt\n|faint|p1a: Medicham\n|\n|-heal|p2a: Milotic|20/100|[from] item: Leftovers\n|upkeep\n|turn|7\n|\n|t:|1776344452\n|move|p2a: Milotic|Protect|p2a: Milotic\n|-singleturn|p2a: Milotic|Protect\n|move|p1b: Azumarill|Liquidation|p2a: Milotic\n|-activate|p2a: Milotic|move: Protect\n|move|p2b: Sinistcha|Matcha Gotcha|p1b: Azumarill|[miss]\n|-miss|p2b: Sinistcha|p1b: Azumarill\n|\n|-heal|p2a: Milotic|26/100|[from] item: Leftovers\n|upkeep\n|turn|8\n|\n|t:|1776344458\n|move|p1b: Azumarill|Liquidation|p2a: Milotic\n|-resisted|p2a: Milotic|1\n|-damage|p2a: Milotic|0 fnt\n|faint|p2a: Milotic\n|move|p2b: Sinistcha|Matcha Gotcha|p1b: Azumarill\n|-supereffective|p1b: Azumarill|1\n|-damage|p1b: Azumarill|0 fnt\n|-heal|p2b: Sinistcha|79/100|[from] drain|[of] p1b: Azumarill\n|faint|p1b: Azumarill\n|\n|win|soulo333\n|raw|Adbot21's rating: 1131 &rarr; <strong>1110</strong><br />(-21 for losing)\n|raw|soulo333's rating: 1185 &rarr; <strong>1206</strong><br />(+21 for winning)\n",
  "uploadtime": 1776344459,
  "views": 18,
  "formatid": "gen9championsvgc2026regma",
  "rating": 1110,
  "private": 0,
  "password": null
}