{
  "id": "gen9championsvgc2026regma-2586176946",
  "format": "[Gen 9 Champions] VGC 2026 Reg M-A",
  "players": [
    "Sergiosh19",
    "XtremeSlayer"
  ],
  "log": "|j|\u2606Sergiosh19\n|j|\u2606XtremeSlayer\n|t:|1776408775\n|gametype|doubles\n|player|p1|Sergiosh19|101|1206\n|player|p2|XtremeSlayer|striker|1122\n|gen|9\n|tier|[Gen 9 Champions] VGC 2026 Reg M-A\n|rated|\n|rule|Species Clause: Limit one of each Pok\u00e9mon\n|rule|Item Clause: Limit 1 of each item\n|clearpoke\n|poke|p1|Dragonite, L50, F|\n|poke|p1|Incineroar, L50, M|\n|poke|p1|Basculegion, L50, M|\n|poke|p1|Pelipper, L50, M|\n|poke|p1|Archaludon, L50, F|\n|poke|p1|Sinistcha, L50|\n|poke|p2|Lucario, L50, F|\n|poke|p2|Palafin, L50, F|\n|poke|p2|Sinistcha-Masterpiece, L50|\n|poke|p2|Typhlosion-Hisui, L50, M|\n|poke|p2|Clefable, L50, M|\n|poke|p2|Kingambit, L50, M|\n|teampreview|4\n|inactive|Battle timer is ON: inactive players will automatically lose when time's up. (requested by XtremeSlayer)\nSergiosh19 has agreed to open team sheets.\n|\n|t:|1776408805\n|teamsize|p1|4\n|teamsize|p2|4\n|start\n|switch|p1a: Pelipper|Pelipper, L50, M|100/100\n|switch|p1b: Archaludon|Archaludon, L50, F|100/100\n|switch|p2a: Lucario|Lucario, L50, F|100/100\n|switch|p2b: Kingambit|Kingambit, L50, M|100/100\n|-weather|RainDance|[from] ability: Drizzle|[of] p1a: Pelipper\n|turn|1\n|inactive|Sergiosh19 has 30 seconds left.\n|\n|t:|1776408834\n|detailschange|p2a: Lucario|Lucario-Mega, L50, F\n|-mega|p2a: Lucario|Lucario|Lucarionite\n|move|p1b: Archaludon|Protect|p1b: Archaludon\n|-singleturn|p1b: Archaludon|Protect\n|move|p2a: Lucario|Meteor Mash|p1a: Pelipper\n|-resisted|p1a: Pelipper|1\n|-damage|p1a: Pelipper|71/100\n|move|p1a: Pelipper|Tailwind|p1a: Pelipper\n|-sidestart|p1: Sergiosh19|move: Tailwind\n|move|p2b: Kingambit|Swords Dance|p2b: Kingambit\n|-boost|p2b: Kingambit|atk|2\n|\n|-weather|RainDance|[upkeep]\n|upkeep\n|turn|2\n|inactive|Sergiosh19 has 30 seconds left.\n|inactive|Sergiosh19 has 20 seconds left.\n|inactive|Sergiosh19 has 15 seconds left.\n|\n|t:|1776408876\n|switch|p1b: Dragonite|Dragonite, L50, F|100/100\n|move|p2a: Lucario|Protect|p2a: Lucario\n|-singleturn|p2a: Lucario|Protect\n|move|p2b: Kingambit|Sucker Punch||[still]\n|-fail|p2b: Kingambit\n|move|p1a: Pelipper|Hurricane|p2a: Lucario\n|-activate|p2a: Lucario|move: Protect\n|\n|-weather|RainDance|[upkeep]\n|upkeep\n|turn|3\n|\n|t:|1776408895\n|detailschange|p1b: Dragonite|Dragonite-Mega, L50, F\n|-mega|p1b: Dragonite|Dragonite|Dragoninite\n|move|p1b: Dragonite|Protect|p1b: Dragonite\n|-singleturn|p1b: Dragonite|Protect\n|move|p2a: Lucario|Meteor Mash|p1b: Dragonite\n|-activate|p1b: Dragonite|move: Protect\n|move|p1a: Pelipper|Hurricane|p2a: Lucario\n|-damage|p2a: Lucario|35/100\n|move|p2b: Kingambit|Iron Head|p1b: Dragonite\n|-activate|p1b: Dragonite|move: Protect\n|\n|-weather|RainDance|[upkeep]\n|upkeep\n|turn|4\n|\n|t:|1776408918\n|switch|p1b: Archaludon|Archaludon, L50, F|100/100\n|move|p2b: Kingambit|Sucker Punch||[still]\n|-fail|p2b: Kingambit\n|move|p2a: Lucario|Meteor Mash|p1a: Pelipper|[miss]\n|-miss|p2a: Lucario|p1a: Pelipper\n|move|p1a: Pelipper|Hurricane|p2b: Kingambit\n|-resisted|p2b: Kingambit|1\n|-damage|p2b: Kingambit|80/100\n|\n|-weather|RainDance|[upkeep]\n|-sideend|p1: Sergiosh19|move: Tailwind\n|upkeep\n|turn|5\n|inactive|Sergiosh19 has 30 seconds left.\n|\n|t:|1776408952\n|move|p1b: Archaludon|Protect|p1b: Archaludon\n|-singleturn|p1b: Archaludon|Protect\n|move|p2a: Lucario|Close Combat|p1b: Archaludon\n|-activate|p1b: Archaludon|move: Protect\n|move|p1a: Pelipper|Surf|p2a: Lucario|[spread] p2a,p2b\n|-activate|p1b: Archaludon|move: Protect\n|-crit|p2a: Lucario\n|-damage|p2a: Lucario|0 fnt\n|-damage|p2b: Kingambit|42/100\n|faint|p2a: Lucario\n|move|p2b: Kingambit|Swords Dance|p2b: Kingambit\n|-boost|p2b: Kingambit|atk|2\n|\n|-weather|none\n|upkeep\n|\n|t:|1776408962\n|switch|p2a: Sinistcha|Sinistcha-Masterpiece, L50|100/100\n|-heal|p2b: Kingambit|67/100|[from] ability: Hospitality|[of] p2a: Sinistcha\n|turn|6\n|\n|t:|1776408986\n|move|p1a: Pelipper|Protect|p1a: Pelipper\n|-singleturn|p1a: Pelipper|Protect\n|move|p2a: Sinistcha|Rage Powder|p2a: Sinistcha\n|-singleturn|p2a: Sinistcha|move: Rage Powder\n|move|p2b: Kingambit|Sucker Punch|p1b: Archaludon\n|-damage|p1b: Archaludon|0 fnt\n|faint|p1b: Archaludon\n|\n|upkeep\n|\n|t:|1776408993\n|switch|p1b: Dragonite|Dragonite-Mega, L50, F|100/100\n|turn|7\n|\n|t:|1776409017\n|switch|p2a: Clefable|Clefable, L50, M|100/100\n|move|p1b: Dragonite|Protect|p1b: Dragonite\n|-singleturn|p1b: Dragonite|Protect\n|move|p2b: Kingambit|Protect|p2b: Kingambit\n|-singleturn|p2b: Kingambit|Protect\n|move|p1a: Pelipper|Tailwind|p1a: Pelipper\n|-sidestart|p1: Sergiosh19|move: Tailwind\n|\n|upkeep\n|turn|8\n|inactive|Sergiosh19 has 30 seconds left.\n|\n|t:|1776409051\n|switch|p1b: Basculegion|Basculegion, L50, M|100/100\n|move|p2a: Clefable|Helping Hand|p2b: Kingambit\n|-singleturn|p2b: Kingambit|Helping Hand|[of] p2a: Clefable\n|move|p2b: Kingambit|Sucker Punch||[still]\n|-fail|p2b: Kingambit\n|move|p1a: Pelipper|Surf|p2b: Kingambit|[spread] p1b,p2a,p2b\n|-resisted|p1b: Basculegion|1\n|-damage|p1b: Basculegion|86/100\n|-damage|p2a: Clefable|80/100\n|-damage|p2b: Kingambit|43/100\n|\n|upkeep\n|turn|9\n|inactive|Sergiosh19 has 30 seconds left.\n|\n|t:|1776409077\n|switch|p1b: Dragonite|Dragonite-Mega, L50, F|100/100\n|switch|p2a: Sinistcha|Sinistcha-Masterpiece, L50|100/100\n|-heal|p2b: Kingambit|68/100|[from] ability: Hospitality|[of] p2a: Sinistcha\n|move|p2b: Kingambit|Protect|p2b: Kingambit\n|-singleturn|p2b: Kingambit|Protect\n|move|p1a: Pelipper|Hurricane|p2b: Kingambit\n|-activate|p2b: Kingambit|move: Protect\n|\n|upkeep\n|turn|10\n|\n|t:|1776409099\n|switch|p1a: Basculegion|Basculegion, L50, M|86/100\n|move|p2a: Sinistcha|Rage Powder|p2a: Sinistcha\n|-singleturn|p2a: Sinistcha|move: Rage Powder\n|move|p2b: Kingambit|Sucker Punch||[still]\n|-fail|p2b: Kingambit\n|move|p1b: Dragonite|Draco Meteor|p2a: Sinistcha\n|-damage|p2a: Sinistcha|36/100\n|-unboost|p1b: Dragonite|spa|2\n|-enditem|p2a: Sinistcha|Sitrus Berry|[eat]\n|-heal|p2a: Sinistcha|61/100|[from] item: Sitrus Berry\n|\n|-sideend|p1: Sergiosh19|move: Tailwind\n|upkeep\n|turn|11\n|\n|t:|1776409120\n|switch|p1a: Pelipper|Pelipper, L50, M|71/100\n|-weather|RainDance|[from] ability: Drizzle|[of] p1a: Pelipper\n|move|p2b: Kingambit|Sucker Punch||[still]\n|-fail|p2b: Kingambit\n|move|p1b: Dragonite|Hurricane|p2a: Sinistcha\n|-supereffective|p2a: Sinistcha|1\n|-damage|p2a: Sinistcha|6/100\n|move|p2a: Sinistcha|Matcha Gotcha|p1b: Dragonite|[spread] p1a,p1b\n|-resisted|p1b: Dragonite|2\n|-crit|p1b: Dragonite\n|-damage|p1a: Pelipper|36/100\n|-heal|p2a: Sinistcha|22/100|[from] drain|[of] p1a: Pelipper\n|-damage|p1b: Dragonite|97/100\n|-heal|p2a: Sinistcha|25/100|[from] drain|[of] p1b: Dragonite\n|\n|-weather|RainDance|[upkeep]\n|upkeep\n|turn|12\n|\n|t:|1776409144\n|switch|p2a: Clefable|Clefable, L50, M|80/100\n|move|p2b: Kingambit|Protect|p2b: Kingambit\n|-singleturn|p2b: Kingambit|Protect\n|move|p1b: Dragonite|Tailwind|p1b: Dragonite\n|-sidestart|p1: Sergiosh19|move: Tailwind\n|move|p1a: Pelipper|Tailwind||[still]\n|-fail|p1a: Pelipper\n|\n|-weather|RainDance|[upkeep]\n|upkeep\n|turn|13\n|inactive|XtremeSlayer has 30 seconds left.\n|\n|t:|1776409177\n|move|p1b: Dragonite|Protect|p1b: Dragonite\n|-singleturn|p1b: Dragonite|Protect\n|move|p2b: Kingambit|Sucker Punch||[still]\n|-fail|p2b: Kingambit\n|move|p1a: Pelipper|Surf|p2b: Kingambit|[spread] p2a,p2b\n|-activate|p1b: Dragonite|move: Protect\n|-damage|p2a: Clefable|46/100\n|-damage|p2b: Kingambit|32/100\n|move|p2a: Clefable|Moonblast|p1a: Pelipper\n|-damage|p1a: Pelipper|0 fnt\n|faint|p1a: Pelipper\n|\n|-weather|RainDance|[upkeep]\n|upkeep\n|\n|t:|1776409188\n|switch|p1a: Basculegion|Basculegion, L50, M|86/100\n|turn|14\n|\n|t:|1776409203\n|switch|p2a: Sinistcha|Sinistcha-Masterpiece, L50|25/100\n|-heal|p2b: Kingambit|57/100|[from] ability: Hospitality|[of] p2a: Sinistcha\n|move|p2b: Kingambit|Protect|p2b: Kingambit\n|-singleturn|p2b: Kingambit|Protect\n|move|p1a: Basculegion|Aqua Jet|p2b: Kingambit\n|-activate|p2b: Kingambit|move: Protect\n|move|p1b: Dragonite|Hurricane|p2a: Sinistcha\n|-supereffective|p2a: Sinistcha|1\n|-damage|p2a: Sinistcha|0 fnt\n|faint|p2a: Sinistcha\n|\n|-weather|RainDance|[upkeep]\n|upkeep\n|\n|t:|1776409214\n|switch|p2a: Clefable|Clefable, L50, M|46/100\n|turn|15\n|\n|t:|1776409224\n|move|p2a: Clefable|Follow Me|p2a: Clefable\n|-singleturn|p2a: Clefable|move: Follow Me\n|move|p1a: Basculegion|Aqua Jet|p2a: Clefable\n|-damage|p2a: Clefable|16/100\n|move|p2b: Kingambit|Sucker Punch|p1b: Dragonite\n|-damage|p1b: Dragonite|0 fnt\n|faint|p1b: Dragonite\n|\n|-weather|none\n|-sideend|p1: Sergiosh19|move: Tailwind\n|upkeep\n|turn|16\n|\n|t:|1776409236\n|move|p2a: Clefable|Follow Me|p2a: Clefable\n|-singleturn|p2a: Clefable|move: Follow Me\n|move|p1a: Basculegion|Aqua Jet|p2a: Clefable\n|-damage|p2a: Clefable|0 fnt\n|faint|p2a: Clefable\n|move|p2b: Kingambit|Iron Head|p1a: Basculegion\n|-resisted|p1a: Basculegion|1\n|-damage|p1a: Basculegion|5/100\n|\n|upkeep\n|turn|17\n|c|\u2606Sergiosh19|gg\n|\n|t:|1776409245\n|move|p1a: Basculegion|Aqua Jet|p2b: Kingambit\n|-damage|p2b: Kingambit|40/100\n|move|p2b: Kingambit|Iron Head|p1a: Basculegion\n|-resisted|p1a: Basculegion|1\n|-damage|p1a: Basculegion|0 fnt\n|faint|p1a: Basculegion\n|\n|win|XtremeSlayer\n|raw|Sergiosh19's rating: 1206 &rarr; <strong>1175</strong><br />(-31 for losing)\n|raw|XtremeSlayer's rating: 1122 &rarr; <strong>1153</strong><br />(+31 for winning)\n|c|\u2606XtremeSlayer|gg\n|c|\u2606XtremeSlayer|nice predictions btw\n|c|\u2606Sergiosh19|ty\n|l|\u2606Sergiosh19\n|player|p1|\n",
  "uploadtime": 1776409451,
  "views": 23,
  "formatid": "gen9championsvgc2026regma",
  "rating": 1153,
  "private": 0,
  "password": null
}