{
  "id": "gen9championsvgc2026regma-2582122191",
  "format": "[Gen 9 Champions] VGC 2026 Reg M-A",
  "players": [
    "thebossadry",
    "Roy_Hogator"
  ],
  "log": "|j|\u2606thebossadry\n|j|\u2606Roy_Hogator\n|t:|1776060789\n|gametype|doubles\n|player|p1|thebossadry|170|1079\n|player|p2|Roy_Hogator|ethan|1000\n|gen|9\n|tier|[Gen 9 Champions] VGC 2026 Reg M-A\n|rated|\n|rule|Species Clause: Limit one of each Pok\u00e9mon\n|rule|Item Clause: Limit 1 of each item\n|clearpoke\n|poke|p1|Incineroar, L50, F|\n|poke|p1|Gengar, L50, M|\n|poke|p1|Floette-Eternal, L50, F|\n|poke|p1|Politoed, L50, M|\n|poke|p1|Whimsicott, L50, F|\n|poke|p1|Kommo-o, L50, M|\n|poke|p2|Ceruledge, L50, F|\n|poke|p2|Whimsicott, L50, M|\n|poke|p2|Charizard, L50, F|\n|poke|p2|Glimmora, L50, M|\n|poke|p2|Greninja-*, L50, M|\n|poke|p2|Kleavor, L50, F|\n|teampreview|4\n|inactive|Battle timer is ON: inactive players will automatically lose when time's up. (requested by thebossadry)\n|inactive|Roy_Hogator has 60 seconds left.\n|\n|t:|1776060822\n|teamsize|p1|4\n|teamsize|p2|4\n|start\n|switch|p1a: Gengar|Gengar, L50, M|100/100\n|switch|p1b: Whimsicott|Whimsicott, L50, F|100/100\n|switch|p2a: Kleavor|Kleavor, L50, F|100/100\n|switch|p2b: Glimmora|Glimmora, L50, M, shiny|100/100\n|turn|1\n|\n|t:|1776060837\n|move|p1b: Whimsicott|Protect|p1b: Whimsicott\n|-singleturn|p1b: Whimsicott|Protect\n|move|p1a: Gengar|Protect|p1a: Gengar\n|-singleturn|p1a: Gengar|Protect\n|move|p2b: Glimmora|Spikes|p1a: Gengar\n|-sidestart|p1: thebossadry|Spikes\n|move|p2a: Kleavor|Stone Axe|p1a: Gengar\n|-activate|p1a: Gengar|move: Protect\n|\n|upkeep\n|turn|2\n|\n|t:|1776060856\n|detailschange|p1a: Gengar|Gengar-Mega, L50, M\n|-mega|p1a: Gengar|Gengar|Gengarite\n|move|p1b: Whimsicott|Encore|p2b: Glimmora\n|-start|p2b: Glimmora|Encore\n|move|p1a: Gengar|Focus Blast|p2a: Kleavor\n|-damage|p2a: Kleavor|37/100\n|-unboost|p2a: Kleavor|spd|1\n|move|p2b: Glimmora|Spikes|p1b: Whimsicott\n|-sidestart|p1: thebossadry|Spikes\n|move|p2a: Kleavor|Stone Axe|p1a: Gengar\n|-damage|p1a: Gengar|24/100\n|-sidestart|p1: thebossadry|move: Stealth Rock\n|\n|upkeep\n|turn|3\n|\n|t:|1776060878\n|move|p1b: Whimsicott|Tailwind|p1b: Whimsicott\n|-sidestart|p1: thebossadry|move: Tailwind\n|move|p1a: Gengar|Shadow Ball|p2a: Kleavor\n|-damage|p2a: Kleavor|0 fnt\n|faint|p2a: Kleavor\n|move|p2b: Glimmora|Spikes|p1a: Gengar\n|-sidestart|p1: thebossadry|Spikes\n|\n|upkeep\n|\n|t:|1776060899\n|switch|p2a: Greninja|Greninja, L50, M, shiny|100/100\n|turn|4\n|\n|t:|1776060918\n|detailschange|p2a: Greninja|Greninja-Mega, L50, M, shiny\n|-mega|p2a: Greninja|Greninja|Greninjite\n|move|p1a: Gengar|Protect|p1a: Gengar\n|-singleturn|p1a: Gengar|Protect\n|move|p1b: Whimsicott|Moonblast|p2a: Greninja\n|-supereffective|p2a: Greninja|1\n|-damage|p2a: Greninja|4/100\n|move|p2a: Greninja|U-turn|p1a: Gengar\n|-start|p2a: Greninja|typechange|Bug|[from] ability: Protean\n|-activate|p1a: Gengar|move: Protect\n|move|p2b: Glimmora|Spikes||[still]\n|-fail|p2b: Glimmora\n|\n|-end|p2b: Glimmora|Encore\n|upkeep\n|turn|5\n|\n|t:|1776060942\n|move|p2a: Greninja|Protect|p2a: Greninja\n|-singleturn|p2a: Greninja|Protect\n|move|p1b: Whimsicott|Encore|p2b: Glimmora\n|-start|p2b: Glimmora|Encore\n|move|p1a: Gengar|Sludge Bomb|p2a: Greninja\n|-activate|p2a: Greninja|move: Protect\n|move|p2b: Glimmora|Spikes||[still]\n|-fail|p2b: Glimmora\n|\n|upkeep\n|turn|6\n|\n|t:|1776060961\n|move|p1a: Gengar|Focus Blast|p2b: Glimmora\n|-damage|p2b: Glimmora|55/100\n|move|p1b: Whimsicott|Moonblast|p2a: Greninja\n|-damage|p2a: Greninja|0 fnt\n|faint|p2a: Greninja\n|move|p2b: Glimmora|Spikes||[still]\n|-fail|p2b: Glimmora\n|\n|-heal|p2b: Glimmora|62/100|[from] item: Leftovers\n|-sideend|p1: thebossadry|move: Tailwind\n|upkeep\n|\n|t:|1776060973\n|switch|p2a: Whimsicott|Whimsicott, L50, M|100/100\n|turn|7\n|\n|t:|1776060987\n|move|p2a: Whimsicott|Tailwind|p2a: Whimsicott\n|-sidestart|p2: Roy_Hogator|move: Tailwind\n|move|p2b: Glimmora|Spikes||[still]\n|-fail|p2b: Glimmora\n|move|p1a: Gengar|Sludge Bomb|p2a: Whimsicott\n|-supereffective|p2a: Whimsicott|2\n|-damage|p2a: Whimsicott|0 fnt\n|faint|p2a: Whimsicott\n|move|p1b: Whimsicott|Moonblast|p2b: Glimmora\n|-resisted|p2b: Glimmora|1\n|-damage|p2b: Glimmora|47/100\n|\n|-heal|p2b: Glimmora|53/100|[from] item: Leftovers\n|-end|p2b: Glimmora|Encore\n|upkeep\n|turn|8\n|-message|Roy_Hogator forfeited.\n|\n|win|thebossadry\n|raw|thebossadry's rating: 1079 &rarr; <strong>1101</strong><br />(+22 for winning)\n|raw|Roy_Hogator's rating: 1000 &rarr; <strong>1000</strong><br />(+0 for losing)\n|l|\u2606Roy_Hogator\n|player|p2|\n",
  "uploadtime": 1776061000,
  "views": 14,
  "formatid": "gen9championsvgc2026regma",
  "rating": 1000,
  "private": 0,
  "password": null
}