{
  "id": "gen9championsvgc2026regma-2586718992",
  "format": "[Gen 9 Champions] VGC 2026 Reg M-A",
  "players": [
    "Cxmbi",
    "corek"
  ],
  "log": "|j|\u2606Cxmbi\n|j|\u2606corek\n|t:|1776454593\n|gametype|doubles\n|player|p1|Cxmbi|266|1134\n|player|p2|corek|lucas|1084\n|gen|9\n|tier|[Gen 9 Champions] VGC 2026 Reg M-A\n|rated|\n|rule|Species Clause: Limit one of each Pok\u00e9mon\n|rule|Item Clause: Limit 1 of each item\n|clearpoke\n|poke|p1|Kingambit, L50, M|\n|poke|p1|Camerupt, L50, F|\n|poke|p1|Farigiraf, L50, F|\n|poke|p1|Araquanid, L50, F|\n|poke|p1|Maushold, L50|\n|poke|p1|Hydrapple, L50, F|\n|poke|p2|Infernape, L50, M|\n|poke|p2|Froslass, L50, F|\n|poke|p2|Armarouge, L50, M|\n|poke|p2|Basculegion, L50, M|\n|poke|p2|Meowscarada, L50, F|\n|poke|p2|Salazzle, L50, F|\n|teampreview|4\n|inactive|Battle timer is ON: inactive players will automatically lose when time's up. (requested by Cxmbi)\n|\n|t:|1776454618\n|teamsize|p1|4\n|teamsize|p2|4\n|start\n|switch|p1a: Farigiraf|Farigiraf, L50, F, shiny|100/100\n|switch|p1b: Araquanid|Araquanid, L50, F|100/100\n|switch|p2a: Froslass|Froslass, L50, F|100/100\n|switch|p2b: Basculegion|Basculegion, L50, M|100/100\n|turn|1\n|\n|t:|1776454635\n|move|p2a: Froslass|Helping Hand|p2b: Basculegion\n|-singleturn|p2b: Basculegion|Helping Hand|[of] p2a: Froslass\n|move|p1a: Farigiraf|Protect|p1a: Farigiraf\n|-singleturn|p1a: Farigiraf|Protect\n|move|p2b: Basculegion|Wave Crash|p1a: Farigiraf\n|-activate|p1a: Farigiraf|move: Protect\n|move|p1b: Araquanid|Liquidation|p2a: Froslass\n|-damage|p2a: Froslass|0 fnt\n|faint|p2a: Froslass\n|\n|upkeep\n|\n|t:|1776454654\n|switch|p2a: Salazzle|Salazzle, L50, F|100/100\n|turn|2\n|\n|t:|1776454666\n|switch|p1a: Maushold|Maushold, L50|100/100\n|move|p2a: Salazzle|Corrosive Gas|p1a: Maushold|[spread] p2b,p1a,p1b\n|-enditem|p2b: Basculegion|White Herb|[from] move: Corrosive Gas|[of] p2a: Salazzle\n|-enditem|p1a: Maushold|Focus Sash|[from] move: Corrosive Gas|[of] p2a: Salazzle\n|-enditem|p1b: Araquanid|Mystic Water|[from] move: Corrosive Gas|[of] p2a: Salazzle\n|move|p2b: Basculegion|Wave Crash|p1a: Maushold\n|-damage|p1a: Maushold|2/100\n|-damage|p2b: Basculegion|70/100|[from] Recoil\n|move|p1b: Araquanid|Liquidation|p2a: Salazzle\n|-supereffective|p2a: Salazzle|1\n|-damage|p2a: Salazzle|0 fnt\n|faint|p2a: Salazzle\n|\n|upkeep\n|\n|t:|1776454679\n|switch|p2a: Infernape|Infernape, L50, M|100/100\n|turn|3\n|\n|t:|1776454693\n|move|p2a: Infernape|Fake Out|p1b: Araquanid\n|-damage|p1b: Araquanid|90/100\n|move|p1a: Maushold|After You|p1b: Araquanid\n|-activate|p1b: Araquanid|move: After You\n|cant|p1b: Araquanid|flinch\n|move|p2b: Basculegion|Wave Crash|p1a: Maushold\n|-damage|p1a: Maushold|0 fnt\n|faint|p1a: Maushold\n|-damage|p2b: Basculegion|70/100|[from] Recoil\n|\n|upkeep\n|\n|t:|1776454699\n|switch|p1a: Camerupt|Camerupt, L50, F, shiny|100/100\n|turn|4\n|inactive|corek has 30 seconds left.\n|inactive|corek has 20 seconds left.\n|\n|t:|1776454734\n|detailschange|p1a: Camerupt|Camerupt-Mega, L50, F, shiny\n|-mega|p1a: Camerupt|Camerupt|Cameruptite\n|move|p2a: Infernape|Flare Blitz|p1b: Araquanid\n|-damage|p1b: Araquanid|62/100\n|-damage|p2a: Infernape|90/100|[from] Recoil\n|move|p2b: Basculegion|Flip Turn|p1a: Camerupt\n|-supereffective|p1a: Camerupt|2\n|-damage|p1a: Camerupt|0 fnt\n|faint|p1a: Camerupt\n|move|p1b: Araquanid|Liquidation|p2a: Infernape\n|-supereffective|p2a: Infernape|1\n|-damage|p2a: Infernape|0 fnt\n|faint|p2a: Infernape\n|\n|upkeep\n|\n|t:|1776454738\n|switch|p1a: Farigiraf|Farigiraf, L50, F, shiny|100/100\n|turn|5\n|\n|t:|1776454761\n|move|p1b: Araquanid|Protect|p1b: Araquanid\n|-singleturn|p1b: Araquanid|Protect\n|move|p2b: Basculegion|Wave Crash|p1a: Farigiraf\n|-damage|p1a: Farigiraf|19/100\n|-damage|p2b: Basculegion|38/100|[from] Recoil\n|move|p1a: Farigiraf|Thunderbolt|p2b: Basculegion\n|-supereffective|p2b: Basculegion|1\n|-damage|p2b: Basculegion|0 fnt\n|faint|p2b: Basculegion\n|\n|win|Cxmbi\n|raw|Cxmbi's rating: 1134 &rarr; <strong>1155</strong><br />(+21 for winning)\n|raw|corek's rating: 1084 &rarr; <strong>1065</strong><br />(-19 for losing)\n",
  "uploadtime": 1776454767,
  "views": 32,
  "formatid": "gen9championsvgc2026regma",
  "rating": 1065,
  "private": 0,
  "password": null
}