{
  "id": "gen9championsvgc2026regma-2583602018",
  "format": "[Gen 9 Champions] VGC 2026 Reg M-A",
  "players": [
    "ILoveOshawott1",
    "Zenakuss17"
  ],
  "log": "|j|\u2606ILoveOshawott1\n|j|\u2606Zenakuss17\n|t:|1776185882\n|gametype|doubles\n|player|p1|ILoveOshawott1|chili|1000\n|player|p2|Zenakuss17|benga|1046\n|gen|9\n|tier|[Gen 9 Champions] VGC 2026 Reg M-A\n|rated|\n|rule|Species Clause: Limit one of each Pok\u00e9mon\n|rule|Item Clause: Limit 1 of each item\n|clearpoke\n|poke|p1|Emolga, L50, M|\n|poke|p1|Aegislash, L50, F|\n|poke|p1|Whimsicott, L50, M|\n|poke|p1|Meganium, L50, M|\n|poke|p1|Palafin, L50, F|\n|poke|p1|Corviknight, L50, M|\n|poke|p2|Pelipper, L50, M|\n|poke|p2|Sneasler, L50, F|\n|poke|p2|Palafin, L50, M|\n|poke|p2|Sinistcha, L50|\n|poke|p2|Archaludon, L50, M|\n|poke|p2|Dragonite, L50, M|\n|teampreview|4\n|\n|t:|1776185915\n|teamsize|p1|4\n|teamsize|p2|4\n|start\n|switch|p1a: Whimsicott|Whimsicott, L50, M, shiny|100/100\n|switch|p1b: Aegislash|Aegislash, L50, F, shiny|100/100\n|switch|p2a: Sneasler|Sneasler, L50, F|100/100\n|switch|p2b: Palafin|Palafin, L50, M, shiny|100/100\n|turn|1\n|\n|t:|1776185934\n|detailschange|p2b: Palafin|Palafin-Hero, L50, M, shiny\n|switch|p2b: Archaludon|Archaludon, L50, M|100/100\n|move|p1a: Whimsicott|Protect|p1a: Whimsicott\n|-singleturn|p1a: Whimsicott|Protect\n|move|p1b: Aegislash|King's Shield|p1b: Aegislash\n|-singleturn|p1b: Aegislash|Protect\n|move|p2a: Sneasler|Fake Out|p1a: Whimsicott\n|-activate|p1a: Whimsicott|move: Protect\n|\n|upkeep\n|turn|2\n|\n|t:|1776185951\n|move|p1a: Whimsicott|Encore|p2a: Sneasler\n|-start|p2a: Sneasler|Encore\n|move|p2a: Sneasler|Fake Out||[still]\n|-hint|Fake Out only works on your first turn out.\n|-fail|p2a: Sneasler\n|move|p2b: Archaludon|Flash Cannon|p1a: Whimsicott\n|-supereffective|p1a: Whimsicott|1\n|-damage|p1a: Whimsicott|0 fnt\n|faint|p1a: Whimsicott\n|move|p1b: Aegislash|Swords Dance|p1b: Aegislash\n|-boost|p1b: Aegislash|atk|2\n|\n|upkeep\n|\n|t:|1776185963\n|switch|p1a: Corviknight|Corviknight, L50, M, shiny|100/100\n|-ability|p1a: Corviknight|Pressure\n|turn|3\n|-activate|p1a: Corviknight|item: Quick Claw\n|\n|t:|1776185988\n|switch|p2a: Palafin|Palafin-Hero, L50, M, shiny|100/100\n|-activate|p2a: Palafin|ability: Zero to Hero\n|-formechange|p1b: Aegislash|Aegislash-Blade|\n|move|p1b: Aegislash|Shadow Sneak|p2b: Archaludon\n|-damage|p2b: Archaludon|76/100\n|-ability|p2b: Archaludon|Stamina|boost\n|-boost|p2b: Archaludon|def|1\n|move|p1a: Corviknight|Tailwind|p1a: Corviknight\n|-sidestart|p1: ILoveOshawott1|move: Tailwind\n|move|p2b: Archaludon|Electro Shot||[still]\n|-prepare|p2b: Archaludon|Electro Shot\n|-boost|p2b: Archaludon|spa|1\n|\n|-heal|p2b: Archaludon|82/100|[from] item: Leftovers\n|upkeep\n|turn|4\n|-activate|p1a: Corviknight|item: Quick Claw\n|\n|t:|1776186009\n|-formechange|p1b: Aegislash|Aegislash|\n|move|p1b: Aegislash|King's Shield|p1b: Aegislash\n|-singleturn|p1b: Aegislash|Protect\n|move|p1a: Corviknight|Iron Defense|p1a: Corviknight\n|-boost|p1a: Corviknight|def|2\n|move|p2a: Palafin|Wave Crash|p1a: Corviknight\n|-damage|p1a: Corviknight|71/100\n|-damage|p2a: Palafin|91/100|[from] Recoil\n|move|p2b: Archaludon|Electro Shot|p1a: Corviknight|[from] lockedmove\n|-supereffective|p1a: Corviknight|1\n|-damage|p1a: Corviknight|0 fnt\n|faint|p1a: Corviknight\n|\n|-heal|p2b: Archaludon|88/100|[from] item: Leftovers\n|upkeep\n|\n|t:|1776186023\n|switch|p1a: Meganium|Meganium, L50, M, shiny|100/100\n|turn|5\n|\n|t:|1776186034\n|detailschange|p1a: Meganium|Meganium-Mega, L50, M, shiny\n|-mega|p1a: Meganium|Meganium|Meganiumite\n|move|p1a: Meganium|Solar Beam||[still]\n|-prepare|p1a: Meganium|Solar Beam\n|-activate|p1a: Meganium|ability: Mega Sol\n|-anim|p1a: Meganium|Solar Beam|p2a: Palafin\n|-supereffective|p2a: Palafin|1\n|-enditem|p2a: Palafin|Rindo Berry|[eat]\n|-enditem|p2a: Palafin|Rindo Berry|[weaken]\n|-damage|p2a: Palafin|13/100\n|move|p2a: Palafin|Ice Punch|p1a: Meganium\n|-supereffective|p1a: Meganium|1\n|-damage|p1a: Meganium|46/100\n|move|p1b: Aegislash|Swords Dance|p1b: Aegislash\n|-boost|p1b: Aegislash|atk|2\n|move|p2b: Archaludon|Flash Cannon|p1a: Meganium\n|-supereffective|p1a: Meganium|1\n|-damage|p1a: Meganium|0 fnt\n|faint|p1a: Meganium\n|\n|-heal|p2b: Archaludon|94/100|[from] item: Leftovers\n|upkeep\n|turn|6\n|\n|t:|1776186060\n|switch|p2a: Sneasler|Sneasler, L50, F|100/100\n|-formechange|p1b: Aegislash|Aegislash-Blade|\n|move|p1b: Aegislash|Shadow Sneak|p2a: Sneasler\n|-damage|p2a: Sneasler|0 fnt\n|faint|p2a: Sneasler\n|move|p2b: Archaludon|Flash Cannon|p1b: Aegislash\n|-resisted|p1b: Aegislash|1\n|-damage|p1b: Aegislash|44/100\n|-enditem|p1b: Aegislash|Sitrus Berry|[eat]\n|-heal|p1b: Aegislash|69/100|[from] item: Sitrus Berry\n|\n|-heal|p2b: Archaludon|99/100|[from] item: Leftovers\n|-sideend|p1: ILoveOshawott1|move: Tailwind\n|upkeep\n|\n|t:|1776186070\n|switch|p2a: Dragonite|Dragonite, L50, M|100/100\n|turn|7\n|\n|t:|1776186090\n|detailschange|p2a: Dragonite|Dragonite-Mega, L50, M\n|-mega|p2a: Dragonite|Dragonite|Dragoninite\n|-formechange|p1b: Aegislash|Aegislash|\n|move|p1b: Aegislash|King's Shield|p1b: Aegislash\n|-singleturn|p1b: Aegislash|Protect\n|move|p2a: Dragonite|Hurricane|p1b: Aegislash\n|-activate|p1b: Aegislash|move: Protect\n|move|p2b: Archaludon|Flash Cannon|p1b: Aegislash\n|-activate|p1b: Aegislash|move: Protect\n|\n|-heal|p2b: Archaludon|100/100|[from] item: Leftovers\n|upkeep\n|turn|8\n|c|\u2606Zenakuss17|Gg\n|\n|t:|1776186137\n|move|p2a: Dragonite|Hurricane|p1b: Aegislash\n|-resisted|p1b: Aegislash|1\n|-damage|p1b: Aegislash|36/100\n|move|p2b: Archaludon|Flash Cannon|p1b: Aegislash\n|-resisted|p1b: Aegislash|1\n|-damage|p1b: Aegislash|11/100\n|-formechange|p1b: Aegislash|Aegislash-Blade|\n|move|p1b: Aegislash|Iron Head|p2a: Dragonite\n|-damage|p2a: Dragonite|29/100\n|\n|upkeep\n|turn|9\n|\n|t:|1776186149\n|move|p2a: Dragonite|Protect|p2a: Dragonite\n|-singleturn|p2a: Dragonite|Protect\n|move|p2b: Archaludon|Protect|p2b: Archaludon\n|-singleturn|p2b: Archaludon|Protect\n|move|p1b: Aegislash|Shadow Sneak|p2a: Dragonite\n|-activate|p2a: Dragonite|move: Protect\n|\n|upkeep\n|turn|10\n|\n|t:|1776186160\n|move|p1b: Aegislash|Shadow Sneak|p2a: Dragonite\n|-damage|p2a: Dragonite|0 fnt\n|faint|p2a: Dragonite\n|move|p2b: Archaludon|Flash Cannon|p1b: Aegislash\n|-resisted|p1b: Aegislash|1\n|-damage|p1b: Aegislash|0 fnt\n|faint|p1b: Aegislash\n|\n|win|Zenakuss17\n|raw|ILoveOshawott1's rating: 1000 &rarr; <strong>1000</strong><br />(+0 for losing)\n|raw|Zenakuss17's rating: 1046 &rarr; <strong>1075</strong><br />(+29 for winning)\n|l|\u2606ILoveOshawott1\n|player|p1|\n",
  "uploadtime": 1776186321,
  "views": 20,
  "formatid": "gen9championsvgc2026regma",
  "rating": 1000,
  "private": 0,
  "password": null
}