{
  "id": "gen9championsvgc2026regma-2580413977",
  "format": "[Gen 9 Champions] VGC 2026 Reg M-A",
  "players": [
    "CementTheBlock",
    "psych1corpsych0tic"
  ],
  "log": "|j|\u2606CementTheBlock\n|j|\u2606psych1corpsych0tic\n|t:|1775892849\n|gametype|doubles\n|player|p1|CementTheBlock|101|1070\n|player|p2|psych1corpsych0tic|169|1181\n|gen|9\n|tier|[Gen 9 Champions] VGC 2026 Reg M-A\n|rated|\n|rule|Species Clause: Limit one of each Pok\u00e9mon\n|rule|Item Clause: Limit 1 of each item\n|clearpoke\n|poke|p1|Gardevoir, L50, F|\n|poke|p1|Whimsicott, L50, M|\n|poke|p1|Incineroar, L50, F|\n|poke|p1|Palafin, L50, F|\n|poke|p1|Aegislash, L50, M|\n|poke|p1|Farigiraf, L50, F|\n|poke|p2|Golurk, L50|\n|poke|p2|Hatterene, L50, F|\n|poke|p2|Torkoal, L50, F|\n|poke|p2|Venusaur, L50, F|\n|poke|p2|Maushold, L50|\n|poke|p2|Hydreigon, L50, M|\n|teampreview|4\n|\n|t:|1775892885\n|teamsize|p1|4\n|teamsize|p2|4\n|start\n|switch|p1a: Farigiraf|Farigiraf, L50, F|100/100\n|switch|p1b: Gardevoir|Gardevoir, L50, F|100/100\n|switch|p2a: Maushold|Maushold, L50|100/100\n|switch|p2b: Hatterene|Hatterene, L50, F|100/100\n|turn|1\n|inactive|Battle timer is ON: inactive players will automatically lose when time's up. (requested by psych1corpsych0tic)\n|\n|t:|1775892909\n|detailschange|p1b: Gardevoir|Gardevoir-Mega, L50, F\n|-mega|p1b: Gardevoir|Gardevoir|Gardevoirite\n|move|p2a: Maushold|Super Fang|p1b: Gardevoir\n|-damage|p1b: Gardevoir|51/100\n|move|p1b: Gardevoir|Calm Mind|p1b: Gardevoir\n|-boost|p1b: Gardevoir|spa|1\n|-boost|p1b: Gardevoir|spd|1\n|move|p1a: Farigiraf|Psychic Terrain|p1a: Farigiraf\n|-fieldstart|move: Psychic Terrain\n|move|p2b: Hatterene|Dazzling Gleam|p1b: Gardevoir|[spread] p1a,p1b\n|-damage|p1a: Farigiraf|57/100\n|-damage|p1b: Gardevoir|22/100\n|\n|-heal|p1a: Farigiraf|63/100|[from] item: Leftovers\n|upkeep\n|turn|2\n|inactive|CementTheBlock has 30 seconds left.\n|\n|t:|1775892934\n|move|p2a: Maushold|After You|p2b: Hatterene\n|-activate|p2b: Hatterene|move: After You\n|move|p2b: Hatterene|Dazzling Gleam|p1b: Gardevoir|[spread] p1a,p1b\n|-damage|p1a: Farigiraf|23/100\n|-damage|p1b: Gardevoir|0 fnt\n|faint|p1b: Gardevoir\n|move|p1a: Farigiraf|Expanding Force|p2b: Hatterene|[spread] p2a,p2b\n|-resisted|p2b: Hatterene|1\n|-damage|p2a: Maushold|25/100\n|-damage|p2b: Hatterene|77/100\n|\n|-heal|p1a: Farigiraf|29/100|[from] item: Leftovers\n|upkeep\n|\n|t:|1775892949\n|switch|p1b: Incineroar|Incineroar, L50, F|100/100\n|-ability|p1b: Incineroar|Intimidate|boost\n|-unboost|p2a: Maushold|atk|1\n|-unboost|p2b: Hatterene|atk|1\n|turn|3\n|inactive|psych1corpsych0tic has 30 seconds left.\n|inactive|psych1corpsych0tic has 20 seconds left.\n|inactive|psych1corpsych0tic has 15 seconds left.\n|inactive|psych1corpsych0tic has 10 seconds left.\n|\n|t:|1775892998\n|switch|p2a: Torkoal|Torkoal, L50, F|100/100\n|-weather|SunnyDay|[from] ability: Drought|[of] p2a: Torkoal\n|move|p2b: Hatterene|Protect|p2b: Hatterene\n|-singleturn|p2b: Hatterene|Protect\n|move|p1b: Incineroar|Fake Out|p2a: Torkoal\n|-activate|p2a: Torkoal|move: Psychic Terrain\n|move|p1a: Farigiraf|Expanding Force|p2a: Torkoal|[spread] p2a\n|-activate|p2b: Hatterene|move: Protect\n|-damage|p2a: Torkoal|24/100\n|\n|-weather|SunnyDay|[upkeep]\n|-heal|p1a: Farigiraf|35/100|[from] item: Leftovers\n|upkeep\n|turn|4\n|\n|t:|1775893022\n|move|p1a: Farigiraf|Expanding Force|p2b: Hatterene|[spread] p2a,p2b\n|-crit|p2a: Torkoal\n|-resisted|p2b: Hatterene|1\n|-damage|p2a: Torkoal|0 fnt\n|-damage|p2b: Hatterene|47/100\n|faint|p2a: Torkoal\n|move|p1b: Incineroar|Flare Blitz|p2b: Hatterene\n|-damage|p2b: Hatterene|0 fnt\n|faint|p2b: Hatterene\n|-damage|p1b: Incineroar|88/100|[from] Recoil\n|\n|-weather|SunnyDay|[upkeep]\n|-heal|p1a: Farigiraf|41/100|[from] item: Leftovers\n|upkeep\n|\n|t:|1775893028\n|switch|p2b: Maushold|Maushold, L50|25/100\n|switch|p2a: Golurk|Golurk, L50|100/100\n|turn|5\n|\n|t:|1775893051\n|detailschange|p2a: Golurk|Golurk-Mega, L50\n|-mega|p2a: Golurk|Golurk|Golurkite\n|move|p2b: Maushold|After You|p2a: Golurk\n|-activate|p2a: Golurk|move: After You\n|move|p2a: Golurk|Earthquake|p1a: Farigiraf|[spread] p2b,p1a,p1b\n|-supereffective|p1b: Incineroar|1\n|-damage|p2b: Maushold|0 fnt\n|-damage|p1a: Farigiraf|0 fnt\n|-damage|p1b: Incineroar|0 fnt\n|faint|p2b: Maushold\n|faint|p1a: Farigiraf\n|faint|p1b: Incineroar\n|\n|-weather|SunnyDay|[upkeep]\n|-fieldend|move: Psychic Terrain\n|upkeep\n|\n|t:|1775893063\n|switch|p1b: Aegislash|Aegislash, L50, M|100/100\n|turn|6\n|inactive|psych1corpsych0tic has 30 seconds left.\n|\n|t:|1775893093\n|-formechange|p1b: Aegislash|Aegislash-Blade|\n|move|p1b: Aegislash|Shadow Claw|p2a: Golurk\n|-supereffective|p2a: Golurk|1\n|-damage|p2a: Golurk|32/100\n|move|p2a: Golurk|Headlong Rush|p1b: Aegislash\n|-supereffective|p1b: Aegislash|1\n|-damage|p1b: Aegislash|0 fnt\n|-unboost|p2a: Golurk|def|1\n|-unboost|p2a: Golurk|spd|1\n|faint|p1b: Aegislash\n|\n|win|psych1corpsych0tic\n|raw|CementTheBlock's rating: 1070 &rarr; <strong>1056</strong><br />(-14 for losing)\n|raw|psych1corpsych0tic's rating: 1181 &rarr; <strong>1198</strong><br />(+17 for winning)\n|l|\u2606CementTheBlock\n|player|p1|\n",
  "uploadtime": 1775893105,
  "views": 33,
  "formatid": "gen9championsvgc2026regma",
  "rating": 1056,
  "private": 0,
  "password": null
}