{
  "id": "gen9championsvgc2026regma-2588549392",
  "format": "[Gen 9 Champions] VGC 2026 Reg M-A",
  "players": [
    "HeavyLobsterAlf",
    "costanzamaxxing"
  ],
  "log": "|j|\u2606HeavyLobsterAlf\n|j|\u2606costanzamaxxing\n|t:|1776643953\n|gametype|doubles\n|player|p1|HeavyLobsterAlf|phoebe-masters|1299\n|player|p2|costanzamaxxing|265|1356\n|gen|9\n|tier|[Gen 9 Champions] VGC 2026 Reg M-A\n|rated|\n|rule|Species Clause: Limit one of each Pok\u00e9mon\n|rule|Item Clause: Limit 1 of each item\n|clearpoke\n|poke|p1|Gardevoir, L50, F|\n|poke|p1|Primarina, L50, M|\n|poke|p1|Whimsicott, L50, M|\n|poke|p1|Sneasler, L50, M|\n|poke|p1|Arcanine-Hisui, L50, M|\n|poke|p1|Kingambit, L50, M|\n|poke|p2|Chandelure, L50, F|\n|poke|p2|Torkoal, L50, M|\n|poke|p2|Blastoise, L50, F|\n|poke|p2|Mimikyu, L50, M|\n|poke|p2|Tinkaton, L50, F|\n|poke|p2|Rhyperior, L50, M|\n|teampreview|4\n|inactive|Battle timer is ON: inactive players will automatically lose when time's up. (requested by costanzamaxxing)\n|\n|t:|1776643980\n|teamsize|p1|4\n|teamsize|p2|4\n|start\n|switch|p1a: Whimsicott|Whimsicott, L50, M|100/100\n|switch|p1b: Arcanine|Arcanine-Hisui, L50, M|100/100\n|switch|p2a: Mimikyu|Mimikyu, L50, M|100/100\n|switch|p2b: Tinkaton|Tinkaton, L50, F|100/100\n|-ability|p1b: Arcanine|Intimidate|boost\n|-unboost|p2a: Mimikyu|atk|1\n|-unboost|p2b: Tinkaton|atk|1\n|-ability|p2b: Tinkaton|Mold Breaker\n|turn|1\n|\n|t:|1776643998\n|move|p2b: Tinkaton|Fake Out|p1a: Whimsicott\n|-damage|p1a: Whimsicott|92/100\n|cant|p1a: Whimsicott|flinch\n|move|p1b: Arcanine|Rock Slide|p2a: Mimikyu|[spread] p2a,p2b\n|-resisted|p2b: Tinkaton|1\n|-activate|p2a: Mimikyu|ability: Disguise\n|-damage|p2a: Mimikyu|100/100\n|-damage|p2b: Tinkaton|91/100\n|detailschange|p2a: Mimikyu|Mimikyu-Busted, L50, M\n|-damage|p2a: Mimikyu|88/100|[from] pokemon: Mimikyu-Busted\n|move|p2a: Mimikyu|Trick Room|p2a: Mimikyu\n|-fieldstart|move: Trick Room|[of] p2a: Mimikyu\n|\n|upkeep\n|turn|2\n|\n|t:|1776644017\n|move|p1a: Whimsicott|Encore|p2b: Tinkaton\n|-start|p2b: Tinkaton|Encore\n|move|p2b: Tinkaton|Fake Out||[still]\n|-hint|Fake Out only works on your first turn out.\n|-fail|p2b: Tinkaton\n|move|p2a: Mimikyu|Shadow Claw|p1b: Arcanine\n|-damage|p1b: Arcanine|74/100\n|move|p1b: Arcanine|Flare Blitz|p2a: Mimikyu\n|-damage|p2a: Mimikyu|26/100\n|-damage|p1b: Arcanine|57/100|[from] Recoil\n|\n|upkeep\n|turn|3\n|\n|t:|1776644034\n|switch|p2b: Torkoal|Torkoal, L50, M|100/100\n|-weather|SunnyDay|[from] ability: Drought|[of] p2b: Torkoal\n|move|p2a: Mimikyu|Shadow Claw|p1b: Arcanine\n|-damage|p1b: Arcanine|32/100\n|-enditem|p1b: Arcanine|Sitrus Berry|[eat]\n|-heal|p1b: Arcanine|56/100|[from] item: Sitrus Berry\n|move|p1b: Arcanine|Rock Slide|p2a: Mimikyu|[spread] p2a,p2b\n|-supereffective|p2b: Torkoal|1\n|-damage|p2a: Mimikyu|0 fnt\n|-damage|p2b: Torkoal|62/100\n|faint|p2a: Mimikyu\n|move|p1a: Whimsicott|Moonblast|p2b: Torkoal\n|-resisted|p2b: Torkoal|1\n|-damage|p2b: Torkoal|47/100\n|\n|-weather|SunnyDay|[upkeep]\n|upkeep\n|\n|t:|1776644045\n|switch|p2a: Tinkaton|Tinkaton, L50, F|91/100\n|-ability|p2a: Tinkaton|Mold Breaker\n|turn|4\n|\n|t:|1776644050\n|move|p1a: Whimsicott|Protect|p1a: Whimsicott\n|-singleturn|p1a: Whimsicott|Protect\n|move|p1b: Arcanine|Protect|p1b: Arcanine\n|-singleturn|p1b: Arcanine|Protect\n|move|p2b: Torkoal|Earth Power|p1b: Arcanine\n|-activate|p1b: Arcanine|move: Protect\n|move|p2a: Tinkaton|Gigaton Hammer|p1a: Whimsicott\n|-activate|p1a: Whimsicott|move: Protect\n|\n|-weather|SunnyDay|[upkeep]\n|upkeep\n|turn|5\n|inactive|costanzamaxxing has 30 seconds left.\n|\n|t:|1776644077\n|switch|p2a: Rhyperior|Rhyperior, L50, M|100/100\n|switch|p1b: Primarina|Primarina, L50, M|100/100\n|move|p1a: Whimsicott|Encore|p2b: Torkoal\n|-start|p2b: Torkoal|Encore\n|move|p2b: Torkoal|Earth Power|p1b: Primarina\n|-damage|p1b: Primarina|78/100\n|\n|-weather|SunnyDay|[upkeep]\n|-heal|p1b: Primarina|84/100|[from] item: Leftovers\n|-fieldend|move: Trick Room\n|upkeep\n|turn|6\n|\n|t:|1776644096\n|move|p1a: Whimsicott|Protect|p1a: Whimsicott\n|-singleturn|p1a: Whimsicott|Protect\n|move|p1b: Primarina|Calm Mind|p1b: Primarina\n|-boost|p1b: Primarina|spa|1\n|-boost|p1b: Primarina|spd|1\n|move|p2a: Rhyperior|High Horsepower|p1b: Primarina\n|-damage|p1b: Primarina|15/100\n|move|p2b: Torkoal|Earth Power|p1b: Primarina\n|-damage|p1b: Primarina|0 fnt\n|faint|p1b: Primarina\n|\n|-weather|SunnyDay|[upkeep]\n|upkeep\n|\n|t:|1776644106\n|switch|p1b: Gardevoir|Gardevoir, L50, F|100/100\n|-ability|p1b: Gardevoir|Drought|Trace|[from] ability: Trace|[of] p2b: Torkoal\n|turn|7\n|\n|t:|1776644116\n|detailschange|p1b: Gardevoir|Gardevoir-Mega, L50, F\n|-mega|p1b: Gardevoir|Gardevoir|Gardevoirite\n|move|p2a: Rhyperior|Protect|p2a: Rhyperior\n|-singleturn|p2a: Rhyperior|Protect\n|move|p1a: Whimsicott|Moonblast|p2a: Rhyperior\n|-activate|p2a: Rhyperior|move: Protect\n|move|p1b: Gardevoir|Psychic|p2a: Rhyperior\n|-activate|p2a: Rhyperior|move: Protect\n|move|p2b: Torkoal|Earth Power|p1b: Gardevoir\n|-damage|p1b: Gardevoir|74/100\n|\n|-weather|none\n|-end|p2b: Torkoal|Encore\n|upkeep\n|turn|8\n|\n|t:|1776644131\n|switch|p2a: Tinkaton|Tinkaton, L50, F|91/100\n|-ability|p2a: Tinkaton|Mold Breaker\n|move|p1a: Whimsicott|Encore||[still]\n|-fail|p1a: Whimsicott\n|move|p1b: Gardevoir|Psychic|p2b: Torkoal\n|-damage|p2b: Torkoal|0 fnt\n|faint|p2b: Torkoal\n|\n|upkeep\n|\n|t:|1776644138\n|switch|p2b: Rhyperior|Rhyperior, L50, M|100/100\n|turn|9\n|\n|t:|1776644151\n|move|p1a: Whimsicott|Protect|p1a: Whimsicott\n|-singleturn|p1a: Whimsicott|Protect\n|move|p1b: Gardevoir|Protect|p1b: Gardevoir\n|-singleturn|p1b: Gardevoir|Protect\n|move|p2a: Tinkaton|Gigaton Hammer|p1a: Whimsicott\n|-activate|p1a: Whimsicott|move: Protect\n|move|p2b: Rhyperior|High Horsepower|p1b: Gardevoir\n|-activate|p1b: Gardevoir|move: Protect\n|\n|upkeep\n|turn|10\n|\n|t:|1776644165\n|move|p1a: Whimsicott|Moonblast|p2b: Rhyperior\n|-damage|p2b: Rhyperior|72/100\n|move|p1b: Gardevoir|Psychic|p2b: Rhyperior\n|-damage|p2b: Rhyperior|11/100\n|move|p2a: Tinkaton|Play Rough|p1b: Gardevoir\n|-damage|p1b: Gardevoir|10/100\n|move|p2b: Rhyperior|High Horsepower|p1b: Gardevoir|[miss]\n|-miss|p2b: Rhyperior|p1b: Gardevoir\n|\n|upkeep\n|turn|11\n|\n|t:|1776644184\n|move|p2b: Rhyperior|Protect|p2b: Rhyperior\n|-singleturn|p2b: Rhyperior|Protect\n|move|p1a: Whimsicott|Encore|p2a: Tinkaton\n|-start|p2a: Tinkaton|Encore\n|move|p1b: Gardevoir|Hyper Voice|p2b: Rhyperior|[spread] p2a\n|-activate|p2b: Rhyperior|move: Protect\n|-resisted|p2a: Tinkaton|1\n|-damage|p2a: Tinkaton|64/100\n|move|p2a: Tinkaton|Play Rough|p1a: Whimsicott|[miss]\n|-miss|p2a: Tinkaton|p1a: Whimsicott\n|\n|upkeep\n|turn|12\n|\n|t:|1776644198\n|move|p1a: Whimsicott|Encore|p2b: Rhyperior\n|-start|p2b: Rhyperior|Encore\n|move|p2b: Rhyperior|Protect|p2b: Rhyperior\n|-singleturn|p2b: Rhyperior|Protect\n|move|p1b: Gardevoir|Hyper Voice|p2a: Tinkaton|[spread] p2a\n|-activate|p2b: Rhyperior|move: Protect\n|-resisted|p2a: Tinkaton|1\n|-damage|p2a: Tinkaton|36/100\n|move|p2a: Tinkaton|Play Rough|p1b: Gardevoir\n|-damage|p1b: Gardevoir|0 fnt\n|faint|p1b: Gardevoir\n|\n|upkeep\n|\n|t:|1776644202\n|switch|p1b: Arcanine|Arcanine-Hisui, L50, M|56/100\n|-ability|p1b: Arcanine|Intimidate|boost\n|-unboost|p2a: Tinkaton|atk|1\n|-unboost|p2b: Rhyperior|atk|1\n|turn|13\n|\n|t:|1776644211\n|move|p2b: Rhyperior|Protect||[still]\n|-fail|p2b: Rhyperior\n|move|p1a: Whimsicott|Moonblast|p2b: Rhyperior\n|-damage|p2b: Rhyperior|0 fnt\n|faint|p2b: Rhyperior\n|move|p1b: Arcanine|Flare Blitz|p2a: Tinkaton\n|-supereffective|p2a: Tinkaton|1\n|-damage|p2a: Tinkaton|0 fnt\n|faint|p2a: Tinkaton\n|-damage|p1b: Arcanine|47/100|[from] Recoil\n|\n|win|HeavyLobsterAlf\n|raw|HeavyLobsterAlf's rating: 1299 &rarr; <strong>1328</strong><br />(+29 for winning)\n|raw|costanzamaxxing's rating: 1356 &rarr; <strong>1333</strong><br />(-23 for losing)\n|l|\u2606costanzamaxxing\n|player|p2|\n",
  "uploadtime": 1776644214,
  "views": 8,
  "formatid": "gen9championsvgc2026regma",
  "rating": 1328,
  "private": 0,
  "password": null
}