{
  "id": "gen9championsvgc2026regma-2581505789",
  "format": "[Gen 9 Champions] VGC 2026 Reg M-A",
  "players": [
    "ThePeasent",
    "27ALAIN27"
  ],
  "log": "|j|\u2606ThePeasent\n|j|\u260627ALAIN27\n|t:|1776006588\n|gametype|doubles\n|player|p1|ThePeasent|170|1048\n|player|p2|27ALAIN27|alain|1108\n|gen|9\n|tier|[Gen 9 Champions] VGC 2026 Reg M-A\n|rated|\n|rule|Species Clause: Limit one of each Pok\u00e9mon\n|rule|Item Clause: Limit 1 of each item\n|clearpoke\n|poke|p1|Glimmora, L50, M|\n|poke|p1|Tyranitar, L50, F|\n|poke|p1|Excadrill, L50, F|\n|poke|p1|Milotic, L50, M|\n|poke|p1|Sneasler, L50, F|\n|poke|p1|Rotom-Wash, L50|\n|poke|p2|Charizard, L50, F|\n|poke|p2|Hydreigon, L50, F|\n|poke|p2|Incineroar, L50, F|\n|poke|p2|Sneasler, L50, F|\n|poke|p2|Milotic, L50, M|\n|poke|p2|Sinistcha, L50|\n|teampreview|4\n|inactive|Battle timer is ON: inactive players will automatically lose when time's up. (requested by ThePeasent)\nThePeasent has agreed to open team sheets.\n|\n|t:|1776006616\n|teamsize|p1|4\n|teamsize|p2|4\n|start\n|switch|p1a: Excadrill|Excadrill, L50, F|100/100\n|switch|p1b: Rotom|Rotom-Wash, L50|100/100\n|switch|p2a: Milotic|Milotic, L50, M|100/100\n|switch|p2b: Charizard|Charizard, L50, F|100/100\n|turn|1\n|\n|t:|1776006635\n|move|p2b: Charizard|Protect|p2b: Charizard\n|-singleturn|p2b: Charizard|Protect\n|move|p1a: Excadrill|Protect|p1a: Excadrill\n|-singleturn|p1a: Excadrill|Protect\n|move|p1b: Rotom|Volt Switch|p2a: Milotic\n|-supereffective|p2a: Milotic|1\n|-damage|p2a: Milotic|62/100\n|\n|t:|1776006643\n|switch|p1b: Milotic|Milotic, L50, M|100/100|[from] Volt Switch\n|move|p2a: Milotic|Scald|p1a: Excadrill\n|-activate|p1a: Excadrill|move: Protect\n|\n|-heal|p2a: Milotic|68/100|[from] item: Leftovers\n|upkeep\n|turn|2\n|\n|t:|1776006666\n|detailschange|p2b: Charizard|Charizard-Mega-X, L50, F\n|-mega|p2b: Charizard|Charizard|Charizardite X\n|move|p2b: Charizard|Flare Blitz|p1a: Excadrill\n|-supereffective|p1a: Excadrill|1\n|-enditem|p1a: Excadrill|Focus Sash\n|-damage|p1a: Excadrill|1/100\n|-damage|p2b: Charizard|61/100|[from] Recoil\n|move|p1a: Excadrill|Rock Slide|p2b: Charizard|[spread] p2b\n|-miss|p1a: Excadrill|p2a: Milotic\n|-supereffective|p2b: Charizard|1\n|-damage|p2b: Charizard|17/100\n|move|p1b: Milotic|Muddy Water|p2b: Charizard|[spread] p2a\n|-miss|p1b: Milotic|p2b: Charizard\n|-resisted|p2a: Milotic|1\n|-damage|p2a: Milotic|58/100\n|-unboost|p2a: Milotic|accuracy|1\n|-ability|p2a: Milotic|Competitive|boost\n|-boost|p2a: Milotic|spa|2\n|move|p2a: Milotic|Icy Wind|p1b: Milotic|[spread] p1b\n|-miss|p2a: Milotic|p1a: Excadrill\n|-resisted|p1b: Milotic|1\n|-damage|p1b: Milotic|92/100\n|-unboost|p1b: Milotic|spe|1\n|-ability|p1b: Milotic|Competitive|boost\n|-boost|p1b: Milotic|spa|2\n|\n|-heal|p2a: Milotic|64/100|[from] item: Leftovers\n|-heal|p1b: Milotic|98/100|[from] item: Leftovers\n|upkeep\n|turn|3\n|inactive|ThePeasent has 30 seconds left.\n|inactive|27ALAIN27 has 30 seconds left.\n|\n|t:|1776006697\n|switch|p2b: Incineroar|Incineroar, L50, F|100/100\n|-ability|p2b: Incineroar|Intimidate|boost\n|-unboost|p1a: Excadrill|atk|1\n|-unboost|p1b: Milotic|atk|1\n|-ability|p1b: Milotic|Competitive|boost\n|-boost|p1b: Milotic|spa|2\n|move|p1a: Excadrill|Protect|p1a: Excadrill\n|-singleturn|p1a: Excadrill|Protect\n|move|p2a: Milotic|Recover|p2a: Milotic\n|-heal|p2a: Milotic|100/100\n|move|p1b: Milotic|Muddy Water|p2b: Incineroar|[spread] p2a,p2b\n|-resisted|p2a: Milotic|1\n|-supereffective|p2b: Incineroar|1\n|-damage|p2a: Milotic|74/100\n|-damage|p2b: Incineroar|0 fnt\n|faint|p2b: Incineroar\n|\n|-heal|p2a: Milotic|80/100|[from] item: Leftovers\n|-heal|p1b: Milotic|100/100|[from] item: Leftovers\n|upkeep\n|\n|t:|1776006705\n|switch|p2b: Sneasler|Sneasler, L50, F, shiny|100/100\n|turn|4\n|\n|t:|1776006714\n|switch|p1a: Rotom|Rotom-Wash, L50|100/100\n|move|p2a: Milotic|Protect|p2a: Milotic\n|-singleturn|p2a: Milotic|Protect\n|move|p1b: Milotic|Protect|p1b: Milotic\n|-singleturn|p1b: Milotic|Protect\n|move|p2b: Sneasler|Dire Claw|p1b: Milotic\n|-activate|p1b: Milotic|move: Protect\n|\n|-heal|p2a: Milotic|86/100|[from] item: Leftovers\n|upkeep\n|turn|5\n|\n|t:|1776006734\n|move|p2a: Milotic|Protect|p2a: Milotic\n|-singleturn|p2a: Milotic|Protect\n|move|p2b: Sneasler|Dire Claw|p1b: Milotic\n|-damage|p1b: Milotic|60/100\n|move|p1a: Rotom|Volt Switch|p2a: Milotic\n|-activate|p2a: Milotic|move: Protect\n|move|p1b: Milotic|Muddy Water|p2b: Sneasler|[spread] p2b\n|-activate|p2a: Milotic|move: Protect\n|-damage|p2b: Sneasler|5/100\n|\n|-heal|p2a: Milotic|92/100|[from] item: Leftovers\n|-heal|p1b: Milotic|66/100|[from] item: Leftovers\n|upkeep\n|turn|6\n|\n|t:|1776006756\n|move|p1b: Milotic|Protect|p1b: Milotic\n|-singleturn|p1b: Milotic|Protect\n|move|p2b: Sneasler|Dire Claw|p1b: Milotic\n|-activate|p1b: Milotic|move: Protect\n|move|p1a: Rotom|Electroweb|p2a: Milotic|[spread] p2a,p2b\n|-supereffective|p2a: Milotic|1\n|-damage|p2a: Milotic|68/100\n|-damage|p2b: Sneasler|0 fnt\n|-unboost|p2a: Milotic|spe|1\n|-ability|p2a: Milotic|Competitive|boost\n|-boost|p2a: Milotic|spa|2\n|faint|p2b: Sneasler\n|move|p2a: Milotic|Scald|p1b: Milotic\n|-activate|p1b: Milotic|move: Protect\n|\n|-heal|p1b: Milotic|72/100|[from] item: Leftovers\n|-heal|p2a: Milotic|74/100|[from] item: Leftovers\n|upkeep\n|\n|t:|1776006758\n|switch|p2b: Charizard|Charizard-Mega-X, L50, F|17/100\n|turn|7\n|\n|t:|1776006778\n|move|p2a: Milotic|Protect|p2a: Milotic\n|-singleturn|p2a: Milotic|Protect\n|move|p2b: Charizard|Dragon Claw|p1b: Milotic\n|-damage|p1b: Milotic|23/100\n|move|p1a: Rotom|Electroweb|p2b: Charizard|[spread] p2b\n|-activate|p2a: Milotic|move: Protect\n|-resisted|p2b: Charizard|1\n|-damage|p2b: Charizard|6/100\n|-unboost|p2b: Charizard|spe|1\n|move|p1b: Milotic|Muddy Water|p2a: Milotic|[spread] p2b\n|-activate|p2a: Milotic|move: Protect\n|-damage|p2b: Charizard|0 fnt\n|faint|p2b: Charizard\n|\n|-heal|p1b: Milotic|29/100|[from] item: Leftovers\n|-heal|p2a: Milotic|80/100|[from] item: Leftovers\n|upkeep\n|turn|8\n|\n|t:|1776006795\n|move|p1b: Milotic|Protect|p1b: Milotic\n|-singleturn|p1b: Milotic|Protect\n|move|p1a: Rotom|Volt Switch|p2a: Milotic\n|-supereffective|p2a: Milotic|1\n|-damage|p2a: Milotic|38/100\n|-message|27ALAIN27 forfeited.\n|\n|win|ThePeasent\n|raw|ThePeasent's rating: 1048 &rarr; <strong>1086</strong><br />(+38 for winning)\n|raw|27ALAIN27's rating: 1108 &rarr; <strong>1079</strong><br />(-29 for losing)\n|l|\u260627ALAIN27\n|player|p2|\n",
  "uploadtime": 1776006810,
  "views": 24,
  "formatid": "gen9championsvgc2026regma",
  "rating": 1079,
  "private": 0,
  "password": null
}