{
  "id": "gen9championsvgc2026regma-2582350978",
  "format": "[Gen 9 Champions] VGC 2026 Reg M-A",
  "players": [
    "cloud1114",
    "Darkness_DxD_23"
  ],
  "log": "|j|\u2606cloud1114\n|j|\u2606Darkness_DxD_23\n|t:|1776085607\n|gametype|doubles\n|player|p1|cloud1114|nate|1074\n|player|p2|Darkness_DxD_23|102|1009\n|gen|9\n|tier|[Gen 9 Champions] VGC 2026 Reg M-A\n|rated|\n|rule|Species Clause: Limit one of each Pok\u00e9mon\n|rule|Item Clause: Limit 1 of each item\n|clearpoke\n|poke|p1|Meowscarada, L50, M|\n|poke|p1|Floette-Eternal, L50, F|\n|poke|p1|Raichu, L50, F|\n|poke|p1|Drampa, L50, F|\n|poke|p1|Whimsicott, L50, M|\n|poke|p1|Arcanine-Hisui, L50, M|\n|poke|p2|Meganium, L50, F|\n|poke|p2|Maushold, L50|\n|poke|p2|Kingambit, L50, F|\n|poke|p2|Bellibolt, L50, F|\n|poke|p2|Volcarona, L50, M|\n|poke|p2|Feraligatr, L50, M|\n|teampreview|4\nDarkness_DxD_23 has agreed to open team sheets.\n|\n|t:|1776085648\n|teamsize|p1|4\n|teamsize|p2|4\n|start\n|switch|p1a: Floette|Floette-Eternal, L50, F|100/100\n|switch|p1b: Whimsicott|Whimsicott, L50, M|100/100\n|switch|p2a: Kingambit|Kingambit, L50, F|100/100\n|switch|p2b: Volcarona|Volcarona, L50, M|100/100\n|turn|1\n|inactive|Battle timer is ON: inactive players will automatically lose when time's up. (requested by cloud1114)\n|\n|t:|1776085673\n|detailschange|p1a: Floette|Floette-Mega, L50, F\n|-mega|p1a: Floette|Floette|Floettite\n|-ability|p1a: Floette|Fairy Aura\n|move|p1a: Floette|Moonblast|p2a: Kingambit\n|-damage|p2a: Kingambit|45/100\n|move|p1b: Whimsicott|Moonblast|p2a: Kingambit\n|-damage|p2a: Kingambit|5/100\n|-unboost|p2a: Kingambit|spa|1\n|-ability|p2a: Kingambit|Defiant|boost\n|-boost|p2a: Kingambit|atk|2\n|move|p2b: Volcarona|Struggle Bug|p1a: Floette|[spread] p1a,p1b\n|-resisted|p1a: Floette|1\n|-crit|p1a: Floette\n|-damage|p1a: Floette|91/100\n|-damage|p1b: Whimsicott|73/100\n|-unboost|p1a: Floette|spa|1\n|-unboost|p1b: Whimsicott|spa|1\n|move|p2a: Kingambit|Kowtow Cleave|p1b: Whimsicott\n|-resisted|p1b: Whimsicott|1\n|-damage|p1b: Whimsicott|0 fnt\n|faint|p1b: Whimsicott\n|\n|upkeep\n|\n|t:|1776085690\n|switch|p1b: Arcanine|Arcanine-Hisui, L50, M|100/100\n|-ability|p1b: Arcanine|Intimidate|boost\n|-unboost|p2a: Kingambit|atk|1\n|-ability|p2a: Kingambit|Defiant|boost\n|-boost|p2a: Kingambit|atk|2\n|-unboost|p2b: Volcarona|atk|1\n|turn|2\n|\n|t:|1776085709\n|move|p2a: Kingambit|Sucker Punch|p1b: Arcanine\n|-damage|p1b: Arcanine|0 fnt\n|faint|p1b: Arcanine\n|move|p1a: Floette|Dazzling Gleam|p2a: Kingambit|[spread] p2a,p2b\n|-resisted|p2b: Volcarona|1\n|-damage|p2a: Kingambit|0 fnt\n|-damage|p2b: Volcarona|86/100\n|faint|p2a: Kingambit\n|move|p2b: Volcarona|Tailwind|p2b: Volcarona\n|-sidestart|p2: Darkness_DxD_23|move: Tailwind\n|\n|upkeep\n|\n|t:|1776085721\n|switch|p1b: Raichu|Raichu, L50, F|100/100\n|switch|p2a: Bellibolt|Bellibolt, L50, F|100/100\n|turn|3\n|inactive|cloud1114 has 30 seconds left.\n|inactive|cloud1114 has 20 seconds left.\n|\n|t:|1776085756\n|move|p1b: Raichu|Fake Out|p2b: Volcarona\n|-damage|p2b: Volcarona|79/100\n|cant|p2b: Volcarona|flinch\n|move|p1a: Floette|Moonblast|p2a: Bellibolt\n|-damage|p2a: Bellibolt|63/100\n|-start|p2a: Bellibolt|Charge|Moonblast|[from] ability: Electromorphosis\n|move|p2a: Bellibolt|Acid Spray|p1a: Floette\n|-supereffective|p1a: Floette|1\n|-damage|p1a: Floette|75/100\n|-unboost|p1a: Floette|spd|2\n|\n|-heal|p2a: Bellibolt|69/100|[from] item: Leftovers\n|upkeep\n|turn|4\n|\n|t:|1776085774\n|move|p2b: Volcarona|Struggle Bug|p1a: Floette|[spread] p1a,p1b\n|-resisted|p1a: Floette|1\n|-damage|p1a: Floette|60/100\n|-damage|p1b: Raichu|81/100\n|-unboost|p1a: Floette|spa|1\n|-unboost|p1b: Raichu|spa|1\n|move|p1a: Floette|Dazzling Gleam|p2a: Bellibolt|[spread] p2a,p2b\n|-resisted|p2b: Volcarona|1\n|-damage|p2a: Bellibolt|52/100\n|-damage|p2b: Volcarona|70/100\n|-start|p2a: Bellibolt|Charge|Dazzling Gleam|[from] ability: Electromorphosis\n|move|p1b: Raichu|Alluring Voice|p2a: Bellibolt\n|-damage|p2a: Bellibolt|39/100\n|-start|p2a: Bellibolt|Charge|Alluring Voice|[from] ability: Electromorphosis\n|move|p2a: Bellibolt|Light Screen|p2a: Bellibolt\n|-sidestart|p2: Darkness_DxD_23|move: Light Screen\n|\n|-heal|p2a: Bellibolt|45/100|[from] item: Leftovers\n|upkeep\n|turn|5\n|\n|t:|1776085794\n|move|p2b: Volcarona|Struggle Bug|p1a: Floette|[spread] p1a,p1b\n|-resisted|p1a: Floette|1\n|-damage|p1a: Floette|48/100\n|-damage|p1b: Raichu|60/100\n|-unboost|p1a: Floette|spa|1\n|-unboost|p1b: Raichu|spa|1\n|move|p1a: Floette|Dazzling Gleam|p2a: Bellibolt|[spread] p2a,p2b\n|-resisted|p2b: Volcarona|1\n|-damage|p2a: Bellibolt|36/100\n|-damage|p2b: Volcarona|65/100\n|-start|p2a: Bellibolt|Charge|Dazzling Gleam|[from] ability: Electromorphosis\n|move|p1b: Raichu|Alluring Voice|p2a: Bellibolt\n|-damage|p2a: Bellibolt|29/100\n|-start|p2a: Bellibolt|Charge|Alluring Voice|[from] ability: Electromorphosis\n|move|p2a: Bellibolt|Acid Spray|p1b: Raichu\n|-damage|p1b: Raichu|50/100\n|-unboost|p1b: Raichu|spd|2\n|\n|-heal|p2a: Bellibolt|35/100|[from] item: Leftovers\n|-sideend|p2: Darkness_DxD_23|move: Tailwind\n|upkeep\n|turn|6\n|-message|cloud1114 forfeited.\n|\n|win|Darkness_DxD_23\n|raw|cloud1114's rating: 1074 &rarr; <strong>1049</strong><br />(-25 for losing)\n|raw|Darkness_DxD_23's rating: 1009 &rarr; <strong>1055</strong><br />(+46 for winning)\n|l|\u2606cloud1114\n|player|p1|\n",
  "uploadtime": 1776085820,
  "views": 18,
  "formatid": "gen9championsvgc2026regma",
  "rating": 1049,
  "private": 0,
  "password": null
}