{
  "id": "gen9championsvgc2026regma-2580596495",
  "format": "[Gen 9 Champions] VGC 2026 Reg M-A",
  "players": [
    "shutup_pookie",
    "HosTrax"
  ],
  "log": "|j|\u2606shutup_pookie\n|j|\u2606HosTrax\n|t:|1775916558\n|gametype|doubles\n|player|p1|shutup_pookie|lucas|1000\n|player|p2|HosTrax|steven|1000\n|gen|9\n|tier|[Gen 9 Champions] VGC 2026 Reg M-A\n|rated|\n|rule|Species Clause: Limit one of each Pok\u00e9mon\n|rule|Item Clause: Limit 1 of each item\n|clearpoke\n|poke|p1|Tyranitar, L50, M|\n|poke|p1|Sinistcha, L50|\n|poke|p1|Gyarados, L50, F|\n|poke|p1|Excadrill, L50, M|\n|poke|p1|Floette-Eternal, L50, F|\n|poke|p1|Chandelure, L50, M|\n|poke|p2|Medicham, L50, M|\n|poke|p2|Samurott-Hisui, L50, M|\n|poke|p2|Glimmora, L50, M|\n|poke|p2|Corviknight, L50, M|\n|poke|p2|Sinistcha, L50|\n|poke|p2|Rotom-Heat, L50|\n|teampreview|4\nshutup_pookie has agreed to open team sheets.\n|\n|t:|1775916613\n|teamsize|p1|4\n|teamsize|p2|4\n|start\n|switch|p1a: Sinistcha|Sinistcha, L50|100/100\n|switch|p1b: Chandelure|Chandelure, L50, M|100/100\n|switch|p2a: Rotom|Rotom-Heat, L50|100/100\n|switch|p2b: Samurott|Samurott-Hisui, L50, M|100/100\n|turn|1\n|\n|t:|1775916640\n|move|p1a: Sinistcha|Rage Powder|p1a: Sinistcha\n|-singleturn|p1a: Sinistcha|move: Rage Powder\n|move|p2b: Samurott|Ceaseless Edge|p1a: Sinistcha\n|-supereffective|p1a: Sinistcha|1\n|-crit|p1a: Sinistcha\n|-damage|p1a: Sinistcha|4/100\n|-sidestart|p1: shutup_pookie|Spikes\n|move|p2a: Rotom|Dark Pulse|p1a: Sinistcha\n|-supereffective|p1a: Sinistcha|1\n|-damage|p1a: Sinistcha|0 fnt\n|faint|p1a: Sinistcha\n|move|p1b: Chandelure|Minimize|p1b: Chandelure\n|-boost|p1b: Chandelure|evasion|2\n|\n|upkeep\n|\n|t:|1775916660\n|switch|p1a: Gyarados|Gyarados, L50, F|100/100\n|-ability|p1a: Gyarados|Intimidate|boost\n|-unboost|p2a: Rotom|atk|1\n|-unboost|p2b: Samurott|atk|1\n|-enditem|p2a: Rotom|White Herb\n|-clearnegativeboost|p2a: Rotom|[silent]\n|turn|2\n|\n|t:|1775916676\n|move|p2b: Samurott|Ceaseless Edge|p1b: Chandelure\n|-supereffective|p1b: Chandelure|1\n|-damage|p1b: Chandelure|3/100\n|-sidestart|p1: shutup_pookie|Spikes\n|move|p2a: Rotom|Volt Switch|p1a: Gyarados\n|-supereffective|p1a: Gyarados|2\n|-damage|p1a: Gyarados|15/100\n|\n|t:|1775916688\n|switch|p2a: Glimmora|Glimmora, L50, M|100/100|[from] Volt Switch\n|move|p1b: Chandelure|Minimize|p1b: Chandelure\n|-boost|p1b: Chandelure|evasion|2\n|move|p1a: Gyarados|Waterfall|p2a: Glimmora\n|-supereffective|p2a: Glimmora|1\n|-damage|p2a: Glimmora|12/100\n|-activate|p2a: Glimmora|ability: Toxic Debris\n|-sidestart|p1: shutup_pookie|move: Toxic Spikes\n|\n|-heal|p1a: Gyarados|21/100|[from] item: Leftovers\n|upkeep\n|turn|3\n|\n|t:|1775916744\n|move|p2b: Samurott|Ceaseless Edge|p1b: Chandelure|[miss]\n|-miss|p2b: Samurott|p1b: Chandelure\n|move|p2a: Glimmora|Power Gem|p1b: Chandelure|[miss]\n|-miss|p2a: Glimmora|p1b: Chandelure\n|move|p1b: Chandelure|Heat Wave|p2b: Samurott|[spread] p2a,p2b\n|-resisted|p2a: Glimmora|1\n|-resisted|p2b: Samurott|1\n|-damage|p2a: Glimmora|0 fnt\n|-damage|p2b: Samurott|68/100\n|-status|p2b: Samurott|brn\n|faint|p2a: Glimmora\n|move|p1a: Gyarados|Thunder Wave||[still]\n|-fail|p1a: Gyarados\n|\n|-heal|p1a: Gyarados|27/100|[from] item: Leftovers\n|-damage|p2b: Samurott|62/100 brn|[from] brn\n|upkeep\n|\n|t:|1775916764\n|switch|p2a: Rotom|Rotom-Heat, L50|100/100\n|turn|4\n|\n|t:|1775916779\n|move|p2b: Samurott|Ceaseless Edge|p1b: Chandelure|[miss]\n|-miss|p2b: Samurott|p1b: Chandelure\n|move|p2a: Rotom|Volt Switch|p1a: Gyarados\n|-supereffective|p1a: Gyarados|2\n|-damage|p1a: Gyarados|0 fnt\n|faint|p1a: Gyarados\n|\n|t:|1775916787\n|switch|p2a: Medicham|Medicham, L50, M|100/100|[from] Volt Switch\n|move|p1b: Chandelure|Minimize|p1b: Chandelure\n|-boost|p1b: Chandelure|evasion|2\n|\n|-damage|p2b: Samurott|56/100 brn|[from] brn\n|upkeep\n|\n|t:|1775916794\n|switch|p1a: Floette|Floette-Eternal, L50, F|100/100\n|-damage|p1a: Floette|84/100|[from] Spikes\n|-status|p1a: Floette|psn\n|turn|5\n|\n|t:|1775916816\n|detailschange|p1a: Floette|Floette-Mega, L50, F\n|-mega|p1a: Floette|Floette|Floettite\n|-ability|p1a: Floette|Fairy Aura\n|detailschange|p2a: Medicham|Medicham-Mega, L50, M\n|-mega|p2a: Medicham|Medicham|Medichamite\n|move|p2a: Medicham|Fake Out|p1a: Floette\n|-damage|p1a: Floette|52/100 psn\n|move|p2b: Samurott|Ceaseless Edge|p1b: Chandelure|[miss]\n|-miss|p2b: Samurott|p1b: Chandelure\n|cant|p1a: Floette|flinch\n|move|p1b: Chandelure|Shadow Ball|p2a: Medicham\n|-supereffective|p2a: Medicham|1\n|-damage|p2a: Medicham|0 fnt\n|faint|p2a: Medicham\n|\n|-damage|p1a: Floette|39/100 psn|[from] psn\n|-damage|p2b: Samurott|50/100 brn|[from] brn\n|upkeep\n|\n|t:|1775916837\n|switch|p2a: Rotom|Rotom-Heat, L50|100/100\n|turn|6\n|\n|t:|1775916863\n|move|p2b: Samurott|Ceaseless Edge|p1b: Chandelure|[miss]\n|-miss|p2b: Samurott|p1b: Chandelure\n|move|p1a: Floette|Moonblast|p2b: Samurott\n|-supereffective|p2b: Samurott|1\n|-damage|p2b: Samurott|0 fnt\n|faint|p2b: Samurott\n|move|p2a: Rotom|Overheat|p1a: Floette\n|-crit|p1a: Floette\n|-damage|p1a: Floette|0 fnt\n|-unboost|p2a: Rotom|spa|2\n|faint|p1a: Floette\n|move|p1b: Chandelure|Shadow Ball|p2a: Rotom\n|-damage|p2a: Rotom|29/100\n|-unboost|p2a: Rotom|spd|1\n|\n|upkeep\n|turn|7\n|\n|t:|1775916884\n|move|p2a: Rotom|Dark Pulse|p1b: Chandelure|[miss]\n|-miss|p2a: Rotom|p1b: Chandelure\n|move|p1b: Chandelure|Shadow Ball|p2a: Rotom\n|-damage|p2a: Rotom|0 fnt\n|faint|p2a: Rotom\n|\n|win|shutup_pookie\n|raw|shutup_pookie's rating: 1000 &rarr; <strong>1040</strong><br />(+40 for winning)\n|raw|HosTrax's rating: 1000 &rarr; <strong>1000</strong><br />(+0 for losing)\n",
  "uploadtime": 1775916890,
  "views": 41,
  "formatid": "gen9championsvgc2026regma",
  "rating": 1000,
  "private": 0,
  "password": null
}