{
  "id": "gen9championsvgc2026regma-2586468888",
  "format": "[Gen 9 Champions] VGC 2026 Reg M-A",
  "players": [
    "TTT x",
    "forkuser222"
  ],
  "log": "|j|\u2606TTT x\n|j|\u2606forkuser222\n|html|<table width=\"100%\"><tr><td align=\"left\">TTT x</td><td align=\"right\">forkuser222</tr><tr><td align=\"left\"><i class=\"fa fa-circle-o\"></i> <i class=\"fa fa-circle-o\"></i> </td><td align=\"right\"><i class=\"fa fa-circle-o\"></i> <i class=\"fa fa-circle-o\"></i> </tr></table>\n|uhtml|bestof|<h2><strong>Game 1</strong> of <a href=\"/game-bestof3-gen9championsvgc2026regma-2586468887\">a best-of-3</a></h2>\n|t:|1776436818\n|gametype|doubles\n|player|p1|TTT x|#smogonxnpa2025draftee|\n|player|p2|forkuser222|dancer|\n|gen|9\n|tier|[Gen 9 Champions] VGC 2026 Reg M-A\n|rated|Tournament battle\n|rule|Species Clause: Limit one of each Pok\u00e9mon\n|rule|Item Clause: Limit 1 of each item\n|raw|<div class=\"infobox\"><details class=\"readmore\" open><summary><strong>2 custom rules:</strong></summary> Force Open Team Sheets, Best of = 3</details></div>\n|clearpoke\n|poke|p1|Manectric, L50, M|\n|poke|p1|Archaludon, L50, F|\n|poke|p1|Sinistcha, L50|\n|poke|p1|Politoed, L50, M|\n|poke|p1|Scizor, L50, F|\n|poke|p1|Incineroar, L50, M|\n|poke|p2|Charizard, L50, F|\n|poke|p2|Kingambit, L50, F|\n|poke|p2|Incineroar, L50, M|\n|poke|p2|Floette-Eternal, L50, F|\n|poke|p2|Aerodactyl, L50, F|\n|poke|p2|Sneasler, L50, F|\n|teampreview|4\n|showteam|p1|Manectric||Manectite|LightningRod|VoltSwitch,Snarl,LightScreen,Protect|||M|||50|]Archaludon||Leftovers|Stamina|ElectroShot,DragonPulse,FlashCannon,Protect|||F|||50|]Sinistcha||KasibBerry|Hospitality|ShadowBall,LifeDew,RagePowder,Protect||||||50|]Politoed||SitrusBerry|Drizzle|WeatherBall,RainDance,Encore,Protect|||M|||50|]Scizor||Scizorite|Technician|BulletPunch,BugBite,SwordsDance,Protect|||F|||50|]Incineroar||ChopleBerry|Intimidate|FakeOut,FlareBlitz,WillOWisp,PartingShot|||M|||50|\n|showteam|p2|Charizard||CharizarditeY|Blaze|HeatWave,WeatherBall,SolarBeam,Protect|||F|||50|]Kingambit||BlackGlasses|Defiant|KowtowCleave,SuckerPunch,IronHead,Protect|||F|||50|]Incineroar||ShucaBerry|Intimidate|FakeOut,FlareBlitz,ThroatChop,PartingShot|||M|||50|]Floette-Eternal||Floettite|FlowerVeil|Moonblast,DazzlingGleam,CalmMind,Protect|||F|||50|]Aerodactyl||FocusSash|Unnerve|RockSlide,DualWingbeat,Tailwind,Protect|||F|||50|]Sneasler||WhiteHerb|Unburden|FakeOut,CloseCombat,DireClaw,Protect|||F|||50|\n|j| whizz whoosh\n|j| azorions\n|c|\u2606forkuser222|good luck, have fun\n|c|\u2606TTT x|U2\n|j|+Hasayo\n|j| mysticmarshtomp\n|l| azorions\n|\n|t:|1776436859\n|teamsize|p1|4\n|teamsize|p2|4\n|start\n|switch|p1a: Incineroar|Incineroar, L50, M|100/100\n|switch|p1b: Archaludon|Archaludon, L50, F|100/100\n|switch|p2a: Kingambit|Kingambit, L50, F|100/100\n|switch|p2b: Sneasler|Sneasler, L50, F|100/100\n|-ability|p1a: Incineroar|Intimidate|boost\n|-unboost|p2a: Kingambit|atk|1\n|-ability|p2a: Kingambit|Defiant|boost\n|-boost|p2a: Kingambit|atk|2\n|-unboost|p2b: Sneasler|atk|1\n|-enditem|p2b: Sneasler|White Herb\n|-clearnegativeboost|p2b: Sneasler|[silent]\n|turn|1\n|\n|t:|1776436867\n|move|p2b: Sneasler|Fake Out|p1a: Incineroar\n|-damage|p1a: Incineroar|87/100\n|move|p1b: Archaludon|Dragon Pulse|p2b: Sneasler\n|-crit|p2b: Sneasler\n|-damage|p2b: Sneasler|31/100\n|cant|p1a: Incineroar|flinch\n|move|p2a: Kingambit|Kowtow Cleave|p1b: Archaludon\n|-damage|p1b: Archaludon|28/100\n|-ability|p1b: Archaludon|Stamina|boost\n|-boost|p1b: Archaludon|def|1\n|\n|-heal|p1b: Archaludon|34/100|[from] item: Leftovers\n|upkeep\n|turn|2\n|j| Sylver PKMN\n|\n|t:|1776436882\n|move|p1b: Archaludon|Protect|p1b: Archaludon\n|-singleturn|p1b: Archaludon|Protect\n|move|p2b: Sneasler|Close Combat|p1b: Archaludon\n|-activate|p1b: Archaludon|move: Protect\n|move|p1a: Incineroar|Will-O-Wisp|p2a: Kingambit\n|-status|p2a: Kingambit|brn\n|move|p2a: Kingambit|Kowtow Cleave|p1a: Incineroar\n|-resisted|p1a: Incineroar|1\n|-damage|p1a: Incineroar|67/100\n|\n|-heal|p1b: Archaludon|41/100|[from] item: Leftovers\n|-damage|p2a: Kingambit|95/100 brn|[from] brn\n|upkeep\n|turn|3\n|\n|t:|1776436898\n|move|p2b: Sneasler|Close Combat|p1b: Archaludon\n|-supereffective|p1b: Archaludon|1\n|-damage|p1b: Archaludon|0 fnt\n|-unboost|p2b: Sneasler|def|1\n|-unboost|p2b: Sneasler|spd|1\n|faint|p1b: Archaludon\n|move|p1a: Incineroar|Flare Blitz|p2a: Kingambit\n|-supereffective|p2a: Kingambit|1\n|-damage|p2a: Kingambit|31/100 brn\n|-damage|p1a: Incineroar|45/100|[from] Recoil\n|move|p2a: Kingambit|Kowtow Cleave|p1a: Incineroar\n|-resisted|p1a: Incineroar|1\n|-damage|p1a: Incineroar|24/100\n|\n|-damage|p2a: Kingambit|25/100 brn|[from] brn\n|upkeep\n|\n|t:|1776436901\n|switch|p1b: Scizor|Scizor, L50, F|100/100\n|turn|4\n|j|@Therazer456\n|\n|t:|1776436916\n|switch|p2b: Incineroar|Incineroar, L50, M|100/100\n|-ability|p2b: Incineroar|Intimidate|boost\n|-unboost|p1a: Incineroar|atk|1\n|-unboost|p1b: Scizor|atk|1\n|switch|p1a: Politoed|Politoed, L50, M|100/100\n|-weather|RainDance|[from] ability: Drizzle|[of] p1a: Politoed\n|detailschange|p1b: Scizor|Scizor-Mega, L50, F\n|-mega|p1b: Scizor|Scizor|Scizorite\n|move|p1b: Scizor|Swords Dance|p1b: Scizor\n|-boost|p1b: Scizor|atk|2\n|move|p2a: Kingambit|Kowtow Cleave|p1a: Politoed\n|-damage|p1a: Politoed|59/100\n|\n|-weather|RainDance|[upkeep]\n|-damage|p2a: Kingambit|19/100 brn|[from] brn\n|upkeep\n|turn|5\n|j| Champions is tuff\n|j| X2Muz\n|\n|t:|1776436961\n|move|p1b: Scizor|Bug Bite|p2b: Incineroar\n|-damage|p2b: Incineroar|44/100\n|-enditem|p2b: Incineroar|Shuca Berry|[from] stealeat|[move] Bug Bite|[of] p1b: Scizor\n|move|p1a: Politoed|Weather Ball|p2b: Incineroar\n|-supereffective|p2b: Incineroar|1\n|-damage|p2b: Incineroar|0 fnt\n|faint|p2b: Incineroar\n|move|p2a: Kingambit|Kowtow Cleave|p1a: Politoed\n|-damage|p1a: Politoed|16/100\n|-enditem|p1a: Politoed|Sitrus Berry|[eat]\n|-heal|p1a: Politoed|41/100|[from] item: Sitrus Berry\n|\n|-weather|RainDance|[upkeep]\n|-damage|p2a: Kingambit|14/100 brn|[from] brn\n|upkeep\n|\n|t:|1776436971\n|switch|p2b: Sneasler|Sneasler, L50, F|31/100\n|turn|6\n|\n|t:|1776437000\n|move|p1b: Scizor|Protect|p1b: Scizor\n|-singleturn|p1b: Scizor|Protect\n|move|p1a: Politoed|Protect|p1a: Politoed\n|-singleturn|p1a: Politoed|Protect\n|move|p2b: Sneasler|Fake Out|p1b: Scizor\n|-activate|p1b: Scizor|move: Protect\n|move|p2a: Kingambit|Sucker Punch||[still]\n|-fail|p2a: Kingambit\n|\n|-weather|RainDance|[upkeep]\n|-damage|p2a: Kingambit|8/100 brn|[from] brn\n|upkeep\n|turn|7\n|\n|t:|1776437015\n|move|p1b: Scizor|Bullet Punch|p2b: Sneasler\n|-damage|p2b: Sneasler|0 fnt\n|faint|p2b: Sneasler\n|move|p2a: Kingambit|Sucker Punch||[still]\n|-fail|p2a: Kingambit\n|move|p1a: Politoed|Encore|p2a: Kingambit\n|-start|p2a: Kingambit|Encore\n|\n|-weather|RainDance|[upkeep]\n|-damage|p2a: Kingambit|2/100 brn|[from] brn\n|upkeep\n|\n|t:|1776437019\n|switch|p2b: Floette|Floette-Eternal, L50, F|100/100\n|turn|8\n|-message|forkuser222 forfeited.\n|\n|win|TTT x\n|l|\u2606TTT x\n|player|p1|\n|c|\u2606forkuser222|gg\n|l| Sylver PKMN\n||forkuser222 is ready for game 2.\n||TTT x is ready for game 2.\n|uhtml|next|Next: <a href=\"/battle-gen9championsvgc2026regma-2586472182\"><strong>Game 2 of 3</strong></a>\n|l|\u2606forkuser222\n|player|p2|\n|j| rosa chinensis\n|l| X2Muz\n|j| X2Muz\n|l| X2Muz\n|n| maria no tsumeato|rosachinensis\n|l| maria no tsumeato\n|l|@Therazer456\n|l| mysticmarshtomp\n|l| Champions is tuff\n|j|\u2606forkuser222\n|player|p2|forkuser222|dancer|\n",
  "uploadtime": 1776437476,
  "views": 74,
  "formatid": "gen9championsvgc2026regma",
  "rating": null,
  "private": 0,
  "password": null
}