{
  "id": "gen9championsvgc2026regma-2585285318",
  "format": "[Gen 9 Champions] VGC 2026 Reg M-A",
  "players": [
    "BloodMinister01",
    "ajisainoyoru"
  ],
  "log": "|j|\u2606BloodMinister01\n|j|\u2606ajisainoyoru\n|t:|1776333826\n|gametype|doubles\n|player|p1|BloodMinister01|gentleman-gen4|1134\n|player|p2|ajisainoyoru|veteranf|1190\n|gen|9\n|tier|[Gen 9 Champions] VGC 2026 Reg M-A\n|rated|\n|rule|Species Clause: Limit one of each Pok\u00e9mon\n|rule|Item Clause: Limit 1 of each item\n|clearpoke\n|poke|p1|Glimmora, L50, M|\n|poke|p1|Whimsicott, L50, F|\n|poke|p1|Basculegion, L50, M|\n|poke|p1|Sneasler, L50, F|\n|poke|p1|Froslass, L50, F|\n|poke|p1|Kingambit, L50, M|\n|poke|p2|Froslass, L50, F|\n|poke|p2|Rotom-Frost, L50|\n|poke|p2|Aegislash, L50, F|\n|poke|p2|Floette-Eternal, L50, F|\n|poke|p2|Garchomp, L50, M|\n|poke|p2|Sneasler, L50, F|\n|teampreview|4\n|inactive|Battle timer is ON: inactive players will automatically lose when time's up. (requested by BloodMinister01)\n|\n|t:|1776333869\n|teamsize|p1|4\n|teamsize|p2|4\n|start\n|switch|p1a: Glimmora|Glimmora, L50, M|100/100\n|switch|p1b: Whimsicott|Whimsicott, L50, F|100/100\n|switch|p2a: Meowtom|Rotom-Frost, L50|100/100\n|switch|p2b: Meowsler|Sneasler, L50, F|100/100\n|turn|1\n|inactive|BloodMinister01 has 30 seconds left.\n|inactive|BloodMinister01 has 20 seconds left.\n|inactive|BloodMinister01 has 15 seconds left.\n|\n|t:|1776333914\n|detailschange|p1a: Glimmora|Glimmora-Mega, L50, M\n|-mega|p1a: Glimmora|Glimmora|Glimmoranite\n|move|p2b: Meowsler|Fake Out|p1b: Whimsicott\n|-damage|p1b: Whimsicott|84/100\n|cant|p1b: Whimsicott|flinch\n|move|p1a: Glimmora|Power Gem|p2a: Meowtom\n|-supereffective|p2a: Meowtom|1\n|-damage|p2a: Meowtom|0 fnt\n|faint|p2a: Meowtom\n|\n|upkeep\n|\n|t:|1776333929\n|switch|p2a: Meowchomp|Garchomp, L50, M|100/100\n|turn|2\n|\n|t:|1776333942\n|move|p2b: Meowsler|Protect|p2b: Meowsler\n|-singleturn|p2b: Meowsler|Protect\n|move|p1a: Glimmora|Spiky Shield|p1a: Glimmora\n|-singleturn|p1a: Glimmora|move: Protect\n|move|p1b: Whimsicott|Encore|p2b: Meowsler\n|-activate|p2b: Meowsler|move: Protect\n|move|p2a: Meowchomp|Earthquake|p1a: Glimmora|[spread] p1b\n|-activate|p2b: Meowsler|move: Protect\n|-activate|p1a: Glimmora|move: Protect\n|-resisted|p1b: Whimsicott|1\n|-damage|p1b: Whimsicott|59/100\n|\n|upkeep\n|turn|3\n|inactive|ajisainoyoru has 30 seconds left.\n|\n|t:|1776333969\n|switch|p2b: Floette|Floette-Eternal, L50, F|100/100\n|move|p1b: Whimsicott|Tailwind|p1b: Whimsicott\n|-sidestart|p1: BloodMinister01|move: Tailwind\n|move|p1a: Glimmora|Earth Power|p2b: Floette\n|-damage|p2b: Floette|60/100\n|move|p2a: Meowchomp|Poison Jab|p1b: Whimsicott\n|-supereffective|p1b: Whimsicott|2\n|-crit|p1b: Whimsicott\n|-damage|p1b: Whimsicott|0 fnt\n|faint|p1b: Whimsicott\n|\n|upkeep\n|inactive|BloodMinister01 has 30 seconds left.\n|\n|t:|1776334000\n|switch|p1b: Basculegion|Basculegion, L50, M|100/100\n|turn|4\n|-activate|p2a: Meowchomp|item: Quick Claw\n|\n|t:|1776334014\n|move|p1a: Glimmora|Spiky Shield|p1a: Glimmora\n|-singleturn|p1a: Glimmora|move: Protect\n|move|p2b: Floette|Protect|p2b: Floette\n|-singleturn|p2b: Floette|Protect\n|move|p2a: Meowchomp|Earthquake|p1b: Basculegion|[spread] p1b\n|-activate|p2b: Floette|move: Protect\n|-activate|p1a: Glimmora|move: Protect\n|-damage|p1b: Basculegion|47/100\n|move|p1b: Basculegion|Wave Crash|p2a: Meowchomp\n|-damage|p2a: Meowchomp|23/100\n|-damage|p1b: Basculegion|34/100|[from] ability: Rough Skin|[of] p2a: Meowchomp\n|-damage|p1b: Basculegion|10/100|[from] Recoil\n|\n|upkeep\n|turn|5\n|-activate|p2a: Meowchomp|item: Quick Claw\n|\n|t:|1776334039\n|detailschange|p2b: Floette|Floette-Mega, L50, F\n|-mega|p2b: Floette|Floette|Floettite\n|-ability|p2b: Floette|Fairy Aura\n|move|p2a: Meowchomp|Earthquake|p1a: Glimmora|[spread] p2b,p1a,p1b\n|-supereffective|p1a: Glimmora|2\n|-damage|p2b: Floette|12/100\n|-damage|p1a: Glimmora|0 fnt\n|-damage|p1b: Basculegion|0 fnt\n|faint|p1a: Glimmora\n|faint|p1b: Basculegion\n|move|p2b: Floette|Dazzling Gleam|p1: Glimmora|[notarget]\n|-fail|p2b: Floette\n|\n|upkeep\n|c|\u2606BloodMinister01|2 times in a row quick claw\n|c|\u2606BloodMinister01|gg\n|inactive|BloodMinister01 has 30 seconds left.\n|inactive|BloodMinister01 has 20 seconds left.\n|inactive|BloodMinister01 has 15 seconds left.\n|inactive|BloodMinister01 has 10 seconds left.\n|inactive|BloodMinister01 has 5 seconds left.\n|c|\u2606ajisainoyoru|Gg\n|\n|t:|1776334094\n|switch|p1a: Kingambit|Kingambit, L50, M|100/100\n|turn|6\n|inactive|BloodMinister01 has 30 seconds left.\n|inactive|BloodMinister01 has 20 seconds left.\n|inactive|BloodMinister01 has 15 seconds left.\n|inactive|BloodMinister01 has 10 seconds left.\n|inactive|BloodMinister01 has 5 seconds left.\n|\n|t:|1776334149\n|move|p1a: Kingambit|Sucker Punch|p2a: Meowchomp\n|-damage|p2a: Meowchomp|0 fnt\n|-damage|p1a: Kingambit|88/100|[from] ability: Rough Skin|[of] p2a: Meowchomp\n|faint|p2a: Meowchomp\n|move|p2b: Floette|Moonblast|p1a: Kingambit\n|-damage|p1a: Kingambit|11/100\n|-unboost|p1a: Kingambit|spa|1\n|-ability|p1a: Kingambit|Defiant|boost\n|-boost|p1a: Kingambit|atk|2\n|\n|-sideend|p1: BloodMinister01|move: Tailwind\n|upkeep\n|\n|t:|1776334160\n|switch|p2a: Meowsler|Sneasler, L50, F|100/100\n|turn|7\n|inactive|BloodMinister01 has 30 seconds left.\n|inactive|BloodMinister01 has 20 seconds left.\n|inactive|BloodMinister01 has 15 seconds left.\n|inactive|BloodMinister01 has 10 seconds left.\n|inactive|BloodMinister01 has 5 seconds left.\n|\n|t:|1776334215\n|move|p2a: Meowsler|Fake Out|p1a: Kingambit\n|-resisted|p1a: Kingambit|1\n|-damage|p1a: Kingambit|6/100\n|-immune|p1a: Kingambit\n|cant|p1a: Kingambit|flinch\n|move|p2b: Floette|Moonblast|p1a: Kingambit\n|-damage|p1a: Kingambit|0 fnt\n|faint|p1a: Kingambit\n|\n|win|ajisainoyoru\n|raw|BloodMinister01's rating: 1134 &rarr; <strong>1113</strong><br />(-21 for losing)\n|raw|ajisainoyoru's rating: 1190 &rarr; <strong>1211</strong><br />(+21 for winning)\n",
  "uploadtime": 1776334231,
  "views": 21,
  "formatid": "gen9championsvgc2026regma",
  "rating": 1113,
  "private": 0,
  "password": null
}