{
  "id": "gen9championsvgc2026regma-2585860959",
  "format": "[Gen 9 Champions] VGC 2026 Reg M-A",
  "players": [
    "Xatagarasu",
    "vnunesp12"
  ],
  "log": "|j|\u2606Xatagarasu\n|j|\u2606vnunesp12\n|t:|1776376293\n|gametype|doubles\n|player|p1|Xatagarasu|266|1118\n|player|p2|vnunesp12|red|1089\n|gen|9\n|tier|[Gen 9 Champions] VGC 2026 Reg M-A\n|rated|\n|rule|Species Clause: Limit one of each Pok\u00e9mon\n|rule|Item Clause: Limit 1 of each item\n|clearpoke\n|poke|p1|Arcanine, L50, M|\n|poke|p1|Rotom-Wash, L50|\n|poke|p1|Gardevoir, L50, F|\n|poke|p1|Garchomp, L50, F|\n|poke|p1|Sinistcha, L50|\n|poke|p1|Tyranitar, L50, F|\n|poke|p2|Froslass, L50, F|\n|poke|p2|Sneasler, L50, F|\n|poke|p2|Kingambit, L50, M|\n|poke|p2|Garchomp, L50, F|\n|poke|p2|Talonflame, L50, M|\n|poke|p2|Primarina, L50, M|\n|teampreview|4\n|inactive|Battle timer is ON: inactive players will automatically lose when time's up. (requested by vnunesp12)\n|inactive|vnunesp12 has 60 seconds left.\nXatagarasu rejected open team sheets.\n|\n|t:|1776376368\n|teamsize|p1|4\n|teamsize|p2|4\n|start\n|switch|p1a: Perro Sanxez|Arcanine, L50, M|100/100\n|switch|p1b: Rosalinda|Gardevoir, L50, F|100/100\n|switch|p2a: Caio Alexandre|Talonflame, L50, M|100/100\n|switch|p2b: Sanabria|Primarina, L50, M|100/100\n|-ability|p1a: Perro Sanxez|Intimidate|boost\n|-unboost|p2a: Caio Alexandre|atk|1\n|-unboost|p2b: Sanabria|atk|1\n|turn|1\n|\n|t:|1776376388\n|switch|p1a: Don Limpio|Rotom-Wash, L50|100/100\n|move|p1b: Rosalinda|Protect|p1b: Rosalinda\n|-singleturn|p1b: Rosalinda|Protect\n|move|p2a: Caio Alexandre|Tailwind|p2a: Caio Alexandre\n|-sidestart|p2: vnunesp12|move: Tailwind\n|move|p2b: Sanabria|Hyper Voice|p1b: Rosalinda|[spread] p1a\n|-activate|p1b: Rosalinda|move: Protect\n|-resisted|p1a: Don Limpio|1\n|-damage|p1a: Don Limpio|81/100\n|\n|upkeep\n|turn|2\n|inactive|Xatagarasu has 30 seconds left.\n|inactive|vnunesp12 has 30 seconds left.\n|\n|t:|1776376422\n|detailschange|p1b: Rosalinda|Gardevoir-Mega, L50, F\n|-mega|p1b: Rosalinda|Gardevoir|Gardevoirite\n|move|p2a: Caio Alexandre|Brave Bird|p1b: Rosalinda\n|-damage|p1b: Rosalinda|67/100\n|-damage|p2a: Caio Alexandre|90/100|[from] Recoil\n|move|p1a: Don Limpio|Hydro Pump|p2a: Caio Alexandre\n|-supereffective|p2a: Caio Alexandre|1\n|-damage|p2a: Caio Alexandre|0 fnt\n|faint|p2a: Caio Alexandre\n|move|p2b: Sanabria|Moonblast|p1a: Don Limpio\n|-damage|p1a: Don Limpio|29/100\n|move|p1b: Rosalinda|Trick Room|p1b: Rosalinda\n|-fieldstart|move: Trick Room|[of] p1b: Rosalinda\n|\n|upkeep\n|\n|t:|1776376439\n|switch|p2a: Pulga|Sneasler, L50, F|100/100\n|turn|3\n|\n|t:|1776376451\n|switch|p1a: Perro Sanxez|Arcanine, L50, M|100/100\n|-ability|p1a: Perro Sanxez|Intimidate|boost\n|-unboost|p2a: Pulga|atk|1\n|-unboost|p2b: Sanabria|atk|1\n|-enditem|p2a: Pulga|White Herb\n|-clearnegativeboost|p2a: Pulga|[silent]\n|move|p2a: Pulga|Fake Out|p1b: Rosalinda\n|-damage|p1b: Rosalinda|46/100\n|cant|p1b: Rosalinda|flinch\n|move|p2b: Sanabria|Moonblast|p1a: Perro Sanxez\n|-resisted|p1a: Perro Sanxez|1\n|-damage|p1a: Perro Sanxez|83/100\n|\n|upkeep\n|turn|4\n|inactive|Xatagarasu has 30 seconds left.\n|\n|t:|1776376480\n|move|p1a: Perro Sanxez|Protect|p1a: Perro Sanxez\n|-singleturn|p1a: Perro Sanxez|Protect\n|move|p2a: Pulga|Protect|p2a: Pulga\n|-singleturn|p2a: Pulga|Protect\n|move|p1b: Rosalinda|Psyshock|p2a: Pulga\n|-activate|p2a: Pulga|move: Protect\n|move|p2b: Sanabria|Calm Mind|p2b: Sanabria\n|-boost|p2b: Sanabria|spa|1\n|-boost|p2b: Sanabria|spd|1\n|\n|-sideend|p2: vnunesp12|move: Tailwind\n|upkeep\n|turn|5\n|\n|t:|1776376501\n|move|p2a: Pulga|Protect||[still]\n|-fail|p2a: Pulga\n|move|p2b: Sanabria|Hyper Voice|p1a: Perro Sanxez|[spread] p1a,p1b\n|-supereffective|p1a: Perro Sanxez|1\n|-damage|p1a: Perro Sanxez|0 fnt\n|-damage|p1b: Rosalinda|9/100\n|faint|p1a: Perro Sanxez\n|move|p1b: Rosalinda|Psyshock|p2a: Pulga\n|-supereffective|p2a: Pulga|2\n|-damage|p2a: Pulga|0 fnt\n|faint|p2a: Pulga\n|\n|upkeep\n|\n|t:|1776376522\n|switch|p1a: Don Limpio|Rotom-Wash, L50|29/100\n|switch|p2a: Everaldo|Froslass, L50, F|100/100\n|turn|6\n|\n|t:|1776376540\n|detailschange|p2a: Everaldo|Froslass-Mega, L50, F\n|-mega|p2a: Everaldo|Froslass|Froslassite\n|-weather|Snowscape|[from] ability: Snow Warning|[of] p2a: Everaldo\n|move|p2a: Everaldo|Protect|p2a: Everaldo\n|-singleturn|p2a: Everaldo|Protect\n|move|p2b: Sanabria|Calm Mind|p2b: Sanabria\n|-boost|p2b: Sanabria|spa|1\n|-boost|p2b: Sanabria|spd|1\n|move|p1b: Rosalinda|Hyper Voice|p2a: Everaldo|[spread] p2b\n|-activate|p2a: Everaldo|move: Protect\n|-damage|p2b: Sanabria|80/100\n|move|p1a: Don Limpio|Thunderbolt|p2b: Sanabria\n|-supereffective|p2b: Sanabria|1\n|-damage|p2b: Sanabria|43/100\n|\n|-weather|Snowscape|[upkeep]\n|-heal|p2b: Sanabria|49/100|[from] item: Leftovers\n|-fieldend|move: Trick Room\n|upkeep\n|turn|7\n|-message|Xatagarasu forfeited.\n|\n|win|vnunesp12\n|raw|Xatagarasu's rating: 1118 &rarr; <strong>1091</strong><br />(-27 for losing)\n|raw|vnunesp12's rating: 1089 &rarr; <strong>1118</strong><br />(+29 for winning)\n|l|\u2606Xatagarasu\n|player|p1|\n",
  "uploadtime": 1776376591,
  "views": 25,
  "formatid": "gen9championsvgc2026regma",
  "rating": 1091,
  "private": 0,
  "password": null
}