{
  "id": "gen9championsvgc2026regma-2582470709",
  "format": "[Gen 9 Champions] VGC 2026 Reg M-A",
  "players": [
    "LGPESWEEPER",
    "CurleighFries"
  ],
  "log": "|j|\u2606LGPESWEEPER\n|j|\u2606CurleighFries\n|t:|1776093796\n|gametype|doubles\n|player|p1|LGPESWEEPER|169|1051\n|player|p2|CurleighFries|170|1020\n|gen|9\n|tier|[Gen 9 Champions] VGC 2026 Reg M-A\n|rated|\n|rule|Species Clause: Limit one of each Pok\u00e9mon\n|rule|Item Clause: Limit 1 of each item\n|clearpoke\n|poke|p1|Gyarados, L50, F|\n|poke|p1|Garchomp, L50, M|\n|poke|p1|Tinkaton, L50, F|\n|poke|p1|Sneasler, L50, F|\n|poke|p1|Sinistcha, L50|\n|poke|p1|Pelipper, L50, F|\n|poke|p2|Clefable, L50, F|\n|poke|p2|Garchomp, L50, M|\n|poke|p2|Orthworm, L50, F|\n|poke|p2|Whimsicott, L50, M|\n|poke|p2|Ampharos, L50, M|\n|poke|p2|Salazzle, L50, F|\n|teampreview|4\n|\n|t:|1776093828\n|teamsize|p1|4\n|teamsize|p2|4\n|start\n|switch|p1a: Sneasler|Sneasler, L50, F|100/100\n|switch|p1b: Pelipper|Pelipper, L50, F|100/100\n|switch|p2a: Garchomp|Garchomp, L50, M|100/100\n|switch|p2b: Orthworm|Orthworm, L50, F|100/100\n|-weather|RainDance|[from] ability: Drizzle|[of] p1b: Pelipper\n|turn|1\n|\n|t:|1776093842\n|move|p1a: Sneasler|Close Combat|p2b: Orthworm\n|-supereffective|p2b: Orthworm|1\n|-damage|p2b: Orthworm|11/100\n|-unboost|p1a: Sneasler|def|1\n|-unboost|p1a: Sneasler|spd|1\n|-enditem|p2b: Orthworm|Sitrus Berry|[eat]\n|-heal|p2b: Orthworm|36/100|[from] item: Sitrus Berry\n|-enditem|p1a: Sneasler|White Herb\n|-clearnegativeboost|p1a: Sneasler|[silent]\n|move|p2a: Garchomp|Rock Slide|p1a: Sneasler|[spread] p1a,p1b\n|-resisted|p1a: Sneasler|1\n|-supereffective|p1b: Pelipper|1\n|-damage|p1a: Sneasler|83/100\n|-damage|p1b: Pelipper|46/100\n|move|p1b: Pelipper|Weather Ball|p2b: Orthworm\n|-damage|p2b: Orthworm|0 fnt\n|faint|p2b: Orthworm\n|\n|-weather|RainDance|[upkeep]\n|upkeep\n|\n|t:|1776093861\n|switch|p2b: Ampharos|Ampharos, L50, M, shiny|100/100\n|turn|2\n|\n|t:|1776093872\n|move|p1b: Pelipper|Protect|p1b: Pelipper\n|-singleturn|p1b: Pelipper|Protect\n|move|p1a: Sneasler|Close Combat|p2b: Ampharos\n|-damage|p2b: Ampharos|26/100\n|-unboost|p1a: Sneasler|def|1\n|-unboost|p1a: Sneasler|spd|1\n|move|p2a: Garchomp|Rock Slide|p1a: Sneasler|[spread] p1a\n|-activate|p1b: Pelipper|move: Protect\n|-resisted|p1a: Sneasler|1\n|-damage|p1a: Sneasler|58/100\n|move|p2b: Ampharos|Discharge|p1b: Pelipper|[spread] p1a\n|-activate|p1b: Pelipper|move: Protect\n|-immune|p2a: Garchomp\n|-damage|p1a: Sneasler|0 fnt\n|faint|p1a: Sneasler\n|\n|-weather|RainDance|[upkeep]\n|upkeep\n|\n|t:|1776093889\n|switch|p1a: Garchomp|Garchomp, L50, M|100/100\n|turn|3\n|\n|t:|1776093909\n|move|p2a: Garchomp|Outrage|p1b: Pelipper\n|-damage|p1b: Pelipper|0 fnt\n|faint|p1b: Pelipper\n|move|p1a: Garchomp|Earthquake|p2b: Ampharos|[spread] p2a,p2b\n|-supereffective|p2b: Ampharos|1\n|-crit|p2b: Ampharos\n|-damage|p2a: Garchomp|55/100\n|-damage|p2b: Ampharos|0 fnt\n|faint|p2b: Ampharos\n|\n|-weather|RainDance|[upkeep]\n|upkeep\n|\n|t:|1776093920\n|switch|p1b: Gyarados|Gyarados, L50, F|100/100\n|switch|p2b: Clefable|Clefable, L50, F, shiny|100/100\n|-ability|p1b: Gyarados|Intimidate|boost\n|-unboost|p2a: Garchomp|atk|1\n|-unboost|p2b: Clefable|atk|1\n|turn|4\n|\n|t:|1776093933\n|detailschange|p2b: Clefable|Clefable-Mega, L50, F, shiny\n|-mega|p2b: Clefable|Clefable|Clefablite\n|move|p2a: Garchomp|Outrage|p1a: Garchomp|[from] lockedmove\n|-supereffective|p1a: Garchomp|1\n|-damage|p1a: Garchomp|10/100\n|-damage|p2a: Garchomp|43/100|[from] ability: Rough Skin|[of] p1a: Garchomp\n|-start|p2a: Garchomp|confusion|[fatigue]\n|move|p1a: Garchomp|Earthquake|p2b: Clefable|[spread] p2a\n|-immune|p1b: Gyarados\n|-immune|p2b: Clefable\n|-damage|p2a: Garchomp|0 fnt\n|faint|p2a: Garchomp\n|move|p1b: Gyarados|Dragon Dance|p1b: Gyarados\n|-boost|p1b: Gyarados|atk|1\n|-boost|p1b: Gyarados|spe|1\n|move|p2b: Clefable|Moonblast|p1a: Garchomp\n|-supereffective|p1a: Garchomp|1\n|-damage|p1a: Garchomp|0 fnt\n|faint|p1a: Garchomp\n|\n|-weather|RainDance|[upkeep]\n|upkeep\n|turn|5\n|\n|t:|1776093958\n|move|p1b: Gyarados|Waterfall|p2b: Clefable\n|-damage|p2b: Clefable|0 fnt\n|faint|p2b: Clefable\n|\n|win|LGPESWEEPER\n|raw|LGPESWEEPER's rating: 1051 &rarr; <strong>1080</strong><br />(+29 for winning)\n|raw|CurleighFries's rating: 1020 &rarr; <strong>1008</strong><br />(-12 for losing)\n",
  "uploadtime": 1776093963,
  "views": 8,
  "formatid": "gen9championsvgc2026regma",
  "rating": 1008,
  "private": 0,
  "password": null
}