{
  "id": "gen9championsvgc2026regma-2585967631",
  "format": "[Gen 9 Champions] VGC 2026 Reg M-A",
  "players": [
    "koxicity",
    "CinnamonClub"
  ],
  "log": "|j|\u2606koxicity\n|j|\u2606CinnamonClub\n|t:|1776385973\n|gametype|doubles\n|player|p1|koxicity|265|1058\n|player|p2|CinnamonClub|2|1114\n|gen|9\n|tier|[Gen 9 Champions] VGC 2026 Reg M-A\n|rated|\n|rule|Species Clause: Limit one of each Pok\u00e9mon\n|rule|Item Clause: Limit 1 of each item\n|clearpoke\n|poke|p1|Oranguru, L50, F|\n|poke|p1|Sylveon, L50, M|\n|poke|p1|Houndoom, L50, M|\n|poke|p1|Torkoal, L50, F|\n|poke|p1|Starmie, L50|\n|poke|p1|Maushold-Four, L50|\n|poke|p2|Altaria, L50, F|\n|poke|p2|Talonflame, L50, F|\n|poke|p2|Empoleon, L50, M|\n|poke|p2|Raichu, L50, M|\n|poke|p2|Sinistcha, L50|\n|poke|p2|Kingambit, L50, F|\n|teampreview|4\n|\n|t:|1776386027\n|teamsize|p1|4\n|teamsize|p2|4\n|start\n|switch|p1a: Maushold|Maushold-Four, L50|100/100\n|switch|p1b: Oranguru|Oranguru, L50, F|100/100\n|switch|p2a: Raichu|Raichu, L50, M|100/100\n|switch|p2b: Kingambit|Kingambit, L50, F|100/100\n|turn|1\n|\n|t:|1776386049\n|move|p2a: Raichu|Drain Punch|p1a: Maushold\n|-supereffective|p1a: Maushold|1\n|-damage|p1a: Maushold|38/100\n|move|p1a: Maushold|Population Bomb|p2b: Kingambit\n|-resisted|p2b: Kingambit|1\n|-damage|p2b: Kingambit|96/100\n|-resisted|p2b: Kingambit|1\n|-damage|p2b: Kingambit|92/100\n|-resisted|p2b: Kingambit|1\n|-damage|p2b: Kingambit|87/100\n|-resisted|p2b: Kingambit|1\n|-damage|p2b: Kingambit|84/100\n|-resisted|p2b: Kingambit|1\n|-damage|p2b: Kingambit|79/100\n|-resisted|p2b: Kingambit|1\n|-damage|p2b: Kingambit|75/100\n|-resisted|p2b: Kingambit|1\n|-damage|p2b: Kingambit|71/100\n|-hitcount|p2b: Kingambit|7\n|move|p1b: Oranguru|Instruct|p1a: Maushold\n|-singleturn|p1a: Maushold|move: Instruct|[of] p1b: Oranguru\n|move|p1a: Maushold|Population Bomb|p2b: Kingambit|[miss]\n|-miss|p1a: Maushold|p2b: Kingambit\n|cant|p2b: Kingambit|flinch\n|\n|upkeep\n|turn|2\n|\n|t:|1776386089\n|move|p1a: Maushold|Protect|p1a: Maushold\n|-singleturn|p1a: Maushold|Protect\n|move|p2a: Raichu|Drain Punch|p1a: Maushold\n|-activate|p1a: Maushold|move: Protect\n|move|p2b: Kingambit|Kowtow Cleave|p1b: Oranguru\n|-supereffective|p1b: Oranguru|1\n|-damage|p1b: Oranguru|10/100\n|move|p1b: Oranguru|Trick Room|p1b: Oranguru\n|-fieldstart|move: Trick Room|[of] p1b: Oranguru\n|\n|upkeep\n|turn|3\n|\n|t:|1776386108\n|move|p1b: Oranguru|Protect|p1b: Oranguru\n|-singleturn|p1b: Oranguru|Protect\n|move|p2b: Kingambit|Kowtow Cleave|p1b: Oranguru\n|-activate|p1b: Oranguru|move: Protect\n|move|p1a: Maushold|Population Bomb|p2a: Raichu\n|-damage|p2a: Raichu|71/100\n|-damage|p2a: Raichu|43/100\n|-damage|p2a: Raichu|17/100\n|-damage|p2a: Raichu|0 fnt\n|faint|p2a: Raichu\n|-hitcount|p2: Raichu|4\n|\n|upkeep\n|\n|t:|1776386124\n|switch|p2a: Sinistcha|Sinistcha, L50|100/100\n|-heal|p2b: Kingambit|95/100|[from] ability: Hospitality|[of] p2a: Sinistcha\n|turn|4\n|\n|t:|1776386148\n|move|p2b: Kingambit|Sucker Punch|p1a: Maushold\n|-damage|p1a: Maushold|0 fnt\n|faint|p1a: Maushold\n|move|p1b: Oranguru|Instruct|p1: Maushold|[notarget]\n|-fail|p1b: Oranguru\n|move|p2a: Sinistcha|Matcha Gotcha|p1b: Oranguru\n|-crit|p1b: Oranguru\n|-damage|p1b: Oranguru|0 fnt\n|faint|p1b: Oranguru\n|\n|upkeep\n|\n|t:|1776386159\n|switch|p1b: Starmie|Starmie, L50|100/100\n|switch|p1a: Sylveon|Sylveon, L50, M|100/100\n|turn|5\n|\n|t:|1776386187\n|move|p2b: Kingambit|Iron Head|p1a: Sylveon\n|-supereffective|p1a: Sylveon|1\n|-damage|p1a: Sylveon|0 fnt\n|faint|p1a: Sylveon\n|move|p2a: Sinistcha|Matcha Gotcha|p1b: Starmie\n|-supereffective|p1b: Starmie|1\n|-damage|p1b: Starmie|0 fnt\n|faint|p1b: Starmie\n|\n|win|CinnamonClub\n|raw|koxicity's rating: 1058 &rarr; <strong>1042</strong><br />(-16 for losing)\n|raw|CinnamonClub's rating: 1114 &rarr; <strong>1135</strong><br />(+21 for winning)\n|l|\u2606koxicity\n|player|p1|\n",
  "uploadtime": 1776386203,
  "views": 14,
  "formatid": "gen9championsvgc2026regma",
  "rating": 1042,
  "private": 0,
  "password": null
}