{
  "id": "gen9championsvgc2026regma-2581091224",
  "format": "[Gen 9 Champions] VGC 2026 Reg M-A",
  "players": [
    "Givemetheghoul",
    "autiorez"
  ],
  "log": "|j|\u203dGivemetheghoul\n|j|\u2606autiorez\n|t:|1775958993\n|gametype|doubles\n|player|p1|Givemetheghoul|miku-water|1083\n|player|p2|autiorez|youngn|1083\n|gen|9\n|tier|[Gen 9 Champions] VGC 2026 Reg M-A\n|rated|\n|rule|Species Clause: Limit one of each Pok\u00e9mon\n|rule|Item Clause: Limit 1 of each item\n|clearpoke\n|poke|p1|Palafin, L50, M|\n|poke|p1|Tyranitar, L50, M|\n|poke|p1|Aerodactyl, L50, F|\n|poke|p1|Aegislash, L50, F|\n|poke|p1|Incineroar, L50, M|\n|poke|p2|Clefable, L50, M|\n|poke|p2|Incineroar, L50, M|\n|poke|p2|Whimsicott, L50, F|\n|poke|p2|Rotom-Wash, L50|\n|poke|p2|Arcanine-Hisui, L50, M|\n|poke|p2|Lucario, L50, M|\n|teampreview|4\n|inactive|Battle timer is ON: inactive players will automatically lose when time's up. (requested by autiorez)\n|inactive|Givemetheghoul has 60 seconds left.\n|\n|t:|1775959028\n|teamsize|p1|4\n|teamsize|p2|4\n|start\n|switch|p1a: Palafin|Palafin, L50, M|100/100\n|switch|p1b: Incineroar|Incineroar, L50, M|100/100\n|switch|p2a: Whimsicott|Whimsicott, L50, F|100/100\n|switch|p2b: Rotom|Rotom-Wash, L50|100/100\n|-ability|p1b: Incineroar|Intimidate|boost\n|-unboost|p2a: Whimsicott|atk|1\n|-unboost|p2b: Rotom|atk|1\n|turn|1\n|\n|t:|1775959038\n|move|p1b: Incineroar|Fake Out|p2b: Rotom\n|-damage|p2b: Rotom|85/100\n|move|p2a: Whimsicott|Tailwind|p2a: Whimsicott\n|-sidestart|p2: autiorez|move: Tailwind\n|move|p1a: Palafin|Flip Turn|p2a: Whimsicott\n|-resisted|p2a: Whimsicott|1\n|-damage|p2a: Whimsicott|88/100\n|\n|t:|1775959060\n|detailschange|p1a: Palafin|Palafin-Hero, L50, M\n|switch|p1a: Aegislash|Aegislash, L50, F|100/100|[from] Flip Turn\n|cant|p2b: Rotom|flinch\n|\n|-heal|p2b: Rotom|91/100|[from] item: Leftovers\n|upkeep\n|turn|2\n|\n|t:|1775959070\n|switch|p1b: Palafin|Palafin-Hero, L50, M|100/100\n|-activate|p1b: Palafin|ability: Zero to Hero\n|move|p2a: Whimsicott|Moonblast|p1b: Palafin\n|-damage|p1b: Palafin|71/100\n|-unboost|p1b: Palafin|spa|1\n|move|p2b: Rotom|Will-O-Wisp|p1a: Aegislash\n|-status|p1a: Aegislash|brn\n|-formechange|p1a: Aegislash|Aegislash-Blade|\n|move|p1a: Aegislash|Flash Cannon|p2a: Whimsicott\n|-supereffective|p2a: Whimsicott|1\n|-damage|p2a: Whimsicott|0 fnt\n|faint|p2a: Whimsicott\n|\n|-heal|p2b: Rotom|97/100|[from] item: Leftovers\n|-damage|p1a: Aegislash|95/100 brn|[from] brn\n|upkeep\n|\n|t:|1775959073\n|switch|p2a: Clefable|Clefable, L50, M|100/100\n|turn|3\n|\n|t:|1775959088\n|switch|p1b: Incineroar|Incineroar, L50, M|100/100\n|-ability|p1b: Incineroar|Intimidate|boost\n|-unboost|p2a: Clefable|atk|1\n|-unboost|p2b: Rotom|atk|1\n|move|p1a: Aegislash|Protect|p1a: Aegislash\n|-singleturn|p1a: Aegislash|Protect\n|move|p2a: Clefable|Follow Me|p2a: Clefable\n|-singleturn|p2a: Clefable|move: Follow Me\n|move|p2b: Rotom|Will-O-Wisp|p1b: Incineroar\n|-immune|p1b: Incineroar\n|\n|-heal|p2b: Rotom|100/100|[from] item: Leftovers\n|-damage|p1a: Aegislash|89/100 brn|[from] brn\n|upkeep\n|turn|4\n|\n|t:|1775959098\n|move|p2b: Rotom|Protect|p2b: Rotom\n|-singleturn|p2b: Rotom|Protect\n|move|p1b: Incineroar|Fake Out|p2b: Rotom\n|-activate|p2b: Rotom|move: Protect\n|move|p2a: Clefable|Follow Me|p2a: Clefable\n|-singleturn|p2a: Clefable|move: Follow Me\n|move|p1a: Aegislash|Flash Cannon|p2a: Clefable|[miss]\n|-miss|p1a: Aegislash|p2a: Clefable\n|\n|-damage|p1a: Aegislash|83/100 brn|[from] brn\n|-sideend|p2: autiorez|move: Tailwind\n|upkeep\n|turn|5\n|inactive|autiorez has 30 seconds left.\n|inactive|autiorez has 20 seconds left.\n|inactive|autiorez has 15 seconds left.\n|inactive|autiorez has 10 seconds left.\n|inactive|autiorez has 5 seconds left.\n|\n|t:|1775959153\n|move|p2a: Clefable|Follow Me|p2a: Clefable\n|-singleturn|p2a: Clefable|move: Follow Me\n|move|p2b: Rotom|Will-O-Wisp|p1a: Aegislash\n|-fail|p1a: Aegislash|brn\n|move|p1b: Incineroar|Parting Shot|p2a: Clefable\n|-unboost|p2a: Clefable|atk|1\n|-unboost|p2a: Clefable|spa|1\n|\n|t:|1775959161\n|switch|p1b: Palafin|Palafin-Hero, L50, M|71/100|[from] Parting Shot\n|move|p1a: Aegislash|Flash Cannon|p2a: Clefable\n|-supereffective|p2a: Clefable|1\n|-damage|p2a: Clefable|35/100\n|\n|-damage|p1a: Aegislash|77/100 brn|[from] brn\n|upkeep\n|turn|6\n|c|\u2606autiorez|i step away for one second\n|\n|t:|1775959177\n|move|p1b: Palafin|Flip Turn|p2a: Clefable\n|-damage|p2a: Clefable|0 fnt\n|faint|p2a: Clefable\n|\n|t:|1775959181\n|switch|p1b: Aerodactyl|Aerodactyl, L50, F|100/100|[from] Flip Turn\n|-ability|p1b: Aerodactyl|Unnerve\n|move|p2b: Rotom|Hydro Pump|p1a: Aegislash|[miss]\n|-miss|p2b: Rotom|p1a: Aegislash\n|move|p1a: Aegislash|Flash Cannon|p2b: Rotom\n|-resisted|p2b: Rotom|2\n|-damage|p2b: Rotom|92/100\n|\n|-heal|p2b: Rotom|97/100|[from] item: Leftovers\n|-damage|p1a: Aegislash|71/100 brn|[from] brn\n|upkeep\n|\n|t:|1775959184\n|switch|p2a: Lucario|Lucario, L50, M|100/100\n|turn|7\n|\n|t:|1775959191\n|switch|p1a: Incineroar|Incineroar, L50, M|100/100\n|-ability|p1a: Incineroar|Intimidate|boost\n|-fail|p2a: Lucario|unboost|Attack|[from] ability: Inner Focus|[of] p2a: Lucario\n|-unboost|p2b: Rotom|atk|1\n|move|p2a: Lucario|Detect|p2a: Lucario\n|-singleturn|p2a: Lucario|Protect\n|move|p1b: Aerodactyl|Tailwind|p1b: Aerodactyl\n|-sidestart|p1: Givemetheghoul|move: Tailwind\n|move|p2b: Rotom|Hydro Pump|p1b: Aerodactyl\n|-supereffective|p1b: Aerodactyl|1\n|-enditem|p1b: Aerodactyl|Focus Sash\n|-damage|p1b: Aerodactyl|1/100\n|\n|-heal|p2b: Rotom|100/100|[from] item: Leftovers\n|upkeep\n|turn|8\n|\n|t:|1775959205\n|move|p2b: Rotom|Protect|p2b: Rotom\n|-singleturn|p2b: Rotom|Protect\n|move|p2a: Lucario|Bullet Punch|p1b: Aerodactyl\n|-supereffective|p1b: Aerodactyl|1\n|-damage|p1b: Aerodactyl|0 fnt\n|faint|p1b: Aerodactyl\n|move|p1a: Incineroar|Flare Blitz|p2a: Lucario\n|-supereffective|p2a: Lucario|1\n|-damage|p2a: Lucario|0 fnt\n|faint|p2a: Lucario\n|-damage|p1a: Incineroar|77/100|[from] Recoil\n|\n|upkeep\n|\n|t:|1775959209\n|switch|p1b: Palafin|Palafin-Hero, L50, M|71/100\n|turn|9\n|c|\u2606autiorez|lame shit i hate incineroar players\n|\n|t:|1775959221\n|move|p1b: Palafin|Close Combat|p2b: Rotom\n|-crit|p2b: Rotom\n|-damage|p2b: Rotom|16/100\n|-unboost|p1b: Palafin|def|1\n|-unboost|p1b: Palafin|spd|1\n|move|p1a: Incineroar|Darkest Lariat|p2b: Rotom\n|-damage|p2b: Rotom|0 fnt\n|faint|p2b: Rotom\n|\n|win|Givemetheghoul\n",
  "uploadtime": 1775959218,
  "views": 8,
  "formatid": "gen9championsvgc2026regma",
  "rating": null,
  "private": 0,
  "password": null
}