{
  "id": "gen9championsvgc2026regma-2583653195",
  "format": "[Gen 9 Champions] VGC 2026 Reg M-A",
  "players": [
    "Pacman_po",
    "miruna11"
  ],
  "log": "|j|\u2606Pacman_po\n|j|\u2606miruna11\n|t:|1776188948\n|gametype|doubles\n|player|p1|Pacman_po|ballguy|1181\n|player|p2|miruna11|unknownf|1229\n|gen|9\n|tier|[Gen 9 Champions] VGC 2026 Reg M-A\n|rated|\n|rule|Species Clause: Limit one of each Pok\u00e9mon\n|rule|Item Clause: Limit 1 of each item\n|clearpoke\n|poke|p1|Mr. Rime, L50, M|\n|poke|p1|Aerodactyl, L50, M|\n|poke|p1|Kingambit, L50, M|\n|poke|p1|Floette-Eternal, L50, F|\n|poke|p1|Sinistcha, L50|\n|poke|p1|Chandelure, L50, M|\n|poke|p2|Garchomp, L50, F|\n|poke|p2|Gardevoir, L50, F|\n|poke|p2|Sinistcha, L50|\n|poke|p2|Basculegion, L50, M|\n|poke|p2|Kingambit, L50, F|\n|poke|p2|Incineroar, L50, M|\n|teampreview|4\n|inactive|Battle timer is ON: inactive players will automatically lose when time's up. (requested by miruna11)\n|inactive|Pacman_po also wants the timer to be on.\n|\n|t:|1776188975\n|teamsize|p1|4\n|teamsize|p2|4\n|start\n|switch|p1a: Aerodactyl|Aerodactyl, L50, M, shiny|100/100\n|switch|p1b: Floette|Floette-Eternal, L50, F|100/100\n|switch|p2a: Gardevoir|Gardevoir, L50, F, shiny|100/100\n|switch|p2b: Garchomp|Garchomp, L50, F|100/100\n|-ability|p1a: Aerodactyl|Unnerve\n|turn|1\n|\n|t:|1776189000\n|detailschange|p2a: Gardevoir|Gardevoir-Mega, L50, F, shiny\n|-mega|p2a: Gardevoir|Gardevoir|Gardevoirite\n|move|p2b: Garchomp|Rock Slide|p1b: Floette|[spread] p1b\n|-miss|p2b: Garchomp|p1a: Aerodactyl\n|-damage|p1b: Floette|73/100\n|move|p1a: Aerodactyl|Tailwind|p1a: Aerodactyl\n|-sidestart|p1: Pacman_po|move: Tailwind\n|move|p1b: Floette|Calm Mind|p1b: Floette\n|-boost|p1b: Floette|spa|1\n|-boost|p1b: Floette|spd|1\n|move|p2a: Gardevoir|Trick Room|p2a: Gardevoir\n|-fieldstart|move: Trick Room|[of] p2a: Gardevoir\n|\n|upkeep\n|turn|2\n|inactive|Pacman_po has 30 seconds left.\n|\n|t:|1776189036\n|switch|p1a: Sinistcha|Sinistcha, L50, shiny|100/100\n|-heal|p1b: Floette|98/100|[from] ability: Hospitality|[of] p1a: Sinistcha\n|move|p2a: Gardevoir|Psyshock|p1b: Floette\n|-damage|p1b: Floette|33/100\n|move|p2b: Garchomp|Rock Slide|p1b: Floette|[spread] \n|-miss|p2b: Garchomp|p1a: Sinistcha\n|-miss|p2b: Garchomp|p1b: Floette\n|move|p1b: Floette|Calm Mind|p1b: Floette\n|-boost|p1b: Floette|spa|1\n|-boost|p1b: Floette|spd|1\n|\n|upkeep\n|turn|3\n|\n|t:|1776189051\n|move|p1b: Floette|Protect|p1b: Floette\n|-singleturn|p1b: Floette|Protect\n|move|p2a: Gardevoir|Hyper Voice|p1a: Sinistcha|[spread] p1a\n|-activate|p1b: Floette|move: Protect\n|-damage|p1a: Sinistcha|54/100\n|move|p2b: Garchomp|Rock Slide|p1a: Sinistcha|[spread] p1a\n|-activate|p1b: Floette|move: Protect\n|-damage|p1a: Sinistcha|36/100\n|move|p1a: Sinistcha|Trick Room|p1a: Sinistcha\n|-fieldend|move: Trick Room\n|\n|-heal|p1a: Sinistcha|43/100|[from] item: Leftovers\n|upkeep\n|turn|4\n|\n|t:|1776189061\n|move|p2a: Gardevoir|Protect|p2a: Gardevoir\n|-singleturn|p2a: Gardevoir|Protect\n|move|p1b: Floette|Dazzling Gleam|p2b: Garchomp|[spread] p2b\n|-activate|p2a: Gardevoir|move: Protect\n|-supereffective|p2b: Garchomp|1\n|-damage|p2b: Garchomp|0 fnt\n|faint|p2b: Garchomp\n|move|p1a: Sinistcha|Shadow Ball|p2a: Gardevoir\n|-activate|p2a: Gardevoir|move: Protect\n|\n|-heal|p1a: Sinistcha|49/100|[from] item: Leftovers\n|-sideend|p1: Pacman_po|move: Tailwind\n|upkeep\n|\n|t:|1776189064\n|switch|p2b: Kingambit|Kingambit, L50, F|100/100\n|turn|5\n|\n|t:|1776189074\n|move|p2b: Kingambit|Protect|p2b: Kingambit\n|-singleturn|p2b: Kingambit|Protect\n|move|p1a: Sinistcha|Rage Powder|p1a: Sinistcha\n|-singleturn|p1a: Sinistcha|move: Rage Powder\n|move|p1b: Floette|Dazzling Gleam|p2a: Gardevoir|[spread] p2a\n|-activate|p2b: Kingambit|move: Protect\n|-damage|p2a: Gardevoir|50/100\n|move|p2a: Gardevoir|Trick Room|p2a: Gardevoir\n|-fieldstart|move: Trick Room|[of] p2a: Gardevoir\n|\n|-heal|p1a: Sinistcha|55/100|[from] item: Leftovers\n|upkeep\n|turn|6\n|\n|t:|1776189086\n|move|p1b: Floette|Protect|p1b: Floette\n|-singleturn|p1b: Floette|Protect\n|move|p2b: Kingambit|Kowtow Cleave|p1a: Sinistcha\n|-supereffective|p1a: Sinistcha|1\n|-damage|p1a: Sinistcha|0 fnt\n|faint|p1a: Sinistcha\n|move|p2a: Gardevoir|Psyshock|p1b: Floette\n|-activate|p1b: Floette|move: Protect\n|\n|upkeep\n|\n|t:|1776189089\n|switch|p1a: Chandelure|Chandelure, L50, M, shiny|100/100\n|turn|7\n|\n|t:|1776189099\n|detailschange|p1b: Floette|Floette-Mega, L50, F\n|-mega|p1b: Floette|Floette|Floettite\n|-ability|p1b: Floette|Fairy Aura\n|move|p2b: Kingambit|Sucker Punch|p1a: Chandelure\n|-supereffective|p1a: Chandelure|1\n|-damage|p1a: Chandelure|0 fnt\n|faint|p1a: Chandelure\n|move|p2a: Gardevoir|Psyshock|p1b: Floette\n|-damage|p1b: Floette|0 fnt\n|faint|p1b: Floette\n|\n|upkeep\n|\n|t:|1776189107\n|switch|p1b: Aerodactyl|Aerodactyl, L50, M, shiny|100/100\n|-ability|p1b: Aerodactyl|Unnerve\n|turn|8\n|\n|t:|1776189112\n|move|p2b: Kingambit|Sucker Punch||[still]\n|-fail|p2b: Kingambit\n|move|p2a: Gardevoir|Hyper Voice|p1b: Aerodactyl\n|-damage|p1b: Aerodactyl|9/100\n|move|p1b: Aerodactyl|Tailwind|p1b: Aerodactyl\n|-sidestart|p1: Pacman_po|move: Tailwind\n|\n|upkeep\n|turn|9\n|\n|t:|1776189117\n|move|p1b: Aerodactyl|Protect|p1b: Aerodactyl\n|-singleturn|p1b: Aerodactyl|Protect\n|move|p2b: Kingambit|Sucker Punch||[still]\n|-fail|p2b: Kingambit\n|move|p2a: Gardevoir|Hyper Voice|p1b: Aerodactyl\n|-activate|p1b: Aerodactyl|move: Protect\n|\n|-fieldend|move: Trick Room\n|upkeep\n|turn|10\n|\n|t:|1776189120\n|move|p2b: Kingambit|Sucker Punch||[still]\n|-fail|p2b: Kingambit\n|move|p1b: Aerodactyl|Tailwind||[still]\n|-fail|p1b: Aerodactyl\n|move|p2a: Gardevoir|Hyper Voice|p1b: Aerodactyl\n|-damage|p1b: Aerodactyl|0 fnt\n|faint|p1b: Aerodactyl\n|\n|win|miruna11\n|raw|Pacman_po's rating: 1181 &rarr; <strong>1159</strong><br />(-22 for losing)\n|raw|miruna11's rating: 1229 &rarr; <strong>1251</strong><br />(+22 for winning)\n|l|\u2606Pacman_po\n|player|p1|\n",
  "uploadtime": 1776189127,
  "views": 13,
  "formatid": "gen9championsvgc2026regma",
  "rating": 1159,
  "private": 0,
  "password": null
}