{
  "id": "gen9championsvgc2026regma-2588366405",
  "format": "[Gen 9 Champions] VGC 2026 Reg M-A",
  "players": [
    "furubisal",
    "Godotto"
  ],
  "log": "|j|\u2606furubisal\n|j|\u2606Godotto\n|t:|1776627557\n|gametype|doubles\n|player|p1|furubisal|blue|1259\n|player|p2|Godotto|sage|1347\n|gen|9\n|tier|[Gen 9 Champions] VGC 2026 Reg M-A\n|rated|\n|rule|Species Clause: Limit one of each Pok\u00e9mon\n|rule|Item Clause: Limit 1 of each item\n|clearpoke\n|poke|p1|Farigiraf, L50, M|\n|poke|p1|Crabominable, L50, M|\n|poke|p1|Incineroar, L50, F|\n|poke|p1|Ampharos, L50, M|\n|poke|p1|Aggron, L50, F|\n|poke|p1|Hydrapple, L50, M|\n|poke|p2|Froslass, L50, F|\n|poke|p2|Garchomp, L50, M|\n|poke|p2|Rotom-Wash, L50|\n|poke|p2|Aegislash, L50, M, shiny|\n|poke|p2|Incineroar, L50, F|\n|poke|p2|Kingambit, L50, F|\n|teampreview|4\n|\n|t:|1776627605\n|teamsize|p1|4\n|teamsize|p2|4\n|start\n|switch|p1a: Farigiraf|Farigiraf, L50, M|100/100\n|switch|p1b: Incineroar|Incineroar, L50, F|100/100\n|switch|p2a: Froslass|Froslass, L50, F|100/100\n|switch|p2b: Rotom|Rotom-Wash, L50|100/100\n|-ability|p1b: Incineroar|Intimidate|boost\n|-unboost|p2a: Froslass|atk|1\n|-unboost|p2b: Rotom|atk|1\n|turn|1\n|\n|t:|1776627630\n|detailschange|p2a: Froslass|Froslass-Mega, L50, F\n|-mega|p2a: Froslass|Froslass|Froslassite\n|-weather|Snowscape|[from] ability: Snow Warning|[of] p2a: Froslass\n|move|p2b: Rotom|Protect|p2b: Rotom\n|-singleturn|p2b: Rotom|Protect\n|move|p1b: Incineroar|Fake Out|p2b: Rotom\n|-activate|p2b: Rotom|move: Protect\n|move|p2a: Froslass|Aurora Veil|p2a: Froslass\n|-sidestart|p2: Godotto|move: Aurora Veil\n|move|p1a: Farigiraf|Trick Room|p1a: Farigiraf\n|-fieldstart|move: Trick Room|[of] p1a: Farigiraf\n|\n|-weather|Snowscape|[upkeep]\n|upkeep\n|turn|2\n|\n|t:|1776627659\n|move|p1a: Farigiraf|Psychic|p2b: Rotom\n|-damage|p2b: Rotom|76/100\n|-unboost|p2b: Rotom|spd|1\n|move|p1b: Incineroar|Flare Blitz|p2a: Froslass\n|-supereffective|p2a: Froslass|1\n|-damage|p2a: Froslass|7/100\n|-damage|p1b: Incineroar|78/100|[from] Recoil\n|move|p2b: Rotom|Hydro Pump|p1b: Incineroar|[miss]\n|-miss|p2b: Rotom|p1b: Incineroar\n|move|p2a: Froslass|Blizzard|p1b: Incineroar|[spread] p1a,p1b\n|-resisted|p1b: Incineroar|1\n|-damage|p1a: Farigiraf|56/100\n|-damage|p1b: Incineroar|56/100\n|-status|p1a: Farigiraf|frz\n|\n|-weather|Snowscape|[upkeep]\n|-heal|p2b: Rotom|82/100|[from] item: Leftovers\n|upkeep\n|turn|3\n|\n|t:|1776627691\n|switch|p2a: Aegislash|Aegislash, L50, M, shiny|100/100\n|move|p1b: Incineroar|Darkest Lariat|p2a: Aegislash\n|-supereffective|p2a: Aegislash|1\n|-damage|p2a: Aegislash|50/100\n|cant|p1a: Farigiraf|frz\n|move|p2b: Rotom|Hydro Pump|p1b: Incineroar\n|-supereffective|p1b: Incineroar|1\n|-damage|p1b: Incineroar|0 fnt\n|faint|p1b: Incineroar\n|\n|-weather|Snowscape|[upkeep]\n|-heal|p2b: Rotom|88/100|[from] item: Leftovers\n|upkeep\n|\n|t:|1776627707\n|switch|p1b: Aggron|Aggron, L50, F|100/100\n|turn|4\n|\n|t:|1776627726\n|detailschange|p1b: Aggron|Aggron-Mega, L50, F\n|-mega|p1b: Aggron|Aggron|Aggronite\n|move|p1b: Aggron|Heavy Slam|p2a: Aegislash\n|-resisted|p2a: Aegislash|1\n|-damage|p2a: Aegislash|36/100\n|-formechange|p2a: Aegislash|Aegislash-Blade|\n|move|p2a: Aegislash|Flash Cannon|p1a: Farigiraf\n|-damage|p1a: Farigiraf|5/100 frz\n|cant|p1a: Farigiraf|frz\n|move|p2b: Rotom|Will-O-Wisp|p1b: Aggron\n|-status|p1b: Aggron|brn\n|\n|-weather|Snowscape|[upkeep]\n|-heal|p2b: Rotom|93/100|[from] item: Leftovers\n|-damage|p1b: Aggron|94/100 brn|[from] brn\n|upkeep\n|turn|5\n|c|\u2606furubisal|bro im so unlucky\n|\n|t:|1776627747\n|-formechange|p2a: Aegislash|Aegislash|\n|move|p2a: Aegislash|King's Shield|p2a: Aegislash\n|-singleturn|p2a: Aegislash|Protect\n|move|p1b: Aggron|Rock Slide|p2a: Aegislash|[spread] \n|-activate|p2a: Aegislash|move: Protect\n|-miss|p1b: Aggron|p2b: Rotom\n|-curestatus|p1a: Farigiraf|frz|[msg]\n|move|p1a: Farigiraf|Psychic|p2a: Aegislash\n|-activate|p2a: Aegislash|move: Protect\n|move|p2b: Rotom|Electroweb|p1b: Aggron|[spread] p1a,p1b\n|-crit|p1a: Farigiraf\n|-damage|p1a: Farigiraf|0 fnt\n|-damage|p1b: Aggron|74/100 brn\n|-unboost|p1b: Aggron|spe|1\n|faint|p1a: Farigiraf\n|\n|-weather|none\n|-heal|p2b: Rotom|99/100|[from] item: Leftovers\n|-damage|p1b: Aggron|68/100 brn|[from] brn\n|-sideend|p2: Godotto|move: Aurora Veil\n|-fieldend|move: Trick Room\n|upkeep\n|c|\u2606furubisal|BEOOOO\n|c|\u2606furubisal|BROOO\n|\n|t:|1776627759\n|switch|p1a: Crabominable|Crabominable, L50, M|100/100\n|turn|6\n|\n|t:|1776627777\n|move|p2b: Rotom|Will-O-Wisp|p1a: Crabominable\n|-status|p1a: Crabominable|brn\n|-formechange|p2a: Aegislash|Aegislash-Blade|\n|move|p2a: Aegislash|Flash Cannon|p1a: Crabominable\n|-supereffective|p1a: Crabominable|1\n|-damage|p1a: Crabominable|0 fnt\n|faint|p1a: Crabominable\n|move|p1b: Aggron|Heavy Slam|p2a: Aegislash\n|-resisted|p2a: Aegislash|1\n|-damage|p2a: Aegislash|11/100\n|\n|-heal|p2b: Rotom|100/100|[from] item: Leftovers\n|-damage|p1b: Aggron|62/100 brn|[from] brn\n|upkeep\n|turn|7\n|c|\u2606furubisal|I HOP\n|n|!furubisal|furubisal\n|-message|furubisal forfeited.\n|\n|win|Godotto\n",
  "uploadtime": 1776627786,
  "views": 7,
  "formatid": "gen9championsvgc2026regma",
  "rating": null,
  "private": 0,
  "password": null
}