{
  "id": "gen9championsvgc2026regma-2586480443",
  "format": "[Gen 9 Champions] VGC 2026 Reg M-A",
  "players": [
    "pokeOpposition",
    "Jinxed_lll"
  ],
  "log": "|j|\u2606pokeOpposition\n|j|\u2606Jinxed_lll\n|t:|1776437582\n|gametype|doubles\n|player|p1|pokeOpposition|kabu|1108\n|player|p2|Jinxed_lll|lady-gen4|1201\n|gen|9\n|tier|[Gen 9 Champions] VGC 2026 Reg M-A\n|rated|\n|rule|Species Clause: Limit one of each Pok\u00e9mon\n|rule|Item Clause: Limit 1 of each item\n|clearpoke\n|poke|p1|Houndoom, L50, M|\n|poke|p1|Charizard, L50, F|\n|poke|p1|Whimsicott, L50, F|\n|poke|p1|Gyarados, L50, M|\n|poke|p1|Sinistcha-Masterpiece, L50|\n|poke|p1|Sneasler, L50, M|\n|poke|p2|Blastoise, L50, M|\n|poke|p2|Pelipper, L50, F|\n|poke|p2|Sneasler, L50, F|\n|poke|p2|Basculegion, L50, M|\n|poke|p2|Farigiraf, L50, F|\n|poke|p2|Sinistcha, L50|\n|teampreview|4\n|\n|t:|1776437598\n|teamsize|p1|4\n|teamsize|p2|4\n|start\n|switch|p1a: Houndoom|Houndoom, L50, M, shiny|100/100\n|switch|p1b: Sinistcha|Sinistcha-Masterpiece, L50, shiny|100/100\n|switch|p2a: Utahime|Farigiraf, L50, F, shiny|100/100\n|switch|p2b: Yuji|Sneasler, L50, F|100/100\n|turn|1\n|\n|t:|1776437608\n|move|p1b: Sinistcha|Rage Powder|p1b: Sinistcha\n|-singleturn|p1b: Sinistcha|move: Rage Powder\n|move|p2b: Yuji|Close Combat|p1b: Sinistcha\n|-immune|p1b: Sinistcha\n|move|p1a: Houndoom|Nasty Plot|p1a: Houndoom\n|-boost|p1a: Houndoom|spa|2\n|move|p2a: Utahime|Calm Mind|p2a: Utahime\n|-boost|p2a: Utahime|spa|1\n|-boost|p2a: Utahime|spd|1\n|\n|upkeep\n|turn|2\n|\n|t:|1776437631\n|detailschange|p1a: Houndoom|Houndoom-Mega, L50, M, shiny\n|-mega|p1a: Houndoom|Houndoom|Houndoominite\n|move|p1b: Sinistcha|Rage Powder|p1b: Sinistcha\n|-singleturn|p1b: Sinistcha|move: Rage Powder\n|move|p1a: Houndoom|Fire Blast|p2a: Utahime\n|-damage|p2a: Utahime|32/100\n|move|p2b: Yuji|Acrobatics|p1b: Sinistcha\n|-supereffective|p1b: Sinistcha|1\n|-damage|p1b: Sinistcha|62/100\n|move|p2a: Utahime|Calm Mind|p2a: Utahime\n|-boost|p2a: Utahime|spa|1\n|-boost|p2a: Utahime|spd|1\n|\n|-heal|p1b: Sinistcha|68/100|[from] item: Leftovers\n|-heal|p2a: Utahime|38/100|[from] item: Leftovers\n|upkeep\n|turn|3\n|\n|t:|1776437651\n|move|p1b: Sinistcha|Rage Powder|p1b: Sinistcha\n|-singleturn|p1b: Sinistcha|move: Rage Powder\n|move|p1a: Houndoom|Dark Pulse|p2a: Utahime\n|-supereffective|p2a: Utahime|1\n|-damage|p2a: Utahime|0 fnt\n|faint|p2a: Utahime\n|move|p2b: Yuji|Close Combat|p1b: Sinistcha\n|-immune|p1b: Sinistcha\n|\n|-heal|p1b: Sinistcha|75/100|[from] item: Leftovers\n|upkeep\n|\n|t:|1776437656\n|switch|p2a: Jane Julliet|Blastoise, L50, M|100/100\n|turn|4\n|\n|t:|1776437675\n|move|p2a: Jane Julliet|Protect|p2a: Jane Julliet\n|-singleturn|p2a: Jane Julliet|Protect\n|move|p1b: Sinistcha|Rage Powder|p1b: Sinistcha\n|-singleturn|p1b: Sinistcha|move: Rage Powder\n|move|p1a: Houndoom|Nasty Plot|p1a: Houndoom\n|-boost|p1a: Houndoom|spa|2\n|move|p2b: Yuji|Acrobatics|p1b: Sinistcha\n|-supereffective|p1b: Sinistcha|1\n|-damage|p1b: Sinistcha|36/100\n|\n|-heal|p1b: Sinistcha|43/100|[from] item: Leftovers\n|upkeep\n|turn|5\n|\n|t:|1776437694\n|switch|p2a: Crow no.43|Pelipper, L50, F, shiny|100/100\n|-weather|RainDance|[from] ability: Drizzle|[of] p2a: Crow no.43\n|move|p1a: Houndoom|Protect|p1a: Houndoom\n|-singleturn|p1a: Houndoom|Protect\n|move|p2b: Yuji|Acrobatics|p1b: Sinistcha\n|-supereffective|p1b: Sinistcha|1\n|-damage|p1b: Sinistcha|2/100\n|move|p1b: Sinistcha|Matcha Gotcha|p2b: Yuji|[spread] p2b\n|-miss|p1b: Sinistcha|p2a: Crow no.43\n|-resisted|p2b: Yuji|1\n|-damage|p2b: Yuji|83/100\n|-heal|p1b: Sinistcha|10/100|[from] drain|[of] p2b: Yuji\n|-status|p2b: Yuji|brn\n|\n|-weather|RainDance|[upkeep]\n|-heal|p1b: Sinistcha|16/100|[from] item: Leftovers\n|-damage|p2b: Yuji|77/100 brn|[from] brn\n|upkeep\n|turn|6\n|\n|t:|1776437716\n|move|p1b: Sinistcha|Rage Powder|p1b: Sinistcha\n|-singleturn|p1b: Sinistcha|move: Rage Powder\n|move|p1a: Houndoom|Dark Pulse|p2a: Crow no.43\n|-damage|p2a: Crow no.43|0 fnt\n|faint|p2a: Crow no.43\n|move|p2b: Yuji|U-turn|p1b: Sinistcha\n|-damage|p1b: Sinistcha|4/100\n|\n|t:|1776437722\n|switch|p2b: Jane Julliet|Blastoise, L50, M|100/100|[from] U-turn\n|\n|-weather|RainDance|[upkeep]\n|-heal|p1b: Sinistcha|10/100|[from] item: Leftovers\n|upkeep\n|\n|t:|1776437724\n|switch|p2a: Yuji|Sneasler, L50, F|77/100 brn\n|turn|7\n|\n|t:|1776437742\n|move|p2b: Jane Julliet|Protect|p2b: Jane Julliet\n|-singleturn|p2b: Jane Julliet|Protect\n|move|p1b: Sinistcha|Rage Powder|p1b: Sinistcha\n|-singleturn|p1b: Sinistcha|move: Rage Powder\n|move|p1a: Houndoom|Dark Pulse|p2b: Jane Julliet\n|-activate|p2b: Jane Julliet|move: Protect\n|move|p2a: Yuji|Acrobatics|p1b: Sinistcha\n|-supereffective|p1b: Sinistcha|1\n|-damage|p1b: Sinistcha|0 fnt\n|faint|p1b: Sinistcha\n|\n|-weather|RainDance|[upkeep]\n|-damage|p2a: Yuji|71/100 brn|[from] brn\n|upkeep\n|\n|t:|1776437744\n|switch|p1b: Whimsicott|Whimsicott, L50, F, shiny|100/100\n|turn|8\n|\n|t:|1776437765\n|detailschange|p2b: Jane Julliet|Blastoise-Mega, L50, M\n|-mega|p2b: Jane Julliet|Blastoise|Blastoisinite\n|move|p1b: Whimsicott|Sunny Day|p1b: Whimsicott\n|-weather|SunnyDay\n|move|p1a: Houndoom|Dark Pulse|p2b: Jane Julliet\n|-damage|p2b: Jane Julliet|0 fnt\n|faint|p2b: Jane Julliet\n|move|p2a: Yuji|Close Combat|p1a: Houndoom\n|-supereffective|p1a: Houndoom|1\n|-crit|p1a: Houndoom\n|-damage|p1a: Houndoom|0 fnt\n|-unboost|p2a: Yuji|def|1\n|-unboost|p2a: Yuji|spd|1\n|faint|p1a: Houndoom\n|-enditem|p2a: Yuji|White Herb\n|-clearnegativeboost|p2a: Yuji|[silent]\n|\n|-weather|SunnyDay|[upkeep]\n|-damage|p2a: Yuji|66/100 brn|[from] brn\n|upkeep\n|\n|t:|1776437773\n|switch|p1a: Charizard|Charizard, L50, F, shiny|100/100\n|turn|9\n|\n|t:|1776437781\n|move|p1b: Whimsicott|Tailwind|p1b: Whimsicott\n|-sidestart|p1: pokeOpposition|move: Tailwind\n|move|p2a: Yuji|Acrobatics|p1b: Whimsicott\n|-supereffective|p1b: Whimsicott|1\n|-damage|p1b: Whimsicott|36/100\n|move|p1a: Charizard|Weather Ball|p2a: Yuji\n|-damage|p2a: Yuji|0 fnt\n|faint|p2a: Yuji\n|\n|win|pokeOpposition\n|raw|pokeOpposition's rating: 1108 &rarr; <strong>1140</strong><br />(+32 for winning)\n|raw|Jinxed_lll's rating: 1201 &rarr; <strong>1169</strong><br />(-32 for losing)\n|l|\u2606Jinxed_lll\n|player|p2|\n",
  "uploadtime": 1776437809,
  "views": 28,
  "formatid": "gen9championsvgc2026regma",
  "rating": 1140,
  "private": 0,
  "password": null
}