{
  "id": "gen9championsvgc2026regma-2583586522",
  "format": "[Gen 9 Champions] VGC 2026 Reg M-A",
  "players": [
    "toriluve",
    "Zabe"
  ],
  "log": "|j|\u2606toriluve\n|j|\u2606Zabe\n|t:|1776184954\n|gametype|doubles\n|player|p1|toriluve|wallace|1080\n|player|p2|Zabe|boarder|1150\n|gen|9\n|tier|[Gen 9 Champions] VGC 2026 Reg M-A\n|rated|\n|rule|Species Clause: Limit one of each Pok\u00e9mon\n|rule|Item Clause: Limit 1 of each item\n|clearpoke\n|poke|p1|Meganium, L50, F|\n|poke|p1|Rotom-Wash, L50|\n|poke|p1|Pelipper, L50, F|\n|poke|p1|Beartic, L50, M|\n|poke|p1|Incineroar, L50, F|\n|poke|p1|Aegislash, L50, M|\n|poke|p2|Garchomp, L50, F|\n|poke|p2|Tyranitar, L50, F|\n|poke|p2|Chandelure, L50, F|\n|poke|p2|Corviknight, L50, M|\n|poke|p2|Venusaur, L50, F|\n|poke|p2|Hawlucha, L50, F|\n|teampreview|4\n|inactive|Battle timer is ON: inactive players will automatically lose when time's up. (requested by Zabe)\n|\n|t:|1776184988\n|teamsize|p1|4\n|teamsize|p2|4\n|start\n|switch|p1a: Incineroar|Incineroar, L50, F, shiny|100/100\n|switch|p1b: Aegislash|Aegislash, L50, M, shiny|100/100\n|switch|p2a: Garchomp|Garchomp, L50, F, shiny|100/100\n|switch|p2b: Tyranitar|Tyranitar, L50, F, shiny|100/100\n|-ability|p1a: Incineroar|Intimidate|boost\n|-unboost|p2a: Garchomp|atk|1\n|-unboost|p2b: Tyranitar|atk|1\n|-weather|Sandstorm|[from] ability: Sand Stream|[of] p2b: Tyranitar\n|turn|1\n|\n|t:|1776185010\n|switch|p2b: Hawlucha|Hawlucha, L50, F, shiny|100/100\n|move|p1b: Aegislash|Wide Guard|p1b: Aegislash\n|-singleturn|p1b: Aegislash|Wide Guard\n|move|p1a: Incineroar|Fake Out|p2b: Hawlucha\n|-damage|p2b: Hawlucha|81/100\n|move|p2a: Garchomp|Earthquake|p1b: Aegislash|[spread] \n|-activate|p1a: Incineroar|move: Wide Guard\n|-activate|p1b: Aegislash|move: Wide Guard\n|-immune|p2b: Hawlucha\n|\n|-weather|Sandstorm|[upkeep]\n|-damage|p2b: Hawlucha|75/100|[from] Sandstorm\n|-damage|p1a: Incineroar|94/100|[from] Sandstorm\n|upkeep\n|turn|2\n|inactive|toriluve has 30 seconds left.\n|\n|t:|1776185043\n|switch|p1a: Pelipper|Pelipper, L50, F|100/100\n|-weather|RainDance|[from] ability: Drizzle|[of] p1a: Pelipper\n|detailschange|p2b: Hawlucha|Hawlucha-Mega, L50, F, shiny\n|-mega|p2b: Hawlucha|Hawlucha|Hawluchanite\n|move|p1b: Aegislash|Wide Guard|p1b: Aegislash\n|-singleturn|p1b: Aegislash|Wide Guard\n|move|p2b: Hawlucha|Close Combat|p1a: Pelipper\n|-resisted|p1a: Pelipper|1\n|-damage|p1a: Pelipper|62/100\n|-unboost|p2b: Hawlucha|def|1\n|-unboost|p2b: Hawlucha|spd|1\n|move|p2a: Garchomp|Earthquake|p1a: Pelipper|[spread] \n|-activate|p1a: Pelipper|move: Wide Guard\n|-activate|p1b: Aegislash|move: Wide Guard\n|-immune|p2b: Hawlucha\n|\n|-weather|RainDance|[upkeep]\n|-heal|p1a: Pelipper|67/100|[from] item: Leftovers\n|upkeep\n|turn|3\n|inactive|toriluve has 30 seconds left.\n|inactive|Zabe has 30 seconds left.\n|\n|t:|1776185073\n|switch|p2b: Tyranitar|Tyranitar, L50, F, shiny|100/100\n|-weather|Sandstorm|[from] ability: Sand Stream|[of] p2b: Tyranitar\n|move|p2a: Garchomp|Rock Slide|p1b: Aegislash|[spread] p1a,p1b\n|-supereffective|p1a: Pelipper|1\n|-resisted|p1b: Aegislash|1\n|-damage|p1a: Pelipper|37/100\n|-damage|p1b: Aegislash|95/100\n|move|p1a: Pelipper|Tailwind|p1a: Pelipper\n|-sidestart|p1: toriluve|move: Tailwind\n|-formechange|p1b: Aegislash|Aegislash-Blade|\n|move|p1b: Aegislash|Poltergeist|p2b: Tyranitar\n|-activate|p2b: Tyranitar|move: Poltergeist|King's Rock\n|-resisted|p2b: Tyranitar|1\n|-damage|p2b: Tyranitar|75/100\n|\n|-weather|Sandstorm|[upkeep]\n|-damage|p1a: Pelipper|31/100|[from] Sandstorm\n|-heal|p1a: Pelipper|37/100|[from] item: Leftovers\n|upkeep\n|turn|4\n|inactive|toriluve has 30 seconds left.\n|inactive|Zabe has 30 seconds left.\n|\n|t:|1776185104\n|switch|p2b: Hawlucha|Hawlucha-Mega, L50, F, shiny|75/100\n|move|p1b: Aegislash|Wide Guard|p1b: Aegislash\n|-singleturn|p1b: Aegislash|Wide Guard\n|move|p1a: Pelipper|Surf|p2a: Garchomp|[spread] p2b\n|-activate|p1b: Aegislash|move: Wide Guard\n|-miss|p1a: Pelipper|p2a: Garchomp\n|-damage|p2b: Hawlucha|44/100\n|move|p2a: Garchomp|Earthquake|p1b: Aegislash|[spread] \n|-activate|p1a: Pelipper|move: Wide Guard\n|-activate|p1b: Aegislash|move: Wide Guard\n|-immune|p2b: Hawlucha\n|\n|-weather|Sandstorm|[upkeep]\n|-damage|p1a: Pelipper|31/100|[from] Sandstorm\n|-damage|p2b: Hawlucha|38/100|[from] Sandstorm\n|-heal|p1a: Pelipper|37/100|[from] item: Leftovers\n|upkeep\n|turn|5\n|inactive|Zabe has 30 seconds left.\n|\n|t:|1776185131\n|move|p1b: Aegislash|Wide Guard|p1b: Aegislash\n|-singleturn|p1b: Aegislash|Wide Guard\n|move|p1a: Pelipper|Surf|p2b: Hawlucha|[spread] p2a,p2b\n|-activate|p1b: Aegislash|move: Wide Guard\n|-damage|p2a: Garchomp|71/100\n|-damage|p2b: Hawlucha|10/100\n|move|p2b: Hawlucha|Entrainment||[still]\n|-fail|p2b: Hawlucha\n|move|p2a: Garchomp|Earthquake|p1b: Aegislash|[spread] \n|-activate|p1a: Pelipper|move: Wide Guard\n|-activate|p1b: Aegislash|move: Wide Guard\n|-immune|p2b: Hawlucha\n|\n|-weather|Sandstorm|[upkeep]\n|-damage|p1a: Pelipper|31/100|[from] Sandstorm\n|-damage|p2b: Hawlucha|4/100|[from] Sandstorm\n|-heal|p1a: Pelipper|37/100|[from] item: Leftovers\n|upkeep\n|turn|6\n|\n|t:|1776185151\n|move|p2b: Hawlucha|Protect|p2b: Hawlucha\n|-singleturn|p2b: Hawlucha|Protect\n|move|p1a: Pelipper|Surf|p2a: Garchomp|[spread] p1b,p2a\n|-activate|p2b: Hawlucha|move: Protect\n|-crit|p1b: Aegislash\n|-damage|p1b: Aegislash|40/100\n|-damage|p2a: Garchomp|43/100\n|move|p1b: Aegislash|Poltergeist|p2a: Garchomp|[miss]\n|-miss|p1b: Aegislash|p2a: Garchomp\n|move|p2a: Garchomp|Earthquake|p1b: Aegislash|[spread] p1b\n|-activate|p2b: Hawlucha|move: Protect\n|-immune|p1a: Pelipper\n|-supereffective|p1b: Aegislash|1\n|-damage|p1b: Aegislash|0 fnt\n|faint|p1b: Aegislash\n|\n|-weather|Sandstorm|[upkeep]\n|-damage|p1a: Pelipper|31/100|[from] Sandstorm\n|-damage|p2b: Hawlucha|0 fnt|[from] Sandstorm\n|faint|p2b: Hawlucha\n|-heal|p1a: Pelipper|37/100|[from] item: Leftovers\n|-sideend|p1: toriluve|move: Tailwind\n|upkeep\n|\n|t:|1776185174\n|switch|p2b: Venusaur|Venusaur, L50, F|100/100\n|switch|p1b: Incineroar|Incineroar, L50, F, shiny|94/100\n|-ability|p1b: Incineroar|Intimidate|boost\n|-unboost|p2a: Garchomp|atk|1\n|-unboost|p2b: Venusaur|atk|1\n|turn|7\n|\n|t:|1776185188\n|move|p2a: Garchomp|Rock Slide|p1a: Pelipper|[spread] p1a,p1b\n|-supereffective|p1a: Pelipper|1\n|-supereffective|p1b: Incineroar|1\n|-damage|p1a: Pelipper|16/100\n|-damage|p1b: Incineroar|76/100\n|move|p1a: Pelipper|Tailwind|p1a: Pelipper\n|-sidestart|p1: toriluve|move: Tailwind\n|cant|p1b: Incineroar|flinch\n|move|p2b: Venusaur|Earth Power|p1b: Incineroar\n|-supereffective|p1b: Incineroar|1\n|-damage|p1b: Incineroar|20/100\n|-enditem|p1b: Incineroar|Sitrus Berry|[eat]\n|-heal|p1b: Incineroar|45/100|[from] item: Sitrus Berry\n|\n|-weather|none\n|-heal|p1a: Pelipper|21/100|[from] item: Leftovers\n|upkeep\n|turn|8\n|\n|t:|1776185210\n|switch|p2b: Tyranitar|Tyranitar, L50, F, shiny|75/100\n|-weather|Sandstorm|[from] ability: Sand Stream|[of] p2b: Tyranitar\n|move|p1a: Pelipper|Hurricane|p2b: Tyranitar\n|-resisted|p2b: Tyranitar|1\n|-damage|p2b: Tyranitar|61/100\n|move|p2a: Garchomp|Rock Slide|p1b: Incineroar|[spread] p1a\n|-miss|p2a: Garchomp|p1b: Incineroar\n|-supereffective|p1a: Pelipper|1\n|-damage|p1a: Pelipper|0 fnt\n|faint|p1a: Pelipper\n|move|p1b: Incineroar|Darkest Lariat|p2a: Garchomp\n|-damage|p2a: Garchomp|0 fnt\n|faint|p2a: Garchomp\n|\n|-weather|Sandstorm|[upkeep]\n|-damage|p1b: Incineroar|39/100|[from] Sandstorm\n|upkeep\n|\n|t:|1776185230\n|switch|p2a: Venusaur|Venusaur, L50, F|100/100\n|switch|p1a: Beartic|Beartic, L50, M, shiny|100/100\n|turn|9\n|\n|t:|1776185248\n|move|p1a: Beartic|Brick Break|p2b: Tyranitar\n|-supereffective|p2b: Tyranitar|2\n|-damage|p2b: Tyranitar|0 fnt\n|faint|p2b: Tyranitar\n|move|p1b: Incineroar|Blaze Kick|p2a: Venusaur\n|-supereffective|p2a: Venusaur|1\n|-enditem|p2a: Venusaur|Focus Sash\n|-damage|p2a: Venusaur|1/100\n|move|p2a: Venusaur|Sleep Powder|p1a: Beartic\n|-status|p1a: Beartic|slp|[from] move: Sleep Powder\n|\n|-weather|Sandstorm|[upkeep]\n|-damage|p1a: Beartic|94/100 slp|[from] Sandstorm\n|-damage|p1b: Incineroar|33/100|[from] Sandstorm\n|-damage|p2a: Venusaur|0 fnt|[from] Sandstorm\n|faint|p2a: Venusaur\n|\n|win|toriluve\n|raw|toriluve's rating: 1080 &rarr; <strong>1114</strong><br />(+34 for winning)\n|raw|Zabe's rating: 1150 &rarr; <strong>1120</strong><br />(-30 for losing)\n",
  "uploadtime": 1776185266,
  "views": 15,
  "formatid": "gen9championsvgc2026regma",
  "rating": 1114,
  "private": 0,
  "password": null
}