{
  "id": "gen9championsvgc2026regma-2589483452",
  "format": "[Gen 9 Champions] VGC 2026 Reg M-A",
  "players": [
    "Xavior_L",
    "godfocker"
  ],
  "log": "|j|\u2606Xavior_L\n|j|\u2606godfocker\n|t:|1776727058\n|gametype|doubles\n|player|p1|Xavior_L|unknown|1364\n|player|p2|godfocker|101|1391\n|gen|9\n|tier|[Gen 9 Champions] VGC 2026 Reg M-A\n|rated|\n|rule|Species Clause: Limit one of each Pok\u00e9mon\n|rule|Item Clause: Limit 1 of each item\n|clearpoke\n|poke|p1|Tyranitar, L50, F|\n|poke|p1|Lycanroc, L50, F|\n|poke|p1|Corviknight, L50, M|\n|poke|p1|Primarina, L50, M|\n|poke|p1|Kingambit, L50, M|\n|poke|p1|Dragonite, L50, M|\n|poke|p2|Blastoise, L50, F|\n|poke|p2|Sinistcha, L50|\n|poke|p2|Sneasler, L50, M|\n|poke|p2|Garchomp, L50, F|\n|poke|p2|Aerodactyl, L50, M|\n|poke|p2|Sylveon, L50, F|\n|teampreview|4\n|inactive|Battle timer is ON: inactive players will automatically lose when time's up. (requested by godfocker)\n|inactive|Xavior_L has 60 seconds left.\n|\n|t:|1776727117\n|teamsize|p1|4\n|teamsize|p2|4\n|start\n|switch|p1a: Tyranitar|Tyranitar, L50, F|100/100\n|switch|p1b: Lycanroc|Lycanroc, L50, F|100/100\n|switch|p2a: Blastoise|Blastoise, L50, F|100/100\n|switch|p2b: Sneasler|Sneasler, L50, M|100/100\n|-weather|Sandstorm|[from] ability: Sand Stream|[of] p1a: Tyranitar\n|turn|1\n|inactive|Xavior_L has 30 seconds left.\n|inactive|Xavior_L has 20 seconds left.\n|\n|t:|1776727154\n|switch|p1a: Corviknight|Corviknight, L50, M|100/100\n|detailschange|p2a: Blastoise|Blastoise-Mega, L50, F\n|-mega|p2a: Blastoise|Blastoise|Blastoisinite\n|move|p2b: Sneasler|Fake Out|p1b: Lycanroc\n|-resisted|p1b: Lycanroc|1\n|-damage|p1b: Lycanroc|89/100\n|cant|p1b: Lycanroc|flinch\n|move|p2a: Blastoise|Shell Smash|p2a: Blastoise\n|-unboost|p2a: Blastoise|def|1\n|-unboost|p2a: Blastoise|spd|1\n|-boost|p2a: Blastoise|atk|2\n|-boost|p2a: Blastoise|spa|2\n|-boost|p2a: Blastoise|spe|2\n|\n|-weather|Sandstorm|[upkeep]\n|-damage|p2a: Blastoise|95/100|[from] Sandstorm\n|-damage|p2b: Sneasler|95/100|[from] Sandstorm\n|upkeep\n|turn|2\n|inactive|Xavior_L has 30 seconds left.\n|\n|t:|1776727180\n|switch|p1b: Primarina|Primarina, L50, M|100/100\n|switch|p2b: Sinistcha|Sinistcha, L50|100/100\n|-heal|p2a: Blastoise|100/100|[from] ability: Hospitality|[of] p2b: Sinistcha\n|move|p2a: Blastoise|Protect|p2a: Blastoise\n|-singleturn|p2a: Blastoise|Protect\n|move|p1a: Corviknight|Tailwind|p1a: Corviknight\n|-sidestart|p1: Xavior_L|move: Tailwind\n|\n|-weather|Sandstorm|[upkeep]\n|-damage|p2a: Blastoise|95/100|[from] Sandstorm\n|-damage|p1b: Primarina|95/100|[from] Sandstorm\n|-damage|p2b: Sinistcha|94/100|[from] Sandstorm\n|upkeep\n|turn|3\n|\n|t:|1776727200\n|move|p2a: Blastoise|Water Spout|p1b: Primarina|[spread] p1a,p1b\n|-resisted|p1b: Primarina|1\n|-damage|p1a: Corviknight|0 fnt\n|-damage|p1b: Primarina|46/100\n|faint|p1a: Corviknight\n|move|p1b: Primarina|Haze|p1b: Primarina\n|-clearallboost\n|move|p2b: Sinistcha|Life Dew|p2b: Sinistcha|[spread] p2a,p2b\n|-heal|p2a: Blastoise|100/100\n|-heal|p2b: Sinistcha|100/100\n|\n|-weather|Sandstorm|[upkeep]\n|-damage|p1b: Primarina|40/100|[from] Sandstorm\n|-damage|p2a: Blastoise|95/100|[from] Sandstorm\n|-damage|p2b: Sinistcha|94/100|[from] Sandstorm\n|upkeep\n|\n|t:|1776727213\n|switch|p1a: Tyranitar|Tyranitar, L50, F|100/100\n|turn|4\n|inactive|Xavior_L has 30 seconds left.\n|inactive|godfocker has 30 seconds left.\n|\n|t:|1776727242\n|detailschange|p1a: Tyranitar|Tyranitar-Mega, L50, F\n|-mega|p1a: Tyranitar|Tyranitar|Tyranitarite\n|move|p2b: Sinistcha|Rage Powder|p2b: Sinistcha\n|-singleturn|p2b: Sinistcha|move: Rage Powder\n|move|p1a: Tyranitar|Dragon Dance|p1a: Tyranitar\n|-boost|p1a: Tyranitar|atk|1\n|-boost|p1a: Tyranitar|spe|1\n|move|p1b: Primarina|Moonblast|p2b: Sinistcha\n|-damage|p2b: Sinistcha|40/100\n|-enditem|p2b: Sinistcha|Sitrus Berry|[eat]\n|-heal|p2b: Sinistcha|65/100|[from] item: Sitrus Berry\n|move|p2a: Blastoise|Water Spout|p1b: Primarina|[spread] p1a,p1b\n|-supereffective|p1a: Tyranitar|1\n|-resisted|p1b: Primarina|1\n|-damage|p1a: Tyranitar|26/100\n|-damage|p1b: Primarina|14/100\n|\n|-weather|Sandstorm|[upkeep]\n|-damage|p1b: Primarina|8/100|[from] Sandstorm\n|-damage|p2a: Blastoise|89/100|[from] Sandstorm\n|-damage|p2b: Sinistcha|58/100|[from] Sandstorm\n|upkeep\n|turn|5\n|inactive|Xavior_L has 30 seconds left.\n|\n|t:|1776727267\n|move|p2b: Sinistcha|Rage Powder|p2b: Sinistcha\n|-singleturn|p2b: Sinistcha|move: Rage Powder\n|move|p1a: Tyranitar|Rock Slide|p2b: Sinistcha|[spread] p2a,p2b\n|-damage|p2a: Blastoise|42/100\n|-damage|p2b: Sinistcha|11/100\n|move|p1b: Primarina|Moonblast|p2b: Sinistcha\n|-damage|p2b: Sinistcha|0 fnt\n|faint|p2b: Sinistcha\n|move|p2a: Blastoise|Water Spout|p1b: Primarina|[spread] p1a,p1b\n|-supereffective|p1a: Tyranitar|1\n|-resisted|p1b: Primarina|1\n|-damage|p1a: Tyranitar|0 fnt\n|-damage|p1b: Primarina|0 fnt\n|faint|p1a: Tyranitar\n|faint|p1b: Primarina\n|\n|-weather|none\n|-sideend|p1: Xavior_L|move: Tailwind\n|upkeep\n|\n|t:|1776727281\n|switch|p2b: Sneasler|Sneasler, L50, M|95/100\n|switch|p1b: Lycanroc|Lycanroc, L50, F|89/100\n|turn|6\n|-message|Xavior_L forfeited.\n|\n|win|godfocker\n|raw|Xavior_L's rating: 1364 &rarr; <strong>1346</strong><br />(-18 for losing)\n|raw|godfocker's rating: 1391 &rarr; <strong>1409</strong><br />(+18 for winning)\n|l|\u2606Xavior_L\n|player|p1|\n",
  "uploadtime": 1776727290,
  "views": 6,
  "formatid": "gen9championsvgc2026regma",
  "rating": 1346,
  "private": 0,
  "password": null
}