{
  "id": "gen9championsvgc2026regma-2582548043",
  "format": "[Gen 9 Champions] VGC 2026 Reg M-A",
  "players": [
    "thealex610",
    "ZenPoolse"
  ],
  "log": "|j|\u2606thealex610\n|j|\u2606ZenPoolse\n|t:|1776098646\n|gametype|doubles\n|player|p1|thealex610|265|1186\n|player|p2|ZenPoolse|shadowtriad|1282\n|gen|9\n|tier|[Gen 9 Champions] VGC 2026 Reg M-A\n|rated|\n|rule|Species Clause: Limit one of each Pok\u00e9mon\n|rule|Item Clause: Limit 1 of each item\n|clearpoke\n|poke|p1|Sneasler, L50, M|\n|poke|p1|Talonflame, L50, F|\n|poke|p1|Milotic, L50, F|\n|poke|p1|Aegislash, L50, F|\n|poke|p1|Scizor, L50, F|\n|poke|p1|Tyranitar, L50, F|\n|poke|p2|Gengar, L50, M|\n|poke|p2|Incineroar, L50, M|\n|poke|p2|Sinistcha, L50|\n|poke|p2|Kingambit, L50, M|\n|poke|p2|Kommo-o, L50, F|\n|poke|p2|Tyranitar, L50, F|\n|teampreview|4\n|inactive|Battle timer is ON: inactive players will automatically lose when time's up. (requested by ZenPoolse)\n|inactive|ZenPoolse has 60 seconds left.\n|\n|t:|1776098702\n|teamsize|p1|4\n|teamsize|p2|4\n|start\n|switch|p1a: Sneasler|Sneasler, L50, M|100/100\n|switch|p1b: Milotic|Milotic, L50, F|100/100\n|switch|p2a: Gengar|Gengar, L50, M, shiny|100/100\n|switch|p2b: Incineroar|Incineroar, L50, M|100/100\n|-ability|p2b: Incineroar|Intimidate|boost\n|-unboost|p1a: Sneasler|atk|1\n|-unboost|p1b: Milotic|atk|1\n|-ability|p1b: Milotic|Competitive|boost\n|-boost|p1b: Milotic|spa|2\n|-enditem|p1a: Sneasler|White Herb\n|-clearnegativeboost|p1a: Sneasler|[silent]\n|turn|1\n|\n|t:|1776098724\n|detailschange|p2a: Gengar|Gengar-Mega, L50, M, shiny\n|-mega|p2a: Gengar|Gengar|Gengarite\n|move|p1a: Sneasler|Fake Out|p2b: Incineroar\n|-damage|p2b: Incineroar|86/100\n|cant|p2b: Incineroar|flinch\n|move|p2a: Gengar|Perish Song|p2a: Gengar\n|-start|p1a: Sneasler|perish3|[silent]\n|-start|p1b: Milotic|perish3|[silent]\n|-start|p2a: Gengar|perish3|[silent]\n|-start|p2b: Incineroar|perish3|[silent]\n|-fieldactivate|move: Perish Song\n|move|p1b: Milotic|Scald|p2a: Gengar\n|-damage|p2a: Gengar|23/100\n|-status|p2a: Gengar|brn\n|\n|-damage|p2a: Gengar|17/100 brn|[from] brn\n|-start|p1a: Sneasler|perish3\n|-start|p2a: Gengar|perish3\n|-start|p1b: Milotic|perish3\n|-start|p2b: Incineroar|perish3\n|upkeep\n|turn|2\n|\n|t:|1776098743\n|move|p2a: Gengar|Protect|p2a: Gengar\n|-singleturn|p2a: Gengar|Protect\n|move|p2b: Incineroar|Protect|p2b: Incineroar\n|-singleturn|p2b: Incineroar|Protect\n|move|p1a: Sneasler|Dire Claw|p2a: Gengar\n|-activate|p2a: Gengar|move: Protect\n|move|p1b: Milotic|Scald|p2a: Gengar\n|-activate|p2a: Gengar|move: Protect\n|\n|-damage|p2a: Gengar|11/100 brn|[from] brn\n|-start|p1a: Sneasler|perish2\n|-start|p2a: Gengar|perish2\n|-start|p1b: Milotic|perish2\n|-start|p2b: Incineroar|perish2\n|upkeep\n|turn|3\n|inactive|ZenPoolse has 30 seconds left.\n|inactive|ZenPoolse has 20 seconds left.\n|inactive|ZenPoolse has 15 seconds left.\n|\n|t:|1776098784\n|switch|p2a: Sinistcha|Sinistcha, L50|100/100\n|-heal|p2b: Incineroar|100/100|[from] ability: Hospitality|[of] p2a: Sinistcha\n|move|p1a: Sneasler|Dire Claw|p2a: Sinistcha\n|-damage|p2a: Sinistcha|63/100\n|move|p1b: Milotic|Icy Wind|p2a: Sinistcha|[spread] p2a,p2b\n|-supereffective|p2a: Sinistcha|1\n|-resisted|p2b: Incineroar|1\n|-damage|p2a: Sinistcha|17/100\n|-damage|p2b: Incineroar|92/100\n|-unboost|p2a: Sinistcha|spe|1\n|-unboost|p2b: Incineroar|spe|1\n|-enditem|p2a: Sinistcha|Sitrus Berry|[eat]\n|-heal|p2a: Sinistcha|42/100|[from] item: Sitrus Berry\n|move|p2b: Incineroar|Parting Shot|p2a: Sinistcha\n|-unboost|p2a: Sinistcha|atk|1\n|-unboost|p2a: Sinistcha|spa|1\n|\n|t:|1776098799\n|switch|p2b: Gengar|Gengar-Mega, L50, M, shiny|11/100 brn|[from] Parting Shot\n|\n|-damage|p2b: Gengar|5/100 brn|[from] brn\n|-start|p1a: Sneasler|perish1\n|-start|p1b: Milotic|perish1\n|upkeep\n|turn|4\n|\n|t:|1776098821\n|switch|p2b: Incineroar|Incineroar, L50, M|92/100\n|-ability|p2b: Incineroar|Intimidate|boost\n|-unboost|p1a: Sneasler|atk|1\n|-unboost|p1b: Milotic|atk|1\n|-ability|p1b: Milotic|Competitive|boost\n|-boost|p1b: Milotic|spa|2\n|move|p2a: Sinistcha|Protect|p2a: Sinistcha\n|-singleturn|p2a: Sinistcha|Protect\n|move|p1a: Sneasler|Dire Claw|p2a: Sinistcha\n|-activate|p2a: Sinistcha|move: Protect\n|move|p1b: Milotic|Scald|p2b: Incineroar\n|-supereffective|p2b: Incineroar|1\n|-damage|p2b: Incineroar|0 fnt\n|faint|p2b: Incineroar\n|\n|-start|p1a: Sneasler|perish0\n|-start|p1b: Milotic|perish0\n|faint|p1a: Sneasler\n|faint|p1b: Milotic\n|upkeep\n|\n|t:|1776098838\n|switch|p1a: Aegislash|Aegislash, L50, F|100/100\n|switch|p1b: Scizor|Scizor, L50, F, shiny|100/100\n|switch|p2b: Gengar|Gengar-Mega, L50, M, shiny|5/100 brn\n|turn|5\n|\n|t:|1776098854\n|switch|p2a: Kingambit|Kingambit, L50, M, shiny|100/100\n|detailschange|p1b: Scizor|Scizor-Mega, L50, F, shiny\n|-mega|p1b: Scizor|Scizor|Scizorite\n|move|p1b: Scizor|Bullet Punch|p2b: Gengar\n|-damage|p2b: Gengar|0 fnt\n|faint|p2b: Gengar\n|-formechange|p1a: Aegislash|Aegislash-Blade|\n|move|p1a: Aegislash|Shadow Sneak|p2a: Kingambit\n|-resisted|p2a: Kingambit|1\n|-damage|p2a: Kingambit|94/100\n|\n|upkeep\n|\n|t:|1776098856\n|switch|p2b: Sinistcha|Sinistcha, L50|42/100\n|-heal|p2a: Kingambit|100/100|[from] ability: Hospitality|[of] p2b: Sinistcha\n|turn|6\n|\n|t:|1776098873\n|move|p1b: Scizor|Protect|p1b: Scizor\n|-singleturn|p1b: Scizor|Protect\n|move|p2b: Sinistcha|Protect|p2b: Sinistcha\n|-singleturn|p2b: Sinistcha|Protect\n|move|p1a: Aegislash|Shadow Sneak|p2b: Sinistcha\n|-activate|p2b: Sinistcha|move: Protect\n|move|p2a: Kingambit|Sucker Punch||[still]\n|-fail|p2a: Kingambit\n|\n|upkeep\n|turn|7\n|\n|t:|1776098896\n|move|p1a: Aegislash|Shadow Sneak|p2b: Sinistcha\n|-supereffective|p2b: Sinistcha|1\n|-damage|p2b: Sinistcha|8/100\n|move|p1b: Scizor|Swords Dance|p1b: Scizor\n|-boost|p1b: Scizor|atk|2\n|move|p2b: Sinistcha|Life Dew||[still]|[spread] p2a,p2b\n|-fail|p2a: Kingambit|heal\n|-heal|p2b: Sinistcha|33/100\n|move|p2a: Kingambit|Low Kick|p1b: Scizor\n|-damage|p1b: Scizor|65/100\n|\n|upkeep\n|turn|8\n|inactive|thealex610 has 30 seconds left.\n|inactive|ZenPoolse has 30 seconds left.\n|inactive|thealex610 has 20 seconds left.\n|\n|t:|1776098940\n|move|p2b: Sinistcha|Protect|p2b: Sinistcha\n|-singleturn|p2b: Sinistcha|Protect\n|move|p1b: Scizor|Dual Wingbeat|p2b: Sinistcha\n|-activate|p2b: Sinistcha|move: Protect\n|move|p1a: Aegislash|Sacred Sword|p2a: Kingambit\n|-supereffective|p2a: Kingambit|2\n|-damage|p2a: Kingambit|12/100\n|move|p2a: Kingambit|Low Kick|p1b: Scizor\n|-damage|p1b: Scizor|31/100\n|\n|upkeep\n|turn|9\n|inactive|ZenPoolse has 30 seconds left.\n|\n|t:|1776098970\n|move|p1a: Aegislash|Shadow Sneak|p2a: Kingambit\n|-resisted|p2a: Kingambit|1\n|-damage|p2a: Kingambit|4/100\n|move|p2a: Kingambit|Sucker Punch|p1b: Scizor\n|-damage|p1b: Scizor|0 fnt\n|faint|p1b: Scizor\n|move|p2b: Sinistcha|Life Dew|p2b: Sinistcha|[spread] p2a,p2b\n|-heal|p2a: Kingambit|29/100\n|-heal|p2b: Sinistcha|58/100\n|\n|upkeep\n|turn|10\n|\n|t:|1776098982\n|move|p2a: Kingambit|Protect|p2a: Kingambit\n|-singleturn|p2a: Kingambit|Protect\n|move|p2b: Sinistcha|Life Dew|p2b: Sinistcha|[spread] p2a,p2b\n|-heal|p2a: Kingambit|55/100\n|-heal|p2b: Sinistcha|83/100\n|move|p1a: Aegislash|Sacred Sword|p2a: Kingambit\n|-activate|p2a: Kingambit|move: Protect\n|\n|upkeep\n|turn|11\n|\n|t:|1776098996\n|-formechange|p1a: Aegislash|Aegislash|\n|move|p1a: Aegislash|King's Shield|p1a: Aegislash\n|-singleturn|p1a: Aegislash|Protect\n|move|p2b: Sinistcha|Rage Powder|p2b: Sinistcha\n|-singleturn|p2b: Sinistcha|move: Rage Powder\n|move|p2a: Kingambit|Iron Head|p1a: Aegislash\n|-activate|p1a: Aegislash|move: Protect\n|-unboost|p2a: Kingambit|atk|1\n|-ability|p2a: Kingambit|Defiant|boost\n|-boost|p2a: Kingambit|atk|2\n|\n|upkeep\n|turn|12\n|\n|t:|1776099009\n|move|p2a: Kingambit|Protect|p2a: Kingambit\n|-singleturn|p2a: Kingambit|Protect\n|-formechange|p1a: Aegislash|Aegislash-Blade|\n|move|p1a: Aegislash|Shadow Sneak|p2b: Sinistcha\n|-supereffective|p2b: Sinistcha|1\n|-damage|p2b: Sinistcha|48/100\n|move|p2b: Sinistcha|Life Dew|p2b: Sinistcha|[spread] p2a,p2b\n|-heal|p2a: Kingambit|80/100\n|-heal|p2b: Sinistcha|73/100\n|\n|upkeep\n|turn|13\n|\n|t:|1776099026\n|move|p1a: Aegislash|Shadow Sneak|p2b: Sinistcha\n|-supereffective|p2b: Sinistcha|1\n|-damage|p2b: Sinistcha|34/100\n|move|p2a: Kingambit|Sucker Punch||[still]\n|-fail|p2a: Kingambit\n|move|p2b: Sinistcha|Life Dew|p2b: Sinistcha|[spread] p2a,p2b\n|-heal|p2a: Kingambit|100/100\n|-heal|p2b: Sinistcha|59/100\n|\n|upkeep\n|turn|14\n|\n|t:|1776099043\n|move|p1a: Aegislash|Shadow Sneak|p2b: Sinistcha\n|-supereffective|p2b: Sinistcha|1\n|-damage|p2b: Sinistcha|21/100\n|move|p2b: Sinistcha|Matcha Gotcha|p1a: Aegislash\n|-resisted|p1a: Aegislash|1\n|-crit|p1a: Aegislash\n|-damage|p1a: Aegislash|60/100\n|-heal|p2b: Sinistcha|37/100|[from] drain|[of] p1a: Aegislash\n|move|p2a: Kingambit|Iron Head|p1a: Aegislash\n|-resisted|p1a: Aegislash|1\n|-damage|p1a: Aegislash|9/100\n|\n|-heal|p1a: Aegislash|15/100|[from] item: Leftovers\n|upkeep\n|turn|15\n|\n|t:|1776099058\n|move|p2b: Sinistcha|Protect|p2b: Sinistcha\n|-singleturn|p2b: Sinistcha|Protect\n|move|p1a: Aegislash|Shadow Sneak|p2b: Sinistcha\n|-activate|p2b: Sinistcha|move: Protect\n|move|p2a: Kingambit|Iron Head|p1a: Aegislash\n|-resisted|p1a: Aegislash|1\n|-damage|p1a: Aegislash|0 fnt\n|faint|p1a: Aegislash\n|\n|win|ZenPoolse\n|raw|thealex610's rating: 1186 &rarr; <strong>1168</strong><br />(-18 for losing)\n|raw|ZenPoolse's rating: 1282 &rarr; <strong>1300</strong><br />(+18 for winning)\n|c|\u2606ZenPoolse|gg\n|c|\u2606thealex610|gg\n",
  "uploadtime": 1776099073,
  "views": 39,
  "formatid": "gen9championsvgc2026regma",
  "rating": 1168,
  "private": 0,
  "password": null
}