{
  "id": "gen9championsvgc2026regma-2582784577",
  "format": "[Gen 9 Champions] VGC 2026 Reg M-A",
  "players": [
    "comedordemacaco",
    "Royiscute67"
  ],
  "log": "|j|\u2606comedordemacaco\n|j|\u2606Royiscute67\n|t:|1776113908\n|gametype|doubles\n|player|p1|comedordemacaco|li|1138\n|player|p2|Royiscute67|cynthia|1053\n|gen|9\n|tier|[Gen 9 Champions] VGC 2026 Reg M-A\n|rated|\n|rule|Species Clause: Limit one of each Pok\u00e9mon\n|rule|Item Clause: Limit 1 of each item\n|clearpoke\n|poke|p1|Floette-Eternal, L50, F|\n|poke|p1|Incineroar, L50, M|\n|poke|p1|Kingambit, L50, F|\n|poke|p1|Aerodactyl, L50, F|\n|poke|p1|Garchomp, L50, F|\n|poke|p1|Sinistcha, L50|\n|poke|p2|Whimsicott, L50, F|\n|poke|p2|Meganium, L50, M|\n|poke|p2|Pelipper, L50, M|\n|poke|p2|Basculegion, L50, M|\n|poke|p2|Archaludon, L50, F|\n|poke|p2|Primarina, L50, F|\n|teampreview|4\n|inactive|Battle timer is ON: inactive players will automatically lose when time's up. (requested by Royiscute67)\nRoyiscute67 rejected open team sheets.\n|\n|t:|1776113955\n|teamsize|p1|4\n|teamsize|p2|4\n|start\n|switch|p1a: Aerodactyl|Aerodactyl, L50, F|100/100\n|switch|p1b: Floette|Floette-Eternal, L50, F|100/100\n|switch|p2a: Whimsicott|Whimsicott, L50, F|100/100\n|switch|p2b: Meganium|Meganium, L50, M|100/100\n|-ability|p1a: Aerodactyl|Unnerve\n|turn|1\n|inactive|comedordemacaco has 30 seconds left.\n|\n|t:|1776113981\n|switch|p1b: Kingambit|Kingambit, L50, F|100/100\n|move|p1a: Aerodactyl|Protect|p1a: Aerodactyl\n|-singleturn|p1a: Aerodactyl|Protect\n|move|p2b: Meganium|Protect|p2b: Meganium\n|-singleturn|p2b: Meganium|Protect\n|move|p2a: Whimsicott|Tailwind|p2a: Whimsicott\n|-sidestart|p2: Royiscute67|move: Tailwind\n|\n|upkeep\n|turn|2\n|\n|t:|1776114006\n|detailschange|p2b: Meganium|Meganium-Mega, L50, M\n|-mega|p2b: Meganium|Meganium|Meganiumite\n|move|p2a: Whimsicott|U-turn|p1b: Kingambit\n|-damage|p1b: Kingambit|92/100\n|\n|t:|1776114010\n|switch|p2a: Pelipper|Pelipper, L50, M|100/100|[from] U-turn\n|-weather|RainDance|[from] ability: Drizzle|[of] p2a: Pelipper\n|move|p2b: Meganium|Weather Ball|p1b: Kingambit\n|-supereffective|p1b: Kingambit|1\n|-damage|p1b: Kingambit|0 fnt\n|faint|p1b: Kingambit\n|move|p1a: Aerodactyl|Tailwind|p1a: Aerodactyl\n|-sidestart|p1: comedordemacaco|move: Tailwind\n|\n|-weather|RainDance|[upkeep]\n|upkeep\n|\n|t:|1776114026\n|switch|p1b: Floette|Floette-Eternal, L50, F|100/100\n|turn|3\n|\n|t:|1776114041\n|detailschange|p1b: Floette|Floette-Mega, L50, F\n|-mega|p1b: Floette|Floette|Floettite\n|-ability|p1b: Floette|Fairy Aura\n|move|p1a: Aerodactyl|Dual Wingbeat|p2b: Meganium\n|-supereffective|p2b: Meganium|1\n|-damage|p2b: Meganium|69/100\n|-supereffective|p2b: Meganium|1\n|-damage|p2b: Meganium|38/100\n|-hitcount|p2b: Meganium|2\n|move|p1b: Floette|Calm Mind|p1b: Floette\n|-boost|p1b: Floette|spa|1\n|-boost|p1b: Floette|spd|1\n|move|p2b: Meganium|Solar Beam||[still]\n|-prepare|p2b: Meganium|Solar Beam\n|-activate|p2b: Meganium|ability: Mega Sol\n|-anim|p2b: Meganium|Solar Beam|p1b: Floette\n|-damage|p1b: Floette|68/100\n|move|p2a: Pelipper|Weather Ball|p1b: Floette\n|-damage|p1b: Floette|44/100\n|\n|-weather|RainDance|[upkeep]\n|upkeep\n|turn|4\n|\n|t:|1776114063\n|switch|p1a: Sinistcha|Sinistcha, L50|100/100\n|-heal|p1b: Floette|68/100|[from] ability: Hospitality|[of] p1a: Sinistcha\n|move|p2b: Meganium|Protect|p2b: Meganium\n|-singleturn|p2b: Meganium|Protect\n|move|p1b: Floette|Draining Kiss|p2a: Pelipper\n|-damage|p2a: Pelipper|30/100\n|-heal|p1b: Floette|100/100|[from] drain|[of] p2a: Pelipper\n|move|p2a: Pelipper|Weather Ball|p1a: Sinistcha\n|-resisted|p1a: Sinistcha|1\n|-damage|p1a: Sinistcha|75/100\n|\n|-weather|RainDance|[upkeep]\n|-sideend|p2: Royiscute67|move: Tailwind\n|upkeep\n|turn|5\n|\n|t:|1776114088\n|move|p1b: Floette|Dazzling Gleam|p2a: Pelipper|[spread] p2a,p2b\n|-damage|p2a: Pelipper|0 fnt\n|-damage|p2b: Meganium|0 fnt\n|faint|p2a: Pelipper\n|faint|p2b: Meganium\n|move|p1a: Sinistcha|Trick Room|p1a: Sinistcha\n|-fieldstart|move: Trick Room|[of] p1a: Sinistcha\n|\n|-weather|RainDance|[upkeep]\n|-sideend|p1: comedordemacaco|move: Tailwind\n|upkeep\n|\n|t:|1776114090\n|switch|p2a: Whimsicott|Whimsicott, L50, F|100/100\n|switch|p2b: Basculegion|Basculegion, L50, M|100/100\n|turn|6\n|inactive|Royiscute67 has 30 seconds left.\n|\n|t:|1776114115\n|move|p2a: Whimsicott|Taunt|p1a: Sinistcha\n|-start|p1a: Sinistcha|move: Taunt\n|move|p1a: Sinistcha|Matcha Gotcha|p2b: Basculegion|[spread] p2b\n|-miss|p1a: Sinistcha|p2a: Whimsicott\n|-supereffective|p2b: Basculegion|1\n|-damage|p2b: Basculegion|45/100\n|-heal|p1a: Sinistcha|100/100|[from] drain|[of] p2b: Basculegion\n|move|p1b: Floette|Dazzling Gleam|p2b: Basculegion|[spread] p2a,p2b\n|-crit|p2a: Whimsicott\n|-damage|p2a: Whimsicott|0 fnt\n|-damage|p2b: Basculegion|0 fnt\n|faint|p2a: Whimsicott\n|faint|p2b: Basculegion\n|\n|win|comedordemacaco\n|raw|comedordemacaco's rating: 1138 &rarr; <strong>1157</strong><br />(+19 for winning)\n|raw|Royiscute67's rating: 1053 &rarr; <strong>1039</strong><br />(-14 for losing)\n|l|\u2606Royiscute67\n|player|p2|\n",
  "uploadtime": 1776114265,
  "views": 15,
  "formatid": "gen9championsvgc2026regma",
  "rating": 1039,
  "private": 0,
  "password": null
}