{
  "id": "gen9championsvgc2026regma-2581881227",
  "format": "[Gen 9 Champions] VGC 2026 Reg M-A",
  "players": [
    "bruhgokusolo",
    "donkey kong 223"
  ],
  "log": "|j|\u2606bruhgokusolo\n|j|\u2606donkey kong 223\n|t:|1776036313\n|gametype|doubles\n|player|p1|bruhgokusolo|169|1111\n|player|p2|donkey kong 223|1|1213\n|gen|9\n|tier|[Gen 9 Champions] VGC 2026 Reg M-A\n|rated|\n|rule|Species Clause: Limit one of each Pok\u00e9mon\n|rule|Item Clause: Limit 1 of each item\n|clearpoke\n|poke|p1|Gengar, L50, F|\n|poke|p1|Tyranitar, L50, M|\n|poke|p1|Sylveon, L50, F|\n|poke|p1|Incineroar, L50, M|\n|poke|p1|Sinistcha, L50|\n|poke|p1|Kommo-o, L50, M|\n|poke|p2|Charizard, L50, F|\n|poke|p2|Garchomp, L50, M|\n|poke|p2|Venusaur, L50, F|\n|poke|p2|Sneasler, L50, M|\n|poke|p2|Incineroar, L50, M|\n|poke|p2|Rotom-Wash, L50|\n|teampreview|4\n|inactive|Battle timer is ON: inactive players will automatically lose when time's up. (requested by bruhgokusolo)\n|\n|t:|1776036345\n|teamsize|p1|4\n|teamsize|p2|4\n|start\n|switch|p1a: Tyranitar|Tyranitar, L50, M|100/100\n|switch|p1b: Gengar|Gengar, L50, F|100/100\n|switch|p2a: Sneezer|Sneasler, L50, M|100/100\n|switch|p2b: Foucault|Rotom-Wash, L50|100/100\n|-weather|Sandstorm|[from] ability: Sand Stream|[of] p1a: Tyranitar\n|turn|1\n|inactive|bruhgokusolo has 30 seconds left.\n|\n|t:|1776036374\n|detailschange|p1b: Gengar|Gengar-Mega, L50, F\n|-mega|p1b: Gengar|Gengar|Gengarite\n|move|p2b: Foucault|Protect|p2b: Foucault\n|-singleturn|p2b: Foucault|Protect\n|move|p1a: Tyranitar|Protect|p1a: Tyranitar\n|-singleturn|p1a: Tyranitar|Protect\n|move|p1b: Gengar|Perish Song|p1b: Gengar\n|-start|p1a: Tyranitar|perish3|[silent]\n|-start|p1b: Gengar|perish3|[silent]\n|-start|p2a: Sneezer|perish3|[silent]\n|-start|p2b: Foucault|perish3|[silent]\n|-fieldactivate|move: Perish Song\n|move|p2a: Sneezer|Close Combat|p1a: Tyranitar\n|-activate|p1a: Tyranitar|move: Protect\n|\n|-weather|Sandstorm|[upkeep]\n|-damage|p1b: Gengar|95/100|[from] Sandstorm\n|-damage|p2a: Sneezer|95/100|[from] Sandstorm\n|-damage|p2b: Foucault|95/100|[from] Sandstorm\n|-heal|p2b: Foucault|100/100|[from] item: Leftovers\n|-start|p1b: Gengar|perish3\n|-start|p2a: Sneezer|perish3\n|-start|p2b: Foucault|perish3\n|-start|p1a: Tyranitar|perish3\n|upkeep\n|turn|2\n|inactive|donkey kong 223 has 30 seconds left.\n|inactive|donkey kong 223 has 20 seconds left.\n|inactive|donkey kong 223 has 15 seconds left.\n|\n|t:|1776036418\n|switch|p1a: Incineroar|Incineroar, L50, M|100/100\n|-ability|p1a: Incineroar|Intimidate|boost\n|-unboost|p2a: Sneezer|atk|1\n|-unboost|p2b: Foucault|atk|1\n|-enditem|p2a: Sneezer|White Herb\n|-clearnegativeboost|p2a: Sneezer|[silent]\n|move|p1b: Gengar|Protect|p1b: Gengar\n|-singleturn|p1b: Gengar|Protect\n|move|p2a: Sneezer|Dire Claw|p1a: Incineroar\n|-damage|p1a: Incineroar|67/100\n|move|p2b: Foucault|Hydro Pump|p1b: Gengar\n|-activate|p1b: Gengar|move: Protect\n|\n|-weather|Sandstorm|[upkeep]\n|-damage|p2a: Sneezer|89/100|[from] Sandstorm\n|-damage|p1b: Gengar|89/100|[from] Sandstorm\n|-damage|p2b: Foucault|95/100|[from] Sandstorm\n|-damage|p1a: Incineroar|61/100|[from] Sandstorm\n|-heal|p2b: Foucault|100/100|[from] item: Leftovers\n|-start|p2a: Sneezer|perish2\n|-start|p1b: Gengar|perish2\n|-start|p2b: Foucault|perish2\n|upkeep\n|turn|3\n|inactive|bruhgokusolo has 30 seconds left.\n|inactive|bruhgokusolo has 20 seconds left.\n|inactive|bruhgokusolo has 15 seconds left.\n|inactive|bruhgokusolo has 10 seconds left.\n|inactive|bruhgokusolo has 5 seconds left.\n|\n|t:|1776036470\n|switch|p1b: Kommo-o|Kommo-o, L50, M|100/100\n|move|p2a: Sneezer|Close Combat|p1a: Incineroar\n|-supereffective|p1a: Incineroar|1\n|-crit|p1a: Incineroar\n|-damage|p1a: Incineroar|0 fnt\n|-unboost|p2a: Sneezer|def|1\n|-unboost|p2a: Sneezer|spd|1\n|faint|p1a: Incineroar\n|move|p2b: Foucault|Hydro Pump|p1b: Kommo-o\n|-resisted|p1b: Kommo-o|1\n|-damage|p1b: Kommo-o|74/100\n|\n|-weather|Sandstorm|[upkeep]\n|-damage|p2a: Sneezer|83/100|[from] Sandstorm\n|-damage|p1b: Kommo-o|68/100|[from] Sandstorm\n|-damage|p2b: Foucault|95/100|[from] Sandstorm\n|-heal|p2b: Foucault|100/100|[from] item: Leftovers\n|-start|p2a: Sneezer|perish1\n|-start|p2b: Foucault|perish1\n|upkeep\n|\n|t:|1776036476\n|switch|p1a: Gengar|Gengar-Mega, L50, F|89/100\n|turn|4\n|\n|t:|1776036499\n|move|p1a: Gengar|Protect|p1a: Gengar\n|-singleturn|p1a: Gengar|Protect\n|move|p1b: Kommo-o|Protect|p1b: Kommo-o\n|-singleturn|p1b: Kommo-o|Protect\n|move|p2a: Sneezer|Close Combat|p1b: Kommo-o\n|-activate|p1b: Kommo-o|move: Protect\n|move|p2b: Foucault|Hydro Pump|p1a: Gengar\n|-activate|p1a: Gengar|move: Protect\n|\n|-weather|Sandstorm|[upkeep]\n|-damage|p2a: Sneezer|77/100|[from] Sandstorm\n|-damage|p1a: Gengar|83/100|[from] Sandstorm\n|-damage|p1b: Kommo-o|62/100|[from] Sandstorm\n|-damage|p2b: Foucault|95/100|[from] Sandstorm\n|-heal|p2b: Foucault|100/100|[from] item: Leftovers\n|-start|p2a: Sneezer|perish0\n|-start|p2b: Foucault|perish0\n|faint|p2a: Sneezer\n|faint|p2b: Foucault\n|upkeep\n|\n|t:|1776036509\n|switch|p2a: Hydrogen Baby|Charizard, L50, F|100/100\n|switch|p2b: Chudosaurus|Venusaur, L50, F|100/100\n|turn|5\n|\n|t:|1776036531\n|detailschange|p2a: Hydrogen Baby|Charizard-Mega-Y, L50, F\n|-mega|p2a: Hydrogen Baby|Charizard|Charizardite Y\n|-weather|SunnyDay|[from] ability: Drought|[of] p2a: Hydrogen Baby\n|move|p2b: Chudosaurus|Sleep Powder|p1a: Gengar|[miss]\n|-miss|p2b: Chudosaurus|p1a: Gengar\n|move|p1a: Gengar|Shadow Ball|p2a: Hydrogen Baby\n|-damage|p2a: Hydrogen Baby|44/100\n|move|p2a: Hydrogen Baby|Heat Wave|p1a: Gengar|[spread] p1a,p1b\n|-resisted|p1b: Kommo-o|1\n|-damage|p1a: Gengar|0 fnt\n|-damage|p1b: Kommo-o|23/100\n|-status|p1b: Kommo-o|brn\n|faint|p1a: Gengar\n|move|p1b: Kommo-o|Clanging Scales|p2b: Chudosaurus|[spread] p2a,p2b\n|-damage|p2a: Hydrogen Baby|8/100\n|-damage|p2b: Chudosaurus|62/100\n|-unboost|p1b: Kommo-o|def|1\n|\n|-weather|SunnyDay|[upkeep]\n|-damage|p1b: Kommo-o|17/100 brn|[from] brn\n|upkeep\n|\n|t:|1776036534\n|switch|p1a: Tyranitar|Tyranitar, L50, M|100/100\n|-weather|Sandstorm|[from] ability: Sand Stream|[of] p1a: Tyranitar\n|turn|6\n|inactive|donkey kong 223 has 30 seconds left.\n|inactive|donkey kong 223 has 20 seconds left.\n|inactive|donkey kong 223 has 15 seconds left.\n|\n|t:|1776036577\n|move|p2a: Hydrogen Baby|Heat Wave|p1b: Kommo-o|[spread] p1a,p1b\n|-resisted|p1a: Tyranitar|1\n|-resisted|p1b: Kommo-o|1\n|-damage|p1a: Tyranitar|89/100\n|-damage|p1b: Kommo-o|0 fnt\n|faint|p1b: Kommo-o\n|move|p2b: Chudosaurus|Sleep Powder|p1a: Tyranitar|[miss]\n|-miss|p2b: Chudosaurus|p1a: Tyranitar\n|move|p1a: Tyranitar|Rock Slide|p2a: Hydrogen Baby|[spread] p2a,p2b\n|-supereffective|p2a: Hydrogen Baby|2\n|-damage|p2a: Hydrogen Baby|0 fnt\n|-damage|p2b: Chudosaurus|17/100\n|faint|p2a: Hydrogen Baby\n|\n|-weather|Sandstorm|[upkeep]\n|-damage|p2b: Chudosaurus|11/100|[from] Sandstorm\n|upkeep\n|turn|7\n|\n|t:|1776036587\n|move|p2b: Chudosaurus|Sleep Powder|p1a: Tyranitar\n|-status|p1a: Tyranitar|slp|[from] move: Sleep Powder\n|cant|p1a: Tyranitar|slp\n|\n|-weather|Sandstorm|[upkeep]\n|-damage|p2b: Chudosaurus|6/100|[from] Sandstorm\n|upkeep\n|turn|8\n|\n|t:|1776036592\n|move|p2b: Chudosaurus|Leaf Storm|p1a: Tyranitar\n|-supereffective|p1a: Tyranitar|1\n|-damage|p1a: Tyranitar|13/100 slp\n|-unboost|p2b: Chudosaurus|spa|2\n|cant|p1a: Tyranitar|slp\n|\n|-weather|Sandstorm|[upkeep]\n|-damage|p2b: Chudosaurus|0 fnt|[from] Sandstorm\n|faint|p2b: Chudosaurus\n|\n|win|bruhgokusolo\n|raw|bruhgokusolo's rating: 1111 &rarr; <strong>1143</strong><br />(+32 for winning)\n|raw|donkey kong 223's rating: 1213 &rarr; <strong>1181</strong><br />(-32 for losing)\n|l|\u2606donkey kong 223\n|player|p2|\n",
  "uploadtime": 1776036608,
  "views": 35,
  "formatid": "gen9championsvgc2026regma",
  "rating": 1143,
  "private": 0,
  "password": null
}