{
  "id": "gen9championsvgc2026regma-2586912150",
  "format": "[Gen 9 Champions] VGC 2026 Reg M-A",
  "players": [
    "mrguy888",
    "Dizzydwarf99"
  ],
  "log": "|j|\u2606mrguy888\n|j|\u2606Dizzydwarf99\n|t:|1776471102\n|gametype|doubles\n|player|p1|mrguy888|noland-gen3|1277\n|player|p2|Dizzydwarf99|cheryl|1181\n|gen|9\n|tier|[Gen 9 Champions] VGC 2026 Reg M-A\n|rated|\n|rule|Species Clause: Limit one of each Pok\u00e9mon\n|rule|Item Clause: Limit 1 of each item\n|clearpoke\n|poke|p1|Floette-Eternal, L50, F|\n|poke|p1|Aerodactyl, L50, F|\n|poke|p1|Tauros-Paldea-Aqua, L50, M|\n|poke|p1|Kangaskhan, L50, F|\n|poke|p1|Rotom-Heat, L50|\n|poke|p1|Aegislash, L50, M|\n|poke|p2|Arcanine-Hisui, L50, F|\n|poke|p2|Altaria, L50, M|\n|poke|p2|Tauros-Paldea-Aqua, L50, M|\n|poke|p2|Sinistcha, L50|\n|poke|p2|Aegislash, L50, M|\n|poke|p2|Sneasler, L50, M|\n|teampreview|4\n|inactive|Battle timer is ON: inactive players will automatically lose when time's up. (requested by Dizzydwarf99)\n|inactive|mrguy888 also wants the timer to be on.\n|\n|t:|1776471132\n|teamsize|p1|4\n|teamsize|p2|4\n|start\n|switch|p1a: Rotom|Rotom-Heat, L50|100/100\n|switch|p1b: Tauros|Tauros-Paldea-Aqua, L50, M|100/100\n|switch|p2a: Sneasler|Sneasler, L50, M|100/100\n|switch|p2b: Altaria|Altaria, L50, M|100/100\n|-ability|p1b: Tauros|Intimidate|boost\n|-unboost|p2a: Sneasler|atk|1\n|-unboost|p2b: Altaria|atk|1\n|-ability|p2b: Altaria|Cloud Nine\n|-enditem|p2a: Sneasler|White Herb\n|-clearnegativeboost|p2a: Sneasler|[silent]\n|turn|1\n|\n|t:|1776471149\n|detailschange|p2b: Altaria|Altaria-Mega, L50, M\n|-mega|p2b: Altaria|Altaria|Altarianite\n|move|p1b: Tauros|Protect|p1b: Tauros\n|-singleturn|p1b: Tauros|Protect\n|move|p2a: Sneasler|Fake Out|p1a: Rotom\n|-damage|p1a: Rotom|83/100\n|cant|p1a: Rotom|flinch\n|move|p2b: Altaria|Tailwind|p2b: Altaria\n|-sidestart|p2: Dizzydwarf99|move: Tailwind\n|\n|upkeep\n|turn|2\n|\n|t:|1776471162\n|switch|p1b: Aerodactyl|Aerodactyl, L50, F|100/100\n|-ability|p1b: Aerodactyl|Unnerve\n|move|p2a: Sneasler|Close Combat|p1a: Rotom\n|-damage|p1a: Rotom|11/100\n|-unboost|p2a: Sneasler|def|1\n|-unboost|p2a: Sneasler|spd|1\n|move|p1a: Rotom|Will-O-Wisp|p2a: Sneasler\n|-status|p2a: Sneasler|brn\n|move|p2b: Altaria|Hyper Voice|p1b: Aerodactyl|[spread] p1a,p1b\n|-resisted|p1a: Rotom|1\n|-damage|p1a: Rotom|0 fnt\n|-damage|p1b: Aerodactyl|50/100\n|faint|p1a: Rotom\n|\n|-damage|p2a: Sneasler|95/100 brn|[from] brn\n|upkeep\n|\n|t:|1776471175\n|switch|p1a: Tauros|Tauros-Paldea-Aqua, L50, M|100/100\n|-ability|p1a: Tauros|Intimidate|boost\n|-unboost|p2a: Sneasler|atk|1\n|-unboost|p2b: Altaria|atk|1\n|turn|3\n|\n|t:|1776471186\n|move|p1b: Aerodactyl|Protect|p1b: Aerodactyl\n|-singleturn|p1b: Aerodactyl|Protect\n|move|p1a: Tauros|Protect|p1a: Tauros\n|-singleturn|p1a: Tauros|Protect\n|move|p2a: Sneasler|Close Combat|p1a: Tauros\n|-activate|p1a: Tauros|move: Protect\n|move|p2b: Altaria|Hyper Voice|p1b: Aerodactyl|[spread] \n|-activate|p1a: Tauros|move: Protect\n|-activate|p1b: Aerodactyl|move: Protect\n|\n|-damage|p2a: Sneasler|89/100 brn|[from] brn\n|upkeep\n|turn|4\n|\n|t:|1776471202\n|switch|p1a: Floette|Floette-Eternal, L50, F|100/100\n|move|p2a: Sneasler|Close Combat|p1a: Floette\n|-resisted|p1a: Floette|1\n|-damage|p1a: Floette|87/100\n|-unboost|p2a: Sneasler|def|1\n|-unboost|p2a: Sneasler|spd|1\n|move|p2b: Altaria|Hyper Voice|p1b: Aerodactyl|[spread] p1a,p1b\n|-damage|p1a: Floette|61/100\n|-damage|p1b: Aerodactyl|0 fnt\n|faint|p1b: Aerodactyl\n|\n|-damage|p2a: Sneasler|83/100 brn|[from] brn\n|-sideend|p2: Dizzydwarf99|move: Tailwind\n|upkeep\n|\n|t:|1776471211\n|switch|p1b: Tauros|Tauros-Paldea-Aqua, L50, M|100/100\n|-ability|p1b: Tauros|Intimidate|boost\n|-unboost|p2a: Sneasler|atk|1\n|-unboost|p2b: Altaria|atk|1\n|turn|5\n|\n|t:|1776471235\n|detailschange|p1a: Floette|Floette-Mega, L50, F\n|-mega|p1a: Floette|Floette|Floettite\n|-ability|p1a: Floette|Fairy Aura\n|move|p2a: Sneasler|Dire Claw|p1a: Floette\n|-supereffective|p1a: Floette|1\n|-damage|p1a: Floette|36/100\n|move|p1b: Tauros|Wave Crash|p2a: Sneasler\n|-damage|p2a: Sneasler|0 fnt\n|faint|p2a: Sneasler\n|-damage|p1b: Tauros|69/100|[from] Recoil\n|move|p1a: Floette|Moonblast|p2b: Altaria\n|-supereffective|p2b: Altaria|1\n|-damage|p2b: Altaria|0 fnt\n|faint|p2b: Altaria\n|\n|upkeep\n|\n|t:|1776471244\n|switch|p2a: Tauros|Tauros-Paldea-Aqua, L50, M|100/100\n|switch|p2b: Sinistcha|Sinistcha, L50|100/100\n|-ability|p2a: Tauros|Intimidate|boost\n|-unboost|p1a: Floette|atk|1\n|-unboost|p1b: Tauros|atk|1\n|-enditem|p1b: Tauros|White Herb\n|-clearnegativeboost|p1b: Tauros|[silent]\n|turn|6\n|inactive|mrguy888 has 30 seconds left.\n|\n|t:|1776471270\n|move|p2b: Sinistcha|Rage Powder|p2b: Sinistcha\n|-singleturn|p2b: Sinistcha|move: Rage Powder\n|move|p2a: Tauros|Wave Crash|p1a: Floette\n|-damage|p1a: Floette|0 fnt\n|faint|p1a: Floette\n|-damage|p2a: Tauros|86/100|[from] Recoil\n|move|p1b: Tauros|Wave Crash|p2b: Sinistcha\n|-resisted|p2b: Sinistcha|1\n|-damage|p2b: Sinistcha|76/100\n|-damage|p1b: Tauros|59/100|[from] Recoil\n|\n|upkeep\n|turn|7\n|-message|mrguy888 forfeited.\n|\n|win|Dizzydwarf99\n|raw|mrguy888's rating: 1277 &rarr; <strong>1245</strong><br />(-32 for losing)\n|raw|Dizzydwarf99's rating: 1181 &rarr; <strong>1213</strong><br />(+32 for winning)\n",
  "uploadtime": 1776471279,
  "views": 33,
  "formatid": "gen9championsvgc2026regma",
  "rating": 1213,
  "private": 0,
  "password": null
}