{
  "id": "gen9championsvgc2026regma-2583424556",
  "format": "[Gen 9 Champions] VGC 2026 Reg M-A",
  "players": [
    "CEBOLLAZO",
    "vywxiwjxjwk"
  ],
  "log": "|j|\u2606CEBOLLAZO\n|j|\u2606vywxiwjxjwk\n|t:|1776174754\n|gametype|doubles\n|player|p1|CEBOLLAZO|skier|1197\n|player|p2|vywxiwjxjwk|n|1216\n|gen|9\n|tier|[Gen 9 Champions] VGC 2026 Reg M-A\n|rated|\n|rule|Species Clause: Limit one of each Pok\u00e9mon\n|rule|Item Clause: Limit 1 of each item\n|clearpoke\n|poke|p1|Delphox, L50, F|\n|poke|p1|Sneasler, L50, F|\n|poke|p1|Garchomp, L50, M|\n|poke|p1|Kingambit, L50, M|\n|poke|p1|Floette-Eternal, L50, F|\n|poke|p1|Incineroar, L50, M|\n|poke|p2|Sneasler, L50, M|\n|poke|p2|Floette-Eternal, L50, F|\n|poke|p2|Sinistcha, L50|\n|poke|p2|Meowstic, L50, M|\n|poke|p2|Krookodile, L50, F|\n|poke|p2|Farigiraf, L50, M|\n|teampreview|4\n|inactive|Battle timer is ON: inactive players will automatically lose when time's up. (requested by CEBOLLAZO)\n|inactive|vywxiwjxjwk has 60 seconds left.\n|\n|t:|1776174794\n|teamsize|p1|4\n|teamsize|p2|4\n|start\n|switch|p1a: Kingambit|Kingambit, L50, M|100/100\n|switch|p1b: Sneasler|Sneasler, L50, F|100/100\n|switch|p2a: Sneasler|Sneasler, L50, M|100/100\n|switch|p2b: Krookodile|Krookodile, L50, F|100/100\n|-ability|p2b: Krookodile|Intimidate|boost\n|-unboost|p1a: Kingambit|atk|1\n|-ability|p1a: Kingambit|Defiant|boost\n|-boost|p1a: Kingambit|atk|2\n|-unboost|p1b: Sneasler|atk|1\n|turn|1\n|\n|t:|1776174814\n|move|p1a: Kingambit|Protect|p1a: Kingambit\n|-singleturn|p1a: Kingambit|Protect\n|move|p2a: Sneasler|Fake Out|p1b: Sneasler\n|-damage|p1b: Sneasler|75/100\n|cant|p1b: Sneasler|flinch\n|move|p2b: Krookodile|High Horsepower|p1a: Kingambit\n|-activate|p1a: Kingambit|move: Protect\n|\n|upkeep\n|turn|2\n|\n|t:|1776174836\n|move|p1a: Kingambit|Sucker Punch|p2b: Krookodile\n|-resisted|p2b: Krookodile|1\n|-damage|p2b: Krookodile|54/100\n|move|p2b: Krookodile|High Horsepower|p1b: Sneasler\n|-supereffective|p1b: Sneasler|1\n|-damage|p1b: Sneasler|0 fnt\n|faint|p1b: Sneasler\n|move|p2a: Sneasler|Close Combat|p1a: Kingambit\n|-supereffective|p1a: Kingambit|2\n|-damage|p1a: Kingambit|0 fnt\n|-unboost|p2a: Sneasler|def|1\n|-unboost|p2a: Sneasler|spd|1\n|faint|p1a: Kingambit\n|-enditem|p2a: Sneasler|White Herb\n|-clearnegativeboost|p2a: Sneasler|[silent]\n|\n|upkeep\n|\n|t:|1776174846\n|switch|p1b: Garchomp|Garchomp, L50, M|100/100\n|switch|p1a: Delphox|Delphox, L50, F|100/100\n|turn|3\n|inactive|vywxiwjxjwk has 30 seconds left.\n|\n|t:|1776174872\n|switch|p2b: Farigiraf|Farigiraf, L50, M|100/100\n|detailschange|p1a: Delphox|Delphox-Mega, L50, F\n|-mega|p1a: Delphox|Delphox|Delphoxite\n|move|p1a: Delphox|Protect|p1a: Delphox\n|-singleturn|p1a: Delphox|Protect\n|move|p2a: Sneasler|Close Combat|p1b: Garchomp\n|-damage|p1b: Garchomp|32/100\n|-unboost|p2a: Sneasler|def|1\n|-unboost|p2a: Sneasler|spd|1\n|-damage|p2a: Sneasler|88/100|[from] ability: Rough Skin|[of] p1b: Garchomp\n|move|p1b: Garchomp|Dragon Claw|p2b: Farigiraf\n|-damage|p2b: Farigiraf|65/100\n|\n|upkeep\n|turn|4\n|inactive|vywxiwjxjwk has 30 seconds left.\n|\n|t:|1776174897\n|move|p2b: Farigiraf|Helping Hand|p2a: Sneasler\n|-singleturn|p2a: Sneasler|Helping Hand|[of] p2b: Farigiraf\n|move|p2a: Sneasler|Dire Claw|p1a: Delphox\n|-crit|p1a: Delphox\n|-damage|p1a: Delphox|0 fnt\n|faint|p1a: Delphox\n|move|p1b: Garchomp|Dragon Claw|p2a: Sneasler\n|-damage|p2a: Sneasler|0 fnt\n|faint|p2a: Sneasler\n|\n|upkeep\n|\n|t:|1776174903\n|switch|p2a: Floette|Floette-Eternal, L50, F|100/100\n|turn|5\n|-message|CEBOLLAZO forfeited.\n|\n|win|vywxiwjxjwk\n|raw|CEBOLLAZO's rating: 1197 &rarr; <strong>1173</strong><br />(-24 for losing)\n|raw|vywxiwjxjwk's rating: 1216 &rarr; <strong>1240</strong><br />(+24 for winning)\n|l|\u2606CEBOLLAZO\n|player|p1|\n|c|\u2606vywxiwjxjwk|gg\n",
  "uploadtime": 1776174910,
  "views": 16,
  "formatid": "gen9championsvgc2026regma",
  "rating": 1173,
  "private": 0,
  "password": null
}