{
  "id": "gen9championsvgc2026regma-2586527651",
  "format": "[Gen 9 Champions] VGC 2026 Reg M-A",
  "players": [
    "Will5121",
    "colfox"
  ],
  "log": "|j|\u2606Will5121\n|j|\u203dcolfox\n|t:|1776440770\n|gametype|doubles\n|player|p1|Will5121|skier|1285\n|player|p2|colfox|169|1287\n|gen|9\n|tier|[Gen 9 Champions] VGC 2026 Reg M-A\n|rated|\n|rule|Species Clause: Limit one of each Pok\u00e9mon\n|rule|Item Clause: Limit 1 of each item\n|clearpoke\n|poke|p1|Ninetales-Alola, L50, F|\n|poke|p1|Charizard, L50, M|\n|poke|p1|Weavile, L50, F|\n|poke|p1|Sinistcha, L50|\n|poke|p1|Araquanid, L50, M|\n|poke|p1|Milotic, L50, F|\n|poke|p2|Tyranitar, L50, F|\n|poke|p2|Excadrill, L50, M|\n|poke|p2|Dragapult, L50, F|\n|poke|p2|Milotic, L50, F|\n|poke|p2|Raichu, L50, F|\n|poke|p2|Scizor, L50, F|\n|teampreview|4\n|\n|t:|1776440796\n|teamsize|p1|4\n|teamsize|p2|4\n|start\n|switch|p1a: Araquanid|Araquanid, L50, M, shiny|100/100\n|switch|p1b: Weavile|Weavile, L50, F, shiny|100/100\n|switch|p2a: Raichu|Raichu, L50, F|100/100\n|switch|p2b: Scizor|Scizor, L50, F|100/100\n|-ability|p1b: Weavile|Pressure\n|turn|1\n|\n|t:|1776440810\n|detailschange|p2b: Scizor|Scizor-Mega, L50, F\n|-mega|p2b: Scizor|Scizor|Scizorite\n|move|p1b: Weavile|Fake Out|p2a: Raichu\n|-damage|p2a: Raichu|74/100\n|cant|p2a: Raichu|flinch\n|move|p2b: Scizor|Swords Dance|p2b: Scizor\n|-boost|p2b: Scizor|atk|2\n|move|p1a: Araquanid|Liquidation|p2b: Scizor\n|-damage|p2b: Scizor|39/100\n|\n|upkeep\n|turn|2\n|\n|t:|1776440827\n|switch|p1a: Sinistcha|Sinistcha, L50, shiny|100/100\n|move|p2b: Scizor|Protect|p2b: Scizor\n|-singleturn|p2b: Scizor|Protect\n|move|p1b: Weavile|Low Kick|p2b: Scizor\n|-activate|p2b: Scizor|move: Protect\n|move|p2a: Raichu|Electroweb|p1a: Sinistcha|[spread] p1a,p1b\n|-resisted|p1a: Sinistcha|1\n|-damage|p1a: Sinistcha|92/100\n|-damage|p1b: Weavile|74/100\n|-unboost|p1a: Sinistcha|spe|1\n|-unboost|p1b: Weavile|spe|1\n|\n|upkeep\n|turn|3\n|\n|t:|1776440847\n|move|p1a: Sinistcha|Rage Powder|p1a: Sinistcha\n|-singleturn|p1a: Sinistcha|move: Rage Powder\n|move|p2a: Raichu|Thunderbolt|p1a: Sinistcha\n|-resisted|p1a: Sinistcha|1\n|-damage|p1a: Sinistcha|74/100\n|move|p1b: Weavile|Low Kick|p2b: Scizor\n|-damage|p2b: Scizor|13/100\n|move|p2b: Scizor|Bug Bite|p1a: Sinistcha\n|-damage|p1a: Sinistcha|0 fnt\n|-enditem|p1a: Sinistcha|Sitrus Berry|[from] stealeat|[move] Bug Bite|[of] p2b: Scizor\n|-heal|p2b: Scizor|38/100|[from] item: Sitrus Berry\n|faint|p1a: Sinistcha\n|\n|upkeep\n|\n|t:|1776440863\n|switch|p1a: Charizard|Charizard, L50, M, shiny|100/100\n|turn|4\n|\n|t:|1776440874\n|switch|p1b: Araquanid|Araquanid, L50, M, shiny|100/100\n|detailschange|p1a: Charizard|Charizard-Mega-X, L50, M, shiny\n|-mega|p1a: Charizard|Charizard|Charizardite X\n|move|p2b: Scizor|Bullet Punch|p1b: Araquanid\n|-resisted|p1b: Araquanid|1\n|-damage|p1b: Araquanid|61/100\n|move|p2a: Raichu|Thunderbolt|p1a: Charizard\n|-resisted|p1a: Charizard|1\n|-damage|p1a: Charizard|77/100\n|-status|p1a: Charizard|par\n|move|p1a: Charizard|Flare Blitz|p2b: Scizor\n|-supereffective|p2b: Scizor|2\n|-damage|p2b: Scizor|0 fnt\n|faint|p2b: Scizor\n|-damage|p1a: Charizard|65/100 par|[from] Recoil\n|\n|upkeep\n|\n|t:|1776440892\n|switch|p2b: Tyranitar|Tyranitar, L50, F|100/100\n|-weather|Sandstorm|[from] ability: Sand Stream|[of] p2b: Tyranitar\n|turn|5\n|\n|t:|1776440906\n|switch|p1b: Weavile|Weavile, L50, F, shiny|74/100\n|-ability|p1b: Weavile|Pressure\n|move|p2b: Tyranitar|Protect|p2b: Tyranitar\n|-singleturn|p2b: Tyranitar|Protect\n|move|p2a: Raichu|Thunderbolt|p1b: Weavile\n|-damage|p1b: Weavile|10/100\n|move|p1a: Charizard|Flare Blitz|p2a: Raichu\n|-damage|p2a: Raichu|0 fnt\n|faint|p2a: Raichu\n|-damage|p1a: Charizard|48/100 par|[from] Recoil\n|\n|-weather|Sandstorm|[upkeep]\n|-damage|p1b: Weavile|4/100|[from] Sandstorm\n|-damage|p1a: Charizard|42/100 par|[from] Sandstorm\n|upkeep\n|\n|t:|1776440948\n|switch|p2a: Excadrill|Excadrill, L50, M|100/100\n|turn|6\n|\n|t:|1776440988\n|switch|p1b: Araquanid|Araquanid, L50, M, shiny|61/100\n|move|p2a: Excadrill|Rock Slide|p1a: Charizard|[spread] p1a,p1b\n|-supereffective|p1a: Charizard|1\n|-supereffective|p1b: Araquanid|1\n|-damage|p1a: Charizard|4/100 par\n|-damage|p1b: Araquanid|18/100\n|move|p2b: Tyranitar|Rock Slide|p1a: Charizard|[spread] p1a,p1b\n|-supereffective|p1a: Charizard|1\n|-crit|p1a: Charizard\n|-supereffective|p1b: Araquanid|1\n|-damage|p1a: Charizard|0 fnt\n|-damage|p1b: Araquanid|0 fnt\n|faint|p1a: Charizard\n|faint|p1b: Araquanid\n|\n|-weather|Sandstorm|[upkeep]\n|upkeep\n|\n|t:|1776441026\n|switch|p1b: Weavile|Weavile, L50, F, shiny|4/100\n|-ability|p1b: Weavile|Pressure\n|turn|7\n|\n|t:|1776441044\n|move|p2a: Excadrill|High Horsepower|p1b: Weavile\n|-damage|p1b: Weavile|0 fnt\n|faint|p1b: Weavile\n|\n|win|colfox\n|raw|Will5121's rating: 1285 &rarr; <strong>1260</strong><br />(-25 for losing)\n|raw|colfox's rating: 1287 &rarr; <strong>1312</strong><br />(+25 for winning)\n|l|\u2606Will5121\n|player|p1|\n",
  "uploadtime": 1776441056,
  "views": 38,
  "formatid": "gen9championsvgc2026regma",
  "rating": 1260,
  "private": 0,
  "password": null
}