{
  "id": "gen9championsvgc2026regma-2582896779",
  "format": "[Gen 9 Champions] VGC 2026 Reg M-A",
  "players": [
    "Perro Panchez",
    "rylbld"
  ],
  "log": "|j|\u2606Perro Panchez\n|j|\u2606rylbld\n|t:|1776122987\n|gametype|doubles\n|player|p1|Perro Panchez|hiker-gen7|1077\n|player|p2|rylbld|266|1049\n|gen|9\n|tier|[Gen 9 Champions] VGC 2026 Reg M-A\n|rated|\n|rule|Species Clause: Limit one of each Pok\u00e9mon\n|rule|Item Clause: Limit 1 of each item\n|clearpoke\n|poke|p1|Hatterene, L50, F|\n|poke|p1|Golurk, L50|\n|poke|p1|Oranguru, L50, M|\n|poke|p1|Incineroar, L50, M|\n|poke|p1|Starmie, L50|\n|poke|p1|Garchomp, L50, F|\n|poke|p2|Archaludon, L50, F|\n|poke|p2|Pelipper, L50, M|\n|poke|p2|Floette-Eternal, L50, F|\n|poke|p2|Sinistcha, L50|\n|poke|p2|Meganium, L50, F|\n|poke|p2|Incineroar, L50, M|\n|teampreview|4\n|inactive|Battle timer is ON: inactive players will automatically lose when time's up. (requested by Perro Panchez)\n|\n|t:|1776123005\n|teamsize|p1|4\n|teamsize|p2|4\n|start\n|switch|p1a: Starmie|Starmie, L50|100/100\n|switch|p1b: Incineroar|Incineroar, L50, M|100/100\n|switch|p2a: Sinistcha|Sinistcha, L50|100/100\n|switch|p2b: Incineroar|Incineroar, L50, M|100/100\n|-ability|p1b: Incineroar|Intimidate|boost\n|-unboost|p2a: Sinistcha|atk|1\n|-unboost|p2b: Incineroar|atk|1\n|-ability|p2b: Incineroar|Intimidate|boost\n|-unboost|p1a: Starmie|atk|1\n|-unboost|p1b: Incineroar|atk|1\n|turn|1\n|\n|t:|1776123019\n|detailschange|p1a: Starmie|Starmie-Mega, L50\n|-mega|p1a: Starmie|Starmie|Starminite\n|move|p1a: Starmie|Protect|p1a: Starmie\n|-singleturn|p1a: Starmie|Protect\n|move|p1b: Incineroar|Fake Out|p2b: Incineroar\n|-damage|p2b: Incineroar|93/100\n|cant|p2b: Incineroar|flinch\n|move|p2a: Sinistcha|Matcha Gotcha|p1b: Incineroar|[spread] p1b\n|-activate|p1a: Starmie|move: Protect\n|-resisted|p1b: Incineroar|1\n|-damage|p1b: Incineroar|88/100\n|\n|upkeep\n|turn|2\n|inactive|rylbld has 30 seconds left.\n|inactive|rylbld has 20 seconds left.\n|inactive|rylbld has 15 seconds left.\n|inactive|rylbld has 10 seconds left.\n|inactive|rylbld has 5 seconds left.\n|\n|t:|1776123074\n|switch|p1b: Garchomp|Garchomp, L50, F|100/100\n|move|p1a: Starmie|Skill Swap|p1b: Garchomp\n|-activate|p1a: Starmie|Skill Swap|||[of] p1b: Garchomp\n|move|p2a: Sinistcha|Matcha Gotcha|p1a: Starmie|[spread] p1a\n|-miss|p2a: Sinistcha|p1b: Garchomp\n|-supereffective|p1a: Starmie|1\n|-damage|p1a: Starmie|35/100\n|move|p2b: Incineroar|Flare Blitz|p1a: Starmie\n|-resisted|p1a: Starmie|1\n|-damage|p1a: Starmie|13/100\n|-damage|p2b: Incineroar|81/100|[from] ability: Rough Skin|[of] p1a: Starmie\n|-damage|p2b: Incineroar|76/100|[from] Recoil\n|\n|upkeep\n|turn|3\n|inactive|rylbld has 30 seconds left.\n|inactive|rylbld has 20 seconds left.\n|inactive|rylbld has 15 seconds left.\n|inactive|rylbld has 10 seconds left.\n|inactive|rylbld has 5 seconds left.\n|\n|t:|1776123130\n|switch|p1a: Oranguru|Oranguru, L50, M|100/100\n|move|p1b: Garchomp|Protect|p1b: Garchomp\n|-singleturn|p1b: Garchomp|Protect\n|move|p2a: Sinistcha|Matcha Gotcha|p1a: Oranguru|[spread] p1a\n|-activate|p1b: Garchomp|move: Protect\n|-damage|p1a: Oranguru|82/100\n|move|p2b: Incineroar|Flare Blitz|p1b: Garchomp\n|-activate|p1b: Garchomp|move: Protect\n|\n|upkeep\n|turn|4\n|inactive|rylbld has 30 seconds left.\n|inactive|rylbld has 20 seconds left.\n|inactive|rylbld has 15 seconds left.\n|inactive|rylbld has 10 seconds left.\n|inactive|rylbld has 5 seconds left.\n|\n|t:|1776123185\n|move|p1b: Garchomp|Earthquake|p2b: Incineroar|[spread] p2a,p2b\n|-activate|p1a: Oranguru|ability: Telepathy\n|-resisted|p2a: Sinistcha|1\n|-supereffective|p2b: Incineroar|1\n|-damage|p2a: Sinistcha|70/100\n|-damage|p2b: Incineroar|0 fnt\n|faint|p2b: Incineroar\n|move|p2a: Sinistcha|Matcha Gotcha|p1b: Garchomp|[spread] p1a,p1b\n|-damage|p1a: Oranguru|61/100\n|-heal|p2a: Sinistcha|81/100|[from] drain|[of] p1a: Oranguru\n|-damage|p1b: Garchomp|73/100\n|-heal|p2a: Sinistcha|96/100|[from] drain|[of] p1b: Garchomp\n|move|p1a: Oranguru|Instruct|p1b: Garchomp\n|-singleturn|p1b: Garchomp|move: Instruct|[of] p1a: Oranguru\n|move|p1b: Garchomp|Earthquake|p2a: Sinistcha|[spread] p2a\n|-activate|p1a: Oranguru|ability: Telepathy\n|-resisted|p2a: Sinistcha|1\n|-damage|p2a: Sinistcha|64/100\n|\n|upkeep\n|inactive|rylbld has 30 seconds left.\n|inactive|rylbld has 20 seconds left.\n|inactive|rylbld has 15 seconds left.\n|inactive|rylbld has 10 seconds left.\n|inactive|rylbld has 5 seconds left.\n|\n|t:|1776123240\n|switch|p2b: Floette|Floette-Eternal, L50, F|100/100\n|turn|5\n|\n|t:|1776123252\n|detailschange|p2b: Floette|Floette-Mega, L50, F\n|-mega|p2b: Floette|Floette|Floettite\n|-ability|p2b: Floette|Fairy Aura\n|move|p1b: Garchomp|Iron Head|p2b: Floette\n|-supereffective|p2b: Floette|1\n|-damage|p2b: Floette|0 fnt\n|faint|p2b: Floette\n|move|p2a: Sinistcha|Matcha Gotcha|p1b: Garchomp|[spread] p1a,p1b\n|-damage|p1a: Oranguru|43/100\n|-heal|p2a: Sinistcha|75/100|[from] drain|[of] p1a: Oranguru\n|-damage|p1b: Garchomp|47/100\n|-heal|p2a: Sinistcha|88/100|[from] drain|[of] p1b: Garchomp\n|-status|p1a: Oranguru|brn\n|move|p1a: Oranguru|Instruct|p1b: Garchomp\n|-singleturn|p1b: Garchomp|move: Instruct|[of] p1a: Oranguru\n|move|p1b: Garchomp|Iron Head|p2a: Sinistcha\n|-damage|p2a: Sinistcha|39/100\n|\n|-damage|p1a: Oranguru|37/100 brn|[from] brn\n|upkeep\n|\n|t:|1776123269\n|switch|p2b: Archaludon|Archaludon, L50, F|100/100\n|turn|6\n|\n|t:|1776123277\n|move|p1b: Garchomp|Earthquake|p2a: Sinistcha|[spread] p2a,p2b\n|-activate|p1a: Oranguru|ability: Telepathy\n|-resisted|p2a: Sinistcha|1\n|-supereffective|p2b: Archaludon|1\n|-damage|p2a: Sinistcha|8/100\n|-damage|p2b: Archaludon|0 fnt\n|faint|p2b: Archaludon\n|move|p2a: Sinistcha|Matcha Gotcha|p1a: Oranguru|[spread] p1a,p1b\n|-damage|p1a: Oranguru|18/100 brn\n|-heal|p2a: Sinistcha|18/100|[from] drain|[of] p1a: Oranguru\n|-damage|p1b: Garchomp|19/100\n|-heal|p2a: Sinistcha|33/100|[from] drain|[of] p1b: Garchomp\n|move|p1a: Oranguru|Instruct|p1b: Garchomp\n|-singleturn|p1b: Garchomp|move: Instruct|[of] p1a: Oranguru\n|move|p1b: Garchomp|Earthquake|p2a: Sinistcha|[spread] p2a\n|-activate|p1a: Oranguru|ability: Telepathy\n|-resisted|p2a: Sinistcha|1\n|-damage|p2a: Sinistcha|0 fnt\n|faint|p2a: Sinistcha\n|\n|win|Perro Panchez\n|raw|Perro Panchez's rating: 1077 &rarr; <strong>1103</strong><br />(+26 for winning)\n|raw|rylbld's rating: 1049 &rarr; <strong>1033</strong><br />(-16 for losing)\n|l|\u2606rylbld\n|player|p2|\n",
  "uploadtime": 1776123295,
  "views": 14,
  "formatid": "gen9championsvgc2026regma",
  "rating": 1033,
  "private": 0,
  "password": null
}