{
  "id": "gen9championsvgc2026regma-2582965814",
  "format": "[Gen 9 Champions] VGC 2026 Reg M-A",
  "players": [
    "nlits",
    "ryankun26"
  ],
  "log": "|j|\u2606nlits\n|j|\u2606ryankun26\n|t:|1776129129\n|gametype|doubles\n|player|p1|nlits|fisherman|1134\n|player|p2|ryankun26|hilda|1206\n|gen|9\n|tier|[Gen 9 Champions] VGC 2026 Reg M-A\n|rated|\n|rule|Species Clause: Limit one of each Pok\u00e9mon\n|rule|Item Clause: Limit 1 of each item\n|clearpoke\n|poke|p1|Gengar, L50, F|\n|poke|p1|Maushold-Four, L50|\n|poke|p1|Incineroar, L50, M|\n|poke|p1|Politoed, L50, M|\n|poke|p2|Talonflame, L50, F|\n|poke|p2|Glimmora, L50, F|\n|poke|p2|Tsareena, L50, F|\n|poke|p2|Gyarados, L50, F|\n|poke|p2|Zoroark-Hisui, L50, F|\n|poke|p2|Rotom-Wash, L50|\n|teampreview|4\n|inactive|Battle timer is ON: inactive players will automatically lose when time's up. (requested by ryankun26)\n|\n|t:|1776129159\n|teamsize|p1|4\n|teamsize|p2|4\n|start\n|switch|p1a: Gengar|Gengar, L50, F|100/100\n|switch|p1b: Incineroar|Incineroar, L50, M|100/100\n|switch|p2a: Tsareena|Tsareena, L50, F|100/100\n|switch|p2b: Gyarados|Gyarados, L50, F|100/100\n|-ability|p2b: Gyarados|Intimidate|boost\n|-unboost|p1a: Gengar|atk|1\n|-unboost|p1b: Incineroar|atk|1\n|-ability|p1b: Incineroar|Intimidate|boost\n|-unboost|p2a: Tsareena|atk|1\n|-unboost|p2b: Gyarados|atk|1\n|turn|1\n|\n|t:|1776129179\n|switch|p2b: Glimmora|Glimmora, L50, F|100/100\n|detailschange|p1a: Gengar|Gengar-Mega, L50, F\n|-mega|p1a: Gengar|Gengar|Gengarite\n|move|p1b: Incineroar|Fake Out|p2b: Glimmora\n|-resisted|p2b: Glimmora|1\n|-damage|p2b: Glimmora|96/100\n|-activate|p2b: Glimmora|ability: Toxic Debris\n|-sidestart|p1: nlits|move: Toxic Spikes\n|move|p2a: Tsareena|Shadow Ball|p1a: Gengar\n|-supereffective|p1a: Gengar|1\n|-damage|p1a: Gengar|15/100\n|move|p1a: Gengar|Perish Song|p1a: Gengar\n|-start|p1a: Gengar|perish3|[silent]\n|-start|p1b: Incineroar|perish3|[silent]\n|-start|p2a: Tsareena|perish3|[silent]\n|-start|p2b: Glimmora|perish3|[silent]\n|-fieldactivate|move: Perish Song\n|\n|-start|p2a: Tsareena|perish3\n|-start|p1a: Gengar|perish3\n|-start|p2b: Glimmora|perish3\n|-start|p1b: Incineroar|perish3\n|upkeep\n|turn|2\n|inactive|nlits has 30 seconds left.\n|inactive|nlits has 20 seconds left.\n|inactive|nlits has 15 seconds left.\n|\n|t:|1776129219\n|switch|p1b: Maushold|Maushold-Four, L50|100/100\n|-status|p1b: Maushold|psn\n|detailschange|p2b: Glimmora|Glimmora-Mega, L50, F\n|-mega|p2b: Glimmora|Glimmora|Glimmoranite\n|move|p1a: Gengar|Protect|p1a: Gengar\n|-singleturn|p1a: Gengar|Protect\n|move|p2a: Tsareena|Shadow Ball|p1a: Gengar\n|-activate|p1a: Gengar|move: Protect\n|move|p2b: Glimmora|Power Gem|p1b: Maushold\n|-damage|p1b: Maushold|1/100 psn\n|\n|-heal|p1b: Maushold|7/100 psn|[from] item: Leftovers\n|-damage|p1b: Maushold|0 fnt|[from] psn\n|faint|p1b: Maushold\n|-start|p2a: Tsareena|perish2\n|-start|p1a: Gengar|perish2\n|-start|p2b: Glimmora|perish2\n|upkeep\n|\n|t:|1776129243\n|switch|p1b: Incineroar|Incineroar, L50, M|100/100\n|-status|p1b: Incineroar|psn\n|-ability|p1b: Incineroar|Intimidate|boost\n|-unboost|p2a: Tsareena|atk|1\n|-unboost|p2b: Glimmora|atk|1\n|turn|3\n|\n|t:|1776129267\n|move|p1b: Incineroar|Fake Out|p2a: Tsareena\n|-immune|p2a: Tsareena\n|move|p2a: Tsareena|Shadow Ball|p1a: Gengar\n|-supereffective|p1a: Gengar|1\n|-damage|p1a: Gengar|0 fnt\n|faint|p1a: Gengar\n|move|p2b: Glimmora|Power Gem|p1b: Incineroar\n|-supereffective|p1b: Incineroar|1\n|-damage|p1b: Incineroar|2/100 psn\n|-enditem|p1b: Incineroar|Sitrus Berry|[eat]\n|-heal|p1b: Incineroar|27/100 psn|[from] item: Sitrus Berry\n|\n|-damage|p1b: Incineroar|15/100 psn|[from] psn\n|-start|p2a: Tsareena|perish1\n|-start|p2b: Glimmora|perish1\n|upkeep\n|\n|t:|1776129284\n|switch|p1a: Politoed|Politoed, L50, M|100/100\n|-status|p1a: Politoed|psn\n|-weather|RainDance|[from] ability: Drizzle|[of] p1a: Politoed\n|turn|4\n|\n|t:|1776129299\n|switch|p2a: Gyarados|Gyarados, L50, F|100/100\n|-ability|p2a: Gyarados|Intimidate|boost\n|-unboost|p1a: Politoed|atk|1\n|-unboost|p1b: Incineroar|atk|1\n|switch|p2b: Tsareena|Tsareena, L50, F|100/100\n|move|p1a: Politoed|Weather Ball|p2b: Tsareena\n|-resisted|p2b: Tsareena|1\n|-damage|p2b: Tsareena|68/100\n|move|p1b: Incineroar|Snarl|p2a: Gyarados|[spread] p2b\n|-miss|p1b: Incineroar|p2a: Gyarados\n|-damage|p2b: Tsareena|56/100\n|-unboost|p2b: Tsareena|spa|1\n|-enditem|p2b: Tsareena|White Herb\n|-clearnegativeboost|p2b: Tsareena|[silent]\n|\n|-weather|RainDance|[upkeep]\n|-damage|p1a: Politoed|88/100 psn|[from] psn\n|-damage|p1b: Incineroar|2/100 psn|[from] psn\n|upkeep\n|turn|5\n|-message|nlits forfeited.\n|\n|win|ryankun26\n|raw|nlits's rating: 1134 &rarr; <strong>1114</strong><br />(-20 for losing)\n|raw|ryankun26's rating: 1206 &rarr; <strong>1226</strong><br />(+20 for winning)\n|l|\u2606nlits\n|player|p1|\n",
  "uploadtime": 1776129317,
  "views": 15,
  "formatid": "gen9championsvgc2026regma",
  "rating": 1114,
  "private": 0,
  "password": null
}