{
  "id": "gen9championsvgc2026regma-2585010307",
  "format": "[Gen 9 Champions] VGC 2026 Reg M-A",
  "players": [
    "Zzzzuwu",
    "sumrekoirl"
  ],
  "log": "|j|\u2606Zzzzuwu\n|j|\u2606sumrekoirl\n|t:|1776303054\n|gametype|doubles\n|player|p1|Zzzzuwu|iris-gen5bw2|\n|player|p2|sumrekoirl|265|\n|gen|9\n|tier|[Gen 9 Champions] VGC 2026 Reg M-A\n|rule|Species Clause: Limit one of each Pok\u00e9mon\n|rule|Item Clause: Limit 1 of each item\n|clearpoke\n|poke|p1|Scovillain, L50, M|\n|poke|p1|Ariados, L50, F|\n|poke|p1|Torkoal, L50, F|\n|poke|p1|Avalugg-Hisui, L50, F|\n|poke|p1|Espathra, L50, F|\n|poke|p1|Drampa, L50, F|\n|poke|p2|Sneasler, L50, F|\n|poke|p2|Spiritomb, L50, F|\n|poke|p2|Meganium, L50, F|\n|poke|p2|Azumarill, L50, F|\n|poke|p2|Gourgeist-*, L50, M|\n|poke|p2|Pelipper, L50, F|\n|teampreview|4\n|\n|t:|1776303080\n|teamsize|p1|4\n|teamsize|p2|4\n|start\n|switch|p1a: yeowch|Scovillain, L50, M|100/100\n|switch|p1b: good day sir|Drampa, L50, F|100/100\n|switch|p2a: GET CROWBAR'D|Sneasler, L50, F|100/100\n|switch|p2b: Bungus|Meganium, L50, F|100/100\n|-ability|p1b: good day sir|Cloud Nine\n|turn|1\n|\n|t:|1776303112\n|detailschange|p2b: Bungus|Meganium-Mega, L50, F\n|-mega|p2b: Bungus|Meganium|Meganiumite\n|detailschange|p1a: yeowch|Scovillain-Mega, L50, M\n|-mega|p1a: yeowch|Scovillain|Scovillainite\n|move|p2a: GET CROWBAR'D|Fake Out|p1a: yeowch\n|-damage|p1a: yeowch|84/100\n|-status|p2a: GET CROWBAR'D|brn|[from] ability: Spicy Spray|[of] p1a: yeowch\n|move|p2b: Bungus|Dazzling Gleam|p1b: good day sir|[spread] p1a,p1b\n|-resisted|p1a: yeowch|1\n|-supereffective|p1b: good day sir|1\n|-damage|p1a: yeowch|63/100\n|-damage|p1b: good day sir|22/100\n|-status|p2b: Bungus|brn|[from] ability: Spicy Spray|[of] p1a: yeowch\n|cant|p1a: yeowch|flinch\n|move|p1b: good day sir|Tri Attack|p2b: Bungus\n|-damage|p2b: Bungus|56/100 brn\n|\n|-damage|p2a: GET CROWBAR'D|95/100 brn|[from] brn\n|-damage|p2b: Bungus|50/100 brn|[from] brn\n|upkeep\n|turn|2\n|\n|t:|1776303147\n|move|p2a: GET CROWBAR'D|Fling|p1a: yeowch\n|-damage|p1a: yeowch|58/100\n|-status|p1a: yeowch|par\n|-enditem|p2a: GET CROWBAR'D|Light Ball|[from] move: Fling\n|move|p2b: Bungus|Synthesis|p2b: Bungus\n|-heal|p2b: Bungus|100/100 brn\n|move|p1a: yeowch|Swagger|p2a: GET CROWBAR'D\n|-boost|p2a: GET CROWBAR'D|atk|2\n|-start|p2a: GET CROWBAR'D|confusion\n|move|p1b: good day sir|Facade|p2b: Bungus\n|-damage|p2b: Bungus|83/100 brn\n|\n|-damage|p2a: GET CROWBAR'D|89/100 brn|[from] brn\n|-damage|p2b: Bungus|77/100 brn|[from] brn\n|upkeep\n|turn|3\n|\n|t:|1776303191\n|switch|p2a: Boogie Woogie|Spiritomb, L50, F|100/100\n|move|p2b: Bungus|Dazzling Gleam|p1a: yeowch|[spread] p1a,p1b\n|-resisted|p1a: yeowch|1\n|-supereffective|p1b: good day sir|1\n|-damage|p1a: yeowch|38/100 par\n|-damage|p1b: good day sir|0 fnt\n|faint|p1b: good day sir\n|move|p1a: yeowch|Swagger|p2a: Boogie Woogie\n|-boost|p2a: Boogie Woogie|atk|2\n|-start|p2a: Boogie Woogie|confusion\n|\n|-damage|p2b: Bungus|71/100 brn|[from] brn\n|upkeep\n|\n|t:|1776303204\n|switch|p1b: ice with dirt|Avalugg-Hisui, L50, F|100/100\n|turn|4\n|\n|t:|1776303223\n|move|p2b: Bungus|Weather Ball|p1b: ice with dirt\n|-ability|p1b: ice with dirt|Sturdy\n|-damage|p1b: ice with dirt|1/100\n|move|p1b: ice with dirt|Ice Spinner|p2a: Boogie Woogie\n|-damage|p2a: Boogie Woogie|56/100\n|move|p1a: yeowch|Substitute|p1a: yeowch\n|-start|p1a: yeowch|Substitute\n|-damage|p1a: yeowch|13/100 par\n|-activate|p2a: Boogie Woogie|confusion\n|move|p2a: Boogie Woogie|Hex|p1a: yeowch\n|-damage|p1a: yeowch|0 fnt\n|-status|p2a: Boogie Woogie|brn|[from] ability: Spicy Spray|[of] p1a: yeowch\n|faint|p1a: yeowch\n|\n|-heal|p1b: ice with dirt|7/100|[from] item: Leftovers\n|-heal|p2a: Boogie Woogie|62/100 brn|[from] item: Leftovers\n|-damage|p2b: Bungus|66/100 brn|[from] brn\n|-damage|p2a: Boogie Woogie|56/100 brn|[from] brn\n|upkeep\n|\n|t:|1776303239\n|switch|p1a: HES BACK|Torkoal, L50, F|100/100\n|turn|5\n|\n|t:|1776303253\n|-activate|p2a: Boogie Woogie|confusion\n|-damage|p2a: Boogie Woogie|37/100 brn|[from] confusion\n|move|p2b: Bungus|Synthesis|p2b: Bungus\n|-heal|p2b: Bungus|100/100 brn\n|move|p1b: ice with dirt|Mountain Gale|p2b: Bungus\n|-supereffective|p2b: Bungus|1\n|-damage|p2b: Bungus|0 fnt\n|faint|p2b: Bungus\n|move|p1a: HES BACK|Eruption|p2a: Boogie Woogie\n|-crit|p2a: Boogie Woogie\n|-damage|p2a: Boogie Woogie|0 fnt\n|faint|p2a: Boogie Woogie\n|\n|-heal|p1b: ice with dirt|13/100|[from] item: Leftovers\n|upkeep\n|\n|t:|1776303260\n|switch|p2b: GET CROWBAR'D|Sneasler, L50, F|89/100 brn\n|switch|p2a: CUPCAKES !!|Gourgeist-Small, L50, M|100/100\n|-item|p1a: HES BACK|Quick Claw|[from] ability: Frisk|[of] p2a: CUPCAKES !!\n|-item|p1b: ice with dirt|Leftovers|[from] ability: Frisk|[of] p2a: CUPCAKES !!\n|turn|6\n|-activate|p1a: HES BACK|item: Quick Claw\n|\n|t:|1776303289\n|move|p1a: HES BACK|Eruption|p2a: CUPCAKES !!|[spread] p2a,p2b\n|-supereffective|p2a: CUPCAKES !!|1\n|-damage|p2a: CUPCAKES !!|0 fnt\n|-damage|p2b: GET CROWBAR'D|42/100 brn\n|faint|p2a: CUPCAKES !!\n|move|p2b: GET CROWBAR'D|Brick Break|p1b: ice with dirt\n|-supereffective|p1b: ice with dirt|2\n|-damage|p1b: ice with dirt|0 fnt\n|faint|p1b: ice with dirt\n|\n|-damage|p2b: GET CROWBAR'D|37/100 brn|[from] brn\n|upkeep\n|turn|7\n|\n|t:|1776303307\n|move|p2b: GET CROWBAR'D|Acrobatics|p1a: HES BACK\n|-damage|p1a: HES BACK|88/100\n|move|p1a: HES BACK|Eruption|p2b: GET CROWBAR'D\n|-damage|p2b: GET CROWBAR'D|0 fnt\n|faint|p2b: GET CROWBAR'D\n|\n|win|Zzzzuwu\n",
  "uploadtime": 1776303312,
  "views": 19,
  "formatid": "gen9championsvgc2026regma",
  "rating": null,
  "private": 0,
  "password": null
}