{
  "id": "gen9championsvgc2026regma-2583529480",
  "format": "[Gen 9 Champions] VGC 2026 Reg M-A",
  "players": [
    "HL SIGNAL",
    "no1.pokemon"
  ],
  "log": "|j|\u2606HL SIGNAL\n|j|\u2606no1.pokemon\n|t:|1776181413\n|gametype|doubles\n|player|p1|HL SIGNAL|drayden|1219\n|player|p2|no1.pokemon|alec-anime|1193\n|gen|9\n|tier|[Gen 9 Champions] VGC 2026 Reg M-A\n|rated|\n|rule|Species Clause: Limit one of each Pok\u00e9mon\n|rule|Item Clause: Limit 1 of each item\n|clearpoke\n|poke|p1|Pelipper, L50, M|\n|poke|p1|Basculegion, L50, M|\n|poke|p1|Archaludon, L50, M|\n|poke|p1|Floette-Eternal, L50, F|\n|poke|p1|Sinistcha, L50|\n|poke|p1|Incineroar, L50, F|\n|poke|p2|Garchomp, L50, M|\n|poke|p2|Whimsicott, L50, F|\n|poke|p2|Incineroar, L50, M|\n|poke|p2|Charizard, L50, F|\n|poke|p2|Lucario, L50, M|\n|poke|p2|Venusaur, L50, F|\n|teampreview|4\n|inactive|Battle timer is ON: inactive players will automatically lose when time's up. (requested by no1.pokemon)\n|inactive|HL SIGNAL has 60 seconds left.\n|\n|t:|1776181444\n|teamsize|p1|4\n|teamsize|p2|4\n|start\n|switch|p1a: Pelipper|Pelipper, L50, M|100/100\n|switch|p1b: Incineroar|Incineroar, L50, F|100/100\n|switch|p2a: Lucario|Lucario, L50, M|100/100\n|switch|p2b: Whimsicott|Whimsicott, L50, F, shiny|100/100\n|-weather|RainDance|[from] ability: Drizzle|[of] p1a: Pelipper\n|-ability|p1b: Incineroar|Intimidate|boost\n|-unboost|p2a: Lucario|atk|1\n|-unboost|p2b: Whimsicott|atk|1\n|turn|1\n|\n|t:|1776181465\n|move|p2a: Lucario|Protect|p2a: Lucario\n|-singleturn|p2a: Lucario|Protect\n|move|p1b: Incineroar|Fake Out|p2b: Whimsicott\n|-damage|p2b: Whimsicott|82/100\n|cant|p2b: Whimsicott|flinch\n|move|p1a: Pelipper|Tailwind|p1a: Pelipper\n|-sidestart|p1: HL SIGNAL|move: Tailwind\n|\n|-weather|RainDance|[upkeep]\n|upkeep\n|turn|2\n|\n|t:|1776181482\n|move|p2b: Whimsicott|Tailwind|p2b: Whimsicott\n|-sidestart|p2: no1.pokemon|move: Tailwind\n|move|p2a: Lucario|Rock Slide|p1a: Pelipper|[spread] p1a,p1b\n|-supereffective|p1a: Pelipper|1\n|-supereffective|p1b: Incineroar|1\n|-damage|p1a: Pelipper|77/100\n|-damage|p1b: Incineroar|83/100\n|move|p1a: Pelipper|Hurricane|p2b: Whimsicott\n|-supereffective|p2b: Whimsicott|1\n|-damage|p2b: Whimsicott|0 fnt\n|faint|p2b: Whimsicott\n|cant|p1b: Incineroar|flinch\n|\n|-weather|RainDance|[upkeep]\n|upkeep\n|inactive|no1.pokemon has 30 seconds left.\n|\n|t:|1776181514\n|switch|p2b: Charizard|Charizard, L50, F, shiny|100/100\n|turn|3\n|inactive|no1.pokemon has 30 seconds left.\n|inactive|no1.pokemon has 20 seconds left.\n|\n|t:|1776181556\n|switch|p1a: Basculegion|Basculegion, L50, M|100/100\n|detailschange|p2b: Charizard|Charizard-Mega-Y, L50, F, shiny\n|-mega|p2b: Charizard|Charizard|Charizardite Y\n|-weather|SunnyDay|[from] ability: Drought|[of] p2b: Charizard\n|move|p2b: Charizard|Solar Beam||[still]\n|-prepare|p2b: Charizard|Solar Beam\n|-anim|p2b: Charizard|Solar Beam|p1a: Basculegion\n|-supereffective|p1a: Basculegion|1\n|-damage|p1a: Basculegion|0 fnt\n|faint|p1a: Basculegion\n|move|p2a: Lucario|Rock Slide|p1b: Incineroar|[miss]\n|-miss|p2a: Lucario|p1b: Incineroar\n|move|p1b: Incineroar|Parting Shot|p2b: Charizard\n|-unboost|p2b: Charizard|atk|1\n|-unboost|p2b: Charizard|spa|1\n|\n|t:|1776181576\n|switch|p1b: Pelipper|Pelipper, L50, M|77/100|[from] Parting Shot\n|-weather|RainDance|[from] ability: Drizzle|[of] p1b: Pelipper\n|\n|-weather|RainDance|[upkeep]\n|upkeep\n|\n|t:|1776181583\n|switch|p1a: Archaludon|Archaludon, L50, M|100/100\n|turn|4\n|\n|t:|1776181593\n|switch|p2b: Venusaur|Venusaur, L50, F|100/100\n|move|p2a: Lucario|Protect|p2a: Lucario\n|-singleturn|p2a: Lucario|Protect\n|move|p1a: Archaludon|Electro Shot||[still]\n|-prepare|p1a: Archaludon|Electro Shot\n|-boost|p1a: Archaludon|spa|1\n|-anim|p1a: Archaludon|Electro Shot|p2b: Venusaur\n|-resisted|p2b: Venusaur|1\n|-damage|p2b: Venusaur|66/100\n|move|p1b: Pelipper|Hurricane|p2a: Lucario\n|-activate|p2a: Lucario|move: Protect\n|\n|-weather|RainDance|[upkeep]\n|-heal|p2b: Venusaur|72/100|[from] item: Leftovers\n|-sideend|p1: HL SIGNAL|move: Tailwind\n|upkeep\n|turn|5\n|inactive|HL SIGNAL has 30 seconds left.\n|\n|t:|1776181623\n|switch|p2a: Charizard|Charizard-Mega-Y, L50, F, shiny|100/100\n|-weather|SunnyDay|[from] ability: Drought|[of] p2a: Charizard\n|move|p1a: Archaludon|Protect|p1a: Archaludon\n|-singleturn|p1a: Archaludon|Protect\n|move|p2b: Venusaur|Sleep Powder|p1a: Archaludon\n|-activate|p1a: Archaludon|move: Protect\n|move|p1b: Pelipper|Tailwind|p1b: Pelipper\n|-sidestart|p1: HL SIGNAL|move: Tailwind\n|\n|-weather|SunnyDay|[upkeep]\n|-heal|p2b: Venusaur|78/100|[from] item: Leftovers\n|-sideend|p2: no1.pokemon|move: Tailwind\n|upkeep\n|turn|6\n|\n|t:|1776181647\n|move|p1a: Archaludon|Draco Meteor|p2a: Charizard\n|-damage|p2a: Charizard|0 fnt\n|-unboost|p1a: Archaludon|spa|2\n|faint|p2a: Charizard\n|move|p1b: Pelipper|Weather Ball|p2b: Venusaur\n|-supereffective|p2b: Venusaur|1\n|-damage|p2b: Venusaur|0 fnt\n|faint|p2b: Venusaur\n|\n|-weather|SunnyDay|[upkeep]\n|upkeep\n|-message|no1.pokemon forfeited.\n|\n|win|HL SIGNAL\n|raw|HL SIGNAL's rating: 1219 &rarr; <strong>1244</strong><br />(+25 for winning)\n|raw|no1.pokemon's rating: 1215 &rarr; <strong>1190</strong><br />(-25 for losing)\n|l|\u2606no1.pokemon\n|player|p2|\n",
  "uploadtime": 1776181676,
  "views": 16,
  "formatid": "gen9championsvgc2026regma",
  "rating": 1190,
  "private": 0,
  "password": null
}