{
  "id": "gen9championsvgc2026regma-2581908314",
  "format": "[Gen 9 Champions] VGC 2026 Reg M-A",
  "players": [
    "Sevaunn",
    "ParadoxPerry"
  ],
  "log": "|j|\u2606Sevaunn\n|j|\u2606ParadoxPerry\n|t:|1776038753\n|gametype|doubles\n|player|p1|Sevaunn|hilbert|1228\n|player|p2|ParadoxPerry|guitarist|1316\n|gen|9\n|tier|[Gen 9 Champions] VGC 2026 Reg M-A\n|rated|\n|rule|Species Clause: Limit one of each Pok\u00e9mon\n|rule|Item Clause: Limit 1 of each item\n|clearpoke\n|poke|p1|Excadrill, L50, F|\n|poke|p1|Tyranitar, L50, M|\n|poke|p1|Gyarados, L50, M|\n|poke|p1|Raichu, L50, M|\n|poke|p1|Dragonite, L50, F|\n|poke|p1|Primarina, L50, F|\n|poke|p2|Aerodactyl, L50, F|\n|poke|p2|Meowscarada, L50, F|\n|poke|p2|Floette-Eternal, L50, F|\n|poke|p2|Maushold, L50|\n|poke|p2|Basculegion, L50, M|\n|poke|p2|Sneasler, L50, M|\n|teampreview|4\n|inactive|Battle timer is ON: inactive players will automatically lose when time's up. (requested by ParadoxPerry)\n|inactive|Sevaunn has 60 seconds left.\n|inactive|ParadoxPerry has 60 seconds left.\n|\n|t:|1776038791\n|teamsize|p1|4\n|teamsize|p2|4\n|start\n|switch|p1a: AY|Raichu, L50, M|100/100\n|switch|p1b: D.DAWG|Dragonite, L50, F|100/100\n|switch|p2a: Aerodactyl|Aerodactyl, L50, F|100/100\n|switch|p2b: Sneasler|Sneasler, L50, M|100/100\n|-ability|p2a: Aerodactyl|Unnerve\n|turn|1\n|\n|t:|1776038803\n|move|p2b: Sneasler|Fake Out|p1a: AY\n|-damage|p1a: AY|73/100\n|cant|p1a: AY|flinch\n|move|p2a: Aerodactyl|Tailwind|p2a: Aerodactyl\n|-sidestart|p2: ParadoxPerry|move: Tailwind\n|move|p1b: D.DAWG|Dragon Dance|p1b: D.DAWG\n|-boost|p1b: D.DAWG|atk|1\n|-boost|p1b: D.DAWG|spe|1\n|\n|upkeep\n|turn|2\n|\n|t:|1776038818\n|switch|p1a: GYARBEAR|Gyarados, L50, M|100/100\n|-ability|p1a: GYARBEAR|Intimidate|boost\n|-unboost|p2a: Aerodactyl|atk|1\n|-unboost|p2b: Sneasler|atk|1\n|-enditem|p2b: Sneasler|White Herb\n|-clearnegativeboost|p2b: Sneasler|[silent]\n|move|p2b: Sneasler|Dire Claw|p1a: GYARBEAR\n|-crit|p1a: GYARBEAR\n|-damage|p1a: GYARBEAR|46/100\n|move|p2a: Aerodactyl|Rock Slide|p1b: D.DAWG|[spread] p1b\n|-miss|p2a: Aerodactyl|p1a: GYARBEAR\n|-supereffective|p1b: D.DAWG|1\n|-damage|p1b: D.DAWG|68/100\n|move|p1b: D.DAWG|Tailwind|p1b: D.DAWG\n|-sidestart|p1: Sevaunn|move: Tailwind\n|\n|upkeep\n|turn|3\n|\n|t:|1776038834\n|move|p2b: Sneasler|Dire Claw|p1b: D.DAWG\n|-damage|p1b: D.DAWG|25/100\n|move|p2a: Aerodactyl|Rock Slide|p1b: D.DAWG|[spread] p1b\n|-miss|p2a: Aerodactyl|p1a: GYARBEAR\n|-supereffective|p1b: D.DAWG|1\n|-damage|p1b: D.DAWG|0 fnt\n|faint|p1b: D.DAWG\n|move|p1a: GYARBEAR|Icy Wind|p2b: Sneasler|[spread] p2a,p2b\n|-supereffective|p2a: Aerodactyl|1\n|-damage|p2a: Aerodactyl|82/100\n|-damage|p2b: Sneasler|93/100\n|-unboost|p2a: Aerodactyl|spe|1\n|-unboost|p2b: Sneasler|spe|1\n|\n|upkeep\n|\n|t:|1776038842\n|switch|p1b: HONKAHONKA|Primarina, L50, F|100/100\n|turn|4\n|\n|t:|1776038849\n|move|p2b: Sneasler|Dire Claw|p1b: HONKAHONKA\n|-supereffective|p1b: HONKAHONKA|1\n|-damage|p1b: HONKAHONKA|0 fnt\n|faint|p1b: HONKAHONKA\n|move|p2a: Aerodactyl|Rock Slide|p1a: GYARBEAR\n|-supereffective|p1a: GYARBEAR|1\n|-crit|p1a: GYARBEAR\n|-damage|p1a: GYARBEAR|0 fnt\n|faint|p1a: GYARBEAR\n|\n|-sideend|p2: ParadoxPerry|move: Tailwind\n|upkeep\n|\n|t:|1776038874\n|switch|p1b: AY|Raichu, L50, M|73/100\n|turn|5\n|c|\u2606Sevaunn|ny my berry didnt proc????\n|\n|t:|1776038895\n|switch|p2a: Meowscarada|Meowscarada, L50, F|100/100\n|move|p2b: Sneasler|Protect|p2b: Sneasler\n|-singleturn|p2b: Sneasler|Protect\n|move|p1b: AY|Volt Switch|p2a: Meowscarada\n|-resisted|p2a: Meowscarada|1\n|-damage|p2a: Meowscarada|79/100\n|\n|-sideend|p1: Sevaunn|move: Tailwind\n|upkeep\n|turn|6\n|inactive|Sevaunn has 30 seconds left.\n|inactive|Sevaunn has 20 seconds left.\n|inactive|Sevaunn has 15 seconds left.\n|c|\u2606ParadoxPerry|Aero has unnerve\n|inactive|Sevaunn has 10 seconds left.\n|inactive|Sevaunn has 5 seconds left.\n|\n|t:|1776038951\n|move|p2b: Sneasler|Dire Claw|p1b: AY\n|-damage|p1b: AY|0 fnt\n|faint|p1b: AY\n|\n|win|ParadoxPerry\n|raw|Sevaunn's rating: 1197 &rarr; <strong>1180</strong><br />(-17 for losing)\n|raw|ParadoxPerry's rating: 1316 &rarr; <strong>1329</strong><br />(+13 for winning)\n",
  "uploadtime": 1776038968,
  "views": 13,
  "formatid": "gen9championsvgc2026regma",
  "rating": 1180,
  "private": 0,
  "password": null
}