{
  "id": "gen9championsvgc2026regma-2584236020",
  "format": "[Gen 9 Champions] VGC 2026 Reg M-A",
  "players": [
    "NEONxTOKYO",
    "EnbyFlavoredSparky"
  ],
  "log": "|j|\u2606NEONxTOKYO\n|j|\u2606EnbyFlavoredSparky\n|t:|1776241595\n|gametype|doubles\n|player|p1|NEONxTOKYO|unknown|1315\n|player|p2|EnbyFlavoredSparky|lillie-masters2|1222\n|gen|9\n|tier|[Gen 9 Champions] VGC 2026 Reg M-A\n|rated|\n|rule|Species Clause: Limit one of each Pok\u00e9mon\n|rule|Item Clause: Limit 1 of each item\n|clearpoke\n|poke|p1|Garchomp, L50, M|\n|poke|p1|Tyranitar, L50, M|\n|poke|p1|Excadrill, L50, F|\n|poke|p1|Corviknight, L50, M|\n|poke|p1|Rotom-Wash, L50|\n|poke|p1|Archaludon, L50, F|\n|poke|p2|Delphox, L50, F|\n|poke|p2|Whimsicott, L50, M|\n|poke|p2|Incineroar, L50, M|\n|poke|p2|Ninetales, L50, F|\n|poke|p2|Sneasler, L50, M|\n|poke|p2|Orthworm, L50, M|\n|teampreview|4\n|inactive|Battle timer is ON: inactive players will automatically lose when time's up. (requested by EnbyFlavoredSparky)\n|inactive|EnbyFlavoredSparky has 60 seconds left.\n|\n|t:|1776241627\n|teamsize|p1|4\n|teamsize|p2|4\n|start\n|switch|p1a: Tyranitar|Tyranitar, L50, M|100/100\n|switch|p1b: Rotom|Rotom-Wash, L50|100/100\n|switch|p2a: Orthworm|Orthworm, L50, M|100/100\n|switch|p2b: Whimsicott|Whimsicott, L50, M|100/100\n|-weather|Sandstorm|[from] ability: Sand Stream|[of] p1a: Tyranitar\n|turn|1\n|inactive|NEONxTOKYO has 30 seconds left.\n|inactive|NEONxTOKYO has 20 seconds left.\n|\n|t:|1776241662\n|detailschange|p1a: Tyranitar|Tyranitar-Mega, L50, M\n|-mega|p1a: Tyranitar|Tyranitar|Tyranitarite\n|move|p2b: Whimsicott|Sunny Day|p2b: Whimsicott\n|-weather|SunnyDay\n|move|p1b: Rotom|Will-O-Wisp|p2a: Orthworm\n|-status|p2a: Orthworm|brn\n|move|p1a: Tyranitar|Rock Slide|p2b: Whimsicott|[spread] p2a,p2b\n|-resisted|p2a: Orthworm|1\n|-damage|p2a: Orthworm|90/100 brn\n|-damage|p2b: Whimsicott|51/100\n|cant|p2a: Orthworm|flinch\n|\n|-weather|SunnyDay|[upkeep]\n|-heal|p2a: Orthworm|96/100 brn|[from] item: Leftovers\n|-damage|p2a: Orthworm|90/100 brn|[from] brn\n|upkeep\n|turn|2\n|\n|t:|1776241679\n|switch|p1a: Corviknight|Corviknight, L50, M|100/100\n|move|p2b: Whimsicott|Protect|p2b: Whimsicott\n|-singleturn|p2b: Whimsicott|Protect\n|move|p1b: Rotom|Thunderbolt|p2b: Whimsicott\n|-activate|p2b: Whimsicott|move: Protect\n|move|p2a: Orthworm|Shed Tail|p2a: Orthworm\n|-start|p2a: Orthworm|Substitute|[from] move: Shed Tail\n|-damage|p2a: Orthworm|39/100 brn\n|\n|t:|1776241688\n|switch|p2a: Delphox|Delphox, L50, F|100/100|[from] Shed Tail\n|\n|-weather|SunnyDay|[upkeep]\n|upkeep\n|turn|3\n|\n|t:|1776241709\n|switch|p2b: Ninetales|Ninetales, L50, F|100/100\n|detailschange|p2a: Delphox|Delphox-Mega, L50, F\n|-mega|p2a: Delphox|Delphox|Delphoxite\n|move|p2a: Delphox|Nasty Plot|p2a: Delphox\n|-boost|p2a: Delphox|spa|2\n|move|p1b: Rotom|Hydro Pump|p2a: Delphox\n|-supereffective|p2a: Delphox|1\n|-end|p2a: Delphox|Substitute\n|move|p1a: Corviknight|Iron Defense|p1a: Corviknight\n|-boost|p1a: Corviknight|def|2\n|\n|-weather|SunnyDay|[upkeep]\n|upkeep\n|turn|4\n|\n|t:|1776241727\n|switch|p2b: Whimsicott|Whimsicott, L50, M|51/100\n|move|p1a: Corviknight|Protect|p1a: Corviknight\n|-singleturn|p1a: Corviknight|Protect\n|move|p2a: Delphox|Heat Wave|p1a: Corviknight|[spread] \n|-activate|p1a: Corviknight|move: Protect\n|-miss|p2a: Delphox|p1b: Rotom\n|move|p1b: Rotom|Hydro Pump|p2a: Delphox\n|-supereffective|p2a: Delphox|1\n|-damage|p2a: Delphox|49/100\n|\n|-weather|SunnyDay|[upkeep]\n|upkeep\n|turn|5\n|\n|t:|1776241749\n|move|p2b: Whimsicott|Tailwind|p2b: Whimsicott\n|-sidestart|p2: EnbyFlavoredSparky|move: Tailwind\n|move|p2a: Delphox|Psychic|p1b: Rotom\n|-damage|p1b: Rotom|0 fnt\n|faint|p1b: Rotom\n|move|p1a: Corviknight|Iron Defense|p1a: Corviknight\n|-boost|p1a: Corviknight|def|2\n|\n|-weather|none\n|upkeep\n|\n|t:|1776241759\n|switch|p1b: Tyranitar|Tyranitar-Mega, L50, M|100/100\n|-weather|Sandstorm|[from] ability: Sand Stream|[of] p1b: Tyranitar\n|turn|6\n|inactive|NEONxTOKYO has 30 seconds left.\n|\n|t:|1776241788\n|move|p2a: Delphox|Protect|p2a: Delphox\n|-singleturn|p2a: Delphox|Protect\n|move|p1a: Corviknight|Protect|p1a: Corviknight\n|-singleturn|p1a: Corviknight|Protect\n|move|p2b: Whimsicott|Sunny Day|p2b: Whimsicott\n|-weather|SunnyDay\n|move|p1b: Tyranitar|Rock Slide|p2b: Whimsicott|[spread] p2b\n|-activate|p2a: Delphox|move: Protect\n|-damage|p2b: Whimsicott|5/100\n|\n|-weather|SunnyDay|[upkeep]\n|upkeep\n|turn|7\n|\n|t:|1776241805\n|move|p2a: Delphox|Heat Wave|p1b: Tyranitar|[spread] p1a,p1b\n|-supereffective|p1a: Corviknight|1\n|-resisted|p1b: Tyranitar|1\n|-damage|p1a: Corviknight|0 fnt\n|-damage|p1b: Tyranitar|55/100\n|faint|p1a: Corviknight\n|move|p2b: Whimsicott|Moonblast|p1b: Tyranitar\n|-supereffective|p1b: Tyranitar|1\n|-damage|p1b: Tyranitar|12/100\n|move|p1b: Tyranitar|Rock Slide|p2b: Whimsicott|[spread] p2a,p2b\n|-supereffective|p2a: Delphox|1\n|-damage|p2a: Delphox|0 fnt\n|-damage|p2b: Whimsicott|0 fnt\n|faint|p2a: Delphox\n|faint|p2b: Whimsicott\n|\n|-weather|SunnyDay|[upkeep]\n|upkeep\n|\n|t:|1776241815\n|switch|p2a: Orthworm|Orthworm, L50, M|39/100 brn\n|switch|p2b: Ninetales|Ninetales, L50, F|100/100\n|switch|p1a: Excadrill|Excadrill, L50, F|100/100\n|turn|8\n|\n|t:|1776241830\n|move|p2b: Ninetales|Protect|p2b: Ninetales\n|-singleturn|p2b: Ninetales|Protect\n|move|p1a: Excadrill|Protect|p1a: Excadrill\n|-singleturn|p1a: Excadrill|Protect\n|move|p1b: Tyranitar|Protect|p1b: Tyranitar\n|-singleturn|p1b: Tyranitar|Protect\n|move|p2a: Orthworm|Bulldoze|p1b: Tyranitar|[spread] \n|-activate|p2b: Ninetales|move: Protect\n|-activate|p1a: Excadrill|move: Protect\n|-activate|p1b: Tyranitar|move: Protect\n|\n|-weather|SunnyDay|[upkeep]\n|-heal|p2a: Orthworm|46/100 brn|[from] item: Leftovers\n|-damage|p2a: Orthworm|39/100 brn|[from] brn\n|-sideend|p2: EnbyFlavoredSparky|move: Tailwind\n|upkeep\n|turn|9\n|\n|t:|1776241852\n|move|p2b: Ninetales|Encore|p1b: Tyranitar\n|-start|p1b: Tyranitar|Encore\n|move|p1b: Tyranitar|Protect||[still]\n|-fail|p1b: Tyranitar\n|move|p1a: Excadrill|Rock Slide|p2b: Ninetales|[spread] p2a,p2b\n|-resisted|p2a: Orthworm|1\n|-supereffective|p2b: Ninetales|1\n|-damage|p2a: Orthworm|34/100 brn\n|-damage|p2b: Ninetales|49/100\n|move|p2a: Orthworm|Body Press|p1a: Excadrill\n|-supereffective|p1a: Excadrill|1\n|-damage|p1a: Excadrill|53/100\n|\n|-weather|SunnyDay|[upkeep]\n|-heal|p2a: Orthworm|41/100 brn|[from] item: Leftovers\n|-damage|p2a: Orthworm|34/100 brn|[from] brn\n|upkeep\n|turn|10\n|\n|t:|1776241872\n|move|p1b: Tyranitar|Protect|p1b: Tyranitar\n|-singleturn|p1b: Tyranitar|Protect\n|move|p2b: Ninetales|Heat Wave|p1b: Tyranitar|[spread] p1a\n|-activate|p1b: Tyranitar|move: Protect\n|-supereffective|p1a: Excadrill|1\n|-damage|p1a: Excadrill|0 fnt\n|faint|p1a: Excadrill\n|move|p2a: Orthworm|Body Press|p1b: Tyranitar\n|-activate|p1b: Tyranitar|move: Protect\n|\n|-weather|none\n|-heal|p2a: Orthworm|41/100 brn|[from] item: Leftovers\n|-damage|p2a: Orthworm|34/100 brn|[from] brn\n|upkeep\n|turn|11\n|\n|t:|1776241884\n|move|p1b: Tyranitar|Protect|p1b: Tyranitar\n|-singleturn|p1b: Tyranitar|Protect\n|move|p2b: Ninetales|Heat Wave|p1b: Tyranitar\n|-activate|p1b: Tyranitar|move: Protect\n|move|p2a: Orthworm|Body Press|p1b: Tyranitar\n|-activate|p1b: Tyranitar|move: Protect\n|\n|-heal|p2a: Orthworm|41/100 brn|[from] item: Leftovers\n|-damage|p2a: Orthworm|34/100 brn|[from] brn\n|-end|p1b: Tyranitar|Encore\n|upkeep\n|turn|12\n|\n|t:|1776241888\n|move|p2b: Ninetales|Encore|p1b: Tyranitar\n|-start|p1b: Tyranitar|Encore\n|move|p1b: Tyranitar|Protect||[still]\n|-fail|p1b: Tyranitar\n|move|p2a: Orthworm|Body Press|p1b: Tyranitar\n|-supereffective|p1b: Tyranitar|2\n|-damage|p1b: Tyranitar|0 fnt\n|faint|p1b: Tyranitar\n|\n|win|EnbyFlavoredSparky\n|raw|NEONxTOKYO's rating: 1315 &rarr; <strong>1290</strong><br />(-25 for losing)\n|raw|EnbyFlavoredSparky's rating: 1222 &rarr; <strong>1254</strong><br />(+32 for winning)\n|l|\u2606NEONxTOKYO\n|player|p1|\n",
  "uploadtime": 1776241942,
  "views": 34,
  "formatid": "gen9championsvgc2026regma",
  "rating": 1254,
  "private": 0,
  "password": null
}