{
  "id": "gen9championsvgc2026regma-2581106667",
  "format": "[Gen 9 Champions] VGC 2026 Reg M-A",
  "players": [
    "MultiPokemon",
    "JohnScottRiley"
  ],
  "log": "|j|\u2606MultiPokemon\n|j|\u2606JohnScottRiley\n|t:|1775960473\n|gametype|doubles\n|player|p1|MultiPokemon|clerk|1314\n|player|p2|JohnScottRiley|266|1301\n|gen|9\n|tier|[Gen 9 Champions] VGC 2026 Reg M-A\n|rated|\n|rule|Species Clause: Limit one of each Pok\u00e9mon\n|rule|Item Clause: Limit 1 of each item\n|clearpoke\n|poke|p1|Ninetales-Alola, L50, M|\n|poke|p1|Arcanine-Hisui, L50, F|\n|poke|p1|Gengar, L50, M|\n|poke|p1|Garchomp, L50, M|\n|poke|p1|Rotom-Wash, L50|\n|poke|p1|Sneasler, L50, F|\n|poke|p2|Floette-Eternal, L50, F|\n|poke|p2|Aerodactyl, L50, F|\n|poke|p2|Sneasler, L50, F|\n|poke|p2|Rotom-Heat, L50|\n|poke|p2|Kingambit, L50, F|\n|poke|p2|Basculegion, L50, M|\n|teampreview|4\n|inactive|Battle timer is ON: inactive players will automatically lose when time's up. (requested by JohnScottRiley)\n|\n|t:|1775960511\n|teamsize|p1|4\n|teamsize|p2|4\n|start\n|switch|p1a: Sneasler|Sneasler, L50, F, shiny|100/100\n|switch|p1b: Ninetales|Ninetales-Alola, L50, M, shiny|100/100\n|switch|p2a: Basculegion|Basculegion, L50, M|100/100\n|switch|p2b: Floette|Floette-Eternal, L50, F|100/100\n|-weather|Snowscape|[from] ability: Snow Warning|[of] p1b: Ninetales\n|turn|1\n|\n|t:|1775960536\n|move|p1a: Sneasler|Protect|p1a: Sneasler\n|-singleturn|p1a: Sneasler|Protect\n|move|p2b: Floette|Protect|p2b: Floette\n|-singleturn|p2b: Floette|Protect\n|move|p1b: Ninetales|Aurora Veil|p1b: Ninetales\n|-sidestart|p1: MultiPokemon|move: Aurora Veil\n|move|p2a: Basculegion|Wave Crash|p1a: Sneasler\n|-activate|p1a: Sneasler|move: Protect\n|\n|-weather|Snowscape|[upkeep]\n|upkeep\n|turn|2\n|j| VantaGold\n|inactive|JohnScottRiley has 30 seconds left.\n|inactive|MultiPokemon has 30 seconds left.\n|\n|t:|1775960578\n|switch|p1b: Rotom|Rotom-Wash, L50, shiny|100/100\n|switch|p2b: Kingambit|Kingambit, L50, F|100/100\n|move|p1a: Sneasler|Dire Claw|p2b: Kingambit\n|-immune|p2b: Kingambit\n|move|p2a: Basculegion|Wave Crash|p1a: Sneasler\n|-damage|p1a: Sneasler|15/100\n|-damage|p2a: Basculegion|81/100|[from] Recoil\n|\n|-weather|Snowscape|[upkeep]\n|upkeep\n|turn|3\n|\n|t:|1775960601\n|move|p1a: Sneasler|Protect|p1a: Sneasler\n|-singleturn|p1a: Sneasler|Protect\n|move|p2b: Kingambit|Sucker Punch||[still]\n|-fail|p2b: Kingambit\n|move|p2a: Basculegion|Wave Crash|p1a: Sneasler\n|-activate|p1a: Sneasler|move: Protect\n|move|p1b: Rotom|Will-O-Wisp|p2b: Kingambit\n|-status|p2b: Kingambit|brn\n|\n|-weather|Snowscape|[upkeep]\n|-damage|p2b: Kingambit|95/100 brn|[from] brn\n|upkeep\n|turn|4\n|\n|t:|1775960621\n|switch|p1a: Ninetales|Ninetales-Alola, L50, M, shiny|100/100\n|move|p2b: Kingambit|Sucker Punch||[still]\n|-fail|p2b: Kingambit\n|move|p2a: Basculegion|Wave Crash|p1a: Ninetales\n|-damage|p1a: Ninetales|50/100\n|-damage|p2a: Basculegion|70/100|[from] Recoil\n|move|p1b: Rotom|Will-O-Wisp|p2a: Basculegion\n|-status|p2a: Basculegion|brn\n|\n|-weather|Snowscape|[upkeep]\n|-damage|p2a: Basculegion|63/100 brn|[from] brn\n|-damage|p2b: Kingambit|89/100 brn|[from] brn\n|upkeep\n|turn|5\n|j| gE1xjZRtuhW2DdT0AK\n|\n|t:|1775960645\n|move|p1a: Ninetales|Protect|p1a: Ninetales\n|-singleturn|p1a: Ninetales|Protect\n|move|p2a: Basculegion|Wave Crash|p1b: Rotom\n|-resisted|p1b: Rotom|1\n|-damage|p1b: Rotom|86/100\n|-damage|p2a: Basculegion|60/100 brn|[from] Recoil\n|move|p1b: Rotom|Volt Switch|p2a: Basculegion\n|-supereffective|p2a: Basculegion|1\n|-damage|p2a: Basculegion|7/100 brn\n|l| gE1xjZRtuhW2DdT0AK\n|\n|t:|1775960655\n|switch|p1b: Sneasler|Sneasler, L50, F, shiny|15/100|[from] Volt Switch\n|move|p2b: Kingambit|Iron Head|p1a: Ninetales\n|-activate|p1a: Ninetales|move: Protect\n|\n|-weather|none\n|-damage|p2a: Basculegion|1/100 brn|[from] brn\n|-damage|p2b: Kingambit|83/100 brn|[from] brn\n|-sideend|p1: MultiPokemon|move: Aurora Veil\n|upkeep\n|turn|6\n|inactive|JohnScottRiley has 30 seconds left.\n|\n|t:|1775960684\n|switch|p1a: Rotom|Rotom-Wash, L50, shiny|86/100\n|move|p1b: Sneasler|Protect|p1b: Sneasler\n|-singleturn|p1b: Sneasler|Protect\n|move|p2a: Basculegion|Wave Crash|p1a: Rotom\n|-resisted|p1a: Rotom|1\n|-damage|p1a: Rotom|65/100\n|-damage|p2a: Basculegion|0 fnt|[from] Recoil\n|faint|p2a: Basculegion\n|move|p2b: Kingambit|Iron Head|p1a: Rotom\n|-resisted|p1a: Rotom|2\n|-damage|p1a: Rotom|58/100\n|\n|-damage|p2b: Kingambit|77/100 brn|[from] brn\n|upkeep\n|\n|t:|1775960698\n|switch|p2a: Sneasler|Sneasler, L50, F|100/100\n|turn|7\n|\n|t:|1775960715\n|move|p2a: Sneasler|Fake Out|p1a: Rotom\n|-damage|p1a: Rotom|45/100\n|-enditem|p1a: Rotom|Sitrus Berry|[eat]\n|-heal|p1a: Rotom|70/100|[from] item: Sitrus Berry\n|move|p2b: Kingambit|Sucker Punch|p1b: Sneasler\n|-resisted|p1b: Sneasler|1\n|-damage|p1b: Sneasler|0 fnt\n|faint|p1b: Sneasler\n|cant|p1a: Rotom|flinch\n|\n|-damage|p2b: Kingambit|71/100 brn|[from] brn\n|upkeep\n|\n|t:|1775960731\n|switch|p1b: Ninetales|Ninetales-Alola, L50, M, shiny|50/100\n|-weather|Snowscape|[from] ability: Snow Warning|[of] p1b: Ninetales\n|turn|8\n|\n|t:|1775960743\n|move|p1b: Ninetales|Protect|p1b: Ninetales\n|-singleturn|p1b: Ninetales|Protect\n|move|p2b: Kingambit|Sucker Punch||[still]\n|-fail|p2b: Kingambit\n|move|p2a: Sneasler|Dire Claw|p1b: Ninetales\n|-activate|p1b: Ninetales|move: Protect\n|move|p1a: Rotom|Will-O-Wisp|p2a: Sneasler\n|-status|p2a: Sneasler|brn\n|\n|-weather|Snowscape|[upkeep]\n|-damage|p2a: Sneasler|95/100 brn|[from] brn\n|-damage|p2b: Kingambit|65/100 brn|[from] brn\n|upkeep\n|turn|9\n|\n|t:|1775960760\n|move|p2b: Kingambit|Sucker Punch|p1a: Rotom\n|-damage|p1a: Rotom|45/100\n|move|p1b: Ninetales|Aurora Veil|p1b: Ninetales\n|-sidestart|p1: MultiPokemon|move: Aurora Veil\n|move|p2a: Sneasler|Dire Claw|p1b: Ninetales\n|-supereffective|p1b: Ninetales|1\n|-damage|p1b: Ninetales|24/100\n|move|p1a: Rotom|Hydro Pump|p2b: Kingambit\n|-damage|p2b: Kingambit|24/100 brn\n|\n|-weather|Snowscape|[upkeep]\n|-damage|p2a: Sneasler|89/100 brn|[from] brn\n|-damage|p2b: Kingambit|19/100 brn|[from] brn\n|upkeep\n|turn|10\n|\n|t:|1775960778\n|move|p1b: Ninetales|Protect|p1b: Ninetales\n|-singleturn|p1b: Ninetales|Protect\n|move|p2a: Sneasler|Dire Claw|p1b: Ninetales\n|-activate|p1b: Ninetales|move: Protect\n|move|p1a: Rotom|Volt Switch|p2b: Kingambit\n|-damage|p2b: Kingambit|0 fnt\n|faint|p2b: Kingambit\n|\n|t:|1775960785\n|switch|p1a: Gengar|Gengar, L50, M, shiny|100/100|[from] Volt Switch\n|\n|-weather|Snowscape|[upkeep]\n|-damage|p2a: Sneasler|83/100 brn|[from] brn\n|upkeep\n|\n|t:|1775960794\n|switch|p2b: Floette|Floette-Eternal, L50, F|100/100\n|turn|11\n|l| VantaGold\n|inactive|JohnScottRiley has 30 seconds left.\n|\n|t:|1775960824\n|detailschange|p1a: Gengar|Gengar-Mega, L50, M, shiny\n|-mega|p1a: Gengar|Gengar|Gengarite\n|detailschange|p2b: Floette|Floette-Mega, L50, F\n|-mega|p2b: Floette|Floette|Floettite\n|-ability|p2b: Floette|Fairy Aura\n|move|p1a: Gengar|Sludge Bomb|p2b: Floette\n|-supereffective|p2b: Floette|1\n|-damage|p2b: Floette|16/100\n|move|p1b: Ninetales|Blizzard|p2a: Sneasler|[spread] p2a,p2b\n|-damage|p2a: Sneasler|46/100 brn\n|-damage|p2b: Floette|0 fnt\n|faint|p2b: Floette\n|move|p2a: Sneasler|Dire Claw|p1a: Gengar\n|-resisted|p1a: Gengar|2\n|-damage|p1a: Gengar|95/100\n|\n|-weather|Snowscape|[upkeep]\n|-damage|p2a: Sneasler|40/100 brn|[from] brn\n|upkeep\n|turn|12\n|-message|JohnScottRiley forfeited.\n|\n|win|MultiPokemon\n|raw|MultiPokemon's rating: 1314 &rarr; <strong>1333</strong><br />(+19 for winning)\n|raw|JohnScottRiley's rating: 1301 &rarr; <strong>1282</strong><br />(-19 for losing)\n|l|\u2606JohnScottRiley\n|player|p2|\n",
  "uploadtime": 1775960847,
  "views": 19,
  "formatid": "gen9championsvgc2026regma",
  "rating": 1282,
  "private": 0,
  "password": null
}