{
  "id": "gen9championsvgc2026regma-2586969080",
  "format": "[Gen 9 Champions] VGC 2026 Reg M-A",
  "players": [
    "vngaaa",
    "MegaAuraMaxxing"
  ],
  "log": "|j|\u2606vngaaa\n|j|\u2606MegaAuraMaxxing\n|t:|1776476712\n|gametype|doubles\n|player|p1|vngaaa|266|1210\n|player|p2|MegaAuraMaxxing|red|1318\n|gen|9\n|tier|[Gen 9 Champions] VGC 2026 Reg M-A\n|rated|\n|rule|Species Clause: Limit one of each Pok\u00e9mon\n|rule|Item Clause: Limit 1 of each item\n|clearpoke\n|poke|p1|Gardevoir, L50, F|\n|poke|p1|Whimsicott, L50, M|\n|poke|p1|Incineroar, L50, M|\n|poke|p1|Sneasler, L50, F|\n|poke|p1|Aerodactyl, L50, F|\n|poke|p1|Volcarona, L50, F|\n|poke|p2|Gengar, L50, F|\n|poke|p2|Lucario, L50, M|\n|poke|p2|Tyranitar, L50, F|\n|poke|p2|Rotom-Wash, L50|\n|poke|p2|Corviknight, L50, F|\n|poke|p2|Clefable, L50, F|\n|teampreview|4\n|\n|t:|1776476737\n|teamsize|p1|4\n|teamsize|p2|4\n|start\n|switch|p1a: Gardevoir|Gardevoir, L50, F|100/100\n|switch|p1b: Volcarona|Volcarona, L50, F|100/100\n|switch|p2a: Gengar|Gengar, L50, F|100/100\n|switch|p2b: Lucario|Lucario, L50, M|100/100\n|-ability|p1a: Gardevoir|Inner Focus|Trace|[from] ability: Trace|[of] p2b: Lucario\n|turn|1\n|\n|t:|1776476752\n|switch|p2b: Tyranitar|Tyranitar, L50, F|100/100\n|-weather|Sandstorm|[from] ability: Sand Stream|[of] p2b: Tyranitar\n|detailschange|p2a: Gengar|Gengar-Mega, L50, F\n|-mega|p2a: Gengar|Gengar|Gengarite\n|move|p1a: Gardevoir|Protect|p1a: Gardevoir\n|-singleturn|p1a: Gardevoir|Protect\n|move|p2a: Gengar|Icy Wind|p1a: Gardevoir|[spread] p1b\n|-activate|p1a: Gardevoir|move: Protect\n|-resisted|p1b: Volcarona|1\n|-damage|p1b: Volcarona|91/100\n|-unboost|p1b: Volcarona|spe|1\n|move|p1b: Volcarona|Tailwind|p1b: Volcarona\n|-sidestart|p1: vngaaa|move: Tailwind\n|\n|-weather|Sandstorm|[upkeep]\n|-damage|p1a: Gardevoir|95/100|[from] Sandstorm\n|-damage|p1b: Volcarona|85/100|[from] Sandstorm\n|-damage|p2a: Gengar|95/100|[from] Sandstorm\n|upkeep\n|turn|2\n|\n|t:|1776476774\n|detailschange|p1a: Gardevoir|Gardevoir-Mega, L50, F\n|-mega|p1a: Gardevoir|Gardevoir|Gardevoirite\n|move|p2b: Tyranitar|Protect|p2b: Tyranitar\n|-singleturn|p2b: Tyranitar|Protect\n|move|p1b: Volcarona|Rage Powder|p1b: Volcarona\n|-singleturn|p1b: Volcarona|move: Rage Powder\n|move|p1a: Gardevoir|Calm Mind|p1a: Gardevoir\n|-boost|p1a: Gardevoir|spa|1\n|-boost|p1a: Gardevoir|spd|1\n|move|p2a: Gengar|Icy Wind|p1b: Volcarona|[spread] p1a,p1b\n|-resisted|p1b: Volcarona|1\n|-damage|p1a: Gardevoir|84/100\n|-damage|p1b: Volcarona|76/100\n|-unboost|p1a: Gardevoir|spe|1\n|-unboost|p1b: Volcarona|spe|1\n|\n|-weather|Sandstorm|[upkeep]\n|-damage|p2a: Gengar|89/100|[from] Sandstorm\n|-damage|p1a: Gardevoir|79/100|[from] Sandstorm\n|-damage|p1b: Volcarona|70/100|[from] Sandstorm\n|upkeep\n|turn|3\n|\n|t:|1776476794\n|move|p1b: Volcarona|Rage Powder|p1b: Volcarona\n|-singleturn|p1b: Volcarona|move: Rage Powder\n|move|p2a: Gengar|Icy Wind|p1b: Volcarona|[spread] p1a,p1b\n|-resisted|p1b: Volcarona|1\n|-damage|p1a: Gardevoir|68/100\n|-damage|p1b: Volcarona|62/100\n|-unboost|p1a: Gardevoir|spe|1\n|-unboost|p1b: Volcarona|spe|1\n|move|p1a: Gardevoir|Hyper Voice|p2b: Tyranitar|[spread] p2a,p2b\n|-resisted|p2a: Gengar|1\n|-supereffective|p2b: Tyranitar|1\n|-damage|p2a: Gengar|28/100\n|-damage|p2b: Tyranitar|0 fnt\n|faint|p2b: Tyranitar\n|\n|-weather|Sandstorm|[upkeep]\n|-damage|p2a: Gengar|22/100|[from] Sandstorm\n|-damage|p1a: Gardevoir|62/100|[from] Sandstorm\n|-damage|p1b: Volcarona|56/100|[from] Sandstorm\n|upkeep\n|\n|t:|1776476800\n|switch|p2b: Lucario|Lucario, L50, M|100/100\n|turn|4\n|\n|t:|1776476811\n|move|p2b: Lucario|Protect|p2b: Lucario\n|-singleturn|p2b: Lucario|Protect\n|move|p1b: Volcarona|Rage Powder|p1b: Volcarona\n|-singleturn|p1b: Volcarona|move: Rage Powder\n|move|p2a: Gengar|Sludge Bomb|p1b: Volcarona\n|-damage|p1b: Volcarona|0 fnt\n|faint|p1b: Volcarona\n|move|p1a: Gardevoir|Hyper Voice|p2b: Lucario|[spread] p2a\n|-activate|p2b: Lucario|move: Protect\n|-resisted|p2a: Gengar|1\n|-damage|p2a: Gengar|0 fnt\n|faint|p2a: Gengar\n|\n|-weather|Sandstorm|[upkeep]\n|-damage|p1a: Gardevoir|56/100|[from] Sandstorm\n|-sideend|p1: vngaaa|move: Tailwind\n|upkeep\n|\n|t:|1776476825\n|switch|p2a: Corviknight|Corviknight, L50, F|100/100\n|switch|p1b: Incineroar|Incineroar, L50, M|100/100\n|-ability|p1b: Incineroar|Intimidate|boost\n|-ability|p2a: Corviknight|Mirror Armor\n|-unboost|p1b: Incineroar|atk|1\n|-fail|p2b: Lucario|unboost|Attack|[from] ability: Inner Focus|[of] p2b: Lucario\n|turn|5\n|\n|t:|1776476836\n|move|p1b: Incineroar|Fake Out|p2b: Lucario\n|-resisted|p2b: Lucario|1\n|-damage|p2b: Lucario|94/100\n|move|p2b: Lucario|Meteor Mash|p1a: Gardevoir\n|-supereffective|p1a: Gardevoir|1\n|-damage|p1a: Gardevoir|0 fnt\n|faint|p1a: Gardevoir\n|move|p2a: Corviknight|Iron Defense|p2a: Corviknight\n|-boost|p2a: Corviknight|def|2\n|\n|-weather|none\n|upkeep\n|\n|t:|1776476846\n|switch|p1a: Whimsicott|Whimsicott, L50, M|100/100\n|turn|6\n|\n|t:|1776476856\n|move|p1a: Whimsicott|Encore|p2a: Corviknight\n|-start|p2a: Corviknight|Encore\n|move|p2b: Lucario|Bullet Punch|p1a: Whimsicott\n|-supereffective|p1a: Whimsicott|1\n|-damage|p1a: Whimsicott|50/100\n|move|p2a: Corviknight|Iron Defense|p2a: Corviknight\n|-boost|p2a: Corviknight|def|2\n|move|p1b: Incineroar|Flare Blitz|p2b: Lucario\n|-supereffective|p2b: Lucario|1\n|-damage|p2b: Lucario|0 fnt\n|faint|p2b: Lucario\n|-damage|p1b: Incineroar|78/100|[from] Recoil\n|\n|-heal|p1b: Incineroar|84/100|[from] item: Leftovers\n|upkeep\n|turn|7\n|\n|t:|1776476878\n|move|p1a: Whimsicott|Fake Tears|p2a: Corviknight\n|-ability|p2a: Corviknight|Mirror Armor\n|-unboost|p1a: Whimsicott|spd|2\n|move|p2a: Corviknight|Iron Defense|p2a: Corviknight\n|-boost|p2a: Corviknight|def|2\n|move|p1b: Incineroar|Flare Blitz|p2a: Corviknight\n|-supereffective|p2a: Corviknight|1\n|-damage|p2a: Corviknight|83/100\n|-damage|p1b: Incineroar|78/100|[from] Recoil\n|\n|-heal|p2a: Corviknight|89/100|[from] item: Leftovers\n|-heal|p1b: Incineroar|84/100|[from] item: Leftovers\n|upkeep\n|turn|8\n|\n|t:|1776476898\n|move|p1a: Whimsicott|Moonblast|p2a: Corviknight\n|-resisted|p2a: Corviknight|1\n|-damage|p2a: Corviknight|78/100\n|move|p2a: Corviknight|Iron Defense|p2a: Corviknight\n|-boost|p2a: Corviknight|def|0\n|move|p1b: Incineroar|Flare Blitz|p2a: Corviknight\n|-supereffective|p2a: Corviknight|1\n|-damage|p2a: Corviknight|61/100\n|-damage|p1b: Incineroar|79/100|[from] Recoil\n|\n|-heal|p2a: Corviknight|67/100|[from] item: Leftovers\n|-heal|p1b: Incineroar|85/100|[from] item: Leftovers\n|-end|p2a: Corviknight|Encore\n|upkeep\n|turn|9\n|\n|t:|1776476914\n|move|p1a: Whimsicott|Encore|p2a: Corviknight\n|-start|p2a: Corviknight|Encore\n|move|p2a: Corviknight|Iron Defense|p2a: Corviknight\n|-boost|p2a: Corviknight|def|0\n|move|p1b: Incineroar|Flare Blitz|p2a: Corviknight\n|-supereffective|p2a: Corviknight|1\n|-damage|p2a: Corviknight|50/100\n|-damage|p1b: Incineroar|80/100|[from] Recoil\n|\n|-heal|p2a: Corviknight|56/100|[from] item: Leftovers\n|-heal|p1b: Incineroar|86/100|[from] item: Leftovers\n|upkeep\n|turn|10\n|\n|t:|1776476929\n|move|p1a: Whimsicott|Moonblast|p2a: Corviknight\n|-resisted|p2a: Corviknight|1\n|-damage|p2a: Corviknight|46/100\n|move|p2a: Corviknight|Iron Defense|p2a: Corviknight\n|-boost|p2a: Corviknight|def|0\n|move|p1b: Incineroar|Flare Blitz|p2a: Corviknight\n|-supereffective|p2a: Corviknight|1\n|-damage|p2a: Corviknight|28/100\n|-damage|p1b: Incineroar|80/100|[from] Recoil\n|\n|-heal|p2a: Corviknight|34/100|[from] item: Leftovers\n|-heal|p1b: Incineroar|86/100|[from] item: Leftovers\n|upkeep\n|turn|11\n|inactive|Battle timer is ON: inactive players will automatically lose when time's up. (requested by MegaAuraMaxxing)\n|\n|t:|1776476944\n|move|p1a: Whimsicott|Moonblast|p2a: Corviknight\n|-resisted|p2a: Corviknight|1\n|-damage|p2a: Corviknight|24/100\n|move|p2a: Corviknight|Iron Defense|p2a: Corviknight\n|-boost|p2a: Corviknight|def|0\n|move|p1b: Incineroar|Flare Blitz|p2a: Corviknight\n|-supereffective|p2a: Corviknight|1\n|-damage|p2a: Corviknight|7/100\n|-damage|p1b: Incineroar|81/100|[from] Recoil\n|\n|-heal|p2a: Corviknight|13/100|[from] item: Leftovers\n|-heal|p1b: Incineroar|87/100|[from] item: Leftovers\n|-end|p2a: Corviknight|Encore\n|upkeep\n|turn|12\n|\n|t:|1776476961\n|move|p1a: Whimsicott|Encore|p2a: Corviknight\n|-start|p2a: Corviknight|Encore\n|move|p2a: Corviknight|Iron Defense|p2a: Corviknight\n|-boost|p2a: Corviknight|def|0\n|move|p1b: Incineroar|Flare Blitz|p2a: Corviknight\n|-supereffective|p2a: Corviknight|1\n|-damage|p2a: Corviknight|0 fnt\n|faint|p2a: Corviknight\n|-damage|p1b: Incineroar|83/100|[from] Recoil\n|\n|win|vngaaa\n|raw|vngaaa's rating: 1210 &rarr; <strong>1243</strong><br />(+33 for winning)\n|raw|MegaAuraMaxxing's rating: 1318 &rarr; <strong>1292</strong><br />(-26 for losing)\n",
  "uploadtime": 1776476962,
  "views": 24,
  "formatid": "gen9championsvgc2026regma",
  "rating": 1243,
  "private": 0,
  "password": null
}