{
  "id": "gen9championsvgc2026regma-2583569189",
  "format": "[Gen 9 Champions] VGC 2026 Reg M-A",
  "players": [
    "DragonairJordan23",
    "Team Evasion Boss"
  ],
  "log": "|j|\u2606DragonairJordan23\n|j|\u2606Team Evasion Boss\n|t:|1776183889\n|gametype|doubles\n|player|p1|DragonairJordan23|dancer|1260\n|player|p2|Team Evasion Boss|chuck|1326\n|gen|9\n|tier|[Gen 9 Champions] VGC 2026 Reg M-A\n|rated|\n|rule|Species Clause: Limit one of each Pok\u00e9mon\n|rule|Item Clause: Limit 1 of each item\n|clearpoke\n|poke|p1|Oranguru, L50, M|\n|poke|p1|Ampharos, L50, F|\n|poke|p1|Sylveon, L50, M|\n|poke|p1|Incineroar, L50, F|\n|poke|p2|Aggron, L50, M|\n|poke|p2|Incineroar, L50, M|\n|poke|p2|Sinistcha, L50|\n|poke|p2|Sneasler, L50, M|\n|poke|p2|Palafin, L50, M|\n|poke|p2|Pelipper, L50, M|\n|teampreview|4\n|\n|t:|1776183928\n|teamsize|p1|4\n|teamsize|p2|4\n|start\n|switch|p1a: Sylveon|Sylveon, L50, M|100/100\n|switch|p1b: Incineroar|Incineroar, L50, F|100/100\n|switch|p2a: Behemoth|Aggron, L50, M|100/100\n|switch|p2b: Bonesaw|Incineroar, L50, M, shiny|100/100\n|-ability|p2b: Bonesaw|Intimidate|boost\n|-unboost|p1a: Sylveon|atk|1\n|-unboost|p1b: Incineroar|atk|1\n|-ability|p1b: Incineroar|Intimidate|boost\n|-unboost|p2a: Behemoth|atk|1\n|-unboost|p2b: Bonesaw|atk|1\n|turn|1\n|\n|t:|1776183987\n|detailschange|p2a: Behemoth|Aggron-Mega, L50, M\n|-mega|p2a: Behemoth|Aggron|Aggronite\n|move|p2b: Bonesaw|Fake Out|p1b: Incineroar\n|-damage|p1b: Incineroar|95/100\n|cant|p1b: Incineroar|flinch\n|move|p1a: Sylveon|Calm Mind|p1a: Sylveon\n|-boost|p1a: Sylveon|spa|1\n|-boost|p1a: Sylveon|spd|1\n|move|p2a: Behemoth|Iron Defense|p2a: Behemoth\n|-boost|p2a: Behemoth|def|2\n|\n|upkeep\n|turn|2\n|\n|t:|1776184009\n|move|p2b: Bonesaw|Parting Shot|p1a: Sylveon\n|-unboost|p1a: Sylveon|atk|1\n|-unboost|p1a: Sylveon|spa|1\n|\n|t:|1776184013\n|switch|p2b: Dr. Monster|Sneasler, L50, M|100/100|[from] Parting Shot\n|move|p1a: Sylveon|Baton Pass|p1a: Sylveon\n|\n|t:|1776184019\n|switch|p1a: Oranguru|Oranguru, L50, M|100/100|[from] Baton Pass\n|move|p1b: Incineroar|Parting Shot|p2a: Behemoth\n|-unboost|p2a: Behemoth|atk|1\n|-unboost|p2a: Behemoth|spa|1\n|\n|t:|1776184025\n|switch|p1b: Sylveon|Sylveon, L50, M|100/100|[from] Parting Shot\n|move|p2a: Behemoth|Heavy Slam|p1a: Oranguru\n|-damage|p1a: Oranguru|76/100\n|\n|upkeep\n|turn|3\n|\n|t:|1776184040\n|switch|p1b: Incineroar|Incineroar, L50, F|95/100\n|-ability|p1b: Incineroar|Intimidate|boost\n|-unboost|p2a: Behemoth|atk|1\n|-unboost|p2b: Dr. Monster|atk|1\n|move|p2b: Dr. Monster|Coaching|p2a: Behemoth\n|-boost|p2a: Behemoth|atk|1\n|-boost|p2a: Behemoth|def|1\n|move|p2a: Behemoth|Body Press|p1a: Oranguru\n|-damage|p1a: Oranguru|0 fnt\n|faint|p1a: Oranguru\n|\n|upkeep\n|\n|t:|1776184050\n|switch|p1a: Ampharos|Ampharos, L50, F|100/100\n|turn|4\n|\n|t:|1776184056\n|detailschange|p1a: Ampharos|Ampharos-Mega, L50, F\n|-mega|p1a: Ampharos|Ampharos|Ampharosite\n|-ability|p1a: Ampharos|Mold Breaker\n|move|p2b: Dr. Monster|Protect|p2b: Dr. Monster\n|-singleturn|p2b: Dr. Monster|Protect\n|move|p2a: Behemoth|Protect|p2a: Behemoth\n|-singleturn|p2a: Behemoth|Protect\n|move|p1b: Incineroar|Fake Out|p2a: Behemoth\n|-activate|p2a: Behemoth|move: Protect\n|move|p1a: Ampharos|Thunderbolt|p2a: Behemoth\n|-activate|p2a: Behemoth|move: Protect\n|\n|upkeep\n|turn|5\n|\n|t:|1776184076\n|switch|p2b: Bonesaw|Incineroar, L50, M, shiny|100/100\n|-ability|p2b: Bonesaw|Intimidate|boost\n|-unboost|p1a: Ampharos|atk|1\n|-unboost|p1b: Incineroar|atk|1\n|move|p1b: Incineroar|Flare Blitz|p2a: Behemoth\n|-supereffective|p2a: Behemoth|1\n|-damage|p2a: Behemoth|90/100\n|-damage|p1b: Incineroar|92/100|[from] Recoil\n|move|p2a: Behemoth|Body Press|p1b: Incineroar\n|-supereffective|p1b: Incineroar|1\n|-damage|p1b: Incineroar|0 fnt\n|faint|p1b: Incineroar\n|move|p1a: Ampharos|Thunderbolt|p2a: Behemoth\n|-damage|p2a: Behemoth|36/100\n|\n|upkeep\n|\n|t:|1776184089\n|switch|p1b: Sylveon|Sylveon, L50, M|100/100\n|turn|6\n|\n|t:|1776184097\n|move|p1b: Sylveon|Protect|p1b: Sylveon\n|-singleturn|p1b: Sylveon|Protect\n|move|p1a: Ampharos|Protect|p1a: Ampharos\n|-singleturn|p1a: Ampharos|Protect\n|move|p2b: Bonesaw|Fake Out|p1b: Sylveon\n|-activate|p1b: Sylveon|move: Protect\n|move|p2a: Behemoth|Body Press|p1a: Ampharos\n|-activate|p1a: Ampharos|move: Protect\n|\n|upkeep\n|turn|7\n|\n|t:|1776184108\n|move|p2a: Behemoth|Protect|p2a: Behemoth\n|-singleturn|p2a: Behemoth|Protect\n|move|p2b: Bonesaw|Snarl|p1b: Sylveon|[spread] p1a,p1b\n|-resisted|p1b: Sylveon|1\n|-damage|p1a: Ampharos|92/100\n|-damage|p1b: Sylveon|96/100\n|-unboost|p1a: Ampharos|spa|1\n|-unboost|p1b: Sylveon|spa|1\n|move|p1b: Sylveon|Hyper Voice|p2a: Behemoth|[spread] p2b\n|-activate|p2a: Behemoth|move: Protect\n|-damage|p2b: Bonesaw|79/100\n|move|p1a: Ampharos|Thunderbolt|p2a: Behemoth\n|-activate|p2a: Behemoth|move: Protect\n|\n|upkeep\n|turn|8\n|-message|DragonairJordan23 forfeited.\n|\n|win|Team Evasion Boss\n|raw|DragonairJordan23's rating: 1260 &rarr; <strong>1240</strong><br />(-20 for losing)\n|raw|Team Evasion Boss's rating: 1326 &rarr; <strong>1342</strong><br />(+16 for winning)\n",
  "uploadtime": 1776184116,
  "views": 19,
  "formatid": "gen9championsvgc2026regma",
  "rating": 1240,
  "private": 0,
  "password": null
}