{
  "id": "gen9championsvgc2026regma-2588388368",
  "format": "[Gen 9 Champions] VGC 2026 Reg M-A",
  "players": [
    "tessie123",
    "DavidTIS"
  ],
  "log": "|j|\u2606tessie123\n|j|\u2606DavidTIS\n|t:|1776629350\n|gametype|doubles\n|player|p1|tessie123|265|1021\n|player|p2|DavidTIS|1|1104\n|gen|9\n|tier|[Gen 9 Champions] VGC 2026 Reg M-A\n|rated|\n|rule|Species Clause: Limit one of each Pok\u00e9mon\n|rule|Item Clause: Limit 1 of each item\n|clearpoke\n|poke|p1|Drampa, L50, M|\n|poke|p1|Sinistcha, L50|\n|poke|p1|Corviknight, L50, M|\n|poke|p1|Pelipper, L50, M|\n|poke|p1|Basculegion, L50, M|\n|poke|p1|Incineroar, L50, M|\n|poke|p2|Starmie, L50|\n|poke|p2|Lucario, L50, M|\n|poke|p2|Lycanroc-Dusk, L50, M|\n|poke|p2|Hydreigon, L50, M|\n|poke|p2|Gengar, L50, F|\n|poke|p2|Tauros-Paldea-Aqua, L50, M|\n|teampreview|4\n|inactive|Battle timer is ON: inactive players will automatically lose when time's up. (requested by DavidTIS)\n|inactive|tessie123 has 60 seconds left.\n|inactive|DavidTIS has 60 seconds left.\n|inactive|tessie123 has 30 seconds left.\n|inactive|DavidTIS has 30 seconds left.\n|\n|t:|1776629415\n|teamsize|p1|4\n|teamsize|p2|4\n|start\n|switch|p1a: Basculegion|Basculegion, L50, M|100/100\n|switch|p1b: Drampa|Drampa, L50, M|100/100\n|switch|p2a: Hydreigon|Hydreigon, L50, M|100/100\n|switch|p2b: Lucario|Lucario, L50, M|100/100\n|-ability|p1b: Drampa|Cloud Nine\n|turn|1\n|\n|t:|1776629436\n|switch|p1b: Pelipper|Pelipper, L50, M|100/100\n|-weather|RainDance|[from] ability: Drizzle|[of] p1b: Pelipper\n|move|p1a: Basculegion|Flip Turn|p2a: Hydreigon\n|-resisted|p2a: Hydreigon|1\n|-damage|p2a: Hydreigon|65/100\n|\n|t:|1776629445\n|switch|p1a: Incineroar|Incineroar, L50, M|100/100|[from] Flip Turn\n|-ability|p1a: Incineroar|Intimidate|boost\n|-unboost|p2a: Hydreigon|atk|1\n|-fail|p2b: Lucario|unboost|Attack|[from] ability: Inner Focus|[of] p2b: Lucario\n|-enditem|p2a: Hydreigon|White Herb\n|-clearnegativeboost|p2a: Hydreigon|[silent]\n|move|p2a: Hydreigon|Draco Meteor|p1b: Pelipper\n|-damage|p1b: Pelipper|14/100\n|-unboost|p2a: Hydreigon|spa|2\n|move|p2b: Lucario|Dark Pulse|p1a: Incineroar\n|-resisted|p1a: Incineroar|1\n|-damage|p1a: Incineroar|90/100\n|\n|-weather|RainDance|[upkeep]\n|upkeep\n|turn|2\n|inactive|tessie123 has 30 seconds left.\n|\n|t:|1776629471\n|move|p1a: Incineroar|Fake Out|p2b: Lucario\n|-resisted|p2b: Lucario|1\n|-crit|p2b: Lucario\n|-damage|p2b: Lucario|87/100\n|move|p2a: Hydreigon|Tailwind|p2a: Hydreigon\n|-sidestart|p2: DavidTIS|move: Tailwind\n|move|p2b: Lucario|Aura Sphere|p1a: Incineroar\n|-supereffective|p1a: Incineroar|1\n|-enditem|p1a: Incineroar|Chople Berry|[eat]\n|-enditem|p1a: Incineroar|Chople Berry|[weaken]\n|-damage|p1a: Incineroar|51/100\n|move|p1b: Pelipper|Tailwind|p1b: Pelipper\n|-sidestart|p1: tessie123|move: Tailwind\n|\n|-weather|RainDance|[upkeep]\n|upkeep\n|turn|3\n|\n|t:|1776629493\n|switch|p2a: Tauros|Tauros-Paldea-Aqua, L50, M|100/100\n|-ability|p2a: Tauros|Intimidate|boost\n|-unboost|p1a: Incineroar|atk|1\n|-unboost|p1b: Pelipper|atk|1\n|switch|p1a: Basculegion|Basculegion, L50, M|100/100\n|move|p2b: Lucario|Aura Sphere|p1a: Basculegion\n|-immune|p1a: Basculegion\n|move|p1b: Pelipper|Weather Ball|p2b: Lucario\n|-damage|p2b: Lucario|0 fnt\n|faint|p2b: Lucario\n|\n|-weather|RainDance|[upkeep]\n|upkeep\n|\n|t:|1776629516\n|switch|p2b: Hydreigon|Hydreigon, L50, M|65/100\n|turn|4\n|\n|t:|1776629526\n|switch|p1b: Incineroar|Incineroar, L50, M|51/100\n|-ability|p1b: Incineroar|Intimidate|boost\n|-unboost|p2a: Tauros|atk|1\n|-unboost|p2b: Hydreigon|atk|1\n|move|p2b: Hydreigon|Protect|p2b: Hydreigon\n|-singleturn|p2b: Hydreigon|Protect\n|move|p2a: Tauros|Aqua Jet|p1b: Incineroar\n|-supereffective|p1b: Incineroar|1\n|-damage|p1b: Incineroar|18/100\n|move|p1a: Basculegion|Wave Crash|p2b: Hydreigon\n|-activate|p2b: Hydreigon|move: Protect\n|\n|-weather|RainDance|[upkeep]\n|upkeep\n|turn|5\n|\n|t:|1776629550\n|move|p1b: Incineroar|Fake Out|p2a: Tauros\n|-damage|p2a: Tauros|89/100\n|cant|p2a: Tauros|flinch\n|move|p1a: Basculegion|Wave Crash|p2b: Hydreigon\n|-resisted|p2b: Hydreigon|1\n|-crit|p2b: Hydreigon\n|-damage|p2b: Hydreigon|0 fnt\n|faint|p2b: Hydreigon\n|-damage|p1a: Basculegion|82/100|[from] Recoil\n|\n|-weather|none\n|-sideend|p2: DavidTIS|move: Tailwind\n|-sideend|p1: tessie123|move: Tailwind\n|upkeep\n|\n|t:|1776629562\n|switch|p2b: Gengar|Gengar, L50, F|100/100\n|turn|6\n|inactive|tessie123 has 30 seconds left.\n|inactive|DavidTIS has 30 seconds left.\n|inactive|tessie123 has 20 seconds left.\n|inactive|tessie123 has 15 seconds left.\n|\n|t:|1776629603\n|switch|p1b: Pelipper|Pelipper, L50, M|14/100\n|-weather|RainDance|[from] ability: Drizzle|[of] p1b: Pelipper\n|detailschange|p2b: Gengar|Gengar-Mega, L50, F\n|-mega|p2b: Gengar|Gengar|Gengarite\n|move|p2a: Tauros|Aqua Jet|p1b: Pelipper\n|-resisted|p1b: Pelipper|1\n|-damage|p1b: Pelipper|0 fnt\n|faint|p1b: Pelipper\n|move|p1a: Basculegion|Wave Crash|p2b: Gengar\n|-damage|p2b: Gengar|0 fnt\n|faint|p2b: Gengar\n|-damage|p1a: Basculegion|59/100|[from] Recoil\n|\n|-weather|RainDance|[upkeep]\n|upkeep\n|\n|t:|1776629616\n|switch|p1b: Incineroar|Incineroar, L50, M|18/100\n|-ability|p1b: Incineroar|Intimidate|boost\n|-unboost|p2a: Tauros|atk|1\n|turn|7\n|\n|t:|1776629624\n|move|p1b: Incineroar|Fake Out|p2a: Tauros\n|-damage|p2a: Tauros|75/100\n|move|p1a: Basculegion|Wave Crash|p2a: Tauros\n|-resisted|p2a: Tauros|1\n|-damage|p2a: Tauros|10/100\n|-enditem|p2a: Tauros|Sitrus Berry|[eat]\n|-heal|p2a: Tauros|35/100|[from] item: Sitrus Berry\n|-damage|p1a: Basculegion|43/100|[from] Recoil\n|cant|p2a: Tauros|flinch\n|\n|-weather|RainDance|[upkeep]\n|upkeep\n|turn|8\n|\n|t:|1776629632\n|move|p2a: Tauros|Aqua Jet|p1b: Incineroar\n|-supereffective|p1b: Incineroar|1\n|-damage|p1b: Incineroar|0 fnt\n|faint|p1b: Incineroar\n|move|p1a: Basculegion|Wave Crash|p2a: Tauros\n|-resisted|p2a: Tauros|1\n|-damage|p2a: Tauros|0 fnt\n|faint|p2a: Tauros\n|-damage|p1a: Basculegion|34/100|[from] Recoil\n|\n|win|tessie123\n|raw|tessie123's rating: 1021 &rarr; <strong>1066</strong><br />(+45 for winning)\n|raw|DavidTIS's rating: 1104 &rarr; <strong>1073</strong><br />(-31 for losing)\n",
  "uploadtime": 1776629635,
  "views": 16,
  "formatid": "gen9championsvgc2026regma",
  "rating": 1066,
  "private": 0,
  "password": null
}