{
  "id": "gen9championsvgc2026regma-2582979369",
  "format": "[Gen 9 Champions] VGC 2026 Reg M-A",
  "players": [
    "SavagePanda615",
    "savemelivie"
  ],
  "log": "|j|\u2606SavagePanda615\n|j|\u2606savemelivie\n|t:|1776130320\n|gametype|doubles\n|player|p1|SavagePanda615|169|1113\n|player|p2|savemelivie|swimmerf-gen4|1096\n|gen|9\n|tier|[Gen 9 Champions] VGC 2026 Reg M-A\n|rated|\n|rule|Species Clause: Limit one of each Pok\u00e9mon\n|rule|Item Clause: Limit 1 of each item\n|clearpoke\n|poke|p1|Aggron, L50, M|\n|poke|p1|Sinistcha, L50|\n|poke|p1|Arcanine-Hisui, L50, F|\n|poke|p1|Araquanid, L50, M|\n|poke|p1|Camerupt, L50, M|\n|poke|p1|Farigiraf, L50, M|\n|poke|p2|Gardevoir, L50, F|\n|poke|p2|Incineroar, L50, M|\n|poke|p2|Aegislash, L50, F|\n|poke|p2|Volcarona, L50, M|\n|poke|p2|Sinistcha, L50|\n|poke|p2|Maushold-Four, L50|\n|teampreview|4\n|inactive|Battle timer is ON: inactive players will automatically lose when time's up. (requested by savemelivie)\n|\n|t:|1776130366\n|teamsize|p1|4\n|teamsize|p2|4\n|start\n|switch|p1a: Farigiraf|Farigiraf, L50, M|100/100\n|switch|p1b: Araquanid|Araquanid, L50, M, shiny|100/100\n|switch|p2a: Duchess|Gardevoir, L50, F|100/100\n|switch|p2b: Incineroar|Incineroar, L50, M|100/100\n|-ability|p2b: Incineroar|Intimidate|boost\n|-unboost|p1a: Farigiraf|atk|1\n|-unboost|p1b: Araquanid|atk|1\n|turn|1\n|inactive|SavagePanda615 has 30 seconds left.\n|\n|t:|1776130401\n|detailschange|p2a: Duchess|Gardevoir-Mega, L50, F\n|-mega|p2a: Duchess|Gardevoir|Gardevoirite\n|move|p2a: Duchess|Calm Mind|p2a: Duchess\n|-boost|p2a: Duchess|spa|1\n|-boost|p2a: Duchess|spd|1\n|move|p2b: Incineroar|Darkest Lariat|p1a: Farigiraf\n|-supereffective|p1a: Farigiraf|1\n|-enditem|p1a: Farigiraf|Colbur Berry|[eat]\n|-enditem|p1a: Farigiraf|Colbur Berry|[weaken]\n|-damage|p1a: Farigiraf|62/100\n|move|p1b: Araquanid|Leech Life|p2a: Duchess\n|-damage|p2a: Duchess|65/100\n|move|p1a: Farigiraf|Trick Room|p1a: Farigiraf\n|-fieldstart|move: Trick Room|[of] p1a: Farigiraf\n|\n|upkeep\n|turn|2\n|\n|t:|1776130422\n|move|p1b: Araquanid|Liquidation|p2b: Incineroar\n|-supereffective|p2b: Incineroar|1\n|-damage|p2b: Incineroar|17/100\n|-enditem|p2b: Incineroar|Sitrus Berry|[eat]\n|-heal|p2b: Incineroar|42/100|[from] item: Sitrus Berry\n|move|p2b: Incineroar|Parting Shot|p1b: Araquanid\n|-unboost|p1b: Araquanid|atk|1\n|-unboost|p1b: Araquanid|spa|1\n|\n|t:|1776130432\n|switch|p2b: Sinistcha|Sinistcha, L50|100/100|[from] Parting Shot\n|-heal|p2a: Duchess|89/100|[from] ability: Hospitality|[of] p2b: Sinistcha\n|move|p2a: Duchess|Hyper Voice|p1a: Farigiraf|[spread] p1a,p1b\n|-crit|p1b: Araquanid\n|-damage|p1a: Farigiraf|0 fnt\n|-damage|p1b: Araquanid|20/100\n|faint|p1a: Farigiraf\n|\n|upkeep\n|\n|t:|1776130441\n|switch|p1a: Camerupt|Camerupt, L50, M, shiny|100/100\n|turn|3\n|inactive|savemelivie has 30 seconds left.\n|\n|t:|1776130475\n|detailschange|p1a: Camerupt|Camerupt-Mega, L50, M, shiny\n|-mega|p1a: Camerupt|Camerupt|Cameruptite\n|move|p1b: Araquanid|Wide Guard|p1b: Araquanid\n|-singleturn|p1b: Araquanid|Wide Guard\n|move|p1a: Camerupt|Eruption|p2b: Sinistcha|[spread] p2a,p2b\n|-supereffective|p2b: Sinistcha|1\n|-damage|p2a: Duchess|47/100\n|-enditem|p2b: Sinistcha|Focus Sash\n|-damage|p2b: Sinistcha|1/100\n|move|p2b: Sinistcha|Matcha Gotcha|p1b: Araquanid|[spread] \n|-activate|p1a: Camerupt|move: Wide Guard\n|-activate|p1b: Araquanid|move: Wide Guard\n|move|p2a: Duchess|Hyper Voice|p1b: Araquanid|[spread] \n|-activate|p1a: Camerupt|move: Wide Guard\n|-activate|p1b: Araquanid|move: Wide Guard\n|\n|upkeep\n|turn|4\n|\n|t:|1776130494\n|move|p1b: Araquanid|Wide Guard|p1b: Araquanid\n|-singleturn|p1b: Araquanid|Wide Guard\n|move|p1a: Camerupt|Eruption|p2a: Duchess|[spread] p2a,p2b\n|-supereffective|p2b: Sinistcha|1\n|-damage|p2a: Duchess|5/100\n|-damage|p2b: Sinistcha|0 fnt\n|faint|p2b: Sinistcha\n|move|p2a: Duchess|Psyshock|p1a: Camerupt\n|-damage|p1a: Camerupt|25/100\n|\n|upkeep\n|\n|t:|1776130510\n|switch|p2b: Aegislash|Aegislash, L50, F|100/100\n|turn|5\n|\n|t:|1776130528\n|switch|p1b: Sinistcha|Sinistcha, L50|100/100\n|-heal|p1a: Camerupt|50/100|[from] ability: Hospitality|[of] p1b: Sinistcha\n|move|p2b: Aegislash|Wide Guard|p2b: Aegislash\n|-singleturn|p2b: Aegislash|Wide Guard\n|move|p1a: Camerupt|Heat Wave|p2a: Duchess|[spread] \n|-activate|p2a: Duchess|move: Wide Guard\n|-activate|p2b: Aegislash|move: Wide Guard\n|move|p2a: Duchess|Hyper Voice|p1b: Sinistcha|[spread] p1a,p1b\n|-resisted|p1a: Camerupt|1\n|-damage|p1a: Camerupt|13/100\n|-damage|p1b: Sinistcha|28/100\n|-enditem|p1b: Sinistcha|Sitrus Berry|[eat]\n|-heal|p1b: Sinistcha|53/100|[from] item: Sitrus Berry\n|\n|-fieldend|move: Trick Room\n|upkeep\n|turn|6\n|\n|t:|1776130548\n|move|p1a: Camerupt|Protect|p1a: Camerupt\n|-singleturn|p1a: Camerupt|Protect\n|move|p2a: Duchess|Hyper Voice|p1a: Camerupt|[spread] p1b\n|-activate|p1a: Camerupt|move: Protect\n|-damage|p1b: Sinistcha|0 fnt\n|faint|p1b: Sinistcha\n|-formechange|p2b: Aegislash|Aegislash-Blade|\n|move|p2b: Aegislash|Shadow Ball|p1a: Camerupt\n|-activate|p1a: Camerupt|move: Protect\n|\n|upkeep\n|\n|t:|1776130558\n|switch|p1b: Araquanid|Araquanid, L50, M, shiny|20/100\n|turn|7\n|\n|t:|1776130572\n|-formechange|p2b: Aegislash|Aegislash|\n|move|p2b: Aegislash|King's Shield|p2b: Aegislash\n|-singleturn|p2b: Aegislash|Protect\n|move|p2a: Duchess|Hyper Voice|p1a: Camerupt|[spread] p1a,p1b\n|-resisted|p1a: Camerupt|1\n|-damage|p1a: Camerupt|0 fnt\n|-damage|p1b: Araquanid|0 fnt\n|faint|p1a: Camerupt\n|faint|p1b: Araquanid\n|\n|win|savemelivie\n|raw|SavagePanda615's rating: 1113 &rarr; <strong>1087</strong><br />(-26 for losing)\n|raw|savemelivie's rating: 1096 &rarr; <strong>1123</strong><br />(+27 for winning)\n",
  "uploadtime": 1776130582,
  "views": 18,
  "formatid": "gen9championsvgc2026regma",
  "rating": 1087,
  "private": 0,
  "password": null
}