{
  "id": "gen9championsvgc2026regma-2583345546",
  "format": "[Gen 9 Champions] VGC 2026 Reg M-A",
  "players": [
    "pacrat27",
    "NegaiFreak"
  ],
  "log": "|j|\u2606pacrat27\n|j|\u2606NegaiFreak\n|t:|1776168842\n|gametype|doubles\n|player|p1|pacrat27|silver|1144\n|player|p2|NegaiFreak|266|1244\n|gen|9\n|tier|[Gen 9 Champions] VGC 2026 Reg M-A\n|rated|\n|rule|Species Clause: Limit one of each Pok\u00e9mon\n|rule|Item Clause: Limit 1 of each item\n|clearpoke\n|poke|p1|Lycanroc-Dusk, L50, F|\n|poke|p1|Meganium, L50, M|\n|poke|p1|Pelipper, L50, M|\n|poke|p1|Slowbro-Galar, L50, M|\n|poke|p1|Archaludon, L50, F|\n|poke|p1|Alakazam, L50, F|\n|poke|p2|Archaludon, L50, F|\n|poke|p2|Pelipper, L50, M|\n|poke|p2|Basculegion, L50, M|\n|poke|p2|Meganium, L50, M|\n|poke|p2|Maushold-Four, L50|\n|poke|p2|Farigiraf, L50, F|\n|teampreview|4\n|inactive|Battle timer is ON: inactive players will automatically lose when time's up. (requested by NegaiFreak)\n|c|\u2606NegaiFreak|GLHF\n|inactive|NegaiFreak has 60 seconds left.\n|c|\u2606pacrat27|glhf\n|\n|t:|1776168891\n|teamsize|p1|4\n|teamsize|p2|4\n|start\n|switch|p1a: Meganium|Meganium, L50, M|100/100\n|switch|p1b: Lycanroc|Lycanroc-Dusk, L50, F|100/100\n|switch|p2a: Basculegion|Basculegion, L50, M|100/100\n|switch|p2b: Pelipper|Pelipper, L50, M|100/100\n|-weather|RainDance|[from] ability: Drizzle|[of] p2b: Pelipper\n|turn|1\n|\n|t:|1776168910\n|switch|p1a: Archaludon|Archaludon, L50, F|100/100\n|move|p1b: Lycanroc|Protect|p1b: Lycanroc\n|-singleturn|p1b: Lycanroc|Protect\n|move|p2a: Basculegion|Flip Turn|p1b: Lycanroc\n|-activate|p1b: Lycanroc|move: Protect\n|move|p2b: Pelipper|Hurricane|p1a: Archaludon\n|-resisted|p1a: Archaludon|1\n|-damage|p1a: Archaludon|76/100\n|-ability|p1a: Archaludon|Stamina|boost\n|-boost|p1a: Archaludon|def|1\n|\n|-weather|RainDance|[upkeep]\n|upkeep\n|turn|2\n|\n|t:|1776168934\n|move|p1b: Lycanroc|Accelerock|p2b: Pelipper\n|-supereffective|p2b: Pelipper|1\n|-damage|p2b: Pelipper|33/100\n|move|p2a: Basculegion|Flip Turn|p1b: Lycanroc\n|-supereffective|p1b: Lycanroc|1\n|-enditem|p1b: Lycanroc|Focus Sash\n|-damage|p1b: Lycanroc|1/100\n|\n|t:|1776168941\n|switch|p2a: Archaludon|Archaludon, L50, F|100/100|[from] Flip Turn\n|move|p2b: Pelipper|Tailwind|p2b: Pelipper\n|-sidestart|p2: NegaiFreak|move: Tailwind\n|move|p1a: Archaludon|Electro Shot||[still]\n|-prepare|p1a: Archaludon|Electro Shot\n|-boost|p1a: Archaludon|spa|1\n|-anim|p1a: Archaludon|Electro Shot|p2a: Archaludon\n|-resisted|p2a: Archaludon|1\n|-damage|p2a: Archaludon|53/100\n|\n|-weather|RainDance|[upkeep]\n|upkeep\n|turn|3\n|inactive|NegaiFreak has 30 seconds left.\n|\n|t:|1776168967\n|switch|p2b: Maushold|Maushold-Four, L50|100/100\n|move|p1b: Lycanroc|Accelerock|p2b: Maushold\n|-damage|p2b: Maushold|68/100\n|move|p2a: Archaludon|Dragon Pulse|p1a: Archaludon\n|-damage|p1a: Archaludon|31/100\n|-ability|p1a: Archaludon|Stamina|boost\n|-boost|p1a: Archaludon|def|1\n|move|p1a: Archaludon|Dragon Pulse|p2a: Archaludon\n|-damage|p2a: Archaludon|0 fnt\n|faint|p2a: Archaludon\n|\n|-weather|RainDance|[upkeep]\n|upkeep\n|\n|t:|1776168980\n|switch|p2a: Pelipper|Pelipper, L50, M|33/100\n|turn|4\n|\n|t:|1776168994\n|move|p2b: Maushold|Follow Me|p2b: Maushold\n|-singleturn|p2b: Maushold|move: Follow Me\n|move|p1b: Lycanroc|Accelerock|p2b: Maushold\n|-damage|p2b: Maushold|34/100\n|move|p2a: Pelipper|Hurricane|p1a: Archaludon\n|-resisted|p1a: Archaludon|1\n|-damage|p1a: Archaludon|8/100\n|-start|p1a: Archaludon|confusion\n|-ability|p1a: Archaludon|Stamina|boost\n|-boost|p1a: Archaludon|def|1\n|-activate|p1a: Archaludon|confusion\n|move|p1a: Archaludon|Electro Shot||[still]\n|-prepare|p1a: Archaludon|Electro Shot\n|-boost|p1a: Archaludon|spa|1\n|-anim|p1a: Archaludon|Electro Shot|p2b: Maushold\n|-damage|p2b: Maushold|0 fnt\n|faint|p2b: Maushold\n|\n|-weather|RainDance|[upkeep]\n|upkeep\n|\n|t:|1776169006\n|switch|p2b: Basculegion|Basculegion, L50, M|100/100\n|turn|5\n|\n|t:|1776169015\n|move|p2b: Basculegion|Aqua Jet|p1b: Lycanroc\n|-supereffective|p1b: Lycanroc|1\n|-damage|p1b: Lycanroc|0 fnt\n|faint|p1b: Lycanroc\n|move|p2a: Pelipper|Weather Ball|p1a: Archaludon\n|-resisted|p1a: Archaludon|1\n|-damage|p1a: Archaludon|0 fnt\n|faint|p1a: Archaludon\n|\n|-weather|none\n|-sideend|p2: NegaiFreak|move: Tailwind\n|upkeep\n|\n|t:|1776169026\n|switch|p1b: Pelipper|Pelipper, L50, M|100/100\n|switch|p1a: Meganium|Meganium, L50, M|100/100\n|-weather|RainDance|[from] ability: Drizzle|[of] p1b: Pelipper\n|turn|6\n|\n|t:|1776169045\n|detailschange|p1a: Meganium|Meganium-Mega, L50, M\n|-mega|p1a: Meganium|Meganium|Meganiumite\n|move|p2b: Basculegion|Last Respects|p1b: Pelipper\n|-crit|p1b: Pelipper\n|-damage|p1b: Pelipper|0 fnt\n|faint|p1b: Pelipper\n|move|p2a: Pelipper|Tailwind|p2a: Pelipper\n|-sidestart|p2: NegaiFreak|move: Tailwind\n|move|p1a: Meganium|Solar Beam||[still]\n|-prepare|p1a: Meganium|Solar Beam\n|-activate|p1a: Meganium|ability: Mega Sol\n|-anim|p1a: Meganium|Solar Beam|p2b: Basculegion\n|-supereffective|p2b: Basculegion|1\n|-damage|p2b: Basculegion|0 fnt\n|faint|p2b: Basculegion\n|\n|-weather|RainDance|[upkeep]\n|upkeep\n|turn|7\n|\n|t:|1776169066\n|move|p2a: Pelipper|Hurricane|p1a: Meganium\n|-supereffective|p1a: Meganium|1\n|-damage|p1a: Meganium|6/100\n|-start|p1a: Meganium|confusion\n|-activate|p1a: Meganium|confusion\n|-damage|p1a: Meganium|0 fnt|[from] confusion\n|faint|p1a: Meganium\n|\n|win|NegaiFreak\n|raw|pacrat27's rating: 1144 &rarr; <strong>1126</strong><br />(-18 for losing)\n|raw|NegaiFreak's rating: 1244 &rarr; <strong>1262</strong><br />(+18 for winning)\n|c|\u2606pacrat27|gg\n|c|\u2606NegaiFreak|GG, WP\n|c|\u2606NegaiFreak|By all means, you should\u2019ve won that\n|c|\u2606NegaiFreak|I didn\u2019t think Peli would outspeed Meganium after Mega\n",
  "uploadtime": 1776169161,
  "views": 14,
  "formatid": "gen9championsvgc2026regma",
  "rating": 1126,
  "private": 0,
  "password": null
}