{
  "id": "gen9championsvgc2026regma-2582504139",
  "format": "[Gen 9 Champions] VGC 2026 Reg M-A",
  "players": [
    "Tamejo",
    "dhb123"
  ],
  "log": "|j|\u2606Tamejo\n|j|\u2606dhb123\n|t:|1776095898\n|gametype|doubles\n|player|p1|Tamejo|caitlin|1142\n|player|p2|dhb123|265|1050\n|gen|9\n|tier|[Gen 9 Champions] VGC 2026 Reg M-A\n|rated|\n|rule|Species Clause: Limit one of each Pok\u00e9mon\n|rule|Item Clause: Limit 1 of each item\n|clearpoke\n|poke|p1|Meganium, L50, M|\n|poke|p1|Garchomp, L50, F|\n|poke|p1|Sneasler, L50, F|\n|poke|p1|Basculegion, L50, M|\n|poke|p1|Pelipper, L50, M|\n|poke|p1|Incineroar, L50, M|\n|poke|p2|Charizard, L50, M|\n|poke|p2|Venusaur, L50, M|\n|poke|p2|Blastoise, L50, M|\n|poke|p2|Maushold-Four, L50|\n|poke|p2|Politoed, L50, M|\n|poke|p2|Clefable, L50, M|\n|teampreview|4\n|inactive|Battle timer is ON: inactive players will automatically lose when time's up. (requested by dhb123)\n|\n|t:|1776095936\n|teamsize|p1|4\n|teamsize|p2|4\n|start\n|switch|p1a: Incineroar|Incineroar, L50, M|100/100\n|switch|p1b: Garchomp|Garchomp, L50, F|100/100\n|switch|p2a: Maushold|Maushold-Four, L50|100/100\n|switch|p2b: Blastoise|Blastoise, L50, M|100/100\n|-ability|p1a: Incineroar|Intimidate|boost\n|-unboost|p2a: Maushold|atk|1\n|-unboost|p2b: Blastoise|atk|1\n|turn|1\n|inactive|dhb123 has 30 seconds left.\n|\n|t:|1776095963\n|switch|p2b: Clefable|Clefable, L50, M|100/100\n|move|p1a: Incineroar|Fake Out|p2a: Maushold\n|-damage|p2a: Maushold|86/100\n|cant|p2a: Maushold|flinch\n|move|p1b: Garchomp|Stomping Tantrum|p2a: Maushold\n|-crit|p2a: Maushold\n|-damage|p2a: Maushold|0 fnt\n|faint|p2a: Maushold\n|\n|upkeep\n|\n|t:|1776095974\n|switch|p2a: Blastoise|Blastoise, L50, M|100/100\n|turn|2\n|\n|t:|1776095994\n|detailschange|p2a: Blastoise|Blastoise-Mega, L50, M\n|-mega|p2a: Blastoise|Blastoise|Blastoisinite\n|move|p1b: Garchomp|Protect|p1b: Garchomp\n|-singleturn|p1b: Garchomp|Protect\n|move|p2b: Clefable|Follow Me|p2b: Clefable\n|-singleturn|p2b: Clefable|move: Follow Me\n|move|p2a: Blastoise|Ice Beam|p1b: Garchomp\n|-activate|p1b: Garchomp|move: Protect\n|move|p1a: Incineroar|Taunt|p2b: Clefable\n|-start|p2b: Clefable|move: Taunt\n|\n|upkeep\n|turn|3\n|\n|t:|1776096010\n|switch|p2b: Politoed|Politoed, L50, M|100/100\n|-weather|RainDance|[from] ability: Drizzle|[of] p2b: Politoed\n|move|p1b: Garchomp|Stomping Tantrum|p2a: Blastoise\n|-damage|p2a: Blastoise|56/100\n|move|p2a: Blastoise|Ice Beam|p1b: Garchomp\n|-supereffective|p1b: Garchomp|2\n|-damage|p1b: Garchomp|0 fnt\n|faint|p1b: Garchomp\n|move|p1a: Incineroar|Parting Shot|p2a: Blastoise\n|-unboost|p2a: Blastoise|atk|1\n|-unboost|p2a: Blastoise|spa|1\n|\n|t:|1776096019\n|switch|p1a: Basculegion|Basculegion, L50, M|100/100|[from] Parting Shot\n|\n|-weather|RainDance|[upkeep]\n|upkeep\n|\n|t:|1776096020\n|switch|p1b: Incineroar|Incineroar, L50, M|100/100\n|-ability|p1b: Incineroar|Intimidate|boost\n|-unboost|p2a: Blastoise|atk|1\n|-unboost|p2b: Politoed|atk|1\n|turn|4\n|\n|t:|1776096035\n|switch|p2a: Clefable|Clefable, L50, M|100/100\n|move|p2b: Politoed|Protect|p2b: Politoed\n|-singleturn|p2b: Politoed|Protect\n|move|p1b: Incineroar|Fake Out|p2a: Clefable\n|-damage|p2a: Clefable|89/100\n|move|p1a: Basculegion|Last Respects|p2b: Politoed\n|-activate|p2b: Politoed|move: Protect\n|\n|-weather|RainDance|[upkeep]\n|upkeep\n|turn|5\n|\n|t:|1776096050\n|move|p1a: Basculegion|Last Respects|p2a: Clefable\n|-damage|p2a: Clefable|16/100\n|move|p1b: Incineroar|Parting Shot|p2b: Politoed\n|-unboost|p2b: Politoed|atk|1\n|-unboost|p2b: Politoed|spa|1\n|\n|t:|1776096054\n|switch|p1b: Pelipper|Pelipper, L50, M|100/100|[from] Parting Shot\n|move|p2a: Clefable|Trick|p1a: Basculegion\n|-activate|p2a: Clefable|move: Trick|[of] p1a: Basculegion\n|-item|p1a: Basculegion|Choice Scarf|[from] move: Trick\n|-item|p2a: Clefable|Choice Scarf|[from] move: Trick\n|move|p2b: Politoed|Muddy Water|p1b: Pelipper|[spread] p1a,p1b\n|-resisted|p1a: Basculegion|1\n|-crit|p1a: Basculegion\n|-resisted|p1b: Pelipper|1\n|-damage|p1a: Basculegion|74/100\n|-damage|p1b: Pelipper|83/100\n|\n|-weather|RainDance|[upkeep]\n|upkeep\n|turn|6\n|\n|t:|1776096070\n|move|p1a: Basculegion|Flip Turn|p2a: Clefable\n|-damage|p2a: Clefable|0 fnt\n|faint|p2a: Clefable\n|\n|t:|1776096073\n|switch|p1a: Incineroar|Incineroar, L50, M|100/100|[from] Flip Turn\n|-ability|p1a: Incineroar|Intimidate|boost\n|-unboost|p2b: Politoed|atk|1\n|move|p1b: Pelipper|Hurricane|p2b: Politoed\n|-damage|p2b: Politoed|66/100\n|move|p2b: Politoed|Muddy Water|p1b: Pelipper|[spread] p1a\n|-miss|p2b: Politoed|p1b: Pelipper\n|-supereffective|p1a: Incineroar|1\n|-damage|p1a: Incineroar|62/100\n|\n|-weather|RainDance|[upkeep]\n|-heal|p2b: Politoed|73/100|[from] item: Leftovers\n|upkeep\n|\n|t:|1776096085\n|switch|p2a: Blastoise|Blastoise-Mega, L50, M|56/100\n|turn|7\n|\n|t:|1776096092\n|move|p2b: Politoed|Helping Hand|p2a: Blastoise\n|-singleturn|p2a: Blastoise|Helping Hand|[of] p2b: Politoed\n|move|p1a: Incineroar|Fake Out|p2a: Blastoise\n|-damage|p2a: Blastoise|45/100\n|cant|p2a: Blastoise|flinch\n|move|p1b: Pelipper|Tailwind|p1b: Pelipper\n|-sidestart|p1: Tamejo|move: Tailwind\n|\n|-weather|none\n|-heal|p2b: Politoed|79/100|[from] item: Leftovers\n|upkeep\n|turn|8\n|-message|dhb123 forfeited.\n|\n|win|Tamejo\n|raw|Tamejo's rating: 1142 &rarr; <strong>1161</strong><br />(+19 for winning)\n|raw|dhb123's rating: 1050 &rarr; <strong>1037</strong><br />(-13 for losing)\n|l|\u2606dhb123\n|player|p2|\n",
  "uploadtime": 1776096104,
  "views": 9,
  "formatid": "gen9championsvgc2026regma",
  "rating": 1037,
  "private": 0,
  "password": null
}