{
  "id": "gen9championsvgc2026regma-2587503486",
  "format": "[Gen 9 Champions] VGC 2026 Reg M-A",
  "players": [
    "hg451gfhj",
    "Sammias"
  ],
  "log": "|j|\u2606hg451gfhj\n|j|\u2606Sammias\n|t:|1776537375\n|gametype|doubles\n|player|p1|hg451gfhj|102|1122\n|player|p2|Sammias|miku-ground|1223\n|gen|9\n|tier|[Gen 9 Champions] VGC 2026 Reg M-A\n|rated|\n|rule|Species Clause: Limit one of each Pok\u00e9mon\n|rule|Item Clause: Limit 1 of each item\n|clearpoke\n|poke|p1|Araquanid, L50, M|\n|poke|p1|Umbreon, L50, F|\n|poke|p1|Toxicroak, L50, M|\n|poke|p1|Incineroar, L50, M|\n|poke|p1|Meowscarada, L50, F|\n|poke|p1|Gliscor, L50, M|\n|poke|p2|Typhlosion-Hisui, L50, M|\n|poke|p2|Whimsicott, L50, F, shiny|\n|poke|p2|Floette-Eternal, L50, F|\n|poke|p2|Sinistcha, L50|\n|poke|p2|Aerodactyl, L50, F|\n|poke|p2|Garchomp, L50, M|\n|teampreview|4\n|inactive|Battle timer is ON: inactive players will automatically lose when time's up. (requested by Sammias)\n|inactive|Sammias has 60 seconds left.\n|\n|t:|1776537434\n|teamsize|p1|4\n|teamsize|p2|4\n|start\n|switch|p1a: Meowscarada|Meowscarada, L50, F|100/100\n|switch|p1b: Umbreon|Umbreon, L50, F|100/100\n|switch|p2a: Garchomp|Garchomp, L50, M|100/100\n|switch|p2b: Whimsicott|Whimsicott, L50, F, shiny|100/100\n|turn|1\n|\n|t:|1776537450\n|move|p2b: Whimsicott|Tailwind|p2b: Whimsicott\n|-sidestart|p2: Sammias|move: Tailwind\n|move|p2a: Garchomp|Rock Slide|p1b: Umbreon|[spread] p1b\n|-miss|p2a: Garchomp|p1a: Meowscarada\n|-damage|p1b: Umbreon|89/100\n|move|p1a: Meowscarada|Taunt|p2b: Whimsicott\n|-start|p2b: Whimsicott|move: Taunt\n|-enditem|p2b: Whimsicott|Mental Herb\n|-end|p2b: Whimsicott|move: Taunt\n|move|p1b: Umbreon|Calm Mind|p1b: Umbreon\n|-boost|p1b: Umbreon|spa|1\n|-boost|p1b: Umbreon|spd|1\n|\n|upkeep\n|turn|2\n|\n|t:|1776537468\n|move|p2b: Whimsicott|Moonblast|p1b: Umbreon\n|-supereffective|p1b: Umbreon|1\n|-damage|p1b: Umbreon|65/100\n|move|p2a: Garchomp|Stomping Tantrum|p1b: Umbreon\n|-damage|p1b: Umbreon|37/100\n|move|p1b: Umbreon|Focus Energy|p1b: Umbreon\n|-start|p1b: Umbreon|move: Focus Energy\n|move|p1a: Meowscarada|Trick Room|p1a: Meowscarada\n|-fieldstart|move: Trick Room|[of] p1a: Meowscarada\n|\n|upkeep\n|turn|3\n|\n|t:|1776537491\n|move|p1b: Umbreon|Baton Pass|p1b: Umbreon\n|\n|t:|1776537493\n|switch|p1b: Araquanid|Araquanid, L50, M|100/100|[from] Baton Pass\n|move|p1a: Meowscarada|U-turn|p2b: Whimsicott\n|-damage|p2b: Whimsicott|78/100\n|\n|t:|1776537499\n|switch|p1a: Toxicroak|Toxicroak, L50, M|100/100|[from] U-turn\n|move|p2a: Garchomp|Rock Slide|p1a: Toxicroak|[spread] p1a,p1b\n|-resisted|p1a: Toxicroak|1\n|-supereffective|p1b: Araquanid|1\n|-damage|p1a: Toxicroak|92/100\n|-damage|p1b: Araquanid|56/100\n|move|p2b: Whimsicott|Moonblast|p1b: Araquanid\n|-crit|p1b: Araquanid\n|-damage|p1b: Araquanid|24/100\n|-unboost|p1b: Araquanid|spa|1\n|\n|upkeep\n|turn|4\n|\n|t:|1776537516\n|move|p2a: Garchomp|Protect|p2a: Garchomp\n|-singleturn|p2a: Garchomp|Protect\n|move|p1a: Toxicroak|Fake Out|p2a: Garchomp\n|-activate|p2a: Garchomp|move: Protect\n|move|p1b: Araquanid|Surf|p2b: Whimsicott|[spread] p2b\n|-activate|p2a: Garchomp|move: Protect\n|-heal|p1a: Toxicroak|100/100|[from] ability: Dry Skin|[of] p1b: Araquanid\n|-resisted|p2b: Whimsicott|1\n|-crit|p2b: Whimsicott\n|-damage|p2b: Whimsicott|34/100\n|move|p2b: Whimsicott|Moonblast|p1b: Araquanid\n|-damage|p1b: Araquanid|10/100\n|\n|-sideend|p2: Sammias|move: Tailwind\n|upkeep\n|turn|5\n|\n|t:|1776537537\n|move|p2b: Whimsicott|Encore|p1a: Toxicroak|[miss]\n|-miss|p2b: Whimsicott|p1a: Toxicroak\n|move|p1b: Araquanid|Surf|p2b: Whimsicott|[spread] p2a,p2b\n|-immune|p1a: Toxicroak|[from] ability: Dry Skin\n|-crit|p2a: Garchomp\n|-resisted|p2b: Whimsicott|1\n|-crit|p2b: Whimsicott\n|-damage|p2a: Garchomp|32/100\n|-damage|p2b: Whimsicott|0 fnt\n|faint|p2b: Whimsicott\n|move|p1a: Toxicroak|Rain Dance|p1a: Toxicroak\n|-weather|RainDance\n|move|p2a: Garchomp|Earthquake|p1a: Toxicroak|[spread] p1a,p1b\n|-supereffective|p1a: Toxicroak|1\n|-resisted|p1b: Araquanid|1\n|-damage|p1a: Toxicroak|24/100\n|-damage|p1b: Araquanid|0 fnt\n|faint|p1b: Araquanid\n|\n|-weather|RainDance|[upkeep]\n|-heal|p1a: Toxicroak|36/100|[from] ability: Dry Skin\n|upkeep\n|-message|hg451gfhj forfeited.\n|\n|win|Sammias\n|raw|hg451gfhj's rating: 1122 &rarr; <strong>1104</strong><br />(-18 for losing)\n|raw|Sammias's rating: 1223 &rarr; <strong>1241</strong><br />(+18 for winning)\n|l|\u2606hg451gfhj\n|player|p1|\n",
  "uploadtime": 1776537556,
  "views": 11,
  "formatid": "gen9championsvgc2026regma",
  "rating": 1104,
  "private": 0,
  "password": null
}