{
  "id": "gen9championsvgc2026regma-2588236940",
  "format": "[Gen 9 Champions] VGC 2026 Reg M-A",
  "players": [
    "STGHMAAV",
    "IuseExeggutor"
  ],
  "log": "|j|\u2606STGHMAAV\n|j|\u2606IuseExeggutor\n|t:|1776616946\n|gametype|doubles\n|player|p1|STGHMAAV|wattson|1075\n|player|p2|IuseExeggutor|psychic-gen3rs|1106\n|gen|9\n|tier|[Gen 9 Champions] VGC 2026 Reg M-A\n|rated|\n|rule|Species Clause: Limit one of each Pok\u00e9mon\n|rule|Item Clause: Limit 1 of each item\n|clearpoke\n|poke|p1|Kleavor, L50, M|\n|poke|p1|Aerodactyl, L50, M|\n|poke|p1|Maushold, L50|\n|poke|p1|Glimmora, L50, M|\n|poke|p1|Rotom-Wash, L50|\n|poke|p1|Floette-Eternal, L50, F|\n|poke|p2|Aerodactyl, L50, F|\n|poke|p2|Farigiraf, L50, M|\n|poke|p2|Sylveon, L50, M, shiny|\n|poke|p2|Tyranitar, L50, M|\n|poke|p2|Steelix, L50, M, shiny|\n|poke|p2|Sneasler, L50, F, shiny|\n|teampreview|4\n|\n|t:|1776616979\n|teamsize|p1|4\n|teamsize|p2|4\n|start\n|switch|p1a: Maushold|Maushold, L50|100/100\n|switch|p1b: Kleavor|Kleavor, L50, M|100/100\n|switch|p2a: Farigiraf|Farigiraf, L50, M|100/100\n|switch|p2b: Tyranitar|Tyranitar, L50, M|100/100\n|-weather|Sandstorm|[from] ability: Sand Stream|[of] p2b: Tyranitar\n|turn|1\n|\n|t:|1776616993\n|move|p1b: Kleavor|Close Combat|p2b: Tyranitar\n|-supereffective|p2b: Tyranitar|2\n|-crit|p2b: Tyranitar\n|-enditem|p2b: Tyranitar|Chople Berry|[eat]\n|-enditem|p2b: Tyranitar|Chople Berry|[weaken]\n|-damage|p2b: Tyranitar|0 fnt\n|-unboost|p1b: Kleavor|def|1\n|-unboost|p1b: Kleavor|spd|1\n|faint|p2b: Tyranitar\n|move|p1a: Maushold|Taunt|p2a: Farigiraf\n|-start|p2a: Farigiraf|move: Taunt\n|-enditem|p2a: Farigiraf|Mental Herb\n|-end|p2a: Farigiraf|move: Taunt\n|move|p2a: Farigiraf|Trick Room|p2a: Farigiraf\n|-fieldstart|move: Trick Room|[of] p2a: Farigiraf\n|\n|-weather|Sandstorm|[upkeep]\n|-damage|p2a: Farigiraf|94/100|[from] Sandstorm\n|-damage|p1a: Maushold|94/100|[from] Sandstorm\n|upkeep\n|\n|t:|1776617004\n|switch|p2b: testostoreon real|Sylveon, L50, M, shiny|100/100\n|turn|2\n|\n|t:|1776617014\n|move|p2a: Farigiraf|Helping Hand|p2b: testostoreon real\n|-singleturn|p2b: testostoreon real|Helping Hand|[of] p2a: Farigiraf\n|move|p2b: testostoreon real|Hyper Voice|p1a: Maushold|[spread] p1a,p1b\n|-damage|p1a: Maushold|9/100\n|-damage|p1b: Kleavor|11/100\n|move|p1a: Maushold|Super Fang|p2a: Farigiraf\n|-damage|p2a: Farigiraf|48/100\n|move|p1b: Kleavor|Close Combat|p2b: testostoreon real\n|-resisted|p2b: testostoreon real|1\n|-damage|p2b: testostoreon real|74/100\n|-unboost|p1b: Kleavor|def|1\n|-unboost|p1b: Kleavor|spd|1\n|\n|-weather|Sandstorm|[upkeep]\n|-damage|p2a: Farigiraf|42/100|[from] Sandstorm\n|-damage|p2b: testostoreon real|68/100|[from] Sandstorm\n|-damage|p1a: Maushold|3/100|[from] Sandstorm\n|upkeep\n|turn|3\n|\n|t:|1776617032\n|move|p1a: Maushold|Follow Me|p1a: Maushold\n|-singleturn|p1a: Maushold|move: Follow Me\n|move|p2a: Farigiraf|Wish|p2a: Farigiraf\n|move|p2b: testostoreon real|Hyper Voice|p1b: Kleavor|[spread] p1a,p1b\n|-damage|p1a: Maushold|0 fnt\n|-damage|p1b: Kleavor|0 fnt\n|faint|p1a: Maushold\n|faint|p1b: Kleavor\n|\n|-weather|Sandstorm|[upkeep]\n|-damage|p2a: Farigiraf|35/100|[from] Sandstorm\n|-damage|p2b: testostoreon real|62/100|[from] Sandstorm\n|upkeep\n|\n|t:|1776617037\n|switch|p1b: Floette|Floette-Eternal, L50, F|100/100\n|switch|p1a: Rotom|Rotom-Wash, L50|100/100\n|turn|4\n|\n|t:|1776617049\n|move|p2a: Farigiraf|Helping Hand|p2b: testostoreon real\n|-singleturn|p2b: testostoreon real|Helping Hand|[of] p2a: Farigiraf\n|move|p2b: testostoreon real|Hyper Voice|p1a: Rotom|[spread] p1a,p1b\n|-damage|p1a: Rotom|32/100\n|-damage|p1b: Floette|31/100\n|move|p1a: Rotom|Thunderbolt|p2b: testostoreon real\n|-damage|p2b: testostoreon real|32/100\n|move|p1b: Floette|Calm Mind|p1b: Floette\n|-boost|p1b: Floette|spa|1\n|-boost|p1b: Floette|spd|1\n|\n|-weather|Sandstorm|[upkeep]\n|-damage|p2a: Farigiraf|29/100|[from] Sandstorm\n|-damage|p2b: testostoreon real|26/100|[from] Sandstorm\n|-damage|p1a: Rotom|26/100|[from] Sandstorm\n|-damage|p1b: Floette|25/100|[from] Sandstorm\n|-heal|p2a: Farigiraf|79/100|[from] move: Wish|[wisher] Farigiraf\n|-heal|p1a: Rotom|32/100|[from] item: Leftovers\n|upkeep\n|turn|5\n|\n|t:|1776617061\n|move|p2a: Farigiraf|Helping Hand|p2b: testostoreon real\n|-singleturn|p2b: testostoreon real|Helping Hand|[of] p2a: Farigiraf\n|move|p1b: Floette|Protect|p1b: Floette\n|-singleturn|p1b: Floette|Protect\n|move|p2b: testostoreon real|Hyper Voice|p1a: Rotom|[spread] p1a\n|-activate|p1b: Floette|move: Protect\n|-damage|p1a: Rotom|0 fnt\n|faint|p1a: Rotom\n|\n|-weather|none\n|-fieldend|move: Trick Room\n|upkeep\n|turn|6\n|\n|t:|1776617068\n|detailschange|p1b: Floette|Floette-Mega, L50, F\n|-mega|p1b: Floette|Floette|Floettite\n|-ability|p1b: Floette|Fairy Aura\n|move|p1b: Floette|Dazzling Gleam|p2b: testostoreon real|[spread] p2a,p2b\n|-crit|p2a: Farigiraf\n|-damage|p2a: Farigiraf|0 fnt\n|-damage|p2b: testostoreon real|0 fnt\n|faint|p2a: Farigiraf\n|faint|p2b: testostoreon real\n|\n|upkeep\n|\n|t:|1776617072\n|switch|p2b: Steelix|Steelix, L50, M, shiny|100/100\n|turn|7\n|c|\u2606IuseExeggutor|so\n|c|\u2606IuseExeggutor|do you carry a move for steels\n|\n|t:|1776617081\n|detailschange|p2b: Steelix|Steelix-Mega, L50, M, shiny\n|-mega|p2b: Steelix|Steelix|Steelixite\n|move|p1b: Floette|Moonblast|p2b: Steelix\n|-resisted|p2b: Steelix|1\n|-damage|p2b: Steelix|38/100\n|move|p2b: Steelix|Heavy Slam|p1b: Floette\n|-supereffective|p1b: Floette|1\n|-damage|p1b: Floette|0 fnt\n|faint|p1b: Floette\n|\n|win|IuseExeggutor\n|raw|STGHMAAV's rating: 1075 &rarr; <strong>1056</strong><br />(-19 for losing)\n|raw|IuseExeggutor's rating: 1106 &rarr; <strong>1129</strong><br />(+23 for winning)\n|l|\u2606STGHMAAV\n|player|p1|\n",
  "uploadtime": 1776617090,
  "views": 12,
  "formatid": "gen9championsvgc2026regma",
  "rating": 1056,
  "private": 0,
  "password": null
}