{
  "id": "gen9championsvgc2026regma-2588657385",
  "format": "[Gen 9 Champions] VGC 2026 Reg M-A",
  "players": [
    "geekfam",
    "Saint Imu"
  ],
  "log": "|j|\u2606geekfam\n|j|\u2606Saint Imu\n|t:|1776654544\n|gametype|doubles\n|player|p1|geekfam|grimsley|1155\n|player|p2|Saint Imu|gwynn|1216\n|gen|9\n|tier|[Gen 9 Champions] VGC 2026 Reg M-A\n|rated|\n|rule|Species Clause: Limit one of each Pok\u00e9mon\n|rule|Item Clause: Limit 1 of each item\n|clearpoke\n|poke|p1|Snorlax, L50, F|\n|poke|p1|Starmie, L50|\n|poke|p1|Incineroar, L50, M|\n|poke|p1|Gyarados, L50, F|\n|poke|p1|Sinistcha, L50|\n|poke|p1|Milotic, L50, M|\n|poke|p2|Floette-Eternal, L50, F|\n|poke|p2|Garchomp, L50, F|\n|poke|p2|Kingambit, L50, F|\n|poke|p2|Basculegion, L50, M|\n|poke|p2|Sneasler, L50, F|\n|poke|p2|Froslass, L50, F|\n|teampreview|4\ngeekfam has agreed to open team sheets.\nSaint Imu rejected open team sheets.\n|\n|t:|1776654633\n|teamsize|p1|4\n|teamsize|p2|4\n|start\n|switch|p1a: Incineroar|Incineroar, L50, M|100/100\n|switch|p1b: Milotic|Milotic, L50, M|100/100\n|switch|p2a: Floette|Floette-Eternal, L50, F|100/100\n|switch|p2b: Sneasler|Sneasler, L50, F|100/100\n|-ability|p1a: Incineroar|Intimidate|boost\n|-unboost|p2a: Floette|atk|1\n|-unboost|p2b: Sneasler|atk|1\n|turn|1\n|\n|t:|1776654665\n|detailschange|p2a: Floette|Floette-Mega, L50, F\n|-mega|p2a: Floette|Floette|Floettite\n|-ability|p2a: Floette|Fairy Aura\n|move|p2b: Sneasler|Fake Out|p1a: Incineroar\n|-damage|p1a: Incineroar|93/100\n|cant|p1a: Incineroar|flinch\n|move|p2a: Floette|Dazzling Gleam|p1a: Incineroar|[spread] p1a,p1b\n|-damage|p1a: Incineroar|54/100\n|-damage|p1b: Milotic|62/100\n|move|p1b: Milotic|Icy Wind|p2b: Sneasler|[spread] p2a,p2b\n|-damage|p2a: Floette|91/100\n|-damage|p2b: Sneasler|85/100\n|-unboost|p2a: Floette|spe|1\n|-unboost|p2b: Sneasler|spe|1\n|\n|-heal|p1b: Milotic|68/100|[from] item: Leftovers\n|upkeep\n|turn|2\n|\n|t:|1776654696\n|move|p2b: Sneasler|Close Combat|p1a: Incineroar\n|-supereffective|p1a: Incineroar|1\n|-damage|p1a: Incineroar|0 fnt\n|-unboost|p2b: Sneasler|def|1\n|-unboost|p2b: Sneasler|spd|1\n|faint|p1a: Incineroar\n|move|p2a: Floette|Moonblast|p1b: Milotic\n|-damage|p1b: Milotic|11/100\n|move|p1b: Milotic|Scald|p2b: Sneasler\n|-damage|p2b: Sneasler|18/100\n|\n|-heal|p1b: Milotic|17/100|[from] item: Leftovers\n|upkeep\n|\n|t:|1776654705\n|switch|p1a: Gyarados|Gyarados, L50, F|100/100\n|-ability|p1a: Gyarados|Intimidate|boost\n|-unboost|p2a: Floette|atk|1\n|-unboost|p2b: Sneasler|atk|1\n|turn|3\n|\n|t:|1776654740\n|move|p1a: Gyarados|Dragon Dance|p1a: Gyarados\n|-boost|p1a: Gyarados|atk|1\n|-boost|p1a: Gyarados|spe|1\n|move|p2b: Sneasler|Dire Claw|p1a: Gyarados\n|-damage|p1a: Gyarados|70/100\n|-status|p1a: Gyarados|psn\n|move|p2a: Floette|Dazzling Gleam|p1b: Milotic|[spread] p1a,p1b\n|-damage|p1a: Gyarados|18/100 psn\n|-damage|p1b: Milotic|0 fnt\n|faint|p1b: Milotic\n|\n|-damage|p1a: Gyarados|5/100 psn|[from] psn\n|upkeep\n|\n|t:|1776654746\n|switch|p1b: Sinistcha|Sinistcha, L50|100/100\n|-heal|p1a: Gyarados|30/100 psn|[from] ability: Hospitality|[of] p1b: Sinistcha\n|turn|4\n|\n|t:|1776654778\n|detailschange|p1a: Gyarados|Gyarados-Mega, L50, F\n|-mega|p1a: Gyarados|Gyarados|Gyaradosite\n|-ability|p1a: Gyarados|Mold Breaker\n|move|p2a: Floette|Protect|p2a: Floette\n|-singleturn|p2a: Floette|Protect\n|move|p1b: Sinistcha|Rage Powder|p1b: Sinistcha\n|-singleturn|p1b: Sinistcha|move: Rage Powder\n|move|p1a: Gyarados|Waterfall|p2a: Floette\n|-activate|p2a: Floette|move: Protect\n|move|p2b: Sneasler|Dire Claw|p1b: Sinistcha\n|-crit|p1b: Sinistcha\n|-damage|p1b: Sinistcha|42/100\n|-status|p1b: Sinistcha|psn\n|\n|-damage|p1a: Gyarados|18/100 psn|[from] psn\n|-damage|p1b: Sinistcha|29/100 psn|[from] psn\n|upkeep\n|turn|5\n|\n|t:|1776654807\n|move|p1a: Gyarados|Waterfall|p2b: Sneasler\n|-damage|p2b: Sneasler|0 fnt\n|faint|p2b: Sneasler\n|move|p2a: Floette|Dazzling Gleam|p1a: Gyarados|[spread] p1a,p1b\n|-supereffective|p1a: Gyarados|1\n|-crit|p1b: Sinistcha\n|-damage|p1a: Gyarados|0 fnt\n|-damage|p1b: Sinistcha|0 fnt\n|faint|p1a: Gyarados\n|faint|p1b: Sinistcha\n|\n|win|Saint Imu\n|raw|geekfam's rating: 1155 &rarr; <strong>1134</strong><br />(-21 for losing)\n|raw|Saint Imu's rating: 1216 &rarr; <strong>1237</strong><br />(+21 for winning)\n|l|\u2606geekfam\n|player|p1|\n",
  "uploadtime": 1776654812,
  "views": 5,
  "formatid": "gen9championsvgc2026regma",
  "rating": 1134,
  "private": 0,
  "password": null
}