{
  "id": "gen9championsvgc2026regma-2586840460",
  "format": "[Gen 9 Champions] VGC 2026 Reg M-A",
  "players": [
    "Creff",
    "Derni"
  ],
  "log": "|j|\u2606Creff\n|j|\u2606Derni\n|t:|1776464341\n|gametype|doubles\n|player|p1|Creff|infielder|1067\n|player|p2|Derni|1|1083\n|gen|9\n|tier|[Gen 9 Champions] VGC 2026 Reg M-A\n|rated|\n|rule|Species Clause: Limit one of each Pok\u00e9mon\n|rule|Item Clause: Limit 1 of each item\n|clearpoke\n|poke|p1|Glimmora, L50, M|\n|poke|p1|Ninetales-Alola, L50, M|\n|poke|p1|Sneasler, L50, F|\n|poke|p1|Palafin, L50, M|\n|poke|p1|Pelipper, L50, M|\n|poke|p1|Sinistcha, L50|\n|poke|p2|Sableye, L50, F|\n|poke|p2|Glimmora, L50, F|\n|poke|p2|Garganacl, L50, M|\n|poke|p2|Blastoise, L50, M|\n|poke|p2|Meowscarada, L50, M|\n|poke|p2|Skarmory, L50, F|\n|teampreview|4\n|\n|t:|1776464382\n|teamsize|p1|4\n|teamsize|p2|4\n|start\n|switch|p1a: Glimmora|Glimmora, L50, M|100/100\n|switch|p1b: Pelipper|Pelipper, L50, M|100/100\n|switch|p2a: Blastoise|Blastoise, L50, M|100/100\n|switch|p2b: Garganacl|Garganacl, L50, M|100/100\n|-weather|RainDance|[from] ability: Drizzle|[of] p1b: Pelipper\n|turn|1\n|\n|t:|1776464402\n|switch|p1a: Palafin|Palafin, L50, M|100/100\n|detailschange|p2a: Blastoise|Blastoise-Mega, L50, M\n|-mega|p2a: Blastoise|Blastoise|Blastoisinite\n|move|p2a: Blastoise|Shell Smash|p2a: Blastoise\n|-unboost|p2a: Blastoise|def|1\n|-unboost|p2a: Blastoise|spd|1\n|-boost|p2a: Blastoise|atk|2\n|-boost|p2a: Blastoise|spa|2\n|-boost|p2a: Blastoise|spe|2\n|move|p1b: Pelipper|Weather Ball|p2b: Garganacl\n|-supereffective|p2b: Garganacl|1\n|-damage|p2b: Garganacl|21/100\n|move|p2b: Garganacl|Salt Cure|p1b: Pelipper\n|-supereffective|p1b: Pelipper|1\n|-crit|p1b: Pelipper\n|-damage|p1b: Pelipper|48/100\n|-start|p1b: Pelipper|Salt Cure\n|\n|-weather|RainDance|[upkeep]\n|-heal|p2b: Garganacl|27/100|[from] item: Leftovers\n|-damage|p1b: Pelipper|36/100|[from] Salt Cure\n|upkeep\n|turn|2\n|\n|t:|1776464437\n|move|p1a: Palafin|Protect|p1a: Palafin\n|-singleturn|p1a: Palafin|Protect\n|move|p2a: Blastoise|Dark Pulse|p1a: Palafin\n|-activate|p1a: Palafin|move: Protect\n|move|p1b: Pelipper|Hurricane|p2a: Blastoise\n|-damage|p2a: Blastoise|38/100\n|-start|p2a: Blastoise|confusion\n|move|p2b: Garganacl|Recover|p2b: Garganacl\n|-heal|p2b: Garganacl|77/100\n|\n|-weather|RainDance|[upkeep]\n|-heal|p2b: Garganacl|83/100|[from] item: Leftovers\n|-damage|p1b: Pelipper|23/100|[from] Salt Cure\n|upkeep\n|turn|3\n|\n|t:|1776464472\n|detailschange|p1a: Palafin|Palafin-Hero, L50, M\n|switch|p1a: Sneasler|Sneasler, L50, F|100/100\n|-activate|p2a: Blastoise|confusion\n|move|p2a: Blastoise|Dark Pulse|p1a: Sneasler\n|-resisted|p1a: Sneasler|1\n|-damage|p1a: Sneasler|47/100\n|move|p1b: Pelipper|Weather Ball|p2b: Garganacl\n|-supereffective|p2b: Garganacl|1\n|-damage|p2b: Garganacl|4/100\n|move|p2b: Garganacl|Salt Cure|p1b: Pelipper\n|-supereffective|p1b: Pelipper|1\n|-damage|p1b: Pelipper|0 fnt\n|faint|p1b: Pelipper\n|\n|-weather|RainDance|[upkeep]\n|-heal|p2b: Garganacl|10/100|[from] item: Leftovers\n|upkeep\n|\n|t:|1776464490\n|switch|p1b: Palafin|Palafin-Hero, L50, M|100/100\n|-activate|p1b: Palafin|ability: Zero to Hero\n|turn|4\n|\n|t:|1776464518\n|move|p1a: Sneasler|Fake Out|p2a: Blastoise\n|-damage|p2a: Blastoise|16/100\n|move|p1b: Palafin|Jet Punch|p2a: Blastoise\n|-resisted|p2a: Blastoise|1\n|-damage|p2a: Blastoise|0 fnt\n|faint|p2a: Blastoise\n|move|p2b: Garganacl|Salt Cure|p1a: Sneasler\n|-resisted|p1a: Sneasler|1\n|-damage|p1a: Sneasler|36/100\n|-start|p1a: Sneasler|Salt Cure\n|\n|-weather|RainDance|[upkeep]\n|-heal|p2b: Garganacl|15/100|[from] item: Leftovers\n|-damage|p1a: Sneasler|30/100|[from] Salt Cure\n|upkeep\n|\n|t:|1776464533\n|switch|p2a: Meowscarada|Meowscarada, L50, M|100/100\n|turn|5\n|\n|t:|1776464556\n|move|p1b: Palafin|Protect|p1b: Palafin\n|-singleturn|p1b: Palafin|Protect\n|move|p2a: Meowscarada|Flower Trick|p1b: Palafin\n|-start|p2a: Meowscarada|typechange|Grass|[from] ability: Protean\n|-activate|p1b: Palafin|move: Protect\n|move|p1a: Sneasler|Dire Claw|p2a: Meowscarada\n|-supereffective|p2a: Meowscarada|1\n|-damage|p2a: Meowscarada|0 fnt\n|faint|p2a: Meowscarada\n|move|p2b: Garganacl|Recover|p2b: Garganacl\n|-heal|p2b: Garganacl|66/100\n|\n|-weather|none\n|-heal|p2b: Garganacl|72/100|[from] item: Leftovers\n|-damage|p1a: Sneasler|24/100|[from] Salt Cure\n|upkeep\n|\n|t:|1776464583\n|switch|p2a: Sableye|Sableye, L50, F|100/100\n|turn|6\n|\n|t:|1776464598\n|move|p2a: Sableye|Will-O-Wisp|p1b: Palafin\n|-status|p1b: Palafin|brn\n|move|p1a: Sneasler|Close Combat|p2b: Garganacl\n|-supereffective|p2b: Garganacl|1\n|-damage|p2b: Garganacl|0 fnt\n|-unboost|p1a: Sneasler|def|1\n|-unboost|p1a: Sneasler|spd|1\n|faint|p2b: Garganacl\n|-enditem|p1a: Sneasler|White Herb\n|-clearnegativeboost|p1a: Sneasler|[silent]\n|move|p1b: Palafin|Wave Crash|p2a: Sableye\n|-damage|p2a: Sableye|34/100\n|-enditem|p2a: Sableye|Sitrus Berry|[eat]\n|-heal|p2a: Sableye|58/100|[from] item: Sitrus Berry\n|-damage|p1b: Palafin|81/100 brn|[from] Recoil\n|\n|-damage|p1b: Palafin|75/100 brn|[from] brn\n|-damage|p1a: Sneasler|18/100|[from] Salt Cure\n|upkeep\n|turn|7\n|\n|t:|1776464616\n|switch|p1a: Glimmora|Glimmora, L50, M|100/100\n|move|p2a: Sableye|Recover|p2a: Sableye\n|-heal|p2a: Sableye|100/100\n|move|p1b: Palafin|Wave Crash|p2a: Sableye\n|-damage|p2a: Sableye|34/100\n|-damage|p1b: Palafin|55/100 brn|[from] Recoil\n|\n|-damage|p1b: Palafin|49/100 brn|[from] brn\n|upkeep\n|turn|8\n|\n|t:|1776464627\n|detailschange|p1a: Glimmora|Glimmora-Mega, L50, M\n|-mega|p1a: Glimmora|Glimmora|Glimmoranite\n|move|p1b: Palafin|Protect|p1b: Palafin\n|-singleturn|p1b: Palafin|Protect\n|move|p2a: Sableye|Recover|p2a: Sableye\n|-heal|p2a: Sableye|84/100\n|move|p1a: Glimmora|Power Gem|p2a: Sableye\n|-damage|p2a: Sableye|19/100\n|\n|-damage|p1b: Palafin|42/100 brn|[from] brn\n|upkeep\n|turn|9\n|\n|t:|1776464640\n|move|p1b: Palafin|Jet Punch|p2a: Sableye\n|-damage|p2a: Sableye|0 fnt\n|faint|p2a: Sableye\n|\n|win|Creff\n|raw|Creff's rating: 1067 &rarr; <strong>1098</strong><br />(+31 for winning)\n|raw|Derni's rating: 1083 &rarr; <strong>1060</strong><br />(-23 for losing)\n|l|\u2606Derni\n|player|p2|\n",
  "uploadtime": 1776464647,
  "views": 31,
  "formatid": "gen9championsvgc2026regma",
  "rating": 1060,
  "private": 0,
  "password": null
}