{
  "id": "gen9championsvgc2026regma-2580558625",
  "format": "[Gen 9 Champions] VGC 2026 Reg M-A",
  "players": [
    "conngudongoc",
    "Azreal29"
  ],
  "log": "|j|\u2606conngudongoc\n|j|\u2606Azreal29\n|t:|1775912727\n|gametype|doubles\n|player|p1|conngudongoc|169|1056\n|player|p2|Azreal29|pokemaniac|1000\n|gen|9\n|tier|[Gen 9 Champions] VGC 2026 Reg M-A\n|rated|\n|rule|Species Clause: Limit one of each Pok\u00e9mon\n|rule|Item Clause: Limit 1 of each item\n|clearpoke\n|poke|p1|Decidueye, L50, M|\n|poke|p1|Gyarados, L50, F|\n|poke|p1|Dragapult, L50, M|\n|poke|p1|Incineroar, L50, M|\n|poke|p1|Clefable, L50, M|\n|poke|p1|Whimsicott, L50, M|\n|poke|p2|Gengar, L50, F|\n|poke|p2|Pelipper, L50, M|\n|poke|p2|Incineroar, L50, M|\n|poke|p2|Maushold-Four, L50|\n|poke|p2|Politoed, L50, F|\n|poke|p2|Archaludon, L50, F|\n|teampreview|4\n|inactive|Battle timer is ON: inactive players will automatically lose when time's up. (requested by Azreal29)\n|\n|t:|1775912755\n|teamsize|p1|4\n|teamsize|p2|4\n|start\n|switch|p1a: Decidueye|Decidueye, L50, M|100/100\n|switch|p1b: Whimsicott|Whimsicott, L50, M|100/100\n|switch|p2a: Gengar|Gengar, L50, F, shiny|100/100\n|switch|p2b: Maushold|Maushold-Four, L50|100/100\n|turn|1\n|\n|t:|1775912771\n|detailschange|p2a: Gengar|Gengar-Mega, L50, F, shiny\n|-mega|p2a: Gengar|Gengar|Gengarite\n|move|p2b: Maushold|Follow Me|p2b: Maushold\n|-singleturn|p2b: Maushold|move: Follow Me\n|move|p1b: Whimsicott|Tailwind|p1b: Whimsicott\n|-sidestart|p1: conngudongoc|move: Tailwind\n|move|p1a: Decidueye|Knock Off|p2b: Maushold\n|-damage|p2b: Maushold|66/100\n|-enditem|p2b: Maushold|Mental Herb|[from] move: Knock Off|[of] p1a: Decidueye\n|move|p2a: Gengar|Perish Song|p2a: Gengar\n|-start|p1a: Decidueye|perish3|[silent]\n|-start|p1b: Whimsicott|perish3|[silent]\n|-start|p2a: Gengar|perish3|[silent]\n|-start|p2b: Maushold|perish3|[silent]\n|-fieldactivate|move: Perish Song\n|\n|-start|p1a: Decidueye|perish3\n|-start|p1b: Whimsicott|perish3\n|-start|p2a: Gengar|perish3\n|-start|p2b: Maushold|perish3\n|upkeep\n|turn|2\n|\n|t:|1775912795\n|move|p1b: Whimsicott|Helping Hand|p1a: Decidueye\n|-singleturn|p1a: Decidueye|Helping Hand|[of] p1b: Whimsicott\n|move|p2b: Maushold|Follow Me|p2b: Maushold\n|-singleturn|p2b: Maushold|move: Follow Me\n|move|p1a: Decidueye|Knock Off|p2b: Maushold\n|-damage|p2b: Maushold|35/100\n|move|p2a: Gengar|Disable|p1a: Decidueye\n|-start|p1a: Decidueye|Disable|Knock Off\n|\n|-start|p1a: Decidueye|perish2\n|-start|p1b: Whimsicott|perish2\n|-start|p2a: Gengar|perish2\n|-start|p2b: Maushold|perish2\n|upkeep\n|turn|3\n|inactive|conngudongoc has 30 seconds left.\n|inactive|Azreal29 has 30 seconds left.\n|\n|t:|1775912825\n|move|p2a: Gengar|Protect|p2a: Gengar\n|-singleturn|p2a: Gengar|Protect\n|move|p1b: Whimsicott|Leech Seed|p2b: Maushold\n|-start|p2b: Maushold|move: Leech Seed\n|-activate|p1a: Decidueye|move: Struggle\n|move|p1a: Decidueye|Struggle|p2b: Maushold\n|-damage|p2b: Maushold|17/100\n|-damage|p1a: Decidueye|75/100|[from] recoil\n|move|p2b: Maushold|Encore||[still]\n|-fail|p2b: Maushold\n|\n|-damage|p2b: Maushold|5/100|[from] Leech Seed|[of] p1b: Whimsicott\n|-start|p1a: Decidueye|perish1\n|-start|p1b: Whimsicott|perish1\n|-start|p2a: Gengar|perish1\n|-start|p2b: Maushold|perish1\n|upkeep\n|turn|4\n|\n|t:|1775912850\n|switch|p2a: Pelipper|Pelipper, L50, M|100/100\n|-weather|RainDance|[from] ability: Drizzle|[of] p2a: Pelipper\n|move|p2b: Maushold|Protect|p2b: Maushold\n|-singleturn|p2b: Maushold|Protect\n|move|p1b: Whimsicott|Leech Seed|p2a: Pelipper\n|-start|p2a: Pelipper|move: Leech Seed\n|-activate|p1a: Decidueye|move: Struggle\n|move|p1a: Decidueye|Struggle|p2a: Pelipper\n|-damage|p2a: Pelipper|85/100\n|-damage|p1a: Decidueye|50/100|[from] recoil\n|\n|-weather|RainDance|[upkeep]\n|-damage|p2b: Maushold|0 fnt|[from] Leech Seed|[of] p1b: Whimsicott\n|faint|p2b: Maushold\n|-damage|p2a: Pelipper|72/100|[from] Leech Seed|[of] p1b: Whimsicott\n|-start|p1a: Decidueye|perish0\n|-start|p1b: Whimsicott|perish0\n|-sideend|p1: conngudongoc|move: Tailwind\n|upkeep\n|faint|p1a: Decidueye\n|faint|p1b: Whimsicott\n|\n|t:|1775912872\n|switch|p1b: Incineroar|Incineroar, L50, M|100/100\n|switch|p2b: Archaludon|Archaludon, L50, F, shiny|100/100\n|switch|p1a: Gyarados|Gyarados, L50, F|100/100\n|-ability|p1a: Gyarados|Intimidate|boost\n|-unboost|p2a: Pelipper|atk|1\n|-unboost|p2b: Archaludon|atk|1\n|-ability|p1b: Incineroar|Intimidate|boost\n|-unboost|p2a: Pelipper|atk|1\n|-unboost|p2b: Archaludon|atk|1\n|turn|5\n|\n|t:|1775912895\n|detailschange|p1a: Gyarados|Gyarados-Mega, L50, F\n|-mega|p1a: Gyarados|Gyarados|Gyaradosite\n|-ability|p1a: Gyarados|Mold Breaker\n|move|p1a: Gyarados|Protect|p1a: Gyarados\n|-singleturn|p1a: Gyarados|Protect\n|move|p2a: Pelipper|Tailwind|p2a: Pelipper\n|-sidestart|p2: Azreal29|move: Tailwind\n|move|p2b: Archaludon|Electro Shot||[still]\n|-prepare|p2b: Archaludon|Electro Shot\n|-boost|p2b: Archaludon|spa|1\n|-anim|p2b: Archaludon|Electro Shot|p1a: Gyarados\n|-activate|p1a: Gyarados|move: Protect\n|move|p1b: Incineroar|Parting Shot|p2b: Archaludon\n|-unboost|p2b: Archaludon|atk|1\n|-unboost|p2b: Archaludon|spa|1\n|\n|-weather|RainDance|[upkeep]\n|-damage|p2a: Pelipper|60/100|[from] Leech Seed|[of] p1b: Incineroar\n|upkeep\n|turn|6\n|inactive|Azreal29 has 30 seconds left.\n|\n|t:|1775912922\n|move|p2a: Pelipper|Hurricane|p1b: Incineroar\n|-damage|p1b: Incineroar|52/100\n|move|p2b: Archaludon|Electro Shot||[still]\n|-prepare|p2b: Archaludon|Electro Shot\n|-boost|p2b: Archaludon|spa|1\n|-anim|p2b: Archaludon|Electro Shot|p1a: Gyarados\n|-supereffective|p1a: Gyarados|1\n|-damage|p1a: Gyarados|0 fnt\n|faint|p1a: Gyarados\n|move|p1b: Incineroar|Will-O-Wisp|p2b: Archaludon\n|-status|p2b: Archaludon|brn\n|\n|-weather|RainDance|[upkeep]\n|-damage|p2a: Pelipper|48/100|[from] Leech Seed|[of] p1b: Incineroar\n|-heal|p1b: Incineroar|62/100|[silent]\n|-damage|p2b: Archaludon|94/100 brn|[from] brn\n|upkeep\n|turn|7\n|l|\u2606conngudongoc\n|inactive|conngudongoc disconnected and has a minute to reconnect!\n|player|p1|\n|inactive|conngudongoc has 30 seconds left.\n|inactive|conngudongoc has 20 seconds left.\n|inactive|conngudongoc has 15 seconds left.\n|inactive|conngudongoc has 10 seconds left.\n|inactive|conngudongoc has 5 seconds left.\n|-message|conngudongoc lost due to inactivity.\n|\n|win|Azreal29\n|raw|conngudongoc's rating: 1056 &rarr; <strong>1035</strong><br />(-21 for losing)\n|raw|Azreal29's rating: 1000 &rarr; <strong>1046</strong><br />(+46 for winning)\n",
  "uploadtime": 1775912987,
  "views": 15,
  "formatid": "gen9championsvgc2026regma",
  "rating": 1035,
  "private": 0,
  "password": null
}