{
  "id": "gen9championsvgc2026regma-2582583594",
  "format": "[Gen 9 Champions] VGC 2026 Reg M-A",
  "players": [
    "LamaPapaDama",
    "kirbydirby22"
  ],
  "log": "|j|\u2606LamaPapaDama\n|j|\u2606kirbydirby22\n|t:|1776100848\n|gametype|doubles\n|player|p1|LamaPapaDama|169|1020\n|player|p2|kirbydirby22|iris-gen5bw2|1030\n|gen|9\n|tier|[Gen 9 Champions] VGC 2026 Reg M-A\n|rated|\n|rule|Species Clause: Limit one of each Pok\u00e9mon\n|rule|Item Clause: Limit 1 of each item\n|clearpoke\n|poke|p1|Floette-Eternal, L50, F|\n|poke|p1|Aerodactyl, L50, F|\n|poke|p1|Incineroar, L50, F|\n|poke|p1|Garchomp, L50, M|\n|poke|p1|Charizard, L50, M|\n|poke|p1|Venusaur, L50, F|\n|poke|p2|Azumarill, L50, F|\n|poke|p2|Politoed, L50, M|\n|poke|p2|Chimecho, L50, F|\n|poke|p2|Tinkaton, L50, F|\n|poke|p2|Alcremie-Ruby-Cream, L50, F|\n|poke|p2|Starmie, L50|\n|teampreview|4\n|inactive|Battle timer is ON: inactive players will automatically lose when time's up. (requested by LamaPapaDama)\n|\n|t:|1776100867\n|teamsize|p1|4\n|teamsize|p2|4\n|start\n|switch|p1a: Aerodactyl|Aerodactyl, L50, F|100/100\n|switch|p1b: Venusaur|Venusaur, L50, F|100/100\n|switch|p2a: Tinkaton|Tinkaton, L50, F|100/100\n|switch|p2b: Starmie|Starmie, L50|100/100\n|-ability|p1a: Aerodactyl|Unnerve\n|turn|1\n|\n|t:|1776100891\n|detailschange|p2b: Starmie|Starmie-Mega, L50\n|-mega|p2b: Starmie|Starmie|Starminite\n|move|p2a: Tinkaton|Fake Out|p1b: Venusaur\n|-damage|p1b: Venusaur|86/100\n|move|p2b: Starmie|Skill Swap|p2a: Tinkaton\n|-activate|p2b: Starmie|Skill Swap|||[of] p2a: Tinkaton\n|move|p1a: Aerodactyl|Tailwind|p1a: Aerodactyl\n|-sidestart|p1: LamaPapaDama|move: Tailwind\n|cant|p1b: Venusaur|flinch\n|\n|upkeep\n|turn|2\n|\n|t:|1776100910\n|move|p1a: Aerodactyl|Protect|p1a: Aerodactyl\n|-singleturn|p1a: Aerodactyl|Protect\n|move|p1b: Venusaur|Leaf Storm|p2b: Starmie\n|-supereffective|p2b: Starmie|1\n|-damage|p2b: Starmie|0 fnt\n|-unboost|p1b: Venusaur|spa|2\n|faint|p2b: Starmie\n|move|p2a: Tinkaton|Rock Slide|p1b: Venusaur|[spread] p1b\n|-activate|p1a: Aerodactyl|move: Protect\n|-damage|p1b: Venusaur|50/100\n|\n|upkeep\n|\n|t:|1776100922\n|switch|p2b: Alcremie|Alcremie-Ruby-Cream, L50, F|100/100\n|turn|3\n|\n|t:|1776100939\n|move|p1a: Aerodactyl|Dual Wingbeat|p2b: Alcremie\n|-damage|p2b: Alcremie|74/100\n|-damage|p2b: Alcremie|49/100\n|-hitcount|p2b: Alcremie|2\n|move|p1b: Venusaur|Earth Power|p2a: Tinkaton\n|-supereffective|p2a: Tinkaton|1\n|-damage|p2a: Tinkaton|73/100\n|move|p2a: Tinkaton|Gigaton Hammer|p1b: Venusaur\n|-damage|p1b: Venusaur|0 fnt\n|faint|p1b: Venusaur\n|move|p2b: Alcremie|Decorate|p2a: Tinkaton\n|-boost|p2a: Tinkaton|atk|2\n|-boost|p2a: Tinkaton|spa|2\n|\n|-heal|p2a: Tinkaton|79/100|[from] item: Leftovers\n|upkeep\n|\n|t:|1776100955\n|switch|p1b: Incineroar|Incineroar, L50, F|100/100\n|-ability|p1b: Incineroar|Intimidate|boost\n|-unboost|p2a: Tinkaton|atk|1\n|-unboost|p2b: Alcremie|atk|1\n|turn|4\n|\n|t:|1776100968\n|switch|p2b: Politoed|Politoed, L50, M|100/100\n|-weather|RainDance|[from] ability: Drizzle|[of] p2b: Politoed\n|move|p1b: Incineroar|Fake Out|p2a: Tinkaton\n|-resisted|p2a: Tinkaton|1\n|-damage|p2a: Tinkaton|71/100\n|move|p1a: Aerodactyl|Rock Slide|p2a: Tinkaton|[spread] p2a,p2b\n|-resisted|p2a: Tinkaton|1\n|-damage|p2a: Tinkaton|54/100\n|-damage|p2b: Politoed|73/100\n|cant|p2a: Tinkaton|flinch\n|\n|-weather|RainDance|[upkeep]\n|-heal|p2a: Tinkaton|60/100|[from] item: Leftovers\n|-sideend|p1: LamaPapaDama|move: Tailwind\n|upkeep\n|turn|5\n|\n|t:|1776100987\n|switch|p1b: Floette|Floette-Eternal, L50, F|100/100\n|switch|p2b: Alcremie|Alcremie-Ruby-Cream, L50, F|49/100\n|move|p1a: Aerodactyl|Rock Slide|p2b: Alcremie|[spread] p2b\n|-miss|p1a: Aerodactyl|p2a: Tinkaton\n|-damage|p2b: Alcremie|16/100\n|move|p2a: Tinkaton|Rock Slide|p1a: Aerodactyl|[spread] p1a,p1b\n|-supereffective|p1a: Aerodactyl|1\n|-damage|p1a: Aerodactyl|0 fnt\n|-damage|p1b: Floette|41/100\n|faint|p1a: Aerodactyl\n|\n|-weather|RainDance|[upkeep]\n|-heal|p2a: Tinkaton|66/100|[from] item: Leftovers\n|upkeep\n|\n|t:|1776100999\n|switch|p1a: Incineroar|Incineroar, L50, F|100/100\n|-ability|p1a: Incineroar|Intimidate|boost\n|-unboost|p2a: Tinkaton|atk|1\n|-unboost|p2b: Alcremie|atk|1\n|turn|6\n|\n|t:|1776101015\n|detailschange|p1b: Floette|Floette-Mega, L50, F\n|-mega|p1b: Floette|Floette|Floettite\n|-ability|p1b: Floette|Fairy Aura\n|move|p1a: Incineroar|Fake Out|p2a: Tinkaton\n|-resisted|p2a: Tinkaton|1\n|-damage|p2a: Tinkaton|58/100\n|cant|p2a: Tinkaton|flinch\n|move|p1b: Floette|Dazzling Gleam|p2a: Tinkaton|[spread] p2a\n|-miss|p1b: Floette|p2b: Alcremie\n|-resisted|p2a: Tinkaton|1\n|-damage|p2a: Tinkaton|30/100\n|move|p2b: Alcremie|Decorate|p2a: Tinkaton\n|-boost|p2a: Tinkaton|atk|2\n|-boost|p2a: Tinkaton|spa|2\n|\n|-weather|RainDance|[upkeep]\n|-heal|p2a: Tinkaton|36/100|[from] item: Leftovers\n|upkeep\n|turn|7\n|\n|t:|1776101034\n|move|p2b: Alcremie|Helping Hand|p2a: Tinkaton\n|-singleturn|p2a: Tinkaton|Helping Hand|[of] p2b: Alcremie\n|move|p2a: Tinkaton|Rock Slide|p1a: Incineroar|[spread] p1a,p1b\n|-supereffective|p1a: Incineroar|1\n|-damage|p1a: Incineroar|0 fnt\n|-damage|p1b: Floette|0 fnt\n|faint|p1a: Incineroar\n|faint|p1b: Floette\n|\n|win|kirbydirby22\n|raw|LamaPapaDama's rating: 1020 &rarr; <strong>1007</strong><br />(-13 for losing)\n|raw|kirbydirby22's rating: 1030 &rarr; <strong>1064</strong><br />(+34 for winning)\n|l|\u2606LamaPapaDama\n|player|p1|\n",
  "uploadtime": 1776101043,
  "views": 9,
  "formatid": "gen9championsvgc2026regma",
  "rating": 1007,
  "private": 0,
  "password": null
}