{
  "id": "gen9championsvgc2026regma-2589542485",
  "format": "[Gen 9 Champions] VGC 2026 Reg M-A",
  "players": [
    "TestingTestes123",
    "Biblical greed-ent"
  ],
  "log": "|j|\u2606TestingTestes123\n|j|\u2606Biblical greed-ent\n|t:|1776732527\n|gametype|doubles\n|player|p1|TestingTestes123|101|1199\n|player|p2|Biblical greed-ent|2|1222\n|gen|9\n|tier|[Gen 9 Champions] VGC 2026 Reg M-A\n|rated|\n|rule|Species Clause: Limit one of each Pok\u00e9mon\n|rule|Item Clause: Limit 1 of each item\n|clearpoke\n|poke|p1|Tyrantrum, L50, F|\n|poke|p1|Talonflame, L50, F|\n|poke|p1|Basculegion, L50, M|\n|poke|p1|Gengar, L50, F|\n|poke|p1|Whimsicott, L50, F|\n|poke|p1|Sneasler, L50, M|\n|poke|p2|Beedrill, L50, M|\n|poke|p2|Sylveon, L50, F, shiny|\n|poke|p2|Kommo-o, L50, F|\n|poke|p2|Incineroar, L50, F|\n|poke|p2|Garchomp, L50, F|\n|poke|p2|Sinistcha, L50|\n|teampreview|4\n|inactive|Battle timer is ON: inactive players will automatically lose when time's up. (requested by Biblical greed-ent)\n|inactive|TestingTestes123 has 60 seconds left.\n|\n|t:|1776732560\n|teamsize|p1|4\n|teamsize|p2|4\n|start\n|switch|p1a: Gengar|Gengar, L50, F|100/100\n|switch|p1b: Whimsicott|Whimsicott, L50, F|100/100\n|switch|p2a: Beedrill|Beedrill, L50, M|100/100\n|switch|p2b: Sylveon|Sylveon, L50, F, shiny|100/100\n|turn|1\n|\n|t:|1776732580\n|detailschange|p1a: Gengar|Gengar-Mega, L50, F\n|-mega|p1a: Gengar|Gengar|Gengarite\n|detailschange|p2a: Beedrill|Beedrill-Mega, L50, M\n|-mega|p2a: Beedrill|Beedrill|Beedrillite\n|move|p1b: Whimsicott|Protect|p1b: Whimsicott\n|-singleturn|p1b: Whimsicott|Protect\n|move|p1a: Gengar|Protect|p1a: Gengar\n|-singleturn|p1a: Gengar|Protect\n|move|p2a: Beedrill|Round|p1b: Whimsicott\n|-activate|p1b: Whimsicott|move: Protect\n|move|p2b: Sylveon|Round|p1b: Whimsicott|[from] move: Round\n|-activate|p1b: Whimsicott|move: Protect\n|\n|upkeep\n|turn|2\n|\n|t:|1776732603\n|move|p1b: Whimsicott|Tailwind|p1b: Whimsicott\n|-sidestart|p1: TestingTestes123|move: Tailwind\n|move|p1a: Gengar|Sludge Bomb|p2b: Sylveon\n|-supereffective|p2b: Sylveon|1\n|-damage|p2b: Sylveon|13/100\n|move|p2a: Beedrill|Poison Jab|p1b: Whimsicott\n|-supereffective|p1b: Whimsicott|2\n|-enditem|p1b: Whimsicott|Focus Sash\n|-damage|p1b: Whimsicott|1/100\n|move|p2b: Sylveon|Hyper Voice|p1b: Whimsicott|[spread] p1a,p1b\n|-resisted|p1a: Gengar|1\n|-damage|p1a: Gengar|69/100\n|-damage|p1b: Whimsicott|0 fnt\n|faint|p1b: Whimsicott\n|\n|upkeep\n|\n|t:|1776732618\n|switch|p1b: Tyrantrum|Tyrantrum, L50, F|100/100\n|turn|3\n|\n|t:|1776732635\n|move|p2a: Beedrill|Protect|p2a: Beedrill\n|-singleturn|p2a: Beedrill|Protect\n|move|p2b: Sylveon|Protect|p2b: Sylveon\n|-singleturn|p2b: Sylveon|Protect\n|move|p1a: Gengar|Sludge Bomb|p2b: Sylveon\n|-activate|p2b: Sylveon|move: Protect\n|move|p1b: Tyrantrum|Rock Slide|p2b: Sylveon|[spread] \n|-activate|p2a: Beedrill|move: Protect\n|-activate|p2b: Sylveon|move: Protect\n|\n|upkeep\n|turn|4\n|\n|t:|1776732650\n|move|p2b: Sylveon|Helping Hand|p2a: Beedrill\n|-singleturn|p2a: Beedrill|Helping Hand|[of] p2b: Sylveon\n|move|p1a: Gengar|Sludge Bomb|p2b: Sylveon\n|-supereffective|p2b: Sylveon|1\n|-damage|p2b: Sylveon|0 fnt\n|faint|p2b: Sylveon\n|move|p1b: Tyrantrum|Rock Slide|p2a: Beedrill\n|-supereffective|p2a: Beedrill|1\n|-damage|p2a: Beedrill|0 fnt\n|faint|p2a: Beedrill\n|\n|upkeep\n|\n|t:|1776732660\n|switch|p2a: Kommo-o|Kommo-o, L50, F|100/100\n|switch|p2b: Sinistcha|Sinistcha, L50|100/100\n|turn|5\n|inactive|TestingTestes123 has 30 seconds left.\n|\n|t:|1776732688\n|move|p1a: Gengar|Psychic|p2a: Kommo-o\n|-supereffective|p2a: Kommo-o|1\n|-damage|p2a: Kommo-o|2/100\n|move|p1b: Tyrantrum|Psychic Fangs|p2a: Kommo-o\n|-supereffective|p2a: Kommo-o|1\n|-damage|p2a: Kommo-o|0 fnt\n|faint|p2a: Kommo-o\n|move|p2b: Sinistcha|Life Dew||[still]\n|-fail|p2b: Sinistcha|heal\n|\n|-sideend|p1: TestingTestes123|move: Tailwind\n|upkeep\n|turn|6\n|\n|t:|1776732702\n|move|p1a: Gengar|Shadow Ball|p2b: Sinistcha\n|-supereffective|p2b: Sinistcha|1\n|-enditem|p2b: Sinistcha|Kasib Berry|[eat]\n|-enditem|p2b: Sinistcha|Kasib Berry|[weaken]\n|-damage|p2b: Sinistcha|47/100\n|move|p1b: Tyrantrum|Ice Fang|p2b: Sinistcha\n|-supereffective|p2b: Sinistcha|1\n|-damage|p2b: Sinistcha|0 fnt\n|faint|p2b: Sinistcha\n|\n|win|TestingTestes123\n|raw|TestingTestes123's rating: 1199 &rarr; <strong>1226</strong><br />(+27 for winning)\n|raw|Biblical greed-ent's rating: 1222 &rarr; <strong>1195</strong><br />(-27 for losing)\n|l|\u2606Biblical greed-ent\n|player|p2|\n",
  "uploadtime": 1776732737,
  "views": 4,
  "formatid": "gen9championsvgc2026regma",
  "rating": 1195,
  "private": 0,
  "password": null
}