{
  "id": "gen9championsvgc2026regma-2582009491",
  "format": "[Gen 9 Champions] VGC 2026 Reg M-A",
  "players": [
    "adsadsadse",
    "glimana"
  ],
  "log": "|j|\u2606adsadsadse\n|j|\u2606glimana\n|t:|1776047984\n|gametype|doubles\n|player|p1|adsadsadse|lucas|1148\n|player|p2|glimana|170|1131\n|gen|9\n|tier|[Gen 9 Champions] VGC 2026 Reg M-A\n|rated|\n|rule|Species Clause: Limit one of each Pok\u00e9mon\n|rule|Item Clause: Limit 1 of each item\n|clearpoke\n|poke|p1|Floette-Eternal, L50, F|\n|poke|p1|Incineroar, L50, F|\n|poke|p1|Ninetales-Alola, L50, M|\n|poke|p1|Basculegion, L50, M|\n|poke|p1|Whimsicott, L50, F|\n|poke|p1|Garchomp, L50, F|\n|poke|p2|Camerupt, L50, M|\n|poke|p2|Tyranitar, L50, F|\n|poke|p2|Glimmora, L50, F|\n|poke|p2|Armarouge, L50, F|\n|poke|p2|Torterra, L50, M|\n|poke|p2|Noivern, L50, F|\n|teampreview|4\n|inactive|Battle timer is ON: inactive players will automatically lose when time's up. (requested by adsadsadse)\n|inactive|adsadsadse has 60 seconds left.\n|inactive|glimana has 60 seconds left.\n|\n|t:|1776048024\n|teamsize|p1|4\n|teamsize|p2|4\n|start\n|switch|p1a: Floette|Floette-Eternal, L50, F|100/100\n|switch|p1b: Incineroar|Incineroar, L50, F|100/100\n|switch|p2a: Noivern|Noivern, L50, F|100/100\n|switch|p2b: Glimmora|Glimmora, L50, F|100/100\n|-ability|p1b: Incineroar|Intimidate|boost\n|-unboost|p2a: Noivern|atk|1\n|-unboost|p2b: Glimmora|atk|1\n|turn|1\n|inactive|glimana has 30 seconds left.\n|inactive|glimana has 20 seconds left.\n|inactive|glimana has 15 seconds left.\n|inactive|glimana has 10 seconds left.\n|inactive|glimana has 5 seconds left.\n|\n|t:|1776048075\n|switch|p2a: Tyranitar|Tyranitar, L50, F|100/100\n|-weather|Sandstorm|[from] ability: Sand Stream|[of] p2a: Tyranitar\n|detailschange|p1a: Floette|Floette-Mega, L50, F\n|-mega|p1a: Floette|Floette|Floettite\n|-ability|p1a: Floette|Fairy Aura\n|move|p1b: Incineroar|Fake Out|p2b: Glimmora\n|-resisted|p2b: Glimmora|1\n|-damage|p2b: Glimmora|94/100\n|-activate|p2b: Glimmora|ability: Toxic Debris\n|-sidestart|p1: adsadsadse|move: Toxic Spikes\n|move|p1a: Floette|Dazzling Gleam|p2b: Glimmora|[spread] p2a,p2b\n|-supereffective|p2a: Tyranitar|1\n|-resisted|p2b: Glimmora|1\n|-damage|p2a: Tyranitar|51/100\n|-damage|p2b: Glimmora|77/100\n|cant|p2b: Glimmora|flinch\n|\n|-weather|Sandstorm|[upkeep]\n|-damage|p1a: Floette|94/100|[from] Sandstorm\n|-damage|p1b: Incineroar|95/100|[from] Sandstorm\n|upkeep\n|turn|2\n|inactive|glimana has 30 seconds left.\n|inactive|glimana has 20 seconds left.\n|inactive|glimana has 15 seconds left.\n|\n|t:|1776048117\n|detailschange|p2b: Glimmora|Glimmora-Mega, L50, F\n|-mega|p2b: Glimmora|Glimmora|Glimmoranite\n|move|p1a: Floette|Protect|p1a: Floette\n|-singleturn|p1a: Floette|Protect\n|move|p2b: Glimmora|Sludge Wave|p1b: Incineroar|[spread] p2a,p1b\n|-activate|p1a: Floette|move: Protect\n|-resisted|p2a: Tyranitar|1\n|-damage|p2a: Tyranitar|37/100\n|-damage|p1b: Incineroar|50/100\n|move|p2a: Tyranitar|Rock Slide|p1b: Incineroar|[spread] p1b\n|-activate|p1a: Floette|move: Protect\n|-supereffective|p1b: Incineroar|1\n|-damage|p1b: Incineroar|14/100\n|move|p1b: Incineroar|Parting Shot|p2b: Glimmora\n|-unboost|p2b: Glimmora|atk|1\n|-unboost|p2b: Glimmora|spa|1\n|\n|t:|1776048137\n|switch|p1b: Basculegion|Basculegion, L50, M|100/100|[from] Parting Shot\n|-status|p1b: Basculegion|psn\n|\n|-weather|Sandstorm|[upkeep]\n|-damage|p1b: Basculegion|94/100 psn|[from] Sandstorm\n|-damage|p1a: Floette|88/100|[from] Sandstorm\n|-damage|p1b: Basculegion|82/100 psn|[from] psn\n|upkeep\n|turn|3\n|inactive|glimana has 30 seconds left.\n|inactive|glimana has 20 seconds left.\n|\n|t:|1776048175\n|switch|p2b: Torterra|Torterra, L50, M|100/100\n|move|p1b: Basculegion|Flip Turn|p2b: Torterra\n|-damage|p2b: Torterra|62/100\n|\n|t:|1776048183\n|switch|p1b: Incineroar|Incineroar, L50, F|14/100|[from] Flip Turn\n|-status|p1b: Incineroar|psn\n|-ability|p1b: Incineroar|Intimidate|boost\n|-unboost|p2a: Tyranitar|atk|1\n|-unboost|p2b: Torterra|atk|1\n|-enditem|p2b: Torterra|White Herb\n|-clearnegativeboost|p2b: Torterra|[silent]\n|move|p1a: Floette|Calm Mind|p1a: Floette\n|-boost|p1a: Floette|spa|1\n|-boost|p1a: Floette|spd|1\n|move|p2a: Tyranitar|Snarl|p1b: Incineroar|[spread] p1a,p1b\n|-resisted|p1a: Floette|1\n|-resisted|p1b: Incineroar|1\n|-damage|p1a: Floette|83/100\n|-damage|p1b: Incineroar|6/100 psn\n|-unboost|p1a: Floette|spa|1\n|-unboost|p1b: Incineroar|spa|1\n|\n|-weather|Sandstorm|[upkeep]\n|-damage|p1a: Floette|77/100|[from] Sandstorm\n|-damage|p1b: Incineroar|0 fnt|[from] Sandstorm\n|faint|p1b: Incineroar\n|upkeep\n|\n|t:|1776048193\n|switch|p1b: Basculegion|Basculegion, L50, M|82/100 psn\n|turn|4\n|inactive|glimana has 30 seconds left.\n|inactive|glimana has 20 seconds left.\n|inactive|glimana has 15 seconds left.\n|\n|t:|1776048233\n|move|p1b: Basculegion|Aqua Jet|p2a: Tyranitar\n|-supereffective|p2a: Tyranitar|1\n|-damage|p2a: Tyranitar|0 fnt\n|faint|p2a: Tyranitar\n|move|p1a: Floette|Calm Mind|p1a: Floette\n|-boost|p1a: Floette|spa|1\n|-boost|p1a: Floette|spd|1\n|move|p2b: Torterra|Wood Hammer|p1b: Basculegion\n|-supereffective|p1b: Basculegion|1\n|-damage|p1b: Basculegion|0 fnt\n|faint|p1b: Basculegion\n|-damage|p2b: Torterra|34/100|[from] Recoil\n|\n|-weather|Sandstorm|[upkeep]\n|-damage|p1a: Floette|71/100|[from] Sandstorm\n|upkeep\n|\n|t:|1776048249\n|switch|p1b: Garchomp|Garchomp, L50, F|100/100\n|switch|p2a: Noivern|Noivern, L50, F|100/100\n|-status|p1b: Garchomp|psn\n|turn|5\n|inactive|glimana has 30 seconds left.\n|inactive|glimana has 20 seconds left.\n|inactive|glimana has 15 seconds left.\n|inactive|glimana has 10 seconds left.\n|\n|t:|1776048296\n|move|p1a: Floette|Protect|p1a: Floette\n|-singleturn|p1a: Floette|Protect\n|move|p2a: Noivern|Tailwind|p2a: Noivern\n|-sidestart|p2: glimana|move: Tailwind\n|move|p2b: Torterra|Headlong Rush|p1a: Floette\n|-activate|p1a: Floette|move: Protect\n|move|p1b: Garchomp|Rock Slide|p2a: Noivern|[spread] p2b\n|-miss|p1b: Garchomp|p2a: Noivern\n|-resisted|p2b: Torterra|1\n|-damage|p2b: Torterra|24/100\n|\n|-weather|none\n|-damage|p1b: Garchomp|88/100 psn|[from] psn\n|upkeep\n|turn|6\n|inactive|glimana has 30 seconds left.\n|\n|t:|1776048325\n|move|p2a: Noivern|Draco Meteor|p1b: Garchomp\n|-supereffective|p1b: Garchomp|1\n|-damage|p1b: Garchomp|0 fnt\n|-unboost|p2a: Noivern|spa|2\n|faint|p1b: Garchomp\n|move|p2b: Torterra|Headlong Rush|p1a: Floette\n|-damage|p1a: Floette|2/100\n|-unboost|p2b: Torterra|def|1\n|-unboost|p2b: Torterra|spd|1\n|move|p1a: Floette|Dazzling Gleam|p2a: Noivern|[spread] p2a,p2b\n|-supereffective|p2a: Noivern|1\n|-damage|p2a: Noivern|0 fnt\n|-damage|p2b: Torterra|0 fnt\n|faint|p2a: Noivern\n|faint|p2b: Torterra\n|\n|upkeep\n|\n|t:|1776048338\n|switch|p2b: Glimmora|Glimmora-Mega, L50, F|77/100\n|turn|7\n|\n|t:|1776048351\n|move|p1a: Floette|Protect|p1a: Floette\n|-singleturn|p1a: Floette|Protect\n|move|p2b: Glimmora|Sludge Wave|p1a: Floette\n|-activate|p1a: Floette|move: Protect\n|\n|upkeep\n|turn|8\n|\n|t:|1776048353\n|move|p1a: Floette|Protect||[still]\n|-fail|p1a: Floette\n|move|p2b: Glimmora|Sludge Wave|p1a: Floette\n|-supereffective|p1a: Floette|1\n|-damage|p1a: Floette|0 fnt\n|faint|p1a: Floette\n|\n|win|glimana\n|raw|adsadsadse's rating: 1148 &rarr; <strong>1122</strong><br />(-26 for losing)\n|raw|glimana's rating: 1131 &rarr; <strong>1157</strong><br />(+26 for winning)\n|c|\u2606glimana|Gg\n",
  "uploadtime": 1776048498,
  "views": 13,
  "formatid": "gen9championsvgc2026regma",
  "rating": 1122,
  "private": 0,
  "password": null
}