{
  "id": "gen9championsvgc2026regma-2587115959",
  "format": "[Gen 9 Champions] VGC 2026 Reg M-A",
  "players": [
    "lakeandbake",
    "ojm050904"
  ],
  "log": "|j|\u203dlakeandbake\n|j|\u2606ojm050904\n|t:|1776495633\n|gametype|doubles\n|player|p1|lakeandbake|iono-masters|1106\n|player|p2|ojm050904|169|1097\n|gen|9\n|tier|[Gen 9 Champions] VGC 2026 Reg M-A\n|rated|\n|rule|Species Clause: Limit one of each Pok\u00e9mon\n|rule|Item Clause: Limit 1 of each item\n|clearpoke\n|poke|p1|Incineroar, L50, F, shiny|\n|poke|p1|Floette-Eternal, L50, F|\n|poke|p1|Delphox, L50, M|\n|poke|p1|Garchomp, L50, F|\n|poke|p1|Aerodactyl, L50, F|\n|poke|p1|Maushold, L50|\n|poke|p2|Garchomp, L50, F|\n|poke|p2|Archaludon, L50, F|\n|poke|p2|Gyarados, L50, F|\n|poke|p2|Incineroar, L50, F|\n|poke|p2|Sinistcha-Masterpiece, L50|\n|poke|p2|Corviknight, L50, F|\n|teampreview|4\n|inactive|Battle timer is ON: inactive players will automatically lose when time's up. (requested by lakeandbake)\n|\n|t:|1776495696\n|teamsize|p1|4\n|teamsize|p2|4\n|start\n|switch|p1a: Aerodactyl|Aerodactyl, L50, F|100/100\n|switch|p1b: Garchomp|Garchomp, L50, F|100/100\n|switch|p2a: Gyarados|Gyarados, L50, F|100/100\n|switch|p2b: Garchomp|Garchomp, L50, F|100/100\n|-ability|p1a: Aerodactyl|Unnerve\n|-ability|p2a: Gyarados|Intimidate|boost\n|-unboost|p1a: Aerodactyl|atk|1\n|-unboost|p1b: Garchomp|atk|1\n|-enditem|p1b: Garchomp|White Herb\n|-clearnegativeboost|p1b: Garchomp|[silent]\n|turn|1\n|inactive|lakeandbake has 30 seconds left.\n|inactive|ojm050904 has 30 seconds left.\n|\n|t:|1776495725\n|switch|p1b: Incineroar|Incineroar, L50, F, shiny|100/100\n|-ability|p1b: Incineroar|Intimidate|boost\n|-unboost|p2a: Gyarados|atk|1\n|-unboost|p2b: Garchomp|atk|1\n|switch|p2b: Archaludon|Archaludon, L50, F|100/100\n|move|p1a: Aerodactyl|Rock Slide|p2b: Archaludon|[spread] p2a,p2b\n|-supereffective|p2a: Gyarados|1\n|-resisted|p2b: Archaludon|1\n|-damage|p2a: Gyarados|65/100\n|-damage|p2b: Archaludon|94/100\n|-ability|p2b: Archaludon|Stamina|boost\n|-boost|p2b: Archaludon|def|1\n|move|p2a: Gyarados|Icy Wind|p1a: Aerodactyl|[spread] p1a,p1b\n|-supereffective|p1a: Aerodactyl|1\n|-resisted|p1b: Incineroar|1\n|-damage|p1a: Aerodactyl|81/100\n|-damage|p1b: Incineroar|98/100\n|-unboost|p1a: Aerodactyl|spe|1\n|-unboost|p1b: Incineroar|spe|1\n|\n|upkeep\n|turn|2\n|\n|t:|1776495750\n|move|p1a: Aerodactyl|Rock Slide|p2a: Gyarados|[spread] p2a,p2b\n|-supereffective|p2a: Gyarados|1\n|-resisted|p2b: Archaludon|1\n|-damage|p2a: Gyarados|31/100\n|-damage|p2b: Archaludon|89/100\n|-ability|p2b: Archaludon|Stamina|boost\n|-boost|p2b: Archaludon|def|1\n|move|p2a: Gyarados|Icy Wind|p1a: Aerodactyl|[spread] p1a,p1b\n|-supereffective|p1a: Aerodactyl|1\n|-resisted|p1b: Incineroar|1\n|-damage|p1a: Aerodactyl|62/100\n|-damage|p1b: Incineroar|95/100\n|-unboost|p1a: Aerodactyl|spe|1\n|-unboost|p1b: Incineroar|spe|1\n|move|p2b: Archaludon|Thunderbolt|p1a: Aerodactyl\n|-supereffective|p1a: Aerodactyl|1\n|-damage|p1a: Aerodactyl|0 fnt\n|faint|p1a: Aerodactyl\n|move|p1b: Incineroar|Parting Shot|p2b: Archaludon\n|-unboost|p2b: Archaludon|atk|1\n|-unboost|p2b: Archaludon|spa|1\n|\n|t:|1776495766\n|switch|p1b: Floette|Floette-Eternal, L50, F|100/100|[from] Parting Shot\n|\n|upkeep\n|\n|t:|1776495773\n|switch|p1a: Incineroar|Incineroar, L50, F, shiny|95/100\n|-ability|p1a: Incineroar|Intimidate|boost\n|-unboost|p2a: Gyarados|atk|1\n|-unboost|p2b: Archaludon|atk|1\n|turn|3\n|\n|t:|1776495786\n|detailschange|p1b: Floette|Floette-Mega, L50, F\n|-mega|p1b: Floette|Floette|Floettite\n|-ability|p1b: Floette|Fairy Aura\n|move|p1a: Incineroar|Fake Out|p2b: Archaludon\n|-resisted|p2b: Archaludon|1\n|-damage|p2b: Archaludon|87/100\n|-ability|p2b: Archaludon|Stamina|boost\n|-boost|p2b: Archaludon|def|1\n|move|p1b: Floette|Calm Mind|p1b: Floette\n|-boost|p1b: Floette|spa|1\n|-boost|p1b: Floette|spd|1\n|move|p2a: Gyarados|Dragon Cheer|p2b: Archaludon\n|-start|p2b: Archaludon|move: Dragon Cheer\n|cant|p2b: Archaludon|flinch\n|\n|upkeep\n|turn|4\n|inactive|lakeandbake has 30 seconds left.\n|\n|t:|1776495814\n|switch|p2a: Sinistcha|Sinistcha-Masterpiece, L50|100/100\n|-heal|p2b: Archaludon|100/100|[from] ability: Hospitality|[of] p2a: Sinistcha\n|move|p1b: Floette|Moonblast|p2b: Archaludon\n|-damage|p2b: Archaludon|0 fnt\n|faint|p2b: Archaludon\n|move|p1a: Incineroar|Parting Shot|p2a: Sinistcha\n|-unboost|p2a: Sinistcha|atk|1\n|-unboost|p2a: Sinistcha|spa|1\n|\n|t:|1776495826\n|switch|p1a: Garchomp|Garchomp, L50, F|100/100|[from] Parting Shot\n|\n|upkeep\n|\n|t:|1776495831\n|switch|p2b: Gyarados|Gyarados, L50, F|31/100\n|-ability|p2b: Gyarados|Intimidate|boost\n|-unboost|p1a: Garchomp|atk|1\n|-unboost|p1b: Floette|atk|1\n|turn|5\n|\n|t:|1776495839\n|switch|p1a: Incineroar|Incineroar, L50, F, shiny|95/100\n|-ability|p1a: Incineroar|Intimidate|boost\n|-unboost|p2a: Sinistcha|atk|1\n|-unboost|p2b: Gyarados|atk|1\n|move|p1b: Floette|Dazzling Gleam|p2a: Sinistcha|[spread] p2a,p2b\n|-damage|p2a: Sinistcha|36/100\n|-damage|p2b: Gyarados|0 fnt\n|faint|p2b: Gyarados\n|move|p2a: Sinistcha|Life Dew|p2a: Sinistcha\n|-heal|p2a: Sinistcha|62/100\n|\n|upkeep\n|\n|t:|1776495841\n|switch|p2b: Garchomp|Garchomp, L50, F|100/100\n|turn|6\n|\n|t:|1776495855\n|detailschange|p2b: Garchomp|Garchomp-Mega, L50, F\n|-mega|p2b: Garchomp|Garchomp|Garchompite\n|move|p1a: Incineroar|Fake Out|p2b: Garchomp\n|-damage|p2b: Garchomp|93/100\n|move|p2a: Sinistcha|Rage Powder|p2a: Sinistcha\n|-singleturn|p2a: Sinistcha|move: Rage Powder\n|move|p1b: Floette|Calm Mind|p1b: Floette\n|-boost|p1b: Floette|spa|1\n|-boost|p1b: Floette|spd|1\n|cant|p2b: Garchomp|flinch\n|\n|upkeep\n|turn|7\n|\n|t:|1776495867\n|switch|p1a: Garchomp|Garchomp, L50, F|100/100\n|move|p1b: Floette|Protect|p1b: Floette\n|-singleturn|p1b: Floette|Protect\n|move|p2a: Sinistcha|Rage Powder|p2a: Sinistcha\n|-singleturn|p2a: Sinistcha|move: Rage Powder\n|move|p2b: Garchomp|Stone Edge|p1b: Floette\n|-activate|p1b: Floette|move: Protect\n|\n|upkeep\n|turn|8\n|\n|t:|1776495878\n|move|p2a: Sinistcha|Rage Powder|p2a: Sinistcha\n|-singleturn|p2a: Sinistcha|move: Rage Powder\n|move|p1a: Garchomp|Rock Slide|p2a: Sinistcha|[spread] p2a,p2b\n|-resisted|p2b: Garchomp|1\n|-damage|p2a: Sinistcha|43/100\n|-damage|p2b: Garchomp|86/100\n|move|p1b: Floette|Dazzling Gleam|p2b: Garchomp|[spread] p2a,p2b\n|-supereffective|p2b: Garchomp|1\n|-damage|p2a: Sinistcha|0 fnt\n|-damage|p2b: Garchomp|0 fnt\n|faint|p2a: Sinistcha\n|faint|p2b: Garchomp\n|\n|win|lakeandbake\n|raw|lakeandbake's rating: 1106 &rarr; <strong>1130</strong><br />(+24 for winning)\n|raw|ojm050904's rating: 1097 &rarr; <strong>1073</strong><br />(-24 for losing)\n",
  "uploadtime": 1776495878,
  "views": 14,
  "formatid": "gen9championsvgc2026regma",
  "rating": 1073,
  "private": 0,
  "password": null
}