{
  "id": "gen9championsvgc2026regma-2587693522",
  "format": "[Gen 9 Champions] VGC 2026 Reg M-A",
  "players": [
    "VELA47",
    "satanisdaddy"
  ],
  "log": "|j|\u203dVELA47\n|j|\u2606satanisdaddy\n|t:|1776554564\n|gametype|doubles\n|player|p1|VELA47|lucas|1043\n|player|p2|satanisdaddy|boarder|1057\n|gen|9\n|tier|[Gen 9 Champions] VGC 2026 Reg M-A\n|rated|\n|rule|Species Clause: Limit one of each Pok\u00e9mon\n|rule|Item Clause: Limit 1 of each item\n|clearpoke\n|poke|p1|Rotom-Wash, L50|\n|poke|p1|Empoleon, L50, F|\n|poke|p1|Aerodactyl, L50, M|\n|poke|p1|Garchomp, L50, F|\n|poke|p1|Sneasler, L50, M|\n|poke|p1|Incineroar, L50, M|\n|poke|p2|Tyranitar, L50, F|\n|poke|p2|Oranguru, L50, M|\n|poke|p2|Primarina, L50, F|\n|poke|p2|Steelix, L50, M, shiny|\n|poke|p2|Emboar, L50, F|\n|poke|p2|Farigiraf, L50, M|\n|teampreview|4\n|\n|t:|1776554622\n|teamsize|p1|4\n|teamsize|p2|4\n|start\n|switch|p1a: Sneasler|Sneasler, L50, M|100/100\n|switch|p1b: Incineroar|Incineroar, L50, M|100/100\n|switch|p2a: Farigiraf|Farigiraf, L50, M|100/100\n|switch|p2b: Primarina|Primarina, L50, F|100/100\n|-ability|p1b: Incineroar|Intimidate|boost\n|-unboost|p2a: Farigiraf|atk|1\n|-unboost|p2b: Primarina|atk|1\n|turn|1\n|\n|t:|1776554661\n|move|p2b: Primarina|Protect|p2b: Primarina\n|-singleturn|p2b: Primarina|Protect\n|move|p1a: Sneasler|Dire Claw|p2b: Primarina\n|-activate|p2b: Primarina|move: Protect\n|move|p1b: Incineroar|Darkest Lariat|p2a: Farigiraf\n|-supereffective|p2a: Farigiraf|1\n|-damage|p2a: Farigiraf|18/100\n|move|p2a: Farigiraf|Twin Beam|p1a: Sneasler\n|-supereffective|p1a: Sneasler|2\n|-damage|p1a: Sneasler|16/100\n|-supereffective|p1a: Sneasler|2\n|-damage|p1a: Sneasler|0 fnt\n|faint|p1a: Sneasler\n|-hitcount|p1: Sneasler|2\n|\n|-heal|p2a: Farigiraf|24/100|[from] item: Leftovers\n|upkeep\n|\n|t:|1776554679\n|switch|p1a: Rotom|Rotom-Wash, L50|100/100\n|turn|2\n|\n|t:|1776554716\n|switch|p2b: Oranguru|Oranguru, L50, M|100/100\n|move|p1a: Rotom|Thunderbolt|p2b: Oranguru\n|-damage|p2b: Oranguru|75/100\n|move|p1b: Incineroar|Darkest Lariat|p2a: Farigiraf\n|-supereffective|p2a: Farigiraf|1\n|-damage|p2a: Farigiraf|0 fnt\n|faint|p2a: Farigiraf\n|\n|upkeep\n|\n|t:|1776554726\n|switch|p2a: Tyranitar|Tyranitar, L50, F|100/100\n|-weather|Sandstorm|[from] ability: Sand Stream|[of] p2a: Tyranitar\n|turn|3\n|\n|t:|1776554739\n|move|p2a: Tyranitar|Protect|p2a: Tyranitar\n|-singleturn|p2a: Tyranitar|Protect\n|move|p1a: Rotom|Hydro Pump|p2a: Tyranitar\n|-activate|p2a: Tyranitar|move: Protect\n|move|p1b: Incineroar|Darkest Lariat|p2b: Oranguru\n|-supereffective|p2b: Oranguru|1\n|-damage|p2b: Oranguru|2/100\n|move|p2b: Oranguru|Trick Room|p2b: Oranguru\n|-fieldstart|move: Trick Room|[of] p2b: Oranguru\n|\n|-weather|Sandstorm|[upkeep]\n|-damage|p2b: Oranguru|0 fnt|[from] Sandstorm\n|-damage|p1b: Incineroar|95/100|[from] Sandstorm\n|-damage|p1a: Rotom|95/100|[from] Sandstorm\n|faint|p2b: Oranguru\n|upkeep\n|\n|t:|1776554749\n|switch|p2b: Primarina|Primarina, L50, F|100/100\n|turn|4\n|\n|t:|1776554762\n|move|p2a: Tyranitar|Rock Slide|p1a: Rotom|[spread] p1a\n|-miss|p2a: Tyranitar|p1b: Incineroar\n|-damage|p1a: Rotom|59/100\n|move|p2b: Primarina|Dazzling Gleam|p1a: Rotom|[spread] p1a,p1b\n|-damage|p1a: Rotom|16/100\n|-damage|p1b: Incineroar|58/100\n|-enditem|p1a: Rotom|Sitrus Berry|[eat]\n|-heal|p1a: Rotom|40/100|[from] item: Sitrus Berry\n|move|p1b: Incineroar|Parting Shot|p2b: Primarina\n|-unboost|p2b: Primarina|atk|1\n|-unboost|p2b: Primarina|spa|1\n|\n|t:|1776554774\n|switch|p1b: Garchomp|Garchomp, L50, F|100/100|[from] Parting Shot\n|move|p1a: Rotom|Hydro Pump|p2a: Tyranitar\n|-supereffective|p2a: Tyranitar|1\n|-damage|p2a: Tyranitar|60/100\n|\n|-weather|Sandstorm|[upkeep]\n|-damage|p2b: Primarina|94/100|[from] Sandstorm\n|-damage|p1a: Rotom|35/100|[from] Sandstorm\n|upkeep\n|turn|5\n|\n|t:|1776554796\n|move|p2a: Tyranitar|Knock Off|p1a: Rotom\n|-damage|p1a: Rotom|0 fnt\n|faint|p1a: Rotom\n|move|p2b: Primarina|Ice Beam|p1b: Garchomp\n|-supereffective|p1b: Garchomp|2\n|-enditem|p1b: Garchomp|Yache Berry|[eat]\n|-enditem|p1b: Garchomp|Yache Berry|[weaken]\n|-damage|p1b: Garchomp|42/100\n|move|p1b: Garchomp|Earthquake|p2b: Primarina|[spread] p2a,p2b\n|-supereffective|p2a: Tyranitar|1\n|-damage|p2a: Tyranitar|20/100\n|-damage|p2b: Primarina|57/100\n|\n|-weather|Sandstorm|[upkeep]\n|-damage|p2b: Primarina|51/100|[from] Sandstorm\n|upkeep\n|\n|t:|1776554808\n|switch|p1a: Incineroar|Incineroar, L50, M|58/100\n|-ability|p1a: Incineroar|Intimidate|boost\n|-unboost|p2a: Tyranitar|atk|1\n|-unboost|p2b: Primarina|atk|1\n|turn|6\n|\n|t:|1776554837\n|move|p2b: Primarina|Protect|p2b: Primarina\n|-singleturn|p2b: Primarina|Protect\n|move|p1a: Incineroar|Fake Out|p2b: Primarina\n|-activate|p2b: Primarina|move: Protect\n|move|p2a: Tyranitar|Rock Slide|p1a: Incineroar|[spread] p1a,p1b\n|-supereffective|p1a: Incineroar|1\n|-resisted|p1b: Garchomp|1\n|-damage|p1a: Incineroar|22/100\n|-damage|p1b: Garchomp|34/100\n|move|p1b: Garchomp|Iron Head|p2b: Primarina\n|-activate|p2b: Primarina|move: Protect\n|\n|-weather|Sandstorm|[upkeep]\n|-damage|p2b: Primarina|45/100|[from] Sandstorm\n|-damage|p1a: Incineroar|16/100|[from] Sandstorm\n|upkeep\n|turn|7\n|\n|t:|1776554870\n|move|p2a: Tyranitar|Rock Slide|p1a: Incineroar|[spread] p1a\n|-miss|p2a: Tyranitar|p1b: Garchomp\n|-supereffective|p1a: Incineroar|1\n|-damage|p1a: Incineroar|0 fnt\n|faint|p1a: Incineroar\n|move|p2b: Primarina|Dazzling Gleam|p1b: Garchomp\n|-supereffective|p1b: Garchomp|1\n|-damage|p1b: Garchomp|0 fnt\n|faint|p1b: Garchomp\n|\n|win|satanisdaddy\n|raw|VELA47's rating: 1043 &rarr; <strong>1027</strong><br />(-16 for losing)\n|raw|satanisdaddy's rating: 1057 &rarr; <strong>1087</strong><br />(+30 for winning)\n",
  "uploadtime": 1776554882,
  "views": 19,
  "formatid": "gen9championsvgc2026regma",
  "rating": 1027,
  "private": 0,
  "password": null
}