{
  "id": "gen9championsvgc2026regma-2582925489",
  "format": "[Gen 9 Champions] VGC 2026 Reg M-A",
  "players": [
    "RustyHoney",
    "KAK4P0"
  ],
  "log": "|j|\u2606RustyHoney\n|j|\u2606KAK4P0\n|t:|1776125532\n|gametype|doubles\n|player|p1|RustyHoney|marshal|1000\n|player|p2|KAK4P0|harlequin|1046\n|gen|9\n|tier|[Gen 9 Champions] VGC 2026 Reg M-A\n|rated|\n|rule|Species Clause: Limit one of each Pok\u00e9mon\n|rule|Item Clause: Limit 1 of each item\n|clearpoke\n|poke|p1|Reuniclus, L50, F|\n|poke|p1|Charizard, L50, M|\n|poke|p1|Steelix, L50, M|\n|poke|p1|Azumarill, L50, F|\n|poke|p1|Gengar, L50, F|\n|poke|p1|Vanilluxe, L50, F|\n|poke|p2|Meganium, L50, F|\n|poke|p2|Politoed, L50, M|\n|poke|p2|Toxicroak, L50, M|\n|poke|p2|Bellibolt, L50, M|\n|poke|p2|Vivillon-Garden, L50, M|\n|poke|p2|Dragapult, L50, F|\n|teampreview|4\n|inactive|Battle timer is ON: inactive players will automatically lose when time's up. (requested by KAK4P0)\nKAK4P0 rejected open team sheets.\n|inactive|RustyHoney has 60 seconds left.\n|inactive|KAK4P0 has 60 seconds left.\n|\n|t:|1776125593\n|teamsize|p1|4\n|teamsize|p2|4\n|start\n|switch|p1a: Reuniclus|Reuniclus, L50, F|100/100\n|switch|p1b: Azumarill|Azumarill, L50, F, shiny|100/100\n|switch|p2a: Toxicroak|Toxicroak, L50, M|100/100\n|switch|p2b: Bellibolt|Bellibolt, L50, M|100/100\n|turn|1\n|inactive|RustyHoney has 30 seconds left.\n|\n|t:|1776125627\n|switch|p1b: Steelix|Steelix, L50, M, shiny|100/100\n|move|p2a: Toxicroak|Fake Out|p1a: Reuniclus\n|-damage|p1a: Reuniclus|89/100\n|move|p2b: Bellibolt|Toxic|p1b: Steelix\n|-immune|p1b: Steelix\n|cant|p1a: Reuniclus|flinch\n|\n|upkeep\n|turn|2\n|-activate|p1b: Steelix|item: Quick Claw\n|\n|t:|1776125646\n|switch|p2a: Politoed|Politoed, L50, M|100/100\n|-weather|RainDance|[from] ability: Drizzle|[of] p2a: Politoed\n|move|p2b: Bellibolt|Protect|p2b: Bellibolt\n|-singleturn|p2b: Bellibolt|Protect\n|move|p1a: Reuniclus|Protect|p1a: Reuniclus\n|-singleturn|p1a: Reuniclus|Protect\n|move|p1b: Steelix|Earthquake|p2a: Politoed|[spread] p2a\n|-activate|p1a: Reuniclus|move: Protect\n|-activate|p2b: Bellibolt|move: Protect\n|-damage|p2a: Politoed|73/100\n|\n|-weather|RainDance|[upkeep]\n|upkeep\n|turn|3\n|-activate|p1b: Steelix|item: Quick Claw\n|\n|t:|1776125668\n|switch|p1a: Vanilluxe|Vanilluxe, L50, F, shiny|100/100\n|-weather|Snowscape|[from] ability: Snow Warning|[of] p1a: Vanilluxe\n|move|p1b: Steelix|Earthquake|p2a: Politoed|[spread] p1a,p2a,p2b\n|-supereffective|p2b: Bellibolt|1\n|-damage|p1a: Vanilluxe|78/100\n|-damage|p2a: Politoed|41/100\n|-damage|p2b: Bellibolt|53/100\n|-start|p2b: Bellibolt|Charge|Earthquake|[from] ability: Electromorphosis\n|-enditem|p2a: Politoed|Sitrus Berry|[eat]\n|-heal|p2a: Politoed|65/100|[from] item: Sitrus Berry\n|move|p2a: Politoed|Hydro Pump|p1a: Vanilluxe\n|-damage|p1a: Vanilluxe|35/100\n|move|p2b: Bellibolt|Thunder|p1a: Vanilluxe|[miss]\n|-miss|p2b: Bellibolt|p1a: Vanilluxe\n|-end|p2b: Bellibolt|Charge|[silent]\n|\n|-weather|Snowscape|[upkeep]\n|-heal|p2b: Bellibolt|59/100|[from] item: Leftovers\n|upkeep\n|turn|4\n|inactive|RustyHoney has 30 seconds left.\n|-activate|p1b: Steelix|item: Quick Claw\n|\n|t:|1776125703\n|move|p2b: Bellibolt|Protect|p2b: Bellibolt\n|-singleturn|p2b: Bellibolt|Protect\n|move|p1b: Steelix|Body Press|p2b: Bellibolt\n|-activate|p2b: Bellibolt|move: Protect\n|move|p1a: Vanilluxe|Freeze-Dry|p2a: Politoed\n|-supereffective|p2a: Politoed|1\n|-damage|p2a: Politoed|17/100\n|move|p2a: Politoed|Rain Dance|p2a: Politoed\n|-weather|RainDance\n|\n|-weather|RainDance|[upkeep]\n|-heal|p2b: Bellibolt|65/100|[from] item: Leftovers\n|upkeep\n|turn|5\n|inactive|RustyHoney has 30 seconds left.\n|-activate|p1b: Steelix|item: Quick Claw\n|\n|t:|1776125735\n|move|p1b: Steelix|Body Press|p2b: Bellibolt\n|-damage|p2b: Bellibolt|32/100\n|-start|p2b: Bellibolt|Charge|Body Press|[from] ability: Electromorphosis\n|move|p1a: Vanilluxe|Freeze-Dry|p2a: Politoed\n|-supereffective|p2a: Politoed|1\n|-damage|p2a: Politoed|0 fnt\n|faint|p2a: Politoed\n|move|p2b: Bellibolt|Thunder|p1a: Vanilluxe\n|-damage|p1a: Vanilluxe|0 fnt\n|faint|p1a: Vanilluxe\n|-end|p2b: Bellibolt|Charge|[silent]\n|\n|-weather|RainDance|[upkeep]\n|-heal|p2b: Bellibolt|38/100|[from] item: Leftovers\n|upkeep\n|\n|t:|1776125752\n|switch|p1a: Reuniclus|Reuniclus, L50, F|89/100\n|switch|p2a: Toxicroak|Toxicroak, L50, M|100/100\n|turn|6\n|inactive|RustyHoney has 30 seconds left.\n|-activate|p1b: Steelix|item: Quick Claw\n|\n|t:|1776125781\n|move|p1a: Reuniclus|Protect|p1a: Reuniclus\n|-singleturn|p1a: Reuniclus|Protect\n|move|p2a: Toxicroak|Fake Out|p1b: Steelix\n|-resisted|p1b: Steelix|1\n|-damage|p1b: Steelix|97/100\n|cant|p1b: Steelix|flinch\n|move|p2b: Bellibolt|Thunder|p1a: Reuniclus\n|-activate|p1a: Reuniclus|move: Protect\n|\n|-weather|RainDance|[upkeep]\n|-heal|p2b: Bellibolt|44/100|[from] item: Leftovers\n|upkeep\n|turn|7\n|\n|t:|1776125800\n|move|p2a: Toxicroak|Close Combat|p1b: Steelix\n|-supereffective|p1b: Steelix|1\n|-damage|p1b: Steelix|44/100\n|-unboost|p2a: Toxicroak|def|1\n|-unboost|p2a: Toxicroak|spd|1\n|move|p2b: Bellibolt|Thunder|p1a: Reuniclus\n|-damage|p1a: Reuniclus|30/100\n|move|p1b: Steelix|Earthquake|p2a: Toxicroak|[spread] p1a,p2a,p2b\n|-supereffective|p2a: Toxicroak|1\n|-supereffective|p2b: Bellibolt|1\n|-damage|p1a: Reuniclus|4/100\n|-damage|p2a: Toxicroak|0 fnt\n|-damage|p2b: Bellibolt|0 fnt\n|faint|p2a: Toxicroak\n|faint|p2b: Bellibolt\n|move|p1a: Reuniclus|Psychic|p2: Toxicroak|[notarget]\n|-fail|p1a: Reuniclus\n|\n|-weather|RainDance|[upkeep]\n|upkeep\n|\n|t:|1776125818\n|switch|p2b: Meganium|Meganium, L50, F|100/100\n|turn|8\n|\n|t:|1776125829\n|detailschange|p2b: Meganium|Meganium-Mega, L50, F\n|-mega|p2b: Meganium|Meganium|Meganiumite\n|move|p2b: Meganium|Solar Beam||[still]\n|-prepare|p2b: Meganium|Solar Beam\n|-activate|p2b: Meganium|ability: Mega Sol\n|-anim|p2b: Meganium|Solar Beam|p1b: Steelix\n|-damage|p1b: Steelix|0 fnt\n|faint|p1b: Steelix\n|move|p1a: Reuniclus|Psychic|p2b: Meganium\n|-damage|p2b: Meganium|54/100\n|\n|-weather|none\n|upkeep\n|\n|t:|1776125839\n|switch|p1b: Azumarill|Azumarill, L50, F, shiny|100/100\n|turn|9\n|\n|t:|1776125862\n|move|p2b: Meganium|Protect|p2b: Meganium\n|-singleturn|p2b: Meganium|Protect\n|move|p1b: Azumarill|Play Rough|p2b: Meganium\n|-activate|p2b: Meganium|move: Protect\n|move|p1a: Reuniclus|Psychic|p2b: Meganium\n|-activate|p2b: Meganium|move: Protect\n|\n|upkeep\n|turn|10\n|\n|t:|1776125882\n|move|p2b: Meganium|Dazzling Gleam|p1a: Reuniclus|[spread] p1a,p1b\n|-damage|p1a: Reuniclus|0 fnt\n|-damage|p1b: Azumarill|64/100\n|faint|p1a: Reuniclus\n|move|p1b: Azumarill|Play Rough|p2b: Meganium\n|-damage|p2b: Meganium|4/100\n|\n|upkeep\n|turn|11\n|\n|t:|1776125895\n|move|p1b: Azumarill|Aqua Jet|p2b: Meganium\n|-resisted|p2b: Meganium|1\n|-damage|p2b: Meganium|0 fnt\n|faint|p2b: Meganium\n|\n|win|RustyHoney\n|raw|RustyHoney's rating: 1000 &rarr; <strong>1045</strong><br />(+45 for winning)\n|raw|KAK4P0's rating: 1046 &rarr; <strong>1027</strong><br />(-19 for losing)\n|c|\u2606RustyHoney|gg\n|c|\u2606KAK4P0|Gg\n|c|\u2606RustyHoney|is this your actual team?\n|c|\u2606RustyHoney|cause I like it alot\n|c|\u2606KAK4P0|I am testing for the mobile release\n|c|\u2606KAK4P0|Thanks\n|c|\u2606RustyHoney|keep going Im in Ultraball 4 rn and you got the skills fr fr\n|c|\u2606KAK4P0|It is a pond themed team\n|c|\u2606RustyHoney|ooooooooo\n|c|\u2606RustyHoney|I like it\n|l|\u2606RustyHoney\n|player|p1|\n",
  "uploadtime": 1776126033,
  "views": 13,
  "formatid": "gen9championsvgc2026regma",
  "rating": 1027,
  "private": 0,
  "password": null
}