{
  "id": "gen9championsvgc2026regma-2585550250",
  "format": "[Gen 9 Champions] VGC 2026 Reg M-A",
  "players": [
    "hsauraa02",
    "bispoeya"
  ],
  "log": "|j|\u2606hsauraa02\n|j|\u2606bispoeya\n|t:|1776354908\n|gametype|doubles\n|player|p1|hsauraa02|170|1044\n|player|p2|bispoeya|flint|1028\n|gen|9\n|tier|[Gen 9 Champions] VGC 2026 Reg M-A\n|rated|\n|rule|Species Clause: Limit one of each Pok\u00e9mon\n|rule|Item Clause: Limit 1 of each item\n|clearpoke\n|poke|p1|Charizard, L50, M|\n|poke|p1|Kingambit, L50, M|\n|poke|p1|Incineroar, L50, M|\n|poke|p1|Sneasler, L50, M|\n|poke|p1|Garchomp, L50, M|\n|poke|p1|Rotom-Wash, L50|\n|poke|p2|Meganium, L50, F|\n|poke|p2|Pelipper, L50, F|\n|poke|p2|Archaludon, L50, M|\n|poke|p2|Basculegion, L50, M|\n|poke|p2|Rotom-Wash, L50|\n|poke|p2|Politoed, L50, F|\n|teampreview|4\n|\n|t:|1776354935\n|teamsize|p1|4\n|teamsize|p2|4\n|start\n|switch|p1a: Garchomp|Garchomp, L50, M|100/100\n|switch|p1b: Rotom|Rotom-Wash, L50|100/100\n|switch|p2a: Pelipper|Pelipper, L50, F|100/100\n|switch|p2b: Meganium|Meganium, L50, F, shiny|100/100\n|-weather|RainDance|[from] ability: Drizzle|[of] p2a: Pelipper\n|turn|1\n|inactive|Battle timer is ON: inactive players will automatically lose when time's up. (requested by hsauraa02)\n|\n|t:|1776354958\n|detailschange|p2b: Meganium|Meganium-Mega, L50, F, shiny\n|-mega|p2b: Meganium|Meganium|Meganiumite\n|move|p2a: Pelipper|Protect|p2a: Pelipper\n|-singleturn|p2a: Pelipper|Protect\n|move|p1a: Garchomp|Rock Slide|p2a: Pelipper|[spread] \n|-activate|p2a: Pelipper|move: Protect\n|-miss|p1a: Garchomp|p2b: Meganium\n|move|p2b: Meganium|Dazzling Gleam|p1b: Rotom|[spread] p1a,p1b\n|-supereffective|p1a: Garchomp|1\n|-damage|p1a: Garchomp|19/100\n|-damage|p1b: Rotom|71/100\n|move|p1b: Rotom|Thunderbolt|p2a: Pelipper\n|-activate|p2a: Pelipper|move: Protect\n|\n|-weather|RainDance|[upkeep]\n|upkeep\n|turn|2\n|inactive|bispoeya has 30 seconds left.\n|\n|t:|1776354985\n|move|p2a: Pelipper|Wide Guard|p2a: Pelipper\n|-singleturn|p2a: Pelipper|Wide Guard\n|move|p1a: Garchomp|Rock Slide|p2a: Pelipper|[spread] \n|-activate|p2a: Pelipper|move: Wide Guard\n|-activate|p2b: Meganium|move: Wide Guard\n|move|p2b: Meganium|Dazzling Gleam|p1a: Garchomp|[spread] p1a,p1b\n|-supereffective|p1a: Garchomp|1\n|-damage|p1a: Garchomp|0 fnt\n|-damage|p1b: Rotom|43/100\n|-enditem|p1b: Rotom|Sitrus Berry|[eat]\n|-heal|p1b: Rotom|67/100|[from] item: Sitrus Berry\n|faint|p1a: Garchomp\n|move|p1b: Rotom|Thunderbolt|p2a: Pelipper\n|-supereffective|p2a: Pelipper|2\n|-enditem|p2a: Pelipper|Focus Sash\n|-damage|p2a: Pelipper|1/100\n|\n|-weather|RainDance|[upkeep]\n|upkeep\n|inactive|hsauraa02 has 30 seconds left.\n|\n|t:|1776355013\n|switch|p1a: Sneasler|Sneasler, L50, M|100/100\n|turn|3\n|\n|t:|1776355030\n|move|p1b: Rotom|Protect|p1b: Rotom\n|-singleturn|p1b: Rotom|Protect\n|move|p1a: Sneasler|Fake Out|p2b: Meganium\n|-damage|p2b: Meganium|86/100\n|cant|p2b: Meganium|flinch\n|move|p2a: Pelipper|Hurricane|p1a: Sneasler\n|-supereffective|p1a: Sneasler|1\n|-damage|p1a: Sneasler|0 fnt\n|faint|p1a: Sneasler\n|\n|-weather|RainDance|[upkeep]\n|upkeep\n|\n|t:|1776355041\n|switch|p1a: Kingambit|Kingambit, L50, M|100/100\n|turn|4\n|\n|t:|1776355056\n|move|p2a: Pelipper|Protect|p2a: Pelipper\n|-singleturn|p2a: Pelipper|Protect\n|move|p2b: Meganium|Solar Beam||[still]\n|-prepare|p2b: Meganium|Solar Beam\n|-activate|p2b: Meganium|ability: Mega Sol\n|-anim|p2b: Meganium|Solar Beam|p1b: Rotom\n|-supereffective|p1b: Rotom|1\n|-damage|p1b: Rotom|0 fnt\n|faint|p1b: Rotom\n|move|p1a: Kingambit|Iron Head|p2b: Meganium\n|-supereffective|p2b: Meganium|1\n|-damage|p2b: Meganium|0 fnt\n|faint|p2b: Meganium\n|\n|-weather|RainDance|[upkeep]\n|upkeep\n|\n|t:|1776355074\n|switch|p2b: Politoed|Politoed, L50, F, shiny|100/100\n|turn|5\n|inactive|bispoeya has 30 seconds left.\n|\n|t:|1776355108\n|switch|p2b: Basculegion|Basculegion, L50, M|100/100\n|move|p2a: Pelipper|Weather Ball|p1a: Kingambit\n|-damage|p1a: Kingambit|49/100\n|move|p1a: Kingambit|Kowtow Cleave|p2a: Pelipper\n|-damage|p2a: Pelipper|0 fnt\n|faint|p2a: Pelipper\n|\n|-weather|none\n|upkeep\n|\n|t:|1776355120\n|switch|p2a: Politoed|Politoed, L50, F, shiny|100/100\n|-weather|RainDance|[from] ability: Drizzle|[of] p2a: Politoed\n|turn|6\n|inactive|bispoeya has 30 seconds left.\n|inactive|bispoeya has 20 seconds left.\n|inactive|bispoeya has 15 seconds left.\n|inactive|bispoeya has 10 seconds left.\n|inactive|bispoeya has 5 seconds left.\n|\n|t:|1776355175\n|move|p2a: Politoed|Helping Hand|p2b: Basculegion\n|-singleturn|p2b: Basculegion|Helping Hand|[of] p2a: Politoed\n|move|p1a: Kingambit|Protect|p1a: Kingambit\n|-singleturn|p1a: Kingambit|Protect\n|move|p2b: Basculegion|Aqua Jet|p1a: Kingambit\n|-activate|p1a: Kingambit|move: Protect\n|\n|-weather|RainDance|[upkeep]\n|upkeep\n|turn|7\n|\n|t:|1776355192\n|move|p2a: Politoed|Helping Hand|p2b: Basculegion\n|-singleturn|p2b: Basculegion|Helping Hand|[of] p2a: Politoed\n|move|p1a: Kingambit|Sucker Punch|p2b: Basculegion\n|-supereffective|p2b: Basculegion|1\n|-damage|p2b: Basculegion|0 fnt\n|faint|p2b: Basculegion\n|\n|-weather|RainDance|[upkeep]\n|upkeep\n|turn|8\n|\n|t:|1776355203\n|move|p1a: Kingambit|Protect|p1a: Kingambit\n|-singleturn|p1a: Kingambit|Protect\n|move|p2a: Politoed|Muddy Water|p1a: Kingambit\n|-activate|p1a: Kingambit|move: Protect\n|\n|-weather|RainDance|[upkeep]\n|upkeep\n|turn|9\n|\n|t:|1776355220\n|move|p1a: Kingambit|Sucker Punch|p2a: Politoed\n|-damage|p2a: Politoed|53/100\n|move|p2a: Politoed|Muddy Water|p1a: Kingambit\n|-damage|p1a: Kingambit|6/100\n|-unboost|p1a: Kingambit|accuracy|1\n|-ability|p1a: Kingambit|Defiant|boost\n|-boost|p1a: Kingambit|atk|2\n|\n|-weather|RainDance|[upkeep]\n|-heal|p2a: Politoed|59/100|[from] item: Leftovers\n|upkeep\n|turn|10\n|\n|t:|1776355232\n|move|p2a: Politoed|Protect|p2a: Politoed\n|-singleturn|p2a: Politoed|Protect\n|move|p1a: Kingambit|Sucker Punch||[still]\n|-fail|p1a: Kingambit\n|\n|-weather|none\n|-heal|p2a: Politoed|65/100|[from] item: Leftovers\n|upkeep\n|turn|11\n|\n|t:|1776355241\n|move|p1a: Kingambit|Sucker Punch|p2a: Politoed\n|-damage|p2a: Politoed|0 fnt\n|faint|p2a: Politoed\n|\n|win|hsauraa02\n|raw|hsauraa02's rating: 1044 &rarr; <strong>1076</strong><br />(+32 for winning)\n|raw|bispoeya's rating: 1028 &rarr; <strong>1014</strong><br />(-14 for losing)\n|l|\u2606bispoeya\n|player|p2|\n",
  "uploadtime": 1776355261,
  "views": 24,
  "formatid": "gen9championsvgc2026regma",
  "rating": 1014,
  "private": 0,
  "password": null
}