{
  "id": "gen9championsvgc2026regma-2582487696",
  "format": "[Gen 9 Champions] VGC 2026 Reg M-A",
  "players": [
    "Pa7mmm",
    "Braute"
  ],
  "log": "|j|\u2606Pa7mmm\n|j|\u2606Braute\n|t:|1776094863\n|gametype|doubles\n|player|p1|Pa7mmm|1|1296\n|player|p2|Braute|miku-fire|1242\n|gen|9\n|tier|[Gen 9 Champions] VGC 2026 Reg M-A\n|rated|\n|rule|Species Clause: Limit one of each Pok\u00e9mon\n|rule|Item Clause: Limit 1 of each item\n|clearpoke\n|poke|p1|Garchomp, L50, M|\n|poke|p1|Corviknight, L50, M|\n|poke|p1|Sinistcha, L50|\n|poke|p1|Incineroar, L50, F|\n|poke|p1|Whimsicott, L50, M|\n|poke|p1|Gardevoir, L50, M|\n|poke|p2|Beedrill, L50, M|\n|poke|p2|Incineroar, L50, M|\n|poke|p2|Talonflame, L50, M|\n|poke|p2|Kingambit, L50, F|\n|poke|p2|Tyranitar, L50, F|\n|poke|p2|Excadrill, L50, F|\n|teampreview|4\n|inactive|Battle timer is ON: inactive players will automatically lose when time's up. (requested by Braute)\n|inactive|Pa7mmm also wants the timer to be on.\n|\n|t:|1776094877\n|teamsize|p1|4\n|teamsize|p2|4\n|start\n|switch|p1a: Garchomp|Garchomp, L50, M|100/100\n|switch|p1b: Corviknight|Corviknight, L50, M|100/100\n|switch|p2a: Talonflame|Talonflame, L50, M|100/100\n|switch|p2b: Kingambit|Kingambit, L50, F, shiny|100/100\n|turn|1\n|\n|t:|1776094897\n|move|p2a: Talonflame|Flare Blitz|p1b: Corviknight\n|-supereffective|p1b: Corviknight|1\n|-damage|p1b: Corviknight|24/100\n|-damage|p2a: Talonflame|68/100|[from] Recoil\n|move|p1a: Garchomp|Rock Tomb|p2a: Talonflame\n|-supereffective|p2a: Talonflame|2\n|-damage|p2a: Talonflame|0 fnt\n|faint|p2a: Talonflame\n|move|p1b: Corviknight|Bulk Up|p1b: Corviknight\n|-boost|p1b: Corviknight|atk|1\n|-boost|p1b: Corviknight|def|1\n|move|p2b: Kingambit|Kowtow Cleave|p1b: Corviknight\n|-damage|p1b: Corviknight|0 fnt\n|faint|p1b: Corviknight\n|\n|upkeep\n|\n|t:|1776094912\n|switch|p2a: Incineroar|Incineroar, L50, M, shiny|100/100\n|switch|p1b: Sinistcha|Sinistcha, L50|100/100\n|-ability|p2a: Incineroar|Intimidate|boost\n|-unboost|p1a: Garchomp|atk|1\n|-unboost|p1b: Sinistcha|atk|1\n|-enditem|p1a: Garchomp|White Herb\n|-clearnegativeboost|p1a: Garchomp|[silent]\n|turn|2\n|\n|t:|1776094926\n|move|p1a: Garchomp|Protect|p1a: Garchomp\n|-singleturn|p1a: Garchomp|Protect\n|move|p2a: Incineroar|Fake Out|p1a: Garchomp\n|-activate|p1a: Garchomp|move: Protect\n|move|p1b: Sinistcha|Matcha Gotcha|p2b: Kingambit|[spread] p2a\n|-miss|p1b: Sinistcha|p2b: Kingambit\n|-resisted|p2a: Incineroar|1\n|-damage|p2a: Incineroar|87/100\n|move|p2b: Kingambit|Kowtow Cleave|p1b: Sinistcha\n|-supereffective|p1b: Sinistcha|1\n|-damage|p1b: Sinistcha|9/100\n|\n|upkeep\n|turn|3\n|inactive|Braute has 30 seconds left.\n|inactive|Braute has 20 seconds left.\n|inactive|Braute has 15 seconds left.\n|\n|t:|1776094967\n|move|p2b: Kingambit|Protect|p2b: Kingambit\n|-singleturn|p2b: Kingambit|Protect\n|move|p1a: Garchomp|Earthquake|p2b: Kingambit|[spread] p1b,p2a\n|-activate|p2b: Kingambit|move: Protect\n|-resisted|p1b: Sinistcha|1\n|-supereffective|p2a: Incineroar|1\n|-damage|p1b: Sinistcha|0 fnt\n|-damage|p2a: Incineroar|10/100\n|-enditem|p2a: Incineroar|Sitrus Berry|[eat]\n|-heal|p2a: Incineroar|35/100|[from] item: Sitrus Berry\n|faint|p1b: Sinistcha\n|move|p2a: Incineroar|Parting Shot|p1a: Garchomp\n|-unboost|p1a: Garchomp|atk|1\n|-unboost|p1a: Garchomp|spa|1\n|\n|t:|1776094979\n|switch|p2a: Beedrill|Beedrill, L50, M, shiny|100/100|[from] Parting Shot\n|\n|upkeep\n|\n|t:|1776094981\n|switch|p1b: Incineroar|Incineroar, L50, F|100/100\n|-ability|p1b: Incineroar|Intimidate|boost\n|-unboost|p2a: Beedrill|atk|1\n|-unboost|p2b: Kingambit|atk|1\n|-ability|p2b: Kingambit|Defiant|boost\n|-boost|p2b: Kingambit|atk|2\n|turn|4\n|\n|t:|1776094997\n|switch|p2a: Incineroar|Incineroar, L50, M, shiny|35/100\n|-ability|p2a: Incineroar|Intimidate|boost\n|-unboost|p1a: Garchomp|atk|1\n|-unboost|p1b: Incineroar|atk|1\n|move|p1a: Garchomp|Stomping Tantrum|p2b: Kingambit\n|-supereffective|p2b: Kingambit|1\n|-damage|p2b: Kingambit|65/100\n|move|p1b: Incineroar|Flare Blitz|p2b: Kingambit\n|-supereffective|p2b: Kingambit|1\n|-damage|p2b: Kingambit|9/100\n|-damage|p1b: Incineroar|84/100|[from] Recoil\n|move|p2b: Kingambit|Low Kick|p1b: Incineroar\n|-supereffective|p1b: Incineroar|1\n|-damage|p1b: Incineroar|0 fnt\n|faint|p1b: Incineroar\n|\n|upkeep\n|turn|5\n|-message|Pa7mmm forfeited.\n|\n|win|Braute\n|raw|Pa7mmm's rating: 1296 &rarr; <strong>1267</strong><br />(-29 for losing)\n|raw|Braute's rating: 1242 &rarr; <strong>1271</strong><br />(+29 for winning)\n",
  "uploadtime": 1776095007,
  "views": 59,
  "formatid": "gen9championsvgc2026regma",
  "rating": 1267,
  "private": 0,
  "password": null
}