{
  "id": "gen9championsvgc2026regma-2585112774",
  "format": "[Gen 9 Champions] VGC 2026 Reg M-A",
  "players": [
    "lonelyherbivore",
    "Zenakuss17"
  ],
  "log": "|j|\u2606lonelyherbivore\n|j|\u2606Zenakuss17\n|t:|1776313206\n|gametype|doubles\n|player|p1|lonelyherbivore|acerola|1047\n|player|p2|Zenakuss17|benga|1101\n|gen|9\n|tier|[Gen 9 Champions] VGC 2026 Reg M-A\n|rated|\n|rule|Species Clause: Limit one of each Pok\u00e9mon\n|rule|Item Clause: Limit 1 of each item\n|clearpoke\n|poke|p1|Maushold, L50|\n|poke|p1|Oranguru, L50, M|\n|poke|p1|Crabominable, L50, F|\n|poke|p1|Primarina, L50, F|\n|poke|p1|Skeledirge, L50, M|\n|poke|p1|Sinistcha, L50|\n|poke|p2|Pelipper, L50, F|\n|poke|p2|Sneasler, L50, M|\n|poke|p2|Palafin, L50, M|\n|poke|p2|Clefable, L50, M|\n|poke|p2|Archaludon, L50, M|\n|poke|p2|Dragonite, L50, F|\n|teampreview|4\n|\n|t:|1776313248\n|teamsize|p1|4\n|teamsize|p2|4\n|start\n|switch|p1a: Oranguru|Oranguru, L50, M|100/100\n|switch|p1b: Primarina|Primarina, L50, F|100/100\n|switch|p2a: Sneasler|Sneasler, L50, M|100/100\n|switch|p2b: Palafin|Palafin, L50, M, shiny|100/100\n|turn|1\n|\n|t:|1776313264\n|move|p2a: Sneasler|Feint|p1a: Oranguru\n|-damage|p1a: Oranguru|89/100\n|move|p2b: Palafin|Flip Turn|p1a: Oranguru\n|-crit|p1a: Oranguru\n|-damage|p1a: Oranguru|58/100\n|\n|t:|1776313274\n|detailschange|p2b: Palafin|Palafin-Hero, L50, M, shiny\n|switch|p2b: Clefable|Clefable, L50, M|100/100|[from] Flip Turn\n|move|p1b: Primarina|Calm Mind|p1b: Primarina\n|-boost|p1b: Primarina|spa|1\n|-boost|p1b: Primarina|spd|1\n|move|p1a: Oranguru|Trick Room|p1a: Oranguru\n|-fieldstart|move: Trick Room|[of] p1a: Oranguru\n|\n|upkeep\n|turn|2\n|\n|t:|1776313297\n|move|p2b: Clefable|Follow Me|p2b: Clefable\n|-singleturn|p2b: Clefable|move: Follow Me\n|move|p1b: Primarina|Moonblast|p2b: Clefable\n|-damage|p2b: Clefable|26/100\n|move|p1a: Oranguru|Pain Split|p2b: Clefable\n|-sethp|p2b: Clefable|41/100|[from] move: Pain Split|[silent]\n|-sethp|p1a: Oranguru|42/100|[from] move: Pain Split\n|move|p2a: Sneasler|Dire Claw|p1b: Primarina\n|-supereffective|p1b: Primarina|1\n|-damage|p1b: Primarina|3/100\n|-enditem|p1b: Primarina|Sitrus Berry|[eat]\n|-heal|p1b: Primarina|28/100|[from] item: Sitrus Berry\n|\n|upkeep\n|turn|3\n|\n|t:|1776313329\n|move|p2b: Clefable|Follow Me|p2b: Clefable\n|-singleturn|p2b: Clefable|move: Follow Me\n|move|p2a: Sneasler|Feint|p1b: Primarina\n|-damage|p1b: Primarina|15/100\n|move|p1b: Primarina|Hyper Voice|p2a: Sneasler|[spread] p2a,p2b\n|-damage|p2a: Sneasler|28/100\n|-damage|p2b: Clefable|0 fnt\n|faint|p2b: Clefable\n|move|p1a: Oranguru|Instruct|p2a: Sneasler\n|-singleturn|p2a: Sneasler|move: Instruct|[of] p1a: Oranguru\n|move|p2a: Sneasler|Feint|p1b: Primarina\n|-damage|p1b: Primarina|3/100\n|\n|upkeep\n|\n|t:|1776313336\n|switch|p2b: Pelipper|Pelipper, L50, F|100/100\n|-weather|RainDance|[from] ability: Drizzle|[of] p2b: Pelipper\n|turn|4\n|\n|t:|1776313350\n|move|p2b: Pelipper|Wide Guard|p2b: Pelipper\n|-singleturn|p2b: Pelipper|Wide Guard\n|move|p1b: Primarina|Hyper Voice|p2b: Pelipper|[spread] \n|-activate|p2a: Sneasler|move: Wide Guard\n|-activate|p2b: Pelipper|move: Wide Guard\n|move|p1a: Oranguru|Instruct|p1b: Primarina\n|-singleturn|p1b: Primarina|move: Instruct|[of] p1a: Oranguru\n|move|p1b: Primarina|Hyper Voice|p2a: Sneasler|[spread] \n|-activate|p2a: Sneasler|move: Wide Guard\n|-activate|p2b: Pelipper|move: Wide Guard\n|move|p2a: Sneasler|Dire Claw|p1b: Primarina\n|-supereffective|p1b: Primarina|1\n|-damage|p1b: Primarina|0 fnt\n|faint|p1b: Primarina\n|\n|-weather|RainDance|[upkeep]\n|upkeep\n|\n|t:|1776313376\n|switch|p1b: Crabominable|Crabominable, L50, F|100/100\n|turn|5\n|\n|t:|1776313393\n|detailschange|p1b: Crabominable|Crabominable-Mega, L50, F\n|-mega|p1b: Crabominable|Crabominable|Crabominite\n|move|p1b: Crabominable|Ice Punch|p2b: Pelipper\n|-damage|p2b: Pelipper|41/100\n|move|p1a: Oranguru|Pain Split|p2b: Pelipper\n|-sethp|p2b: Pelipper|45/100|[from] move: Pain Split|[silent]\n|-sethp|p1a: Oranguru|38/100|[from] move: Pain Split\n|move|p2b: Pelipper|Weather Ball|p1b: Crabominable\n|-damage|p1b: Crabominable|47/100\n|move|p2a: Sneasler|Close Combat|p1b: Crabominable\n|-supereffective|p1b: Crabominable|1\n|-damage|p1b: Crabominable|0 fnt\n|-unboost|p2a: Sneasler|def|1\n|-unboost|p2a: Sneasler|spd|1\n|faint|p1b: Crabominable\n|-enditem|p2a: Sneasler|White Herb\n|-clearnegativeboost|p2a: Sneasler|[silent]\n|\n|-weather|RainDance|[upkeep]\n|-fieldend|move: Trick Room\n|upkeep\n|-message|lonelyherbivore forfeited.\n|\n|win|Zenakuss17\n|raw|lonelyherbivore's rating: 1047 &rarr; <strong>1033</strong><br />(-14 for losing)\n|raw|Zenakuss17's rating: 1101 &rarr; <strong>1122</strong><br />(+21 for winning)\n|l|\u2606lonelyherbivore\n|player|p1|\n",
  "uploadtime": 1776313514,
  "views": 24,
  "formatid": "gen9championsvgc2026regma",
  "rating": 1033,
  "private": 0,
  "password": null
}