{
  "id": "gen9championsvgc2026regma-2581263363",
  "format": "[Gen 9 Champions] VGC 2026 Reg M-A",
  "players": [
    "lilsxooby",
    "mahery8"
  ],
  "log": "|j|\u2606lilsxooby\n|j|\u2606mahery8\n|t:|1775978153\n|gametype|doubles\n|player|p1|lilsxooby|benga|1105\n|player|p2|mahery8|266|1088\n|gen|9\n|tier|[Gen 9 Champions] VGC 2026 Reg M-A\n|rated|\n|rule|Species Clause: Limit one of each Pok\u00e9mon\n|rule|Item Clause: Limit 1 of each item\n|clearpoke\n|poke|p1|Glimmora, L50, M|\n|poke|p1|Archaludon, L50, F|\n|poke|p1|Delphox, L50, F|\n|poke|p1|Talonflame, L50, F|\n|poke|p1|Kingambit, L50, M|\n|poke|p1|Milotic, L50, F|\n|poke|p2|Meganium, L50, M|\n|poke|p2|Incineroar, L50, F|\n|poke|p2|Pelipper, L50, F|\n|poke|p2|Sinistcha, L50|\n|poke|p2|Orthworm, L50, F|\n|poke|p2|Maushold, L50|\n|teampreview|4\n|c|\u2606lilsxooby|glhf!\n|\n|t:|1775978192\n|teamsize|p1|4\n|teamsize|p2|4\n|start\n|switch|p1a: Talonflame|Talonflame, L50, F|100/100\n|switch|p1b: Milotic|Milotic, L50, F|100/100\n|switch|p2a: Orthworm|Orthworm, L50, F|100/100\n|switch|p2b: Pelipper|Pelipper, L50, F|100/100\n|-weather|RainDance|[from] ability: Drizzle|[of] p2b: Pelipper\n|turn|1\n|\n|t:|1775978212\n|move|p1a: Talonflame|Tailwind|p1a: Talonflame\n|-sidestart|p1: lilsxooby|move: Tailwind\n|move|p1b: Milotic|Scald|p2a: Orthworm\n|-damage|p2a: Orthworm|27/100\n|-enditem|p2a: Orthworm|Sitrus Berry|[eat]\n|-heal|p2a: Orthworm|52/100|[from] item: Sitrus Berry\n|move|p2b: Pelipper|Tailwind|p2b: Pelipper\n|-sidestart|p2: mahery8|move: Tailwind\n|move|p2a: Orthworm|Shed Tail|p2a: Orthworm\n|-start|p2a: Orthworm|Substitute|[from] move: Shed Tail\n|-damage|p2a: Orthworm|2/100\n|\n|t:|1775978222\n|switch|p2a: Meganium|Meganium, L50, M|100/100|[from] Shed Tail\n|\n|-weather|RainDance|[upkeep]\n|upkeep\n|turn|2\n|\n|t:|1775978235\n|detailschange|p2a: Meganium|Meganium-Mega, L50, M\n|-mega|p2a: Meganium|Meganium|Meganiumite\n|move|p1a: Talonflame|Brave Bird|p2a: Meganium\n|-supereffective|p2a: Meganium|1\n|-end|p2a: Meganium|Substitute\n|-damage|p1a: Talonflame|91/100|[from] Recoil|[of] p2a: Meganium\n|move|p1b: Milotic|Icy Wind|p2a: Meganium|[spread] p2a,p2b\n|-supereffective|p2a: Meganium|1\n|-damage|p2a: Meganium|84/100\n|-damage|p2b: Pelipper|87/100\n|-unboost|p2a: Meganium|spe|1\n|-unboost|p2b: Pelipper|spe|1\n|move|p2a: Meganium|Leech Seed|p1b: Milotic\n|-start|p1b: Milotic|move: Leech Seed\n|move|p2b: Pelipper|Surf|p1a: Talonflame|[spread] p2a,p1a,p1b\n|-resisted|p2a: Meganium|1\n|-supereffective|p1a: Talonflame|1\n|-resisted|p1b: Milotic|1\n|-damage|p2a: Meganium|73/100\n|-damage|p1a: Talonflame|0 fnt\n|-damage|p1b: Milotic|88/100\n|faint|p1a: Talonflame\n|\n|-weather|RainDance|[upkeep]\n|-damage|p1b: Milotic|75/100|[from] Leech Seed|[of] p2a: Meganium\n|-heal|p2a: Meganium|84/100|[silent]\n|upkeep\n|\n|t:|1775978252\n|switch|p1a: Archaludon|Archaludon, L50, F|100/100\n|turn|3\n|\n|t:|1775978290\n|move|p1b: Milotic|Icy Wind|p2a: Meganium|[spread] p2a,p2b\n|-supereffective|p2a: Meganium|1\n|-damage|p2a: Meganium|69/100\n|-damage|p2b: Pelipper|74/100\n|-unboost|p2a: Meganium|spe|1\n|-unboost|p2b: Pelipper|spe|1\n|move|p1a: Archaludon|Electro Shot||[still]\n|-prepare|p1a: Archaludon|Electro Shot\n|-boost|p1a: Archaludon|spa|1\n|-anim|p1a: Archaludon|Electro Shot|p2b: Pelipper\n|-supereffective|p2b: Pelipper|2\n|-enditem|p2b: Pelipper|Wacan Berry|[eat]\n|-enditem|p2b: Pelipper|Wacan Berry|[weaken]\n|-damage|p2b: Pelipper|0 fnt\n|faint|p2b: Pelipper\n|move|p2a: Meganium|Weather Ball|p1a: Archaludon\n|-damage|p1a: Archaludon|36/100\n|-ability|p1a: Archaludon|Stamina|boost\n|-boost|p1a: Archaludon|def|1\n|\n|-weather|RainDance|[upkeep]\n|-damage|p1b: Milotic|63/100|[from] Leech Seed|[of] p2a: Meganium\n|-heal|p2a: Meganium|80/100|[silent]\n|upkeep\n|\n|t:|1775978309\n|switch|p2b: Maushold|Maushold, L50|100/100\n|turn|4\n|\n|t:|1775978333\n|move|p2b: Maushold|Thunder Wave|p1b: Milotic|[miss]\n|-miss|p2b: Maushold|p1b: Milotic\n|move|p1b: Milotic|Icy Wind|p2b: Maushold|[spread] p2a,p2b\n|-supereffective|p2a: Meganium|1\n|-damage|p2a: Meganium|69/100\n|-damage|p2b: Maushold|90/100\n|-unboost|p2a: Meganium|spe|1\n|-unboost|p2b: Maushold|spe|1\n|move|p1a: Archaludon|Flash Cannon|p2a: Meganium\n|-supereffective|p2a: Meganium|1\n|-damage|p2a: Meganium|8/100\n|move|p2a: Meganium|Weather Ball|p1a: Archaludon\n|-damage|p1a: Archaludon|0 fnt\n|faint|p1a: Archaludon\n|\n|-weather|RainDance|[upkeep]\n|-damage|p1b: Milotic|50/100|[from] Leech Seed|[of] p2a: Meganium\n|-heal|p2a: Meganium|19/100|[silent]\n|-sideend|p2: mahery8|move: Tailwind\n|-sideend|p1: lilsxooby|move: Tailwind\n|upkeep\n|\n|t:|1775978341\n|switch|p1a: The Rock|Glimmora, L50, M, shiny|100/100\n|turn|5\n|\n|t:|1775978358\n|detailschange|p1a: The Rock|Glimmora-Mega, L50, M, shiny\n|-mega|p1a: The Rock|Glimmora|Glimmoranite\n|move|p2b: Maushold|Follow Me|p2b: Maushold\n|-singleturn|p2b: Maushold|move: Follow Me\n|move|p1a: The Rock|Sludge Wave|p2b: Maushold|[spread] p1b,p2a,p2b\n|-supereffective|p2a: Meganium|2\n|-damage|p1b: Milotic|3/100\n|-damage|p2a: Meganium|0 fnt\n|-damage|p2b: Maushold|34/100\n|faint|p2a: Meganium\n|move|p1b: Milotic|Scald|p2b: Maushold\n|-damage|p2b: Maushold|0 fnt\n|faint|p2b: Maushold\n|\n|-weather|none\n|upkeep\n|\n|t:|1775978365\n|switch|p2b: Orthworm|Orthworm, L50, F|2/100\n|turn|6\n|\n|t:|1775978370\n|move|p1a: The Rock|Earth Power|p2b: Orthworm\n|-heal|p2b: Orthworm|26/100|[from] ability: Earth Eater|[of] p1a: The Rock\n|move|p1b: Milotic|Scald|p2b: Orthworm\n|-damage|p2b: Orthworm|0 fnt\n|faint|p2b: Orthworm\n|\n|win|lilsxooby\n|raw|lilsxooby's rating: 1105 &rarr; <strong>1129</strong><br />(+24 for winning)\n|raw|mahery8's rating: 1088 &rarr; <strong>1066</strong><br />(-22 for losing)\n|c|\u2606lilsxooby|my dumbass forgot\n|c|\u2606lilsxooby|gg\n|c|\u2606lilsxooby|wp\n|c|\u2606mahery8|Haha\n|c|\u2606mahery8|Gg\n|c|\u2606mahery8|Wp\n",
  "uploadtime": 1775978384,
  "views": 20,
  "formatid": "gen9championsvgc2026regma",
  "rating": 1066,
  "private": 0,
  "password": null
}