{
  "id": "gen9championsvgc2026regma-2586115384",
  "format": "[Gen 9 Champions] VGC 2026 Reg M-A",
  "players": [
    "jianderson",
    "plorpchungler"
  ],
  "log": "|j|\u2606jianderson\n|j|\u2606plorpchungler\n|t:|1776400811\n|gametype|doubles\n|player|p1|jianderson|102|\n|player|p2|plorpchungler|bianca|\n|gen|9\n|tier|[Gen 9 Champions] VGC 2026 Reg M-A\n|rule|Species Clause: Limit one of each Pok\u00e9mon\n|rule|Item Clause: Limit 1 of each item\n|clearpoke\n|poke|p1|Tyranitar, L50, M|\n|poke|p1|Excadrill, L50, M|\n|poke|p1|Corviknight, L50, M|\n|poke|p1|Aerodactyl, L50, M|\n|poke|p1|Sinistcha-Masterpiece, L50|\n|poke|p1|Arcanine-Hisui, L50, M|\n|poke|p2|Charizard, L50, F|\n|poke|p2|Venusaur, L50, F|\n|poke|p2|Garchomp, L50, F|\n|poke|p2|Aggron, L50, M|\n|poke|p2|Milotic, L50, F|\n|poke|p2|Torkoal, L50, M|\n|teampreview|4\n|\n|t:|1776400882\n|teamsize|p1|4\n|teamsize|p2|4\n|start\n|switch|p1a: Tyranitar|Tyranitar, L50, M|100/100\n|switch|p1b: Arcanine|Arcanine-Hisui, L50, M|100/100\n|switch|p2a: Garchomp|Garchomp, L50, F|100/100\n|switch|p2b: Aggron|Aggron, L50, M|100/100\n|-weather|Sandstorm|[from] ability: Sand Stream|[of] p1a: Tyranitar\n|turn|1\n|\n|t:|1776400937\n|move|p2b: Aggron|Protect|p2b: Aggron\n|-singleturn|p2b: Aggron|Protect\n|move|p2a: Garchomp|Iron Head|p1a: Tyranitar\n|-supereffective|p1a: Tyranitar|1\n|-damage|p1a: Tyranitar|56/100\n|move|p1b: Arcanine|Rock Slide|p2a: Garchomp|[spread] p2a\n|-activate|p2b: Aggron|move: Protect\n|-resisted|p2a: Garchomp|1\n|-damage|p2a: Garchomp|85/100\n|move|p1a: Tyranitar|Rock Slide|p2b: Aggron|[spread] p2a\n|-activate|p2b: Aggron|move: Protect\n|-resisted|p2a: Garchomp|1\n|-damage|p2a: Garchomp|69/100\n|\n|-weather|Sandstorm|[upkeep]\n|-heal|p2a: Garchomp|75/100|[from] item: Leftovers\n|upkeep\n|turn|2\n|\n|t:|1776400978\n|detailschange|p1a: Tyranitar|Tyranitar-Mega, L50, M\n|-mega|p1a: Tyranitar|Tyranitar|Tyranitarite\n|move|p1a: Tyranitar|Protect|p1a: Tyranitar\n|-singleturn|p1a: Tyranitar|Protect\n|move|p2a: Garchomp|Iron Head|p1a: Tyranitar\n|-activate|p1a: Tyranitar|move: Protect\n|move|p1b: Arcanine|Rock Slide|p2b: Aggron|[spread] p2a,p2b\n|-resisted|p2a: Garchomp|1\n|-resisted|p2b: Aggron|1\n|-damage|p2a: Garchomp|60/100\n|-damage|p2b: Aggron|92/100\n|cant|p2b: Aggron|flinch\n|\n|-weather|Sandstorm|[upkeep]\n|-heal|p2a: Garchomp|66/100|[from] item: Leftovers\n|upkeep\n|turn|3\n|\n|t:|1776401008\n|switch|p1a: Aerodactyl|Aerodactyl, L50, M|100/100\n|move|p2a: Garchomp|Iron Head|p1a: Aerodactyl\n|-supereffective|p1a: Aerodactyl|1\n|-damage|p1a: Aerodactyl|8/100\n|move|p1b: Arcanine|Rock Slide|p2b: Aggron|[spread] p2a,p2b\n|-resisted|p2a: Garchomp|1\n|-resisted|p2b: Aggron|1\n|-damage|p2a: Garchomp|51/100\n|-damage|p2b: Aggron|83/100\n|cant|p2b: Aggron|flinch\n|\n|-weather|Sandstorm|[upkeep]\n|-heal|p2a: Garchomp|57/100|[from] item: Leftovers\n|upkeep\n|turn|4\n|\n|t:|1776401032\n|move|p1a: Aerodactyl|Tailwind|p1a: Aerodactyl\n|-sidestart|p1: jianderson|move: Tailwind\n|move|p1b: Arcanine|Rock Slide|p2a: Garchomp|[spread] p2a,p2b\n|-resisted|p2a: Garchomp|1\n|-resisted|p2b: Aggron|1\n|-damage|p2a: Garchomp|43/100\n|-damage|p2b: Aggron|73/100\n|cant|p2b: Aggron|flinch\n|move|p2a: Garchomp|Dragon Tail|p1a: Aerodactyl\n|-damage|p1a: Aerodactyl|0 fnt\n|faint|p1a: Aerodactyl\n|\n|-weather|Sandstorm|[upkeep]\n|-heal|p2a: Garchomp|49/100|[from] item: Leftovers\n|upkeep\n|\n|t:|1776401046\n|switch|p1a: Excadrill|Excadrill, L50, M|100/100\n|turn|5\n|\n|t:|1776401073\n|move|p1b: Arcanine|Rock Slide|p2b: Aggron|[spread] p2a,p2b\n|-resisted|p2a: Garchomp|1\n|-resisted|p2b: Aggron|1\n|-crit|p2b: Aggron\n|-damage|p2a: Garchomp|36/100\n|-damage|p2b: Aggron|58/100\n|move|p1a: Excadrill|Rock Slide|p2a: Garchomp|[spread] p2a,p2b\n|-resisted|p2a: Garchomp|1\n|-resisted|p2b: Aggron|1\n|-damage|p2a: Garchomp|22/100\n|-damage|p2b: Aggron|49/100\n|cant|p2a: Garchomp|flinch\n|move|p2b: Aggron|Body Press|p1b: Arcanine\n|-supereffective|p1b: Arcanine|1\n|-damage|p1b: Arcanine|19/100\n|\n|-weather|none\n|-heal|p2a: Garchomp|28/100|[from] item: Leftovers\n|upkeep\n|turn|6\n|\n|t:|1776401117\n|move|p2b: Aggron|Protect|p2b: Aggron\n|-singleturn|p2b: Aggron|Protect\n|move|p1b: Arcanine|Rock Slide|p2b: Aggron|[spread] p2a\n|-activate|p2b: Aggron|move: Protect\n|-resisted|p2a: Garchomp|1\n|-damage|p2a: Garchomp|15/100\n|move|p1a: Excadrill|Rock Slide|p2a: Garchomp|[spread] p2a\n|-activate|p2b: Aggron|move: Protect\n|-resisted|p2a: Garchomp|1\n|-damage|p2a: Garchomp|4/100\n|cant|p2a: Garchomp|flinch\n|\n|-heal|p2a: Garchomp|10/100|[from] item: Leftovers\n|upkeep\n|turn|7\n|\n|t:|1776401148\n|move|p1b: Arcanine|Rock Slide|p2b: Aggron|[spread] p2a,p2b\n|-resisted|p2a: Garchomp|1\n|-resisted|p2b: Aggron|1\n|-damage|p2a: Garchomp|0 fnt\n|-damage|p2b: Aggron|40/100\n|faint|p2a: Garchomp\n|move|p1a: Excadrill|Rock Slide|p2b: Aggron\n|-resisted|p2b: Aggron|1\n|-damage|p2b: Aggron|30/100\n|cant|p2b: Aggron|flinch\n|\n|-sideend|p1: jianderson|move: Tailwind\n|upkeep\n|\n|t:|1776401159\n|switch|p2a: Torkoal|Torkoal, L50, M|100/100\n|-weather|SunnyDay|[from] ability: Drought|[of] p2a: Torkoal\n|turn|8\n|\n|t:|1776401182\n|move|p2a: Torkoal|Protect|p2a: Torkoal\n|-singleturn|p2a: Torkoal|Protect\n|move|p1b: Arcanine|Rock Slide|p2b: Aggron|[spread] p2b\n|-activate|p2a: Torkoal|move: Protect\n|-resisted|p2b: Aggron|1\n|-damage|p2b: Aggron|21/100\n|move|p1a: Excadrill|Rock Slide|p2b: Aggron|[spread] p2b\n|-activate|p2a: Torkoal|move: Protect\n|-resisted|p2b: Aggron|1\n|-damage|p2b: Aggron|15/100\n|cant|p2b: Aggron|flinch\n|\n|-weather|SunnyDay|[upkeep]\n|upkeep\n|turn|9\n|\n|t:|1776401206\n|move|p1b: Arcanine|Rock Slide|p2b: Aggron|[spread] p2a,p2b\n|-supereffective|p2a: Torkoal|1\n|-resisted|p2b: Aggron|1\n|-crit|p2b: Aggron\n|-damage|p2a: Torkoal|70/100\n|-damage|p2b: Aggron|0 fnt\n|faint|p2b: Aggron\n|move|p1a: Excadrill|Rock Slide|p2a: Torkoal\n|-supereffective|p2a: Torkoal|1\n|-damage|p2a: Torkoal|35/100\n|move|p2a: Torkoal|Earth Power|p1a: Excadrill\n|-supereffective|p1a: Excadrill|1\n|-damage|p1a: Excadrill|52/100\n|\n|-weather|SunnyDay|[upkeep]\n|upkeep\n|\n|t:|1776401218\n|switch|p2b: Charizard|Charizard, L50, F|100/100\n|turn|10\n|\n|t:|1776401234\n|switch|p1a: Tyranitar|Tyranitar-Mega, L50, M|56/100\n|-weather|Sandstorm|[from] ability: Sand Stream|[of] p1a: Tyranitar\n|detailschange|p2b: Charizard|Charizard-Mega-Y, L50, F\n|-mega|p2b: Charizard|Charizard|Charizardite Y\n|-weather|SunnyDay|[from] ability: Drought|[of] p2b: Charizard\n|move|p1b: Arcanine|Rock Slide|p2a: Torkoal|[spread] p2a,p2b\n|-supereffective|p2a: Torkoal|1\n|-supereffective|p2b: Charizard|2\n|-damage|p2a: Torkoal|4/100\n|-damage|p2b: Charizard|0 fnt\n|faint|p2b: Charizard\n|move|p2a: Torkoal|Eruption|p1a: Tyranitar|[spread] p1a\n|-start|p1b: Arcanine|ability: Flash Fire\n|-resisted|p1a: Tyranitar|1\n|-damage|p1a: Tyranitar|56/100\n|\n|-weather|SunnyDay|[upkeep]\n|upkeep\n|turn|11\n|\n|t:|1776401254\n|move|p1b: Arcanine|Rock Slide|p2a: Torkoal\n|-supereffective|p2a: Torkoal|1\n|-crit|p2a: Torkoal\n|-damage|p2a: Torkoal|0 fnt\n|faint|p2a: Torkoal\n|\n|win|jianderson\n",
  "uploadtime": 1776401338,
  "views": 21,
  "formatid": "gen9championsvgc2026regma",
  "rating": null,
  "private": 0,
  "password": null
}