{
  "id": "gen9championsvgc2026regma-2587800144",
  "format": "[Gen 9 Champions] VGC 2026 Reg M-A",
  "players": [
    "guzzlordstrainer",
    "Drop A Metronome"
  ],
  "log": "|j|\u2606guzzlordstrainer\n|j|\u2606Drop A Metronome\n|t:|1776565268\n|gametype|doubles\n|player|p1|guzzlordstrainer|brycen|1046\n|player|p2|Drop A Metronome|shauntal-masters|1059\n|gen|9\n|tier|[Gen 9 Champions] VGC 2026 Reg M-A\n|rated|\n|rule|Species Clause: Limit one of each Pok\u00e9mon\n|rule|Item Clause: Limit 1 of each item\n|clearpoke\n|poke|p1|Gengar, L50, M, shiny|\n|poke|p1|Houndoom, L50, F|\n|poke|p1|Whimsicott, L50, F|\n|poke|p1|Ninetales-Alola, L50, M|\n|poke|p1|Tyrantrum, L50, M|\n|poke|p1|Mamoswine, L50, M|\n|poke|p2|Floette-Eternal, L50, F, shiny|\n|poke|p2|Maushold, L50|\n|poke|p2|Garchomp, L50, F|\n|poke|p2|Talonflame, L50, F|\n|poke|p2|Rotom-Wash, L50|\n|poke|p2|Aegislash, L50, M|\n|teampreview|4\n|\n|t:|1776565305\n|teamsize|p1|4\n|teamsize|p2|4\n|start\n|switch|p1a: Houndoom|Houndoom, L50, F|100/100\n|switch|p1b: Whimsicott|Whimsicott, L50, F|100/100\n|switch|p2a: Talonflame|Talonflame, L50, F|100/100\n|switch|p2b: Aegislash|Aegislash, L50, M|100/100\n|-ability|p1a: Houndoom|Unnerve\n|turn|1\n|\n|t:|1776565318\n|switch|p2b: Rotom|Rotom-Wash, L50|100/100\n|detailschange|p1a: Houndoom|Houndoom-Mega, L50, F\n|-mega|p1a: Houndoom|Houndoom|Houndoominite\n|move|p1b: Whimsicott|Sunny Day|p1b: Whimsicott\n|-weather|SunnyDay\n|move|p2a: Talonflame|Flare Blitz|p1b: Whimsicott|[miss]\n|-miss|p2a: Talonflame|p1b: Whimsicott\n|move|p1a: Houndoom|Heat Wave|p2a: Talonflame|[spread] p2a,p2b\n|-resisted|p2a: Talonflame|1\n|-resisted|p2b: Rotom|1\n|-damage|p2a: Talonflame|31/100\n|-damage|p2b: Rotom|57/100\n|\n|-weather|SunnyDay|[upkeep]\n|-damage|p1a: Houndoom|88/100|[from] ability: Solar Power|[of] p1a: Houndoom\n|upkeep\n|turn|2\n|\n|t:|1776565338\n|move|p1b: Whimsicott|Fake Tears|p2b: Rotom\n|-unboost|p2b: Rotom|spd|2\n|move|p2a: Talonflame|Flare Blitz|p1b: Whimsicott|[miss]\n|-miss|p2a: Talonflame|p1b: Whimsicott\n|move|p1a: Houndoom|Heat Wave|p2a: Talonflame|[spread] p2a,p2b\n|-resisted|p2a: Talonflame|1\n|-resisted|p2b: Rotom|1\n|-damage|p2a: Talonflame|0 fnt\n|-damage|p2b: Rotom|0 fnt\n|faint|p2a: Talonflame\n|faint|p2b: Rotom\n|\n|-weather|SunnyDay|[upkeep]\n|-damage|p1a: Houndoom|75/100|[from] ability: Solar Power|[of] p1a: Houndoom\n|upkeep\n|c|\u2606Drop A Metronome|?\n|c|\u2606guzzlordstrainer|Lmao\n|\n|t:|1776565352\n|switch|p2a: Aegislash|Aegislash, L50, M|100/100\n|switch|p2b: Floette|Floette-Eternal, L50, F, shiny|100/100\n|turn|3\n|c|\u2606Drop A Metronome|i got cooked...\n|\n|t:|1776565372\n|move|p1b: Whimsicott|Tailwind|p1b: Whimsicott\n|-sidestart|p1: guzzlordstrainer|move: Tailwind\n|move|p1a: Houndoom|Sludge Bomb|p2b: Floette\n|-supereffective|p2b: Floette|1\n|-damage|p2b: Floette|21/100\n|move|p2b: Floette|Moonblast|p1a: Houndoom\n|-damage|p1a: Houndoom|8/100\n|-unboost|p1a: Houndoom|spa|1\n|-formechange|p2a: Aegislash|Aegislash-Blade|\n|move|p2a: Aegislash|Iron Head|p1b: Whimsicott\n|-supereffective|p1b: Whimsicott|1\n|-damage|p1b: Whimsicott|18/100\n|\n|-weather|SunnyDay|[upkeep]\n|-damage|p1a: Houndoom|0 fnt|[from] ability: Solar Power|[of] p1a: Houndoom\n|faint|p1a: Houndoom\n|upkeep\n|c|\u2606guzzlordstrainer|That was really unlucky\n|c|\u2606guzzlordstrainer|It's bright powder whimiscott\n|\n|t:|1776565391\n|switch|p1a: Tyrantrum|Tyrantrum, L50, M|100/100\n|turn|4\n|c|\u2606Drop A Metronome|bro i just started champions so im lowkey just testing teams.\n|c|\u2606guzzlordstrainer|Me asf\n|\n|t:|1776565421\n|detailschange|p2b: Floette|Floette-Mega, L50, F, shiny\n|-mega|p2b: Floette|Floette|Floettite\n|-ability|p2b: Floette|Fairy Aura\n|move|p1b: Whimsicott|Encore|p2a: Aegislash\n|-start|p2a: Aegislash|Encore\n|move|p1a: Tyrantrum|Head Smash|p2b: Floette\n|-damage|p2b: Floette|0 fnt\n|faint|p2b: Floette\n|move|p2a: Aegislash|Iron Head|p1a: Tyrantrum\n|-supereffective|p1a: Tyrantrum|1\n|-damage|p1a: Tyrantrum|9/100\n|\n|-weather|SunnyDay|[upkeep]\n|upkeep\n|turn|5\n|c|\u2606guzzlordstrainer|These are just some of my faves\n|\n|t:|1776565455\n|move|p1b: Whimsicott|Fake Tears|p2a: Aegislash\n|-unboost|p2a: Aegislash|spd|2\n|move|p1a: Tyrantrum|Head Smash|p2a: Aegislash\n|-resisted|p2a: Aegislash|1\n|-damage|p2a: Aegislash|30/100\n|move|p2a: Aegislash|Iron Head|p1b: Whimsicott|[miss]\n|-miss|p2a: Aegislash|p1b: Whimsicott\n|\n|-weather|none\n|upkeep\n|turn|6\n|\n|t:|1776565483\n|move|p1b: Whimsicott|Sunny Day|p1b: Whimsicott\n|-weather|SunnyDay\n|move|p1a: Tyrantrum|Head Smash|p2a: Aegislash\n|-resisted|p2a: Aegislash|1\n|-damage|p2a: Aegislash|0 fnt\n|faint|p2a: Aegislash\n|\n|win|guzzlordstrainer\n|raw|guzzlordstrainer's rating: 1046 &rarr; <strong>1080</strong><br />(+34 for winning)\n|raw|Drop A Metronome's rating: 1059 &rarr; <strong>1039</strong><br />(-20 for losing)\n|c|\u2606Drop A Metronome|ggs\n",
  "uploadtime": 1776565491,
  "views": 12,
  "formatid": "gen9championsvgc2026regma",
  "rating": 1039,
  "private": 0,
  "password": null
}