{
  "id": "gen9championsvgc2026regma-2588064411",
  "format": "[Gen 9 Champions] VGC 2026 Reg M-A",
  "players": [
    "giftedyew",
    "ppyyy-inertia"
  ],
  "log": "|j|\u2606giftedyew\n|j|\u2606ppyyy-inertia\n|html|<table width=\"100%\"><tr><td align=\"left\">giftedyew</td><td align=\"right\">ppyyy-inertia</tr><tr><td align=\"left\"><i class=\"fa fa-circle\"></i> <i class=\"fa fa-circle-o\"></i> </td><td align=\"right\"><i class=\"fa fa-circle-o\"></i> <i class=\"fa fa-circle\"></i> </tr></table>\n|uhtml|bestof|<h2><strong>Game 3</strong> of <a href=\"/game-bestof3-gen9championsvgc2026regma-2588061086\">a best-of-3</a></h2>\n|t:|1776599988\n|gametype|doubles\n|player|p1|giftedyew|266|\n|player|p2|ppyyy-inertia|elesa-gen5bw2|\n|gen|9\n|tier|[Gen 9 Champions] VGC 2026 Reg M-A\n|rated|Tournament battle\n|rule|Species Clause: Limit one of each Pok\u00e9mon\n|rule|Item Clause: Limit 1 of each item\n|raw|<div class=\"infobox\"><details class=\"readmore\" open><summary><strong>2 custom rules:</strong></summary> Force Open Team Sheets, Best of = 3</details></div>\n|clearpoke\n|poke|p1|Kingambit, L50, F|\n|poke|p1|Sneasler, L50, F|\n|poke|p1|Delphox, L50, F|\n|poke|p1|Whimsicott, L50, M, shiny|\n|poke|p1|Garchomp, L50, M|\n|poke|p1|Rotom-Wash, L50|\n|poke|p2|Incineroar, L50, F|\n|poke|p2|Floette-Eternal, L50, F, shiny|\n|poke|p2|Zoroark-Hisui, L50, F, shiny|\n|poke|p2|Tinkaton, L50, F, shiny|\n|poke|p2|Dragonite, L50, F, shiny|\n|poke|p2|Tsareena, L50, F, shiny|\n|teampreview|4\n|showteam|p1|Kingambit||ChopleBerry|Defiant|KowtowCleave,SuckerPunch,IronHead,Protect|||F|||50|]Sneasler||WhiteHerb|Unburden|DireClaw,CloseCombat,Protect,FakeOut|||F|||50|]Delphox||Delphoxite|Blaze|HeatWave,Psychic,Substitute,Protect|||F|||50|]Whimsicott||FocusSash|Prankster|Tailwind,SunnyDay,Moonblast,Protect|||M|||50|]Garchomp||ChoiceScarf|RoughSkin|Earthquake,StompingTantrum,RockSlide,DragonClaw|||M|||50|]Rotom-Wash||SitrusBerry|Levitate|Thunderbolt,HydroPump,WillOWisp,Protect||||||50|\n|showteam|p2|Incineroar||SitrusBerry|Intimidate|FakeOut,FlareBlitz,ThroatChop,PartingShot|||F|||50|]Floette-Eternal||Floettite|FlowerVeil|Moonblast,DazzlingGleam,CalmMind,Protect|||F|||50|]Zoroark-Hisui||FocusSash|Illusion|ShadowBall,IcyWind,WillOWisp,Protect|||F|||50|]Tinkaton||ShucaBerry|OwnTempo|FakeOut,GigatonHammer,Feint,PlayRough|||F|||50|]Dragonite||DragonFang|Multiscale|ScaleShot,Haze,Tailwind,Protect|||F|||50|]Tsareena||OccaBerry|QueenlyMajesty|TropKick,LowKick,HelpingHand,Protect|||F|||50|\n|j| Guzmada\n|\n|t:|1776600023\n|teamsize|p1|4\n|teamsize|p2|4\n|start\n|switch|p1a: Sneasler|Sneasler, L50, F|100/100\n|switch|p1b: Garchomp|Garchomp, L50, M|100/100\n|switch|p2a: Floette|Floette-Eternal, L50, F, shiny|100/100\n|switch|p2b: Incineroar|Incineroar, L50, F|100/100\n|-ability|p2b: Incineroar|Intimidate|boost\n|-unboost|p1a: Sneasler|atk|1\n|-unboost|p1b: Garchomp|atk|1\n|-enditem|p1a: Sneasler|White Herb\n|-clearnegativeboost|p1a: Sneasler|[silent]\n|turn|1\n|\n|t:|1776600059\n|move|p2a: Floette|Protect|p2a: Floette\n|-singleturn|p2a: Floette|Protect\n|move|p1a: Sneasler|Fake Out|p2a: Floette\n|-activate|p2a: Floette|move: Protect\n|move|p1b: Garchomp|Stomping Tantrum|p2b: Incineroar\n|-supereffective|p2b: Incineroar|1\n|-damage|p2b: Incineroar|58/100\n|move|p2b: Incineroar|Parting Shot|p1b: Garchomp\n|-unboost|p1b: Garchomp|atk|1\n|-unboost|p1b: Garchomp|spa|1\n|\n|t:|1776600078\n|switch|p2b: Dragonite|Dragonite, L50, F, shiny|100/100|[from] Parting Shot\n|\n|upkeep\n|turn|2\n|\n|t:|1776600087\n|switch|p1b: Kingambit|Kingambit, L50, F|100/100\n|switch|p2a: Tinkaton|Tinkaton, L50, F, shiny|100/100\n|move|p1a: Sneasler|Dire Claw|p2a: Tinkaton\n|-immune|p2a: Tinkaton\n|move|p2b: Dragonite|Scale Shot|p1a: Sneasler\n|-damage|p1a: Sneasler|69/100\n|-crit|p1a: Sneasler\n|-damage|p1a: Sneasler|25/100\n|-damage|p1a: Sneasler|0 fnt\n|faint|p1a: Sneasler\n|-hitcount|p1: Sneasler|3\n|-unboost|p2b: Dragonite|def|1\n|-boost|p2b: Dragonite|spe|1\n|\n|upkeep\n|\n|t:|1776600101\n|switch|p1a: Delphox|Delphox, L50, F|100/100\n|turn|3\n|\n|t:|1776600119\n|detailschange|p1a: Delphox|Delphox-Mega, L50, F\n|-mega|p1a: Delphox|Delphox|Delphoxite\n|move|p1a: Delphox|Protect|p1a: Delphox\n|-singleturn|p1a: Delphox|Protect\n|move|p2a: Tinkaton|Feint|p1a: Delphox\n|-activate|p1a: Delphox|move: Feint\n|-damage|p1a: Delphox|90/100\n|move|p2b: Dragonite|Scale Shot|p1a: Delphox\n|-damage|p1a: Delphox|65/100\n|-damage|p1a: Delphox|40/100\n|-damage|p1a: Delphox|15/100\n|-hitcount|p1a: Delphox|3\n|-unboost|p2b: Dragonite|def|1\n|-boost|p2b: Dragonite|spe|1\n|move|p1b: Kingambit|Kowtow Cleave|p2b: Dragonite\n|-damage|p2b: Dragonite|50/100\n|\n|upkeep\n|turn|4\n|\n|t:|1776600131\n|move|p1b: Kingambit|Sucker Punch||[still]\n|-fail|p1b: Kingambit\n|move|p2b: Dragonite|Tailwind|p2b: Dragonite\n|-sidestart|p2: ppyyy-inertia|move: Tailwind\n|move|p2a: Tinkaton|Gigaton Hammer|p1a: Delphox\n|-resisted|p1a: Delphox|1\n|-damage|p1a: Delphox|0 fnt\n|faint|p1a: Delphox\n|\n|upkeep\n|\n|t:|1776600137\n|switch|p1a: Garchomp|Garchomp, L50, M|100/100\n|turn|5\n|\n|t:|1776600147\n|move|p2b: Dragonite|Scale Shot|p1a: Garchomp\n|-supereffective|p1a: Garchomp|1\n|-damage|p1a: Garchomp|67/100\n|-supereffective|p1a: Garchomp|1\n|-damage|p1a: Garchomp|31/100\n|-supereffective|p1a: Garchomp|1\n|-damage|p1a: Garchomp|0 fnt\n|faint|p1a: Garchomp\n|-hitcount|p1: Garchomp|3\n|-unboost|p2b: Dragonite|def|1\n|-boost|p2b: Dragonite|spe|1\n|move|p2a: Tinkaton|Play Rough|p1b: Kingambit\n|-crit|p1b: Kingambit\n|-damage|p1b: Kingambit|64/100\n|move|p1b: Kingambit|Kowtow Cleave|p2b: Dragonite\n|-damage|p2b: Dragonite|0 fnt\n|faint|p2b: Dragonite\n|\n|upkeep\n|c|\u2606giftedyew|gg\n|-message|giftedyew forfeited.\n|\n|win|ppyyy-inertia\n",
  "uploadtime": 1776600156,
  "views": 9,
  "formatid": "gen9championsvgc2026regma",
  "rating": null,
  "private": 0,
  "password": null
}