{
  "id": "gen9championsvgc2026regma-2584262604",
  "format": "[Gen 9 Champions] VGC 2026 Reg M-A",
  "players": [
    "Kuschki",
    "x100v"
  ],
  "log": "|j|\u2606Kuschki\n|j|\u2606x100v\n|t:|1776244621\n|gametype|doubles\n|player|p1|Kuschki|102|1196\n|player|p2|x100v|artist-gen4|1210\n|gen|9\n|tier|[Gen 9 Champions] VGC 2026 Reg M-A\n|rated|\n|rule|Species Clause: Limit one of each Pok\u00e9mon\n|rule|Item Clause: Limit 1 of each item\n|clearpoke\n|poke|p1|Drampa, L50, M|\n|poke|p1|Greninja-*, L50, F|\n|poke|p1|Sinistcha, L50|\n|poke|p1|Gallade, L50, M|\n|poke|p1|Arcanine-Hisui, L50, F|\n|poke|p1|Scizor, L50, F|\n|poke|p2|Blastoise, L50, M|\n|poke|p2|Pelipper, L50, F|\n|poke|p2|Sinistcha, L50|\n|poke|p2|Sneasler, L50, F|\n|poke|p2|Garchomp, L50, F|\n|poke|p2|Kingambit, L50, M|\n|teampreview|4\n|\n|t:|1776244654\n|teamsize|p1|4\n|teamsize|p2|4\n|start\n|switch|p1a: Drampa|Drampa, L50, M, shiny|100/100\n|switch|p1b: Greninja|Greninja, L50, F|100/100\n|switch|p2a: Watutle|Blastoise, L50, M|100/100\n|switch|p2b: Sneasler|Sneasler, L50, F|100/100\n|-ability|p1a: Drampa|Cloud Nine\n|turn|1\n|inactive|Battle timer is ON: inactive players will automatically lose when time's up. (requested by x100v)\n|\n|t:|1776244683\n|detailschange|p2a: Watutle|Blastoise-Mega, L50, M\n|-mega|p2a: Watutle|Blastoise|Blastoisinite\n|detailschange|p1a: Drampa|Drampa-Mega, L50, M, shiny\n|-mega|p1a: Drampa|Drampa|Drampanite\n|move|p1b: Greninja|Round|p2b: Sneasler\n|-start|p1b: Greninja|typechange|Normal|[from] ability: Protean\n|-damage|p2b: Sneasler|60/100\n|move|p2b: Sneasler|Close Combat|p1b: Greninja\n|-supereffective|p1b: Greninja|1\n|-crit|p1b: Greninja\n|-enditem|p1b: Greninja|Focus Sash\n|-damage|p1b: Greninja|1/100\n|-unboost|p2b: Sneasler|def|1\n|-unboost|p2b: Sneasler|spd|1\n|-enditem|p2b: Sneasler|White Herb\n|-clearnegativeboost|p2b: Sneasler|[silent]\n|move|p2a: Watutle|Ice Beam|p1a: Drampa\n|-supereffective|p1a: Drampa|1\n|-crit|p1a: Drampa\n|-damage|p1a: Drampa|6/100\n|-status|p1a: Drampa|frz\n|-ability|p1a: Drampa|Berserk|boost\n|-boost|p1a: Drampa|spa|1\n|cant|p1a: Drampa|frz\n|\n|upkeep\n|turn|2\n|inactive|Kuschki has 30 seconds left.\n|inactive|x100v has 30 seconds left.\n|\n|t:|1776244714\n|move|p2b: Sneasler|Protect|p2b: Sneasler\n|-singleturn|p2b: Sneasler|Protect\n|move|p1b: Greninja|Protect|p1b: Greninja\n|-singleturn|p1b: Greninja|Protect\n|cant|p1a: Drampa|frz\n|move|p2a: Watutle|Water Spout|p1b: Greninja|[spread] p1a\n|-activate|p1b: Greninja|move: Protect\n|-resisted|p1a: Drampa|1\n|-damage|p1a: Drampa|0 fnt\n|faint|p1a: Drampa\n|\n|upkeep\n|\n|t:|1776244727\n|switch|p1a: Sinistcha|Sinistcha, L50|100/100\n|-heal|p1b: Greninja|26/100|[from] ability: Hospitality|[of] p1a: Sinistcha\n|turn|3\n|inactive|x100v has 30 seconds left.\n|\n|t:|1776244755\n|move|p2a: Watutle|Protect|p2a: Watutle\n|-singleturn|p2a: Watutle|Protect\n|move|p2b: Sneasler|Rock Slide|p1b: Greninja|[spread] p1a\n|-miss|p2b: Sneasler|p1b: Greninja\n|-damage|p1a: Sinistcha|79/100\n|move|p1b: Greninja|Dark Pulse|p2a: Watutle\n|-activate|p2a: Watutle|move: Protect\n|move|p1a: Sinistcha|Trick Room|p1a: Sinistcha\n|-fieldstart|move: Trick Room|[of] p1a: Sinistcha\n|\n|-heal|p1a: Sinistcha|86/100|[from] item: Leftovers\n|upkeep\n|turn|4\n|\n|t:|1776244770\n|move|p2b: Sneasler|Protect|p2b: Sneasler\n|-singleturn|p2b: Sneasler|Protect\n|move|p1a: Sinistcha|Matcha Gotcha|p2a: Watutle|[spread] \n|-activate|p2b: Sneasler|move: Protect\n|-miss|p1a: Sinistcha|p2a: Watutle\n|move|p2a: Watutle|Ice Beam|p1a: Sinistcha\n|-supereffective|p1a: Sinistcha|1\n|-damage|p1a: Sinistcha|7/100\n|-status|p1a: Sinistcha|frz\n|move|p1b: Greninja|Round|p2b: Sneasler\n|-activate|p2b: Sneasler|move: Protect\n|\n|-heal|p1a: Sinistcha|14/100 frz|[from] item: Leftovers\n|upkeep\n|turn|5\n|\n|t:|1776244792\n|-curestatus|p1a: Sinistcha|frz|[from] move: Matcha Gotcha\n|move|p1a: Sinistcha|Matcha Gotcha|p2b: Sneasler|[spread] p2a,p2b\n|-supereffective|p2a: Watutle|1\n|-crit|p2a: Watutle\n|-resisted|p2b: Sneasler|1\n|-damage|p2a: Watutle|6/100\n|-heal|p1a: Sinistcha|55/100|[from] drain|[of] p2a: Watutle\n|-damage|p2b: Sneasler|39/100\n|-heal|p1a: Sinistcha|64/100|[from] drain|[of] p2b: Sneasler\n|move|p2a: Watutle|Water Spout|p1a: Sinistcha|[spread] p1a,p1b\n|-resisted|p1a: Sinistcha|1\n|-damage|p1a: Sinistcha|62/100\n|-damage|p1b: Greninja|20/100\n|move|p1b: Greninja|Round|p2b: Sneasler\n|-damage|p2b: Sneasler|4/100\n|move|p2b: Sneasler|Dire Claw|p1a: Sinistcha\n|-damage|p1a: Sinistcha|23/100\n|\n|-heal|p1a: Sinistcha|29/100|[from] item: Leftovers\n|upkeep\n|turn|6\n|\n|t:|1776244814\n|switch|p1b: Gallade|Gallade, L50, M|100/100\n|move|p2a: Watutle|Protect|p2a: Watutle\n|-singleturn|p2a: Watutle|Protect\n|move|p2b: Sneasler|Protect|p2b: Sneasler\n|-singleturn|p2b: Sneasler|Protect\n|move|p1a: Sinistcha|Matcha Gotcha|p2a: Watutle|[spread] \n|-activate|p2a: Watutle|move: Protect\n|-activate|p2b: Sneasler|move: Protect\n|\n|-heal|p1a: Sinistcha|35/100|[from] item: Leftovers\n|upkeep\n|turn|7\n|inactive|x100v has 30 seconds left.\n|\n|t:|1776244840\n|switch|p2a: Garchomp|Garchomp, L50, F, shiny|100/100\n|switch|p2b: Kingambit|Kingambit, L50, M|100/100\n|move|p1a: Sinistcha|Matcha Gotcha|p2a: Garchomp|[spread] p2a,p2b\n|-resisted|p2b: Kingambit|1\n|-damage|p2a: Garchomp|68/100\n|-heal|p1a: Sinistcha|52/100|[from] drain|[of] p2a: Garchomp\n|-damage|p2b: Kingambit|86/100\n|-heal|p1a: Sinistcha|61/100|[from] drain|[of] p2b: Kingambit\n|move|p1b: Gallade|Sacred Sword|p2b: Kingambit\n|-supereffective|p2b: Kingambit|2\n|-damage|p2b: Kingambit|0 fnt\n|faint|p2b: Kingambit\n|\n|-heal|p1a: Sinistcha|67/100|[from] item: Leftovers\n|-fieldend|move: Trick Room\n|upkeep\n|\n|t:|1776244848\n|switch|p2b: Watutle|Blastoise-Mega, L50, M|6/100\n|turn|8\n|\n|t:|1776244866\n|move|p1a: Sinistcha|Rage Powder|p1a: Sinistcha\n|-singleturn|p1a: Sinistcha|move: Rage Powder\n|move|p2a: Garchomp|Dragon Claw|p1a: Sinistcha\n|-damage|p1a: Sinistcha|28/100\n|move|p2b: Watutle|Ice Beam|p1a: Sinistcha\n|-supereffective|p1a: Sinistcha|1\n|-damage|p1a: Sinistcha|0 fnt\n|faint|p1a: Sinistcha\n|move|p1b: Gallade|Trick Room|p1b: Gallade\n|-fieldstart|move: Trick Room|[of] p1b: Gallade\n|\n|upkeep\n|\n|t:|1776244875\n|switch|p1a: Greninja|Greninja, L50, F|20/100\n|turn|9\n|\n|t:|1776244894\n|move|p2b: Watutle|Protect|p2b: Watutle\n|-singleturn|p2b: Watutle|Protect\n|move|p1b: Gallade|Sacred Sword|p2a: Garchomp\n|-damage|p2a: Garchomp|0 fnt\n|-damage|p1b: Gallade|88/100|[from] ability: Rough Skin|[of] p2a: Garchomp\n|faint|p2a: Garchomp\n|move|p1a: Greninja|Dark Pulse|p2b: Watutle\n|-start|p1a: Greninja|typechange|Dark|[from] ability: Protean\n|-activate|p2b: Watutle|move: Protect\n|\n|upkeep\n|\n|t:|1776244899\n|switch|p2a: Sneasler|Sneasler, L50, F|4/100\n|turn|10\n|\n|t:|1776244916\n|move|p1b: Gallade|Protect|p1b: Gallade\n|-singleturn|p1b: Gallade|Protect\n|move|p1a: Greninja|Protect|p1a: Greninja\n|-singleturn|p1a: Greninja|Protect\n|move|p2b: Watutle|Water Pulse|p1b: Gallade\n|-activate|p1b: Gallade|move: Protect\n|move|p2a: Sneasler|Close Combat|p1a: Greninja\n|-activate|p1a: Greninja|move: Protect\n|\n|upkeep\n|turn|11\n|\n|t:|1776244934\n|move|p2b: Watutle|Protect|p2b: Watutle\n|-singleturn|p2b: Watutle|Protect\n|move|p2a: Sneasler|Protect|p2a: Sneasler\n|-singleturn|p2a: Sneasler|Protect\n|move|p1b: Gallade|Sacred Sword|p2b: Watutle\n|-activate|p2b: Watutle|move: Protect\n|move|p1a: Greninja|Dark Pulse|p2a: Sneasler\n|-activate|p2a: Sneasler|move: Protect\n|\n|upkeep\n|turn|12\n|inactive|x100v has 30 seconds left.\n|\n|t:|1776244967\n|move|p1b: Gallade|Sacred Sword|p2b: Watutle\n|-damage|p2b: Watutle|0 fnt\n|faint|p2b: Watutle\n|move|p2a: Sneasler|Close Combat|p1a: Greninja\n|-supereffective|p1a: Greninja|1\n|-damage|p1a: Greninja|0 fnt\n|-unboost|p2a: Sneasler|def|1\n|-unboost|p2a: Sneasler|spd|1\n|faint|p1a: Greninja\n|\n|-fieldend|move: Trick Room\n|upkeep\n|turn|13\n|\n|t:|1776244979\n|move|p2a: Sneasler|Dire Claw|p1b: Gallade\n|-damage|p1b: Gallade|27/100\n|-status|p1b: Gallade|par\n|cant|p1b: Gallade|par\n|\n|upkeep\n|turn|14\n|\n|t:|1776244989\n|move|p2a: Sneasler|Dire Claw|p1b: Gallade\n|-damage|p1b: Gallade|0 fnt\n|faint|p1b: Gallade\n|\n|win|x100v\n|raw|Kuschki's rating: 1196 &rarr; <strong>1172</strong><br />(-24 for losing)\n|raw|x100v's rating: 1210 &rarr; <strong>1234</strong><br />(+24 for winning)\n|l|\u2606Kuschki\n|player|p1|\n",
  "uploadtime": 1776244997,
  "views": 23,
  "formatid": "gen9championsvgc2026regma",
  "rating": 1172,
  "private": 0,
  "password": null
}