{
  "id": "gen9championsvgc2026regma-2584085085",
  "format": "[Gen 9 Champions] VGC 2026 Reg M-A",
  "players": [
    "Dat guy In black",
    "WalkEmDownM0rt"
  ],
  "log": "|j|\u2606Dat guy In black\n|j|\u2606WalkEmDownM0rt\n|t:|1776223567\n|gametype|doubles\n|player|p1|Dat guy In black|roughneck|1389\n|player|p2|WalkEmDownM0rt|boarder|1446\n|gen|9\n|tier|[Gen 9 Champions] VGC 2026 Reg M-A\n|rated|\n|rule|Species Clause: Limit one of each Pok\u00e9mon\n|rule|Item Clause: Limit 1 of each item\n|clearpoke\n|poke|p1|Scizor, L50, F|\n|poke|p1|Tyranitar, L50, F|\n|poke|p1|Milotic, L50, M|\n|poke|p1|Sinistcha, L50|\n|poke|p1|Incineroar, L50, F|\n|poke|p1|Sylveon, L50, F|\n|poke|p2|Garchomp, L50, M|\n|poke|p2|Delphox, L50, M|\n|poke|p2|Basculegion, L50, M|\n|poke|p2|Sneasler, L50, M|\n|poke|p2|Kingambit, L50, M|\n|poke|p2|Meganium, L50, M|\n|teampreview|4\n|\n|t:|1776223613\n|teamsize|p1|4\n|teamsize|p2|4\n|start\n|switch|p1a: Incineroar|Incineroar, L50, F|100/100\n|switch|p1b: Milotic|Milotic, L50, M|100/100\n|switch|p2a: Delphox|Delphox, L50, M|100/100\n|switch|p2b: Sneasler|Sneasler, L50, M|100/100\n|-ability|p1a: Incineroar|Intimidate|boost\n|-unboost|p2a: Delphox|atk|1\n|-unboost|p2b: Sneasler|atk|1\n|-enditem|p2b: Sneasler|White Herb\n|-clearnegativeboost|p2b: Sneasler|[silent]\n|turn|1\n|\n|t:|1776223628\n|detailschange|p2a: Delphox|Delphox-Mega, L50, M\n|-mega|p2a: Delphox|Delphox|Delphoxite\n|move|p2a: Delphox|Protect|p2a: Delphox\n|-singleturn|p2a: Delphox|Protect\n|move|p2b: Sneasler|Fake Out|p1b: Milotic\n|-damage|p1b: Milotic|90/100\n|cant|p1b: Milotic|flinch\n|move|p1a: Incineroar|Parting Shot|p1b: Milotic\n|-unboost|p1b: Milotic|atk|1\n|-unboost|p1b: Milotic|spa|1\n|\n|t:|1776223645\n|switch|p1a: Scizor|Scizor, L50, F|100/100|[from] Parting Shot\n|\n|-heal|p1b: Milotic|96/100|[from] item: Leftovers\n|upkeep\n|turn|2\n|c|\u2606WalkEmDownM0rt|thatd be way too op if it worked like that\n|\n|t:|1776223699\n|switch|p1b: Incineroar|Incineroar, L50, F|100/100\n|-ability|p1b: Incineroar|Intimidate|boost\n|-unboost|p2a: Delphox|atk|1\n|-unboost|p2b: Sneasler|atk|1\n|detailschange|p1a: Scizor|Scizor-Mega, L50, F\n|-mega|p1a: Scizor|Scizor|Scizorite\n|move|p1a: Scizor|Protect|p1a: Scizor\n|-singleturn|p1a: Scizor|Protect\n|move|p2b: Sneasler|Close Combat|p1a: Scizor\n|-activate|p1a: Scizor|move: Protect\n|move|p2a: Delphox|Psychic|p1b: Incineroar\n|-immune|p1b: Incineroar\n|\n|upkeep\n|turn|3\n|\n|t:|1776223711\n|move|p2a: Delphox|Protect|p2a: Delphox\n|-singleturn|p2a: Delphox|Protect\n|move|p1b: Incineroar|Fake Out|p2b: Sneasler\n|-damage|p2b: Sneasler|83/100\n|cant|p2b: Sneasler|flinch\n|move|p1a: Scizor|Bug Bite|p2a: Delphox\n|-activate|p2a: Delphox|move: Protect\n|\n|upkeep\n|turn|4\n|\n|t:|1776223721\n|switch|p1a: Milotic|Milotic, L50, M|96/100\n|move|p2b: Sneasler|Close Combat|p1b: Incineroar\n|-supereffective|p1b: Incineroar|1\n|-damage|p1b: Incineroar|40/100\n|-unboost|p2b: Sneasler|def|1\n|-unboost|p2b: Sneasler|spd|1\n|-enditem|p1b: Incineroar|Sitrus Berry|[eat]\n|-heal|p1b: Incineroar|65/100|[from] item: Sitrus Berry\n|move|p2a: Delphox|Will-O-Wisp|p1a: Milotic\n|-status|p1a: Milotic|brn\n|move|p1b: Incineroar|Parting Shot|p2a: Delphox\n|-unboost|p2a: Delphox|atk|1\n|-unboost|p2a: Delphox|spa|1\n|\n|t:|1776223731\n|switch|p1b: Scizor|Scizor-Mega, L50, F|100/100|[from] Parting Shot\n|\n|-heal|p1a: Milotic|100/100 brn|[from] item: Leftovers\n|-damage|p1a: Milotic|95/100 brn|[from] brn\n|upkeep\n|turn|5\n|\n|t:|1776223752\n|move|p2a: Delphox|Protect|p2a: Delphox\n|-singleturn|p2a: Delphox|Protect\n|move|p1b: Scizor|Bullet Punch|p2b: Sneasler\n|-damage|p2b: Sneasler|0 fnt\n|faint|p2b: Sneasler\n|move|p1a: Milotic|Scald|p2a: Delphox\n|-activate|p2a: Delphox|move: Protect\n|\n|-heal|p1a: Milotic|100/100 brn|[from] item: Leftovers\n|-damage|p1a: Milotic|95/100 brn|[from] brn\n|upkeep\n|\n|t:|1776223763\n|switch|p2b: Basculegion|Basculegion, L50, M|100/100\n|turn|6\n|\n|t:|1776223774\n|move|p1b: Scizor|Protect|p1b: Scizor\n|-singleturn|p1b: Scizor|Protect\n|move|p2a: Delphox|Heat Wave|p1a: Milotic|[spread] p1a\n|-activate|p1b: Scizor|move: Protect\n|-resisted|p1a: Milotic|1\n|-damage|p1a: Milotic|85/100 brn\n|move|p2b: Basculegion|Last Respects|p1a: Milotic\n|-damage|p1a: Milotic|31/100 brn\n|move|p1a: Milotic|Icy Wind|p2b: Basculegion|[spread] p2a,p2b\n|-resisted|p2a: Delphox|1\n|-resisted|p2b: Basculegion|1\n|-damage|p2a: Delphox|96/100\n|-damage|p2b: Basculegion|95/100\n|-unboost|p2a: Delphox|spe|1\n|-unboost|p2b: Basculegion|spe|1\n|\n|-heal|p1a: Milotic|37/100 brn|[from] item: Leftovers\n|-damage|p1a: Milotic|31/100 brn|[from] brn\n|upkeep\n|turn|7\n|\n|t:|1776223790\n|switch|p1a: Incineroar|Incineroar, L50, F|65/100\n|-ability|p1a: Incineroar|Intimidate|boost\n|-unboost|p2a: Delphox|atk|1\n|-unboost|p2b: Basculegion|atk|1\n|switch|p1b: Sinistcha|Sinistcha, L50|100/100\n|-heal|p1a: Incineroar|90/100|[from] ability: Hospitality|[of] p1b: Sinistcha\n|move|p2a: Delphox|Heat Wave|p1b: Sinistcha|[spread] p1a,p1b\n|-resisted|p1a: Incineroar|1\n|-supereffective|p1b: Sinistcha|1\n|-damage|p1a: Incineroar|79/100\n|-damage|p1b: Sinistcha|47/100\n|-status|p1b: Sinistcha|brn\n|move|p2b: Basculegion|Last Respects|p1a: Incineroar\n|-resisted|p1a: Incineroar|1\n|-damage|p1a: Incineroar|64/100\n|\n|-damage|p1b: Sinistcha|40/100 brn|[from] brn\n|upkeep\n|turn|8\n|\n|t:|1776223832\n|switch|p2b: Kingambit|Kingambit, L50, M|100/100\n|move|p2a: Delphox|Protect|p2a: Delphox\n|-singleturn|p2a: Delphox|Protect\n|move|p1a: Incineroar|Will-O-Wisp|p2b: Kingambit\n|-status|p2b: Kingambit|brn\n|move|p1b: Sinistcha|Trick Room|p1b: Sinistcha\n|-fieldstart|move: Trick Room|[of] p1b: Sinistcha\n|\n|-damage|p2b: Kingambit|95/100 brn|[from] brn\n|-damage|p1b: Sinistcha|34/100 brn|[from] brn\n|upkeep\n|turn|9\n|\n|t:|1776223848\n|switch|p1a: Milotic|Milotic, L50, M|31/100 brn\n|move|p2b: Kingambit|Iron Head|p1b: Sinistcha\n|-damage|p1b: Sinistcha|18/100 brn\n|move|p1b: Sinistcha|Life Dew|p1b: Sinistcha|[spread] p1a,p1b\n|-heal|p1a: Milotic|56/100 brn\n|-heal|p1b: Sinistcha|43/100 brn\n|move|p2a: Delphox|Heat Wave|p1b: Sinistcha|[spread] p1a,p1b\n|-resisted|p1a: Milotic|1\n|-supereffective|p1b: Sinistcha|1\n|-damage|p1a: Milotic|47/100 brn\n|-damage|p1b: Sinistcha|0 fnt\n|faint|p1b: Sinistcha\n|\n|-heal|p1a: Milotic|53/100 brn|[from] item: Leftovers\n|-damage|p2b: Kingambit|89/100 brn|[from] brn\n|-damage|p1a: Milotic|47/100 brn|[from] brn\n|upkeep\n|\n|t:|1776223860\n|switch|p1b: Scizor|Scizor-Mega, L50, F|100/100\n|turn|10\n|\n|t:|1776223866\n|move|p2a: Delphox|Protect|p2a: Delphox\n|-singleturn|p2a: Delphox|Protect\n|move|p2b: Kingambit|Low Kick|p1a: Milotic\n|-damage|p1a: Milotic|34/100 brn\n|move|p1b: Scizor|Bug Bite|p2a: Delphox\n|-activate|p2a: Delphox|move: Protect\n|move|p1a: Milotic|Scald|p2a: Delphox\n|-activate|p2a: Delphox|move: Protect\n|\n|-heal|p1a: Milotic|40/100 brn|[from] item: Leftovers\n|-damage|p2b: Kingambit|83/100 brn|[from] brn\n|-damage|p1a: Milotic|34/100 brn|[from] brn\n|upkeep\n|turn|11\n|j| Thegaybowserking\n|j| wormful24\n|\n|t:|1776223893\n|switch|p2a: Basculegion|Basculegion, L50, M|95/100\n|move|p2b: Kingambit|Sucker Punch||[still]\n|-fail|p2b: Kingambit\n|move|p1b: Scizor|Close Combat|p2b: Kingambit\n|-supereffective|p2b: Kingambit|2\n|-enditem|p2b: Kingambit|Chople Berry|[eat]\n|-enditem|p2b: Kingambit|Chople Berry|[weaken]\n|-damage|p2b: Kingambit|14/100 brn\n|-unboost|p1b: Scizor|def|1\n|-unboost|p1b: Scizor|spd|1\n|move|p1a: Milotic|Recover|p1a: Milotic\n|-heal|p1a: Milotic|84/100 brn\n|\n|-heal|p1a: Milotic|90/100 brn|[from] item: Leftovers\n|-damage|p2b: Kingambit|8/100 brn|[from] brn\n|-damage|p1a: Milotic|84/100 brn|[from] brn\n|upkeep\n|turn|12\n|\n|t:|1776223949\n|move|p2b: Kingambit|Low Kick|p1a: Milotic\n|-damage|p1a: Milotic|71/100 brn\n|move|p1b: Scizor|Bug Bite|p2a: Basculegion\n|-resisted|p2a: Basculegion|1\n|-damage|p2a: Basculegion|58/100\n|move|p1a: Milotic|Scald|p2a: Basculegion\n|-resisted|p2a: Basculegion|1\n|-damage|p2a: Basculegion|43/100\n|move|p2a: Basculegion|Last Respects|p1a: Milotic\n|-damage|p1a: Milotic|18/100 brn\n|\n|-heal|p1a: Milotic|24/100 brn|[from] item: Leftovers\n|-damage|p2b: Kingambit|2/100 brn|[from] brn\n|-damage|p1a: Milotic|18/100 brn|[from] brn\n|-fieldend|move: Trick Room\n|upkeep\n|turn|13\n|\n|t:|1776223984\n|switch|p1a: Incineroar|Incineroar, L50, F|64/100\n|-ability|p1a: Incineroar|Intimidate|boost\n|-unboost|p2a: Basculegion|atk|1\n|-unboost|p2b: Kingambit|atk|1\n|-ability|p2b: Kingambit|Defiant|boost\n|-boost|p2b: Kingambit|atk|2\n|switch|p2b: Delphox|Delphox-Mega, L50, M|96/100\n|move|p1b: Scizor|Bullet Punch|p2a: Basculegion\n|-resisted|p2a: Basculegion|1\n|-damage|p2a: Basculegion|19/100\n|move|p2a: Basculegion|Last Respects|p1a: Incineroar\n|-resisted|p1a: Incineroar|1\n|-damage|p1a: Incineroar|48/100\n|\n|upkeep\n|turn|14\n|\n|t:|1776224000\n|switch|p2a: Kingambit|Kingambit, L50, M|2/100 brn\n|move|p2b: Delphox|Protect|p2b: Delphox\n|-singleturn|p2b: Delphox|Protect\n|move|p1a: Incineroar|Fake Out|p2b: Delphox\n|-activate|p2b: Delphox|move: Protect\n|move|p1b: Scizor|Bullet Punch|p2a: Kingambit\n|-resisted|p2a: Kingambit|1\n|-damage|p2a: Kingambit|0 fnt\n|faint|p2a: Kingambit\n|\n|upkeep\n|\n|t:|1776224003\n|switch|p2a: Basculegion|Basculegion, L50, M|19/100\n|turn|15\n|\n|t:|1776224013\n|move|p2a: Basculegion|Aqua Jet|p1a: Incineroar\n|-supereffective|p1a: Incineroar|1\n|-damage|p1a: Incineroar|4/100\n|move|p1b: Scizor|Bullet Punch|p2a: Basculegion\n|-resisted|p2a: Basculegion|1\n|-damage|p2a: Basculegion|0 fnt\n|faint|p2a: Basculegion\n|move|p2b: Delphox|Heat Wave|p1b: Scizor|[spread] p1a,p1b\n|-resisted|p1a: Incineroar|1\n|-supereffective|p1b: Scizor|2\n|-damage|p1a: Incineroar|0 fnt\n|-damage|p1b: Scizor|0 fnt\n|faint|p1a: Incineroar\n|faint|p1b: Scizor\n|\n|upkeep\n|j| CY1573\n|\n|t:|1776224019\n|switch|p1b: Milotic|Milotic, L50, M|18/100 brn\n|turn|16\n|\n|t:|1776224021\n|move|p2b: Delphox|Psychic|p1b: Milotic\n|-damage|p1b: Milotic|0 fnt\n|faint|p1b: Milotic\n|\n|win|WalkEmDownM0rt\n|raw|Dat guy In black's rating: 1389 &rarr; <strong>1372</strong><br />(-17 for losing)\n|raw|WalkEmDownM0rt's rating: 1446 &rarr; <strong>1463</strong><br />(+17 for winning)\n|c|\u2606WalkEmDownM0rt|gg\n|l|\u2606Dat guy In black\n|player|p1|\n|l|\u2606WalkEmDownM0rt\n|player|p2|\n",
  "uploadtime": 1776224102,
  "views": 38,
  "formatid": "gen9championsvgc2026regma",
  "rating": 1372,
  "private": 0,
  "password": null
}