{
  "id": "gen9championsvgc2026regma-2587185398",
  "format": "[Gen 9 Champions] VGC 2026 Reg M-A",
  "players": [
    "3mms",
    "ScribbleScribble"
  ],
  "log": "|j|\u26063mms\n|j|\u2606ScribbleScribble\n|t:|1776505881\n|gametype|doubles\n|player|p1|3mms|n|1569\n|player|p2|ScribbleScribble|mina-lgpe|1710\n|gen|9\n|tier|[Gen 9 Champions] VGC 2026 Reg M-A\n|rated|\n|rule|Species Clause: Limit one of each Pok\u00e9mon\n|rule|Item Clause: Limit 1 of each item\n|clearpoke\n|poke|p1|Rotom-Wash, L50|\n|poke|p1|Talonflame, L50, M|\n|poke|p1|Garchomp, L50, F|\n|poke|p1|Incineroar, L50, M|\n|poke|p1|Floette-Eternal, L50, F|\n|poke|p1|Aegislash, L50, M|\n|poke|p2|Floette-Eternal, L50, F|\n|poke|p2|Sneasler, L50, F|\n|poke|p2|Aerodactyl, L50, F|\n|poke|p2|Kingambit, L50, M|\n|poke|p2|Basculegion, L50, M|\n|poke|p2|Farigiraf, L50, M|\n|teampreview|4\n|inactive|Battle timer is ON: inactive players will automatically lose when time's up. (requested by ScribbleScribble)\n|inactive|3mms also wants the timer to be on.\n|inactive|ScribbleScribble has 60 seconds left.\n|\n|t:|1776505917\n|teamsize|p1|4\n|teamsize|p2|4\n|start\n|switch|p1a: Rotom|Rotom-Wash, L50|100/100\n|switch|p1b: Garchomp|Garchomp, L50, F|100/100\n|switch|p2a: Aerodactyl|Aerodactyl, L50, F|100/100\n|switch|p2b: Kingambit|Kingambit, L50, M|100/100\n|-ability|p2a: Aerodactyl|Unnerve\n|turn|1\n|j| nyoomington\n|\n|t:|1776505924\n|move|p2a: Aerodactyl|Tailwind|p2a: Aerodactyl\n|-sidestart|p2: ScribbleScribble|move: Tailwind\n|move|p2b: Kingambit|Kowtow Cleave|p1a: Rotom\n|-damage|p1a: Rotom|39/100\n|move|p1b: Garchomp|Rock Slide|p2b: Kingambit|[spread] p2a,p2b\n|-supereffective|p2a: Aerodactyl|1\n|-resisted|p2b: Kingambit|1\n|-damage|p2a: Aerodactyl|36/100\n|-damage|p2b: Kingambit|93/100\n|move|p1a: Rotom|Will-O-Wisp|p2b: Kingambit\n|-status|p2b: Kingambit|brn\n|\n|-damage|p2b: Kingambit|87/100 brn|[from] brn\n|upkeep\n|turn|2\n|\n|t:|1776505937\n|move|p1a: Rotom|Protect|p1a: Rotom\n|-singleturn|p1a: Rotom|Protect\n|move|p2a: Aerodactyl|Rock Slide|p1b: Garchomp|[spread] p1b\n|-activate|p1a: Rotom|move: Protect\n|-resisted|p1b: Garchomp|1\n|-damage|p1b: Garchomp|90/100\n|move|p2b: Kingambit|Kowtow Cleave|p1a: Rotom\n|-activate|p1a: Rotom|move: Protect\n|move|p1b: Garchomp|Rock Slide|p2a: Aerodactyl|[spread] p2a\n|-miss|p1b: Garchomp|p2b: Kingambit\n|-supereffective|p2a: Aerodactyl|1\n|-damage|p2a: Aerodactyl|0 fnt\n|-enditem|p1a: Rotom|Sitrus Berry|[eat]\n|-heal|p1a: Rotom|64/100|[from] item: Sitrus Berry\n|faint|p2a: Aerodactyl\n|\n|-damage|p2b: Kingambit|81/100 brn|[from] brn\n|upkeep\n|\n|t:|1776505939\n|switch|p2a: Floette|Floette-Eternal, L50, F|100/100\n|turn|3\n|\n|t:|1776505961\n|detailschange|p2a: Floette|Floette-Mega, L50, F\n|-mega|p2a: Floette|Floette|Floettite\n|-ability|p2a: Floette|Fairy Aura\n|move|p1b: Garchomp|Protect|p1b: Garchomp\n|-singleturn|p1b: Garchomp|Protect\n|move|p2a: Floette|Dazzling Gleam|p1a: Rotom|[spread] p1a\n|-activate|p1b: Garchomp|move: Protect\n|-damage|p1a: Rotom|2/100\n|move|p2b: Kingambit|Kowtow Cleave|p1a: Rotom\n|-crit|p1a: Rotom\n|-damage|p1a: Rotom|0 fnt\n|faint|p1a: Rotom\n|\n|-damage|p2b: Kingambit|75/100 brn|[from] brn\n|upkeep\n|\n|t:|1776505972\n|switch|p1a: Talonflame|Talonflame, L50, M|100/100\n|turn|4\n|j| grapplebeam\n|\n|t:|1776505980\n|move|p1a: Talonflame|Tailwind|p1a: Talonflame\n|-sidestart|p1: 3mms|move: Tailwind\n|move|p2a: Floette|Dazzling Gleam|p1a: Talonflame|[spread] p1a,p1b\n|-resisted|p1a: Talonflame|1\n|-supereffective|p1b: Garchomp|1\n|-damage|p1a: Talonflame|58/100\n|-damage|p1b: Garchomp|0 fnt\n|faint|p1b: Garchomp\n|move|p2b: Kingambit|Kowtow Cleave|p1a: Talonflame\n|-damage|p1a: Talonflame|9/100\n|\n|-damage|p2b: Kingambit|69/100 brn|[from] brn\n|-sideend|p2: ScribbleScribble|move: Tailwind\n|upkeep\n|\n|t:|1776505988\n|switch|p1b: Floette|Floette-Eternal, L50, F|100/100\n|turn|5\n|inactive|3mms has 30 seconds left.\n|\n|t:|1776506014\n|detailschange|p1b: Floette|Floette-Mega, L50, F\n|-mega|p1b: Floette|Floette|Floettite\n|-ability|p1b: Floette|Fairy Aura\n|move|p1a: Talonflame|Protect|p1a: Talonflame\n|-singleturn|p1a: Talonflame|Protect\n|move|p2b: Kingambit|Sucker Punch||[still]\n|-fail|p2b: Kingambit\n|move|p1b: Floette|Moonblast|p2a: Floette\n|-damage|p2a: Floette|49/100\n|move|p2a: Floette|Calm Mind|p2a: Floette\n|-boost|p2a: Floette|spa|1\n|-boost|p2a: Floette|spd|1\n|\n|-damage|p2b: Kingambit|64/100 brn|[from] brn\n|upkeep\n|turn|6\n|\n|t:|1776506035\n|move|p1a: Talonflame|Protect||[still]\n|-fail|p1a: Talonflame\n|move|p2b: Kingambit|Sucker Punch||[still]\n|-fail|p2b: Kingambit\n|move|p1b: Floette|Dazzling Gleam|p2b: Kingambit|[spread] p2a,p2b\n|-damage|p2a: Floette|27/100\n|-damage|p2b: Kingambit|21/100 brn\n|move|p2a: Floette|Dazzling Gleam|p1a: Talonflame|[spread] p1a,p1b\n|-resisted|p1a: Talonflame|1\n|-damage|p1a: Talonflame|0 fnt\n|-damage|p1b: Floette|50/100\n|faint|p1a: Talonflame\n|\n|-damage|p2b: Kingambit|15/100 brn|[from] brn\n|upkeep\n|turn|7\n|\n|t:|1776506058\n|move|p2a: Floette|Protect|p2a: Floette\n|-singleturn|p2a: Floette|Protect\n|move|p1b: Floette|Moonblast|p2a: Floette\n|-activate|p2a: Floette|move: Protect\n|move|p2b: Kingambit|Kowtow Cleave|p1b: Floette\n|-resisted|p1b: Floette|1\n|-damage|p1b: Floette|38/100\n|\n|-damage|p2b: Kingambit|9/100 brn|[from] brn\n|-sideend|p1: 3mms|move: Tailwind\n|upkeep\n|turn|8\n|c|\u26063mms|Gg\n|inactive|ScribbleScribble has 30 seconds left.\n|\n|t:|1776506083\n|move|p2a: Floette|Moonblast|p1b: Floette\n|-damage|p1b: Floette|0 fnt\n|faint|p1b: Floette\n|\n|win|ScribbleScribble\n|raw|3mms's rating: 1569 &rarr; <strong>1557</strong><br />(-12 for losing)\n|raw|ScribbleScribble's rating: 1710 &rarr; <strong>1722</strong><br />(+12 for winning)\n|l|\u26063mms\n|player|p1|\n|c|\u2606ScribbleScribble|gg\n",
  "uploadtime": 1776506092,
  "views": 78,
  "formatid": "gen9championsvgc2026regma",
  "rating": 1557,
  "private": 0,
  "password": null
}