{
  "id": "gen9championsvgc2026regma-2587105166",
  "format": "[Gen 9 Champions] VGC 2026 Reg M-A",
  "players": [
    "brojonski",
    "pipievgc103"
  ],
  "log": "|j|\u2606brojonski\n|j|\u2606pipievgc103\n|t:|1776494085\n|gametype|doubles\n|player|p1|brojonski|brock|1114\n|player|p2|pipievgc103|doctor-gen8|1132\n|gen|9\n|tier|[Gen 9 Champions] VGC 2026 Reg M-A\n|rated|\n|rule|Species Clause: Limit one of each Pok\u00e9mon\n|rule|Item Clause: Limit 1 of each item\n|clearpoke\n|poke|p1|Goodra-Hisui, L50, M|\n|poke|p1|Sableye, L50, M|\n|poke|p1|Basculegion, L50, M|\n|poke|p1|Delphox, L50, F|\n|poke|p1|Pelipper, L50, F|\n|poke|p1|Sneasler, L50, M|\n|poke|p2|Gengar, L50, M, shiny|\n|poke|p2|Sneasler, L50, M, shiny|\n|poke|p2|Kingambit, L50, M, shiny|\n|poke|p2|Sinistcha, L50, shiny|\n|poke|p2|Basculegion, L50, M, shiny|\n|poke|p2|Politoed, L50, M, shiny|\n|teampreview|4\n|inactive|Battle timer is ON: inactive players will automatically lose when time's up. (requested by brojonski)\npipievgc103 has agreed to open team sheets.\n|inactive|brojonski has 60 seconds left.\n|inactive|pipievgc103 has 60 seconds left.\n|inactive|brojonski has 30 seconds left.\n|inactive|brojonski has 20 seconds left.\n|inactive|brojonski has 15 seconds left.\n|inactive|brojonski has 10 seconds left.\n|inactive|brojonski has 5 seconds left.\n|\n|t:|1776494176\n|teamsize|p1|4\n|teamsize|p2|4\n|start\n|switch|p1a: Goodra|Goodra-Hisui, L50, M|100/100\n|switch|p1b: Sableye|Sableye, L50, M|100/100\n|switch|p2a: poliw|Politoed, L50, M, shiny|100/100\n|switch|p2b: Gengar|Gengar, L50, M, shiny|100/100\n|-weather|RainDance|[from] ability: Drizzle|[of] p2a: poliw\n|turn|1\n|\n|t:|1776494195\n|switch|p1a: Basculegion|Basculegion, L50, M|100/100\n|detailschange|p2b: Gengar|Gengar-Mega, L50, M, shiny\n|-mega|p2b: Gengar|Gengar|Gengarite\n|move|p2b: Gengar|Protect|p2b: Gengar\n|-singleturn|p2b: Gengar|Protect\n|move|p2a: poliw|Perish Song|p2a: poliw\n|-start|p1a: Basculegion|perish3|[silent]\n|-start|p1b: Sableye|perish3|[silent]\n|-start|p2a: poliw|perish3|[silent]\n|-start|p2b: Gengar|perish3|[silent]\n|-fieldactivate|move: Perish Song\n|move|p1b: Sableye|Foul Play|p2b: Gengar\n|-activate|p2b: Gengar|move: Protect\n|\n|-weather|RainDance|[upkeep]\n|-start|p1a: Basculegion|perish3\n|-start|p2b: Gengar|perish3\n|-start|p2a: poliw|perish3\n|-start|p1b: Sableye|perish3\n|upkeep\n|turn|2\n|inactive|brojonski has 30 seconds left.\n|\n|t:|1776494222\n|switch|p2b: Sneasler|Sneasler, L50, M, shiny|100/100\n|move|p2a: poliw|Protect|p2a: poliw\n|-singleturn|p2a: poliw|Protect\n|move|p1b: Sableye|Light Screen|p1b: Sableye\n|-sidestart|p1: brojonski|move: Light Screen\n|move|p1a: Basculegion|Last Respects|p2b: Sneasler\n|-damage|p2b: Sneasler|46/100\n|\n|-weather|RainDance|[upkeep]\n|-start|p1a: Basculegion|perish2\n|-start|p2a: poliw|perish2\n|-start|p1b: Sableye|perish2\n|upkeep\n|turn|3\n|inactive|pipievgc103 has 30 seconds left.\n|\n|t:|1776494248\n|switch|p2a: Gengar|Gengar-Mega, L50, M, shiny|100/100\n|move|p2b: Sneasler|Protect|p2b: Sneasler\n|-singleturn|p2b: Sneasler|Protect\n|move|p1b: Sableye|Reflect|p1b: Sableye\n|-sidestart|p1: brojonski|Reflect\n|move|p1a: Basculegion|Last Respects|p2b: Sneasler\n|-activate|p2b: Sneasler|move: Protect\n|\n|-weather|RainDance|[upkeep]\n|-start|p1a: Basculegion|perish1\n|-start|p1b: Sableye|perish1\n|upkeep\n|turn|4\n|inactive|brojonski has 30 seconds left.\n|\n|t:|1776494282\n|switch|p1a: Delphox|Delphox, L50, F|100/100\n|switch|p2b: poliw|Politoed, L50, M, shiny|100/100\n|move|p2a: Gengar|Protect|p2a: Gengar\n|-singleturn|p2a: Gengar|Protect\n|move|p1b: Sableye|Foul Play|p2a: Gengar\n|-activate|p2a: Gengar|move: Protect\n|\n|-weather|RainDance|[upkeep]\n|-start|p1b: Sableye|perish0\n|faint|p1b: Sableye\n|upkeep\n|\n|t:|1776494294\n|switch|p1b: Basculegion|Basculegion, L50, M|100/100\n|turn|5\n|inactive|brojonski has 30 seconds left.\n|l|\u2606pipievgc103\n|inactive|pipievgc103 disconnected and has a minute to reconnect!\n|player|p2|\n|\n|t:|1776494326\n|switch|p2a: Sneasler|Sneasler, L50, M, shiny|46/100\n|detailschange|p1a: Delphox|Delphox-Mega, L50, F\n|-mega|p1a: Delphox|Delphox|Delphoxite\n|move|p1b: Basculegion|Last Respects|p2b: poliw\n|-damage|p2b: poliw|46/100\n|-enditem|p2b: poliw|Sitrus Berry|[eat]\n|-heal|p2b: poliw|71/100|[from] item: Sitrus Berry\n|move|p1a: Delphox|Psychic|p2a: Sneasler\n|-supereffective|p2a: Sneasler|2\n|-damage|p2a: Sneasler|0 fnt\n|faint|p2a: Sneasler\n|move|p2b: poliw|Perish Song|p2b: poliw\n|-start|p1a: Delphox|perish3|[silent]\n|-start|p1b: Basculegion|perish3|[silent]\n|-start|p2b: poliw|perish3|[silent]\n|-fieldactivate|move: Perish Song\n|\n|-weather|none\n|-start|p1b: Basculegion|perish3\n|-start|p1a: Delphox|perish3\n|-start|p2b: poliw|perish3\n|upkeep\n|inactive|pipievgc103 has 30 seconds left.\n|j|\u2606pipievgc103\n|inactive|pipievgc103 reconnected and has 25 seconds left.\n|player|p2|pipievgc103|doctor-gen8|\n|inactive|pipievgc103 has 20 seconds left.\n|inactive|pipievgc103 has 15 seconds left.\n|inactive|pipievgc103 has 10 seconds left.\n|inactive|pipievgc103 has 5 seconds left.\n|\n|t:|1776494376\n|switch|p2a: Gengar|Gengar-Mega, L50, M, shiny|100/100\n|turn|6\n|\n|t:|1776494395\n|move|p2a: Gengar|Protect|p2a: Gengar\n|-singleturn|p2a: Gengar|Protect\n|move|p2b: poliw|Protect|p2b: poliw\n|-singleturn|p2b: poliw|Protect\n|move|p1b: Basculegion|Last Respects|p2a: Gengar\n|-activate|p2a: Gengar|move: Protect\n|move|p1a: Delphox|Encore|p2b: poliw\n|-activate|p2b: poliw|move: Protect\n|\n|-start|p1b: Basculegion|perish2\n|-start|p1a: Delphox|perish2\n|-start|p2b: poliw|perish2\n|-sideend|p1: brojonski|move: Light Screen\n|upkeep\n|turn|7\n|\n|t:|1776494426\n|move|p2a: Gengar|Protect||[still]\n|-fail|p2a: Gengar\n|move|p2b: poliw|Protect|p2b: poliw\n|-singleturn|p2b: poliw|Protect\n|move|p1b: Basculegion|Last Respects|p2a: Gengar\n|-supereffective|p2a: Gengar|1\n|-damage|p2a: Gengar|0 fnt\n|faint|p2a: Gengar\n|move|p1a: Delphox|Psychic|p2b: poliw\n|-activate|p2b: poliw|move: Protect\n|\n|-start|p1b: Basculegion|perish1\n|-start|p1a: Delphox|perish1\n|-start|p2b: poliw|perish1\n|-sideend|p1: brojonski|Reflect\n|upkeep\n|\n|t:|1776494442\n|switch|p2a: Basculegion|Basculegion, L50, M, shiny|100/100\n|turn|8\n|inactive|brojonski has 30 seconds left.\n|inactive|pipievgc103 has 30 seconds left.\n|\n|t:|1776494476\n|switch|p1a: Goodra|Goodra-Hisui, L50, M|100/100\n|move|p1b: Basculegion|Last Respects|p2a: Basculegion\n|-supereffective|p2a: Basculegion|1\n|-damage|p2a: Basculegion|0 fnt\n|faint|p2a: Basculegion\n|move|p2b: poliw|Muddy Water|p1a: Goodra|[spread] p1a,p1b\n|-resisted|p1a: Goodra|1\n|-resisted|p1b: Basculegion|1\n|-damage|p1a: Goodra|94/100\n|-damage|p1b: Basculegion|88/100\n|\n|-heal|p1a: Goodra|99/100|[from] item: Leftovers\n|-start|p1b: Basculegion|perish0\n|-start|p2b: poliw|perish0\n|upkeep\n|faint|p1b: Basculegion\n|faint|p2b: poliw\n|\n|win|brojonski\n|raw|brojonski's rating: 1114 &rarr; <strong>1140</strong><br />(+26 for winning)\n|raw|pipievgc103's rating: 1132 &rarr; <strong>1106</strong><br />(-26 for losing)\n",
  "uploadtime": 1776494486,
  "views": 15,
  "formatid": "gen9championsvgc2026regma",
  "rating": 1106,
  "private": 0,
  "password": null
}