{
  "id": "gen9championsvgc2026regma-2583307712",
  "format": "[Gen 9 Champions] VGC 2026 Reg M-A",
  "players": [
    "horyzon434",
    "KogaAF1219"
  ],
  "log": "|j|\u2606horyzon434\n|j|\u2606KogaAF1219\n|t:|1776165413\n|gametype|doubles\n|player|p1|horyzon434|266|1239\n|player|p2|KogaAF1219|koga|1230\n|gen|9\n|tier|[Gen 9 Champions] VGC 2026 Reg M-A\n|rated|\n|rule|Species Clause: Limit one of each Pok\u00e9mon\n|rule|Item Clause: Limit 1 of each item\n|clearpoke\n|poke|p1|Scovillain, L50, M|\n|poke|p1|Aerodactyl, L50, M|\n|poke|p1|Garchomp, L50, F|\n|poke|p1|Sneasler, L50, M|\n|poke|p1|Sinistcha, L50|\n|poke|p1|Primarina, L50, M|\n|poke|p2|Torkoal, L50, F|\n|poke|p2|Venusaur, L50, F|\n|poke|p2|Incineroar, L50, F|\n|poke|p2|Farigiraf, L50, F|\n|poke|p2|Rotom-Fan, L50|\n|poke|p2|Excadrill, L50, M|\n|teampreview|4\n|inactive|Battle timer is ON: inactive players will automatically lose when time's up. (requested by horyzon434)\n|inactive|horyzon434 has 60 seconds left.\n|\n|t:|1776165451\n|teamsize|p1|4\n|teamsize|p2|4\n|start\n|switch|p1a: Scovillain|Scovillain, L50, M|100/100\n|switch|p1b: Primarina|Primarina, L50, M|100/100\n|switch|p2a: Venusaur|Venusaur, L50, F|100/100\n|switch|p2b: Torkoal|Torkoal, L50, F|100/100\n|-weather|SunnyDay|[from] ability: Drought|[of] p2b: Torkoal\n|turn|1\n|inactive|horyzon434 has 30 seconds left.\n|\n|t:|1776165479\n|detailschange|p1a: Scovillain|Scovillain-Mega, L50, M\n|-mega|p1a: Scovillain|Scovillain|Scovillainite\n|move|p2a: Venusaur|Protect|p2a: Venusaur\n|-singleturn|p2a: Venusaur|Protect\n|move|p1b: Primarina|Protect|p1b: Primarina\n|-singleturn|p1b: Primarina|Protect\n|move|p1a: Scovillain|Flamethrower|p2a: Venusaur\n|-activate|p2a: Venusaur|move: Protect\n|move|p2b: Torkoal|Eruption|p1b: Primarina|[spread] p1a\n|-activate|p1b: Primarina|move: Protect\n|-damage|p1a: Scovillain|11/100\n|-immune|p2b: Torkoal\n|\n|-weather|SunnyDay|[upkeep]\n|upkeep\n|turn|2\n|inactive|horyzon434 has 30 seconds left.\n|inactive|KogaAF1219 has 30 seconds left.\n|\n|t:|1776165505\n|move|p2a: Venusaur|Sludge Bomb|p1a: Scovillain\n|-supereffective|p1a: Scovillain|1\n|-damage|p1a: Scovillain|0 fnt\n|-status|p2a: Venusaur|brn|[from] ability: Spicy Spray|[of] p1a: Scovillain\n|faint|p1a: Scovillain\n|move|p1b: Primarina|Calm Mind|p1b: Primarina\n|-boost|p1b: Primarina|spa|1\n|-boost|p1b: Primarina|spd|1\n|move|p2b: Torkoal|Solar Beam||[still]\n|-prepare|p2b: Torkoal|Solar Beam\n|-anim|p2b: Torkoal|Solar Beam|p1b: Primarina\n|-supereffective|p1b: Primarina|1\n|-damage|p1b: Primarina|62/100\n|\n|-weather|SunnyDay|[upkeep]\n|-heal|p1b: Primarina|68/100|[from] item: Leftovers\n|-damage|p2a: Venusaur|95/100 brn|[from] brn\n|upkeep\n|\n|t:|1776165525\n|switch|p1a: Garchomp|Garchomp, L50, F|100/100\n|turn|3\n|\n|t:|1776165536\n|move|p2a: Venusaur|Sleep Powder|p1a: Garchomp\n|-status|p1a: Garchomp|slp|[from] move: Sleep Powder\n|cant|p1a: Garchomp|slp\n|move|p1b: Primarina|Hyper Voice|p2a: Venusaur|[spread] p2a,p2b\n|-resisted|p2a: Venusaur|1\n|-supereffective|p2b: Torkoal|1\n|-damage|p2a: Venusaur|80/100 brn\n|-damage|p2b: Torkoal|39/100\n|move|p2b: Torkoal|Eruption|p1b: Primarina|[spread] p1a,p1b\n|-resisted|p1a: Garchomp|1\n|-resisted|p1b: Primarina|1\n|-damage|p1a: Garchomp|83/100 slp\n|-damage|p1b: Primarina|59/100\n|\n|-weather|SunnyDay|[upkeep]\n|-heal|p1b: Primarina|65/100|[from] item: Leftovers\n|-damage|p2a: Venusaur|74/100 brn|[from] brn\n|upkeep\n|turn|4\n|\n|t:|1776165559\n|switch|p1b: Sinistcha|Sinistcha, L50|100/100\n|-heal|p1a: Garchomp|100/100 slp|[from] ability: Hospitality|[of] p1b: Sinistcha\n|switch|p2b: Incineroar|Incineroar, L50, F|100/100\n|-ability|p2b: Incineroar|Intimidate|boost\n|-unboost|p1a: Garchomp|atk|1\n|-unboost|p1b: Sinistcha|atk|1\n|move|p2a: Venusaur|Sludge Bomb|p1b: Sinistcha\n|-damage|p1b: Sinistcha|61/100\n|cant|p1a: Garchomp|slp\n|\n|-weather|SunnyDay|[upkeep]\n|-damage|p2a: Venusaur|68/100 brn|[from] brn\n|upkeep\n|turn|5\n|\n|t:|1776165576\n|switch|p1a: Primarina|Primarina, L50, M|65/100\n|move|p2a: Venusaur|Giga Drain|p1a: Primarina\n|-supereffective|p1a: Primarina|1\n|-damage|p1a: Primarina|3/100\n|-heal|p2a: Venusaur|100/100 brn|[from] drain|[of] p1a: Primarina\n|move|p2b: Incineroar|Flare Blitz|p1b: Sinistcha\n|-supereffective|p1b: Sinistcha|1\n|-damage|p1b: Sinistcha|0 fnt\n|faint|p1b: Sinistcha\n|-damage|p2b: Incineroar|83/100|[from] Recoil\n|\n|-weather|none\n|-heal|p1a: Primarina|9/100|[from] item: Leftovers\n|-damage|p2a: Venusaur|95/100 brn|[from] brn\n|upkeep\n|\n|t:|1776165593\n|switch|p1b: Garchomp|Garchomp, L50, F|100/100 slp\n|turn|6\n|\n|t:|1776165603\n|-curestatus|p1b: Garchomp|slp|[msg]\n|move|p1b: Garchomp|Earthquake|p2b: Incineroar|[spread] p1a,p2a,p2b\n|-supereffective|p2b: Incineroar|1\n|-damage|p1a: Primarina|0 fnt\n|-damage|p2a: Venusaur|46/100 brn\n|-damage|p2b: Incineroar|10/100\n|faint|p1a: Primarina\n|move|p2a: Venusaur|Giga Drain|p1b: Garchomp\n|-damage|p1b: Garchomp|62/100\n|-heal|p2a: Venusaur|69/100 brn|[from] drain|[of] p1b: Garchomp\n|move|p2b: Incineroar|Parting Shot|p1b: Garchomp\n|-unboost|p1b: Garchomp|atk|1\n|-unboost|p1b: Garchomp|spa|1\n|-message|horyzon434 forfeited.\n|\n|win|KogaAF1219\n|raw|horyzon434's rating: 1239 &rarr; <strong>1213</strong><br />(-26 for losing)\n|raw|KogaAF1219's rating: 1230 &rarr; <strong>1256</strong><br />(+26 for winning)\n|l|\u2606horyzon434\n|player|p1|\n",
  "uploadtime": 1776165615,
  "views": 33,
  "formatid": "gen9championsvgc2026regma",
  "rating": 1213,
  "private": 0,
  "password": null
}