{
  "id": "gen9championsvgc2026regma-2587614542",
  "format": "[Gen 9 Champions] VGC 2026 Reg M-A",
  "players": [
    "jpw234",
    "sluggopeej"
  ],
  "log": "|j|\u2606jpw234\n|j|\u2606sluggopeej\n|t:|1776547119\n|gametype|doubles\n|player|p1|jpw234|169|1549\n|player|p2|sluggopeej|102|1545\n|gen|9\n|tier|[Gen 9 Champions] VGC 2026 Reg M-A\n|rated|\n|rule|Species Clause: Limit one of each Pok\u00e9mon\n|rule|Item Clause: Limit 1 of each item\n|clearpoke\n|poke|p1|Bellibolt, L50, M|\n|poke|p1|Abomasnow, L50, M|\n|poke|p1|Mimikyu, L50, F|\n|poke|p1|Garchomp, L50, F|\n|poke|p1|Araquanid, L50, F|\n|poke|p1|Arcanine, L50, M|\n|poke|p2|Meganium, L50, F|\n|poke|p2|Milotic, L50, M|\n|poke|p2|Kangaskhan, L50, F|\n|poke|p2|Aerodactyl, L50, F|\n|poke|p2|Sneasler, L50, M|\n|poke|p2|Typhlosion-Hisui, L50, M|\n|teampreview|4\n|inactive|Battle timer is ON: inactive players will automatically lose when time's up. (requested by jpw234)\n|\n|t:|1776547147\n|teamsize|p1|4\n|teamsize|p2|4\n|start\n|switch|p1a: Abomasnow|Abomasnow, L50, M|100/100\n|switch|p1b: Arcanine|Arcanine, L50, M|100/100\n|switch|p2a: Aerodactyl|Aerodactyl, L50, F|100/100\n|switch|p2b: Sneasler|Sneasler, L50, M|100/100\n|-ability|p2a: Aerodactyl|Unnerve\n|-ability|p1b: Arcanine|Intimidate|boost\n|-unboost|p2a: Aerodactyl|atk|1\n|-unboost|p2b: Sneasler|atk|1\n|-weather|Snowscape|[from] ability: Snow Warning|[of] p1a: Abomasnow\n|-enditem|p2b: Sneasler|White Herb\n|-clearnegativeboost|p2b: Sneasler|[silent]\n|turn|1\n|\n|t:|1776547163\n|switch|p1b: Garchomp|Garchomp, L50, F|100/100\n|detailschange|p1a: Abomasnow|Abomasnow-Mega, L50, M\n|-mega|p1a: Abomasnow|Abomasnow|Abomasite\n|move|p1a: Abomasnow|Protect|p1a: Abomasnow\n|-singleturn|p1a: Abomasnow|Protect\n|move|p2b: Sneasler|Fake Out|p1b: Garchomp\n|-damage|p1b: Garchomp|86/100\n|-damage|p2b: Sneasler|88/100|[from] ability: Rough Skin|[of] p1b: Garchomp\n|move|p2a: Aerodactyl|Rock Slide|p1a: Abomasnow|[spread] p1b\n|-activate|p1a: Abomasnow|move: Protect\n|-resisted|p1b: Garchomp|1\n|-damage|p1b: Garchomp|78/100\n|\n|-weather|Snowscape|[upkeep]\n|upkeep\n|turn|2\n|\n|t:|1776547184\n|switch|p1a: Arcanine|Arcanine, L50, M|100/100\n|-ability|p1a: Arcanine|Intimidate|boost\n|-unboost|p2a: Aerodactyl|atk|1\n|-unboost|p2b: Sneasler|atk|1\n|move|p2b: Sneasler|Close Combat|p1a: Arcanine\n|-damage|p1a: Arcanine|48/100\n|-unboost|p2b: Sneasler|def|1\n|-unboost|p2b: Sneasler|spd|1\n|move|p1b: Garchomp|Rock Slide|p2a: Aerodactyl|[spread] p2a,p2b\n|-supereffective|p2a: Aerodactyl|1\n|-crit|p2a: Aerodactyl\n|-resisted|p2b: Sneasler|1\n|-damage|p2a: Aerodactyl|11/100\n|-damage|p2b: Sneasler|68/100\n|move|p2a: Aerodactyl|Tailwind|p2a: Aerodactyl\n|-sidestart|p2: sluggopeej|move: Tailwind\n|\n|-weather|Snowscape|[upkeep]\n|upkeep\n|turn|3\n|j| harugasumi\n|\n|t:|1776547203\n|move|p1a: Arcanine|Protect|p1a: Arcanine\n|-singleturn|p1a: Arcanine|Protect\n|move|p2b: Sneasler|Dire Claw|p1a: Arcanine\n|-activate|p1a: Arcanine|move: Protect\n|move|p2a: Aerodactyl|Rock Slide|p1a: Arcanine|[spread] p1b\n|-activate|p1a: Arcanine|move: Protect\n|-resisted|p1b: Garchomp|1\n|-damage|p1b: Garchomp|72/100\n|cant|p1b: Garchomp|flinch\n|\n|-weather|Snowscape|[upkeep]\n|upkeep\n|turn|4\n|inactive|jpw234 has 30 seconds left.\n|\n|t:|1776547228\n|switch|p2a: Kangaskhan|Kangaskhan, L50, F|100/100\n|-enditem|p1a: Arcanine|Sitrus Berry|[eat]\n|-heal|p1a: Arcanine|73/100|[from] item: Sitrus Berry\n|move|p1a: Arcanine|Extreme Speed|p2b: Sneasler\n|-damage|p2b: Sneasler|19/100\n|move|p2b: Sneasler|Dire Claw|p1a: Arcanine\n|-damage|p1a: Arcanine|37/100\n|-status|p1a: Arcanine|slp\n|move|p1b: Garchomp|Rock Slide|p2a: Kangaskhan|[spread] p2a\n|-miss|p1b: Garchomp|p2b: Sneasler\n|-damage|p2a: Kangaskhan|79/100\n|\n|-weather|Snowscape|[upkeep]\n|upkeep\n|turn|5\n|inactive|sluggopeej has 30 seconds left.\n|\n|t:|1776547257\n|detailschange|p2a: Kangaskhan|Kangaskhan-Mega, L50, F\n|-mega|p2a: Kangaskhan|Kangaskhan|Kangaskhanite\n|move|p2b: Sneasler|Dire Claw|p1a: Arcanine\n|-damage|p1a: Arcanine|0 fnt\n|faint|p1a: Arcanine\n|move|p2a: Kangaskhan|Double-Edge|p1b: Garchomp\n|-damage|p1b: Garchomp|8/100\n|-damage|p2a: Kangaskhan|67/100|[from] ability: Rough Skin|[of] p1b: Garchomp\n|-damage|p1b: Garchomp|0 fnt\n|-damage|p2a: Kangaskhan|55/100|[from] ability: Rough Skin|[of] p1b: Garchomp\n|faint|p1b: Garchomp\n|-hitcount|p1: Garchomp|2\n|-damage|p2a: Kangaskhan|32/100|[from] Recoil\n|\n|-weather|none\n|-sideend|p2: sluggopeej|move: Tailwind\n|upkeep\n|\n|t:|1776547268\n|switch|p1b: Bellibolt|Bellibolt, L50, M|100/100\n|switch|p1a: Abomasnow|Abomasnow-Mega, L50, M|100/100\n|-weather|Snowscape|[from] ability: Snow Warning|[of] p1a: Abomasnow\n|turn|6\n|\n|t:|1776547282\n|switch|p2b: Aerodactyl|Aerodactyl, L50, F|11/100\n|-ability|p2b: Aerodactyl|Unnerve\n|move|p1b: Bellibolt|Protect|p1b: Bellibolt\n|-singleturn|p1b: Bellibolt|Protect\n|move|p1a: Abomasnow|Ice Shard|p2b: Aerodactyl\n|-supereffective|p2b: Aerodactyl|1\n|-damage|p2b: Aerodactyl|0 fnt\n|faint|p2b: Aerodactyl\n|move|p2a: Kangaskhan|Low Kick|p1a: Abomasnow\n|-supereffective|p1a: Abomasnow|1\n|-damage|p1a: Abomasnow|61/100\n|-supereffective|p1a: Abomasnow|1\n|-damage|p1a: Abomasnow|49/100\n|-hitcount|p1a: Abomasnow|2\n|\n|-weather|Snowscape|[upkeep]\n|upkeep\n|j| GoodraSweetheart76\n|\n|t:|1776547297\n|switch|p2b: Typhlosion|Typhlosion-Hisui, L50, M|100/100\n|-item|p1a: Abomasnow|Abomasite|[from] ability: Frisk|[of] p2b: Typhlosion\n|-item|p1b: Bellibolt|Magnet|[from] ability: Frisk|[of] p2b: Typhlosion\n|turn|7\n|\n|t:|1776547301\n|move|p1a: Abomasnow|Protect|p1a: Abomasnow\n|-singleturn|p1a: Abomasnow|Protect\n|move|p2b: Typhlosion|Heat Wave|p1a: Abomasnow|[spread] p1b\n|-activate|p1a: Abomasnow|move: Protect\n|-damage|p1b: Bellibolt|64/100\n|-start|p1b: Bellibolt|Charge|Heat Wave|[from] ability: Electromorphosis\n|move|p2a: Kangaskhan|Double-Edge|p1b: Bellibolt\n|-damage|p1b: Bellibolt|2/100\n|-start|p1b: Bellibolt|Charge|Double-Edge|[from] ability: Electromorphosis\n|-damage|p1b: Bellibolt|0 fnt\n|faint|p1b: Bellibolt\n|-hitcount|p1: Bellibolt|2\n|-damage|p2a: Kangaskhan|9/100|[from] Recoil\n|\n|-weather|Snowscape|[upkeep]\n|upkeep\n|turn|8\n|-message|jpw234 forfeited.\n|\n|win|sluggopeej\n|raw|jpw234's rating: 1549 &rarr; <strong>1529</strong><br />(-20 for losing)\n|raw|sluggopeej's rating: 1545 &rarr; <strong>1565</strong><br />(+20 for winning)\n|l|\u2606jpw234\n|player|p1|\n|l|\u2606sluggopeej\n|player|p2|\n|l| harugasumi\n",
  "uploadtime": 1776547333,
  "views": 19,
  "formatid": "gen9championsvgc2026regma",
  "rating": 1529,
  "private": 0,
  "password": null
}