{
  "id": "gen9championsvgc2026regma-2588780410",
  "format": "[Gen 9 Champions] VGC 2026 Reg M-A",
  "players": [
    "Noobilio",
    "OJGamer5118"
  ],
  "log": "|j|\u2606Noobilio\n|j|\u2606OJGamer5118\n|t:|1776669869\n|gametype|doubles\n|player|p1|Noobilio|nurse|1326\n|player|p2|OJGamer5118|265|1291\n|gen|9\n|tier|[Gen 9 Champions] VGC 2026 Reg M-A\n|rated|\n|rule|Species Clause: Limit one of each Pok\u00e9mon\n|rule|Item Clause: Limit 1 of each item\n|clearpoke\n|poke|p1|Froslass, L50, F|\n|poke|p1|Palafin, L50, F|\n|poke|p1|Kingambit, L50, F|\n|poke|p1|Arcanine-Hisui, L50, F|\n|poke|p1|Sinistcha, L50|\n|poke|p1|Sneasler, L50, F|\n|poke|p2|Pelipper, L50, F|\n|poke|p2|Archaludon, L50, M|\n|poke|p2|Dragonite, L50, F|\n|poke|p2|Basculegion, L50, M|\n|poke|p2|Meganium, L50, F|\n|poke|p2|Sinistcha, L50|\n|teampreview|4\n|inactive|Battle timer is ON: inactive players will automatically lose when time's up. (requested by OJGamer5118)\n|\n|t:|1776669884\n|teamsize|p1|4\n|teamsize|p2|4\n|start\n|switch|p1a: Palafin|Palafin, L50, F|100/100\n|switch|p1b: Kingambit|Kingambit, L50, F|100/100\n|switch|p2a: Basculegion|Basculegion, L50, M|100/100\n|switch|p2b: Pelipper|Pelipper, L50, F|100/100\n|-weather|RainDance|[from] ability: Drizzle|[of] p2b: Pelipper\n|turn|1\n|\n|t:|1776669897\n|detailschange|p1a: Palafin|Palafin-Hero, L50, F\n|switch|p1a: Sneasler|Sneasler, L50, F|100/100\n|move|p2a: Basculegion|Flip Turn|p1b: Kingambit\n|-damage|p1b: Kingambit|69/100\n|\n|t:|1776669903\n|switch|p2a: Dragonite|Dragonite, L50, F|100/100|[from] Flip Turn\n|move|p2b: Pelipper|Tailwind|p2b: Pelipper\n|-sidestart|p2: OJGamer5118|move: Tailwind\n|move|p1b: Kingambit|Kowtow Cleave|p2a: Dragonite\n|-damage|p2a: Dragonite|33/100\n|\n|-weather|RainDance|[upkeep]\n|upkeep\n|turn|2\n|\n|t:|1776669923\n|move|p1a: Sneasler|Fake Out|p2b: Pelipper\n|-damage|p2b: Pelipper|87/100\n|move|p2a: Dragonite|Hurricane|p1a: Sneasler\n|-supereffective|p1a: Sneasler|1\n|-damage|p1a: Sneasler|0 fnt\n|faint|p1a: Sneasler\n|cant|p2b: Pelipper|flinch\n|move|p1b: Kingambit|Swords Dance|p1b: Kingambit\n|-boost|p1b: Kingambit|atk|2\n|\n|-weather|RainDance|[upkeep]\n|upkeep\n|\n|t:|1776669931\n|switch|p1a: Palafin|Palafin-Hero, L50, F|100/100\n|-activate|p1a: Palafin|ability: Zero to Hero\n|turn|3\n|\n|t:|1776669946\n|switch|p2a: Archaludon|Archaludon, L50, M|100/100\n|move|p1a: Palafin|Jet Punch|p2a: Archaludon\n|-resisted|p2a: Archaludon|1\n|-damage|p2a: Archaludon|75/100\n|-ability|p2a: Archaludon|Stamina|boost\n|-boost|p2a: Archaludon|def|1\n|move|p1b: Kingambit|Sucker Punch|p2b: Pelipper\n|-damage|p2b: Pelipper|3/100\n|move|p2b: Pelipper|Weather Ball|p1b: Kingambit\n|-damage|p1b: Kingambit|24/100\n|\n|-weather|RainDance|[upkeep]\n|upkeep\n|turn|4\n|inactive|OJGamer5118 has 30 seconds left.\n|\n|t:|1776669978\n|switch|p2b: Basculegion|Basculegion, L50, M|100/100\n|move|p1a: Palafin|Protect|p1a: Palafin\n|-singleturn|p1a: Palafin|Protect\n|move|p1b: Kingambit|Protect|p1b: Kingambit\n|-singleturn|p1b: Kingambit|Protect\n|move|p2a: Archaludon|Electro Shot||[still]\n|-prepare|p2a: Archaludon|Electro Shot\n|-boost|p2a: Archaludon|spa|1\n|-anim|p2a: Archaludon|Electro Shot|p1a: Palafin\n|-activate|p1a: Palafin|move: Protect\n|\n|-weather|RainDance|[upkeep]\n|-sideend|p2: OJGamer5118|move: Tailwind\n|upkeep\n|turn|5\n|\n|t:|1776669991\n|switch|p2b: Pelipper|Pelipper, L50, F|3/100\n|move|p1b: Kingambit|Sucker Punch||[still]\n|-fail|p1b: Kingambit\n|move|p1a: Palafin|Close Combat|p2a: Archaludon\n|-supereffective|p2a: Archaludon|1\n|-enditem|p2a: Archaludon|Chople Berry|[eat]\n|-enditem|p2a: Archaludon|Chople Berry|[weaken]\n|-damage|p2a: Archaludon|51/100\n|-unboost|p1a: Palafin|def|1\n|-unboost|p1a: Palafin|spd|1\n|-ability|p2a: Archaludon|Stamina|boost\n|-boost|p2a: Archaludon|def|1\n|move|p2a: Archaludon|Electro Shot||[still]\n|-prepare|p2a: Archaludon|Electro Shot\n|-boost|p2a: Archaludon|spa|1\n|-anim|p2a: Archaludon|Electro Shot|p1a: Palafin\n|-supereffective|p1a: Palafin|1\n|-damage|p1a: Palafin|0 fnt\n|faint|p1a: Palafin\n|\n|-weather|none\n|upkeep\n|\n|t:|1776670006\n|switch|p1a: Froslass|Froslass, L50, F|100/100\n|turn|6\n|inactive|OJGamer5118 has 30 seconds left.\n|\n|t:|1776670032\n|switch|p2b: Basculegion|Basculegion, L50, M|100/100\n|detailschange|p1a: Froslass|Froslass-Mega, L50, F\n|-mega|p1a: Froslass|Froslass|Froslassite\n|-weather|Snowscape|[from] ability: Snow Warning|[of] p1a: Froslass\n|move|p1a: Froslass|Blizzard|p2a: Archaludon|[spread] p2a,p2b\n|-resisted|p2b: Basculegion|1\n|-damage|p2a: Archaludon|0 fnt\n|-damage|p2b: Basculegion|76/100\n|-status|p2b: Basculegion|frz\n|faint|p2a: Archaludon\n|move|p1b: Kingambit|Kowtow Cleave|p2b: Basculegion\n|-supereffective|p2b: Basculegion|1\n|-damage|p2b: Basculegion|0 fnt\n|faint|p2b: Basculegion\n|\n|-weather|Snowscape|[upkeep]\n|upkeep\n|\n|t:|1776670044\n|switch|p2b: Dragonite|Dragonite, L50, F|33/100\n|switch|p2a: Pelipper|Pelipper, L50, F|3/100\n|-weather|RainDance|[from] ability: Drizzle|[of] p2a: Pelipper\n|turn|7\n|\n|t:|1776670061\n|detailschange|p2b: Dragonite|Dragonite-Mega, L50, F\n|-mega|p2b: Dragonite|Dragonite|Dragoninite\n|move|p1a: Froslass|Protect|p1a: Froslass\n|-singleturn|p1a: Froslass|Protect\n|move|p1b: Kingambit|Protect|p1b: Kingambit\n|-singleturn|p1b: Kingambit|Protect\n|move|p2b: Dragonite|Hurricane|p1a: Froslass\n|-activate|p1a: Froslass|move: Protect\n|move|p2a: Pelipper|Weather Ball|p1a: Froslass\n|-activate|p1a: Froslass|move: Protect\n|\n|-weather|RainDance|[upkeep]\n|upkeep\n|turn|8\n|\n|t:|1776670079\n|move|p1b: Kingambit|Sucker Punch|p2b: Dragonite\n|-damage|p2b: Dragonite|0 fnt\n|faint|p2b: Dragonite\n|move|p1a: Froslass|Shadow Ball|p2a: Pelipper\n|-damage|p2a: Pelipper|0 fnt\n|faint|p2a: Pelipper\n|\n|win|Noobilio\n|raw|Noobilio's rating: 1326 &rarr; <strong>1344</strong><br />(+18 for winning)\n|raw|OJGamer5118's rating: 1291 &rarr; <strong>1269</strong><br />(-22 for losing)\n",
  "uploadtime": 1776670083,
  "views": 15,
  "formatid": "gen9championsvgc2026regma",
  "rating": 1269,
  "private": 0,
  "password": null
}