{
  "id": "gen9championsvgc2026regma-2583216272",
  "format": "[Gen 9 Champions] VGC 2026 Reg M-A",
  "players": [
    "Pladenu",
    "It'sJustKen VGC"
  ],
  "log": "|j|\u2606Pladenu\n|j|\u2606It'sJustKen VGC\n|t:|1776155788\n|gametype|doubles\n|player|p1|Pladenu|lucas-gen4pt|1180\n|player|p2|It'sJustKen VGC|266|1263\n|gen|9\n|tier|[Gen 9 Champions] VGC 2026 Reg M-A\n|rated|\n|rule|Species Clause: Limit one of each Pok\u00e9mon\n|rule|Item Clause: Limit 1 of each item\n|clearpoke\n|poke|p1|Tyranitar, L50, F|\n|poke|p1|Gardevoir, L50, F|\n|poke|p1|Gyarados, L50, F|\n|poke|p1|Excadrill, L50, M|\n|poke|p1|Sinistcha, L50|\n|poke|p1|Rotom-Heat, L50|\n|poke|p2|Floette-Eternal, L50, F|\n|poke|p2|Espathra, L50, F|\n|poke|p2|Incineroar, L50, F|\n|poke|p2|Sneasler, L50, F|\n|poke|p2|Basculegion, L50, M|\n|poke|p2|Kingambit, L50, M|\n|teampreview|4\n|inactive|Battle timer is ON: inactive players will automatically lose when time's up. (requested by It'sJustKen VGC)\n|inactive|Pladenu has 60 seconds left.\n|inactive|It'sJustKen VGC has 60 seconds left.\n|\n|t:|1776155826\n|teamsize|p1|4\n|teamsize|p2|4\n|start\n|switch|p1a: Gardevoir|Gardevoir, L50, F|100/100\n|switch|p1b: Rotom|Rotom-Heat, L50|100/100\n|switch|p2a: Poker Face|Sneasler, L50, F|100/100\n|switch|p2b: Paparazzi|Incineroar, L50, F|100/100\n|-ability|p2b: Paparazzi|Intimidate|boost\n|-unboost|p1a: Gardevoir|atk|1\n|-unboost|p1b: Rotom|atk|1\n|turn|1\n|\n|t:|1776155849\n|detailschange|p1a: Gardevoir|Gardevoir-Mega, L50, F\n|-mega|p1a: Gardevoir|Gardevoir|Gardevoirite\n|move|p1a: Gardevoir|Protect|p1a: Gardevoir\n|-singleturn|p1a: Gardevoir|Protect\n|move|p2b: Paparazzi|Fake Out|p1b: Rotom\n|-damage|p1b: Rotom|88/100\n|cant|p1b: Rotom|flinch\n|move|p2a: Poker Face|Dire Claw|p1a: Gardevoir\n|-activate|p1a: Gardevoir|move: Protect\n|\n|upkeep\n|turn|2\n|\n|t:|1776155869\n|move|p2a: Poker Face|Protect|p2a: Poker Face\n|-singleturn|p2a: Poker Face|Protect\n|move|p1b: Rotom|Volt Switch|p2b: Paparazzi\n|-damage|p2b: Paparazzi|74/100\n|\n|t:|1776155881\n|switch|p1b: Excadrill|Excadrill, L50, M|100/100|[from] Volt Switch\n|move|p1a: Gardevoir|Psyshock|p2a: Poker Face\n|-activate|p2a: Poker Face|move: Protect\n|move|p2b: Paparazzi|Taunt|p1b: Excadrill\n|-start|p1b: Excadrill|move: Taunt\n|\n|upkeep\n|turn|3\n|\n|t:|1776155892\n|switch|p2a: Bad Romance|Espathra, L50, F|100/100\n|move|p1b: Excadrill|High Horsepower|p2b: Paparazzi\n|-supereffective|p2b: Paparazzi|1\n|-damage|p2b: Paparazzi|0 fnt\n|faint|p2b: Paparazzi\n|move|p1a: Gardevoir|Psyshock|p2a: Bad Romance\n|-resisted|p2a: Bad Romance|1\n|-damage|p2a: Bad Romance|66/100\n|\n|upkeep\n|\n|t:|1776155898\n|switch|p2b: Poker Face|Sneasler, L50, F|100/100\n|turn|4\n|\n|t:|1776155916\n|move|p1a: Gardevoir|Protect|p1a: Gardevoir\n|-singleturn|p1a: Gardevoir|Protect\n|move|p2b: Poker Face|Fake Out|p1b: Excadrill\n|-resisted|p1b: Excadrill|1\n|-damage|p1b: Excadrill|90/100\n|move|p2a: Bad Romance|Lumina Crash|p1b: Excadrill\n|-resisted|p1b: Excadrill|1\n|-damage|p1b: Excadrill|68/100\n|-unboost|p1b: Excadrill|spd|2\n|cant|p1b: Excadrill|flinch\n|\n|-end|p1b: Excadrill|move: Taunt\n|-ability|p2a: Bad Romance|Speed Boost|boost\n|-boost|p2a: Bad Romance|spe|1\n|upkeep\n|turn|5\n|\n|t:|1776155927\n|switch|p1b: Rotom|Rotom-Heat, L50|88/100\n|move|p2a: Bad Romance|Lumina Crash|p1b: Rotom\n|-damage|p1b: Rotom|41/100\n|-unboost|p1b: Rotom|spd|2\n|move|p2b: Poker Face|Dire Claw|p1a: Gardevoir\n|-supereffective|p1a: Gardevoir|1\n|-damage|p1a: Gardevoir|7/100\n|move|p1a: Gardevoir|Psyshock|p2b: Poker Face\n|-supereffective|p2b: Poker Face|2\n|-damage|p2b: Poker Face|0 fnt\n|faint|p2b: Poker Face\n|\n|-ability|p2a: Bad Romance|Speed Boost|boost\n|-boost|p2a: Bad Romance|spe|1\n|upkeep\n|\n|t:|1776155930\n|switch|p2b: Just Dance|Floette-Eternal, L50, F|100/100\n|turn|6\n|\n|t:|1776155943\n|detailschange|p2b: Just Dance|Floette-Mega, L50, F\n|-mega|p2b: Just Dance|Floette|Floettite\n|-ability|p2b: Just Dance|Fairy Aura\n|move|p2a: Bad Romance|Helping Hand|p2b: Just Dance\n|-singleturn|p2b: Just Dance|Helping Hand|[of] p2a: Bad Romance\n|move|p1a: Gardevoir|Protect|p1a: Gardevoir\n|-singleturn|p1a: Gardevoir|Protect\n|move|p1b: Rotom|Discharge|p2b: Just Dance|[spread] p2a,p2b\n|-activate|p1a: Gardevoir|move: Protect\n|-damage|p2a: Bad Romance|22/100\n|-damage|p2b: Just Dance|78/100\n|move|p2b: Just Dance|Dazzling Gleam|p1b: Rotom|[spread] p1b\n|-activate|p1a: Gardevoir|move: Protect\n|-resisted|p1b: Rotom|1\n|-damage|p1b: Rotom|0 fnt\n|faint|p1b: Rotom\n|\n|-ability|p2a: Bad Romance|Speed Boost|boost\n|-boost|p2a: Bad Romance|spe|1\n|upkeep\n|\n|t:|1776155960\n|switch|p1b: Sinistcha|Sinistcha, L50|100/100\n|-heal|p1a: Gardevoir|31/100|[from] ability: Hospitality|[of] p1b: Sinistcha\n|turn|7\n|\n|t:|1776155971\n|move|p2a: Bad Romance|Lumina Crash|p1b: Sinistcha\n|-damage|p1b: Sinistcha|63/100\n|-unboost|p1b: Sinistcha|spd|2\n|move|p2b: Just Dance|Dazzling Gleam|p1b: Sinistcha|[spread] p1a,p1b\n|-damage|p1a: Gardevoir|2/100\n|-damage|p1b: Sinistcha|0 fnt\n|faint|p1b: Sinistcha\n|move|p1a: Gardevoir|Hyper Voice|p2a: Bad Romance|[spread] p2a,p2b\n|-damage|p2a: Bad Romance|0 fnt\n|-damage|p2b: Just Dance|33/100\n|faint|p2a: Bad Romance\n|\n|upkeep\n|\n|t:|1776155975\n|switch|p1b: Excadrill|Excadrill, L50, M|68/100\n|turn|8\n|\n|t:|1776155982\n|move|p2b: Just Dance|Dazzling Gleam|p1b: Excadrill|[spread] p1a,p1b\n|-resisted|p1b: Excadrill|1\n|-damage|p1a: Gardevoir|0 fnt\n|-damage|p1b: Excadrill|42/100\n|faint|p1a: Gardevoir\n|move|p1b: Excadrill|Iron Head|p2b: Just Dance\n|-supereffective|p2b: Just Dance|1\n|-damage|p2b: Just Dance|0 fnt\n|faint|p2b: Just Dance\n|\n|win|Pladenu\n|raw|Pladenu's rating: 1180 &rarr; <strong>1211</strong><br />(+31 for winning)\n|raw|It&apos;sJustKen VGC's rating: 1263 &rarr; <strong>1232</strong><br />(-31 for losing)\n|l|\u2606Pladenu\n|player|p1|\n",
  "uploadtime": 1776156004,
  "views": 22,
  "formatid": "gen9championsvgc2026regma",
  "rating": 1211,
  "private": 0,
  "password": null
}