{
  "id": "gen9championsvgc2026regma-2588920519",
  "format": "[Gen 9 Champions] VGC 2026 Reg M-A",
  "players": [
    "benzelda214",
    "Md999"
  ],
  "log": "|j|\u2606benzelda214\n|j|\u2606Md999\n|t:|1776685985\n|gametype|doubles\n|player|p1|benzelda214|265|1143\n|player|p2|Md999|169|1120\n|gen|9\n|tier|[Gen 9 Champions] VGC 2026 Reg M-A\n|rated|\n|rule|Species Clause: Limit one of each Pok\u00e9mon\n|rule|Item Clause: Limit 1 of each item\n|clearpoke\n|poke|p1|Altaria, L50, M|\n|poke|p1|Gengar, L50, F|\n|poke|p1|Azumarill, L50, M|\n|poke|p1|Incineroar, L50, M|\n|poke|p1|Politoed, L50, M|\n|poke|p1|Liepard, L50, F|\n|poke|p2|Blastoise, L50, F, shiny|\n|poke|p2|Pelipper, L50, M|\n|poke|p2|Archaludon, L50, M|\n|poke|p2|Basculegion, L50, M|\n|poke|p2|Sneasler, L50, F|\n|poke|p2|Incineroar, L50, M|\n|teampreview|4\n|inactive|Battle timer is ON: inactive players will automatically lose when time's up. (requested by benzelda214)\n|\n|t:|1776686032\n|teamsize|p1|4\n|teamsize|p2|4\n|start\n|switch|p1a: Gengar|Gengar, L50, F|100/100\n|switch|p1b: Azumarill|Azumarill, L50, M|100/100\n|switch|p2a: Incineroar|Incineroar, L50, M|100/100\n|switch|p2b: Basculegion|Basculegion, L50, M|100/100\n|-ability|p2a: Incineroar|Intimidate|boost\n|-unboost|p1a: Gengar|atk|1\n|-unboost|p1b: Azumarill|atk|1\n|turn|1\n|inactive|Md999 has 30 seconds left.\n|inactive|Md999 has 20 seconds left.\n|\n|t:|1776686070\n|detailschange|p1a: Gengar|Gengar-Mega, L50, F\n|-mega|p1a: Gengar|Gengar|Gengarite\n|move|p2b: Basculegion|Flip Turn|p1b: Azumarill\n|-resisted|p1b: Azumarill|1\n|-damage|p1b: Azumarill|81/100\n|\n|t:|1776686088\n|switch|p2b: Pelipper|Pelipper, L50, M|100/100|[from] Flip Turn\n|-weather|RainDance|[from] ability: Drizzle|[of] p2b: Pelipper\n|move|p1a: Gengar|Perish Song|p1a: Gengar\n|-start|p1a: Gengar|perish3|[silent]\n|-start|p1b: Azumarill|perish3|[silent]\n|-start|p2a: Incineroar|perish3|[silent]\n|-start|p2b: Pelipper|perish3|[silent]\n|-fieldactivate|move: Perish Song\n|move|p1b: Azumarill|Soak|p2b: Pelipper\n|-start|p2b: Pelipper|typechange|Water\n|move|p2a: Incineroar|Taunt|p1a: Gengar\n|-start|p1a: Gengar|move: Taunt\n|\n|-weather|RainDance|[upkeep]\n|-start|p1a: Gengar|perish3\n|-start|p2b: Pelipper|perish3\n|-start|p1b: Azumarill|perish3\n|-start|p2a: Incineroar|perish3\n|upkeep\n|turn|2\n|inactive|benzelda214 has 30 seconds left.\n|inactive|Md999 has 30 seconds left.\n|inactive|Md999 has 20 seconds left.\n|\n|t:|1776686126\n|switch|p1b: Incineroar|Incineroar, L50, M|100/100\n|-ability|p1b: Incineroar|Intimidate|boost\n|-unboost|p2a: Incineroar|atk|1\n|-unboost|p2b: Pelipper|atk|1\n|move|p1a: Gengar|Shadow Ball|p2b: Pelipper\n|-damage|p2b: Pelipper|29/100\n|move|p2b: Pelipper|Tailwind|p2b: Pelipper\n|-sidestart|p2: Md999|move: Tailwind\n|move|p2a: Incineroar|Parting Shot|p1a: Gengar\n|-unboost|p1a: Gengar|atk|1\n|-unboost|p1a: Gengar|spa|1\n|\n|t:|1776686150\n|switch|p2a: Blastoise|Blastoise, L50, F, shiny|100/100|[from] Parting Shot\n|\n|-weather|RainDance|[upkeep]\n|-start|p2b: Pelipper|perish2\n|-start|p1a: Gengar|perish2\n|upkeep\n|turn|3\n|\n|t:|1776686170\n|move|p2a: Blastoise|Protect|p2a: Blastoise\n|-singleturn|p2a: Blastoise|Protect\n|move|p1b: Incineroar|Fake Out|p2a: Blastoise\n|-activate|p2a: Blastoise|move: Protect\n|move|p2b: Pelipper|Weather Ball|p1b: Incineroar\n|-supereffective|p1b: Incineroar|1\n|-damage|p1b: Incineroar|0 fnt\n|faint|p1b: Incineroar\n|move|p1a: Gengar|Shadow Ball|p2a: Blastoise\n|-activate|p2a: Blastoise|move: Protect\n|\n|-weather|RainDance|[upkeep]\n|-start|p2b: Pelipper|perish1\n|-start|p1a: Gengar|perish1\n|upkeep\n|\n|t:|1776686183\n|switch|p1b: Liepard|Liepard, L50, F|100/100\n|turn|4\n|\n|t:|1776686199\n|switch|p1a: Azumarill|Azumarill, L50, M|81/100\n|detailschange|p2a: Blastoise|Blastoise-Mega, L50, F, shiny\n|-mega|p2a: Blastoise|Blastoise|Blastoisinite\n|move|p1b: Liepard|Fake Out|p2a: Blastoise\n|-damage|p2a: Blastoise|94/100\n|cant|p2a: Blastoise|flinch\n|move|p2b: Pelipper|Weather Ball|p1b: Liepard\n|-enditem|p1b: Liepard|Focus Sash\n|-damage|p1b: Liepard|1/100\n|\n|-weather|RainDance|[upkeep]\n|-start|p2b: Pelipper|perish0\n|faint|p2b: Pelipper\n|upkeep\n|\n|t:|1776686222\n|switch|p2b: Incineroar|Incineroar, L50, M|100/100\n|-ability|p2b: Incineroar|Intimidate|boost\n|-unboost|p1a: Azumarill|atk|1\n|-unboost|p1b: Liepard|atk|1\n|turn|5\n|\n|t:|1776686235\n|move|p2b: Incineroar|Fake Out|p1a: Azumarill\n|-damage|p1a: Azumarill|68/100\n|move|p2a: Blastoise|Shell Smash|p2a: Blastoise\n|-unboost|p2a: Blastoise|def|1\n|-unboost|p2a: Blastoise|spd|1\n|-boost|p2a: Blastoise|atk|2\n|-boost|p2a: Blastoise|spa|2\n|-boost|p2a: Blastoise|spe|2\n|move|p1b: Liepard|Throat Chop|p2b: Incineroar\n|-resisted|p2b: Incineroar|1\n|-damage|p2b: Incineroar|95/100\n|-start|p2b: Incineroar|Throat Chop|[silent]\n|cant|p1a: Azumarill|flinch\n|\n|-weather|none\n|-sideend|p2: Md999|move: Tailwind\n|upkeep\n|turn|6\n|inactive|Md999 has 30 seconds left.\n|\n|t:|1776686262\n|switch|p2b: Basculegion|Basculegion, L50, M|100/100\n|move|p1b: Liepard|Encore|p2a: Blastoise\n|-start|p2a: Blastoise|Encore\n|move|p2a: Blastoise|Shell Smash|p2a: Blastoise\n|-unboost|p2a: Blastoise|def|1\n|-unboost|p2a: Blastoise|spd|1\n|-boost|p2a: Blastoise|atk|2\n|-boost|p2a: Blastoise|spa|2\n|-boost|p2a: Blastoise|spe|2\n|move|p1a: Azumarill|Perish Song|p1a: Azumarill\n|-start|p1a: Azumarill|perish3|[silent]\n|-start|p1b: Liepard|perish3|[silent]\n|-start|p2a: Blastoise|perish3|[silent]\n|-start|p2b: Basculegion|perish3|[silent]\n|-fieldactivate|move: Perish Song\n|\n|-start|p2a: Blastoise|perish3\n|-start|p1b: Liepard|perish3\n|-start|p2b: Basculegion|perish3\n|-start|p1a: Azumarill|perish3\n|upkeep\n|turn|7\n|\n|t:|1776686283\n|switch|p1b: Gengar|Gengar-Mega, L50, F|100/100\n|move|p2b: Basculegion|Aqua Jet|p1b: Gengar\n|-damage|p1b: Gengar|74/100\n|move|p2a: Blastoise|Shell Smash|p2a: Blastoise\n|-unboost|p2a: Blastoise|def|1\n|-unboost|p2a: Blastoise|spd|1\n|-boost|p2a: Blastoise|atk|2\n|-boost|p2a: Blastoise|spa|2\n|-boost|p2a: Blastoise|spe|2\n|move|p1a: Azumarill|Soak|p2b: Basculegion\n|-start|p2b: Basculegion|typechange|Water\n|\n|-start|p2a: Blastoise|perish2\n|-start|p2b: Basculegion|perish2\n|-start|p1a: Azumarill|perish2\n|upkeep\n|turn|8\n|\n|t:|1776686308\n|move|p2b: Basculegion|Aqua Jet|p1b: Gengar\n|-damage|p1b: Gengar|48/100\n|move|p2a: Blastoise|Shell Smash|p2a: Blastoise\n|-unboost|p2a: Blastoise|def|1\n|-unboost|p2a: Blastoise|spd|1\n|-boost|p2a: Blastoise|atk|0\n|-boost|p2a: Blastoise|spa|0\n|-boost|p2a: Blastoise|spe|0\n|move|p1b: Gengar|Hypnosis|p2b: Basculegion\n|-status|p2b: Basculegion|slp|[from] move: Hypnosis\n|move|p1a: Azumarill|Light Screen|p1a: Azumarill\n|-sidestart|p1: benzelda214|move: Light Screen\n|\n|-end|p2a: Blastoise|Encore\n|-start|p2a: Blastoise|perish1\n|-start|p2b: Basculegion|perish1\n|-start|p1a: Azumarill|perish1\n|upkeep\n|turn|9\n|\n|t:|1776686330\n|switch|p1a: Liepard|Liepard, L50, F|1/100\n|move|p1b: Gengar|Protect|p1b: Gengar\n|-singleturn|p1b: Gengar|Protect\n|cant|p2b: Basculegion|slp\n|move|p2a: Blastoise|Water Spout|p1a: Liepard|[spread] p1a\n|-activate|p1b: Gengar|move: Protect\n|-damage|p1a: Liepard|0 fnt\n|faint|p1a: Liepard\n|\n|-start|p2a: Blastoise|perish0\n|-start|p2b: Basculegion|perish0\n|faint|p2a: Blastoise\n|faint|p2b: Basculegion\n|upkeep\n|\n|t:|1776686343\n|switch|p1a: Azumarill|Azumarill, L50, M|68/100\n|switch|p2b: Incineroar|Incineroar, L50, M|95/100\n|-ability|p2b: Incineroar|Intimidate|boost\n|-unboost|p1a: Azumarill|atk|1\n|-unboost|p1b: Gengar|atk|1\n|turn|10\n|\n|t:|1776686355\n|move|p1b: Gengar|Shadow Ball|p2b: Incineroar\n|-resisted|p2b: Incineroar|1\n|-damage|p2b: Incineroar|72/100\n|move|p1a: Azumarill|Soak|p2b: Incineroar\n|-start|p2b: Incineroar|typechange|Water\n|move|p2b: Incineroar|Flare Blitz|p1b: Gengar\n|-damage|p1b: Gengar|10/100\n|-damage|p2b: Incineroar|61/100|[from] Recoil\n|\n|upkeep\n|turn|11\n|inactive|benzelda214 has 30 seconds left.\n|\n|t:|1776686384\n|move|p1a: Azumarill|Protect|p1a: Azumarill\n|-singleturn|p1a: Azumarill|Protect\n|move|p1b: Gengar|Hypnosis|p2b: Incineroar\n|-status|p2b: Incineroar|slp|[from] move: Hypnosis\n|cant|p2b: Incineroar|slp\n|\n|upkeep\n|turn|12\n|\n|t:|1776686396\n|move|p1b: Gengar|Shadow Ball|p2b: Incineroar\n|-damage|p2b: Incineroar|21/100 slp\n|-enditem|p2b: Incineroar|Sitrus Berry|[eat]\n|-heal|p2b: Incineroar|46/100 slp|[from] item: Sitrus Berry\n|move|p1a: Azumarill|Light Screen||[still]\n|-fail|p1a: Azumarill\n|cant|p2b: Incineroar|slp\n|\n|-sideend|p1: benzelda214|move: Light Screen\n|upkeep\n|turn|13\n|\n|t:|1776686406\n|move|p1b: Gengar|Protect|p1b: Gengar\n|-singleturn|p1b: Gengar|Protect\n|move|p1a: Azumarill|Protect|p1a: Azumarill\n|-singleturn|p1a: Azumarill|Protect\n|-curestatus|p2b: Incineroar|slp|[msg]\n|move|p2b: Incineroar|Flare Blitz|p1b: Gengar\n|-activate|p1b: Gengar|move: Protect\n|\n|upkeep\n|turn|14\n|\n|t:|1776686419\n|move|p1b: Gengar|Hypnosis|p2b: Incineroar\n|-status|p2b: Incineroar|slp|[from] move: Hypnosis\n|move|p1a: Azumarill|Light Screen|p1a: Azumarill\n|-sidestart|p1: benzelda214|move: Light Screen\n|cant|p2b: Incineroar|slp\n|\n|upkeep\n|turn|15\n|c|\u2606Md999|You are so lucky\n|c|\u2606benzelda214|ye\n|-message|Md999 forfeited.\n|\n|win|benzelda214\n|raw|benzelda214's rating: 1143 &rarr; <strong>1166</strong><br />(+23 for winning)\n|raw|Md999's rating: 1120 &rarr; <strong>1097</strong><br />(-23 for losing)\n|l|\u2606Md999\n|player|p2|\n",
  "uploadtime": 1776686453,
  "views": 13,
  "formatid": "gen9championsvgc2026regma",
  "rating": 1097,
  "private": 0,
  "password": null
}