{
  "id": "gen9championsvgc2026regma-2588757427",
  "format": "[Gen 9 Champions] VGC 2026 Reg M-A",
  "players": [
    "EXSA",
    "qiii"
  ],
  "log": "|j|\u2606EXSA\n|j|\u2606qiii\n|t:|1776666843\n|gametype|doubles\n|player|p1|EXSA|1|1209\n|player|p2|qiii|1|1248\n|gen|9\n|tier|[Gen 9 Champions] VGC 2026 Reg M-A\n|rated|\n|rule|Species Clause: Limit one of each Pok\u00e9mon\n|rule|Item Clause: Limit 1 of each item\n|clearpoke\n|poke|p1|Oranguru, L50, M|\n|poke|p1|Incineroar, L50, M|\n|poke|p1|Torkoal, L50, M|\n|poke|p1|Venusaur, L50, M|\n|poke|p1|Aerodactyl, L50, M|\n|poke|p1|Gallade, L50, M|\n|poke|p2|Basculegion, L50, M, shiny|\n|poke|p2|Floette-Eternal, L50, F|\n|poke|p2|Sinistcha-Masterpiece, L50|\n|poke|p2|Torkoal, L50, M|\n|poke|p2|Sneasler, L50, M, shiny|\n|poke|p2|Aggron, L50, F, shiny|\n|teampreview|4\n|\n|t:|1776666903\n|teamsize|p1|4\n|teamsize|p2|4\n|start\n|switch|p1a: Oranguru|Oranguru, L50, M|100/100\n|switch|p1b: Aerodactyl|Aerodactyl, L50, M|100/100\n|switch|p2a: Sneasler|Sneasler, L50, M, shiny|100/100\n|switch|p2b: Torkoal|Torkoal, L50, M|100/100\n|-weather|SunnyDay|[from] ability: Drought|[of] p2b: Torkoal\n|turn|1\n|\n|t:|1776666921\n|move|p1b: Aerodactyl|Protect|p1b: Aerodactyl\n|-singleturn|p1b: Aerodactyl|Protect\n|move|p2a: Sneasler|Fake Out|p1b: Aerodactyl\n|-activate|p1b: Aerodactyl|move: Protect\n|move|p1a: Oranguru|Psychic|p2a: Sneasler\n|-supereffective|p2a: Sneasler|2\n|-crit|p2a: Sneasler\n|-damage|p2a: Sneasler|0 fnt\n|faint|p2a: Sneasler\n|move|p2b: Torkoal|Eruption|p1b: Aerodactyl|[spread] p1a\n|-activate|p1b: Aerodactyl|move: Protect\n|-damage|p1a: Oranguru|47/100\n|\n|-weather|SunnyDay|[upkeep]\n|upkeep\n|\n|t:|1776666938\n|switch|p2a: Sinistcha|Sinistcha-Masterpiece, L50|100/100\n|turn|2\n|\n|t:|1776666946\n|move|p2a: Sinistcha|Rage Powder|p2a: Sinistcha\n|-singleturn|p2a: Sinistcha|move: Rage Powder\n|move|p1b: Aerodactyl|Rock Slide|p2a: Sinistcha|[spread] p2a,p2b\n|-supereffective|p2b: Torkoal|1\n|-damage|p2a: Sinistcha|79/100\n|-damage|p2b: Torkoal|64/100\n|move|p1a: Oranguru|Instruct|p2a: Sinistcha\n|-singleturn|p2a: Sinistcha|move: Instruct|[of] p1a: Oranguru\n|move|p2a: Sinistcha|Rage Powder||[still]\n|-fail|p2a: Sinistcha\n|move|p2b: Torkoal|Eruption|p1b: Aerodactyl|[spread] p1a,p1b\n|-resisted|p1b: Aerodactyl|1\n|-damage|p1a: Oranguru|14/100\n|-damage|p1b: Aerodactyl|69/100\n|\n|-weather|SunnyDay|[upkeep]\n|upkeep\n|turn|3\n|\n|t:|1776666970\n|move|p2b: Torkoal|Protect|p2b: Torkoal\n|-singleturn|p2b: Torkoal|Protect\n|move|p1b: Aerodactyl|Rock Slide|p2b: Torkoal|[spread] p2a\n|-activate|p2b: Torkoal|move: Protect\n|-damage|p2a: Sinistcha|58/100\n|cant|p2a: Sinistcha|flinch\n|move|p1a: Oranguru|Instruct|p1b: Aerodactyl\n|-singleturn|p1b: Aerodactyl|move: Instruct|[of] p1a: Oranguru\n|move|p1b: Aerodactyl|Rock Slide|p2a: Sinistcha|[spread] p2a\n|-activate|p2b: Torkoal|move: Protect\n|-damage|p2a: Sinistcha|33/100\n|\n|-weather|SunnyDay|[upkeep]\n|upkeep\n|turn|4\n|\n|t:|1776666994\n|move|p2a: Sinistcha|Rage Powder|p2a: Sinistcha\n|-singleturn|p2a: Sinistcha|move: Rage Powder\n|move|p1b: Aerodactyl|Rock Slide|p2a: Sinistcha|[spread] p2b\n|-miss|p1b: Aerodactyl|p2a: Sinistcha\n|-supereffective|p2b: Torkoal|1\n|-damage|p2b: Torkoal|23/100\n|-enditem|p2b: Torkoal|Sitrus Berry|[eat]\n|-heal|p2b: Torkoal|47/100|[from] item: Sitrus Berry\n|move|p1a: Oranguru|Encore|p2a: Sinistcha\n|-start|p2a: Sinistcha|Encore\n|cant|p2b: Torkoal|flinch\n|\n|-weather|SunnyDay|[upkeep]\n|upkeep\n|turn|5\n|\n|t:|1776667009\n|move|p2a: Sinistcha|Rage Powder|p2a: Sinistcha\n|-singleturn|p2a: Sinistcha|move: Rage Powder\n|move|p1b: Aerodactyl|Rock Slide|p2b: Torkoal|[spread] p2a,p2b\n|-supereffective|p2b: Torkoal|1\n|-damage|p2a: Sinistcha|11/100\n|-damage|p2b: Torkoal|9/100\n|move|p1a: Oranguru|Psychic|p2a: Sinistcha\n|-damage|p2a: Sinistcha|0 fnt\n|faint|p2a: Sinistcha\n|move|p2b: Torkoal|Heat Wave|p1a: Oranguru|[spread] p1a\n|-miss|p2b: Torkoal|p1b: Aerodactyl\n|-crit|p1a: Oranguru\n|-damage|p1a: Oranguru|0 fnt\n|faint|p1a: Oranguru\n|\n|-weather|none\n|upkeep\n|\n|t:|1776667025\n|switch|p2a: Floette|Floette-Eternal, L50, F|100/100\n|switch|p1a: Venusaur|Venusaur, L50, M|100/100\n|turn|6\n|\n|t:|1776667044\n|detailschange|p2a: Floette|Floette-Mega, L50, F\n|-mega|p2a: Floette|Floette|Floettite\n|-ability|p2a: Floette|Fairy Aura\n|detailschange|p1a: Venusaur|Venusaur-Mega, L50, M\n|-mega|p1a: Venusaur|Venusaur|Venusaurite\n|move|p1b: Aerodactyl|Rock Slide|p2b: Torkoal|[spread] p2a,p2b\n|-supereffective|p2b: Torkoal|1\n|-damage|p2a: Floette|70/100\n|-damage|p2b: Torkoal|0 fnt\n|faint|p2b: Torkoal\n|cant|p2a: Floette|flinch\n|move|p1a: Venusaur|Sludge Bomb|p2a: Floette\n|-supereffective|p2a: Floette|1\n|-damage|p2a: Floette|5/100\n|-status|p2a: Floette|psn\n|\n|-damage|p2a: Floette|0 fnt|[from] psn\n|faint|p2a: Floette\n|\n|win|EXSA\n|raw|EXSA's rating: 1209 &rarr; <strong>1237</strong><br />(+28 for winning)\n|raw|qiii's rating: 1248 &rarr; <strong>1220</strong><br />(-28 for losing)\n|l|\u2606qiii\n|player|p2|\n",
  "uploadtime": 1776667055,
  "views": 10,
  "formatid": "gen9championsvgc2026regma",
  "rating": 1220,
  "private": 0,
  "password": null
}