{
  "id": "gen9championsvgc2026regma-2588916161",
  "format": "[Gen 9 Champions] VGC 2026 Reg M-A",
  "players": [
    "Glutadel",
    "Chigusa_24zono"
  ],
  "log": "|j|\u2606Glutadel\n|j|\u2606Chigusa_24zono\n|t:|1776685559\n|gametype|doubles\n|player|p1|Glutadel|169|1140\n|player|p2|Chigusa_24zono|lass|1050\n|gen|9\n|tier|[Gen 9 Champions] VGC 2026 Reg M-A\n|rated|\n|rule|Species Clause: Limit one of each Pok\u00e9mon\n|rule|Item Clause: Limit 1 of each item\n|clearpoke\n|poke|p1|Meganium, L50, M|\n|poke|p1|Pelipper, L50, M|\n|poke|p1|Basculegion, L50, M|\n|poke|p1|Gengar, L50, F|\n|poke|p1|Kingambit, L50, M|\n|poke|p1|Sneasler, L50, M|\n|poke|p2|Floette-Eternal, L50, F, shiny|\n|poke|p2|Sableye, L50, F, shiny|\n|poke|p2|Rotom-Wash, L50, shiny|\n|poke|p2|Garchomp, L50, F, shiny|\n|poke|p2|Kingambit, L50, F, shiny|\n|poke|p2|Sinistcha-Masterpiece, L50, shiny|\n|teampreview|4\n|inactive|Battle timer is ON: inactive players will automatically lose when time's up. (requested by Chigusa_24zono)\n|\n|t:|1776685576\n|teamsize|p1|4\n|teamsize|p2|4\n|start\n|switch|p1a: Pelipper|Pelipper, L50, M|100/100\n|switch|p1b: Sneasler|Sneasler, L50, M|100/100\n|switch|p2a: Floette|Floette-Eternal, L50, F, shiny|100/100\n|switch|p2b: Sableye|Sableye, L50, F, shiny|100/100\n|-weather|RainDance|[from] ability: Drizzle|[of] p1a: Pelipper\n|turn|1\n|\n|t:|1776685600\n|detailschange|p2a: Floette|Floette-Mega, L50, F, shiny\n|-mega|p2a: Floette|Floette|Floettite\n|-ability|p2a: Floette|Fairy Aura\n|move|p2a: Floette|Protect|p2a: Floette\n|-singleturn|p2a: Floette|Protect\n|move|p1b: Sneasler|Fake Out|p2a: Floette\n|-activate|p2a: Floette|move: Protect\n|move|p2b: Sableye|Fake Out|p1a: Pelipper\n|-damage|p1a: Pelipper|94/100\n|cant|p1a: Pelipper|flinch\n|\n|-weather|RainDance|[upkeep]\n|upkeep\n|turn|2\n|\n|t:|1776685616\n|move|p1b: Sneasler|Protect|p1b: Sneasler\n|-singleturn|p1b: Sneasler|Protect\n|move|p2b: Sableye|Encore|p1b: Sneasler\n|-activate|p1b: Sneasler|move: Protect\n|move|p2a: Floette|Moonblast|p1a: Pelipper\n|-damage|p1a: Pelipper|0 fnt\n|faint|p1a: Pelipper\n|\n|-weather|RainDance|[upkeep]\n|upkeep\n|\n|t:|1776685624\n|switch|p1a: Basculegion|Basculegion, L50, M|100/100\n|turn|3\n|\n|t:|1776685633\n|move|p2a: Floette|Protect|p2a: Floette\n|-singleturn|p2a: Floette|Protect\n|move|p2b: Sableye|Reflect|p2b: Sableye\n|-sidestart|p2: Chigusa_24zono|Reflect\n|move|p1a: Basculegion|Wave Crash|p2a: Floette\n|-activate|p2a: Floette|move: Protect\n|move|p1b: Sneasler|Dire Claw|p2a: Floette\n|-activate|p2a: Floette|move: Protect\n|\n|-weather|RainDance|[upkeep]\n|upkeep\n|turn|4\n|\n|t:|1776685647\n|move|p2b: Sableye|Disable|p1a: Basculegion\n|-start|p1a: Basculegion|Disable|Wave Crash\n|cant|p1a: Basculegion|Disable|Wave Crash\n|move|p1b: Sneasler|Dire Claw|p2a: Floette\n|-supereffective|p2a: Floette|1\n|-damage|p2a: Floette|38/100\n|move|p2a: Floette|Moonblast|p1a: Basculegion\n|-damage|p1a: Basculegion|16/100\n|-unboost|p1a: Basculegion|spa|1\n|\n|-weather|RainDance|[upkeep]\n|upkeep\n|turn|5\n|\n|t:|1776685665\n|move|p2b: Sableye|Disable|p1b: Sneasler\n|-start|p1b: Sneasler|Disable|Dire Claw\n|move|p1a: Basculegion|Last Respects|p2b: Sableye\n|-damage|p2b: Sableye|52/100\n|cant|p1b: Sneasler|Disable|Dire Claw\n|move|p2a: Floette|Moonblast|p1a: Basculegion\n|-damage|p1a: Basculegion|0 fnt\n|faint|p1a: Basculegion\n|\n|-weather|none\n|upkeep\n|\n|t:|1776685670\n|switch|p1a: Meganium|Meganium, L50, M|100/100\n|turn|6\n|\n|t:|1776685688\n|detailschange|p1a: Meganium|Meganium-Mega, L50, M\n|-mega|p1a: Meganium|Meganium|Meganiumite\n|move|p2b: Sableye|Encore|p1b: Sneasler\n|-start|p1b: Sneasler|Encore\n|cant|p1b: Sneasler|Disable|Dire Claw\n|move|p1a: Meganium|Dazzling Gleam|p2b: Sableye|[spread] p2a,p2b\n|-supereffective|p2b: Sableye|1\n|-enditem|p2b: Sableye|Roseli Berry|[eat]\n|-enditem|p2b: Sableye|Roseli Berry|[weaken]\n|-damage|p2a: Floette|5/100\n|-damage|p2b: Sableye|8/100\n|move|p2a: Floette|Dazzling Gleam|p1a: Meganium|[spread] p1a,p1b\n|-damage|p1a: Meganium|52/100\n|-damage|p1b: Sneasler|44/100\n|\n|upkeep\n|turn|7\n|\n|t:|1776685703\n|move|p2b: Sableye|Disable|p1a: Meganium\n|-start|p1a: Meganium|Disable|Dazzling Gleam\n|-activate|p1b: Sneasler|move: Struggle\n|move|p1b: Sneasler|Struggle|p2a: Floette\n|-damage|p2a: Floette|0 fnt\n|faint|p2a: Floette\n|-damage|p1b: Sneasler|20/100|[from] recoil\n|cant|p1a: Meganium|Disable|Dazzling Gleam\n|\n|-sideend|p2: Chigusa_24zono|Reflect\n|upkeep\n|\n|t:|1776685717\n|switch|p2a: Garchomp|Garchomp, L50, F, shiny|100/100\n|turn|8\n|\n|t:|1776685723\n|move|p2b: Sableye|Encore|p1a: Meganium\n|-start|p1a: Meganium|Encore\n|-activate|p1b: Sneasler|move: Struggle\n|move|p1b: Sneasler|Struggle|p2a: Garchomp\n|-damage|p2a: Garchomp|82/100\n|-damage|p1b: Sneasler|8/100|[from] ability: Rough Skin|[of] p2a: Garchomp\n|-damage|p1b: Sneasler|0 fnt|[from] recoil\n|faint|p1b: Sneasler\n|cant|p1a: Meganium|Disable|Dazzling Gleam\n|move|p2a: Garchomp|Rock Slide|p1a: Meganium\n|-damage|p1a: Meganium|23/100\n|\n|upkeep\n|turn|9\n|\n|t:|1776685729\n|switch|p2b: Rotom|Rotom-Wash, L50, shiny|100/100\n|-activate|p1a: Meganium|move: Struggle\n|move|p1a: Meganium|Struggle|p2b: Rotom\n|-damage|p2b: Rotom|86/100\n|-damage|p1a: Meganium|0 fnt|[from] recoil\n|faint|p1a: Meganium\n|\n|win|Chigusa_24zono\n|raw|Glutadel's rating: 1140 &rarr; <strong>1109</strong><br />(-31 for losing)\n|raw|Chigusa_24zono's rating: 1050 &rarr; <strong>1091</strong><br />(+41 for winning)\n|l|\u2606Glutadel\n|player|p1|\n",
  "uploadtime": 1776685739,
  "views": 12,
  "formatid": "gen9championsvgc2026regma",
  "rating": 1091,
  "private": 0,
  "password": null
}