{
  "id": "gen9championsvgc2026regma-2588248434",
  "format": "[Gen 9 Champions] VGC 2026 Reg M-A",
  "players": [
    "benjitulio",
    "atcd"
  ],
  "log": "|j|\u2606benjitulio\n|j|\u2606atcd\n|t:|1776617912\n|gametype|doubles\n|player|p1|benjitulio|wattson|1092\n|player|p2|atcd|266|1040\n|gen|9\n|tier|[Gen 9 Champions] VGC 2026 Reg M-A\n|rated|\n|rule|Species Clause: Limit one of each Pok\u00e9mon\n|rule|Item Clause: Limit 1 of each item\n|clearpoke\n|poke|p1|Dragonite, L50, F|\n|poke|p1|Incineroar, L50, M|\n|poke|p1|Gyarados, L50, F|\n|poke|p1|Maushold-Four, L50|\n|poke|p1|Milotic, L50, F|\n|poke|p1|Whimsicott, L50, M|\n|poke|p2|Victreebel, L50, F|\n|poke|p2|Torkoal, L50, M|\n|poke|p2|Runerigus, L50, F|\n|poke|p2|Chimecho, L50, F|\n|poke|p2|Gyarados, L50, M|\n|poke|p2|Tinkaton, L50, F|\n|teampreview|4\n|\n|t:|1776617937\n|teamsize|p1|4\n|teamsize|p2|4\n|start\n|switch|p1a: Gyarados|Gyarados, L50, F|100/100\n|switch|p1b: Whimsicott|Whimsicott, L50, M|100/100\n|switch|p2a: Victreebel|Victreebel, L50, F|100/100\n|switch|p2b: Torkoal|Torkoal, L50, M|100/100\n|-ability|p1a: Gyarados|Intimidate|boost\n|-unboost|p2a: Victreebel|atk|1\n|-unboost|p2b: Torkoal|atk|1\n|-weather|SunnyDay|[from] ability: Drought|[of] p2b: Torkoal\n|turn|1\n|-activate|p2b: Torkoal|item: Quick Claw\n|\n|t:|1776617964\n|detailschange|p2a: Victreebel|Victreebel-Mega, L50, F\n|-mega|p2a: Victreebel|Victreebel|Victreebelite\n|detailschange|p1a: Gyarados|Gyarados-Mega, L50, F\n|-mega|p1a: Gyarados|Gyarados|Gyaradosite\n|-ability|p1a: Gyarados|Mold Breaker\n|move|p1b: Whimsicott|Light Screen|p1b: Whimsicott\n|-sidestart|p1: benjitulio|move: Light Screen\n|move|p2b: Torkoal|Flamethrower|p1b: Whimsicott\n|-supereffective|p1b: Whimsicott|1\n|-damage|p1b: Whimsicott|0 fnt\n|faint|p1b: Whimsicott\n|move|p1a: Gyarados|Dragon Dance|p1a: Gyarados\n|-boost|p1a: Gyarados|atk|1\n|-boost|p1a: Gyarados|spe|1\n|move|p2a: Victreebel|Sleep Powder|p1a: Gyarados\n|-status|p1a: Gyarados|slp|[from] move: Sleep Powder\n|\n|-weather|SunnyDay|[upkeep]\n|upkeep\n|\n|t:|1776617981\n|switch|p1b: Incineroar|Incineroar, L50, M|100/100\n|-ability|p1b: Incineroar|Intimidate|boost\n|-unboost|p2a: Victreebel|atk|1\n|-unboost|p2b: Torkoal|atk|1\n|turn|2\n|\n|t:|1776618011\n|move|p1b: Incineroar|Fake Out|p2a: Victreebel\n|-damage|p2a: Victreebel|89/100\n|cant|p1a: Gyarados|slp\n|cant|p2a: Victreebel|flinch\n|move|p2b: Torkoal|Body Press|p1b: Incineroar\n|-supereffective|p1b: Incineroar|1\n|-enditem|p1b: Incineroar|Chople Berry|[eat]\n|-enditem|p1b: Incineroar|Chople Berry|[weaken]\n|-damage|p1b: Incineroar|73/100\n|\n|-weather|SunnyDay|[upkeep]\n|upkeep\n|turn|3\n|\n|t:|1776618043\n|cant|p1a: Gyarados|slp\n|move|p1b: Incineroar|Flare Blitz|p2a: Victreebel\n|-supereffective|p2a: Victreebel|1\n|-damage|p2a: Victreebel|0 fnt\n|-damage|p1b: Incineroar|0 fnt|[from] ability: Innards Out|[of] p2a: Victreebel\n|faint|p2a: Victreebel\n|faint|p1b: Incineroar\n|move|p2b: Torkoal|Body Press|p1a: Gyarados\n|-supereffective|p1a: Gyarados|1\n|-damage|p1a: Gyarados|39/100 slp\n|\n|-weather|SunnyDay|[upkeep]\n|upkeep\n|\n|t:|1776618058\n|switch|p1b: Maushold|Maushold-Four, L50|100/100\n|switch|p2a: Tinkaton|Tinkaton, L50, F|100/100\n|turn|4\n|-activate|p2b: Torkoal|item: Quick Claw\n|\n|t:|1776618082\n|-curestatus|p1a: Gyarados|slp|[msg]\n|move|p1a: Gyarados|Protect|p1a: Gyarados\n|-singleturn|p1a: Gyarados|Protect\n|move|p2a: Tinkaton|Fake Out|p1a: Gyarados\n|-activate|p1a: Gyarados|move: Protect\n|move|p2b: Torkoal|Eruption|p1a: Gyarados|[spread] p1b\n|-activate|p1a: Gyarados|move: Protect\n|-damage|p1b: Maushold|34/100\n|move|p1b: Maushold|Rain Dance|p1b: Maushold\n|-weather|RainDance\n|\n|-weather|RainDance|[upkeep]\n|upkeep\n|turn|5\n|\n|t:|1776618117\n|move|p1a: Gyarados|Waterfall|p2b: Torkoal\n|-supereffective|p2b: Torkoal|1\n|-damage|p2b: Torkoal|0 fnt\n|faint|p2b: Torkoal\n|move|p1b: Maushold|Encore|p2a: Tinkaton\n|-start|p2a: Tinkaton|Encore\n|move|p2a: Tinkaton|Fake Out||[still]\n|-hint|Fake Out only works on your first turn out.\n|-fail|p2a: Tinkaton\n|\n|-weather|RainDance|[upkeep]\n|-sideend|p1: benjitulio|move: Light Screen\n|upkeep\n|\n|t:|1776618125\n|switch|p2b: Gyarados|Gyarados, L50, M|100/100\n|-ability|p2b: Gyarados|Intimidate|boost\n|-unboost|p1a: Gyarados|atk|1\n|-unboost|p1b: Maushold|atk|1\n|turn|6\n|\n|t:|1776618146\n|move|p1a: Gyarados|Crunch|p2b: Gyarados\n|-damage|p2b: Gyarados|39/100\n|-enditem|p2b: Gyarados|Sitrus Berry|[eat]\n|-heal|p2b: Gyarados|64/100|[from] item: Sitrus Berry\n|move|p1b: Maushold|Population Bomb|p2b: Gyarados\n|-damage|p2b: Gyarados|59/100\n|-damage|p2b: Gyarados|52/100\n|-damage|p2b: Gyarados|45/100\n|-damage|p2b: Gyarados|38/100\n|-damage|p2b: Gyarados|31/100\n|-crit|p2b: Gyarados\n|-damage|p2b: Gyarados|15/100\n|-damage|p2b: Gyarados|8/100\n|-damage|p2b: Gyarados|1/100\n|-damage|p2b: Gyarados|0 fnt\n|faint|p2b: Gyarados\n|-hitcount|p2: Gyarados|9\n|-activate|p2a: Tinkaton|move: Struggle\n|move|p2a: Tinkaton|Struggle|p1a: Gyarados\n|-damage|p1a: Gyarados|30/100\n|-damage|p2a: Tinkaton|75/100|[from] recoil\n|\n|-weather|RainDance|[upkeep]\n|upkeep\n|turn|7\n|\n|t:|1776618172\n|move|p1a: Gyarados|Waterfall|p2a: Tinkaton\n|-damage|p2a: Tinkaton|0 fnt\n|faint|p2a: Tinkaton\n|\n|win|benjitulio\n|raw|benjitulio's rating: 1092 &rarr; <strong>1114</strong><br />(+22 for winning)\n|raw|atcd's rating: 1040 &rarr; <strong>1026</strong><br />(-14 for losing)\n",
  "uploadtime": 1776618173,
  "views": 13,
  "formatid": "gen9championsvgc2026regma",
  "rating": 1026,
  "private": 0,
  "password": null
}