{
  "id": "gen9championsvgc2026regma-2581024581",
  "format": "[Gen 9 Champions] VGC 2026 Reg M-A",
  "players": [
    "ZyueXII",
    "AkiraVN"
  ],
  "log": "|j|\u2606ZyueXII\n|j|\u2606AkiraVN\n|t:|1775952782\n|gametype|doubles\n|player|p1|ZyueXII|harlequin|1083\n|player|p2|AkiraVN|marnie-masters3|1000\n|gen|9\n|tier|[Gen 9 Champions] VGC 2026 Reg M-A\n|rated|\n|rule|Species Clause: Limit one of each Pok\u00e9mon\n|rule|Item Clause: Limit 1 of each item\n|clearpoke\n|poke|p1|Pelipper, L50, M|\n|poke|p1|Meganium, L50, M|\n|poke|p1|Basculegion, L50, M|\n|poke|p1|Archaludon, L50, F|\n|poke|p1|Dragonite, L50, F|\n|poke|p1|Scizor, L50, M|\n|poke|p2|Floette-Eternal, L50, F|\n|poke|p2|Maushold-Four, L50|\n|poke|p2|Garchomp, L50, F|\n|poke|p2|Talonflame, L50, F|\n|poke|p2|Sneasler, L50, M|\n|poke|p2|Incineroar, L50, M|\n|teampreview|4\n|inactive|Battle timer is ON: inactive players will automatically lose when time's up. (requested by AkiraVN)\nZyueXII has agreed to open team sheets.\n|inactive|ZyueXII has 60 seconds left.\n|inactive|AkiraVN has 60 seconds left.\n|\n|t:|1775952839\n|teamsize|p1|4\n|teamsize|p2|4\n|start\n|switch|p1a: Meganium|Meganium, L50, M|100/100\n|switch|p1b: Pelipper|Pelipper, L50, M, shiny|100/100\n|switch|p2a: Floette|Floette-Eternal, L50, F|100/100\n|switch|p2b: Maushold|Maushold-Four, L50, shiny|100/100\n|-weather|RainDance|[from] ability: Drizzle|[of] p1b: Pelipper\n|turn|1\n|inactive|ZyueXII has 30 seconds left.\n|\n|t:|1775952866\n|detailschange|p2a: Floette|Floette-Mega, L50, F\n|-mega|p2a: Floette|Floette|Floettite\n|-ability|p2a: Floette|Fairy Aura\n|detailschange|p1a: Meganium|Meganium-Mega, L50, M\n|-mega|p1a: Meganium|Meganium|Meganiumite\n|move|p2b: Maushold|Helping Hand|p2a: Floette\n|-singleturn|p2a: Floette|Helping Hand|[of] p2b: Maushold\n|move|p2a: Floette|Dazzling Gleam|p1b: Pelipper|[spread] p1a,p1b\n|-damage|p1a: Meganium|29/100\n|-damage|p1b: Pelipper|0 fnt\n|faint|p1b: Pelipper\n|move|p1a: Meganium|Solar Beam||[still]\n|-prepare|p1a: Meganium|Solar Beam\n|-activate|p1a: Meganium|ability: Mega Sol\n|-anim|p1a: Meganium|Solar Beam|p2b: Maushold\n|-damage|p2b: Maushold|27/100\n|\n|-weather|RainDance|[upkeep]\n|upkeep\n|\n|t:|1775952881\n|switch|p1b: Archaludon|Archaludon, L50, F|100/100\n|turn|2\n|inactive|AkiraVN has 30 seconds left.\n|inactive|AkiraVN has 20 seconds left.\n|inactive|AkiraVN has 15 seconds left.\n|inactive|AkiraVN has 10 seconds left.\n|inactive|AkiraVN has 5 seconds left.\n|\n|t:|1775952936\n|move|p2b: Maushold|Helping Hand|p2a: Floette\n|-singleturn|p2a: Floette|Helping Hand|[of] p2b: Maushold\n|move|p1b: Archaludon|Flash Cannon|p2a: Floette\n|-supereffective|p2a: Floette|1\n|-damage|p2a: Floette|58/100\n|move|p2a: Floette|Dazzling Gleam|p1a: Meganium|[spread] p1a,p1b\n|-damage|p1a: Meganium|0 fnt\n|-damage|p1b: Archaludon|0 fnt\n|faint|p1a: Meganium\n|faint|p1b: Archaludon\n|\n|-weather|RainDance|[upkeep]\n|upkeep\n|\n|t:|1775952948\n|switch|p1a: Scizor|Scizor, L50, M|100/100\n|turn|3\n|inactive|AkiraVN has 30 seconds left.\n|inactive|AkiraVN has 20 seconds left.\n|inactive|AkiraVN has 15 seconds left.\n|inactive|AkiraVN has 10 seconds left.\n|inactive|AkiraVN has 5 seconds left.\n|\n|t:|1775953003\n|move|p2b: Maushold|Helping Hand|p2a: Floette\n|-singleturn|p2a: Floette|Helping Hand|[of] p2b: Maushold\n|move|p1a: Scizor|Bullet Punch|p2a: Floette\n|-supereffective|p2a: Floette|1\n|-damage|p2a: Floette|9/100\n|move|p2a: Floette|Dazzling Gleam|p1a: Scizor\n|-resisted|p1a: Scizor|1\n|-damage|p1a: Scizor|58/100\n|\n|-weather|RainDance|[upkeep]\n|-heal|p1a: Scizor|64/100|[from] item: Leftovers\n|upkeep\n|turn|4\n|\n|t:|1775953017\n|move|p2a: Floette|Protect|p2a: Floette\n|-singleturn|p2a: Floette|Protect\n|move|p1a: Scizor|Bullet Punch|p2a: Floette\n|-activate|p2a: Floette|move: Protect\n|move|p2b: Maushold|Super Fang|p1a: Scizor\n|-damage|p1a: Scizor|32/100\n|\n|-weather|RainDance|[upkeep]\n|-heal|p1a: Scizor|38/100|[from] item: Leftovers\n|upkeep\n|turn|5\n|\n|t:|1775953028\n|switch|p2a: Incineroar|Incineroar, L50, M, shiny|100/100\n|-ability|p2a: Incineroar|Intimidate|boost\n|-unboost|p1a: Scizor|atk|1\n|move|p2b: Maushold|Follow Me|p2b: Maushold\n|-singleturn|p2b: Maushold|move: Follow Me\n|move|p1a: Scizor|Bullet Punch|p2b: Maushold\n|-damage|p2b: Maushold|7/100\n|\n|-weather|none\n|-heal|p1a: Scizor|45/100|[from] item: Leftovers\n|upkeep\n|turn|6\n|\n|t:|1775953041\n|move|p2b: Maushold|Follow Me|p2b: Maushold\n|-singleturn|p2b: Maushold|move: Follow Me\n|move|p1a: Scizor|Bullet Punch|p2b: Maushold\n|-damage|p2b: Maushold|0 fnt\n|faint|p2b: Maushold\n|move|p2a: Incineroar|Flare Blitz|p1a: Scizor\n|-supereffective|p1a: Scizor|2\n|-damage|p1a: Scizor|0 fnt\n|faint|p1a: Scizor\n|-damage|p2a: Incineroar|88/100|[from] Recoil\n|\n|win|AkiraVN\n|raw|ZyueXII's rating: 1083 &rarr; <strong>1055</strong><br />(-28 for losing)\n|raw|AkiraVN's rating: 1000 &rarr; <strong>1049</strong><br />(+49 for winning)\n",
  "uploadtime": 1775953069,
  "views": 36,
  "formatid": "gen9championsvgc2026regma",
  "rating": 1049,
  "private": 0,
  "password": null
}