{
  "id": "gen9championsvgc2026regma-2585806324",
  "format": "[Gen 9 Champions] VGC 2026 Reg M-A",
  "players": [
    "notcheetofingers",
    "jakehus8"
  ],
  "log": "|j|\u2606notcheetofingers\n|j|\u2606jakehus8\n|t:|1776371993\n|gametype|doubles\n|player|p1|notcheetofingers|pokemaniac|1196\n|player|p2|jakehus8|sabrina-lgpe|1287\n|gen|9\n|tier|[Gen 9 Champions] VGC 2026 Reg M-A\n|rated|\n|rule|Species Clause: Limit one of each Pok\u00e9mon\n|rule|Item Clause: Limit 1 of each item\n|clearpoke\n|poke|p1|Ampharos, L50, M|\n|poke|p1|Sinistcha, L50|\n|poke|p1|Farigiraf, L50, M|\n|poke|p1|Torkoal, L50, M|\n|poke|p1|Primarina, L50, M|\n|poke|p1|Sneasler, L50, M|\n|poke|p2|Incineroar, L50, F|\n|poke|p2|Farigiraf, L50, M|\n|poke|p2|Golurk, L50|\n|poke|p2|Torkoal, L50, F|\n|poke|p2|Charizard, L50, F|\n|poke|p2|Venusaur, L50, M|\n|teampreview|4\nnotcheetofingers has agreed to open team sheets.\n|inactive|Battle timer is ON: inactive players will automatically lose when time's up. (requested by jakehus8)\n|\n|t:|1776372040\n|teamsize|p1|4\n|teamsize|p2|4\n|start\n|switch|p1a: Ampharos|Ampharos, L50, M|100/100\n|switch|p1b: Farigiraf|Farigiraf, L50, M|100/100\n|switch|p2a: Charizard|Charizard, L50, F, shiny|100/100\n|switch|p2b: Venusaur|Venusaur, L50, M|100/100\n|turn|1\n|inactive|notcheetofingers has 30 seconds left.\n|inactive|jakehus8 has 30 seconds left.\n|\n|t:|1776372075\n|detailschange|p2a: Charizard|Charizard-Mega-Y, L50, F, shiny\n|-mega|p2a: Charizard|Charizard|Charizardite Y\n|-weather|SunnyDay|[from] ability: Drought|[of] p2a: Charizard\n|detailschange|p1a: Ampharos|Ampharos-Mega, L50, M\n|-mega|p1a: Ampharos|Ampharos|Ampharosite\n|-ability|p1a: Ampharos|Mold Breaker\n|move|p2b: Venusaur|Energy Ball|p1b: Farigiraf\n|-damage|p1b: Farigiraf|59/100\n|move|p2a: Charizard|Weather Ball|p1b: Farigiraf\n|-damage|p1b: Farigiraf|0 fnt\n|faint|p1b: Farigiraf\n|move|p1a: Ampharos|Thunderbolt|p2a: Charizard\n|-supereffective|p2a: Charizard|1\n|-damage|p2a: Charizard|5/100\n|-status|p2a: Charizard|par\n|\n|-weather|SunnyDay|[upkeep]\n|upkeep\n|\n|t:|1776372094\n|switch|p1b: Torkoal|Torkoal, L50, M|100/100\n|turn|2\n|\n|t:|1776372115\n|move|p2b: Venusaur|Sleep Powder|p1b: Torkoal|[miss]\n|-miss|p2b: Venusaur|p1b: Torkoal\n|move|p2a: Charizard|Weather Ball|p1b: Torkoal\n|-resisted|p1b: Torkoal|1\n|-damage|p1b: Torkoal|43/100\n|move|p1a: Ampharos|Dragon Pulse|p2b: Venusaur\n|-damage|p2b: Venusaur|33/100\n|move|p1b: Torkoal|Heat Wave|p2b: Venusaur|[spread] p2a,p2b\n|-resisted|p2a: Charizard|1\n|-supereffective|p2b: Venusaur|1\n|-damage|p2a: Charizard|0 fnt\n|-damage|p2b: Venusaur|0 fnt\n|faint|p2a: Charizard\n|faint|p2b: Venusaur\n|\n|-weather|SunnyDay|[upkeep]\n|upkeep\n|\n|t:|1776372126\n|switch|p2b: Farigiraf|Farigiraf, L50, M, shiny|100/100\n|switch|p2a: Incineroar|Incineroar, L50, F|100/100\n|-ability|p2a: Incineroar|Intimidate|boost\n|-unboost|p1a: Ampharos|atk|1\n|-unboost|p1b: Torkoal|atk|1\n|turn|3\n|\n|t:|1776372144\n|move|p1a: Ampharos|Protect|p1a: Ampharos\n|-singleturn|p1a: Ampharos|Protect\n|move|p1b: Torkoal|Protect|p1b: Torkoal\n|-singleturn|p1b: Torkoal|Protect\n|move|p2a: Incineroar|Fake Out|p1b: Torkoal\n|-activate|p1b: Torkoal|move: Protect\n|move|p2b: Farigiraf|Hyper Voice|p1a: Ampharos|[spread] \n|-activate|p1a: Ampharos|move: Protect\n|-activate|p1b: Torkoal|move: Protect\n|\n|-weather|SunnyDay|[upkeep]\n|upkeep\n|turn|4\n|\n|t:|1776372159\n|move|p2a: Incineroar|Flare Blitz|p1b: Torkoal\n|-resisted|p1b: Torkoal|1\n|-crit|p1b: Torkoal\n|-damage|p1b: Torkoal|0 fnt\n|faint|p1b: Torkoal\n|-damage|p2a: Incineroar|88/100|[from] Recoil\n|move|p2b: Farigiraf|Hyper Voice|p1a: Ampharos\n|-damage|p1a: Ampharos|60/100\n|move|p1a: Ampharos|Dragon Pulse|p2b: Farigiraf\n|-damage|p2b: Farigiraf|46/100\n|\n|-weather|SunnyDay|[upkeep]\n|-heal|p2b: Farigiraf|52/100|[from] item: Leftovers\n|upkeep\n|\n|t:|1776372171\n|switch|p1b: Primarina|Primarina, L50, M|100/100\n|turn|5\n|\n|t:|1776372184\n|move|p1b: Primarina|Protect|p1b: Primarina\n|-singleturn|p1b: Primarina|Protect\n|move|p1a: Ampharos|Protect|p1a: Ampharos\n|-singleturn|p1a: Ampharos|Protect\n|move|p2a: Incineroar|Flare Blitz|p1a: Ampharos\n|-activate|p1a: Ampharos|move: Protect\n|move|p2b: Farigiraf|Psychic|p1b: Primarina\n|-activate|p1b: Primarina|move: Protect\n|\n|-weather|none\n|-heal|p2b: Farigiraf|59/100|[from] item: Leftovers\n|upkeep\n|turn|6\n|inactive|jakehus8 has 30 seconds left.\n|\n|t:|1776372210\n|move|p2b: Farigiraf|Protect|p2b: Farigiraf\n|-singleturn|p2b: Farigiraf|Protect\n|move|p2a: Incineroar|Throat Chop|p1b: Primarina\n|-resisted|p1b: Primarina|1\n|-damage|p1b: Primarina|78/100\n|-start|p1b: Primarina|Throat Chop|[silent]\n|cant|p1b: Primarina|move: Throat Chop\n|move|p1a: Ampharos|Thunderbolt|p2b: Farigiraf\n|-activate|p2b: Farigiraf|move: Protect\n|\n|-heal|p1b: Primarina|84/100|[from] item: Leftovers\n|-heal|p2b: Farigiraf|65/100|[from] item: Leftovers\n|upkeep\n|turn|7\n|inactive|notcheetofingers has 30 seconds left.\n|inactive|jakehus8 has 30 seconds left.\n|inactive|notcheetofingers has 20 seconds left.\n|\n|t:|1776372248\n|move|p2a: Incineroar|Throat Chop|p1a: Ampharos\n|-damage|p1a: Ampharos|29/100\n|-start|p1a: Ampharos|Throat Chop|[silent]\n|move|p1b: Primarina|Moonblast|p2a: Incineroar\n|-damage|p2a: Incineroar|47/100\n|-enditem|p2a: Incineroar|Sitrus Berry|[eat]\n|-heal|p2a: Incineroar|71/100|[from] item: Sitrus Berry\n|move|p2b: Farigiraf|Hyper Voice|p1a: Ampharos|[spread] p1a,p1b\n|-crit|p1a: Ampharos\n|-damage|p1a: Ampharos|0 fnt\n|-damage|p1b: Primarina|52/100\n|faint|p1a: Ampharos\n|\n|-heal|p2b: Farigiraf|71/100|[from] item: Leftovers\n|-heal|p1b: Primarina|58/100|[from] item: Leftovers\n|-end|p1b: Primarina|Throat Chop|[silent]\n|upkeep\n|turn|8\n|inactive|notcheetofingers has 30 seconds left.\n|inactive|jakehus8 has 30 seconds left.\n|\n|t:|1776372275\n|move|p2a: Incineroar|Flare Blitz|p1b: Primarina\n|-resisted|p1b: Primarina|1\n|-damage|p1b: Primarina|27/100\n|-damage|p2a: Incineroar|62/100|[from] Recoil\n|move|p1b: Primarina|Moonblast|p2a: Incineroar\n|-damage|p2a: Incineroar|20/100\n|move|p2b: Farigiraf|Psychic|p1b: Primarina\n|-damage|p1b: Primarina|0 fnt\n|faint|p1b: Primarina\n|\n|win|jakehus8\n|raw|notcheetofingers's rating: 1196 &rarr; <strong>1177</strong><br />(-19 for losing)\n|raw|jakehus8's rating: 1287 &rarr; <strong>1306</strong><br />(+19 for winning)\n|l|\u2606jakehus8\n|player|p2|\n",
  "uploadtime": 1776372285,
  "views": 20,
  "formatid": "gen9championsvgc2026regma",
  "rating": 1177,
  "private": 0,
  "password": null
}