{
  "id": "gen9championsvgc2026regma-2582570696",
  "format": "[Gen 9 Champions] VGC 2026 Reg M-A",
  "players": [
    "kiishn",
    "Dag291"
  ],
  "log": "|j|\u2606kiishn\n|j|\u203dDag291\n|t:|1776100052\n|gametype|doubles\n|player|p1|kiishn|sabrina|1109\n|player|p2|Dag291|2|1113\n|gen|9\n|tier|[Gen 9 Champions] VGC 2026 Reg M-A\n|rated|\n|rule|Species Clause: Limit one of each Pok\u00e9mon\n|rule|Item Clause: Limit 1 of each item\n|clearpoke\n|poke|p1|Kleavor, L50, M|\n|poke|p1|Scizor, L50, M|\n|poke|p1|Aerodactyl, L50, M|\n|poke|p1|Meganium, L50, M|\n|poke|p1|Pelipper, L50, M|\n|poke|p1|Basculegion, L50, M|\n|poke|p2|Sableye, L50, F|\n|poke|p2|Incineroar, L50, F|\n|poke|p2|Gengar, L50, F|\n|poke|p2|Politoed, L50, F|\n|poke|p2|Basculegion, L50, M|\n|poke|p2|Corviknight, L50, F|\n|teampreview|4\n|inactive|Battle timer is ON: inactive players will automatically lose when time's up. (requested by Dag291)\n|inactive|kiishn has 60 seconds left.\n|inactive|kiishn has 30 seconds left.\n|\n|t:|1776100117\n|teamsize|p1|4\n|teamsize|p2|4\n|start\n|switch|p1a: Kleavor|Kleavor, L50, M, shiny|100/100\n|switch|p1b: Meganium|Meganium, L50, M, shiny|100/100\n|switch|p2a: Corviknight|Corviknight, L50, F|100/100\n|switch|p2b: Sableye|Sableye, L50, F|100/100\n|turn|1\n|\n|t:|1776100137\n|switch|p1a: Aerodactyl|Aerodactyl, L50, M, shiny|100/100\n|-ability|p1a: Aerodactyl|Unnerve\n|switch|p2a: Incineroar|Incineroar, L50, F|100/100\n|-ability|p2a: Incineroar|Intimidate|boost\n|-unboost|p1a: Aerodactyl|atk|1\n|-unboost|p1b: Meganium|atk|1\n|detailschange|p1b: Meganium|Meganium-Mega, L50, M, shiny\n|-mega|p1b: Meganium|Meganium|Meganiumite\n|move|p2b: Sableye|Will-O-Wisp|p1a: Aerodactyl\n|-status|p1a: Aerodactyl|brn\n|move|p1b: Meganium|Weather Ball|p2a: Incineroar\n|-resisted|p2a: Incineroar|1\n|-damage|p2a: Incineroar|78/100\n|\n|-damage|p1a: Aerodactyl|95/100 brn|[from] brn\n|upkeep\n|turn|2\n|inactive|Dag291 has 30 seconds left.\n|inactive|Dag291 has 20 seconds left.\n|inactive|Dag291 has 15 seconds left.\n|inactive|Dag291 has 10 seconds left.\n|\n|t:|1776100183\n|move|p1b: Meganium|Protect|p1b: Meganium\n|-singleturn|p1b: Meganium|Protect\n|move|p1a: Aerodactyl|Tailwind|p1a: Aerodactyl\n|-sidestart|p1: kiishn|move: Tailwind\n|move|p2a: Incineroar|Parting Shot|p1b: Meganium\n|-activate|p1b: Meganium|move: Protect\n|move|p2b: Sableye|Foul Play|p1b: Meganium\n|-activate|p1b: Meganium|move: Protect\n|\n|-damage|p1a: Aerodactyl|89/100 brn|[from] brn\n|upkeep\n|turn|3\n|\n|t:|1776100199\n|move|p2b: Sableye|Encore|p1b: Meganium\n|-start|p1b: Meganium|Encore\n|move|p1b: Meganium|Protect||[still]\n|-fail|p1b: Meganium\n|move|p1a: Aerodactyl|Rock Slide|p2b: Sableye|[spread] p2b\n|-miss|p1a: Aerodactyl|p2a: Incineroar\n|-damage|p2b: Sableye|91/100\n|move|p2a: Incineroar|Parting Shot|p1a: Aerodactyl\n|-unboost|p1a: Aerodactyl|atk|1\n|-unboost|p1a: Aerodactyl|spa|1\n|\n|t:|1776100211\n|switch|p2a: Gengar|Gengar, L50, F|100/100|[from] Parting Shot\n|\n|-damage|p1a: Aerodactyl|83/100 brn|[from] brn\n|upkeep\n|turn|4\n|\n|t:|1776100227\n|switch|p1a: Kleavor|Kleavor, L50, M, shiny|100/100\n|switch|p1b: Basculegion|Basculegion, L50, M, shiny|100/100\n|detailschange|p2a: Gengar|Gengar-Mega, L50, F\n|-mega|p2a: Gengar|Gengar|Gengarite\n|move|p2a: Gengar|Perish Song|p2a: Gengar\n|-start|p1a: Kleavor|perish3|[silent]\n|-start|p1b: Basculegion|perish3|[silent]\n|-start|p2a: Gengar|perish3|[silent]\n|-start|p2b: Sableye|perish3|[silent]\n|-fieldactivate|move: Perish Song\n|move|p2b: Sableye|Foul Play|p1a: Kleavor\n|-damage|p1a: Kleavor|36/100\n|\n|-start|p1a: Kleavor|perish3\n|-start|p1b: Basculegion|perish3\n|-start|p2a: Gengar|perish3\n|-start|p2b: Sableye|perish3\n|upkeep\n|turn|5\n|\n|t:|1776100247\n|move|p2a: Gengar|Protect|p2a: Gengar\n|-singleturn|p2a: Gengar|Protect\n|move|p2b: Sableye|Will-O-Wisp|p1b: Basculegion\n|-status|p1b: Basculegion|brn\n|move|p1a: Kleavor|Night Slash|p2a: Gengar\n|-activate|p2a: Gengar|move: Protect\n|move|p1b: Basculegion|Last Respects|p2a: Gengar\n|-activate|p2a: Gengar|move: Protect\n|\n|-damage|p1b: Basculegion|94/100 brn|[from] brn\n|-start|p1a: Kleavor|perish2\n|-start|p1b: Basculegion|perish2\n|-start|p2a: Gengar|perish2\n|-start|p2b: Sableye|perish2\n|-sideend|p1: kiishn|move: Tailwind\n|upkeep\n|turn|6\n|\n|t:|1776100271\n|switch|p2b: Incineroar|Incineroar, L50, F|78/100\n|-ability|p2b: Incineroar|Intimidate|boost\n|-unboost|p1a: Kleavor|atk|1\n|-unboost|p1b: Basculegion|atk|1\n|move|p1a: Kleavor|Night Slash|p2a: Gengar\n|-supereffective|p2a: Gengar|1\n|-damage|p2a: Gengar|32/100\n|move|p2a: Gengar|Shadow Ball|p1a: Kleavor\n|-damage|p1a: Kleavor|0 fnt\n|faint|p1a: Kleavor\n|move|p1b: Basculegion|Last Respects|p2a: Gengar\n|-supereffective|p2a: Gengar|1\n|-damage|p2a: Gengar|0 fnt\n|faint|p2a: Gengar\n|\n|-damage|p1b: Basculegion|88/100 brn|[from] brn\n|-start|p1b: Basculegion|perish1\n|upkeep\n|\n|t:|1776100290\n|switch|p2a: Corviknight|Corviknight, L50, F|100/100\n|switch|p1a: Aerodactyl|Aerodactyl, L50, M, shiny|83/100 brn\n|-ability|p1a: Aerodactyl|Unnerve\n|turn|7\n|\n|t:|1776100308\n|switch|p1b: Meganium|Meganium-Mega, L50, M, shiny|100/100\n|move|p1a: Aerodactyl|Tailwind|p1a: Aerodactyl\n|-sidestart|p1: kiishn|move: Tailwind\n|move|p2b: Incineroar|Throat Chop|p1b: Meganium\n|-resisted|p1b: Meganium|1\n|-damage|p1b: Meganium|83/100\n|-start|p1b: Meganium|Throat Chop|[silent]\n|move|p2a: Corviknight|Iron Head|p1a: Aerodactyl\n|-supereffective|p1a: Aerodactyl|1\n|-damage|p1a: Aerodactyl|0 fnt\n|faint|p1a: Aerodactyl\n|\n|upkeep\n|\n|t:|1776100316\n|switch|p1a: Basculegion|Basculegion, L50, M, shiny|88/100 brn\n|turn|8\n|inactive|kiishn has 30 seconds left.\n|\n|t:|1776100342\n|move|p2a: Corviknight|Protect|p2a: Corviknight\n|-singleturn|p2a: Corviknight|Protect\n|move|p1b: Meganium|Dazzling Gleam|p2b: Incineroar|[spread] p2b\n|-activate|p2a: Corviknight|move: Protect\n|-damage|p2b: Incineroar|49/100\n|-enditem|p2b: Incineroar|Sitrus Berry|[eat]\n|-heal|p2b: Incineroar|74/100|[from] item: Sitrus Berry\n|move|p1a: Basculegion|Wave Crash|p2b: Incineroar\n|-supereffective|p2b: Incineroar|1\n|-damage|p2b: Incineroar|5/100\n|-damage|p1a: Basculegion|65/100 brn|[from] Recoil\n|move|p2b: Incineroar|Parting Shot|p1a: Basculegion\n|-unboost|p1a: Basculegion|atk|1\n|-unboost|p1a: Basculegion|spa|1\n|\n|t:|1776100357\n|switch|p2b: Sableye|Sableye, L50, F|91/100|[from] Parting Shot\n|\n|-damage|p1a: Basculegion|58/100 brn|[from] brn\n|-end|p1b: Meganium|Throat Chop|[silent]\n|upkeep\n|turn|9\n|\n|t:|1776100371\n|switch|p2a: Incineroar|Incineroar, L50, F|5/100\n|-ability|p2a: Incineroar|Intimidate|boost\n|-unboost|p1a: Basculegion|atk|1\n|-unboost|p1b: Meganium|atk|1\n|move|p1a: Basculegion|Protect|p1a: Basculegion\n|-singleturn|p1a: Basculegion|Protect\n|move|p2b: Sableye|Encore|p1b: Meganium\n|-start|p1b: Meganium|Encore\n|move|p1b: Meganium|Dazzling Gleam|p2a: Incineroar|[spread] p2a,p2b\n|-supereffective|p2b: Sableye|1\n|-enditem|p2b: Sableye|Roseli Berry|[eat]\n|-enditem|p2b: Sableye|Roseli Berry|[weaken]\n|-damage|p2a: Incineroar|0 fnt\n|-damage|p2b: Sableye|44/100\n|faint|p2a: Incineroar\n|\n|-damage|p1a: Basculegion|52/100 brn|[from] brn\n|upkeep\n|c|\u2606kiishn|w encore?\n|\n|t:|1776100384\n|switch|p2a: Corviknight|Corviknight, L50, F|100/100\n|turn|10\n|\n|t:|1776100391\n|move|p2b: Sableye|Encore|p1a: Basculegion\n|-start|p1a: Basculegion|Encore\n|move|p1a: Basculegion|Protect|p1a: Basculegion\n|-singleturn|p1a: Basculegion|Protect\n|move|p1b: Meganium|Dazzling Gleam|p2a: Corviknight|[spread] p2a,p2b\n|-resisted|p2a: Corviknight|1\n|-supereffective|p2b: Sableye|1\n|-damage|p2a: Corviknight|81/100\n|-damage|p2b: Sableye|0 fnt\n|faint|p2b: Sableye\n|move|p2a: Corviknight|Iron Head|p1b: Meganium\n|-supereffective|p1b: Meganium|1\n|-damage|p1b: Meganium|13/100\n|\n|-damage|p1a: Basculegion|46/100 brn|[from] brn\n|-sideend|p1: kiishn|move: Tailwind\n|upkeep\n|turn|11\n|\n|t:|1776100402\n|move|p1a: Basculegion|Protect||[still]\n|-fail|p1a: Basculegion\n|move|p1b: Meganium|Dazzling Gleam|p2a: Corviknight\n|-resisted|p2a: Corviknight|1\n|-damage|p2a: Corviknight|56/100\n|move|p2a: Corviknight|Iron Head|p1b: Meganium\n|-supereffective|p1b: Meganium|1\n|-damage|p1b: Meganium|0 fnt\n|faint|p1b: Meganium\n|\n|-damage|p1a: Basculegion|40/100 brn|[from] brn\n|upkeep\n|turn|12\n|c|\u2606kiishn|wait it worked\n|\n|t:|1776100412\n|move|p1a: Basculegion|Protect|p1a: Basculegion\n|-singleturn|p1a: Basculegion|Protect\n|move|p2a: Corviknight|Roost|p2a: Corviknight\n|-heal|p2a: Corviknight|100/100\n|-singleturn|p2a: Corviknight|move: Roost\n|\n|-damage|p1a: Basculegion|34/100 brn|[from] brn\n|-end|p1a: Basculegion|Encore\n|upkeep\n|turn|13\n|\n|t:|1776100421\n|move|p1a: Basculegion|Last Respects|p2a: Corviknight\n|-damage|p2a: Corviknight|83/100\n|move|p2a: Corviknight|Iron Head|p1a: Basculegion\n|-resisted|p1a: Basculegion|1\n|-damage|p1a: Basculegion|14/100 brn\n|\n|-damage|p1a: Basculegion|8/100 brn|[from] brn\n|upkeep\n|turn|14\n|c|\u2606kiishn|gg\n|\n|t:|1776100434\n|move|p1a: Basculegion|Protect|p1a: Basculegion\n|-singleturn|p1a: Basculegion|Protect\n|move|p2a: Corviknight|Protect||[still]\n|-fail|p2a: Corviknight\n|\n|-damage|p1a: Basculegion|2/100 brn|[from] brn\n|upkeep\n|turn|15\n|\n|t:|1776100444\n|move|p1a: Basculegion|Wave Crash|p2a: Corviknight\n|-damage|p2a: Corviknight|70/100\n|-damage|p1a: Basculegion|0 fnt|[from] Recoil\n|faint|p1a: Basculegion\n|\n|win|Dag291\n|raw|kiishn's rating: 1109 &rarr; <strong>1084</strong><br />(-25 for losing)\n|raw|Dag291's rating: 1113 &rarr; <strong>1138</strong><br />(+25 for winning)\n",
  "uploadtime": 1776100447,
  "views": 9,
  "formatid": "gen9championsvgc2026regma",
  "rating": 1084,
  "private": 0,
  "password": null
}