{
  "id": "gen9championsvgc2026regma-2584719676",
  "format": "[Gen 9 Champions] VGC 2026 Reg M-A",
  "players": [
    "StripeyButt",
    "Froza_panda"
  ],
  "log": "|j|\u2606StripeyButt\n|j|\u2606Froza_panda\n|t:|1776278914\n|gametype|doubles\n|player|p1|StripeyButt|miku-flying|1086\n|player|p2|Froza_panda|265|1160\n|gen|9\n|tier|[Gen 9 Champions] VGC 2026 Reg M-A\n|rated|\n|rule|Species Clause: Limit one of each Pok\u00e9mon\n|rule|Item Clause: Limit 1 of each item\n|clearpoke\n|poke|p1|Victreebel, L50, F|\n|poke|p1|Rotom-Wash, L50|\n|poke|p1|Incineroar, L50, F|\n|poke|p1|Tinkaton, L50, F|\n|poke|p1|Maushold-Four, L50|\n|poke|p1|Gengar, L50, F|\n|poke|p2|Excadrill, L50, F|\n|poke|p2|Tyranitar, L50, M|\n|poke|p2|Garchomp, L50, M|\n|poke|p2|Corviknight, L50, M|\n|poke|p2|Gyarados, L50, M|\n|poke|p2|Sinistcha, L50|\n|teampreview|4\n|\n|t:|1776278941\n|teamsize|p1|4\n|teamsize|p2|4\n|start\n|switch|p1a: Tinkaton|Tinkaton, L50, F|100/100\n|switch|p1b: Maushold|Maushold-Four, L50|100/100\n|switch|p2a: Corviknight|Corviknight, L50, M|100/100\n|switch|p2b: Tyranitar|Tyranitar, L50, M|100/100\n|-weather|Sandstorm|[from] ability: Sand Stream|[of] p2b: Tyranitar\n|turn|1\n|\n|t:|1776278978\n|detailschange|p2b: Tyranitar|Tyranitar-Mega, L50, M\n|-mega|p2b: Tyranitar|Tyranitar|Tyranitarite\n|move|p2b: Tyranitar|Protect|p2b: Tyranitar\n|-singleturn|p2b: Tyranitar|Protect\n|move|p1b: Maushold|Follow Me|p1b: Maushold\n|-singleturn|p1b: Maushold|move: Follow Me\n|move|p1a: Tinkaton|Swords Dance|p1a: Tinkaton\n|-boost|p1a: Tinkaton|atk|2\n|move|p2a: Corviknight|Body Press|p1b: Maushold\n|-supereffective|p1b: Maushold|1\n|-damage|p1b: Maushold|40/100\n|\n|-weather|Sandstorm|[upkeep]\n|-damage|p1b: Maushold|34/100|[from] Sandstorm\n|upkeep\n|turn|2\n|\n|t:|1776279026\n|move|p1b: Maushold|Super Fang|p2a: Corviknight\n|-damage|p2a: Corviknight|50/100\n|move|p1a: Tinkaton|Gigaton Hammer|p2a: Corviknight\n|-resisted|p2a: Corviknight|1\n|-crit|p2a: Corviknight\n|-damage|p2a: Corviknight|0 fnt\n|faint|p2a: Corviknight\n|move|p2b: Tyranitar|Knock Off|p1a: Tinkaton\n|-resisted|p1a: Tinkaton|1\n|-damage|p1a: Tinkaton|75/100\n|-enditem|p1a: Tinkaton|Occa Berry|[from] move: Knock Off|[of] p2b: Tyranitar\n|\n|-weather|Sandstorm|[upkeep]\n|-damage|p1b: Maushold|28/100|[from] Sandstorm\n|upkeep\n|\n|t:|1776279038\n|switch|p2a: Excadrill|Excadrill, L50, F|100/100\n|turn|3\n|inactive|Battle timer is ON: inactive players will automatically lose when time's up. (requested by Froza_panda)\n|\n|t:|1776279089\n|switch|p1b: Incineroar|Incineroar, L50, F|100/100\n|-ability|p1b: Incineroar|Intimidate|boost\n|-unboost|p2a: Excadrill|atk|1\n|-unboost|p2b: Tyranitar|atk|1\n|move|p1a: Tinkaton|Protect|p1a: Tinkaton\n|-singleturn|p1a: Tinkaton|Protect\n|move|p2b: Tyranitar|Protect|p2b: Tyranitar\n|-singleturn|p2b: Tyranitar|Protect\n|move|p2a: Excadrill|Earthquake|p1a: Tinkaton|[spread] p1b\n|-activate|p2b: Tyranitar|move: Protect\n|-activate|p1a: Tinkaton|move: Protect\n|-supereffective|p1b: Incineroar|1\n|-crit|p1b: Incineroar\n|-damage|p1b: Incineroar|0 fnt\n|faint|p1b: Incineroar\n|\n|-weather|Sandstorm|[upkeep]\n|upkeep\n|\n|t:|1776279109\n|switch|p1b: Rotom|Rotom-Wash, L50|100/100\n|turn|4\n|inactive|StripeyButt has 30 seconds left.\n|\n|t:|1776279142\n|move|p2a: Excadrill|Protect|p2a: Excadrill\n|-singleturn|p2a: Excadrill|Protect\n|move|p1a: Tinkaton|Gigaton Hammer|p2b: Tyranitar\n|-supereffective|p2b: Tyranitar|1\n|-crit|p2b: Tyranitar\n|-damage|p2b: Tyranitar|0 fnt\n|faint|p2b: Tyranitar\n|move|p1b: Rotom|Will-O-Wisp|p2a: Excadrill\n|-activate|p2a: Excadrill|move: Protect\n|\n|-weather|Sandstorm|[upkeep]\n|-damage|p1b: Rotom|95/100|[from] Sandstorm\n|-heal|p1b: Rotom|100/100|[from] item: Leftovers\n|upkeep\n|\n|t:|1776279154\n|switch|p2b: Sinistcha|Sinistcha, L50|100/100\n|turn|5\n|\n|t:|1776279176\n|move|p1a: Tinkaton|Protect|p1a: Tinkaton\n|-singleturn|p1a: Tinkaton|Protect\n|move|p2a: Excadrill|Earthquake|p1a: Tinkaton|[spread] p2b\n|-activate|p1a: Tinkaton|move: Protect\n|-immune|p1b: Rotom|[from] ability: Levitate\n|-resisted|p2b: Sinistcha|1\n|-damage|p2b: Sinistcha|89/100\n|move|p1b: Rotom|Will-O-Wisp|p2a: Excadrill\n|-status|p2a: Excadrill|brn\n|move|p2b: Sinistcha|Matcha Gotcha|p1b: Rotom|[spread] p1b\n|-activate|p1a: Tinkaton|move: Protect\n|-supereffective|p1b: Rotom|1\n|-damage|p1b: Rotom|61/100\n|-heal|p2b: Sinistcha|100/100|[from] drain|[of] p1b: Rotom\n|-status|p1b: Rotom|brn\n|\n|-weather|none\n|-heal|p1b: Rotom|67/100 brn|[from] item: Leftovers\n|-damage|p2a: Excadrill|95/100 brn|[from] brn\n|-damage|p1b: Rotom|61/100 brn|[from] brn\n|upkeep\n|turn|6\n|inactive|StripeyButt has 30 seconds left.\n|inactive|StripeyButt has 20 seconds left.\n|\n|t:|1776279212\n|move|p2b: Sinistcha|Rage Powder|p2b: Sinistcha\n|-singleturn|p2b: Sinistcha|move: Rage Powder\n|move|p2a: Excadrill|Earthquake|p1a: Tinkaton|[spread] p2b,p1a\n|-immune|p1b: Rotom|[from] ability: Levitate\n|-resisted|p2b: Sinistcha|1\n|-supereffective|p1a: Tinkaton|1\n|-damage|p2b: Sinistcha|95/100\n|-damage|p1a: Tinkaton|42/100\n|move|p1a: Tinkaton|Gigaton Hammer|p2b: Sinistcha\n|-damage|p2b: Sinistcha|0 fnt\n|faint|p2b: Sinistcha\n|move|p1b: Rotom|Volt Switch|p2a: Excadrill\n|-immune|p2a: Excadrill\n|\n|-heal|p1b: Rotom|67/100 brn|[from] item: Leftovers\n|-damage|p2a: Excadrill|89/100 brn|[from] brn\n|-damage|p1b: Rotom|61/100 brn|[from] brn\n|upkeep\n|turn|7\n|-message|Froza_panda forfeited.\n|\n|win|StripeyButt\n|raw|StripeyButt's rating: 1086 &rarr; <strong>1119</strong><br />(+33 for winning)\n|raw|Froza_panda's rating: 1160 &rarr; <strong>1130</strong><br />(-30 for losing)\n|l|\u2606Froza_panda\n|player|p2|\n",
  "uploadtime": 1776279238,
  "views": 17,
  "formatid": "gen9championsvgc2026regma",
  "rating": 1119,
  "private": 0,
  "password": null
}