{
  "id": "gen9championsvgc2026regma-2587395493",
  "format": "[Gen 9 Champions] VGC 2026 Reg M-A",
  "players": [
    "Zezocaaaaaaaa",
    "besovshina"
  ],
  "log": "|j|\u2606Zezocaaaaaaaa\n|j|\u203dbesovshina\n|t:|1776528274\n|gametype|doubles\n|player|p1|Zezocaaaaaaaa|buck|1302\n|player|p2|besovshina|alder|1385\n|gen|9\n|tier|[Gen 9 Champions] VGC 2026 Reg M-A\n|rated|\n|rule|Species Clause: Limit one of each Pok\u00e9mon\n|rule|Item Clause: Limit 1 of each item\n|clearpoke\n|poke|p1|Floette-Eternal, L50, F|\n|poke|p1|Sneasler, L50, M|\n|poke|p1|Aerodactyl, L50, M|\n|poke|p1|Incineroar, L50, M|\n|poke|p1|Basculegion, L50, M|\n|poke|p1|Delphox, L50, F|\n|poke|p2|Oranguru, L50, M|\n|poke|p2|Abomasnow, L50, F|\n|poke|p2|Basculegion, L50, M|\n|poke|p2|Emboar, L50, F|\n|poke|p2|Slowbro-Galar, L50, M|\n|poke|p2|Lycanroc-Dusk, L50, M|\n|teampreview|4\n|inactive|Battle timer is ON: inactive players will automatically lose when time's up. (requested by besovshina)\n|j| p3elz\n|c| p3elz|Beso\nbesovshina has agreed to open team sheets.\n|c| p3elz|Please give me the team sheet for this\nZezocaaaaaaaa has agreed to open team sheets.\n|showteam|p1|Floette-Eternal||Floettite|FlowerVeil|Moonblast,DazzlingGleam,Psychic,Protect|||F|||50|]Sneasler||BlackBelt|PoisonTouch|CloseCombat,DireClaw,FakeOut,Protect|||M|||50|]Aerodactyl||FocusSash|Unnerve|RockSlide,DualWingbeat,Tailwind,Protect|||M|||50|]Incineroar||SitrusBerry|Intimidate|Protect,FakeOut,ThroatChop,PartingShot|||M|||50|]Basculegion||ChoiceScarf|Adaptability|WaveCrash,Liquidation,LastRespects,FlipTurn|||M|||50|]Delphox||Delphoxite|Blaze|HeatWave,Psychic,Substitute,Protect|||F|||50|\n|showteam|p2|Oranguru||ColburBerry|InnerFocus|TrickRoom,Instruct,Psychic,Encore|||M|||50|]Abomasnow||Abomasite|SnowWarning|Blizzard,Protect,WoodHammer,EarthPower|||F|||50|]Basculegion||ChoiceScarf|Adaptability|LastRespects,AquaJet,WaveCrash,FlipTurn|||M|||50|]Emboar||WhiteHerb|Reckless|FlareBlitz,WildCharge,CloseCombat,HeadSmash|||F|||50|]Slowbro-Galar||PoisonBarb|QuickDraw|TrickRoom,ShellSideArm,FoulPlay,BrickBreak|||M|||50|]Lycanroc-Dusk||LumBerry|ToughClaws|Accelerock,CloseCombat,PsychicFangs,Protect|||M|||50|\n|c| p3elz|Yessss\n|inactive|Zezocaaaaaaaa has 60 seconds left.\n|\n|t:|1776528314\n|teamsize|p1|4\n|teamsize|p2|4\n|start\n|switch|p1a: Sneasler|Sneasler, L50, M|100/100\n|switch|p1b: Aerodactyl|Aerodactyl, L50, M|100/100\n|switch|p2a: Basculegion|Basculegion, L50, M|100/100\n|switch|p2b: Oranguru|Oranguru, L50, M|100/100\n|-ability|p1b: Aerodactyl|Unnerve\n|turn|1\n|\n|t:|1776528331\n|move|p1a: Sneasler|Fake Out|p2b: Oranguru\n|-damage|p2b: Oranguru|90/100\n|move|p2a: Basculegion|Flip Turn|p1b: Aerodactyl\n|-supereffective|p1b: Aerodactyl|1\n|-damage|p1b: Aerodactyl|4/100\n|\n|t:|1776528336\n|switch|p2a: Abomasnow|Abomasnow, L50, F|100/100|[from] Flip Turn\n|-weather|Snowscape|[from] ability: Snow Warning|[of] p2a: Abomasnow\n|move|p1b: Aerodactyl|Dual Wingbeat|p2a: Abomasnow\n|-supereffective|p2a: Abomasnow|1\n|-damage|p2a: Abomasnow|75/100\n|-supereffective|p2a: Abomasnow|1\n|-damage|p2a: Abomasnow|50/100\n|-hitcount|p2a: Abomasnow|2\n|move|p2b: Oranguru|Trick Room|p2b: Oranguru\n|-fieldstart|move: Trick Room|[of] p2b: Oranguru\n|\n|-weather|Snowscape|[upkeep]\n|upkeep\n|turn|2\n|\n|t:|1776528357\n|detailschange|p2a: Abomasnow|Abomasnow-Mega, L50, F\n|-mega|p2a: Abomasnow|Abomasnow|Abomasite\n|move|p1a: Sneasler|Protect|p1a: Sneasler\n|-singleturn|p1a: Sneasler|Protect\n|move|p2a: Abomasnow|Blizzard|p1a: Sneasler|[spread] p1b\n|-activate|p1a: Sneasler|move: Protect\n|-supereffective|p1b: Aerodactyl|1\n|-damage|p1b: Aerodactyl|0 fnt\n|faint|p1b: Aerodactyl\n|move|p2b: Oranguru|Instruct|p2a: Abomasnow\n|-singleturn|p2a: Abomasnow|move: Instruct|[of] p2b: Oranguru\n|move|p2a: Abomasnow|Blizzard|p1a: Sneasler\n|-activate|p1a: Sneasler|move: Protect\n|\n|-weather|Snowscape|[upkeep]\n|upkeep\n|\n|t:|1776528364\n|switch|p1b: Floette|Floette-Eternal, L50, F|100/100\n|turn|3\n|inactive|Zezocaaaaaaaa has 30 seconds left.\n|\n|t:|1776528391\n|switch|p1a: Basculegion|Basculegion, L50, M|100/100\n|detailschange|p1b: Floette|Floette-Mega, L50, F\n|-mega|p1b: Floette|Floette|Floettite\n|-ability|p1b: Floette|Fairy Aura\n|move|p2a: Abomasnow|Protect|p2a: Abomasnow\n|-singleturn|p2a: Abomasnow|Protect\n|move|p2b: Oranguru|Psychic|p1a: Basculegion\n|-damage|p1a: Basculegion|69/100\n|move|p1b: Floette|Moonblast|p2a: Abomasnow\n|-activate|p2a: Abomasnow|move: Protect\n|\n|-weather|Snowscape|[upkeep]\n|upkeep\n|turn|4\n|\n|t:|1776528406\n|move|p2a: Abomasnow|Blizzard|p1b: Floette|[spread] p1a,p1b\n|-resisted|p1a: Basculegion|1\n|-damage|p1a: Basculegion|43/100\n|-damage|p1b: Floette|64/100\n|move|p2b: Oranguru|Instruct|p2a: Abomasnow\n|-singleturn|p2a: Abomasnow|move: Instruct|[of] p2b: Oranguru\n|move|p2a: Abomasnow|Blizzard|p1a: Basculegion|[spread] p1a,p1b\n|-resisted|p1a: Basculegion|1\n|-damage|p1a: Basculegion|16/100\n|-damage|p1b: Floette|26/100\n|move|p1b: Floette|Dazzling Gleam|p2b: Oranguru|[spread] p2a,p2b\n|-crit|p2b: Oranguru\n|-damage|p2a: Abomasnow|6/100\n|-damage|p2b: Oranguru|37/100\n|move|p1a: Basculegion|Last Respects|p2b: Oranguru\n|-immune|p2b: Oranguru\n|\n|-weather|Snowscape|[upkeep]\n|upkeep\n|turn|5\n|c|\u2606Zezocaaaaaaaa|im so dumb\n|inactive|besovshina has 30 seconds left.\n|\n|t:|1776528431\n|switch|p2b: Basculegion|Basculegion, L50, M|100/100\n|move|p1b: Floette|Protect|p1b: Floette\n|-singleturn|p1b: Floette|Protect\n|move|p2a: Abomasnow|Blizzard|p1a: Basculegion|[spread] p1a\n|-activate|p1b: Floette|move: Protect\n|-resisted|p1a: Basculegion|1\n|-damage|p1a: Basculegion|0 fnt\n|faint|p1a: Basculegion\n|\n|-weather|none\n|-fieldend|move: Trick Room\n|upkeep\n|\n|t:|1776528437\n|switch|p1a: Sneasler|Sneasler, L50, M|100/100\n|turn|6\n|\n|t:|1776528442\n|move|p2a: Abomasnow|Protect|p2a: Abomasnow\n|-singleturn|p2a: Abomasnow|Protect\n|move|p1a: Sneasler|Fake Out|p2a: Abomasnow\n|-activate|p2a: Abomasnow|move: Protect\n|move|p2b: Basculegion|Flip Turn|p1a: Sneasler\n|-damage|p1a: Sneasler|36/100\n|\n|t:|1776528454\n|switch|p2b: Oranguru|Oranguru, L50, M|37/100|[from] Flip Turn\n|move|p1b: Floette|Moonblast|p2b: Oranguru\n|-damage|p2b: Oranguru|0 fnt\n|faint|p2b: Oranguru\n|\n|upkeep\n|c| p3elz|Is abomasnow popping off\n|\n|t:|1776528461\n|switch|p2b: Basculegion|Basculegion, L50, M|100/100\n|turn|7\n|inactive|Zezocaaaaaaaa has 30 seconds left.\n|\n|t:|1776528486\n|move|p1b: Floette|Protect|p1b: Floette\n|-singleturn|p1b: Floette|Protect\n|move|p2b: Basculegion|Last Respects|p1a: Sneasler\n|-damage|p1a: Sneasler|0 fnt\n|faint|p1a: Sneasler\n|move|p2a: Abomasnow|Blizzard|p1b: Floette\n|-activate|p1b: Floette|move: Protect\n|\n|upkeep\n|turn|8\n|\n|t:|1776528495\n|move|p2b: Basculegion|Last Respects|p1b: Floette\n|-damage|p1b: Floette|0 fnt\n|faint|p1b: Floette\n|\n|win|besovshina\n|raw|Zezocaaaaaaaa's rating: 1302 &rarr; <strong>1287</strong><br />(-15 for losing)\n|raw|besovshina's rating: 1385 &rarr; <strong>1400</strong><br />(+15 for winning)\n",
  "uploadtime": 1776528502,
  "views": 22,
  "formatid": "gen9championsvgc2026regma",
  "rating": 1287,
  "private": 0,
  "password": null
}