{
  "id": "gen9championsvgc2026regma-2588809030",
  "format": "[Gen 9 Champions] VGC 2026 Reg M-A",
  "players": [
    "AquamarineVGC",
    "PKFREEZE69"
  ],
  "log": "|j|\u2606AquamarineVGC\n|j|\u2606PKFREEZE69\n|t:|1776673502\n|gametype|doubles\n|player|p1|AquamarineVGC|unknown|1000\n|player|p2|PKFREEZE69|170|1034\n|gen|9\n|tier|[Gen 9 Champions] VGC 2026 Reg M-A\n|rated|\n|rule|Species Clause: Limit one of each Pok\u00e9mon\n|rule|Item Clause: Limit 1 of each item\n|clearpoke\n|poke|p1|Charizard, L50, M|\n|poke|p1|Farigiraf, L50, F|\n|poke|p1|Torkoal, L50, F|\n|poke|p1|Typhlosion-Hisui, L50, M|\n|poke|p1|Serperior, L50, M|\n|poke|p1|Gyarados, L50, F|\n|poke|p2|Froslass, L50, F, shiny|\n|poke|p2|Whimsicott, L50, F, shiny|\n|poke|p2|Arcanine-Hisui, L50, M, shiny|\n|poke|p2|Sneasler, L50, F, shiny|\n|poke|p2|Goodra-Hisui, L50, M, shiny|\n|poke|p2|Primarina, L50, M|\n|teampreview|4\n|c|\u2606AquamarineVGC|GLHF\n|c|\u2606PKFREEZE69|u2\n|\n|t:|1776673525\n|teamsize|p1|4\n|teamsize|p2|4\n|start\n|switch|p1a: Torkoal|Torkoal, L50, F|100/100\n|switch|p1b: Typhlosion|Typhlosion-Hisui, L50, M|100/100\n|switch|p2a: Whimsicott|Whimsicott, L50, F, shiny|100/100\n|switch|p2b: Sneasler|Sneasler, L50, F, shiny|100/100\n|-weather|SunnyDay|[from] ability: Drought|[of] p1a: Torkoal\n|turn|1\n|\n|t:|1776673547\n|move|p1a: Torkoal|Helping Hand|p1b: Typhlosion\n|-singleturn|p1b: Typhlosion|Helping Hand|[of] p1a: Torkoal\n|move|p2b: Sneasler|Fake Out|p1a: Torkoal\n|-damage|p1a: Torkoal|86/100\n|move|p2a: Whimsicott|Tailwind|p2a: Whimsicott\n|-sidestart|p2: PKFREEZE69|move: Tailwind\n|move|p1b: Typhlosion|Eruption|p2a: Whimsicott|[spread] p2a,p2b\n|-supereffective|p2a: Whimsicott|1\n|-enditem|p2a: Whimsicott|Focus Sash\n|-damage|p2a: Whimsicott|1/100\n|-damage|p2b: Sneasler|0 fnt\n|faint|p2b: Sneasler\n|\n|-weather|SunnyDay|[upkeep]\n|upkeep\n|\n|t:|1776673557\n|switch|p2b: Froslass|Froslass, L50, F, shiny|100/100\n|turn|2\n|\n|t:|1776673571\n|switch|p2a: Primarina|Primarina, L50, M|100/100\n|switch|p1b: Farigiraf|Farigiraf, L50, F|100/100\n|detailschange|p2b: Froslass|Froslass-Mega, L50, F, shiny\n|-mega|p2b: Froslass|Froslass|Froslassite\n|-weather|Snowscape|[from] ability: Snow Warning|[of] p2b: Froslass\n|move|p2b: Froslass|Shadow Ball|p1b: Farigiraf\n|-immune|p1b: Farigiraf\n|move|p1a: Torkoal|Eruption|p2b: Froslass|[spread] p2a,p2b\n|-resisted|p2a: Primarina|1\n|-supereffective|p2b: Froslass|1\n|-damage|p2a: Primarina|77/100\n|-damage|p2b: Froslass|0 fnt\n|faint|p2b: Froslass\n|\n|-weather|Snowscape|[upkeep]\n|upkeep\n|\n|t:|1776673583\n|switch|p2b: Whimsicott|Whimsicott, L50, F, shiny|1/100\n|turn|3\n|\n|t:|1776673595\n|move|p2b: Whimsicott|Protect|p2b: Whimsicott\n|-singleturn|p2b: Whimsicott|Protect\n|move|p1a: Torkoal|Protect|p1a: Torkoal\n|-singleturn|p1a: Torkoal|Protect\n|move|p2a: Primarina|Sparkling Aria|p1b: Farigiraf|[spread] p1b\n|-activate|p2b: Whimsicott|move: Protect\n|-activate|p1a: Torkoal|move: Protect\n|-damage|p1b: Farigiraf|49/100\n|move|p1b: Farigiraf|Trick Room|p1b: Farigiraf\n|-fieldstart|move: Trick Room|[of] p1b: Farigiraf\n|\n|-weather|Snowscape|[upkeep]\n|upkeep\n|turn|4\n|\n|t:|1776673612\n|move|p2b: Whimsicott|Encore||[still]\n|cant|p1b: Farigiraf|ability: Armor Tail|Encore|[of] p2b: Whimsicott\n|move|p1a: Torkoal|Eruption|p2b: Whimsicott|[spread] p2a,p2b\n|-resisted|p2a: Primarina|1\n|-supereffective|p2b: Whimsicott|1\n|-damage|p2a: Primarina|53/100\n|-damage|p2b: Whimsicott|0 fnt\n|faint|p2b: Whimsicott\n|move|p1b: Farigiraf|Hyper Voice|p2a: Primarina\n|-damage|p2a: Primarina|9/100\n|move|p2a: Primarina|Sparkling Aria|p1b: Farigiraf|[spread] p1a,p1b\n|-supereffective|p1a: Torkoal|1\n|-damage|p1a: Torkoal|0 fnt\n|-damage|p1b: Farigiraf|0 fnt\n|faint|p1a: Torkoal\n|faint|p1b: Farigiraf\n|\n|-weather|Snowscape|[upkeep]\n|-sideend|p2: PKFREEZE69|move: Tailwind\n|upkeep\n|\n|t:|1776673624\n|switch|p1a: Charizard|Charizard, L50, M|100/100\n|switch|p1b: Typhlosion|Typhlosion-Hisui, L50, M|100/100\n|turn|5\n|\n|t:|1776673635\n|detailschange|p1a: Charizard|Charizard-Mega-X, L50, M\n|-mega|p1a: Charizard|Charizard|Charizardite X\n|move|p2a: Primarina|Sparkling Aria|p1a: Charizard|[spread] p1a,p1b\n|-supereffective|p1b: Typhlosion|1\n|-damage|p1a: Charizard|41/100\n|-damage|p1b: Typhlosion|0 fnt\n|faint|p1b: Typhlosion\n|move|p1a: Charizard|Flare Blitz|p2a: Primarina\n|-resisted|p2a: Primarina|1\n|-damage|p2a: Primarina|0 fnt\n|faint|p2a: Primarina\n|-damage|p1a: Charizard|38/100|[from] Recoil\n|\n|win|AquamarineVGC\n|raw|AquamarineVGC's rating: 1000 &rarr; <strong>1044</strong><br />(+44 for winning)\n|raw|PKFREEZE69's rating: 1034 &rarr; <strong>1017</strong><br />(-17 for losing)\n|c|\u2606PKFREEZE69|gg\n|c|\u2606AquamarineVGC|GG\n|l|\u2606PKFREEZE69\n|player|p2|\n",
  "uploadtime": 1776673647,
  "views": 8,
  "formatid": "gen9championsvgc2026regma",
  "rating": 1017,
  "private": 0,
  "password": null
}