{
  "id": "gen9championsvgc2026regma-2582923564",
  "format": "[Gen 9 Champions] VGC 2026 Reg M-A",
  "players": [
    "KilamanolaVGC",
    "mars23456"
  ],
  "log": "|j|\u203dKilamanolaVGC\n|j|\u2606mars23456\n|t:|1776125363\n|gametype|doubles\n|player|p1|KilamanolaVGC|benga|1353\n|player|p2|mars23456|ingo|1419\n|gen|9\n|tier|[Gen 9 Champions] VGC 2026 Reg M-A\n|rated|\n|rule|Species Clause: Limit one of each Pok\u00e9mon\n|rule|Item Clause: Limit 1 of each item\n|clearpoke\n|poke|p1|Floette-Eternal, L50, F|\n|poke|p1|Garchomp, L50, M|\n|poke|p1|Aerodactyl, L50, M|\n|poke|p1|Kingambit, L50, F|\n|poke|p1|Basculegion, L50, M|\n|poke|p1|Sneasler, L50, M|\n|poke|p2|Pelipper, L50, F|\n|poke|p2|Archaludon, L50, M|\n|poke|p2|Floette-Eternal, L50, F|\n|poke|p2|Basculegion, L50, M|\n|poke|p2|Gengar, L50, M|\n|poke|p2|Ninetales-Alola, L50, M|\n|teampreview|4\n|inactive|Battle timer is ON: inactive players will automatically lose when time's up. (requested by KilamanolaVGC)\n|inactive|mars23456 also wants the timer to be on.\n|j| Nesnero\nmars23456 has agreed to open team sheets.\n|j| H4irashi\n|inactive|mars23456 has 60 seconds left.\n|l| Nesnero\n|\n|t:|1776125395\n|teamsize|p1|4\n|teamsize|p2|4\n|start\n|switch|p1a: Aerodactyl|Aerodactyl, L50, M|100/100\n|switch|p1b: Sneasler|Sneasler, L50, M, shiny|100/100\n|switch|p2a: Floette|Floette-Eternal, L50, F|100/100\n|switch|p2b: Ninetales|Ninetales-Alola, L50, M|100/100\n|-ability|p1a: Aerodactyl|Unnerve\n|-weather|Snowscape|[from] ability: Snow Warning|[of] p2b: Ninetales\n|turn|1\n|\n|t:|1776125406\n|detailschange|p2a: Floette|Floette-Mega, L50, F\n|-mega|p2a: Floette|Floette|Floettite\n|-ability|p2a: Floette|Fairy Aura\n|move|p2b: Ninetales|Blizzard|p1a: Aerodactyl|[spread] p1a,p1b\n|-supereffective|p1a: Aerodactyl|1\n|-damage|p1a: Aerodactyl|13/100\n|-damage|p1b: Sneasler|58/100\n|move|p1a: Aerodactyl|Rock Slide|p2b: Ninetales|[spread] p2b\n|-miss|p1a: Aerodactyl|p2a: Floette\n|-supereffective|p2b: Ninetales|1\n|-damage|p2b: Ninetales|50/100\n|move|p1b: Sneasler|Dire Claw|p2b: Ninetales\n|-supereffective|p2b: Ninetales|1\n|-damage|p2b: Ninetales|0 fnt\n|faint|p2b: Ninetales\n|move|p2a: Floette|Moonblast|p1b: Sneasler\n|-damage|p1b: Sneasler|0 fnt\n|faint|p1b: Sneasler\n|\n|-weather|Snowscape|[upkeep]\n|upkeep\n|\n|t:|1776125422\n|switch|p1b: Floette|Floette-Eternal, L50, F|100/100\n|switch|p2b: Basculegion|Basculegion, L50, M|100/100\n|turn|2\n|\n|t:|1776125429\n|move|p1b: Floette|Protect|p1b: Floette\n|-singleturn|p1b: Floette|Protect\n|move|p2b: Basculegion|Aqua Jet|p1a: Aerodactyl\n|-supereffective|p1a: Aerodactyl|1\n|-damage|p1a: Aerodactyl|0 fnt\n|faint|p1a: Aerodactyl\n|move|p2a: Floette|Moonblast|p1b: Floette\n|-activate|p1b: Floette|move: Protect\n|\n|-weather|Snowscape|[upkeep]\n|upkeep\n|\n|t:|1776125434\n|switch|p1a: Garchomp|Garchomp, L50, M, shiny|100/100\n|turn|3\n|\n|t:|1776125446\n|detailschange|p1b: Floette|Floette-Mega, L50, F\n|-mega|p1b: Floette|Floette|Floettite\n|-ability|p1b: Floette|Fairy Aura\n|move|p2a: Floette|Moonblast|p1b: Floette\n|-damage|p1b: Floette|32/100\n|move|p1a: Garchomp|Dragon Claw|p2b: Basculegion\n|-damage|p2b: Basculegion|45/100\n|move|p1b: Floette|Moonblast|p2b: Basculegion\n|-damage|p2b: Basculegion|0 fnt\n|faint|p2b: Basculegion\n|\n|-weather|Snowscape|[upkeep]\n|upkeep\n|\n|t:|1776125456\n|switch|p2b: Archaludon|Archaludon, L50, M|100/100\n|turn|4\n|\n|t:|1776125464\n|move|p1b: Floette|Protect|p1b: Floette\n|-singleturn|p1b: Floette|Protect\n|move|p2a: Floette|Moonblast|p1b: Floette\n|-activate|p1b: Floette|move: Protect\n|move|p1a: Garchomp|Earthquake|p2a: Floette|[spread] p2a,p2b\n|-activate|p1b: Floette|move: Protect\n|-supereffective|p2b: Archaludon|1\n|-damage|p2a: Floette|44/100\n|-damage|p2b: Archaludon|34/100\n|move|p2b: Archaludon|Draco Meteor|p1a: Garchomp\n|-supereffective|p1a: Garchomp|1\n|-damage|p1a: Garchomp|0 fnt\n|-unboost|p2b: Archaludon|spa|2\n|faint|p1a: Garchomp\n|-enditem|p2b: Archaludon|White Herb\n|-clearnegativeboost|p2b: Archaludon|[silent]\n|\n|-weather|Snowscape|[upkeep]\n|upkeep\n|turn|5\n|\n|t:|1776125479\n|move|p2a: Floette|Protect|p2a: Floette\n|-singleturn|p2a: Floette|Protect\n|move|p2b: Archaludon|Protect|p2b: Archaludon\n|-singleturn|p2b: Archaludon|Protect\n|move|p1b: Floette|Dazzling Gleam|p2a: Floette|[spread] \n|-activate|p2a: Floette|move: Protect\n|-activate|p2b: Archaludon|move: Protect\n|\n|-weather|none\n|upkeep\n|turn|6\n|c|\u2606mars23456|so\n|c|\u2606mars23456|by any chance\n|c|\u2606mars23456|is your floette max speed?\n|inactive|mars23456 has 30 seconds left.\n|c|\u2606mars23456|welp, best of luck\n|\n|t:|1776125513\n|move|p2a: Floette|Moonblast|p1b: Floette\n|-damage|p1b: Floette|0 fnt\n|faint|p1b: Floette\n|\n|win|mars23456\n|raw|KilamanolaVGC's rating: 1353 &rarr; <strong>1337</strong><br />(-16 for losing)\n|raw|mars23456's rating: 1419 &rarr; <strong>1435</strong><br />(+16 for winning)\n|l|\u203dKilamanolaVGC\n|player|p1|\n|c|\u2606mars23456|nice\n|c|\u2606mars23456|gg\n|l|\u2606mars23456\n|player|p2|\n",
  "uploadtime": 1776125524,
  "views": 32,
  "formatid": "gen9championsvgc2026regma",
  "rating": 1337,
  "private": 0,
  "password": null
}