{
  "id": "gen9championsvgc2026regma-2580720053",
  "format": "[Gen 9 Champions] VGC 2026 Reg M-A",
  "players": [
    "yuriimon",
    "Seiassj"
  ],
  "log": "|j|\u2606yuriimon\n|j|\u2606Seiassj\n|t:|1775926967\n|gametype|doubles\n|player|p1|yuriimon|waitress-gen4|1091\n|player|p2|Seiassj|266|1152\n|gen|9\n|tier|[Gen 9 Champions] VGC 2026 Reg M-A\n|rated|\n|rule|Species Clause: Limit one of each Pok\u00e9mon\n|rule|Item Clause: Limit 1 of each item\n|clearpoke\n|poke|p1|Feraligatr, L50, M|\n|poke|p1|Gallade, L50, M|\n|poke|p1|Politoed, L50, M|\n|poke|p1|Raichu, L50, F|\n|poke|p1|Arcanine-Hisui, L50, F|\n|poke|p1|Clefable, L50, F|\n|poke|p2|Charizard, L50, M|\n|poke|p2|Maushold-Four, L50|\n|poke|p2|Sneasler, L50, M|\n|poke|p2|Dragapult, L50, F|\n|poke|p2|Kingambit, L50, F|\n|poke|p2|Garchomp, L50, F|\n|teampreview|4\n|inactive|Battle timer is ON: inactive players will automatically lose when time's up. (requested by yuriimon)\n|inactive|Seiassj has 60 seconds left.\n|\n|t:|1775927012\n|teamsize|p1|4\n|teamsize|p2|4\n|start\n|switch|p1a: Arcanine|Arcanine-Hisui, L50, F|100/100\n|switch|p1b: Gallade|Gallade, L50, M|100/100\n|switch|p2a: Charizard|Charizard, L50, M|100/100\n|switch|p2b: Sneasler|Sneasler, L50, M|100/100\n|-ability|p2b: Sneasler|Pressure\n|turn|1\n|inactive|Seiassj has 30 seconds left.\n|inactive|Seiassj has 20 seconds left.\n|inactive|Seiassj has 15 seconds left.\n|inactive|Seiassj has 10 seconds left.\n|inactive|Seiassj has 5 seconds left.\n|\n|t:|1775927065\n|move|p1a: Arcanine|Protect|p1a: Arcanine\n|-singleturn|p1a: Arcanine|Protect\n|move|p2a: Charizard|Protect|p2a: Charizard\n|-singleturn|p2a: Charizard|Protect\n|move|p2b: Sneasler|Close Combat|p1a: Arcanine\n|-activate|p1a: Arcanine|move: Protect\n|move|p1b: Gallade|Trick Room|p1b: Gallade\n|-fieldstart|move: Trick Room|[of] p1b: Gallade\n|\n|upkeep\n|turn|2\n|inactive|Seiassj has 30 seconds left.\n|\n|t:|1775927098\n|switch|p2b: Kingambit|Kingambit, L50, F|100/100\n|detailschange|p2a: Charizard|Charizard-Mega-Y, L50, M\n|-mega|p2a: Charizard|Charizard|Charizardite Y\n|-weather|SunnyDay|[from] ability: Drought|[of] p2a: Charizard\n|move|p1a: Arcanine|Extreme Speed|p2b: Kingambit\n|-resisted|p2b: Kingambit|1\n|-damage|p2b: Kingambit|90/100\n|move|p1b: Gallade|Psycho Cut|p2b: Kingambit\n|-immune|p2b: Kingambit\n|move|p2a: Charizard|Air Slash|p1b: Gallade\n|-supereffective|p1b: Gallade|1\n|-damage|p1b: Gallade|21/100\n|\n|-weather|SunnyDay|[upkeep]\n|upkeep\n|turn|3\n|inactive|Seiassj has 30 seconds left.\n|inactive|Seiassj has 20 seconds left.\n|inactive|yuriimon has 30 seconds left.\n|inactive|Seiassj has 15 seconds left.\n|\n|t:|1775927139\n|switch|p1b: Clefable|Clefable, L50, F|100/100\n|move|p2a: Charizard|Protect|p2a: Charizard\n|-singleturn|p2a: Charizard|Protect\n|move|p2b: Kingambit|Kowtow Cleave|p1b: Clefable\n|-resisted|p1b: Clefable|1\n|-damage|p1b: Clefable|69/100\n|move|p1a: Arcanine|Head Smash|p2a: Charizard\n|-activate|p2a: Charizard|move: Protect\n|\n|-weather|SunnyDay|[upkeep]\n|upkeep\n|turn|4\n|\n|t:|1775927163\n|switch|p2a: Garchomp|Garchomp, L50, F|100/100\n|move|p1b: Clefable|Follow Me|p1b: Clefable\n|-singleturn|p1b: Clefable|move: Follow Me\n|move|p2b: Kingambit|Iron Head|p1b: Clefable\n|-supereffective|p1b: Clefable|1\n|-damage|p1b: Clefable|0 fnt\n|faint|p1b: Clefable\n|move|p1a: Arcanine|Flare Blitz|p2b: Kingambit\n|-supereffective|p2b: Kingambit|1\n|-damage|p2b: Kingambit|0 fnt\n|faint|p2b: Kingambit\n|\n|-weather|SunnyDay|[upkeep]\n|upkeep\n|inactive|Seiassj has 30 seconds left.\n|inactive|Seiassj has 20 seconds left.\n|inactive|Seiassj has 15 seconds left.\n|inactive|Seiassj has 10 seconds left.\n|inactive|Seiassj has 5 seconds left.\n|\n|t:|1775927214\n|switch|p2b: Sneasler|Sneasler, L50, M|100/100\n|switch|p1b: Feraligatr|Feraligatr, L50, M|100/100\n|-ability|p2b: Sneasler|Pressure\n|turn|5\n|\n|t:|1775927231\n|detailschange|p1b: Feraligatr|Feraligatr-Mega, L50, M\n|-mega|p1b: Feraligatr|Feraligatr|Feraligite\n|move|p1a: Arcanine|Protect|p1a: Arcanine\n|-singleturn|p1a: Arcanine|Protect\n|move|p1b: Feraligatr|Body Slam|p2a: Garchomp\n|-supereffective|p2a: Garchomp|1\n|-damage|p2a: Garchomp|0 fnt\n|-damage|p1b: Feraligatr|88/100|[from] ability: Rough Skin|[of] p2a: Garchomp\n|faint|p2a: Garchomp\n|move|p2b: Sneasler|Dire Claw|p1b: Feraligatr\n|-damage|p1b: Feraligatr|50/100\n|-status|p1b: Feraligatr|psn\n|\n|-weather|SunnyDay|[upkeep]\n|-damage|p1b: Feraligatr|38/100 psn|[from] psn\n|-fieldend|move: Trick Room\n|upkeep\n|\n|t:|1775927245\n|switch|p2a: Charizard|Charizard-Mega-Y, L50, M|100/100\n|turn|6\n|inactive|Seiassj has 30 seconds left.\n|inactive|Seiassj has 20 seconds left.\n|inactive|Seiassj has 15 seconds left.\n|\n|t:|1775927286\n|switch|p1a: Gallade|Gallade, L50, M|21/100\n|move|p2a: Charizard|Protect|p2a: Charizard\n|-singleturn|p2a: Charizard|Protect\n|move|p2b: Sneasler|Close Combat|p1a: Gallade\n|-resisted|p1a: Gallade|1\n|-damage|p1a: Gallade|0 fnt\n|-unboost|p2b: Sneasler|def|1\n|-unboost|p2b: Sneasler|spd|1\n|faint|p1a: Gallade\n|move|p1b: Feraligatr|Body Slam|p2b: Sneasler\n|-enditem|p2b: Sneasler|Focus Sash\n|-damage|p2b: Sneasler|1/100\n|-status|p2b: Sneasler|par\n|\n|-weather|none\n|-damage|p1b: Feraligatr|25/100 psn|[from] psn\n|upkeep\n|\n|t:|1775927293\n|switch|p1a: Arcanine|Arcanine-Hisui, L50, F|100/100\n|turn|7\n|inactive|Seiassj has 30 seconds left.\n|\n|t:|1775927326\n|move|p2b: Sneasler|Protect|p2b: Sneasler\n|-singleturn|p2b: Sneasler|Protect\n|move|p1a: Arcanine|Extreme Speed|p2b: Sneasler\n|-activate|p2b: Sneasler|move: Protect\n|move|p2a: Charizard|Air Slash|p1b: Feraligatr\n|-crit|p1b: Feraligatr\n|-damage|p1b: Feraligatr|0 fnt\n|faint|p1b: Feraligatr\n|\n|upkeep\n|turn|8\n|inactive|Seiassj has 30 seconds left.\n|inactive|Seiassj has 20 seconds left.\n|\n|t:|1775927366\n|move|p1a: Arcanine|Extreme Speed|p2b: Sneasler\n|-damage|p2b: Sneasler|0 fnt\n|faint|p2b: Sneasler\n|move|p2a: Charizard|Solar Beam||[still]\n|-prepare|p2a: Charizard|Solar Beam\n|\n|upkeep\n|turn|9\n|\n|t:|1775927379\n|move|p1a: Arcanine|Protect|p1a: Arcanine\n|-singleturn|p1a: Arcanine|Protect\n|move|p2a: Charizard|Solar Beam|p1a: Arcanine|[from] lockedmove\n|-activate|p1a: Arcanine|move: Protect\n|\n|upkeep\n|turn|10\n|\n|t:|1775927386\n|move|p1a: Arcanine|Head Smash|p2a: Charizard\n|-supereffective|p2a: Charizard|2\n|-damage|p2a: Charizard|0 fnt\n|faint|p2a: Charizard\n|\n|win|yuriimon\n|raw|yuriimon's rating: 1091 &rarr; <strong>1122</strong><br />(+31 for winning)\n|raw|Seiassj's rating: 1152 &rarr; <strong>1123</strong><br />(-29 for losing)\n|c|\u2606yuriimon|gg\n|c|\u2606Seiassj|gg\n|l|\u2606Seiassj\n|player|p2|\n",
  "uploadtime": 1775927396,
  "views": 13,
  "formatid": "gen9championsvgc2026regma",
  "rating": 1122,
  "private": 0,
  "password": null
}