{
  "id": "gen9championsvgc2026regma-2580991085",
  "format": "[Gen 9 Champions] VGC 2026 Reg M-A",
  "players": [
    "Mr.Danil",
    "CowboyMini"
  ],
  "log": "|j|\u2606Mr.Danil\n|j|\u2606CowboyMini\n|html|<table width=\"100%\"><tr><td align=\"left\">Mr.Danil</td><td align=\"right\">CowboyMini</tr><tr><td align=\"left\"><i class=\"fa fa-circle\"></i> <i class=\"fa fa-circle-o\"></i> </td><td align=\"right\"><i class=\"fa fa-circle-o\"></i> <i class=\"fa fa-circle\"></i> </tr></table>\n|uhtml|bestof|<h2><strong>Game 3</strong> of <a href=\"/game-bestof3-gen9championsvgc2026regma-2580985386\">a best-of-3</a></h2>\n|t:|1775949643\n|gametype|doubles\n|player|p1|Mr.Danil|169|\n|player|p2|CowboyMini|idol|\n|gen|9\n|tier|[Gen 9 Champions] VGC 2026 Reg M-A\n|rule|Species Clause: Limit one of each Pok\u00e9mon\n|rule|Item Clause: Limit 1 of each item\n|raw|<div class=\"infobox\"><details class=\"readmore\" open><summary><strong>1 custom rule:</strong></summary> Best of = 3</details></div>\n|clearpoke\n|poke|p1|Whimsicott, L50, F|\n|poke|p1|Sneasler, L50, F|\n|poke|p1|Primarina, L50, M|\n|poke|p1|Kingambit, L50, F|\n|poke|p1|Farigiraf, L50, F|\n|poke|p1|Chandelure, L50, M|\n|poke|p2|Kangaskhan, L50, F|\n|poke|p2|Sinistcha, L50|\n|poke|p2|Garchomp, L50, M|\n|poke|p2|Rotom-Wash, L50|\n|poke|p2|Lucario, L50, M|\n|poke|p2|Incineroar, L50, F|\n|teampreview|4\n|\n|t:|1775949686\n|teamsize|p1|4\n|teamsize|p2|4\n|start\n|switch|p1a: Farigiraf|Farigiraf, L50, F|100/100\n|switch|p1b: Primarina|Primarina, L50, M, shiny|100/100\n|switch|p2a: Evil Matcha|Sinistcha, L50|100/100\n|switch|p2b: SPECIALFLASHCANNON|Lucario, L50, M|100/100\n|turn|1\n|\n|t:|1775949703\n|detailschange|p2b: SPECIALFLASHCANNON|Lucario-Mega, L50, M\n|-mega|p2b: SPECIALFLASHCANNON|Lucario|Lucarionite\n|move|p1a: Farigiraf|Helping Hand|p1b: Primarina\n|-singleturn|p1b: Primarina|Helping Hand|[of] p1a: Farigiraf\n|move|p2b: SPECIALFLASHCANNON|Nasty Plot|p2b: SPECIALFLASHCANNON\n|-boost|p2b: SPECIALFLASHCANNON|spa|2\n|move|p2a: Evil Matcha|Matcha Gotcha|p1a: Farigiraf|[spread] p1a,p1b\n|-supereffective|p1b: Primarina|1\n|-damage|p1a: Farigiraf|78/100\n|-damage|p1b: Primarina|58/100\n|-status|p1b: Primarina|brn\n|move|p1b: Primarina|Ice Beam|p2a: Evil Matcha\n|-supereffective|p2a: Evil Matcha|1\n|-damage|p2a: Evil Matcha|29/100\n|\n|-heal|p2a: Evil Matcha|35/100|[from] item: Leftovers\n|-heal|p1a: Farigiraf|84/100|[from] item: Leftovers\n|-damage|p1b: Primarina|52/100 brn|[from] brn\n|upkeep\n|turn|2\n|\n|t:|1775949732\n|move|p1a: Farigiraf|Protect|p1a: Farigiraf\n|-singleturn|p1a: Farigiraf|Protect\n|move|p2b: SPECIALFLASHCANNON|Aura Sphere|p1a: Farigiraf\n|-activate|p1a: Farigiraf|move: Protect\n|move|p2a: Evil Matcha|Life Dew||[still]|[spread] p2a,p2b\n|-heal|p2a: Evil Matcha|60/100\n|-fail|p2b: SPECIALFLASHCANNON|heal\n|move|p1b: Primarina|Ice Beam|p2a: Evil Matcha\n|-supereffective|p2a: Evil Matcha|1\n|-damage|p2a: Evil Matcha|7/100\n|\n|-heal|p2a: Evil Matcha|13/100|[from] item: Leftovers\n|-heal|p1a: Farigiraf|90/100|[from] item: Leftovers\n|-damage|p1b: Primarina|46/100 brn|[from] brn\n|upkeep\n|turn|3\n|\n|t:|1775949763\n|switch|p1a: Whimsicott|Whimsicott, L50, F|100/100\n|move|p2a: Evil Matcha|Protect|p2a: Evil Matcha\n|-singleturn|p2a: Evil Matcha|Protect\n|move|p1b: Primarina|Protect|p1b: Primarina\n|-singleturn|p1b: Primarina|Protect\n|move|p2b: SPECIALFLASHCANNON|Aura Sphere|p1a: Whimsicott\n|-resisted|p1a: Whimsicott|1\n|-enditem|p1a: Whimsicott|Focus Sash\n|-damage|p1a: Whimsicott|1/100\n|\n|-heal|p2a: Evil Matcha|20/100|[from] item: Leftovers\n|-damage|p1b: Primarina|40/100 brn|[from] brn\n|upkeep\n|turn|4\n|\n|t:|1775949789\n|switch|p2a: Innovation!!|Incineroar, L50, F|100/100\n|-ability|p2a: Innovation!!|Intimidate|boost\n|-unboost|p1a: Whimsicott|atk|1\n|-unboost|p1b: Primarina|atk|1\n|switch|p1b: Farigiraf|Farigiraf, L50, F|90/100\n|move|p2b: SPECIALFLASHCANNON|Flash Cannon|p1b: Farigiraf\n|-damage|p1b: Farigiraf|0 fnt\n|faint|p1b: Farigiraf\n|move|p1a: Whimsicott|Endeavor|p2b: SPECIALFLASHCANNON\n|-damage|p2b: SPECIALFLASHCANNON|1/100\n|\n|upkeep\n|\n|t:|1775949803\n|switch|p1b: Sneasler|Sneasler, L50, F|100/100\n|turn|5\n|\n|t:|1775949832\n|move|p1b: Sneasler|Fake Out|p2b: SPECIALFLASHCANNON\n|-resisted|p2b: SPECIALFLASHCANNON|1\n|-damage|p2b: SPECIALFLASHCANNON|0 fnt\n|faint|p2b: SPECIALFLASHCANNON\n|move|p1a: Whimsicott|Tailwind|p1a: Whimsicott\n|-sidestart|p1: Mr.Danil|move: Tailwind\n|move|p2a: Innovation!!|Flare Blitz|p1b: Sneasler\n|-damage|p1b: Sneasler|0 fnt\n|faint|p1b: Sneasler\n|-damage|p2a: Innovation!!|74/100|[from] Recoil\n|\n|upkeep\n|\n|t:|1775949844\n|switch|p2b: Evil Matcha|Sinistcha, L50|20/100\n|switch|p1b: Primarina|Primarina, L50, M, shiny|40/100 brn\n|-heal|p2a: Innovation!!|99/100|[from] ability: Hospitality|[of] p2b: Evil Matcha\n|turn|6\n|\n|t:|1775949857\n|move|p2b: Evil Matcha|Protect|p2b: Evil Matcha\n|-singleturn|p2b: Evil Matcha|Protect\n|move|p1a: Whimsicott|Endeavor|p2a: Innovation!!\n|-damage|p2a: Innovation!!|1/100\n|move|p1b: Primarina|Hyper Voice|p2a: Innovation!!|[spread] p2a\n|-activate|p2b: Evil Matcha|move: Protect\n|-supereffective|p2a: Innovation!!|1\n|-damage|p2a: Innovation!!|0 fnt\n|faint|p2a: Innovation!!\n|\n|-heal|p2b: Evil Matcha|26/100|[from] item: Leftovers\n|-damage|p1b: Primarina|35/100 brn|[from] brn\n|upkeep\n|\n|t:|1775949869\n|switch|p2a: Big Chomp|Garchomp, L50, M|100/100\n|turn|7\n|\n|t:|1775949899\n|move|p1b: Primarina|Protect|p1b: Primarina\n|-singleturn|p1b: Primarina|Protect\n|move|p1a: Whimsicott|Endeavor|p2a: Big Chomp\n|-damage|p2a: Big Chomp|1/100\n|-damage|p1a: Whimsicott|0 fnt|[from] ability: Rough Skin|[of] p2a: Big Chomp\n|faint|p1a: Whimsicott\n|move|p2a: Big Chomp|Rock Slide|p1b: Primarina\n|-activate|p1b: Primarina|move: Protect\n|move|p2b: Evil Matcha|Matcha Gotcha|p1b: Primarina\n|-activate|p1b: Primarina|move: Protect\n|\n|-heal|p2b: Evil Matcha|32/100|[from] item: Leftovers\n|-damage|p1b: Primarina|29/100 brn|[from] brn\n|upkeep\n|turn|8\n|\n|t:|1775949918\n|move|p2a: Big Chomp|Protect|p2a: Big Chomp\n|-singleturn|p2a: Big Chomp|Protect\n|move|p2b: Evil Matcha|Protect|p2b: Evil Matcha\n|-singleturn|p2b: Evil Matcha|Protect\n|move|p1b: Primarina|Hyper Voice|p2a: Big Chomp|[spread] \n|-activate|p2a: Big Chomp|move: Protect\n|-activate|p2b: Evil Matcha|move: Protect\n|\n|-heal|p2b: Evil Matcha|38/100|[from] item: Leftovers\n|-damage|p1b: Primarina|23/100 brn|[from] brn\n|-sideend|p1: Mr.Danil|move: Tailwind\n|upkeep\n|turn|9\n|\n|t:|1775949931\n|move|p2a: Big Chomp|Rock Slide|p1b: Primarina\n|-damage|p1b: Primarina|0 fnt\n|faint|p1b: Primarina\n|\n|win|CowboyMini\n|l|\u2606Mr.Danil\n|player|p1|\n",
  "uploadtime": 1775949972,
  "views": 16,
  "formatid": "gen9championsvgc2026regma",
  "rating": null,
  "private": 0,
  "password": null
}