{
  "id": "gen9championsvgc2026regma-2585774408",
  "format": "[Gen 9 Champions] VGC 2026 Reg M-A",
  "players": [
    "drake78976",
    "GenoPaldea"
  ],
  "log": "|j|\u2606drake78976\n|j|\u2606GenoPaldea\n|t:|1776369689\n|gametype|doubles\n|player|p1|drake78976|li|1216\n|player|p2|GenoPaldea|bugcatcher-gen4dp|1216\n|gen|9\n|tier|[Gen 9 Champions] VGC 2026 Reg M-A\n|rated|\n|rule|Species Clause: Limit one of each Pok\u00e9mon\n|rule|Item Clause: Limit 1 of each item\n|clearpoke\n|poke|p1|Aggron, L50, F|\n|poke|p1|Primarina, L50, M|\n|poke|p1|Hydreigon, L50, F|\n|poke|p1|Sinistcha, L50|\n|poke|p1|Glimmora, L50, M|\n|poke|p1|Farigiraf, L50, F|\n|poke|p2|Scizor, L50, F|\n|poke|p2|Aerodactyl, L50, F|\n|poke|p2|Farigiraf, L50, F|\n|poke|p2|Hydreigon, L50, F|\n|poke|p2|Tauros-Paldea-Aqua, L50, M|\n|poke|p2|Sneasler, L50, F|\n|teampreview|4\n|inactive|Battle timer is ON: inactive players will automatically lose when time's up. (requested by drake78976)\n|\n|t:|1776369735\n|teamsize|p1|4\n|teamsize|p2|4\n|start\n|switch|p1a: Farigiraf|Farigiraf, L50, F|100/100\n|switch|p1b: Hydreigon|Hydreigon, L50, F|100/100\n|switch|p2a: Scizor|Scizor, L50, F|100/100\n|switch|p2b: Sneasler|Sneasler, L50, F|100/100\n|turn|1\n|\n|t:|1776369752\n|detailschange|p2a: Scizor|Scizor-Mega, L50, F\n|-mega|p2a: Scizor|Scizor|Scizorite\n|move|p1b: Hydreigon|Earth Power|p2b: Sneasler\n|-supereffective|p2b: Sneasler|1\n|-damage|p2b: Sneasler|13/100\n|-unboost|p2b: Sneasler|spd|1\n|move|p2b: Sneasler|Close Combat|p1b: Hydreigon\n|-supereffective|p1b: Hydreigon|1\n|-damage|p1b: Hydreigon|0 fnt\n|-unboost|p2b: Sneasler|def|1\n|-unboost|p2b: Sneasler|spd|1\n|faint|p1b: Hydreigon\n|move|p2a: Scizor|Swords Dance|p2a: Scizor\n|-boost|p2a: Scizor|atk|2\n|move|p1a: Farigiraf|Trick Room|p1a: Farigiraf\n|-fieldstart|move: Trick Room|[of] p1a: Farigiraf\n|\n|upkeep\n|\n|t:|1776369772\n|switch|p1b: Aggron|Aggron, L50, F|100/100\n|turn|2\n|\n|t:|1776369788\n|switch|p2b: Farigiraf|Farigiraf, L50, F|100/100\n|detailschange|p1b: Aggron|Aggron-Mega, L50, F\n|-mega|p1b: Aggron|Aggron|Aggronite\n|move|p1b: Aggron|Iron Defense|p1b: Aggron\n|-boost|p1b: Aggron|def|2\n|move|p1a: Farigiraf|Psychic|p2b: Farigiraf\n|-resisted|p2b: Farigiraf|1\n|-damage|p2b: Farigiraf|82/100\n|move|p2a: Scizor|Bug Bite|p1a: Farigiraf\n|-supereffective|p1a: Farigiraf|1\n|-damage|p1a: Farigiraf|0 fnt\n|-enditem|p1a: Farigiraf|Sitrus Berry|[from] stealeat|[move] Bug Bite|[of] p2a: Scizor\n|faint|p1a: Farigiraf\n|\n|upkeep\n|\n|t:|1776369800\n|switch|p1a: Primarina|Primarina, L50, M|100/100\n|turn|3\n|\n|t:|1776369815\n|move|p2a: Scizor|Bullet Punch|p1a: Primarina\n|-damage|p1a: Primarina|4/100\n|move|p1b: Aggron|Body Press|p2a: Scizor\n|-crit|p2a: Scizor\n|-damage|p2a: Scizor|0 fnt\n|faint|p2a: Scizor\n|move|p1a: Primarina|Hyper Voice|p2b: Farigiraf\n|-damage|p2b: Farigiraf|9/100\n|move|p2b: Farigiraf|Trick Room|p2b: Farigiraf\n|-fieldend|move: Trick Room\n|\n|upkeep\n|\n|t:|1776369831\n|switch|p2a: Sneasler|Sneasler, L50, F|13/100\n|turn|4\n|inactive|GenoPaldea has 30 seconds left.\n|inactive|GenoPaldea has 20 seconds left.\n|inactive|GenoPaldea has 15 seconds left.\n|\n|t:|1776369873\n|move|p1a: Primarina|Protect|p1a: Primarina\n|-singleturn|p1a: Primarina|Protect\n|move|p1b: Aggron|Protect|p1b: Aggron\n|-singleturn|p1b: Aggron|Protect\n|move|p2a: Sneasler|Close Combat|p1b: Aggron\n|-activate|p1b: Aggron|move: Protect\n|move|p2b: Farigiraf|Psychic|p1a: Primarina\n|-activate|p1a: Primarina|move: Protect\n|\n|upkeep\n|turn|5\n|\n|t:|1776369892\n|move|p2a: Sneasler|Close Combat|p1b: Aggron\n|-supereffective|p1b: Aggron|1\n|-damage|p1b: Aggron|74/100\n|-unboost|p2a: Sneasler|def|1\n|-unboost|p2a: Sneasler|spd|1\n|move|p2b: Farigiraf|Psychic|p1a: Primarina\n|-damage|p1a: Primarina|0 fnt\n|faint|p1a: Primarina\n|move|p1b: Aggron|Body Press|p2b: Farigiraf\n|-damage|p2b: Farigiraf|0 fnt\n|faint|p2b: Farigiraf\n|\n|upkeep\n|\n|t:|1776369904\n|switch|p2b: Tauros|Tauros-Paldea-Aqua, L50, M|100/100\n|-ability|p2b: Tauros|Intimidate|boost\n|-unboost|p1b: Aggron|atk|1\n|turn|6\n|\n|t:|1776369913\n|move|p1b: Aggron|Protect|p1b: Aggron\n|-singleturn|p1b: Aggron|Protect\n|move|p2a: Sneasler|Close Combat|p1b: Aggron\n|-activate|p1b: Aggron|move: Protect\n|move|p2b: Tauros|Close Combat|p1b: Aggron\n|-activate|p1b: Aggron|move: Protect\n|\n|upkeep\n|turn|7\n|\n|t:|1776369928\n|move|p2a: Sneasler|Protect|p2a: Sneasler\n|-singleturn|p2a: Sneasler|Protect\n|move|p2b: Tauros|Close Combat|p1b: Aggron\n|-supereffective|p1b: Aggron|1\n|-damage|p1b: Aggron|49/100\n|-unboost|p2b: Tauros|def|1\n|-unboost|p2b: Tauros|spd|1\n|move|p1b: Aggron|Body Press|p2b: Tauros\n|-damage|p2b: Tauros|0 fnt\n|faint|p2b: Tauros\n|\n|upkeep\n|turn|8\n|\n|t:|1776369949\n|move|p2a: Sneasler|Close Combat|p1b: Aggron\n|-supereffective|p1b: Aggron|1\n|-damage|p1b: Aggron|23/100\n|-unboost|p2a: Sneasler|def|1\n|-unboost|p2a: Sneasler|spd|1\n|-immune|p1b: Aggron\n|move|p1b: Aggron|Body Press|p2a: Sneasler\n|-resisted|p2a: Sneasler|1\n|-damage|p2a: Sneasler|0 fnt\n|faint|p2a: Sneasler\n|\n|win|drake78976\n|raw|drake78976's rating: 1216 &rarr; <strong>1241</strong><br />(+25 for winning)\n|raw|GenoPaldea's rating: 1216 &rarr; <strong>1191</strong><br />(-25 for losing)\n|l|\u2606GenoPaldea\n|player|p2|\n|l|\u2606drake78976\n|player|p1|\n|j|\u2606drake78976\n|player|p1|drake78976|li|\n",
  "uploadtime": 1776370168,
  "views": 20,
  "formatid": "gen9championsvgc2026regma",
  "rating": 1191,
  "private": 0,
  "password": null
}