{
  "id": "gen9championsvgc2026regma-2585017095",
  "format": "[Gen 9 Champions] VGC 2026 Reg M-A",
  "players": [
    "Dmy99",
    "areestoo"
  ],
  "log": "|j|\u2606Dmy99\n|j|\u2606areestoo\n|t:|1776303692\n|gametype|doubles\n|player|p1|Dmy99|2|1157\n|player|p2|areestoo|101|1209\n|gen|9\n|tier|[Gen 9 Champions] VGC 2026 Reg M-A\n|rated|\n|rule|Species Clause: Limit one of each Pok\u00e9mon\n|rule|Item Clause: Limit 1 of each item\n|clearpoke\n|poke|p1|Floette-Eternal, L50, F|\n|poke|p1|Aerodactyl, L50, M|\n|poke|p1|Garchomp, L50, M|\n|poke|p1|Rotom-Wash, L50|\n|poke|p1|Incineroar, L50, F|\n|poke|p1|Sneasler, L50, F|\n|poke|p2|Blastoise, L50, M|\n|poke|p2|Pelipper, L50, F|\n|poke|p2|Floette-Eternal, L50, F|\n|poke|p2|Wyrdeer, L50, F|\n|poke|p2|Weavile, L50, M|\n|poke|p2|Rhyperior, L50, M|\n|teampreview|4\n|inactive|Battle timer is ON: inactive players will automatically lose when time's up. (requested by areestoo)\n|inactive|Dmy99 has 60 seconds left.\n|inactive|areestoo has 60 seconds left.\n|\n|t:|1776303737\n|teamsize|p1|4\n|teamsize|p2|4\n|start\n|switch|p1a: Incineroar|Incineroar, L50, F|100/100\n|switch|p1b: Rotom|Rotom-Wash, L50|100/100\n|switch|p2a: Weavile|Weavile, L50, M|100/100\n|switch|p2b: Wyrdeer|Wyrdeer, L50, F|100/100\n|-ability|p2a: Weavile|Pressure\n|-ability|p1a: Incineroar|Intimidate|boost\n|-unboost|p2a: Weavile|atk|1\n|-unboost|p2b: Wyrdeer|atk|1\n|-ability|p2b: Wyrdeer|Intimidate|boost\n|-unboost|p1a: Incineroar|atk|1\n|-unboost|p1b: Rotom|atk|1\n|turn|1\n|\n|t:|1776303754\n|move|p2a: Weavile|Fake Out|p1a: Incineroar\n|-damage|p1a: Incineroar|93/100\n|cant|p1a: Incineroar|flinch\n|move|p1b: Rotom|Volt Switch|p2a: Weavile\n|-damage|p2a: Weavile|63/100\n|\n|t:|1776303762\n|switch|p1b: Sneasler|Sneasler, L50, F|100/100|[from] Volt Switch\n|move|p2b: Wyrdeer|Trick Room|p2b: Wyrdeer\n|-fieldstart|move: Trick Room|[of] p2b: Wyrdeer\n|\n|upkeep\n|turn|2\n|\n|t:|1776303781\n|switch|p2a: Rhyperior|Rhyperior, L50, M|100/100\n|move|p1b: Sneasler|Fake Out|p2b: Wyrdeer\n|-damage|p2b: Wyrdeer|85/100\n|cant|p2b: Wyrdeer|flinch\n|move|p1a: Incineroar|Parting Shot|p2a: Rhyperior\n|-unboost|p2a: Rhyperior|atk|1\n|-unboost|p2a: Rhyperior|spa|1\n|\n|t:|1776303792\n|switch|p1a: Rotom|Rotom-Wash, L50|100/100|[from] Parting Shot\n|-enditem|p2a: Rhyperior|White Herb\n|-clearnegativeboost|p2a: Rhyperior|[silent]\n|\n|upkeep\n|turn|3\n|inactive|areestoo has 30 seconds left.\n|\n|t:|1776303819\n|move|p1b: Sneasler|Protect|p1b: Sneasler\n|-singleturn|p1b: Sneasler|Protect\n|move|p2a: Rhyperior|Rock Slide|p1b: Sneasler|[spread] p1a\n|-activate|p1b: Sneasler|move: Protect\n|-damage|p1a: Rotom|64/100\n|move|p2b: Wyrdeer|Psyshield Bash|p1b: Sneasler\n|-activate|p1b: Sneasler|move: Protect\n|move|p1a: Rotom|Will-O-Wisp|p2a: Rhyperior\n|-status|p2a: Rhyperior|brn\n|\n|-damage|p2a: Rhyperior|95/100 brn|[from] brn\n|upkeep\n|turn|4\n|\n|t:|1776303838\n|switch|p1b: Incineroar|Incineroar, L50, F|93/100\n|-ability|p1b: Incineroar|Intimidate|boost\n|-unboost|p2a: Rhyperior|atk|1\n|-unboost|p2b: Wyrdeer|atk|1\n|move|p2a: Rhyperior|Rock Slide|p1b: Incineroar|[spread] p1b\n|-miss|p2a: Rhyperior|p1a: Rotom\n|-supereffective|p1b: Incineroar|1\n|-damage|p1b: Incineroar|76/100\n|move|p2b: Wyrdeer|Double-Edge|p1a: Rotom\n|-damage|p1a: Rotom|34/100\n|-damage|p2b: Wyrdeer|78/100|[from] Recoil\n|move|p1a: Rotom|Will-O-Wisp|p2b: Wyrdeer\n|-status|p2b: Wyrdeer|brn\n|\n|-damage|p2a: Rhyperior|89/100 brn|[from] brn\n|-damage|p2b: Wyrdeer|71/100 brn|[from] brn\n|upkeep\n|turn|5\n|-message|areestoo forfeited.\n|\n|win|Dmy99\n|raw|Dmy99's rating: 1157 &rarr; <strong>1186</strong><br />(+29 for winning)\n|raw|areestoo's rating: 1209 &rarr; <strong>1180</strong><br />(-29 for losing)\n",
  "uploadtime": 1776303857,
  "views": 18,
  "formatid": "gen9championsvgc2026regma",
  "rating": 1180,
  "private": 0,
  "password": null
}