{
  "id": "gen9championsvgc2026regma-2584400568",
  "format": "[Gen 9 Champions] VGC 2026 Reg M-A",
  "players": [
    "Jmoneyzzzzz",
    "tarn7"
  ],
  "log": "|j|\u2606Jmoneyzzzzz\n|j|\u2606tarn7\n|t:|1776258141\n|gametype|doubles\n|player|p1|Jmoneyzzzzz|2|1172\n|player|p2|tarn7|byron|1198\n|gen|9\n|tier|[Gen 9 Champions] VGC 2026 Reg M-A\n|rated|\n|rule|Species Clause: Limit one of each Pok\u00e9mon\n|rule|Item Clause: Limit 1 of each item\n|clearpoke\n|poke|p1|Meganium, L50, M|\n|poke|p1|Pelipper, L50, M|\n|poke|p1|Archaludon, L50, M|\n|poke|p1|Basculegion, L50, M|\n|poke|p1|Toxicroak, L50, F|\n|poke|p1|Araquanid, L50, F|\n|poke|p2|Golurk, L50|\n|poke|p2|Tyranitar, L50, M|\n|poke|p2|Archaludon, L50, F|\n|poke|p2|Sinistcha, L50|\n|poke|p2|Farigiraf, L50, M|\n|poke|p2|Slowbro, L50, F|\n|teampreview|4\n|\n|t:|1776258216\n|teamsize|p1|4\n|teamsize|p2|4\n|start\n|switch|p1a: Meganium|Meganium, L50, M|100/100\n|switch|p1b: Archaludon|Archaludon, L50, M|100/100\n|switch|p2a: Archaludon|Archaludon, L50, F|100/100\n|switch|p2b: Slowbro|Slowbro, L50, F|100/100\n|turn|1\n|\n|t:|1776258243\n|switch|p1a: Pelipper|Pelipper, L50, M|100/100\n|-weather|RainDance|[from] ability: Drizzle|[of] p1a: Pelipper\n|move|p1b: Archaludon|Electro Shot||[still]\n|-prepare|p1b: Archaludon|Electro Shot\n|-boost|p1b: Archaludon|spa|1\n|-anim|p1b: Archaludon|Electro Shot|p2b: Slowbro\n|-supereffective|p2b: Slowbro|1\n|-damage|p2b: Slowbro|0 fnt\n|faint|p2b: Slowbro\n|move|p2a: Archaludon|Aura Sphere|p1b: Archaludon\n|-supereffective|p1b: Archaludon|1\n|-damage|p1b: Archaludon|51/100\n|-ability|p1b: Archaludon|Stamina|boost\n|-boost|p1b: Archaludon|def|1\n|\n|-weather|RainDance|[upkeep]\n|upkeep\n|\n|t:|1776258256\n|switch|p2b: Tyranitar|Tyranitar, L50, M|100/100\n|-weather|Sandstorm|[from] ability: Sand Stream|[of] p2b: Tyranitar\n|turn|2\n|\n|t:|1776258294\n|switch|p1b: Toxicroak|Toxicroak, L50, F|100/100\n|move|p2a: Archaludon|Aura Sphere|p1b: Toxicroak\n|-resisted|p1b: Toxicroak|1\n|-damage|p1b: Toxicroak|75/100\n|move|p1a: Pelipper|Surf|p2a: Archaludon|[spread] p2a,p2b\n|-heal|p1b: Toxicroak|99/100|[from] ability: Dry Skin|[of] p1a: Pelipper\n|-resisted|p2a: Archaludon|1\n|-supereffective|p2b: Tyranitar|1\n|-damage|p2a: Archaludon|84/100\n|-damage|p2b: Tyranitar|75/100\n|-ability|p2a: Archaludon|Stamina|boost\n|-boost|p2a: Archaludon|def|1\n|move|p2b: Tyranitar|Rock Slide|p1b: Toxicroak|[spread] p1a,p1b\n|-supereffective|p1a: Pelipper|1\n|-resisted|p1b: Toxicroak|1\n|-damage|p1a: Pelipper|32/100\n|-damage|p1b: Toxicroak|77/100\n|\n|-weather|Sandstorm|[upkeep]\n|-damage|p1b: Toxicroak|70/100|[from] Sandstorm\n|-damage|p1a: Pelipper|26/100|[from] Sandstorm\n|upkeep\n|turn|3\n|\n|t:|1776258317\n|move|p2b: Tyranitar|Protect|p2b: Tyranitar\n|-singleturn|p2b: Tyranitar|Protect\n|move|p1b: Toxicroak|Close Combat|p2b: Tyranitar\n|-activate|p2b: Tyranitar|move: Protect\n|move|p2a: Archaludon|Dragon Pulse|p1b: Toxicroak\n|-damage|p1b: Toxicroak|0 fnt\n|faint|p1b: Toxicroak\n|move|p1a: Pelipper|Surf|p2b: Tyranitar|[spread] p2a\n|-activate|p2b: Tyranitar|move: Protect\n|-resisted|p2a: Archaludon|1\n|-damage|p2a: Archaludon|69/100\n|-ability|p2a: Archaludon|Stamina|boost\n|-boost|p2a: Archaludon|def|1\n|\n|-weather|Sandstorm|[upkeep]\n|-damage|p1a: Pelipper|20/100|[from] Sandstorm\n|upkeep\n|\n|t:|1776258325\n|switch|p1b: Meganium|Meganium, L50, M|100/100\n|turn|4\n|\n|t:|1776258332\n|detailschange|p1b: Meganium|Meganium-Mega, L50, M\n|-mega|p1b: Meganium|Meganium|Meganiumite\n|move|p1a: Pelipper|Protect|p1a: Pelipper\n|-singleturn|p1a: Pelipper|Protect\n|move|p1b: Meganium|Solar Beam||[still]\n|-prepare|p1b: Meganium|Solar Beam\n|-activate|p1b: Meganium|ability: Mega Sol\n|-anim|p1b: Meganium|Solar Beam|p2b: Tyranitar\n|-supereffective|p2b: Tyranitar|1\n|-damage|p2b: Tyranitar|0 fnt\n|faint|p2b: Tyranitar\n|move|p2a: Archaludon|Flash Cannon|p1b: Meganium\n|-supereffective|p1b: Meganium|1\n|-damage|p1b: Meganium|15/100\n|\n|-weather|Sandstorm|[upkeep]\n|-damage|p1b: Meganium|9/100|[from] Sandstorm\n|-damage|p1a: Pelipper|14/100|[from] Sandstorm\n|upkeep\n|\n|t:|1776258345\n|switch|p2b: Golurk|Golurk, L50|100/100\n|turn|5\n|inactive|Battle timer is ON: inactive players will automatically lose when time's up. (requested by tarn7)\n|\n|t:|1776258390\n|detailschange|p2b: Golurk|Golurk-Mega, L50\n|-mega|p2b: Golurk|Golurk|Golurkite\n|move|p1b: Meganium|Protect|p1b: Meganium\n|-singleturn|p1b: Meganium|Protect\n|move|p1a: Pelipper|Protect||[still]\n|-fail|p1a: Pelipper\n|move|p2b: Golurk|Protect|p2b: Golurk\n|-singleturn|p2b: Golurk|Protect\n|move|p2a: Archaludon|Dragon Pulse|p1a: Pelipper\n|-damage|p1a: Pelipper|0 fnt\n|faint|p1a: Pelipper\n|\n|-weather|Sandstorm|[upkeep]\n|-damage|p1b: Meganium|4/100|[from] Sandstorm\n|upkeep\n|\n|t:|1776258398\n|switch|p1a: Archaludon|Archaludon, L50, M|51/100\n|turn|6\n|\n|t:|1776258409\n|move|p1b: Meganium|Solar Beam||[still]\n|-prepare|p1b: Meganium|Solar Beam\n|-activate|p1b: Meganium|ability: Mega Sol\n|-anim|p1b: Meganium|Solar Beam|p2b: Golurk\n|-supereffective|p2b: Golurk|1\n|-damage|p2b: Golurk|0 fnt\n|faint|p2b: Golurk\n|move|p1a: Archaludon|Draco Meteor|p2a: Archaludon\n|-damage|p2a: Archaludon|0 fnt\n|-unboost|p1a: Archaludon|spa|2\n|faint|p2a: Archaludon\n|\n|win|Jmoneyzzzzz\n|raw|Jmoneyzzzzz's rating: 1172 &rarr; <strong>1199</strong><br />(+27 for winning)\n|raw|tarn7's rating: 1198 &rarr; <strong>1171</strong><br />(-27 for losing)\n|l|\u2606tarn7\n|player|p2|\n",
  "uploadtime": 1776258432,
  "views": 21,
  "formatid": "gen9championsvgc2026regma",
  "rating": 1171,
  "private": 0,
  "password": null
}