{
  "id": "gen9championsvgc2026regma-2586261054",
  "format": "[Gen 9 Champions] VGC 2026 Reg M-A",
  "players": [
    "storm93ita",
    "PapsziiHigh"
  ],
  "log": "|j|\u2606storm93ita\n|j|\u2606PapsziiHigh\n|t:|1776418615\n|gametype|doubles\n|player|p1|storm93ita|volkner|1052\n|player|p2|PapsziiHigh|101|1054\n|gen|9\n|tier|[Gen 9 Champions] VGC 2026 Reg M-A\n|rated|\n|rule|Species Clause: Limit one of each Pok\u00e9mon\n|rule|Item Clause: Limit 1 of each item\n|clearpoke\n|poke|p1|Dragonite, L50, F|\n|poke|p1|Basculegion, L50, M|\n|poke|p1|Archaludon, L50, M|\n|poke|p1|Meganium, L50, M|\n|poke|p1|Sneasler, L50, F|\n|poke|p1|Pelipper, L50, F|\n|poke|p2|Sableye, L50, M|\n|poke|p2|Kommo-o, L50, F|\n|poke|p2|Slowbro, L50, M|\n|poke|p2|Drampa, L50, F|\n|poke|p2|Lucario, L50, M|\n|poke|p2|Sinistcha, L50|\n|teampreview|4\n|inactive|Battle timer is ON: inactive players will automatically lose when time's up. (requested by storm93ita)\n|\n|t:|1776418640\n|teamsize|p1|4\n|teamsize|p2|4\n|start\n|switch|p1a: Dragonite|Dragonite, L50, F|100/100\n|switch|p1b: Pelipper|Pelipper, L50, F|100/100\n|switch|p2a: Sableye|Sableye, L50, M|100/100\n|switch|p2b: Drampa|Drampa, L50, F|100/100\n|-weather|RainDance|[from] ability: Drizzle|[of] p1b: Pelipper\n|-ability|p2b: Drampa|Cloud Nine\n|turn|1\n|\n|t:|1776418663\n|detailschange|p1a: Dragonite|Dragonite-Mega, L50, F\n|-mega|p1a: Dragonite|Dragonite|Dragoninite\n|move|p2a: Sableye|Reflect|p2a: Sableye\n|-sidestart|p2: PapsziiHigh|Reflect\n|move|p1a: Dragonite|Ice Beam|p2b: Drampa\n|-supereffective|p2b: Drampa|1\n|-damage|p2b: Drampa|31/100\n|move|p1b: Pelipper|Tailwind|p1b: Pelipper\n|-sidestart|p1: storm93ita|move: Tailwind\n|move|p2b: Drampa|Calm Mind|p2b: Drampa\n|-boost|p2b: Drampa|spa|1\n|-boost|p2b: Drampa|spd|1\n|\n|-weather|RainDance|[upkeep]\n|upkeep\n|turn|2\n|\n|t:|1776418680\n|switch|p1b: Archaludon|Archaludon, L50, M|100/100\n|move|p2b: Drampa|Protect|p2b: Drampa\n|-singleturn|p2b: Drampa|Protect\n|move|p2a: Sableye|Light Screen|p2a: Sableye\n|-sidestart|p2: PapsziiHigh|move: Light Screen\n|move|p1a: Dragonite|Ice Beam|p2b: Drampa\n|-activate|p2b: Drampa|move: Protect\n|\n|-weather|RainDance|[upkeep]\n|upkeep\n|turn|3\n|\n|t:|1776418694\n|detailschange|p2b: Drampa|Drampa-Mega, L50, F\n|-mega|p2b: Drampa|Drampa|Drampanite\n|move|p2a: Sableye|Quash|p1a: Dragonite\n|-activate|p1a: Dragonite|move: Quash\n|move|p1b: Archaludon|Electro Shot||[still]\n|-prepare|p1b: Archaludon|Electro Shot\n|-boost|p1b: Archaludon|spa|1\n|-anim|p1b: Archaludon|Electro Shot|p2a: Sableye\n|-damage|p2a: Sableye|53/100\n|move|p2b: Drampa|Dragon Pulse|p1a: Dragonite\n|-supereffective|p1a: Dragonite|1\n|-damage|p1a: Dragonite|42/100\n|move|p1a: Dragonite|Ice Beam|p2b: Drampa\n|-supereffective|p2b: Drampa|1\n|-damage|p2b: Drampa|8/100\n|\n|-weather|RainDance|[upkeep]\n|upkeep\n|turn|4\n|inactive|storm93ita has 30 seconds left.\n|\n|t:|1776418722\n|switch|p2a: Sinistcha|Sinistcha, L50|100/100\n|-heal|p2b: Drampa|33/100|[from] ability: Hospitality|[of] p2a: Sinistcha\n|move|p2b: Drampa|Protect|p2b: Drampa\n|-singleturn|p2b: Drampa|Protect\n|move|p1a: Dragonite|Hurricane|p2b: Drampa\n|-activate|p2b: Drampa|move: Protect\n|move|p1b: Archaludon|Electro Shot||[still]\n|-prepare|p1b: Archaludon|Electro Shot\n|-boost|p1b: Archaludon|spa|1\n|-anim|p1b: Archaludon|Electro Shot|p2a: Sinistcha\n|-resisted|p2a: Sinistcha|1\n|-damage|p2a: Sinistcha|75/100\n|\n|-weather|RainDance|[upkeep]\n|-sideend|p1: storm93ita|move: Tailwind\n|upkeep\n|turn|5\n|\n|t:|1776418747\n|move|p2a: Sinistcha|Rage Powder|p2a: Sinistcha\n|-singleturn|p2a: Sinistcha|move: Rage Powder\n|move|p1a: Dragonite|Ice Beam|p2a: Sinistcha\n|-supereffective|p2a: Sinistcha|1\n|-damage|p2a: Sinistcha|34/100\n|move|p1b: Archaludon|Draco Meteor|p2a: Sinistcha\n|-damage|p2a: Sinistcha|0 fnt\n|-unboost|p1b: Archaludon|spa|2\n|faint|p2a: Sinistcha\n|move|p2b: Drampa|Dragon Pulse|p1a: Dragonite\n|-supereffective|p1a: Dragonite|1\n|-damage|p1a: Dragonite|0 fnt\n|faint|p1a: Dragonite\n|\n|-weather|none\n|-sideend|p2: PapsziiHigh|Reflect\n|upkeep\n|\n|t:|1776418756\n|switch|p1a: Pelipper|Pelipper, L50, F|100/100\n|switch|p2a: Sableye|Sableye, L50, M|53/100\n|-weather|RainDance|[from] ability: Drizzle|[of] p1a: Pelipper\n|turn|6\n|\n|t:|1776418773\n|move|p2a: Sableye|Quash|p1b: Archaludon\n|-activate|p1b: Archaludon|move: Quash\n|move|p1a: Pelipper|Hurricane|p2b: Drampa\n|-crit|p2b: Drampa\n|-damage|p2b: Drampa|0 fnt\n|faint|p2b: Drampa\n|move|p1b: Archaludon|Electro Shot||[still]\n|-prepare|p1b: Archaludon|Electro Shot\n|-boost|p1b: Archaludon|spa|1\n|-anim|p1b: Archaludon|Electro Shot|p2a: Sableye\n|-damage|p2a: Sableye|2/100\n|\n|-weather|RainDance|[upkeep]\n|-sideend|p2: PapsziiHigh|move: Light Screen\n|upkeep\n|-message|PapsziiHigh forfeited.\n|\n|win|storm93ita\n|raw|storm93ita's rating: 1052 &rarr; <strong>1084</strong><br />(+32 for winning)\n|raw|PapsziiHigh's rating: 1054 &rarr; <strong>1036</strong><br />(-18 for losing)\n|l|\u2606PapsziiHigh\n|player|p2|\n",
  "uploadtime": 1776418784,
  "views": 16,
  "formatid": "gen9championsvgc2026regma",
  "rating": 1036,
  "private": 0,
  "password": null
}