{
  "id": "gen9championsvgc2026regma-2580774734",
  "format": "[Gen 9 Champions] VGC 2026 Reg M-A",
  "players": [
    "dreamsWGH",
    "MiraMiSwor"
  ],
  "log": "|j|\u2606dreamsWGH\n|j|\u2606MiraMiSwor\n|t:|1775931431\n|gametype|doubles\n|player|p1|dreamsWGH|lenora|1049\n|player|p2|MiraMiSwor|roxanne|1108\n|gen|9\n|tier|[Gen 9 Champions] VGC 2026 Reg M-A\n|rated|\n|rule|Species Clause: Limit one of each Pok\u00e9mon\n|rule|Item Clause: Limit 1 of each item\n|clearpoke\n|poke|p1|Aerodactyl, L50, M|\n|poke|p1|Basculegion, L50, M|\n|poke|p1|Incineroar, L50, F|\n|poke|p1|Garchomp, L50, M|\n|poke|p1|Orthworm, L50, F|\n|poke|p1|Froslass, L50, F|\n|poke|p2|Farigiraf, L50, M|\n|poke|p2|Gardevoir, L50, F|\n|poke|p2|Sinistcha, L50|\n|poke|p2|Chimecho, L50, F|\n|poke|p2|Whimsicott, L50, F|\n|poke|p2|Garchomp, L50, F|\n|teampreview|4\n|inactive|Battle timer is ON: inactive players will automatically lose when time's up. (requested by MiraMiSwor)\n|inactive|MiraMiSwor has 60 seconds left.\n|\n|t:|1775931484\n|teamsize|p1|4\n|teamsize|p2|4\n|start\n|switch|p1a: Orthworm|Orthworm, L50, F|100/100\n|switch|p1b: Garchomp|Garchomp, L50, M|100/100\n|switch|p2a: Farigiraf|Farigiraf, L50, M|100/100\n|switch|p2b: Sinistcha|Sinistcha, L50|100/100\n|turn|1\n|inactive|dreamsWGH has 30 seconds left.\n|inactive|MiraMiSwor has 30 seconds left.\n|inactive|dreamsWGH has 20 seconds left.\n|inactive|dreamsWGH has 15 seconds left.\n|inactive|dreamsWGH has 10 seconds left.\n|inactive|dreamsWGH has 5 seconds left.\n|\n|t:|1775931537\n|switch|p2b: Chimecho|Chimecho, L50, F|100/100\n|move|p1b: Garchomp|Earthquake|p2b: Chimecho|[spread] p2a\n|-immune|p1a: Orthworm|[from] ability: Earth Eater\n|-immune|p2b: Chimecho|[from] ability: Levitate\n|-crit|p2a: Farigiraf\n|-damage|p2a: Farigiraf|50/100\n|move|p1a: Orthworm|Shed Tail|p1a: Orthworm\n|-start|p1a: Orthworm|Substitute|[from] move: Shed Tail\n|-damage|p1a: Orthworm|50/100\n|-enditem|p1a: Orthworm|Sitrus Berry|[eat]\n|-heal|p1a: Orthworm|75/100|[from] item: Sitrus Berry\n|\n|t:|1775931550\n|switch|p1a: Froslass|Froslass, L50, F|100/100|[from] Shed Tail\n|move|p2a: Farigiraf|Trick Room|p2a: Farigiraf\n|-fieldstart|move: Trick Room|[of] p2a: Farigiraf\n|\n|upkeep\n|turn|2\n|c|\u2606MiraMiSwor|have seen this strat begore\n|c|\u2606MiraMiSwor|pretty cool ngl\n|inactive|MiraMiSwor has 30 seconds left.\n|inactive|dreamsWGH has 30 seconds left.\n|inactive|MiraMiSwor has 20 seconds left.\n|c|\u2606dreamsWGH|im happy to see a chimeco fan!\n|inactive|MiraMiSwor has 15 seconds left.\n|inactive|dreamsWGH has 20 seconds left.\n|\n|t:|1775931595\n|switch|p1b: Orthworm|Orthworm, L50, F|75/100\n|detailschange|p2b: Chimecho|Chimecho-Mega, L50, F\n|-mega|p2b: Chimecho|Chimecho|Chimechite\n|move|p1a: Froslass|Protect|p1a: Froslass\n|-singleturn|p1a: Froslass|Protect\n|move|p2a: Farigiraf|Psychic Terrain|p2a: Farigiraf\n|-fieldstart|move: Psychic Terrain\n|move|p2b: Chimecho|Calm Mind|p2b: Chimecho\n|-boost|p2b: Chimecho|spa|1\n|-boost|p2b: Chimecho|spd|1\n|\n|upkeep\n|turn|3\n|c|\u2606MiraMiSwor|really wanted to try it\n|inactive|dreamsWGH has 30 seconds left.\n|inactive|MiraMiSwor has 30 seconds left.\n|c|\u2606dreamsWGH|yeah its really neat!!\n|inactive|MiraMiSwor has 20 seconds left.\n|inactive|MiraMiSwor has 15 seconds left.\n|\n|t:|1775931638\n|detailschange|p1a: Froslass|Froslass-Mega, L50, F\n|-mega|p1a: Froslass|Froslass|Froslassite\n|-weather|Snowscape|[from] ability: Snow Warning|[of] p1a: Froslass\n|move|p2a: Farigiraf|Helping Hand|p2b: Chimecho\n|-singleturn|p2b: Chimecho|Helping Hand|[of] p2a: Farigiraf\n|move|p1b: Orthworm|Shed Tail|p1b: Orthworm\n|-start|p1b: Orthworm|Substitute|[from] move: Shed Tail\n|-damage|p1b: Orthworm|25/100\n|\n|t:|1775931651\n|switch|p1b: Garchomp|Garchomp, L50, M|100/100|[from] Shed Tail\n|move|p2b: Chimecho|Expanding Force|p1a: Froslass\n|-end|p1a: Froslass|Substitute\n|move|p1a: Froslass|Shadow Ball|p2b: Chimecho\n|-supereffective|p2b: Chimecho|1\n|-damage|p2b: Chimecho|59/100\n|\n|-weather|Snowscape|[upkeep]\n|upkeep\n|turn|4\n|inactive|dreamsWGH has 30 seconds left.\n|\n|t:|1775931682\n|switch|p2a: Sinistcha|Sinistcha, L50|100/100\n|-heal|p2b: Chimecho|84/100|[from] ability: Hospitality|[of] p2a: Sinistcha\n|move|p2b: Chimecho|Calm Mind|p2b: Chimecho\n|-boost|p2b: Chimecho|spa|1\n|-boost|p2b: Chimecho|spd|1\n|move|p1b: Garchomp|Dragon Claw|p2b: Chimecho\n|-resisted|p2b: Chimecho|1\n|-damage|p2b: Chimecho|64/100\n|move|p1a: Froslass|Shadow Ball|p2b: Chimecho\n|-supereffective|p2b: Chimecho|1\n|-damage|p2b: Chimecho|34/100\n|\n|-weather|Snowscape|[upkeep]\n|upkeep\n|turn|5\n|\n|t:|1775931704\n|move|p1b: Garchomp|Protect|p1b: Garchomp\n|-singleturn|p1b: Garchomp|Protect\n|move|p2b: Chimecho|Expanding Force|p1a: Froslass\n|-damage|p1a: Froslass|5/100\n|move|p2a: Sinistcha|Matcha Gotcha|p1b: Garchomp|[spread] p1a\n|-activate|p1b: Garchomp|move: Protect\n|-damage|p1a: Froslass|0 fnt\n|faint|p1a: Froslass\n|\n|-weather|Snowscape|[upkeep]\n|-fieldend|move: Trick Room\n|upkeep\n|\n|t:|1775931714\n|switch|p1a: Aerodactyl|Aerodactyl, L50, M|100/100\n|-ability|p1a: Aerodactyl|Unnerve\n|turn|6\n|\n|t:|1775931732\n|switch|p2a: Farigiraf|Farigiraf, L50, M|50/100\n|move|p2b: Chimecho|Protect|p2b: Chimecho\n|-singleturn|p2b: Chimecho|Protect\n|move|p1a: Aerodactyl|Rock Slide|p2a: Farigiraf|[spread] p2a\n|-activate|p2b: Chimecho|move: Protect\n|-damage|p2a: Farigiraf|26/100\n|move|p1b: Garchomp|Dragon Claw|p2b: Chimecho\n|-activate|p2b: Chimecho|move: Protect\n|\n|-weather|Snowscape|[upkeep]\n|-fieldend|move: Psychic Terrain\n|upkeep\n|turn|7\n|inactive|dreamsWGH has 30 seconds left.\n|\n|t:|1775931758\n|move|p1a: Aerodactyl|Rock Slide|p2a: Farigiraf|[spread] p2a,p2b\n|-resisted|p2b: Chimecho|1\n|-damage|p2a: Farigiraf|4/100\n|-damage|p2b: Chimecho|22/100\n|move|p1b: Garchomp|Dragon Claw|p2b: Chimecho\n|-resisted|p2b: Chimecho|1\n|-damage|p2b: Chimecho|0 fnt\n|faint|p2b: Chimecho\n|move|p2a: Farigiraf|Trick Room|p2a: Farigiraf\n|-fieldstart|move: Trick Room|[of] p2a: Farigiraf\n|\n|-weather|none\n|upkeep\n|\n|t:|1775931766\n|switch|p2b: Sinistcha|Sinistcha, L50|100/100\n|-heal|p2a: Farigiraf|29/100|[from] ability: Hospitality|[of] p2b: Sinistcha\n|turn|8\n|\n|t:|1775931787\n|move|p2a: Farigiraf|Helping Hand|p2b: Sinistcha\n|-singleturn|p2b: Sinistcha|Helping Hand|[of] p2a: Farigiraf\n|move|p1a: Aerodactyl|Protect|p1a: Aerodactyl\n|-singleturn|p1a: Aerodactyl|Protect\n|move|p2b: Sinistcha|Matcha Gotcha|p1a: Aerodactyl|[spread] p1b\n|-activate|p1a: Aerodactyl|move: Protect\n|-end|p1b: Garchomp|Substitute\n|move|p1b: Garchomp|Dragon Claw|p2a: Farigiraf\n|-damage|p2a: Farigiraf|0 fnt\n|faint|p2a: Farigiraf\n|\n|upkeep\n|\n|t:|1775931798\n|switch|p2a: Garchomp|Garchomp, L50, F|100/100\n|turn|9\n|\n|t:|1775931816\n|switch|p1a: Orthworm|Orthworm, L50, F|25/100\n|move|p2b: Sinistcha|Rage Powder|p2b: Sinistcha\n|-singleturn|p2b: Sinistcha|move: Rage Powder\n|move|p2a: Garchomp|Rock Slide|p1a: Orthworm|[spread] p1a,p1b\n|-resisted|p1a: Orthworm|1\n|-resisted|p1b: Garchomp|1\n|-damage|p1a: Orthworm|19/100\n|-damage|p1b: Garchomp|91/100\n|move|p1b: Garchomp|Earthquake|p2a: Garchomp|[spread] p2a,p2b\n|-heal|p1a: Orthworm|43/100|[from] ability: Earth Eater|[of] p1b: Garchomp\n|-resisted|p2b: Sinistcha|1\n|-damage|p2a: Garchomp|58/100\n|-damage|p2b: Sinistcha|83/100\n|\n|-heal|p2b: Sinistcha|89/100|[from] item: Leftovers\n|upkeep\n|turn|10\n|inactive|MiraMiSwor has 30 seconds left.\n|inactive|dreamsWGH has 30 seconds left.\n|\n|t:|1775931849\n|move|p1a: Orthworm|Heavy Slam|p2b: Sinistcha\n|-crit|p2b: Sinistcha\n|-damage|p2b: Sinistcha|39/100\n|move|p2b: Sinistcha|Strength Sap|p1b: Garchomp\n|-unboost|p1b: Garchomp|atk|1\n|-heal|p2b: Sinistcha|100/100\n|-enditem|p1b: Garchomp|White Herb\n|-clearnegativeboost|p1b: Garchomp|[silent]\n|move|p1b: Garchomp|Earthquake|p2b: Sinistcha|[spread] p2a,p2b\n|-heal|p1a: Orthworm|68/100|[from] ability: Earth Eater|[of] p1b: Garchomp\n|-resisted|p2b: Sinistcha|1\n|-damage|p2a: Garchomp|19/100\n|-damage|p2b: Sinistcha|84/100\n|-enditem|p2a: Garchomp|Sitrus Berry|[eat]\n|-heal|p2a: Garchomp|43/100|[from] item: Sitrus Berry\n|move|p2a: Garchomp|Dragon Claw|p1a: Orthworm\n|-resisted|p1a: Orthworm|1\n|-damage|p1a: Orthworm|55/100\n|\n|-heal|p2b: Sinistcha|90/100|[from] item: Leftovers\n|upkeep\n|turn|11\n|\n|t:|1775931871\n|move|p1b: Garchomp|Protect|p1b: Garchomp\n|-singleturn|p1b: Garchomp|Protect\n|move|p2b: Sinistcha|Rage Powder|p2b: Sinistcha\n|-singleturn|p2b: Sinistcha|move: Rage Powder\n|move|p1a: Orthworm|Body Press|p2b: Sinistcha\n|-immune|p2b: Sinistcha\n|move|p2a: Garchomp|Dragon Claw|p1b: Garchomp\n|-activate|p1b: Garchomp|move: Protect\n|\n|-heal|p2b: Sinistcha|96/100|[from] item: Leftovers\n|-fieldend|move: Trick Room\n|upkeep\n|turn|12\n|inactive|dreamsWGH has 30 seconds left.\n|\n|t:|1775931898\n|move|p2b: Sinistcha|Rage Powder|p2b: Sinistcha\n|-singleturn|p2b: Sinistcha|move: Rage Powder\n|move|p2a: Garchomp|Dragon Claw|p1b: Garchomp\n|-supereffective|p1b: Garchomp|1\n|-damage|p1b: Garchomp|11/100\n|-damage|p2a: Garchomp|31/100|[from] ability: Rough Skin|[of] p1b: Garchomp\n|move|p1b: Garchomp|Earthquake|p2b: Sinistcha|[spread] p2a,p2b\n|-heal|p1a: Orthworm|80/100|[from] ability: Earth Eater|[of] p1b: Garchomp\n|-resisted|p2b: Sinistcha|1\n|-damage|p2a: Garchomp|0 fnt\n|-damage|p2b: Sinistcha|80/100\n|faint|p2a: Garchomp\n|move|p1a: Orthworm|Shed Tail|p1a: Orthworm\n|-start|p1a: Orthworm|Substitute|[from] move: Shed Tail\n|-damage|p1a: Orthworm|29/100\n|\n|t:|1775931908\n|switch|p1a: Aerodactyl|Aerodactyl, L50, M|100/100|[from] Shed Tail\n|-ability|p1a: Aerodactyl|Unnerve\n|\n|-heal|p2b: Sinistcha|86/100|[from] item: Leftovers\n|upkeep\n|turn|13\n|\n|t:|1775931913\n|move|p1a: Aerodactyl|Dual Wingbeat|p2b: Sinistcha\n|-supereffective|p2b: Sinistcha|1\n|-damage|p2b: Sinistcha|53/100\n|-supereffective|p2b: Sinistcha|1\n|-damage|p2b: Sinistcha|18/100\n|-hitcount|p2b: Sinistcha|2\n|move|p1b: Garchomp|Dragon Claw|p2b: Sinistcha\n|-damage|p2b: Sinistcha|0 fnt\n|faint|p2b: Sinistcha\n|\n|win|dreamsWGH\n|raw|dreamsWGH's rating: 1049 &rarr; <strong>1087</strong><br />(+38 for winning)\n|raw|MiraMiSwor's rating: 1108 &rarr; <strong>1079</strong><br />(-29 for losing)\n|c|\u2606MiraMiSwor|wp\n|c|\u2606dreamsWGH|gg\n|l|\u2606MiraMiSwor\n|player|p2|\n|c|\u2606dreamsWGH|you made it tough\n",
  "uploadtime": 1775931930,
  "views": 26,
  "formatid": "gen9championsvgc2026regma",
  "rating": 1079,
  "private": 0,
  "password": null
}