{
  "id": "gen9championsvgc2026regma-2586539111",
  "format": "[Gen 9 Champions] VGC 2026 Reg M-A",
  "players": [
    "Vandal_Breaker",
    "TethysPersevere"
  ],
  "log": "|j|\u2606Vandal_Breaker\n|j|\u2606TethysPersevere\n|t:|1776441615\n|gametype|doubles\n|player|p1|Vandal_Breaker|266|1176\n|player|p2|TethysPersevere|lucas-gen4pt|1199\n|gen|9\n|tier|[Gen 9 Champions] VGC 2026 Reg M-A\n|rated|\n|rule|Species Clause: Limit one of each Pok\u00e9mon\n|rule|Item Clause: Limit 1 of each item\n|clearpoke\n|poke|p1|Golurk, L50|\n|poke|p1|Kingambit, L50, M|\n|poke|p1|Drampa, L50, M|\n|poke|p1|Farigiraf, L50, M|\n|poke|p1|Torkoal, L50, F|\n|poke|p1|Slowbro, L50, M|\n|poke|p2|Empoleon, L50, F|\n|poke|p2|Sinistcha, L50|\n|poke|p2|Incineroar, L50, F|\n|poke|p2|Chimecho, L50, M|\n|poke|p2|Tyranitar, L50, F|\n|poke|p2|Kommo-o, L50, M|\n|teampreview|4\n|inactive|Battle timer is ON: inactive players will automatically lose when time's up. (requested by Vandal_Breaker)\n|inactive|Vandal_Breaker has 60 seconds left.\n|inactive|TethysPersevere has 60 seconds left.\n|inactive|Vandal_Breaker has 30 seconds left.\n|inactive|Vandal_Breaker has 20 seconds left.\n|inactive|TethysPersevere has 30 seconds left.\n|\n|t:|1776441695\n|teamsize|p1|4\n|teamsize|p2|4\n|start\n|switch|p1a: Farigiraf|Farigiraf, L50, M|100/100\n|switch|p1b: Golurk|Golurk, L50|100/100\n|switch|p2a: Sinistcha|Sinistcha, L50|100/100\n|switch|p2b: Tyranitar|Tyranitar, L50, F|100/100\n|-weather|Sandstorm|[from] ability: Sand Stream|[of] p2b: Tyranitar\n|turn|1\n|inactive|Vandal_Breaker has 30 seconds left.\n|inactive|TethysPersevere has 30 seconds left.\n|inactive|TethysPersevere has 20 seconds left.\n|inactive|TethysPersevere has 15 seconds left.\n|\n|t:|1776441738\n|detailschange|p1b: Golurk|Golurk-Mega, L50\n|-mega|p1b: Golurk|Golurk|Golurkite\n|move|p1a: Farigiraf|Protect|p1a: Farigiraf\n|-singleturn|p1a: Farigiraf|Protect\n|move|p2a: Sinistcha|Matcha Gotcha|p1a: Farigiraf|[spread] p1b\n|-activate|p1a: Farigiraf|move: Protect\n|-supereffective|p1b: Golurk|1\n|-damage|p1b: Golurk|57/100\n|move|p1b: Golurk|Headlong Rush|p2b: Tyranitar\n|-supereffective|p2b: Tyranitar|1\n|-damage|p2b: Tyranitar|0 fnt\n|-unboost|p1b: Golurk|def|1\n|-unboost|p1b: Golurk|spd|1\n|faint|p2b: Tyranitar\n|\n|-weather|Sandstorm|[upkeep]\n|-damage|p2a: Sinistcha|94/100|[from] Sandstorm\n|-damage|p1a: Farigiraf|94/100|[from] Sandstorm\n|upkeep\n|\n|t:|1776441757\n|switch|p2b: Chimecho|Chimecho, L50, M|100/100\n|turn|2\n|\n|t:|1776441771\n|switch|p1b: Torkoal|Torkoal, L50, F|100/100\n|-weather|SunnyDay|[from] ability: Drought|[of] p1b: Torkoal\n|detailschange|p2b: Chimecho|Chimecho-Mega, L50, M\n|-mega|p2b: Chimecho|Chimecho|Chimechite\n|move|p2a: Sinistcha|Matcha Gotcha|p1a: Farigiraf|[spread] p1a,p1b\n|-resisted|p1b: Torkoal|1\n|-damage|p1a: Farigiraf|70/100\n|-heal|p2a: Sinistcha|100/100|[from] drain|[of] p1a: Farigiraf\n|-damage|p1b: Torkoal|84/100\n|-status|p1a: Farigiraf|brn\n|move|p2b: Chimecho|Psychic|p1b: Torkoal\n|-damage|p1b: Torkoal|11/100\n|move|p1a: Farigiraf|Trick Room|p1a: Farigiraf\n|-fieldstart|move: Trick Room|[of] p1a: Farigiraf\n|\n|-weather|SunnyDay|[upkeep]\n|-damage|p1a: Farigiraf|64/100 brn|[from] brn\n|upkeep\n|turn|3\n|inactive|Vandal_Breaker has 30 seconds left.\n|\n|t:|1776441799\n|move|p1a: Farigiraf|Helping Hand|p1b: Torkoal\n|-singleturn|p1b: Torkoal|Helping Hand|[of] p1a: Farigiraf\n|move|p1b: Torkoal|Weather Ball|p2b: Chimecho\n|-supereffective|p2b: Chimecho|1\n|-crit|p2b: Chimecho\n|-damage|p2b: Chimecho|0 fnt\n|faint|p2b: Chimecho\n|move|p2a: Sinistcha|Matcha Gotcha|p1b: Torkoal|[spread] p1a\n|-miss|p2a: Sinistcha|p1b: Torkoal\n|-damage|p1a: Farigiraf|38/100 brn\n|-enditem|p1a: Farigiraf|Sitrus Berry|[eat]\n|-heal|p1a: Farigiraf|62/100 brn|[from] item: Sitrus Berry\n|\n|-weather|SunnyDay|[upkeep]\n|-damage|p1a: Farigiraf|56/100 brn|[from] brn\n|upkeep\n|\n|t:|1776441814\n|switch|p2b: Kommo-o|Kommo-o, L50, M|100/100\n|turn|4\n|inactive|Vandal_Breaker has 30 seconds left.\n|\n|t:|1776441840\n|move|p1a: Farigiraf|Helping Hand|p1b: Torkoal\n|-singleturn|p1b: Torkoal|Helping Hand|[of] p1a: Farigiraf\n|move|p2a: Sinistcha|Rage Powder|p2a: Sinistcha\n|-singleturn|p2a: Sinistcha|move: Rage Powder\n|move|p1b: Torkoal|Weather Ball|p2a: Sinistcha\n|-supereffective|p2a: Sinistcha|1\n|-enditem|p2a: Sinistcha|Focus Sash\n|-damage|p2a: Sinistcha|1/100\n|move|p2b: Kommo-o|Clangorous Soul|p2b: Kommo-o\n|-boost|p2b: Kommo-o|atk|1\n|-boost|p2b: Kommo-o|def|1\n|-boost|p2b: Kommo-o|spa|1\n|-boost|p2b: Kommo-o|spd|1\n|-boost|p2b: Kommo-o|spe|1\n|-damage|p2b: Kommo-o|68/100\n|\n|-weather|SunnyDay|[upkeep]\n|-heal|p2b: Kommo-o|74/100|[from] item: Leftovers\n|-damage|p1a: Farigiraf|50/100 brn|[from] brn\n|upkeep\n|turn|5\n|inactive|Vandal_Breaker has 30 seconds left.\n|inactive|Vandal_Breaker has 20 seconds left.\n|\n|t:|1776441877\n|switch|p1a: Drampa|Drampa, L50, M|100/100\n|move|p1b: Torkoal|Protect|p1b: Torkoal\n|-singleturn|p1b: Torkoal|Protect\n|move|p2b: Kommo-o|Protect|p2b: Kommo-o\n|-singleturn|p2b: Kommo-o|Protect\n|move|p2a: Sinistcha|Life Dew|p2a: Sinistcha|[spread] p2a,p2b\n|-heal|p2a: Sinistcha|26/100\n|-heal|p2b: Kommo-o|99/100\n|\n|-weather|SunnyDay|[upkeep]\n|-heal|p2b: Kommo-o|100/100|[from] item: Leftovers\n|upkeep\n|turn|6\n|\n|t:|1776441900\n|move|p2a: Sinistcha|Rage Powder|p2a: Sinistcha\n|-singleturn|p2a: Sinistcha|move: Rage Powder\n|move|p1b: Torkoal|Weather Ball|p2a: Sinistcha\n|-supereffective|p2a: Sinistcha|1\n|-damage|p2a: Sinistcha|0 fnt\n|faint|p2a: Sinistcha\n|move|p1a: Drampa|Dragon Pulse|p2b: Kommo-o\n|-supereffective|p2b: Kommo-o|1\n|-damage|p2b: Kommo-o|44/100\n|move|p2b: Kommo-o|Clangorous Soul|p2b: Kommo-o\n|-boost|p2b: Kommo-o|atk|1\n|-boost|p2b: Kommo-o|def|1\n|-boost|p2b: Kommo-o|spa|1\n|-boost|p2b: Kommo-o|spd|1\n|-boost|p2b: Kommo-o|spe|1\n|-damage|p2b: Kommo-o|11/100\n|\n|-weather|none\n|-heal|p2b: Kommo-o|17/100|[from] item: Leftovers\n|-fieldend|move: Trick Room\n|upkeep\n|turn|7\n|inactive|Vandal_Breaker has 30 seconds left.\n|\n|t:|1776441932\n|move|p1a: Drampa|Protect|p1a: Drampa\n|-singleturn|p1a: Drampa|Protect\n|move|p2b: Kommo-o|Clanging Scales|p1b: Torkoal|[spread] p1b\n|-activate|p1a: Drampa|move: Protect\n|-crit|p1b: Torkoal\n|-damage|p1b: Torkoal|0 fnt\n|faint|p1b: Torkoal\n|-unboost|p2b: Kommo-o|def|1\n|\n|-heal|p2b: Kommo-o|23/100|[from] item: Leftovers\n|upkeep\n|inactive|Vandal_Breaker has 30 seconds left.\n|inactive|Vandal_Breaker has 20 seconds left.\n|inactive|Vandal_Breaker has 15 seconds left.\n|\n|t:|1776441975\n|switch|p1b: Golurk|Golurk-Mega, L50|57/100\n|turn|8\n|\n|t:|1776441983\n|move|p2b: Kommo-o|Clanging Scales|p1a: Drampa|[spread] p1a,p1b\n|-supereffective|p1a: Drampa|1\n|-damage|p1a: Drampa|0 fnt\n|-damage|p1b: Golurk|0 fnt\n|faint|p1a: Drampa\n|faint|p1b: Golurk\n|-unboost|p2b: Kommo-o|def|1\n|\n|-heal|p2b: Kommo-o|29/100|[from] item: Leftovers\n|upkeep\n|-message|Vandal_Breaker forfeited.\n|\n|win|TethysPersevere\n|raw|Vandal_Breaker's rating: 1176 &rarr; <strong>1153</strong><br />(-23 for losing)\n|raw|TethysPersevere's rating: 1199 &rarr; <strong>1222</strong><br />(+23 for winning)\n|l|\u2606Vandal_Breaker\n|player|p1|\n",
  "uploadtime": 1776441995,
  "views": 25,
  "formatid": "gen9championsvgc2026regma",
  "rating": 1153,
  "private": 0,
  "password": null
}