{
  "id": "gen9championsvgc2026regma-2580507237",
  "format": "[Gen 9 Champions] VGC 2026 Reg M-A",
  "players": [
    "Hazard Of Master",
    "namboyVGC"
  ],
  "log": "|j|\u2606Hazard Of Master\n|j|\u2606namboyVGC\n|t:|1775906420\n|gametype|doubles\n|player|p1|Hazard Of Master|rocketgruntf|1000\n|player|p2|namboyVGC|pokemonranger-gen4|1000\n|gen|9\n|tier|[Gen 9 Champions] VGC 2026 Reg M-A\n|rated|\n|rule|Species Clause: Limit one of each Pok\u00e9mon\n|rule|Item Clause: Limit 1 of each item\n|clearpoke\n|poke|p1|Froslass, L50, F|\n|poke|p1|Rotom-Frost, L50|\n|poke|p1|Sneasler, L50, F|\n|poke|p1|Gengar, L50, F|\n|poke|p1|Incineroar, L50, F|\n|poke|p1|Araquanid, L50, M|\n|poke|p2|Aerodactyl, L50, F|\n|poke|p2|Sableye, L50, F|\n|poke|p2|Clefable, L50, F|\n|poke|p2|Garchomp, L50, F|\n|poke|p2|Froslass, L50, F|\n|poke|p2|Orthworm, L50, F|\n|teampreview|4\nnamboyVGC has agreed to open team sheets.\n|\n|t:|1775906480\n|teamsize|p1|4\n|teamsize|p2|4\n|start\n|switch|p1a: Gengar|Gengar, L50, F|100/100\n|switch|p1b: Incineroar|Incineroar, L50, F|100/100\n|switch|p2a: Clefable|Clefable, L50, F|100/100\n|switch|p2b: Froslass|Froslass, L50, F|100/100\n|-ability|p1b: Incineroar|Intimidate|boost\n|-unboost|p2a: Clefable|atk|1\n|-unboost|p2b: Froslass|atk|1\n|turn|1\n|\n|t:|1775906522\n|detailschange|p1a: Gengar|Gengar-Mega, L50, F\n|-mega|p1a: Gengar|Gengar|Gengarite\n|move|p2b: Froslass|Protect|p2b: Froslass\n|-singleturn|p2b: Froslass|Protect\n|move|p2a: Clefable|Protect|p2a: Clefable\n|-singleturn|p2a: Clefable|Protect\n|move|p1b: Incineroar|Fake Out|p2a: Clefable\n|-activate|p2a: Clefable|move: Protect\n|move|p1a: Gengar|Shadow Ball|p2b: Froslass\n|-activate|p2b: Froslass|move: Protect\n|\n|upkeep\n|turn|2\n|\n|t:|1775906553\n|move|p2a: Clefable|Follow Me|p2a: Clefable\n|-singleturn|p2a: Clefable|move: Follow Me\n|move|p1a: Gengar|Sludge Bomb|p2a: Clefable\n|-supereffective|p2a: Clefable|1\n|-damage|p2a: Clefable|0 fnt\n|faint|p2a: Clefable\n|move|p2b: Froslass|Nasty Plot|p2b: Froslass\n|-boost|p2b: Froslass|spa|2\n|move|p1b: Incineroar|Flare Blitz|p2b: Froslass\n|-supereffective|p2b: Froslass|1\n|-damage|p2b: Froslass|0 fnt\n|faint|p2b: Froslass\n|-damage|p1b: Incineroar|76/100|[from] Recoil\n|\n|upkeep\n|\n|t:|1775906568\n|switch|p2b: Garchomp|Garchomp, L50, F|100/100\n|switch|p2a: Aerodactyl|Aerodactyl, L50, F|100/100\n|turn|3\n|\n|t:|1775906595\n|detailschange|p2a: Aerodactyl|Aerodactyl-Mega, L50, F\n|-mega|p2a: Aerodactyl|Aerodactyl|Aerodactylite\n|move|p2a: Aerodactyl|Rock Slide|p1b: Incineroar|[spread] p1a,p1b\n|-supereffective|p1b: Incineroar|1\n|-damage|p1a: Gengar|44/100\n|-damage|p1b: Incineroar|10/100\n|-enditem|p1b: Incineroar|Sitrus Berry|[eat]\n|-heal|p1b: Incineroar|35/100|[from] item: Sitrus Berry\n|move|p1a: Gengar|Perish Song|p1a: Gengar\n|-start|p1a: Gengar|perish3|[silent]\n|-start|p1b: Incineroar|perish3|[silent]\n|-start|p2a: Aerodactyl|perish3|[silent]\n|-start|p2b: Garchomp|perish3|[silent]\n|-fieldactivate|move: Perish Song\n|move|p2b: Garchomp|Earthquake|p1a: Gengar|[spread] p1a,p1b\n|-immune|p2a: Aerodactyl\n|-supereffective|p1a: Gengar|1\n|-supereffective|p1b: Incineroar|1\n|-damage|p1a: Gengar|0 fnt\n|-damage|p1b: Incineroar|0 fnt\n|faint|p1a: Gengar\n|faint|p1b: Incineroar\n|\n|-start|p2a: Aerodactyl|perish3\n|-start|p2b: Garchomp|perish3\n|upkeep\n|\n|t:|1775906616\n|switch|p1a: Rotom|Rotom-Frost, L50|100/100\n|switch|p1b: Araquanid|Araquanid, L50, M|100/100\n|turn|4\n|\n|t:|1775906627\n|move|p1b: Araquanid|Wide Guard|p1b: Araquanid\n|-singleturn|p1b: Araquanid|Wide Guard\n|move|p1a: Rotom|Trick|p2b: Garchomp\n|-activate|p1a: Rotom|move: Trick|[of] p2b: Garchomp\n|-item|p2b: Garchomp|Choice Scarf|[from] move: Trick\n|-item|p1a: Rotom|Soft Sand|[from] move: Trick\n|move|p2b: Garchomp|Dragon Claw|p1a: Rotom\n|-damage|p1a: Rotom|44/100\n|move|p2a: Aerodactyl|Rock Slide|p1b: Araquanid|[spread] \n|-activate|p1a: Rotom|move: Wide Guard\n|-activate|p1b: Araquanid|move: Wide Guard\n|\n|-start|p2b: Garchomp|perish2\n|-start|p2a: Aerodactyl|perish2\n|upkeep\n|turn|5\n|\n|t:|1775906654\n|move|p1b: Araquanid|Wide Guard|p1b: Araquanid\n|-singleturn|p1b: Araquanid|Wide Guard\n|move|p2b: Garchomp|Dragon Claw|p1b: Araquanid\n|-damage|p1b: Araquanid|57/100\n|move|p2a: Aerodactyl|Dragon Claw|p1b: Araquanid\n|-damage|p1b: Araquanid|15/100\n|move|p1a: Rotom|Blizzard|p2a: Aerodactyl|[spread] p2b\n|-miss|p1a: Rotom|p2a: Aerodactyl\n|-supereffective|p2b: Garchomp|2\n|-damage|p2b: Garchomp|0 fnt\n|faint|p2b: Garchomp\n|\n|-start|p2a: Aerodactyl|perish1\n|upkeep\n|turn|6\n|\n|t:|1775906672\n|move|p1b: Araquanid|Wide Guard|p1b: Araquanid\n|-singleturn|p1b: Araquanid|Wide Guard\n|move|p2a: Aerodactyl|Rock Slide|p1b: Araquanid|[spread] \n|-activate|p1a: Rotom|move: Wide Guard\n|-activate|p1b: Araquanid|move: Wide Guard\n|move|p1a: Rotom|Thunderbolt|p2a: Aerodactyl\n|-supereffective|p2a: Aerodactyl|1\n|-damage|p2a: Aerodactyl|4/100\n|\n|-start|p2a: Aerodactyl|perish0\n|faint|p2a: Aerodactyl\n|\n|win|Hazard Of Master\n|raw|Hazard Of Master's rating: 1000 &rarr; <strong>1040</strong><br />(+40 for winning)\n|raw|namboyVGC's rating: 1000 &rarr; <strong>1000</strong><br />(+0 for losing)\n",
  "uploadtime": 1775906672,
  "views": 16,
  "formatid": "gen9championsvgc2026regma",
  "rating": 1000,
  "private": 0,
  "password": null
}