{
  "id": "gen9championsvgc2026regma-2588296626",
  "format": "[Gen 9 Champions] VGC 2026 Reg M-A",
  "players": [
    "Hitmonjon",
    "ppyyy-inertia"
  ],
  "log": "|j|\u2606Hitmonjon\n|j|\u2606ppyyy-inertia\n|html|<table width=\"100%\"><tr><td align=\"left\">Hitmonjon</td><td align=\"right\">ppyyy-inertia</tr><tr><td align=\"left\"><i class=\"fa fa-circle\"></i> <i class=\"fa fa-circle-o\"></i> </td><td align=\"right\"><i class=\"fa fa-circle-o\"></i> <i class=\"fa fa-circle-o\"></i> </tr></table>\n|uhtml|bestof|<h2><strong>Game 2</strong> of <a href=\"/game-bestof3-gen9championsvgc2026regma-2588292110\">a best-of-3</a></h2>\n|t:|1776621910\n|gametype|doubles\n|player|p1|Hitmonjon|170|\n|player|p2|ppyyy-inertia|elesa-gen5bw2|\n|gen|9\n|tier|[Gen 9 Champions] VGC 2026 Reg M-A\n|rated|Tournament battle\n|rule|Species Clause: Limit one of each Pok\u00e9mon\n|rule|Item Clause: Limit 1 of each item\n|raw|<div class=\"infobox\"><details class=\"readmore\" open><summary><strong>1 custom rule:</strong></summary> Best of = 3</details></div>\n|clearpoke\n|poke|p1|Scovillain, L50, F|\n|poke|p1|Palafin, L50, M|\n|poke|p1|Rotom-Heat, L50|\n|poke|p1|Garchomp, L50, M|\n|poke|p1|Gardevoir, L50, F|\n|poke|p1|Kingambit, L50, M|\n|poke|p2|Incineroar, L50, F|\n|poke|p2|Floette-Eternal, L50, F, shiny|\n|poke|p2|Zoroark-Hisui, L50, F, shiny|\n|poke|p2|Tinkaton, L50, F, shiny|\n|poke|p2|Dragonite, L50, M, shiny|\n|poke|p2|Garchomp, L50, F|\n|teampreview|4\n|j| 138mysx\n|inactive|Battle timer is ON: inactive players will automatically lose when time's up. (requested by Hitmonjon)\n|\n|t:|1776621939\n|teamsize|p1|4\n|teamsize|p2|4\n|start\n|switch|p1a: Scovillain|Scovillain, L50, F|100/100\n|switch|p1b: Palafin|Palafin, L50, M|100/100\n|switch|p2a: Garchomp|Garchomp, L50, F|100/100\n|switch|p2b: Incineroar|Incineroar, L50, F|100/100\n|-ability|p2b: Incineroar|Intimidate|boost\n|-unboost|p1a: Scovillain|atk|1\n|-unboost|p1b: Palafin|atk|1\n|turn|1\n|inactive|Hitmonjon has 30 seconds left.\n|j| porygon-epilepz\n|\n|t:|1776621970\n|detailschange|p1a: Scovillain|Scovillain-Mega, L50, F\n|-mega|p1a: Scovillain|Scovillain|Scovillainite\n|move|p1b: Palafin|Protect|p1b: Palafin\n|-singleturn|p1b: Palafin|Protect\n|move|p2a: Garchomp|Rock Slide|p1b: Palafin|[spread] \n|-activate|p1b: Palafin|move: Protect\n|-miss|p2a: Garchomp|p1a: Scovillain\n|move|p1a: Scovillain|Leech Seed|p2a: Garchomp\n|-start|p2a: Garchomp|move: Leech Seed\n|move|p2b: Incineroar|Flare Blitz|p1a: Scovillain\n|-damage|p1a: Scovillain|62/100\n|-immune|p2b: Incineroar\n|-damage|p2b: Incineroar|90/100|[from] Recoil\n|\n|-damage|p2a: Garchomp|88/100|[from] Leech Seed|[of] p1a: Scovillain\n|-heal|p1a: Scovillain|77/100|[silent]\n|upkeep\n|turn|2\n|inactive|Hitmonjon has 30 seconds left.\n|\n|t:|1776621995\n|switch|p2a: Floette|Floette-Eternal, L50, F, shiny|100/100\n|detailschange|p1b: Palafin|Palafin-Hero, L50, M\n|switch|p1b: Gardevoir|Gardevoir, L50, F|100/100\n|move|p1a: Scovillain|Protect|p1a: Scovillain\n|-singleturn|p1a: Scovillain|Protect\n|move|p2b: Incineroar|Parting Shot|p1b: Gardevoir\n|-unboost|p1b: Gardevoir|atk|1\n|-unboost|p1b: Gardevoir|spa|1\n|\n|t:|1776622002\n|switch|p2b: Garchomp|Garchomp, L50, F|88/100|[from] Parting Shot\n|\n|upkeep\n|turn|3\n|\n|t:|1776622012\n|detailschange|p2a: Floette|Floette-Mega, L50, F, shiny\n|-mega|p2a: Floette|Floette|Floettite\n|-ability|p2a: Floette|Fairy Aura\n|move|p1b: Gardevoir|Moonblast|p2b: Garchomp\n|-supereffective|p2b: Garchomp|1\n|-damage|p2b: Garchomp|7/100\n|move|p2b: Garchomp|Rock Slide|p1a: Scovillain|[spread] p1a\n|-miss|p2b: Garchomp|p1b: Gardevoir\n|-supereffective|p1a: Scovillain|1\n|-damage|p1a: Scovillain|39/100\n|-status|p2b: Garchomp|brn|[from] ability: Spicy Spray|[of] p1a: Scovillain\n|move|p2a: Floette|Moonblast|p1a: Scovillain\n|-resisted|p1a: Scovillain|1\n|-damage|p1a: Scovillain|4/100\n|-status|p2a: Floette|brn|[from] ability: Spicy Spray|[of] p1a: Scovillain\n|move|p1a: Scovillain|Leech Seed|p2a: Floette\n|-start|p2a: Floette|move: Leech Seed\n|\n|-damage|p2a: Floette|88/100 brn|[from] Leech Seed|[of] p1a: Scovillain\n|-heal|p1a: Scovillain|17/100|[silent]\n|-damage|p2b: Garchomp|0 fnt|[from] brn\n|faint|p2b: Garchomp\n|-damage|p2a: Floette|82/100 brn|[from] brn\n|upkeep\n|l| porygon-epilepz\n|j| Rolling Stonedge\n|\n|t:|1776622031\n|switch|p2b: Dragonite|Dragonite, L50, M, shiny|100/100\n|turn|4\n|j| BaelorStark\n|\n|t:|1776622048\n|switch|p1b: Rotom|Rotom-Heat, L50|100/100\n|switch|p2a: Incineroar|Incineroar, L50, F|90/100\n|-ability|p2a: Incineroar|Intimidate|boost\n|-unboost|p1a: Scovillain|atk|1\n|-unboost|p1b: Rotom|atk|1\n|move|p2b: Dragonite|Protect|p2b: Dragonite\n|-singleturn|p2b: Dragonite|Protect\n|move|p1a: Scovillain|Protect||[still]\n|-fail|p1a: Scovillain\n|\n|upkeep\n|turn|5\n|\n|t:|1776622071\n|switch|p1a: Gardevoir|Gardevoir, L50, F|100/100\n|move|p2b: Dragonite|Scale Shot|p1b: Rotom\n|-damage|p1b: Rotom|81/100\n|-damage|p1b: Rotom|61/100\n|-hitcount|p1b: Rotom|2\n|-unboost|p2b: Dragonite|def|1\n|-boost|p2b: Dragonite|spe|1\n|move|p1b: Rotom|Volt Switch|p2b: Dragonite\n|-damage|p2b: Dragonite|82/100\n|\n|t:|1776622088\n|switch|p1b: Scovillain|Scovillain-Mega, L50, F|17/100|[from] Volt Switch\n|move|p2a: Incineroar|Flare Blitz|p1a: Gardevoir\n|-damage|p1a: Gardevoir|15/100\n|-damage|p2a: Incineroar|69/100|[from] Recoil\n|\n|upkeep\n|turn|6\n|inactive|Hitmonjon has 30 seconds left.\n|inactive|ppyyy-inertia has 30 seconds left.\n|inactive|Hitmonjon has 20 seconds left.\n|inactive|Hitmonjon has 15 seconds left.\n|inactive|Hitmonjon has 10 seconds left.\n|\n|t:|1776622136\n|switch|p1b: Rotom|Rotom-Heat, L50|61/100\n|move|p2b: Dragonite|Protect|p2b: Dragonite\n|-singleturn|p2b: Dragonite|Protect\n|move|p1a: Gardevoir|Moonblast|p2b: Dragonite\n|-activate|p2b: Dragonite|move: Protect\n|move|p2a: Incineroar|Parting Shot|p1a: Gardevoir\n|-unboost|p1a: Gardevoir|atk|1\n|-unboost|p1a: Gardevoir|spa|1\n|\n|t:|1776622140\n|switch|p2a: Floette|Floette-Mega, L50, F, shiny|82/100 brn|[from] Parting Shot\n|-ability|p2a: Floette|Fairy Aura\n|\n|-damage|p2a: Floette|76/100 brn|[from] brn\n|upkeep\n|turn|7\n|inactive|ppyyy-inertia has 30 seconds left.\n|inactive|ppyyy-inertia has 20 seconds left.\n|\n|t:|1776622180\n|move|p1a: Gardevoir|Moonblast|p2b: Dragonite\n|-supereffective|p2b: Dragonite|1\n|-damage|p2b: Dragonite|0 fnt\n|faint|p2b: Dragonite\n|move|p2a: Floette|Dazzling Gleam|p1a: Gardevoir|[spread] p1a,p1b\n|-resisted|p1b: Rotom|1\n|-damage|p1a: Gardevoir|0 fnt\n|-damage|p1b: Rotom|40/100\n|-enditem|p1b: Rotom|Sitrus Berry|[eat]\n|-heal|p1b: Rotom|65/100|[from] item: Sitrus Berry\n|faint|p1a: Gardevoir\n|move|p1b: Rotom|Overheat|p2a: Floette\n|-damage|p2a: Floette|38/100 brn\n|-unboost|p1b: Rotom|spa|2\n|\n|-damage|p2a: Floette|32/100 brn|[from] brn\n|upkeep\n|c|\u2606ppyyy-inertia|Timid or modest gard\n|inactive|Hitmonjon has 30 seconds left.\n|c| 138mysx|probably scarf timido\n|inactive|Hitmonjon has 20 seconds left.\n|\n|t:|1776622219\n|switch|p1a: Scovillain|Scovillain-Mega, L50, F|17/100\n|switch|p2b: Incineroar|Incineroar, L50, F|69/100\n|-ability|p2b: Incineroar|Intimidate|boost\n|-unboost|p1a: Scovillain|atk|1\n|-unboost|p1b: Rotom|atk|1\n|turn|8\n|\n|t:|1776622235\n|move|p1b: Rotom|Protect|p1b: Rotom\n|-singleturn|p1b: Rotom|Protect\n|move|p1a: Scovillain|Protect|p1a: Scovillain\n|-singleturn|p1a: Scovillain|Protect\n|move|p2b: Incineroar|Fake Out|p1b: Rotom\n|-activate|p1b: Rotom|move: Protect\n|move|p2a: Floette|Calm Mind|p2a: Floette\n|-boost|p2a: Floette|spa|1\n|-boost|p2a: Floette|spd|1\n|\n|-damage|p2a: Floette|26/100 brn|[from] brn\n|upkeep\n|turn|9\n|\n|t:|1776622245\n|move|p2a: Floette|Dazzling Gleam|p1b: Rotom|[spread] p1a,p1b\n|-resisted|p1a: Scovillain|1\n|-resisted|p1b: Rotom|1\n|-damage|p1a: Scovillain|0 fnt\n|-damage|p1b: Rotom|32/100\n|faint|p1a: Scovillain\n|move|p1b: Rotom|Volt Switch|p2b: Incineroar\n|-damage|p2b: Incineroar|54/100\n|\n|t:|1776622251\n|switch|p1b: Palafin|Palafin-Hero, L50, M|100/100|[from] Volt Switch\n|-activate|p1b: Palafin|ability: Zero to Hero\n|move|p2b: Incineroar|Throat Chop|p1b: Palafin\n|-damage|p1b: Palafin|72/100\n|-start|p1b: Palafin|Throat Chop|[silent]\n|\n|-damage|p2a: Floette|20/100 brn|[from] brn\n|upkeep\n|\n|t:|1776622252\n|switch|p1a: Rotom|Rotom-Heat, L50|32/100\n|turn|10\n|\n|t:|1776622257\n|move|p1b: Palafin|Jet Punch|p2a: Floette\n|-damage|p2a: Floette|0 fnt\n|faint|p2a: Floette\n|move|p1a: Rotom|Thunderbolt|p2b: Incineroar\n|-damage|p2b: Incineroar|20/100\n|-enditem|p2b: Incineroar|Sitrus Berry|[eat]\n|-heal|p2b: Incineroar|45/100|[from] item: Sitrus Berry\n|move|p2b: Incineroar|Throat Chop|p1b: Palafin\n|-damage|p1b: Palafin|46/100\n|\n|-end|p1b: Palafin|Throat Chop|[silent]\n|upkeep\n|turn|11\n|c|\u2606ppyyy-inertia|Ggwp\n|l| Rolling Stonedge\n|c|\u2606Hitmonjon|gg wp\n|c|\u2606ppyyy-inertia|Nc team\n|c|\u2606Hitmonjon|thanks, u2!\n|-message|ppyyy-inertia forfeited.\n|\n|win|Hitmonjon\n|l| 138mysx\n",
  "uploadtime": 1776621972,
  "views": 6,
  "formatid": "gen9championsvgc2026regma",
  "rating": null,
  "private": 0,
  "password": null
}