{
  "id": "gen9championsvgc2026regma-2584033965",
  "format": "[Gen 9 Champions] VGC 2026 Reg M-A",
  "players": [
    "LuckPro2000",
    "JackyBoizy"
  ],
  "log": "|j|\u2606LuckPro2000\n|j|\u2606JackyBoizy\n|t:|1776218672\n|gametype|doubles\n|player|p1|LuckPro2000|2|1096\n|player|p2|JackyBoizy|hoopster|1000\n|gen|9\n|tier|[Gen 9 Champions] VGC 2026 Reg M-A\n|rated|\n|rule|Species Clause: Limit one of each Pok\u00e9mon\n|rule|Item Clause: Limit 1 of each item\n|clearpoke\n|poke|p1|Aegislash, L50, F|\n|poke|p1|Tyranitar, L50, M|\n|poke|p1|Excadrill, L50, F|\n|poke|p1|Arcanine-Hisui, L50, F|\n|poke|p1|Rotom-Heat, L50|\n|poke|p1|Garchomp, L50, M|\n|poke|p2|Incineroar, L50, F|\n|poke|p2|Talonflame, L50, F|\n|poke|p2|Basculegion, L50, M|\n|poke|p2|Hydreigon, L50, M|\n|poke|p2|Scizor, L50, M|\n|poke|p2|Ninetales-Alola, L50, F|\n|teampreview|4\n|\n|t:|1776218712\n|teamsize|p1|4\n|teamsize|p2|4\n|start\n|switch|p1a: Arcanine|Arcanine-Hisui, L50, F|100/100\n|switch|p1b: Excadrill|Excadrill, L50, F|100/100\n|switch|p2a: Talonflame|Talonflame, L50, F|100/100\n|switch|p2b: Basculegion|Basculegion, L50, M|100/100\n|-ability|p1b: Excadrill|Mold Breaker\n|-ability|p1a: Arcanine|Intimidate|boost\n|-unboost|p2a: Talonflame|atk|1\n|-unboost|p2b: Basculegion|atk|1\n|turn|1\n|\n|t:|1776218760\n|switch|p1b: Tyranitar|Tyranitar, L50, M|100/100\n|-weather|Sandstorm|[from] ability: Sand Stream|[of] p1b: Tyranitar\n|move|p2a: Talonflame|Tailwind|p2a: Talonflame\n|-sidestart|p2: JackyBoizy|move: Tailwind\n|move|p2b: Basculegion|Wave Crash|p1a: Arcanine\n|-supereffective|p1a: Arcanine|2\n|-enditem|p1a: Arcanine|Focus Sash\n|-damage|p1a: Arcanine|1/100\n|-damage|p2b: Basculegion|67/100|[from] Recoil\n|move|p1a: Arcanine|Head Smash|p2a: Talonflame\n|-supereffective|p2a: Talonflame|2\n|-damage|p2a: Talonflame|0 fnt\n|-immune|p1a: Arcanine\n|faint|p2a: Talonflame\n|-damage|p1a: Arcanine|0 fnt|[from] Recoil\n|faint|p1a: Arcanine\n|\n|-weather|Sandstorm|[upkeep]\n|-damage|p2b: Basculegion|60/100|[from] Sandstorm\n|upkeep\n|\n|t:|1776218784\n|switch|p2a: Ninetales|Ninetales-Alola, L50, F|100/100\n|switch|p1a: Garchomp|Garchomp, L50, M|100/100\n|-weather|Snowscape|[from] ability: Snow Warning|[of] p2a: Ninetales\n|turn|2\n|\n|t:|1776218801\n|detailschange|p1a: Garchomp|Garchomp-Mega, L50, M\n|-mega|p1a: Garchomp|Garchomp|Garchompite\n|move|p1b: Tyranitar|Protect|p1b: Tyranitar\n|-singleturn|p1b: Tyranitar|Protect\n|move|p2a: Ninetales|Aurora Veil|p2a: Ninetales\n|-sidestart|p2: JackyBoizy|move: Aurora Veil\n|move|p2b: Basculegion|Blizzard|p1b: Tyranitar|[spread] p1a\n|-activate|p1b: Tyranitar|move: Protect\n|-supereffective|p1a: Garchomp|2\n|-damage|p1a: Garchomp|50/100\n|move|p1a: Garchomp|Swords Dance|p1a: Garchomp\n|-boost|p1a: Garchomp|atk|2\n|\n|-weather|Snowscape|[upkeep]\n|upkeep\n|turn|3\n|\n|t:|1776218840\n|switch|p1b: Excadrill|Excadrill, L50, F|100/100\n|-ability|p1b: Excadrill|Mold Breaker\n|move|p2a: Ninetales|Dazzling Gleam|p1b: Excadrill|[spread] p1a,p1b\n|-supereffective|p1a: Garchomp|1\n|-resisted|p1b: Excadrill|1\n|-damage|p1a: Garchomp|14/100\n|-damage|p1b: Excadrill|89/100\n|move|p2b: Basculegion|Blizzard|p1b: Excadrill|[spread] p1a,p1b\n|-supereffective|p1a: Garchomp|2\n|-damage|p1a: Garchomp|0 fnt\n|-damage|p1b: Excadrill|69/100\n|faint|p1a: Garchomp\n|\n|-weather|Snowscape|[upkeep]\n|upkeep\n|\n|t:|1776218853\n|switch|p1a: Tyranitar|Tyranitar, L50, M|100/100\n|-weather|Sandstorm|[from] ability: Sand Stream|[of] p1a: Tyranitar\n|turn|4\n|\n|t:|1776218869\n|move|p2a: Ninetales|Protect|p2a: Ninetales\n|-singleturn|p2a: Ninetales|Protect\n|move|p1a: Tyranitar|Protect|p1a: Tyranitar\n|-singleturn|p1a: Tyranitar|Protect\n|move|p2b: Basculegion|Wave Crash|p1a: Tyranitar\n|-activate|p1a: Tyranitar|move: Protect\n|move|p1b: Excadrill|Rock Slide|p2b: Basculegion|[spread] p2b\n|-activate|p2a: Ninetales|move: Protect\n|-damage|p2b: Basculegion|41/100\n|\n|-weather|Sandstorm|[upkeep]\n|-damage|p2a: Ninetales|95/100|[from] Sandstorm\n|-damage|p2b: Basculegion|35/100|[from] Sandstorm\n|-sideend|p2: JackyBoizy|move: Tailwind\n|upkeep\n|turn|5\n|\n|t:|1776218889\n|move|p1b: Excadrill|Rock Slide|p2a: Ninetales|[spread] p2a,p2b\n|-supereffective|p2a: Ninetales|1\n|-damage|p2a: Ninetales|68/100\n|-damage|p2b: Basculegion|17/100\n|cant|p2a: Ninetales|flinch\n|move|p2b: Basculegion|Wave Crash|p1b: Excadrill\n|-supereffective|p1b: Excadrill|1\n|-damage|p1b: Excadrill|0 fnt\n|faint|p1b: Excadrill\n|-damage|p2b: Basculegion|0 fnt|[from] Recoil\n|faint|p2b: Basculegion\n|move|p1a: Tyranitar|Rock Tomb|p2a: Ninetales\n|-supereffective|p2a: Ninetales|1\n|-damage|p2a: Ninetales|23/100\n|-unboost|p2a: Ninetales|spe|1\n|\n|-weather|Sandstorm|[upkeep]\n|-damage|p2a: Ninetales|17/100|[from] Sandstorm\n|upkeep\n|\n|t:|1776218899\n|switch|p2b: Scizor|Scizor, L50, M|100/100\n|turn|6\n|\n|t:|1776218919\n|detailschange|p2b: Scizor|Scizor-Mega, L50, M\n|-mega|p2b: Scizor|Scizor|Scizorite\n|move|p1a: Tyranitar|Protect|p1a: Tyranitar\n|-singleturn|p1a: Tyranitar|Protect\n|move|p2b: Scizor|Bullet Punch|p1a: Tyranitar\n|-activate|p1a: Tyranitar|move: Protect\n|move|p2a: Ninetales|Dazzling Gleam|p1a: Tyranitar\n|-activate|p1a: Tyranitar|move: Protect\n|\n|-weather|Sandstorm|[upkeep]\n|-damage|p2a: Ninetales|12/100|[from] Sandstorm\n|-sideend|p2: JackyBoizy|move: Aurora Veil\n|upkeep\n|turn|7\n|\n|t:|1776218937\n|move|p2b: Scizor|Bullet Punch|p1a: Tyranitar\n|-supereffective|p1a: Tyranitar|1\n|-damage|p1a: Tyranitar|37/100\n|-enditem|p1a: Tyranitar|Sitrus Berry|[eat]\n|-heal|p1a: Tyranitar|61/100|[from] item: Sitrus Berry\n|move|p2a: Ninetales|Aurora Veil||[still]\n|-fail|p2a: Ninetales\n|move|p1a: Tyranitar|Rock Tomb|p2a: Ninetales\n|-supereffective|p2a: Ninetales|1\n|-damage|p2a: Ninetales|0 fnt\n|faint|p2a: Ninetales\n|\n|-weather|Sandstorm|[upkeep]\n|upkeep\n|turn|8\n|\n|t:|1776218949\n|move|p2b: Scizor|Swords Dance|p2b: Scizor\n|-boost|p2b: Scizor|atk|2\n|move|p1a: Tyranitar|Rock Tomb|p2b: Scizor|[miss]\n|-miss|p1a: Tyranitar|p2b: Scizor\n|\n|-weather|none\n|upkeep\n|turn|9\n|\n|t:|1776218958\n|move|p1a: Tyranitar|Protect|p1a: Tyranitar\n|-singleturn|p1a: Tyranitar|Protect\n|move|p2b: Scizor|Bullet Punch|p1a: Tyranitar\n|-activate|p1a: Tyranitar|move: Protect\n|\n|upkeep\n|turn|10\n|\n|t:|1776218968\n|move|p2b: Scizor|Bullet Punch|p1a: Tyranitar\n|-supereffective|p1a: Tyranitar|1\n|-damage|p1a: Tyranitar|0 fnt\n|faint|p1a: Tyranitar\n|\n|win|JackyBoizy\n|raw|LuckPro2000's rating: 1096 &rarr; <strong>1065</strong><br />(-31 for losing)\n|raw|JackyBoizy's rating: 1000 &rarr; <strong>1051</strong><br />(+51 for winning)\n|c|\u2606JackyBoizy|gg\n|l|\u2606LuckPro2000\n|player|p1|\n",
  "uploadtime": 1776218978,
  "views": 21,
  "formatid": "gen9championsvgc2026regma",
  "rating": 1051,
  "private": 0,
  "password": null
}