{
  "id": "gen9championsvgc2026regma-2582174231",
  "format": "[Gen 9 Champions] VGC 2026 Reg M-A",
  "players": [
    "CarajilloMan",
    "hanzomon yuki"
  ],
  "log": "|j|\u2606CarajilloMan\n|j|\u2606hanzomon yuki\n|t:|1776067406\n|gametype|doubles\n|player|p1|CarajilloMan|ninjaboy|1353\n|player|p2|hanzomon yuki|cynthia-masters3|1406\n|gen|9\n|tier|[Gen 9 Champions] VGC 2026 Reg M-A\n|rated|\n|rule|Species Clause: Limit one of each Pok\u00e9mon\n|rule|Item Clause: Limit 1 of each item\n|clearpoke\n|poke|p1|Aggron, L50, F|\n|poke|p1|Sinistcha, L50|\n|poke|p1|Incineroar, L50, M|\n|poke|p1|Dragapult, L50, F|\n|poke|p1|Glimmora, L50, F|\n|poke|p1|Gyarados, L50, M|\n|poke|p2|Aerodactyl, L50, M|\n|poke|p2|Sneasler, L50, M|\n|poke|p2|Kingambit, L50, M|\n|poke|p2|Farigiraf, L50, M|\n|poke|p2|Archaludon, L50, F|\n|poke|p2|Floette-Eternal, L50, F|\n|teampreview|4\n|l|\u2606hanzomon yuki\n|player|p2|\n|j|\u2606hanzomon yuki\n|player|p2|hanzomon yuki|cynthia-masters3|\n|inactive|Battle timer is ON: inactive players will automatically lose when time's up. (requested by CarajilloMan)\n|j| vrvrvrvrvrv4v\n|l|\u2606hanzomon yuki\n|inactive|hanzomon yuki disconnected and has a minute to reconnect!\n|player|p2|\nCarajilloMan rejected open team sheets.\n|j|\u2606hanzomon yuki\n|inactive|hanzomon yuki reconnected and has 40 seconds left.\n|player|p2|hanzomon yuki|cynthia-masters3|\n|inactive|hanzomon yuki has 30 seconds left.\n|\n|t:|1776067508\n|teamsize|p1|4\n|teamsize|p2|4\n|start\n|switch|p1a: Aggron|Aggron, L50, F|100/100\n|switch|p1b: Dragapult|Dragapult, L50, F|100/100\n|switch|p2a: Kingambit|Kingambit, L50, M|100/100\n|switch|p2b: Floette|Floette-Eternal, L50, F|100/100\n|turn|1\n|inactive|CarajilloMan has 30 seconds left.\n|\n|t:|1776067538\n|detailschange|p2b: Floette|Floette-Mega, L50, F\n|-mega|p2b: Floette|Floette|Floettite\n|-ability|p2b: Floette|Fairy Aura\n|detailschange|p1a: Aggron|Aggron-Mega, L50, F\n|-mega|p1a: Aggron|Aggron|Aggronite\n|move|p1b: Dragapult|Light Screen|p1b: Dragapult\n|-sidestart|p1: CarajilloMan|move: Light Screen\n|move|p2b: Floette|Dazzling Gleam|p1a: Aggron|[spread] p1a,p1b\n|-resisted|p1a: Aggron|1\n|-supereffective|p1b: Dragapult|1\n|-damage|p1a: Aggron|88/100\n|-damage|p1b: Dragapult|26/100\n|move|p2a: Kingambit|Kowtow Cleave|p1b: Dragapult\n|-supereffective|p1b: Dragapult|1\n|-enditem|p1b: Dragapult|Colbur Berry|[eat]\n|-enditem|p1b: Dragapult|Colbur Berry|[weaken]\n|-damage|p1b: Dragapult|0 fnt\n|faint|p1b: Dragapult\n|move|p1a: Aggron|Iron Defense|p1a: Aggron\n|-boost|p1a: Aggron|def|2\n|\n|upkeep\n|j| CARtu348rjf90\n|\n|t:|1776067555\n|switch|p1b: Sinistcha|Sinistcha, L50|100/100\n|-heal|p1a: Aggron|100/100|[from] ability: Hospitality|[of] p1b: Sinistcha\n|turn|2\n|\n|t:|1776067566\n|switch|p1b: Glimmora|Glimmora, L50, F|100/100\n|move|p2b: Floette|Dazzling Gleam|p1a: Aggron|[spread] p1a,p1b\n|-resisted|p1a: Aggron|1\n|-resisted|p1b: Glimmora|1\n|-damage|p1a: Aggron|86/100\n|-damage|p1b: Glimmora|80/100\n|move|p2a: Kingambit|Kowtow Cleave|p1b: Glimmora\n|-damage|p1b: Glimmora|23/100\n|-activate|p1b: Glimmora|ability: Toxic Debris\n|-sidestart|p2: hanzomon yuki|move: Toxic Spikes\n|move|p1a: Aggron|Heavy Slam|p2b: Floette\n|-supereffective|p2b: Floette|1\n|-damage|p2b: Floette|20/100\n|\n|upkeep\n|turn|3\n|inactive|hanzomon yuki has 30 seconds left.\n|\n|t:|1776067594\n|move|p1b: Glimmora|Spiky Shield|p1b: Glimmora\n|-singleturn|p1b: Glimmora|move: Protect\n|move|p2a: Kingambit|Sucker Punch||[still]\n|-fail|p2a: Kingambit\n|move|p2b: Floette|Light of Ruin|p1a: Aggron\n|-resisted|p1a: Aggron|1\n|-damage|p1a: Aggron|55/100\n|-damage|p2b: Floette|4/100|[from] Recoil\n|move|p1a: Aggron|Body Press|p2a: Kingambit\n|-supereffective|p2a: Kingambit|2\n|-enditem|p2a: Kingambit|Chople Berry|[eat]\n|-enditem|p2a: Kingambit|Chople Berry|[weaken]\n|-damage|p2a: Kingambit|0 fnt\n|faint|p2a: Kingambit\n|\n|upkeep\n|\n|t:|1776067612\n|switch|p2a: Sneasler|Sneasler, L50, M|100/100\n|-sideend|p2: hanzomon yuki|move: Toxic Spikes|[of] p2a: Sneasler\n|turn|4\n|inactive|hanzomon yuki has 30 seconds left.\n|\n|t:|1776067640\n|move|p1a: Aggron|Protect|p1a: Aggron\n|-singleturn|p1a: Aggron|Protect\n|move|p2a: Sneasler|Close Combat|p1a: Aggron\n|-activate|p1a: Aggron|move: Protect\n|move|p1b: Glimmora|Earth Power|p2b: Floette\n|-damage|p2b: Floette|0 fnt\n|faint|p2b: Floette\n|\n|upkeep\n|\n|t:|1776067652\n|switch|p2b: Archaludon|Archaludon, L50, F|100/100\n|turn|5\n|inactive|hanzomon yuki has 30 seconds left.\n|\n|t:|1776067682\n|switch|p1b: Sinistcha|Sinistcha, L50|100/100\n|-heal|p1a: Aggron|80/100|[from] ability: Hospitality|[of] p1b: Sinistcha\n|move|p2a: Sneasler|Close Combat|p1a: Aggron\n|-supereffective|p1a: Aggron|1\n|-damage|p1a: Aggron|54/100\n|-unboost|p2a: Sneasler|def|1\n|-unboost|p2a: Sneasler|spd|1\n|-enditem|p2a: Sneasler|White Herb\n|-clearnegativeboost|p2a: Sneasler|[silent]\n|move|p2b: Archaludon|Aura Sphere|p1a: Aggron\n|-supereffective|p1a: Aggron|1\n|-damage|p1a: Aggron|30/100\n|move|p1a: Aggron|Heavy Slam|p2a: Sneasler\n|-damage|p2a: Sneasler|9/100\n|\n|-sideend|p1: CarajilloMan|move: Light Screen\n|upkeep\n|turn|6\n|inactive|hanzomon yuki has 30 seconds left.\n|\n|t:|1776067709\n|move|p2a: Sneasler|Protect|p2a: Sneasler\n|-singleturn|p2a: Sneasler|Protect\n|move|p1b: Sinistcha|Rage Powder|p1b: Sinistcha\n|-singleturn|p1b: Sinistcha|move: Rage Powder\n|move|p2b: Archaludon|Electro Shot||[still]\n|-prepare|p2b: Archaludon|Electro Shot\n|-boost|p2b: Archaludon|spa|1\n|move|p1a: Aggron|Body Press|p2b: Archaludon\n|-supereffective|p2b: Archaludon|1\n|-damage|p2b: Archaludon|0 fnt\n|faint|p2b: Archaludon\n|\n|upkeep\n|turn|7\n|-message|hanzomon yuki forfeited.\n|\n|win|CarajilloMan\n|raw|CarajilloMan's rating: 1353 &rarr; <strong>1376</strong><br />(+23 for winning)\n|raw|hanzomon yuki's rating: 1406 &rarr; <strong>1383</strong><br />(-23 for losing)\n|l|\u2606hanzomon yuki\n|player|p2|\n|l|\u2606CarajilloMan\n|player|p1|\n",
  "uploadtime": 1776067732,
  "views": 24,
  "formatid": "gen9championsvgc2026regma",
  "rating": 1376,
  "private": 0,
  "password": null
}