{
  "id": "gen9championsvgc2026regma-2585140006",
  "format": "[Gen 9 Champions] VGC 2026 Reg M-A",
  "players": [
    "amorjdhzdlfjdjs",
    "wontooni"
  ],
  "log": "|j|\u2606amorjdhzdlfjdjs\n|j|\u2606wontooni\n|t:|1776316610\n|gametype|doubles\n|player|p1|amorjdhzdlfjdjs|2|1048\n|player|p2|wontooni|pokemonrangerf-gen4|1041\n|gen|9\n|tier|[Gen 9 Champions] VGC 2026 Reg M-A\n|rated|\n|rule|Species Clause: Limit one of each Pok\u00e9mon\n|rule|Item Clause: Limit 1 of each item\n|clearpoke\n|poke|p1|Floette-Eternal, L50, F|\n|poke|p1|Dragonite, L50, M|\n|poke|p1|Scovillain, L50, F|\n|poke|p1|Basculegion, L50, M|\n|poke|p1|Aerodactyl, L50, M|\n|poke|p1|Espeon, L50, M|\n|poke|p2|Maushold, L50|\n|poke|p2|Garchomp, L50, F|\n|poke|p2|Rotom-Wash, L50|\n|poke|p2|Floette-Eternal, L50, F|\n|poke|p2|Talonflame, L50, M|\n|poke|p2|Aegislash, L50, F|\n|teampreview|4\n|inactive|Battle timer is ON: inactive players will automatically lose when time's up. (requested by wontooni)\n|inactive|amorjdhzdlfjdjs has 60 seconds left.\n|inactive|wontooni has 60 seconds left.\n|\n|t:|1776316655\n|teamsize|p1|4\n|teamsize|p2|4\n|start\n|switch|p1a: Aerodactyl|Aerodactyl, L50, M|100/100\n|switch|p1b: Espeon|Espeon, L50, M|100/100\n|switch|p2a: Maushold|Maushold, L50|100/100\n|switch|p2b: Floette|Floette-Eternal, L50, F|100/100\n|-ability|p1a: Aerodactyl|Unnerve\n|turn|1\n|inactive|amorjdhzdlfjdjs has 30 seconds left.\n|\n|t:|1776316684\n|detailschange|p2b: Floette|Floette-Mega, L50, F\n|-mega|p2b: Floette|Floette|Floettite\n|-ability|p2b: Floette|Fairy Aura\n|move|p1a: Aerodactyl|Dual Wingbeat|p2b: Floette|[miss]\n|-miss|p1a: Aerodactyl|p2b: Floette\n|move|p2a: Maushold|Super Fang|p1a: Aerodactyl\n|-damage|p1a: Aerodactyl|51/100\n|move|p1b: Espeon|Psychic|p2b: Floette\n|-damage|p2b: Floette|74/100\n|move|p2b: Floette|Calm Mind|p2b: Floette\n|-boost|p2b: Floette|spa|1\n|-boost|p2b: Floette|spd|1\n|\n|upkeep\n|turn|2\n|\n|t:|1776316708\n|move|p2a: Maushold|Follow Me|p2a: Maushold\n|-singleturn|p2a: Maushold|move: Follow Me\n|move|p1a: Aerodactyl|Rock Slide|p2b: Floette|[spread] p2a\n|-miss|p1a: Aerodactyl|p2b: Floette\n|-damage|p2a: Maushold|63/100\n|move|p1b: Espeon|Psychic|p2a: Maushold\n|-damage|p2a: Maushold|2/100\n|move|p2b: Floette|Calm Mind|p2b: Floette\n|-boost|p2b: Floette|spa|1\n|-boost|p2b: Floette|spd|1\n|\n|upkeep\n|turn|3\n|\n|t:|1776316724\n|move|p2b: Floette|Protect|p2b: Floette\n|-singleturn|p2b: Floette|Protect\n|move|p1a: Aerodactyl|Rock Slide|p2a: Maushold|[spread] p2a\n|-activate|p2b: Floette|move: Protect\n|-damage|p2a: Maushold|0 fnt\n|faint|p2a: Maushold\n|move|p1b: Espeon|Psychic|p2b: Floette\n|-activate|p2b: Floette|move: Protect\n|\n|upkeep\n|\n|t:|1776316726\n|switch|p2a: Talonflame|Talonflame, L50, M|100/100\n|turn|4\n|\n|t:|1776316743\n|move|p2a: Talonflame|Tailwind|p2a: Talonflame\n|-sidestart|p2: wontooni|move: Tailwind\n|move|p2b: Floette|Dazzling Gleam|p1b: Espeon|[spread] p1a,p1b\n|-damage|p1a: Aerodactyl|0 fnt\n|-damage|p1b: Espeon|0 fnt\n|faint|p1a: Aerodactyl\n|faint|p1b: Espeon\n|\n|upkeep\n|\n|t:|1776316752\n|switch|p1a: Scovillain|Scovillain, L50, F|100/100\n|switch|p1b: Dragonite|Dragonite, L50, M|100/100\n|turn|5\n|\n|t:|1776316772\n|detailschange|p1a: Scovillain|Scovillain-Mega, L50, F\n|-mega|p1a: Scovillain|Scovillain|Scovillainite\n|move|p1b: Dragonite|Extreme Speed|p2b: Floette\n|-damage|p2b: Floette|41/100\n|move|p1a: Scovillain|Rage Powder|p1a: Scovillain\n|-singleturn|p1a: Scovillain|move: Rage Powder\n|move|p2a: Talonflame|Acrobatics|p1a: Scovillain\n|-supereffective|p1a: Scovillain|1\n|-damage|p1a: Scovillain|12/100\n|-immune|p2a: Talonflame\n|move|p2b: Floette|Dazzling Gleam|p1a: Scovillain|[spread] p1a,p1b\n|-resisted|p1a: Scovillain|1\n|-supereffective|p1b: Dragonite|1\n|-damage|p1a: Scovillain|0 fnt\n|-damage|p1b: Dragonite|0 fnt\n|-status|p2b: Floette|brn|[from] ability: Spicy Spray|[of] p1a: Scovillain\n|faint|p1a: Scovillain\n|faint|p1b: Dragonite\n|\n|win|wontooni\n|raw|amorjdhzdlfjdjs's rating: 1048 &rarr; <strong>1030</strong><br />(-18 for losing)\n|raw|wontooni's rating: 1041 &rarr; <strong>1076</strong><br />(+35 for winning)\n|l|\u2606amorjdhzdlfjdjs\n|player|p1|\n",
  "uploadtime": 1776316783,
  "views": 30,
  "formatid": "gen9championsvgc2026regma",
  "rating": 1030,
  "private": 0,
  "password": null
}