{
  "id": "gen9championsvgc2026regma-2580806499",
  "format": "[Gen 9 Champions] VGC 2026 Reg M-A",
  "players": [
    "syn001",
    "ffaow"
  ],
  "log": "|j|\u2606syn001\n|j|\u2606ffaow\n|t:|1775934007\n|gametype|doubles\n|player|p1|syn001|cynthia-gen4|1090\n|player|p2|ffaow|265|1113\n|gen|9\n|tier|[Gen 9 Champions] VGC 2026 Reg M-A\n|rated|\n|rule|Species Clause: Limit one of each Pok\u00e9mon\n|rule|Item Clause: Limit 1 of each item\n|clearpoke\n|poke|p1|Charizard, L50, M|\n|poke|p1|Whimsicott, L50, F|\n|poke|p1|Venusaur, L50, M|\n|poke|p1|Aerodactyl, L50, M|\n|poke|p1|Tinkaton, L50, F|\n|poke|p1|Basculegion, L50, M|\n|poke|p2|Charizard, L50, M|\n|poke|p2|Incineroar, L50, F|\n|poke|p2|Aegislash, L50, M|\n|poke|p2|Whimsicott, L50, M|\n|poke|p2|Farigiraf, L50, M|\n|poke|p2|Crabominable, L50, F|\n|teampreview|4\n|\n|t:|1775934057\n|teamsize|p1|4\n|teamsize|p2|4\n|start\n|switch|p1a: Charizard|Charizard, L50, M, shiny|100/100\n|switch|p1b: Aerodactyl|Aerodactyl, L50, M|100/100\n|switch|p2a: Farigiraf|Farigiraf, L50, M|100/100\n|switch|p2b: Incineroar|Incineroar, L50, F|100/100\n|-ability|p1b: Aerodactyl|Unnerve\n|-ability|p2b: Incineroar|Intimidate|boost\n|-unboost|p1a: Charizard|atk|1\n|-unboost|p1b: Aerodactyl|atk|1\n|-enditem|p1b: Aerodactyl|White Herb\n|-clearnegativeboost|p1b: Aerodactyl|[silent]\n|turn|1\n|\n|t:|1775934107\n|detailschange|p1a: Charizard|Charizard-Mega-Y, L50, M, shiny\n|-mega|p1a: Charizard|Charizard|Charizardite Y\n|-weather|SunnyDay|[from] ability: Drought|[of] p1a: Charizard\n|move|p2a: Farigiraf|Protect|p2a: Farigiraf\n|-singleturn|p2a: Farigiraf|Protect\n|move|p1b: Aerodactyl|Dual Wingbeat|p2a: Farigiraf\n|-activate|p2a: Farigiraf|move: Protect\n|move|p1a: Charizard|Heat Wave|p2a: Farigiraf|[spread] p2b\n|-activate|p2a: Farigiraf|move: Protect\n|-resisted|p2b: Incineroar|1\n|-damage|p2b: Incineroar|77/100\n|move|p2b: Incineroar|Parting Shot|p1a: Charizard\n|-unboost|p1a: Charizard|atk|1\n|-unboost|p1a: Charizard|spa|1\n|\n|t:|1775934127\n|switch|p2b: Aegislash|Aegislash, L50, M|100/100|[from] Parting Shot\n|\n|-weather|SunnyDay|[upkeep]\n|upkeep\n|turn|2\n|\n|t:|1775934140\n|move|p2b: Aegislash|Wide Guard|p2b: Aegislash\n|-singleturn|p2b: Aegislash|Wide Guard\n|move|p1b: Aerodactyl|Rock Slide|p2a: Farigiraf|[spread] \n|-activate|p2a: Farigiraf|move: Wide Guard\n|-activate|p2b: Aegislash|move: Wide Guard\n|move|p1a: Charizard|Heat Wave|p2b: Aegislash|[spread] \n|-activate|p2a: Farigiraf|move: Wide Guard\n|-activate|p2b: Aegislash|move: Wide Guard\n|move|p2a: Farigiraf|Trick Room|p2a: Farigiraf\n|-fieldstart|move: Trick Room|[of] p2a: Farigiraf\n|\n|-weather|SunnyDay|[upkeep]\n|upkeep\n|turn|3\n|\n|t:|1775934166\n|switch|p1a: Venusaur|Venusaur, L50, M|100/100\n|move|p2a: Farigiraf|Psychic|p1a: Venusaur\n|-supereffective|p1a: Venusaur|1\n|-damage|p1a: Venusaur|30/100\n|-formechange|p2b: Aegislash|Aegislash-Blade|\n|move|p2b: Aegislash|Shadow Ball|p1a: Venusaur\n|-damage|p1a: Venusaur|0 fnt\n|faint|p1a: Venusaur\n|move|p1b: Aerodactyl|Dual Wingbeat|p2a: Farigiraf\n|-damage|p2a: Farigiraf|86/100\n|-damage|p2a: Farigiraf|70/100\n|-hitcount|p2a: Farigiraf|2\n|\n|-weather|SunnyDay|[upkeep]\n|upkeep\n|\n|t:|1775934187\n|switch|p1a: Charizard|Charizard-Mega-Y, L50, M, shiny|100/100\n|turn|4\n|\n|t:|1775934195\n|move|p1a: Charizard|Protect|p1a: Charizard\n|-singleturn|p1a: Charizard|Protect\n|move|p2a: Farigiraf|Hyper Voice|p1a: Charizard|[spread] p1b\n|-activate|p1a: Charizard|move: Protect\n|-resisted|p1b: Aerodactyl|1\n|-damage|p1b: Aerodactyl|79/100\n|move|p2b: Aegislash|Shadow Ball|p1a: Charizard\n|-activate|p1a: Charizard|move: Protect\n|move|p1b: Aerodactyl|Rock Slide|p2b: Aegislash|[spread] p2b\n|-miss|p1b: Aerodactyl|p2a: Farigiraf\n|-resisted|p2b: Aegislash|1\n|-damage|p2b: Aegislash|77/100\n|\n|-weather|SunnyDay|[upkeep]\n|upkeep\n|turn|5\n|\n|t:|1775934226\n|switch|p1a: Basculegion|Basculegion, L50, M|100/100\n|move|p2a: Farigiraf|Psychic|p1a: Basculegion\n|-damage|p1a: Basculegion|57/100\n|move|p2b: Aegislash|Shadow Ball|p1a: Basculegion\n|-supereffective|p1a: Basculegion|1\n|-damage|p1a: Basculegion|0 fnt\n|faint|p1a: Basculegion\n|move|p1b: Aerodactyl|Dual Wingbeat|p2a: Farigiraf|[miss]\n|-miss|p1b: Aerodactyl|p2a: Farigiraf\n|\n|-weather|none\n|upkeep\n|\n|t:|1775934240\n|switch|p1a: Charizard|Charizard-Mega-Y, L50, M, shiny|100/100\n|-weather|SunnyDay|[from] ability: Drought|[of] p1a: Charizard\n|turn|6\n|\n|t:|1775934267\n|switch|p2b: Incineroar|Incineroar, L50, F|77/100\n|-ability|p2b: Incineroar|Intimidate|boost\n|-unboost|p1a: Charizard|atk|1\n|-unboost|p1b: Aerodactyl|atk|1\n|move|p2a: Farigiraf|Protect|p2a: Farigiraf\n|-singleturn|p2a: Farigiraf|Protect\n|move|p1a: Charizard|Protect|p1a: Charizard\n|-singleturn|p1a: Charizard|Protect\n|move|p1b: Aerodactyl|Tailwind|p1b: Aerodactyl\n|-sidestart|p1: syn001|move: Tailwind\n|\n|-weather|SunnyDay|[upkeep]\n|-fieldend|move: Trick Room\n|upkeep\n|turn|7\n|\n|t:|1775934285\n|move|p2a: Farigiraf|Protect||[still]\n|-fail|p2a: Farigiraf\n|move|p2b: Incineroar|Fake Out|p1a: Charizard\n|-damage|p1a: Charizard|84/100\n|move|p1b: Aerodactyl|Rock Slide|p2b: Incineroar|[spread] p2a,p2b\n|-supereffective|p2b: Incineroar|1\n|-damage|p2a: Farigiraf|55/100\n|-damage|p2b: Incineroar|50/100\n|cant|p1a: Charizard|flinch\n|\n|-weather|SunnyDay|[upkeep]\n|upkeep\n|turn|8\n|\n|t:|1775934300\n|move|p2a: Farigiraf|Protect|p2a: Farigiraf\n|-singleturn|p2a: Farigiraf|Protect\n|move|p1b: Aerodactyl|Rock Slide|p2a: Farigiraf|[spread] p2b\n|-activate|p2a: Farigiraf|move: Protect\n|-supereffective|p2b: Incineroar|1\n|-damage|p2b: Incineroar|20/100\n|move|p1a: Charizard|Heat Wave|p2b: Incineroar|[spread] p2b\n|-activate|p2a: Farigiraf|move: Protect\n|-resisted|p2b: Incineroar|1\n|-damage|p2b: Incineroar|0 fnt\n|faint|p2b: Incineroar\n|\n|-weather|SunnyDay|[upkeep]\n|upkeep\n|\n|t:|1775934315\n|switch|p2b: Aegislash|Aegislash, L50, M|77/100\n|turn|9\n|\n|t:|1775934331\n|move|p2b: Aegislash|Wide Guard|p2b: Aegislash\n|-singleturn|p2b: Aegislash|Wide Guard\n|move|p1b: Aerodactyl|Dual Wingbeat|p2a: Farigiraf\n|-damage|p2a: Farigiraf|45/100\n|-damage|p2a: Farigiraf|36/100\n|-hitcount|p2a: Farigiraf|2\n|move|p1a: Charizard|Solar Beam||[still]\n|-prepare|p1a: Charizard|Solar Beam\n|-anim|p1a: Charizard|Solar Beam|p2a: Farigiraf\n|-damage|p2a: Farigiraf|0 fnt\n|faint|p2a: Farigiraf\n|\n|-weather|SunnyDay|[upkeep]\n|-sideend|p1: syn001|move: Tailwind\n|upkeep\n|\n|t:|1775934347\n|switch|p2a: Crabominable|Crabominable, L50, F|100/100\n|turn|10\n|\n|t:|1775934362\n|detailschange|p2a: Crabominable|Crabominable-Mega, L50, F\n|-mega|p2a: Crabominable|Crabominable|Crabominite\n|move|p1a: Charizard|Protect|p1a: Charizard\n|-singleturn|p1a: Charizard|Protect\n|move|p2b: Aegislash|Wide Guard|p2b: Aegislash\n|-singleturn|p2b: Aegislash|Wide Guard\n|move|p1b: Aerodactyl|Dual Wingbeat|p2a: Crabominable\n|-supereffective|p2a: Crabominable|1\n|-damage|p2a: Crabominable|82/100\n|-supereffective|p2a: Crabominable|1\n|-damage|p2a: Crabominable|64/100\n|-hitcount|p2a: Crabominable|2\n|move|p2a: Crabominable|Rock Slide|p1b: Aerodactyl|[spread] p1b\n|-activate|p1a: Charizard|move: Protect\n|-supereffective|p1b: Aerodactyl|1\n|-damage|p1b: Aerodactyl|8/100\n|\n|-weather|none\n|upkeep\n|turn|11\n|\n|t:|1775934389\n|move|p2b: Aegislash|Wide Guard|p2b: Aegislash\n|-singleturn|p2b: Aegislash|Wide Guard\n|move|p1b: Aerodactyl|Dual Wingbeat|p2a: Crabominable\n|-supereffective|p2a: Crabominable|1\n|-damage|p2a: Crabominable|47/100\n|-supereffective|p2a: Crabominable|1\n|-damage|p2a: Crabominable|28/100\n|-hitcount|p2a: Crabominable|2\n|move|p1a: Charizard|Air Slash|p2a: Crabominable\n|-supereffective|p2a: Crabominable|1\n|-damage|p2a: Crabominable|0 fnt\n|faint|p2a: Crabominable\n|\n|upkeep\n|turn|12\n|-message|ffaow forfeited.\n|\n|win|syn001\n|raw|syn001's rating: 1090 &rarr; <strong>1118</strong><br />(+28 for winning)\n|raw|ffaow's rating: 1113 &rarr; <strong>1086</strong><br />(-27 for losing)\n|l|\u2606ffaow\n|player|p2|\n",
  "uploadtime": 1775934410,
  "views": 10,
  "formatid": "gen9championsvgc2026regma",
  "rating": 1086,
  "private": 0,
  "password": null
}