{
  "id": "gen9championsvgc2026regma-2581358663",
  "format": "[Gen 9 Champions] VGC 2026 Reg M-A",
  "players": [
    "cwhit7",
    "Epolosos"
  ],
  "log": "|j|\u2606cwhit7\n|j|\u2606Epolosos\n|t:|1775991345\n|gametype|doubles\n|player|p1|cwhit7|flint|1179\n|player|p2|Epolosos|102|1269\n|gen|9\n|tier|[Gen 9 Champions] VGC 2026 Reg M-A\n|rated|\n|rule|Species Clause: Limit one of each Pok\u00e9mon\n|rule|Item Clause: Limit 1 of each item\n|clearpoke\n|poke|p1|Farigiraf, L50, F|\n|poke|p1|Kingambit, L50, M|\n|poke|p1|Incineroar, L50, F|\n|poke|p1|Crabominable, L50, M|\n|poke|p1|Rotom-Wash, L50|\n|poke|p1|Meowscarada, L50, M|\n|poke|p2|Sinistcha, L50|\n|poke|p2|Crabominable, L50, M|\n|poke|p2|Incineroar, L50, M|\n|poke|p2|Mr. Rime, L50, M|\n|poke|p2|Primarina, L50, M|\n|poke|p2|Clefable, L50, F|\n|teampreview|4\n|inactive|Battle timer is ON: inactive players will automatically lose when time's up. (requested by Epolosos)\n|c|\u2606cwhit7|a fellow crab enthusiast\n|inactive|cwhit7 has 60 seconds left.\n|inactive|Epolosos has 60 seconds left.\ncwhit7 has agreed to open team sheets.\n|c|\u2606cwhit7|they will learn not to sleep on the crab\n|\n|t:|1775991402\n|teamsize|p1|4\n|teamsize|p2|4\n|start\n|switch|p1a: Appliance Man|Rotom-Wash, L50, shiny|100/100\n|switch|p1b: Bandit|Meowscarada, L50, M|100/100\n|switch|p2a: Mr. Rime|Mr. Rime, L50, M|100/100\n|switch|p2b: Crabominable|Crabominable, L50, M|100/100\n|turn|1\n|\n|t:|1775991419\n|move|p1b: Bandit|Flower Trick|p2b: Crabominable\n|-crit|p2b: Crabominable\n|-damage|p2b: Crabominable|44/100\n|-setboost|p2b: Crabominable|atk|6|[from] ability: Anger Point\n|move|p1a: Appliance Man|Trick|p2a: Mr. Rime\n|-activate|p1a: Appliance Man|move: Trick|[of] p2a: Mr. Rime\n|-item|p2a: Mr. Rime|Choice Scarf|[from] move: Trick\n|-item|p1a: Appliance Man|Focus Sash|[from] move: Trick\n|move|p2a: Mr. Rime|Frost Breath|p2b: Crabominable\n|-resisted|p2b: Crabominable|1\n|-crit|p2b: Crabominable\n|-damage|p2b: Crabominable|25/100\n|move|p2b: Crabominable|Drain Punch|p1b: Bandit\n|-supereffective|p1b: Bandit|1\n|-enditem|p1b: Bandit|Focus Sash\n|-damage|p1b: Bandit|1/100\n|-heal|p2b: Crabominable|62/100|[from] drain|[of] p1b: Bandit\n|\n|upkeep\n|turn|2\n|inactive|cwhit7 has 30 seconds left.\n|inactive|Epolosos has 30 seconds left.\n|\n|t:|1775991451\n|switch|p2a: Sinistcha|Sinistcha, L50|100/100\n|-heal|p2b: Crabominable|87/100|[from] ability: Hospitality|[of] p2a: Sinistcha\n|detailschange|p2b: Crabominable|Crabominable-Mega, L50, M\n|-mega|p2b: Crabominable|Crabominable|Crabominite\n|move|p2b: Crabominable|Mach Punch|p1a: Appliance Man\n|-enditem|p1a: Appliance Man|Focus Sash\n|-damage|p1a: Appliance Man|1/100\n|move|p1b: Bandit|Flower Trick|p2b: Crabominable\n|-crit|p2b: Crabominable\n|-damage|p2b: Crabominable|27/100\n|move|p1a: Appliance Man|Thunderbolt|p2a: Sinistcha\n|-resisted|p2a: Sinistcha|1\n|-damage|p2a: Sinistcha|83/100\n|\n|-heal|p2a: Sinistcha|89/100|[from] item: Leftovers\n|upkeep\n|turn|3\n|inactive|Epolosos has 30 seconds left.\n|\n|t:|1775991480\n|move|p1b: Bandit|Protect|p1b: Bandit\n|-singleturn|p1b: Bandit|Protect\n|move|p2b: Crabominable|Protect|p2b: Crabominable\n|-singleturn|p2b: Crabominable|Protect\n|move|p1a: Appliance Man|Volt Switch|p2b: Crabominable\n|-activate|p2b: Crabominable|move: Protect\n|move|p2a: Sinistcha|Trick Room|p2a: Sinistcha\n|-fieldstart|move: Trick Room|[of] p2a: Sinistcha\n|\n|-heal|p2a: Sinistcha|95/100|[from] item: Leftovers\n|upkeep\n|turn|4\n|\n|t:|1775991504\n|switch|p1b: Chesch|Incineroar, L50, F, shiny|100/100\n|-ability|p1b: Chesch|Intimidate|boost\n|-unboost|p2a: Sinistcha|atk|1\n|-unboost|p2b: Crabominable|atk|1\n|move|p2a: Sinistcha|Rage Powder|p2a: Sinistcha\n|-singleturn|p2a: Sinistcha|move: Rage Powder\n|move|p2b: Crabominable|Drain Punch|p1b: Chesch\n|-supereffective|p1b: Chesch|1\n|-damage|p1b: Chesch|0 fnt\n|-heal|p2b: Crabominable|76/100|[from] drain|[of] p1b: Chesch\n|faint|p1b: Chesch\n|move|p1a: Appliance Man|Volt Switch|p2a: Sinistcha\n|-resisted|p2a: Sinistcha|1\n|-damage|p2a: Sinistcha|81/100\n|\n|t:|1775991516\n|switch|p1a: The Crab|Crabominable, L50, M, shiny|100/100|[from] Volt Switch\n|\n|-heal|p2a: Sinistcha|87/100|[from] item: Leftovers\n|upkeep\n|\n|t:|1775991519\n|switch|p1b: Bandit|Meowscarada, L50, M|1/100\n|turn|5\n|\n|t:|1775991533\n|switch|p1b: Appliance Man|Rotom-Wash, L50, shiny|1/100\n|detailschange|p1a: The Crab|Crabominable-Mega, L50, M, shiny\n|-mega|p1a: The Crab|Crabominable|Crabominite\n|move|p2a: Sinistcha|Rage Powder|p2a: Sinistcha\n|-singleturn|p2a: Sinistcha|move: Rage Powder\n|move|p2b: Crabominable|Mach Punch|p1a: The Crab\n|-supereffective|p1a: The Crab|1\n|-damage|p1a: The Crab|0 fnt\n|faint|p1a: The Crab\n|\n|-heal|p2a: Sinistcha|92/100|[from] item: Leftovers\n|upkeep\n|-message|cwhit7 forfeited.\n|\n|win|Epolosos\n|raw|cwhit7's rating: 1179 &rarr; <strong>1160</strong><br />(-19 for losing)\n|raw|Epolosos's rating: 1269 &rarr; <strong>1288</strong><br />(+19 for winning)\n|l|\u2606cwhit7\n|player|p1|\n|l|\u2606Epolosos\n|player|p2|\n",
  "uploadtime": 1775991550,
  "views": 23,
  "formatid": "gen9championsvgc2026regma",
  "rating": 1160,
  "private": 0,
  "password": null
}