{
  "id": "gen9championsvgc2026regma-2582214821",
  "format": "[Gen 9 Champions] VGC 2026 Reg M-A",
  "players": [
    "DVDGamer19",
    "RijdendeRechter"
  ],
  "log": "|j|\u203dDVDGamer19\n|j|\u2606RijdendeRechter\n|t:|1776072200\n|gametype|doubles\n|player|p1|DVDGamer19|falkner|1330\n|player|p2|RijdendeRechter|roughneck-gen4|1296\n|gen|9\n|tier|[Gen 9 Champions] VGC 2026 Reg M-A\n|rated|\n|rule|Species Clause: Limit one of each Pok\u00e9mon\n|rule|Item Clause: Limit 1 of each item\n|clearpoke\n|poke|p1|Gengar, L50, F|\n|poke|p1|Whimsicott, L50, M|\n|poke|p1|Primarina, L50, F|\n|poke|p1|Incineroar, L50, M|\n|poke|p1|Garchomp, L50, F|\n|poke|p1|Corviknight, L50, M|\n|poke|p2|Floette-Eternal, L50, F|\n|poke|p2|Basculegion, L50, M|\n|poke|p2|Sneasler, L50, F|\n|poke|p2|Incineroar, L50, F|\n|poke|p2|Aegislash, L50, F|\n|poke|p2|Kleavor, L50, F|\n|teampreview|4\n|inactive|Battle timer is ON: inactive players will automatically lose when time's up. (requested by DVDGamer19)\n|\n|t:|1776072246\n|teamsize|p1|4\n|teamsize|p2|4\n|start\n|switch|p1a: Primarina|Primarina, L50, F|100/100\n|switch|p1b: Whimsicott|Whimsicott, L50, M|100/100\n|switch|p2a: Kleavor|Kleavor, L50, F|100/100\n|switch|p2b: Sneasler|Sneasler, L50, F|100/100\n|turn|1\n|\n|t:|1776072263\n|move|p2b: Sneasler|Fake Out|p1a: Primarina\n|-damage|p1a: Primarina|83/100\n|move|p1b: Whimsicott|Tailwind|p1b: Whimsicott\n|-sidestart|p1: DVDGamer19|move: Tailwind\n|cant|p1a: Primarina|flinch\n|move|p2a: Kleavor|Tailwind|p2a: Kleavor\n|-sidestart|p2: RijdendeRechter|move: Tailwind\n|\n|upkeep\n|turn|2\n|\n|t:|1776072276\n|switch|p2b: Aegislash|Aegislash, L50, F|100/100\n|move|p1b: Whimsicott|Moonblast|p2b: Aegislash\n|-resisted|p2b: Aegislash|1\n|-damage|p2b: Aegislash|85/100\n|move|p2a: Kleavor|Stone Axe|p1a: Primarina\n|-damage|p1a: Primarina|12/100\n|-sidestart|p1: DVDGamer19|move: Stealth Rock\n|move|p1a: Primarina|Hyper Voice|p2a: Kleavor|[spread] p2a,p2b\n|-supereffective|p2a: Kleavor|1\n|-enditem|p2a: Kleavor|Focus Sash\n|-damage|p2a: Kleavor|1/100\n|-damage|p2b: Aegislash|49/100\n|\n|upkeep\n|turn|3\n|\n|t:|1776072295\n|move|p2a: Kleavor|Protect|p2a: Kleavor\n|-singleturn|p2a: Kleavor|Protect\n|move|p1a: Primarina|Protect|p1a: Primarina\n|-singleturn|p1a: Primarina|Protect\n|move|p1b: Whimsicott|Moonblast|p2a: Kleavor\n|-activate|p2a: Kleavor|move: Protect\n|-formechange|p2b: Aegislash|Aegislash-Blade|\n|move|p2b: Aegislash|Flash Cannon|p1b: Whimsicott\n|-supereffective|p1b: Whimsicott|1\n|-enditem|p1b: Whimsicott|Focus Sash\n|-damage|p1b: Whimsicott|1/100\n|\n|upkeep\n|turn|4\n|\n|t:|1776072307\n|move|p2b: Aegislash|Shadow Sneak|p1b: Whimsicott\n|-damage|p1b: Whimsicott|0 fnt\n|faint|p1b: Whimsicott\n|move|p2a: Kleavor|X-Scissor|p1a: Primarina\n|-resisted|p1a: Primarina|1\n|-damage|p1a: Primarina|0 fnt\n|faint|p1a: Primarina\n|\n|-sideend|p1: DVDGamer19|move: Tailwind\n|-sideend|p2: RijdendeRechter|move: Tailwind\n|upkeep\n|\n|t:|1776072313\n|switch|p1b: Incineroar|Incineroar, L50, M|100/100\n|switch|p1a: Gengar|Gengar, L50, F|100/100\n|-damage|p1a: Gengar|88/100|[from] Stealth Rock\n|-damage|p1b: Incineroar|76/100|[from] Stealth Rock\n|-ability|p1b: Incineroar|Intimidate|boost\n|-unboost|p2a: Kleavor|atk|1\n|-unboost|p2b: Aegislash|atk|1\n|turn|5\n|\n|t:|1776072328\n|detailschange|p1a: Gengar|Gengar-Mega, L50, F\n|-mega|p1a: Gengar|Gengar|Gengarite\n|move|p2a: Kleavor|Protect|p2a: Kleavor\n|-singleturn|p2a: Kleavor|Protect\n|-formechange|p2b: Aegislash|Aegislash|\n|move|p2b: Aegislash|King's Shield|p2b: Aegislash\n|-singleturn|p2b: Aegislash|Protect\n|move|p1b: Incineroar|Fake Out|p2a: Kleavor\n|-activate|p2a: Kleavor|move: Protect\n|move|p1a: Gengar|Shadow Ball|p2b: Aegislash\n|-activate|p2b: Aegislash|move: Protect\n|\n|upkeep\n|turn|6\n|inactive|DVDGamer19 has 30 seconds left.\n|inactive|RijdendeRechter has 30 seconds left.\n|\n|t:|1776072366\n|move|p1a: Gengar|Shadow Ball|p2b: Aegislash\n|-supereffective|p2b: Aegislash|1\n|-enditem|p2b: Aegislash|Kasib Berry|[eat]\n|-enditem|p2b: Aegislash|Kasib Berry|[weaken]\n|-damage|p2b: Aegislash|11/100\n|move|p2a: Kleavor|Stone Axe|p1b: Incineroar\n|-supereffective|p1b: Incineroar|1\n|-damage|p1b: Incineroar|13/100\n|-enditem|p1b: Incineroar|Sitrus Berry|[eat]\n|-heal|p1b: Incineroar|38/100|[from] item: Sitrus Berry\n|move|p1b: Incineroar|Throat Chop|p2a: Kleavor\n|-damage|p2a: Kleavor|0 fnt\n|faint|p2a: Kleavor\n|-formechange|p2b: Aegislash|Aegislash-Blade|\n|move|p2b: Aegislash|Shadow Ball|p1a: Gengar\n|-supereffective|p1a: Gengar|1\n|-damage|p1a: Gengar|0 fnt\n|faint|p1a: Gengar\n|\n|upkeep\n|-message|DVDGamer19 forfeited.\n|\n|win|RijdendeRechter\n|raw|DVDGamer19's rating: 1330 &rarr; <strong>1308</strong><br />(-22 for losing)\n|raw|RijdendeRechter's rating: 1296 &rarr; <strong>1323</strong><br />(+27 for winning)\n|l|\u203dDVDGamer19\n|player|p1|\n",
  "uploadtime": 1776072386,
  "views": 51,
  "formatid": "gen9championsvgc2026regma",
  "rating": 1308,
  "private": 0,
  "password": null
}