{
  "id": "gen9championsvgc2026regma-2585009268",
  "format": "[Gen 9 Champions] VGC 2026 Reg M-A",
  "players": [
    "Troodon_Jesus",
    "areestoo"
  ],
  "log": "|j|\u2606Troodon_Jesus\n|j|\u2606areestoo\n|t:|1776302956\n|gametype|doubles\n|player|p1|Troodon_Jesus|pokemaniac|1159\n|player|p2|areestoo|101|1267\n|gen|9\n|tier|[Gen 9 Champions] VGC 2026 Reg M-A\n|rated|\n|rule|Species Clause: Limit one of each Pok\u00e9mon\n|rule|Item Clause: Limit 1 of each item\n|clearpoke\n|poke|p1|Aggron, L50, M|\n|poke|p1|Sinistcha, L50|\n|poke|p1|Hydreigon, L50, M|\n|poke|p1|Aerodactyl, L50, F|\n|poke|p1|Sneasler, L50, F|\n|poke|p1|Tyranitar, L50, M|\n|poke|p2|Blastoise, L50, F|\n|poke|p2|Pelipper, L50, F|\n|poke|p2|Floette-Eternal, L50, F|\n|poke|p2|Wyrdeer, L50, M|\n|poke|p2|Weavile, L50, F|\n|poke|p2|Rhyperior, L50, F|\n|teampreview|4\n|inactive|Battle timer is ON: inactive players will automatically lose when time's up. (requested by areestoo)\n|\n|t:|1776302980\n|teamsize|p1|4\n|teamsize|p2|4\n|start\n|switch|p1a: THE WALL|Aggron, L50, M|100/100\n|switch|p1b: Sneasler|Sneasler, L50, F|100/100\n|switch|p2a: Floette|Floette-Eternal, L50, F|100/100\n|switch|p2b: Pelipper|Pelipper, L50, F|100/100\n|-weather|RainDance|[from] ability: Drizzle|[of] p2b: Pelipper\n|turn|1\n|\n|t:|1776302998\n|detailschange|p1a: THE WALL|Aggron-Mega, L50, M\n|-mega|p1a: THE WALL|Aggron|Aggronite\n|move|p2a: Floette|Protect|p2a: Floette\n|-singleturn|p2a: Floette|Protect\n|move|p1a: THE WALL|Protect|p1a: THE WALL\n|-singleturn|p1a: THE WALL|Protect\n|move|p2b: Pelipper|Weather Ball|p1a: THE WALL\n|-activate|p1a: THE WALL|move: Protect\n|move|p1b: Sneasler|Dire Claw|p2a: Floette\n|-activate|p2a: Floette|move: Protect\n|\n|-weather|RainDance|[upkeep]\n|upkeep\n|turn|2\n|\n|t:|1776303016\n|switch|p2a: Weavile|Weavile, L50, F|100/100\n|-ability|p2a: Weavile|Pressure\n|switch|p1a: Tyranitar|Tyranitar, L50, M|100/100\n|-weather|Sandstorm|[from] ability: Sand Stream|[of] p1a: Tyranitar\n|move|p2b: Pelipper|Weather Ball|p1a: Tyranitar\n|-damage|p1a: Tyranitar|84/100\n|move|p1b: Sneasler|Dire Claw|p2a: Weavile\n|-damage|p2a: Weavile|33/100\n|-status|p2a: Weavile|slp\n|\n|-weather|Sandstorm|[upkeep]\n|-damage|p2a: Weavile|27/100 slp|[from] Sandstorm\n|-damage|p2b: Pelipper|95/100|[from] Sandstorm\n|-damage|p1b: Sneasler|95/100|[from] Sandstorm\n|upkeep\n|turn|3\n|c|\u2606areestoo|disgusting pokemon\n|inactive|areestoo has 30 seconds left.\n|c|\u2606Troodon_Jesus|true\n|\n|t:|1776303043\n|switch|p2b: Wyrdeer|Wyrdeer, L50, M|100/100\n|-ability|p2b: Wyrdeer|Intimidate|boost\n|-unboost|p1a: Tyranitar|atk|1\n|-unboost|p1b: Sneasler|atk|1\n|-enditem|p1b: Sneasler|White Herb\n|-clearnegativeboost|p1b: Sneasler|[silent]\n|move|p1b: Sneasler|Coaching|p1a: Tyranitar\n|-boost|p1a: Tyranitar|atk|1\n|-boost|p1a: Tyranitar|def|1\n|cant|p2a: Weavile|slp\n|move|p1a: Tyranitar|Rock Slide|p2b: Wyrdeer|[spread] p2a,p2b\n|-supereffective|p2a: Weavile|1\n|-damage|p2a: Weavile|0 fnt\n|-damage|p2b: Wyrdeer|67/100\n|faint|p2a: Weavile\n|\n|-weather|Sandstorm|[upkeep]\n|-damage|p1b: Sneasler|89/100|[from] Sandstorm\n|-damage|p2b: Wyrdeer|61/100|[from] Sandstorm\n|upkeep\n|\n|t:|1776303056\n|switch|p2a: Pelipper|Pelipper, L50, F|95/100\n|-weather|RainDance|[from] ability: Drizzle|[of] p2a: Pelipper\n|turn|4\n|inactive|areestoo has 30 seconds left.\n|\n|t:|1776303086\n|switch|p1b: Sinistcha|Sinistcha, L50|100/100\n|-heal|p1a: Tyranitar|100/100|[from] ability: Hospitality|[of] p1b: Sinistcha\n|move|p1a: Tyranitar|Protect|p1a: Tyranitar\n|-singleturn|p1a: Tyranitar|Protect\n|move|p2a: Pelipper|Weather Ball|p1a: Tyranitar\n|-activate|p1a: Tyranitar|move: Protect\n|move|p2b: Wyrdeer|Psyshield Bash|p1b: Sinistcha\n|-damage|p1b: Sinistcha|66/100\n|-boost|p2b: Wyrdeer|def|1\n|\n|-weather|RainDance|[upkeep]\n|upkeep\n|turn|5\n|inactive|areestoo has 30 seconds left.\n|inactive|areestoo has 20 seconds left.\n|\n|t:|1776303124\n|move|p1b: Sinistcha|Rage Powder|p1b: Sinistcha\n|-singleturn|p1b: Sinistcha|move: Rage Powder\n|move|p2a: Pelipper|Weather Ball|p1b: Sinistcha\n|-resisted|p1b: Sinistcha|1\n|-damage|p1b: Sinistcha|33/100\n|move|p1a: Tyranitar|Rock Slide|p2a: Pelipper|[spread] p2a,p2b\n|-supereffective|p2a: Pelipper|1\n|-damage|p2a: Pelipper|14/100\n|-damage|p2b: Wyrdeer|40/100\n|-enditem|p2b: Wyrdeer|Sitrus Berry|[eat]\n|-heal|p2b: Wyrdeer|64/100|[from] item: Sitrus Berry\n|cant|p2b: Wyrdeer|flinch\n|\n|-weather|RainDance|[upkeep]\n|upkeep\n|turn|6\n|\n|t:|1776303143\n|move|p1b: Sinistcha|Rage Powder|p1b: Sinistcha\n|-singleturn|p1b: Sinistcha|move: Rage Powder\n|move|p2a: Pelipper|Weather Ball|p1b: Sinistcha\n|-resisted|p1b: Sinistcha|1\n|-damage|p1b: Sinistcha|0 fnt\n|faint|p1b: Sinistcha\n|move|p1a: Tyranitar|Rock Slide|p2a: Pelipper|[spread] p2a,p2b\n|-supereffective|p2a: Pelipper|1\n|-damage|p2a: Pelipper|0 fnt\n|-damage|p2b: Wyrdeer|44/100\n|faint|p2a: Pelipper\n|cant|p2b: Wyrdeer|flinch\n|\n|-weather|RainDance|[upkeep]\n|upkeep\n|\n|t:|1776303159\n|switch|p2a: Floette|Floette-Eternal, L50, F|100/100\n|switch|p1b: Sneasler|Sneasler, L50, F|89/100\n|turn|7\n|\n|t:|1776303182\n|move|p1b: Sneasler|Protect|p1b: Sneasler\n|-singleturn|p1b: Sneasler|Protect\n|move|p2a: Floette|Protect|p2a: Floette\n|-singleturn|p2a: Floette|Protect\n|move|p1a: Tyranitar|Knock Off|p2b: Wyrdeer\n|-supereffective|p2b: Wyrdeer|1\n|-damage|p2b: Wyrdeer|0 fnt\n|faint|p2b: Wyrdeer\n|\n|-weather|RainDance|[upkeep]\n|upkeep\n|turn|8\n|-message|areestoo forfeited.\n|\n|win|Troodon_Jesus\n|raw|Troodon_Jesus's rating: 1159 &rarr; <strong>1192</strong><br />(+33 for winning)\n|raw|areestoo's rating: 1267 &rarr; <strong>1234</strong><br />(-33 for losing)\n",
  "uploadtime": 1776303188,
  "views": 18,
  "formatid": "gen9championsvgc2026regma",
  "rating": 1192,
  "private": 0,
  "password": null
}