{
  "id": "gen9championsvgc2026regma-2584203786",
  "format": "[Gen 9 Champions] VGC 2026 Reg M-A",
  "players": [
    "Soliidd",
    "MrTestingPith"
  ],
  "log": "|j|\u2606Soliidd\n|j|\u2606MrTestingPith\n|t:|1776237839\n|gametype|doubles\n|player|p1|Soliidd|flannery|1322\n|player|p2|MrTestingPith|102|1381\n|gen|9\n|tier|[Gen 9 Champions] VGC 2026 Reg M-A\n|rated|\n|rule|Species Clause: Limit one of each Pok\u00e9mon\n|rule|Item Clause: Limit 1 of each item\n|clearpoke\n|poke|p1|Charizard, L50, F|\n|poke|p1|Gengar, L50, F|\n|poke|p1|Whimsicott, L50, F|\n|poke|p1|Garchomp, L50, F|\n|poke|p1|Incineroar, L50, F|\n|poke|p1|Milotic, L50, F|\n|poke|p2|Klefki, L50, M|\n|poke|p2|Tsareena, L50, F|\n|poke|p2|Greninja-*, L50, F|\n|poke|p2|Politoed, L50, M|\n|poke|p2|Talonflame, L50, M|\n|poke|p2|Snorlax, L50, F|\n|teampreview|4\nSoliidd has agreed to open team sheets.\n|inactive|Battle timer is ON: inactive players will automatically lose when time's up. (requested by MrTestingPith)\nMrTestingPith rejected open team sheets.\n|\n|t:|1776237908\n|teamsize|p1|4\n|teamsize|p2|4\n|start\n|switch|p1a: Garchomp|Garchomp, L50, F|100/100\n|switch|p1b: Incineroar|Incineroar, L50, F|100/100\n|switch|p2a: Talonflame|Talonflame, L50, M|100/100\n|switch|p2b: Greninja|Greninja, L50, F|100/100\n|-ability|p1b: Incineroar|Intimidate|boost\n|-unboost|p2a: Talonflame|atk|1\n|-unboost|p2b: Greninja|atk|1\n|turn|1\n|inactive|Soliidd has 30 seconds left.\n|\n|t:|1776237939\n|move|p2a: Talonflame|Protect|p2a: Talonflame\n|-singleturn|p2a: Talonflame|Protect\n|move|p2b: Greninja|Protect|p2b: Greninja\n|-start|p2b: Greninja|typechange|Normal|[from] ability: Protean\n|-singleturn|p2b: Greninja|Protect\n|move|p1a: Garchomp|Rock Slide|p2a: Talonflame|[spread] \n|-activate|p2a: Talonflame|move: Protect\n|-activate|p2b: Greninja|move: Protect\n|move|p1b: Incineroar|Parting Shot|p2b: Greninja\n|-activate|p2b: Greninja|move: Protect\n|\n|upkeep\n|turn|2\n|\n|t:|1776237961\n|switch|p2a: Politoed|Politoed, L50, M|100/100\n|-weather|RainDance|[from] ability: Drizzle|[of] p2a: Politoed\n|switch|p1b: Milotic|Milotic, L50, F, shiny|100/100\n|detailschange|p2b: Greninja|Greninja-Mega, L50, F\n|-mega|p2b: Greninja|Greninja|Greninjite\n|move|p1a: Garchomp|Rock Slide|p2a: Politoed|[spread] p2a,p2b\n|-damage|p2a: Politoed|69/100\n|-damage|p2b: Greninja|68/100\n|move|p2b: Greninja|Weather Ball|p1b: Milotic\n|-start|p2b: Greninja|typechange|Water|[from] ability: Protean\n|-resisted|p1b: Milotic|1\n|-damage|p1b: Milotic|73/100\n|\n|-weather|RainDance|[upkeep]\n|-heal|p1b: Milotic|79/100|[from] item: Leftovers\n|upkeep\n|turn|3\n|inactive|Soliidd has 30 seconds left.\n|\n|t:|1776237995\n|move|p2b: Greninja|Protect|p2b: Greninja\n|-singleturn|p2b: Greninja|Protect\n|move|p1a: Garchomp|Rock Slide|p2a: Politoed|[spread] p2a\n|-activate|p2b: Greninja|move: Protect\n|-damage|p2a: Politoed|42/100\n|move|p2a: Politoed|Ice Beam|p1a: Garchomp\n|-supereffective|p1a: Garchomp|2\n|-damage|p1a: Garchomp|0 fnt\n|faint|p1a: Garchomp\n|move|p1b: Milotic|Scald|p2b: Greninja\n|-activate|p2b: Greninja|move: Protect\n|\n|-weather|RainDance|[upkeep]\n|-heal|p1b: Milotic|85/100|[from] item: Leftovers\n|upkeep\n|\n|t:|1776238016\n|switch|p1a: Charizard|Charizard, L50, F, shiny|100/100\n|turn|4\n|inactive|Soliidd has 30 seconds left.\n|inactive|MrTestingPith has 30 seconds left.\n|inactive|MrTestingPith has 20 seconds left.\n|inactive|MrTestingPith has 15 seconds left.\n|\n|t:|1776238056\n|switch|p2a: Talonflame|Talonflame, L50, M|100/100\n|detailschange|p1a: Charizard|Charizard-Mega-Y, L50, F, shiny\n|-mega|p1a: Charizard|Charizard|Charizardite Y\n|-weather|SunnyDay|[from] ability: Drought|[of] p1a: Charizard\n|move|p2b: Greninja|Extrasensory|p1a: Charizard\n|-damage|p1a: Charizard|71/100\n|move|p1a: Charizard|Solar Beam||[still]\n|-prepare|p1a: Charizard|Solar Beam\n|-anim|p1a: Charizard|Solar Beam|p2b: Greninja\n|-supereffective|p2b: Greninja|1\n|-damage|p2b: Greninja|0 fnt\n|faint|p2b: Greninja\n|move|p1b: Milotic|Ice Beam|p2a: Talonflame\n|-damage|p2a: Talonflame|59/100\n|\n|-weather|SunnyDay|[upkeep]\n|-heal|p1b: Milotic|91/100|[from] item: Leftovers\n|upkeep\n|\n|t:|1776238080\n|switch|p2b: Politoed|Politoed, L50, M|42/100\n|-weather|RainDance|[from] ability: Drizzle|[of] p2b: Politoed\n|turn|5\n|inactive|Soliidd has 30 seconds left.\n|inactive|Soliidd has 20 seconds left.\n|\n|t:|1776238118\n|switch|p2a: Tsareena|Tsareena, L50, F|100/100\n|move|p1a: Charizard|Protect|p1a: Charizard\n|-singleturn|p1a: Charizard|Protect\n|move|p2b: Politoed|Weather Ball|p1a: Charizard\n|-activate|p1a: Charizard|move: Protect\n|move|p1b: Milotic|Icy Wind|p2b: Politoed|[spread] p2a,p2b\n|-supereffective|p2a: Tsareena|1\n|-resisted|p2b: Politoed|1\n|-damage|p2a: Tsareena|77/100\n|-damage|p2b: Politoed|36/100\n|-unboost|p2a: Tsareena|spe|1\n|-unboost|p2b: Politoed|spe|1\n|\n|-weather|RainDance|[upkeep]\n|-heal|p1b: Milotic|97/100|[from] item: Leftovers\n|upkeep\n|turn|6\n|inactive|Soliidd has 30 seconds left.\n|inactive|Soliidd has 20 seconds left.\n|\n|t:|1776238156\n|switch|p1a: Incineroar|Incineroar, L50, F|100/100\n|-ability|p1a: Incineroar|Intimidate|boost\n|-unboost|p2a: Tsareena|atk|1\n|-unboost|p2b: Politoed|atk|1\n|move|p2b: Politoed|Weather Ball|p1a: Incineroar\n|-supereffective|p1a: Incineroar|1\n|-damage|p1a: Incineroar|4/100\n|-enditem|p1a: Incineroar|Sitrus Berry|[eat]\n|-heal|p1a: Incineroar|29/100|[from] item: Sitrus Berry\n|move|p1b: Milotic|Scald|p2b: Politoed\n|-resisted|p2b: Politoed|1\n|-damage|p2b: Politoed|9/100\n|move|p2a: Tsareena|Power Whip|p1b: Milotic\n|-supereffective|p1b: Milotic|1\n|-damage|p1b: Milotic|28/100\n|\n|-weather|RainDance|[upkeep]\n|-heal|p1b: Milotic|34/100|[from] item: Leftovers\n|upkeep\n|turn|7\n|inactive|Soliidd has 30 seconds left.\n|inactive|Soliidd has 20 seconds left.\n|inactive|Soliidd has 15 seconds left.\n|inactive|Soliidd has 10 seconds left.\n|\n|t:|1776238201\n|switch|p2b: Talonflame|Talonflame, L50, M|59/100\n|move|p1b: Milotic|Ice Beam|p2a: Tsareena\n|-supereffective|p2a: Tsareena|1\n|-damage|p2a: Tsareena|26/100\n|-enditem|p2a: Tsareena|Sitrus Berry|[eat]\n|-heal|p2a: Tsareena|50/100|[from] item: Sitrus Berry\n|move|p1a: Incineroar|Darkest Lariat|p2b: Talonflame\n|-damage|p2b: Talonflame|8/100\n|move|p2a: Tsareena|Low Kick|p1a: Incineroar\n|-supereffective|p1a: Incineroar|1\n|-damage|p1a: Incineroar|0 fnt\n|faint|p1a: Incineroar\n|\n|-weather|RainDance|[upkeep]\n|-heal|p1b: Milotic|40/100|[from] item: Leftovers\n|upkeep\n|\n|t:|1776238216\n|switch|p1a: Charizard|Charizard-Mega-Y, L50, F, shiny|71/100\n|-weather|SunnyDay|[from] ability: Drought|[of] p1a: Charizard\n|turn|8\n|inactive|Soliidd has 30 seconds left.\n|\n|t:|1776238250\n|move|p2a: Tsareena|Protect|p2a: Tsareena\n|-singleturn|p2a: Tsareena|Protect\n|move|p2b: Talonflame|Tailwind|p2b: Talonflame\n|-sidestart|p2: MrTestingPith|move: Tailwind\n|move|p1a: Charizard|Heat Wave|p2a: Tsareena|[spread] p2b\n|-activate|p2a: Tsareena|move: Protect\n|-resisted|p2b: Talonflame|1\n|-damage|p2b: Talonflame|0 fnt\n|faint|p2b: Talonflame\n|move|p1b: Milotic|Icy Wind|p2a: Tsareena\n|-activate|p2a: Tsareena|move: Protect\n|\n|-weather|SunnyDay|[upkeep]\n|-heal|p1b: Milotic|46/100|[from] item: Leftovers\n|upkeep\n|\n|t:|1776238256\n|switch|p2b: Politoed|Politoed, L50, M|9/100\n|-weather|RainDance|[from] ability: Drizzle|[of] p2b: Politoed\n|turn|9\n|inactive|Soliidd has 30 seconds left.\n|\n|t:|1776238289\n|move|p2b: Politoed|Weather Ball|p1a: Charizard\n|-supereffective|p1a: Charizard|1\n|-damage|p1a: Charizard|0 fnt\n|faint|p1a: Charizard\n|move|p2a: Tsareena|Power Whip|p1b: Milotic\n|-supereffective|p1b: Milotic|1\n|-damage|p1b: Milotic|0 fnt\n|faint|p1b: Milotic\n|\n|win|MrTestingPith\n|raw|Soliidd's rating: 1322 &rarr; <strong>1305</strong><br />(-17 for losing)\n|raw|MrTestingPith's rating: 1381 &rarr; <strong>1398</strong><br />(+17 for winning)\n",
  "uploadtime": 1776238298,
  "views": 35,
  "formatid": "gen9championsvgc2026regma",
  "rating": 1305,
  "private": 0,
  "password": null
}