{
  "id": "gen9championsvgc2026regma-2582962085",
  "format": "[Gen 9 Champions] VGC 2026 Reg M-A",
  "players": [
    "tvini222555",
    "rabadonz"
  ],
  "log": "|j|\u2606tvini222555\n|j|\u2606rabadonz\n|t:|1776128802\n|gametype|doubles\n|player|p1|tvini222555|101|1113\n|player|p2|rabadonz|170|1025\n|gen|9\n|tier|[Gen 9 Champions] VGC 2026 Reg M-A\n|rated|\n|rule|Species Clause: Limit one of each Pok\u00e9mon\n|rule|Item Clause: Limit 1 of each item\n|clearpoke\n|poke|p1|Greninja-*, L50, F|\n|poke|p1|Slowking-Galar, L50, M|\n|poke|p1|Talonflame, L50, M|\n|poke|p1|Hydreigon, L50, M|\n|poke|p1|Tinkaton, L50, F|\n|poke|p1|Vanilluxe, L50, F|\n|poke|p2|Delphox, L50, F|\n|poke|p2|Incineroar, L50, M|\n|poke|p2|Rotom-Frost, L50|\n|poke|p2|Froslass, L50, F|\n|poke|p2|Whimsicott, L50, M|\n|poke|p2|Vaporeon, L50, F|\n|teampreview|4\n|\n|t:|1776128821\n|teamsize|p1|4\n|teamsize|p2|4\n|start\n|switch|p1a: Talonflame|Talonflame, L50, M|100/100\n|switch|p1b: Hydreigon|Hydreigon, L50, M|100/100\n|switch|p2a: Froslass|Froslass, L50, F|100/100\n|switch|p2b: Rotom|Rotom-Frost, L50|100/100\n|turn|1\n|inactive|Battle timer is ON: inactive players will automatically lose when time's up. (requested by tvini222555)\n|\n|t:|1776128848\n|detailschange|p2a: Froslass|Froslass-Mega, L50, F\n|-mega|p2a: Froslass|Froslass|Froslassite\n|-weather|Snowscape|[from] ability: Snow Warning|[of] p2a: Froslass\n|move|p1a: Talonflame|Tailwind|p1a: Talonflame\n|-sidestart|p1: tvini222555|move: Tailwind\n|move|p1b: Hydreigon|U-turn|p2b: Rotom\n|-damage|p2b: Rotom|85/100\n|\n|t:|1776128856\n|switch|p1b: Tinkaton|Tinkaton, L50, F|100/100|[from] U-turn\n|move|p2b: Rotom|Blizzard|p1a: Talonflame|[spread] p1a,p1b\n|-resisted|p1b: Tinkaton|1\n|-damage|p1a: Talonflame|40/100\n|-damage|p1b: Tinkaton|82/100\n|move|p2a: Froslass|Blizzard|p1a: Talonflame|[spread] p1a,p1b\n|-resisted|p1b: Tinkaton|1\n|-damage|p1a: Talonflame|0 fnt\n|-damage|p1b: Tinkaton|62/100\n|faint|p1a: Talonflame\n|\n|-weather|Snowscape|[upkeep]\n|upkeep\n|inactive|tvini222555 has 30 seconds left.\n|\n|t:|1776128886\n|switch|p1a: Greninja|Greninja, L50, F|100/100\n|turn|2\n|\n|t:|1776128902\n|switch|p2b: Vaporeon|Vaporeon, L50, F|100/100\n|detailschange|p1a: Greninja|Greninja-Mega, L50, F\n|-mega|p1a: Greninja|Greninja|Greninjite\n|move|p1a: Greninja|Hydro Pump|p2b: Vaporeon\n|-start|p1a: Greninja|typechange|Water|[from] ability: Protean\n|-immune|p2b: Vaporeon|[from] ability: Water Absorb\n|move|p1b: Tinkaton|Gigaton Hammer|p2a: Froslass\n|-supereffective|p2a: Froslass|1\n|-damage|p2a: Froslass|0 fnt\n|faint|p2a: Froslass\n|\n|-weather|Snowscape|[upkeep]\n|upkeep\n|\n|t:|1776128911\n|switch|p2a: Whimsicott|Whimsicott, L50, M|100/100\n|turn|3\n|\n|t:|1776128933\n|move|p1b: Tinkaton|Feint|p2a: Whimsicott\n|-damage|p2a: Whimsicott|88/100\n|move|p2a: Whimsicott|Encore|p1a: Greninja\n|-start|p1a: Greninja|Encore\n|move|p1a: Greninja|Hydro Pump|p2a: Whimsicott|[miss]\n|-miss|p1a: Greninja|p2a: Whimsicott\n|move|p2b: Vaporeon|Scald|p1b: Tinkaton\n|-damage|p1b: Tinkaton|28/100\n|\n|-weather|Snowscape|[upkeep]\n|upkeep\n|turn|4\n|\n|t:|1776128957\n|switch|p1b: Hydreigon|Hydreigon, L50, M|100/100\n|move|p2a: Whimsicott|Tailwind|p2a: Whimsicott\n|-sidestart|p2: rabadonz|move: Tailwind\n|move|p1a: Greninja|Hydro Pump|p2a: Whimsicott\n|-resisted|p2a: Whimsicott|1\n|-damage|p2a: Whimsicott|39/100\n|move|p2b: Vaporeon|Scald|p1b: Hydreigon\n|-resisted|p1b: Hydreigon|1\n|-damage|p1b: Hydreigon|81/100\n|-status|p1b: Hydreigon|brn\n|\n|-weather|Snowscape|[upkeep]\n|-damage|p1b: Hydreigon|75/100 brn|[from] brn\n|-sideend|p1: tvini222555|move: Tailwind\n|upkeep\n|turn|5\n|\n|t:|1776128977\n|switch|p1b: Tinkaton|Tinkaton, L50, F|28/100\n|move|p2a: Whimsicott|Giga Drain|p1a: Greninja\n|-supereffective|p1a: Greninja|1\n|-damage|p1a: Greninja|22/100\n|-heal|p2a: Whimsicott|82/100|[from] drain|[of] p1a: Greninja\n|move|p1a: Greninja|Hydro Pump|p2a: Whimsicott\n|-resisted|p2a: Whimsicott|1\n|-damage|p2a: Whimsicott|33/100\n|move|p2b: Vaporeon|Ice Beam|p1b: Tinkaton\n|-resisted|p1b: Tinkaton|1\n|-damage|p1b: Tinkaton|17/100\n|\n|-weather|none\n|-end|p1a: Greninja|Encore\n|upkeep\n|turn|6\n|\n|t:|1776128997\n|move|p1b: Tinkaton|Fake Out|p2a: Whimsicott\n|-damage|p2a: Whimsicott|18/100\n|cant|p2a: Whimsicott|flinch\n|move|p1a: Greninja|Sludge Wave|p2b: Vaporeon|[spread] p2a,p2b\n|-immune|p1b: Tinkaton\n|-supereffective|p2a: Whimsicott|2\n|-damage|p2a: Whimsicott|0 fnt\n|-damage|p2b: Vaporeon|86/100\n|faint|p2a: Whimsicott\n|move|p2b: Vaporeon|Scald|p1b: Tinkaton\n|-damage|p1b: Tinkaton|0 fnt\n|faint|p1b: Tinkaton\n|\n|-heal|p2b: Vaporeon|92/100|[from] item: Leftovers\n|upkeep\n|\n|t:|1776129014\n|switch|p2a: Rotom|Rotom-Frost, L50|85/100\n|switch|p1b: Hydreigon|Hydreigon, L50, M|75/100 brn\n|turn|7\n|\n|t:|1776129033\n|move|p2a: Rotom|Volt Switch|p1a: Greninja\n|-supereffective|p1a: Greninja|1\n|-damage|p1a: Greninja|0 fnt\n|faint|p1a: Greninja\n|move|p1b: Hydreigon|Dark Pulse|p2a: Rotom\n|-damage|p2a: Rotom|25/100\n|move|p2b: Vaporeon|Ice Beam|p1b: Hydreigon\n|-supereffective|p1b: Hydreigon|1\n|-damage|p1b: Hydreigon|22/100 brn\n|\n|-heal|p2b: Vaporeon|98/100|[from] item: Leftovers\n|-damage|p1b: Hydreigon|16/100 brn|[from] brn\n|-sideend|p2: rabadonz|move: Tailwind\n|upkeep\n|turn|8\n|c|\u2606rabadonz|gg\n|\n|t:|1776129048\n|move|p2a: Rotom|Volt Switch|p1b: Hydreigon\n|-resisted|p1b: Hydreigon|1\n|-damage|p1b: Hydreigon|0 fnt\n|faint|p1b: Hydreigon\n|\n|win|rabadonz\n|raw|tvini222555's rating: 1113 &rarr; <strong>1082</strong><br />(-31 for losing)\n|raw|rabadonz's rating: 1025 &rarr; <strong>1070</strong><br />(+45 for winning)\n|l|\u2606tvini222555\n|player|p1|\n",
  "uploadtime": 1776129059,
  "views": 9,
  "formatid": "gen9championsvgc2026regma",
  "rating": 1070,
  "private": 0,
  "password": null
}