{
  "id": "gen9championsvgc2026regma-2584840105",
  "format": "[Gen 9 Champions] VGC 2026 Reg M-A",
  "players": [
    "capellas feet",
    "Fredbear&Memes"
  ],
  "log": "|j|\u2606capellas feet\n|j|\u2606Fredbear&Memes\n|t:|1776287728\n|gametype|doubles\n|player|p1|capellas feet|scientist-gen4dp|1152\n|player|p2|Fredbear&Memes|corbeau|1076\n|gen|9\n|tier|[Gen 9 Champions] VGC 2026 Reg M-A\n|rated|\n|rule|Species Clause: Limit one of each Pok\u00e9mon\n|rule|Item Clause: Limit 1 of each item\n|clearpoke\n|poke|p1|Kingambit, L50, M|\n|poke|p1|Gengar, L50, F|\n|poke|p1|Incineroar, L50, F|\n|poke|p1|Kommo-o, L50, F|\n|poke|p1|Tyranitar, L50, F|\n|poke|p1|Sinistcha, L50|\n|poke|p2|Meganium, L50, M|\n|poke|p2|Dragapult, L50, M|\n|poke|p2|Zoroark-Hisui, L50, M|\n|poke|p2|Kingambit, L50, M|\n|poke|p2|Aerodactyl, L50, M|\n|poke|p2|Sneasler, L50, F|\n|teampreview|4\n|inactive|Battle timer is ON: inactive players will automatically lose when time's up. (requested by capellas feet)\n|inactive|capellas feet has 60 seconds left.\n|inactive|Fredbear&Memes has 60 seconds left.\n|\n|t:|1776287775\n|teamsize|p1|4\n|teamsize|p2|4\n|start\n|switch|p1a: Kingambit|Kingambit, L50, M|100/100\n|switch|p1b: Incineroar|Incineroar, L50, F|100/100\n|switch|p2a: Sneasler|Sneasler, L50, F|100/100\n|switch|p2b: Kingambit|Kingambit, L50, M, shiny|100/100\n|-ability|p1b: Incineroar|Intimidate|boost\n|-unboost|p2a: Sneasler|atk|1\n|-unboost|p2b: Kingambit|atk|1\n|-enditem|p2a: Sneasler|White Herb\n|-clearnegativeboost|p2a: Sneasler|[silent]\n|turn|1\n|inactive|capellas feet has 30 seconds left.\n|inactive|Fredbear&Memes has 30 seconds left.\n|inactive|Fredbear&Memes has 20 seconds left.\n|inactive|Fredbear&Memes has 15 seconds left.\n|inactive|Fredbear&Memes has 10 seconds left.\n|inactive|Fredbear&Memes has 5 seconds left.\n|\n|t:|1776287826\n|move|p1b: Incineroar|Fake Out|p2a: Sneasler\n|-damage|p2a: Sneasler|83/100\n|cant|p2a: Sneasler|flinch\n|move|p2b: Kingambit|Sludge Bomb|p1b: Incineroar\n|-damage|p1b: Incineroar|78/100\n|move|p1a: Kingambit|Low Kick|p2b: Kingambit\n|-immune|p2b: Kingambit\n|\n|upkeep\n|turn|2\n|inactive|Fredbear&Memes has 30 seconds left.\n|c|\u2606capellas feet|Holy fuck\n|\n|t:|1776287851\n|switch|p2b: Kingambit|Kingambit, L50, M, shiny|100/100\n|move|p1a: Kingambit|Sucker Punch||[still]\n|-fail|p1a: Kingambit\n|move|p2a: Sneasler|Close Combat|p1a: Kingambit\n|-supereffective|p1a: Kingambit|2\n|-enditem|p1a: Kingambit|Chople Berry|[eat]\n|-enditem|p1a: Kingambit|Chople Berry|[weaken]\n|-damage|p1a: Kingambit|4/100\n|-unboost|p2a: Sneasler|def|1\n|-unboost|p2a: Sneasler|spd|1\n|move|p1b: Incineroar|Parting Shot|p2a: Sneasler\n|-unboost|p2a: Sneasler|atk|1\n|-unboost|p2a: Sneasler|spa|1\n|\n|t:|1776287865\n|switch|p1b: Gengar|Gengar, L50, F|100/100|[from] Parting Shot\n|\n|upkeep\n|turn|3\n|c|\u2606Fredbear&Memes|hm?\n|\n|t:|1776287875\n|detailschange|p1b: Gengar|Gengar-Mega, L50, F\n|-mega|p1b: Gengar|Gengar|Gengarite\n|move|p2b: Kingambit|Sucker Punch|p1a: Kingambit\n|-resisted|p1a: Kingambit|1\n|-damage|p1a: Kingambit|0 fnt\n|faint|p1a: Kingambit\n|move|p2a: Sneasler|Dire Claw|p1b: Gengar\n|-resisted|p1b: Gengar|2\n|-damage|p1b: Gengar|93/100\n|move|p1b: Gengar|Perish Song|p1b: Gengar\n|-start|p1b: Gengar|perish3|[silent]\n|-start|p2a: Sneasler|perish3|[silent]\n|-start|p2b: Kingambit|perish3|[silent]\n|-fieldactivate|move: Perish Song\n|\n|-start|p2a: Sneasler|perish3\n|-start|p1b: Gengar|perish3\n|-start|p2b: Kingambit|perish3\n|upkeep\n|\n|t:|1776287885\n|switch|p1a: Incineroar|Incineroar, L50, F|78/100\n|-ability|p1a: Incineroar|Intimidate|boost\n|-unboost|p2a: Sneasler|atk|1\n|-unboost|p2b: Kingambit|atk|1\n|-ability|p2b: Kingambit|Defiant|boost\n|-boost|p2b: Kingambit|atk|2\n|turn|4\n|\n|t:|1776287906\n|move|p1a: Incineroar|Fake Out|p2a: Sneasler\n|-damage|p2a: Sneasler|55/100\n|cant|p2a: Sneasler|flinch\n|move|p1b: Gengar|Substitute|p1b: Gengar\n|-start|p1b: Gengar|Substitute\n|-damage|p1b: Gengar|68/100\n|move|p2b: Kingambit|Low Kick|p1a: Incineroar\n|-supereffective|p1a: Incineroar|1\n|-damage|p1a: Incineroar|0 fnt\n|faint|p1a: Incineroar\n|\n|-start|p2a: Sneasler|perish2\n|-start|p1b: Gengar|perish2\n|-start|p2b: Kingambit|perish2\n|upkeep\n|\n|t:|1776287915\n|switch|p1a: Sinistcha|Sinistcha, L50|100/100\n|-heal|p1b: Gengar|93/100|[from] ability: Hospitality|[of] p1a: Sinistcha\n|turn|5\n|-message|capellas feet forfeited.\n|\n|win|Fredbear&Memes\n|raw|capellas feet's rating: 1152 &rarr; <strong>1122</strong><br />(-30 for losing)\n|raw|Fredbear&amp;Memes's rating: 1076 &rarr; <strong>1111</strong><br />(+35 for winning)\n|l|\u2606capellas feet\n|player|p1|\n|c|\u2606Fredbear&Memes|gg\n",
  "uploadtime": 1776287937,
  "views": 29,
  "formatid": "gen9championsvgc2026regma",
  "rating": 1111,
  "private": 0,
  "password": null
}