{
  "id": "gen9championsvgc2026regma-2585582698",
  "format": "[Gen 9 Champions] VGC 2026 Reg M-A",
  "players": [
    "hypnopie",
    "vegemite360"
  ],
  "log": "|j|\u2606hypnopie\n|j|\u2606vegemite360\n|t:|1776356975\n|gametype|doubles\n|player|p1|hypnopie|burglar|1149\n|player|p2|vegemite360|bugcatcher-gen4dp|1204\n|gen|9\n|tier|[Gen 9 Champions] VGC 2026 Reg M-A\n|rated|\n|rule|Species Clause: Limit one of each Pok\u00e9mon\n|rule|Item Clause: Limit 1 of each item\n|clearpoke\n|poke|p1|Tyranitar, L50, F|\n|poke|p1|Pelipper, L50, M|\n|poke|p1|Slowking-Galar, L50, M|\n|poke|p1|Delphox, L50, M|\n|poke|p1|Dragonite, L50, M|\n|poke|p1|Ditto, L50|\n|poke|p2|Crabominable, L50, F|\n|poke|p2|Primarina, L50, F|\n|poke|p2|Kingambit, L50, F|\n|poke|p2|Slowking-Galar, L50, M|\n|poke|p2|Incineroar, L50, F|\n|poke|p2|Sinistcha, L50|\n|teampreview|4\n|inactive|Battle timer is ON: inactive players will automatically lose when time's up. (requested by vegemite360)\n|\n|t:|1776357005\n|teamsize|p1|4\n|teamsize|p2|4\n|start\n|switch|p1a: Slowking|Slowking-Galar, L50, M|100/100\n|switch|p1b: Delphox|Delphox, L50, M|100/100\n|switch|p2a: Primarina|Primarina, L50, F|100/100\n|switch|p2b: Sinistcha|Sinistcha, L50|100/100\n|turn|1\n|\n|t:|1776357024\n|detailschange|p1b: Delphox|Delphox-Mega, L50, M\n|-mega|p1b: Delphox|Delphox|Delphoxite\n|move|p1b: Delphox|Protect|p1b: Delphox\n|-singleturn|p1b: Delphox|Protect\n|move|p2a: Primarina|Calm Mind|p2a: Primarina\n|-boost|p2a: Primarina|spa|1\n|-boost|p2a: Primarina|spd|1\n|move|p1a: Slowking|Sludge Wave|p2b: Sinistcha|[spread] p2a\n|-activate|p1b: Delphox|move: Protect\n|-miss|p1a: Slowking|p2b: Sinistcha\n|-supereffective|p2a: Primarina|1\n|-damage|p2a: Primarina|55/100\n|move|p2b: Sinistcha|Trick Room|p2b: Sinistcha\n|-fieldstart|move: Trick Room|[of] p2b: Sinistcha\n|\n|-heal|p2a: Primarina|61/100|[from] item: Leftovers\n|upkeep\n|turn|2\n|inactive|vegemite360 has 30 seconds left.\n|\n|t:|1776357054\n|switch|p1b: Ditto|Ditto, L50|100/100\n|-transform|p1b: Ditto|p2a: Primarina|[from] ability: Imposter\n|move|p1a: Slowking|Sludge Wave|p2a: Primarina|[spread] p1b,p2a\n|-miss|p1a: Slowking|p2b: Sinistcha\n|-supereffective|p1b: Ditto|1\n|-supereffective|p2a: Primarina|1\n|-damage|p1b: Ditto|45/100\n|-damage|p2a: Primarina|14/100\n|move|p2a: Primarina|Hyper Voice|p1a: Slowking|[spread] p1a,p1b\n|-resisted|p1b: Ditto|1\n|-damage|p1a: Slowking|54/100\n|-damage|p1b: Ditto|22/100\n|move|p2b: Sinistcha|Matcha Gotcha|p1a: Slowking|[spread] p1a\n|-miss|p2b: Sinistcha|p1b: Ditto\n|-resisted|p1a: Slowking|1\n|-damage|p1a: Slowking|43/100\n|\n|-heal|p2a: Primarina|20/100|[from] item: Leftovers\n|upkeep\n|turn|3\n|\n|t:|1776357072\n|move|p2a: Primarina|Protect|p2a: Primarina\n|-singleturn|p2a: Primarina|Protect\n|move|p1b: Ditto|Protect|p1b: Ditto\n|-singleturn|p1b: Ditto|Protect\n|move|p1a: Slowking|Sludge Wave|p2b: Sinistcha|[spread] p2b\n|-activate|p1b: Ditto|move: Protect\n|-activate|p2a: Primarina|move: Protect\n|-crit|p2b: Sinistcha\n|-damage|p2b: Sinistcha|44/100\n|move|p2b: Sinistcha|Matcha Gotcha|p1a: Slowking|[spread] p1a\n|-activate|p1b: Ditto|move: Protect\n|-resisted|p1a: Slowking|1\n|-damage|p1a: Slowking|33/100\n|-heal|p2b: Sinistcha|50/100|[from] drain|[of] p1a: Slowking\n|\n|-heal|p2a: Primarina|26/100|[from] item: Leftovers\n|upkeep\n|turn|4\n|\n|t:|1776357086\n|switch|p1b: Tyranitar|Tyranitar, L50, F|100/100\n|-weather|Sandstorm|[from] ability: Sand Stream|[of] p1b: Tyranitar\n|move|p1a: Slowking|Sludge Wave|p2b: Sinistcha|[spread] p1b,p2a,p2b\n|-resisted|p1b: Tyranitar|1\n|-supereffective|p2a: Primarina|1\n|-damage|p1b: Tyranitar|92/100\n|-damage|p2a: Primarina|0 fnt\n|-damage|p2b: Sinistcha|12/100\n|faint|p2a: Primarina\n|move|p2b: Sinistcha|Matcha Gotcha|p1b: Tyranitar|[spread] p1a,p1b\n|-resisted|p1a: Slowking|1\n|-supereffective|p1b: Tyranitar|1\n|-damage|p1a: Slowking|23/100\n|-heal|p2b: Sinistcha|18/100|[from] drain|[of] p1a: Slowking\n|-damage|p1b: Tyranitar|73/100\n|-heal|p2b: Sinistcha|29/100|[from] drain|[of] p1b: Tyranitar\n|\n|-weather|Sandstorm|[upkeep]\n|-damage|p1a: Slowking|17/100|[from] Sandstorm\n|-damage|p2b: Sinistcha|23/100|[from] Sandstorm\n|upkeep\n|\n|t:|1776357099\n|switch|p2a: Kingambit|Kingambit, L50, F|100/100\n|turn|5\n|inactive|vegemite360 has 30 seconds left.\n|\n|t:|1776357126\n|move|p1b: Tyranitar|Protect|p1b: Tyranitar\n|-singleturn|p1b: Tyranitar|Protect\n|move|p1a: Slowking|Yawn|p2a: Kingambit\n|-start|p2a: Kingambit|move: Yawn|[of] p1a: Slowking\n|move|p2a: Kingambit|Iron Head|p1b: Tyranitar\n|-activate|p1b: Tyranitar|move: Protect\n|move|p2b: Sinistcha|Matcha Gotcha|p1b: Tyranitar|[spread] p1a\n|-activate|p1b: Tyranitar|move: Protect\n|-resisted|p1a: Slowking|1\n|-damage|p1a: Slowking|7/100\n|-heal|p2b: Sinistcha|29/100|[from] drain|[of] p1a: Slowking\n|\n|-weather|Sandstorm|[upkeep]\n|-damage|p1a: Slowking|1/100|[from] Sandstorm\n|-damage|p2b: Sinistcha|22/100|[from] Sandstorm\n|-fieldend|move: Trick Room\n|upkeep\n|turn|6\n|inactive|hypnopie has 30 seconds left.\n|\n|t:|1776357151\n|switch|p2a: Crabominable|Crabominable, L50, F|100/100\n|switch|p1a: Ditto|Ditto, L50|22/100\n|-transform|p1a: Ditto|p2b: Sinistcha|[from] ability: Imposter\n|-heal|p1b: Tyranitar|97/100|[from] ability: Hospitality|[of] p1a: Ditto\n|move|p2b: Sinistcha|Protect|p2b: Sinistcha\n|-singleturn|p2b: Sinistcha|Protect\n|move|p1b: Tyranitar|Body Press|p2a: Crabominable\n|-supereffective|p2a: Crabominable|1\n|-damage|p2a: Crabominable|52/100\n|\n|-weather|Sandstorm|[upkeep]\n|-damage|p1a: Ditto|16/100|[from] Sandstorm\n|-damage|p2b: Sinistcha|16/100|[from] Sandstorm\n|-damage|p2a: Crabominable|47/100|[from] Sandstorm\n|upkeep\n|turn|7\n|\n|t:|1776357176\n|detailschange|p2a: Crabominable|Crabominable-Mega, L50, F\n|-mega|p2a: Crabominable|Crabominable|Crabominite\n|move|p1a: Ditto|Rage Powder|p1a: Ditto\n|-singleturn|p1a: Ditto|move: Rage Powder\n|move|p2b: Sinistcha|Matcha Gotcha|p1a: Ditto|[spread] p1a,p1b\n|-resisted|p1a: Ditto|1\n|-crit|p1a: Ditto\n|-supereffective|p1b: Tyranitar|1\n|-damage|p1a: Ditto|0 fnt\n|-heal|p2b: Sinistcha|22/100|[from] drain|[of] p1a: Ditto\n|-damage|p1b: Tyranitar|76/100\n|-heal|p2b: Sinistcha|34/100|[from] drain|[of] p1b: Tyranitar\n|faint|p1a: Ditto\n|move|p1b: Tyranitar|Knock Off|p2b: Sinistcha\n|-supereffective|p2b: Sinistcha|1\n|-damage|p2b: Sinistcha|0 fnt\n|-enditem|p2b: Sinistcha|Bright Powder|[from] move: Knock Off|[of] p1b: Tyranitar\n|faint|p2b: Sinistcha\n|move|p2a: Crabominable|Ice Hammer|p1b: Tyranitar|[miss]\n|-miss|p2a: Crabominable|p1b: Tyranitar\n|\n|-weather|Sandstorm|[upkeep]\n|-damage|p2a: Crabominable|41/100|[from] Sandstorm\n|upkeep\n|\n|t:|1776357188\n|switch|p1a: Delphox|Delphox-Mega, L50, M|100/100\n|switch|p2b: Kingambit|Kingambit, L50, F|100/100\n|turn|8\n|\n|t:|1776357197\n|move|p2b: Kingambit|Sucker Punch||[still]\n|-fail|p2b: Kingambit\n|move|p2a: Crabominable|Mach Punch|p1b: Tyranitar\n|-supereffective|p1b: Tyranitar|2\n|-damage|p1b: Tyranitar|0 fnt\n|faint|p1b: Tyranitar\n|move|p1a: Delphox|Nasty Plot|p1a: Delphox\n|-boost|p1a: Delphox|spa|2\n|\n|-weather|none\n|upkeep\n|\n|t:|1776357205\n|switch|p1b: Slowking|Slowking-Galar, L50, M|34/100\n|turn|9\n|\n|t:|1776357219\n|move|p2b: Kingambit|Sucker Punch|p1a: Delphox\n|-supereffective|p1a: Delphox|1\n|-damage|p1a: Delphox|0 fnt\n|faint|p1a: Delphox\n|move|p1b: Slowking|Yawn|p2b: Kingambit\n|-start|p2b: Kingambit|move: Yawn|[of] p1b: Slowking\n|move|p2a: Crabominable|Ice Hammer|p1b: Slowking\n|-damage|p1b: Slowking|0 fnt\n|-unboost|p2a: Crabominable|spe|1\n|faint|p1b: Slowking\n|\n|win|vegemite360\n|raw|hypnopie's rating: 1149 &rarr; <strong>1128</strong><br />(-21 for losing)\n|raw|vegemite360's rating: 1204 &rarr; <strong>1225</strong><br />(+21 for winning)\n|c|\u2606hypnopie|gg\n",
  "uploadtime": 1776357227,
  "views": 16,
  "formatid": "gen9championsvgc2026regma",
  "rating": 1128,
  "private": 0,
  "password": null
}