{
  "id": "gen9championsvgc2026regma-2585424893",
  "format": "[Gen 9 Champions] VGC 2026 Reg M-A",
  "players": [
    "boolberryjam",
    "Brofessor_X1"
  ],
  "log": "|j|\u2606boolberryjam\n|j|\u2606Brofessor_X1\n|t:|1776346383\n|gametype|doubles\n|player|p1|boolberryjam|rocketgrunt|1295\n|player|p2|Brofessor_X1|1|1247\n|gen|9\n|tier|[Gen 9 Champions] VGC 2026 Reg M-A\n|rated|\n|rule|Species Clause: Limit one of each Pok\u00e9mon\n|rule|Item Clause: Limit 1 of each item\n|clearpoke\n|poke|p1|Garchomp, L50, M|\n|poke|p1|Aerodactyl, L50, M|\n|poke|p1|Kingambit, L50, M|\n|poke|p1|Sylveon, L50, F|\n|poke|p1|Rotom-Wash, L50|\n|poke|p1|Delphox, L50, F|\n|poke|p2|Scizor, L50, F|\n|poke|p2|Sylveon, L50, M|\n|poke|p2|Incineroar, L50, M|\n|poke|p2|Rotom-Wash, L50|\n|poke|p2|Whimsicott, L50, M|\n|poke|p2|Sinistcha, L50|\n|teampreview|4\n|inactive|Battle timer is ON: inactive players will automatically lose when time's up. (requested by Brofessor_X1)\n|inactive|boolberryjam also wants the timer to be on.\n|inactive|Brofessor_X1 has 60 seconds left.\n|\n|t:|1776346425\n|teamsize|p1|4\n|teamsize|p2|4\n|start\n|switch|p1a: Rotom|Rotom-Wash, L50|100/100\n|switch|p1b: Kingambit|Kingambit, L50, M|100/100\n|switch|p2a: Sylveon|Sylveon, L50, M, shiny|100/100\n|switch|p2b: Incineroar|Incineroar, L50, M|100/100\n|-ability|p2b: Incineroar|Intimidate|boost\n|-unboost|p1a: Rotom|atk|1\n|-unboost|p1b: Kingambit|atk|1\n|-ability|p1b: Kingambit|Defiant|boost\n|-boost|p1b: Kingambit|atk|2\n|turn|1\n|\n|t:|1776346443\n|move|p1b: Kingambit|Protect|p1b: Kingambit\n|-singleturn|p1b: Kingambit|Protect\n|move|p2b: Incineroar|Fake Out|p1b: Kingambit\n|-activate|p1b: Kingambit|move: Protect\n|move|p1a: Rotom|Electroweb|p2b: Incineroar|[spread] p2a,p2b\n|-damage|p2a: Sylveon|87/100\n|-damage|p2b: Incineroar|87/100\n|-unboost|p2a: Sylveon|spe|1\n|-unboost|p2b: Incineroar|spe|1\n|move|p2a: Sylveon|Calm Mind|p2a: Sylveon\n|-boost|p2a: Sylveon|spa|1\n|-boost|p2a: Sylveon|spd|1\n|\n|upkeep\n|turn|2\n|\n|t:|1776346461\n|move|p2a: Sylveon|Detect|p2a: Sylveon\n|-singleturn|p2a: Sylveon|Protect\n|move|p1a: Rotom|Electroweb|p2a: Sylveon|[spread] p2b\n|-activate|p2a: Sylveon|move: Protect\n|-damage|p2b: Incineroar|72/100\n|-unboost|p2b: Incineroar|spe|1\n|move|p1b: Kingambit|Kowtow Cleave|p2a: Sylveon\n|-activate|p2a: Sylveon|move: Protect\n|move|p2b: Incineroar|Parting Shot|p1a: Rotom\n|-unboost|p1a: Rotom|atk|1\n|-unboost|p1a: Rotom|spa|1\n|\n|t:|1776346478\n|switch|p2b: Scizor|Scizor, L50, F, shiny|100/100|[from] Parting Shot\n|\n|upkeep\n|turn|3\n|inactive|boolberryjam has 30 seconds left.\n|\n|t:|1776346511\n|switch|p2b: Rotom|Rotom-Wash, L50|100/100\n|move|p1b: Kingambit|Sucker Punch|p2a: Sylveon\n|-resisted|p2a: Sylveon|1\n|-damage|p2a: Sylveon|47/100\n|move|p1a: Rotom|Electroweb|p2a: Sylveon|[spread] p2a,p2b\n|-damage|p2a: Sylveon|41/100\n|-damage|p2b: Rotom|88/100\n|-unboost|p2a: Sylveon|spe|1\n|-unboost|p2b: Rotom|spe|1\n|move|p2a: Sylveon|Hyper Voice|p1b: Kingambit|[spread] p1a,p1b\n|-crit|p1a: Rotom\n|-damage|p1a: Rotom|0 fnt\n|-damage|p1b: Kingambit|29/100\n|faint|p1a: Rotom\n|\n|-heal|p2b: Rotom|94/100|[from] item: Leftovers\n|upkeep\n|\n|t:|1776346524\n|switch|p1a: Aerodactyl|Aerodactyl, L50, M|100/100\n|-ability|p1a: Aerodactyl|Unnerve\n|turn|4\n|\n|t:|1776346535\n|move|p2a: Sylveon|Detect|p2a: Sylveon\n|-singleturn|p2a: Sylveon|Protect\n|move|p1a: Aerodactyl|Tailwind|p1a: Aerodactyl\n|-sidestart|p1: boolberryjam|move: Tailwind\n|move|p1b: Kingambit|Kowtow Cleave|p2b: Rotom\n|-damage|p2b: Rotom|2/100\n|move|p2b: Rotom|Volt Switch|p1a: Aerodactyl\n|-supereffective|p1a: Aerodactyl|1\n|-damage|p1a: Aerodactyl|24/100\n|\n|t:|1776346544\n|switch|p2b: Scizor|Scizor, L50, F, shiny|100/100|[from] Volt Switch\n|\n|upkeep\n|turn|5\n|inactive|boolberryjam has 30 seconds left.\n|\n|t:|1776346573\n|detailschange|p2b: Scizor|Scizor-Mega, L50, F, shiny\n|-mega|p2b: Scizor|Scizor|Scizorite\n|move|p1b: Kingambit|Protect|p1b: Kingambit\n|-singleturn|p1b: Kingambit|Protect\n|move|p2b: Scizor|Bullet Punch|p1a: Aerodactyl\n|-supereffective|p1a: Aerodactyl|1\n|-crit|p1a: Aerodactyl\n|-damage|p1a: Aerodactyl|0 fnt\n|faint|p1a: Aerodactyl\n|move|p2a: Sylveon|Hyper Voice|p1b: Kingambit\n|-activate|p1b: Kingambit|move: Protect\n|\n|upkeep\n|\n|t:|1776346575\n|switch|p1a: Delphox|Delphox, L50, F|100/100\n|turn|6\n|\n|t:|1776346597\n|switch|p2a: Rotom|Rotom-Wash, L50|2/100\n|detailschange|p1a: Delphox|Delphox-Mega, L50, F\n|-mega|p1a: Delphox|Delphox|Delphoxite\n|move|p2b: Scizor|Protect|p2b: Scizor\n|-singleturn|p2b: Scizor|Protect\n|move|p1a: Delphox|Heat Wave|p2a: Rotom|[spread] \n|-activate|p2b: Scizor|move: Protect\n|-miss|p1a: Delphox|p2a: Rotom\n|move|p1b: Kingambit|Kowtow Cleave|p2a: Rotom\n|-damage|p2a: Rotom|0 fnt\n|faint|p2a: Rotom\n|\n|upkeep\n|\n|t:|1776346612\n|switch|p2a: Incineroar|Incineroar, L50, M|72/100\n|-ability|p2a: Incineroar|Intimidate|boost\n|-unboost|p1a: Delphox|atk|1\n|-unboost|p1b: Kingambit|atk|1\n|-ability|p1b: Kingambit|Defiant|boost\n|-boost|p1b: Kingambit|atk|2\n|turn|7\n|\n|t:|1776346623\n|switch|p2b: Sylveon|Sylveon, L50, M, shiny|41/100\n|move|p1b: Kingambit|Protect|p1b: Kingambit\n|-singleturn|p1b: Kingambit|Protect\n|move|p2a: Incineroar|Fake Out|p1a: Delphox\n|-damage|p1a: Delphox|84/100\n|cant|p1a: Delphox|flinch\n|\n|-sideend|p1: boolberryjam|move: Tailwind\n|upkeep\n|turn|8\n|\n|t:|1776346645\n|move|p1b: Kingambit|Sucker Punch|p2b: Sylveon\n|-resisted|p2b: Sylveon|1\n|-damage|p2b: Sylveon|0 fnt\n|faint|p2b: Sylveon\n|move|p1a: Delphox|Substitute|p1a: Delphox\n|-start|p1a: Delphox|Substitute\n|-damage|p1a: Delphox|59/100\n|move|p2a: Incineroar|Flare Blitz|p1b: Kingambit\n|-supereffective|p1b: Kingambit|1\n|-damage|p1b: Kingambit|0 fnt\n|faint|p1b: Kingambit\n|-damage|p2a: Incineroar|63/100|[from] Recoil\n|\n|upkeep\n|\n|t:|1776346656\n|switch|p2b: Scizor|Scizor-Mega, L50, F, shiny|100/100\n|turn|9\n|\n|t:|1776346662\n|move|p1a: Delphox|Protect|p1a: Delphox\n|-singleturn|p1a: Delphox|Protect\n|move|p2b: Scizor|Protect|p2b: Scizor\n|-singleturn|p2b: Scizor|Protect\n|move|p2a: Incineroar|Throat Chop|p1a: Delphox\n|-activate|p1a: Delphox|move: Protect\n|\n|upkeep\n|turn|10\n|\n|t:|1776346674\n|move|p2b: Scizor|Bullet Punch|p1a: Delphox\n|-resisted|p1a: Delphox|1\n|-end|p1a: Delphox|Substitute\n|move|p1a: Delphox|Heat Wave|p2b: Scizor|[spread] p2b\n|-miss|p1a: Delphox|p2a: Incineroar\n|-supereffective|p2b: Scizor|2\n|-damage|p2b: Scizor|0 fnt\n|faint|p2b: Scizor\n|move|p2a: Incineroar|Throat Chop|p1a: Delphox\n|-supereffective|p1a: Delphox|1\n|-damage|p1a: Delphox|0 fnt\n|faint|p1a: Delphox\n|\n|win|Brofessor_X1\n|raw|boolberryjam's rating: 1295 &rarr; <strong>1267</strong><br />(-28 for losing)\n|raw|Brofessor_X1's rating: 1247 &rarr; <strong>1275</strong><br />(+28 for winning)\n|l|\u2606boolberryjam\n|player|p1|\n",
  "uploadtime": 1776346689,
  "views": 46,
  "formatid": "gen9championsvgc2026regma",
  "rating": 1267,
  "private": 0,
  "password": null
}