{
  "id": "gen9championsvgc2026regma-2584036180",
  "format": "[Gen 9 Champions] VGC 2026 Reg M-A",
  "players": [
    "lilyflows",
    "SteXe36"
  ],
  "log": "|j|\u2606lilyflows\n|j|\u2606SteXe36\n|t:|1776218879\n|gametype|doubles\n|player|p1|lilyflows|n|1090\n|player|p2|SteXe36|169|1000\n|gen|9\n|tier|[Gen 9 Champions] VGC 2026 Reg M-A\n|rated|\n|rule|Species Clause: Limit one of each Pok\u00e9mon\n|rule|Item Clause: Limit 1 of each item\n|clearpoke\n|poke|p1|Pelipper, L50, F|\n|poke|p1|Aerodactyl, L50, F|\n|poke|p1|Archaludon, L50, M|\n|poke|p1|Sneasler, L50, M|\n|poke|p1|Meganium, L50, M|\n|poke|p1|Basculegion, L50, M|\n|poke|p2|Banette, L50, M|\n|poke|p2|Zoroark, L50, M|\n|poke|p2|Gyarados, L50, F|\n|poke|p2|Incineroar, L50, M|\n|poke|p2|Raichu, L50, F|\n|poke|p2|Garchomp, L50, F|\n|teampreview|4\n|inactive|Battle timer is ON: inactive players will automatically lose when time's up. (requested by SteXe36)\n|inactive|lilyflows also wants the timer to be on.\n|inactive|SteXe36 has 60 seconds left.\n|\n|t:|1776218910\n|teamsize|p1|4\n|teamsize|p2|4\n|start\n|switch|p1a: Aerodactyl|Aerodactyl, L50, F|100/100\n|switch|p1b: Sneasler|Sneasler, L50, M|100/100\n|switch|p2a: Banette|Banette, L50, M, shiny|100/100\n|switch|p2b: Garchomp|Garchomp, L50, F|100/100\n|turn|1\n|\n|t:|1776218931\n|move|p1b: Sneasler|Fake Out|p2b: Garchomp\n|-damage|p2b: Garchomp|85/100\n|-damage|p1b: Sneasler|88/100|[from] ability: Rough Skin|[of] p2b: Garchomp\n|cant|p2b: Garchomp|flinch\n|move|p1a: Aerodactyl|Tailwind|p1a: Aerodactyl\n|-sidestart|p1: lilyflows|move: Tailwind\n|move|p2a: Banette|Psychic|p1b: Sneasler\n|-supereffective|p1b: Sneasler|2\n|-damage|p1b: Sneasler|0 fnt\n|faint|p1b: Sneasler\n|\n|upkeep\n|\n|t:|1776218944\n|switch|p1b: Basculegion|Basculegion, L50, M|100/100\n|turn|2\n|\n|t:|1776218955\n|switch|p2b: Gyarados|Gyarados, L50, F|100/100\n|-ability|p2b: Gyarados|Intimidate|boost\n|-unboost|p1a: Aerodactyl|atk|1\n|-unboost|p1b: Basculegion|atk|1\n|move|p2a: Banette|Protect|p2a: Banette\n|-singleturn|p2a: Banette|Protect\n|move|p1a: Aerodactyl|Rock Slide|p2a: Banette|[spread] p2b\n|-activate|p2a: Banette|move: Protect\n|-supereffective|p2b: Gyarados|1\n|-damage|p2b: Gyarados|60/100\n|move|p1b: Basculegion|Last Respects|p2a: Banette\n|-activate|p2a: Banette|move: Protect\n|\n|upkeep\n|turn|3\n|\n|t:|1776218976\n|move|p1a: Aerodactyl|Rock Slide|p2b: Gyarados|[spread] p2a,p2b\n|-crit|p2a: Banette\n|-supereffective|p2b: Gyarados|1\n|-damage|p2a: Banette|32/100\n|-damage|p2b: Gyarados|21/100\n|replace|p2a: Zoroark|Zoroark, L50, M\n|-end|p2a: Zoroark|Illusion\n|-enditem|p2b: Gyarados|Sitrus Berry|[eat]\n|-heal|p2b: Gyarados|45/100|[from] item: Sitrus Berry\n|move|p1b: Basculegion|Last Respects|p2a: Zoroark\n|-resisted|p2a: Zoroark|1\n|-damage|p2a: Zoroark|0 fnt\n|faint|p2a: Zoroark\n|move|p2b: Gyarados|Waterfall|p1a: Aerodactyl\n|-supereffective|p1a: Aerodactyl|1\n|-enditem|p1a: Aerodactyl|Focus Sash\n|-damage|p1a: Aerodactyl|1/100\n|\n|upkeep\n|\n|t:|1776218995\n|switch|p2a: Banette|Banette, L50, M, shiny|100/100\n|turn|4\n|\n|t:|1776219007\n|detailschange|p2a: Banette|Banette-Mega, L50, M, shiny\n|-mega|p2a: Banette|Banette|Banettite\n|move|p1a: Aerodactyl|Protect|p1a: Aerodactyl\n|-singleturn|p1a: Aerodactyl|Protect\n|move|p2a: Banette|Will-O-Wisp|p1b: Basculegion\n|-status|p1b: Basculegion|brn\n|move|p1b: Basculegion|Last Respects|p2a: Banette\n|-supereffective|p2a: Banette|1\n|-damage|p2a: Banette|38/100\n|move|p2b: Gyarados|Dragon Dance|p2b: Gyarados\n|-boost|p2b: Gyarados|atk|1\n|-boost|p2b: Gyarados|spe|1\n|\n|-damage|p1b: Basculegion|94/100 brn|[from] brn\n|-sideend|p1: lilyflows|move: Tailwind\n|upkeep\n|turn|5\n|\n|t:|1776219023\n|switch|p2a: Garchomp|Garchomp, L50, F|85/100\n|move|p1a: Aerodactyl|Tailwind|p1a: Aerodactyl\n|-sidestart|p1: lilyflows|move: Tailwind\n|move|p1b: Basculegion|Last Respects|p2a: Garchomp\n|-damage|p2a: Garchomp|64/100\n|move|p2b: Gyarados|Waterfall|p1a: Aerodactyl\n|-supereffective|p1a: Aerodactyl|1\n|-damage|p1a: Aerodactyl|0 fnt\n|faint|p1a: Aerodactyl\n|\n|-damage|p1b: Basculegion|88/100 brn|[from] brn\n|upkeep\n|\n|t:|1776219033\n|switch|p1a: Meganium|Meganium, L50, M|100/100\n|turn|6\n|\n|t:|1776219049\n|detailschange|p1a: Meganium|Meganium-Mega, L50, M\n|-mega|p1a: Meganium|Meganium|Meganiumite\n|move|p1b: Basculegion|Last Respects|p2a: Garchomp\n|-damage|p2a: Garchomp|28/100\n|move|p1a: Meganium|Solar Beam||[still]\n|-prepare|p1a: Meganium|Solar Beam\n|-activate|p1a: Meganium|ability: Mega Sol\n|-anim|p1a: Meganium|Solar Beam|p2b: Gyarados\n|-damage|p2b: Gyarados|0 fnt\n|faint|p2b: Gyarados\n|move|p2a: Garchomp|Iron Head|p1a: Meganium\n|-supereffective|p1a: Meganium|1\n|-damage|p1a: Meganium|50/100\n|\n|-damage|p1b: Basculegion|82/100 brn|[from] brn\n|upkeep\n|\n|t:|1776219062\n|switch|p2b: Banette|Banette-Mega, L50, M, shiny|38/100\n|turn|7\n|\n|t:|1776219069\n|move|p2b: Banette|Destiny Bond|p2b: Banette\n|-singlemove|p2b: Banette|Destiny Bond\n|move|p1b: Basculegion|Last Respects|p2b: Banette\n|-supereffective|p2b: Banette|1\n|-damage|p2b: Banette|0 fnt\n|faint|p2b: Banette\n|-activate|p2b: Banette|move: Destiny Bond\n|faint|p1b: Basculegion\n|move|p1a: Meganium|Solar Beam||[still]\n|-prepare|p1a: Meganium|Solar Beam\n|-activate|p1a: Meganium|ability: Mega Sol\n|-anim|p1a: Meganium|Solar Beam|p2a: Garchomp\n|-damage|p2a: Garchomp|0 fnt\n|faint|p2a: Garchomp\n|\n|win|lilyflows\n|raw|lilyflows's rating: 1090 &rarr; <strong>1110</strong><br />(+20 for winning)\n|raw|SteXe36's rating: 1000 &rarr; <strong>1000</strong><br />(+0 for losing)\n|l|\u2606SteXe36\n|player|p2|\n",
  "uploadtime": 1776219095,
  "views": 15,
  "formatid": "gen9championsvgc2026regma",
  "rating": 1000,
  "private": 0,
  "password": null
}