{
  "id": "gen9championsvgc2026regma-2589535984",
  "format": "[Gen 9 Champions] VGC 2026 Reg M-A",
  "players": [
    "fimmm",
    "FakeRnBFan99"
  ],
  "log": "|j|\u2606fimmm\n|j|\u2606FakeRnBFan99\n|t:|1776731921\n|gametype|doubles\n|player|p1|fimmm|whitney|1023\n|player|p2|FakeRnBFan99|parasollady|1033\n|gen|9\n|tier|[Gen 9 Champions] VGC 2026 Reg M-A\n|rated|\n|rule|Species Clause: Limit one of each Pok\u00e9mon\n|rule|Item Clause: Limit 1 of each item\n|clearpoke\n|poke|p1|Emboar, L50, M|\n|poke|p1|Serperior, L50, M|\n|poke|p1|Runerigus, L50, F|\n|poke|p1|Armarouge, L50, M|\n|poke|p1|Sinistcha, L50|\n|poke|p1|Drampa, L50, M|\n|poke|p2|Gengar, L50, M|\n|poke|p2|Dragonite, L50, F|\n|poke|p2|Tauros-Paldea-Aqua, L50, M|\n|poke|p2|Pelipper, L50, M|\n|poke|p2|Archaludon, L50, M|\n|poke|p2|Basculegion, L50, M|\n|teampreview|4\n|inactive|Battle timer is ON: inactive players will automatically lose when time's up. (requested by fimmm)\n|\n|t:|1776731948\n|teamsize|p1|4\n|teamsize|p2|4\n|start\n|switch|p1a: Serperior|Serperior, L50, M|100/100\n|switch|p1b: Runerigus|Runerigus, L50, F|100/100\n|switch|p2a: Gengar|Gengar, L50, M|100/100\n|switch|p2b: Tauros|Tauros-Paldea-Aqua, L50, M|100/100\n|-ability|p2b: Tauros|Intimidate|boost\n|-boost|p1a: Serperior|atk|1\n|-unboost|p1b: Runerigus|atk|1\n|turn|1\n|inactive|FakeRnBFan99 has 30 seconds left.\n|inactive|FakeRnBFan99 has 20 seconds left.\n|\n|t:|1776731984\n|switch|p1b: Drampa|Drampa, L50, M|100/100\n|move|p2b: Tauros|Aqua Jet|p1a: Serperior\n|-resisted|p1a: Serperior|1\n|-damage|p1a: Serperior|86/100\n|move|p2a: Gengar|Sludge Bomb|p1a: Serperior\n|-supereffective|p1a: Serperior|1\n|-damage|p1a: Serperior|0 fnt\n|faint|p1a: Serperior\n|\n|upkeep\n|\n|t:|1776732007\n|switch|p1a: Sinistcha|Sinistcha, L50|100/100\n|turn|2\n|\n|t:|1776732021\n|detailschange|p1b: Drampa|Drampa-Mega, L50, M\n|-mega|p1b: Drampa|Drampa|Drampanite\n|move|p1a: Sinistcha|Rage Powder|p1a: Sinistcha\n|-singleturn|p1a: Sinistcha|move: Rage Powder\n|move|p2a: Gengar|Sludge Bomb|p1a: Sinistcha\n|-damage|p1a: Sinistcha|45/100\n|-enditem|p1a: Sinistcha|Sitrus Berry|[eat]\n|-heal|p1a: Sinistcha|70/100|[from] item: Sitrus Berry\n|move|p2b: Tauros|Close Combat|p1a: Sinistcha\n|-immune|p1a: Sinistcha\n|move|p1b: Drampa|Draco Meteor|p2b: Tauros\n|-damage|p2b: Tauros|0 fnt\n|-unboost|p1b: Drampa|spa|2\n|faint|p2b: Tauros\n|\n|upkeep\n|\n|t:|1776732036\n|switch|p2b: Pelipper|Pelipper, L50, M|100/100\n|-weather|RainDance|[from] ability: Drizzle|[of] p2b: Pelipper\n|turn|3\n|\n|t:|1776732049\n|switch|p1b: Runerigus|Runerigus, L50, F|100/100\n|move|p1a: Sinistcha|Protect|p1a: Sinistcha\n|-singleturn|p1a: Sinistcha|Protect\n|move|p2a: Gengar|Sludge Bomb|p1a: Sinistcha\n|-activate|p1a: Sinistcha|move: Protect\n|move|p2b: Pelipper|Hurricane|p1a: Sinistcha\n|-activate|p1a: Sinistcha|move: Protect\n|\n|-weather|RainDance|[upkeep]\n|upkeep\n|turn|4\n|\n|t:|1776732063\n|switch|p1a: Drampa|Drampa-Mega, L50, M|100/100\n|move|p2a: Gengar|Sludge Bomb|p1a: Drampa\n|-damage|p1a: Drampa|62/100\n|-status|p1a: Drampa|psn\n|move|p2b: Pelipper|Weather Ball|p1b: Runerigus\n|-supereffective|p1b: Runerigus|1\n|-enditem|p1b: Runerigus|Passho Berry|[eat]\n|-enditem|p1b: Runerigus|Passho Berry|[weaken]\n|-damage|p1b: Runerigus|37/100\n|move|p1b: Runerigus|Trick Room|p1b: Runerigus\n|-fieldstart|move: Trick Room|[of] p1b: Runerigus\n|\n|-weather|RainDance|[upkeep]\n|-damage|p1a: Drampa|49/100 psn|[from] psn\n|upkeep\n|turn|5\n|inactive|FakeRnBFan99 has 30 seconds left.\n|\n|t:|1776732096\n|move|p1b: Runerigus|Poltergeist|p2a: Gengar\n|-activate|p2a: Gengar|move: Poltergeist|Choice Scarf\n|-supereffective|p2a: Gengar|1\n|-damage|p2a: Gengar|0 fnt\n|-start|p1b: Runerigus|Disable|Poltergeist|[from] ability: Cursed Body|[of] p2a: Gengar\n|faint|p2a: Gengar\n|move|p1a: Drampa|Roost|p1a: Drampa\n|-heal|p1a: Drampa|99/100 psn\n|-singleturn|p1a: Drampa|move: Roost\n|move|p2b: Pelipper|Hurricane|p1a: Drampa\n|-damage|p1a: Drampa|62/100 psn\n|\n|-weather|RainDance|[upkeep]\n|-damage|p1a: Drampa|50/100 psn|[from] psn\n|upkeep\n|\n|t:|1776732109\n|switch|p2a: Dragonite|Dragonite, L50, F|100/100\n|turn|6\n|\n|t:|1776732120\n|switch|p1b: Sinistcha|Sinistcha, L50|70/100\n|-heal|p1a: Drampa|75/100 psn|[from] ability: Hospitality|[of] p1b: Sinistcha\n|detailschange|p2a: Dragonite|Dragonite-Mega, L50, F\n|-mega|p2a: Dragonite|Dragonite|Dragoninite\n|move|p2a: Dragonite|Protect|p2a: Dragonite\n|-singleturn|p2a: Dragonite|Protect\n|move|p1a: Drampa|Draco Meteor|p2a: Dragonite\n|-activate|p2a: Dragonite|move: Protect\n|move|p2b: Pelipper|Hurricane|p1a: Drampa\n|-damage|p1a: Drampa|39/100 psn\n|-ability|p1a: Drampa|Berserk|boost\n|-boost|p1a: Drampa|spa|1\n|\n|-weather|RainDance|[upkeep]\n|-damage|p1a: Drampa|26/100 psn|[from] psn\n|upkeep\n|turn|7\n|inactive|FakeRnBFan99 has 30 seconds left.\n|\n|t:|1776732152\n|move|p2a: Dragonite|Protect|p2a: Dragonite\n|-singleturn|p2a: Dragonite|Protect\n|move|p1a: Drampa|Draco Meteor|p2a: Dragonite\n|-activate|p2a: Dragonite|move: Protect\n|move|p1b: Sinistcha|Matcha Gotcha|p2a: Dragonite|[spread] \n|-activate|p2a: Dragonite|move: Protect\n|-miss|p1b: Sinistcha|p2b: Pelipper\n|move|p2b: Pelipper|Hurricane|p1b: Sinistcha\n|-supereffective|p1b: Sinistcha|1\n|-damage|p1b: Sinistcha|0 fnt\n|faint|p1b: Sinistcha\n|\n|-weather|none\n|-damage|p1a: Drampa|14/100 psn|[from] psn\n|upkeep\n|\n|t:|1776732157\n|switch|p1b: Runerigus|Runerigus, L50, F|37/100\n|turn|8\n|inactive|FakeRnBFan99 has 30 seconds left.\n|\n|t:|1776732187\n|move|p1b: Runerigus|Poltergeist|p2b: Pelipper\n|-activate|p2b: Pelipper|move: Poltergeist|Focus Sash\n|-damage|p2b: Pelipper|47/100\n|move|p1a: Drampa|Draco Meteor|p2a: Dragonite\n|-supereffective|p2a: Dragonite|1\n|-damage|p2a: Dragonite|0 fnt\n|-unboost|p1a: Drampa|spa|2\n|faint|p2a: Dragonite\n|move|p2b: Pelipper|Weather Ball|p1a: Drampa\n|-damage|p1a: Drampa|2/100 psn\n|\n|-damage|p1a: Drampa|0 fnt|[from] psn\n|faint|p1a: Drampa\n|-fieldend|move: Trick Room\n|upkeep\n|turn|9\n|\n|t:|1776732204\n|move|p2b: Pelipper|Hurricane|p1b: Runerigus\n|-damage|p1b: Runerigus|0 fnt\n|faint|p1b: Runerigus\n|\n|win|FakeRnBFan99\n|raw|fimmm's rating: 1023 &rarr; <strong>1010</strong><br />(-13 for losing)\n|raw|FakeRnBFan99's rating: 1033 &rarr; <strong>1067</strong><br />(+34 for winning)\n",
  "uploadtime": 1776732208,
  "views": 3,
  "formatid": "gen9championsvgc2026regma",
  "rating": 1010,
  "private": 0,
  "password": null
}