{
  "id": "gen9championsvgc2026regma-2584777283",
  "format": "[Gen 9 Champions] VGC 2026 Reg M-A",
  "players": [
    "khanhnguyen11",
    "umaryusha"
  ],
  "log": "|j|\u2606khanhnguyen11\n|j|\u2606umaryusha\n|t:|1776282925\n|gametype|doubles\n|player|p1|khanhnguyen11|lance|1091\n|player|p2|umaryusha|169|1181\n|gen|9\n|tier|[Gen 9 Champions] VGC 2026 Reg M-A\n|rated|\n|rule|Species Clause: Limit one of each Pok\u00e9mon\n|rule|Item Clause: Limit 1 of each item\n|clearpoke\n|poke|p1|Aerodactyl, L50, F|\n|poke|p1|Incineroar, L50, F|\n|poke|p1|Floette-Eternal, L50, F|\n|poke|p1|Basculegion, L50, M|\n|poke|p1|Garchomp, L50, M|\n|poke|p1|Sneasler, L50, F|\n|poke|p2|Meganium, L50, M|\n|poke|p2|Pelipper, L50, M|\n|poke|p2|Archaludon, L50, F|\n|poke|p2|Incineroar, L50, F|\n|poke|p2|Basculegion, L50, M|\n|poke|p2|Sneasler, L50, M|\n|teampreview|4\n|inactive|Battle timer is ON: inactive players will automatically lose when time's up. (requested by khanhnguyen11)\nkhanhnguyen11 rejected open team sheets.\n|inactive|umaryusha has 60 seconds left.\n|\n|t:|1776282959\n|teamsize|p1|4\n|teamsize|p2|4\n|start\n|switch|p1a: Aerodactyl|Aerodactyl, L50, F|100/100\n|switch|p1b: Floette|Floette-Eternal, L50, F|100/100\n|switch|p2a: Pelipper|Pelipper, L50, M|100/100\n|switch|p2b: Archaludon|Archaludon, L50, F|100/100\n|-ability|p1a: Aerodactyl|Unnerve\n|-weather|RainDance|[from] ability: Drizzle|[of] p2a: Pelipper\n|turn|1\n|inactive|khanhnguyen11 has 30 seconds left.\n|inactive|khanhnguyen11 has 20 seconds left.\n|\n|t:|1776282995\n|move|p1b: Floette|Protect|p1b: Floette\n|-singleturn|p1b: Floette|Protect\n|move|p1a: Aerodactyl|Tailwind|p1a: Aerodactyl\n|-sidestart|p1: khanhnguyen11|move: Tailwind\n|move|p2b: Archaludon|Flash Cannon|p1b: Floette\n|-activate|p1b: Floette|move: Protect\n|move|p2a: Pelipper|Weather Ball|p1a: Aerodactyl\n|-supereffective|p1a: Aerodactyl|1\n|-enditem|p1a: Aerodactyl|Focus Sash\n|-damage|p1a: Aerodactyl|1/100\n|\n|-weather|RainDance|[upkeep]\n|upkeep\n|turn|2\n|inactive|umaryusha has 30 seconds left.\n|\n|t:|1776283023\n|detailschange|p1b: Floette|Floette-Mega, L50, F\n|-mega|p1b: Floette|Floette|Floettite\n|-ability|p1b: Floette|Fairy Aura\n|move|p2b: Archaludon|Protect|p2b: Archaludon\n|-singleturn|p2b: Archaludon|Protect\n|move|p1a: Aerodactyl|Rock Slide|p2a: Pelipper|[spread] p2a\n|-activate|p2b: Archaludon|move: Protect\n|-supereffective|p2a: Pelipper|1\n|-damage|p2a: Pelipper|30/100\n|move|p1b: Floette|Light of Ruin|p2b: Archaludon\n|-activate|p2b: Archaludon|move: Protect\n|move|p2a: Pelipper|Tailwind|p2a: Pelipper\n|-sidestart|p2: umaryusha|move: Tailwind\n|\n|-weather|RainDance|[upkeep]\n|upkeep\n|turn|3\n|inactive|khanhnguyen11 has 30 seconds left.\n|inactive|umaryusha has 30 seconds left.\n|\n|t:|1776283055\n|move|p2a: Pelipper|Protect|p2a: Pelipper\n|-singleturn|p2a: Pelipper|Protect\n|move|p1a: Aerodactyl|Rock Slide|p2b: Archaludon|[spread] p2b\n|-activate|p2a: Pelipper|move: Protect\n|-resisted|p2b: Archaludon|1\n|-damage|p2b: Archaludon|91/100\n|-ability|p2b: Archaludon|Stamina|boost\n|-boost|p2b: Archaludon|def|1\n|move|p1b: Floette|Moonblast|p2b: Archaludon\n|-damage|p2b: Archaludon|0 fnt\n|faint|p2b: Archaludon\n|\n|-weather|RainDance|[upkeep]\n|upkeep\n|\n|t:|1776283067\n|switch|p2b: Incineroar|Incineroar, L50, F|100/100\n|-ability|p2b: Incineroar|Intimidate|boost\n|-unboost|p1a: Aerodactyl|atk|1\n|-unboost|p1b: Floette|atk|1\n|turn|4\n|\n|t:|1776283080\n|move|p1a: Aerodactyl|Protect|p1a: Aerodactyl\n|-singleturn|p1a: Aerodactyl|Protect\n|move|p1b: Floette|Protect|p1b: Floette\n|-singleturn|p1b: Floette|Protect\n|move|p2b: Incineroar|Fake Out|p1a: Aerodactyl\n|-activate|p1a: Aerodactyl|move: Protect\n|move|p2a: Pelipper|Hurricane|p1b: Floette\n|-activate|p1b: Floette|move: Protect\n|\n|-weather|RainDance|[upkeep]\n|-sideend|p1: khanhnguyen11|move: Tailwind\n|upkeep\n|turn|5\n|inactive|khanhnguyen11 has 30 seconds left.\n|inactive|khanhnguyen11 has 20 seconds left.\n|inactive|khanhnguyen11 has 15 seconds left.\n|\n|t:|1776283122\n|switch|p1a: Sneasler|Sneasler, L50, F|100/100\n|switch|p1b: Incineroar|Incineroar, L50, F|100/100\n|-ability|p1b: Incineroar|Intimidate|boost\n|-unboost|p2a: Pelipper|atk|1\n|-unboost|p2b: Incineroar|atk|1\n|move|p2a: Pelipper|Weather Ball|p1b: Incineroar\n|-supereffective|p1b: Incineroar|1\n|-damage|p1b: Incineroar|8/100\n|-enditem|p1b: Incineroar|Sitrus Berry|[eat]\n|-heal|p1b: Incineroar|33/100|[from] item: Sitrus Berry\n|move|p2b: Incineroar|Throat Chop|p1a: Sneasler\n|-resisted|p1a: Sneasler|1\n|-damage|p1a: Sneasler|83/100\n|-start|p1a: Sneasler|Throat Chop|[silent]\n|\n|-weather|none\n|-sideend|p2: umaryusha|move: Tailwind\n|upkeep\n|turn|6\n|inactive|khanhnguyen11 has 30 seconds left.\n|\n|t:|1776283150\n|move|p1b: Incineroar|Fake Out|p2a: Pelipper\n|-damage|p2a: Pelipper|17/100\n|move|p1a: Sneasler|Close Combat|p2b: Incineroar\n|-supereffective|p2b: Incineroar|1\n|-damage|p2b: Incineroar|7/100\n|-unboost|p1a: Sneasler|def|1\n|-unboost|p1a: Sneasler|spd|1\n|-enditem|p2b: Incineroar|Sitrus Berry|[eat]\n|-heal|p2b: Incineroar|32/100|[from] item: Sitrus Berry\n|-enditem|p1a: Sneasler|White Herb\n|-clearnegativeboost|p1a: Sneasler|[silent]\n|cant|p2a: Pelipper|flinch\n|move|p2b: Incineroar|Parting Shot|p1b: Incineroar\n|-unboost|p1b: Incineroar|atk|1\n|-unboost|p1b: Incineroar|spa|1\n|\n|t:|1776283156\n|switch|p2b: Meganium|Meganium, L50, M|100/100|[from] Parting Shot\n|\n|-end|p1a: Sneasler|Throat Chop|[silent]\n|upkeep\n|turn|7\n|\n|t:|1776283181\n|detailschange|p2b: Meganium|Meganium-Mega, L50, M\n|-mega|p2b: Meganium|Meganium|Meganiumite\n|move|p2b: Meganium|Protect|p2b: Meganium\n|-singleturn|p2b: Meganium|Protect\n|move|p1a: Sneasler|Dire Claw|p2b: Meganium\n|-activate|p2b: Meganium|move: Protect\n|move|p2a: Pelipper|Tailwind|p2a: Pelipper\n|-sidestart|p2: umaryusha|move: Tailwind\n|move|p1b: Incineroar|Flare Blitz|p2b: Meganium\n|-activate|p2b: Meganium|move: Protect\n|\n|upkeep\n|turn|8\n|\n|t:|1776283206\n|move|p1a: Sneasler|Protect|p1a: Sneasler\n|-singleturn|p1a: Sneasler|Protect\n|move|p2a: Pelipper|Hurricane|p1a: Sneasler\n|-activate|p1a: Sneasler|move: Protect\n|move|p2b: Meganium|Dazzling Gleam|p1a: Sneasler|[spread] p1b\n|-activate|p1a: Sneasler|move: Protect\n|-damage|p1b: Incineroar|9/100\n|move|p1b: Incineroar|Parting Shot|p2b: Meganium\n|-unboost|p2b: Meganium|atk|1\n|-unboost|p2b: Meganium|spa|1\n|\n|t:|1776283228\n|switch|p1b: Floette|Floette-Mega, L50, F|100/100|[from] Parting Shot\n|-ability|p1b: Floette|Fairy Aura\n|\n|upkeep\n|turn|9\n|\n|t:|1776283244\n|switch|p2b: Incineroar|Incineroar, L50, F|32/100\n|-ability|p2b: Incineroar|Intimidate|boost\n|-unboost|p1a: Sneasler|atk|1\n|-unboost|p1b: Floette|atk|1\n|move|p1a: Sneasler|Dire Claw|p2b: Incineroar\n|-damage|p2b: Incineroar|13/100\n|-status|p2b: Incineroar|slp\n|move|p2a: Pelipper|Hurricane|p1a: Sneasler\n|-supereffective|p1a: Sneasler|1\n|-damage|p1a: Sneasler|0 fnt\n|faint|p1a: Sneasler\n|move|p1b: Floette|Dazzling Gleam|p2b: Incineroar|[spread] p2a,p2b\n|-damage|p2a: Pelipper|0 fnt\n|-damage|p2b: Incineroar|0 fnt\n|faint|p2a: Pelipper\n|faint|p2b: Incineroar\n|\n|upkeep\n|\n|t:|1776283262\n|switch|p1a: Incineroar|Incineroar, L50, F|9/100\n|switch|p2b: Meganium|Meganium-Mega, L50, M|100/100\n|-ability|p1a: Incineroar|Intimidate|boost\n|-unboost|p2b: Meganium|atk|1\n|turn|10\n|\n|t:|1776283280\n|switch|p1b: Aerodactyl|Aerodactyl, L50, F|1/100\n|-ability|p1b: Aerodactyl|Unnerve\n|move|p2b: Meganium|Protect|p2b: Meganium\n|-singleturn|p2b: Meganium|Protect\n|move|p1a: Incineroar|Fake Out|p2b: Meganium\n|-activate|p2b: Meganium|move: Protect\n|\n|-sideend|p2: umaryusha|move: Tailwind\n|upkeep\n|turn|11\n|\n|t:|1776283293\n|move|p1b: Aerodactyl|Tailwind|p1b: Aerodactyl\n|-sidestart|p1: khanhnguyen11|move: Tailwind\n|move|p1a: Incineroar|Flare Blitz|p2b: Meganium\n|-supereffective|p2b: Meganium|1\n|-damage|p2b: Meganium|20/100\n|-damage|p1a: Incineroar|0 fnt|[from] Recoil\n|faint|p1a: Incineroar\n|move|p2b: Meganium|Dazzling Gleam|p1b: Aerodactyl\n|-damage|p1b: Aerodactyl|0 fnt\n|faint|p1b: Aerodactyl\n|\n|upkeep\n|\n|t:|1776283306\n|switch|p1b: Floette|Floette-Mega, L50, F|100/100\n|-ability|p1b: Floette|Fairy Aura\n|turn|12\n|c|\u2606khanhnguyen11|GG\n|\n|t:|1776283313\n|move|p1b: Floette|Moonblast|p2b: Meganium\n|-damage|p2b: Meganium|0 fnt\n|faint|p2b: Meganium\n|\n|win|khanhnguyen11\n|raw|khanhnguyen11's rating: 1091 &rarr; <strong>1124</strong><br />(+33 for winning)\n|raw|umaryusha's rating: 1181 &rarr; <strong>1150</strong><br />(-31 for losing)\n|l|\u2606umaryusha\n|player|p2|\n",
  "uploadtime": 1776283329,
  "views": 16,
  "formatid": "gen9championsvgc2026regma",
  "rating": 1124,
  "private": 0,
  "password": null
}