{
  "id": "gen9championsvgc2026regma-2584777650",
  "format": "[Gen 9 Champions] VGC 2026 Reg M-A",
  "players": [
    "1#MiraidonHater",
    "HelloJaneJuliet"
  ],
  "log": "|j|\u26061#MiraidonHater\n|j|\u2606HelloJaneJuliet\n|t:|1776282950\n|gametype|doubles\n|player|p1|1#MiraidonHater|2|1334\n|player|p2|HelloJaneJuliet|266|1424\n|gen|9\n|tier|[Gen 9 Champions] VGC 2026 Reg M-A\n|rated|\n|rule|Species Clause: Limit one of each Pok\u00e9mon\n|rule|Item Clause: Limit 1 of each item\n|clearpoke\n|poke|p1|Gardevoir, L50, F|\n|poke|p1|Garchomp, L50, F|\n|poke|p1|Aerodactyl, L50, F|\n|poke|p1|Tsareena, L50, F|\n|poke|p1|Incineroar, L50, M|\n|poke|p1|Basculegion, L50, M|\n|poke|p2|Scovillain, L50, F|\n|poke|p2|Aerodactyl, L50, M|\n|poke|p2|Sneasler, L50, F|\n|poke|p2|Milotic, L50, M|\n|poke|p2|Mimikyu, L50, M|\n|poke|p2|Heliolisk, L50, M|\n|teampreview|4\n|inactive|Battle timer is ON: inactive players will automatically lose when time's up. (requested by HelloJaneJuliet)\n|\n|t:|1776283012\n|teamsize|p1|4\n|teamsize|p2|4\n|start\n|switch|p1a: Basculegion|Basculegion, L50, M|100/100\n|switch|p1b: Tsareena|Tsareena, L50, F|100/100\n|switch|p2a: Aerodactyl|Aerodactyl, L50, M|100/100\n|switch|p2b: Milotic|Milotic, L50, M|100/100\n|-ability|p2a: Aerodactyl|Unnerve\n|turn|1\n|inactive|1#MiraidonHater has 30 seconds left.\n|\n|t:|1776283039\n|move|p1a: Basculegion|Wave Crash|p2a: Aerodactyl\n|-supereffective|p2a: Aerodactyl|1\n|-enditem|p2a: Aerodactyl|Focus Sash\n|-damage|p2a: Aerodactyl|1/100\n|-damage|p1a: Basculegion|75/100|[from] Recoil\n|move|p2a: Aerodactyl|Dual Wingbeat|p1b: Tsareena\n|-supereffective|p1b: Tsareena|1\n|-damage|p1b: Tsareena|62/100\n|-supereffective|p1b: Tsareena|1\n|-damage|p1b: Tsareena|30/100\n|-hitcount|p1b: Tsareena|2\n|move|p2b: Milotic|Ice Beam|p1b: Tsareena\n|-supereffective|p1b: Tsareena|1\n|-damage|p1b: Tsareena|0 fnt\n|faint|p1b: Tsareena\n|\n|upkeep\n|inactive|1#MiraidonHater has 30 seconds left.\n|\n|t:|1776283065\n|switch|p1b: Gardevoir|Gardevoir, L50, F|100/100\n|turn|2\n|\n|t:|1776283081\n|detailschange|p1b: Gardevoir|Gardevoir-Mega, L50, F\n|-mega|p1b: Gardevoir|Gardevoir|Gardevoirite\n|move|p1a: Basculegion|Wave Crash|p2a: Aerodactyl\n|-supereffective|p2a: Aerodactyl|1\n|-damage|p2a: Aerodactyl|0 fnt\n|faint|p2a: Aerodactyl\n|-damage|p1a: Basculegion|74/100|[from] Recoil\n|move|p1b: Gardevoir|Calm Mind|p1b: Gardevoir\n|-boost|p1b: Gardevoir|spa|1\n|-boost|p1b: Gardevoir|spd|1\n|move|p2b: Milotic|Scald|p1b: Gardevoir\n|-damage|p1b: Gardevoir|82/100\n|-status|p1b: Gardevoir|brn\n|\n|-damage|p1b: Gardevoir|76/100 brn|[from] brn\n|upkeep\n|\n|t:|1776283100\n|switch|p2a: Mimikyu|Mimikyu, L50, M|100/100\n|turn|3\n|\n|t:|1776283118\n|switch|p2b: Scovillain|Scovillain, L50, F|100/100\n|move|p2a: Mimikyu|Protect|p2a: Mimikyu\n|-singleturn|p2a: Mimikyu|Protect\n|move|p1a: Basculegion|Wave Crash|p2a: Mimikyu\n|-activate|p2a: Mimikyu|move: Protect\n|move|p1b: Gardevoir|Hyper Voice|p2b: Scovillain|[spread] p2b\n|-activate|p2a: Mimikyu|move: Protect\n|-resisted|p2b: Scovillain|1\n|-damage|p2b: Scovillain|62/100\n|\n|-damage|p1b: Gardevoir|70/100 brn|[from] brn\n|upkeep\n|turn|4\n|\n|t:|1776283138\n|detailschange|p2b: Scovillain|Scovillain-Mega, L50, F\n|-mega|p2b: Scovillain|Scovillain|Scovillainite\n|move|p2b: Scovillain|Rage Powder|p2b: Scovillain\n|-singleturn|p2b: Scovillain|move: Rage Powder\n|move|p1a: Basculegion|Wave Crash|p2b: Scovillain\n|-crit|p2b: Scovillain\n|-damage|p2b: Scovillain|0 fnt\n|-status|p1a: Basculegion|brn|[from] ability: Spicy Spray|[of] p2b: Scovillain\n|faint|p2b: Scovillain\n|-damage|p1a: Basculegion|56/100 brn|[from] Recoil\n|move|p1b: Gardevoir|Psychic|p2a: Mimikyu\n|-activate|p2a: Mimikyu|ability: Disguise\n|-damage|p2a: Mimikyu|100/100\n|detailschange|p2a: Mimikyu|Mimikyu-Busted, L50, M\n|-damage|p2a: Mimikyu|88/100|[from] pokemon: Mimikyu-Busted\n|move|p2a: Mimikyu|Swords Dance|p2a: Mimikyu\n|-boost|p2a: Mimikyu|atk|2\n|\n|-damage|p1a: Basculegion|50/100 brn|[from] brn\n|-damage|p1b: Gardevoir|64/100 brn|[from] brn\n|upkeep\n|\n|t:|1776283159\n|switch|p2b: Milotic|Milotic, L50, M|100/100\n|turn|5\n|\n|t:|1776283174\n|switch|p1a: Aerodactyl|Aerodactyl, L50, F|100/100\n|-ability|p1a: Aerodactyl|Unnerve\n|move|p1b: Gardevoir|Protect|p1b: Gardevoir\n|-singleturn|p1b: Gardevoir|Protect\n|move|p2a: Mimikyu|Shadow Sneak|p1b: Gardevoir\n|-activate|p1b: Gardevoir|move: Protect\n|move|p2b: Milotic|Scald|p1a: Aerodactyl\n|-supereffective|p1a: Aerodactyl|1\n|-damage|p1a: Aerodactyl|4/100\n|\n|-damage|p1b: Gardevoir|58/100 brn|[from] brn\n|upkeep\n|turn|6\n|\n|t:|1776283196\n|move|p2a: Mimikyu|Protect|p2a: Mimikyu\n|-singleturn|p2a: Mimikyu|Protect\n|move|p1a: Aerodactyl|Rock Slide|p2a: Mimikyu|[spread] \n|-activate|p2a: Mimikyu|move: Protect\n|-miss|p1a: Aerodactyl|p2b: Milotic\n|move|p1b: Gardevoir|Hyper Voice|p2a: Mimikyu|[spread] p2b\n|-activate|p2a: Mimikyu|move: Protect\n|-damage|p2b: Milotic|47/100\n|move|p2b: Milotic|Scald|p1a: Aerodactyl\n|-supereffective|p1a: Aerodactyl|1\n|-damage|p1a: Aerodactyl|0 fnt\n|faint|p1a: Aerodactyl\n|\n|-heal|p2b: Milotic|53/100|[from] item: Leftovers\n|-damage|p1b: Gardevoir|53/100 brn|[from] brn\n|upkeep\n|\n|t:|1776283199\n|switch|p1a: Basculegion|Basculegion, L50, M|50/100 brn\n|turn|7\n|\n|t:|1776283224\n|move|p1b: Gardevoir|Protect|p1b: Gardevoir\n|-singleturn|p1b: Gardevoir|Protect\n|move|p2a: Mimikyu|Shadow Sneak|p1a: Basculegion\n|-supereffective|p1a: Basculegion|1\n|-damage|p1a: Basculegion|0 fnt\n|faint|p1a: Basculegion\n|move|p2b: Milotic|Recover|p2b: Milotic\n|-heal|p2b: Milotic|100/100\n|\n|-damage|p1b: Gardevoir|47/100 brn|[from] brn\n|upkeep\n|turn|8\n|\n|t:|1776283241\n|move|p2a: Mimikyu|Shadow Sneak|p1b: Gardevoir\n|-supereffective|p1b: Gardevoir|1\n|-damage|p1b: Gardevoir|0 fnt\n|faint|p1b: Gardevoir\n|\n|win|HelloJaneJuliet\n",
  "uploadtime": 1776282952,
  "views": 42,
  "formatid": "gen9championsvgc2026regma",
  "rating": null,
  "private": 0,
  "password": null
}