{
  "id": "gen9championsvgc2026regma-2588522711",
  "format": "[Gen 9 Champions] VGC 2026 Reg M-A",
  "players": [
    "iwfghw",
    "VivaTeraBlast"
  ],
  "log": "|j|\u2606iwfghw\n|j|\u2606VivaTeraBlast\n|t:|1776641353\n|gametype|doubles\n|player|p1|iwfghw|1|1000\n|player|p2|VivaTeraBlast|psychicf|1000\n|gen|9\n|tier|[Gen 9 Champions] VGC 2026 Reg M-A\n|rated|\n|rule|Species Clause: Limit one of each Pok\u00e9mon\n|rule|Item Clause: Limit 1 of each item\n|clearpoke\n|poke|p1|Archaludon, L50, M, shiny|\n|poke|p1|Pelipper, L50, M, shiny|\n|poke|p1|Sinistcha, L50, shiny|\n|poke|p1|Floette-Eternal, L50, F|\n|poke|p1|Hawlucha, L50, M, shiny|\n|poke|p1|Kingambit, L50, M, shiny|\n|poke|p2|Lopunny, L50, M, shiny|\n|poke|p2|Ninetales-Alola, L50, M|\n|poke|p2|Farigiraf, L50, M, shiny|\n|poke|p2|Floette-Eternal, L50, F|\n|poke|p2|Milotic, L50, M, shiny|\n|poke|p2|Incineroar, L50, M|\n|teampreview|4\n|inactive|Battle timer is ON: inactive players will automatically lose when time's up. (requested by iwfghw)\niwfghw rejected open team sheets.\n|c|\u2606VivaTeraBlast|yo u can see shinies in preview now?\n|inactive|VivaTeraBlast has 60 seconds left.\n|\n|t:|1776641414\n|teamsize|p1|4\n|teamsize|p2|4\n|start\n|switch|p1a: Hawlucha|Hawlucha, L50, M, shiny|100/100\n|switch|p1b: Kingambit|Kingambit, L50, M, shiny|100/100\n|switch|p2a: Lopunny|Lopunny, L50, M, shiny|100/100\n|switch|p2b: Incineroar|Incineroar, L50, M|100/100\n|-ability|p2b: Incineroar|Intimidate|boost\n|-unboost|p1a: Hawlucha|atk|1\n|-unboost|p1b: Kingambit|atk|1\n|-ability|p1b: Kingambit|Defiant|boost\n|-boost|p1b: Kingambit|atk|2\n|turn|1\n|\n|t:|1776641438\n|switch|p1a: Archaludon|Archaludon, L50, M, shiny|100/100\n|switch|p1b: Pelipper|Pelipper, L50, M, shiny|100/100\n|-weather|RainDance|[from] ability: Drizzle|[of] p1b: Pelipper\n|detailschange|p2a: Lopunny|Lopunny-Mega, L50, M, shiny\n|-mega|p2a: Lopunny|Lopunny|Lopunnite\n|move|p2b: Incineroar|Fake Out|p1b: Pelipper\n|-damage|p1b: Pelipper|90/100\n|move|p2a: Lopunny|Swords Dance|p2a: Lopunny\n|-boost|p2a: Lopunny|atk|2\n|\n|-weather|RainDance|[upkeep]\n|upkeep\n|turn|2\n|inactive|iwfghw has 30 seconds left.\n|inactive|iwfghw has 20 seconds left.\n|\n|t:|1776641474\n|switch|p2b: Ninetales|Ninetales-Alola, L50, M|100/100\n|move|p2a: Lopunny|Protect|p2a: Lopunny\n|-singleturn|p2a: Lopunny|Protect\n|move|p1a: Archaludon|Protect|p1a: Archaludon\n|-singleturn|p1a: Archaludon|Protect\n|move|p1b: Pelipper|Hurricane|p2a: Lopunny\n|-activate|p2a: Lopunny|move: Protect\n|\n|-weather|RainDance|[upkeep]\n|upkeep\n|turn|3\n|\n|t:|1776641495\n|move|p2a: Lopunny|Triple Axel|p1b: Pelipper\n|-damage|p1b: Pelipper|77/100\n|-damage|p1b: Pelipper|50/100\n|-damage|p1b: Pelipper|7/100\n|-hitcount|p1b: Pelipper|3\n|move|p2b: Ninetales|Encore|p1a: Archaludon\n|-start|p1a: Archaludon|Encore\n|move|p1a: Archaludon|Protect||[still]\n|-fail|p1a: Archaludon\n|move|p1b: Pelipper|Hurricane|p2a: Lopunny\n|-supereffective|p2a: Lopunny|1\n|-damage|p2a: Lopunny|2/100\n|\n|-weather|RainDance|[upkeep]\n|upkeep\n|turn|4\n|inactive|iwfghw has 30 seconds left.\n|inactive|VivaTeraBlast has 30 seconds left.\n|\n|t:|1776641527\n|move|p2a: Lopunny|Protect|p2a: Lopunny\n|-singleturn|p2a: Lopunny|Protect\n|move|p1b: Pelipper|Protect|p1b: Pelipper\n|-singleturn|p1b: Pelipper|Protect\n|move|p1a: Archaludon|Protect|p1a: Archaludon\n|-singleturn|p1a: Archaludon|Protect\n|move|p2b: Ninetales|Blizzard|p1a: Archaludon|[spread] \n|-activate|p1a: Archaludon|move: Protect\n|-activate|p1b: Pelipper|move: Protect\n|\n|-weather|RainDance|[upkeep]\n|upkeep\n|turn|5\n|\n|t:|1776641547\n|switch|p1a: Hawlucha|Hawlucha, L50, M, shiny|100/100\n|move|p2a: Lopunny|Drain Punch|p1a: Hawlucha\n|-resisted|p1a: Hawlucha|1\n|-damage|p1a: Hawlucha|54/100\n|-heal|p2a: Lopunny|23/100|[from] drain|[of] p1a: Hawlucha\n|move|p2b: Ninetales|Blizzard|p1b: Pelipper|[spread] p1a,p1b\n|-supereffective|p1a: Hawlucha|1\n|-damage|p1a: Hawlucha|0 fnt\n|-damage|p1b: Pelipper|0 fnt\n|faint|p1a: Hawlucha\n|faint|p1b: Pelipper\n|\n|-weather|none\n|upkeep\n|\n|t:|1776641559\n|switch|p1a: Archaludon|Archaludon, L50, M, shiny|100/100\n|switch|p1b: Kingambit|Kingambit, L50, M, shiny|100/100\n|turn|6\n|\n|t:|1776641568\n|move|p2a: Lopunny|Protect|p2a: Lopunny\n|-singleturn|p2a: Lopunny|Protect\n|move|p2b: Ninetales|Protect|p2b: Ninetales\n|-singleturn|p2b: Ninetales|Protect\n|move|p1b: Kingambit|Iron Head|p2a: Lopunny\n|-activate|p2a: Lopunny|move: Protect\n|move|p1a: Archaludon|Flash Cannon|p2b: Ninetales\n|-activate|p2b: Ninetales|move: Protect\n|\n|upkeep\n|turn|7\n|\n|t:|1776641585\n|move|p2a: Lopunny|Drain Punch|p1b: Kingambit\n|-supereffective|p1b: Kingambit|2\n|-enditem|p1b: Kingambit|Chople Berry|[eat]\n|-enditem|p1b: Kingambit|Chople Berry|[weaken]\n|-damage|p1b: Kingambit|0 fnt\n|-heal|p2a: Lopunny|75/100|[from] drain|[of] p1b: Kingambit\n|faint|p1b: Kingambit\n|move|p2b: Ninetales|Encore|p1a: Archaludon\n|-start|p1a: Archaludon|Encore\n|move|p1a: Archaludon|Flash Cannon|p2b: Ninetales\n|-supereffective|p2b: Ninetales|2\n|-enditem|p2b: Ninetales|Focus Sash\n|-damage|p2b: Ninetales|1/100\n|-unboost|p2b: Ninetales|spd|1\n|\n|upkeep\n|turn|8\n|-message|iwfghw forfeited.\n|\n|win|VivaTeraBlast\n|raw|iwfghw's rating: 1000 &rarr; <strong>1000</strong><br />(+0 for losing)\n|raw|VivaTeraBlast's rating: 1000 &rarr; <strong>1040</strong><br />(+40 for winning)\n|l|\u2606iwfghw\n|player|p1|\n|l|\u2606VivaTeraBlast\n|player|p2|\n|j|\u2606iwfghw\n|player|p1|iwfghw|1|\n",
  "uploadtime": 1776641851,
  "views": 12,
  "formatid": "gen9championsvgc2026regma",
  "rating": 1000,
  "private": 0,
  "password": null
}