{
  "id": "gen9championsvgc2026regma-2583694297",
  "format": "[Gen 9 Champions] VGC 2026 Reg M-A",
  "players": [
    "Sappho21",
    "Pegassin"
  ],
  "log": "|j|\u2606Sappho21\n|j|\u203dPegassin\n|t:|1776191491\n|gametype|doubles\n|player|p1|Sappho21|266|1090\n|player|p2|Pegassin|265|1138\n|gen|9\n|tier|[Gen 9 Champions] VGC 2026 Reg M-A\n|rated|\n|rule|Species Clause: Limit one of each Pok\u00e9mon\n|rule|Item Clause: Limit 1 of each item\n|clearpoke\n|poke|p1|Glimmora, L50, F|\n|poke|p1|Corviknight, L50, M|\n|poke|p1|Whimsicott, L50, M|\n|poke|p1|Kingambit, L50, M|\n|poke|p1|Primarina, L50, F|\n|poke|p1|Typhlosion-Hisui, L50, M|\n|poke|p2|Floette-Eternal, L50, F|\n|poke|p2|Aerodactyl, L50, M|\n|poke|p2|Primarina, L50, M|\n|poke|p2|Maushold, L50|\n|poke|p2|Garchomp, L50, F|\n|poke|p2|Incineroar, L50, F|\n|teampreview|4\n|j| wyguy163\nPegassin rejected open team sheets.\n|inactive|Battle timer is ON: inactive players will automatically lose when time's up. (requested by Pegassin)\n|\n|t:|1776191524\n|teamsize|p1|4\n|teamsize|p2|4\n|start\n|switch|p1a: Glimmora|Glimmora, L50, F|100/100\n|switch|p1b: Whimsicott|Whimsicott, L50, M|100/100\n|switch|p2a: Aerodactyl|Aerodactyl, L50, M|100/100\n|switch|p2b: Maushold|Maushold, L50|100/100\n|-ability|p2a: Aerodactyl|Unnerve\n|turn|1\n|inactive|Sappho21 has 30 seconds left.\n|inactive|Pegassin has 30 seconds left.\n|\n|t:|1776191553\n|detailschange|p1a: Glimmora|Glimmora-Mega, L50, F\n|-mega|p1a: Glimmora|Glimmora|Glimmoranite\n|move|p2b: Maushold|Follow Me|p2b: Maushold\n|-singleturn|p2b: Maushold|move: Follow Me\n|move|p1b: Whimsicott|Tailwind|p1b: Whimsicott\n|-sidestart|p1: Sappho21|move: Tailwind\n|move|p1a: Glimmora|Sludge Bomb|p2b: Maushold\n|-damage|p2b: Maushold|11/100\n|move|p2a: Aerodactyl|Tailwind|p2a: Aerodactyl\n|-sidestart|p2: Pegassin|move: Tailwind\n|\n|upkeep\n|turn|2\n|\n|t:|1776191571\n|move|p2a: Aerodactyl|Dual Wingbeat|p1b: Whimsicott\n|-supereffective|p1b: Whimsicott|1\n|-damage|p1b: Whimsicott|42/100\n|-supereffective|p1b: Whimsicott|1\n|-damage|p1b: Whimsicott|0 fnt\n|faint|p1b: Whimsicott\n|-hitcount|p1: Whimsicott|2\n|move|p2b: Maushold|Super Fang|p1a: Glimmora\n|-damage|p1a: Glimmora|50/100\n|move|p1a: Glimmora|Power Gem|p2a: Aerodactyl\n|-supereffective|p2a: Aerodactyl|1\n|-enditem|p2a: Aerodactyl|Focus Sash\n|-damage|p2a: Aerodactyl|1/100\n|\n|upkeep\n|\n|t:|1776191584\n|switch|p1b: Primarina|Primarina, L50, F|100/100\n|turn|3\n|\n|t:|1776191597\n|move|p2b: Maushold|Helping Hand|p2a: Aerodactyl\n|-singleturn|p2a: Aerodactyl|Helping Hand|[of] p2b: Maushold\n|move|p1a: Glimmora|Protect|p1a: Glimmora\n|-singleturn|p1a: Glimmora|Protect\n|move|p2a: Aerodactyl|Rock Slide|p1b: Primarina|[spread] p1b\n|-activate|p1a: Glimmora|move: Protect\n|-damage|p1b: Primarina|47/100\n|move|p1b: Primarina|Hyper Voice|p2a: Aerodactyl|[spread] p2a,p2b\n|-supereffective|p2a: Aerodactyl|1\n|-damage|p2a: Aerodactyl|0 fnt\n|-damage|p2b: Maushold|0 fnt\n|faint|p2a: Aerodactyl\n|faint|p2b: Maushold\n|\n|upkeep\n|\n|t:|1776191607\n|switch|p2a: Incineroar|Incineroar, L50, F|100/100\n|switch|p2b: Garchomp|Garchomp, L50, F|100/100\n|-ability|p2a: Incineroar|Intimidate|boost\n|-unboost|p1a: Glimmora|atk|1\n|-unboost|p1b: Primarina|atk|1\n|turn|4\n|inactive|Pegassin has 30 seconds left.\n|\n|t:|1776191633\n|switch|p1a: Kingambit|Kingambit, L50, M|100/100\n|move|p1b: Primarina|Protect|p1b: Primarina\n|-singleturn|p1b: Primarina|Protect\n|move|p2a: Incineroar|Fake Out|p1b: Primarina\n|-activate|p1b: Primarina|move: Protect\n|move|p2b: Garchomp|Stomping Tantrum|p1a: Kingambit\n|-supereffective|p1a: Kingambit|1\n|-damage|p1a: Kingambit|41/100\n|\n|-sideend|p2: Pegassin|move: Tailwind\n|-sideend|p1: Sappho21|move: Tailwind\n|upkeep\n|turn|5\n|inactive|Pegassin has 30 seconds left.\n|\n|t:|1776191660\n|move|p2b: Garchomp|Protect|p2b: Garchomp\n|-singleturn|p2b: Garchomp|Protect\n|move|p1a: Kingambit|Protect|p1a: Kingambit\n|-singleturn|p1a: Kingambit|Protect\n|move|p1b: Primarina|Hyper Voice|p2a: Incineroar|[spread] p2a\n|-activate|p2b: Garchomp|move: Protect\n|-supereffective|p2a: Incineroar|1\n|-damage|p2a: Incineroar|16/100\n|-enditem|p2a: Incineroar|Sitrus Berry|[eat]\n|-heal|p2a: Incineroar|41/100|[from] item: Sitrus Berry\n|move|p2a: Incineroar|Flare Blitz|p1a: Kingambit\n|-activate|p1a: Kingambit|move: Protect\n|\n|upkeep\n|turn|6\n|\n|t:|1776191680\n|switch|p1a: Glimmora|Glimmora-Mega, L50, F|50/100\n|move|p2b: Garchomp|Earthquake|p1a: Glimmora|[spread] p2a,p1a,p1b\n|-supereffective|p2a: Incineroar|1\n|-supereffective|p1a: Glimmora|2\n|-damage|p2a: Incineroar|0 fnt\n|-damage|p1a: Glimmora|0 fnt\n|-damage|p1b: Primarina|0 fnt\n|faint|p2a: Incineroar\n|faint|p1a: Glimmora\n|faint|p1b: Primarina\n|\n|upkeep\n|\n|t:|1776191691\n|switch|p1b: Kingambit|Kingambit, L50, M|41/100\n|turn|7\n|\n|t:|1776191701\n|move|p2b: Garchomp|Earthquake|p1b: Kingambit\n|-supereffective|p1b: Kingambit|1\n|-damage|p1b: Kingambit|0 fnt\n|faint|p1b: Kingambit\n|\n|win|Pegassin\n|raw|Sappho21's rating: 1090 &rarr; <strong>1070</strong><br />(-20 for losing)\n|raw|Pegassin's rating: 1138 &rarr; <strong>1160</strong><br />(+22 for winning)\n",
  "uploadtime": 1776191702,
  "views": 13,
  "formatid": "gen9championsvgc2026regma",
  "rating": 1070,
  "private": 0,
  "password": null
}