{
  "id": "gen9championsvgc2026regma-2580659011",
  "format": "[Gen 9 Champions] VGC 2026 Reg M-A",
  "players": [
    "Hinya",
    "bored_bones00"
  ],
  "log": "|j|\u2606Hinya\n|j|\u2606bored_bones00\n|t:|1775922028\n|gametype|doubles\n|player|p1|Hinya|arezu|1077\n|player|p2|bored_bones00|rosa|1031\n|gen|9\n|tier|[Gen 9 Champions] VGC 2026 Reg M-A\n|rated|\n|rule|Species Clause: Limit one of each Pok\u00e9mon\n|rule|Item Clause: Limit 1 of each item\n|clearpoke\n|poke|p1|Incineroar, L50, M|\n|poke|p1|Floette-Eternal, L50, F|\n|poke|p1|Garchomp, L50, M|\n|poke|p1|Aerodactyl, L50, M|\n|poke|p1|Sneasler, L50, M|\n|poke|p1|Sinistcha-Masterpiece, L50|\n|poke|p2|Froslass, L50, F|\n|poke|p2|Garchomp, L50, M|\n|poke|p2|Sneasler, L50, M|\n|poke|p2|Crabominable, L50, M|\n|poke|p2|Farigiraf, L50, M|\n|poke|p2|Incineroar, L50, M|\n|teampreview|4\n|inactive|Battle timer is ON: inactive players will automatically lose when time's up. (requested by Hinya)\nbored_bones00 has agreed to open team sheets.\n|inactive|Hinya has 60 seconds left.\n|inactive|bored_bones00 has 60 seconds left.\n|\n|t:|1775922083\n|teamsize|p1|4\n|teamsize|p2|4\n|start\n|switch|p1a: \ud50c\ub77c\uc5e3\ud14c|Floette-Eternal, L50, F|100/100\n|switch|p1b: \uc5b4\ud765\uc5fc|Incineroar, L50, M|100/100\n|switch|p2a: Garchomp|Garchomp, L50, M|100/100\n|switch|p2b: Sneasler|Sneasler, L50, M|100/100\n|-ability|p1b: \uc5b4\ud765\uc5fc|Intimidate|boost\n|-unboost|p2a: Garchomp|atk|1\n|-unboost|p2b: Sneasler|atk|1\n|turn|1\n|inactive|bored_bones00 has 30 seconds left.\n|\n|t:|1775922111\n|detailschange|p1a: \ud50c\ub77c\uc5e3\ud14c|Floette-Mega, L50, F\n|-mega|p1a: \ud50c\ub77c\uc5e3\ud14c|Floette|Floettite\n|-ability|p1a: \ud50c\ub77c\uc5e3\ud14c|Fairy Aura\n|move|p1a: \ud50c\ub77c\uc5e3\ud14c|Protect|p1a: \ud50c\ub77c\uc5e3\ud14c\n|-singleturn|p1a: \ud50c\ub77c\uc5e3\ud14c|Protect\n|move|p2b: Sneasler|Fake Out|p1a: \ud50c\ub77c\uc5e3\ud14c\n|-activate|p1a: \ud50c\ub77c\uc5e3\ud14c|move: Protect\n|move|p2a: Garchomp|Iron Head|p1a: \ud50c\ub77c\uc5e3\ud14c\n|-activate|p1a: \ud50c\ub77c\uc5e3\ud14c|move: Protect\n|move|p1b: \uc5b4\ud765\uc5fc|Parting Shot|p2b: Sneasler\n|-unboost|p2b: Sneasler|atk|1\n|-unboost|p2b: Sneasler|spa|1\n|\n|t:|1775922122\n|switch|p1b: \ub9d0\ucc28\ub77c\ub5bc|Sinistcha-Masterpiece, L50|100/100|[from] Parting Shot\n|\n|upkeep\n|turn|2\n|\n|t:|1775922131\n|switch|p2b: Farigiraf|Farigiraf, L50, M|100/100\n|move|p1b: \ub9d0\ucc28\ub77c\ub5bc|Rage Powder|p1b: \ub9d0\ucc28\ub77c\ub5bc\n|-singleturn|p1b: \ub9d0\ucc28\ub77c\ub5bc|move: Rage Powder\n|move|p2a: Garchomp|Iron Head|p1b: \ub9d0\ucc28\ub77c\ub5bc\n|-damage|p1b: \ub9d0\ucc28\ub77c\ub5bc|84/100\n|move|p1a: \ud50c\ub77c\uc5e3\ud14c|Dazzling Gleam|p2a: Garchomp|[spread] p2a,p2b\n|-supereffective|p2a: Garchomp|1\n|-damage|p2a: Garchomp|0 fnt\n|-damage|p2b: Farigiraf|50/100\n|faint|p2a: Garchomp\n|\n|-heal|p1b: \ub9d0\ucc28\ub77c\ub5bc|90/100|[from] item: Leftovers\n|upkeep\n|\n|t:|1775922139\n|switch|p2a: Crabominable|Crabominable, L50, M|100/100\n|turn|3\n|\n|t:|1775922150\n|detailschange|p2a: Crabominable|Crabominable-Mega, L50, M\n|-mega|p2a: Crabominable|Crabominable|Crabominite\n|move|p2a: Crabominable|Protect|p2a: Crabominable\n|-singleturn|p2a: Crabominable|Protect\n|move|p1a: \ud50c\ub77c\uc5e3\ud14c|Dazzling Gleam|p2b: Farigiraf|[spread] p2b\n|-activate|p2a: Crabominable|move: Protect\n|-damage|p2b: Farigiraf|0 fnt\n|faint|p2b: Farigiraf\n|move|p1b: \ub9d0\ucc28\ub77c\ub5bc|Matcha Gotcha|p2a: Crabominable\n|-activate|p2a: Crabominable|move: Protect\n|\n|-heal|p1b: \ub9d0\ucc28\ub77c\ub5bc|96/100|[from] item: Leftovers\n|upkeep\n|\n|t:|1775922164\n|switch|p2b: Sneasler|Sneasler, L50, M|100/100\n|turn|4\n|\n|t:|1775922178\n|move|p1b: \ub9d0\ucc28\ub77c\ub5bc|Rage Powder|p1b: \ub9d0\ucc28\ub77c\ub5bc\n|-singleturn|p1b: \ub9d0\ucc28\ub77c\ub5bc|move: Rage Powder\n|move|p2b: Sneasler|Dire Claw|p1b: \ub9d0\ucc28\ub77c\ub5bc\n|-damage|p1b: \ub9d0\ucc28\ub77c\ub5bc|58/100\n|move|p1a: \ud50c\ub77c\uc5e3\ud14c|Dazzling Gleam|p2b: Sneasler|[spread] p2a,p2b\n|-supereffective|p2a: Crabominable|1\n|-damage|p2a: Crabominable|14/100\n|-damage|p2b: Sneasler|33/100\n|move|p2a: Crabominable|Ice Hammer|p1b: \ub9d0\ucc28\ub77c\ub5bc\n|-supereffective|p1b: \ub9d0\ucc28\ub77c\ub5bc|1\n|-damage|p1b: \ub9d0\ucc28\ub77c\ub5bc|0 fnt\n|-unboost|p2a: Crabominable|spe|1\n|faint|p1b: \ub9d0\ucc28\ub77c\ub5bc\n|\n|upkeep\n|\n|t:|1775922194\n|switch|p1b: \ud3ec\ud478\ub2c8\ud06c|Sneasler, L50, M|100/100\n|turn|5\n|\n|t:|1775922201\n|move|p2a: Crabominable|Protect|p2a: Crabominable\n|-singleturn|p2a: Crabominable|Protect\n|move|p1b: \ud3ec\ud478\ub2c8\ud06c|Fake Out|p2b: Sneasler\n|-damage|p2b: Sneasler|9/100\n|cant|p2b: Sneasler|flinch\n|move|p1a: \ud50c\ub77c\uc5e3\ud14c|Dazzling Gleam|p2a: Crabominable|[spread] p2b\n|-activate|p2a: Crabominable|move: Protect\n|-damage|p2b: Sneasler|0 fnt\n|faint|p2b: Sneasler\n|\n|upkeep\n|turn|6\n|-message|bored_bones00 forfeited.\n|\n|win|Hinya\n|raw|Hinya's rating: 1077 &rarr; <strong>1102</strong><br />(+25 for winning)\n|raw|bored_bones00's rating: 1031 &rarr; <strong>1018</strong><br />(-13 for losing)\n",
  "uploadtime": 1775922214,
  "views": 20,
  "formatid": "gen9championsvgc2026regma",
  "rating": 1018,
  "private": 0,
  "password": null
}