{
  "id": "gen9championsvgc2026regma-2582896749",
  "format": "[Gen 9 Champions] VGC 2026 Reg M-A",
  "players": [
    "im_a_mangoo",
    "SleepyGuyTJ"
  ],
  "log": "|j|\u2606im_a_mangoo\n|j|\u2606SleepyGuyTJ\n|t:|1776122985\n|gametype|doubles\n|player|p1|im_a_mangoo|erika|1045\n|player|p2|SleepyGuyTJ|wattson|1059\n|gen|9\n|tier|[Gen 9 Champions] VGC 2026 Reg M-A\n|rated|\n|rule|Species Clause: Limit one of each Pok\u00e9mon\n|rule|Item Clause: Limit 1 of each item\n|clearpoke\n|poke|p1|Meganium, L50, F|\n|poke|p1|Clefable, L50, F|\n|poke|p1|Clawitzer, L50, F|\n|poke|p1|Pelipper, L50, M|\n|poke|p1|Polteageist-Antique, L50|\n|poke|p1|Kingambit, L50, F|\n|poke|p2|Cofagrigus, L50, M|\n|poke|p2|Incineroar, L50, F|\n|poke|p2|Tinkaton, L50, F|\n|poke|p2|Hatterene, L50, F|\n|poke|p2|Aggron, L50, M|\n|poke|p2|Golurk, L50|\n|teampreview|4\nim_a_mangoo rejected open team sheets.\n|\n|t:|1776123022\n|teamsize|p1|4\n|teamsize|p2|4\n|start\n|switch|p1a: Clefable|Clefable, L50, F|100/100\n|switch|p1b: Polteageist|Polteageist-Antique, L50|100/100\n|switch|p2a: Cofagrigus|Cofagrigus, L50, M|100/100\n|switch|p2b: Incineroar|Incineroar, L50, F|100/100\n|-ability|p2b: Incineroar|Intimidate|boost\n|-unboost|p1a: Clefable|atk|1\n|-unboost|p1b: Polteageist|atk|1\n|-enditem|p1b: Polteageist|White Herb\n|-clearnegativeboost|p1b: Polteageist|[silent]\n|turn|1\n|\n|t:|1776123037\n|move|p2b: Incineroar|Fake Out|p1a: Clefable\n|-damage|p1a: Clefable|91/100\n|cant|p1a: Clefable|flinch\n|move|p1b: Polteageist|Shell Smash|p1b: Polteageist\n|-unboost|p1b: Polteageist|def|1\n|-unboost|p1b: Polteageist|spd|1\n|-boost|p1b: Polteageist|atk|2\n|-boost|p1b: Polteageist|spa|2\n|-boost|p1b: Polteageist|spe|2\n|move|p2a: Cofagrigus|Trick Room|p2a: Cofagrigus\n|-fieldstart|move: Trick Room|[of] p2a: Cofagrigus\n|\n|-heal|p1a: Clefable|97/100|[from] item: Leftovers\n|upkeep\n|turn|2\n|\n|t:|1776123109\n|switch|p2b: Aggron|Aggron, L50, M|100/100\n|move|p1a: Clefable|Follow Me|p1a: Clefable\n|-singleturn|p1a: Clefable|move: Follow Me\n|move|p2a: Cofagrigus|Destiny Bond|p2a: Cofagrigus\n|-singlemove|p2a: Cofagrigus|Destiny Bond\n|move|p1b: Polteageist|Baton Pass|p1b: Polteageist\n|\n|t:|1776123111\n|switch|p1b: Meganium|Meganium, L50, F, shiny|100/100|[from] Baton Pass\n|\n|-heal|p1a: Clefable|100/100|[from] item: Leftovers\n|upkeep\n|turn|3\n|\n|t:|1776123131\n|detailschange|p1b: Meganium|Meganium-Mega, L50, F, shiny\n|-mega|p1b: Meganium|Meganium|Meganiumite\n|move|p1a: Clefable|Helping Hand|p1b: Meganium\n|-singleturn|p1b: Meganium|Helping Hand|[of] p1a: Clefable\n|move|p2a: Cofagrigus|Will-O-Wisp|p1b: Meganium\n|-status|p1b: Meganium|brn\n|move|p2b: Aggron|Head Smash|p1a: Clefable\n|-damage|p1a: Clefable|38/100\n|move|p1b: Meganium|Weather Ball|p2b: Aggron\n|-damage|p2b: Aggron|0 fnt\n|faint|p2b: Aggron\n|\n|-heal|p1a: Clefable|44/100|[from] item: Leftovers\n|-damage|p1b: Meganium|95/100 brn|[from] brn\n|upkeep\n|\n|t:|1776123146\n|switch|p2b: Golurk|Golurk, L50|100/100\n|turn|4\n|\n|t:|1776123160\n|detailschange|p2b: Golurk|Golurk-Mega, L50\n|-mega|p2b: Golurk|Golurk|Golurkite\n|move|p1a: Clefable|Follow Me|p1a: Clefable\n|-singleturn|p1a: Clefable|move: Follow Me\n|move|p2a: Cofagrigus|Shadow Ball|p1a: Clefable\n|-damage|p1a: Clefable|19/100\n|move|p2b: Golurk|Poltergeist|p1a: Clefable\n|-activate|p1a: Clefable|move: Poltergeist|Leftovers\n|-damage|p1a: Clefable|0 fnt\n|faint|p1a: Clefable\n|move|p1b: Meganium|Solar Beam||[still]\n|-prepare|p1b: Meganium|Solar Beam\n|-activate|p1b: Meganium|ability: Mega Sol\n|-anim|p1b: Meganium|Solar Beam|p2b: Golurk\n|-supereffective|p2b: Golurk|1\n|-damage|p2b: Golurk|0 fnt\n|faint|p2b: Golurk\n|\n|-damage|p1b: Meganium|89/100 brn|[from] brn\n|upkeep\n|\n|t:|1776123177\n|switch|p2b: Incineroar|Incineroar, L50, F|100/100\n|switch|p1a: Kingambit|Kingambit, L50, F|100/100\n|-ability|p2b: Incineroar|Intimidate|boost\n|-unboost|p1a: Kingambit|atk|1\n|-ability|p1a: Kingambit|Defiant|boost\n|-boost|p1a: Kingambit|atk|2\n|-unboost|p1b: Meganium|atk|1\n|turn|5\n|\n|t:|1776123203\n|move|p2a: Cofagrigus|Destiny Bond|p2a: Cofagrigus\n|-singlemove|p2a: Cofagrigus|Destiny Bond\n|move|p2b: Incineroar|Flare Blitz|p1b: Meganium\n|-supereffective|p1b: Meganium|1\n|-damage|p1b: Meganium|0 fnt\n|faint|p1b: Meganium\n|-damage|p2b: Incineroar|74/100|[from] Recoil\n|move|p1a: Kingambit|Kowtow Cleave|p2a: Cofagrigus\n|-supereffective|p2a: Cofagrigus|1\n|-damage|p2a: Cofagrigus|0 fnt\n|-activate|p2a: Cofagrigus|ability: Mummy|p1a: Kingambit|[ability] Defiant\n|faint|p2a: Cofagrigus\n|-activate|p2a: Cofagrigus|move: Destiny Bond\n|faint|p1a: Kingambit\n|\n|-fieldend|move: Trick Room\n|upkeep\n|\n|t:|1776123209\n|switch|p1b: Polteageist|Polteageist-Antique, L50|100/100\n|turn|6\n|\n|t:|1776123220\n|move|p1b: Polteageist|Shell Smash|p1b: Polteageist\n|-unboost|p1b: Polteageist|def|1\n|-unboost|p1b: Polteageist|spd|1\n|-boost|p1b: Polteageist|atk|2\n|-boost|p1b: Polteageist|spa|2\n|-boost|p1b: Polteageist|spe|2\n|move|p2b: Incineroar|Darkest Lariat|p1b: Polteageist\n|-supereffective|p1b: Polteageist|1\n|-damage|p1b: Polteageist|0 fnt\n|faint|p1b: Polteageist\n|\n|win|SleepyGuyTJ\n|raw|im_a_mangoo's rating: 1045 &rarr; <strong>1029</strong><br />(-16 for losing)\n|raw|SleepyGuyTJ's rating: 1059 &rarr; <strong>1089</strong><br />(+30 for winning)\n|c|\u2606SleepyGuyTJ|AGHHHHHHHH\n|l|\u2606im_a_mangoo\n|player|p1|\n|c|\u2606SleepyGuyTJ|THE PLAY OF THE CENTURY\n",
  "uploadtime": 1776123351,
  "views": 11,
  "formatid": "gen9championsvgc2026regma",
  "rating": 1029,
  "private": 0,
  "password": null
}