{
  "id": "gen9championsvgc2026regma-2582188361",
  "format": "[Gen 9 Champions] VGC 2026 Reg M-A",
  "players": [
    "storm93ita",
    "Lopun14"
  ],
  "log": "|j|\u2606storm93ita\n|j|\u2606Lopun14\n|t:|1776069111\n|gametype|doubles\n|player|p1|storm93ita|volkner|1040\n|player|p2|Lopun14|265|1066\n|gen|9\n|tier|[Gen 9 Champions] VGC 2026 Reg M-A\n|rated|\n|rule|Species Clause: Limit one of each Pok\u00e9mon\n|rule|Item Clause: Limit 1 of each item\n|clearpoke\n|poke|p1|Gardevoir, L50, M|\n|poke|p1|Aerodactyl, L50, M|\n|poke|p1|Basculegion, L50, M|\n|poke|p1|Sneasler, L50, F|\n|poke|p1|Garchomp, L50, M|\n|poke|p1|Kingambit, L50, M|\n|poke|p2|Gengar, L50, M|\n|poke|p2|Incineroar, L50, M|\n|poke|p2|Sinistcha, L50|\n|poke|p2|Archaludon, L50, M|\n|poke|p2|Politoed, L50, M|\n|poke|p2|Whimsicott, L50, M|\n|teampreview|4\n|inactive|Battle timer is ON: inactive players will automatically lose when time's up. (requested by storm93ita)\n|inactive|storm93ita has 60 seconds left.\n|inactive|Lopun14 has 60 seconds left.\n|\n|t:|1776069166\n|teamsize|p1|4\n|teamsize|p2|4\n|start\n|switch|p1a: Gardevoir|Gardevoir, L50, M|100/100\n|switch|p1b: Basculegion|Basculegion, L50, M|100/100\n|switch|p2a: Gengar|Gengar, L50, M|100/100\n|switch|p2b: Politoed|Politoed, L50, M|100/100\n|-weather|RainDance|[from] ability: Drizzle|[of] p2b: Politoed\n|turn|1\n|inactive|storm93ita has 30 seconds left.\n|inactive|Lopun14 has 30 seconds left.\n|\n|t:|1776069197\n|detailschange|p2a: Gengar|Gengar-Mega, L50, M\n|-mega|p2a: Gengar|Gengar|Gengarite\n|detailschange|p1a: Gardevoir|Gardevoir-Mega, L50, M\n|-mega|p1a: Gardevoir|Gardevoir|Gardevoirite\n|move|p2a: Gengar|Protect|p2a: Gengar\n|-singleturn|p2a: Gengar|Protect\n|move|p1b: Basculegion|Wave Crash|p2a: Gengar\n|-activate|p2a: Gengar|move: Protect\n|move|p1a: Gardevoir|Moonblast|p2a: Gengar\n|-activate|p2a: Gengar|move: Protect\n|move|p2b: Politoed|Perish Song|p2b: Politoed\n|-start|p1a: Gardevoir|perish3|[silent]\n|-start|p1b: Basculegion|perish3|[silent]\n|-start|p2a: Gengar|perish3|[silent]\n|-start|p2b: Politoed|perish3|[silent]\n|-fieldactivate|move: Perish Song\n|\n|-weather|RainDance|[upkeep]\n|-start|p1b: Basculegion|perish3\n|-start|p2a: Gengar|perish3\n|-start|p1a: Gardevoir|perish3\n|-start|p2b: Politoed|perish3\n|upkeep\n|turn|2\n|inactive|Lopun14 has 30 seconds left.\n|inactive|Lopun14 has 20 seconds left.\n|inactive|Lopun14 has 15 seconds left.\n|inactive|Lopun14 has 10 seconds left.\n|inactive|Lopun14 has 5 seconds left.\n|\n|t:|1776069249\n|switch|p2a: Whimsicott|Whimsicott, L50, M|100/100\n|move|p1b: Basculegion|Wave Crash|p2a: Whimsicott\n|-resisted|p2a: Whimsicott|1\n|-damage|p2a: Whimsicott|24/100\n|-damage|p1b: Basculegion|83/100|[from] Recoil\n|move|p1a: Gardevoir|Calm Mind|p1a: Gardevoir\n|-boost|p1a: Gardevoir|spa|1\n|-boost|p1a: Gardevoir|spd|1\n|move|p2b: Politoed|Surf|p1a: Gardevoir|[spread] p2a,p1a,p1b\n|-resisted|p2a: Whimsicott|1\n|-resisted|p1b: Basculegion|1\n|-damage|p2a: Whimsicott|0 fnt\n|-damage|p1a: Gardevoir|78/100\n|-damage|p1b: Basculegion|64/100\n|faint|p2a: Whimsicott\n|\n|-weather|RainDance|[upkeep]\n|-start|p1b: Basculegion|perish2\n|-start|p1a: Gardevoir|perish2\n|-start|p2b: Politoed|perish2\n|upkeep\n|\n|t:|1776069269\n|switch|p2a: Gengar|Gengar-Mega, L50, M|100/100\n|turn|3\n|\n|t:|1776069284\n|move|p2a: Gengar|Protect|p2a: Gengar\n|-singleturn|p2a: Gengar|Protect\n|move|p1b: Basculegion|Wave Crash|p2a: Gengar\n|-activate|p2a: Gengar|move: Protect\n|move|p1a: Gardevoir|Moonblast|p2b: Politoed\n|-crit|p2b: Politoed\n|-damage|p2b: Politoed|0 fnt\n|faint|p2b: Politoed\n|\n|-weather|RainDance|[upkeep]\n|-start|p1b: Basculegion|perish1\n|-start|p1a: Gardevoir|perish1\n|upkeep\n|\n|t:|1776069295\n|switch|p2b: Archaludon|Archaludon, L50, M|100/100\n|turn|4\n|\n|t:|1776069318\n|move|p2a: Gengar|Protect|p2a: Gengar\n|-singleturn|p2a: Gengar|Protect\n|move|p1b: Basculegion|Wave Crash|p2a: Gengar\n|-activate|p2a: Gengar|move: Protect\n|move|p1a: Gardevoir|Moonblast|p2a: Gengar\n|-activate|p2a: Gengar|move: Protect\n|move|p2b: Archaludon|Electro Shot||[still]\n|-prepare|p2b: Archaludon|Electro Shot\n|-boost|p2b: Archaludon|spa|1\n|-anim|p2b: Archaludon|Electro Shot|p1b: Basculegion\n|-supereffective|p1b: Basculegion|1\n|-damage|p1b: Basculegion|0 fnt\n|faint|p1b: Basculegion\n|\n|-weather|RainDance|[upkeep]\n|-start|p1a: Gardevoir|perish0\n|faint|p1a: Gardevoir\n|upkeep\n|\n|t:|1776069324\n|switch|p1a: Aerodactyl|Aerodactyl, L50, M|100/100\n|switch|p1b: Sneasler|Sneasler, L50, F|100/100\n|turn|5\n|inactive|Lopun14 has 30 seconds left.\n|\n|t:|1776069358\n|move|p1b: Sneasler|Protect|p1b: Sneasler\n|-singleturn|p1b: Sneasler|Protect\n|move|p2b: Archaludon|Protect|p2b: Archaludon\n|-singleturn|p2b: Archaludon|Protect\n|move|p2a: Gengar|Perish Song|p2a: Gengar\n|-start|p1a: Aerodactyl|perish3|[silent]\n|-start|p1b: Sneasler|perish3|[silent]\n|-start|p2a: Gengar|perish3|[silent]\n|-start|p2b: Archaludon|perish3|[silent]\n|-fieldactivate|move: Perish Song\n|move|p1a: Aerodactyl|Dual Wingbeat|p2a: Gengar\n|-damage|p2a: Gengar|79/100\n|-crit|p2a: Gengar\n|-damage|p2a: Gengar|44/100\n|-hitcount|p2a: Gengar|2\n|\n|-weather|none\n|-start|p2a: Gengar|perish3\n|-start|p1a: Aerodactyl|perish3\n|-start|p1b: Sneasler|perish3\n|-start|p2b: Archaludon|perish3\n|upkeep\n|turn|6\n|c|\u2606storm93ita|double protect is your win condiziont\n|inactive|storm93ita has 30 seconds left.\n|inactive|Lopun14 has 30 seconds left.\n|\n|t:|1776069390\n|move|p2a: Gengar|Protect|p2a: Gengar\n|-singleturn|p2a: Gengar|Protect\n|move|p1a: Aerodactyl|Rock Slide|p2a: Gengar|[spread] p2b\n|-activate|p2a: Gengar|move: Protect\n|-resisted|p2b: Archaludon|1\n|-damage|p2b: Archaludon|91/100\n|-ability|p2b: Archaludon|Stamina|boost\n|-boost|p2b: Archaludon|def|1\n|move|p1b: Sneasler|Close Combat|p2b: Archaludon\n|-supereffective|p2b: Archaludon|1\n|-damage|p2b: Archaludon|27/100\n|-unboost|p1b: Sneasler|def|1\n|-unboost|p1b: Sneasler|spd|1\n|-ability|p2b: Archaludon|Stamina|boost\n|-boost|p2b: Archaludon|def|1\n|move|p2b: Archaludon|Electro Shot||[still]\n|-prepare|p2b: Archaludon|Electro Shot\n|-boost|p2b: Archaludon|spa|1\n|\n|-start|p1a: Aerodactyl|perish2\n|-start|p2a: Gengar|perish2\n|-start|p1b: Sneasler|perish2\n|-start|p2b: Archaludon|perish2\n|upkeep\n|turn|7\n|inactive|storm93ita has 30 seconds left.\n|inactive|Lopun14 has 30 seconds left.\n|\n|t:|1776069419\n|move|p1a: Aerodactyl|Rock Slide|p2b: Archaludon|[spread] p2a,p2b\n|-resisted|p2b: Archaludon|1\n|-damage|p2a: Gengar|16/100\n|-damage|p2b: Archaludon|23/100\n|-ability|p2b: Archaludon|Stamina|boost\n|-boost|p2b: Archaludon|def|1\n|cant|p2a: Gengar|flinch\n|move|p1b: Sneasler|Close Combat|p2b: Archaludon\n|-supereffective|p2b: Archaludon|1\n|-damage|p2b: Archaludon|0 fnt\n|-unboost|p1b: Sneasler|def|1\n|-unboost|p1b: Sneasler|spd|1\n|faint|p2b: Archaludon\n|\n|-start|p2a: Gengar|perish1\n|-start|p1a: Aerodactyl|perish1\n|-start|p1b: Sneasler|perish1\n|upkeep\n|turn|8\n|\n|t:|1776069442\n|move|p2a: Gengar|Protect|p2a: Gengar\n|-singleturn|p2a: Gengar|Protect\n|move|p1a: Aerodactyl|Rock Slide|p2a: Gengar\n|-activate|p2a: Gengar|move: Protect\n|move|p1b: Sneasler|Dire Claw|p2a: Gengar\n|-activate|p2a: Gengar|move: Protect\n|\n|-start|p1a: Aerodactyl|perish0\n|-start|p2a: Gengar|perish0\n|-start|p1b: Sneasler|perish0\n|faint|p1a: Aerodactyl\n|faint|p2a: Gengar\n|faint|p1b: Sneasler\n|\n|win|storm93ita\n|raw|storm93ita's rating: 1040 &rarr; <strong>1077</strong><br />(+37 for winning)\n|raw|Lopun14's rating: 1066 &rarr; <strong>1045</strong><br />(-21 for losing)\n",
  "uploadtime": 1776069458,
  "views": 8,
  "formatid": "gen9championsvgc2026regma",
  "rating": 1045,
  "private": 0,
  "password": null
}