{
  "id": "gen9championsvgc2026regma-2586236142",
  "format": "[Gen 9 Champions] VGC 2026 Reg M-A",
  "players": [
    "TestAccount42069B",
    "eseable"
  ],
  "log": "|j|\u2606TestAccount42069B\n|j|\u2606eseable\n|t:|1776415743\n|gametype|doubles\n|player|p1|TestAccount42069B|170|1222\n|player|p2|eseable|169|1145\n|gen|9\n|tier|[Gen 9 Champions] VGC 2026 Reg M-A\n|rated|\n|rule|Species Clause: Limit one of each Pok\u00e9mon\n|rule|Item Clause: Limit 1 of each item\n|clearpoke\n|poke|p1|Sneasler, L50, M|\n|poke|p1|Incineroar, L50, F|\n|poke|p1|Ninetales-Alola, L50, M|\n|poke|p1|Rotom-Frost, L50|\n|poke|p1|Aerodactyl, L50, M|\n|poke|p1|Gengar, L50, M|\n|poke|p2|Gardevoir, L50, M|\n|poke|p2|Maushold-Four, L50|\n|poke|p2|Talonflame, L50, M|\n|poke|p2|Garchomp, L50, F|\n|poke|p2|Basculegion, L50, M|\n|poke|p2|Incineroar, L50, M|\n|teampreview|4\n|\n|t:|1776415761\n|teamsize|p1|4\n|teamsize|p2|4\n|start\n|switch|p1a: Incineroar|Incineroar, L50, F|100/100\n|switch|p1b: Ninetales|Ninetales-Alola, L50, M|100/100\n|switch|p2a: Gardevoir|Gardevoir, L50, M|100/100\n|switch|p2b: Maushold|Maushold-Four, L50|100/100\n|-weather|Snowscape|[from] ability: Snow Warning|[of] p1b: Ninetales\n|-ability|p2a: Gardevoir|Intimidate|Trace|[from] ability: Trace|[of] p1a: Incineroar\n|-ability|p2a: Gardevoir|Intimidate|boost\n|-unboost|p1a: Incineroar|atk|1\n|-unboost|p1b: Ninetales|atk|1\n|-ability|p1a: Incineroar|Intimidate|boost\n|-unboost|p2a: Gardevoir|atk|1\n|-unboost|p2b: Maushold|atk|1\n|turn|1\n|inactive|Battle timer is ON: inactive players will automatically lose when time's up. (requested by eseable)\n|inactive|TestAccount42069B has 60 seconds left.\n|\n|t:|1776415793\n|detailschange|p2a: Gardevoir|Gardevoir-Mega, L50, M\n|-mega|p2a: Gardevoir|Gardevoir|Gardevoirite\n|move|p1b: Ninetales|Aurora Veil|p1b: Ninetales\n|-sidestart|p1: TestAccount42069B|move: Aurora Veil\n|move|p2a: Gardevoir|Calm Mind|p2a: Gardevoir\n|-boost|p2a: Gardevoir|spa|1\n|-boost|p2a: Gardevoir|spd|1\n|move|p2b: Maushold|Encore|p1b: Ninetales\n|-start|p1b: Ninetales|Encore\n|move|p1a: Incineroar|Parting Shot|p2a: Gardevoir\n|-unboost|p2a: Gardevoir|atk|1\n|-unboost|p2a: Gardevoir|spa|1\n|\n|t:|1776415804\n|switch|p1a: Rotom|Rotom-Frost, L50|100/100|[from] Parting Shot\n|\n|-weather|Snowscape|[upkeep]\n|upkeep\n|turn|2\n|inactive|eseable has 30 seconds left.\n|\n|t:|1776415834\n|switch|p1b: Incineroar|Incineroar, L50, F|100/100\n|-ability|p1b: Incineroar|Intimidate|boost\n|-unboost|p2a: Gardevoir|atk|1\n|-unboost|p2b: Maushold|atk|1\n|move|p1a: Rotom|Trick|p2b: Maushold\n|-activate|p1a: Rotom|move: Trick|[of] p2b: Maushold\n|-item|p2b: Maushold|Choice Scarf|[from] move: Trick\n|-item|p1a: Rotom|Focus Sash|[from] move: Trick\n|move|p2b: Maushold|Encore||[still]\n|-fail|p2b: Maushold\n|move|p2a: Gardevoir|Calm Mind|p2a: Gardevoir\n|-boost|p2a: Gardevoir|spa|1\n|-boost|p2a: Gardevoir|spd|1\n|\n|-weather|Snowscape|[upkeep]\n|upkeep\n|turn|3\n|inactive|TestAccount42069B has 30 seconds left.\n|inactive|TestAccount42069B has 20 seconds left.\n|inactive|TestAccount42069B has 15 seconds left.\n|\n|t:|1776415876\n|switch|p1a: Ninetales|Ninetales-Alola, L50, M|100/100\n|move|p2a: Gardevoir|Protect|p2a: Gardevoir\n|-singleturn|p2a: Gardevoir|Protect\n|move|p2b: Maushold|Encore||[still]\n|-fail|p2b: Maushold\n|move|p1b: Incineroar|Parting Shot|p2a: Gardevoir\n|-activate|p2a: Gardevoir|move: Protect\n|\n|-weather|Snowscape|[upkeep]\n|upkeep\n|turn|4\n|\n|t:|1776415895\n|switch|p2b: Talonflame|Talonflame, L50, M, shiny|100/100\n|move|p1a: Ninetales|Encore|p2a: Gardevoir\n|-start|p2a: Gardevoir|Encore\n|move|p2a: Gardevoir|Protect||[still]\n|-fail|p2a: Gardevoir\n|move|p1b: Incineroar|Parting Shot|p2a: Gardevoir\n|-unboost|p2a: Gardevoir|atk|1\n|-unboost|p2a: Gardevoir|spa|1\n|\n|t:|1776415915\n|switch|p1b: Gengar|Gengar, L50, M|100/100|[from] Parting Shot\n|\n|-weather|Snowscape|[upkeep]\n|upkeep\n|turn|5\n|\n|t:|1776415930\n|switch|p2a: Maushold|Maushold-Four, L50|100/100\n|detailschange|p1b: Gengar|Gengar-Mega, L50, M\n|-mega|p1b: Gengar|Gengar|Gengarite\n|move|p2b: Talonflame|Tailwind|p2b: Talonflame\n|-sidestart|p2: eseable|move: Tailwind\n|move|p1b: Gengar|Disable||[still]\n|-fail|p1b: Gengar\n|move|p1a: Ninetales|Blizzard|p2a: Maushold|[spread] p2a,p2b\n|-damage|p2a: Maushold|64/100\n|-damage|p2b: Talonflame|71/100\n|\n|-weather|none\n|-sideend|p1: TestAccount42069B|move: Aurora Veil\n|upkeep\n|turn|6\n|inactive|TestAccount42069B has 30 seconds left.\n|inactive|TestAccount42069B has 20 seconds left.\n|\n|t:|1776415970\n|switch|p1b: Incineroar|Incineroar, L50, F|100/100\n|-ability|p1b: Incineroar|Intimidate|boost\n|-unboost|p2a: Maushold|atk|1\n|-unboost|p2b: Talonflame|atk|1\n|move|p1a: Ninetales|Protect|p1a: Ninetales\n|-singleturn|p1a: Ninetales|Protect\n|move|p2a: Maushold|Encore||[still]\n|-fail|p2a: Maushold\n|move|p2b: Talonflame|Will-O-Wisp|p1b: Incineroar\n|-immune|p1b: Incineroar\n|\n|upkeep\n|turn|7\n|inactive|TestAccount42069B has 30 seconds left.\n|inactive|TestAccount42069B has 20 seconds left.\n|\n|t:|1776416008\n|switch|p1a: Rotom|Rotom-Frost, L50|100/100\n|move|p2a: Maushold|Encore||[still]\n|-fail|p2a: Maushold\n|move|p2b: Talonflame|Will-O-Wisp|p1a: Rotom\n|-status|p1a: Rotom|brn\n|move|p1b: Incineroar|Parting Shot|p2b: Talonflame\n|-unboost|p2b: Talonflame|atk|1\n|-unboost|p2b: Talonflame|spa|1\n|\n|t:|1776416033\n|switch|p1b: Ninetales|Ninetales-Alola, L50, M|100/100|[from] Parting Shot\n|-weather|Snowscape|[from] ability: Snow Warning|[of] p1b: Ninetales\n|\n|-weather|Snowscape|[upkeep]\n|-damage|p1a: Rotom|95/100 brn|[from] brn\n|upkeep\n|turn|8\n|\n|t:|1776416058\n|switch|p2a: Gardevoir|Gardevoir-Mega, L50, M|100/100\n|switch|p1b: Incineroar|Incineroar, L50, F|100/100\n|-ability|p1b: Incineroar|Intimidate|boost\n|-unboost|p2a: Gardevoir|atk|1\n|-unboost|p2b: Talonflame|atk|1\n|move|p2b: Talonflame|Will-O-Wisp|p1b: Incineroar\n|-immune|p1b: Incineroar\n|move|p1a: Rotom|Blizzard|p2b: Talonflame|[spread] p2a,p2b\n|-damage|p2a: Gardevoir|65/100\n|-damage|p2b: Talonflame|24/100\n|-status|p2a: Gardevoir|frz\n|\n|-weather|Snowscape|[upkeep]\n|-damage|p1a: Rotom|89/100 brn|[from] brn\n|-sideend|p2: eseable|move: Tailwind\n|upkeep\n|turn|9\n|\n|t:|1776416080\n|cant|p2a: Gardevoir|frz\n|move|p2b: Talonflame|Tailwind|p2b: Talonflame\n|-sidestart|p2: eseable|move: Tailwind\n|move|p1a: Rotom|Blizzard|p2b: Talonflame|[spread] p2a,p2b\n|-damage|p2a: Gardevoir|31/100 frz\n|-damage|p2b: Talonflame|0 fnt\n|faint|p2b: Talonflame\n|move|p1b: Incineroar|Parting Shot|p2a: Gardevoir\n|-unboost|p2a: Gardevoir|atk|1\n|-unboost|p2a: Gardevoir|spa|1\n|inactive|TestAccount42069B has 30 seconds left.\n|\n|t:|1776416106\n|switch|p1b: Gengar|Gengar-Mega, L50, M|100/100|[from] Parting Shot\n|\n|-weather|Snowscape|[upkeep]\n|-damage|p1a: Rotom|84/100 brn|[from] brn\n|upkeep\n|\n|t:|1776416127\n|switch|p2b: Maushold|Maushold-Four, L50|64/100\n|turn|10\n|\n|t:|1776416148\n|move|p2b: Maushold|Follow Me|p2b: Maushold\n|-singleturn|p2b: Maushold|move: Follow Me\n|-curestatus|p2a: Gardevoir|frz|[msg]\n|move|p2a: Gardevoir|Psyshock|p1b: Gengar\n|-supereffective|p1b: Gengar|1\n|-damage|p1b: Gengar|0 fnt\n|faint|p1b: Gengar\n|move|p1a: Rotom|Volt Switch|p2b: Maushold\n|-damage|p2b: Maushold|26/100\n|\n|t:|1776416160\n|switch|p1a: Ninetales|Ninetales-Alola, L50, M|100/100|[from] Volt Switch\n|\n|-weather|Snowscape|[upkeep]\n|upkeep\n|\n|t:|1776416164\n|switch|p1b: Rotom|Rotom-Frost, L50|84/100 brn\n|turn|11\n|\n|t:|1776416169\n|move|p2b: Maushold|Follow Me|p2b: Maushold\n|-singleturn|p2b: Maushold|move: Follow Me\n|move|p2a: Gardevoir|Hyper Voice|p1b: Rotom|[spread] p1a,p1b\n|-crit|p1a: Ninetales\n|-damage|p1a: Ninetales|16/100\n|-damage|p1b: Rotom|39/100 brn\n|move|p1a: Ninetales|Blizzard|p2b: Maushold|[spread] p2a,p2b\n|-damage|p2a: Gardevoir|9/100\n|-damage|p2b: Maushold|0 fnt\n|faint|p2b: Maushold\n|move|p1b: Rotom|Blizzard|p2a: Gardevoir\n|-damage|p2a: Gardevoir|0 fnt\n|faint|p2a: Gardevoir\n|\n|-weather|none\n|-damage|p1b: Rotom|34/100 brn|[from] brn\n|upkeep\n|\n|t:|1776416174\n|switch|p2a: Basculegion|Basculegion, L50, M|100/100\n|turn|12\n|inactive|TestAccount42069B has 30 seconds left.\n|\n|t:|1776416206\n|move|p2a: Basculegion|Wave Crash|p1b: Rotom\n|-damage|p1b: Rotom|0 fnt\n|faint|p1b: Rotom\n|-damage|p2a: Basculegion|93/100|[from] Recoil\n|move|p1a: Ninetales|Blizzard|p2a: Basculegion\n|-resisted|p2a: Basculegion|1\n|-damage|p2a: Basculegion|71/100\n|\n|-sideend|p2: eseable|move: Tailwind\n|upkeep\n|\n|t:|1776416215\n|switch|p1b: Incineroar|Incineroar, L50, F|100/100\n|-ability|p1b: Incineroar|Intimidate|boost\n|-unboost|p2a: Basculegion|atk|1\n|turn|13\n|\n|t:|1776416228\n|move|p2a: Basculegion|Wave Crash|p1b: Incineroar\n|-supereffective|p1b: Incineroar|1\n|-damage|p1b: Incineroar|0 fnt\n|faint|p1b: Incineroar\n|-damage|p2a: Basculegion|38/100|[from] Recoil\n|move|p1a: Ninetales|Blizzard|p2a: Basculegion|[miss]\n|-miss|p1a: Ninetales|p2a: Basculegion\n|\n|upkeep\n|turn|14\n|\n|t:|1776416239\n|move|p2a: Basculegion|Wave Crash|p1a: Ninetales\n|-damage|p1a: Ninetales|0 fnt\n|faint|p1a: Ninetales\n|-damage|p2a: Basculegion|34/100|[from] Recoil\n|\n|win|eseable\n|raw|TestAccount42069B's rating: 1222 &rarr; <strong>1192</strong><br />(-30 for losing)\n|raw|eseable's rating: 1145 &rarr; <strong>1175</strong><br />(+30 for winning)\n|l|\u2606TestAccount42069B\n|player|p1|\n",
  "uploadtime": 1776416244,
  "views": 25,
  "formatid": "gen9championsvgc2026regma",
  "rating": 1175,
  "private": 0,
  "password": null
}