{
  "id": "gen9championsvgc2026regma-2580418392",
  "format": "[Gen 9 Champions] VGC 2026 Reg M-A",
  "players": [
    "thepwr",
    "cellgoondude"
  ],
  "log": "|j|\u2606thepwr\n|j|\u203dcellgoondude\n|t:|1775893527\n|gametype|doubles\n|player|p1|thepwr|guzma|1056\n|player|p2|cellgoondude|skier|1150\n|gen|9\n|tier|[Gen 9 Champions] VGC 2026 Reg M-A\n|rated|\n|rule|Species Clause: Limit one of each Pok\u00e9mon\n|rule|Item Clause: Limit 1 of each item\n|clearpoke\n|poke|p1|Incineroar, L50, M|\n|poke|p1|Gengar, L50, M|\n|poke|p1|Sinistcha, L50|\n|poke|p1|Kingambit, L50, M|\n|poke|p1|Tyranitar, L50, F|\n|poke|p1|Kommo-o, L50, F|\n|poke|p2|Gengar, L50, M|\n|poke|p2|Incineroar, L50, F|\n|poke|p2|Sneasler, L50, M|\n|poke|p2|Ninetales-Alola, L50, F|\n|poke|p2|Hydreigon, L50, F|\n|poke|p2|Sinistcha-Masterpiece, L50|\n|teampreview|4\n|inactive|Battle timer is ON: inactive players will automatically lose when time's up. (requested by thepwr)\n|inactive|thepwr has 60 seconds left.\n|\n|t:|1775893560\n|teamsize|p1|4\n|teamsize|p2|4\n|start\n|switch|p1a: Kingambit|Kingambit, L50, M|100/100\n|switch|p1b: Gengar|Gengar, L50, M|100/100\n|switch|p2a: Sinistcha|Sinistcha-Masterpiece, L50|100/100\n|switch|p2b: Hydreigon|Hydreigon, L50, F|100/100\n|turn|1\n|inactive|thepwr has 30 seconds left.\n|\n|t:|1775893590\n|switch|p1b: Incineroar|Incineroar, L50, M|100/100\n|-ability|p1b: Incineroar|Intimidate|boost\n|-unboost|p2a: Sinistcha|atk|1\n|-unboost|p2b: Hydreigon|atk|1\n|move|p2b: Hydreigon|Focus Energy|p2b: Hydreigon\n|-start|p2b: Hydreigon|move: Focus Energy\n|move|p2a: Sinistcha|Matcha Gotcha|p1b: Incineroar|[spread] p1a,p1b\n|-resisted|p1a: Kingambit|1\n|-resisted|p1b: Incineroar|1\n|-damage|p1a: Kingambit|87/100\n|-damage|p1b: Incineroar|92/100\n|move|p1a: Kingambit|Low Kick|p2b: Hydreigon\n|-supereffective|p2b: Hydreigon|1\n|-damage|p2b: Hydreigon|6/100\n|\n|upkeep\n|turn|2\n|\n|t:|1775893614\n|switch|p1a: Gengar|Gengar, L50, M|100/100\n|move|p2b: Hydreigon|Protect|p2b: Hydreigon\n|-singleturn|p2b: Hydreigon|Protect\n|move|p1b: Incineroar|Fake Out|p2b: Hydreigon\n|-activate|p2b: Hydreigon|move: Protect\n|move|p2a: Sinistcha|Life Dew||[still]|[spread] p2a,p2b\n|-fail|p2a: Sinistcha|heal\n|-heal|p2b: Hydreigon|31/100\n|\n|upkeep\n|turn|3\n|\n|t:|1775893635\n|switch|p1a: Tyranitar|Tyranitar, L50, F|100/100\n|-weather|Sandstorm|[from] ability: Sand Stream|[of] p1a: Tyranitar\n|move|p2a: Sinistcha|Rage Powder|p2a: Sinistcha\n|-singleturn|p2a: Sinistcha|move: Rage Powder\n|move|p2b: Hydreigon|Dark Pulse|p1a: Tyranitar\n|-resisted|p1a: Tyranitar|1\n|-crit|p1a: Tyranitar\n|-damage|p1a: Tyranitar|81/100\n|move|p1b: Incineroar|Throat Chop|p2a: Sinistcha\n|-supereffective|p2a: Sinistcha|1\n|-damage|p2a: Sinistcha|53/100\n|-start|p2a: Sinistcha|Throat Chop|[silent]\n|\n|-weather|Sandstorm|[upkeep]\n|-damage|p2b: Hydreigon|25/100|[from] Sandstorm\n|-damage|p2a: Sinistcha|47/100|[from] Sandstorm\n|-damage|p1b: Incineroar|86/100|[from] Sandstorm\n|-enditem|p2a: Sinistcha|Sitrus Berry|[eat]\n|-heal|p2a: Sinistcha|72/100|[from] item: Sitrus Berry\n|upkeep\n|turn|4\n|\n|t:|1775893657\n|move|p2a: Sinistcha|Rage Powder|p2a: Sinistcha\n|-singleturn|p2a: Sinistcha|move: Rage Powder\n|move|p1a: Tyranitar|Ice Punch|p2a: Sinistcha\n|-supereffective|p2a: Sinistcha|1\n|-damage|p2a: Sinistcha|31/100\n|-status|p2a: Sinistcha|frz\n|move|p2b: Hydreigon|Draco Meteor|p1a: Tyranitar\n|-crit|p1a: Tyranitar\n|-damage|p1a: Tyranitar|16/100\n|-unboost|p2b: Hydreigon|spa|2\n|move|p1b: Incineroar|Throat Chop|p2a: Sinistcha\n|-supereffective|p2a: Sinistcha|1\n|-damage|p2a: Sinistcha|0 fnt\n|faint|p2a: Sinistcha\n|\n|-weather|Sandstorm|[upkeep]\n|-damage|p2b: Hydreigon|19/100|[from] Sandstorm\n|-damage|p1b: Incineroar|80/100|[from] Sandstorm\n|upkeep\n|\n|t:|1775893667\n|switch|p2a: Ninetales|Ninetales-Alola, L50, F|100/100\n|-weather|Snowscape|[from] ability: Snow Warning|[of] p2a: Ninetales\n|turn|5\n|\n|t:|1775893690\n|switch|p1a: Kingambit|Kingambit, L50, M|87/100\n|move|p2b: Hydreigon|Protect|p2b: Hydreigon\n|-singleturn|p2b: Hydreigon|Protect\n|move|p2a: Ninetales|Blizzard|p1a: Kingambit|[spread] p1a,p1b\n|-resisted|p1a: Kingambit|1\n|-resisted|p1b: Incineroar|1\n|-damage|p1a: Kingambit|72/100\n|-damage|p1b: Incineroar|69/100\n|move|p1b: Incineroar|Parting Shot|p2b: Hydreigon\n|-activate|p2b: Hydreigon|move: Protect\n|\n|-weather|Snowscape|[upkeep]\n|upkeep\n|turn|6\n|\n|t:|1775893706\n|switch|p1b: Tyranitar|Tyranitar, L50, F|16/100\n|-weather|Sandstorm|[from] ability: Sand Stream|[of] p1b: Tyranitar\n|move|p2a: Ninetales|Blizzard|p1a: Kingambit|[spread] p1a,p1b\n|-resisted|p1a: Kingambit|1\n|-damage|p1a: Kingambit|57/100\n|-damage|p1b: Tyranitar|0 fnt\n|faint|p1b: Tyranitar\n|move|p2b: Hydreigon|Draco Meteor|p1a: Kingambit\n|-resisted|p1a: Kingambit|1\n|-crit|p1a: Kingambit\n|-damage|p1a: Kingambit|6/100\n|-unboost|p2b: Hydreigon|spa|2\n|move|p1a: Kingambit|Iron Head|p2a: Ninetales\n|-supereffective|p2a: Ninetales|2\n|-enditem|p2a: Ninetales|Focus Sash\n|-damage|p2a: Ninetales|1/100\n|\n|-weather|Sandstorm|[upkeep]\n|-damage|p2a: Ninetales|0 fnt|[from] Sandstorm\n|-damage|p2b: Hydreigon|13/100|[from] Sandstorm\n|faint|p2a: Ninetales\n|upkeep\n|\n|t:|1775893726\n|switch|p2a: Gengar|Gengar, L50, M|100/100\n|switch|p1b: Incineroar|Incineroar, L50, M|69/100\n|-ability|p1b: Incineroar|Intimidate|boost\n|-unboost|p2a: Gengar|atk|1\n|-unboost|p2b: Hydreigon|atk|1\n|turn|7\n|\n|t:|1775893738\n|detailschange|p2a: Gengar|Gengar-Mega, L50, M\n|-mega|p2a: Gengar|Gengar|Gengarite\n|move|p2b: Hydreigon|Protect|p2b: Hydreigon\n|-singleturn|p2b: Hydreigon|Protect\n|move|p1b: Incineroar|Fake Out|p2b: Hydreigon\n|-activate|p2b: Hydreigon|move: Protect\n|move|p1a: Kingambit|Sucker Punch||[still]\n|-fail|p1a: Kingambit\n|move|p2a: Gengar|Disable|p1a: Kingambit\n|-start|p1a: Kingambit|Disable|Sucker Punch\n|\n|-weather|Sandstorm|[upkeep]\n|-damage|p2a: Gengar|94/100|[from] Sandstorm\n|-damage|p2b: Hydreigon|7/100|[from] Sandstorm\n|-damage|p1b: Incineroar|63/100|[from] Sandstorm\n|upkeep\n|turn|8\n|\n|t:|1775893760\n|move|p2a: Gengar|Shadow Ball|p1a: Kingambit\n|-resisted|p1a: Kingambit|1\n|-damage|p1a: Kingambit|0 fnt\n|faint|p1a: Kingambit\n|move|p2b: Hydreigon|Draco Meteor|p1b: Incineroar\n|-crit|p1b: Incineroar\n|-damage|p1b: Incineroar|0 fnt\n|-unboost|p2b: Hydreigon|spa|2\n|faint|p1b: Incineroar\n|\n|-weather|Sandstorm|[upkeep]\n|-damage|p2a: Gengar|88/100|[from] Sandstorm\n|-damage|p2b: Hydreigon|1/100|[from] Sandstorm\n|upkeep\n|\n|t:|1775893774\n|switch|p1a: Gengar|Gengar, L50, M|100/100\n|turn|9\n|\n|t:|1775893780\n|detailschange|p1a: Gengar|Gengar-Mega, L50, M\n|-mega|p1a: Gengar|Gengar|Gengarite\n|move|p1a: Gengar|Protect|p1a: Gengar\n|-singleturn|p1a: Gengar|Protect\n|move|p2a: Gengar|Shadow Ball|p1a: Gengar\n|-activate|p1a: Gengar|move: Protect\n|move|p2b: Hydreigon|Dark Pulse|p1a: Gengar\n|-activate|p1a: Gengar|move: Protect\n|\n|-weather|Sandstorm|[upkeep]\n|-damage|p2a: Gengar|82/100|[from] Sandstorm\n|-damage|p1a: Gengar|95/100|[from] Sandstorm\n|-damage|p2b: Hydreigon|0 fnt|[from] Sandstorm\n|faint|p2b: Hydreigon\n|upkeep\n|turn|10\n|\n|t:|1775893796\n|move|p2a: Gengar|Shadow Ball|p1a: Gengar\n|-supereffective|p1a: Gengar|1\n|-damage|p1a: Gengar|0 fnt\n|faint|p1a: Gengar\n|\n|win|cellgoondude\n|raw|thepwr's rating: 1056 &rarr; <strong>1042</strong><br />(-14 for losing)\n|raw|cellgoondude's rating: 1150 &rarr; <strong>1168</strong><br />(+18 for winning)\n",
  "uploadtime": 1775893805,
  "views": 27,
  "formatid": "gen9championsvgc2026regma",
  "rating": 1042,
  "private": 0,
  "password": null
}