{
  "id": "gen9championsvgc2026regma-2581053278",
  "format": "[Gen 9 Champions] VGC 2026 Reg M-A",
  "players": [
    "bugawup",
    "neo hue hue"
  ],
  "log": "|j|\u2606bugawup\n|j|\u2606neo hue hue\n|t:|1775955449\n|gametype|doubles\n|player|p1|bugawup|101|1000\n|player|p2|neo hue hue|cynthia|1000\n|gen|9\n|tier|[Gen 9 Champions] VGC 2026 Reg M-A\n|rated|\n|rule|Species Clause: Limit one of each Pok\u00e9mon\n|rule|Item Clause: Limit 1 of each item\n|clearpoke\n|poke|p1|Meowscarada, L50, M|\n|poke|p1|Mudsdale, L50, M|\n|poke|p1|Skarmory, L50, M|\n|poke|p1|Lucario, L50, F|\n|poke|p1|Whimsicott, L50, F|\n|poke|p1|Zoroark-Hisui, L50, F|\n|poke|p2|Ceruledge, L50, M|\n|poke|p2|Garchomp, L50, M|\n|poke|p2|Whimsicott, L50, M|\n|poke|p2|Corviknight, L50, F|\n|poke|p2|Hatterene, L50, F|\n|poke|p2|Gengar, L50, M|\n|teampreview|4\n|inactive|Battle timer is ON: inactive players will automatically lose when time's up. (requested by bugawup)\n|\n|t:|1775955482\n|teamsize|p1|4\n|teamsize|p2|4\n|start\n|switch|p1a: Meowscarada|Meowscarada, L50, M|100/100\n|switch|p1b: Skarmory|Skarmory, L50, M|100/100\n|switch|p2a: Ceruledge|Ceruledge, L50, M|100/100\n|switch|p2b: Whimsicott|Whimsicott, L50, M|100/100\n|turn|1\n|inactive|bugawup has 30 seconds left.\n|inactive|bugawup has 20 seconds left.\n|inactive|bugawup has 15 seconds left.\n|\n|t:|1775955525\n|move|p1b: Skarmory|Bitter Malice|p2a: Ceruledge\n|-supereffective|p2a: Ceruledge|1\n|-damage|p2a: Ceruledge|7/100\n|-unboost|p2a: Ceruledge|atk|1\n|move|p1a: Meowscarada|Throat Chop|p2a: Ceruledge\n|-start|p1a: Meowscarada|typechange|Dark|[from] ability: Protean\n|-supereffective|p2a: Ceruledge|1\n|-damage|p2a: Ceruledge|0 fnt\n|faint|p2a: Ceruledge\n|move|p2b: Whimsicott|Moonblast|p1a: Meowscarada\n|-supereffective|p1a: Meowscarada|1\n|-damage|p1a: Meowscarada|17/100\n|-unboost|p1a: Meowscarada|spa|1\n|\n|upkeep\n|\n|t:|1775955545\n|switch|p2a: Gengar|Gengar, L50, M|100/100\n|turn|2\n|\n|t:|1775955560\n|detailschange|p2a: Gengar|Gengar-Mega, L50, M\n|-mega|p2a: Gengar|Gengar|Gengarite\n|move|p2a: Gengar|Perish Song|p2a: Gengar\n|-start|p1a: Meowscarada|perish3|[silent]\n|-start|p1b: Skarmory|perish3|[silent]\n|-start|p2a: Gengar|perish3|[silent]\n|-start|p2b: Whimsicott|perish3|[silent]\n|-fieldactivate|move: Perish Song\n|move|p1b: Skarmory|Bitter Malice|p2a: Gengar\n|-supereffective|p2a: Gengar|1\n|-damage|p2a: Gengar|12/100\n|-unboost|p2a: Gengar|atk|1\n|move|p1a: Meowscarada|Throat Chop|p2a: Gengar\n|-supereffective|p2a: Gengar|1\n|-damage|p2a: Gengar|0 fnt\n|faint|p2a: Gengar\n|move|p2b: Whimsicott|Moonblast|p1a: Meowscarada\n|-supereffective|p1a: Meowscarada|1\n|-damage|p1a: Meowscarada|0 fnt\n|faint|p1a: Meowscarada\n|\n|-start|p1b: Skarmory|perish3\n|-start|p2b: Whimsicott|perish3\n|upkeep\n|\n|t:|1775955582\n|switch|p2a: Garchomp|Garchomp, L50, M|100/100\n|switch|p1a: Mudsdale|Mudsdale, L50, M|100/100\n|turn|3\n|inactive|bugawup has 30 seconds left.\n|\n|t:|1775955613\n|move|p1b: Skarmory|Curse|p2a: Garchomp\n|-start|p2a: Garchomp|Curse|[of] p1b: Skarmory\n|-damage|p1b: Skarmory|50/100\n|move|p2a: Garchomp|Earthquake|p1b: Skarmory|[spread] p2b,p1a,p1b\n|-resisted|p2b: Whimsicott|1\n|-damage|p2b: Whimsicott|83/100\n|-damage|p1a: Mudsdale|70/100\n|-damage|p1b: Skarmory|0 fnt\n|-ability|p1a: Mudsdale|Stamina|boost\n|-boost|p1a: Mudsdale|def|1\n|replace|p1b: Zoroark|Zoroark-Hisui, L50, F\n|-end|p1b: Zoroark|Illusion\n|faint|p1b: Zoroark\n|move|p2b: Whimsicott|Giga Drain|p1a: Mudsdale\n|-supereffective|p1a: Mudsdale|1\n|-damage|p1a: Mudsdale|30/100\n|-heal|p2b: Whimsicott|100/100|[from] drain|[of] p1a: Mudsdale\n|-ability|p1a: Mudsdale|Stamina|boost\n|-boost|p1a: Mudsdale|def|1\n|move|p1a: Mudsdale|Body Press|p2a: Garchomp\n|-damage|p2a: Garchomp|58/100\n|-damage|p1a: Mudsdale|18/100|[from] ability: Rough Skin|[of] p2a: Garchomp\n|\n|-damage|p2a: Garchomp|33/100|[from] Curse\n|-start|p2b: Whimsicott|perish2\n|upkeep\n|\n|t:|1775955635\n|switch|p1b: Skarmory|Skarmory, L50, M|100/100\n|turn|4\n|\n|t:|1775955653\n|detailschange|p1b: Skarmory|Skarmory-Mega, L50, M\n|-mega|p1b: Skarmory|Skarmory|Skarmorite\n|move|p2a: Garchomp|Protect|p2a: Garchomp\n|-singleturn|p2a: Garchomp|Protect\n|move|p1a: Mudsdale|Protect|p1a: Mudsdale\n|-singleturn|p1a: Mudsdale|Protect\n|move|p1b: Skarmory|Iron Head|p2a: Garchomp\n|-activate|p2a: Garchomp|move: Protect\n|move|p2b: Whimsicott|Giga Drain|p1a: Mudsdale\n|-activate|p1a: Mudsdale|move: Protect\n|\n|-damage|p2a: Garchomp|9/100|[from] Curse\n|-start|p2b: Whimsicott|perish1\n|upkeep\n|turn|5\n|c|\u2606bugawup|nice perish song\n|inactive|bugawup has 30 seconds left.\n|\n|t:|1775955688\n|move|p1b: Skarmory|Protect|p1b: Skarmory\n|-singleturn|p1b: Skarmory|Protect\n|move|p2a: Garchomp|Protect||[still]\n|-fail|p2a: Garchomp\n|move|p2b: Whimsicott|Giga Drain|p1a: Mudsdale\n|-supereffective|p1a: Mudsdale|1\n|-damage|p1a: Mudsdale|0 fnt\n|faint|p1a: Mudsdale\n|\n|-damage|p2a: Garchomp|0 fnt|[from] Curse\n|faint|p2a: Garchomp\n|-start|p2b: Whimsicott|perish0\n|faint|p2b: Whimsicott\n|\n|win|bugawup\n|raw|bugawup's rating: 1000 &rarr; <strong>1040</strong><br />(+40 for winning)\n|raw|neo hue hue's rating: 1000 &rarr; <strong>1000</strong><br />(+0 for losing)\n|c|\u2606bugawup|gg\n|c|\u2606bugawup|what a protect\n|c|\u2606bugawup|haha\n|l|\u2606neo hue hue\n|player|p2|\n",
  "uploadtime": 1775955729,
  "views": 30,
  "formatid": "gen9championsvgc2026regma",
  "rating": 1000,
  "private": 0,
  "password": null
}