{
  "id": "gen9championsvgc2026regma-2585715171",
  "format": "[Gen 9 Champions] VGC 2026 Reg M-A",
  "players": [
    "climinha",
    "spoopytiger"
  ],
  "log": "|j|\u2606climinha\n|j|\u2606spoopytiger\n|t:|1776365605\n|gametype|doubles\n|player|p1|climinha|ingo|1108\n|player|p2|spoopytiger|pokemaniac|1208\n|gen|9\n|tier|[Gen 9 Champions] VGC 2026 Reg M-A\n|rated|\n|rule|Species Clause: Limit one of each Pok\u00e9mon\n|rule|Item Clause: Limit 1 of each item\n|clearpoke\n|poke|p1|Aerodactyl, L50, F|\n|poke|p1|Sneasler, L50, M|\n|poke|p1|Incineroar, L50, F|\n|poke|p1|Golurk, L50|\n|poke|p1|Whimsicott, L50, M|\n|poke|p1|Aegislash, L50, F|\n|poke|p2|Meganium, L50, F|\n|poke|p2|Aerodactyl, L50, F|\n|poke|p2|Kangaskhan, L50, F|\n|poke|p2|Tauros-Paldea-Aqua, L50, M|\n|poke|p2|Typhlosion-Hisui, L50, F|\n|poke|p2|Archaludon, L50, M|\n|teampreview|4\n|\n|t:|1776365633\n|teamsize|p1|4\n|teamsize|p2|4\n|start\n|switch|p1a: Aerodactyl|Aerodactyl, L50, F|100/100\n|switch|p1b: Sneasler|Sneasler, L50, M|100/100\n|switch|p2a: Aerodactyl|Aerodactyl, L50, F|100/100\n|switch|p2b: Kangaskhan|Kangaskhan, L50, F|100/100\n|-ability|p2a: Aerodactyl|Unnerve\n|-ability|p1a: Aerodactyl|Unnerve\n|turn|1\n|\n|t:|1776365653\n|detailschange|p2b: Kangaskhan|Kangaskhan-Mega, L50, F\n|-mega|p2b: Kangaskhan|Kangaskhan|Kangaskhanite\n|move|p1b: Sneasler|Upper Hand|p2b: Kangaskhan\n|-supereffective|p2b: Kangaskhan|1\n|-damage|p2b: Kangaskhan|26/100\n|cant|p2b: Kangaskhan|flinch\n|move|p2a: Aerodactyl|Tailwind|p2a: Aerodactyl\n|-sidestart|p2: spoopytiger|move: Tailwind\n|move|p1a: Aerodactyl|Tailwind|p1a: Aerodactyl\n|-sidestart|p1: climinha|move: Tailwind\n|\n|upkeep\n|turn|2\n|\n|t:|1776365671\n|switch|p2b: Typhlosion|Typhlosion-Hisui, L50, F|100/100\n|-item|p1a: Aerodactyl|Focus Sash|[from] ability: Frisk|[of] p2b: Typhlosion\n|-item|p1b: Sneasler|Lum Berry|[from] ability: Frisk|[of] p2b: Typhlosion\n|move|p2a: Aerodactyl|Dual Wingbeat|p1b: Sneasler\n|-supereffective|p1b: Sneasler|1\n|-damage|p1b: Sneasler|39/100\n|-supereffective|p1b: Sneasler|1\n|-damage|p1b: Sneasler|0 fnt\n|faint|p1b: Sneasler\n|-hitcount|p1: Sneasler|2\n|move|p1a: Aerodactyl|Swagger|p1: Sneasler|[notarget]\n|-fail|p1a: Aerodactyl\n|\n|upkeep\n|\n|t:|1776365688\n|switch|p1b: Golurk|Golurk, L50|100/100\n|turn|3\n|\n|t:|1776365696\n|detailschange|p1b: Golurk|Golurk-Mega, L50\n|-mega|p1b: Golurk|Golurk|Golurkite\n|move|p2b: Typhlosion|Shadow Ball|p1b: Golurk\n|-supereffective|p1b: Golurk|1\n|-damage|p1b: Golurk|33/100\n|move|p1a: Aerodactyl|Rock Slide|p2a: Aerodactyl|[spread] p2a\n|-miss|p1a: Aerodactyl|p2b: Typhlosion\n|-supereffective|p2a: Aerodactyl|1\n|-damage|p2a: Aerodactyl|23/100\n|move|p2a: Aerodactyl|Rock Slide|p1a: Aerodactyl|[spread] p1b\n|-miss|p2a: Aerodactyl|p1a: Aerodactyl\n|-resisted|p1b: Golurk|1\n|-damage|p1b: Golurk|22/100\n|move|p1b: Golurk|High Horsepower|p2b: Typhlosion\n|-supereffective|p2b: Typhlosion|1\n|-crit|p2b: Typhlosion\n|-damage|p2b: Typhlosion|0 fnt\n|faint|p2b: Typhlosion\n|\n|upkeep\n|\n|t:|1776365713\n|switch|p2b: Kangaskhan|Kangaskhan-Mega, L50, F|26/100\n|turn|4\n|\n|t:|1776365726\n|move|p2b: Kangaskhan|Sucker Punch|p1b: Golurk\n|-supereffective|p1b: Golurk|1\n|-damage|p1b: Golurk|0 fnt\n|faint|p1b: Golurk\n|-hitcount|p1: Golurk|1\n|move|p1a: Aerodactyl|Rock Slide|p2a: Aerodactyl|[spread] p2a,p2b\n|-supereffective|p2a: Aerodactyl|1\n|-damage|p2a: Aerodactyl|0 fnt\n|-damage|p2b: Kangaskhan|1/100\n|faint|p2a: Aerodactyl\n|\n|-sideend|p1: climinha|move: Tailwind\n|-sideend|p2: spoopytiger|move: Tailwind\n|upkeep\n|\n|t:|1776365736\n|switch|p2a: Tauros|Tauros-Paldea-Aqua, L50, M|100/100\n|switch|p1b: Aegislash|Aegislash, L50, F|100/100\n|-ability|p2a: Tauros|Intimidate|boost\n|-unboost|p1a: Aerodactyl|atk|1\n|-unboost|p1b: Aegislash|atk|1\n|turn|5\n|\n|t:|1776365753\n|move|p2b: Kangaskhan|Sucker Punch|p1b: Aegislash\n|-supereffective|p1b: Aegislash|1\n|-damage|p1b: Aegislash|65/100\n|-supereffective|p1b: Aegislash|1\n|-damage|p1b: Aegislash|55/100\n|-hitcount|p1b: Aegislash|2\n|move|p1a: Aerodactyl|Dual Wingbeat|p2a: Tauros\n|-supereffective|p2a: Tauros|1\n|-damage|p2a: Tauros|75/100\n|-supereffective|p2a: Tauros|1\n|-damage|p2a: Tauros|47/100\n|-hitcount|p2a: Tauros|2\n|move|p2a: Tauros|Wave Crash|p1a: Aerodactyl\n|-supereffective|p1a: Aerodactyl|1\n|-enditem|p1a: Aerodactyl|Focus Sash\n|-damage|p1a: Aerodactyl|1/100\n|-damage|p2a: Tauros|13/100|[from] Recoil\n|-formechange|p1b: Aegislash|Aegislash-Blade|\n|move|p1b: Aegislash|Flash Cannon|p2b: Kangaskhan\n|-damage|p2b: Kangaskhan|0 fnt\n|faint|p2b: Kangaskhan\n|\n|upkeep\n|turn|6\n|\n|t:|1776365777\n|move|p2a: Tauros|Aqua Jet|p1a: Aerodactyl\n|-supereffective|p1a: Aerodactyl|1\n|-damage|p1a: Aerodactyl|0 fnt\n|faint|p1a: Aerodactyl\n|move|p1b: Aegislash|Shadow Ball|p2a: Tauros\n|-damage|p2a: Tauros|0 fnt\n|faint|p2a: Tauros\n|\n|win|climinha\n|raw|climinha's rating: 1108 &rarr; <strong>1140</strong><br />(+32 for winning)\n|raw|spoopytiger's rating: 1208 &rarr; <strong>1176</strong><br />(-32 for losing)\n|l|\u2606spoopytiger\n|player|p2|\n",
  "uploadtime": 1776365872,
  "views": 22,
  "formatid": "gen9championsvgc2026regma",
  "rating": 1140,
  "private": 0,
  "password": null
}