{
  "id": "gen9championsvgc2026regma-2584813885",
  "format": "[Gen 9 Champions] VGC 2026 Reg M-A",
  "players": [
    "Nasihasi",
    "leaveamessage"
  ],
  "log": "|j|\u2606Nasihasi\n|j|\u2606leaveamessage\n|t:|1776285618\n|gametype|doubles\n|player|p1|Nasihasi|hiker-gen4|1304\n|player|p2|leaveamessage|red-masters|1319\n|gen|9\n|tier|[Gen 9 Champions] VGC 2026 Reg M-A\n|rated|\n|rule|Species Clause: Limit one of each Pok\u00e9mon\n|rule|Item Clause: Limit 1 of each item\n|clearpoke\n|poke|p1|Floette-Eternal, L50, F|\n|poke|p1|Incineroar, L50, F|\n|poke|p1|Sinistcha, L50|\n|poke|p1|Basculegion, L50, M|\n|poke|p1|Sneasler, L50, F|\n|poke|p1|Kleavor, L50, M|\n|poke|p2|Rotom-Wash, L50|\n|poke|p2|Incineroar, L50, F|\n|poke|p2|Sinistcha, L50|\n|poke|p2|Tyranitar, L50, F|\n|poke|p2|Floette-Eternal, L50, F|\n|poke|p2|Excadrill, L50, F|\n|teampreview|4\n|inactive|Battle timer is ON: inactive players will automatically lose when time's up. (requested by leaveamessage)\n|\n|t:|1776285645\n|teamsize|p1|4\n|teamsize|p2|4\n|start\n|switch|p1a: Sneasler|Sneasler, L50, F|100/100\n|switch|p1b: Incineroar|Incineroar, L50, F|100/100\n|switch|p2a: Tyranitar|Tyranitar, L50, F|100/100\n|switch|p2b: Floette|Floette-Eternal, L50, F|100/100\n|-weather|Sandstorm|[from] ability: Sand Stream|[of] p2a: Tyranitar\n|-ability|p1b: Incineroar|Intimidate|boost\n|-unboost|p2a: Tyranitar|atk|1\n|-unboost|p2b: Floette|atk|1\n|turn|1\n|inactive|leaveamessage has 30 seconds left.\n|inactive|leaveamessage has 20 seconds left.\n|\n|t:|1776285682\n|switch|p2a: Rotom|Rotom-Wash, L50|100/100\n|detailschange|p2b: Floette|Floette-Mega, L50, F\n|-mega|p2b: Floette|Floette|Floettite\n|-ability|p2b: Floette|Fairy Aura\n|move|p2b: Floette|Protect|p2b: Floette\n|-singleturn|p2b: Floette|Protect\n|move|p1b: Incineroar|Fake Out|p2a: Rotom\n|-damage|p2a: Rotom|91/100\n|move|p1a: Sneasler|Dire Claw|p2b: Floette\n|-activate|p2b: Floette|move: Protect\n|\n|-weather|Sandstorm|[upkeep]\n|-damage|p1a: Sneasler|95/100|[from] Sandstorm\n|-damage|p2b: Floette|95/100|[from] Sandstorm\n|-damage|p2a: Rotom|85/100|[from] Sandstorm\n|-damage|p1b: Incineroar|95/100|[from] Sandstorm\n|-heal|p2a: Rotom|91/100|[from] item: Leftovers\n|upkeep\n|turn|2\n|\n|t:|1776285704\n|switch|p2b: Excadrill|Excadrill, L50, F|100/100\n|move|p1a: Sneasler|Close Combat|p2b: Excadrill\n|-supereffective|p2b: Excadrill|1\n|-enditem|p2b: Excadrill|Focus Sash\n|-damage|p2b: Excadrill|1/100\n|-unboost|p1a: Sneasler|def|1\n|-unboost|p1a: Sneasler|spd|1\n|-enditem|p1a: Sneasler|White Herb\n|-clearnegativeboost|p1a: Sneasler|[silent]\n|move|p2a: Rotom|Will-O-Wisp|p1a: Sneasler\n|-status|p1a: Sneasler|brn\n|move|p1b: Incineroar|Parting Shot|p2a: Rotom\n|-unboost|p2a: Rotom|atk|1\n|-unboost|p2a: Rotom|spa|1\n|\n|t:|1776285719\n|switch|p1b: Floette|Floette-Eternal, L50, F|100/100|[from] Parting Shot\n|\n|-weather|Sandstorm|[upkeep]\n|-damage|p1a: Sneasler|89/100 brn|[from] Sandstorm\n|-damage|p1b: Floette|94/100|[from] Sandstorm\n|-damage|p2a: Rotom|85/100|[from] Sandstorm\n|-heal|p2a: Rotom|91/100|[from] item: Leftovers\n|-damage|p1a: Sneasler|83/100 brn|[from] brn\n|upkeep\n|turn|3\n|\n|t:|1776285731\n|detailschange|p1b: Floette|Floette-Mega, L50, F\n|-mega|p1b: Floette|Floette|Floettite\n|-ability|p1b: Floette|Fairy Aura\n|move|p2b: Excadrill|Protect|p2b: Excadrill\n|-singleturn|p2b: Excadrill|Protect\n|move|p1a: Sneasler|Close Combat|p2b: Excadrill\n|-activate|p2b: Excadrill|move: Protect\n|move|p1b: Floette|Calm Mind|p1b: Floette\n|-boost|p1b: Floette|spa|1\n|-boost|p1b: Floette|spd|1\n|move|p2a: Rotom|Hydro Pump|p1a: Sneasler\n|-damage|p1a: Sneasler|48/100 brn\n|\n|-weather|Sandstorm|[upkeep]\n|-damage|p1a: Sneasler|43/100 brn|[from] Sandstorm\n|-damage|p1b: Floette|88/100|[from] Sandstorm\n|-damage|p2a: Rotom|85/100|[from] Sandstorm\n|-heal|p2a: Rotom|91/100|[from] item: Leftovers\n|-damage|p1a: Sneasler|37/100 brn|[from] brn\n|upkeep\n|turn|4\n|\n|t:|1776285753\n|switch|p2b: Floette|Floette-Mega, L50, F|95/100\n|-ability|p2b: Floette|Fairy Aura\n|move|p1a: Sneasler|Close Combat|p2b: Floette\n|-resisted|p2b: Floette|1\n|-damage|p2b: Floette|72/100\n|-unboost|p1a: Sneasler|def|1\n|-unboost|p1a: Sneasler|spd|1\n|move|p1b: Floette|Moonblast|p2a: Rotom\n|-damage|p2a: Rotom|0 fnt\n|faint|p2a: Rotom\n|\n|-weather|Sandstorm|[upkeep]\n|-damage|p1a: Sneasler|31/100 brn|[from] Sandstorm\n|-damage|p2b: Floette|66/100|[from] Sandstorm\n|-damage|p1b: Floette|82/100|[from] Sandstorm\n|-damage|p1a: Sneasler|25/100 brn|[from] brn\n|upkeep\n|\n|t:|1776285761\n|switch|p2a: Excadrill|Excadrill, L50, F|1/100\n|turn|5\n|\n|t:|1776285779\n|move|p1a: Sneasler|Close Combat|p2a: Excadrill\n|-supereffective|p2a: Excadrill|1\n|-damage|p2a: Excadrill|0 fnt\n|-unboost|p1a: Sneasler|def|1\n|-unboost|p1a: Sneasler|spd|1\n|faint|p2a: Excadrill\n|move|p2b: Floette|Dazzling Gleam|p1b: Floette|[spread] p1a,p1b\n|-damage|p1a: Sneasler|0 fnt\n|-damage|p1b: Floette|59/100\n|faint|p1a: Sneasler\n|move|p1b: Floette|Moonblast|p2b: Floette\n|-damage|p2b: Floette|0 fnt\n|faint|p2b: Floette\n|\n|-weather|none\n|upkeep\n|\n|t:|1776285795\n|switch|p1a: Sinistcha|Sinistcha, L50|100/100\n|switch|p2b: Tyranitar|Tyranitar, L50, F|100/100\n|-weather|Sandstorm|[from] ability: Sand Stream|[of] p2b: Tyranitar\n|-heal|p1b: Floette|83/100|[from] ability: Hospitality|[of] p1a: Sinistcha\n|turn|6\n|\n|t:|1776285805\n|switch|p1a: Incineroar|Incineroar, L50, F|95/100\n|-ability|p1a: Incineroar|Intimidate|boost\n|-unboost|p2b: Tyranitar|atk|1\n|move|p1b: Floette|Moonblast|p2b: Tyranitar\n|-supereffective|p2b: Tyranitar|1\n|-damage|p2b: Tyranitar|0 fnt\n|faint|p2b: Tyranitar\n|\n|win|Nasihasi\n|raw|Nasihasi's rating: 1304 &rarr; <strong>1325</strong><br />(+21 for winning)\n|raw|leaveamessage's rating: 1319 &rarr; <strong>1298</strong><br />(-21 for losing)\n|l|\u2606leaveamessage\n|player|p2|\n",
  "uploadtime": 1776285816,
  "views": 36,
  "formatid": "gen9championsvgc2026regma",
  "rating": 1298,
  "private": 0,
  "password": null
}