{
  "id": "gen9championsvgc2026regma-2585697631",
  "format": "[Gen 9 Champions] VGC 2026 Reg M-A",
  "players": [
    "shinja yug",
    "lhomkwai"
  ],
  "log": "|j|\u2606shinja yug\n|j|\u2606lhomkwai\n|t:|1776364448\n|gametype|doubles\n|player|p1|shinja yug|li|1385\n|player|p2|lhomkwai|victor-dojo|1317\n|gen|9\n|tier|[Gen 9 Champions] VGC 2026 Reg M-A\n|rated|\n|rule|Species Clause: Limit one of each Pok\u00e9mon\n|rule|Item Clause: Limit 1 of each item\n|clearpoke\n|poke|p1|Basculegion, L50, M|\n|poke|p1|Dragapult, L50, F|\n|poke|p1|Kommo-o, L50, M|\n|poke|p1|Scovillain, L50, M|\n|poke|p1|Aerodactyl, L50, M|\n|poke|p1|Sneasler, L50, F|\n|poke|p2|Crabominable, L50, M|\n|poke|p2|Farigiraf, L50, M|\n|poke|p2|Empoleon, L50, M|\n|poke|p2|Incineroar, L50, F|\n|poke|p2|Sinistcha, L50|\n|poke|p2|Araquanid, L50, M|\n|teampreview|4\n|inactive|Battle timer is ON: inactive players will automatically lose when time's up. (requested by lhomkwai)\n|\n|t:|1776364479\n|teamsize|p1|4\n|teamsize|p2|4\n|start\n|switch|p1a: Aerodactyl|Aerodactyl, L50, M|100/100\n|switch|p1b: Sneasler|Sneasler, L50, F|100/100\n|switch|p2a: Incineroar|Incineroar, L50, F|100/100\n|switch|p2b: Farigiraf|Farigiraf, L50, M|100/100\n|-ability|p1a: Aerodactyl|Unnerve\n|-ability|p2a: Incineroar|Intimidate|boost\n|-unboost|p1a: Aerodactyl|atk|1\n|-unboost|p1b: Sneasler|atk|1\n|-enditem|p1b: Sneasler|White Herb\n|-clearnegativeboost|p1b: Sneasler|[silent]\n|turn|1\n|inactive|lhomkwai has 30 seconds left.\n|\n|t:|1776364506\n|move|p2a: Incineroar|Fake Out|p1a: Aerodactyl\n|-resisted|p1a: Aerodactyl|1\n|-damage|p1a: Aerodactyl|91/100\n|move|p1b: Sneasler|Close Combat|p2b: Farigiraf\n|-damage|p2b: Farigiraf|43/100\n|-unboost|p1b: Sneasler|def|1\n|-unboost|p1b: Sneasler|spd|1\n|cant|p1a: Aerodactyl|flinch\n|move|p2b: Farigiraf|Trick Room|p2b: Farigiraf\n|-fieldstart|move: Trick Room|[of] p2b: Farigiraf\n|\n|upkeep\n|turn|2\n|\n|t:|1776364524\n|move|p1a: Aerodactyl|Protect|p1a: Aerodactyl\n|-singleturn|p1a: Aerodactyl|Protect\n|move|p1b: Sneasler|Protect|p1b: Sneasler\n|-singleturn|p1b: Sneasler|Protect\n|move|p2a: Incineroar|Parting Shot|p1a: Aerodactyl\n|-activate|p1a: Aerodactyl|move: Protect\n|move|p2b: Farigiraf|Psychic|p1b: Sneasler\n|-activate|p1b: Sneasler|move: Protect\n|\n|upkeep\n|turn|3\n|\n|t:|1776364547\n|move|p2b: Farigiraf|Psychic|p1b: Sneasler\n|-supereffective|p1b: Sneasler|2\n|-damage|p1b: Sneasler|0 fnt\n|faint|p1b: Sneasler\n|move|p2a: Incineroar|Parting Shot|p1a: Aerodactyl\n|-unboost|p1a: Aerodactyl|atk|1\n|-unboost|p1a: Aerodactyl|spa|1\n|\n|t:|1776364557\n|switch|p2a: Araquanid|Araquanid, L50, M|100/100|[from] Parting Shot\n|move|p1a: Aerodactyl|Dual Wingbeat|p2a: Araquanid\n|-supereffective|p2a: Araquanid|1\n|-damage|p2a: Araquanid|77/100\n|-supereffective|p2a: Araquanid|1\n|-damage|p2a: Araquanid|54/100\n|-hitcount|p2a: Araquanid|2\n|\n|-heal|p2a: Araquanid|60/100|[from] item: Leftovers\n|upkeep\n|\n|t:|1776364566\n|switch|p1b: charti boy|Scovillain, L50, M|100/100\n|turn|4\n|\n|t:|1776364573\n|switch|p2b: Crabominable|Crabominable, L50, M|100/100\n|move|p1b: charti boy|Protect|p1b: charti boy\n|-singleturn|p1b: charti boy|Protect\n|move|p1a: Aerodactyl|Protect|p1a: Aerodactyl\n|-singleturn|p1a: Aerodactyl|Protect\n|move|p2a: Araquanid|Entrainment|p2b: Crabominable\n|-ability|p2b: Crabominable|Water Bubble|Iron Fist|[from] move: Entrainment|[of] p2a: Araquanid\n|\n|-heal|p2a: Araquanid|67/100|[from] item: Leftovers\n|-ability|p1b: charti boy|Moody|boost\n|-boost|p1b: charti boy|atk|2\n|-unboost|p1b: charti boy|spd|1\n|upkeep\n|turn|5\n|inactive|lhomkwai has 30 seconds left.\n|\n|t:|1776364605\n|detailschange|p2b: Crabominable|Crabominable-Mega, L50, M\n|-mega|p2b: Crabominable|Crabominable|Crabominite\n|detailschange|p1b: charti boy|Scovillain-Mega, L50, M\n|-mega|p1b: charti boy|Scovillain|Scovillainite\n|move|p1b: charti boy|Rage Powder|p1b: charti boy\n|-singleturn|p1b: charti boy|move: Rage Powder\n|move|p2a: Araquanid|Entrainment|p1b: charti boy\n|-ability|p1b: charti boy|Water Bubble|Spicy Spray|[from] move: Entrainment|[of] p2a: Araquanid\n|move|p2b: Crabominable|Rock Slide|p1a: Aerodactyl|[spread] p1a,p1b\n|-supereffective|p1a: Aerodactyl|1\n|-supereffective|p1b: charti boy|1\n|-crit|p1b: charti boy\n|-damage|p1a: Aerodactyl|6/100\n|-damage|p1b: charti boy|22/100\n|cant|p1a: Aerodactyl|flinch\n|\n|-heal|p2a: Araquanid|73/100|[from] item: Leftovers\n|-fieldend|move: Trick Room\n|upkeep\n|turn|6\n|c|\u2606shinja yug|that is p cool tech yo\n|inactive|shinja yug has 30 seconds left.\n|inactive|lhomkwai has 30 seconds left.\n|inactive|shinja yug has 20 seconds left.\n|\n|t:|1776364645\n|switch|p1b: Dragapult|Dragapult, L50, F|100/100\n|move|p2a: Araquanid|Wide Guard|p2a: Araquanid\n|-singleturn|p2a: Araquanid|Wide Guard\n|move|p1a: Aerodactyl|Dual Wingbeat|p2b: Crabominable\n|-supereffective|p2b: Crabominable|1\n|-damage|p2b: Crabominable|86/100\n|-supereffective|p2b: Crabominable|1\n|-damage|p2b: Crabominable|73/100\n|-hitcount|p2b: Crabominable|2\n|move|p2b: Crabominable|Rock Slide|p1b: Dragapult|[spread] p1b\n|-miss|p2b: Crabominable|p1a: Aerodactyl\n|-damage|p1b: Dragapult|71/100\n|\n|-heal|p2a: Araquanid|79/100|[from] item: Leftovers\n|upkeep\n|turn|7\n|\n|t:|1776364670\n|switch|p2b: Incineroar|Incineroar, L50, F|100/100\n|-ability|p2b: Incineroar|Intimidate|boost\n|-unboost|p1a: Aerodactyl|atk|1\n|-fail|p1b: Dragapult|unboost|[from] ability: Clear Body|[of] p1b: Dragapult\n|move|p1b: Dragapult|Protect|p1b: Dragapult\n|-singleturn|p1b: Dragapult|Protect\n|move|p1a: Aerodactyl|Stone Edge|p2a: Araquanid|[miss]\n|-miss|p1a: Aerodactyl|p2a: Araquanid\n|move|p2a: Araquanid|Reflect|p2a: Araquanid\n|-sidestart|p2: lhomkwai|Reflect\n|\n|-heal|p2a: Araquanid|85/100|[from] item: Leftovers\n|upkeep\n|turn|8\n|inactive|lhomkwai has 30 seconds left.\n|\n|t:|1776364697\n|switch|p1a: charti boy|Scovillain-Mega, L50, M|22/100\n|switch|p2a: Farigiraf|Farigiraf, L50, M|43/100\n|move|p1b: Dragapult|Phantom Force||[still]\n|-prepare|p1b: Dragapult|Phantom Force\n|move|p2b: Incineroar|Darkest Lariat|p1b: Dragapult|[miss]\n|-miss|p2b: Incineroar|p1b: Dragapult\n|\n|upkeep\n|turn|9\n|\n|t:|1776364710\n|move|p1b: Dragapult|Phantom Force|p2a: Farigiraf|[from] lockedmove\n|-immune|p2a: Farigiraf\n|move|p1a: charti boy|Flamethrower|p2a: Farigiraf\n|-damage|p2a: Farigiraf|4/100\n|move|p2b: Incineroar|Parting Shot|p1a: charti boy\n|-unboost|p1a: charti boy|atk|1\n|-unboost|p1a: charti boy|spa|1\n|\n|t:|1776364722\n|switch|p2b: Crabominable|Crabominable-Mega, L50, M|73/100|[from] Parting Shot\n|move|p2a: Farigiraf|Trick Room|p2a: Farigiraf\n|-fieldstart|move: Trick Room|[of] p2a: Farigiraf\n|\n|upkeep\n|turn|10\n|-message|shinja yug forfeited.\n|\n|win|lhomkwai\n|raw|shinja yug's rating: 1359 &rarr; <strong>1337</strong><br />(-22 for losing)\n|raw|lhomkwai's rating: 1317 &rarr; <strong>1339</strong><br />(+22 for winning)\n|l|\u2606shinja yug\n|player|p1|\n|l|\u2606lhomkwai\n|player|p2|\n|j|\u2606lhomkwai\n|player|p2|lhomkwai|victor-dojo|\n",
  "uploadtime": 1776364736,
  "views": 44,
  "formatid": "gen9championsvgc2026regma",
  "rating": 1337,
  "private": 0,
  "password": null
}