{
  "id": "gen9championsvgc2026regma-2588003761",
  "format": "[Gen 9 Champions] VGC 2026 Reg M-A",
  "players": [
    "jeet999",
    "MefShowdown0"
  ],
  "log": "|j|\u2606jeet999\n|j|\u2606MefShowdown0\n|t:|1776591557\n|gametype|doubles\n|player|p1|jeet999|169|1326\n|player|p2|MefShowdown0|selene-masters2|1363\n|gen|9\n|tier|[Gen 9 Champions] VGC 2026 Reg M-A\n|rated|\n|rule|Species Clause: Limit one of each Pok\u00e9mon\n|rule|Item Clause: Limit 1 of each item\n|clearpoke\n|poke|p1|Floette-Eternal, L50, F|\n|poke|p1|Sneasler, L50, F|\n|poke|p1|Basculegion, L50, M|\n|poke|p1|Incineroar, L50, F|\n|poke|p1|Aerodactyl, L50, F|\n|poke|p1|Sableye, L50, M|\n|poke|p2|Floette-Eternal, L50, F|\n|poke|p2|Aerodactyl, L50, F|\n|poke|p2|Sneasler, L50, F|\n|poke|p2|Incineroar, L50, F|\n|poke|p2|Sinistcha, L50|\n|poke|p2|Milotic, L50, M|\n|teampreview|4\n|inactive|Battle timer is ON: inactive players will automatically lose when time's up. (requested by jeet999)\njeet999 rejected open team sheets.\n|inactive|jeet999 has 60 seconds left.\n|inactive|MefShowdown0 has 60 seconds left.\n|c|\u2606MefShowdown0|how dare you use mega floette\n|c|\u2606jeet999|how dare you use mega floette\n|c|\u2606MefShowdown0|echo\n|c|\u2606jeet999|with a vanilla team\n|inactive|MefShowdown0 has 30 seconds left.\n|c|\u2606MefShowdown0|vanilla?\n|c|\u2606jeet999|yeah\n|c|\u2606MefShowdown0|do you see that sexy milotic tech?\n|inactive|MefShowdown0 has 20 seconds left.\n|inactive|MefShowdown0 has 15 seconds left.\n|inactive|MefShowdown0 has 10 seconds left.\n|c|\u2606jeet999|other than that\n|inactive|MefShowdown0 has 5 seconds left.\n|\n|t:|1776591646\n|teamsize|p1|4\n|teamsize|p2|4\n|start\n|switch|p1a: Floette|Floette-Eternal, L50, F|100/100\n|switch|p1b: Sableye|Sableye, L50, M|100/100\n|switch|p2a: Floette|Floette-Eternal, L50, F|100/100\n|switch|p2b: Milotic|Milotic, L50, M|100/100\n|turn|1\n|inactive|MefShowdown0 has 30 seconds left.\n|\n|t:|1776591673\n|detailschange|p1a: Floette|Floette-Mega, L50, F\n|-mega|p1a: Floette|Floette|Floettite\n|-ability|p1a: Floette|Fairy Aura\n|detailschange|p2a: Floette|Floette-Mega, L50, F\n|-mega|p2a: Floette|Floette|Floettite\n|-ability|p2a: Floette|Fairy Aura\n|move|p1b: Sableye|Light Screen|p1b: Sableye\n|-sidestart|p1: jeet999|move: Light Screen\n|move|p1a: Floette|Calm Mind|p1a: Floette\n|-boost|p1a: Floette|spa|1\n|-boost|p1a: Floette|spd|1\n|move|p2a: Floette|Dazzling Gleam|p1a: Floette|[spread] p1a,p1b\n|-supereffective|p1b: Sableye|1\n|-damage|p1a: Floette|86/100\n|-damage|p1b: Sableye|36/100\n|move|p2b: Milotic|Icy Wind|p1a: Floette|[spread] p1a,p1b\n|-damage|p1a: Floette|83/100\n|-damage|p1b: Sableye|29/100\n|-unboost|p1a: Floette|spe|1\n|-unboost|p1b: Sableye|spe|1\n|\n|-heal|p1b: Sableye|35/100|[from] item: Leftovers\n|upkeep\n|turn|2\n|\n|t:|1776591697\n|move|p2b: Milotic|Helping Hand|p2a: Floette\n|-singleturn|p2a: Floette|Helping Hand|[of] p2b: Milotic\n|move|p1b: Sableye|Disable|p2a: Floette\n|-start|p2a: Floette|Disable|Dazzling Gleam\n|move|p2a: Floette|Draining Kiss|p1a: Floette\n|-damage|p1a: Floette|61/100\n|move|p1a: Floette|Calm Mind|p1a: Floette\n|-boost|p1a: Floette|spa|1\n|-boost|p1a: Floette|spd|1\n|\n|-heal|p1b: Sableye|41/100|[from] item: Leftovers\n|upkeep\n|turn|3\n|inactive|jeet999 has 30 seconds left.\n|inactive|MefShowdown0 has 30 seconds left.\n|inactive|MefShowdown0 has 20 seconds left.\n|inactive|MefShowdown0 has 15 seconds left.\n|\n|t:|1776591740\n|switch|p2a: Sinistcha|Sinistcha, L50|100/100\n|switch|p1b: Sneasler|Sneasler, L50, F|100/100\n|-ability|p1b: Sneasler|Pressure\n|move|p2b: Milotic|Scald|p1a: Floette\n|-damage|p1a: Floette|54/100\n|move|p1a: Floette|Draining Kiss|p2a: Sinistcha\n|-damage|p2a: Sinistcha|42/100\n|-heal|p1a: Floette|99/100|[from] drain|[of] p2a: Sinistcha\n|\n|upkeep\n|turn|4\n|inactive|jeet999 has 30 seconds left.\n|inactive|MefShowdown0 has 30 seconds left.\n|\n|t:|1776591773\n|move|p1b: Sneasler|Fake Out|p2b: Milotic\n|-damage|p2b: Milotic|84/100\n|cant|p2b: Milotic|flinch\n|move|p2a: Sinistcha|Matcha Gotcha|p1b: Sneasler|[spread] p1b\n|-miss|p2a: Sinistcha|p1a: Floette\n|-resisted|p1b: Sneasler|1\n|-damage|p1b: Sneasler|90/100\n|-heal|p2a: Sinistcha|46/100|[from] drain|[of] p1b: Sneasler\n|move|p1a: Floette|Calm Mind|p1a: Floette\n|-boost|p1a: Floette|spa|1\n|-boost|p1a: Floette|spd|1\n|\n|-heal|p2b: Milotic|90/100|[from] item: Leftovers\n|upkeep\n|turn|5\n|\n|t:|1776591796\n|move|p1b: Sneasler|Dire Claw|p2a: Sinistcha\n|-damage|p2a: Sinistcha|7/100\n|move|p2b: Milotic|Icy Wind|p1a: Floette|[spread] p1a,p1b\n|-damage|p1a: Floette|97/100\n|-damage|p1b: Sneasler|82/100\n|-unboost|p1a: Floette|spe|1\n|-unboost|p1b: Sneasler|spe|1\n|-enditem|p1b: Sneasler|White Herb\n|-clearnegativeboost|p1b: Sneasler|[silent]\n|move|p2a: Sinistcha|Matcha Gotcha|p1b: Sneasler|[spread] p1a,p1b\n|-resisted|p1b: Sneasler|1\n|-damage|p1a: Floette|91/100\n|-heal|p2a: Sinistcha|9/100|[from] drain|[of] p1a: Floette\n|-damage|p1b: Sneasler|70/100\n|-heal|p2a: Sinistcha|15/100|[from] drain|[of] p1b: Sneasler\n|move|p1a: Floette|Calm Mind|p1a: Floette\n|-boost|p1a: Floette|spa|1\n|-boost|p1a: Floette|spd|1\n|\n|-heal|p2b: Milotic|96/100|[from] item: Leftovers\n|-sideend|p1: jeet999|move: Light Screen\n|upkeep\n|turn|6\n|\n|t:|1776591820\n|move|p1b: Sneasler|Close Combat|p2b: Milotic\n|-damage|p2b: Milotic|34/100\n|-unboost|p1b: Sneasler|def|1\n|-unboost|p1b: Sneasler|spd|1\n|move|p2b: Milotic|Icy Wind|p1b: Sneasler|[spread] p1a,p1b\n|-damage|p1a: Floette|89/100\n|-damage|p1b: Sneasler|51/100\n|-unboost|p1a: Floette|spe|1\n|-unboost|p1b: Sneasler|spe|1\n|move|p2a: Sinistcha|Matcha Gotcha|p1a: Floette|[spread] p1a,p1b\n|-resisted|p1b: Sneasler|1\n|-damage|p1a: Floette|83/100\n|-heal|p2a: Sinistcha|17/100|[from] drain|[of] p1a: Floette\n|-damage|p1b: Sneasler|28/100\n|-heal|p2a: Sinistcha|27/100|[from] drain|[of] p1b: Sneasler\n|move|p1a: Floette|Dazzling Gleam|p2b: Milotic|[spread] p2a,p2b\n|-damage|p2a: Sinistcha|0 fnt\n|-damage|p2b: Milotic|0 fnt\n|faint|p2a: Sinistcha\n|faint|p2b: Milotic\n|\n|upkeep\n|\n|t:|1776591837\n|switch|p2b: Floette|Floette-Mega, L50, F|100/100\n|switch|p2a: Sneasler|Sneasler, L50, F|100/100\n|-ability|p2b: Floette|Fairy Aura\n|turn|7\n|inactive|jeet999 has 30 seconds left.\n|inactive|jeet999 has 20 seconds left.\n|inactive|jeet999 has 15 seconds left.\n|\n|t:|1776591882\n|move|p1a: Floette|Protect|p1a: Floette\n|-singleturn|p1a: Floette|Protect\n|move|p2a: Sneasler|Dire Claw|p1a: Floette\n|-activate|p1a: Floette|move: Protect\n|move|p1b: Sneasler|Dire Claw|p2b: Floette\n|-supereffective|p2b: Floette|1\n|-damage|p2b: Floette|14/100\n|move|p2b: Floette|Draining Kiss|p1b: Sneasler\n|-damage|p1b: Sneasler|0 fnt\n|-heal|p2b: Floette|32/100|[from] drain|[of] p1b: Sneasler\n|faint|p1b: Sneasler\n|\n|upkeep\n|\n|t:|1776591894\n|switch|p1b: Sableye|Sableye, L50, M|41/100\n|turn|8\n|\n|t:|1776591903\n|move|p1b: Sableye|Disable|p2a: Sneasler\n|-start|p2a: Sneasler|Disable|Dire Claw\n|cant|p2a: Sneasler|Disable|Dire Claw\n|move|p2b: Floette|Dazzling Gleam|p1a: Floette|[spread] p1a,p1b\n|-supereffective|p1b: Sableye|1\n|-damage|p1a: Floette|71/100\n|-damage|p1b: Sableye|0 fnt\n|faint|p1b: Sableye\n|move|p1a: Floette|Dazzling Gleam|p2a: Sneasler|[spread] p2a,p2b\n|-damage|p2a: Sneasler|0 fnt\n|-damage|p2b: Floette|0 fnt\n|faint|p2a: Sneasler\n|faint|p2b: Floette\n|\n|win|jeet999\n|raw|jeet999's rating: 1326 &rarr; <strong>1348</strong><br />(+22 for winning)\n|raw|MefShowdown0's rating: 1363 &rarr; <strong>1341</strong><br />(-22 for losing)\n",
  "uploadtime": 1776591903,
  "views": 14,
  "formatid": "gen9championsvgc2026regma",
  "rating": 1341,
  "private": 0,
  "password": null
}