{
  "id": "gen9championsvgc2026regma-2584502862",
  "format": "[Gen 9 Champions] VGC 2026 Reg M-A",
  "players": [
    "katysub",
    "925r"
  ],
  "log": "|j|\u2606katysub\n|j|\u203d925r\n|t:|1776265123\n|gametype|doubles\n|player|p1|katysub|lass-gen4|1064\n|player|p2|925r|101|1000\n|gen|9\n|tier|[Gen 9 Champions] VGC 2026 Reg M-A\n|rated|\n|rule|Species Clause: Limit one of each Pok\u00e9mon\n|rule|Item Clause: Limit 1 of each item\n|clearpoke\n|poke|p1|Gardevoir, L50, M|\n|poke|p1|Aerodactyl, L50, M|\n|poke|p1|Incineroar, L50, M|\n|poke|p1|Rotom-Wash, L50|\n|poke|p1|Sinistcha, L50|\n|poke|p1|Garchomp, L50, M|\n|poke|p2|Whimsicott, L50, F|\n|poke|p2|Sylveon, L50, F|\n|poke|p2|Aegislash, L50, M|\n|poke|p2|Volcarona, L50, M|\n|poke|p2|Venusaur, L50, F|\n|poke|p2|Slowbro, L50, M|\n|teampreview|4\n|inactive|Battle timer is ON: inactive players will automatically lose when time's up. (requested by 925r)\n|\n|t:|1776265190\n|teamsize|p1|4\n|teamsize|p2|4\n|start\n|switch|p1a: Aerodactyl|Aerodactyl, L50, M|100/100\n|switch|p1b: Incineroar|Incineroar, L50, M|100/100\n|switch|p2a: Whimsicott|Whimsicott, L50, F, shiny|100/100\n|switch|p2b: Aegislash|Aegislash, L50, M, shiny|100/100\n|-ability|p1a: Aerodactyl|Unnerve\n|-ability|p1b: Incineroar|Intimidate|boost\n|-unboost|p2a: Whimsicott|atk|1\n|-unboost|p2b: Aegislash|atk|1\n|turn|1\n|\n|t:|1776265206\n|move|p1b: Incineroar|Fake Out|p2a: Whimsicott\n|-damage|p2a: Whimsicott|88/100\n|cant|p2a: Whimsicott|flinch\n|move|p1a: Aerodactyl|Dual Wingbeat|p2a: Whimsicott\n|-supereffective|p2a: Whimsicott|1\n|-damage|p2a: Whimsicott|45/100\n|-supereffective|p2a: Whimsicott|1\n|-damage|p2a: Whimsicott|4/100\n|-hitcount|p2a: Whimsicott|2\n|move|p2b: Aegislash|Substitute|p2b: Aegislash\n|-start|p2b: Aegislash|Substitute\n|-damage|p2b: Aegislash|76/100\n|\n|-heal|p2b: Aegislash|82/100|[from] item: Leftovers\n|upkeep\n|turn|2\n|inactive|katysub has 30 seconds left.\n|inactive|925r has 30 seconds left.\n|\n|t:|1776265237\n|move|p2a: Whimsicott|Tailwind|p2a: Whimsicott\n|-sidestart|p2: 925r|move: Tailwind\n|move|p1a: Aerodactyl|Tailwind|p1a: Aerodactyl\n|-sidestart|p1: katysub|move: Tailwind\n|-formechange|p2b: Aegislash|Aegislash-Blade|\n|move|p2b: Aegislash|Iron Head|p1a: Aerodactyl\n|-supereffective|p1a: Aerodactyl|1\n|-enditem|p1a: Aerodactyl|Focus Sash\n|-damage|p1a: Aerodactyl|1/100\n|move|p1b: Incineroar|Flare Blitz|p2a: Whimsicott\n|-supereffective|p2a: Whimsicott|1\n|-damage|p2a: Whimsicott|0 fnt\n|faint|p2a: Whimsicott\n|-damage|p1b: Incineroar|99/100|[from] Recoil\n|\n|-heal|p2b: Aegislash|88/100|[from] item: Leftovers\n|upkeep\n|\n|t:|1776265254\n|switch|p2a: Sylveon|Sylveon, L50, F, shiny|100/100\n|turn|3\n|\n|t:|1776265271\n|switch|p2b: Venusaur|Venusaur, L50, F|100/100\n|move|p1a: Aerodactyl|Rock Slide|p2a: Sylveon|[spread] p2a,p2b\n|-damage|p2a: Sylveon|74/100\n|-damage|p2b: Venusaur|71/100\n|move|p1b: Incineroar|Parting Shot|p2a: Sylveon\n|-unboost|p2a: Sylveon|atk|1\n|-unboost|p2a: Sylveon|spa|1\n|\n|t:|1776265281\n|switch|p1b: Gardevoir|Gardevoir, L50, M|100/100|[from] Parting Shot\n|-ability|p1b: Gardevoir|Pixilate|Trace|[from] ability: Trace|[of] p2a: Sylveon\n|move|p2a: Sylveon|Hyper Voice|p1b: Gardevoir|[spread] p1a,p1b\n|-damage|p1a: Aerodactyl|0 fnt\n|-damage|p1b: Gardevoir|78/100\n|faint|p1a: Aerodactyl\n|\n|upkeep\n|\n|t:|1776265289\n|switch|p1a: Incineroar|Incineroar, L50, M|99/100\n|-ability|p1a: Incineroar|Intimidate|boost\n|-unboost|p2a: Sylveon|atk|1\n|-unboost|p2b: Venusaur|atk|1\n|turn|4\n|inactive|925r has 30 seconds left.\n|inactive|925r has 20 seconds left.\n|\n|t:|1776265327\n|switch|p2b: Aegislash|Aegislash, L50, M, shiny|88/100\n|detailschange|p1b: Gardevoir|Gardevoir-Mega, L50, M\n|-mega|p1b: Gardevoir|Gardevoir|Gardevoirite\n|move|p1a: Incineroar|Fake Out|p2b: Aegislash\n|-immune|p2b: Aegislash\n|move|p1b: Gardevoir|Psychic|p2b: Aegislash\n|-resisted|p2b: Aegislash|1\n|-damage|p2b: Aegislash|61/100\n|move|p2a: Sylveon|Mystical Fire|p1b: Gardevoir\n|-damage|p1b: Gardevoir|66/100\n|-unboost|p1b: Gardevoir|spa|1\n|\n|-heal|p2b: Aegislash|67/100|[from] item: Leftovers\n|upkeep\n|turn|5\n|inactive|925r has 30 seconds left.\n|\n|t:|1776265358\n|move|p1b: Gardevoir|Protect|p1b: Gardevoir\n|-singleturn|p1b: Gardevoir|Protect\n|-formechange|p2b: Aegislash|Aegislash-Blade|\n|move|p2b: Aegislash|Shadow Claw|p1b: Gardevoir\n|-activate|p1b: Gardevoir|move: Protect\n|move|p1a: Incineroar|Flare Blitz|p2b: Aegislash\n|-supereffective|p2b: Aegislash|1\n|-damage|p2b: Aegislash|0 fnt\n|faint|p2b: Aegislash\n|-damage|p1a: Incineroar|81/100|[from] Recoil\n|move|p2a: Sylveon|Calm Mind|p2a: Sylveon\n|-boost|p2a: Sylveon|spa|1\n|-boost|p2a: Sylveon|spd|1\n|\n|-sideend|p1: katysub|move: Tailwind\n|-sideend|p2: 925r|move: Tailwind\n|upkeep\n|\n|t:|1776265375\n|switch|p2b: Venusaur|Venusaur, L50, F|71/100\n|turn|6\n|\n|t:|1776265393\n|switch|p1b: Rotom|Rotom-Wash, L50|100/100\n|detailschange|p2b: Venusaur|Venusaur-Mega, L50, F\n|-mega|p2b: Venusaur|Venusaur|Venusaurite\n|move|p2b: Venusaur|Earth Power|p1a: Incineroar\n|-supereffective|p1a: Incineroar|1\n|-damage|p1a: Incineroar|31/100\n|-enditem|p1a: Incineroar|Sitrus Berry|[eat]\n|-heal|p1a: Incineroar|55/100|[from] item: Sitrus Berry\n|move|p1a: Incineroar|Flare Blitz|p2b: Venusaur\n|-supereffective|p2b: Venusaur|1\n|-damage|p2b: Venusaur|34/100\n|-damage|p1a: Incineroar|46/100|[from] Recoil\n|move|p2a: Sylveon|Mystical Fire|p1b: Rotom\n|-resisted|p1b: Rotom|1\n|-damage|p1b: Rotom|87/100\n|-unboost|p1b: Rotom|spa|1\n|\n|upkeep\n|turn|7\n|inactive|katysub has 30 seconds left.\n|inactive|925r has 30 seconds left.\n|\n|t:|1776265429\n|move|p1b: Rotom|Trick|p2a: Sylveon\n|-activate|p1b: Rotom|move: Trick|[of] p2a: Sylveon\n|-item|p2a: Sylveon|Choice Scarf|[from] move: Trick\n|-item|p1b: Rotom|Fairy Feather|[from] move: Trick\n|move|p2a: Sylveon|Calm Mind|p2a: Sylveon\n|-boost|p2a: Sylveon|spa|1\n|-boost|p2a: Sylveon|spd|1\n|move|p2b: Venusaur|Giga Drain|p1b: Rotom\n|-supereffective|p1b: Rotom|1\n|-crit|p1b: Rotom\n|-damage|p1b: Rotom|0 fnt\n|-heal|p2b: Venusaur|67/100|[from] drain|[of] p1b: Rotom\n|faint|p1b: Rotom\n|move|p1a: Incineroar|Flare Blitz|p2b: Venusaur\n|-supereffective|p2b: Venusaur|1\n|-damage|p2b: Venusaur|27/100\n|-damage|p1a: Incineroar|35/100|[from] Recoil\n|\n|upkeep\n|\n|t:|1776265437\n|switch|p1b: Gardevoir|Gardevoir-Mega, L50, M|66/100\n|turn|8\n|-message|925r forfeited.\n|\n|win|katysub\n|raw|katysub's rating: 1064 &rarr; <strong>1089</strong><br />(+25 for winning)\n|raw|925r's rating: 1000 &rarr; <strong>1000</strong><br />(+0 for losing)\n|l|\u203d925r\n|player|p2|\n",
  "uploadtime": 1776265457,
  "views": 19,
  "formatid": "gen9championsvgc2026regma",
  "rating": 1000,
  "private": 0,
  "password": null
}