{
  "id": "gen9championsvgc2026regma-2585612671",
  "format": "[Gen 9 Champions] VGC 2026 Reg M-A",
  "players": [
    "Shnooopy",
    "hillberry"
  ],
  "log": "|j|\u2606Shnooopy\n|j|\u203dhillberry\n|t:|1776358881\n|gametype|doubles\n|player|p1|Shnooopy|ninjaboy|1057\n|player|p2|hillberry|benga|1040\n|gen|9\n|tier|[Gen 9 Champions] VGC 2026 Reg M-A\n|rated|\n|rule|Species Clause: Limit one of each Pok\u00e9mon\n|rule|Item Clause: Limit 1 of each item\n|clearpoke\n|poke|p1|Floette-Eternal, L50, F|\n|poke|p1|Palafin, L50, F|\n|poke|p1|Incineroar, L50, F|\n|poke|p1|Sinistcha, L50|\n|poke|p1|Delphox, L50, M|\n|poke|p1|Aerodactyl, L50, F|\n|poke|p2|Sinistcha, L50|\n|poke|p2|Heracross, L50, M|\n|poke|p2|Hatterene, L50, F|\n|poke|p2|Farigiraf, L50, M|\n|poke|p2|Incineroar, L50, M|\n|poke|p2|Feraligatr, L50, M|\n|teampreview|4\n|\n|t:|1776358911\n|teamsize|p1|4\n|teamsize|p2|4\n|start\n|switch|p1a: Floette|Floette-Eternal, L50, F|100/100\n|switch|p1b: Palafin|Palafin, L50, F|100/100\n|switch|p2a: Farigiraf|Farigiraf, L50, M, shiny|100/100\n|switch|p2b: Incineroar|Incineroar, L50, M, shiny|100/100\n|-ability|p2b: Incineroar|Intimidate|boost\n|-unboost|p1a: Floette|atk|1\n|-unboost|p1b: Palafin|atk|1\n|turn|1\n|\n|t:|1776358932\n|detailschange|p1b: Palafin|Palafin-Hero, L50, F\n|switch|p1b: Incineroar|Incineroar, L50, F|100/100\n|-ability|p1b: Incineroar|Intimidate|boost\n|-unboost|p2a: Farigiraf|atk|1\n|-unboost|p2b: Incineroar|atk|1\n|move|p2b: Incineroar|Fake Out|p1b: Incineroar\n|-damage|p1b: Incineroar|93/100\n|move|p1a: Floette|Calm Mind|p1a: Floette\n|-boost|p1a: Floette|spa|1\n|-boost|p1a: Floette|spd|1\n|move|p2a: Farigiraf|Trick Room|p2a: Farigiraf\n|-fieldstart|move: Trick Room|[of] p2a: Farigiraf\n|\n|-heal|p1b: Incineroar|99/100|[from] item: Leftovers\n|upkeep\n|turn|2\n|\n|t:|1776358959\n|move|p1b: Incineroar|Flare Blitz|p2a: Farigiraf\n|-damage|p2a: Farigiraf|55/100\n|-damage|p1b: Incineroar|82/100|[from] Recoil\n|move|p2a: Farigiraf|Hyper Voice|p1a: Floette|[spread] p1a,p1b\n|-damage|p1a: Floette|78/100\n|-damage|p1b: Incineroar|55/100\n|move|p2b: Incineroar|Flare Blitz|p1a: Floette\n|-damage|p1a: Floette|10/100\n|-damage|p2b: Incineroar|84/100|[from] Recoil\n|move|p1a: Floette|Moonblast|p2a: Farigiraf\n|-damage|p2a: Farigiraf|0 fnt\n|faint|p2a: Farigiraf\n|\n|-heal|p1b: Incineroar|61/100|[from] item: Leftovers\n|upkeep\n|\n|t:|1776358979\n|switch|p2a: Hatterene|Hatterene, L50, F, shiny|100/100\n|turn|3\n|\n|t:|1776358991\n|switch|p1b: Sinistcha|Sinistcha, L50|100/100\n|-heal|p1a: Floette|35/100|[from] ability: Hospitality|[of] p1b: Sinistcha\n|move|p2a: Hatterene|Protect|p2a: Hatterene\n|-singleturn|p2a: Hatterene|Protect\n|move|p1a: Floette|Protect|p1a: Floette\n|-singleturn|p1a: Floette|Protect\n|move|p2b: Incineroar|Darkest Lariat|p1a: Floette\n|-activate|p1a: Floette|move: Protect\n|\n|upkeep\n|turn|4\n|\n|t:|1776359018\n|switch|p2b: Feraligatr|Feraligatr, L50, M, shiny|100/100\n|switch|p1a: Incineroar|Incineroar, L50, F|61/100\n|-ability|p1a: Incineroar|Intimidate|boost\n|-unboost|p2a: Hatterene|atk|1\n|-unboost|p2b: Feraligatr|atk|1\n|move|p2a: Hatterene|Mystical Fire|p1a: Incineroar\n|-resisted|p1a: Incineroar|1\n|-damage|p1a: Incineroar|49/100\n|-unboost|p1a: Incineroar|spa|1\n|move|p1b: Sinistcha|Life Dew||[still]|[spread] p1a,p1b\n|-heal|p1a: Incineroar|74/100\n|-fail|p1b: Sinistcha|heal\n|\n|-heal|p1a: Incineroar|80/100|[from] item: Leftovers\n|upkeep\n|turn|5\n|\n|t:|1776359043\n|detailschange|p2b: Feraligatr|Feraligatr-Mega, L50, M, shiny\n|-mega|p2b: Feraligatr|Feraligatr|Feraligite\n|move|p2a: Hatterene|Protect|p2a: Hatterene\n|-singleturn|p2a: Hatterene|Protect\n|move|p1a: Incineroar|Fake Out|p2b: Feraligatr\n|-damage|p2b: Feraligatr|91/100\n|move|p1b: Sinistcha|Matcha Gotcha|p2a: Hatterene|[spread] p2b\n|-activate|p2a: Hatterene|move: Protect\n|-damage|p2b: Feraligatr|68/100\n|cant|p2b: Feraligatr|flinch\n|\n|-heal|p1a: Incineroar|86/100|[from] item: Leftovers\n|-fieldend|move: Trick Room\n|upkeep\n|turn|6\n|\n|t:|1776359067\n|switch|p1a: Palafin|Palafin-Hero, L50, F|100/100\n|-activate|p1a: Palafin|ability: Zero to Hero\n|move|p2b: Feraligatr|Waterfall|p1a: Palafin\n|-resisted|p1a: Palafin|1\n|-damage|p1a: Palafin|86/100\n|move|p1b: Sinistcha|Matcha Gotcha|p2b: Feraligatr|[spread] p2a,p2b\n|-damage|p2a: Hatterene|72/100\n|-damage|p2b: Feraligatr|47/100\n|move|p2a: Hatterene|Dazzling Gleam|p1b: Sinistcha|[spread] p1a,p1b\n|-damage|p1a: Palafin|51/100\n|-damage|p1b: Sinistcha|67/100\n|\n|-heal|p2a: Hatterene|79/100|[from] item: Leftovers\n|upkeep\n|turn|7\n|\n|t:|1776359098\n|switch|p1b: Incineroar|Incineroar, L50, F|86/100\n|-ability|p1b: Incineroar|Intimidate|boost\n|-unboost|p2a: Hatterene|atk|1\n|-unboost|p2b: Feraligatr|atk|1\n|move|p2b: Feraligatr|Protect|p2b: Feraligatr\n|-singleturn|p2b: Feraligatr|Protect\n|move|p1a: Palafin|Wave Crash|p2a: Hatterene\n|-damage|p2a: Hatterene|0 fnt\n|faint|p2a: Hatterene\n|-damage|p1a: Palafin|34/100|[from] Recoil\n|\n|-heal|p1b: Incineroar|92/100|[from] item: Leftovers\n|upkeep\n|\n|t:|1776359112\n|switch|p2a: Incineroar|Incineroar, L50, M, shiny|84/100\n|-ability|p2a: Incineroar|Intimidate|boost\n|-unboost|p1a: Palafin|atk|1\n|-unboost|p1b: Incineroar|atk|1\n|turn|8\n|\n|t:|1776359120\n|move|p2a: Incineroar|Fake Out|p1a: Palafin\n|-damage|p1a: Palafin|20/100\n|move|p1b: Incineroar|Fake Out|p2b: Feraligatr\n|-damage|p2b: Feraligatr|41/100\n|cant|p1a: Palafin|flinch\n|cant|p2b: Feraligatr|flinch\n|\n|-heal|p1b: Incineroar|98/100|[from] item: Leftovers\n|upkeep\n|turn|9\n|\n|t:|1776359137\n|switch|p1b: Sinistcha|Sinistcha, L50|67/100\n|-heal|p1a: Palafin|45/100|[from] ability: Hospitality|[of] p1b: Sinistcha\n|move|p1a: Palafin|Wave Crash|p2a: Incineroar\n|-supereffective|p2a: Incineroar|1\n|-damage|p2a: Incineroar|0 fnt\n|faint|p2a: Incineroar\n|-damage|p1a: Palafin|18/100|[from] Recoil\n|move|p2b: Feraligatr|Swords Dance|p2b: Feraligatr\n|-boost|p2b: Feraligatr|atk|2\n|\n|upkeep\n|turn|10\n|\n|t:|1776359152\n|switch|p1a: Incineroar|Incineroar, L50, F|98/100\n|-ability|p1a: Incineroar|Intimidate|boost\n|-unboost|p2b: Feraligatr|atk|1\n|move|p2b: Feraligatr|Body Slam|p1a: Incineroar\n|-damage|p1a: Incineroar|62/100\n|move|p1b: Sinistcha|Matcha Gotcha|p2b: Feraligatr\n|-damage|p2b: Feraligatr|10/100\n|-heal|p1b: Sinistcha|81/100|[from] drain|[of] p2b: Feraligatr\n|-status|p2b: Feraligatr|brn\n|\n|-heal|p1a: Incineroar|68/100|[from] item: Leftovers\n|-damage|p2b: Feraligatr|4/100 brn|[from] brn\n|upkeep\n|turn|11\n|-message|hillberry forfeited.\n|\n|win|Shnooopy\n|raw|Shnooopy's rating: 1057 &rarr; <strong>1087</strong><br />(+30 for winning)\n|raw|hillberry's rating: 1040 &rarr; <strong>1025</strong><br />(-15 for losing)\n|l|\u203dhillberry\n|player|p2|\n",
  "uploadtime": 1776359171,
  "views": 26,
  "formatid": "gen9championsvgc2026regma",
  "rating": 1025,
  "private": 0,
  "password": null
}