{
  "id": "gen9championsvgc2026regma-2586982507",
  "format": "[Gen 9 Champions] VGC 2026 Reg M-A",
  "players": [
    "Cjpremo",
    "Lessa_ped"
  ],
  "log": "|j|\u2606Cjpremo\n|j|\u2606Lessa_ped\n|t:|1776478078\n|gametype|doubles\n|player|p1|Cjpremo|102|1125\n|player|p2|Lessa_ped|n|1070\n|gen|9\n|tier|[Gen 9 Champions] VGC 2026 Reg M-A\n|rated|\n|rule|Species Clause: Limit one of each Pok\u00e9mon\n|rule|Item Clause: Limit 1 of each item\n|clearpoke\n|poke|p1|Froslass, L50, F|\n|poke|p1|Garchomp, L50, F|\n|poke|p1|Orthworm, L50, M|\n|poke|p1|Incineroar, L50, F|\n|poke|p1|Rotom-Frost, L50|\n|poke|p1|Basculegion, L50, M|\n|poke|p2|Archaludon, L50, F|\n|poke|p2|Pelipper, L50, M|\n|poke|p2|Sneasler, L50, F|\n|poke|p2|Incineroar, L50, F|\n|poke|p2|Basculegion, L50, M|\n|poke|p2|Meganium, L50, M|\n|teampreview|4\n|inactive|Battle timer is ON: inactive players will automatically lose when time's up. (requested by Cjpremo)\n|inactive|Lessa_ped has 60 seconds left.\n|inactive|Cjpremo has 60 seconds left.\n|inactive|Lessa_ped has 30 seconds left.\n|\n|t:|1776478144\n|teamsize|p1|4\n|teamsize|p2|4\n|start\n|switch|p1a: Garchomp|Garchomp, L50, F|100/100\n|switch|p1b: Incineroar|Incineroar, L50, F|100/100\n|switch|p2a: Sneasler|Sneasler, L50, F, shiny|100/100\n|switch|p2b: Pelipper|Pelipper, L50, M, shiny|100/100\n|-weather|RainDance|[from] ability: Drizzle|[of] p2b: Pelipper\n|-ability|p1b: Incineroar|Intimidate|boost\n|-unboost|p2a: Sneasler|atk|1\n|-unboost|p2b: Pelipper|atk|1\n|-enditem|p2a: Sneasler|White Herb\n|-clearnegativeboost|p2a: Sneasler|[silent]\n|turn|1\n|inactive|Lessa_ped has 30 seconds left.\n|\n|t:|1776478170\n|move|p2a: Sneasler|Protect|p2a: Sneasler\n|-singleturn|p2a: Sneasler|Protect\n|move|p1b: Incineroar|Fake Out|p2b: Pelipper\n|-damage|p2b: Pelipper|87/100\n|move|p1a: Garchomp|Rock Slide|p2a: Sneasler|[spread] p2b\n|-activate|p2a: Sneasler|move: Protect\n|-supereffective|p2b: Pelipper|1\n|-damage|p2b: Pelipper|33/100\n|cant|p2b: Pelipper|flinch\n|\n|-weather|RainDance|[upkeep]\n|upkeep\n|turn|2\n|inactive|Cjpremo has 30 seconds left.\n|inactive|Lessa_ped has 30 seconds left.\n|inactive|Lessa_ped has 20 seconds left.\n|\n|t:|1776478209\n|switch|p2b: Archaludon|Archaludon, L50, F, shiny|100/100\n|switch|p1b: Froslass|Froslass, L50, F|100/100\n|move|p2a: Sneasler|Close Combat|p1b: Froslass\n|-immune|p1b: Froslass\n|move|p1a: Garchomp|Dragon Claw|p2b: Archaludon\n|-damage|p2b: Archaludon|70/100\n|-ability|p2b: Archaludon|Stamina|boost\n|-boost|p2b: Archaludon|def|1\n|\n|-weather|RainDance|[upkeep]\n|-heal|p2b: Archaludon|76/100|[from] item: Leftovers\n|upkeep\n|turn|3\n|inactive|Cjpremo has 30 seconds left.\n|\n|t:|1776478236\n|move|p1b: Froslass|Protect|p1b: Froslass\n|-singleturn|p1b: Froslass|Protect\n|move|p2a: Sneasler|Close Combat|p1a: Garchomp\n|-damage|p1a: Garchomp|35/100\n|-unboost|p2a: Sneasler|def|1\n|-unboost|p2a: Sneasler|spd|1\n|-damage|p2a: Sneasler|88/100|[from] ability: Rough Skin|[of] p1a: Garchomp\n|move|p1a: Garchomp|Earthquake|p2b: Archaludon|[spread] p2a,p2b\n|-activate|p1b: Froslass|move: Protect\n|-supereffective|p2a: Sneasler|1\n|-supereffective|p2b: Archaludon|1\n|-damage|p2a: Sneasler|0 fnt\n|-damage|p2b: Archaludon|39/100\n|-ability|p2b: Archaludon|Stamina|boost\n|-boost|p2b: Archaludon|def|1\n|faint|p2a: Sneasler\n|move|p2b: Archaludon|Draco Meteor|p1a: Garchomp\n|-supereffective|p1a: Garchomp|1\n|-damage|p1a: Garchomp|0 fnt\n|-unboost|p2b: Archaludon|spa|2\n|faint|p1a: Garchomp\n|\n|-weather|RainDance|[upkeep]\n|-heal|p2b: Archaludon|45/100|[from] item: Leftovers\n|upkeep\n|\n|t:|1776478258\n|switch|p2a: Incineroar|Incineroar, L50, F, shiny|100/100\n|switch|p1a: Orthworm|Orthworm, L50, M|100/100\n|-ability|p2a: Incineroar|Intimidate|boost\n|-unboost|p1a: Orthworm|atk|1\n|-unboost|p1b: Froslass|atk|1\n|turn|4\n|\n|t:|1776478276\n|switch|p1b: Incineroar|Incineroar, L50, F|100/100\n|-ability|p1b: Incineroar|Intimidate|boost\n|-unboost|p2a: Incineroar|atk|1\n|-unboost|p2b: Archaludon|atk|1\n|move|p2a: Incineroar|Fake Out|p1a: Orthworm\n|-resisted|p1a: Orthworm|1\n|-damage|p1a: Orthworm|98/100\n|move|p2b: Archaludon|Flash Cannon|p1b: Incineroar\n|-resisted|p1b: Incineroar|1\n|-damage|p1b: Incineroar|92/100\n|cant|p1a: Orthworm|flinch\n|\n|-weather|RainDance|[upkeep]\n|-heal|p2b: Archaludon|51/100|[from] item: Leftovers\n|upkeep\n|turn|5\n|\n|t:|1776478294\n|move|p2b: Archaludon|Protect|p2b: Archaludon\n|-singleturn|p2b: Archaludon|Protect\n|move|p1b: Incineroar|Fake Out|p2b: Archaludon\n|-activate|p2b: Archaludon|move: Protect\n|move|p2a: Incineroar|Flare Blitz|p1a: Orthworm\n|-supereffective|p1a: Orthworm|1\n|-damage|p1a: Orthworm|80/100\n|-damage|p2a: Incineroar|95/100|[from] Recoil\n|move|p1a: Orthworm|Shed Tail|p1a: Orthworm\n|-start|p1a: Orthworm|Substitute|[from] move: Shed Tail\n|-damage|p1a: Orthworm|30/100\n|-enditem|p1a: Orthworm|Sitrus Berry|[eat]\n|-heal|p1a: Orthworm|55/100|[from] item: Sitrus Berry\n|\n|t:|1776478308\n|switch|p1a: Froslass|Froslass, L50, F|100/100|[from] Shed Tail\n|\n|-weather|none\n|-heal|p2b: Archaludon|57/100|[from] item: Leftovers\n|upkeep\n|turn|6\n|\n|t:|1776478326\n|detailschange|p1a: Froslass|Froslass-Mega, L50, F\n|-mega|p1a: Froslass|Froslass|Froslassite\n|-weather|Snowscape|[from] ability: Snow Warning|[of] p1a: Froslass\n|move|p1a: Froslass|Nasty Plot|p1a: Froslass\n|-boost|p1a: Froslass|spa|2\n|move|p2b: Archaludon|Flash Cannon|p1a: Froslass\n|-supereffective|p1a: Froslass|1\n|-end|p1a: Froslass|Substitute\n|move|p2a: Incineroar|Flare Blitz|p1a: Froslass\n|-supereffective|p1a: Froslass|1\n|-damage|p1a: Froslass|26/100\n|-status|p1a: Froslass|brn\n|-damage|p2a: Incineroar|77/100|[from] Recoil\n|move|p1b: Incineroar|Parting Shot|p2b: Archaludon\n|-unboost|p2b: Archaludon|atk|1\n|-unboost|p2b: Archaludon|spa|1\n|\n|t:|1776478344\n|switch|p1b: Orthworm|Orthworm, L50, M|55/100|[from] Parting Shot\n|\n|-weather|Snowscape|[upkeep]\n|-heal|p2b: Archaludon|63/100|[from] item: Leftovers\n|-damage|p1a: Froslass|20/100 brn|[from] brn\n|upkeep\n|turn|7\n|\n|t:|1776478356\n|move|p2b: Archaludon|Protect|p2b: Archaludon\n|-singleturn|p2b: Archaludon|Protect\n|move|p1a: Froslass|Blizzard|p2b: Archaludon|[spread] p2a\n|-activate|p2b: Archaludon|move: Protect\n|-resisted|p2a: Incineroar|1\n|-damage|p2a: Incineroar|43/100\n|-enditem|p2a: Incineroar|Sitrus Berry|[eat]\n|-heal|p2a: Incineroar|68/100|[from] item: Sitrus Berry\n|move|p2a: Incineroar|Flare Blitz|p1a: Froslass\n|-supereffective|p1a: Froslass|1\n|-crit|p1a: Froslass\n|-damage|p1a: Froslass|0 fnt\n|faint|p1a: Froslass\n|-damage|p2a: Incineroar|63/100|[from] Recoil\n|move|p1b: Orthworm|Iron Defense|p1b: Orthworm\n|-boost|p1b: Orthworm|def|2\n|\n|-weather|Snowscape|[upkeep]\n|-heal|p2b: Archaludon|70/100|[from] item: Leftovers\n|upkeep\n|\n|t:|1776478367\n|switch|p1a: Incineroar|Incineroar, L50, F|92/100\n|-ability|p1a: Incineroar|Intimidate|boost\n|-unboost|p2a: Incineroar|atk|1\n|-unboost|p2b: Archaludon|atk|1\n|turn|8\n|inactive|Cjpremo has 30 seconds left.\n|\n|t:|1776478397\n|switch|p2b: Pelipper|Pelipper, L50, M, shiny|33/100\n|-weather|RainDance|[from] ability: Drizzle|[of] p2b: Pelipper\n|move|p2a: Incineroar|Flare Blitz|p1b: Orthworm\n|-supereffective|p1b: Orthworm|1\n|-damage|p1b: Orthworm|48/100\n|-damage|p2a: Incineroar|61/100|[from] Recoil\n|move|p1b: Orthworm|Body Press|p2a: Incineroar\n|-supereffective|p2a: Incineroar|1\n|-damage|p2a: Incineroar|0 fnt\n|faint|p2a: Incineroar\n|move|p1a: Incineroar|Darkest Lariat|p2b: Pelipper\n|-damage|p2b: Pelipper|0 fnt\n|faint|p2b: Pelipper\n|\n|-weather|RainDance|[upkeep]\n|upkeep\n|\n|t:|1776478410\n|switch|p2b: Archaludon|Archaludon, L50, F, shiny|70/100\n|turn|9\n|\n|t:|1776478419\n|move|p2b: Archaludon|Electro Shot||[still]\n|-prepare|p2b: Archaludon|Electro Shot\n|-boost|p2b: Archaludon|spa|1\n|-anim|p2b: Archaludon|Electro Shot|p1b: Orthworm\n|-damage|p1b: Orthworm|0 fnt\n|faint|p1b: Orthworm\n|move|p1a: Incineroar|Flare Blitz|p2b: Archaludon\n|-damage|p2b: Archaludon|52/100\n|-status|p2b: Archaludon|brn\n|-ability|p2b: Archaludon|Stamina|boost\n|-boost|p2b: Archaludon|def|1\n|-damage|p1a: Incineroar|87/100|[from] Recoil\n|\n|-weather|RainDance|[upkeep]\n|-heal|p2b: Archaludon|58/100 brn|[from] item: Leftovers\n|-damage|p2b: Archaludon|52/100 brn|[from] brn\n|upkeep\n|turn|10\n|\n|t:|1776478435\n|move|p2b: Archaludon|Draco Meteor|p1a: Incineroar\n|-damage|p1a: Incineroar|14/100\n|-unboost|p2b: Archaludon|spa|2\n|move|p1a: Incineroar|Darkest Lariat|p2b: Archaludon\n|-damage|p2b: Archaludon|28/100 brn\n|-ability|p2b: Archaludon|Stamina|boost\n|-boost|p2b: Archaludon|def|1\n|\n|-weather|RainDance|[upkeep]\n|-heal|p2b: Archaludon|34/100 brn|[from] item: Leftovers\n|-damage|p2b: Archaludon|28/100 brn|[from] brn\n|upkeep\n|turn|11\n|\n|t:|1776478448\n|move|p2b: Archaludon|Draco Meteor|p1a: Incineroar\n|-crit|p1a: Incineroar\n|-damage|p1a: Incineroar|0 fnt\n|-unboost|p2b: Archaludon|spa|2\n|faint|p1a: Incineroar\n|\n|win|Lessa_ped\n|raw|Cjpremo's rating: 1125 &rarr; <strong>1096</strong><br />(-29 for losing)\n|raw|Lessa_ped's rating: 1070 &rarr; <strong>1104</strong><br />(+34 for winning)\n|c|\u2606Lessa_ped|gg\n",
  "uploadtime": 1776478455,
  "views": 32,
  "formatid": "gen9championsvgc2026regma",
  "rating": 1096,
  "private": 0,
  "password": null
}