{
  "id": "gen9championsvgc2026regma-2583951571",
  "format": "[Gen 9 Champions] VGC 2026 Reg M-A",
  "players": [
    "Raghettii",
    "clpb"
  ],
  "log": "|j|\u2606Raghettii\n|j|\u2606clpb\n|t:|1776211177\n|gametype|doubles\n|player|p1|Raghettii|1|1114\n|player|p2|clpb|1|1114\n|gen|9\n|tier|[Gen 9 Champions] VGC 2026 Reg M-A\n|rated|\n|rule|Species Clause: Limit one of each Pok\u00e9mon\n|rule|Item Clause: Limit 1 of each item\n|clearpoke\n|poke|p1|Aerodactyl, L50, M|\n|poke|p1|Aggron, L50, F|\n|poke|p1|Sinistcha, L50|\n|poke|p1|Sneasler, L50, M|\n|poke|p1|Hydreigon, L50, M|\n|poke|p1|Tyranitar, L50, M|\n|poke|p2|Aerodactyl, L50, M|\n|poke|p2|Incineroar, L50, F|\n|poke|p2|Basculegion, L50, M|\n|poke|p2|Meganium, L50, M|\n|poke|p2|Tyranitar, L50, F|\n|poke|p2|Skarmory, L50, M|\n|teampreview|4\n|\n|t:|1776211229\n|teamsize|p1|4\n|teamsize|p2|4\n|start\n|switch|p1a: Sinistcha|Sinistcha, L50, shiny|100/100\n|switch|p1b: Aggron|Aggron, L50, F, shiny|100/100\n|switch|p2a: Aerodactyl|Aerodactyl, L50, M|100/100\n|switch|p2b: Incineroar|Incineroar, L50, F|100/100\n|-ability|p2a: Aerodactyl|Unnerve\n|-ability|p2b: Incineroar|Intimidate|boost\n|-unboost|p1a: Sinistcha|atk|1\n|-unboost|p1b: Aggron|atk|1\n|turn|1\n|\n|t:|1776211258\n|move|p1b: Aggron|Protect|p1b: Aggron\n|-singleturn|p1b: Aggron|Protect\n|move|p2b: Incineroar|Fake Out|p1b: Aggron\n|-activate|p1b: Aggron|move: Protect\n|move|p2a: Aerodactyl|Dual Wingbeat|p1a: Sinistcha\n|-supereffective|p1a: Sinistcha|1\n|-damage|p1a: Sinistcha|72/100\n|-supereffective|p1a: Sinistcha|1\n|-damage|p1a: Sinistcha|41/100\n|-hitcount|p1a: Sinistcha|2\n|move|p1a: Sinistcha|Trick Room|p1a: Sinistcha\n|-fieldstart|move: Trick Room|[of] p1a: Sinistcha\n|\n|upkeep\n|turn|2\n|\n|t:|1776211297\n|move|p2a: Aerodactyl|Protect|p2a: Aerodactyl\n|-singleturn|p2a: Aerodactyl|Protect\n|move|p1b: Aggron|Heavy Slam|p2a: Aerodactyl\n|-activate|p2a: Aerodactyl|move: Protect\n|move|p2b: Incineroar|Flare Blitz|p1a: Sinistcha\n|-supereffective|p1a: Sinistcha|1\n|-damage|p1a: Sinistcha|0 fnt\n|faint|p1a: Sinistcha\n|-damage|p2b: Incineroar|89/100|[from] Recoil\n|\n|upkeep\n|\n|t:|1776211308\n|switch|p1a: Sneasler|Sneasler, L50, M, shiny|100/100\n|turn|3\n|inactive|Battle timer is ON: inactive players will automatically lose when time's up. (requested by Raghettii)\n|\n|t:|1776211350\n|switch|p2a: Basculegion|Basculegion, L50, M|100/100\n|move|p1a: Sneasler|Fake Out|p2b: Incineroar\n|-damage|p2b: Incineroar|76/100\n|move|p1b: Aggron|Heavy Slam|p2a: Basculegion\n|-resisted|p2a: Basculegion|1\n|-damage|p2a: Basculegion|88/100\n|cant|p2b: Incineroar|flinch\n|\n|upkeep\n|turn|4\n|\n|t:|1776211374\n|move|p1b: Aggron|Iron Defense|p1b: Aggron\n|-boost|p1b: Aggron|def|2\n|move|p2b: Incineroar|Parting Shot|p1b: Aggron\n|-unboost|p1b: Aggron|atk|1\n|-unboost|p1b: Aggron|spa|1\n|\n|t:|1776211386\n|switch|p2b: Meganium|Meganium, L50, M|100/100|[from] Parting Shot\n|move|p1a: Sneasler|Dire Claw|p2a: Basculegion\n|-resisted|p2a: Basculegion|1\n|-damage|p2a: Basculegion|60/100\n|move|p2a: Basculegion|Psychic Fangs|p1a: Sneasler\n|-supereffective|p1a: Sneasler|2\n|-damage|p1a: Sneasler|0 fnt\n|faint|p1a: Sneasler\n|\n|upkeep\n|\n|t:|1776211394\n|switch|p1a: Tyranitar|Tyranitar, L50, M, shiny|100/100\n|-weather|Sandstorm|[from] ability: Sand Stream|[of] p1a: Tyranitar\n|turn|5\n|inactive|clpb has 30 seconds left.\n|inactive|clpb has 20 seconds left.\n|\n|t:|1776211432\n|switch|p2a: Incineroar|Incineroar, L50, F|76/100\n|-ability|p2a: Incineroar|Intimidate|boost\n|-unboost|p1a: Tyranitar|atk|1\n|-unboost|p1b: Aggron|atk|1\n|detailschange|p1b: Aggron|Aggron-Mega, L50, F, shiny\n|-mega|p1b: Aggron|Aggron|Aggronite\n|detailschange|p2b: Meganium|Meganium-Mega, L50, M\n|-mega|p2b: Meganium|Meganium|Meganiumite\n|move|p2b: Meganium|Protect|p2b: Meganium\n|-singleturn|p2b: Meganium|Protect\n|move|p1b: Aggron|Heavy Slam|p2b: Meganium\n|-activate|p2b: Meganium|move: Protect\n|move|p1a: Tyranitar|Rock Slide|p2a: Incineroar|[spread] p2a\n|-activate|p2b: Meganium|move: Protect\n|-supereffective|p2a: Incineroar|1\n|-damage|p2a: Incineroar|37/100\n|-enditem|p2a: Incineroar|Sitrus Berry|[eat]\n|-heal|p2a: Incineroar|61/100|[from] item: Sitrus Berry\n|\n|-weather|Sandstorm|[upkeep]\n|-damage|p2a: Incineroar|55/100|[from] Sandstorm\n|-damage|p2b: Meganium|95/100|[from] Sandstorm\n|-fieldend|move: Trick Room\n|upkeep\n|turn|6\n|inactive|Raghettii has 30 seconds left.\n|inactive|clpb has 30 seconds left.\n|inactive|Raghettii has 20 seconds left.\n|inactive|clpb has 20 seconds left.\n|\n|t:|1776211472\n|move|p1b: Aggron|Protect|p1b: Aggron\n|-singleturn|p1b: Aggron|Protect\n|move|p2a: Incineroar|Fake Out|p1a: Tyranitar\n|-resisted|p1a: Tyranitar|1\n|-damage|p1a: Tyranitar|95/100\n|move|p2b: Meganium|Weather Ball|p1b: Aggron\n|-activate|p1b: Aggron|move: Protect\n|cant|p1a: Tyranitar|flinch\n|\n|-weather|Sandstorm|[upkeep]\n|-damage|p2b: Meganium|89/100|[from] Sandstorm\n|-damage|p2a: Incineroar|50/100|[from] Sandstorm\n|upkeep\n|turn|7\n|inactive|Raghettii has 30 seconds left.\n|\n|t:|1776211497\n|move|p2b: Meganium|Weather Ball|p1b: Aggron\n|-supereffective|p1b: Aggron|1\n|-damage|p1b: Aggron|18/100\n|move|p1a: Tyranitar|Ice Punch|p2b: Meganium\n|-supereffective|p2b: Meganium|1\n|-damage|p2b: Meganium|51/100\n|move|p2a: Incineroar|Taunt|p1b: Aggron\n|-start|p1b: Aggron|move: Taunt\n|move|p1b: Aggron|Body Press|p2a: Incineroar\n|-supereffective|p2a: Incineroar|1\n|-damage|p2a: Incineroar|0 fnt\n|faint|p2a: Incineroar\n|\n|-weather|Sandstorm|[upkeep]\n|-damage|p2b: Meganium|45/100|[from] Sandstorm\n|upkeep\n|\n|t:|1776211514\n|switch|p2a: Basculegion|Basculegion, L50, M|60/100\n|turn|8\n|\n|t:|1776211530\n|move|p2a: Basculegion|Wave Crash|p1a: Tyranitar\n|-supereffective|p1a: Tyranitar|1\n|-damage|p1a: Tyranitar|0 fnt\n|faint|p1a: Tyranitar\n|-damage|p2a: Basculegion|27/100|[from] Recoil\n|move|p2b: Meganium|Weather Ball|p1b: Aggron\n|-supereffective|p1b: Aggron|1\n|-damage|p1b: Aggron|0 fnt\n|faint|p1b: Aggron\n|\n|win|clpb\n|raw|Raghettii's rating: 1114 &rarr; <strong>1089</strong><br />(-25 for losing)\n|raw|clpb's rating: 1114 &rarr; <strong>1139</strong><br />(+25 for winning)\n|c|\u2606Raghettii|gg\n|c|\u2606clpb|gg\n|l|\u2606Raghettii\n|player|p1|\n",
  "uploadtime": 1776211548,
  "views": 16,
  "formatid": "gen9championsvgc2026regma",
  "rating": 1089,
  "private": 0,
  "password": null
}