{
  "id": "gen9championsvgc2026regma-2586566603",
  "format": "[Gen 9 Champions] VGC 2026 Reg M-A",
  "players": [
    "Coacoabro",
    "IsaacB Ballsack"
  ],
  "log": "|j|\u2606Coacoabro\n|j|\u2606IsaacB Ballsack\n|t:|1776443500\n|gametype|doubles\n|player|p1|Coacoabro|worker-gen4|1087\n|player|p2|IsaacB Ballsack|li|1000\n|gen|9\n|tier|[Gen 9 Champions] VGC 2026 Reg M-A\n|rated|\n|rule|Species Clause: Limit one of each Pok\u00e9mon\n|rule|Item Clause: Limit 1 of each item\n|clearpoke\n|poke|p1|Chandelure, L50, M|\n|poke|p1|Kingambit, L50, M|\n|poke|p1|Tauros-Paldea-Aqua, L50, M|\n|poke|p1|Dragonite, L50, F|\n|poke|p1|Gardevoir, L50, M|\n|poke|p1|Maushold-Four, L50|\n|poke|p2|Meowstic, L50, M|\n|poke|p2|Delphox, L50, F|\n|poke|p2|Maushold-Four, L50|\n|poke|p2|Sinistcha-Masterpiece, L50|\n|poke|p2|Espathra, L50, F|\n|poke|p2|Jolteon, L50, F|\n|teampreview|4\n|\n|t:|1776443527\n|teamsize|p1|4\n|teamsize|p2|4\n|start\n|switch|p1a: Kingambit|Kingambit, L50, M|100/100\n|switch|p1b: Chandelure|Chandelure, L50, M|100/100\n|switch|p2a: Meowstic|Meowstic, L50, M|100/100\n|switch|p2b: Delphox|Delphox, L50, F, shiny|100/100\n|turn|1\n|\n|t:|1776443545\n|move|p2b: Delphox|Protect|p2b: Delphox\n|-singleturn|p2b: Delphox|Protect\n|move|p2a: Meowstic|Psychic Terrain|p2a: Meowstic\n|-fieldstart|move: Psychic Terrain\n|move|p1b: Chandelure|Shadow Ball|p2a: Meowstic\n|-supereffective|p2a: Meowstic|1\n|-damage|p2a: Meowstic|11/100\n|move|p1a: Kingambit|Kowtow Cleave|p2b: Delphox\n|-activate|p2b: Delphox|move: Protect\n|\n|upkeep\n|turn|2\n|\n|t:|1776443561\n|detailschange|p2b: Delphox|Delphox-Mega, L50, F, shiny\n|-mega|p2b: Delphox|Delphox|Delphoxite\n|move|p2a: Meowstic|Gravity|p2a: Meowstic\n|-fieldstart|move: Gravity\n|move|p1a: Kingambit|Sucker Punch|p2b: Delphox\n|-activate|p2b: Delphox|move: Psychic Terrain\n|move|p2b: Delphox|Heat Wave|p1a: Kingambit|[spread] p1a\n|-start|p1b: Chandelure|ability: Flash Fire\n|-supereffective|p1a: Kingambit|1\n|-damage|p1a: Kingambit|22/100\n|move|p1b: Chandelure|Shadow Ball|p2a: Meowstic\n|-supereffective|p2a: Meowstic|1\n|-damage|p2a: Meowstic|0 fnt\n|faint|p2a: Meowstic\n|\n|upkeep\n|\n|t:|1776443578\n|switch|p2a: Jolteon|Jolteon, L50, F|100/100\n|turn|3\n|\n|t:|1776443587\n|move|p1a: Kingambit|Protect|p1a: Kingambit\n|-singleturn|p1a: Kingambit|Protect\n|move|p2b: Delphox|Expanding Force|p1b: Chandelure|[spread] p1b\n|-activate|p1a: Kingambit|move: Protect\n|-enditem|p1b: Chandelure|Focus Sash\n|-damage|p1b: Chandelure|1/100\n|move|p2a: Jolteon|Thunderbolt|p1a: Kingambit\n|-activate|p1a: Kingambit|move: Protect\n|move|p1b: Chandelure|Shadow Ball|p2b: Delphox\n|-supereffective|p2b: Delphox|1\n|-damage|p2b: Delphox|8/100\n|-unboost|p2b: Delphox|spd|1\n|\n|upkeep\n|turn|4\n|\n|t:|1776443612\n|move|p1a: Kingambit|Protect|p1a: Kingambit\n|-singleturn|p1a: Kingambit|Protect\n|move|p2b: Delphox|Expanding Force|p1a: Kingambit|[spread] p1b\n|-activate|p1a: Kingambit|move: Protect\n|-damage|p1b: Chandelure|0 fnt\n|faint|p1b: Chandelure\n|move|p2a: Jolteon|Thunderbolt|p1a: Kingambit\n|-activate|p1a: Kingambit|move: Protect\n|\n|upkeep\n|\n|t:|1776443622\n|switch|p1b: Maushold|Maushold-Four, L50|100/100\n|turn|5\n|\n|t:|1776443633\n|move|p1b: Maushold|Follow Me|p1b: Maushold\n|-singleturn|p1b: Maushold|move: Follow Me\n|move|p2b: Delphox|Heat Wave|p1a: Kingambit|[spread] p1a,p1b\n|-supereffective|p1a: Kingambit|1\n|-damage|p1a: Kingambit|0 fnt\n|-damage|p1b: Maushold|44/100\n|faint|p1a: Kingambit\n|move|p2a: Jolteon|Thunderbolt|p1b: Maushold\n|-damage|p1b: Maushold|0 fnt\n|faint|p1b: Maushold\n|\n|-fieldend|move: Psychic Terrain\n|upkeep\n|\n|t:|1776443648\n|switch|p1a: Gardevoir|Gardevoir, L50, M|100/100\n|-ability|p1a: Gardevoir|Volt Absorb|Trace|[from] ability: Trace|[of] p2a: Jolteon\n|turn|6\n|\n|t:|1776443668\n|detailschange|p1a: Gardevoir|Gardevoir-Mega, L50, M\n|-mega|p1a: Gardevoir|Gardevoir|Gardevoirite\n|move|p2b: Delphox|Heat Wave|p1a: Gardevoir\n|-damage|p1a: Gardevoir|48/100\n|move|p2a: Jolteon|Shadow Ball|p1a: Gardevoir\n|-supereffective|p1a: Gardevoir|1\n|-damage|p1a: Gardevoir|0 fnt\n|faint|p1a: Gardevoir\n|\n|win|IsaacB Ballsack\n|raw|Coacoabro's rating: 1087 &rarr; <strong>1058</strong><br />(-29 for losing)\n|raw|IsaacB Ballsack's rating: 1000 &rarr; <strong>1050</strong><br />(+50 for winning)\n",
  "uploadtime": 1776443673,
  "views": 25,
  "formatid": "gen9championsvgc2026regma",
  "rating": 1050,
  "private": 0,
  "password": null
}