{
  "id": "gen9championsvgc2026regma-2582136085",
  "format": "[Gen 9 Champions] VGC 2026 Reg M-A",
  "players": [
    "arroyofran2",
    "loklastaji"
  ],
  "log": "|j|\u2606arroyofran2\n|j|\u2606loklastaji\n|t:|1776062634\n|gametype|doubles\n|player|p1|arroyofran2|fisherman|1301\n|player|p2|loklastaji|265|1365\n|gen|9\n|tier|[Gen 9 Champions] VGC 2026 Reg M-A\n|rated|\n|rule|Species Clause: Limit one of each Pok\u00e9mon\n|rule|Item Clause: Limit 1 of each item\n|clearpoke\n|poke|p1|Whimsicott, L50, F|\n|poke|p1|Gengar, L50, F|\n|poke|p1|Politoed, L50, F|\n|poke|p1|Archaludon, L50, M|\n|poke|p1|Basculegion, L50, M|\n|poke|p1|Incineroar, L50, M|\n|poke|p2|Samurott-Hisui, L50, F|\n|poke|p2|Mamoswine, L50, F|\n|poke|p2|Delphox, L50, M|\n|poke|p2|Tsareena, L50, F|\n|poke|p2|Corviknight, L50, M|\n|poke|p2|Altaria, L50, M|\n|teampreview|4\n|j| CrazyyBoi\n|\n|t:|1776062672\n|teamsize|p1|4\n|teamsize|p2|4\n|start\n|switch|p1a: Basculegion|Basculegion, L50, M|100/100\n|switch|p1b: Politoed|Politoed, L50, F|100/100\n|switch|p2a: Mamoswine|Mamoswine, L50, F|100/100\n|switch|p2b: Tsareena|Tsareena, L50, F|100/100\n|-weather|RainDance|[from] ability: Drizzle|[of] p1b: Politoed\n|turn|1\n|\n|t:|1776062700\n|switch|p2a: Altaria|Altaria, L50, M|100/100\n|-ability|p2a: Altaria|Cloud Nine\n|move|p1b: Politoed|Protect|p1b: Politoed\n|-singleturn|p1b: Politoed|Protect\n|move|p1a: Basculegion|Flip Turn|p2b: Tsareena\n|-resisted|p2b: Tsareena|1\n|-damage|p2b: Tsareena|76/100\n|\n|t:|1776062708\n|switch|p1a: Gengar|Gengar, L50, F, shiny|100/100|[from] Flip Turn\n|move|p2b: Tsareena|Power Whip|p1a: Gengar|[miss]\n|-miss|p2b: Tsareena|p1a: Gengar\n|\n|-weather|RainDance|[upkeep]\n|upkeep\n|turn|2\n|\n|t:|1776062745\n|switch|p2b: Mamoswine|Mamoswine, L50, F|100/100\n|switch|p1b: Whimsicott|Whimsicott, L50, F, shiny|100/100\n|detailschange|p1a: Gengar|Gengar-Mega, L50, F, shiny\n|-mega|p1a: Gengar|Gengar|Gengarite\n|move|p2a: Altaria|Protect|p2a: Altaria\n|-singleturn|p2a: Altaria|Protect\n|move|p1a: Gengar|Substitute|p1a: Gengar\n|-start|p1a: Gengar|Substitute\n|-damage|p1a: Gengar|76/100\n|\n|-weather|RainDance|[upkeep]\n|upkeep\n|turn|3\n|\n|t:|1776062776\n|move|p1b: Whimsicott|Encore|p2a: Altaria\n|-start|p2a: Altaria|Encore\n|move|p2a: Altaria|Protect||[still]\n|-fail|p2a: Altaria\n|move|p2b: Mamoswine|Earthquake|p1a: Gengar|[spread] p1a,p1b\n|-immune|p2a: Altaria\n|-supereffective|p1a: Gengar|1\n|-end|p1a: Gengar|Substitute\n|-resisted|p1b: Whimsicott|1\n|-damage|p1b: Whimsicott|72/100\n|move|p1a: Gengar|Disable|p2a: Altaria\n|-start|p2a: Altaria|Disable|Protect\n|\n|-weather|RainDance|[upkeep]\n|upkeep\n|turn|4\n|j| bobby0616\n|l| bobby0616\n|\n|t:|1776062798\n|move|p1b: Whimsicott|Encore|p2b: Mamoswine\n|-start|p2b: Mamoswine|Encore\n|move|p2b: Mamoswine|Earthquake|p1a: Gengar|[spread] p1a,p1b\n|-immune|p2a: Altaria\n|-supereffective|p1a: Gengar|1\n|-resisted|p1b: Whimsicott|1\n|-damage|p1a: Gengar|0 fnt\n|-damage|p1b: Whimsicott|44/100\n|faint|p1a: Gengar\n|-activate|p2a: Altaria|move: Struggle\n|move|p2a: Altaria|Struggle|p1b: Whimsicott\n|-crit|p1b: Whimsicott\n|-damage|p1b: Whimsicott|27/100\n|-damage|p2a: Altaria|75/100|[from] recoil\n|\n|-weather|RainDance|[upkeep]\n|upkeep\n|\n|t:|1776062805\n|switch|p1a: Basculegion|Basculegion, L50, M|100/100\n|turn|5\n|l| CrazyyBoi\n|\n|t:|1776062833\n|switch|p2b: Samurott|Samurott-Hisui, L50, F|100/100\n|switch|p2a: Tsareena|Tsareena, L50, F|76/100\n|move|p1b: Whimsicott|Tailwind|p1b: Whimsicott\n|-sidestart|p1: arroyofran2|move: Tailwind\n|move|p1a: Basculegion|Last Respects|p2b: Samurott\n|-resisted|p2b: Samurott|1\n|-damage|p2b: Samurott|61/100\n|\n|-weather|none\n|upkeep\n|turn|6\n|\n|t:|1776062858\n|move|p2b: Samurott|Sucker Punch|p1a: Basculegion\n|-supereffective|p1a: Basculegion|1\n|-damage|p1a: Basculegion|17/100\n|move|p1a: Basculegion|Last Respects|p2a: Tsareena\n|-damage|p2a: Tsareena|0 fnt\n|faint|p2a: Tsareena\n|move|p1b: Whimsicott|Moonblast|p2b: Samurott\n|-supereffective|p2b: Samurott|1\n|-crit|p2b: Samurott\n|-damage|p2b: Samurott|0 fnt\n|faint|p2b: Samurott\n|\n|upkeep\n|\n|t:|1776062872\n|switch|p2b: Mamoswine|Mamoswine, L50, F|100/100\n|switch|p2a: Altaria|Altaria, L50, M|75/100\n|-ability|p2a: Altaria|Cloud Nine\n|turn|7\n|j| HazelA7X\n|\n|t:|1776062898\n|detailschange|p2a: Altaria|Altaria-Mega, L50, M\n|-mega|p2a: Altaria|Altaria|Altarianite\n|move|p2b: Mamoswine|Ice Shard|p1b: Whimsicott\n|-supereffective|p1b: Whimsicott|1\n|-damage|p1b: Whimsicott|0 fnt\n|faint|p1b: Whimsicott\n|move|p1a: Basculegion|Last Respects|p2b: Mamoswine\n|-damage|p2b: Mamoswine|0 fnt\n|faint|p2b: Mamoswine\n|move|p2a: Altaria|Hyper Voice|p1a: Basculegion\n|-damage|p1a: Basculegion|0 fnt\n|faint|p1a: Basculegion\n|\n|upkeep\n|\n|t:|1776062903\n|switch|p1b: Politoed|Politoed, L50, F|100/100\n|-weather|RainDance|[from] ability: Drizzle|[of] p1b: Politoed\n|turn|8\n|\n|t:|1776062918\n|move|p1b: Politoed|Icy Wind|p2a: Altaria|[miss]\n|-miss|p1b: Politoed|p2a: Altaria\n|move|p2a: Altaria|Hyper Voice|p1b: Politoed\n|-damage|p1b: Politoed|63/100\n|\n|-weather|RainDance|[upkeep]\n|-heal|p1b: Politoed|69/100|[from] item: Leftovers\n|-sideend|p1: arroyofran2|move: Tailwind\n|upkeep\n|turn|9\n|\n|t:|1776062933\n|move|p1b: Politoed|Protect|p1b: Politoed\n|-singleturn|p1b: Politoed|Protect\n|move|p2a: Altaria|Hyper Voice|p1b: Politoed\n|-activate|p1b: Politoed|move: Protect\n|\n|-weather|RainDance|[upkeep]\n|-heal|p1b: Politoed|75/100|[from] item: Leftovers\n|upkeep\n|turn|10\n|\n|t:|1776062942\n|move|p2a: Altaria|Hyper Voice|p1b: Politoed\n|-damage|p1b: Politoed|39/100\n|move|p1b: Politoed|Perish Song|p1b: Politoed\n|-start|p1b: Politoed|perish3|[silent]\n|-start|p2a: Altaria|perish3|[silent]\n|-fieldactivate|move: Perish Song\n|\n|-weather|RainDance|[upkeep]\n|-heal|p1b: Politoed|45/100|[from] item: Leftovers\n|-start|p2a: Altaria|perish3\n|-start|p1b: Politoed|perish3\n|upkeep\n|turn|11\n|\n|t:|1776062963\n|move|p1b: Politoed|Protect|p1b: Politoed\n|-singleturn|p1b: Politoed|Protect\n|move|p2a: Altaria|Hyper Voice|p1b: Politoed\n|-activate|p1b: Politoed|move: Protect\n|\n|-weather|RainDance|[upkeep]\n|-heal|p1b: Politoed|52/100|[from] item: Leftovers\n|-start|p2a: Altaria|perish2\n|-start|p1b: Politoed|perish2\n|upkeep\n|turn|12\n|\n|t:|1776062975\n|move|p2a: Altaria|Hyper Voice|p1b: Politoed\n|-damage|p1b: Politoed|17/100\n|move|p1b: Politoed|Muddy Water|p2a: Altaria\n|-resisted|p2a: Altaria|1\n|-damage|p2a: Altaria|50/100\n|-unboost|p2a: Altaria|accuracy|1\n|\n|-weather|none\n|-heal|p1b: Politoed|23/100|[from] item: Leftovers\n|-start|p2a: Altaria|perish1\n|-start|p1b: Politoed|perish1\n|upkeep\n|turn|13\n|\n|t:|1776062997\n|move|p1b: Politoed|Protect|p1b: Politoed\n|-singleturn|p1b: Politoed|Protect\n|move|p2a: Altaria|Hyper Voice|p1b: Politoed\n|-activate|p1b: Politoed|move: Protect\n|\n|-heal|p1b: Politoed|30/100|[from] item: Leftovers\n|-start|p2a: Altaria|perish0\n|-start|p1b: Politoed|perish0\n|faint|p2a: Altaria\n|faint|p1b: Politoed\n|\n|win|arroyofran2\n|raw|arroyofran2's rating: 1301 &rarr; <strong>1325</strong><br />(+24 for winning)\n|raw|loklastaji's rating: 1365 &rarr; <strong>1341</strong><br />(-24 for losing)\n|l|\u2606arroyofran2\n|player|p1|\n",
  "uploadtime": 1776063008,
  "views": 22,
  "formatid": "gen9championsvgc2026regma",
  "rating": 1325,
  "private": 0,
  "password": null
}