{
  "id": "gen9championsvgc2026regma-2585434849",
  "format": "[Gen 9 Champions] VGC 2026 Reg M-A",
  "players": [
    "godfocker",
    "Jah_08"
  ],
  "log": "|j|\u2606godfocker\n|j|\u2606Jah_08\n|t:|1776347076\n|gametype|doubles\n|player|p1|godfocker|266|1371\n|player|p2|Jah_08|alder|1324\n|gen|9\n|tier|[Gen 9 Champions] VGC 2026 Reg M-A\n|rated|\n|rule|Species Clause: Limit one of each Pok\u00e9mon\n|rule|Item Clause: Limit 1 of each item\n|clearpoke\n|poke|p1|Garchomp, L50, M|\n|poke|p1|Tyranitar, L50, F|\n|poke|p1|Gengar, L50, F|\n|poke|p1|Whimsicott, L50, M|\n|poke|p1|Rotom-Wash, L50|\n|poke|p1|Sneasler, L50, F|\n|poke|p2|Excadrill, L50, M|\n|poke|p2|Whimsicott, L50, M|\n|poke|p2|Chandelure, L50, M|\n|poke|p2|Zoroark-Hisui, L50, M|\n|poke|p2|Basculegion, L50, M|\n|poke|p2|Hydreigon, L50, M|\n|teampreview|4\n|inactive|Battle timer is ON: inactive players will automatically lose when time's up. (requested by godfocker)\n|inactive|Jah_08 has 60 seconds left.\n|\n|t:|1776347166\n|teamsize|p1|4\n|teamsize|p2|4\n|start\n|switch|p1a: Rotom|Rotom-Wash, L50|100/100\n|switch|p1b: Garchomp|Garchomp, L50, M|100/100\n|switch|p2a: Whimsicott|Whimsicott, L50, M, shiny|100/100\n|switch|p2b: Basculegion|Basculegion, L50, M|100/100\n|turn|1\n|inactive|godfocker has 30 seconds left.\n|\n|t:|1776347192\n|move|p2b: Basculegion|Flip Turn|p1b: Garchomp\n|-damage|p1b: Garchomp|64/100\n|\n|t:|1776347202\n|switch|p2b: Excadrill|Excadrill, L50, M|100/100|[from] Flip Turn\n|-ability|p2b: Excadrill|Mold Breaker\n|move|p1b: Garchomp|Stomping Tantrum|p2b: Excadrill\n|-supereffective|p2b: Excadrill|1\n|-enditem|p2b: Excadrill|Focus Sash\n|-damage|p2b: Excadrill|1/100\n|move|p2a: Whimsicott|Moonblast|p1b: Garchomp\n|-supereffective|p1b: Garchomp|1\n|-damage|p1b: Garchomp|0 fnt\n|faint|p1b: Garchomp\n|move|p1a: Rotom|Volt Switch|p2b: Excadrill\n|-immune|p2b: Excadrill\n|\n|upkeep\n|\n|t:|1776347218\n|switch|p1b: Sneasler|Sneasler, L50, F|100/100\n|turn|2\n|\n|t:|1776347239\n|move|p2a: Whimsicott|Protect|p2a: Whimsicott\n|-singleturn|p2a: Whimsicott|Protect\n|move|p2b: Excadrill|Protect|p2b: Excadrill\n|-singleturn|p2b: Excadrill|Protect\n|move|p1b: Sneasler|Fake Out|p2b: Excadrill\n|-activate|p2b: Excadrill|move: Protect\n|move|p1a: Rotom|Volt Switch|p2a: Whimsicott\n|-activate|p2a: Whimsicott|move: Protect\n|\n|upkeep\n|turn|3\n|\n|t:|1776347258\n|move|p1b: Sneasler|Protect|p1b: Sneasler\n|-singleturn|p1b: Sneasler|Protect\n|move|p2a: Whimsicott|Encore|p1b: Sneasler\n|-activate|p1b: Sneasler|move: Protect\n|move|p2b: Excadrill|High Horsepower|p1a: Rotom\n|-supereffective|p1a: Rotom|1\n|-damage|p1a: Rotom|15/100\n|move|p1a: Rotom|Hydro Pump|p2b: Excadrill\n|-supereffective|p2b: Excadrill|1\n|-damage|p2b: Excadrill|0 fnt\n|faint|p2b: Excadrill\n|\n|-heal|p1a: Rotom|21/100|[from] item: Leftovers\n|upkeep\n|\n|t:|1776347280\n|switch|p2b: Basculegion|Basculegion, L50, M|100/100\n|turn|4\n|\n|t:|1776347291\n|switch|p1b: Gengar|Gengar, L50, F|100/100\n|move|p2a: Whimsicott|Encore||[still]\n|-fail|p2a: Whimsicott\n|move|p2b: Basculegion|Shadow Ball|p1a: Rotom\n|-damage|p1a: Rotom|0 fnt\n|faint|p1a: Rotom\n|\n|upkeep\n|\n|t:|1776347293\n|switch|p1a: Sneasler|Sneasler, L50, F|100/100\n|turn|5\n|\n|t:|1776347315\n|detailschange|p1b: Gengar|Gengar-Mega, L50, F\n|-mega|p1b: Gengar|Gengar|Gengarite\n|move|p2a: Whimsicott|Protect|p2a: Whimsicott\n|-singleturn|p2a: Whimsicott|Protect\n|move|p1b: Gengar|Shadow Ball|p2b: Basculegion\n|-immune|p2b: Basculegion\n|move|p1a: Sneasler|Dire Claw|p2a: Whimsicott\n|-activate|p2a: Whimsicott|move: Protect\n|move|p2b: Basculegion|Shadow Ball|p1b: Gengar\n|-supereffective|p1b: Gengar|1\n|-damage|p1b: Gengar|0 fnt\n|faint|p1b: Gengar\n|\n|upkeep\n|turn|6\n|\n|t:|1776347336\n|move|p2a: Whimsicott|Tailwind|p2a: Whimsicott\n|-sidestart|p2: Jah_08|move: Tailwind\n|move|p2b: Basculegion|Shadow Ball|p1a: Sneasler\n|-damage|p1a: Sneasler|29/100\n|move|p1a: Sneasler|Dire Claw|p2a: Whimsicott\n|-supereffective|p2a: Whimsicott|2\n|-damage|p2a: Whimsicott|0 fnt\n|faint|p2a: Whimsicott\n|\n|upkeep\n|\n|t:|1776347348\n|switch|p2a: Basculegion|Basculegion, L50, M|100/100\n|turn|7\n|\n|t:|1776347353\n|move|p2a: Basculegion|Last Respects|p1a: Sneasler\n|-damage|p1a: Sneasler|0 fnt\n|faint|p1a: Sneasler\n|\n|win|Jah_08\n|raw|godfocker's rating: 1371 &rarr; <strong>1348</strong><br />(-23 for losing)\n|raw|Jah_08's rating: 1324 &rarr; <strong>1347</strong><br />(+23 for winning)\n",
  "uploadtime": 1776347359,
  "views": 45,
  "formatid": "gen9championsvgc2026regma",
  "rating": 1347,
  "private": 0,
  "password": null
}