{
  "id": "gen9championsvgc2026regma-2582817053",
  "format": "[Gen 9 Champions] VGC 2026 Reg M-A",
  "players": [
    "Kiryuri",
    "KnekroEnjoyer"
  ],
  "log": "|j|\u2606Kiryuri\n|j|\u2606KnekroEnjoyer\n|t:|1776116341\n|gametype|doubles\n|player|p1|Kiryuri|acetrainerf|1409\n|player|p2|KnekroEnjoyer|rosa|1399\n|gen|9\n|tier|[Gen 9 Champions] VGC 2026 Reg M-A\n|rated|\n|rule|Species Clause: Limit one of each Pok\u00e9mon\n|rule|Item Clause: Limit 1 of each item\n|clearpoke\n|poke|p1|Froslass, L50, F|\n|poke|p1|Milotic, L50, F|\n|poke|p1|Scizor, L50, F|\n|poke|p1|Sinistcha, L50|\n|poke|p1|Basculegion, L50, M|\n|poke|p1|Maushold-Four, L50|\n|poke|p2|Delphox, L50, F|\n|poke|p2|Kingambit, L50, M|\n|poke|p2|Clefable, L50, M|\n|poke|p2|Sneasler, L50, F|\n|poke|p2|Basculegion, L50, M|\n|poke|p2|Dragonite, L50, F|\n|teampreview|4\nKiryuri has agreed to open team sheets.\n|inactive|Battle timer is ON: inactive players will automatically lose when time's up. (requested by Kiryuri)\n|inactive|Kiryuri has 60 seconds left.\n|inactive|KnekroEnjoyer has 60 seconds left.\n|inactive|KnekroEnjoyer has 30 seconds left.\n|\n|t:|1776116410\n|teamsize|p1|4\n|teamsize|p2|4\n|start\n|switch|p1a: Froslass|Froslass, L50, F|100/100\n|switch|p1b: Milotic|Milotic, L50, F|100/100\n|switch|p2a: Delphox|Delphox, L50, F|100/100\n|switch|p2b: Kingambit|Kingambit, L50, M|100/100\n|turn|1\n|inactive|Kiryuri has 30 seconds left.\n|inactive|KnekroEnjoyer has 30 seconds left.\n|inactive|Kiryuri has 20 seconds left.\n|\n|t:|1776116449\n|detailschange|p2a: Delphox|Delphox-Mega, L50, F\n|-mega|p2a: Delphox|Delphox|Delphoxite\n|detailschange|p1a: Froslass|Froslass-Mega, L50, F\n|-mega|p1a: Froslass|Froslass|Froslassite\n|-weather|Snowscape|[from] ability: Snow Warning|[of] p1a: Froslass\n|move|p1a: Froslass|Protect|p1a: Froslass\n|-singleturn|p1a: Froslass|Protect\n|move|p2a: Delphox|Heat Wave|p1b: Milotic|[spread] \n|-activate|p1a: Froslass|move: Protect\n|-miss|p2a: Delphox|p1b: Milotic\n|move|p1b: Milotic|Hydro Pump|p2a: Delphox|[miss]\n|-miss|p1b: Milotic|p2a: Delphox\n|move|p2b: Kingambit|Swords Dance|p2b: Kingambit\n|-boost|p2b: Kingambit|atk|2\n|\n|-weather|Snowscape|[upkeep]\n|upkeep\n|turn|2\n|\n|t:|1776116473\n|move|p2a: Delphox|Substitute|p2a: Delphox\n|-start|p2a: Delphox|Substitute\n|-damage|p2a: Delphox|76/100\n|move|p1a: Froslass|Aurora Veil|p1a: Froslass\n|-sidestart|p1: Kiryuri|move: Aurora Veil\n|move|p1b: Milotic|Hypnosis|p2b: Kingambit\n|-status|p2b: Kingambit|slp|[from] move: Hypnosis\n|cant|p2b: Kingambit|slp\n|\n|-weather|Snowscape|[upkeep]\n|upkeep\n|turn|3\n|\n|t:|1776116491\n|cant|p2b: Kingambit|slp\n|move|p2a: Delphox|Heat Wave|p1a: Froslass|[spread] p1a,p1b\n|-supereffective|p1a: Froslass|1\n|-resisted|p1b: Milotic|1\n|-damage|p1a: Froslass|44/100\n|-damage|p1b: Milotic|90/100\n|move|p1a: Froslass|Shadow Ball|p2a: Delphox\n|-supereffective|p2a: Delphox|1\n|-crit|p2a: Delphox\n|-end|p2a: Delphox|Substitute\n|move|p1b: Milotic|Hydro Pump|p2a: Delphox\n|-supereffective|p2a: Delphox|1\n|-damage|p2a: Delphox|0 fnt\n|faint|p2a: Delphox\n|\n|-weather|Snowscape|[upkeep]\n|upkeep\n|\n|t:|1776116505\n|switch|p2a: Clefable|Clefable, L50, M|100/100\n|turn|4\n|\n|t:|1776116529\n|switch|p1a: Maushold|Maushold-Four, L50|100/100\n|move|p2a: Clefable|Follow Me|p2a: Clefable\n|-singleturn|p2a: Clefable|move: Follow Me\n|move|p1b: Milotic|Coil|p1b: Milotic\n|-boost|p1b: Milotic|atk|1\n|-boost|p1b: Milotic|def|1\n|-boost|p1b: Milotic|accuracy|1\n|-curestatus|p2b: Kingambit|slp|[msg]\n|move|p2b: Kingambit|Kowtow Cleave|p1b: Milotic\n|-damage|p1b: Milotic|60/100\n|\n|-weather|Snowscape|[upkeep]\n|upkeep\n|turn|5\n|inactive|Kiryuri has 30 seconds left.\n|\n|t:|1776116556\n|move|p2a: Clefable|Follow Me|p2a: Clefable\n|-singleturn|p2a: Clefable|move: Follow Me\n|move|p1a: Maushold|Super Fang|p2a: Clefable\n|-damage|p2a: Clefable|50/100\n|-enditem|p2a: Clefable|Sitrus Berry|[eat]\n|-heal|p2a: Clefable|75/100|[from] item: Sitrus Berry\n|move|p1b: Milotic|Hydro Pump|p2a: Clefable\n|-damage|p2a: Clefable|32/100\n|move|p2b: Kingambit|Swords Dance|p2b: Kingambit\n|-boost|p2b: Kingambit|atk|2\n|\n|-weather|none\n|upkeep\n|turn|6\n|inactive|Kiryuri has 30 seconds left.\n|inactive|KnekroEnjoyer has 30 seconds left.\n|inactive|Kiryuri has 20 seconds left.\n|inactive|Kiryuri has 15 seconds left.\n|\n|t:|1776116598\n|switch|p2a: Basculegion|Basculegion, L50, M|100/100\n|move|p2b: Kingambit|Protect|p2b: Kingambit\n|-singleturn|p2b: Kingambit|Protect\n|move|p1a: Maushold|Follow Me|p1a: Maushold\n|-singleturn|p1a: Maushold|move: Follow Me\n|move|p1b: Milotic|Coil|p1b: Milotic\n|-boost|p1b: Milotic|atk|1\n|-boost|p1b: Milotic|def|1\n|-boost|p1b: Milotic|accuracy|1\n|\n|-sideend|p1: Kiryuri|move: Aurora Veil\n|upkeep\n|turn|7\n|\n|t:|1776116622\n|move|p2a: Basculegion|Wave Crash|p1a: Maushold\n|-damage|p1a: Maushold|10/100\n|-damage|p2a: Basculegion|75/100|[from] Recoil\n|move|p1a: Maushold|Encore|p2b: Kingambit\n|-start|p2b: Kingambit|Encore\n|move|p2b: Kingambit|Protect|p2b: Kingambit\n|-singleturn|p2b: Kingambit|Protect\n|move|p1b: Milotic|Recover|p1b: Milotic\n|-heal|p1b: Milotic|100/100\n|\n|upkeep\n|turn|8\n|inactive|Kiryuri has 30 seconds left.\n|\n|t:|1776116647\n|move|p2b: Kingambit|Protect||[still]\n|-fail|p2b: Kingambit\n|move|p2a: Basculegion|Wave Crash|p1a: Maushold\n|-damage|p1a: Maushold|0 fnt\n|faint|p1a: Maushold\n|-damage|p2a: Basculegion|72/100|[from] Recoil\n|move|p1b: Milotic|Hypnosis|p2a: Basculegion\n|-status|p2a: Basculegion|slp|[from] move: Hypnosis\n|\n|upkeep\n|\n|t:|1776116669\n|switch|p1a: Froslass|Froslass-Mega, L50, F|44/100\n|-weather|Snowscape|[from] ability: Snow Warning|[of] p1a: Froslass\n|turn|9\n|\n|t:|1776116683\n|move|p2b: Kingambit|Protect|p2b: Kingambit\n|-singleturn|p2b: Kingambit|Protect\n|cant|p2a: Basculegion|slp\n|move|p1a: Froslass|Shadow Ball|p2a: Basculegion\n|-supereffective|p2a: Basculegion|1\n|-damage|p2a: Basculegion|0 fnt\n|faint|p2a: Basculegion\n|move|p1b: Milotic|Hydro Pump|p2b: Kingambit\n|-activate|p2b: Kingambit|move: Protect\n|\n|-weather|Snowscape|[upkeep]\n|-end|p2b: Kingambit|Encore\n|upkeep\n|\n|t:|1776116687\n|switch|p2a: Clefable|Clefable, L50, M|32/100\n|turn|10\n|\n|t:|1776116699\n|move|p2a: Clefable|Follow Me|p2a: Clefable\n|-singleturn|p2a: Clefable|move: Follow Me\n|move|p1a: Froslass|Aurora Veil|p1a: Froslass\n|-sidestart|p1: Kiryuri|move: Aurora Veil\n|move|p1b: Milotic|Hydro Pump|p2a: Clefable|[miss]\n|-miss|p1b: Milotic|p2a: Clefable\n|move|p2b: Kingambit|Kowtow Cleave|p1a: Froslass\n|-supereffective|p1a: Froslass|1\n|-damage|p1a: Froslass|0 fnt\n|faint|p1a: Froslass\n|\n|-weather|Snowscape|[upkeep]\n|upkeep\n|\n|t:|1776116708\n|switch|p1a: Basculegion|Basculegion, L50, M|100/100\n|turn|11\n|inactive|KnekroEnjoyer has 30 seconds left.\n|\n|t:|1776116735\n|move|p2a: Clefable|Protect|p2a: Clefable\n|-singleturn|p2a: Clefable|Protect\n|move|p2b: Kingambit|Sucker Punch|p1a: Basculegion\n|-supereffective|p1a: Basculegion|1\n|-damage|p1a: Basculegion|0 fnt\n|faint|p1a: Basculegion\n|move|p1b: Milotic|Hydro Pump|p2b: Kingambit\n|-damage|p2b: Kingambit|57/100\n|\n|-weather|Snowscape|[upkeep]\n|upkeep\n|turn|12\n|\n|t:|1776116750\n|move|p2b: Kingambit|Protect|p2b: Kingambit\n|-singleturn|p2b: Kingambit|Protect\n|move|p1b: Milotic|Hypnosis|p2b: Kingambit\n|-activate|p2b: Kingambit|move: Protect\n|move|p2a: Clefable|Moonblast|p1b: Milotic\n|-damage|p1b: Milotic|83/100\n|\n|-weather|Snowscape|[upkeep]\n|upkeep\n|turn|13\n|\n|t:|1776116763\n|move|p2a: Clefable|Follow Me|p2a: Clefable\n|-singleturn|p2a: Clefable|move: Follow Me\n|move|p1b: Milotic|Hydro Pump|p2a: Clefable\n|-damage|p2a: Clefable|0 fnt\n|faint|p2a: Clefable\n|move|p2b: Kingambit|Kowtow Cleave|p1b: Milotic\n|-damage|p1b: Milotic|36/100\n|\n|-weather|none\n|upkeep\n|turn|14\n|\n|t:|1776116779\n|move|p1b: Milotic|Hypnosis|p2b: Kingambit\n|-status|p2b: Kingambit|slp|[from] move: Hypnosis\n|cant|p2b: Kingambit|slp\n|\n|-sideend|p1: Kiryuri|move: Aurora Veil\n|upkeep\n|turn|15\n|\n|t:|1776116790\n|-curestatus|p2b: Kingambit|slp|[msg]\n|move|p2b: Kingambit|Protect|p2b: Kingambit\n|-singleturn|p2b: Kingambit|Protect\n|move|p1b: Milotic|Hydro Pump|p2b: Kingambit\n|-activate|p2b: Kingambit|move: Protect\n|\n|upkeep\n|turn|16\n|\n|t:|1776116805\n|move|p1b: Milotic|Hypnosis|p2b: Kingambit\n|-status|p2b: Kingambit|slp|[from] move: Hypnosis\n|cant|p2b: Kingambit|slp\n|\n|upkeep\n|turn|17\n|\n|t:|1776116811\n|move|p1b: Milotic|Recover|p1b: Milotic\n|-heal|p1b: Milotic|86/100\n|cant|p2b: Kingambit|slp\n|\n|upkeep\n|turn|18\n|\n|t:|1776116815\n|move|p1b: Milotic|Coil|p1b: Milotic\n|-boost|p1b: Milotic|atk|1\n|-boost|p1b: Milotic|def|1\n|-boost|p1b: Milotic|accuracy|1\n|-curestatus|p2b: Kingambit|slp|[msg]\n|move|p2b: Kingambit|Swords Dance|p2b: Kingambit\n|-boost|p2b: Kingambit|atk|2\n|\n|upkeep\n|turn|19\n|\n|t:|1776116823\n|move|p1b: Milotic|Hypnosis|p2b: Kingambit\n|-status|p2b: Kingambit|slp|[from] move: Hypnosis\n|cant|p2b: Kingambit|slp\n|\n|upkeep\n|turn|20\n|\n|t:|1776116827\n|move|p1b: Milotic|Coil|p1b: Milotic\n|-boost|p1b: Milotic|atk|1\n|-boost|p1b: Milotic|def|1\n|-boost|p1b: Milotic|accuracy|1\n|cant|p2b: Kingambit|slp\n|\n|upkeep\n|turn|21\n|\n|t:|1776116833\n|move|p1b: Milotic|Coil|p1b: Milotic\n|-boost|p1b: Milotic|atk|1\n|-boost|p1b: Milotic|def|1\n|-boost|p1b: Milotic|accuracy|1\n|-curestatus|p2b: Kingambit|slp|[msg]\n|move|p2b: Kingambit|Kowtow Cleave|p1b: Milotic\n|-damage|p1b: Milotic|34/100\n|\n|upkeep\n|turn|22\n|\n|t:|1776116841\n|move|p1b: Milotic|Hypnosis|p2b: Kingambit\n|-status|p2b: Kingambit|slp|[from] move: Hypnosis\n|cant|p2b: Kingambit|slp\n|\n|upkeep\n|turn|23\n|\n|t:|1776116843\n|move|p1b: Milotic|Recover|p1b: Milotic\n|-heal|p1b: Milotic|84/100\n|cant|p2b: Kingambit|slp\n|\n|upkeep\n|turn|24\n|\n|t:|1776116848\n|move|p1b: Milotic|Coil|p1b: Milotic\n|-boost|p1b: Milotic|atk|1\n|-boost|p1b: Milotic|def|1\n|-boost|p1b: Milotic|accuracy|1\n|-curestatus|p2b: Kingambit|slp|[msg]\n|move|p2b: Kingambit|Kowtow Cleave|p1b: Milotic\n|-damage|p1b: Milotic|34/100\n|\n|upkeep\n|turn|25\n|\n|t:|1776116856\n|move|p1b: Milotic|Hypnosis|p2b: Kingambit\n|-status|p2b: Kingambit|slp|[from] move: Hypnosis\n|cant|p2b: Kingambit|slp\n|\n|upkeep\n|turn|26\n|\n|t:|1776116859\n|move|p1b: Milotic|Recover|p1b: Milotic\n|-heal|p1b: Milotic|84/100\n|-curestatus|p2b: Kingambit|slp|[msg]\n|move|p2b: Kingambit|Kowtow Cleave|p1b: Milotic\n|-damage|p1b: Milotic|37/100\n|\n|upkeep\n|turn|27\n|\n|t:|1776116866\n|move|p1b: Milotic|Hypnosis|p2b: Kingambit\n|-status|p2b: Kingambit|slp|[from] move: Hypnosis\n|cant|p2b: Kingambit|slp\n|\n|upkeep\n|turn|28\n|\n|t:|1776116869\n|move|p1b: Milotic|Recover|p1b: Milotic\n|-heal|p1b: Milotic|87/100\n|-curestatus|p2b: Kingambit|slp|[msg]\n|move|p2b: Kingambit|Kowtow Cleave|p1b: Milotic\n|-damage|p1b: Milotic|39/100\n|\n|upkeep\n|turn|29\n|\n|t:|1776116876\n|move|p1b: Milotic|Hypnosis|p2b: Kingambit\n|-status|p2b: Kingambit|slp|[from] move: Hypnosis\n|cant|p2b: Kingambit|slp\n|\n|upkeep\n|turn|30\n|\n|t:|1776116879\n|move|p1b: Milotic|Recover|p1b: Milotic\n|-heal|p1b: Milotic|89/100\n|cant|p2b: Kingambit|slp\n|\n|upkeep\n|turn|31\n|\n|t:|1776116896\n|move|p1b: Milotic|Coil|p1b: Milotic\n|-boost|p1b: Milotic|atk|0\n|-boost|p1b: Milotic|def|0\n|-boost|p1b: Milotic|accuracy|0\n|-curestatus|p2b: Kingambit|slp|[msg]\n|move|p2b: Kingambit|Kowtow Cleave|p1b: Milotic\n|-damage|p1b: Milotic|37/100\n|\n|upkeep\n|turn|32\n|\n|t:|1776116905\n|move|p1b: Milotic|Hypnosis|p2b: Kingambit\n|-status|p2b: Kingambit|slp|[from] move: Hypnosis\n|cant|p2b: Kingambit|slp\n|\n|upkeep\n|turn|33\n|\n|t:|1776116907\n|move|p1b: Milotic|Recover|p1b: Milotic\n|-heal|p1b: Milotic|87/100\n|cant|p2b: Kingambit|slp\n|\n|upkeep\n|turn|34\n|\n|t:|1776116918\n|move|p1b: Milotic|Coil|p1b: Milotic\n|-boost|p1b: Milotic|atk|0\n|-boost|p1b: Milotic|def|0\n|-boost|p1b: Milotic|accuracy|0\n|-curestatus|p2b: Kingambit|slp|[msg]\n|move|p2b: Kingambit|Kowtow Cleave|p1b: Milotic\n|-damage|p1b: Milotic|35/100\n|\n|upkeep\n|turn|35\n|inactive|Kiryuri has 30 seconds left.\n|j| Fathomorg\n|l| Fathomorg\n|inactive|Kiryuri has 20 seconds left.\n|inactive|Kiryuri has 15 seconds left.\n|inactive|Kiryuri has 10 seconds left.\n|\n|t:|1776116965\n|move|p1b: Milotic|Hypnosis|p2b: Kingambit\n|-status|p2b: Kingambit|slp|[from] move: Hypnosis\n|cant|p2b: Kingambit|slp\n|\n|upkeep\n|turn|36\n|inactive|Kiryuri has 20 seconds left this turn.\n|inactive|Kiryuri has 15 seconds left.\n|\n|t:|1776116971\n|move|p1b: Milotic|Recover|p1b: Milotic\n|-heal|p1b: Milotic|85/100\n|cant|p2b: Kingambit|slp\n|\n|upkeep\n|turn|37\n|inactive|Kiryuri has 15 seconds left this turn.\n|inactive|Kiryuri has 10 seconds left.\n|inactive|Kiryuri has 5 seconds left.\n|\n|t:|1776116985\n|move|p1b: Milotic|Coil|p1b: Milotic\n|-boost|p1b: Milotic|atk|0\n|-boost|p1b: Milotic|def|0\n|-boost|p1b: Milotic|accuracy|0\n|-curestatus|p2b: Kingambit|slp|[msg]\n|move|p2b: Kingambit|Kowtow Cleave|p1b: Milotic\n|-damage|p1b: Milotic|37/100\n|\n|upkeep\n|turn|38\n|inactive|Kiryuri has 5 seconds left this turn.\n|-message|Kiryuri lost due to inactivity.\n|\n|win|KnekroEnjoyer\n|raw|Kiryuri's rating: 1409 &rarr; <strong>1388</strong><br />(-21 for losing)\n|raw|KnekroEnjoyer's rating: 1399 &rarr; <strong>1420</strong><br />(+21 for winning)\n|l|\u2606KnekroEnjoyer\n|player|p2|\n",
  "uploadtime": 1776117005,
  "views": 33,
  "formatid": "gen9championsvgc2026regma",
  "rating": 1388,
  "private": 0,
  "password": null
}