{
  "id": "gen9championsvgc2026regma-2581621606",
  "format": "[Gen 9 Champions] VGC 2026 Reg M-A",
  "players": [
    "Rei_do_gd0",
    "sanic123dx"
  ],
  "log": "|j|\u2606Rei_do_gd0\n|j|\u2606sanic123dx\n|t:|1776015797\n|gametype|doubles\n|player|p1|Rei_do_gd0|brawly|1087\n|player|p2|sanic123dx|policeman-gen4|1187\n|gen|9\n|tier|[Gen 9 Champions] VGC 2026 Reg M-A\n|rated|\n|rule|Species Clause: Limit one of each Pok\u00e9mon\n|rule|Item Clause: Limit 1 of each item\n|clearpoke\n|poke|p1|Arcanine-Hisui, L50, F|\n|poke|p1|Meganium, L50, M|\n|poke|p1|Pelipper, L50, M|\n|poke|p1|Basculegion, L50, M|\n|poke|p1|Gallade, L50, M|\n|poke|p1|Archaludon, L50, M|\n|poke|p2|Primarina, L50, F|\n|poke|p2|Abomasnow, L50, M|\n|poke|p2|Scizor, L50, M|\n|poke|p2|Skeledirge, L50, M|\n|poke|p2|Farigiraf, L50, F|\n|poke|p2|Tyrantrum, L50, M|\n|teampreview|4\n|inactive|Battle timer is ON: inactive players will automatically lose when time's up. (requested by sanic123dx)\n|inactive|sanic123dx has 60 seconds left.\n|\n|t:|1776015832\n|teamsize|p1|4\n|teamsize|p2|4\n|start\n|switch|p1a: Meganium|Meganium, L50, M|100/100\n|switch|p1b: Arcanine|Arcanine-Hisui, L50, F|100/100\n|switch|p2a: Farigiraf|Farigiraf, L50, F|100/100\n|switch|p2b: Scizor|Scizor, L50, M|100/100\n|-ability|p1b: Arcanine|Intimidate|boost\n|-unboost|p2a: Farigiraf|atk|1\n|-unboost|p2b: Scizor|atk|1\n|turn|1\n|inactive|Rei_do_gd0 has 30 seconds left.\n|inactive|sanic123dx has 30 seconds left.\n|inactive|Rei_do_gd0 has 20 seconds left.\n|\n|t:|1776015869\n|detailschange|p1a: Meganium|Meganium-Mega, L50, M\n|-mega|p1a: Meganium|Meganium|Meganiumite\n|move|p1a: Meganium|Protect|p1a: Meganium\n|-singleturn|p1a: Meganium|Protect\n|move|p2b: Scizor|Protect|p2b: Scizor\n|-singleturn|p2b: Scizor|Protect\n|move|p1b: Arcanine|Flame Charge|p2b: Scizor\n|-activate|p2b: Scizor|move: Protect\n|move|p2a: Farigiraf|Trick Room|p2a: Farigiraf\n|-fieldstart|move: Trick Room|[of] p2a: Farigiraf\n|\n|upkeep\n|turn|2\n|inactive|Rei_do_gd0 has 30 seconds left.\n|inactive|sanic123dx has 30 seconds left.\n|\n|t:|1776015902\n|switch|p1a: Pelipper|Pelipper, L50, M|100/100\n|-weather|RainDance|[from] ability: Drizzle|[of] p1a: Pelipper\n|move|p2a: Farigiraf|Psychic|p1b: Arcanine\n|-damage|p1b: Arcanine|46/100\n|-enditem|p1b: Arcanine|Sitrus Berry|[eat]\n|-heal|p1b: Arcanine|70/100|[from] item: Sitrus Berry\n|move|p2b: Scizor|Dual Wingbeat|p1a: Pelipper\n|-damage|p1a: Pelipper|78/100\n|-damage|p1a: Pelipper|58/100\n|-hitcount|p1a: Pelipper|2\n|move|p1b: Arcanine|Rock Slide|p2b: Scizor|[spread] p2a,p2b\n|-damage|p2a: Farigiraf|73/100\n|-damage|p2b: Scizor|73/100\n|\n|-weather|RainDance|[upkeep]\n|upkeep\n|turn|3\n|\n|t:|1776015923\n|move|p1a: Pelipper|Protect|p1a: Pelipper\n|-singleturn|p1a: Pelipper|Protect\n|move|p1b: Arcanine|Protect|p1b: Arcanine\n|-singleturn|p1b: Arcanine|Protect\n|move|p2b: Scizor|Bullet Punch|p1b: Arcanine\n|-activate|p1b: Arcanine|move: Protect\n|move|p2a: Farigiraf|Psychic|p1b: Arcanine\n|-activate|p1b: Arcanine|move: Protect\n|\n|-weather|RainDance|[upkeep]\n|upkeep\n|turn|4\n|\n|t:|1776015941\n|switch|p1b: Gallade|Gallade, L50, M|100/100\n|move|p2b: Scizor|Bullet Punch|p1b: Gallade\n|-crit|p1b: Gallade\n|-damage|p1b: Gallade|0 fnt\n|faint|p1b: Gallade\n|move|p2a: Farigiraf|Psychic|p1a: Pelipper\n|-damage|p1a: Pelipper|0 fnt\n|faint|p1a: Pelipper\n|\n|-weather|RainDance|[upkeep]\n|upkeep\n|\n|t:|1776015957\n|switch|p1a: Meganium|Meganium-Mega, L50, M|100/100\n|switch|p1b: Arcanine|Arcanine-Hisui, L50, F|70/100\n|-ability|p1b: Arcanine|Intimidate|boost\n|-unboost|p2a: Farigiraf|atk|1\n|-unboost|p2b: Scizor|atk|1\n|turn|5\n|\n|t:|1776015968\n|move|p1a: Meganium|Protect|p1a: Meganium\n|-singleturn|p1a: Meganium|Protect\n|move|p1b: Arcanine|Protect|p1b: Arcanine\n|-singleturn|p1b: Arcanine|Protect\n|move|p2b: Scizor|Bullet Punch|p1b: Arcanine\n|-activate|p1b: Arcanine|move: Protect\n|move|p2a: Farigiraf|Psychic|p1b: Arcanine\n|-activate|p1b: Arcanine|move: Protect\n|\n|-weather|RainDance|[upkeep]\n|-fieldend|move: Trick Room\n|upkeep\n|turn|6\n|\n|t:|1776015987\n|move|p2b: Scizor|Bullet Punch|p1b: Arcanine\n|-damage|p1b: Arcanine|44/100\n|move|p1b: Arcanine|Flame Charge|p2b: Scizor\n|-supereffective|p2b: Scizor|2\n|-damage|p2b: Scizor|25/100\n|-boost|p1b: Arcanine|spe|1\n|move|p1a: Meganium|Solar Beam||[still]\n|-prepare|p1a: Meganium|Solar Beam\n|-activate|p1a: Meganium|ability: Mega Sol\n|-anim|p1a: Meganium|Solar Beam|p2a: Farigiraf\n|-damage|p2a: Farigiraf|5/100\n|-enditem|p2a: Farigiraf|Sitrus Berry|[eat]\n|-heal|p2a: Farigiraf|30/100|[from] item: Sitrus Berry\n|move|p2a: Farigiraf|Trick Room|p2a: Farigiraf\n|-fieldstart|move: Trick Room|[of] p2a: Farigiraf\n|\n|-weather|none\n|upkeep\n|turn|7\n|\n|t:|1776016010\n|move|p1b: Arcanine|Protect|p1b: Arcanine\n|-singleturn|p1b: Arcanine|Protect\n|move|p2a: Farigiraf|Psychic|p1b: Arcanine\n|-activate|p1b: Arcanine|move: Protect\n|move|p2b: Scizor|Dual Wingbeat|p1a: Meganium|[miss]\n|-miss|p2b: Scizor|p1a: Meganium\n|move|p1a: Meganium|Dazzling Gleam|p2a: Farigiraf|[spread] p2a,p2b\n|-resisted|p2b: Scizor|1\n|-damage|p2a: Farigiraf|0 fnt\n|-damage|p2b: Scizor|5/100\n|faint|p2a: Farigiraf\n|\n|upkeep\n|\n|t:|1776016021\n|switch|p2a: Abomasnow|Abomasnow, L50, M, shiny|100/100\n|-weather|Snowscape|[from] ability: Snow Warning|[of] p2a: Abomasnow\n|turn|8\n|\n|t:|1776016041\n|detailschange|p2a: Abomasnow|Abomasnow-Mega, L50, M, shiny\n|-mega|p2a: Abomasnow|Abomasnow|Abomasite\n|move|p1b: Arcanine|Protect||[still]\n|-fail|p1b: Arcanine\n|move|p2a: Abomasnow|Earth Power|p1b: Arcanine\n|-supereffective|p1b: Arcanine|2\n|-damage|p1b: Arcanine|0 fnt\n|faint|p1b: Arcanine\n|move|p2b: Scizor|Dual Wingbeat|p1a: Meganium\n|-supereffective|p1a: Meganium|1\n|-damage|p1a: Meganium|78/100\n|-supereffective|p1a: Meganium|1\n|-damage|p1a: Meganium|56/100\n|-hitcount|p1a: Meganium|2\n|move|p1a: Meganium|Weather Ball|p2a: Abomasnow\n|-supereffective|p2a: Abomasnow|2\n|-crit|p2a: Abomasnow\n|-damage|p2a: Abomasnow|0 fnt\n|faint|p2a: Abomasnow\n|\n|-weather|Snowscape|[upkeep]\n|upkeep\n|\n|t:|1776016056\n|switch|p2a: Tyrantrum|Tyrantrum, L50, M, shiny|100/100\n|turn|9\n|\n|t:|1776016068\n|move|p1a: Meganium|Protect|p1a: Meganium\n|-singleturn|p1a: Meganium|Protect\n|move|p2a: Tyrantrum|Psychic Fangs|p1a: Meganium\n|-activate|p1a: Meganium|move: Protect\n|move|p2b: Scizor|Lunge|p1a: Meganium\n|-activate|p1a: Meganium|move: Protect\n|\n|-weather|Snowscape|[upkeep]\n|upkeep\n|turn|10\n|\n|t:|1776016077\n|move|p2a: Tyrantrum|Psychic Fangs|p1a: Meganium\n|-damage|p1a: Meganium|0 fnt\n|faint|p1a: Meganium\n|\n|win|sanic123dx\n|raw|Rei_do_gd0's rating: 1087 &rarr; <strong>1070</strong><br />(-17 for losing)\n|raw|sanic123dx's rating: 1187 &rarr; <strong>1205</strong><br />(+18 for winning)\n|l|\u2606Rei_do_gd0\n|player|p1|\n",
  "uploadtime": 1776016090,
  "views": 36,
  "formatid": "gen9championsvgc2026regma",
  "rating": 1070,
  "private": 0,
  "password": null
}