{
  "id": "gen9championsvgc2026regma-2588714535",
  "format": "[Gen 9 Champions] VGC 2026 Reg M-A",
  "players": [
    "huchuachua",
    "KeckleonKidVGC"
  ],
  "log": "|j|\u2606huchuachua\n|j|\u2606KeckleonKidVGC\n|t:|1776661065\n|gametype|doubles\n|player|p1|huchuachua|266|1270\n|player|p2|KeckleonKidVGC|1|1359\n|gen|9\n|tier|[Gen 9 Champions] VGC 2026 Reg M-A\n|rated|\n|rule|Species Clause: Limit one of each Pok\u00e9mon\n|rule|Item Clause: Limit 1 of each item\n|clearpoke\n|poke|p1|Kingambit, L50, M|\n|poke|p1|Gardevoir, L50, M|\n|poke|p1|Aerodactyl, L50, M|\n|poke|p1|Maushold, L50|\n|poke|p1|Incineroar, L50, F|\n|poke|p1|Sneasler, L50, M|\n|poke|p2|Pelipper, L50, F|\n|poke|p2|Basculegion, L50, M|\n|poke|p2|Farigiraf, L50, F|\n|poke|p2|Archaludon, L50, M|\n|poke|p2|Drampa, L50, F|\n|poke|p2|Venusaur, L50, M|\n|teampreview|4\n|inactive|Battle timer is ON: inactive players will automatically lose when time's up. (requested by KeckleonKidVGC)\n|j| Ranko9\n|\n|t:|1776661089\n|teamsize|p1|4\n|teamsize|p2|4\n|start\n|switch|p1a: Aerodactyl|Aerodactyl, L50, M|100/100\n|switch|p1b: Sneasler|Sneasler, L50, M|100/100\n|switch|p2a: Basculegion|Basculegion, L50, M|100/100\n|switch|p2b: Pelipper|Pelipper, L50, F|100/100\n|-ability|p1a: Aerodactyl|Pressure\n|-weather|RainDance|[from] ability: Drizzle|[of] p2b: Pelipper\n|turn|1\n|\n|t:|1776661111\n|switch|p2b: Farigiraf|Farigiraf, L50, F|100/100\n|move|p1a: Aerodactyl|Tailwind|p1a: Aerodactyl\n|-sidestart|p1: huchuachua|move: Tailwind\n|move|p1b: Sneasler|Dire Claw|p2b: Farigiraf\n|-crit|p2b: Farigiraf\n|-damage|p2b: Farigiraf|51/100\n|move|p2a: Basculegion|Flip Turn|p1b: Sneasler\n|-damage|p1b: Sneasler|0 fnt\n|faint|p1b: Sneasler\n|\n|t:|1776661127\n|switch|p2a: Venusaur|Venusaur, L50, M|100/100|[from] Flip Turn\n|\n|-weather|RainDance|[upkeep]\n|upkeep\n|\n|t:|1776661131\n|switch|p1b: Gardevoir|Gardevoir, L50, M|100/100\n|-ability|p1b: Gardevoir|Armor Tail|Trace|[from] ability: Trace|[of] p2b: Farigiraf\n|turn|2\n|\n|t:|1776661146\n|detailschange|p1b: Gardevoir|Gardevoir-Mega, L50, M\n|-mega|p1b: Gardevoir|Gardevoir|Gardevoirite\n|move|p2a: Venusaur|Protect|p2a: Venusaur\n|-singleturn|p2a: Venusaur|Protect\n|move|p1a: Aerodactyl|Rock Slide|p2a: Venusaur|[spread] \n|-activate|p2a: Venusaur|move: Protect\n|-miss|p1a: Aerodactyl|p2b: Farigiraf\n|move|p1b: Gardevoir|Psychic|p2a: Venusaur\n|-activate|p2a: Venusaur|move: Protect\n|move|p2b: Farigiraf|Trick Room|p2b: Farigiraf\n|-fieldstart|move: Trick Room|[of] p2b: Farigiraf\n|\n|-weather|RainDance|[upkeep]\n|upkeep\n|turn|3\n|\n|t:|1776661162\n|detailschange|p2a: Venusaur|Venusaur-Mega, L50, M\n|-mega|p2a: Venusaur|Venusaur|Venusaurite\n|move|p1b: Gardevoir|Protect|p1b: Gardevoir\n|-singleturn|p1b: Gardevoir|Protect\n|move|p2b: Farigiraf|Psychic|p1a: Aerodactyl\n|-damage|p1a: Aerodactyl|53/100\n|move|p2a: Venusaur|Sludge Bomb|p1b: Gardevoir\n|-activate|p1b: Gardevoir|move: Protect\n|move|p1a: Aerodactyl|Dual Wingbeat|p2a: Venusaur\n|-supereffective|p2a: Venusaur|1\n|-damage|p2a: Venusaur|71/100\n|-supereffective|p2a: Venusaur|1\n|-damage|p2a: Venusaur|42/100\n|-hitcount|p2a: Venusaur|2\n|\n|-weather|RainDance|[upkeep]\n|upkeep\n|turn|4\n|\n|t:|1776661183\n|switch|p1b: Maushold|Maushold, L50|100/100\n|move|p2b: Farigiraf|Helping Hand|p2a: Venusaur\n|-singleturn|p2a: Venusaur|Helping Hand|[of] p2b: Farigiraf\n|move|p2a: Venusaur|Sludge Bomb|p1b: Maushold\n|-crit|p1b: Maushold\n|-damage|p1b: Maushold|0 fnt\n|faint|p1b: Maushold\n|move|p1a: Aerodactyl|Dual Wingbeat|p2a: Venusaur\n|-supereffective|p2a: Venusaur|1\n|-damage|p2a: Venusaur|13/100\n|-supereffective|p2a: Venusaur|1\n|-damage|p2a: Venusaur|0 fnt\n|faint|p2a: Venusaur\n|-hitcount|p2: Venusaur|2\n|\n|-weather|RainDance|[upkeep]\n|-sideend|p1: huchuachua|move: Tailwind\n|upkeep\n|\n|t:|1776661197\n|switch|p2a: Basculegion|Basculegion, L50, M|100/100\n|switch|p1b: Gardevoir|Gardevoir-Mega, L50, M|100/100\n|turn|5\n|\n|t:|1776661210\n|move|p2b: Farigiraf|Psychic|p1b: Gardevoir\n|-resisted|p1b: Gardevoir|1\n|-damage|p1b: Gardevoir|85/100\n|-unboost|p1b: Gardevoir|spd|1\n|move|p2a: Basculegion|Wave Crash|p1a: Aerodactyl\n|-supereffective|p1a: Aerodactyl|1\n|-damage|p1a: Aerodactyl|0 fnt\n|faint|p1a: Aerodactyl\n|-damage|p2a: Basculegion|87/100|[from] Recoil\n|move|p1b: Gardevoir|Hyper Voice|p2a: Basculegion|[spread] p2a,p2b\n|-damage|p2a: Basculegion|30/100\n|-damage|p2b: Farigiraf|5/100\n|\n|-weather|none\n|upkeep\n|turn|6\n|\n|t:|1776661233\n|switch|p2a: Pelipper|Pelipper, L50, F|100/100\n|-weather|RainDance|[from] ability: Drizzle|[of] p2a: Pelipper\n|move|p2b: Farigiraf|Protect|p2b: Farigiraf\n|-singleturn|p2b: Farigiraf|Protect\n|move|p1b: Gardevoir|Hyper Voice|p2b: Farigiraf|[spread] p2a\n|-activate|p2b: Farigiraf|move: Protect\n|-damage|p2a: Pelipper|9/100\n|\n|-weather|RainDance|[upkeep]\n|-fieldend|move: Trick Room\n|upkeep\n|turn|7\n|-message|KeckleonKidVGC forfeited.\n|\n|win|huchuachua\n|raw|huchuachua's rating: 1270 &rarr; <strong>1301</strong><br />(+31 for winning)\n|raw|KeckleonKidVGC's rating: 1359 &rarr; <strong>1334</strong><br />(-25 for losing)\n|l|\u2606KeckleonKidVGC\n|player|p2|\n",
  "uploadtime": 1776661252,
  "views": 5,
  "formatid": "gen9championsvgc2026regma",
  "rating": 1301,
  "private": 0,
  "password": null
}