{
  "id": "gen9championsvgc2026regma-2584678256",
  "format": "[Gen 9 Champions] VGC 2026 Reg M-A",
  "players": [
    "BomboJames",
    "GlaceusArcanine"
  ],
  "log": "|j|\u2606BomboJames\n|j|\u2606GlaceusArcanine\n|t:|1776276235\n|gametype|doubles\n|player|p1|BomboJames|169|1066\n|player|p2|GlaceusArcanine|266|1010\n|gen|9\n|tier|[Gen 9 Champions] VGC 2026 Reg M-A\n|rated|\n|rule|Species Clause: Limit one of each Pok\u00e9mon\n|rule|Item Clause: Limit 1 of each item\n|clearpoke\n|poke|p1|Floette-Eternal, L50, F|\n|poke|p1|Maushold, L50|\n|poke|p1|Garchomp, L50, F|\n|poke|p1|Talonflame, L50, M|\n|poke|p1|Rotom-Wash, L50|\n|poke|p1|Aegislash, L50, M|\n|poke|p2|Charizard, L50, M|\n|poke|p2|Farigiraf, L50, F|\n|poke|p2|Milotic, L50, M|\n|poke|p2|Camerupt, L50, M|\n|poke|p2|Liepard, L50, M|\n|poke|p2|Aerodactyl, L50, M|\n|teampreview|4\n|inactive|Battle timer is ON: inactive players will automatically lose when time's up. (requested by GlaceusArcanine)\n|\n|t:|1776276276\n|teamsize|p1|4\n|teamsize|p2|4\n|start\n|switch|p1a: Floette|Floette-Eternal, L50, F|100/100\n|switch|p1b: Maushold|Maushold, L50|100/100\n|switch|p2a: Farigiraf|Farigiraf, L50, F|100/100\n|switch|p2b: Liepard|Liepard, L50, M|100/100\n|turn|1\n|inactive|GlaceusArcanine has 30 seconds left.\n|inactive|GlaceusArcanine has 20 seconds left.\n|inactive|GlaceusArcanine has 15 seconds left.\n|\n|t:|1776276316\n|detailschange|p1a: Floette|Floette-Mega, L50, F\n|-mega|p1a: Floette|Floette|Floettite\n|-ability|p1a: Floette|Fairy Aura\n|move|p2b: Liepard|Sunny Day|p2b: Liepard\n|-weather|SunnyDay\n|move|p1b: Maushold|Taunt|p2a: Farigiraf\n|-start|p2a: Farigiraf|move: Taunt\n|move|p1a: Floette|Calm Mind|p1a: Floette\n|-boost|p1a: Floette|spa|1\n|-boost|p1a: Floette|spd|1\n|cant|p2a: Farigiraf|move: Taunt|Trick Room\n|\n|-weather|SunnyDay|[upkeep]\n|upkeep\n|turn|2\n|\n|t:|1776276341\n|switch|p2a: Milotic|Milotic, L50, M|100/100\n|move|p1b: Maushold|Follow Me|p1b: Maushold\n|-singleturn|p1b: Maushold|move: Follow Me\n|move|p2b: Liepard|Foul Play|p1b: Maushold\n|-damage|p1b: Maushold|63/100\n|move|p1a: Floette|Calm Mind|p1a: Floette\n|-boost|p1a: Floette|spa|1\n|-boost|p1a: Floette|spd|1\n|\n|-weather|SunnyDay|[upkeep]\n|upkeep\n|turn|3\n|\n|t:|1776276362\n|move|p2b: Liepard|Encore|p1a: Floette\n|-start|p1a: Floette|Encore\n|move|p1b: Maushold|Super Fang|p2a: Milotic\n|-damage|p2a: Milotic|50/100\n|move|p1a: Floette|Calm Mind|p1a: Floette\n|-boost|p1a: Floette|spa|1\n|-boost|p1a: Floette|spd|1\n|move|p2a: Milotic|Weather Ball|p1b: Maushold\n|-damage|p1b: Maushold|9/100\n|\n|-weather|SunnyDay|[upkeep]\n|-heal|p2a: Milotic|56/100|[from] item: Leftovers\n|upkeep\n|turn|4\n|\n|t:|1776276384\n|move|p2b: Liepard|Copycat|p2b: Liepard\n|move|p2b: Liepard|Weather Ball|p1b: Maushold|[from] move: Copycat\n|-damage|p1b: Maushold|0 fnt\n|faint|p1b: Maushold\n|move|p1a: Floette|Calm Mind|p1a: Floette\n|-boost|p1a: Floette|spa|1\n|-boost|p1a: Floette|spd|1\n|move|p2a: Milotic|Weather Ball|p1a: Floette\n|-damage|p1a: Floette|91/100\n|\n|-weather|SunnyDay|[upkeep]\n|-heal|p2a: Milotic|62/100|[from] item: Leftovers\n|upkeep\n|inactive|BomboJames has 30 seconds left.\n|\n|t:|1776276411\n|switch|p1b: Talonflame|Talonflame, L50, M|100/100\n|turn|5\n|inactive|GlaceusArcanine has 30 seconds left.\n|\n|t:|1776276441\n|move|p1b: Talonflame|Tailwind|p1b: Talonflame\n|-sidestart|p1: BomboJames|move: Tailwind\n|move|p1a: Floette|Calm Mind|p1a: Floette\n|-boost|p1a: Floette|spa|1\n|-boost|p1a: Floette|spd|1\n|move|p2b: Liepard|Foul Play|p1b: Talonflame\n|-damage|p1b: Talonflame|42/100\n|move|p2a: Milotic|Scald|p1b: Talonflame\n|-supereffective|p1b: Talonflame|1\n|-damage|p1b: Talonflame|0 fnt\n|faint|p1b: Talonflame\n|\n|-weather|none\n|-heal|p2a: Milotic|68/100|[from] item: Leftovers\n|-end|p1a: Floette|Encore\n|upkeep\n|\n|t:|1776276451\n|switch|p1b: Garchomp|Garchomp, L50, F|100/100\n|turn|6\n|\n|t:|1776276470\n|move|p2b: Liepard|Encore|p1a: Floette\n|-start|p1a: Floette|Encore\n|move|p1b: Garchomp|Stomping Tantrum|p2b: Liepard\n|-damage|p2b: Liepard|12/100\n|move|p1a: Floette|Calm Mind|p1a: Floette\n|-boost|p1a: Floette|spa|1\n|-boost|p1a: Floette|spd|1\n|move|p2a: Milotic|Ice Beam|p1b: Garchomp\n|-supereffective|p1b: Garchomp|2\n|-damage|p1b: Garchomp|0 fnt\n|faint|p1b: Garchomp\n|\n|-heal|p2a: Milotic|74/100|[from] item: Leftovers\n|upkeep\n|turn|7\n|\n|t:|1776276489\n|move|p1a: Floette|Calm Mind|p1a: Floette\n|-boost|p1a: Floette|spa|0\n|-boost|p1a: Floette|spd|0\n|move|p2b: Liepard|Foul Play|p1a: Floette\n|-resisted|p1a: Floette|1\n|-damage|p1a: Floette|76/100\n|move|p2a: Milotic|Scald|p1a: Floette\n|-damage|p1a: Floette|71/100\n|\n|-heal|p2a: Milotic|80/100|[from] item: Leftovers\n|upkeep\n|turn|8\n|c|\u2606BomboJames|what a bullshiy\n|\n|t:|1776276504\n|move|p1a: Floette|Calm Mind|p1a: Floette\n|-boost|p1a: Floette|spa|0\n|-boost|p1a: Floette|spd|0\n|move|p2b: Liepard|Foul Play|p1a: Floette\n|-resisted|p1a: Floette|1\n|-damage|p1a: Floette|57/100\n|move|p2a: Milotic|Scald|p1a: Floette\n|-damage|p1a: Floette|50/100\n|\n|-heal|p2a: Milotic|86/100|[from] item: Leftovers\n|-end|p1a: Floette|Encore\n|-sideend|p1: BomboJames|move: Tailwind\n|upkeep\n|turn|9\n|\n|t:|1776276527\n|move|p1a: Floette|Protect|p1a: Floette\n|-singleturn|p1a: Floette|Protect\n|move|p2b: Liepard|Encore|p1a: Floette\n|-activate|p1a: Floette|move: Protect\n|move|p2a: Milotic|Scald|p1a: Floette\n|-activate|p1a: Floette|move: Protect\n|\n|-heal|p2a: Milotic|92/100|[from] item: Leftovers\n|upkeep\n|turn|10\n|\n|t:|1776276538\n|move|p2b: Liepard|Encore|p1a: Floette\n|-start|p1a: Floette|Encore\n|move|p1a: Floette|Protect||[still]\n|-fail|p1a: Floette\n|move|p2a: Milotic|Scald|p1a: Floette\n|-damage|p1a: Floette|44/100\n|-status|p1a: Floette|brn\n|\n|-heal|p2a: Milotic|98/100|[from] item: Leftovers\n|-damage|p1a: Floette|38/100 brn|[from] brn\n|upkeep\n|turn|11\n|c|\u2606BomboJames|how do you counter this shit\n|c|\u2606BomboJames|unbalanaced\n|\n|t:|1776276555\n|move|p1a: Floette|Protect|p1a: Floette\n|-singleturn|p1a: Floette|Protect\n|move|p2b: Liepard|Foul Play|p1a: Floette\n|-activate|p1a: Floette|move: Protect\n|move|p2a: Milotic|Life Dew|p2a: Milotic|[spread] p2a,p2b\n|-heal|p2a: Milotic|100/100\n|-heal|p2b: Liepard|37/100\n|\n|-damage|p1a: Floette|31/100 brn|[from] brn\n|upkeep\n|turn|12\n|c|\u2606GlaceusArcanine|Prevent it from being setup, or swap out earlier basically\n|\n|t:|1776276573\n|move|p1a: Floette|Protect||[still]\n|-fail|p1a: Floette\n|move|p2b: Liepard|Foul Play|p1a: Floette\n|-resisted|p1a: Floette|1\n|-damage|p1a: Floette|17/100 brn\n|move|p2a: Milotic|Scald|p1a: Floette\n|-damage|p1a: Floette|10/100 brn\n|\n|-damage|p1a: Floette|4/100 brn|[from] brn\n|-end|p1a: Floette|Encore\n|upkeep\n|turn|13\n|inactive|BomboJames has 30 seconds left.\n|inactive|BomboJames has 20 seconds left.\n|\n|t:|1776276612\n|move|p2b: Liepard|Copycat|p2b: Liepard\n|move|p2b: Liepard|Scald|p1a: Floette|[from] move: Copycat\n|-damage|p1a: Floette|0 fnt\n|faint|p1a: Floette\n|\n|win|GlaceusArcanine\n|raw|BomboJames's rating: 1066 &rarr; <strong>1043</strong><br />(-23 for losing)\n|raw|GlaceusArcanine's rating: 1010 &rarr; <strong>1055</strong><br />(+45 for winning)\n|l|\u2606BomboJames\n|player|p1|\n",
  "uploadtime": 1776276634,
  "views": 35,
  "formatid": "gen9championsvgc2026regma",
  "rating": 1043,
  "private": 0,
  "password": null
}