{
  "id": "gen9championsvgc2026regma-2581233897",
  "format": "[Gen 9 Champions] VGC 2026 Reg M-A",
  "players": [
    "jjjotto",
    "Am Your Conscience"
  ],
  "log": "|j|\u2606jjjotto\n|j|\u2606Am Your Conscience\n|t:|1775974110\n|gametype|doubles\n|player|p1|jjjotto|ghetsis|1000\n|player|p2|Am Your Conscience|n|1063\n|gen|9\n|tier|[Gen 9 Champions] VGC 2026 Reg M-A\n|rated|\n|rule|Species Clause: Limit one of each Pok\u00e9mon\n|rule|Item Clause: Limit 1 of each item\n|clearpoke\n|poke|p1|Armarouge, L50, F|\n|poke|p1|Raichu-Alola, L50, F|\n|poke|p1|Hippowdon, L50, F|\n|poke|p1|Excadrill, L50, F|\n|poke|p1|Garchomp, L50, F|\n|poke|p1|Tyranitar, L50, M|\n|poke|p2|Gliscor, L50, M|\n|poke|p2|Sneasler, L50, F|\n|poke|p2|Rotom-Wash, L50|\n|poke|p2|Dragapult, L50, M|\n|poke|p2|Aerodactyl, L50, F|\n|poke|p2|Maushold-Four, L50|\n|teampreview|4\n|\n|t:|1775974147\n|teamsize|p1|4\n|teamsize|p2|4\n|start\n|switch|p1a: Armarouge|Armarouge, L50, F|100/100\n|switch|p1b: Raichu|Raichu-Alola, L50, F|100/100\n|switch|p2a: Gliscor|Gliscor, L50, M|100/100\n|switch|p2b: Sneasler|Sneasler, L50, F|100/100\n|turn|1\n|\n|t:|1775974174\n|move|p1a: Armarouge|Protect|p1a: Armarouge\n|-singleturn|p1a: Armarouge|Protect\n|move|p2b: Sneasler|Fake Out|p1a: Armarouge\n|-activate|p1a: Armarouge|move: Protect\n|move|p1b: Raichu|Psychic Terrain|p1b: Raichu\n|-fieldstart|move: Psychic Terrain\n|move|p2a: Gliscor|Tailwind|p2a: Gliscor\n|-sidestart|p2: Am Your Conscience|move: Tailwind\n|\n|upkeep\n|turn|2\n|\n|t:|1775974196\n|move|p2b: Sneasler|Coaching|p2a: Gliscor\n|-boost|p2a: Gliscor|atk|1\n|-boost|p2a: Gliscor|def|1\n|move|p2a: Gliscor|Earthquake|p1a: Armarouge|[spread] p2b,p1a,p1b\n|-supereffective|p2b: Sneasler|1\n|-crit|p2b: Sneasler\n|-supereffective|p1a: Armarouge|1\n|-supereffective|p1b: Raichu|1\n|-enditem|p2b: Sneasler|Focus Sash\n|-damage|p2b: Sneasler|1/100\n|-damage|p1a: Armarouge|19/100\n|-damage|p1b: Raichu|0 fnt\n|-ability|p1a: Armarouge|Weak Armor|boost\n|-unboost|p1a: Armarouge|def|1\n|-boost|p1a: Armarouge|spe|2\n|faint|p1b: Raichu\n|move|p1a: Armarouge|Expanding Force|p2b: Sneasler|[spread] p2a,p2b\n|-supereffective|p2b: Sneasler|2\n|-damage|p2a: Gliscor|31/100\n|-damage|p2b: Sneasler|0 fnt\n|faint|p2b: Sneasler\n|\n|upkeep\n|\n|t:|1775974216\n|switch|p2b: Aerodactyl|Aerodactyl, L50, F|100/100\n|switch|p1b: Tyranitar|Tyranitar, L50, M|100/100\n|-ability|p2b: Aerodactyl|Unnerve\n|-weather|Sandstorm|[from] ability: Sand Stream|[of] p1b: Tyranitar\n|turn|3\n|\n|t:|1775974239\n|detailschange|p2b: Aerodactyl|Aerodactyl-Mega, L50, F\n|-mega|p2b: Aerodactyl|Aerodactyl|Aerodactylite\n|detailschange|p1b: Tyranitar|Tyranitar-Mega, L50, M\n|-mega|p1b: Tyranitar|Tyranitar|Tyranitarite\n|move|p2b: Aerodactyl|Rock Slide|p1a: Armarouge|[spread] p1a\n|-miss|p2b: Aerodactyl|p1b: Tyranitar\n|-supereffective|p1a: Armarouge|1\n|-damage|p1a: Armarouge|0 fnt\n|faint|p1a: Armarouge\n|move|p2a: Gliscor|Earthquake|p1b: Tyranitar|[spread] p1b\n|-immune|p2b: Aerodactyl\n|-supereffective|p1b: Tyranitar|1\n|-damage|p1b: Tyranitar|47/100\n|move|p1b: Tyranitar|Dragon Dance|p1b: Tyranitar\n|-boost|p1b: Tyranitar|atk|1\n|-boost|p1b: Tyranitar|spe|1\n|\n|-weather|Sandstorm|[upkeep]\n|upkeep\n|\n|t:|1775974254\n|switch|p1a: Garchomp|Garchomp, L50, F|100/100\n|turn|4\n|\n|t:|1775974268\n|move|p2b: Aerodactyl|Rock Slide|p1a: Garchomp|[spread] p1a,p1b\n|-resisted|p1a: Garchomp|1\n|-damage|p1a: Garchomp|84/100\n|-damage|p1b: Tyranitar|28/100\n|move|p2a: Gliscor|Earthquake|p1b: Tyranitar|[spread] p1b\n|-immune|p2b: Aerodactyl\n|-miss|p2a: Gliscor|p1a: Garchomp\n|-supereffective|p1b: Tyranitar|1\n|-damage|p1b: Tyranitar|0 fnt\n|faint|p1b: Tyranitar\n|move|p1a: Garchomp|Rock Slide|p2b: Aerodactyl|[spread] p2a,p2b\n|-supereffective|p2b: Aerodactyl|1\n|-damage|p2a: Gliscor|20/100\n|-damage|p2b: Aerodactyl|50/100\n|\n|-weather|Sandstorm|[upkeep]\n|-sideend|p2: Am Your Conscience|move: Tailwind\n|upkeep\n|turn|5\n|\n|t:|1775974282\n|move|p2b: Aerodactyl|Rock Slide|p1a: Garchomp|[miss]\n|-miss|p2b: Aerodactyl|p1a: Garchomp\n|move|p1a: Garchomp|Rock Slide|p2a: Gliscor|[spread] p2a,p2b\n|-supereffective|p2b: Aerodactyl|1\n|-damage|p2a: Gliscor|8/100\n|-damage|p2b: Aerodactyl|0 fnt\n|faint|p2b: Aerodactyl\n|move|p2a: Gliscor|Earthquake|p1a: Garchomp\n|-damage|p1a: Garchomp|29/100\n|\n|-weather|Sandstorm|[upkeep]\n|-fieldend|move: Psychic Terrain\n|upkeep\n|\n|t:|1775974293\n|switch|p2b: Rotom|Rotom-Wash, L50|100/100\n|turn|6\n|\n|t:|1775974304\n|move|p2a: Gliscor|Protect|p2a: Gliscor\n|-singleturn|p2a: Gliscor|Protect\n|move|p1a: Garchomp|Rock Slide|p2b: Rotom|[spread] p2b\n|-activate|p2a: Gliscor|move: Protect\n|-damage|p2b: Rotom|78/100\n|move|p2b: Rotom|Hydro Pump|p1a: Garchomp|[miss]\n|-miss|p2b: Rotom|p1a: Garchomp\n|\n|-weather|Sandstorm|[upkeep]\n|-damage|p2b: Rotom|72/100|[from] Sandstorm\n|-heal|p2b: Rotom|78/100|[from] item: Leftovers\n|upkeep\n|turn|7\n|\n|t:|1775974318\n|move|p1a: Garchomp|Rock Slide|p2a: Gliscor|[spread] p2b\n|-miss|p1a: Garchomp|p2a: Gliscor\n|-damage|p2b: Rotom|56/100\n|move|p2b: Rotom|Hydro Pump|p1a: Garchomp|[miss]\n|-miss|p2b: Rotom|p1a: Garchomp\n|move|p2a: Gliscor|Earthquake|p1a: Garchomp|[spread] p1a\n|-immune|p2b: Rotom|[from] ability: Levitate\n|-crit|p1a: Garchomp\n|-damage|p1a: Garchomp|0 fnt\n|faint|p1a: Garchomp\n|\n|win|Am Your Conscience\n|raw|jjjotto's rating: 1000 &rarr; <strong>1000</strong><br />(+0 for losing)\n|raw|Am Your Conscience's rating: 1063 &rarr; <strong>1088</strong><br />(+25 for winning)\n|l|\u2606jjjotto\n|player|p1|\n|c|\u2606Am Your Conscience|Gg\n",
  "uploadtime": 1775974334,
  "views": 16,
  "formatid": "gen9championsvgc2026regma",
  "rating": 1000,
  "private": 0,
  "password": null
}