{
  "id": "gen9championsvgc2026regma-2585313296",
  "format": "[Gen 9 Champions] VGC 2026 Reg M-A",
  "players": [
    "ilveroseby",
    "KennarDH"
  ],
  "log": "|j|\u2606ilveroseby\n|j|\u2606KennarDH\n|t:|1776336738\n|gametype|doubles\n|player|p1|ilveroseby|101|1254\n|player|p2|KennarDH|rocketgruntf|1196\n|gen|9\n|tier|[Gen 9 Champions] VGC 2026 Reg M-A\n|rated|\n|rule|Species Clause: Limit one of each Pok\u00e9mon\n|rule|Item Clause: Limit 1 of each item\n|clearpoke\n|poke|p1|Charizard, L50, M|\n|poke|p1|Garchomp, L50, F|\n|poke|p1|Sneasler, L50, F|\n|poke|p1|Rotom-Wash, L50|\n|poke|p1|Incineroar, L50, F|\n|poke|p1|Kingambit, L50, F|\n|poke|p2|Farigiraf, L50, M|\n|poke|p2|Blastoise, L50, F|\n|poke|p2|Camerupt, L50, F|\n|poke|p2|Crabominable, L50, F|\n|poke|p2|Alakazam, L50, M|\n|poke|p2|Sinistcha, L50|\n|teampreview|4\n|inactive|Battle timer is ON: inactive players will automatically lose when time's up. (requested by ilveroseby)\n|inactive|KennarDH has 60 seconds left.\nilveroseby rejected open team sheets.\n|\n|t:|1776336772\n|teamsize|p1|4\n|teamsize|p2|4\n|start\n|switch|p1a: Charizard|Charizard, L50, M, shiny|100/100\n|switch|p1b: Garchomp|Garchomp, L50, F|100/100\n|switch|p2a: Blastoise|Blastoise, L50, F|100/100\n|switch|p2b: Farigiraf|Farigiraf, L50, M|100/100\n|turn|1\n|\n|t:|1776336790\n|detailschange|p1a: Charizard|Charizard-Mega-Y, L50, M, shiny\n|-mega|p1a: Charizard|Charizard|Charizardite Y\n|-weather|SunnyDay|[from] ability: Drought|[of] p1a: Charizard\n|move|p2a: Blastoise|Fake Out|p1a: Charizard\n|-damage|p1a: Charizard|92/100\n|move|p1b: Garchomp|Earthquake|p2b: Farigiraf|[spread] p2a,p2b\n|-immune|p1a: Charizard\n|-damage|p2a: Blastoise|64/100\n|-damage|p2b: Farigiraf|63/100\n|cant|p1a: Charizard|flinch\n|move|p2b: Farigiraf|Trick Room|p2b: Farigiraf\n|-fieldstart|move: Trick Room|[of] p2b: Farigiraf\n|\n|-weather|SunnyDay|[upkeep]\n|-heal|p2a: Blastoise|70/100|[from] item: Leftovers\n|upkeep\n|turn|2\n|\n|t:|1776336814\n|switch|p1b: Rotom|Rotom-Wash, L50|100/100\n|move|p2b: Farigiraf|Twin Beam|p1a: Charizard\n|-damage|p1a: Charizard|78/100\n|-damage|p1a: Charizard|63/100\n|-hitcount|p1a: Charizard|2\n|move|p2a: Blastoise|Ice Beam|p1b: Rotom\n|-resisted|p1b: Rotom|1\n|-damage|p1b: Rotom|90/100\n|move|p1a: Charizard|Solar Beam||[still]\n|-prepare|p1a: Charizard|Solar Beam\n|-anim|p1a: Charizard|Solar Beam|p2a: Blastoise\n|-supereffective|p2a: Blastoise|1\n|-damage|p2a: Blastoise|0 fnt\n|faint|p2a: Blastoise\n|\n|-weather|SunnyDay|[upkeep]\n|-heal|p1b: Rotom|95/100|[from] item: Leftovers\n|upkeep\n|\n|t:|1776336829\n|switch|p2a: Camerupt|Camerupt, L50, F|100/100\n|turn|3\n|\n|t:|1776336850\n|detailschange|p2a: Camerupt|Camerupt-Mega, L50, F\n|-mega|p2a: Camerupt|Camerupt|Cameruptite\n|move|p1b: Rotom|Helping Hand|p1a: Charizard\n|-singleturn|p1a: Charizard|Helping Hand|[of] p1b: Rotom\n|move|p2a: Camerupt|Eruption|p1b: Rotom|[spread] p1a,p1b\n|-resisted|p1a: Charizard|1\n|-resisted|p1b: Rotom|1\n|-damage|p1a: Charizard|20/100\n|-damage|p1b: Rotom|48/100\n|move|p2b: Farigiraf|Hyper Voice|p1a: Charizard|[spread] p1a,p1b\n|-damage|p1a: Charizard|0 fnt\n|-damage|p1b: Rotom|25/100\n|faint|p1a: Charizard\n|\n|-weather|SunnyDay|[upkeep]\n|-heal|p1b: Rotom|30/100|[from] item: Leftovers\n|upkeep\n|\n|t:|1776336864\n|switch|p1a: Garchomp|Garchomp, L50, F|100/100\n|turn|4\n|\n|t:|1776336872\n|move|p1b: Rotom|Helping Hand|p1a: Garchomp\n|-singleturn|p1a: Garchomp|Helping Hand|[of] p1b: Rotom\n|move|p2a: Camerupt|Eruption|p1a: Garchomp|[spread] p1a,p1b\n|-resisted|p1a: Garchomp|1\n|-resisted|p1b: Rotom|1\n|-damage|p1a: Garchomp|47/100\n|-damage|p1b: Rotom|0 fnt\n|faint|p1b: Rotom\n|move|p2b: Farigiraf|Hyper Voice|p1a: Garchomp\n|-damage|p1a: Garchomp|11/100\n|move|p1a: Garchomp|Earthquake|p2a: Camerupt|[spread] p2a,p2b\n|-supereffective|p2a: Camerupt|1\n|-damage|p2a: Camerupt|0 fnt\n|-damage|p2b: Farigiraf|9/100\n|faint|p2a: Camerupt\n|\n|-weather|SunnyDay|[upkeep]\n|upkeep\n|\n|t:|1776336889\n|switch|p2a: Alakazam|Alakazam, L50, M|100/100\n|switch|p1b: Incineroar|Incineroar, L50, F|100/100\n|-ability|p1b: Incineroar|Intimidate|boost\n|-fail|p2a: Alakazam|unboost|Attack|[from] ability: Inner Focus|[of] p2a: Alakazam\n|-unboost|p2b: Farigiraf|atk|1\n|turn|5\n|\n|t:|1776336905\n|move|p2b: Farigiraf|Hyper Voice|p1a: Garchomp|[spread] p1a,p1b\n|-damage|p1a: Garchomp|0 fnt\n|-damage|p1b: Incineroar|74/100\n|faint|p1a: Garchomp\n|move|p1b: Incineroar|Throat Chop|p2a: Alakazam\n|-supereffective|p2a: Alakazam|1\n|-enditem|p2a: Alakazam|Focus Sash\n|-damage|p2a: Alakazam|1/100\n|-start|p2a: Alakazam|Throat Chop|[silent]\n|move|p2a: Alakazam|Dazzling Gleam|p1b: Incineroar\n|-damage|p1b: Incineroar|48/100\n|-enditem|p1b: Incineroar|Sitrus Berry|[eat]\n|-heal|p1b: Incineroar|72/100|[from] item: Sitrus Berry\n|\n|-weather|none\n|-fieldend|move: Trick Room\n|upkeep\n|turn|6\n|\n|t:|1776336928\n|move|p2a: Alakazam|Dazzling Gleam|p1b: Incineroar\n|-damage|p1b: Incineroar|46/100\n|move|p1b: Incineroar|Throat Chop|p2b: Farigiraf\n|-supereffective|p2b: Farigiraf|1\n|-damage|p2b: Farigiraf|0 fnt\n|faint|p2b: Farigiraf\n|\n|-end|p2a: Alakazam|Throat Chop|[silent]\n|upkeep\n|turn|7\n|\n|t:|1776336935\n|move|p2a: Alakazam|Dazzling Gleam|p1b: Incineroar\n|-damage|p1b: Incineroar|22/100\n|move|p1b: Incineroar|Throat Chop|p2a: Alakazam\n|-supereffective|p2a: Alakazam|1\n|-damage|p2a: Alakazam|0 fnt\n|faint|p2a: Alakazam\n|\n|win|ilveroseby\n|raw|ilveroseby's rating: 1254 &rarr; <strong>1275</strong><br />(+21 for winning)\n|raw|KennarDH's rating: 1196 &rarr; <strong>1175</strong><br />(-21 for losing)\n",
  "uploadtime": 1776336942,
  "views": 27,
  "formatid": "gen9championsvgc2026regma",
  "rating": 1175,
  "private": 0,
  "password": null
}