{
  "id": "gen9championsvgc2026regma-2586365542",
  "format": "[Gen 9 Champions] VGC 2026 Reg M-A",
  "players": [
    "DeStef2003",
    "ChronicNikos"
  ],
  "log": "|j|\u2606DeStef2003\n|j|\u2606ChronicNikos\n|t:|1776429157\n|gametype|doubles\n|player|p1|DeStef2003|miku-ghost|1399\n|player|p2|ChronicNikos|cynthia-gen4|1402\n|gen|9\n|tier|[Gen 9 Champions] VGC 2026 Reg M-A\n|rated|\n|rule|Species Clause: Limit one of each Pok\u00e9mon\n|rule|Item Clause: Limit 1 of each item\n|clearpoke\n|poke|p1|Froslass, L50, F|\n|poke|p1|Jolteon, L50, F|\n|poke|p1|Arcanine-Hisui, L50, M|\n|poke|p1|Sneasler, L50, F|\n|poke|p1|Garchomp, L50, M|\n|poke|p1|Hydreigon, L50, F|\n|poke|p2|Gengar, L50, F|\n|poke|p2|Incineroar, L50, M|\n|poke|p2|Politoed, L50, M|\n|poke|p2|Archaludon, L50, F|\n|poke|p2|Basculegion, L50, M|\n|poke|p2|Meganium, L50, M|\n|teampreview|4\nChronicNikos has agreed to open team sheets.\n|j| wskig\n|inactive|Battle timer is ON: inactive players will automatically lose when time's up. (requested by DeStef2003)\n|\n|t:|1776429227\n|teamsize|p1|4\n|teamsize|p2|4\n|start\n|switch|p1a: Sneasler|Sneasler, L50, F|100/100\n|switch|p1b: Hydreigon|Hydreigon, L50, F|100/100\n|switch|p2a: Due Process|Archaludon, L50, F|100/100\n|switch|p2b: I Burn|Incineroar, L50, M|100/100\n|-ability|p2b: I Burn|Intimidate|boost\n|-unboost|p1a: Sneasler|atk|1\n|-unboost|p1b: Hydreigon|atk|1\n|-enditem|p1a: Sneasler|White Herb\n|-clearnegativeboost|p1a: Sneasler|[silent]\n|turn|1\n|inactive|DeStef2003 has 30 seconds left.\n|inactive|DeStef2003 has 20 seconds left.\n|inactive|DeStef2003 has 15 seconds left.\n|inactive|DeStef2003 has 10 seconds left.\n|\n|t:|1776429274\n|switch|p1b: Froslass|Froslass, L50, F|100/100\n|move|p2b: I Burn|Fake Out|p1b: Froslass\n|-immune|p1b: Froslass\n|move|p1a: Sneasler|Close Combat|p2a: Due Process\n|-supereffective|p2a: Due Process|1\n|-enditem|p2a: Due Process|Chople Berry|[eat]\n|-enditem|p2a: Due Process|Chople Berry|[weaken]\n|-damage|p2a: Due Process|50/100\n|-unboost|p1a: Sneasler|def|1\n|-unboost|p1a: Sneasler|spd|1\n|-ability|p2a: Due Process|Stamina|boost\n|-boost|p2a: Due Process|def|1\n|move|p2a: Due Process|Draco Meteor|p1a: Sneasler\n|-crit|p1a: Sneasler\n|-damage|p1a: Sneasler|0 fnt\n|-unboost|p2a: Due Process|spa|2\n|faint|p1a: Sneasler\n|\n|upkeep\n|inactive|DeStef2003 has 30 seconds left.\n|inactive|DeStef2003 has 20 seconds left.\n|\n|t:|1776429310\n|switch|p1a: Hydreigon|Hydreigon, L50, F|100/100\n|turn|2\n|inactive|ChronicNikos has 30 seconds left.\n|\n|t:|1776429342\n|move|p1b: Froslass|Protect|p1b: Froslass\n|-singleturn|p1b: Froslass|Protect\n|move|p2a: Due Process|Protect|p2a: Due Process\n|-singleturn|p2a: Due Process|Protect\n|move|p1a: Hydreigon|Draco Meteor|p2b: I Burn\n|-damage|p2b: I Burn|47/100\n|-unboost|p1a: Hydreigon|spa|2\n|-enditem|p2b: I Burn|Sitrus Berry|[eat]\n|-heal|p2b: I Burn|71/100|[from] item: Sitrus Berry\n|move|p2b: I Burn|Parting Shot|p1a: Hydreigon\n|-unboost|p1a: Hydreigon|atk|1\n|-unboost|p1a: Hydreigon|spa|1\n|\n|t:|1776429354\n|switch|p2b: PetalBurst|Meganium, L50, M|100/100|[from] Parting Shot\n|\n|upkeep\n|turn|3\n|inactive|ChronicNikos has 30 seconds left.\n|\n|t:|1776429382\n|switch|p1a: Jolteon|Jolteon, L50, F|100/100\n|switch|p2a: I May Fall|Politoed, L50, M|100/100\n|-weather|RainDance|[from] ability: Drizzle|[of] p2a: I May Fall\n|detailschange|p1b: Froslass|Froslass-Mega, L50, F\n|-mega|p1b: Froslass|Froslass|Froslassite\n|-weather|Snowscape|[from] ability: Snow Warning|[of] p1b: Froslass\n|detailschange|p2b: PetalBurst|Meganium-Mega, L50, M\n|-mega|p2b: PetalBurst|Meganium|Meganiumite\n|move|p1b: Froslass|Blizzard|p2b: PetalBurst|[spread] p2a,p2b\n|-resisted|p2a: I May Fall|1\n|-supereffective|p2b: PetalBurst|1\n|-damage|p2a: I May Fall|85/100\n|-damage|p2b: PetalBurst|18/100\n|move|p2b: PetalBurst|Dazzling Gleam|p1a: Jolteon|[spread] p1a,p1b\n|-damage|p1a: Jolteon|57/100\n|-damage|p1b: Froslass|59/100\n|\n|-weather|Snowscape|[upkeep]\n|-heal|p2a: I May Fall|91/100|[from] item: Leftovers\n|upkeep\n|turn|4\n|\n|t:|1776429406\n|switch|p2a: I Burn|Incineroar, L50, M|71/100\n|-ability|p2a: I Burn|Intimidate|boost\n|-unboost|p1a: Jolteon|atk|1\n|-unboost|p1b: Froslass|atk|1\n|move|p2b: PetalBurst|Protect|p2b: PetalBurst\n|-singleturn|p2b: PetalBurst|Protect\n|move|p1a: Jolteon|Thunderbolt|p2a: I Burn\n|-damage|p2a: I Burn|38/100\n|move|p1b: Froslass|Blizzard|p2b: PetalBurst|[spread] p2a\n|-activate|p2b: PetalBurst|move: Protect\n|-resisted|p2a: I Burn|1\n|-damage|p2a: I Burn|19/100\n|\n|-weather|Snowscape|[upkeep]\n|upkeep\n|turn|5\n|inactive|DeStef2003 has 30 seconds left.\n|inactive|ChronicNikos has 30 seconds left.\n|\n|t:|1776429434\n|switch|p2b: I May Fall|Politoed, L50, M|91/100\n|-weather|RainDance|[from] ability: Drizzle|[of] p2b: I May Fall\n|move|p2a: I Burn|Fake Out|p1a: Jolteon\n|-damage|p1a: Jolteon|37/100\n|cant|p1a: Jolteon|flinch\n|move|p1b: Froslass|Shadow Ball|p2b: I May Fall\n|-damage|p2b: I May Fall|61/100\n|\n|-weather|RainDance|[upkeep]\n|-heal|p2b: I May Fall|67/100|[from] item: Leftovers\n|upkeep\n|turn|6\n|inactive|ChronicNikos has 30 seconds left.\n|inactive|ChronicNikos has 20 seconds left.\n|inactive|ChronicNikos has 15 seconds left.\n|\n|t:|1776429475\n|switch|p1b: Hydreigon|Hydreigon, L50, F|100/100\n|move|p2b: I May Fall|Protect|p2b: I May Fall\n|-singleturn|p2b: I May Fall|Protect\n|move|p1a: Jolteon|Thunderbolt|p2b: I May Fall\n|-activate|p2b: I May Fall|move: Protect\n|move|p2a: I Burn|Parting Shot|p1b: Hydreigon\n|-unboost|p1b: Hydreigon|atk|1\n|-unboost|p1b: Hydreigon|spa|1\n|\n|t:|1776429484\n|switch|p2a: Due Process|Archaludon, L50, F|50/100|[from] Parting Shot\n|\n|-weather|RainDance|[upkeep]\n|-heal|p2b: I May Fall|73/100|[from] item: Leftovers\n|upkeep\n|turn|7\n|inactive|ChronicNikos has 30 seconds left.\n|inactive|ChronicNikos has 20 seconds left.\n|\n|t:|1776429520\n|switch|p2b: PetalBurst|Meganium-Mega, L50, M|18/100\n|move|p1a: Jolteon|Thunderbolt|p2b: PetalBurst\n|-resisted|p2b: PetalBurst|1\n|-damage|p2b: PetalBurst|0 fnt\n|faint|p2b: PetalBurst\n|move|p1b: Hydreigon|Draco Meteor|p2a: Due Process\n|-damage|p2a: Due Process|0 fnt\n|-unboost|p1b: Hydreigon|spa|2\n|faint|p2a: Due Process\n|\n|-weather|RainDance|[upkeep]\n|upkeep\n|-message|ChronicNikos forfeited.\n|\n|win|DeStef2003\n|raw|DeStef2003's rating: 1399 &rarr; <strong>1419</strong><br />(+20 for winning)\n|raw|ChronicNikos's rating: 1402 &rarr; <strong>1382</strong><br />(-20 for losing)\n|c|\u2606DeStef2003|ggs\n|c|\u2606ChronicNikos|ggs\n",
  "uploadtime": 1776429540,
  "views": 49,
  "formatid": "gen9championsvgc2026regma",
  "rating": 1382,
  "private": 0,
  "password": null
}