{
  "id": "gen9championsvgc2026regma-2586572332",
  "format": "[Gen 9 Champions] VGC 2026 Reg M-A",
  "players": [
    "champion uraven",
    "heroplayer2026"
  ],
  "log": "|j|\u2606champion uraven\n|j|\u2606heroplayer2026\n|t:|1776443960\n|gametype|doubles\n|player|p1|champion uraven|benga|1145\n|player|p2|heroplayer2026|fisherman-gen4|1207\n|gen|9\n|tier|[Gen 9 Champions] VGC 2026 Reg M-A\n|rated|\n|rule|Species Clause: Limit one of each Pok\u00e9mon\n|rule|Item Clause: Limit 1 of each item\n|clearpoke\n|poke|p1|Tyranitar, L50, M|\n|poke|p1|Sneasler, L50, M|\n|poke|p1|Basculegion, L50, M|\n|poke|p1|Garchomp, L50, M|\n|poke|p1|Incineroar, L50, F|\n|poke|p1|Excadrill, L50, M|\n|poke|p2|Slowbro, L50, M|\n|poke|p2|Garganacl, L50, F|\n|poke|p2|Umbreon, L50, M|\n|poke|p2|Cofagrigus, L50, F|\n|poke|p2|Garchomp, L50, F|\n|poke|p2|Blastoise, L50, M|\n|teampreview|4\nchampion uraven rejected open team sheets.\n|n|\u2606heroplayer2026|heroplayer2026\n|\n|t:|1776443986\n|teamsize|p1|4\n|teamsize|p2|4\n|start\n|switch|p1a: Garchomp|Garchomp, L50, M|100/100\n|switch|p1b: Basculegion|Basculegion, L50, M|100/100\n|switch|p2a: Cofagrigus|Cofagrigus, L50, F|100/100\n|switch|p2b: Umbreon|Umbreon, L50, M|100/100\n|turn|1\n|inactive|Battle timer is ON: inactive players will automatically lose when time's up. (requested by heroplayer2026)\n|\n|t:|1776444017\n|move|p1b: Basculegion|Wave Crash|p2b: Umbreon\n|-damage|p2b: Umbreon|52/100\n|-damage|p1b: Basculegion|84/100|[from] Recoil\n|move|p1a: Garchomp|Earthquake|p2a: Cofagrigus|[spread] p1b,p2a,p2b\n|-damage|p1b: Basculegion|34/100\n|-damage|p2a: Cofagrigus|70/100\n|-damage|p2b: Umbreon|30/100\n|move|p2b: Umbreon|Foul Play|p1b: Basculegion\n|-supereffective|p1b: Basculegion|1\n|-damage|p1b: Basculegion|0 fnt\n|faint|p1b: Basculegion\n|move|p2a: Cofagrigus|Trick Room|p2a: Cofagrigus\n|-fieldstart|move: Trick Room|[of] p2a: Cofagrigus\n|\n|upkeep\n|\n|t:|1776444035\n|switch|p1b: Excadrill|Excadrill, L50, M|100/100\n|turn|2\n|inactive|heroplayer2026 has 30 seconds left.\n|\n|t:|1776444060\n|switch|p2b: Blastoise|Blastoise, L50, M|100/100\n|move|p1b: Excadrill|Protect|p1b: Excadrill\n|-singleturn|p1b: Excadrill|Protect\n|move|p2a: Cofagrigus|Will-O-Wisp|p1a: Garchomp\n|-status|p1a: Garchomp|brn\n|move|p1a: Garchomp|Earthquake|p2a: Cofagrigus|[spread] p2a,p2b\n|-activate|p1b: Excadrill|move: Protect\n|-damage|p2a: Cofagrigus|54/100\n|-damage|p2b: Blastoise|83/100\n|\n|-damage|p1a: Garchomp|95/100 brn|[from] brn\n|upkeep\n|turn|3\n|inactive|champion uraven has 30 seconds left.\n|inactive|champion uraven has 20 seconds left.\n|inactive|champion uraven has 15 seconds left.\n|inactive|champion uraven has 10 seconds left.\n|\n|t:|1776444107\n|move|p2b: Blastoise|Fake Out|p1a: Garchomp\n|-damage|p1a: Garchomp|87/100 brn\n|move|p2a: Cofagrigus|Will-O-Wisp|p1b: Excadrill\n|-status|p1b: Excadrill|brn\n|move|p1b: Excadrill|High Horsepower|p2a: Cofagrigus\n|-damage|p2a: Cofagrigus|34/100\n|-activate|p2a: Cofagrigus|ability: Mummy|p1b: Excadrill|[ability] Sand Rush\n|cant|p1a: Garchomp|flinch\n|\n|-damage|p1b: Excadrill|95/100 brn|[from] brn\n|-damage|p1a: Garchomp|81/100 brn|[from] brn\n|upkeep\n|turn|4\n|inactive|champion uraven has 30 seconds left.\n|inactive|champion uraven has 20 seconds left.\n|inactive|champion uraven has 15 seconds left.\n|\n|t:|1776444151\n|move|p2a: Cofagrigus|Shadow Ball|p1a: Garchomp\n|-damage|p1a: Garchomp|50/100 brn\n|move|p2b: Blastoise|Iron Defense|p2b: Blastoise\n|-boost|p2b: Blastoise|def|2\n|move|p1b: Excadrill|High Horsepower|p2a: Cofagrigus\n|-damage|p2a: Cofagrigus|13/100\n|move|p1a: Garchomp|Dragon Claw|p2a: Cofagrigus\n|-damage|p2a: Cofagrigus|0 fnt\n|-activate|p2a: Cofagrigus|ability: Mummy|p1a: Garchomp|[ability] Sand Veil\n|faint|p2a: Cofagrigus\n|\n|-damage|p1b: Excadrill|89/100 brn|[from] brn\n|-damage|p1a: Garchomp|44/100 brn|[from] brn\n|upkeep\n|\n|t:|1776444166\n|switch|p2a: Umbreon|Umbreon, L50, M|30/100\n|turn|5\n|-message|champion uraven forfeited.\n|\n|win|heroplayer2026\n|raw|champion uraven's rating: 1145 &rarr; <strong>1124</strong><br />(-21 for losing)\n|raw|heroplayer2026's rating: 1207 &rarr; <strong>1228</strong><br />(+21 for winning)\n|l|\u2606champion uraven\n|player|p1|\n",
  "uploadtime": 1776444175,
  "views": 30,
  "formatid": "gen9championsvgc2026regma",
  "rating": 1124,
  "private": 0,
  "password": null
}