{
  "id": "gen9championsvgc2026regma-2581827884",
  "format": "[Gen 9 Champions] VGC 2026 Reg M-A",
  "players": [
    "ArmoryOfSkarmory",
    "Dumbeast"
  ],
  "log": "|j|\u2606ArmoryOfSkarmory\n|j|\u2606Dumbeast\n|t:|1776031690\n|gametype|doubles\n|player|p1|ArmoryOfSkarmory|1|1161\n|player|p2|Dumbeast|chuck|1083\n|gen|9\n|tier|[Gen 9 Champions] VGC 2026 Reg M-A\n|rated|\n|rule|Species Clause: Limit one of each Pok\u00e9mon\n|rule|Item Clause: Limit 1 of each item\n|clearpoke\n|poke|p1|Sableye, L50, F|\n|poke|p1|Garchomp, L50, M|\n|poke|p1|Aerodactyl, L50, M|\n|poke|p1|Rotom-Wash, L50|\n|poke|p1|Zoroark-Hisui, L50, F|\n|poke|p1|Delphox, L50, F|\n|poke|p2|Aggron, L50, F|\n|poke|p2|Sinistcha, L50|\n|poke|p2|Primarina, L50, M|\n|poke|p2|Incineroar, L50, M|\n|poke|p2|Tyranitar, L50, M|\n|poke|p2|Hydreigon, L50, F|\n|teampreview|4\n|\n|t:|1776031733\n|teamsize|p1|4\n|teamsize|p2|4\n|start\n|switch|p1a: Sableye|Sableye, L50, F|100/100\n|switch|p1b: Aerodactyl|Aerodactyl, L50, M|100/100\n|switch|p2a: Villain arc|Incineroar, L50, M|100/100\n|switch|p2b: Beach episode|Primarina, L50, M|100/100\n|-ability|p2a: Villain arc|Intimidate|boost\n|-unboost|p1a: Sableye|atk|1\n|-unboost|p1b: Aerodactyl|atk|1\n|turn|1\n|\n|t:|1776031752\n|move|p2a: Villain arc|Fake Out|p1b: Aerodactyl\n|-immune|p1b: Aerodactyl\n|move|p1b: Aerodactyl|Nasty Plot|p1b: Aerodactyl\n|-boost|p1b: Aerodactyl|spa|2\n|move|p2b: Beach episode|Light Screen|p2b: Beach episode\n|-sidestart|p2: Dumbeast|move: Light Screen\n|move|p1a: Sableye|Foul Play|p2a: Villain arc\n|-resisted|p2a: Villain arc|1\n|-crit|p2a: Villain arc\n|-damage|p2a: Villain arc|63/100\n|\n|upkeep\n|turn|2\n|\n|t:|1776031775\n|move|p1a: Sableye|Taunt|p2b: Beach episode\n|-start|p2b: Beach episode|move: Taunt\n|move|p1b: Aerodactyl|Hyper Voice|p2b: Beach episode|[spread] p2a,p2b\n|-damage|p2a: Villain arc|2/100\n|-damage|p2b: Beach episode|45/100\n|move|p2a: Villain arc|Parting Shot|p1b: Aerodactyl\n|-unboost|p1b: Aerodactyl|atk|1\n|-unboost|p1b: Aerodactyl|spa|1\n|\n|t:|1776031786\n|switch|p2a: Favorite :)|Aggron, L50, F|100/100|[from] Parting Shot\n|move|p2b: Beach episode|Moonblast|p1a: Sableye\n|-supereffective|p1a: Sableye|1\n|-enditem|p1a: Sableye|Roseli Berry|[eat]\n|-enditem|p1a: Sableye|Roseli Berry|[weaken]\n|-damage|p1a: Sableye|46/100\n|\n|upkeep\n|turn|3\n|\n|t:|1776031802\n|detailschange|p2a: Favorite :)|Aggron-Mega, L50, F\n|-mega|p2a: Favorite :)|Aggron|Aggronite\n|move|p1a: Sableye|Will-O-Wisp|p2a: Favorite :)\n|-status|p2a: Favorite :)|brn\n|move|p1b: Aerodactyl|Flamethrower|p2a: Favorite :)\n|-supereffective|p2a: Favorite :)|1\n|-damage|p2a: Favorite :)|62/100 brn\n|move|p2b: Beach episode|Hyper Voice|p1a: Sableye|[spread] p1a,p1b\n|-damage|p1a: Sableye|0 fnt\n|-damage|p1b: Aerodactyl|16/100\n|replace|p1b: Zoroark|Zoroark-Hisui, L50, F\n|-end|p1b: Zoroark|Illusion\n|faint|p1a: Sableye\n|move|p2a: Favorite :)|Iron Head|p1b: Zoroark\n|-damage|p1b: Zoroark|0 fnt\n|faint|p1b: Zoroark\n|\n|-damage|p2a: Favorite :)|55/100 brn|[from] brn\n|upkeep\n|\n|t:|1776031817\n|switch|p1b: Garchomp|Garchomp, L50, M|100/100\n|switch|p1a: Aerodactyl|Aerodactyl, L50, M|100/100\n|-ability|p1a: Aerodactyl|Unnerve\n|turn|4\n|inactive|Battle timer is ON: inactive players will automatically lose when time's up. (requested by ArmoryOfSkarmory)\n|c|\u2606Dumbeast|Ooohhh I was wondering why fake out didn't work lol\n|\n|t:|1776031851\n|switch|p2b: Hydreigon|Hydreigon, L50, F|100/100\n|move|p1a: Aerodactyl|Tailwind|p1a: Aerodactyl\n|-sidestart|p1: ArmoryOfSkarmory|move: Tailwind\n|move|p1b: Garchomp|Earthquake|p2a: Favorite :)|[spread] p2a\n|-immune|p1a: Aerodactyl\n|-immune|p2b: Hydreigon|[from] ability: Levitate\n|-supereffective|p2a: Favorite :)|1\n|-damage|p2a: Favorite :)|19/100 brn\n|move|p2a: Favorite :)|Iron Head|p1a: Aerodactyl\n|-supereffective|p1a: Aerodactyl|1\n|-damage|p1a: Aerodactyl|43/100\n|\n|-damage|p2a: Favorite :)|13/100 brn|[from] brn\n|upkeep\n|turn|5\n|\n|t:|1776031878\n|switch|p2a: Villain arc|Incineroar, L50, M|2/100\n|-ability|p2a: Villain arc|Intimidate|boost\n|-unboost|p1a: Aerodactyl|atk|1\n|-unboost|p1b: Garchomp|atk|1\n|move|p1a: Aerodactyl|Dual Wingbeat|p2b: Hydreigon\n|-damage|p2b: Hydreigon|89/100\n|-damage|p2b: Hydreigon|78/100\n|-hitcount|p2b: Hydreigon|2\n|move|p1b: Garchomp|Dragon Claw|p2b: Hydreigon\n|-supereffective|p2b: Hydreigon|1\n|-damage|p2b: Hydreigon|27/100\n|move|p2b: Hydreigon|Tailwind|p2b: Hydreigon\n|-sidestart|p2: Dumbeast|move: Tailwind\n|\n|-sideend|p2: Dumbeast|move: Light Screen\n|upkeep\n|turn|6\n|\n|t:|1776031900\n|move|p1b: Garchomp|Protect|p1b: Garchomp\n|-singleturn|p1b: Garchomp|Protect\n|move|p2a: Villain arc|Fake Out|p1b: Garchomp\n|-activate|p1b: Garchomp|move: Protect\n|move|p1a: Aerodactyl|Rock Slide|p2a: Villain arc|[spread] p2a\n|-miss|p1a: Aerodactyl|p2b: Hydreigon\n|-supereffective|p2a: Villain arc|1\n|-damage|p2a: Villain arc|0 fnt\n|faint|p2a: Villain arc\n|move|p2b: Hydreigon|Dragon Pulse|p1b: Garchomp\n|-activate|p1b: Garchomp|move: Protect\n|\n|upkeep\n|\n|t:|1776031914\n|switch|p2a: Beach episode|Primarina, L50, M|45/100\n|turn|7\n|\n|t:|1776031927\n|move|p2b: Hydreigon|Protect|p2b: Hydreigon\n|-singleturn|p2b: Hydreigon|Protect\n|move|p2a: Beach episode|Protect|p2a: Beach episode\n|-singleturn|p2a: Beach episode|Protect\n|move|p1a: Aerodactyl|Rock Slide|p2b: Hydreigon|[spread] \n|-activate|p2a: Beach episode|move: Protect\n|-activate|p2b: Hydreigon|move: Protect\n|move|p1b: Garchomp|Earthquake|p2b: Hydreigon|[spread] \n|-activate|p2a: Beach episode|move: Protect\n|-activate|p2b: Hydreigon|move: Protect\n|-immune|p1a: Aerodactyl\n|\n|-sideend|p1: ArmoryOfSkarmory|move: Tailwind\n|upkeep\n|turn|8\n|\n|t:|1776031948\n|move|p1a: Aerodactyl|Protect|p1a: Aerodactyl\n|-singleturn|p1a: Aerodactyl|Protect\n|move|p1b: Garchomp|Protect|p1b: Garchomp\n|-singleturn|p1b: Garchomp|Protect\n|move|p2b: Hydreigon|Dragon Pulse|p1b: Garchomp\n|-activate|p1b: Garchomp|move: Protect\n|move|p2a: Beach episode|Hyper Voice|p1b: Garchomp|[spread] \n|-activate|p1a: Aerodactyl|move: Protect\n|-activate|p1b: Garchomp|move: Protect\n|\n|-sideend|p2: Dumbeast|move: Tailwind\n|upkeep\n|turn|9\n|inactive|ArmoryOfSkarmory has 30 seconds left.\n|inactive|ArmoryOfSkarmory has 20 seconds left.\n|inactive|ArmoryOfSkarmory has 15 seconds left.\n|\n|t:|1776031991\n|move|p1a: Aerodactyl|Tailwind|p1a: Aerodactyl\n|-sidestart|p1: ArmoryOfSkarmory|move: Tailwind\n|move|p1b: Garchomp|Dragon Claw|p2b: Hydreigon\n|-supereffective|p2b: Hydreigon|1\n|-damage|p2b: Hydreigon|0 fnt\n|faint|p2b: Hydreigon\n|move|p2a: Beach episode|Moonblast|p1b: Garchomp\n|-supereffective|p1b: Garchomp|1\n|-damage|p1b: Garchomp|0 fnt\n|faint|p1b: Garchomp\n|\n|upkeep\n|\n|t:|1776032002\n|switch|p2b: Favorite :)|Aggron-Mega, L50, F|13/100 brn\n|turn|10\n|\n|t:|1776032014\n|move|p1a: Aerodactyl|Protect|p1a: Aerodactyl\n|-singleturn|p1a: Aerodactyl|Protect\n|move|p2a: Beach episode|Moonblast|p1a: Aerodactyl\n|-activate|p1a: Aerodactyl|move: Protect\n|move|p2b: Favorite :)|Iron Head|p1a: Aerodactyl\n|-activate|p1a: Aerodactyl|move: Protect\n|\n|-damage|p2b: Favorite :)|7/100 brn|[from] brn\n|upkeep\n|turn|11\n|c|\u2606Dumbeast|Gg\n|\n|t:|1776032034\n|move|p1a: Aerodactyl|Protect|p1a: Aerodactyl\n|-singleturn|p1a: Aerodactyl|Protect\n|move|p2a: Beach episode|Moonblast|p1a: Aerodactyl\n|-activate|p1a: Aerodactyl|move: Protect\n|move|p2b: Favorite :)|Iron Head|p1a: Aerodactyl\n|-activate|p1a: Aerodactyl|move: Protect\n|\n|-damage|p2b: Favorite :)|0 fnt|[from] brn\n|faint|p2b: Favorite :)\n|upkeep\n|turn|12\n|c|\u2606Dumbeast|NO WAY\n|\n|t:|1776032055\n|move|p1a: Aerodactyl|Rock Slide|p2a: Beach episode\n|-damage|p2a: Beach episode|18/100\n|cant|p2a: Beach episode|flinch\n|\n|-sideend|p1: ArmoryOfSkarmory|move: Tailwind\n|upkeep\n|turn|13\n|c|\u2606ArmoryOfSkarmory|Sorry lol\n|c|\u2606ArmoryOfSkarmory|I needed every hax to win\n|c|\u2606ArmoryOfSkarmory|and I got it undeservedly\n|c|\u2606Dumbeast|That's alright, pokemon is pokemon\n|inactive|ArmoryOfSkarmory has 30 seconds left.\n|inactive|Dumbeast has 30 seconds left.\n|\n|t:|1776032083\n|move|p1a: Aerodactyl|Dual Wingbeat|p2a: Beach episode\n|-damage|p2a: Beach episode|4/100\n|-damage|p2a: Beach episode|0 fnt\n|faint|p2a: Beach episode\n|-hitcount|p2: Beach episode|2\n|\n|win|ArmoryOfSkarmory\n|raw|ArmoryOfSkarmory's rating: 1161 &rarr; <strong>1180</strong><br />(+19 for winning)\n|raw|Dumbeast's rating: 1083 &rarr; <strong>1066</strong><br />(-17 for losing)\n|c|\u2606Dumbeast|Well played tho\n|c|\u2606ArmoryOfSkarmory|GGs homie\n",
  "uploadtime": 1776032101,
  "views": 29,
  "formatid": "gen9championsvgc2026regma",
  "rating": 1066,
  "private": 0,
  "password": null
}