{
  "id": "gen9championsvgc2026regma-2583636187",
  "format": "[Gen 9 Champions] VGC 2026 Reg M-A",
  "players": [
    "tsvcx",
    "Frostflame54321"
  ],
  "log": "|j|\u2606tsvcx\n|j|\u2606Frostflame54321\n|t:|1776187929\n|gametype|doubles\n|player|p1|tsvcx|102|1107\n|player|p2|Frostflame54321|iris-gen5bw2|1207\n|gen|9\n|tier|[Gen 9 Champions] VGC 2026 Reg M-A\n|rated|\n|rule|Species Clause: Limit one of each Pok\u00e9mon\n|rule|Item Clause: Limit 1 of each item\n|clearpoke\n|poke|p1|Delphox, L50, F|\n|poke|p1|Aerodactyl, L50, M|\n|poke|p1|Garchomp, L50, F|\n|poke|p1|Sneasler, L50, M|\n|poke|p1|Rotom-Wash, L50|\n|poke|p1|Whimsicott, L50, M|\n|poke|p2|Excadrill, L50, F|\n|poke|p2|Typhlosion-Hisui, L50, F|\n|poke|p2|Whimsicott, L50, F|\n|poke|p2|Torkoal, L50, M|\n|poke|p2|Farigiraf, L50, F|\n|poke|p2|Tyranitar, L50, M|\n|teampreview|4\n|inactive|Battle timer is ON: inactive players will automatically lose when time's up. (requested by Frostflame54321)\n|j| cyusontheinternet\n|inactive|tsvcx has 60 seconds left.\n|l| cyusontheinternet\n|\n|t:|1776187974\n|teamsize|p1|4\n|teamsize|p2|4\n|start\n|switch|p1a: Sneasler|Sneasler, L50, M|100/100\n|switch|p1b: Whimsicott|Whimsicott, L50, M|100/100\n|switch|p2a: Farigiraf|Farigiraf, L50, F|100/100\n|switch|p2b: Tyranitar|Tyranitar, L50, M|100/100\n|-weather|Sandstorm|[from] ability: Sand Stream|[of] p2b: Tyranitar\n|turn|1\n|\n|t:|1776187986\n|move|p2b: Tyranitar|Protect|p2b: Tyranitar\n|-singleturn|p2b: Tyranitar|Protect\n|move|p1a: Sneasler|Close Combat|p2b: Tyranitar\n|-activate|p2b: Tyranitar|move: Protect\n|move|p1b: Whimsicott|Trick Room|p1b: Whimsicott\n|-fieldstart|move: Trick Room|[of] p1b: Whimsicott\n|move|p2a: Farigiraf|Trick Room|p2a: Farigiraf\n|-fieldend|move: Trick Room\n|\n|-weather|Sandstorm|[upkeep]\n|-damage|p1b: Whimsicott|95/100|[from] Sandstorm\n|-damage|p1a: Sneasler|95/100|[from] Sandstorm\n|-damage|p2a: Farigiraf|94/100|[from] Sandstorm\n|upkeep\n|turn|2\n|inactive|Frostflame54321 has 30 seconds left.\n|\n|t:|1776188011\n|switch|p2b: Torkoal|Torkoal, L50, M|100/100\n|-weather|SunnyDay|[from] ability: Drought|[of] p2b: Torkoal\n|move|p1b: Whimsicott|Tailwind|p1b: Whimsicott\n|-sidestart|p1: tsvcx|move: Tailwind\n|move|p1a: Sneasler|Close Combat|p2b: Torkoal\n|-damage|p2b: Torkoal|41/100\n|-unboost|p1a: Sneasler|def|1\n|-unboost|p1a: Sneasler|spd|1\n|-enditem|p1a: Sneasler|White Herb\n|-clearnegativeboost|p1a: Sneasler|[silent]\n|move|p2a: Farigiraf|Psychic|p1a: Sneasler\n|-supereffective|p1a: Sneasler|2\n|-damage|p1a: Sneasler|0 fnt\n|faint|p1a: Sneasler\n|\n|-weather|SunnyDay|[upkeep]\n|upkeep\n|\n|t:|1776188028\n|switch|p1a: Delphox|Delphox, L50, F|100/100\n|turn|3\n|\n|t:|1776188041\n|detailschange|p1a: Delphox|Delphox-Mega, L50, F\n|-mega|p1a: Delphox|Delphox|Delphoxite\n|move|p2b: Torkoal|Helping Hand|p2a: Farigiraf\n|-singleturn|p2a: Farigiraf|Helping Hand|[of] p2b: Torkoal\n|move|p1b: Whimsicott|Encore||[still]\n|cant|p2a: Farigiraf|ability: Armor Tail|Encore|[of] p1b: Whimsicott\n|move|p1a: Delphox|Heat Wave|p2b: Torkoal|[spread] p2a,p2b\n|-resisted|p2b: Torkoal|1\n|-damage|p2a: Farigiraf|24/100\n|-damage|p2b: Torkoal|6/100\n|move|p2a: Farigiraf|Foul Play|p1a: Delphox\n|-supereffective|p1a: Delphox|1\n|-damage|p1a: Delphox|37/100\n|\n|-weather|SunnyDay|[upkeep]\n|upkeep\n|turn|4\n|\n|t:|1776188066\n|switch|p1b: Garchomp|Garchomp, L50, F|100/100\n|switch|p2b: Tyranitar|Tyranitar, L50, M|100/100\n|-weather|Sandstorm|[from] ability: Sand Stream|[of] p2b: Tyranitar\n|move|p1a: Delphox|Heat Wave|p2b: Tyranitar|[spread] p2a,p2b\n|-resisted|p2b: Tyranitar|1\n|-damage|p2a: Farigiraf|0 fnt\n|-damage|p2b: Tyranitar|87/100\n|-status|p2b: Tyranitar|brn\n|faint|p2a: Farigiraf\n|\n|-weather|Sandstorm|[upkeep]\n|-damage|p1a: Delphox|31/100|[from] Sandstorm\n|-damage|p2b: Tyranitar|81/100 brn|[from] brn\n|upkeep\n|\n|t:|1776188075\n|switch|p2a: Typhlosion|Typhlosion-Hisui, L50, F|100/100\n|-item|p1a: Delphox|Delphoxite|[from] ability: Frisk|[of] p2a: Typhlosion\n|-item|p1b: Garchomp|Choice Scarf|[from] ability: Frisk|[of] p2a: Typhlosion\n|turn|5\n|\n|t:|1776188106\n|switch|p1a: Whimsicott|Whimsicott, L50, M|95/100\n|switch|p2a: Torkoal|Torkoal, L50, M|6/100\n|-weather|SunnyDay|[from] ability: Drought|[of] p2a: Torkoal\n|detailschange|p2b: Tyranitar|Tyranitar-Mega, L50, M\n|-mega|p2b: Tyranitar|Tyranitar|Tyranitarite\n|-weather|Sandstorm|[from] ability: Sand Stream|[of] p2b: Tyranitar\n|move|p1b: Garchomp|Earthquake|p2a: Torkoal|[spread] p1a,p2a,p2b\n|-resisted|p1a: Whimsicott|1\n|-supereffective|p2a: Torkoal|1\n|-supereffective|p2b: Tyranitar|1\n|-damage|p1a: Whimsicott|73/100\n|-damage|p2a: Torkoal|0 fnt\n|-damage|p2b: Tyranitar|26/100 brn\n|faint|p2a: Torkoal\n|move|p2b: Tyranitar|Ice Punch|p1b: Garchomp\n|-supereffective|p1b: Garchomp|2\n|-damage|p1b: Garchomp|37/100\n|-damage|p2b: Tyranitar|14/100 brn|[from] ability: Rough Skin|[of] p1b: Garchomp\n|\n|-weather|Sandstorm|[upkeep]\n|-damage|p1a: Whimsicott|67/100|[from] Sandstorm\n|-damage|p2b: Tyranitar|8/100 brn|[from] brn\n|-sideend|p1: tsvcx|move: Tailwind\n|upkeep\n|\n|t:|1776188120\n|switch|p2a: Typhlosion|Typhlosion-Hisui, L50, F|100/100\n|-item|p1a: Whimsicott|Mental Herb|[from] ability: Frisk|[of] p2a: Typhlosion\n|-item|p1b: Garchomp|Choice Scarf|[from] ability: Frisk|[of] p2a: Typhlosion\n|turn|6\n|\n|t:|1776188133\n|move|p1a: Whimsicott|Sunny Day|p1a: Whimsicott\n|-weather|SunnyDay\n|move|p1b: Garchomp|Earthquake|p2b: Tyranitar|[spread] p1a,p2a,p2b\n|-resisted|p1a: Whimsicott|1\n|-supereffective|p2a: Typhlosion|1\n|-supereffective|p2b: Tyranitar|1\n|-damage|p1a: Whimsicott|45/100\n|-damage|p2a: Typhlosion|0 fnt\n|-damage|p2b: Tyranitar|0 fnt\n|faint|p2a: Typhlosion\n|faint|p2b: Tyranitar\n|\n|win|tsvcx\n|raw|tsvcx's rating: 1107 &rarr; <strong>1139</strong><br />(+32 for winning)\n|raw|Frostflame54321's rating: 1207 &rarr; <strong>1175</strong><br />(-32 for losing)\n|l|\u2606Frostflame54321\n|player|p2|\n",
  "uploadtime": 1776188140,
  "views": 18,
  "formatid": "gen9championsvgc2026regma",
  "rating": 1139,
  "private": 0,
  "password": null
}