{
  "id": "gen9championsvgc2026regma-2582070647",
  "format": "[Gen 9 Champions] VGC 2026 Reg M-A",
  "players": [
    "natewing",
    "Zhm/r"
  ],
  "log": "|j|\u2606natewing\n|j|\u2606Zhm/r\n|t:|1776054253\n|gametype|doubles\n|player|p1|natewing|170|1119\n|player|p2|Zhm/r|clown|1064\n|gen|9\n|tier|[Gen 9 Champions] VGC 2026 Reg M-A\n|rated|\n|rule|Species Clause: Limit one of each Pok\u00e9mon\n|rule|Item Clause: Limit 1 of each item\n|clearpoke\n|poke|p1|Aerodactyl, L50, F|\n|poke|p1|Kingambit, L50, M|\n|poke|p1|Incineroar, L50, F|\n|poke|p1|Tyranitar, L50, M|\n|poke|p1|Sneasler, L50, M|\n|poke|p1|Sinistcha, L50|\n|poke|p2|Aggron, L50, F|\n|poke|p2|Slowbro, L50, F|\n|poke|p2|Incineroar, L50, M|\n|poke|p2|Sinistcha, L50|\n|poke|p2|Garchomp, L50, M|\n|poke|p2|Tyranitar, L50, F|\n|teampreview|4\n|\n|t:|1776054292\n|teamsize|p1|4\n|teamsize|p2|4\n|start\n|switch|p1a: Aerodactyl|Aerodactyl, L50, F|100/100\n|switch|p1b: Tyranitar|Tyranitar, L50, M|100/100\n|switch|p2a: Aggron|Aggron, L50, F|100/100\n|switch|p2b: Slowbro|Slowbro, L50, F|100/100\n|-weather|Sandstorm|[from] ability: Sand Stream|[of] p1b: Tyranitar\n|turn|1\n|\n|t:|1776054309\n|detailschange|p1a: Aerodactyl|Aerodactyl-Mega, L50, F\n|-mega|p1a: Aerodactyl|Aerodactyl|Aerodactylite\n|detailschange|p2a: Aggron|Aggron-Mega, L50, F\n|-mega|p2a: Aggron|Aggron|Aggronite\n|move|p1a: Aerodactyl|Rock Slide|p2a: Aggron|[spread] p2a,p2b\n|-resisted|p2a: Aggron|1\n|-damage|p2a: Aggron|94/100\n|-damage|p2b: Slowbro|77/100\n|move|p1b: Tyranitar|Earthquake|p2a: Aggron|[spread] p2a,p2b\n|-immune|p1a: Aerodactyl\n|-supereffective|p2a: Aggron|1\n|-damage|p2a: Aggron|78/100\n|-damage|p2b: Slowbro|57/100\n|cant|p2a: Aggron|flinch\n|move|p2b: Slowbro|Trick Room|p2b: Slowbro\n|-fieldstart|move: Trick Room|[of] p2b: Slowbro\n|\n|-weather|Sandstorm|[upkeep]\n|-damage|p2b: Slowbro|51/100|[from] Sandstorm\n|-heal|p2b: Slowbro|57/100|[from] item: Leftovers\n|upkeep\n|turn|2\n|\n|t:|1776054333\n|move|p2b: Slowbro|Scald|p1a: Aerodactyl\n|-supereffective|p1a: Aerodactyl|1\n|-damage|p1a: Aerodactyl|54/100\n|move|p2a: Aggron|Body Press|p1b: Tyranitar\n|-supereffective|p1b: Tyranitar|2\n|-damage|p1b: Tyranitar|2/100\n|move|p1b: Tyranitar|Earthquake|p2a: Aggron|[spread] p2a,p2b\n|-immune|p1a: Aerodactyl\n|-supereffective|p2a: Aggron|1\n|-damage|p2a: Aggron|62/100\n|-damage|p2b: Slowbro|38/100\n|move|p1a: Aerodactyl|Rock Slide|p2b: Slowbro|[spread] p2a,p2b\n|-resisted|p2a: Aggron|1\n|-damage|p2a: Aggron|54/100\n|-damage|p2b: Slowbro|14/100\n|\n|-weather|Sandstorm|[upkeep]\n|-damage|p2b: Slowbro|8/100|[from] Sandstorm\n|-heal|p2b: Slowbro|14/100|[from] item: Leftovers\n|upkeep\n|turn|3\n|\n|t:|1776054357\n|switch|p2b: Sinistcha|Sinistcha, L50|100/100\n|-heal|p2a: Aggron|79/100|[from] ability: Hospitality|[of] p2b: Sinistcha\n|move|p1a: Aerodactyl|Protect|p1a: Aerodactyl\n|-singleturn|p1a: Aerodactyl|Protect\n|move|p2a: Aggron|Body Press|p1b: Tyranitar\n|-supereffective|p1b: Tyranitar|2\n|-damage|p1b: Tyranitar|0 fnt\n|faint|p1b: Tyranitar\n|\n|-weather|Sandstorm|[upkeep]\n|-damage|p2b: Sinistcha|94/100|[from] Sandstorm\n|upkeep\n|\n|t:|1776054378\n|switch|p1b: Sneasler|Sneasler, L50, M|100/100\n|turn|4\n|inactive|Battle timer is ON: inactive players will automatically lose when time's up. (requested by natewing)\n|\n|t:|1776054405\n|move|p1b: Sneasler|Fake Out|p2a: Aggron\n|-resisted|p2a: Aggron|1\n|-damage|p2a: Aggron|76/100\n|move|p2b: Sinistcha|Rage Powder|p2b: Sinistcha\n|-singleturn|p2b: Sinistcha|move: Rage Powder\n|cant|p2a: Aggron|flinch\n|move|p1a: Aerodactyl|Dual Wingbeat|p2b: Sinistcha\n|-supereffective|p2b: Sinistcha|1\n|-damage|p2b: Sinistcha|46/100\n|-enditem|p2b: Sinistcha|Sitrus Berry|[eat]\n|-heal|p2b: Sinistcha|71/100|[from] item: Sitrus Berry\n|-supereffective|p2b: Sinistcha|1\n|-damage|p2b: Sinistcha|22/100\n|-hitcount|p2b: Sinistcha|2\n|\n|-weather|Sandstorm|[upkeep]\n|-damage|p2b: Sinistcha|16/100|[from] Sandstorm\n|-damage|p1b: Sneasler|95/100|[from] Sandstorm\n|upkeep\n|turn|5\n|inactive|Zhm/r has 30 seconds left.\n|\n|t:|1776054438\n|switch|p2b: Slowbro|Slowbro, L50, F|48/100\n|move|p2a: Aggron|Iron Head|p1a: Aerodactyl\n|-supereffective|p1a: Aerodactyl|1\n|-damage|p1a: Aerodactyl|0 fnt\n|faint|p1a: Aerodactyl\n|move|p1b: Sneasler|Close Combat|p2a: Aggron\n|-supereffective|p2a: Aggron|1\n|-damage|p2a: Aggron|29/100\n|-unboost|p1b: Sneasler|def|1\n|-unboost|p1b: Sneasler|spd|1\n|\n|-weather|none\n|-heal|p2b: Slowbro|53/100|[from] item: Leftovers\n|-fieldend|move: Trick Room\n|upkeep\n|\n|t:|1776054453\n|switch|p1a: Kingambit|Kingambit, L50, M|100/100\n|turn|6\n|\n|t:|1776054465\n|move|p2a: Aggron|Protect|p2a: Aggron\n|-singleturn|p2a: Aggron|Protect\n|move|p1b: Sneasler|Close Combat|p2a: Aggron\n|-activate|p2a: Aggron|move: Protect\n|move|p1a: Kingambit|Kowtow Cleave|p2b: Slowbro\n|-supereffective|p2b: Slowbro|1\n|-damage|p2b: Slowbro|0 fnt\n|faint|p2b: Slowbro\n|\n|upkeep\n|\n|t:|1776054478\n|switch|p2b: Sinistcha|Sinistcha, L50|16/100\n|-heal|p2a: Aggron|54/100|[from] ability: Hospitality|[of] p2b: Sinistcha\n|turn|7\n|\n|t:|1776054488\n|move|p2b: Sinistcha|Rage Powder|p2b: Sinistcha\n|-singleturn|p2b: Sinistcha|move: Rage Powder\n|move|p1b: Sneasler|Close Combat|p2b: Sinistcha\n|-immune|p2b: Sinistcha\n|move|p1a: Kingambit|Kowtow Cleave|p2b: Sinistcha\n|-supereffective|p2b: Sinistcha|1\n|-damage|p2b: Sinistcha|0 fnt\n|faint|p2b: Sinistcha\n|move|p2a: Aggron|Body Press|p1a: Kingambit\n|-supereffective|p1a: Kingambit|2\n|-enditem|p1a: Kingambit|Chople Berry|[eat]\n|-enditem|p1a: Kingambit|Chople Berry|[weaken]\n|-damage|p1a: Kingambit|47/100\n|\n|upkeep\n|\n|t:|1776054500\n|switch|p2b: Garchomp|Garchomp, L50, M|100/100\n|turn|8\n|inactive|natewing has 30 seconds left.\n|\n|t:|1776054529\n|move|p2a: Aggron|Protect|p2a: Aggron\n|-singleturn|p2a: Aggron|Protect\n|move|p2b: Garchomp|Earthquake|p1a: Kingambit|[spread] p1a,p1b\n|-activate|p2a: Aggron|move: Protect\n|-supereffective|p1a: Kingambit|1\n|-supereffective|p1b: Sneasler|1\n|-damage|p1a: Kingambit|0 fnt\n|-damage|p1b: Sneasler|0 fnt\n|faint|p1a: Kingambit\n|faint|p1b: Sneasler\n|\n|win|Zhm/r\n|raw|natewing's rating: 1119 &rarr; <strong>1090</strong><br />(-29 for losing)\n|raw|Zhm&#x2f;r's rating: 1064 &rarr; <strong>1099</strong><br />(+35 for winning)\n|l|\u2606natewing\n|player|p1|\n",
  "uploadtime": 1776054546,
  "views": 13,
  "formatid": "gen9championsvgc2026regma",
  "rating": 1090,
  "private": 0,
  "password": null
}