{
  "id": "gen9championsvgc2026regma-2584516570",
  "format": "[Gen 9 Champions] VGC 2026 Reg M-A",
  "players": [
    "uao",
    "tcatw132"
  ],
  "log": "|j|\u2606uao\n|j|\u2606tcatw132\n|t:|1776266021\n|gametype|doubles\n|player|p1|uao|palmer|1118\n|player|p2|tcatw132|1|1190\n|gen|9\n|tier|[Gen 9 Champions] VGC 2026 Reg M-A\n|rated|\n|rule|Species Clause: Limit one of each Pok\u00e9mon\n|rule|Item Clause: Limit 1 of each item\n|clearpoke\n|poke|p1|Chesnaught, L50, F|\n|poke|p1|Vivillon, L50, M|\n|poke|p1|Clawitzer, L50, F|\n|poke|p1|Oranguru, L50, F|\n|poke|p1|Sableye, L50, M|\n|poke|p1|Gyarados, L50, M|\n|poke|p2|Primarina, L50, M|\n|poke|p2|Aerodactyl, L50, M|\n|poke|p2|Kommo-o, L50, F|\n|poke|p2|Scovillain, L50, M|\n|poke|p2|Kingambit, L50, M|\n|poke|p2|Sneasler, L50, F|\n|teampreview|4\n|inactive|Battle timer is ON: inactive players will automatically lose when time's up. (requested by tcatw132)\n|\n|t:|1776266058\n|teamsize|p1|4\n|teamsize|p2|4\n|start\n|switch|p1a: Sableye|Sableye, L50, M|100/100\n|switch|p1b: Chesnaught|Chesnaught, L50, F|100/100\n|switch|p2a: Scovillain|Scovillain, L50, M|100/100\n|switch|p2b: Kommo-o|Kommo-o, L50, F|100/100\n|turn|1\n|inactive|uao has 30 seconds left.\n|inactive|tcatw132 has 30 seconds left.\n|inactive|uao has 20 seconds left.\n|inactive|uao has 15 seconds left.\n|inactive|tcatw132 has 20 seconds left.\n|\n|t:|1776266102\n|detailschange|p1b: Chesnaught|Chesnaught-Mega, L50, F\n|-mega|p1b: Chesnaught|Chesnaught|Chesnaughtite\n|move|p1b: Chesnaught|Protect|p1b: Chesnaught\n|-singleturn|p1b: Chesnaught|Protect\n|move|p1a: Sableye|Light Screen|p1a: Sableye\n|-sidestart|p1: uao|move: Light Screen\n|move|p2b: Kommo-o|Clangorous Soul|p2b: Kommo-o\n|-boost|p2b: Kommo-o|atk|1\n|-boost|p2b: Kommo-o|def|1\n|-boost|p2b: Kommo-o|spa|1\n|-boost|p2b: Kommo-o|spd|1\n|-boost|p2b: Kommo-o|spe|1\n|-damage|p2b: Kommo-o|68/100\n|move|p2a: Scovillain|Leech Seed|p1a: Sableye\n|-start|p1a: Sableye|move: Leech Seed\n|\n|-heal|p2b: Kommo-o|74/100|[from] item: Leftovers\n|-damage|p1a: Sableye|88/100|[from] Leech Seed|[of] p2a: Scovillain\n|-ability|p2a: Scovillain|Moody|boost\n|-boost|p2a: Scovillain|atk|2\n|-unboost|p2a: Scovillain|spe|1\n|upkeep\n|turn|2\n|inactive|uao has 30 seconds left.\n|inactive|tcatw132 has 30 seconds left.\n|inactive|uao has 20 seconds left.\n|inactive|uao has 15 seconds left.\n|inactive|uao has 10 seconds left.\n|inactive|uao has 5 seconds left.\n|\n|t:|1776266158\n|detailschange|p2a: Scovillain|Scovillain-Mega, L50, M\n|-mega|p2a: Scovillain|Scovillain|Scovillainite\n|move|p2a: Scovillain|Rage Powder|p2a: Scovillain\n|-singleturn|p2a: Scovillain|move: Rage Powder\n|move|p2b: Kommo-o|Clanging Scales|p1a: Sableye|[spread] p1a,p1b\n|-damage|p1a: Sableye|44/100\n|-damage|p1b: Chesnaught|78/100\n|-enditem|p1a: Sableye|Sitrus Berry|[eat]\n|-heal|p1a: Sableye|69/100|[from] item: Sitrus Berry\n|-unboost|p2b: Kommo-o|def|1\n|move|p1a: Sableye|Foul Play|p2a: Scovillain\n|-damage|p2a: Scovillain|30/100\n|-status|p1a: Sableye|brn|[from] ability: Spicy Spray|[of] p2a: Scovillain\n|move|p1b: Chesnaught|Iron Defense|p1b: Chesnaught\n|-boost|p1b: Chesnaught|def|2\n|\n|-heal|p2b: Kommo-o|80/100|[from] item: Leftovers\n|-damage|p1a: Sableye|57/100 brn|[from] Leech Seed|[of] p2a: Scovillain\n|-heal|p2a: Scovillain|41/100|[silent]\n|-damage|p1a: Sableye|51/100 brn|[from] brn\n|upkeep\n|turn|3\n|inactive|uao has 30 seconds left.\n|inactive|tcatw132 has 30 seconds left.\n|\n|t:|1776266188\n|move|p2b: Kommo-o|Protect|p2b: Kommo-o\n|-singleturn|p2b: Kommo-o|Protect\n|move|p1a: Sableye|Foul Play|p2a: Scovillain\n|-damage|p2a: Scovillain|6/100\n|move|p2a: Scovillain|Flamethrower|p1b: Chesnaught\n|-supereffective|p1b: Chesnaught|1\n|-damage|p1b: Chesnaught|47/100\n|move|p1b: Chesnaught|Body Press|p2b: Kommo-o\n|-activate|p2b: Kommo-o|move: Protect\n|\n|-heal|p2b: Kommo-o|86/100|[from] item: Leftovers\n|-damage|p1a: Sableye|39/100 brn|[from] Leech Seed|[of] p2a: Scovillain\n|-heal|p2a: Scovillain|17/100|[silent]\n|-damage|p1a: Sableye|33/100 brn|[from] brn\n|upkeep\n|turn|4\n|inactive|uao has 30 seconds left.\n|inactive|tcatw132 has 30 seconds left.\n|inactive|tcatw132 has 20 seconds left.\n|inactive|tcatw132 has 15 seconds left.\n|\n|t:|1776266229\n|move|p1b: Chesnaught|Protect|p1b: Chesnaught\n|-singleturn|p1b: Chesnaught|Protect\n|move|p2b: Kommo-o|Clanging Scales|p1b: Chesnaught|[spread] p1a\n|-activate|p1b: Chesnaught|move: Protect\n|-damage|p1a: Sableye|0 fnt\n|faint|p1a: Sableye\n|-unboost|p2b: Kommo-o|def|1\n|move|p2a: Scovillain|Flamethrower|p1b: Chesnaught\n|-activate|p1b: Chesnaught|move: Protect\n|\n|-heal|p2b: Kommo-o|92/100|[from] item: Leftovers\n|upkeep\n|\n|t:|1776266249\n|switch|p1a: Vivillon|Vivillon, L50, M|100/100\n|turn|5\n|\n|t:|1776266267\n|move|p2b: Kommo-o|Protect|p2b: Kommo-o\n|-singleturn|p2b: Kommo-o|Protect\n|move|p2a: Scovillain|Protect|p2a: Scovillain\n|-singleturn|p2a: Scovillain|Protect\n|move|p1a: Vivillon|Pollen Puff|p2a: Scovillain\n|-activate|p2a: Scovillain|move: Protect\n|move|p1b: Chesnaught|Body Press|p2b: Kommo-o\n|-activate|p2b: Kommo-o|move: Protect\n|\n|-heal|p2b: Kommo-o|99/100|[from] item: Leftovers\n|-sideend|p1: uao|move: Light Screen\n|upkeep\n|turn|6\n|inactive|uao has 30 seconds left.\n|inactive|tcatw132 has 30 seconds left.\n|\n|t:|1776266301\n|switch|p2b: Sneasler|Sneasler, L50, F|100/100\n|move|p1b: Chesnaught|Protect|p1b: Chesnaught\n|-singleturn|p1b: Chesnaught|Protect\n|move|p2a: Scovillain|Rage Powder|p2a: Scovillain\n|-singleturn|p2a: Scovillain|move: Rage Powder\n|move|p1a: Vivillon|Pollen Puff|p2a: Scovillain\n|-damage|p2a: Scovillain|0 fnt\n|-status|p1a: Vivillon|brn|[from] ability: Spicy Spray|[of] p2a: Scovillain\n|faint|p2a: Scovillain\n|\n|-damage|p1a: Vivillon|95/100 brn|[from] brn\n|upkeep\n|\n|t:|1776266315\n|switch|p2a: Kommo-o|Kommo-o, L50, F|99/100\n|turn|7\n|inactive|uao has 30 seconds left.\n|inactive|uao has 20 seconds left.\n|inactive|uao has 15 seconds left.\n|inactive|uao has 10 seconds left.\n|\n|t:|1776266364\n|move|p2b: Sneasler|Fake Out|p1b: Chesnaught\n|-damage|p1b: Chesnaught|42/100\n|move|p1a: Vivillon|Pollen Puff|p1b: Chesnaught\n|-immune|p1b: Chesnaught|[from] ability: Bulletproof\n|move|p2a: Kommo-o|Clangorous Soul|p2a: Kommo-o\n|-boost|p2a: Kommo-o|atk|1\n|-boost|p2a: Kommo-o|def|1\n|-boost|p2a: Kommo-o|spa|1\n|-boost|p2a: Kommo-o|spd|1\n|-boost|p2a: Kommo-o|spe|1\n|-damage|p2a: Kommo-o|66/100\n|cant|p1b: Chesnaught|flinch\n|\n|-heal|p2a: Kommo-o|72/100|[from] item: Leftovers\n|-damage|p1a: Vivillon|89/100 brn|[from] brn\n|upkeep\n|turn|8\n|c|\u2606uao|Porca la grandissima puttana\n|-message|uao forfeited.\n|\n|win|tcatw132\n",
  "uploadtime": 1776266380,
  "views": 20,
  "formatid": "gen9championsvgc2026regma",
  "rating": null,
  "private": 0,
  "password": null
}