{
  "id": "gen9championsvgc2026regma-2587947001",
  "format": "[Gen 9 Champions] VGC 2026 Reg M-A",
  "players": [
    "Rei Lc1",
    "Gilgame5h-"
  ],
  "log": "|j|\u2606Rei Lc1\n|j|\u2606Gilgame5h-\n|t:|1776583112\n|gametype|doubles\n|player|p1|Rei Lc1|ethan|1417\n|player|p2|Gilgame5h-|170|1425\n|gen|9\n|tier|[Gen 9 Champions] VGC 2026 Reg M-A\n|rated|\n|rule|Species Clause: Limit one of each Pok\u00e9mon\n|rule|Item Clause: Limit 1 of each item\n|clearpoke\n|poke|p1|Floette-Eternal, L50, F|\n|poke|p1|Talonflame, L50, F, shiny|\n|poke|p1|Garchomp, L50, M, shiny|\n|poke|p1|Maushold, L50|\n|poke|p1|Sneasler, L50, F|\n|poke|p1|Kingambit, L50, M|\n|poke|p2|Floette-Eternal, L50, F|\n|poke|p2|Garchomp, L50, F|\n|poke|p2|Kingambit, L50, F|\n|poke|p2|Basculegion, L50, M|\n|poke|p2|Sneasler, L50, F|\n|poke|p2|Froslass, L50, F|\n|teampreview|4\n|inactive|Battle timer is ON: inactive players will automatically lose when time's up. (requested by Gilgame5h-)\n|\n|t:|1776583161\n|teamsize|p1|4\n|teamsize|p2|4\n|start\n|switch|p1a: Talonflame|Talonflame, L50, F, shiny|100/100\n|switch|p1b: Garchomp|Garchomp, L50, M, shiny|100/100\n|switch|p2a: Basculegion|Basculegion, L50, M|100/100\n|switch|p2b: Sneasler|Sneasler, L50, F|100/100\n|turn|1\n|\n|t:|1776583178\n|move|p1a: Talonflame|Quick Guard|p1a: Talonflame\n|-singleturn|p1a: Talonflame|Quick Guard\n|move|p2b: Sneasler|Fake Out|p1b: Garchomp\n|-activate|p1b: Garchomp|move: Quick Guard\n|move|p1b: Garchomp|Earthquake|p2a: Basculegion|[spread] p2a,p2b\n|-immune|p1a: Talonflame\n|-supereffective|p2b: Sneasler|1\n|-damage|p2a: Basculegion|50/100\n|-enditem|p2b: Sneasler|Focus Sash\n|-damage|p2b: Sneasler|1/100\n|-enditem|p2a: Basculegion|Sitrus Berry|[eat]\n|-heal|p2a: Basculegion|75/100|[from] item: Sitrus Berry\n|move|p2a: Basculegion|Wave Crash|p1a: Talonflame\n|-supereffective|p1a: Talonflame|1\n|-enditem|p1a: Talonflame|Focus Sash\n|-damage|p1a: Talonflame|1/100\n|-damage|p2a: Basculegion|51/100|[from] Recoil\n|\n|upkeep\n|turn|2\n|\n|t:|1776583202\n|move|p2b: Sneasler|Protect|p2b: Sneasler\n|-singleturn|p2b: Sneasler|Protect\n|move|p1a: Talonflame|Quick Guard|p1a: Talonflame\n|-singleturn|p1a: Talonflame|Quick Guard\n|move|p2a: Basculegion|Aqua Jet|p1a: Talonflame\n|-activate|p1a: Talonflame|move: Quick Guard\n|move|p1b: Garchomp|Earthquake|p2b: Sneasler|[spread] p2a\n|-activate|p2b: Sneasler|move: Protect\n|-immune|p1a: Talonflame\n|-damage|p2a: Basculegion|4/100\n|\n|upkeep\n|turn|3\n|\n|t:|1776583225\n|move|p2a: Basculegion|Aqua Jet|p1a: Talonflame\n|-supereffective|p1a: Talonflame|1\n|-damage|p1a: Talonflame|0 fnt\n|faint|p1a: Talonflame\n|move|p2b: Sneasler|Dire Claw|p1b: Garchomp\n|-resisted|p1b: Garchomp|1\n|-damage|p1b: Garchomp|77/100\n|-status|p1b: Garchomp|psn\n|-damage|p2b: Sneasler|0 fnt|[from] ability: Rough Skin|[of] p1b: Garchomp\n|faint|p2b: Sneasler\n|move|p1b: Garchomp|Earthquake|p2a: Basculegion\n|-damage|p2a: Basculegion|0 fnt\n|faint|p2a: Basculegion\n|\n|-damage|p1b: Garchomp|65/100 psn|[from] psn\n|upkeep\n|\n|t:|1776583235\n|switch|p1a: Floette|Floette-Eternal, L50, F|100/100\n|switch|p2b: Floette|Floette-Eternal, L50, F|100/100\n|switch|p2a: Garchomp|Garchomp, L50, F|100/100\n|turn|4\n|\n|t:|1776583243\n|switch|p1b: Maushold|Maushold, L50|100/100\n|detailschange|p2b: Floette|Floette-Mega, L50, F\n|-mega|p2b: Floette|Floette|Floettite\n|-ability|p2b: Floette|Fairy Aura\n|move|p1a: Floette|Protect|p1a: Floette\n|-singleturn|p1a: Floette|Protect\n|move|p2b: Floette|Light of Ruin|p1a: Floette\n|-activate|p1a: Floette|move: Protect\n|move|p2a: Garchomp|Dragon Claw|p1b: Maushold\n|-damage|p1b: Maushold|61/100\n|\n|upkeep\n|turn|5\n|inactive|Rei Lc1 has 30 seconds left.\n|inactive|Gilgame5h- has 30 seconds left.\n|inactive|Rei Lc1 has 20 seconds left.\n|inactive|Rei Lc1 has 15 seconds left.\n|inactive|Rei Lc1 has 10 seconds left.\n|inactive|Rei Lc1 has 5 seconds left.\n|\n|t:|1776583294\n|detailschange|p1a: Floette|Floette-Mega, L50, F\n|-mega|p1a: Floette|Floette|Floettite\n|-ability|p1a: Floette|Fairy Aura\n|move|p1b: Maushold|Helping Hand|p1a: Floette\n|-singleturn|p1a: Floette|Helping Hand|[of] p1b: Maushold\n|move|p2b: Floette|Dazzling Gleam|p1a: Floette|[spread] p1a,p1b\n|-damage|p1a: Floette|68/100\n|-damage|p1b: Maushold|3/100\n|move|p1a: Floette|Moonblast|p2b: Floette\n|-damage|p2b: Floette|12/100\n|move|p2a: Garchomp|Rock Slide|p1a: Floette|[spread] p1a,p1b\n|-damage|p1a: Floette|50/100\n|-damage|p1b: Maushold|0 fnt\n|faint|p1b: Maushold\n|\n|upkeep\n|\n|t:|1776583308\n|switch|p1b: Garchomp|Garchomp, L50, M, shiny|65/100 psn\n|turn|6\n|inactive|Rei Lc1 has 30 seconds left.\n|\n|t:|1776583339\n|move|p2b: Floette|Moonblast|p1a: Floette\n|-crit|p1a: Floette\n|-damage|p1a: Floette|0 fnt\n|faint|p1a: Floette\n|move|p1b: Garchomp|Dragon Claw|p2a: Garchomp\n|-supereffective|p2a: Garchomp|1\n|-enditem|p2a: Garchomp|Haban Berry|[eat]\n|-enditem|p2a: Garchomp|Haban Berry|[weaken]\n|-damage|p2a: Garchomp|60/100\n|-damage|p1b: Garchomp|53/100 psn|[from] ability: Rough Skin|[of] p2a: Garchomp\n|move|p2a: Garchomp|Rock Slide|p1b: Garchomp\n|-resisted|p1b: Garchomp|1\n|-damage|p1b: Garchomp|41/100 psn\n|\n|-damage|p1b: Garchomp|29/100 psn|[from] psn\n|upkeep\n|turn|7\n|\n|t:|1776583353\n|move|p2b: Floette|Moonblast|p1b: Garchomp\n|-supereffective|p1b: Garchomp|1\n|-damage|p1b: Garchomp|0 fnt\n|faint|p1b: Garchomp\n|\n|win|Gilgame5h-\n|raw|Rei Lc1's rating: 1417 &rarr; <strong>1397</strong><br />(-20 for losing)\n|raw|Gilgame5h-'s rating: 1425 &rarr; <strong>1445</strong><br />(+20 for winning)\n|l|\u2606Rei Lc1\n|player|p1|\n|l|\u2606Gilgame5h-\n|player|p2|\n",
  "uploadtime": 1776584071,
  "views": 13,
  "formatid": "gen9championsvgc2026regma",
  "rating": 1397,
  "private": 0,
  "password": null
}