{
  "id": "gen9championsvgc2026regma-2583338541",
  "format": "[Gen 9 Champions] VGC 2026 Reg M-A",
  "players": [
    "lookingsharpe",
    "Sandshrew533"
  ],
  "log": "|j|\u2606lookingsharpe\n|j|\u2606Sandshrew533\n|t:|1776168235\n|gametype|doubles\n|player|p1|lookingsharpe|scientist-gen4|1195\n|player|p2|Sandshrew533|li|1174\n|gen|9\n|tier|[Gen 9 Champions] VGC 2026 Reg M-A\n|rated|\n|rule|Species Clause: Limit one of each Pok\u00e9mon\n|rule|Item Clause: Limit 1 of each item\n|clearpoke\n|poke|p1|Whimsicott, L50, M|\n|poke|p1|Incineroar, L50, F|\n|poke|p1|Kingambit, L50, M|\n|poke|p1|Kangaskhan, L50, F|\n|poke|p1|Farigiraf, L50, M|\n|poke|p1|Palafin, L50, M|\n|poke|p2|Blastoise, L50, F|\n|poke|p2|Pelipper, L50, M|\n|poke|p2|Incineroar, L50, M|\n|poke|p2|Archaludon, L50, F|\n|poke|p2|Whimsicott, L50, M|\n|poke|p2|Rampardos, L50, M|\n|teampreview|4\n|\n|t:|1776168293\n|teamsize|p1|4\n|teamsize|p2|4\n|start\n|switch|p1a: Kingambit|Kingambit, L50, M|100/100\n|switch|p1b: Palafin|Palafin, L50, M|100/100\n|switch|p2a: Rampardos|Rampardos, L50, M|100/100\n|switch|p2b: Whimsicott|Whimsicott, L50, M|100/100\n|turn|1\n|\n|t:|1776168325\n|move|p2b: Whimsicott|Stun Spore|p1b: Palafin\n|-status|p1b: Palafin|par\n|move|p1b: Palafin|Jet Punch|p2a: Rampardos\n|-supereffective|p2a: Rampardos|1\n|-damage|p2a: Rampardos|24/100\n|move|p2a: Rampardos|Stone Edge|p1b: Palafin\n|-damage|p1b: Palafin|22/100 par\n|move|p1a: Kingambit|Iron Head|p2a: Rampardos\n|-supereffective|p2a: Rampardos|1\n|-damage|p2a: Rampardos|0 fnt\n|faint|p2a: Rampardos\n|\n|-heal|p1b: Palafin|28/100 par|[from] item: Leftovers\n|upkeep\n|\n|t:|1776168341\n|switch|p2a: Blastoise|Blastoise, L50, F|100/100\n|turn|2\n|\n|t:|1776168358\n|detailschange|p1b: Palafin|Palafin-Hero, L50, M\n|switch|p1b: Farigiraf|Farigiraf, L50, M|100/100\n|detailschange|p2a: Blastoise|Blastoise-Mega, L50, F\n|-mega|p2a: Blastoise|Blastoise|Blastoisinite\n|move|p2b: Whimsicott|Tailwind|p2b: Whimsicott\n|-sidestart|p2: Sandshrew533|move: Tailwind\n|move|p2a: Blastoise|Water Spout|p1b: Farigiraf|[spread] p1a,p1b\n|-crit|p1a: Kingambit\n|-damage|p1a: Kingambit|7/100\n|-damage|p1b: Farigiraf|57/100\n|move|p1a: Kingambit|Iron Head|p2b: Whimsicott\n|-supereffective|p2b: Whimsicott|1\n|-damage|p2b: Whimsicott|0 fnt\n|faint|p2b: Whimsicott\n|\n|upkeep\n|\n|t:|1776168371\n|switch|p2b: Pelipper|Pelipper, L50, M|100/100\n|-weather|RainDance|[from] ability: Drizzle|[of] p2b: Pelipper\n|turn|3\n|\n|t:|1776168382\n|move|p1b: Farigiraf|Helping Hand|p1a: Kingambit\n|-singleturn|p1a: Kingambit|Helping Hand|[of] p1b: Farigiraf\n|move|p1a: Kingambit|Sucker Punch|p2a: Blastoise\n|-damage|p2a: Blastoise|45/100\n|move|p2b: Pelipper|Hurricane|p1b: Farigiraf\n|-damage|p1b: Farigiraf|19/100\n|-enditem|p1b: Farigiraf|Sitrus Berry|[eat]\n|-heal|p1b: Farigiraf|44/100|[from] item: Sitrus Berry\n|move|p2a: Blastoise|Water Spout|p1b: Farigiraf|[spread] p1a,p1b\n|-damage|p1a: Kingambit|0 fnt\n|-damage|p1b: Farigiraf|14/100\n|faint|p1a: Kingambit\n|\n|-weather|RainDance|[upkeep]\n|upkeep\n|\n|t:|1776168397\n|switch|p1a: Palafin|Palafin-Hero, L50, M|28/100 par\n|-activate|p1a: Palafin|ability: Zero to Hero\n|turn|4\n|\n|t:|1776168408\n|move|p1b: Farigiraf|Protect|p1b: Farigiraf\n|-singleturn|p1b: Farigiraf|Protect\n|move|p1a: Palafin|Jet Punch|p2a: Blastoise\n|-resisted|p2a: Blastoise|1\n|-damage|p2a: Blastoise|22/100\n|move|p2b: Pelipper|Hurricane|p1a: Palafin\n|-damage|p1a: Palafin|0 fnt\n|faint|p1a: Palafin\n|move|p2a: Blastoise|Dragon Pulse|p1b: Farigiraf\n|-activate|p1b: Farigiraf|move: Protect\n|\n|-weather|RainDance|[upkeep]\n|upkeep\n|\n|t:|1776168419\n|switch|p1a: Kangaskhan|Kangaskhan, L50, F|100/100\n|turn|5\n|\n|t:|1776168444\n|detailschange|p1a: Kangaskhan|Kangaskhan-Mega, L50, F\n|-mega|p1a: Kangaskhan|Kangaskhan|Kangaskhanite\n|move|p2a: Blastoise|Protect|p2a: Blastoise\n|-singleturn|p2a: Blastoise|Protect\n|move|p1a: Kangaskhan|Fake Out|p2a: Blastoise\n|-activate|p2a: Blastoise|move: Protect\n|move|p2b: Pelipper|Weather Ball|p1b: Farigiraf\n|-damage|p1b: Farigiraf|0 fnt\n|faint|p1b: Farigiraf\n|\n|-weather|RainDance|[upkeep]\n|-sideend|p2: Sandshrew533|move: Tailwind\n|upkeep\n|turn|6\n|\n|t:|1776168470\n|move|p1a: Kangaskhan|Sucker Punch|p2a: Blastoise\n|-damage|p2a: Blastoise|2/100\n|-damage|p2a: Blastoise|0 fnt\n|faint|p2a: Blastoise\n|-hitcount|p2: Blastoise|2\n|move|p2b: Pelipper|Tailwind|p2b: Pelipper\n|-sidestart|p2: Sandshrew533|move: Tailwind\n|\n|-weather|RainDance|[upkeep]\n|upkeep\n|turn|7\n|\n|t:|1776168482\n|move|p2b: Pelipper|Weather Ball|p1a: Kangaskhan\n|-damage|p1a: Kangaskhan|36/100\n|move|p1a: Kangaskhan|Body Slam|p2b: Pelipper\n|-damage|p2b: Pelipper|40/100\n|-damage|p2b: Pelipper|29/100\n|-hitcount|p2b: Pelipper|2\n|\n|-weather|none\n|upkeep\n|turn|8\n|\n|t:|1776168494\n|move|p1a: Kangaskhan|Sucker Punch|p2b: Pelipper\n|-damage|p2b: Pelipper|0 fnt\n|faint|p2b: Pelipper\n|-hitcount|p2: Pelipper|1\n|\n|win|lookingsharpe\n|raw|lookingsharpe's rating: 1195 &rarr; <strong>1218</strong><br />(+23 for winning)\n|raw|Sandshrew533's rating: 1174 &rarr; <strong>1151</strong><br />(-23 for losing)\n|l|\u2606Sandshrew533\n|player|p2|\n|j|\u2606Sandshrew533\n|player|p2|Sandshrew533|li|\n",
  "uploadtime": 1776168607,
  "views": 19,
  "formatid": "gen9championsvgc2026regma",
  "rating": 1151,
  "private": 0,
  "password": null
}