{
  "id": "gen9championsvgc2026regma-2588625986",
  "format": "[Gen 9 Champions] VGC 2026 Reg M-A",
  "players": [
    "salmonsalesman",
    "houses6\u80e1\u841d\u535c\u4fa0"
  ],
  "log": "|j|\u203dsalmonsalesman\n|j|\u2606houses6\u80e1\u841d\u535c\u4fa0\n|t:|1776651395\n|gametype|doubles\n|player|p1|salmonsalesman|fisherman-gen4|1413\n|player|p2|houses6\u80e1\u841d\u535c\u4fa0|102|1521\n|gen|9\n|tier|[Gen 9 Champions] VGC 2026 Reg M-A\n|rated|\n|rule|Species Clause: Limit one of each Pok\u00e9mon\n|rule|Item Clause: Limit 1 of each item\n|clearpoke\n|poke|p1|Dragapult, L50, M|\n|poke|p1|Milotic, L50, F, shiny|\n|poke|p1|Sinistcha, L50|\n|poke|p1|Sneasler, L50, F|\n|poke|p1|Scizor, L50, F|\n|poke|p1|Heliolisk, L50, F|\n|poke|p2|Basculegion, L50, M|\n|poke|p2|Aerodactyl, L50, F|\n|poke|p2|Floette-Eternal, L50, F|\n|poke|p2|Incineroar, L50, M|\n|poke|p2|Sinistcha-Masterpiece, L50|\n|poke|p2|Garchomp, L50, M|\n|teampreview|4\n|inactive|Battle timer is ON: inactive players will automatically lose when time's up. (requested by salmonsalesman)\n|\n|t:|1776651442\n|teamsize|p1|4\n|teamsize|p2|4\n|start\n|switch|p1a: Milotic|Milotic, L50, F, shiny|100/100\n|switch|p1b: Scizor|Scizor, L50, F|100/100\n|switch|p2a: Floette|Floette-Eternal, L50, F|100/100\n|switch|p2b: Basculegion|Basculegion, L50, M|100/100\n|turn|1\n|\n|t:|1776651465\n|switch|p1b: Heliolisk|Heliolisk, L50, F|100/100\n|detailschange|p2a: Floette|Floette-Mega, L50, F\n|-mega|p2a: Floette|Floette|Floettite\n|-ability|p2a: Floette|Fairy Aura\n|move|p2b: Basculegion|Wave Crash|p1b: Heliolisk\n|-immune|p1b: Heliolisk|[from] ability: Dry Skin\n|move|p2a: Floette|Calm Mind|p2a: Floette\n|-boost|p2a: Floette|spa|1\n|-boost|p2a: Floette|spd|1\n|move|p1a: Milotic|Icy Wind|p2b: Basculegion|[spread] p2a,p2b\n|-resisted|p2b: Basculegion|1\n|-damage|p2a: Floette|96/100\n|-damage|p2b: Basculegion|95/100\n|-unboost|p2a: Floette|spe|1\n|-unboost|p2b: Basculegion|spe|1\n|\n|upkeep\n|turn|2\n|inactive|houses6\u80e1\u841d\u535c\u4fa0 has 30 seconds left.\n|\n|t:|1776651495\n|switch|p2b: Incineroar|Incineroar, L50, M|100/100\n|-ability|p2b: Incineroar|Intimidate|boost\n|-unboost|p1a: Milotic|atk|1\n|-ability|p1a: Milotic|Competitive|boost\n|-boost|p1a: Milotic|spa|2\n|-unboost|p1b: Heliolisk|atk|1\n|move|p1b: Heliolisk|Volt Switch|p2b: Incineroar\n|-damage|p2b: Incineroar|72/100\n|\n|t:|1776651504\n|switch|p1b: Scizor|Scizor, L50, F|100/100|[from] Volt Switch\n|move|p1a: Milotic|Scald|p2b: Incineroar\n|-supereffective|p2b: Incineroar|1\n|-damage|p2b: Incineroar|0 fnt\n|faint|p2b: Incineroar\n|move|p2a: Floette|Dazzling Gleam|p1b: Scizor|[spread] p1a,p1b\n|-resisted|p1b: Scizor|1\n|-damage|p1a: Milotic|53/100\n|-damage|p1b: Scizor|58/100\n|\n|-heal|p1a: Milotic|59/100|[from] item: Leftovers\n|upkeep\n|\n|t:|1776651516\n|switch|p2b: Sinistcha|Sinistcha-Masterpiece, L50|100/100\n|-heal|p2a: Floette|100/100|[from] ability: Hospitality|[of] p2b: Sinistcha\n|turn|3\n|\n|t:|1776651523\n|move|p1b: Scizor|Protect|p1b: Scizor\n|-singleturn|p1b: Scizor|Protect\n|move|p2b: Sinistcha|Rage Powder|p2b: Sinistcha\n|-singleturn|p2b: Sinistcha|move: Rage Powder\n|move|p2a: Floette|Moonblast|p1a: Milotic\n|-damage|p1a: Milotic|0 fnt\n|faint|p1a: Milotic\n|\n|upkeep\n|\n|t:|1776651533\n|switch|p1a: Dragapult|Dragapult, L50, M|100/100\n|turn|4\n|\n|t:|1776651542\n|detailschange|p1b: Scizor|Scizor-Mega, L50, F\n|-mega|p1b: Scizor|Scizor|Scizorite\n|move|p2b: Sinistcha|Rage Powder|p2b: Sinistcha\n|-singleturn|p2b: Sinistcha|move: Rage Powder\n|move|p1a: Dragapult|Phantom Force||[still]\n|-prepare|p1a: Dragapult|Phantom Force\n|move|p1b: Scizor|Swords Dance|p1b: Scizor\n|-boost|p1b: Scizor|atk|2\n|move|p2a: Floette|Dazzling Gleam|p1a: Dragapult|[spread] p1b\n|-miss|p2a: Floette|p1a: Dragapult\n|-resisted|p1b: Scizor|1\n|-damage|p1b: Scizor|23/100\n|\n|upkeep\n|turn|5\n|\n|t:|1776651554\n|move|p1b: Scizor|Protect|p1b: Scizor\n|-singleturn|p1b: Scizor|Protect\n|move|p2b: Sinistcha|Rage Powder|p2b: Sinistcha\n|-singleturn|p2b: Sinistcha|move: Rage Powder\n|move|p1a: Dragapult|Phantom Force|p2b: Sinistcha|[from] lockedmove\n|-supereffective|p2b: Sinistcha|1\n|-damage|p2b: Sinistcha|23/100\n|move|p2a: Floette|Dazzling Gleam|p1b: Scizor|[spread] p1a\n|-activate|p1b: Scizor|move: Protect\n|-supereffective|p1a: Dragapult|1\n|-damage|p1a: Dragapult|0 fnt\n|faint|p1a: Dragapult\n|\n|upkeep\n|\n|t:|1776651558\n|switch|p1a: Heliolisk|Heliolisk, L50, F|100/100\n|turn|6\n|-message|salmonsalesman forfeited.\n|\n|win|houses6\u80e1\u841d\u535c\u4fa0\n|raw|salmonsalesman's rating: 1413 &rarr; <strong>1399</strong><br />(-14 for losing)\n|raw|houses6\u80e1\u841d\u535c\u4fa0's rating: 1521 &rarr; <strong>1535</strong><br />(+14 for winning)\n|l|\u203dsalmonsalesman\n|player|p1|\n|l|\u2606houses6\u80e1\u841d\u535c\u4fa0\n|player|p2|\n",
  "uploadtime": 1776651578,
  "views": 5,
  "formatid": "gen9championsvgc2026regma",
  "rating": 1399,
  "private": 0,
  "password": null
}