{
  "id": "gen9championsvgc2026regma-2584934886",
  "format": "[Gen 9 Champions] VGC 2026 Reg M-A",
  "players": [
    "Marcio Lira",
    "mayomamainsk"
  ],
  "log": "|j|\u2606Marcio Lira\n|j|\u2606mayomamainsk\n|t:|1776295971\n|gametype|doubles\n|player|p1|Marcio Lira|bugcatcher-gen4dp|1231\n|player|p2|mayomamainsk|2|1140\n|gen|9\n|tier|[Gen 9 Champions] VGC 2026 Reg M-A\n|rated|\n|rule|Species Clause: Limit one of each Pok\u00e9mon\n|rule|Item Clause: Limit 1 of each item\n|clearpoke\n|poke|p1|Floette-Eternal, L50, F|\n|poke|p1|Sinistcha, L50|\n|poke|p1|Volcarona, L50, F|\n|poke|p1|Talonflame, L50, F|\n|poke|p1|Garchomp, L50, M|\n|poke|p1|Tyranitar, L50, M|\n|poke|p2|Incineroar, L50, F|\n|poke|p2|Blastoise, L50, M|\n|poke|p2|Pelipper, L50, F|\n|poke|p2|Palafin, L50, M|\n|poke|p2|Dragonite, L50, F|\n|poke|p2|Farigiraf, L50, F|\n|teampreview|4\n|inactive|Battle timer is ON: inactive players will automatically lose when time's up. (requested by mayomamainsk)\n|inactive|mayomamainsk has 60 seconds left.\n|\n|t:|1776296028\n|teamsize|p1|4\n|teamsize|p2|4\n|start\n|switch|p1a: Talonflame|Talonflame, L50, F|100/100\n|switch|p1b: Floette|Floette-Eternal, L50, F|100/100\n|switch|p2a: Pelipper|Pelipper, L50, F|100/100\n|switch|p2b: Palafin|Palafin, L50, M|100/100\n|-weather|RainDance|[from] ability: Drizzle|[of] p2a: Pelipper\n|turn|1\n|inactive|Marcio Lira has 30 seconds left.\n|inactive|Marcio Lira has 20 seconds left.\n|\n|t:|1776296065\n|detailschange|p1b: Floette|Floette-Mega, L50, F\n|-mega|p1b: Floette|Floette|Floettite\n|-ability|p1b: Floette|Fairy Aura\n|move|p1a: Talonflame|Tailwind|p1a: Talonflame\n|-sidestart|p1: Marcio Lira|move: Tailwind\n|move|p1b: Floette|Moonblast|p2b: Palafin\n|-damage|p2b: Palafin|0 fnt\n|faint|p2b: Palafin\n|move|p2a: Pelipper|Tailwind|p2a: Pelipper\n|-sidestart|p2: mayomamainsk|move: Tailwind\n|\n|-weather|RainDance|[upkeep]\n|upkeep\n|\n|t:|1776296076\n|switch|p2b: Blastoise|Blastoise, L50, M|100/100\n|turn|2\n|\n|t:|1776296087\n|switch|p1a: Tyranitar|Tyranitar, L50, M|100/100\n|-weather|Sandstorm|[from] ability: Sand Stream|[of] p1a: Tyranitar\n|detailschange|p2b: Blastoise|Blastoise-Mega, L50, M\n|-mega|p2b: Blastoise|Blastoise|Blastoisinite\n|move|p2a: Pelipper|Wide Guard|p2a: Pelipper\n|-singleturn|p2a: Pelipper|Wide Guard\n|move|p1b: Floette|Dazzling Gleam|p2b: Blastoise|[spread] \n|-activate|p2a: Pelipper|move: Wide Guard\n|-activate|p2b: Blastoise|move: Wide Guard\n|move|p2b: Blastoise|Water Spout|p1b: Floette|[spread] p1a,p1b\n|-supereffective|p1a: Tyranitar|1\n|-damage|p1a: Tyranitar|17/100\n|-damage|p1b: Floette|57/100\n|\n|-weather|Sandstorm|[upkeep]\n|-damage|p1b: Floette|51/100|[from] Sandstorm\n|-damage|p2b: Blastoise|95/100|[from] Sandstorm\n|-damage|p2a: Pelipper|95/100|[from] Sandstorm\n|upkeep\n|turn|3\n|inactive|mayomamainsk has 30 seconds left.\n|c|\u2606Marcio Lira|well played\n|inactive|mayomamainsk has 20 seconds left.\n|\n|t:|1776296126\n|switch|p2a: Dragonite|Dragonite, L50, F|100/100\n|move|p1b: Floette|Moonblast|p2b: Blastoise\n|-damage|p2b: Blastoise|33/100\n|-unboost|p2b: Blastoise|spa|1\n|move|p1a: Tyranitar|Crunch|p2b: Blastoise\n|-damage|p2b: Blastoise|0 fnt\n|faint|p2b: Blastoise\n|\n|-weather|Sandstorm|[upkeep]\n|-damage|p1b: Floette|45/100|[from] Sandstorm\n|-damage|p2a: Dragonite|95/100|[from] Sandstorm\n|upkeep\n|\n|t:|1776296130\n|switch|p2b: Pelipper|Pelipper, L50, F|95/100\n|-weather|RainDance|[from] ability: Drizzle|[of] p2b: Pelipper\n|turn|4\n|\n|t:|1776296148\n|switch|p1a: Sinistcha|Sinistcha, L50|100/100\n|-heal|p1b: Floette|70/100|[from] ability: Hospitality|[of] p1a: Sinistcha\n|move|p1b: Floette|Protect|p1b: Floette\n|-singleturn|p1b: Floette|Protect\n|move|p2a: Dragonite|Hurricane|p1b: Floette\n|-activate|p1b: Floette|move: Protect\n|move|p2b: Pelipper|Hurricane|p1a: Sinistcha\n|-supereffective|p1a: Sinistcha|1\n|-damage|p1a: Sinistcha|20/100\n|\n|-weather|RainDance|[upkeep]\n|-sideend|p1: Marcio Lira|move: Tailwind\n|-sideend|p2: mayomamainsk|move: Tailwind\n|upkeep\n|turn|5\n|inactive|Marcio Lira has 30 seconds left.\n|inactive|Marcio Lira has 20 seconds left.\n|\n|t:|1776296184\n|move|p1a: Sinistcha|Rage Powder|p1a: Sinistcha\n|-singleturn|p1a: Sinistcha|move: Rage Powder\n|move|p1b: Floette|Moonblast|p2b: Pelipper\n|-damage|p2b: Pelipper|0 fnt\n|faint|p2b: Pelipper\n|move|p2a: Dragonite|Hurricane|p1a: Sinistcha\n|-supereffective|p1a: Sinistcha|1\n|-damage|p1a: Sinistcha|0 fnt\n|faint|p1a: Sinistcha\n|\n|-weather|RainDance|[upkeep]\n|upkeep\n|\n|t:|1776296191\n|switch|p1a: Tyranitar|Tyranitar, L50, M|17/100\n|-weather|Sandstorm|[from] ability: Sand Stream|[of] p1a: Tyranitar\n|turn|6\n|c|\u2606Marcio Lira|gg\n|\n|t:|1776296199\n|move|p1b: Floette|Moonblast|p2a: Dragonite\n|-supereffective|p2a: Dragonite|1\n|-damage|p2a: Dragonite|0 fnt\n|faint|p2a: Dragonite\n|\n|win|Marcio Lira\n|raw|Marcio Lira's rating: 1231 &rarr; <strong>1250</strong><br />(+19 for winning)\n|raw|mayomamainsk's rating: 1140 &rarr; <strong>1121</strong><br />(-19 for losing)\n|l|\u2606mayomamainsk\n|player|p2|\n",
  "uploadtime": 1776296282,
  "views": 25,
  "formatid": "gen9championsvgc2026regma",
  "rating": 1121,
  "private": 0,
  "password": null
}