{
  "id": "gen9championsvgc2026regma-2583220053",
  "format": "[Gen 9 Champions] VGC 2026 Reg M-A",
  "players": [
    "pevere1l",
    "safe genesect"
  ],
  "log": "|j|\u203dpevere1l\n|j|\u2606safe genesect\n|t:|1776156196\n|gametype|doubles\n|player|p1|pevere1l|steven|1403\n|player|p2|safe genesect|1|1436\n|gen|9\n|tier|[Gen 9 Champions] VGC 2026 Reg M-A\n|rated|\n|rule|Species Clause: Limit one of each Pok\u00e9mon\n|rule|Item Clause: Limit 1 of each item\n|clearpoke\n|poke|p1|Sneasler, L50, M|\n|poke|p1|Froslass, L50, F|\n|poke|p1|Incineroar, L50, M|\n|poke|p1|Milotic, L50, F|\n|poke|p1|Corviknight, L50, F|\n|poke|p1|Garchomp, L50, F|\n|poke|p2|Incineroar, L50, F|\n|poke|p2|Whimsicott, L50, F|\n|poke|p2|Primarina, L50, F|\n|poke|p2|Gengar, L50, F|\n|poke|p2|Tyranitar, L50, M|\n|poke|p2|Corviknight, L50, M|\n|teampreview|4\n|inactive|Battle timer is ON: inactive players will automatically lose when time's up. (requested by pevere1l)\n|inactive|pevere1l has 60 seconds left.\n|inactive|safe genesect has 60 seconds left.\n|\n|t:|1776156256\n|teamsize|p1|4\n|teamsize|p2|4\n|start\n|switch|p1a: Corviknight|Corviknight, L50, F|100/100\n|switch|p1b: Garchomp|Garchomp, L50, F|100/100\n|switch|p2a: Gengar|Gengar, L50, F|100/100\n|switch|p2b: Corviknight|Corviknight, L50, M|100/100\n|turn|1\n|\n|t:|1776156276\n|detailschange|p2a: Gengar|Gengar-Mega, L50, F\n|-mega|p2a: Gengar|Gengar|Gengarite\n|move|p2a: Gengar|Protect|p2a: Gengar\n|-singleturn|p2a: Gengar|Protect\n|move|p1b: Garchomp|Stomping Tantrum|p2a: Gengar\n|-activate|p2a: Gengar|move: Protect\n|move|p2b: Corviknight|Tailwind|p2b: Corviknight\n|-sidestart|p2: safe genesect|move: Tailwind\n|move|p1a: Corviknight|Tailwind|p1a: Corviknight\n|-sidestart|p1: pevere1l|move: Tailwind\n|\n|upkeep\n|turn|2\n|inactive|safe genesect has 30 seconds left.\n|inactive|safe genesect has 20 seconds left.\n|inactive|safe genesect has 15 seconds left.\n|\n|t:|1776156317\n|switch|p2b: Primarina|Primarina, L50, F|100/100\n|move|p1b: Garchomp|Stomping Tantrum|p2a: Gengar\n|-supereffective|p2a: Gengar|1\n|-damage|p2a: Gengar|0 fnt\n|faint|p2a: Gengar\n|move|p1a: Corviknight|Iron Head|p2b: Primarina\n|-damage|p2b: Primarina|73/100\n|\n|upkeep\n|\n|t:|1776156323\n|switch|p2a: Corviknight|Corviknight, L50, M|100/100\n|turn|3\n|\n|t:|1776156335\n|move|p1b: Garchomp|Stomping Tantrum|p2b: Primarina\n|-damage|p2b: Primarina|26/100\n|move|p2b: Primarina|Moonblast|p1b: Garchomp\n|-supereffective|p1b: Garchomp|1\n|-damage|p1b: Garchomp|0 fnt\n|faint|p1b: Garchomp\n|move|p2a: Corviknight|Brave Bird|p1a: Corviknight\n|-resisted|p1a: Corviknight|1\n|-damage|p1a: Corviknight|87/100\n|-damage|p2a: Corviknight|96/100|[from] Recoil\n|move|p1a: Corviknight|Iron Head|p2b: Primarina\n|-damage|p2b: Primarina|0 fnt\n|faint|p2b: Primarina\n|\n|-heal|p2a: Corviknight|100/100|[from] item: Leftovers\n|upkeep\n|\n|t:|1776156343\n|switch|p1b: Sneasler|Sneasler, L50, M|100/100\n|switch|p2b: Tyranitar|Tyranitar, L50, M|100/100\n|-weather|Sandstorm|[from] ability: Sand Stream|[of] p2b: Tyranitar\n|turn|4\n|\n|t:|1776156349\n|move|p1b: Sneasler|Protect|p1b: Sneasler\n|-singleturn|p1b: Sneasler|Protect\n|move|p2b: Tyranitar|Protect|p2b: Tyranitar\n|-singleturn|p2b: Tyranitar|Protect\n|move|p2a: Corviknight|Brave Bird|p1b: Sneasler\n|-activate|p1b: Sneasler|move: Protect\n|move|p1a: Corviknight|Body Press|p2b: Tyranitar\n|-activate|p2b: Tyranitar|move: Protect\n|\n|-weather|Sandstorm|[upkeep]\n|-damage|p1b: Sneasler|95/100|[from] Sandstorm\n|-sideend|p1: pevere1l|move: Tailwind\n|-sideend|p2: safe genesect|move: Tailwind\n|upkeep\n|turn|5\n|-message|safe genesect forfeited.\n|\n|win|pevere1l\n|raw|pevere1l's rating: 1403 &rarr; <strong>1425</strong><br />(+22 for winning)\n|raw|safe genesect's rating: 1436 &rarr; <strong>1414</strong><br />(-22 for losing)\n|l|\u2606safe genesect\n|player|p2|\n|l|\u203dpevere1l\n|player|p1|\n",
  "uploadtime": 1776156396,
  "views": 44,
  "formatid": "gen9championsvgc2026regma",
  "rating": 1414,
  "private": 0,
  "password": null
}