{
  "id": "gen9championsvgc2026regma-2588325589",
  "format": "[Gen 9 Champions] VGC 2026 Reg M-A",
  "players": [
    "filie",
    "Kodora"
  ],
  "log": "|j|\u2606filie\n|j|\u2606Kodora\n|t:|1776624267\n|gametype|doubles\n|player|p1|filie|101|1110\n|player|p2|Kodora|1|1136\n|gen|9\n|tier|[Gen 9 Champions] VGC 2026 Reg M-A\n|rated|\n|rule|Species Clause: Limit one of each Pok\u00e9mon\n|rule|Item Clause: Limit 1 of each item\n|clearpoke\n|poke|p1|Gengar, L50, F|\n|poke|p1|Politoed, L50, F|\n|poke|p1|Incineroar, L50, F|\n|poke|p1|Kommo-o, L50, M|\n|poke|p1|Sinistcha, L50|\n|poke|p1|Heliolisk, L50, F|\n|poke|p2|Aggron, L50, M, shiny|\n|poke|p2|Sableye, L50, M|\n|poke|p2|Incineroar, L50, F|\n|poke|p2|Sneasler, L50, M|\n|poke|p2|Sinistcha-Masterpiece, L50|\n|poke|p2|Milotic, L50, M|\n|teampreview|4\n|\n|t:|1776624305\n|teamsize|p1|4\n|teamsize|p2|4\n|start\n|switch|p1a: Incineroar|Incineroar, L50, F|100/100\n|switch|p1b: Kommo-o|Kommo-o, L50, M|100/100\n|switch|p2a: Sableye|Sableye, L50, M|100/100\n|switch|p2b: Aggron|Aggron, L50, M, shiny|100/100\n|-ability|p1a: Incineroar|Intimidate|boost\n|-unboost|p2a: Sableye|atk|1\n|-unboost|p2b: Aggron|atk|1\n|turn|1\n|inactive|Battle timer is ON: inactive players will automatically lose when time's up. (requested by filie)\n|\n|t:|1776624329\n|detailschange|p2b: Aggron|Aggron-Mega, L50, M, shiny\n|-mega|p2b: Aggron|Aggron|Aggronite\n|move|p1a: Incineroar|Fake Out|p2b: Aggron\n|-resisted|p2b: Aggron|1\n|-damage|p2b: Aggron|98/100\n|move|p2a: Sableye|Skill Swap|p2b: Aggron\n|-activate|p2a: Sableye|Skill Swap|||[of] p2b: Aggron\n|cant|p2b: Aggron|flinch\n|move|p1b: Kommo-o|Clangorous Soul|p1b: Kommo-o\n|-boost|p1b: Kommo-o|atk|1\n|-boost|p1b: Kommo-o|def|1\n|-boost|p1b: Kommo-o|spa|1\n|-boost|p1b: Kommo-o|spd|1\n|-boost|p1b: Kommo-o|spe|1\n|-damage|p1b: Kommo-o|68/100\n|\n|upkeep\n|turn|2\n|\n|t:|1776624349\n|move|p2b: Aggron|Iron Defense|p2b: Aggron\n|-boost|p2b: Aggron|def|2\n|move|p1b: Kommo-o|Aura Sphere|p2b: Aggron\n|-supereffective|p2b: Aggron|1\n|-crit|p2b: Aggron\n|-damage|p2b: Aggron|0 fnt\n|faint|p2b: Aggron\n|move|p1a: Incineroar|Throat Chop|p2a: Sableye\n|-damage|p2a: Sableye|66/100\n|-start|p2a: Sableye|Throat Chop|[silent]\n|move|p2a: Sableye|Taunt|p1b: Kommo-o\n|-start|p1b: Kommo-o|move: Taunt\n|\n|upkeep\n|\n|t:|1776624365\n|switch|p2b: Milotic|Milotic, L50, M|100/100\n|turn|3\n|\n|t:|1776624371\n|move|p1a: Incineroar|Protect|p1a: Incineroar\n|-singleturn|p1a: Incineroar|Protect\n|move|p1b: Kommo-o|Clanging Scales|p2a: Sableye|[spread] p2a,p2b\n|-damage|p2a: Sableye|0 fnt\n|-damage|p2b: Milotic|50/100\n|faint|p2a: Sableye\n|-unboost|p1b: Kommo-o|def|1\n|move|p2b: Milotic|Icy Wind|p1a: Incineroar|[spread] \n|-activate|p1a: Incineroar|move: Protect\n|-miss|p2b: Milotic|p1b: Kommo-o\n|\n|-heal|p2b: Milotic|55/100|[from] item: Leftovers\n|upkeep\n|\n|t:|1776624373\n|switch|p2a: Sneasler|Sneasler, L50, M|100/100\n|turn|4\n|inactive|filie has 30 seconds left.\n|\n|t:|1776624404\n|move|p2a: Sneasler|Fake Out|p1a: Incineroar\n|-damage|p1a: Incineroar|87/100\n|move|p1b: Kommo-o|Aura Sphere|p2b: Milotic\n|-damage|p2b: Milotic|15/100\n|move|p2b: Milotic|Icy Wind|p1b: Kommo-o|[spread] p1a,p1b\n|-resisted|p1a: Incineroar|1\n|-supereffective|p1b: Kommo-o|1\n|-damage|p1a: Incineroar|82/100\n|-damage|p1b: Kommo-o|49/100\n|-unboost|p1a: Incineroar|spe|1\n|-unboost|p1b: Kommo-o|spe|1\n|cant|p1a: Incineroar|flinch\n|\n|-heal|p2b: Milotic|21/100|[from] item: Leftovers\n|upkeep\n|turn|5\n|\n|t:|1776624420\n|move|p2a: Sneasler|Close Combat|p1a: Incineroar\n|-supereffective|p1a: Incineroar|1\n|-damage|p1a: Incineroar|0 fnt\n|-unboost|p2a: Sneasler|def|1\n|-unboost|p2a: Sneasler|spd|1\n|faint|p1a: Incineroar\n|-enditem|p2a: Sneasler|White Herb\n|-clearnegativeboost|p2a: Sneasler|[silent]\n|move|p1b: Kommo-o|Clanging Scales|p2b: Milotic|[spread] p2a,p2b\n|-damage|p2a: Sneasler|0 fnt\n|-damage|p2b: Milotic|0 fnt\n|faint|p2a: Sneasler\n|faint|p2b: Milotic\n|\n|win|filie\n|raw|filie's rating: 1110 &rarr; <strong>1137</strong><br />(+27 for winning)\n|raw|Kodora's rating: 1136 &rarr; <strong>1109</strong><br />(-27 for losing)\n|l|\u2606Kodora\n|player|p2|\n",
  "uploadtime": 1776624672,
  "views": 9,
  "formatid": "gen9championsvgc2026regma",
  "rating": 1109,
  "private": 0,
  "password": null
}