{
  "id": "gen9championsvgc2026regma-2587105975",
  "format": "[Gen 9 Champions] VGC 2026 Reg M-A",
  "players": [
    "Eliothand52",
    "BlueStinger_175"
  ],
  "log": "|j|\u2606Eliothand52\n|j|\u2606BlueStinger_175\n|t:|1776494198\n|gametype|doubles\n|player|p1|Eliothand52|skier|1051\n|player|p2|BlueStinger_175|ghetsis-gen5bw|1026\n|gen|9\n|tier|[Gen 9 Champions] VGC 2026 Reg M-A\n|rated|\n|rule|Species Clause: Limit one of each Pok\u00e9mon\n|rule|Item Clause: Limit 1 of each item\n|clearpoke\n|poke|p1|Floette-Eternal, L50, F|\n|poke|p1|Sinistcha, L50|\n|poke|p1|Incineroar, L50, M|\n|poke|p1|Rotom-Wash, L50|\n|poke|p1|Tyranitar, L50, M|\n|poke|p1|Excadrill, L50, M|\n|poke|p2|Hawlucha, L50, M, shiny|\n|poke|p2|Excadrill, L50, M|\n|poke|p2|Archaludon, L50, M, shiny|\n|poke|p2|Krookodile, L50, F, shiny|\n|poke|p2|Gardevoir, L50, F, shiny|\n|poke|p2|Medicham, L50, M, shiny|\n|teampreview|4\n|inactive|Battle timer is ON: inactive players will automatically lose when time's up. (requested by Eliothand52)\n|c|\u2606BlueStinger_175|imposter face\n|j| ninjawokker\n|l| ninjawokker\n|c|\u2606BlueStinger_175|btw timer wont work on me lol\n|inactive|Eliothand52 has 60 seconds left.\n|\n|t:|1776494251\n|teamsize|p1|4\n|teamsize|p2|4\n|start\n|switch|p1a: Rotom|Rotom-Wash, L50|100/100\n|switch|p1b: Floette|Floette-Eternal, L50, F|100/100\n|switch|p2a: Hawlucha|Hawlucha, L50, M, shiny|100/100\n|switch|p2b: Excadrill|Excadrill, L50, M|100/100\n|turn|1\n|j| Thatcorvinight\n|j| Mimik909\n|j| ninjawokker\n|l| Mimik909\n|inactive|BlueStinger_175 has 30 seconds left.\n|\n|t:|1776494278\n|switch|p1b: Sinistcha|Sinistcha, L50|100/100\n|detailschange|p2a: Hawlucha|Hawlucha-Mega, L50, M, shiny\n|-mega|p2a: Hawlucha|Hawlucha|Hawluchanite\n|move|p1a: Rotom|Protect|p1a: Rotom\n|-singleturn|p1a: Rotom|Protect\n|move|p2a: Hawlucha|Entrainment|p2b: Excadrill\n|-ability|p2b: Excadrill|No Guard|Sand Rush|[from] move: Entrainment|[of] p2a: Hawlucha\n|move|p2b: Excadrill|Fissure|p1a: Rotom\n|-activate|p1a: Rotom|move: Protect\n|\n|upkeep\n|turn|2\n|inactive|Eliothand52 has 30 seconds left.\n|\n|t:|1776494312\n|move|p2a: Hawlucha|Protect|p2a: Hawlucha\n|-singleturn|p2a: Hawlucha|Protect\n|move|p2b: Excadrill|Fissure|p1a: Rotom\n|-immune|p1a: Rotom|[from] ability: Levitate\n|move|p1a: Rotom|Hydro Pump|p2b: Excadrill\n|-supereffective|p2b: Excadrill|1\n|-enditem|p2b: Excadrill|Focus Sash\n|-damage|p2b: Excadrill|1/100\n|move|p1b: Sinistcha|Matcha Gotcha|p2b: Excadrill|[spread] p2b\n|-activate|p2a: Hawlucha|move: Protect\n|-damage|p2b: Excadrill|0 fnt\n|faint|p2b: Excadrill\n|\n|upkeep\n|\n|t:|1776494323\n|switch|p2b: Medicham|Medicham, L50, M, shiny|100/100\n|turn|3\n|l| Thatcorvinight\n|l| ninjawokker\n|\n|t:|1776494336\n|move|p2a: Hawlucha|Entrainment|p2b: Medicham\n|-ability|p2b: Medicham|No Guard|Pure Power|[from] move: Entrainment|[of] p2a: Hawlucha\n|move|p1a: Rotom|Will-O-Wisp|p2b: Medicham\n|-status|p2b: Medicham|brn\n|move|p2b: Medicham|Bulk Up|p2b: Medicham\n|-boost|p2b: Medicham|atk|1\n|-boost|p2b: Medicham|def|1\n|move|p1b: Sinistcha|Trick Room|p1b: Sinistcha\n|-fieldstart|move: Trick Room|[of] p1b: Sinistcha\n|\n|-damage|p2b: Medicham|95/100 brn|[from] brn\n|upkeep\n|turn|4\n|\n|t:|1776494358\n|move|p1b: Sinistcha|Rage Powder|p1b: Sinistcha\n|-singleturn|p1b: Sinistcha|move: Rage Powder\n|move|p2b: Medicham|Calm Mind|p2b: Medicham\n|-boost|p2b: Medicham|spa|1\n|-boost|p2b: Medicham|spd|1\n|move|p1a: Rotom|Thunderbolt|p2a: Hawlucha\n|-supereffective|p2a: Hawlucha|1\n|-damage|p2a: Hawlucha|30/100\n|move|p2a: Hawlucha|Flying Press|p1b: Sinistcha\n|-immune|p1b: Sinistcha\n|\n|-heal|p2b: Medicham|100/100 brn|[from] item: Leftovers\n|-damage|p2b: Medicham|95/100 brn|[from] brn\n|upkeep\n|turn|5\n|j| The Artemis Show\n|l| The Artemis Show\n|inactive|Eliothand52 has 30 seconds left.\n|\n|t:|1776494387\n|switch|p1a: Floette|Floette-Eternal, L50, F|100/100\n|move|p1b: Sinistcha|Matcha Gotcha|p2a: Hawlucha|[spread] p2a,p2b\n|-resisted|p2a: Hawlucha|1\n|-damage|p2a: Hawlucha|18/100\n|-damage|p2b: Medicham|74/100 brn\n|move|p2b: Medicham|Baton Pass|p2b: Medicham\n|j| theoneandonlydarto\n|\n|t:|1776494395\n|switch|p2b: Krookodile|Krookodile, L50, F, shiny|100/100|[from] Baton Pass\n|move|p2a: Hawlucha|Flying Press|p1a: Floette\n|-resisted|p1a: Floette|1\n|-damage|p1a: Floette|80/100\n|\n|upkeep\n|turn|6\n|\n|t:|1776494409\n|detailschange|p1a: Floette|Floette-Mega, L50, F\n|-mega|p1a: Floette|Floette|Floettite\n|-ability|p1a: Floette|Fairy Aura\n|move|p1b: Sinistcha|Rage Powder|p1b: Sinistcha\n|-singleturn|p1b: Sinistcha|move: Rage Powder\n|move|p1a: Floette|Moonblast|p2b: Krookodile\n|-supereffective|p2b: Krookodile|1\n|-damage|p2b: Krookodile|0 fnt\n|faint|p2b: Krookodile\n|move|p2a: Hawlucha|Entrainment|p1b: Sinistcha\n|-ability|p1b: Sinistcha|No Guard|Hospitality|[from] move: Entrainment|[of] p2a: Hawlucha\n|\n|upkeep\n|c| theoneandonlydarto|bluestinger lemme see some aura you posted this in lobby lets see why\n|\n|t:|1776494421\n|switch|p2b: Medicham|Medicham, L50, M, shiny|74/100 brn\n|turn|7\n|inactive|BlueStinger_175 has 30 seconds left.\n|c|\u2606BlueStinger_175|im just testing my line up\n|inactive|BlueStinger_175 has 20 seconds left.\n|\n|t:|1776494458\n|move|p1b: Sinistcha|Matcha Gotcha|p2b: Medicham|[spread] p2a,p2b\n|-resisted|p2a: Hawlucha|1\n|-damage|p2a: Hawlucha|4/100\n|-damage|p2b: Medicham|40/100 brn\n|move|p1a: Floette|Moonblast|p2b: Medicham\n|-supereffective|p2b: Medicham|1\n|-damage|p2b: Medicham|0 fnt\n|faint|p2b: Medicham\n|move|p2a: Hawlucha|Flying Press|p1b: Sinistcha\n|-immune|p1b: Sinistcha\n|\n|-fieldend|move: Trick Room\n|upkeep\n|turn|8\n|-message|BlueStinger_175 forfeited.\n|\n|win|Eliothand52\n|raw|Eliothand52's rating: 1051 &rarr; <strong>1081</strong><br />(+30 for winning)\n|raw|BlueStinger_175's rating: 1026 &rarr; <strong>1013</strong><br />(-13 for losing)\n|l|\u2606BlueStinger_175\n|player|p2|\n|c| theoneandonlydarto|son im cryin\n",
  "uploadtime": 1776494479,
  "views": 13,
  "formatid": "gen9championsvgc2026regma",
  "rating": 1013,
  "private": 0,
  "password": null
}