{
  "id": "gen9championsvgc2026regma-2584232501",
  "format": "[Gen 9 Champions] VGC 2026 Reg M-A",
  "players": [
    "Crckersmcker",
    "colfox"
  ],
  "log": "|j|\u2606Crckersmcker\n|j|\u203dcolfox\n|t:|1776241194\n|gametype|doubles\n|player|p1|Crckersmcker|1|1040\n|player|p2|colfox|2|1134\n|gen|9\n|tier|[Gen 9 Champions] VGC 2026 Reg M-A\n|rated|\n|rule|Species Clause: Limit one of each Pok\u00e9mon\n|rule|Item Clause: Limit 1 of each item\n|clearpoke\n|poke|p1|Farigiraf, L50, M|\n|poke|p1|Kangaskhan, L50, F|\n|poke|p1|Whimsicott, L50, M|\n|poke|p1|Clefable, L50, M|\n|poke|p1|Aegislash, L50, F|\n|poke|p1|Talonflame, L50, M|\n|poke|p2|Sylveon, L50, M|\n|poke|p2|Garchomp, L50, F|\n|poke|p2|Milotic, L50, F|\n|poke|p2|Ninetales, L50, M|\n|poke|p2|Raichu, L50, F|\n|poke|p2|Scizor, L50, M|\n|teampreview|4\n|\n|t:|1776241224\n|teamsize|p1|4\n|teamsize|p2|4\n|start\n|switch|p1a: Farigiraf|Farigiraf, L50, M|100/100\n|switch|p1b: Kangaskhan|Kangaskhan, L50, F|100/100\n|switch|p2a: Scizor|Scizor, L50, M|100/100\n|switch|p2b: Raichu|Raichu, L50, F|100/100\n|turn|1\n|\n|t:|1776241241\n|detailschange|p2a: Scizor|Scizor-Mega, L50, M\n|-mega|p2a: Scizor|Scizor|Scizorite\n|move|p1b: Kangaskhan|Fake Out|p2a: Scizor\n|-resisted|p2a: Scizor|1\n|-damage|p2a: Scizor|94/100\n|move|p2b: Raichu|Electroweb|p1a: Farigiraf|[spread] p1a\n|-miss|p2b: Raichu|p1b: Kangaskhan\n|-damage|p1a: Farigiraf|86/100\n|-unboost|p1a: Farigiraf|spe|1\n|cant|p2a: Scizor|flinch\n|move|p1a: Farigiraf|Trick Room|p1a: Farigiraf\n|-fieldstart|move: Trick Room|[of] p1a: Farigiraf\n|\n|upkeep\n|turn|2\n|\n|t:|1776241267\n|move|p2a: Scizor|Protect|p2a: Scizor\n|-singleturn|p2a: Scizor|Protect\n|move|p1a: Farigiraf|Hyper Voice|p2b: Raichu|[spread] p2b\n|-activate|p2a: Scizor|move: Protect\n|-damage|p2b: Raichu|62/100\n|move|p1b: Kangaskhan|Drain Punch|p2a: Scizor\n|-activate|p2a: Scizor|move: Protect\n|move|p2b: Raichu|Volt Switch|p1b: Kangaskhan\n|-damage|p1b: Kangaskhan|69/100\n|\n|t:|1776241280\n|switch|p2b: Sylveon|Sylveon, L50, M|100/100|[from] Volt Switch\n|\n|upkeep\n|turn|3\n|\n|t:|1776241294\n|detailschange|p1b: Kangaskhan|Kangaskhan-Mega, L50, F\n|-mega|p1b: Kangaskhan|Kangaskhan|Kangaskhanite\n|move|p1a: Farigiraf|Hyper Voice|p2a: Scizor|[spread] p2a,p2b\n|-resisted|p2a: Scizor|1\n|-damage|p2a: Scizor|82/100\n|-damage|p2b: Sylveon|84/100\n|move|p2b: Sylveon|Hyper Voice|p1a: Farigiraf|[spread] p1a,p1b\n|-damage|p1a: Farigiraf|49/100\n|-damage|p1b: Kangaskhan|28/100\n|-enditem|p1a: Farigiraf|Sitrus Berry|[eat]\n|-heal|p1a: Farigiraf|74/100|[from] item: Sitrus Berry\n|move|p2a: Scizor|Bug Bite|p1a: Farigiraf\n|-supereffective|p1a: Farigiraf|1\n|-damage|p1a: Farigiraf|0 fnt\n|faint|p1a: Farigiraf\n|move|p1b: Kangaskhan|Body Slam|p2b: Sylveon\n|-damage|p2b: Sylveon|25/100\n|-damage|p2b: Sylveon|12/100\n|-hitcount|p2b: Sylveon|2\n|\n|upkeep\n|\n|t:|1776241315\n|switch|p1a: Clefable|Clefable, L50, M|100/100\n|turn|4\n|\n|t:|1776241324\n|move|p1a: Clefable|Follow Me|p1a: Clefable\n|-singleturn|p1a: Clefable|move: Follow Me\n|move|p2a: Scizor|Bullet Punch|p1a: Clefable\n|-supereffective|p1a: Clefable|1\n|-damage|p1a: Clefable|34/100\n|move|p2b: Sylveon|Hyper Voice|p1a: Clefable|[spread] p1a,p1b\n|-damage|p1a: Clefable|0 fnt\n|-damage|p1b: Kangaskhan|0 fnt\n|faint|p1a: Clefable\n|faint|p1b: Kangaskhan\n|\n|upkeep\n|\n|t:|1776241333\n|switch|p1b: Aegislash|Aegislash, L50, F|100/100\n|turn|5\n|-activate|p1b: Aegislash|item: Quick Claw\n|\n|t:|1776241346\n|move|p2b: Sylveon|Protect|p2b: Sylveon\n|-singleturn|p2b: Sylveon|Protect\n|-formechange|p1b: Aegislash|Aegislash-Blade|\n|move|p1b: Aegislash|Shadow Claw|p2a: Scizor\n|-damage|p2a: Scizor|53/100\n|move|p2a: Scizor|Swords Dance|p2a: Scizor\n|-boost|p2a: Scizor|atk|2\n|\n|-fieldend|move: Trick Room\n|upkeep\n|turn|6\n|-message|Crckersmcker forfeited.\n|\n|win|colfox\n|raw|Crckersmcker's rating: 1040 &rarr; <strong>1028</strong><br />(-12 for losing)\n|raw|colfox's rating: 1134 &rarr; <strong>1152</strong><br />(+18 for winning)\n|l|\u2606Crckersmcker\n|player|p1|\n",
  "uploadtime": 1776241362,
  "views": 49,
  "formatid": "gen9championsvgc2026regma",
  "rating": 1028,
  "private": 0,
  "password": null
}