{
  "id": "gen9championsvgc2026regma-2583157960",
  "format": "[Gen 9 Champions] VGC 2026 Reg M-A",
  "players": [
    "lethlethleth",
    "caustic soda"
  ],
  "log": "|j|\u2606lethlethleth\n|j|\u2606caustic soda\n|t:|1776149067\n|gametype|doubles\n|player|p1|lethlethleth|cynthia-gen7|1047\n|player|p2|caustic soda|102|1150\n|gen|9\n|tier|[Gen 9 Champions] VGC 2026 Reg M-A\n|rated|\n|rule|Species Clause: Limit one of each Pok\u00e9mon\n|rule|Item Clause: Limit 1 of each item\n|clearpoke\n|poke|p1|Rampardos, L50, F|\n|poke|p1|Farigiraf, L50, M|\n|poke|p1|Camerupt, L50, F|\n|poke|p1|Sinistcha-Masterpiece, L50|\n|poke|p1|Palafin, L50, F|\n|poke|p1|Maushold, L50|\n|poke|p2|Chandelure, L50, F|\n|poke|p2|Charizard, L50, M|\n|poke|p2|Raichu, L50, F|\n|poke|p2|Garchomp, L50, M|\n|poke|p2|Torkoal, L50, M|\n|poke|p2|Mimikyu, L50, F|\n|teampreview|4\n|\n|t:|1776149129\n|teamsize|p1|4\n|teamsize|p2|4\n|start\n|switch|p1a: Rampardos|Rampardos, L50, F|100/100\n|switch|p1b: Maushold|Maushold, L50|100/100\n|switch|p2a: Chandelure|Chandelure, L50, F, shiny|100/100\n|switch|p2b: Garchomp|Garchomp, L50, M, shiny|100/100\n|turn|1\n|\n|t:|1776149153\n|move|p2a: Chandelure|Trick|p1b: Maushold\n|-activate|p2a: Chandelure|move: Trick|[of] p1b: Maushold\n|-item|p1b: Maushold|Choice Scarf|[from] move: Trick\n|-item|p2a: Chandelure|Leftovers|[from] move: Trick\n|move|p1b: Maushold|After You|p1a: Rampardos\n|-activate|p1a: Rampardos|move: After You\n|move|p1a: Rampardos|Rock Slide|p2b: Garchomp|[spread] p2a,p2b\n|-supereffective|p2a: Chandelure|1\n|-resisted|p2b: Garchomp|1\n|-damage|p2a: Chandelure|0 fnt\n|-damage|p2b: Garchomp|76/100\n|faint|p2a: Chandelure\n|move|p2b: Garchomp|Stomping Tantrum|p1a: Rampardos\n|-supereffective|p1a: Rampardos|1\n|-damage|p1a: Rampardos|21/100\n|\n|upkeep\n|\n|t:|1776149165\n|switch|p2a: Raichu|Raichu, L50, F, shiny|100/100\n|turn|2\n|\n|t:|1776149192\n|switch|p1b: Farigiraf|Farigiraf, L50, M|100/100\n|move|p1a: Rampardos|Protect|p1a: Rampardos\n|-singleturn|p1a: Rampardos|Protect\n|move|p2a: Raichu|Fake Out||[still]\n|cant|p1b: Farigiraf|ability: Armor Tail|Fake Out|[of] p2a: Raichu\n|move|p2b: Garchomp|Stomping Tantrum|p1a: Rampardos\n|-activate|p1a: Rampardos|move: Protect\n|\n|upkeep\n|turn|3\n|\n|t:|1776149223\n|switch|p1a: Palafin|Palafin, L50, F|100/100\n|move|p2a: Raichu|Volt Switch|p1b: Farigiraf\n|-damage|p1b: Farigiraf|81/100\n|\n|t:|1776149229\n|switch|p2a: Charizard|Charizard, L50, M, shiny|100/100|[from] Volt Switch\n|move|p2b: Garchomp|Earthquake|p1a: Palafin|[spread] p1a,p1b\n|-immune|p2a: Charizard\n|-damage|p1a: Palafin|46/100\n|-damage|p1b: Farigiraf|40/100\n|move|p1b: Farigiraf|Hyper Voice|p2b: Garchomp|[spread] p2a,p2b\n|-damage|p2a: Charizard|67/100\n|-damage|p2b: Garchomp|50/100\n|\n|upkeep\n|turn|4\n|\n|t:|1776149270\n|detailschange|p2a: Charizard|Charizard-Mega-Y, L50, M, shiny\n|-mega|p2a: Charizard|Charizard|Charizardite Y\n|-weather|SunnyDay|[from] ability: Drought|[of] p2a: Charizard\n|move|p1a: Palafin|Flip Turn|p2a: Charizard\n|-supereffective|p2a: Charizard|1\n|-damage|p2a: Charizard|34/100\n|\n|t:|1776149276\n|detailschange|p1a: Palafin|Palafin-Hero, L50, F\n|switch|p1a: Maushold|Maushold, L50|100/100|[from] Flip Turn\n|move|p2b: Garchomp|Stomping Tantrum|p1a: Maushold\n|-damage|p1a: Maushold|49/100\n|move|p2a: Charizard|Heat Wave|p1b: Farigiraf|[spread] p1a,p1b\n|-damage|p1a: Maushold|0 fnt\n|-damage|p1b: Farigiraf|3/100\n|faint|p1a: Maushold\n|move|p1b: Farigiraf|Trick Room|p1b: Farigiraf\n|-fieldstart|move: Trick Room|[of] p1b: Farigiraf\n|\n|-weather|SunnyDay|[upkeep]\n|upkeep\n|\n|t:|1776149296\n|switch|p1a: Rampardos|Rampardos, L50, F|21/100\n|turn|5\n|\n|t:|1776149316\n|move|p1a: Rampardos|Protect|p1a: Rampardos\n|-singleturn|p1a: Rampardos|Protect\n|move|p1b: Farigiraf|Hyper Voice|p2b: Garchomp|[spread] p2a,p2b\n|-damage|p2a: Charizard|7/100\n|-damage|p2b: Garchomp|25/100\n|move|p2a: Charizard|Heat Wave|p1b: Farigiraf|[spread] p1b\n|-activate|p1a: Rampardos|move: Protect\n|-damage|p1b: Farigiraf|0 fnt\n|faint|p1b: Farigiraf\n|move|p2b: Garchomp|Earthquake|p1a: Rampardos|[spread] \n|-activate|p1a: Rampardos|move: Protect\n|-immune|p2a: Charizard\n|\n|-weather|SunnyDay|[upkeep]\n|upkeep\n|\n|t:|1776149330\n|switch|p1b: Palafin|Palafin-Hero, L50, F|46/100\n|-activate|p1b: Palafin|ability: Zero to Hero\n|turn|6\n|\n|t:|1776149338\n|move|p2a: Charizard|Protect|p2a: Charizard\n|-singleturn|p2a: Charizard|Protect\n|move|p2b: Garchomp|Protect|p2b: Garchomp\n|-singleturn|p2b: Garchomp|Protect\n|move|p1b: Palafin|Jet Punch|p2b: Garchomp\n|-activate|p2b: Garchomp|move: Protect\n|move|p1a: Rampardos|Rock Slide|p2b: Garchomp|[spread] \n|-activate|p2a: Charizard|move: Protect\n|-activate|p2b: Garchomp|move: Protect\n|\n|-weather|SunnyDay|[upkeep]\n|upkeep\n|turn|7\n|inactive|Battle timer is ON: inactive players will automatically lose when time's up. (requested by lethlethleth)\n|\n|t:|1776149391\n|switch|p2b: Raichu|Raichu, L50, F, shiny|100/100\n|move|p1b: Palafin|Jet Punch|p2b: Raichu\n|-damage|p2b: Raichu|62/100\n|move|p1a: Rampardos|Rock Slide|p2a: Charizard|[spread] p2a,p2b\n|-supereffective|p2a: Charizard|2\n|-damage|p2a: Charizard|0 fnt\n|-damage|p2b: Raichu|0 fnt\n|faint|p2a: Charizard\n|faint|p2b: Raichu\n|\n|-weather|SunnyDay|[upkeep]\n|upkeep\n|\n|t:|1776149402\n|switch|p2b: Garchomp|Garchomp, L50, M, shiny|25/100\n|turn|8\n|\n|t:|1776149421\n|move|p1b: Palafin|Jet Punch|p2b: Garchomp\n|-damage|p2b: Garchomp|6/100\n|move|p1a: Rampardos|Rock Slide|p2b: Garchomp\n|-resisted|p2b: Garchomp|1\n|-damage|p2b: Garchomp|0 fnt\n|faint|p2b: Garchomp\n|\n|win|lethlethleth\n|raw|lethlethleth's rating: 1047 &rarr; <strong>1089</strong><br />(+42 for winning)\n|raw|caustic soda's rating: 1150 &rarr; <strong>1118</strong><br />(-32 for losing)\n|l|\u2606caustic soda\n|player|p2|\n",
  "uploadtime": 1776149461,
  "views": 17,
  "formatid": "gen9championsvgc2026regma",
  "rating": 1089,
  "private": 0,
  "password": null
}