{
  "id": "gen9championsvgc2026regma-2588197246",
  "format": "[Gen 9 Champions] VGC 2026 Reg M-A",
  "players": [
    "jsajsajs",
    "F0XYN"
  ],
  "log": "|j|\u2606jsajsajs\n|j|\u2606F0XYN\n|t:|1776613549\n|gametype|doubles\n|player|p1|jsajsajs|blue|1237\n|player|p2|F0XYN|265|1259\n|gen|9\n|tier|[Gen 9 Champions] VGC 2026 Reg M-A\n|rated|\n|rule|Species Clause: Limit one of each Pok\u00e9mon\n|rule|Item Clause: Limit 1 of each item\n|clearpoke\n|poke|p1|Feraligatr, L50, M, shiny|\n|poke|p1|Farigiraf, L50, F|\n|poke|p1|Politoed, L50, M, shiny|\n|poke|p1|Whimsicott, L50, F|\n|poke|p1|Kingambit, L50, M, shiny|\n|poke|p1|Basculegion, L50, M|\n|poke|p2|Excadrill, L50, F, shiny|\n|poke|p2|Tyranitar, L50, F, shiny|\n|poke|p2|Rotom-Wash, L50, shiny|\n|poke|p2|Sneasler, L50, F, shiny|\n|poke|p2|Dragapult, L50, M, shiny|\n|poke|p2|Meganium, L50, F, shiny|\n|teampreview|4\n|inactive|Battle timer is ON: inactive players will automatically lose when time's up. (requested by F0XYN)\n|inactive|jsajsajs has 60 seconds left.\n|\n|t:|1776613604\n|teamsize|p1|4\n|teamsize|p2|4\n|start\n|switch|p1a: Feraligatr|Feraligatr, L50, M, shiny|100/100\n|switch|p1b: Farigiraf|Farigiraf, L50, F|100/100\n|switch|p2a: Meganium|Meganium, L50, F, shiny|100/100\n|switch|p2b: Tyranitar|Tyranitar, L50, F, shiny|100/100\n|-weather|Sandstorm|[from] ability: Sand Stream|[of] p2b: Tyranitar\n|turn|1\n|inactive|jsajsajs has 30 seconds left.\n|inactive|jsajsajs has 20 seconds left.\n|inactive|jsajsajs has 15 seconds left.\n|\n|t:|1776613646\n|detailschange|p2a: Meganium|Meganium-Mega, L50, F, shiny\n|-mega|p2a: Meganium|Meganium|Meganiumite\n|move|p2a: Meganium|Dazzling Gleam|p1b: Farigiraf|[spread] p1a,p1b\n|-damage|p1a: Feraligatr|62/100\n|-damage|p1b: Farigiraf|65/100\n|move|p2b: Tyranitar|Knock Off|p1b: Farigiraf\n|-supereffective|p1b: Farigiraf|1\n|-enditem|p1b: Farigiraf|Colbur Berry|[eat]\n|-enditem|p1b: Farigiraf|Colbur Berry|[weaken]\n|-damage|p1b: Farigiraf|9/100\n|move|p1a: Feraligatr|Swords Dance|p1a: Feraligatr\n|-boost|p1a: Feraligatr|atk|2\n|move|p1b: Farigiraf|Trick Room|p1b: Farigiraf\n|-fieldstart|move: Trick Room|[of] p1b: Farigiraf\n|\n|-weather|Sandstorm|[upkeep]\n|-damage|p1b: Farigiraf|3/100|[from] Sandstorm\n|-damage|p1a: Feraligatr|56/100|[from] Sandstorm\n|-damage|p2a: Meganium|95/100|[from] Sandstorm\n|upkeep\n|turn|2\n|\n|t:|1776613670\n|move|p1a: Feraligatr|Protect|p1a: Feraligatr\n|-singleturn|p1a: Feraligatr|Protect\n|move|p2b: Tyranitar|Protect|p2b: Tyranitar\n|-singleturn|p2b: Tyranitar|Protect\n|move|p1b: Farigiraf|Hyper Voice|p2a: Meganium|[spread] p2a\n|-activate|p2b: Tyranitar|move: Protect\n|-damage|p2a: Meganium|64/100\n|move|p2a: Meganium|Solar Beam||[still]\n|-prepare|p2a: Meganium|Solar Beam\n|-activate|p2a: Meganium|ability: Mega Sol\n|-anim|p2a: Meganium|Solar Beam|p1a: Feraligatr\n|-activate|p1a: Feraligatr|move: Protect\n|\n|-weather|Sandstorm|[upkeep]\n|-damage|p1b: Farigiraf|0 fnt|[from] Sandstorm\n|-damage|p1a: Feraligatr|50/100|[from] Sandstorm\n|-damage|p2a: Meganium|58/100|[from] Sandstorm\n|faint|p1b: Farigiraf\n|upkeep\n|\n|t:|1776613686\n|switch|p1b: Kingambit|Kingambit, L50, M, shiny|100/100\n|turn|3\n|inactive|jsajsajs has 30 seconds left.\n|inactive|F0XYN has 30 seconds left.\n|\n|t:|1776613721\n|detailschange|p1a: Feraligatr|Feraligatr-Mega, L50, M, shiny\n|-mega|p1a: Feraligatr|Feraligatr|Feraligite\n|move|p1b: Kingambit|Iron Head|p2a: Meganium\n|-supereffective|p2a: Meganium|1\n|-crit|p2a: Meganium\n|-damage|p2a: Meganium|0 fnt\n|faint|p2a: Meganium\n|move|p1a: Feraligatr|Body Slam|p2b: Tyranitar\n|-damage|p2b: Tyranitar|0 fnt\n|faint|p2b: Tyranitar\n|\n|-weather|Sandstorm|[upkeep]\n|-damage|p1a: Feraligatr|44/100|[from] Sandstorm\n|upkeep\n|\n|t:|1776613725\n|switch|p2b: Rotom|Rotom-Wash, L50, shiny|100/100\n|switch|p2a: Dragapult|Dragapult, L50, M, shiny|100/100\n|turn|4\n|\n|t:|1776613748\n|move|p2a: Dragapult|Protect|p2a: Dragapult\n|-singleturn|p2a: Dragapult|Protect\n|move|p1b: Kingambit|Kowtow Cleave|p2a: Dragapult\n|-activate|p2a: Dragapult|move: Protect\n|move|p1a: Feraligatr|Body Slam|p2b: Rotom\n|-damage|p2b: Rotom|0 fnt\n|faint|p2b: Rotom\n|\n|-weather|Sandstorm|[upkeep]\n|-damage|p1a: Feraligatr|37/100|[from] Sandstorm\n|-damage|p2a: Dragapult|94/100|[from] Sandstorm\n|upkeep\n|turn|5\n|-message|F0XYN forfeited.\n|\n|win|jsajsajs\n|raw|jsajsajs's rating: 1237 &rarr; <strong>1264</strong><br />(+27 for winning)\n|raw|F0XYN's rating: 1259 &rarr; <strong>1232</strong><br />(-27 for losing)\n|l|\u2606F0XYN\n|player|p2|\n",
  "uploadtime": 1776613777,
  "views": 21,
  "formatid": "gen9championsvgc2026regma",
  "rating": 1232,
  "private": 0,
  "password": null
}