{
  "id": "gen9championsvgc2026regma-2587262148",
  "format": "[Gen 9 Champions] VGC 2026 Reg M-A",
  "players": [
    "BlackStar150520",
    "cheertestacc"
  ],
  "log": "|j|\u2606BlackStar150520\n|j|\u2606cheertestacc\n|t:|1776515789\n|gametype|doubles\n|player|p1|BlackStar150520|unknown|1019\n|player|p2|cheertestacc|swimmer-gen4dp|1000\n|gen|9\n|tier|[Gen 9 Champions] VGC 2026 Reg M-A\n|rated|\n|rule|Species Clause: Limit one of each Pok\u00e9mon\n|rule|Item Clause: Limit 1 of each item\n|clearpoke\n|poke|p1|Starmie, L50|\n|poke|p1|Sinistcha-Masterpiece, L50|\n|poke|p1|Sneasler, L50, M, shiny|\n|poke|p1|Arcanine-Hisui, L50, F|\n|poke|p1|Clefable, L50, F|\n|poke|p1|Kingambit, L50, F, shiny|\n|poke|p2|Charizard, L50, F|\n|poke|p2|Talonflame, L50, M|\n|poke|p2|Basculegion, L50, M|\n|poke|p2|Kingambit, L50, F|\n|poke|p2|Sneasler, L50, M|\n|poke|p2|Klefki, L50, F|\n|teampreview|4\n|inactive|Battle timer is ON: inactive players will automatically lose when time's up. (requested by cheertestacc)\n|inactive|BlackStar150520 also wants the timer to be on.\n|inactive|cheertestacc has 60 seconds left.\n|\n|t:|1776515836\n|teamsize|p1|4\n|teamsize|p2|4\n|start\n|switch|p1a: Arcanine|Arcanine-Hisui, L50, F|100/100\n|switch|p1b: Sneasler|Sneasler, L50, M, shiny|100/100\n|switch|p2a: Sneasler|Sneasler, L50, M|100/100\n|switch|p2b: Charizard|Charizard, L50, F|100/100\n|-ability|p1a: Arcanine|Intimidate|boost\n|-unboost|p2a: Sneasler|atk|1\n|-unboost|p2b: Charizard|atk|1\n|-enditem|p2a: Sneasler|White Herb\n|-clearnegativeboost|p2a: Sneasler|[silent]\n|turn|1\n|inactive|cheertestacc has 30 seconds left.\n|inactive|cheertestacc has 20 seconds left.\n|inactive|cheertestacc has 15 seconds left.\n|inactive|cheertestacc has 10 seconds left.\n|\n|t:|1776515883\n|detailschange|p2b: Charizard|Charizard-Mega-X, L50, F\n|-mega|p2b: Charizard|Charizard|Charizardite X\n|move|p1b: Sneasler|Protect|p1b: Sneasler\n|-singleturn|p1b: Sneasler|Protect\n|move|p2a: Sneasler|Fake Out|p1b: Sneasler\n|-activate|p1b: Sneasler|move: Protect\n|move|p2b: Charizard|Dragon Claw|p1a: Arcanine\n|-damage|p1a: Arcanine|62/100\n|move|p1a: Arcanine|Rock Slide|p2b: Charizard|[spread] p2a,p2b\n|-resisted|p2a: Sneasler|1\n|-supereffective|p2b: Charizard|1\n|-damage|p2a: Sneasler|80/100\n|-damage|p2b: Charizard|67/100\n|\n|-heal|p1a: Arcanine|68/100|[from] item: Leftovers\n|upkeep\n|turn|2\n|inactive|cheertestacc has 30 seconds left.\n|\n|t:|1776515909\n|move|p2b: Charizard|Protect|p2b: Charizard\n|-singleturn|p2b: Charizard|Protect\n|move|p1a: Arcanine|Extreme Speed|p2a: Sneasler\n|-damage|p2a: Sneasler|44/100\n|move|p2a: Sneasler|Coaching|p2b: Charizard\n|-boost|p2b: Charizard|atk|1\n|-boost|p2b: Charizard|def|1\n|move|p1b: Sneasler|Close Combat|p2b: Charizard\n|-activate|p2b: Charizard|move: Protect\n|\n|-heal|p1a: Arcanine|74/100|[from] item: Leftovers\n|upkeep\n|turn|3\n|inactive|BlackStar150520 has 30 seconds left.\n|\n|t:|1776515938\n|move|p1a: Arcanine|Extreme Speed|p2a: Sneasler\n|-damage|p2a: Sneasler|10/100\n|move|p2a: Sneasler|Coaching|p2b: Charizard\n|-boost|p2b: Charizard|atk|1\n|-boost|p2b: Charizard|def|1\n|move|p1b: Sneasler|Close Combat|p2b: Charizard\n|-damage|p2b: Charizard|37/100\n|-unboost|p1b: Sneasler|def|1\n|-unboost|p1b: Sneasler|spd|1\n|-enditem|p1b: Sneasler|White Herb\n|-clearnegativeboost|p1b: Sneasler|[silent]\n|move|p2b: Charizard|Dragon Claw|p1a: Arcanine\n|-damage|p1a: Arcanine|0 fnt\n|faint|p1a: Arcanine\n|\n|upkeep\n|\n|t:|1776515943\n|switch|p1a: Starmie|Starmie, L50|100/100\n|turn|4\n|\n|t:|1776515962\n|detailschange|p1a: Starmie|Starmie-Mega, L50\n|-mega|p1a: Starmie|Starmie|Starminite\n|move|p2b: Charizard|Protect|p2b: Charizard\n|-singleturn|p2b: Charizard|Protect\n|move|p2a: Sneasler|Coaching|p2b: Charizard\n|-boost|p2b: Charizard|atk|1\n|-boost|p2b: Charizard|def|1\n|move|p1b: Sneasler|Dire Claw|p2a: Sneasler\n|-resisted|p2a: Sneasler|1\n|-damage|p2a: Sneasler|0 fnt\n|faint|p2a: Sneasler\n|move|p1a: Starmie|Liquidation|p2b: Charizard\n|-activate|p2b: Charizard|move: Protect\n|\n|upkeep\n|l|\u2606cheertestacc\n|inactive|cheertestacc disconnected and has a minute to reconnect!\n|player|p2|\n|j|\u2606cheertestacc\n|inactive|cheertestacc reconnected and has 45 seconds left.\n|player|p2|cheertestacc|swimmer-gen4dp|\n|inactive|cheertestacc has 30 seconds left.\n|inactive|cheertestacc has 20 seconds left.\n|\n|t:|1776516000\n|switch|p2a: Kingambit|Kingambit, L50, F|100/100\n|turn|5\n|\n|t:|1776516028\n|move|p1a: Starmie|Protect|p1a: Starmie\n|-singleturn|p1a: Starmie|Protect\n|move|p2a: Kingambit|Sucker Punch||[still]\n|-fail|p2a: Kingambit\n|move|p1b: Sneasler|Close Combat|p2a: Kingambit\n|-supereffective|p2a: Kingambit|2\n|-damage|p2a: Kingambit|0 fnt\n|-unboost|p1b: Sneasler|def|1\n|-unboost|p1b: Sneasler|spd|1\n|faint|p2a: Kingambit\n|move|p2b: Charizard|Dragon Claw|p1a: Starmie\n|-activate|p1a: Starmie|move: Protect\n|\n|upkeep\n|\n|t:|1776516035\n|switch|p2a: Basculegion|Basculegion, L50, M|100/100\n|turn|6\n|\n|t:|1776516052\n|switch|p1a: Clefable|Clefable, L50, F|100/100\n|move|p1b: Sneasler|Dire Claw|p2a: Basculegion\n|-resisted|p2a: Basculegion|1\n|-damage|p2a: Basculegion|73/100\n|move|p2a: Basculegion|Last Respects|p1a: Clefable\n|-damage|p1a: Clefable|28/100\n|-enditem|p1a: Clefable|Sitrus Berry|[eat]\n|-heal|p1a: Clefable|53/100|[from] item: Sitrus Berry\n|move|p2b: Charizard|Dragon Claw|p1b: Sneasler\n|-damage|p1b: Sneasler|0 fnt\n|faint|p1b: Sneasler\n|\n|upkeep\n|\n|t:|1776516066\n|switch|p1b: Starmie|Starmie-Mega, L50|100/100\n|turn|7\n|\n|t:|1776516082\n|move|p1a: Clefable|Follow Me|p1a: Clefable\n|-singleturn|p1a: Clefable|move: Follow Me\n|move|p2a: Basculegion|Last Respects|p1a: Clefable\n|-damage|p1a: Clefable|0 fnt\n|faint|p1a: Clefable\n|move|p1b: Starmie|Psycho Cut|p2a: Basculegion\n|-damage|p2a: Basculegion|0 fnt\n|faint|p2a: Basculegion\n|move|p2b: Charizard|Flare Blitz|p1b: Starmie\n|-resisted|p1b: Starmie|1\n|-damage|p1b: Starmie|9/100\n|-damage|p2b: Charizard|13/100|[from] Recoil\n|\n|upkeep\n|turn|8\n|\n|t:|1776516107\n|move|p1b: Starmie|Psycho Cut|p2b: Charizard\n|-damage|p2b: Charizard|0 fnt\n|faint|p2b: Charizard\n|\n|win|BlackStar150520\n|raw|BlackStar150520's rating: 1061 &rarr; <strong>1086</strong><br />(+25 for winning)\n|raw|cheertestacc's rating: 1000 &rarr; <strong>1000</strong><br />(+0 for losing)\n|l|\u2606cheertestacc\n|player|p2|\n",
  "uploadtime": 1776516114,
  "views": 13,
  "formatid": "gen9championsvgc2026regma",
  "rating": 1000,
  "private": 0,
  "password": null
}