{
  "id": "gen9championsvgc2026regma-2583481560",
  "format": "[Gen 9 Champions] VGC 2026 Reg M-A",
  "players": [
    "mangosalmonpoke",
    "Mr_D_Rex957"
  ],
  "log": "|j|\u2606mangosalmonpoke\n|j|\u2606Mr_D_Rex957\n|t:|1776178412\n|gametype|doubles\n|player|p1|mangosalmonpoke|265|1076\n|player|p2|Mr_D_Rex957|102|1133\n|gen|9\n|tier|[Gen 9 Champions] VGC 2026 Reg M-A\n|rated|\n|rule|Species Clause: Limit one of each Pok\u00e9mon\n|rule|Item Clause: Limit 1 of each item\n|clearpoke\n|poke|p1|Meganium, L50, F|\n|poke|p1|Pelipper, L50, M|\n|poke|p1|Basculegion, L50, M|\n|poke|p1|Archaludon, L50, M|\n|poke|p1|Sneasler, L50, F|\n|poke|p1|Garchomp, L50, F|\n|poke|p2|Garchomp, L50, M|\n|poke|p2|Rotom-Wash, L50|\n|poke|p2|Incineroar, L50, M|\n|poke|p2|Aerodactyl, L50, M|\n|poke|p2|Whimsicott, L50, F|\n|poke|p2|Gardevoir, L50, F|\n|teampreview|4\n|\n|t:|1776178449\n|teamsize|p1|4\n|teamsize|p2|4\n|start\n|switch|p1a: Sneasler|Sneasler, L50, F|100/100\n|switch|p1b: Pelipper|Pelipper, L50, M|100/100\n|switch|p2a: Whimsicott|Whimsicott, L50, F|100/100\n|switch|p2b: Rotom|Rotom-Wash, L50|100/100\n|-weather|RainDance|[from] ability: Drizzle|[of] p1b: Pelipper\n|turn|1\n|\n|t:|1776178473\n|move|p1a: Sneasler|Fake Out|p2b: Rotom\n|-damage|p2b: Rotom|83/100\n|move|p2a: Whimsicott|Taunt|p1b: Pelipper\n|-start|p1b: Pelipper|move: Taunt\n|cant|p2b: Rotom|flinch\n|move|p1b: Pelipper|Hurricane|p2a: Whimsicott\n|-supereffective|p2a: Whimsicott|1\n|-enditem|p2a: Whimsicott|Focus Sash\n|-damage|p2a: Whimsicott|1/100\n|-start|p2a: Whimsicott|confusion\n|\n|-weather|RainDance|[upkeep]\n|upkeep\n|turn|2\n|\n|t:|1776178499\n|switch|p1b: Meganium|Meganium, L50, F|100/100\n|move|p1a: Sneasler|Protect|p1a: Sneasler\n|-singleturn|p1a: Sneasler|Protect\n|-activate|p2a: Whimsicott|confusion\n|move|p2a: Whimsicott|Tailwind|p2a: Whimsicott\n|-sidestart|p2: Mr_D_Rex957|move: Tailwind\n|move|p2b: Rotom|Electroweb|p1a: Sneasler|[spread] p1b\n|-activate|p1a: Sneasler|move: Protect\n|-resisted|p1b: Meganium|1\n|-damage|p1b: Meganium|92/100\n|-unboost|p1b: Meganium|spe|1\n|\n|-weather|RainDance|[upkeep]\n|upkeep\n|turn|3\n|\n|t:|1776178537\n|detailschange|p1b: Meganium|Meganium-Mega, L50, F\n|-mega|p1b: Meganium|Meganium|Meganiumite\n|-end|p2a: Whimsicott|confusion\n|move|p2a: Whimsicott|Encore|p1a: Sneasler\n|-start|p1a: Sneasler|Encore\n|move|p1a: Sneasler|Protect|p1a: Sneasler\n|-singleturn|p1a: Sneasler|Protect\n|move|p2b: Rotom|Volt Switch|p1b: Meganium\n|-resisted|p1b: Meganium|1\n|-damage|p1b: Meganium|80/100\n|\n|t:|1776178553\n|switch|p2b: Aerodactyl|Aerodactyl, L50, M|100/100|[from] Volt Switch\n|-ability|p2b: Aerodactyl|Unnerve\n|move|p1b: Meganium|Solar Beam||[still]\n|-prepare|p1b: Meganium|Solar Beam\n|-activate|p1b: Meganium|ability: Mega Sol\n|-anim|p1b: Meganium|Solar Beam|p2b: Aerodactyl\n|-damage|p2b: Aerodactyl|0 fnt\n|faint|p2b: Aerodactyl\n|\n|-weather|RainDance|[upkeep]\n|upkeep\n|\n|t:|1776178559\n|switch|p2b: Garchomp|Garchomp, L50, M|100/100\n|turn|4\n|\n|t:|1776178586\n|switch|p1a: Pelipper|Pelipper, L50, M|100/100\n|detailschange|p2b: Garchomp|Garchomp-Mega, L50, M\n|-mega|p2b: Garchomp|Garchomp|Garchompite\n|move|p2a: Whimsicott|Energy Ball|p1b: Meganium\n|-resisted|p1b: Meganium|1\n|-damage|p1b: Meganium|67/100\n|move|p2b: Garchomp|Earthquake|p1b: Meganium|[spread] p2a,p1b\n|-immune|p1a: Pelipper\n|-resisted|p2a: Whimsicott|1\n|-resisted|p1b: Meganium|1\n|-damage|p2a: Whimsicott|0 fnt\n|-damage|p1b: Meganium|50/100\n|faint|p2a: Whimsicott\n|move|p1b: Meganium|Dazzling Gleam|p2b: Garchomp\n|-supereffective|p2b: Garchomp|1\n|-damage|p2b: Garchomp|17/100\n|\n|-weather|RainDance|[upkeep]\n|upkeep\n|\n|t:|1776178592\n|switch|p2a: Rotom|Rotom-Wash, L50|83/100\n|turn|5\n|\n|t:|1776178620\n|move|p1b: Meganium|Protect|p1b: Meganium\n|-singleturn|p1b: Meganium|Protect\n|move|p2b: Garchomp|Earthquake|p1b: Meganium|[spread] \n|-activate|p1b: Meganium|move: Protect\n|-immune|p2a: Rotom|[from] ability: Levitate\n|-immune|p1a: Pelipper\n|move|p2a: Rotom|Electroweb|p1a: Pelipper|[spread] p1a\n|-activate|p1b: Meganium|move: Protect\n|-supereffective|p1a: Pelipper|2\n|-damage|p1a: Pelipper|14/100\n|-unboost|p1a: Pelipper|spe|1\n|move|p1a: Pelipper|Tailwind|p1a: Pelipper\n|-sidestart|p1: mangosalmonpoke|move: Tailwind\n|\n|-weather|none\n|-sideend|p2: Mr_D_Rex957|move: Tailwind\n|upkeep\n|turn|6\n|\n|t:|1776178651\n|move|p2b: Garchomp|Earthquake|p1a: Pelipper|[spread] p1b\n|-immune|p2a: Rotom|[from] ability: Levitate\n|-immune|p1a: Pelipper\n|-resisted|p1b: Meganium|1\n|-damage|p1b: Meganium|34/100\n|move|p2a: Rotom|Electroweb|p1b: Meganium|[spread] p1a,p1b\n|-supereffective|p1a: Pelipper|2\n|-resisted|p1b: Meganium|1\n|-damage|p1a: Pelipper|0 fnt\n|-damage|p1b: Meganium|27/100\n|-unboost|p1b: Meganium|spe|1\n|faint|p1a: Pelipper\n|move|p1b: Meganium|Dazzling Gleam|p2b: Garchomp|[spread] p2a,p2b\n|-supereffective|p2b: Garchomp|1\n|-damage|p2a: Rotom|32/100\n|-damage|p2b: Garchomp|0 fnt\n|-enditem|p2a: Rotom|Sitrus Berry|[eat]\n|-heal|p2a: Rotom|57/100|[from] item: Sitrus Berry\n|faint|p2b: Garchomp\n|\n|upkeep\n|\n|t:|1776178670\n|switch|p1a: Sneasler|Sneasler, L50, F|100/100\n|turn|7\n|\n|t:|1776178679\n|move|p1a: Sneasler|Fake Out|p2a: Rotom\n|-damage|p2a: Rotom|40/100\n|cant|p2a: Rotom|flinch\n|move|p1b: Meganium|Solar Beam||[still]\n|-prepare|p1b: Meganium|Solar Beam\n|-activate|p1b: Meganium|ability: Mega Sol\n|-anim|p1b: Meganium|Solar Beam|p2a: Rotom\n|-supereffective|p2a: Rotom|1\n|-damage|p2a: Rotom|0 fnt\n|faint|p2a: Rotom\n|\n|win|mangosalmonpoke\n|raw|mangosalmonpoke's rating: 1076 &rarr; <strong>1109</strong><br />(+33 for winning)\n|raw|Mr_D_Rex957's rating: 1133 &rarr; <strong>1104</strong><br />(-29 for losing)\n|l|\u2606Mr_D_Rex957\n|player|p2|\n",
  "uploadtime": 1776178694,
  "views": 16,
  "formatid": "gen9championsvgc2026regma",
  "rating": 1104,
  "private": 0,
  "password": null
}