{
  "id": "gen9championsvgc2026regma-2583766458",
  "format": "[Gen 9 Champions] VGC 2026 Reg M-A",
  "players": [
    "bo1scammer",
    "Ckoqee"
  ],
  "log": "|j|\u2606bo1scammer\n|j|\u2606Ckoqee\n|t:|1776196275\n|gametype|doubles\n|player|p1|bo1scammer|rocketgruntf|1102\n|player|p2|Ckoqee|169|1005\n|gen|9\n|tier|[Gen 9 Champions] VGC 2026 Reg M-A\n|rated|\n|rule|Species Clause: Limit one of each Pok\u00e9mon\n|rule|Item Clause: Limit 1 of each item\n|clearpoke\n|poke|p1|Incineroar, L50, M|\n|poke|p1|Floette-Eternal, L50, F|\n|poke|p1|Sneasler, L50, M|\n|poke|p1|Aerodactyl, L50, F|\n|poke|p1|Garchomp, L50, M|\n|poke|p1|Sinistcha, L50|\n|poke|p2|Glimmora, L50, F|\n|poke|p2|Slowking-Galar, L50, M|\n|poke|p2|Sneasler, L50, M|\n|poke|p2|Toxapex, L50, F|\n|poke|p2|Rhyperior, L50, M|\n|poke|p2|Venusaur, L50, M|\n|teampreview|4\n|inactive|Battle timer is ON: inactive players will automatically lose when time's up. (requested by bo1scammer)\n|inactive|bo1scammer has 60 seconds left.\n|\n|t:|1776196330\n|teamsize|p1|4\n|teamsize|p2|4\n|start\n|switch|p1a: Aerodactyl|Aerodactyl, L50, F|100/100\n|switch|p1b: Garchomp|Garchomp, L50, M, shiny|100/100\n|switch|p2a: Glimmora|Glimmora, L50, F|100/100\n|switch|p2b: Slowking|Slowking-Galar, L50, M|100/100\n|-ability|p1a: Aerodactyl|Unnerve\n|-clearboost|p2a: Glimmora|[from] ability: Curious Medicine|[of] p2b: Slowking\n|turn|1\n|\n|t:|1776196344\n|move|p1b: Garchomp|Earthquake|p2b: Slowking|[spread] p2a,p2b\n|-immune|p1a: Aerodactyl\n|-supereffective|p2a: Glimmora|2\n|-supereffective|p2b: Slowking|1\n|-damage|p2a: Glimmora|0 fnt\n|-damage|p2b: Slowking|35/100\n|-activate|p2a: Glimmora|ability: Toxic Debris\n|-sidestart|p1: bo1scammer|move: Toxic Spikes\n|faint|p2a: Glimmora\n|move|p1a: Aerodactyl|Rock Slide|p2b: Slowking|[miss]\n|-miss|p1a: Aerodactyl|p2b: Slowking\n|move|p2b: Slowking|Trick Room|p2b: Slowking\n|-fieldstart|move: Trick Room|[of] p2b: Slowking\n|\n|upkeep\n|\n|t:|1776196357\n|switch|p2a: Toxapex|Toxapex, L50, F|100/100\n|turn|2\n|\n|t:|1776196381\n|switch|p1b: Incineroar|Incineroar, L50, M|100/100\n|-status|p1b: Incineroar|psn\n|-ability|p1b: Incineroar|Intimidate|boost\n|-unboost|p2a: Toxapex|atk|1\n|-unboost|p2b: Slowking|atk|1\n|move|p2b: Slowking|Chilling Water|p1a: Aerodactyl\n|-supereffective|p1a: Aerodactyl|1\n|-damage|p1a: Aerodactyl|62/100\n|-unboost|p1a: Aerodactyl|atk|1\n|move|p2a: Toxapex|Ice Beam|p1b: Incineroar\n|-resisted|p1b: Incineroar|1\n|-damage|p1b: Incineroar|94/100 psn\n|move|p1a: Aerodactyl|Rock Slide|p2b: Slowking|[spread] p2a,p2b\n|-damage|p2a: Toxapex|87/100\n|-damage|p2b: Slowking|22/100\n|\n|-heal|p2a: Toxapex|93/100|[from] item: Leftovers\n|-damage|p1b: Incineroar|81/100 psn|[from] psn\n|upkeep\n|turn|3\n|inactive|bo1scammer has 30 seconds left.\n|inactive|Ckoqee has 30 seconds left.\n|\n|t:|1776196410\n|move|p2a: Toxapex|Baneful Bunker|p2a: Toxapex\n|-singleturn|p2a: Toxapex|move: Protect\n|move|p2b: Slowking|Chilling Water|p1a: Aerodactyl\n|-supereffective|p1a: Aerodactyl|1\n|-damage|p1a: Aerodactyl|20/100\n|-unboost|p1a: Aerodactyl|atk|1\n|move|p1b: Incineroar|Throat Chop|p2b: Slowking\n|-supereffective|p2b: Slowking|1\n|-damage|p2b: Slowking|0 fnt\n|faint|p2b: Slowking\n|move|p1a: Aerodactyl|Rock Slide|p2a: Toxapex\n|-activate|p2a: Toxapex|move: Protect\n|\n|-heal|p2a: Toxapex|99/100|[from] item: Leftovers\n|-damage|p1b: Incineroar|69/100 psn|[from] psn\n|upkeep\n|\n|t:|1776196435\n|switch|p2b: Rhyperior|Rhyperior, L50, M|100/100\n|turn|4\n|inactive|bo1scammer has 30 seconds left.\n|inactive|bo1scammer has 20 seconds left.\n|inactive|bo1scammer has 15 seconds left.\n|inactive|bo1scammer has 10 seconds left.\n|\n|t:|1776196483\n|move|p1a: Aerodactyl|Protect|p1a: Aerodactyl\n|-singleturn|p1a: Aerodactyl|Protect\n|move|p2b: Rhyperior|Drill Run|p1b: Incineroar\n|-supereffective|p1b: Incineroar|1\n|-enditem|p1b: Incineroar|Shuca Berry|[eat]\n|-enditem|p1b: Incineroar|Shuca Berry|[weaken]\n|-damage|p1b: Incineroar|32/100 psn\n|move|p2a: Toxapex|Ice Beam|p1a: Aerodactyl\n|-activate|p1a: Aerodactyl|move: Protect\n|move|p1b: Incineroar|Parting Shot|p2b: Rhyperior\n|-unboost|p2b: Rhyperior|atk|1\n|-unboost|p2b: Rhyperior|spa|1\n|\n|t:|1776196496\n|switch|p1b: Sinistcha|Sinistcha, L50|100/100|[from] Parting Shot\n|-status|p1b: Sinistcha|psn\n|-heal|p1a: Aerodactyl|45/100|[from] ability: Hospitality|[of] p1b: Sinistcha\n|\n|-heal|p2a: Toxapex|100/100|[from] item: Leftovers\n|-damage|p1b: Sinistcha|88/100 psn|[from] psn\n|upkeep\n|turn|5\n|\n|t:|1776196507\n|switch|p1a: Incineroar|Incineroar, L50, M|32/100 psn\n|-ability|p1a: Incineroar|Intimidate|boost\n|-unboost|p2a: Toxapex|atk|1\n|-unboost|p2b: Rhyperior|atk|1\n|move|p2b: Rhyperior|Rock Blast|p1a: Incineroar\n|-supereffective|p1a: Incineroar|1\n|-damage|p1a: Incineroar|17/100 psn\n|-supereffective|p1a: Incineroar|1\n|-damage|p1a: Incineroar|2/100 psn\n|-supereffective|p1a: Incineroar|1\n|-crit|p1a: Incineroar\n|-damage|p1a: Incineroar|0 fnt\n|faint|p1a: Incineroar\n|-hitcount|p1: Incineroar|3\n|move|p2a: Toxapex|Ice Beam|p1b: Sinistcha\n|-supereffective|p1b: Sinistcha|1\n|-damage|p1b: Sinistcha|57/100 psn\n|move|p1b: Sinistcha|Matcha Gotcha|p2b: Rhyperior|[spread] p2a,p2b\n|-supereffective|p2b: Rhyperior|2\n|-damage|p2a: Toxapex|83/100\n|-heal|p1b: Sinistcha|65/100 psn|[from] drain|[of] p2a: Toxapex\n|-damage|p2b: Rhyperior|28/100\n|-heal|p1b: Sinistcha|100/100 psn|[from] drain|[of] p2b: Rhyperior\n|-status|p2b: Rhyperior|brn\n|\n|-heal|p2a: Toxapex|89/100|[from] item: Leftovers\n|-damage|p1b: Sinistcha|88/100 psn|[from] psn\n|-damage|p2b: Rhyperior|22/100 brn|[from] brn\n|-fieldend|move: Trick Room\n|upkeep\n|inactive|bo1scammer has 30 seconds left.\n|\n|t:|1776196538\n|switch|p1a: Aerodactyl|Aerodactyl, L50, F|45/100\n|-ability|p1a: Aerodactyl|Unnerve\n|turn|6\n|\n|t:|1776196550\n|move|p2b: Rhyperior|Protect|p2b: Rhyperior\n|-singleturn|p2b: Rhyperior|Protect\n|move|p1a: Aerodactyl|Rock Slide|p2b: Rhyperior|[spread] p2a\n|-activate|p2b: Rhyperior|move: Protect\n|-damage|p2a: Toxapex|70/100\n|move|p1b: Sinistcha|Matcha Gotcha|p2b: Rhyperior|[spread] p2a\n|-activate|p2b: Rhyperior|move: Protect\n|-crit|p2a: Toxapex\n|-damage|p2a: Toxapex|41/100\n|-heal|p1b: Sinistcha|100/100 psn|[from] drain|[of] p2a: Toxapex\n|-status|p2a: Toxapex|brn\n|cant|p2a: Toxapex|flinch\n|\n|-heal|p2a: Toxapex|47/100 brn|[from] item: Leftovers\n|-damage|p1b: Sinistcha|88/100 psn|[from] psn\n|-damage|p2a: Toxapex|41/100 brn|[from] brn\n|-damage|p2b: Rhyperior|16/100 brn|[from] brn\n|upkeep\n|turn|7\n|c|\u2606Ckoqee|gg\n|\n|t:|1776196573\n|move|p1a: Aerodactyl|Rock Slide|p2b: Rhyperior|[spread] p2a,p2b\n|-resisted|p2b: Rhyperior|1\n|-damage|p2a: Toxapex|20/100 brn\n|-damage|p2b: Rhyperior|7/100 brn\n|move|p1b: Sinistcha|Matcha Gotcha|p2b: Rhyperior|[spread] p2a,p2b\n|-supereffective|p2b: Rhyperior|2\n|-damage|p2a: Toxapex|0 fnt\n|-heal|p1b: Sinistcha|97/100 psn|[from] drain|[of] p2a: Toxapex\n|-damage|p2b: Rhyperior|0 fnt\n|-heal|p1b: Sinistcha|100/100 psn|[from] drain|[of] p2b: Rhyperior\n|faint|p2a: Toxapex\n|faint|p2b: Rhyperior\n|\n|win|bo1scammer\n|raw|bo1scammer's rating: 1102 &rarr; <strong>1120</strong><br />(+18 for winning)\n|raw|Ckoqee's rating: 1005 &rarr; <strong>1000</strong><br />(-5 for losing)\n",
  "uploadtime": 1776196573,
  "views": 22,
  "formatid": "gen9championsvgc2026regma",
  "rating": 1000,
  "private": 0,
  "password": null
}