{
  "id": "gen9championsvgc2026regma-2587850265",
  "format": "[Gen 9 Champions] VGC 2026 Reg M-A",
  "players": [
    "TheGamingMammoth",
    "dylzee"
  ],
  "log": "|j|\u2606TheGamingMammoth\n|j|\u2606dylzee\n|t:|1776570496\n|gametype|doubles\n|player|p1|TheGamingMammoth|1|1000\n|player|p2|dylzee|265|1028\n|gen|9\n|tier|[Gen 9 Champions] VGC 2026 Reg M-A\n|rated|\n|rule|Species Clause: Limit one of each Pok\u00e9mon\n|rule|Item Clause: Limit 1 of each item\n|clearpoke\n|poke|p1|Politoed, L50, F|\n|poke|p1|Abomasnow, L50, M|\n|poke|p1|Basculegion, L50, M|\n|poke|p1|Archaludon, L50, M|\n|poke|p1|Aerodactyl, L50, M|\n|poke|p1|Venusaur, L50, M|\n|poke|p2|Meganium, L50, M|\n|poke|p2|Aerodactyl, L50, M|\n|poke|p2|Tauros-Paldea-Aqua, L50, M|\n|poke|p2|Archaludon, L50, F|\n|poke|p2|Typhlosion-Hisui, L50, M|\n|poke|p2|Kangaskhan, L50, F|\n|teampreview|4\n|\n|t:|1776570547\n|teamsize|p1|4\n|teamsize|p2|4\n|start\n|switch|p1a: Abomasnow|Abomasnow, L50, M|100/100\n|switch|p1b: Politoed|Politoed, L50, F|100/100\n|switch|p2a: Aerodactyl|Aerodactyl, L50, M|100/100\n|switch|p2b: Archaludon|Archaludon, L50, F|100/100\n|-ability|p2a: Aerodactyl|Unnerve\n|-weather|RainDance|[from] ability: Drizzle|[of] p1b: Politoed\n|-weather|Snowscape|[from] ability: Snow Warning|[of] p1a: Abomasnow\n|turn|1\n|-activate|p1a: Abomasnow|item: Quick Claw\n|\n|t:|1776570607\n|move|p2a: Aerodactyl|Protect|p2a: Aerodactyl\n|-singleturn|p2a: Aerodactyl|Protect\n|move|p1a: Abomasnow|Shadow Ball|p2b: Archaludon\n|-damage|p2b: Archaludon|76/100\n|move|p1b: Politoed|Ice Beam|p2b: Archaludon\n|-damage|p2b: Archaludon|41/100\n|move|p2b: Archaludon|Thunderbolt|p1b: Politoed\n|-supereffective|p1b: Politoed|1\n|-damage|p1b: Politoed|27/100\n|\n|-weather|Snowscape|[upkeep]\n|upkeep\n|turn|2\n|\n|t:|1776570646\n|switch|p1b: Venusaur|Venusaur, L50, M|100/100\n|move|p2b: Archaludon|Protect|p2b: Archaludon\n|-singleturn|p2b: Archaludon|Protect\n|move|p2a: Aerodactyl|Tailwind|p2a: Aerodactyl\n|-sidestart|p2: dylzee|move: Tailwind\n|move|p1a: Abomasnow|Earthquake|p2a: Aerodactyl|[spread] p1b\n|-activate|p2b: Archaludon|move: Protect\n|-immune|p2a: Aerodactyl\n|-damage|p1b: Venusaur|85/100\n|\n|-weather|Snowscape|[upkeep]\n|upkeep\n|turn|3\n|\n|t:|1776570673\n|move|p1b: Venusaur|Protect|p1b: Venusaur\n|-singleturn|p1b: Venusaur|Protect\n|move|p2a: Aerodactyl|Dual Wingbeat|p1b: Venusaur\n|-activate|p1b: Venusaur|move: Protect\n|move|p2b: Archaludon|Flash Cannon|p1a: Abomasnow\n|-supereffective|p1a: Abomasnow|1\n|-damage|p1a: Abomasnow|3/100\n|move|p1a: Abomasnow|Shadow Ball|p2b: Archaludon\n|-damage|p2b: Archaludon|13/100\n|\n|-weather|Snowscape|[upkeep]\n|upkeep\n|turn|4\n|-activate|p1a: Abomasnow|item: Quick Claw\n|\n|t:|1776570719\n|move|p1a: Abomasnow|Weather Ball|p2b: Archaludon\n|-damage|p2b: Archaludon|0 fnt\n|faint|p2b: Archaludon\n|move|p2a: Aerodactyl|Dual Wingbeat|p1b: Venusaur\n|-supereffective|p1b: Venusaur|1\n|-damage|p1b: Venusaur|54/100\n|-supereffective|p1b: Venusaur|1\n|-damage|p1b: Venusaur|23/100\n|-hitcount|p1b: Venusaur|2\n|move|p1b: Venusaur|Sleep Powder|p2a: Aerodactyl\n|-status|p2a: Aerodactyl|slp|[from] move: Sleep Powder\n|\n|-weather|Snowscape|[upkeep]\n|upkeep\n|\n|t:|1776570735\n|switch|p2b: Kangaskhan|Kangaskhan, L50, F|100/100\n|turn|5\n|\n|t:|1776570758\n|detailschange|p1b: Venusaur|Venusaur-Mega, L50, M\n|-mega|p1b: Venusaur|Venusaur|Venusaurite\n|move|p2b: Kangaskhan|Fake Out|p1a: Abomasnow\n|-damage|p1a: Abomasnow|0 fnt\n|faint|p1a: Abomasnow\n|cant|p2a: Aerodactyl|slp\n|move|p1b: Venusaur|Sleep Powder|p2b: Kangaskhan|[miss]\n|-miss|p1b: Venusaur|p2b: Kangaskhan\n|\n|-weather|none\n|-sideend|p2: dylzee|move: Tailwind\n|upkeep\n|\n|t:|1776570766\n|switch|p1a: Basculegion|Basculegion, L50, M|100/100\n|turn|6\n|\n|t:|1776570798\n|switch|p1b: Politoed|Politoed, L50, F|27/100\n|-weather|RainDance|[from] ability: Drizzle|[of] p1b: Politoed\n|move|p1a: Basculegion|Wave Crash|p2b: Kangaskhan\n|-damage|p2b: Kangaskhan|0 fnt\n|faint|p2b: Kangaskhan\n|-damage|p1a: Basculegion|72/100|[from] Recoil\n|cant|p2a: Aerodactyl|slp\n|\n|-weather|RainDance|[upkeep]\n|upkeep\n|\n|t:|1776570808\n|switch|p2b: Typhlosion|Typhlosion-Hisui, L50, M|100/100\n|-item|p1a: Basculegion|Colbur Berry|[from] ability: Frisk|[of] p2b: Typhlosion\n|-item|p1b: Politoed|Choice Scarf|[from] ability: Frisk|[of] p2b: Typhlosion\n|turn|7\n|\n|t:|1776570824\n|move|p2b: Typhlosion|Shadow Ball|p1a: Basculegion\n|-supereffective|p1a: Basculegion|1\n|-damage|p1a: Basculegion|0 fnt\n|faint|p1a: Basculegion\n|move|p1b: Politoed|Muddy Water|p2a: Aerodactyl|[spread] p2a,p2b\n|-supereffective|p2a: Aerodactyl|1\n|-supereffective|p2b: Typhlosion|1\n|-enditem|p2a: Aerodactyl|Focus Sash\n|-damage|p2a: Aerodactyl|1/100 slp\n|-damage|p2b: Typhlosion|0 fnt\n|-unboost|p2a: Aerodactyl|accuracy|1\n|faint|p2b: Typhlosion\n|-curestatus|p2a: Aerodactyl|slp|[msg]\n|move|p2a: Aerodactyl|Rock Slide|p1b: Politoed|[miss]\n|-miss|p2a: Aerodactyl|p1b: Politoed\n|\n|-weather|RainDance|[upkeep]\n|upkeep\n|\n|t:|1776570836\n|switch|p1a: Venusaur|Venusaur-Mega, L50, M|23/100\n|turn|8\n|\n|t:|1776570843\n|move|p1b: Politoed|Muddy Water|p2a: Aerodactyl\n|-supereffective|p2a: Aerodactyl|1\n|-damage|p2a: Aerodactyl|0 fnt\n|faint|p2a: Aerodactyl\n|\n|win|TheGamingMammoth\n|raw|TheGamingMammoth's rating: 1000 &rarr; <strong>1043</strong><br />(+43 for winning)\n|raw|dylzee's rating: 1028 &rarr; <strong>1013</strong><br />(-15 for losing)\n",
  "uploadtime": 1776570843,
  "views": 9,
  "formatid": "gen9championsvgc2026regma",
  "rating": 1013,
  "private": 0,
  "password": null
}