{
  "id": "gen9championsvgc2026regma-2589572465",
  "format": "[Gen 9 Champions] VGC 2026 Reg M-A",
  "players": [
    "Showdown Garchomp",
    "drumer sama"
  ],
  "log": "|j|\u2606Showdown Garchomp\n|j|\u2606drumer sama\n|t:|1776735310\n|gametype|doubles\n|player|p1|Showdown Garchomp|cynthia-gen4|1122\n|player|p2|drumer sama|veteran|1214\n|gen|9\n|tier|[Gen 9 Champions] VGC 2026 Reg M-A\n|rated|\n|rule|Species Clause: Limit one of each Pok\u00e9mon\n|rule|Item Clause: Limit 1 of each item\n|clearpoke\n|poke|p1|Sneasler, L50, F|\n|poke|p1|Sinistcha-Masterpiece, L50|\n|poke|p1|Corviknight, L50, M|\n|poke|p1|Garchomp, L50, M|\n|poke|p1|Rotom-Wash, L50|\n|poke|p1|Floette-Eternal, L50, F|\n|poke|p2|Empoleon, L50, F|\n|poke|p2|Farigiraf, L50, F|\n|poke|p2|Oranguru, L50, M|\n|poke|p2|Incineroar, L50, M|\n|poke|p2|Sinistcha, L50|\n|poke|p2|Garchomp, L50, F|\n|teampreview|4\n|inactive|Battle timer is ON: inactive players will automatically lose when time's up. (requested by Showdown Garchomp)\n|\n|t:|1776735349\n|teamsize|p1|4\n|teamsize|p2|4\n|start\n|switch|p1a: Sneasler|Sneasler, L50, F|100/100\n|switch|p1b: Corviknight|Corviknight, L50, M|100/100\n|switch|p2a: Peligrafa|Farigiraf, L50, F|100/100\n|switch|p2b: Incineroar|Incineroar, L50, M|100/100\n|-ability|p2b: Incineroar|Intimidate|boost\n|-unboost|p1a: Sneasler|atk|1\n|-ability|p1b: Corviknight|Mirror Armor\n|-unboost|p2b: Incineroar|atk|1\n|-enditem|p1a: Sneasler|White Herb\n|-clearnegativeboost|p1a: Sneasler|[silent]\n|turn|1\n|inactive|Showdown Garchomp has 30 seconds left.\n|inactive|drumer sama has 30 seconds left.\n|inactive|drumer sama has 20 seconds left.\n|inactive|drumer sama has 15 seconds left.\n|inactive|drumer sama has 10 seconds left.\n|\n|t:|1776735399\n|move|p1a: Sneasler|Protect|p1a: Sneasler\n|-singleturn|p1a: Sneasler|Protect\n|move|p2b: Incineroar|Fake Out|p1a: Sneasler\n|-activate|p1a: Sneasler|move: Protect\n|move|p1b: Corviknight|Bulk Up|p1b: Corviknight\n|-boost|p1b: Corviknight|atk|1\n|-boost|p1b: Corviknight|def|1\n|move|p2a: Peligrafa|Trick Room|p2a: Peligrafa\n|-fieldstart|move: Trick Room|[of] p2a: Peligrafa\n|\n|upkeep\n|turn|2\n|\n|t:|1776735416\n|switch|p2a: Manduro|Oranguru, L50, M|100/100\n|move|p2b: Incineroar|Parting Shot|p1a: Sneasler\n|-unboost|p1a: Sneasler|atk|1\n|-unboost|p1a: Sneasler|spa|1\n|\n|t:|1776735422\n|switch|p2b: Oscar|Empoleon, L50, F|100/100|[from] Parting Shot\n|move|p1b: Corviknight|Iron Head|p2a: Manduro\n|-damage|p2a: Manduro|58/100\n|move|p1a: Sneasler|Dire Claw|p2a: Manduro\n|-damage|p2a: Manduro|31/100\n|\n|upkeep\n|turn|3\n|\n|t:|1776735438\n|move|p1a: Sneasler|Protect|p1a: Sneasler\n|-singleturn|p1a: Sneasler|Protect\n|move|p2b: Oscar|Surf|p1b: Corviknight|[spread] p1b\n|-activate|p1a: Sneasler|move: Protect\n|-activate|p2a: Manduro|ability: Telepathy\n|-damage|p1b: Corviknight|55/100\n|move|p2a: Manduro|Instruct|p2b: Oscar\n|-singleturn|p2b: Oscar|move: Instruct|[of] p2a: Manduro\n|move|p2b: Oscar|Surf|p1b: Corviknight|[spread] p1b\n|-activate|p1a: Sneasler|move: Protect\n|-activate|p2a: Manduro|ability: Telepathy\n|-damage|p1b: Corviknight|10/100\n|move|p1b: Corviknight|Iron Head|p2a: Manduro\n|-damage|p2a: Manduro|0 fnt\n|faint|p2a: Manduro\n|\n|-heal|p1b: Corviknight|16/100|[from] item: Leftovers\n|upkeep\n|inactive|drumer sama has 30 seconds left.\n|inactive|drumer sama has 20 seconds left.\n|inactive|drumer sama has 15 seconds left.\n|\n|t:|1776735482\n|switch|p2a: Peligrafa|Farigiraf, L50, F|100/100\n|turn|4\n|\n|t:|1776735498\n|switch|p1b: Rotom|Rotom-Wash, L50|100/100\n|move|p2b: Oscar|Surf|p1a: Sneasler|[spread] p2a,p1a,p1b\n|-resisted|p1b: Rotom|1\n|-damage|p2a: Peligrafa|65/100\n|-damage|p1a: Sneasler|44/100\n|-damage|p1b: Rotom|84/100\n|move|p2a: Peligrafa|Hyper Voice|p1b: Rotom|[spread] p1a,p1b\n|-crit|p1a: Sneasler\n|-damage|p1a: Sneasler|0 fnt\n|-damage|p1b: Rotom|57/100\n|faint|p1a: Sneasler\n|\n|upkeep\n|\n|t:|1776735510\n|switch|p1a: Garchomp|Garchomp, L50, M|100/100\n|turn|5\n|\n|t:|1776735520\n|switch|p2b: Incineroar|Incineroar, L50, M|100/100\n|-ability|p2b: Incineroar|Intimidate|boost\n|-unboost|p1a: Garchomp|atk|1\n|-unboost|p1b: Rotom|atk|1\n|move|p1b: Rotom|Protect|p1b: Rotom\n|-singleturn|p1b: Rotom|Protect\n|move|p1a: Garchomp|Protect|p1a: Garchomp\n|-singleturn|p1a: Garchomp|Protect\n|move|p2a: Peligrafa|Hyper Voice|p1a: Garchomp|[spread] \n|-activate|p1a: Garchomp|move: Protect\n|-activate|p1b: Rotom|move: Protect\n|\n|-fieldend|move: Trick Room\n|upkeep\n|turn|6\n|inactive|drumer sama has 30 seconds left.\n|inactive|drumer sama has 20 seconds left.\n|inactive|drumer sama has 15 seconds left.\n|\n|t:|1776735563\n|move|p2b: Incineroar|Fake Out|p1a: Garchomp\n|-damage|p1a: Garchomp|90/100\n|-damage|p2b: Incineroar|88/100|[from] ability: Rough Skin|[of] p1a: Garchomp\n|cant|p1a: Garchomp|flinch\n|move|p1b: Rotom|Hydro Pump|p2b: Incineroar\n|-supereffective|p2b: Incineroar|1\n|-damage|p2b: Incineroar|20/100\n|move|p2a: Peligrafa|Trick Room|p2a: Peligrafa\n|-fieldstart|move: Trick Room|[of] p2a: Peligrafa\n|\n|upkeep\n|turn|7\n|inactive|drumer sama has 30 seconds left.\n|\n|t:|1776735592\n|move|p2b: Incineroar|Throat Chop|p1b: Rotom\n|-damage|p1b: Rotom|20/100\n|-start|p1b: Rotom|Throat Chop|[silent]\n|-enditem|p1b: Rotom|Sitrus Berry|[eat]\n|-heal|p1b: Rotom|45/100|[from] item: Sitrus Berry\n|move|p2a: Peligrafa|Hyper Voice|p1a: Garchomp|[spread] p1a,p1b\n|-damage|p1a: Garchomp|54/100\n|-damage|p1b: Rotom|18/100\n|move|p1b: Rotom|Thunderbolt|p2a: Peligrafa\n|-crit|p2a: Peligrafa\n|-damage|p2a: Peligrafa|15/100\n|-enditem|p2a: Peligrafa|Sitrus Berry|[eat]\n|-heal|p2a: Peligrafa|40/100|[from] item: Sitrus Berry\n|move|p1a: Garchomp|Earthquake|p2b: Incineroar|[spread] p2a,p2b\n|-immune|p1b: Rotom|[from] ability: Levitate\n|-supereffective|p2b: Incineroar|1\n|-damage|p2a: Peligrafa|12/100\n|-damage|p2b: Incineroar|0 fnt\n|faint|p2b: Incineroar\n|\n|upkeep\n|\n|t:|1776735607\n|switch|p2b: Oscar|Empoleon, L50, F|100/100\n|turn|8\n|\n|t:|1776735616\n|move|p1b: Rotom|Protect|p1b: Rotom\n|-singleturn|p1b: Rotom|Protect\n|move|p1a: Garchomp|Protect|p1a: Garchomp\n|-singleturn|p1a: Garchomp|Protect\n|move|p2b: Oscar|Ice Beam|p1b: Rotom\n|-activate|p1b: Rotom|move: Protect\n|move|p2a: Peligrafa|Hyper Voice|p1b: Rotom|[spread] \n|-activate|p1a: Garchomp|move: Protect\n|-activate|p1b: Rotom|move: Protect\n|\n|-end|p1b: Rotom|Throat Chop|[silent]\n|upkeep\n|turn|9\n|\n|t:|1776735633\n|move|p2b: Oscar|Ice Beam|p1a: Garchomp\n|-supereffective|p1a: Garchomp|2\n|-enditem|p1a: Garchomp|Yache Berry|[eat]\n|-enditem|p1a: Garchomp|Yache Berry|[weaken]\n|-damage|p1a: Garchomp|0 fnt\n|faint|p1a: Garchomp\n|move|p2a: Peligrafa|Hyper Voice|p1b: Rotom\n|-damage|p1b: Rotom|0 fnt\n|faint|p1b: Rotom\n|\n|upkeep\n|-message|Showdown Garchomp forfeited.\n|\n|win|drumer sama\n|raw|Showdown Garchomp's rating: 1122 &rarr; <strong>1103</strong><br />(-19 for losing)\n|raw|drumer sama's rating: 1214 &rarr; <strong>1233</strong><br />(+19 for winning)\n|l|\u2606Showdown Garchomp\n|player|p1|\n",
  "uploadtime": 1776735646,
  "views": 5,
  "formatid": "gen9championsvgc2026regma",
  "rating": 1103,
  "private": 0,
  "password": null
}