{
  "id": "gen9championsvgc2026regma-2585490888",
  "format": "[Gen 9 Champions] VGC 2026 Reg M-A",
  "players": [
    "pinkes",
    "guorongjia"
  ],
  "log": "|j|\u2606pinkes\n|j|\u2606guorongjia\n|t:|1776351081\n|gametype|doubles\n|player|p1|pinkes|burglar|1292\n|player|p2|guorongjia|miku-water|1255\n|gen|9\n|tier|[Gen 9 Champions] VGC 2026 Reg M-A\n|rated|\n|rule|Species Clause: Limit one of each Pok\u00e9mon\n|rule|Item Clause: Limit 1 of each item\n|clearpoke\n|poke|p1|Delphox, L50, F|\n|poke|p1|Aerodactyl, L50, M|\n|poke|p1|Sinistcha, L50|\n|poke|p1|Goodra-Hisui, L50, M|\n|poke|p1|Sneasler, L50, F|\n|poke|p1|Rotom-Wash, L50|\n|poke|p2|Gengar, L50, F|\n|poke|p2|Incineroar, L50, F|\n|poke|p2|Basculegion, L50, M|\n|poke|p2|Sneasler, L50, F|\n|poke|p2|Maushold, L50|\n|poke|p2|Pelipper, L50, F|\n|teampreview|4\n|inactive|Battle timer is ON: inactive players will automatically lose when time's up. (requested by pinkes)\n|inactive|guorongjia also wants the timer to be on.\n|inactive|pinkes has 60 seconds left.\n|\n|t:|1776351113\n|teamsize|p1|4\n|teamsize|p2|4\n|start\n|switch|p1a: Rotom|Rotom-Wash, L50|100/100\n|switch|p1b: Aerodactyl|Aerodactyl, L50, M|100/100\n|switch|p2a: Pelipper|Pelipper, L50, F, shiny|100/100\n|switch|p2b: Basculegion|Basculegion, L50, M, shiny|100/100\n|-ability|p1b: Aerodactyl|Unnerve\n|-weather|RainDance|[from] ability: Drizzle|[of] p2a: Pelipper\n|turn|1\n|\n|t:|1776351129\n|move|p1a: Rotom|Thunderbolt|p2b: Basculegion\n|-supereffective|p2b: Basculegion|1\n|-damage|p2b: Basculegion|12/100\n|move|p2b: Basculegion|Flip Turn|p1b: Aerodactyl\n|-supereffective|p1b: Aerodactyl|1\n|-enditem|p1b: Aerodactyl|Focus Sash\n|-damage|p1b: Aerodactyl|1/100\n|\n|t:|1776351137\n|switch|p2b: Incineroar|Incineroar, L50, F, shiny|100/100|[from] Flip Turn\n|-ability|p2b: Incineroar|Intimidate|boost\n|-unboost|p1a: Rotom|atk|1\n|-unboost|p1b: Aerodactyl|atk|1\n|move|p1b: Aerodactyl|Tailwind|p1b: Aerodactyl\n|-sidestart|p1: pinkes|move: Tailwind\n|move|p2a: Pelipper|Tailwind|p2a: Pelipper\n|-sidestart|p2: guorongjia|move: Tailwind\n|\n|-weather|RainDance|[upkeep]\n|upkeep\n|turn|2\n|\n|t:|1776351159\n|move|p1b: Aerodactyl|Protect|p1b: Aerodactyl\n|-singleturn|p1b: Aerodactyl|Protect\n|move|p2a: Pelipper|Protect|p2a: Pelipper\n|-singleturn|p2a: Pelipper|Protect\n|move|p1a: Rotom|Thunderbolt|p2a: Pelipper\n|-activate|p2a: Pelipper|move: Protect\n|move|p2b: Incineroar|Parting Shot|p1a: Rotom\n|-unboost|p1a: Rotom|atk|1\n|-unboost|p1a: Rotom|spa|1\n|\n|t:|1776351170\n|switch|p2b: Basculegion|Basculegion, L50, M, shiny|12/100|[from] Parting Shot\n|\n|-weather|RainDance|[upkeep]\n|upkeep\n|turn|3\n|\n|t:|1776351187\n|move|p1a: Rotom|Thunderbolt|p2b: Basculegion\n|-supereffective|p2b: Basculegion|1\n|-damage|p2b: Basculegion|0 fnt\n|faint|p2b: Basculegion\n|move|p1b: Aerodactyl|Rock Slide|p2a: Pelipper\n|-supereffective|p2a: Pelipper|1\n|-damage|p2a: Pelipper|41/100\n|move|p2a: Pelipper|Weather Ball|p1a: Rotom\n|-resisted|p1a: Rotom|1\n|-damage|p1a: Rotom|57/100\n|\n|-weather|RainDance|[upkeep]\n|upkeep\n|\n|t:|1776351196\n|switch|p2b: Incineroar|Incineroar, L50, F, shiny|100/100\n|-ability|p2b: Incineroar|Intimidate|boost\n|-unboost|p1a: Rotom|atk|1\n|-unboost|p1b: Aerodactyl|atk|1\n|turn|4\n|\n|t:|1776351204\n|move|p1b: Aerodactyl|Protect|p1b: Aerodactyl\n|-singleturn|p1b: Aerodactyl|Protect\n|move|p1a: Rotom|Thunderbolt|p2b: Incineroar\n|-damage|p2b: Incineroar|76/100\n|-status|p2b: Incineroar|par\n|move|p2a: Pelipper|Weather Ball|p1a: Rotom\n|-resisted|p1a: Rotom|1\n|-damage|p1a: Rotom|11/100\n|move|p2b: Incineroar|Throat Chop|p1a: Rotom\n|-damage|p1a: Rotom|0 fnt\n|faint|p1a: Rotom\n|\n|-weather|RainDance|[upkeep]\n|-sideend|p1: pinkes|move: Tailwind\n|-sideend|p2: guorongjia|move: Tailwind\n|upkeep\n|\n|t:|1776351216\n|switch|p1a: Goodra|Goodra-Hisui, L50, M|100/100\n|turn|5\n|\n|t:|1776351225\n|move|p2a: Pelipper|Protect|p2a: Pelipper\n|-singleturn|p2a: Pelipper|Protect\n|move|p1b: Aerodactyl|Rock Slide|p2b: Incineroar|[spread] p2b\n|-activate|p2a: Pelipper|move: Protect\n|-supereffective|p2b: Incineroar|1\n|-damage|p2b: Incineroar|58/100 par\n|move|p1a: Goodra|Shelter|p1a: Goodra\n|-boost|p1a: Goodra|def|2\n|cant|p2b: Incineroar|flinch\n|\n|-weather|none\n|upkeep\n|turn|6\n|\n|t:|1776351242\n|switch|p2a: Gengar|Gengar, L50, F, shiny|100/100\n|move|p1b: Aerodactyl|Tailwind|p1b: Aerodactyl\n|-sidestart|p1: pinkes|move: Tailwind\n|move|p1a: Goodra|Body Press|p2b: Incineroar\n|-supereffective|p2b: Incineroar|1\n|-damage|p2b: Incineroar|8/100 par\n|move|p2b: Incineroar|Parting Shot|p1a: Goodra\n|-unboost|p1a: Goodra|atk|1\n|-unboost|p1a: Goodra|spa|1\n|\n|t:|1776351249\n|switch|p2b: Pelipper|Pelipper, L50, F, shiny|41/100|[from] Parting Shot\n|-weather|RainDance|[from] ability: Drizzle|[of] p2b: Pelipper\n|\n|-weather|RainDance|[upkeep]\n|upkeep\n|turn|7\n|\n|t:|1776351264\n|detailschange|p2a: Gengar|Gengar-Mega, L50, F, shiny\n|-mega|p2a: Gengar|Gengar|Gengarite\n|move|p2a: Gengar|Protect|p2a: Gengar\n|-singleturn|p2a: Gengar|Protect\n|move|p1b: Aerodactyl|Rock Slide|p2a: Gengar|[spread] p2b\n|-activate|p2a: Gengar|move: Protect\n|-supereffective|p2b: Pelipper|1\n|-damage|p2b: Pelipper|10/100\n|move|p1a: Goodra|Draco Meteor|p2a: Gengar\n|-activate|p2a: Gengar|move: Protect\n|move|p2b: Pelipper|Tailwind|p2b: Pelipper\n|-sidestart|p2: guorongjia|move: Tailwind\n|\n|-weather|RainDance|[upkeep]\n|upkeep\n|turn|8\n|\n|t:|1776351287\n|switch|p2a: Incineroar|Incineroar, L50, F, shiny|8/100 par\n|-ability|p2a: Incineroar|Intimidate|boost\n|-unboost|p1a: Goodra|atk|1\n|-unboost|p1b: Aerodactyl|atk|1\n|move|p1b: Aerodactyl|Rock Slide|p2a: Incineroar|[spread] p2a,p2b\n|-supereffective|p2a: Incineroar|1\n|-supereffective|p2b: Pelipper|1\n|-damage|p2a: Incineroar|0 fnt\n|-damage|p2b: Pelipper|0 fnt\n|faint|p2a: Incineroar\n|faint|p2b: Pelipper\n|move|p1a: Goodra|Draco Meteor|p2: Incineroar|[notarget]\n|-fail|p1a: Goodra\n|\n|-weather|RainDance|[upkeep]\n|upkeep\n|\n|t:|1776351294\n|switch|p2b: Gengar|Gengar-Mega, L50, F, shiny|100/100\n|turn|9\n|\n|t:|1776351305\n|move|p2b: Gengar|Icy Wind|p1a: Goodra|[spread] p1a,p1b\n|-crit|p1a: Goodra\n|-supereffective|p1b: Aerodactyl|1\n|-crit|p1b: Aerodactyl\n|-damage|p1a: Goodra|87/100\n|-damage|p1b: Aerodactyl|0 fnt\n|-unboost|p1a: Goodra|spe|1\n|faint|p1b: Aerodactyl\n|move|p1a: Goodra|Draco Meteor|p2b: Gengar\n|-damage|p2b: Gengar|57/100\n|-unboost|p1a: Goodra|spa|2\n|\n|-weather|RainDance|[upkeep]\n|-heal|p1a: Goodra|92/100|[from] item: Leftovers\n|-sideend|p1: pinkes|move: Tailwind\n|upkeep\n|\n|t:|1776351308\n|switch|p1b: Delphox|Delphox, L50, F|100/100\n|turn|10\n|\n|t:|1776351319\n|detailschange|p1b: Delphox|Delphox-Mega, L50, F\n|-mega|p1b: Delphox|Delphox|Delphoxite\n|move|p2b: Gengar|Protect|p2b: Gengar\n|-singleturn|p2b: Gengar|Protect\n|move|p1b: Delphox|Protect|p1b: Delphox\n|-singleturn|p1b: Delphox|Protect\n|move|p1a: Goodra|Heavy Slam|p2b: Gengar\n|-activate|p2b: Gengar|move: Protect\n|\n|-weather|none\n|-heal|p1a: Goodra|98/100|[from] item: Leftovers\n|-sideend|p2: guorongjia|move: Tailwind\n|upkeep\n|turn|11\n|\n|t:|1776351328\n|move|p1b: Delphox|Psychic|p2b: Gengar\n|-supereffective|p2b: Gengar|1\n|-damage|p2b: Gengar|0 fnt\n|faint|p2b: Gengar\n|\n|win|pinkes\n|raw|pinkes's rating: 1292 &rarr; <strong>1314</strong><br />(+22 for winning)\n|raw|guorongjia's rating: 1255 &rarr; <strong>1233</strong><br />(-22 for losing)\n|l|\u2606guorongjia\n|player|p2|\n",
  "uploadtime": 1776351342,
  "views": 38,
  "formatid": "gen9championsvgc2026regma",
  "rating": 1233,
  "private": 0,
  "password": null
}