{
  "id": "gen9championsvgc2026regma-2581164687",
  "format": "[Gen 9 Champions] VGC 2026 Reg M-A",
  "players": [
    "Harlequinho",
    "autiorez"
  ],
  "log": "|j|\u2606Harlequinho\n|j|\u2606autiorez\n|t:|1775966173\n|gametype|doubles\n|player|p1|Harlequinho|pokekid|1101\n|player|p2|autiorez|youngn|1092\n|gen|9\n|tier|[Gen 9 Champions] VGC 2026 Reg M-A\n|rated|\n|rule|Species Clause: Limit one of each Pok\u00e9mon\n|rule|Item Clause: Limit 1 of each item\n|clearpoke\n|poke|p1|Tyranitar, L50, F|\n|poke|p1|Excadrill, L50, M|\n|poke|p1|Whimsicott, L50, M|\n|poke|p1|Rotom-Heat, L50|\n|poke|p1|Incineroar, L50, M|\n|poke|p1|Sneasler, L50, M|\n|poke|p2|Clefable, L50, M|\n|poke|p2|Incineroar, L50, F|\n|poke|p2|Whimsicott, L50, F|\n|poke|p2|Rotom-Wash, L50|\n|poke|p2|Arcanine-Hisui, L50, F|\n|poke|p2|Lucario, L50, F|\n|teampreview|4\n|inactive|Battle timer is ON: inactive players will automatically lose when time's up. (requested by autiorez)\n|inactive|Harlequinho has 60 seconds left.\n|inactive|autiorez has 60 seconds left.\n|\n|t:|1775966243\n|teamsize|p1|4\n|teamsize|p2|4\n|start\n|switch|p1a: Sneasler|Sneasler, L50, M|100/100\n|switch|p1b: Tyranitar|Tyranitar, L50, F|100/100\n|switch|p2a: Rotom|Rotom-Wash, L50|100/100\n|switch|p2b: Incineroar|Incineroar, L50, F|100/100\n|-weather|Sandstorm|[from] ability: Sand Stream|[of] p1b: Tyranitar\n|-ability|p2b: Incineroar|Intimidate|boost\n|-unboost|p1a: Sneasler|atk|1\n|-unboost|p1b: Tyranitar|atk|1\n|-enditem|p1a: Sneasler|White Herb\n|-clearnegativeboost|p1a: Sneasler|[silent]\n|turn|1\n|inactive|Harlequinho has 30 seconds left.\n|inactive|autiorez has 30 seconds left.\n|inactive|Harlequinho has 20 seconds left.\n|inactive|Harlequinho has 15 seconds left.\n|inactive|Harlequinho has 10 seconds left.\n|inactive|Harlequinho has 5 seconds left.\n|\n|t:|1775966298\n|switch|p1b: Whimsicott|Whimsicott, L50, M|100/100\n|move|p1a: Sneasler|Fake Out|p2a: Rotom\n|-damage|p2a: Rotom|88/100\n|move|p2b: Incineroar|Fake Out|p1a: Sneasler\n|-damage|p1a: Sneasler|84/100\n|cant|p2a: Rotom|flinch\n|\n|-weather|Sandstorm|[upkeep]\n|-damage|p1a: Sneasler|79/100|[from] Sandstorm\n|-damage|p1b: Whimsicott|95/100|[from] Sandstorm\n|-damage|p2a: Rotom|83/100|[from] Sandstorm\n|-damage|p2b: Incineroar|95/100|[from] Sandstorm\n|-heal|p2a: Rotom|88/100|[from] item: Leftovers\n|upkeep\n|turn|2\n|\n|t:|1775966321\n|move|p1b: Whimsicott|Tailwind|p1b: Whimsicott\n|-sidestart|p1: Harlequinho|move: Tailwind\n|move|p1a: Sneasler|Close Combat|p2b: Incineroar\n|-supereffective|p2b: Incineroar|1\n|-damage|p2b: Incineroar|0 fnt\n|-unboost|p1a: Sneasler|def|1\n|-unboost|p1a: Sneasler|spd|1\n|faint|p2b: Incineroar\n|move|p2a: Rotom|Will-O-Wisp|p1a: Sneasler\n|-status|p1a: Sneasler|brn\n|\n|-weather|Sandstorm|[upkeep]\n|-damage|p1a: Sneasler|73/100 brn|[from] Sandstorm\n|-damage|p1b: Whimsicott|89/100|[from] Sandstorm\n|-damage|p2a: Rotom|83/100|[from] Sandstorm\n|-heal|p2a: Rotom|88/100|[from] item: Leftovers\n|-damage|p1a: Sneasler|67/100 brn|[from] brn\n|upkeep\n|\n|t:|1775966332\n|switch|p2b: Lucario|Lucario, L50, F|100/100\n|turn|3\n|\n|t:|1775966342\n|move|p2b: Lucario|Detect|p2b: Lucario\n|-singleturn|p2b: Lucario|Protect\n|move|p1b: Whimsicott|Memento|p2b: Lucario\n|-activate|p2b: Lucario|move: Protect\n|move|p1a: Sneasler|Dire Claw|p2a: Rotom\n|-damage|p2a: Rotom|69/100\n|move|p2a: Rotom|Volt Switch|p1a: Sneasler\n|-damage|p1a: Sneasler|26/100 brn\n|\n|t:|1775966351\n|switch|p2a: Clefable|Clefable, L50, M|100/100|[from] Volt Switch\n|\n|-weather|Sandstorm|[upkeep]\n|-damage|p1a: Sneasler|20/100 brn|[from] Sandstorm\n|-damage|p1b: Whimsicott|83/100|[from] Sandstorm\n|-damage|p2a: Clefable|95/100|[from] Sandstorm\n|-damage|p1a: Sneasler|14/100 brn|[from] brn\n|upkeep\n|turn|4\n|\n|t:|1775966363\n|detailschange|p2b: Lucario|Lucario-Mega, L50, F\n|-mega|p2b: Lucario|Lucario|Lucarionite\n|move|p2a: Clefable|Follow Me|p2a: Clefable\n|-singleturn|p2a: Clefable|move: Follow Me\n|move|p1b: Whimsicott|Encore|p2a: Clefable\n|-start|p2a: Clefable|Encore\n|move|p2b: Lucario|Bullet Punch|p1a: Sneasler\n|-damage|p1a: Sneasler|0 fnt\n|faint|p1a: Sneasler\n|\n|-weather|Sandstorm|[upkeep]\n|-damage|p1b: Whimsicott|77/100|[from] Sandstorm\n|-damage|p2a: Clefable|89/100|[from] Sandstorm\n|upkeep\n|\n|t:|1775966375\n|switch|p1a: Tyranitar|Tyranitar, L50, F|100/100\n|turn|5\n|\n|t:|1775966388\n|move|p1a: Tyranitar|Protect|p1a: Tyranitar\n|-singleturn|p1a: Tyranitar|Protect\n|move|p2a: Clefable|Follow Me|p2a: Clefable\n|-singleturn|p2a: Clefable|move: Follow Me\n|move|p1b: Whimsicott|Moonblast|p2a: Clefable\n|-damage|p2a: Clefable|62/100\n|move|p2b: Lucario|Close Combat|p1a: Tyranitar\n|-activate|p1a: Tyranitar|move: Protect\n|\n|-weather|none\n|-sideend|p1: Harlequinho|move: Tailwind\n|upkeep\n|turn|6\n|\n|t:|1775966402\n|switch|p1a: Excadrill|Excadrill, L50, M|100/100\n|move|p2a: Clefable|Follow Me|p2a: Clefable\n|-singleturn|p2a: Clefable|move: Follow Me\n|move|p1b: Whimsicott|Tailwind|p1b: Whimsicott\n|-sidestart|p1: Harlequinho|move: Tailwind\n|move|p2b: Lucario|Close Combat|p1a: Excadrill\n|-supereffective|p1a: Excadrill|1\n|-enditem|p1a: Excadrill|Focus Sash\n|-damage|p1a: Excadrill|1/100\n|-unboost|p2b: Lucario|def|1\n|-unboost|p2b: Lucario|spd|1\n|\n|upkeep\n|turn|7\n|c|\u2606autiorez|can literally just spam follow me\n|c|\u2606autiorez|gg\n|inactive|Harlequinho has 30 seconds left.\n|c|\u2606autiorez|why wouldnt you save your excadrill if it had sash\u2026\n|-message|Harlequinho forfeited.\n|\n|win|autiorez\n|raw|Harlequinho's rating: 1101 &rarr; <strong>1075</strong><br />(-26 for losing)\n|raw|autiorez's rating: 1092 &rarr; <strong>1119</strong><br />(+27 for winning)\n|l|\u2606Harlequinho\n|player|p1|\n|c|\u2606autiorez|think mark\n",
  "uploadtime": 1775966438,
  "views": 28,
  "formatid": "gen9championsvgc2026regma",
  "rating": 1075,
  "private": 0,
  "password": null
}