{
  "id": "gen9championsvgc2026regma-2585031057",
  "format": "[Gen 9 Champions] VGC 2026 Reg M-A",
  "players": [
    "llamas33",
    "Hachi Smash"
  ],
  "log": "|j|\u2606llamas33\n|j|\u2606Hachi Smash\n|t:|1776304983\n|gametype|doubles\n|player|p1|llamas33|bugcatcher-gen4dp|1083\n|player|p2|Hachi Smash|101|1090\n|gen|9\n|tier|[Gen 9 Champions] VGC 2026 Reg M-A\n|rated|\n|rule|Species Clause: Limit one of each Pok\u00e9mon\n|rule|Item Clause: Limit 1 of each item\n|clearpoke\n|poke|p1|Maushold-Four, L50|\n|poke|p1|Sableye, L50, M|\n|poke|p1|Farigiraf, L50, M|\n|poke|p1|Excadrill, L50, M|\n|poke|p1|Hydrapple, L50, M|\n|poke|p1|Drampa, L50, M|\n|poke|p2|Froslass, L50, F|\n|poke|p2|Rotom-Frost, L50|\n|poke|p2|Milotic, L50, F|\n|poke|p2|Tinkaton, L50, F|\n|poke|p2|Beartic, L50, F|\n|poke|p2|Ceruledge, L50, F|\n|teampreview|4\n|inactive|Battle timer is ON: inactive players will automatically lose when time's up. (requested by llamas33)\n|inactive|Hachi Smash has 60 seconds left.\n|inactive|Hachi Smash has 30 seconds left.\n|\n|t:|1776305062\n|teamsize|p1|4\n|teamsize|p2|4\n|start\n|switch|p1a: Maushold|Maushold-Four, L50|100/100\n|switch|p1b: Sableye|Sableye, L50, M|100/100\n|switch|p2a: Froslass|Froslass, L50, F|100/100\n|switch|p2b: Beartic|Beartic, L50, F|100/100\n|turn|1\n|inactive|Hachi Smash has 30 seconds left.\n|\n|t:|1776305089\n|detailschange|p2a: Froslass|Froslass-Mega, L50, F\n|-mega|p2a: Froslass|Froslass|Froslassite\n|-weather|Snowscape|[from] ability: Snow Warning|[of] p2a: Froslass\n|move|p1b: Sableye|Gravity|p1b: Sableye\n|-fieldstart|move: Gravity\n|move|p2a: Froslass|Blizzard|p1b: Sableye|[spread] p1a,p1b\n|-damage|p1a: Maushold|37/100\n|-damage|p1b: Sableye|29/100\n|move|p1a: Maushold|Population Bomb|p2b: Beartic\n|-damage|p2b: Beartic|91/100\n|-damage|p2b: Beartic|82/100\n|-damage|p2b: Beartic|71/100\n|-damage|p2b: Beartic|60/100\n|-damage|p2b: Beartic|50/100\n|-damage|p2b: Beartic|39/100\n|-damage|p2b: Beartic|29/100\n|-damage|p2b: Beartic|18/100\n|-damage|p2b: Beartic|9/100\n|-damage|p2b: Beartic|0 fnt\n|faint|p2b: Beartic\n|-hitcount|p2: Beartic|10\n|\n|-weather|Snowscape|[upkeep]\n|upkeep\n|inactive|Hachi Smash has 30 seconds left.\n|\n|t:|1776305117\n|switch|p2b: Rotom|Rotom-Frost, L50|100/100\n|turn|2\n|\n|t:|1776305135\n|move|p1b: Sableye|Disable|p2a: Froslass\n|-start|p2a: Froslass|Disable|Blizzard\n|move|p2b: Rotom|Blizzard|p1b: Sableye|[spread] p1a,p1b\n|-damage|p1a: Maushold|0 fnt\n|-damage|p1b: Sableye|0 fnt\n|faint|p1a: Maushold\n|faint|p1b: Sableye\n|move|p2a: Froslass|Aurora Veil|p2a: Froslass\n|-sidestart|p2: Hachi Smash|move: Aurora Veil\n|\n|-weather|Snowscape|[upkeep]\n|upkeep\n|\n|t:|1776305144\n|switch|p1a: Farigiraf|Farigiraf, L50, M|100/100\n|switch|p1b: Excadrill|Excadrill, L50, M|100/100\n|-ability|p1b: Excadrill|Mold Breaker\n|turn|3\n|\n|t:|1776305163\n|move|p1b: Excadrill|Protect|p1b: Excadrill\n|-singleturn|p1b: Excadrill|Protect\n|move|p2b: Rotom|Blizzard|p1b: Excadrill|[spread] p1a\n|-activate|p1b: Excadrill|move: Protect\n|-damage|p1a: Farigiraf|63/100\n|move|p2a: Froslass|Destiny Bond|p2a: Froslass\n|-singlemove|p2a: Froslass|Destiny Bond\n|move|p1a: Farigiraf|Trick Room|p1a: Farigiraf\n|-fieldstart|move: Trick Room|[of] p1a: Farigiraf\n|\n|-weather|Snowscape|[upkeep]\n|upkeep\n|turn|4\n|\n|t:|1776305185\n|switch|p2a: Tinkaton|Tinkaton, L50, F|100/100\n|-ability|p2a: Tinkaton|Mold Breaker\n|move|p1a: Farigiraf|Twin Beam|p2a: Tinkaton\n|-resisted|p2a: Tinkaton|1\n|-damage|p2a: Tinkaton|95/100\n|-resisted|p2a: Tinkaton|1\n|-damage|p2a: Tinkaton|90/100\n|-hitcount|p2a: Tinkaton|2\n|move|p1b: Excadrill|Earthquake|p2a: Tinkaton|[spread] p1a,p2a,p2b\n|-supereffective|p2a: Tinkaton|1\n|-supereffective|p2b: Rotom|1\n|-crit|p2b: Rotom\n|-damage|p1a: Farigiraf|25/100\n|-damage|p2a: Tinkaton|34/100\n|-damage|p2b: Rotom|0 fnt\n|-enditem|p1a: Farigiraf|Sitrus Berry|[eat]\n|-heal|p1a: Farigiraf|50/100|[from] item: Sitrus Berry\n|faint|p2b: Rotom\n|\n|-weather|Snowscape|[upkeep]\n|upkeep\n|\n|t:|1776305203\n|switch|p2b: Froslass|Froslass-Mega, L50, F|100/100\n|turn|5\n|\n|t:|1776305225\n|detailschange|p1b: Excadrill|Excadrill-Mega, L50, M\n|-mega|p1b: Excadrill|Excadrill|Excadrite\n|move|p2a: Tinkaton|Fake Out|p1b: Excadrill\n|-resisted|p1b: Excadrill|1\n|-damage|p1b: Excadrill|97/100\n|move|p1a: Farigiraf|Twin Beam|p2b: Froslass\n|-damage|p2b: Froslass|85/100\n|-damage|p2b: Froslass|70/100\n|-hitcount|p2b: Froslass|2\n|cant|p1b: Excadrill|flinch\n|move|p2b: Froslass|Blizzard|p1b: Excadrill|[spread] p1a,p1b\n|-damage|p1a: Farigiraf|6/100\n|-damage|p1b: Excadrill|40/100\n|-status|p1a: Farigiraf|frz\n|\n|-weather|none\n|-fieldend|move: Gravity\n|-activate|p1a: Farigiraf|ability: Cud Chew\n|-enditem|p1a: Farigiraf|Sitrus Berry|[eat]\n|-heal|p1a: Farigiraf|30/100 frz|[from] item: Sitrus Berry\n|upkeep\n|turn|6\n|inactive|Hachi Smash has 30 seconds left.\n|\n|t:|1776305257\n|cant|p1a: Farigiraf|frz\n|move|p1b: Excadrill|Earthquake|p2a: Tinkaton|[spread] p1a,p2a,p2b\n|-supereffective|p2a: Tinkaton|1\n|-damage|p1a: Farigiraf|0 fnt\n|-damage|p2a: Tinkaton|0 fnt\n|-damage|p2b: Froslass|9/100\n|faint|p1a: Farigiraf\n|faint|p2a: Tinkaton\n|move|p2b: Froslass|Blizzard|p1b: Excadrill|[miss]\n|-miss|p2b: Froslass|p1b: Excadrill\n|\n|-sideend|p2: Hachi Smash|move: Aurora Veil\n|upkeep\n|turn|7\n|\n|t:|1776305270\n|move|p2b: Froslass|Protect|p2b: Froslass\n|-singleturn|p2b: Froslass|Protect\n|move|p1b: Excadrill|Iron Head|p2b: Froslass\n|-supereffective|p2b: Froslass|1\n|-ability|p1b: Excadrill|Piercing Drill\n|-zbroken|p2b: Froslass\n|-damage|p2b: Froslass|0 fnt\n|faint|p2b: Froslass\n|\n|win|llamas33\n|raw|llamas33's rating: 1083 &rarr; <strong>1111</strong><br />(+28 for winning)\n|raw|Hachi Smash's rating: 1090 &rarr; <strong>1066</strong><br />(-24 for losing)\n",
  "uploadtime": 1776305280,
  "views": 22,
  "formatid": "gen9championsvgc2026regma",
  "rating": 1066,
  "private": 0,
  "password": null
}