{
  "id": "gen9championsvgc2026regma-2582707548",
  "format": "[Gen 9 Champions] VGC 2026 Reg M-A",
  "players": [
    "ruinationn",
    "SirNeru"
  ],
  "log": "|j|\u2606ruinationn\n|j|\u2606SirNeru\n|t:|1776108644\n|gametype|doubles\n|player|p1|ruinationn|cyrus-masters|1117\n|player|p2|SirNeru|101|1143\n|gen|9\n|tier|[Gen 9 Champions] VGC 2026 Reg M-A\n|rated|\n|rule|Species Clause: Limit one of each Pok\u00e9mon\n|rule|Item Clause: Limit 1 of each item\n|clearpoke\n|poke|p1|Meowstic, L50, M|\n|poke|p1|Archaludon, L50, M|\n|poke|p1|Sneasler, L50, F|\n|poke|p1|Alakazam, L50, M|\n|poke|p1|Floette-Eternal, L50, F|\n|poke|p1|Incineroar, L50, M|\n|poke|p2|Beedrill, L50, F|\n|poke|p2|Whimsicott, L50, F|\n|poke|p2|Weavile, L50, M|\n|poke|p2|Aerodactyl, L50, M|\n|poke|p2|Incineroar, L50, M|\n|poke|p2|Milotic, L50, F|\n|teampreview|4\n|\n|t:|1776108697\n|teamsize|p1|4\n|teamsize|p2|4\n|start\n|switch|p1a: Floette|Floette-Eternal, L50, F|100/100\n|switch|p1b: Sneasler|Sneasler, L50, F|100/100\n|switch|p2a: Beedrill|Beedrill, L50, F|100/100\n|switch|p2b: Whimsicott|Whimsicott, L50, F, shiny|100/100\n|turn|1\n|l|\u2606SirNeru\n|player|p2|\n|inactive|Battle timer is ON: inactive players will automatically lose when time's up. (requested by ruinationn)\n|j|\u2606SirNeru\n|inactive|SirNeru reconnected and has 75 seconds left.\n|player|p2|SirNeru|101|\n|\n|t:|1776108733\n|move|p2b: Whimsicott|Protect|p2b: Whimsicott\n|-singleturn|p2b: Whimsicott|Protect\n|move|p2a: Beedrill|Protect|p2a: Beedrill\n|-singleturn|p2a: Beedrill|Protect\n|move|p1a: Floette|Protect|p1a: Floette\n|-singleturn|p1a: Floette|Protect\n|move|p1b: Sneasler|Rock Slide|p2b: Whimsicott|[spread] \n|-activate|p2a: Beedrill|move: Protect\n|-activate|p2b: Whimsicott|move: Protect\n|\n|upkeep\n|turn|2\n|inactive|ruinationn has 30 seconds left.\n|\n|t:|1776108762\n|switch|p1a: Incineroar|Incineroar, L50, M|100/100\n|-ability|p1a: Incineroar|Intimidate|boost\n|-unboost|p2a: Beedrill|atk|1\n|-unboost|p2b: Whimsicott|atk|1\n|detailschange|p2a: Beedrill|Beedrill-Mega, L50, F\n|-mega|p2a: Beedrill|Beedrill|Beedrillite\n|move|p2b: Whimsicott|Encore|p1a: Incineroar\n|-hint|Since gen 7, Dark is immune to Prankster moves.\n|-immune|p1a: Incineroar\n|move|p2a: Beedrill|Drill Run|p1b: Sneasler\n|-supereffective|p1b: Sneasler|1\n|-damage|p1b: Sneasler|28/100\n|move|p1b: Sneasler|Dire Claw|p2b: Whimsicott\n|-supereffective|p2b: Whimsicott|2\n|-enditem|p2b: Whimsicott|Focus Sash\n|-damage|p2b: Whimsicott|1/100\n|-status|p2b: Whimsicott|psn|[from] ability: Poison Touch|[of] p1b: Sneasler\n|\n|-damage|p2b: Whimsicott|0 fnt|[from] psn\n|faint|p2b: Whimsicott\n|upkeep\n|\n|t:|1776108774\n|switch|p2b: Milotic|Milotic, L50, F|100/100\n|turn|3\n|\n|t:|1776108781\n|move|p2a: Beedrill|Protect|p2a: Beedrill\n|-singleturn|p2a: Beedrill|Protect\n|move|p1a: Incineroar|Fake Out|p2a: Beedrill\n|-activate|p2a: Beedrill|move: Protect\n|move|p1b: Sneasler|Rock Slide|p2b: Milotic|[spread] p2b\n|-activate|p2a: Beedrill|move: Protect\n|-damage|p2b: Milotic|82/100\n|move|p2b: Milotic|Scald|p1b: Sneasler\n|-damage|p1b: Sneasler|0 fnt\n|faint|p1b: Sneasler\n|\n|-heal|p2b: Milotic|88/100|[from] item: Leftovers\n|upkeep\n|\n|t:|1776108786\n|switch|p1b: Archaludon|Archaludon, L50, M|100/100\n|turn|4\n|\n|t:|1776108807\n|switch|p2a: Weavile|Weavile, L50, M|100/100\n|move|p2b: Milotic|Scald|p1a: Incineroar\n|-supereffective|p1a: Incineroar|1\n|-damage|p1a: Incineroar|56/100\n|move|p1b: Archaludon|Electro Shot||[still]\n|-prepare|p1b: Archaludon|Electro Shot\n|-boost|p1b: Archaludon|spa|1\n|move|p1a: Incineroar|Flare Blitz|p2a: Weavile\n|-supereffective|p2a: Weavile|1\n|-damage|p2a: Weavile|0 fnt\n|faint|p2a: Weavile\n|-damage|p1a: Incineroar|32/100|[from] Recoil\n|\n|-heal|p2b: Milotic|94/100|[from] item: Leftovers\n|-heal|p1a: Incineroar|38/100|[from] item: Leftovers\n|upkeep\n|\n|t:|1776108818\n|switch|p2a: Beedrill|Beedrill-Mega, L50, F|100/100\n|turn|5\n|\n|t:|1776108823\n|move|p2a: Beedrill|Protect|p2a: Beedrill\n|-singleturn|p2a: Beedrill|Protect\n|move|p2b: Milotic|Protect|p2b: Milotic\n|-singleturn|p2b: Milotic|Protect\n|move|p1a: Incineroar|Protect|p1a: Incineroar\n|-singleturn|p1a: Incineroar|Protect\n|move|p1b: Archaludon|Electro Shot|p2b: Milotic|[from] lockedmove\n|-activate|p2b: Milotic|move: Protect\n|\n|-heal|p2b: Milotic|99/100|[from] item: Leftovers\n|-heal|p1a: Incineroar|44/100|[from] item: Leftovers\n|upkeep\n|turn|6\n|inactive|ruinationn has 30 seconds left.\n|inactive|SirNeru has 30 seconds left.\n|\n|t:|1776108856\n|switch|p1a: Floette|Floette-Eternal, L50, F|100/100\n|move|p2a: Beedrill|Poison Jab|p1a: Floette\n|-supereffective|p1a: Floette|1\n|-damage|p1a: Floette|0 fnt\n|faint|p1a: Floette\n|move|p2b: Milotic|Ice Beam|p1b: Archaludon\n|-damage|p1b: Archaludon|71/100\n|-ability|p1b: Archaludon|Stamina|boost\n|-boost|p1b: Archaludon|def|1\n|move|p1b: Archaludon|Flash Cannon|p2a: Beedrill\n|-damage|p2a: Beedrill|1/100\n|-unboost|p2a: Beedrill|spd|1\n|\n|-heal|p2b: Milotic|100/100|[from] item: Leftovers\n|upkeep\n|\n|t:|1776108866\n|switch|p1a: Incineroar|Incineroar, L50, M|44/100\n|-ability|p1a: Incineroar|Intimidate|boost\n|-unboost|p2a: Beedrill|atk|1\n|-unboost|p2b: Milotic|atk|1\n|-ability|p2b: Milotic|Competitive|boost\n|-boost|p2b: Milotic|spa|2\n|turn|7\n|inactive|SirNeru has 30 seconds left.\n|inactive|SirNeru has 20 seconds left.\n|\n|t:|1776108904\n|move|p2a: Beedrill|Protect|p2a: Beedrill\n|-singleturn|p2a: Beedrill|Protect\n|move|p2b: Milotic|Protect|p2b: Milotic\n|-singleturn|p2b: Milotic|Protect\n|move|p1a: Incineroar|Fake Out|p2a: Beedrill\n|-activate|p2a: Beedrill|move: Protect\n|move|p1b: Archaludon|Electro Shot||[still]\n|-prepare|p1b: Archaludon|Electro Shot\n|-boost|p1b: Archaludon|spa|1\n|\n|-heal|p1a: Incineroar|50/100|[from] item: Leftovers\n|upkeep\n|turn|8\n|\n|t:|1776108918\n|move|p2a: Beedrill|Drill Run|p1b: Archaludon\n|-supereffective|p1b: Archaludon|1\n|-enditem|p1b: Archaludon|Shuca Berry|[eat]\n|-enditem|p1b: Archaludon|Shuca Berry|[weaken]\n|-damage|p1b: Archaludon|61/100\n|-ability|p1b: Archaludon|Stamina|boost\n|-boost|p1b: Archaludon|def|1\n|move|p2b: Milotic|Scald|p1a: Incineroar\n|-supereffective|p1a: Incineroar|1\n|-crit|p1a: Incineroar\n|-damage|p1a: Incineroar|0 fnt\n|faint|p1a: Incineroar\n|move|p1b: Archaludon|Electro Shot|p2b: Milotic|[from] lockedmove\n|-supereffective|p2b: Milotic|1\n|-damage|p2b: Milotic|0 fnt\n|faint|p2b: Milotic\n|\n|upkeep\n|turn|9\n|\n|t:|1776108933\n|move|p2a: Beedrill|Drill Run|p1b: Archaludon\n|-supereffective|p1b: Archaludon|1\n|-crit|p1b: Archaludon\n|-damage|p1b: Archaludon|0 fnt\n|faint|p1b: Archaludon\n|\n|win|SirNeru\n|raw|ruinationn's rating: 1117 &rarr; <strong>1094</strong><br />(-23 for losing)\n|raw|SirNeru's rating: 1143 &rarr; <strong>1166</strong><br />(+23 for winning)\n|c|\u2606ruinationn|ok bro\n|c|\u2606ruinationn|emd\n|l|\u2606ruinationn\n|player|p1|\n|c|\u2606SirNeru|Ayyy\n|c|\u2606SirNeru|The Beeeeee\n|j|\u2606ruinationn\n|player|p1|ruinationn|cyrus-masters|\n",
  "uploadtime": 1776108939,
  "views": 20,
  "formatid": "gen9championsvgc2026regma",
  "rating": 1094,
  "private": 0,
  "password": null
}