{
  "id": "gen9championsvgc2026regma-2586493467",
  "format": "[Gen 9 Champions] VGC 2026 Reg M-A",
  "players": [
    "123Sanpei",
    "Lvl4Metapod"
  ],
  "log": "|j|\u2606123Sanpei\n|j|\u2606Lvl4Metapod\n|t:|1776438502\n|gametype|doubles\n|player|p1|123Sanpei|265|1117\n|player|p2|Lvl4Metapod|102|1165\n|gen|9\n|tier|[Gen 9 Champions] VGC 2026 Reg M-A\n|rated|\n|rule|Species Clause: Limit one of each Pok\u00e9mon\n|rule|Item Clause: Limit 1 of each item\n|clearpoke\n|poke|p1|Tyranitar, L50, M|\n|poke|p1|Aerodactyl, L50, M|\n|poke|p1|Garchomp, L50, M|\n|poke|p1|Arcanine-Hisui, L50, F|\n|poke|p1|Archaludon, L50, F|\n|poke|p1|Gliscor, L50, M|\n|poke|p2|Sneasler, L50, M|\n|poke|p2|Gyarados, L50, M|\n|poke|p2|Ninetales-Alola, L50, M|\n|poke|p2|Garchomp, L50, M|\n|poke|p2|Orthworm, L50, M|\n|poke|p2|Delphox, L50, F|\n|teampreview|4\n|\n|t:|1776438567\n|teamsize|p1|4\n|teamsize|p2|4\n|start\n|switch|p1a: Tyranitar|Tyranitar, L50, M|100/100\n|switch|p1b: Aerodactyl|Aerodactyl, L50, M|100/100\n|switch|p2a: Sneasler|Sneasler, L50, M|100/100\n|switch|p2b: Orthworm|Orthworm, L50, M|100/100\n|-ability|p1b: Aerodactyl|Unnerve\n|-weather|Sandstorm|[from] ability: Sand Stream|[of] p1a: Tyranitar\n|turn|1\n|\n|t:|1776438592\n|move|p1a: Tyranitar|Protect|p1a: Tyranitar\n|-singleturn|p1a: Tyranitar|Protect\n|move|p2a: Sneasler|Fake Out|p1b: Aerodactyl\n|-resisted|p1b: Aerodactyl|1\n|-damage|p1b: Aerodactyl|90/100\n|cant|p1b: Aerodactyl|flinch\n|move|p2b: Orthworm|Shed Tail|p2b: Orthworm\n|-start|p2b: Orthworm|Substitute|[from] move: Shed Tail\n|-damage|p2b: Orthworm|50/100\n|\n|t:|1776438605\n|switch|p2b: Ninetales|Ninetales-Alola, L50, M|100/100|[from] Shed Tail\n|-weather|Snowscape|[from] ability: Snow Warning|[of] p2b: Ninetales\n|\n|-weather|Snowscape|[upkeep]\n|upkeep\n|turn|2\n|\n|t:|1776438629\n|detailschange|p1a: Tyranitar|Tyranitar-Mega, L50, M\n|-mega|p1a: Tyranitar|Tyranitar|Tyranitarite\n|-weather|Sandstorm|[from] ability: Sand Stream|[of] p1a: Tyranitar\n|move|p1b: Aerodactyl|Psychic Fangs|p2a: Sneasler\n|-supereffective|p2a: Sneasler|2\n|-enditem|p2a: Sneasler|Focus Sash\n|-damage|p2a: Sneasler|1/100\n|move|p2a: Sneasler|Close Combat|p1b: Aerodactyl\n|-damage|p1b: Aerodactyl|0 fnt\n|-unboost|p2a: Sneasler|def|1\n|-unboost|p2a: Sneasler|spd|1\n|faint|p1b: Aerodactyl\n|move|p2b: Ninetales|Encore|p1a: Tyranitar\n|-start|p1a: Tyranitar|Encore\n|move|p1a: Tyranitar|Protect||[still]\n|-fail|p1a: Tyranitar\n|\n|-weather|Sandstorm|[upkeep]\n|-damage|p2a: Sneasler|0 fnt|[from] Sandstorm\n|-damage|p2b: Ninetales|94/100|[from] Sandstorm\n|faint|p2a: Sneasler\n|upkeep\n|\n|t:|1776438655\n|switch|p1b: Arcanine|Arcanine-Hisui, L50, F|100/100\n|switch|p2a: Orthworm|Orthworm, L50, M|50/100\n|-enditem|p2a: Orthworm|Sitrus Berry|[eat]\n|-heal|p2a: Orthworm|75/100|[from] item: Sitrus Berry\n|turn|3\n|\n|t:|1776438673\n|switch|p1a: Garchomp|Garchomp, L50, M|100/100\n|move|p1b: Arcanine|Flare Blitz|p2a: Orthworm\n|-supereffective|p2a: Orthworm|1\n|-damage|p2a: Orthworm|0 fnt\n|faint|p2a: Orthworm\n|move|p2b: Ninetales|Icy Wind|p1b: Arcanine|[spread] p1a,p1b\n|-supereffective|p1a: Garchomp|2\n|-resisted|p1b: Arcanine|1\n|-damage|p1a: Garchomp|49/100\n|-damage|p1b: Arcanine|95/100\n|-unboost|p1a: Garchomp|spe|1\n|-unboost|p1b: Arcanine|spe|1\n|-enditem|p1a: Garchomp|White Herb\n|-clearnegativeboost|p1a: Garchomp|[silent]\n|\n|-weather|Sandstorm|[upkeep]\n|-damage|p2b: Ninetales|88/100|[from] Sandstorm\n|upkeep\n|\n|t:|1776438687\n|switch|p2a: Gyarados|Gyarados, L50, M|100/100\n|-ability|p2a: Gyarados|Intimidate|boost\n|-unboost|p1a: Garchomp|atk|1\n|-unboost|p1b: Arcanine|atk|1\n|turn|4\n|\n|t:|1776438707\n|detailschange|p2a: Gyarados|Gyarados-Mega, L50, M\n|-mega|p2a: Gyarados|Gyarados|Gyaradosite\n|-ability|p2a: Gyarados|Mold Breaker\n|move|p2b: Ninetales|Icy Wind|p1b: Arcanine|[spread] \n|-miss|p2b: Ninetales|p1a: Garchomp\n|-miss|p2b: Ninetales|p1b: Arcanine\n|move|p1a: Garchomp|Rock Slide|p2a: Gyarados|[spread] p2a,p2b\n|-supereffective|p2b: Ninetales|1\n|-end|p2b: Ninetales|Substitute\n|-damage|p2a: Gyarados|90/100\n|move|p1b: Arcanine|Flare Blitz|p2b: Ninetales\n|-supereffective|p2b: Ninetales|1\n|-enditem|p2b: Ninetales|Occa Berry|[eat]\n|-enditem|p2b: Ninetales|Occa Berry|[weaken]\n|-damage|p2b: Ninetales|31/100\n|move|p2a: Gyarados|Dragon Dance|p2a: Gyarados\n|-boost|p2a: Gyarados|atk|1\n|-boost|p2a: Gyarados|spe|1\n|\n|-weather|Sandstorm|[upkeep]\n|-damage|p2a: Gyarados|84/100|[from] Sandstorm\n|-damage|p2b: Ninetales|25/100|[from] Sandstorm\n|upkeep\n|turn|5\n|\n|t:|1776438740\n|move|p1a: Garchomp|Protect|p1a: Garchomp\n|-singleturn|p1a: Garchomp|Protect\n|move|p2a: Gyarados|Waterfall|p1b: Arcanine\n|-supereffective|p1b: Arcanine|2\n|-damage|p1b: Arcanine|0 fnt\n|faint|p1b: Arcanine\n|move|p2b: Ninetales|Icy Wind|p1a: Garchomp\n|-activate|p1a: Garchomp|move: Protect\n|\n|-weather|Sandstorm|[upkeep]\n|-damage|p2a: Gyarados|78/100|[from] Sandstorm\n|-damage|p2b: Ninetales|19/100|[from] Sandstorm\n|upkeep\n|\n|t:|1776438750\n|switch|p1b: Tyranitar|Tyranitar-Mega, L50, M|100/100\n|turn|6\n|\n|t:|1776438773\n|move|p1a: Garchomp|Protect|p1a: Garchomp\n|-singleturn|p1a: Garchomp|Protect\n|move|p2a: Gyarados|Waterfall|p1b: Tyranitar\n|-supereffective|p1b: Tyranitar|1\n|-damage|p1b: Tyranitar|14/100\n|move|p2b: Ninetales|Encore|p1a: Garchomp\n|-activate|p1a: Garchomp|move: Protect\n|move|p1b: Tyranitar|Low Kick|p2a: Gyarados\n|-supereffective|p2a: Gyarados|1\n|-damage|p2a: Gyarados|0 fnt\n|faint|p2a: Gyarados\n|\n|-weather|none\n|upkeep\n|turn|7\n|\n|t:|1776438786\n|move|p2b: Ninetales|Blizzard|p1a: Garchomp|[spread] p1a,p1b\n|-supereffective|p1a: Garchomp|2\n|-damage|p1a: Garchomp|0 fnt\n|-damage|p1b: Tyranitar|0 fnt\n|faint|p1a: Garchomp\n|faint|p1b: Tyranitar\n|\n|win|Lvl4Metapod\n|raw|123Sanpei's rating: 1117 &rarr; <strong>1095</strong><br />(-22 for losing)\n|raw|Lvl4Metapod's rating: 1165 &rarr; <strong>1187</strong><br />(+22 for winning)\n|l|\u2606123Sanpei\n|player|p1|\n",
  "uploadtime": 1776438813,
  "views": 27,
  "formatid": "gen9championsvgc2026regma",
  "rating": 1095,
  "private": 0,
  "password": null
}