{
  "id": "gen9championsvgc2026regma-2586323925",
  "format": "[Gen 9 Champions] VGC 2026 Reg M-A",
  "players": [
    "KaFe-03",
    "crakchead"
  ],
  "log": "|j|\u2606KaFe-03\n|j|\u2606crakchead\n|t:|1776425316\n|gametype|doubles\n|player|p1|KaFe-03|crispin|1087\n|player|p2|crakchead|falkner|1055\n|gen|9\n|tier|[Gen 9 Champions] VGC 2026 Reg M-A\n|rated|\n|rule|Species Clause: Limit one of each Pok\u00e9mon\n|rule|Item Clause: Limit 1 of each item\n|clearpoke\n|poke|p1|Archaludon, L50, F|\n|poke|p1|Pelipper, L50, M|\n|poke|p1|Sinistcha-Masterpiece, L50|\n|poke|p1|Sneasler, L50, M|\n|poke|p1|Dragonite, L50, F|\n|poke|p1|Basculegion, L50, M|\n|poke|p2|Hydreigon, L50, F|\n|poke|p2|Aegislash, L50, M|\n|poke|p2|Gardevoir, L50, M|\n|poke|p2|Arcanine-Hisui, L50, F|\n|poke|p2|Milotic, L50, F|\n|poke|p2|Kangaskhan, L50, F|\n|teampreview|4\n|inactive|Battle timer is ON: inactive players will automatically lose when time's up. (requested by KaFe-03)\n|inactive|KaFe-03 has 60 seconds left.\n|inactive|crakchead has 60 seconds left.\n|\n|t:|1776425359\n|teamsize|p1|4\n|teamsize|p2|4\n|start\n|switch|p1a: Pelipper|Pelipper, L50, M|100/100\n|switch|p1b: Sneasler|Sneasler, L50, M|100/100\n|switch|p2a: Arcanine|Arcanine-Hisui, L50, F|100/100\n|switch|p2b: Kangaskhan|Kangaskhan, L50, F|100/100\n|-weather|RainDance|[from] ability: Drizzle|[of] p1a: Pelipper\n|turn|1\n|inactive|KaFe-03 has 30 seconds left.\n|inactive|crakchead has 30 seconds left.\n|\n|t:|1776425390\n|move|p1b: Sneasler|Fake Out|p2b: Kangaskhan\n|-damage|p2b: Kangaskhan|82/100\n|cant|p2b: Kangaskhan|flinch\n|move|p2a: Arcanine|Head Smash|p1a: Pelipper\n|-supereffective|p1a: Pelipper|1\n|-enditem|p1a: Pelipper|Focus Sash\n|-damage|p1a: Pelipper|1/100\n|move|p1a: Pelipper|Tailwind|p1a: Pelipper\n|-sidestart|p1: KaFe-03|move: Tailwind\n|\n|-weather|RainDance|[upkeep]\n|upkeep\n|turn|2\n|\n|t:|1776425412\n|move|p2a: Arcanine|Extreme Speed|p1a: Pelipper\n|-damage|p1a: Pelipper|0 fnt\n|faint|p1a: Pelipper\n|move|p1b: Sneasler|Close Combat|p2b: Kangaskhan\n|-supereffective|p2b: Kangaskhan|1\n|-damage|p2b: Kangaskhan|0 fnt\n|-unboost|p1b: Sneasler|def|1\n|-unboost|p1b: Sneasler|spd|1\n|faint|p2b: Kangaskhan\n|-enditem|p1b: Sneasler|White Herb\n|-clearnegativeboost|p1b: Sneasler|[silent]\n|\n|-weather|RainDance|[upkeep]\n|upkeep\n|\n|t:|1776425427\n|switch|p2b: Aegislash|Aegislash, L50, M|100/100\n|switch|p1a: Basculegion|Basculegion, L50, M|100/100\n|turn|3\n|\n|t:|1776425447\n|switch|p1b: Dragonite|Dragonite, L50, F|100/100\n|move|p2a: Arcanine|Protect|p2a: Arcanine\n|-singleturn|p2a: Arcanine|Protect\n|move|p1a: Basculegion|Aqua Jet|p2a: Arcanine\n|-activate|p2a: Arcanine|move: Protect\n|-formechange|p2b: Aegislash|Aegislash-Blade|\n|move|p2b: Aegislash|Poltergeist|p1a: Basculegion\n|-activate|p1a: Basculegion|move: Poltergeist|Mystic Water\n|-supereffective|p1a: Basculegion|1\n|-damage|p1a: Basculegion|0 fnt\n|faint|p1a: Basculegion\n|\n|-weather|RainDance|[upkeep]\n|upkeep\n|\n|t:|1776425453\n|switch|p1a: Sneasler|Sneasler, L50, M|100/100\n|turn|4\n|inactive|KaFe-03 has 30 seconds left.\n|inactive|crakchead has 30 seconds left.\n|\n|t:|1776425482\n|switch|p2a: Gardevoir|Gardevoir, L50, M|100/100\n|detailschange|p1b: Dragonite|Dragonite-Mega, L50, F\n|-mega|p1b: Dragonite|Dragonite|Dragoninite\n|-formechange|p2b: Aegislash|Aegislash|\n|move|p2b: Aegislash|King's Shield|p2b: Aegislash\n|-singleturn|p2b: Aegislash|Protect\n|move|p1a: Sneasler|Fake Out|p2a: Gardevoir\n|-damage|p2a: Gardevoir|72/100\n|move|p1b: Dragonite|Hurricane|p2b: Aegislash\n|-activate|p2b: Aegislash|move: Protect\n|\n|-weather|RainDance|[upkeep]\n|-sideend|p1: KaFe-03|move: Tailwind\n|upkeep\n|turn|5\n|inactive|crakchead has 30 seconds left.\n|\n|t:|1776425511\n|detailschange|p2a: Gardevoir|Gardevoir-Mega, L50, M\n|-mega|p2a: Gardevoir|Gardevoir|Gardevoirite\n|move|p1a: Sneasler|Dire Claw|p2a: Gardevoir\n|-supereffective|p2a: Gardevoir|1\n|-damage|p2a: Gardevoir|0 fnt\n|faint|p2a: Gardevoir\n|move|p1b: Dragonite|Hurricane|p2b: Aegislash\n|-resisted|p2b: Aegislash|1\n|-damage|p2b: Aegislash|72/100\n|-formechange|p2b: Aegislash|Aegislash-Blade|\n|move|p2b: Aegislash|Iron Head|p1a: Sneasler\n|-damage|p1a: Sneasler|16/100\n|\n|-weather|none\n|upkeep\n|\n|t:|1776425525\n|switch|p2a: Arcanine|Arcanine-Hisui, L50, F|100/100\n|turn|6\n|inactive|KaFe-03 has 30 seconds left.\n|\n|t:|1776425557\n|move|p1a: Sneasler|Protect|p1a: Sneasler\n|-singleturn|p1a: Sneasler|Protect\n|move|p2a: Arcanine|Head Smash|p1b: Dragonite\n|-supereffective|p1b: Dragonite|1\n|-damage|p1b: Dragonite|29/100\n|move|p1b: Dragonite|Draco Meteor|p2a: Arcanine\n|-damage|p2a: Arcanine|3/100\n|-unboost|p1b: Dragonite|spa|2\n|move|p2b: Aegislash|Iron Head|p1a: Sneasler\n|-activate|p1a: Sneasler|move: Protect\n|\n|upkeep\n|turn|7\n|\n|t:|1776425579\n|move|p1b: Dragonite|Protect|p1b: Dragonite\n|-singleturn|p1b: Dragonite|Protect\n|move|p2a: Arcanine|Extreme Speed|p1a: Sneasler\n|-damage|p1a: Sneasler|0 fnt\n|faint|p1a: Sneasler\n|move|p2b: Aegislash|Iron Head|p1b: Dragonite\n|-activate|p1b: Dragonite|move: Protect\n|\n|upkeep\n|turn|8\n|\n|t:|1776425599\n|move|p2a: Arcanine|Extreme Speed|p1b: Dragonite\n|-damage|p1b: Dragonite|5/100\n|move|p1b: Dragonite|Hurricane|p2a: Arcanine\n|-resisted|p2a: Arcanine|1\n|-damage|p2a: Arcanine|0 fnt\n|faint|p2a: Arcanine\n|move|p2b: Aegislash|Iron Head|p1b: Dragonite\n|-damage|p1b: Dragonite|0 fnt\n|faint|p1b: Dragonite\n|\n|win|crakchead\n|raw|KaFe-03's rating: 1087 &rarr; <strong>1062</strong><br />(-25 for losing)\n|raw|crakchead's rating: 1055 &rarr; <strong>1090</strong><br />(+35 for winning)\n",
  "uploadtime": 1776425605,
  "views": 23,
  "formatid": "gen9championsvgc2026regma",
  "rating": 1062,
  "private": 0,
  "password": null
}