{
  "id": "gen9championsvgc2026regma-2583755472",
  "format": "[Gen 9 Champions] VGC 2026 Reg M-A",
  "players": [
    "YugePower",
    "aceac3"
  ],
  "log": "|j|\u2606YugePower\n|j|\u2606aceac3\n|t:|1776195514\n|gametype|doubles\n|player|p1|YugePower|101|1106\n|player|p2|aceac3|riley|1084\n|gen|9\n|tier|[Gen 9 Champions] VGC 2026 Reg M-A\n|rated|\n|rule|Species Clause: Limit one of each Pok\u00e9mon\n|rule|Item Clause: Limit 1 of each item\n|clearpoke\n|poke|p1|Luxray, L50, F|\n|poke|p1|Kangaskhan, L50, F|\n|poke|p1|Talonflame, L50, M|\n|poke|p1|Milotic, L50, F|\n|poke|p1|Reuniclus, L50, F|\n|poke|p1|Venusaur, L50, M|\n|poke|p2|Blastoise, L50, M|\n|poke|p2|Clefable, L50, M|\n|poke|p2|Maushold-Four, L50|\n|poke|p2|Pelipper, L50, F|\n|poke|p2|Sinistcha, L50|\n|poke|p2|Oranguru, L50, M|\n|teampreview|4\n|inactive|Battle timer is ON: inactive players will automatically lose when time's up. (requested by YugePower)\n|inactive|YugePower has 60 seconds left.\n|\n|t:|1776195558\n|teamsize|p1|4\n|teamsize|p2|4\n|start\n|switch|p1a: Kangaskhan|Kangaskhan, L50, F|100/100\n|switch|p1b: Luxray|Luxray, L50, F|100/100\n|switch|p2a: Blastoise|Blastoise, L50, M|100/100\n|switch|p2b: Clefable|Clefable, L50, M|100/100\n|-ability|p1b: Luxray|Intimidate|boost\n|-unboost|p2a: Blastoise|atk|1\n|-unboost|p2b: Clefable|atk|1\n|turn|1\n|inactive|YugePower has 30 seconds left.\n|inactive|aceac3 has 30 seconds left.\n|inactive|YugePower has 20 seconds left.\n|inactive|YugePower has 15 seconds left.\n|inactive|YugePower has 10 seconds left.\n|inactive|YugePower has 5 seconds left.\n|\n|t:|1776195611\n|detailschange|p1a: Kangaskhan|Kangaskhan-Mega, L50, F\n|-mega|p1a: Kangaskhan|Kangaskhan|Kangaskhanite\n|detailschange|p2a: Blastoise|Blastoise-Mega, L50, M\n|-mega|p2a: Blastoise|Blastoise|Blastoisinite\n|move|p2a: Blastoise|Protect|p2a: Blastoise\n|-singleturn|p2a: Blastoise|Protect\n|move|p1a: Kangaskhan|Fake Out|p2a: Blastoise\n|-activate|p2a: Blastoise|move: Protect\n|move|p1b: Luxray|Supercell Slam|p2a: Blastoise\n|-activate|p2a: Blastoise|move: Protect\n|-damage|p1b: Luxray|51/100|[from] supercellslam\n|move|p2b: Clefable|Moonblast|p1b: Luxray\n|-damage|p1b: Luxray|23/100\n|-enditem|p1b: Luxray|Sitrus Berry|[eat]\n|-heal|p1b: Luxray|48/100|[from] item: Sitrus Berry\n|\n|upkeep\n|turn|2\n|inactive|YugePower has 30 seconds left.\n|inactive|aceac3 has 30 seconds left.\n|inactive|YugePower has 20 seconds left.\n|\n|t:|1776195647\n|switch|p1b: Milotic|Milotic, L50, F|100/100\n|move|p2b: Clefable|Follow Me|p2b: Clefable\n|-singleturn|p2b: Clefable|move: Follow Me\n|move|p1a: Kangaskhan|Body Slam|p2b: Clefable\n|-damage|p2b: Clefable|47/100\n|-status|p2b: Clefable|par\n|-start|p1a: Kangaskhan|Attract|[from] ability: Cute Charm|[of] p2b: Clefable\n|-damage|p2b: Clefable|34/100 par\n|-hitcount|p2b: Clefable|2\n|move|p2a: Blastoise|Shell Smash|p2a: Blastoise\n|-unboost|p2a: Blastoise|def|1\n|-unboost|p2a: Blastoise|spd|1\n|-boost|p2a: Blastoise|atk|2\n|-boost|p2a: Blastoise|spa|2\n|-boost|p2a: Blastoise|spe|2\n|\n|upkeep\n|turn|3\n|inactive|YugePower has 30 seconds left.\n|inactive|aceac3 has 30 seconds left.\n|\n|t:|1776195678\n|move|p2b: Clefable|Helping Hand|p2a: Blastoise\n|-singleturn|p2a: Blastoise|Helping Hand|[of] p2b: Clefable\n|-activate|p1a: Kangaskhan|move: Attract|[of] p2b: Clefable\n|cant|p1a: Kangaskhan|Attract\n|move|p2a: Blastoise|Water Spout|p1a: Kangaskhan|[spread] p1a,p1b\n|-resisted|p1b: Milotic|1\n|-damage|p1a: Kangaskhan|0 fnt\n|-damage|p1b: Milotic|36/100\n|faint|p1a: Kangaskhan\n|move|p1b: Milotic|Icy Wind|p2a: Blastoise|[spread] p2a,p2b\n|-resisted|p2a: Blastoise|1\n|-damage|p2a: Blastoise|93/100\n|-damage|p2b: Clefable|28/100 par\n|-unboost|p2a: Blastoise|spe|1\n|-unboost|p2b: Clefable|spe|1\n|\n|-heal|p1b: Milotic|42/100|[from] item: Leftovers\n|upkeep\n|c|\u2606YugePower|Fucking bullshit lol\n|c|\u2606YugePower|infatuation\n|c|\u2606YugePower|nice\n|inactive|YugePower has 30 seconds left.\n|c|\u2606aceac3|haha yeah\n|\n|t:|1776195706\n|switch|p1a: Talonflame|Talonflame, L50, M|100/100\n|turn|4\n|inactive|YugePower has 30 seconds left.\n|\n|t:|1776195734\n|move|p2b: Clefable|Follow Me|p2b: Clefable\n|-singleturn|p2b: Clefable|move: Follow Me\n|move|p1a: Talonflame|Tailwind|p1a: Talonflame\n|-sidestart|p1: YugePower|move: Tailwind\n|move|p1b: Milotic|Scald|p2b: Clefable\n|-damage|p2b: Clefable|7/100 par\n|move|p2a: Blastoise|Water Spout|p1a: Talonflame|[spread] p1a,p1b\n|-supereffective|p1a: Talonflame|1\n|-resisted|p1b: Milotic|1\n|-enditem|p1a: Talonflame|Focus Sash\n|-damage|p1a: Talonflame|1/100\n|-damage|p1b: Milotic|7/100\n|\n|-heal|p1b: Milotic|13/100|[from] item: Leftovers\n|upkeep\n|turn|5\n|\n|t:|1776195757\n|move|p2b: Clefable|Follow Me|p2b: Clefable\n|-singleturn|p2b: Clefable|move: Follow Me\n|move|p1a: Talonflame|Brave Bird|p2b: Clefable\n|-damage|p2b: Clefable|0 fnt\n|faint|p2b: Clefable\n|-damage|p1a: Talonflame|0 fnt|[from] Recoil\n|faint|p1a: Talonflame\n|move|p1b: Milotic|Icy Wind|p2a: Blastoise\n|-resisted|p2a: Blastoise|1\n|-damage|p2a: Blastoise|83/100\n|-unboost|p2a: Blastoise|spe|1\n|move|p2a: Blastoise|Water Spout|p1b: Milotic\n|-resisted|p1b: Milotic|1\n|-damage|p1b: Milotic|0 fnt\n|faint|p1b: Milotic\n|\n|upkeep\n|\n|t:|1776195774\n|switch|p1a: Luxray|Luxray, L50, F|48/100\n|switch|p2b: Sinistcha|Sinistcha, L50|100/100\n|-ability|p1a: Luxray|Intimidate|boost\n|-unboost|p2a: Blastoise|atk|1\n|-unboost|p2b: Sinistcha|atk|1\n|-heal|p2a: Blastoise|100/100|[from] ability: Hospitality|[of] p2b: Sinistcha\n|turn|6\n|-activate|p2b: Sinistcha|item: Quick Claw\n|\n|t:|1776195789\n|move|p2b: Sinistcha|Rage Powder|p2b: Sinistcha\n|-singleturn|p2b: Sinistcha|move: Rage Powder\n|move|p1a: Luxray|Crunch|p2b: Sinistcha\n|-supereffective|p2b: Sinistcha|1\n|-damage|p2b: Sinistcha|56/100\n|move|p2a: Blastoise|Aura Sphere|p1a: Luxray\n|-damage|p1a: Luxray|0 fnt\n|faint|p1a: Luxray\n|\n|win|aceac3\n",
  "uploadtime": 1776195690,
  "views": 12,
  "formatid": "gen9championsvgc2026regma",
  "rating": null,
  "private": 0,
  "password": null
}