{
  "id": "gen9championsvgc2026regma-2589512795",
  "format": "[Gen 9 Champions] VGC 2026 Reg M-A",
  "players": [
    "INCENEDORUS",
    "Dux-El52"
  ],
  "log": "|j|\u2606INCENEDORUS\n|j|\u2606Dux-El52\n|t:|1776729758\n|gametype|doubles\n|player|p1|INCENEDORUS|gambler|1299\n|player|p2|Dux-El52|170|1394\n|gen|9\n|tier|[Gen 9 Champions] VGC 2026 Reg M-A\n|rated|\n|rule|Species Clause: Limit one of each Pok\u00e9mon\n|rule|Item Clause: Limit 1 of each item\n|clearpoke\n|poke|p1|Charizard, L50, M|\n|poke|p1|Sneasler, L50, M|\n|poke|p1|Milotic, L50, M|\n|poke|p1|Garchomp, L50, F|\n|poke|p1|Incineroar, L50, F|\n|poke|p1|Venusaur, L50, F|\n|poke|p2|Floette-Eternal, L50, F|\n|poke|p2|Sneasler, L50, M|\n|poke|p2|Sinistcha-Masterpiece, L50, shiny|\n|poke|p2|Garchomp, L50, F, shiny|\n|poke|p2|Milotic, L50, F, shiny|\n|poke|p2|Aerodactyl, L50, M|\n|teampreview|4\n|\n|t:|1776729795\n|teamsize|p1|4\n|teamsize|p2|4\n|start\n|switch|p1a: Incineroar|Incineroar, L50, F|100/100\n|switch|p1b: Milotic|Milotic, L50, M|100/100\n|switch|p2a: Milotic|Milotic, L50, F, shiny|100/100\n|switch|p2b: Sneasler|Sneasler, L50, M|100/100\n|-ability|p1a: Incineroar|Intimidate|boost\n|-unboost|p2a: Milotic|atk|1\n|-ability|p2a: Milotic|Competitive|boost\n|-boost|p2a: Milotic|spa|2\n|-unboost|p2b: Sneasler|atk|1\n|-enditem|p2b: Sneasler|White Herb\n|-clearnegativeboost|p2b: Sneasler|[silent]\n|turn|1\n|\n|t:|1776729816\n|move|p2b: Sneasler|Protect|p2b: Sneasler\n|-singleturn|p2b: Sneasler|Protect\n|move|p1a: Incineroar|Fake Out|p2a: Milotic\n|-damage|p2a: Milotic|87/100\n|move|p1b: Milotic|Hypnosis|p2a: Milotic|[miss]\n|-miss|p1b: Milotic|p2a: Milotic\n|cant|p2a: Milotic|flinch\n|\n|-heal|p2a: Milotic|93/100|[from] item: Leftovers\n|upkeep\n|turn|2\n|\n|t:|1776729836\n|move|p2b: Sneasler|Dire Claw|p1b: Milotic\n|-damage|p1b: Milotic|57/100\n|move|p2a: Milotic|Scald|p1b: Milotic\n|-resisted|p1b: Milotic|1\n|-damage|p1b: Milotic|34/100\n|-status|p1b: Milotic|brn\n|move|p1b: Milotic|Hypnosis|p2a: Milotic\n|-status|p2a: Milotic|slp|[from] move: Hypnosis\n|move|p1a: Incineroar|Parting Shot|p2b: Sneasler\n|-unboost|p2b: Sneasler|atk|1\n|-unboost|p2b: Sneasler|spa|1\n|\n|t:|1776729851\n|switch|p1a: Sneasler|Sneasler, L50, M|100/100|[from] Parting Shot\n|\n|-heal|p1b: Milotic|40/100 brn|[from] item: Leftovers\n|-heal|p2a: Milotic|99/100 slp|[from] item: Leftovers\n|-damage|p1b: Milotic|34/100 brn|[from] brn\n|upkeep\n|turn|3\n|\n|t:|1776729866\n|move|p2b: Sneasler|Protect|p2b: Sneasler\n|-singleturn|p2b: Sneasler|Protect\n|move|p1a: Sneasler|Close Combat|p2a: Milotic\n|-damage|p2a: Milotic|29/100 slp\n|-unboost|p1a: Sneasler|def|1\n|-unboost|p1a: Sneasler|spd|1\n|-enditem|p1a: Sneasler|White Herb\n|-clearnegativeboost|p1a: Sneasler|[silent]\n|move|p1b: Milotic|Recover|p1b: Milotic\n|-heal|p1b: Milotic|84/100 brn\n|cant|p2a: Milotic|slp\n|\n|-heal|p1b: Milotic|90/100 brn|[from] item: Leftovers\n|-heal|p2a: Milotic|35/100 slp|[from] item: Leftovers\n|-damage|p1b: Milotic|84/100 brn|[from] brn\n|upkeep\n|turn|4\n|\n|t:|1776729890\n|-curestatus|p2a: Milotic|slp|[msg]\n|move|p2a: Milotic|Protect|p2a: Milotic\n|-singleturn|p2a: Milotic|Protect\n|move|p1a: Sneasler|Close Combat|p2a: Milotic\n|-activate|p2a: Milotic|move: Protect\n|move|p2b: Sneasler|Close Combat|p1b: Milotic\n|-damage|p1b: Milotic|43/100 brn\n|-unboost|p2b: Sneasler|def|1\n|-unboost|p2b: Sneasler|spd|1\n|move|p1b: Milotic|Coil|p1b: Milotic\n|-boost|p1b: Milotic|atk|1\n|-boost|p1b: Milotic|def|1\n|-boost|p1b: Milotic|accuracy|1\n|\n|-heal|p2a: Milotic|41/100|[from] item: Leftovers\n|-heal|p1b: Milotic|49/100 brn|[from] item: Leftovers\n|-damage|p1b: Milotic|43/100 brn|[from] brn\n|upkeep\n|turn|5\n|\n|t:|1776729911\n|switch|p2a: Floette|Floette-Eternal, L50, F|100/100\n|move|p1a: Sneasler|Close Combat|p2a: Floette\n|-resisted|p2a: Floette|1\n|-damage|p2a: Floette|48/100\n|-unboost|p1a: Sneasler|def|1\n|-unboost|p1a: Sneasler|spd|1\n|move|p2b: Sneasler|Dire Claw|p1b: Milotic\n|-damage|p1b: Milotic|22/100 brn\n|-fail|p2b: Sneasler\n|move|p1b: Milotic|Recover|p1b: Milotic\n|-heal|p1b: Milotic|72/100 brn\n|\n|-heal|p1b: Milotic|78/100 brn|[from] item: Leftovers\n|-damage|p1b: Milotic|72/100 brn|[from] brn\n|upkeep\n|turn|6\n|\n|t:|1776729932\n|switch|p2b: Milotic|Milotic, L50, F, shiny|41/100\n|detailschange|p2a: Floette|Floette-Mega, L50, F\n|-mega|p2a: Floette|Floette|Floettite\n|-ability|p2a: Floette|Fairy Aura\n|move|p2a: Floette|Protect|p2a: Floette\n|-singleturn|p2a: Floette|Protect\n|move|p1a: Sneasler|Dire Claw|p2a: Floette\n|-activate|p2a: Floette|move: Protect\n|move|p1b: Milotic|Coil|p1b: Milotic\n|-boost|p1b: Milotic|atk|1\n|-boost|p1b: Milotic|def|1\n|-boost|p1b: Milotic|accuracy|1\n|\n|-heal|p1b: Milotic|78/100 brn|[from] item: Leftovers\n|-heal|p2b: Milotic|47/100|[from] item: Leftovers\n|-damage|p1b: Milotic|72/100 brn|[from] brn\n|upkeep\n|turn|7\n|\n|t:|1776729951\n|switch|p2a: Garchomp|Garchomp, L50, F, shiny|100/100\n|move|p2b: Milotic|Protect|p2b: Milotic\n|-singleturn|p2b: Milotic|Protect\n|move|p1a: Sneasler|Close Combat|p2b: Milotic\n|-activate|p2b: Milotic|move: Protect\n|move|p1b: Milotic|Hypnosis|p2a: Garchomp\n|-status|p2a: Garchomp|slp|[from] move: Hypnosis\n|\n|-heal|p2b: Milotic|53/100|[from] item: Leftovers\n|-heal|p1b: Milotic|78/100 brn|[from] item: Leftovers\n|-damage|p1b: Milotic|72/100 brn|[from] brn\n|upkeep\n|turn|8\n|\n|t:|1776729969\n|switch|p1a: Charizard|Charizard, L50, M|100/100\n|cant|p2a: Garchomp|slp\n|move|p1b: Milotic|Hypnosis|p2b: Milotic\n|-status|p2b: Milotic|slp|[from] move: Hypnosis\n|cant|p2b: Milotic|slp\n|\n|-heal|p2b: Milotic|59/100 slp|[from] item: Leftovers\n|-heal|p1b: Milotic|78/100 brn|[from] item: Leftovers\n|-damage|p1b: Milotic|72/100 brn|[from] brn\n|upkeep\n|turn|9\n|\n|t:|1776729982\n|detailschange|p1a: Charizard|Charizard-Mega-Y, L50, M\n|-mega|p1a: Charizard|Charizard|Charizardite Y\n|-weather|SunnyDay|[from] ability: Drought|[of] p1a: Charizard\n|-curestatus|p2b: Milotic|slp|[msg]\n|move|p2b: Milotic|Protect|p2b: Milotic\n|-singleturn|p2b: Milotic|Protect\n|-curestatus|p2a: Garchomp|slp|[msg]\n|move|p2a: Garchomp|Rock Slide|p1a: Charizard|[spread] p1b\n|-miss|p2a: Garchomp|p1a: Charizard\n|-damage|p1b: Milotic|62/100 brn\n|move|p1a: Charizard|Solar Beam||[still]\n|-prepare|p1a: Charizard|Solar Beam\n|-anim|p1a: Charizard|Solar Beam|p2b: Milotic\n|-activate|p2b: Milotic|move: Protect\n|move|p1b: Milotic|Coil|p1b: Milotic\n|-boost|p1b: Milotic|atk|1\n|-boost|p1b: Milotic|def|1\n|-boost|p1b: Milotic|accuracy|1\n|\n|-weather|SunnyDay|[upkeep]\n|-heal|p1b: Milotic|68/100 brn|[from] item: Leftovers\n|-heal|p2b: Milotic|65/100|[from] item: Leftovers\n|-damage|p1b: Milotic|62/100 brn|[from] brn\n|upkeep\n|turn|10\n|\n|t:|1776730012\n|switch|p1a: Incineroar|Incineroar, L50, F|100/100\n|-ability|p1a: Incineroar|Intimidate|boost\n|-unboost|p2a: Garchomp|atk|1\n|-unboost|p2b: Milotic|atk|1\n|-ability|p2b: Milotic|Competitive|boost\n|-boost|p2b: Milotic|spa|2\n|move|p2a: Garchomp|Protect|p2a: Garchomp\n|-singleturn|p2a: Garchomp|Protect\n|move|p1b: Milotic|Recover|p1b: Milotic\n|-heal|p1b: Milotic|100/100 brn\n|move|p2b: Milotic|Scald|p1b: Milotic\n|-resisted|p1b: Milotic|1\n|-damage|p1b: Milotic|90/100 brn\n|\n|-weather|SunnyDay|[upkeep]\n|-heal|p1b: Milotic|96/100 brn|[from] item: Leftovers\n|-heal|p2b: Milotic|71/100|[from] item: Leftovers\n|-damage|p1b: Milotic|90/100 brn|[from] brn\n|upkeep\n|turn|11\n|-message|Dux-El52 forfeited.\n|\n|win|INCENEDORUS\n|raw|INCENEDORUS's rating: 1299 &rarr; <strong>1331</strong><br />(+32 for winning)\n|raw|Dux-El52's rating: 1394 &rarr; <strong>1369</strong><br />(-25 for losing)\n|l|\u2606Dux-El52\n|player|p2|\n",
  "uploadtime": 1776730057,
  "views": 5,
  "formatid": "gen9championsvgc2026regma",
  "rating": 1331,
  "private": 0,
  "password": null
}