{
  "id": "gen9championsvgc2026regma-2587372040",
  "format": "[Gen 9 Champions] VGC 2026 Reg M-A",
  "players": [
    "silyyyyyyyyyyy",
    "Bruddadarkness"
  ],
  "log": "|j|\u2606silyyyyyyyyyyy\n|j|\u2606Bruddadarkness\n|t:|1776526257\n|gametype|doubles\n|player|p1|silyyyyyyyyyyy|elesa|1000\n|player|p2|Bruddadarkness|101|1000\n|gen|9\n|tier|[Gen 9 Champions] VGC 2026 Reg M-A\n|rated|\n|rule|Species Clause: Limit one of each Pok\u00e9mon\n|rule|Item Clause: Limit 1 of each item\n|clearpoke\n|poke|p1|Skarmory, L50, M|\n|poke|p1|Rhyperior, L50, F|\n|poke|p1|Sinistcha, L50|\n|poke|p1|Talonflame, L50, M|\n|poke|p1|Greninja, L50, F, shiny|\n|poke|p1|Sneasler, L50, F|\n|poke|p2|Sinistcha, L50|\n|poke|p2|Incineroar, L50, M|\n|poke|p2|Milotic, L50, F|\n|poke|p2|Whimsicott, L50, M|\n|poke|p2|Garchomp, L50, M|\n|poke|p2|Charizard, L50, F|\n|teampreview|4\n|\n|t:|1776526293\n|teamsize|p1|4\n|teamsize|p2|4\n|start\n|switch|p1a: sneezer|Sneasler, L50, F|100/100\n|switch|p1b: DAMN|Skarmory, L50, M|100/100\n|switch|p2a: Sinistcha|Sinistcha, L50|100/100\n|switch|p2b: Charizard|Charizard, L50, F|100/100\n|turn|1\n|\n|t:|1776526321\n|switch|p1b: big bird|Talonflame, L50, M|100/100\n|detailschange|p2b: Charizard|Charizard-Mega-Y, L50, F\n|-mega|p2b: Charizard|Charizard|Charizardite Y\n|-weather|SunnyDay|[from] ability: Drought|[of] p2b: Charizard\n|move|p1a: sneezer|Fake Out|p2b: Charizard\n|-damage|p2b: Charizard|77/100\n|move|p2a: Sinistcha|Rage Powder|p2a: Sinistcha\n|-singleturn|p2a: Sinistcha|move: Rage Powder\n|cant|p2b: Charizard|flinch\n|\n|-weather|SunnyDay|[upkeep]\n|upkeep\n|turn|2\n|\n|t:|1776526363\n|switch|p2a: Incineroar|Incineroar, L50, M|100/100\n|-ability|p2a: Incineroar|Intimidate|boost\n|-unboost|p1a: sneezer|atk|1\n|-unboost|p1b: big bird|atk|1\n|move|p2b: Charizard|Protect|p2b: Charizard\n|-singleturn|p2b: Charizard|Protect\n|move|p1b: big bird|Tailwind|p1b: big bird\n|-sidestart|p1: silyyyyyyyyyyy|move: Tailwind\n|move|p1a: sneezer|U-turn|p2a: Incineroar\n|-damage|p2a: Incineroar|85/100\n|\n|t:|1776526375\n|switch|p1a: tea time|Sinistcha, L50|100/100|[from] U-turn\n|\n|-weather|SunnyDay|[upkeep]\n|upkeep\n|turn|3\n|\n|t:|1776526402\n|move|p2a: Incineroar|Helping Hand|p2b: Charizard\n|-singleturn|p2b: Charizard|Helping Hand|[of] p2a: Incineroar\n|move|p1a: tea time|Protect|p1a: tea time\n|-singleturn|p1a: tea time|Protect\n|move|p1b: big bird|Brave Bird|p2b: Charizard\n|-damage|p2b: Charizard|27/100\n|-damage|p1b: big bird|84/100|[from] Recoil\n|move|p2b: Charizard|Weather Ball|p1a: tea time\n|-activate|p1a: tea time|move: Protect\n|\n|-weather|SunnyDay|[upkeep]\n|upkeep\n|turn|4\n|\n|t:|1776526446\n|switch|p2b: Milotic|Milotic, L50, F|100/100\n|switch|p1a: sneezer|Sneasler, L50, F|100/100\n|move|p1b: big bird|Brave Bird|p2b: Milotic\n|-damage|p2b: Milotic|70/100\n|-damage|p1b: big bird|73/100|[from] Recoil\n|move|p2a: Incineroar|Darkest Lariat|p1a: sneezer\n|-resisted|p1a: sneezer|1\n|-damage|p1a: sneezer|72/100\n|\n|-weather|SunnyDay|[upkeep]\n|upkeep\n|turn|5\n|\n|t:|1776526474\n|switch|p1b: tea time|Sinistcha, L50|100/100\n|-heal|p1a: sneezer|97/100|[from] ability: Hospitality|[of] p1b: tea time\n|move|p2a: Incineroar|Helping Hand|p2b: Milotic\n|-singleturn|p2b: Milotic|Helping Hand|[of] p2a: Incineroar\n|move|p1a: sneezer|Close Combat|p2a: Incineroar\n|-supereffective|p2a: Incineroar|1\n|-damage|p2a: Incineroar|0 fnt\n|-unboost|p1a: sneezer|def|1\n|-unboost|p1a: sneezer|spd|1\n|faint|p2a: Incineroar\n|move|p2b: Milotic|Icy Wind|p1a: sneezer|[spread] p1a,p1b\n|-supereffective|p1b: tea time|1\n|-damage|p1a: sneezer|67/100\n|-damage|p1b: tea time|74/100\n|-unboost|p1a: sneezer|spe|1\n|-unboost|p1b: tea time|spe|1\n|\n|-weather|none\n|-heal|p1b: tea time|80/100|[from] item: Leftovers\n|-sideend|p1: silyyyyyyyyyyy|move: Tailwind\n|upkeep\n|\n|t:|1776526497\n|switch|p2a: Sinistcha|Sinistcha, L50|100/100\n|-heal|p2b: Milotic|95/100|[from] ability: Hospitality|[of] p2a: Sinistcha\n|turn|6\n|\n|t:|1776526534\n|move|p2a: Sinistcha|Rage Powder|p2a: Sinistcha\n|-singleturn|p2a: Sinistcha|move: Rage Powder\n|move|p2b: Milotic|Icy Wind|p1a: sneezer|[spread] p1a,p1b\n|-supereffective|p1b: tea time|1\n|-damage|p1a: sneezer|46/100\n|-damage|p1b: tea time|59/100\n|-unboost|p1a: sneezer|spe|1\n|-unboost|p1b: tea time|spe|1\n|move|p1a: sneezer|U-turn|p2a: Sinistcha\n|-damage|p2a: Sinistcha|72/100\n|\n|t:|1776526545\n|switch|p1a: DAMN|Skarmory, L50, M|100/100|[from] U-turn\n|move|p1b: tea time|Life Dew||[still]|[spread] p1a,p1b\n|-fail|p1a: DAMN|heal\n|-heal|p1b: tea time|85/100\n|\n|-heal|p2a: Sinistcha|78/100|[from] item: Leftovers\n|-heal|p1b: tea time|91/100|[from] item: Leftovers\n|upkeep\n|turn|7\n|\n|t:|1776526572\n|detailschange|p1a: DAMN|Skarmory-Mega, L50, M\n|-mega|p1a: DAMN|Skarmory|Skarmorite\n|move|p1a: DAMN|Drill Run|p2b: Milotic\n|-damage|p2b: Milotic|68/100\n|move|p2b: Milotic|Icy Wind|p1a: DAMN|[spread] p1a,p1b\n|-supereffective|p1b: tea time|1\n|-damage|p1a: DAMN|87/100\n|-damage|p1b: tea time|71/100\n|-unboost|p1a: DAMN|spe|1\n|-unboost|p1b: tea time|spe|1\n|move|p2a: Sinistcha|Matcha Gotcha|p1a: DAMN|[spread] p1a,p1b\n|-resisted|p1a: DAMN|2\n|-resisted|p1b: tea time|1\n|-damage|p1a: DAMN|80/100\n|-heal|p2a: Sinistcha|81/100|[from] drain|[of] p1a: DAMN\n|-damage|p1b: tea time|59/100\n|-heal|p2a: Sinistcha|88/100|[from] drain|[of] p1b: tea time\n|move|p1b: tea time|Matcha Gotcha|p2a: Sinistcha|[spread] p2a,p2b\n|-resisted|p2a: Sinistcha|1\n|-supereffective|p2b: Milotic|1\n|-damage|p2a: Sinistcha|74/100\n|-heal|p1b: tea time|66/100|[from] drain|[of] p2a: Sinistcha\n|-damage|p2b: Milotic|21/100\n|-heal|p1b: tea time|88/100|[from] drain|[of] p2b: Milotic\n|\n|-heal|p2a: Sinistcha|80/100|[from] item: Leftovers\n|-heal|p1b: tea time|94/100|[from] item: Leftovers\n|upkeep\n|turn|8\n|\n|t:|1776526610\n|move|p1b: tea time|Rage Powder|p1b: tea time\n|-singleturn|p1b: tea time|move: Rage Powder\n|move|p2b: Milotic|Icy Wind|p1a: DAMN|[spread] p1a,p1b\n|-supereffective|p1b: tea time|1\n|-damage|p1a: DAMN|68/100\n|-damage|p1b: tea time|75/100\n|-unboost|p1a: DAMN|spe|1\n|-unboost|p1b: tea time|spe|1\n|move|p2a: Sinistcha|Imprison|p2a: Sinistcha\n|-start|p2a: Sinistcha|move: Imprison\n|move|p1a: DAMN|Swords Dance|p1a: DAMN\n|-boost|p1a: DAMN|atk|2\n|\n|-heal|p2a: Sinistcha|86/100|[from] item: Leftovers\n|-heal|p1b: tea time|81/100|[from] item: Leftovers\n|upkeep\n|turn|9\n|\n|t:|1776526637\n|switch|p1b: big bird|Talonflame, L50, M|73/100\n|move|p2a: Sinistcha|Rage Powder|p2a: Sinistcha\n|-singleturn|p2a: Sinistcha|move: Rage Powder\n|move|p2b: Milotic|Life Dew|p2b: Milotic|[spread] p2a,p2b\n|-heal|p2a: Sinistcha|100/100\n|-heal|p2b: Milotic|46/100\n|move|p1a: DAMN|Iron Head|p2b: Milotic\n|-resisted|p2b: Milotic|1\n|-damage|p2b: Milotic|2/100\n|\n|upkeep\n|turn|10\n|\n|t:|1776526663\n|move|p2a: Sinistcha|Rage Powder|p2a: Sinistcha\n|-singleturn|p2a: Sinistcha|move: Rage Powder\n|move|p1b: big bird|Tailwind|p1b: big bird\n|-sidestart|p1: silyyyyyyyyyyy|move: Tailwind\n|move|p1a: DAMN|Iron Head|p2b: Milotic\n|-resisted|p2b: Milotic|1\n|-damage|p2b: Milotic|0 fnt\n|faint|p2b: Milotic\n|\n|upkeep\n|\n|t:|1776526672\n|switch|p2b: Charizard|Charizard-Mega-Y, L50, F|27/100\n|-weather|SunnyDay|[from] ability: Drought|[of] p2b: Charizard\n|turn|11\n|\n|t:|1776526691\n|move|p2a: Sinistcha|Rage Powder|p2a: Sinistcha\n|-singleturn|p2a: Sinistcha|move: Rage Powder\n|move|p1b: big bird|Flare Blitz|p2a: Sinistcha\n|-supereffective|p2a: Sinistcha|1\n|-damage|p2a: Sinistcha|0 fnt\n|faint|p2a: Sinistcha\n|-damage|p1b: big bird|42/100|[from] Recoil\n|move|p2b: Charizard|Weather Ball|p1a: DAMN\n|-supereffective|p1a: DAMN|1\n|-damage|p1a: DAMN|0 fnt\n|faint|p1a: DAMN\n|\n|-weather|SunnyDay|[upkeep]\n|upkeep\n|\n|t:|1776526703\n|switch|p1a: tea time|Sinistcha, L50|81/100\n|-heal|p1b: big bird|66/100|[from] ability: Hospitality|[of] p1a: tea time\n|turn|12\n|\n|t:|1776526718\n|move|p1a: tea time|Protect|p1a: tea time\n|-singleturn|p1a: tea time|Protect\n|move|p1b: big bird|Brave Bird|p2b: Charizard\n|-damage|p2b: Charizard|0 fnt\n|faint|p2b: Charizard\n|-damage|p1b: big bird|57/100|[from] Recoil\n|\n|win|silyyyyyyyyyyy\n|raw|silyyyyyyyyyyy's rating: 1000 &rarr; <strong>1040</strong><br />(+40 for winning)\n|raw|Bruddadarkness's rating: 1000 &rarr; <strong>1000</strong><br />(+0 for losing)\n",
  "uploadtime": 1776526727,
  "views": 31,
  "formatid": "gen9championsvgc2026regma",
  "rating": 1000,
  "private": 0,
  "password": null
}