{
  "id": "gen9championsvgc2026regma-2583049579",
  "format": "[Gen 9 Champions] VGC 2026 Reg M-A",
  "players": [
    "kuanyou",
    "LoveThyEnemy"
  ],
  "log": "|j|\u2606kuanyou\n|j|\u2606LoveThyEnemy\n|t:|1776136659\n|gametype|doubles\n|player|p1|kuanyou|266|1254\n|player|p2|LoveThyEnemy|102|1252\n|gen|9\n|tier|[Gen 9 Champions] VGC 2026 Reg M-A\n|rated|\n|rule|Species Clause: Limit one of each Pok\u00e9mon\n|rule|Item Clause: Limit 1 of each item\n|clearpoke\n|poke|p1|Scovillain, L50, F|\n|poke|p1|Sneasler, L50, F|\n|poke|p1|Primarina, L50, M|\n|poke|p1|Kingambit, L50, M|\n|poke|p1|Aerodactyl, L50, F|\n|poke|p1|Garchomp, L50, F|\n|poke|p2|Incineroar, L50, M|\n|poke|p2|Sinistcha, L50|\n|poke|p2|Kingambit, L50, F|\n|poke|p2|Sneasler, L50, M|\n|poke|p2|Floette-Eternal, L50, F|\n|poke|p2|Basculegion, L50, M|\n|teampreview|4\nkuanyou has agreed to open team sheets.\nLoveThyEnemy has agreed to open team sheets.\n|showteam|p1|Scovillain||Scovillainite|Moody|Flamethrower,LeechSeed,RagePowder,Protect|||F|||50|]Sneasler||WhiteHerb|Unburden|CloseCombat,DireClaw,FakeOut,Coaching|||F|||50|]Primarina||Leftovers|LiquidVoice|HyperVoice,Moonblast,CalmMind,Protect|||M|||50|]Kingambit||BlackGlasses|Defiant|KowtowCleave,SuckerPunch,SwordsDance,Protect|||M|||50|]Aerodactyl||FocusSash|Unnerve|RockSlide,WideGuard,Tailwind,Protect|||F|||50|]Garchomp||HabanBerry|RoughSkin|DragonClaw,Earthquake,StompingTantrum,Protect|||F|||50|\n|showteam|p2|Incineroar||SitrusBerry|Intimidate|FakeOut,FlareBlitz,ThroatChop,PartingShot|||M|||50|]Sinistcha||OccaBerry|Hospitality|MatchaGotcha,TrickRoom,RagePowder,Protect||||||50|]Kingambit||ChopleBerry|Defiant|KowtowCleave,SuckerPunch,IronHead,Protect|||F|||50|]Sneasler||WhiteHerb|Unburden|CloseCombat,DireClaw,RockSlide,Protect|||M|||50|]Floette-Eternal||Floettite|FlowerVeil|Moonblast,DazzlingGleam,CalmMind,Protect|||F|||50|]Basculegion||ChoiceScarf|SwiftSwim|WaveCrash,AquaJet,LastRespects,FlipTurn|||M|||50|\n|\n|t:|1776136720\n|teamsize|p1|4\n|teamsize|p2|4\n|start\n|switch|p1a: Scovillain|Scovillain, L50, F|100/100\n|switch|p1b: Primarina|Primarina, L50, M|100/100\n|switch|p2a: Basculegion|Basculegion, L50, M|100/100\n|switch|p2b: Floette|Floette-Eternal, L50, F|100/100\n|turn|1\n|\n|t:|1776136759\n|detailschange|p2b: Floette|Floette-Mega, L50, F\n|-mega|p2b: Floette|Floette|Floettite\n|-ability|p2b: Floette|Fairy Aura\n|detailschange|p1a: Scovillain|Scovillain-Mega, L50, F\n|-mega|p1a: Scovillain|Scovillain|Scovillainite\n|move|p1a: Scovillain|Rage Powder|p1a: Scovillain\n|-singleturn|p1a: Scovillain|move: Rage Powder\n|move|p2a: Basculegion|Wave Crash|p1a: Scovillain\n|-damage|p1a: Scovillain|42/100\n|-status|p2a: Basculegion|brn|[from] ability: Spicy Spray|[of] p1a: Scovillain\n|-damage|p2a: Basculegion|84/100 brn|[from] Recoil\n|move|p2b: Floette|Calm Mind|p2b: Floette\n|-boost|p2b: Floette|spa|1\n|-boost|p2b: Floette|spd|1\n|move|p1b: Primarina|Calm Mind|p1b: Primarina\n|-boost|p1b: Primarina|spa|1\n|-boost|p1b: Primarina|spd|1\n|\n|-damage|p2a: Basculegion|78/100 brn|[from] brn\n|upkeep\n|turn|2\n|\n|t:|1776136807\n|switch|p2a: Sinistcha|Sinistcha, L50|100/100\n|move|p2b: Floette|Dazzling Gleam|p1a: Scovillain|[spread] p1a,p1b\n|-resisted|p1a: Scovillain|1\n|-damage|p1a: Scovillain|8/100\n|-damage|p1b: Primarina|61/100\n|-status|p2b: Floette|brn|[from] ability: Spicy Spray|[of] p1a: Scovillain\n|move|p1a: Scovillain|Leech Seed|p2b: Floette\n|-start|p2b: Floette|move: Leech Seed\n|move|p1b: Primarina|Calm Mind|p1b: Primarina\n|-boost|p1b: Primarina|spa|1\n|-boost|p1b: Primarina|spd|1\n|\n|-heal|p1b: Primarina|67/100|[from] item: Leftovers\n|-damage|p2b: Floette|88/100 brn|[from] Leech Seed|[of] p1a: Scovillain\n|-heal|p1a: Scovillain|18/100|[silent]\n|-damage|p2b: Floette|82/100 brn|[from] brn\n|upkeep\n|turn|3\n|\n|t:|1776136847\n|switch|p2a: Basculegion|Basculegion, L50, M|78/100 brn\n|move|p1a: Scovillain|Protect|p1a: Scovillain\n|-singleturn|p1a: Scovillain|Protect\n|move|p2b: Floette|Calm Mind|p2b: Floette\n|-boost|p2b: Floette|spa|1\n|-boost|p2b: Floette|spd|1\n|move|p1b: Primarina|Hyper Voice|p2a: Basculegion|[spread] p2a,p2b\n|-resisted|p2a: Basculegion|1\n|-damage|p2a: Basculegion|40/100 brn\n|-damage|p2b: Floette|54/100 brn\n|\n|-heal|p1b: Primarina|73/100|[from] item: Leftovers\n|-damage|p2b: Floette|42/100 brn|[from] Leech Seed|[of] p1a: Scovillain\n|-heal|p1a: Scovillain|29/100|[silent]\n|-damage|p2a: Basculegion|34/100 brn|[from] brn\n|-damage|p2b: Floette|36/100 brn|[from] brn\n|upkeep\n|turn|4\n|\n|t:|1776136880\n|move|p1a: Scovillain|Rage Powder|p1a: Scovillain\n|-singleturn|p1a: Scovillain|move: Rage Powder\n|move|p2a: Basculegion|Flip Turn|p1a: Scovillain\n|-damage|p1a: Scovillain|15/100\n|\n|t:|1776136884\n|switch|p2a: Sinistcha|Sinistcha, L50|100/100|[from] Flip Turn\n|-heal|p2b: Floette|61/100 brn|[from] ability: Hospitality|[of] p2a: Sinistcha\n|move|p2b: Floette|Dazzling Gleam|p1b: Primarina|[spread] p1a,p1b\n|-resisted|p1a: Scovillain|1\n|-damage|p1a: Scovillain|0 fnt\n|-damage|p1b: Primarina|34/100\n|faint|p1a: Scovillain\n|move|p1b: Primarina|Moonblast|p2b: Floette\n|-damage|p2b: Floette|10/100 brn\n|\n|-heal|p1b: Primarina|40/100|[from] item: Leftovers\n|-damage|p2b: Floette|4/100 brn|[from] brn\n|upkeep\n|\n|t:|1776136905\n|switch|p1a: Sneasler|Sneasler, L50, F|100/100\n|turn|5\n|\n|t:|1776136950\n|move|p2a: Sinistcha|Protect|p2a: Sinistcha\n|-singleturn|p2a: Sinistcha|Protect\n|move|p1a: Sneasler|Fake Out|p2b: Floette\n|-damage|p2b: Floette|0 fnt\n|faint|p2b: Floette\n|move|p1b: Primarina|Moonblast|p2a: Sinistcha\n|-activate|p2a: Sinistcha|move: Protect\n|\n|-heal|p1b: Primarina|46/100|[from] item: Leftovers\n|upkeep\n|\n|t:|1776136959\n|switch|p2b: Sneasler|Sneasler, L50, M|100/100\n|turn|6\n|\n|t:|1776136968\n|move|p1b: Primarina|Protect|p1b: Primarina\n|-singleturn|p1b: Primarina|Protect\n|move|p2b: Sneasler|Close Combat|p1a: Sneasler\n|-resisted|p1a: Sneasler|1\n|-damage|p1a: Sneasler|52/100\n|-unboost|p2b: Sneasler|def|1\n|-unboost|p2b: Sneasler|spd|1\n|-enditem|p2b: Sneasler|White Herb\n|-clearnegativeboost|p2b: Sneasler|[silent]\n|move|p1a: Sneasler|Coaching|p1b: Primarina\n|-boost|p1b: Primarina|atk|1\n|-boost|p1b: Primarina|def|1\n|move|p2a: Sinistcha|Matcha Gotcha|p1a: Sneasler|[spread] p1a\n|-activate|p1b: Primarina|move: Protect\n|-resisted|p1a: Sneasler|1\n|-damage|p1a: Sneasler|37/100\n|\n|-heal|p1b: Primarina|52/100|[from] item: Leftovers\n|upkeep\n|turn|7\n|\n|t:|1776137019\n|move|p2b: Sneasler|Dire Claw|p1b: Primarina\n|-supereffective|p1b: Primarina|1\n|-damage|p1b: Primarina|0 fnt\n|faint|p1b: Primarina\n|move|p1a: Sneasler|Dire Claw|p2b: Sneasler\n|-resisted|p2b: Sneasler|1\n|-damage|p2b: Sneasler|72/100\n|move|p2a: Sinistcha|Matcha Gotcha|p1a: Sneasler\n|-resisted|p1a: Sneasler|1\n|-damage|p1a: Sneasler|16/100\n|\n|upkeep\n|\n|t:|1776137030\n|switch|p1b: Kingambit|Kingambit, L50, M|100/100\n|turn|8\n|\n|t:|1776137049\n|move|p2a: Sinistcha|Rage Powder|p2a: Sinistcha\n|-singleturn|p2a: Sinistcha|move: Rage Powder\n|move|p2b: Sneasler|Dire Claw|p1a: Sneasler\n|-resisted|p1a: Sneasler|1\n|-damage|p1a: Sneasler|0 fnt\n|faint|p1a: Sneasler\n|move|p1b: Kingambit|Kowtow Cleave|p2a: Sinistcha\n|-supereffective|p2a: Sinistcha|1\n|-damage|p2a: Sinistcha|0 fnt\n|faint|p2a: Sinistcha\n|\n|upkeep\n|\n|t:|1776137054\n|switch|p2a: Basculegion|Basculegion, L50, M|34/100 brn\n|turn|9\n|\n|t:|1776137080\n|move|p1b: Kingambit|Protect|p1b: Kingambit\n|-singleturn|p1b: Kingambit|Protect\n|move|p2b: Sneasler|Close Combat|p1b: Kingambit\n|-activate|p1b: Kingambit|move: Protect\n|move|p2a: Basculegion|Wave Crash|p1b: Kingambit\n|-activate|p1b: Kingambit|move: Protect\n|\n|-damage|p2a: Basculegion|28/100 brn|[from] brn\n|upkeep\n|turn|10\n|\n|t:|1776137091\n|move|p1b: Kingambit|Sucker Punch|p2b: Sneasler\n|-resisted|p2b: Sneasler|1\n|-damage|p2b: Sneasler|38/100\n|move|p2b: Sneasler|Close Combat|p1b: Kingambit\n|-supereffective|p1b: Kingambit|2\n|-damage|p1b: Kingambit|0 fnt\n|-unboost|p2b: Sneasler|def|1\n|-unboost|p2b: Sneasler|spd|1\n|faint|p1b: Kingambit\n|\n|win|LoveThyEnemy\n|raw|kuanyou's rating: 1254 &rarr; <strong>1229</strong><br />(-25 for losing)\n|raw|LoveThyEnemy's rating: 1252 &rarr; <strong>1277</strong><br />(+25 for winning)\n",
  "uploadtime": 1776137091,
  "views": 18,
  "formatid": "gen9championsvgc2026regma",
  "rating": 1229,
  "private": 0,
  "password": null
}