{
  "id": "gen9championsvgc2026regma-2582103636",
  "format": "[Gen 9 Champions] VGC 2026 Reg M-A",
  "players": [
    "Megaman087",
    "froggityfrogfrog"
  ],
  "log": "|j|\u2606Megaman087\n|j|\u2606froggityfrogfrog\n|t:|1776058314\n|gametype|doubles\n|player|p1|Megaman087|lucas|1363\n|player|p2|froggityfrogfrog|burgh|1261\n|gen|9\n|tier|[Gen 9 Champions] VGC 2026 Reg M-A\n|rated|\n|rule|Species Clause: Limit one of each Pok\u00e9mon\n|rule|Item Clause: Limit 1 of each item\n|clearpoke\n|poke|p1|Greninja-*, L50, F|\n|poke|p1|Archaludon, L50, F|\n|poke|p1|Sinistcha, L50|\n|poke|p1|Pelipper, L50, M|\n|poke|p1|Zoroark-Hisui, L50, M|\n|poke|p1|Glimmora, L50, F|\n|poke|p2|Camerupt, L50, M|\n|poke|p2|Farigiraf, L50, F|\n|poke|p2|Primarina, L50, F|\n|poke|p2|Incineroar, L50, F|\n|poke|p2|Drampa, L50, F|\n|poke|p2|Mimikyu, L50, M|\n|teampreview|4\n|\n|t:|1776058370\n|teamsize|p1|4\n|teamsize|p2|4\n|start\n|switch|p1a: Glimmora|Glimmora, L50, F, shiny|100/100\n|switch|p1b: Archaludon|Archaludon, L50, F, shiny|100/100\n|switch|p2a: Mimikyu|Mimikyu, L50, M|100/100\n|switch|p2b: Pivot Man|Incineroar, L50, F|100/100\n|-ability|p2b: Pivot Man|Intimidate|boost\n|-unboost|p1a: Glimmora|atk|1\n|-unboost|p1b: Archaludon|atk|1\n|turn|1\n|inactive|Battle timer is ON: inactive players will automatically lose when time's up. (requested by Megaman087)\n|\n|t:|1776058384\n|move|p1a: Glimmora|Spiky Shield|p1a: Glimmora\n|-singleturn|p1a: Glimmora|move: Protect\n|move|p1b: Archaludon|Trick|p2a: Mimikyu\n|-activate|p1b: Archaludon|move: Trick|[of] p2a: Mimikyu\n|-item|p2a: Mimikyu|Choice Scarf|[from] move: Trick\n|-item|p1b: Archaludon|Mental Herb|[from] move: Trick\n|move|p2b: Pivot Man|Parting Shot|p1b: Archaludon\n|-unboost|p1b: Archaludon|atk|1\n|-unboost|p1b: Archaludon|spa|1\n|\n|t:|1776058394\n|switch|p2b: Molpe|Primarina, L50, F|100/100|[from] Parting Shot\n|move|p2a: Mimikyu|Trick Room|p2a: Mimikyu\n|-fieldstart|move: Trick Room|[of] p2a: Mimikyu\n|\n|upkeep\n|turn|2\n|\n|t:|1776058406\n|switch|p1a: Pelipper|Pelipper, L50, M|100/100\n|-weather|RainDance|[from] ability: Drizzle|[of] p1a: Pelipper\n|switch|p2a: Old Man|Drampa, L50, F|100/100\n|-ability|p2a: Old Man|Cloud Nine\n|move|p2b: Molpe|Hyper Voice|p1a: Pelipper|[spread] p1a,p1b\n|-resisted|p1a: Pelipper|1\n|-damage|p1a: Pelipper|71/100\n|-damage|p1b: Archaludon|35/100\n|replace|p1b: Zoroark|Zoroark-Hisui, L50, M, shiny\n|-end|p1b: Zoroark|Illusion\n|move|p1b: Zoroark|Bitter Malice|p2a: Old Man\n|-immune|p2a: Old Man\n|\n|-weather|RainDance|[upkeep]\n|upkeep\n|turn|3\n|inactive|Megaman087 has 30 seconds left.\n|\n|t:|1776058433\n|move|p2a: Old Man|Calm Mind|p2a: Old Man\n|-boost|p2a: Old Man|spa|1\n|-boost|p2a: Old Man|spd|1\n|move|p2b: Molpe|Moonblast|p1b: Zoroark\n|-damage|p1b: Zoroark|0 fnt\n|faint|p1b: Zoroark\n|move|p1a: Pelipper|Hurricane|p2b: Molpe\n|-damage|p2b: Molpe|61/100\n|\n|-weather|RainDance|[upkeep]\n|upkeep\n|\n|t:|1776058436\n|switch|p1b: Archaludon|Archaludon, L50, F, shiny|100/100\n|turn|4\n|\n|t:|1776058443\n|detailschange|p2a: Old Man|Drampa-Mega, L50, F\n|-mega|p2a: Old Man|Drampa|Drampanite\n|move|p2a: Old Man|Thunder|p1a: Pelipper\n|-supereffective|p1a: Pelipper|2\n|-damage|p1a: Pelipper|0 fnt\n|faint|p1a: Pelipper\n|move|p2b: Molpe|Moonblast|p1b: Archaludon\n|-damage|p1b: Archaludon|43/100\n|-ability|p1b: Archaludon|Stamina|boost\n|-boost|p1b: Archaludon|def|1\n|move|p1b: Archaludon|Electro Shot||[still]\n|-prepare|p1b: Archaludon|Electro Shot\n|-boost|p1b: Archaludon|spa|1\n|-anim|p1b: Archaludon|Electro Shot|p2a: Old Man\n|-resisted|p2a: Old Man|1\n|-damage|p2a: Old Man|83/100\n|\n|-weather|RainDance|[upkeep]\n|-heal|p1b: Archaludon|49/100|[from] item: Leftovers\n|upkeep\n|\n|t:|1776058448\n|switch|p1a: Glimmora|Glimmora, L50, F, shiny|100/100\n|turn|5\n|inactive|froggityfrogfrog has 30 seconds left.\n|\n|t:|1776058474\n|move|p1b: Archaludon|Protect|p1b: Archaludon\n|-singleturn|p1b: Archaludon|Protect\n|move|p1a: Glimmora|Spiky Shield|p1a: Glimmora\n|-singleturn|p1a: Glimmora|move: Protect\n|move|p2a: Old Man|Thunder|p1a: Glimmora\n|-activate|p1a: Glimmora|move: Protect\n|move|p2b: Molpe|Moonblast|p1b: Archaludon\n|-activate|p1b: Archaludon|move: Protect\n|\n|-weather|RainDance|[upkeep]\n|-heal|p1b: Archaludon|55/100|[from] item: Leftovers\n|-fieldend|move: Trick Room\n|upkeep\n|turn|6\n|\n|t:|1776058487\n|switch|p2b: Pivot Man|Incineroar, L50, F|100/100\n|-ability|p2b: Pivot Man|Intimidate|boost\n|-unboost|p1a: Glimmora|atk|1\n|-unboost|p1b: Archaludon|atk|1\n|detailschange|p1a: Glimmora|Glimmora-Mega, L50, F, shiny\n|-mega|p1a: Glimmora|Glimmora|Glimmoranite\n|move|p1a: Glimmora|Sludge Bomb|p2b: Pivot Man\n|-crit|p2b: Pivot Man\n|-damage|p2b: Pivot Man|10/100\n|move|p1b: Archaludon|Electro Shot||[still]\n|-prepare|p1b: Archaludon|Electro Shot\n|-boost|p1b: Archaludon|spa|1\n|-anim|p1b: Archaludon|Electro Shot|p2a: Old Man\n|-resisted|p2a: Old Man|1\n|-damage|p2a: Old Man|60/100\n|move|p2a: Old Man|Draco Meteor|p1b: Archaludon\n|-damage|p1b: Archaludon|0 fnt\n|-unboost|p2a: Old Man|spa|2\n|faint|p1b: Archaludon\n|\n|-weather|none\n|upkeep\n|turn|7\n|\n|t:|1776058503\n|move|p1a: Glimmora|Spiky Shield|p1a: Glimmora\n|-singleturn|p1a: Glimmora|move: Protect\n|move|p2b: Pivot Man|Parting Shot|p1a: Glimmora\n|-activate|p1a: Glimmora|move: Protect\n|move|p2a: Old Man|Calm Mind|p2a: Old Man\n|-boost|p2a: Old Man|spa|1\n|-boost|p2a: Old Man|spd|1\n|\n|upkeep\n|turn|8\n|\n|t:|1776058522\n|move|p1a: Glimmora|Sludge Bomb|p2a: Old Man\n|-damage|p2a: Old Man|31/100\n|-status|p2a: Old Man|psn\n|-ability|p2a: Old Man|Berserk|boost\n|-boost|p2a: Old Man|spa|1\n|move|p2b: Pivot Man|Parting Shot|p1a: Glimmora\n|-unboost|p1a: Glimmora|atk|1\n|-unboost|p1a: Glimmora|spa|1\n|\n|t:|1776058528\n|switch|p2b: Mimikyu|Mimikyu, L50, M|100/100|[from] Parting Shot\n|move|p2a: Old Man|Draco Meteor|p1a: Glimmora\n|-damage|p1a: Glimmora|0 fnt\n|-unboost|p2a: Old Man|spa|2\n|faint|p1a: Glimmora\n|\n|win|froggityfrogfrog\n|raw|Megaman087's rating: 1363 &rarr; <strong>1337</strong><br />(-26 for losing)\n|raw|froggityfrogfrog's rating: 1261 &rarr; <strong>1293</strong><br />(+32 for winning)\n|c|\u2606froggityfrogfrog|gg\n",
  "uploadtime": 1776058535,
  "views": 28,
  "formatid": "gen9championsvgc2026regma",
  "rating": 1293,
  "private": 0,
  "password": null
}