{
  "id": "gen9championsvgc2026regma-2585769787",
  "format": "[Gen 9 Champions] VGC 2026 Reg M-A",
  "players": [
    "NextRaven",
    "Negative31x"
  ],
  "log": "|j|\u2606NextRaven\n|j|\u2606Negative31x\n|t:|1776369359\n|gametype|doubles\n|player|p1|NextRaven|skyla|1131\n|player|p2|Negative31x|lance|1109\n|gen|9\n|tier|[Gen 9 Champions] VGC 2026 Reg M-A\n|rated|\n|rule|Species Clause: Limit one of each Pok\u00e9mon\n|rule|Item Clause: Limit 1 of each item\n|clearpoke\n|poke|p1|Aegislash, L50, M|\n|poke|p1|Rotom-Wash, L50|\n|poke|p1|Garchomp, L50, F|\n|poke|p1|Talonflame, L50, M|\n|poke|p1|Maushold, L50|\n|poke|p1|Floette-Eternal, L50, F|\n|poke|p2|Dragonite, L50, M|\n|poke|p2|Politoed, L50, M|\n|poke|p2|Archaludon, L50, M|\n|poke|p2|Palafin, L50, M|\n|poke|p2|Sinistcha, L50|\n|poke|p2|Starmie, L50|\n|teampreview|4\n|inactive|Battle timer is ON: inactive players will automatically lose when time's up. (requested by NextRaven)\n|\n|t:|1776369383\n|teamsize|p1|4\n|teamsize|p2|4\n|start\n|switch|p1a: Rotom|Rotom-Wash, L50|100/100\n|switch|p1b: Garchomp|Garchomp, L50, F|100/100\n|switch|p2a: Politoed|Politoed, L50, M, shiny|100/100\n|switch|p2b: Palafin|Palafin, L50, M|100/100\n|-weather|RainDance|[from] ability: Drizzle|[of] p2a: Politoed\n|turn|1\n|\n|t:|1776369400\n|move|p1b: Garchomp|Dragon Claw|p2a: Politoed\n|-damage|p2a: Politoed|56/100\n|move|p2b: Palafin|Flip Turn|p1b: Garchomp\n|-crit|p1b: Garchomp\n|-damage|p1b: Garchomp|53/100\n|\n|t:|1776369408\n|detailschange|p2b: Palafin|Palafin-Hero, L50, M\n|switch|p2b: Sinistcha|Sinistcha, L50|100/100|[from] Flip Turn\n|-heal|p2a: Politoed|81/100|[from] ability: Hospitality|[of] p2b: Sinistcha\n|move|p1a: Rotom|Thunderbolt|p2b: Sinistcha\n|-resisted|p2b: Sinistcha|1\n|-damage|p2b: Sinistcha|75/100\n|move|p2a: Politoed|Ice Beam|p1b: Garchomp\n|-supereffective|p1b: Garchomp|2\n|-damage|p1b: Garchomp|0 fnt\n|faint|p1b: Garchomp\n|\n|-weather|RainDance|[upkeep]\n|upkeep\n|\n|t:|1776369423\n|switch|p1b: Floette|Floette-Eternal, L50, F|100/100\n|turn|2\n|\n|t:|1776369430\n|detailschange|p1b: Floette|Floette-Mega, L50, F\n|-mega|p1b: Floette|Floette|Floettite\n|-ability|p1b: Floette|Fairy Aura\n|move|p2a: Politoed|Protect|p2a: Politoed\n|-singleturn|p2a: Politoed|Protect\n|move|p1b: Floette|Calm Mind|p1b: Floette\n|-boost|p1b: Floette|spa|1\n|-boost|p1b: Floette|spd|1\n|move|p1a: Rotom|Thunderbolt|p2a: Politoed\n|-activate|p2a: Politoed|move: Protect\n|move|p2b: Sinistcha|Matcha Gotcha|p1a: Rotom|[spread] p1a,p1b\n|-supereffective|p1a: Rotom|1\n|-damage|p1a: Rotom|51/100\n|-heal|p2b: Sinistcha|97/100|[from] drain|[of] p1a: Rotom\n|-damage|p1b: Floette|89/100\n|-heal|p2b: Sinistcha|100/100|[from] drain|[of] p1b: Floette\n|-status|p1b: Floette|brn\n|\n|-weather|RainDance|[upkeep]\n|-damage|p1b: Floette|83/100 brn|[from] brn\n|upkeep\n|turn|3\n|inactive|Negative31x has 30 seconds left.\n|inactive|Negative31x has 20 seconds left.\n|\n|t:|1776369469\n|move|p1b: Floette|Dazzling Gleam|p2b: Sinistcha|[spread] p2a,p2b\n|-damage|p2a: Politoed|5/100\n|-damage|p2b: Sinistcha|13/100\n|move|p1a: Rotom|Thunderbolt|p2a: Politoed\n|-supereffective|p2a: Politoed|1\n|-damage|p2a: Politoed|0 fnt\n|faint|p2a: Politoed\n|move|p2b: Sinistcha|Matcha Gotcha|p1b: Floette|[spread] p1a,p1b\n|-supereffective|p1a: Rotom|1\n|-crit|p1b: Floette\n|-damage|p1a: Rotom|0 fnt\n|-heal|p2b: Sinistcha|35/100|[from] drain|[of] p1a: Rotom\n|-damage|p1b: Floette|59/100 brn\n|-heal|p2b: Sinistcha|47/100|[from] drain|[of] p1b: Floette\n|faint|p1a: Rotom\n|\n|-weather|RainDance|[upkeep]\n|-damage|p1b: Floette|52/100 brn|[from] brn\n|upkeep\n|inactive|NextRaven has 30 seconds left.\n|\n|t:|1776369504\n|switch|p1a: Maushold|Maushold, L50|100/100\n|switch|p2a: Palafin|Palafin-Hero, L50, M|100/100\n|-activate|p2a: Palafin|ability: Zero to Hero\n|turn|4\n|\n|t:|1776369518\n|move|p1a: Maushold|Follow Me|p1a: Maushold\n|-singleturn|p1a: Maushold|move: Follow Me\n|move|p2a: Palafin|Jet Punch|p1a: Maushold\n|-damage|p1a: Maushold|35/100\n|move|p1b: Floette|Moonblast|p2a: Palafin\n|-damage|p2a: Palafin|0 fnt\n|faint|p2a: Palafin\n|move|p2b: Sinistcha|Matcha Gotcha|p1a: Maushold|[spread] p1b\n|-miss|p2b: Sinistcha|p1a: Maushold\n|-damage|p1b: Floette|44/100 brn\n|-heal|p2b: Sinistcha|50/100|[from] drain|[of] p1b: Floette\n|\n|-weather|RainDance|[upkeep]\n|-damage|p1b: Floette|38/100 brn|[from] brn\n|upkeep\n|\n|t:|1776369536\n|switch|p2a: Dragonite|Dragonite, L50, M, shiny|100/100\n|turn|5\n|\n|t:|1776369549\n|detailschange|p2a: Dragonite|Dragonite-Mega, L50, M, shiny\n|-mega|p2a: Dragonite|Dragonite|Dragoninite\n|move|p2a: Dragonite|Protect|p2a: Dragonite\n|-singleturn|p2a: Dragonite|Protect\n|move|p1a: Maushold|Follow Me|p1a: Maushold\n|-singleturn|p1a: Maushold|move: Follow Me\n|move|p1b: Floette|Moonblast|p2a: Dragonite\n|-activate|p2a: Dragonite|move: Protect\n|move|p2b: Sinistcha|Matcha Gotcha|p1b: Floette|[spread] p1a\n|-miss|p2b: Sinistcha|p1b: Floette\n|-damage|p1a: Maushold|5/100\n|-heal|p2b: Sinistcha|66/100|[from] drain|[of] p1a: Maushold\n|-status|p1a: Maushold|brn\n|\n|-weather|none\n|-damage|p1a: Maushold|0 fnt|[from] brn\n|faint|p1a: Maushold\n|-damage|p1b: Floette|31/100 brn|[from] brn\n|upkeep\n|turn|6\n|l|\u2606NextRaven\n|inactive|NextRaven disconnected and has a minute to reconnect!\n|player|p1|\n|inactive|Negative31x has 30 seconds left.\n|\n|t:|1776369575\n|move|p2a: Dragonite|Extreme Speed|p1b: Floette\n|-damage|p1b: Floette|4/100 brn\n|move|p1b: Floette|Moonblast|p2a: Dragonite\n|-supereffective|p2a: Dragonite|1\n|-damage|p2a: Dragonite|0 fnt\n|faint|p2a: Dragonite\n|move|p2b: Sinistcha|Matcha Gotcha|p1b: Floette\n|-crit|p1b: Floette\n|-damage|p1b: Floette|0 fnt\n|-heal|p2b: Sinistcha|68/100|[from] drain|[of] p1b: Floette\n|faint|p1b: Floette\n|\n|win|Negative31x\n|raw|NextRaven's rating: 1131 &rarr; <strong>1104</strong><br />(-27 for losing)\n|raw|Negative31x's rating: 1109 &rarr; <strong>1136</strong><br />(+27 for winning)\n",
  "uploadtime": 1776369598,
  "views": 33,
  "formatid": "gen9championsvgc2026regma",
  "rating": 1104,
  "private": 0,
  "password": null
}