{
  "id": "gen9championsvgc2026regma-2582837231",
  "format": "[Gen 9 Champions] VGC 2026 Reg M-A",
  "players": [
    "Mdjfbd",
    "JustWukong"
  ],
  "log": "|j|\u2606Mdjfbd\n|j|\u2606JustWukong\n|t:|1776117935\n|gametype|doubles\n|player|p1|Mdjfbd|1|1044\n|player|p2|JustWukong|elesa|1139\n|gen|9\n|tier|[Gen 9 Champions] VGC 2026 Reg M-A\n|rated|\n|rule|Species Clause: Limit one of each Pok\u00e9mon\n|rule|Item Clause: Limit 1 of each item\n|clearpoke\n|poke|p1|Tyrantrum, L50, F|\n|poke|p1|Whimsicott, L50, F|\n|poke|p1|Charizard, L50, F|\n|poke|p1|Orthworm, L50, F|\n|poke|p1|Slowking-Galar, L50, M|\n|poke|p1|Maushold-Four, L50|\n|poke|p2|Whimsicott, L50, M|\n|poke|p2|Sneasler, L50, M|\n|poke|p2|Vanilluxe, L50, M|\n|poke|p2|Glimmora, L50, F|\n|poke|p2|Milotic, L50, F|\n|poke|p2|Incineroar, L50, F|\n|teampreview|4\n|inactive|Battle timer is ON: inactive players will automatically lose when time's up. (requested by Mdjfbd)\n|inactive|JustWukong has 60 seconds left.\n|\n|t:|1776117973\n|teamsize|p1|4\n|teamsize|p2|4\n|start\n|switch|p1a: Tyrantrum|Tyrantrum, L50, F|100/100\n|switch|p1b: Whimsicott|Whimsicott, L50, F|100/100\n|switch|p2a: Whimsicott|Whimsicott, L50, M, shiny|100/100\n|switch|p2b: Sneasler|Sneasler, L50, M|100/100\n|turn|1\n|inactive|Mdjfbd has 30 seconds left.\n|inactive|Mdjfbd has 20 seconds left.\n|inactive|Mdjfbd has 15 seconds left.\n|\n|t:|1776118018\n|move|p1a: Tyrantrum|Protect|p1a: Tyrantrum\n|-singleturn|p1a: Tyrantrum|Protect\n|move|p2a: Whimsicott|Tailwind|p2a: Whimsicott\n|-sidestart|p2: JustWukong|move: Tailwind\n|move|p1b: Whimsicott|Taunt|p2a: Whimsicott\n|-start|p2a: Whimsicott|move: Taunt\n|move|p2b: Sneasler|Close Combat|p1a: Tyrantrum\n|-activate|p1a: Tyrantrum|move: Protect\n|\n|upkeep\n|turn|2\n|\n|t:|1776118030\n|switch|p1a: Slowking|Slowking-Galar, L50, M|100/100\n|-clearboost|p1b: Whimsicott|[from] ability: Curious Medicine|[of] p1a: Slowking\n|move|p1b: Whimsicott|Tailwind|p1b: Whimsicott\n|-sidestart|p1: Mdjfbd|move: Tailwind\n|move|p2a: Whimsicott|Moonblast|p1a: Slowking\n|-resisted|p1a: Slowking|1\n|-damage|p1a: Slowking|87/100\n|move|p2b: Sneasler|Close Combat|p1a: Slowking\n|-resisted|p1a: Slowking|2\n|-damage|p1a: Slowking|73/100\n|-unboost|p2b: Sneasler|def|1\n|-unboost|p2b: Sneasler|spd|1\n|-enditem|p2b: Sneasler|White Herb\n|-clearnegativeboost|p2b: Sneasler|[silent]\n|\n|-heal|p1a: Slowking|78/100|[from] item: Leftovers\n|upkeep\n|turn|3\n|inactive|JustWukong has 30 seconds left.\n|\n|t:|1776118058\n|switch|p2a: Glimmora|Glimmora, L50, F|100/100\n|switch|p1b: Maushold|Maushold-Four, L50|100/100\n|move|p2b: Sneasler|Acrobatics|p1a: Slowking\n|-damage|p1a: Slowking|53/100\n|move|p1a: Slowking|Eerie Spell|p2b: Sneasler\n|-supereffective|p2b: Sneasler|2\n|-damage|p2b: Sneasler|0 fnt\n|faint|p2b: Sneasler\n|\n|-heal|p1a: Slowking|58/100|[from] item: Leftovers\n|upkeep\n|\n|t:|1776118070\n|switch|p2b: Milotic|Milotic, L50, F|100/100\n|turn|4\n|inactive|Mdjfbd has 30 seconds left.\n|\n|t:|1776118095\n|detailschange|p2a: Glimmora|Glimmora-Mega, L50, F\n|-mega|p2a: Glimmora|Glimmora|Glimmoranite\n|move|p1b: Maushold|Super Fang|p2a: Glimmora\n|-damage|p2a: Glimmora|50/100\n|move|p2a: Glimmora|Power Gem|p1a: Slowking\n|-damage|p1a: Slowking|26/100\n|move|p2b: Milotic|Scald|p1a: Slowking\n|-damage|p1a: Slowking|6/100\n|move|p1a: Slowking|Eerie Spell|p2a: Glimmora\n|-supereffective|p2a: Glimmora|1\n|-damage|p2a: Glimmora|0 fnt\n|faint|p2a: Glimmora\n|\n|-heal|p1a: Slowking|12/100|[from] item: Leftovers\n|-sideend|p2: JustWukong|move: Tailwind\n|upkeep\n|\n|t:|1776118109\n|switch|p2a: Whimsicott|Whimsicott, L50, M, shiny|100/100\n|turn|5\n|inactive|Mdjfbd has 30 seconds left.\n|\n|t:|1776118137\n|move|p2b: Milotic|Protect|p2b: Milotic\n|-singleturn|p2b: Milotic|Protect\n|move|p1b: Maushold|Follow Me|p1b: Maushold\n|-singleturn|p1b: Maushold|move: Follow Me\n|move|p2a: Whimsicott|Tailwind|p2a: Whimsicott\n|-sidestart|p2: JustWukong|move: Tailwind\n|move|p1a: Slowking|Sludge Bomb|p2a: Whimsicott\n|-supereffective|p2a: Whimsicott|2\n|-enditem|p2a: Whimsicott|Focus Sash\n|-damage|p2a: Whimsicott|1/100\n|-status|p2a: Whimsicott|psn\n|\n|-heal|p1a: Slowking|18/100|[from] item: Leftovers\n|-damage|p2a: Whimsicott|0 fnt|[from] psn\n|faint|p2a: Whimsicott\n|-sideend|p1: Mdjfbd|move: Tailwind\n|upkeep\n|turn|6\n|-message|JustWukong forfeited.\n|\n|win|Mdjfbd\n|raw|Mdjfbd's rating: 1044 &rarr; <strong>1086</strong><br />(+42 for winning)\n|raw|JustWukong's rating: 1139 &rarr; <strong>1107</strong><br />(-32 for losing)\n",
  "uploadtime": 1776118151,
  "views": 19,
  "formatid": "gen9championsvgc2026regma",
  "rating": 1086,
  "private": 0,
  "password": null
}