{
  "id": "gen9championsvgc2026regma-2581620337",
  "format": "[Gen 9 Champions] VGC 2026 Reg M-A",
  "players": [
    "khesyfi",
    "Ophiuca"
  ],
  "log": "|j|\u2606khesyfi\n|j|\u2606Ophiuca\n|t:|1776015701\n|gametype|doubles\n|player|p1|khesyfi|101|1099\n|player|p2|Ophiuca|winona|1135\n|gen|9\n|tier|[Gen 9 Champions] VGC 2026 Reg M-A\n|rated|\n|rule|Species Clause: Limit one of each Pok\u00e9mon\n|rule|Item Clause: Limit 1 of each item\n|clearpoke\n|poke|p1|Charizard, L50, M|\n|poke|p1|Venusaur, L50, M|\n|poke|p1|Garchomp, L50, M|\n|poke|p1|Rotom-Wash, L50|\n|poke|p1|Sneasler, L50, M|\n|poke|p1|Incineroar, L50, F|\n|poke|p2|Glimmora, L50, F|\n|poke|p2|Gardevoir, L50, M|\n|poke|p2|Incineroar, L50, M|\n|poke|p2|Corviknight, L50, M|\n|poke|p2|Garchomp, L50, M|\n|poke|p2|Empoleon, L50, F|\n|teampreview|4\n|\n|t:|1776015762\n|teamsize|p1|4\n|teamsize|p2|4\n|start\n|switch|p1a: Charizard|Charizard, L50, M, shiny|100/100\n|switch|p1b: Garchomp|Garchomp, L50, M|100/100\n|switch|p2a: Corviknight|Corviknight, L50, M|100/100\n|switch|p2b: Incineroar|Incineroar, L50, M|100/100\n|-ability|p2b: Incineroar|Intimidate|boost\n|-unboost|p1a: Charizard|atk|1\n|-unboost|p1b: Garchomp|atk|1\n|turn|1\n|\n|t:|1776015800\n|detailschange|p1a: Charizard|Charizard-Mega-Y, L50, M, shiny\n|-mega|p1a: Charizard|Charizard|Charizardite Y\n|-weather|SunnyDay|[from] ability: Drought|[of] p1a: Charizard\n|move|p2b: Incineroar|Fake Out|p1a: Charizard\n|-crit|p1a: Charizard\n|-damage|p1a: Charizard|70/100\n|move|p1b: Garchomp|Rock Slide|p2b: Incineroar|[spread] p2a\n|-miss|p1b: Garchomp|p2b: Incineroar\n|-damage|p2a: Corviknight|86/100\n|cant|p1a: Charizard|flinch\n|move|p2a: Corviknight|Tailwind|p2a: Corviknight\n|-sidestart|p2: Ophiuca|move: Tailwind\n|\n|-weather|SunnyDay|[upkeep]\n|-heal|p2a: Corviknight|92/100|[from] item: Leftovers\n|upkeep\n|turn|2\n|\n|t:|1776015821\n|move|p2b: Incineroar|Helping Hand|p2a: Corviknight\n|-singleturn|p2a: Corviknight|Helping Hand|[of] p2b: Incineroar\n|move|p1b: Garchomp|Rock Slide|p2b: Incineroar|[spread] p2b\n|-miss|p1b: Garchomp|p2a: Corviknight\n|-supereffective|p2b: Incineroar|1\n|-damage|p2b: Incineroar|72/100\n|move|p2a: Corviknight|Brave Bird|p1a: Charizard\n|-damage|p1a: Charizard|0 fnt\n|faint|p1a: Charizard\n|-damage|p2a: Corviknight|74/100|[from] Recoil\n|\n|-weather|SunnyDay|[upkeep]\n|-heal|p2a: Corviknight|80/100|[from] item: Leftovers\n|upkeep\n|\n|t:|1776015839\n|switch|p1a: Incineroar|Incineroar, L50, F|100/100\n|-ability|p1a: Incineroar|Intimidate|boost\n|-ability|p2a: Corviknight|Mirror Armor\n|-unboost|p1a: Incineroar|atk|1\n|-unboost|p2b: Incineroar|atk|1\n|turn|3\n|\n|t:|1776015874\n|switch|p1b: Rotom|Rotom-Wash, L50|100/100\n|switch|p2b: Garchomp|Garchomp, L50, M|100/100\n|move|p2a: Corviknight|Brave Bird|p1a: Incineroar\n|-damage|p1a: Incineroar|48/100\n|-enditem|p1a: Incineroar|Sitrus Berry|[eat]\n|-heal|p1a: Incineroar|73/100|[from] item: Sitrus Berry\n|-damage|p2a: Corviknight|62/100|[from] Recoil\n|move|p1a: Incineroar|Flare Blitz|p2a: Corviknight\n|-supereffective|p2a: Corviknight|1\n|-damage|p2a: Corviknight|0 fnt\n|faint|p2a: Corviknight\n|-damage|p1a: Incineroar|53/100|[from] Recoil\n|\n|-weather|SunnyDay|[upkeep]\n|upkeep\n|\n|t:|1776015889\n|switch|p2a: Glimmora|Glimmora, L50, F|100/100\n|turn|4\n|\n|t:|1776015941\n|detailschange|p2a: Glimmora|Glimmora-Mega, L50, F\n|-mega|p2a: Glimmora|Glimmora|Glimmoranite\n|move|p1b: Rotom|Protect|p1b: Rotom\n|-singleturn|p1b: Rotom|Protect\n|move|p2b: Garchomp|Dragon Claw|p1a: Incineroar\n|-damage|p1a: Incineroar|14/100\n|move|p2a: Glimmora|Sludge Wave|p1a: Incineroar|[spread] p2b,p1a\n|-activate|p1b: Rotom|move: Protect\n|-resisted|p2b: Garchomp|1\n|-damage|p2b: Garchomp|73/100\n|-damage|p1a: Incineroar|0 fnt\n|faint|p1a: Incineroar\n|\n|-weather|SunnyDay|[upkeep]\n|-sideend|p2: Ophiuca|move: Tailwind\n|upkeep\n|\n|t:|1776015957\n|switch|p1a: Garchomp|Garchomp, L50, M|100/100\n|turn|5\n|\n|t:|1776015968\n|switch|p2a: Incineroar|Incineroar, L50, M|72/100\n|-ability|p2a: Incineroar|Intimidate|boost\n|-unboost|p1a: Garchomp|atk|1\n|-unboost|p1b: Rotom|atk|1\n|move|p2b: Garchomp|Dragon Claw|p1a: Garchomp\n|-supereffective|p1a: Garchomp|1\n|-damage|p1a: Garchomp|15/100\n|-damage|p2b: Garchomp|60/100|[from] ability: Rough Skin|[of] p1a: Garchomp\n|move|p1a: Garchomp|Dragon Claw|p2b: Garchomp\n|-supereffective|p2b: Garchomp|1\n|-damage|p2b: Garchomp|2/100\n|-damage|p1a: Garchomp|3/100|[from] ability: Rough Skin|[of] p2b: Garchomp\n|move|p1b: Rotom|Hydro Pump|p2a: Incineroar\n|-supereffective|p2a: Incineroar|1\n|-damage|p2a: Incineroar|38/100\n|\n|-weather|none\n|upkeep\n|turn|6\n|\n|t:|1776015991\n|move|p2a: Incineroar|Fake Out|p1b: Rotom\n|-damage|p1b: Rotom|88/100\n|move|p2b: Garchomp|Dragon Claw|p1b: Rotom\n|-damage|p1b: Rotom|51/100\n|move|p1a: Garchomp|Dragon Claw|p2b: Garchomp\n|-supereffective|p2b: Garchomp|1\n|-damage|p2b: Garchomp|0 fnt\n|-damage|p1a: Garchomp|0 fnt|[from] ability: Rough Skin|[of] p2b: Garchomp\n|faint|p2b: Garchomp\n|faint|p1a: Garchomp\n|cant|p1b: Rotom|flinch\n|\n|-heal|p1b: Rotom|57/100|[from] item: Leftovers\n|upkeep\n|\n|t:|1776016005\n|switch|p2b: Glimmora|Glimmora-Mega, L50, F|100/100\n|turn|7\n|\n|t:|1776016011\n|move|p2b: Glimmora|Power Gem|p1b: Rotom\n|-damage|p1b: Rotom|0 fnt\n|faint|p1b: Rotom\n|\n|win|Ophiuca\n|raw|khesyfi's rating: 1099 &rarr; <strong>1077</strong><br />(-22 for losing)\n|raw|Ophiuca's rating: 1135 &rarr; <strong>1157</strong><br />(+22 for winning)\n",
  "uploadtime": 1776016016,
  "views": 21,
  "formatid": "gen9championsvgc2026regma",
  "rating": 1077,
  "private": 0,
  "password": null
}