{
  "id": "gen9championsvgc2026regma-2582989149",
  "format": "[Gen 9 Champions] VGC 2026 Reg M-A",
  "players": [
    "redistr",
    "UnloshTheWash"
  ],
  "log": "|j|\u2606redistr\n|j|\u203dUnloshTheWash\n|t:|1776131189\n|gametype|doubles\n|player|p1|redistr|chili|1279\n|player|p2|UnloshTheWash|red|1328\n|gen|9\n|tier|[Gen 9 Champions] VGC 2026 Reg M-A\n|rated|\n|rule|Species Clause: Limit one of each Pok\u00e9mon\n|rule|Item Clause: Limit 1 of each item\n|clearpoke\n|poke|p1|Delphox, L50, F|\n|poke|p1|Garchomp, L50, F|\n|poke|p1|Floette-Eternal, L50, F|\n|poke|p1|Sneasler, L50, F|\n|poke|p1|Kingambit, L50, M|\n|poke|p1|Incineroar, L50, F|\n|poke|p2|Delphox, L50, F|\n|poke|p2|Mamoswine, L50, M|\n|poke|p2|Orthworm, L50, M|\n|poke|p2|Rotom-Wash, L50|\n|poke|p2|Maushold-Four, L50|\n|poke|p2|Sneasler, L50, M|\n|teampreview|4\n|inactive|Battle timer is ON: inactive players will automatically lose when time's up. (requested by redistr)\n|inactive|redistr has 60 seconds left.\n|\n|t:|1776131234\n|teamsize|p1|4\n|teamsize|p2|4\n|start\n|switch|p1a: Karma|Incineroar, L50, F|100/100\n|switch|p1b: A Diva|Garchomp, L50, F, shiny|100/100\n|switch|p2a: Sneasler|Sneasler, L50, M|100/100\n|switch|p2b: Orthworm|Orthworm, L50, M|100/100\n|-ability|p1a: Karma|Intimidate|boost\n|-unboost|p2a: Sneasler|atk|1\n|-unboost|p2b: Orthworm|atk|1\n|-enditem|p2a: Sneasler|White Herb\n|-clearnegativeboost|p2a: Sneasler|[silent]\n|turn|1\n|inactive|UnloshTheWash has 30 seconds left.\n|\n|t:|1776131262\n|switch|p1b: Again Again!|Delphox, L50, F, shiny|100/100\n|move|p2a: Sneasler|Protect|p2a: Sneasler\n|-singleturn|p2a: Sneasler|Protect\n|move|p1a: Karma|Parting Shot|p2a: Sneasler\n|-activate|p2a: Sneasler|move: Protect\n|move|p2b: Orthworm|Shed Tail|p2b: Orthworm\n|-start|p2b: Orthworm|Substitute|[from] move: Shed Tail\n|-damage|p2b: Orthworm|50/100\n|-enditem|p2b: Orthworm|Sitrus Berry|[eat]\n|-heal|p2b: Orthworm|75/100|[from] item: Sitrus Berry\n|\n|t:|1776131272\n|switch|p2b: Delphox|Delphox, L50, F|100/100|[from] Shed Tail\n|\n|upkeep\n|turn|2\n|\n|t:|1776131288\n|switch|p1a: A Diva|Garchomp, L50, F, shiny|100/100\n|detailschange|p1b: Again Again!|Delphox-Mega, L50, F, shiny\n|-mega|p1b: Again Again!|Delphox|Delphoxite\n|detailschange|p2b: Delphox|Delphox-Mega, L50, F\n|-mega|p2b: Delphox|Delphox|Delphoxite\n|move|p2a: Sneasler|Close Combat|p1a: A Diva\n|-damage|p1a: A Diva|53/100\n|-unboost|p2a: Sneasler|def|1\n|-unboost|p2a: Sneasler|spd|1\n|-damage|p2a: Sneasler|88/100|[from] ability: Rough Skin|[of] p1a: A Diva\n|move|p1b: Again Again!|Psychic|p2a: Sneasler\n|-supereffective|p2a: Sneasler|2\n|-damage|p2a: Sneasler|0 fnt\n|faint|p2a: Sneasler\n|move|p2b: Delphox|Nasty Plot|p2b: Delphox\n|-boost|p2b: Delphox|spa|2\n|\n|upkeep\n|\n|t:|1776131295\n|switch|p2a: Mamoswine|Mamoswine, L50, M|100/100\n|turn|3\n|\n|t:|1776131316\n|switch|p1b: Karma|Incineroar, L50, F|100/100\n|-ability|p1b: Karma|Intimidate|boost\n|-fail|p2a: Mamoswine|unboost|Attack|[from] ability: Oblivious|[of] p2a: Mamoswine\n|-immune|p2b: Delphox\n|move|p2a: Mamoswine|Protect|p2a: Mamoswine\n|-singleturn|p2a: Mamoswine|Protect\n|move|p2b: Delphox|Heat Wave|p1a: A Diva|[spread] p1a,p1b\n|-resisted|p1a: A Diva|1\n|-resisted|p1b: Karma|1\n|-damage|p1a: A Diva|16/100\n|-damage|p1b: Karma|65/100\n|-enditem|p1a: A Diva|Sitrus Berry|[eat]\n|-heal|p1a: A Diva|41/100|[from] item: Sitrus Berry\n|move|p1a: A Diva|Rock Slide|p2a: Mamoswine|[spread] \n|-activate|p2a: Mamoswine|move: Protect\n|-miss|p1a: A Diva|p2b: Delphox\n|\n|-heal|p1b: Karma|71/100|[from] item: Leftovers\n|upkeep\n|turn|4\n|inactive|UnloshTheWash has 30 seconds left.\n|\n|t:|1776131341\n|switch|p1a: Again Again!|Delphox-Mega, L50, F, shiny|100/100\n|switch|p2a: Orthworm|Orthworm, L50, M|75/100\n|move|p2b: Delphox|Psychic|p1a: Again Again!\n|-resisted|p1a: Again Again!|1\n|-damage|p1a: Again Again!|53/100\n|move|p1b: Karma|Flare Blitz|p2a: Orthworm\n|-supereffective|p2a: Orthworm|1\n|-damage|p2a: Orthworm|11/100\n|-damage|p1b: Karma|52/100|[from] Recoil\n|\n|-heal|p1b: Karma|58/100|[from] item: Leftovers\n|upkeep\n|turn|5\n|inactive|redistr has 30 seconds left.\n|\n|t:|1776131369\n|move|p2b: Delphox|Heat Wave|p1a: Again Again!|[spread] p1a,p1b\n|-resisted|p1a: Again Again!|1\n|-resisted|p1b: Karma|1\n|-damage|p1a: Again Again!|17/100\n|-damage|p1b: Karma|19/100\n|move|p1a: Again Again!|Encore|p2b: Delphox\n|-start|p2b: Delphox|Encore\n|move|p1b: Karma|Flare Blitz|p2b: Delphox\n|-resisted|p2b: Delphox|1\n|-end|p2b: Delphox|Substitute\n|-damage|p1b: Karma|12/100|[from] Recoil|[of] p2b: Delphox\n|move|p2a: Orthworm|Heavy Slam|p1a: Again Again!\n|-resisted|p1a: Again Again!|1\n|-damage|p1a: Again Again!|0 fnt\n|faint|p1a: Again Again!\n|\n|-heal|p1b: Karma|18/100|[from] item: Leftovers\n|upkeep\n|\n|t:|1776131388\n|switch|p1a: A Diva|Garchomp, L50, F, shiny|41/100\n|turn|6\n|\n|t:|1776131401\n|move|p2b: Delphox|Heat Wave|p1a: A Diva|[spread] p1a,p1b\n|-resisted|p1a: A Diva|1\n|-resisted|p1b: Karma|1\n|-damage|p1a: A Diva|7/100\n|-damage|p1b: Karma|0 fnt\n|faint|p1b: Karma\n|move|p1a: A Diva|Rock Slide|p2b: Delphox|[spread] p2a,p2b\n|-resisted|p2a: Orthworm|1\n|-supereffective|p2b: Delphox|1\n|-damage|p2a: Orthworm|5/100\n|-damage|p2b: Delphox|46/100\n|move|p2a: Orthworm|Heavy Slam|p1a: A Diva\n|-crit|p1a: A Diva\n|-damage|p1a: A Diva|0 fnt\n|-damage|p2a: Orthworm|0 fnt|[from] ability: Rough Skin|[of] p1a: A Diva\n|faint|p1a: A Diva\n|faint|p2a: Orthworm\n|\n|upkeep\n|\n|t:|1776131409\n|switch|p1a: Mother|Sneasler, L50, F, shiny|100/100\n|switch|p2a: Mamoswine|Mamoswine, L50, M|100/100\n|turn|7\n|\n|t:|1776131420\n|move|p2b: Delphox|Heat Wave|p1a: Mother\n|-damage|p1a: Mother|0 fnt\n|faint|p1a: Mother\n|\n|win|UnloshTheWash\n|raw|redistr's rating: 1279 &rarr; <strong>1258</strong><br />(-21 for losing)\n|raw|UnloshTheWash's rating: 1328 &rarr; <strong>1345</strong><br />(+17 for winning)\n",
  "uploadtime": 1776131423,
  "views": 22,
  "formatid": "gen9championsvgc2026regma",
  "rating": 1258,
  "private": 0,
  "password": null
}