{
  "id": "gen9championsvgc2026regma-2583468118",
  "format": "[Gen 9 Champions] VGC 2026 Reg M-A",
  "players": [
    "Juani5",
    "hydreigon_chelas"
  ],
  "log": "|j|\u2606Juani5\n|j|\u2606hydreigon_chelas\n|t:|1776177575\n|gametype|doubles\n|player|p1|Juani5|169|1382\n|player|p2|hydreigon_chelas|iris-gen5bw2|1360\n|gen|9\n|tier|[Gen 9 Champions] VGC 2026 Reg M-A\n|rated|\n|rule|Species Clause: Limit one of each Pok\u00e9mon\n|rule|Item Clause: Limit 1 of each item\n|clearpoke\n|poke|p1|Pelipper, L50, M|\n|poke|p1|Basculegion, L50, M|\n|poke|p1|Dragonite, L50, M|\n|poke|p1|Sneasler, L50, M|\n|poke|p1|Sinistcha, L50|\n|poke|p1|Archaludon, L50, M|\n|poke|p2|Floette-Eternal, L50, F|\n|poke|p2|Excadrill, L50, F|\n|poke|p2|Tyranitar, L50, M|\n|poke|p2|Incineroar, L50, F|\n|poke|p2|Sinistcha, L50|\n|poke|p2|Gyarados, L50, F|\n|teampreview|4\n|\n|t:|1776177613\n|teamsize|p1|4\n|teamsize|p2|4\n|start\n|switch|p1a: Sneasler|Sneasler, L50, M|100/100\n|switch|p1b: Sinistcha|Sinistcha, L50|100/100\n|switch|p2a: Floette|Floette-Eternal, L50, F|100/100\n|switch|p2b: Gyarados|Gyarados, L50, F, shiny|100/100\n|-ability|p2b: Gyarados|Intimidate|boost\n|-unboost|p1a: Sneasler|atk|1\n|-unboost|p1b: Sinistcha|atk|1\n|-enditem|p1a: Sneasler|White Herb\n|-clearnegativeboost|p1a: Sneasler|[silent]\n|turn|1\n|\n|t:|1776177638\n|switch|p2a: Incineroar|Incineroar, L50, F|100/100\n|-ability|p2a: Incineroar|Intimidate|boost\n|-unboost|p1a: Sneasler|atk|1\n|-unboost|p1b: Sinistcha|atk|1\n|move|p1a: Sneasler|Dire Claw|p2a: Incineroar\n|-damage|p2a: Incineroar|71/100\n|move|p2b: Gyarados|Taunt|p1b: Sinistcha\n|-start|p1b: Sinistcha|move: Taunt\n|move|p1b: Sinistcha|Matcha Gotcha|p2a: Incineroar|[spread] p2a,p2b\n|-resisted|p2a: Incineroar|1\n|-damage|p2a: Incineroar|63/100\n|-damage|p2b: Gyarados|84/100\n|\n|-heal|p2b: Gyarados|90/100|[from] item: Leftovers\n|upkeep\n|turn|2\n|\n|t:|1776177664\n|switch|p1b: Pelipper|Pelipper, L50, M|100/100\n|-weather|RainDance|[from] ability: Drizzle|[of] p1b: Pelipper\n|move|p2a: Incineroar|Fake Out|p1a: Sneasler\n|-damage|p1a: Sneasler|86/100\n|cant|p1a: Sneasler|flinch\n|move|p2b: Gyarados|Thunder Wave|p1a: Sneasler\n|-status|p1a: Sneasler|par\n|\n|-weather|RainDance|[upkeep]\n|-heal|p2b: Gyarados|96/100|[from] item: Leftovers\n|upkeep\n|turn|3\n|\n|t:|1776177681\n|switch|p2b: Sinistcha|Sinistcha, L50|100/100\n|-heal|p2a: Incineroar|88/100|[from] ability: Hospitality|[of] p2b: Sinistcha\n|move|p1a: Sneasler|Dire Claw|p2a: Incineroar\n|-damage|p2a: Incineroar|59/100\n|move|p1b: Pelipper|Weather Ball|p2a: Incineroar\n|-supereffective|p2a: Incineroar|1\n|-damage|p2a: Incineroar|0 fnt\n|faint|p2a: Incineroar\n|\n|-weather|RainDance|[upkeep]\n|upkeep\n|\n|t:|1776177695\n|switch|p2a: Floette|Floette-Eternal, L50, F|100/100\n|turn|4\n|\n|t:|1776177708\n|switch|p2b: Gyarados|Gyarados, L50, F, shiny|96/100\n|-ability|p2b: Gyarados|Intimidate|boost\n|-unboost|p1a: Sneasler|atk|1\n|-unboost|p1b: Pelipper|atk|1\n|detailschange|p2a: Floette|Floette-Mega, L50, F\n|-mega|p2a: Floette|Floette|Floettite\n|-ability|p2a: Floette|Fairy Aura\n|cant|p1a: Sneasler|par\n|move|p2a: Floette|Moonblast|p1a: Sneasler\n|-damage|p1a: Sneasler|0 fnt\n|faint|p1a: Sneasler\n|move|p1b: Pelipper|Hurricane|p2a: Floette\n|-damage|p2a: Floette|56/100\n|-start|p2a: Floette|confusion\n|\n|-weather|RainDance|[upkeep]\n|-heal|p2b: Gyarados|100/100|[from] item: Leftovers\n|upkeep\n|\n|t:|1776177730\n|switch|p1a: Sinistcha|Sinistcha, L50|100/100\n|turn|5\n|\n|t:|1776177756\n|-activate|p2a: Floette|confusion\n|-damage|p2a: Floette|46/100|[from] confusion\n|move|p1b: Pelipper|Hurricane|p2b: Gyarados\n|-damage|p2b: Gyarados|67/100\n|-start|p2b: Gyarados|confusion\n|-activate|p2b: Gyarados|confusion\n|-damage|p2b: Gyarados|56/100|[from] confusion\n|move|p1a: Sinistcha|Matcha Gotcha|p2b: Gyarados|[spread] p2a,p2b\n|-damage|p2a: Floette|28/100\n|-damage|p2b: Gyarados|41/100\n|\n|-weather|RainDance|[upkeep]\n|-heal|p2b: Gyarados|47/100|[from] item: Leftovers\n|upkeep\n|turn|6\n|\n|t:|1776177779\n|-activate|p2a: Floette|confusion\n|move|p2a: Floette|Moonblast|p1b: Pelipper\n|-enditem|p1b: Pelipper|Focus Sash\n|-damage|p1b: Pelipper|1/100\n|move|p1b: Pelipper|Hurricane|p2b: Gyarados\n|-damage|p2b: Gyarados|10/100\n|-activate|p2b: Gyarados|confusion\n|move|p2b: Gyarados|Taunt|p1a: Sinistcha\n|-start|p1a: Sinistcha|move: Taunt\n|move|p1a: Sinistcha|Matcha Gotcha|p2a: Floette|[spread] p2b\n|-miss|p1a: Sinistcha|p2a: Floette\n|-damage|p2b: Gyarados|0 fnt\n|faint|p2b: Gyarados\n|\n|-weather|none\n|upkeep\n|\n|t:|1776177791\n|switch|p2b: Sinistcha|Sinistcha, L50|100/100\n|-heal|p2a: Floette|53/100|[from] ability: Hospitality|[of] p2b: Sinistcha\n|turn|7\n|\n|t:|1776177841\n|switch|p1a: Basculegion|Basculegion, L50, M|100/100\n|move|p1b: Pelipper|Protect|p1b: Pelipper\n|-singleturn|p1b: Pelipper|Protect\n|-activate|p2a: Floette|confusion\n|move|p2a: Floette|Dazzling Gleam|p1a: Basculegion|[spread] p1a\n|-activate|p1b: Pelipper|move: Protect\n|-damage|p1a: Basculegion|45/100\n|move|p2b: Sinistcha|Matcha Gotcha|p1b: Pelipper|[spread] p1a\n|-activate|p1b: Pelipper|move: Protect\n|-supereffective|p1a: Basculegion|1\n|-crit|p1a: Basculegion\n|-damage|p1a: Basculegion|0 fnt\n|faint|p1a: Basculegion\n|\n|upkeep\n|-message|Juani5 forfeited.\n|\n|win|hydreigon_chelas\n|raw|Juani5's rating: 1382 &rarr; <strong>1361</strong><br />(-21 for losing)\n|raw|hydreigon_chelas's rating: 1360 &rarr; <strong>1381</strong><br />(+21 for winning)\n|l|\u2606Juani5\n|player|p1|\n",
  "uploadtime": 1776177855,
  "views": 40,
  "formatid": "gen9championsvgc2026regma",
  "rating": 1361,
  "private": 0,
  "password": null
}