{
  "id": "gen9championsvgc2026regma-2586792396",
  "format": "[Gen 9 Champions] VGC 2026 Reg M-A",
  "players": [
    "qxqx48",
    "adityanair212"
  ],
  "log": "|j|\u2606qxqx48\n|j|\u2606adityanair212\n|t:|1776460286\n|gametype|doubles\n|player|p1|qxqx48|101|1212\n|player|p2|adityanair212|ghetsis-gen5bw|1115\n|gen|9\n|tier|[Gen 9 Champions] VGC 2026 Reg M-A\n|rated|\n|rule|Species Clause: Limit one of each Pok\u00e9mon\n|rule|Item Clause: Limit 1 of each item\n|clearpoke\n|poke|p1|Crabominable, L50, F|\n|poke|p1|Aggron, L50, F|\n|poke|p1|Sinistcha-Masterpiece, L50|\n|poke|p1|Farigiraf, L50, F|\n|poke|p1|Primarina, L50, M|\n|poke|p1|Conkeldurr, L50, F|\n|poke|p2|Froslass, L50, F|\n|poke|p2|Garchomp, L50, F|\n|poke|p2|Rotom-Frost, L50|\n|poke|p2|Empoleon, L50, M|\n|poke|p2|Incineroar, L50, M|\n|poke|p2|Kingambit, L50, F|\n|teampreview|4\n|inactive|Battle timer is ON: inactive players will automatically lose when time's up. (requested by qxqx48)\n|inactive|qxqx48 has 60 seconds left.\n|\n|t:|1776460337\n|teamsize|p1|4\n|teamsize|p2|4\n|start\n|switch|p1a: Sinistcha|Sinistcha-Masterpiece, L50|100/100\n|switch|p1b: Primarina|Primarina, L50, M|100/100\n|switch|p2a: Garchomp|Garchomp, L50, F|100/100\n|switch|p2b: Rotom|Rotom-Frost, L50|100/100\n|turn|1\n|inactive|adityanair212 has 30 seconds left.\n|\n|t:|1776460364\n|switch|p2a: Incineroar|Incineroar, L50, M|100/100\n|-ability|p2a: Incineroar|Intimidate|boost\n|-unboost|p1a: Sinistcha|atk|1\n|-unboost|p1b: Primarina|atk|1\n|move|p2b: Rotom|Volt Switch|p1b: Primarina\n|-supereffective|p1b: Primarina|1\n|-crit|p1b: Primarina\n|-damage|p1b: Primarina|18/100\n|\n|t:|1776460379\n|switch|p2b: Garchomp|Garchomp, L50, F|100/100|[from] Volt Switch\n|move|p1b: Primarina|Moonblast|p2a: Incineroar\n|-damage|p2a: Incineroar|50/100\n|-enditem|p2a: Incineroar|Sitrus Berry|[eat]\n|-heal|p2a: Incineroar|74/100|[from] item: Sitrus Berry\n|move|p1a: Sinistcha|Trick Room|p1a: Sinistcha\n|-fieldstart|move: Trick Room|[of] p1a: Sinistcha\n|\n|-heal|p1b: Primarina|24/100|[from] item: Leftovers\n|upkeep\n|turn|2\n|\n|t:|1776460399\n|move|p2a: Incineroar|Fake Out|p1b: Primarina\n|-damage|p1b: Primarina|4/100\n|move|p1a: Sinistcha|Rage Powder|p1a: Sinistcha\n|-singleturn|p1a: Sinistcha|move: Rage Powder\n|cant|p1b: Primarina|flinch\n|move|p2b: Garchomp|Rock Slide|p1b: Primarina|[spread] p1a,p1b\n|-damage|p1a: Sinistcha|78/100\n|-damage|p1b: Primarina|0 fnt\n|faint|p1b: Primarina\n|\n|upkeep\n|\n|t:|1776460409\n|switch|p1b: Crabominable|Crabominable, L50, F|100/100\n|turn|3\n|\n|t:|1776460424\n|switch|p2a: Froslass|Froslass, L50, F|100/100\n|detailschange|p1b: Crabominable|Crabominable-Mega, L50, F\n|-mega|p1b: Crabominable|Crabominable|Crabominite\n|move|p1b: Crabominable|Close Combat|p2a: Froslass\n|-immune|p2a: Froslass\n|move|p1a: Sinistcha|Matcha Gotcha|p2b: Garchomp|[spread] p2a,p2b\n|-damage|p2a: Froslass|49/100\n|-heal|p1a: Sinistcha|100/100|[from] drain|[of] p2a: Froslass\n|-damage|p2b: Garchomp|65/100\n|move|p2b: Garchomp|Rock Slide|p1b: Crabominable|[spread] p1a,p1b\n|-crit|p1b: Crabominable\n|-damage|p1a: Sinistcha|79/100\n|-damage|p1b: Crabominable|78/100\n|\n|upkeep\n|turn|4\n|inactive|adityanair212 has 30 seconds left.\n|\n|t:|1776460454\n|detailschange|p2a: Froslass|Froslass-Mega, L50, F\n|-mega|p2a: Froslass|Froslass|Froslassite\n|-weather|Snowscape|[from] ability: Snow Warning|[of] p2a: Froslass\n|move|p2a: Froslass|Protect|p2a: Froslass\n|-singleturn|p2a: Froslass|Protect\n|move|p1b: Crabominable|Ice Hammer|p2b: Garchomp\n|-supereffective|p2b: Garchomp|2\n|-damage|p2b: Garchomp|0 fnt\n|-unboost|p1b: Crabominable|spe|1\n|-damage|p1b: Crabominable|65/100|[from] ability: Rough Skin|[of] p2b: Garchomp\n|faint|p2b: Garchomp\n|move|p1a: Sinistcha|Matcha Gotcha|p2a: Froslass\n|-activate|p2a: Froslass|move: Protect\n|\n|-weather|Snowscape|[upkeep]\n|upkeep\n|\n|t:|1776460467\n|switch|p2b: Incineroar|Incineroar, L50, M|74/100\n|-ability|p2b: Incineroar|Intimidate|boost\n|-unboost|p1a: Sinistcha|atk|1\n|-unboost|p1b: Crabominable|atk|1\n|turn|5\n|\n|t:|1776460485\n|move|p1b: Crabominable|Protect|p1b: Crabominable\n|-singleturn|p1b: Crabominable|Protect\n|move|p2b: Incineroar|Fake Out|p1b: Crabominable\n|-activate|p1b: Crabominable|move: Protect\n|move|p1a: Sinistcha|Matcha Gotcha|p2a: Froslass|[spread] p2b\n|-miss|p1a: Sinistcha|p2a: Froslass\n|-resisted|p2b: Incineroar|1\n|-damage|p2b: Incineroar|61/100\n|-heal|p1a: Sinistcha|88/100|[from] drain|[of] p2b: Incineroar\n|move|p2a: Froslass|Shadow Ball|p1a: Sinistcha\n|-supereffective|p1a: Sinistcha|1\n|-damage|p1a: Sinistcha|0 fnt\n|faint|p1a: Sinistcha\n|\n|-weather|Snowscape|[upkeep]\n|-fieldend|move: Trick Room\n|upkeep\n|\n|t:|1776460497\n|switch|p1a: Farigiraf|Farigiraf, L50, F|100/100\n|turn|6\n|\n|t:|1776460513\n|move|p2a: Froslass|Aurora Veil|p2a: Froslass\n|-sidestart|p2: adityanair212|move: Aurora Veil\n|move|p2b: Incineroar|Flare Blitz|p1b: Crabominable\n|-supereffective|p1b: Crabominable|1\n|-damage|p1b: Crabominable|6/100\n|-damage|p2b: Incineroar|44/100|[from] Recoil\n|move|p1b: Crabominable|Rock Slide|p2b: Incineroar|[spread] p2a,p2b\n|-supereffective|p2a: Froslass|1\n|-supereffective|p2b: Incineroar|1\n|-damage|p2a: Froslass|24/100\n|-damage|p2b: Incineroar|23/100\n|move|p1a: Farigiraf|Trick Room|p1a: Farigiraf\n|-fieldstart|move: Trick Room|[of] p1a: Farigiraf\n|\n|-weather|Snowscape|[upkeep]\n|upkeep\n|turn|7\n|inactive|qxqx48 has 30 seconds left.\n|inactive|adityanair212 has 30 seconds left.\n|inactive|qxqx48 has 20 seconds left.\n|inactive|adityanair212 has 20 seconds left.\n|inactive|qxqx48 has 15 seconds left.\n|inactive|qxqx48 has 10 seconds left.\n|\n|t:|1776460563\n|move|p2a: Froslass|Protect|p2a: Froslass\n|-singleturn|p2a: Froslass|Protect\n|move|p1b: Crabominable|Close Combat|p2b: Incineroar\n|-supereffective|p2b: Incineroar|1\n|-damage|p2b: Incineroar|0 fnt\n|-unboost|p1b: Crabominable|def|1\n|-unboost|p1b: Crabominable|spd|1\n|faint|p2b: Incineroar\n|move|p1a: Farigiraf|Psychic Noise|p2a: Froslass\n|-activate|p2a: Froslass|move: Protect\n|\n|-weather|Snowscape|[upkeep]\n|upkeep\n|\n|t:|1776460575\n|switch|p2b: Rotom|Rotom-Frost, L50|100/100\n|turn|8\n|\n|t:|1776460591\n|move|p1b: Crabominable|Close Combat|p2b: Rotom\n|-supereffective|p2b: Rotom|1\n|-damage|p2b: Rotom|38/100\n|-unboost|p1b: Crabominable|def|1\n|-unboost|p1b: Crabominable|spd|1\n|move|p1a: Farigiraf|Psychic Noise|p2a: Froslass\n|-damage|p2a: Froslass|0 fnt\n|faint|p2a: Froslass\n|move|p2b: Rotom|Thunderbolt|p1a: Farigiraf\n|-damage|p1a: Farigiraf|62/100\n|\n|-weather|none\n|upkeep\n|turn|9\n|c|\u2606adityanair212|gg\n|\n|t:|1776460610\n|move|p1b: Crabominable|Close Combat|p2b: Rotom\n|-supereffective|p2b: Rotom|1\n|-damage|p2b: Rotom|0 fnt\n|-unboost|p1b: Crabominable|def|1\n|-unboost|p1b: Crabominable|spd|1\n|faint|p2b: Rotom\n|\n|win|qxqx48\n|raw|qxqx48's rating: 1212 &rarr; <strong>1230</strong><br />(+18 for winning)\n|raw|adityanair212's rating: 1115 &rarr; <strong>1097</strong><br />(-18 for losing)\n",
  "uploadtime": 1776460610,
  "views": 18,
  "formatid": "gen9championsvgc2026regma",
  "rating": 1097,
  "private": 0,
  "password": null
}