{
  "id": "gen9championsvgc2026regma-2587264451",
  "format": "[Gen 9 Champions] VGC 2026 Reg M-A",
  "players": [
    "brojonski",
    "skyvald"
  ],
  "log": "|j|\u2606brojonski\n|j|\u2606skyvald\n|t:|1776516051\n|gametype|doubles\n|player|p1|brojonski|brock|1313\n|player|p2|skyvald|266|1288\n|gen|9\n|tier|[Gen 9 Champions] VGC 2026 Reg M-A\n|rated|\n|rule|Species Clause: Limit one of each Pok\u00e9mon\n|rule|Item Clause: Limit 1 of each item\n|clearpoke\n|poke|p1|Crabominable, L50, F|\n|poke|p1|Zoroark-Hisui, L50, M|\n|poke|p1|Slowking, L50, M|\n|poke|p1|Incineroar, L50, F|\n|poke|p1|Tsareena, L50, F|\n|poke|p1|Glimmora, L50, M|\n|poke|p2|Scovillain, L50, M|\n|poke|p2|Sneasler, L50, F|\n|poke|p2|Tyranitar, L50, M|\n|poke|p2|Garchomp, L50, M|\n|poke|p2|Rotom-Wash, L50|\n|poke|p2|Corviknight, L50, F|\n|teampreview|4\n|inactive|Battle timer is ON: inactive players will automatically lose when time's up. (requested by brojonski)\n|\n|t:|1776516082\n|teamsize|p1|4\n|teamsize|p2|4\n|start\n|switch|p1a: Slowking|Slowking, L50, M|100/100\n|switch|p1b: Tsareena|Tsareena, L50, F|100/100\n|switch|p2a: Rotom|Rotom-Wash, L50|100/100\n|switch|p2b: Corviknight|Corviknight, L50, F|100/100\n|turn|1\n|\n|t:|1776516105\n|move|p2a: Rotom|Protect|p2a: Rotom\n|-singleturn|p2a: Rotom|Protect\n|move|p1a: Slowking|Bitter Malice|p2a: Rotom\n|-activate|p2a: Rotom|move: Protect\n|move|p1b: Tsareena|Trop Kick|p2a: Rotom\n|-activate|p2a: Rotom|move: Protect\n|move|p2b: Corviknight|Iron Head|p1b: Tsareena\n|-damage|p1b: Tsareena|73/100\n|\n|upkeep\n|turn|2\n|\n|t:|1776516132\n|switch|p2a: Scovillain|Scovillain, L50, M|100/100\n|switch|p1b: Slowking|Slowking, L50, M|100/100\n|move|p1a: Slowking|Taunt|p2b: Corviknight\n|-start|p2b: Corviknight|move: Taunt\n|cant|p2b: Corviknight|move: Taunt|Tailwind\n|\n|upkeep\n|turn|3\n|inactive|brojonski has 30 seconds left.\n|inactive|skyvald has 30 seconds left.\n|inactive|brojonski has 20 seconds left.\n|\n|t:|1776516172\n|detailschange|p2a: Scovillain|Scovillain-Mega, L50, M\n|-mega|p2a: Scovillain|Scovillain|Scovillainite\n|move|p1a: Slowking|Bitter Malice|p2b: Corviknight\n|-damage|p2b: Corviknight|66/100\n|-ability|p2b: Corviknight|Mirror Armor\n|-unboost|p1a: Slowking|atk|1\n|move|p2a: Scovillain|Spicy Extract|p2b: Corviknight\n|-ability|p2b: Corviknight|Mirror Armor\n|-unboost|p2a: Scovillain|def|2\n|-boost|p2b: Corviknight|atk|2\n|move|p2b: Corviknight|Iron Head|p1a: Slowking\n|-enditem|p1a: Slowking|Focus Sash\n|-damage|p1a: Slowking|1/100\n|replace|p1a: Zoroark|Zoroark-Hisui, L50, M\n|-end|p1a: Zoroark|Illusion\n|move|p1b: Slowking|Trick Room|p1b: Slowking\n|-fieldstart|move: Trick Room|[of] p1b: Slowking\n|\n|-heal|p2b: Corviknight|72/100|[from] item: Leftovers\n|upkeep\n|turn|4\n|inactive|brojonski has 30 seconds left.\n|inactive|skyvald has 30 seconds left.\n|inactive|brojonski has 20 seconds left.\n|inactive|skyvald has 20 seconds left.\n|inactive|brojonski has 15 seconds left.\n|inactive|skyvald has 15 seconds left.\n|inactive|brojonski has 10 seconds left.\n|inactive|skyvald has 10 seconds left.\n|inactive|skyvald has 5 seconds left.\n|inactive|brojonski has 5 seconds left.\n|\n|t:|1776516229\n|move|p1b: Slowking|Psychic Noise|p2a: Scovillain\n|-damage|p2a: Scovillain|74/100\n|-start|p2a: Scovillain|move: Heal Block\n|-status|p1b: Slowking|brn|[from] ability: Spicy Spray|[of] p2a: Scovillain\n|move|p2b: Corviknight|Iron Head|p1b: Slowking\n|-resisted|p1b: Slowking|1\n|-damage|p1b: Slowking|78/100 brn\n|move|p2a: Scovillain|Spicy Extract|p2b: Corviknight\n|-ability|p2b: Corviknight|Mirror Armor\n|-unboost|p2a: Scovillain|def|2\n|-boost|p2b: Corviknight|atk|2\n|move|p1a: Zoroark|Bitter Malice|p2b: Corviknight\n|-damage|p2b: Corviknight|39/100\n|-ability|p2b: Corviknight|Mirror Armor\n|-unboost|p1a: Zoroark|atk|1\n|\n|-heal|p2b: Corviknight|45/100|[from] item: Leftovers\n|-damage|p1b: Slowking|72/100 brn|[from] brn\n|-end|p2b: Corviknight|move: Taunt\n|upkeep\n|turn|5\n|inactive|brojonski has 30 seconds left.\n|\n|t:|1776516260\n|move|p2a: Scovillain|Rage Powder|p2a: Scovillain\n|-singleturn|p2a: Scovillain|move: Rage Powder\n|move|p1b: Slowking|Scald|p2a: Scovillain\n|-damage|p2a: Scovillain|44/100\n|move|p2b: Corviknight|Roost|p2b: Corviknight\n|-heal|p2b: Corviknight|95/100\n|-singleturn|p2b: Corviknight|move: Roost\n|move|p1a: Zoroark|Hyper Beam|p2a: Scovillain\n|-damage|p2a: Scovillain|0 fnt\n|-mustrecharge|p1a: Zoroark\n|-status|p1a: Zoroark|brn|[from] ability: Spicy Spray|[of] p2a: Scovillain\n|faint|p2a: Scovillain\n|\n|-heal|p2b: Corviknight|100/100|[from] item: Leftovers\n|-damage|p1b: Slowking|66/100 brn|[from] brn\n|-damage|p1a: Zoroark|0 fnt|[from] brn\n|faint|p1a: Zoroark\n|upkeep\n|\n|t:|1776516274\n|switch|p2a: Sneasler|Sneasler, L50, F|100/100\n|switch|p1a: Crabominable|Crabominable, L50, F|100/100\n|turn|6\n|\n|t:|1776516291\n|switch|p1a: Tsareena|Tsareena, L50, F|73/100\n|move|p2a: Sneasler|Fake Out||[still]\n|cant|p1a: Tsareena|ability: Queenly Majesty|Fake Out|[of] p2a: Sneasler\n|move|p1b: Slowking|Psychic Noise|p2a: Sneasler\n|-supereffective|p2a: Sneasler|2\n|-damage|p2a: Sneasler|0 fnt\n|faint|p2a: Sneasler\n|move|p2b: Corviknight|Iron Head|p1a: Tsareena\n|-damage|p1a: Tsareena|0 fnt\n|faint|p1a: Tsareena\n|\n|-damage|p1b: Slowking|60/100 brn|[from] brn\n|upkeep\n|\n|t:|1776516305\n|switch|p1a: Crabominable|Crabominable, L50, F|100/100\n|switch|p2a: Rotom|Rotom-Wash, L50|100/100\n|turn|7\n|inactive|brojonski has 30 seconds left.\n|\n|t:|1776516336\n|detailschange|p1a: Crabominable|Crabominable-Mega, L50, F\n|-mega|p1a: Crabominable|Crabominable|Crabominite\n|move|p2a: Rotom|Protect|p2a: Rotom\n|-singleturn|p2a: Rotom|Protect\n|move|p1a: Crabominable|Close Combat|p2b: Corviknight\n|-damage|p2b: Corviknight|41/100\n|-unboost|p1a: Crabominable|def|1\n|-unboost|p1a: Crabominable|spd|1\n|move|p1b: Slowking|Scald|p2b: Corviknight\n|-damage|p2b: Corviknight|18/100\n|move|p2b: Corviknight|Iron Head|p1a: Crabominable\n|-supereffective|p1a: Crabominable|1\n|-damage|p1a: Crabominable|0 fnt\n|faint|p1a: Crabominable\n|\n|-heal|p2b: Corviknight|24/100|[from] item: Leftovers\n|-damage|p1b: Slowking|54/100 brn|[from] brn\n|-fieldend|move: Trick Room\n|upkeep\n|turn|8\n|\n|t:|1776516356\n|move|p2a: Rotom|Thunderbolt|p1b: Slowking\n|-supereffective|p1b: Slowking|1\n|-damage|p1b: Slowking|12/100 brn\n|move|p2b: Corviknight|Brave Bird|p1b: Slowking\n|-damage|p1b: Slowking|0 fnt\n|faint|p1b: Slowking\n|-damage|p2b: Corviknight|20/100|[from] Recoil\n|\n|win|skyvald\n|raw|brojonski's rating: 1313 &rarr; <strong>1292</strong><br />(-21 for losing)\n|raw|skyvald's rating: 1288 &rarr; <strong>1315</strong><br />(+27 for winning)\n",
  "uploadtime": 1776516362,
  "views": 35,
  "formatid": "gen9championsvgc2026regma",
  "rating": 1292,
  "private": 0,
  "password": null
}