{
  "id": "gen9championsvgc2026regma-2581875173",
  "format": "[Gen 9 Champions] VGC 2026 Reg M-A",
  "players": [
    "fooner",
    "LordoftheGarbodors"
  ],
  "log": "|j|\u2606fooner\n|j|\u2606LordoftheGarbodors\n|t:|1776035774\n|gametype|doubles\n|player|p1|fooner|102|1217\n|player|p2|LordoftheGarbodors|marley|1127\n|gen|9\n|tier|[Gen 9 Champions] VGC 2026 Reg M-A\n|rated|\n|rule|Species Clause: Limit one of each Pok\u00e9mon\n|rule|Item Clause: Limit 1 of each item\n|clearpoke\n|poke|p1|Meowstic, L50, M|\n|poke|p1|Oranguru, L50, M|\n|poke|p1|Golurk, L50|\n|poke|p1|Torkoal, L50, M|\n|poke|p1|Kingambit, L50, M|\n|poke|p1|Gardevoir, L50, M|\n|poke|p2|Starmie, L50|\n|poke|p2|Tyranitar, L50, M|\n|poke|p2|Garchomp, L50, M|\n|poke|p2|Aerodactyl, L50, M|\n|poke|p2|Empoleon, L50, M|\n|poke|p2|Delphox, L50, F|\n|teampreview|4\n|\n|t:|1776035802\n|teamsize|p1|4\n|teamsize|p2|4\n|start\n|switch|p1a: Da Guru|Oranguru, L50, M|100/100\n|switch|p1b: Da Princess|Gardevoir, L50, M|100/100\n|switch|p2a: Starmie|Starmie, L50, shiny|100/100\n|switch|p2b: Tyranitar|Tyranitar, L50, M|100/100\n|-weather|Sandstorm|[from] ability: Sand Stream|[of] p2b: Tyranitar\n|turn|1\n|inactive|Battle timer is ON: inactive players will automatically lose when time's up. (requested by LordoftheGarbodors)\n|\n|t:|1776035828\n|detailschange|p2a: Starmie|Starmie-Mega, L50, shiny\n|-mega|p2a: Starmie|Starmie|Starminite\n|move|p1b: Da Princess|Protect|p1b: Da Princess\n|-singleturn|p1b: Da Princess|Protect\n|move|p2a: Starmie|Skill Swap|p2b: Tyranitar\n|-activate|p2a: Starmie|Skill Swap|||[of] p2b: Tyranitar\n|move|p2b: Tyranitar|Rock Slide|p1a: Da Guru|[spread] p1a\n|-activate|p1b: Da Princess|move: Protect\n|-damage|p1a: Da Guru|54/100\n|move|p1a: Da Guru|Trick Room|p1a: Da Guru\n|-fieldstart|move: Trick Room|[of] p1a: Da Guru\n|\n|-weather|Sandstorm|[upkeep]\n|-damage|p1a: Da Guru|48/100|[from] Sandstorm\n|-damage|p1b: Da Princess|95/100|[from] Sandstorm\n|-damage|p2a: Starmie|95/100|[from] Sandstorm\n|-enditem|p1a: Da Guru|Sitrus Berry|[eat]\n|-heal|p1a: Da Guru|73/100|[from] item: Sitrus Berry\n|upkeep\n|turn|2\n|\n|t:|1776035850\n|detailschange|p1b: Da Princess|Gardevoir-Mega, L50, M\n|-mega|p1b: Da Princess|Gardevoir|Gardevoirite\n|move|p1a: Da Guru|Thunderbolt|p2a: Starmie\n|-supereffective|p2a: Starmie|1\n|-damage|p2a: Starmie|46/100\n|move|p1b: Da Princess|Hyper Voice|p2a: Starmie|[spread] p2a,p2b\n|-supereffective|p2b: Tyranitar|1\n|-damage|p2a: Starmie|0 fnt\n|-damage|p2b: Tyranitar|39/100\n|faint|p2a: Starmie\n|move|p2b: Tyranitar|Rock Slide|p1a: Da Guru|[spread] p1a,p1b\n|-damage|p1a: Da Guru|23/100\n|-damage|p1b: Da Princess|31/100\n|\n|-weather|Sandstorm|[upkeep]\n|-damage|p1a: Da Guru|17/100|[from] Sandstorm\n|-damage|p1b: Da Princess|25/100|[from] Sandstorm\n|upkeep\n|\n|t:|1776035865\n|switch|p2a: Empoleon|Empoleon, L50, M|100/100\n|turn|3\n|\n|t:|1776035878\n|move|p1a: Da Guru|Thunderbolt|p2a: Empoleon\n|-supereffective|p2a: Empoleon|1\n|-damage|p2a: Empoleon|58/100\n|move|p1b: Da Princess|Hyper Voice|p2a: Empoleon|[spread] p2a,p2b\n|-resisted|p2a: Empoleon|1\n|-supereffective|p2b: Tyranitar|1\n|-damage|p2a: Empoleon|34/100\n|-damage|p2b: Tyranitar|0 fnt\n|faint|p2b: Tyranitar\n|move|p2a: Empoleon|Hydro Pump|p1b: Da Princess\n|-damage|p1b: Da Princess|0 fnt\n|faint|p1b: Da Princess\n|\n|-weather|Sandstorm|[upkeep]\n|-damage|p1a: Da Guru|11/100|[from] Sandstorm\n|upkeep\n|\n|t:|1776035890\n|switch|p1b: Kole|Torkoal, L50, M|100/100\n|switch|p2b: Aerodactyl|Aerodactyl, L50, M|100/100\n|-ability|p2b: Aerodactyl|Unnerve\n|-weather|SunnyDay|[from] ability: Drought|[of] p1b: Kole\n|turn|4\n|\n|t:|1776035898\n|move|p2a: Empoleon|Protect|p2a: Empoleon\n|-singleturn|p2a: Empoleon|Protect\n|move|p1b: Kole|Solar Beam||[still]\n|-prepare|p1b: Kole|Solar Beam\n|-anim|p1b: Kole|Solar Beam|p2a: Empoleon\n|-activate|p2a: Empoleon|move: Protect\n|move|p1a: Da Guru|Thunderbolt|p2b: Aerodactyl\n|-supereffective|p2b: Aerodactyl|1\n|-damage|p2b: Aerodactyl|50/100\n|-status|p2b: Aerodactyl|par\n|move|p2b: Aerodactyl|Earthquake|p1b: Kole|[spread] p1a,p1b\n|-activate|p2a: Empoleon|move: Protect\n|-supereffective|p1b: Kole|1\n|-damage|p1a: Da Guru|0 fnt\n|-damage|p1b: Kole|65/100\n|faint|p1a: Da Guru\n|\n|-weather|SunnyDay|[upkeep]\n|upkeep\n|\n|t:|1776035911\n|switch|p1a: Da King|Kingambit, L50, M|100/100\n|turn|5\n|\n|t:|1776035918\n|move|p1b: Kole|Solar Beam||[still]\n|-prepare|p1b: Kole|Solar Beam\n|-anim|p1b: Kole|Solar Beam|p2a: Empoleon\n|-damage|p2a: Empoleon|0 fnt\n|faint|p2a: Empoleon\n|move|p1a: Da King|Iron Head|p2b: Aerodactyl\n|-supereffective|p2b: Aerodactyl|1\n|-damage|p2b: Aerodactyl|0 fnt\n|faint|p2b: Aerodactyl\n|\n|win|fooner\n|raw|fooner's rating: 1217 &rarr; <strong>1236</strong><br />(+19 for winning)\n|raw|LordoftheGarbodors's rating: 1127 &rarr; <strong>1108</strong><br />(-19 for losing)\n|l|\u2606LordoftheGarbodors\n|player|p2|\n",
  "uploadtime": 1776036041,
  "views": 41,
  "formatid": "gen9championsvgc2026regma",
  "rating": 1108,
  "private": 0,
  "password": null
}