{
  "id": "gen9championsvgc2026regma-2585377251",
  "format": "[Gen 9 Champions] VGC 2026 Reg M-A",
  "players": [
    "Law_NBD",
    "snsnsnsnsnsnsn"
  ],
  "log": "|j|\u2606Law_NBD\n|j|\u2606snsnsnsnsnsnsn\n|t:|1776342676\n|gametype|doubles\n|player|p1|Law_NBD|170|1051\n|player|p2|snsnsnsnsnsnsn|hiker-gen4|1045\n|gen|9\n|tier|[Gen 9 Champions] VGC 2026 Reg M-A\n|rated|\n|rule|Species Clause: Limit one of each Pok\u00e9mon\n|rule|Item Clause: Limit 1 of each item\n|clearpoke\n|poke|p1|Scovillain, L50, M|\n|poke|p1|Milotic, L50, F|\n|poke|p1|Espathra, L50, F|\n|poke|p1|Sinistcha, L50|\n|poke|p1|Incineroar, L50, F|\n|poke|p1|Audino, L50, M|\n|poke|p2|Skarmory, L50, M|\n|poke|p2|Alcremie, L50, F|\n|poke|p2|Araquanid, L50, F|\n|poke|p2|Pelipper, L50, M|\n|poke|p2|Archaludon, L50, F|\n|poke|p2|Basculegion, L50, M|\n|teampreview|4\n|inactive|Battle timer is ON: inactive players will automatically lose when time's up. (requested by snsnsnsnsnsnsn)\nsnsnsnsnsnsnsn has agreed to open team sheets.\n|inactive|snsnsnsnsnsnsn has 60 seconds left.\n|l|\u2606snsnsnsnsnsnsn\n|inactive|snsnsnsnsnsnsn disconnected and has a minute to reconnect!\n|player|p2|\n|inactive|snsnsnsnsnsnsn has 30 seconds left.\n|inactive|snsnsnsnsnsnsn has 20 seconds left.\n|inactive|snsnsnsnsnsnsn has 15 seconds left.\n|inactive|snsnsnsnsnsnsn has 10 seconds left.\n|j|\u2606snsnsnsnsnsnsn\n|inactive|snsnsnsnsnsnsn reconnected and has 10 seconds left.\n|player|p2|snsnsnsnsnsnsn|hiker-gen4|\n|inactive|snsnsnsnsnsnsn has 5 seconds left.\n|\n|t:|1776342767\n|teamsize|p1|4\n|teamsize|p2|4\n|start\n|switch|p1a: Incineroar|Incineroar, L50, F|100/100\n|switch|p1b: Espathra|Espathra, L50, F|100/100\n|switch|p2a: Skarmory|Skarmory, L50, M, shiny|100/100\n|switch|p2b: Alcremie|Alcremie, L50, F|100/100\n|-ability|p1a: Incineroar|Intimidate|boost\n|-unboost|p2a: Skarmory|atk|1\n|-unboost|p2b: Alcremie|atk|1\n|turn|1\n|inactive|snsnsnsnsnsnsn has 30 seconds left.\n|inactive|snsnsnsnsnsnsn has 20 seconds left.\n|\n|t:|1776342805\n|detailschange|p2a: Skarmory|Skarmory-Mega, L50, M, shiny\n|-mega|p2a: Skarmory|Skarmory|Skarmorite\n|move|p1a: Incineroar|Fake Out|p2a: Skarmory\n|-resisted|p2a: Skarmory|1\n|-damage|p2a: Skarmory|93/100\n|cant|p2a: Skarmory|flinch\n|move|p1b: Espathra|Calm Mind|p1b: Espathra\n|-boost|p1b: Espathra|spa|1\n|-boost|p1b: Espathra|spd|1\n|move|p2b: Alcremie|Decorate|p2a: Skarmory\n|-boost|p2a: Skarmory|atk|2\n|-boost|p2a: Skarmory|spa|2\n|\n|-ability|p1b: Espathra|Speed Boost|boost\n|-boost|p1b: Espathra|spe|1\n|upkeep\n|turn|2\n|inactive|snsnsnsnsnsnsn has 30 seconds left.\n|-activate|p2b: Alcremie|item: Quick Claw\n|\n|t:|1776342832\n|move|p1b: Espathra|Protect|p1b: Espathra\n|-singleturn|p1b: Espathra|Protect\n|move|p2b: Alcremie|Alluring Voice|p1a: Incineroar\n|-crit|p1a: Incineroar\n|-damage|p1a: Incineroar|50/100\n|-enditem|p1a: Incineroar|Sitrus Berry|[eat]\n|-heal|p1a: Incineroar|74/100|[from] item: Sitrus Berry\n|move|p2a: Skarmory|Brave Bird|p1b: Espathra\n|-activate|p1b: Espathra|move: Protect\n|move|p1a: Incineroar|Parting Shot|p2a: Skarmory\n|-unboost|p2a: Skarmory|atk|1\n|-unboost|p2a: Skarmory|spa|1\n|\n|t:|1776342847\n|switch|p1a: Audino|Audino, L50, M|100/100|[from] Parting Shot\n|\n|-ability|p1b: Espathra|Speed Boost|boost\n|-boost|p1b: Espathra|spe|1\n|upkeep\n|turn|3\n|\n|t:|1776342856\n|switch|p1a: Incineroar|Incineroar, L50, F|74/100\n|-ability|p1a: Incineroar|Intimidate|boost\n|-unboost|p2a: Skarmory|atk|1\n|-unboost|p2b: Alcremie|atk|1\n|move|p1b: Espathra|Calm Mind|p1b: Espathra\n|-boost|p1b: Espathra|spa|1\n|-boost|p1b: Espathra|spd|1\n|move|p2a: Skarmory|Brave Bird|p1b: Espathra\n|-damage|p1b: Espathra|44/100\n|-damage|p2a: Skarmory|66/100|[from] Recoil\n|move|p2b: Alcremie|Decorate|p2a: Skarmory\n|-boost|p2a: Skarmory|atk|2\n|-boost|p2a: Skarmory|spa|2\n|\n|-ability|p1b: Espathra|Speed Boost|boost\n|-boost|p1b: Espathra|spe|1\n|upkeep\n|turn|4\n|\n|t:|1776342878\n|move|p1a: Incineroar|Fake Out|p2a: Skarmory\n|-resisted|p2a: Skarmory|1\n|-damage|p2a: Skarmory|58/100\n|move|p1b: Espathra|Baton Pass|p1b: Espathra\n|\n|t:|1776342883\n|switch|p1b: Sinistcha|Sinistcha, L50|100/100|[from] Baton Pass\n|cant|p2a: Skarmory|flinch\n|move|p2b: Alcremie|Alluring Voice|p1b: Sinistcha\n|-damage|p1b: Sinistcha|76/100\n|\n|upkeep\n|turn|5\n|\n|t:|1776342901\n|move|p1b: Sinistcha|Matcha Gotcha|p2a: Skarmory|[spread] p2a,p2b\n|-resisted|p2a: Skarmory|2\n|-damage|p2a: Skarmory|38/100\n|-heal|p1b: Sinistcha|84/100|[from] drain|[of] p2a: Skarmory\n|-damage|p2b: Alcremie|24/100\n|-heal|p1b: Sinistcha|100/100|[from] drain|[of] p2b: Alcremie\n|move|p2a: Skarmory|Brave Bird|p1b: Sinistcha\n|-supereffective|p1b: Sinistcha|1\n|-enditem|p1b: Sinistcha|Focus Sash\n|-damage|p1b: Sinistcha|1/100\n|-damage|p2a: Skarmory|0 fnt|[from] Recoil\n|faint|p2a: Skarmory\n|move|p2b: Alcremie|Alluring Voice|p1a: Incineroar\n|-damage|p1a: Incineroar|35/100\n|move|p1a: Incineroar|Parting Shot|p2b: Alcremie\n|-unboost|p2b: Alcremie|atk|1\n|-unboost|p2b: Alcremie|spa|1\n|\n|t:|1776342920\n|switch|p1a: Audino|Audino, L50, M|100/100|[from] Parting Shot\n|\n|upkeep\n|\n|t:|1776342927\n|switch|p2a: Pelipper|Pelipper, L50, M|100/100\n|-weather|RainDance|[from] ability: Drizzle|[of] p2a: Pelipper\n|turn|6\n|inactive|snsnsnsnsnsnsn has 30 seconds left.\n|inactive|snsnsnsnsnsnsn has 20 seconds left.\n|inactive|snsnsnsnsnsnsn has 15 seconds left.\n|\n|t:|1776342971\n|detailschange|p1a: Audino|Audino-Mega, L50, M\n|-mega|p1a: Audino|Audino|Audinite\n|move|p1b: Sinistcha|Matcha Gotcha|p2a: Pelipper|[spread] p2a,p2b\n|-enditem|p2a: Pelipper|Focus Sash\n|-damage|p2a: Pelipper|1/100\n|-heal|p1b: Sinistcha|42/100|[from] drain|[of] p2a: Pelipper\n|-damage|p2b: Alcremie|0 fnt\n|-heal|p1b: Sinistcha|52/100|[from] drain|[of] p2b: Alcremie\n|faint|p2b: Alcremie\n|move|p2a: Pelipper|Hurricane|p1a: Audino\n|-damage|p1a: Audino|75/100\n|move|p1a: Audino|Heal Pulse|p1b: Sinistcha\n|-heal|p1b: Sinistcha|100/100\n|\n|-weather|RainDance|[upkeep]\n|upkeep\n|\n|t:|1776342987\n|switch|p2b: Araquanid|Araquanid, L50, F|100/100\n|turn|7\n|\n|t:|1776342999\n|move|p1b: Sinistcha|Matcha Gotcha|p2b: Araquanid|[spread] p2a,p2b\n|-damage|p2a: Pelipper|0 fnt\n|-damage|p2b: Araquanid|45/100\n|faint|p2a: Pelipper\n|move|p2b: Araquanid|Liquidation|p1a: Audino\n|-damage|p1a: Audino|26/100\n|move|p1a: Audino|Life Dew||[still]|[spread] p1a,p1b\n|-heal|p1a: Audino|51/100\n|-fail|p1b: Sinistcha|heal\n|\n|-weather|RainDance|[upkeep]\n|upkeep\n|turn|8\n|-message|snsnsnsnsnsnsn forfeited.\n|\n|win|Law_NBD\n|raw|Law_NBD's rating: 1051 &rarr; <strong>1083</strong><br />(+32 for winning)\n|raw|snsnsnsnsnsnsn's rating: 1045 &rarr; <strong>1029</strong><br />(-16 for losing)\n",
  "uploadtime": 1776343015,
  "views": 28,
  "formatid": "gen9championsvgc2026regma",
  "rating": 1029,
  "private": 0,
  "password": null
}