{
  "id": "gen9championsvgc2026regma-2584169651",
  "format": "[Gen 9 Champions] VGC 2026 Reg M-A",
  "players": [
    "Jinxed_lll",
    "ironman3168"
  ],
  "log": "|j|\u2606Jinxed_lll\n|j|\u2606ironman3168\n|t:|1776233658\n|gametype|doubles\n|player|p1|Jinxed_lll|elesa|1043\n|player|p2|ironman3168|ash|1125\n|gen|9\n|tier|[Gen 9 Champions] VGC 2026 Reg M-A\n|rated|\n|rule|Species Clause: Limit one of each Pok\u00e9mon\n|rule|Item Clause: Limit 1 of each item\n|clearpoke\n|poke|p1|Excadrill, L50, F|\n|poke|p1|Tyranitar, L50, F|\n|poke|p1|Gyarados, L50, F|\n|poke|p1|Sinistcha, L50|\n|poke|p1|Incineroar, L50, F|\n|poke|p1|Garchomp, L50, F|\n|poke|p2|Charizard, L50, F|\n|poke|p2|Venusaur, L50, M|\n|poke|p2|Milotic, L50, M|\n|poke|p2|Archaludon, L50, F|\n|poke|p2|Whimsicott, L50, M|\n|poke|p2|Sneasler, L50, M|\n|teampreview|4\n|inactive|Battle timer is ON: inactive players will automatically lose when time's up. (requested by Jinxed_lll)\n|\n|t:|1776233728\n|teamsize|p1|4\n|teamsize|p2|4\n|start\n|switch|p1a: Kamina|Tyranitar, L50, F, shiny|100/100\n|switch|p1b: Furry Bait|Incineroar, L50, F, shiny|100/100\n|switch|p2a: Charizard|Charizard, L50, F, shiny|100/100\n|switch|p2b: Whimsicott|Whimsicott, L50, M|100/100\n|-weather|Sandstorm|[from] ability: Sand Stream|[of] p1a: Kamina\n|-ability|p1b: Furry Bait|Intimidate|boost\n|-unboost|p2a: Charizard|atk|1\n|-unboost|p2b: Whimsicott|atk|1\n|turn|1\n|\n|t:|1776233749\n|switch|p2b: Milotic|Milotic, L50, M|100/100\n|switch|p2a: Archaludon|Archaludon, L50, F|100/100\n|detailschange|p1a: Kamina|Tyranitar-Mega, L50, F, shiny\n|-mega|p1a: Kamina|Tyranitar|Tyranitarite\n|move|p1b: Furry Bait|Fake Out|p2b: Milotic\n|-damage|p2b: Milotic|89/100\n|move|p1a: Kamina|Rock Slide|p2b: Milotic|[spread] p2a,p2b\n|-resisted|p2a: Archaludon|1\n|-damage|p2a: Archaludon|87/100\n|-damage|p2b: Milotic|53/100\n|-ability|p2a: Archaludon|Stamina|boost\n|-boost|p2a: Archaludon|def|1\n|\n|-weather|Sandstorm|[upkeep]\n|-damage|p2b: Milotic|48/100|[from] Sandstorm\n|-damage|p1b: Furry Bait|95/100|[from] Sandstorm\n|-heal|p2b: Milotic|53/100|[from] item: Leftovers\n|upkeep\n|turn|2\n|inactive|ironman3168 has 30 seconds left.\n|\n|t:|1776233781\n|move|p2a: Archaludon|Aura Sphere|p1a: Kamina\n|-supereffective|p1a: Kamina|2\n|-damage|p1a: Kamina|52/100\n|move|p2b: Milotic|Life Dew|p2b: Milotic|[spread] p2a,p2b\n|-heal|p2a: Archaludon|100/100\n|-heal|p2b: Milotic|79/100\n|move|p1a: Kamina|Foul Play|p2a: Archaludon\n|-damage|p2a: Archaludon|82/100\n|-ability|p2a: Archaludon|Stamina|boost\n|-boost|p2a: Archaludon|def|1\n|move|p1b: Furry Bait|Darkest Lariat|p2a: Archaludon\n|-damage|p2a: Archaludon|54/100\n|-ability|p2a: Archaludon|Stamina|boost\n|-boost|p2a: Archaludon|def|1\n|\n|-weather|Sandstorm|[upkeep]\n|-damage|p2b: Milotic|73/100|[from] Sandstorm\n|-damage|p1b: Furry Bait|89/100|[from] Sandstorm\n|-heal|p2b: Milotic|79/100|[from] item: Leftovers\n|upkeep\n|turn|3\n|inactive|Jinxed_lll has 30 seconds left.\n|\n|t:|1776233810\n|switch|p1b: Matcha|Sinistcha, L50|100/100\n|-heal|p1a: Kamina|77/100|[from] ability: Hospitality|[of] p1b: Matcha\n|move|p2a: Archaludon|Aura Sphere|p1a: Kamina\n|-supereffective|p1a: Kamina|2\n|-damage|p1a: Kamina|27/100\n|move|p2b: Milotic|Life Dew|p2b: Milotic|[spread] p2a,p2b\n|-heal|p2a: Archaludon|79/100\n|-heal|p2b: Milotic|100/100\n|move|p1a: Kamina|Foul Play|p2a: Archaludon\n|-damage|p2a: Archaludon|68/100\n|-ability|p2a: Archaludon|Stamina|boost\n|-boost|p2a: Archaludon|def|1\n|\n|-weather|Sandstorm|[upkeep]\n|-damage|p2b: Milotic|95/100|[from] Sandstorm\n|-damage|p1b: Matcha|94/100|[from] Sandstorm\n|-heal|p2b: Milotic|100/100|[from] item: Leftovers\n|upkeep\n|turn|4\n|\n|t:|1776233828\n|switch|p2b: Whimsicott|Whimsicott, L50, M|100/100\n|move|p1a: Kamina|Protect|p1a: Kamina\n|-singleturn|p1a: Kamina|Protect\n|move|p2a: Archaludon|Aura Sphere|p1a: Kamina\n|-activate|p1a: Kamina|move: Protect\n|move|p1b: Matcha|Matcha Gotcha|p2b: Whimsicott|[spread] p2a,p2b\n|-resisted|p2a: Archaludon|2\n|-resisted|p2b: Whimsicott|1\n|-damage|p2a: Archaludon|57/100\n|-heal|p1b: Matcha|99/100|[from] drain|[of] p2a: Archaludon\n|-damage|p2b: Whimsicott|76/100\n|-heal|p1b: Matcha|100/100|[from] drain|[of] p2b: Whimsicott\n|-ability|p2a: Archaludon|Stamina|boost\n|-boost|p2a: Archaludon|def|1\n|\n|-weather|Sandstorm|[upkeep]\n|-damage|p2b: Whimsicott|71/100|[from] Sandstorm\n|-damage|p1b: Matcha|94/100|[from] Sandstorm\n|upkeep\n|turn|5\n|\n|t:|1776233850\n|move|p2a: Archaludon|Aura Sphere|p1a: Kamina\n|-supereffective|p1a: Kamina|2\n|-damage|p1a: Kamina|0 fnt\n|faint|p1a: Kamina\n|move|p2b: Whimsicott|Moonblast|p1b: Matcha\n|-damage|p1b: Matcha|49/100\n|move|p1b: Matcha|Shadow Ball|p2a: Archaludon\n|-damage|p2a: Archaludon|0 fnt\n|faint|p2a: Archaludon\n|\n|-weather|none\n|upkeep\n|\n|t:|1776233866\n|switch|p2a: Milotic|Milotic, L50, M|100/100\n|switch|p1a: Furry Bait|Incineroar, L50, F, shiny|89/100\n|-ability|p1a: Furry Bait|Intimidate|boost\n|-unboost|p2a: Milotic|atk|1\n|-ability|p2a: Milotic|Competitive|boost\n|-boost|p2a: Milotic|spa|2\n|-unboost|p2b: Whimsicott|atk|1\n|turn|6\n|\n|t:|1776233883\n|move|p2b: Whimsicott|Moonblast|p1b: Matcha\n|-damage|p1b: Matcha|2/100\n|move|p2a: Milotic|Scald|p1a: Furry Bait\n|-supereffective|p1a: Furry Bait|1\n|-damage|p1a: Furry Bait|0 fnt\n|faint|p1a: Furry Bait\n|move|p1b: Matcha|Matcha Gotcha|p2b: Whimsicott|[spread] p2a,p2b\n|-supereffective|p2a: Milotic|1\n|-resisted|p2b: Whimsicott|1\n|-damage|p2a: Milotic|71/100\n|-heal|p1b: Matcha|20/100|[from] drain|[of] p2a: Milotic\n|-damage|p2b: Whimsicott|46/100\n|-heal|p1b: Matcha|31/100|[from] drain|[of] p2b: Whimsicott\n|\n|-heal|p2a: Milotic|77/100|[from] item: Leftovers\n|upkeep\n|\n|t:|1776233896\n|switch|p1a: Land Shark|Garchomp, L50, F, shiny|100/100\n|turn|7\n|inactive|ironman3168 has 30 seconds left.\n|\n|t:|1776233922\n|move|p1a: Land Shark|Protect|p1a: Land Shark\n|-singleturn|p1a: Land Shark|Protect\n|move|p2b: Whimsicott|Moonblast|p1a: Land Shark\n|-activate|p1a: Land Shark|move: Protect\n|move|p2a: Milotic|Icy Wind|p1a: Land Shark|[spread] p1b\n|-activate|p1a: Land Shark|move: Protect\n|-supereffective|p1b: Matcha|1\n|-damage|p1b: Matcha|0 fnt\n|faint|p1b: Matcha\n|\n|-heal|p2a: Milotic|83/100|[from] item: Leftovers\n|upkeep\n|turn|8\n|inactive|Jinxed_lll has 30 seconds left.\n|\n|t:|1776233948\n|move|p2b: Whimsicott|Moonblast|p1a: Land Shark\n|-supereffective|p1a: Land Shark|1\n|-damage|p1a: Land Shark|22/100\n|move|p1a: Land Shark|Earthquake|p2a: Milotic|[spread] p2a,p2b\n|-resisted|p2b: Whimsicott|1\n|-damage|p2a: Milotic|41/100\n|-damage|p2b: Whimsicott|18/100\n|move|p2a: Milotic|Icy Wind|p1a: Land Shark\n|-supereffective|p1a: Land Shark|2\n|-damage|p1a: Land Shark|0 fnt\n|faint|p1a: Land Shark\n|\n|win|ironman3168\n|raw|Jinxed_lll's rating: 1043 &rarr; <strong>1030</strong><br />(-13 for losing)\n|raw|ironman3168's rating: 1125 &rarr; <strong>1144</strong><br />(+19 for winning)\n|l|\u2606Jinxed_lll\n|player|p1|\n",
  "uploadtime": 1776233959,
  "views": 17,
  "formatid": "gen9championsvgc2026regma",
  "rating": 1030,
  "private": 0,
  "password": null
}