{
  "id": "gen9championsvgc2026regma-2588778431",
  "format": "[Gen 9 Champions] VGC 2026 Reg M-A",
  "players": [
    "Tito_1790",
    "MrTestingPith"
  ],
  "log": "|j|\u2606Tito_1790\n|j|\u2606MrTestingPith\n|t:|1776669616\n|gametype|doubles\n|player|p1|Tito_1790|102|1406\n|player|p2|MrTestingPith|1|1465\n|gen|9\n|tier|[Gen 9 Champions] VGC 2026 Reg M-A\n|rated|\n|rule|Species Clause: Limit one of each Pok\u00e9mon\n|rule|Item Clause: Limit 1 of each item\n|clearpoke\n|poke|p1|Floette-Eternal, L50, F|\n|poke|p1|Kingambit, L50, M|\n|poke|p1|Sneasler, L50, M|\n|poke|p1|Garchomp, L50, F|\n|poke|p1|Basculegion, L50, M|\n|poke|p1|Froslass, L50, F|\n|poke|p2|Tsareena, L50, F|\n|poke|p2|Snorlax, L50, F|\n|poke|p2|Basculegion, L50, M|\n|poke|p2|Froslass, L50, F|\n|poke|p2|Dragonite, L50, F|\n|poke|p2|Aerodactyl, L50, F|\n|teampreview|4\n|inactive|Battle timer is ON: inactive players will automatically lose when time's up. (requested by MrTestingPith)\n|inactive|Tito_1790 also wants the timer to be on.\n|\n|t:|1776669645\n|teamsize|p1|4\n|teamsize|p2|4\n|start\n|switch|p1a: Sneasler|Sneasler, L50, M|100/100\n|switch|p1b: Basculegion|Basculegion, L50, M|100/100\n|switch|p2a: Aerodactyl|Aerodactyl, L50, F|100/100\n|switch|p2b: Basculegion|Basculegion, L50, M|100/100\n|-ability|p2a: Aerodactyl|Unnerve\n|turn|1\n|inactive|Tito_1790 has 30 seconds left.\n|inactive|Tito_1790 has 20 seconds left.\n|inactive|Tito_1790 has 15 seconds left.\n|inactive|Tito_1790 has 10 seconds left.\n|inactive|Tito_1790 has 5 seconds left.\n|\n|t:|1776669698\n|move|p2a: Aerodactyl|Protect|p2a: Aerodactyl\n|-singleturn|p2a: Aerodactyl|Protect\n|move|p1b: Basculegion|Aqua Jet|p2a: Aerodactyl\n|-activate|p2a: Aerodactyl|move: Protect\n|move|p2b: Basculegion|Flip Turn|p1a: Sneasler\n|-damage|p1a: Sneasler|33/100\n|\n|t:|1776669717\n|switch|p2b: Froslass|Froslass, L50, F|100/100|[from] Flip Turn\n|move|p1a: Sneasler|Close Combat|p2a: Aerodactyl\n|-activate|p2a: Aerodactyl|move: Protect\n|\n|upkeep\n|turn|2\n|inactive|Tito_1790 has 30 seconds left.\n|inactive|MrTestingPith has 30 seconds left.\n|inactive|Tito_1790 has 20 seconds left.\n|\n|t:|1776669755\n|switch|p1a: Kingambit|Kingambit, L50, M|100/100\n|detailschange|p2b: Froslass|Froslass-Mega, L50, F\n|-mega|p2b: Froslass|Froslass|Froslassite\n|-weather|Snowscape|[from] ability: Snow Warning|[of] p2b: Froslass\n|move|p2a: Aerodactyl|Tailwind|p2a: Aerodactyl\n|-sidestart|p2: MrTestingPith|move: Tailwind\n|move|p2b: Froslass|Shadow Ball|p1b: Basculegion\n|-supereffective|p1b: Basculegion|1\n|-damage|p1b: Basculegion|8/100\n|-unboost|p1b: Basculegion|spd|1\n|move|p1b: Basculegion|Wave Crash|p2a: Aerodactyl\n|-supereffective|p2a: Aerodactyl|1\n|-enditem|p2a: Aerodactyl|Focus Sash\n|-damage|p2a: Aerodactyl|1/100\n|-damage|p1b: Basculegion|0 fnt|[from] Recoil\n|faint|p1b: Basculegion\n|\n|-weather|Snowscape|[upkeep]\n|upkeep\n|\n|t:|1776669779\n|switch|p1b: Garchomp|Garchomp, L50, F|100/100\n|turn|3\n|\n|t:|1776669797\n|switch|p2a: Basculegion|Basculegion, L50, M|100/100\n|move|p1a: Kingambit|Sucker Punch||[still]\n|-fail|p1a: Kingambit\n|move|p2b: Froslass|Aurora Veil|p2b: Froslass\n|-sidestart|p2: MrTestingPith|move: Aurora Veil\n|move|p1b: Garchomp|Rock Slide|p2b: Froslass|[spread] p2a,p2b\n|-supereffective|p2b: Froslass|1\n|-damage|p2a: Basculegion|84/100\n|-damage|p2b: Froslass|75/100\n|\n|-weather|Snowscape|[upkeep]\n|upkeep\n|turn|4\n|\n|t:|1776669815\n|switch|p2a: Tsareena|Tsareena, L50, F|100/100\n|move|p1b: Garchomp|Protect|p1b: Garchomp\n|-singleturn|p1b: Garchomp|Protect\n|move|p2b: Froslass|Blizzard|p1b: Garchomp|[spread] p1a\n|-activate|p1b: Garchomp|move: Protect\n|-resisted|p1a: Kingambit|1\n|-damage|p1a: Kingambit|77/100\n|move|p1a: Kingambit|Kowtow Cleave|p2b: Froslass\n|-supereffective|p2b: Froslass|1\n|-damage|p2b: Froslass|7/100\n|\n|-weather|Snowscape|[upkeep]\n|upkeep\n|turn|5\n|inactive|Tito_1790 has 30 seconds left.\n|inactive|Tito_1790 has 20 seconds left.\n|\n|t:|1776669855\n|switch|p1b: Sneasler|Sneasler, L50, M|33/100\n|move|p1a: Kingambit|Protect|p1a: Kingambit\n|-singleturn|p1a: Kingambit|Protect\n|move|p2b: Froslass|Blizzard|p1b: Sneasler|[spread] p1b\n|-activate|p1a: Kingambit|move: Protect\n|-damage|p1b: Sneasler|0 fnt\n|faint|p1b: Sneasler\n|move|p2a: Tsareena|Low Kick|p1a: Kingambit\n|-activate|p1a: Kingambit|move: Protect\n|\n|-weather|Snowscape|[upkeep]\n|-sideend|p2: MrTestingPith|move: Tailwind\n|upkeep\n|\n|t:|1776669870\n|switch|p1b: Garchomp|Garchomp, L50, F|100/100\n|turn|6\n|\n|t:|1776669888\n|move|p2b: Froslass|Blizzard|p1a: Kingambit|[spread] p1a,p1b\n|-resisted|p1a: Kingambit|1\n|-supereffective|p1b: Garchomp|2\n|-damage|p1a: Kingambit|56/100\n|-damage|p1b: Garchomp|0 fnt\n|faint|p1b: Garchomp\n|move|p2a: Tsareena|Low Kick|p1a: Kingambit\n|-supereffective|p1a: Kingambit|2\n|-enditem|p1a: Kingambit|Chople Berry|[eat]\n|-enditem|p1a: Kingambit|Chople Berry|[weaken]\n|-damage|p1a: Kingambit|0 fnt\n|faint|p1a: Kingambit\n|\n|win|MrTestingPith\n|raw|Tito_1790's rating: 1406 &rarr; <strong>1389</strong><br />(-17 for losing)\n|raw|MrTestingPith's rating: 1465 &rarr; <strong>1482</strong><br />(+17 for winning)\n|l|\u2606Tito_1790\n|player|p1|\n",
  "uploadtime": 1776669901,
  "views": 14,
  "formatid": "gen9championsvgc2026regma",
  "rating": 1389,
  "private": 0,
  "password": null
}