{
  "id": "gen9championsvgc2026regma-2588439219",
  "format": "[Gen 9 Champions] VGC 2026 Reg M-A",
  "players": [
    "thevespa2000",
    "Kalaphant"
  ],
  "log": "|j|\u2606thevespa2000\n|j|\u2606Kalaphant\n|t:|1776633633\n|gametype|doubles\n|player|p1|thevespa2000|266|1086\n|player|p2|Kalaphant|170|1086\n|gen|9\n|tier|[Gen 9 Champions] VGC 2026 Reg M-A\n|rated|\n|rule|Species Clause: Limit one of each Pok\u00e9mon\n|rule|Item Clause: Limit 1 of each item\n|clearpoke\n|poke|p1|Golurk, L50|\n|poke|p1|Farigiraf, L50, M|\n|poke|p1|Incineroar, L50, M|\n|poke|p1|Torkoal, L50, F|\n|poke|p1|Sneasler, L50, F|\n|poke|p1|Venusaur, L50, F|\n|poke|p2|Gengar, L50, F|\n|poke|p2|Incineroar, L50, M|\n|poke|p2|Charizard, L50, M|\n|poke|p2|Sneasler, L50, F|\n|poke|p2|Sinistcha, L50|\n|poke|p2|Milotic, L50, F|\n|teampreview|4\n|inactive|Battle timer is ON: inactive players will automatically lose when time's up. (requested by Kalaphant)\nKalaphant has agreed to open team sheets.\n|c|\u2606Kalaphant|glhf\n|inactive|Kalaphant has 60 seconds left.\n|inactive|Kalaphant has 30 seconds left.\n|\n|t:|1776633696\n|teamsize|p1|4\n|teamsize|p2|4\n|start\n|switch|p1a: Farigiraf|Farigiraf, L50, M|100/100\n|switch|p1b: Incineroar|Incineroar, L50, M|100/100\n|switch|p2a: Charizard|Charizard, L50, M|100/100\n|switch|p2b: Milotic|Milotic, L50, F|100/100\n|-ability|p1b: Incineroar|Intimidate|boost\n|-unboost|p2a: Charizard|atk|1\n|-unboost|p2b: Milotic|atk|1\n|-ability|p2b: Milotic|Competitive|boost\n|-boost|p2b: Milotic|spa|2\n|turn|1\n|inactive|Kalaphant has 30 seconds left.\n|\n|t:|1776633727\n|detailschange|p2a: Charizard|Charizard-Mega-Y, L50, M\n|-mega|p2a: Charizard|Charizard|Charizardite Y\n|-weather|SunnyDay|[from] ability: Drought|[of] p2a: Charizard\n|move|p1b: Incineroar|Fake Out|p2b: Milotic\n|-damage|p2b: Milotic|89/100\n|move|p2a: Charizard|Weather Ball|p1a: Farigiraf\n|-damage|p1a: Farigiraf|20/100\n|-enditem|p1a: Farigiraf|Sitrus Berry|[eat]\n|-heal|p1a: Farigiraf|44/100|[from] item: Sitrus Berry\n|cant|p2b: Milotic|flinch\n|move|p1a: Farigiraf|Trick Room|p1a: Farigiraf\n|-fieldstart|move: Trick Room|[of] p1a: Farigiraf\n|\n|-weather|SunnyDay|[upkeep]\n|-heal|p2b: Milotic|95/100|[from] item: Leftovers\n|upkeep\n|turn|2\n|inactive|thevespa2000 has 30 seconds left.\n|inactive|Kalaphant has 30 seconds left.\n|\n|t:|1776633759\n|switch|p2b: Incineroar|Incineroar, L50, M|100/100\n|-ability|p2b: Incineroar|Intimidate|boost\n|-unboost|p1a: Farigiraf|atk|1\n|-unboost|p1b: Incineroar|atk|1\n|move|p1a: Farigiraf|Hyper Voice|p2a: Charizard|[spread] p2a,p2b\n|-damage|p2a: Charizard|70/100\n|-damage|p2b: Incineroar|79/100\n|move|p1b: Incineroar|Throat Chop|p2a: Charizard\n|-damage|p2a: Charizard|43/100\n|-start|p2a: Charizard|Throat Chop|[silent]\n|move|p2a: Charizard|Heat Wave|p1b: Incineroar|[spread] p1b\n|-miss|p2a: Charizard|p1a: Farigiraf\n|-resisted|p1b: Incineroar|1\n|-damage|p1b: Incineroar|72/100\n|\n|-weather|SunnyDay|[upkeep]\n|upkeep\n|turn|3\n|inactive|Kalaphant has 30 seconds left.\n|\n|t:|1776633789\n|move|p1a: Farigiraf|Psychic|p2a: Charizard\n|-damage|p2a: Charizard|8/100\n|move|p2b: Incineroar|Throat Chop|p1a: Farigiraf\n|-supereffective|p1a: Farigiraf|1\n|-damage|p1a: Farigiraf|0 fnt\n|faint|p1a: Farigiraf\n|move|p1b: Incineroar|Parting Shot|p2b: Incineroar\n|-unboost|p2b: Incineroar|atk|1\n|-unboost|p2b: Incineroar|spa|1\n|\n|t:|1776633802\n|switch|p1b: Torkoal|Torkoal, L50, F|100/100|[from] Parting Shot\n|move|p2a: Charizard|Solar Beam||[still]\n|-prepare|p2a: Charizard|Solar Beam\n|-anim|p2a: Charizard|Solar Beam|p1b: Torkoal\n|-resisted|p1b: Torkoal|1\n|-damage|p1b: Torkoal|69/100\n|\n|-weather|SunnyDay|[upkeep]\n|-end|p2a: Charizard|Throat Chop|[silent]\n|upkeep\n|\n|t:|1776633811\n|switch|p1a: Golurk|Golurk, L50|100/100\n|turn|4\n|inactive|Kalaphant has 30 seconds left.\n|\n|t:|1776633845\n|switch|p2a: Sneasler|Sneasler, L50, F|100/100\n|detailschange|p1a: Golurk|Golurk-Mega, L50\n|-mega|p1a: Golurk|Golurk|Golurkite\n|move|p1b: Torkoal|Eruption|p2a: Sneasler|[spread] p2a,p2b\n|-resisted|p2b: Incineroar|1\n|-damage|p2a: Sneasler|18/100\n|-damage|p2b: Incineroar|55/100\n|move|p1a: Golurk|Headlong Rush|p2b: Incineroar\n|-supereffective|p2b: Incineroar|1\n|-damage|p2b: Incineroar|0 fnt\n|-unboost|p1a: Golurk|def|1\n|-unboost|p1a: Golurk|spd|1\n|faint|p2b: Incineroar\n|\n|-weather|SunnyDay|[upkeep]\n|upkeep\n|\n|t:|1776633860\n|switch|p2b: Charizard|Charizard-Mega-Y, L50, M|8/100\n|turn|5\n|\n|t:|1776633873\n|switch|p2b: Milotic|Milotic, L50, F|95/100\n|move|p2a: Sneasler|Fake Out|p1b: Torkoal\n|-damage|p1b: Torkoal|56/100\n|cant|p1b: Torkoal|flinch\n|move|p1a: Golurk|Headlong Rush|p2a: Sneasler\n|-supereffective|p2a: Sneasler|1\n|-crit|p2a: Sneasler\n|-damage|p2a: Sneasler|0 fnt\n|-unboost|p1a: Golurk|def|1\n|-unboost|p1a: Golurk|spd|1\n|faint|p2a: Sneasler\n|\n|-weather|none\n|-heal|p2b: Milotic|100/100|[from] item: Leftovers\n|-fieldend|move: Trick Room\n|upkeep\n|\n|t:|1776633889\n|switch|p2a: Charizard|Charizard-Mega-Y, L50, M|8/100\n|-weather|SunnyDay|[from] ability: Drought|[of] p2a: Charizard\n|turn|6\n|\n|t:|1776633907\n|move|p1a: Golurk|Protect|p1a: Golurk\n|-singleturn|p1a: Golurk|Protect\n|move|p2a: Charizard|Solar Beam||[still]\n|-prepare|p2a: Charizard|Solar Beam\n|-anim|p2a: Charizard|Solar Beam|p1a: Golurk\n|-activate|p1a: Golurk|move: Protect\n|move|p2b: Milotic|Icy Wind|p1b: Torkoal|[spread] p1b\n|-activate|p1a: Golurk|move: Protect\n|-resisted|p1b: Torkoal|1\n|-damage|p1b: Torkoal|48/100\n|-unboost|p1b: Torkoal|spe|1\n|move|p1b: Torkoal|Heat Wave|p2a: Charizard|[spread] p2b\n|-miss|p1b: Torkoal|p2a: Charizard\n|-resisted|p2b: Milotic|1\n|-damage|p2b: Milotic|79/100\n|\n|-weather|SunnyDay|[upkeep]\n|-heal|p2b: Milotic|85/100|[from] item: Leftovers\n|upkeep\n|turn|7\n|inactive|thevespa2000 has 30 seconds left.\n|inactive|thevespa2000 has 20 seconds left.\n|\n|t:|1776633945\n|switch|p1b: Incineroar|Incineroar, L50, M|72/100\n|-ability|p1b: Incineroar|Intimidate|boost\n|-unboost|p2a: Charizard|atk|1\n|-unboost|p2b: Milotic|atk|1\n|-ability|p2b: Milotic|Competitive|boost\n|-boost|p2b: Milotic|spa|2\n|move|p2a: Charizard|Solar Beam||[still]\n|-prepare|p2a: Charizard|Solar Beam\n|-anim|p2a: Charizard|Solar Beam|p1a: Golurk\n|-supereffective|p1a: Golurk|1\n|-damage|p1a: Golurk|0 fnt\n|faint|p1a: Golurk\n|move|p2b: Milotic|Scald|p1b: Incineroar\n|-supereffective|p1b: Incineroar|1\n|-damage|p1b: Incineroar|0 fnt\n|faint|p1b: Incineroar\n|\n|-weather|SunnyDay|[upkeep]\n|-heal|p2b: Milotic|91/100|[from] item: Leftovers\n|upkeep\n|-message|thevespa2000 forfeited.\n|\n|win|Kalaphant\n|raw|thevespa2000's rating: 1086 &rarr; <strong>1063</strong><br />(-23 for losing)\n|raw|Kalaphant's rating: 1086 &rarr; <strong>1113</strong><br />(+27 for winning)\n",
  "uploadtime": 1776633960,
  "views": 9,
  "formatid": "gen9championsvgc2026regma",
  "rating": 1063,
  "private": 0,
  "password": null
}