{
  "id": "gen9championsvgc2026regma-2588361091",
  "format": "[Gen 9 Champions] VGC 2026 Reg M-A",
  "players": [
    "Guysmash",
    "starstorm295"
  ],
  "log": "|j|\u2606Guysmash\n|j|\u2606starstorm295\n|t:|1776627132\n|gametype|doubles\n|player|p1|Guysmash|artist-gen9|1132\n|player|p2|starstorm295|101|1169\n|gen|9\n|tier|[Gen 9 Champions] VGC 2026 Reg M-A\n|rated|\n|rule|Species Clause: Limit one of each Pok\u00e9mon\n|rule|Item Clause: Limit 1 of each item\n|clearpoke\n|poke|p1|Pelipper, L50, F|\n|poke|p1|Incineroar, L50, M|\n|poke|p1|Basculegion, L50, M|\n|poke|p1|Meganium, L50, F|\n|poke|p1|Dragonite, L50, F|\n|poke|p1|Archaludon, L50, F|\n|poke|p2|Lopunny, L50, F, shiny|\n|poke|p2|Milotic, L50, F, shiny|\n|poke|p2|Garchomp, L50, F|\n|poke|p2|Volcarona, L50, F|\n|poke|p2|Aegislash, L50, M, shiny|\n|poke|p2|Froslass, L50, F, shiny|\n|teampreview|4\n|inactive|Battle timer is ON: inactive players will automatically lose when time's up. (requested by Guysmash)\n|c|\u2606Guysmash|Hf\n|j| Despotia\n|inactive|Guysmash has 60 seconds left.\n|j| ThorysMaTue\n|c| ThorysMaTue|C'est nul\n|j| Aphynobiprime\n|c| ThorysMaTue|(feedback)\n|\n|t:|1776627180\n|teamsize|p1|4\n|teamsize|p2|4\n|start\n|switch|p1a: Pyromaniac cat|Incineroar, L50, M|100/100\n|switch|p1b: Coussin d\u2019t\u00eate|Meganium, L50, F|100/100\n|switch|p2a: Scylla|Milotic, L50, F, shiny|100/100\n|switch|p2b: Anya|Froslass, L50, F, shiny|100/100\n|-ability|p1a: Pyromaniac cat|Intimidate|boost\n|-unboost|p2a: Scylla|atk|1\n|-ability|p2a: Scylla|Competitive|boost\n|-boost|p2a: Scylla|spa|2\n|-unboost|p2b: Anya|atk|1\n|turn|1\n|c|\u2606Guysmash|Merci bg\n|inactive|Guysmash has 30 seconds left.\n|\n|t:|1776627213\n|detailschange|p2b: Anya|Froslass-Mega, L50, F, shiny\n|-mega|p2b: Anya|Froslass|Froslassite\n|-weather|Snowscape|[from] ability: Snow Warning|[of] p2b: Anya\n|detailschange|p1b: Coussin d\u2019t\u00eate|Meganium-Mega, L50, F\n|-mega|p1b: Coussin d\u2019t\u00eate|Meganium|Meganiumite\n|move|p2a: Scylla|Protect|p2a: Scylla\n|-singleturn|p2a: Scylla|Protect\n|move|p2b: Anya|Blizzard|p1a: Pyromaniac cat|[spread] p1a,p1b\n|-resisted|p1a: Pyromaniac cat|1\n|-crit|p1a: Pyromaniac cat\n|-supereffective|p1b: Coussin d\u2019t\u00eate|1\n|-damage|p1a: Pyromaniac cat|75/100\n|-damage|p1b: Coussin d\u2019t\u00eate|16/100\n|move|p1b: Coussin d\u2019t\u00eate|Weather Ball|p2b: Anya\n|-supereffective|p2b: Anya|1\n|-damage|p2b: Anya|0 fnt\n|faint|p2b: Anya\n|move|p1a: Pyromaniac cat|Snarl|p2a: Scylla\n|-activate|p2a: Scylla|move: Protect\n|\n|-weather|Snowscape|[upkeep]\n|upkeep\n|\n|t:|1776627235\n|switch|p2b: Hesper|Volcarona, L50, F|100/100\n|turn|2\n|\n|t:|1776627250\n|move|p1b: Coussin d\u2019t\u00eate|Protect|p1b: Coussin d\u2019t\u00eate\n|-singleturn|p1b: Coussin d\u2019t\u00eate|Protect\n|move|p2b: Hesper|Heat Wave|p1a: Pyromaniac cat|[spread] p1a\n|-activate|p1b: Coussin d\u2019t\u00eate|move: Protect\n|-resisted|p1a: Pyromaniac cat|1\n|-damage|p1a: Pyromaniac cat|60/100\n|move|p2a: Scylla|Icy Wind|p1a: Pyromaniac cat|[spread] p1a\n|-activate|p1b: Coussin d\u2019t\u00eate|move: Protect\n|-resisted|p1a: Pyromaniac cat|1\n|-damage|p1a: Pyromaniac cat|50/100\n|-unboost|p1a: Pyromaniac cat|spe|1\n|-enditem|p1a: Pyromaniac cat|Sitrus Berry|[eat]\n|-heal|p1a: Pyromaniac cat|75/100|[from] item: Sitrus Berry\n|move|p1a: Pyromaniac cat|Parting Shot|p2b: Hesper\n|-unboost|p2b: Hesper|atk|1\n|-unboost|p2b: Hesper|spa|1\n|j| Blueflea.N\n|j| CuboneAwaken\n|\n|t:|1776627266\n|switch|p1a: Frankl1 (Bretagne)|Pelipper, L50, F|100/100|[from] Parting Shot\n|-weather|RainDance|[from] ability: Drizzle|[of] p1a: Frankl1 (Bretagne)\n|\n|-weather|RainDance|[upkeep]\n|upkeep\n|turn|3\n|c| CuboneAwaken|On vient tous te coach\n|c| CuboneAwaken|Tkt\n|c|\u2606Guysmash|Azz\n|\n|t:|1776627284\n|move|p2a: Scylla|Protect|p2a: Scylla\n|-singleturn|p2a: Scylla|Protect\n|move|p1a: Frankl1 (Bretagne)|Wide Guard|p1a: Frankl1 (Bretagne)\n|-singleturn|p1a: Frankl1 (Bretagne)|Wide Guard\n|move|p1b: Coussin d\u2019t\u00eate|Solar Beam||[still]\n|-prepare|p1b: Coussin d\u2019t\u00eate|Solar Beam\n|-activate|p1b: Coussin d\u2019t\u00eate|ability: Mega Sol\n|-anim|p1b: Coussin d\u2019t\u00eate|Solar Beam|p2a: Scylla\n|-activate|p2a: Scylla|move: Protect\n|move|p2b: Hesper|Tailwind|p2b: Hesper\n|-sidestart|p2: starstorm295|move: Tailwind\n|\n|-weather|RainDance|[upkeep]\n|upkeep\n|turn|4\n|n| ethernara|blueflean\n|\n|t:|1776627308\n|switch|p2b: Willow|Aegislash, L50, M, shiny|100/100\n|move|p1b: Coussin d\u2019t\u00eate|Protect|p1b: Coussin d\u2019t\u00eate\n|-singleturn|p1b: Coussin d\u2019t\u00eate|Protect\n|move|p1a: Frankl1 (Bretagne)|Protect|p1a: Frankl1 (Bretagne)\n|-singleturn|p1a: Frankl1 (Bretagne)|Protect\n|move|p2a: Scylla|Scald|p1b: Coussin d\u2019t\u00eate\n|-activate|p1b: Coussin d\u2019t\u00eate|move: Protect\n|\n|-weather|RainDance|[upkeep]\n|upkeep\n|turn|5\n|inactive|Guysmash has 30 seconds left.\n|\n|t:|1776627334\n|switch|p1b: O|Basculegion, L50, M|100/100\n|-formechange|p2b: Willow|Aegislash-Blade|\n|move|p2b: Willow|Shadow Sneak|p1b: O\n|-supereffective|p1b: O|1\n|-damage|p1b: O|27/100\n|move|p2a: Scylla|Scald|p1b: O\n|-resisted|p1b: O|1\n|-damage|p1b: O|0 fnt\n|faint|p1b: O\n|move|p1a: Frankl1 (Bretagne)|Tailwind|p1a: Frankl1 (Bretagne)\n|-sidestart|p1: Guysmash|move: Tailwind\n|\n|-weather|RainDance|[upkeep]\n|upkeep\n|\n|t:|1776627345\n|switch|p1b: Coussin d\u2019t\u00eate|Meganium-Mega, L50, F|16/100\n|turn|6\n|c| ethernara|Guys\n|\n|t:|1776627357\n|move|p2a: Scylla|Protect|p2a: Scylla\n|-singleturn|p2a: Scylla|Protect\n|-formechange|p2b: Willow|Aegislash|\n|move|p2b: Willow|King's Shield|p2b: Willow\n|-singleturn|p2b: Willow|Protect\n|move|p1b: Coussin d\u2019t\u00eate|Solar Beam||[still]\n|-prepare|p1b: Coussin d\u2019t\u00eate|Solar Beam\n|-activate|p1b: Coussin d\u2019t\u00eate|ability: Mega Sol\n|-anim|p1b: Coussin d\u2019t\u00eate|Solar Beam|p2a: Scylla\n|-activate|p2a: Scylla|move: Protect\n|move|p1a: Frankl1 (Bretagne)|Hurricane|p2b: Willow\n|-activate|p2b: Willow|move: Protect\n|\n|-weather|none\n|-sideend|p2: starstorm295|move: Tailwind\n|upkeep\n|turn|7\n|c| ethernara|Aboule ta team\n|c| ethernara|Stp\n|c| Aphynobiprime|oe envoi mdrr\n|c| ethernara|Je l\u2019aime..\n|\n|t:|1776627377\n|-formechange|p2b: Willow|Aegislash-Blade|\n|move|p2b: Willow|Shadow Sneak|p1b: Coussin d\u2019t\u00eate\n|-damage|p1b: Coussin d\u2019t\u00eate|0 fnt\n|faint|p1b: Coussin d\u2019t\u00eate\n|move|p1a: Frankl1 (Bretagne)|Tailwind||[still]\n|-fail|p1a: Frankl1 (Bretagne)\n|move|p2a: Scylla|Icy Wind|p1a: Frankl1 (Bretagne)\n|-damage|p1a: Frankl1 (Bretagne)|41/100\n|-unboost|p1a: Frankl1 (Bretagne)|spe|1\n|\n|upkeep\n|\n|t:|1776627383\n|switch|p1b: Pyromaniac cat|Incineroar, L50, M|75/100\n|-ability|p1b: Pyromaniac cat|Intimidate|boost\n|-unboost|p2a: Scylla|atk|1\n|-ability|p2a: Scylla|Competitive|boost\n|-boost|p2a: Scylla|spa|2\n|-unboost|p2b: Willow|atk|1\n|turn|8\n|c|\u2606Guysmash|Gg\n|\n|t:|1776627403\n|switch|p2b: Hesper|Volcarona, L50, F|100/100\n|move|p2a: Scylla|Protect|p2a: Scylla\n|-singleturn|p2a: Scylla|Protect\n|move|p1b: Pyromaniac cat|Fake Out|p2a: Scylla\n|-activate|p2a: Scylla|move: Protect\n|move|p1a: Frankl1 (Bretagne)|Hurricane|p2a: Scylla\n|-activate|p2a: Scylla|move: Protect\n|\n|-sideend|p1: Guysmash|move: Tailwind\n|upkeep\n|turn|9\n|\n|t:|1776627415\n|move|p2b: Hesper|Tailwind|p2b: Hesper\n|-sidestart|p2: starstorm295|move: Tailwind\n|move|p2a: Scylla|Icy Wind|p1a: Frankl1 (Bretagne)|[spread] p1a,p1b\n|-resisted|p1b: Pyromaniac cat|1\n|-damage|p1a: Frankl1 (Bretagne)|0 fnt\n|-damage|p1b: Pyromaniac cat|61/100\n|-unboost|p1b: Pyromaniac cat|spe|1\n|faint|p1a: Frankl1 (Bretagne)\n|move|p1b: Pyromaniac cat|Snarl|p2a: Scylla|[spread] p2a,p2b\n|-crit|p2a: Scylla\n|-damage|p2a: Scylla|87/100\n|-damage|p2b: Hesper|89/100\n|-unboost|p2a: Scylla|spa|1\n|-ability|p2a: Scylla|Competitive|boost\n|-boost|p2a: Scylla|spa|2\n|-unboost|p2b: Hesper|spa|1\n|\n|-heal|p2a: Scylla|93/100|[from] item: Leftovers\n|upkeep\n|turn|10\n|\n|t:|1776627423\n|move|p2b: Hesper|Struggle Bug|p1b: Pyromaniac cat\n|-damage|p1b: Pyromaniac cat|48/100\n|-unboost|p1b: Pyromaniac cat|spa|1\n|move|p2a: Scylla|Scald|p1b: Pyromaniac cat\n|-supereffective|p1b: Pyromaniac cat|1\n|-damage|p1b: Pyromaniac cat|0 fnt\n|faint|p1b: Pyromaniac cat\n|\n|win|starstorm295\n|raw|Guysmash's rating: 1132 &rarr; <strong>1110</strong><br />(-22 for losing)\n|raw|starstorm295's rating: 1169 &rarr; <strong>1191</strong><br />(+22 for winning)\n|l|\u2606starstorm295\n|player|p2|\n",
  "uploadtime": 1776627430,
  "views": 13,
  "formatid": "gen9championsvgc2026regma",
  "rating": 1110,
  "private": 0,
  "password": null
}