{
  "id": "gen9championsvgc2026regma-2588130988",
  "format": "[Gen 9 Champions] VGC 2026 Reg M-A",
  "players": [
    "SamTheHaxorus",
    "txkin0"
  ],
  "log": "|j|\u2606SamTheHaxorus\n|j|\u2606txkin0\n|t:|1776607526\n|gametype|doubles\n|player|p1|SamTheHaxorus|will|1048\n|player|p2|txkin0|n|1107\n|gen|9\n|tier|[Gen 9 Champions] VGC 2026 Reg M-A\n|rated|\n|rule|Species Clause: Limit one of each Pok\u00e9mon\n|rule|Item Clause: Limit 1 of each item\n|clearpoke\n|poke|p1|Scovillain, L50, M|\n|poke|p1|Torkoal, L50, M|\n|poke|p1|Maushold, L50|\n|poke|p1|Charizard, L50, M|\n|poke|p1|Whimsicott, L50, M|\n|poke|p1|Zoroark-Hisui, L50, F, shiny|\n|poke|p2|Milotic, L50, F|\n|poke|p2|Maushold, L50|\n|poke|p2|Incineroar, L50, M|\n|poke|p2|Gengar, L50, M, shiny|\n|poke|p2|Palafin, L50, M|\n|poke|p2|Sinistcha, L50|\n|teampreview|4\n|inactive|Battle timer is ON: inactive players will automatically lose when time's up. (requested by SamTheHaxorus)\nSamTheHaxorus rejected open team sheets.\n|\n|t:|1776607550\n|teamsize|p1|4\n|teamsize|p2|4\n|start\n|switch|p1a: Charizard|Charizard, L50, M|100/100\n|switch|p1b: Torkoal|Torkoal, L50, M|100/100\n|switch|p2a: Milotic|Milotic, L50, F|100/100\n|switch|p2b: Sinistcha|Sinistcha, L50|100/100\n|-weather|SunnyDay|[from] ability: Drought|[of] p1b: Torkoal\n|turn|1\n|\n|t:|1776607562\n|switch|p2b: Palafin|Palafin, L50, M|100/100\n|move|p1a: Charizard|Protect|p1a: Charizard\n|-singleturn|p1a: Charizard|Protect\n|move|p2a: Milotic|Coil|p2a: Milotic\n|-boost|p2a: Milotic|atk|1\n|-boost|p2a: Milotic|def|1\n|-boost|p2a: Milotic|accuracy|1\n|move|p1b: Torkoal|Eruption|p2a: Milotic|[spread] p2a,p2b\n|-resisted|p2a: Milotic|1\n|-resisted|p2b: Palafin|1\n|-damage|p2a: Milotic|80/100\n|-damage|p2b: Palafin|57/100\n|\n|-weather|SunnyDay|[upkeep]\n|-heal|p2a: Milotic|86/100|[from] item: Leftovers\n|upkeep\n|turn|2\n|\n|t:|1776607577\n|move|p2b: Palafin|Flip Turn|p1b: Torkoal\n|-supereffective|p1b: Torkoal|1\n|-damage|p1b: Torkoal|87/100\n|\n|t:|1776607592\n|detailschange|p2b: Palafin|Palafin-Hero, L50, M\n|switch|p2b: Gengar|Gengar, L50, M, shiny|100/100|[from] Flip Turn\n|move|p1a: Charizard|Shadow Ball|p2b: Gengar\n|-supereffective|p2b: Gengar|1\n|-damage|p2b: Gengar|0 fnt\n|-start|p1a: Charizard|Disable|Shadow Ball|[from] ability: Cursed Body|[of] p2b: Gengar\n|faint|p2b: Gengar\n|move|p2a: Milotic|Coil|p2a: Milotic\n|-boost|p2a: Milotic|atk|1\n|-boost|p2a: Milotic|def|1\n|-boost|p2a: Milotic|accuracy|1\n|move|p1b: Torkoal|Solar Beam||[still]\n|-prepare|p1b: Torkoal|Solar Beam\n|-anim|p1b: Torkoal|Solar Beam|p2a: Milotic\n|-supereffective|p2a: Milotic|1\n|-damage|p2a: Milotic|50/100\n|\n|-weather|SunnyDay|[upkeep]\n|-heal|p2a: Milotic|55/100|[from] item: Leftovers\n|-heal|p1b: Torkoal|93/100|[from] item: Leftovers\n|upkeep\n|\n|t:|1776607608\n|switch|p2b: Sinistcha|Sinistcha, L50|100/100\n|-heal|p2a: Milotic|80/100|[from] ability: Hospitality|[of] p2b: Sinistcha\n|turn|3\n|\n|t:|1776607621\n|move|p1a: Charizard|Protect|p1a: Charizard\n|-singleturn|p1a: Charizard|Protect\n|move|p2a: Milotic|Hypnosis|p1b: Torkoal\n|-status|p1b: Torkoal|slp|[from] move: Hypnosis\n|move|p2b: Sinistcha|Life Dew||[still]|[spread] p2a,p2b\n|-heal|p2a: Milotic|100/100\n|-fail|p2b: Sinistcha|heal\n|cant|p1b: Torkoal|slp\n|\n|-weather|SunnyDay|[upkeep]\n|-heal|p1b: Torkoal|99/100 slp|[from] item: Leftovers\n|upkeep\n|turn|4\n|\n|t:|1776607634\n|switch|p1a: Maushold|Maushold, L50|100/100\n|switch|p2b: Palafin|Palafin-Hero, L50, M|57/100\n|-activate|p2b: Palafin|ability: Zero to Hero\n|move|p2a: Milotic|Hypnosis|p1a: Maushold\n|-status|p1a: Maushold|slp|[from] move: Hypnosis\n|cant|p1b: Torkoal|slp\n|\n|-weather|SunnyDay|[upkeep]\n|-heal|p1b: Torkoal|100/100 slp|[from] item: Leftovers\n|upkeep\n|turn|5\n|\n|t:|1776607650\n|-curestatus|p1b: Torkoal|slp|[msg]\n|move|p1b: Torkoal|Protect|p1b: Torkoal\n|-singleturn|p1b: Torkoal|Protect\n|move|p2b: Palafin|Liquidation|p1b: Torkoal\n|-activate|p1b: Torkoal|move: Protect\n|cant|p1a: Maushold|slp\n|move|p2a: Milotic|Scald|p1b: Torkoal\n|-activate|p1b: Torkoal|move: Protect\n|\n|-weather|none\n|upkeep\n|turn|6\n|inactive|SamTheHaxorus has 30 seconds left.\n|\n|t:|1776607676\n|switch|p1b: Charizard|Charizard, L50, M|100/100\n|move|p2b: Palafin|Liquidation|p1b: Charizard\n|-damage|p1b: Charizard|27/100\n|replace|p1b: Pascal|Zoroark-Hisui, L50, F, shiny\n|-end|p1b: Pascal|Illusion\n|cant|p1a: Maushold|slp\n|move|p2a: Milotic|Hypnosis|p1b: Pascal\n|-status|p1b: Pascal|slp|[from] move: Hypnosis\n|\n|upkeep\n|turn|7\n|\n|t:|1776607691\n|cant|p1b: Pascal|slp\n|move|p2b: Palafin|Liquidation|p1a: Maushold\n|-damage|p1a: Maushold|35/100 slp\n|-curestatus|p1a: Maushold|slp|[msg]\n|move|p1a: Maushold|Charm|p2b: Palafin\n|-unboost|p2b: Palafin|atk|2\n|move|p2a: Milotic|Scald|p1a: Maushold\n|-damage|p1a: Maushold|2/100\n|\n|upkeep\n|turn|8\n|\n|t:|1776607704\n|switch|p2b: Sinistcha|Sinistcha, L50|100/100\n|move|p1a: Maushold|Follow Me|p1a: Maushold\n|-singleturn|p1a: Maushold|move: Follow Me\n|cant|p1b: Pascal|slp\n|move|p2a: Milotic|Hypnosis|p1a: Maushold\n|-status|p1a: Maushold|slp|[from] move: Hypnosis\n|\n|upkeep\n|turn|9\n|\n|t:|1776607714\n|switch|p2b: Palafin|Palafin-Hero, L50, M|57/100\n|cant|p1a: Maushold|slp\n|-curestatus|p1b: Pascal|slp|[msg]\n|move|p1b: Pascal|Shadow Ball|p2b: Palafin\n|-damage|p2b: Palafin|17/100\n|-unboost|p2b: Palafin|spd|1\n|move|p2a: Milotic|Scald|p1b: Pascal\n|-damage|p1b: Pascal|0 fnt\n|faint|p1b: Pascal\n|\n|upkeep\n|\n|t:|1776607727\n|switch|p1b: Charizard|Charizard, L50, M|100/100\n|turn|10\n|\n|t:|1776607738\n|detailschange|p1b: Charizard|Charizard-Mega-X, L50, M\n|-mega|p1b: Charizard|Charizard|Charizardite X\n|cant|p1a: Maushold|slp\n|move|p2b: Palafin|Liquidation|p1b: Charizard\n|-damage|p1b: Charizard|62/100\n|move|p1b: Charizard|Brick Break|p2b: Palafin\n|-damage|p2b: Palafin|0 fnt\n|faint|p2b: Palafin\n|move|p2a: Milotic|Hypnosis|p1b: Charizard\n|-status|p1b: Charizard|slp|[from] move: Hypnosis\n|\n|upkeep\n|\n|t:|1776607748\n|switch|p2b: Sinistcha|Sinistcha, L50|100/100\n|turn|11\n|\n|t:|1776607758\n|-curestatus|p1a: Maushold|slp|[msg]\n|move|p1a: Maushold|Charm|p2a: Milotic\n|-unboost|p2a: Milotic|atk|2\n|-ability|p2a: Milotic|Competitive|boost\n|-boost|p2a: Milotic|spa|2\n|cant|p1b: Charizard|slp\n|move|p2a: Milotic|Scald|p1b: Charizard\n|-damage|p1b: Charizard|8/100 slp\n|move|p2b: Sinistcha|Shadow Ball|p1b: Charizard\n|-damage|p1b: Charizard|0 fnt\n|faint|p1b: Charizard\n|\n|upkeep\n|\n|t:|1776607764\n|switch|p1b: Torkoal|Torkoal, L50, M|100/100\n|-weather|SunnyDay|[from] ability: Drought|[of] p1b: Torkoal\n|turn|12\n|\n|t:|1776607782\n|move|p1a: Maushold|Follow Me|p1a: Maushold\n|-singleturn|p1a: Maushold|move: Follow Me\n|move|p2a: Milotic|Hypnosis|p1a: Maushold\n|-status|p1a: Maushold|slp|[from] move: Hypnosis\n|move|p2b: Sinistcha|Matcha Gotcha|p1b: Torkoal|[spread] p1a,p1b\n|-resisted|p1b: Torkoal|1\n|-damage|p1a: Maushold|0 fnt\n|-damage|p1b: Torkoal|86/100\n|faint|p1a: Maushold\n|move|p1b: Torkoal|Eruption|p2a: Milotic|[spread] p2a,p2b\n|-resisted|p2a: Milotic|1\n|-supereffective|p2b: Sinistcha|1\n|-damage|p2a: Milotic|83/100\n|-damage|p2b: Sinistcha|0 fnt\n|faint|p2b: Sinistcha\n|\n|-weather|SunnyDay|[upkeep]\n|-heal|p2a: Milotic|89/100|[from] item: Leftovers\n|-heal|p1b: Torkoal|93/100|[from] item: Leftovers\n|upkeep\n|turn|13\n|\n|t:|1776607799\n|move|p2a: Milotic|Hypnosis|p1b: Torkoal\n|-status|p1b: Torkoal|slp|[from] move: Hypnosis\n|cant|p1b: Torkoal|slp\n|\n|-weather|SunnyDay|[upkeep]\n|-heal|p2a: Milotic|95/100|[from] item: Leftovers\n|-heal|p1b: Torkoal|99/100 slp|[from] item: Leftovers\n|upkeep\n|turn|14\n|-message|SamTheHaxorus forfeited.\n|\n|win|txkin0\n|raw|SamTheHaxorus's rating: 1048 &rarr; <strong>1034</strong><br />(-14 for losing)\n|raw|txkin0's rating: 1107 &rarr; <strong>1128</strong><br />(+21 for winning)\n|l|\u2606SamTheHaxorus\n|player|p1|\n",
  "uploadtime": 1776607826,
  "views": 20,
  "formatid": "gen9championsvgc2026regma",
  "rating": 1034,
  "private": 0,
  "password": null
}