{
  "id": "gen9championsvgc2026regma-2586402758",
  "format": "[Gen 9 Champions] VGC 2026 Reg M-A",
  "players": [
    "macsimo",
    "VGCTEZ'"
  ],
  "log": "|j|\u2606macsimo\n|j|\u2606VGCTEZ'\n|t:|1776432157\n|gametype|doubles\n|player|p1|macsimo|265|1000\n|player|p2|VGCTEZ'|steven|1000\n|gen|9\n|tier|[Gen 9 Champions] VGC 2026 Reg M-A\n|rated|\n|rule|Species Clause: Limit one of each Pok\u00e9mon\n|rule|Item Clause: Limit 1 of each item\n|clearpoke\n|poke|p1|Floette-Eternal, L50, F|\n|poke|p1|Aegislash, L50, F|\n|poke|p1|Talonflame, L50, F|\n|poke|p1|Incineroar, L50, F|\n|poke|p1|Garchomp, L50, F|\n|poke|p1|Rotom-Wash, L50|\n|poke|p2|Camerupt, L50, M|\n|poke|p2|Lucario, L50, M|\n|poke|p2|Oranguru, L50, F|\n|poke|p2|Conkeldurr, L50, F|\n|poke|p2|Abomasnow, L50, M|\n|poke|p2|Mimikyu, L50, M|\n|teampreview|4\n|inactive|Battle timer is ON: inactive players will automatically lose when time's up. (requested by VGCTEZ')\nVGCTEZ' rejected open team sheets.\n|inactive|macsimo has 60 seconds left.\n|\n|t:|1776432213\n|teamsize|p1|4\n|teamsize|p2|4\n|start\n|switch|p1a: Garchomp|Garchomp, L50, F|100/100\n|switch|p1b: Talonflame|Talonflame, L50, F|100/100\n|switch|p2a: Lucario|Lucario, L50, M, shiny|100/100\n|switch|p2b: Oranguru|Oranguru, L50, F|100/100\n|turn|1\n|\n|t:|1776432236\n|move|p1b: Talonflame|Acrobatics|p2b: Oranguru\n|-damage|p2b: Oranguru|69/100\n|move|p2a: Lucario|Final Gambit|p1b: Talonflame\n|-damage|p1b: Talonflame|0 fnt\n|faint|p2a: Lucario\n|faint|p1b: Talonflame\n|move|p1a: Garchomp|Earthquake|p2b: Oranguru\n|-damage|p2b: Oranguru|21/100\n|-enditem|p2b: Oranguru|Sitrus Berry|[eat]\n|-heal|p2b: Oranguru|46/100|[from] item: Sitrus Berry\n|move|p2b: Oranguru|Trick Room|p2b: Oranguru\n|-fieldstart|move: Trick Room|[of] p2b: Oranguru\n|\n|upkeep\n|\n|t:|1776432250\n|switch|p2a: Conkeldurr|Conkeldurr, L50, F|100/100\n|switch|p1b: Aegislash|Aegislash, L50, F|100/100\n|turn|2\n|\n|t:|1776432265\n|move|p1a: Garchomp|Protect|p1a: Garchomp\n|-singleturn|p1a: Garchomp|Protect\n|move|p2a: Conkeldurr|Ice Punch|p1a: Garchomp\n|-activate|p1a: Garchomp|move: Protect\n|move|p2b: Oranguru|Encore||[still]\n|-fail|p2b: Oranguru\n|-formechange|p1b: Aegislash|Aegislash-Blade|\n|move|p1b: Aegislash|Poltergeist|p2a: Conkeldurr\n|-activate|p2a: Conkeldurr|move: Poltergeist|Lum Berry\n|-damage|p2a: Conkeldurr|37/100\n|\n|upkeep\n|turn|3\n|\n|t:|1776432284\n|switch|p1a: Floette|Floette-Eternal, L50, F|100/100\n|-formechange|p1b: Aegislash|Aegislash|\n|move|p1b: Aegislash|King's Shield|p1b: Aegislash\n|-singleturn|p1b: Aegislash|Protect\n|move|p2a: Conkeldurr|Ice Punch|p1a: Floette\n|-damage|p1a: Floette|66/100\n|move|p2b: Oranguru|Encore||[still]\n|-fail|p2b: Oranguru\n|\n|upkeep\n|turn|4\n|\n|t:|1776432300\n|detailschange|p1a: Floette|Floette-Mega, L50, F\n|-mega|p1a: Floette|Floette|Floettite\n|-ability|p1a: Floette|Fairy Aura\n|move|p1a: Floette|Protect|p1a: Floette\n|-singleturn|p1a: Floette|Protect\n|move|p2a: Conkeldurr|Ice Punch|p1a: Floette\n|-activate|p1a: Floette|move: Protect\n|move|p2b: Oranguru|Instruct|p2a: Conkeldurr\n|-singleturn|p2a: Conkeldurr|move: Instruct|[of] p2b: Oranguru\n|move|p2a: Conkeldurr|Ice Punch|p1a: Floette\n|-activate|p1a: Floette|move: Protect\n|-formechange|p1b: Aegislash|Aegislash-Blade|\n|move|p1b: Aegislash|Poltergeist|p2a: Conkeldurr\n|-activate|p2a: Conkeldurr|move: Poltergeist|Lum Berry\n|-damage|p2a: Conkeldurr|0 fnt\n|faint|p2a: Conkeldurr\n|\n|upkeep\n|\n|t:|1776432317\n|switch|p2a: Camerupt|Camerupt, L50, M, shiny|100/100\n|turn|5\n|\n|t:|1776432333\n|detailschange|p2a: Camerupt|Camerupt-Mega, L50, M, shiny\n|-mega|p2a: Camerupt|Camerupt|Cameruptite\n|-formechange|p1b: Aegislash|Aegislash|\n|move|p1b: Aegislash|King's Shield|p1b: Aegislash\n|-singleturn|p1b: Aegislash|Protect\n|move|p2a: Camerupt|Eruption|p1b: Aegislash|[spread] p1a\n|-activate|p1b: Aegislash|move: Protect\n|-damage|p1a: Floette|21/100\n|move|p2b: Oranguru|Instruct|p2a: Camerupt\n|-singleturn|p2a: Camerupt|move: Instruct|[of] p2b: Oranguru\n|move|p2a: Camerupt|Eruption|p1b: Aegislash|[spread] p1a\n|-activate|p1b: Aegislash|move: Protect\n|-damage|p1a: Floette|0 fnt\n|faint|p1a: Floette\n|\n|-fieldend|move: Trick Room\n|upkeep\n|\n|t:|1776432349\n|switch|p1a: Garchomp|Garchomp, L50, F|100/100\n|turn|6\n|\n|t:|1776432364\n|move|p2a: Camerupt|Protect|p2a: Camerupt\n|-singleturn|p2a: Camerupt|Protect\n|-formechange|p1b: Aegislash|Aegislash-Blade|\n|move|p1b: Aegislash|Shadow Sneak|p2a: Camerupt\n|-activate|p2a: Camerupt|move: Protect\n|move|p1a: Garchomp|Earthquake|p2b: Oranguru|[spread] p1b,p2b\n|-activate|p2a: Camerupt|move: Protect\n|-supereffective|p1b: Aegislash|1\n|-damage|p1b: Aegislash|0 fnt\n|-damage|p2b: Oranguru|11/100\n|faint|p1b: Aegislash\n|move|p2b: Oranguru|Trick Room|p2b: Oranguru\n|-fieldstart|move: Trick Room|[of] p2b: Oranguru\n|\n|upkeep\n|turn|7\n|\n|t:|1776432382\n|move|p2a: Camerupt|Earth Power|p1a: Garchomp\n|-damage|p1a: Garchomp|23/100\n|move|p2b: Oranguru|Instruct|p2a: Camerupt\n|-singleturn|p2a: Camerupt|move: Instruct|[of] p2b: Oranguru\n|move|p2a: Camerupt|Earth Power|p1a: Garchomp\n|-damage|p1a: Garchomp|0 fnt\n|faint|p1a: Garchomp\n|\n|win|VGCTEZ'\n|raw|macsimo's rating: 1000 &rarr; <strong>1000</strong><br />(+0 for losing)\n|raw|VGCTEZ&apos;'s rating: 1000 &rarr; <strong>1040</strong><br />(+40 for winning)\n|l|\u2606macsimo\n|player|p1|\n",
  "uploadtime": 1776432392,
  "views": 23,
  "formatid": "gen9championsvgc2026regma",
  "rating": 1000,
  "private": 0,
  "password": null
}