{
  "id": "gen9championsvgc2026regma-2582362713",
  "format": "[Gen 9 Champions] VGC 2026 Reg M-A",
  "players": [
    "Icon_420",
    "d4ntez"
  ],
  "log": "|j|\u203dIcon_420\n|j|\u2606d4ntez\n|t:|1776086499\n|gametype|doubles\n|player|p1|Icon_420|265|1000\n|player|p2|d4ntez|265|1039\n|gen|9\n|tier|[Gen 9 Champions] VGC 2026 Reg M-A\n|rated|\n|rule|Species Clause: Limit one of each Pok\u00e9mon\n|rule|Item Clause: Limit 1 of each item\n|clearpoke\n|poke|p1|Gengar, L50, M|\n|poke|p1|Politoed, L50, F|\n|poke|p1|Sneasler, L50, M|\n|poke|p1|Incineroar, L50, F|\n|poke|p1|Sinistcha-Masterpiece, L50|\n|poke|p1|Orthworm, L50, M|\n|poke|p2|Skarmory, L50, M|\n|poke|p2|Tyranitar, L50, F|\n|poke|p2|Garchomp, L50, F|\n|poke|p2|Chimecho, L50, F|\n|poke|p2|Scovillain, L50, F|\n|poke|p2|Rotom-Wash, L50|\n|teampreview|4\n|\n|t:|1776086530\n|teamsize|p1|4\n|teamsize|p2|4\n|start\n|switch|p1a: Incineroar|Incineroar, L50, F|100/100\n|switch|p1b: Politoed|Politoed, L50, F|100/100\n|switch|p2a: Mommy #1|Tyranitar, L50, F|100/100\n|switch|p2b: Boogie Woogie|Chimecho, L50, F|100/100\n|-weather|RainDance|[from] ability: Drizzle|[of] p1b: Politoed\n|-weather|Sandstorm|[from] ability: Sand Stream|[of] p2a: Mommy #1\n|-ability|p1a: Incineroar|Intimidate|boost\n|-unboost|p2a: Mommy #1|atk|1\n|-unboost|p2b: Boogie Woogie|atk|1\n|turn|1\n|\n|t:|1776086555\n|switch|p2a: TARGET ME|Scovillain, L50, F, shiny|100/100\n|move|p2b: Boogie Woogie|Protect|p2b: Boogie Woogie\n|-singleturn|p2b: Boogie Woogie|Protect\n|move|p1a: Incineroar|Fake Out|p2a: TARGET ME\n|-damage|p2a: TARGET ME|81/100\n|move|p1b: Politoed|Muddy Water|p2b: Boogie Woogie|[spread] p2a\n|-activate|p2b: Boogie Woogie|move: Protect\n|-damage|p2a: TARGET ME|26/100\n|\n|-weather|Sandstorm|[upkeep]\n|-damage|p2a: TARGET ME|20/100|[from] Sandstorm\n|-damage|p1b: Politoed|94/100|[from] Sandstorm\n|-damage|p2b: Boogie Woogie|94/100|[from] Sandstorm\n|-damage|p1a: Incineroar|95/100|[from] Sandstorm\n|-heal|p2b: Boogie Woogie|100/100|[from] item: Leftovers\n|upkeep\n|turn|2\n|\n|t:|1776086581\n|move|p2b: Boogie Woogie|Ally Switch|p2b: Boogie Woogie\n|swap|p2b: Boogie Woogie|0|[from] move: Ally Switch\n|move|p2b: TARGET ME|Leaf Storm|p1b: Politoed\n|-supereffective|p1b: Politoed|1\n|-damage|p1b: Politoed|0 fnt\n|-unboost|p2b: TARGET ME|spa|2\n|faint|p1b: Politoed\n|move|p1a: Incineroar|Parting Shot|p2b: TARGET ME\n|-unboost|p2b: TARGET ME|atk|1\n|-unboost|p2b: TARGET ME|spa|1\n|\n|t:|1776086591\n|switch|p1a: Gengar|Gengar, L50, M, shiny|100/100|[from] Parting Shot\n|\n|-weather|Sandstorm|[upkeep]\n|-damage|p1a: Gengar|95/100|[from] Sandstorm\n|-damage|p2b: TARGET ME|15/100|[from] Sandstorm\n|-damage|p2a: Boogie Woogie|94/100|[from] Sandstorm\n|-heal|p2a: Boogie Woogie|100/100|[from] item: Leftovers\n|upkeep\n|\n|t:|1776086599\n|switch|p1b: Sinistcha|Sinistcha-Masterpiece, L50|100/100\n|-heal|p1a: Gengar|100/100|[from] ability: Hospitality|[of] p1b: Sinistcha\n|turn|3\n|\n|t:|1776086612\n|switch|p2b: Mommy #1|Tyranitar, L50, F|100/100\n|detailschange|p1a: Gengar|Gengar-Mega, L50, M, shiny\n|-mega|p1a: Gengar|Gengar|Gengarite\n|move|p1a: Gengar|Shadow Ball|p2a: Boogie Woogie\n|-supereffective|p2a: Boogie Woogie|1\n|-damage|p2a: Boogie Woogie|8/100\n|move|p1b: Sinistcha|Matcha Gotcha|p2a: Boogie Woogie|[spread] p2a\n|-miss|p1b: Sinistcha|p2b: Mommy #1\n|-damage|p2a: Boogie Woogie|0 fnt\n|faint|p2a: Boogie Woogie\n|\n|-weather|Sandstorm|[upkeep]\n|-damage|p1a: Gengar|95/100|[from] Sandstorm\n|-damage|p1b: Sinistcha|94/100|[from] Sandstorm\n|-heal|p1b: Sinistcha|100/100|[from] item: Leftovers\n|upkeep\n|\n|t:|1776086637\n|switch|p2a: TARGET ME|Scovillain, L50, F, shiny|15/100\n|turn|4\n|\n|t:|1776086650\n|move|p2a: TARGET ME|Protect|p2a: TARGET ME\n|-singleturn|p2a: TARGET ME|Protect\n|move|p1a: Gengar|Shadow Ball|p2b: Mommy #1\n|-resisted|p2b: Mommy #1|1\n|-damage|p2b: Mommy #1|85/100\n|move|p1b: Sinistcha|Matcha Gotcha|p2a: TARGET ME|[spread] p2b\n|-activate|p2a: TARGET ME|move: Protect\n|-supereffective|p2b: Mommy #1|1\n|-damage|p2b: Mommy #1|55/100\n|move|p2b: Mommy #1|Knock Off|p1a: Gengar\n|-supereffective|p1a: Gengar|1\n|-damage|p1a: Gengar|0 fnt\n|faint|p1a: Gengar\n|\n|-weather|Sandstorm|[upkeep]\n|-damage|p2a: TARGET ME|9/100|[from] Sandstorm\n|-damage|p1b: Sinistcha|94/100|[from] Sandstorm\n|-heal|p1b: Sinistcha|100/100|[from] item: Leftovers\n|upkeep\n|\n|t:|1776086669\n|switch|p1a: Incineroar|Incineroar, L50, F|95/100\n|-ability|p1a: Incineroar|Intimidate|boost\n|-unboost|p2a: TARGET ME|atk|1\n|-unboost|p2b: Mommy #1|atk|1\n|turn|5\n|\n|t:|1776086679\n|move|p1a: Incineroar|Fake Out|p2b: Mommy #1\n|-resisted|p2b: Mommy #1|1\n|-damage|p2b: Mommy #1|51/100\n|move|p2a: TARGET ME|Overheat|p1b: Sinistcha\n|-supereffective|p1b: Sinistcha|1\n|-damage|p1b: Sinistcha|0 fnt\n|-unboost|p2a: TARGET ME|spa|2\n|faint|p1b: Sinistcha\n|cant|p2b: Mommy #1|flinch\n|\n|-weather|none\n|upkeep\n|turn|6\n|\n|t:|1776086695\n|switch|p2b: TheBiggestBird|Skarmory, L50, M|100/100\n|move|p2a: TARGET ME|Protect|p2a: TARGET ME\n|-singleturn|p2a: TARGET ME|Protect\n|move|p1a: Incineroar|Flare Blitz|p2a: TARGET ME\n|-activate|p2a: TARGET ME|move: Protect\n|\n|upkeep\n|turn|7\n|\n|t:|1776086709\n|detailschange|p2b: TheBiggestBird|Skarmory-Mega, L50, M\n|-mega|p2b: TheBiggestBird|Skarmory|Skarmorite\n|move|p2a: TARGET ME|Rage Powder|p2a: TARGET ME\n|-singleturn|p2a: TARGET ME|move: Rage Powder\n|move|p2b: TheBiggestBird|Brave Bird|p1a: Incineroar\n|-damage|p1a: Incineroar|41/100\n|-damage|p2b: TheBiggestBird|78/100|[from] Recoil\n|move|p1a: Incineroar|Flare Blitz|p2a: TARGET ME\n|-damage|p2a: TARGET ME|0 fnt\n|faint|p2a: TARGET ME\n|-damage|p1a: Incineroar|38/100|[from] Recoil\n|\n|upkeep\n|\n|t:|1776086722\n|switch|p2a: Mommy #1|Tyranitar, L50, F|51/100\n|-weather|Sandstorm|[from] ability: Sand Stream|[of] p2a: Mommy #1\n|turn|8\n|\n|t:|1776086731\n|move|p2b: TheBiggestBird|Brave Bird|p1a: Incineroar\n|-damage|p1a: Incineroar|0 fnt\n|faint|p1a: Incineroar\n|-damage|p2b: TheBiggestBird|63/100|[from] Recoil\n|\n|win|d4ntez\n|raw|Icon_420's rating: 1000 &rarr; <strong>1000</strong><br />(+0 for losing)\n|raw|d4ntez's rating: 1039 &rarr; <strong>1069</strong><br />(+30 for winning)\n|l|\u203dIcon_420\n|player|p1|\n|l|\u2606d4ntez\n|player|p2|\n|j|\u2606d4ntez\n|player|p2|d4ntez|265|\n",
  "uploadtime": 1776086789,
  "views": 17,
  "formatid": "gen9championsvgc2026regma",
  "rating": 1000,
  "private": 0,
  "password": null
}