{
  "id": "gen9championsvgc2026regma-2584203695",
  "format": "[Gen 9 Champions] VGC 2026 Reg M-A",
  "players": [
    "spookum scarum",
    "TorChickenJockeyyy"
  ],
  "log": "|j|\u2606spookum scarum\n|j|\u2606TorChickenJockeyyy\n|t:|1776237828\n|gametype|doubles\n|player|p1|spookum scarum|veteranf|1169\n|player|p2|TorChickenJockeyyy|penny|1148\n|gen|9\n|tier|[Gen 9 Champions] VGC 2026 Reg M-A\n|rated|\n|rule|Species Clause: Limit one of each Pok\u00e9mon\n|rule|Item Clause: Limit 1 of each item\n|clearpoke\n|poke|p1|Floette-Eternal, L50, F|\n|poke|p1|Garchomp, L50, M|\n|poke|p1|Aerodactyl, L50, M|\n|poke|p1|Aegislash, L50, F|\n|poke|p1|Sinistcha, L50|\n|poke|p1|Incineroar, L50, M|\n|poke|p2|Incineroar, L50, M|\n|poke|p2|Blastoise, L50, M|\n|poke|p2|Floette-Eternal, L50, F|\n|poke|p2|Lucario, L50, F|\n|poke|p2|Whimsicott, L50, F|\n|poke|p2|Rotom-Heat, L50|\n|teampreview|4\n|inactive|Battle timer is ON: inactive players will automatically lose when time's up. (requested by TorChickenJockeyyy)\n|inactive|spookum scarum has 60 seconds left.\n|inactive|TorChickenJockeyyy has 60 seconds left.\n|inactive|spookum scarum has 30 seconds left.\n|inactive|spookum scarum has 20 seconds left.\n|inactive|spookum scarum has 15 seconds left.\n|\n|t:|1776237904\n|teamsize|p1|4\n|teamsize|p2|4\n|start\n|switch|p1a: Floette|Floette-Eternal, L50, F|100/100\n|switch|p1b: Aerodactyl|Aerodactyl, L50, M|100/100\n|switch|p2a: Blastoise|Blastoise, L50, M|100/100\n|switch|p2b: Floette|Floette-Eternal, L50, F|100/100\n|-ability|p1b: Aerodactyl|Unnerve\n|turn|1\n|\n|t:|1776237917\n|detailschange|p1a: Floette|Floette-Mega, L50, F\n|-mega|p1a: Floette|Floette|Floettite\n|-ability|p1a: Floette|Fairy Aura\n|move|p1b: Aerodactyl|Protect|p1b: Aerodactyl\n|-singleturn|p1b: Aerodactyl|Protect\n|move|p2a: Blastoise|Fake Out|p1b: Aerodactyl\n|-activate|p1b: Aerodactyl|move: Protect\n|move|p2b: Floette|Calm Mind|p2b: Floette\n|-boost|p2b: Floette|spa|1\n|-boost|p2b: Floette|spd|1\n|move|p1a: Floette|Calm Mind|p1a: Floette\n|-boost|p1a: Floette|spa|1\n|-boost|p1a: Floette|spd|1\n|\n|upkeep\n|turn|2\n|inactive|spookum scarum has 30 seconds left.\n|\n|t:|1776237944\n|move|p1b: Aerodactyl|Tailwind|p1b: Aerodactyl\n|-sidestart|p1: spookum scarum|move: Tailwind\n|move|p1a: Floette|Calm Mind|p1a: Floette\n|-boost|p1a: Floette|spa|1\n|-boost|p1a: Floette|spd|1\n|move|p2b: Floette|Calm Mind|p2b: Floette\n|-boost|p2b: Floette|spa|1\n|-boost|p2b: Floette|spd|1\n|move|p2a: Blastoise|Flip Turn|p1b: Aerodactyl\n|-supereffective|p1b: Aerodactyl|1\n|-damage|p1b: Aerodactyl|47/100\n|\n|t:|1776237960\n|switch|p2a: Incineroar|Incineroar, L50, M|100/100|[from] Flip Turn\n|-ability|p2a: Incineroar|Intimidate|boost\n|-unboost|p1a: Floette|atk|1\n|-unboost|p1b: Aerodactyl|atk|1\n|\n|upkeep\n|turn|3\n|\n|t:|1776237978\n|switch|p1b: Incineroar|Incineroar, L50, M|100/100\n|-ability|p1b: Incineroar|Intimidate|boost\n|-unboost|p2a: Incineroar|atk|1\n|-unboost|p2b: Floette|atk|1\n|move|p1a: Floette|Protect|p1a: Floette\n|-singleturn|p1a: Floette|Protect\n|move|p2a: Incineroar|Fake Out|p1a: Floette\n|-activate|p1a: Floette|move: Protect\n|move|p2b: Floette|Dazzling Gleam|p1a: Floette|[spread] p1b\n|-activate|p1a: Floette|move: Protect\n|-damage|p1b: Incineroar|44/100\n|-enditem|p1b: Incineroar|Sitrus Berry|[eat]\n|-heal|p1b: Incineroar|69/100|[from] item: Sitrus Berry\n|\n|upkeep\n|turn|4\n|\n|t:|1776237992\n|switch|p2a: Blastoise|Blastoise, L50, M|100/100\n|move|p2b: Floette|Protect|p2b: Floette\n|-singleturn|p2b: Floette|Protect\n|move|p1b: Incineroar|Fake Out|p2b: Floette\n|-activate|p2b: Floette|move: Protect\n|move|p1a: Floette|Calm Mind|p1a: Floette\n|-boost|p1a: Floette|spa|1\n|-boost|p1a: Floette|spd|1\n|\n|upkeep\n|turn|5\n|\n|t:|1776238008\n|move|p1a: Floette|Protect|p1a: Floette\n|-singleturn|p1a: Floette|Protect\n|move|p1b: Incineroar|Parting Shot|p2b: Floette\n|-unboost|p2b: Floette|atk|1\n|-unboost|p2b: Floette|spa|1\n|\n|t:|1776238013\n|switch|p1b: Aegislash|Aegislash, L50, F|100/100|[from] Parting Shot\n|move|p2b: Floette|Calm Mind|p2b: Floette\n|-boost|p2b: Floette|spa|1\n|-boost|p2b: Floette|spd|1\n|move|p2a: Blastoise|Roar|p1a: Floette\n|drag|p1a: Incineroar|Incineroar, L50, M|69/100\n|-ability|p1a: Incineroar|Intimidate|boost\n|-unboost|p2a: Blastoise|atk|1\n|-unboost|p2b: Floette|atk|1\n|\n|-sideend|p1: spookum scarum|move: Tailwind\n|upkeep\n|turn|6\n|\n|t:|1776238036\n|switch|p2a: Incineroar|Incineroar, L50, M|100/100\n|-ability|p2a: Incineroar|Intimidate|boost\n|-unboost|p1a: Incineroar|atk|1\n|-unboost|p1b: Aegislash|atk|1\n|move|p2b: Floette|Protect|p2b: Floette\n|-singleturn|p2b: Floette|Protect\n|move|p1a: Incineroar|Fake Out|p2a: Incineroar\n|-damage|p2a: Incineroar|94/100\n|-formechange|p1b: Aegislash|Aegislash-Blade|\n|move|p1b: Aegislash|Iron Head|p2b: Floette\n|-activate|p2b: Floette|move: Protect\n|\n|upkeep\n|turn|7\n|inactive|TorChickenJockeyyy has 30 seconds left.\n|inactive|TorChickenJockeyyy has 20 seconds left.\n|\n|t:|1776238074\n|move|p2b: Floette|Moonblast|p1b: Aegislash\n|-resisted|p1b: Aegislash|1\n|-damage|p1b: Aegislash|21/100\n|move|p2a: Incineroar|Throat Chop|p1b: Aegislash\n|-supereffective|p1b: Aegislash|1\n|-damage|p1b: Aegislash|0 fnt\n|faint|p1b: Aegislash\n|move|p1a: Incineroar|Parting Shot|p2b: Floette\n|-unboost|p2b: Floette|atk|1\n|-unboost|p2b: Floette|spa|1\n|\n|t:|1776238091\n|switch|p1a: Aerodactyl|Aerodactyl, L50, M|47/100|[from] Parting Shot\n|-ability|p1a: Aerodactyl|Unnerve\n|\n|upkeep\n|\n|t:|1776238095\n|switch|p1b: Incineroar|Incineroar, L50, M|69/100\n|-ability|p1b: Incineroar|Intimidate|boost\n|-unboost|p2a: Incineroar|atk|1\n|-unboost|p2b: Floette|atk|1\n|turn|8\n|\n|t:|1776238105\n|switch|p2a: Blastoise|Blastoise, L50, M|100/100\n|move|p2b: Floette|Protect|p2b: Floette\n|-singleturn|p2b: Floette|Protect\n|move|p1b: Incineroar|Fake Out|p2a: Blastoise\n|-damage|p2a: Blastoise|92/100\n|move|p1a: Aerodactyl|Tailwind|p1a: Aerodactyl\n|-sidestart|p1: spookum scarum|move: Tailwind\n|\n|-heal|p2a: Blastoise|98/100|[from] item: Leftovers\n|upkeep\n|turn|9\n|\n|t:|1776238131\n|move|p1a: Aerodactyl|Rock Slide|p2b: Floette|[spread] p2a,p2b\n|-crit|p2a: Blastoise\n|-damage|p2a: Blastoise|70/100\n|-damage|p2b: Floette|70/100\n|move|p1b: Incineroar|Flare Blitz|p2b: Floette\n|-damage|p2b: Floette|14/100\n|-damage|p1b: Incineroar|54/100|[from] Recoil\n|cant|p2b: Floette|flinch\n|move|p2a: Blastoise|Flip Turn|p1a: Aerodactyl\n|-supereffective|p1a: Aerodactyl|1\n|-damage|p1a: Aerodactyl|0 fnt\n|faint|p1a: Aerodactyl\n|\n|t:|1776238145\n|switch|p2a: Incineroar|Incineroar, L50, M|94/100|[from] Flip Turn\n|-ability|p2a: Incineroar|Intimidate|boost\n|-unboost|p1b: Incineroar|atk|1\n|\n|upkeep\n|\n|t:|1776238147\n|switch|p1a: Floette|Floette-Mega, L50, F|100/100\n|-ability|p1a: Floette|Fairy Aura\n|turn|10\n|\n|t:|1776238165\n|move|p2a: Incineroar|Fake Out|p1b: Incineroar\n|-damage|p1b: Incineroar|44/100\n|move|p1a: Floette|Calm Mind|p1a: Floette\n|-boost|p1a: Floette|spa|1\n|-boost|p1a: Floette|spd|1\n|cant|p1b: Incineroar|flinch\n|move|p2b: Floette|Dazzling Gleam|p1a: Floette|[spread] p1a,p1b\n|-damage|p1a: Floette|72/100\n|-damage|p1b: Incineroar|0 fnt\n|faint|p1b: Incineroar\n|\n|upkeep\n|turn|11\n|inactive|TorChickenJockeyyy has 30 seconds left.\n|\n|t:|1776238195\n|move|p2b: Floette|Protect|p2b: Floette\n|-singleturn|p2b: Floette|Protect\n|move|p1a: Floette|Moonblast|p2a: Incineroar\n|-damage|p2a: Incineroar|0 fnt\n|faint|p2a: Incineroar\n|\n|-sideend|p1: spookum scarum|move: Tailwind\n|upkeep\n|\n|t:|1776238200\n|switch|p2a: Blastoise|Blastoise, L50, M|70/100\n|turn|12\n|\n|t:|1776238220\n|move|p2a: Blastoise|Fake Out|p1a: Floette\n|-damage|p1a: Floette|65/100\n|move|p2b: Floette|Moonblast|p1a: Floette\n|-damage|p1a: Floette|21/100\n|cant|p1a: Floette|flinch\n|\n|-heal|p2a: Blastoise|76/100|[from] item: Leftovers\n|upkeep\n|turn|13\n|\n|t:|1776238227\n|move|p2b: Floette|Protect|p2b: Floette\n|-singleturn|p2b: Floette|Protect\n|move|p1a: Floette|Dazzling Gleam|p2a: Blastoise|[spread] p2a\n|-activate|p2b: Floette|move: Protect\n|-crit|p2a: Blastoise\n|-damage|p2a: Blastoise|0 fnt\n|faint|p2a: Blastoise\n|\n|upkeep\n|\n|t:|1776238233\n|switch|p2a: Lucario|Lucario, L50, F|100/100\n|turn|14\n|\n|t:|1776238252\n|move|p2a: Lucario|Protect|p2a: Lucario\n|-singleturn|p2a: Lucario|Protect\n|move|p2b: Floette|Moonblast|p1a: Floette\n|-damage|p1a: Floette|0 fnt\n|faint|p1a: Floette\n|\n|win|TorChickenJockeyyy\n|raw|spookum scarum's rating: 1169 &rarr; <strong>1142</strong><br />(-27 for losing)\n|raw|TorChickenJockeyyy's rating: 1148 &rarr; <strong>1175</strong><br />(+27 for winning)\n",
  "uploadtime": 1776238259,
  "views": 48,
  "formatid": "gen9championsvgc2026regma",
  "rating": 1142,
  "private": 0,
  "password": null
}