{
  "id": "gen9championsvgc2026regma-2588159217",
  "format": "[Gen 9 Champions] VGC 2026 Reg M-A",
  "players": [
    "slothgameplay",
    "atomicorneto"
  ],
  "log": "|j|\u2606slothgameplay\n|j|\u2606atomicorneto\n|t:|1776610161\n|gametype|doubles\n|player|p1|slothgameplay|169|1214\n|player|p2|atomicorneto|266|1166\n|gen|9\n|tier|[Gen 9 Champions] VGC 2026 Reg M-A\n|rated|\n|rule|Species Clause: Limit one of each Pok\u00e9mon\n|rule|Item Clause: Limit 1 of each item\n|clearpoke\n|poke|p1|Gengar, L50, M, shiny|\n|poke|p1|Incineroar, L50, F|\n|poke|p1|Sinistcha-Masterpiece, L50|\n|poke|p1|Garchomp, L50, F|\n|poke|p1|Tyranitar, L50, F|\n|poke|p1|Kommo-o, L50, M|\n|poke|p2|Blastoise, L50, M|\n|poke|p2|Talonflame, L50, F|\n|poke|p2|Mimikyu, L50, F|\n|poke|p2|Garchomp, L50, F|\n|poke|p2|Vanilluxe, L50, M|\n|poke|p2|Sneasler, L50, F|\n|teampreview|4\n|inactive|Battle timer is ON: inactive players will automatically lose when time's up. (requested by atomicorneto)\n|\n|t:|1776610209\n|teamsize|p1|4\n|teamsize|p2|4\n|start\n|switch|p1a: Incineroar|Incineroar, L50, F|100/100\n|switch|p1b: Garchomp|Garchomp, L50, F|100/100\n|switch|p2a: Vanilluxe|Vanilluxe, L50, M|100/100\n|switch|p2b: Talonflame|Talonflame, L50, F|100/100\n|-weather|Snowscape|[from] ability: Snow Warning|[of] p2a: Vanilluxe\n|-ability|p1a: Incineroar|Intimidate|boost\n|-unboost|p2a: Vanilluxe|atk|1\n|-unboost|p2b: Talonflame|atk|1\n|turn|1\n|inactive|slothgameplay has 30 seconds left.\n|inactive|slothgameplay has 20 seconds left.\n|\n|t:|1776610244\n|switch|p1b: Tyranitar|Tyranitar, L50, F|100/100\n|-weather|Sandstorm|[from] ability: Sand Stream|[of] p1b: Tyranitar\n|move|p1a: Incineroar|Fake Out|p2b: Talonflame\n|-damage|p2b: Talonflame|88/100\n|move|p2a: Vanilluxe|Blizzard|p1b: Tyranitar|[spread] p1b\n|-miss|p2a: Vanilluxe|p1a: Incineroar\n|-damage|p1b: Tyranitar|77/100\n|-status|p1b: Tyranitar|frz\n|cant|p2b: Talonflame|flinch\n|\n|-weather|Sandstorm|[upkeep]\n|-damage|p2a: Vanilluxe|94/100|[from] Sandstorm\n|-damage|p2b: Talonflame|82/100|[from] Sandstorm\n|-damage|p1a: Incineroar|95/100|[from] Sandstorm\n|upkeep\n|turn|2\n|inactive|slothgameplay has 30 seconds left.\n|inactive|slothgameplay has 20 seconds left.\n|\n|t:|1776610280\n|switch|p2a: Mimikyu|Mimikyu, L50, F|100/100\n|move|p2b: Talonflame|Tailwind|p2b: Talonflame\n|-sidestart|p2: atomicorneto|move: Tailwind\n|move|p1a: Incineroar|Parting Shot|p2a: Mimikyu\n|-unboost|p2a: Mimikyu|atk|1\n|-unboost|p2a: Mimikyu|spa|1\n|\n|t:|1776610289\n|switch|p1a: Sinistcha|Sinistcha-Masterpiece, L50|100/100|[from] Parting Shot\n|-enditem|p2a: Mimikyu|White Herb\n|-clearnegativeboost|p2a: Mimikyu|[silent]\n|-heal|p1b: Tyranitar|100/100 frz|[from] ability: Hospitality|[of] p1a: Sinistcha\n|cant|p1b: Tyranitar|frz\n|\n|-weather|Sandstorm|[upkeep]\n|-damage|p2b: Talonflame|76/100|[from] Sandstorm\n|-damage|p2a: Mimikyu|94/100|[from] Sandstorm\n|-damage|p1a: Sinistcha|94/100|[from] Sandstorm\n|upkeep\n|turn|3\n|inactive|slothgameplay has 30 seconds left.\n|\n|t:|1776610315\n|detailschange|p1b: Tyranitar|Tyranitar-Mega, L50, F\n|-mega|p1b: Tyranitar|Tyranitar|Tyranitarite\n|move|p2b: Talonflame|Acrobatics|p1a: Sinistcha\n|-supereffective|p1a: Sinistcha|1\n|-damage|p1a: Sinistcha|50/100\n|-enditem|p1a: Sinistcha|Sitrus Berry|[eat]\n|-heal|p1a: Sinistcha|75/100|[from] item: Sitrus Berry\n|move|p2a: Mimikyu|Swords Dance|p2a: Mimikyu\n|-boost|p2a: Mimikyu|atk|2\n|cant|p1b: Tyranitar|frz\n|move|p1a: Sinistcha|Trick Room|p1a: Sinistcha\n|-fieldstart|move: Trick Room|[of] p1a: Sinistcha\n|\n|-weather|Sandstorm|[upkeep]\n|-damage|p1a: Sinistcha|69/100|[from] Sandstorm\n|-damage|p2a: Mimikyu|88/100|[from] Sandstorm\n|-damage|p2b: Talonflame|70/100|[from] Sandstorm\n|upkeep\n|turn|4\n|inactive|slothgameplay has 30 seconds left.\n|\n|t:|1776610348\n|switch|p1a: Incineroar|Incineroar, L50, F|95/100\n|-ability|p1a: Incineroar|Intimidate|boost\n|-unboost|p2a: Mimikyu|atk|1\n|-unboost|p2b: Talonflame|atk|1\n|-curestatus|p1b: Tyranitar|frz|[msg]\n|move|p1b: Tyranitar|Protect|p1b: Tyranitar\n|-singleturn|p1b: Tyranitar|Protect\n|move|p2a: Mimikyu|Play Rough|p1b: Tyranitar\n|-activate|p1b: Tyranitar|move: Protect\n|move|p2b: Talonflame|Will-O-Wisp|p1a: Incineroar\n|-immune|p1a: Incineroar\n|\n|-weather|Sandstorm|[upkeep]\n|-damage|p1a: Incineroar|89/100|[from] Sandstorm\n|-damage|p2a: Mimikyu|82/100|[from] Sandstorm\n|-damage|p2b: Talonflame|63/100|[from] Sandstorm\n|upkeep\n|turn|5\n|inactive|slothgameplay has 30 seconds left.\n|\n|t:|1776610373\n|switch|p1b: Sinistcha|Sinistcha-Masterpiece, L50|69/100\n|-heal|p1a: Incineroar|100/100|[from] ability: Hospitality|[of] p1b: Sinistcha\n|move|p1a: Incineroar|Fake Out|p2b: Talonflame\n|-damage|p2b: Talonflame|49/100\n|move|p2a: Mimikyu|Play Rough|p1b: Sinistcha\n|-damage|p1b: Sinistcha|13/100\n|cant|p2b: Talonflame|flinch\n|\n|-weather|none\n|-sideend|p2: atomicorneto|move: Tailwind\n|upkeep\n|turn|6\n|inactive|slothgameplay has 30 seconds left.\n|inactive|slothgameplay has 20 seconds left.\n|inactive|slothgameplay has 15 seconds left.\n|inactive|slothgameplay has 10 seconds left.\n|inactive|slothgameplay has 5 seconds left.\n|\n|t:|1776610424\n|move|p2b: Talonflame|Protect|p2b: Talonflame\n|-singleturn|p2b: Talonflame|Protect\n|move|p2a: Mimikyu|Shadow Sneak|p1b: Sinistcha\n|-supereffective|p1b: Sinistcha|1\n|-damage|p1b: Sinistcha|0 fnt\n|faint|p1b: Sinistcha\n|move|p1a: Incineroar|Parting Shot|p2a: Mimikyu\n|-unboost|p2a: Mimikyu|atk|1\n|-unboost|p2a: Mimikyu|spa|1\n|\n|t:|1776610435\n|switch|p1a: Tyranitar|Tyranitar-Mega, L50, F|100/100|[from] Parting Shot\n|-weather|Sandstorm|[from] ability: Sand Stream|[of] p1a: Tyranitar\n|\n|-weather|Sandstorm|[upkeep]\n|-damage|p2a: Mimikyu|76/100|[from] Sandstorm\n|-damage|p2b: Talonflame|43/100|[from] Sandstorm\n|upkeep\n|\n|t:|1776610442\n|switch|p1b: Incineroar|Incineroar, L50, F|100/100\n|-ability|p1b: Incineroar|Intimidate|boost\n|-unboost|p2a: Mimikyu|atk|1\n|-unboost|p2b: Talonflame|atk|1\n|turn|7\n|\n|t:|1776610457\n|switch|p2a: Vanilluxe|Vanilluxe, L50, M|94/100\n|-weather|Snowscape|[from] ability: Snow Warning|[of] p2a: Vanilluxe\n|move|p1b: Incineroar|Throat Chop|p2a: Vanilluxe\n|-damage|p2a: Vanilluxe|62/100\n|-start|p2a: Vanilluxe|Throat Chop|[silent]\n|move|p1a: Tyranitar|Rock Slide|p2b: Talonflame|[spread] p2a,p2b\n|-supereffective|p2a: Vanilluxe|1\n|-supereffective|p2b: Talonflame|2\n|-damage|p2a: Vanilluxe|0 fnt\n|-damage|p2b: Talonflame|0 fnt\n|faint|p2a: Vanilluxe\n|faint|p2b: Talonflame\n|\n|-weather|Snowscape|[upkeep]\n|-fieldend|move: Trick Room\n|upkeep\n|\n|t:|1776610468\n|switch|p2b: Blastoise|Blastoise, L50, M|100/100\n|switch|p2a: Mimikyu|Mimikyu, L50, F|76/100\n|turn|8\n|\n|t:|1776610492\n|detailschange|p2b: Blastoise|Blastoise-Mega, L50, M\n|-mega|p2b: Blastoise|Blastoise|Blastoisinite\n|move|p1a: Tyranitar|Protect|p1a: Tyranitar\n|-singleturn|p1a: Tyranitar|Protect\n|move|p2a: Mimikyu|Swords Dance|p2a: Mimikyu\n|-boost|p2a: Mimikyu|atk|2\n|move|p2b: Blastoise|Water Spout|p1b: Incineroar|[spread] p1b\n|-activate|p1a: Tyranitar|move: Protect\n|-supereffective|p1b: Incineroar|1\n|-damage|p1b: Incineroar|7/100\n|move|p1b: Incineroar|Parting Shot|p2b: Blastoise\n|-unboost|p2b: Blastoise|atk|1\n|-unboost|p2b: Blastoise|spa|1\n|\n|t:|1776610506\n|switch|p1b: Garchomp|Garchomp, L50, F|100/100|[from] Parting Shot\n|\n|-weather|Snowscape|[upkeep]\n|upkeep\n|turn|9\n|inactive|slothgameplay has 30 seconds left.\n|\n|t:|1776610535\n|switch|p1a: Incineroar|Incineroar, L50, F|7/100\n|-ability|p1a: Incineroar|Intimidate|boost\n|-unboost|p2a: Mimikyu|atk|1\n|-unboost|p2b: Blastoise|atk|1\n|move|p2b: Blastoise|Protect|p2b: Blastoise\n|-singleturn|p2b: Blastoise|Protect\n|move|p1b: Garchomp|Rock Slide|p2b: Blastoise|[spread] p2a\n|-activate|p2b: Blastoise|move: Protect\n|-activate|p2a: Mimikyu|ability: Disguise\n|-damage|p2a: Mimikyu|76/100\n|detailschange|p2a: Mimikyu|Mimikyu-Busted, L50, F\n|-damage|p2a: Mimikyu|64/100|[from] pokemon: Mimikyu-Busted\n|move|p2a: Mimikyu|Play Rough|p1b: Garchomp\n|-supereffective|p1b: Garchomp|1\n|-damage|p1b: Garchomp|0 fnt\n|faint|p1b: Garchomp\n|\n|-weather|Snowscape|[upkeep]\n|upkeep\n|\n|t:|1776610553\n|switch|p1b: Tyranitar|Tyranitar-Mega, L50, F|100/100\n|-weather|Sandstorm|[from] ability: Sand Stream|[of] p1b: Tyranitar\n|turn|10\n|\n|t:|1776610562\n|move|p1a: Incineroar|Fake Out|p2b: Blastoise\n|-damage|p2b: Blastoise|90/100\n|move|p2a: Mimikyu|Play Rough|p1b: Tyranitar\n|-supereffective|p1b: Tyranitar|1\n|-damage|p1b: Tyranitar|27/100\n|cant|p2b: Blastoise|flinch\n|move|p1b: Tyranitar|Rock Slide|p2b: Blastoise|[spread] p2a,p2b\n|-damage|p2a: Mimikyu|0 fnt\n|-damage|p2b: Blastoise|55/100\n|faint|p2a: Mimikyu\n|\n|-weather|Sandstorm|[upkeep]\n|-damage|p2b: Blastoise|49/100|[from] Sandstorm\n|-damage|p1a: Incineroar|1/100|[from] Sandstorm\n|upkeep\n|turn|11\n|inactive|slothgameplay has 30 seconds left.\n|\n|t:|1776610591\n|move|p2b: Blastoise|Aura Sphere|p1b: Tyranitar\n|-supereffective|p1b: Tyranitar|2\n|-damage|p1b: Tyranitar|0 fnt\n|faint|p1b: Tyranitar\n|move|p1a: Incineroar|Throat Chop|p2b: Blastoise\n|-damage|p2b: Blastoise|21/100\n|-start|p2b: Blastoise|Throat Chop|[silent]\n|\n|-weather|Sandstorm|[upkeep]\n|-damage|p2b: Blastoise|15/100|[from] Sandstorm\n|-damage|p1a: Incineroar|0 fnt|[from] Sandstorm\n|faint|p1a: Incineroar\n|\n|win|atomicorneto\n|raw|slothgameplay's rating: 1214 &rarr; <strong>1186</strong><br />(-28 for losing)\n|raw|atomicorneto's rating: 1166 &rarr; <strong>1194</strong><br />(+28 for winning)\n",
  "uploadtime": 1776610591,
  "views": 7,
  "formatid": "gen9championsvgc2026regma",
  "rating": 1186,
  "private": 0,
  "password": null
}