{
  "id": "gen9championsvgc2026regma-2589593531",
  "format": "[Gen 9 Champions] VGC 2026 Reg M-A",
  "players": [
    "Argian",
    "garchumpz"
  ],
  "log": "|init|battle\n|title|Argian vs. garchumpz\n|j|\u2606Argian\n|j|\u2606garchumpz\n|t:|1776737297\n|gametype|doubles\n|player|p1|Argian|101|1165\n|player|p2|garchumpz|170|1206\n|gen|9\n|tier|[Gen 9 Champions] VGC 2026 Reg M-A\n|rated|\n|rule|Species Clause: Limit one of each Pok\u00e9mon\n|rule|Item Clause: Limit 1 of each item\n|clearpoke\n|poke|p1|Lucario, L50, F, shiny|\n|poke|p1|Garchomp, L50, F, shiny|\n|poke|p1|Rotom-Wash, L50|\n|poke|p1|Meowscarada, L50, F|\n|poke|p1|Talonflame, L50, F|\n|poke|p1|Tyranitar, L50, M|\n|poke|p2|Froslass, L50, F, shiny|\n|poke|p2|Palafin, L50, F, shiny|\n|poke|p2|Kingambit, L50, M|\n|poke|p2|Arcanine-Hisui, L50, F|\n|poke|p2|Clefable, L50, M, shiny|\n|poke|p2|Sneasler, L50, M|\n|teampreview|4\n|\n|t:|1776737330\n|teamsize|p1|4\n|teamsize|p2|4\n|start\n|switch|p1a: Talonflame|Talonflame, L50, F|100/100\n|switch|p1b: Garchomp|Garchomp, L50, F, shiny|100/100\n|switch|p2a: Froslass|Froslass, L50, F, shiny|100/100\n|switch|p2b: Arcanine|Arcanine-Hisui, L50, F|100/100\n|-ability|p2b: Arcanine|Intimidate|boost\n|-unboost|p1a: Talonflame|atk|1\n|-unboost|p1b: Garchomp|atk|1\n|turn|1\n|inactive|Battle timer is ON: inactive players will automatically lose when time's up. (requested by garchumpz)\n|\n|t:|1776737354\n|switch|p1b: Tyranitar|Tyranitar, L50, M|100/100\n|-weather|Sandstorm|[from] ability: Sand Stream|[of] p1b: Tyranitar\n|detailschange|p2a: Froslass|Froslass-Mega, L50, F, shiny\n|-mega|p2a: Froslass|Froslass|Froslassite\n|-weather|Snowscape|[from] ability: Snow Warning|[of] p2a: Froslass\n|move|p1a: Talonflame|Tailwind|p1a: Talonflame\n|-sidestart|p1: Argian|move: Tailwind\n|move|p2a: Froslass|Blizzard|p1b: Tyranitar|[spread] p1a,p1b\n|-damage|p1a: Talonflame|28/100\n|-damage|p1b: Tyranitar|62/100\n|move|p2b: Arcanine|Rock Slide|p1a: Talonflame|[spread] p1a,p1b\n|-supereffective|p1a: Talonflame|2\n|-damage|p1a: Talonflame|0 fnt\n|-damage|p1b: Tyranitar|39/100\n|faint|p1a: Talonflame\n|\n|-weather|Snowscape|[upkeep]\n|upkeep\n|\n|t:|1776737365\n|switch|p1a: Lucario|Lucario, L50, F, shiny|100/100\n|turn|2\n|\n|t:|1776737389\n|switch|p2a: Sneasler|Sneasler, L50, M|100/100\n|detailschange|p1a: Lucario|Lucario-Mega, L50, F, shiny\n|-mega|p1a: Lucario|Lucario|Lucarionite\n|move|p1a: Lucario|Aura Sphere|p2b: Arcanine\n|-supereffective|p2b: Arcanine|1\n|-enditem|p2b: Arcanine|Chople Berry|[eat]\n|-enditem|p2b: Arcanine|Chople Berry|[weaken]\n|-damage|p2b: Arcanine|19/100\n|move|p1b: Tyranitar|Knock Off|p2a: Sneasler\n|-resisted|p2a: Sneasler|1\n|-damage|p2a: Sneasler|58/100\n|-enditem|p2a: Sneasler|White Herb|[from] move: Knock Off|[of] p1b: Tyranitar\n|move|p2b: Arcanine|Flare Blitz|p1a: Lucario\n|-supereffective|p1a: Lucario|1\n|-damage|p1a: Lucario|0 fnt\n|faint|p1a: Lucario\n|-damage|p2b: Arcanine|0 fnt|[from] Recoil\n|faint|p2b: Arcanine\n|\n|-weather|Snowscape|[upkeep]\n|upkeep\n|\n|t:|1776737414\n|switch|p1a: Garchomp|Garchomp, L50, F, shiny|100/100\n|switch|p2b: Clefable|Clefable, L50, M, shiny|100/100\n|turn|3\n|inactive|Argian has 30 seconds left.\n|\n|t:|1776737441\n|move|p1b: Tyranitar|Protect|p1b: Tyranitar\n|-singleturn|p1b: Tyranitar|Protect\n|move|p2a: Sneasler|Fake Out|p1a: Garchomp\n|-damage|p1a: Garchomp|84/100\n|-damage|p2a: Sneasler|46/100|[from] ability: Rough Skin|[of] p1a: Garchomp\n|cant|p1a: Garchomp|flinch\n|move|p2b: Clefable|Moonblast|p1a: Garchomp\n|-supereffective|p1a: Garchomp|1\n|-damage|p1a: Garchomp|16/100\n|\n|-weather|Snowscape|[upkeep]\n|upkeep\n|turn|4\n|\n|t:|1776737455\n|move|p2b: Clefable|Follow Me|p2b: Clefable\n|-singleturn|p2b: Clefable|move: Follow Me\n|move|p1a: Garchomp|Earthquake|p2b: Clefable|[spread] p1b,p2a,p2b\n|-supereffective|p1b: Tyranitar|1\n|-supereffective|p2a: Sneasler|1\n|-crit|p2a: Sneasler\n|-damage|p1b: Tyranitar|0 fnt\n|-damage|p2a: Sneasler|0 fnt\n|-damage|p2b: Clefable|50/100\n|faint|p1b: Tyranitar\n|faint|p2a: Sneasler\n|\n|-weather|Snowscape|[upkeep]\n|-heal|p2b: Clefable|55/100|[from] item: Leftovers\n|-sideend|p1: Argian|move: Tailwind\n|upkeep\n|\n|t:|1776737466\n|switch|p2a: Froslass|Froslass-Mega, L50, F, shiny|100/100\n|turn|5\n|\n|t:|1776737477\n|move|p1a: Garchomp|Earthquake|p2a: Froslass|[spread] p2a,p2b\n|-damage|p2a: Froslass|58/100\n|-damage|p2b: Clefable|6/100\n|move|p2a: Froslass|Blizzard|p1a: Garchomp\n|-supereffective|p1a: Garchomp|2\n|-damage|p1a: Garchomp|0 fnt\n|faint|p1a: Garchomp\n|\n|win|garchumpz",
  "uploadtime": 1776737477,
  "rating": 1206,
  "source": "spectated"
}