{
  "id": "gen9championsvgc2026regma-2586555514",
  "format": "[Gen 9 Champions] VGC 2026 Reg M-A",
  "players": [
    "s!dd_1",
    "Pokeventurer"
  ],
  "log": "|j|\u2606s!dd_1\n|j|\u2606Pokeventurer\n|t:|1776442751\n|gametype|doubles\n|player|p1|s!dd_1|cynthia-gen4|1460\n|player|p2|Pokeventurer|265|1538\n|gen|9\n|tier|[Gen 9 Champions] VGC 2026 Reg M-A\n|rated|\n|rule|Species Clause: Limit one of each Pok\u00e9mon\n|rule|Item Clause: Limit 1 of each item\n|clearpoke\n|poke|p1|Ampharos, L50, F|\n|poke|p1|Sneasler, L50, F|\n|poke|p1|Tyranitar, L50, M|\n|poke|p1|Milotic, L50, F|\n|poke|p1|Sinistcha, L50|\n|poke|p1|Charizard, L50, F|\n|poke|p2|Talonflame, L50, M|\n|poke|p2|Kingambit, L50, M|\n|poke|p2|Garchomp, L50, M|\n|poke|p2|Basculegion, L50, M|\n|poke|p2|Floette-Eternal, L50, F|\n|poke|p2|Pelipper, L50, F|\n|teampreview|4\n|inactive|Battle timer is ON: inactive players will automatically lose when time's up. (requested by s!dd_1)\n|inactive|Pokeventurer has 60 seconds left.\n|inactive|Pokeventurer has 30 seconds left.\n|\n|t:|1776442815\n|teamsize|p1|4\n|teamsize|p2|4\n|start\n|switch|p1a: Panch|Milotic, L50, F|100/100\n|switch|p1b: Char|Charizard, L50, F|100/100\n|switch|p2a: Basculegion|Basculegion, L50, M|100/100\n|switch|p2b: Talonflame|Talonflame, L50, M|100/100\n|turn|1\n|inactive|s!dd_1 has 30 seconds left.\n|\n|t:|1776442845\n|detailschange|p1b: Char|Charizard-Mega-X, L50, F\n|-mega|p1b: Char|Charizard|Charizardite X\n|move|p2b: Talonflame|Tailwind|p2b: Talonflame\n|-sidestart|p2: Pokeventurer|move: Tailwind\n|move|p2a: Basculegion|Flip Turn|p1b: Char\n|-damage|p1b: Char|63/100\n|\n|t:|1776442851\n|switch|p2a: Pelipper|Pelipper, L50, F|100/100|[from] Flip Turn\n|-weather|RainDance|[from] ability: Drizzle|[of] p2a: Pelipper\n|move|p1b: Char|Dragon Dance|p1b: Char\n|-boost|p1b: Char|atk|1\n|-boost|p1b: Char|spe|1\n|move|p1a: Panch|Scald|p2b: Talonflame\n|-supereffective|p2b: Talonflame|1\n|-damage|p2b: Talonflame|0 fnt\n|faint|p2b: Talonflame\n|\n|-weather|RainDance|[upkeep]\n|upkeep\n|\n|t:|1776442859\n|switch|p2b: Garchomp|Garchomp, L50, M|100/100\n|turn|2\n|\n|t:|1776442864\n|move|p1b: Char|Protect|p1b: Char\n|-singleturn|p1b: Char|Protect\n|move|p2b: Garchomp|Earthquake|p1b: Char|[spread] p1a\n|-activate|p1b: Char|move: Protect\n|-immune|p2a: Pelipper\n|-crit|p1a: Panch\n|-damage|p1a: Panch|47/100\n|move|p2a: Pelipper|Hurricane|p1a: Panch\n|-damage|p1a: Panch|11/100\n|-start|p1a: Panch|confusion\n|-activate|p1a: Panch|confusion\n|move|p1a: Panch|Ice Beam|p2b: Garchomp\n|-supereffective|p2b: Garchomp|2\n|-damage|p2b: Garchomp|0 fnt\n|faint|p2b: Garchomp\n|\n|-weather|RainDance|[upkeep]\n|-heal|p1a: Panch|17/100|[from] item: Leftovers\n|upkeep\n|\n|t:|1776442867\n|switch|p2b: Basculegion|Basculegion, L50, M|100/100\n|turn|3\n|inactive|s!dd_1 has 30 seconds left.\n|\n|t:|1776442895\n|switch|p1a: Teen|Tyranitar, L50, M|100/100\n|-weather|Sandstorm|[from] ability: Sand Stream|[of] p1a: Teen\n|move|p2b: Basculegion|Last Respects|p1b: Char\n|-damage|p1b: Char|0 fnt\n|faint|p1b: Char\n|move|p2a: Pelipper|Hurricane|p1a: Teen\n|-resisted|p1a: Teen|1\n|-damage|p1a: Teen|85/100\n|-start|p1a: Teen|confusion\n|\n|-weather|Sandstorm|[upkeep]\n|-damage|p2b: Basculegion|94/100|[from] Sandstorm\n|-damage|p2a: Pelipper|95/100|[from] Sandstorm\n|upkeep\n|\n|t:|1776442906\n|switch|p1b: Zhe|Sneasler, L50, F|100/100\n|turn|4\n|\n|t:|1776442926\n|move|p1b: Zhe|Protect|p1b: Zhe\n|-singleturn|p1b: Zhe|Protect\n|move|p2b: Basculegion|Last Respects|p1a: Teen\n|-resisted|p1a: Teen|1\n|-damage|p1a: Teen|46/100\n|move|p2a: Pelipper|Hurricane|p1b: Zhe\n|-activate|p1b: Zhe|move: Protect\n|-activate|p1a: Teen|confusion\n|move|p1a: Teen|Rock Slide|p2b: Basculegion|[spread] p2a,p2b\n|-supereffective|p2a: Pelipper|1\n|-damage|p2a: Pelipper|20/100\n|-damage|p2b: Basculegion|54/100\n|\n|-weather|Sandstorm|[upkeep]\n|-damage|p2b: Basculegion|48/100|[from] Sandstorm\n|-damage|p2a: Pelipper|14/100|[from] Sandstorm\n|-damage|p1b: Zhe|95/100|[from] Sandstorm\n|-sideend|p2: Pokeventurer|move: Tailwind\n|upkeep\n|turn|5\n|\n|t:|1776442940\n|move|p2b: Basculegion|Last Respects|p1b: Zhe\n|-damage|p1b: Zhe|0 fnt\n|faint|p1b: Zhe\n|-activate|p1a: Teen|confusion\n|-damage|p1a: Teen|33/100|[from] confusion\n|move|p2a: Pelipper|Hurricane|p1a: Teen\n|-resisted|p1a: Teen|1\n|-damage|p1a: Teen|15/100\n|\n|-weather|Sandstorm|[upkeep]\n|-damage|p2b: Basculegion|42/100|[from] Sandstorm\n|-damage|p2a: Pelipper|9/100|[from] Sandstorm\n|upkeep\n|\n|t:|1776442945\n|switch|p1b: Panch|Milotic, L50, F|17/100\n|turn|6\n|\n|t:|1776442952\n|move|p1b: Panch|Helping Hand|p1a: Teen\n|-singleturn|p1a: Teen|Helping Hand|[of] p1b: Panch\n|move|p2b: Basculegion|Last Respects|p1a: Teen\n|-resisted|p1a: Teen|1\n|-damage|p1a: Teen|0 fnt\n|faint|p1a: Teen\n|move|p2a: Pelipper|Weather Ball|p1b: Panch\n|-damage|p1b: Panch|0 fnt\n|faint|p1b: Panch\n|\n|win|Pokeventurer\n|raw|s!dd_1's rating: 1460 &rarr; <strong>1444</strong><br />(-16 for losing)\n|raw|Pokeventurer's rating: 1538 &rarr; <strong>1554</strong><br />(+16 for winning)\n|l|\u2606s!dd_1\n|player|p1|\n",
  "uploadtime": 1776442959,
  "views": 55,
  "formatid": "gen9championsvgc2026regma",
  "rating": 1444,
  "private": 0,
  "password": null
}