{
  "id": "gen9championsvgc2026regma-2586884594",
  "format": "[Gen 9 Champions] VGC 2026 Reg M-A",
  "players": [
    "BeTransThrowHands",
    "wowee20"
  ],
  "log": "|j|\u2606BeTransThrowHands\n|j|\u2606wowee20\n|t:|1776468413\n|gametype|doubles\n|player|p1|BeTransThrowHands|may-masters|1123\n|player|p2|wowee20|1|1149\n|gen|9\n|tier|[Gen 9 Champions] VGC 2026 Reg M-A\n|rated|\n|rule|Species Clause: Limit one of each Pok\u00e9mon\n|rule|Item Clause: Limit 1 of each item\n|clearpoke\n|poke|p1|Clefable, L50, F|\n|poke|p1|Aerodactyl, L50, F|\n|poke|p1|Sneasler, L50, M|\n|poke|p1|Delphox, L50, F|\n|poke|p1|Aegislash, L50, F|\n|poke|p1|Whimsicott, L50, M|\n|poke|p2|Meowstic, L50, M|\n|poke|p2|Alakazam, L50, F|\n|poke|p2|Whimsicott, L50, M|\n|poke|p2|Pelipper, L50, F|\n|poke|p2|Basculegion, L50, M|\n|poke|p2|Passimian, L50, M|\n|teampreview|4\n|\n|t:|1776468442\n|teamsize|p1|4\n|teamsize|p2|4\n|start\n|switch|p1a: Whimsicott|Whimsicott, L50, M|100/100\n|switch|p1b: Delphox|Delphox, L50, F, shiny|100/100\n|switch|p2a: Meowstic|Meowstic, L50, M|100/100\n|switch|p2b: Whimsicott|Whimsicott, L50, M|100/100\n|turn|1\n|\n|t:|1776468473\n|detailschange|p1b: Delphox|Delphox-Mega, L50, F, shiny\n|-mega|p1b: Delphox|Delphox|Delphoxite\n|move|p2b: Whimsicott|Tailwind|p2b: Whimsicott\n|-sidestart|p2: wowee20|move: Tailwind\n|move|p2a: Meowstic|Psychic Terrain|p2a: Meowstic\n|-fieldstart|move: Psychic Terrain\n|move|p1a: Whimsicott|Tailwind|p1a: Whimsicott\n|-sidestart|p1: BeTransThrowHands|move: Tailwind\n|move|p1b: Delphox|Heat Wave|p2b: Whimsicott|[spread] p2a,p2b\n|-supereffective|p2b: Whimsicott|1\n|-damage|p2a: Meowstic|41/100\n|-damage|p2b: Whimsicott|0 fnt\n|faint|p2b: Whimsicott\n|\n|upkeep\n|\n|t:|1776468488\n|switch|p2b: Passimian|Passimian, L50, M|100/100\n|turn|2\n|\n|t:|1776468505\n|move|p2a: Meowstic|Protect|p2a: Meowstic\n|-singleturn|p2a: Meowstic|Protect\n|move|p2b: Passimian|Rock Slide|p1a: Whimsicott|[spread] p1a,p1b\n|-supereffective|p1b: Delphox|1\n|-damage|p1a: Whimsicott|71/100\n|-damage|p1b: Delphox|42/100\n|move|p1b: Delphox|Heat Wave|p2b: Passimian|[spread] p2b\n|-activate|p2a: Meowstic|move: Protect\n|-damage|p2b: Passimian|34/100\n|cant|p1a: Whimsicott|flinch\n|\n|upkeep\n|turn|3\n|\n|t:|1776468526\n|move|p1b: Delphox|Protect|p1b: Delphox\n|-singleturn|p1b: Delphox|Protect\n|move|p2b: Passimian|Rock Slide|p1b: Delphox|[spread] p1a\n|-activate|p1b: Delphox|move: Protect\n|-damage|p1a: Whimsicott|42/100\n|move|p1a: Whimsicott|Moonblast|p2b: Passimian\n|-supereffective|p2b: Passimian|1\n|-damage|p2b: Passimian|0 fnt\n|faint|p2b: Passimian\n|move|p2a: Meowstic|Psychic|p1a: Whimsicott\n|-damage|p1a: Whimsicott|0 fnt\n|faint|p1a: Whimsicott\n|\n|upkeep\n|\n|t:|1776468539\n|switch|p1a: Clefable|Clefable, L50, F, shiny|100/100\n|switch|p2b: Alakazam|Alakazam, L50, F|100/100\n|turn|4\n|\n|t:|1776468555\n|switch|p1b: Aegislash|Aegislash, L50, F|100/100\n|detailschange|p2b: Alakazam|Alakazam-Mega, L50, F\n|-mega|p2b: Alakazam|Alakazam|Alakazite\n|-ability|p2b: Alakazam|Unaware|Trace|[from] ability: Trace|[of] p1a: Clefable\n|move|p2a: Meowstic|Protect|p2a: Meowstic\n|-singleturn|p2a: Meowstic|Protect\n|move|p2b: Alakazam|Expanding Force|p1a: Clefable|[spread] p1a,p1b\n|-resisted|p1b: Aegislash|1\n|-damage|p1a: Clefable|43/100\n|-damage|p1b: Aegislash|69/100\n|-enditem|p1a: Clefable|Sitrus Berry|[eat]\n|-heal|p1a: Clefable|67/100|[from] item: Sitrus Berry\n|move|p1a: Clefable|Life Dew|p1a: Clefable|[spread] p1a,p1b\n|-heal|p1a: Clefable|93/100\n|-heal|p1b: Aegislash|94/100\n|\n|-sideend|p2: wowee20|move: Tailwind\n|-sideend|p1: BeTransThrowHands|move: Tailwind\n|upkeep\n|turn|5\n|\n|t:|1776468581\n|move|p1a: Clefable|Follow Me|p1a: Clefable\n|-singleturn|p1a: Clefable|move: Follow Me\n|move|p2b: Alakazam|Expanding Force|p1a: Clefable|[spread] p1a,p1b\n|-resisted|p1b: Aegislash|1\n|-damage|p1a: Clefable|33/100\n|-damage|p1b: Aegislash|62/100\n|move|p2a: Meowstic|Psychic|p1a: Clefable\n|-damage|p1a: Clefable|0 fnt\n|faint|p1a: Clefable\n|-formechange|p1b: Aegislash|Aegislash-Blade|\n|move|p1b: Aegislash|Poltergeist|p2b: Alakazam\n|-activate|p2b: Alakazam|move: Poltergeist|Alakazite\n|-supereffective|p2b: Alakazam|1\n|-damage|p2b: Alakazam|0 fnt\n|faint|p2b: Alakazam\n|\n|-fieldend|move: Psychic Terrain\n|upkeep\n|\n|t:|1776468592\n|switch|p1a: Delphox|Delphox-Mega, L50, F, shiny|42/100\n|turn|6\n|\n|t:|1776468601\n|move|p1a: Delphox|Heat Wave|p2a: Meowstic|[miss]\n|-miss|p1a: Delphox|p2a: Meowstic\n|move|p2a: Meowstic|Psychic|p1b: Aegislash\n|-resisted|p1b: Aegislash|1\n|-damage|p1b: Aegislash|34/100\n|move|p1b: Aegislash|Poltergeist|p2a: Meowstic\n|-activate|p2a: Meowstic|move: Poltergeist|Focus Sash\n|-supereffective|p2a: Meowstic|1\n|-damage|p2a: Meowstic|0 fnt\n|faint|p2a: Meowstic\n|\n|win|BeTransThrowHands\n|raw|BeTransThrowHands's rating: 1123 &rarr; <strong>1150</strong><br />(+27 for winning)\n|raw|wowee20's rating: 1149 &rarr; <strong>1122</strong><br />(-27 for losing)\n|l|\u2606wowee20\n|player|p2|\n",
  "uploadtime": 1776468607,
  "views": 25,
  "formatid": "gen9championsvgc2026regma",
  "rating": 1122,
  "private": 0,
  "password": null
}