{
  "id": "gen9championsvgc2026regma-2583934106",
  "format": "[Gen 9 Champions] VGC 2026 Reg M-A",
  "players": [
    "smp on whimsicott",
    "dmem enjoyer"
  ],
  "log": "|j|\u2606smp on whimsicott\n|j|\u2606dmem enjoyer\n|t:|1776209615\n|gametype|doubles\n|player|p1|smp on whimsicott|artist-gen4|1082\n|player|p2|dmem enjoyer|2|1101\n|gen|9\n|tier|[Gen 9 Champions] VGC 2026 Reg M-A\n|rated|\n|rule|Species Clause: Limit one of each Pok\u00e9mon\n|rule|Item Clause: Limit 1 of each item\n|clearpoke\n|poke|p1|Floette-Eternal, L50, F|\n|poke|p1|Aegislash, L50, M|\n|poke|p1|Talonflame, L50, M|\n|poke|p1|Basculegion, L50, M|\n|poke|p1|Milotic, L50, M|\n|poke|p1|Garchomp, L50, F|\n|poke|p2|Sinistcha, L50|\n|poke|p2|Charizard, L50, F|\n|poke|p2|Torkoal, L50, F|\n|poke|p2|Venusaur, L50, F|\n|poke|p2|Aegislash, L50, M|\n|poke|p2|Maushold-Four, L50|\n|teampreview|4\n|inactive|Battle timer is ON: inactive players will automatically lose when time's up. (requested by dmem enjoyer)\ndmem enjoyer rejected open team sheets.\n|inactive|dmem enjoyer has 60 seconds left.\n|\n|t:|1776209670\n|teamsize|p1|4\n|teamsize|p2|4\n|start\n|switch|p1a: Talonflame|Talonflame, L50, M|100/100\n|switch|p1b: Garchomp|Garchomp, L50, F|100/100\n|switch|p2a: Sinistcha|Sinistcha, L50|100/100\n|switch|p2b: Torkoal|Torkoal, L50, F|100/100\n|-weather|SunnyDay|[from] ability: Drought|[of] p2b: Torkoal\n|turn|1\n|\n|t:|1776209683\n|move|p2b: Torkoal|Protect|p2b: Torkoal\n|-singleturn|p2b: Torkoal|Protect\n|move|p1a: Talonflame|Dual Wingbeat|p2a: Sinistcha\n|-supereffective|p2a: Sinistcha|1\n|-damage|p2a: Sinistcha|67/100\n|-supereffective|p2a: Sinistcha|1\n|-damage|p2a: Sinistcha|33/100\n|-hitcount|p2a: Sinistcha|2\n|move|p1b: Garchomp|Earthquake|p2a: Sinistcha|[spread] p2a\n|-activate|p2b: Torkoal|move: Protect\n|-immune|p1a: Talonflame\n|-resisted|p2a: Sinistcha|1\n|-damage|p2a: Sinistcha|15/100\n|move|p2a: Sinistcha|Trick Room|p2a: Sinistcha\n|-fieldstart|move: Trick Room|[of] p2a: Sinistcha\n|\n|-weather|SunnyDay|[upkeep]\n|upkeep\n|turn|2\n|inactive|dmem enjoyer has 30 seconds left.\n|\n|t:|1776209708\n|move|p1a: Talonflame|Protect|p1a: Talonflame\n|-singleturn|p1a: Talonflame|Protect\n|move|p2b: Torkoal|Eruption|p1b: Garchomp|[spread] p1b\n|-activate|p1a: Talonflame|move: Protect\n|-resisted|p1b: Garchomp|1\n|-damage|p1b: Garchomp|58/100\n|move|p2a: Sinistcha|Strength Sap|p1a: Talonflame\n|-activate|p1a: Talonflame|move: Protect\n|move|p1b: Garchomp|Earthquake|p2a: Sinistcha|[spread] p2a,p2b\n|-activate|p1a: Talonflame|move: Protect\n|-resisted|p2a: Sinistcha|1\n|-supereffective|p2b: Torkoal|1\n|-damage|p2a: Sinistcha|0 fnt\n|-damage|p2b: Torkoal|35/100\n|faint|p2a: Sinistcha\n|\n|-weather|SunnyDay|[upkeep]\n|upkeep\n|\n|t:|1776209723\n|switch|p2a: Aegislash|Aegislash, L50, M|100/100\n|turn|3\n|\n|t:|1776209740\n|move|p2a: Aegislash|Wide Guard|p2a: Aegislash\n|-singleturn|p2a: Aegislash|Wide Guard\n|move|p2b: Torkoal|Heat Wave|p1a: Talonflame|[spread] p1a,p1b\n|-resisted|p1a: Talonflame|1\n|-resisted|p1b: Garchomp|1\n|-damage|p1a: Talonflame|56/100\n|-damage|p1b: Garchomp|28/100\n|move|p1b: Garchomp|Earthquake|p2b: Torkoal|[spread] \n|-activate|p2a: Aegislash|move: Wide Guard\n|-activate|p2b: Torkoal|move: Wide Guard\n|-immune|p1a: Talonflame\n|move|p1a: Talonflame|Will-O-Wisp|p2a: Aegislash\n|-status|p2a: Aegislash|brn\n|\n|-weather|SunnyDay|[upkeep]\n|-damage|p2a: Aegislash|95/100 brn|[from] brn\n|upkeep\n|turn|4\n|inactive|dmem enjoyer has 30 seconds left.\n|inactive|dmem enjoyer has 20 seconds left.\n|\n|t:|1776209775\n|move|p1b: Garchomp|Protect|p1b: Garchomp\n|-singleturn|p1b: Garchomp|Protect\n|move|p1a: Talonflame|Protect|p1a: Talonflame\n|-singleturn|p1a: Talonflame|Protect\n|move|p2b: Torkoal|Heat Wave|p1b: Garchomp|[spread] \n|-activate|p1a: Talonflame|move: Protect\n|-activate|p1b: Garchomp|move: Protect\n|-formechange|p2a: Aegislash|Aegislash-Blade|\n|move|p2a: Aegislash|Shadow Claw|p1b: Garchomp\n|-activate|p1b: Garchomp|move: Protect\n|\n|-weather|SunnyDay|[upkeep]\n|-damage|p2a: Aegislash|89/100 brn|[from] brn\n|upkeep\n|turn|5\n|inactive|dmem enjoyer has 30 seconds left.\n|\n|t:|1776209802\n|switch|p2a: Venusaur|Venusaur, L50, F|100/100\n|move|p2b: Torkoal|Protect|p2b: Torkoal\n|-singleturn|p2b: Torkoal|Protect\n|move|p1b: Garchomp|Earthquake|p2a: Venusaur|[spread] p2a\n|-activate|p2b: Torkoal|move: Protect\n|-immune|p1a: Talonflame\n|-damage|p2a: Venusaur|50/100\n|move|p1a: Talonflame|Dual Wingbeat|p2b: Torkoal\n|-activate|p2b: Torkoal|move: Protect\n|\n|-weather|none\n|-fieldend|move: Trick Room\n|upkeep\n|turn|6\n|-message|dmem enjoyer forfeited.\n|\n|win|smp on whimsicott\n|raw|smp on whimsicott's rating: 1082 &rarr; <strong>1111</strong><br />(+29 for winning)\n|raw|dmem enjoyer's rating: 1101 &rarr; <strong>1075</strong><br />(-26 for losing)\n",
  "uploadtime": 1776209807,
  "views": 15,
  "formatid": "gen9championsvgc2026regma",
  "rating": 1075,
  "private": 0,
  "password": null
}