{
  "id": "gen9championsvgc2026regma-2587743295",
  "format": "[Gen 9 Champions] VGC 2026 Reg M-A",
  "players": [
    "xhooorxhi",
    "AsinineShark"
  ],
  "log": "|j|\u2606xhooorxhi\n|j|\u2606AsinineShark\n|t:|1776559541\n|gametype|doubles\n|player|p1|xhooorxhi|pokemonbreeder-gen4|1196\n|player|p2|AsinineShark|iris|1096\n|gen|9\n|tier|[Gen 9 Champions] VGC 2026 Reg M-A\n|rated|\n|rule|Species Clause: Limit one of each Pok\u00e9mon\n|rule|Item Clause: Limit 1 of each item\n|clearpoke\n|poke|p1|Sneasler, L50, F|\n|poke|p1|Chimecho, L50, F|\n|poke|p1|Alcremie, L50, F|\n|poke|p1|Maushold, L50|\n|poke|p1|Farigiraf, L50, M|\n|poke|p1|Incineroar, L50, M|\n|poke|p2|Goodra-Hisui, L50, M, shiny|\n|poke|p2|Sinistcha, L50, shiny|\n|poke|p2|Sneasler, L50, F|\n|poke|p2|Tyranitar, L50, F|\n|poke|p2|Excadrill, L50, M, shiny|\n|poke|p2|Chimecho, L50, M, shiny|\n|teampreview|4\n|inactive|Battle timer is ON: inactive players will automatically lose when time's up. (requested by xhooorxhi)\n|inactive|xhooorxhi has 60 seconds left.\n|\n|t:|1776559591\n|teamsize|p1|4\n|teamsize|p2|4\n|start\n|switch|p1a: Incineroar|Incineroar, L50, M|100/100\n|switch|p1b: Sneasler|Sneasler, L50, F|100/100\n|switch|p2a: Mista Dubstep|Goodra-Hisui, L50, M, shiny|100/100\n|switch|p2b: Tenshi\u2019s babie|Chimecho, L50, M, shiny|100/100\n|-ability|p1a: Incineroar|Intimidate|boost\n|-unboost|p2a: Mista Dubstep|atk|1\n|-unboost|p2b: Tenshi\u2019s babie|atk|1\n|turn|1\n|\n|t:|1776559614\n|detailschange|p2b: Tenshi\u2019s babie|Chimecho-Mega, L50, M, shiny\n|-mega|p2b: Tenshi\u2019s babie|Chimecho|Chimechite\n|move|p1a: Incineroar|Fake Out|p2b: Tenshi\u2019s babie\n|-resisted|p2b: Tenshi\u2019s babie|1\n|-damage|p2b: Tenshi\u2019s babie|94/100\n|move|p1b: Sneasler|Close Combat|p2a: Mista Dubstep\n|-supereffective|p2a: Mista Dubstep|1\n|-damage|p2a: Mista Dubstep|3/100\n|-unboost|p1b: Sneasler|def|1\n|-unboost|p1b: Sneasler|spd|1\n|-enditem|p1b: Sneasler|White Herb\n|-clearnegativeboost|p1b: Sneasler|[silent]\n|move|p2a: Mista Dubstep|Shelter|p2a: Mista Dubstep\n|-boost|p2a: Mista Dubstep|def|2\n|cant|p2b: Tenshi\u2019s babie|flinch\n|\n|-heal|p2a: Mista Dubstep|9/100|[from] item: Leftovers\n|upkeep\n|turn|2\n|\n|t:|1776559637\n|switch|p2b: No more tower|Sinistcha, L50, shiny|100/100\n|-heal|p2a: Mista Dubstep|34/100|[from] ability: Hospitality|[of] p2b: No more tower\n|move|p2a: Mista Dubstep|Protect|p2a: Mista Dubstep\n|-singleturn|p2a: Mista Dubstep|Protect\n|move|p1b: Sneasler|Close Combat|p2a: Mista Dubstep\n|-activate|p2a: Mista Dubstep|move: Protect\n|move|p1a: Incineroar|Darkest Lariat|p2b: No more tower\n|-supereffective|p2b: No more tower|1\n|-damage|p2b: No more tower|26/100\n|-enditem|p2b: No more tower|Sitrus Berry|[eat]\n|-heal|p2b: No more tower|50/100|[from] item: Sitrus Berry\n|\n|-heal|p2a: Mista Dubstep|40/100|[from] item: Leftovers\n|upkeep\n|turn|3\n|inactive|AsinineShark has 30 seconds left.\n|inactive|AsinineShark has 20 seconds left.\n|\n|t:|1776559675\n|switch|p2a: Tenshi\u2019s babie|Chimecho-Mega, L50, M, shiny|94/100\n|move|p1b: Sneasler|Gunk Shot|p2b: No more tower\n|-damage|p2b: No more tower|0 fnt\n|faint|p2b: No more tower\n|move|p1a: Incineroar|Superpower|p2a: Tenshi\u2019s babie\n|-damage|p2a: Tenshi\u2019s babie|58/100\n|-unboost|p1a: Incineroar|atk|1\n|-unboost|p1a: Incineroar|def|1\n|\n|upkeep\n|\n|t:|1776559687\n|switch|p2b: Yb feet stink|Tyranitar, L50, F|100/100\n|-weather|Sandstorm|[from] ability: Sand Stream|[of] p2b: Yb feet stink\n|turn|4\n|\n|t:|1776559696\n|switch|p1a: Chimecho|Chimecho, L50, F|100/100\n|move|p1b: Sneasler|Close Combat|p2a: Tenshi\u2019s babie\n|-damage|p2a: Tenshi\u2019s babie|0 fnt\n|-unboost|p1b: Sneasler|def|1\n|-unboost|p1b: Sneasler|spd|1\n|faint|p2a: Tenshi\u2019s babie\n|move|p2b: Yb feet stink|Earthquake|p1a: Chimecho|[spread] p1b\n|-immune|p1a: Chimecho|[from] ability: Levitate\n|-supereffective|p1b: Sneasler|1\n|-damage|p1b: Sneasler|0 fnt\n|faint|p1b: Sneasler\n|\n|-weather|Sandstorm|[upkeep]\n|-damage|p1a: Chimecho|94/100|[from] Sandstorm\n|upkeep\n|\n|t:|1776559712\n|switch|p1b: Incineroar|Incineroar, L50, M|100/100\n|switch|p2a: Mista Dubstep|Goodra-Hisui, L50, M, shiny|40/100\n|-ability|p1b: Incineroar|Intimidate|boost\n|-unboost|p2a: Mista Dubstep|atk|1\n|-unboost|p2b: Yb feet stink|atk|1\n|turn|5\n|inactive|AsinineShark has 30 seconds left.\n|inactive|AsinineShark has 20 seconds left.\n|\n|t:|1776559748\n|move|p1b: Incineroar|Fake Out|p2b: Yb feet stink\n|-resisted|p2b: Yb feet stink|1\n|-damage|p2b: Yb feet stink|95/100\n|move|p1a: Chimecho|Calm Mind|p1a: Chimecho\n|-boost|p1a: Chimecho|spa|1\n|-boost|p1a: Chimecho|spd|1\n|move|p2a: Mista Dubstep|Body Press|p1b: Incineroar\n|-supereffective|p1b: Incineroar|1\n|-damage|p1b: Incineroar|53/100\n|cant|p2b: Yb feet stink|flinch\n|\n|-weather|Sandstorm|[upkeep]\n|-damage|p1a: Chimecho|88/100|[from] Sandstorm\n|-damage|p1b: Incineroar|47/100|[from] Sandstorm\n|-enditem|p1b: Incineroar|Sitrus Berry|[eat]\n|-heal|p1b: Incineroar|72/100|[from] item: Sitrus Berry\n|-heal|p2a: Mista Dubstep|45/100|[from] item: Leftovers\n|upkeep\n|turn|6\n|inactive|xhooorxhi has 30 seconds left.\n|inactive|AsinineShark has 30 seconds left.\n|\n|t:|1776559778\n|detailschange|p1a: Chimecho|Chimecho-Mega, L50, F\n|-mega|p1a: Chimecho|Chimecho|Chimechite\n|move|p2a: Mista Dubstep|Protect|p2a: Mista Dubstep\n|-singleturn|p2a: Mista Dubstep|Protect\n|move|p1a: Chimecho|Flash Cannon|p2b: Yb feet stink\n|-supereffective|p2b: Yb feet stink|1\n|-damage|p2b: Yb feet stink|18/100\n|move|p2b: Yb feet stink|Crunch|p1a: Chimecho\n|-supereffective|p1a: Chimecho|1\n|-damage|p1a: Chimecho|36/100\n|move|p1b: Incineroar|Superpower|p2a: Mista Dubstep\n|-activate|p2a: Mista Dubstep|move: Protect\n|\n|-weather|Sandstorm|[upkeep]\n|-damage|p1b: Incineroar|66/100|[from] Sandstorm\n|-heal|p2a: Mista Dubstep|51/100|[from] item: Leftovers\n|upkeep\n|turn|7\n|inactive|AsinineShark has 30 seconds left.\n|\n|t:|1776559813\n|move|p1a: Chimecho|Flash Cannon|p2b: Yb feet stink\n|-supereffective|p2b: Yb feet stink|1\n|-damage|p2b: Yb feet stink|0 fnt\n|faint|p2b: Yb feet stink\n|move|p2a: Mista Dubstep|Shelter|p2a: Mista Dubstep\n|-boost|p2a: Mista Dubstep|def|2\n|move|p1b: Incineroar|Superpower|p2a: Mista Dubstep\n|-supereffective|p2a: Mista Dubstep|1\n|-damage|p2a: Mista Dubstep|18/100\n|-unboost|p1b: Incineroar|atk|1\n|-unboost|p1b: Incineroar|def|1\n|\n|-weather|Sandstorm|[upkeep]\n|-damage|p1b: Incineroar|60/100|[from] Sandstorm\n|-heal|p2a: Mista Dubstep|24/100|[from] item: Leftovers\n|upkeep\n|turn|8\n|-message|AsinineShark forfeited.\n|\n|win|xhooorxhi\n|raw|xhooorxhi's rating: 1196 &rarr; <strong>1214</strong><br />(+18 for winning)\n|raw|AsinineShark's rating: 1096 &rarr; <strong>1078</strong><br />(-18 for losing)\n|l|\u2606AsinineShark\n|player|p2|\n",
  "uploadtime": 1776559830,
  "views": 14,
  "formatid": "gen9championsvgc2026regma",
  "rating": 1078,
  "private": 0,
  "password": null
}