{
  "id": "gen9championsvgc2026regma-2588513742",
  "format": "[Gen 9 Champions] VGC 2026 Reg M-A",
  "players": [
    "Andres03CR",
    "thicc latina lover"
  ],
  "log": "|j|\u2606Andres03CR\n|j|\u2606thicc latina lover\n|t:|1776640482\n|gametype|doubles\n|player|p1|Andres03CR|volkner|1317\n|player|p2|thicc latina lover|skyla|1417\n|gen|9\n|tier|[Gen 9 Champions] VGC 2026 Reg M-A\n|rated|\n|rule|Species Clause: Limit one of each Pok\u00e9mon\n|rule|Item Clause: Limit 1 of each item\n|clearpoke\n|poke|p1|Garchomp, L50, F|\n|poke|p1|Charizard, L50, F|\n|poke|p1|Milotic, L50, F|\n|poke|p1|Venusaur, L50, M|\n|poke|p1|Incineroar, L50, M|\n|poke|p1|Gardevoir, L50, M|\n|poke|p2|Venusaur, L50, M, shiny|\n|poke|p2|Pelipper, L50, M, shiny|\n|poke|p2|Basculegion, L50, M|\n|poke|p2|Archaludon, L50, F|\n|poke|p2|Sneasler, L50, M|\n|poke|p2|Incineroar, L50, F|\n|teampreview|4\n|inactive|Battle timer is ON: inactive players will automatically lose when time's up. (requested by Andres03CR)\n|\n|t:|1776640523\n|teamsize|p1|4\n|teamsize|p2|4\n|start\n|switch|p1a: Charizard|Charizard, L50, F|100/100\n|switch|p1b: Venusaur|Venusaur, L50, M|100/100\n|switch|p2a: Venusaur|Venusaur, L50, M, shiny|100/100\n|switch|p2b: Basculegion|Basculegion, L50, M|100/100\n|turn|1\n|inactive|Andres03CR has 30 seconds left.\n|inactive|Andres03CR has 20 seconds left.\n|\n|t:|1776640560\n|detailschange|p2a: Venusaur|Venusaur-Mega, L50, M, shiny\n|-mega|p2a: Venusaur|Venusaur|Venusaurite\n|move|p1a: Charizard|Protect|p1a: Charizard\n|-singleturn|p1a: Charizard|Protect\n|move|p1b: Venusaur|Protect|p1b: Venusaur\n|-singleturn|p1b: Venusaur|Protect\n|move|p2b: Basculegion|Flip Turn|p1a: Charizard\n|-activate|p1a: Charizard|move: Protect\n|move|p2a: Venusaur|Leech Seed|p1a: Charizard\n|-activate|p1a: Charizard|move: Protect\n|\n|upkeep\n|turn|2\n|\n|t:|1776640585\n|detailschange|p1a: Charizard|Charizard-Mega-Y, L50, F\n|-mega|p1a: Charizard|Charizard|Charizardite Y\n|-weather|SunnyDay|[from] ability: Drought|[of] p1a: Charizard\n|move|p1b: Venusaur|Sleep Powder|p2b: Basculegion\n|-status|p2b: Basculegion|slp|[from] move: Sleep Powder\n|cant|p2b: Basculegion|slp\n|move|p1a: Charizard|Heat Wave|p2b: Basculegion|[spread] p2a,p2b\n|-supereffective|p2a: Venusaur|1\n|-resisted|p2b: Basculegion|1\n|-damage|p2a: Venusaur|67/100\n|-damage|p2b: Basculegion|69/100 slp\n|move|p2a: Venusaur|Leech Seed|p1a: Charizard\n|-start|p1a: Charizard|move: Leech Seed\n|\n|-weather|SunnyDay|[upkeep]\n|-damage|p1a: Charizard|88/100|[from] Leech Seed|[of] p2a: Venusaur\n|-heal|p2a: Venusaur|79/100|[silent]\n|upkeep\n|turn|3\n|inactive|Andres03CR has 30 seconds left.\n|inactive|thicc latina lover has 30 seconds left.\n|inactive|Andres03CR has 20 seconds left.\n|inactive|Andres03CR has 15 seconds left.\n|inactive|thicc latina lover has 20 seconds left.\n|inactive|Andres03CR has 10 seconds left.\n|inactive|thicc latina lover has 15 seconds left.\n|inactive|thicc latina lover has 10 seconds left.\n|\n|t:|1776640638\n|switch|p1a: Gardevoir|Gardevoir, L50, M|100/100\n|move|p1b: Venusaur|Leaf Storm|p2b: Basculegion\n|-supereffective|p2b: Basculegion|1\n|-damage|p2b: Basculegion|0 fnt\n|-unboost|p1b: Venusaur|spa|2\n|faint|p2b: Basculegion\n|move|p2a: Venusaur|Giga Drain|p1a: Gardevoir\n|-damage|p1a: Gardevoir|66/100\n|-heal|p2a: Venusaur|92/100|[from] drain|[of] p1a: Gardevoir\n|\n|-weather|SunnyDay|[upkeep]\n|upkeep\n|\n|t:|1776640647\n|switch|p2b: Sneasler|Sneasler, L50, M|100/100\n|turn|4\n|inactive|Andres03CR has 30 seconds left.\n|\n|t:|1776640679\n|switch|p1b: Charizard|Charizard-Mega-Y, L50, F|88/100\n|move|p2b: Sneasler|Fake Out|p1a: Gardevoir\n|-damage|p1a: Gardevoir|43/100\n|cant|p1a: Gardevoir|flinch\n|move|p2a: Venusaur|Sludge Bomb|p1a: Gardevoir\n|-supereffective|p1a: Gardevoir|1\n|-damage|p1a: Gardevoir|0 fnt\n|faint|p1a: Gardevoir\n|\n|-weather|SunnyDay|[upkeep]\n|upkeep\n|\n|t:|1776640693\n|switch|p1a: Venusaur|Venusaur, L50, M|100/100\n|turn|5\n|\n|t:|1776640704\n|switch|p2b: Pelipper|Pelipper, L50, M, shiny|100/100\n|-weather|RainDance|[from] ability: Drizzle|[of] p2b: Pelipper\n|move|p1b: Charizard|Heat Wave|p2a: Venusaur|[spread] p2a,p2b\n|-supereffective|p2a: Venusaur|1\n|-resisted|p2b: Pelipper|1\n|-damage|p2a: Venusaur|82/100\n|-damage|p2b: Pelipper|82/100\n|move|p1a: Venusaur|Sludge Bomb|p2a: Venusaur\n|-damage|p2a: Venusaur|57/100\n|move|p2a: Venusaur|Leech Seed|p1b: Charizard\n|-start|p1b: Charizard|move: Leech Seed\n|\n|-weather|RainDance|[upkeep]\n|-damage|p1b: Charizard|76/100|[from] Leech Seed|[of] p2a: Venusaur\n|-heal|p2a: Venusaur|69/100|[silent]\n|upkeep\n|turn|6\n|inactive|Andres03CR has 30 seconds left.\n|\n|t:|1776640730\n|switch|p1b: Milotic|Milotic, L50, F|100/100\n|move|p1a: Venusaur|Sleep Powder|p2b: Pelipper\n|-status|p2b: Pelipper|slp|[from] move: Sleep Powder\n|cant|p2b: Pelipper|slp\n|move|p2a: Venusaur|Sludge Bomb|p1b: Milotic\n|-damage|p1b: Milotic|75/100\n|\n|-weather|RainDance|[upkeep]\n|upkeep\n|turn|7\n|inactive|Andres03CR has 30 seconds left.\n|inactive|thicc latina lover has 30 seconds left.\n|\n|t:|1776640764\n|move|p1b: Milotic|Protect|p1b: Milotic\n|-singleturn|p1b: Milotic|Protect\n|move|p1a: Venusaur|Sludge Bomb|p2a: Venusaur\n|-damage|p2a: Venusaur|43/100\n|cant|p2b: Pelipper|slp\n|move|p2a: Venusaur|Leech Seed|p1b: Milotic\n|-activate|p1b: Milotic|move: Protect\n|\n|-weather|RainDance|[upkeep]\n|upkeep\n|turn|8\n|inactive|Andres03CR has 30 seconds left.\n|\n|t:|1776640796\n|move|p1a: Venusaur|Sludge Bomb|p2a: Venusaur\n|-damage|p2a: Venusaur|19/100\n|-curestatus|p2b: Pelipper|slp|[msg]\n|move|p2b: Pelipper|Weather Ball|p1a: Venusaur\n|-resisted|p1a: Venusaur|1\n|-damage|p1a: Venusaur|64/100\n|move|p1b: Milotic|Icy Wind|p2a: Venusaur|[spread] p2a,p2b\n|-supereffective|p2a: Venusaur|1\n|-damage|p2a: Venusaur|11/100\n|-damage|p2b: Pelipper|64/100\n|-unboost|p2a: Venusaur|spe|1\n|-unboost|p2b: Pelipper|spe|1\n|move|p2a: Venusaur|Sludge Bomb|p1a: Venusaur\n|-damage|p1a: Venusaur|22/100\n|\n|-weather|RainDance|[upkeep]\n|upkeep\n|turn|9\n|inactive|Andres03CR has 30 seconds left.\n|inactive|Andres03CR has 20 seconds left.\n|inactive|Andres03CR has 15 seconds left.\n|inactive|Andres03CR has 10 seconds left.\n|\n|t:|1776640842\n|switch|p2a: Sneasler|Sneasler, L50, M|100/100\n|move|p1a: Venusaur|Protect|p1a: Venusaur\n|-singleturn|p1a: Venusaur|Protect\n|move|p1b: Milotic|Icy Wind|p2b: Pelipper|[spread] p2a,p2b\n|-damage|p2a: Sneasler|87/100\n|-damage|p2b: Pelipper|47/100\n|-unboost|p2a: Sneasler|spe|1\n|-unboost|p2b: Pelipper|spe|1\n|-enditem|p2a: Sneasler|White Herb\n|-clearnegativeboost|p2a: Sneasler|[silent]\n|move|p2b: Pelipper|Tailwind|p2b: Pelipper\n|-sidestart|p2: thicc latina lover|move: Tailwind\n|\n|-weather|none\n|upkeep\n|turn|10\n|inactive|Andres03CR has 30 seconds left.\n|inactive|thicc latina lover has 30 seconds left.\n|inactive|Andres03CR has 20 seconds left.\n|inactive|thicc latina lover has 20 seconds left.\n|inactive|Andres03CR has 15 seconds left.\n|inactive|thicc latina lover has 15 seconds left.\n|inactive|Andres03CR has 10 seconds left.\n|inactive|thicc latina lover has 10 seconds left.\n|inactive|Andres03CR has 5 seconds left.\n|inactive|thicc latina lover has 5 seconds left.\n|\n|t:|1776640894\n|move|p2a: Sneasler|Dire Claw|p1a: Venusaur\n|-damage|p1a: Venusaur|0 fnt\n|faint|p1a: Venusaur\n|move|p2b: Pelipper|Weather Ball|p1b: Milotic\n|-damage|p1b: Milotic|65/100\n|move|p1b: Milotic|Icy Wind|p2a: Sneasler|[spread] p2a,p2b\n|-damage|p2a: Sneasler|75/100\n|-damage|p2b: Pelipper|32/100\n|-unboost|p2a: Sneasler|spe|1\n|-unboost|p2b: Pelipper|spe|1\n|\n|upkeep\n|\n|t:|1776640906\n|switch|p1a: Charizard|Charizard-Mega-Y, L50, F|76/100\n|-weather|SunnyDay|[from] ability: Drought|[of] p1a: Charizard\n|turn|11\n|inactive|thicc latina lover has 30 seconds left.\n|\n|t:|1776640933\n|move|p2b: Pelipper|Protect|p2b: Pelipper\n|-singleturn|p2b: Pelipper|Protect\n|move|p2a: Sneasler|Dire Claw|p1a: Charizard\n|-crit|p1a: Charizard\n|-damage|p1a: Charizard|0 fnt\n|faint|p1a: Charizard\n|move|p1b: Milotic|Icy Wind|p2b: Pelipper|[spread] p2a\n|-activate|p2b: Pelipper|move: Protect\n|-damage|p2a: Sneasler|63/100\n|-unboost|p2a: Sneasler|spe|1\n|\n|-weather|SunnyDay|[upkeep]\n|upkeep\n|turn|12\n|\n|t:|1776640955\n|move|p2a: Sneasler|Dire Claw|p1b: Milotic\n|-damage|p1b: Milotic|29/100\n|-enditem|p1b: Milotic|Sitrus Berry|[eat]\n|-heal|p1b: Milotic|53/100|[from] item: Sitrus Berry\n|move|p1b: Milotic|Icy Wind|p2b: Pelipper|[spread] p2a,p2b\n|-damage|p2a: Sneasler|51/100\n|-damage|p2b: Pelipper|15/100\n|-unboost|p2a: Sneasler|spe|1\n|-unboost|p2b: Pelipper|spe|1\n|move|p2b: Pelipper|Weather Ball|p1b: Milotic\n|-resisted|p1b: Milotic|1\n|-damage|p1b: Milotic|38/100\n|\n|-weather|SunnyDay|[upkeep]\n|-sideend|p2: thicc latina lover|move: Tailwind\n|upkeep\n|turn|13\n|inactive|Andres03CR has 30 seconds left.\n|inactive|thicc latina lover has 30 seconds left.\n|\n|t:|1776640987\n|move|p2a: Sneasler|Close Combat|p1b: Milotic\n|-damage|p1b: Milotic|0 fnt\n|-unboost|p2a: Sneasler|def|1\n|-unboost|p2a: Sneasler|spd|1\n|faint|p1b: Milotic\n|\n|win|thicc latina lover\n|raw|Andres03CR's rating: 1317 &rarr; <strong>1303</strong><br />(-14 for losing)\n|raw|thicc latina lover's rating: 1417 &rarr; <strong>1431</strong><br />(+14 for winning)\n",
  "uploadtime": 1776640988,
  "views": 9,
  "formatid": "gen9championsvgc2026regma",
  "rating": 1303,
  "private": 0,
  "password": null
}