{
  "id": "gen9championsvgc2026regma-2588631801",
  "format": "[Gen 9 Champions] VGC 2026 Reg M-A",
  "players": [
    "Alphabet Cookies",
    "Star7700"
  ],
  "log": "|j|\u2606Alphabet Cookies\n|j|\u2606Star7700\n|t:|1776651967\n|gametype|doubles\n|player|p1|Alphabet Cookies|1|1000\n|player|p2|Star7700|170|1068\n|gen|9\n|tier|[Gen 9 Champions] VGC 2026 Reg M-A\n|rated|\n|rule|Species Clause: Limit one of each Pok\u00e9mon\n|rule|Item Clause: Limit 1 of each item\n|clearpoke\n|poke|p1|Scizor, L50, M|\n|poke|p1|Sinistcha-Masterpiece, L50|\n|poke|p1|Farigiraf, L50, F|\n|poke|p1|Aerodactyl, L50, M|\n|poke|p1|Primarina, L50, M|\n|poke|p1|Kommo-o, L50, F|\n|poke|p2|Meganium, L50, F|\n|poke|p2|Pelipper, L50, F|\n|poke|p2|Archaludon, L50, F|\n|poke|p2|Basculegion, L50, M|\n|poke|p2|Tauros-Paldea-Aqua, L50, M|\n|poke|p2|Sableye, L50, M|\n|teampreview|4\n|inactive|Battle timer is ON: inactive players will automatically lose when time's up. (requested by Alphabet Cookies)\n|inactive|Alphabet Cookies has 60 seconds left.\n|inactive|Star7700 has 60 seconds left.\nAlphabet Cookies has agreed to open team sheets.\n|\n|t:|1776652017\n|teamsize|p1|4\n|teamsize|p2|4\n|start\n|switch|p1a: Aerodactyl|Aerodactyl, L50, M|100/100\n|switch|p1b: Farigiraf|Farigiraf, L50, F|100/100\n|switch|p2a: Sableye|Sableye, L50, M|100/100\n|switch|p2b: Meganium|Meganium, L50, F|100/100\n|turn|1\n|inactive|Star7700 has 30 seconds left.\n|inactive|Star7700 has 20 seconds left.\n|\n|t:|1776652052\n|detailschange|p2b: Meganium|Meganium-Mega, L50, F\n|-mega|p2b: Meganium|Meganium|Meganiumite\n|move|p1a: Aerodactyl|Dual Wingbeat|p2b: Meganium\n|-supereffective|p2b: Meganium|1\n|-damage|p2b: Meganium|64/100\n|-supereffective|p2b: Meganium|1\n|-damage|p2b: Meganium|24/100\n|-hitcount|p2b: Meganium|2\n|move|p2b: Meganium|Solar Beam||[still]\n|-prepare|p2b: Meganium|Solar Beam\n|-activate|p2b: Meganium|ability: Mega Sol\n|-anim|p2b: Meganium|Solar Beam|p1a: Aerodactyl\n|-damage|p1a: Aerodactyl|2/100\n|move|p2a: Sableye|Foul Play|p1b: Farigiraf\n|-supereffective|p1b: Farigiraf|1\n|-enditem|p1b: Farigiraf|Colbur Berry|[eat]\n|-enditem|p1b: Farigiraf|Colbur Berry|[weaken]\n|-damage|p1b: Farigiraf|75/100\n|move|p1b: Farigiraf|Trick Room|p1b: Farigiraf\n|-fieldstart|move: Trick Room|[of] p1b: Farigiraf\n|\n|upkeep\n|turn|2\n|inactive|Alphabet Cookies has 30 seconds left.\n|\n|t:|1776652083\n|move|p2b: Meganium|Protect|p2b: Meganium\n|-singleturn|p2b: Meganium|Protect\n|move|p2a: Sableye|Foul Play|p1a: Aerodactyl\n|-damage|p1a: Aerodactyl|0 fnt\n|faint|p1a: Aerodactyl\n|move|p1b: Farigiraf|Twin Beam|p2b: Meganium\n|-activate|p2b: Meganium|move: Protect\n|\n|upkeep\n|\n|t:|1776652086\n|switch|p1a: Sinistcha|Sinistcha-Masterpiece, L50|100/100\n|-heal|p1b: Farigiraf|99/100|[from] ability: Hospitality|[of] p1a: Sinistcha\n|turn|3\n|inactive|Star7700 has 30 seconds left.\n|\n|t:|1776652120\n|switch|p2b: Pelipper|Pelipper, L50, F|100/100\n|-weather|RainDance|[from] ability: Drizzle|[of] p2b: Pelipper\n|move|p2a: Sableye|Foul Play|p1b: Farigiraf\n|-supereffective|p1b: Farigiraf|1\n|-damage|p1b: Farigiraf|47/100\n|move|p1b: Farigiraf|Twin Beam|p2b: Pelipper\n|-damage|p2b: Pelipper|72/100\n|-damage|p2b: Pelipper|43/100\n|-hitcount|p2b: Pelipper|2\n|move|p1a: Sinistcha|Matcha Gotcha|p2a: Sableye|[spread] p2a\n|-miss|p1a: Sinistcha|p2b: Pelipper\n|-damage|p2a: Sableye|72/100\n|\n|-weather|RainDance|[upkeep]\n|upkeep\n|turn|4\n|inactive|Alphabet Cookies has 30 seconds left.\n|\n|t:|1776652159\n|move|p2b: Pelipper|Protect|p2b: Pelipper\n|-singleturn|p2b: Pelipper|Protect\n|move|p2a: Sableye|Foul Play|p1b: Farigiraf\n|-supereffective|p1b: Farigiraf|1\n|-damage|p1b: Farigiraf|0 fnt\n|faint|p1b: Farigiraf\n|move|p1a: Sinistcha|Life Dew||[still]\n|-fail|p1a: Sinistcha|heal\n|\n|-weather|RainDance|[upkeep]\n|upkeep\n|\n|t:|1776652161\n|switch|p1b: Kommo-o|Kommo-o, L50, F|100/100\n|turn|5\n|\n|t:|1776652180\n|switch|p2b: Basculegion|Basculegion, L50, M|100/100\n|move|p2a: Sableye|Will-O-Wisp|p1b: Kommo-o\n|-status|p1b: Kommo-o|brn\n|move|p1a: Sinistcha|Matcha Gotcha|p2b: Basculegion|[spread] p2a,p2b\n|-supereffective|p2b: Basculegion|1\n|-damage|p2a: Sableye|44/100\n|-damage|p2b: Basculegion|47/100\n|-enditem|p2a: Sableye|Sitrus Berry|[eat]\n|-heal|p2a: Sableye|69/100|[from] item: Sitrus Berry\n|move|p1b: Kommo-o|Clanging Scales|p2a: Sableye|[spread] p2a,p2b\n|-damage|p2a: Sableye|27/100\n|-damage|p2b: Basculegion|5/100\n|-unboost|p1b: Kommo-o|def|1\n|\n|-weather|RainDance|[upkeep]\n|-damage|p1b: Kommo-o|94/100 brn|[from] brn\n|-fieldend|move: Trick Room\n|upkeep\n|turn|6\n|inactive|Star7700 has 30 seconds left.\n|inactive|Star7700 has 20 seconds left.\n|inactive|Star7700 has 15 seconds left.\n|\n|t:|1776652230\n|move|p1a: Sinistcha|Rage Powder|p1a: Sinistcha\n|-singleturn|p1a: Sinistcha|move: Rage Powder\n|move|p2b: Basculegion|Flip Turn|p1a: Sinistcha\n|-resisted|p1a: Sinistcha|1\n|-damage|p1a: Sinistcha|74/100\n|\n|t:|1776652236\n|switch|p2b: Meganium|Meganium-Mega, L50, F|24/100|[from] Flip Turn\n|move|p1b: Kommo-o|Clanging Scales|p2a: Sableye|[spread] p2a\n|-immune|p2b: Meganium\n|-damage|p2a: Sableye|0 fnt\n|faint|p2a: Sableye\n|-unboost|p1b: Kommo-o|def|1\n|\n|-weather|RainDance|[upkeep]\n|-damage|p1b: Kommo-o|88/100 brn|[from] brn\n|upkeep\n|\n|t:|1776652252\n|switch|p2a: Pelipper|Pelipper, L50, F|43/100\n|turn|7\n|\n|t:|1776652269\n|move|p1b: Kommo-o|Protect|p1b: Kommo-o\n|-singleturn|p1b: Kommo-o|Protect\n|move|p2a: Pelipper|Hurricane|p1b: Kommo-o\n|-activate|p1b: Kommo-o|move: Protect\n|move|p2b: Meganium|Dazzling Gleam|p1b: Kommo-o|[spread] p1a\n|-activate|p1b: Kommo-o|move: Protect\n|-damage|p1a: Sinistcha|42/100\n|move|p1a: Sinistcha|Trick Room|p1a: Sinistcha\n|-fieldstart|move: Trick Room|[of] p1a: Sinistcha\n|\n|-weather|none\n|-damage|p1b: Kommo-o|82/100 brn|[from] brn\n|upkeep\n|turn|8\n|\n|t:|1776652288\n|move|p1a: Sinistcha|Matcha Gotcha|p2a: Pelipper|[spread] p2a,p2b\n|-resisted|p2b: Meganium|1\n|-damage|p2a: Pelipper|0 fnt\n|-heal|p1a: Sinistcha|58/100|[from] drain|[of] p2a: Pelipper\n|-damage|p2b: Meganium|13/100\n|-heal|p1a: Sinistcha|63/100|[from] drain|[of] p2b: Meganium\n|faint|p2a: Pelipper\n|move|p1b: Kommo-o|Clanging Scales|p2b: Meganium\n|-immune|p2b: Meganium\n|move|p2b: Meganium|Dazzling Gleam|p1b: Kommo-o|[spread] p1a,p1b\n|-supereffective|p1b: Kommo-o|2\n|-damage|p1a: Sinistcha|33/100\n|-damage|p1b: Kommo-o|0 fnt\n|faint|p1b: Kommo-o\n|\n|upkeep\n|\n|t:|1776652310\n|switch|p2a: Basculegion|Basculegion, L50, M|5/100\n|turn|9\n|\n|t:|1776652322\n|move|p1a: Sinistcha|Matcha Gotcha|p2b: Meganium|[spread] p2a\n|-miss|p1a: Sinistcha|p2b: Meganium\n|-supereffective|p2a: Basculegion|1\n|-damage|p2a: Basculegion|0 fnt\n|-heal|p1a: Sinistcha|36/100|[from] drain|[of] p2a: Basculegion\n|faint|p2a: Basculegion\n|move|p2b: Meganium|Weather Ball|p1a: Sinistcha\n|-supereffective|p1a: Sinistcha|1\n|-damage|p1a: Sinistcha|0 fnt\n|faint|p1a: Sinistcha\n|\n|win|Star7700\n|raw|Alphabet Cookies's rating: 1000 &rarr; <strong>1000</strong><br />(+0 for losing)\n|raw|Star7700's rating: 1068 &rarr; <strong>1092</strong><br />(+24 for winning)\n|l|\u2606Alphabet Cookies\n|player|p1|\n",
  "uploadtime": 1776652335,
  "views": 12,
  "formatid": "gen9championsvgc2026regma",
  "rating": 1000,
  "private": 0,
  "password": null
}