{
  "id": "gen9championsvgc2026regma-2584537068",
  "format": "[Gen 9 Champions] VGC 2026 Reg M-A",
  "players": [
    "whygo",
    "YNWALMAZ"
  ],
  "log": "|j|\u2606whygo\n|j|\u2606YNWALMAZ\n|t:|1776267317\n|gametype|doubles\n|player|p1|whygo|101|1033\n|player|p2|YNWALMAZ|steven|1017\n|gen|9\n|tier|[Gen 9 Champions] VGC 2026 Reg M-A\n|rated|\n|rule|Species Clause: Limit one of each Pok\u00e9mon\n|rule|Item Clause: Limit 1 of each item\n|clearpoke\n|poke|p1|Incineroar, L50, M|\n|poke|p1|Floette-Eternal, L50, F|\n|poke|p1|Goodra-Hisui, L50, F|\n|poke|p1|Sinistcha-Masterpiece, L50|\n|poke|p1|Raichu, L50, M|\n|poke|p1|Basculegion, L50, M|\n|poke|p2|Leafeon, L50, M|\n|poke|p2|Meowstic, L50, M|\n|poke|p2|Torkoal, L50, F|\n|poke|p2|Drampa, L50, M|\n|poke|p2|Garganacl, L50, M|\n|poke|p2|Archaludon, L50, M|\n|teampreview|4\n|\n|t:|1776267357\n|teamsize|p1|4\n|teamsize|p2|4\n|start\n|switch|p1a: Basculegion|Basculegion, L50, M|100/100\n|switch|p1b: Floette|Floette-Eternal, L50, F|100/100\n|switch|p2a: Torkoal|Torkoal, L50, F|100/100\n|switch|p2b: Meowstic|Meowstic, L50, M, shiny|100/100\n|-weather|SunnyDay|[from] ability: Drought|[of] p2a: Torkoal\n|turn|1\n|\n|t:|1776267380\n|switch|p2a: Archaludon|Archaludon, L50, M|100/100\n|detailschange|p1b: Floette|Floette-Mega, L50, F\n|-mega|p1b: Floette|Floette|Floettite\n|-ability|p1b: Floette|Fairy Aura\n|move|p2b: Meowstic|Fake Out|p1b: Floette\n|-damage|p1b: Floette|95/100\n|move|p1a: Basculegion|Wave Crash|p2a: Archaludon\n|-resisted|p2a: Archaludon|1\n|-damage|p2a: Archaludon|87/100\n|-ability|p2a: Archaludon|Stamina|boost\n|-boost|p2a: Archaludon|def|1\n|-damage|p1a: Basculegion|96/100|[from] Recoil\n|cant|p1b: Floette|flinch\n|\n|-weather|SunnyDay|[upkeep]\n|-heal|p2a: Archaludon|93/100|[from] item: Leftovers\n|upkeep\n|turn|2\n|\n|t:|1776267406\n|switch|p1a: Incineroar|Incineroar, L50, M, shiny|100/100\n|-ability|p1a: Incineroar|Intimidate|boost\n|-unboost|p2a: Archaludon|atk|1\n|-unboost|p2b: Meowstic|atk|1\n|move|p1b: Floette|Protect|p1b: Floette\n|-singleturn|p1b: Floette|Protect\n|move|p2a: Archaludon|Flash Cannon|p1b: Floette\n|-activate|p1b: Floette|move: Protect\n|move|p2b: Meowstic|Trick Room|p2b: Meowstic\n|-fieldstart|move: Trick Room|[of] p2b: Meowstic\n|\n|-weather|SunnyDay|[upkeep]\n|-heal|p2a: Archaludon|99/100|[from] item: Leftovers\n|upkeep\n|turn|3\n|\n|t:|1776267432\n|switch|p1b: Basculegion|Basculegion, L50, M|96/100\n|move|p2b: Meowstic|Reflect|p2b: Meowstic\n|-sidestart|p2: YNWALMAZ|Reflect\n|move|p2a: Archaludon|Flash Cannon|p1b: Basculegion\n|-resisted|p1b: Basculegion|1\n|-damage|p1b: Basculegion|72/100\n|-unboost|p1b: Basculegion|spd|1\n|move|p1a: Incineroar|Parting Shot|p2a: Archaludon\n|-unboost|p2a: Archaludon|atk|1\n|-unboost|p2a: Archaludon|spa|1\n|\n|t:|1776267443\n|switch|p1a: Floette|Floette-Mega, L50, F|95/100|[from] Parting Shot\n|-ability|p1a: Floette|Fairy Aura\n|\n|-weather|SunnyDay|[upkeep]\n|-heal|p2a: Archaludon|100/100|[from] item: Leftovers\n|upkeep\n|turn|4\n|\n|t:|1776267459\n|switch|p1a: Incineroar|Incineroar, L50, M, shiny|100/100\n|-ability|p1a: Incineroar|Intimidate|boost\n|-unboost|p2a: Archaludon|atk|1\n|-unboost|p2b: Meowstic|atk|1\n|move|p2b: Meowstic|Protect|p2b: Meowstic\n|-singleturn|p2b: Meowstic|Protect\n|move|p2a: Archaludon|Flash Cannon|p1a: Incineroar\n|-resisted|p1a: Incineroar|1\n|-damage|p1a: Incineroar|88/100\n|move|p1b: Basculegion|Flip Turn|p2b: Meowstic\n|-activate|p2b: Meowstic|move: Protect\n|\n|-weather|SunnyDay|[upkeep]\n|upkeep\n|turn|5\n|\n|t:|1776267496\n|switch|p2b: Drampa|Drampa, L50, M, shiny|100/100\n|move|p2a: Archaludon|Electro Shot||[still]\n|-prepare|p2a: Archaludon|Electro Shot\n|-boost|p2a: Archaludon|spa|1\n|move|p1a: Incineroar|Parting Shot|p2a: Archaludon\n|-unboost|p2a: Archaludon|atk|1\n|-unboost|p2a: Archaludon|spa|1\n|\n|t:|1776267506\n|switch|p1a: Floette|Floette-Mega, L50, F|95/100|[from] Parting Shot\n|-ability|p1a: Floette|Fairy Aura\n|move|p1b: Basculegion|Flip Turn|p2b: Drampa\n|-resisted|p2b: Drampa|1\n|-damage|p2b: Drampa|93/100\n|\n|t:|1776267515\n|switch|p1b: Raichu|Raichu, L50, M|100/100|[from] Flip Turn\n|\n|-weather|none\n|upkeep\n|turn|6\n|\n|t:|1776267526\n|detailschange|p2b: Drampa|Drampa-Mega, L50, M, shiny\n|-mega|p2b: Drampa|Drampa|Drampanite\n|move|p1b: Raichu|Fake Out|p2b: Drampa\n|-damage|p2b: Drampa|85/100\n|cant|p2b: Drampa|flinch\n|move|p2a: Archaludon|Electro Shot|p1b: Raichu|[from] lockedmove\n|-ability|p1b: Raichu|Lightning Rod|boost\n|-boost|p1b: Raichu|spa|1\n|move|p1a: Floette|Calm Mind|p1a: Floette\n|-boost|p1a: Floette|spa|1\n|-boost|p1a: Floette|spd|1\n|\n|-fieldend|move: Trick Room\n|upkeep\n|turn|7\n|-message|YNWALMAZ forfeited.\n|\n|win|whygo\n|raw|whygo's rating: 1033 &rarr; <strong>1066</strong><br />(+33 for winning)\n|raw|YNWALMAZ's rating: 1017 &rarr; <strong>1005</strong><br />(-12 for losing)\n|l|\u2606YNWALMAZ\n|player|p2|\n",
  "uploadtime": 1776267547,
  "views": 22,
  "formatid": "gen9championsvgc2026regma",
  "rating": 1005,
  "private": 0,
  "password": null
}