{
  "id": "gen9championsvgc2026regma-2586499653",
  "format": "[Gen 9 Champions] VGC 2026 Reg M-A",
  "players": [
    "lolgz",
    "azorions"
  ],
  "log": "|j|\u2606lolgz\n|j|\u2606azorions\n|t:|1776438920\n|gametype|doubles\n|player|p1|lolgz|dawn|\n|player|p2|azorions|falkner|\n|gen|9\n|tier|[Gen 9 Champions] VGC 2026 Reg M-A\n|rated|Tournament battle\n|rule|Species Clause: Limit one of each Pok\u00e9mon\n|rule|Item Clause: Limit 1 of each item\n|clearpoke\n|poke|p1|Floette-Eternal, L50, F|\n|poke|p1|Gardevoir, L50, M|\n|poke|p1|Garchomp, L50, F|\n|poke|p1|Aerodactyl, L50, M|\n|poke|p1|Milotic, L50, M|\n|poke|p1|Volcarona, L50, F|\n|poke|p2|Volcarona, L50, F|\n|poke|p2|Basculegion, L50, M|\n|poke|p2|Sneasler, L50, F|\n|poke|p2|Kingambit, L50, F|\n|poke|p2|Froslass, L50, F|\n|poke|p2|Venusaur, L50, M|\n|teampreview|4\n|inactive|Battle timer is ON: inactive players will automatically lose when time's up. (requested by azorions)\n|c|\u2606azorions|Glhf\n|inactive|lolgz has 60 seconds left.\n|inactive|azorions has 60 seconds left.\n|c|\u2606lolgz|u2\n|\n|t:|1776438975\n|teamsize|p1|4\n|teamsize|p2|4\n|start\n|switch|p1a: Aerodactyl|Aerodactyl, L50, M|100/100\n|switch|p1b: Garchomp|Garchomp, L50, F|100/100\n|switch|p2a: Venusaur|Venusaur, L50, M, shiny|100/100\n|switch|p2b: Sneasler|Sneasler, L50, F, shiny|100/100\n|-ability|p1a: Aerodactyl|Unnerve\n|turn|1\n|j| papatoya\n|inactive|lolgz has 30 seconds left.\n|\n|t:|1776439001\n|detailschange|p2a: Venusaur|Venusaur-Mega, L50, M, shiny\n|-mega|p2a: Venusaur|Venusaur|Venusaurite\n|move|p1a: Aerodactyl|Protect|p1a: Aerodactyl\n|-singleturn|p1a: Aerodactyl|Protect\n|move|p1b: Garchomp|Protect|p1b: Garchomp\n|-singleturn|p1b: Garchomp|Protect\n|move|p2b: Sneasler|Close Combat|p1a: Aerodactyl\n|-activate|p1a: Aerodactyl|move: Protect\n|move|p2a: Venusaur|Sludge Bomb|p1a: Aerodactyl\n|-activate|p1a: Aerodactyl|move: Protect\n|\n|upkeep\n|turn|2\n|\n|t:|1776439022\n|move|p2b: Sneasler|Protect|p2b: Sneasler\n|-singleturn|p2b: Sneasler|Protect\n|move|p1a: Aerodactyl|Tailwind|p1a: Aerodactyl\n|-sidestart|p1: lolgz|move: Tailwind\n|move|p1b: Garchomp|Earthquake|p2a: Venusaur|[spread] p2a\n|-activate|p2b: Sneasler|move: Protect\n|-immune|p1a: Aerodactyl\n|-damage|p2a: Venusaur|68/100\n|move|p2a: Venusaur|Leech Seed|p1a: Aerodactyl\n|-start|p1a: Aerodactyl|move: Leech Seed\n|\n|-damage|p1a: Aerodactyl|88/100|[from] Leech Seed|[of] p2a: Venusaur\n|-heal|p2a: Venusaur|78/100|[silent]\n|upkeep\n|turn|3\n|\n|t:|1776439042\n|move|p1a: Aerodactyl|Dual Wingbeat|p2a: Venusaur\n|-supereffective|p2a: Venusaur|1\n|-damage|p2a: Venusaur|51/100\n|-supereffective|p2a: Venusaur|1\n|-damage|p2a: Venusaur|25/100\n|-hitcount|p2a: Venusaur|2\n|move|p1b: Garchomp|Earthquake|p2b: Sneasler|[spread] p2a,p2b\n|-immune|p1a: Aerodactyl\n|-supereffective|p2b: Sneasler|1\n|-damage|p2a: Venusaur|0 fnt\n|-damage|p2b: Sneasler|4/100\n|faint|p2a: Venusaur\n|move|p2b: Sneasler|Close Combat|p1a: Aerodactyl\n|-damage|p1a: Aerodactyl|0 fnt\n|-unboost|p2b: Sneasler|def|1\n|-unboost|p2b: Sneasler|spd|1\n|faint|p1a: Aerodactyl\n|-enditem|p2b: Sneasler|White Herb\n|-clearnegativeboost|p2b: Sneasler|[silent]\n|\n|upkeep\n|\n|t:|1776439062\n|switch|p1a: Volcarona|Volcarona, L50, F|100/100\n|switch|p2a: Basculegion|Basculegion, L50, M, shiny|100/100\n|turn|4\n|\n|t:|1776439084\n|move|p1b: Garchomp|Stomping Tantrum|p2b: Sneasler\n|-supereffective|p2b: Sneasler|1\n|-damage|p2b: Sneasler|0 fnt\n|faint|p2b: Sneasler\n|move|p1a: Volcarona|Will-O-Wisp|p2a: Basculegion\n|-status|p2a: Basculegion|brn\n|move|p2a: Basculegion|Wave Crash|p1b: Garchomp\n|-damage|p1b: Garchomp|61/100\n|-damage|p2a: Basculegion|88/100 brn|[from] ability: Rough Skin|[of] p1b: Garchomp\n|-damage|p2a: Basculegion|76/100 brn|[from] Recoil\n|\n|-damage|p2a: Basculegion|70/100 brn|[from] brn\n|upkeep\n|\n|t:|1776439099\n|switch|p2b: Kingambit|Kingambit, L50, F, shiny|100/100\n|turn|5\n|-message|azorions forfeited.\n|\n|win|lolgz\n|n|\u2606lolgz|lolgz\n|n|\u2606azorions|azorions\n|n| papatoya|papatoya\n|l|\u2606azorions\n|player|p2|\n",
  "uploadtime": 1776439102,
  "views": 15,
  "formatid": "gen9championsvgc2026regma",
  "rating": null,
  "private": 0,
  "password": null
}