{
  "id": "gen9championsvgc2026regma-2583430628",
  "format": "[Gen 9 Champions] VGC 2026 Reg M-A",
  "players": [
    "Gengarhaterrr",
    "Bneky"
  ],
  "log": "|j|\u2606Gengarhaterrr\n|j|\u2606Bneky\n|t:|1776175159\n|gametype|doubles\n|player|p1|Gengarhaterrr|dragontamer|1180\n|player|p2|Bneky|dawn|1108\n|gen|9\n|tier|[Gen 9 Champions] VGC 2026 Reg M-A\n|rated|\n|rule|Species Clause: Limit one of each Pok\u00e9mon\n|rule|Item Clause: Limit 1 of each item\n|clearpoke\n|poke|p1|Venusaur, L50, M|\n|poke|p1|Sinistcha-Masterpiece, L50|\n|poke|p1|Clefable, L50, M|\n|poke|p1|Incineroar, L50, F|\n|poke|p1|Charizard, L50, F|\n|poke|p1|Sneasler, L50, F|\n|poke|p2|Glaceon, L50, F|\n|poke|p2|Froslass, L50, F|\n|poke|p2|Incineroar, L50, M|\n|poke|p2|Kingambit, L50, M|\n|poke|p2|Sinistcha, L50|\n|poke|p2|Archaludon, L50, F|\n|teampreview|4\n|inactive|Battle timer is ON: inactive players will automatically lose when time's up. (requested by Gengarhaterrr)\n|inactive|Gengarhaterrr has 60 seconds left.\n|\n|t:|1776175218\n|teamsize|p1|4\n|teamsize|p2|4\n|start\n|switch|p1a: Sneasler|Sneasler, L50, F, shiny|100/100\n|switch|p1b: Incineroar|Incineroar, L50, F, shiny|100/100\n|switch|p2a: Froslass|Froslass, L50, F|100/100\n|switch|p2b: Incineroar|Incineroar, L50, M|100/100\n|-ability|p1b: Incineroar|Intimidate|boost\n|-unboost|p2a: Froslass|atk|1\n|-unboost|p2b: Incineroar|atk|1\n|-ability|p2b: Incineroar|Intimidate|boost\n|-unboost|p1a: Sneasler|atk|1\n|-unboost|p1b: Incineroar|atk|1\n|-enditem|p1a: Sneasler|White Herb\n|-clearnegativeboost|p1a: Sneasler|[silent]\n|turn|1\n|\n|t:|1776175237\n|detailschange|p2a: Froslass|Froslass-Mega, L50, F\n|-mega|p2a: Froslass|Froslass|Froslassite\n|-weather|Snowscape|[from] ability: Snow Warning|[of] p2a: Froslass\n|move|p1b: Incineroar|Fake Out|p2b: Incineroar\n|-damage|p2b: Incineroar|94/100\n|cant|p2b: Incineroar|flinch\n|move|p1a: Sneasler|Rock Slide|p2a: Froslass|[spread] p2a\n|-miss|p1a: Sneasler|p2b: Incineroar\n|-supereffective|p2a: Froslass|1\n|-damage|p2a: Froslass|65/100\n|move|p2a: Froslass|Aurora Veil|p2a: Froslass\n|-sidestart|p2: Bneky|move: Aurora Veil\n|\n|-weather|Snowscape|[upkeep]\n|upkeep\n|turn|2\n|\n|t:|1776175265\n|move|p1a: Sneasler|Close Combat|p2b: Incineroar\n|-supereffective|p2b: Incineroar|1\n|-damage|p2b: Incineroar|19/100\n|-unboost|p1a: Sneasler|def|1\n|-unboost|p1a: Sneasler|spd|1\n|-enditem|p2b: Incineroar|Sitrus Berry|[eat]\n|-heal|p2b: Incineroar|44/100|[from] item: Sitrus Berry\n|move|p2a: Froslass|Blizzard|p1a: Sneasler|[spread] p1a,p1b\n|-resisted|p1b: Incineroar|1\n|-damage|p1a: Sneasler|16/100\n|-damage|p1b: Incineroar|84/100\n|-status|p1a: Sneasler|frz\n|move|p1b: Incineroar|Throat Chop|p2a: Froslass\n|-supereffective|p2a: Froslass|1\n|-damage|p2a: Froslass|41/100\n|-start|p2a: Froslass|Throat Chop|[silent]\n|move|p2b: Incineroar|Parting Shot|p1a: Sneasler\n|-unboost|p1a: Sneasler|atk|1\n|-unboost|p1a: Sneasler|spa|1\n|\n|t:|1776175282\n|switch|p2b: Glaceon|Glaceon, L50, F, shiny|100/100|[from] Parting Shot\n|\n|-weather|Snowscape|[upkeep]\n|upkeep\n|turn|3\n|\n|t:|1776175293\n|-curestatus|p1a: Sneasler|frz|[msg]\n|move|p1a: Sneasler|Rock Slide|p2b: Glaceon|[spread] p2a,p2b\n|-supereffective|p2a: Froslass|1\n|-supereffective|p2b: Glaceon|1\n|-damage|p2a: Froslass|24/100\n|-damage|p2b: Glaceon|91/100\n|move|p2a: Froslass|Blizzard|p1b: Incineroar|[spread] p1a,p1b\n|-resisted|p1b: Incineroar|1\n|-damage|p1a: Sneasler|0 fnt\n|-damage|p1b: Incineroar|70/100\n|faint|p1a: Sneasler\n|cant|p2b: Glaceon|flinch\n|move|p1b: Incineroar|Parting Shot|p2a: Froslass\n|-unboost|p2a: Froslass|atk|1\n|-unboost|p2a: Froslass|spa|1\n|\n|t:|1776175307\n|switch|p1b: Charizard|Charizard, L50, F, shiny|100/100|[from] Parting Shot\n|\n|-weather|Snowscape|[upkeep]\n|-heal|p2b: Glaceon|97/100|[from] ability: Ice Body\n|-heal|p2b: Glaceon|100/100|[from] item: Leftovers\n|-end|p2a: Froslass|Throat Chop|[silent]\n|upkeep\n|\n|t:|1776175311\n|switch|p1a: Incineroar|Incineroar, L50, F, shiny|70/100\n|-ability|p1a: Incineroar|Intimidate|boost\n|-unboost|p2a: Froslass|atk|1\n|-unboost|p2b: Glaceon|atk|1\n|turn|4\n|\n|t:|1776175325\n|detailschange|p1b: Charizard|Charizard-Mega-Y, L50, F, shiny\n|-mega|p1b: Charizard|Charizard|Charizardite Y\n|-weather|SunnyDay|[from] ability: Drought|[of] p1b: Charizard\n|move|p1a: Incineroar|Fake Out|p2b: Glaceon\n|-damage|p2b: Glaceon|95/100\n|move|p2a: Froslass|Blizzard|p1a: Incineroar|[spread] p1a,p1b\n|-resisted|p1a: Incineroar|1\n|-damage|p1a: Incineroar|60/100\n|-damage|p1b: Charizard|73/100\n|move|p1b: Charizard|Heat Wave|p2a: Froslass|[spread] p2a,p2b\n|-supereffective|p2a: Froslass|1\n|-supereffective|p2b: Glaceon|1\n|-damage|p2a: Froslass|0 fnt\n|-damage|p2b: Glaceon|3/100\n|faint|p2a: Froslass\n|cant|p2b: Glaceon|flinch\n|\n|-weather|SunnyDay|[upkeep]\n|-heal|p2b: Glaceon|9/100|[from] item: Leftovers\n|upkeep\n|\n|t:|1776175331\n|switch|p2a: Incineroar|Incineroar, L50, M|44/100\n|-ability|p2a: Incineroar|Intimidate|boost\n|-unboost|p1a: Incineroar|atk|1\n|-unboost|p1b: Charizard|atk|1\n|turn|5\n|\n|t:|1776175346\n|move|p1b: Charizard|Protect|p1b: Charizard\n|-singleturn|p1b: Charizard|Protect\n|move|p2a: Incineroar|Fake Out|p1b: Charizard\n|-activate|p1b: Charizard|move: Protect\n|move|p2b: Glaceon|Blizzard|p1b: Charizard|[spread] p1a\n|-activate|p1b: Charizard|move: Protect\n|-resisted|p1a: Incineroar|1\n|-damage|p1a: Incineroar|43/100\n|move|p1a: Incineroar|Flare Blitz|p2b: Glaceon\n|-supereffective|p2b: Glaceon|1\n|-damage|p2b: Glaceon|0 fnt\n|faint|p2b: Glaceon\n|-damage|p1a: Incineroar|40/100|[from] Recoil\n|\n|-weather|SunnyDay|[upkeep]\n|-sideend|p2: Bneky|move: Aurora Veil\n|upkeep\n|\n|t:|1776175360\n|switch|p2b: Kingambit|Kingambit, L50, M|100/100\n|-activate|p2b: Kingambit|ability: Supreme Overlord\n|-start|p2b: Kingambit|fallen2|[silent]\n|turn|6\n|\n|t:|1776175372\n|switch|p1a: Clefable|Clefable, L50, M, shiny|100/100\n|move|p2b: Kingambit|Sucker Punch|p1b: Charizard\n|-damage|p1b: Charizard|0 fnt\n|faint|p1b: Charizard\n|move|p2a: Incineroar|Throat Chop|p1a: Clefable\n|-resisted|p1a: Clefable|1\n|-damage|p1a: Clefable|84/100\n|-start|p1a: Clefable|Throat Chop|[silent]\n|\n|-weather|SunnyDay|[upkeep]\n|-heal|p1a: Clefable|90/100|[from] item: Leftovers\n|upkeep\n|\n|t:|1776175375\n|switch|p1b: Incineroar|Incineroar, L50, F, shiny|40/100\n|-ability|p1b: Incineroar|Intimidate|boost\n|-unboost|p2a: Incineroar|atk|1\n|-unboost|p2b: Kingambit|atk|1\n|turn|7\n|\n|t:|1776175391\n|move|p1b: Incineroar|Flare Blitz|p2b: Kingambit\n|-supereffective|p2b: Kingambit|1\n|-damage|p2b: Kingambit|0 fnt\n|faint|p2b: Kingambit\n|-end|p2b: Kingambit|fallen2|[silent]\n|-damage|p1b: Incineroar|6/100|[from] Recoil\n|move|p1a: Clefable|Life Dew|p1a: Clefable|[spread] p1a,p1b\n|-heal|p1a: Clefable|100/100\n|-heal|p1b: Incineroar|32/100\n|move|p2a: Incineroar|Flare Blitz|p1a: Clefable\n|-damage|p1a: Clefable|28/100\n|-status|p1a: Clefable|brn\n|-damage|p2a: Incineroar|19/100|[from] Recoil\n|\n|-weather|SunnyDay|[upkeep]\n|-heal|p1a: Clefable|34/100 brn|[from] item: Leftovers\n|-damage|p1a: Clefable|28/100 brn|[from] brn\n|-end|p1a: Clefable|Throat Chop|[silent]\n|upkeep\n|turn|8\n|\n|t:|1776175403\n|move|p1b: Incineroar|Throat Chop|p2a: Incineroar\n|-resisted|p2a: Incineroar|1\n|-damage|p2a: Incineroar|5/100\n|-start|p2a: Incineroar|Throat Chop|[silent]\n|move|p2a: Incineroar|Flare Blitz|p1a: Clefable\n|-damage|p1a: Clefable|0 fnt\n|faint|p1a: Clefable\n|-damage|p2a: Incineroar|0 fnt|[from] Recoil\n|faint|p2a: Incineroar\n|\n|win|Gengarhaterrr\n|raw|Gengarhaterrr's rating: 1180 &rarr; <strong>1200</strong><br />(+20 for winning)\n|raw|Bneky's rating: 1108 &rarr; <strong>1088</strong><br />(-20 for losing)\n|l|\u2606Bneky\n|player|p2|\n",
  "uploadtime": 1776175417,
  "views": 16,
  "formatid": "gen9championsvgc2026regma",
  "rating": 1088,
  "private": 0,
  "password": null
}