{
  "id": "gen9championsvgc2026regma-2589479448",
  "format": "[Gen 9 Champions] VGC 2026 Reg M-A",
  "players": [
    "Big D Donny Trump",
    "Marlonkirk67"
  ],
  "log": "|j|\u2606Big D Donny Trump\n|j|\u2606Marlonkirk67\n|t:|1776726686\n|gametype|doubles\n|player|p1|Big D Donny Trump|266|1040\n|player|p2|Marlonkirk67|2|1138\n|gen|9\n|tier|[Gen 9 Champions] VGC 2026 Reg M-A\n|rated|\n|rule|Species Clause: Limit one of each Pok\u00e9mon\n|rule|Item Clause: Limit 1 of each item\n|clearpoke\n|poke|p1|Lucario, L50, F|\n|poke|p1|Aerodactyl, L50, M|\n|poke|p1|Gallade, L50, M|\n|poke|p1|Floette-Eternal, L50, F|\n|poke|p1|Weavile, L50, M|\n|poke|p1|Milotic, L50, F|\n|poke|p2|Froslass, L50, F|\n|poke|p2|Orthworm, L50, F|\n|poke|p2|Garchomp, L50, F|\n|poke|p2|Incineroar, L50, F|\n|poke|p2|Whimsicott, L50, M|\n|poke|p2|Chandelure, L50, F, shiny|\n|teampreview|4\n|inactive|Battle timer is ON: inactive players will automatically lose when time's up. (requested by Marlonkirk67)\n|\n|t:|1776726703\n|teamsize|p1|4\n|teamsize|p2|4\n|start\n|switch|p1a: Milotic|Milotic, L50, F|100/100\n|switch|p1b: Weavile|Weavile, L50, M|100/100\n|switch|p2a: Whimsicott|Whimsicott, L50, M|100/100\n|switch|p2b: Orthworm|Orthworm, L50, F|100/100\n|turn|1\n|\n|t:|1776726717\n|move|p2a: Whimsicott|Tailwind|p2a: Whimsicott\n|-sidestart|p2: Marlonkirk67|move: Tailwind\n|move|p1b: Weavile|Ice Spinner|p2a: Whimsicott\n|-supereffective|p2a: Whimsicott|1\n|-enditem|p2a: Whimsicott|Focus Sash\n|-damage|p2a: Whimsicott|1/100\n|move|p2b: Orthworm|Iron Defense|p2b: Orthworm\n|-boost|p2b: Orthworm|def|2\n|move|p1a: Milotic|Hypnosis|p2b: Orthworm|[miss]\n|-miss|p1a: Milotic|p2b: Orthworm\n|\n|upkeep\n|turn|2\n|\n|t:|1776726738\n|move|p1b: Weavile|Protect|p1b: Weavile\n|-singleturn|p1b: Weavile|Protect\n|move|p2a: Whimsicott|Sunny Day|p2a: Whimsicott\n|-weather|SunnyDay\n|move|p2b: Orthworm|Body Press|p1b: Weavile\n|-activate|p1b: Weavile|move: Protect\n|move|p1a: Milotic|Hypnosis|p2b: Orthworm\n|-status|p2b: Orthworm|slp|[from] move: Hypnosis\n|\n|-weather|SunnyDay|[upkeep]\n|upkeep\n|turn|3\n|\n|t:|1776726762\n|switch|p1b: Floette|Floette-Eternal, L50, F|100/100\n|move|p2a: Whimsicott|Moonblast|p1b: Floette\n|-damage|p1b: Floette|81/100\n|cant|p2b: Orthworm|slp\n|move|p1a: Milotic|Coil|p1a: Milotic\n|-boost|p1a: Milotic|atk|1\n|-boost|p1a: Milotic|def|1\n|-boost|p1a: Milotic|accuracy|1\n|\n|-weather|SunnyDay|[upkeep]\n|upkeep\n|turn|4\n|\n|t:|1776726781\n|detailschange|p1b: Floette|Floette-Mega, L50, F\n|-mega|p1b: Floette|Floette|Floettite\n|-ability|p1b: Floette|Fairy Aura\n|move|p2a: Whimsicott|Moonblast|p1b: Floette\n|-damage|p1b: Floette|54/100\n|-unboost|p1b: Floette|spa|1\n|-curestatus|p2b: Orthworm|slp|[msg]\n|move|p2b: Orthworm|Body Press|p1a: Milotic\n|-damage|p1a: Milotic|69/100\n|move|p1b: Floette|Dazzling Gleam|p2b: Orthworm|[spread] p2a,p2b\n|-resisted|p2b: Orthworm|1\n|-damage|p2a: Whimsicott|0 fnt\n|-damage|p2b: Orthworm|78/100\n|faint|p2a: Whimsicott\n|move|p1a: Milotic|Coil|p1a: Milotic\n|-boost|p1a: Milotic|atk|1\n|-boost|p1a: Milotic|def|1\n|-boost|p1a: Milotic|accuracy|1\n|\n|-weather|SunnyDay|[upkeep]\n|-sideend|p2: Marlonkirk67|move: Tailwind\n|upkeep\n|\n|t:|1776726796\n|switch|p2a: Chandelure|Chandelure, L50, F, shiny|100/100\n|turn|5\n|\n|t:|1776726806\n|switch|p1b: Aerodactyl|Aerodactyl, L50, M|100/100\n|-ability|p1b: Aerodactyl|Unnerve\n|detailschange|p2a: Chandelure|Chandelure-Mega, L50, F, shiny\n|-mega|p2a: Chandelure|Chandelure|Chandelurite\n|move|p2a: Chandelure|Heat Wave|p1b: Aerodactyl|[spread] p1a,p1b\n|-resisted|p1a: Milotic|1\n|-resisted|p1b: Aerodactyl|1\n|-damage|p1a: Milotic|45/100\n|-damage|p1b: Aerodactyl|47/100\n|-enditem|p1a: Milotic|Sitrus Berry|[eat]\n|-heal|p1a: Milotic|70/100|[from] item: Sitrus Berry\n|move|p1a: Milotic|Hypnosis|p2b: Orthworm\n|-status|p2b: Orthworm|slp|[from] move: Hypnosis\n|cant|p2b: Orthworm|slp\n|\n|-weather|SunnyDay|[upkeep]\n|upkeep\n|turn|6\n|\n|t:|1776726830\n|move|p1b: Aerodactyl|Protect|p1b: Aerodactyl\n|-singleturn|p1b: Aerodactyl|Protect\n|move|p2a: Chandelure|Shadow Ball|p1b: Aerodactyl\n|-activate|p1b: Aerodactyl|move: Protect\n|move|p1a: Milotic|Hypnosis|p2a: Chandelure\n|-status|p2a: Chandelure|slp|[from] move: Hypnosis\n|cant|p2b: Orthworm|slp\n|\n|-weather|none\n|upkeep\n|turn|7\n|\n|t:|1776726846\n|move|p1b: Aerodactyl|Tailwind|p1b: Aerodactyl\n|-sidestart|p1: Big D Donny Trump|move: Tailwind\n|move|p1a: Milotic|Scald|p2a: Chandelure\n|-supereffective|p2a: Chandelure|1\n|-damage|p2a: Chandelure|38/100 slp\n|cant|p2a: Chandelure|slp\n|-curestatus|p2b: Orthworm|slp|[msg]\n|move|p2b: Orthworm|Body Press|p1a: Milotic\n|-damage|p1a: Milotic|49/100\n|\n|upkeep\n|turn|8\n|\n|t:|1776726864\n|move|p1b: Aerodactyl|Rock Slide|p2b: Orthworm|[spread] p2a,p2b\n|-supereffective|p2a: Chandelure|1\n|-resisted|p2b: Orthworm|1\n|-damage|p2a: Chandelure|0 fnt\n|-damage|p2b: Orthworm|73/100\n|faint|p2a: Chandelure\n|move|p1a: Milotic|Recover|p1a: Milotic\n|-heal|p1a: Milotic|99/100\n|cant|p2b: Orthworm|flinch\n|\n|upkeep\n|\n|t:|1776726871\n|switch|p2a: Garchomp|Garchomp, L50, F|100/100\n|turn|9\n|c|\u2606Big D Donny Trump|I\u2019m sorry\n|\n|t:|1776726879\n|move|p1b: Aerodactyl|Rock Slide|p2a: Garchomp|[spread] p2a,p2b\n|-resisted|p2a: Garchomp|1\n|-resisted|p2b: Orthworm|1\n|-damage|p2a: Garchomp|87/100\n|-damage|p2b: Orthworm|69/100\n|move|p1a: Milotic|Hypnosis|p2a: Garchomp\n|-status|p2a: Garchomp|slp|[from] move: Hypnosis\n|cant|p2a: Garchomp|slp\n|cant|p2b: Orthworm|flinch\n|\n|upkeep\n|turn|10\n|\n|t:|1776726892\n|switch|p1b: Weavile|Weavile, L50, M|100/100\n|move|p1a: Milotic|Hypnosis|p2b: Orthworm\n|-status|p2b: Orthworm|slp|[from] move: Hypnosis\n|cant|p2a: Garchomp|slp\n|cant|p2b: Orthworm|slp\n|\n|-sideend|p1: Big D Donny Trump|move: Tailwind\n|upkeep\n|turn|11\n|\n|t:|1776726898\n|move|p1b: Weavile|Ice Spinner|p2a: Garchomp\n|-supereffective|p2a: Garchomp|2\n|-damage|p2a: Garchomp|0 fnt\n|-damage|p1b: Weavile|88/100|[from] ability: Rough Skin|[of] p2a: Garchomp\n|faint|p2a: Garchomp\n|move|p1a: Milotic|Scald|p2b: Orthworm\n|-damage|p2b: Orthworm|31/100 slp\n|-enditem|p2b: Orthworm|Sitrus Berry|[eat]\n|-heal|p2b: Orthworm|56/100 slp|[from] item: Sitrus Berry\n|-curestatus|p2b: Orthworm|slp|[msg]\n|move|p2b: Orthworm|Iron Defense|p2b: Orthworm\n|-boost|p2b: Orthworm|def|2\n|\n|upkeep\n|turn|12\n|\n|t:|1776726904\n|move|p1b: Weavile|Knock Off|p2b: Orthworm\n|-damage|p2b: Orthworm|47/100\n|move|p1a: Milotic|Scald|p2b: Orthworm\n|-damage|p2b: Orthworm|6/100\n|move|p2b: Orthworm|Body Press|p1b: Weavile\n|-supereffective|p1b: Weavile|2\n|-damage|p1b: Weavile|0 fnt\n|faint|p1b: Weavile\n|\n|upkeep\n|\n|t:|1776726908\n|switch|p1b: Floette|Floette-Mega, L50, F|54/100\n|-ability|p1b: Floette|Fairy Aura\n|turn|13\n|\n|t:|1776726912\n|move|p1b: Floette|Moonblast|p2b: Orthworm\n|-resisted|p2b: Orthworm|1\n|-damage|p2b: Orthworm|0 fnt\n|faint|p2b: Orthworm\n|\n|win|Big D Donny Trump\n|raw|Big D Donny Trump's rating: 1040 &rarr; <strong>1083</strong><br />(+43 for winning)\n|raw|Marlonkirk67's rating: 1138 &rarr; <strong>1106</strong><br />(-32 for losing)\n|l|\u2606Marlonkirk67\n|player|p2|\n",
  "uploadtime": 1776726919,
  "views": 8,
  "formatid": "gen9championsvgc2026regma",
  "rating": 1083,
  "private": 0,
  "password": null
}