{
  "id": "gen9championsvgc2026regma-2583046868",
  "format": "[Gen 9 Champions] VGC 2026 Reg M-A",
  "players": [
    "sodarist",
    "iGouk3N"
  ],
  "log": "|j|\u2606sodarist\n|j|\u2606iGouk3N\n|t:|1776136405\n|gametype|doubles\n|player|p1|sodarist|steven|1159\n|player|p2|iGouk3N|lance|1133\n|gen|9\n|tier|[Gen 9 Champions] VGC 2026 Reg M-A\n|rated|\n|rule|Species Clause: Limit one of each Pok\u00e9mon\n|rule|Item Clause: Limit 1 of each item\n|clearpoke\n|poke|p1|Incineroar, L50, F|\n|poke|p1|Sneasler, L50, M|\n|poke|p1|Whimsicott, L50, M|\n|poke|p1|Kingambit, L50, M|\n|poke|p1|Milotic, L50, F|\n|poke|p1|Rotom-Wash, L50|\n|poke|p2|Charizard, L50, M|\n|poke|p2|Garchomp, L50, F|\n|poke|p2|Farigiraf, L50, M|\n|poke|p2|Torkoal, L50, F|\n|poke|p2|Hatterene, L50, F|\n|poke|p2|Incineroar, L50, M|\n|teampreview|4\n|inactive|Battle timer is ON: inactive players will automatically lose when time's up. (requested by iGouk3N)\n|\n|t:|1776136446\n|teamsize|p1|4\n|teamsize|p2|4\n|start\n|switch|p1a: Whimsicott|Whimsicott, L50, M|100/100\n|switch|p1b: Incineroar|Incineroar, L50, F|100/100\n|switch|p2a: Charizard|Charizard, L50, M, shiny|100/100\n|switch|p2b: Garchomp|Garchomp, L50, F, shiny|100/100\n|-ability|p1b: Incineroar|Intimidate|boost\n|-unboost|p2a: Charizard|atk|1\n|-unboost|p2b: Garchomp|atk|1\n|turn|1\n|inactive|iGouk3N has 30 seconds left.\n|\n|t:|1776136478\n|move|p2b: Garchomp|Protect|p2b: Garchomp\n|-singleturn|p2b: Garchomp|Protect\n|move|p2a: Charizard|Protect|p2a: Charizard\n|-singleturn|p2a: Charizard|Protect\n|move|p1b: Incineroar|Fake Out|p2b: Garchomp\n|-activate|p2b: Garchomp|move: Protect\n|move|p1a: Whimsicott|Tailwind|p1a: Whimsicott\n|-sidestart|p1: sodarist|move: Tailwind\n|\n|upkeep\n|turn|2\n|inactive|iGouk3N has 30 seconds left.\n|inactive|iGouk3N has 20 seconds left.\n|\n|t:|1776136517\n|move|p1a: Whimsicott|Moonblast|p2b: Garchomp\n|-supereffective|p2b: Garchomp|1\n|-damage|p2b: Garchomp|15/100\n|move|p1b: Incineroar|Parting Shot|p2a: Charizard\n|-unboost|p2a: Charizard|atk|1\n|-unboost|p2a: Charizard|spa|1\n|\n|t:|1776136532\n|switch|p1b: Rotom|Rotom-Wash, L50|100/100|[from] Parting Shot\n|move|p2b: Garchomp|Swords Dance|p2b: Garchomp\n|-boost|p2b: Garchomp|atk|2\n|move|p2a: Charizard|Heat Wave|p1a: Whimsicott|[spread] p1a,p1b\n|-supereffective|p1a: Whimsicott|1\n|-resisted|p1b: Rotom|1\n|-damage|p1a: Whimsicott|36/100\n|-damage|p1b: Rotom|89/100\n|-status|p1a: Whimsicott|brn\n|\n|-damage|p1a: Whimsicott|30/100 brn|[from] brn\n|upkeep\n|turn|3\n|\n|t:|1776136553\n|move|p2b: Garchomp|Protect|p2b: Garchomp\n|-singleturn|p2b: Garchomp|Protect\n|move|p2a: Charizard|Protect|p2a: Charizard\n|-singleturn|p2a: Charizard|Protect\n|move|p1a: Whimsicott|Moonblast|p2b: Garchomp\n|-activate|p2b: Garchomp|move: Protect\n|move|p1b: Rotom|Light Screen|p1b: Rotom\n|-sidestart|p1: sodarist|move: Light Screen\n|\n|-damage|p1a: Whimsicott|24/100 brn|[from] brn\n|upkeep\n|turn|4\n|inactive|iGouk3N has 30 seconds left.\n|inactive|iGouk3N has 20 seconds left.\n|inactive|iGouk3N has 15 seconds left.\n|inactive|sodarist has 30 seconds left.\n|inactive|iGouk3N has 10 seconds left.\n|inactive|iGouk3N has 5 seconds left.\n|\n|t:|1776136608\n|switch|p1a: Incineroar|Incineroar, L50, F|100/100\n|-ability|p1a: Incineroar|Intimidate|boost\n|-unboost|p2a: Charizard|atk|1\n|-unboost|p2b: Garchomp|atk|1\n|move|p1b: Rotom|Hydro Pump|p2b: Garchomp\n|-damage|p2b: Garchomp|0 fnt\n|faint|p2b: Garchomp\n|move|p2a: Charizard|Heat Wave|p1a: Incineroar|[spread] p1a,p1b\n|-resisted|p1a: Incineroar|1\n|-resisted|p1b: Rotom|1\n|-damage|p1a: Incineroar|93/100\n|-damage|p1b: Rotom|81/100\n|\n|-sideend|p1: sodarist|move: Tailwind\n|upkeep\n|\n|t:|1776136632\n|switch|p2b: Hatterene|Hatterene, L50, F|100/100\n|turn|5\n|inactive|sodarist has 30 seconds left.\n|\n|t:|1776136658\n|switch|p1b: Whimsicott|Whimsicott, L50, M|24/100 brn\n|move|p2a: Charizard|Protect|p2a: Charizard\n|-singleturn|p2a: Charizard|Protect\n|move|p2b: Hatterene|Protect|p2b: Hatterene\n|-singleturn|p2b: Hatterene|Protect\n|move|p1a: Incineroar|Fake Out|p2b: Hatterene\n|-activate|p2b: Hatterene|move: Protect\n|\n|-damage|p1b: Whimsicott|18/100 brn|[from] brn\n|upkeep\n|turn|6\n|inactive|iGouk3N has 30 seconds left.\n|inactive|iGouk3N has 20 seconds left.\n|\n|t:|1776136696\n|switch|p2a: Torkoal|Torkoal, L50, F|100/100\n|-weather|SunnyDay|[from] ability: Drought|[of] p2a: Torkoal\n|move|p1b: Whimsicott|Taunt|p2b: Hatterene\n|move|p2b: Hatterene|Taunt|p1b: Whimsicott|[from] ability: Magic Bounce\n|-start|p1b: Whimsicott|move: Taunt\n|move|p1a: Incineroar|Parting Shot|p2b: Hatterene\n|move|p2b: Hatterene|Parting Shot|p1a: Incineroar|[from] ability: Magic Bounce\n|-unboost|p1a: Incineroar|atk|1\n|-unboost|p1a: Incineroar|spa|1\n|inactive|iGouk3N has 30 seconds left.\n|\n|t:|1776136726\n|switch|p2b: Charizard|Charizard, L50, M, shiny|100/100|[from] Parting Shot\n|\n|-weather|SunnyDay|[upkeep]\n|-damage|p1b: Whimsicott|12/100 brn|[from] brn\n|upkeep\n|turn|7\n|\n|t:|1776136749\n|switch|p2a: Hatterene|Hatterene, L50, F|100/100\n|detailschange|p2b: Charizard|Charizard-Mega-Y, L50, M, shiny\n|-mega|p2b: Charizard|Charizard|Charizardite Y\n|move|p2b: Charizard|Heat Wave|p1b: Whimsicott|[spread] p1a\n|-miss|p2b: Charizard|p1b: Whimsicott\n|-resisted|p1a: Incineroar|1\n|-damage|p1a: Incineroar|73/100\n|move|p1b: Whimsicott|Moonblast|p2a: Hatterene\n|-damage|p2a: Hatterene|60/100\n|move|p1a: Incineroar|Parting Shot|p2b: Charizard\n|-unboost|p2b: Charizard|atk|1\n|-unboost|p2b: Charizard|spa|1\n|\n|t:|1776136764\n|switch|p1a: Rotom|Rotom-Wash, L50|81/100|[from] Parting Shot\n|\n|-weather|SunnyDay|[upkeep]\n|-damage|p1b: Whimsicott|6/100 brn|[from] brn\n|-sideend|p1: sodarist|move: Light Screen\n|upkeep\n|turn|8\n|inactive|iGouk3N has 30 seconds left.\n|inactive|iGouk3N has 20 seconds left.\n|inactive|iGouk3N has 15 seconds left.\n|inactive|iGouk3N has 10 seconds left.\n|\n|t:|1776136811\n|move|p2b: Charizard|Solar Beam||[still]\n|-prepare|p2b: Charizard|Solar Beam\n|-anim|p2b: Charizard|Solar Beam|p1a: Rotom\n|-supereffective|p1a: Rotom|1\n|-damage|p1a: Rotom|8/100\n|move|p1b: Whimsicott|Moonblast|p2a: Hatterene\n|-damage|p2a: Hatterene|11/100\n|move|p1a: Rotom|Light Screen|p1a: Rotom\n|-sidestart|p1: sodarist|move: Light Screen\n|move|p2a: Hatterene|Trick Room|p2a: Hatterene\n|-fieldstart|move: Trick Room|[of] p2a: Hatterene\n|\n|-weather|SunnyDay|[upkeep]\n|-damage|p1b: Whimsicott|0 fnt|[from] brn\n|faint|p1b: Whimsicott\n|upkeep\n|\n|t:|1776136823\n|switch|p1b: Milotic|Milotic, L50, F|100/100\n|turn|9\n|inactive|iGouk3N has 30 seconds left.\n|inactive|iGouk3N has 20 seconds left.\n|inactive|iGouk3N has 15 seconds left.\n|\n|t:|1776136864\n|move|p2a: Hatterene|Dazzling Gleam|p1a: Rotom|[spread] p1a,p1b\n|-damage|p1a: Rotom|0 fnt\n|-damage|p1b: Milotic|78/100\n|faint|p1a: Rotom\n|move|p1b: Milotic|Muddy Water|p2a: Hatterene|[spread] p2a,p2b\n|-supereffective|p2b: Charizard|1\n|-damage|p2a: Hatterene|0 fnt\n|-damage|p2b: Charizard|77/100\n|faint|p2a: Hatterene\n|move|p2b: Charizard|Solar Beam||[still]\n|-prepare|p2b: Charizard|Solar Beam\n|-anim|p2b: Charizard|Solar Beam|p1b: Milotic\n|-supereffective|p1b: Milotic|1\n|-damage|p1b: Milotic|49/100\n|\n|-weather|SunnyDay|[upkeep]\n|-heal|p1b: Milotic|54/100|[from] item: Leftovers\n|upkeep\n|inactive|iGouk3N has 30 seconds left.\n|\n|t:|1776136893\n|switch|p2a: Torkoal|Torkoal, L50, F|100/100\n|switch|p1a: Incineroar|Incineroar, L50, F|73/100\n|-ability|p1a: Incineroar|Intimidate|boost\n|-unboost|p2a: Torkoal|atk|1\n|-unboost|p2b: Charizard|atk|1\n|turn|10\n|inactive|iGouk3N has 30 seconds left.\n|inactive|iGouk3N has 20 seconds left.\n|inactive|iGouk3N has 15 seconds left.\n|inactive|sodarist has 30 seconds left.\n|inactive|iGouk3N has 10 seconds left.\n|inactive|iGouk3N has 5 seconds left.\n|\n|t:|1776136945\n|move|p2a: Torkoal|Protect|p2a: Torkoal\n|-singleturn|p2a: Torkoal|Protect\n|move|p1a: Incineroar|Fake Out|p2a: Torkoal\n|-activate|p2a: Torkoal|move: Protect\n|move|p1b: Milotic|Life Dew|p1b: Milotic|[spread] p1a,p1b\n|-heal|p1a: Incineroar|98/100\n|-heal|p1b: Milotic|80/100\n|move|p2b: Charizard|Solar Beam||[still]\n|-prepare|p2b: Charizard|Solar Beam\n|-anim|p2b: Charizard|Solar Beam|p1b: Milotic\n|-supereffective|p1b: Milotic|1\n|-damage|p1b: Milotic|48/100\n|\n|-weather|none\n|-heal|p1b: Milotic|53/100|[from] item: Leftovers\n|upkeep\n|turn|11\n|inactive|iGouk3N has 20 seconds left this turn.\n|inactive|iGouk3N has 15 seconds left.\n|inactive|iGouk3N has 10 seconds left.\n|inactive|iGouk3N has 5 seconds left.\n|\n|t:|1776136964\n|move|p2a: Torkoal|Eruption|p1a: Incineroar|[spread] p1a,p1b\n|-resisted|p1a: Incineroar|1\n|-resisted|p1b: Milotic|1\n|-damage|p1a: Incineroar|79/100\n|-damage|p1b: Milotic|40/100\n|move|p1a: Incineroar|Darkest Lariat|p2b: Charizard\n|-damage|p2b: Charizard|28/100\n|move|p1b: Milotic|Muddy Water|p2a: Torkoal|[spread] p2a,p2b\n|-supereffective|p2a: Torkoal|1\n|-supereffective|p2b: Charizard|1\n|-damage|p2a: Torkoal|37/100\n|-damage|p2b: Charizard|0 fnt\n|-unboost|p2a: Torkoal|accuracy|1\n|faint|p2b: Charizard\n|\n|-heal|p1b: Milotic|46/100|[from] item: Leftovers\n|upkeep\n|turn|12\n|inactive|iGouk3N has 5 seconds left this turn.\n|-message|iGouk3N lost due to inactivity.\n|\n|win|sodarist\n|raw|sodarist's rating: 1159 &rarr; <strong>1182</strong><br />(+23 for winning)\n|raw|iGouk3N's rating: 1133 &rarr; <strong>1110</strong><br />(-23 for losing)\n",
  "uploadtime": 1776136977,
  "views": 13,
  "formatid": "gen9championsvgc2026regma",
  "rating": 1110,
  "private": 0,
  "password": null
}