{
  "id": "gen9championsvgc2026regma-2582375301",
  "format": "[Gen 9 Champions] VGC 2026 Reg M-A",
  "players": [
    "Vdjeujbff",
    "BadTrainer41"
  ],
  "log": "|j|\u2606Vdjeujbff\n|j|\u2606BadTrainer41\n|t:|1776087430\n|gametype|doubles\n|player|p1|Vdjeujbff|2|1034\n|player|p2|BadTrainer41|102|1000\n|gen|9\n|tier|[Gen 9 Champions] VGC 2026 Reg M-A\n|rated|\n|rule|Species Clause: Limit one of each Pok\u00e9mon\n|rule|Item Clause: Limit 1 of each item\n|clearpoke\n|poke|p1|Sneasler, L50, F|\n|poke|p1|Espathra, L50, F|\n|poke|p1|Milotic, L50, F|\n|poke|p1|Sableye, L50, M|\n|poke|p1|Heliolisk, L50, M|\n|poke|p1|Rampardos, L50, M|\n|poke|p2|Beedrill, L50, M|\n|poke|p2|Palafin, L50, M|\n|poke|p2|Dragapult, L50, F|\n|poke|p2|Incineroar, L50, F|\n|poke|p2|Pelipper, L50, M|\n|poke|p2|Tsareena, L50, F|\n|teampreview|4\n|j| Soggybread275\n|\n|t:|1776087464\n|teamsize|p1|4\n|teamsize|p2|4\n|start\n|switch|p1a: Sableye|Sableye, L50, M|100/100\n|switch|p1b: Espathra|Espathra, L50, F, shiny|100/100\n|switch|p2a: Tsareena|Tsareena, L50, F|100/100\n|switch|p2b: Beedrill|Beedrill, L50, M|100/100\n|turn|1\n|\n|t:|1776087490\n|detailschange|p2b: Beedrill|Beedrill-Mega, L50, M\n|-mega|p2b: Beedrill|Beedrill|Beedrillite\n|move|p1b: Espathra|Protect|p1b: Espathra\n|-singleturn|p1b: Espathra|Protect\n|move|p1a: Sableye|Taunt||[still]\n|cant|p2a: Tsareena|ability: Queenly Majesty|Taunt|[of] p1a: Sableye\n|move|p2b: Beedrill|U-turn|p1b: Espathra\n|-activate|p1b: Espathra|move: Protect\n|move|p2a: Tsareena|Knock Off|p1b: Espathra\n|-activate|p1b: Espathra|move: Protect\n|\n|-ability|p1b: Espathra|Speed Boost|boost\n|-boost|p1b: Espathra|spe|1\n|upkeep\n|turn|2\n|\n|t:|1776087533\n|switch|p2b: Pelipper|Pelipper, L50, M|100/100\n|-weather|RainDance|[from] ability: Drizzle|[of] p2b: Pelipper\n|move|p1a: Sableye|Will-O-Wisp||[still]\n|cant|p2a: Tsareena|ability: Queenly Majesty|Will-O-Wisp|[of] p1a: Sableye\n|move|p1b: Espathra|Psychic|p2a: Tsareena\n|-damage|p2a: Tsareena|62/100\n|move|p2a: Tsareena|Knock Off|p1b: Espathra\n|-supereffective|p1b: Espathra|1\n|-enditem|p1b: Espathra|Colbur Berry|[eat]\n|-enditem|p1b: Espathra|Colbur Berry|[weaken]\n|-damage|p1b: Espathra|53/100\n|\n|-weather|RainDance|[upkeep]\n|-ability|p1b: Espathra|Speed Boost|boost\n|-boost|p1b: Espathra|spe|1\n|upkeep\n|turn|3\n|\n|t:|1776087563\n|move|p1a: Sableye|Reflect|p1a: Sableye\n|-sidestart|p1: Vdjeujbff|Reflect\n|move|p1b: Espathra|Baton Pass|p1b: Espathra\n|\n|t:|1776087568\n|switch|p1b: Rampardos|Rampardos, L50, M, shiny|100/100|[from] Baton Pass\n|move|p2a: Tsareena|Trop Kick|p1b: Rampardos\n|-supereffective|p1b: Rampardos|1\n|-damage|p1b: Rampardos|24/100\n|-unboost|p1b: Rampardos|atk|1\n|move|p2b: Pelipper|Tailwind|p2b: Pelipper\n|-sidestart|p2: BadTrainer41|move: Tailwind\n|\n|-weather|RainDance|[upkeep]\n|upkeep\n|turn|4\n|\n|t:|1776087605\n|switch|p2a: Incineroar|Incineroar, L50, F|100/100\n|-ability|p2a: Incineroar|Intimidate|boost\n|-unboost|p1a: Sableye|atk|1\n|-unboost|p1b: Rampardos|atk|1\n|move|p1a: Sableye|Taunt|p2b: Pelipper\n|-start|p2b: Pelipper|move: Taunt\n|move|p1b: Rampardos|Rock Slide|p2b: Pelipper|[spread] p2a,p2b\n|-supereffective|p2a: Incineroar|1\n|-supereffective|p2b: Pelipper|1\n|-enditem|p2b: Pelipper|Charti Berry|[eat]\n|-enditem|p2b: Pelipper|Charti Berry|[weaken]\n|-damage|p2a: Incineroar|61/100\n|-damage|p2b: Pelipper|77/100\n|move|p2b: Pelipper|Weather Ball|p1a: Sableye\n|-damage|p1a: Sableye|36/100\n|\n|-weather|RainDance|[upkeep]\n|upkeep\n|turn|5\n|\n|t:|1776087634\n|move|p1a: Sableye|Will-O-Wisp|p2b: Pelipper\n|-status|p2b: Pelipper|brn\n|move|p1b: Rampardos|Earthquake|p2a: Incineroar|[spread] p1a,p2a\n|-immune|p2b: Pelipper\n|-supereffective|p2a: Incineroar|1\n|-damage|p1a: Sableye|22/100\n|-damage|p2a: Incineroar|39/100\n|-enditem|p2a: Incineroar|Sitrus Berry|[eat]\n|-heal|p2a: Incineroar|64/100|[from] item: Sitrus Berry\n|move|p2b: Pelipper|Weather Ball|p1a: Sableye\n|-damage|p1a: Sableye|0 fnt\n|faint|p1a: Sableye\n|move|p2a: Incineroar|Will-O-Wisp|p1b: Rampardos\n|-status|p1b: Rampardos|brn\n|-enditem|p1b: Rampardos|Lum Berry|[eat]\n|-curestatus|p1b: Rampardos|brn|[msg]\n|\n|-weather|RainDance|[upkeep]\n|-damage|p2b: Pelipper|71/100 brn|[from] brn\n|upkeep\n|\n|t:|1776087655\n|switch|p1a: Heliolisk|Heliolisk, L50, M|100/100\n|turn|6\n|\n|t:|1776087664\n|switch|p1b: Espathra|Espathra, L50, F, shiny|53/100\n|move|p2b: Pelipper|Weather Ball|p1b: Espathra\n|-damage|p1b: Espathra|0 fnt\n|faint|p1b: Espathra\n|move|p1a: Heliolisk|Electroweb|p2a: Incineroar|[spread] p2a,p2b\n|-crit|p2a: Incineroar\n|-supereffective|p2b: Pelipper|2\n|-crit|p2b: Pelipper\n|-damage|p2a: Incineroar|37/100\n|-damage|p2b: Pelipper|0 fnt\n|-unboost|p2a: Incineroar|spe|1\n|faint|p2b: Pelipper\n|move|p2a: Incineroar|Parting Shot|p1a: Heliolisk\n|-unboost|p1a: Heliolisk|atk|1\n|-unboost|p1a: Heliolisk|spa|1\n|\n|t:|1776087677\n|switch|p2a: Beedrill|Beedrill-Mega, L50, M|100/100|[from] Parting Shot\n|\n|-weather|none\n|-sideend|p2: BadTrainer41|move: Tailwind\n|upkeep\n|\n|t:|1776087683\n|switch|p1b: Rampardos|Rampardos, L50, M, shiny|24/100\n|switch|p2b: Incineroar|Incineroar, L50, F|37/100\n|-ability|p2b: Incineroar|Intimidate|boost\n|-unboost|p1a: Heliolisk|atk|1\n|-unboost|p1b: Rampardos|atk|1\n|turn|7\n|\n|t:|1776087699\n|move|p2b: Incineroar|Fake Out|p1b: Rampardos\n|-resisted|p1b: Rampardos|1\n|-damage|p1b: Rampardos|19/100\n|move|p2a: Beedrill|Drill Run|p1a: Heliolisk\n|-supereffective|p1a: Heliolisk|1\n|-enditem|p1a: Heliolisk|Shuca Berry|[eat]\n|-enditem|p1a: Heliolisk|Shuca Berry|[weaken]\n|-damage|p1a: Heliolisk|55/100\n|move|p1a: Heliolisk|Electroweb|p2b: Incineroar|[spread] p2a,p2b\n|-damage|p2a: Beedrill|81/100\n|-damage|p2b: Incineroar|25/100\n|-unboost|p2a: Beedrill|spe|1\n|-unboost|p2b: Incineroar|spe|1\n|cant|p1b: Rampardos|flinch\n|\n|-sideend|p1: Vdjeujbff|Reflect\n|upkeep\n|turn|8\n|\n|t:|1776087724\n|move|p1a: Heliolisk|Electroweb|p2b: Incineroar|[spread] p2a,p2b\n|-damage|p2a: Beedrill|64/100\n|-damage|p2b: Incineroar|13/100\n|-unboost|p2a: Beedrill|spe|1\n|-unboost|p2b: Incineroar|spe|1\n|move|p1b: Rampardos|Rock Slide|p2a: Beedrill|[spread] p2a,p2b\n|-supereffective|p2a: Beedrill|1\n|-supereffective|p2b: Incineroar|1\n|-damage|p2a: Beedrill|0 fnt\n|-damage|p2b: Incineroar|0 fnt\n|faint|p2a: Beedrill\n|faint|p2b: Incineroar\n|\n|upkeep\n|\n|t:|1776087735\n|switch|p2a: Tsareena|Tsareena, L50, F|62/100\n|turn|9\n|\n|t:|1776087749\n|move|p1a: Heliolisk|Electroweb|p2a: Tsareena\n|-resisted|p2a: Tsareena|1\n|-damage|p2a: Tsareena|54/100\n|-unboost|p2a: Tsareena|spe|1\n|move|p1b: Rampardos|Iron Head|p2a: Tsareena\n|-damage|p2a: Tsareena|24/100\n|move|p2a: Tsareena|Trop Kick|p1b: Rampardos\n|-supereffective|p1b: Rampardos|1\n|-damage|p1b: Rampardos|0 fnt\n|faint|p1b: Rampardos\n|\n|upkeep\n|turn|10\n|\n|t:|1776087764\n|move|p1a: Heliolisk|Dark Pulse|p2a: Tsareena\n|-damage|p2a: Tsareena|9/100\n|move|p2a: Tsareena|Trop Kick|p1a: Heliolisk\n|-damage|p1a: Heliolisk|0 fnt\n|faint|p1a: Heliolisk\n|\n|win|BadTrainer41\n|raw|Vdjeujbff's rating: 1034 &rarr; <strong>1017</strong><br />(-17 for losing)\n|raw|BadTrainer41's rating: 1000 &rarr; <strong>1044</strong><br />(+44 for winning)\n",
  "uploadtime": 1776087771,
  "views": 15,
  "formatid": "gen9championsvgc2026regma",
  "rating": 1017,
  "private": 0,
  "password": null
}