{
  "id": "gen9championsvgc2026regma-2581610147",
  "format": "[Gen 9 Champions] VGC 2026 Reg M-A",
  "players": [
    "NEONxTOKYO",
    "darckph"
  ],
  "log": "|j|\u2606NEONxTOKYO\n|j|\u2606darckph\n|t:|1776014909\n|gametype|doubles\n|player|p1|NEONxTOKYO|unknown|1135\n|player|p2|darckph|169|1062\n|gen|9\n|tier|[Gen 9 Champions] VGC 2026 Reg M-A\n|rated|\n|rule|Species Clause: Limit one of each Pok\u00e9mon\n|rule|Item Clause: Limit 1 of each item\n|clearpoke\n|poke|p1|Garchomp, L50, F|\n|poke|p1|Tyranitar, L50, M|\n|poke|p1|Excadrill, L50, M|\n|poke|p1|Corviknight, L50, F|\n|poke|p1|Rotom-Wash, L50|\n|poke|p1|Archaludon, L50, F|\n|poke|p2|Charizard, L50, M|\n|poke|p2|Venusaur, L50, F|\n|poke|p2|Tyranitar, L50, F|\n|poke|p2|Garchomp, L50, M|\n|poke|p2|Incineroar, L50, M|\n|poke|p2|Excadrill, L50, M|\n|teampreview|4\ndarckph rejected open team sheets.\n|inactive|Battle timer is ON: inactive players will automatically lose when time's up. (requested by darckph)\n|\n|t:|1776014939\n|teamsize|p1|4\n|teamsize|p2|4\n|start\n|switch|p1a: Tyranitar|Tyranitar, L50, M|100/100\n|switch|p1b: Excadrill|Excadrill, L50, M|100/100\n|switch|p2a: Incineroar|Incineroar, L50, M, shiny|100/100\n|switch|p2b: Garchomp|Garchomp, L50, M|100/100\n|-weather|Sandstorm|[from] ability: Sand Stream|[of] p1a: Tyranitar\n|turn|1\n|\n|t:|1776014954\n|switch|p1b: Rotom|Rotom-Wash, L50|100/100\n|switch|p1a: Corviknight|Corviknight, L50, F|100/100\n|move|p2a: Incineroar|Fake Out|p1b: Rotom\n|-damage|p1b: Rotom|88/100\n|move|p2b: Garchomp|Earthquake|p1a: Corviknight|[spread] p2a\n|-immune|p1a: Corviknight\n|-immune|p1b: Rotom|[from] ability: Levitate\n|-supereffective|p2a: Incineroar|1\n|-damage|p2a: Incineroar|34/100\n|-enditem|p2a: Incineroar|Sitrus Berry|[eat]\n|-heal|p2a: Incineroar|59/100|[from] item: Sitrus Berry\n|\n|-weather|Sandstorm|[upkeep]\n|-damage|p1b: Rotom|83/100|[from] Sandstorm\n|-damage|p2a: Incineroar|53/100|[from] Sandstorm\n|upkeep\n|turn|2\n|\n|t:|1776014972\n|switch|p2b: Tyranitar|Tyranitar, L50, F|100/100\n|move|p1b: Rotom|Will-O-Wisp|p2b: Tyranitar|[miss]\n|-miss|p1b: Rotom|p2b: Tyranitar\n|move|p1a: Corviknight|Iron Defense|p1a: Corviknight\n|-boost|p1a: Corviknight|def|2\n|move|p2a: Incineroar|Parting Shot|p1b: Rotom\n|-unboost|p1b: Rotom|atk|1\n|-unboost|p1b: Rotom|spa|1\n|\n|t:|1776014993\n|switch|p2a: Garchomp|Garchomp, L50, M|100/100|[from] Parting Shot\n|\n|-weather|Sandstorm|[upkeep]\n|-damage|p1b: Rotom|77/100|[from] Sandstorm\n|upkeep\n|turn|3\n|\n|t:|1776015009\n|move|p2a: Garchomp|Rock Slide|p1b: Rotom|[spread] p1a,p1b\n|-damage|p1a: Corviknight|94/100\n|-damage|p1b: Rotom|55/100\n|move|p1b: Rotom|Will-O-Wisp|p2b: Tyranitar\n|-status|p2b: Tyranitar|brn\n|cant|p1a: Corviknight|flinch\n|move|p2b: Tyranitar|Knock Off|p1a: Corviknight\n|-damage|p1a: Corviknight|87/100\n|-enditem|p1a: Corviknight|Leftovers|[from] move: Knock Off|[of] p2b: Tyranitar\n|\n|-weather|Sandstorm|[upkeep]\n|-damage|p1b: Rotom|50/100|[from] Sandstorm\n|-enditem|p1b: Rotom|Sitrus Berry|[eat]\n|-heal|p1b: Rotom|74/100|[from] item: Sitrus Berry\n|-damage|p2b: Tyranitar|95/100 brn|[from] brn\n|upkeep\n|turn|4\n|inactive|darckph has 30 seconds left.\n|inactive|darckph has 20 seconds left.\n|\n|t:|1776015046\n|move|p2a: Garchomp|Rock Slide|p1a: Corviknight|[spread] p1a,p1b\n|-damage|p1a: Corviknight|80/100\n|-damage|p1b: Rotom|53/100\n|move|p1b: Rotom|Will-O-Wisp|p2a: Garchomp\n|-status|p2a: Garchomp|brn\n|move|p1a: Corviknight|Iron Defense|p1a: Corviknight\n|-boost|p1a: Corviknight|def|2\n|move|p2b: Tyranitar|Low Kick|p1a: Corviknight\n|-damage|p1a: Corviknight|78/100\n|\n|-weather|Sandstorm|[upkeep]\n|-damage|p1b: Rotom|47/100|[from] Sandstorm\n|-damage|p2a: Garchomp|94/100 brn|[from] brn\n|-damage|p2b: Tyranitar|89/100 brn|[from] brn\n|upkeep\n|turn|5\n|\n|t:|1776015065\n|switch|p2b: Incineroar|Incineroar, L50, M, shiny|53/100\n|move|p2a: Garchomp|Rock Slide|p1b: Rotom|[spread] p1a,p1b\n|-damage|p1a: Corviknight|76/100\n|-damage|p1b: Rotom|37/100\n|move|p1b: Rotom|Hydro Pump|p2a: Garchomp\n|-damage|p2a: Garchomp|56/100 brn\n|move|p1a: Corviknight|Iron Defense|p1a: Corviknight\n|-boost|p1a: Corviknight|def|2\n|\n|-weather|none\n|-damage|p2a: Garchomp|50/100 brn|[from] brn\n|upkeep\n|turn|6\n|\n|t:|1776015084\n|switch|p2a: Tyranitar|Tyranitar, L50, F|89/100 brn\n|-weather|Sandstorm|[from] ability: Sand Stream|[of] p2a: Tyranitar\n|move|p1b: Rotom|Protect|p1b: Rotom\n|-singleturn|p1b: Rotom|Protect\n|move|p1a: Corviknight|Protect|p1a: Corviknight\n|-singleturn|p1a: Corviknight|Protect\n|move|p2b: Incineroar|Fake Out|p1b: Rotom\n|-activate|p1b: Rotom|move: Protect\n|\n|-weather|Sandstorm|[upkeep]\n|-damage|p1b: Rotom|31/100|[from] Sandstorm\n|-damage|p2b: Incineroar|48/100|[from] Sandstorm\n|-damage|p2a: Tyranitar|83/100 brn|[from] brn\n|upkeep\n|turn|7\n|inactive|NEONxTOKYO has 30 seconds left.\n|\n|t:|1776015115\n|move|p1b: Rotom|Hydro Pump|p2b: Incineroar\n|-supereffective|p2b: Incineroar|1\n|-damage|p2b: Incineroar|0 fnt\n|faint|p2b: Incineroar\n|move|p1a: Corviknight|Body Press|p2a: Tyranitar\n|-supereffective|p2a: Tyranitar|2\n|-damage|p2a: Tyranitar|0 fnt\n|faint|p2a: Tyranitar\n|\n|-weather|Sandstorm|[upkeep]\n|-damage|p1b: Rotom|25/100|[from] Sandstorm\n|upkeep\n|\n|t:|1776015118\n|switch|p2a: Excadrill|Excadrill, L50, M|100/100\n|switch|p2b: Garchomp|Garchomp, L50, M|50/100 brn\n|turn|8\n|\n|t:|1776015131\n|move|p2a: Excadrill|Rock Slide|p1b: Rotom|[spread] p1a,p1b\n|-damage|p1a: Corviknight|73/100\n|-damage|p1b: Rotom|4/100\n|move|p2b: Garchomp|Rock Slide|p1b: Rotom|[spread] p1a,p1b\n|-damage|p1a: Corviknight|71/100\n|-damage|p1b: Rotom|0 fnt\n|faint|p1b: Rotom\n|cant|p1a: Corviknight|flinch\n|\n|-weather|Sandstorm|[upkeep]\n|-damage|p2b: Garchomp|44/100 brn|[from] brn\n|upkeep\n|\n|t:|1776015142\n|switch|p1b: Excadrill|Excadrill, L50, M|100/100\n|turn|9\n|\n|t:|1776015152\n|move|p1b: Excadrill|Protect|p1b: Excadrill\n|-singleturn|p1b: Excadrill|Protect\n|move|p2a: Excadrill|High Horsepower|p1b: Excadrill\n|-activate|p1b: Excadrill|move: Protect\n|move|p2b: Garchomp|Rock Slide|p1a: Corviknight|[spread] p1a\n|-activate|p1b: Excadrill|move: Protect\n|-damage|p1a: Corviknight|70/100\n|cant|p1a: Corviknight|flinch\n|\n|-weather|Sandstorm|[upkeep]\n|-damage|p2b: Garchomp|38/100 brn|[from] brn\n|upkeep\n|turn|10\n|inactive|NEONxTOKYO has 30 seconds left.\n|inactive|NEONxTOKYO has 20 seconds left.\n|\n|t:|1776015189\n|move|p1b: Excadrill|High Horsepower|p2a: Excadrill\n|-supereffective|p2a: Excadrill|1\n|-enditem|p2a: Excadrill|Focus Sash\n|-damage|p2a: Excadrill|1/100\n|move|p2a: Excadrill|High Horsepower|p1b: Excadrill\n|-supereffective|p1b: Excadrill|1\n|-enditem|p1b: Excadrill|Focus Sash\n|-damage|p1b: Excadrill|1/100\n|move|p2b: Garchomp|Rock Slide|p1b: Excadrill|[spread] p1a,p1b\n|-resisted|p1b: Excadrill|2\n|-damage|p1a: Corviknight|69/100\n|-damage|p1b: Excadrill|0 fnt\n|faint|p1b: Excadrill\n|move|p1a: Corviknight|Body Press|p2a: Excadrill\n|-supereffective|p2a: Excadrill|1\n|-damage|p2a: Excadrill|0 fnt\n|faint|p2a: Excadrill\n|\n|-weather|none\n|-damage|p2b: Garchomp|32/100 brn|[from] brn\n|upkeep\n|\n|t:|1776015206\n|switch|p1b: Tyranitar|Tyranitar, L50, M|100/100\n|-weather|Sandstorm|[from] ability: Sand Stream|[of] p1b: Tyranitar\n|turn|11\n|c|\u2606darckph|gg\n|\n|t:|1776015219\n|detailschange|p1b: Tyranitar|Tyranitar-Mega, L50, M\n|-mega|p1b: Tyranitar|Tyranitar|Tyranitarite\n|move|p2b: Garchomp|Rock Slide|p1a: Corviknight|[spread] p1a,p1b\n|-damage|p1a: Corviknight|68/100\n|-damage|p1b: Tyranitar|94/100\n|move|p1b: Tyranitar|Crunch|p2b: Garchomp\n|-damage|p2b: Garchomp|0 fnt\n|-damage|p1b: Tyranitar|82/100|[from] ability: Rough Skin|[of] p2b: Garchomp\n|faint|p2b: Garchomp\n|\n|win|NEONxTOKYO\n|raw|NEONxTOKYO's rating: 1135 &rarr; <strong>1155</strong><br />(+20 for winning)\n|raw|darckph's rating: 1062 &rarr; <strong>1047</strong><br />(-15 for losing)\n",
  "uploadtime": 1776015220,
  "views": 16,
  "formatid": "gen9championsvgc2026regma",
  "rating": 1047,
  "private": 0,
  "password": null
}