{
  "id": "gen9championsvgc2026regma-2581624202",
  "format": "[Gen 9 Champions] VGC 2026 Reg M-A",
  "players": [
    "VanniVGC",
    "realcomrade379"
  ],
  "log": "|j|\u2606VanniVGC\n|j|\u2606realcomrade379\n|html|<table width=\"100%\"><tr><td align=\"left\">VanniVGC</td><td align=\"right\">realcomrade379</tr><tr><td align=\"left\"><i class=\"fa fa-circle-o\"></i> <i class=\"fa fa-circle-o\"></i> </td><td align=\"right\"><i class=\"fa fa-circle-o\"></i> <i class=\"fa fa-circle-o\"></i> </tr></table>\n|uhtml|bestof|<h2><strong>Game 1</strong> of <a href=\"/game-bestof3-gen9championsvgc2026regma-2581624201\">a best-of-3</a></h2>\n|t:|1776015996\n|gametype|doubles\n|player|p1|VanniVGC|1|\n|player|p2|realcomrade379|shadowtriad|\n|gen|9\n|tier|[Gen 9 Champions] VGC 2026 Reg M-A\n|rated|Tournament battle\n|rule|Species Clause: Limit one of each Pok\u00e9mon\n|rule|Item Clause: Limit 1 of each item\n|raw|<div class=\"infobox\"><details class=\"readmore\" open><summary><strong>2 custom rules:</strong></summary> Force Open Team Sheets, Best of = 3</details></div>\n|clearpoke\n|poke|p1|Scovillain, L50, F|\n|poke|p1|Dragonite, L50, M|\n|poke|p1|Sneasler, L50, F|\n|poke|p1|Kingambit, L50, M|\n|poke|p1|Primarina, L50, F|\n|poke|p1|Garganacl, L50, M|\n|poke|p2|Tyranitar, L50, F|\n|poke|p2|Floette-Eternal, L50, F|\n|poke|p2|Excadrill, L50, F|\n|poke|p2|Basculegion, L50, M|\n|poke|p2|Sinistcha, L50|\n|poke|p2|Incineroar, L50, F|\n|teampreview|4\n|showteam|p1|Scovillain||Scovillainite|Chlorophyll|RagePowder,LeechSeed,Flamethrower,Protect|||F|||50|]Dragonite||LumBerry|InnerFocus|ScaleShot,ExtremeSpeed,LowKick,Protect|||M|||50|]Sneasler||WhiteHerb|Unburden|FakeOut,DireClaw,CloseCombat,Coaching|||F|||50|]Kingambit||ChopleBerry|Defiant|SuckerPunch,KowtowCleave,IronHead,Protect|||M|||50|]Primarina||SitrusBerry|LiquidVoice|CalmMind,HyperVoice,Moonblast,Protect|||F|||50|]Garganacl||Leftovers|PurifyingSalt|SaltCure,Recover,WideGuard,Protect|||M|||50|\n|showteam|p2|Tyranitar||Tyranitarite|SandStream|Protect,LowKick,KnockOff,RockSlide|||F|||50|]Floette-Eternal||Floettite|FlowerVeil|Protect,CalmMind,DazzlingGleam,Moonblast|||F|||50|]Excadrill||FocusSash|SandRush|Protect,HighHorsepower,IronHead,Earthquake|||F|||50|]Basculegion||ChoiceScarf|Adaptability|LastRespects,WaveCrash,FlipTurn,AquaJet|||M|||50|]Sinistcha||SitrusBerry|Hospitality|MatchaGotcha,TrickRoom,RagePowder,LifeDew||||||50|]Incineroar||ChopleBerry|Intimidate|FlareBlitz,WillOWisp,FakeOut,PartingShot|||F|||50|\n|inactive|Battle timer is ON: inactive players will automatically lose when time's up. (requested by realcomrade379)\n|inactive|VanniVGC has 60 seconds left.\n|\n|t:|1776016045\n|teamsize|p1|4\n|teamsize|p2|4\n|start\n|switch|p1a: Sneasler|Sneasler, L50, F|100/100\n|switch|p1b: Kingambit|Kingambit, L50, M|100/100\n|switch|p2a: Excadrill|Excadrill, L50, F|100/100\n|switch|p2b: Tyranitar|Tyranitar, L50, F|100/100\n|-weather|Sandstorm|[from] ability: Sand Stream|[of] p2b: Tyranitar\n|turn|1\n|inactive|realcomrade379 has 30 seconds left.\n|\n|t:|1776016078\n|switch|p1b: Primarina|Primarina, L50, F|100/100\n|detailschange|p2b: Tyranitar|Tyranitar-Mega, L50, F\n|-mega|p2b: Tyranitar|Tyranitar|Tyranitarite\n|move|p1a: Sneasler|Fake Out|p2a: Excadrill\n|-resisted|p2a: Excadrill|1\n|-damage|p2a: Excadrill|90/100\n|cant|p2a: Excadrill|flinch\n|move|p2b: Tyranitar|Low Kick|p1b: Primarina\n|-resisted|p1b: Primarina|1\n|-damage|p1b: Primarina|87/100\n|\n|-weather|Sandstorm|[upkeep]\n|-damage|p1a: Sneasler|95/100|[from] Sandstorm\n|-damage|p1b: Primarina|81/100|[from] Sandstorm\n|upkeep\n|turn|2\n|\n|t:|1776016096\n|switch|p2b: Sinistcha|Sinistcha, L50|100/100\n|-heal|p2a: Excadrill|100/100|[from] ability: Hospitality|[of] p2b: Sinistcha\n|move|p2a: Excadrill|Earthquake|p1a: Sneasler|[spread] p2b,p1a,p1b\n|-resisted|p2b: Sinistcha|1\n|-supereffective|p1a: Sneasler|1\n|-damage|p2b: Sinistcha|83/100\n|-damage|p1a: Sneasler|0 fnt\n|-damage|p1b: Primarina|37/100\n|-enditem|p1b: Primarina|Sitrus Berry|[eat]\n|-heal|p1b: Primarina|62/100|[from] item: Sitrus Berry\n|faint|p1a: Sneasler\n|move|p1b: Primarina|Hyper Voice|p2a: Excadrill|[spread] p2a,p2b\n|-supereffective|p2a: Excadrill|1\n|-resisted|p2b: Sinistcha|1\n|-damage|p2a: Excadrill|7/100\n|-damage|p2b: Sinistcha|66/100\n|\n|-weather|Sandstorm|[upkeep]\n|-damage|p2b: Sinistcha|60/100|[from] Sandstorm\n|-damage|p1b: Primarina|56/100|[from] Sandstorm\n|upkeep\n|\n|t:|1776016115\n|switch|p1a: Kingambit|Kingambit, L50, M|100/100\n|turn|3\n|\n|t:|1776016122\n|move|p1a: Kingambit|Protect|p1a: Kingambit\n|-singleturn|p1a: Kingambit|Protect\n|move|p2b: Sinistcha|Rage Powder|p2b: Sinistcha\n|-singleturn|p2b: Sinistcha|move: Rage Powder\n|move|p2a: Excadrill|Iron Head|p1b: Primarina\n|-damage|p1b: Primarina|7/100\n|move|p1b: Primarina|Hyper Voice|p2a: Excadrill|[spread] p2a,p2b\n|-supereffective|p2a: Excadrill|1\n|-resisted|p2b: Sinistcha|1\n|-damage|p2a: Excadrill|0 fnt\n|-damage|p2b: Sinistcha|43/100\n|-enditem|p2b: Sinistcha|Sitrus Berry|[eat]\n|-heal|p2b: Sinistcha|68/100|[from] item: Sitrus Berry\n|faint|p2a: Excadrill\n|\n|-weather|Sandstorm|[upkeep]\n|-damage|p2b: Sinistcha|61/100|[from] Sandstorm\n|-damage|p1b: Primarina|1/100|[from] Sandstorm\n|upkeep\n|\n|t:|1776016131\n|switch|p2a: Tyranitar|Tyranitar-Mega, L50, F|100/100\n|turn|4\n|\n|t:|1776016145\n|move|p2a: Tyranitar|Knock Off|p1a: Kingambit\n|-resisted|p1a: Kingambit|1\n|-damage|p1a: Kingambit|77/100\n|-enditem|p1a: Kingambit|Chople Berry|[from] move: Knock Off|[of] p2a: Tyranitar\n|move|p2b: Sinistcha|Matcha Gotcha|p1b: Primarina|[spread] p1a,p1b\n|-resisted|p1a: Kingambit|1\n|-supereffective|p1b: Primarina|1\n|-damage|p1a: Kingambit|64/100\n|-heal|p2b: Sinistcha|69/100|[from] drain|[of] p1a: Kingambit\n|-damage|p1b: Primarina|0 fnt\n|-heal|p2b: Sinistcha|70/100|[from] drain|[of] p1b: Primarina\n|-status|p1a: Kingambit|brn\n|faint|p1b: Primarina\n|move|p1a: Kingambit|Kowtow Cleave|p2b: Sinistcha\n|-supereffective|p2b: Sinistcha|1\n|-damage|p2b: Sinistcha|36/100\n|\n|-weather|Sandstorm|[upkeep]\n|-damage|p2b: Sinistcha|29/100|[from] Sandstorm\n|-damage|p1a: Kingambit|58/100 brn|[from] brn\n|upkeep\n|\n|t:|1776016153\n|switch|p1b: Garganacl|Garganacl, L50, M|100/100\n|turn|5\n|\n|t:|1776016169\n|move|p1a: Kingambit|Sucker Punch|p2b: Sinistcha\n|-supereffective|p2b: Sinistcha|1\n|-damage|p2b: Sinistcha|0 fnt\n|faint|p2b: Sinistcha\n|move|p2a: Tyranitar|Low Kick|p1a: Kingambit\n|-supereffective|p1a: Kingambit|2\n|-damage|p1a: Kingambit|0 fnt\n|faint|p1a: Kingambit\n|move|p1b: Garganacl|Salt Cure|p2a: Tyranitar\n|-damage|p2a: Tyranitar|91/100\n|-start|p2a: Tyranitar|Salt Cure\n|\n|-weather|none\n|-damage|p2a: Tyranitar|86/100|[from] Salt Cure\n|upkeep\n|\n|t:|1776016171\n|switch|p2b: Basculegion|Basculegion, L50, M|100/100\n|turn|6\n|\n|t:|1776016182\n|move|p1b: Garganacl|Protect|p1b: Garganacl\n|-singleturn|p1b: Garganacl|Protect\n|move|p2b: Basculegion|Wave Crash|p1b: Garganacl\n|-activate|p1b: Garganacl|move: Protect\n|move|p2a: Tyranitar|Low Kick|p1b: Garganacl\n|-activate|p1b: Garganacl|move: Protect\n|\n|-damage|p2a: Tyranitar|80/100|[from] Salt Cure\n|upkeep\n|turn|7\n|\n|t:|1776016191\n|move|p2b: Basculegion|Wave Crash|p1b: Garganacl\n|-supereffective|p1b: Garganacl|1\n|-damage|p1b: Garganacl|0 fnt\n|faint|p1b: Garganacl\n|-damage|p2b: Basculegion|66/100|[from] Recoil\n|\n|win|realcomrade379\n||realcomrade379 is ready for game 2.\n||VanniVGC is ready for game 2.\n|uhtml|next|Next: <a href=\"/battle-gen9championsvgc2026regma-2581626803\"><strong>Game 2 of 3</strong></a>\n",
  "uploadtime": 1776016416,
  "views": 10,
  "formatid": "gen9championsvgc2026regma",
  "rating": null,
  "private": 0,
  "password": null
}