{
  "id": "gen9championsvgc2026regma-2587157187",
  "format": "[Gen 9 Champions] VGC 2026 Reg M-A",
  "players": [
    "zrofs",
    "Hukb41"
  ],
  "log": "|j|\u2606zrofs\n|j|\u2606Hukb41\n|t:|1776501814\n|gametype|doubles\n|player|p1|zrofs|265|1353\n|player|p2|Hukb41|1|1299\n|gen|9\n|tier|[Gen 9 Champions] VGC 2026 Reg M-A\n|rated|\n|rule|Species Clause: Limit one of each Pok\u00e9mon\n|rule|Item Clause: Limit 1 of each item\n|clearpoke\n|poke|p1|Tyranitar, L50, M|\n|poke|p1|Kingambit, L50, M|\n|poke|p1|Gyarados, L50, M|\n|poke|p1|Corviknight, L50, M|\n|poke|p1|Sinistcha, L50|\n|poke|p1|Excadrill, L50, M|\n|poke|p2|Delphox, L50, F|\n|poke|p2|Garchomp, L50, F|\n|poke|p2|Meganium, L50, M|\n|poke|p2|Sneasler, L50, F|\n|poke|p2|Empoleon, L50, M|\n|poke|p2|Orthworm, L50, M|\n|teampreview|4\n|inactive|Battle timer is ON: inactive players will automatically lose when time's up. (requested by Hukb41)\n|\n|t:|1776501838\n|teamsize|p1|4\n|teamsize|p2|4\n|start\n|switch|p1a: Tyranitar|Tyranitar, L50, M|100/100\n|switch|p1b: Excadrill|Excadrill, L50, M|100/100\n|switch|p2a: Garchomp|Garchomp, L50, F|100/100\n|switch|p2b: Orthworm|Orthworm, L50, M|100/100\n|-weather|Sandstorm|[from] ability: Sand Stream|[of] p1a: Tyranitar\n|turn|1\n|\n|t:|1776501856\n|detailschange|p1a: Tyranitar|Tyranitar-Mega, L50, M\n|-mega|p1a: Tyranitar|Tyranitar|Tyranitarite\n|move|p1b: Excadrill|Rock Slide|p2b: Orthworm|[spread] p2a,p2b\n|-resisted|p2a: Garchomp|1\n|-resisted|p2b: Orthworm|1\n|-damage|p2a: Garchomp|91/100\n|-damage|p2b: Orthworm|94/100\n|move|p2a: Garchomp|Earthquake|p1a: Tyranitar|[spread] p1a,p1b\n|-heal|p2b: Orthworm|100/100|[from] ability: Earth Eater|[of] p2a: Garchomp\n|-supereffective|p1a: Tyranitar|1\n|-supereffective|p1b: Excadrill|1\n|-damage|p1a: Tyranitar|48/100\n|-enditem|p1b: Excadrill|Focus Sash\n|-damage|p1b: Excadrill|1/100\n|move|p1a: Tyranitar|Low Kick|p2b: Orthworm\n|-supereffective|p2b: Orthworm|1\n|-damage|p2b: Orthworm|22/100\n|-enditem|p2b: Orthworm|Sitrus Berry|[eat]\n|-heal|p2b: Orthworm|47/100|[from] item: Sitrus Berry\n|move|p2b: Orthworm|Iron Defense|p2b: Orthworm\n|-boost|p2b: Orthworm|def|2\n|\n|-weather|Sandstorm|[upkeep]\n|upkeep\n|turn|2\n|inactive|zrofs has 30 seconds left.\n|inactive|Hukb41 has 30 seconds left.\n|inactive|zrofs has 20 seconds left.\n|inactive|Hukb41 has 20 seconds left.\n|inactive|Hukb41 has 15 seconds left.\n|\n|t:|1776501899\n|move|p1a: Tyranitar|Protect|p1a: Tyranitar\n|-singleturn|p1a: Tyranitar|Protect\n|move|p1b: Excadrill|Rock Slide|p2a: Garchomp|[spread] p2a,p2b\n|-resisted|p2a: Garchomp|1\n|-resisted|p2b: Orthworm|1\n|-damage|p2a: Garchomp|80/100\n|-damage|p2b: Orthworm|43/100\n|cant|p2a: Garchomp|flinch\n|move|p2b: Orthworm|Body Press|p1a: Tyranitar\n|-activate|p1a: Tyranitar|move: Protect\n|\n|-weather|Sandstorm|[upkeep]\n|upkeep\n|turn|3\n|\n|t:|1776501918\n|move|p1b: Excadrill|Rock Slide|p2a: Garchomp|[spread] p2a\n|-miss|p1b: Excadrill|p2b: Orthworm\n|-resisted|p2a: Garchomp|1\n|-damage|p2a: Garchomp|70/100\n|move|p2a: Garchomp|Earthquake|p1b: Excadrill|[spread] p1a,p1b\n|-heal|p2b: Orthworm|68/100|[from] ability: Earth Eater|[of] p2a: Garchomp\n|-supereffective|p1a: Tyranitar|1\n|-supereffective|p1b: Excadrill|1\n|-crit|p1b: Excadrill\n|-damage|p1a: Tyranitar|0 fnt\n|-damage|p1b: Excadrill|0 fnt\n|faint|p1a: Tyranitar\n|faint|p1b: Excadrill\n|move|p2b: Orthworm|Body Press|p1: Tyranitar|[notarget]\n|-fail|p2b: Orthworm\n|\n|-weather|Sandstorm|[upkeep]\n|upkeep\n|\n|t:|1776501931\n|switch|p1b: Kingambit|Kingambit, L50, M|100/100\n|switch|p1a: Sinistcha|Sinistcha, L50|100/100\n|turn|4\n|\n|t:|1776501948\n|move|p2a: Garchomp|Earthquake|p1b: Kingambit|[spread] p1a,p1b\n|-heal|p2b: Orthworm|93/100|[from] ability: Earth Eater|[of] p2a: Garchomp\n|-resisted|p1a: Sinistcha|1\n|-supereffective|p1b: Kingambit|1\n|-damage|p1a: Sinistcha|82/100\n|-damage|p1b: Kingambit|33/100\n|move|p2b: Orthworm|Iron Defense|p2b: Orthworm\n|-boost|p2b: Orthworm|def|2\n|move|p1b: Kingambit|Swords Dance|p1b: Kingambit\n|-boost|p1b: Kingambit|atk|2\n|move|p1a: Sinistcha|Trick Room|p1a: Sinistcha\n|-fieldstart|move: Trick Room|[of] p1a: Sinistcha\n|\n|-weather|Sandstorm|[upkeep]\n|-damage|p1a: Sinistcha|76/100|[from] Sandstorm\n|upkeep\n|turn|5\n|\n|t:|1776501965\n|move|p1a: Sinistcha|Rage Powder|p1a: Sinistcha\n|-singleturn|p1a: Sinistcha|move: Rage Powder\n|move|p1b: Kingambit|Kowtow Cleave|p2a: Garchomp\n|-damage|p2a: Garchomp|0 fnt\n|-damage|p1b: Kingambit|21/100|[from] ability: Rough Skin|[of] p2a: Garchomp\n|faint|p2a: Garchomp\n|move|p2b: Orthworm|Body Press|p1a: Sinistcha\n|-immune|p1a: Sinistcha\n|\n|-weather|none\n|upkeep\n|\n|t:|1776501984\n|switch|p2a: Sneasler|Sneasler, L50, F|100/100\n|turn|6\n|\n|t:|1776501990\n|move|p2b: Orthworm|Protect|p2b: Orthworm\n|-singleturn|p2b: Orthworm|Protect\n|move|p2a: Sneasler|Protect|p2a: Sneasler\n|-singleturn|p2a: Sneasler|Protect\n|move|p1a: Sinistcha|Rage Powder|p1a: Sinistcha\n|-singleturn|p1a: Sinistcha|move: Rage Powder\n|move|p1b: Kingambit|Kowtow Cleave|p2a: Sneasler\n|-activate|p2a: Sneasler|move: Protect\n|\n|upkeep\n|turn|7\n|\n|t:|1776502007\n|move|p1a: Sinistcha|Rage Powder|p1a: Sinistcha\n|-singleturn|p1a: Sinistcha|move: Rage Powder\n|move|p1b: Kingambit|Kowtow Cleave|p2a: Sneasler\n|-resisted|p2a: Sneasler|1\n|-damage|p2a: Sneasler|0 fnt\n|faint|p2a: Sneasler\n|move|p2b: Orthworm|Body Press|p1a: Sinistcha\n|-immune|p1a: Sinistcha\n|\n|upkeep\n|\n|t:|1776502015\n|switch|p2a: Delphox|Delphox, L50, F|100/100\n|turn|8\n|\n|t:|1776502025\n|move|p2b: Orthworm|Protect|p2b: Orthworm\n|-singleturn|p2b: Orthworm|Protect\n|move|p2a: Delphox|Protect|p2a: Delphox\n|-singleturn|p2a: Delphox|Protect\n|move|p1a: Sinistcha|Rage Powder|p1a: Sinistcha\n|-singleturn|p1a: Sinistcha|move: Rage Powder\n|move|p1b: Kingambit|Swords Dance|p1b: Kingambit\n|-boost|p1b: Kingambit|atk|2\n|\n|-fieldend|move: Trick Room\n|upkeep\n|turn|9\n|inactive|Hukb41 has 30 seconds left.\n|\n|t:|1776502054\n|detailschange|p2a: Delphox|Delphox-Mega, L50, F\n|-mega|p2a: Delphox|Delphox|Delphoxite\n|move|p1a: Sinistcha|Rage Powder|p1a: Sinistcha\n|-singleturn|p1a: Sinistcha|move: Rage Powder\n|move|p1b: Kingambit|Sucker Punch|p2a: Delphox\n|-supereffective|p2a: Delphox|1\n|-damage|p2a: Delphox|0 fnt\n|faint|p2a: Delphox\n|move|p2b: Orthworm|Body Press|p1a: Sinistcha\n|-immune|p1a: Sinistcha\n|\n|upkeep\n|turn|10\n|-message|Hukb41 forfeited.\n|\n|win|zrofs\n|raw|zrofs's rating: 1353 &rarr; <strong>1370</strong><br />(+17 for winning)\n|raw|Hukb41's rating: 1299 &rarr; <strong>1278</strong><br />(-21 for losing)\n|l|\u2606Hukb41\n|player|p2|\n",
  "uploadtime": 1776502082,
  "views": 20,
  "formatid": "gen9championsvgc2026regma",
  "rating": 1278,
  "private": 0,
  "password": null
}