{
  "id": "gen9championsvgc2026regma-2584165603",
  "format": "[Gen 9 Champions] VGC 2026 Reg M-A",
  "players": [
    "freshh to death",
    "dagrzekrom"
  ],
  "log": "|j|\u2606freshh to death\n|j|\u2606dagrzekrom\n|t:|1776233118\n|gametype|doubles\n|player|p1|freshh to death|miku-fairy|\n|player|p2|dagrzekrom|battlegirl-gen4|\n|gen|9\n|tier|[Gen 9 Champions] VGC 2026 Reg M-A\n|rated|Tournament battle\n|rule|Species Clause: Limit one of each Pok\u00e9mon\n|rule|Item Clause: Limit 1 of each item\n|raw|<div class=\"infobox\"><details class=\"readmore\" open><summary><strong>1 custom rule:</strong></summary> Force Open Team Sheets</details></div>\n|clearpoke\n|poke|p1|Meganium, L50, F|\n|poke|p1|Dragonite, L50, M|\n|poke|p1|Archaludon, L50, F|\n|poke|p1|Pelipper, L50, M|\n|poke|p1|Basculegion, L50, M|\n|poke|p1|Sneasler, L50, F|\n|poke|p2|Incineroar, L50, F|\n|poke|p2|Gengar, L50, F|\n|poke|p2|Sinistcha, L50|\n|poke|p2|Kingambit, L50, M|\n|poke|p2|Tyranitar, L50, F|\n|poke|p2|Kommo-o, L50, F|\n|teampreview|4\n|showteam|p1|Meganium||Meganiumite|LeafGuard|SolarBeam,WeatherBall,DazzlingGleam,Protect|||F|||50|]Dragonite||Dragoninite|Multiscale|DracoMeteor,Tailwind,Hurricane,Protect|||M|||50|]Archaludon||Leftovers|Sturdy|ElectroShot,DragonPulse,FlashCannon,Protect|||F|||50|]Pelipper||FocusSash|Drizzle|WeatherBall,Hurricane,Tailwind,Protect|||M|||50|]Basculegion||ChoiceScarf|Adaptability|WaveCrash,LastRespects,FlipTurn,AquaJet|||M|||50|]Sneasler||WhiteHerb|Unburden|FakeOut,DireClaw,Protect,CloseCombat|||F|||50|\n|showteam|p2|Incineroar||ShucaBerry|Intimidate|PartingShot,FakeOut,Protect,ThroatChop|||F|||50|]Gengar||Gengarite|CursedBody|ShadowBall,PerishSong,Protect,Substitute|||F|||50|]Sinistcha||SitrusBerry|Hospitality|MatchaGotcha,RagePowder,Protect,LifeDew||||||50|]Kingambit||ChopleBerry|Defiant|IronHead,Protect,LowKick,SuckerPunch|||M|||50|]Tyranitar||ChoiceScarf|SandStream|StoneEdge,IcePunch,LowKick,RockSlide|||F|||50|]Kommo-o||Leftovers|Soundproof|ClangingScales,ClangorousSoul,AuraSphere,Protect|||F|||50|\n|inactive|Battle timer is ON: inactive players will automatically lose when time's up. (requested by freshh to death)\n|j| speedyturtle87\n|j| OnToTheOther\n|j| SH0CKING BLUE\n|j| crimson_requiem5\n|\n|t:|1776233144\n|teamsize|p1|4\n|teamsize|p2|4\n|start\n|switch|p1a: Basculegion|Basculegion, L50, M|100/100\n|switch|p1b: Archaludon|Archaludon, L50, F|100/100\n|switch|p2a: Kommo-o|Kommo-o, L50, F|100/100\n|switch|p2b: Gengar|Gengar, L50, F|100/100\n|turn|1\n|\n|t:|1776233159\n|switch|p1a: Pelipper|Pelipper, L50, M|100/100\n|-weather|RainDance|[from] ability: Drizzle|[of] p1a: Pelipper\n|move|p2b: Gengar|Protect|p2b: Gengar\n|-singleturn|p2b: Gengar|Protect\n|move|p1b: Archaludon|Dragon Pulse|p2a: Kommo-o\n|-supereffective|p2a: Kommo-o|1\n|-damage|p2a: Kommo-o|6/100\n|move|p2a: Kommo-o|Clanging Scales|p1b: Archaludon|[spread] p1a,p1b\n|-damage|p1a: Pelipper|53/100\n|-damage|p1b: Archaludon|41/100\n|-unboost|p2a: Kommo-o|def|1\n|\n|-weather|RainDance|[upkeep]\n|-heal|p1b: Archaludon|47/100|[from] item: Leftovers\n|-heal|p2a: Kommo-o|12/100|[from] item: Leftovers\n|upkeep\n|turn|2\n|j| turtle100000000\n|\n|t:|1776233179\n|detailschange|p2b: Gengar|Gengar-Mega, L50, F\n|-mega|p2b: Gengar|Gengar|Gengarite\n|move|p2b: Gengar|Shadow Ball|p1a: Pelipper\n|-damage|p1a: Pelipper|3/100\n|move|p1b: Archaludon|Flash Cannon|p2a: Kommo-o\n|-damage|p2a: Kommo-o|0 fnt\n|faint|p2a: Kommo-o\n|move|p1a: Pelipper|Tailwind|p1a: Pelipper\n|-sidestart|p1: freshh to death|move: Tailwind\n|\n|-weather|RainDance|[upkeep]\n|-heal|p1b: Archaludon|53/100|[from] item: Leftovers\n|upkeep\n|\n|t:|1776233190\n|switch|p2a: Tyranitar|Tyranitar, L50, F|100/100\n|-weather|Sandstorm|[from] ability: Sand Stream|[of] p2a: Tyranitar\n|turn|3\n|\n|t:|1776233208\n|move|p1a: Pelipper|Protect|p1a: Pelipper\n|-singleturn|p1a: Pelipper|Protect\n|move|p1b: Archaludon|Flash Cannon|p2a: Tyranitar\n|-supereffective|p2a: Tyranitar|1\n|-damage|p2a: Tyranitar|43/100\n|move|p2b: Gengar|Shadow Ball|p1a: Pelipper\n|-activate|p1a: Pelipper|move: Protect\n|move|p2a: Tyranitar|Low Kick|p1b: Archaludon\n|-supereffective|p1b: Archaludon|1\n|-damage|p1b: Archaludon|6/100\n|\n|-weather|Sandstorm|[upkeep]\n|-damage|p2b: Gengar|95/100|[from] Sandstorm\n|-damage|p1a: Pelipper|0 fnt|[from] Sandstorm\n|faint|p1a: Pelipper\n|-heal|p1b: Archaludon|12/100|[from] item: Leftovers\n|upkeep\n|\n|t:|1776233223\n|switch|p1a: Basculegion|Basculegion, L50, M|100/100\n|turn|4\n|\n|t:|1776233241\n|switch|p2a: Sinistcha|Sinistcha, L50|100/100\n|-heal|p2b: Gengar|100/100|[from] ability: Hospitality|[of] p2a: Sinistcha\n|move|p2b: Gengar|Protect|p2b: Gengar\n|-singleturn|p2b: Gengar|Protect\n|move|p1a: Basculegion|Wave Crash|p2a: Sinistcha\n|-resisted|p2a: Sinistcha|1\n|-damage|p2a: Sinistcha|62/100\n|-damage|p1a: Basculegion|89/100|[from] Recoil\n|move|p1b: Archaludon|Dragon Pulse|p2b: Gengar\n|-activate|p2b: Gengar|move: Protect\n|\n|-weather|Sandstorm|[upkeep]\n|-damage|p1a: Basculegion|83/100|[from] Sandstorm\n|-damage|p2b: Gengar|95/100|[from] Sandstorm\n|-damage|p2a: Sinistcha|56/100|[from] Sandstorm\n|-heal|p1b: Archaludon|18/100|[from] item: Leftovers\n|upkeep\n|turn|5\n|j| i hate you delta\n|l| i hate you delta\n|\n|t:|1776233259\n|move|p2a: Sinistcha|Rage Powder|p2a: Sinistcha\n|-singleturn|p2a: Sinistcha|move: Rage Powder\n|move|p1a: Basculegion|Wave Crash|p2a: Sinistcha\n|-resisted|p2a: Sinistcha|1\n|-damage|p2a: Sinistcha|19/100\n|-enditem|p2a: Sinistcha|Sitrus Berry|[eat]\n|-heal|p2a: Sinistcha|44/100|[from] item: Sitrus Berry\n|-damage|p1a: Basculegion|73/100|[from] Recoil\n|move|p1b: Archaludon|Dragon Pulse|p2a: Sinistcha\n|-damage|p2a: Sinistcha|4/100\n|move|p2b: Gengar|Shadow Ball|p1b: Archaludon\n|-damage|p1b: Archaludon|0 fnt\n|faint|p1b: Archaludon\n|\n|-weather|Sandstorm|[upkeep]\n|-damage|p1a: Basculegion|66/100|[from] Sandstorm\n|-damage|p2b: Gengar|89/100|[from] Sandstorm\n|-damage|p2a: Sinistcha|0 fnt|[from] Sandstorm\n|faint|p2a: Sinistcha\n|-sideend|p1: freshh to death|move: Tailwind\n|upkeep\n|\n|t:|1776233269\n|switch|p1b: Meganium|Meganium, L50, F|100/100\n|switch|p2a: Tyranitar|Tyranitar, L50, F|43/100\n|turn|6\n|j| gamerej2012\n|j| pipievgc103\n|\n|t:|1776233293\n|detailschange|p1b: Meganium|Meganium-Mega, L50, F\n|-mega|p1b: Meganium|Meganium|Meganiumite\n|move|p1a: Basculegion|Wave Crash|p2a: Tyranitar\n|-supereffective|p2a: Tyranitar|1\n|-damage|p2a: Tyranitar|0 fnt\n|faint|p2a: Tyranitar\n|-damage|p1a: Basculegion|54/100|[from] Recoil\n|move|p2b: Gengar|Shadow Ball|p1a: Basculegion\n|-supereffective|p1a: Basculegion|1\n|-damage|p1a: Basculegion|0 fnt\n|faint|p1a: Basculegion\n|move|p1b: Meganium|Weather Ball|p2b: Gengar\n|-damage|p2b: Gengar|25/100\n|\n|-weather|Sandstorm|[upkeep]\n|-damage|p2b: Gengar|19/100|[from] Sandstorm\n|-damage|p1b: Meganium|95/100|[from] Sandstorm\n|upkeep\n|turn|7\n|l| pipievgc103\n|c|\u2606freshh to death|gg\n|\n|t:|1776233308\n|move|p2b: Gengar|Shadow Ball|p1b: Meganium\n|-damage|p1b: Meganium|59/100\n|move|p1b: Meganium|Weather Ball|p2b: Gengar\n|-damage|p2b: Gengar|0 fnt\n|faint|p2b: Gengar\n|\n|win|freshh to death\n|n|\u2606freshh to death|freshhtodeath\n|n|\u2606dagrzekrom|dagrzekrom\n|n| speedyturtle87|speedyturtle87\n|n| OnToTheOther|ontotheother\n|n| SH0CKING BLUE|sh0ckingblue\n|n| crimson_requiem5|crimsonrequiem5\n|n| turtle100000000|turtle100000000\n|n| gamerej2012|gamerej2012\n",
  "uploadtime": 1776233308,
  "views": 42,
  "formatid": "gen9championsvgc2026regma",
  "rating": null,
  "private": 0,
  "password": null
}