{
  "id": "gen9championsvgc2026regma-2586630968",
  "format": "[Gen 9 Champions] VGC 2026 Reg M-A",
  "players": [
    "bueblue",
    "ozar97"
  ],
  "log": "|j|\u2606bueblue\n|j|\u2606ozar97\n|t:|1776448115\n|gametype|doubles\n|player|p1|bueblue|kieran|1035\n|player|p2|ozar97|shadowtriad|1069\n|gen|9\n|tier|[Gen 9 Champions] VGC 2026 Reg M-A\n|rated|\n|rule|Species Clause: Limit one of each Pok\u00e9mon\n|rule|Item Clause: Limit 1 of each item\n|clearpoke\n|poke|p1|Pelipper, L50, M|\n|poke|p1|Archaludon, L50, M|\n|poke|p1|Meganium, L50, M|\n|poke|p1|Raichu, L50, F|\n|poke|p1|Beartic, L50, F|\n|poke|p1|Basculegion, L50, M|\n|poke|p2|Dragonite, L50, F|\n|poke|p2|Basculegion, L50, M|\n|poke|p2|Archaludon, L50, M|\n|poke|p2|Scizor, L50, M|\n|poke|p2|Pelipper, L50, F|\n|poke|p2|Manectric, L50, M|\n|teampreview|4\nbueblue rejected open team sheets.\n|inactive|Battle timer is ON: inactive players will automatically lose when time's up. (requested by bueblue)\n|\n|t:|1776448163\n|teamsize|p1|4\n|teamsize|p2|4\n|start\n|switch|p1a: Pelipper|Pelipper, L50, M|100/100\n|switch|p1b: Meganium|Meganium, L50, M|100/100\n|switch|p2a: Scizor|Scizor, L50, M, shiny|100/100\n|switch|p2b: Manectric|Manectric, L50, M|100/100\n|-weather|RainDance|[from] ability: Drizzle|[of] p1a: Pelipper\n|turn|1\n|inactive|ozar97 has 30 seconds left.\n|inactive|ozar97 has 20 seconds left.\n|\n|t:|1776448198\n|switch|p1b: Raichu|Raichu, L50, F|100/100\n|detailschange|p2b: Manectric|Manectric-Mega, L50, M\n|-mega|p2b: Manectric|Manectric|Manectite\n|-ability|p2b: Manectric|Intimidate|boost\n|-unboost|p1a: Pelipper|atk|1\n|-unboost|p1b: Raichu|atk|1\n|move|p2b: Manectric|Thunder|p1b: Raichu\n|-activate|p1b: Raichu|ability: Lightning Rod\n|-ability|p1b: Raichu|Lightning Rod|boost\n|-boost|p1b: Raichu|spa|1\n|move|p1a: Pelipper|Tailwind|p1a: Pelipper\n|-sidestart|p1: bueblue|move: Tailwind\n|move|p2a: Scizor|Dual Wingbeat|p1b: Raichu\n|-resisted|p1b: Raichu|1\n|-damage|p1b: Raichu|75/100\n|-resisted|p1b: Raichu|1\n|-damage|p1b: Raichu|49/100\n|-enditem|p1b: Raichu|Sitrus Berry|[eat]\n|-heal|p1b: Raichu|74/100|[from] item: Sitrus Berry\n|-hitcount|p1b: Raichu|2\n|\n|-weather|RainDance|[upkeep]\n|upkeep\n|turn|2\n|inactive|ozar97 has 30 seconds left.\n|\n|t:|1776448224\n|switch|p2b: Archaludon|Archaludon, L50, M, shiny|100/100\n|move|p1b: Raichu|Fake Out|p2a: Scizor\n|-resisted|p2a: Scizor|1\n|-damage|p2a: Scizor|98/100\n|move|p1a: Pelipper|Weather Ball|p2b: Archaludon\n|-resisted|p2b: Archaludon|1\n|-damage|p2b: Archaludon|52/100\n|cant|p2a: Scizor|flinch\n|\n|-weather|RainDance|[upkeep]\n|upkeep\n|turn|3\n|\n|t:|1776448243\n|switch|p1a: Meganium|Meganium, L50, M|100/100\n|move|p1b: Raichu|Focus Blast|p2b: Archaludon\n|-supereffective|p2b: Archaludon|1\n|-damage|p2b: Archaludon|0 fnt\n|faint|p2b: Archaludon\n|move|p2a: Scizor|Dual Wingbeat|p1b: Raichu\n|-resisted|p1b: Raichu|1\n|-damage|p1b: Raichu|47/100\n|-resisted|p1b: Raichu|1\n|-damage|p1b: Raichu|22/100\n|-hitcount|p1b: Raichu|2\n|\n|-weather|RainDance|[upkeep]\n|upkeep\n|\n|t:|1776448251\n|switch|p2b: Pelipper|Pelipper, L50, F, shiny|100/100\n|turn|4\n|\n|t:|1776448267\n|detailschange|p1a: Meganium|Meganium-Mega, L50, M\n|-mega|p1a: Meganium|Meganium|Meganiumite\n|move|p2a: Scizor|Bullet Punch|p1b: Raichu\n|-resisted|p1b: Raichu|1\n|-damage|p1b: Raichu|0 fnt\n|faint|p1b: Raichu\n|move|p1a: Meganium|Weather Ball|p2a: Scizor\n|-supereffective|p2a: Scizor|2\n|-damage|p2a: Scizor|0 fnt\n|faint|p2a: Scizor\n|move|p2b: Pelipper|Blizzard|p1a: Meganium|[miss]\n|-miss|p2b: Pelipper|p1a: Meganium\n|\n|-weather|RainDance|[upkeep]\n|-sideend|p1: bueblue|move: Tailwind\n|upkeep\n|\n|t:|1776448275\n|switch|p1b: Archaludon|Archaludon, L50, M|100/100\n|switch|p2a: Manectric|Manectric-Mega, L50, M|100/100\n|-ability|p2a: Manectric|Intimidate|boost\n|-unboost|p1a: Meganium|atk|1\n|-unboost|p1b: Archaludon|atk|1\n|turn|5\n|\n|t:|1776448290\n|move|p2a: Manectric|Thunder|p1b: Archaludon\n|-resisted|p1b: Archaludon|1\n|-damage|p1b: Archaludon|57/100\n|-ability|p1b: Archaludon|Stamina|boost\n|-boost|p1b: Archaludon|def|1\n|move|p1b: Archaludon|Electro Shot||[still]\n|-prepare|p1b: Archaludon|Electro Shot\n|-boost|p1b: Archaludon|spa|1\n|-anim|p1b: Archaludon|Electro Shot|p2b: Pelipper\n|-supereffective|p2b: Pelipper|2\n|-enditem|p2b: Pelipper|Focus Sash\n|-damage|p2b: Pelipper|1/100\n|move|p1a: Meganium|Earth Power|p2a: Manectric\n|-supereffective|p2a: Manectric|1\n|-damage|p2a: Manectric|0 fnt\n|faint|p2a: Manectric\n|move|p2b: Pelipper|Hurricane|p1a: Meganium\n|-supereffective|p1a: Meganium|1\n|-damage|p1a: Meganium|23/100\n|\n|-weather|none\n|-heal|p1b: Archaludon|63/100|[from] item: Leftovers\n|upkeep\n|turn|6\n|\n|t:|1776448311\n|move|p1b: Archaludon|Dragon Pulse|p2b: Pelipper\n|-damage|p2b: Pelipper|0 fnt\n|faint|p2b: Pelipper\n|\n|win|bueblue\n|raw|bueblue's rating: 1035 &rarr; <strong>1073</strong><br />(+38 for winning)\n|raw|ozar97's rating: 1069 &rarr; <strong>1047</strong><br />(-22 for losing)\n",
  "uploadtime": 1776448314,
  "views": 40,
  "formatid": "gen9championsvgc2026regma",
  "rating": 1047,
  "private": 0,
  "password": null
}