{
  "id": "gen9championsvgc2026regma-2585239162",
  "format": "[Gen 9 Champions] VGC 2026 Reg M-A",
  "players": [
    "jontar gurning",
    "ks_kerem"
  ],
  "log": "|j|\u2606jontar gurning\n|j|\u2606ks_kerem\n|t:|1776328708\n|gametype|doubles\n|player|p1|jontar gurning|swimmerf-gen4dp|1162\n|player|p2|ks_kerem|169|1074\n|gen|9\n|tier|[Gen 9 Champions] VGC 2026 Reg M-A\n|rated|\n|rule|Species Clause: Limit one of each Pok\u00e9mon\n|rule|Item Clause: Limit 1 of each item\n|clearpoke\n|poke|p1|Gengar, L50, F|\n|poke|p1|Archaludon, L50, F|\n|poke|p1|Incineroar, L50, M|\n|poke|p1|Gardevoir, L50, M|\n|poke|p1|Whimsicott, L50, M|\n|poke|p1|Politoed, L50, F|\n|poke|p2|Dragonite, L50, F|\n|poke|p2|Pelipper, L50, F|\n|poke|p2|Clawitzer, L50, F|\n|poke|p2|Incineroar, L50, M|\n|poke|p2|Basculegion, L50, M|\n|poke|p2|Azumarill, L50, F|\n|teampreview|4\n|inactive|Battle timer is ON: inactive players will automatically lose when time's up. (requested by jontar gurning)\n|\n|t:|1776328739\n|teamsize|p1|4\n|teamsize|p2|4\n|start\n|switch|p1a: Incineroar|Incineroar, L50, M|100/100\n|switch|p1b: Gardevoir|Gardevoir, L50, M|100/100\n|switch|p2a: Clawitzer|Clawitzer, L50, F|100/100\n|switch|p2b: Dragonite|Dragonite, L50, F|100/100\n|-ability|p1a: Incineroar|Intimidate|boost\n|-unboost|p2a: Clawitzer|atk|1\n|-unboost|p2b: Dragonite|atk|1\n|turn|1\n|\n|t:|1776328763\n|switch|p2b: Azumarill|Azumarill, L50, F|100/100\n|detailschange|p1b: Gardevoir|Gardevoir-Mega, L50, M\n|-mega|p1b: Gardevoir|Gardevoir|Gardevoirite\n|move|p1a: Incineroar|Fake Out|p2a: Clawitzer\n|-damage|p2a: Clawitzer|88/100\n|move|p1b: Gardevoir|Calm Mind|p1b: Gardevoir\n|-boost|p1b: Gardevoir|spa|1\n|-boost|p1b: Gardevoir|spd|1\n|cant|p2a: Clawitzer|flinch\n|\n|upkeep\n|turn|2\n|\n|t:|1776328785\n|move|p1b: Gardevoir|Protect|p1b: Gardevoir\n|-singleturn|p1b: Gardevoir|Protect\n|move|p1a: Incineroar|Parting Shot|p2a: Clawitzer\n|-unboost|p2a: Clawitzer|atk|1\n|-unboost|p2a: Clawitzer|spa|1\n|\n|t:|1776328788\n|switch|p1a: Whimsicott|Whimsicott, L50, M|100/100|[from] Parting Shot\n|move|p2a: Clawitzer|Heal Pulse|p2b: Azumarill\n|-fail|p2b: Azumarill|heal\n|move|p2b: Azumarill|Belly Drum|p2b: Azumarill\n|-damage|p2b: Azumarill|51/100\n|-setboost|p2b: Azumarill|atk|6|[from] move: Belly Drum\n|\n|upkeep\n|turn|3\n|inactive|ks_kerem has 30 seconds left.\n|\n|t:|1776328816\n|move|p1a: Whimsicott|Encore|p2b: Azumarill\n|-start|p2b: Azumarill|Encore\n|move|p1b: Gardevoir|Hyper Voice|p2b: Azumarill|[spread] p2a,p2b\n|-damage|p2a: Clawitzer|5/100\n|-damage|p2b: Azumarill|0 fnt\n|faint|p2b: Azumarill\n|move|p2a: Clawitzer|Heal Pulse|p2: Azumarill|[notarget]\n|-fail|p2a: Clawitzer\n|\n|upkeep\n|\n|t:|1776328828\n|switch|p2b: Dragonite|Dragonite, L50, F|100/100\n|turn|4\n|\n|t:|1776328841\n|detailschange|p2b: Dragonite|Dragonite-Mega, L50, F\n|-mega|p2b: Dragonite|Dragonite|Dragoninite\n|move|p1a: Whimsicott|Encore|p2a: Clawitzer\n|-start|p2a: Clawitzer|Encore\n|-enditem|p2a: Clawitzer|Mental Herb\n|-end|p2a: Clawitzer|Encore\n|move|p2b: Dragonite|Roost||[still]\n|-fail|p2b: Dragonite|heal\n|move|p1b: Gardevoir|Hyper Voice|p2a: Clawitzer|[spread] p2a,p2b\n|-supereffective|p2b: Dragonite|1\n|-damage|p2a: Clawitzer|0 fnt\n|-damage|p2b: Dragonite|42/100\n|faint|p2a: Clawitzer\n|\n|upkeep\n|\n|t:|1776328855\n|switch|p2a: Basculegion|Basculegion, L50, M|100/100\n|turn|5\n|\n|t:|1776328876\n|move|p1a: Whimsicott|Tailwind|p1a: Whimsicott\n|-sidestart|p1: jontar gurning|move: Tailwind\n|move|p1b: Gardevoir|Hyper Voice|p2b: Dragonite|[spread] p2a,p2b\n|-supereffective|p2b: Dragonite|1\n|-damage|p2a: Basculegion|23/100\n|-damage|p2b: Dragonite|0 fnt\n|faint|p2b: Dragonite\n|move|p2a: Basculegion|Phantom Force||[still]\n|-prepare|p2a: Basculegion|Phantom Force\n|\n|upkeep\n|turn|6\n|\n|t:|1776328889\n|move|p1a: Whimsicott|Moonblast|p2a: Basculegion|[miss]\n|-miss|p1a: Whimsicott|p2a: Basculegion\n|move|p1b: Gardevoir|Hyper Voice|p2a: Basculegion|[miss]\n|-miss|p1b: Gardevoir|p2a: Basculegion\n|move|p2a: Basculegion|Phantom Force|p1b: Gardevoir|[from] lockedmove\n|-supereffective|p1b: Gardevoir|1\n|-damage|p1b: Gardevoir|0 fnt\n|faint|p1b: Gardevoir\n|\n|upkeep\n|\n|t:|1776328894\n|switch|p1b: Incineroar|Incineroar, L50, M|100/100\n|-ability|p1b: Incineroar|Intimidate|boost\n|-unboost|p2a: Basculegion|atk|1\n|turn|7\n|\n|t:|1776328905\n|move|p1a: Whimsicott|Moonblast|p2a: Basculegion\n|-damage|p2a: Basculegion|0 fnt\n|faint|p2a: Basculegion\n|\n|win|jontar gurning\n|raw|jontar gurning's rating: 1162 &rarr; <strong>1181</strong><br />(+19 for winning)\n|raw|ks_kerem's rating: 1074 &rarr; <strong>1058</strong><br />(-16 for losing)\n|l|\u2606ks_kerem\n|player|p2|\n",
  "uploadtime": 1776328916,
  "views": 23,
  "formatid": "gen9championsvgc2026regma",
  "rating": 1058,
  "private": 0,
  "password": null
}