{
  "id": "gen9championsvgc2026regma-2582682381",
  "format": "[Gen 9 Champions] VGC 2026 Reg M-A",
  "players": [
    "thepeasent",
    "fuffrey"
  ],
  "log": "|j|\u2606thepeasent\n|j|\u2606fuffrey\n|t:|1776106995\n|gametype|doubles\n|player|p1|thepeasent|gloria-dojo|1236\n|player|p2|fuffrey|1|1212\n|gen|9\n|tier|[Gen 9 Champions] VGC 2026 Reg M-A\n|rated|\n|rule|Species Clause: Limit one of each Pok\u00e9mon\n|rule|Item Clause: Limit 1 of each item\n|clearpoke\n|poke|p1|Glimmora, L50, F|\n|poke|p1|Tyranitar, L50, F|\n|poke|p1|Excadrill, L50, F|\n|poke|p1|Milotic, L50, M|\n|poke|p1|Sneasler, L50, F|\n|poke|p1|Rotom-Wash, L50|\n|poke|p2|Slowking-Galar, L50, M|\n|poke|p2|Milotic, L50, M|\n|poke|p2|Greninja-*, L50, M|\n|poke|p2|Aurorus, L50, F|\n|poke|p2|Arcanine-Hisui, L50, F|\n|poke|p2|Mamoswine, L50, F|\n|teampreview|4\n|inactive|Battle timer is ON: inactive players will automatically lose when time's up. (requested by fuffrey)\n|inactive|thepeasent also wants the timer to be on.\nfuffrey rejected open team sheets.\n|\n|t:|1776107019\n|teamsize|p1|4\n|teamsize|p2|4\n|start\n|switch|p1a: Milotic|Milotic, L50, M|100/100\n|switch|p1b: Glimmora|Glimmora, L50, F|100/100\n|switch|p2a: Slowking|Slowking-Galar, L50, M|100/100\n|switch|p2b: Greninja|Greninja, L50, M|100/100\n|turn|1\n|\n|t:|1776107043\n|detailschange|p2b: Greninja|Greninja-Mega, L50, M\n|-mega|p2b: Greninja|Greninja|Greninjite\n|detailschange|p1b: Glimmora|Glimmora-Mega, L50, F\n|-mega|p1b: Glimmora|Glimmora|Glimmoranite\n|move|p1b: Glimmora|Spiky Shield|p1b: Glimmora\n|-singleturn|p1b: Glimmora|move: Protect\n|move|p2b: Greninja|Dark Pulse|p1a: Milotic\n|-start|p2b: Greninja|typechange|Dark|[from] ability: Protean\n|-damage|p1a: Milotic|71/100\n|move|p1a: Milotic|Muddy Water|p2a: Slowking|[spread] p2a,p2b\n|-crit|p2a: Slowking\n|-damage|p2a: Slowking|72/100\n|-damage|p2b: Greninja|62/100\n|-unboost|p2a: Slowking|accuracy|1\n|move|p2a: Slowking|Psychic|p1b: Glimmora\n|-activate|p1b: Glimmora|move: Protect\n|\n|-heal|p1a: Milotic|77/100|[from] item: Leftovers\n|upkeep\n|turn|2\n|inactive|fuffrey has 30 seconds left.\n|\n|t:|1776107073\n|switch|p1b: Tyranitar|Tyranitar, L50, F, shiny|100/100\n|-weather|Sandstorm|[from] ability: Sand Stream|[of] p1b: Tyranitar\n|move|p2b: Greninja|Dark Pulse|p1a: Milotic\n|-damage|p1a: Milotic|48/100\n|cant|p1a: Milotic|flinch\n|-prepare|p2a: Slowking|Chilly Reception|[premajor]\n|move|p2a: Slowking|Chilly Reception|p2a: Slowking\n|-weather|Snowscape\n|\n|t:|1776107084\n|switch|p2a: Mamoswine|Mamoswine, L50, F|100/100|[from] Chilly Reception\n|\n|-weather|Snowscape|[upkeep]\n|-heal|p1a: Milotic|54/100|[from] item: Leftovers\n|upkeep\n|turn|3\n|\n|t:|1776107097\n|move|p2b: Greninja|Low Kick|p1b: Tyranitar\n|-supereffective|p1b: Tyranitar|2\n|-enditem|p1b: Tyranitar|Chople Berry|[eat]\n|-enditem|p1b: Tyranitar|Chople Berry|[weaken]\n|-damage|p1b: Tyranitar|45/100\n|move|p2a: Mamoswine|High Horsepower|p1a: Milotic\n|-damage|p1a: Milotic|7/100\n|move|p1a: Milotic|Muddy Water|p2a: Mamoswine|[spread] p2a,p2b\n|-supereffective|p2a: Mamoswine|1\n|-damage|p2a: Mamoswine|26/100\n|-damage|p2b: Greninja|23/100\n|-unboost|p2a: Mamoswine|accuracy|1\n|-unboost|p2b: Greninja|accuracy|1\n|move|p1b: Tyranitar|Low Kick|p2a: Mamoswine\n|-supereffective|p2a: Mamoswine|1\n|-damage|p2a: Mamoswine|0 fnt\n|faint|p2a: Mamoswine\n|\n|-weather|Snowscape|[upkeep]\n|-heal|p1a: Milotic|13/100|[from] item: Leftovers\n|upkeep\n|\n|t:|1776107116\n|switch|p2a: Aurorus|Aurorus, L50, F|100/100\n|turn|4\n|\n|t:|1776107122\n|switch|p1b: Sneasler|Sneasler, L50, F|100/100\n|-ability|p1b: Sneasler|Pressure\n|move|p1a: Milotic|Protect|p1a: Milotic\n|-singleturn|p1a: Milotic|Protect\n|move|p2b: Greninja|Blizzard|p1a: Milotic|[spread] p1b\n|-activate|p1a: Milotic|move: Protect\n|-damage|p1b: Sneasler|58/100\n|move|p2a: Aurorus|Blizzard|p1a: Milotic|[spread] p1b\n|-activate|p1a: Milotic|move: Protect\n|-damage|p1b: Sneasler|9/100\n|\n|-weather|Snowscape|[upkeep]\n|-heal|p1a: Milotic|19/100|[from] item: Leftovers\n|upkeep\n|turn|5\n|inactive|fuffrey has 30 seconds left.\n|inactive|fuffrey has 20 seconds left.\n|\n|t:|1776107162\n|switch|p1a: Tyranitar|Tyranitar, L50, F, shiny|45/100\n|-weather|Sandstorm|[from] ability: Sand Stream|[of] p1a: Tyranitar\n|move|p1b: Sneasler|Fake Out|p2b: Greninja\n|-damage|p2b: Greninja|0 fnt\n|faint|p2b: Greninja\n|move|p2a: Aurorus|Freeze-Dry|p1a: Tyranitar\n|-damage|p1a: Tyranitar|24/100\n|\n|-weather|Sandstorm|[upkeep]\n|-damage|p1b: Sneasler|4/100|[from] Sandstorm\n|upkeep\n|\n|t:|1776107173\n|switch|p2b: Slowking|Slowking-Galar, L50, M|100/100\n|turn|6\n|\n|t:|1776107179\n|move|p2a: Aurorus|Protect|p2a: Aurorus\n|-singleturn|p2a: Aurorus|Protect\n|move|p1b: Sneasler|Close Combat|p2a: Aurorus\n|-activate|p2a: Aurorus|move: Protect\n|move|p1a: Tyranitar|Crunch|p2b: Slowking\n|-supereffective|p2b: Slowking|1\n|-damage|p2b: Slowking|35/100\n|-enditem|p2b: Slowking|Sitrus Berry|[eat]\n|-heal|p2b: Slowking|60/100|[from] item: Sitrus Berry\n|-prepare|p2b: Slowking|Chilly Reception|[premajor]\n|move|p2b: Slowking|Chilly Reception|p2b: Slowking\n|-weather|Snowscape\n|\n|-weather|Snowscape|[upkeep]\n|upkeep\n|turn|7\n|\n|t:|1776107190\n|move|p1b: Sneasler|Close Combat|p2a: Aurorus\n|-supereffective|p2a: Aurorus|2\n|-enditem|p2a: Aurorus|Chople Berry|[eat]\n|-enditem|p2a: Aurorus|Chople Berry|[weaken]\n|-damage|p2a: Aurorus|25/100\n|-unboost|p1b: Sneasler|def|1\n|-unboost|p1b: Sneasler|spd|1\n|-enditem|p1b: Sneasler|White Herb\n|-clearnegativeboost|p1b: Sneasler|[silent]\n|move|p1a: Tyranitar|Crunch|p2b: Slowking\n|-supereffective|p2b: Slowking|1\n|-damage|p2b: Slowking|0 fnt\n|faint|p2b: Slowking\n|move|p2a: Aurorus|Blizzard|p1a: Tyranitar|[spread] p1a,p1b\n|-damage|p1a: Tyranitar|0 fnt\n|-damage|p1b: Sneasler|0 fnt\n|faint|p1a: Tyranitar\n|faint|p1b: Sneasler\n|\n|-weather|Snowscape|[upkeep]\n|upkeep\n|\n|t:|1776107194\n|switch|p1b: Milotic|Milotic, L50, M|19/100\n|switch|p1a: Glimmora|Glimmora-Mega, L50, F|100/100\n|turn|8\n|-message|fuffrey forfeited.\n|\n|win|thepeasent\n|raw|thepeasent's rating: 1236 &rarr; <strong>1259</strong><br />(+23 for winning)\n|raw|fuffrey's rating: 1212 &rarr; <strong>1189</strong><br />(-23 for losing)\n|l|\u2606fuffrey\n|player|p2|\n",
  "uploadtime": 1776107202,
  "views": 17,
  "formatid": "gen9championsvgc2026regma",
  "rating": 1189,
  "private": 0,
  "password": null
}