{
  "id": "gen9championsvgc2026regma-2581623063",
  "format": "[Gen 9 Champions] VGC 2026 Reg M-A",
  "players": [
    "kaoz910",
    "labaladecos"
  ],
  "log": "|j|\u2606kaoz910\n|j|\u2606labaladecos\n|t:|1776015907\n|gametype|doubles\n|player|p1|kaoz910|101|1131\n|player|p2|labaladecos|hugh|1028\n|gen|9\n|tier|[Gen 9 Champions] VGC 2026 Reg M-A\n|rated|\n|rule|Species Clause: Limit one of each Pok\u00e9mon\n|rule|Item Clause: Limit 1 of each item\n|clearpoke\n|poke|p1|Abomasnow, L50, M|\n|poke|p1|Oranguru, L50, M|\n|poke|p1|Cofagrigus, L50, F|\n|poke|p1|Incineroar, L50, F|\n|poke|p1|Rhyperior, L50, F|\n|poke|p1|Hatterene, L50, F|\n|poke|p2|Charizard, L50, M|\n|poke|p2|Whimsicott, L50, M|\n|poke|p2|Kingambit, L50, M|\n|poke|p2|Garchomp, L50, F|\n|poke|p2|Incineroar, L50, M|\n|poke|p2|Sneasler, L50, F|\n|teampreview|4\n|inactive|Battle timer is ON: inactive players will automatically lose when time's up. (requested by kaoz910)\n|inactive|labaladecos has 60 seconds left.\n|l|\u2606kaoz910\n|inactive|kaoz910 disconnected and has a minute to reconnect!\n|player|p1|\n|\n|t:|1776015958\n|teamsize|p1|4\n|teamsize|p2|4\n|start\n|switch|p1a: Incineroar|Incineroar, L50, F|100/100\n|switch|p1b: Cofagrigus|Cofagrigus, L50, F|100/100\n|switch|p2a: Charizard|Charizard, L50, M, shiny|100/100\n|switch|p2b: Sneasler|Sneasler, L50, F|100/100\n|-ability|p1a: Incineroar|Intimidate|boost\n|-unboost|p2a: Charizard|atk|1\n|-unboost|p2b: Sneasler|atk|1\n|turn|1\n|j|\u2606kaoz910\n|inactive|kaoz910 reconnected and has 55 seconds left.\n|player|p1|kaoz910|101|\n|inactive|labaladecos has 30 seconds left.\n|\n|t:|1776015993\n|detailschange|p2a: Charizard|Charizard-Mega-Y, L50, M, shiny\n|-mega|p2a: Charizard|Charizard|Charizardite Y\n|-weather|SunnyDay|[from] ability: Drought|[of] p2a: Charizard\n|move|p2b: Sneasler|Fake Out|p1a: Incineroar\n|-damage|p1a: Incineroar|91/100\n|cant|p1a: Incineroar|flinch\n|move|p2a: Charizard|Weather Ball|p1b: Cofagrigus\n|-damage|p1b: Cofagrigus|13/100\n|-enditem|p1b: Cofagrigus|Sitrus Berry|[eat]\n|-heal|p1b: Cofagrigus|37/100|[from] item: Sitrus Berry\n|move|p1b: Cofagrigus|Trick Room|p1b: Cofagrigus\n|-fieldstart|move: Trick Room|[of] p1b: Cofagrigus\n|\n|-weather|SunnyDay|[upkeep]\n|upkeep\n|turn|2\n|\n|t:|1776016018\n|move|p1b: Cofagrigus|Memento|p2a: Charizard\n|-unboost|p2a: Charizard|atk|2\n|-unboost|p2a: Charizard|spa|2\n|faint|p1b: Cofagrigus\n|move|p1a: Incineroar|Parting Shot|p2b: Sneasler\n|-unboost|p2b: Sneasler|atk|1\n|-unboost|p2b: Sneasler|spa|1\n|\n|t:|1776016022\n|switch|p1a: Rhyperior|Rhyperior, L50, F|100/100|[from] Parting Shot\n|move|p2a: Charizard|Weather Ball|p1a: Rhyperior\n|-resisted|p1a: Rhyperior|1\n|-damage|p1a: Rhyperior|73/100\n|move|p2b: Sneasler|Close Combat|p1a: Rhyperior\n|-supereffective|p1a: Rhyperior|1\n|-damage|p1a: Rhyperior|45/100\n|-unboost|p2b: Sneasler|def|1\n|-unboost|p2b: Sneasler|spd|1\n|\n|-weather|SunnyDay|[upkeep]\n|upkeep\n|\n|t:|1776016024\n|switch|p1b: Abomasnow|Abomasnow, L50, M|100/100\n|-weather|Snowscape|[from] ability: Snow Warning|[of] p1b: Abomasnow\n|turn|3\n|inactive|labaladecos has 30 seconds left.\n|\n|t:|1776016057\n|detailschange|p1b: Abomasnow|Abomasnow-Mega, L50, M\n|-mega|p1b: Abomasnow|Abomasnow|Abomasite\n|move|p2a: Charizard|Protect|p2a: Charizard\n|-singleturn|p2a: Charizard|Protect\n|move|p1b: Abomasnow|Blizzard|p2a: Charizard|[spread] p2b\n|-activate|p2a: Charizard|move: Protect\n|-damage|p2b: Sneasler|12/100\n|move|p1a: Rhyperior|Rock Slide|p2b: Sneasler|[spread] p2b\n|-activate|p2a: Charizard|move: Protect\n|-resisted|p2b: Sneasler|1\n|-damage|p2b: Sneasler|0 fnt\n|faint|p2b: Sneasler\n|-heal|p1a: Rhyperior|46/100|[from] item: Shell Bell|[of] p2: Sneasler\n|\n|-weather|Snowscape|[upkeep]\n|upkeep\n|\n|t:|1776016071\n|switch|p2b: Whimsicott|Whimsicott, L50, M|100/100\n|turn|4\n|\n|t:|1776016088\n|switch|p2a: Kingambit|Kingambit, L50, M|100/100\n|move|p2b: Whimsicott|Sunny Day|p2b: Whimsicott\n|-weather|SunnyDay\n|move|p1b: Abomasnow|Blizzard|p2b: Whimsicott|[spread] p2a,p2b\n|-resisted|p2a: Kingambit|1\n|-supereffective|p2b: Whimsicott|1\n|-damage|p2a: Kingambit|76/100\n|-enditem|p2b: Whimsicott|Focus Sash\n|-damage|p2b: Whimsicott|1/100\n|move|p1a: Rhyperior|Rock Slide|p2b: Whimsicott|[spread] p2a,p2b\n|-resisted|p2a: Kingambit|1\n|-damage|p2a: Kingambit|63/100\n|-damage|p2b: Whimsicott|0 fnt\n|faint|p2b: Whimsicott\n|-heal|p1a: Rhyperior|47/100|[from] item: Shell Bell|[of] p2: Whimsicott\n|\n|-weather|SunnyDay|[upkeep]\n|upkeep\n|\n|t:|1776016102\n|switch|p2b: Charizard|Charizard-Mega-Y, L50, M, shiny|100/100\n|turn|5\n|\n|t:|1776016106\n|switch|p1b: Incineroar|Incineroar, L50, F|91/100\n|-ability|p1b: Incineroar|Intimidate|boost\n|-unboost|p2a: Kingambit|atk|1\n|-ability|p2a: Kingambit|Defiant|boost\n|-boost|p2a: Kingambit|atk|2\n|-unboost|p2b: Charizard|atk|1\n|move|p2a: Kingambit|Protect|p2a: Kingambit\n|-singleturn|p2a: Kingambit|Protect\n|move|p2b: Charizard|Protect|p2b: Charizard\n|-singleturn|p2b: Charizard|Protect\n|move|p1a: Rhyperior|Hammer Arm|p2a: Kingambit\n|-activate|p2a: Kingambit|move: Protect\n|\n|-weather|SunnyDay|[upkeep]\n|-fieldend|move: Trick Room\n|upkeep\n|turn|6\n|inactive|kaoz910 has 30 seconds left.\n|inactive|labaladecos has 30 seconds left.\n|\n|t:|1776016139\n|move|p1b: Incineroar|Fake Out|p2a: Kingambit\n|-resisted|p2a: Kingambit|1\n|-damage|p2a: Kingambit|58/100\n|cant|p2a: Kingambit|flinch\n|move|p2b: Charizard|Weather Ball|p1a: Rhyperior\n|-resisted|p1a: Rhyperior|1\n|-damage|p1a: Rhyperior|0 fnt\n|faint|p1a: Rhyperior\n|\n|-weather|SunnyDay|[upkeep]\n|upkeep\n|\n|t:|1776016148\n|switch|p1a: Abomasnow|Abomasnow-Mega, L50, M|100/100\n|-weather|Snowscape|[from] ability: Snow Warning|[of] p1a: Abomasnow\n|turn|7\n|inactive|labaladecos has 30 seconds left.\n|\n|t:|1776016174\n|move|p2a: Kingambit|Sucker Punch|p1a: Abomasnow\n|-damage|p1a: Abomasnow|63/100\n|move|p2b: Charizard|Heat Wave|p1a: Abomasnow|[spread] p1a,p1b\n|-supereffective|p1a: Abomasnow|2\n|-resisted|p1b: Incineroar|1\n|-damage|p1a: Abomasnow|0 fnt\n|-damage|p1b: Incineroar|73/100\n|faint|p1a: Abomasnow\n|move|p1b: Incineroar|Parting Shot|p2b: Charizard\n|-unboost|p2b: Charizard|atk|1\n|-unboost|p2b: Charizard|spa|1\n|\n|-weather|Snowscape|[upkeep]\n|upkeep\n|turn|8\n|-message|kaoz910 forfeited.\n|\n|win|labaladecos\n|raw|kaoz910's rating: 1131 &rarr; <strong>1099</strong><br />(-32 for losing)\n|raw|labaladecos's rating: 1028 &rarr; <strong>1074</strong><br />(+46 for winning)\n|l|\u2606kaoz910\n|player|p1|\n",
  "uploadtime": 1776016188,
  "views": 16,
  "formatid": "gen9championsvgc2026regma",
  "rating": 1074,
  "private": 0,
  "password": null
}