{
  "id": "gen9championsvgc2026regma-2587953983",
  "format": "[Gen 9 Champions] VGC 2026 Reg M-A",
  "players": [
    "Wholeyeetrye",
    "KMMULLER2020"
  ],
  "log": "|j|\u2606Wholeyeetrye\n|j|\u2606KMMULLER2020\n|t:|1776584170\n|gametype|doubles\n|player|p1|Wholeyeetrye|265|1259\n|player|p2|KMMULLER2020|nate|1175\n|gen|9\n|tier|[Gen 9 Champions] VGC 2026 Reg M-A\n|rated|\n|rule|Species Clause: Limit one of each Pok\u00e9mon\n|rule|Item Clause: Limit 1 of each item\n|clearpoke\n|poke|p1|Meganium, L50, F|\n|poke|p1|Basculegion, L50, M|\n|poke|p1|Archaludon, L50, F|\n|poke|p1|Pelipper, L50, F|\n|poke|p1|Rotom-Heat, L50|\n|poke|p1|Garchomp, L50, F|\n|poke|p2|Gengar, L50, M|\n|poke|p2|Incineroar, L50, M|\n|poke|p2|Sinistcha, L50|\n|poke|p2|Palafin, L50, M|\n|poke|p2|Crabominable, L50, M|\n|poke|p2|Farigiraf, L50, M|\n|teampreview|4\n|inactive|Battle timer is ON: inactive players will automatically lose when time's up. (requested by KMMULLER2020)\n|inactive|Wholeyeetrye has 60 seconds left.\n|inactive|KMMULLER2020 has 60 seconds left.\n|\n|t:|1776584210\n|teamsize|p1|4\n|teamsize|p2|4\n|start\n|switch|p1a: Rotom|Rotom-Heat, L50|100/100\n|switch|p1b: Basculegion|Basculegion, L50, M|100/100\n|switch|p2a: Gengar|Gengar, L50, M|100/100\n|switch|p2b: Incineroar|Incineroar, L50, M|100/100\n|-ability|p2b: Incineroar|Intimidate|boost\n|-unboost|p1a: Rotom|atk|1\n|-unboost|p1b: Basculegion|atk|1\n|turn|1\n|\n|t:|1776584227\n|switch|p2b: Sinistcha|Sinistcha, L50|100/100\n|detailschange|p2a: Gengar|Gengar-Mega, L50, M\n|-mega|p2a: Gengar|Gengar|Gengarite\n|move|p2a: Gengar|Protect|p2a: Gengar\n|-singleturn|p2a: Gengar|Protect\n|move|p1a: Rotom|Electroweb|p2a: Gengar|[spread] p2b\n|-activate|p2a: Gengar|move: Protect\n|-resisted|p2b: Sinistcha|1\n|-damage|p2b: Sinistcha|90/100\n|-unboost|p2b: Sinistcha|spe|1\n|move|p1b: Basculegion|Last Respects|p2a: Gengar\n|-activate|p2a: Gengar|move: Protect\n|\n|-heal|p2b: Sinistcha|97/100|[from] item: Leftovers\n|upkeep\n|turn|2\n|\n|t:|1776584256\n|switch|p2a: Farigiraf|Farigiraf, L50, M|100/100\n|move|p1b: Basculegion|Protect|p1b: Basculegion\n|-singleturn|p1b: Basculegion|Protect\n|move|p1a: Rotom|Electroweb|p2b: Sinistcha|[spread] p2a,p2b\n|-resisted|p2b: Sinistcha|1\n|-damage|p2a: Farigiraf|82/100\n|-damage|p2b: Sinistcha|86/100\n|-unboost|p2a: Farigiraf|spe|1\n|-unboost|p2b: Sinistcha|spe|1\n|move|p2b: Sinistcha|Shadow Ball|p1b: Basculegion\n|-activate|p1b: Basculegion|move: Protect\n|\n|-heal|p2b: Sinistcha|93/100|[from] item: Leftovers\n|upkeep\n|turn|3\n|\n|t:|1776584278\n|switch|p2b: Incineroar|Incineroar, L50, M|100/100\n|-ability|p2b: Incineroar|Intimidate|boost\n|-unboost|p1a: Rotom|atk|1\n|-unboost|p1b: Basculegion|atk|1\n|move|p1a: Rotom|Electroweb|p2a: Farigiraf|[spread] p2b\n|-miss|p1a: Rotom|p2a: Farigiraf\n|-damage|p2b: Incineroar|85/100\n|-unboost|p2b: Incineroar|spe|1\n|move|p1b: Basculegion|Last Respects|p2b: Incineroar\n|-resisted|p2b: Incineroar|1\n|-damage|p2b: Incineroar|76/100\n|move|p2a: Farigiraf|Trick Room|p2a: Farigiraf\n|-fieldstart|move: Trick Room|[of] p2a: Farigiraf\n|\n|upkeep\n|turn|4\n|inactive|KMMULLER2020 has 30 seconds left.\n|\n|t:|1776584304\n|switch|p2a: Sinistcha|Sinistcha, L50|93/100\n|-heal|p2b: Incineroar|100/100|[from] ability: Hospitality|[of] p2a: Sinistcha\n|switch|p1b: Garchomp|Garchomp, L50, F|100/100\n|move|p2b: Incineroar|Darkest Lariat|p1a: Rotom\n|-damage|p1a: Rotom|62/100\n|move|p1a: Rotom|Electroweb|p2a: Sinistcha|[spread] p2a,p2b\n|-resisted|p2a: Sinistcha|1\n|-damage|p2a: Sinistcha|84/100\n|-damage|p2b: Incineroar|85/100\n|-unboost|p2a: Sinistcha|spe|1\n|-unboost|p2b: Incineroar|spe|1\n|\n|-heal|p2a: Sinistcha|90/100|[from] item: Leftovers\n|upkeep\n|turn|5\n|inactive|KMMULLER2020 has 30 seconds left.\n|\n|t:|1776584331\n|move|p2b: Incineroar|Parting Shot|p1b: Garchomp\n|-unboost|p1b: Garchomp|atk|1\n|-unboost|p1b: Garchomp|spa|1\n|\n|t:|1776584334\n|switch|p2b: Farigiraf|Farigiraf, L50, M|82/100|[from] Parting Shot\n|move|p2a: Sinistcha|Shadow Ball|p1a: Rotom\n|-damage|p1a: Rotom|22/100\n|move|p1b: Garchomp|Earthquake|p2a: Sinistcha|[spread] p2a,p2b\n|-immune|p1a: Rotom|[from] ability: Levitate\n|-resisted|p2a: Sinistcha|1\n|-damage|p2a: Sinistcha|78/100\n|-damage|p2b: Farigiraf|57/100\n|move|p1a: Rotom|Electroweb|p2a: Sinistcha|[spread] p2b\n|-miss|p1a: Rotom|p2a: Sinistcha\n|-damage|p2b: Farigiraf|39/100\n|-unboost|p2b: Farigiraf|spe|1\n|\n|-heal|p2a: Sinistcha|84/100|[from] item: Leftovers\n|upkeep\n|turn|6\n|inactive|Wholeyeetrye has 30 seconds left.\n|\n|t:|1776584361\n|switch|p1a: Meganium|Meganium, L50, F|100/100\n|move|p2b: Farigiraf|Hyper Voice|p1a: Meganium|[spread] p1a,p1b\n|-damage|p1a: Meganium|64/100\n|-damage|p1b: Garchomp|57/100\n|move|p2a: Sinistcha|Shadow Ball|p1a: Meganium\n|-damage|p1a: Meganium|34/100\n|move|p1b: Garchomp|Dragon Claw|p2b: Farigiraf\n|-damage|p2b: Farigiraf|12/100\n|\n|-heal|p2a: Sinistcha|90/100|[from] item: Leftovers\n|upkeep\n|turn|7\n|\n|t:|1776584379\n|switch|p2b: Incineroar|Incineroar, L50, M|85/100\n|-ability|p2b: Incineroar|Intimidate|boost\n|-unboost|p1a: Meganium|atk|1\n|-unboost|p1b: Garchomp|atk|1\n|move|p1a: Meganium|Protect|p1a: Meganium\n|-singleturn|p1a: Meganium|Protect\n|move|p1b: Garchomp|Protect|p1b: Garchomp\n|-singleturn|p1b: Garchomp|Protect\n|move|p2a: Sinistcha|Shadow Ball|p1a: Meganium\n|-activate|p1a: Meganium|move: Protect\n|\n|-heal|p2a: Sinistcha|97/100|[from] item: Leftovers\n|-fieldend|move: Trick Room\n|upkeep\n|turn|8\n|inactive|Wholeyeetrye has 30 seconds left.\n|\n|t:|1776584406\n|switch|p1b: Basculegion|Basculegion, L50, M|100/100\n|detailschange|p1a: Meganium|Meganium-Mega, L50, F\n|-mega|p1a: Meganium|Meganium|Meganiumite\n|move|p2b: Incineroar|Fake Out|p1a: Meganium\n|-damage|p1a: Meganium|26/100\n|cant|p1a: Meganium|flinch\n|move|p2a: Sinistcha|Trick Room|p2a: Sinistcha\n|-fieldstart|move: Trick Room|[of] p2a: Sinistcha\n|\n|-heal|p2a: Sinistcha|100/100|[from] item: Leftovers\n|upkeep\n|turn|9\n|\n|t:|1776584421\n|move|p1a: Meganium|Protect|p1a: Meganium\n|-singleturn|p1a: Meganium|Protect\n|move|p2a: Sinistcha|Shadow Ball|p1a: Meganium\n|-activate|p1a: Meganium|move: Protect\n|move|p2b: Incineroar|Darkest Lariat|p1b: Basculegion\n|-supereffective|p1b: Basculegion|1\n|-enditem|p1b: Basculegion|Colbur Berry|[eat]\n|-enditem|p1b: Basculegion|Colbur Berry|[weaken]\n|-damage|p1b: Basculegion|65/100\n|move|p1b: Basculegion|Wave Crash|p2b: Incineroar\n|-supereffective|p2b: Incineroar|1\n|-damage|p2b: Incineroar|0 fnt\n|faint|p2b: Incineroar\n|-damage|p1b: Basculegion|36/100|[from] Recoil\n|\n|upkeep\n|\n|t:|1776584436\n|switch|p2b: Farigiraf|Farigiraf, L50, M|12/100\n|turn|10\n|\n|t:|1776584444\n|move|p1b: Basculegion|Protect|p1b: Basculegion\n|-singleturn|p1b: Basculegion|Protect\n|move|p1a: Meganium|Protect|p1a: Meganium\n|-singleturn|p1a: Meganium|Protect\n|move|p2a: Sinistcha|Shadow Ball|p1b: Basculegion\n|-activate|p1b: Basculegion|move: Protect\n|move|p2b: Farigiraf|Hyper Voice|p1b: Basculegion|[spread] \n|-activate|p1a: Meganium|move: Protect\n|-activate|p1b: Basculegion|move: Protect\n|\n|upkeep\n|turn|11\n|\n|t:|1776584460\n|switch|p1b: Garchomp|Garchomp, L50, F|57/100\n|move|p2a: Sinistcha|Shadow Ball|p1b: Garchomp\n|-damage|p1b: Garchomp|24/100\n|move|p2b: Farigiraf|Hyper Voice|p1b: Garchomp|[spread] p1a,p1b\n|-damage|p1a: Meganium|0 fnt\n|-damage|p1b: Garchomp|0 fnt\n|faint|p1a: Meganium\n|faint|p1b: Garchomp\n|\n|upkeep\n|-message|Wholeyeetrye forfeited.\n|\n|win|KMMULLER2020\n|raw|Wholeyeetrye's rating: 1259 &rarr; <strong>1228</strong><br />(-31 for losing)\n|raw|KMMULLER2020's rating: 1175 &rarr; <strong>1206</strong><br />(+31 for winning)\n|l|\u2606Wholeyeetrye\n|player|p1|\n",
  "uploadtime": 1776584483,
  "views": 13,
  "formatid": "gen9championsvgc2026regma",
  "rating": 1206,
  "private": 0,
  "password": null
}