{
  "id": "gen9championsvgc2026regma-2587518897",
  "format": "[Gen 9 Champions] VGC 2026 Reg M-A",
  "players": [
    "nachetefilete",
    "LyssanTM"
  ],
  "log": "|j|\u2606nachetefilete\n|j|\u2606LyssanTM\n|t:|1776538725\n|gametype|doubles\n|player|p1|nachetefilete|hilbert|1305\n|player|p2|LyssanTM|veteran|1390\n|gen|9\n|tier|[Gen 9 Champions] VGC 2026 Reg M-A\n|rated|\n|rule|Species Clause: Limit one of each Pok\u00e9mon\n|rule|Item Clause: Limit 1 of each item\n|clearpoke\n|poke|p1|Floette-Eternal, L50, F|\n|poke|p1|Garchomp, L50, F|\n|poke|p1|Basculegion, L50, M|\n|poke|p1|Froslass, L50, F|\n|poke|p1|Sneasler, L50, M|\n|poke|p1|Kingambit, L50, F|\n|poke|p2|Aegislash, L50, M|\n|poke|p2|Kangaskhan, L50, F|\n|poke|p2|Pelipper, L50, F|\n|poke|p2|Archaludon, L50, M|\n|poke|p2|Aerodactyl, L50, M|\n|poke|p2|Palafin, L50, F, shiny|\n|teampreview|4\n|inactive|Battle timer is ON: inactive players will automatically lose when time's up. (requested by nachetefilete)\n|inactive|nachetefilete has 60 seconds left.\n|inactive|LyssanTM has 60 seconds left.\n|\n|t:|1776538776\n|teamsize|p1|4\n|teamsize|p2|4\n|start\n|switch|p1a: Basculegion|Basculegion, L50, M|100/100\n|switch|p1b: Kingambit|Kingambit, L50, F|100/100\n|switch|p2a: Aegislash|Aegislash, L50, M|100/100\n|switch|p2b: Palafin|Palafin, L50, F, shiny|100/100\n|turn|1\n|inactive|nachetefilete has 30 seconds left.\n|inactive|LyssanTM has 30 seconds left.\n|\n|t:|1776538804\n|move|p2a: Aegislash|King's Shield|p2a: Aegislash\n|-singleturn|p2a: Aegislash|Protect\n|move|p2b: Palafin|Flip Turn|p1b: Kingambit\n|-damage|p1b: Kingambit|83/100\n|\n|t:|1776538810\n|detailschange|p2b: Palafin|Palafin-Hero, L50, F, shiny\n|switch|p2b: Kangaskhan|Kangaskhan, L50, F|100/100|[from] Flip Turn\n|move|p1a: Basculegion|Wave Crash|p2a: Aegislash\n|-activate|p2a: Aegislash|move: Protect\n|-unboost|p1a: Basculegion|atk|1\n|move|p1b: Kingambit|Kowtow Cleave|p2b: Kangaskhan\n|-damage|p2b: Kangaskhan|48/100\n|\n|upkeep\n|turn|2\n|inactive|LyssanTM has 30 seconds left.\n|\n|t:|1776538837\n|switch|p1a: Garchomp|Garchomp, L50, F|100/100\n|move|p2b: Kangaskhan|Fake Out|p1b: Kingambit\n|-resisted|p1b: Kingambit|1\n|-damage|p1b: Kingambit|76/100\n|cant|p1b: Kingambit|flinch\n|-formechange|p2a: Aegislash|Aegislash-Blade|\n|move|p2a: Aegislash|Poltergeist|p1a: Garchomp|[miss]\n|-miss|p2a: Aegislash|p1a: Garchomp\n|\n|upkeep\n|turn|3\n|\n|t:|1776538856\n|switch|p2b: Pelipper|Pelipper, L50, F|100/100\n|-weather|RainDance|[from] ability: Drizzle|[of] p2b: Pelipper\n|-formechange|p2a: Aegislash|Aegislash|\n|move|p2a: Aegislash|King's Shield|p2a: Aegislash\n|-singleturn|p2a: Aegislash|Protect\n|move|p1b: Kingambit|Protect|p1b: Kingambit\n|-singleturn|p1b: Kingambit|Protect\n|move|p1a: Garchomp|Earthquake|p2a: Aegislash|[spread] \n|-activate|p1b: Kingambit|move: Protect\n|-activate|p2a: Aegislash|move: Protect\n|-immune|p2b: Pelipper\n|\n|-weather|RainDance|[upkeep]\n|upkeep\n|turn|4\n|\n|t:|1776538874\n|move|p1b: Kingambit|Sucker Punch|p2a: Aegislash\n|-supereffective|p2a: Aegislash|1\n|-damage|p2a: Aegislash|31/100\n|move|p1a: Garchomp|Rock Slide|p2a: Aegislash|[spread] p2a,p2b\n|-resisted|p2a: Aegislash|1\n|-supereffective|p2b: Pelipper|1\n|-damage|p2a: Aegislash|23/100\n|-damage|p2b: Pelipper|68/100\n|move|p2b: Pelipper|Weather Ball|p1b: Kingambit\n|-damage|p1b: Kingambit|26/100\n|-formechange|p2a: Aegislash|Aegislash-Blade|\n|move|p2a: Aegislash|Sacred Sword|p1b: Kingambit\n|-supereffective|p1b: Kingambit|2\n|-enditem|p1b: Kingambit|Chople Berry|[eat]\n|-enditem|p1b: Kingambit|Chople Berry|[weaken]\n|-damage|p1b: Kingambit|0 fnt\n|faint|p1b: Kingambit\n|\n|-weather|RainDance|[upkeep]\n|upkeep\n|\n|t:|1776538890\n|switch|p1b: Floette|Floette-Eternal, L50, F|100/100\n|turn|5\n|\n|t:|1776538898\n|detailschange|p1b: Floette|Floette-Mega, L50, F\n|-mega|p1b: Floette|Floette|Floettite\n|-ability|p1b: Floette|Fairy Aura\n|move|p2b: Pelipper|Wide Guard|p2b: Pelipper\n|-singleturn|p2b: Pelipper|Wide Guard\n|move|p1b: Floette|Dazzling Gleam|p2a: Aegislash|[spread] \n|-activate|p2a: Aegislash|move: Wide Guard\n|-activate|p2b: Pelipper|move: Wide Guard\n|move|p1a: Garchomp|Rock Slide|p2b: Pelipper|[spread] \n|-activate|p2a: Aegislash|move: Wide Guard\n|-activate|p2b: Pelipper|move: Wide Guard\n|move|p2a: Aegislash|Poltergeist|p1b: Floette\n|-activate|p1b: Floette|move: Poltergeist|Floettite\n|-damage|p1b: Floette|0 fnt\n|faint|p1b: Floette\n|\n|-weather|RainDance|[upkeep]\n|upkeep\n|\n|t:|1776538918\n|switch|p1b: Basculegion|Basculegion, L50, M|100/100\n|turn|6\n|\n|t:|1776538941\n|-formechange|p2a: Aegislash|Aegislash|\n|move|p2a: Aegislash|King's Shield|p2a: Aegislash\n|-singleturn|p2a: Aegislash|Protect\n|move|p1b: Basculegion|Aqua Jet|p2b: Pelipper\n|-resisted|p2b: Pelipper|1\n|-damage|p2b: Pelipper|48/100\n|-enditem|p2b: Pelipper|Sitrus Berry|[eat]\n|-heal|p2b: Pelipper|72/100|[from] item: Sitrus Berry\n|move|p1a: Garchomp|Dragon Claw|p2b: Pelipper\n|-damage|p2b: Pelipper|34/100\n|move|p2b: Pelipper|Weather Ball|p1b: Basculegion\n|-resisted|p1b: Basculegion|1\n|-damage|p1b: Basculegion|75/100\n|\n|-weather|RainDance|[upkeep]\n|upkeep\n|turn|7\n|inactive|LyssanTM has 30 seconds left.\n|\n|t:|1776538973\n|switch|p2a: Palafin|Palafin-Hero, L50, F, shiny|100/100\n|-activate|p2a: Palafin|ability: Zero to Hero\n|move|p1b: Basculegion|Aqua Jet|p2a: Palafin\n|-resisted|p2a: Palafin|1\n|-damage|p2a: Palafin|76/100\n|move|p1a: Garchomp|Dragon Claw|p2b: Pelipper\n|-damage|p2b: Pelipper|0 fnt\n|faint|p2b: Pelipper\n|\n|-weather|none\n|upkeep\n|\n|t:|1776538983\n|switch|p2b: Kangaskhan|Kangaskhan, L50, F|48/100\n|turn|8\n|\n|t:|1776538995\n|detailschange|p2b: Kangaskhan|Kangaskhan-Mega, L50, F\n|-mega|p2b: Kangaskhan|Kangaskhan|Kangaskhanite\n|move|p1a: Garchomp|Protect|p1a: Garchomp\n|-singleturn|p1a: Garchomp|Protect\n|move|p2b: Kangaskhan|Sucker Punch|p1b: Basculegion\n|-supereffective|p1b: Basculegion|1\n|-damage|p1b: Basculegion|23/100\n|-enditem|p1b: Basculegion|Sitrus Berry|[eat]\n|-heal|p1b: Basculegion|48/100|[from] item: Sitrus Berry\n|-supereffective|p1b: Basculegion|1\n|-damage|p1b: Basculegion|34/100\n|-hitcount|p1b: Basculegion|2\n|move|p2a: Palafin|Wave Crash|p1b: Basculegion\n|-resisted|p1b: Basculegion|1\n|-damage|p1b: Basculegion|0 fnt\n|faint|p1b: Basculegion\n|-damage|p2a: Palafin|62/100|[from] Recoil\n|\n|upkeep\n|turn|9\n|\n|t:|1776539010\n|move|p2a: Palafin|Wave Crash|p1a: Garchomp\n|-damage|p1a: Garchomp|43/100\n|-damage|p2a: Palafin|50/100|[from] ability: Rough Skin|[of] p1a: Garchomp\n|-damage|p2a: Palafin|27/100|[from] Recoil\n|move|p1a: Garchomp|Earthquake|p2b: Kangaskhan|[spread] p2a,p2b\n|-damage|p2a: Palafin|0 fnt\n|-damage|p2b: Kangaskhan|15/100\n|faint|p2a: Palafin\n|move|p2b: Kangaskhan|Double-Edge|p1a: Garchomp\n|-damage|p1a: Garchomp|0 fnt\n|-damage|p2b: Kangaskhan|3/100|[from] ability: Rough Skin|[of] p1a: Garchomp\n|faint|p1a: Garchomp\n|-hitcount|p1: Garchomp|1\n|-damage|p2b: Kangaskhan|0 fnt|[from] Recoil\n|faint|p2b: Kangaskhan\n|\n|win|LyssanTM\n|raw|nachetefilete's rating: 1305 &rarr; <strong>1290</strong><br />(-15 for losing)\n|raw|LyssanTM's rating: 1390 &rarr; <strong>1405</strong><br />(+15 for winning)\n",
  "uploadtime": 1776539028,
  "views": 25,
  "formatid": "gen9championsvgc2026regma",
  "rating": 1290,
  "private": 0,
  "password": null
}