{
  "id": "gen9championsvgc2026regma-2585733011",
  "format": "[Gen 9 Champions] VGC 2026 Reg M-A",
  "players": [
    "scy0719",
    "momo1006"
  ],
  "log": "|j|\u2606scy0719\n|j|\u2606momo1006\n|t:|1776366818\n|gametype|doubles\n|player|p1|scy0719|nurse|1154\n|player|p2|momo1006|bellelba|1163\n|gen|9\n|tier|[Gen 9 Champions] VGC 2026 Reg M-A\n|rated|\n|rule|Species Clause: Limit one of each Pok\u00e9mon\n|rule|Item Clause: Limit 1 of each item\n|clearpoke\n|poke|p1|Scovillain, L50, F|\n|poke|p1|Incineroar, L50, F|\n|poke|p1|Farigiraf, L50, M|\n|poke|p1|Gallade, L50, M|\n|poke|p1|Kingambit, L50, M|\n|poke|p1|Pelipper, L50, F|\n|poke|p2|Aggron, L50, M|\n|poke|p2|Aerodactyl, L50, M|\n|poke|p2|Tyranitar, L50, M|\n|poke|p2|Sinistcha, L50|\n|poke|p2|Farigiraf, L50, M|\n|poke|p2|Sneasler, L50, M|\n|teampreview|4\n|inactive|Battle timer is ON: inactive players will automatically lose when time's up. (requested by scy0719)\n|\n|t:|1776366856\n|teamsize|p1|4\n|teamsize|p2|4\n|start\n|switch|p1a: Scovillain|Scovillain, L50, F|100/100\n|switch|p1b: Gallade|Gallade, L50, M|100/100\n|switch|p2a: Sneasler|Sneasler, L50, M|100/100\n|switch|p2b: Farigiraf|Farigiraf, L50, M|100/100\n|turn|1\n|inactive|scy0719 has 30 seconds left.\n|\n|t:|1776366884\n|switch|p1b: Farigiraf|Farigiraf, L50, M|100/100\n|detailschange|p1a: Scovillain|Scovillain-Mega, L50, F\n|-mega|p1a: Scovillain|Scovillain|Scovillainite\n|move|p2a: Sneasler|Fake Out||[still]\n|cant|p1b: Farigiraf|ability: Armor Tail|Fake Out|[of] p2a: Sneasler\n|move|p1a: Scovillain|Overheat|p2a: Sneasler\n|-damage|p2a: Sneasler|22/100\n|-unboost|p1a: Scovillain|spa|2\n|move|p2b: Farigiraf|Nasty Plot|p2b: Farigiraf\n|-boost|p2b: Farigiraf|spa|2\n|\n|upkeep\n|turn|2\n|\n|t:|1776366901\n|switch|p2a: Tyranitar|Tyranitar, L50, M|100/100\n|-weather|Sandstorm|[from] ability: Sand Stream|[of] p2a: Tyranitar\n|move|p1a: Scovillain|Protect|p1a: Scovillain\n|-singleturn|p1a: Scovillain|Protect\n|move|p1b: Farigiraf|Hyper Voice|p2b: Farigiraf|[spread] p2a,p2b\n|-resisted|p2a: Tyranitar|1\n|-damage|p2a: Tyranitar|91/100\n|-damage|p2b: Farigiraf|67/100\n|move|p2b: Farigiraf|Trick Room|p2b: Farigiraf\n|-fieldstart|move: Trick Room|[of] p2b: Farigiraf\n|\n|-weather|Sandstorm|[upkeep]\n|-damage|p1b: Farigiraf|94/100|[from] Sandstorm\n|-damage|p2b: Farigiraf|61/100|[from] Sandstorm\n|-damage|p1a: Scovillain|95/100|[from] Sandstorm\n|upkeep\n|turn|3\n|inactive|scy0719 has 30 seconds left.\n|inactive|scy0719 has 20 seconds left.\n|\n|t:|1776366940\n|switch|p1a: Pelipper|Pelipper, L50, F|100/100\n|-weather|RainDance|[from] ability: Drizzle|[of] p1a: Pelipper\n|move|p1b: Farigiraf|Hyper Voice|p2b: Farigiraf|[spread] p2a,p2b\n|-resisted|p2a: Tyranitar|1\n|-damage|p2a: Tyranitar|77/100\n|-damage|p2b: Farigiraf|29/100\n|-enditem|p2b: Farigiraf|Sitrus Berry|[eat]\n|-heal|p2b: Farigiraf|54/100|[from] item: Sitrus Berry\n|move|p2b: Farigiraf|Hyper Voice|p1b: Farigiraf|[spread] p1a,p1b\n|-damage|p1a: Pelipper|28/100\n|-damage|p1b: Farigiraf|43/100\n|-enditem|p1b: Farigiraf|Sitrus Berry|[eat]\n|-heal|p1b: Farigiraf|68/100|[from] item: Sitrus Berry\n|move|p2a: Tyranitar|Rock Slide|p1b: Farigiraf|[spread] p1a,p1b\n|-supereffective|p1a: Pelipper|1\n|-damage|p1a: Pelipper|0 fnt\n|-damage|p1b: Farigiraf|36/100\n|faint|p1a: Pelipper\n|\n|-weather|RainDance|[upkeep]\n|upkeep\n|\n|t:|1776366959\n|switch|p1a: Scovillain|Scovillain-Mega, L50, F|95/100\n|turn|4\n|-activate|p2a: Tyranitar|item: Quick Claw\n|\n|t:|1776366973\n|move|p2a: Tyranitar|Rock Slide|p1b: Farigiraf|[spread] p1a,p1b\n|-supereffective|p1a: Scovillain|1\n|-damage|p1a: Scovillain|25/100\n|-damage|p1b: Farigiraf|4/100\n|-status|p2a: Tyranitar|brn|[from] ability: Spicy Spray|[of] p1a: Scovillain\n|cant|p1b: Farigiraf|flinch\n|move|p2b: Farigiraf|Hyper Voice|p1a: Scovillain|[spread] p1a,p1b\n|-damage|p1a: Scovillain|0 fnt\n|-damage|p1b: Farigiraf|0 fnt\n|-status|p2b: Farigiraf|brn|[from] ability: Spicy Spray|[of] p1a: Scovillain\n|faint|p1a: Scovillain\n|faint|p1b: Farigiraf\n|\n|-weather|RainDance|[upkeep]\n|-damage|p2b: Farigiraf|48/100 brn|[from] brn\n|-damage|p2a: Tyranitar|71/100 brn|[from] brn\n|upkeep\n|\n|t:|1776366988\n|switch|p1b: Gallade|Gallade, L50, M|100/100\n|turn|5\n|\n|t:|1776366999\n|move|p1b: Gallade|Protect|p1b: Gallade\n|-singleturn|p1b: Gallade|Protect\n|move|p2b: Farigiraf|Hyper Voice|p1b: Gallade\n|-activate|p1b: Gallade|move: Protect\n|move|p2a: Tyranitar|Knock Off|p1b: Gallade\n|-activate|p1b: Gallade|move: Protect\n|\n|-weather|RainDance|[upkeep]\n|-damage|p2b: Farigiraf|41/100 brn|[from] brn\n|-damage|p2a: Tyranitar|65/100 brn|[from] brn\n|upkeep\n|turn|6\n|-activate|p2a: Tyranitar|item: Quick Claw\n|\n|t:|1776367010\n|move|p2a: Tyranitar|Knock Off|p1b: Gallade\n|-damage|p1b: Gallade|61/100\n|-enditem|p1b: Gallade|Black Belt|[from] move: Knock Off|[of] p2a: Tyranitar\n|move|p2b: Farigiraf|Hyper Voice|p1b: Gallade\n|-damage|p1b: Gallade|0 fnt\n|faint|p1b: Gallade\n|\n|win|momo1006\n|raw|scy0719's rating: 1154 &rarr; <strong>1130</strong><br />(-24 for losing)\n|raw|momo1006's rating: 1163 &rarr; <strong>1187</strong><br />(+24 for winning)\n",
  "uploadtime": 1776367017,
  "views": 25,
  "formatid": "gen9championsvgc2026regma",
  "rating": 1130,
  "private": 0,
  "password": null
}