{
  "id": "gen9championsvgc2026regma-2583005925",
  "format": "[Gen 9 Champions] VGC 2026 Reg M-A",
  "players": [
    "A5h3r",
    "shakky121"
  ],
  "log": "|j|\u2606A5h3r\n|j|\u2606shakky121\n|t:|1776132682\n|gametype|doubles\n|player|p1|A5h3r|alder|1076\n|player|p2|shakky121|169|1070\n|gen|9\n|tier|[Gen 9 Champions] VGC 2026 Reg M-A\n|rated|\n|rule|Species Clause: Limit one of each Pok\u00e9mon\n|rule|Item Clause: Limit 1 of each item\n|clearpoke\n|poke|p1|Farigiraf, L50, M|\n|poke|p1|Pelipper, L50, M|\n|poke|p1|Feraligatr, L50, F|\n|poke|p1|Sinistcha-Masterpiece, L50|\n|poke|p1|Sneasler, L50, F|\n|poke|p1|Archaludon, L50, M|\n|poke|p2|Politoed, L50, M|\n|poke|p2|Primarina, L50, F|\n|poke|p2|Basculegion, L50, M|\n|poke|p2|Dragonite, L50, M|\n|poke|p2|Meganium, L50, M|\n|poke|p2|Incineroar, L50, M|\n|teampreview|4\n|c|\u2606A5h3r|glhf\n|\n|t:|1776132724\n|teamsize|p1|4\n|teamsize|p2|4\n|start\n|switch|p1a: DUMPSTER|Pelipper, L50, M|100/100\n|switch|p1b: Climber Guy|Sneasler, L50, F, shiny|100/100\n|switch|p2a: Primarina|Primarina, L50, F|100/100\n|switch|p2b: Meganium|Meganium, L50, M|100/100\n|-weather|RainDance|[from] ability: Drizzle|[of] p1a: DUMPSTER\n|turn|1\n|inactive|Battle timer is ON: inactive players will automatically lose when time's up. (requested by A5h3r)\n|\n|t:|1776132784\n|move|p2a: Primarina|Protect|p2a: Primarina\n|-singleturn|p2a: Primarina|Protect\n|move|p1b: Climber Guy|Fake Out|p2a: Primarina\n|-activate|p2a: Primarina|move: Protect\n|move|p1a: DUMPSTER|Hurricane|p2b: Meganium\n|-supereffective|p2b: Meganium|1\n|-damage|p2b: Meganium|0 fnt\n|faint|p2b: Meganium\n|\n|-weather|RainDance|[upkeep]\n|upkeep\n|\n|t:|1776132796\n|switch|p2b: Basculegion|Basculegion, L50, M|100/100\n|turn|2\n|\n|t:|1776132816\n|switch|p1b: Driftveil|Archaludon, L50, M|100/100\n|move|p2b: Basculegion|Wave Crash|p1b: Driftveil\n|-resisted|p1b: Driftveil|1\n|-damage|p1b: Driftveil|59/100\n|-damage|p2b: Basculegion|88/100|[from] Recoil\n|move|p1a: DUMPSTER|Tailwind|p1a: DUMPSTER\n|-sidestart|p1: A5h3r|move: Tailwind\n|move|p2a: Primarina|Dazzling Gleam|p1b: Driftveil|[spread] p1a,p1b\n|-damage|p1a: DUMPSTER|45/100\n|-damage|p1b: Driftveil|21/100\n|\n|-weather|RainDance|[upkeep]\n|upkeep\n|turn|3\n|inactive|shakky121 has 30 seconds left.\n|inactive|A5h3r has 30 seconds left.\n|inactive|shakky121 has 20 seconds left.\n|\n|t:|1776132852\n|move|p2b: Basculegion|Last Respects|p1a: DUMPSTER\n|-damage|p1a: DUMPSTER|0 fnt\n|faint|p1a: DUMPSTER\n|move|p1b: Driftveil|Electro Shot||[still]\n|-prepare|p1b: Driftveil|Electro Shot\n|-boost|p1b: Driftveil|spa|1\n|-anim|p1b: Driftveil|Electro Shot|p2b: Basculegion\n|-supereffective|p2b: Basculegion|1\n|-damage|p2b: Basculegion|0 fnt\n|faint|p2b: Basculegion\n|move|p2a: Primarina|Hyper Voice|p1b: Driftveil\n|-resisted|p1b: Driftveil|1\n|-damage|p1b: Driftveil|0 fnt\n|faint|p1b: Driftveil\n|\n|-weather|RainDance|[upkeep]\n|upkeep\n|\n|t:|1776132868\n|switch|p2b: Incineroar|Incineroar, L50, M|100/100\n|switch|p1a: Climber Guy|Sneasler, L50, F, shiny|100/100\n|switch|p1b: aussie|Feraligatr, L50, F|100/100\n|-ability|p2b: Incineroar|Intimidate|boost\n|-unboost|p1a: Climber Guy|atk|1\n|-unboost|p1b: aussie|atk|1\n|turn|4\n|\n|t:|1776132890\n|move|p1a: Climber Guy|Fake Out|p2a: Primarina\n|-damage|p2a: Primarina|89/100\n|move|p2b: Incineroar|Fake Out|p1a: Climber Guy\n|-damage|p1a: Climber Guy|83/100\n|move|p1b: aussie|Swords Dance|p1b: aussie\n|-boost|p1b: aussie|atk|2\n|cant|p2a: Primarina|flinch\n|\n|-weather|RainDance|[upkeep]\n|upkeep\n|turn|5\n|inactive|A5h3r has 30 seconds left.\n|\n|t:|1776132916\n|detailschange|p1b: aussie|Feraligatr-Mega, L50, F\n|-mega|p1b: aussie|Feraligatr|Feraligite\n|move|p1a: Climber Guy|Dire Claw|p2a: Primarina\n|-supereffective|p2a: Primarina|1\n|-damage|p2a: Primarina|28/100\n|-enditem|p2a: Primarina|Sitrus Berry|[eat]\n|-heal|p2a: Primarina|53/100|[from] item: Sitrus Berry\n|move|p1b: aussie|Liquidation|p2b: Incineroar\n|-supereffective|p2b: Incineroar|1\n|-damage|p2b: Incineroar|0 fnt\n|faint|p2b: Incineroar\n|move|p2a: Primarina|Dazzling Gleam|p1a: Climber Guy|[spread] p1a,p1b\n|-supereffective|p1b: aussie|1\n|-damage|p1a: Climber Guy|38/100\n|-damage|p1b: aussie|45/100\n|\n|-weather|none\n|-sideend|p1: A5h3r|move: Tailwind\n|upkeep\n|turn|6\n|\n|t:|1776132935\n|move|p1b: aussie|Aqua Jet|p2a: Primarina\n|-resisted|p2a: Primarina|1\n|-damage|p2a: Primarina|32/100\n|move|p1a: Climber Guy|Dire Claw|p2a: Primarina\n|-supereffective|p2a: Primarina|1\n|-damage|p2a: Primarina|0 fnt\n|faint|p2a: Primarina\n|\n|win|A5h3r\n|raw|A5h3r's rating: 1076 &rarr; <strong>1104</strong><br />(+28 for winning)\n|raw|shakky121's rating: 1070 &rarr; <strong>1050</strong><br />(-20 for losing)\n|l|\u2606shakky121\n|player|p2|\n|c|\u2606A5h3r|glhf\n|c|\u2606A5h3r|gg\n",
  "uploadtime": 1776132949,
  "views": 19,
  "formatid": "gen9championsvgc2026regma",
  "rating": 1050,
  "private": 0,
  "password": null
}