{
  "id": "gen9championsvgc2026regma-2585842373",
  "format": "[Gen 9 Champions] VGC 2026 Reg M-A",
  "players": [
    "CalamityCow",
    "Randi89"
  ],
  "log": "|j|\u203dCalamityCow\n|j|\u2606Randi89\n|t:|1776374788\n|gametype|doubles\n|player|p1|CalamityCow|miku-water|1090\n|player|p2|Randi89|bugcatcher-gen4dp|1000\n|gen|9\n|tier|[Gen 9 Champions] VGC 2026 Reg M-A\n|rated|\n|rule|Species Clause: Limit one of each Pok\u00e9mon\n|rule|Item Clause: Limit 1 of each item\n|clearpoke\n|poke|p1|Garchomp, L50, M|\n|poke|p1|Tyranitar, L50, M|\n|poke|p1|Gengar, L50, M|\n|poke|p1|Whimsicott, L50, F|\n|poke|p1|Rotom-Wash, L50|\n|poke|p1|Sneasler, L50, M|\n|poke|p2|Armarouge, L50, M|\n|poke|p2|Steelix, L50, F|\n|poke|p2|Victreebel, L50, M|\n|poke|p2|Hawlucha, L50, M|\n|poke|p2|Manectric, L50, M|\n|poke|p2|Hydreigon, L50, M|\n|teampreview|4\nCalamityCow has agreed to open team sheets.\n|inactive|Battle timer is ON: inactive players will automatically lose when time's up. (requested by CalamityCow)\n|inactive|CalamityCow has 60 seconds left.\n|\n|t:|1776374851\n|teamsize|p1|4\n|teamsize|p2|4\n|start\n|switch|p1a: Sneasler|Sneasler, L50, M|100/100\n|switch|p1b: Gengar|Gengar, L50, M|100/100\n|switch|p2a: Raul|Steelix, L50, F|100/100\n|switch|p2b: Manu|Hawlucha, L50, M|100/100\n|turn|1\n|inactive|CalamityCow has 30 seconds left.\n|\n|t:|1776374883\n|detailschange|p1b: Gengar|Gengar-Mega, L50, M\n|-mega|p1b: Gengar|Gengar|Gengarite\n|move|p2b: Manu|Quick Guard|p2b: Manu\n|-singleturn|p2b: Manu|Quick Guard\n|move|p1a: Sneasler|Fake Out|p2b: Manu\n|-activate|p2b: Manu|move: Quick Guard\n|move|p1b: Gengar|Focus Blast|p2a: Raul|[miss]\n|-miss|p1b: Gengar|p2a: Raul\n|move|p2a: Raul|Earthquake|p1b: Gengar|[spread] p1a,p1b\n|-immune|p2b: Manu\n|-supereffective|p1a: Sneasler|1\n|-supereffective|p1b: Gengar|1\n|-damage|p1a: Sneasler|4/100\n|-damage|p1b: Gengar|3/100\n|\n|upkeep\n|turn|2\n|inactive|Randi89 has 30 seconds left.\n|inactive|Randi89 has 20 seconds left.\n|inactive|Randi89 has 15 seconds left.\n|inactive|Randi89 has 10 seconds left.\n|inactive|Randi89 has 5 seconds left.\n|\n|t:|1776374936\n|move|p1b: Gengar|Protect|p1b: Gengar\n|-singleturn|p1b: Gengar|Protect\n|move|p2b: Manu|Fly||[still]\n|-prepare|p2b: Manu|Fly\n|move|p1a: Sneasler|Dire Claw|p2b: Manu|[miss]\n|-miss|p1a: Sneasler|p2b: Manu\n|move|p2a: Raul|Earthquake|p1b: Gengar|[spread] p1a\n|-miss|p2a: Raul|p2b: Manu\n|-activate|p1b: Gengar|move: Protect\n|-supereffective|p1a: Sneasler|1\n|-damage|p1a: Sneasler|0 fnt\n|faint|p1a: Sneasler\n|\n|upkeep\n|\n|t:|1776374946\n|switch|p1a: Tyranitar|Tyranitar, L50, M|100/100\n|-weather|Sandstorm|[from] ability: Sand Stream|[of] p1a: Tyranitar\n|turn|3\n|\n|t:|1776374966\n|move|p1b: Gengar|Focus Blast|p2a: Raul\n|-supereffective|p2a: Raul|1\n|-ability|p2a: Raul|Sturdy\n|-damage|p2a: Raul|1/100\n|move|p2b: Manu|Fly|p1a: Tyranitar|[from] lockedmove\n|-resisted|p1a: Tyranitar|1\n|-damage|p1a: Tyranitar|86/100\n|move|p1a: Tyranitar|Rock Slide|p2a: Raul|[spread] p2a,p2b\n|-resisted|p2a: Raul|2\n|-damage|p2a: Raul|0 fnt\n|-damage|p2b: Manu|57/100\n|faint|p2a: Raul\n|\n|-weather|Sandstorm|[upkeep]\n|-damage|p1b: Gengar|0 fnt|[from] Sandstorm\n|-damage|p2b: Manu|51/100|[from] Sandstorm\n|faint|p1b: Gengar\n|upkeep\n|\n|t:|1776374986\n|switch|p1b: Garchomp|Garchomp, L50, M|100/100\n|switch|p2a: Coco|Victreebel, L50, M|100/100\n|turn|4\n|\n|t:|1776375009\n|detailschange|p2a: Coco|Victreebel-Mega, L50, M\n|-mega|p2a: Coco|Victreebel|Victreebelite\n|move|p2b: Manu|Flying Press|p1a: Tyranitar\n|-supereffective|p1a: Tyranitar|1\n|-damage|p1a: Tyranitar|24/100\n|move|p1b: Garchomp|Rock Slide|p2b: Manu|[spread] p2a,p2b\n|-damage|p2a: Coco|78/100\n|-damage|p2b: Manu|22/100\n|move|p2a: Coco|Power Whip|p1b: Garchomp|[miss]\n|-miss|p2a: Coco|p1b: Garchomp\n|move|p1a: Tyranitar|Rock Slide|p2a: Coco|[spread] p2a,p2b\n|-damage|p2a: Coco|41/100\n|-damage|p2b: Manu|0 fnt\n|faint|p2b: Manu\n|\n|-weather|Sandstorm|[upkeep]\n|-damage|p2a: Coco|35/100|[from] Sandstorm\n|upkeep\n|\n|t:|1776375029\n|switch|p2b: Edu|Hydreigon, L50, M|100/100\n|turn|5\n|inactive|CalamityCow has 30 seconds left.\n|inactive|CalamityCow has 20 seconds left.\n|\n|t:|1776375064\n|move|p1b: Garchomp|Rock Slide|p2a: Coco|[spread] p2b\n|-miss|p1b: Garchomp|p2a: Coco\n|-damage|p2b: Edu|76/100\n|move|p2b: Edu|Draco Meteor|p1b: Garchomp\n|-supereffective|p1b: Garchomp|1\n|-damage|p1b: Garchomp|0 fnt\n|-unboost|p2b: Edu|spa|2\n|faint|p1b: Garchomp\n|move|p2a: Coco|Power Whip|p1a: Tyranitar\n|-supereffective|p1a: Tyranitar|1\n|-damage|p1a: Tyranitar|0 fnt\n|faint|p1a: Tyranitar\n|\n|win|Randi89\n|raw|CalamityCow's rating: 1090 &rarr; <strong>1061</strong><br />(-29 for losing)\n|raw|Randi89's rating: 1000 &rarr; <strong>1050</strong><br />(+50 for winning)\n|l|\u203dCalamityCow\n|player|p1|\n",
  "uploadtime": 1776375084,
  "views": 14,
  "formatid": "gen9championsvgc2026regma",
  "rating": 1050,
  "private": 0,
  "password": null
}