{
  "id": "gen9championsvgc2026regma-2581374520",
  "format": "[Gen 9 Champions] VGC 2026 Reg M-A",
  "players": [
    "Unknown002",
    "viperino7"
  ],
  "log": "|j|\u2606Unknown002\n|j|\u2606viperino7\n|t:|1775993361\n|gametype|doubles\n|player|p1|Unknown002|lucas|1129\n|player|p2|viperino7|102|1215\n|gen|9\n|tier|[Gen 9 Champions] VGC 2026 Reg M-A\n|rated|\n|rule|Species Clause: Limit one of each Pok\u00e9mon\n|rule|Item Clause: Limit 1 of each item\n|clearpoke\n|poke|p1|Basculegion, L50, M|\n|poke|p1|Pelipper, L50, M|\n|poke|p1|Sneasler, L50, F|\n|poke|p1|Gyarados, L50, M|\n|poke|p1|Archaludon, L50, M|\n|poke|p1|Zoroark-Hisui, L50, M|\n|poke|p2|Garchomp, L50, M|\n|poke|p2|Sneasler, L50, F|\n|poke|p2|Floette-Eternal, L50, F|\n|poke|p2|Rotom-Wash, L50|\n|poke|p2|Incineroar, L50, F|\n|poke|p2|Aerodactyl, L50, F|\n|teampreview|4\nUnknown002 has agreed to open team sheets.\n|inactive|Battle timer is ON: inactive players will automatically lose when time's up. (requested by viperino7)\nviperino7 rejected open team sheets.\n|inactive|Unknown002 has 60 seconds left.\n|\n|t:|1775993442\n|teamsize|p1|4\n|teamsize|p2|4\n|start\n|switch|p1a: Pelipper|Pelipper, L50, M|100/100\n|switch|p1b: Basculegion|Basculegion, L50, M, shiny|100/100\n|switch|p2a: Incineroar|Incineroar, L50, F, shiny|100/100\n|switch|p2b: Garchomp|Garchomp, L50, M, shiny|100/100\n|-weather|RainDance|[from] ability: Drizzle|[of] p1a: Pelipper\n|-ability|p2a: Incineroar|Intimidate|boost\n|-unboost|p1a: Pelipper|atk|1\n|-unboost|p1b: Basculegion|atk|1\n|turn|1\n|\n|t:|1775993466\n|move|p2a: Incineroar|Fake Out|p1a: Pelipper\n|-damage|p1a: Pelipper|90/100\n|move|p1b: Basculegion|Aqua Jet|p2b: Garchomp\n|-damage|p2b: Garchomp|79/100\n|-damage|p1b: Basculegion|88/100|[from] ability: Rough Skin|[of] p2b: Garchomp\n|move|p2b: Garchomp|Stone Edge|p1a: Pelipper\n|-supereffective|p1a: Pelipper|1\n|-damage|p1a: Pelipper|16/100\n|-enditem|p1a: Pelipper|Sitrus Berry|[eat]\n|-heal|p1a: Pelipper|41/100|[from] item: Sitrus Berry\n|cant|p1a: Pelipper|flinch\n|\n|-weather|RainDance|[upkeep]\n|upkeep\n|turn|2\n|inactive|Unknown002 has 30 seconds left.\n|inactive|viperino7 has 30 seconds left.\n|\n|t:|1775993494\n|switch|p1a: Sneasler|Sneasler, L50, F|100/100\n|move|p1b: Basculegion|Wave Crash|p2a: Incineroar\n|-supereffective|p2a: Incineroar|1\n|-enditem|p2a: Incineroar|Passho Berry|[eat]\n|-enditem|p2a: Incineroar|Passho Berry|[weaken]\n|-damage|p2a: Incineroar|49/100\n|-damage|p1b: Basculegion|73/100|[from] Recoil\n|move|p2b: Garchomp|Stone Edge|p1a: Sneasler\n|-resisted|p1a: Sneasler|1\n|-crit|p1a: Sneasler\n|-damage|p1a: Sneasler|61/100\n|move|p2a: Incineroar|Throat Chop|p1b: Basculegion\n|-supereffective|p1b: Basculegion|1\n|-damage|p1b: Basculegion|1/100\n|-start|p1b: Basculegion|Throat Chop|[silent]\n|\n|-weather|RainDance|[upkeep]\n|upkeep\n|turn|3\n|inactive|viperino7 has 30 seconds left.\n|inactive|viperino7 has 20 seconds left.\n|\n|t:|1775993531\n|switch|p1b: Gyarados|Gyarados, L50, M, shiny|100/100\n|-ability|p1b: Gyarados|Intimidate|boost\n|-unboost|p2a: Incineroar|atk|1\n|-unboost|p2b: Garchomp|atk|1\n|switch|p2a: Rotom|Rotom-Wash, L50|100/100\n|move|p1a: Sneasler|Fake Out|p2b: Garchomp\n|-damage|p2b: Garchomp|66/100\n|-damage|p1a: Sneasler|49/100|[from] ability: Rough Skin|[of] p2b: Garchomp\n|-status|p2b: Garchomp|psn|[from] ability: Poison Touch|[of] p1a: Sneasler\n|cant|p2b: Garchomp|flinch\n|\n|-weather|RainDance|[upkeep]\n|-damage|p2b: Garchomp|54/100 psn|[from] psn\n|upkeep\n|turn|4\n|inactive|Unknown002 has 30 seconds left.\n|\n|t:|1775993562\n|switch|p2b: Incineroar|Incineroar, L50, F, shiny|49/100\n|-ability|p2b: Incineroar|Intimidate|boost\n|-unboost|p1a: Sneasler|atk|1\n|-unboost|p1b: Gyarados|atk|1\n|detailschange|p1b: Gyarados|Gyarados-Mega, L50, M, shiny\n|-mega|p1b: Gyarados|Gyarados|Gyaradosite\n|-ability|p1b: Gyarados|Mold Breaker\n|move|p1a: Sneasler|Protect|p1a: Sneasler\n|-singleturn|p1a: Sneasler|Protect\n|move|p1b: Gyarados|Protect|p1b: Gyarados\n|-singleturn|p1b: Gyarados|Protect\n|move|p2a: Rotom|Thunderbolt|p1b: Gyarados\n|-activate|p1b: Gyarados|move: Protect\n|\n|-weather|RainDance|[upkeep]\n|upkeep\n|turn|5\n|\n|t:|1775993585\n|move|p2b: Incineroar|Fake Out|p1a: Sneasler\n|-damage|p1a: Sneasler|35/100\n|cant|p1a: Sneasler|flinch\n|move|p2a: Rotom|Thunderbolt|p1b: Gyarados\n|-supereffective|p1b: Gyarados|1\n|-crit|p1b: Gyarados\n|-damage|p1b: Gyarados|29/100\n|move|p1b: Gyarados|Waterfall|p2b: Incineroar\n|-supereffective|p2b: Incineroar|1\n|-crit|p2b: Incineroar\n|-damage|p2b: Incineroar|0 fnt\n|faint|p2b: Incineroar\n|\n|-weather|none\n|upkeep\n|\n|t:|1775993601\n|switch|p2b: Floette|Floette-Eternal, L50, F|100/100\n|turn|6\n|\n|t:|1775993610\n|switch|p1b: Pelipper|Pelipper, L50, M|41/100\n|-weather|RainDance|[from] ability: Drizzle|[of] p1b: Pelipper\n|move|p2b: Floette|Protect|p2b: Floette\n|-singleturn|p2b: Floette|Protect\n|move|p1a: Sneasler|Dire Claw|p2b: Floette\n|-activate|p2b: Floette|move: Protect\n|move|p2a: Rotom|Thunderbolt|p1a: Sneasler\n|-damage|p1a: Sneasler|0 fnt\n|faint|p1a: Sneasler\n|\n|-weather|RainDance|[upkeep]\n|upkeep\n|\n|t:|1775993630\n|switch|p1a: Basculegion|Basculegion, L50, M, shiny|1/100\n|turn|7\n|\n|t:|1775993644\n|switch|p2b: Garchomp|Garchomp, L50, M, shiny|54/100 psn\n|move|p1a: Basculegion|Last Respects|p2b: Garchomp\n|-damage|p2b: Garchomp|0 fnt\n|faint|p2b: Garchomp\n|move|p1b: Pelipper|Hurricane|p2a: Rotom\n|-resisted|p2a: Rotom|1\n|-damage|p2a: Rotom|85/100\n|-start|p2a: Rotom|confusion\n|-activate|p2a: Rotom|confusion\n|-damage|p2a: Rotom|78/100|[from] confusion\n|\n|-weather|RainDance|[upkeep]\n|upkeep\n|\n|t:|1775993654\n|switch|p2b: Floette|Floette-Eternal, L50, F|100/100\n|turn|8\n|\n|t:|1775993672\n|detailschange|p2b: Floette|Floette-Mega, L50, F\n|-mega|p2b: Floette|Floette|Floettite\n|-ability|p2b: Floette|Fairy Aura\n|move|p1a: Basculegion|Last Respects|p2b: Floette\n|-damage|p2b: Floette|44/100\n|move|p2b: Floette|Dazzling Gleam|p1b: Pelipper|[spread] p1a,p1b\n|-damage|p1a: Basculegion|0 fnt\n|-damage|p1b: Pelipper|0 fnt\n|faint|p1a: Basculegion\n|faint|p1b: Pelipper\n|-activate|p2a: Rotom|confusion\n|-damage|p2a: Rotom|72/100|[from] confusion\n|\n|-weather|RainDance|[upkeep]\n|upkeep\n|\n|t:|1775993690\n|switch|p1a: Gyarados|Gyarados-Mega, L50, M, shiny|29/100\n|-ability|p1a: Gyarados|Mold Breaker\n|turn|9\n|\n|t:|1775993698\n|move|p2b: Floette|Moonblast|p1a: Gyarados\n|-supereffective|p1a: Gyarados|1\n|-damage|p1a: Gyarados|0 fnt\n|faint|p1a: Gyarados\n|\n|win|viperino7\n|raw|Unknown002's rating: 1129 &rarr; <strong>1110</strong><br />(-19 for losing)\n|raw|viperino7's rating: 1215 &rarr; <strong>1234</strong><br />(+19 for winning)\n",
  "uploadtime": 1775993705,
  "views": 20,
  "formatid": "gen9championsvgc2026regma",
  "rating": 1110,
  "private": 0,
  "password": null
}