{
  "id": "gen9championsvgc2026regma-2585870044",
  "format": "[Gen 9 Champions] VGC 2026 Reg M-A",
  "players": [
    "try0000",
    "joymaxxing"
  ],
  "log": "|j|\u2606try0000\n|j|\u2606joymaxxing\n|t:|1776377056\n|gametype|doubles\n|player|p1|try0000|veteran|1400\n|player|p2|joymaxxing|elesa|1388\n|gen|9\n|tier|[Gen 9 Champions] VGC 2026 Reg M-A\n|rated|\n|rule|Species Clause: Limit one of each Pok\u00e9mon\n|rule|Item Clause: Limit 1 of each item\n|clearpoke\n|poke|p1|Gengar, L50, F|\n|poke|p1|Incineroar, L50, F|\n|poke|p1|Maushold-Four, L50|\n|poke|p1|Primarina, L50, F|\n|poke|p1|Meowscarada, L50, F|\n|poke|p1|Charizard, L50, F|\n|poke|p2|Lopunny, L50, F|\n|poke|p2|Sylveon, L50, M|\n|poke|p2|Milotic, L50, M|\n|poke|p2|Incineroar, L50, M|\n|poke|p2|Garchomp, L50, M|\n|poke|p2|Rotom-Mow, L50|\n|teampreview|4\n|inactive|Battle timer is ON: inactive players will automatically lose when time's up. (requested by try0000)\n|inactive|joymaxxing has 60 seconds left.\n|\n|t:|1776377092\n|teamsize|p1|4\n|teamsize|p2|4\n|start\n|switch|p1a: Meowscarada|Meowscarada, L50, F|100/100\n|switch|p1b: Gengar|Gengar, L50, F|100/100\n|switch|p2a: Lopunny|Lopunny, L50, F, shiny|100/100\n|switch|p2b: Sylveon|Sylveon, L50, M|100/100\n|turn|1\n|inactive|try0000 has 30 seconds left.\n|\n|t:|1776377118\n|switch|p1a: Incineroar|Incineroar, L50, F|100/100\n|-ability|p1a: Incineroar|Intimidate|boost\n|-unboost|p2a: Lopunny|atk|1\n|-unboost|p2b: Sylveon|atk|1\n|detailschange|p2a: Lopunny|Lopunny-Mega, L50, F, shiny\n|-mega|p2a: Lopunny|Lopunny|Lopunnite\n|move|p1b: Gengar|Protect|p1b: Gengar\n|-singleturn|p1b: Gengar|Protect\n|move|p2a: Lopunny|Fake Out|p1b: Gengar\n|-activate|p1b: Gengar|move: Protect\n|move|p2b: Sylveon|Hyper Voice|p1a: Incineroar|[spread] p1a\n|-activate|p1b: Gengar|move: Protect\n|-damage|p1a: Incineroar|51/100\n|\n|upkeep\n|turn|2\n|inactive|try0000 has 30 seconds left.\n|\n|t:|1776377145\n|detailschange|p1b: Gengar|Gengar-Mega, L50, F\n|-mega|p1b: Gengar|Gengar|Gengarite\n|move|p1a: Incineroar|Fake Out|p2a: Lopunny\n|-damage|p2a: Lopunny|87/100\n|cant|p2a: Lopunny|flinch\n|move|p1b: Gengar|Perish Song|p1b: Gengar\n|-start|p1a: Incineroar|perish3|[silent]\n|-start|p1b: Gengar|perish3|[silent]\n|-start|p2a: Lopunny|perish3|[silent]\n|-start|p2b: Sylveon|perish3|[silent]\n|-fieldactivate|move: Perish Song\n|move|p2b: Sylveon|Yawn|p1b: Gengar\n|-start|p1b: Gengar|move: Yawn|[of] p2b: Sylveon\n|\n|-start|p2a: Lopunny|perish3\n|-start|p1b: Gengar|perish3\n|-start|p2b: Sylveon|perish3\n|-start|p1a: Incineroar|perish3\n|upkeep\n|turn|3\n|\n|t:|1776377162\n|switch|p1b: Primarina|Primarina, L50, F|100/100\n|move|p2a: Lopunny|Close Combat|p1a: Incineroar\n|-supereffective|p1a: Incineroar|1\n|-damage|p1a: Incineroar|0 fnt\n|-unboost|p2a: Lopunny|def|1\n|-unboost|p2a: Lopunny|spd|1\n|faint|p1a: Incineroar\n|move|p2b: Sylveon|Hyper Voice|p1b: Primarina\n|-damage|p1b: Primarina|48/100\n|\n|-heal|p1b: Primarina|53/100|[from] item: Leftovers\n|-start|p2a: Lopunny|perish2\n|-start|p2b: Sylveon|perish2\n|upkeep\n|\n|t:|1776377168\n|switch|p1a: Gengar|Gengar-Mega, L50, F|100/100\n|turn|4\n|\n|t:|1776377177\n|move|p1a: Gengar|Protect|p1a: Gengar\n|-singleturn|p1a: Gengar|Protect\n|move|p1b: Primarina|Protect|p1b: Primarina\n|-singleturn|p1b: Primarina|Protect\n|move|p2a: Lopunny|Close Combat|p1b: Primarina\n|-activate|p1b: Primarina|move: Protect\n|move|p2b: Sylveon|Hyper Voice|p1a: Gengar|[spread] \n|-activate|p1a: Gengar|move: Protect\n|-activate|p1b: Primarina|move: Protect\n|\n|-heal|p1b: Primarina|59/100|[from] item: Leftovers\n|-start|p2a: Lopunny|perish1\n|-start|p2b: Sylveon|perish1\n|upkeep\n|turn|5\n|\n|t:|1776377198\n|switch|p1b: Meowscarada|Meowscarada, L50, F|100/100\n|move|p2a: Lopunny|Close Combat|p1b: Meowscarada\n|-supereffective|p1b: Meowscarada|1\n|-damage|p1b: Meowscarada|0 fnt\n|-unboost|p2a: Lopunny|def|1\n|-unboost|p2a: Lopunny|spd|1\n|faint|p1b: Meowscarada\n|move|p1a: Gengar|Disable|p2b: Sylveon\n|-start|p2b: Sylveon|Disable|Hyper Voice\n|cant|p2b: Sylveon|Disable|Hyper Voice\n|\n|-start|p2a: Lopunny|perish0\n|-start|p2b: Sylveon|perish0\n|upkeep\n|faint|p2a: Lopunny\n|faint|p2b: Sylveon\n|\n|t:|1776377205\n|switch|p2a: Incineroar|Incineroar, L50, M, shiny|100/100\n|switch|p1b: Primarina|Primarina, L50, F|59/100\n|switch|p2b: Garchomp|Garchomp, L50, M|100/100\n|-ability|p2a: Incineroar|Intimidate|boost\n|-unboost|p1a: Gengar|atk|1\n|-unboost|p1b: Primarina|atk|1\n|turn|6\n|\n|t:|1776377219\n|move|p1a: Gengar|Protect|p1a: Gengar\n|-singleturn|p1a: Gengar|Protect\n|move|p1b: Primarina|Protect|p1b: Primarina\n|-singleturn|p1b: Primarina|Protect\n|move|p2a: Incineroar|Fake Out|p1b: Primarina\n|-activate|p1b: Primarina|move: Protect\n|move|p2b: Garchomp|Rock Slide|p1b: Primarina|[spread] \n|-activate|p1a: Gengar|move: Protect\n|-activate|p1b: Primarina|move: Protect\n|\n|-heal|p1b: Primarina|65/100|[from] item: Leftovers\n|upkeep\n|turn|7\n|inactive|try0000 has 30 seconds left.\n|\n|t:|1776377249\n|move|p1a: Gengar|Shadow Ball|p2b: Garchomp\n|-damage|p2b: Garchomp|55/100\n|move|p2b: Garchomp|Stomping Tantrum|p1b: Primarina\n|-damage|p1b: Primarina|18/100\n|move|p2a: Incineroar|Throat Chop|p1b: Primarina\n|-resisted|p1b: Primarina|1\n|-damage|p1b: Primarina|3/100\n|-start|p1b: Primarina|Throat Chop|[silent]\n|move|p1b: Primarina|Moonblast|p2b: Garchomp\n|-supereffective|p2b: Garchomp|1\n|-damage|p2b: Garchomp|0 fnt\n|faint|p2b: Garchomp\n|\n|-heal|p1b: Primarina|9/100|[from] item: Leftovers\n|upkeep\n|turn|8\n|\n|t:|1776377272\n|move|p1b: Primarina|Protect|p1b: Primarina\n|-singleturn|p1b: Primarina|Protect\n|move|p1a: Gengar|Disable|p2a: Incineroar\n|-start|p2a: Incineroar|Disable|Throat Chop\n|move|p2a: Incineroar|Flare Blitz|p1b: Primarina\n|-activate|p1b: Primarina|move: Protect\n|\n|-heal|p1b: Primarina|14/100|[from] item: Leftovers\n|-end|p1b: Primarina|Throat Chop|[silent]\n|upkeep\n|turn|9\n|\n|t:|1776377290\n|move|p1a: Gengar|Shadow Ball|p2a: Incineroar\n|-resisted|p2a: Incineroar|1\n|-damage|p2a: Incineroar|83/100\n|move|p2a: Incineroar|Flare Blitz|p1b: Primarina\n|-resisted|p1b: Primarina|1\n|-damage|p1b: Primarina|0 fnt\n|faint|p1b: Primarina\n|-damage|p2a: Incineroar|79/100|[from] Recoil\n|\n|upkeep\n|turn|10\n|\n|t:|1776377299\n|move|p1a: Gengar|Shadow Ball|p2a: Incineroar\n|-resisted|p2a: Incineroar|1\n|-damage|p2a: Incineroar|63/100\n|-unboost|p2a: Incineroar|spd|1\n|move|p2a: Incineroar|Parting Shot|p1a: Gengar\n|-unboost|p1a: Gengar|atk|1\n|-unboost|p1a: Gengar|spa|1\n|\n|upkeep\n|turn|11\n|\n|t:|1776377307\n|move|p1a: Gengar|Shadow Ball|p2a: Incineroar\n|-resisted|p2a: Incineroar|1\n|-damage|p2a: Incineroar|48/100\n|-enditem|p2a: Incineroar|Sitrus Berry|[eat]\n|-heal|p2a: Incineroar|72/100|[from] item: Sitrus Berry\n|move|p2a: Incineroar|Flare Blitz|p1a: Gengar\n|-crit|p1a: Gengar\n|-damage|p1a: Gengar|4/100\n|-damage|p2a: Incineroar|48/100|[from] Recoil\n|\n|-end|p2a: Incineroar|Disable\n|upkeep\n|turn|12\n|-message|try0000 forfeited.\n|\n|win|joymaxxing\n|raw|try0000's rating: 1400 &rarr; <strong>1379</strong><br />(-21 for losing)\n|raw|joymaxxing's rating: 1388 &rarr; <strong>1409</strong><br />(+21 for winning)\n|l|\u2606try0000\n|player|p1|\n",
  "uploadtime": 1776377321,
  "views": 30,
  "formatid": "gen9championsvgc2026regma",
  "rating": 1379,
  "private": 0,
  "password": null
}