{
  "id": "gen9championsvgc2026regma-2584844373",
  "format": "[Gen 9 Champions] VGC 2026 Reg M-A",
  "players": [
    "voltei hoje",
    "shadowofroserade04"
  ],
  "log": "|j|\u2606voltei hoje\n|j|\u2606shadowofroserade04\n|t:|1776288072\n|gametype|doubles\n|player|p1|voltei hoje|iris|1329\n|player|p2|shadowofroserade04|roxie|1430\n|gen|9\n|tier|[Gen 9 Champions] VGC 2026 Reg M-A\n|rated|\n|rule|Species Clause: Limit one of each Pok\u00e9mon\n|rule|Item Clause: Limit 1 of each item\n|clearpoke\n|poke|p1|Gardevoir, L50, F|\n|poke|p1|Palafin, L50, F|\n|poke|p1|Incineroar, L50, M|\n|poke|p1|Sinistcha, L50|\n|poke|p1|Machamp, L50, M|\n|poke|p1|Aegislash, L50, M|\n|poke|p2|Incineroar, L50, M|\n|poke|p2|Sneasler, L50, M|\n|poke|p2|Zoroark-Hisui, L50, F|\n|poke|p2|Sinistcha, L50|\n|poke|p2|Gardevoir, L50, M|\n|poke|p2|Dragonite, L50, M|\n|teampreview|4\n|inactive|Battle timer is ON: inactive players will automatically lose when time's up. (requested by voltei hoje)\nvoltei hoje rejected open team sheets.\n|\n|t:|1776288123\n|teamsize|p1|4\n|teamsize|p2|4\n|start\n|switch|p1a: Gardevoir|Gardevoir, L50, F, shiny|100/100\n|switch|p1b: Palafin|Palafin, L50, F|100/100\n|switch|p2a: Gardevoir|Gardevoir, L50, M|100/100\n|switch|p2b: Incineroar|Incineroar, L50, M|100/100\n|-ability|p1a: Gardevoir|Synchronize|Trace|[from] ability: Trace|[of] p2a: Gardevoir\n|-ability|p2b: Incineroar|Intimidate|boost\n|-unboost|p1a: Gardevoir|atk|1\n|-unboost|p1b: Palafin|atk|1\n|turn|1\n|inactive|voltei hoje has 30 seconds left.\n|inactive|shadowofroserade04 has 30 seconds left.\n|inactive|voltei hoje has 20 seconds left.\n|inactive|shadowofroserade04 has 20 seconds left.\n|\n|t:|1776288160\n|detailschange|p1b: Palafin|Palafin-Hero, L50, F\n|switch|p1b: Aegislash|Aegislash, L50, M|100/100\n|detailschange|p1a: Gardevoir|Gardevoir-Mega, L50, F, shiny\n|-mega|p1a: Gardevoir|Gardevoir|Gardevoirite\n|detailschange|p2a: Gardevoir|Gardevoir-Mega, L50, M\n|-mega|p2a: Gardevoir|Gardevoir|Gardevoirite\n|move|p1a: Gardevoir|Protect|p1a: Gardevoir\n|-singleturn|p1a: Gardevoir|Protect\n|move|p2b: Incineroar|Fake Out|p1a: Gardevoir\n|-activate|p1a: Gardevoir|move: Protect\n|move|p2a: Gardevoir|Hyper Voice|p1a: Gardevoir|[spread] p1b\n|-activate|p1a: Gardevoir|move: Protect\n|-resisted|p1b: Aegislash|1\n|-damage|p1b: Aegislash|81/100\n|\n|upkeep\n|turn|2\n|inactive|voltei hoje has 30 seconds left.\n|\n|t:|1776288189\n|move|p2a: Gardevoir|Protect|p2a: Gardevoir\n|-singleturn|p2a: Gardevoir|Protect\n|move|p1a: Gardevoir|Hyper Voice|p2a: Gardevoir|[spread] p2b\n|-activate|p2a: Gardevoir|move: Protect\n|-damage|p2b: Incineroar|63/100\n|move|p2b: Incineroar|Parting Shot|p1a: Gardevoir\n|-unboost|p1a: Gardevoir|atk|1\n|-unboost|p1a: Gardevoir|spa|1\n|\n|t:|1776288204\n|switch|p2b: Sneasler|Sneasler, L50, M|100/100|[from] Parting Shot\n|-formechange|p1b: Aegislash|Aegislash-Blade|\n|move|p1b: Aegislash|Poltergeist|p2a: Gardevoir\n|-activate|p2a: Gardevoir|move: Protect\n|\n|upkeep\n|turn|3\n|inactive|shadowofroserade04 has 30 seconds left.\n|\n|t:|1776288231\n|switch|p1a: Incineroar|Incineroar, L50, M|100/100\n|-ability|p1a: Incineroar|Intimidate|boost\n|-unboost|p2a: Gardevoir|atk|1\n|-unboost|p2b: Sneasler|atk|1\n|-enditem|p2b: Sneasler|White Herb\n|-clearnegativeboost|p2b: Sneasler|[silent]\n|switch|p2a: Incineroar|Incineroar, L50, M|63/100\n|-ability|p2a: Incineroar|Intimidate|boost\n|-unboost|p1a: Incineroar|atk|1\n|-unboost|p1b: Aegislash|atk|1\n|move|p2b: Sneasler|Protect|p2b: Sneasler\n|-singleturn|p2b: Sneasler|Protect\n|move|p1b: Aegislash|Poltergeist|p2a: Incineroar\n|-activate|p2a: Incineroar|move: Poltergeist|Passho Berry\n|-resisted|p2a: Incineroar|1\n|-damage|p2a: Incineroar|45/100\n|\n|upkeep\n|turn|4\n|inactive|voltei hoje has 30 seconds left.\n|inactive|shadowofroserade04 has 30 seconds left.\n|inactive|voltei hoje has 20 seconds left.\n|inactive|voltei hoje has 15 seconds left.\n|inactive|voltei hoje has 10 seconds left.\n|\n|t:|1776288278\n|move|p2a: Incineroar|Fake Out|p1a: Incineroar\n|-damage|p1a: Incineroar|90/100\n|cant|p1a: Incineroar|flinch\n|move|p1b: Aegislash|Shadow Sneak|p2b: Sneasler\n|-damage|p2b: Sneasler|73/100\n|move|p2b: Sneasler|Close Combat|p1a: Incineroar\n|-supereffective|p1a: Incineroar|1\n|-damage|p1a: Incineroar|0 fnt\n|-unboost|p2b: Sneasler|def|1\n|-unboost|p2b: Sneasler|spd|1\n|faint|p1a: Incineroar\n|\n|upkeep\n|\n|t:|1776288290\n|switch|p1a: Palafin|Palafin-Hero, L50, F|100/100\n|-activate|p1a: Palafin|ability: Zero to Hero\n|turn|5\n|\n|t:|1776288304\n|switch|p2b: Sinistcha|Sinistcha, L50|100/100\n|-heal|p2a: Incineroar|69/100|[from] ability: Hospitality|[of] p2b: Sinistcha\n|-formechange|p1b: Aegislash|Aegislash|\n|move|p1b: Aegislash|King's Shield|p1b: Aegislash\n|-singleturn|p1b: Aegislash|Protect\n|move|p1a: Palafin|Jet Punch|p2b: Sinistcha\n|-resisted|p2b: Sinistcha|1\n|-damage|p2b: Sinistcha|86/100\n|move|p2a: Incineroar|Parting Shot|p1a: Palafin\n|-unboost|p1a: Palafin|atk|1\n|-unboost|p1a: Palafin|spa|1\n|\n|t:|1776288322\n|switch|p2a: Sneasler|Sneasler, L50, M|73/100|[from] Parting Shot\n|\n|upkeep\n|turn|6\n|\n|t:|1776288341\n|switch|p2b: Incineroar|Incineroar, L50, M|69/100\n|-ability|p2b: Incineroar|Intimidate|boost\n|-unboost|p1a: Palafin|atk|1\n|-unboost|p1b: Aegislash|atk|1\n|move|p1a: Palafin|Protect|p1a: Palafin\n|-singleturn|p1a: Palafin|Protect\n|move|p2a: Sneasler|Dire Claw|p1a: Palafin\n|-activate|p1a: Palafin|move: Protect\n|-formechange|p1b: Aegislash|Aegislash-Blade|\n|move|p1b: Aegislash|Poltergeist|p2b: Incineroar\n|-activate|p2b: Incineroar|move: Poltergeist|Passho Berry\n|-resisted|p2b: Incineroar|1\n|-damage|p2b: Incineroar|54/100\n|\n|upkeep\n|turn|7\n|inactive|voltei hoje has 30 seconds left.\n|inactive|shadowofroserade04 has 30 seconds left.\n|inactive|shadowofroserade04 has 20 seconds left.\n|\n|t:|1776288379\n|-formechange|p1b: Aegislash|Aegislash|\n|move|p1b: Aegislash|King's Shield|p1b: Aegislash\n|-singleturn|p1b: Aegislash|Protect\n|move|p2a: Sneasler|Dire Claw|p1a: Palafin\n|-damage|p1a: Palafin|57/100\n|move|p1a: Palafin|Bulk Up|p1a: Palafin\n|-boost|p1a: Palafin|atk|1\n|-boost|p1a: Palafin|def|1\n|move|p2b: Incineroar|Flare Blitz|p1b: Aegislash\n|-activate|p1b: Aegislash|move: Protect\n|-unboost|p2b: Incineroar|atk|1\n|\n|-heal|p1a: Palafin|62/100|[from] item: Leftovers\n|upkeep\n|turn|8\n|inactive|voltei hoje has 30 seconds left.\n|\n|t:|1776288405\n|move|p1a: Palafin|Jet Punch|p2a: Sneasler\n|-damage|p2a: Sneasler|32/100\n|move|p2a: Sneasler|Dire Claw|p1a: Palafin\n|-damage|p1a: Palafin|34/100\n|-status|p1a: Palafin|psn\n|move|p2b: Incineroar|Darkest Lariat|p1a: Palafin\n|-damage|p1a: Palafin|15/100 psn\n|-formechange|p1b: Aegislash|Aegislash-Blade|\n|move|p1b: Aegislash|Close Combat|p2b: Incineroar\n|-supereffective|p2b: Incineroar|1\n|-damage|p2b: Incineroar|12/100\n|-unboost|p1b: Aegislash|def|1\n|-unboost|p1b: Aegislash|spd|1\n|\n|-heal|p1a: Palafin|21/100 psn|[from] item: Leftovers\n|-damage|p1a: Palafin|9/100 psn|[from] psn\n|upkeep\n|turn|9\n|inactive|shadowofroserade04 has 30 seconds left.\n|\n|t:|1776288434\n|switch|p1b: Gardevoir|Gardevoir-Mega, L50, F, shiny|100/100\n|move|p2a: Sneasler|Protect|p2a: Sneasler\n|-singleturn|p2a: Sneasler|Protect\n|move|p1a: Palafin|Jet Punch|p2b: Incineroar\n|-supereffective|p2b: Incineroar|1\n|-enditem|p2b: Incineroar|Passho Berry|[eat]\n|-enditem|p2b: Incineroar|Passho Berry|[weaken]\n|-damage|p2b: Incineroar|0 fnt\n|faint|p2b: Incineroar\n|\n|-heal|p1a: Palafin|15/100 psn|[from] item: Leftovers\n|-damage|p1a: Palafin|2/100 psn|[from] psn\n|upkeep\n|\n|t:|1776288450\n|switch|p2b: Sinistcha|Sinistcha, L50|86/100\n|-heal|p2a: Sneasler|57/100|[from] ability: Hospitality|[of] p2b: Sinistcha\n|turn|10\n|\n|t:|1776288460\n|move|p1b: Gardevoir|Protect|p1b: Gardevoir\n|-singleturn|p1b: Gardevoir|Protect\n|move|p2b: Sinistcha|Rage Powder|p2b: Sinistcha\n|-singleturn|p2b: Sinistcha|move: Rage Powder\n|move|p1a: Palafin|Jet Punch|p2b: Sinistcha\n|-resisted|p2b: Sinistcha|1\n|-damage|p2b: Sinistcha|78/100\n|move|p2a: Sneasler|Dire Claw|p1b: Gardevoir\n|-activate|p1b: Gardevoir|move: Protect\n|\n|-heal|p1a: Palafin|8/100 psn|[from] item: Leftovers\n|-damage|p1a: Palafin|0 fnt|[from] psn\n|faint|p1a: Palafin\n|upkeep\n|\n|t:|1776288472\n|switch|p1a: Aegislash|Aegislash, L50, M|81/100\n|turn|11\n|\n|t:|1776288484\n|move|p1b: Gardevoir|Protect||[still]\n|-fail|p1b: Gardevoir\n|move|p2a: Sneasler|Dire Claw|p1b: Gardevoir\n|-supereffective|p1b: Gardevoir|1\n|-damage|p1b: Gardevoir|0 fnt\n|faint|p1b: Gardevoir\n|move|p2b: Sinistcha|Matcha Gotcha|p1a: Aegislash\n|-resisted|p1a: Aegislash|1\n|-damage|p1a: Aegislash|68/100\n|-heal|p2b: Sinistcha|84/100|[from] drain|[of] p1a: Aegislash\n|-formechange|p1a: Aegislash|Aegislash-Blade|\n|move|p1a: Aegislash|Poltergeist|p2b: Sinistcha\n|-activate|p2b: Sinistcha|move: Poltergeist|Sitrus Berry\n|-supereffective|p2b: Sinistcha|1\n|-damage|p2b: Sinistcha|0 fnt\n|faint|p2b: Sinistcha\n|\n|upkeep\n|\n|t:|1776288499\n|switch|p2b: Gardevoir|Gardevoir-Mega, L50, M|100/100\n|turn|12\n|inactive|shadowofroserade04 has 30 seconds left.\n|\n|t:|1776288532\n|-formechange|p1a: Aegislash|Aegislash|\n|move|p1a: Aegislash|King's Shield|p1a: Aegislash\n|-singleturn|p1a: Aegislash|Protect\n|move|p2a: Sneasler|Swords Dance|p2a: Sneasler\n|-boost|p2a: Sneasler|atk|2\n|move|p2b: Gardevoir|Hyper Voice|p1a: Aegislash\n|-activate|p1a: Aegislash|move: Protect\n|\n|upkeep\n|turn|13\n|\n|t:|1776288541\n|move|p2b: Gardevoir|Protect|p2b: Gardevoir\n|-singleturn|p2b: Gardevoir|Protect\n|move|p2a: Sneasler|Swords Dance|p2a: Sneasler\n|-boost|p2a: Sneasler|atk|2\n|-formechange|p1a: Aegislash|Aegislash-Blade|\n|move|p1a: Aegislash|Poltergeist|p2b: Gardevoir\n|-activate|p2b: Gardevoir|move: Protect\n|\n|upkeep\n|turn|14\n|inactive|voltei hoje has 30 seconds left.\n|\n|t:|1776288566\n|-formechange|p1a: Aegislash|Aegislash|\n|move|p1a: Aegislash|King's Shield|p1a: Aegislash\n|-singleturn|p1a: Aegislash|Protect\n|move|p2a: Sneasler|Swords Dance|p2a: Sneasler\n|-boost|p2a: Sneasler|atk|2\n|move|p2b: Gardevoir|Hyper Voice|p1a: Aegislash\n|-activate|p1a: Aegislash|move: Protect\n|\n|upkeep\n|turn|15\n|\n|t:|1776288576\n|move|p2b: Gardevoir|Protect|p2b: Gardevoir\n|-singleturn|p2b: Gardevoir|Protect\n|move|p1a: Aegislash|King's Shield||[still]\n|-fail|p1a: Aegislash\n|move|p2a: Sneasler|Swords Dance|p2a: Sneasler\n|-boost|p2a: Sneasler|atk|0\n|\n|upkeep\n|turn|16\n|\n|t:|1776288586\n|move|p2a: Sneasler|Swords Dance|p2a: Sneasler\n|-boost|p2a: Sneasler|atk|0\n|move|p2b: Gardevoir|Hyper Voice|p1a: Aegislash\n|-resisted|p1a: Aegislash|1\n|-damage|p1a: Aegislash|43/100\n|-formechange|p1a: Aegislash|Aegislash-Blade|\n|move|p1a: Aegislash|Poltergeist|p2b: Gardevoir\n|-activate|p2b: Gardevoir|move: Poltergeist|Gardevoirite\n|-supereffective|p2b: Gardevoir|1\n|-damage|p2b: Gardevoir|0 fnt\n|faint|p2b: Gardevoir\n|\n|upkeep\n|turn|17\n|c|\u2606voltei hoje|gg\n|c|\u2606shadowofroserade04|gg\n|-message|shadowofroserade04 forfeited.\n|\n|win|voltei hoje\n|raw|voltei hoje's rating: 1329 &rarr; <strong>1355</strong><br />(+26 for winning)\n|raw|shadowofroserade04's rating: 1430 &rarr; <strong>1404</strong><br />(-26 for losing)\n|l|\u2606shadowofroserade04\n|player|p2|\n",
  "uploadtime": 1776288604,
  "views": 37,
  "formatid": "gen9championsvgc2026regma",
  "rating": 1355,
  "private": 0,
  "password": null
}