{
  "id": "gen9championsvgc2026regma-2584263797",
  "format": "[Gen 9 Champions] VGC 2026 Reg M-A",
  "players": [
    "airpodjuniors",
    "miruna11"
  ],
  "log": "|j|\u2606airpodjuniors\n|j|\u2606miruna11\n|t:|1776244756\n|gametype|doubles\n|player|p1|airpodjuniors|101|1301\n|player|p2|miruna11|unknownf|1339\n|gen|9\n|tier|[Gen 9 Champions] VGC 2026 Reg M-A\n|rated|\n|rule|Species Clause: Limit one of each Pok\u00e9mon\n|rule|Item Clause: Limit 1 of each item\n|clearpoke\n|poke|p1|Charizard, L50, F|\n|poke|p1|Torkoal, L50, M|\n|poke|p1|Farigiraf, L50, M|\n|poke|p1|Aerodactyl, L50, F|\n|poke|p1|Primarina, L50, M|\n|poke|p1|Meganium, L50, M|\n|poke|p2|Garchomp, L50, F|\n|poke|p2|Gardevoir, L50, F|\n|poke|p2|Sinistcha, L50|\n|poke|p2|Basculegion, L50, M|\n|poke|p2|Kingambit, L50, F|\n|poke|p2|Incineroar, L50, F|\n|teampreview|4\n|inactive|Battle timer is ON: inactive players will automatically lose when time's up. (requested by miruna11)\n|inactive|miruna11 has 60 seconds left.\n|\n|t:|1776244806\n|teamsize|p1|4\n|teamsize|p2|4\n|start\n|switch|p1a: Primarina|Primarina, L50, M|100/100\n|switch|p1b: Farigiraf|Farigiraf, L50, M|100/100\n|switch|p2a: Garchomp|Garchomp, L50, F|100/100\n|switch|p2b: Basculegion|Basculegion, L50, M|100/100\n|turn|1\n|inactive|airpodjuniors has 30 seconds left.\n|inactive|miruna11 has 30 seconds left.\n|inactive|airpodjuniors has 20 seconds left.\n|inactive|miruna11 has 20 seconds left.\n|inactive|miruna11 has 15 seconds left.\n|inactive|miruna11 has 10 seconds left.\n|\n|t:|1776244852\n|move|p2a: Garchomp|Stomping Tantrum|p1b: Farigiraf\n|-damage|p1b: Farigiraf|64/100\n|move|p2b: Basculegion|Liquidation|p1b: Farigiraf\n|-damage|p1b: Farigiraf|9/100\n|move|p1a: Primarina|Moonblast|p2a: Garchomp\n|-supereffective|p2a: Garchomp|1\n|-damage|p2a: Garchomp|0 fnt\n|faint|p2a: Garchomp\n|move|p1b: Farigiraf|Trick Room|p1b: Farigiraf\n|-fieldstart|move: Trick Room|[of] p1b: Farigiraf\n|\n|upkeep\n|\n|t:|1776244858\n|switch|p2a: Kingambit|Kingambit, L50, F|100/100\n|turn|2\n|\n|t:|1776244880\n|move|p1b: Farigiraf|Ally Switch|p1b: Farigiraf\n|swap|p1b: Farigiraf|0|[from] move: Ally Switch\n|move|p2a: Kingambit|Kowtow Cleave|p1a: Farigiraf\n|-supereffective|p1a: Farigiraf|1\n|-damage|p1a: Farigiraf|0 fnt\n|faint|p1a: Farigiraf\n|move|p1b: Primarina|Moonblast|p2b: Basculegion\n|-damage|p2b: Basculegion|40/100\n|move|p2b: Basculegion|Liquidation|p1b: Primarina\n|-resisted|p1b: Primarina|1\n|-damage|p1b: Primarina|63/100\n|-unboost|p1b: Primarina|def|1\n|\n|upkeep\n|\n|t:|1776244892\n|switch|p1a: Torkoal|Torkoal, L50, M|100/100\n|-weather|SunnyDay|[from] ability: Drought|[of] p1a: Torkoal\n|turn|3\n|\n|t:|1776244912\n|switch|p2b: Incineroar|Incineroar, L50, F|100/100\n|-ability|p2b: Incineroar|Intimidate|boost\n|-unboost|p1a: Torkoal|atk|1\n|-unboost|p1b: Primarina|atk|1\n|move|p2a: Kingambit|Protect|p2a: Kingambit\n|-singleturn|p2a: Kingambit|Protect\n|move|p1a: Torkoal|Heat Wave|p2a: Kingambit|[spread] p2b\n|-activate|p2a: Kingambit|move: Protect\n|-resisted|p2b: Incineroar|1\n|-damage|p2b: Incineroar|81/100\n|move|p1b: Primarina|Moonblast|p2a: Kingambit\n|-activate|p2a: Kingambit|move: Protect\n|\n|-weather|SunnyDay|[upkeep]\n|upkeep\n|turn|4\n|\n|t:|1776244934\n|move|p1a: Torkoal|Protect|p1a: Torkoal\n|-singleturn|p1a: Torkoal|Protect\n|move|p2b: Incineroar|Fake Out|p1a: Torkoal\n|-activate|p1a: Torkoal|move: Protect\n|move|p2a: Kingambit|Sucker Punch|p1b: Primarina\n|-resisted|p1b: Primarina|1\n|-damage|p1b: Primarina|15/100\n|move|p1b: Primarina|Moonblast|p2b: Incineroar\n|-crit|p2b: Incineroar\n|-damage|p2b: Incineroar|27/100\n|\n|-weather|SunnyDay|[upkeep]\n|upkeep\n|turn|5\n|\n|t:|1776244952\n|switch|p1b: Charizard|Charizard, L50, F|100/100\n|move|p2a: Kingambit|Protect|p2a: Kingambit\n|-singleturn|p2a: Kingambit|Protect\n|move|p1a: Torkoal|Earth Power|p2b: Incineroar\n|-supereffective|p2b: Incineroar|1\n|-damage|p2b: Incineroar|0 fnt\n|faint|p2b: Incineroar\n|\n|-weather|SunnyDay|[upkeep]\n|-fieldend|move: Trick Room\n|upkeep\n|\n|t:|1776244959\n|switch|p2b: Basculegion|Basculegion, L50, M|40/100\n|turn|6\n|\n|t:|1776244968\n|detailschange|p1b: Charizard|Charizard-Mega-Y, L50, F\n|-mega|p1b: Charizard|Charizard|Charizardite Y\n|move|p2b: Basculegion|Aqua Jet|p1b: Charizard\n|-supereffective|p1b: Charizard|1\n|-damage|p1b: Charizard|57/100\n|move|p2a: Kingambit|Sucker Punch|p1b: Charizard\n|-damage|p1b: Charizard|0 fnt\n|faint|p1b: Charizard\n|move|p1a: Torkoal|Heat Wave|p2b: Basculegion|[spread] p2a,p2b\n|-supereffective|p2a: Kingambit|1\n|-resisted|p2b: Basculegion|1\n|-damage|p2a: Kingambit|0 fnt\n|-damage|p2b: Basculegion|11/100\n|faint|p2a: Kingambit\n|\n|-weather|SunnyDay|[upkeep]\n|upkeep\n|-message|miruna11 forfeited.\n|\n|win|airpodjuniors\n|raw|airpodjuniors's rating: 1301 &rarr; <strong>1323</strong><br />(+22 for winning)\n|raw|miruna11's rating: 1339 &rarr; <strong>1317</strong><br />(-22 for losing)\n|l|\u2606miruna11\n|player|p2|\n",
  "uploadtime": 1776244986,
  "views": 44,
  "formatid": "gen9championsvgc2026regma",
  "rating": 1317,
  "private": 0,
  "password": null
}