{
  "id": "gen9championsvgc2026regma-2583665502",
  "format": "[Gen 9 Champions] VGC 2026 Reg M-A",
  "players": [
    "realcomrade379",
    "TTT x"
  ],
  "log": "|j|\u2606realcomrade379\n|j|\u2606TTT x\n|html|<table width=\"100%\"><tr><td align=\"left\">realcomrade379</td><td align=\"right\">TTT x</tr><tr><td align=\"left\"><i class=\"fa fa-circle-o\"></i> <i class=\"fa fa-circle-o\"></i> </td><td align=\"right\"><i class=\"fa fa-circle-o\"></i> <i class=\"fa fa-circle\"></i> </tr></table>\n|uhtml|bestof|<h2><strong>Game 2</strong> of <a href=\"/game-bestof3-gen9championsvgc2026regma-2583661190\">a best-of-3</a></h2>\n|t:|1776189711\n|gametype|doubles\n|player|p1|realcomrade379|shadowtriad|\n|player|p2|TTT x|#smogonxnpa2025draftee|\n|gen|9\n|tier|[Gen 9 Champions] VGC 2026 Reg M-A\n|rated|Tournament battle\n|rule|Species Clause: Limit one of each Pok\u00e9mon\n|rule|Item Clause: Limit 1 of each item\n|raw|<div class=\"infobox\"><details class=\"readmore\" open><summary><strong>2 custom rules:</strong></summary> Force Open Team Sheets, Best of = 3</details></div>\n|clearpoke\n|poke|p1|Tyranitar, L50, F|\n|poke|p1|Floette-Eternal, L50, F|\n|poke|p1|Excadrill, L50, F|\n|poke|p1|Basculegion, L50, M|\n|poke|p1|Sinistcha, L50|\n|poke|p1|Incineroar, L50, F|\n|poke|p2|Manectric, L50, F|\n|poke|p2|Archaludon, L50, F|\n|poke|p2|Sinistcha, L50|\n|poke|p2|Politoed, L50, M|\n|poke|p2|Scizor, L50, F|\n|poke|p2|Incineroar, L50, F|\n|teampreview|4\n|showteam|p1|Tyranitar||Tyranitarite|SandStream|Protect,LowKick,KnockOff,RockSlide|||F|||50|]Floette-Eternal||Floettite|FlowerVeil|Protect,CalmMind,DazzlingGleam,Moonblast|||F|||50|]Excadrill||FocusSash|SandRush|Protect,HighHorsepower,IronHead,Earthquake|||F|||50|]Basculegion||ChoiceScarf|Adaptability|LastRespects,WaveCrash,FlipTurn,AquaJet|||M|||50|]Sinistcha||SitrusBerry|Hospitality|MatchaGotcha,TrickRoom,RagePowder,LifeDew||||||50|]Incineroar||ChopleBerry|Intimidate|FlareBlitz,WillOWisp,FakeOut,PartingShot|||F|||50|\n|showteam|p2|Manectric||Manectite|LightningRod|VoltSwitch,Snarl,LightScreen,Protect|||F|||50|]Archaludon||Leftovers|Stamina|ElectroShot,DragonPulse,FlashCannon,Protect|||F|||50|]Sinistcha||KasibBerry|Hospitality|MatchaGotcha,ShadowBall,RagePowder,Protect||||||50|]Politoed||SitrusBerry|Drizzle|WeatherBall,RainDance,Encore,Protect|||M|||50|]Scizor||Scizorite|Technician|BulletPunch,BugBite,SwordsDance,Protect|||F|||50|]Incineroar||ChopleBerry|Intimidate|FakeOut,FlareBlitz,WillOWisp,PartingShot|||F|||50|\n|inactive|Battle timer is ON: inactive players will automatically lose when time's up. (requested by realcomrade379)\n|\n|t:|1776189727\n|teamsize|p1|4\n|teamsize|p2|4\n|start\n|switch|p1a: Incineroar|Incineroar, L50, F|100/100\n|switch|p1b: Floette|Floette-Eternal, L50, F|100/100\n|switch|p2a: Scizor|Scizor, L50, F|100/100\n|switch|p2b: Archaludon|Archaludon, L50, F|100/100\n|-ability|p1a: Incineroar|Intimidate|boost\n|-unboost|p2a: Scizor|atk|1\n|-unboost|p2b: Archaludon|atk|1\n|turn|1\n|\n|t:|1776189736\n|switch|p2b: Politoed|Politoed, L50, M|100/100\n|-weather|RainDance|[from] ability: Drizzle|[of] p2b: Politoed\n|detailschange|p1b: Floette|Floette-Mega, L50, F\n|-mega|p1b: Floette|Floette|Floettite\n|-ability|p1b: Floette|Fairy Aura\n|detailschange|p2a: Scizor|Scizor-Mega, L50, F\n|-mega|p2a: Scizor|Scizor|Scizorite\n|move|p1a: Incineroar|Fake Out|p2a: Scizor\n|-resisted|p2a: Scizor|1\n|-damage|p2a: Scizor|97/100\n|move|p1b: Floette|Moonblast|p2b: Politoed\n|-damage|p2b: Politoed|41/100\n|-enditem|p2b: Politoed|Sitrus Berry|[eat]\n|-heal|p2b: Politoed|66/100|[from] item: Sitrus Berry\n|cant|p2a: Scizor|flinch\n|\n|-weather|RainDance|[upkeep]\n|upkeep\n|turn|2\n|j| Carrielis\n|j| xNimxZ\n|inactive|realcomrade379 has 30 seconds left.\n|\n|t:|1776189763\n|switch|p1b: Basculegion|Basculegion, L50, M|100/100\n|switch|p1a: Sinistcha|Sinistcha, L50|100/100\n|move|p2a: Scizor|Protect|p2a: Scizor\n|-singleturn|p2a: Scizor|Protect\n|move|p2b: Politoed|Weather Ball|p1a: Sinistcha\n|-resisted|p1a: Sinistcha|1\n|-damage|p1a: Sinistcha|74/100\n|\n|-weather|RainDance|[upkeep]\n|upkeep\n|turn|3\n|\n|t:|1776189773\n|switch|p2a: Archaludon|Archaludon, L50, F|100/100\n|move|p2b: Politoed|Protect|p2b: Politoed\n|-singleturn|p2b: Politoed|Protect\n|move|p1b: Basculegion|Wave Crash|p2a: Archaludon\n|-resisted|p2a: Archaludon|1\n|-damage|p2a: Archaludon|61/100\n|-ability|p2a: Archaludon|Stamina|boost\n|-boost|p2a: Archaludon|def|1\n|-damage|p1b: Basculegion|88/100|[from] Recoil\n|move|p1a: Sinistcha|Matcha Gotcha|p2b: Politoed|[spread] p2a\n|-activate|p2b: Politoed|move: Protect\n|-resisted|p2a: Archaludon|2\n|-damage|p2a: Archaludon|56/100\n|-heal|p1a: Sinistcha|77/100|[from] drain|[of] p2a: Archaludon\n|-ability|p2a: Archaludon|Stamina|boost\n|-boost|p2a: Archaludon|def|1\n|\n|-weather|RainDance|[upkeep]\n|-heal|p2a: Archaludon|62/100|[from] item: Leftovers\n|upkeep\n|turn|4\n|l| Carrielis\n|\n|t:|1776189791\n|move|p1a: Sinistcha|Rage Powder|p1a: Sinistcha\n|-singleturn|p1a: Sinistcha|move: Rage Powder\n|move|p1b: Basculegion|Wave Crash|p2b: Politoed\n|-resisted|p2b: Politoed|1\n|-damage|p2b: Politoed|13/100\n|-damage|p1b: Basculegion|70/100|[from] Recoil\n|move|p2a: Archaludon|Electro Shot||[still]\n|-prepare|p2a: Archaludon|Electro Shot\n|-boost|p2a: Archaludon|spa|1\n|-anim|p2a: Archaludon|Electro Shot|p1a: Sinistcha\n|-resisted|p1a: Sinistcha|1\n|-damage|p1a: Sinistcha|49/100\n|-enditem|p1a: Sinistcha|Sitrus Berry|[eat]\n|-heal|p1a: Sinistcha|74/100|[from] item: Sitrus Berry\n|move|p2b: Politoed|Weather Ball|p1a: Sinistcha\n|-resisted|p1a: Sinistcha|1\n|-damage|p1a: Sinistcha|45/100\n|\n|-weather|RainDance|[upkeep]\n|-heal|p2a: Archaludon|69/100|[from] item: Leftovers\n|upkeep\n|turn|5\n|inactive|realcomrade379 has 30 seconds left.\n|inactive|realcomrade379 has 20 seconds left.\n|inactive|realcomrade379 has 15 seconds left.\n|\n|t:|1776189834\n|switch|p1b: Incineroar|Incineroar, L50, F|100/100\n|-ability|p1b: Incineroar|Intimidate|boost\n|-unboost|p2a: Archaludon|atk|1\n|-unboost|p2b: Politoed|atk|1\n|move|p2b: Politoed|Protect|p2b: Politoed\n|-singleturn|p2b: Politoed|Protect\n|move|p1a: Sinistcha|Rage Powder|p1a: Sinistcha\n|-singleturn|p1a: Sinistcha|move: Rage Powder\n|move|p2a: Archaludon|Electro Shot||[still]\n|-prepare|p2a: Archaludon|Electro Shot\n|-boost|p2a: Archaludon|spa|1\n|-anim|p2a: Archaludon|Electro Shot|p1a: Sinistcha\n|-resisted|p1a: Sinistcha|1\n|-damage|p1a: Sinistcha|3/100\n|\n|-weather|none\n|-heal|p2a: Archaludon|75/100|[from] item: Leftovers\n|upkeep\n|turn|6\n|inactive|realcomrade379 has 30 seconds left.\n|\n|t:|1776189861\n|move|p1a: Sinistcha|Rage Powder|p1a: Sinistcha\n|-singleturn|p1a: Sinistcha|move: Rage Powder\n|move|p2a: Archaludon|Flash Cannon|p1a: Sinistcha\n|-damage|p1a: Sinistcha|0 fnt\n|faint|p1a: Sinistcha\n|move|p1b: Incineroar|Flare Blitz|p2b: Politoed\n|-resisted|p2b: Politoed|1\n|-damage|p2b: Politoed|0 fnt\n|faint|p2b: Politoed\n|-damage|p1b: Incineroar|96/100|[from] Recoil\n|\n|-heal|p2a: Archaludon|81/100|[from] item: Leftovers\n|upkeep\n|\n|t:|1776189874\n|switch|p2b: Scizor|Scizor-Mega, L50, F|97/100\n|switch|p1a: Floette|Floette-Mega, L50, F|100/100\n|-ability|p1a: Floette|Fairy Aura\n|turn|7\n|\n|t:|1776189898\n|move|p1a: Floette|Moonblast|p2a: Archaludon\n|-damage|p2a: Archaludon|9/100\n|-ability|p2a: Archaludon|Stamina|boost\n|-boost|p2a: Archaludon|def|1\n|move|p2a: Archaludon|Dragon Pulse|p1b: Incineroar\n|-damage|p1b: Incineroar|24/100\n|move|p2b: Scizor|Bug Bite|p1b: Incineroar\n|-crit|p1b: Incineroar\n|-damage|p1b: Incineroar|0 fnt\n|-enditem|p1b: Incineroar|Chople Berry|[from] stealeat|[move] Bug Bite|[of] p2b: Scizor\n|faint|p1b: Incineroar\n|\n|-heal|p2a: Archaludon|15/100|[from] item: Leftovers\n|upkeep\n|\n|t:|1776189905\n|switch|p1b: Basculegion|Basculegion, L50, M|70/100\n|turn|8\n|inactive|realcomrade379 has 30 seconds left.\n|\n|t:|1776189934\n|move|p1a: Floette|Protect|p1a: Floette\n|-singleturn|p1a: Floette|Protect\n|move|p2a: Archaludon|Protect|p2a: Archaludon\n|-singleturn|p2a: Archaludon|Protect\n|move|p1b: Basculegion|Last Respects|p2b: Scizor\n|-damage|p2b: Scizor|22/100\n|move|p2b: Scizor|Swords Dance|p2b: Scizor\n|-boost|p2b: Scizor|atk|2\n|\n|-heal|p2a: Archaludon|21/100|[from] item: Leftovers\n|upkeep\n|turn|9\n|\n|t:|1776189944\n|move|p1a: Floette|Protect||[still]\n|-fail|p1a: Floette\n|move|p2b: Scizor|Bullet Punch|p1a: Floette\n|-supereffective|p1a: Floette|1\n|-damage|p1a: Floette|0 fnt\n|faint|p1a: Floette\n|move|p1b: Basculegion|Last Respects|p2b: Scizor\n|-damage|p2b: Scizor|0 fnt\n|faint|p2b: Scizor\n|move|p2a: Archaludon|Dragon Pulse|p1b: Basculegion\n|-damage|p1b: Basculegion|0 fnt\n|faint|p1b: Basculegion\n|\n|win|TTT x\n|l|\u2606realcomrade379\n|player|p1|\n|c|\u2606TTT x|ggs\n|l|\u2606TTT x\n|player|p2|\n|l| xNimxZ\n|j|+skymin<3\n",
  "uploadtime": 1776190694,
  "views": 82,
  "formatid": "gen9championsvgc2026regma",
  "rating": null,
  "private": 0,
  "password": null
}