{
  "id": "gen9championsvgc2026regma-2585805371",
  "format": "[Gen 9 Champions] VGC 2026 Reg M-A",
  "players": [
    "gumballego",
    "1OO Gecquas"
  ],
  "log": "|j|\u2606gumballego\n|j|\u203d1OO Gecquas\n|t:|1776371923\n|gametype|doubles\n|player|p1|gumballego|skier|1044\n|player|p2|1OO Gecquas|dahlia|1016\n|gen|9\n|tier|[Gen 9 Champions] VGC 2026 Reg M-A\n|rated|\n|rule|Species Clause: Limit one of each Pok\u00e9mon\n|rule|Item Clause: Limit 1 of each item\n|clearpoke\n|poke|p1|Gardevoir, L50, M|\n|poke|p1|Arcanine-Hisui, L50, F|\n|poke|p1|Kommo-o, L50, M|\n|poke|p1|Torkoal, L50, F|\n|poke|p1|Vivillon, L50, F|\n|poke|p1|Sneasler, L50, F|\n|poke|p2|Emboar, L50, F|\n|poke|p2|Talonflame, L50, M|\n|poke|p2|Armarouge, L50, M|\n|poke|p2|Incineroar, L50, M|\n|poke|p2|Volcarona, L50, M|\n|poke|p2|Rotom-Heat, L50|\n|teampreview|4\n|c|\u2606gumballego|Are you crazy?\n|c|\u2606gumballego|Wtf\n|inactive|Battle timer is ON: inactive players will automatically lose when time's up. (requested by 1OO Gecquas)\n|\n|t:|1776372073\n|teamsize|p1|4\n|teamsize|p2|4\n|start\n|switch|p1a: free if we want it|Vivillon, L50, F|100/100\n|switch|p1b: zildjian|Kommo-o, L50, M|100/100\n|switch|p2a: Armarouge|Armarouge, L50, M|100/100\n|switch|p2b: Talonflame|Talonflame, L50, M|100/100\n|turn|1\n|inactive|1OO Gecquas has 30 seconds left.\n|inactive|1OO Gecquas has 20 seconds left.\n|inactive|1OO Gecquas has 15 seconds left.\n|\n|t:|1776372117\n|switch|p1b: droppin plates|Arcanine-Hisui, L50, F|100/100\n|-ability|p1b: droppin plates|Intimidate|boost\n|-unboost|p2a: Armarouge|atk|1\n|-unboost|p2b: Talonflame|atk|1\n|move|p1a: free if we want it|Protect|p1a: free if we want it\n|-singleturn|p1a: free if we want it|Protect\n|move|p2b: Talonflame|Tailwind|p2b: Talonflame\n|-sidestart|p2: 1OO Gecquas|move: Tailwind\n|move|p2a: Armarouge|Psychic|p1b: droppin plates\n|-damage|p1b: droppin plates|44/100\n|\n|upkeep\n|turn|2\n|\n|t:|1776372140\n|move|p1b: droppin plates|Protect|p1b: droppin plates\n|-singleturn|p1b: droppin plates|Protect\n|move|p2b: Talonflame|Acrobatics|p1a: free if we want it\n|-supereffective|p1a: free if we want it|1\n|-enditem|p1a: free if we want it|Focus Sash\n|-damage|p1a: free if we want it|1/100\n|move|p2a: Armarouge|Psychic|p1b: droppin plates\n|-activate|p1b: droppin plates|move: Protect\n|move|p1a: free if we want it|Tailwind|p1a: free if we want it\n|-sidestart|p1: gumballego|move: Tailwind\n|\n|upkeep\n|turn|3\n|inactive|gumballego has 30 seconds left.\n|inactive|gumballego has 20 seconds left.\n|inactive|gumballego has 15 seconds left.\n|\n|t:|1776372184\n|switch|p1a: zildjian|Kommo-o, L50, M|100/100\n|move|p2b: Talonflame|Protect|p2b: Talonflame\n|-singleturn|p2b: Talonflame|Protect\n|move|p1b: droppin plates|Rock Slide|p2a: Armarouge|[spread] p2a\n|-activate|p2b: Talonflame|move: Protect\n|-supereffective|p2a: Armarouge|1\n|-damage|p2a: Armarouge|33/100\n|move|p2a: Armarouge|Psychic|p1b: droppin plates\n|-damage|p1b: droppin plates|0 fnt\n|faint|p1b: droppin plates\n|\n|upkeep\n|\n|t:|1776372195\n|switch|p1b: dressdown|Gardevoir, L50, M|100/100\n|turn|4\n|\n|t:|1776372216\n|detailschange|p1b: dressdown|Gardevoir-Mega, L50, M\n|-mega|p1b: dressdown|Gardevoir|Gardevoirite\n|move|p1a: zildjian|Protect|p1a: zildjian\n|-singleturn|p1a: zildjian|Protect\n|move|p2b: Talonflame|Flare Blitz|p1b: dressdown\n|-damage|p1b: dressdown|58/100\n|-damage|p2b: Talonflame|85/100|[from] Recoil\n|move|p1b: dressdown|Hyper Voice|p2b: Talonflame|[spread] p2a,p2b\n|-resisted|p2a: Armarouge|1\n|-resisted|p2b: Talonflame|1\n|-damage|p2a: Armarouge|0 fnt\n|-damage|p2b: Talonflame|42/100\n|faint|p2a: Armarouge\n|\n|-sideend|p2: 1OO Gecquas|move: Tailwind\n|upkeep\n|\n|t:|1776372233\n|switch|p2a: Incineroar|Incineroar, L50, M, shiny|100/100\n|-ability|p2a: Incineroar|Intimidate|boost\n|-unboost|p1a: zildjian|atk|1\n|-unboost|p1b: dressdown|atk|1\n|turn|5\n|inactive|gumballego has 30 seconds left.\n|\n|t:|1776372259\n|move|p1b: dressdown|Protect|p1b: dressdown\n|-singleturn|p1b: dressdown|Protect\n|move|p2a: Incineroar|Fake Out|p1a: zildjian\n|-damage|p1a: zildjian|92/100\n|cant|p1a: zildjian|flinch\n|move|p2b: Talonflame|Acrobatics|p1b: dressdown\n|-activate|p1b: dressdown|move: Protect\n|\n|-heal|p1a: zildjian|98/100|[from] item: Leftovers\n|-sideend|p1: gumballego|move: Tailwind\n|upkeep\n|turn|6\n|inactive|1OO Gecquas has 30 seconds left.\n|\n|t:|1776372284\n|move|p2b: Talonflame|Acrobatics|p1a: zildjian\n|-supereffective|p1a: zildjian|1\n|-damage|p1a: zildjian|61/100\n|move|p1b: dressdown|Hyper Voice|p2b: Talonflame|[spread] p2a,p2b\n|-resisted|p2b: Talonflame|1\n|-damage|p2a: Incineroar|54/100\n|-damage|p2b: Talonflame|0 fnt\n|faint|p2b: Talonflame\n|move|p1a: zildjian|Body Press|p2a: Incineroar\n|-supereffective|p2a: Incineroar|1\n|-damage|p2a: Incineroar|0 fnt\n|faint|p2a: Incineroar\n|\n|-heal|p1a: zildjian|67/100|[from] item: Leftovers\n|upkeep\n|\n|t:|1776372302\n|switch|p2b: Volcarona|Volcarona, L50, M|100/100\n|turn|7\n|inactive|gumballego has 30 seconds left.\n|inactive|gumballego has 20 seconds left.\n|inactive|gumballego has 15 seconds left.\n|\n|t:|1776372347\n|move|p2b: Volcarona|Quiver Dance|p2b: Volcarona\n|-boost|p2b: Volcarona|spa|1\n|-boost|p2b: Volcarona|spd|1\n|-boost|p2b: Volcarona|spe|1\n|move|p1b: dressdown|Hyper Voice|p2b: Volcarona\n|-resisted|p2b: Volcarona|1\n|-crit|p2b: Volcarona\n|-damage|p2b: Volcarona|52/100\n|move|p1a: zildjian|Iron Defense|p1a: zildjian\n|-boost|p1a: zildjian|def|2\n|\n|-heal|p1a: zildjian|73/100|[from] item: Leftovers\n|upkeep\n|turn|8\n|inactive|gumballego has 30 seconds left.\n|inactive|gumballego has 20 seconds left.\n|inactive|gumballego has 15 seconds left.\n|inactive|gumballego has 10 seconds left.\n|inactive|gumballego has 5 seconds left.\n|\n|t:|1776372397\n|move|p2b: Volcarona|Fiery Dance|p1b: dressdown\n|-damage|p1b: dressdown|1/100\n|move|p1b: dressdown|Hyper Voice|p2b: Volcarona\n|-resisted|p2b: Volcarona|1\n|-damage|p2b: Volcarona|27/100\n|move|p1a: zildjian|Body Press|p2b: Volcarona\n|-resisted|p2b: Volcarona|1\n|-damage|p2b: Volcarona|0 fnt\n|faint|p2b: Volcarona\n|\n|win|gumballego\n|raw|gumballego's rating: 1044 &rarr; <strong>1075</strong><br />(+31 for winning)\n|raw|1OO Gecquas's rating: 1016 &rarr; <strong>1005</strong><br />(-11 for losing)\n",
  "uploadtime": 1776372401,
  "views": 18,
  "formatid": "gen9championsvgc2026regma",
  "rating": 1005,
  "private": 0,
  "password": null
}