{
  "id": "gen9championsvgc2026regma-2587264471",
  "format": "[Gen 9 Champions] VGC 2026 Reg M-A",
  "players": [
    "BigTrager",
    "notcheetofingers"
  ],
  "log": "|j|\u2606BigTrager\n|j|\u2606notcheetofingers\n|t:|1776516054\n|gametype|doubles\n|player|p1|BigTrager|169|1098\n|player|p2|notcheetofingers|pokemaniac|1175\n|gen|9\n|tier|[Gen 9 Champions] VGC 2026 Reg M-A\n|rated|\n|rule|Species Clause: Limit one of each Pok\u00e9mon\n|rule|Item Clause: Limit 1 of each item\n|clearpoke\n|poke|p1|Froslass, L50, F|\n|poke|p1|Whimsicott, L50, F|\n|poke|p1|Crabominable, L50, M|\n|poke|p1|Sneasler, L50, F|\n|poke|p1|Farigiraf, L50, F|\n|poke|p1|Basculegion, L50, M|\n|poke|p2|Ampharos, L50, F|\n|poke|p2|Klefki, L50, F|\n|poke|p2|Farigiraf, L50, M|\n|poke|p2|Primarina, L50, M|\n|poke|p2|Incineroar, L50, F|\n|poke|p2|Snorlax, L50, F|\n|teampreview|4\nnotcheetofingers has agreed to open team sheets.\n|\n|t:|1776516118\n|teamsize|p1|4\n|teamsize|p2|4\n|start\n|switch|p1a: Froslass|Froslass, L50, F|100/100\n|switch|p1b: Whimsicott|Whimsicott, L50, F|100/100\n|switch|p2a: Incineroar|Incineroar, L50, F|100/100\n|switch|p2b: Klefki|Klefki, L50, F|100/100\n|-ability|p2a: Incineroar|Intimidate|boost\n|-unboost|p1a: Froslass|atk|1\n|-unboost|p1b: Whimsicott|atk|1\n|turn|1\n|\n|t:|1776516174\n|detailschange|p1a: Froslass|Froslass-Mega, L50, F\n|-mega|p1a: Froslass|Froslass|Froslassite\n|-weather|Snowscape|[from] ability: Snow Warning|[of] p1a: Froslass\n|move|p2a: Incineroar|Fake Out|p1b: Whimsicott\n|-damage|p1b: Whimsicott|88/100\n|cant|p1b: Whimsicott|flinch\n|move|p2b: Klefki|Rain Dance|p2b: Klefki\n|-weather|RainDance\n|move|p1a: Froslass|Aurora Veil||[still]\n|-fail|p1a: Froslass\n|\n|-weather|RainDance|[upkeep]\n|upkeep\n|turn|2\n|\n|t:|1776516197\n|switch|p1a: Basculegion|Basculegion, L50, M|100/100\n|move|p1b: Whimsicott|Tailwind|p1b: Whimsicott\n|-sidestart|p1: BigTrager|move: Tailwind\n|move|p2a: Incineroar|Darkest Lariat|p1a: Basculegion\n|-supereffective|p1a: Basculegion|1\n|-damage|p1a: Basculegion|0 fnt\n|faint|p1a: Basculegion\n|move|p2b: Klefki|Trick Room|p2b: Klefki\n|-fieldstart|move: Trick Room|[of] p2b: Klefki\n|\n|-weather|RainDance|[upkeep]\n|upkeep\n|\n|t:|1776516219\n|switch|p1a: Froslass|Froslass-Mega, L50, F|100/100\n|-weather|Snowscape|[from] ability: Snow Warning|[of] p1a: Froslass\n|turn|3\n|\n|t:|1776516255\n|move|p2b: Klefki|Rain Dance|p2b: Klefki\n|-weather|RainDance\n|move|p1b: Whimsicott|Fake Tears|p2b: Klefki\n|-unboost|p2b: Klefki|spd|2\n|move|p2a: Incineroar|Darkest Lariat|p1a: Froslass\n|-supereffective|p1a: Froslass|1\n|-damage|p1a: Froslass|0 fnt\n|faint|p1a: Froslass\n|\n|-weather|RainDance|[upkeep]\n|upkeep\n|\n|t:|1776516263\n|switch|p1a: Sneasler|Sneasler, L50, F|100/100\n|turn|4\n|\n|t:|1776516303\n|switch|p2b: Snorlax|Snorlax, L50, F|100/100\n|move|p1b: Whimsicott|Tickle|p2a: Incineroar\n|-hint|Since gen 7, Dark is immune to Prankster moves.\n|-immune|p2a: Incineroar\n|move|p2a: Incineroar|Will-O-Wisp|p1a: Sneasler\n|-status|p1a: Sneasler|brn\n|move|p1a: Sneasler|Close Combat|p2a: Incineroar\n|-supereffective|p2a: Incineroar|1\n|-enditem|p2a: Incineroar|Chople Berry|[eat]\n|-enditem|p2a: Incineroar|Chople Berry|[weaken]\n|-damage|p2a: Incineroar|72/100\n|-unboost|p1a: Sneasler|def|1\n|-unboost|p1a: Sneasler|spd|1\n|-enditem|p1a: Sneasler|White Herb\n|-clearnegativeboost|p1a: Sneasler|[silent]\n|\n|-weather|RainDance|[upkeep]\n|-damage|p1a: Sneasler|95/100 brn|[from] brn\n|upkeep\n|turn|5\n|\n|t:|1776516341\n|move|p2b: Snorlax|Curse|p2b: Snorlax\n|-unboost|p2b: Snorlax|spe|1\n|-boost|p2b: Snorlax|atk|1\n|-boost|p2b: Snorlax|def|1\n|move|p2a: Incineroar|Parting Shot|p1b: Whimsicott\n|-unboost|p1b: Whimsicott|atk|1\n|-unboost|p1b: Whimsicott|spa|1\n|\n|t:|1776516347\n|switch|p2a: Primarina|Primarina, L50, M|100/100|[from] Parting Shot\n|move|p1b: Whimsicott|Moonblast|p2a: Primarina\n|-damage|p2a: Primarina|86/100\n|move|p1a: Sneasler|Rock Slide|p2a: Primarina|[spread] p2a,p2b\n|-damage|p2a: Primarina|74/100\n|-damage|p2b: Snorlax|95/100\n|\n|-weather|RainDance|[upkeep]\n|-heal|p2b: Snorlax|100/100|[from] item: Leftovers\n|-damage|p1a: Sneasler|89/100 brn|[from] brn\n|-sideend|p1: BigTrager|move: Tailwind\n|upkeep\n|turn|6\n|\n|t:|1776516369\n|move|p1b: Whimsicott|Tickle|p2b: Snorlax\n|-unboost|p2b: Snorlax|atk|1\n|-unboost|p2b: Snorlax|def|1\n|move|p2b: Snorlax|High Horsepower|p1a: Sneasler\n|-supereffective|p1a: Sneasler|1\n|-damage|p1a: Sneasler|0 fnt\n|faint|p1a: Sneasler\n|move|p2a: Primarina|Hyper Voice|p1b: Whimsicott\n|-resisted|p1b: Whimsicott|1\n|-damage|p1b: Whimsicott|44/100\n|\n|-weather|RainDance|[upkeep]\n|-fieldend|move: Trick Room\n|upkeep\n|turn|7\n|\n|t:|1776516383\n|move|p1b: Whimsicott|Moonblast|p2b: Snorlax\n|-damage|p2b: Snorlax|90/100\n|move|p2a: Primarina|Moonblast|p1b: Whimsicott\n|-damage|p1b: Whimsicott|0 fnt\n|faint|p1b: Whimsicott\n|\n|win|notcheetofingers\n|raw|BigTrager's rating: 1098 &rarr; <strong>1079</strong><br />(-19 for losing)\n|raw|notcheetofingers's rating: 1175 &rarr; <strong>1195</strong><br />(+20 for winning)\n",
  "uploadtime": 1776516390,
  "views": 21,
  "formatid": "gen9championsvgc2026regma",
  "rating": 1079,
  "private": 0,
  "password": null
}