{
  "id": "gen9championsvgc2026regma-2585328931",
  "format": "[Gen 9 Champions] VGC 2026 Reg M-A",
  "players": [
    "porygon-epilepz",
    "chusaco11"
  ],
  "log": "|j|\u2606porygon-epilepz\n|j|\u2606chusaco11\n|t:|1776338325\n|gametype|doubles\n|player|p1|porygon-epilepz|hiker-gen4|1260\n|player|p2|chusaco11|ethan|1328\n|gen|9\n|tier|[Gen 9 Champions] VGC 2026 Reg M-A\n|rated|\n|rule|Species Clause: Limit one of each Pok\u00e9mon\n|rule|Item Clause: Limit 1 of each item\n|clearpoke\n|poke|p1|Floette-Eternal, L50, F|\n|poke|p1|Incineroar, L50, F|\n|poke|p1|Garchomp, L50, F|\n|poke|p1|Aerodactyl, L50, M|\n|poke|p1|Sneasler, L50, M|\n|poke|p1|Basculegion, L50, M|\n|poke|p2|Scovillain, L50, M|\n|poke|p2|Incineroar, L50, F|\n|poke|p2|Farigiraf, L50, F|\n|poke|p2|Gallade, L50, M|\n|poke|p2|Kingambit, L50, M|\n|poke|p2|Pelipper, L50, F|\n|teampreview|4\n|\n|t:|1776338360\n|teamsize|p1|4\n|teamsize|p2|4\n|start\n|switch|p1a: Sneasler|Sneasler, L50, M|100/100\n|switch|p1b: Basculegion|Basculegion, L50, M|100/100\n|switch|p2a: Scovillain|Scovillain, L50, M|100/100\n|switch|p2b: Farigiraf|Farigiraf, L50, F|100/100\n|turn|1\n|\n|t:|1776338384\n|switch|p1b: Aerodactyl|Aerodactyl, L50, M|100/100\n|-ability|p1b: Aerodactyl|Unnerve\n|detailschange|p2a: Scovillain|Scovillain-Mega, L50, M\n|-mega|p2a: Scovillain|Scovillain|Scovillainite\n|move|p2a: Scovillain|Protect|p2a: Scovillain\n|-singleturn|p2a: Scovillain|Protect\n|move|p1a: Sneasler|Dire Claw|p2a: Scovillain\n|-activate|p2a: Scovillain|move: Protect\n|move|p2b: Farigiraf|Trick Room|p2b: Farigiraf\n|-fieldstart|move: Trick Room|[of] p2b: Farigiraf\n|\n|upkeep\n|turn|2\n|\n|t:|1776338406\n|switch|p2a: Incineroar|Incineroar, L50, F, shiny|100/100\n|-ability|p2a: Incineroar|Intimidate|boost\n|-unboost|p1a: Sneasler|atk|1\n|-unboost|p1b: Aerodactyl|atk|1\n|-enditem|p1a: Sneasler|White Herb\n|-clearnegativeboost|p1a: Sneasler|[silent]\n|move|p1a: Sneasler|Protect|p1a: Sneasler\n|-singleturn|p1a: Sneasler|Protect\n|move|p2b: Farigiraf|Psychic|p1a: Sneasler\n|-activate|p1a: Sneasler|move: Protect\n|move|p1b: Aerodactyl|Dual Wingbeat|p2a: Incineroar\n|-damage|p2a: Incineroar|90/100\n|-damage|p2a: Incineroar|79/100\n|-hitcount|p2a: Incineroar|2\n|\n|upkeep\n|turn|3\n|\n|t:|1776338430\n|switch|p1a: Basculegion|Basculegion, L50, M|100/100\n|move|p2a: Incineroar|Fake Out|p1b: Aerodactyl\n|-resisted|p1b: Aerodactyl|1\n|-damage|p1b: Aerodactyl|90/100\n|move|p2b: Farigiraf|Psychic|p1a: Basculegion\n|-damage|p1a: Basculegion|49/100\n|cant|p1b: Aerodactyl|flinch\n|\n|upkeep\n|turn|4\n|\n|t:|1776338451\n|switch|p2a: Kingambit|Kingambit, L50, M|100/100\n|switch|p2b: Scovillain|Scovillain-Mega, L50, M|100/100\n|move|p1b: Aerodactyl|Rock Slide|p2b: Scovillain|[spread] p2a,p2b\n|-resisted|p2a: Kingambit|1\n|-supereffective|p2b: Scovillain|1\n|-damage|p2a: Kingambit|94/100\n|-damage|p2b: Scovillain|69/100\n|-status|p1b: Aerodactyl|brn|[from] ability: Spicy Spray|[of] p2b: Scovillain\n|move|p1a: Basculegion|Wave Crash|p2a: Kingambit\n|-damage|p2a: Kingambit|34/100\n|-damage|p1a: Basculegion|28/100|[from] Recoil\n|\n|-damage|p1b: Aerodactyl|84/100 brn|[from] brn\n|upkeep\n|turn|5\n|\n|t:|1776338474\n|switch|p1a: Floette|Floette-Eternal, L50, F|100/100\n|move|p2b: Scovillain|Protect|p2b: Scovillain\n|-singleturn|p2b: Scovillain|Protect\n|move|p2a: Kingambit|Sucker Punch||[still]\n|-fail|p2a: Kingambit\n|move|p1b: Aerodactyl|Tailwind|p1b: Aerodactyl\n|-sidestart|p1: porygon-epilepz|move: Tailwind\n|\n|-damage|p1b: Aerodactyl|78/100 brn|[from] brn\n|-fieldend|move: Trick Room\n|upkeep\n|turn|6\n|\n|t:|1776338493\n|detailschange|p1a: Floette|Floette-Mega, L50, F\n|-mega|p1a: Floette|Floette|Floettite\n|-ability|p1a: Floette|Fairy Aura\n|move|p2b: Scovillain|Rage Powder|p2b: Scovillain\n|-singleturn|p2b: Scovillain|move: Rage Powder\n|move|p1b: Aerodactyl|Dual Wingbeat|p2b: Scovillain\n|-supereffective|p2b: Scovillain|1\n|-damage|p2b: Scovillain|58/100\n|-supereffective|p2b: Scovillain|1\n|-crit|p2b: Scovillain\n|-damage|p2b: Scovillain|30/100\n|-hitcount|p2b: Scovillain|2\n|move|p1a: Floette|Dazzling Gleam|p2b: Scovillain|[spread] p2a,p2b\n|-resisted|p2b: Scovillain|1\n|-damage|p2a: Kingambit|0 fnt\n|-damage|p2b: Scovillain|7/100\n|-status|p1a: Floette|brn|[from] ability: Spicy Spray|[of] p2b: Scovillain\n|faint|p2a: Kingambit\n|\n|-damage|p1b: Aerodactyl|72/100 brn|[from] brn\n|-damage|p1a: Floette|95/100 brn|[from] brn\n|upkeep\n|\n|t:|1776338511\n|switch|p2a: Farigiraf|Farigiraf, L50, F|100/100\n|turn|7\n|\n|t:|1776338526\n|move|p1b: Aerodactyl|Rock Slide|p2a: Farigiraf|[spread] p2a,p2b\n|-supereffective|p2b: Scovillain|1\n|-damage|p2a: Farigiraf|91/100\n|-damage|p2b: Scovillain|0 fnt\n|faint|p2b: Scovillain\n|move|p1a: Floette|Calm Mind|p1a: Floette\n|-boost|p1a: Floette|spa|1\n|-boost|p1a: Floette|spd|1\n|move|p2a: Farigiraf|Trick Room|p2a: Farigiraf\n|-fieldstart|move: Trick Room|[of] p2a: Farigiraf\n|\n|-damage|p1a: Floette|89/100 brn|[from] brn\n|-damage|p1b: Aerodactyl|67/100 brn|[from] brn\n|upkeep\n|\n|t:|1776338537\n|switch|p2b: Incineroar|Incineroar, L50, F, shiny|79/100\n|-ability|p2b: Incineroar|Intimidate|boost\n|-unboost|p1a: Floette|atk|1\n|-unboost|p1b: Aerodactyl|atk|1\n|turn|8\n|j| 1#MiraidonHater\n|\n|t:|1776338547\n|move|p1a: Floette|Protect|p1a: Floette\n|-singleturn|p1a: Floette|Protect\n|move|p1b: Aerodactyl|Protect|p1b: Aerodactyl\n|-singleturn|p1b: Aerodactyl|Protect\n|move|p2a: Farigiraf|Hyper Voice|p1b: Aerodactyl|[spread] \n|-activate|p1a: Floette|move: Protect\n|-activate|p1b: Aerodactyl|move: Protect\n|move|p2b: Incineroar|Flare Blitz|p1a: Floette\n|-activate|p1a: Floette|move: Protect\n|\n|-damage|p1a: Floette|83/100 brn|[from] brn\n|-damage|p1b: Aerodactyl|61/100 brn|[from] brn\n|-sideend|p1: porygon-epilepz|move: Tailwind\n|upkeep\n|turn|9\n|\n|t:|1776338565\n|switch|p1b: Basculegion|Basculegion, L50, M|28/100\n|move|p2b: Incineroar|Flare Blitz|p1a: Floette\n|-damage|p1a: Floette|4/100 brn\n|-damage|p2b: Incineroar|58/100|[from] Recoil\n|move|p2a: Farigiraf|Hyper Voice|p1b: Basculegion|[spread] p1a\n|-immune|p1b: Basculegion\n|-damage|p1a: Floette|0 fnt\n|faint|p1a: Floette\n|\n|upkeep\n|\n|t:|1776338603\n|switch|p1a: Aerodactyl|Aerodactyl, L50, M|61/100 brn\n|-ability|p1a: Aerodactyl|Unnerve\n|turn|10\n|\n|t:|1776338616\n|move|p2b: Incineroar|Darkest Lariat|p1b: Basculegion\n|-supereffective|p1b: Basculegion|1\n|-damage|p1b: Basculegion|0 fnt\n|faint|p1b: Basculegion\n|move|p2a: Farigiraf|Psychic|p1a: Aerodactyl\n|-damage|p1a: Aerodactyl|3/100 brn\n|move|p1a: Aerodactyl|Rock Slide|p2a: Farigiraf|[spread] p2a,p2b\n|-supereffective|p2b: Incineroar|1\n|-damage|p2a: Farigiraf|77/100\n|-damage|p2b: Incineroar|32/100\n|\n|-damage|p1a: Aerodactyl|0 fnt|[from] brn\n|faint|p1a: Aerodactyl\n|upkeep\n|\n|t:|1776338620\n|switch|p1b: Sneasler|Sneasler, L50, M|100/100\n|turn|11\n|\n|t:|1776338635\n|move|p1b: Sneasler|Protect|p1b: Sneasler\n|-singleturn|p1b: Sneasler|Protect\n|move|p2a: Farigiraf|Psychic|p1b: Sneasler\n|-activate|p1b: Sneasler|move: Protect\n|move|p2b: Incineroar|Flare Blitz|p1b: Sneasler\n|-activate|p1b: Sneasler|move: Protect\n|\n|-fieldend|move: Trick Room\n|upkeep\n|turn|12\n|\n|t:|1776338647\n|move|p1b: Sneasler|Dire Claw|p2a: Farigiraf\n|-damage|p2a: Farigiraf|29/100\n|-enditem|p2a: Farigiraf|Sitrus Berry|[eat]\n|-heal|p2a: Farigiraf|54/100|[from] item: Sitrus Berry\n|move|p2a: Farigiraf|Psychic|p1b: Sneasler\n|-supereffective|p1b: Sneasler|2\n|-damage|p1b: Sneasler|0 fnt\n|faint|p1b: Sneasler\n|\n|win|chusaco11\n|raw|porygon-epilepz's rating: 1260 &rarr; <strong>1240</strong><br />(-20 for losing)\n|raw|chusaco11's rating: 1328 &rarr; <strong>1344</strong><br />(+16 for winning)\n",
  "uploadtime": 1776338327,
  "views": 33,
  "formatid": "gen9championsvgc2026regma",
  "rating": 1240,
  "private": 0,
  "password": null
}