{
  "id": "gen9championsvgc2026regma-2584228148",
  "format": "[Gen 9 Champions] VGC 2026 Reg M-A",
  "players": [
    "Elias Evernhart",
    "noahguyvgc"
  ],
  "log": "|j|\u2606Elias Evernhart\n|j|\u2606noahguyvgc\n|t:|1776240695\n|gametype|doubles\n|player|p1|Elias Evernhart|266|1032\n|player|p2|noahguyvgc|roxie|1103\n|gen|9\n|tier|[Gen 9 Champions] VGC 2026 Reg M-A\n|rated|\n|rule|Species Clause: Limit one of each Pok\u00e9mon\n|rule|Item Clause: Limit 1 of each item\n|clearpoke\n|poke|p1|Drampa, L50, M|\n|poke|p1|Sinistcha, L50|\n|poke|p1|Alakazam, L50, M|\n|poke|p1|Whimsicott, L50, F|\n|poke|p1|Gengar, L50, M|\n|poke|p1|Primarina, L50, F|\n|poke|p2|Gengar, L50, M|\n|poke|p2|Whimsicott, L50, M|\n|poke|p2|Incineroar, L50, M|\n|poke|p2|Kommo-o, L50, F|\n|poke|p2|Heliolisk, L50, F|\n|poke|p2|Basculegion, L50, M|\n|teampreview|4\n|inactive|Battle timer is ON: inactive players will automatically lose when time's up. (requested by noahguyvgc)\n|inactive|noahguyvgc has 60 seconds left.\n|\n|t:|1776240747\n|teamsize|p1|4\n|teamsize|p2|4\n|start\n|switch|p1a: Drampa|Drampa, L50, M|100/100\n|switch|p1b: Alakazam|Alakazam, L50, M|100/100\n|switch|p2a: Whimsicott|Whimsicott, L50, M|100/100\n|switch|p2b: Basculegion|Basculegion, L50, M|100/100\n|turn|1\n|inactive|Elias Evernhart has 30 seconds left.\n|inactive|Elias Evernhart has 20 seconds left.\n|inactive|noahguyvgc has 30 seconds left.\n|inactive|Elias Evernhart has 15 seconds left.\n|inactive|Elias Evernhart has 10 seconds left.\n|\n|t:|1776240802\n|detailschange|p1a: Drampa|Drampa-Mega, L50, M\n|-mega|p1a: Drampa|Drampa|Drampanite\n|move|p2b: Basculegion|Flip Turn|p1b: Alakazam\n|-damage|p1b: Alakazam|7/100\n|-enditem|p1b: Alakazam|Sitrus Berry|[eat]\n|-heal|p1b: Alakazam|32/100|[from] item: Sitrus Berry\n|\n|t:|1776240808\n|switch|p2b: Gengar|Gengar, L50, M|100/100|[from] Flip Turn\n|move|p1b: Alakazam|Speed Swap|p1a: Drampa\n|-activate|p1b: Alakazam|move: Speed Swap|[of] p1a: Drampa\n|move|p1a: Drampa|Dragon Pulse|p2b: Gengar\n|-damage|p2b: Gengar|19/100\n|move|p2a: Whimsicott|Moonblast|p1a: Drampa\n|-supereffective|p1a: Drampa|1\n|-damage|p1a: Drampa|50/100\n|-ability|p1a: Drampa|Berserk|boost\n|-boost|p1a: Drampa|spa|1\n|\n|upkeep\n|turn|2\n|inactive|noahguyvgc has 30 seconds left.\n|\n|t:|1776240838\n|switch|p1b: Sinistcha|Sinistcha, L50|100/100\n|-heal|p1a: Drampa|74/100|[from] ability: Hospitality|[of] p1b: Sinistcha\n|detailschange|p2b: Gengar|Gengar-Mega, L50, M\n|-mega|p2b: Gengar|Gengar|Gengarite\n|move|p2b: Gengar|Protect|p2b: Gengar\n|-singleturn|p2b: Gengar|Protect\n|move|p1a: Drampa|Protect|p1a: Drampa\n|-singleturn|p1a: Drampa|Protect\n|move|p2a: Whimsicott|Moonblast|p1a: Drampa\n|-activate|p1a: Drampa|move: Protect\n|\n|upkeep\n|turn|3\n|inactive|Elias Evernhart has 30 seconds left.\n|inactive|Elias Evernhart has 20 seconds left.\n|\n|t:|1776240876\n|move|p2a: Whimsicott|Encore|p1a: Drampa\n|-start|p1a: Drampa|Encore\n|move|p1a: Drampa|Protect|p1a: Drampa\n|-singleturn|p1a: Drampa|Protect\n|move|p2b: Gengar|Perish Song|p2b: Gengar\n|-start|p1a: Drampa|perish3|[silent]\n|-start|p1b: Sinistcha|perish3|[silent]\n|-start|p2a: Whimsicott|perish3|[silent]\n|-start|p2b: Gengar|perish3|[silent]\n|-fieldactivate|move: Perish Song\n|move|p1b: Sinistcha|Shadow Ball|p2b: Gengar\n|-supereffective|p2b: Gengar|1\n|-damage|p2b: Gengar|0 fnt\n|faint|p2b: Gengar\n|\n|-start|p1a: Drampa|perish3\n|-start|p2a: Whimsicott|perish3\n|-start|p1b: Sinistcha|perish3\n|upkeep\n|\n|t:|1776240893\n|switch|p2b: Basculegion|Basculegion, L50, M|100/100\n|turn|4\n|\n|t:|1776240908\n|switch|p1a: Primarina|Primarina, L50, F|100/100\n|move|p2a: Whimsicott|Tailwind|p2a: Whimsicott\n|-sidestart|p2: noahguyvgc|move: Tailwind\n|move|p2b: Basculegion|Last Respects|p1b: Sinistcha\n|-supereffective|p1b: Sinistcha|1\n|-enditem|p1b: Sinistcha|Focus Sash\n|-damage|p1b: Sinistcha|1/100\n|move|p1b: Sinistcha|Matcha Gotcha|p2b: Basculegion|[spread] p2a,p2b\n|-resisted|p2a: Whimsicott|1\n|-supereffective|p2b: Basculegion|1\n|-damage|p2a: Whimsicott|86/100\n|-heal|p1b: Sinistcha|8/100|[from] drain|[of] p2a: Whimsicott\n|-damage|p2b: Basculegion|30/100\n|-heal|p1b: Sinistcha|47/100|[from] drain|[of] p2b: Basculegion\n|\n|-start|p2a: Whimsicott|perish2\n|-start|p1b: Sinistcha|perish2\n|upkeep\n|turn|5\n|inactive|Elias Evernhart has 30 seconds left.\n|inactive|noahguyvgc has 30 seconds left.\n|\n|t:|1776240941\n|switch|p2b: Kommo-o|Kommo-o, L50, F|100/100\n|switch|p1b: Alakazam|Alakazam, L50, M|32/100\n|move|p2a: Whimsicott|Moonblast|p1b: Alakazam\n|-damage|p1b: Alakazam|0 fnt\n|faint|p1b: Alakazam\n|move|p1a: Primarina|Calm Mind|p1a: Primarina\n|-boost|p1a: Primarina|spa|1\n|-boost|p1a: Primarina|spd|1\n|\n|-start|p2a: Whimsicott|perish1\n|upkeep\n|\n|t:|1776240958\n|switch|p1b: Sinistcha|Sinistcha, L50|47/100\n|turn|6\n|\n|t:|1776240971\n|move|p2a: Whimsicott|Encore|p1a: Primarina\n|-start|p1a: Primarina|Encore\n|move|p2b: Kommo-o|Iron Defense|p2b: Kommo-o\n|-boost|p2b: Kommo-o|def|2\n|move|p1b: Sinistcha|Life Dew||[still]|[spread] p1a,p1b\n|-fail|p1a: Primarina|heal\n|-heal|p1b: Sinistcha|72/100\n|move|p1a: Primarina|Calm Mind|p1a: Primarina\n|-boost|p1a: Primarina|spa|1\n|-boost|p1a: Primarina|spd|1\n|\n|-start|p2a: Whimsicott|perish0\n|faint|p2a: Whimsicott\n|upkeep\n|\n|t:|1776240978\n|switch|p2a: Basculegion|Basculegion, L50, M|30/100\n|turn|7\n|\n|t:|1776240995\n|switch|p1b: Drampa|Drampa-Mega, L50, M|74/100\n|move|p2a: Basculegion|Last Respects|p1b: Drampa\n|-immune|p1b: Drampa\n|move|p2b: Kommo-o|Iron Defense|p2b: Kommo-o\n|-boost|p2b: Kommo-o|def|2\n|move|p1a: Primarina|Calm Mind|p1a: Primarina\n|-boost|p1a: Primarina|spa|1\n|-boost|p1a: Primarina|spd|1\n|\n|-sideend|p2: noahguyvgc|move: Tailwind\n|upkeep\n|turn|8\n|\n|t:|1776241017\n|move|p2a: Basculegion|Last Respects|p1a: Primarina\n|-damage|p1a: Primarina|0 fnt\n|faint|p1a: Primarina\n|move|p2b: Kommo-o|Body Press|p1b: Drampa\n|-supereffective|p1b: Drampa|1\n|-damage|p1b: Drampa|0 fnt\n|faint|p1b: Drampa\n|\n|upkeep\n|\n|t:|1776241024\n|switch|p1b: Sinistcha|Sinistcha, L50|72/100\n|turn|9\n|\n|t:|1776241028\n|move|p2a: Basculegion|Last Respects|p1b: Sinistcha\n|-supereffective|p1b: Sinistcha|1\n|-damage|p1b: Sinistcha|0 fnt\n|faint|p1b: Sinistcha\n|\n|win|noahguyvgc\n|raw|Elias Evernhart's rating: 1032 &rarr; <strong>1020</strong><br />(-12 for losing)\n|raw|noahguyvgc's rating: 1103 &rarr; <strong>1123</strong><br />(+20 for winning)\n|l|\u2606Elias Evernhart\n|player|p1|\n",
  "uploadtime": 1776241034,
  "views": 21,
  "formatid": "gen9championsvgc2026regma",
  "rating": 1020,
  "private": 0,
  "password": null
}