{
  "id": "gen9championsvgc2026regma-2580568237",
  "format": "[Gen 9 Champions] VGC 2026 Reg M-A",
  "players": [
    "25th_mang",
    "RobMummi"
  ],
  "log": "|j|\u260625th_mang\n|j|\u2606RobMummi\n|t:|1775913751\n|gametype|doubles\n|player|p1|25th_mang|ballguy|1068\n|player|p2|RobMummi|265|1000\n|gen|9\n|tier|[Gen 9 Champions] VGC 2026 Reg M-A\n|rated|\n|rule|Species Clause: Limit one of each Pok\u00e9mon\n|rule|Item Clause: Limit 1 of each item\n|clearpoke\n|poke|p1|Crabominable, L50, F|\n|poke|p1|Farigiraf, L50, M|\n|poke|p1|Incineroar, L50, F|\n|poke|p1|Archaludon, L50, F|\n|poke|p1|Pelipper, L50, M|\n|poke|p1|Sinistcha, L50|\n|poke|p2|Mimikyu, L50, M|\n|poke|p2|Torkoal, L50, F|\n|poke|p2|Incineroar, L50, F|\n|poke|p2|Oranguru, L50, M|\n|poke|p2|Farigiraf, L50, F|\n|poke|p2|Kangaskhan, L50, F|\n|teampreview|4\n|inactive|Battle timer is ON: inactive players will automatically lose when time's up. (requested by 25th_mang)\n|inactive|25th_mang has 60 seconds left.\n|inactive|RobMummi has 60 seconds left.\n|inactive|RobMummi has 30 seconds left.\n|inactive|RobMummi has 20 seconds left.\n|\n|t:|1775913824\n|teamsize|p1|4\n|teamsize|p2|4\n|start\n|switch|p1a: Hockey Reference|Crabominable, L50, F|100/100\n|switch|p1b: Roar|Incineroar, L50, F|100/100\n|switch|p2a: Oranguru|Oranguru, L50, M|100/100\n|switch|p2b: Incineroar|Incineroar, L50, F|100/100\n|-ability|p1b: Roar|Intimidate|boost\n|-fail|p2a: Oranguru|unboost|Attack|[from] ability: Inner Focus|[of] p2a: Oranguru\n|-unboost|p2b: Incineroar|atk|1\n|turn|1\n|inactive|25th_mang has 30 seconds left.\n|inactive|25th_mang has 20 seconds left.\n|\n|t:|1775913862\n|move|p2a: Oranguru|Protect|p2a: Oranguru\n|-singleturn|p2a: Oranguru|Protect\n|move|p1b: Roar|Fake Out|p2b: Incineroar\n|-damage|p2b: Incineroar|88/100\n|cant|p2b: Incineroar|flinch\n|move|p1a: Hockey Reference|Ice Hammer|p2a: Oranguru\n|-activate|p2a: Oranguru|move: Protect\n|\n|upkeep\n|turn|2\n|\n|t:|1775913881\n|switch|p1b: Stup!b|Pelipper, L50, M|100/100\n|-weather|RainDance|[from] ability: Drizzle|[of] p1b: Stup!b\n|move|p2b: Incineroar|Parting Shot|p1a: Hockey Reference\n|-fail|p1a: Hockey Reference|unboost|Attack|[from] ability: Hyper Cutter|[of] p1a: Hockey Reference\n|-unboost|p1a: Hockey Reference|spa|1\n|\n|t:|1775913890\n|switch|p2b: Torkoal|Torkoal, L50, F|100/100|[from] Parting Shot\n|-weather|SunnyDay|[from] ability: Drought|[of] p2b: Torkoal\n|move|p1a: Hockey Reference|Drain Punch|p2b: Torkoal\n|-damage|p2b: Torkoal|69/100\n|move|p2a: Oranguru|Trick Room|p2a: Oranguru\n|-fieldstart|move: Trick Room|[of] p2a: Oranguru\n|\n|-weather|SunnyDay|[upkeep]\n|upkeep\n|turn|3\n|inactive|25th_mang has 30 seconds left.\n|inactive|25th_mang has 20 seconds left.\n|\n|t:|1775913926\n|move|p2b: Torkoal|Protect|p2b: Torkoal\n|-singleturn|p2b: Torkoal|Protect\n|move|p1b: Stup!b|Wide Guard|p1b: Stup!b\n|-singleturn|p1b: Stup!b|Wide Guard\n|move|p1a: Hockey Reference|Ice Hammer|p2a: Oranguru\n|-damage|p2a: Oranguru|39/100\n|-unboost|p1a: Hockey Reference|spe|1\n|move|p2a: Oranguru|Foul Play|p1b: Stup!b\n|-damage|p1b: Stup!b|89/100\n|\n|-weather|SunnyDay|[upkeep]\n|upkeep\n|turn|4\n|\n|t:|1775913944\n|switch|p1b: Roar|Incineroar, L50, F|100/100\n|-ability|p1b: Roar|Intimidate|boost\n|-fail|p2a: Oranguru|unboost|Attack|[from] ability: Inner Focus|[of] p2a: Oranguru\n|-unboost|p2b: Torkoal|atk|1\n|move|p1a: Hockey Reference|Protect|p1a: Hockey Reference\n|-singleturn|p1a: Hockey Reference|Protect\n|move|p2b: Torkoal|Eruption|p1a: Hockey Reference|[spread] p1b\n|-activate|p1a: Hockey Reference|move: Protect\n|-resisted|p1b: Roar|1\n|-damage|p1b: Roar|76/100\n|move|p2a: Oranguru|Instruct|p2b: Torkoal\n|-singleturn|p2b: Torkoal|move: Instruct|[of] p2a: Oranguru\n|move|p2b: Torkoal|Eruption|p1a: Hockey Reference|[spread] p1b\n|-activate|p1a: Hockey Reference|move: Protect\n|-resisted|p1b: Roar|1\n|-damage|p1b: Roar|50/100\n|\n|-weather|SunnyDay|[upkeep]\n|upkeep\n|turn|5\n|\n|t:|1775913969\n|switch|p1b: Stup!b|Pelipper, L50, M|89/100\n|-weather|RainDance|[from] ability: Drizzle|[of] p1b: Stup!b\n|detailschange|p1a: Hockey Reference|Crabominable-Mega, L50, F\n|-mega|p1a: Hockey Reference|Crabominable|Crabominite\n|move|p1a: Hockey Reference|Drain Punch|p2b: Torkoal\n|-damage|p2b: Torkoal|23/100\n|move|p2b: Torkoal|Eruption|p1b: Stup!b|[spread] p1a,p1b\n|-supereffective|p1a: Hockey Reference|1\n|-resisted|p1b: Stup!b|1\n|-damage|p1a: Hockey Reference|91/100\n|-damage|p1b: Stup!b|85/100\n|move|p2a: Oranguru|Instruct|p2b: Torkoal\n|-singleturn|p2b: Torkoal|move: Instruct|[of] p2a: Oranguru\n|move|p2b: Torkoal|Eruption|p1b: Stup!b|[spread] p1a,p1b\n|-supereffective|p1a: Hockey Reference|1\n|-resisted|p1b: Stup!b|1\n|-damage|p1a: Hockey Reference|81/100\n|-damage|p1b: Stup!b|81/100\n|\n|-weather|RainDance|[upkeep]\n|upkeep\n|turn|6\n|inactive|RobMummi has 30 seconds left.\n|inactive|RobMummi has 20 seconds left.\n|inactive|RobMummi has 15 seconds left.\n|inactive|RobMummi has 10 seconds left.\n|inactive|RobMummi has 5 seconds left.\n|\n|t:|1775914024\n|move|p1a: Hockey Reference|Drain Punch|p2b: Torkoal\n|-damage|p2b: Torkoal|0 fnt\n|-heal|p1a: Hockey Reference|91/100|[from] drain|[of] p2b: Torkoal\n|faint|p2b: Torkoal\n|move|p1b: Stup!b|Weather Ball|p2a: Oranguru\n|-damage|p2a: Oranguru|0 fnt\n|faint|p2a: Oranguru\n|\n|-weather|RainDance|[upkeep]\n|-fieldend|move: Trick Room\n|upkeep\n|-message|RobMummi forfeited.\n|\n|win|25th_mang\n|raw|25th_mang's rating: 1068 &rarr; <strong>1092</strong><br />(+24 for winning)\n|raw|RobMummi's rating: 1000 &rarr; <strong>1000</strong><br />(+0 for losing)\n|l|\u2606RobMummi\n|player|p2|\n",
  "uploadtime": 1775914073,
  "views": 13,
  "formatid": "gen9championsvgc2026regma",
  "rating": 1000,
  "private": 0,
  "password": null
}