{
  "id": "gen9championsvgc2026regma-2580800760",
  "format": "[Gen 9 Champions] VGC 2026 Reg M-A",
  "players": [
    "Terminnathan",
    "SamuraiNinja852"
  ],
  "log": "|j|\u203dTerminnathan\n|j|\u2606SamuraiNinja852\n|t:|1775933547\n|gametype|doubles\n|player|p1|Terminnathan|nate|1012\n|player|p2|SamuraiNinja852|170|1000\n|gen|9\n|tier|[Gen 9 Champions] VGC 2026 Reg M-A\n|rated|\n|rule|Species Clause: Limit one of each Pok\u00e9mon\n|rule|Item Clause: Limit 1 of each item\n|clearpoke\n|poke|p1|Camerupt, L50, M|\n|poke|p1|Farigiraf, L50, F|\n|poke|p1|Torkoal, L50, F|\n|poke|p1|Incineroar, L50, F|\n|poke|p1|Primarina, L50, F|\n|poke|p1|Crabominable, L50, F|\n|poke|p2|Aegislash, L50, M|\n|poke|p2|Talonflame, L50, M|\n|poke|p2|Kangaskhan, L50, F|\n|poke|p2|Altaria, L50, M|\n|poke|p2|Sneasler, L50, F|\n|poke|p2|Glimmora, L50, F|\n|teampreview|4\n|inactive|Battle timer is ON: inactive players will automatically lose when time's up. (requested by Terminnathan)\n|\n|t:|1775933578\n|teamsize|p1|4\n|teamsize|p2|4\n|start\n|switch|p1a: Farigiraf|Farigiraf, L50, F|100/100\n|switch|p1b: Incineroar|Incineroar, L50, F|100/100\n|switch|p2a: Aegislash|Aegislash, L50, M, shiny|100/100\n|switch|p2b: Kangaskhan|Kangaskhan, L50, F, shiny|100/100\n|-ability|p1b: Incineroar|Intimidate|boost\n|-unboost|p2a: Aegislash|atk|1\n|-fail|p2b: Kangaskhan|unboost|Attack|[from] ability: Inner Focus|[of] p2b: Kangaskhan\n|turn|1\n|\n|t:|1775933598\n|move|p2a: Aegislash|King's Shield|p2a: Aegislash\n|-singleturn|p2a: Aegislash|Protect\n|move|p2b: Kangaskhan|Fake Out||[still]\n|cant|p1a: Farigiraf|ability: Armor Tail|Fake Out|[of] p2b: Kangaskhan\n|move|p1b: Incineroar|Flare Blitz|p2a: Aegislash\n|-activate|p2a: Aegislash|move: Protect\n|-unboost|p1b: Incineroar|atk|1\n|move|p1a: Farigiraf|Trick Room|p1a: Farigiraf\n|-fieldstart|move: Trick Room|[of] p1a: Farigiraf\n|\n|upkeep\n|turn|2\n|inactive|SamuraiNinja852 has 30 seconds left.\n|inactive|Terminnathan has 30 seconds left.\n|\n|t:|1775933635\n|switch|p2a: Glimmora|Glimmora, L50, F, shiny|100/100\n|detailschange|p2b: Kangaskhan|Kangaskhan-Mega, L50, F, shiny\n|-mega|p2b: Kangaskhan|Kangaskhan|Kangaskhanite\n|move|p1a: Farigiraf|Protect|p1a: Farigiraf\n|-singleturn|p1a: Farigiraf|Protect\n|move|p1b: Incineroar|Parting Shot|p2b: Kangaskhan\n|-unboost|p2b: Kangaskhan|atk|1\n|-unboost|p2b: Kangaskhan|spa|1\n|\n|t:|1775933647\n|switch|p1b: Torkoal|Torkoal, L50, F|100/100|[from] Parting Shot\n|-weather|SunnyDay|[from] ability: Drought|[of] p1b: Torkoal\n|move|p2b: Kangaskhan|Drain Punch|p1b: Torkoal\n|-damage|p1b: Torkoal|86/100\n|-damage|p1b: Torkoal|83/100\n|-hitcount|p1b: Torkoal|2\n|\n|-weather|SunnyDay|[upkeep]\n|upkeep\n|turn|3\n|\n|t:|1775933663\n|switch|p2b: Altaria|Altaria, L50, M, shiny|100/100\n|-ability|p2b: Altaria|Cloud Nine\n|move|p1b: Torkoal|Eruption|p2b: Altaria|[spread] p2a,p2b\n|-resisted|p2a: Glimmora|1\n|-resisted|p2b: Altaria|1\n|-damage|p2a: Glimmora|70/100\n|-damage|p2b: Altaria|81/100\n|move|p1a: Farigiraf|Hyper Voice|p2a: Glimmora|[spread] p2a,p2b\n|-resisted|p2a: Glimmora|1\n|-crit|p2a: Glimmora\n|-damage|p2a: Glimmora|33/100\n|-damage|p2b: Altaria|47/100\n|move|p2a: Glimmora|Toxic|p1b: Torkoal\n|-status|p1b: Torkoal|tox\n|\n|-weather|SunnyDay|[upkeep]\n|-heal|p2b: Altaria|53/100|[from] item: Leftovers\n|-damage|p1b: Torkoal|77/100 tox|[from] psn\n|upkeep\n|turn|4\n|inactive|SamuraiNinja852 has 30 seconds left.\n|\n|t:|1775933690\n|switch|p1b: Incineroar|Incineroar, L50, F|100/100\n|-ability|p1b: Incineroar|Intimidate|boost\n|-unboost|p2a: Glimmora|atk|1\n|-unboost|p2b: Altaria|atk|1\n|move|p2a: Glimmora|Protect|p2a: Glimmora\n|-singleturn|p2a: Glimmora|Protect\n|move|p1a: Farigiraf|Hyper Voice|p2a: Glimmora|[spread] p2b\n|-activate|p2a: Glimmora|move: Protect\n|-damage|p2b: Altaria|18/100\n|move|p2b: Altaria|Will-O-Wisp|p1a: Farigiraf\n|-status|p1a: Farigiraf|brn\n|\n|-weather|SunnyDay|[upkeep]\n|-heal|p2b: Altaria|24/100|[from] item: Leftovers\n|-damage|p1a: Farigiraf|94/100 brn|[from] brn\n|upkeep\n|turn|5\n|inactive|SamuraiNinja852 has 30 seconds left.\n|\n|t:|1775933720\n|switch|p2a: Kangaskhan|Kangaskhan-Mega, L50, F, shiny|100/100\n|move|p1a: Farigiraf|Protect|p1a: Farigiraf\n|-singleturn|p1a: Farigiraf|Protect\n|move|p2b: Altaria|Protect|p2b: Altaria\n|-singleturn|p2b: Altaria|Protect\n|move|p1b: Incineroar|Fake Out|p2a: Kangaskhan\n|-damage|p2a: Kangaskhan|91/100\n|\n|-weather|SunnyDay|[upkeep]\n|-heal|p2b: Altaria|30/100|[from] item: Leftovers\n|-damage|p1a: Farigiraf|88/100 brn|[from] brn\n|-fieldend|move: Trick Room\n|upkeep\n|turn|6\n|inactive|SamuraiNinja852 has 30 seconds left.\n|\n|t:|1775933749\n|move|p2a: Kangaskhan|Drain Punch|p1a: Farigiraf\n|-damage|p1a: Farigiraf|63/100 brn\n|-heal|p2a: Kangaskhan|100/100|[from] drain|[of] p1a: Farigiraf\n|-damage|p1a: Farigiraf|56/100 brn\n|-hitcount|p1a: Farigiraf|2\n|move|p2b: Altaria|Draco Meteor|p1a: Farigiraf\n|-damage|p1a: Farigiraf|17/100 brn\n|-unboost|p2b: Altaria|spa|2\n|move|p1b: Incineroar|Parting Shot|p2a: Kangaskhan\n|-unboost|p2a: Kangaskhan|atk|1\n|-unboost|p2a: Kangaskhan|spa|1\n|\n|t:|1775933761\n|switch|p1b: Camerupt|Camerupt, L50, M|100/100|[from] Parting Shot\n|move|p1a: Farigiraf|Trick Room|p1a: Farigiraf\n|-fieldstart|move: Trick Room|[of] p1a: Farigiraf\n|\n|-weather|none\n|-heal|p2b: Altaria|36/100|[from] item: Leftovers\n|-damage|p1a: Farigiraf|11/100 brn|[from] brn\n|upkeep\n|turn|7\n|\n|t:|1775933774\n|switch|p1a: Torkoal|Torkoal, L50, F|77/100 tox\n|-weather|SunnyDay|[from] ability: Drought|[of] p1a: Torkoal\n|switch|p2b: Aegislash|Aegislash, L50, M, shiny|100/100\n|detailschange|p1b: Camerupt|Camerupt-Mega, L50, M\n|-mega|p1b: Camerupt|Camerupt|Cameruptite\n|move|p2a: Kangaskhan|Protect|p2a: Kangaskhan\n|-singleturn|p2a: Kangaskhan|Protect\n|move|p1b: Camerupt|Eruption|p2b: Aegislash|[spread] p2b\n|-activate|p2a: Kangaskhan|move: Protect\n|-supereffective|p2b: Aegislash|1\n|-damage|p2b: Aegislash|0 fnt\n|faint|p2b: Aegislash\n|\n|-weather|SunnyDay|[upkeep]\n|-damage|p1a: Torkoal|72/100 tox|[from] psn\n|upkeep\n|\n|t:|1775933789\n|switch|p2b: Altaria|Altaria, L50, M, shiny|36/100\n|-ability|p2b: Altaria|Cloud Nine\n|turn|8\n|\n|t:|1775933804\n|move|p2b: Altaria|Protect|p2b: Altaria\n|-singleturn|p2b: Altaria|Protect\n|move|p1b: Camerupt|Eruption|p2a: Kangaskhan|[spread] p2a\n|-activate|p2b: Altaria|move: Protect\n|-damage|p2a: Kangaskhan|26/100\n|move|p1a: Torkoal|Eruption|p2a: Kangaskhan|[spread] p2a\n|-activate|p2b: Altaria|move: Protect\n|-damage|p2a: Kangaskhan|0 fnt\n|faint|p2a: Kangaskhan\n|\n|-weather|SunnyDay|[upkeep]\n|-heal|p2b: Altaria|42/100|[from] item: Leftovers\n|-damage|p1a: Torkoal|60/100 tox|[from] psn\n|upkeep\n|\n|t:|1775933818\n|switch|p2a: Glimmora|Glimmora, L50, F, shiny|33/100\n|turn|9\n|\n|t:|1775933831\n|move|p2a: Glimmora|Protect|p2a: Glimmora\n|-singleturn|p2a: Glimmora|Protect\n|move|p1b: Camerupt|Eruption|p2b: Altaria|[spread] p2b\n|-activate|p2a: Glimmora|move: Protect\n|-resisted|p2b: Altaria|1\n|-damage|p2b: Altaria|14/100\n|move|p1a: Torkoal|Eruption|p2b: Altaria|[spread] p2b\n|-activate|p2a: Glimmora|move: Protect\n|-resisted|p2b: Altaria|1\n|-damage|p2b: Altaria|0 fnt\n|faint|p2b: Altaria\n|\n|-weather|SunnyDay|[upkeep]\n|-damage|p1a: Torkoal|42/100 tox|[from] psn\n|upkeep\n|turn|10\n|\n|t:|1775933850\n|move|p1b: Camerupt|Eruption|p2a: Glimmora\n|-resisted|p2a: Glimmora|1\n|-crit|p2a: Glimmora\n|-damage|p2a: Glimmora|0 fnt\n|faint|p2a: Glimmora\n|\n|win|Terminnathan\n|raw|Terminnathan's rating: 1012 &rarr; <strong>1049</strong><br />(+37 for winning)\n|raw|SamuraiNinja852's rating: 1000 &rarr; <strong>1000</strong><br />(+0 for losing)\n|l|\u2606SamuraiNinja852\n|player|p2|\n",
  "uploadtime": 1775933858,
  "views": 26,
  "formatid": "gen9championsvgc2026regma",
  "rating": 1000,
  "private": 0,
  "password": null
}