{
  "id": "gen9championsvgc2026regma-2586614902",
  "format": "[Gen 9 Champions] VGC 2026 Reg M-A",
  "players": [
    "Thatboydin",
    "Ardizone"
  ],
  "log": "|j|\u2606Thatboydin\n|j|\u2606Ardizone\n|t:|1776446918\n|gametype|doubles\n|player|p1|Thatboydin|aromalady|1089\n|player|p2|Ardizone|gambler|1081\n|gen|9\n|tier|[Gen 9 Champions] VGC 2026 Reg M-A\n|rated|\n|rule|Species Clause: Limit one of each Pok\u00e9mon\n|rule|Item Clause: Limit 1 of each item\n|clearpoke\n|poke|p1|Archaludon, L50, F|\n|poke|p1|Zoroark-Hisui, L50, M|\n|poke|p1|Crabominable, L50, F|\n|poke|p1|Farigiraf, L50, F|\n|poke|p1|Scovillain, L50, M|\n|poke|p1|Incineroar, L50, M|\n|poke|p2|Typhlosion, L50, M|\n|poke|p2|Gardevoir, L50, F|\n|poke|p2|Garchomp, L50, M|\n|poke|p2|Charizard, L50, F|\n|poke|p2|Aerodactyl, L50, F|\n|poke|p2|Gyarados, L50, M|\n|teampreview|4\n|inactive|Battle timer is ON: inactive players will automatically lose when time's up. (requested by Ardizone)\nArdizone has agreed to open team sheets.\n|\n|t:|1776446963\n|teamsize|p1|4\n|teamsize|p2|4\n|start\n|switch|p1a: HIMcineroar|Incineroar, L50, M|100/100\n|switch|p1b: AMC Theaters|Archaludon, L50, F|100/100\n|switch|p2a: Charizard|Charizard, L50, F, shiny|100/100\n|switch|p2b: Aerodactyl|Aerodactyl, L50, F|100/100\n|-ability|p1a: HIMcineroar|Intimidate|boost\n|-unboost|p2a: Charizard|atk|1\n|-unboost|p2b: Aerodactyl|atk|1\n|turn|1\n|inactive|Thatboydin has 30 seconds left.\n|inactive|Ardizone has 30 seconds left.\n|inactive|Ardizone has 20 seconds left.\n|\n|t:|1776447004\n|detailschange|p2a: Charizard|Charizard-Mega-Y, L50, F, shiny\n|-mega|p2a: Charizard|Charizard|Charizardite Y\n|-weather|SunnyDay|[from] ability: Drought|[of] p2a: Charizard\n|move|p1a: HIMcineroar|Fake Out|p2b: Aerodactyl\n|-resisted|p2b: Aerodactyl|1\n|-damage|p2b: Aerodactyl|91/100\n|cant|p2b: Aerodactyl|flinch\n|move|p2a: Charizard|Weather Ball|p1b: AMC Theaters\n|-damage|p1b: AMC Theaters|16/100\n|-ability|p1b: AMC Theaters|Stamina|boost\n|-boost|p1b: AMC Theaters|def|1\n|move|p1b: AMC Theaters|Thunderbolt|p2a: Charizard\n|-supereffective|p2a: Charizard|1\n|-damage|p2a: Charizard|50/100\n|\n|-weather|SunnyDay|[upkeep]\n|-heal|p1b: AMC Theaters|22/100|[from] item: Leftovers\n|upkeep\n|turn|2\n|inactive|Thatboydin has 30 seconds left.\n|inactive|Ardizone has 30 seconds left.\n|inactive|Thatboydin has 20 seconds left.\n|inactive|Thatboydin has 15 seconds left.\n|inactive|Ardizone has 20 seconds left.\n|inactive|Thatboydin has 10 seconds left.\n|inactive|Ardizone has 15 seconds left.\n|inactive|Ardizone has 10 seconds left.\n|inactive|Thatboydin has 5 seconds left.\n|inactive|Ardizone has 5 seconds left.\n|\n|t:|1776447071\n|move|p1b: AMC Theaters|Protect|p1b: AMC Theaters\n|-singleturn|p1b: AMC Theaters|Protect\n|move|p1a: HIMcineroar|Fake Out||[still]\n|-hint|Fake Out only works on your first turn out.\n|-fail|p1a: HIMcineroar\n|move|p2b: Aerodactyl|Tailwind|p2b: Aerodactyl\n|-sidestart|p2: Ardizone|move: Tailwind\n|move|p2a: Charizard|Scorching Sands|p1a: HIMcineroar\n|-supereffective|p1a: HIMcineroar|1\n|-damage|p1a: HIMcineroar|57/100\n|\n|-weather|SunnyDay|[upkeep]\n|-heal|p1b: AMC Theaters|28/100|[from] item: Leftovers\n|upkeep\n|turn|3\n|inactive|Thatboydin has 30 seconds left.\n|inactive|Ardizone has 30 seconds left.\n|inactive|Thatboydin has 20 seconds left.\n|inactive|Thatboydin has 15 seconds left.\n|\n|t:|1776447114\n|move|p2b: Aerodactyl|Dual Wingbeat|p1a: HIMcineroar\n|-damage|p1a: HIMcineroar|46/100\n|-damage|p1a: HIMcineroar|35/100\n|-hitcount|p1a: HIMcineroar|2\n|move|p2a: Charizard|Weather Ball|p1b: AMC Theaters\n|-damage|p1b: AMC Theaters|0 fnt\n|faint|p1b: AMC Theaters\n|move|p1a: HIMcineroar|Parting Shot|p2a: Charizard\n|-unboost|p2a: Charizard|atk|1\n|-unboost|p2a: Charizard|spa|1\n|\n|t:|1776447120\n|switch|p1a: Eugene Krabs|Crabominable, L50, F, shiny|100/100|[from] Parting Shot\n|\n|-weather|SunnyDay|[upkeep]\n|upkeep\n|\n|t:|1776447122\n|switch|p1b: Eugene Krabs|Crabominable, L50, F, shiny|100/100\n|turn|4\n|\n|t:|1776447142\n|switch|p2a: Gyarados|Gyarados, L50, M, shiny|100/100\n|-ability|p2a: Gyarados|Intimidate|boost\n|-unboost|p1a: Eugene Krabs|atk|1\n|-fail|p1b: Eugene Krabs|unboost|Attack|[from] ability: Hyper Cutter|[of] p1b: Eugene Krabs\n|switch|p1a: HIMcineroar|Incineroar, L50, M|35/100\n|-ability|p1a: HIMcineroar|Intimidate|boost\n|-unboost|p2a: Gyarados|atk|1\n|-unboost|p2b: Aerodactyl|atk|1\n|detailschange|p1b: Eugene Krabs|Crabominable-Mega, L50, F, shiny\n|-mega|p1b: Eugene Krabs|Crabominable|Crabominite\n|move|p2b: Aerodactyl|Protect|p2b: Aerodactyl\n|-singleturn|p2b: Aerodactyl|Protect\n|move|p1b: Eugene Krabs|Mach Punch|p2b: Aerodactyl\n|-activate|p2b: Aerodactyl|move: Protect\n|\n|-weather|SunnyDay|[upkeep]\n|upkeep\n|turn|5\n|inactive|Thatboydin has 30 seconds left.\n|inactive|Ardizone has 30 seconds left.\n|inactive|Thatboydin has 20 seconds left.\n|inactive|Thatboydin has 15 seconds left.\n|inactive|Thatboydin has 10 seconds left.\n|inactive|Thatboydin has 5 seconds left.\n|\n|t:|1776447195\n|move|p1a: HIMcineroar|Fake Out|p2a: Gyarados\n|-damage|p2a: Gyarados|84/100\n|move|p2b: Aerodactyl|Stone Edge|p1a: HIMcineroar\n|-supereffective|p1a: HIMcineroar|1\n|-damage|p1a: HIMcineroar|0 fnt\n|faint|p1a: HIMcineroar\n|cant|p2a: Gyarados|flinch\n|move|p1b: Eugene Krabs|Ice Hammer|p2b: Aerodactyl\n|-supereffective|p2b: Aerodactyl|1\n|-damage|p2b: Aerodactyl|0 fnt\n|-unboost|p1b: Eugene Krabs|spe|1\n|faint|p2b: Aerodactyl\n|\n|-weather|none\n|-heal|p2a: Gyarados|90/100|[from] item: Leftovers\n|-sideend|p2: Ardizone|move: Tailwind\n|upkeep\n|\n|t:|1776447211\n|switch|p2b: Charizard|Charizard-Mega-Y, L50, F, shiny|50/100\n|switch|p1a: Eugene Krabs|Crabominable-Mega, L50, F, shiny|100/100\n|-weather|SunnyDay|[from] ability: Drought|[of] p2b: Charizard\n|turn|6\n|\n|t:|1776447232\n|move|p1a: Eugene Krabs|Sludge Bomb|p2b: Charizard\n|-damage|p2b: Charizard|17/100\n|move|p2b: Charizard|Weather Ball|p1b: Eugene Krabs\n|-supereffective|p1b: Eugene Krabs|1\n|-damage|p1b: Eugene Krabs|0 fnt\n|faint|p1b: Eugene Krabs\n|move|p2a: Gyarados|Thunder Wave|p1a: Eugene Krabs\n|-status|p1a: Eugene Krabs|par\n|\n|-weather|SunnyDay|[upkeep]\n|-heal|p2a: Gyarados|96/100|[from] item: Leftovers\n|upkeep\n|turn|7\n|\n|t:|1776447249\n|move|p2b: Charizard|Weather Ball|p1a: Eugene Krabs\n|-damage|p1a: Eugene Krabs|0 fnt\n|replace|p1a: Zydrunas|Zoroark-Hisui, L50, M, shiny\n|-end|p1a: Zydrunas|Illusion\n|faint|p1a: Zydrunas\n|\n|win|Ardizone\n|raw|Thatboydin's rating: 1089 &rarr; <strong>1065</strong><br />(-24 for losing)\n|raw|Ardizone's rating: 1081 &rarr; <strong>1109</strong><br />(+28 for winning)\n",
  "uploadtime": 1776447265,
  "views": 29,
  "formatid": "gen9championsvgc2026regma",
  "rating": 1065,
  "private": 0,
  "password": null
}