{
  "id": "gen9championsvgc2026regma-2587742643",
  "format": "[Gen 9 Champions] VGC 2026 Reg M-A",
  "players": [
    "ReDr0ught",
    "Alfredope"
  ],
  "log": "|j|\u2606ReDr0ught\n|j|\u2606Alfredope\n|t:|1776559473\n|gametype|doubles\n|player|p1|ReDr0ught|nate|1000\n|player|p2|Alfredope|n|1088\n|gen|9\n|tier|[Gen 9 Champions] VGC 2026 Reg M-A\n|rated|\n|rule|Species Clause: Limit one of each Pok\u00e9mon\n|rule|Item Clause: Limit 1 of each item\n|clearpoke\n|poke|p1|Ariados, L50, M|\n|poke|p1|Farigiraf, L50, M|\n|poke|p1|Slowking, L50, F|\n|poke|p1|Crabominable, L50, F|\n|poke|p1|Castform, L50, F|\n|poke|p1|Watchog, L50, F|\n|poke|p2|Crabominable, L50, F, shiny|\n|poke|p2|Mr. Rime, L50, M, shiny|\n|poke|p2|Sinistcha-Masterpiece, L50|\n|poke|p2|Primarina, L50, M|\n|poke|p2|Incineroar, L50, M, shiny|\n|poke|p2|Rhyperior, L50, M|\n|teampreview|4\n|\n|t:|1776559495\n|teamsize|p1|4\n|teamsize|p2|4\n|start\n|switch|p1a: Ariados|Ariados, L50, M|100/100\n|switch|p1b: Slowking|Slowking, L50, F|100/100\n|switch|p2a: Crabominable|Crabominable, L50, F, shiny|100/100\n|switch|p2b: Mr. Rime|Mr. Rime, L50, M, shiny|100/100\n|turn|1\n|\n|t:|1776559538\n|move|p1a: Ariados|First Impression|p2b: Mr. Rime\n|-supereffective|p2b: Mr. Rime|1\n|-enditem|p2b: Mr. Rime|Focus Sash\n|-damage|p2b: Mr. Rime|1/100\n|move|p2b: Mr. Rime|Frost Breath|p2a: Crabominable\n|-resisted|p2a: Crabominable|1\n|-crit|p2a: Crabominable\n|-damage|p2a: Crabominable|77/100\n|-setboost|p2a: Crabominable|atk|6|[from] ability: Anger Point\n|move|p2a: Crabominable|Ice Hammer|p1a: Ariados\n|-damage|p1a: Ariados|0 fnt\n|-unboost|p2a: Crabominable|spe|1\n|faint|p1a: Ariados\n|move|p1b: Slowking|Trick Room|p1b: Slowking\n|-fieldstart|move: Trick Room|[of] p1b: Slowking\n|\n|upkeep\n|\n|t:|1776559553\n|switch|p1a: Crabominable|Crabominable, L50, F|100/100\n|turn|2\n|\n|t:|1776559598\n|switch|p2b: Incineroar|Incineroar, L50, M, shiny|100/100\n|-ability|p2b: Incineroar|Intimidate|boost\n|-fail|p1a: Crabominable|unboost|Attack|[from] ability: Hyper Cutter|[of] p1a: Crabominable\n|-unboost|p1b: Slowking|atk|1\n|detailschange|p2a: Crabominable|Crabominable-Mega, L50, F, shiny\n|-mega|p2a: Crabominable|Crabominable|Crabominite\n|detailschange|p1a: Crabominable|Crabominable-Mega, L50, F\n|-mega|p1a: Crabominable|Crabominable|Crabominite\n|move|p1a: Crabominable|Mach Punch|p2a: Crabominable\n|-supereffective|p2a: Crabominable|1\n|-damage|p2a: Crabominable|35/100\n|move|p2a: Crabominable|Ice Hammer|p1a: Crabominable\n|-resisted|p1a: Crabominable|1\n|-damage|p1a: Crabominable|0 fnt\n|-unboost|p2a: Crabominable|spe|1\n|faint|p1a: Crabominable\n|move|p1b: Slowking|Muddy Water|p2a: Crabominable|[spread] p2a,p2b\n|-supereffective|p2b: Incineroar|1\n|-damage|p2a: Crabominable|15/100\n|-damage|p2b: Incineroar|59/100\n|-unboost|p2b: Incineroar|accuracy|1\n|\n|upkeep\n|\n|t:|1776559614\n|switch|p1a: Watchog|Watchog, L50, F|100/100\n|turn|3\n|\n|t:|1776559648\n|move|p2b: Incineroar|Fake Out|p1b: Slowking\n|-damage|p1b: Slowking|92/100\n|move|p2a: Crabominable|Ice Hammer|p1a: Watchog|[miss]\n|-miss|p2a: Crabominable|p1a: Watchog\n|cant|p1b: Slowking|flinch\n|move|p1a: Watchog|After You||[still]\n|-fail|p1a: Watchog\n|\n|upkeep\n|turn|4\n|\n|t:|1776559659\n|switch|p2b: Sinistcha|Sinistcha-Masterpiece, L50|100/100\n|-heal|p2a: Crabominable|40/100|[from] ability: Hospitality|[of] p2b: Sinistcha\n|move|p2a: Crabominable|Protect|p2a: Crabominable\n|-singleturn|p2a: Crabominable|Protect\n|move|p1b: Slowking|Muddy Water|p2a: Crabominable|[spread] p2b\n|-activate|p2a: Crabominable|move: Protect\n|-resisted|p2b: Sinistcha|1\n|-damage|p2b: Sinistcha|87/100\n|-unboost|p2b: Sinistcha|accuracy|1\n|move|p1a: Watchog|After You||[still]\n|-fail|p1a: Watchog\n|\n|-heal|p2b: Sinistcha|93/100|[from] item: Leftovers\n|upkeep\n|turn|5\n|\n|t:|1776559692\n|move|p2a: Crabominable|Ice Hammer|p1a: Watchog|[miss]\n|-miss|p2a: Crabominable|p1a: Watchog\n|move|p1b: Slowking|Muddy Water|p2b: Sinistcha|[spread] p2a,p2b\n|-resisted|p2b: Sinistcha|1\n|-damage|p2a: Crabominable|21/100\n|-damage|p2b: Sinistcha|80/100\n|move|p2b: Sinistcha|Shadow Ball|p1b: Slowking\n|-supereffective|p1b: Slowking|1\n|-damage|p1b: Slowking|26/100\n|-enditem|p1b: Slowking|Sitrus Berry|[eat]\n|-heal|p1b: Slowking|51/100|[from] item: Sitrus Berry\n|move|p1a: Watchog|After You||[still]\n|-fail|p1a: Watchog\n|\n|-heal|p2b: Sinistcha|86/100|[from] item: Leftovers\n|-fieldend|move: Trick Room\n|upkeep\n|turn|6\n|\n|t:|1776559707\n|move|p2a: Crabominable|Protect|p2a: Crabominable\n|-singleturn|p2a: Crabominable|Protect\n|move|p1a: Watchog|After You|p1b: Slowking\n|-activate|p1b: Slowking|move: After You\n|move|p1b: Slowking|Muddy Water|p2b: Sinistcha|[spread] p2b\n|-activate|p2a: Crabominable|move: Protect\n|-resisted|p2b: Sinistcha|1\n|-damage|p2b: Sinistcha|72/100\n|-unboost|p2b: Sinistcha|accuracy|1\n|move|p2b: Sinistcha|Trick Room|p2b: Sinistcha\n|-fieldstart|move: Trick Room|[of] p2b: Sinistcha\n|\n|-heal|p2b: Sinistcha|79/100|[from] item: Leftovers\n|upkeep\n|turn|7\n|\n|t:|1776559726\n|move|p2a: Crabominable|Close Combat|p1a: Watchog\n|-supereffective|p1a: Watchog|1\n|-damage|p1a: Watchog|0 fnt\n|-unboost|p2a: Crabominable|def|1\n|-unboost|p2a: Crabominable|spd|1\n|faint|p1a: Watchog\n|move|p1b: Slowking|Muddy Water|p2b: Sinistcha|[spread] p2a,p2b\n|-resisted|p2b: Sinistcha|1\n|-damage|p2a: Crabominable|0 fnt\n|-damage|p2b: Sinistcha|65/100\n|faint|p2a: Crabominable\n|move|p2b: Sinistcha|Matcha Gotcha|p1b: Slowking|[miss]\n|-miss|p2b: Sinistcha|p1b: Slowking\n|\n|-heal|p2b: Sinistcha|71/100|[from] item: Leftovers\n|upkeep\n|\n|t:|1776559741\n|switch|p2a: Incineroar|Incineroar, L50, M, shiny|59/100\n|-ability|p2a: Incineroar|Intimidate|boost\n|-unboost|p1b: Slowking|atk|1\n|turn|8\n|\n|t:|1776559768\n|move|p2a: Incineroar|Fake Out|p1b: Slowking\n|-damage|p1b: Slowking|41/100\n|cant|p1b: Slowking|flinch\n|move|p2b: Sinistcha|Shadow Ball|p1b: Slowking\n|-supereffective|p1b: Slowking|1\n|-damage|p1b: Slowking|0 fnt\n|faint|p1b: Slowking\n|\n|win|Alfredope\n|raw|ReDr0ught's rating: 1000 &rarr; <strong>1000</strong><br />(+0 for losing)\n|raw|Alfredope's rating: 1088 &rarr; <strong>1108</strong><br />(+20 for winning)\n|l|\u2606ReDr0ught\n|player|p1|\n",
  "uploadtime": 1776559802,
  "views": 21,
  "formatid": "gen9championsvgc2026regma",
  "rating": 1000,
  "private": 0,
  "password": null
}