{
  "id": "gen9championsvgc2026regma-2586034205",
  "format": "[Gen 9 Champions] VGC 2026 Reg M-A",
  "players": [
    "Chesnaughtmeister",
    "Hades_72"
  ],
  "log": "|j|\u2606Chesnaughtmeister\n|j|\u2606Hades_72\n|t:|1776392269\n|gametype|doubles\n|player|p1|Chesnaughtmeister|alder|1047\n|player|p2|Hades_72|ghetsis|1106\n|gen|9\n|tier|[Gen 9 Champions] VGC 2026 Reg M-A\n|rated|\n|rule|Species Clause: Limit one of each Pok\u00e9mon\n|rule|Item Clause: Limit 1 of each item\n|clearpoke\n|poke|p1|Chesnaught, L50, M|\n|poke|p1|Archaludon, L50, M|\n|poke|p1|Pelipper, L50, M|\n|poke|p1|Sneasler, L50, F|\n|poke|p1|Sinistcha, L50|\n|poke|p1|Glimmora, L50, F|\n|poke|p2|Froslass, L50, F|\n|poke|p2|Greninja-*, L50, M|\n|poke|p2|Sneasler, L50, M|\n|poke|p2|Sinistcha-Masterpiece, L50|\n|poke|p2|Tyranitar, L50, M|\n|poke|p2|Kingambit, L50, M|\n|teampreview|4\n|inactive|Battle timer is ON: inactive players will automatically lose when time's up. (requested by Chesnaughtmeister)\n|\n|t:|1776392395\n|teamsize|p1|4\n|teamsize|p2|4\n|start\n|switch|p1a: Chicago|Sneasler, L50, F|100/100\n|switch|p1b: Bennie&TheJets|Glimmora, L50, F|100/100\n|switch|p2a: Tyranitar|Tyranitar, L50, M|100/100\n|switch|p2b: Sneasler|Sneasler, L50, M|100/100\n|-weather|Sandstorm|[from] ability: Sand Stream|[of] p2a: Tyranitar\n|turn|1\n|\n|t:|1776392416\n|move|p1a: Chicago|Protect|p1a: Chicago\n|-singleturn|p1a: Chicago|Protect\n|move|p1b: Bennie&TheJets|Spiky Shield|p1b: Bennie&TheJets\n|-singleturn|p1b: Bennie&TheJets|move: Protect\n|move|p2b: Sneasler|Fake Out|p1a: Chicago\n|-activate|p1a: Chicago|move: Protect\n|move|p2a: Tyranitar|High Horsepower|p1b: Bennie&TheJets\n|-activate|p1b: Bennie&TheJets|move: Protect\n|-damage|p2a: Tyranitar|88/100|[from] Spiky Shield|[of] p1b: Bennie&TheJets\n|\n|-weather|Sandstorm|[upkeep]\n|-damage|p2b: Sneasler|95/100|[from] Sandstorm\n|-damage|p1a: Chicago|95/100|[from] Sandstorm\n|upkeep\n|turn|2\n|inactive|Hades_72 has 30 seconds left.\n|\n|t:|1776392451\n|detailschange|p1b: Bennie&TheJets|Glimmora-Mega, L50, F\n|-mega|p1b: Bennie&TheJets|Glimmora|Glimmoranite\n|detailschange|p2a: Tyranitar|Tyranitar-Mega, L50, M\n|-mega|p2a: Tyranitar|Tyranitar|Tyranitarite\n|move|p2a: Tyranitar|Protect|p2a: Tyranitar\n|-singleturn|p2a: Tyranitar|Protect\n|move|p2b: Sneasler|Close Combat|p1a: Chicago\n|-resisted|p1a: Chicago|1\n|-damage|p1a: Chicago|44/100\n|-unboost|p2b: Sneasler|def|1\n|-unboost|p2b: Sneasler|spd|1\n|move|p1a: Chicago|Close Combat|p2a: Tyranitar\n|-activate|p2a: Tyranitar|move: Protect\n|move|p1b: Bennie&TheJets|Earth Power|p2b: Sneasler\n|-supereffective|p2b: Sneasler|1\n|-damage|p2b: Sneasler|0 fnt\n|faint|p2b: Sneasler\n|\n|-weather|Sandstorm|[upkeep]\n|-damage|p1a: Chicago|38/100|[from] Sandstorm\n|upkeep\n|inactive|Hades_72 has 30 seconds left.\n|\n|t:|1776392477\n|switch|p2b: Greninja|Greninja, L50, M|100/100\n|turn|3\n|inactive|Hades_72 has 30 seconds left.\n|inactive|Hades_72 has 20 seconds left.\n|inactive|Hades_72 has 15 seconds left.\n|\n|t:|1776392522\n|move|p1b: Bennie&TheJets|Spiky Shield|p1b: Bennie&TheJets\n|-singleturn|p1b: Bennie&TheJets|move: Protect\n|move|p2b: Greninja|Extrasensory|p1a: Chicago\n|-start|p2b: Greninja|typechange|Psychic|[from] ability: Protean\n|-supereffective|p1a: Chicago|2\n|-damage|p1a: Chicago|0 fnt\n|faint|p1a: Chicago\n|move|p2a: Tyranitar|High Horsepower|p1b: Bennie&TheJets\n|-activate|p1b: Bennie&TheJets|move: Protect\n|-damage|p2a: Tyranitar|76/100|[from] Spiky Shield|[of] p1b: Bennie&TheJets\n|\n|-weather|Sandstorm|[upkeep]\n|-damage|p2b: Greninja|94/100|[from] Sandstorm\n|upkeep\n|\n|t:|1776392532\n|switch|p1a: Tengo Suerte|Pelipper, L50, M|100/100\n|-weather|RainDance|[from] ability: Drizzle|[of] p1a: Tengo Suerte\n|turn|4\n|\n|t:|1776392550\n|switch|p1b: Superfly|Archaludon, L50, M, shiny|100/100\n|switch|p2a: Kingambit|Kingambit, L50, M|100/100\n|move|p2b: Greninja|Water Shuriken|p1b: Superfly\n|-resisted|p1b: Superfly|1\n|-damage|p1b: Superfly|96/100\n|-ability|p1b: Superfly|Stamina|boost\n|-boost|p1b: Superfly|def|1\n|-resisted|p1b: Superfly|1\n|-damage|p1b: Superfly|92/100\n|-ability|p1b: Superfly|Stamina|boost\n|-boost|p1b: Superfly|def|1\n|-resisted|p1b: Superfly|1\n|-damage|p1b: Superfly|89/100\n|-ability|p1b: Superfly|Stamina|boost\n|-boost|p1b: Superfly|def|1\n|-resisted|p1b: Superfly|1\n|-damage|p1b: Superfly|85/100\n|-ability|p1b: Superfly|Stamina|boost\n|-boost|p1b: Superfly|def|1\n|-resisted|p1b: Superfly|1\n|-damage|p1b: Superfly|82/100\n|-ability|p1b: Superfly|Stamina|boost\n|-boost|p1b: Superfly|def|1\n|-hitcount|p1b: Superfly|5\n|move|p1a: Tengo Suerte|Weather Ball|p2b: Greninja\n|-damage|p2b: Greninja|0 fnt\n|faint|p2b: Greninja\n|\n|-weather|RainDance|[upkeep]\n|upkeep\n|inactive|Hades_72 has 30 seconds left.\n|\n|t:|1776392578\n|switch|p2b: Tyranitar|Tyranitar-Mega, L50, M|76/100\n|-weather|Sandstorm|[from] ability: Sand Stream|[of] p2b: Tyranitar\n|turn|5\n|\n|t:|1776392597\n|switch|p1a: Bennie&TheJets|Glimmora-Mega, L50, F|100/100\n|move|p2a: Kingambit|Sucker Punch|p1b: Superfly\n|-damage|p1b: Superfly|73/100\n|-ability|p1b: Superfly|Stamina|boost\n|-boost|p1b: Superfly|def|1\n|move|p1b: Superfly|Aura Sphere|p2b: Tyranitar\n|-supereffective|p2b: Tyranitar|2\n|-damage|p2b: Tyranitar|20/100\n|move|p2b: Tyranitar|High Horsepower|p1b: Superfly\n|-supereffective|p1b: Superfly|1\n|-damage|p1b: Superfly|54/100\n|\n|-weather|Sandstorm|[upkeep]\n|upkeep\n|turn|6\n|inactive|Hades_72 has 30 seconds left.\n|inactive|Hades_72 has 20 seconds left.\n|inactive|Hades_72 has 15 seconds left.\n|\n|t:|1776392639\n|move|p1a: Bennie&TheJets|Earth Power|p2a: Kingambit\n|-supereffective|p2a: Kingambit|1\n|-damage|p2a: Kingambit|38/100\n|move|p1b: Superfly|Aura Sphere|p2b: Tyranitar\n|-supereffective|p2b: Tyranitar|2\n|-damage|p2b: Tyranitar|0 fnt\n|faint|p2b: Tyranitar\n|move|p2a: Kingambit|Swords Dance|p2a: Kingambit\n|-boost|p2a: Kingambit|atk|2\n|\n|-weather|Sandstorm|[upkeep]\n|upkeep\n|turn|7\n|\n|t:|1776392657\n|move|p1a: Bennie&TheJets|Spiky Shield|p1a: Bennie&TheJets\n|-singleturn|p1a: Bennie&TheJets|move: Protect\n|move|p1b: Superfly|Aura Sphere|p2a: Kingambit\n|-supereffective|p2a: Kingambit|2\n|-enditem|p2a: Kingambit|Chople Berry|[eat]\n|-enditem|p2a: Kingambit|Chople Berry|[weaken]\n|-damage|p2a: Kingambit|0 fnt\n|faint|p2a: Kingambit\n|\n|win|Chesnaughtmeister\n|raw|Chesnaughtmeister's rating: 1047 &rarr; <strong>1085</strong><br />(+38 for winning)\n|raw|Hades_72's rating: 1106 &rarr; <strong>1077</strong><br />(-29 for losing)\n|l|\u2606Hades_72\n|player|p2|\n|l|\u2606Chesnaughtmeister\n|player|p1|\n",
  "uploadtime": 1776392678,
  "views": 33,
  "formatid": "gen9championsvgc2026regma",
  "rating": 1077,
  "private": 0,
  "password": null
}