{
  "id": "gen9championsvgc2026regma-2587037918",
  "format": "[Gen 9 Champions] VGC 2026 Reg M-A",
  "players": [
    "elmanxas",
    "mrguy888"
  ],
  "log": "|j|\u2606elmanxas\n|j|\u2606mrguy888\n|t:|1776483921\n|gametype|doubles\n|player|p1|elmanxas|102|1217\n|player|p2|mrguy888|noland-gen3|1306\n|gen|9\n|tier|[Gen 9 Champions] VGC 2026 Reg M-A\n|rated|\n|rule|Species Clause: Limit one of each Pok\u00e9mon\n|rule|Item Clause: Limit 1 of each item\n|clearpoke\n|poke|p1|Incineroar, L50, F|\n|poke|p1|Arcanine-Hisui, L50, M|\n|poke|p1|Gyarados, L50, M|\n|poke|p1|Aggron, L50, M|\n|poke|p1|Dragapult, L50, M|\n|poke|p1|Conkeldurr, L50, M|\n|poke|p2|Floette-Eternal, L50, F|\n|poke|p2|Aerodactyl, L50, M|\n|poke|p2|Tauros-Paldea-Aqua, L50, M|\n|poke|p2|Kangaskhan, L50, F|\n|poke|p2|Rotom-Heat, L50|\n|poke|p2|Aegislash, L50, M|\n|teampreview|4\n|inactive|Battle timer is ON: inactive players will automatically lose when time's up. (requested by mrguy888)\nelmanxas rejected open team sheets.\n|\n|t:|1776483938\n|teamsize|p1|4\n|teamsize|p2|4\n|start\n|switch|p1a: Aggron|Aggron, L50, M|100/100\n|switch|p1b: Arcanine|Arcanine-Hisui, L50, M|100/100\n|switch|p2a: Rotom|Rotom-Heat, L50|100/100\n|switch|p2b: Floette|Floette-Eternal, L50, F|100/100\n|turn|1\n|inactive|mrguy888 has 30 seconds left.\n|\n|t:|1776483965\n|switch|p2b: Tauros|Tauros-Paldea-Aqua, L50, M|100/100\n|-ability|p2b: Tauros|Intimidate|boost\n|-unboost|p1a: Aggron|atk|1\n|-unboost|p1b: Arcanine|atk|1\n|detailschange|p1a: Aggron|Aggron-Mega, L50, M\n|-mega|p1a: Aggron|Aggron|Aggronite\n|move|p2a: Rotom|Volt Switch|p1a: Aggron\n|-damage|p1a: Aggron|65/100\n|\n|t:|1776483974\n|switch|p2a: Aerodactyl|Aerodactyl, L50, M|100/100|[from] Volt Switch\n|-ability|p2a: Aerodactyl|Unnerve\n|move|p1b: Arcanine|Head Smash|p2a: Aerodactyl|[miss]\n|-miss|p1b: Arcanine|p2a: Aerodactyl\n|move|p1a: Aggron|Heavy Slam|p2b: Tauros\n|-resisted|p2b: Tauros|1\n|-damage|p2b: Tauros|87/100\n|\n|upkeep\n|turn|2\n|\n|t:|1776483995\n|switch|p1b: Incineroar|Incineroar, L50, F|100/100\n|-ability|p1b: Incineroar|Intimidate|boost\n|-unboost|p2a: Aerodactyl|atk|1\n|-unboost|p2b: Tauros|atk|1\n|-enditem|p2b: Tauros|White Herb\n|-clearnegativeboost|p2b: Tauros|[silent]\n|move|p2a: Aerodactyl|Rock Slide|p1a: Aggron|[spread] p1b\n|-miss|p2a: Aerodactyl|p1a: Aggron\n|-supereffective|p1b: Incineroar|1\n|-damage|p1b: Incineroar|62/100\n|move|p2b: Tauros|Close Combat|p1a: Aggron\n|-supereffective|p1a: Aggron|1\n|-damage|p1a: Aggron|27/100\n|-unboost|p2b: Tauros|def|1\n|-unboost|p2b: Tauros|spd|1\n|move|p1a: Aggron|Iron Defense|p1a: Aggron\n|-boost|p1a: Aggron|def|2\n|\n|upkeep\n|turn|3\n|inactive|elmanxas has 30 seconds left.\n|inactive|mrguy888 has 30 seconds left.\n|inactive|elmanxas has 20 seconds left.\n|\n|t:|1776484031\n|switch|p2b: Rotom|Rotom-Heat, L50|100/100\n|move|p1a: Aggron|Protect|p1a: Aggron\n|-singleturn|p1a: Aggron|Protect\n|move|p2a: Aerodactyl|Rock Slide|p1a: Aggron|[spread] p1b\n|-activate|p1a: Aggron|move: Protect\n|-supereffective|p1b: Incineroar|1\n|-damage|p1b: Incineroar|24/100\n|move|p1b: Incineroar|Parting Shot|p2b: Rotom\n|-unboost|p2b: Rotom|atk|1\n|-unboost|p2b: Rotom|spa|1\n|\n|t:|1776484042\n|switch|p1b: Arcanine|Arcanine-Hisui, L50, M|100/100|[from] Parting Shot\n|\n|upkeep\n|turn|4\n|\n|t:|1776484056\n|switch|p2a: Tauros|Tauros-Paldea-Aqua, L50, M|87/100\n|-ability|p2a: Tauros|Intimidate|boost\n|-unboost|p1a: Aggron|atk|1\n|-unboost|p1b: Arcanine|atk|1\n|move|p2b: Rotom|Volt Switch|p1a: Aggron\n|-damage|p1a: Aggron|4/100\n|\n|t:|1776484063\n|switch|p2b: Aerodactyl|Aerodactyl, L50, M|100/100|[from] Volt Switch\n|-ability|p2b: Aerodactyl|Unnerve\n|move|p1b: Arcanine|Head Smash|p2b: Aerodactyl|[miss]\n|-miss|p1b: Arcanine|p2b: Aerodactyl\n|move|p1a: Aggron|Body Press|p2a: Tauros\n|-damage|p2a: Tauros|0 fnt\n|faint|p2a: Tauros\n|\n|upkeep\n|\n|t:|1776484080\n|switch|p2a: Floette|Floette-Eternal, L50, F|100/100\n|turn|5\n|\n|t:|1776484089\n|switch|p1b: Incineroar|Incineroar, L50, F|24/100\n|-ability|p1b: Incineroar|Intimidate|boost\n|-unboost|p2a: Floette|atk|1\n|-unboost|p2b: Aerodactyl|atk|1\n|detailschange|p2a: Floette|Floette-Mega, L50, F\n|-mega|p2a: Floette|Floette|Floettite\n|-ability|p2a: Floette|Fairy Aura\n|move|p2a: Floette|Protect|p2a: Floette\n|-singleturn|p2a: Floette|Protect\n|move|p2b: Aerodactyl|Rock Slide|p1b: Incineroar|[spread] p1a,p1b\n|-resisted|p1a: Aggron|1\n|-supereffective|p1b: Incineroar|1\n|-damage|p1a: Aggron|3/100\n|-damage|p1b: Incineroar|0 fnt\n|faint|p1b: Incineroar\n|move|p1a: Aggron|Heavy Slam|p2a: Floette\n|-activate|p2a: Floette|move: Protect\n|\n|upkeep\n|\n|t:|1776484111\n|switch|p1b: Gyarados|Gyarados, L50, M|100/100\n|-ability|p1b: Gyarados|Intimidate|boost\n|-unboost|p2a: Floette|atk|1\n|-unboost|p2b: Aerodactyl|atk|1\n|turn|6\n|\n|t:|1776484120\n|switch|p2b: Rotom|Rotom-Heat, L50|100/100\n|move|p2a: Floette|Dazzling Gleam|p1a: Aggron|[spread] p1a,p1b\n|-resisted|p1a: Aggron|1\n|-damage|p1a: Aggron|0 fnt\n|-damage|p1b: Gyarados|56/100\n|faint|p1a: Aggron\n|move|p1b: Gyarados|Dragon Dance|p1b: Gyarados\n|-boost|p1b: Gyarados|atk|1\n|-boost|p1b: Gyarados|spe|1\n|\n|-heal|p1b: Gyarados|62/100|[from] item: Leftovers\n|upkeep\n|\n|t:|1776484130\n|switch|p1a: Arcanine|Arcanine-Hisui, L50, M|100/100\n|turn|7\n|\n|t:|1776484157\n|move|p2b: Rotom|Electroweb|p1a: Arcanine|[spread] p1a,p1b\n|-supereffective|p1b: Gyarados|2\n|-damage|p1a: Arcanine|80/100\n|-damage|p1b: Gyarados|13/100\n|-unboost|p1a: Arcanine|spe|1\n|-unboost|p1b: Gyarados|spe|1\n|move|p2a: Floette|Dazzling Gleam|p1b: Gyarados|[spread] p1a,p1b\n|-resisted|p1a: Arcanine|1\n|-crit|p1b: Gyarados\n|-damage|p1a: Arcanine|50/100\n|-damage|p1b: Gyarados|0 fnt\n|faint|p1b: Gyarados\n|move|p1a: Arcanine|Head Smash|p2a: Floette|[miss]\n|-miss|p1a: Arcanine|p2a: Floette\n|\n|upkeep\n|turn|8\n|-message|elmanxas forfeited.\n|\n|win|mrguy888\n|raw|elmanxas's rating: 1217 &rarr; <strong>1198</strong><br />(-19 for losing)\n|raw|mrguy888's rating: 1306 &rarr; <strong>1321</strong><br />(+15 for winning)\n|l|\u2606elmanxas\n|player|p1|\n",
  "uploadtime": 1776484175,
  "views": 17,
  "formatid": "gen9championsvgc2026regma",
  "rating": 1198,
  "private": 0,
  "password": null
}