{
  "id": "gen9championsvgc2026regma-2585012477",
  "format": "[Gen 9 Champions] VGC 2026 Reg M-A",
  "players": [
    "anxodiosdel",
    "K1shui"
  ],
  "log": "|j|\u2606anxodiosdel\n|j|\u2606K1shui\n|t:|1776303260\n|gametype|doubles\n|player|p1|anxodiosdel|rosa|1121\n|player|p2|K1shui|2|1187\n|gen|9\n|tier|[Gen 9 Champions] VGC 2026 Reg M-A\n|rated|\n|rule|Species Clause: Limit one of each Pok\u00e9mon\n|rule|Item Clause: Limit 1 of each item\n|clearpoke\n|poke|p1|Torkoal, L50, M|\n|poke|p1|Farigiraf, L50, F|\n|poke|p1|Sableye, L50, M|\n|poke|p1|Camerupt, L50, M|\n|poke|p1|Sneasler, L50, M|\n|poke|p1|Arbok, L50, F|\n|poke|p2|Aegislash, L50, M|\n|poke|p2|Palafin, L50, F|\n|poke|p2|Pelipper, L50, M|\n|poke|p2|Manectric, L50, M|\n|poke|p2|Dragonite, L50, M|\n|poke|p2|Sneasler, L50, F|\n|teampreview|4\n|\n|t:|1776303306\n|teamsize|p1|4\n|teamsize|p2|4\n|start\n|switch|p1a: Torkoal|Torkoal, L50, M|100/100\n|switch|p1b: Farigiraf|Farigiraf, L50, F|100/100\n|switch|p2a: Palafin|Palafin, L50, F|100/100\n|switch|p2b: Aegislash|Aegislash, L50, M|100/100\n|-weather|SunnyDay|[from] ability: Drought|[of] p1a: Torkoal\n|turn|1\n|inactive|Battle timer is ON: inactive players will automatically lose when time's up. (requested by anxodiosdel)\n|\n|t:|1776303335\n|move|p2b: Aegislash|King's Shield|p2b: Aegislash\n|-singleturn|p2b: Aegislash|Protect\n|move|p2a: Palafin|Flip Turn|p1a: Torkoal\n|-supereffective|p1a: Torkoal|1\n|-damage|p1a: Torkoal|82/100\n|\n|t:|1776303341\n|detailschange|p2a: Palafin|Palafin-Hero, L50, F\n|switch|p2a: Pelipper|Pelipper, L50, M|100/100|[from] Flip Turn\n|-weather|RainDance|[from] ability: Drizzle|[of] p2a: Pelipper\n|move|p1a: Torkoal|Eruption|p2a: Pelipper|[spread] p2a\n|-activate|p2b: Aegislash|move: Protect\n|-resisted|p2a: Pelipper|1\n|-damage|p2a: Pelipper|79/100\n|move|p1b: Farigiraf|Trick Room|p1b: Farigiraf\n|-fieldstart|move: Trick Room|[of] p1b: Farigiraf\n|\n|-weather|RainDance|[upkeep]\n|upkeep\n|turn|2\n|inactive|K1shui has 30 seconds left.\n|\n|t:|1776303367\n|switch|p2b: Palafin|Palafin-Hero, L50, F|100/100\n|-activate|p2b: Palafin|ability: Zero to Hero\n|move|p1a: Torkoal|Sunny Day|p1a: Torkoal\n|-weather|SunnyDay\n|move|p1b: Farigiraf|Hyper Voice|p2b: Palafin|[spread] p2a,p2b\n|-damage|p2a: Pelipper|37/100\n|-damage|p2b: Palafin|75/100\n|move|p2a: Pelipper|Hurricane|p1b: Farigiraf|[miss]\n|-miss|p2a: Pelipper|p1b: Farigiraf\n|\n|-weather|SunnyDay|[upkeep]\n|upkeep\n|turn|3\n|\n|t:|1776303388\n|switch|p2a: Aegislash|Aegislash, L50, M|100/100\n|switch|p2b: Dragonite|Dragonite, L50, M|100/100\n|move|p1a: Torkoal|Eruption|p2a: Aegislash|[spread] p2a,p2b\n|-supereffective|p2a: Aegislash|1\n|-resisted|p2b: Dragonite|1\n|-damage|p2a: Aegislash|2/100\n|-damage|p2b: Dragonite|86/100\n|move|p1b: Farigiraf|Hyper Voice|p2b: Dragonite|[spread] p2b\n|-immune|p2a: Aegislash\n|-damage|p2b: Dragonite|63/100\n|\n|-weather|SunnyDay|[upkeep]\n|upkeep\n|turn|4\n|\n|t:|1776303409\n|switch|p2b: Pelipper|Pelipper, L50, M|37/100\n|-weather|RainDance|[from] ability: Drizzle|[of] p2b: Pelipper\n|move|p2a: Aegislash|King's Shield|p2a: Aegislash\n|-singleturn|p2a: Aegislash|Protect\n|move|p1a: Torkoal|Sunny Day|p1a: Torkoal\n|-weather|SunnyDay\n|move|p1b: Farigiraf|Expanding Force|p2a: Aegislash\n|-activate|p2a: Aegislash|move: Protect\n|\n|-weather|SunnyDay|[upkeep]\n|upkeep\n|turn|5\n|\n|t:|1776303434\n|move|p2b: Pelipper|Protect|p2b: Pelipper\n|-singleturn|p2b: Pelipper|Protect\n|move|p1a: Torkoal|Eruption|p2a: Aegislash|[spread] p2a\n|-activate|p2b: Pelipper|move: Protect\n|-supereffective|p2a: Aegislash|1\n|-damage|p2a: Aegislash|0 fnt\n|faint|p2a: Aegislash\n|move|p1b: Farigiraf|Hyper Voice|p2b: Pelipper\n|-activate|p2b: Pelipper|move: Protect\n|\n|-weather|SunnyDay|[upkeep]\n|-fieldend|move: Trick Room\n|upkeep\n|\n|t:|1776303446\n|switch|p2a: Palafin|Palafin-Hero, L50, F|75/100\n|turn|6\n|\n|t:|1776303466\n|move|p1a: Torkoal|Protect|p1a: Torkoal\n|-singleturn|p1a: Torkoal|Protect\n|move|p2a: Palafin|Wave Crash|p1b: Farigiraf\n|-damage|p1b: Farigiraf|66/100\n|-damage|p2a: Palafin|60/100|[from] Recoil\n|move|p2b: Pelipper|Hurricane|p1b: Farigiraf|[miss]\n|-miss|p2b: Pelipper|p1b: Farigiraf\n|move|p1b: Farigiraf|Trick Room|p1b: Farigiraf\n|-fieldstart|move: Trick Room|[of] p1b: Farigiraf\n|\n|-weather|SunnyDay|[upkeep]\n|upkeep\n|turn|7\n|-message|K1shui forfeited.\n|\n|win|anxodiosdel\n|raw|anxodiosdel's rating: 1121 &rarr; <strong>1151</strong><br />(+30 for winning)\n|raw|K1shui's rating: 1187 &rarr; <strong>1157</strong><br />(-30 for losing)\n|l|\u2606K1shui\n|player|p2|\n",
  "uploadtime": 1776303482,
  "views": 26,
  "formatid": "gen9championsvgc2026regma",
  "rating": 1151,
  "private": 0,
  "password": null
}