{
  "id": "gen9championsvgc2026regma-2583445639",
  "format": "[Gen 9 Champions] VGC 2026 Reg M-A",
  "players": [
    "Riczi",
    "LilGrapes"
  ],
  "log": "|j|\u2606Riczi\n|j|\u2606LilGrapes\n|t:|1776176142\n|gametype|doubles\n|player|p1|Riczi|101|1253\n|player|p2|LilGrapes|102|1231\n|gen|9\n|tier|[Gen 9 Champions] VGC 2026 Reg M-A\n|rated|\n|rule|Species Clause: Limit one of each Pok\u00e9mon\n|rule|Item Clause: Limit 1 of each item\n|clearpoke\n|poke|p1|Farigiraf, L50, F|\n|poke|p1|Kingambit, L50, M|\n|poke|p1|Basculegion, L50, M|\n|poke|p1|Abomasnow, L50, F|\n|poke|p1|Incineroar, L50, M|\n|poke|p1|Aerodactyl, L50, F|\n|poke|p2|Tinkaton, L50, F|\n|poke|p2|Delphox, L50, M|\n|poke|p2|Torkoal, L50, F|\n|poke|p2|Farigiraf, L50, F|\n|poke|p2|Garchomp, L50, M|\n|poke|p2|Sneasler, L50, F|\n|teampreview|4\n|inactive|Battle timer is ON: inactive players will automatically lose when time's up. (requested by LilGrapes)\n|\n|t:|1776176167\n|teamsize|p1|4\n|teamsize|p2|4\n|start\n|switch|p1a: Basculegion|Basculegion, L50, M|100/100\n|switch|p1b: Aerodactyl|Aerodactyl, L50, F|100/100\n|switch|p2a: Sneasler|Sneasler, L50, F|100/100\n|switch|p2b: Delphox|Delphox, L50, M, shiny|100/100\n|-ability|p1b: Aerodactyl|Unnerve\n|turn|1\n|\n|t:|1776176182\n|detailschange|p2b: Delphox|Delphox-Mega, L50, M, shiny\n|-mega|p2b: Delphox|Delphox|Delphoxite\n|move|p1b: Aerodactyl|Protect|p1b: Aerodactyl\n|-singleturn|p1b: Aerodactyl|Protect\n|move|p2a: Sneasler|Fake Out|p1b: Aerodactyl\n|-activate|p1b: Aerodactyl|move: Protect\n|move|p1a: Basculegion|Wave Crash|p2b: Delphox\n|-supereffective|p2b: Delphox|1\n|-damage|p2b: Delphox|0 fnt\n|faint|p2b: Delphox\n|-damage|p1a: Basculegion|75/100|[from] Recoil\n|\n|upkeep\n|\n|t:|1776176191\n|switch|p2b: Garchomp|Garchomp, L50, M|100/100\n|turn|2\n|\n|t:|1776176202\n|move|p2b: Garchomp|Rock Slide|p1a: Basculegion|[spread] p1a,p1b\n|-supereffective|p1b: Aerodactyl|1\n|-damage|p1a: Basculegion|47/100\n|-damage|p1b: Aerodactyl|28/100\n|move|p1a: Basculegion|Wave Crash|p2b: Garchomp\n|-damage|p2b: Garchomp|41/100\n|-damage|p1a: Basculegion|34/100|[from] ability: Rough Skin|[of] p2b: Garchomp\n|-damage|p1a: Basculegion|16/100|[from] Recoil\n|move|p1b: Aerodactyl|Dual Wingbeat|p2a: Sneasler\n|-supereffective|p2a: Sneasler|1\n|-damage|p2a: Sneasler|42/100\n|-supereffective|p2a: Sneasler|1\n|-damage|p2a: Sneasler|0 fnt\n|faint|p2a: Sneasler\n|-hitcount|p2: Sneasler|2\n|\n|upkeep\n|\n|t:|1776176205\n|switch|p2a: Torkoal|Torkoal, L50, F|100/100\n|-weather|SunnyDay|[from] ability: Drought|[of] p2a: Torkoal\n|turn|3\n|\n|t:|1776176224\n|switch|p1a: Farigiraf|Farigiraf, L50, F|100/100\n|move|p2b: Garchomp|Rock Slide|p1a: Farigiraf|[spread] p1a,p1b\n|-supereffective|p1b: Aerodactyl|1\n|-damage|p1a: Farigiraf|82/100\n|-damage|p1b: Aerodactyl|0 fnt\n|faint|p1b: Aerodactyl\n|move|p2a: Torkoal|Heat Wave|p1a: Farigiraf|[miss]\n|-miss|p2a: Torkoal|p1a: Farigiraf\n|\n|-weather|SunnyDay|[upkeep]\n|upkeep\n|\n|t:|1776176238\n|switch|p1b: Kingambit|Kingambit, L50, M|100/100\n|turn|4\n|\n|t:|1776176248\n|move|p1b: Kingambit|Sucker Punch|p2b: Garchomp\n|-damage|p2b: Garchomp|2/100\n|-damage|p1b: Kingambit|88/100|[from] ability: Rough Skin|[of] p2b: Garchomp\n|move|p2b: Garchomp|Rock Slide|p1b: Kingambit|[spread] p1a\n|-miss|p2b: Garchomp|p1b: Kingambit\n|-damage|p1a: Farigiraf|62/100\n|move|p1a: Farigiraf|Twin Beam|p2b: Garchomp\n|-damage|p2b: Garchomp|0 fnt\n|faint|p2b: Garchomp\n|-hitcount|p2: Garchomp|1\n|move|p2a: Torkoal|Body Press|p1b: Kingambit\n|-supereffective|p1b: Kingambit|2\n|-damage|p1b: Kingambit|0 fnt\n|faint|p1b: Kingambit\n|\n|-weather|SunnyDay|[upkeep]\n|upkeep\n|\n|t:|1776176251\n|switch|p1b: Basculegion|Basculegion, L50, M|16/100\n|turn|5\n|inactive|LilGrapes has 30 seconds left.\n|inactive|LilGrapes has 20 seconds left.\n|inactive|LilGrapes has 15 seconds left.\n|\n|t:|1776176292\n|move|p1b: Basculegion|Last Respects|p2a: Torkoal\n|-damage|p2a: Torkoal|43/100\n|move|p1a: Farigiraf|Twin Beam|p2a: Torkoal\n|-damage|p2a: Torkoal|11/100\n|-damage|p2a: Torkoal|0 fnt\n|faint|p2a: Torkoal\n|-hitcount|p2: Torkoal|2\n|\n|win|Riczi\n|raw|Riczi's rating: 1253 &rarr; <strong>1276</strong><br />(+23 for winning)\n|raw|LilGrapes's rating: 1231 &rarr; <strong>1208</strong><br />(-23 for losing)\n|l|\u2606LilGrapes\n|player|p2|\n",
  "uploadtime": 1776176299,
  "views": 34,
  "formatid": "gen9championsvgc2026regma",
  "rating": 1208,
  "private": 0,
  "password": null
}