{
  "id": "gen9championsvgc2026regma-2587793086",
  "format": "[Gen 9 Champions] VGC 2026 Reg M-A",
  "players": [
    "silverland71429",
    "KermitFrogge"
  ],
  "log": "|j|\u2606silverland71429\n|j|\u2606KermitFrogge\n|t:|1776564559\n|gametype|doubles\n|player|p1|silverland71429|101|1353\n|player|p2|KermitFrogge|unknown|1370\n|gen|9\n|tier|[Gen 9 Champions] VGC 2026 Reg M-A\n|rated|\n|rule|Species Clause: Limit one of each Pok\u00e9mon\n|rule|Item Clause: Limit 1 of each item\n|clearpoke\n|poke|p1|Snorlax, L50, F|\n|poke|p1|Oranguru, L50, F|\n|poke|p1|Sinistcha, L50|\n|poke|p1|Incineroar, L50, M|\n|poke|p1|Hawlucha, L50, F|\n|poke|p1|Gengar, L50, M|\n|poke|p2|Kommo-o, L50, M|\n|poke|p2|Floette-Eternal, L50, F|\n|poke|p2|Aegislash, L50, M|\n|poke|p2|Sinistcha, L50|\n|poke|p2|Incineroar, L50, F|\n|poke|p2|Tyranitar, L50, F|\n|teampreview|4\n|\n|t:|1776564605\n|teamsize|p1|4\n|teamsize|p2|4\n|start\n|switch|p1a: Snorlax|Snorlax, L50, F|100/100\n|switch|p1b: Hawlucha|Hawlucha, L50, F|100/100\n|switch|p2a: Tyranitar|Tyranitar, L50, F|100/100\n|switch|p2b: Incineroar|Incineroar, L50, F|100/100\n|-weather|Sandstorm|[from] ability: Sand Stream|[of] p2a: Tyranitar\n|-ability|p2b: Incineroar|Intimidate|boost\n|-unboost|p1a: Snorlax|atk|1\n|-unboost|p1b: Hawlucha|atk|1\n|turn|1\n|\n|t:|1776564618\n|move|p1b: Hawlucha|Protect|p1b: Hawlucha\n|-singleturn|p1b: Hawlucha|Protect\n|move|p2b: Incineroar|Fake Out|p1b: Hawlucha\n|-activate|p1b: Hawlucha|move: Protect\n|move|p2a: Tyranitar|Rock Slide|p1a: Snorlax|[spread] p1a\n|-activate|p1b: Hawlucha|move: Protect\n|-damage|p1a: Snorlax|81/100\n|cant|p1a: Snorlax|flinch\n|\n|-weather|Sandstorm|[upkeep]\n|-damage|p1b: Hawlucha|95/100|[from] Sandstorm\n|-damage|p2b: Incineroar|95/100|[from] Sandstorm\n|-damage|p1a: Snorlax|75/100|[from] Sandstorm\n|-heal|p1a: Snorlax|81/100|[from] item: Leftovers\n|upkeep\n|turn|2\n|\n|t:|1776564638\n|detailschange|p1b: Hawlucha|Hawlucha-Mega, L50, F\n|-mega|p1b: Hawlucha|Hawlucha|Hawluchanite\n|move|p1b: Hawlucha|Entrainment|p1a: Snorlax\n|-ability|p1a: Snorlax|No Guard|Thick Fat|[from] move: Entrainment|[of] p1b: Hawlucha\n|move|p2a: Tyranitar|Rock Slide|p1a: Snorlax|[spread] p1a,p1b\n|-damage|p1a: Snorlax|63/100\n|-damage|p1b: Hawlucha|66/100\n|move|p2b: Incineroar|Flare Blitz|p1b: Hawlucha\n|-damage|p1b: Hawlucha|9/100\n|-damage|p2b: Incineroar|77/100|[from] Recoil\n|cant|p1a: Snorlax|flinch\n|\n|-weather|Sandstorm|[upkeep]\n|-damage|p1b: Hawlucha|3/100|[from] Sandstorm\n|-damage|p2b: Incineroar|71/100|[from] Sandstorm\n|-damage|p1a: Snorlax|57/100|[from] Sandstorm\n|-heal|p1a: Snorlax|63/100|[from] item: Leftovers\n|upkeep\n|turn|3\n|c|\u2606KermitFrogge|teehee\n|\n|t:|1776564659\n|move|p1b: Hawlucha|U-turn|p2a: Tyranitar\n|-supereffective|p2a: Tyranitar|1\n|-damage|p2a: Tyranitar|76/100\n|\n|t:|1776564662\n|switch|p1b: Sinistcha|Sinistcha, L50|100/100|[from] U-turn\n|-heal|p1a: Snorlax|88/100|[from] ability: Hospitality|[of] p1b: Sinistcha\n|move|p2a: Tyranitar|Rock Slide|p1a: Snorlax|[spread] p1a,p1b\n|-damage|p1a: Snorlax|68/100\n|-damage|p1b: Sinistcha|70/100\n|move|p2b: Incineroar|Flare Blitz|p1a: Snorlax\n|-damage|p1a: Snorlax|33/100\n|-damage|p2b: Incineroar|56/100|[from] Recoil\n|cant|p1a: Snorlax|flinch\n|\n|-weather|Sandstorm|[upkeep]\n|-damage|p2b: Incineroar|50/100|[from] Sandstorm\n|-damage|p1b: Sinistcha|64/100|[from] Sandstorm\n|-damage|p1a: Snorlax|27/100|[from] Sandstorm\n|-heal|p1a: Snorlax|33/100|[from] item: Leftovers\n|upkeep\n|turn|4\n|c|\u2606KermitFrogge|teehee\n|\n|t:|1776564678\n|move|p1b: Sinistcha|Rage Powder|p1b: Sinistcha\n|-singleturn|p1b: Sinistcha|move: Rage Powder\n|move|p2a: Tyranitar|Rock Slide|p1a: Snorlax|[spread] p1a,p1b\n|-damage|p1a: Snorlax|14/100\n|-damage|p1b: Sinistcha|35/100\n|move|p2b: Incineroar|Flare Blitz|p1b: Sinistcha\n|-supereffective|p1b: Sinistcha|1\n|-damage|p1b: Sinistcha|0 fnt\n|faint|p1b: Sinistcha\n|-damage|p2b: Incineroar|41/100|[from] Recoil\n|cant|p1a: Snorlax|flinch\n|\n|-weather|Sandstorm|[upkeep]\n|-damage|p2b: Incineroar|35/100|[from] Sandstorm\n|-damage|p1a: Snorlax|8/100|[from] Sandstorm\n|-heal|p1a: Snorlax|14/100|[from] item: Leftovers\n|upkeep\n|\n|t:|1776564682\n|switch|p1b: Oranguru|Oranguru, L50, F|100/100\n|turn|5\n|c|\u2606KermitFrogge|LMAO\n|\n|t:|1776564693\n|move|p1a: Snorlax|Protect|p1a: Snorlax\n|-singleturn|p1a: Snorlax|Protect\n|move|p2a: Tyranitar|Rock Slide|p1a: Snorlax|[spread] p1b\n|-activate|p1a: Snorlax|move: Protect\n|-damage|p1b: Oranguru|76/100\n|move|p2b: Incineroar|Flare Blitz|p1a: Snorlax\n|-activate|p1a: Snorlax|move: Protect\n|move|p1b: Oranguru|Trick Room|p1b: Oranguru\n|-fieldstart|move: Trick Room|[of] p1b: Oranguru\n|\n|-weather|none\n|-heal|p1a: Snorlax|20/100|[from] item: Leftovers\n|upkeep\n|turn|6\n|c|\u2606KermitFrogge|aw man\n|\n|t:|1776564703\n|move|p1a: Snorlax|Fissure|p2a: Tyranitar\n|-damage|p2a: Tyranitar|0 fnt\n|faint|p2a: Tyranitar\n|-ohko\n|move|p1b: Oranguru|Instruct|p1a: Snorlax\n|-singleturn|p1a: Snorlax|move: Instruct|[of] p1b: Oranguru\n|move|p1a: Snorlax|Fissure|p2b: Incineroar\n|-damage|p2b: Incineroar|0 fnt\n|faint|p2b: Incineroar\n|-ohko\n|\n|-heal|p1a: Snorlax|26/100|[from] item: Leftovers\n|upkeep\n|\n|t:|1776564710\n|switch|p2b: Aegislash|Aegislash, L50, M|100/100\n|switch|p2a: Floette|Floette-Eternal, L50, F|100/100\n|turn|7\n|\n|t:|1776564723\n|move|p1a: Snorlax|Fissure|p2a: Floette\n|-damage|p2a: Floette|0 fnt\n|faint|p2a: Floette\n|-ohko\n|move|p1b: Oranguru|Instruct|p1a: Snorlax\n|-singleturn|p1a: Snorlax|move: Instruct|[of] p1b: Oranguru\n|move|p1a: Snorlax|Fissure|p2b: Aegislash\n|-damage|p2b: Aegislash|0 fnt\n|faint|p2b: Aegislash\n|-ohko\n|\n|win|silverland71429\n|raw|silverland71429's rating: 1353 &rarr; <strong>1374</strong><br />(+21 for winning)\n|raw|KermitFrogge's rating: 1370 &rarr; <strong>1349</strong><br />(-21 for losing)\n",
  "uploadtime": 1776564726,
  "views": 15,
  "formatid": "gen9championsvgc2026regma",
  "rating": 1349,
  "private": 0,
  "password": null
}