{
  "id": "gen9championsvgc2026regma-2583514300",
  "format": "[Gen 9 Champions] VGC 2026 Reg M-A",
  "players": [
    "piedidiconkeldurr",
    "Hospitable Rotbart"
  ],
  "log": "|j|\u2606piedidiconkeldurr\n|j|\u2606Hospitable Rotbart\n|t:|1776180458\n|gametype|doubles\n|player|p1|piedidiconkeldurr|cynthia|1225\n|player|p2|Hospitable Rotbart|170|1257\n|gen|9\n|tier|[Gen 9 Champions] VGC 2026 Reg M-A\n|rated|\n|rule|Species Clause: Limit one of each Pok\u00e9mon\n|rule|Item Clause: Limit 1 of each item\n|clearpoke\n|poke|p1|Mudsdale, L50, F|\n|poke|p1|Farigiraf, L50, F|\n|poke|p1|Sinistcha, L50|\n|poke|p1|Camerupt, L50, M|\n|poke|p1|Luxray, L50, F|\n|poke|p1|Blastoise, L50, M|\n|poke|p2|Incineroar, L50, F|\n|poke|p2|Farigiraf, L50, M|\n|poke|p2|Golurk, L50|\n|poke|p2|Hatterene, L50, F|\n|poke|p2|Torkoal, L50, M|\n|poke|p2|Aegislash, L50, F|\n|teampreview|4\n|\n|t:|1776180528\n|teamsize|p1|4\n|teamsize|p2|4\n|start\n|switch|p1a: Luxray|Luxray, L50, F|100/100\n|switch|p1b: Farigiraf|Farigiraf, L50, F|100/100\n|switch|p2a: Incineroar|Incineroar, L50, F|100/100\n|switch|p2b: Farigiraf|Farigiraf, L50, M|100/100\n|-ability|p1a: Luxray|Intimidate|boost\n|-unboost|p2a: Incineroar|atk|1\n|-unboost|p2b: Farigiraf|atk|1\n|-ability|p2a: Incineroar|Intimidate|boost\n|-unboost|p1a: Luxray|atk|1\n|-unboost|p1b: Farigiraf|atk|1\n|turn|1\n|\n|t:|1776180572\n|switch|p1a: Mudsdale|Mudsdale, L50, F|100/100\n|move|p2a: Incineroar|Darkest Lariat|p1b: Farigiraf\n|-supereffective|p1b: Farigiraf|1\n|-damage|p1b: Farigiraf|47/100\n|move|p1b: Farigiraf|Trick Room|p1b: Farigiraf\n|-fieldstart|move: Trick Room|[of] p1b: Farigiraf\n|move|p2b: Farigiraf|Trick Room|p2b: Farigiraf\n|-fieldend|move: Trick Room\n|\n|upkeep\n|turn|2\n|\n|t:|1776180602\n|move|p1b: Farigiraf|Helping Hand|p1a: Mudsdale\n|-singleturn|p1a: Mudsdale|Helping Hand|[of] p1b: Farigiraf\n|move|p2a: Incineroar|Darkest Lariat|p1b: Farigiraf\n|-supereffective|p1b: Farigiraf|1\n|-damage|p1b: Farigiraf|0 fnt\n|faint|p1b: Farigiraf\n|move|p1a: Mudsdale|High Horsepower|p2a: Incineroar\n|-supereffective|p2a: Incineroar|1\n|-damage|p2a: Incineroar|0 fnt\n|faint|p2a: Incineroar\n|move|p2b: Farigiraf|Trick Room|p2b: Farigiraf\n|-fieldstart|move: Trick Room|[of] p2b: Farigiraf\n|\n|upkeep\n|\n|t:|1776180620\n|switch|p1b: Camerupt|Camerupt, L50, M|100/100\n|switch|p2a: Golurk|Golurk, L50|100/100\n|turn|3\n|\n|t:|1776180632\n|switch|p1b: Luxray|Luxray, L50, F|100/100\n|-ability|p1b: Luxray|Intimidate|boost\n|-unboost|p2a: Golurk|atk|1\n|-unboost|p2b: Farigiraf|atk|1\n|detailschange|p2a: Golurk|Golurk-Mega, L50\n|-mega|p2a: Golurk|Golurk|Golurkite\n|move|p1a: Mudsdale|Curse|p1a: Mudsdale\n|-unboost|p1a: Mudsdale|spe|1\n|-boost|p1a: Mudsdale|atk|1\n|-boost|p1a: Mudsdale|def|1\n|move|p2a: Golurk|Headlong Rush|p1b: Luxray\n|-supereffective|p1b: Luxray|1\n|-enditem|p1b: Luxray|Shuca Berry|[eat]\n|-enditem|p1b: Luxray|Shuca Berry|[weaken]\n|-damage|p1b: Luxray|34/100\n|-unboost|p2a: Golurk|def|1\n|-unboost|p2a: Golurk|spd|1\n|move|p2b: Farigiraf|Hyper Voice|p1a: Mudsdale|[spread] p1a,p1b\n|-damage|p1a: Mudsdale|71/100\n|-damage|p1b: Luxray|0 fnt\n|faint|p1b: Luxray\n|\n|-heal|p1a: Mudsdale|77/100|[from] item: Leftovers\n|upkeep\n|\n|t:|1776180649\n|switch|p1b: Camerupt|Camerupt, L50, M|100/100\n|turn|4\n|\n|t:|1776180667\n|switch|p2a: Hatterene|Hatterene, L50, F, shiny|100/100\n|detailschange|p1b: Camerupt|Camerupt-Mega, L50, M\n|-mega|p1b: Camerupt|Camerupt|Cameruptite\n|move|p2b: Farigiraf|Protect|p2b: Farigiraf\n|-singleturn|p2b: Farigiraf|Protect\n|move|p1a: Mudsdale|High Horsepower|p2a: Hatterene\n|-damage|p2a: Hatterene|14/100\n|move|p1b: Camerupt|Eruption|p2b: Farigiraf|[spread] p2a\n|-activate|p2b: Farigiraf|move: Protect\n|-damage|p2a: Hatterene|0 fnt\n|faint|p2a: Hatterene\n|\n|-heal|p1a: Mudsdale|83/100|[from] item: Leftovers\n|upkeep\n|\n|t:|1776180678\n|switch|p2a: Golurk|Golurk-Mega, L50|100/100\n|turn|5\n|\n|t:|1776180693\n|move|p1a: Mudsdale|High Horsepower|p2a: Golurk\n|-damage|p2a: Golurk|39/100\n|move|p1b: Camerupt|Eruption|p2a: Golurk|[spread] p2a,p2b\n|-damage|p2a: Golurk|0 fnt\n|-damage|p2b: Farigiraf|25/100\n|faint|p2a: Golurk\n|move|p2b: Farigiraf|Hyper Voice|p1b: Camerupt|[spread] p1a,p1b\n|-crit|p1b: Camerupt\n|-damage|p1a: Mudsdale|52/100\n|-damage|p1b: Camerupt|54/100\n|\n|-heal|p1a: Mudsdale|58/100|[from] item: Leftovers\n|upkeep\n|turn|6\n|-message|Hospitable Rotbart forfeited.\n|\n|win|piedidiconkeldurr\n|raw|piedidiconkeldurr's rating: 1225 &rarr; <strong>1252</strong><br />(+27 for winning)\n|raw|Hospitable Rotbart's rating: 1257 &rarr; <strong>1230</strong><br />(-27 for losing)\n|l|\u2606Hospitable Rotbart\n|player|p2|\n",
  "uploadtime": 1776180704,
  "views": 23,
  "formatid": "gen9championsvgc2026regma",
  "rating": 1230,
  "private": 0,
  "password": null
}