{
  "id": "gen9championsvgc2026regma-2582350491",
  "format": "[Gen 9 Champions] VGC 2026 Reg M-A",
  "players": [
    "spacecowboyp",
    "Burgerboy18"
  ],
  "log": "|j|\u2606spacecowboyp\n|j|\u2606Burgerboy18\n|t:|1776085566\n|gametype|doubles\n|player|p1|spacecowboyp|cyclist-gen4|1154\n|player|p2|Burgerboy18|169|1162\n|gen|9\n|tier|[Gen 9 Champions] VGC 2026 Reg M-A\n|rated|\n|rule|Species Clause: Limit one of each Pok\u00e9mon\n|rule|Item Clause: Limit 1 of each item\n|clearpoke\n|poke|p1|Dragonite, L50, M|\n|poke|p1|Pelipper, L50, F|\n|poke|p1|Basculegion, L50, M|\n|poke|p1|Sableye, L50, F|\n|poke|p1|Scizor, L50, M|\n|poke|p1|Garchomp, L50, M|\n|poke|p2|Scizor, L50, M|\n|poke|p2|Gengar, L50, M|\n|poke|p2|Aerodactyl, L50, M|\n|poke|p2|Raichu, L50, M|\n|poke|p2|Tauros-Paldea-Aqua, L50, M|\n|poke|p2|Sylveon, L50, F|\n|teampreview|4\n|\n|t:|1776085604\n|teamsize|p1|4\n|teamsize|p2|4\n|start\n|switch|p1a: Sableye|Sableye, L50, F|100/100\n|switch|p1b: Pelipper|Pelipper, L50, F|100/100\n|switch|p2a: Gengar|Gengar, L50, M|100/100\n|switch|p2b: Tauros|Tauros-Paldea-Aqua, L50, M|100/100\n|-ability|p2b: Tauros|Intimidate|boost\n|-unboost|p1a: Sableye|atk|1\n|-unboost|p1b: Pelipper|atk|1\n|-weather|RainDance|[from] ability: Drizzle|[of] p1b: Pelipper\n|turn|1\n|inactive|Battle timer is ON: inactive players will automatically lose when time's up. (requested by spacecowboyp)\n|\n|t:|1776085648\n|switch|p2b: Raichu|Raichu, L50, M|100/100\n|detailschange|p2a: Gengar|Gengar-Mega, L50, M\n|-mega|p2a: Gengar|Gengar|Gengarite\n|move|p1a: Sableye|Fake Out|p2b: Raichu\n|-crit|p2b: Raichu\n|-damage|p2b: Raichu|79/100\n|move|p2a: Gengar|Shadow Ball|p1a: Sableye\n|-damage|p1a: Sableye|49/100\n|move|p1b: Pelipper|Tailwind|p1b: Pelipper\n|-sidestart|p1: spacecowboyp|move: Tailwind\n|\n|-weather|RainDance|[upkeep]\n|-heal|p1a: Sableye|55/100|[from] item: Leftovers\n|upkeep\n|turn|2\n|inactive|spacecowboyp has 30 seconds left.\n|inactive|Burgerboy18 has 30 seconds left.\n|inactive|Burgerboy18 has 20 seconds left.\n|inactive|Burgerboy18 has 15 seconds left.\n|\n|t:|1776085689\n|move|p2b: Raichu|Fake Out|p1b: Pelipper\n|-damage|p1b: Pelipper|90/100\n|move|p1a: Sableye|Taunt|p2a: Gengar\n|-start|p2a: Gengar|move: Taunt\n|cant|p1b: Pelipper|flinch\n|move|p2a: Gengar|Shadow Ball|p1a: Sableye\n|-damage|p1a: Sableye|1/100\n|\n|-weather|RainDance|[upkeep]\n|-heal|p1a: Sableye|7/100|[from] item: Leftovers\n|upkeep\n|turn|3\n|inactive|spacecowboyp has 30 seconds left.\n|inactive|Burgerboy18 has 30 seconds left.\n|\n|t:|1776085716\n|switch|p2a: Sylveon|Sylveon, L50, F|100/100\n|move|p1a: Sableye|Will-O-Wisp|p2a: Sylveon|[miss]\n|-miss|p1a: Sableye|p2a: Sylveon\n|move|p1b: Pelipper|Weather Ball|p2b: Raichu\n|-damage|p2b: Raichu|0 fnt\n|faint|p2b: Raichu\n|\n|-weather|RainDance|[upkeep]\n|-heal|p1a: Sableye|13/100|[from] item: Leftovers\n|upkeep\n|\n|t:|1776085733\n|switch|p2b: Gengar|Gengar-Mega, L50, M|100/100\n|turn|4\n|\n|t:|1776085754\n|move|p2b: Gengar|Protect|p2b: Gengar\n|-singleturn|p2b: Gengar|Protect\n|move|p1a: Sableye|Will-O-Wisp|p2a: Sylveon\n|-status|p2a: Sylveon|brn\n|move|p1b: Pelipper|Hurricane|p2b: Gengar\n|-activate|p2b: Gengar|move: Protect\n|move|p2a: Sylveon|Hyper Voice|p1b: Pelipper|[spread] p1a,p1b\n|-supereffective|p1a: Sableye|1\n|-damage|p1a: Sableye|0 fnt\n|-damage|p1b: Pelipper|30/100\n|faint|p1a: Sableye\n|\n|-weather|RainDance|[upkeep]\n|-damage|p2a: Sylveon|95/100 brn|[from] brn\n|-sideend|p1: spacecowboyp|move: Tailwind\n|upkeep\n|\n|t:|1776085757\n|switch|p1a: Dragonite|Dragonite, L50, M|100/100\n|turn|5\n|\n|t:|1776085779\n|detailschange|p1a: Dragonite|Dragonite-Mega, L50, M\n|-mega|p1a: Dragonite|Dragonite|Dragoninite\n|move|p1b: Pelipper|Protect|p1b: Pelipper\n|-singleturn|p1b: Pelipper|Protect\n|move|p2b: Gengar|Icy Wind|p1a: Dragonite|[spread] p1a\n|-activate|p1b: Pelipper|move: Protect\n|-supereffective|p1a: Dragonite|2\n|-damage|p1a: Dragonite|66/100\n|-unboost|p1a: Dragonite|spe|1\n|move|p2a: Sylveon|Hyper Voice|p1b: Pelipper|[spread] p1a\n|-activate|p1b: Pelipper|move: Protect\n|-supereffective|p1a: Dragonite|1\n|-damage|p1a: Dragonite|5/100\n|move|p1a: Dragonite|Hurricane|p2b: Gengar\n|-damage|p2b: Gengar|13/100\n|\n|-weather|none\n|-damage|p2a: Sylveon|89/100 brn|[from] brn\n|upkeep\n|turn|6\n|\n|t:|1776085798\n|move|p2b: Gengar|Protect|p2b: Gengar\n|-singleturn|p2b: Gengar|Protect\n|move|p1a: Dragonite|Protect|p1a: Dragonite\n|-singleturn|p1a: Dragonite|Protect\n|move|p2a: Sylveon|Hyper Voice|p1b: Pelipper|[spread] p1b\n|-activate|p1a: Dragonite|move: Protect\n|-damage|p1b: Pelipper|0 fnt\n|faint|p1b: Pelipper\n|\n|-damage|p2a: Sylveon|83/100 brn|[from] brn\n|upkeep\n|\n|t:|1776085807\n|switch|p1b: Basculegion|Basculegion, L50, M|100/100\n|turn|7\n|\n|t:|1776085818\n|switch|p2b: Tauros|Tauros-Paldea-Aqua, L50, M|100/100\n|-ability|p2b: Tauros|Intimidate|boost\n|-unboost|p1a: Dragonite|atk|1\n|-unboost|p1b: Basculegion|atk|1\n|move|p1b: Basculegion|Aqua Jet|p2b: Tauros\n|-resisted|p2b: Tauros|1\n|-damage|p2b: Tauros|92/100\n|move|p2a: Sylveon|Hyper Voice|p1b: Basculegion|[spread] p1a,p1b\n|-supereffective|p1a: Dragonite|1\n|-crit|p1a: Dragonite\n|-damage|p1a: Dragonite|0 fnt\n|-damage|p1b: Basculegion|63/100\n|faint|p1a: Dragonite\n|\n|-damage|p2a: Sylveon|77/100 brn|[from] brn\n|upkeep\n|turn|8\n|\n|t:|1776085832\n|move|p2b: Tauros|Protect|p2b: Tauros\n|-singleturn|p2b: Tauros|Protect\n|move|p2a: Sylveon|Hyper Voice|p1b: Basculegion\n|-damage|p1b: Basculegion|8/100\n|move|p1b: Basculegion|Last Respects|p2a: Sylveon\n|-damage|p2a: Sylveon|0 fnt\n|faint|p2a: Sylveon\n|\n|upkeep\n|\n|t:|1776085839\n|switch|p2a: Gengar|Gengar-Mega, L50, M|13/100\n|turn|9\n|\n|t:|1776085854\n|move|p2a: Gengar|Shadow Ball|p1b: Basculegion\n|-supereffective|p1b: Basculegion|1\n|-damage|p1b: Basculegion|0 fnt\n|faint|p1b: Basculegion\n|\n|win|Burgerboy18\n|raw|spacecowboyp's rating: 1154 &rarr; <strong>1130</strong><br />(-24 for losing)\n|raw|Burgerboy18's rating: 1162 &rarr; <strong>1186</strong><br />(+24 for winning)\n",
  "uploadtime": 1776085862,
  "views": 17,
  "formatid": "gen9championsvgc2026regma",
  "rating": 1130,
  "private": 0,
  "password": null
}