{
  "id": "gen9championsvgc2026regma-2581997128",
  "format": "[Gen 9 Champions] VGC 2026 Reg M-A",
  "players": [
    "D20Manning",
    "finn_omega"
  ],
  "log": "|j|\u2606D20Manning\n|j|\u2606finn_omega\n|t:|1776046813\n|gametype|doubles\n|player|p1|D20Manning|265|1080\n|player|p2|finn_omega|ethan|1040\n|gen|9\n|tier|[Gen 9 Champions] VGC 2026 Reg M-A\n|rated|\n|rule|Species Clause: Limit one of each Pok\u00e9mon\n|rule|Item Clause: Limit 1 of each item\n|clearpoke\n|poke|p1|Typhlosion, L50, M|\n|poke|p1|Orthworm, L50, M|\n|poke|p1|Sableye, L50, M|\n|poke|p1|Charizard, L50, M|\n|poke|p1|Garchomp, L50, M|\n|poke|p1|Heliolisk, L50, M|\n|poke|p2|Whimsicott, L50, F|\n|poke|p2|Farigiraf, L50, F|\n|poke|p2|Camerupt, L50, F|\n|poke|p2|Reuniclus, L50, F|\n|poke|p2|Clawitzer, L50, M|\n|poke|p2|Kingambit, L50, F|\n|teampreview|4\n|\n|t:|1776046834\n|teamsize|p1|4\n|teamsize|p2|4\n|start\n|switch|p1a: Orthworm|Orthworm, L50, M|100/100\n|switch|p1b: Sableye|Sableye, L50, M|100/100\n|switch|p2a: Farigiraf|Farigiraf, L50, F|100/100\n|switch|p2b: Clawitzer|Clawitzer, L50, M|100/100\n|turn|1\n|inactive|Battle timer is ON: inactive players will automatically lose when time's up. (requested by finn_omega)\n|\n|t:|1776046861\n|move|p1b: Sableye|Fake Out||[still]\n|cant|p2a: Farigiraf|ability: Armor Tail|Fake Out|[of] p1b: Sableye\n|move|p1a: Orthworm|Shed Tail|p1a: Orthworm\n|-start|p1a: Orthworm|Substitute|[from] move: Shed Tail\n|-damage|p1a: Orthworm|50/100\n|-enditem|p1a: Orthworm|Sitrus Berry|[eat]\n|-heal|p1a: Orthworm|75/100|[from] item: Sitrus Berry\n|\n|t:|1776046871\n|switch|p1a: Typhlosion|Typhlosion, L50, M|100/100|[from] Shed Tail\n|move|p2b: Clawitzer|Aura Sphere|p1a: Typhlosion\n|-end|p1a: Typhlosion|Substitute\n|move|p2a: Farigiraf|Trick Room|p2a: Farigiraf\n|-fieldstart|move: Trick Room|[of] p2a: Farigiraf\n|\n|upkeep\n|turn|2\n|\n|t:|1776046893\n|switch|p2a: Camerupt|Camerupt, L50, F|100/100\n|move|p1b: Sableye|Sunny Day|p1b: Sableye\n|-weather|SunnyDay\n|move|p2b: Clawitzer|Water Pulse|p1a: Typhlosion\n|-supereffective|p1a: Typhlosion|1\n|-damage|p1a: Typhlosion|42/100\n|move|p1a: Typhlosion|Solar Beam||[still]\n|-prepare|p1a: Typhlosion|Solar Beam\n|-anim|p1a: Typhlosion|Solar Beam|p2b: Clawitzer\n|-supereffective|p2b: Clawitzer|1\n|-damage|p2b: Clawitzer|22/100\n|\n|-weather|SunnyDay|[upkeep]\n|upkeep\n|turn|3\n|inactive|D20Manning has 30 seconds left.\n|\n|t:|1776046927\n|switch|p1a: Orthworm|Orthworm, L50, M|75/100\n|detailschange|p2a: Camerupt|Camerupt-Mega, L50, F\n|-mega|p2a: Camerupt|Camerupt|Cameruptite\n|move|p2a: Camerupt|Flamethrower|p1b: Sableye\n|-damage|p1b: Sableye|0 fnt\n|faint|p1b: Sableye\n|move|p2b: Clawitzer|Water Pulse|p1a: Orthworm\n|-damage|p1a: Orthworm|37/100\n|\n|-weather|SunnyDay|[upkeep]\n|upkeep\n|\n|t:|1776046945\n|switch|p1b: Charizard|Charizard, L50, M|100/100\n|turn|4\n|inactive|D20Manning has 30 seconds left.\n|\n|t:|1776046971\n|detailschange|p1b: Charizard|Charizard-Mega-Y, L50, M\n|-mega|p1b: Charizard|Charizard|Charizardite Y\n|move|p2a: Camerupt|Flamethrower|p1a: Orthworm\n|-supereffective|p1a: Orthworm|1\n|-damage|p1a: Orthworm|0 fnt\n|faint|p1a: Orthworm\n|move|p2b: Clawitzer|Water Pulse|p1b: Charizard\n|-supereffective|p1b: Charizard|1\n|-damage|p1b: Charizard|52/100\n|move|p1b: Charizard|Ancient Power|p2a: Camerupt\n|-damage|p2a: Camerupt|75/100\n|\n|-weather|SunnyDay|[upkeep]\n|upkeep\n|\n|t:|1776046985\n|switch|p1a: Typhlosion|Typhlosion, L50, M|42/100\n|turn|5\n|\n|t:|1776047003\n|move|p2a: Camerupt|Earth Power|p1a: Typhlosion\n|-supereffective|p1a: Typhlosion|1\n|-damage|p1a: Typhlosion|0 fnt\n|faint|p1a: Typhlosion\n|move|p2b: Clawitzer|Water Pulse|p1b: Charizard\n|-supereffective|p1b: Charizard|1\n|-damage|p1b: Charizard|0 fnt\n|faint|p1b: Charizard\n|\n|win|finn_omega\n|raw|D20Manning's rating: 1080 &rarr; <strong>1055</strong><br />(-25 for losing)\n|raw|finn_omega's rating: 1040 &rarr; <strong>1078</strong><br />(+38 for winning)\n",
  "uploadtime": 1776047012,
  "views": 10,
  "formatid": "gen9championsvgc2026regma",
  "rating": 1055,
  "private": 0,
  "password": null
}