{
  "id": "gen9championsvgc2026regma-2587448178",
  "format": "[Gen 9 Champions] VGC 2026 Reg M-A",
  "players": [
    "Cacrths",
    "ilimejuice93!"
  ],
  "log": "|j|\u2606Cacrths\n|j|\u2606ilimejuice93!\n|t:|1776532658\n|gametype|doubles\n|player|p1|Cacrths|miku-ground|1212\n|player|p2|ilimejuice93!|169|1211\n|gen|9\n|tier|[Gen 9 Champions] VGC 2026 Reg M-A\n|rated|\n|rule|Species Clause: Limit one of each Pok\u00e9mon\n|rule|Item Clause: Limit 1 of each item\n|clearpoke\n|poke|p1|Delphox, L50, F, shiny|\n|poke|p1|Garchomp, L50, F|\n|poke|p1|Floette-Eternal, L50, F|\n|poke|p1|Whimsicott, L50, M, shiny|\n|poke|p1|Farigiraf, L50, F|\n|poke|p1|Rotom-Mow, L50, shiny|\n|poke|p2|Gengar, L50, M|\n|poke|p2|Politoed, L50, F|\n|poke|p2|Incineroar, L50, F|\n|poke|p2|Kingambit, L50, F|\n|poke|p2|Palafin, L50, M|\n|poke|p2|Sableye, L50, F|\n|teampreview|4\n|inactive|Battle timer is ON: inactive players will automatically lose when time's up. (requested by Cacrths)\n|inactive|ilimejuice93! has 60 seconds left.\n|inactive|Cacrths has 60 seconds left.\n|inactive|Cacrths has 30 seconds left.\n|\n|t:|1776532732\n|teamsize|p1|4\n|teamsize|p2|4\n|start\n|switch|p1a: Garchomp|Garchomp, L50, F|100/100\n|switch|p1b: Rotom|Rotom-Mow, L50, shiny|100/100\n|switch|p2a: Gengar|Gengar, L50, M|100/100\n|switch|p2b: Sableye|Sableye, L50, F|100/100\n|turn|1\n|\n|t:|1776532755\n|detailschange|p2a: Gengar|Gengar-Mega, L50, M\n|-mega|p2a: Gengar|Gengar|Gengarite\n|move|p2b: Sableye|Detect|p2b: Sableye\n|-singleturn|p2b: Sableye|Protect\n|move|p2a: Gengar|Protect|p2a: Gengar\n|-singleturn|p2a: Gengar|Protect\n|move|p1a: Garchomp|Earthquake|p2b: Sableye|[spread] \n|-activate|p2a: Gengar|move: Protect\n|-activate|p2b: Sableye|move: Protect\n|-immune|p1b: Rotom|[from] ability: Levitate\n|move|p1b: Rotom|Thunderbolt|p2b: Sableye\n|-activate|p2b: Sableye|move: Protect\n|\n|upkeep\n|turn|2\n|inactive|ilimejuice93! has 30 seconds left.\n|inactive|ilimejuice93! has 20 seconds left.\n|\n|t:|1776532792\n|move|p2b: Sableye|Disable|p1a: Garchomp\n|-start|p1a: Garchomp|Disable|Earthquake\n|cant|p1a: Garchomp|Disable|Earthquake\n|move|p2a: Gengar|Perish Song|p2a: Gengar\n|-start|p1a: Garchomp|perish3|[silent]\n|-start|p1b: Rotom|perish3|[silent]\n|-start|p2a: Gengar|perish3|[silent]\n|-start|p2b: Sableye|perish3|[silent]\n|-fieldactivate|move: Perish Song\n|move|p1b: Rotom|Volt Switch|p2b: Sableye\n|-damage|p2b: Sableye|58/100\n|\n|t:|1776532806\n|switch|p1b: Farigiraf|Farigiraf, L50, F|100/100|[from] Volt Switch\n|\n|-start|p1a: Garchomp|perish3\n|-start|p2a: Gengar|perish3\n|-start|p2b: Sableye|perish3\n|upkeep\n|turn|3\n|\n|t:|1776532830\n|move|p2b: Sableye|Encore||[still]\n|cant|p1b: Farigiraf|ability: Armor Tail|Encore|[of] p2b: Sableye\n|-activate|p1a: Garchomp|move: Struggle\n|move|p1a: Garchomp|Struggle|p2b: Sableye\n|-damage|p2b: Sableye|35/100\n|-damage|p1a: Garchomp|76/100|[from] recoil\n|move|p2a: Gengar|Perish Song|p2a: Gengar\n|-start|p1b: Farigiraf|perish3|[silent]\n|-fieldactivate|move: Perish Song\n|move|p1b: Farigiraf|Trick|p1a: Garchomp\n|-activate|p1b: Farigiraf|move: Trick|[of] p1a: Garchomp\n|-item|p1a: Garchomp|Sitrus Berry|[from] move: Trick\n|-item|p1b: Farigiraf|Choice Scarf|[from] move: Trick\n|\n|-start|p2a: Gengar|perish2\n|-start|p1a: Garchomp|perish2\n|-start|p1b: Farigiraf|perish3\n|-start|p2b: Sableye|perish2\n|upkeep\n|turn|4\n|inactive|ilimejuice93! has 30 seconds left.\n|\n|t:|1776532856\n|move|p2b: Sableye|Detect|p2b: Sableye\n|-singleturn|p2b: Sableye|Protect\n|move|p2a: Gengar|Protect|p2a: Gengar\n|-singleturn|p2a: Gengar|Protect\n|move|p1a: Garchomp|Stomping Tantrum|p2b: Sableye\n|-activate|p2b: Sableye|move: Protect\n|move|p1b: Farigiraf|Roar|p2a: Gengar\n|drag|p2a: Incineroar|Incineroar, L50, F|100/100\n|-ability|p2a: Incineroar|Intimidate|boost\n|-unboost|p1a: Garchomp|atk|1\n|-unboost|p1b: Farigiraf|atk|1\n|\n|-start|p1a: Garchomp|perish1\n|-start|p1b: Farigiraf|perish2\n|-start|p2b: Sableye|perish1\n|upkeep\n|turn|5\n|inactive|ilimejuice93! has 30 seconds left.\n|inactive|Cacrths has 30 seconds left.\n|inactive|ilimejuice93! has 20 seconds left.\n|inactive|ilimejuice93! has 15 seconds left.\n|inactive|ilimejuice93! has 10 seconds left.\n|inactive|ilimejuice93! has 5 seconds left.\n|\n|t:|1776532908\n|switch|p1a: Rotom|Rotom-Mow, L50, shiny|100/100\n|switch|p2b: Kingambit|Kingambit, L50, F|100/100\n|move|p2a: Incineroar|Parting Shot|p1a: Rotom|[miss]\n|-miss|p2a: Incineroar|p1a: Rotom\n|move|p1b: Farigiraf|Roar|p2a: Incineroar\n|drag|p2a: Sableye|Sableye, L50, F|35/100\n|\n|-start|p1b: Farigiraf|perish1\n|upkeep\n|turn|6\n|inactive|Cacrths has 30 seconds left.\n|inactive|ilimejuice93! has 30 seconds left.\n|inactive|ilimejuice93! has 20 seconds left.\n|inactive|ilimejuice93! has 15 seconds left.\n|inactive|Cacrths has 20 seconds left.\n|inactive|Cacrths has 15 seconds left.\n|\n|t:|1776532963\n|switch|p1b: Garchomp|Garchomp, L50, F|76/100\n|switch|p2b: Gengar|Gengar-Mega, L50, M|100/100\n|move|p2a: Sableye|Fake Out|p1a: Rotom\n|-damage|p1a: Rotom|92/100\n|cant|p1a: Rotom|flinch\n|\n|upkeep\n|turn|7\n|inactive|ilimejuice93! has 30 seconds left.\n|inactive|ilimejuice93! has 20 seconds left.\n|inactive|ilimejuice93! has 15 seconds left.\n|inactive|ilimejuice93! has 10 seconds left.\n|inactive|ilimejuice93! has 5 seconds left.\n|\n|t:|1776533013\n|switch|p2a: Incineroar|Incineroar, L50, F|100/100\n|-ability|p2a: Incineroar|Intimidate|boost\n|-unboost|p1a: Rotom|atk|1\n|-unboost|p1b: Garchomp|atk|1\n|move|p2b: Gengar|Protect|p2b: Gengar\n|-singleturn|p2b: Gengar|Protect\n|move|p1b: Garchomp|Rock Slide|p2a: Incineroar|[spread] p2a\n|-activate|p2b: Gengar|move: Protect\n|-supereffective|p2a: Incineroar|1\n|-damage|p2a: Incineroar|76/100\n|move|p1a: Rotom|Thunderbolt|p2b: Gengar\n|-activate|p2b: Gengar|move: Protect\n|\n|-heal|p2a: Incineroar|82/100|[from] item: Leftovers\n|upkeep\n|turn|8\n|inactive|ilimejuice93! has 30 seconds left.\n|\n|t:|1776533039\n|move|p2a: Incineroar|Fake Out|p1b: Garchomp\n|-damage|p1b: Garchomp|65/100\n|-damage|p2a: Incineroar|69/100|[from] ability: Rough Skin|[of] p1b: Garchomp\n|move|p2b: Gengar|Perish Song|p2b: Gengar\n|-start|p1a: Rotom|perish3|[silent]\n|-start|p1b: Garchomp|perish3|[silent]\n|-start|p2a: Incineroar|perish3|[silent]\n|-start|p2b: Gengar|perish3|[silent]\n|-fieldactivate|move: Perish Song\n|cant|p1b: Garchomp|flinch\n|move|p1a: Rotom|Will-O-Wisp|p2b: Gengar\n|-status|p2b: Gengar|brn\n|\n|-heal|p2a: Incineroar|75/100|[from] item: Leftovers\n|-damage|p2b: Gengar|95/100 brn|[from] brn\n|-start|p2b: Gengar|perish3\n|-start|p1b: Garchomp|perish3\n|-start|p1a: Rotom|perish3\n|-start|p2a: Incineroar|perish3\n|upkeep\n|turn|9\n|\n|t:|1776533060\n|move|p2b: Gengar|Protect|p2b: Gengar\n|-singleturn|p2b: Gengar|Protect\n|move|p2a: Incineroar|Protect|p2a: Incineroar\n|-singleturn|p2a: Incineroar|Protect\n|move|p1b: Garchomp|Earthquake|p2b: Gengar|[spread] \n|-activate|p2a: Incineroar|move: Protect\n|-activate|p2b: Gengar|move: Protect\n|-immune|p1a: Rotom|[from] ability: Levitate\n|move|p1a: Rotom|Volt Switch|p2a: Incineroar\n|-activate|p2a: Incineroar|move: Protect\n|\n|-heal|p2a: Incineroar|81/100|[from] item: Leftovers\n|-damage|p2b: Gengar|89/100 brn|[from] brn\n|-start|p2b: Gengar|perish2\n|-start|p1b: Garchomp|perish2\n|-start|p1a: Rotom|perish2\n|-start|p2a: Incineroar|perish2\n|upkeep\n|turn|10\n|inactive|ilimejuice93! has 30 seconds left.\n|\n|t:|1776533090\n|switch|p2b: Sableye|Sableye, L50, F|35/100\n|move|p1b: Garchomp|Stomping Tantrum|p2a: Incineroar\n|-supereffective|p2a: Incineroar|1\n|-damage|p2a: Incineroar|0 fnt\n|faint|p2a: Incineroar\n|move|p1a: Rotom|Thunderbolt|p2b: Sableye\n|-damage|p2b: Sableye|0 fnt\n|faint|p2b: Sableye\n|\n|-start|p1b: Garchomp|perish1\n|-start|p1a: Rotom|perish1\n|upkeep\n|\n|t:|1776533106\n|switch|p2a: Gengar|Gengar-Mega, L50, M|89/100 brn\n|switch|p2b: Kingambit|Kingambit, L50, F|100/100\n|turn|11\n|\n|t:|1776533123\n|move|p2a: Gengar|Protect|p2a: Gengar\n|-singleturn|p2a: Gengar|Protect\n|move|p2b: Kingambit|Protect|p2b: Kingambit\n|-singleturn|p2b: Kingambit|Protect\n|move|p1b: Garchomp|Earthquake|p2b: Kingambit|[spread] \n|-activate|p2a: Gengar|move: Protect\n|-activate|p2b: Kingambit|move: Protect\n|-immune|p1a: Rotom|[from] ability: Levitate\n|move|p1a: Rotom|Volt Switch|p2b: Kingambit\n|-activate|p2b: Kingambit|move: Protect\n|\n|-damage|p2a: Gengar|83/100 brn|[from] brn\n|-start|p1b: Garchomp|perish0\n|-start|p1a: Rotom|perish0\n|faint|p1b: Garchomp\n|faint|p1a: Rotom\n|upkeep\n|\n|t:|1776533126\n|switch|p1b: Delphox|Delphox, L50, F, shiny|100/100\n|switch|p1a: Farigiraf|Farigiraf, L50, F|100/100\n|turn|12\n|inactive|Cacrths has 30 seconds left.\n|inactive|ilimejuice93! has 30 seconds left.\n|inactive|ilimejuice93! has 20 seconds left.\n|inactive|ilimejuice93! has 15 seconds left.\n|inactive|ilimejuice93! has 10 seconds left.\n|\n|t:|1776533171\n|detailschange|p1b: Delphox|Delphox-Mega, L50, F, shiny\n|-mega|p1b: Delphox|Delphox|Delphoxite\n|move|p2a: Gengar|Protect||[still]\n|-fail|p2a: Gengar\n|move|p1b: Delphox|Fire Blast|p2b: Kingambit\n|-supereffective|p2b: Kingambit|1\n|-damage|p2b: Kingambit|0 fnt\n|faint|p2b: Kingambit\n|move|p1a: Farigiraf|Psychic|p2a: Gengar\n|-supereffective|p2a: Gengar|1\n|-damage|p2a: Gengar|2/100 brn\n|\n|-damage|p2a: Gengar|0 fnt|[from] brn\n|faint|p2a: Gengar\n|\n|win|Cacrths\n|raw|Cacrths's rating: 1212 &rarr; <strong>1237</strong><br />(+25 for winning)\n|raw|ilimejuice93!'s rating: 1211 &rarr; <strong>1186</strong><br />(-25 for losing)\n",
  "uploadtime": 1776533178,
  "views": 13,
  "formatid": "gen9championsvgc2026regma",
  "rating": 1186,
  "private": 0,
  "password": null
}