{
  "id": "gen9championsvgc2026regma-2586207402",
  "format": "[Gen 9 Champions] VGC 2026 Reg M-A",
  "players": [
    "Axeman",
    "MagnusXM2"
  ],
  "log": "|j|\u2606Axeman\n|j|\u2606MagnusXM2\n|t:|1776412442\n|gametype|doubles\n|player|p1|Axeman|101|1000\n|player|p2|MagnusXM2|101|1050\n|gen|9\n|tier|[Gen 9 Champions] VGC 2026 Reg M-A\n|rated|\n|rule|Species Clause: Limit one of each Pok\u00e9mon\n|rule|Item Clause: Limit 1 of each item\n|clearpoke\n|poke|p1|Slowbro, L50, F|\n|poke|p1|Sinistcha-Masterpiece, L50|\n|poke|p1|Arcanine, L50, M|\n|poke|p1|Kingambit, L50, M|\n|poke|p1|Dragapult, L50, M|\n|poke|p1|Weavile, L50, M|\n|poke|p2|Greninja-*, L50, M|\n|poke|p2|Incineroar, L50, F|\n|poke|p2|Sneasler, L50, F|\n|poke|p2|Sinistcha, L50|\n|poke|p2|Pelipper, L50, M|\n|poke|p2|Basculegion, L50, M|\n|teampreview|4\nAxeman rejected open team sheets.\n|inactive|Battle timer is ON: inactive players will automatically lose when time's up. (requested by Axeman)\n|\n|t:|1776412497\n|teamsize|p1|4\n|teamsize|p2|4\n|start\n|switch|p1a: Slowbro|Slowbro, L50, F|100/100\n|switch|p1b: Weavile|Weavile, L50, M|100/100\n|switch|p2a: Incineroar|Incineroar, L50, F|100/100\n|switch|p2b: Pelipper|Pelipper, L50, M|100/100\n|-weather|RainDance|[from] ability: Drizzle|[of] p2b: Pelipper\n|-ability|p2a: Incineroar|Intimidate|boost\n|-fail|p1a: Slowbro|unboost|Attack|[from] ability: Oblivious|[of] p1a: Slowbro\n|-unboost|p1b: Weavile|atk|1\n|turn|1\n|\n|t:|1776412520\n|detailschange|p1a: Slowbro|Slowbro-Mega, L50, F\n|-mega|p1a: Slowbro|Slowbro|Slowbronite\n|move|p1b: Weavile|Fake Out|p2a: Incineroar\n|-damage|p2a: Incineroar|92/100\n|cant|p2a: Incineroar|flinch\n|move|p2b: Pelipper|Tailwind|p2b: Pelipper\n|-sidestart|p2: MagnusXM2|move: Tailwind\n|move|p1a: Slowbro|Trick Room|p1a: Slowbro\n|-fieldstart|move: Trick Room|[of] p1a: Slowbro\n|\n|-weather|RainDance|[upkeep]\n|upkeep\n|turn|2\n|inactive|Axeman has 30 seconds left.\n|inactive|MagnusXM2 has 30 seconds left.\n|inactive|MagnusXM2 has 20 seconds left.\n|\n|t:|1776412556\n|switch|p2b: Sinistcha|Sinistcha, L50|100/100\n|-heal|p2a: Incineroar|100/100|[from] ability: Hospitality|[of] p2b: Sinistcha\n|move|p1a: Slowbro|Scald|p2a: Incineroar\n|-supereffective|p2a: Incineroar|1\n|-damage|p2a: Incineroar|23/100\n|move|p2a: Incineroar|Parting Shot|p1b: Weavile\n|-unboost|p1b: Weavile|atk|1\n|-unboost|p1b: Weavile|spa|1\n|\n|t:|1776412577\n|switch|p2a: Pelipper|Pelipper, L50, M|100/100|[from] Parting Shot\n|move|p1b: Weavile|Knock Off|p2b: Sinistcha\n|-supereffective|p2b: Sinistcha|1\n|-damage|p2b: Sinistcha|60/100\n|-enditem|p2b: Sinistcha|Leftovers|[from] move: Knock Off|[of] p1b: Weavile\n|\n|-weather|RainDance|[upkeep]\n|upkeep\n|turn|3\n|inactive|Axeman has 30 seconds left.\n|\n|t:|1776412604\n|switch|p1b: Kingambit|Kingambit, L50, M|100/100\n|move|p1a: Slowbro|Protect|p1a: Slowbro\n|-singleturn|p1a: Slowbro|Protect\n|move|p2a: Pelipper|Hurricane|p1b: Kingambit\n|-resisted|p1b: Kingambit|1\n|-damage|p1b: Kingambit|77/100\n|-start|p1b: Kingambit|confusion\n|move|p2b: Sinistcha|Trick Room|p2b: Sinistcha\n|-fieldend|move: Trick Room\n|\n|-weather|RainDance|[upkeep]\n|upkeep\n|turn|4\n|inactive|Axeman has 30 seconds left.\n|inactive|MagnusXM2 has 30 seconds left.\n|inactive|Axeman has 20 seconds left.\n|inactive|Axeman has 15 seconds left.\n|\n|t:|1776412646\n|switch|p2a: Incineroar|Incineroar, L50, F|23/100\n|-ability|p2a: Incineroar|Intimidate|boost\n|-unboost|p1a: Slowbro|atk|1\n|-unboost|p1b: Kingambit|atk|1\n|-ability|p1b: Kingambit|Defiant|boost\n|-boost|p1b: Kingambit|atk|2\n|switch|p1a: Weavile|Weavile, L50, M|100/100\n|-activate|p1b: Kingambit|confusion\n|-damage|p1b: Kingambit|59/100|[from] confusion\n|move|p2b: Sinistcha|Strength Sap|p1b: Kingambit\n|-unboost|p1b: Kingambit|atk|1\n|-ability|p1b: Kingambit|Defiant|boost\n|-boost|p1b: Kingambit|atk|2\n|-heal|p2b: Sinistcha|100/100\n|\n|-weather|RainDance|[upkeep]\n|-sideend|p2: MagnusXM2|move: Tailwind\n|upkeep\n|turn|5\n|inactive|MagnusXM2 has 30 seconds left.\n|\n|t:|1776412673\n|move|p1a: Weavile|Fake Out|p2a: Incineroar\n|-damage|p2a: Incineroar|12/100\n|-end|p1b: Kingambit|confusion\n|move|p1b: Kingambit|Sucker Punch|p2b: Sinistcha\n|-supereffective|p2b: Sinistcha|1\n|-damage|p2b: Sinistcha|0 fnt\n|faint|p2b: Sinistcha\n|cant|p2a: Incineroar|flinch\n|\n|-weather|none\n|upkeep\n|\n|t:|1776412684\n|switch|p2b: Pelipper|Pelipper, L50, M|100/100\n|-weather|RainDance|[from] ability: Drizzle|[of] p2b: Pelipper\n|turn|6\n|inactive|Axeman has 30 seconds left.\n|\n|t:|1776412711\n|switch|p1b: Slowbro|Slowbro-Mega, L50, F|100/100\n|move|p1a: Weavile|Triple Axel|p2b: Pelipper|[miss]\n|-miss|p1a: Weavile|p2b: Pelipper\n|move|p2b: Pelipper|Tailwind|p2b: Pelipper\n|-sidestart|p2: MagnusXM2|move: Tailwind\n|move|p2a: Incineroar|Flare Blitz|p1b: Slowbro\n|-resisted|p1b: Slowbro|1\n|-damage|p1b: Slowbro|94/100\n|-damage|p2a: Incineroar|10/100|[from] Recoil\n|\n|-weather|RainDance|[upkeep]\n|upkeep\n|turn|7\n|inactive|MagnusXM2 has 30 seconds left.\n|\n|t:|1776412739\n|move|p2b: Pelipper|Weather Ball|p1a: Weavile\n|-damage|p1a: Weavile|20/100\n|move|p1a: Weavile|Triple Axel|p2b: Pelipper\n|-damage|p2b: Pelipper|87/100\n|-damage|p2b: Pelipper|62/100\n|-damage|p2b: Pelipper|22/100\n|-hitcount|p2b: Pelipper|3\n|move|p2a: Incineroar|Parting Shot|p1a: Weavile\n|-unboost|p1a: Weavile|atk|1\n|-unboost|p1a: Weavile|spa|1\n|\n|t:|1776412750\n|switch|p2a: Basculegion|Basculegion, L50, M|100/100|[from] Parting Shot\n|move|p1b: Slowbro|Trick Room|p1b: Slowbro\n|-fieldstart|move: Trick Room|[of] p1b: Slowbro\n|\n|-weather|RainDance|[upkeep]\n|upkeep\n|turn|8\n|inactive|Axeman has 30 seconds left.\n|inactive|MagnusXM2 has 30 seconds left.\n|\n|t:|1776412785\n|move|p1b: Slowbro|Scald|p2b: Pelipper\n|-resisted|p2b: Pelipper|1\n|-damage|p2b: Pelipper|0 fnt\n|faint|p2b: Pelipper\n|move|p1a: Weavile|Knock Off|p2a: Basculegion\n|-supereffective|p2a: Basculegion|1\n|-damage|p2a: Basculegion|14/100\n|-enditem|p2a: Basculegion|Choice Scarf|[from] move: Knock Off|[of] p1a: Weavile\n|move|p2a: Basculegion|Flip Turn|p1a: Weavile\n|-damage|p1a: Weavile|0 fnt\n|faint|p1a: Weavile\n|\n|t:|1776412800\n|switch|p2a: Incineroar|Incineroar, L50, F|10/100|[from] Flip Turn\n|-ability|p2a: Incineroar|Intimidate|boost\n|-unboost|p1b: Slowbro|atk|1\n|\n|-weather|RainDance|[upkeep]\n|upkeep\n|\n|t:|1776412808\n|switch|p2b: Basculegion|Basculegion, L50, M|14/100\n|switch|p1a: Kingambit|Kingambit, L50, M|59/100\n|turn|9\n|\n|t:|1776412825\n|switch|p1a: Arcanine|Arcanine, L50, M|100/100\n|-ability|p1a: Arcanine|Intimidate|boost\n|-unboost|p2a: Incineroar|atk|1\n|-unboost|p2b: Basculegion|atk|1\n|move|p2a: Incineroar|Fake Out|p1a: Arcanine\n|-damage|p1a: Arcanine|93/100\n|move|p1b: Slowbro|Scald|p2a: Incineroar\n|-supereffective|p2a: Incineroar|1\n|-damage|p2a: Incineroar|0 fnt\n|faint|p2a: Incineroar\n|move|p2b: Basculegion|Last Respects|p1a: Arcanine\n|-damage|p1a: Arcanine|4/100\n|\n|-weather|RainDance|[upkeep]\n|-heal|p1a: Arcanine|10/100|[from] item: Leftovers\n|-sideend|p2: MagnusXM2|move: Tailwind\n|upkeep\n|turn|10\n|inactive|MagnusXM2 has 30 seconds left.\n|\n|t:|1776412850\n|move|p1b: Slowbro|Scald|p2b: Basculegion\n|-resisted|p2b: Basculegion|1\n|-damage|p2b: Basculegion|0 fnt\n|faint|p2b: Basculegion\n|\n|win|Axeman\n|raw|Axeman's rating: 1000 &rarr; <strong>1046</strong><br />(+46 for winning)\n|raw|MagnusXM2's rating: 1050 &rarr; <strong>1030</strong><br />(-20 for losing)\n",
  "uploadtime": 1776412858,
  "views": 19,
  "formatid": "gen9championsvgc2026regma",
  "rating": 1030,
  "private": 0,
  "password": null
}