{
  "id": "gen9championsvgc2026regma-2584854374",
  "format": "[Gen 9 Champions] VGC 2026 Reg M-A",
  "players": [
    "jack zelong",
    "Slawppi"
  ],
  "log": "|j|\u2606jack zelong\n|j|\u2606Slawppi\n|t:|1776288889\n|gametype|doubles\n|player|p1|jack zelong|chili|1142\n|player|p2|Slawppi|1|1200\n|gen|9\n|tier|[Gen 9 Champions] VGC 2026 Reg M-A\n|rated|\n|rule|Species Clause: Limit one of each Pok\u00e9mon\n|rule|Item Clause: Limit 1 of each item\n|clearpoke\n|poke|p1|Crabominable, L50, F|\n|poke|p1|Aromatisse, L50, F|\n|poke|p1|Kingambit, L50, M|\n|poke|p1|Conkeldurr, L50, F|\n|poke|p1|Farigiraf, L50, F|\n|poke|p1|Aegislash, L50, F|\n|poke|p2|Froslass, L50, F|\n|poke|p2|Hawlucha, L50, F|\n|poke|p2|Whimsicott, L50, M|\n|poke|p2|Incineroar, L50, F|\n|poke|p2|Basculegion, L50, M|\n|poke|p2|Garchomp, L50, M|\n|teampreview|4\n|\n|t:|1776288938\n|teamsize|p1|4\n|teamsize|p2|4\n|start\n|switch|p1a: Aromatisse|Aromatisse, L50, F|100/100\n|switch|p1b: Kingambit|Kingambit, L50, M|100/100\n|switch|p2a: Hawlucha|Hawlucha, L50, F, shiny|100/100\n|switch|p2b: Whimsicott|Whimsicott, L50, M, shiny|100/100\n|turn|1\n|\n|t:|1776288966\n|detailschange|p2a: Hawlucha|Hawlucha-Mega, L50, F, shiny\n|-mega|p2a: Hawlucha|Hawlucha|Hawluchanite\n|move|p1b: Kingambit|Protect|p1b: Kingambit\n|-singleturn|p1b: Kingambit|Protect\n|move|p2b: Whimsicott|Tailwind|p2b: Whimsicott\n|-sidestart|p2: Slawppi|move: Tailwind\n|move|p2a: Hawlucha|Cross Chop|p1b: Kingambit\n|-activate|p1b: Kingambit|move: Protect\n|move|p1a: Aromatisse|Trick Room|p1a: Aromatisse\n|-fieldstart|move: Trick Room|[of] p1a: Aromatisse\n|\n|upkeep\n|turn|2\n|\n|t:|1776288979\n|move|p1a: Aromatisse|Ally Switch|p1a: Aromatisse\n|swap|p1a: Aromatisse|1|[from] move: Ally Switch\n|move|p1a: Kingambit|Iron Head|p2b: Whimsicott\n|-supereffective|p2b: Whimsicott|1\n|-enditem|p2b: Whimsicott|Focus Sash\n|-damage|p2b: Whimsicott|1/100\n|move|p2a: Hawlucha|Cross Chop|p1b: Aromatisse\n|-resisted|p1b: Aromatisse|1\n|-crit|p1b: Aromatisse\n|-damage|p1b: Aromatisse|65/100\n|move|p2b: Whimsicott|Trick Room|p2b: Whimsicott\n|-fieldend|move: Trick Room\n|\n|upkeep\n|turn|3\n|\n|t:|1776289010\n|move|p1a: Kingambit|Protect|p1a: Kingambit\n|-singleturn|p1a: Kingambit|Protect\n|move|p2b: Whimsicott|Dazzling Gleam|p1b: Aromatisse|[spread] p1b\n|-activate|p1a: Kingambit|move: Protect\n|-damage|p1b: Aromatisse|44/100\n|move|p2a: Hawlucha|Cross Chop|p1a: Kingambit\n|-activate|p1a: Kingambit|move: Protect\n|move|p1b: Aromatisse|Trick Room|p1b: Aromatisse\n|-fieldstart|move: Trick Room|[of] p1b: Aromatisse\n|\n|upkeep\n|turn|4\n|\n|t:|1776289034\n|move|p1b: Aromatisse|Heal Pulse|p1a: Kingambit\n|-fail|p1a: Kingambit|heal\n|move|p1a: Kingambit|Iron Head|p2b: Whimsicott\n|-supereffective|p2b: Whimsicott|1\n|-damage|p2b: Whimsicott|0 fnt\n|faint|p2b: Whimsicott\n|move|p2a: Hawlucha|Cross Chop|p1b: Aromatisse\n|-resisted|p1b: Aromatisse|1\n|-crit|p1b: Aromatisse\n|-damage|p1b: Aromatisse|5/100\n|\n|-sideend|p2: Slawppi|move: Tailwind\n|upkeep\n|\n|t:|1776289046\n|switch|p2b: Incineroar|Incineroar, L50, F|100/100\n|-ability|p2b: Incineroar|Intimidate|boost\n|-unboost|p1a: Kingambit|atk|1\n|-ability|p1a: Kingambit|Defiant|boost\n|-boost|p1a: Kingambit|atk|2\n|-unboost|p1b: Aromatisse|atk|1\n|turn|5\n|\n|t:|1776289067\n|move|p1a: Kingambit|Protect|p1a: Kingambit\n|-singleturn|p1a: Kingambit|Protect\n|move|p2b: Incineroar|Fake Out|p1b: Aromatisse\n|-damage|p1b: Aromatisse|0 fnt\n|faint|p1b: Aromatisse\n|move|p2a: Hawlucha|Cross Chop|p1a: Kingambit\n|-activate|p1a: Kingambit|move: Protect\n|\n|upkeep\n|\n|t:|1776289076\n|switch|p1b: Conkeldurr|Conkeldurr, L50, F|100/100\n|turn|6\n|\n|t:|1776289099\n|move|p1a: Kingambit|Iron Head|p2a: Hawlucha\n|-damage|p2a: Hawlucha|29/100\n|move|p1b: Conkeldurr|Ice Punch|p2a: Hawlucha\n|-supereffective|p2a: Hawlucha|1\n|-damage|p2a: Hawlucha|0 fnt\n|faint|p2a: Hawlucha\n|move|p2b: Incineroar|Flare Blitz|p1b: Conkeldurr\n|-damage|p1b: Conkeldurr|59/100\n|-damage|p2b: Incineroar|86/100|[from] Recoil\n|\n|upkeep\n|\n|t:|1776289104\n|switch|p2a: Basculegion|Basculegion, L50, M|100/100\n|turn|7\n|\n|t:|1776289124\n|move|p1a: Kingambit|Kowtow Cleave|p2a: Basculegion\n|-supereffective|p2a: Basculegion|1\n|-damage|p2a: Basculegion|0 fnt\n|faint|p2a: Basculegion\n|move|p1b: Conkeldurr|Drain Punch|p2b: Incineroar\n|-supereffective|p2b: Incineroar|1\n|-damage|p2b: Incineroar|0 fnt\n|-heal|p1b: Conkeldurr|99/100|[from] drain|[of] p2b: Incineroar\n|faint|p2b: Incineroar\n|\n|win|jack zelong\n|raw|jack zelong's rating: 1142 &rarr; <strong>1171</strong><br />(+29 for winning)\n|raw|Slawppi's rating: 1200 &rarr; <strong>1171</strong><br />(-29 for losing)\n|l|\u2606Slawppi\n|player|p2|\n|c|\u2606jack zelong|gg\n",
  "uploadtime": 1776289197,
  "views": 36,
  "formatid": "gen9championsvgc2026regma",
  "rating": 1171,
  "private": 0,
  "password": null
}