{
  "id": "gen9championsvgc2026regma-2582135076",
  "format": "[Gen 9 Champions] VGC 2026 Reg M-A",
  "players": [
    "doodle0205",
    "Niko highway"
  ],
  "log": "|j|\u203ddoodle0205\n|j|\u2606Niko highway\n|t:|1776062507\n|gametype|doubles\n|player|p1|doodle0205|169|1251\n|player|p2|Niko highway|266|1353\n|gen|9\n|tier|[Gen 9 Champions] VGC 2026 Reg M-A\n|rated|\n|rule|Species Clause: Limit one of each Pok\u00e9mon\n|rule|Item Clause: Limit 1 of each item\n|clearpoke\n|poke|p1|Froslass, L50, F|\n|poke|p1|Rotom-Frost, L50|\n|poke|p1|Garchomp, L50, M|\n|poke|p1|Incineroar, L50, F|\n|poke|p1|Empoleon, L50, F|\n|poke|p1|Kingambit, L50, M|\n|poke|p2|Incineroar, L50, M|\n|poke|p2|Conkeldurr, L50, M|\n|poke|p2|Sinistcha, L50|\n|poke|p2|Cofagrigus, L50, F|\n|poke|p2|Drampa, L50, F|\n|poke|p2|Aggron, L50, M|\n|teampreview|4\n|inactive|Battle timer is ON: inactive players will automatically lose when time's up. (requested by doodle0205)\ndoodle0205 rejected open team sheets.\n|inactive|doodle0205 has 60 seconds left.\n|\n|t:|1776062541\n|teamsize|p1|4\n|teamsize|p2|4\n|start\n|switch|p1a: Rotom|Rotom-Frost, L50|100/100\n|switch|p1b: Garchomp|Garchomp, L50, M|100/100\n|switch|p2a: Conkeldurr|Conkeldurr, L50, M|100/100\n|switch|p2b: Cofagrigus|Cofagrigus, L50, F|100/100\n|turn|1\n|\n|t:|1776062549\n|move|p2a: Conkeldurr|Wide Guard|p2a: Conkeldurr\n|-singleturn|p2a: Conkeldurr|Wide Guard\n|move|p1a: Rotom|Blizzard|p2b: Cofagrigus|[spread] \n|-activate|p2a: Conkeldurr|move: Wide Guard\n|-activate|p2b: Cofagrigus|move: Wide Guard\n|move|p1b: Garchomp|Earthquake|p2b: Cofagrigus|[spread] \n|-activate|p2a: Conkeldurr|move: Wide Guard\n|-activate|p2b: Cofagrigus|move: Wide Guard\n|-immune|p1a: Rotom|[from] ability: Levitate\n|move|p2b: Cofagrigus|Trick Room|p2b: Cofagrigus\n|-fieldstart|move: Trick Room|[of] p2b: Cofagrigus\n|\n|upkeep\n|turn|2\n|\n|t:|1776062561\n|switch|p1a: Froslass|Froslass, L50, F|100/100\n|move|p1b: Garchomp|Protect|p1b: Garchomp\n|-singleturn|p1b: Garchomp|Protect\n|move|p2b: Cofagrigus|Will-O-Wisp|p1b: Garchomp\n|-activate|p1b: Garchomp|move: Protect\n|move|p2a: Conkeldurr|Drain Punch|p1a: Froslass\n|-immune|p1a: Froslass\n|\n|upkeep\n|turn|3\n|inactive|doodle0205 has 30 seconds left.\n|\n|t:|1776062590\n|detailschange|p1a: Froslass|Froslass-Mega, L50, F\n|-mega|p1a: Froslass|Froslass|Froslassite\n|-weather|Snowscape|[from] ability: Snow Warning|[of] p1a: Froslass\n|move|p1a: Froslass|Protect|p1a: Froslass\n|-singleturn|p1a: Froslass|Protect\n|move|p2b: Cofagrigus|Shadow Ball|p1a: Froslass\n|-activate|p1a: Froslass|move: Protect\n|move|p2a: Conkeldurr|Knock Off|p1a: Froslass\n|-activate|p1a: Froslass|move: Protect\n|move|p1b: Garchomp|Dragon Claw|p2a: Conkeldurr\n|-damage|p2a: Conkeldurr|65/100\n|\n|-weather|Snowscape|[upkeep]\n|upkeep\n|turn|4\n|\n|t:|1776062606\n|switch|p1a: Empoleon|Empoleon, L50, F|100/100\n|move|p2b: Cofagrigus|Shadow Ball|p1a: Empoleon\n|-damage|p1a: Empoleon|73/100\n|move|p2a: Conkeldurr|Knock Off|p1a: Empoleon\n|-damage|p1a: Empoleon|35/100\n|-enditem|p1a: Empoleon|Leftovers|[from] move: Knock Off|[of] p2a: Conkeldurr\n|move|p1b: Garchomp|Dragon Claw|p2a: Conkeldurr\n|-damage|p2a: Conkeldurr|29/100\n|\n|-weather|Snowscape|[upkeep]\n|upkeep\n|turn|5\n|\n|t:|1776062620\n|move|p1a: Empoleon|Protect|p1a: Empoleon\n|-singleturn|p1a: Empoleon|Protect\n|move|p2b: Cofagrigus|Will-O-Wisp|p1b: Garchomp|[miss]\n|-miss|p2b: Cofagrigus|p1b: Garchomp\n|move|p2a: Conkeldurr|Drain Punch|p1a: Empoleon\n|-activate|p1a: Empoleon|move: Protect\n|move|p1b: Garchomp|Dragon Claw|p2a: Conkeldurr\n|-damage|p2a: Conkeldurr|0 fnt\n|faint|p2a: Conkeldurr\n|\n|-weather|Snowscape|[upkeep]\n|-fieldend|move: Trick Room\n|upkeep\n|\n|t:|1776062627\n|switch|p2a: Aggron|Aggron, L50, M|100/100\n|turn|6\n|\n|t:|1776062640\n|switch|p1b: Rotom|Rotom-Frost, L50|100/100\n|detailschange|p2a: Aggron|Aggron-Mega, L50, M\n|-mega|p2a: Aggron|Aggron|Aggronite\n|move|p2a: Aggron|Protect|p2a: Aggron\n|-singleturn|p2a: Aggron|Protect\n|move|p1a: Empoleon|Roar|p2b: Cofagrigus\n|drag|p2b: Incineroar|Incineroar, L50, M|100/100\n|-ability|p2b: Incineroar|Intimidate|boost\n|-unboost|p1a: Empoleon|atk|1\n|-ability|p1a: Empoleon|Competitive|boost\n|-boost|p1a: Empoleon|spa|2\n|-unboost|p1b: Rotom|atk|1\n|\n|-weather|Snowscape|[upkeep]\n|upkeep\n|turn|7\n|inactive|Niko highway has 30 seconds left.\n|inactive|Niko highway has 20 seconds left.\n|inactive|Niko highway has 15 seconds left.\n|\n|t:|1776062681\n|move|p2b: Incineroar|Fake Out|p1a: Empoleon\n|-resisted|p1a: Empoleon|1\n|-damage|p1a: Empoleon|28/100\n|move|p1b: Rotom|Electroweb|p2a: Aggron|[spread] p2a,p2b\n|-damage|p2a: Aggron|84/100\n|-damage|p2b: Incineroar|84/100\n|-unboost|p2a: Aggron|spe|1\n|-unboost|p2b: Incineroar|spe|1\n|cant|p1a: Empoleon|flinch\n|move|p2a: Aggron|Body Press|p1b: Rotom\n|-supereffective|p1b: Rotom|1\n|-damage|p1b: Rotom|28/100\n|\n|-weather|none\n|upkeep\n|turn|8\n|\n|t:|1776062698\n|move|p1b: Rotom|Electroweb|p2a: Aggron|[spread] p2a,p2b\n|-damage|p2a: Aggron|66/100\n|-damage|p2b: Incineroar|66/100\n|-unboost|p2a: Aggron|spe|1\n|-unboost|p2b: Incineroar|spe|1\n|move|p1a: Empoleon|Water Pulse|p2b: Incineroar\n|-supereffective|p2b: Incineroar|1\n|-damage|p2b: Incineroar|0 fnt\n|faint|p2b: Incineroar\n|move|p2a: Aggron|Body Press|p1a: Empoleon\n|-supereffective|p1a: Empoleon|1\n|-damage|p1a: Empoleon|0 fnt\n|faint|p1a: Empoleon\n|\n|upkeep\n|\n|t:|1776062704\n|switch|p1a: Froslass|Froslass-Mega, L50, F|100/100\n|switch|p2b: Cofagrigus|Cofagrigus, L50, F|100/100\n|-weather|Snowscape|[from] ability: Snow Warning|[of] p1a: Froslass\n|turn|9\n|\n|t:|1776062720\n|move|p1b: Rotom|Electroweb|p2b: Cofagrigus|[spread] p2a,p2b\n|-damage|p2a: Aggron|50/100\n|-damage|p2b: Cofagrigus|80/100\n|-unboost|p2a: Aggron|spe|1\n|-unboost|p2b: Cofagrigus|spe|1\n|move|p1a: Froslass|Shadow Ball|p2b: Cofagrigus\n|-supereffective|p2b: Cofagrigus|1\n|-damage|p2b: Cofagrigus|0 fnt\n|faint|p2b: Cofagrigus\n|move|p2a: Aggron|Body Press|p1b: Rotom\n|-supereffective|p1b: Rotom|1\n|-damage|p1b: Rotom|0 fnt\n|faint|p1b: Rotom\n|\n|-weather|Snowscape|[upkeep]\n|upkeep\n|c|\u2606Niko highway|gg\n|\n|t:|1776062728\n|switch|p1b: Garchomp|Garchomp, L50, M|100/100\n|turn|10\n|-message|Niko highway forfeited.\n|\n|win|doodle0205\n|raw|doodle0205's rating: 1251 &rarr; <strong>1283</strong><br />(+32 for winning)\n|raw|Niko highway's rating: 1353 &rarr; <strong>1327</strong><br />(-26 for losing)\n|l|\u203ddoodle0205\n|player|p1|\n",
  "uploadtime": 1776062733,
  "views": 24,
  "formatid": "gen9championsvgc2026regma",
  "rating": 1283,
  "private": 0,
  "password": null
}