{
  "id": "gen9championsvgc2026regma-2583885783",
  "format": "[Gen 9 Champions] VGC 2026 Reg M-A",
  "players": [
    "JRBEBIDAS",
    "SuguruKarma"
  ],
  "log": "|j|\u2606JRBEBIDAS\n|j|\u2606SuguruKarma\n|t:|1776205455\n|gametype|doubles\n|player|p1|JRBEBIDAS|102|1000\n|player|p2|SuguruKarma|n|1045\n|gen|9\n|tier|[Gen 9 Champions] VGC 2026 Reg M-A\n|rated|\n|rule|Species Clause: Limit one of each Pok\u00e9mon\n|rule|Item Clause: Limit 1 of each item\n|clearpoke\n|poke|p1|Dragonite, L50, M|\n|poke|p1|Glimmora, L50, M|\n|poke|p1|Pelipper, L50, F|\n|poke|p1|Basculegion, L50, M|\n|poke|p1|Sneasler, L50, F|\n|poke|p1|Archaludon, L50, M|\n|poke|p2|Hawlucha, L50, M|\n|poke|p2|Excadrill, L50, M|\n|poke|p2|Kingambit, L50, F|\n|poke|p2|Whimsicott, L50, F|\n|poke|p2|Weavile, L50, F|\n|poke|p2|Tyranitar, L50, M|\n|teampreview|4\n|inactive|Battle timer is ON: inactive players will automatically lose when time's up. (requested by JRBEBIDAS)\nJRBEBIDAS rejected open team sheets.\n|inactive|JRBEBIDAS has 60 seconds left.\n|\n|t:|1776205507\n|teamsize|p1|4\n|teamsize|p2|4\n|start\n|switch|p1a: Glimmora|Glimmora, L50, M|100/100\n|switch|p1b: Basculegion|Basculegion, L50, M|100/100\n|switch|p2a: Whimsicott|Whimsicott, L50, F|100/100\n|switch|p2b: Kingambit|Kingambit, L50, F|100/100\n|turn|1\n|\n|t:|1776205529\n|switch|p1b: Pelipper|Pelipper, L50, F|100/100\n|-weather|RainDance|[from] ability: Drizzle|[of] p1b: Pelipper\n|move|p2a: Whimsicott|Tailwind|p2a: Whimsicott\n|-sidestart|p2: SuguruKarma|move: Tailwind\n|move|p1a: Glimmora|Earth Power|p2b: Kingambit\n|-supereffective|p2b: Kingambit|1\n|-damage|p2b: Kingambit|46/100\n|move|p2b: Kingambit|Kowtow Cleave|p1b: Pelipper\n|-damage|p1b: Pelipper|27/100\n|\n|-weather|RainDance|[upkeep]\n|upkeep\n|turn|2\n|\n|t:|1776205552\n|move|p1a: Glimmora|Spiky Shield|p1a: Glimmora\n|-singleturn|p1a: Glimmora|move: Protect\n|move|p2a: Whimsicott|Light Screen|p2a: Whimsicott\n|-sidestart|p2: SuguruKarma|move: Light Screen\n|move|p2b: Kingambit|Guillotine|p1b: Pelipper\n|-damage|p1b: Pelipper|0 fnt\n|faint|p1b: Pelipper\n|-ohko\n|\n|-weather|RainDance|[upkeep]\n|upkeep\n|\n|t:|1776205558\n|switch|p1b: Archaludon|Archaludon, L50, M|100/100\n|turn|3\n|\n|t:|1776205571\n|detailschange|p1a: Glimmora|Glimmora-Mega, L50, M\n|-mega|p1a: Glimmora|Glimmora|Glimmoranite\n|move|p2b: Kingambit|Protect|p2b: Kingambit\n|-singleturn|p2b: Kingambit|Protect\n|move|p2a: Whimsicott|Encore|p1a: Glimmora\n|-start|p1a: Glimmora|Encore\n|move|p1a: Glimmora|Spiky Shield||[still]\n|-fail|p1a: Glimmora\n|move|p1b: Archaludon|Aura Sphere|p2b: Kingambit\n|-activate|p2b: Kingambit|move: Protect\n|\n|-weather|RainDance|[upkeep]\n|upkeep\n|turn|4\n|\n|t:|1776205591\n|switch|p2a: Hawlucha|Hawlucha, L50, M|100/100\n|-ability|p2a: Hawlucha|Mold Breaker\n|move|p1a: Glimmora|Spiky Shield|p1a: Glimmora\n|-singleturn|p1a: Glimmora|move: Protect\n|move|p1b: Archaludon|Electro Shot||[still]\n|-prepare|p1b: Archaludon|Electro Shot\n|-boost|p1b: Archaludon|spa|1\n|-anim|p1b: Archaludon|Electro Shot|p2b: Kingambit\n|-damage|p2b: Kingambit|3/100\n|move|p2b: Kingambit|Kowtow Cleave|p1b: Archaludon\n|-damage|p1b: Archaludon|46/100\n|\n|-weather|RainDance|[upkeep]\n|-sideend|p2: SuguruKarma|move: Tailwind\n|upkeep\n|turn|5\n|inactive|SuguruKarma has 30 seconds left.\n|\n|t:|1776205617\n|detailschange|p2a: Hawlucha|Hawlucha-Mega, L50, M\n|-mega|p2a: Hawlucha|Hawlucha|Hawluchanite\n|move|p1a: Glimmora|Spiky Shield||[still]\n|-fail|p1a: Glimmora\n|move|p2a: Hawlucha|Close Combat|p1b: Archaludon\n|-supereffective|p1b: Archaludon|1\n|-damage|p1b: Archaludon|0 fnt\n|-unboost|p2a: Hawlucha|def|1\n|-unboost|p2a: Hawlucha|spd|1\n|faint|p1b: Archaludon\n|move|p2b: Kingambit|Kowtow Cleave|p1a: Glimmora\n|-damage|p1a: Glimmora|42/100\n|\n|-weather|none\n|-end|p1a: Glimmora|Encore\n|upkeep\n|\n|t:|1776205631\n|switch|p1b: Basculegion|Basculegion, L50, M|100/100\n|turn|6\n|\n|t:|1776205651\n|switch|p2b: Tyranitar|Tyranitar, L50, M|100/100\n|-weather|Sandstorm|[from] ability: Sand Stream|[of] p2b: Tyranitar\n|move|p2a: Hawlucha|Protect|p2a: Hawlucha\n|-singleturn|p2a: Hawlucha|Protect\n|move|p1b: Basculegion|Last Respects|p2a: Hawlucha\n|-activate|p2a: Hawlucha|move: Protect\n|move|p1a: Glimmora|Earth Power|p2b: Tyranitar\n|-supereffective|p2b: Tyranitar|1\n|-crit|p2b: Tyranitar\n|-damage|p2b: Tyranitar|46/100\n|-unboost|p2b: Tyranitar|spd|1\n|\n|-weather|Sandstorm|[upkeep]\n|-damage|p1b: Basculegion|94/100|[from] Sandstorm\n|-damage|p2a: Hawlucha|95/100|[from] Sandstorm\n|-sideend|p2: SuguruKarma|move: Light Screen\n|upkeep\n|turn|7\n|inactive|SuguruKarma has 30 seconds left.\n|inactive|SuguruKarma has 20 seconds left.\n|\n|t:|1776205688\n|move|p1b: Basculegion|Last Respects|p2a: Hawlucha\n|-damage|p2a: Hawlucha|0 fnt\n|faint|p2a: Hawlucha\n|move|p1a: Glimmora|Earth Power|p2b: Tyranitar\n|-supereffective|p2b: Tyranitar|1\n|-damage|p2b: Tyranitar|0 fnt\n|faint|p2b: Tyranitar\n|\n|-weather|Sandstorm|[upkeep]\n|-damage|p1b: Basculegion|88/100|[from] Sandstorm\n|upkeep\n|\n|t:|1776205699\n|switch|p2a: Whimsicott|Whimsicott, L50, F|100/100\n|switch|p2b: Kingambit|Kingambit, L50, F|3/100\n|turn|8\n|\n|t:|1776205713\n|move|p2b: Kingambit|Sucker Punch|p1a: Glimmora\n|-damage|p1a: Glimmora|0 fnt\n|faint|p1a: Glimmora\n|move|p1b: Basculegion|Last Respects|p2a: Whimsicott\n|-damage|p2a: Whimsicott|0 fnt\n|faint|p2a: Whimsicott\n|\n|-weather|Sandstorm|[upkeep]\n|-damage|p1b: Basculegion|82/100|[from] Sandstorm\n|upkeep\n|turn|9\n|\n|t:|1776205735\n|move|p2b: Kingambit|Sucker Punch|p1b: Basculegion\n|-supereffective|p1b: Basculegion|1\n|-damage|p1b: Basculegion|0 fnt\n|faint|p1b: Basculegion\n|\n|win|SuguruKarma\n|raw|JRBEBIDAS's rating: 1000 &rarr; <strong>1000</strong><br />(+0 for losing)\n|raw|SuguruKarma's rating: 1045 &rarr; <strong>1074</strong><br />(+29 for winning)\n|l|\u2606JRBEBIDAS\n|player|p1|\n",
  "uploadtime": 1776205742,
  "views": 26,
  "formatid": "gen9championsvgc2026regma",
  "rating": 1000,
  "private": 0,
  "password": null
}