{
  "id": "gen9championsvgc2026regma-2585974552",
  "format": "[Gen 9 Champions] VGC 2026 Reg M-A",
  "players": [
    "Tempyies",
    "colfox"
  ],
  "log": "|j|\u2606Tempyies\n|j|\u203dcolfox\n|t:|1776386622\n|gametype|doubles\n|player|p1|Tempyies|169|1177\n|player|p2|colfox|1|1265\n|gen|9\n|tier|[Gen 9 Champions] VGC 2026 Reg M-A\n|rated|\n|rule|Species Clause: Limit one of each Pok\u00e9mon\n|rule|Item Clause: Limit 1 of each item\n|clearpoke\n|poke|p1|Delphox, L50, F|\n|poke|p1|Garchomp, L50, M|\n|poke|p1|Clefable, L50, F|\n|poke|p1|Aerodactyl, L50, M|\n|poke|p1|Kingambit, L50, F|\n|poke|p1|Sneasler, L50, F|\n|poke|p2|Tyranitar, L50, F|\n|poke|p2|Excadrill, L50, F|\n|poke|p2|Dragapult, L50, M|\n|poke|p2|Milotic, L50, F|\n|poke|p2|Raichu, L50, F|\n|poke|p2|Scizor, L50, M|\n|teampreview|4\n|\n|t:|1776386672\n|teamsize|p1|4\n|teamsize|p2|4\n|start\n|switch|p1a: Sneasler|Sneasler, L50, F|100/100\n|switch|p1b: Garchomp|Garchomp, L50, M|100/100\n|switch|p2a: Tyranitar|Tyranitar, L50, F|100/100\n|switch|p2b: Excadrill|Excadrill, L50, F|100/100\n|-weather|Sandstorm|[from] ability: Sand Stream|[of] p2a: Tyranitar\n|turn|1\n|\n|t:|1776386697\n|detailschange|p2a: Tyranitar|Tyranitar-Mega, L50, F\n|-mega|p2a: Tyranitar|Tyranitar|Tyranitarite\n|move|p2b: Excadrill|Protect|p2b: Excadrill\n|-singleturn|p2b: Excadrill|Protect\n|move|p1a: Sneasler|Fake Out|p2b: Excadrill\n|-activate|p2b: Excadrill|move: Protect\n|move|p1b: Garchomp|Dragon Claw|p2a: Tyranitar\n|-damage|p2a: Tyranitar|70/100\n|move|p2a: Tyranitar|Knock Off|p1b: Garchomp\n|-damage|p1b: Garchomp|30/100\n|-damage|p2a: Tyranitar|58/100|[from] ability: Rough Skin|[of] p1b: Garchomp\n|-enditem|p1b: Garchomp|Sitrus Berry|[from] move: Knock Off|[of] p2a: Tyranitar\n|\n|-weather|Sandstorm|[upkeep]\n|-damage|p1a: Sneasler|95/100|[from] Sandstorm\n|upkeep\n|turn|2\n|\n|t:|1776386720\n|switch|p1a: Aerodactyl|Aerodactyl, L50, M|100/100\n|-ability|p1a: Aerodactyl|Unnerve\n|move|p2b: Excadrill|Rock Slide|p1b: Garchomp|[spread] p1b\n|-miss|p2b: Excadrill|p1a: Aerodactyl\n|-resisted|p1b: Garchomp|1\n|-damage|p1b: Garchomp|20/100\n|cant|p1b: Garchomp|flinch\n|move|p2a: Tyranitar|Rock Slide|p1b: Garchomp|[spread] p1a,p1b\n|-supereffective|p1a: Aerodactyl|1\n|-resisted|p1b: Garchomp|1\n|-enditem|p1a: Aerodactyl|Focus Sash\n|-damage|p1a: Aerodactyl|1/100\n|-damage|p1b: Garchomp|0 fnt\n|faint|p1b: Garchomp\n|\n|-weather|Sandstorm|[upkeep]\n|upkeep\n|\n|t:|1776386735\n|switch|p1b: Sneasler|Sneasler, L50, F|95/100\n|turn|3\n|\n|t:|1776386747\n|move|p2b: Excadrill|Rock Slide|p1b: Sneasler|[spread] p1a,p1b\n|-supereffective|p1a: Aerodactyl|1\n|-resisted|p1b: Sneasler|1\n|-damage|p1a: Aerodactyl|0 fnt\n|-damage|p1b: Sneasler|78/100\n|faint|p1a: Aerodactyl\n|move|p1b: Sneasler|Close Combat|p2a: Tyranitar\n|-supereffective|p2a: Tyranitar|2\n|-damage|p2a: Tyranitar|0 fnt\n|-unboost|p1b: Sneasler|def|1\n|-unboost|p1b: Sneasler|spd|1\n|faint|p2a: Tyranitar\n|\n|-weather|Sandstorm|[upkeep]\n|-damage|p1b: Sneasler|72/100|[from] Sandstorm\n|upkeep\n|\n|t:|1776386763\n|switch|p1a: Delphox|Delphox, L50, F|100/100\n|switch|p2a: Dragapult|Dragapult, L50, M|100/100\n|turn|4\n|\n|t:|1776386787\n|detailschange|p1a: Delphox|Delphox-Mega, L50, F\n|-mega|p1a: Delphox|Delphox|Delphoxite\n|move|p2b: Excadrill|Rock Slide|p1b: Sneasler|[spread] p1a,p1b\n|-supereffective|p1a: Delphox|1\n|-resisted|p1b: Sneasler|1\n|-damage|p1a: Delphox|43/100\n|-damage|p1b: Sneasler|47/100\n|move|p2a: Dragapult|Phantom Force||[still]\n|-prepare|p2a: Dragapult|Phantom Force\n|move|p1a: Delphox|Heat Wave|p2a: Dragapult|[spread] p2b\n|-miss|p1a: Delphox|p2a: Dragapult\n|-supereffective|p2b: Excadrill|1\n|-damage|p2b: Excadrill|0 fnt\n|faint|p2b: Excadrill\n|move|p1b: Sneasler|Close Combat|p2a: Dragapult|[miss]\n|-miss|p1b: Sneasler|p2a: Dragapult\n|\n|-weather|Sandstorm|[upkeep]\n|-damage|p2a: Dragapult|94/100|[from] Sandstorm\n|-damage|p1a: Delphox|37/100|[from] Sandstorm\n|-damage|p1b: Sneasler|41/100|[from] Sandstorm\n|upkeep\n|\n|t:|1776386806\n|switch|p2b: Scizor|Scizor, L50, M|100/100\n|turn|5\n|\n|t:|1776386816\n|move|p2a: Dragapult|Phantom Force|p1a: Delphox|[from] lockedmove\n|-supereffective|p1a: Delphox|1\n|-damage|p1a: Delphox|0 fnt\n|faint|p1a: Delphox\n|move|p1b: Sneasler|Coaching|p1: Delphox|[notarget]\n|-fail|p1b: Sneasler\n|move|p2b: Scizor|Swords Dance|p2b: Scizor\n|-boost|p2b: Scizor|atk|2\n|\n|-weather|none\n|upkeep\n|turn|6\n|-message|Tempyies forfeited.\n|\n|win|colfox\n|raw|Tempyies's rating: 1177 &rarr; <strong>1158</strong><br />(-19 for losing)\n|raw|colfox's rating: 1265 &rarr; <strong>1284</strong><br />(+19 for winning)\n|l|\u2606Tempyies\n|player|p1|\n",
  "uploadtime": 1776386829,
  "views": 36,
  "formatid": "gen9championsvgc2026regma",
  "rating": 1158,
  "private": 0,
  "password": null
}