{
  "id": "gen9championsvgc2026regma-2580873790",
  "format": "[Gen 9 Champions] VGC 2026 Reg M-A",
  "players": [
    "TheVGChef",
    "Sajan_14"
  ],
  "log": "|j|\u2606TheVGChef\n|j|\u2606Sajan_14\n|t:|1775939532\n|gametype|doubles\n|player|p1|TheVGChef|2|1000\n|player|p2|Sajan_14|170|1053\n|gen|9\n|tier|[Gen 9 Champions] VGC 2026 Reg M-A\n|rated|\n|rule|Species Clause: Limit one of each Pok\u00e9mon\n|rule|Item Clause: Limit 1 of each item\n|clearpoke\n|poke|p1|Kangaskhan, L50, F|\n|poke|p1|Incineroar, L50, F|\n|poke|p1|Sinistcha, L50|\n|poke|p1|Aegislash, L50, F|\n|poke|p1|Rotom-Wash, L50|\n|poke|p1|Garchomp, L50, M|\n|poke|p2|Greninja-*, L50, M|\n|poke|p2|Garchomp, L50, M|\n|poke|p2|Incineroar, L50, M|\n|poke|p2|Farigiraf, L50, F|\n|poke|p2|Whimsicott, L50, M|\n|poke|p2|Archaludon, L50, M|\n|teampreview|4\n|inactive|Battle timer is ON: inactive players will automatically lose when time's up. (requested by Sajan_14)\nSajan_14 has agreed to open team sheets.\n|inactive|TheVGChef has 60 seconds left.\n|\n|t:|1775939592\n|teamsize|p1|4\n|teamsize|p2|4\n|start\n|switch|p1a: Kangaskhan|Kangaskhan, L50, F|100/100\n|switch|p1b: Incineroar|Incineroar, L50, F|100/100\n|switch|p2a: Greninja|Greninja, L50, M|100/100\n|switch|p2b: Farigiraf|Farigiraf, L50, F|100/100\n|-ability|p1b: Incineroar|Intimidate|boost\n|-unboost|p2a: Greninja|atk|1\n|-unboost|p2b: Farigiraf|atk|1\n|turn|1\n|inactive|Sajan_14 has 30 seconds left.\n|\n|t:|1775939621\n|switch|p1b: Sinistcha|Sinistcha, L50|100/100\n|detailschange|p2a: Greninja|Greninja-Mega, L50, M\n|-mega|p2a: Greninja|Greninja|Greninjite\n|detailschange|p1a: Kangaskhan|Kangaskhan-Mega, L50, F\n|-mega|p1a: Kangaskhan|Kangaskhan|Kangaskhanite\n|move|p2a: Greninja|Protect|p2a: Greninja\n|-start|p2a: Greninja|typechange|Normal|[from] ability: Protean\n|-singleturn|p2a: Greninja|Protect\n|move|p1a: Kangaskhan|Body Slam|p2a: Greninja\n|-activate|p2a: Greninja|move: Protect\n|move|p2b: Farigiraf|Dazzling Gleam|p1a: Kangaskhan|[spread] p1a,p1b\n|-damage|p1a: Kangaskhan|90/100\n|-damage|p1b: Sinistcha|87/100\n|\n|upkeep\n|turn|2\n|inactive|Sajan_14 has 30 seconds left.\n|inactive|Sajan_14 has 20 seconds left.\n|inactive|Sajan_14 has 15 seconds left.\n|\n|t:|1775939662\n|move|p2a: Greninja|Dark Pulse|p1b: Sinistcha\n|-supereffective|p1b: Sinistcha|1\n|-damage|p1b: Sinistcha|36/100\n|-enditem|p1b: Sinistcha|Sitrus Berry|[eat]\n|-heal|p1b: Sinistcha|61/100|[from] item: Sitrus Berry\n|move|p1a: Kangaskhan|Body Slam|p2a: Greninja\n|-damage|p2a: Greninja|36/100\n|-status|p2a: Greninja|par\n|-damage|p2a: Greninja|21/100 par\n|-hitcount|p2a: Greninja|2\n|move|p1b: Sinistcha|Life Dew|p1b: Sinistcha|[spread] p1a,p1b\n|-heal|p1a: Kangaskhan|100/100\n|-heal|p1b: Sinistcha|86/100\n|move|p2b: Farigiraf|Dazzling Gleam|p1b: Sinistcha|[spread] p1a,p1b\n|-damage|p1a: Kangaskhan|89/100\n|-damage|p1b: Sinistcha|72/100\n|\n|upkeep\n|turn|3\n|\n|t:|1775939680\n|move|p2b: Farigiraf|Helping Hand|p2a: Greninja\n|-singleturn|p2a: Greninja|Helping Hand|[of] p2b: Farigiraf\n|move|p1a: Kangaskhan|Body Slam|p2a: Greninja\n|-damage|p2a: Greninja|0 fnt\n|faint|p2a: Greninja\n|-hitcount|p2: Greninja|1\n|move|p1b: Sinistcha|Life Dew|p1b: Sinistcha|[spread] p1a,p1b\n|-heal|p1a: Kangaskhan|100/100\n|-heal|p1b: Sinistcha|98/100\n|\n|upkeep\n|\n|t:|1775939688\n|switch|p2a: Garchomp|Garchomp, L50, M|100/100\n|turn|4\n|\n|t:|1775939702\n|move|p2a: Garchomp|Rock Slide|p1b: Sinistcha|[spread] p1a,p1b\n|-damage|p1a: Kangaskhan|84/100\n|-damage|p1b: Sinistcha|80/100\n|cant|p1a: Kangaskhan|flinch\n|move|p1b: Sinistcha|Life Dew|p1b: Sinistcha|[spread] p1a,p1b\n|-heal|p1a: Kangaskhan|100/100\n|-heal|p1b: Sinistcha|100/100\n|move|p2b: Farigiraf|Trick Room|p2b: Farigiraf\n|-fieldstart|move: Trick Room|[of] p2b: Farigiraf\n|\n|upkeep\n|turn|5\n|\n|t:|1775939725\n|move|p2b: Farigiraf|Helping Hand|p2a: Garchomp\n|-singleturn|p2a: Garchomp|Helping Hand|[of] p2b: Farigiraf\n|move|p1b: Sinistcha|Life Dew||[still]|[still]|[spread] \n|-fail|p1a: Kangaskhan|heal\n|-fail|p1b: Sinistcha|heal\n|move|p1a: Kangaskhan|Crunch|p2b: Farigiraf\n|-supereffective|p2b: Farigiraf|1\n|-damage|p2b: Farigiraf|63/100\n|-supereffective|p2b: Farigiraf|1\n|-damage|p2b: Farigiraf|53/100\n|-hitcount|p2b: Farigiraf|2\n|move|p2a: Garchomp|Rock Slide|p1b: Sinistcha|[spread] p1a,p1b\n|-damage|p1a: Kangaskhan|75/100\n|-damage|p1b: Sinistcha|76/100\n|\n|upkeep\n|turn|6\n|\n|t:|1775939747\n|switch|p2a: Whimsicott|Whimsicott, L50, M|100/100\n|move|p2b: Farigiraf|Dazzling Gleam|p1a: Kangaskhan|[spread] p1a,p1b\n|-damage|p1a: Kangaskhan|63/100\n|-damage|p1b: Sinistcha|62/100\n|move|p1b: Sinistcha|Matcha Gotcha|p2b: Farigiraf|[spread] p2a,p2b\n|-resisted|p2a: Whimsicott|1\n|-damage|p2a: Whimsicott|79/100\n|-heal|p1b: Sinistcha|71/100|[from] drain|[of] p2a: Whimsicott\n|-damage|p2b: Farigiraf|26/100\n|-heal|p1b: Sinistcha|88/100|[from] drain|[of] p2b: Farigiraf\n|-enditem|p2b: Farigiraf|Sitrus Berry|[eat]\n|-heal|p2b: Farigiraf|51/100|[from] item: Sitrus Berry\n|move|p1a: Kangaskhan|Crunch|p2b: Farigiraf\n|-supereffective|p2b: Farigiraf|1\n|-damage|p2b: Farigiraf|14/100\n|-supereffective|p2b: Farigiraf|1\n|-damage|p2b: Farigiraf|5/100\n|-hitcount|p2b: Farigiraf|2\n|\n|upkeep\n|turn|7\n|inactive|Sajan_14 has 30 seconds left.\n|\n|t:|1775939777\n|move|p2b: Farigiraf|Dazzling Gleam|p1a: Kangaskhan|[spread] p1a,p1b\n|-damage|p1a: Kangaskhan|52/100\n|-damage|p1b: Sinistcha|75/100\n|move|p1b: Sinistcha|Matcha Gotcha|p2a: Whimsicott|[spread] p2a,p2b\n|-resisted|p2a: Whimsicott|1\n|-damage|p2a: Whimsicott|60/100\n|-heal|p1b: Sinistcha|82/100|[from] drain|[of] p2a: Whimsicott\n|-damage|p2b: Farigiraf|0 fnt\n|-heal|p1b: Sinistcha|85/100|[from] drain|[of] p2b: Farigiraf\n|faint|p2b: Farigiraf\n|move|p1a: Kangaskhan|Body Slam|p2a: Whimsicott\n|-damage|p2a: Whimsicott|1/100\n|-damage|p2a: Whimsicott|0 fnt\n|faint|p2a: Whimsicott\n|-hitcount|p2: Whimsicott|2\n|\n|upkeep\n|l|\u2606TheVGChef\n|inactive|TheVGChef disconnected and has a minute to reconnect!\n|player|p1|\n|\n|t:|1775939791\n|switch|p2b: Garchomp|Garchomp, L50, M|100/100\n|turn|8\n|j|\u2606TheVGChef\n|inactive|TheVGChef reconnected and has 45 seconds left.\n|player|p1|TheVGChef|2|\n|\n|t:|1775939804\n|move|p1b: Sinistcha|Life Dew|p1b: Sinistcha|[spread] p1a,p1b\n|-heal|p1a: Kangaskhan|77/100\n|-heal|p1b: Sinistcha|100/100\n|move|p1a: Kangaskhan|Body Slam|p2b: Garchomp\n|-damage|p2b: Garchomp|53/100\n|-damage|p1a: Kangaskhan|65/100|[from] ability: Rough Skin|[of] p2b: Garchomp\n|-damage|p2b: Garchomp|43/100\n|-status|p2b: Garchomp|par\n|-damage|p1a: Kangaskhan|53/100|[from] ability: Rough Skin|[of] p2b: Garchomp\n|-hitcount|p2b: Garchomp|2\n|move|p2b: Garchomp|Rock Slide|p1a: Kangaskhan|[spread] p1a,p1b\n|-crit|p1b: Sinistcha\n|-damage|p1a: Kangaskhan|35/100\n|-damage|p1b: Sinistcha|74/100\n|\n|-fieldend|move: Trick Room\n|upkeep\n|turn|9\n|\n|t:|1775939822\n|move|p1a: Kangaskhan|Body Slam|p2b: Garchomp\n|-damage|p2b: Garchomp|3/100 par\n|-damage|p1a: Kangaskhan|23/100|[from] ability: Rough Skin|[of] p2b: Garchomp\n|-damage|p2b: Garchomp|0 fnt\n|-damage|p1a: Kangaskhan|11/100|[from] ability: Rough Skin|[of] p2b: Garchomp\n|faint|p2b: Garchomp\n|-hitcount|p2: Garchomp|2\n|\n|win|TheVGChef\n|raw|TheVGChef's rating: 1000 &rarr; <strong>1046</strong><br />(+46 for winning)\n|raw|Sajan_14's rating: 1053 &rarr; <strong>1032</strong><br />(-21 for losing)\n|l|\u2606Sajan_14\n|player|p2|\n",
  "uploadtime": 1775939831,
  "views": 30,
  "formatid": "gen9championsvgc2026regma",
  "rating": 1032,
  "private": 0,
  "password": null
}