{
  "id": "gen9championsvgc2026regma-2583933719",
  "format": "[Gen 9 Champions] VGC 2026 Reg M-A",
  "players": [
    "Oras_4996",
    "tiredtophat"
  ],
  "log": "|j|\u2606Oras_4996\n|j|\u2606tiredtophat\n|t:|1776209583\n|gametype|doubles\n|player|p1|Oras_4996|pokemaniac|1243\n|player|p2|tiredtophat|hilbert-wonderlauncher|1236\n|gen|9\n|tier|[Gen 9 Champions] VGC 2026 Reg M-A\n|rated|\n|rule|Species Clause: Limit one of each Pok\u00e9mon\n|rule|Item Clause: Limit 1 of each item\n|clearpoke\n|poke|p1|Garchomp, L50, F|\n|poke|p1|Tyranitar, L50, M|\n|poke|p1|Skarmory, L50, M|\n|poke|p1|Rotom-Wash, L50|\n|poke|p1|Sinistcha, L50|\n|poke|p1|Sneasler, L50, F|\n|poke|p2|Gardevoir, L50, F|\n|poke|p2|Zoroark-Hisui, L50, F|\n|poke|p2|Pelipper, L50, M|\n|poke|p2|Garchomp, L50, F|\n|poke|p2|Maushold-Four, L50|\n|poke|p2|Kingambit, L50, M|\n|teampreview|4\n|inactive|Battle timer is ON: inactive players will automatically lose when time's up. (requested by tiredtophat)\n|inactive|Oras_4996 has 60 seconds left.\n|\n|t:|1776209626\n|teamsize|p1|4\n|teamsize|p2|4\n|start\n|switch|p1a: Sneasler|Sneasler, L50, F, shiny|100/100\n|switch|p1b: Skarmory|Skarmory, L50, M, shiny|100/100\n|switch|p2a: Bibi|Gardevoir, L50, F|100/100\n|switch|p2b: Cynthia|Garchomp, L50, F|100/100\n|turn|1\n|\n|t:|1776209650\n|detailschange|p2a: Bibi|Gardevoir-Mega, L50, F\n|-mega|p2a: Bibi|Gardevoir|Gardevoirite\n|move|p1a: Sneasler|Protect|p1a: Sneasler\n|-singleturn|p1a: Sneasler|Protect\n|move|p2b: Cynthia|Dragon Claw|p1a: Sneasler\n|-activate|p1a: Sneasler|move: Protect\n|move|p1b: Skarmory|Iron Head|p2a: Bibi\n|-supereffective|p2a: Bibi|1\n|-damage|p2a: Bibi|22/100\n|move|p2a: Bibi|Psychic|p1a: Sneasler\n|-activate|p1a: Sneasler|move: Protect\n|\n|upkeep\n|turn|2\n|inactive|Oras_4996 has 30 seconds left.\n|\n|t:|1776209678\n|switch|p2a: Bigbeak|Pelipper, L50, M|100/100\n|-weather|RainDance|[from] ability: Drizzle|[of] p2a: Bigbeak\n|move|p2b: Cynthia|Dragon Claw|p1a: Sneasler\n|-damage|p1a: Sneasler|29/100\n|move|p1a: Sneasler|Dire Claw|p2a: Bigbeak\n|-damage|p2a: Bigbeak|54/100\n|-status|p2a: Bigbeak|psn\n|move|p1b: Skarmory|Brave Bird|p2a: Bigbeak\n|-damage|p2a: Bigbeak|3/100 psn\n|-damage|p1b: Skarmory|82/100|[from] Recoil\n|\n|-weather|RainDance|[upkeep]\n|-damage|p2a: Bigbeak|0 fnt|[from] psn\n|faint|p2a: Bigbeak\n|upkeep\n|\n|t:|1776209697\n|switch|p2a: Bibi|Gardevoir-Mega, L50, F|22/100\n|turn|3\n|\n|t:|1776209710\n|switch|p1a: Tyranitar|Tyranitar, L50, M, shiny|100/100\n|-weather|Sandstorm|[from] ability: Sand Stream|[of] p1a: Tyranitar\n|detailschange|p1b: Skarmory|Skarmory-Mega, L50, M, shiny\n|-mega|p1b: Skarmory|Skarmory|Skarmorite\n|move|p2b: Cynthia|Dragon Claw|p1a: Tyranitar\n|-damage|p1a: Tyranitar|63/100\n|move|p1b: Skarmory|Brave Bird|p2a: Bibi\n|-damage|p2a: Bibi|0 fnt\n|faint|p2a: Bibi\n|-damage|p1b: Skarmory|74/100|[from] Recoil\n|\n|-weather|Sandstorm|[upkeep]\n|upkeep\n|\n|t:|1776209726\n|switch|p2a: Think...|Kingambit, L50, M|100/100\n|-activate|p2a: Think...|ability: Supreme Overlord\n|-start|p2a: Think...|fallen2|[silent]\n|turn|4\n|\n|t:|1776209739\n|move|p2b: Cynthia|Dragon Claw|p1b: Skarmory\n|-resisted|p1b: Skarmory|1\n|-damage|p1b: Skarmory|48/100\n|move|p1b: Skarmory|Tailwind|p1b: Skarmory\n|-sidestart|p1: Oras_4996|move: Tailwind\n|move|p1a: Tyranitar|Ice Punch|p2b: Cynthia\n|-supereffective|p2b: Cynthia|2\n|-damage|p2b: Cynthia|0 fnt\n|-damage|p1a: Tyranitar|51/100|[from] ability: Rough Skin|[of] p2b: Cynthia\n|faint|p2b: Cynthia\n|move|p2a: Think...|Swords Dance|p2a: Think...\n|-boost|p2a: Think...|atk|2\n|\n|-weather|Sandstorm|[upkeep]\n|upkeep\n|turn|5\n|\n|t:|1776209762\n|move|p2a: Think...|Sucker Punch|p1b: Skarmory\n|-damage|p1b: Skarmory|0 fnt\n|faint|p1b: Skarmory\n|move|p1a: Tyranitar|Knock Off|p2a: Think...\n|-resisted|p2a: Think...|1\n|-damage|p2a: Think...|77/100\n|-enditem|p2a: Think...|Leftovers|[from] move: Knock Off|[of] p1a: Tyranitar\n|\n|-weather|Sandstorm|[upkeep]\n|upkeep\n|\n|t:|1776209775\n|switch|p1b: Garchomp|Garchomp, L50, F, shiny|100/100\n|turn|6\n|\n|t:|1776209782\n|switch|p1a: Sneasler|Sneasler, L50, F, shiny|29/100\n|move|p1b: Garchomp|Protect|p1b: Garchomp\n|-singleturn|p1b: Garchomp|Protect\n|move|p2a: Think...|Sucker Punch||[still]\n|-fail|p2a: Think...\n|\n|-weather|Sandstorm|[upkeep]\n|-damage|p1a: Sneasler|23/100|[from] Sandstorm\n|upkeep\n|turn|7\n|\n|t:|1776209800\n|move|p1a: Sneasler|Fake Out|p2a: Think...\n|-resisted|p2a: Think...|1\n|-damage|p2a: Think...|72/100\n|cant|p2a: Think...|flinch\n|move|p1b: Garchomp|Earthquake|p2a: Think...|[spread] p1a,p2a\n|-supereffective|p1a: Sneasler|1\n|-supereffective|p2a: Think...|1\n|-damage|p1a: Sneasler|0 fnt\n|-damage|p2a: Think...|13/100\n|faint|p1a: Sneasler\n|\n|-weather|none\n|-sideend|p1: Oras_4996|move: Tailwind\n|upkeep\n|\n|t:|1776209809\n|switch|p1a: Tyranitar|Tyranitar, L50, M, shiny|51/100\n|-weather|Sandstorm|[from] ability: Sand Stream|[of] p1a: Tyranitar\n|turn|8\n|\n|t:|1776209818\n|move|p1b: Garchomp|Protect|p1b: Garchomp\n|-singleturn|p1b: Garchomp|Protect\n|move|p2a: Think...|Sucker Punch||[still]\n|-fail|p2a: Think...\n|move|p1a: Tyranitar|Rock Slide|p2a: Think...\n|-resisted|p2a: Think...|1\n|-damage|p2a: Think...|0 fnt\n|faint|p2a: Think...\n|-end|p2a: Think...|fallen2|[silent]\n|\n|win|Oras_4996\n|raw|Oras_4996's rating: 1243 &rarr; <strong>1267</strong><br />(+24 for winning)\n|raw|tiredtophat's rating: 1236 &rarr; <strong>1212</strong><br />(-24 for losing)\n",
  "uploadtime": 1776209829,
  "views": 30,
  "formatid": "gen9championsvgc2026regma",
  "rating": 1212,
  "private": 0,
  "password": null
}