{
  "id": "gen9championsvgc2026regma-2584323820",
  "format": "[Gen 9 Champions] VGC 2026 Reg M-A",
  "players": [
    "Dop a da",
    "JimmiBunnie"
  ],
  "log": "|j|\u2606Dop a da\n|j|\u2606JimmiBunnie\n|t:|1776251268\n|gametype|doubles\n|player|p1|Dop a da|266|1160\n|player|p2|JimmiBunnie|pokekid|1137\n|gen|9\n|tier|[Gen 9 Champions] VGC 2026 Reg M-A\n|rated|\n|rule|Species Clause: Limit one of each Pok\u00e9mon\n|rule|Item Clause: Limit 1 of each item\n|clearpoke\n|poke|p1|Incineroar, L50, M|\n|poke|p1|Sneasler, L50, F|\n|poke|p1|Charizard, L50, M|\n|poke|p1|Whimsicott, L50, F|\n|poke|p1|Garchomp, L50, F|\n|poke|p1|Venusaur, L50, F|\n|poke|p2|Lopunny, L50, M|\n|poke|p2|Garchomp, L50, F|\n|poke|p2|Incineroar, L50, F|\n|poke|p2|Rotom-Wash, L50|\n|poke|p2|Whimsicott, L50, M|\n|poke|p2|Milotic, L50, F|\n|teampreview|4\n|\n|t:|1776251308\n|teamsize|p1|4\n|teamsize|p2|4\n|start\n|switch|p1a: Sneasler|Sneasler, L50, F|100/100\n|switch|p1b: Garchomp|Garchomp, L50, F|100/100\n|switch|p2a: Milotic|Milotic, L50, F|100/100\n|switch|p2b: Lopunny|Lopunny, L50, M|100/100\n|turn|1\n|\n|t:|1776251336\n|detailschange|p2b: Lopunny|Lopunny-Mega, L50, M\n|-mega|p2b: Lopunny|Lopunny|Lopunnite\n|move|p1a: Sneasler|Protect|p1a: Sneasler\n|-singleturn|p1a: Sneasler|Protect\n|move|p1b: Garchomp|Protect|p1b: Garchomp\n|-singleturn|p1b: Garchomp|Protect\n|move|p2b: Lopunny|Close Combat|p1b: Garchomp\n|-activate|p1b: Garchomp|move: Protect\n|move|p2a: Milotic|Scald|p1b: Garchomp\n|-activate|p1b: Garchomp|move: Protect\n|\n|upkeep\n|turn|2\n|\n|t:|1776251360\n|switch|p1b: Whimsicott|Whimsicott, L50, F|100/100\n|move|p2b: Lopunny|Encore|p1a: Sneasler\n|-start|p1a: Sneasler|Encore\n|move|p1a: Sneasler|Protect||[still]\n|-fail|p1a: Sneasler\n|move|p2a: Milotic|Icy Wind|p1b: Whimsicott|[spread] p1b\n|-miss|p2a: Milotic|p1a: Sneasler\n|-supereffective|p1b: Whimsicott|1\n|-damage|p1b: Whimsicott|75/100\n|-unboost|p1b: Whimsicott|spe|1\n|\n|upkeep\n|turn|3\n|\n|t:|1776251387\n|switch|p1a: Charizard|Charizard, L50, M|100/100\n|move|p1b: Whimsicott|Tailwind|p1b: Whimsicott\n|-sidestart|p1: Dop a da|move: Tailwind\n|move|p2b: Lopunny|Close Combat|p1a: Charizard\n|-resisted|p1a: Charizard|1\n|-damage|p1a: Charizard|55/100\n|-unboost|p2b: Lopunny|def|1\n|-unboost|p2b: Lopunny|spd|1\n|move|p2a: Milotic|Scald|p1a: Charizard\n|-supereffective|p1a: Charizard|1\n|-damage|p1a: Charizard|0 fnt\n|faint|p1a: Charizard\n|\n|upkeep\n|\n|t:|1776251404\n|switch|p1a: Garchomp|Garchomp, L50, F|100/100\n|turn|4\n|\n|t:|1776251413\n|move|p1b: Whimsicott|Encore|p2a: Milotic\n|-start|p2a: Milotic|Encore\n|move|p1a: Garchomp|Earthquake|p2b: Lopunny|[spread] p2a,p2b\n|-miss|p1a: Garchomp|p1b: Whimsicott\n|-damage|p2a: Milotic|66/100\n|-damage|p2b: Lopunny|20/100\n|move|p2b: Lopunny|Close Combat|p1b: Whimsicott\n|-resisted|p1b: Whimsicott|1\n|-damage|p1b: Whimsicott|48/100\n|-unboost|p2b: Lopunny|def|1\n|-unboost|p2b: Lopunny|spd|1\n|move|p2a: Milotic|Scald|p1b: Whimsicott|[miss]\n|-miss|p2a: Milotic|p1b: Whimsicott\n|\n|-heal|p2a: Milotic|72/100|[from] item: Leftovers\n|upkeep\n|turn|5\n|\n|t:|1776251451\n|switch|p2a: Rotom|Rotom-Wash, L50|100/100\n|move|p2b: Lopunny|Protect|p2b: Lopunny\n|-singleturn|p2b: Lopunny|Protect\n|move|p1a: Garchomp|Earthquake|p2a: Rotom|[spread] p1b\n|-activate|p2b: Lopunny|move: Protect\n|-immune|p2a: Rotom|[from] ability: Levitate\n|-resisted|p1b: Whimsicott|1\n|-damage|p1b: Whimsicott|32/100\n|move|p1b: Whimsicott|Moonblast|p2b: Lopunny\n|-activate|p2b: Lopunny|move: Protect\n|\n|upkeep\n|turn|6\n|\n|t:|1776251480\n|move|p1a: Garchomp|Rock Slide|p2a: Rotom|[spread] p2a,p2b\n|-resisted|p2b: Lopunny|1\n|-damage|p2a: Rotom|81/100\n|-damage|p2b: Lopunny|0 fnt\n|faint|p2b: Lopunny\n|move|p1b: Whimsicott|Moonblast|p2a: Rotom\n|-damage|p2a: Rotom|53/100\n|move|p2a: Rotom|Hydro Pump|p1a: Garchomp\n|-damage|p1a: Garchomp|44/100\n|\n|-sideend|p1: Dop a da|move: Tailwind\n|upkeep\n|\n|t:|1776251492\n|switch|p2b: Milotic|Milotic, L50, F|72/100\n|turn|7\n|\n|t:|1776251516\n|move|p1b: Whimsicott|Tailwind|p1b: Whimsicott\n|-sidestart|p1: Dop a da|move: Tailwind\n|move|p1a: Garchomp|Dragon Claw|p2b: Milotic\n|-damage|p2b: Milotic|32/100\n|move|p2a: Rotom|Volt Switch|p1b: Whimsicott\n|-resisted|p1b: Whimsicott|1\n|-damage|p1b: Whimsicott|6/100\n|\n|t:|1776251524\n|switch|p2a: Incineroar|Incineroar, L50, F|100/100|[from] Volt Switch\n|-ability|p2a: Incineroar|Intimidate|boost\n|-unboost|p1a: Garchomp|atk|1\n|-unboost|p1b: Whimsicott|atk|1\n|move|p2b: Milotic|Icy Wind|p1b: Whimsicott|[spread] p1a,p1b\n|-supereffective|p1a: Garchomp|2\n|-supereffective|p1b: Whimsicott|1\n|-damage|p1a: Garchomp|3/100\n|-damage|p1b: Whimsicott|0 fnt\n|-unboost|p1a: Garchomp|spe|1\n|faint|p1b: Whimsicott\n|\n|-heal|p2b: Milotic|38/100|[from] item: Leftovers\n|upkeep\n|\n|t:|1776251527\n|switch|p1b: Sneasler|Sneasler, L50, F|100/100\n|turn|8\n|\n|t:|1776251544\n|move|p1b: Sneasler|Protect|p1b: Sneasler\n|-singleturn|p1b: Sneasler|Protect\n|move|p1a: Garchomp|Protect|p1a: Garchomp\n|-singleturn|p1a: Garchomp|Protect\n|move|p2a: Incineroar|Fake Out|p1a: Garchomp\n|-activate|p1a: Garchomp|move: Protect\n|move|p2b: Milotic|Recover|p2b: Milotic\n|-heal|p2b: Milotic|88/100\n|\n|-heal|p2b: Milotic|94/100|[from] item: Leftovers\n|upkeep\n|turn|9\n|\n|t:|1776251567\n|move|p1b: Sneasler|Close Combat|p2a: Incineroar\n|-supereffective|p2a: Incineroar|1\n|-damage|p2a: Incineroar|7/100\n|-unboost|p1b: Sneasler|def|1\n|-unboost|p1b: Sneasler|spd|1\n|-enditem|p2a: Incineroar|Sitrus Berry|[eat]\n|-heal|p2a: Incineroar|32/100|[from] item: Sitrus Berry\n|-enditem|p1b: Sneasler|White Herb\n|-clearnegativeboost|p1b: Sneasler|[silent]\n|move|p1a: Garchomp|Dragon Claw|p2b: Milotic\n|-damage|p2b: Milotic|67/100\n|move|p2b: Milotic|Icy Wind|p1a: Garchomp|[spread] p1a,p1b\n|-supereffective|p1a: Garchomp|2\n|-damage|p1a: Garchomp|0 fnt\n|-damage|p1b: Sneasler|88/100\n|-unboost|p1b: Sneasler|spe|1\n|faint|p1a: Garchomp\n|move|p2a: Incineroar|Flare Blitz|p1b: Sneasler\n|-damage|p1b: Sneasler|10/100\n|-damage|p2a: Incineroar|10/100|[from] Recoil\n|\n|-heal|p2b: Milotic|73/100|[from] item: Leftovers\n|upkeep\n|turn|10\n|\n|t:|1776251593\n|move|p1b: Sneasler|Dire Claw|p2a: Incineroar\n|-damage|p2a: Incineroar|0 fnt\n|faint|p2a: Incineroar\n|move|p2b: Milotic|Scald|p1b: Sneasler\n|-damage|p1b: Sneasler|0 fnt\n|faint|p1b: Sneasler\n|\n|win|JimmiBunnie\n|raw|Dop a da's rating: 1160 &rarr; <strong>1133</strong><br />(-27 for losing)\n|raw|JimmiBunnie's rating: 1137 &rarr; <strong>1164</strong><br />(+27 for winning)\n",
  "uploadtime": 1776251605,
  "views": 23,
  "formatid": "gen9championsvgc2026regma",
  "rating": 1133,
  "private": 0,
  "password": null
}