{
  "id": "gen9championsvgc2026regma-2582700555",
  "format": "[Gen 9 Champions] VGC 2026 Reg M-A",
  "players": [
    "nidsrule",
    "NVBlackLotus"
  ],
  "log": "|j|\u2606nidsrule\n|j|\u2606NVBlackLotus\n|t:|1776108181\n|gametype|doubles\n|player|p1|nidsrule|clown|1085\n|player|p2|NVBlackLotus|266|1084\n|gen|9\n|tier|[Gen 9 Champions] VGC 2026 Reg M-A\n|rated|\n|rule|Species Clause: Limit one of each Pok\u00e9mon\n|rule|Item Clause: Limit 1 of each item\n|clearpoke\n|poke|p1|Drampa, L50, F|\n|poke|p1|Sinistcha, L50|\n|poke|p1|Alakazam, L50, F|\n|poke|p1|Basculegion, L50, M|\n|poke|p1|Pelipper, L50, F|\n|poke|p1|Scizor, L50, M|\n|poke|p2|Gengar, L50, F|\n|poke|p2|Whimsicott, L50, F|\n|poke|p2|Kommo-o, L50, F|\n|poke|p2|Incineroar, L50, M|\n|poke|p2|Meganium, L50, F|\n|poke|p2|Basculegion, L50, M|\n|teampreview|4\n|\n|t:|1776108215\n|teamsize|p1|4\n|teamsize|p2|4\n|start\n|switch|p1a: Drampa|Drampa, L50, F|100/100\n|switch|p1b: Alakazam|Alakazam, L50, F|100/100\n|switch|p2a: Meganium|Meganium, L50, F|100/100\n|switch|p2b: Basculegion|Basculegion, L50, M, shiny|100/100\n|-ability|p1a: Drampa|Cloud Nine\n|turn|1\n|\n|t:|1776108229\n|detailschange|p2a: Meganium|Meganium-Mega, L50, F\n|-mega|p2a: Meganium|Meganium|Meganiumite\n|move|p1a: Drampa|Protect|p1a: Drampa\n|-singleturn|p1a: Drampa|Protect\n|move|p2b: Basculegion|Last Respects|p1b: Alakazam\n|-supereffective|p1b: Alakazam|1\n|-damage|p1b: Alakazam|0 fnt\n|faint|p1b: Alakazam\n|move|p2a: Meganium|Dazzling Gleam|p1a: Drampa\n|-activate|p1a: Drampa|move: Protect\n|\n|upkeep\n|\n|t:|1776108240\n|switch|p1b: Pelipper|Pelipper, L50, F|100/100\n|-weather|RainDance|[from] ability: Drizzle|[of] p1b: Pelipper\n|turn|2\n|\n|t:|1776108252\n|detailschange|p1a: Drampa|Drampa-Mega, L50, F\n|-mega|p1a: Drampa|Drampa|Drampanite\n|move|p2b: Basculegion|Last Respects|p1b: Pelipper\n|-damage|p1b: Pelipper|78/100\n|move|p2a: Meganium|Dazzling Gleam|p1b: Pelipper|[spread] p1a,p1b\n|-supereffective|p1a: Drampa|1\n|-damage|p1a: Drampa|51/100\n|-damage|p1b: Pelipper|39/100\n|move|p1b: Pelipper|Hurricane|p2a: Meganium\n|-supereffective|p2a: Meganium|1\n|-crit|p2a: Meganium\n|-damage|p2a: Meganium|29/100\n|-start|p2a: Meganium|confusion\n|move|p1a: Drampa|Calm Mind|p1a: Drampa\n|-boost|p1a: Drampa|spa|1\n|-boost|p1a: Drampa|spd|1\n|\n|-weather|RainDance|[upkeep]\n|upkeep\n|turn|3\n|\n|t:|1776108286\n|switch|p2a: Incineroar|Incineroar, L50, M, shiny|100/100\n|-ability|p2a: Incineroar|Intimidate|boost\n|-unboost|p1a: Drampa|atk|1\n|-unboost|p1b: Pelipper|atk|1\n|switch|p1b: Sinistcha|Sinistcha, L50|100/100\n|-heal|p1a: Drampa|76/100|[from] ability: Hospitality|[of] p1b: Sinistcha\n|move|p1a: Drampa|Protect|p1a: Drampa\n|-singleturn|p1a: Drampa|Protect\n|move|p2b: Basculegion|Last Respects|p1b: Sinistcha\n|-supereffective|p1b: Sinistcha|1\n|-damage|p1b: Sinistcha|44/100\n|-enditem|p1b: Sinistcha|Sitrus Berry|[eat]\n|-heal|p1b: Sinistcha|69/100|[from] item: Sitrus Berry\n|\n|-weather|RainDance|[upkeep]\n|upkeep\n|turn|4\n|\n|t:|1776108311\n|switch|p2b: Whimsicott|Whimsicott, L50, F|100/100\n|move|p2a: Incineroar|Fake Out|p1a: Drampa\n|-damage|p1a: Drampa|65/100\n|move|p1b: Sinistcha|Rage Powder|p1b: Sinistcha\n|-singleturn|p1b: Sinistcha|move: Rage Powder\n|cant|p1a: Drampa|flinch\n|\n|-weather|RainDance|[upkeep]\n|upkeep\n|turn|5\n|\n|t:|1776108324\n|move|p2b: Whimsicott|Tailwind|p2b: Whimsicott\n|-sidestart|p2: NVBlackLotus|move: Tailwind\n|move|p2a: Incineroar|Parting Shot|p1a: Drampa\n|-unboost|p1a: Drampa|atk|1\n|-unboost|p1a: Drampa|spa|1\n|\n|t:|1776108330\n|switch|p2a: Meganium|Meganium-Mega, L50, F|29/100|[from] Parting Shot\n|move|p1b: Sinistcha|Life Dew|p1b: Sinistcha|[spread] p1a,p1b\n|-heal|p1a: Drampa|90/100\n|-heal|p1b: Sinistcha|94/100\n|move|p1a: Drampa|Hyper Voice|p2b: Whimsicott|[spread] p2a,p2b\n|-damage|p2a: Meganium|3/100\n|-damage|p2b: Whimsicott|41/100\n|\n|-weather|RainDance|[upkeep]\n|upkeep\n|turn|6\n|\n|t:|1776108347\n|move|p1a: Drampa|Protect|p1a: Drampa\n|-singleturn|p1a: Drampa|Protect\n|move|p2b: Whimsicott|Moonblast|p1a: Drampa\n|-activate|p1a: Drampa|move: Protect\n|move|p2a: Meganium|Synthesis|p2a: Meganium\n|-heal|p2a: Meganium|69/100\n|move|p1b: Sinistcha|Trick Room|p1b: Sinistcha\n|-fieldstart|move: Trick Room|[of] p1b: Sinistcha\n|\n|-weather|none\n|upkeep\n|turn|7\n|\n|t:|1776108374\n|move|p2b: Whimsicott|Encore|p1a: Drampa\n|-start|p1a: Drampa|Encore\n|move|p1a: Drampa|Protect|p1a: Drampa\n|-singleturn|p1a: Drampa|Protect\n|move|p1b: Sinistcha|Matcha Gotcha|p2b: Whimsicott|[spread] p2a,p2b\n|-resisted|p2a: Meganium|1\n|-resisted|p2b: Whimsicott|1\n|-damage|p2a: Meganium|61/100\n|-heal|p1b: Sinistcha|99/100|[from] drain|[of] p2a: Meganium\n|-damage|p2b: Whimsicott|26/100\n|-heal|p1b: Sinistcha|100/100|[from] drain|[of] p2b: Whimsicott\n|move|p2a: Meganium|Dazzling Gleam|p1a: Drampa|[spread] p1b\n|-activate|p1a: Drampa|move: Protect\n|-damage|p1b: Sinistcha|75/100\n|\n|upkeep\n|turn|8\n|\n|t:|1776108400\n|move|p1a: Drampa|Protect||[still]\n|-fail|p1a: Drampa\n|move|p2b: Whimsicott|Fake Tears|p1a: Drampa\n|-unboost|p1a: Drampa|spd|2\n|move|p1b: Sinistcha|Matcha Gotcha|p2b: Whimsicott|[spread] p2a,p2b\n|-resisted|p2a: Meganium|1\n|-resisted|p2b: Whimsicott|1\n|-damage|p2a: Meganium|53/100\n|-heal|p1b: Sinistcha|79/100|[from] drain|[of] p2a: Meganium\n|-damage|p2b: Whimsicott|9/100\n|-heal|p1b: Sinistcha|87/100|[from] drain|[of] p2b: Whimsicott\n|move|p2a: Meganium|Dazzling Gleam|p1b: Sinistcha|[spread] p1a,p1b\n|-supereffective|p1a: Drampa|1\n|-damage|p1a: Drampa|15/100\n|-damage|p1b: Sinistcha|61/100\n|-ability|p1a: Drampa|Berserk|boost\n|-boost|p1a: Drampa|spa|1\n|\n|-sideend|p2: NVBlackLotus|move: Tailwind\n|upkeep\n|turn|9\n|\n|t:|1776108423\n|move|p1a: Drampa|Protect|p1a: Drampa\n|-singleturn|p1a: Drampa|Protect\n|move|p2b: Whimsicott|Fake Tears|p1b: Sinistcha\n|-unboost|p1b: Sinistcha|spd|2\n|move|p1b: Sinistcha|Life Dew|p1b: Sinistcha|[spread] p1a,p1b\n|-heal|p1a: Drampa|39/100\n|-heal|p1b: Sinistcha|86/100\n|move|p2a: Meganium|Dazzling Gleam|p1a: Drampa|[spread] p1b\n|-activate|p1a: Drampa|move: Protect\n|-damage|p1b: Sinistcha|38/100\n|\n|-end|p1a: Drampa|Encore\n|upkeep\n|turn|10\n|\n|t:|1776108441\n|move|p1b: Sinistcha|Rage Powder|p1b: Sinistcha\n|-singleturn|p1b: Sinistcha|move: Rage Powder\n|move|p2b: Whimsicott|Encore|p1a: Drampa\n|-start|p1a: Drampa|Encore\n|move|p1a: Drampa|Protect||[still]\n|-fail|p1a: Drampa\n|move|p2a: Meganium|Dazzling Gleam|p1b: Sinistcha|[spread] p1a,p1b\n|-supereffective|p1a: Drampa|1\n|-damage|p1a: Drampa|0 fnt\n|-damage|p1b: Sinistcha|0 fnt\n|faint|p1a: Drampa\n|faint|p1b: Sinistcha\n|\n|-fieldend|move: Trick Room\n|upkeep\n|-message|nidsrule forfeited.\n|\n|win|NVBlackLotus\n|raw|nidsrule's rating: 1085 &rarr; <strong>1062</strong><br />(-23 for losing)\n|raw|NVBlackLotus's rating: 1084 &rarr; <strong>1111</strong><br />(+27 for winning)\n",
  "uploadtime": 1776108453,
  "views": 12,
  "formatid": "gen9championsvgc2026regma",
  "rating": 1062,
  "private": 0,
  "password": null
}