{
  "id": "gen9championsvgc2026regma-2582979123",
  "format": "[Gen 9 Champions] VGC 2026 Reg M-A",
  "players": [
    "Parstesting",
    "NINTAIL12"
  ],
  "log": "|j|\u2606Parstesting\n|j|\u2606NINTAIL12\n|t:|1776130300\n|gametype|doubles\n|player|p1|Parstesting|170|1165\n|player|p2|NINTAIL12|1|1105\n|gen|9\n|tier|[Gen 9 Champions] VGC 2026 Reg M-A\n|rated|\n|rule|Species Clause: Limit one of each Pok\u00e9mon\n|rule|Item Clause: Limit 1 of each item\n|clearpoke\n|poke|p1|Garchomp, L50, F|\n|poke|p1|Tyranitar, L50, F|\n|poke|p1|Sinistcha, L50|\n|poke|p1|Milotic, L50, F|\n|poke|p1|Primarina, L50, F|\n|poke|p1|Delphox, L50, F|\n|poke|p2|Blastoise, L50, M|\n|poke|p2|Pelipper, L50, M|\n|poke|p2|Runerigus, L50, F|\n|poke|p2|Archaludon, L50, M|\n|poke|p2|Meganium, L50, M|\n|poke|p2|Sneasler, L50, F|\n|teampreview|4\n|\n|t:|1776130344\n|teamsize|p1|4\n|teamsize|p2|4\n|start\n|switch|p1a: Garchomp|Garchomp, L50, F, shiny|100/100\n|switch|p1b: Sinistcha|Sinistcha, L50, shiny|100/100\n|switch|p2a: Pelipper|Pelipper, L50, M|100/100\n|switch|p2b: Blastoise|Blastoise, L50, M|100/100\n|-weather|RainDance|[from] ability: Drizzle|[of] p2a: Pelipper\n|turn|1\n|\n|t:|1776130379\n|switch|p1b: Tyranitar|Tyranitar, L50, F, shiny|100/100\n|-weather|Sandstorm|[from] ability: Sand Stream|[of] p1b: Tyranitar\n|detailschange|p2b: Blastoise|Blastoise-Mega, L50, M\n|-mega|p2b: Blastoise|Blastoise|Blastoisinite\n|move|p1a: Garchomp|Rock Slide|p2b: Blastoise|[spread] p2a,p2b\n|-supereffective|p2a: Pelipper|1\n|-damage|p2a: Pelipper|63/100\n|-damage|p2b: Blastoise|79/100\n|move|p2b: Blastoise|Water Spout|p1b: Tyranitar|[spread] p1b\n|-miss|p2b: Blastoise|p1a: Garchomp\n|-supereffective|p1b: Tyranitar|1\n|-damage|p1b: Tyranitar|45/100\n|move|p2a: Pelipper|Tailwind|p2a: Pelipper\n|-sidestart|p2: NINTAIL12|move: Tailwind\n|\n|-weather|Sandstorm|[upkeep]\n|-damage|p2b: Blastoise|74/100|[from] Sandstorm\n|-damage|p2a: Pelipper|57/100|[from] Sandstorm\n|upkeep\n|turn|2\n|\n|t:|1776130409\n|switch|p1a: Sinistcha|Sinistcha, L50, shiny|100/100\n|-heal|p1b: Tyranitar|70/100|[from] ability: Hospitality|[of] p1a: Sinistcha\n|detailschange|p1b: Tyranitar|Tyranitar-Mega, L50, F, shiny\n|-mega|p1b: Tyranitar|Tyranitar|Tyranitarite\n|move|p2b: Blastoise|Water Pulse|p1b: Tyranitar\n|-supereffective|p1b: Tyranitar|1\n|-damage|p1b: Tyranitar|21/100\n|-start|p1b: Tyranitar|confusion\n|move|p2a: Pelipper|U-turn|p1b: Tyranitar\n|-supereffective|p1b: Tyranitar|1\n|-damage|p1b: Tyranitar|9/100\n|\n|t:|1776130421\n|switch|p2a: Archaludon|Archaludon, L50, M|100/100|[from] U-turn\n|-activate|p1b: Tyranitar|confusion\n|-damage|p1b: Tyranitar|0 fnt|[from] confusion\n|faint|p1b: Tyranitar\n|\n|-weather|Sandstorm|[upkeep]\n|-damage|p2b: Blastoise|68/100|[from] Sandstorm\n|-damage|p1a: Sinistcha|94/100|[from] Sandstorm\n|upkeep\n|\n|t:|1776130430\n|switch|p1b: Milotic|Milotic, L50, F, shiny|100/100\n|turn|3\n|\n|t:|1776130450\n|move|p2b: Blastoise|Dark Pulse|p1a: Sinistcha\n|-supereffective|p1a: Sinistcha|1\n|-damage|p1a: Sinistcha|1/100\n|move|p2a: Archaludon|Flash Cannon|p1b: Milotic\n|-resisted|p1b: Milotic|1\n|-damage|p1b: Milotic|90/100\n|move|p1b: Milotic|Icy Wind|p2b: Blastoise|[spread] p2a,p2b\n|-resisted|p2b: Blastoise|1\n|-damage|p2a: Archaludon|91/100\n|-damage|p2b: Blastoise|63/100\n|-unboost|p2a: Archaludon|spe|1\n|-unboost|p2b: Blastoise|spe|1\n|-ability|p2a: Archaludon|Stamina|boost\n|-boost|p2a: Archaludon|def|1\n|move|p1a: Sinistcha|Matcha Gotcha|p2a: Archaludon|[spread] p2a,p2b\n|-resisted|p2a: Archaludon|2\n|-supereffective|p2b: Blastoise|1\n|-damage|p2a: Archaludon|84/100\n|-heal|p1a: Sinistcha|5/100|[from] drain|[of] p2a: Archaludon\n|-damage|p2b: Blastoise|7/100\n|-heal|p1a: Sinistcha|32/100|[from] drain|[of] p2b: Blastoise\n|-status|p2b: Blastoise|brn\n|-ability|p2a: Archaludon|Stamina|boost\n|-boost|p2a: Archaludon|def|1\n|\n|-weather|Sandstorm|[upkeep]\n|-damage|p2b: Blastoise|1/100 brn|[from] Sandstorm\n|-damage|p1b: Milotic|84/100|[from] Sandstorm\n|-damage|p1a: Sinistcha|26/100|[from] Sandstorm\n|-heal|p2a: Archaludon|90/100|[from] item: Leftovers\n|-heal|p1b: Milotic|90/100|[from] item: Leftovers\n|-damage|p2b: Blastoise|0 fnt|[from] brn\n|faint|p2b: Blastoise\n|upkeep\n|\n|t:|1776130477\n|switch|p2b: Pelipper|Pelipper, L50, M|57/100\n|-weather|RainDance|[from] ability: Drizzle|[of] p2b: Pelipper\n|turn|4\n|\n|t:|1776130512\n|move|p1a: Sinistcha|Protect|p1a: Sinistcha\n|-singleturn|p1a: Sinistcha|Protect\n|move|p2b: Pelipper|Hurricane|p1a: Sinistcha\n|-activate|p1a: Sinistcha|move: Protect\n|move|p2a: Archaludon|Electro Shot||[still]\n|-prepare|p2a: Archaludon|Electro Shot\n|-boost|p2a: Archaludon|spa|1\n|-anim|p2a: Archaludon|Electro Shot|p1b: Milotic\n|-supereffective|p1b: Milotic|1\n|-damage|p1b: Milotic|22/100\n|move|p1b: Milotic|Icy Wind|p2b: Pelipper|[spread] p2a,p2b\n|-damage|p2a: Archaludon|80/100\n|-damage|p2b: Pelipper|43/100\n|-unboost|p2a: Archaludon|spe|1\n|-unboost|p2b: Pelipper|spe|1\n|-ability|p2a: Archaludon|Stamina|boost\n|-boost|p2a: Archaludon|def|1\n|-enditem|p2b: Pelipper|Sitrus Berry|[eat]\n|-heal|p2b: Pelipper|68/100|[from] item: Sitrus Berry\n|\n|-weather|RainDance|[upkeep]\n|-heal|p2a: Archaludon|86/100|[from] item: Leftovers\n|-heal|p1b: Milotic|28/100|[from] item: Leftovers\n|-sideend|p2: NINTAIL12|move: Tailwind\n|upkeep\n|turn|5\n|\n|t:|1776130571\n|move|p2b: Pelipper|Wide Guard|p2b: Pelipper\n|-singleturn|p2b: Pelipper|Wide Guard\n|move|p1b: Milotic|Scald|p2a: Archaludon\n|-resisted|p2a: Archaludon|1\n|-crit|p2a: Archaludon\n|-damage|p2a: Archaludon|55/100\n|-ability|p2a: Archaludon|Stamina|boost\n|-boost|p2a: Archaludon|def|1\n|move|p1a: Sinistcha|Shadow Ball|p2a: Archaludon\n|-crit|p2a: Archaludon\n|-damage|p2a: Archaludon|0 fnt\n|faint|p2a: Archaludon\n|\n|-weather|RainDance|[upkeep]\n|-heal|p1b: Milotic|34/100|[from] item: Leftovers\n|upkeep\n|\n|t:|1776130584\n|switch|p2a: Sneasler|Sneasler, L50, F|100/100\n|turn|6\n|\n|t:|1776130599\n|switch|p1b: Garchomp|Garchomp, L50, F, shiny|100/100\n|move|p2a: Sneasler|Rock Slide|p1a: Sinistcha|[spread] p1a,p1b\n|-resisted|p1b: Garchomp|1\n|-damage|p1a: Sinistcha|7/100\n|-damage|p1b: Garchomp|89/100\n|move|p1a: Sinistcha|Strength Sap|p2a: Sneasler\n|-unboost|p2a: Sneasler|atk|1\n|-heal|p1a: Sinistcha|100/100\n|-enditem|p2a: Sneasler|White Herb\n|-clearnegativeboost|p2a: Sneasler|[silent]\n|move|p2b: Pelipper|Tailwind|p2b: Pelipper\n|-sidestart|p2: NINTAIL12|move: Tailwind\n|\n|-weather|RainDance|[upkeep]\n|upkeep\n|turn|7\n|\n|t:|1776130635\n|move|p2a: Sneasler|Close Combat|p1b: Garchomp\n|-damage|p1b: Garchomp|19/100\n|-unboost|p2a: Sneasler|def|1\n|-unboost|p2a: Sneasler|spd|1\n|move|p1b: Garchomp|Rock Slide|p2b: Pelipper|[spread] p2a\n|-miss|p1b: Garchomp|p2b: Pelipper\n|-resisted|p2a: Sneasler|1\n|-damage|p2a: Sneasler|71/100\n|move|p2b: Pelipper|Hurricane|p1b: Garchomp\n|-damage|p1b: Garchomp|0 fnt\n|faint|p1b: Garchomp\n|move|p1a: Sinistcha|Strength Sap|p2a: Sneasler\n|-unboost|p2a: Sneasler|atk|1\n|\n|-weather|RainDance|[upkeep]\n|upkeep\n|\n|t:|1776130651\n|switch|p1b: Milotic|Milotic, L50, F, shiny|34/100\n|turn|8\n|\n|t:|1776130662\n|move|p2a: Sneasler|Close Combat|p1b: Milotic\n|-damage|p1b: Milotic|0 fnt\n|-unboost|p2a: Sneasler|def|1\n|-unboost|p2a: Sneasler|spd|1\n|faint|p1b: Milotic\n|move|p2b: Pelipper|Hurricane|p1a: Sinistcha\n|-supereffective|p1a: Sinistcha|1\n|-damage|p1a: Sinistcha|5/100\n|move|p1a: Sinistcha|Shadow Ball|p2b: Pelipper\n|-damage|p2b: Pelipper|8/100\n|\n|-weather|none\n|upkeep\n|turn|9\n|-message|Parstesting forfeited.\n|\n|win|NINTAIL12\n|raw|Parstesting's rating: 1165 &rarr; <strong>1136</strong><br />(-29 for losing)\n|raw|NINTAIL12's rating: 1105 &rarr; <strong>1134</strong><br />(+29 for winning)\n|l|\u2606Parstesting\n|player|p1|\n",
  "uploadtime": 1776130690,
  "views": 36,
  "formatid": "gen9championsvgc2026regma",
  "rating": 1134,
  "private": 0,
  "password": null
}