{
  "id": "gen9championsvgc2026regma-2585488134",
  "format": "[Gen 9 Champions] VGC 2026 Reg M-A",
  "players": [
    "Adach6-1",
    "Millie5400"
  ],
  "log": "|j|\u2606Adach6-1\n|j|\u203dMillie5400\n|t:|1776350893\n|gametype|doubles\n|player|p1|Adach6-1|266|1033\n|player|p2|Millie5400|169|1000\n|gen|9\n|tier|[Gen 9 Champions] VGC 2026 Reg M-A\n|rated|\n|rule|Species Clause: Limit one of each Pok\u00e9mon\n|rule|Item Clause: Limit 1 of each item\n|clearpoke\n|poke|p1|Decidueye-Hisui, L50, F|\n|poke|p1|Rampardos, L50, M|\n|poke|p1|Tyranitar, L50, F|\n|poke|p1|Farigiraf, L50, M|\n|poke|p1|Abomasnow, L50, M|\n|poke|p1|Starmie, L50|\n|poke|p2|Greninja-*, L50, F|\n|poke|p2|Meowstic, L50, M|\n|poke|p2|Talonflame, L50, F|\n|poke|p2|Scizor, L50, M|\n|poke|p2|Rotom-Mow, L50|\n|poke|p2|Gliscor, L50, F|\n|teampreview|4\n|\n|t:|1776350910\n|teamsize|p1|4\n|teamsize|p2|4\n|start\n|switch|p1a: Decidueye|Decidueye-Hisui, L50, F|100/100\n|switch|p1b: Farigiraf|Farigiraf, L50, M|100/100\n|switch|p2a: Scizor|Scizor, L50, M, shiny|100/100\n|switch|p2b: Talonflame|Talonflame, L50, F, shiny|100/100\n|turn|1\n|inactive|Battle timer is ON: inactive players will automatically lose when time's up. (requested by Adach6-1)\n|c|\u2606Adach6-1|gl\n|\n|t:|1776350927\n|detailschange|p2a: Scizor|Scizor-Mega, L50, M, shiny\n|-mega|p2a: Scizor|Scizor|Scizorite\n|move|p2b: Talonflame|U-turn|p1b: Farigiraf\n|-supereffective|p1b: Farigiraf|1\n|-damage|p1b: Farigiraf|78/100\n|\n|t:|1776350936\n|switch|p2b: Rotom|Rotom-Mow, L50|100/100|[from] U-turn\n|move|p1a: Decidueye|Coaching|p1b: Farigiraf\n|-boost|p1b: Farigiraf|atk|1\n|-boost|p1b: Farigiraf|def|1\n|move|p2a: Scizor|Bug Bite|p1b: Farigiraf\n|-supereffective|p1b: Farigiraf|1\n|-damage|p1b: Farigiraf|19/100\n|-enditem|p1b: Farigiraf|Sitrus Berry|[from] stealeat|[move] Bug Bite|[of] p2a: Scizor\n|move|p1b: Farigiraf|Agility|p1b: Farigiraf\n|-boost|p1b: Farigiraf|spe|2\n|\n|upkeep\n|turn|2\n|\n|t:|1776350960\n|move|p2b: Rotom|Helping Hand|p2a: Scizor\n|-singleturn|p2a: Scizor|Helping Hand|[of] p2b: Rotom\n|move|p1b: Farigiraf|Baton Pass|p1b: Farigiraf\n|\n|t:|1776350968\n|switch|p1b: Rampardos|Rampardos, L50, M|100/100|[from] Baton Pass\n|move|p1a: Decidueye|Tailwind|p1a: Decidueye\n|-sidestart|p1: Adach6-1|move: Tailwind\n|move|p2a: Scizor|Bug Bite|p1b: Rampardos\n|-damage|p1b: Rampardos|18/100\n|-enditem|p1b: Rampardos|Shuca Berry|[from] stealeat|[move] Bug Bite|[of] p2a: Scizor\n|\n|upkeep\n|turn|3\n|\n|t:|1776350982\n|switch|p1a: Farigiraf|Farigiraf, L50, M|19/100\n|move|p2b: Rotom|Protect|p2b: Rotom\n|-singleturn|p2b: Rotom|Protect\n|move|p2a: Scizor|Bullet Punch||[still]\n|cant|p1a: Farigiraf|ability: Armor Tail|Bullet Punch|[of] p2a: Scizor\n|move|p1b: Rampardos|Rock Slide|p2a: Scizor|[spread] p2a\n|-activate|p2b: Rotom|move: Protect\n|-damage|p2a: Scizor|51/100\n|\n|upkeep\n|turn|4\n|\n|t:|1776351003\n|move|p2b: Rotom|Helping Hand|p2a: Scizor\n|-singleturn|p2a: Scizor|Helping Hand|[of] p2b: Rotom\n|move|p1b: Rampardos|Rock Slide|p2b: Rotom|[spread] p2a,p2b\n|-crit|p2a: Scizor\n|-damage|p2a: Scizor|0 fnt\n|-damage|p2b: Rotom|14/100\n|faint|p2a: Scizor\n|move|p1a: Farigiraf|Hyper Voice|p2b: Rotom\n|-damage|p2b: Rotom|0 fnt\n|faint|p2b: Rotom\n|\n|upkeep\n|\n|t:|1776351016\n|switch|p2b: Greninja|Greninja, L50, F, shiny|100/100\n|switch|p2a: Talonflame|Talonflame, L50, F, shiny|100/100\n|turn|5\n|\n|t:|1776351025\n|move|p1b: Rampardos|Rock Slide|p2a: Talonflame|[spread] p2a,p2b\n|-supereffective|p2a: Talonflame|2\n|-damage|p2a: Talonflame|0 fnt\n|-enditem|p2b: Greninja|Focus Sash\n|-damage|p2b: Greninja|1/100\n|faint|p2a: Talonflame\n|move|p2b: Greninja|Dark Pulse|p1a: Farigiraf\n|-start|p2b: Greninja|typechange|Dark|[from] ability: Protean\n|-supereffective|p1a: Farigiraf|1\n|-damage|p1a: Farigiraf|0 fnt\n|faint|p1a: Farigiraf\n|\n|-sideend|p1: Adach6-1|move: Tailwind\n|upkeep\n|\n|t:|1776351035\n|switch|p1a: Tyranitar|Tyranitar, L50, F|100/100\n|-weather|Sandstorm|[from] ability: Sand Stream|[of] p1a: Tyranitar\n|turn|6\n|-message|Millie5400 forfeited.\n|\n|win|Adach6-1\n|raw|Adach6-1's rating: 1033 &rarr; <strong>1065</strong><br />(+32 for winning)\n|raw|Millie5400's rating: 1000 &rarr; <strong>1000</strong><br />(+0 for losing)\n|l|\u203dMillie5400\n|player|p2|\n",
  "uploadtime": 1776351061,
  "views": 19,
  "formatid": "gen9championsvgc2026regma",
  "rating": 1000,
  "private": 0,
  "password": null
}