{
  "id": "gen9championsvgc2026regma-2587615231",
  "format": "[Gen 9 Champions] VGC 2026 Reg M-A",
  "players": [
    "CaliberChamp",
    "Huntersampayo"
  ],
  "log": "|j|\u2606CaliberChamp\n|j|\u2606Huntersampayo\n|t:|1776547179\n|gametype|doubles\n|player|p1|CaliberChamp|red-masters|1076\n|player|p2|Huntersampayo|170|1030\n|gen|9\n|tier|[Gen 9 Champions] VGC 2026 Reg M-A\n|rated|\n|rule|Species Clause: Limit one of each Pok\u00e9mon\n|rule|Item Clause: Limit 1 of each item\n|clearpoke\n|poke|p1|Greninja, L50, M|\n|poke|p1|Aegislash, L50, F, shiny|\n|poke|p1|Hawlucha, L50, M|\n|poke|p1|Klefki, L50, F|\n|poke|p1|Tyrantrum, L50, M, shiny|\n|poke|p1|Noivern, L50, F|\n|poke|p2|Meganium, L50, F|\n|poke|p2|Liepard, L50, M|\n|poke|p2|Scizor, L50, M|\n|poke|p2|Sneasler, L50, F|\n|poke|p2|Basculegion, L50, M|\n|poke|p2|Pelipper, L50, M|\n|teampreview|4\n|\n|t:|1776547235\n|teamsize|p1|4\n|teamsize|p2|4\n|start\n|switch|p1a: Aegislash|Aegislash, L50, F, shiny|100/100\n|switch|p1b: Noivern|Noivern, L50, F|100/100\n|switch|p2a: Pelipper|Pelipper, L50, M|100/100\n|switch|p2b: Basculegion|Basculegion, L50, M|100/100\n|-weather|RainDance|[from] ability: Drizzle|[of] p2a: Pelipper\n|turn|1\n|\n|t:|1776547254\n|move|p2b: Basculegion|Ice Fang|p1b: Noivern\n|-supereffective|p1b: Noivern|2\n|-enditem|p1b: Noivern|Focus Sash\n|-damage|p1b: Noivern|1/100\n|move|p1b: Noivern|Tailwind|p1b: Noivern\n|-sidestart|p1: CaliberChamp|move: Tailwind\n|move|p1a: Aegislash|Swords Dance|p1a: Aegislash\n|-boost|p1a: Aegislash|atk|2\n|move|p2a: Pelipper|Tailwind|p2a: Pelipper\n|-sidestart|p2: Huntersampayo|move: Tailwind\n|\n|-weather|RainDance|[upkeep]\n|upkeep\n|turn|2\n|\n|t:|1776547285\n|switch|p2b: Scizor|Scizor, L50, M|100/100\n|move|p1b: Noivern|Draco Meteor|p2b: Scizor\n|-resisted|p2b: Scizor|1\n|-damage|p2b: Scizor|55/100\n|-unboost|p1b: Noivern|spa|2\n|move|p2a: Pelipper|U-turn|p1b: Noivern\n|-resisted|p1b: Noivern|1\n|-damage|p1b: Noivern|0 fnt\n|faint|p1b: Noivern\n|\n|t:|1776547298\n|switch|p2a: Basculegion|Basculegion, L50, M|100/100|[from] U-turn\n|-formechange|p1a: Aegislash|Aegislash-Blade|\n|move|p1a: Aegislash|Iron Head|p2b: Scizor\n|-resisted|p2b: Scizor|1\n|-damage|p2b: Scizor|12/100\n|\n|-weather|RainDance|[upkeep]\n|upkeep\n|\n|t:|1776547309\n|switch|p1b: Greninja|Greninja, L50, M|100/100\n|turn|3\n|inactive|Battle timer is ON: inactive players will automatically lose when time's up. (requested by Huntersampayo)\n|\n|t:|1776547332\n|-formechange|p1a: Aegislash|Aegislash|\n|move|p1a: Aegislash|King's Shield|p1a: Aegislash\n|-singleturn|p1a: Aegislash|Protect\n|move|p2b: Scizor|Bullet Punch|p1b: Greninja\n|-resisted|p1b: Greninja|1\n|-damage|p1b: Greninja|74/100\n|move|p2a: Basculegion|Last Respects|p1a: Aegislash\n|-activate|p1a: Aegislash|move: Protect\n|move|p1b: Greninja|Sludge Wave|p2a: Basculegion|[spread] p2a\n|-start|p1b: Greninja|typechange|Poison|[from] ability: Protean\n|-activate|p1a: Aegislash|move: Protect\n|-immune|p2b: Scizor\n|-resisted|p2a: Basculegion|1\n|-damage|p2a: Basculegion|80/100\n|\n|-weather|RainDance|[upkeep]\n|upkeep\n|turn|4\n|inactive|Huntersampayo has 30 seconds left.\n|\n|t:|1776547360\n|move|p2a: Basculegion|Last Respects|p1a: Aegislash\n|-supereffective|p1a: Aegislash|1\n|-damage|p1a: Aegislash|59/100\n|move|p1b: Greninja|Sludge Wave|p2b: Scizor|[spread] p2a\n|-immune|p1a: Aegislash\n|-immune|p2b: Scizor\n|-resisted|p2a: Basculegion|1\n|-damage|p2a: Basculegion|59/100\n|move|p2b: Scizor|Dual Wingbeat|p1b: Greninja|[miss]\n|-miss|p2b: Scizor|p1b: Greninja\n|-formechange|p1a: Aegislash|Aegislash-Blade|\n|move|p1a: Aegislash|Iron Head|p2a: Basculegion\n|-resisted|p2a: Basculegion|1\n|-damage|p2a: Basculegion|0 fnt\n|faint|p2a: Basculegion\n|\n|-weather|RainDance|[upkeep]\n|-heal|p1a: Aegislash|65/100|[from] item: Leftovers\n|-sideend|p2: Huntersampayo|move: Tailwind\n|-sideend|p1: CaliberChamp|move: Tailwind\n|upkeep\n|\n|t:|1776547376\n|switch|p2a: Sneasler|Sneasler, L50, F|100/100\n|turn|5\n|\n|t:|1776547388\n|-formechange|p1a: Aegislash|Aegislash|\n|move|p1a: Aegislash|King's Shield|p1a: Aegislash\n|-singleturn|p1a: Aegislash|Protect\n|move|p2a: Sneasler|Fake Out|p1b: Greninja\n|-damage|p1b: Greninja|49/100\n|cant|p1b: Greninja|flinch\n|move|p2b: Scizor|Dual Wingbeat|p1b: Greninja\n|-damage|p1b: Greninja|13/100\n|-damage|p1b: Greninja|0 fnt\n|faint|p1b: Greninja\n|-hitcount|p1: Greninja|2\n|\n|-weather|none\n|-heal|p1a: Aegislash|71/100|[from] item: Leftovers\n|upkeep\n|\n|t:|1776547405\n|switch|p1b: Hawlucha|Hawlucha, L50, M|100/100\n|-ability|p1b: Hawlucha|Mold Breaker\n|turn|6\n|\n|t:|1776547427\n|move|p1b: Hawlucha|Detect|p1b: Hawlucha\n|-singleturn|p1b: Hawlucha|Protect\n|move|p2b: Scizor|Bullet Punch|p1b: Hawlucha\n|-activate|p1b: Hawlucha|move: Protect\n|move|p2a: Sneasler|Dire Claw|p1b: Hawlucha\n|-activate|p1b: Hawlucha|move: Protect\n|-formechange|p1a: Aegislash|Aegislash-Blade|\n|move|p1a: Aegislash|Iron Head|p2a: Sneasler\n|-damage|p2a: Sneasler|0 fnt\n|faint|p2a: Sneasler\n|\n|-heal|p1a: Aegislash|77/100|[from] item: Leftovers\n|upkeep\n|\n|t:|1776547443\n|switch|p2a: Pelipper|Pelipper, L50, M|100/100\n|-weather|RainDance|[from] ability: Drizzle|[of] p2a: Pelipper\n|turn|7\n|\n|t:|1776547466\n|detailschange|p1b: Hawlucha|Hawlucha-Mega, L50, M\n|-mega|p1b: Hawlucha|Hawlucha|Hawluchanite\n|-formechange|p1a: Aegislash|Aegislash|\n|move|p1a: Aegislash|King's Shield|p1a: Aegislash\n|-singleturn|p1a: Aegislash|Protect\n|move|p1b: Hawlucha|Dual Wingbeat|p2b: Scizor\n|-damage|p2b: Scizor|0 fnt\n|faint|p2b: Scizor\n|-hitcount|p2: Scizor|1\n|move|p2a: Pelipper|Hurricane|p1b: Hawlucha\n|-supereffective|p1b: Hawlucha|1\n|-damage|p1b: Hawlucha|10/100\n|-start|p1b: Hawlucha|confusion\n|\n|-weather|RainDance|[upkeep]\n|-heal|p1a: Aegislash|83/100|[from] item: Leftovers\n|upkeep\n|turn|8\n|inactive|CaliberChamp has 30 seconds left.\n|inactive|CaliberChamp has 20 seconds left.\n|inactive|CaliberChamp has 15 seconds left.\n|\n|t:|1776547507\n|-activate|p1b: Hawlucha|confusion\n|move|p1b: Hawlucha|Detect|p1b: Hawlucha\n|-singleturn|p1b: Hawlucha|Protect\n|move|p2a: Pelipper|Hurricane|p1a: Aegislash\n|-resisted|p1a: Aegislash|1\n|-damage|p1a: Aegislash|65/100\n|-start|p1a: Aegislash|confusion\n|-activate|p1a: Aegislash|confusion\n|-formechange|p1a: Aegislash|Aegislash-Blade|\n|move|p1a: Aegislash|Iron Head|p2a: Pelipper\n|-resisted|p2a: Pelipper|1\n|-damage|p2a: Pelipper|66/100\n|\n|-weather|RainDance|[upkeep]\n|-heal|p2a: Pelipper|72/100|[from] item: Leftovers\n|-heal|p1a: Aegislash|71/100|[from] item: Leftovers\n|upkeep\n|turn|9\n|\n|t:|1776547526\n|-activate|p1a: Aegislash|confusion\n|-formechange|p1a: Aegislash|Aegislash|\n|move|p1a: Aegislash|King's Shield|p1a: Aegislash\n|-singleturn|p1a: Aegislash|Protect\n|-activate|p1b: Hawlucha|confusion\n|move|p1b: Hawlucha|Dual Wingbeat|p2a: Pelipper\n|-damage|p2a: Pelipper|54/100\n|-damage|p2a: Pelipper|35/100\n|-hitcount|p2a: Pelipper|2\n|move|p2a: Pelipper|Hurricane|p1b: Hawlucha\n|-supereffective|p1b: Hawlucha|1\n|-damage|p1b: Hawlucha|0 fnt\n|faint|p1b: Hawlucha\n|\n|-weather|RainDance|[upkeep]\n|-heal|p2a: Pelipper|41/100|[from] item: Leftovers\n|-heal|p1a: Aegislash|77/100|[from] item: Leftovers\n|upkeep\n|turn|10\n|inactive|CaliberChamp has 30 seconds left.\n|\n|t:|1776547559\n|move|p2a: Pelipper|Hurricane|p1a: Aegislash\n|-resisted|p1a: Aegislash|1\n|-damage|p1a: Aegislash|60/100\n|-activate|p1a: Aegislash|confusion\n|-damage|p1a: Aegislash|45/100|[from] confusion\n|\n|-weather|RainDance|[upkeep]\n|-heal|p2a: Pelipper|47/100|[from] item: Leftovers\n|-heal|p1a: Aegislash|51/100|[from] item: Leftovers\n|upkeep\n|turn|11\n|\n|t:|1776547571\n|-activate|p1a: Aegislash|confusion\n|move|p1a: Aegislash|King's Shield|p1a: Aegislash\n|-singleturn|p1a: Aegislash|Protect\n|move|p2a: Pelipper|Hurricane|p1a: Aegislash\n|-activate|p1a: Aegislash|move: Protect\n|\n|-weather|none\n|-heal|p2a: Pelipper|53/100|[from] item: Leftovers\n|-heal|p1a: Aegislash|57/100|[from] item: Leftovers\n|upkeep\n|turn|12\n|\n|t:|1776547581\n|move|p2a: Pelipper|Hurricane|p1a: Aegislash\n|-resisted|p1a: Aegislash|1\n|-damage|p1a: Aegislash|41/100\n|-end|p1a: Aegislash|confusion\n|move|p1a: Aegislash|Swords Dance|p1a: Aegislash\n|-boost|p1a: Aegislash|atk|2\n|\n|-heal|p2a: Pelipper|59/100|[from] item: Leftovers\n|-heal|p1a: Aegislash|47/100|[from] item: Leftovers\n|upkeep\n|turn|13\n|\n|t:|1776547593\n|move|p2a: Pelipper|Tailwind|p2a: Pelipper\n|-sidestart|p2: Huntersampayo|move: Tailwind\n|-formechange|p1a: Aegislash|Aegislash-Blade|\n|move|p1a: Aegislash|Iron Head|p2a: Pelipper\n|-resisted|p2a: Pelipper|1\n|-damage|p2a: Pelipper|0 fnt\n|faint|p2a: Pelipper\n|\n|win|CaliberChamp\n|raw|CaliberChamp's rating: 1076 &rarr; <strong>1101</strong><br />(+25 for winning)\n|raw|Huntersampayo's rating: 1030 &rarr; <strong>1017</strong><br />(-13 for losing)\n|l|\u2606Huntersampayo\n|player|p2|\n",
  "uploadtime": 1776547607,
  "views": 11,
  "formatid": "gen9championsvgc2026regma",
  "rating": 1017,
  "private": 0,
  "password": null
}