{
  "id": "gen9championsvgc2026regma-2582458733",
  "format": "[Gen 9 Champions] VGC 2026 Reg M-A",
  "players": [
    "jonen",
    "TheSandFromDune"
  ],
  "log": "|j|\u2606jonen\n|j|\u2606TheSandFromDune\n|t:|1776093027\n|gametype|doubles\n|player|p1|jonen|medium|1078\n|player|p2|TheSandFromDune|roughneck|1127\n|gen|9\n|tier|[Gen 9 Champions] VGC 2026 Reg M-A\n|rated|\n|rule|Species Clause: Limit one of each Pok\u00e9mon\n|rule|Item Clause: Limit 1 of each item\n|clearpoke\n|poke|p1|Kleavor, L50, M|\n|poke|p1|Hippowdon, L50, M|\n|poke|p1|Chesnaught, L50, M|\n|poke|p1|Sneasler, L50, F|\n|poke|p2|Incineroar, L50, M|\n|poke|p2|Starmie, L50|\n|poke|p2|Tyranitar, L50, M|\n|poke|p2|Corviknight, L50, F|\n|poke|p2|Maushold, L50|\n|poke|p2|Sinistcha, L50|\n|teampreview|4\n|\n|t:|1776093048\n|teamsize|p1|4\n|teamsize|p2|4\n|start\n|switch|p1a: Kleavor|Kleavor, L50, M, shiny|100/100\n|switch|p1b: Sneasler|Sneasler, L50, F|100/100\n|switch|p2a: Starmie|Starmie, L50|100/100\n|switch|p2b: Maushold|Maushold, L50|100/100\n|turn|1\n|\n|t:|1776093058\n|switch|p2b: Incineroar|Incineroar, L50, M|100/100\n|-ability|p2b: Incineroar|Intimidate|boost\n|-unboost|p1a: Kleavor|atk|1\n|-unboost|p1b: Sneasler|atk|1\n|-enditem|p1b: Sneasler|White Herb\n|-clearnegativeboost|p1b: Sneasler|[silent]\n|detailschange|p2a: Starmie|Starmie-Mega, L50\n|-mega|p2a: Starmie|Starmie|Starminite\n|move|p1b: Sneasler|Fake Out|p2b: Incineroar\n|-damage|p2b: Incineroar|84/100\n|move|p1a: Kleavor|X-Scissor|p2a: Starmie\n|-supereffective|p2a: Starmie|1\n|-damage|p2a: Starmie|0 fnt\n|faint|p2a: Starmie\n|\n|upkeep\n|\n|t:|1776093071\n|switch|p2a: Maushold|Maushold, L50|100/100\n|turn|2\n|\n|t:|1776093079\n|move|p2a: Maushold|Follow Me|p2a: Maushold\n|-singleturn|p2a: Maushold|move: Follow Me\n|move|p1b: Sneasler|Close Combat|p2a: Maushold\n|-supereffective|p2a: Maushold|1\n|-damage|p2a: Maushold|0 fnt\n|-unboost|p1b: Sneasler|def|1\n|-unboost|p1b: Sneasler|spd|1\n|faint|p2a: Maushold\n|move|p1a: Kleavor|X-Scissor|p2b: Incineroar\n|-damage|p2b: Incineroar|41/100\n|-enditem|p2b: Incineroar|Sitrus Berry|[eat]\n|-heal|p2b: Incineroar|66/100|[from] item: Sitrus Berry\n|move|p2b: Incineroar|Flare Blitz|p1a: Kleavor\n|-damage|p1a: Kleavor|31/100\n|-damage|p2b: Incineroar|49/100|[from] Recoil\n|\n|upkeep\n|\n|t:|1776093084\n|switch|p2a: Corviknight|Corviknight, L50, F|100/100\n|-ability|p2a: Corviknight|Unnerve\n|turn|3\n|\n|t:|1776093093\n|move|p1b: Sneasler|Protect|p1b: Sneasler\n|-singleturn|p1b: Sneasler|Protect\n|move|p1a: Kleavor|X-Scissor|p2b: Incineroar\n|-damage|p2b: Incineroar|6/100\n|move|p2a: Corviknight|Brave Bird|p1b: Sneasler\n|-activate|p1b: Sneasler|move: Protect\n|move|p2b: Incineroar|Drain Punch|p1a: Kleavor\n|-damage|p1a: Kleavor|3/100\n|-heal|p2b: Incineroar|16/100|[from] drain|[of] p1a: Kleavor\n|\n|upkeep\n|turn|4\n|\n|t:|1776093104\n|move|p1b: Sneasler|Close Combat|p2a: Corviknight\n|-damage|p2a: Corviknight|46/100\n|-unboost|p1b: Sneasler|def|1\n|-unboost|p1b: Sneasler|spd|1\n|move|p1a: Kleavor|X-Scissor|p2b: Incineroar\n|-damage|p2b: Incineroar|0 fnt\n|faint|p2b: Incineroar\n|move|p2a: Corviknight|Brave Bird|p1b: Sneasler\n|-supereffective|p1b: Sneasler|1\n|-damage|p1b: Sneasler|0 fnt\n|faint|p1b: Sneasler\n|-damage|p2a: Corviknight|20/100|[from] Recoil\n|-heal|p2a: Corviknight|30/100|[from] item: Shell Bell|[of] p1: Sneasler\n|\n|upkeep\n|\n|t:|1776093109\n|switch|p1b: Chesnaught|Chesnaught, L50, M|100/100\n|turn|5\n|-message|TheSandFromDune forfeited.\n|\n|win|jonen\n|raw|jonen's rating: 1078 &rarr; <strong>1110</strong><br />(+32 for winning)\n|raw|TheSandFromDune's rating: 1127 &rarr; <strong>1098</strong><br />(-29 for losing)\n",
  "uploadtime": 1776093111,
  "views": 12,
  "formatid": "gen9championsvgc2026regma",
  "rating": 1098,
  "private": 0,
  "password": null
}