{
  "id": "gen9championsvgc2026regma-2588803400",
  "format": "[Gen 9 Champions] VGC 2026 Reg M-A",
  "players": [
    "gaguimpact",
    "annannanna"
  ],
  "log": "|j|\u2606gaguimpact\n|j|\u2606annannanna\n|t:|1776672814\n|gametype|doubles\n|player|p1|gaguimpact|101|1099\n|player|p2|annannanna|caitlin|1000\n|gen|9\n|tier|[Gen 9 Champions] VGC 2026 Reg M-A\n|rated|\n|rule|Species Clause: Limit one of each Pok\u00e9mon\n|rule|Item Clause: Limit 1 of each item\n|clearpoke\n|poke|p1|Sneasler, L50, F|\n|poke|p1|Incineroar, L50, F|\n|poke|p1|Pelipper, L50, F|\n|poke|p1|Sinistcha, L50|\n|poke|p1|Blastoise, L50, M|\n|poke|p1|Scizor, L50, F|\n|poke|p2|Starmie, L50|\n|poke|p2|Pelipper, L50, M|\n|poke|p2|Raichu, L50, F|\n|poke|p2|Archaludon, L50, M|\n|poke|p2|Serperior, L50, F|\n|poke|p2|Sneasler, L50, F|\n|teampreview|4\n|inactive|Battle timer is ON: inactive players will automatically lose when time's up. (requested by annannanna)\n|\n|t:|1776672864\n|teamsize|p1|4\n|teamsize|p2|4\n|start\n|switch|p1a: Pelipper|Pelipper, L50, F|100/100\n|switch|p1b: Blastoise|Blastoise, L50, M|100/100\n|switch|p2a: Raichu|Raichu, L50, F|100/100\n|switch|p2b: Serperior|Serperior, L50, F|100/100\n|-weather|RainDance|[from] ability: Drizzle|[of] p1a: Pelipper\n|turn|1\n|inactive|gaguimpact has 30 seconds left.\n|\n|t:|1776672895\n|move|p2a: Raichu|Fake Out|p1b: Blastoise\n|-damage|p1b: Blastoise|89/100\n|cant|p1b: Blastoise|flinch\n|move|p2b: Serperior|Taunt|p1a: Pelipper\n|-start|p1a: Pelipper|move: Taunt\n|cant|p1a: Pelipper|move: Taunt|Tailwind\n|\n|-weather|RainDance|[upkeep]\n|upkeep\n|turn|2\n|\n|t:|1776672914\n|switch|p1b: Scizor|Scizor, L50, F|100/100\n|move|p2b: Serperior|Leaf Storm|p1b: Scizor\n|-resisted|p1b: Scizor|2\n|-damage|p1b: Scizor|86/100\n|-boost|p2b: Serperior|spa|2\n|move|p2a: Raichu|Nuzzle|p1a: Pelipper\n|-supereffective|p1a: Pelipper|2\n|-damage|p1a: Pelipper|54/100\n|-status|p1a: Pelipper|par\n|move|p1a: Pelipper|Hurricane|p2b: Serperior\n|-supereffective|p2b: Serperior|1\n|-crit|p2b: Serperior\n|-damage|p2b: Serperior|0 fnt\n|faint|p2b: Serperior\n|\n|-weather|RainDance|[upkeep]\n|upkeep\n|\n|t:|1776672928\n|switch|p2b: Archaludon|Archaludon, L50, M|100/100\n|turn|3\n|\n|t:|1776672949\n|switch|p1a: Incineroar|Incineroar, L50, F|100/100\n|-ability|p1a: Incineroar|Intimidate|boost\n|-unboost|p2a: Raichu|atk|1\n|-unboost|p2b: Archaludon|atk|1\n|detailschange|p1b: Scizor|Scizor-Mega, L50, F\n|-mega|p1b: Scizor|Scizor|Scizorite\n|move|p2b: Archaludon|Electro Shot||[still]\n|-prepare|p2b: Archaludon|Electro Shot\n|-boost|p2b: Archaludon|spa|1\n|-anim|p2b: Archaludon|Electro Shot|p1b: Scizor\n|-damage|p1b: Scizor|5/100\n|move|p2a: Raichu|Nuzzle|p1b: Scizor\n|-damage|p1b: Scizor|0 fnt\n|faint|p1b: Scizor\n|\n|-weather|RainDance|[upkeep]\n|upkeep\n|\n|t:|1776672967\n|switch|p1b: Blastoise|Blastoise, L50, M|89/100\n|turn|4\n|\n|t:|1776672990\n|switch|p2b: Starmie|Starmie, L50|100/100\n|move|p1a: Incineroar|Fake Out|p2b: Starmie\n|-damage|p2b: Starmie|84/100\n|move|p2a: Raichu|Knock Off|p1a: Incineroar\n|-resisted|p1a: Incineroar|1\n|-damage|p1a: Incineroar|93/100\n|-enditem|p1a: Incineroar|Sitrus Berry|[from] move: Knock Off|[of] p2a: Raichu\n|move|p1b: Blastoise|Aura Sphere|p2b: Starmie\n|-resisted|p2b: Starmie|1\n|-damage|p2b: Starmie|68/100\n|\n|-weather|RainDance|[upkeep]\n|upkeep\n|turn|5\n|\n|t:|1776673015\n|detailschange|p2b: Starmie|Starmie-Mega, L50\n|-mega|p2b: Starmie|Starmie|Starminite\n|move|p2a: Raichu|Knock Off|p1b: Blastoise\n|-damage|p1b: Blastoise|77/100\n|move|p2b: Starmie|Liquidation|p1a: Incineroar\n|-supereffective|p1a: Incineroar|1\n|-damage|p1a: Incineroar|0 fnt\n|faint|p1a: Incineroar\n|move|p1b: Blastoise|Dark Pulse|p2a: Raichu\n|-damage|p2a: Raichu|63/100\n|\n|-weather|none\n|upkeep\n|\n|t:|1776673024\n|switch|p1a: Pelipper|Pelipper, L50, F|54/100 par\n|-weather|RainDance|[from] ability: Drizzle|[of] p1a: Pelipper\n|turn|6\n|\n|t:|1776673036\n|move|p2a: Raichu|Nuzzle|p1b: Blastoise\n|-supereffective|p1b: Blastoise|1\n|-damage|p1b: Blastoise|67/100\n|-status|p1b: Blastoise|par\n|move|p2b: Starmie|Ice Spinner|p1a: Pelipper\n|-damage|p1a: Pelipper|0 fnt\n|faint|p1a: Pelipper\n|move|p1b: Blastoise|Dark Pulse|p2b: Starmie\n|-supereffective|p2b: Starmie|1\n|-damage|p2b: Starmie|14/100\n|\n|-weather|RainDance|[upkeep]\n|upkeep\n|turn|7\n|\n|t:|1776673049\n|switch|p2b: Archaludon|Archaludon, L50, M|100/100\n|move|p2a: Raichu|Nuzzle|p1b: Blastoise\n|-supereffective|p1b: Blastoise|1\n|-damage|p1b: Blastoise|56/100 par\n|move|p1b: Blastoise|Water Spout|p2a: Raichu|[spread] p2a,p2b\n|-resisted|p2b: Archaludon|1\n|-damage|p2a: Raichu|0 fnt\n|-damage|p2b: Archaludon|71/100\n|faint|p2a: Raichu\n|\n|-weather|RainDance|[upkeep]\n|upkeep\n|\n|t:|1776673054\n|switch|p2a: Starmie|Starmie-Mega, L50|14/100\n|turn|8\n|\n|t:|1776673069\n|move|p2a: Starmie|Protect|p2a: Starmie\n|-singleturn|p2a: Starmie|Protect\n|move|p2b: Archaludon|Electro Shot||[still]\n|-prepare|p2b: Archaludon|Electro Shot\n|-boost|p2b: Archaludon|spa|1\n|-anim|p2b: Archaludon|Electro Shot|p1b: Blastoise\n|-supereffective|p1b: Blastoise|1\n|-damage|p1b: Blastoise|0 fnt\n|faint|p1b: Blastoise\n|\n|win|annannanna\n|raw|gaguimpact's rating: 1099 &rarr; <strong>1067</strong><br />(-32 for losing)\n|raw|annannanna's rating: 1000 &rarr; <strong>1051</strong><br />(+51 for winning)\n|l|\u2606gaguimpact\n|player|p1|\n",
  "uploadtime": 1776673078,
  "views": 9,
  "formatid": "gen9championsvgc2026regma",
  "rating": 1051,
  "private": 0,
  "password": null
}