{
  "id": "gen9championsvgc2026regma-2587874398",
  "format": "[Gen 9 Champions] VGC 2026 Reg M-A",
  "players": [
    "Bang Jiii",
    "Anditto612"
  ],
  "log": "|j|\u2606Bang Jiii\n|j|\u2606Anditto612\n|t:|1776573258\n|gametype|doubles\n|player|p1|Bang Jiii|169|1105\n|player|p2|Anditto612|265|1048\n|gen|9\n|tier|[Gen 9 Champions] VGC 2026 Reg M-A\n|rated|\n|rule|Species Clause: Limit one of each Pok\u00e9mon\n|rule|Item Clause: Limit 1 of each item\n|clearpoke\n|poke|p1|Ampharos, L50, F|\n|poke|p1|Slowking, L50, F|\n|poke|p1|Whimsicott, L50, F|\n|poke|p1|Runerigus, L50, F|\n|poke|p1|Ninetales-Alola, L50, M|\n|poke|p1|Armarouge, L50, F|\n|poke|p2|Typhlosion-Hisui, L50, M|\n|poke|p2|Whimsicott, L50, F|\n|poke|p2|Garchomp, L50, M|\n|poke|p2|Farigiraf, L50, F|\n|poke|p2|Primarina, L50, F|\n|poke|p2|Venusaur, L50, M|\n|teampreview|4\n|\n|t:|1776573280\n|teamsize|p1|4\n|teamsize|p2|4\n|start\n|switch|p1a: Ampharos|Ampharos, L50, F|100/100\n|switch|p1b: Runerigus|Runerigus, L50, F|100/100\n|switch|p2a: Igni|Typhlosion-Hisui, L50, M|100/100\n|switch|p2b: Whimsicott|Whimsicott, L50, F|100/100\n|-item|p1a: Ampharos|Ampharosite|[from] ability: Frisk|[of] p2a: Igni\n|-item|p1b: Runerigus|Leftovers|[from] ability: Frisk|[of] p2a: Igni\n|turn|1\n|\n|t:|1776573328\n|switch|p2b: Faribel|Farigiraf, L50, F|100/100\n|detailschange|p1a: Ampharos|Ampharos-Mega, L50, F\n|-mega|p1a: Ampharos|Ampharos|Ampharosite\n|-ability|p1a: Ampharos|Mold Breaker\n|move|p2a: Igni|Shadow Ball|p1b: Runerigus\n|-supereffective|p1b: Runerigus|1\n|-damage|p1b: Runerigus|13/100\n|move|p1a: Ampharos|Charge|p1a: Ampharos\n|-boost|p1a: Ampharos|spd|1\n|-start|p1a: Ampharos|Charge\n|move|p1b: Runerigus|Trick Room|p1b: Runerigus\n|-fieldstart|move: Trick Room|[of] p1b: Runerigus\n|\n|-heal|p1b: Runerigus|19/100|[from] item: Leftovers\n|upkeep\n|turn|2\n|\n|t:|1776573360\n|move|p1b: Runerigus|Body Press|p2b: Faribel\n|-damage|p2b: Faribel|80/100\n|move|p1a: Ampharos|Parabolic Charge|p2b: Faribel|[spread] p2a,p2b\n|-immune|p1b: Runerigus\n|-damage|p2a: Igni|2/100\n|-damage|p2b: Faribel|24/100\n|-enditem|p2b: Faribel|Sitrus Berry|[eat]\n|-heal|p2b: Faribel|49/100|[from] item: Sitrus Berry\n|-end|p1a: Ampharos|Charge|[silent]\n|move|p2a: Igni|Shadow Ball|p1b: Runerigus\n|-supereffective|p1b: Runerigus|1\n|-damage|p1b: Runerigus|0 fnt\n|faint|p1b: Runerigus\n|move|p2b: Faribel|Trick Room|p2b: Faribel\n|-fieldend|move: Trick Room\n|\n|upkeep\n|\n|t:|1776573387\n|switch|p1b: Slowking|Slowking, L50, F|100/100\n|turn|3\n|\n|t:|1776573402\n|move|p1b: Slowking|Protect|p1b: Slowking\n|-singleturn|p1b: Slowking|Protect\n|move|p2a: Igni|Shadow Ball|p1b: Slowking\n|-activate|p1b: Slowking|move: Protect\n|move|p2b: Faribel|Psychic|p1a: Ampharos\n|-damage|p1a: Ampharos|82/100\n|move|p1a: Ampharos|Parabolic Charge|p2a: Igni|[spread] p2a,p2b\n|-activate|p1b: Slowking|move: Protect\n|-damage|p2a: Igni|0 fnt\n|-heal|p1a: Ampharos|83/100|[from] drain|[of] p2a: Igni\n|-damage|p2b: Faribel|18/100\n|-heal|p1a: Ampharos|100/100|[from] drain|[of] p2b: Faribel\n|faint|p2a: Igni\n|\n|upkeep\n|\n|t:|1776573416\n|switch|p2a: Garchomp|Garchomp, L50, M|100/100\n|turn|4\n|\n|t:|1776573426\n|move|p2b: Faribel|Helping Hand|p2a: Garchomp\n|-singleturn|p2a: Garchomp|Helping Hand|[of] p2b: Faribel\n|move|p2a: Garchomp|Earthquake|p1a: Ampharos|[spread] p2b,p1a,p1b\n|-supereffective|p1a: Ampharos|1\n|-damage|p2b: Faribel|0 fnt\n|-damage|p1a: Ampharos|0 fnt\n|-damage|p1b: Slowking|44/100\n|faint|p2b: Faribel\n|faint|p1a: Ampharos\n|move|p1b: Slowking|Trick Room|p1b: Slowking\n|-fieldstart|move: Trick Room|[of] p1b: Slowking\n|\n|upkeep\n|\n|t:|1776573436\n|switch|p1a: Armarouge|Armarouge, L50, F|100/100\n|switch|p2b: Whimsicott|Whimsicott, L50, F|100/100\n|turn|5\n|\n|t:|1776573451\n|move|p2a: Garchomp|Protect|p2a: Garchomp\n|-singleturn|p2a: Garchomp|Protect\n|move|p2b: Whimsicott|Encore|p1b: Slowking\n|-start|p1b: Slowking|Encore\n|move|p1a: Armarouge|Armor Cannon|p2a: Garchomp\n|-activate|p2a: Garchomp|move: Protect\n|move|p1b: Slowking|Trick Room|p1b: Slowking\n|-fieldend|move: Trick Room\n|\n|upkeep\n|turn|6\n|inactive|Battle timer is ON: inactive players will automatically lose when time's up. (requested by Bang Jiii)\n|\n|t:|1776573486\n|move|p1a: Armarouge|Wide Guard|p1a: Armarouge\n|-singleturn|p1a: Armarouge|Wide Guard\n|move|p2b: Whimsicott|Moonblast|p1b: Slowking\n|-damage|p1b: Slowking|12/100\n|move|p2a: Garchomp|Rock Slide|p1a: Armarouge|[spread] \n|-activate|p1a: Armarouge|move: Wide Guard\n|-activate|p1b: Slowking|move: Wide Guard\n|move|p1b: Slowking|Trick Room|p1b: Slowking\n|-fieldstart|move: Trick Room|[of] p1b: Slowking\n|\n|upkeep\n|turn|7\n|inactive|Anditto612 has 30 seconds left.\n|\n|t:|1776573512\n|move|p2b: Whimsicott|Encore|p1a: Armarouge\n|-start|p1a: Armarouge|Encore\n|move|p1a: Armarouge|Wide Guard|p1a: Armarouge\n|-singleturn|p1a: Armarouge|Wide Guard\n|move|p2a: Garchomp|Dragon Claw|p1a: Armarouge\n|-damage|p1a: Armarouge|63/100\n|-ability|p1a: Armarouge|Weak Armor|boost\n|-unboost|p1a: Armarouge|def|1\n|-boost|p1a: Armarouge|spe|2\n|move|p1b: Slowking|Trick Room|p1b: Slowking\n|-fieldend|move: Trick Room\n|\n|-end|p1b: Slowking|Encore\n|upkeep\n|turn|8\n|l|\u2606Bang Jiii\n|inactive|Bang Jiii disconnected and has a minute to reconnect!\n|player|p1|\n|inactive|Bang Jiii has 30 seconds left.\n|inactive|Bang Jiii has 20 seconds left.\n|inactive|Bang Jiii has 15 seconds left.\n|inactive|Bang Jiii has 10 seconds left.\n|inactive|Bang Jiii has 5 seconds left.\n|-message|Bang Jiii lost due to inactivity.\n|\n|win|Anditto612\n|raw|Bang Jiii's rating: 1105 &rarr; <strong>1076</strong><br />(-29 for losing)\n|raw|Anditto612's rating: 1048 &rarr; <strong>1086</strong><br />(+38 for winning)\n",
  "uploadtime": 1776573570,
  "views": 12,
  "formatid": "gen9championsvgc2026regma",
  "rating": 1076,
  "private": 0,
  "password": null
}