{
  "id": "gen9championsvgc2026regma-2582090400",
  "format": "[Gen 9 Champions] VGC 2026 Reg M-A",
  "players": [
    "KuroiRyu1122",
    "It'sJustKen VGC"
  ],
  "log": "|j|\u2606KuroiRyu1122\n|j|\u2606It'sJustKen VGC\n|t:|1776056634\n|gametype|doubles\n|player|p1|KuroiRyu1122|101|1115\n|player|p2|It'sJustKen VGC|265|1188\n|gen|9\n|tier|[Gen 9 Champions] VGC 2026 Reg M-A\n|rated|\n|rule|Species Clause: Limit one of each Pok\u00e9mon\n|rule|Item Clause: Limit 1 of each item\n|clearpoke\n|poke|p1|Tyranitar, L50, M|\n|poke|p1|Starmie, L50|\n|poke|p1|Garchomp, L50, F|\n|poke|p1|Aerodactyl, L50, M|\n|poke|p1|Rotom-Heat, L50|\n|poke|p1|Aegislash, L50, M|\n|poke|p2|Kingambit, L50, F|\n|poke|p2|Clefable, L50, F|\n|poke|p2|Chimecho, L50, M|\n|poke|p2|Golurk, L50|\n|poke|p2|Torkoal, L50, F|\n|poke|p2|Hawlucha, L50, M|\n|teampreview|4\n|inactive|Battle timer is ON: inactive players will automatically lose when time's up. (requested by KuroiRyu1122)\n|inactive|It'sJustKen VGC also wants the timer to be on.\n|\n|t:|1776056649\n|teamsize|p1|4\n|teamsize|p2|4\n|start\n|switch|p1a: Garchomp|Garchomp, L50, F, shiny|100/100\n|switch|p1b: Starmie|Starmie, L50, shiny|100/100\n|switch|p2a: Chimecho|Chimecho, L50, M|100/100\n|switch|p2b: Clefable|Clefable, L50, F|100/100\n|turn|1\n|\n|t:|1776056660\n|detailschange|p1b: Starmie|Starmie-Mega, L50, shiny\n|-mega|p1b: Starmie|Starmie|Starminite\n|detailschange|p2a: Chimecho|Chimecho-Mega, L50, M\n|-mega|p2a: Chimecho|Chimecho|Chimechite\n|move|p1b: Starmie|Skill Swap|p1a: Garchomp\n|-activate|p1b: Starmie|Skill Swap|||[of] p1a: Garchomp\n|move|p1a: Garchomp|Iron Head|p2b: Clefable\n|-supereffective|p2b: Clefable|1\n|-damage|p2b: Clefable|0 fnt\n|faint|p2b: Clefable\n|move|p2a: Chimecho|Trick Room|p2a: Chimecho\n|-fieldstart|move: Trick Room|[of] p2a: Chimecho\n|\n|upkeep\n|\n|t:|1776056667\n|switch|p2b: Golurk|Golurk, L50|100/100\n|turn|2\n|\n|t:|1776056677\n|switch|p1b: Tyranitar|Tyranitar, L50, M, shiny|100/100\n|-weather|Sandstorm|[from] ability: Sand Stream|[of] p1b: Tyranitar\n|move|p2b: Golurk|Reflect|p2b: Golurk\n|-sidestart|p2: It'sJustKen VGC|Reflect\n|move|p2a: Chimecho|Skill Swap|p2b: Golurk\n|-activate|p2a: Chimecho|Skill Swap|||[of] p2b: Golurk\n|move|p1a: Garchomp|Iron Head|p2b: Golurk|[miss]\n|-miss|p1a: Garchomp|p2b: Golurk\n|\n|-weather|Sandstorm|[upkeep]\n|upkeep\n|turn|3\n|inactive|KuroiRyu1122 has 30 seconds left.\n|\n|t:|1776056706\n|move|p2b: Golurk|Curse|p1a: Garchomp\n|-start|p1a: Garchomp|Curse|[of] p2b: Golurk\n|-damage|p2b: Golurk|50/100\n|move|p2a: Chimecho|Hypnosis|p1b: Tyranitar\n|-status|p1b: Tyranitar|slp|[from] move: Hypnosis\n|move|p1a: Garchomp|Dragon Claw|p2b: Golurk|[miss]\n|-miss|p1a: Garchomp|p2b: Golurk\n|cant|p1b: Tyranitar|slp\n|\n|-weather|Sandstorm|[upkeep]\n|-damage|p1a: Garchomp|76/100|[from] Curse\n|upkeep\n|turn|4\n|\n|t:|1776056719\n|move|p1a: Garchomp|Protect|p1a: Garchomp\n|-singleturn|p1a: Garchomp|Protect\n|move|p2b: Golurk|Curse|p1b: Tyranitar\n|-start|p1b: Tyranitar|Curse|[of] p2b: Golurk\n|-damage|p2b: Golurk|0 fnt\n|faint|p2b: Golurk\n|move|p2a: Chimecho|Hypnosis|p1a: Garchomp\n|-activate|p1a: Garchomp|move: Protect\n|cant|p1b: Tyranitar|slp\n|\n|-weather|Sandstorm|[upkeep]\n|-damage|p1a: Garchomp|51/100|[from] Curse\n|-damage|p1b: Tyranitar|76/100 slp|[from] Curse\n|upkeep\n|\n|t:|1776056724\n|switch|p2b: Kingambit|Kingambit, L50, F|100/100\n|turn|5\n|inactive|KuroiRyu1122 has 30 seconds left.\n|\n|t:|1776056758\n|move|p2a: Chimecho|Skill Swap|p2b: Kingambit\n|-activate|p2a: Chimecho|Skill Swap|||[of] p2b: Kingambit\n|move|p2b: Kingambit|Guillotine|p1b: Tyranitar\n|-damage|p1b: Tyranitar|0 fnt\n|faint|p1b: Tyranitar\n|-ohko\n|move|p1a: Garchomp|Dragon Claw|p2a: Chimecho\n|-resisted|p2a: Chimecho|1\n|-damage|p2a: Chimecho|81/100\n|\n|-weather|Sandstorm|[upkeep]\n|-damage|p1a: Garchomp|26/100|[from] Curse\n|-fieldend|move: Trick Room\n|upkeep\n|\n|t:|1776056769\n|switch|p1b: Rotom|Rotom-Heat, L50, shiny|100/100\n|turn|6\n|\n|t:|1776056783\n|move|p1b: Rotom|Helping Hand|p1a: Garchomp\n|-singleturn|p1a: Garchomp|Helping Hand|[of] p1b: Rotom\n|move|p2b: Kingambit|Protect|p2b: Kingambit\n|-singleturn|p2b: Kingambit|Protect\n|move|p1a: Garchomp|Earthquake|p2a: Chimecho|[spread] p2a\n|-activate|p2b: Kingambit|move: Protect\n|-immune|p1b: Rotom|[from] ability: Levitate\n|-supereffective|p2a: Chimecho|1\n|-damage|p2a: Chimecho|0 fnt\n|faint|p2a: Chimecho\n|\n|-weather|none\n|-damage|p1a: Garchomp|1/100|[from] Curse\n|-sideend|p2: It'sJustKen VGC|Reflect\n|upkeep\n|turn|7\n|c|\u2606It'sJustKen VGC|oh\n|c|\u2606It'sJustKen VGC|I forgot I don't have levitate anymore\n|c|\u2606It'sJustKen VGC|lmao\n|\n|t:|1776056802\n|move|p1a: Garchomp|Protect|p1a: Garchomp\n|-singleturn|p1a: Garchomp|Protect\n|move|p1b: Rotom|Overheat|p2b: Kingambit\n|-supereffective|p2b: Kingambit|1\n|-damage|p2b: Kingambit|18/100\n|-unboost|p1b: Rotom|spa|2\n|-enditem|p2b: Kingambit|Sitrus Berry|[eat]\n|-heal|p2b: Kingambit|43/100|[from] item: Sitrus Berry\n|move|p2b: Kingambit|Guillotine|p1b: Rotom\n|-damage|p1b: Rotom|0 fnt\n|faint|p1b: Rotom\n|-ohko\n|\n|-damage|p1a: Garchomp|0 fnt|[from] Curse\n|faint|p1a: Garchomp\n|upkeep\n|c|\u2606It'sJustKen VGC|gg\n|c|\u2606KuroiRyu1122|lmao\n|c|\u2606It'sJustKen VGC|oh\n|c|\u2606It'sJustKen VGC|lmao\n|\n|t:|1776056812\n|switch|p1b: Starmie|Starmie-Mega, L50, shiny|100/100\n|turn|8\n|c|\u2606It'sJustKen VGC|again\n|\n|t:|1776056819\n|move|p2b: Kingambit|Protect|p2b: Kingambit\n|-singleturn|p2b: Kingambit|Protect\n|move|p1b: Starmie|Liquidation|p2b: Kingambit\n|-activate|p2b: Kingambit|move: Protect\n|\n|upkeep\n|turn|9\n|c|\u2606KuroiRyu1122|sucker punch won't ohko\n|c|\u2606KuroiRyu1122|fun strat ngl\n|inactive|It'sJustKen VGC has 30 seconds left.\n|inactive|It'sJustKen VGC has 20 seconds left.\n|inactive|It'sJustKen VGC has 15 seconds left.\n|inactive|It'sJustKen VGC has 10 seconds left.\n|\n|t:|1776056868\n|move|p2b: Kingambit|Sucker Punch|p1b: Starmie\n|-supereffective|p1b: Starmie|1\n|-damage|p1b: Starmie|25/100\n|move|p1b: Starmie|Liquidation|p2b: Kingambit\n|-damage|p2b: Kingambit|0 fnt\n|faint|p2b: Kingambit\n|\n|win|KuroiRyu1122\n|raw|KuroiRyu1122's rating: 1115 &rarr; <strong>1145</strong><br />(+30 for winning)\n|raw|It&apos;sJustKen VGC's rating: 1188 &rarr; <strong>1158</strong><br />(-30 for losing)\n|c|\u2606It'sJustKen VGC|gg\n|c|\u2606KuroiRyu1122|gg\n|l|\u2606It'sJustKen VGC\n|player|p2|\n|l|\u2606KuroiRyu1122\n|player|p1|\n|j|\u2606It'sJustKen VGC\n|player|p2|It'sJustKen VGC|265|\n",
  "uploadtime": 1776056876,
  "views": 12,
  "formatid": "gen9championsvgc2026regma",
  "rating": 1145,
  "private": 0,
  "password": null
}