{
  "id": "gen9championsvgc2026regma-2587164395",
  "format": "[Gen 9 Champions] VGC 2026 Reg M-A",
  "players": [
    "nsbnsb",
    "test66669999"
  ],
  "log": "|j|\u2606nsbnsb\n|j|\u2606test66669999\n|t:|1776502873\n|gametype|doubles\n|player|p1|nsbnsb|ghetsis|1554\n|player|p2|test66669999|170|1466\n|gen|9\n|tier|[Gen 9 Champions] VGC 2026 Reg M-A\n|rated|\n|rule|Species Clause: Limit one of each Pok\u00e9mon\n|rule|Item Clause: Limit 1 of each item\n|clearpoke\n|poke|p1|Crabominable, L50, M|\n|poke|p1|Farigiraf, L50, M|\n|poke|p1|Kingambit, L50, M, shiny|\n|poke|p1|Sinistcha, L50|\n|poke|p1|Camerupt, L50, M|\n|poke|p1|Sneasler, L50, M|\n|poke|p2|Floette-Eternal, L50, F|\n|poke|p2|Sinistcha, L50|\n|poke|p2|Archaludon, L50, F|\n|poke|p2|Sableye, L50, F|\n|poke|p2|Aerodactyl, L50, M|\n|poke|p2|Gengar, L50, M|\n|teampreview|4\n|inactive|Battle timer is ON: inactive players will automatically lose when time's up. (requested by nsbnsb)\n|inactive|test66669999 also wants the timer to be on.\n|inactive|test66669999 has 60 seconds left.\n|\n|t:|1776502915\n|teamsize|p1|4\n|teamsize|p2|4\n|start\n|switch|p1a: Farigiraf|Farigiraf, L50, M|100/100\n|switch|p1b: Sneasler|Sneasler, L50, M|100/100\n|switch|p2a: Sableye|Sableye, L50, F|100/100\n|switch|p2b: Floette|Floette-Eternal, L50, F|100/100\n|turn|1\n|\n|t:|1776502933\n|switch|p2b: Archaludon|Archaludon, L50, F|100/100\n|move|p1b: Sneasler|Fake Out|p2b: Archaludon\n|-resisted|p2b: Archaludon|1\n|-damage|p2b: Archaludon|95/100\n|-ability|p2b: Archaludon|Stamina|boost\n|-boost|p2b: Archaludon|def|1\n|move|p2a: Sableye|Rain Dance|p2a: Sableye\n|-weather|RainDance\n|move|p1a: Farigiraf|Trick Room|p1a: Farigiraf\n|-fieldstart|move: Trick Room|[of] p1a: Farigiraf\n|\n|-weather|RainDance|[upkeep]\n|-heal|p2b: Archaludon|100/100|[from] item: Leftovers\n|upkeep\n|turn|2\n|\n|t:|1776502952\n|switch|p2a: Sinistcha|Sinistcha, L50|100/100\n|switch|p1a: Camerupt|Camerupt, L50, M|100/100\n|move|p2b: Archaludon|Electro Shot||[still]\n|-prepare|p2b: Archaludon|Electro Shot\n|-boost|p2b: Archaludon|spa|1\n|-anim|p2b: Archaludon|Electro Shot|p1a: Camerupt\n|-immune|p1a: Camerupt\n|move|p1b: Sneasler|Close Combat|p2b: Archaludon\n|-supereffective|p2b: Archaludon|1\n|-damage|p2b: Archaludon|33/100\n|-unboost|p1b: Sneasler|def|1\n|-unboost|p1b: Sneasler|spd|1\n|-ability|p2b: Archaludon|Stamina|boost\n|-boost|p2b: Archaludon|def|1\n|-enditem|p1b: Sneasler|White Herb\n|-clearnegativeboost|p1b: Sneasler|[silent]\n|\n|-weather|RainDance|[upkeep]\n|-heal|p2b: Archaludon|40/100|[from] item: Leftovers\n|upkeep\n|turn|3\n|inactive|test66669999 has 30 seconds left.\n|\n|t:|1776502981\n|detailschange|p1a: Camerupt|Camerupt-Mega, L50, M\n|-mega|p1a: Camerupt|Camerupt|Cameruptite\n|move|p2b: Archaludon|Protect|p2b: Archaludon\n|-singleturn|p2b: Archaludon|Protect\n|move|p1a: Camerupt|Eruption|p2a: Sinistcha|[spread] p2a\n|-activate|p2b: Archaludon|move: Protect\n|-supereffective|p2a: Sinistcha|1\n|-damage|p2a: Sinistcha|42/100\n|move|p2a: Sinistcha|Matcha Gotcha|p1a: Camerupt|[spread] p1a,p1b\n|-resisted|p1b: Sneasler|1\n|-damage|p1a: Camerupt|75/100\n|-heal|p2a: Sinistcha|55/100|[from] drain|[of] p1a: Camerupt\n|-damage|p1b: Sneasler|85/100\n|-heal|p2a: Sinistcha|62/100|[from] drain|[of] p1b: Sneasler\n|move|p1b: Sneasler|Close Combat|p2b: Archaludon\n|-activate|p2b: Archaludon|move: Protect\n|\n|-weather|RainDance|[upkeep]\n|-heal|p2b: Archaludon|46/100|[from] item: Leftovers\n|upkeep\n|turn|4\n|inactive|test66669999 has 30 seconds left.\n|inactive|test66669999 has 20 seconds left.\n|inactive|test66669999 has 15 seconds left.\n|\n|t:|1776503022\n|move|p1b: Sneasler|Protect|p1b: Sneasler\n|-singleturn|p1b: Sneasler|Protect\n|move|p1a: Camerupt|Earth Power|p2b: Archaludon\n|-supereffective|p2b: Archaludon|1\n|-damage|p2b: Archaludon|0 fnt\n|faint|p2b: Archaludon\n|move|p2a: Sinistcha|Life Dew|p2a: Sinistcha\n|-heal|p2a: Sinistcha|87/100\n|\n|-weather|RainDance|[upkeep]\n|upkeep\n|\n|t:|1776503034\n|switch|p2b: Floette|Floette-Eternal, L50, F|100/100\n|turn|5\n|inactive|nsbnsb has 30 seconds left.\n|\n|t:|1776503064\n|detailschange|p2b: Floette|Floette-Mega, L50, F\n|-mega|p2b: Floette|Floette|Floettite\n|-ability|p2b: Floette|Fairy Aura\n|move|p1a: Camerupt|Heat Wave|p2b: Floette|[spread] p2a,p2b\n|-supereffective|p2a: Sinistcha|1\n|-damage|p2a: Sinistcha|32/100\n|-damage|p2b: Floette|81/100\n|move|p2a: Sinistcha|Matcha Gotcha|p1b: Sneasler|[spread] p1a,p1b\n|-resisted|p1b: Sneasler|1\n|-damage|p1a: Camerupt|52/100\n|-heal|p2a: Sinistcha|43/100|[from] drain|[of] p1a: Camerupt\n|-damage|p1b: Sneasler|69/100\n|-heal|p2a: Sinistcha|50/100|[from] drain|[of] p1b: Sneasler\n|move|p2b: Floette|Dazzling Gleam|p1a: Camerupt|[spread] p1a,p1b\n|-resisted|p1a: Camerupt|1\n|-damage|p1a: Camerupt|26/100\n|-damage|p1b: Sneasler|5/100\n|move|p1b: Sneasler|Dire Claw|p2b: Floette\n|-supereffective|p2b: Floette|1\n|-damage|p2b: Floette|0 fnt\n|faint|p2b: Floette\n|\n|-weather|none\n|-fieldend|move: Trick Room\n|upkeep\n|inactive|test66669999 has 30 seconds left.\n|-message|test66669999 forfeited.\n|\n|win|nsbnsb\n|raw|nsbnsb's rating: 1554 &rarr; <strong>1569</strong><br />(+15 for winning)\n|raw|test66669999's rating: 1466 &rarr; <strong>1451</strong><br />(-15 for losing)\n|l|\u2606test66669999\n|player|p2|\n|l|\u2606nsbnsb\n|player|p1|\n",
  "uploadtime": 1776503122,
  "views": 29,
  "formatid": "gen9championsvgc2026regma",
  "rating": 1451,
  "private": 0,
  "password": null
}