{
  "id": "gen9championsvgc2026regma-2581014497",
  "format": "[Gen 9 Champions] VGC 2026 Reg M-A",
  "players": [
    "Crookedseahawk",
    "MajorStar"
  ],
  "log": "|j|\u2606Crookedseahawk\n|j|\u2606MajorStar\n|t:|1775951825\n|gametype|doubles\n|player|p1|Crookedseahawk|170|\n|player|p2|MajorStar|brawly|\n|gen|9\n|tier|[Gen 9 Champions] VGC 2026 Reg M-A\n|rated|Tournament battle\n|rule|Species Clause: Limit one of each Pok\u00e9mon\n|rule|Item Clause: Limit 1 of each item\n|raw|<div class=\"infobox\"><details class=\"readmore\" open><summary><strong>1 custom rule:</strong></summary> Force Open Team Sheets</details></div>\n|clearpoke\n|poke|p1|Tyranitar, L50, M|\n|poke|p1|Excadrill, L50, F|\n|poke|p1|Garchomp, L50, M|\n|poke|p1|Meganium, L50, F|\n|poke|p1|Dragonite, L50, M|\n|poke|p1|Corviknight, L50, F|\n|poke|p2|Kangaskhan, L50, F|\n|poke|p2|Incineroar, L50, F|\n|poke|p2|Sinistcha, L50|\n|poke|p2|Aegislash, L50, F|\n|poke|p2|Rotom-Wash, L50|\n|poke|p2|Garchomp, L50, F|\n|teampreview|4\n|showteam|p1|Tyranitar||HardStone|SandStream|RockSlide,KnockOff,LowKick,IcePunch|||M|||50|]Excadrill||Excadrite|SandForce|Earthquake,SwordsDance,RapidSpin,IronHead|||F|||50|]Garchomp||Garchompite|SandVeil|StompingTantrum,Protect,RockSlide,DragonClaw|||M|||50|]Meganium||Meganiumite|Overgrow|DazzlingGleam,Synthesis,WeatherBall,SolarBeam|||F|||50|]Dragonite||SilkScarf|Multiscale|ExtremeSpeed,BreakingSwipe,ThunderPunch,AerialAce|||M|||50|]Corviknight||Leftovers|MirrorArmor|IronDefense,IronHead,Tailwind,BodyPress|||F|||50|\n|showteam|p2|Kangaskhan||Kangaskhanite|Scrappy|BodySlam,SuckerPunch,Crunch,Protect|||F|||50|]Incineroar||ChopleBerry|Intimidate|FlareBlitz,FakeOut,PartingShot,ThroatChop|||F|||50|]Sinistcha||SitrusBerry|Hospitality|MatchaGotcha,RagePowder,LifeDew,Protect||||||50|]Aegislash||SpellTag|StanceChange|ShadowBall,FlashCannon,ShadowSneak,KingsShield|||F|||50|]Rotom-Wash||ChoiceScarf|Levitate|HydroPump,VoltSwitch,Electroweb,Discharge||||||50|]Garchomp||FocusSash|RoughSkin|Earthquake,StompingTantrum,DragonClaw,Protect|||F|||50|\n|inactive|Battle timer is ON: inactive players will automatically lose when time's up. (requested by Crookedseahawk)\nMajorStar has agreed to open team sheets.\n|inactive|MajorStar has 60 seconds left.\n|\n|t:|1775951872\n|teamsize|p1|4\n|teamsize|p2|4\n|start\n|switch|p1a: Tyranitar|Tyranitar, L50, M|100/100\n|switch|p1b: Corviknight|Corviknight, L50, F|100/100\n|switch|p2a: Incineroar|Incineroar, L50, F|100/100\n|switch|p2b: Garchomp|Garchomp, L50, F|100/100\n|-weather|Sandstorm|[from] ability: Sand Stream|[of] p1a: Tyranitar\n|-ability|p2a: Incineroar|Intimidate|boost\n|-unboost|p1a: Tyranitar|atk|1\n|-ability|p1b: Corviknight|Mirror Armor\n|-unboost|p2a: Incineroar|atk|1\n|turn|1\n|inactive|Crookedseahawk has 30 seconds left.\n|\n|t:|1775951897\n|move|p2a: Incineroar|Fake Out|p1a: Tyranitar\n|-resisted|p1a: Tyranitar|1\n|-damage|p1a: Tyranitar|97/100\n|move|p2b: Garchomp|Stomping Tantrum|p1a: Tyranitar\n|-supereffective|p1a: Tyranitar|1\n|-damage|p1a: Tyranitar|20/100\n|cant|p1a: Tyranitar|flinch\n|move|p1b: Corviknight|Tailwind|p1b: Corviknight\n|-sidestart|p1: Crookedseahawk|move: Tailwind\n|\n|-weather|Sandstorm|[upkeep]\n|-damage|p2a: Incineroar|95/100|[from] Sandstorm\n|upkeep\n|turn|2\n|inactive|Crookedseahawk has 30 seconds left.\n|\n|t:|1775951923\n|switch|p1b: Garchomp|Garchomp, L50, M|100/100\n|move|p2b: Garchomp|Protect|p2b: Garchomp\n|-singleturn|p2b: Garchomp|Protect\n|move|p1a: Tyranitar|Ice Punch|p2b: Garchomp\n|-activate|p2b: Garchomp|move: Protect\n|move|p2a: Incineroar|Parting Shot|p1a: Tyranitar\n|-unboost|p1a: Tyranitar|atk|1\n|-unboost|p1a: Tyranitar|spa|1\n|\n|t:|1775951930\n|switch|p2a: Aegislash|Aegislash, L50, F|100/100|[from] Parting Shot\n|\n|-weather|Sandstorm|[upkeep]\n|upkeep\n|turn|3\n|\n|t:|1775951946\n|switch|p2b: Incineroar|Incineroar, L50, F|95/100\n|-ability|p2b: Incineroar|Intimidate|boost\n|-unboost|p1a: Tyranitar|atk|1\n|-unboost|p1b: Garchomp|atk|1\n|move|p2a: Aegislash|King's Shield|p2a: Aegislash\n|-singleturn|p2a: Aegislash|Protect\n|move|p1b: Garchomp|Stomping Tantrum|p2a: Aegislash\n|-activate|p2a: Aegislash|move: Protect\n|-unboost|p1b: Garchomp|atk|1\n|move|p1a: Tyranitar|Ice Punch|p2b: Incineroar\n|-resisted|p2b: Incineroar|1\n|-damage|p2b: Incineroar|90/100\n|\n|-weather|Sandstorm|[upkeep]\n|-damage|p2b: Incineroar|84/100|[from] Sandstorm\n|upkeep\n|turn|4\n|inactive|Crookedseahawk has 30 seconds left.\n|inactive|MajorStar has 30 seconds left.\n|\n|t:|1775951972\n|switch|p1b: Dragonite|Dragonite, L50, M|100/100\n|switch|p1a: Corviknight|Corviknight, L50, F|100/100\n|switch|p2a: Garchomp|Garchomp, L50, F|100/100\n|move|p2b: Incineroar|Parting Shot|p1b: Dragonite\n|-unboost|p1b: Dragonite|atk|1\n|-unboost|p1b: Dragonite|spa|1\n|\n|t:|1775951977\n|switch|p2b: Aegislash|Aegislash, L50, F|100/100|[from] Parting Shot\n|\n|-weather|Sandstorm|[upkeep]\n|-damage|p1b: Dragonite|94/100|[from] Sandstorm\n|-sideend|p1: Crookedseahawk|move: Tailwind\n|upkeep\n|turn|5\n|\n|t:|1775951992\n|-formechange|p2b: Aegislash|Aegislash-Blade|\n|move|p2b: Aegislash|Shadow Sneak|p1b: Dragonite\n|-damage|p1b: Dragonite|73/100\n|move|p2a: Garchomp|Dragon Claw|p1b: Dragonite\n|-supereffective|p1b: Dragonite|1\n|-damage|p1b: Dragonite|0 fnt\n|faint|p1b: Dragonite\n|move|p1a: Corviknight|Tailwind|p1a: Corviknight\n|-sidestart|p1: Crookedseahawk|move: Tailwind\n|\n|-weather|none\n|upkeep\n|\n|t:|1775952002\n|switch|p1b: Tyranitar|Tyranitar, L50, M|20/100\n|-weather|Sandstorm|[from] ability: Sand Stream|[of] p1b: Tyranitar\n|turn|6\n|\n|t:|1775952016\n|switch|p2a: Incineroar|Incineroar, L50, F|84/100\n|-ability|p2a: Incineroar|Intimidate|boost\n|-ability|p1a: Corviknight|Mirror Armor\n|-unboost|p2a: Incineroar|atk|1\n|-unboost|p1b: Tyranitar|atk|1\n|-formechange|p2b: Aegislash|Aegislash|\n|move|p2b: Aegislash|King's Shield|p2b: Aegislash\n|-singleturn|p2b: Aegislash|Protect\n|move|p1b: Tyranitar|Knock Off|p2b: Aegislash\n|-activate|p2b: Aegislash|move: Protect\n|-unboost|p1b: Tyranitar|atk|1\n|move|p1a: Corviknight|Iron Defense|p1a: Corviknight\n|-boost|p1a: Corviknight|def|2\n|\n|-weather|Sandstorm|[upkeep]\n|-damage|p2a: Incineroar|78/100|[from] Sandstorm\n|upkeep\n|turn|7\n|\n|t:|1775952039\n|move|p2a: Incineroar|Fake Out|p1b: Tyranitar\n|-resisted|p1b: Tyranitar|1\n|-damage|p1b: Tyranitar|16/100\n|cant|p1b: Tyranitar|flinch\n|move|p1a: Corviknight|Body Press|p2a: Incineroar\n|-supereffective|p2a: Incineroar|1\n|-enditem|p2a: Incineroar|Chople Berry|[eat]\n|-enditem|p2a: Incineroar|Chople Berry|[weaken]\n|-damage|p2a: Incineroar|33/100\n|-formechange|p2b: Aegislash|Aegislash-Blade|\n|move|p2b: Aegislash|Flash Cannon|p1b: Tyranitar\n|-supereffective|p1b: Tyranitar|1\n|-damage|p1b: Tyranitar|0 fnt\n|faint|p1b: Tyranitar\n|\n|-weather|Sandstorm|[upkeep]\n|-damage|p2a: Incineroar|27/100|[from] Sandstorm\n|upkeep\n|\n|t:|1775952050\n|switch|p1b: Garchomp|Garchomp, L50, M|100/100\n|turn|8\n|\n|t:|1775952063\n|switch|p2a: Kangaskhan|Kangaskhan, L50, F|100/100\n|detailschange|p1b: Garchomp|Garchomp-Mega, L50, M\n|-mega|p1b: Garchomp|Garchomp|Garchompite\n|-formechange|p2b: Aegislash|Aegislash|\n|move|p2b: Aegislash|King's Shield|p2b: Aegislash\n|-singleturn|p2b: Aegislash|Protect\n|move|p1b: Garchomp|Rock Slide|p2b: Aegislash|[spread] p2a\n|-activate|p2b: Aegislash|move: Protect\n|-damage|p2a: Kangaskhan|69/100\n|move|p1a: Corviknight|Body Press|p2a: Kangaskhan\n|-supereffective|p2a: Kangaskhan|1\n|-damage|p2a: Kangaskhan|0 fnt\n|faint|p2a: Kangaskhan\n|\n|-weather|Sandstorm|[upkeep]\n|-sideend|p1: Crookedseahawk|move: Tailwind\n|upkeep\n|\n|t:|1775952072\n|switch|p2a: Garchomp|Garchomp, L50, F|100/100\n|turn|9\n|\n|t:|1775952090\n|move|p2a: Garchomp|Dragon Claw|p1b: Garchomp\n|-supereffective|p1b: Garchomp|1\n|-damage|p1b: Garchomp|31/100\n|move|p1b: Garchomp|Dragon Claw|p2a: Garchomp\n|-supereffective|p2a: Garchomp|1\n|-damage|p2a: Garchomp|3/100\n|-damage|p1b: Garchomp|19/100|[from] ability: Rough Skin|[of] p2a: Garchomp\n|move|p1a: Corviknight|Body Press|p2a: Garchomp\n|-damage|p2a: Garchomp|0 fnt\n|-damage|p1a: Corviknight|88/100|[from] ability: Rough Skin|[of] p2a: Garchomp\n|faint|p2a: Garchomp\n|-formechange|p2b: Aegislash|Aegislash-Blade|\n|move|p2b: Aegislash|Shadow Ball|p1b: Garchomp\n|-damage|p1b: Garchomp|0 fnt\n|faint|p1b: Garchomp\n|\n|-weather|Sandstorm|[upkeep]\n|-heal|p1a: Corviknight|94/100|[from] item: Leftovers\n|upkeep\n|\n|t:|1775952099\n|switch|p2a: Incineroar|Incineroar, L50, F|27/100\n|-ability|p2a: Incineroar|Intimidate|boost\n|-ability|p1a: Corviknight|Mirror Armor\n|-unboost|p2a: Incineroar|atk|1\n|turn|10\n|\n|t:|1775952107\n|move|p2a: Incineroar|Fake Out|p1a: Corviknight\n|-resisted|p1a: Corviknight|1\n|-damage|p1a: Corviknight|93/100\n|cant|p1a: Corviknight|flinch\n|move|p2b: Aegislash|Shadow Ball|p1a: Corviknight\n|-crit|p1a: Corviknight\n|-damage|p1a: Corviknight|22/100\n|-ability|p1a: Corviknight|Mirror Armor\n|-unboost|p2b: Aegislash|spd|1\n|\n|-weather|none\n|-heal|p1a: Corviknight|28/100|[from] item: Leftovers\n|upkeep\n|turn|11\n|\n|t:|1775952121\n|move|p1a: Corviknight|Body Press|p2a: Incineroar\n|-supereffective|p2a: Incineroar|1\n|-damage|p2a: Incineroar|0 fnt\n|faint|p2a: Incineroar\n|move|p2b: Aegislash|Shadow Ball|p1a: Corviknight\n|-damage|p1a: Corviknight|0 fnt\n|faint|p1a: Corviknight\n|\n|win|MajorStar\n|n|\u2606Crookedseahawk|crookedseahawk\n|n|\u2606MajorStar|majorstar\n|c|\u2606MajorStar|ggs wp\n|c|\u2606Crookedseahawk|gg\n|l|\u2606Crookedseahawk\n|player|p1|\n|l|\u2606MajorStar\n|player|p2|\n|j|\u2606MajorStar\n|player|p2|MajorStar|brawly|\n",
  "uploadtime": 1775952328,
  "views": 20,
  "formatid": "gen9championsvgc2026regma",
  "rating": null,
  "private": 0,
  "password": null
}