{
  "id": "gen9championsvgc2026regma-2588158905",
  "format": "[Gen 9 Champions] VGC 2026 Reg M-A",
  "players": [
    "majuniaa",
    "magato123"
  ],
  "log": "|j|\u2606majuniaa\n|j|\u2606magato123\n|t:|1776610131\n|gametype|doubles\n|player|p1|majuniaa|swimmer-gen4|1049\n|player|p2|magato123|turo-ai|1005\n|gen|9\n|tier|[Gen 9 Champions] VGC 2026 Reg M-A\n|rated|\n|rule|Species Clause: Limit one of each Pok\u00e9mon\n|rule|Item Clause: Limit 1 of each item\n|clearpoke\n|poke|p1|Tyranitar, L50, F|\n|poke|p1|Excadrill, L50, M|\n|poke|p1|Corviknight, L50, F|\n|poke|p1|Sinistcha-Masterpiece, L50|\n|poke|p1|Incineroar, L50, M|\n|poke|p1|Kommo-o, L50, F|\n|poke|p2|Gengar, L50, F|\n|poke|p2|Garchomp, L50, M|\n|poke|p2|Basculegion, L50, M|\n|poke|p2|Clefable, L50, M|\n|poke|p2|Sneasler, L50, M|\n|poke|p2|Sableye, L50, F|\n|teampreview|4\n|inactive|Battle timer is ON: inactive players will automatically lose when time's up. (requested by majuniaa)\n|j| SADATO69\n|inactive|magato123 has 60 seconds left.\n|inactive|magato123 has 30 seconds left.\n|inactive|magato123 has 20 seconds left.\n|c|\u2606majuniaa|bro\n|inactive|magato123 has 15 seconds left.\n|inactive|magato123 also wants the timer to be on.\nmagato123 rejected open team sheets.\n|inactive|magato123 has 10 seconds left.\n|\n|t:|1776610257\n|teamsize|p1|4\n|teamsize|p2|4\n|start\n|switch|p1a: Tyranitar|Tyranitar, L50, F|100/100\n|switch|p1b: Incineroar|Incineroar, L50, M|100/100\n|switch|p2a: Clefable|Clefable, L50, M|100/100\n|switch|p2b: Sneasler|Sneasler, L50, M|100/100\n|-weather|Sandstorm|[from] ability: Sand Stream|[of] p1a: Tyranitar\n|-ability|p1b: Incineroar|Intimidate|boost\n|-unboost|p2a: Clefable|atk|1\n|-unboost|p2b: Sneasler|atk|1\n|turn|1\n|\n|t:|1776610272\n|move|p1a: Tyranitar|Protect|p1a: Tyranitar\n|-singleturn|p1a: Tyranitar|Protect\n|move|p1b: Incineroar|Fake Out|p2a: Clefable\n|-damage|p2a: Clefable|88/100\n|move|p2b: Sneasler|Close Combat|p1b: Incineroar\n|-supereffective|p1b: Incineroar|1\n|-damage|p1b: Incineroar|6/100\n|-unboost|p2b: Sneasler|def|1\n|-unboost|p2b: Sneasler|spd|1\n|cant|p2a: Clefable|flinch\n|\n|-weather|Sandstorm|[upkeep]\n|-damage|p2b: Sneasler|95/100|[from] Sandstorm\n|-damage|p1b: Incineroar|0 fnt|[from] Sandstorm\n|faint|p1b: Incineroar\n|-heal|p2a: Clefable|94/100|[from] item: Leftovers\n|upkeep\n|\n|t:|1776610292\n|switch|p1b: Excadrill|Excadrill, L50, M|100/100\n|turn|2\n|\n|t:|1776610296\n|switch|p1a: Corviknight|Corviknight, L50, F|100/100\n|-ability|p1a: Corviknight|Unnerve\n|move|p1b: Excadrill|Earthquake|p2a: Clefable|[spread] p2a,p2b\n|-immune|p1a: Corviknight\n|-supereffective|p2b: Sneasler|1\n|-damage|p2a: Clefable|53/100\n|-damage|p2b: Sneasler|0 fnt\n|faint|p2b: Sneasler\n|move|p2a: Clefable|Reflect|p2a: Clefable\n|-sidestart|p2: magato123|Reflect\n|\n|-weather|Sandstorm|[upkeep]\n|-heal|p2a: Clefable|59/100|[from] item: Leftovers\n|upkeep\n|\n|t:|1776610296\n|switch|p2b: Garchomp|Garchomp, L50, M|100/100\n|turn|3\n|\n|t:|1776610316\n|detailschange|p2b: Garchomp|Garchomp-Mega, L50, M\n|-mega|p2b: Garchomp|Garchomp|Garchompite\n|move|p1b: Excadrill|Rock Slide|p2b: Garchomp|[spread] p2a,p2b\n|-resisted|p2b: Garchomp|1\n|-damage|p2a: Clefable|48/100\n|-damage|p2b: Garchomp|95/100\n|cant|p2b: Garchomp|flinch\n|move|p1a: Corviknight|Bulk Up|p1a: Corviknight\n|-boost|p1a: Corviknight|atk|1\n|-boost|p1a: Corviknight|def|1\n|cant|p2a: Clefable|flinch\n|\n|-weather|Sandstorm|[upkeep]\n|-heal|p2a: Clefable|54/100|[from] item: Leftovers\n|upkeep\n|turn|4\n|\n|t:|1776610337\n|move|p2a: Clefable|Follow Me|p2a: Clefable\n|-singleturn|p2a: Clefable|move: Follow Me\n|move|p1b: Excadrill|Earthquake|p2a: Clefable|[spread] p2a,p2b\n|-immune|p1a: Corviknight\n|-damage|p2a: Clefable|30/100\n|-damage|p2b: Garchomp|72/100\n|move|p2b: Garchomp|Rock Slide|p1a: Corviknight|[spread] \n|-miss|p2b: Garchomp|p1a: Corviknight\n|-miss|p2b: Garchomp|p1b: Excadrill\n|move|p1a: Corviknight|Tailwind|p1a: Corviknight\n|-sidestart|p1: majuniaa|move: Tailwind\n|\n|-weather|Sandstorm|[upkeep]\n|-heal|p2a: Clefable|36/100|[from] item: Leftovers\n|upkeep\n|turn|5\n|\n|t:|1776610355\n|move|p1b: Excadrill|Earthquake|p2a: Clefable|[spread] p2a,p2b\n|-immune|p1a: Corviknight\n|-damage|p2a: Clefable|11/100\n|-damage|p2b: Garchomp|51/100\n|move|p1a: Corviknight|Brave Bird|p2b: Garchomp\n|-damage|p2b: Garchomp|17/100\n|-damage|p1a: Corviknight|89/100|[from] Recoil\n|move|p2b: Garchomp|Iron Tail|p1a: Corviknight\n|-resisted|p1a: Corviknight|1\n|-damage|p1a: Corviknight|74/100\n|move|p2a: Clefable|Gravity|p2a: Clefable\n|-fieldstart|move: Gravity\n|\n|-weather|none\n|-heal|p1a: Corviknight|80/100|[from] item: Leftovers\n|-heal|p2a: Clefable|17/100|[from] item: Leftovers\n|upkeep\n|turn|6\n|\n|t:|1776610373\n|move|p2a: Clefable|Follow Me|p2a: Clefable\n|-singleturn|p2a: Clefable|move: Follow Me\n|move|p1b: Excadrill|Rock Slide|p2a: Clefable|[spread] p2a,p2b\n|-crit|p2a: Clefable\n|-resisted|p2b: Garchomp|1\n|-damage|p2a: Clefable|0 fnt\n|-damage|p2b: Garchomp|12/100\n|faint|p2a: Clefable\n|move|p1a: Corviknight|Brave Bird|p2b: Garchomp\n|-damage|p2b: Garchomp|0 fnt\n|faint|p2b: Garchomp\n|-damage|p1a: Corviknight|76/100|[from] Recoil\n|\n|-heal|p1a: Corviknight|82/100|[from] item: Leftovers\n|-sideend|p2: magato123|Reflect\n|upkeep\n|\n|t:|1776610373\n|switch|p2a: Basculegion|Basculegion, L50, M|100/100\n|turn|7\n|\n|t:|1776610389\n|move|p1b: Excadrill|Earthquake|p2a: Basculegion|[spread] p1a,p2a\n|-supereffective|p1a: Corviknight|1\n|-damage|p1a: Corviknight|36/100\n|-damage|p2a: Basculegion|48/100\n|move|p1a: Corviknight|Brave Bird|p2a: Basculegion\n|-damage|p2a: Basculegion|0 fnt\n|faint|p2a: Basculegion\n|-damage|p1a: Corviknight|19/100|[from] Recoil\n|\n|win|majuniaa\n|raw|majuniaa's rating: 1049 &rarr; <strong>1077</strong><br />(+28 for winning)\n|raw|magato123's rating: 1000 &rarr; <strong>1000</strong><br />(+0 for losing)\n",
  "uploadtime": 1776610389,
  "views": 7,
  "formatid": "gen9championsvgc2026regma",
  "rating": 1000,
  "private": 0,
  "password": null
}