{
  "id": "gen9championsvgc2026regma-2586432028",
  "format": "[Gen 9 Champions] VGC 2026 Reg M-A",
  "players": [
    "Jeremykhoo",
    "SpyderMarz"
  ],
  "log": "|j|\u2606Jeremykhoo\n|j|\u2606SpyderMarz\n|t:|1776434267\n|gametype|doubles\n|player|p1|Jeremykhoo|102|1099\n|player|p2|SpyderMarz|265|1102\n|gen|9\n|tier|[Gen 9 Champions] VGC 2026 Reg M-A\n|rated|\n|rule|Species Clause: Limit one of each Pok\u00e9mon\n|rule|Item Clause: Limit 1 of each item\n|clearpoke\n|poke|p1|Tyranitar, L50, F|\n|poke|p1|Whimsicott, L50, M|\n|poke|p1|Aggron, L50, M|\n|poke|p1|Drampa, L50, F|\n|poke|p1|Sylveon, L50, F|\n|poke|p1|Arcanine, L50, M|\n|poke|p2|Hydrapple, L50, M|\n|poke|p2|Wyrdeer, L50, M|\n|poke|p2|Audino, L50, M|\n|poke|p2|Milotic, L50, F|\n|poke|p2|Steelix, L50, M|\n|poke|p2|Talonflame, L50, M|\n|teampreview|4\n|inactive|Battle timer is ON: inactive players will automatically lose when time's up. (requested by SpyderMarz)\n|inactive|Jeremykhoo has 60 seconds left.\n|\n|t:|1776434355\n|teamsize|p1|4\n|teamsize|p2|4\n|start\n|switch|p1a: Whimsicott|Whimsicott, L50, M|100/100\n|switch|p1b: Aggron|Aggron, L50, M|100/100\n|switch|p2a: Milotic|Milotic, L50, F|100/100\n|switch|p2b: Wyrdeer|Wyrdeer, L50, M|100/100\n|-ability|p2b: Wyrdeer|Intimidate|boost\n|-unboost|p1a: Whimsicott|atk|1\n|-unboost|p1b: Aggron|atk|1\n|turn|1\n|inactive|Jeremykhoo has 30 seconds left.\n|\n|t:|1776434381\n|detailschange|p1b: Aggron|Aggron-Mega, L50, M\n|-mega|p1b: Aggron|Aggron|Aggronite\n|move|p1a: Whimsicott|Light Screen|p1a: Whimsicott\n|-sidestart|p1: Jeremykhoo|move: Light Screen\n|move|p2a: Milotic|Ice Beam|p1a: Whimsicott\n|-supereffective|p1a: Whimsicott|1\n|-damage|p1a: Whimsicott|58/100\n|move|p2b: Wyrdeer|High Horsepower|p1b: Aggron\n|-supereffective|p1b: Aggron|1\n|-damage|p1b: Aggron|80/100\n|move|p1b: Aggron|Iron Defense|p1b: Aggron\n|-boost|p1b: Aggron|def|2\n|\n|upkeep\n|turn|2\n|inactive|Jeremykhoo has 30 seconds left.\n|\n|t:|1776434413\n|switch|p1a: Sylveon|Sylveon, L50, F|100/100\n|move|p2b: Wyrdeer|Protect|p2b: Wyrdeer\n|-singleturn|p2b: Wyrdeer|Protect\n|move|p2a: Milotic|Scald|p1b: Aggron\n|-damage|p1b: Aggron|59/100\n|move|p1b: Aggron|Body Press|p2b: Wyrdeer\n|-activate|p2b: Wyrdeer|move: Protect\n|\n|upkeep\n|turn|3\n|\n|t:|1776434438\n|move|p1a: Sylveon|Hyper Voice|p2a: Milotic|[spread] p2a,p2b\n|-damage|p2a: Milotic|71/100\n|-damage|p2b: Wyrdeer|60/100\n|move|p2a: Milotic|Scald|p1b: Aggron\n|-damage|p1b: Aggron|37/100\n|move|p2b: Wyrdeer|Psyshield Bash|p1a: Sylveon\n|-damage|p1a: Sylveon|43/100\n|-boost|p2b: Wyrdeer|def|1\n|move|p1b: Aggron|Body Press|p2b: Wyrdeer\n|-damage|p2b: Wyrdeer|0 fnt\n|faint|p2b: Wyrdeer\n|\n|-heal|p2a: Milotic|77/100|[from] item: Leftovers\n|upkeep\n|\n|t:|1776434456\n|switch|p2b: Hydrapple|Hydrapple, L50, M|100/100\n|turn|4\n|\n|t:|1776434467\n|switch|p1b: Drampa|Drampa, L50, F|100/100\n|move|p2b: Hydrapple|Protect|p2b: Hydrapple\n|-singleturn|p2b: Hydrapple|Protect\n|move|p1a: Sylveon|Hyper Voice|p2a: Milotic|[spread] p2a\n|-activate|p2b: Hydrapple|move: Protect\n|-damage|p2a: Milotic|43/100\n|move|p2a: Milotic|Scald|p1b: Drampa\n|-resisted|p1b: Drampa|1\n|-damage|p1b: Drampa|88/100\n|-status|p1b: Drampa|brn\n|\n|-heal|p2a: Milotic|49/100|[from] item: Leftovers\n|-damage|p1b: Drampa|82/100 brn|[from] brn\n|upkeep\n|turn|5\n|\n|t:|1776434488\n|switch|p1b: Whimsicott|Whimsicott, L50, M|58/100\n|move|p1a: Sylveon|Hyper Voice|p2b: Hydrapple|[spread] p2a,p2b\n|-supereffective|p2b: Hydrapple|1\n|-damage|p2a: Milotic|13/100\n|-damage|p2b: Hydrapple|15/100\n|move|p2a: Milotic|Ice Beam|p1b: Whimsicott\n|-supereffective|p1b: Whimsicott|1\n|-damage|p1b: Whimsicott|9/100\n|move|p2b: Hydrapple|Pollen Puff|p2a: Milotic\n|-heal|p2a: Milotic|63/100\n|\n|-heal|p2a: Milotic|69/100|[from] item: Leftovers\n|-sideend|p1: Jeremykhoo|move: Light Screen\n|upkeep\n|turn|6\n|inactive|Jeremykhoo has 30 seconds left.\n|inactive|Jeremykhoo has 20 seconds left.\n|inactive|Jeremykhoo has 15 seconds left.\n|\n|t:|1776434532\n|switch|p2b: Steelix|Steelix, L50, M|100/100\n|move|p1b: Whimsicott|Light Screen|p1b: Whimsicott\n|-sidestart|p1: Jeremykhoo|move: Light Screen\n|move|p1a: Sylveon|Hyper Voice|p2a: Milotic|[spread] p2a,p2b\n|-resisted|p2b: Steelix|1\n|-damage|p2a: Milotic|39/100\n|-damage|p2b: Steelix|72/100\n|move|p2a: Milotic|Light Screen|p2a: Milotic\n|-sidestart|p2: SpyderMarz|move: Light Screen\n|\n|-heal|p2a: Milotic|45/100|[from] item: Leftovers\n|upkeep\n|turn|7\n|\n|t:|1776434555\n|switch|p2a: Hydrapple|Hydrapple, L50, M|48/100\n|detailschange|p2b: Steelix|Steelix-Mega, L50, M\n|-mega|p2b: Steelix|Steelix|Steelixite\n|move|p1b: Whimsicott|Moonblast|p2a: Hydrapple\n|-supereffective|p2a: Hydrapple|1\n|-damage|p2a: Hydrapple|10/100\n|-unboost|p2a: Hydrapple|spa|1\n|move|p1a: Sylveon|Hyper Voice|p2a: Hydrapple|[spread] p2a,p2b\n|-supereffective|p2a: Hydrapple|1\n|-resisted|p2b: Steelix|1\n|-damage|p2a: Hydrapple|0 fnt\n|-damage|p2b: Steelix|57/100\n|faint|p2a: Hydrapple\n|move|p2b: Steelix|Heavy Slam|p1a: Sylveon\n|-supereffective|p1a: Sylveon|1\n|-damage|p1a: Sylveon|0 fnt\n|faint|p1a: Sylveon\n|\n|upkeep\n|\n|t:|1776434573\n|switch|p1a: Drampa|Drampa, L50, F|82/100 brn\n|switch|p2a: Milotic|Milotic, L50, F|45/100\n|turn|8\n|\n|t:|1776434592\n|move|p2a: Milotic|Protect|p2a: Milotic\n|-singleturn|p2a: Milotic|Protect\n|move|p1b: Whimsicott|Tailwind|p1b: Whimsicott\n|-sidestart|p1: Jeremykhoo|move: Tailwind\n|move|p1a: Drampa|Earth Power|p2b: Steelix\n|-supereffective|p2b: Steelix|1\n|-damage|p2b: Steelix|11/100\n|move|p2b: Steelix|Earthquake|p1a: Drampa|[spread] p1a,p1b\n|-activate|p2a: Milotic|move: Protect\n|-resisted|p1b: Whimsicott|1\n|-damage|p1a: Drampa|36/100 brn\n|-damage|p1b: Whimsicott|0 fnt\n|faint|p1b: Whimsicott\n|-ability|p1a: Drampa|Berserk|boost\n|-boost|p1a: Drampa|spa|1\n|-enditem|p1a: Drampa|Sitrus Berry|[eat]\n|-heal|p1a: Drampa|61/100 brn|[from] item: Sitrus Berry\n|\n|-heal|p2a: Milotic|51/100|[from] item: Leftovers\n|-damage|p1a: Drampa|55/100 brn|[from] brn\n|upkeep\n|\n|t:|1776434609\n|switch|p1b: Aggron|Aggron-Mega, L50, M|37/100\n|turn|9\n|\n|t:|1776434621\n|move|p1b: Aggron|Protect|p1b: Aggron\n|-singleturn|p1b: Aggron|Protect\n|move|p1a: Drampa|Hyper Voice|p2b: Steelix|[spread] p2a,p2b\n|-resisted|p2b: Steelix|1\n|-damage|p2a: Milotic|25/100\n|-damage|p2b: Steelix|0 fnt\n|faint|p2b: Steelix\n|move|p2a: Milotic|Scald|p1b: Aggron\n|-activate|p1b: Aggron|move: Protect\n|\n|-heal|p2a: Milotic|31/100|[from] item: Leftovers\n|-damage|p1a: Drampa|49/100 brn|[from] brn\n|upkeep\n|turn|10\n|\n|t:|1776434638\n|move|p2a: Milotic|Protect|p2a: Milotic\n|-singleturn|p2a: Milotic|Protect\n|move|p1b: Aggron|Body Press|p2a: Milotic\n|-activate|p2a: Milotic|move: Protect\n|move|p1a: Drampa|Hyper Voice|p2a: Milotic\n|-activate|p2a: Milotic|move: Protect\n|\n|-heal|p2a: Milotic|37/100|[from] item: Leftovers\n|-damage|p1a: Drampa|43/100 brn|[from] brn\n|-sideend|p1: Jeremykhoo|move: Light Screen\n|-sideend|p2: SpyderMarz|move: Light Screen\n|upkeep\n|turn|11\n|\n|t:|1776434652\n|move|p1b: Aggron|Body Press|p2a: Milotic\n|-damage|p2a: Milotic|0 fnt\n|faint|p2a: Milotic\n|\n|win|Jeremykhoo\n|raw|Jeremykhoo's rating: 1099 &rarr; <strong>1124</strong><br />(+25 for winning)\n|raw|SpyderMarz's rating: 1102 &rarr; <strong>1077</strong><br />(-25 for losing)\n|l|\u2606SpyderMarz\n|player|p2|\n",
  "uploadtime": 1776434658,
  "views": 27,
  "formatid": "gen9championsvgc2026regma",
  "rating": 1077,
  "private": 0,
  "password": null
}