{
  "id": "gen9championsvgc2026regma-2582414135",
  "format": "[Gen 9 Champions] VGC 2026 Reg M-A",
  "players": [
    "Jadedragon61",
    "braydden22"
  ],
  "log": "|j|\u2606Jadedragon61\n|j|\u2606braydden22\n|t:|1776090114\n|gametype|doubles\n|player|p1|Jadedragon61|beni-ninja|1000\n|player|p2|braydden22|fisherman-gen4|1067\n|gen|9\n|tier|[Gen 9 Champions] VGC 2026 Reg M-A\n|rated|\n|rule|Species Clause: Limit one of each Pok\u00e9mon\n|rule|Item Clause: Limit 1 of each item\n|clearpoke\n|poke|p1|Pelipper, L50, F|\n|poke|p1|Dragonite, L50, F|\n|poke|p1|Quaquaval, L50, F|\n|poke|p1|Archaludon, L50, F|\n|poke|p1|Incineroar, L50, M|\n|poke|p1|Sinistcha, L50|\n|poke|p2|Starmie, L50|\n|poke|p2|Pelipper, L50, F|\n|poke|p2|Basculegion, L50, M|\n|poke|p2|Archaludon, L50, F|\n|poke|p2|Blastoise, L50, M|\n|poke|p2|Garchomp, L50, F|\n|teampreview|4\n|inactive|Battle timer is ON: inactive players will automatically lose when time's up. (requested by Jadedragon61)\n|\n|t:|1776090132\n|teamsize|p1|4\n|teamsize|p2|4\n|start\n|switch|p1a: Archaludon|Archaludon, L50, F|100/100\n|switch|p1b: Pelipper|Pelipper, L50, F|100/100\n|switch|p2a: Pelipper|Pelipper, L50, F|100/100\n|switch|p2b: Starmie|Starmie, L50, shiny|100/100\n|-weather|RainDance|[from] ability: Drizzle|[of] p1b: Pelipper\n|turn|1\n|inactive|braydden22 has 30 seconds left.\n|inactive|braydden22 has 20 seconds left.\n|\n|t:|1776090167\n|detailschange|p2b: Starmie|Starmie-Mega, L50, shiny\n|-mega|p2b: Starmie|Starmie|Starminite\n|move|p1b: Pelipper|Tailwind|p1b: Pelipper\n|-sidestart|p1: Jadedragon61|move: Tailwind\n|move|p1a: Archaludon|Electro Shot||[still]\n|-prepare|p1a: Archaludon|Electro Shot\n|-boost|p1a: Archaludon|spa|1\n|-anim|p1a: Archaludon|Electro Shot|p2b: Starmie\n|-supereffective|p2b: Starmie|1\n|-damage|p2b: Starmie|0 fnt\n|faint|p2b: Starmie\n|move|p2a: Pelipper|Hurricane|p1a: Archaludon\n|-resisted|p1a: Archaludon|1\n|-damage|p1a: Archaludon|74/100\n|\n|-weather|RainDance|[upkeep]\n|upkeep\n|\n|t:|1776090184\n|switch|p2b: Blastoise|Blastoise, L50, M|100/100\n|turn|2\n|\n|t:|1776090203\n|switch|p1b: Dragonite|Dragonite, L50, F, shiny|100/100\n|move|p2b: Blastoise|Fake Out|p1a: Archaludon\n|-resisted|p1a: Archaludon|1\n|-damage|p1a: Archaludon|71/100\n|cant|p1a: Archaludon|flinch\n|move|p2a: Pelipper|Tailwind|p2a: Pelipper\n|-sidestart|p2: braydden22|move: Tailwind\n|\n|-weather|RainDance|[upkeep]\n|upkeep\n|turn|3\n|inactive|braydden22 has 30 seconds left.\n|inactive|braydden22 has 20 seconds left.\n|\n|t:|1776090243\n|switch|p2a: Archaludon|Archaludon, L50, F|100/100\n|detailschange|p1b: Dragonite|Dragonite-Mega, L50, F, shiny\n|-mega|p1b: Dragonite|Dragonite|Dragoninite\n|move|p1a: Archaludon|Electro Shot||[still]\n|-prepare|p1a: Archaludon|Electro Shot\n|-boost|p1a: Archaludon|spa|1\n|-anim|p1a: Archaludon|Electro Shot|p2a: Archaludon\n|-resisted|p2a: Archaludon|1\n|-damage|p2a: Archaludon|41/100\n|-ability|p2a: Archaludon|Stamina|boost\n|-boost|p2a: Archaludon|def|1\n|move|p1b: Dragonite|Hurricane|p2b: Blastoise\n|-damage|p2b: Blastoise|50/100\n|-start|p2b: Blastoise|confusion\n|-activate|p2b: Blastoise|confusion\n|move|p2b: Blastoise|Weather Ball|p1a: Archaludon\n|-resisted|p1a: Archaludon|1\n|-damage|p1a: Archaludon|32/100\n|-enditem|p1a: Archaludon|Sitrus Berry|[eat]\n|-heal|p1a: Archaludon|57/100|[from] item: Sitrus Berry\n|\n|-weather|RainDance|[upkeep]\n|-heal|p2b: Blastoise|56/100|[from] ability: Rain Dish\n|-heal|p2a: Archaludon|47/100|[from] item: Leftovers\n|upkeep\n|turn|4\n|inactive|Jadedragon61 has 30 seconds left.\n|inactive|braydden22 has 30 seconds left.\n|inactive|braydden22 has 20 seconds left.\n|inactive|braydden22 has 15 seconds left.\n|\n|t:|1776090287\n|switch|p1b: Pelipper|Pelipper, L50, F|100/100\n|move|p1a: Archaludon|Electro Shot||[still]\n|-prepare|p1a: Archaludon|Electro Shot\n|-boost|p1a: Archaludon|spa|1\n|-anim|p1a: Archaludon|Electro Shot|p2b: Blastoise\n|-supereffective|p2b: Blastoise|1\n|-damage|p2b: Blastoise|0 fnt\n|faint|p2b: Blastoise\n|move|p2a: Archaludon|Draco Meteor|p1a: Archaludon\n|-damage|p1a: Archaludon|0 fnt\n|-unboost|p2a: Archaludon|spa|2\n|faint|p1a: Archaludon\n|\n|-weather|RainDance|[upkeep]\n|-heal|p2a: Archaludon|53/100|[from] item: Leftovers\n|-sideend|p1: Jadedragon61|move: Tailwind\n|upkeep\n|\n|t:|1776090304\n|switch|p1a: Sinistcha|Sinistcha, L50|100/100\n|switch|p2b: Pelipper|Pelipper, L50, F|100/100\n|turn|5\n|\n|t:|1776090317\n|move|p1a: Sinistcha|Rage Powder|p1a: Sinistcha\n|-singleturn|p1a: Sinistcha|move: Rage Powder\n|move|p2a: Archaludon|Electro Shot||[still]\n|-prepare|p2a: Archaludon|Electro Shot\n|-boost|p2a: Archaludon|spa|1\n|-anim|p2a: Archaludon|Electro Shot|p1a: Sinistcha\n|-resisted|p1a: Sinistcha|1\n|-damage|p1a: Sinistcha|83/100\n|move|p1b: Pelipper|Hurricane|p2b: Pelipper\n|-damage|p2b: Pelipper|34/100\n|-enditem|p2b: Pelipper|Sitrus Berry|[eat]\n|-heal|p2b: Pelipper|59/100|[from] item: Sitrus Berry\n|move|p2b: Pelipper|Hurricane|p1a: Sinistcha\n|-supereffective|p1a: Sinistcha|1\n|-damage|p1a: Sinistcha|0 fnt\n|faint|p1a: Sinistcha\n|\n|-weather|none\n|-heal|p2a: Archaludon|59/100|[from] item: Leftovers\n|-sideend|p2: braydden22|move: Tailwind\n|upkeep\n|\n|t:|1776090331\n|switch|p1a: Dragonite|Dragonite-Mega, L50, F, shiny|100/100\n|turn|6\n|inactive|braydden22 has 30 seconds left.\n|\n|t:|1776090360\n|move|p1b: Pelipper|Hurricane|p2b: Pelipper\n|-damage|p2b: Pelipper|0 fnt\n|faint|p2b: Pelipper\n|move|p1a: Dragonite|Ice Beam|p2a: Archaludon\n|-damage|p2a: Archaludon|13/100\n|-ability|p2a: Archaludon|Stamina|boost\n|-boost|p2a: Archaludon|def|1\n|move|p2a: Archaludon|Draco Meteor|p1a: Dragonite\n|-supereffective|p1a: Dragonite|1\n|-crit|p1a: Dragonite\n|-damage|p1a: Dragonite|30/100\n|-unboost|p2a: Archaludon|spa|2\n|\n|-heal|p2a: Archaludon|19/100|[from] item: Leftovers\n|upkeep\n|turn|7\n|\n|t:|1776090376\n|move|p2a: Archaludon|Protect|p2a: Archaludon\n|-singleturn|p2a: Archaludon|Protect\n|move|p1b: Pelipper|Hurricane|p2a: Archaludon\n|-activate|p2a: Archaludon|move: Protect\n|move|p1a: Dragonite|Ice Beam|p2a: Archaludon\n|-activate|p2a: Archaludon|move: Protect\n|\n|-heal|p2a: Archaludon|25/100|[from] item: Leftovers\n|upkeep\n|turn|8\n|-message|braydden22 forfeited.\n|\n|win|Jadedragon61\n|raw|Jadedragon61's rating: 1000 &rarr; <strong>1048</strong><br />(+48 for winning)\n|raw|braydden22's rating: 1067 &rarr; <strong>1043</strong><br />(-24 for losing)\n|l|\u2606braydden22\n|player|p2|\n",
  "uploadtime": 1776090383,
  "views": 11,
  "formatid": "gen9championsvgc2026regma",
  "rating": 1043,
  "private": 0,
  "password": null
}