{
  "id": "gen9championsvgc2026regma-2581302756",
  "format": "[Gen 9 Champions] VGC 2026 Reg M-A",
  "players": [
    "Niko highway",
    "Jamyrok"
  ],
  "log": "|j|\u2606Niko highway\n|j|\u2606Jamyrok\n|t:|1775983779\n|gametype|doubles\n|player|p1|Niko highway|101|1301\n|player|p2|Jamyrok|101|1291\n|gen|9\n|tier|[Gen 9 Champions] VGC 2026 Reg M-A\n|rated|\n|rule|Species Clause: Limit one of each Pok\u00e9mon\n|rule|Item Clause: Limit 1 of each item\n|clearpoke\n|poke|p1|Incineroar, L50, M|\n|poke|p1|Conkeldurr, L50, M|\n|poke|p1|Sinistcha, L50|\n|poke|p1|Cofagrigus, L50, M|\n|poke|p1|Drampa, L50, F|\n|poke|p1|Aggron, L50, M|\n|poke|p2|Mamoswine, L50, F|\n|poke|p2|Abomasnow, L50, F|\n|poke|p2|Froslass, L50, F|\n|poke|p2|Kingambit, L50, M|\n|poke|p2|Armarouge, L50, M|\n|poke|p2|Rotom-Wash, L50|\n|teampreview|4\n|j| gE1xjZRtuhW2DdT0AK\n|\n|t:|1775983839\n|teamsize|p1|4\n|teamsize|p2|4\n|start\n|switch|p1a: Conkeldurr|Conkeldurr, L50, M|100/100\n|switch|p1b: Cofagrigus|Cofagrigus, L50, M|100/100\n|switch|p2a: Froslass|Froslass, L50, F|100/100\n|switch|p2b: Armarouge|Armarouge, L50, M|100/100\n|turn|1\n|\n|t:|1775983852\n|detailschange|p2a: Froslass|Froslass-Mega, L50, F\n|-mega|p2a: Froslass|Froslass|Froslassite\n|-weather|Snowscape|[from] ability: Snow Warning|[of] p2a: Froslass\n|move|p2b: Armarouge|Psychic|p1a: Conkeldurr\n|-supereffective|p1a: Conkeldurr|1\n|-damage|p1a: Conkeldurr|0 fnt\n|faint|p1a: Conkeldurr\n|move|p2a: Froslass|Shadow Ball|p1b: Cofagrigus\n|-supereffective|p1b: Cofagrigus|1\n|-damage|p1b: Cofagrigus|14/100\n|move|p1b: Cofagrigus|Trick Room|p1b: Cofagrigus\n|-fieldstart|move: Trick Room|[of] p1b: Cofagrigus\n|\n|-weather|Snowscape|[upkeep]\n|-heal|p1b: Cofagrigus|20/100|[from] item: Leftovers\n|upkeep\n|\n|t:|1775983861\n|switch|p1a: Aggron|Aggron, L50, M|100/100\n|turn|2\n|\n|t:|1775983888\n|switch|p2a: Rotom|Rotom-Wash, L50|100/100\n|detailschange|p1a: Aggron|Aggron-Mega, L50, M\n|-mega|p1a: Aggron|Aggron|Aggronite\n|move|p1b: Cofagrigus|Shadow Ball|p2b: Armarouge\n|-supereffective|p2b: Armarouge|1\n|-damage|p2b: Armarouge|23/100\n|-unboost|p2b: Armarouge|spd|1\n|move|p1a: Aggron|Heavy Slam|p2b: Armarouge\n|-resisted|p2b: Armarouge|1\n|-crit|p2b: Armarouge\n|-damage|p2b: Armarouge|0 fnt\n|faint|p2b: Armarouge\n|\n|-weather|Snowscape|[upkeep]\n|-heal|p1b: Cofagrigus|27/100|[from] item: Leftovers\n|upkeep\n|inactive|Battle timer is ON: inactive players will automatically lose when time's up. (requested by Niko highway)\n|\n|t:|1775983906\n|switch|p2b: Mamoswine|Mamoswine, L50, F|100/100\n|turn|3\n|\n|t:|1775983923\n|move|p1b: Cofagrigus|Will-O-Wisp|p2b: Mamoswine\n|-status|p2b: Mamoswine|brn\n|move|p1a: Aggron|Body Press|p2a: Rotom\n|-damage|p2a: Rotom|67/100\n|move|p2b: Mamoswine|Icicle Crash|p1b: Cofagrigus\n|-damage|p1b: Cofagrigus|12/100\n|move|p2a: Rotom|Will-O-Wisp|p1a: Aggron\n|-status|p1a: Aggron|brn\n|\n|-weather|Snowscape|[upkeep]\n|-heal|p1b: Cofagrigus|18/100|[from] item: Leftovers\n|-heal|p2a: Rotom|73/100|[from] item: Leftovers\n|-damage|p1a: Aggron|94/100 brn|[from] brn\n|-damage|p2b: Mamoswine|95/100 brn|[from] brn\n|upkeep\n|turn|4\n|inactive|Niko highway has 30 seconds left.\n|inactive|Jamyrok has 30 seconds left.\n|inactive|Niko highway has 20 seconds left.\n|inactive|Niko highway has 15 seconds left.\n|inactive|Niko highway has 10 seconds left.\n|inactive|Niko highway has 5 seconds left.\n|\n|t:|1775983974\n|switch|p1a: Sinistcha|Sinistcha, L50|100/100\n|-heal|p1b: Cofagrigus|43/100|[from] ability: Hospitality|[of] p1a: Sinistcha\n|move|p2b: Mamoswine|Ice Shard|p1b: Cofagrigus\n|-damage|p1b: Cofagrigus|35/100\n|move|p1b: Cofagrigus|Shadow Ball|p2a: Rotom\n|-damage|p2a: Rotom|44/100\n|move|p2a: Rotom|Thunderbolt|p1b: Cofagrigus\n|-damage|p1b: Cofagrigus|5/100\n|\n|-weather|Snowscape|[upkeep]\n|-heal|p1b: Cofagrigus|11/100|[from] item: Leftovers\n|-heal|p2a: Rotom|50/100|[from] item: Leftovers\n|-damage|p2b: Mamoswine|89/100 brn|[from] brn\n|upkeep\n|turn|5\n|inactive|Niko highway has 30 seconds left.\n|inactive|Niko highway has 20 seconds left.\n|\n|t:|1775984012\n|switch|p1b: Aggron|Aggron-Mega, L50, M|94/100 brn\n|move|p1a: Sinistcha|Matcha Gotcha|p2b: Mamoswine|[spread] p2a,p2b\n|-supereffective|p2a: Rotom|1\n|-supereffective|p2b: Mamoswine|1\n|-damage|p2a: Rotom|0 fnt\n|-damage|p2b: Mamoswine|10/100 brn\n|faint|p2a: Rotom\n|move|p2b: Mamoswine|Icicle Crash|p1a: Sinistcha\n|-supereffective|p1a: Sinistcha|1\n|-damage|p1a: Sinistcha|56/100\n|\n|-weather|none\n|-damage|p1b: Aggron|88/100 brn|[from] brn\n|-damage|p2b: Mamoswine|4/100 brn|[from] brn\n|-fieldend|move: Trick Room\n|upkeep\n|\n|t:|1775984025\n|switch|p2a: Froslass|Froslass-Mega, L50, F|100/100\n|-weather|Snowscape|[from] ability: Snow Warning|[of] p2a: Froslass\n|turn|6\n|\n|t:|1775984050\n|move|p2a: Froslass|Shadow Ball|p1b: Aggron\n|-damage|p1b: Aggron|43/100 brn\n|move|p2b: Mamoswine|High Horsepower|p1b: Aggron\n|-supereffective|p1b: Aggron|1\n|-damage|p1b: Aggron|21/100 brn\n|move|p1b: Aggron|Heavy Slam|p2a: Froslass\n|-supereffective|p2a: Froslass|1\n|-crit|p2a: Froslass\n|-damage|p2a: Froslass|0 fnt\n|faint|p2a: Froslass\n|move|p1a: Sinistcha|Trick Room|p1a: Sinistcha\n|-fieldstart|move: Trick Room|[of] p1a: Sinistcha\n|\n|-weather|Snowscape|[upkeep]\n|-damage|p1b: Aggron|15/100 brn|[from] brn\n|-damage|p2b: Mamoswine|0 fnt|[from] brn\n|faint|p2b: Mamoswine\n|\n|win|Niko highway\n|raw|Niko highway's rating: 1301 &rarr; <strong>1320</strong><br />(+19 for winning)\n|raw|Jamyrok's rating: 1291 &rarr; <strong>1267</strong><br />(-24 for losing)\n|l|\u2606Jamyrok\n|player|p2|\n",
  "uploadtime": 1775984057,
  "views": 29,
  "formatid": "gen9championsvgc2026regma",
  "rating": 1267,
  "private": 0,
  "password": null
}