{
  "id": "gen9championsvgc2026regma-2583350022",
  "format": "[Gen 9 Champions] VGC 2026 Reg M-A",
  "players": [
    "Quyt_DZ",
    "pevere1l"
  ],
  "log": "|j|\u2606Quyt_DZ\n|j|\u203dpevere1l\n|t:|1776169218\n|gametype|doubles\n|player|p1|Quyt_DZ|aromalady|1392\n|player|p2|pevere1l|steven|1323\n|gen|9\n|tier|[Gen 9 Champions] VGC 2026 Reg M-A\n|rated|\n|rule|Species Clause: Limit one of each Pok\u00e9mon\n|rule|Item Clause: Limit 1 of each item\n|clearpoke\n|poke|p1|Excadrill, L50, M|\n|poke|p1|Tyranitar, L50, F|\n|poke|p1|Sinistcha, L50|\n|poke|p1|Rotom-Wash, L50|\n|poke|p1|Primarina, L50, F|\n|poke|p1|Dragapult, L50, F|\n|poke|p2|Sneasler, L50, F|\n|poke|p2|Froslass, L50, F|\n|poke|p2|Incineroar, L50, M|\n|poke|p2|Milotic, L50, F|\n|poke|p2|Corviknight, L50, F|\n|poke|p2|Garchomp, L50, F|\n|teampreview|4\n|inactive|Battle timer is ON: inactive players will automatically lose when time's up. (requested by pevere1l)\n|inactive|Quyt_DZ has 60 seconds left.\n|\n|t:|1776169260\n|teamsize|p1|4\n|teamsize|p2|4\n|start\n|switch|p1a: Dragapult|Dragapult, L50, F|100/100\n|switch|p1b: Primarina|Primarina, L50, F, shiny|100/100\n|switch|p2a: Incineroar|Incineroar, L50, M|100/100\n|switch|p2b: Garchomp|Garchomp, L50, F|100/100\n|-ability|p2a: Incineroar|Intimidate|boost\n|-fail|p1a: Dragapult|unboost|[from] ability: Clear Body|[of] p1a: Dragapult\n|-unboost|p1b: Primarina|atk|1\n|turn|1\n|\n|t:|1776169281\n|move|p2a: Incineroar|Fake Out|p1b: Primarina\n|-damage|p1b: Primarina|89/100\n|move|p2b: Garchomp|Dragon Claw|p1a: Dragapult\n|-supereffective|p1a: Dragapult|1\n|-damage|p1a: Dragapult|0 fnt\n|faint|p1a: Dragapult\n|cant|p1b: Primarina|flinch\n|\n|upkeep\n|\n|t:|1776169291\n|switch|p1a: Tyranitar|Tyranitar, L50, F|100/100\n|-weather|Sandstorm|[from] ability: Sand Stream|[of] p1a: Tyranitar\n|turn|2\n|j| Platstapple\n|c| Platstapple|:O\n|c| Platstapple|rematch\n|inactive|Quyt_DZ has 30 seconds left.\n|\n|t:|1776169325\n|switch|p2b: Corviknight|Corviknight, L50, F|100/100\n|detailschange|p1a: Tyranitar|Tyranitar-Mega, L50, F\n|-mega|p1a: Tyranitar|Tyranitar|Tyranitarite\n|move|p1a: Tyranitar|Crunch|p2b: Corviknight\n|-damage|p2b: Corviknight|65/100\n|move|p2a: Incineroar|Parting Shot|p1a: Tyranitar\n|-unboost|p1a: Tyranitar|atk|1\n|-unboost|p1a: Tyranitar|spa|1\n|\n|t:|1776169343\n|switch|p2a: Garchomp|Garchomp, L50, F|100/100|[from] Parting Shot\n|move|p1b: Primarina|Hyper Voice|p2b: Corviknight|[spread] p2a,p2b\n|-damage|p2a: Garchomp|53/100\n|-damage|p2b: Corviknight|25/100\n|\n|-weather|Sandstorm|[upkeep]\n|-damage|p1b: Primarina|83/100|[from] Sandstorm\n|upkeep\n|turn|3\n|\n|t:|1776169361\n|switch|p1a: Rotom|Rotom-Wash, L50|100/100\n|move|p2a: Garchomp|Earthquake|p1b: Primarina|[spread] p1b\n|-immune|p2b: Corviknight\n|-immune|p1a: Rotom|[from] ability: Levitate\n|-damage|p1b: Primarina|28/100\n|move|p2b: Corviknight|Tailwind|p2b: Corviknight\n|-sidestart|p2: pevere1l|move: Tailwind\n|move|p1b: Primarina|Moonblast|p2a: Garchomp\n|-supereffective|p2a: Garchomp|1\n|-damage|p2a: Garchomp|0 fnt\n|faint|p2a: Garchomp\n|\n|-weather|Sandstorm|[upkeep]\n|-damage|p1a: Rotom|95/100|[from] Sandstorm\n|-damage|p1b: Primarina|22/100|[from] Sandstorm\n|upkeep\n|\n|t:|1776169372\n|switch|p2a: Froslass|Froslass, L50, F|100/100\n|turn|4\n|\n|t:|1776169384\n|switch|p1b: Tyranitar|Tyranitar-Mega, L50, F|100/100\n|detailschange|p2a: Froslass|Froslass-Mega, L50, F\n|-mega|p2a: Froslass|Froslass|Froslassite\n|-weather|Snowscape|[from] ability: Snow Warning|[of] p2a: Froslass\n|move|p2a: Froslass|Shadow Ball|p1a: Rotom\n|-damage|p1a: Rotom|47/100\n|-enditem|p1a: Rotom|Sitrus Berry|[eat]\n|-heal|p1a: Rotom|72/100|[from] item: Sitrus Berry\n|move|p2b: Corviknight|Iron Head|p1b: Tyranitar\n|-supereffective|p1b: Tyranitar|1\n|-damage|p1b: Tyranitar|69/100\n|move|p1a: Rotom|Volt Switch|p2b: Corviknight\n|-supereffective|p2b: Corviknight|1\n|-damage|p2b: Corviknight|0 fnt\n|faint|p2b: Corviknight\n|\n|t:|1776169402\n|switch|p1a: Primarina|Primarina, L50, F, shiny|22/100|[from] Volt Switch\n|\n|-weather|Snowscape|[upkeep]\n|upkeep\n|\n|t:|1776169405\n|switch|p2b: Incineroar|Incineroar, L50, M|100/100\n|-ability|p2b: Incineroar|Intimidate|boost\n|-unboost|p1a: Primarina|atk|1\n|-unboost|p1b: Tyranitar|atk|1\n|turn|5\n|inactive|Quyt_DZ has 30 seconds left.\n|inactive|Quyt_DZ has 20 seconds left.\n|inactive|Quyt_DZ has 15 seconds left.\n|\n|t:|1776169449\n|move|p1b: Tyranitar|Protect|p1b: Tyranitar\n|-singleturn|p1b: Tyranitar|Protect\n|move|p1a: Primarina|Protect|p1a: Primarina\n|-singleturn|p1a: Primarina|Protect\n|move|p2b: Incineroar|Fake Out|p1b: Tyranitar\n|-activate|p1b: Tyranitar|move: Protect\n|move|p2a: Froslass|Blizzard|p1a: Primarina|[spread] \n|-activate|p1a: Primarina|move: Protect\n|-activate|p1b: Tyranitar|move: Protect\n|\n|-weather|Snowscape|[upkeep]\n|upkeep\n|turn|6\n|\n|t:|1776169464\n|switch|p1b: Rotom|Rotom-Wash, L50|72/100\n|move|p2a: Froslass|Blizzard|p1b: Rotom|[spread] p1a,p1b\n|-resisted|p1a: Primarina|1\n|-resisted|p1b: Rotom|1\n|-crit|p1b: Rotom\n|-damage|p1a: Primarina|3/100\n|-damage|p1b: Rotom|37/100\n|-status|p1a: Primarina|frz\n|move|p2b: Incineroar|Parting Shot|p1b: Rotom\n|-unboost|p1b: Rotom|atk|1\n|-unboost|p1b: Rotom|spa|1\n|-curestatus|p1a: Primarina|frz|[msg]\n|move|p1a: Primarina|Hyper Voice|p2a: Froslass|[spread] p2a,p2b\n|-supereffective|p2b: Incineroar|1\n|-damage|p2a: Froslass|41/100\n|-damage|p2b: Incineroar|25/100\n|-enditem|p2b: Incineroar|Sitrus Berry|[eat]\n|-heal|p2b: Incineroar|50/100|[from] item: Sitrus Berry\n|\n|-weather|Snowscape|[upkeep]\n|-sideend|p2: pevere1l|move: Tailwind\n|upkeep\n|turn|7\n|inactive|Quyt_DZ has 30 seconds left.\n|\n|t:|1776169490\n|move|p1b: Rotom|Protect|p1b: Rotom\n|-singleturn|p1b: Rotom|Protect\n|move|p2a: Froslass|Blizzard|p1b: Rotom|[spread] p1a\n|-activate|p1b: Rotom|move: Protect\n|-resisted|p1a: Primarina|1\n|-damage|p1a: Primarina|0 fnt\n|faint|p1a: Primarina\n|move|p2b: Incineroar|Darkest Lariat|p1b: Rotom\n|-activate|p1b: Rotom|move: Protect\n|\n|-weather|Snowscape|[upkeep]\n|upkeep\n|\n|t:|1776169499\n|switch|p1a: Tyranitar|Tyranitar-Mega, L50, F|69/100\n|-weather|Sandstorm|[from] ability: Sand Stream|[of] p1a: Tyranitar\n|turn|8\n|\n|t:|1776169509\n|move|p2a: Froslass|Blizzard|p1a: Tyranitar|[spread] p1a\n|-miss|p2a: Froslass|p1b: Rotom\n|-damage|p1a: Tyranitar|47/100\n|-status|p1a: Tyranitar|frz\n|move|p1b: Rotom|Hydro Pump|p2b: Incineroar\n|-supereffective|p2b: Incineroar|1\n|-damage|p2b: Incineroar|7/100\n|cant|p1a: Tyranitar|frz\n|move|p2b: Incineroar|Darkest Lariat|p1a: Tyranitar\n|-resisted|p1a: Tyranitar|1\n|-damage|p1a: Tyranitar|36/100 frz\n|\n|-weather|Sandstorm|[upkeep]\n|-damage|p2a: Froslass|35/100|[from] Sandstorm\n|-damage|p1b: Rotom|32/100|[from] Sandstorm\n|-damage|p2b: Incineroar|1/100|[from] Sandstorm\n|upkeep\n|turn|9\n|\n|t:|1776169527\n|move|p2a: Froslass|Shadow Ball|p1b: Rotom\n|-damage|p1b: Rotom|0 fnt\n|faint|p1b: Rotom\n|cant|p1a: Tyranitar|frz\n|move|p2b: Incineroar|Darkest Lariat|p1a: Tyranitar\n|-resisted|p1a: Tyranitar|1\n|-damage|p1a: Tyranitar|26/100 frz\n|\n|-weather|Sandstorm|[upkeep]\n|-damage|p2a: Froslass|28/100|[from] Sandstorm\n|-damage|p2b: Incineroar|0 fnt|[from] Sandstorm\n|faint|p2b: Incineroar\n|upkeep\n|turn|10\n|\n|t:|1776169540\n|move|p2a: Froslass|Blizzard|p1a: Tyranitar\n|-damage|p1a: Tyranitar|0 fnt\n|faint|p1a: Tyranitar\n|\n|win|pevere1l\n|raw|Quyt_DZ's rating: 1392 &rarr; <strong>1368</strong><br />(-24 for losing)\n|raw|pevere1l's rating: 1323 &rarr; <strong>1347</strong><br />(+24 for winning)\n|c|\u2606Quyt_DZ|gg\n|c| Platstapple|is it ok if I use some insp from your team? ive been trying to use mega T-tar but havent exactly been successful\n|c|\u2606Quyt_DZ|yeah\n",
  "uploadtime": 1776169570,
  "views": 24,
  "formatid": "gen9championsvgc2026regma",
  "rating": 1347,
  "private": 0,
  "password": null
}