{
  "id": "gen9championsvgc2026regma-2581746601",
  "format": "[Gen 9 Champions] VGC 2026 Reg M-A",
  "players": [
    "Mandarino111",
    "lobbychatlagsmypc"
  ],
  "log": "|j|\u2606Mandarino111\n|j|\u2606lobbychatlagsmypc\n|t:|1776025244\n|gametype|doubles\n|player|p1|Mandarino111|170|1325\n|player|p2|lobbychatlagsmypc|266|1302\n|gen|9\n|tier|[Gen 9 Champions] VGC 2026 Reg M-A\n|rated|\n|rule|Species Clause: Limit one of each Pok\u00e9mon\n|rule|Item Clause: Limit 1 of each item\n|clearpoke\n|poke|p1|Drampa, L50, M|\n|poke|p1|Kingambit, L50, F|\n|poke|p1|Slowbro, L50, F|\n|poke|p1|Conkeldurr, L50, M|\n|poke|p1|Spiritomb, L50, M|\n|poke|p1|Reuniclus, L50, F|\n|poke|p2|Mudsdale, L50, F|\n|poke|p2|Chimecho, L50, F|\n|poke|p2|Volcarona, L50, F|\n|poke|p2|Blastoise, L50, F|\n|poke|p2|Whimsicott, L50, F|\n|poke|p2|Tyranitar, L50, F|\n|teampreview|4\nMandarino111 rejected open team sheets.\n|inactive|Battle timer is ON: inactive players will automatically lose when time's up. (requested by lobbychatlagsmypc)\n|inactive|Mandarino111 has 60 seconds left.\n|inactive|Mandarino111 has 30 seconds left.\n|\n|t:|1776025319\n|teamsize|p1|4\n|teamsize|p2|4\n|start\n|switch|p1a: Slowbro|Slowbro, L50, F, shiny|100/100\n|switch|p1b: Kingambit|Kingambit, L50, F, shiny|100/100\n|switch|p2a: Whimsicott|Whimsicott, L50, F|100/100\n|switch|p2b: Blastoise|Blastoise, L50, F|100/100\n|turn|1\n|\n|t:|1776025329\n|detailschange|p2b: Blastoise|Blastoise-Mega, L50, F\n|-mega|p2b: Blastoise|Blastoise|Blastoisinite\n|move|p1b: Kingambit|Sucker Punch|p2b: Blastoise\n|-damage|p2b: Blastoise|64/100\n|move|p2a: Whimsicott|Grass Knot|p1a: Slowbro\n|-supereffective|p1a: Slowbro|1\n|-damage|p1a: Slowbro|54/100\n|move|p2b: Blastoise|Water Spout|p1b: Kingambit|[spread] p1a,p1b\n|-resisted|p1a: Slowbro|1\n|-damage|p1a: Slowbro|37/100\n|-damage|p1b: Kingambit|60/100\n|move|p1a: Slowbro|Trick Room|p1a: Slowbro\n|-fieldstart|move: Trick Room|[of] p1a: Slowbro\n|\n|upkeep\n|turn|2\n|\n|t:|1776025349\n|move|p1a: Slowbro|Ice Beam|p2a: Whimsicott\n|-supereffective|p2a: Whimsicott|1\n|-damage|p2a: Whimsicott|29/100\n|move|p1b: Kingambit|Kowtow Cleave|p2b: Blastoise\n|-damage|p2b: Blastoise|23/100\n|move|p2b: Blastoise|Water Pulse|p1b: Kingambit\n|-damage|p1b: Kingambit|4/100\n|move|p2a: Whimsicott|Moonblast|p1a: Slowbro\n|-crit|p1a: Slowbro\n|-damage|p1a: Slowbro|0 fnt\n|faint|p1a: Slowbro\n|\n|upkeep\n|\n|t:|1776025365\n|switch|p1a: Reuniclus|Reuniclus, L50, F, shiny|100/100\n|turn|3\n|\n|t:|1776025373\n|switch|p2b: Tyranitar|Tyranitar, L50, F|100/100\n|-weather|Sandstorm|[from] ability: Sand Stream|[of] p2b: Tyranitar\n|move|p2a: Whimsicott|Protect|p2a: Whimsicott\n|-singleturn|p2a: Whimsicott|Protect\n|move|p1a: Reuniclus|Energy Ball|p2b: Tyranitar\n|-supereffective|p2b: Tyranitar|1\n|-damage|p2b: Tyranitar|62/100\n|move|p1b: Kingambit|Iron Head|p2a: Whimsicott\n|-activate|p2a: Whimsicott|move: Protect\n|\n|-weather|Sandstorm|[upkeep]\n|-damage|p1a: Reuniclus|95/100|[from] Sandstorm\n|-damage|p2a: Whimsicott|23/100|[from] Sandstorm\n|upkeep\n|turn|4\n|\n|t:|1776025392\n|move|p2b: Tyranitar|Protect|p2b: Tyranitar\n|-singleturn|p2b: Tyranitar|Protect\n|move|p2a: Whimsicott|Tailwind|p2a: Whimsicott\n|-sidestart|p2: lobbychatlagsmypc|move: Tailwind\n|move|p1a: Reuniclus|Psychic|p2a: Whimsicott\n|-damage|p2a: Whimsicott|0 fnt\n|faint|p2a: Whimsicott\n|move|p1b: Kingambit|Iron Head|p2b: Tyranitar\n|-activate|p2b: Tyranitar|move: Protect\n|\n|-weather|Sandstorm|[upkeep]\n|-damage|p1a: Reuniclus|89/100|[from] Sandstorm\n|upkeep\n|\n|t:|1776025395\n|switch|p2a: Blastoise|Blastoise-Mega, L50, F|23/100\n|turn|5\n|\n|t:|1776025404\n|move|p2a: Blastoise|Fake Out|p1b: Kingambit\n|-resisted|p1b: Kingambit|1\n|-damage|p1b: Kingambit|1/100\n|move|p1a: Reuniclus|Energy Ball|p2a: Blastoise\n|-supereffective|p2a: Blastoise|1\n|-crit|p2a: Blastoise\n|-damage|p2a: Blastoise|0 fnt\n|faint|p2a: Blastoise\n|cant|p1b: Kingambit|flinch\n|move|p2b: Tyranitar|Knock Off|p1a: Reuniclus\n|-supereffective|p1a: Reuniclus|1\n|-damage|p1a: Reuniclus|0 fnt\n|-enditem|p1a: Reuniclus|Sitrus Berry|[from] move: Knock Off|[of] p2b: Tyranitar\n|faint|p1a: Reuniclus\n|\n|-weather|Sandstorm|[upkeep]\n|-fieldend|move: Trick Room\n|upkeep\n|\n|t:|1776025408\n|switch|p2a: Volcarona|Volcarona, L50, F|100/100\n|switch|p1a: Drampa|Drampa, L50, M, shiny|100/100\n|-ability|p1a: Drampa|Cloud Nine\n|turn|6\n|inactive|Mandarino111 has 30 seconds left.\n|inactive|Mandarino111 has 20 seconds left.\n|inactive|Mandarino111 has 15 seconds left.\n|\n|t:|1776025451\n|move|p1b: Kingambit|Sucker Punch|p2a: Volcarona\n|-damage|p2a: Volcarona|55/100\n|-status|p1b: Kingambit|brn|[from] ability: Flame Body|[of] p2a: Volcarona\n|move|p2a: Volcarona|Struggle Bug|p1a: Drampa|[spread] p1a,p1b\n|-damage|p1a: Drampa|80/100\n|-damage|p1b: Kingambit|0 fnt\n|-unboost|p1a: Drampa|spa|1\n|faint|p1b: Kingambit\n|move|p2b: Tyranitar|Knock Off|p1a: Drampa\n|-damage|p1a: Drampa|41/100\n|move|p1a: Drampa|Dragon Pulse|p2a: Volcarona\n|-damage|p2a: Volcarona|23/100\n|\n|-weather|Sandstorm|[upkeep]\n|-heal|p2a: Volcarona|29/100|[from] item: Leftovers\n|upkeep\n|turn|7\n|\n|t:|1776025477\n|detailschange|p1a: Drampa|Drampa-Mega, L50, M, shiny\n|-mega|p1a: Drampa|Drampa|Drampanite\n|move|p2a: Volcarona|Struggle Bug|p1a: Drampa\n|-damage|p1a: Drampa|20/100\n|-unboost|p1a: Drampa|spa|1\n|move|p2b: Tyranitar|Low Kick|p1a: Drampa\n|-supereffective|p1a: Drampa|1\n|-damage|p1a: Drampa|0 fnt\n|faint|p1a: Drampa\n|\n|win|lobbychatlagsmypc\n|raw|Mandarino111's rating: 1325 &rarr; <strong>1304</strong><br />(-21 for losing)\n|raw|lobbychatlagsmypc's rating: 1302 &rarr; <strong>1323</strong><br />(+21 for winning)\n|l|\u2606Mandarino111\n|player|p1|\n",
  "uploadtime": 1776025481,
  "views": 28,
  "formatid": "gen9championsvgc2026regma",
  "rating": 1304,
  "private": 0,
  "password": null
}