{
  "id": "gen9championsvgc2026regma-2584820182",
  "format": "[Gen 9 Champions] VGC 2026 Reg M-A",
  "players": [
    "lets buy packs",
    "roherto"
  ],
  "log": "|j|\u2606lets buy packs\n|j|\u2606roherto\n|t:|1776286112\n|gametype|doubles\n|player|p1|lets buy packs|red-masters3|1218\n|player|p2|roherto|hilbert|1234\n|gen|9\n|tier|[Gen 9 Champions] VGC 2026 Reg M-A\n|rated|\n|rule|Species Clause: Limit one of each Pok\u00e9mon\n|rule|Item Clause: Limit 1 of each item\n|clearpoke\n|poke|p1|Espathra, L50, M|\n|poke|p1|Glimmora, L50, M|\n|poke|p1|Incineroar, L50, M|\n|poke|p1|Maushold-Four, L50|\n|poke|p1|Froslass, L50, F|\n|poke|p1|Sneasler, L50, F|\n|poke|p2|Venusaur, L50, M|\n|poke|p2|Floette-Eternal, L50, F|\n|poke|p2|Dragonite, L50, M|\n|poke|p2|Incineroar, L50, M|\n|poke|p2|Aegislash, L50, F|\n|poke|p2|Rotom-Wash, L50|\n|teampreview|4\n|inactive|Battle timer is ON: inactive players will automatically lose when time's up. (requested by lets buy packs)\n|inactive|roherto has 60 seconds left.\n|\n|t:|1776286145\n|teamsize|p1|4\n|teamsize|p2|4\n|start\n|switch|p1a: Espathra|Espathra, L50, M|100/100\n|switch|p1b: Incineroar|Incineroar, L50, M|100/100\n|switch|p2a: Floette|Floette-Eternal, L50, F|100/100\n|switch|p2b: Dragonite|Dragonite, L50, M|100/100\n|-ability|p1b: Incineroar|Intimidate|boost\n|-unboost|p2a: Floette|atk|1\n|-fail|p2b: Dragonite|unboost|Attack|[from] ability: Inner Focus|[of] p2b: Dragonite\n|turn|1\n|\n|t:|1776286162\n|detailschange|p2a: Floette|Floette-Mega, L50, F\n|-mega|p2a: Floette|Floette|Floettite\n|-ability|p2a: Floette|Fairy Aura\n|move|p2a: Floette|Protect|p2a: Floette\n|-singleturn|p2a: Floette|Protect\n|move|p1b: Incineroar|Fake Out|p2a: Floette\n|-activate|p2a: Floette|move: Protect\n|move|p1a: Espathra|Calm Mind|p1a: Espathra\n|-boost|p1a: Espathra|spa|1\n|-boost|p1a: Espathra|spd|1\n|move|p2b: Dragonite|Tailwind|p2b: Dragonite\n|-sidestart|p2: roherto|move: Tailwind\n|\n|-ability|p1a: Espathra|Speed Boost|boost\n|-boost|p1a: Espathra|spe|1\n|upkeep\n|turn|2\n|\n|t:|1776286179\n|move|p1a: Espathra|Protect|p1a: Espathra\n|-singleturn|p1a: Espathra|Protect\n|move|p2a: Floette|Light of Ruin|p1b: Incineroar|[miss]\n|-miss|p2a: Floette|p1b: Incineroar\n|move|p2b: Dragonite|Rock Slide|p1b: Incineroar|[spread] p1b\n|-activate|p1a: Espathra|move: Protect\n|-supereffective|p1b: Incineroar|1\n|-damage|p1b: Incineroar|60/100\n|move|p1b: Incineroar|Parting Shot|p2a: Floette\n|-unboost|p2a: Floette|atk|1\n|-unboost|p2a: Floette|spa|1\n|\n|t:|1776286187\n|switch|p1b: Maushold|Maushold-Four, L50|100/100|[from] Parting Shot\n|\n|-ability|p1a: Espathra|Speed Boost|boost\n|-boost|p1a: Espathra|spe|1\n|upkeep\n|turn|3\n|\n|t:|1776286198\n|switch|p2a: Aegislash|Aegislash, L50, F|100/100\n|move|p1b: Maushold|Follow Me|p1b: Maushold\n|-singleturn|p1b: Maushold|move: Follow Me\n|move|p1a: Espathra|Baton Pass|p1a: Espathra\n|\n|t:|1776286203\n|switch|p1a: Glimmora|Glimmora, L50, M, shiny|100/100|[from] Baton Pass\n|move|p2b: Dragonite|Rock Slide|p1a: Glimmora|[spread] p1a,p1b\n|-damage|p1a: Glimmora|82/100\n|-damage|p1b: Maushold|80/100\n|-activate|p1a: Glimmora|ability: Toxic Debris\n|-sidestart|p2: roherto|move: Toxic Spikes\n|\n|upkeep\n|turn|4\n|inactive|lets buy packs has 30 seconds left.\n|inactive|roherto has 30 seconds left.\n|inactive|roherto has 20 seconds left.\n|\n|t:|1776286240\n|detailschange|p1a: Glimmora|Glimmora-Mega, L50, M, shiny\n|-mega|p1a: Glimmora|Glimmora|Glimmoranite\n|move|p1b: Maushold|Follow Me|p1b: Maushold\n|-singleturn|p1b: Maushold|move: Follow Me\n|move|p1a: Glimmora|Power Gem|p2b: Dragonite\n|-supereffective|p2b: Dragonite|1\n|-enditem|p2b: Dragonite|Focus Sash\n|-damage|p2b: Dragonite|1/100\n|move|p2b: Dragonite|Rock Slide|p1a: Glimmora|[spread] p1a,p1b\n|-damage|p1a: Glimmora|65/100\n|-damage|p1b: Maushold|59/100\n|-formechange|p2a: Aegislash|Aegislash-Blade|\n|move|p2a: Aegislash|Sacred Sword|p1b: Maushold\n|-supereffective|p1b: Maushold|1\n|-damage|p1b: Maushold|0 fnt\n|faint|p1b: Maushold\n|\n|-sideend|p2: roherto|move: Tailwind\n|upkeep\n|\n|t:|1776286250\n|switch|p1b: Incineroar|Incineroar, L50, M|60/100\n|-ability|p1b: Incineroar|Intimidate|boost\n|-unboost|p2a: Aegislash|atk|1\n|-fail|p2b: Dragonite|unboost|Attack|[from] ability: Inner Focus|[of] p2b: Dragonite\n|turn|5\n|\n|t:|1776286259\n|-formechange|p2a: Aegislash|Aegislash|\n|move|p2a: Aegislash|King's Shield|p2a: Aegislash\n|-singleturn|p2a: Aegislash|Protect\n|move|p1b: Incineroar|Fake Out|p2b: Dragonite\n|-crit|p2b: Dragonite\n|-damage|p2b: Dragonite|0 fnt\n|faint|p2b: Dragonite\n|move|p1a: Glimmora|Earth Power|p2a: Aegislash\n|-activate|p2a: Aegislash|move: Protect\n|\n|upkeep\n|\n|t:|1776286265\n|switch|p2b: Rotom|Rotom-Wash, L50|100/100\n|turn|6\n|\n|t:|1776286280\n|switch|p1b: Espathra|Espathra, L50, M|100/100\n|move|p1a: Glimmora|Spiky Shield|p1a: Glimmora\n|-singleturn|p1a: Glimmora|move: Protect\n|move|p2b: Rotom|Hydro Pump|p1b: Espathra\n|-damage|p1b: Espathra|15/100\n|-formechange|p2a: Aegislash|Aegislash-Blade|\n|move|p2a: Aegislash|Poltergeist|p1a: Glimmora\n|-activate|p1a: Glimmora|move: Protect\n|\n|upkeep\n|turn|7\n|inactive|lets buy packs has 30 seconds left.\n|\n|t:|1776286307\n|move|p2a: Aegislash|Shadow Sneak|p1b: Espathra\n|-supereffective|p1b: Espathra|1\n|-damage|p1b: Espathra|0 fnt\n|faint|p1b: Espathra\n|move|p1a: Glimmora|Earth Power|p2a: Aegislash\n|-supereffective|p2a: Aegislash|1\n|-damage|p2a: Aegislash|0 fnt\n|faint|p2a: Aegislash\n|move|p2b: Rotom|Hydro Pump|p1a: Glimmora\n|-supereffective|p1a: Glimmora|1\n|-damage|p1a: Glimmora|0 fnt\n|faint|p1a: Glimmora\n|\n|upkeep\n|-message|lets buy packs forfeited.\n|\n|win|roherto\n|raw|lets buy packs's rating: 1218 &rarr; <strong>1194</strong><br />(-24 for losing)\n|raw|roherto's rating: 1234 &rarr; <strong>1258</strong><br />(+24 for winning)\n",
  "uploadtime": 1776286313,
  "views": 21,
  "formatid": "gen9championsvgc2026regma",
  "rating": 1194,
  "private": 0,
  "password": null
}