{
  "id": "gen9championsvgc2026regma-2581149080",
  "format": "[Gen 9 Champions] VGC 2026 Reg M-A",
  "players": [
    "ItsNando VGC",
    "ramdoza"
  ],
  "log": "|j|\u2606ItsNando VGC\n|j|\u2606ramdoza\n|t:|1775964611\n|gametype|doubles\n|player|p1|ItsNando VGC|265|1055\n|player|p2|ramdoza|170|1000\n|gen|9\n|tier|[Gen 9 Champions] VGC 2026 Reg M-A\n|rated|\n|rule|Species Clause: Limit one of each Pok\u00e9mon\n|rule|Item Clause: Limit 1 of each item\n|clearpoke\n|poke|p1|Sinistcha-Masterpiece, L50|\n|poke|p1|Archaludon, L50, F|\n|poke|p1|Dragonite, L50, F|\n|poke|p1|Pelipper, L50, M|\n|poke|p1|Incineroar, L50, F|\n|poke|p1|Gengar, L50, M|\n|poke|p2|Blastoise, L50, F|\n|poke|p2|Incineroar, L50, M|\n|poke|p2|Tyranitar, L50, M|\n|poke|p2|Maushold-Four, L50|\n|poke|p2|Sylveon, L50, F|\n|poke|p2|Sinistcha, L50|\n|teampreview|4\nramdoza has agreed to open team sheets.\n|\n|t:|1775964643\n|teamsize|p1|4\n|teamsize|p2|4\n|start\n|switch|p1a: Kefka|Gengar, L50, M|100/100\n|switch|p1b: King|Incineroar, L50, F|100/100\n|switch|p2a: Tyranitar|Tyranitar, L50, M|100/100\n|switch|p2b: Maushold|Maushold-Four, L50|100/100\n|-weather|Sandstorm|[from] ability: Sand Stream|[of] p2a: Tyranitar\n|-ability|p1b: King|Intimidate|boost\n|-unboost|p2a: Tyranitar|atk|1\n|-unboost|p2b: Maushold|atk|1\n|turn|1\n|\n|t:|1775964667\n|switch|p1b: Buz\u00f3n|Pelipper, L50, M|100/100\n|-weather|RainDance|[from] ability: Drizzle|[of] p1b: Buz\u00f3n\n|move|p2a: Tyranitar|Protect|p2a: Tyranitar\n|-singleturn|p2a: Tyranitar|Protect\n|move|p2b: Maushold|Taunt|p1a: Kefka\n|-start|p1a: Kefka|move: Taunt\n|cant|p1a: Kefka|move: Taunt|Trick Room\n|\n|-weather|RainDance|[upkeep]\n|upkeep\n|turn|2\n|\n|t:|1775964691\n|switch|p1a: Saeta|Archaludon, L50, F|100/100\n|move|p2b: Maushold|Follow Me|p2b: Maushold\n|-singleturn|p2b: Maushold|move: Follow Me\n|move|p2a: Tyranitar|Crunch|p1a: Saeta\n|-damage|p1a: Saeta|80/100\n|-ability|p1a: Saeta|Stamina|boost\n|-boost|p1a: Saeta|def|1\n|move|p1b: Buz\u00f3n|Liquidation|p2b: Maushold\n|-damage|p2b: Maushold|70/100\n|-unboost|p2b: Maushold|def|1\n|\n|-weather|RainDance|[upkeep]\n|upkeep\n|turn|3\n|\n|t:|1775964715\n|switch|p1b: King|Incineroar, L50, F|100/100\n|-ability|p1b: King|Intimidate|boost\n|-unboost|p2a: Tyranitar|atk|1\n|-unboost|p2b: Maushold|atk|1\n|detailschange|p2a: Tyranitar|Tyranitar-Mega, L50, M\n|-mega|p2a: Tyranitar|Tyranitar|Tyranitarite\n|-weather|Sandstorm|[from] ability: Sand Stream|[of] p2a: Tyranitar\n|move|p2b: Maushold|Follow Me|p2b: Maushold\n|-singleturn|p2b: Maushold|move: Follow Me\n|move|p2a: Tyranitar|Dragon Dance|p2a: Tyranitar\n|-boost|p2a: Tyranitar|atk|1\n|-boost|p2a: Tyranitar|spe|1\n|move|p1a: Saeta|Electro Shot||[still]\n|-prepare|p1a: Saeta|Electro Shot\n|-boost|p1a: Saeta|spa|1\n|\n|-weather|Sandstorm|[upkeep]\n|-damage|p2b: Maushold|64/100|[from] Sandstorm\n|-damage|p1b: King|95/100|[from] Sandstorm\n|upkeep\n|turn|4\n|\n|t:|1775964746\n|switch|p1b: Buz\u00f3n|Pelipper, L50, M|100/100\n|-weather|RainDance|[from] ability: Drizzle|[of] p1b: Buz\u00f3n\n|move|p2a: Tyranitar|Protect|p2a: Tyranitar\n|-singleturn|p2a: Tyranitar|Protect\n|move|p2b: Maushold|Protect|p2b: Maushold\n|-singleturn|p2b: Maushold|Protect\n|move|p1a: Saeta|Electro Shot|p2a: Tyranitar|[from] lockedmove\n|-activate|p2a: Tyranitar|move: Protect\n|\n|-weather|RainDance|[upkeep]\n|upkeep\n|turn|5\n|\n|t:|1775964764\n|switch|p1b: King|Incineroar, L50, F|95/100\n|-ability|p1b: King|Intimidate|boost\n|-unboost|p2a: Tyranitar|atk|1\n|-unboost|p2b: Maushold|atk|1\n|move|p2b: Maushold|Follow Me|p2b: Maushold\n|-singleturn|p2b: Maushold|move: Follow Me\n|move|p2a: Tyranitar|Dragon Dance|p2a: Tyranitar\n|-boost|p2a: Tyranitar|atk|1\n|-boost|p2a: Tyranitar|spe|1\n|move|p1a: Saeta|Electro Shot||[still]\n|-prepare|p1a: Saeta|Electro Shot\n|-boost|p1a: Saeta|spa|1\n|-anim|p1a: Saeta|Electro Shot|p2b: Maushold\n|-damage|p2b: Maushold|0 fnt\n|faint|p2b: Maushold\n|\n|-weather|RainDance|[upkeep]\n|upkeep\n|\n|t:|1775964798\n|switch|p2b: Incineroar|Incineroar, L50, M|100/100\n|-ability|p2b: Incineroar|Intimidate|boost\n|-unboost|p1a: Saeta|atk|1\n|-unboost|p1b: King|atk|1\n|turn|6\n|\n|t:|1775964812\n|move|p1b: King|Protect|p1b: King\n|-singleturn|p1b: King|Protect\n|move|p2a: Tyranitar|Rock Slide|p1a: Saeta|[spread] p1a\n|-activate|p1b: King|move: Protect\n|-resisted|p1a: Saeta|1\n|-damage|p1a: Saeta|75/100\n|-ability|p1a: Saeta|Stamina|boost\n|-boost|p1a: Saeta|def|1\n|move|p1a: Saeta|Flash Cannon|p2a: Tyranitar\n|-supereffective|p2a: Tyranitar|1\n|-damage|p2a: Tyranitar|0 fnt\n|faint|p2a: Tyranitar\n|move|p2b: Incineroar|Parting Shot|p1a: Saeta\n|-unboost|p1a: Saeta|atk|1\n|-unboost|p1a: Saeta|spa|1\n|-message|ramdoza forfeited.\n|\n|win|ItsNando VGC\n|raw|ItsNando VGC's rating: 1055 &rarr; <strong>1082</strong><br />(+27 for winning)\n|raw|ramdoza's rating: 1000 &rarr; <strong>1000</strong><br />(+0 for losing)\n|l|\u2606ramdoza\n|player|p2|\n",
  "uploadtime": 1775964836,
  "views": 13,
  "formatid": "gen9championsvgc2026regma",
  "rating": 1000,
  "private": 0,
  "password": null
}