{
  "id": "gen9championsvgc2026regma-2583267261",
  "format": "[Gen 9 Champions] VGC 2026 Reg M-A",
  "players": [
    "kingbriddz",
    "zind"
  ],
  "log": "|j|\u2606kingbriddz\n|j|\u2606zind\n|t:|1776161304\n|gametype|doubles\n|player|p1|kingbriddz|266|1109\n|player|p2|zind|benga|1122\n|gen|9\n|tier|[Gen 9 Champions] VGC 2026 Reg M-A\n|rated|\n|rule|Species Clause: Limit one of each Pok\u00e9mon\n|rule|Item Clause: Limit 1 of each item\n|clearpoke\n|poke|p1|Hawlucha, L50, M|\n|poke|p1|Snorlax, L50, F|\n|poke|p1|Sinistcha-Masterpiece, L50|\n|poke|p1|Rotom-Wash, L50|\n|poke|p1|Incineroar, L50, M|\n|poke|p1|Aerodactyl, L50, M|\n|poke|p2|Garchomp, L50, F|\n|poke|p2|Corviknight, L50, F|\n|poke|p2|Tyranitar, L50, M|\n|poke|p2|Glimmora, L50, F|\n|poke|p2|Rotom-Wash, L50|\n|poke|p2|Sinistcha, L50|\n|teampreview|4\n|\n|t:|1776161340\n|teamsize|p1|4\n|teamsize|p2|4\n|start\n|switch|p1a: Hawlucha|Hawlucha, L50, M|100/100\n|switch|p1b: Snorlax|Snorlax, L50, F, shiny|100/100\n|switch|p2a: Glimmora|Glimmora, L50, F|100/100\n|switch|p2b: Corviknight|Corviknight, L50, F|100/100\n|-ability|p1a: Hawlucha|Mold Breaker\n|turn|1\n|\n|t:|1776161373\n|detailschange|p1a: Hawlucha|Hawlucha-Mega, L50, M\n|-mega|p1a: Hawlucha|Hawlucha|Hawluchanite\n|detailschange|p2a: Glimmora|Glimmora-Mega, L50, F\n|-mega|p2a: Glimmora|Glimmora|Glimmoranite\n|move|p1a: Hawlucha|Entrainment|p1b: Snorlax\n|-ability|p1b: Snorlax|No Guard|Thick Fat|[from] move: Entrainment|[of] p1a: Hawlucha\n|move|p2a: Glimmora|Sludge Bomb|p1b: Snorlax\n|-damage|p1b: Snorlax|59/100\n|move|p2b: Corviknight|Brave Bird|p1a: Hawlucha\n|-supereffective|p1a: Hawlucha|1\n|-damage|p1a: Hawlucha|33/100\n|-damage|p2b: Corviknight|84/100|[from] Recoil\n|move|p1b: Snorlax|Fissure|p2a: Glimmora\n|-damage|p2a: Glimmora|0 fnt\n|faint|p2a: Glimmora\n|-ohko\n|\n|-heal|p1b: Snorlax|65/100|[from] item: Leftovers\n|upkeep\n|\n|t:|1776161386\n|switch|p2a: Tyranitar|Tyranitar, L50, M|100/100\n|-weather|Sandstorm|[from] ability: Sand Stream|[of] p2a: Tyranitar\n|turn|2\n|\n|t:|1776161403\n|switch|p1a: Sinistcha|Sinistcha-Masterpiece, L50|100/100\n|-heal|p1b: Snorlax|90/100|[from] ability: Hospitality|[of] p1a: Sinistcha\n|move|p2a: Tyranitar|Rock Slide|p1a: Sinistcha|[spread] p1a,p1b\n|-damage|p1a: Sinistcha|77/100\n|-damage|p1b: Snorlax|71/100\n|move|p2b: Corviknight|Brave Bird|p1b: Snorlax\n|-damage|p1b: Snorlax|44/100\n|-damage|p2b: Corviknight|73/100|[from] Recoil\n|move|p1b: Snorlax|Fissure|p2a: Tyranitar\n|-damage|p2a: Tyranitar|0 fnt\n|faint|p2a: Tyranitar\n|-ohko\n|\n|-weather|Sandstorm|[upkeep]\n|-damage|p1a: Sinistcha|71/100|[from] Sandstorm\n|-damage|p1b: Snorlax|38/100|[from] Sandstorm\n|-heal|p1b: Snorlax|44/100|[from] item: Leftovers\n|upkeep\n|\n|t:|1776161410\n|switch|p2a: Rotom|Rotom-Wash, L50|100/100\n|turn|3\n|\n|t:|1776161430\n|move|p2a: Rotom|Thunderbolt|p1b: Snorlax\n|-damage|p1b: Snorlax|18/100\n|move|p1a: Sinistcha|Matcha Gotcha|p2a: Rotom|[spread] p2b\n|-miss|p1a: Sinistcha|p2a: Rotom\n|-resisted|p2b: Corviknight|2\n|-damage|p2b: Corviknight|68/100\n|-heal|p1a: Sinistcha|75/100|[from] drain|[of] p2b: Corviknight\n|move|p2b: Corviknight|Brave Bird|p1a: Sinistcha\n|-supereffective|p1a: Sinistcha|1\n|-damage|p1a: Sinistcha|14/100\n|-damage|p2b: Corviknight|52/100|[from] Recoil\n|move|p1b: Snorlax|Smack Down|p2b: Corviknight\n|-damage|p2b: Corviknight|43/100\n|-start|p2b: Corviknight|Smack Down\n|\n|-weather|Sandstorm|[upkeep]\n|-damage|p2a: Rotom|95/100|[from] Sandstorm\n|-damage|p1a: Sinistcha|8/100|[from] Sandstorm\n|-damage|p1b: Snorlax|12/100|[from] Sandstorm\n|-heal|p1b: Snorlax|18/100|[from] item: Leftovers\n|upkeep\n|turn|4\n|l|\u2606kingbriddz\n|player|p1|\n|inactive|Battle timer is ON: inactive players will automatically lose when time's up. (requested by zind)\n|j|\u2606kingbriddz\n|inactive|kingbriddz reconnected and has 90 seconds left.\n|player|p1|kingbriddz|266|\n|\n|t:|1776161468\n|switch|p1a: Hawlucha|Hawlucha-Mega, L50, M|33/100\n|move|p1b: Snorlax|Protect|p1b: Snorlax\n|-singleturn|p1b: Snorlax|Protect\n|move|p2a: Rotom|Thunderbolt|p1a: Hawlucha\n|-supereffective|p1a: Hawlucha|1\n|-damage|p1a: Hawlucha|0 fnt\n|faint|p1a: Hawlucha\n|move|p2b: Corviknight|Brave Bird|p1b: Snorlax\n|-activate|p1b: Snorlax|move: Protect\n|\n|-weather|Sandstorm|[upkeep]\n|-damage|p2a: Rotom|89/100|[from] Sandstorm\n|-damage|p1b: Snorlax|12/100|[from] Sandstorm\n|-heal|p1b: Snorlax|18/100|[from] item: Leftovers\n|upkeep\n|\n|t:|1776161485\n|switch|p1a: Sinistcha|Sinistcha-Masterpiece, L50|8/100\n|-heal|p1b: Snorlax|42/100|[from] ability: Hospitality|[of] p1a: Sinistcha\n|turn|5\n|\n|t:|1776161497\n|move|p1a: Sinistcha|Protect|p1a: Sinistcha\n|-singleturn|p1a: Sinistcha|Protect\n|move|p2b: Corviknight|Protect|p2b: Corviknight\n|-singleturn|p2b: Corviknight|Protect\n|move|p2a: Rotom|Thunderbolt|p1a: Sinistcha\n|-activate|p1a: Sinistcha|move: Protect\n|move|p1b: Snorlax|Fissure|p2b: Corviknight\n|-activate|p2b: Corviknight|move: Protect\n|\n|-weather|Sandstorm|[upkeep]\n|-damage|p2a: Rotom|83/100|[from] Sandstorm\n|-damage|p1a: Sinistcha|2/100|[from] Sandstorm\n|-damage|p1b: Snorlax|37/100|[from] Sandstorm\n|-heal|p1b: Snorlax|42/100|[from] item: Leftovers\n|upkeep\n|turn|6\n|inactive|zind has 30 seconds left.\n|\n|t:|1776161523\n|move|p2a: Rotom|Hydro Pump|p1b: Snorlax\n|-damage|p1b: Snorlax|8/100\n|move|p1a: Sinistcha|Matcha Gotcha|p2a: Rotom|[spread] p2a,p2b\n|-supereffective|p2a: Rotom|1\n|-resisted|p2b: Corviknight|2\n|-damage|p2a: Rotom|32/100\n|-heal|p1a: Sinistcha|28/100|[from] drain|[of] p2a: Rotom\n|-damage|p2b: Corviknight|38/100\n|-heal|p1a: Sinistcha|32/100|[from] drain|[of] p2b: Corviknight\n|-status|p2a: Rotom|brn\n|-enditem|p2a: Rotom|Sitrus Berry|[eat]\n|-heal|p2a: Rotom|57/100 brn|[from] item: Sitrus Berry\n|move|p2b: Corviknight|Iron Head|p1b: Snorlax\n|-damage|p1b: Snorlax|0 fnt\n|faint|p1b: Snorlax\n|\n|-weather|none\n|-damage|p2a: Rotom|51/100 brn|[from] brn\n|upkeep\n|\n|t:|1776161544\n|switch|p1b: Rotom|Rotom-Wash, L50|100/100\n|turn|7\n|\n|t:|1776161558\n|move|p1b: Rotom|Thunderbolt|p2a: Rotom\n|-damage|p2a: Rotom|19/100 brn\n|move|p2a: Rotom|Thunderbolt|p1b: Rotom\n|-damage|p1b: Rotom|64/100\n|move|p1a: Sinistcha|Matcha Gotcha|p2b: Corviknight|[spread] p2a,p2b\n|-supereffective|p2a: Rotom|1\n|-resisted|p2b: Corviknight|2\n|-damage|p2a: Rotom|0 fnt\n|-heal|p1a: Sinistcha|41/100|[from] drain|[of] p2a: Rotom\n|-damage|p2b: Corviknight|33/100\n|-heal|p1a: Sinistcha|44/100|[from] drain|[of] p2b: Corviknight\n|faint|p2a: Rotom\n|move|p2b: Corviknight|Brave Bird|p1a: Sinistcha\n|-supereffective|p1a: Sinistcha|1\n|-damage|p1a: Sinistcha|0 fnt\n|faint|p1a: Sinistcha\n|-damage|p2b: Corviknight|21/100|[from] Recoil\n|\n|upkeep\n|turn|8\n|-message|zind forfeited.\n|\n|win|kingbriddz\n|raw|kingbriddz's rating: 1109 &rarr; <strong>1135</strong><br />(+26 for winning)\n|raw|zind's rating: 1122 &rarr; <strong>1096</strong><br />(-26 for losing)\n|l|\u2606zind\n|player|p2|\n|c|\u2606kingbriddz|Gg\n",
  "uploadtime": 1776161582,
  "views": 16,
  "formatid": "gen9championsvgc2026regma",
  "rating": 1096,
  "private": 0,
  "password": null
}