{
  "id": "gen9championsvgc2026regma-2588840764",
  "format": "[Gen 9 Champions] VGC 2026 Reg M-A",
  "players": [
    "Mask4M",
    "xRamii"
  ],
  "log": "|j|\u2606Mask4M\n|j|\u2606xRamii\n|t:|1776677314\n|gametype|doubles\n|player|p1|Mask4M|169|1319\n|player|p2|xRamii|veteran|1380\n|gen|9\n|tier|[Gen 9 Champions] VGC 2026 Reg M-A\n|rated|\n|rule|Species Clause: Limit one of each Pok\u00e9mon\n|rule|Item Clause: Limit 1 of each item\n|clearpoke\n|poke|p1|Glimmora, L50, M|\n|poke|p1|Hydreigon, L50, F|\n|poke|p1|Sneasler, L50, M|\n|poke|p1|Incineroar, L50, F|\n|poke|p1|Whimsicott, L50, F|\n|poke|p1|Rotom-Wash, L50|\n|poke|p2|Garchomp, L50, M, shiny|\n|poke|p2|Rotom-Wash, L50, shiny|\n|poke|p2|Aegislash, L50, F, shiny|\n|poke|p2|Charizard, L50, M, shiny|\n|poke|p2|Aerodactyl, L50, F|\n|poke|p2|Sneasler, L50, F|\n|teampreview|4\n|inactive|Battle timer is ON: inactive players will automatically lose when time's up. (requested by Mask4M)\n|inactive|Mask4M has 60 seconds left.\n|inactive|xRamii has 60 seconds left.\n|\n|t:|1776677374\n|teamsize|p1|4\n|teamsize|p2|4\n|start\n|switch|p1a: Glimmora|Glimmora, L50, M|100/100\n|switch|p1b: Whimsicott|Whimsicott, L50, F|100/100\n|switch|p2a: Rotom|Rotom-Wash, L50, shiny|100/100\n|switch|p2b: Garchomp|Garchomp, L50, M, shiny|100/100\n|turn|1\n|inactive|Mask4M has 30 seconds left.\n|inactive|xRamii has 30 seconds left.\n|\n|t:|1776677401\n|switch|p1a: Hydreigon|Hydreigon, L50, F|100/100\n|move|p2b: Garchomp|Protect|p2b: Garchomp\n|-singleturn|p2b: Garchomp|Protect\n|move|p1b: Whimsicott|Tailwind|p1b: Whimsicott\n|-sidestart|p1: Mask4M|move: Tailwind\n|move|p2a: Rotom|Volt Switch|p1a: Hydreigon\n|-resisted|p1a: Hydreigon|1\n|-damage|p1a: Hydreigon|84/100\n|\n|t:|1776677411\n|switch|p2a: Sneasler|Sneasler, L50, F|100/100|[from] Volt Switch\n|\n|upkeep\n|turn|2\n|\n|t:|1776677432\n|move|p1a: Hydreigon|Protect|p1a: Hydreigon\n|-singleturn|p1a: Hydreigon|Protect\n|move|p2a: Sneasler|Fake Out|p1b: Whimsicott\n|-damage|p1b: Whimsicott|83/100\n|cant|p1b: Whimsicott|flinch\n|move|p2b: Garchomp|Dragon Claw|p1a: Hydreigon\n|-activate|p1a: Hydreigon|move: Protect\n|\n|upkeep\n|turn|3\n|\n|t:|1776677454\n|move|p2b: Garchomp|Protect|p2b: Garchomp\n|-singleturn|p2b: Garchomp|Protect\n|move|p1b: Whimsicott|Encore|p2a: Sneasler\n|-start|p2a: Sneasler|Encore\n|move|p2a: Sneasler|Fake Out||[still]\n|-hint|Fake Out only works on your first turn out.\n|-fail|p2a: Sneasler\n|move|p1a: Hydreigon|Draco Meteor|p2b: Garchomp\n|-activate|p2b: Garchomp|move: Protect\n|\n|upkeep\n|turn|4\n|\n|t:|1776677478\n|switch|p1b: Glimmora|Glimmora, L50, M|100/100\n|switch|p2a: Rotom|Rotom-Wash, L50, shiny|100/100\n|switch|p2b: Aegislash|Aegislash, L50, F, shiny|100/100\n|move|p1a: Hydreigon|Protect||[still]\n|-fail|p1a: Hydreigon\n|\n|-sideend|p1: Mask4M|move: Tailwind\n|upkeep\n|turn|5\n|inactive|Mask4M has 30 seconds left.\n|inactive|Mask4M has 20 seconds left.\n|\n|t:|1776677517\n|switch|p1b: Incineroar|Incineroar, L50, F|100/100\n|-ability|p1b: Incineroar|Intimidate|boost\n|-unboost|p2a: Rotom|atk|1\n|-unboost|p2b: Aegislash|atk|1\n|move|p2a: Rotom|Hydro Pump|p1b: Incineroar\n|-supereffective|p1b: Incineroar|1\n|-damage|p1b: Incineroar|10/100\n|-enditem|p1b: Incineroar|Sitrus Berry|[eat]\n|-heal|p1b: Incineroar|35/100|[from] item: Sitrus Berry\n|move|p1a: Hydreigon|Dark Pulse|p2b: Aegislash\n|-supereffective|p2b: Aegislash|1\n|-damage|p2b: Aegislash|31/100\n|-formechange|p2b: Aegislash|Aegislash-Blade|\n|move|p2b: Aegislash|Close Combat|p1a: Hydreigon\n|-supereffective|p1a: Hydreigon|1\n|-enditem|p1a: Hydreigon|Chople Berry|[eat]\n|-enditem|p1a: Hydreigon|Chople Berry|[weaken]\n|-damage|p1a: Hydreigon|53/100\n|-unboost|p2b: Aegislash|def|1\n|-unboost|p2b: Aegislash|spd|1\n|\n|upkeep\n|turn|6\n|inactive|Mask4M has 30 seconds left.\n|inactive|xRamii has 30 seconds left.\n|inactive|Mask4M has 20 seconds left.\n|\n|t:|1776677557\n|move|p1b: Incineroar|Fake Out|p2a: Rotom\n|-damage|p2a: Rotom|88/100\n|cant|p2a: Rotom|flinch\n|move|p1a: Hydreigon|Draco Meteor|p2b: Aegislash\n|-resisted|p2b: Aegislash|1\n|-damage|p2b: Aegislash|0 fnt\n|-unboost|p1a: Hydreigon|spa|2\n|faint|p2b: Aegislash\n|\n|upkeep\n|\n|t:|1776677570\n|switch|p2b: Garchomp|Garchomp, L50, M, shiny|100/100\n|turn|7\n|l|\u2606Mask4M\n|inactive|Mask4M disconnected and has a minute to reconnect!\n|player|p1|\n|j|\u2606Mask4M\n|inactive|Mask4M reconnected and has 50 seconds left.\n|player|p1|Mask4M|169|\n|\n|t:|1776677591\n|move|p1a: Hydreigon|Protect|p1a: Hydreigon\n|-singleturn|p1a: Hydreigon|Protect\n|move|p2a: Rotom|Hydro Pump|p1b: Incineroar|[miss]\n|-miss|p2a: Rotom|p1b: Incineroar\n|move|p2b: Garchomp|Dragon Claw|p1a: Hydreigon\n|-activate|p1a: Hydreigon|move: Protect\n|move|p1b: Incineroar|Parting Shot|p2b: Garchomp\n|-unboost|p2b: Garchomp|atk|1\n|-unboost|p2b: Garchomp|spa|1\n|\n|t:|1776677603\n|switch|p1b: Whimsicott|Whimsicott, L50, F|83/100|[from] Parting Shot\n|\n|upkeep\n|turn|8\n|inactive|xRamii has 30 seconds left.\n|\n|t:|1776677638\n|switch|p2b: Sneasler|Sneasler, L50, F|100/100\n|switch|p1a: Incineroar|Incineroar, L50, F|35/100\n|-ability|p1a: Incineroar|Intimidate|boost\n|-unboost|p2a: Rotom|atk|1\n|-unboost|p2b: Sneasler|atk|1\n|-enditem|p2b: Sneasler|White Herb\n|-clearnegativeboost|p2b: Sneasler|[silent]\n|move|p1b: Whimsicott|Tailwind|p1b: Whimsicott\n|-sidestart|p1: Mask4M|move: Tailwind\n|move|p2a: Rotom|Hydro Pump|p1b: Whimsicott\n|-resisted|p1b: Whimsicott|1\n|-damage|p1b: Whimsicott|52/100\n|\n|upkeep\n|turn|9\n|inactive|Mask4M has 30 seconds left.\n|inactive|Mask4M has 20 seconds left.\n|inactive|Mask4M has 15 seconds left.\n|inactive|Mask4M has 10 seconds left.\n|inactive|xRamii has 30 seconds left.\n|inactive|Mask4M has 5 seconds left.\n|\n|t:|1776677692\n|switch|p1b: Glimmora|Glimmora, L50, M|100/100\n|move|p1a: Incineroar|Fake Out|p2a: Rotom\n|-damage|p2a: Rotom|75/100\n|move|p2b: Sneasler|Dire Claw|p1b: Glimmora\n|-resisted|p1b: Glimmora|2\n|-damage|p1b: Glimmora|87/100\n|-activate|p1b: Glimmora|ability: Toxic Debris\n|-sidestart|p2: xRamii|move: Toxic Spikes\n|cant|p2a: Rotom|flinch\n|\n|upkeep\n|turn|10\n|inactive|Mask4M has 30 seconds left.\n|inactive|xRamii has 30 seconds left.\n|inactive|Mask4M has 20 seconds left.\n|inactive|Mask4M has 15 seconds left.\n|inactive|Mask4M has 10 seconds left.\n|\n|t:|1776677738\n|detailschange|p1b: Glimmora|Glimmora-Mega, L50, M\n|-mega|p1b: Glimmora|Glimmora|Glimmoranite\n|move|p1b: Glimmora|Spiky Shield|p1b: Glimmora\n|-singleturn|p1b: Glimmora|move: Protect\n|move|p2b: Sneasler|Dire Claw|p1a: Incineroar\n|-damage|p1a: Incineroar|5/100\n|move|p2a: Rotom|Hydro Pump|p1b: Glimmora\n|-activate|p1b: Glimmora|move: Protect\n|move|p1a: Incineroar|Flare Blitz|p2b: Sneasler\n|-damage|p2b: Sneasler|23/100\n|-damage|p1a: Incineroar|0 fnt|[from] Recoil\n|faint|p1a: Incineroar\n|\n|upkeep\n|\n|t:|1776677753\n|switch|p1a: Whimsicott|Whimsicott, L50, F|52/100\n|turn|11\n|inactive|Mask4M has 30 seconds left.\n|\n|t:|1776677782\n|switch|p1b: Hydreigon|Hydreigon, L50, F|53/100\n|move|p2b: Sneasler|Dire Claw|p1a: Whimsicott\n|-supereffective|p1a: Whimsicott|2\n|-damage|p1a: Whimsicott|0 fnt\n|faint|p1a: Whimsicott\n|move|p2a: Rotom|Hydro Pump|p1b: Hydreigon|[miss]\n|-miss|p2a: Rotom|p1b: Hydreigon\n|\n|-sideend|p1: Mask4M|move: Tailwind\n|upkeep\n|\n|t:|1776677791\n|switch|p1a: Glimmora|Glimmora-Mega, L50, M|87/100\n|turn|12\n|\n|t:|1776677805\n|move|p1b: Hydreigon|Protect|p1b: Hydreigon\n|-singleturn|p1b: Hydreigon|Protect\n|move|p2b: Sneasler|Close Combat|p1b: Hydreigon\n|-activate|p1b: Hydreigon|move: Protect\n|move|p2a: Rotom|Hydro Pump|p1a: Glimmora\n|-supereffective|p1a: Glimmora|1\n|-damage|p1a: Glimmora|0 fnt\n|faint|p1a: Glimmora\n|\n|upkeep\n|turn|13\n|\n|t:|1776677816\n|move|p2b: Sneasler|Close Combat|p1b: Hydreigon\n|-supereffective|p1b: Hydreigon|1\n|-damage|p1b: Hydreigon|0 fnt\n|-unboost|p2b: Sneasler|def|1\n|-unboost|p2b: Sneasler|spd|1\n|faint|p1b: Hydreigon\n|\n|win|xRamii\n|raw|Mask4M's rating: 1319 &rarr; <strong>1302</strong><br />(-17 for losing)\n|raw|xRamii's rating: 1380 &rarr; <strong>1397</strong><br />(+17 for winning)\n|l|\u2606xRamii\n|player|p2|\n",
  "uploadtime": 1776677827,
  "views": 11,
  "formatid": "gen9championsvgc2026regma",
  "rating": 1302,
  "private": 0,
  "password": null
}