{
  "id": "gen9championsvgc2026regma-2588749778",
  "format": "[Gen 9 Champions] VGC 2026 Reg M-A",
  "players": [
    "Anditto612",
    "Nep5DS"
  ],
  "log": "|j|\u2606Anditto612\n|j|\u2606Nep5DS\n|t:|1776665794\n|gametype|doubles\n|player|p1|Anditto612|266|1111\n|player|p2|Nep5DS|swimmerf|1032\n|gen|9\n|tier|[Gen 9 Champions] VGC 2026 Reg M-A\n|rated|\n|rule|Species Clause: Limit one of each Pok\u00e9mon\n|rule|Item Clause: Limit 1 of each item\n|clearpoke\n|poke|p1|Typhlosion-Hisui, L50, M|\n|poke|p1|Whimsicott, L50, F|\n|poke|p1|Garchomp, L50, M|\n|poke|p1|Farigiraf, L50, F|\n|poke|p1|Primarina, L50, F|\n|poke|p1|Venusaur, L50, M|\n|poke|p2|Garchomp, L50, M|\n|poke|p2|Incineroar, L50, F|\n|poke|p2|Tyranitar, L50, M|\n|poke|p2|Talonflame, L50, F|\n|poke|p2|Gardevoir, L50, F|\n|poke|p2|Sneasler, L50, F|\n|teampreview|4\n|\n|t:|1776665827\n|teamsize|p1|4\n|teamsize|p2|4\n|start\n|switch|p1a: Whimsicott|Whimsicott, L50, F|100/100\n|switch|p1b: Garchomp|Garchomp, L50, M|100/100\n|switch|p2a: Sneasler|Sneasler, L50, F|100/100\n|switch|p2b: Garchomp|Garchomp, L50, M|100/100\n|turn|1\n|\n|t:|1776665855\n|move|p1b: Garchomp|Protect|p1b: Garchomp\n|-singleturn|p1b: Garchomp|Protect\n|move|p2a: Sneasler|Fake Out|p1a: Whimsicott\n|-damage|p1a: Whimsicott|78/100\n|cant|p1a: Whimsicott|flinch\n|move|p2b: Garchomp|Dragon Claw|p1b: Garchomp\n|-activate|p1b: Garchomp|move: Protect\n|\n|upkeep\n|turn|2\n|\n|t:|1776665878\n|switch|p2a: Tyranitar|Tyranitar, L50, M|100/100\n|-weather|Sandstorm|[from] ability: Sand Stream|[of] p2a: Tyranitar\n|switch|p1b: Razor|Venusaur, L50, M|100/100\n|move|p1a: Whimsicott|Moonblast|p2b: Garchomp\n|-supereffective|p2b: Garchomp|1\n|-damage|p2b: Garchomp|25/100\n|move|p2b: Garchomp|Dragon Claw|p1b: Razor\n|-damage|p1b: Razor|52/100\n|\n|-weather|Sandstorm|[upkeep]\n|-damage|p1a: Whimsicott|72/100|[from] Sandstorm\n|-damage|p1b: Razor|46/100|[from] Sandstorm\n|upkeep\n|turn|3\n|\n|t:|1776665908\n|switch|p2b: Talonflame|Talonflame, L50, F|100/100\n|move|p1a: Whimsicott|Tailwind|p1a: Whimsicott\n|-sidestart|p1: Anditto612|move: Tailwind\n|move|p1b: Razor|Giga Drain|p2b: Talonflame\n|-resisted|p2b: Talonflame|2\n|-damage|p2b: Talonflame|89/100\n|-heal|p1b: Razor|51/100|[from] drain|[of] p2b: Talonflame\n|move|p2a: Tyranitar|Stealth Rock|p1b: Razor\n|-sidestart|p1: Anditto612|move: Stealth Rock\n|\n|-weather|Sandstorm|[upkeep]\n|-damage|p1a: Whimsicott|66/100|[from] Sandstorm\n|-damage|p1b: Razor|45/100|[from] Sandstorm\n|-damage|p2b: Talonflame|84/100|[from] Sandstorm\n|upkeep\n|turn|4\n|\n|t:|1776665945\n|move|p2a: Tyranitar|Protect|p2a: Tyranitar\n|-singleturn|p2a: Tyranitar|Protect\n|move|p1a: Whimsicott|Moonblast|p2a: Tyranitar\n|-activate|p2a: Tyranitar|move: Protect\n|move|p1b: Razor|Sleep Powder|p2b: Talonflame\n|-status|p2b: Talonflame|slp|[from] move: Sleep Powder\n|cant|p2b: Talonflame|slp\n|\n|-weather|Sandstorm|[upkeep]\n|-damage|p1a: Whimsicott|60/100|[from] Sandstorm\n|-damage|p1b: Razor|39/100|[from] Sandstorm\n|-damage|p2b: Talonflame|78/100 slp|[from] Sandstorm\n|upkeep\n|turn|5\n|\n|t:|1776665977\n|switch|p1a: Garchomp|Garchomp, L50, M|100/100\n|-damage|p1a: Garchomp|94/100|[from] Stealth Rock\n|switch|p2a: Sneasler|Sneasler, L50, F|100/100\n|move|p1b: Razor|Giga Drain|p2a: Sneasler\n|-resisted|p2a: Sneasler|1\n|-damage|p2a: Sneasler|80/100\n|-heal|p1b: Razor|48/100|[from] drain|[of] p2a: Sneasler\n|cant|p2b: Talonflame|slp\n|\n|-weather|Sandstorm|[upkeep]\n|-damage|p1b: Razor|42/100|[from] Sandstorm\n|-damage|p2b: Talonflame|72/100 slp|[from] Sandstorm\n|-damage|p2a: Sneasler|74/100|[from] Sandstorm\n|upkeep\n|turn|6\n|\n|t:|1776666007\n|move|p2a: Sneasler|Fake Out|p1a: Garchomp|[miss]\n|-miss|p2a: Sneasler|p1a: Garchomp\n|move|p1a: Garchomp|Rock Slide|p2b: Talonflame|[spread] p2a,p2b\n|-resisted|p2a: Sneasler|1\n|-crit|p2a: Sneasler\n|-supereffective|p2b: Talonflame|2\n|-damage|p2a: Sneasler|47/100\n|-damage|p2b: Talonflame|0 fnt\n|faint|p2b: Talonflame\n|move|p1b: Razor|Leech Seed|p2a: Sneasler\n|-start|p2a: Sneasler|move: Leech Seed\n|\n|-weather|none\n|-damage|p2a: Sneasler|35/100|[from] Leech Seed|[of] p1b: Razor\n|-heal|p1b: Razor|52/100|[silent]\n|-sideend|p1: Anditto612|move: Tailwind\n|upkeep\n|\n|t:|1776666019\n|switch|p2b: Tyranitar|Tyranitar, L50, M|100/100\n|-weather|Sandstorm|[from] ability: Sand Stream|[of] p2b: Tyranitar\n|turn|7\n|\n|t:|1776666049\n|move|p1a: Garchomp|Protect|p1a: Garchomp\n|-singleturn|p1a: Garchomp|Protect\n|move|p2a: Sneasler|Close Combat|p1a: Garchomp\n|-activate|p1a: Garchomp|move: Protect\n|move|p1b: Razor|Leech Seed|p2b: Tyranitar\n|-start|p2b: Tyranitar|move: Leech Seed\n|move|p2b: Tyranitar|Rock Slide|p1a: Garchomp|[spread] p1b\n|-activate|p1a: Garchomp|move: Protect\n|-damage|p1b: Razor|26/100\n|\n|-weather|Sandstorm|[upkeep]\n|-damage|p2a: Sneasler|29/100|[from] Sandstorm\n|-damage|p1b: Razor|20/100|[from] Sandstorm\n|-damage|p2a: Sneasler|17/100|[from] Leech Seed|[of] p1b: Razor\n|-heal|p1b: Razor|30/100|[silent]\n|-damage|p2b: Tyranitar|88/100|[from] Leech Seed|[of] p1b: Razor\n|-heal|p1b: Razor|44/100|[silent]\n|upkeep\n|turn|8\n|\n|t:|1776666082\n|switch|p1a: Whimsicott|Whimsicott, L50, F|60/100\n|-damage|p1a: Whimsicott|48/100|[from] Stealth Rock\n|move|p2a: Sneasler|Close Combat|p1a: Whimsicott\n|-resisted|p1a: Whimsicott|1\n|-damage|p1a: Whimsicott|0 fnt\n|-unboost|p2a: Sneasler|def|1\n|-unboost|p2a: Sneasler|spd|1\n|faint|p1a: Whimsicott\n|-enditem|p2a: Sneasler|White Herb\n|-clearnegativeboost|p2a: Sneasler|[silent]\n|move|p1b: Razor|Sleep Powder|p2b: Tyranitar|[miss]\n|-miss|p1b: Razor|p2b: Tyranitar\n|move|p2b: Tyranitar|Rock Slide|p1b: Razor\n|-damage|p1b: Razor|3/100\n|\n|-weather|Sandstorm|[upkeep]\n|-damage|p2a: Sneasler|11/100|[from] Sandstorm\n|-damage|p1b: Razor|0 fnt|[from] Sandstorm\n|faint|p1b: Razor\n|upkeep\n|\n|t:|1776666091\n|switch|p1a: Garchomp|Garchomp, L50, M|94/100\n|switch|p1b: Primarina|Primarina, L50, F|100/100\n|-damage|p1a: Garchomp|88/100|[from] Stealth Rock\n|-damage|p1b: Primarina|88/100|[from] Stealth Rock\n|turn|9\n|\n|t:|1776666123\n|move|p1a: Garchomp|Protect|p1a: Garchomp\n|-singleturn|p1a: Garchomp|Protect\n|move|p2a: Sneasler|Dire Claw|p1b: Primarina\n|-supereffective|p1b: Primarina|1\n|-damage|p1b: Primarina|0 fnt\n|faint|p1b: Primarina\n|move|p2b: Tyranitar|Thunder Wave|p1a: Garchomp\n|-activate|p1a: Garchomp|move: Protect\n|\n|-weather|Sandstorm|[upkeep]\n|-damage|p2a: Sneasler|5/100|[from] Sandstorm\n|upkeep\n|turn|10\n|\n|t:|1776666142\n|move|p2b: Tyranitar|Protect|p2b: Tyranitar\n|-singleturn|p2b: Tyranitar|Protect\n|move|p2a: Sneasler|Dire Claw|p1a: Garchomp|[miss]\n|-miss|p2a: Sneasler|p1a: Garchomp\n|move|p1a: Garchomp|Earthquake|p2b: Tyranitar|[spread] p2a\n|-activate|p2b: Tyranitar|move: Protect\n|-supereffective|p2a: Sneasler|1\n|-damage|p2a: Sneasler|0 fnt\n|faint|p2a: Sneasler\n|\n|-weather|Sandstorm|[upkeep]\n|upkeep\n|\n|t:|1776666155\n|switch|p2a: Garchomp|Garchomp, L50, M|25/100\n|turn|11\n|\n|t:|1776666162\n|move|p2a: Garchomp|Dragon Claw|p1a: Garchomp\n|-supereffective|p1a: Garchomp|1\n|-damage|p1a: Garchomp|3/100\n|move|p1a: Garchomp|Dragon Claw|p2a: Garchomp\n|-supereffective|p2a: Garchomp|1\n|-damage|p2a: Garchomp|0 fnt\n|faint|p2a: Garchomp\n|move|p2b: Tyranitar|Rock Slide|p1a: Garchomp|[miss]\n|-miss|p2b: Tyranitar|p1a: Garchomp\n|\n|-weather|none\n|upkeep\n|turn|12\n|\n|t:|1776666173\n|move|p1a: Garchomp|Earthquake|p2b: Tyranitar\n|-supereffective|p2b: Tyranitar|1\n|-damage|p2b: Tyranitar|18/100\n|move|p2b: Tyranitar|Rock Slide|p1a: Garchomp\n|-resisted|p1a: Garchomp|1\n|-damage|p1a: Garchomp|0 fnt\n|faint|p1a: Garchomp\n|\n|win|Nep5DS\n|raw|Anditto612's rating: 1111 &rarr; <strong>1080</strong><br />(-31 for losing)\n|raw|Nep5DS's rating: 1032 &rarr; <strong>1075</strong><br />(+43 for winning)\n|c|\u2606Anditto612|Gg\n|l|\u2606Anditto612\n|player|p1|\n",
  "uploadtime": 1776666200,
  "views": 11,
  "formatid": "gen9championsvgc2026regma",
  "rating": 1075,
  "private": 0,
  "password": null
}