{
  "id": "gen9championsvgc2026regma-2586763756",
  "format": "[Gen 9 Champions] VGC 2026 Reg M-A",
  "players": [
    "adaal",
    "lerpee"
  ],
  "log": "|j|\u2606adaal\n|j|\u2606lerpee\n|t:|1776458021\n|gametype|doubles\n|player|p1|adaal|unknownf|1338\n|player|p2|lerpee|fisherman-gen4|1244\n|gen|9\n|tier|[Gen 9 Champions] VGC 2026 Reg M-A\n|rated|\n|rule|Species Clause: Limit one of each Pok\u00e9mon\n|rule|Item Clause: Limit 1 of each item\n|clearpoke\n|poke|p1|Charizard, L50, M|\n|poke|p1|Venusaur, L50, M|\n|poke|p1|Incineroar, L50, M|\n|poke|p1|Garchomp, L50, F|\n|poke|p1|Whimsicott, L50, F|\n|poke|p1|Rotom-Wash, L50|\n|poke|p2|Delphox, L50, F|\n|poke|p2|Meowscarada, L50, F|\n|poke|p2|Excadrill, L50, F|\n|poke|p2|Tyranitar, L50, F|\n|poke|p2|Talonflame, L50, F|\n|poke|p2|Primarina, L50, F|\n|teampreview|4\n|inactive|Battle timer is ON: inactive players will automatically lose when time's up. (requested by lerpee)\n|inactive|lerpee has 60 seconds left.\n|\n|t:|1776458076\n|teamsize|p1|4\n|teamsize|p2|4\n|start\n|switch|p1a: Incineroar|Incineroar, L50, M, shiny|100/100\n|switch|p1b: Venusaur|Venusaur, L50, M|100/100\n|switch|p2a: Tyranitar|Tyranitar, L50, F|100/100\n|switch|p2b: Excadrill|Excadrill, L50, F|100/100\n|-ability|p1a: Incineroar|Intimidate|boost\n|-unboost|p2a: Tyranitar|atk|1\n|-unboost|p2b: Excadrill|atk|1\n|-weather|Sandstorm|[from] ability: Sand Stream|[of] p2a: Tyranitar\n|turn|1\n|\n|t:|1776458096\n|move|p2b: Excadrill|Protect|p2b: Excadrill\n|-singleturn|p2b: Excadrill|Protect\n|move|p1a: Incineroar|Fake Out|p2b: Excadrill\n|-activate|p2b: Excadrill|move: Protect\n|move|p1b: Venusaur|Sleep Powder|p2a: Tyranitar|[miss]\n|-miss|p1b: Venusaur|p2a: Tyranitar\n|move|p2a: Tyranitar|Knock Off|p1a: Incineroar\n|-resisted|p1a: Incineroar|1\n|-damage|p1a: Incineroar|84/100\n|-enditem|p1a: Incineroar|Sitrus Berry|[from] move: Knock Off|[of] p2a: Tyranitar\n|\n|-weather|Sandstorm|[upkeep]\n|-damage|p1b: Venusaur|95/100|[from] Sandstorm\n|-damage|p1a: Incineroar|78/100|[from] Sandstorm\n|upkeep\n|turn|2\n|inactive|lerpee has 30 seconds left.\n|\n|t:|1776458130\n|switch|p2b: Meowscarada|Meowscarada, L50, F|100/100\n|switch|p1a: Rotom|Rotom-Wash, L50|100/100\n|move|p1b: Venusaur|Sleep Powder|p2a: Tyranitar|[miss]\n|-miss|p1b: Venusaur|p2a: Tyranitar\n|move|p2a: Tyranitar|Knock Off|p1b: Venusaur\n|-damage|p1b: Venusaur|49/100\n|-enditem|p1b: Venusaur|Bright Powder|[from] move: Knock Off|[of] p2a: Tyranitar\n|\n|-weather|Sandstorm|[upkeep]\n|-damage|p2b: Meowscarada|95/100|[from] Sandstorm\n|-damage|p1b: Venusaur|43/100|[from] Sandstorm\n|-damage|p1a: Rotom|95/100|[from] Sandstorm\n|-heal|p1a: Rotom|100/100|[from] item: Leftovers\n|upkeep\n|turn|3\n|n|!adaal|adaal\n|inactive|lerpee has 30 seconds left.\n|\n|t:|1776458158\n|switch|p1b: Incineroar|Incineroar, L50, M, shiny|78/100\n|-ability|p1b: Incineroar|Intimidate|boost\n|-unboost|p2a: Tyranitar|atk|1\n|-unboost|p2b: Meowscarada|atk|1\n|move|p1a: Rotom|Protect|p1a: Rotom\n|-singleturn|p1a: Rotom|Protect\n|move|p2b: Meowscarada|U-turn|p1b: Incineroar\n|-start|p2b: Meowscarada|typechange|Bug|[from] ability: Protean\n|-damage|p1b: Incineroar|57/100\n|\n|t:|1776458171\n|switch|p2b: Excadrill|Excadrill, L50, F|100/100|[from] U-turn\n|move|p2a: Tyranitar|Knock Off|p1a: Rotom\n|-activate|p1a: Rotom|move: Protect\n|\n|-weather|Sandstorm|[upkeep]\n|-damage|p1a: Rotom|95/100|[from] Sandstorm\n|-damage|p1b: Incineroar|51/100|[from] Sandstorm\n|-heal|p1a: Rotom|100/100|[from] item: Leftovers\n|upkeep\n|turn|4\n|\n|t:|1776458190\n|move|p2b: Excadrill|Protect|p2b: Excadrill\n|-singleturn|p2b: Excadrill|Protect\n|move|p1b: Incineroar|Fake Out|p2a: Tyranitar\n|-resisted|p2a: Tyranitar|1\n|-damage|p2a: Tyranitar|96/100\n|move|p1a: Rotom|Hydro Pump|p2a: Tyranitar\n|-supereffective|p2a: Tyranitar|1\n|-damage|p2a: Tyranitar|46/100\n|cant|p2a: Tyranitar|flinch\n|\n|-weather|Sandstorm|[upkeep]\n|-damage|p1a: Rotom|95/100|[from] Sandstorm\n|-damage|p1b: Incineroar|45/100|[from] Sandstorm\n|-heal|p1a: Rotom|100/100|[from] item: Leftovers\n|-heal|p2a: Tyranitar|52/100|[from] item: Leftovers\n|upkeep\n|turn|5\n|\n|t:|1776458214\n|switch|p1b: Garchomp|Garchomp, L50, F|100/100\n|detailschange|p2b: Excadrill|Excadrill-Mega, L50, F\n|-mega|p2b: Excadrill|Excadrill|Excadrite\n|move|p2b: Excadrill|Rock Slide|p1a: Rotom|[spread] p1a,p1b\n|-resisted|p1b: Garchomp|1\n|-damage|p1a: Rotom|73/100\n|-damage|p1b: Garchomp|87/100\n|move|p1a: Rotom|Hydro Pump|p2b: Excadrill\n|-supereffective|p2b: Excadrill|1\n|-damage|p2b: Excadrill|0 fnt\n|faint|p2b: Excadrill\n|move|p2a: Tyranitar|Knock Off|p1a: Rotom\n|-damage|p1a: Rotom|46/100\n|-enditem|p1a: Rotom|Leftovers|[from] move: Knock Off|[of] p2a: Tyranitar\n|\n|-weather|none\n|-heal|p2a: Tyranitar|58/100|[from] item: Leftovers\n|upkeep\n|inactive|lerpee has 30 seconds left.\n|\n|t:|1776458240\n|switch|p2b: Meowscarada|Meowscarada, L50, F|95/100\n|turn|6\n|inactive|adaal has 30 seconds left.\n|\n|t:|1776458271\n|move|p2b: Meowscarada|Knock Off|p1b: Garchomp\n|-start|p2b: Meowscarada|typechange|Dark|[from] ability: Protean\n|-damage|p1b: Garchomp|38/100\n|-damage|p2b: Meowscarada|83/100|[from] ability: Rough Skin|[of] p1b: Garchomp\n|-enditem|p1b: Garchomp|White Herb|[from] move: Knock Off|[of] p2b: Meowscarada\n|move|p1b: Garchomp|Swords Dance|p1b: Garchomp\n|-boost|p1b: Garchomp|atk|2\n|move|p1a: Rotom|Will-O-Wisp|p2b: Meowscarada\n|-status|p2b: Meowscarada|brn\n|move|p2a: Tyranitar|Crunch|p1a: Rotom\n|-damage|p1a: Rotom|25/100\n|\n|-heal|p2a: Tyranitar|63/100|[from] item: Leftovers\n|-damage|p2b: Meowscarada|77/100 brn|[from] brn\n|upkeep\n|turn|7\n|inactive|adaal has 30 seconds left.\n|inactive|lerpee has 30 seconds left.\n|\n|t:|1776458307\n|move|p1a: Rotom|Protect|p1a: Rotom\n|-singleturn|p1a: Rotom|Protect\n|move|p2b: Meowscarada|Flower Trick|p1b: Garchomp\n|-crit|p1b: Garchomp\n|-damage|p1b: Garchomp|21/100\n|move|p1b: Garchomp|Earthquake|p2a: Tyranitar|[spread] p2a,p2b\n|-activate|p1a: Rotom|move: Protect\n|-supereffective|p2a: Tyranitar|1\n|-damage|p2a: Tyranitar|0 fnt\n|-damage|p2b: Meowscarada|0 fnt\n|faint|p2a: Tyranitar\n|faint|p2b: Meowscarada\n|\n|upkeep\n|\n|t:|1776458318\n|switch|p2a: Talonflame|Talonflame, L50, F|100/100\n|turn|8\n|\n|t:|1776458325\n|switch|p1b: Incineroar|Incineroar, L50, M, shiny|45/100\n|-ability|p1b: Incineroar|Intimidate|boost\n|-unboost|p2a: Talonflame|atk|1\n|move|p2a: Talonflame|Air Slash|p1b: Incineroar\n|-damage|p1b: Incineroar|30/100\n|move|p1a: Rotom|Thunderbolt|p2a: Talonflame\n|-supereffective|p2a: Talonflame|1\n|-damage|p2a: Talonflame|5/100\n|\n|upkeep\n|turn|9\n|-message|lerpee forfeited.\n|\n|win|adaal\n",
  "uploadtime": 1776458146,
  "views": 22,
  "formatid": "gen9championsvgc2026regma",
  "rating": null,
  "private": 0,
  "password": null
}