{
  "id": "gen9championsvgc2026regma-2584508106",
  "format": "[Gen 9 Champions] VGC 2026 Reg M-A",
  "players": [
    "ericaikok",
    "Fleone"
  ],
  "log": "|j|\u2606ericaikok\n|j|\u2606Fleone\n|t:|1776265469\n|gametype|doubles\n|player|p1|ericaikok|#ptplvidazzlingdiancies|1120\n|player|p2|Fleone|roughneck-gen4|1207\n|gen|9\n|tier|[Gen 9 Champions] VGC 2026 Reg M-A\n|rated|\n|rule|Species Clause: Limit one of each Pok\u00e9mon\n|rule|Item Clause: Limit 1 of each item\n|clearpoke\n|poke|p1|Decidueye-Hisui, L50, F|\n|poke|p1|Incineroar, L50, M|\n|poke|p1|Chandelure, L50, F|\n|poke|p1|Slowking-Galar, L50, F|\n|poke|p1|Sinistcha-Masterpiece, L50|\n|poke|p1|Azumarill, L50, M|\n|poke|p2|Delphox, L50, M|\n|poke|p2|Floette-Eternal, L50, F|\n|poke|p2|Kingambit, L50, F|\n|poke|p2|Aerodactyl, L50, M|\n|poke|p2|Basculegion, L50, M|\n|poke|p2|Sneasler, L50, F|\n|teampreview|4\n|inactive|Battle timer is ON: inactive players will automatically lose when time's up. (requested by Fleone)\n|inactive|ericaikok also wants the timer to be on.\n|inactive|ericaikok has 60 seconds left.\n|inactive|Fleone has 60 seconds left.\nFleone has agreed to open team sheets.\n|inactive|Fleone has 30 seconds left.\n|\n|t:|1776265530\n|teamsize|p1|4\n|teamsize|p2|4\n|start\n|switch|p1a: Incineroar|Incineroar, L50, M|100/100\n|switch|p1b: Slowking|Slowking-Galar, L50, F|100/100\n|switch|p2a: Aerodactyl|Aerodactyl, L50, M, shiny|100/100\n|switch|p2b: Sneasler|Sneasler, L50, F|100/100\n|-ability|p2a: Aerodactyl|Unnerve\n|-ability|p1a: Incineroar|Intimidate|boost\n|-unboost|p2a: Aerodactyl|atk|1\n|-unboost|p2b: Sneasler|atk|1\n|-enditem|p2b: Sneasler|White Herb\n|-clearnegativeboost|p2b: Sneasler|[silent]\n|turn|1\n|inactive|ericaikok has 30 seconds left.\n|\n|t:|1776265559\n|move|p2b: Sneasler|Protect|p2b: Sneasler\n|-singleturn|p2b: Sneasler|Protect\n|move|p2a: Aerodactyl|Protect|p2a: Aerodactyl\n|-singleturn|p2a: Aerodactyl|Protect\n|move|p1a: Incineroar|Protect|p1a: Incineroar\n|-singleturn|p1a: Incineroar|Protect\n|move|p1b: Slowking|Protect||[still]\n|-fail|p1b: Slowking\n|\n|upkeep\n|turn|2\n|\n|t:|1776265580\n|move|p2b: Sneasler|Close Combat|p1a: Incineroar\n|-supereffective|p1a: Incineroar|1\n|-damage|p1a: Incineroar|0 fnt\n|-unboost|p2b: Sneasler|def|1\n|-unboost|p2b: Sneasler|spd|1\n|faint|p1a: Incineroar\n|move|p2a: Aerodactyl|Tailwind|p2a: Aerodactyl\n|-sidestart|p2: Fleone|move: Tailwind\n|move|p1b: Slowking|Trick Room|p1b: Slowking\n|-fieldstart|move: Trick Room|[of] p1b: Slowking\n|\n|upkeep\n|\n|t:|1776265596\n|switch|p1a: Chandelure|Chandelure, L50, F|100/100\n|turn|3\n|\n|t:|1776265616\n|detailschange|p1a: Chandelure|Chandelure-Mega, L50, F\n|-mega|p1a: Chandelure|Chandelure|Chandelurite\n|move|p1b: Slowking|Sludge Bomb|p2a: Aerodactyl\n|-resisted|p2a: Aerodactyl|1\n|-damage|p2a: Aerodactyl|76/100\n|move|p1a: Chandelure|Heat Wave|p2a: Aerodactyl|[spread] p2a,p2b\n|-resisted|p2a: Aerodactyl|1\n|-damage|p2a: Aerodactyl|38/100\n|-damage|p2b: Sneasler|0 fnt\n|faint|p2b: Sneasler\n|move|p2a: Aerodactyl|Rock Slide|p1b: Slowking|[spread] p1b\n|-miss|p2a: Aerodactyl|p1a: Chandelure\n|-damage|p1b: Slowking|84/100\n|\n|-heal|p1b: Slowking|90/100|[from] item: Leftovers\n|upkeep\n|\n|t:|1776265630\n|switch|p2b: Basculegion|Basculegion, L50, M, shiny|100/100\n|turn|4\n|inactive|ericaikok has 30 seconds left.\n|\n|t:|1776265658\n|move|p2b: Basculegion|Aqua Jet|p1a: Chandelure\n|-supereffective|p1a: Chandelure|1\n|-damage|p1a: Chandelure|41/100\n|move|p1b: Slowking|Sunny Day|p1b: Slowking\n|-weather|SunnyDay\n|move|p1a: Chandelure|Shadow Ball|p2b: Basculegion\n|-supereffective|p2b: Basculegion|1\n|-damage|p2b: Basculegion|0 fnt\n|faint|p2b: Basculegion\n|move|p2a: Aerodactyl|Rock Slide|p1b: Slowking|[spread] p1a\n|-miss|p2a: Aerodactyl|p1b: Slowking\n|-supereffective|p1a: Chandelure|1\n|-damage|p1a: Chandelure|7/100\n|\n|-weather|SunnyDay|[upkeep]\n|-heal|p1b: Slowking|96/100|[from] item: Leftovers\n|upkeep\n|\n|t:|1776265669\n|switch|p2b: Floette|Floette-Eternal, L50, F, shiny|100/100\n|turn|5\n|\n|t:|1776265678\n|detailschange|p2b: Floette|Floette-Mega, L50, F, shiny\n|-mega|p2b: Floette|Floette|Floettite\n|-ability|p2b: Floette|Fairy Aura\n|move|p2a: Aerodactyl|Protect|p2a: Aerodactyl\n|-singleturn|p2a: Aerodactyl|Protect\n|move|p1b: Slowking|Sludge Bomb|p2b: Floette\n|-supereffective|p2b: Floette|1\n|-damage|p2b: Floette|53/100\n|-status|p2b: Floette|psn\n|move|p1a: Chandelure|Heat Wave|p2b: Floette|[spread] p2b\n|-activate|p2a: Aerodactyl|move: Protect\n|-damage|p2b: Floette|4/100 psn\n|move|p2b: Floette|Calm Mind|p2b: Floette\n|-boost|p2b: Floette|spa|1\n|-boost|p2b: Floette|spd|1\n|\n|-weather|SunnyDay|[upkeep]\n|-heal|p1b: Slowking|100/100|[from] item: Leftovers\n|-damage|p2b: Floette|0 fnt|[from] psn\n|faint|p2b: Floette\n|-sideend|p2: Fleone|move: Tailwind\n|upkeep\n|turn|6\n|-message|Fleone forfeited.\n|\n|win|ericaikok\n|raw|ericaikok's rating: 1120 &rarr; <strong>1151</strong><br />(+31 for winning)\n|raw|Fleone's rating: 1207 &rarr; <strong>1176</strong><br />(-31 for losing)\n|l|\u2606Fleone\n|player|p2|\n",
  "uploadtime": 1776265697,
  "views": 19,
  "formatid": "gen9championsvgc2026regma",
  "rating": 1151,
  "private": 0,
  "password": null
}