{
  "id": "gen9championsvgc2026regma-2582250830",
  "format": "[Gen 9 Champions] VGC 2026 Reg M-A",
  "players": [
    "faric",
    "Pigcosmos"
  ],
  "log": "|j|\u2606faric\n|j|\u2606Pigcosmos\n|t:|1776076192\n|gametype|doubles\n|player|p1|faric|170|1167\n|player|p2|Pigcosmos|scientist-gen4|1088\n|gen|9\n|tier|[Gen 9 Champions] VGC 2026 Reg M-A\n|rated|\n|rule|Species Clause: Limit one of each Pok\u00e9mon\n|rule|Item Clause: Limit 1 of each item\n|clearpoke\n|poke|p1|Charizard, L50, M|\n|poke|p1|Venusaur, L50, F|\n|poke|p1|Garchomp, L50, M|\n|poke|p1|Rotom-Wash, L50|\n|poke|p1|Incineroar, L50, M|\n|poke|p1|Sneasler, L50, M|\n|poke|p2|Incineroar, L50, F|\n|poke|p2|Raichu, L50, M|\n|poke|p2|Sneasler, L50, M|\n|poke|p2|Kangaskhan, L50, F|\n|poke|p2|Weavile, L50, M|\n|poke|p2|Mr. Rime, L50, F|\n|teampreview|4\n|inactive|Battle timer is ON: inactive players will automatically lose when time's up. (requested by Pigcosmos)\n|inactive|faric has 60 seconds left.\n|inactive|Pigcosmos has 60 seconds left.\n|\n|t:|1776076241\n|teamsize|p1|4\n|teamsize|p2|4\n|start\n|switch|p1a: Charizard|Charizard, L50, M|100/100\n|switch|p1b: Venusaur|Venusaur, L50, F|100/100\n|switch|p2a: Luxolixo|Sneasler, L50, M|100/100\n|switch|p2b: Sr. Jos\u00e9|Mr. Rime, L50, F|100/100\n|turn|1\n|\n|t:|1776076264\n|move|p1a: Charizard|Protect|p1a: Charizard\n|-singleturn|p1a: Charizard|Protect\n|move|p1b: Venusaur|Protect|p1b: Venusaur\n|-singleturn|p1b: Venusaur|Protect\n|move|p2b: Sr. Jos\u00e9|Fake Out|p1b: Venusaur\n|-activate|p1b: Venusaur|move: Protect\n|move|p2a: Luxolixo|Rock Slide|p1b: Venusaur|[spread] \n|-activate|p1a: Charizard|move: Protect\n|-activate|p1b: Venusaur|move: Protect\n|\n|upkeep\n|turn|2\n|inactive|faric has 30 seconds left.\n|\n|t:|1776076291\n|switch|p2a: Tigresa|Incineroar, L50, F|100/100\n|-ability|p2a: Tigresa|Intimidate|boost\n|-unboost|p1a: Charizard|atk|1\n|-unboost|p1b: Venusaur|atk|1\n|switch|p1a: Incineroar|Incineroar, L50, M|100/100\n|-ability|p1a: Incineroar|Intimidate|boost\n|-unboost|p2a: Tigresa|atk|1\n|-unboost|p2b: Sr. Jos\u00e9|atk|1\n|move|p1b: Venusaur|Sleep Powder|p2a: Tigresa\n|-status|p2a: Tigresa|slp|[from] move: Sleep Powder\n|move|p2b: Sr. Jos\u00e9|Icy Wind|p1a: Incineroar|[spread] p1a,p1b\n|-resisted|p1a: Incineroar|1\n|-supereffective|p1b: Venusaur|1\n|-damage|p1a: Incineroar|93/100\n|-damage|p1b: Venusaur|64/100\n|-unboost|p1a: Incineroar|spe|1\n|-unboost|p1b: Venusaur|spe|1\n|\n|upkeep\n|turn|3\n|inactive|Pigcosmos has 30 seconds left.\n|\n|t:|1776076318\n|switch|p1b: Sneasler|Sneasler, L50, M|100/100\n|move|p2b: Sr. Jos\u00e9|Psychic|p1b: Sneasler\n|-supereffective|p1b: Sneasler|2\n|-damage|p1b: Sneasler|0 fnt\n|faint|p1b: Sneasler\n|cant|p2a: Tigresa|slp\n|move|p1a: Incineroar|Flare Blitz|p2b: Sr. Jos\u00e9\n|-supereffective|p2b: Sr. Jos\u00e9|1\n|-damage|p2b: Sr. Jos\u00e9|0 fnt\n|faint|p2b: Sr. Jos\u00e9\n|-damage|p1a: Incineroar|62/100|[from] Recoil\n|\n|upkeep\n|\n|t:|1776076339\n|switch|p1b: Charizard|Charizard, L50, M|100/100\n|switch|p2b: Luxolixo|Sneasler, L50, M|100/100\n|turn|4\n|\n|t:|1776076353\n|move|p1b: Charizard|Protect|p1b: Charizard\n|-singleturn|p1b: Charizard|Protect\n|move|p2b: Luxolixo|Rock Slide|p1a: Incineroar|[spread] p1a\n|-activate|p1b: Charizard|move: Protect\n|-supereffective|p1a: Incineroar|1\n|-damage|p1a: Incineroar|28/100\n|-enditem|p1a: Incineroar|Sitrus Berry|[eat]\n|-heal|p1a: Incineroar|52/100|[from] item: Sitrus Berry\n|cant|p2a: Tigresa|slp\n|move|p1a: Incineroar|Parting Shot|p2b: Luxolixo\n|-unboost|p2b: Luxolixo|atk|1\n|-unboost|p2b: Luxolixo|spa|1\n|\n|t:|1776076367\n|switch|p1a: Venusaur|Venusaur, L50, F|64/100|[from] Parting Shot\n|-enditem|p2b: Luxolixo|White Herb\n|-clearnegativeboost|p2b: Luxolixo|[silent]\n|\n|upkeep\n|turn|5\n|\n|t:|1776076389\n|switch|p1b: Incineroar|Incineroar, L50, M|52/100\n|-ability|p1b: Incineroar|Intimidate|boost\n|-unboost|p2a: Tigresa|atk|1\n|-unboost|p2b: Luxolixo|atk|1\n|move|p2b: Luxolixo|Rock Slide|p1a: Venusaur|[spread] p1a,p1b\n|-supereffective|p1b: Incineroar|1\n|-damage|p1a: Venusaur|47/100\n|-damage|p1b: Incineroar|29/100\n|cant|p1a: Venusaur|flinch\n|-curestatus|p2a: Tigresa|slp|[msg]\n|move|p2a: Tigresa|Flare Blitz|p1a: Venusaur\n|-supereffective|p1a: Venusaur|1\n|-damage|p1a: Venusaur|0 fnt\n|faint|p1a: Venusaur\n|-damage|p2a: Tigresa|89/100|[from] Recoil\n|\n|upkeep\n|\n|t:|1776076403\n|switch|p1a: Charizard|Charizard, L50, M|100/100\n|turn|6\n|\n|t:|1776076413\n|switch|p2b: Garabin bin|Raichu, L50, M|100/100\n|detailschange|p1a: Charizard|Charizard-Mega-Y, L50, M\n|-mega|p1a: Charizard|Charizard|Charizardite Y\n|-weather|SunnyDay|[from] ability: Drought|[of] p1a: Charizard\n|move|p1b: Incineroar|Fake Out|p2b: Garabin bin\n|-damage|p2b: Garabin bin|80/100\n|move|p1a: Charizard|Heat Wave|p2a: Tigresa|[spread] p2a,p2b\n|-resisted|p2a: Tigresa|1\n|-damage|p2a: Tigresa|62/100\n|-damage|p2b: Garabin bin|0 fnt\n|faint|p2b: Garabin bin\n|move|p2a: Tigresa|Snarl|p1b: Incineroar|[spread] p1a,p1b\n|-resisted|p1b: Incineroar|1\n|-damage|p1a: Charizard|87/100\n|-damage|p1b: Incineroar|23/100\n|-unboost|p1a: Charizard|spa|1\n|-unboost|p1b: Incineroar|spa|1\n|\n|-weather|SunnyDay|[upkeep]\n|upkeep\n|\n|t:|1776076431\n|switch|p2b: Luxolixo|Sneasler, L50, M|100/100\n|turn|7\n|\n|t:|1776076444\n|move|p2b: Luxolixo|Fake Out|p1b: Incineroar\n|-damage|p1b: Incineroar|11/100\n|move|p1a: Charizard|Heat Wave|p2b: Luxolixo|[spread] p2b\n|-miss|p1a: Charizard|p2a: Tigresa\n|-damage|p2b: Luxolixo|44/100\n|cant|p1b: Incineroar|flinch\n|move|p2a: Tigresa|Snarl|p1a: Charizard|[spread] p1a,p1b\n|-resisted|p1b: Incineroar|1\n|-damage|p1a: Charizard|75/100\n|-damage|p1b: Incineroar|5/100\n|-unboost|p1a: Charizard|spa|1\n|-unboost|p1b: Incineroar|spa|1\n|\n|-weather|SunnyDay|[upkeep]\n|upkeep\n|turn|8\n|\n|t:|1776076459\n|move|p1a: Charizard|Protect|p1a: Charizard\n|-singleturn|p1a: Charizard|Protect\n|move|p2b: Luxolixo|Rock Slide|p1a: Charizard|[spread] p1b\n|-activate|p1a: Charizard|move: Protect\n|-supereffective|p1b: Incineroar|1\n|-crit|p1b: Incineroar\n|-damage|p1b: Incineroar|0 fnt\n|faint|p1b: Incineroar\n|move|p2a: Tigresa|Snarl|p1a: Charizard\n|-activate|p1a: Charizard|move: Protect\n|\n|-weather|SunnyDay|[upkeep]\n|upkeep\n|turn|9\n|-message|faric forfeited.\n|\n|win|Pigcosmos\n|raw|faric's rating: 1167 &rarr; <strong>1136</strong><br />(-31 for losing)\n|raw|Pigcosmos's rating: 1088 &rarr; <strong>1121</strong><br />(+33 for winning)\n",
  "uploadtime": 1776076474,
  "views": 17,
  "formatid": "gen9championsvgc2026regma",
  "rating": 1121,
  "private": 0,
  "password": null
}