{
  "id": "gen9championsvgc2026regma-2587520669",
  "format": "[Gen 9 Champions] VGC 2026 Reg M-A",
  "players": [
    "disciple of blahaj",
    "veguita"
  ],
  "log": "|j|\u2606disciple of blahaj\n|j|\u2606veguita\n|t:|1776538882\n|gametype|doubles\n|player|p1|disciple of blahaj|jacinthe|1321\n|player|p2|veguita|101|1332\n|gen|9\n|tier|[Gen 9 Champions] VGC 2026 Reg M-A\n|rated|\n|rule|Species Clause: Limit one of each Pok\u00e9mon\n|rule|Item Clause: Limit 1 of each item\n|clearpoke\n|poke|p1|Lopunny, L50, M, shiny|\n|poke|p1|Basculegion, L50, M|\n|poke|p1|Klefki, L50, M, shiny|\n|poke|p1|Pelipper, L50, M|\n|poke|p1|Garchomp, L50, F|\n|poke|p1|Aegislash, L50, M|\n|poke|p2|Torkoal, L50, M|\n|poke|p2|Venusaur, L50, F|\n|poke|p2|Golurk, L50|\n|poke|p2|Farigiraf, L50, M|\n|poke|p2|Incineroar, L50, M|\n|poke|p2|Sneasler, L50, M|\n|teampreview|4\n|inactive|Battle timer is ON: inactive players will automatically lose when time's up. (requested by veguita)\n|\n|t:|1776538913\n|teamsize|p1|4\n|teamsize|p2|4\n|start\n|switch|p1a: Basculegion|Basculegion, L50, M|100/100\n|switch|p1b: Klefki|Klefki, L50, M, shiny|100/100\n|switch|p2a: Incineroar|Incineroar, L50, M|100/100\n|switch|p2b: Farigiraf|Farigiraf, L50, M|100/100\n|-ability|p2a: Incineroar|Intimidate|boost\n|-unboost|p1a: Basculegion|atk|1\n|-unboost|p1b: Klefki|atk|1\n|turn|1\n|\n|t:|1776538930\n|move|p2a: Incineroar|Fake Out|p1b: Klefki\n|-resisted|p1b: Klefki|1\n|-damage|p1b: Klefki|93/100\n|cant|p1b: Klefki|flinch\n|move|p1a: Basculegion|Wave Crash|p2b: Farigiraf\n|-damage|p2b: Farigiraf|47/100\n|-damage|p1a: Basculegion|80/100|[from] Recoil\n|move|p2b: Farigiraf|Trick Room|p2b: Farigiraf\n|-fieldstart|move: Trick Room|[of] p2b: Farigiraf\n|\n|upkeep\n|turn|2\n|inactive|veguita has 30 seconds left.\n|\n|t:|1776538959\n|switch|p1a: Aegislash|Aegislash, L50, M|100/100\n|move|p1b: Klefki|Substitute|p1b: Klefki\n|-start|p1b: Klefki|Substitute\n|-damage|p1b: Klefki|68/100\n|move|p2a: Incineroar|Flare Blitz|p1b: Klefki\n|-supereffective|p1b: Klefki|1\n|-end|p1b: Klefki|Substitute\n|-damage|p2a: Incineroar|94/100|[from] Recoil|[of] p1b: Klefki\n|move|p2b: Farigiraf|Twin Beam|p1a: Aegislash\n|-resisted|p1a: Aegislash|1\n|-crit|p1a: Aegislash\n|-damage|p1a: Aegislash|87/100\n|-resisted|p1a: Aegislash|1\n|-damage|p1a: Aegislash|78/100\n|-hitcount|p1a: Aegislash|2\n|\n|-heal|p1a: Aegislash|84/100|[from] item: Leftovers\n|upkeep\n|turn|3\n|inactive|disciple of blahaj has 30 seconds left.\n|\n|t:|1776538988\n|switch|p2b: Torkoal|Torkoal, L50, M|100/100\n|-weather|SunnyDay|[from] ability: Drought|[of] p2b: Torkoal\n|switch|p1b: Pelipper|Pelipper, L50, M|100/100\n|-weather|RainDance|[from] ability: Drizzle|[of] p1b: Pelipper\n|move|p1a: Aegislash|King's Shield|p1a: Aegislash\n|-singleturn|p1a: Aegislash|Protect\n|move|p2a: Incineroar|Flare Blitz|p1b: Pelipper\n|-resisted|p1b: Pelipper|1\n|-damage|p1b: Pelipper|86/100\n|-damage|p2a: Incineroar|90/100|[from] Recoil\n|\n|-weather|RainDance|[upkeep]\n|-heal|p1a: Aegislash|90/100|[from] item: Leftovers\n|upkeep\n|turn|4\n|l|\u2606disciple of blahaj\n|inactive|disciple of blahaj disconnected and has a minute to reconnect!\n|player|p1|\n|j|\u2606disciple of blahaj\n|inactive|disciple of blahaj reconnected and has 40 seconds left.\n|player|p1|disciple of blahaj|jacinthe|\n|inactive|disciple of blahaj has 30 seconds left.\n|inactive|veguita has 30 seconds left.\n|inactive|disciple of blahaj has 20 seconds left.\n|inactive|disciple of blahaj has 15 seconds left.\n|inactive|disciple of blahaj has 10 seconds left.\n|\n|t:|1776539036\n|switch|p2b: Golurk|Golurk, L50|100/100\n|switch|p1b: Klefki|Klefki, L50, M, shiny|68/100\n|-formechange|p1a: Aegislash|Aegislash-Blade|\n|move|p1a: Aegislash|Poltergeist|p2b: Golurk\n|-activate|p2b: Golurk|move: Poltergeist|Golurkite\n|-supereffective|p2b: Golurk|1\n|-damage|p2b: Golurk|0 fnt\n|faint|p2b: Golurk\n|move|p2a: Incineroar|Parting Shot|p1b: Klefki\n|-unboost|p1b: Klefki|atk|1\n|-unboost|p1b: Klefki|spa|1\n|inactive|veguita has 30 seconds left.\n|\n|t:|1776539061\n|switch|p2a: Torkoal|Torkoal, L50, M|100/100|[from] Parting Shot\n|-weather|SunnyDay|[from] ability: Drought|[of] p2a: Torkoal\n|\n|-weather|SunnyDay|[upkeep]\n|-heal|p1a: Aegislash|96/100|[from] item: Leftovers\n|upkeep\n|\n|t:|1776539065\n|switch|p2b: Incineroar|Incineroar, L50, M|90/100\n|-ability|p2b: Incineroar|Intimidate|boost\n|-unboost|p1a: Aegislash|atk|1\n|-unboost|p1b: Klefki|atk|1\n|turn|5\n|\n|t:|1776539084\n|-formechange|p1a: Aegislash|Aegislash|\n|move|p1a: Aegislash|King's Shield|p1a: Aegislash\n|-singleturn|p1a: Aegislash|Protect\n|move|p1b: Klefki|Torment|p2a: Torkoal\n|-start|p2a: Torkoal|Torment\n|move|p2a: Torkoal|Eruption|p1a: Aegislash|[spread] p1b\n|-activate|p1a: Aegislash|move: Protect\n|-supereffective|p1b: Klefki|1\n|-enditem|p1b: Klefki|Occa Berry|[eat]\n|-enditem|p1b: Klefki|Occa Berry|[weaken]\n|-damage|p1b: Klefki|0 fnt\n|faint|p1b: Klefki\n|move|p2b: Incineroar|Throat Chop|p1a: Aegislash\n|-activate|p1a: Aegislash|move: Protect\n|-unboost|p2b: Incineroar|atk|1\n|\n|-weather|SunnyDay|[upkeep]\n|-heal|p1a: Aegislash|100/100|[from] item: Leftovers\n|-fieldend|move: Trick Room\n|upkeep\n|\n|t:|1776539104\n|switch|p1b: Pelipper|Pelipper, L50, M|86/100\n|-weather|RainDance|[from] ability: Drizzle|[of] p1b: Pelipper\n|turn|6\n|\n|t:|1776539114\n|switch|p1a: Basculegion|Basculegion, L50, M|80/100\n|switch|p2a: Farigiraf|Farigiraf, L50, M|47/100\n|move|p1b: Pelipper|Muddy Water|p2a: Farigiraf|[spread] p2a,p2b\n|-supereffective|p2b: Incineroar|1\n|-damage|p2a: Farigiraf|0 fnt\n|-damage|p2b: Incineroar|13/100\n|-enditem|p2b: Incineroar|Sitrus Berry|[eat]\n|-heal|p2b: Incineroar|38/100|[from] item: Sitrus Berry\n|faint|p2a: Farigiraf\n|move|p2b: Incineroar|Throat Chop|p1a: Basculegion\n|-supereffective|p1a: Basculegion|1\n|-damage|p1a: Basculegion|13/100\n|-start|p1a: Basculegion|Throat Chop|[silent]\n|\n|-weather|RainDance|[upkeep]\n|upkeep\n|\n|t:|1776539119\n|switch|p2a: Torkoal|Torkoal, L50, M|100/100\n|-weather|SunnyDay|[from] ability: Drought|[of] p2a: Torkoal\n|turn|7\n|\n|t:|1776539132\n|switch|p1b: Aegislash|Aegislash, L50, M|100/100\n|move|p1a: Basculegion|Flip Turn|p2a: Torkoal\n|-supereffective|p2a: Torkoal|1\n|-damage|p2a: Torkoal|71/100\n|-message|veguita forfeited.\n|\n|win|disciple of blahaj\n|raw|disciple of blahaj's rating: 1321 &rarr; <strong>1342</strong><br />(+21 for winning)\n|raw|veguita's rating: 1332 &rarr; <strong>1311</strong><br />(-21 for losing)\n|l|\u2606veguita\n|player|p2|\n",
  "uploadtime": 1776539154,
  "views": 22,
  "formatid": "gen9championsvgc2026regma",
  "rating": 1311,
  "private": 0,
  "password": null
}