{
  "id": "gen9championsvgc2026regma-2581445103",
  "format": "[Gen 9 Champions] VGC 2026 Reg M-A",
  "players": [
    "anfora34",
    "NetoPeixe"
  ],
  "log": "|j|\u2606anfora34\n|j|\u2606NetoPeixe\n|t:|1776001106\n|gametype|doubles\n|player|p1|anfora34|lucas|1000\n|player|p2|NetoPeixe|hau|1000\n|gen|9\n|tier|[Gen 9 Champions] VGC 2026 Reg M-A\n|rated|\n|rule|Species Clause: Limit one of each Pok\u00e9mon\n|rule|Item Clause: Limit 1 of each item\n|clearpoke\n|poke|p1|Gengar, L50, F|\n|poke|p1|Garchomp, L50, M|\n|poke|p1|Orthworm, L50, M|\n|poke|p1|Clefable, L50, F|\n|poke|p1|Incineroar, L50, M|\n|poke|p1|Araquanid, L50, F|\n|poke|p2|Scovillain, L50, M|\n|poke|p2|Zoroark-Hisui, L50, F|\n|poke|p2|Clefable, L50, F|\n|poke|p2|Aegislash, L50, F|\n|poke|p2|Ninetales, L50, M|\n|poke|p2|Rotom-Wash, L50|\n|teampreview|4\n|inactive|Battle timer is ON: inactive players will automatically lose when time's up. (requested by NetoPeixe)\n|inactive|NetoPeixe has 60 seconds left.\n|\n|t:|1776001151\n|teamsize|p1|4\n|teamsize|p2|4\n|start\n|switch|p1a: Garchomp|Garchomp, L50, M|100/100\n|switch|p1b: Orthworm|Orthworm, L50, M|100/100\n|switch|p2a: Ninetales|Ninetales, L50, M|100/100\n|switch|p2b: Scovillain|Scovillain, L50, M, shiny|100/100\n|turn|1\n|inactive|NetoPeixe has 30 seconds left.\n|inactive|NetoPeixe has 20 seconds left.\n|inactive|NetoPeixe has 15 seconds left.\n|\n|t:|1776001192\n|detailschange|p2b: Scovillain|Scovillain-Mega, L50, M, shiny\n|-mega|p2b: Scovillain|Scovillain|Scovillainite\n|move|p2a: Ninetales|Taunt|p1b: Orthworm\n|-start|p1b: Orthworm|move: Taunt\n|move|p1a: Garchomp|Earthquake|p2b: Scovillain|[spread] p2a,p2b\n|-immune|p1b: Orthworm|[from] ability: Earth Eater\n|-damage|p2a: Ninetales|16/100\n|-damage|p2b: Scovillain|67/100\n|replace|p2a: Zoroark|Zoroark-Hisui, L50, F, shiny\n|-end|p2a: Zoroark|Illusion\n|-status|p1a: Garchomp|brn|[from] ability: Spicy Spray|[of] p2b: Scovillain\n|move|p2b: Scovillain|Super Fang|p1b: Orthworm|[miss]\n|-miss|p2b: Scovillain|p1b: Orthworm\n|cant|p1b: Orthworm|move: Taunt|Shed Tail\n|\n|-damage|p1a: Garchomp|95/100 brn|[from] brn\n|upkeep\n|turn|2\n|inactive|NetoPeixe has 30 seconds left.\n|\n|t:|1776001219\n|switch|p1b: Clefable|Clefable, L50, F|100/100\n|move|p2a: Zoroark|Icy Wind|p1a: Garchomp|[spread] p1a,p1b\n|-supereffective|p1a: Garchomp|2\n|-damage|p1a: Garchomp|34/100 brn\n|-damage|p1b: Clefable|89/100\n|-unboost|p1a: Garchomp|spe|1\n|-unboost|p1b: Clefable|spe|1\n|move|p1a: Garchomp|Earthquake|p2b: Scovillain|[spread] p1b,p2a,p2b\n|-damage|p1b: Clefable|70/100\n|-damage|p2a: Zoroark|0 fnt\n|-damage|p2b: Scovillain|50/100\n|faint|p2a: Zoroark\n|move|p2b: Scovillain|Temper Flare|p1b: Clefable\n|-damage|p1b: Clefable|9/100\n|-enditem|p1b: Clefable|Sitrus Berry|[eat]\n|-heal|p1b: Clefable|34/100|[from] item: Sitrus Berry\n|\n|-damage|p1a: Garchomp|28/100 brn|[from] brn\n|upkeep\n|c|\u2606anfora34|!dt temper flare\n|c|\u2606anfora34|/raw <ul class=\"utilichart\"><li class=\"result\"><span class=\"col movenamecol\"><a href=\"https://dex.pokemonshowdown.com/moves/temperflare\">Temper Flare</a></span> <span class=\"col typecol\"><img src=\"//play.pokemonshowdown.com/sprites/types/Fire.png\" alt=\"Fire\" width=\"32\" height=\"14\"><img src=\"//play.pokemonshowdown.com/sprites/categories/Physical.png\" alt=\"Physical\" width=\"32\" height=\"14\"></span> <span class=\"col labelcol\"><em>Power</em><br>75</span> <span class=\"col widelabelcol\"><em>Accuracy</em><br>100%</span> <span class=\"col pplabelcol\"><em>PP</em><br>16</span> <span class=\"col movedesccol\">Power doubles if the user's last move failed.</span> </li><li style=\"clear:both\"></li></ul>\n|c|\u2606anfora34|/raw <font size=\"1\"><font color=\"#686868\">Priority:</font> 0&nbsp;|&ThickSpace;<font color=\"#686868\">Gen:</font> 9&nbsp;|&ThickSpace;&#10003; Contact&nbsp;|&ThickSpace;<font color=\"#686868\">Z-Power:</font> 140&nbsp;|&ThickSpace;<font color=\"#686868\">Target:</font> One Adjacent Pok\u00e9mon</font>\n\n|\n|t:|1776001241\n|switch|p2a: Aegislash|Aegislash, L50, F|100/100\n|turn|3\n|\n|t:|1776001250\n|move|p2b: Scovillain|Protect|p2b: Scovillain\n|-singleturn|p2b: Scovillain|Protect\n|move|p1b: Clefable|Protect|p1b: Clefable\n|-singleturn|p1b: Clefable|Protect\n|move|p1a: Garchomp|Earthquake|p2b: Scovillain|[spread] p2a\n|-activate|p1b: Clefable|move: Protect\n|-activate|p2b: Scovillain|move: Protect\n|-supereffective|p2a: Aegislash|1\n|-damage|p2a: Aegislash|70/100\n|-formechange|p2a: Aegislash|Aegislash-Blade|\n|move|p2a: Aegislash|Iron Head|p1b: Clefable\n|-activate|p1b: Clefable|move: Protect\n|\n|-heal|p2a: Aegislash|76/100|[from] item: Leftovers\n|-damage|p1a: Garchomp|22/100 brn|[from] brn\n|upkeep\n|turn|4\n|inactive|anfora34 has 30 seconds left.\n|inactive|NetoPeixe has 30 seconds left.\n|\n|t:|1776001278\n|-formechange|p2a: Aegislash|Aegislash|\n|move|p2a: Aegislash|King's Shield|p2a: Aegislash\n|-singleturn|p2a: Aegislash|Protect\n|move|p1a: Garchomp|Earthquake|p2b: Scovillain|[spread] p1b,p2b\n|-activate|p2a: Aegislash|move: Protect\n|-damage|p1b: Clefable|14/100\n|-damage|p2b: Scovillain|33/100\n|move|p2b: Scovillain|Temper Flare|p1b: Clefable\n|-damage|p1b: Clefable|0 fnt\n|faint|p1b: Clefable\n|\n|-heal|p2a: Aegislash|82/100|[from] item: Leftovers\n|-damage|p1a: Garchomp|16/100 brn|[from] brn\n|upkeep\n|\n|t:|1776001288\n|switch|p1b: Gengar|Gengar, L50, F|100/100\n|turn|5\n|\n|t:|1776001303\n|move|p2b: Scovillain|Rage Powder|p2b: Scovillain\n|-singleturn|p2b: Scovillain|move: Rage Powder\n|-formechange|p2a: Aegislash|Aegislash-Blade|\n|move|p2a: Aegislash|Shadow Sneak|p1b: Gengar\n|-supereffective|p1b: Gengar|1\n|-damage|p1b: Gengar|21/100\n|-start|p2a: Aegislash|Disable|Shadow Sneak|[from] ability: Cursed Body|[of] p1b: Gengar\n|move|p1b: Gengar|Substitute|p1b: Gengar\n|-fail|p1b: Gengar|move: Substitute|[weak]\n|move|p1a: Garchomp|Earthquake|p2a: Aegislash|[spread] p1b,p2a,p2b\n|-supereffective|p1b: Gengar|1\n|-supereffective|p2a: Aegislash|1\n|-damage|p1b: Gengar|0 fnt\n|-damage|p2a: Aegislash|12/100\n|-damage|p2b: Scovillain|18/100\n|-start|p1a: Garchomp|Disable|Earthquake|[from] ability: Cursed Body|[of] p1b: Gengar\n|faint|p1b: Gengar\n|\n|-heal|p2a: Aegislash|18/100|[from] item: Leftovers\n|-damage|p1a: Garchomp|10/100 brn|[from] brn\n|upkeep\n|\n|t:|1776001310\n|switch|p1b: Orthworm|Orthworm, L50, M|100/100\n|turn|6\n|-message|anfora34 forfeited.\n|\n|win|NetoPeixe\n|raw|anfora34's rating: 1000 &rarr; <strong>1000</strong><br />(+0 for losing)\n|raw|NetoPeixe's rating: 1000 &rarr; <strong>1040</strong><br />(+40 for winning)\n|l|\u2606anfora34\n|player|p1|\n",
  "uploadtime": 1776001333,
  "views": 23,
  "formatid": "gen9championsvgc2026regma",
  "rating": 1000,
  "private": 0,
  "password": null
}