{
  "id": "gen9championsvgc2026regma-2581196445",
  "format": "[Gen 9 Champions] VGC 2026 Reg M-A",
  "players": [
    "lilsxooby",
    "papaya_chu"
  ],
  "log": "|j|\u2606lilsxooby\n|j|\u2606papaya_chu\n|t:|1775969578\n|gametype|doubles\n|player|p1|lilsxooby|benga|1078\n|player|p2|papaya_chu|265|1040\n|gen|9\n|tier|[Gen 9 Champions] VGC 2026 Reg M-A\n|rated|\n|rule|Species Clause: Limit one of each Pok\u00e9mon\n|rule|Item Clause: Limit 1 of each item\n|clearpoke\n|poke|p1|Glimmora, L50, M|\n|poke|p1|Gardevoir, L50, F|\n|poke|p1|Delphox, L50, F|\n|poke|p1|Aerodactyl, L50, F|\n|poke|p1|Kingambit, L50, F|\n|poke|p1|Milotic, L50, F|\n|poke|p2|Charizard, L50, M|\n|poke|p2|Kingambit, L50, M|\n|poke|p2|Aurorus, L50, F|\n|poke|p2|Clefable, L50, F|\n|poke|p2|Alakazam, L50, M|\n|poke|p2|Sableye, L50, F|\n|teampreview|4\n|c|\u2606lilsxooby|glhf!\n|\n|t:|1775969624\n|teamsize|p1|4\n|teamsize|p2|4\n|start\n|switch|p1a: Aerodactyl|Aerodactyl, L50, F|100/100\n|switch|p1b: Milotic|Milotic, L50, F|100/100\n|switch|p2a: Alakazam|Alakazam, L50, M|100/100\n|switch|p2b: Aurorus|Aurorus, L50, F|100/100\n|-ability|p1a: Aerodactyl|Unnerve\n|turn|1\n|\n|t:|1775969634\n|detailschange|p2a: Alakazam|Alakazam-Mega, L50, M\n|-mega|p2a: Alakazam|Alakazam|Alakazite\n|-ability|p2a: Alakazam|Unnerve|Trace|[from] ability: Trace|[of] p1a: Aerodactyl\n|-ability|p2a: Alakazam|Unnerve\n|move|p2a: Alakazam|Speed Swap|p2b: Aurorus\n|-activate|p2a: Alakazam|move: Speed Swap|[of] p2b: Aurorus\n|move|p2b: Aurorus|Substitute|p2b: Aurorus\n|-start|p2b: Aurorus|Substitute\n|-damage|p2b: Aurorus|76/100\n|move|p1a: Aerodactyl|Tailwind|p1a: Aerodactyl\n|-sidestart|p1: lilsxooby|move: Tailwind\n|move|p1b: Milotic|Icy Wind|p2a: Alakazam|[spread] p2a,p2b\n|-resisted|p2b: Aurorus|1\n|-activate|p2b: Aurorus|move: Substitute|[damage]\n|-damage|p2a: Alakazam|88/100\n|-unboost|p2a: Alakazam|spe|1\n|\n|upkeep\n|turn|2\n|\n|t:|1775969662\n|move|p1a: Aerodactyl|Rock Slide|p2a: Alakazam|[spread] p2a,p2b\n|-supereffective|p2b: Aurorus|1\n|-end|p2b: Aurorus|Substitute\n|-damage|p2a: Alakazam|47/100\n|move|p1b: Milotic|Scald|p2b: Aurorus\n|-supereffective|p2b: Aurorus|1\n|-damage|p2b: Aurorus|26/100\n|move|p2b: Aurorus|Hyper Voice|p1a: Aerodactyl|[spread] p1a,p1b\n|-supereffective|p1a: Aerodactyl|1\n|-resisted|p1b: Milotic|1\n|-damage|p1a: Aerodactyl|0 fnt\n|-damage|p1b: Milotic|83/100\n|faint|p1a: Aerodactyl\n|cant|p2a: Alakazam|flinch\n|\n|upkeep\n|c|\u2606lilsxooby|uh oh\n|\n|t:|1775969675\n|switch|p1a: Delphox|Delphox, L50, F|100/100\n|turn|3\n|\n|t:|1775969690\n|detailschange|p1a: Delphox|Delphox-Mega, L50, F\n|-mega|p1a: Delphox|Delphox|Delphoxite\n|move|p2b: Aurorus|Protect|p2b: Aurorus\n|-singleturn|p2b: Aurorus|Protect\n|move|p1a: Delphox|Heat Wave|p2b: Aurorus|[spread] p2a\n|-activate|p2b: Aurorus|move: Protect\n|-damage|p2a: Alakazam|4/100\n|move|p1b: Milotic|Scald|p2a: Alakazam\n|-crit|p2a: Alakazam\n|-damage|p2a: Alakazam|0 fnt\n|faint|p2a: Alakazam\n|\n|upkeep\n|\n|t:|1775969707\n|switch|p2a: Clefable|Clefable, L50, F|100/100\n|turn|4\n|\n|t:|1775969719\n|switch|p2b: Sableye|Sableye, L50, F|100/100\n|move|p1b: Milotic|Helping Hand|p1a: Delphox\n|-singleturn|p1a: Delphox|Helping Hand|[of] p1b: Milotic\n|move|p1a: Delphox|Heat Wave|p2a: Clefable|[spread] p2a,p2b\n|-damage|p2a: Clefable|42/100\n|-damage|p2b: Sableye|0 fnt\n|-enditem|p2a: Clefable|Sitrus Berry|[eat]\n|-heal|p2a: Clefable|67/100|[from] item: Sitrus Berry\n|faint|p2b: Sableye\n|move|p2a: Clefable|Moonblast|p1b: Milotic\n|-damage|p1b: Milotic|60/100\n|\n|-sideend|p1: lilsxooby|move: Tailwind\n|upkeep\n|\n|t:|1775969729\n|switch|p2b: Aurorus|Aurorus, L50, F|26/100\n|turn|5\n|\n|t:|1775969738\n|move|p1b: Milotic|Helping Hand|p1a: Delphox\n|-singleturn|p1a: Delphox|Helping Hand|[of] p1b: Milotic\n|move|p1a: Delphox|Heat Wave|p2a: Clefable|[spread] p2a,p2b\n|-damage|p2a: Clefable|4/100\n|-damage|p2b: Aurorus|0 fnt\n|faint|p2b: Aurorus\n|move|p2a: Clefable|Moonblast|p1a: Delphox\n|-resisted|p1a: Delphox|1\n|-damage|p1a: Delphox|86/100\n|\n|upkeep\n|turn|6\n|-message|papaya_chu forfeited.\n|\n|win|lilsxooby\n|raw|lilsxooby's rating: 1078 &rarr; <strong>1103</strong><br />(+25 for winning)\n|raw|papaya_chu's rating: 1040 &rarr; <strong>1026</strong><br />(-14 for losing)\n|l|\u2606papaya_chu\n|player|p2|\n",
  "uploadtime": 1775969752,
  "views": 23,
  "formatid": "gen9championsvgc2026regma",
  "rating": 1026,
  "private": 0,
  "password": null
}