{
  "id": "gen9championsvgc2026regma-2582784193",
  "format": "[Gen 9 Champions] VGC 2026 Reg M-A",
  "players": [
    "Blaublut_Oger",
    "Eesoch"
  ],
  "log": "|j|\u2606Blaublut_Oger\n|j|\u2606Eesoch\n|t:|1776113880\n|gametype|doubles\n|player|p1|Blaublut_Oger|doctor|1102\n|player|p2|Eesoch|101|1105\n|gen|9\n|tier|[Gen 9 Champions] VGC 2026 Reg M-A\n|rated|\n|rule|Species Clause: Limit one of each Pok\u00e9mon\n|rule|Item Clause: Limit 1 of each item\n|clearpoke\n|poke|p1|Charizard, L50, M|\n|poke|p1|Incineroar, L50, M|\n|poke|p1|Garchomp, L50, F|\n|poke|p1|Venusaur, L50, M|\n|poke|p1|Whimsicott, L50, M|\n|poke|p1|Kingambit, L50, F|\n|poke|p2|Noivern, L50, F|\n|poke|p2|Gyarados, L50, M|\n|poke|p2|Garchomp, L50, M|\n|poke|p2|Sneasler, L50, F|\n|poke|p2|Kingambit, L50, M|\n|poke|p2|Froslass, L50, F|\n|teampreview|4\n|inactive|Battle timer is ON: inactive players will automatically lose when time's up. (requested by Eesoch)\n|\n|t:|1776113924\n|teamsize|p1|4\n|teamsize|p2|4\n|start\n|switch|p1a: Charizard|Charizard, L50, M|100/100\n|switch|p1b: Garchomp|Garchomp, L50, F|100/100\n|switch|p2a: Sneasler|Sneasler, L50, F, shiny|100/100\n|switch|p2b: Garchomp|Garchomp, L50, M, shiny|100/100\n|turn|1\n|\n|t:|1776113939\n|move|p1b: Garchomp|Protect|p1b: Garchomp\n|-singleturn|p1b: Garchomp|Protect\n|move|p1a: Charizard|Protect|p1a: Charizard\n|-singleturn|p1a: Charizard|Protect\n|move|p2a: Sneasler|Fake Out|p1b: Garchomp\n|-activate|p1b: Garchomp|move: Protect\n|move|p2b: Garchomp|Rock Slide|p1b: Garchomp|[spread] \n|-activate|p1a: Charizard|move: Protect\n|-activate|p1b: Garchomp|move: Protect\n|\n|upkeep\n|turn|2\n|inactive|Blaublut_Oger has 30 seconds left.\n|\n|t:|1776113971\n|switch|p2a: Gyarados|Gyarados, L50, M, shiny|100/100\n|-ability|p2a: Gyarados|Intimidate|boost\n|-unboost|p1a: Charizard|atk|1\n|-unboost|p1b: Garchomp|atk|1\n|switch|p1a: Whimsicott|Whimsicott, L50, M|100/100\n|move|p2b: Garchomp|Rock Slide|p1a: Whimsicott|[spread] p1a,p1b\n|-resisted|p1b: Garchomp|1\n|-damage|p1a: Whimsicott|76/100\n|-damage|p1b: Garchomp|89/100\n|move|p1b: Garchomp|Earthquake|p2a: Gyarados|[spread] p1a,p2b\n|-immune|p2a: Gyarados\n|-resisted|p1a: Whimsicott|1\n|-damage|p1a: Whimsicott|60/100\n|-damage|p2b: Garchomp|74/100\n|\n|upkeep\n|turn|3\n|inactive|Blaublut_Oger has 30 seconds left.\n|inactive|Eesoch has 30 seconds left.\n|\n|t:|1776114003\n|move|p2b: Garchomp|Rock Slide|p1b: Garchomp|[spread] p1a,p1b\n|-resisted|p1b: Garchomp|1\n|-damage|p1a: Whimsicott|35/100\n|-damage|p1b: Garchomp|78/100\n|move|p1a: Whimsicott|Moonblast|p2b: Garchomp\n|-supereffective|p2b: Garchomp|1\n|-damage|p2b: Garchomp|11/100\n|move|p1b: Garchomp|Rock Slide|p2b: Garchomp|[spread] p2a,p2b\n|-supereffective|p2a: Gyarados|1\n|-resisted|p2b: Garchomp|1\n|-damage|p2a: Gyarados|78/100\n|-damage|p2b: Garchomp|5/100\n|move|p2a: Gyarados|Waterfall|p1b: Garchomp\n|-damage|p1b: Garchomp|37/100\n|-damage|p2a: Gyarados|65/100|[from] ability: Rough Skin|[of] p1b: Garchomp\n|\n|upkeep\n|turn|4\n|inactive|Eesoch has 30 seconds left.\n|\n|t:|1776114030\n|switch|p2b: Sneasler|Sneasler, L50, F, shiny|100/100\n|move|p1a: Whimsicott|Tailwind|p1a: Whimsicott\n|-sidestart|p1: Blaublut_Oger|move: Tailwind\n|move|p1b: Garchomp|Rock Slide|p2b: Sneasler|[spread] p2a,p2b\n|-supereffective|p2a: Gyarados|1\n|-resisted|p2b: Sneasler|1\n|-damage|p2a: Gyarados|42/100\n|-damage|p2b: Sneasler|90/100\n|-enditem|p2a: Gyarados|Sitrus Berry|[eat]\n|-heal|p2a: Gyarados|66/100|[from] item: Sitrus Berry\n|move|p2a: Gyarados|Waterfall|p1b: Garchomp\n|-damage|p1b: Garchomp|0 fnt\n|-damage|p2a: Gyarados|54/100|[from] ability: Rough Skin|[of] p1b: Garchomp\n|faint|p1b: Garchomp\n|\n|upkeep\n|\n|t:|1776114047\n|switch|p1b: Charizard|Charizard, L50, M|100/100\n|turn|5\n|\n|t:|1776114059\n|detailschange|p1b: Charizard|Charizard-Mega-Y, L50, M\n|-mega|p1b: Charizard|Charizard|Charizardite Y\n|-weather|SunnyDay|[from] ability: Drought|[of] p1b: Charizard\n|move|p2b: Sneasler|Fake Out|p1a: Whimsicott\n|-damage|p1a: Whimsicott|17/100\n|cant|p1a: Whimsicott|flinch\n|move|p1b: Charizard|Heat Wave|p2b: Sneasler|[spread] p2a\n|-miss|p1b: Charizard|p2b: Sneasler\n|-resisted|p2a: Gyarados|1\n|-damage|p2a: Gyarados|27/100\n|move|p2a: Gyarados|Thunder Wave|p1b: Charizard\n|-status|p1b: Charizard|par\n|\n|-weather|SunnyDay|[upkeep]\n|upkeep\n|turn|6\n|inactive|Blaublut_Oger has 30 seconds left.\n|inactive|Eesoch has 30 seconds left.\n|\n|t:|1776114087\n|move|p2a: Gyarados|Protect|p2a: Gyarados\n|-singleturn|p2a: Gyarados|Protect\n|move|p1a: Whimsicott|Encore|p2a: Gyarados\n|-activate|p2a: Gyarados|move: Protect\n|move|p2b: Sneasler|Dire Claw|p1a: Whimsicott\n|-supereffective|p1a: Whimsicott|2\n|-damage|p1a: Whimsicott|0 fnt\n|faint|p1a: Whimsicott\n|move|p1b: Charizard|Air Slash|p2b: Sneasler\n|-supereffective|p2b: Sneasler|1\n|-damage|p2b: Sneasler|0 fnt\n|faint|p2b: Sneasler\n|\n|-weather|SunnyDay|[upkeep]\n|upkeep\n|\n|t:|1776114104\n|switch|p1a: Venusaur|Venusaur, L50, M|100/100\n|switch|p2b: Froslass|Froslass, L50, F, shiny|100/100\n|turn|7\n|inactive|Blaublut_Oger has 30 seconds left.\n|\n|t:|1776114133\n|detailschange|p2b: Froslass|Froslass-Mega, L50, F, shiny\n|-mega|p2b: Froslass|Froslass|Froslassite\n|-weather|Snowscape|[from] ability: Snow Warning|[of] p2b: Froslass\n|move|p2b: Froslass|Protect|p2b: Froslass\n|-singleturn|p2b: Froslass|Protect\n|move|p1a: Venusaur|Sleep Powder|p2b: Froslass\n|-activate|p2b: Froslass|move: Protect\n|move|p1b: Charizard|Heat Wave|p2a: Gyarados|[spread] p2a\n|-activate|p2b: Froslass|move: Protect\n|-resisted|p2a: Gyarados|1\n|-damage|p2a: Gyarados|10/100\n|move|p2a: Gyarados|Waterfall|p1b: Charizard\n|-supereffective|p1b: Charizard|1\n|-damage|p1b: Charizard|3/100 par\n|\n|-weather|Snowscape|[upkeep]\n|-sideend|p1: Blaublut_Oger|move: Tailwind\n|upkeep\n|turn|8\n|inactive|Eesoch has 30 seconds left.\n|\n|t:|1776114168\n|move|p2b: Froslass|Blizzard|p1a: Venusaur|[spread] p1a,p1b\n|-supereffective|p1a: Venusaur|1\n|-damage|p1a: Venusaur|4/100\n|-damage|p1b: Charizard|0 fnt\n|-status|p1a: Venusaur|frz\n|faint|p1b: Charizard\n|cant|p1a: Venusaur|frz\n|move|p2a: Gyarados|Waterfall|p1a: Venusaur\n|-resisted|p1a: Venusaur|1\n|-damage|p1a: Venusaur|0 fnt\n|faint|p1a: Venusaur\n|\n|win|Eesoch\n|raw|Blaublut_Oger's rating: 1102 &rarr; <strong>1077</strong><br />(-25 for losing)\n|raw|Eesoch's rating: 1105 &rarr; <strong>1130</strong><br />(+25 for winning)\n",
  "uploadtime": 1776114180,
  "views": 26,
  "formatid": "gen9championsvgc2026regma",
  "rating": 1077,
  "private": 0,
  "password": null
}