{
  "id": "gen9championsvgc2026regma-2586055579",
  "format": "[Gen 9 Champions] VGC 2026 Reg M-A",
  "players": [
    "airpodjuniors",
    "gululuwanan"
  ],
  "log": "|j|\u2606airpodjuniors\n|j|\u2606gululuwanan\n|t:|1776394333\n|gametype|doubles\n|player|p1|airpodjuniors|102|1352\n|player|p2|gululuwanan|dawn|1382\n|gen|9\n|tier|[Gen 9 Champions] VGC 2026 Reg M-A\n|rated|\n|rule|Species Clause: Limit one of each Pok\u00e9mon\n|rule|Item Clause: Limit 1 of each item\n|clearpoke\n|poke|p1|Tyranitar, L50, F|\n|poke|p1|Garchomp, L50, M|\n|poke|p1|Primarina, L50, M|\n|poke|p1|Incineroar, L50, M|\n|poke|p1|Gardevoir, L50, M|\n|poke|p1|Sinistcha-Masterpiece, L50|\n|poke|p2|Floette-Eternal, L50, F|\n|poke|p2|Aerodactyl, L50, F|\n|poke|p2|Maushold, L50|\n|poke|p2|Incineroar, L50, F|\n|poke|p2|Garchomp, L50, F|\n|poke|p2|Kingambit, L50, F|\n|teampreview|4\n|inactive|Battle timer is ON: inactive players will automatically lose when time's up. (requested by gululuwanan)\n|inactive|airpodjuniors has 60 seconds left.\n|inactive|gululuwanan has 60 seconds left.\n|\n|t:|1776394382\n|teamsize|p1|4\n|teamsize|p2|4\n|start\n|switch|p1a: Incineroar|Incineroar, L50, M|100/100\n|switch|p1b: Sinistcha|Sinistcha-Masterpiece, L50|100/100\n|switch|p2a: Garchomp|Garchomp, L50, F, shiny|100/100\n|switch|p2b: Aerodactyl|Aerodactyl, L50, F, shiny|100/100\n|-ability|p2b: Aerodactyl|Unnerve\n|-ability|p1a: Incineroar|Intimidate|boost\n|-unboost|p2a: Garchomp|atk|1\n|-unboost|p2b: Aerodactyl|atk|1\n|-enditem|p2a: Garchomp|White Herb\n|-clearnegativeboost|p2a: Garchomp|[silent]\n|turn|1\n|\n|t:|1776394402\n|move|p1a: Incineroar|Fake Out|p2a: Garchomp\n|-damage|p2a: Garchomp|89/100\n|-damage|p1a: Incineroar|88/100|[from] ability: Rough Skin|[of] p2a: Garchomp\n|move|p2b: Aerodactyl|Tailwind|p2b: Aerodactyl\n|-sidestart|p2: gululuwanan|move: Tailwind\n|cant|p2a: Garchomp|flinch\n|move|p1b: Sinistcha|Matcha Gotcha|p2b: Aerodactyl|[spread] p2a,p2b\n|-damage|p2a: Garchomp|64/100\n|-damage|p2b: Aerodactyl|66/100\n|-status|p2b: Aerodactyl|brn\n|\n|-damage|p2b: Aerodactyl|60/100 brn|[from] brn\n|upkeep\n|turn|2\n|inactive|gululuwanan has 30 seconds left.\n|\n|t:|1776394434\n|switch|p1a: Primarina|Primarina, L50, M|100/100\n|move|p2b: Aerodactyl|Dual Wingbeat|p1b: Sinistcha\n|-supereffective|p1b: Sinistcha|1\n|-damage|p1b: Sinistcha|90/100\n|-supereffective|p1b: Sinistcha|1\n|-damage|p1b: Sinistcha|78/100\n|-hitcount|p1b: Sinistcha|2\n|move|p2a: Garchomp|Earthquake|p1b: Sinistcha|[spread] p1a,p1b\n|-immune|p2b: Aerodactyl\n|-resisted|p1b: Sinistcha|1\n|-damage|p1a: Primarina|57/100\n|-damage|p1b: Sinistcha|61/100\n|move|p1b: Sinistcha|Strength Sap|p2a: Garchomp\n|-unboost|p2a: Garchomp|atk|1\n|-heal|p1b: Sinistcha|100/100\n|\n|-damage|p2b: Aerodactyl|55/100 brn|[from] brn\n|upkeep\n|turn|3\n|inactive|gululuwanan has 30 seconds left.\n|inactive|gululuwanan has 20 seconds left.\n|inactive|gululuwanan has 15 seconds left.\n|\n|t:|1776394476\n|switch|p2b: Floette|Floette-Eternal, L50, F|100/100\n|switch|p2a: Kingambit|Kingambit, L50, F, shiny|100/100\n|move|p1b: Sinistcha|Matcha Gotcha|p2b: Floette|[spread] p2a,p2b\n|-resisted|p2a: Kingambit|1\n|-damage|p2a: Kingambit|85/100\n|-damage|p2b: Floette|80/100\n|move|p1a: Primarina|Hyper Voice|p2a: Kingambit|[spread] p2a,p2b\n|-damage|p2a: Kingambit|31/100\n|-damage|p2b: Floette|45/100\n|\n|upkeep\n|turn|4\n|inactive|gululuwanan has 30 seconds left.\n|inactive|gululuwanan has 20 seconds left.\n|inactive|gululuwanan has 15 seconds left.\n|inactive|gululuwanan has 10 seconds left.\n|\n|t:|1776394523\n|detailschange|p2b: Floette|Floette-Mega, L50, F\n|-mega|p2b: Floette|Floette|Floettite\n|-ability|p2b: Floette|Fairy Aura\n|move|p1b: Sinistcha|Rage Powder|p1b: Sinistcha\n|-singleturn|p1b: Sinistcha|move: Rage Powder\n|move|p2b: Floette|Dazzling Gleam|p1a: Primarina|[spread] p1a,p1b\n|-crit|p1b: Sinistcha\n|-damage|p1a: Primarina|14/100\n|-damage|p1b: Sinistcha|33/100\n|move|p2a: Kingambit|Kowtow Cleave|p1b: Sinistcha\n|-supereffective|p1b: Sinistcha|1\n|-damage|p1b: Sinistcha|0 fnt\n|faint|p1b: Sinistcha\n|move|p1a: Primarina|Hyper Voice|p2a: Kingambit|[spread] p2a,p2b\n|-damage|p2a: Kingambit|0 fnt\n|-damage|p2b: Floette|11/100\n|faint|p2a: Kingambit\n|\n|-sideend|p2: gululuwanan|move: Tailwind\n|upkeep\n|\n|t:|1776394544\n|switch|p2a: Aerodactyl|Aerodactyl, L50, F, shiny|55/100 brn\n|switch|p1b: Garchomp|Garchomp, L50, M|100/100\n|-ability|p2a: Aerodactyl|Unnerve\n|turn|5\n|inactive|gululuwanan has 30 seconds left.\n|inactive|gululuwanan has 20 seconds left.\n|\n|t:|1776394584\n|move|p1b: Garchomp|Protect|p1b: Garchomp\n|-singleturn|p1b: Garchomp|Protect\n|move|p2a: Aerodactyl|Tailwind|p2a: Aerodactyl\n|-sidestart|p2: gululuwanan|move: Tailwind\n|move|p2b: Floette|Dazzling Gleam|p1b: Garchomp|[spread] p1a\n|-activate|p1b: Garchomp|move: Protect\n|-damage|p1a: Primarina|0 fnt\n|faint|p1a: Primarina\n|\n|-damage|p2a: Aerodactyl|49/100 brn|[from] brn\n|upkeep\n|\n|t:|1776394593\n|switch|p1a: Incineroar|Incineroar, L50, M|88/100\n|-ability|p1a: Incineroar|Intimidate|boost\n|-unboost|p2a: Aerodactyl|atk|1\n|-unboost|p2b: Floette|atk|1\n|turn|6\n|\n|t:|1776394614\n|move|p2b: Floette|Protect|p2b: Floette\n|-singleturn|p2b: Floette|Protect\n|move|p1a: Incineroar|Fake Out|p2a: Aerodactyl\n|-resisted|p2a: Aerodactyl|1\n|-damage|p2a: Aerodactyl|39/100 brn\n|cant|p2a: Aerodactyl|flinch\n|move|p1b: Garchomp|Dragon Claw|p2b: Floette\n|-activate|p2b: Floette|move: Protect\n|\n|-damage|p2a: Aerodactyl|34/100 brn|[from] brn\n|upkeep\n|turn|7\n|\n|t:|1776394631\n|move|p1b: Garchomp|Protect|p1b: Garchomp\n|-singleturn|p1b: Garchomp|Protect\n|move|p2a: Aerodactyl|Rock Slide|p1a: Incineroar|[spread] p1a\n|-activate|p1b: Garchomp|move: Protect\n|-supereffective|p1a: Incineroar|1\n|-damage|p1a: Incineroar|71/100\n|move|p2b: Floette|Dazzling Gleam|p1b: Garchomp|[spread] p1a\n|-activate|p1b: Garchomp|move: Protect\n|-damage|p1a: Incineroar|30/100\n|move|p1a: Incineroar|Throat Chop|p2b: Floette\n|-resisted|p2b: Floette|1\n|-damage|p2b: Floette|0 fnt\n|faint|p2b: Floette\n|\n|-damage|p2a: Aerodactyl|28/100 brn|[from] brn\n|upkeep\n|\n|t:|1776394649\n|switch|p2b: Garchomp|Garchomp, L50, F, shiny|64/100\n|turn|8\n|\n|t:|1776394657\n|move|p1b: Garchomp|Protect|p1b: Garchomp\n|-singleturn|p1b: Garchomp|Protect\n|move|p2a: Aerodactyl|Rock Slide|p1a: Incineroar|[spread] p1a\n|-activate|p1b: Garchomp|move: Protect\n|-supereffective|p1a: Incineroar|1\n|-damage|p1a: Incineroar|13/100\n|move|p2b: Garchomp|Dragon Claw|p1b: Garchomp\n|-activate|p1b: Garchomp|move: Protect\n|move|p1a: Incineroar|Parting Shot|p2b: Garchomp\n|-unboost|p2b: Garchomp|atk|1\n|-unboost|p2b: Garchomp|spa|1\n|\n|-damage|p2a: Aerodactyl|22/100 brn|[from] brn\n|-sideend|p2: gululuwanan|move: Tailwind\n|upkeep\n|turn|9\n|\n|t:|1776394680\n|move|p2b: Garchomp|Protect|p2b: Garchomp\n|-singleturn|p2b: Garchomp|Protect\n|move|p2a: Aerodactyl|Tailwind|p2a: Aerodactyl\n|-sidestart|p2: gululuwanan|move: Tailwind\n|move|p1b: Garchomp|Dragon Claw|p2b: Garchomp\n|-activate|p2b: Garchomp|move: Protect\n|move|p1a: Incineroar|Throat Chop|p2a: Aerodactyl\n|-damage|p2a: Aerodactyl|0 fnt\n|-enditem|p1a: Incineroar|Sitrus Berry|[eat]\n|-heal|p1a: Incineroar|38/100|[from] item: Sitrus Berry\n|faint|p2a: Aerodactyl\n|\n|upkeep\n|turn|10\n|c|\u2606airpodjuniors|gg i got lucky with double protect\n|inactive|airpodjuniors has 30 seconds left.\n|\n|t:|1776394712\n|move|p2b: Garchomp|Earthquake|p1a: Incineroar|[spread] p1a,p1b\n|-supereffective|p1a: Incineroar|1\n|-damage|p1a: Incineroar|0 fnt\n|-damage|p1b: Garchomp|75/100\n|faint|p1a: Incineroar\n|move|p1b: Garchomp|Dragon Claw|p2b: Garchomp\n|-supereffective|p2b: Garchomp|1\n|-crit|p2b: Garchomp\n|-damage|p2b: Garchomp|0 fnt\n|-damage|p1b: Garchomp|62/100|[from] ability: Rough Skin|[of] p2b: Garchomp\n|faint|p2b: Garchomp\n|\n|win|airpodjuniors\n|raw|airpodjuniors's rating: 1352 &rarr; <strong>1374</strong><br />(+22 for winning)\n|raw|gululuwanan's rating: 1382 &rarr; <strong>1360</strong><br />(-22 for losing)\n|c|\u2606gululuwanan|sad\n",
  "uploadtime": 1776394724,
  "views": 45,
  "formatid": "gen9championsvgc2026regma",
  "rating": 1360,
  "private": 0,
  "password": null
}