{
  "id": "gen9championsvgc2026regma-2583977126",
  "format": "[Gen 9 Champions] VGC 2026 Reg M-A",
  "players": [
    "JakeTheHeadache",
    "i eat leafeon"
  ],
  "log": "|j|\u2606JakeTheHeadache\n|j|\u2606i eat leafeon\n|t:|1776213517\n|gametype|doubles\n|player|p1|JakeTheHeadache|hilbert|1198\n|player|p2|i eat leafeon|101|1262\n|gen|9\n|tier|[Gen 9 Champions] VGC 2026 Reg M-A\n|rated|\n|rule|Species Clause: Limit one of each Pok\u00e9mon\n|rule|Item Clause: Limit 1 of each item\n|clearpoke\n|poke|p1|Tyranitar, L50, M|\n|poke|p1|Hydrapple, L50, M|\n|poke|p1|Incineroar, L50, M|\n|poke|p1|Volcarona, L50, F|\n|poke|p1|Farigiraf, L50, M|\n|poke|p1|Excadrill, L50, M|\n|poke|p2|Aggron, L50, F|\n|poke|p2|Sinistcha, L50|\n|poke|p2|Farigiraf, L50, M|\n|poke|p2|Pelipper, L50, F|\n|poke|p2|Dragonite, L50, F|\n|poke|p2|Sneasler, L50, M|\n|teampreview|4\n|inactive|Battle timer is ON: inactive players will automatically lose when time's up. (requested by i eat leafeon)\n|inactive|i eat leafeon has 60 seconds left.\n|\n|t:|1776213548\n|teamsize|p1|4\n|teamsize|p2|4\n|start\n|switch|p1a: Incineroar|Incineroar, L50, M|100/100\n|switch|p1b: Farigiraf|Farigiraf, L50, M|100/100\n|switch|p2a: Aggron|Aggron, L50, F|100/100\n|switch|p2b: Farigiraf|Farigiraf, L50, M|100/100\n|-ability|p1a: Incineroar|Intimidate|boost\n|-unboost|p2a: Aggron|atk|1\n|-unboost|p2b: Farigiraf|atk|1\n|turn|1\n|\n|t:|1776213568\n|detailschange|p2a: Aggron|Aggron-Mega, L50, F\n|-mega|p2a: Aggron|Aggron|Aggronite\n|move|p1a: Incineroar|Flare Blitz|p2a: Aggron\n|-supereffective|p2a: Aggron|1\n|-damage|p2a: Aggron|56/100\n|-damage|p1a: Incineroar|87/100|[from] Recoil\n|move|p2a: Aggron|Iron Defense|p2a: Aggron\n|-boost|p2a: Aggron|def|2\n|move|p1b: Farigiraf|Trick Room|p1b: Farigiraf\n|-fieldstart|move: Trick Room|[of] p1b: Farigiraf\n|move|p2b: Farigiraf|Trick Room|p2b: Farigiraf\n|-fieldend|move: Trick Room\n|\n|upkeep\n|turn|2\n|\n|t:|1776213589\n|move|p1a: Incineroar|Parting Shot|p2a: Aggron\n|-unboost|p2a: Aggron|atk|1\n|-unboost|p2a: Aggron|spa|1\n|\n|t:|1776213593\n|switch|p1a: Hydrapple|Hydrapple, L50, M|100/100|[from] Parting Shot\n|-ability|p1a: Hydrapple|Supersweet Syrup\n|-unboost|p2a: Aggron|evasion|1\n|-unboost|p2b: Farigiraf|evasion|1\n|move|p1b: Farigiraf|Energy Ball|p2b: Farigiraf\n|-damage|p2b: Farigiraf|74/100\n|move|p2b: Farigiraf|Light Screen|p2b: Farigiraf\n|-sidestart|p2: i eat leafeon|move: Light Screen\n|move|p2a: Aggron|Body Press|p1a: Hydrapple\n|-damage|p1a: Hydrapple|33/100\n|\n|upkeep\n|turn|3\n|inactive|JakeTheHeadache has 30 seconds left.\n|\n|t:|1776213620\n|switch|p2b: Sinistcha|Sinistcha, L50|100/100\n|-heal|p2a: Aggron|81/100|[from] ability: Hospitality|[of] p2b: Sinistcha\n|move|p2a: Aggron|Body Press|p1a: Hydrapple\n|-damage|p1a: Hydrapple|0 fnt\n|faint|p1a: Hydrapple\n|move|p1b: Farigiraf|Trick Room|p1b: Farigiraf\n|-fieldstart|move: Trick Room|[of] p1b: Farigiraf\n|\n|upkeep\n|\n|t:|1776213630\n|switch|p1a: Tyranitar|Tyranitar, L50, M|100/100\n|-weather|Sandstorm|[from] ability: Sand Stream|[of] p1a: Tyranitar\n|turn|4\n|inactive|JakeTheHeadache has 30 seconds left.\n|inactive|JakeTheHeadache has 20 seconds left.\n|\n|t:|1776213667\n|switch|p1a: Incineroar|Incineroar, L50, M|87/100\n|-ability|p1a: Incineroar|Intimidate|boost\n|-unboost|p2a: Aggron|atk|1\n|-unboost|p2b: Sinistcha|atk|1\n|move|p1b: Farigiraf|Protect|p1b: Farigiraf\n|-singleturn|p1b: Farigiraf|Protect\n|move|p2b: Sinistcha|Rage Powder|p2b: Sinistcha\n|-singleturn|p2b: Sinistcha|move: Rage Powder\n|move|p2a: Aggron|Body Press|p1a: Incineroar\n|-supereffective|p1a: Incineroar|1\n|-damage|p1a: Incineroar|0 fnt\n|faint|p1a: Incineroar\n|\n|-weather|Sandstorm|[upkeep]\n|-damage|p1b: Farigiraf|94/100|[from] Sandstorm\n|-damage|p2b: Sinistcha|95/100|[from] Sandstorm\n|upkeep\n|\n|t:|1776213683\n|switch|p1a: Tyranitar|Tyranitar, L50, M|100/100\n|turn|5\n|\n|t:|1776213694\n|detailschange|p1a: Tyranitar|Tyranitar-Mega, L50, M\n|-mega|p1a: Tyranitar|Tyranitar|Tyranitarite\n|move|p2b: Sinistcha|Rage Powder|p2b: Sinistcha\n|-singleturn|p2b: Sinistcha|move: Rage Powder\n|move|p2a: Aggron|Body Press|p1a: Tyranitar\n|-supereffective|p1a: Tyranitar|2\n|-damage|p1a: Tyranitar|0 fnt\n|faint|p1a: Tyranitar\n|move|p1b: Farigiraf|Energy Ball|p2b: Sinistcha\n|-resisted|p2b: Sinistcha|1\n|-damage|p2b: Sinistcha|85/100\n|\n|-weather|Sandstorm|[upkeep]\n|-damage|p1b: Farigiraf|88/100|[from] Sandstorm\n|-damage|p2b: Sinistcha|79/100|[from] Sandstorm\n|upkeep\n|turn|6\n|\n|t:|1776213710\n|move|p2b: Sinistcha|Rage Powder|p2b: Sinistcha\n|-singleturn|p2b: Sinistcha|move: Rage Powder\n|move|p2a: Aggron|Body Press|p1b: Farigiraf\n|-damage|p1b: Farigiraf|0 fnt\n|faint|p1b: Farigiraf\n|\n|win|i eat leafeon\n|raw|JakeTheHeadache's rating: 1198 &rarr; <strong>1178</strong><br />(-20 for losing)\n|raw|i eat leafeon's rating: 1262 &rarr; <strong>1282</strong><br />(+20 for winning)\n",
  "uploadtime": 1776213719,
  "views": 17,
  "formatid": "gen9championsvgc2026regma",
  "rating": 1178,
  "private": 0,
  "password": null
}