{
  "id": "gen9championsvgc2026regma-2584104205",
  "format": "[Gen 9 Champions] VGC 2026 Reg M-A",
  "players": [
    "LovelyLizardLad",
    "BrightPaladin1234"
  ],
  "log": "|j|\u2606LovelyLizardLad\n|j|\u2606BrightPaladin1234\n|t:|1776225554\n|gametype|doubles\n|player|p1|LovelyLizardLad|red|1174\n|player|p2|BrightPaladin1234|grimsley|1228\n|gen|9\n|tier|[Gen 9 Champions] VGC 2026 Reg M-A\n|rated|\n|rule|Species Clause: Limit one of each Pok\u00e9mon\n|rule|Item Clause: Limit 1 of each item\n|clearpoke\n|poke|p1|Delphox, L50, M|\n|poke|p1|Basculegion, L50, M|\n|poke|p1|Clefable, L50, M|\n|poke|p1|Kingambit, L50, F|\n|poke|p1|Sneasler, L50, F|\n|poke|p1|Heliolisk, L50, F|\n|poke|p2|Charizard, L50, M|\n|poke|p2|Venusaur, L50, F|\n|poke|p2|Garchomp, L50, F|\n|poke|p2|Rotom-Wash, L50|\n|poke|p2|Sneasler, L50, M|\n|poke|p2|Incineroar, L50, F|\n|teampreview|4\n|j| Draco_9O\n|\n|t:|1776225600\n|teamsize|p1|4\n|teamsize|p2|4\n|start\n|switch|p1a: Sneasler|Sneasler, L50, F|100/100\n|switch|p1b: Heliolisk|Heliolisk, L50, F|100/100\n|switch|p2a: Garchomp|Garchomp, L50, F|100/100\n|switch|p2b: Rotom|Rotom-Wash, L50|100/100\n|turn|1\n|\n|t:|1776225634\n|move|p1a: Sneasler|Fake Out|p2a: Garchomp\n|-damage|p2a: Garchomp|85/100\n|-damage|p1a: Sneasler|88/100|[from] ability: Rough Skin|[of] p2a: Garchomp\n|cant|p2a: Garchomp|flinch\n|move|p1b: Heliolisk|Thunderbolt|p2b: Rotom\n|-damage|p2b: Rotom|52/100\n|move|p2b: Rotom|Hydro Pump|p1b: Heliolisk\n|-immune|p1b: Heliolisk|[from] ability: Dry Skin\n|\n|-heal|p2b: Rotom|58/100|[from] item: Leftovers\n|upkeep\n|turn|2\n|\n|t:|1776225652\n|move|p1b: Heliolisk|Protect|p1b: Heliolisk\n|-singleturn|p1b: Heliolisk|Protect\n|move|p2a: Garchomp|Earthquake|p1a: Sneasler|[spread] p1a\n|-activate|p1b: Heliolisk|move: Protect\n|-immune|p2b: Rotom|[from] ability: Levitate\n|-supereffective|p1a: Sneasler|1\n|-damage|p1a: Sneasler|0 fnt\n|faint|p1a: Sneasler\n|move|p2b: Rotom|Hydro Pump|p1b: Heliolisk\n|-activate|p1b: Heliolisk|move: Protect\n|\n|-heal|p2b: Rotom|64/100|[from] item: Leftovers\n|upkeep\n|\n|t:|1776225668\n|switch|p1a: Delphox|Delphox, L50, M|100/100\n|turn|3\n|\n|t:|1776225684\n|switch|p2a: Charizard|Charizard, L50, M|100/100\n|detailschange|p1a: Delphox|Delphox-Mega, L50, M\n|-mega|p1a: Delphox|Delphox|Delphoxite\n|move|p1a: Delphox|Psychic|p2b: Rotom\n|-damage|p2b: Rotom|6/100\n|move|p1b: Heliolisk|Sunny Day|p1b: Heliolisk\n|-weather|SunnyDay\n|move|p2b: Rotom|Volt Switch|p1a: Delphox\n|-damage|p1a: Delphox|74/100\n|\n|t:|1776225694\n|switch|p2b: Garchomp|Garchomp, L50, F|85/100|[from] Volt Switch\n|\n|-weather|SunnyDay|[upkeep]\n|-damage|p2a: Charizard|88/100|[from] ability: Solar Power|[of] p2a: Charizard\n|-damage|p1b: Heliolisk|88/100|[from] ability: Dry Skin|[of] p1b: Heliolisk\n|upkeep\n|turn|4\n|\n|t:|1776225702\n|move|p2a: Charizard|Protect|p2a: Charizard\n|-singleturn|p2a: Charizard|Protect\n|move|p1b: Heliolisk|Protect|p1b: Heliolisk\n|-singleturn|p1b: Heliolisk|Protect\n|move|p2b: Garchomp|Rock Slide|p1b: Heliolisk|[spread] p1a\n|-activate|p1b: Heliolisk|move: Protect\n|-supereffective|p1a: Delphox|1\n|-damage|p1a: Delphox|8/100\n|move|p1a: Delphox|Heat Wave|p2b: Garchomp|[spread] p2b\n|-activate|p2a: Charizard|move: Protect\n|-resisted|p2b: Garchomp|1\n|-crit|p2b: Garchomp\n|-damage|p2b: Garchomp|30/100\n|\n|-weather|SunnyDay|[upkeep]\n|-damage|p2a: Charizard|76/100|[from] ability: Solar Power|[of] p2a: Charizard\n|-damage|p1b: Heliolisk|76/100|[from] ability: Dry Skin|[of] p1b: Heliolisk\n|upkeep\n|turn|5\n|\n|t:|1776225723\n|switch|p1a: Kingambit|Kingambit, L50, F|100/100\n|switch|p2a: Rotom|Rotom-Wash, L50|6/100\n|move|p2b: Garchomp|Rock Slide|p1a: Kingambit|[spread] p1a,p1b\n|-resisted|p1a: Kingambit|1\n|-damage|p1a: Kingambit|93/100\n|-damage|p1b: Heliolisk|37/100\n|cant|p1b: Heliolisk|flinch\n|\n|-weather|SunnyDay|[upkeep]\n|-damage|p1b: Heliolisk|24/100|[from] ability: Dry Skin|[of] p1b: Heliolisk\n|-heal|p2a: Rotom|12/100|[from] item: Leftovers\n|upkeep\n|turn|6\n|\n|t:|1776225744\n|move|p1a: Kingambit|Sucker Punch|p2b: Garchomp\n|-damage|p2b: Garchomp|0 fnt\n|-damage|p1a: Kingambit|81/100|[from] ability: Rough Skin|[of] p2b: Garchomp\n|faint|p2b: Garchomp\n|move|p1b: Heliolisk|Thunderbolt|p2a: Rotom\n|-damage|p2a: Rotom|0 fnt\n|faint|p2a: Rotom\n|\n|-weather|SunnyDay|[upkeep]\n|-damage|p1b: Heliolisk|12/100|[from] ability: Dry Skin|[of] p1b: Heliolisk\n|upkeep\n|\n|t:|1776225751\n|switch|p2b: Charizard|Charizard, L50, M|76/100\n|switch|p2a: Venusaur|Venusaur, L50, F|100/100\n|turn|7\n|\n|t:|1776225775\n|move|p2b: Charizard|Protect|p2b: Charizard\n|-singleturn|p2b: Charizard|Protect\n|move|p1a: Kingambit|Protect|p1a: Kingambit\n|-singleturn|p1a: Kingambit|Protect\n|move|p2a: Venusaur|Sleep Powder|p1a: Kingambit\n|-activate|p1a: Kingambit|move: Protect\n|move|p1b: Heliolisk|Thunderbolt|p2b: Charizard\n|-activate|p2b: Charizard|move: Protect\n|\n|-weather|none\n|upkeep\n|turn|8\n|\n|t:|1776225787\n|detailschange|p2b: Charizard|Charizard-Mega-Y, L50, M\n|-mega|p2b: Charizard|Charizard|Charizardite Y\n|-weather|SunnyDay|[from] ability: Drought|[of] p2b: Charizard\n|move|p1a: Kingambit|Sucker Punch|p2b: Charizard\n|-damage|p2b: Charizard|0 fnt\n|faint|p2b: Charizard\n|move|p2a: Venusaur|Sleep Powder|p1a: Kingambit\n|-status|p1a: Kingambit|slp|[from] move: Sleep Powder\n|move|p1b: Heliolisk|Electroweb|p2a: Venusaur\n|-resisted|p2a: Venusaur|1\n|-damage|p2a: Venusaur|86/100\n|-unboost|p2a: Venusaur|spe|1\n|\n|-weather|SunnyDay|[upkeep]\n|-damage|p1b: Heliolisk|0 fnt|[from] ability: Dry Skin|[of] p1b: Heliolisk\n|faint|p1b: Heliolisk\n|upkeep\n|\n|t:|1776225796\n|switch|p1b: Delphox|Delphox-Mega, L50, M|8/100\n|turn|9\n|\n|t:|1776225824\n|move|p1b: Delphox|Psychic|p2a: Venusaur\n|-supereffective|p2a: Venusaur|1\n|-damage|p2a: Venusaur|0 fnt\n|faint|p2a: Venusaur\n|\n|win|LovelyLizardLad\n|raw|LovelyLizardLad's rating: 1174 &rarr; <strong>1203</strong><br />(+29 for winning)\n|raw|BrightPaladin1234's rating: 1228 &rarr; <strong>1199</strong><br />(-29 for losing)\n",
  "uploadtime": 1776225826,
  "views": 23,
  "formatid": "gen9championsvgc2026regma",
  "rating": 1199,
  "private": 0,
  "password": null
}