{
  "id": "gen9championsvgc2026regma-2582217077",
  "format": "[Gen 9 Champions] VGC 2026 Reg M-A",
  "players": [
    "zac5224666",
    "SimplyNarwall"
  ],
  "log": "|j|\u2606zac5224666\n|j|\u2606SimplyNarwall\n|t:|1776072464\n|gametype|doubles\n|player|p1|zac5224666|1|1349\n|player|p2|SimplyNarwall|2|1251\n|gen|9\n|tier|[Gen 9 Champions] VGC 2026 Reg M-A\n|rated|\n|rule|Species Clause: Limit one of each Pok\u00e9mon\n|rule|Item Clause: Limit 1 of each item\n|clearpoke\n|poke|p1|Gengar, L50, M|\n|poke|p1|Corviknight, L50, M|\n|poke|p1|Incineroar, L50, F|\n|poke|p1|Milotic, L50, F|\n|poke|p1|Garchomp, L50, F|\n|poke|p1|Sinistcha-Masterpiece, L50|\n|poke|p2|Primarina, L50, F|\n|poke|p2|Sylveon, L50, M|\n|poke|p2|Skarmory, L50, M|\n|poke|p2|Conkeldurr, L50, F|\n|poke|p2|Farigiraf, L50, F|\n|poke|p2|Meowstic, L50, M|\n|teampreview|4\n|\n|t:|1776072534\n|teamsize|p1|4\n|teamsize|p2|4\n|start\n|switch|p1a: Incineroar|Incineroar, L50, F, shiny|100/100\n|switch|p1b: Garchomp|Garchomp, L50, F, shiny|100/100\n|switch|p2a: Farigiraf|Farigiraf, L50, F|100/100\n|switch|p2b: Sylveon|Sylveon, L50, M|100/100\n|-ability|p1a: Incineroar|Intimidate|boost\n|-unboost|p2a: Farigiraf|atk|1\n|-unboost|p2b: Sylveon|atk|1\n|turn|1\n|inactive|Battle timer is ON: inactive players will automatically lose when time's up. (requested by zac5224666)\n|\n|t:|1776072561\n|switch|p1b: Gengar|Gengar, L50, M, shiny|100/100\n|move|p1a: Incineroar|Fake Out||[still]\n|cant|p2a: Farigiraf|ability: Armor Tail|Fake Out|[of] p1a: Incineroar\n|move|p2b: Sylveon|Hyper Voice|p1b: Gengar|[spread] p1a,p1b\n|-resisted|p1b: Gengar|1\n|-damage|p1a: Incineroar|58/100\n|-damage|p1b: Gengar|64/100\n|move|p2a: Farigiraf|Trick Room|p2a: Farigiraf\n|-fieldstart|move: Trick Room|[of] p2a: Farigiraf\n|\n|upkeep\n|turn|2\n|\n|t:|1776072578\n|detailschange|p1b: Gengar|Gengar-Mega, L50, M, shiny\n|-mega|p1b: Gengar|Gengar|Gengarite\n|move|p1b: Gengar|Protect|p1b: Gengar\n|-singleturn|p1b: Gengar|Protect\n|move|p2b: Sylveon|Calm Mind|p2b: Sylveon\n|-boost|p2b: Sylveon|spa|1\n|-boost|p2b: Sylveon|spd|1\n|move|p2a: Farigiraf|Psychic|p1b: Gengar\n|-activate|p1b: Gengar|move: Protect\n|move|p1a: Incineroar|Parting Shot|p2b: Sylveon\n|-unboost|p2b: Sylveon|atk|1\n|-unboost|p2b: Sylveon|spa|1\n|\n|t:|1776072590\n|switch|p1a: Sinistcha|Sinistcha-Masterpiece, L50, shiny|100/100|[from] Parting Shot\n|-heal|p1b: Gengar|89/100|[from] ability: Hospitality|[of] p1a: Sinistcha\n|\n|upkeep\n|turn|3\n|\n|t:|1776072608\n|move|p2b: Sylveon|Calm Mind|p2b: Sylveon\n|-boost|p2b: Sylveon|spa|1\n|-boost|p2b: Sylveon|spd|1\n|move|p2a: Farigiraf|Psychic|p1b: Gengar\n|-supereffective|p1b: Gengar|1\n|-damage|p1b: Gengar|16/100\n|move|p1a: Sinistcha|Life Dew||[still]|[spread] p1a,p1b\n|-fail|p1a: Sinistcha|heal\n|-heal|p1b: Gengar|41/100\n|move|p1b: Gengar|Sludge Bomb|p2b: Sylveon\n|-supereffective|p2b: Sylveon|1\n|-crit|p2b: Sylveon\n|-damage|p2b: Sylveon|0 fnt\n|faint|p2b: Sylveon\n|\n|upkeep\n|\n|t:|1776072622\n|switch|p2b: Conkeldurr|Conkeldurr, L50, F|100/100\n|turn|4\n|\n|t:|1776072631\n|switch|p1b: Incineroar|Incineroar, L50, F, shiny|58/100\n|-ability|p1b: Incineroar|Intimidate|boost\n|-unboost|p2a: Farigiraf|atk|1\n|-unboost|p2b: Conkeldurr|atk|1\n|move|p2b: Conkeldurr|Knock Off|p1a: Sinistcha\n|-supereffective|p1a: Sinistcha|1\n|-damage|p1a: Sinistcha|54/100\n|-enditem|p1a: Sinistcha|Sitrus Berry|[from] move: Knock Off|[of] p2b: Conkeldurr\n|move|p2a: Farigiraf|Psychic|p1b: Incineroar\n|-immune|p1b: Incineroar\n|move|p1a: Sinistcha|Matcha Gotcha|p2b: Conkeldurr|[spread] p2a,p2b\n|-damage|p2a: Farigiraf|75/100\n|-heal|p1a: Sinistcha|71/100|[from] drain|[of] p2a: Farigiraf\n|-damage|p2b: Conkeldurr|68/100\n|-heal|p1a: Sinistcha|90/100|[from] drain|[of] p2b: Conkeldurr\n|-status|p2a: Farigiraf|brn\n|-status|p2b: Conkeldurr|brn\n|\n|-damage|p2b: Conkeldurr|62/100 brn|[from] brn\n|-damage|p2a: Farigiraf|69/100 brn|[from] brn\n|upkeep\n|turn|5\n|inactive|zac5224666 has 30 seconds left.\n|inactive|SimplyNarwall has 30 seconds left.\n|\n|t:|1776072661\n|switch|p1b: Gengar|Gengar-Mega, L50, M, shiny|41/100\n|move|p2a: Farigiraf|Protect|p2a: Farigiraf\n|-singleturn|p2a: Farigiraf|Protect\n|move|p2b: Conkeldurr|Mach Punch|p1b: Gengar\n|-immune|p1b: Gengar\n|move|p1a: Sinistcha|Matcha Gotcha|p2b: Conkeldurr|[spread] \n|-activate|p2a: Farigiraf|move: Protect\n|-miss|p1a: Sinistcha|p2b: Conkeldurr\n|\n|-damage|p2b: Conkeldurr|56/100 brn|[from] brn\n|-damage|p2a: Farigiraf|63/100 brn|[from] brn\n|-fieldend|move: Trick Room\n|upkeep\n|turn|6\n|inactive|SimplyNarwall has 30 seconds left.\n|\n|t:|1776072695\n|move|p1b: Gengar|Sludge Bomb|p2a: Farigiraf\n|-damage|p2a: Farigiraf|20/100 brn\n|-enditem|p2a: Farigiraf|Sitrus Berry|[eat]\n|-heal|p2a: Farigiraf|45/100 brn|[from] item: Sitrus Berry\n|move|p1a: Sinistcha|Matcha Gotcha|p2b: Conkeldurr|[spread] p2a,p2b\n|-damage|p2a: Farigiraf|19/100 brn\n|-heal|p1a: Sinistcha|100/100|[from] drain|[of] p2a: Farigiraf\n|-damage|p2b: Conkeldurr|25/100 brn\n|move|p2b: Conkeldurr|Rock Slide|p1a: Sinistcha|[spread] p1a,p1b\n|-damage|p1a: Sinistcha|93/100\n|-damage|p1b: Gengar|31/100\n|move|p2a: Farigiraf|Trick Room|p2a: Farigiraf\n|-fieldstart|move: Trick Room|[of] p2a: Farigiraf\n|\n|-damage|p2b: Conkeldurr|19/100 brn|[from] brn\n|-damage|p2a: Farigiraf|12/100 brn|[from] brn\n|upkeep\n|turn|7\n|inactive|SimplyNarwall has 30 seconds left.\n|\n|t:|1776072727\n|switch|p1b: Incineroar|Incineroar, L50, F, shiny|58/100\n|-ability|p1b: Incineroar|Intimidate|boost\n|-unboost|p2a: Farigiraf|atk|1\n|-unboost|p2b: Conkeldurr|atk|1\n|move|p2b: Conkeldurr|Knock Off|p1a: Sinistcha\n|-supereffective|p1a: Sinistcha|1\n|-damage|p1a: Sinistcha|80/100\n|move|p2a: Farigiraf|Psychic|p1a: Sinistcha\n|-damage|p1a: Sinistcha|48/100\n|move|p1a: Sinistcha|Matcha Gotcha|p2b: Conkeldurr|[spread] p2a,p2b\n|-damage|p2a: Farigiraf|0 fnt\n|-heal|p1a: Sinistcha|56/100|[from] drain|[of] p2a: Farigiraf\n|-damage|p2b: Conkeldurr|0 fnt\n|-heal|p1a: Sinistcha|67/100|[from] drain|[of] p2b: Conkeldurr\n|faint|p2a: Farigiraf\n|faint|p2b: Conkeldurr\n|\n|upkeep\n|\n|t:|1776072745\n|switch|p2a: Primarina|Primarina, L50, F|100/100\n|turn|8\n|\n|t:|1776072756\n|move|p2a: Primarina|Protect|p2a: Primarina\n|-singleturn|p2a: Primarina|Protect\n|move|p1b: Incineroar|Fake Out|p2a: Primarina\n|-activate|p2a: Primarina|move: Protect\n|move|p1a: Sinistcha|Life Dew|p1a: Sinistcha|[spread] p1a,p1b\n|-heal|p1a: Sinistcha|92/100\n|-heal|p1b: Incineroar|84/100\n|\n|upkeep\n|turn|9\n|-message|SimplyNarwall forfeited.\n|\n|win|zac5224666\n|raw|zac5224666's rating: 1349 &rarr; <strong>1364</strong><br />(+15 for winning)\n|raw|SimplyNarwall's rating: 1251 &rarr; <strong>1233</strong><br />(-18 for losing)\n",
  "uploadtime": 1776072770,
  "views": 42,
  "formatid": "gen9championsvgc2026regma",
  "rating": 1233,
  "private": 0,
  "password": null
}