{
  "id": "gen9championsvgc2026regma-2588694403",
  "format": "[Gen 9 Champions] VGC 2026 Reg M-A",
  "players": [
    "magato123",
    "FivesOrSmth"
  ],
  "log": "|j|\u2606magato123\n|j|\u2606FivesOrSmth\n|t:|1776658610\n|gametype|doubles\n|player|p1|magato123|turo-ai|1019\n|player|p2|FivesOrSmth|2|1000\n|gen|9\n|tier|[Gen 9 Champions] VGC 2026 Reg M-A\n|rated|\n|rule|Species Clause: Limit one of each Pok\u00e9mon\n|rule|Item Clause: Limit 1 of each item\n|clearpoke\n|poke|p1|Gengar, L50, M|\n|poke|p1|Garchomp, L50, F|\n|poke|p1|Basculegion, L50, M|\n|poke|p1|Clefable, L50, M|\n|poke|p1|Sneasler, L50, M|\n|poke|p1|Sableye, L50, M|\n|poke|p2|Dragonite, L50, M|\n|poke|p2|Glimmora, L50, M|\n|poke|p2|Garchomp, L50, F|\n|poke|p2|Rotom-Wash, L50|\n|poke|p2|Corviknight, L50, M|\n|poke|p2|Kingambit, L50, F|\n|teampreview|4\n|inactive|Battle timer is ON: inactive players will automatically lose when time's up. (requested by magato123)\nmagato123 rejected open team sheets.\n|inactive|FivesOrSmth has 60 seconds left.\n|\n|t:|1776658660\n|teamsize|p1|4\n|teamsize|p2|4\n|start\n|switch|p1a: Clefable|Clefable, L50, M|100/100\n|switch|p1b: Garchomp|Garchomp, L50, F|100/100\n|switch|p2a: Dragonite|Dragonite, L50, M|100/100\n|switch|p2b: Glimmora|Glimmora, L50, M|100/100\n|turn|1\n|\n|t:|1776658683\n|detailschange|p1b: Garchomp|Garchomp-Mega, L50, F\n|-mega|p1b: Garchomp|Garchomp|Garchompite\n|detailschange|p2a: Dragonite|Dragonite-Mega, L50, M\n|-mega|p2a: Dragonite|Dragonite|Dragoninite\n|move|p2b: Glimmora|Protect|p2b: Glimmora\n|-singleturn|p2b: Glimmora|Protect\n|move|p1b: Garchomp|Rock Slide|p2a: Dragonite|[spread] p2a\n|-activate|p2b: Glimmora|move: Protect\n|-supereffective|p2a: Dragonite|1\n|-damage|p2a: Dragonite|81/100\n|move|p1a: Clefable|Icy Wind|p2a: Dragonite|[spread] p2a\n|-activate|p2b: Glimmora|move: Protect\n|-supereffective|p2a: Dragonite|2\n|-damage|p2a: Dragonite|61/100\n|-unboost|p2a: Dragonite|spe|1\n|move|p2a: Dragonite|Dragon Tail|p1b: Garchomp|[miss]\n|-miss|p2a: Dragonite|p1b: Garchomp\n|\n|upkeep\n|turn|2\n|\n|t:|1776658702\n|move|p1a: Clefable|Follow Me|p1a: Clefable\n|-singleturn|p1a: Clefable|move: Follow Me\n|move|p2b: Glimmora|Spikes|p1a: Clefable\n|-sidestart|p1: magato123|Spikes\n|move|p1b: Garchomp|Earthquake|p2b: Glimmora|[spread] p1a,p2b\n|-immune|p2a: Dragonite\n|-supereffective|p2b: Glimmora|2\n|-damage|p1a: Clefable|57/100\n|-enditem|p2b: Glimmora|Focus Sash\n|-damage|p2b: Glimmora|1/100\n|-activate|p2b: Glimmora|ability: Toxic Debris\n|-sidestart|p1: magato123|move: Toxic Spikes\n|move|p2a: Dragonite|Dragon Tail|p1a: Clefable\n|-immune|p1a: Clefable\n|\n|-heal|p1a: Clefable|63/100|[from] item: Leftovers\n|upkeep\n|turn|3\n|j| SADATO69\n|\n|t:|1776658719\n|move|p2b: Glimmora|Protect|p2b: Glimmora\n|-singleturn|p2b: Glimmora|Protect\n|move|p1b: Garchomp|Earthquake|p2b: Glimmora|[spread] p1a\n|-activate|p2b: Glimmora|move: Protect\n|-immune|p2a: Dragonite\n|-damage|p1a: Clefable|21/100\n|move|p2a: Dragonite|Roost|p2a: Dragonite\n|-heal|p2a: Dragonite|100/100\n|-singleturn|p2a: Dragonite|move: Roost\n|move|p1a: Clefable|Icy Wind|p2a: Dragonite|[spread] p2a\n|-activate|p2b: Glimmora|move: Protect\n|-supereffective|p2a: Dragonite|1\n|-damage|p2a: Dragonite|95/100\n|-unboost|p2a: Dragonite|spe|1\n|\n|-heal|p1a: Clefable|27/100|[from] item: Leftovers\n|upkeep\n|turn|4\n|\n|t:|1776658739\n|move|p1a: Clefable|Follow Me|p1a: Clefable\n|-singleturn|p1a: Clefable|move: Follow Me\n|move|p2b: Glimmora|Sludge Wave|p1b: Garchomp|[spread] p2a,p1a,p1b\n|-supereffective|p1a: Clefable|1\n|-resisted|p1b: Garchomp|1\n|-damage|p2a: Dragonite|74/100\n|-damage|p1a: Clefable|0 fnt\n|-damage|p1b: Garchomp|82/100\n|faint|p1a: Clefable\n|move|p1b: Garchomp|Earthquake|p2b: Glimmora|[spread] p2b\n|-immune|p2a: Dragonite\n|-supereffective|p2b: Glimmora|2\n|-damage|p2b: Glimmora|0 fnt\n|-activate|p2b: Glimmora|ability: Toxic Debris\n|-sidestart|p1: magato123|move: Toxic Spikes\n|faint|p2b: Glimmora\n|move|p2a: Dragonite|Dragon Tail|p1b: Garchomp\n|-supereffective|p1b: Garchomp|1\n|-damage|p1b: Garchomp|45/100\n|drag|p1b: Basculegion|Basculegion, L50, M|100/100\n|-damage|p1b: Basculegion|88/100|[from] Spikes\n|-status|p1b: Basculegion|tox\n|\n|-damage|p1b: Basculegion|82/100 tox|[from] psn\n|upkeep\n|\n|t:|1776658761\n|switch|p2b: Garchomp|Garchomp, L50, F|100/100\n|switch|p1a: Sneasler|Sneasler, L50, M|100/100\n|-damage|p1a: Sneasler|88/100|[from] Spikes\n|-sideend|p1: magato123|move: Toxic Spikes|[of] p1a: Sneasler\n|turn|5\n|\n|t:|1776658776\n|move|p2b: Garchomp|Protect|p2b: Garchomp\n|-singleturn|p2b: Garchomp|Protect\n|move|p1b: Basculegion|Last Respects|p2a: Dragonite\n|-damage|p2a: Dragonite|14/100\n|move|p1a: Sneasler|Close Combat|p2b: Garchomp\n|-activate|p2b: Garchomp|move: Protect\n|move|p2a: Dragonite|Dragon Tail|p1b: Basculegion\n|-damage|p1b: Basculegion|51/100 tox\n|drag|p1b: Garchomp|Garchomp-Mega, L50, F|45/100\n|-damage|p1b: Garchomp|32/100|[from] Spikes\n|\n|upkeep\n|turn|6\n|\n|t:|1776658791\n|move|p1a: Sneasler|Close Combat|p2a: Dragonite\n|-resisted|p2a: Dragonite|1\n|-damage|p2a: Dragonite|0 fnt\n|-unboost|p1a: Sneasler|def|1\n|-unboost|p1a: Sneasler|spd|1\n|faint|p2a: Dragonite\n|move|p2b: Garchomp|Substitute|p2b: Garchomp\n|-start|p2b: Garchomp|Substitute\n|-damage|p2b: Garchomp|76/100\n|move|p1b: Garchomp|Earthquake|p2b: Garchomp|[spread] p1a,p2b\n|-end|p2b: Garchomp|Substitute\n|-supereffective|p1a: Sneasler|1\n|-crit|p1a: Sneasler\n|-damage|p1a: Sneasler|0 fnt\n|faint|p1a: Sneasler\n|\n|upkeep\n|\n|t:|1776658803\n|switch|p1a: Basculegion|Basculegion, L50, M|51/100 tox\n|switch|p2a: Corviknight|Corviknight, L50, M|100/100\n|-damage|p1a: Basculegion|38/100 tox|[from] Spikes\n|-ability|p2a: Corviknight|Pressure\n|turn|7\n|\n|t:|1776658821\n|move|p2b: Garchomp|Protect|p2b: Garchomp\n|-singleturn|p2b: Garchomp|Protect\n|move|p1a: Basculegion|Last Respects|p2a: Corviknight\n|-damage|p2a: Corviknight|34/100\n|move|p1b: Garchomp|Earthquake|p2a: Corviknight|[spread] p1a\n|-activate|p2b: Garchomp|move: Protect\n|-immune|p2a: Corviknight\n|-damage|p1a: Basculegion|0 fnt\n|faint|p1a: Basculegion\n|move|p2a: Corviknight|Body Press|p1b: Garchomp\n|-damage|p1b: Garchomp|10/100\n|\n|-heal|p2a: Corviknight|40/100|[from] item: Leftovers\n|upkeep\n|turn|8\n|\n|t:|1776658840\n|move|p1b: Garchomp|Earthquake|p2b: Garchomp|[spread] p2b\n|-immune|p2a: Corviknight\n|-damage|p2b: Garchomp|39/100\n|move|p2a: Corviknight|Roost|p2a: Corviknight\n|-heal|p2a: Corviknight|90/100\n|-singleturn|p2a: Corviknight|move: Roost\n|move|p2b: Garchomp|Dragon Tail|p1b: Garchomp\n|-supereffective|p1b: Garchomp|1\n|-damage|p1b: Garchomp|0 fnt\n|faint|p1b: Garchomp\n|\n|win|FivesOrSmth\n|raw|magato123's rating: 1047 &rarr; <strong>1028</strong><br />(-19 for losing)\n|raw|FivesOrSmth's rating: 1000 &rarr; <strong>1045</strong><br />(+45 for winning)\n|l|\u2606magato123\n|player|p1|\n",
  "uploadtime": 1776658840,
  "views": 4,
  "formatid": "gen9championsvgc2026regma",
  "rating": 1028,
  "private": 0,
  "password": null
}