{
  "id": "gen9championsvgc2026regma-2587506474",
  "format": "[Gen 9 Champions] VGC 2026 Reg M-A",
  "players": [
    "Missing love",
    "XungLao"
  ],
  "log": "|j|\u2606Missing love\n|j|\u2606XungLao\n|t:|1776537633\n|gametype|doubles\n|player|p1|Missing love|volo|1349\n|player|p2|XungLao|rood|1252\n|gen|9\n|tier|[Gen 9 Champions] VGC 2026 Reg M-A\n|rated|\n|rule|Species Clause: Limit one of each Pok\u00e9mon\n|rule|Item Clause: Limit 1 of each item\n|clearpoke\n|poke|p1|Meganium, L50, F|\n|poke|p1|Tyranitar, L50, F|\n|poke|p1|Garchomp, L50, M|\n|poke|p1|Aegislash, L50, F|\n|poke|p1|Milotic, L50, M|\n|poke|p1|Aerodactyl, L50, M|\n|poke|p2|Froslass, L50, F|\n|poke|p2|Aerodactyl, L50, F|\n|poke|p2|Maushold, L50|\n|poke|p2|Sneasler, L50, M|\n|poke|p2|Kingambit, L50, M|\n|poke|p2|Rotom-Wash, L50|\n|teampreview|4\n|inactive|Battle timer is ON: inactive players will automatically lose when time's up. (requested by Missing love)\n|\n|t:|1776537669\n|teamsize|p1|4\n|teamsize|p2|4\n|start\n|switch|p1a: Tyranitar|Tyranitar, L50, F|100/100\n|switch|p1b: Aerodactyl|Aerodactyl, L50, M|100/100\n|switch|p2a: Froslass|Froslass, L50, F|100/100\n|switch|p2b: Sneasler|Sneasler, L50, M|100/100\n|-ability|p1b: Aerodactyl|Unnerve\n|-weather|Sandstorm|[from] ability: Sand Stream|[of] p1a: Tyranitar\n|turn|1\n|\n|t:|1776537691\n|switch|p2a: Kingambit|Kingambit, L50, M|100/100\n|detailschange|p1a: Tyranitar|Tyranitar-Mega, L50, F\n|-mega|p1a: Tyranitar|Tyranitar|Tyranitarite\n|move|p1a: Tyranitar|Protect|p1a: Tyranitar\n|-singleturn|p1a: Tyranitar|Protect\n|move|p2b: Sneasler|Fake Out|p1b: Aerodactyl\n|-resisted|p1b: Aerodactyl|1\n|-damage|p1b: Aerodactyl|90/100\n|cant|p1b: Aerodactyl|flinch\n|\n|-weather|Sandstorm|[upkeep]\n|-damage|p2b: Sneasler|95/100|[from] Sandstorm\n|upkeep\n|turn|2\n|inactive|XungLao has 30 seconds left.\n|\n|t:|1776537724\n|switch|p2b: JYP|Rotom-Wash, L50|100/100\n|switch|p1a: Aegislash|Aegislash, L50, F|100/100\n|move|p1b: Aerodactyl|Tailwind|p1b: Aerodactyl\n|-sidestart|p1: Missing love|move: Tailwind\n|move|p2a: Kingambit|Low Kick|p1a: Aegislash\n|-immune|p1a: Aegislash\n|\n|-weather|Sandstorm|[upkeep]\n|-damage|p2b: JYP|95/100|[from] Sandstorm\n|-heal|p2b: JYP|100/100|[from] item: Leftovers\n|upkeep\n|turn|3\n|inactive|Missing love has 30 seconds left.\n|\n|t:|1776537757\n|switch|p1b: Tyranitar|Tyranitar-Mega, L50, F|100/100\n|switch|p1a: Milotic|Milotic, L50, M|100/100\n|move|p2a: Kingambit|Sucker Punch||[still]\n|-fail|p2a: Kingambit\n|move|p2b: JYP|Electroweb|p1a: Milotic|[spread] p1a,p1b\n|-supereffective|p1a: Milotic|1\n|-damage|p1a: Milotic|74/100\n|-damage|p1b: Tyranitar|90/100\n|-unboost|p1a: Milotic|spe|1\n|-ability|p1a: Milotic|Competitive|boost\n|-boost|p1a: Milotic|spa|2\n|-unboost|p1b: Tyranitar|spe|1\n|\n|-weather|Sandstorm|[upkeep]\n|-damage|p1a: Milotic|68/100|[from] Sandstorm\n|-damage|p2b: JYP|95/100|[from] Sandstorm\n|-heal|p1a: Milotic|74/100|[from] item: Leftovers\n|-heal|p2b: JYP|100/100|[from] item: Leftovers\n|upkeep\n|turn|4\n|\n|t:|1776537775\n|move|p1a: Milotic|Protect|p1a: Milotic\n|-singleturn|p1a: Milotic|Protect\n|move|p1b: Tyranitar|Low Kick|p2a: Kingambit\n|-supereffective|p2a: Kingambit|2\n|-damage|p2a: Kingambit|0 fnt\n|faint|p2a: Kingambit\n|move|p2b: JYP|Volt Switch|p1a: Milotic\n|-activate|p1a: Milotic|move: Protect\n|\n|-weather|Sandstorm|[upkeep]\n|-damage|p1a: Milotic|68/100|[from] Sandstorm\n|-damage|p2b: JYP|95/100|[from] Sandstorm\n|-heal|p1a: Milotic|74/100|[from] item: Leftovers\n|-heal|p2b: JYP|100/100|[from] item: Leftovers\n|upkeep\n|\n|t:|1776537790\n|switch|p2a: Sneasler|Sneasler, L50, M|95/100\n|turn|5\n|inactive|Missing love has 30 seconds left.\n|\n|t:|1776537822\n|switch|p1a: Aegislash|Aegislash, L50, F|100/100\n|move|p1b: Tyranitar|Protect|p1b: Tyranitar\n|-singleturn|p1b: Tyranitar|Protect\n|move|p2a: Sneasler|Fake Out|p1a: Aegislash\n|-immune|p1a: Aegislash\n|move|p2b: JYP|Volt Switch|p1a: Aegislash\n|-crit|p1a: Aegislash\n|-damage|p1a: Aegislash|57/100\n|\n|t:|1776537832\n|switch|p2b: Froslass|Froslass, L50, F|100/100|[from] Volt Switch\n|\n|-weather|none\n|-sideend|p1: Missing love|move: Tailwind\n|upkeep\n|turn|6\n|\n|t:|1776537848\n|switch|p1b: Milotic|Milotic, L50, M|74/100\n|detailschange|p2b: Froslass|Froslass-Mega, L50, F\n|-mega|p2b: Froslass|Froslass|Froslassite\n|-weather|Snowscape|[from] ability: Snow Warning|[of] p2b: Froslass\n|move|p2a: Sneasler|Close Combat|p1b: Milotic\n|-damage|p1b: Milotic|19/100\n|-unboost|p2a: Sneasler|def|1\n|-unboost|p2a: Sneasler|spd|1\n|-enditem|p2a: Sneasler|White Herb\n|-clearnegativeboost|p2a: Sneasler|[silent]\n|move|p2b: Froslass|Shadow Ball|p1a: Aegislash\n|-supereffective|p1a: Aegislash|1\n|-damage|p1a: Aegislash|0 fnt\n|faint|p1a: Aegislash\n|\n|-weather|Snowscape|[upkeep]\n|-heal|p1b: Milotic|25/100|[from] item: Leftovers\n|upkeep\n|\n|t:|1776537861\n|switch|p1a: Tyranitar|Tyranitar-Mega, L50, F|90/100\n|-weather|Sandstorm|[from] ability: Sand Stream|[of] p1a: Tyranitar\n|turn|7\n|inactive|Missing love has 30 seconds left.\n|\n|t:|1776537888\n|switch|p2b: JYP|Rotom-Wash, L50|100/100\n|move|p1a: Tyranitar|Protect|p1a: Tyranitar\n|-singleturn|p1a: Tyranitar|Protect\n|move|p2a: Sneasler|Dire Claw|p1b: Milotic\n|-damage|p1b: Milotic|0 fnt\n|faint|p1b: Milotic\n|\n|-weather|Sandstorm|[upkeep]\n|-damage|p2a: Sneasler|89/100|[from] Sandstorm\n|-damage|p2b: JYP|95/100|[from] Sandstorm\n|-heal|p2b: JYP|100/100|[from] item: Leftovers\n|upkeep\n|\n|t:|1776537895\n|switch|p1b: Aerodactyl|Aerodactyl, L50, M|90/100\n|-ability|p1b: Aerodactyl|Unnerve\n|turn|8\n|\n|t:|1776537907\n|move|p2a: Sneasler|Close Combat|p1a: Tyranitar\n|-supereffective|p1a: Tyranitar|2\n|-damage|p1a: Tyranitar|0 fnt\n|-unboost|p2a: Sneasler|def|1\n|-unboost|p2a: Sneasler|spd|1\n|faint|p1a: Tyranitar\n|move|p1b: Aerodactyl|Tailwind|p1b: Aerodactyl\n|-sidestart|p1: Missing love|move: Tailwind\n|move|p2b: JYP|Electroweb|p1b: Aerodactyl\n|-supereffective|p1b: Aerodactyl|1\n|-damage|p1b: Aerodactyl|39/100\n|-unboost|p1b: Aerodactyl|spe|1\n|\n|-weather|Sandstorm|[upkeep]\n|-damage|p2a: Sneasler|83/100|[from] Sandstorm\n|-damage|p2b: JYP|95/100|[from] Sandstorm\n|-heal|p2b: JYP|100/100|[from] item: Leftovers\n|upkeep\n|turn|9\n|-message|Missing love forfeited.\n|\n|win|XungLao\n|raw|Missing love's rating: 1349 &rarr; <strong>1324</strong><br />(-25 for losing)\n|raw|XungLao's rating: 1252 &rarr; <strong>1284</strong><br />(+32 for winning)\n|l|\u2606Missing love\n|player|p1|\n",
  "uploadtime": 1776537925,
  "views": 38,
  "formatid": "gen9championsvgc2026regma",
  "rating": 1284,
  "private": 0,
  "password": null
}