{
  "id": "gen9championsvgc2026regma-2586217654",
  "format": "[Gen 9 Champions] VGC 2026 Reg M-A",
  "players": [
    "melodicalmallet",
    "BonnibeI"
  ],
  "log": "|j|\u203dmelodicalmallet\n|j|\u2606BonnibeI\n|t:|1776413660\n|gametype|doubles\n|player|p1|melodicalmallet|juggler-gen2|1112\n|player|p2|BonnibeI|marnie|1085\n|gen|9\n|tier|[Gen 9 Champions] VGC 2026 Reg M-A\n|rated|\n|rule|Species Clause: Limit one of each Pok\u00e9mon\n|rule|Item Clause: Limit 1 of each item\n|clearpoke\n|poke|p1|Floette-Eternal, L50, F|\n|poke|p1|Maushold, L50|\n|poke|p1|Garchomp, L50, M|\n|poke|p1|Talonflame, L50, M|\n|poke|p1|Rotom-Wash, L50|\n|poke|p1|Aegislash, L50, M|\n|poke|p2|Morpeko, L50, M|\n|poke|p2|Meowscarada, L50, F|\n|poke|p2|Gengar, L50, F|\n|poke|p2|Sableye, L50, F|\n|poke|p2|Lucario, L50, M|\n|poke|p2|Spiritomb, L50, F|\n|teampreview|4\n|inactive|Battle timer is ON: inactive players will automatically lose when time's up. (requested by BonnibeI)\nmelodicalmallet has agreed to open team sheets.\n|inactive|melodicalmallet has 60 seconds left.\n|\n|t:|1776413690\n|teamsize|p1|4\n|teamsize|p2|4\n|start\n|switch|p1a: Floette|Floette-Eternal, L50, F|100/100\n|switch|p1b: Talonflame|Talonflame, L50, M|100/100\n|switch|p2a: Sableye|Sableye, L50, F|100/100\n|switch|p2b: Lucario|Lucario, L50, M|100/100\n|turn|1\n|\n|t:|1776413709\n|detailschange|p2b: Lucario|Lucario-Mega, L50, M\n|-mega|p2b: Lucario|Lucario|Lucarionite\n|detailschange|p1a: Floette|Floette-Mega, L50, F\n|-mega|p1a: Floette|Floette|Floettite\n|-ability|p1a: Floette|Fairy Aura\n|move|p1a: Floette|Protect|p1a: Floette\n|-singleturn|p1a: Floette|Protect\n|move|p2a: Sableye|Fake Out|p1b: Talonflame\n|-damage|p1b: Talonflame|90/100\n|cant|p1b: Talonflame|flinch\n|move|p2b: Lucario|Flash Cannon|p1a: Floette\n|-activate|p1a: Floette|move: Protect\n|\n|upkeep\n|turn|2\n|\n|t:|1776413727\n|switch|p1a: Rotom|Rotom-Wash, L50|100/100\n|move|p2a: Sableye|Encore||[still]\n|-fail|p2a: Sableye\n|move|p1b: Talonflame|Tailwind|p1b: Talonflame\n|-sidestart|p1: melodicalmallet|move: Tailwind\n|move|p2b: Lucario|Flash Cannon|p1a: Rotom\n|-resisted|p1a: Rotom|2\n|-damage|p1a: Rotom|86/100\n|\n|upkeep\n|turn|3\n|\n|t:|1776413749\n|switch|p1b: Garchomp|Garchomp, L50, M|100/100\n|move|p2b: Lucario|Detect|p2b: Lucario\n|-singleturn|p2b: Lucario|Protect\n|move|p2a: Sableye|Encore||[still]\n|-fail|p2a: Sableye\n|move|p1a: Rotom|Thunderbolt|p2b: Lucario\n|-activate|p2b: Lucario|move: Protect\n|\n|upkeep\n|turn|4\n|\n|t:|1776413769\n|switch|p2b: Meowscarada|Meowscarada, L50, F|100/100\n|move|p2a: Sableye|Disable|p1a: Rotom\n|-start|p1a: Rotom|Disable|Thunderbolt\n|move|p1b: Garchomp|Earthquake|p2a: Sableye|[spread] p2a,p2b\n|-immune|p1a: Rotom|[from] ability: Levitate\n|-resisted|p2b: Meowscarada|1\n|-damage|p2a: Sableye|46/100\n|-damage|p2b: Meowscarada|61/100\n|cant|p1a: Rotom|Disable|Thunderbolt\n|\n|upkeep\n|turn|5\n|\n|t:|1776413793\n|move|p2a: Sableye|Disable|p1b: Garchomp\n|-start|p1b: Garchomp|Disable|Earthquake\n|cant|p1b: Garchomp|Disable|Earthquake\n|move|p1a: Rotom|Volt Switch|p2b: Meowscarada\n|-resisted|p2b: Meowscarada|1\n|-damage|p2b: Meowscarada|37/100\n|\n|t:|1776413799\n|switch|p1a: Floette|Floette-Mega, L50, F|100/100|[from] Volt Switch\n|-ability|p1a: Floette|Fairy Aura\n|move|p2b: Meowscarada|Triple Axel|p1b: Garchomp\n|-start|p2b: Meowscarada|typechange|Ice|[from] ability: Protean\n|-supereffective|p1b: Garchomp|2\n|-damage|p1b: Garchomp|59/100\n|-damage|p2b: Meowscarada|25/100|[from] ability: Rough Skin|[of] p1b: Garchomp\n|-supereffective|p1b: Garchomp|2\n|-crit|p1b: Garchomp\n|-damage|p1b: Garchomp|0 fnt\n|-damage|p2b: Meowscarada|13/100|[from] ability: Rough Skin|[of] p1b: Garchomp\n|faint|p1b: Garchomp\n|-hitcount|p1: Garchomp|2\n|\n|-sideend|p1: melodicalmallet|move: Tailwind\n|upkeep\n|inactive|melodicalmallet has 30 seconds left.\n|l|\u203dmelodicalmallet\n|inactive|melodicalmallet disconnected and has a minute to reconnect!\n|player|p1|\n|inactive|melodicalmallet has 20 seconds left.\n|inactive|melodicalmallet has 15 seconds left.\n|inactive|melodicalmallet has 10 seconds left.\n|inactive|melodicalmallet has 5 seconds left.\n|j|\u203dmelodicalmallet\n|inactive|melodicalmallet reconnected and has 5 seconds left.\n|player|p1|melodicalmallet|juggler-gen2|\n|n|\u203dmelodicalmallet|melodicalmallet\n|\n|t:|1776413854\n|switch|p1b: Rotom|Rotom-Wash, L50|86/100\n|turn|6\n|\n|t:|1776413868\n|move|p2a: Sableye|Helping Hand|p2b: Meowscarada\n|-singleturn|p2b: Meowscarada|Helping Hand|[of] p2a: Sableye\n|move|p2b: Meowscarada|Flower Trick|p1b: Rotom\n|-supereffective|p1b: Rotom|1\n|-crit|p1b: Rotom\n|-damage|p1b: Rotom|0 fnt\n|faint|p1b: Rotom\n|move|p1a: Floette|Dazzling Gleam|p2b: Meowscarada|[spread] p2a,p2b\n|-supereffective|p2a: Sableye|1\n|-damage|p2a: Sableye|0 fnt\n|-damage|p2b: Meowscarada|0 fnt\n|faint|p2a: Sableye\n|faint|p2b: Meowscarada\n|\n|upkeep\n|\n|t:|1776413879\n|switch|p2b: Lucario|Lucario-Mega, L50, M|100/100\n|switch|p1b: Talonflame|Talonflame, L50, M|90/100\n|switch|p2a: Gengar|Gengar, L50, F|100/100\n|turn|7\n|\n|t:|1776413895\n|move|p1a: Floette|Protect|p1a: Floette\n|-singleturn|p1a: Floette|Protect\n|move|p1b: Talonflame|Tailwind|p1b: Talonflame\n|-sidestart|p1: melodicalmallet|move: Tailwind\n|move|p2b: Lucario|Flash Cannon|p1a: Floette\n|-activate|p1a: Floette|move: Protect\n|move|p2a: Gengar|Icy Wind|p1b: Talonflame|[spread] p1b\n|-activate|p1a: Floette|move: Protect\n|-damage|p1b: Talonflame|69/100\n|-unboost|p1b: Talonflame|spe|1\n|\n|upkeep\n|turn|8\n|\n|t:|1776413914\n|move|p2b: Lucario|Detect|p2b: Lucario\n|-singleturn|p2b: Lucario|Protect\n|move|p1b: Talonflame|Acrobatics|p2a: Gengar\n|-damage|p2a: Gengar|12/100\n|move|p1a: Floette|Moonblast|p2b: Lucario\n|-activate|p2b: Lucario|move: Protect\n|move|p2a: Gengar|Trick Room|p2a: Gengar\n|-fieldstart|move: Trick Room|[of] p2a: Gengar\n|\n|upkeep\n|turn|9\n|\n|t:|1776413930\n|move|p1a: Floette|Protect|p1a: Floette\n|-singleturn|p1a: Floette|Protect\n|move|p2a: Gengar|Sludge Bomb|p1b: Talonflame\n|-damage|p1b: Talonflame|0 fnt\n|faint|p1b: Talonflame\n|move|p2b: Lucario|Flash Cannon|p1a: Floette\n|-activate|p1a: Floette|move: Protect\n|\n|upkeep\n|turn|10\n|\n|t:|1776413940\n|move|p1a: Floette|Protect||[still]\n|-fail|p1a: Floette\n|move|p2a: Gengar|Sludge Bomb|p1a: Floette\n|-supereffective|p1a: Floette|1\n|-damage|p1a: Floette|38/100\n|move|p2b: Lucario|Flash Cannon|p1a: Floette\n|-supereffective|p1a: Floette|1\n|-damage|p1a: Floette|0 fnt\n|faint|p1a: Floette\n|\n|win|BonnibeI\n|raw|melodicalmallet's rating: 1112 &rarr; <strong>1085</strong><br />(-27 for losing)\n|raw|BonnibeI's rating: 1085 &rarr; <strong>1114</strong><br />(+29 for winning)\n|l|\u203dmelodicalmallet\n|player|p1|\n",
  "uploadtime": 1776413955,
  "views": 16,
  "formatid": "gen9championsvgc2026regma",
  "rating": 1085,
  "private": 0,
  "password": null
}