{
  "id": "gen9championsvgc2026regma-2584860322",
  "format": "[Gen 9 Champions] VGC 2026 Reg M-A",
  "players": [
    "ZakoDboX",
    "Law_NBD"
  ],
  "log": "|j|\u2606ZakoDboX\n|j|\u2606Law_NBD\n|t:|1776289385\n|gametype|doubles\n|player|p1|ZakoDboX|1|1000\n|player|p2|Law_NBD|265|1011\n|gen|9\n|tier|[Gen 9 Champions] VGC 2026 Reg M-A\n|rated|\n|rule|Species Clause: Limit one of each Pok\u00e9mon\n|rule|Item Clause: Limit 1 of each item\n|clearpoke\n|poke|p1|Jolteon, L50, F|\n|poke|p1|Raichu-Alola, L50, M|\n|poke|p1|Heliolisk, L50, M|\n|poke|p1|Rotom-Wash, L50|\n|poke|p1|Ampharos, L50, M|\n|poke|p1|Stunfisk, L50, M|\n|poke|p2|Scovillain, L50, M|\n|poke|p2|Milotic, L50, F|\n|poke|p2|Espathra, L50, F|\n|poke|p2|Sinistcha, L50|\n|poke|p2|Incineroar, L50, F|\n|poke|p2|Glimmora, L50, M|\n|teampreview|4\n|inactive|Battle timer is ON: inactive players will automatically lose when time's up. (requested by Law_NBD)\n|\n|t:|1776289403\n|teamsize|p1|4\n|teamsize|p2|4\n|start\n|switch|p1a: Jolteon|Jolteon, L50, F|100/100\n|switch|p1b: Raichu|Raichu-Alola, L50, M|100/100\n|switch|p2a: Scovillain|Scovillain, L50, M|100/100\n|switch|p2b: Espathra|Espathra, L50, F|100/100\n|turn|1\n|\n|t:|1776289420\n|detailschange|p2a: Scovillain|Scovillain-Mega, L50, M\n|-mega|p2a: Scovillain|Scovillain|Scovillainite\n|move|p1b: Raichu|Fake Out|p2a: Scovillain\n|-damage|p2a: Scovillain|93/100\n|-status|p1b: Raichu|brn|[from] ability: Spicy Spray|[of] p2a: Scovillain\n|cant|p2a: Scovillain|flinch\n|move|p1a: Jolteon|Electric Terrain|p1a: Jolteon\n|-fieldstart|move: Electric Terrain\n|move|p2b: Espathra|Calm Mind|p2b: Espathra\n|-boost|p2b: Espathra|spa|1\n|-boost|p2b: Espathra|spd|1\n|\n|-damage|p1b: Raichu|95/100 brn|[from] brn\n|-ability|p2b: Espathra|Speed Boost|boost\n|-boost|p2b: Espathra|spe|1\n|upkeep\n|turn|2\n|\n|t:|1776289441\n|move|p2a: Scovillain|Rage Powder|p2a: Scovillain\n|-singleturn|p2a: Scovillain|move: Rage Powder\n|move|p1b: Raichu|Encore|p2a: Scovillain\n|-start|p2a: Scovillain|Encore\n|move|p2b: Espathra|Calm Mind|p2b: Espathra\n|-boost|p2b: Espathra|spa|1\n|-boost|p2b: Espathra|spd|1\n|move|p1a: Jolteon|Shadow Ball|p2a: Scovillain\n|-damage|p2a: Scovillain|70/100\n|-status|p1a: Jolteon|brn|[from] ability: Spicy Spray|[of] p2a: Scovillain\n|\n|-damage|p1b: Raichu|89/100 brn|[from] brn\n|-damage|p1a: Jolteon|95/100 brn|[from] brn\n|-ability|p2b: Espathra|Speed Boost|boost\n|-boost|p2b: Espathra|spe|1\n|upkeep\n|turn|3\n|\n|t:|1776289465\n|move|p2a: Scovillain|Rage Powder|p2a: Scovillain\n|-singleturn|p2a: Scovillain|move: Rage Powder\n|move|p1b: Raichu|Psychic|p2a: Scovillain\n|-damage|p2a: Scovillain|20/100\n|move|p2b: Espathra|Baton Pass|p2b: Espathra\n|\n|t:|1776289473\n|switch|p2b: Sinistcha|Sinistcha, L50|100/100|[from] Baton Pass\n|move|p1a: Jolteon|Hyper Voice|p2a: Scovillain|[spread] p2a\n|-immune|p2b: Sinistcha\n|-damage|p2a: Scovillain|0 fnt\n|faint|p2a: Scovillain\n|\n|-damage|p1b: Raichu|83/100 brn|[from] brn\n|-damage|p1a: Jolteon|89/100 brn|[from] brn\n|upkeep\n|\n|t:|1776289485\n|switch|p2a: Espathra|Espathra, L50, F|100/100\n|turn|4\n|\n|t:|1776289496\n|move|p1b: Raichu|Psychic|p2b: Sinistcha\n|-damage|p2b: Sinistcha|75/100\n|move|p2b: Sinistcha|Matcha Gotcha|p1a: Jolteon|[spread] p1a,p1b\n|-damage|p1a: Jolteon|0 fnt\n|-heal|p2b: Sinistcha|100/100|[from] drain|[of] p1a: Jolteon\n|-damage|p1b: Raichu|0 fnt\n|faint|p1a: Jolteon\n|faint|p1b: Raichu\n|move|p2a: Espathra|Calm Mind|p2a: Espathra\n|-boost|p2a: Espathra|spa|1\n|-boost|p2a: Espathra|spd|1\n|\n|-ability|p2a: Espathra|Speed Boost|boost\n|-boost|p2a: Espathra|spe|1\n|upkeep\n|\n|t:|1776289511\n|switch|p1a: Heliolisk|Heliolisk, L50, M|100/100\n|switch|p1b: Ampharos|Ampharos, L50, M|100/100\n|turn|5\n|\n|t:|1776289530\n|detailschange|p1b: Ampharos|Ampharos-Mega, L50, M\n|-mega|p1b: Ampharos|Ampharos|Ampharosite\n|-ability|p1b: Ampharos|Mold Breaker\n|move|p2a: Espathra|Lumina Crash|p1b: Ampharos\n|-damage|p1b: Ampharos|55/100\n|-unboost|p1b: Ampharos|spd|2\n|move|p2b: Sinistcha|Matcha Gotcha|p1b: Ampharos|[spread] p1a,p1b\n|-resisted|p1b: Ampharos|1\n|-damage|p1a: Heliolisk|0 fnt\n|-damage|p1b: Ampharos|0 fnt\n|faint|p1a: Heliolisk\n|faint|p1b: Ampharos\n|\n|win|Law_NBD\n|raw|ZakoDboX's rating: 1000 &rarr; <strong>1000</strong><br />(+0 for losing)\n|raw|Law_NBD's rating: 1011 &rarr; <strong>1048</strong><br />(+37 for winning)\n|l|\u2606ZakoDboX\n|player|p1|\n",
  "uploadtime": 1776289549,
  "views": 37,
  "formatid": "gen9championsvgc2026regma",
  "rating": 1000,
  "private": 0,
  "password": null
}