{
  "id": "gen9championsvgc2026regma-2580560175",
  "format": "[Gen 9 Champions] VGC 2026 Reg M-A",
  "players": [
    "Rarere",
    "yuriimon"
  ],
  "log": "|j|\u2606Rarere\n|j|\u2606yuriimon\n|t:|1775912895\n|gametype|doubles\n|player|p1|Rarere|cynthia-gen4|1135\n|player|p2|yuriimon|waitress-gen4|1074\n|gen|9\n|tier|[Gen 9 Champions] VGC 2026 Reg M-A\n|rated|\n|rule|Species Clause: Limit one of each Pok\u00e9mon\n|rule|Item Clause: Limit 1 of each item\n|clearpoke\n|poke|p1|Aerodactyl, L50, F|\n|poke|p1|Garchomp, L50, F|\n|poke|p1|Aegislash, L50, F|\n|poke|p1|Rotom-Wash, L50|\n|poke|p1|Dragonite, L50, F|\n|poke|p1|Banette, L50, F|\n|poke|p2|Feraligatr, L50, M|\n|poke|p2|Gallade, L50, M|\n|poke|p2|Politoed, L50, M|\n|poke|p2|Raichu, L50, F|\n|poke|p2|Arcanine-Hisui, L50, F|\n|poke|p2|Clefable, L50, F|\n|teampreview|4\n|inactive|Battle timer is ON: inactive players will automatically lose when time's up. (requested by yuriimon)\n|\n|t:|1775912922\n|teamsize|p1|4\n|teamsize|p2|4\n|start\n|switch|p1a: Aerodactyl|Aerodactyl, L50, F|100/100\n|switch|p1b: Rotom|Rotom-Wash, L50|100/100\n|switch|p2a: Raichu|Raichu, L50, F|100/100\n|switch|p2b: Gallade|Gallade, L50, M|100/100\n|turn|1\n|inactive|Rarere has 30 seconds left.\n|\n|t:|1775912954\n|switch|p1b: Garchomp|Garchomp, L50, F|100/100\n|move|p2a: Raichu|Fake Out|p1a: Aerodactyl\n|-resisted|p1a: Aerodactyl|1\n|-damage|p1a: Aerodactyl|95/100\n|cant|p1a: Aerodactyl|flinch\n|move|p2b: Gallade|Trick Room|p2b: Gallade\n|-fieldstart|move: Trick Room|[of] p2b: Gallade\n|\n|upkeep\n|turn|2\n|\n|t:|1775912971\n|move|p2b: Gallade|Wide Guard|p2b: Gallade\n|-singleturn|p2b: Gallade|Wide Guard\n|move|p2a: Raichu|Volt Switch|p1a: Aerodactyl\n|-supereffective|p1a: Aerodactyl|1\n|-damage|p1a: Aerodactyl|26/100\n|\n|t:|1775912981\n|switch|p2a: Feraligatr|Feraligatr, L50, M|100/100|[from] Volt Switch\n|move|p1a: Aerodactyl|Dual Wingbeat|p2b: Gallade\n|-supereffective|p2b: Gallade|1\n|-damage|p2b: Gallade|42/100\n|-supereffective|p2b: Gallade|1\n|-damage|p2b: Gallade|0 fnt\n|faint|p2b: Gallade\n|-hitcount|p2: Gallade|2\n|move|p1b: Garchomp|Earthquake|p2a: Feraligatr|[spread] \n|-activate|p2a: Feraligatr|move: Wide Guard\n|-immune|p1a: Aerodactyl\n|\n|upkeep\n|\n|t:|1775912993\n|switch|p2b: Clefable|Clefable, L50, F|100/100\n|turn|3\n|\n|t:|1775913001\n|switch|p1b: Rotom|Rotom-Wash, L50|100/100\n|detailschange|p2a: Feraligatr|Feraligatr-Mega, L50, M\n|-mega|p2a: Feraligatr|Feraligatr|Feraligite\n|move|p2b: Clefable|Follow Me|p2b: Clefable\n|-singleturn|p2b: Clefable|move: Follow Me\n|move|p2a: Feraligatr|Body Slam|p1b: Rotom\n|-damage|p1b: Rotom|20/100\n|move|p1a: Aerodactyl|Rock Slide|p2b: Clefable|[spread] p2a,p2b\n|-crit|p2a: Feraligatr\n|-crit|p2b: Clefable\n|-damage|p2a: Feraligatr|61/100\n|-damage|p2b: Clefable|63/100\n|\n|upkeep\n|turn|4\n|\n|t:|1775913023\n|move|p2b: Clefable|Moonblast|p1b: Rotom\n|-damage|p1b: Rotom|0 fnt\n|faint|p1b: Rotom\n|move|p2a: Feraligatr|Body Slam|p1a: Aerodactyl\n|-damage|p1a: Aerodactyl|0 fnt\n|faint|p1a: Aerodactyl\n|\n|upkeep\n|\n|t:|1775913031\n|switch|p1b: Garchomp|Garchomp, L50, F|100/100\n|switch|p1a: Dragonite|Dragonite, L50, F|100/100\n|turn|5\n|\n|t:|1775913043\n|detailschange|p1a: Dragonite|Dragonite-Mega, L50, F\n|-mega|p1a: Dragonite|Dragonite|Dragoninite\n|move|p2b: Clefable|Follow Me|p2b: Clefable\n|-singleturn|p2b: Clefable|move: Follow Me\n|move|p2a: Feraligatr|Body Slam|p1b: Garchomp\n|-supereffective|p1b: Garchomp|1\n|-damage|p1b: Garchomp|0 fnt\n|-damage|p2a: Feraligatr|49/100|[from] ability: Rough Skin|[of] p1b: Garchomp\n|faint|p1b: Garchomp\n|move|p1a: Dragonite|Hurricane|p2b: Clefable\n|-damage|p2b: Clefable|8/100\n|-enditem|p2b: Clefable|Sitrus Berry|[eat]\n|-heal|p2b: Clefable|32/100|[from] item: Sitrus Berry\n|\n|-fieldend|move: Trick Room\n|upkeep\n|turn|6\n|-message|Rarere forfeited.\n|\n|win|yuriimon\n|raw|Rarere's rating: 1135 &rarr; <strong>1106</strong><br />(-29 for losing)\n|raw|yuriimon's rating: 1074 &rarr; <strong>1108</strong><br />(+34 for winning)\n|l|\u2606Rarere\n|player|p1|\n",
  "uploadtime": 1775913056,
  "views": 11,
  "formatid": "gen9championsvgc2026regma",
  "rating": 1106,
  "private": 0,
  "password": null
}