{
  "id": "gen9championsvgc2026regma-2583799319",
  "format": "[Gen 9 Champions] VGC 2026 Reg M-A",
  "players": [
    "Kumori98",
    "mr. bigodon"
  ],
  "log": "|j|\u2606Kumori98\n|j|\u2606mr. bigodon\n|t:|1776198550\n|gametype|doubles\n|player|p1|Kumori98|265|1174\n|player|p2|mr. bigodon|drayden|1186\n|gen|9\n|tier|[Gen 9 Champions] VGC 2026 Reg M-A\n|rated|\n|rule|Species Clause: Limit one of each Pok\u00e9mon\n|rule|Item Clause: Limit 1 of each item\n|clearpoke\n|poke|p1|Drampa, L50, F|\n|poke|p1|Torkoal, L50, F|\n|poke|p1|Venusaur, L50, M|\n|poke|p1|Kingambit, L50, F|\n|poke|p1|Mimikyu, L50, M|\n|poke|p1|Kangaskhan, L50, F|\n|poke|p2|Delphox, L50, M|\n|poke|p2|Gardevoir, L50, F|\n|poke|p2|Milotic, L50, F|\n|poke|p2|Garchomp, L50, M|\n|poke|p2|Sableye, L50, M|\n|poke|p2|Maushold, L50|\n|teampreview|4\n|\n|t:|1776198569\n|teamsize|p1|4\n|teamsize|p2|4\n|start\n|switch|p1a: Mimikyu|Mimikyu, L50, M|100/100\n|switch|p1b: Kangaskhan|Kangaskhan, L50, F|100/100\n|switch|p2a: Gardevoir|Gardevoir, L50, F, shiny|100/100\n|switch|p2b: Sableye|Sableye, L50, M, shiny|100/100\n|turn|1\n|inactive|Battle timer is ON: inactive players will automatically lose when time's up. (requested by Kumori98)\n|\n|t:|1776198588\n|detailschange|p2a: Gardevoir|Gardevoir-Mega, L50, F, shiny\n|-mega|p2a: Gardevoir|Gardevoir|Gardevoirite\n|move|p1b: Kangaskhan|Fake Out|p2a: Gardevoir\n|-damage|p2a: Gardevoir|76/100\n|move|p2b: Sableye|Fake Out|p1b: Kangaskhan\n|-damage|p1b: Kangaskhan|94/100\n|cant|p2a: Gardevoir|flinch\n|move|p1a: Mimikyu|Trick Room|p1a: Mimikyu\n|-fieldstart|move: Trick Room|[of] p1a: Mimikyu\n|\n|upkeep\n|turn|2\n|inactive|Kumori98 has 30 seconds left.\n|\n|t:|1776198616\n|switch|p1a: Kingambit|Kingambit, L50, F|100/100\n|detailschange|p1b: Kangaskhan|Kangaskhan-Mega, L50, F\n|-mega|p1b: Kangaskhan|Kangaskhan|Kangaskhanite\n|move|p2b: Sableye|Encore|p1b: Kangaskhan\n|-start|p1b: Kangaskhan|Encore\n|move|p1b: Kangaskhan|Fake Out||[still]\n|-hint|Fake Out only works on your first turn out.\n|-fail|p1b: Kangaskhan\n|move|p2a: Gardevoir|Trick Room|p2a: Gardevoir\n|-fieldend|move: Trick Room\n|\n|upkeep\n|turn|3\n|\n|t:|1776198637\n|switch|p1b: Drampa|Drampa, L50, F|100/100\n|-ability|p1b: Drampa|Cloud Nine\n|switch|p2b: Garchomp|Garchomp, L50, M, shiny|100/100\n|switch|p1a: Mimikyu|Mimikyu, L50, M|100/100\n|move|p2a: Gardevoir|Protect||[still]\n|-fail|p2a: Gardevoir\n|\n|upkeep\n|turn|4\n|inactive|Kumori98 has 30 seconds left.\n|\n|t:|1776198663\n|move|p2b: Garchomp|Rock Slide|p1b: Drampa|[spread] p1a\n|-miss|p2b: Garchomp|p1b: Drampa\n|-activate|p1a: Mimikyu|ability: Disguise\n|-damage|p1a: Mimikyu|100/100\n|detailschange|p1a: Mimikyu|Mimikyu-Busted, L50, M\n|-damage|p1a: Mimikyu|88/100|[from] pokemon: Mimikyu-Busted\n|move|p2a: Gardevoir|Hyper Voice|p1a: Mimikyu|[spread] p1a,p1b\n|-supereffective|p1b: Drampa|1\n|-damage|p1a: Mimikyu|36/100\n|-damage|p1b: Drampa|0 fnt\n|faint|p1b: Drampa\n|move|p1a: Mimikyu|Trick Room|p1a: Mimikyu\n|-fieldstart|move: Trick Room|[of] p1a: Mimikyu\n|\n|upkeep\n|\n|t:|1776198678\n|switch|p1b: Kingambit|Kingambit, L50, F|100/100\n|turn|5\n|\n|t:|1776198684\n|switch|p2a: Milotic|Milotic, L50, F, shiny|100/100\n|switch|p2b: Sableye|Sableye, L50, M, shiny|100/100\n|move|p1b: Kingambit|Iron Head|p2a: Milotic\n|-resisted|p2a: Milotic|1\n|-damage|p2a: Milotic|79/100\n|move|p1a: Mimikyu|Play Rough|p2b: Sableye\n|-supereffective|p2b: Sableye|1\n|-crit|p2b: Sableye\n|-enditem|p2b: Sableye|Roseli Berry|[eat]\n|-enditem|p2b: Sableye|Roseli Berry|[weaken]\n|-damage|p2b: Sableye|16/100\n|-unboost|p2b: Sableye|atk|1\n|\n|-heal|p2a: Milotic|85/100|[from] item: Leftovers\n|upkeep\n|turn|6\n|\n|t:|1776198702\n|move|p2b: Sableye|Fake Out|p1b: Kingambit\n|-resisted|p1b: Kingambit|1\n|-crit|p1b: Kingambit\n|-damage|p1b: Kingambit|97/100\n|cant|p1b: Kingambit|flinch\n|move|p2a: Milotic|Scald|p1b: Kingambit\n|-damage|p1b: Kingambit|60/100\n|-status|p1b: Kingambit|brn\n|move|p1a: Mimikyu|Play Rough|p2a: Milotic\n|-damage|p2a: Milotic|49/100\n|\n|-heal|p2a: Milotic|55/100|[from] item: Leftovers\n|-damage|p1b: Kingambit|55/100 brn|[from] brn\n|upkeep\n|turn|7\n|inactive|mr. bigodon has 30 seconds left.\n|\n|t:|1776198730\n|switch|p1b: Kangaskhan|Kangaskhan-Mega, L50, F|94/100\n|switch|p2b: Garchomp|Garchomp, L50, M, shiny|100/100\n|move|p2a: Milotic|Protect|p2a: Milotic\n|-singleturn|p2a: Milotic|Protect\n|move|p1a: Mimikyu|Play Rough|p2b: Garchomp\n|-supereffective|p2b: Garchomp|1\n|-damage|p2b: Garchomp|26/100\n|-damage|p1a: Mimikyu|23/100|[from] ability: Rough Skin|[of] p2b: Garchomp\n|\n|-heal|p2a: Milotic|61/100|[from] item: Leftovers\n|upkeep\n|turn|8\n|\n|t:|1776198752\n|switch|p2b: Sableye|Sableye, L50, M, shiny|16/100\n|move|p1a: Mimikyu|Shadow Claw|p2a: Milotic\n|-crit|p2a: Milotic\n|-damage|p2a: Milotic|12/100\n|move|p2a: Milotic|Scald|p1a: Mimikyu\n|-damage|p1a: Mimikyu|0 fnt\n|faint|p1a: Mimikyu\n|move|p1b: Kangaskhan|Double-Edge|p2b: Sableye\n|-immune|p2b: Sableye\n|\n|-heal|p2a: Milotic|19/100|[from] item: Leftovers\n|-fieldend|move: Trick Room\n|upkeep\n|\n|t:|1776198757\n|switch|p1a: Kingambit|Kingambit, L50, F|55/100 brn\n|turn|9\n|\n|t:|1776198774\n|move|p2a: Milotic|Protect|p2a: Milotic\n|-singleturn|p2a: Milotic|Protect\n|move|p2b: Sableye|Fake Out|p1b: Kangaskhan\n|-damage|p1b: Kangaskhan|89/100\n|move|p1a: Kingambit|Sucker Punch||[still]\n|-fail|p1a: Kingambit\n|cant|p1b: Kangaskhan|flinch\n|\n|-heal|p2a: Milotic|25/100|[from] item: Leftovers\n|-damage|p1a: Kingambit|49/100 brn|[from] brn\n|upkeep\n|turn|10\n|inactive|Kumori98 has 30 seconds left.\n|inactive|Kumori98 has 20 seconds left.\n|\n|t:|1776198810\n|switch|p2b: Garchomp|Garchomp, L50, M, shiny|26/100\n|move|p1a: Kingambit|Sucker Punch|p2a: Milotic\n|-damage|p2a: Milotic|0 fnt\n|faint|p2a: Milotic\n|move|p1b: Kangaskhan|Crunch|p2b: Garchomp\n|-damage|p2b: Garchomp|0 fnt\n|-damage|p1b: Kangaskhan|76/100|[from] ability: Rough Skin|[of] p2b: Garchomp\n|faint|p2b: Garchomp\n|-hitcount|p2: Garchomp|1\n|\n|-damage|p1a: Kingambit|43/100 brn|[from] brn\n|upkeep\n|\n|t:|1776198815\n|switch|p2b: Sableye|Sableye, L50, M, shiny|16/100\n|switch|p2a: Gardevoir|Gardevoir-Mega, L50, F, shiny|76/100\n|turn|11\n|\n|t:|1776198829\n|move|p2b: Sableye|Fake Out|p1b: Kangaskhan\n|-damage|p1b: Kangaskhan|71/100\n|move|p1a: Kingambit|Sucker Punch|p2a: Gardevoir\n|-damage|p2a: Gardevoir|46/100\n|move|p2a: Gardevoir|Hyper Voice|p1a: Kingambit|[spread] p1a,p1b\n|-damage|p1a: Kingambit|0 fnt\n|-damage|p1b: Kangaskhan|28/100\n|faint|p1a: Kingambit\n|cant|p1b: Kangaskhan|flinch\n|\n|upkeep\n|turn|12\n|\n|t:|1776198841\n|move|p2b: Sableye|Quash|p1b: Kangaskhan\n|-activate|p1b: Kangaskhan|move: Quash\n|move|p2a: Gardevoir|Psyshock|p1b: Kangaskhan\n|-damage|p1b: Kangaskhan|0 fnt\n|faint|p1b: Kangaskhan\n|\n|win|mr. bigodon\n|raw|Kumori98's rating: 1174 &rarr; <strong>1150</strong><br />(-24 for losing)\n|raw|mr. bigodon's rating: 1186 &rarr; <strong>1210</strong><br />(+24 for winning)\n|l|\u2606Kumori98\n|player|p1|\n",
  "uploadtime": 1776198854,
  "views": 27,
  "formatid": "gen9championsvgc2026regma",
  "rating": 1150,
  "private": 0,
  "password": null
}