{
  "id": "gen9championsvgc2026regma-2586791331",
  "format": "[Gen 9 Champions] VGC 2026 Reg M-A",
  "players": [
    "cabrino",
    "PlazaRayquaza"
  ],
  "log": "|j|\u2606cabrino\n|j|\u2606PlazaRayquaza\n|t:|1776460200\n|gametype|doubles\n|player|p1|cabrino|depotagent|1463\n|player|p2|PlazaRayquaza|calem-masters|1436\n|gen|9\n|tier|[Gen 9 Champions] VGC 2026 Reg M-A\n|rated|\n|rule|Species Clause: Limit one of each Pok\u00e9mon\n|rule|Item Clause: Limit 1 of each item\n|clearpoke\n|poke|p1|Aerodactyl, L50, F|\n|poke|p1|Sneasler, L50, M|\n|poke|p1|Kingambit, L50, M|\n|poke|p1|Garchomp, L50, M|\n|poke|p1|Basculegion, L50, M|\n|poke|p1|Charizard, L50, M|\n|poke|p2|Venusaur, L50, M|\n|poke|p2|Chandelure, L50, M|\n|poke|p2|Farigiraf, L50, F|\n|poke|p2|Whimsicott, L50, F|\n|poke|p2|Pangoro, L50, M|\n|poke|p2|Excadrill, L50, M|\n|teampreview|4\n|\n|t:|1776460232\n|teamsize|p1|4\n|teamsize|p2|4\n|start\n|switch|p1a: Garchalipe|Garchomp, L50, M|100/100\n|switch|p1b: Cabrizard|Charizard, L50, M, shiny|100/100\n|switch|p2a: Simon|Excadrill, L50, M, shiny|100/100\n|switch|p2b: FluffPuff|Whimsicott, L50, F, shiny|100/100\n|-ability|p2a: Simon|Mold Breaker\n|turn|1\n|\n|t:|1776460241\n|detailschange|p2a: Simon|Excadrill-Mega, L50, M, shiny\n|-mega|p2a: Simon|Excadrill|Excadrite\n|detailschange|p1b: Cabrizard|Charizard-Mega-Y, L50, M, shiny\n|-mega|p1b: Cabrizard|Charizard|Charizardite Y\n|-weather|SunnyDay|[from] ability: Drought|[of] p1b: Cabrizard\n|move|p2b: FluffPuff|Tailwind|p2b: FluffPuff\n|-sidestart|p2: PlazaRayquaza|move: Tailwind\n|move|p2a: Simon|Rock Slide|p1a: Garchalipe|[spread] p1a,p1b\n|-resisted|p1a: Garchalipe|1\n|-supereffective|p1b: Cabrizard|2\n|-damage|p1a: Garchalipe|88/100\n|-damage|p1b: Cabrizard|0 fnt\n|faint|p1b: Cabrizard\n|move|p1a: Garchalipe|Earthquake|p2b: FluffPuff|[spread] p2a,p2b\n|-supereffective|p2a: Simon|1\n|-resisted|p2b: FluffPuff|1\n|-damage|p2a: Simon|23/100\n|-damage|p2b: FluffPuff|72/100\n|\n|-weather|SunnyDay|[upkeep]\n|upkeep\n|j| LegitLadderingInc\n|\n|t:|1776460263\n|switch|p1b: PablitoGames|Kingambit, L50, M, shiny|100/100\n|turn|2\n|\n|t:|1776460281\n|switch|p2b: Escalator|Farigiraf, L50, F, shiny|100/100\n|move|p2a: Simon|High Horsepower|p1b: PablitoGames\n|-supereffective|p1b: PablitoGames|1\n|-damage|p1b: PablitoGames|16/100\n|move|p1a: Garchalipe|Stomping Tantrum|p2b: Escalator\n|-damage|p2b: Escalator|67/100\n|move|p1b: PablitoGames|Kowtow Cleave|p2b: Escalator\n|-supereffective|p2b: Escalator|1\n|-damage|p2b: Escalator|0 fnt\n|faint|p2b: Escalator\n|\n|-weather|SunnyDay|[upkeep]\n|upkeep\n|\n|t:|1776460297\n|switch|p2b: FluffPuff|Whimsicott, L50, F, shiny|72/100\n|turn|3\n|\n|t:|1776460304\n|move|p2a: Simon|Protect|p2a: Simon\n|-singleturn|p2a: Simon|Protect\n|move|p1b: PablitoGames|Sucker Punch||[still]\n|-fail|p1b: PablitoGames\n|move|p2b: FluffPuff|Moonblast|p1b: PablitoGames\n|-damage|p1b: PablitoGames|0 fnt\n|faint|p1b: PablitoGames\n|move|p1a: Garchalipe|Earthquake|p2a: Simon|[spread] p2b\n|-activate|p2a: Simon|move: Protect\n|-resisted|p2b: FluffPuff|1\n|-damage|p2b: FluffPuff|40/100\n|\n|-weather|SunnyDay|[upkeep]\n|upkeep\n|\n|t:|1776460307\n|switch|p1b: Pugsy Hunter|Sneasler, L50, M, shiny|100/100\n|turn|4\n|\n|t:|1776460319\n|switch|p2a: Po|Pangoro, L50, M, shiny|100/100\n|move|p2b: FluffPuff|Protect|p2b: FluffPuff\n|-singleturn|p2b: FluffPuff|Protect\n|move|p1b: Pugsy Hunter|Protect|p1b: Pugsy Hunter\n|-singleturn|p1b: Pugsy Hunter|Protect\n|move|p1a: Garchalipe|Stomping Tantrum|p2a: Po\n|-damage|p2a: Po|54/100\n|\n|-weather|SunnyDay|[upkeep]\n|-sideend|p2: PlazaRayquaza|move: Tailwind\n|upkeep\n|turn|5\n|\n|t:|1776460347\n|move|p1a: Garchalipe|Protect|p1a: Garchalipe\n|-singleturn|p1a: Garchalipe|Protect\n|move|p2b: FluffPuff|Tailwind|p2b: FluffPuff\n|-sidestart|p2: PlazaRayquaza|move: Tailwind\n|move|p2a: Po|Close Combat|p1a: Garchalipe\n|-activate|p1a: Garchalipe|move: Protect\n|move|p1b: Pugsy Hunter|Close Combat|p2a: Po\n|-supereffective|p2a: Po|1\n|-enditem|p2a: Po|Chople Berry|[eat]\n|-enditem|p2a: Po|Chople Berry|[weaken]\n|-damage|p2a: Po|0 fnt\n|-unboost|p1b: Pugsy Hunter|def|1\n|-unboost|p1b: Pugsy Hunter|spd|1\n|faint|p2a: Po\n|-enditem|p1b: Pugsy Hunter|White Herb\n|-clearnegativeboost|p1b: Pugsy Hunter|[silent]\n|\n|-weather|none\n|upkeep\n|\n|t:|1776460350\n|switch|p2a: Simon|Excadrill-Mega, L50, M, shiny|23/100\n|turn|6\n|\n|t:|1776460365\n|move|p1b: Pugsy Hunter|Protect|p1b: Pugsy Hunter\n|-singleturn|p1b: Pugsy Hunter|Protect\n|move|p2b: FluffPuff|Moonblast|p1a: Garchalipe\n|-supereffective|p1a: Garchalipe|1\n|-damage|p1a: Garchalipe|9/100\n|move|p2a: Simon|High Horsepower|p1b: Pugsy Hunter\n|-supereffective|p1b: Pugsy Hunter|1\n|-ability|p2a: Simon|Piercing Drill\n|-zbroken|p1b: Pugsy Hunter\n|-damage|p1b: Pugsy Hunter|67/100\n|move|p1a: Garchalipe|Stomping Tantrum|p2a: Simon\n|-supereffective|p2a: Simon|1\n|-damage|p2a: Simon|0 fnt\n|faint|p2a: Simon\n|\n|upkeep\n|turn|7\n|\n|t:|1776460381\n|move|p2b: FluffPuff|Moonblast|p1b: Pugsy Hunter\n|-damage|p1b: Pugsy Hunter|28/100\n|move|p1b: Pugsy Hunter|Dire Claw|p2b: FluffPuff\n|-supereffective|p2b: FluffPuff|2\n|-damage|p2b: FluffPuff|0 fnt\n|faint|p2b: FluffPuff\n|\n|win|cabrino\n|raw|cabrino's rating: 1463 &rarr; <strong>1481</strong><br />(+18 for winning)\n|raw|PlazaRayquaza's rating: 1436 &rarr; <strong>1418</strong><br />(-18 for losing)\n|l|\u2606PlazaRayquaza\n|player|p2|\n|l| LegitLadderingInc\n",
  "uploadtime": 1776460396,
  "views": 45,
  "formatid": "gen9championsvgc2026regma",
  "rating": 1418,
  "private": 0,
  "password": null
}