{
  "id": "gen9championsvgc2026regma-2584598025",
  "format": "[Gen 9 Champions] VGC 2026 Reg M-A",
  "players": [
    "harusima",
    "monkey112221"
  ],
  "log": "|j|\u2606harusima\n|j|\u2606monkey112221\n|t:|1776271190\n|gametype|doubles\n|player|p1|harusima|1|1117\n|player|p2|monkey112221|clown|1126\n|gen|9\n|tier|[Gen 9 Champions] VGC 2026 Reg M-A\n|rated|\n|rule|Species Clause: Limit one of each Pok\u00e9mon\n|rule|Item Clause: Limit 1 of each item\n|clearpoke\n|poke|p1|Incineroar, L50, M|\n|poke|p1|Sinistcha, L50|\n|poke|p1|Garchomp, L50, M|\n|poke|p1|Rotom-Wash, L50|\n|poke|p1|Sneasler, L50, F|\n|poke|p1|Floette-Eternal, L50, F|\n|poke|p2|Tyranitar, L50, F|\n|poke|p2|Excadrill, L50, M|\n|poke|p2|Corviknight, L50, M|\n|poke|p2|Primarina, L50, M|\n|poke|p2|Incineroar, L50, M|\n|poke|p2|Sinistcha-Masterpiece, L50|\n|teampreview|4\n|\n|t:|1776271214\n|teamsize|p1|4\n|teamsize|p2|4\n|start\n|switch|p1a: Rotom|Rotom-Wash, L50|100/100\n|switch|p1b: Floette|Floette-Eternal, L50, F|100/100\n|switch|p2a: cupcake|Tyranitar, L50, F|100/100\n|switch|p2b: Corviknight|Corviknight, L50, M|100/100\n|-weather|Sandstorm|[from] ability: Sand Stream|[of] p2a: cupcake\n|turn|1\n|\n|t:|1776271241\n|detailschange|p1b: Floette|Floette-Mega, L50, F\n|-mega|p1b: Floette|Floette|Floettite\n|-ability|p1b: Floette|Fairy Aura\n|move|p2a: cupcake|Protect|p2a: cupcake\n|-singleturn|p2a: cupcake|Protect\n|move|p1a: Rotom|Volt Switch|p2b: Corviknight\n|-supereffective|p2b: Corviknight|1\n|-damage|p2b: Corviknight|51/100\n|\n|t:|1776271253\n|switch|p1a: Sneasler|Sneasler, L50, F|100/100|[from] Volt Switch\n|move|p1b: Floette|Dazzling Gleam|p2a: cupcake|[spread] p2b\n|-activate|p2a: cupcake|move: Protect\n|-resisted|p2b: Corviknight|1\n|-damage|p2b: Corviknight|26/100\n|move|p2b: Corviknight|Tailwind|p2b: Corviknight\n|-sidestart|p2: monkey112221|move: Tailwind\n|\n|-weather|Sandstorm|[upkeep]\n|-damage|p1a: Sneasler|95/100|[from] Sandstorm\n|-damage|p1b: Floette|94/100|[from] Sandstorm\n|-heal|p2b: Corviknight|32/100|[from] item: Leftovers\n|upkeep\n|turn|2\n|\n|t:|1776271276\n|detailschange|p2a: cupcake|Tyranitar-Mega, L50, F\n|-mega|p2a: cupcake|Tyranitar|Tyranitarite\n|move|p1a: Sneasler|Fake Out|p2b: Corviknight\n|-resisted|p2b: Corviknight|1\n|-damage|p2b: Corviknight|27/100\n|move|p2a: cupcake|Rock Slide|p1a: Sneasler|[spread] p1a\n|-miss|p2a: cupcake|p1b: Floette\n|-resisted|p1a: Sneasler|1\n|-damage|p1a: Sneasler|63/100\n|cant|p2b: Corviknight|flinch\n|move|p1b: Floette|Dazzling Gleam|p2b: Corviknight|[spread] p2a,p2b\n|-supereffective|p2a: cupcake|1\n|-resisted|p2b: Corviknight|1\n|-damage|p2a: cupcake|44/100\n|-damage|p2b: Corviknight|3/100\n|\n|-weather|Sandstorm|[upkeep]\n|-damage|p1a: Sneasler|57/100|[from] Sandstorm\n|-damage|p1b: Floette|88/100|[from] Sandstorm\n|-heal|p2b: Corviknight|9/100|[from] item: Leftovers\n|upkeep\n|turn|3\n|\n|t:|1776271301\n|move|p2a: cupcake|Protect|p2a: cupcake\n|-singleturn|p2a: cupcake|Protect\n|move|p2b: Corviknight|Roost|p2b: Corviknight\n|-heal|p2b: Corviknight|59/100\n|-singleturn|p2b: Corviknight|move: Roost\n|move|p1a: Sneasler|Close Combat|p2a: cupcake\n|-activate|p2a: cupcake|move: Protect\n|move|p1b: Floette|Dazzling Gleam|p2a: cupcake|[spread] p2b\n|-activate|p2a: cupcake|move: Protect\n|-resisted|p2b: Corviknight|1\n|-damage|p2b: Corviknight|32/100\n|\n|-weather|Sandstorm|[upkeep]\n|-damage|p1a: Sneasler|51/100|[from] Sandstorm\n|-damage|p1b: Floette|82/100|[from] Sandstorm\n|-heal|p2b: Corviknight|38/100|[from] item: Leftovers\n|upkeep\n|turn|4\n|\n|t:|1776271325\n|move|p2a: cupcake|Rock Slide|p1a: Sneasler|[spread] p1a,p1b\n|-resisted|p1a: Sneasler|1\n|-damage|p1a: Sneasler|22/100\n|-damage|p1b: Floette|41/100\n|move|p2b: Corviknight|Brave Bird|p1a: Sneasler\n|-supereffective|p1a: Sneasler|1\n|-damage|p1a: Sneasler|0 fnt\n|faint|p1a: Sneasler\n|-damage|p2b: Corviknight|33/100|[from] Recoil\n|cant|p1b: Floette|flinch\n|\n|-weather|Sandstorm|[upkeep]\n|-damage|p1b: Floette|35/100|[from] Sandstorm\n|-heal|p2b: Corviknight|39/100|[from] item: Leftovers\n|-sideend|p2: monkey112221|move: Tailwind\n|upkeep\n|\n|t:|1776271339\n|switch|p1a: Sinistcha|Sinistcha, L50|100/100\n|-heal|p1b: Floette|60/100|[from] ability: Hospitality|[of] p1a: Sinistcha\n|turn|5\n|\n|t:|1776271358\n|switch|p2a: Incineroar|Incineroar, L50, M|100/100\n|move|p1b: Floette|Dazzling Gleam|p2a: Incineroar|[spread] p2a,p2b\n|-resisted|p2b: Corviknight|1\n|-damage|p2a: Incineroar|50/100\n|-damage|p2b: Corviknight|13/100\n|move|p1a: Sinistcha|Matcha Gotcha|p2a: Incineroar|[spread] p2a,p2b\n|-resisted|p2a: Incineroar|1\n|-resisted|p2b: Corviknight|2\n|-damage|p2a: Incineroar|37/100\n|-damage|p2b: Corviknight|7/100\n|-status|p2b: Corviknight|brn\n|move|p2b: Corviknight|Brave Bird|p1a: Sinistcha\n|-supereffective|p1a: Sinistcha|1\n|-damage|p1a: Sinistcha|72/100\n|-damage|p2b: Corviknight|0 fnt|[from] Recoil\n|faint|p2b: Corviknight\n|\n|-weather|none\n|upkeep\n|\n|t:|1776271374\n|switch|p2b: Primarina|Primarina, L50, M|100/100\n|turn|6\n|\n|t:|1776271385\n|move|p2b: Primarina|Protect|p2b: Primarina\n|-singleturn|p2b: Primarina|Protect\n|move|p1b: Floette|Dazzling Gleam|p2a: Incineroar|[spread] p2a\n|-activate|p2b: Primarina|move: Protect\n|-damage|p2a: Incineroar|0 fnt\n|faint|p2a: Incineroar\n|move|p1a: Sinistcha|Matcha Gotcha|p2b: Primarina\n|-activate|p2b: Primarina|move: Protect\n|\n|upkeep\n|\n|t:|1776271393\n|switch|p2a: cupcake|Tyranitar-Mega, L50, F|44/100\n|-weather|Sandstorm|[from] ability: Sand Stream|[of] p2a: cupcake\n|turn|7\n|\n|t:|1776271409\n|move|p2a: cupcake|Protect|p2a: cupcake\n|-singleturn|p2a: cupcake|Protect\n|move|p1b: Floette|Dazzling Gleam|p2b: Primarina|[spread] p2b\n|-activate|p2a: cupcake|move: Protect\n|-damage|p2b: Primarina|52/100\n|move|p2b: Primarina|Moonblast|p1b: Floette\n|-damage|p1b: Floette|3/100\n|move|p1a: Sinistcha|Matcha Gotcha|p2a: cupcake|[spread] p2b\n|-activate|p2a: cupcake|move: Protect\n|-supereffective|p2b: Primarina|1\n|-damage|p2b: Primarina|8/100\n|-heal|p1a: Sinistcha|93/100|[from] drain|[of] p2b: Primarina\n|\n|-weather|Sandstorm|[upkeep]\n|-damage|p1b: Floette|0 fnt|[from] Sandstorm\n|-damage|p2b: Primarina|2/100|[from] Sandstorm\n|-damage|p1a: Sinistcha|87/100|[from] Sandstorm\n|faint|p1b: Floette\n|upkeep\n|\n|t:|1776271427\n|switch|p1b: Rotom|Rotom-Wash, L50|100/100\n|turn|8\n|\n|t:|1776271444\n|move|p2b: Primarina|Protect|p2b: Primarina\n|-singleturn|p2b: Primarina|Protect\n|move|p1b: Rotom|Hydro Pump|p2a: cupcake|[miss]\n|-miss|p1b: Rotom|p2a: cupcake\n|move|p2a: cupcake|Crunch|p1a: Sinistcha\n|-supereffective|p1a: Sinistcha|1\n|-damage|p1a: Sinistcha|0 fnt\n|faint|p1a: Sinistcha\n|\n|-weather|Sandstorm|[upkeep]\n|-damage|p1b: Rotom|95/100|[from] Sandstorm\n|-damage|p2b: Primarina|0 fnt|[from] Sandstorm\n|faint|p2b: Primarina\n|upkeep\n|turn|9\n|c|\u2606harusima|gg\n|\n|t:|1776271459\n|move|p1b: Rotom|Hydro Pump|p2a: cupcake\n|-supereffective|p2a: cupcake|1\n|-damage|p2a: cupcake|2/100\n|move|p2a: cupcake|Rock Slide|p1b: Rotom\n|-damage|p1b: Rotom|40/100\n|\n|-weather|Sandstorm|[upkeep]\n|-damage|p1b: Rotom|34/100|[from] Sandstorm\n|upkeep\n|turn|10\n|\n|t:|1776271470\n|move|p2a: cupcake|Protect|p2a: cupcake\n|-singleturn|p2a: cupcake|Protect\n|move|p1b: Rotom|Hydro Pump|p2a: cupcake\n|-activate|p2a: cupcake|move: Protect\n|\n|-weather|Sandstorm|[upkeep]\n|-damage|p1b: Rotom|28/100|[from] Sandstorm\n|upkeep\n|turn|11\n|c|\u2606monkey112221|its not over\n|\n|t:|1776271484\n|move|p1b: Rotom|Hydro Pump|p2a: cupcake\n|-supereffective|p2a: cupcake|1\n|-damage|p2a: cupcake|0 fnt\n|faint|p2a: cupcake\n|\n|win|harusima\n|raw|harusima's rating: 1117 &rarr; <strong>1143</strong><br />(+26 for winning)\n|raw|monkey112221's rating: 1126 &rarr; <strong>1100</strong><br />(-26 for losing)\n|c|\u2606harusima|?\n|c|\u2606monkey112221|nooo\n|c|\u2606monkey112221|ggs\n|l|\u2606harusima\n|player|p1|\n|c|\u2606monkey112221|man so close\n",
  "uploadtime": 1776271519,
  "views": 21,
  "formatid": "gen9championsvgc2026regma",
  "rating": 1100,
  "private": 0,
  "password": null
}