{
  "id": "gen9championsvgc2026regma-2581092578",
  "format": "[Gen 9 Champions] VGC 2026 Reg M-A",
  "players": [
    "yuriimon",
    "Unpuzzled"
  ],
  "log": "|j|\u2606yuriimon\n|j|\u2606Unpuzzled\n|t:|1775959127\n|gametype|doubles\n|player|p1|yuriimon|waitress-gen4|1094\n|player|p2|Unpuzzled|265|1042\n|gen|9\n|tier|[Gen 9 Champions] VGC 2026 Reg M-A\n|rated|\n|rule|Species Clause: Limit one of each Pok\u00e9mon\n|rule|Item Clause: Limit 1 of each item\n|clearpoke\n|poke|p1|Feraligatr, L50, M|\n|poke|p1|Gallade, L50, M|\n|poke|p1|Pelipper, L50, M|\n|poke|p1|Raichu, L50, F|\n|poke|p1|Arcanine-Hisui, L50, F|\n|poke|p1|Clefable, L50, F|\n|poke|p2|Venusaur, L50, F|\n|poke|p2|Arcanine-Hisui, L50, M|\n|poke|p2|Azumarill, L50, F|\n|poke|p2|Lucario, L50, F|\n|poke|p2|Dragonite, L50, M|\n|poke|p2|Sinistcha, L50|\n|teampreview|4\n|inactive|Battle timer is ON: inactive players will automatically lose when time's up. (requested by yuriimon)\n|inactive|yuriimon has 60 seconds left.\n|inactive|Unpuzzled has 60 seconds left.\n|\n|t:|1775959166\n|teamsize|p1|4\n|teamsize|p2|4\n|start\n|switch|p1a: Raichu|Raichu, L50, F|100/100\n|switch|p1b: Arcanine|Arcanine-Hisui, L50, F|100/100\n|switch|p2a: Arcanine|Arcanine-Hisui, L50, M|100/100\n|switch|p2b: Venusaur|Venusaur, L50, F|100/100\n|-ability|p2a: Arcanine|Intimidate|boost\n|-unboost|p1a: Raichu|atk|1\n|-unboost|p1b: Arcanine|atk|1\n|-enditem|p1b: Arcanine|White Herb\n|-clearnegativeboost|p1b: Arcanine|[silent]\n|turn|1\n|inactive|yuriimon has 30 seconds left.\n|inactive|Unpuzzled has 30 seconds left.\n|\n|t:|1775959194\n|detailschange|p2b: Venusaur|Venusaur-Mega, L50, F\n|-mega|p2b: Venusaur|Venusaur|Venusaurite\n|move|p1a: Raichu|Fake Out|p2a: Arcanine\n|-resisted|p2a: Arcanine|1\n|-damage|p2a: Arcanine|97/100\n|cant|p2a: Arcanine|flinch\n|move|p1b: Arcanine|Head Smash|p2a: Arcanine|[miss]\n|-miss|p1b: Arcanine|p2a: Arcanine\n|move|p2b: Venusaur|Leech Seed|p1a: Raichu\n|-start|p1a: Raichu|move: Leech Seed\n|\n|-damage|p1a: Raichu|89/100|[from] Leech Seed|[of] p2b: Venusaur\n|upkeep\n|turn|2\n|inactive|Unpuzzled has 30 seconds left.\n|\n|t:|1775959219\n|move|p2a: Arcanine|Rock Slide|p1a: Raichu|[spread] p1b\n|-miss|p2a: Arcanine|p1a: Raichu\n|-supereffective|p1b: Arcanine|1\n|-damage|p1b: Arcanine|36/100\n|move|p1a: Raichu|Volt Switch|p2a: Arcanine\n|-damage|p2a: Arcanine|67/100\n|\n|t:|1775959227\n|switch|p1a: Gallade|Gallade, L50, M|100/100|[from] Volt Switch\n|move|p1b: Arcanine|Head Smash|p2a: Arcanine\n|-supereffective|p2a: Arcanine|1\n|-damage|p2a: Arcanine|0 fnt\n|faint|p2a: Arcanine\n|move|p2b: Venusaur|Energy Ball|p1b: Arcanine\n|-damage|p1b: Arcanine|0 fnt\n|faint|p1b: Arcanine\n|\n|upkeep\n|\n|t:|1775959249\n|switch|p2a: Dragonite|Dragonite, L50, M|100/100\n|switch|p1b: Raichu|Raichu, L50, F|89/100\n|turn|3\n|\n|t:|1775959260\n|move|p1b: Raichu|Fake Out|p2a: Dragonite\n|-damage|p2a: Dragonite|96/100\n|cant|p2a: Dragonite|flinch\n|move|p2b: Venusaur|Leech Seed|p1a: Gallade\n|-start|p1a: Gallade|move: Leech Seed\n|move|p1a: Gallade|Trick Room|p1a: Gallade\n|-fieldstart|move: Trick Room|[of] p1a: Gallade\n|\n|-heal|p2a: Dragonite|100/100|[from] item: Leftovers\n|-damage|p1a: Gallade|89/100|[from] Leech Seed|[of] p2b: Venusaur\n|upkeep\n|turn|4\n|\n|t:|1775959281\n|move|p2a: Dragonite|Extreme Speed|p1b: Raichu\n|-crit|p1b: Raichu\n|-damage|p1b: Raichu|6/100\n|move|p1a: Gallade|Psycho Cut|p2b: Venusaur\n|-supereffective|p2b: Venusaur|1\n|-damage|p2b: Venusaur|30/100\n|move|p2b: Venusaur|Leech Seed|p1b: Raichu|[miss]\n|-miss|p2b: Venusaur|p1b: Raichu\n|move|p1b: Raichu|Thunder|p2a: Dragonite\n|-damage|p2a: Dragonite|81/100\n|\n|-heal|p2a: Dragonite|87/100|[from] item: Leftovers\n|-damage|p1a: Gallade|77/100|[from] Leech Seed|[of] p2b: Venusaur\n|-heal|p2b: Venusaur|39/100|[silent]\n|upkeep\n|turn|5\n|inactive|Unpuzzled has 30 seconds left.\n|\n|t:|1775959308\n|switch|p1a: Feraligatr|Feraligatr, L50, M|100/100\n|move|p2a: Dragonite|Extreme Speed|p1b: Raichu\n|-damage|p1b: Raichu|0 fnt\n|faint|p1b: Raichu\n|move|p2b: Venusaur|Sludge Bomb|p1a: Feraligatr\n|-damage|p1a: Feraligatr|60/100\n|\n|-heal|p2a: Dragonite|93/100|[from] item: Leftovers\n|upkeep\n|\n|t:|1775959316\n|switch|p1b: Gallade|Gallade, L50, M|77/100\n|turn|6\n|\n|t:|1775959329\n|detailschange|p1a: Feraligatr|Feraligatr-Mega, L50, M\n|-mega|p1a: Feraligatr|Feraligatr|Feraligite\n|move|p1b: Gallade|Psycho Cut|p2b: Venusaur\n|-supereffective|p2b: Venusaur|1\n|-damage|p2b: Venusaur|0 fnt\n|faint|p2b: Venusaur\n|move|p1a: Feraligatr|Body Slam|p2a: Dragonite\n|-supereffective|p2a: Dragonite|1\n|-damage|p2a: Dragonite|0 fnt\n|faint|p2a: Dragonite\n|\n|upkeep\n|-message|Unpuzzled forfeited.\n|\n|win|yuriimon\n|raw|yuriimon's rating: 1094 &rarr; <strong>1116</strong><br />(+22 for winning)\n|raw|Unpuzzled's rating: 1042 &rarr; <strong>1028</strong><br />(-14 for losing)\n|l|\u2606Unpuzzled\n|player|p2|\n",
  "uploadtime": 1775959344,
  "views": 9,
  "formatid": "gen9championsvgc2026regma",
  "rating": 1028,
  "private": 0,
  "password": null
}