{
  "id": "gen9championsvgc2026regma-2581322990",
  "format": "[Gen 9 Champions] VGC 2026 Reg M-A",
  "players": [
    "homed known swoop",
    "caustic soda"
  ],
  "log": "|j|\u2606homed known swoop\n|j|\u2606caustic soda\n|t:|1775986573\n|gametype|doubles\n|player|p1|homed known swoop|2|1082\n|player|p2|caustic soda|169|1119\n|gen|9\n|tier|[Gen 9 Champions] VGC 2026 Reg M-A\n|rated|\n|rule|Species Clause: Limit one of each Pok\u00e9mon\n|rule|Item Clause: Limit 1 of each item\n|clearpoke\n|poke|p1|Tyranitar, L50, M|\n|poke|p1|Excadrill, L50, M|\n|poke|p1|Sinistcha, L50|\n|poke|p1|Floette-Eternal, L50, F|\n|poke|p1|Incineroar, L50, F|\n|poke|p1|Rotom-Wash, L50|\n|poke|p2|Tyranitar, L50, M|\n|poke|p2|Excadrill, L50, M|\n|poke|p2|Garchomp, L50, F|\n|poke|p2|Sinistcha, L50|\n|poke|p2|Sneasler, L50, M|\n|poke|p2|Rotom-Wash, L50|\n|teampreview|4\nhomed known swoop rejected open team sheets.\n|inactive|Battle timer is ON: inactive players will automatically lose when time's up. (requested by homed known swoop)\n|\n|t:|1775986608\n|teamsize|p1|4\n|teamsize|p2|4\n|start\n|switch|p1a: Floette|Floette-Eternal, L50, F|100/100\n|switch|p1b: Incineroar|Incineroar, L50, F|100/100\n|switch|p2a: Sneasler|Sneasler, L50, M|100/100\n|switch|p2b: Garchomp|Garchomp, L50, F|100/100\n|-ability|p1b: Incineroar|Intimidate|boost\n|-unboost|p2a: Sneasler|atk|1\n|-unboost|p2b: Garchomp|atk|1\n|-enditem|p2a: Sneasler|White Herb\n|-clearnegativeboost|p2a: Sneasler|[silent]\n|turn|1\n|inactive|caustic soda has 30 seconds left.\n|inactive|homed known swoop has 30 seconds left.\n|inactive|caustic soda has 20 seconds left.\n|\n|t:|1775986644\n|switch|p2b: Tyranitar|Tyranitar, L50, M|100/100\n|-weather|Sandstorm|[from] ability: Sand Stream|[of] p2b: Tyranitar\n|switch|p1b: Rotom|Rotom-Wash, L50|100/100\n|detailschange|p1a: Floette|Floette-Mega, L50, F\n|-mega|p1a: Floette|Floette|Floettite\n|-ability|p1a: Floette|Fairy Aura\n|move|p2a: Sneasler|Fake Out|p1a: Floette\n|-damage|p1a: Floette|82/100\n|cant|p1a: Floette|flinch\n|\n|-weather|Sandstorm|[upkeep]\n|-damage|p2a: Sneasler|95/100|[from] Sandstorm\n|-damage|p1b: Rotom|95/100|[from] Sandstorm\n|-damage|p1a: Floette|76/100|[from] Sandstorm\n|upkeep\n|turn|2\n|\n|t:|1775986665\n|switch|p2b: Garchomp|Garchomp, L50, F|100/100\n|move|p1a: Floette|Protect|p1a: Floette\n|-singleturn|p1a: Floette|Protect\n|move|p2a: Sneasler|Dire Claw|p1a: Floette\n|-activate|p1a: Floette|move: Protect\n|move|p1b: Rotom|Hydro Pump|p2b: Garchomp|[miss]\n|-miss|p1b: Rotom|p2b: Garchomp\n|\n|-weather|Sandstorm|[upkeep]\n|-damage|p2a: Sneasler|89/100|[from] Sandstorm\n|-damage|p1b: Rotom|89/100|[from] Sandstorm\n|-damage|p1a: Floette|70/100|[from] Sandstorm\n|upkeep\n|turn|3\n|\n|t:|1775986683\n|switch|p1a: Incineroar|Incineroar, L50, F|100/100\n|-ability|p1a: Incineroar|Intimidate|boost\n|-unboost|p2a: Sneasler|atk|1\n|-unboost|p2b: Garchomp|atk|1\n|move|p2a: Sneasler|Dire Claw|p1a: Incineroar\n|-damage|p1a: Incineroar|72/100\n|move|p1b: Rotom|Hydro Pump|p2b: Garchomp\n|-damage|p2b: Garchomp|41/100\n|move|p2b: Garchomp|Substitute|p2b: Garchomp\n|-start|p2b: Garchomp|Substitute\n|-damage|p2b: Garchomp|16/100\n|\n|-weather|Sandstorm|[upkeep]\n|-damage|p2a: Sneasler|83/100|[from] Sandstorm\n|-damage|p1b: Rotom|84/100|[from] Sandstorm\n|-damage|p1a: Incineroar|66/100|[from] Sandstorm\n|upkeep\n|turn|4\n|inactive|homed known swoop has 30 seconds left.\n|inactive|homed known swoop has 20 seconds left.\n|\n|t:|1775986720\n|move|p2a: Sneasler|Coaching|p2b: Garchomp\n|-boost|p2b: Garchomp|atk|1\n|-boost|p2b: Garchomp|def|1\n|move|p1b: Rotom|Hydro Pump|p2a: Sneasler\n|-damage|p2a: Sneasler|13/100\n|move|p2b: Garchomp|Stomping Tantrum|p1a: Incineroar\n|-supereffective|p1a: Incineroar|1\n|-damage|p1a: Incineroar|0 fnt\n|faint|p1a: Incineroar\n|\n|-weather|Sandstorm|[upkeep]\n|-damage|p2a: Sneasler|8/100|[from] Sandstorm\n|-damage|p1b: Rotom|78/100|[from] Sandstorm\n|upkeep\n|\n|t:|1775986736\n|switch|p1a: Sinistcha|Sinistcha, L50|100/100\n|-heal|p1b: Rotom|100/100|[from] ability: Hospitality|[of] p1a: Sinistcha\n|turn|5\n|\n|t:|1775986766\n|switch|p2a: Sinistcha|Sinistcha, L50|100/100\n|-heal|p2b: Garchomp|41/100|[from] ability: Hospitality|[of] p2a: Sinistcha\n|move|p1b: Rotom|Hydro Pump|p2b: Garchomp|[miss]\n|-miss|p1b: Rotom|p2b: Garchomp\n|move|p2b: Garchomp|Dragon Claw|p1b: Rotom\n|-damage|p1b: Rotom|45/100\n|move|p1a: Sinistcha|Matcha Gotcha|p2b: Garchomp|[spread] p2a,p2b\n|-activate|p2b: Garchomp|move: Substitute|[damage]\n|-resisted|p2a: Sinistcha|1\n|-damage|p2a: Sinistcha|87/100\n|\n|-weather|none\n|upkeep\n|turn|6\n|inactive|homed known swoop has 30 seconds left.\n|inactive|caustic soda has 30 seconds left.\n|inactive|homed known swoop has 20 seconds left.\n|inactive|caustic soda has 20 seconds left.\n|inactive|homed known swoop has 15 seconds left.\n|\n|t:|1775986808\n|switch|p1b: Floette|Floette-Mega, L50, F|70/100\n|-ability|p1b: Floette|Fairy Aura\n|switch|p2a: Sneasler|Sneasler, L50, M|8/100\n|move|p2b: Garchomp|Dragon Claw|p1b: Floette\n|-immune|p1b: Floette\n|move|p1a: Sinistcha|Life Dew||[still]|[spread] p1a,p1b\n|-fail|p1a: Sinistcha|heal\n|-heal|p1b: Floette|95/100\n|\n|upkeep\n|turn|7\n|\n|t:|1775986830\n|move|p1b: Floette|Protect|p1b: Floette\n|-singleturn|p1b: Floette|Protect\n|move|p2a: Sneasler|Dire Claw|p1b: Floette\n|-activate|p1b: Floette|move: Protect\n|move|p2b: Garchomp|Earthquake|p1b: Floette|[spread] p2a,p1a\n|-activate|p1b: Floette|move: Protect\n|-supereffective|p2a: Sneasler|1\n|-resisted|p1a: Sinistcha|1\n|-crit|p1a: Sinistcha\n|-damage|p2a: Sneasler|0 fnt\n|-damage|p1a: Sinistcha|77/100\n|faint|p2a: Sneasler\n|move|p1a: Sinistcha|Trick Room|p1a: Sinistcha\n|-fieldstart|move: Trick Room|[of] p1a: Sinistcha\n|\n|-heal|p1a: Sinistcha|83/100|[from] item: Leftovers\n|upkeep\n|\n|t:|1775986844\n|switch|p2a: Tyranitar|Tyranitar, L50, M|100/100\n|-weather|Sandstorm|[from] ability: Sand Stream|[of] p2a: Tyranitar\n|turn|8\n|\n|t:|1775986852\n|detailschange|p2a: Tyranitar|Tyranitar-Mega, L50, M\n|-mega|p2a: Tyranitar|Tyranitar|Tyranitarite\n|move|p1a: Sinistcha|Matcha Gotcha|p2a: Tyranitar|[spread] p2a,p2b\n|-end|p2b: Garchomp|Substitute\n|-heal|p1a: Sinistcha|84/100|[from] drain|[of] p2b: Garchomp\n|-supereffective|p2a: Tyranitar|1\n|-damage|p2a: Tyranitar|74/100\n|-heal|p1a: Sinistcha|97/100|[from] drain|[of] p2a: Tyranitar\n|move|p2a: Tyranitar|Knock Off|p1a: Sinistcha\n|-supereffective|p1a: Sinistcha|1\n|-damage|p1a: Sinistcha|5/100\n|-enditem|p1a: Sinistcha|Leftovers|[from] move: Knock Off|[of] p2a: Tyranitar\n|move|p1b: Floette|Dazzling Gleam|p2b: Garchomp|[spread] p2a\n|-miss|p1b: Floette|p2b: Garchomp\n|-supereffective|p2a: Tyranitar|1\n|-damage|p2a: Tyranitar|20/100\n|move|p2b: Garchomp|Stomping Tantrum|p1b: Floette\n|-damage|p1b: Floette|44/100\n|\n|-weather|Sandstorm|[upkeep]\n|-damage|p1a: Sinistcha|0 fnt|[from] Sandstorm\n|-damage|p1b: Floette|38/100|[from] Sandstorm\n|faint|p1a: Sinistcha\n|upkeep\n|\n|t:|1775986873\n|switch|p1a: Rotom|Rotom-Wash, L50|45/100\n|turn|9\n|\n|t:|1775986884\n|move|p2a: Tyranitar|Protect|p2a: Tyranitar\n|-singleturn|p2a: Tyranitar|Protect\n|move|p2b: Garchomp|Stomping Tantrum|p1b: Floette\n|-damage|p1b: Floette|0 fnt\n|faint|p1b: Floette\n|move|p1a: Rotom|Hydro Pump|p2b: Garchomp\n|-damage|p2b: Garchomp|0 fnt\n|faint|p2b: Garchomp\n|\n|-weather|Sandstorm|[upkeep]\n|-damage|p1a: Rotom|40/100|[from] Sandstorm\n|upkeep\n|\n|t:|1775986887\n|switch|p2b: Sinistcha|Sinistcha, L50|87/100\n|-heal|p2a: Tyranitar|45/100|[from] ability: Hospitality|[of] p2b: Sinistcha\n|turn|10\n|\n|t:|1775986898\n|move|p2b: Sinistcha|Matcha Gotcha|p1a: Rotom\n|-supereffective|p1a: Rotom|1\n|-damage|p1a: Rotom|0 fnt\n|-heal|p2b: Sinistcha|100/100|[from] drain|[of] p1a: Rotom\n|faint|p1a: Rotom\n|\n|win|caustic soda\n|raw|homed known swoop's rating: 1082 &rarr; <strong>1062</strong><br />(-20 for losing)\n|raw|caustic soda's rating: 1119 &rarr; <strong>1141</strong><br />(+22 for winning)\n|l|\u2606homed known swoop\n|player|p1|\n",
  "uploadtime": 1775986909,
  "views": 15,
  "formatid": "gen9championsvgc2026regma",
  "rating": 1062,
  "private": 0,
  "password": null
}