{
  "id": "gen9championsvgc2026regma-2586826768",
  "format": "[Gen 9 Champions] VGC 2026 Reg M-A",
  "players": [
    "Mentalsyndrome",
    "Crit Merchant"
  ],
  "log": "|j|\u2606Mentalsyndrome\n|j|\u2606Crit Merchant\n|t:|1776463158\n|gametype|doubles\n|player|p1|Mentalsyndrome|1|1242\n|player|p2|Crit Merchant|101|1341\n|gen|9\n|tier|[Gen 9 Champions] VGC 2026 Reg M-A\n|rated|\n|rule|Species Clause: Limit one of each Pok\u00e9mon\n|rule|Item Clause: Limit 1 of each item\n|clearpoke\n|poke|p1|Tinkaton, L50, F|\n|poke|p1|Kangaskhan, L50, F|\n|poke|p1|Farigiraf, L50, M|\n|poke|p1|Camerupt, L50, F|\n|poke|p1|Gardevoir, L50, F|\n|poke|p1|Conkeldurr, L50, M|\n|poke|p2|Whimsicott, L50, F|\n|poke|p2|Pelipper, L50, F|\n|poke|p2|Archaludon, L50, M|\n|poke|p2|Basculegion, L50, M|\n|poke|p2|Dragonite, L50, F|\n|poke|p2|Aromatisse, L50, M|\n|teampreview|4\n|inactive|Battle timer is ON: inactive players will automatically lose when time's up. (requested by Mentalsyndrome)\n|\n|t:|1776463180\n|teamsize|p1|4\n|teamsize|p2|4\n|start\n|switch|p1a: Taco Tuesday|Kangaskhan, L50, F|100/100\n|switch|p1b: Shane|Farigiraf, L50, M|100/100\n|switch|p2a: Pelipper|Pelipper, L50, F|100/100\n|switch|p2b: Dragonite|Dragonite, L50, F|100/100\n|-weather|RainDance|[from] ability: Drizzle|[of] p2a: Pelipper\n|turn|1\n|inactive|Crit Merchant has 30 seconds left.\n|\n|t:|1776463207\n|switch|p2a: Aromatisse|Aromatisse, L50, M|100/100\n|move|p2b: Dragonite|Protect|p2b: Dragonite\n|-singleturn|p2b: Dragonite|Protect\n|move|p1a: Taco Tuesday|Fake Out|p2a: Aromatisse\n|-damage|p2a: Aromatisse|77/100\n|move|p1b: Shane|Trick Room|p1b: Shane\n|-fieldstart|move: Trick Room|[of] p1b: Shane\n|\n|-weather|RainDance|[upkeep]\n|upkeep\n|turn|2\n|\n|t:|1776463223\n|detailschange|p2b: Dragonite|Dragonite-Mega, L50, F\n|-mega|p2b: Dragonite|Dragonite|Dragoninite\n|move|p2a: Aromatisse|After You|p2b: Dragonite\n|-activate|p2b: Dragonite|move: After You\n|move|p2b: Dragonite|Hurricane|p1a: Taco Tuesday\n|-damage|p1a: Taco Tuesday|38/100\n|move|p1b: Shane|Twin Beam|p2b: Dragonite\n|-damage|p2b: Dragonite|92/100\n|-crit|p2b: Dragonite\n|-damage|p2b: Dragonite|69/100\n|-hitcount|p2b: Dragonite|2\n|move|p1a: Taco Tuesday|Double-Edge|p2b: Dragonite\n|-damage|p2b: Dragonite|8/100\n|-damage|p1a: Taco Tuesday|18/100|[from] Recoil\n|\n|-weather|RainDance|[upkeep]\n|upkeep\n|turn|3\n|\n|t:|1776463239\n|move|p2b: Dragonite|Protect|p2b: Dragonite\n|-singleturn|p2b: Dragonite|Protect\n|move|p1a: Taco Tuesday|Sucker Punch||[still]\n|-fail|p1a: Taco Tuesday\n|move|p2a: Aromatisse|Moonblast|p1a: Taco Tuesday\n|-damage|p1a: Taco Tuesday|0 fnt\n|faint|p1a: Taco Tuesday\n|move|p1b: Shane|Twin Beam|p2a: Aromatisse\n|-crit|p2a: Aromatisse\n|-damage|p2a: Aromatisse|48/100\n|-damage|p2a: Aromatisse|28/100\n|-hitcount|p2a: Aromatisse|2\n|\n|-weather|RainDance|[upkeep]\n|upkeep\n|\n|t:|1776463242\n|switch|p1a: Chuckles|Conkeldurr, L50, M|100/100\n|turn|4\n|inactive|Crit Merchant has 30 seconds left.\n|\n|t:|1776463268\n|move|p1a: Chuckles|Protect|p1a: Chuckles\n|-singleturn|p1a: Chuckles|Protect\n|move|p2b: Dragonite|Protect|p2b: Dragonite\n|-singleturn|p2b: Dragonite|Protect\n|move|p2a: Aromatisse|Moonblast|p1a: Chuckles\n|-activate|p1a: Chuckles|move: Protect\n|move|p1b: Shane|Twin Beam|p2a: Aromatisse\n|-damage|p2a: Aromatisse|9/100\n|-damage|p2a: Aromatisse|0 fnt\n|faint|p2a: Aromatisse\n|-hitcount|p2: Aromatisse|2\n|\n|-weather|RainDance|[upkeep]\n|upkeep\n|\n|t:|1776463272\n|switch|p2a: Pelipper|Pelipper, L50, F|100/100\n|turn|5\n|\n|t:|1776463283\n|switch|p2b: Basculegion|Basculegion, L50, M|100/100\n|move|p1a: Chuckles|Mach Punch|p2b: Basculegion\n|-immune|p2b: Basculegion\n|move|p1b: Shane|Thunderbolt|p2a: Pelipper\n|-supereffective|p2a: Pelipper|2\n|-damage|p2a: Pelipper|0 fnt\n|faint|p2a: Pelipper\n|\n|-weather|none\n|-fieldend|move: Trick Room\n|upkeep\n|\n|t:|1776463291\n|switch|p2a: Dragonite|Dragonite-Mega, L50, F|8/100\n|turn|6\n|\n|t:|1776463318\n|move|p2a: Dragonite|Protect|p2a: Dragonite\n|-singleturn|p2a: Dragonite|Protect\n|move|p1a: Chuckles|Mach Punch|p2a: Dragonite\n|-activate|p2a: Dragonite|move: Protect\n|move|p2b: Basculegion|Wave Crash|p1b: Shane\n|-damage|p1b: Shane|32/100\n|-damage|p2b: Basculegion|77/100|[from] Recoil\n|move|p1b: Shane|Trick Room|p1b: Shane\n|-fieldstart|move: Trick Room|[of] p1b: Shane\n|\n|upkeep\n|turn|7\n|-message|Crit Merchant forfeited.\n|\n|win|Mentalsyndrome\n|raw|Mentalsyndrome's rating: 1242 &rarr; <strong>1274</strong><br />(+32 for winning)\n|raw|Crit Merchant's rating: 1341 &rarr; <strong>1315</strong><br />(-26 for losing)\n|l|\u2606Crit Merchant\n|player|p2|\n",
  "uploadtime": 1776463331,
  "views": 44,
  "formatid": "gen9championsvgc2026regma",
  "rating": 1274,
  "private": 0,
  "password": null
}