{
  "id": "gen9championsvgc2026regma-2585914968",
  "format": "[Gen 9 Champions] VGC 2026 Reg M-A",
  "players": [
    "Blumagination",
    "testhan92"
  ],
  "log": "|j|\u2606Blumagination\n|j|\u2606testhan92\n|t:|1776381060\n|gametype|doubles\n|player|p1|Blumagination|2|1272\n|player|p2|testhan92|169|1347\n|gen|9\n|tier|[Gen 9 Champions] VGC 2026 Reg M-A\n|rated|\n|rule|Species Clause: Limit one of each Pok\u00e9mon\n|rule|Item Clause: Limit 1 of each item\n|clearpoke\n|poke|p1|Froslass, L50, F|\n|poke|p1|Kingambit, L50, M|\n|poke|p1|Sneasler, L50, F|\n|poke|p1|Whimsicott, L50, F|\n|poke|p1|Farigiraf, L50, F|\n|poke|p1|Primarina, L50, F|\n|poke|p2|Charizard, L50, F|\n|poke|p2|Sneasler, L50, M|\n|poke|p2|Aegislash, L50, F|\n|poke|p2|Floette-Eternal, L50, F|\n|poke|p2|Sinistcha, L50|\n|poke|p2|Incineroar, L50, F|\n|teampreview|4\nBlumagination has agreed to open team sheets.\n|inactive|Battle timer is ON: inactive players will automatically lose when time's up. (requested by Blumagination)\ntesthan92 has agreed to open team sheets.\n|showteam|p1|Froslass||Froslassite|SnowCloak|Protect,AuroraVeil,Blizzard,ShadowBall|||F|||50|]Kingambit||BlackGlasses|Defiant|Protect,SwordsDance,SuckerPunch,KowtowCleave|||M|||50|]Sneasler||WhiteHerb|Unburden|Protect,FakeOut,CloseCombat,DireClaw|||F|||50|]Whimsicott||FocusSash|Prankster|Protect,Tailwind,Encore,Moonblast|||F|||50|]Farigiraf||SitrusBerry|ArmorTail|Protect,HelpingHand,Psychic,TrickRoom|||F|||50|]Primarina||Leftovers|LiquidVoice|Protect,IcyWind,HyperVoice,Moonblast|||F|||50|\n|showteam|p2|Charizard||CharizarditeX|Blaze|BreakingSwipe,DragonDance,FlareBlitz,Protect|||F|||50|]Sneasler||WhiteHerb|Unburden|FakeOut,CloseCombat,Coaching,DireClaw|||M|||50|]Aegislash||BlackBelt|StanceChange|ShadowSneak,IronHead,WideGuard,KingsShield|||F|||50|]Floette-Eternal||Floettite|FlowerVeil|DrainingKiss,DazzlingGleam,CalmMind,Protect|||F|||50|]Sinistcha||OccaBerry|Hospitality|LifeDew,TrickRoom,MatchaGotcha,RagePowder||||||50|]Incineroar||SitrusBerry|Intimidate|FlareBlitz,DarkestLariat,PartingShot,FakeOut|||F|||50|\n|inactive|Blumagination has 60 seconds left.\n|inactive|testhan92 has 60 seconds left.\n|\n|t:|1776381117\n|teamsize|p1|4\n|teamsize|p2|4\n|start\n|switch|p1a: Farigiraf|Farigiraf, L50, F|100/100\n|switch|p1b: Primarina|Primarina, L50, F|100/100\n|switch|p2a: Floette|Floette-Eternal, L50, F|100/100\n|switch|p2b: Sneasler|Sneasler, L50, M|100/100\n|turn|1\n|inactive|testhan92 has 30 seconds left.\n|\n|t:|1776381150\n|detailschange|p2a: Floette|Floette-Mega, L50, F\n|-mega|p2a: Floette|Floette|Floettite\n|-ability|p2a: Floette|Fairy Aura\n|move|p1b: Primarina|Protect|p1b: Primarina\n|-singleturn|p1b: Primarina|Protect\n|move|p2b: Sneasler|Coaching|p2a: Floette\n|-boost|p2a: Floette|atk|1\n|-boost|p2a: Floette|def|1\n|move|p2a: Floette|Calm Mind|p2a: Floette\n|-boost|p2a: Floette|spa|1\n|-boost|p2a: Floette|spd|1\n|move|p1a: Farigiraf|Trick Room|p1a: Farigiraf\n|-fieldstart|move: Trick Room|[of] p1a: Farigiraf\n|\n|upkeep\n|turn|2\n|\n|t:|1776381166\n|switch|p2b: Incineroar|Incineroar, L50, F|100/100\n|-ability|p2b: Incineroar|Intimidate|boost\n|-unboost|p1a: Farigiraf|atk|1\n|-unboost|p1b: Primarina|atk|1\n|move|p1a: Farigiraf|Psychic|p2b: Incineroar\n|-immune|p2b: Incineroar\n|move|p1b: Primarina|Hyper Voice|p2a: Floette|[spread] p2a,p2b\n|-supereffective|p2b: Incineroar|1\n|-damage|p2a: Floette|83/100\n|-damage|p2b: Incineroar|31/100\n|-enditem|p2b: Incineroar|Sitrus Berry|[eat]\n|-heal|p2b: Incineroar|56/100|[from] item: Sitrus Berry\n|move|p2a: Floette|Calm Mind|p2a: Floette\n|-boost|p2a: Floette|spa|1\n|-boost|p2a: Floette|spd|1\n|\n|upkeep\n|turn|3\n|\n|t:|1776381186\n|switch|p2b: Sneasler|Sneasler, L50, M|100/100\n|move|p1a: Farigiraf|Helping Hand|p1b: Primarina\n|-singleturn|p1b: Primarina|Helping Hand|[of] p1a: Farigiraf\n|move|p1b: Primarina|Hyper Voice|p2a: Floette|[spread] p2a,p2b\n|-damage|p2a: Floette|65/100\n|-damage|p2b: Sneasler|29/100\n|move|p2a: Floette|Draining Kiss|p1a: Farigiraf\n|-damage|p1a: Farigiraf|23/100\n|-heal|p2a: Floette|100/100|[from] drain|[of] p1a: Farigiraf\n|-enditem|p1a: Farigiraf|Sitrus Berry|[eat]\n|-heal|p1a: Farigiraf|48/100|[from] item: Sitrus Berry\n|\n|upkeep\n|turn|4\n|inactive|Blumagination has 30 seconds left.\n|inactive|testhan92 has 30 seconds left.\n|inactive|testhan92 has 20 seconds left.\n|inactive|testhan92 has 15 seconds left.\n|inactive|testhan92 has 10 seconds left.\n|\n|t:|1776381238\n|move|p1a: Farigiraf|Protect|p1a: Farigiraf\n|-singleturn|p1a: Farigiraf|Protect\n|move|p1b: Primarina|Protect|p1b: Primarina\n|-singleturn|p1b: Primarina|Protect\n|move|p2a: Floette|Calm Mind|p2a: Floette\n|-boost|p2a: Floette|spa|1\n|-boost|p2a: Floette|spd|1\n|move|p2b: Sneasler|Dire Claw|p1b: Primarina\n|-activate|p1b: Primarina|move: Protect\n|\n|upkeep\n|turn|5\n|inactive|testhan92 has 30 seconds left.\n|\n|t:|1776381267\n|switch|p2b: Incineroar|Incineroar, L50, F|56/100\n|-ability|p2b: Incineroar|Intimidate|boost\n|-unboost|p1a: Farigiraf|atk|1\n|-unboost|p1b: Primarina|atk|1\n|move|p1a: Farigiraf|Psychic|p2b: Incineroar\n|-immune|p2b: Incineroar\n|move|p1b: Primarina|Icy Wind|p2b: Incineroar|[spread] p2a,p2b\n|-resisted|p2b: Incineroar|1\n|-damage|p2a: Floette|96/100\n|-damage|p2b: Incineroar|50/100\n|-unboost|p2a: Floette|spe|1\n|-unboost|p2b: Incineroar|spe|1\n|move|p2a: Floette|Dazzling Gleam|p1a: Farigiraf|[spread] p1a,p1b\n|-damage|p1a: Farigiraf|0 fnt\n|-damage|p1b: Primarina|23/100\n|faint|p1a: Farigiraf\n|\n|-heal|p1b: Primarina|29/100|[from] item: Leftovers\n|-fieldend|move: Trick Room\n|upkeep\n|\n|t:|1776381278\n|switch|p1a: Sneasler|Sneasler, L50, F|100/100\n|turn|6\n|\n|t:|1776381291\n|switch|p2b: Sneasler|Sneasler, L50, M|29/100\n|move|p1a: Sneasler|Protect|p1a: Sneasler\n|-singleturn|p1a: Sneasler|Protect\n|move|p2a: Floette|Protect|p2a: Floette\n|-singleturn|p2a: Floette|Protect\n|move|p1b: Primarina|Protect||[still]\n|-fail|p1b: Primarina\n|\n|-heal|p1b: Primarina|35/100|[from] item: Leftovers\n|upkeep\n|turn|7\n|\n|t:|1776381309\n|switch|p1a: Froslass|Froslass, L50, F|100/100\n|move|p2b: Sneasler|Fake Out|p1a: Froslass\n|-immune|p1a: Froslass\n|move|p2a: Floette|Dazzling Gleam|p1b: Primarina|[spread] p1a,p1b\n|-damage|p1a: Froslass|0 fnt\n|-damage|p1b: Primarina|0 fnt\n|faint|p1a: Froslass\n|faint|p1b: Primarina\n|\n|upkeep\n|\n|t:|1776381311\n|switch|p1b: Sneasler|Sneasler, L50, F|100/100\n|turn|8\n|-message|Blumagination forfeited.\n|\n|win|testhan92\n|raw|Blumagination's rating: 1272 &rarr; <strong>1252</strong><br />(-20 for losing)\n|raw|testhan92's rating: 1347 &rarr; <strong>1363</strong><br />(+16 for winning)\n",
  "uploadtime": 1776381314,
  "views": 37,
  "formatid": "gen9championsvgc2026regma",
  "rating": 1252,
  "private": 0,
  "password": null
}