{
  "id": "gen9championsvgc2026regma-2584018234",
  "format": "[Gen 9 Champions] VGC 2026 Reg M-A",
  "players": [
    "oranguru91",
    "KilamanolaVGC"
  ],
  "log": "|j|\u2606oranguru91\n|j|\u203dKilamanolaVGC\n|t:|1776217224\n|gametype|doubles\n|player|p1|oranguru91|colress|1380\n|player|p2|KilamanolaVGC|benga|1449\n|gen|9\n|tier|[Gen 9 Champions] VGC 2026 Reg M-A\n|rated|\n|rule|Species Clause: Limit one of each Pok\u00e9mon\n|rule|Item Clause: Limit 1 of each item\n|clearpoke\n|poke|p1|Floette-Eternal, L50, F|\n|poke|p1|Milotic, L50, M|\n|poke|p1|Sableye, L50, F|\n|poke|p1|Aerodactyl, L50, M|\n|poke|p1|Incineroar, L50, M|\n|poke|p1|Sinistcha, L50|\n|poke|p2|Floette-Eternal, L50, F|\n|poke|p2|Garchomp, L50, M|\n|poke|p2|Aerodactyl, L50, M|\n|poke|p2|Kingambit, L50, F|\n|poke|p2|Charizard, L50, M|\n|poke|p2|Sneasler, L50, M|\n|teampreview|4\n|inactive|Battle timer is ON: inactive players will automatically lose when time's up. (requested by KilamanolaVGC)\nKilamanolaVGC has agreed to open team sheets.\n|inactive|oranguru91 has 60 seconds left.\n|inactive|KilamanolaVGC has 60 seconds left.\n|inactive|KilamanolaVGC has 30 seconds left.\n|\n|t:|1776217285\n|teamsize|p1|4\n|teamsize|p2|4\n|start\n|switch|p1a: Aerodactyl|Aerodactyl, L50, M|100/100\n|switch|p1b: Incineroar|Incineroar, L50, M|100/100\n|switch|p2a: Sneasler|Sneasler, L50, M, shiny|100/100\n|switch|p2b: Kingambit|Kingambit, L50, F, shiny|100/100\n|-ability|p1a: Aerodactyl|Unnerve\n|-ability|p1b: Incineroar|Intimidate|boost\n|-unboost|p2a: Sneasler|atk|1\n|-unboost|p2b: Kingambit|atk|1\n|-ability|p2b: Kingambit|Defiant|boost\n|-boost|p2b: Kingambit|atk|2\n|-enditem|p2a: Sneasler|White Herb\n|-clearnegativeboost|p2a: Sneasler|[silent]\n|turn|1\n|\n|t:|1776217298\n|move|p2a: Sneasler|Fake Out|p1b: Incineroar\n|-damage|p1b: Incineroar|86/100\n|move|p1a: Aerodactyl|Dual Wingbeat|p2a: Sneasler\n|-supereffective|p2a: Sneasler|1\n|-damage|p2a: Sneasler|39/100\n|-supereffective|p2a: Sneasler|1\n|-damage|p2a: Sneasler|0 fnt\n|faint|p2a: Sneasler\n|-hitcount|p2: Sneasler|2\n|cant|p1b: Incineroar|flinch\n|move|p2b: Kingambit|Kowtow Cleave|p1a: Aerodactyl\n|-enditem|p1a: Aerodactyl|Focus Sash\n|-damage|p1a: Aerodactyl|1/100\n|\n|upkeep\n|\n|t:|1776217306\n|switch|p2a: Aerodactyl|Aerodactyl, L50, M|100/100\n|-ability|p2a: Aerodactyl|Unnerve\n|turn|2\n|\n|t:|1776217321\n|move|p2b: Kingambit|Sucker Punch|p1b: Incineroar\n|-resisted|p1b: Incineroar|1\n|-damage|p1b: Incineroar|48/100\n|move|p2a: Aerodactyl|Rock Slide|p1b: Incineroar|[spread] p1b\n|-miss|p2a: Aerodactyl|p1a: Aerodactyl\n|-supereffective|p1b: Incineroar|1\n|-damage|p1b: Incineroar|0 fnt\n|faint|p1b: Incineroar\n|move|p1a: Aerodactyl|Tailwind|p1a: Aerodactyl\n|-sidestart|p1: oranguru91|move: Tailwind\n|\n|upkeep\n|\n|t:|1776217328\n|switch|p1b: Sableye|Sableye, L50, F|100/100\n|turn|3\n|\n|t:|1776217350\n|switch|p1a: Floette|Floette-Eternal, L50, F|100/100\n|move|p1b: Sableye|Disable|p2a: Aerodactyl\n|-start|p2a: Aerodactyl|Disable|Rock Slide\n|move|p2b: Kingambit|Sucker Punch||[still]\n|-fail|p2b: Kingambit\n|move|p2a: Aerodactyl|Tailwind|p2a: Aerodactyl\n|-sidestart|p2: KilamanolaVGC|move: Tailwind\n|\n|upkeep\n|turn|4\n|\n|t:|1776217371\n|detailschange|p1a: Floette|Floette-Mega, L50, F\n|-mega|p1a: Floette|Floette|Floettite\n|-ability|p1a: Floette|Fairy Aura\n|move|p2a: Aerodactyl|Protect|p2a: Aerodactyl\n|-singleturn|p2a: Aerodactyl|Protect\n|move|p1a: Floette|Protect|p1a: Floette\n|-singleturn|p1a: Floette|Protect\n|move|p1b: Sableye|Encore|p2a: Aerodactyl\n|-activate|p2a: Aerodactyl|move: Protect\n|move|p2b: Kingambit|Kowtow Cleave|p1b: Sableye\n|-damage|p1b: Sableye|0 fnt\n|faint|p1b: Sableye\n|\n|upkeep\n|\n|t:|1776217376\n|switch|p1b: Aerodactyl|Aerodactyl, L50, M|1/100\n|-ability|p1b: Aerodactyl|Unnerve\n|turn|5\n|\n|t:|1776217394\n|move|p2a: Aerodactyl|Dual Wingbeat|p1b: Aerodactyl\n|-resisted|p1b: Aerodactyl|1\n|-damage|p1b: Aerodactyl|0 fnt\n|faint|p1b: Aerodactyl\n|-hitcount|p1: Aerodactyl|1\n|move|p1a: Floette|Light of Ruin|p2b: Kingambit\n|-damage|p2b: Kingambit|0 fnt\n|faint|p2b: Kingambit\n|-damage|p1a: Floette|44/100|[from] Recoil\n|\n|-sideend|p1: oranguru91|move: Tailwind\n|upkeep\n|\n|t:|1776217402\n|switch|p2b: Floette|Floette-Eternal, L50, F|100/100\n|turn|6\n|-message|oranguru91 forfeited.\n|\n|win|KilamanolaVGC\n|raw|oranguru91's rating: 1380 &rarr; <strong>1364</strong><br />(-16 for losing)\n|raw|KilamanolaVGC's rating: 1449 &rarr; <strong>1465</strong><br />(+16 for winning)\n|l|\u2606oranguru91\n|player|p1|\n",
  "uploadtime": 1776217422,
  "views": 47,
  "formatid": "gen9championsvgc2026regma",
  "rating": 1364,
  "private": 0,
  "password": null
}