{
  "id": "gen9championsvgc2026regma-2586782999",
  "format": "[Gen 9 Champions] VGC 2026 Reg M-A",
  "players": [
    "benjigeon",
    "penledzuu"
  ],
  "log": "|j|\u2606benjigeon\n|j|\u2606penledzuu\n|t:|1776459537\n|gametype|doubles\n|player|p1|benjigeon|pokemonranger-gen4|1130\n|player|p2|penledzuu|ninjaboy|1149\n|gen|9\n|tier|[Gen 9 Champions] VGC 2026 Reg M-A\n|rated|\n|rule|Species Clause: Limit one of each Pok\u00e9mon\n|rule|Item Clause: Limit 1 of each item\n|clearpoke\n|poke|p1|Heracross, L50, M|\n|poke|p1|Whimsicott, L50, M|\n|poke|p1|Garchomp, L50, F|\n|poke|p1|Sinistcha, L50|\n|poke|p1|Hydrapple, L50, F|\n|poke|p1|Lucario, L50, M|\n|poke|p2|Gengar, L50, M|\n|poke|p2|Gardevoir, L50, F|\n|poke|p2|Arcanine-Hisui, L50, F|\n|poke|p2|Charizard, L50, F|\n|poke|p2|Machamp, L50, M|\n|poke|p2|Sneasler, L50, F|\n|teampreview|4\n|inactive|Battle timer is ON: inactive players will automatically lose when time's up. (requested by penledzuu)\n|inactive|benjigeon has 60 seconds left.\n|\n|t:|1776459579\n|teamsize|p1|4\n|teamsize|p2|4\n|start\n|switch|p1a: Garchomp|Garchomp, L50, F|100/100\n|switch|p1b: Sinistcha|Sinistcha, L50|100/100\n|switch|p2a: Gengar|Gengar, L50, M, shiny|100/100\n|switch|p2b: Sneasler|Sneasler, L50, F|100/100\n|turn|1\n|\n|t:|1776459600\n|move|p2b: Sneasler|Fake Out|p1a: Garchomp\n|-damage|p1a: Garchomp|84/100\n|-damage|p2b: Sneasler|88/100|[from] ability: Rough Skin|[of] p1a: Garchomp\n|cant|p1a: Garchomp|flinch\n|move|p2a: Gengar|Icy Wind|p1a: Garchomp|[spread] p1a,p1b\n|-supereffective|p1a: Garchomp|2\n|-supereffective|p1b: Sinistcha|1\n|-damage|p1a: Garchomp|19/100\n|-damage|p1b: Sinistcha|67/100\n|-unboost|p1a: Garchomp|spe|1\n|-unboost|p1b: Sinistcha|spe|1\n|move|p1b: Sinistcha|Trick Room|p1b: Sinistcha\n|-fieldstart|move: Trick Room|[of] p1b: Sinistcha\n|\n|upkeep\n|turn|2\n|\n|t:|1776459620\n|switch|p2b: Charizard|Charizard, L50, F, shiny|100/100\n|move|p1b: Sinistcha|Matcha Gotcha|p2a: Gengar|[spread] p2a,p2b\n|-resisted|p2a: Gengar|1\n|-resisted|p2b: Charizard|2\n|-damage|p2a: Gengar|76/100\n|-heal|p1b: Sinistcha|76/100|[from] drain|[of] p2a: Gengar\n|-damage|p2b: Charizard|92/100\n|-heal|p1b: Sinistcha|81/100|[from] drain|[of] p2b: Charizard\n|-status|p2a: Gengar|brn\n|move|p1a: Garchomp|Earthquake|p2a: Gengar|[spread] p1b,p2a\n|-immune|p2b: Charizard\n|-resisted|p1b: Sinistcha|1\n|-supereffective|p2a: Gengar|1\n|-damage|p1b: Sinistcha|67/100\n|-damage|p2a: Gengar|0 fnt\n|faint|p2a: Gengar\n|\n|upkeep\n|\n|t:|1776459638\n|switch|p2a: Sneasler|Sneasler, L50, F|88/100\n|turn|3\n|\n|t:|1776459657\n|detailschange|p2b: Charizard|Charizard-Mega-Y, L50, F, shiny\n|-mega|p2b: Charizard|Charizard|Charizardite Y\n|-weather|SunnyDay|[from] ability: Drought|[of] p2b: Charizard\n|move|p2a: Sneasler|Fake Out|p1a: Garchomp\n|-damage|p1a: Garchomp|5/100\n|-damage|p2a: Sneasler|76/100|[from] ability: Rough Skin|[of] p1a: Garchomp\n|move|p1b: Sinistcha|Strength Sap|p2a: Sneasler\n|-unboost|p2a: Sneasler|atk|1\n|-heal|p1b: Sinistcha|100/100\n|-enditem|p2a: Sneasler|White Herb\n|-clearnegativeboost|p2a: Sneasler|[silent]\n|move|p2b: Charizard|Heat Wave|p1b: Sinistcha|[spread] p1a,p1b\n|-resisted|p1a: Garchomp|1\n|-supereffective|p1b: Sinistcha|1\n|-damage|p1a: Garchomp|0 fnt\n|-damage|p1b: Sinistcha|0 fnt\n|faint|p1a: Garchomp\n|faint|p1b: Sinistcha\n|\n|-weather|SunnyDay|[upkeep]\n|upkeep\n|\n|t:|1776459665\n|switch|p1b: Heracross|Heracross, L50, M|100/100\n|switch|p1a: Hydrapple|Hydrapple, L50, F|100/100\n|-ability|p1a: Hydrapple|Supersweet Syrup\n|-unboost|p2a: Sneasler|evasion|1\n|-unboost|p2b: Charizard|evasion|1\n|turn|4\n|\n|t:|1776459682\n|detailschange|p1b: Heracross|Heracross-Mega, L50, M\n|-mega|p1b: Heracross|Heracross|Heracronite\n|move|p1a: Hydrapple|Fickle Beam|p2a: Sneasler\n|-damage|p2a: Sneasler|34/100\n|move|p1b: Heracross|Rock Blast|p2b: Charizard\n|-supereffective|p2b: Charizard|2\n|-damage|p2b: Charizard|32/100\n|-supereffective|p2b: Charizard|2\n|-damage|p2b: Charizard|0 fnt\n|faint|p2b: Charizard\n|-hitcount|p2: Charizard|2\n|move|p2a: Sneasler|Acrobatics|p1b: Heracross\n|-supereffective|p1b: Heracross|2\n|-damage|p1b: Heracross|0 fnt\n|faint|p1b: Heracross\n|\n|-weather|SunnyDay|[upkeep]\n|upkeep\n|\n|t:|1776459693\n|switch|p2b: Gardevoir|Gardevoir, L50, F|100/100\n|-ability|p2b: Gardevoir|Supersweet Syrup|Trace|[from] ability: Trace|[of] p1a: Hydrapple\n|-ability|p2b: Gardevoir|Supersweet Syrup\n|-unboost|p1a: Hydrapple|evasion|1\n|turn|5\n|\n|t:|1776459705\n|move|p1a: Hydrapple|Fickle Beam|p2a: Sneasler\n|-damage|p2a: Sneasler|0 fnt\n|faint|p2a: Sneasler\n|move|p2b: Gardevoir|Moonblast|p1a: Hydrapple\n|-supereffective|p1a: Hydrapple|1\n|-damage|p1a: Hydrapple|21/100\n|\n|-weather|SunnyDay|[upkeep]\n|-heal|p1a: Hydrapple|27/100|[from] item: Leftovers\n|-fieldend|move: Trick Room\n|upkeep\n|turn|6\n|\n|t:|1776459711\n|move|p1a: Hydrapple|Protect|p1a: Hydrapple\n|-singleturn|p1a: Hydrapple|Protect\n|move|p2b: Gardevoir|Moonblast|p1a: Hydrapple\n|-activate|p1a: Hydrapple|move: Protect\n|\n|-weather|SunnyDay|[upkeep]\n|-heal|p1a: Hydrapple|33/100|[from] item: Leftovers\n|upkeep\n|turn|7\n|\n|t:|1776459715\n|move|p2b: Gardevoir|Moonblast|p1a: Hydrapple\n|-supereffective|p1a: Hydrapple|1\n|-damage|p1a: Hydrapple|0 fnt\n|faint|p1a: Hydrapple\n|\n|win|penledzuu\n|raw|benjigeon's rating: 1130 &rarr; <strong>1106</strong><br />(-24 for losing)\n|raw|penledzuu's rating: 1149 &rarr; <strong>1173</strong><br />(+24 for winning)\n|l|\u2606benjigeon\n|player|p1|\n",
  "uploadtime": 1776459721,
  "views": 26,
  "formatid": "gen9championsvgc2026regma",
  "rating": 1106,
  "private": 0,
  "password": null
}