{
  "id": "gen9championsvgc2026regma-2581977155",
  "format": "[Gen 9 Champions] VGC 2026 Reg M-A",
  "players": [
    "amigomalamar",
    "gibsao"
  ],
  "log": "|j|\u2606amigomalamar\n|j|\u2606gibsao\n|t:|1776044965\n|gametype|doubles\n|player|p1|amigomalamar|schoolkid|1237\n|player|p2|gibsao|fisherman|1235\n|gen|9\n|tier|[Gen 9 Champions] VGC 2026 Reg M-A\n|rated|\n|rule|Species Clause: Limit one of each Pok\u00e9mon\n|rule|Item Clause: Limit 1 of each item\n|clearpoke\n|poke|p1|Gengar, L50, M|\n|poke|p1|Incineroar, L50, F|\n|poke|p1|Sinistcha, L50|\n|poke|p1|Kingambit, L50, F|\n|poke|p1|Tyranitar, L50, F|\n|poke|p1|Kommo-o, L50, F|\n|poke|p2|Delphox, L50, M|\n|poke|p2|Garchomp, L50, F|\n|poke|p2|Incineroar, L50, F|\n|poke|p2|Sneasler, L50, M|\n|poke|p2|Floette-Eternal, L50, F|\n|poke|p2|Kingambit, L50, F|\n|teampreview|4\n|j| prez2010\n|\n|t:|1776045007\n|teamsize|p1|4\n|teamsize|p2|4\n|start\n|switch|p1a: Gengar|Gengar, L50, M|100/100\n|switch|p1b: Incineroar|Incineroar, L50, F|100/100\n|switch|p2a: Floette|Floette-Eternal, L50, F|100/100\n|switch|p2b: Incineroar|Incineroar, L50, F|100/100\n|-ability|p2b: Incineroar|Intimidate|boost\n|-unboost|p1a: Gengar|atk|1\n|-unboost|p1b: Incineroar|atk|1\n|-ability|p1b: Incineroar|Intimidate|boost\n|-unboost|p2a: Floette|atk|1\n|-unboost|p2b: Incineroar|atk|1\n|turn|1\n|inactive|Battle timer is ON: inactive players will automatically lose when time's up. (requested by amigomalamar)\n|\n|t:|1776045055\n|switch|p2a: Kingambit|Kingambit, L50, F|100/100\n|detailschange|p1a: Gengar|Gengar-Mega, L50, M\n|-mega|p1a: Gengar|Gengar|Gengarite\n|move|p1b: Incineroar|Fake Out|p2b: Incineroar\n|-damage|p2b: Incineroar|94/100\n|move|p1a: Gengar|Perish Song|p1a: Gengar\n|-start|p1a: Gengar|perish3|[silent]\n|-start|p1b: Incineroar|perish3|[silent]\n|-start|p2a: Kingambit|perish3|[silent]\n|-start|p2b: Incineroar|perish3|[silent]\n|-fieldactivate|move: Perish Song\n|cant|p2b: Incineroar|flinch\n|\n|-heal|p2b: Incineroar|99/100|[from] item: Leftovers\n|-start|p1a: Gengar|perish3\n|-start|p2b: Incineroar|perish3\n|-start|p1b: Incineroar|perish3\n|-start|p2a: Kingambit|perish3\n|upkeep\n|turn|2\n|\n|t:|1776045078\n|move|p1a: Gengar|Protect|p1a: Gengar\n|-singleturn|p1a: Gengar|Protect\n|move|p1b: Incineroar|Protect|p1b: Incineroar\n|-singleturn|p1b: Incineroar|Protect\n|move|p2a: Kingambit|Sucker Punch||[still]\n|-fail|p2a: Kingambit\n|move|p2b: Incineroar|Parting Shot|p1b: Incineroar\n|-activate|p1b: Incineroar|move: Protect\n|\n|-heal|p2b: Incineroar|100/100|[from] item: Leftovers\n|-start|p1a: Gengar|perish2\n|-start|p2b: Incineroar|perish2\n|-start|p1b: Incineroar|perish2\n|-start|p2a: Kingambit|perish2\n|upkeep\n|turn|3\n|inactive|gibsao has 30 seconds left.\n|\n|t:|1776045107\n|switch|p1a: Kingambit|Kingambit, L50, F|100/100\n|move|p2b: Incineroar|Parting Shot|p1a: Kingambit\n|-unboost|p1a: Kingambit|atk|1\n|-ability|p1a: Kingambit|Defiant|boost\n|-boost|p1a: Kingambit|atk|2\n|-unboost|p1a: Kingambit|spa|1\n|-ability|p1a: Kingambit|Defiant|boost\n|-boost|p1a: Kingambit|atk|2\n|\n|t:|1776045117\n|switch|p2b: Sneasler|Sneasler, L50, M|100/100|[from] Parting Shot\n|move|p1b: Incineroar|Parting Shot|p2b: Sneasler\n|-unboost|p2b: Sneasler|atk|1\n|-unboost|p2b: Sneasler|spa|1\n|\n|t:|1776045124\n|switch|p1b: Gengar|Gengar-Mega, L50, M|100/100|[from] Parting Shot\n|-enditem|p2b: Sneasler|White Herb\n|-clearnegativeboost|p2b: Sneasler|[silent]\n|move|p2a: Kingambit|Low Kick|p1a: Kingambit\n|-supereffective|p1a: Kingambit|2\n|-enditem|p1a: Kingambit|Chople Berry|[eat]\n|-enditem|p1a: Kingambit|Chople Berry|[weaken]\n|-damage|p1a: Kingambit|49/100\n|\n|-start|p2a: Kingambit|perish1\n|upkeep\n|turn|4\n|inactive|gibsao has 30 seconds left.\n|\n|t:|1776045153\n|move|p1b: Gengar|Protect|p1b: Gengar\n|-singleturn|p1b: Gengar|Protect\n|move|p1a: Kingambit|Protect|p1a: Kingambit\n|-singleturn|p1a: Kingambit|Protect\n|move|p2b: Sneasler|Dire Claw|p1b: Gengar\n|-activate|p1b: Gengar|move: Protect\n|move|p2a: Kingambit|Low Kick|p1a: Kingambit\n|-activate|p1a: Kingambit|move: Protect\n|\n|-start|p2a: Kingambit|perish0\n|faint|p2a: Kingambit\n|upkeep\n|\n|t:|1776045159\n|switch|p2a: Incineroar|Incineroar, L50, F|100/100\n|-ability|p2a: Incineroar|Intimidate|boost\n|-unboost|p1a: Kingambit|atk|1\n|-ability|p1a: Kingambit|Defiant|boost\n|-boost|p1a: Kingambit|atk|2\n|-unboost|p1b: Gengar|atk|1\n|turn|5\n|\n|t:|1776045183\n|switch|p1b: Incineroar|Incineroar, L50, F|100/100\n|-ability|p1b: Incineroar|Intimidate|boost\n|-unboost|p2a: Incineroar|atk|1\n|-unboost|p2b: Sneasler|atk|1\n|move|p1a: Kingambit|Sucker Punch|p2b: Sneasler\n|-resisted|p2b: Sneasler|1\n|-damage|p2b: Sneasler|0 fnt\n|faint|p2b: Sneasler\n|move|p2a: Incineroar|Throat Chop|p1b: Incineroar\n|-resisted|p1b: Incineroar|1\n|-damage|p1b: Incineroar|92/100\n|-start|p1b: Incineroar|Throat Chop|[silent]\n|\n|upkeep\n|\n|t:|1776045192\n|switch|p2b: Floette|Floette-Eternal, L50, F|100/100\n|turn|6\n|\n|t:|1776045205\n|detailschange|p2b: Floette|Floette-Mega, L50, F\n|-mega|p2b: Floette|Floette|Floettite\n|-ability|p2b: Floette|Fairy Aura\n|move|p1b: Incineroar|Fake Out|p2a: Incineroar\n|-damage|p2a: Incineroar|93/100\n|move|p1a: Kingambit|Sucker Punch|p2b: Floette\n|-resisted|p2b: Floette|1\n|-damage|p2b: Floette|40/100\n|move|p2b: Floette|Dazzling Gleam|p1a: Kingambit|[spread] p1a,p1b\n|-damage|p1a: Kingambit|10/100\n|-damage|p1b: Incineroar|59/100\n|cant|p2a: Incineroar|flinch\n|\n|-heal|p2a: Incineroar|99/100|[from] item: Leftovers\n|-end|p1b: Incineroar|Throat Chop|[silent]\n|upkeep\n|turn|7\n|inactive|amigomalamar has 30 seconds left.\n|inactive|gibsao has 30 seconds left.\n|\n|t:|1776045240\n|switch|p1b: Sinistcha|Sinistcha, L50|100/100\n|-heal|p1a: Kingambit|35/100|[from] ability: Hospitality|[of] p1b: Sinistcha\n|move|p1a: Kingambit|Protect|p1a: Kingambit\n|-singleturn|p1a: Kingambit|Protect\n|move|p2b: Floette|Draining Kiss|p1a: Kingambit\n|-activate|p1a: Kingambit|move: Protect\n|move|p2a: Incineroar|Throat Chop|p1a: Kingambit\n|-activate|p1a: Kingambit|move: Protect\n|\n|-heal|p2a: Incineroar|100/100|[from] item: Leftovers\n|upkeep\n|turn|8\n|\n|t:|1776045256\n|move|p1b: Sinistcha|Rage Powder|p1b: Sinistcha\n|-singleturn|p1b: Sinistcha|move: Rage Powder\n|move|p1a: Kingambit|Sucker Punch|p2b: Floette\n|-resisted|p2b: Floette|1\n|-damage|p2b: Floette|0 fnt\n|faint|p2b: Floette\n|move|p2a: Incineroar|Flare Blitz|p1b: Sinistcha\n|-supereffective|p1b: Sinistcha|1\n|-damage|p1b: Sinistcha|47/100\n|-enditem|p1b: Sinistcha|Sitrus Berry|[eat]\n|-heal|p1b: Sinistcha|71/100|[from] item: Sitrus Berry\n|-damage|p2a: Incineroar|85/100|[from] Recoil\n|\n|-heal|p2a: Incineroar|91/100|[from] item: Leftovers\n|upkeep\n|turn|9\n|\n|t:|1776045268\n|move|p1a: Kingambit|Sucker Punch|p2a: Incineroar\n|-resisted|p2a: Incineroar|1\n|-damage|p2a: Incineroar|47/100\n|move|p2a: Incineroar|Flare Blitz|p1a: Kingambit\n|-supereffective|p1a: Kingambit|1\n|-damage|p1a: Kingambit|0 fnt\n|faint|p1a: Kingambit\n|-damage|p2a: Incineroar|36/100|[from] Recoil\n|move|p1b: Sinistcha|Life Dew|p1b: Sinistcha\n|-heal|p1b: Sinistcha|97/100\n|\n|-heal|p2a: Incineroar|42/100|[from] item: Leftovers\n|upkeep\n|\n|t:|1776045276\n|switch|p1a: Incineroar|Incineroar, L50, F|59/100\n|-ability|p1a: Incineroar|Intimidate|boost\n|-unboost|p2a: Incineroar|atk|1\n|turn|10\n|-message|gibsao forfeited.\n|\n|win|amigomalamar\n|raw|amigomalamar's rating: 1237 &rarr; <strong>1262</strong><br />(+25 for winning)\n|raw|gibsao's rating: 1235 &rarr; <strong>1210</strong><br />(-25 for losing)\n|l|\u2606gibsao\n|player|p2|\n",
  "uploadtime": 1776045292,
  "views": 26,
  "formatid": "gen9championsvgc2026regma",
  "rating": 1210,
  "private": 0,
  "password": null
}