{
  "id": "gen9championsvgc2026regma-2585764484",
  "format": "[Gen 9 Champions] VGC 2026 Reg M-A",
  "players": [
    "Boomboompow202",
    "MACIESMAC"
  ],
  "log": "|j|\u2606Boomboompow202\n|j|\u2606MACIESMAC\n|t:|1776368985\n|gametype|doubles\n|player|p1|Boomboompow202|265|1083\n|player|p2|MACIESMAC|giovanni|1000\n|gen|9\n|tier|[Gen 9 Champions] VGC 2026 Reg M-A\n|rated|\n|rule|Species Clause: Limit one of each Pok\u00e9mon\n|rule|Item Clause: Limit 1 of each item\n|clearpoke\n|poke|p1|Garchomp, L50, M|\n|poke|p1|Incineroar, L50, M|\n|poke|p1|Kangaskhan, L50, F|\n|poke|p1|Aerodactyl, L50, M|\n|poke|p1|Farigiraf, L50, M|\n|poke|p1|Rotom-Wash, L50|\n|poke|p2|Sableye, L50, M|\n|poke|p2|Aggron, L50, F|\n|poke|p2|Garganacl, L50, M|\n|poke|p2|Tyranitar, L50, M|\n|poke|p2|Clefable, L50, F|\n|poke|p2|Arcanine, L50, F|\n|teampreview|4\n|\n|t:|1776369002\n|teamsize|p1|4\n|teamsize|p2|4\n|start\n|switch|p1a: Farigiraf|Farigiraf, L50, M|100/100\n|switch|p1b: Rotom|Rotom-Wash, L50|100/100\n|switch|p2a: UrNotHim|Sableye, L50, M|100/100\n|switch|p2b: Obligatory Fairy|Clefable, L50, F, shiny|100/100\n|turn|1\n|inactive|Battle timer is ON: inactive players will automatically lose when time's up. (requested by Boomboompow202)\n|\n|t:|1776369021\n|move|p2a: UrNotHim|Fake Out||[still]\n|cant|p1a: Farigiraf|ability: Armor Tail|Fake Out|[of] p2a: UrNotHim\n|move|p1b: Rotom|Hydro Pump|p2b: Obligatory Fairy\n|-damage|p2b: Obligatory Fairy|57/100\n|move|p2b: Obligatory Fairy|Dazzling Gleam|p1a: Farigiraf|[spread] p1a,p1b\n|-damage|p1a: Farigiraf|83/100\n|-damage|p1b: Rotom|72/100\n|move|p1a: Farigiraf|Trick Room|p1a: Farigiraf\n|-fieldstart|move: Trick Room|[of] p1a: Farigiraf\n|\n|upkeep\n|turn|2\n|\n|t:|1776369044\n|move|p2b: Obligatory Fairy|Protect|p2b: Obligatory Fairy\n|-singleturn|p2b: Obligatory Fairy|Protect\n|move|p2a: UrNotHim|Encore||[still]\n|cant|p1a: Farigiraf|ability: Armor Tail|Encore|[of] p2a: UrNotHim\n|move|p1a: Farigiraf|Psychic|p2b: Obligatory Fairy\n|-activate|p2b: Obligatory Fairy|move: Protect\n|move|p1b: Rotom|Thunderbolt|p2a: UrNotHim\n|-damage|p2a: UrNotHim|1/100\n|\n|upkeep\n|turn|3\n|\n|t:|1776369061\n|move|p2b: Obligatory Fairy|Follow Me|p2b: Obligatory Fairy\n|-singleturn|p2b: Obligatory Fairy|move: Follow Me\n|move|p2a: UrNotHim|Knock Off|p1a: Farigiraf\n|-supereffective|p1a: Farigiraf|1\n|-damage|p1a: Farigiraf|6/100\n|-enditem|p1a: Farigiraf|Mental Herb|[from] move: Knock Off|[of] p2a: UrNotHim\n|move|p1a: Farigiraf|Psychic|p2b: Obligatory Fairy\n|-damage|p2b: Obligatory Fairy|28/100\n|-enditem|p2b: Obligatory Fairy|Sitrus Berry|[eat]\n|-heal|p2b: Obligatory Fairy|52/100|[from] item: Sitrus Berry\n|move|p1b: Rotom|Volt Switch|p2b: Obligatory Fairy\n|-damage|p2b: Obligatory Fairy|18/100\n|\n|t:|1776369075\n|switch|p1b: Kangaskhan|Kangaskhan, L50, F|100/100|[from] Volt Switch\n|\n|upkeep\n|turn|4\n|\n|t:|1776369093\n|switch|p1a: Rotom|Rotom-Wash, L50|72/100\n|detailschange|p1b: Kangaskhan|Kangaskhan-Mega, L50, F\n|-mega|p1b: Kangaskhan|Kangaskhan|Kangaskhanite\n|move|p1b: Kangaskhan|Fake Out|p2b: Obligatory Fairy\n|-damage|p2b: Obligatory Fairy|0 fnt\n|faint|p2b: Obligatory Fairy\n|-hitcount|p2: Obligatory Fairy|1\n|move|p2a: UrNotHim|Will-O-Wisp|p1b: Kangaskhan\n|-status|p1b: Kangaskhan|brn\n|\n|-damage|p1b: Kangaskhan|94/100 brn|[from] brn\n|upkeep\n|\n|t:|1776369107\n|switch|p2b: THE WALL|Aggron, L50, F|100/100\n|turn|5\n|\n|t:|1776369121\n|detailschange|p2b: THE WALL|Aggron-Mega, L50, F\n|-mega|p2b: THE WALL|Aggron|Aggronite\n|move|p2a: UrNotHim|Encore|p1b: Kangaskhan\n|-start|p1b: Kangaskhan|Encore\n|move|p1b: Kangaskhan|Fake Out||[still]\n|-hint|Fake Out only works on your first turn out.\n|-fail|p1b: Kangaskhan\n|move|p2b: THE WALL|Iron Defense|p2b: THE WALL\n|-boost|p2b: THE WALL|def|2\n|move|p1a: Rotom|Volt Switch|p2a: UrNotHim\n|-damage|p2a: UrNotHim|0 fnt\n|faint|p2a: UrNotHim\n|-message|Boomboompow202 forfeited.\n|\n|win|MACIESMAC\n|raw|Boomboompow202's rating: 1083 &rarr; <strong>1055</strong><br />(-28 for losing)\n|raw|MACIESMAC's rating: 1000 &rarr; <strong>1049</strong><br />(+49 for winning)\n|l|\u2606Boomboompow202\n|player|p1|\n|c|\u2606MACIESMAC|uhh\n",
  "uploadtime": 1776369153,
  "views": 31,
  "formatid": "gen9championsvgc2026regma",
  "rating": 1049,
  "private": 0,
  "password": null
}