{
  "id": "gen9championsvgc2026regma-2588612065",
  "format": "[Gen 9 Champions] VGC 2026 Reg M-A",
  "players": [
    "Yousoku",
    "Tabula Rasa (TB)"
  ],
  "log": "|j|\u2606Yousoku\n|j|\u2606Tabula Rasa (TB)\n|t:|1776650027\n|gametype|doubles\n|player|p1|Yousoku|266|1000\n|player|p2|Tabula Rasa (TB)|zinzolin|1080\n|gen|9\n|tier|[Gen 9 Champions] VGC 2026 Reg M-A\n|rated|\n|rule|Species Clause: Limit one of each Pok\u00e9mon\n|rule|Item Clause: Limit 1 of each item\n|clearpoke\n|poke|p1|Kangaskhan, L50, F|\n|poke|p1|Floette-Eternal, L50, F|\n|poke|p1|Aerodactyl, L50, F|\n|poke|p1|Incineroar, L50, M|\n|poke|p1|Palafin, L50, M|\n|poke|p1|Sinistcha-Masterpiece, L50|\n|poke|p2|Sableye, L50, M, shiny|\n|poke|p2|Sinistcha-Masterpiece, L50, shiny|\n|poke|p2|Orthworm, L50, M, shiny|\n|poke|p2|Zoroark-Hisui, L50, M, shiny|\n|poke|p2|Kommo-o, L50, M, shiny|\n|poke|p2|Gengar, L50, M, shiny|\n|teampreview|4\n|inactive|Battle timer is ON: inactive players will automatically lose when time's up. (requested by Tabula Rasa (TB))\n|inactive|Tabula Rasa (TB) has 60 seconds left.\n|\n|t:|1776650080\n|teamsize|p1|4\n|teamsize|p2|4\n|start\n|switch|p1a: Incineroar|Incineroar, L50, M|100/100\n|switch|p1b: Palafin|Palafin, L50, M|100/100\n|switch|p2a: Orthworm|Orthworm, L50, M, shiny|100/100\n|switch|p2b: Fright Night|Gengar, L50, M, shiny|100/100\n|-ability|p1a: Incineroar|Intimidate|boost\n|-unboost|p2a: Orthworm|atk|1\n|-unboost|p2b: Fright Night|atk|1\n|turn|1\n|\n|t:|1776650096\n|detailschange|p2b: Fright Night|Gengar-Mega, L50, M, shiny\n|-mega|p2b: Fright Night|Gengar|Gengarite\n|move|p2b: Fright Night|Protect|p2b: Fright Night\n|-singleturn|p2b: Fright Night|Protect\n|move|p1b: Palafin|Flip Turn|p2b: Fright Night\n|-activate|p2b: Fright Night|move: Protect\n|move|p2a: Orthworm|Body Press|p1a: Incineroar\n|-supereffective|p1a: Incineroar|1\n|-enditem|p1a: Incineroar|Chople Berry|[eat]\n|-enditem|p1a: Incineroar|Chople Berry|[weaken]\n|-damage|p1a: Incineroar|66/100\n|move|p1a: Incineroar|Darkest Lariat|p2b: Fright Night\n|-activate|p2b: Fright Night|move: Protect\n|\n|upkeep\n|turn|2\n|inactive|Tabula Rasa (TB) has 30 seconds left.\n|\n|t:|1776650129\n|switch|p2b: Clangorous|Kommo-o, L50, M, shiny|100/100\n|move|p1b: Palafin|Flip Turn|p2b: Clangorous\n|-resisted|p2b: Clangorous|1\n|-crit|p2b: Clangorous\n|-damage|p2b: Clangorous|90/100\n|\n|t:|1776650149\n|detailschange|p1b: Palafin|Palafin-Hero, L50, M\n|switch|p1b: Sinistcha|Sinistcha-Masterpiece, L50|100/100|[from] Flip Turn\n|-heal|p1a: Incineroar|91/100|[from] ability: Hospitality|[of] p1b: Sinistcha\n|move|p2a: Orthworm|Body Press|p1a: Incineroar\n|-supereffective|p1a: Incineroar|1\n|-damage|p1a: Incineroar|32/100\n|move|p1a: Incineroar|Darkest Lariat|p2b: Clangorous\n|-resisted|p2b: Clangorous|1\n|-damage|p2b: Clangorous|76/100\n|\n|-heal|p2b: Clangorous|82/100|[from] item: Leftovers\n|upkeep\n|turn|3\n|\n|t:|1776650173\n|move|p1b: Sinistcha|Rage Powder|p1b: Sinistcha\n|-singleturn|p1b: Sinistcha|move: Rage Powder\n|move|p2b: Clangorous|Clangorous Soul|p2b: Clangorous\n|-boost|p2b: Clangorous|atk|1\n|-boost|p2b: Clangorous|def|1\n|-boost|p2b: Clangorous|spa|1\n|-boost|p2b: Clangorous|spd|1\n|-boost|p2b: Clangorous|spe|1\n|-damage|p2b: Clangorous|49/100\n|move|p2a: Orthworm|Shed Tail|p2a: Orthworm\n|-start|p2a: Orthworm|Substitute|[from] move: Shed Tail\n|-damage|p2a: Orthworm|50/100\n|-enditem|p2a: Orthworm|Sitrus Berry|[eat]\n|-heal|p2a: Orthworm|75/100|[from] item: Sitrus Berry\n|\n|t:|1776650187\n|switch|p2a: Jewl|Sableye, L50, M, shiny|100/100|[from] Shed Tail\n|move|p1a: Incineroar|Parting Shot|p2b: Clangorous\n|-immune|p2b: Clangorous|[from] ability: Soundproof\n|\n|-heal|p2b: Clangorous|55/100|[from] item: Leftovers\n|upkeep\n|turn|4\n|\n|t:|1776650205\n|move|p1b: Sinistcha|Rage Powder|p1b: Sinistcha\n|-singleturn|p1b: Sinistcha|move: Rage Powder\n|move|p2a: Jewl|Encore|p1b: Sinistcha\n|-start|p1b: Sinistcha|Encore\n|move|p2b: Clangorous|Clangorous Soul|p2b: Clangorous\n|-boost|p2b: Clangorous|atk|1\n|-boost|p2b: Clangorous|def|1\n|-boost|p2b: Clangorous|spa|1\n|-boost|p2b: Clangorous|spd|1\n|-boost|p2b: Clangorous|spe|1\n|-damage|p2b: Clangorous|22/100\n|move|p1a: Incineroar|Parting Shot|p2a: Jewl\n|-unboost|p2a: Jewl|atk|1\n|-unboost|p2a: Jewl|spa|1\n|\n|t:|1776650219\n|switch|p1a: Palafin|Palafin-Hero, L50, M|100/100|[from] Parting Shot\n|-activate|p1a: Palafin|ability: Zero to Hero\n|\n|-heal|p2b: Clangorous|29/100|[from] item: Leftovers\n|upkeep\n|turn|5\n|\n|t:|1776650231\n|move|p2b: Clangorous|Protect|p2b: Clangorous\n|-singleturn|p2b: Clangorous|Protect\n|move|p1b: Sinistcha|Rage Powder|p1b: Sinistcha\n|-singleturn|p1b: Sinistcha|move: Rage Powder\n|move|p1a: Palafin|Aqua Jet|p2a: Jewl\n|-end|p2a: Jewl|Substitute\n|move|p2a: Jewl|Disable|p1b: Sinistcha\n|-start|p1b: Sinistcha|Disable|Rage Powder\n|\n|-heal|p2b: Clangorous|35/100|[from] item: Leftovers\n|upkeep\n|turn|6\n|inactive|Tabula Rasa (TB) has 30 seconds left.\n|\n|t:|1776650257\n|switch|p1b: Incineroar|Incineroar, L50, M|32/100\n|-ability|p1b: Incineroar|Intimidate|boost\n|-unboost|p2a: Jewl|atk|1\n|-unboost|p2b: Clangorous|atk|1\n|move|p2a: Jewl|Encore|p1a: Palafin\n|-start|p1a: Palafin|Encore\n|move|p1a: Palafin|Aqua Jet|p2b: Clangorous\n|-resisted|p2b: Clangorous|1\n|-damage|p2b: Clangorous|30/100\n|move|p2b: Clangorous|Clanging Scales|p1a: Palafin|[spread] p1a,p1b\n|-damage|p1a: Palafin|34/100\n|-damage|p1b: Incineroar|0 fnt\n|faint|p1b: Incineroar\n|-unboost|p2b: Clangorous|def|1\n|\n|-heal|p2b: Clangorous|36/100|[from] item: Leftovers\n|upkeep\n|\n|t:|1776650269\n|switch|p1b: Sinistcha|Sinistcha-Masterpiece, L50|100/100\n|-heal|p1a: Palafin|59/100|[from] ability: Hospitality|[of] p1b: Sinistcha\n|turn|7\n|\n|t:|1776650282\n|switch|p1a: Kangaskhan|Kangaskhan, L50, F|100/100\n|move|p1b: Sinistcha|Rage Powder|p1b: Sinistcha\n|-singleturn|p1b: Sinistcha|move: Rage Powder\n|move|p2a: Jewl|Disable|p1b: Sinistcha\n|-start|p1b: Sinistcha|Disable|Rage Powder\n|move|p2b: Clangorous|Clanging Scales|p1b: Sinistcha|[spread] p1a,p1b\n|-damage|p1a: Kangaskhan|48/100\n|-damage|p1b: Sinistcha|53/100\n|-unboost|p2b: Clangorous|def|1\n|\n|-heal|p2b: Clangorous|42/100|[from] item: Leftovers\n|upkeep\n|turn|8\n|inactive|Yousoku has 30 seconds left.\n|\n|t:|1776650311\n|detailschange|p1a: Kangaskhan|Kangaskhan-Mega, L50, F\n|-mega|p1a: Kangaskhan|Kangaskhan|Kangaskhanite\n|move|p2b: Clangorous|Protect|p2b: Clangorous\n|-singleturn|p2b: Clangorous|Protect\n|move|p2a: Jewl|Encore||[still]\n|-fail|p2a: Jewl\n|move|p1a: Kangaskhan|Double-Edge|p2b: Clangorous\n|-activate|p2b: Clangorous|move: Protect\n|move|p1b: Sinistcha|Shadow Ball|p2b: Clangorous\n|-activate|p2b: Clangorous|move: Protect\n|\n|-heal|p2b: Clangorous|48/100|[from] item: Leftovers\n|upkeep\n|turn|9\n|\n|t:|1776650324\n|move|p2a: Jewl|Disable|p1a: Kangaskhan\n|-start|p1a: Kangaskhan|Disable|Double-Edge\n|move|p2b: Clangorous|Clanging Scales|p1b: Sinistcha|[spread] p1a,p1b\n|-damage|p1a: Kangaskhan|2/100\n|-damage|p1b: Sinistcha|0 fnt\n|faint|p1b: Sinistcha\n|-unboost|p2b: Clangorous|def|1\n|cant|p1a: Kangaskhan|Disable|Double-Edge\n|\n|-heal|p2b: Clangorous|54/100|[from] item: Leftovers\n|upkeep\n|\n|t:|1776650331\n|switch|p1b: Palafin|Palafin-Hero, L50, M|59/100\n|turn|10\n|-message|Yousoku forfeited.\n|\n|win|Tabula Rasa (TB)\n|raw|Yousoku's rating: 1000 &rarr; <strong>1000</strong><br />(+0 for losing)\n|raw|Tabula Rasa (TB)'s rating: 1080 &rarr; <strong>1102</strong><br />(+22 for winning)\n|l|\u2606Yousoku\n|player|p1|\n",
  "uploadtime": 1776650346,
  "views": 6,
  "formatid": "gen9championsvgc2026regma",
  "rating": 1000,
  "private": 0,
  "password": null
}