{
  "id": "gen9championsvgc2026regma-2581378733",
  "format": "[Gen 9 Champions] VGC 2026 Reg M-A",
  "players": [
    "k1ng-0",
    "Azure Resolution"
  ],
  "log": "|j|\u2606k1ng-0\n|j|\u2606Azure Resolution\n|t:|1775993883\n|gametype|doubles\n|player|p1|k1ng-0|volkner|1110\n|player|p2|Azure Resolution|gentleman-gen4dp|1138\n|gen|9\n|tier|[Gen 9 Champions] VGC 2026 Reg M-A\n|rated|\n|rule|Species Clause: Limit one of each Pok\u00e9mon\n|rule|Item Clause: Limit 1 of each item\n|clearpoke\n|poke|p1|Pelipper, L50, F|\n|poke|p1|Meganium, L50, F|\n|poke|p1|Dragonite, L50, M|\n|poke|p1|Corviknight, L50, F|\n|poke|p1|Basculegion, L50, M|\n|poke|p1|Kingambit, L50, M|\n|poke|p2|Altaria, L50, F|\n|poke|p2|Whimsicott, L50, M|\n|poke|p2|Gardevoir, L50, F|\n|poke|p2|Kingambit, L50, F|\n|poke|p2|Basculegion, L50, M|\n|poke|p2|Rotom-Heat, L50|\n|teampreview|4\n|c|\u2606Azure Resolution|glhf\n|\n|t:|1775993947\n|teamsize|p1|4\n|teamsize|p2|4\n|start\n|switch|p1a: Meganium|Meganium, L50, F, shiny|100/100\n|switch|p1b: Pelipper|Pelipper, L50, F, shiny|100/100\n|switch|p2a: Silly Goose|Altaria, L50, F|100/100\n|switch|p2b: Rotom|Rotom-Heat, L50|100/100\n|-ability|p2a: Silly Goose|Cloud Nine\n|-weather|RainDance|[from] ability: Drizzle|[of] p1b: Pelipper\n|turn|1\n|\n|t:|1775993980\n|move|p1a: Meganium|Protect|p1a: Meganium\n|-singleturn|p1a: Meganium|Protect\n|move|p2b: Rotom|Protect|p2b: Rotom\n|-singleturn|p2b: Rotom|Protect\n|move|p2a: Silly Goose|Tailwind|p2a: Silly Goose\n|-sidestart|p2: Azure Resolution|move: Tailwind\n|move|p1b: Pelipper|Tailwind|p1b: Pelipper\n|-sidestart|p1: k1ng-0|move: Tailwind\n|\n|-weather|RainDance|[upkeep]\n|upkeep\n|turn|2\n|\n|t:|1775994032\n|switch|p2a: Kingambit|Kingambit, L50, F|100/100\n|switch|p1a: Dragonite|Dragonite, L50, M, shiny|100/100\n|move|p1b: Pelipper|Protect|p1b: Pelipper\n|-singleturn|p1b: Pelipper|Protect\n|move|p2b: Rotom|Nasty Plot|p2b: Rotom\n|-boost|p2b: Rotom|spa|2\n|\n|-weather|RainDance|[upkeep]\n|upkeep\n|turn|3\n|\n|t:|1775994064\n|switch|p2a: Silly Goose|Altaria, L50, F|100/100\n|-ability|p2a: Silly Goose|Cloud Nine\n|move|p1a: Dragonite|Draco Meteor|p2b: Rotom\n|-damage|p2b: Rotom|37/100\n|-unboost|p1a: Dragonite|spa|2\n|move|p2b: Rotom|Thunderbolt|p1b: Pelipper\n|-supereffective|p1b: Pelipper|2\n|-damage|p1b: Pelipper|0 fnt\n|faint|p1b: Pelipper\n|\n|-weather|RainDance|[upkeep]\n|upkeep\n|\n|t:|1775994096\n|switch|p1b: Meganium|Meganium, L50, F, shiny|100/100\n|turn|4\n|\n|t:|1775994139\n|detailschange|p1b: Meganium|Meganium-Mega, L50, F, shiny\n|-mega|p1b: Meganium|Meganium|Meganiumite\n|move|p2b: Rotom|Protect|p2b: Rotom\n|-singleturn|p2b: Rotom|Protect\n|move|p1a: Dragonite|Draco Meteor|p2b: Rotom\n|-activate|p2b: Rotom|move: Protect\n|move|p2a: Silly Goose|Breaking Swipe|p1b: Meganium|[spread] p1a\n|-immune|p1b: Meganium\n|-supereffective|p1a: Dragonite|1\n|-damage|p1a: Dragonite|88/100\n|-unboost|p1a: Dragonite|atk|1\n|move|p1b: Meganium|Dazzling Gleam|p2a: Silly Goose|[spread] p2a\n|-activate|p2b: Rotom|move: Protect\n|-supereffective|p2a: Silly Goose|1\n|-damage|p2a: Silly Goose|50/100\n|\n|-weather|RainDance|[upkeep]\n|-heal|p2a: Silly Goose|56/100|[from] item: Leftovers\n|-sideend|p1: k1ng-0|move: Tailwind\n|-sideend|p2: Azure Resolution|move: Tailwind\n|upkeep\n|turn|5\n|\n|t:|1775994201\n|move|p1a: Dragonite|Draco Meteor|p2b: Rotom\n|-damage|p2b: Rotom|4/100\n|-unboost|p1a: Dragonite|spa|2\n|move|p2a: Silly Goose|Tailwind|p2a: Silly Goose\n|-sidestart|p2: Azure Resolution|move: Tailwind\n|move|p2b: Rotom|Overheat|p1b: Meganium\n|-supereffective|p1b: Meganium|1\n|-damage|p1b: Meganium|0 fnt\n|-unboost|p2b: Rotom|spa|2\n|faint|p1b: Meganium\n|\n|-weather|none\n|-heal|p2a: Silly Goose|62/100|[from] item: Leftovers\n|upkeep\n|\n|t:|1775994210\n|switch|p1b: Corviknight|Corviknight, L50, F, shiny|100/100\n|turn|6\n|\n|t:|1775994245\n|switch|p2a: Kingambit|Kingambit, L50, F|100/100\n|move|p2b: Rotom|Thunderbolt|p1b: Corviknight\n|-supereffective|p1b: Corviknight|1\n|-damage|p1b: Corviknight|12/100\n|move|p1a: Dragonite|Draco Meteor|p2a: Kingambit\n|-resisted|p2a: Kingambit|1\n|-damage|p2a: Kingambit|90/100\n|-unboost|p1a: Dragonite|spa|2\n|move|p1b: Corviknight|Iron Head|p2b: Rotom\n|-resisted|p2b: Rotom|2\n|-damage|p2b: Rotom|0 fnt\n|faint|p2b: Rotom\n|\n|-heal|p1b: Corviknight|18/100|[from] item: Leftovers\n|upkeep\n|\n|t:|1775994259\n|switch|p2b: Gardevoir|Gardevoir, L50, F, shiny|100/100\n|-ability|p2b: Gardevoir|Multiscale|Trace|[from] ability: Trace|[of] p1a: Dragonite\n|turn|7\n|-message|k1ng-0 forfeited.\n|\n|win|Azure Resolution\n|raw|k1ng-0's rating: 1110 &rarr; <strong>1087</strong><br />(-23 for losing)\n|raw|Azure Resolution's rating: 1138 &rarr; <strong>1161</strong><br />(+23 for winning)\n|l|\u2606k1ng-0\n|player|p1|\n|c|\u2606Azure Resolution|ggwp\n",
  "uploadtime": 1775994275,
  "views": 48,
  "formatid": "gen9championsvgc2026regma",
  "rating": 1087,
  "private": 0,
  "password": null
}