{
  "id": "gen9championsvgc2026regma-2584211103",
  "format": "[Gen 9 Champions] VGC 2026 Reg M-A",
  "players": [
    "alvarom33",
    "JCMT"
  ],
  "log": "|j|\u2606alvarom33\n|j|\u2606JCMT\n|t:|1776238691\n|gametype|doubles\n|player|p1|alvarom33|silver|1048\n|player|p2|JCMT|harlequin|1091\n|gen|9\n|tier|[Gen 9 Champions] VGC 2026 Reg M-A\n|rated|\n|rule|Species Clause: Limit one of each Pok\u00e9mon\n|rule|Item Clause: Limit 1 of each item\n|clearpoke\n|poke|p1|Froslass, L50, F|\n|poke|p1|Kingambit, L50, M|\n|poke|p1|Sneasler, L50, M|\n|poke|p1|Krookodile, L50, F|\n|poke|p1|Primarina, L50, M|\n|poke|p1|Sinistcha, L50|\n|poke|p2|Glimmora, L50, M|\n|poke|p2|Ditto, L50|\n|poke|p2|Maushold-Four, L50|\n|poke|p2|Aegislash, L50, F|\n|poke|p2|Slowking, L50, M|\n|poke|p2|Dragonite, L50, M|\n|teampreview|4\n|inactive|Battle timer is ON: inactive players will automatically lose when time's up. (requested by JCMT)\n|inactive|alvarom33 also wants the timer to be on.\n|c|\u2606JCMT|glhf\nJCMT has agreed to open team sheets.\n|inactive|JCMT has 60 seconds left.\n|\n|t:|1776238730\n|teamsize|p1|4\n|teamsize|p2|4\n|start\n|switch|p1a: Froslass|Froslass, L50, F|100/100\n|switch|p1b: Sneasler|Sneasler, L50, M|100/100\n|switch|p2a: Aegislash|Aegislash, L50, F|100/100\n|switch|p2b: Maushold|Maushold-Four, L50|100/100\n|turn|1\n|c|\u2606alvarom33|glhf\n|inactive|alvarom33 has 30 seconds left.\n|\n|t:|1776238759\n|detailschange|p1a: Froslass|Froslass-Mega, L50, F\n|-mega|p1a: Froslass|Froslass|Froslassite\n|-weather|Snowscape|[from] ability: Snow Warning|[of] p1a: Froslass\n|move|p2a: Aegislash|King's Shield|p2a: Aegislash\n|-singleturn|p2a: Aegislash|Protect\n|move|p1b: Sneasler|Fake Out|p2b: Maushold\n|-damage|p2b: Maushold|78/100\n|move|p1a: Froslass|Shadow Ball|p2a: Aegislash\n|-activate|p2a: Aegislash|move: Protect\n|cant|p2b: Maushold|flinch\n|\n|-weather|Snowscape|[upkeep]\n|upkeep\n|turn|2\n|inactive|alvarom33 has 30 seconds left.\n|inactive|JCMT has 30 seconds left.\n|inactive|alvarom33 has 20 seconds left.\n|\n|t:|1776238795\n|switch|p2b: Ditto|Ditto, L50|100/100\n|-transform|p2b: Ditto|p1a: Froslass|[from] ability: Imposter\n|switch|p1b: Kingambit|Kingambit, L50, M|100/100\n|switch|p2a: Glimmora|Glimmora, L50, M, shiny|100/100\n|move|p1a: Froslass|Shadow Ball|p2a: Glimmora\n|-damage|p2a: Glimmora|44/100\n|-unboost|p2a: Glimmora|spd|1\n|\n|-weather|Snowscape|[upkeep]\n|upkeep\n|turn|3\n|inactive|alvarom33 has 30 seconds left.\n|inactive|JCMT has 30 seconds left.\n|\n|t:|1776238826\n|detailschange|p2a: Glimmora|Glimmora-Mega, L50, M, shiny\n|-mega|p2a: Glimmora|Glimmora|Glimmoranite\n|move|p1a: Froslass|Protect|p1a: Froslass\n|-singleturn|p1a: Froslass|Protect\n|move|p2b: Ditto|Shadow Ball|p1a: Froslass\n|-activate|p1a: Froslass|move: Protect\n|move|p2a: Glimmora|Earth Power|p1b: Kingambit\n|-supereffective|p1b: Kingambit|1\n|-crit|p1b: Kingambit\n|-damage|p1b: Kingambit|0 fnt\n|faint|p1b: Kingambit\n|\n|-weather|Snowscape|[upkeep]\n|upkeep\n|\n|t:|1776238838\n|switch|p1b: Sneasler|Sneasler, L50, M|100/100\n|turn|4\n|\n|t:|1776238843\n|move|p2b: Ditto|Protect|p2b: Ditto\n|-singleturn|p2b: Ditto|Protect\n|move|p2a: Glimmora|Protect|p2a: Glimmora\n|-singleturn|p2a: Glimmora|Protect\n|move|p1a: Froslass|Shadow Ball|p2b: Ditto\n|-activate|p2b: Ditto|move: Protect\n|move|p1b: Sneasler|Dire Claw|p2b: Ditto\n|-activate|p2b: Ditto|move: Protect\n|\n|-weather|Snowscape|[upkeep]\n|upkeep\n|turn|5\n|\n|t:|1776238861\n|move|p1a: Froslass|Shadow Ball|p2b: Ditto\n|-supereffective|p2b: Ditto|1\n|-enditem|p2b: Ditto|Focus Sash\n|-damage|p2b: Ditto|1/100\n|move|p2b: Ditto|Shadow Ball|p1a: Froslass\n|-supereffective|p1a: Froslass|1\n|-damage|p1a: Froslass|0 fnt\n|faint|p1a: Froslass\n|move|p1b: Sneasler|Close Combat|p2a: Glimmora\n|-damage|p2a: Glimmora|0 fnt\n|-unboost|p1b: Sneasler|def|1\n|-unboost|p1b: Sneasler|spd|1\n|faint|p2a: Glimmora\n|\n|-weather|none\n|upkeep\n|\n|t:|1776238875\n|switch|p1a: Sinistcha|Sinistcha, L50|100/100\n|switch|p2a: Maushold|Maushold-Four, L50|78/100\n|turn|6\n|-message|alvarom33 forfeited.\n|\n|win|JCMT\n|raw|alvarom33's rating: 1048 &rarr; <strong>1033</strong><br />(-15 for losing)\n|raw|JCMT's rating: 1091 &rarr; <strong>1114</strong><br />(+23 for winning)\n|l|\u2606alvarom33\n|player|p1|\n|c|\u2606JCMT|ggwp\n",
  "uploadtime": 1776238894,
  "views": 18,
  "formatid": "gen9championsvgc2026regma",
  "rating": 1033,
  "private": 0,
  "password": null
}