{
  "id": "gen9championsvgc2026regma-2584220169",
  "format": "[Gen 9 Champions] VGC 2026 Reg M-A",
  "players": [
    "azumarillsky",
    "cclap2"
  ],
  "log": "|j|\u2606azumarillsky\n|j|\u2606cclap2\n|t:|1776239756\n|gametype|doubles\n|player|p1|azumarillsky|2|1475\n|player|p2|cclap2|169|1506\n|gen|9\n|tier|[Gen 9 Champions] VGC 2026 Reg M-A\n|rated|\n|rule|Species Clause: Limit one of each Pok\u00e9mon\n|rule|Item Clause: Limit 1 of each item\n|clearpoke\n|poke|p1|Banette, L50, F|\n|poke|p1|Pelipper, L50, M|\n|poke|p1|Basculegion, L50, M|\n|poke|p1|Scizor, L50, F|\n|poke|p1|Primarina, L50, F|\n|poke|p1|Archaludon, L50, F|\n|poke|p2|Floette-Eternal, L50, F|\n|poke|p2|Delphox, L50, F|\n|poke|p2|Kingambit, L50, M|\n|poke|p2|Sinistcha, L50|\n|poke|p2|Garchomp, L50, M|\n|poke|p2|Talonflame, L50, F|\n|teampreview|4\n|inactive|Battle timer is ON: inactive players will automatically lose when time's up. (requested by cclap2)\n|\n|t:|1776239781\n|teamsize|p1|4\n|teamsize|p2|4\n|start\n|switch|p1a: Pelipper|Pelipper, L50, M|100/100\n|switch|p1b: Primarina|Primarina, L50, F|100/100\n|switch|p2a: Floette|Floette-Eternal, L50, F|100/100\n|switch|p2b: Kingambit|Kingambit, L50, M|100/100\n|-weather|RainDance|[from] ability: Drizzle|[of] p1a: Pelipper\n|turn|1\n|\n|t:|1776239802\n|detailschange|p2a: Floette|Floette-Mega, L50, F\n|-mega|p2a: Floette|Floette|Floettite\n|-ability|p2a: Floette|Fairy Aura\n|move|p2a: Floette|Calm Mind|p2a: Floette\n|-boost|p2a: Floette|spa|1\n|-boost|p2a: Floette|spd|1\n|move|p1b: Primarina|Hyper Voice|p2b: Kingambit|[spread] p2a,p2b\n|-damage|p2a: Floette|75/100\n|-damage|p2b: Kingambit|43/100\n|move|p1a: Pelipper|Weather Ball|p2a: Floette\n|-damage|p2a: Floette|43/100\n|move|p2b: Kingambit|Iron Head|p1b: Primarina\n|-damage|p1b: Primarina|42/100\n|\n|-weather|RainDance|[upkeep]\n|upkeep\n|turn|2\n|j| smiles150\n|\n|t:|1776239827\n|switch|p2b: Sinistcha|Sinistcha, L50|100/100\n|-heal|p2a: Floette|68/100|[from] ability: Hospitality|[of] p2b: Sinistcha\n|move|p1a: Pelipper|Wide Guard|p1a: Pelipper\n|-singleturn|p1a: Pelipper|Wide Guard\n|move|p2a: Floette|Dazzling Gleam|p1a: Pelipper|[spread] \n|-activate|p1a: Pelipper|move: Wide Guard\n|-activate|p1b: Primarina|move: Wide Guard\n|move|p1b: Primarina|Hyper Voice|p2a: Floette|[spread] p2a,p2b\n|-resisted|p2b: Sinistcha|1\n|-damage|p2a: Floette|40/100\n|-damage|p2b: Sinistcha|77/100\n|\n|-weather|RainDance|[upkeep]\n|upkeep\n|turn|3\n|j| Syachilove0408\n|inactive|azumarillsky has 30 seconds left.\n|\n|t:|1776239857\n|move|p1a: Pelipper|Wide Guard|p1a: Pelipper\n|-singleturn|p1a: Pelipper|Wide Guard\n|move|p2a: Floette|Moonblast|p1a: Pelipper\n|-damage|p1a: Pelipper|0 fnt\n|faint|p1a: Pelipper\n|move|p1b: Primarina|Moonblast|p2b: Sinistcha\n|-damage|p2b: Sinistcha|15/100\n|-enditem|p2b: Sinistcha|Sitrus Berry|[eat]\n|-heal|p2b: Sinistcha|39/100|[from] item: Sitrus Berry\n|move|p2b: Sinistcha|Life Dew|p2b: Sinistcha|[spread] p2a,p2b\n|-heal|p2a: Floette|66/100\n|-heal|p2b: Sinistcha|65/100\n|\n|-weather|RainDance|[upkeep]\n|upkeep\n|j| Quagmander\n|l| smiles150\n|\n|t:|1776239875\n|switch|p1a: Scizor|Scizor, L50, F|100/100\n|turn|4\n|\n|t:|1776239894\n|detailschange|p1a: Scizor|Scizor-Mega, L50, F\n|-mega|p1a: Scizor|Scizor|Scizorite\n|move|p2b: Sinistcha|Rage Powder|p2b: Sinistcha\n|-singleturn|p2b: Sinistcha|move: Rage Powder\n|move|p2a: Floette|Dazzling Gleam|p1b: Primarina|[spread] p1a,p1b\n|-resisted|p1a: Scizor|1\n|-damage|p1a: Scizor|62/100\n|-damage|p1b: Primarina|0 fnt\n|faint|p1b: Primarina\n|move|p1a: Scizor|Dual Wingbeat|p2b: Sinistcha\n|-supereffective|p2b: Sinistcha|1\n|-damage|p2b: Sinistcha|20/100\n|-supereffective|p2b: Sinistcha|1\n|-crit|p2b: Sinistcha\n|-damage|p2b: Sinistcha|0 fnt\n|faint|p2b: Sinistcha\n|-hitcount|p2: Sinistcha|2\n|\n|-weather|RainDance|[upkeep]\n|upkeep\n|\n|t:|1776239912\n|switch|p1b: Archaludon|Archaludon, L50, F|100/100\n|switch|p2b: Kingambit|Kingambit, L50, M|43/100\n|turn|5\n|\n|t:|1776239923\n|move|p2a: Floette|Protect|p2a: Floette\n|-singleturn|p2a: Floette|Protect\n|move|p2b: Kingambit|Protect|p2b: Kingambit\n|-singleturn|p2b: Kingambit|Protect\n|move|p1a: Scizor|Bullet Punch|p2a: Floette\n|-activate|p2a: Floette|move: Protect\n|move|p1b: Archaludon|Electro Shot||[still]\n|-prepare|p1b: Archaludon|Electro Shot\n|-boost|p1b: Archaludon|spa|1\n|-anim|p1b: Archaludon|Electro Shot|p2b: Kingambit\n|-activate|p2b: Kingambit|move: Protect\n|\n|-weather|none\n|upkeep\n|turn|6\n|\n|t:|1776239944\n|switch|p2a: Garchomp|Garchomp, L50, M|100/100\n|move|p1a: Scizor|Bullet Punch|p2a: Garchomp\n|-crit|p2a: Garchomp\n|-damage|p2a: Garchomp|44/100\n|-damage|p1a: Scizor|50/100|[from] ability: Rough Skin|[of] p2a: Garchomp\n|move|p2b: Kingambit|Sucker Punch||[still]\n|-fail|p2b: Kingambit\n|move|p1b: Archaludon|Aura Sphere|p2b: Kingambit\n|-supereffective|p2b: Kingambit|2\n|-enditem|p2b: Kingambit|Chople Berry|[eat]\n|-enditem|p2b: Kingambit|Chople Berry|[weaken]\n|-damage|p2b: Kingambit|0 fnt\n|faint|p2b: Kingambit\n|\n|upkeep\n|\n|t:|1776239947\n|switch|p2b: Floette|Floette-Mega, L50, F|66/100\n|-ability|p2b: Floette|Fairy Aura\n|turn|7\n|inactive|azumarillsky has 30 seconds left.\n|inactive|cclap2 has 30 seconds left.\n|inactive|cclap2 has 20 seconds left.\n|\n|t:|1776239982\n|move|p1a: Scizor|Bullet Punch|p2b: Floette\n|-supereffective|p2b: Floette|1\n|-damage|p2b: Floette|0 fnt\n|faint|p2b: Floette\n|move|p2a: Garchomp|Dragon Claw|p1b: Archaludon\n|-damage|p1b: Archaludon|69/100\n|-ability|p1b: Archaludon|Stamina|boost\n|-boost|p1b: Archaludon|def|1\n|move|p1b: Archaludon|Dragon Pulse|p2a: Garchomp\n|-supereffective|p2a: Garchomp|1\n|-damage|p2a: Garchomp|0 fnt\n|faint|p2a: Garchomp\n|\n|win|azumarillsky\n|raw|azumarillsky's rating: 1475 &rarr; <strong>1497</strong><br />(+22 for winning)\n|raw|cclap2's rating: 1506 &rarr; <strong>1484</strong><br />(-22 for losing)\n",
  "uploadtime": 1776239988,
  "views": 49,
  "formatid": "gen9championsvgc2026regma",
  "rating": 1484,
  "private": 0,
  "password": null
}