{
  "id": "gen9championsvgc2026regma-2584871089",
  "format": "[Gen 9 Champions] VGC 2026 Reg M-A",
  "players": [
    "Noobilio",
    "Leu_vgc"
  ],
  "log": "|j|\u2606Noobilio\n|j|\u2606Leu_vgc\n|t:|1776290276\n|gametype|doubles\n|player|p1|Noobilio|nurse|1344\n|player|p2|Leu_vgc|acetrainer|1366\n|gen|9\n|tier|[Gen 9 Champions] VGC 2026 Reg M-A\n|rated|\n|rule|Species Clause: Limit one of each Pok\u00e9mon\n|rule|Item Clause: Limit 1 of each item\n|clearpoke\n|poke|p1|Hawlucha, L50, F|\n|poke|p1|Floette-Eternal, L50, F|\n|poke|p1|Incineroar, L50, F|\n|poke|p1|Sinistcha, L50|\n|poke|p1|Snorlax, L50, F|\n|poke|p1|Rotom-Wash, L50|\n|poke|p2|Garchomp, L50, F|\n|poke|p2|Whimsicott, L50, F|\n|poke|p2|Kingambit, L50, M|\n|poke|p2|Volcarona, L50, M|\n|poke|p2|Basculegion, L50, M|\n|poke|p2|Gengar, L50, M|\n|teampreview|4\n|\n|t:|1776290319\n|teamsize|p1|4\n|teamsize|p2|4\n|start\n|switch|p1a: Hawlucha|Hawlucha, L50, F, shiny|100/100\n|switch|p1b: Snorlax|Snorlax, L50, F, shiny|100/100\n|switch|p2a: Kingambit|Kingambit, L50, M|100/100\n|switch|p2b: Whimsicott|Whimsicott, L50, F|100/100\n|-ability|p1a: Hawlucha|Mold Breaker\n|turn|1\n|\n|t:|1776290332\n|detailschange|p1a: Hawlucha|Hawlucha-Mega, L50, F, shiny\n|-mega|p1a: Hawlucha|Hawlucha|Hawluchanite\n|move|p2b: Whimsicott|Moonblast|p1a: Hawlucha\n|-supereffective|p1a: Hawlucha|1\n|-damage|p1a: Hawlucha|26/100\n|move|p1a: Hawlucha|Close Combat|p2a: Kingambit\n|-supereffective|p2a: Kingambit|2\n|-enditem|p2a: Kingambit|Chople Berry|[eat]\n|-enditem|p2a: Kingambit|Chople Berry|[weaken]\n|-damage|p2a: Kingambit|9/100\n|-unboost|p1a: Hawlucha|def|1\n|-unboost|p1a: Hawlucha|spd|1\n|move|p2a: Kingambit|Kowtow Cleave|p1b: Snorlax\n|-damage|p1b: Snorlax|69/100\n|move|p1b: Snorlax|Yawn|p2b: Whimsicott\n|-start|p2b: Whimsicott|move: Yawn|[of] p1b: Snorlax\n|\n|-heal|p1b: Snorlax|75/100|[from] item: Leftovers\n|upkeep\n|turn|2\n|\n|t:|1776290366\n|switch|p2b: Garchomp|Garchomp, L50, F|100/100\n|move|p1a: Hawlucha|Protect|p1a: Hawlucha\n|-singleturn|p1a: Hawlucha|Protect\n|move|p2a: Kingambit|Sucker Punch||[still]\n|-fail|p2a: Kingambit\n|move|p1b: Snorlax|Yawn|p2a: Kingambit\n|-start|p2a: Kingambit|move: Yawn|[of] p1b: Snorlax\n|\n|-heal|p1b: Snorlax|81/100|[from] item: Leftovers\n|upkeep\n|turn|3\n|inactive|Battle timer is ON: inactive players will automatically lose when time's up. (requested by Leu_vgc)\n|\n|t:|1776290377\n|move|p2a: Kingambit|Sucker Punch||[still]\n|-fail|p2a: Kingambit\n|move|p1a: Hawlucha|Entrainment|p1b: Snorlax\n|-ability|p1b: Snorlax|No Guard|Thick Fat|[from] move: Entrainment|[of] p1a: Hawlucha\n|move|p2b: Garchomp|Dragon Claw|p1b: Snorlax\n|-damage|p1b: Snorlax|52/100\n|move|p1b: Snorlax|Fissure|p2b: Garchomp\n|-damage|p2b: Garchomp|0 fnt\n|faint|p2b: Garchomp\n|-ohko\n|\n|-heal|p1b: Snorlax|58/100|[from] item: Leftovers\n|-end|p2a: Kingambit|move: Yawn|[silent]\n|-status|p2a: Kingambit|slp\n|upkeep\n|\n|t:|1776290388\n|switch|p2b: Volcarona|Volcarona, L50, M|100/100\n|turn|4\n|\n|t:|1776290398\n|move|p2b: Volcarona|Protect|p2b: Volcarona\n|-singleturn|p2b: Volcarona|Protect\n|cant|p2a: Kingambit|slp\n|move|p1a: Hawlucha|Brave Bird|p2b: Volcarona\n|-activate|p2b: Volcarona|move: Protect\n|move|p1b: Snorlax|Fissure|p2a: Kingambit\n|-damage|p2a: Kingambit|0 fnt\n|faint|p2a: Kingambit\n|-ohko\n|\n|-heal|p1b: Snorlax|65/100|[from] item: Leftovers\n|upkeep\n|\n|t:|1776290401\n|switch|p2a: Whimsicott|Whimsicott, L50, F|100/100\n|turn|5\n|\n|t:|1776290418\n|switch|p1a: Sinistcha|Sinistcha, L50|100/100\n|-heal|p1b: Snorlax|90/100|[from] ability: Hospitality|[of] p1a: Sinistcha\n|move|p2a: Whimsicott|Tailwind|p2a: Whimsicott\n|-sidestart|p2: Leu_vgc|move: Tailwind\n|move|p2b: Volcarona|Heat Wave|p1a: Sinistcha|[spread] p1a,p1b\n|-supereffective|p1a: Sinistcha|1\n|-damage|p1a: Sinistcha|23/100\n|-damage|p1b: Snorlax|66/100\n|-status|p1b: Snorlax|brn\n|-enditem|p1a: Sinistcha|Sitrus Berry|[eat]\n|-heal|p1a: Sinistcha|48/100|[from] item: Sitrus Berry\n|move|p1b: Snorlax|Fissure|p2b: Volcarona\n|-damage|p2b: Volcarona|0 fnt\n|faint|p2b: Volcarona\n|-ohko\n|\n|-heal|p1b: Snorlax|72/100 brn|[from] item: Leftovers\n|-damage|p1b: Snorlax|66/100 brn|[from] brn\n|upkeep\n|turn|6\n|c|\u2606Leu_vgc|gg wp\n|-message|Leu_vgc forfeited.\n|\n|win|Noobilio\n|raw|Noobilio's rating: 1344 &rarr; <strong>1365</strong><br />(+21 for winning)\n|raw|Leu_vgc's rating: 1366 &rarr; <strong>1345</strong><br />(-21 for losing)\n|l|\u2606Leu_vgc\n|player|p2|\n",
  "uploadtime": 1776290432,
  "views": 55,
  "formatid": "gen9championsvgc2026regma",
  "rating": 1345,
  "private": 0,
  "password": null
}