{
  "id": "gen9championsvgc2026regma-2585783799",
  "format": "[Gen 9 Champions] VGC 2026 Reg M-A",
  "players": [
    "fazzorsen",
    "MrOktagon"
  ],
  "log": "|j|\u2606fazzorsen\n|j|\u2606MrOktagon\n|t:|1776370361\n|gametype|doubles\n|player|p1|fazzorsen|baker|1262\n|player|p2|MrOktagon|265|1344\n|gen|9\n|tier|[Gen 9 Champions] VGC 2026 Reg M-A\n|rated|\n|rule|Species Clause: Limit one of each Pok\u00e9mon\n|rule|Item Clause: Limit 1 of each item\n|clearpoke\n|poke|p1|Delphox, L50, M|\n|poke|p1|Basculegion, L50, M|\n|poke|p1|Clefable, L50, M|\n|poke|p1|Kingambit, L50, F|\n|poke|p1|Sneasler, L50, F|\n|poke|p1|Dragonite, L50, F|\n|poke|p2|Gengar, L50, M|\n|poke|p2|Incineroar, L50, F|\n|poke|p2|Tauros-Paldea-Aqua, L50, M|\n|poke|p2|Sinistcha, L50|\n|poke|p2|Tinkaton, L50, F|\n|poke|p2|Kingambit, L50, F|\n|teampreview|4\nfazzorsen has agreed to open team sheets.\n|inactive|Battle timer is ON: inactive players will automatically lose when time's up. (requested by fazzorsen)\n|inactive|fazzorsen has 60 seconds left.\n|inactive|MrOktagon has 60 seconds left.\n|inactive|fazzorsen has 30 seconds left.\n|inactive|fazzorsen has 20 seconds left.\n|inactive|fazzorsen has 15 seconds left.\n|\n|t:|1776370451\n|teamsize|p1|4\n|teamsize|p2|4\n|start\n|switch|p1a: Delphox|Delphox, L50, M|100/100\n|switch|p1b: Clefable|Clefable, L50, M|100/100\n|switch|p2a: Gengar|Gengar, L50, M|100/100\n|switch|p2b: Tinkaton|Tinkaton, L50, F|100/100\n|-ability|p2b: Tinkaton|Mold Breaker\n|turn|1\n|inactive|MrOktagon has 30 seconds left.\n|\n|t:|1776370476\n|detailschange|p1a: Delphox|Delphox-Mega, L50, M\n|-mega|p1a: Delphox|Delphox|Delphoxite\n|detailschange|p2a: Gengar|Gengar-Mega, L50, M\n|-mega|p2a: Gengar|Gengar|Gengarite\n|move|p2b: Tinkaton|Fake Out|p1a: Delphox\n|-damage|p1a: Delphox|89/100\n|move|p1b: Clefable|Follow Me|p1b: Clefable\n|-singleturn|p1b: Clefable|move: Follow Me\n|cant|p1a: Delphox|flinch\n|move|p2a: Gengar|Perish Song|p2a: Gengar\n|-start|p1a: Delphox|perish3|[silent]\n|-start|p1b: Clefable|perish3|[silent]\n|-start|p2a: Gengar|perish3|[silent]\n|-start|p2b: Tinkaton|perish3|[silent]\n|-fieldactivate|move: Perish Song\n|\n|-start|p1a: Delphox|perish3\n|-start|p2a: Gengar|perish3\n|-start|p2b: Tinkaton|perish3\n|-start|p1b: Clefable|perish3\n|upkeep\n|turn|2\n|inactive|fazzorsen has 30 seconds left.\n|inactive|fazzorsen has 20 seconds left.\n|inactive|fazzorsen has 15 seconds left.\n|\n|t:|1776370519\n|switch|p2b: Incineroar|Incineroar, L50, F|100/100\n|-ability|p2b: Incineroar|Intimidate|boost\n|-unboost|p1a: Delphox|atk|1\n|-unboost|p1b: Clefable|atk|1\n|move|p2a: Gengar|Protect|p2a: Gengar\n|-singleturn|p2a: Gengar|Protect\n|move|p1b: Clefable|Protect|p1b: Clefable\n|-singleturn|p1b: Clefable|Protect\n|move|p1a: Delphox|Psychic|p2a: Gengar\n|-activate|p2a: Gengar|move: Protect\n|\n|-start|p1a: Delphox|perish2\n|-start|p2a: Gengar|perish2\n|-start|p1b: Clefable|perish2\n|upkeep\n|turn|3\n|inactive|fazzorsen has 30 seconds left.\n|inactive|MrOktagon has 30 seconds left.\n|\n|t:|1776370548\n|switch|p2a: Tinkaton|Tinkaton, L50, F|100/100\n|-ability|p2a: Tinkaton|Mold Breaker\n|move|p1a: Delphox|Protect|p1a: Delphox\n|-singleturn|p1a: Delphox|Protect\n|move|p2b: Incineroar|Parting Shot|p2a: Tinkaton\n|-unboost|p2a: Tinkaton|atk|1\n|-unboost|p2a: Tinkaton|spa|1\n|\n|t:|1776370557\n|switch|p2b: Gengar|Gengar-Mega, L50, M|100/100|[from] Parting Shot\n|move|p1b: Clefable|Moonblast|p2b: Gengar\n|-resisted|p2b: Gengar|1\n|-damage|p2b: Gengar|84/100\n|\n|-start|p1a: Delphox|perish1\n|-start|p1b: Clefable|perish1\n|upkeep\n|turn|4\n|inactive|fazzorsen has 30 seconds left.\n|inactive|fazzorsen has 20 seconds left.\n|inactive|fazzorsen has 15 seconds left.\n|\n|t:|1776370598\n|move|p1b: Clefable|Protect|p1b: Clefable\n|-singleturn|p1b: Clefable|Protect\n|move|p2a: Tinkaton|Fake Out|p1a: Delphox\n|-damage|p1a: Delphox|82/100\n|cant|p1a: Delphox|flinch\n|move|p2b: Gengar|Substitute|p2b: Gengar\n|-start|p2b: Gengar|Substitute\n|-damage|p2b: Gengar|60/100\n|\n|-start|p1a: Delphox|perish0\n|-start|p1b: Clefable|perish0\n|faint|p1a: Delphox\n|faint|p1b: Clefable\n|upkeep\n|\n|t:|1776370605\n|switch|p1a: Kingambit|Kingambit, L50, F|100/100\n|switch|p1b: Basculegion|Basculegion, L50, M|100/100\n|turn|5\n|inactive|fazzorsen has 30 seconds left.\n|inactive|MrOktagon has 30 seconds left.\n|inactive|fazzorsen has 20 seconds left.\n|inactive|fazzorsen has 15 seconds left.\n|\n|t:|1776370649\n|switch|p2a: Tauros|Tauros-Paldea-Aqua, L50, M|100/100\n|-ability|p2a: Tauros|Intimidate|boost\n|-unboost|p1a: Kingambit|atk|1\n|-ability|p1a: Kingambit|Defiant|boost\n|-boost|p1a: Kingambit|atk|2\n|-unboost|p1b: Basculegion|atk|1\n|move|p1b: Basculegion|Last Respects|p2b: Gengar\n|-supereffective|p2b: Gengar|1\n|-end|p2b: Gengar|Substitute\n|move|p2b: Gengar|Perish Song|p2b: Gengar\n|-start|p1a: Kingambit|perish3|[silent]\n|-start|p1b: Basculegion|perish3|[silent]\n|-start|p2a: Tauros|perish3|[silent]\n|-start|p2b: Gengar|perish3|[silent]\n|-fieldactivate|move: Perish Song\n|move|p1a: Kingambit|Kowtow Cleave|p2b: Gengar\n|-supereffective|p2b: Gengar|1\n|-damage|p2b: Gengar|0 fnt\n|faint|p2b: Gengar\n|\n|-start|p1b: Basculegion|perish3\n|-start|p2a: Tauros|perish3\n|-start|p1a: Kingambit|perish3\n|upkeep\n|\n|t:|1776370670\n|switch|p2b: Incineroar|Incineroar, L50, F|100/100\n|-ability|p2b: Incineroar|Intimidate|boost\n|-unboost|p1a: Kingambit|atk|1\n|-ability|p1a: Kingambit|Defiant|boost\n|-boost|p1a: Kingambit|atk|2\n|-unboost|p1b: Basculegion|atk|1\n|turn|6\n|\n|t:|1776370685\n|move|p2a: Tauros|Protect|p2a: Tauros\n|-singleturn|p2a: Tauros|Protect\n|move|p2b: Incineroar|Protect|p2b: Incineroar\n|-singleturn|p2b: Incineroar|Protect\n|move|p1a: Kingambit|Protect|p1a: Kingambit\n|-singleturn|p1a: Kingambit|Protect\n|move|p1b: Basculegion|Last Respects|p2a: Tauros\n|-activate|p2a: Tauros|move: Protect\n|\n|-start|p1b: Basculegion|perish2\n|-start|p2a: Tauros|perish2\n|-start|p1a: Kingambit|perish2\n|upkeep\n|turn|7\n|inactive|MrOktagon has 30 seconds left.\n|\n|t:|1776370710\n|switch|p2a: Tinkaton|Tinkaton, L50, F|100/100\n|-ability|p2a: Tinkaton|Mold Breaker\n|move|p1b: Basculegion|Last Respects|p2a: Tinkaton\n|-damage|p2a: Tinkaton|49/100\n|move|p2b: Incineroar|Parting Shot|p1a: Kingambit\n|-unboost|p1a: Kingambit|atk|1\n|-ability|p1a: Kingambit|Defiant|boost\n|-boost|p1a: Kingambit|atk|2\n|-unboost|p1a: Kingambit|spa|1\n|-ability|p1a: Kingambit|Defiant|boost\n|-boost|p1a: Kingambit|atk|2\n|\n|t:|1776370722\n|switch|p2b: Tauros|Tauros-Paldea-Aqua, L50, M|100/100|[from] Parting Shot\n|-ability|p2b: Tauros|Intimidate|boost\n|-unboost|p1a: Kingambit|atk|1\n|-ability|p1a: Kingambit|Defiant|boost\n|-boost|p1a: Kingambit|atk|2\n|-unboost|p1b: Basculegion|atk|1\n|move|p1a: Kingambit|Kowtow Cleave|p2b: Tauros\n|-resisted|p2b: Tauros|1\n|-damage|p2b: Tauros|0 fnt\n|faint|p2b: Tauros\n|\n|-start|p1b: Basculegion|perish1\n|-start|p1a: Kingambit|perish1\n|upkeep\n|\n|t:|1776370734\n|switch|p2b: Incineroar|Incineroar, L50, F|100/100\n|-ability|p2b: Incineroar|Intimidate|boost\n|-unboost|p1a: Kingambit|atk|1\n|-ability|p1a: Kingambit|Defiant|boost\n|-boost|p1a: Kingambit|atk|1\n|-unboost|p1b: Basculegion|atk|1\n|turn|8\n|\n|t:|1776370746\n|move|p2a: Tinkaton|Protect|p2a: Tinkaton\n|-singleturn|p2a: Tinkaton|Protect\n|move|p2b: Incineroar|Protect|p2b: Incineroar\n|-singleturn|p2b: Incineroar|Protect\n|move|p1a: Kingambit|Sucker Punch||[still]\n|-fail|p1a: Kingambit\n|move|p1b: Basculegion|Last Respects|p2a: Tinkaton\n|-activate|p2a: Tinkaton|move: Protect\n|\n|-start|p1b: Basculegion|perish0\n|-start|p1a: Kingambit|perish0\n|faint|p1b: Basculegion\n|faint|p1a: Kingambit\n|\n|win|MrOktagon\n|raw|fazzorsen's rating: 1262 &rarr; <strong>1243</strong><br />(-19 for losing)\n|raw|MrOktagon's rating: 1344 &rarr; <strong>1359</strong><br />(+15 for winning)\n|l|\u2606fazzorsen\n|player|p1|\n",
  "uploadtime": 1776370762,
  "views": 38,
  "formatid": "gen9championsvgc2026regma",
  "rating": 1243,
  "private": 0,
  "password": null
}