{
  "id": "gen9championsvgc2026regma-2587733007",
  "format": "[Gen 9 Champions] VGC 2026 Reg M-A",
  "players": [
    "nootellas",
    "Boredrake2"
  ],
  "log": "|j|\u2606nootellas\n|j|\u2606Boredrake2\n|t:|1776558492\n|gametype|doubles\n|player|p1|nootellas|iono|1495\n|player|p2|Boredrake2|steven|1515\n|gen|9\n|tier|[Gen 9 Champions] VGC 2026 Reg M-A\n|rated|\n|rule|Species Clause: Limit one of each Pok\u00e9mon\n|rule|Item Clause: Limit 1 of each item\n|clearpoke\n|poke|p1|Incineroar, L50, F, shiny|\n|poke|p1|Froslass, L50, F, shiny|\n|poke|p1|Sneasler, L50, M, shiny|\n|poke|p1|Garchomp, L50, M, shiny|\n|poke|p1|Zoroark-Hisui, L50, M, shiny|\n|poke|p1|Azumarill, L50, M, shiny|\n|poke|p2|Milotic, L50, M|\n|poke|p2|Farigiraf, L50, F|\n|poke|p2|Altaria, L50, M|\n|poke|p2|Volcarona, L50, F|\n|poke|p2|Aegislash, L50, F|\n|poke|p2|Garchomp, L50, M|\n|teampreview|4\n|inactive|Battle timer is ON: inactive players will automatically lose when time's up. (requested by Boredrake2)\n|j| Dinkleburg4201\n|inactive|nootellas has 60 seconds left.\n|\n|t:|1776558552\n|teamsize|p1|4\n|teamsize|p2|4\n|start\n|switch|p1a: Azumarill|Azumarill, L50, M, shiny|100/100\n|switch|p1b: Froslass|Froslass, L50, F, shiny|100/100\n|switch|p2a: Milotic|Milotic, L50, M|100/100\n|switch|p2b: Volcarona|Volcarona, L50, F|100/100\n|turn|1\n|\n|t:|1776558570\n|detailschange|p1b: Froslass|Froslass-Mega, L50, F, shiny\n|-mega|p1b: Froslass|Froslass|Froslassite\n|-weather|Snowscape|[from] ability: Snow Warning|[of] p1b: Froslass\n|move|p2b: Volcarona|Protect|p2b: Volcarona\n|-singleturn|p2b: Volcarona|Protect\n|move|p1b: Froslass|Substitute|p1b: Froslass\n|-start|p1b: Froslass|Substitute\n|-damage|p1b: Froslass|76/100\n|move|p2a: Milotic|Scald|p1b: Froslass\n|-end|p1b: Froslass|Substitute\n|move|p1a: Azumarill|Liquidation|p2b: Volcarona\n|-activate|p2b: Volcarona|move: Protect\n|\n|-weather|Snowscape|[upkeep]\n|upkeep\n|turn|2\n|inactive|nootellas has 30 seconds left.\n|inactive|nootellas has 20 seconds left.\n|inactive|nootellas has 15 seconds left.\n|\n|t:|1776558614\n|move|p1b: Froslass|Shadow Ball|p2a: Milotic\n|-damage|p2a: Milotic|68/100\n|move|p2b: Volcarona|Flamethrower|p1b: Froslass\n|-supereffective|p1b: Froslass|1\n|-damage|p1b: Froslass|0 fnt\n|faint|p1b: Froslass\n|move|p2a: Milotic|Scald|p1a: Azumarill\n|-resisted|p1a: Azumarill|1\n|-damage|p1a: Azumarill|81/100\n|move|p1a: Azumarill|Liquidation|p2b: Volcarona\n|-supereffective|p2b: Volcarona|1\n|-enditem|p2b: Volcarona|Focus Sash\n|-damage|p2b: Volcarona|1/100\n|\n|-weather|Snowscape|[upkeep]\n|upkeep\n|\n|t:|1776558626\n|switch|p1b: Garchomp|Garchomp, L50, M, shiny|100/100\n|turn|3\n|\n|t:|1776558633\n|move|p2b: Volcarona|Rage Powder|p2b: Volcarona\n|-singleturn|p2b: Volcarona|move: Rage Powder\n|move|p1b: Garchomp|Rock Slide|p2a: Milotic|[spread] p2a,p2b\n|-supereffective|p2b: Volcarona|2\n|-damage|p2a: Milotic|47/100\n|-damage|p2b: Volcarona|0 fnt\n|-enditem|p2a: Milotic|Sitrus Berry|[eat]\n|-heal|p2a: Milotic|71/100|[from] item: Sitrus Berry\n|faint|p2b: Volcarona\n|cant|p2a: Milotic|flinch\n|move|p1a: Azumarill|Play Rough|p2a: Milotic\n|-damage|p2a: Milotic|12/100\n|-unboost|p2a: Milotic|atk|1\n|-ability|p2a: Milotic|Competitive|boost\n|-boost|p2a: Milotic|spa|2\n|\n|-weather|Snowscape|[upkeep]\n|upkeep\n|c|\u2606Boredrake2|rip\n|\n|t:|1776558649\n|switch|p2b: Garchomp|Garchomp, L50, M|100/100\n|turn|4\n|\n|t:|1776558664\n|move|p2a: Milotic|Protect|p2a: Milotic\n|-singleturn|p2a: Milotic|Protect\n|move|p1b: Garchomp|Rock Slide|p2a: Milotic|[spread] p2b\n|-activate|p2a: Milotic|move: Protect\n|-resisted|p2b: Garchomp|1\n|-damage|p2b: Garchomp|90/100\n|move|p2b: Garchomp|Dragon Claw|p1b: Garchomp\n|-supereffective|p1b: Garchomp|1\n|-damage|p1b: Garchomp|19/100\n|-damage|p2b: Garchomp|78/100|[from] ability: Rough Skin|[of] p1b: Garchomp\n|move|p1a: Azumarill|Play Rough|p2b: Garchomp\n|-supereffective|p2b: Garchomp|1\n|-damage|p2b: Garchomp|0 fnt\n|-damage|p1a: Azumarill|69/100|[from] ability: Rough Skin|[of] p2b: Garchomp\n|faint|p2b: Garchomp\n|\n|-weather|Snowscape|[upkeep]\n|upkeep\n|\n|t:|1776558681\n|switch|p2b: Aegislash|Aegislash, L50, F|100/100\n|turn|5\n|j| jovic\n|\n|t:|1776558704\n|move|p1b: Garchomp|Rock Slide|p2a: Milotic|[spread] p2a,p2b\n|-resisted|p2b: Aegislash|1\n|-damage|p2a: Milotic|0 fnt\n|-damage|p2b: Aegislash|93/100\n|faint|p2a: Milotic\n|-formechange|p2b: Aegislash|Aegislash-Blade|\n|move|p2b: Aegislash|Iron Head|p1a: Azumarill\n|-damage|p1a: Azumarill|23/100\n|move|p1a: Azumarill|Liquidation|p2b: Aegislash\n|-damage|p2b: Aegislash|0 fnt\n|faint|p2b: Aegislash\n|\n|win|nootellas\n|raw|nootellas's rating: 1495 &rarr; <strong>1516</strong><br />(+21 for winning)\n|raw|Boredrake2's rating: 1515 &rarr; <strong>1494</strong><br />(-21 for losing)\n|l|\u2606nootellas\n|player|p1|\n|l|\u2606Boredrake2\n|player|p2|\n|l| Dinkleburg4201\n|l| jovic\n",
  "uploadtime": 1776558734,
  "views": 18,
  "formatid": "gen9championsvgc2026regma",
  "rating": 1494,
  "private": 0,
  "password": null
}