{
  "id": "gen9championsvgc2026regma-2581732515",
  "format": "[Gen 9 Champions] VGC 2026 Reg M-A",
  "players": [
    "SunTufo",
    "DancerJoep"
  ],
  "log": "|j|\u2606SunTufo\n|j|\u2606DancerJoep\n|t:|1776024173\n|gametype|doubles\n|player|p1|SunTufo|li|1253\n|player|p2|DancerJoep|1|1173\n|gen|9\n|tier|[Gen 9 Champions] VGC 2026 Reg M-A\n|rated|\n|rule|Species Clause: Limit one of each Pok\u00e9mon\n|rule|Item Clause: Limit 1 of each item\n|clearpoke\n|poke|p1|Basculegion, L50, M|\n|poke|p1|Pelipper, L50, M|\n|poke|p1|Floette-Eternal, L50, F|\n|poke|p1|Archaludon, L50, F|\n|poke|p1|Sinistcha, L50|\n|poke|p1|Talonflame, L50, M|\n|poke|p2|Hawlucha, L50, F|\n|poke|p2|Vanilluxe, L50, F|\n|poke|p2|Aerodactyl, L50, F|\n|poke|p2|Mamoswine, L50, M|\n|poke|p2|Delphox, L50, M|\n|poke|p2|Sinistcha, L50|\n|teampreview|4\n|inactive|Battle timer is ON: inactive players will automatically lose when time's up. (requested by SunTufo)\n|\n|t:|1776024195\n|teamsize|p1|4\n|teamsize|p2|4\n|start\n|switch|p1a: Talonflame|Talonflame, L50, M|100/100\n|switch|p1b: Basculegion|Basculegion, L50, M|100/100\n|switch|p2a: Aerodactyl|Aerodactyl, L50, F|100/100\n|switch|p2b: Mamoswine|Mamoswine, L50, M|100/100\n|-ability|p2a: Aerodactyl|Unnerve\n|turn|1\n|inactive|DancerJoep has 30 seconds left.\n|\n|t:|1776024221\n|move|p1b: Basculegion|Aqua Jet|p2a: Aerodactyl\n|-supereffective|p2a: Aerodactyl|1\n|-damage|p2a: Aerodactyl|24/100\n|move|p1a: Talonflame|Dual Wingbeat|p2a: Aerodactyl\n|-resisted|p2a: Aerodactyl|1\n|-damage|p2a: Aerodactyl|13/100\n|-resisted|p2a: Aerodactyl|1\n|-damage|p2a: Aerodactyl|0 fnt\n|faint|p2a: Aerodactyl\n|-hitcount|p2: Aerodactyl|2\n|move|p2b: Mamoswine|Ice Shard|p1a: Talonflame\n|-damage|p1a: Talonflame|65/100\n|\n|upkeep\n|\n|t:|1776024233\n|switch|p2a: Vanilluxe|Vanilluxe, L50, F|100/100\n|-weather|Snowscape|[from] ability: Snow Warning|[of] p2a: Vanilluxe\n|turn|2\n|\n|t:|1776024251\n|switch|p1b: Pelipper|Pelipper, L50, M|100/100\n|-weather|RainDance|[from] ability: Drizzle|[of] p1b: Pelipper\n|move|p2b: Mamoswine|Ice Shard|p1a: Talonflame\n|-damage|p1a: Talonflame|29/100\n|move|p1a: Talonflame|Tailwind|p1a: Talonflame\n|-sidestart|p1: SunTufo|move: Tailwind\n|move|p2a: Vanilluxe|Freeze-Dry|p1b: Pelipper\n|-supereffective|p1b: Pelipper|2\n|-enditem|p1b: Pelipper|Focus Sash\n|-damage|p1b: Pelipper|1/100\n|\n|-weather|RainDance|[upkeep]\n|upkeep\n|turn|3\n|\n|t:|1776024267\n|move|p2b: Mamoswine|Ice Shard|p1b: Pelipper\n|-damage|p1b: Pelipper|0 fnt\n|faint|p1b: Pelipper\n|move|p1a: Talonflame|Will-O-Wisp|p2b: Mamoswine\n|-status|p2b: Mamoswine|brn\n|move|p2a: Vanilluxe|Freeze-Dry|p1a: Talonflame\n|-damage|p1a: Talonflame|0 fnt\n|faint|p1a: Talonflame\n|\n|-weather|RainDance|[upkeep]\n|-damage|p2b: Mamoswine|95/100 brn|[from] brn\n|upkeep\n|\n|t:|1776024274\n|switch|p1a: Floette|Floette-Eternal, L50, F|100/100\n|switch|p1b: Basculegion|Basculegion, L50, M|100/100\n|turn|4\n|\n|t:|1776024287\n|switch|p2a: Delphox|Delphox, L50, M|100/100\n|detailschange|p1a: Floette|Floette-Mega, L50, F\n|-mega|p1a: Floette|Floette|Floettite\n|-ability|p1a: Floette|Fairy Aura\n|move|p2b: Mamoswine|Protect|p2b: Mamoswine\n|-singleturn|p2b: Mamoswine|Protect\n|move|p1b: Basculegion|Wave Crash|p2a: Delphox\n|-supereffective|p2a: Delphox|1\n|-damage|p2a: Delphox|0 fnt\n|faint|p2a: Delphox\n|-damage|p1b: Basculegion|75/100|[from] Recoil\n|move|p1a: Floette|Calm Mind|p1a: Floette\n|-boost|p1a: Floette|spa|1\n|-boost|p1a: Floette|spd|1\n|\n|-weather|RainDance|[upkeep]\n|-damage|p2b: Mamoswine|89/100 brn|[from] brn\n|upkeep\n|\n|t:|1776024302\n|switch|p2a: Vanilluxe|Vanilluxe, L50, F|100/100\n|-weather|Snowscape|[from] ability: Snow Warning|[of] p2a: Vanilluxe\n|turn|5\n|\n|t:|1776024320\n|move|p1b: Basculegion|Wave Crash|p2b: Mamoswine\n|-supereffective|p2b: Mamoswine|1\n|-damage|p2b: Mamoswine|0 fnt\n|faint|p2b: Mamoswine\n|-damage|p1b: Basculegion|43/100|[from] Recoil\n|move|p1a: Floette|Moonblast|p2a: Vanilluxe\n|-damage|p2a: Vanilluxe|0 fnt\n|faint|p2a: Vanilluxe\n|\n|win|SunTufo\n|raw|SunTufo's rating: 1275 &rarr; <strong>1293</strong><br />(+18 for winning)\n|raw|DancerJoep's rating: 1173 &rarr; <strong>1155</strong><br />(-18 for losing)\n",
  "uploadtime": 1776024320,
  "views": 14,
  "formatid": "gen9championsvgc2026regma",
  "rating": 1155,
  "private": 0,
  "password": null
}