{
  "id": "gen9championsvgc2026regma-2582627847",
  "format": "[Gen 9 Champions] VGC 2026 Reg M-A",
  "players": [
    "3awsrdctfvgh",
    "kingofwaves"
  ],
  "log": "|j|\u203d3awsrdctfvgh\n|j|\u2606kingofwaves\n|t:|1776103571\n|gametype|doubles\n|player|p1|3awsrdctfvgh|101|1112\n|player|p2|kingofwaves|cynthia|1172\n|gen|9\n|tier|[Gen 9 Champions] VGC 2026 Reg M-A\n|rated|\n|rule|Species Clause: Limit one of each Pok\u00e9mon\n|rule|Item Clause: Limit 1 of each item\n|clearpoke\n|poke|p1|Gengar, L50, M|\n|poke|p1|Froslass, L50, F|\n|poke|p1|Alakazam, L50, M|\n|poke|p1|Arcanine-Hisui, L50, F|\n|poke|p1|Tyranitar, L50, F|\n|poke|p1|Whimsicott, L50, M|\n|poke|p2|Incineroar, L50, F|\n|poke|p2|Whimsicott, L50, M|\n|poke|p2|Glimmora, L50, F|\n|poke|p2|Pelipper, L50, M|\n|poke|p2|Basculegion, L50, M|\n|poke|p2|Archaludon, L50, F|\n|teampreview|4\n|inactive|Battle timer is ON: inactive players will automatically lose when time's up. (requested by kingofwaves)\n|inactive|3awsrdctfvgh also wants the timer to be on.\n|inactive|kingofwaves has 60 seconds left.\n|\n|t:|1776103613\n|teamsize|p1|4\n|teamsize|p2|4\n|start\n|switch|p1a: Whimsicott|Whimsicott, L50, M|100/100\n|switch|p1b: Alakazam|Alakazam, L50, M|100/100\n|switch|p2a: Glimmora|Glimmora, L50, F|100/100\n|switch|p2b: Incineroar|Incineroar, L50, F|100/100\n|-ability|p2b: Incineroar|Intimidate|boost\n|-unboost|p1a: Whimsicott|atk|1\n|-fail|p1b: Alakazam|unboost|Attack|[from] ability: Inner Focus|[of] p1b: Alakazam\n|turn|1\n|\n|t:|1776103635\n|move|p2a: Glimmora|Spiky Shield|p2a: Glimmora\n|-singleturn|p2a: Glimmora|move: Protect\n|move|p1a: Whimsicott|Tailwind|p1a: Whimsicott\n|-sidestart|p1: 3awsrdctfvgh|move: Tailwind\n|move|p1b: Alakazam|Psychic|p2a: Glimmora\n|-activate|p2a: Glimmora|move: Protect\n|move|p2b: Incineroar|Flare Blitz|p1a: Whimsicott\n|-supereffective|p1a: Whimsicott|1\n|-damage|p1a: Whimsicott|0 fnt\n|faint|p1a: Whimsicott\n|-damage|p2b: Incineroar|78/100|[from] Recoil\n|\n|upkeep\n|\n|t:|1776103648\n|switch|p1a: Tyranitar|Tyranitar, L50, F|100/100\n|-weather|Sandstorm|[from] ability: Sand Stream|[of] p1a: Tyranitar\n|turn|2\n|\n|t:|1776103662\n|switch|p2a: Pelipper|Pelipper, L50, M|100/100\n|-weather|RainDance|[from] ability: Drizzle|[of] p2a: Pelipper\n|detailschange|p1a: Tyranitar|Tyranitar-Mega, L50, F\n|-mega|p1a: Tyranitar|Tyranitar|Tyranitarite\n|-weather|Sandstorm|[from] ability: Sand Stream|[of] p1a: Tyranitar\n|move|p1b: Alakazam|Dazzling Gleam|p2a: Pelipper|[spread] p2a,p2b\n|-damage|p2a: Pelipper|60/100\n|-damage|p2b: Incineroar|60/100\n|move|p1a: Tyranitar|Rock Slide|p2b: Incineroar|[spread] p2a,p2b\n|-supereffective|p2a: Pelipper|1\n|-supereffective|p2b: Incineroar|1\n|-damage|p2a: Pelipper|0 fnt\n|-damage|p2b: Incineroar|3/100\n|-enditem|p2b: Incineroar|Sitrus Berry|[eat]\n|-heal|p2b: Incineroar|28/100|[from] item: Sitrus Berry\n|faint|p2a: Pelipper\n|move|p2b: Incineroar|Parting Shot|p1a: Tyranitar\n|-unboost|p1a: Tyranitar|atk|1\n|-unboost|p1a: Tyranitar|spa|1\n|\n|t:|1776103681\n|switch|p2b: Glimmora|Glimmora, L50, F|100/100|[from] Parting Shot\n|\n|-weather|Sandstorm|[upkeep]\n|-damage|p1b: Alakazam|94/100|[from] Sandstorm\n|upkeep\n|\n|t:|1776103689\n|switch|p2a: Incineroar|Incineroar, L50, F|28/100\n|-ability|p2a: Incineroar|Intimidate|boost\n|-unboost|p1a: Tyranitar|atk|1\n|-fail|p1b: Alakazam|unboost|Attack|[from] ability: Inner Focus|[of] p1b: Alakazam\n|turn|3\n|\n|t:|1776103700\n|switch|p1a: Froslass|Froslass, L50, F|100/100\n|detailschange|p2b: Glimmora|Glimmora-Mega, L50, F\n|-mega|p2b: Glimmora|Glimmora|Glimmoranite\n|move|p2a: Incineroar|Fake Out|p1a: Froslass\n|-immune|p1a: Froslass\n|move|p1b: Alakazam|Dazzling Gleam|p2a: Incineroar|[spread] p2a,p2b\n|-resisted|p2b: Glimmora|1\n|-damage|p2a: Incineroar|11/100\n|-damage|p2b: Glimmora|92/100\n|move|p2b: Glimmora|Earth Power|p1b: Alakazam\n|-damage|p1b: Alakazam|44/100\n|\n|-weather|Sandstorm|[upkeep]\n|-damage|p1b: Alakazam|38/100|[from] Sandstorm\n|-damage|p1a: Froslass|94/100|[from] Sandstorm\n|-damage|p2a: Incineroar|5/100|[from] Sandstorm\n|upkeep\n|turn|4\n|inactive|3awsrdctfvgh has 30 seconds left.\n|inactive|kingofwaves has 30 seconds left.\n|\n|t:|1776103733\n|move|p1b: Alakazam|Psychic|p2b: Glimmora\n|-supereffective|p2b: Glimmora|1\n|-damage|p2b: Glimmora|9/100\n|move|p1a: Froslass|Ice Beam|p2a: Incineroar\n|-resisted|p2a: Incineroar|1\n|-damage|p2a: Incineroar|0 fnt\n|faint|p2a: Incineroar\n|move|p2b: Glimmora|Power Gem|p1a: Froslass\n|-supereffective|p1a: Froslass|1\n|-damage|p1a: Froslass|0 fnt\n|faint|p1a: Froslass\n|\n|-weather|Sandstorm|[upkeep]\n|-damage|p1b: Alakazam|32/100|[from] Sandstorm\n|-sideend|p1: 3awsrdctfvgh|move: Tailwind\n|upkeep\n|\n|t:|1776103745\n|switch|p1a: Tyranitar|Tyranitar-Mega, L50, F|100/100\n|switch|p2a: Basculegion|Basculegion, L50, M|100/100\n|turn|5\n|\n|t:|1776103759\n|move|p2b: Glimmora|Spiky Shield|p2b: Glimmora\n|-singleturn|p2b: Glimmora|move: Protect\n|move|p2a: Basculegion|Aqua Jet|p1b: Alakazam\n|-crit|p1b: Alakazam\n|-damage|p1b: Alakazam|0 fnt\n|faint|p1b: Alakazam\n|move|p1a: Tyranitar|Knock Off|p2a: Basculegion\n|-supereffective|p2a: Basculegion|1\n|-enditem|p2a: Basculegion|Focus Sash\n|-damage|p2a: Basculegion|1/100\n|\n|-weather|Sandstorm|[upkeep]\n|-damage|p2a: Basculegion|0 fnt|[from] Sandstorm\n|faint|p2a: Basculegion\n|upkeep\n|turn|6\n|\n|t:|1776103780\n|move|p2b: Glimmora|Earth Power|p1a: Tyranitar\n|-supereffective|p1a: Tyranitar|1\n|-damage|p1a: Tyranitar|71/100\n|-unboost|p1a: Tyranitar|spd|1\n|move|p1a: Tyranitar|Knock Off|p2b: Glimmora\n|-damage|p2b: Glimmora|0 fnt\n|faint|p2b: Glimmora\n|\n|win|3awsrdctfvgh\n|raw|3awsrdctfvgh's rating: 1112 &rarr; <strong>1141</strong><br />(+29 for winning)\n|raw|kingofwaves's rating: 1172 &rarr; <strong>1143</strong><br />(-29 for losing)\n",
  "uploadtime": 1776103780,
  "views": 16,
  "formatid": "gen9championsvgc2026regma",
  "rating": 1141,
  "private": 0,
  "password": null
}