{
  "id": "gen9championsvgc2026regma-2583874187",
  "format": "[Gen 9 Champions] VGC 2026 Reg M-A",
  "players": [
    "number86",
    "redstonejesus"
  ],
  "log": "|j|\u2606number86\n|j|\u2606redstonejesus\n|t:|1776204497\n|gametype|doubles\n|player|p1|number86|101|1210\n|player|p2|redstonejesus|265|1215\n|gen|9\n|tier|[Gen 9 Champions] VGC 2026 Reg M-A\n|rated|\n|rule|Species Clause: Limit one of each Pok\u00e9mon\n|rule|Item Clause: Limit 1 of each item\n|clearpoke\n|poke|p1|Charizard, L50, F|\n|poke|p1|Venusaur, L50, F|\n|poke|p1|Garchomp, L50, F|\n|poke|p1|Incineroar, L50, M|\n|poke|p1|Sableye, L50, M|\n|poke|p1|Rotom-Wash, L50|\n|poke|p2|Dragonite, L50, F|\n|poke|p2|Pelipper, L50, F|\n|poke|p2|Basculegion, L50, M|\n|poke|p2|Sneasler, L50, F|\n|poke|p2|Archaludon, L50, F|\n|poke|p2|Gengar, L50, F|\n|teampreview|4\nnumber86 has agreed to open team sheets.\n|inactive|Battle timer is ON: inactive players will automatically lose when time's up. (requested by redstonejesus)\nredstonejesus has agreed to open team sheets.\n|showteam|p1|Charizard||CharizarditeY|Blaze|HeatWave,SolarBeam,AirSlash,Protect|||F|||50|]Venusaur||FocusSash|Chlorophyll|SleepPowder,GigaDrain,SludgeBomb,Protect|||F|||50|]Garchomp||SoftSand|RoughSkin|DragonClaw,Earthquake,StompingTantrum,Protect|||F|||50|]Incineroar||ShucaBerry|Intimidate|FakeOut,PartingShot,FlareBlitz,ThroatChop|||M|||50|]Sableye||MentalHerb|Prankster|ThunderWave,LightScreen,Reflect,BrickBreak|||M|||50|]Rotom-Wash||SitrusBerry|Levitate|HydroPump,Thunderbolt,NastyPlot,Protect||||||50|\n|showteam|p2|Dragonite||Dragoninite|Multiscale|DragonPulse,Hurricane,Thunder,Protect|||F|||50|]Pelipper||FocusSash|Drizzle|Tailwind,WeatherBall,Hurricane,Protect|||F|||50|]Basculegion||ChoiceScarf|Adaptability|WaveCrash,LastRespects,AquaJet,FlipTurn|||M|||50|]Sneasler||WhiteHerb|Unburden|DireClaw,CloseCombat,FakeOut,Protect|||F|||50|]Archaludon||ChopleBerry|Stalwart|ElectroShot,DracoMeteor,FlashCannon,Protect|||F|||50|]Gengar||Gengarite|CursedBody|ShadowBall,SludgeBomb,IcyWind,Protect|||F|||50|\n|inactive|number86 has 60 seconds left.\n|\n|t:|1776204572\n|teamsize|p1|4\n|teamsize|p2|4\n|start\n|switch|p1a: Sableye|Sableye, L50, M|100/100\n|switch|p1b: Garchomp|Garchomp, L50, F|100/100\n|switch|p2a: Basculegion|Basculegion, L50, M|100/100\n|switch|p2b: Sneasler|Sneasler, L50, F|100/100\n|turn|1\n|\n|t:|1776204588\n|move|p1b: Garchomp|Protect|p1b: Garchomp\n|-singleturn|p1b: Garchomp|Protect\n|move|p2b: Sneasler|Fake Out|p1b: Garchomp\n|-activate|p1b: Garchomp|move: Protect\n|move|p1a: Sableye|Reflect|p1a: Sableye\n|-sidestart|p1: number86|Reflect\n|move|p2a: Basculegion|Wave Crash|p1b: Garchomp\n|-activate|p1b: Garchomp|move: Protect\n|\n|upkeep\n|turn|2\n|\n|t:|1776204601\n|move|p1a: Sableye|Thunder Wave|p2b: Sneasler\n|-status|p2b: Sneasler|par\n|move|p2a: Basculegion|Wave Crash|p1b: Garchomp\n|-damage|p1b: Garchomp|50/100\n|-damage|p2a: Basculegion|88/100|[from] ability: Rough Skin|[of] p1b: Garchomp\n|-damage|p2a: Basculegion|73/100|[from] Recoil\n|move|p1b: Garchomp|Stomping Tantrum|p2b: Sneasler\n|-supereffective|p2b: Sneasler|1\n|-damage|p2b: Sneasler|0 fnt\n|faint|p2b: Sneasler\n|\n|upkeep\n|\n|t:|1776204617\n|switch|p2b: Dragonite|Dragonite, L50, F, shiny|100/100\n|turn|3\n|\n|t:|1776204638\n|switch|p2a: Pelipper|Pelipper, L50, F, shiny|100/100\n|-weather|RainDance|[from] ability: Drizzle|[of] p2a: Pelipper\n|switch|p1b: Rotom|Rotom-Wash, L50, shiny|100/100\n|detailschange|p2b: Dragonite|Dragonite-Mega, L50, F, shiny\n|-mega|p2b: Dragonite|Dragonite|Dragoninite\n|move|p1a: Sableye|Light Screen|p1a: Sableye\n|-sidestart|p1: number86|move: Light Screen\n|move|p2b: Dragonite|Dragon Pulse|p1b: Rotom\n|-damage|p1b: Rotom|67/100\n|\n|-weather|RainDance|[upkeep]\n|upkeep\n|turn|4\n|\n|t:|1776204656\n|move|p2b: Dragonite|Protect|p2b: Dragonite\n|-singleturn|p2b: Dragonite|Protect\n|move|p2a: Pelipper|Tailwind|p2a: Pelipper\n|-sidestart|p2: redstonejesus|move: Tailwind\n|move|p1b: Rotom|Nasty Plot|p1b: Rotom\n|-boost|p1b: Rotom|spa|2\n|move|p1a: Sableye|Brick Break|p2b: Dragonite\n|-activate|p2b: Dragonite|move: Protect\n|\n|-weather|RainDance|[upkeep]\n|upkeep\n|turn|5\n|\n|t:|1776204673\n|move|p1a: Sableye|Thunder Wave|p2b: Dragonite|[miss]\n|-miss|p1a: Sableye|p2b: Dragonite\n|move|p2b: Dragonite|Hurricane|p1b: Rotom\n|-resisted|p1b: Rotom|1\n|-damage|p1b: Rotom|48/100\n|-enditem|p1b: Rotom|Sitrus Berry|[eat]\n|-heal|p1b: Rotom|72/100|[from] item: Sitrus Berry\n|move|p2a: Pelipper|Hurricane|p1b: Rotom\n|-resisted|p1b: Rotom|1\n|-damage|p1b: Rotom|57/100\n|move|p1b: Rotom|Thunderbolt|p2a: Pelipper\n|-supereffective|p2a: Pelipper|2\n|-enditem|p2a: Pelipper|Focus Sash\n|-damage|p2a: Pelipper|1/100\n|\n|-weather|RainDance|[upkeep]\n|-sideend|p1: number86|Reflect\n|upkeep\n|turn|6\n|\n|t:|1776204695\n|move|p2a: Pelipper|Protect|p2a: Pelipper\n|-singleturn|p2a: Pelipper|Protect\n|move|p1a: Sableye|Thunder Wave|p2b: Dragonite\n|-status|p2b: Dragonite|par\n|move|p2b: Dragonite|Dragon Pulse|p1b: Rotom\n|-damage|p1b: Rotom|23/100\n|move|p1b: Rotom|Thunderbolt|p2b: Dragonite\n|-damage|p2b: Dragonite|64/100 par\n|\n|-weather|RainDance|[upkeep]\n|upkeep\n|turn|7\n|\n|t:|1776204714\n|move|p1b: Rotom|Protect|p1b: Rotom\n|-singleturn|p1b: Rotom|Protect\n|move|p2a: Pelipper|Weather Ball|p1a: Sableye\n|-damage|p1a: Sableye|49/100\n|move|p2b: Dragonite|Dragon Pulse|p1b: Rotom\n|-activate|p1b: Rotom|move: Protect\n|move|p1a: Sableye|Brick Break|p2a: Pelipper\n|-resisted|p2a: Pelipper|1\n|-damage|p2a: Pelipper|0 fnt\n|faint|p2a: Pelipper\n|\n|-weather|none\n|-sideend|p1: number86|move: Light Screen\n|-sideend|p2: redstonejesus|move: Tailwind\n|upkeep\n|\n|t:|1776204725\n|switch|p2a: Basculegion|Basculegion, L50, M|73/100\n|turn|8\n|\n|t:|1776204737\n|move|p1a: Sableye|Thunder Wave|p2a: Basculegion|[miss]\n|-miss|p1a: Sableye|p2a: Basculegion\n|move|p2a: Basculegion|Last Respects|p1a: Sableye\n|-damage|p1a: Sableye|0 fnt\n|faint|p1a: Sableye\n|move|p1b: Rotom|Thunderbolt|p2a: Basculegion\n|-supereffective|p2a: Basculegion|1\n|-damage|p2a: Basculegion|0 fnt\n|faint|p2a: Basculegion\n|move|p2b: Dragonite|Dragon Pulse|p1b: Rotom\n|-damage|p1b: Rotom|0 fnt\n|faint|p1b: Rotom\n|\n|upkeep\n|\n|t:|1776204750\n|switch|p1b: Garchomp|Garchomp, L50, F|50/100\n|switch|p1a: Charizard|Charizard, L50, F|100/100\n|turn|9\n|\n|t:|1776204757\n|detailschange|p1a: Charizard|Charizard-Mega-Y, L50, F\n|-mega|p1a: Charizard|Charizard|Charizardite Y\n|-weather|SunnyDay|[from] ability: Drought|[of] p1a: Charizard\n|move|p1b: Garchomp|Dragon Claw|p2b: Dragonite\n|-supereffective|p2b: Dragonite|1\n|-damage|p2b: Dragonite|0 fnt\n|faint|p2b: Dragonite\n|\n|win|number86\n|raw|number86's rating: 1210 &rarr; <strong>1235</strong><br />(+25 for winning)\n|raw|redstonejesus's rating: 1215 &rarr; <strong>1190</strong><br />(-25 for losing)\n",
  "uploadtime": 1776204767,
  "views": 29,
  "formatid": "gen9championsvgc2026regma",
  "rating": 1190,
  "private": 0,
  "password": null
}