{
  "id": "gen9championsvgc2026regma-2580402346",
  "format": "[Gen 9 Champions] VGC 2026 Reg M-A",
  "players": [
    "hozesama",
    "CZ2128LEO"
  ],
  "log": "|j|\u2606hozesama\n|j|\u2606CZ2128LEO\n|t:|1775891090\n|gametype|doubles\n|player|p1|hozesama|cynthia-masters4|1000\n|player|p2|CZ2128LEO|maid|1000\n|gen|9\n|tier|[Gen 9 Champions] VGC 2026 Reg M-A\n|rated|\n|rule|Species Clause: Limit one of each Pok\u00e9mon\n|rule|Item Clause: Limit 1 of each item\n|clearpoke\n|poke|p1|Gyarados, L50, F|\n|poke|p1|Venusaur, L50, M|\n|poke|p1|Sneasler, L50, F|\n|poke|p1|Kingambit, L50, F|\n|poke|p1|Basculegion, L50, M|\n|poke|p1|Gliscor, L50, F|\n|poke|p2|Starmie, L50|\n|poke|p2|Banette, L50, F|\n|poke|p2|Aggron, L50, F|\n|poke|p2|Sableye, L50, M|\n|teampreview|4\nhozesama rejected open team sheets.\n|inactive|Battle timer is ON: inactive players will automatically lose when time's up. (requested by hozesama)\n|\n|t:|1775891108\n|teamsize|p1|4\n|teamsize|p2|4\n|start\n|switch|p1a: Gyarados|Gyarados, L50, F|100/100\n|switch|p1b: Sneasler|Sneasler, L50, F|100/100\n|switch|p2a: Starmie|Starmie, L50|100/100\n|switch|p2b: Banette|Banette, L50, F|100/100\n|-ability|p1a: Gyarados|Intimidate|boost\n|-unboost|p2a: Starmie|atk|1\n|-unboost|p2b: Banette|atk|1\n|turn|1\n|inactive|CZ2128LEO has 30 seconds left.\n|inactive|CZ2128LEO has 20 seconds left.\n|inactive|CZ2128LEO has 15 seconds left.\n|inactive|CZ2128LEO has 10 seconds left.\n|inactive|CZ2128LEO has 5 seconds left.\n|\n|t:|1775891163\n|detailschange|p1a: Gyarados|Gyarados-Mega, L50, F\n|-mega|p1a: Gyarados|Gyarados|Gyaradosite\n|-ability|p1a: Gyarados|Mold Breaker\n|move|p1b: Sneasler|Fake Out|p2a: Starmie\n|-damage|p2a: Starmie|79/100\n|cant|p2a: Starmie|flinch\n|move|p1a: Gyarados|Substitute|p1a: Gyarados\n|-start|p1a: Gyarados|Substitute\n|-damage|p1a: Gyarados|76/100\n|move|p2b: Banette|Poltergeist|p1a: Gyarados\n|-activate|p1a: Gyarados|move: Poltergeist|Gyaradosite\n|-resisted|p1a: Gyarados|1\n|-activate|p1a: Gyarados|move: Substitute|[damage]\n|\n|upkeep\n|turn|2\n|inactive|CZ2128LEO has 30 seconds left.\n|inactive|CZ2128LEO has 20 seconds left.\n|\n|t:|1775891200\n|switch|p1b: Kingambit|Kingambit, L50, F|100/100\n|move|p2a: Starmie|Ally Switch|p2a: Starmie\n|swap|p2a: Starmie|1|[from] move: Ally Switch\n|move|p1a: Gyarados|Dragon Dance|p1a: Gyarados\n|-boost|p1a: Gyarados|atk|1\n|-boost|p1a: Gyarados|spe|1\n|move|p2a: Banette|Knock Off|p1b: Kingambit\n|-resisted|p1b: Kingambit|1\n|-damage|p1b: Kingambit|92/100\n|-enditem|p1b: Kingambit|Chople Berry|[from] move: Knock Off|[of] p2a: Banette\n|\n|upkeep\n|turn|3\n|inactive|CZ2128LEO has 30 seconds left.\n|\n|t:|1775891229\n|move|p2b: Starmie|Ally Switch||[still]\n|-fail|p2b: Starmie\n|move|p1b: Kingambit|Sucker Punch|p2a: Banette\n|-supereffective|p2a: Banette|1\n|-damage|p2a: Banette|0 fnt\n|faint|p2a: Banette\n|move|p1a: Gyarados|Dragon Dance|p1a: Gyarados\n|-boost|p1a: Gyarados|atk|1\n|-boost|p1a: Gyarados|spe|1\n|\n|upkeep\n|\n|t:|1775891247\n|switch|p2a: Aggron|Aggron, L50, F|100/100\n|turn|4\n|\n|t:|1775891267\n|detailschange|p2a: Aggron|Aggron-Mega, L50, F\n|-mega|p2a: Aggron|Aggron|Aggronite\n|move|p2b: Starmie|Ally Switch|p2b: Starmie\n|swap|p2b: Starmie|0|[from] move: Ally Switch\n|move|p1a: Gyarados|Waterfall|p2a: Starmie\n|-resisted|p2a: Starmie|1\n|-damage|p2a: Starmie|5/100\n|move|p2b: Aggron|Body Press|p1b: Kingambit\n|-supereffective|p1b: Kingambit|2\n|-damage|p1b: Kingambit|0 fnt\n|faint|p1b: Kingambit\n|\n|upkeep\n|\n|t:|1775891274\n|switch|p1b: Sneasler|Sneasler, L50, F|100/100\n|turn|5\n|inactive|CZ2128LEO has 30 seconds left.\n|inactive|CZ2128LEO has 20 seconds left.\n|inactive|CZ2128LEO has 15 seconds left.\n|\n|t:|1775891314\n|move|p2a: Starmie|Ally Switch|p2a: Starmie\n|swap|p2a: Starmie|1|[from] move: Ally Switch\n|move|p1a: Gyarados|Crunch|p2a: Aggron\n|-damage|p2a: Aggron|59/100\n|-unboost|p2a: Aggron|def|1\n|move|p1b: Sneasler|Close Combat|p2b: Starmie\n|-resisted|p2b: Starmie|1\n|-damage|p2b: Starmie|0 fnt\n|-unboost|p1b: Sneasler|def|1\n|-unboost|p1b: Sneasler|spd|1\n|faint|p2b: Starmie\n|-enditem|p1b: Sneasler|White Herb\n|-clearnegativeboost|p1b: Sneasler|[silent]\n|move|p2a: Aggron|Body Press|p1a: Gyarados\n|-supereffective|p1a: Gyarados|1\n|-end|p1a: Gyarados|Substitute\n|\n|upkeep\n|\n|t:|1775891332\n|switch|p2b: Sableye|Sableye, L50, M|100/100\n|turn|6\n|inactive|CZ2128LEO has 30 seconds left.\n|\n|t:|1775891358\n|move|p1b: Sneasler|Coaching|p1a: Gyarados\n|-boost|p1a: Gyarados|atk|1\n|-boost|p1a: Gyarados|def|1\n|move|p1a: Gyarados|Waterfall|p2a: Aggron\n|-damage|p2a: Aggron|0 fnt\n|faint|p2a: Aggron\n|move|p2b: Sableye|Disable|p1a: Gyarados\n|-start|p1a: Gyarados|Disable|Waterfall\n|\n|upkeep\n|turn|7\n|-message|CZ2128LEO forfeited.\n|\n|win|hozesama\n|raw|hozesama's rating: 1000 &rarr; <strong>1040</strong><br />(+40 for winning)\n|raw|CZ2128LEO's rating: 1000 &rarr; <strong>1000</strong><br />(+0 for losing)\n|l|\u2606CZ2128LEO\n|player|p2|\n",
  "uploadtime": 1775891383,
  "views": 17,
  "formatid": "gen9championsvgc2026regma",
  "rating": 1000,
  "private": 0,
  "password": null
}