{
  "id": "gen9championsvgc2026regma-2581411131",
  "format": "[Gen 9 Champions] VGC 2026 Reg M-A",
  "players": [
    "jayoticnl",
    "CosmicTroy"
  ],
  "log": "|j|\u2606jayoticnl\n|j|\u2606CosmicTroy\n|t:|1775997656\n|gametype|doubles\n|player|p1|jayoticnl|idol|1182\n|player|p2|CosmicTroy|1|1125\n|gen|9\n|tier|[Gen 9 Champions] VGC 2026 Reg M-A\n|rated|\n|rule|Species Clause: Limit one of each Pok\u00e9mon\n|rule|Item Clause: Limit 1 of each item\n|clearpoke\n|poke|p1|Froslass, L50, F|\n|poke|p1|Garchomp, L50, F|\n|poke|p1|Rotom-Wash, L50|\n|poke|p1|Incineroar, L50, F|\n|poke|p1|Sinistcha, L50|\n|poke|p1|Sneasler, L50, M|\n|poke|p2|Floette-Eternal, L50, F|\n|poke|p2|Maushold, L50|\n|poke|p2|Talonflame, L50, M|\n|poke|p2|Garchomp, L50, M|\n|poke|p2|Rotom-Wash, L50|\n|poke|p2|Orthworm, L50, F|\n|teampreview|4\n|\n|t:|1775997722\n|teamsize|p1|4\n|teamsize|p2|4\n|start\n|switch|p1a: Froslass|Froslass, L50, F|100/100\n|switch|p1b: Sneasler|Sneasler, L50, M|100/100\n|switch|p2a: Floette|Floette-Eternal, L50, F|100/100\n|switch|p2b: Maushold|Maushold, L50|100/100\n|turn|1\n|\n|t:|1775997762\n|detailschange|p1a: Froslass|Froslass-Mega, L50, F\n|-mega|p1a: Froslass|Froslass|Froslassite\n|-weather|Snowscape|[from] ability: Snow Warning|[of] p1a: Froslass\n|move|p2a: Floette|Protect|p2a: Floette\n|-singleturn|p2a: Floette|Protect\n|move|p1a: Froslass|Blizzard|p2a: Floette|[spread] p2b\n|-activate|p2a: Floette|move: Protect\n|-damage|p2b: Maushold|45/100\n|move|p1b: Sneasler|Dire Claw|p2a: Floette\n|-activate|p2a: Floette|move: Protect\n|move|p2b: Maushold|Taunt|p1a: Froslass\n|-start|p1a: Froslass|move: Taunt\n|\n|-weather|Snowscape|[upkeep]\n|upkeep\n|turn|2\n|\n|t:|1775997820\n|detailschange|p2a: Floette|Floette-Mega, L50, F\n|-mega|p2a: Floette|Floette|Floettite\n|-ability|p2a: Floette|Fairy Aura\n|move|p1b: Sneasler|Dire Claw|p2a: Floette\n|-supereffective|p2a: Floette|1\n|-damage|p2a: Floette|34/100\n|move|p1a: Froslass|Blizzard|p2b: Maushold|[spread] p2a,p2b\n|-damage|p2a: Floette|10/100\n|-damage|p2b: Maushold|0 fnt\n|faint|p2b: Maushold\n|move|p2a: Floette|Moonblast|p1a: Froslass\n|-damage|p1a: Froslass|0 fnt\n|faint|p1a: Froslass\n|\n|-weather|Snowscape|[upkeep]\n|upkeep\n|\n|t:|1775997837\n|switch|p1a: Rotom|Rotom-Wash, L50|100/100\n|switch|p2b: Talonflame|Talonflame, L50, M|100/100\n|turn|3\n|\n|t:|1775997876\n|switch|p2a: Garchomp|Garchomp, L50, M|100/100\n|move|p1b: Sneasler|Protect|p1b: Sneasler\n|-singleturn|p1b: Sneasler|Protect\n|move|p2b: Talonflame|Protect|p2b: Talonflame\n|-singleturn|p2b: Talonflame|Protect\n|move|p1a: Rotom|Volt Switch|p2a: Garchomp\n|-immune|p2a: Garchomp\n|\n|-weather|Snowscape|[upkeep]\n|upkeep\n|turn|4\n|\n|t:|1775997900\n|switch|p1b: Incineroar|Incineroar, L50, F|100/100\n|-ability|p1b: Incineroar|Intimidate|boost\n|-unboost|p2a: Garchomp|atk|1\n|-unboost|p2b: Talonflame|atk|1\n|move|p2b: Talonflame|Tailwind|p2b: Talonflame\n|-sidestart|p2: CosmicTroy|move: Tailwind\n|move|p2a: Garchomp|Earthquake|p1b: Incineroar|[spread] p1b\n|-immune|p2b: Talonflame\n|-immune|p1a: Rotom|[from] ability: Levitate\n|-supereffective|p1b: Incineroar|1\n|-damage|p1b: Incineroar|43/100\n|move|p1a: Rotom|Thunderbolt|p2b: Talonflame\n|-supereffective|p2b: Talonflame|1\n|-damage|p2b: Talonflame|0 fnt\n|faint|p2b: Talonflame\n|\n|-weather|Snowscape|[upkeep]\n|upkeep\n|\n|t:|1775997916\n|switch|p2b: Floette|Floette-Mega, L50, F|10/100\n|-ability|p2b: Floette|Fairy Aura\n|turn|5\n|\n|t:|1775997961\n|move|p2b: Floette|Protect|p2b: Floette\n|-singleturn|p2b: Floette|Protect\n|move|p1b: Incineroar|Fake Out|p2b: Floette\n|-activate|p2b: Floette|move: Protect\n|move|p2a: Garchomp|Earthquake|p1a: Rotom|[spread] p1b\n|-activate|p2b: Floette|move: Protect\n|-immune|p1a: Rotom|[from] ability: Levitate\n|-supereffective|p1b: Incineroar|1\n|-damage|p1b: Incineroar|0 fnt\n|faint|p1b: Incineroar\n|move|p1a: Rotom|Hydro Pump|p2a: Garchomp\n|-damage|p2a: Garchomp|42/100\n|\n|-weather|none\n|upkeep\n|\n|t:|1775997967\n|switch|p1b: Sneasler|Sneasler, L50, M|100/100\n|turn|6\n|\n|t:|1775997994\n|move|p1b: Sneasler|Fake Out|p2b: Floette\n|-damage|p2b: Floette|0 fnt\n|faint|p2b: Floette\n|move|p2a: Garchomp|Stone Edge|p1a: Rotom\n|-damage|p1a: Rotom|78/100\n|move|p1a: Rotom|Hydro Pump|p2a: Garchomp|[miss]\n|-miss|p1a: Rotom|p2a: Garchomp\n|\n|upkeep\n|turn|7\n|-message|CosmicTroy forfeited.\n|\n|win|jayoticnl\n|raw|jayoticnl's rating: 1182 &rarr; <strong>1203</strong><br />(+21 for winning)\n|raw|CosmicTroy's rating: 1125 &rarr; <strong>1104</strong><br />(-21 for losing)\n|l|\u2606CosmicTroy\n|player|p2|\n",
  "uploadtime": 1775999014,
  "views": 31,
  "formatid": "gen9championsvgc2026regma",
  "rating": 1104,
  "private": 0,
  "password": null
}