{
  "id": "gen9championsvgc2026regma-2582909238",
  "format": "[Gen 9 Champions] VGC 2026 Reg M-A",
  "players": [
    "ryne0",
    "l4rius"
  ],
  "log": "|j|\u2606ryne0\n|j|\u2606l4rius\n|t:|1776124086\n|gametype|doubles\n|player|p1|ryne0|brycen|1092\n|player|p2|l4rius|102|1049\n|gen|9\n|tier|[Gen 9 Champions] VGC 2026 Reg M-A\n|rated|\n|rule|Species Clause: Limit one of each Pok\u00e9mon\n|rule|Item Clause: Limit 1 of each item\n|clearpoke\n|poke|p1|Meowscarada, L50, M|\n|poke|p1|Froslass, L50, F|\n|poke|p1|Chandelure, L50, F|\n|poke|p1|Aegislash, L50, M|\n|poke|p1|Whimsicott, L50, M|\n|poke|p1|Rotom-Heat, L50|\n|poke|p2|Incineroar, L50, M|\n|poke|p2|Sneasler, L50, M|\n|poke|p2|Garchomp, L50, F|\n|poke|p2|Gengar, L50, M|\n|poke|p2|Kingambit, L50, M|\n|poke|p2|Whimsicott, L50, F|\n|teampreview|4\n|\n|t:|1776124108\n|teamsize|p1|4\n|teamsize|p2|4\n|start\n|switch|p1a: Rotom|Rotom-Heat, L50|100/100\n|switch|p1b: Meowscarada|Meowscarada, L50, M|100/100\n|switch|p2a: Sneasler|Sneasler, L50, M|100/100\n|switch|p2b: Incineroar|Incineroar, L50, M|100/100\n|-ability|p2b: Incineroar|Intimidate|boost\n|-unboost|p1a: Rotom|atk|1\n|-unboost|p1b: Meowscarada|atk|1\n|turn|1\n|\n|t:|1776124132\n|move|p2a: Sneasler|Protect|p2a: Sneasler\n|-singleturn|p2a: Sneasler|Protect\n|move|p2b: Incineroar|Fake Out|p1a: Rotom\n|-damage|p1a: Rotom|89/100\n|move|p1b: Meowscarada|Brick Break|p2b: Incineroar\n|-start|p1b: Meowscarada|typechange|Fighting|[from] ability: Protean\n|-supereffective|p2b: Incineroar|1\n|-damage|p2b: Incineroar|47/100\n|-enditem|p2b: Incineroar|Sitrus Berry|[eat]\n|-heal|p2b: Incineroar|72/100|[from] item: Sitrus Berry\n|cant|p1a: Rotom|flinch\n|\n|upkeep\n|turn|2\n|\n|t:|1776124163\n|move|p1b: Meowscarada|U-turn|p2b: Incineroar\n|-damage|p2b: Incineroar|57/100\n|\n|t:|1776124168\n|switch|p1b: Aegislash|Aegislash, L50, M|100/100|[from] U-turn\n|move|p2a: Sneasler|Dire Claw|p1b: Aegislash\n|-immune|p1b: Aegislash\n|move|p1a: Rotom|Will-O-Wisp|p2a: Sneasler\n|-status|p2a: Sneasler|brn\n|move|p2b: Incineroar|Darkest Lariat|p1a: Rotom\n|-damage|p1a: Rotom|53/100\n|\n|-damage|p2a: Sneasler|95/100 brn|[from] brn\n|upkeep\n|turn|3\n|\n|t:|1776124213\n|move|p2a: Sneasler|Protect|p2a: Sneasler\n|-singleturn|p2a: Sneasler|Protect\n|move|p1a: Rotom|Volt Switch|p2a: Sneasler\n|-activate|p2a: Sneasler|move: Protect\n|-formechange|p1b: Aegislash|Aegislash-Blade|\n|move|p1b: Aegislash|Sacred Sword|p2b: Incineroar\n|-supereffective|p2b: Incineroar|1\n|-damage|p2b: Incineroar|0 fnt\n|faint|p2b: Incineroar\n|\n|-damage|p2a: Sneasler|89/100 brn|[from] brn\n|upkeep\n|\n|t:|1776124228\n|switch|p2b: Kingambit|Kingambit, L50, M|100/100\n|-activate|p2b: Kingambit|ability: Supreme Overlord\n|-start|p2b: Kingambit|fallen1|[silent]\n|turn|4\n|\n|t:|1776124250\n|-formechange|p1b: Aegislash|Aegislash|\n|move|p1b: Aegislash|King's Shield|p1b: Aegislash\n|-singleturn|p1b: Aegislash|Protect\n|move|p2a: Sneasler|Dire Claw|p1a: Rotom\n|-damage|p1a: Rotom|32/100\n|move|p1a: Rotom|Volt Switch|p2a: Sneasler\n|-damage|p2a: Sneasler|48/100 brn\n|\n|t:|1776124259\n|switch|p1a: Chandelure|Chandelure, L50, F|100/100|[from] Volt Switch\n|move|p2b: Kingambit|Kowtow Cleave|p1b: Aegislash\n|-activate|p1b: Aegislash|move: Protect\n|-unboost|p2b: Kingambit|atk|1\n|\n|-damage|p2a: Sneasler|43/100 brn|[from] brn\n|upkeep\n|turn|5\n|\n|t:|1776124284\n|-formechange|p1b: Aegislash|Aegislash-Blade|\n|move|p1b: Aegislash|Shadow Sneak|p2a: Sneasler\n|-damage|p2a: Sneasler|4/100 brn\n|move|p2a: Sneasler|Acrobatics|p1a: Chandelure\n|-crit|p1a: Chandelure\n|-damage|p1a: Chandelure|84/100\n|move|p1a: Chandelure|Heat Wave|p2a: Sneasler|[spread] p2a,p2b\n|-supereffective|p2b: Kingambit|1\n|-damage|p2a: Sneasler|0 fnt\n|-damage|p2b: Kingambit|7/100\n|faint|p2a: Sneasler\n|move|p2b: Kingambit|Iron Head|p1a: Chandelure\n|-resisted|p1a: Chandelure|1\n|-damage|p1a: Chandelure|65/100\n|\n|upkeep\n|\n|t:|1776124298\n|switch|p2a: Whimsicott|Whimsicott, L50, F|100/100\n|turn|6\n|-message|l4rius forfeited.\n|\n|win|ryne0\n|raw|ryne0's rating: 1092 &rarr; <strong>1115</strong><br />(+23 for winning)\n|raw|l4rius's rating: 1049 &rarr; <strong>1034</strong><br />(-15 for losing)\n|l|\u2606l4rius\n|player|p2|\n",
  "uploadtime": 1776124321,
  "views": 11,
  "formatid": "gen9championsvgc2026regma",
  "rating": 1034,
  "private": 0,
  "password": null
}