{
  "id": "gen9championsvgc2026regma-2581631714",
  "format": "[Gen 9 Champions] VGC 2026 Reg M-A",
  "players": [
    "ChronicNikos",
    "jb5014"
  ],
  "log": "|j|\u2606ChronicNikos\n|j|\u2606jb5014\n|t:|1776016566\n|gametype|doubles\n|player|p1|ChronicNikos|cynthia-gen4|1100\n|player|p2|jb5014|giovanni|1000\n|gen|9\n|tier|[Gen 9 Champions] VGC 2026 Reg M-A\n|rated|\n|rule|Species Clause: Limit one of each Pok\u00e9mon\n|rule|Item Clause: Limit 1 of each item\n|clearpoke\n|poke|p1|Gengar, L50, F|\n|poke|p1|Incineroar, L50, M|\n|poke|p1|Tsareena, L50, F|\n|poke|p1|Politoed, L50, M|\n|poke|p1|Archaludon, L50, F|\n|poke|p1|Basculegion, L50, M|\n|poke|p2|Chesnaught, L50, M|\n|poke|p2|Rotom-Wash, L50|\n|poke|p2|Arcanine-Hisui, L50, M|\n|poke|p2|Farigiraf, L50, F|\n|poke|p2|Mudsdale, L50, M|\n|poke|p2|Weavile, L50, F|\n|teampreview|4\nChronicNikos has agreed to open team sheets.\njb5014 has agreed to open team sheets.\n|showteam|p1|Gengar||Gengarite|CursedBody|Protect,PerishSong,ShadowBall,SludgeBomb|||F|||50|]Incineroar||SitrusBerry|Intimidate|Protect,FakeOut,PartingShot,DarkestLariat|||M|||50|]Tsareena||FocusSash|QueenlyMajesty|Protect,TripleAxel,PowerWhip,LowKick|||F|||50|]Politoed||Leftovers|Drizzle|Protect,IceBeam,PerishSong,WeatherBall|||M|||50|]Archaludon||DragonFang|Sturdy|Protect,ElectroShot,FlashCannon,DracoMeteor|||F|||50|]Basculegion||ChoiceScarf|Adaptability|FlipTurn,IcyWind,Liquidation,LastRespects|||M|||50|\n|showteam|p2|Chesnaught||Chesnaughtite|Bulletproof|BodyPress,KnockOff,LeechSeed,SpikyShield|||M|||50|]Rotom-Wash||MysticWater|Levitate|VoltSwitch,HydroPump,ShadowBall,Protect||||||50|]Arcanine-Hisui||WhiteHerb|Intimidate|RockSlide,FlareBlitz,Protect,ExtremeSpeed|||M|||50|]Farigiraf||SitrusBerry|CudChew|HyperVoice,DazzlingGleam,TwinBeam,Protect|||F|||50|]Mudsdale||Leftovers|Stamina|BodyPress,Earthquake,RockSlide,Protect|||M|||50|]Weavile||FocusSash|Pressure|FakeOut,ThroatChop,TripleAxel,BrickBreak|||F|||50|\n|\n|t:|1776016653\n|teamsize|p1|4\n|teamsize|p2|4\n|start\n|switch|p1a: Stephen|Basculegion, L50, M|100/100\n|switch|p1b: Tsareena|Tsareena, L50, F|100/100\n|switch|p2a: Rotom|Rotom-Wash, L50|100/100\n|switch|p2b: Farigiraf|Farigiraf, L50, F|100/100\n|turn|1\n|inactive|Battle timer is ON: inactive players will automatically lose when time's up. (requested by ChronicNikos)\n|\n|t:|1776016685\n|move|p1a: Stephen|Flip Turn|p2b: Farigiraf\n|-damage|p2b: Farigiraf|62/100\n|\n|t:|1776016688\n|switch|p1a: Kathleen|Archaludon, L50, F|100/100|[from] Flip Turn\n|move|p2a: Rotom|Shadow Ball|p1a: Kathleen\n|-damage|p1a: Kathleen|61/100\n|-unboost|p1a: Kathleen|spd|1\n|move|p1b: Tsareena|Power Whip|p2b: Farigiraf\n|-damage|p2b: Farigiraf|0 fnt\n|faint|p2b: Farigiraf\n|\n|upkeep\n|\n|t:|1776016701\n|switch|p2b: Weavile|Weavile, L50, F|100/100\n|-ability|p2b: Weavile|Pressure\n|turn|2\n|inactive|jb5014 has 30 seconds left.\n|\n|t:|1776016727\n|move|p1b: Tsareena|Protect|p1b: Tsareena\n|-singleturn|p1b: Tsareena|Protect\n|move|p2b: Weavile|Triple Axel|p1b: Tsareena\n|-activate|p1b: Tsareena|move: Protect\n|move|p2a: Rotom|Shadow Ball|p1a: Kathleen\n|-damage|p1a: Kathleen|5/100\n|move|p1a: Kathleen|Flash Cannon|p2b: Weavile\n|-supereffective|p2b: Weavile|1\n|-enditem|p2b: Weavile|Focus Sash\n|-damage|p2b: Weavile|1/100\n|\n|upkeep\n|turn|3\n|inactive|ChronicNikos has 30 seconds left.\n|\n|t:|1776016758\n|switch|p1b: Gengar|Gengar, L50, F, shiny|100/100\n|move|p2b: Weavile|Triple Axel|p1b: Gengar|[miss]\n|-miss|p2b: Weavile|p1b: Gengar\n|move|p2a: Rotom|Shadow Ball|p1a: Kathleen\n|-damage|p1a: Kathleen|0 fnt\n|faint|p1a: Kathleen\n|\n|upkeep\n|\n|t:|1776016776\n|switch|p1a: Tsareena|Tsareena, L50, F|100/100\n|turn|4\n|\n|t:|1776016792\n|detailschange|p1b: Gengar|Gengar-Mega, L50, F, shiny\n|-mega|p1b: Gengar|Gengar|Gengarite\n|move|p1b: Gengar|Shadow Ball|p2b: Weavile\n|-resisted|p2b: Weavile|1\n|-damage|p2b: Weavile|0 fnt\n|faint|p2b: Weavile\n|move|p2a: Rotom|Shadow Ball|p1b: Gengar\n|-supereffective|p1b: Gengar|1\n|-damage|p1b: Gengar|42/100\n|move|p1a: Tsareena|Power Whip|p2a: Rotom\n|-supereffective|p2a: Rotom|1\n|-damage|p2a: Rotom|0 fnt\n|faint|p2a: Rotom\n|\n|upkeep\n|\n|t:|1776016799\n|switch|p2b: Chesnaught|Chesnaught, L50, M|100/100\n|turn|5\n|\n|t:|1776016817\n|detailschange|p2b: Chesnaught|Chesnaught-Mega, L50, M\n|-mega|p2b: Chesnaught|Chesnaught|Chesnaughtite\n|move|p1b: Gengar|Perish Song|p1b: Gengar\n|-start|p1a: Tsareena|perish3|[silent]\n|-start|p1b: Gengar|perish3|[silent]\n|-start|p2b: Chesnaught|perish3|[silent]\n|-fieldactivate|move: Perish Song\n|move|p1a: Tsareena|Triple Axel|p2b: Chesnaught\n|-supereffective|p2b: Chesnaught|1\n|-damage|p2b: Chesnaught|93/100\n|-supereffective|p2b: Chesnaught|1\n|-damage|p2b: Chesnaught|80/100\n|-supereffective|p2b: Chesnaught|1\n|-damage|p2b: Chesnaught|58/100\n|-hitcount|p2b: Chesnaught|3\n|move|p2b: Chesnaught|Knock Off|p1b: Gengar\n|-supereffective|p1b: Gengar|1\n|-damage|p1b: Gengar|0 fnt\n|faint|p1b: Gengar\n|\n|-start|p1a: Tsareena|perish3\n|-start|p2b: Chesnaught|perish3\n|upkeep\n|\n|t:|1776016833\n|switch|p1b: Stephen|Basculegion, L50, M|100/100\n|turn|6\n|\n|t:|1776016844\n|move|p1b: Stephen|Last Respects|p2b: Chesnaught\n|-damage|p2b: Chesnaught|15/100\n|move|p1a: Tsareena|Triple Axel|p2b: Chesnaught\n|-supereffective|p2b: Chesnaught|1\n|-damage|p2b: Chesnaught|8/100\n|-supereffective|p2b: Chesnaught|1\n|-damage|p2b: Chesnaught|0 fnt\n|faint|p2b: Chesnaught\n|-hitcount|p2: Chesnaught|2\n|\n|win|ChronicNikos\n|raw|ChronicNikos's rating: 1100 &rarr; <strong>1118</strong><br />(+18 for winning)\n|raw|jb5014's rating: 1000 &rarr; <strong>1000</strong><br />(+0 for losing)\n|l|\u2606jb5014\n|player|p2|\n",
  "uploadtime": 1776016864,
  "views": 34,
  "formatid": "gen9championsvgc2026regma",
  "rating": 1000,
  "private": 0,
  "password": null
}