{
  "id": "gen9championsvgc2026regma-2580412270",
  "format": "[Gen 9 Champions] VGC 2026 Reg M-A",
  "players": [
    "undeadmilkman",
    "Flipsicle"
  ],
  "log": "|j|\u2606undeadmilkman\n|j|\u2606Flipsicle\n|t:|1775892582\n|gametype|doubles\n|player|p1|undeadmilkman|lady|1289\n|player|p2|Flipsicle|elesa-masters|1361\n|gen|9\n|tier|[Gen 9 Champions] VGC 2026 Reg M-A\n|rated|\n|rule|Species Clause: Limit one of each Pok\u00e9mon\n|rule|Item Clause: Limit 1 of each item\n|clearpoke\n|poke|p1|Glimmora, L50, M|\n|poke|p1|Sneasler, L50, M|\n|poke|p1|Tinkaton, L50, F|\n|poke|p1|Dragapult, L50, M|\n|poke|p1|Gyarados, L50, F|\n|poke|p1|Hydreigon, L50, F|\n|poke|p2|Garchomp, L50, M|\n|poke|p2|Kingambit, L50, F|\n|poke|p2|Primarina, L50, F|\n|poke|p2|Sneasler, L50, M|\n|poke|p2|Dragonite, L50, M|\n|poke|p2|Scovillain, L50, M|\n|teampreview|4\n|inactive|Battle timer is ON: inactive players will automatically lose when time's up. (requested by undeadmilkman)\nFlipsicle rejected open team sheets.\n|c|\u2606Flipsicle|glhf\n|inactive|undeadmilkman has 60 seconds left.\n|inactive|Flipsicle has 60 seconds left.\n|inactive|Flipsicle has 30 seconds left.\n|\n|t:|1775892650\n|teamsize|p1|4\n|teamsize|p2|4\n|start\n|switch|p1a: Hydreigon|Hydreigon, L50, F|100/100\n|switch|p1b: Sneasler|Sneasler, L50, M|100/100\n|switch|p2a: Primarina|Primarina, L50, F|100/100\n|switch|p2b: Sneasler|Sneasler, L50, M|100/100\n|turn|1\n|\n|t:|1775892664\n|move|p1b: Sneasler|Fake Out|p2b: Sneasler\n|-damage|p2b: Sneasler|78/100\n|cant|p2b: Sneasler|flinch\n|move|p1a: Hydreigon|Draco Meteor|p2b: Sneasler\n|-damage|p2b: Sneasler|0 fnt\n|-unboost|p1a: Hydreigon|spa|2\n|faint|p2b: Sneasler\n|move|p2a: Primarina|Moonblast|p1b: Sneasler\n|-damage|p1b: Sneasler|33/100\n|\n|upkeep\n|\n|t:|1775892675\n|switch|p2b: Dragonite|Dragonite, L50, M|100/100\n|turn|2\n|\n|t:|1775892683\n|switch|p1a: Glimmora|Glimmora, L50, M|100/100\n|move|p2b: Dragonite|Extreme Speed|p1b: Sneasler\n|-damage|p1b: Sneasler|0 fnt\n|faint|p1b: Sneasler\n|move|p2a: Primarina|Calm Mind|p2a: Primarina\n|-boost|p2a: Primarina|spa|1\n|-boost|p2a: Primarina|spd|1\n|\n|upkeep\n|\n|t:|1775892685\n|switch|p1b: Dragapult|Dragapult, L50, M|100/100\n|turn|3\n|inactive|Flipsicle has 30 seconds left.\n|\n|t:|1775892712\n|detailschange|p1a: Glimmora|Glimmora-Mega, L50, M\n|-mega|p1a: Glimmora|Glimmora|Glimmoranite\n|move|p2a: Primarina|Protect|p2a: Primarina\n|-singleturn|p2a: Primarina|Protect\n|move|p1b: Dragapult|Will-O-Wisp|p2b: Dragonite\n|-status|p2b: Dragonite|brn\n|move|p1a: Glimmora|Sludge Bomb|p2a: Primarina\n|-activate|p2a: Primarina|move: Protect\n|move|p2b: Dragonite|Stomping Tantrum|p1a: Glimmora\n|-supereffective|p1a: Glimmora|2\n|-damage|p1a: Glimmora|34/100\n|\n|-damage|p2b: Dragonite|95/100 brn|[from] brn\n|upkeep\n|turn|4\n|inactive|Flipsicle has 30 seconds left.\n|\n|t:|1775892738\n|move|p1b: Dragapult|Shadow Ball|p2a: Primarina\n|-damage|p2a: Primarina|82/100\n|move|p1a: Glimmora|Sludge Bomb|p2a: Primarina\n|-supereffective|p2a: Primarina|1\n|-damage|p2a: Primarina|5/100\n|move|p2b: Dragonite|Stomping Tantrum|p1a: Glimmora\n|-supereffective|p1a: Glimmora|2\n|-damage|p1a: Glimmora|0 fnt\n|faint|p1a: Glimmora\n|move|p2a: Primarina|Hyper Voice|p1b: Dragapult\n|-resisted|p1b: Dragapult|1\n|-damage|p1b: Dragapult|53/100\n|\n|-heal|p2a: Primarina|11/100|[from] item: Leftovers\n|-damage|p2b: Dragonite|89/100 brn|[from] brn\n|upkeep\n|\n|t:|1775892743\n|switch|p1a: Hydreigon|Hydreigon, L50, F|100/100\n|turn|5\n|inactive|Flipsicle has 30 seconds left.\n|inactive|undeadmilkman has 30 seconds left.\n|\n|t:|1775892779\n|move|p2a: Primarina|Protect|p2a: Primarina\n|-singleturn|p2a: Primarina|Protect\n|move|p1a: Hydreigon|Dark Pulse|p2a: Primarina\n|-activate|p2a: Primarina|move: Protect\n|move|p1b: Dragapult|Draco Meteor|p2b: Dragonite\n|-supereffective|p2b: Dragonite|1\n|-crit|p2b: Dragonite\n|-damage|p2b: Dragonite|0 fnt\n|-unboost|p1b: Dragapult|spa|2\n|faint|p2b: Dragonite\n|\n|-heal|p2a: Primarina|17/100|[from] item: Leftovers\n|upkeep\n|\n|t:|1775892787\n|switch|p2b: Garchomp|Garchomp, L50, M|100/100\n|turn|6\n|inactive|Flipsicle has 30 seconds left.\n|\n|t:|1775892820\n|move|p1a: Hydreigon|Dark Pulse|p2a: Primarina\n|-resisted|p2a: Primarina|1\n|-damage|p2a: Primarina|6/100\n|move|p1b: Dragapult|Shadow Ball|p2a: Primarina\n|-damage|p2a: Primarina|0 fnt\n|faint|p2a: Primarina\n|move|p2b: Garchomp|Dragon Claw|p1a: Hydreigon\n|-supereffective|p1a: Hydreigon|1\n|-damage|p1a: Hydreigon|0 fnt\n|faint|p1a: Hydreigon\n|\n|upkeep\n|turn|7\n|\n|t:|1775892828\n|move|p1b: Dragapult|Will-O-Wisp|p2b: Garchomp\n|-status|p2b: Garchomp|brn\n|-enditem|p2b: Garchomp|Lum Berry|[eat]\n|-curestatus|p2b: Garchomp|brn|[msg]\n|move|p2b: Garchomp|Dragon Claw|p1b: Dragapult\n|-supereffective|p1b: Dragapult|1\n|-damage|p1b: Dragapult|0 fnt\n|faint|p1b: Dragapult\n|\n|win|Flipsicle\n|raw|undeadmilkman's rating: 1289 &rarr; <strong>1269</strong><br />(-20 for losing)\n|raw|Flipsicle's rating: 1361 &rarr; <strong>1377</strong><br />(+16 for winning)\n|l|\u2606undeadmilkman\n|player|p1|\n",
  "uploadtime": 1775892841,
  "views": 73,
  "formatid": "gen9championsvgc2026regma",
  "rating": 1269,
  "private": 0,
  "password": null
}