{
  "id": "gen9championsvgc2026regma-2585608776",
  "format": "[Gen 9 Champions] VGC 2026 Reg M-A",
  "players": [
    "Ywyhsn",
    "kingkronix"
  ],
  "log": "|j|\u203dYwyhsn\n|j|\u2606kingkronix\n|t:|1776358630\n|gametype|doubles\n|player|p1|Ywyhsn|2|1050\n|player|p2|kingkronix|170|1040\n|gen|9\n|tier|[Gen 9 Champions] VGC 2026 Reg M-A\n|rated|\n|rule|Species Clause: Limit one of each Pok\u00e9mon\n|rule|Item Clause: Limit 1 of each item\n|clearpoke\n|poke|p1|Charizard, L50, M|\n|poke|p1|Venusaur, L50, M|\n|poke|p1|Whimsicott, L50, F|\n|poke|p1|Incineroar, L50, F|\n|poke|p1|Garchomp, L50, F|\n|poke|p1|Aegislash, L50, M|\n|poke|p2|Camerupt, L50, M|\n|poke|p2|Torkoal, L50, M|\n|poke|p2|Oranguru, L50, M|\n|poke|p2|Incineroar, L50, M|\n|poke|p2|Sableye, L50, F|\n|poke|p2|Venusaur, L50, F|\n|teampreview|4\n|\n|t:|1776358685\n|teamsize|p1|4\n|teamsize|p2|4\n|start\n|switch|p1a: Incineroar|Incineroar, L50, F|100/100\n|switch|p1b: Garchomp|Garchomp, L50, F|100/100\n|switch|p2a: Sableye|Sableye, L50, F|100/100\n|switch|p2b: Venusaur|Venusaur, L50, F|100/100\n|-ability|p1a: Incineroar|Intimidate|boost\n|-unboost|p2a: Sableye|atk|1\n|-unboost|p2b: Venusaur|atk|1\n|turn|1\n|inactive|Battle timer is ON: inactive players will automatically lose when time's up. (requested by kingkronix)\n|\n|t:|1776358717\n|move|p2b: Venusaur|Protect|p2b: Venusaur\n|-singleturn|p2b: Venusaur|Protect\n|move|p1a: Incineroar|Fake Out|p2b: Venusaur\n|-activate|p2b: Venusaur|move: Protect\n|move|p2a: Sableye|Fake Out|p1b: Garchomp\n|-damage|p1b: Garchomp|95/100\n|-damage|p2a: Sableye|88/100|[from] ability: Rough Skin|[of] p1b: Garchomp\n|cant|p1b: Garchomp|flinch\n|\n|upkeep\n|turn|2\n|\n|t:|1776358734\n|move|p2a: Sableye|Reflect|p2a: Sableye\n|-sidestart|p2: kingkronix|Reflect\n|move|p1b: Garchomp|Stomping Tantrum|p2a: Sableye\n|-damage|p2a: Sableye|20/100\n|-enditem|p2a: Sableye|Sitrus Berry|[eat]\n|-heal|p2a: Sableye|45/100|[from] item: Sitrus Berry\n|move|p2b: Venusaur|Leech Seed|p1b: Garchomp\n|-start|p1b: Garchomp|move: Leech Seed\n|move|p1a: Incineroar|Flare Blitz|p2b: Venusaur\n|-supereffective|p2b: Venusaur|1\n|-damage|p2b: Venusaur|27/100\n|-damage|p1a: Incineroar|78/100|[from] Recoil\n|\n|-damage|p1b: Garchomp|83/100|[from] Leech Seed|[of] p2b: Venusaur\n|-heal|p2b: Venusaur|40/100|[silent]\n|upkeep\n|turn|3\n|\n|t:|1776358755\n|move|p2a: Sableye|Quash|p1a: Incineroar\n|-hint|Since gen 7, Dark is immune to Prankster moves.\n|-immune|p1a: Incineroar\n|move|p1b: Garchomp|Rock Slide|p2a: Sableye|[spread] p2a,p2b\n|-damage|p2a: Sableye|30/100\n|-damage|p2b: Venusaur|24/100\n|move|p2b: Venusaur|Giga Drain|p1b: Garchomp\n|-damage|p1b: Garchomp|24/100\n|-heal|p2b: Venusaur|54/100|[from] drain|[of] p1b: Garchomp\n|move|p1a: Incineroar|Flare Blitz|p2b: Venusaur\n|-supereffective|p2b: Venusaur|1\n|-damage|p2b: Venusaur|0 fnt\n|faint|p2b: Venusaur\n|-damage|p1a: Incineroar|62/100|[from] Recoil\n|\n|upkeep\n|\n|t:|1776358770\n|switch|p2b: Incineroar|Incineroar, L50, M|100/100\n|-ability|p2b: Incineroar|Intimidate|boost\n|-unboost|p1a: Incineroar|atk|1\n|-unboost|p1b: Garchomp|atk|1\n|turn|4\n|\n|t:|1776358795\n|move|p2b: Incineroar|Fake Out|p1b: Garchomp\n|-damage|p1b: Garchomp|12/100\n|-damage|p2b: Incineroar|88/100|[from] ability: Rough Skin|[of] p1b: Garchomp\n|move|p2a: Sableye|Light Screen|p2a: Sableye\n|-sidestart|p2: kingkronix|move: Light Screen\n|cant|p1b: Garchomp|flinch\n|move|p1a: Incineroar|Taunt|p2b: Incineroar\n|-start|p2b: Incineroar|move: Taunt\n|\n|-heal|p2b: Incineroar|94/100|[from] item: Leftovers\n|-damage|p1b: Garchomp|0 fnt|[from] Leech Seed|[of] p2b: Incineroar\n|-heal|p2b: Incineroar|100/100|[silent]\n|faint|p1b: Garchomp\n|upkeep\n|\n|t:|1776358812\n|switch|p1b: Aegislash|Aegislash, L50, M|100/100\n|turn|5\n|\n|t:|1776358834\n|move|p1b: Aegislash|King's Shield|p1b: Aegislash\n|-singleturn|p1b: Aegislash|Protect\n|move|p2a: Sableye|Quash||[still]\n|-fail|p2a: Sableye\n|move|p2b: Incineroar|Snarl|p1b: Aegislash|[spread] p1a\n|-activate|p1b: Aegislash|move: Protect\n|-resisted|p1a: Incineroar|1\n|-damage|p1a: Incineroar|57/100\n|-unboost|p1a: Incineroar|spa|1\n|move|p1a: Incineroar|Flare Blitz|p2a: Sableye\n|-damage|p2a: Sableye|7/100\n|-damage|p1a: Incineroar|52/100|[from] Recoil\n|\n|upkeep\n|turn|6\n|inactive|Ywyhsn has 30 seconds left.\n|inactive|Ywyhsn has 20 seconds left.\n|inactive|Ywyhsn has 15 seconds left.\n|inactive|Ywyhsn has 10 seconds left.\n|\n|t:|1776358880\n|move|p1b: Aegislash|King's Shield|p1b: Aegislash\n|-singleturn|p1b: Aegislash|Protect\n|move|p2a: Sableye|Quash||[still]\n|-fail|p2a: Sableye\n|move|p2b: Incineroar|Flare Blitz|p1a: Incineroar\n|-resisted|p1a: Incineroar|1\n|-damage|p1a: Incineroar|30/100\n|-enditem|p1a: Incineroar|Sitrus Berry|[eat]\n|-heal|p1a: Incineroar|54/100|[from] item: Sitrus Berry\n|-damage|p2b: Incineroar|93/100|[from] Recoil\n|move|p1a: Incineroar|Flare Blitz|p2a: Sableye\n|-damage|p2a: Sableye|0 fnt\n|faint|p2a: Sableye\n|-damage|p1a: Incineroar|53/100|[from] Recoil\n|\n|-heal|p2b: Incineroar|99/100|[from] item: Leftovers\n|-sideend|p2: kingkronix|Reflect\n|upkeep\n|\n|t:|1776358895\n|switch|p2a: Oranguru|Oranguru, L50, M|100/100\n|turn|7\n|\n|t:|1776358914\n|move|p2b: Incineroar|Snarl|p1b: Aegislash|[spread] p1a,p1b\n|-resisted|p1a: Incineroar|1\n|-supereffective|p1b: Aegislash|1\n|-damage|p1a: Incineroar|49/100\n|-damage|p1b: Aegislash|85/100\n|-unboost|p1a: Incineroar|spa|1\n|-unboost|p1b: Aegislash|spa|1\n|-formechange|p1b: Aegislash|Aegislash-Blade|\n|move|p1b: Aegislash|Shadow Ball|p2a: Oranguru\n|-immune|p2a: Oranguru\n|move|p1a: Incineroar|Parting Shot|p2b: Incineroar\n|-unboost|p2b: Incineroar|atk|1\n|-unboost|p2b: Incineroar|spa|1\n|\n|t:|1776358925\n|switch|p1a: Charizard|Charizard, L50, M|100/100|[from] Parting Shot\n|move|p2a: Oranguru|Instruct|p2b: Incineroar\n|-singleturn|p2b: Incineroar|move: Instruct|[of] p2a: Oranguru\n|move|p2b: Incineroar|Snarl|p1b: Aegislash|[spread] p1a,p1b\n|-supereffective|p1b: Aegislash|1\n|-damage|p1a: Charizard|91/100\n|-damage|p1b: Aegislash|62/100\n|-unboost|p1a: Charizard|spa|1\n|-unboost|p1b: Aegislash|spa|1\n|\n|-heal|p2b: Incineroar|100/100|[from] item: Leftovers\n|-heal|p1b: Aegislash|68/100|[from] item: Leftovers\n|-end|p2b: Incineroar|move: Taunt\n|upkeep\n|turn|8\n|inactive|kingkronix has 30 seconds left.\n|\n|t:|1776358951\n|detailschange|p1a: Charizard|Charizard-Mega-Y, L50, M\n|-mega|p1a: Charizard|Charizard|Charizardite Y\n|-weather|SunnyDay|[from] ability: Drought|[of] p1a: Charizard\n|move|p1b: Aegislash|Wide Guard|p1b: Aegislash\n|-singleturn|p1b: Aegislash|Wide Guard\n|move|p1a: Charizard|Overheat|p2a: Oranguru\n|-damage|p2a: Oranguru|65/100\n|-unboost|p1a: Charizard|spa|2\n|move|p2b: Incineroar|Flare Blitz|p1a: Charizard\n|-resisted|p1a: Charizard|1\n|-damage|p1a: Charizard|54/100\n|-damage|p2b: Incineroar|91/100|[from] Recoil\n|move|p2a: Oranguru|Instruct|p2b: Incineroar\n|-singleturn|p2b: Incineroar|move: Instruct|[of] p2a: Oranguru\n|move|p2b: Incineroar|Flare Blitz|p1a: Charizard\n|-resisted|p1a: Charizard|1\n|-damage|p1a: Charizard|21/100\n|-damage|p2b: Incineroar|82/100|[from] Recoil\n|\n|-weather|SunnyDay|[upkeep]\n|-heal|p2b: Incineroar|88/100|[from] item: Leftovers\n|-heal|p1b: Aegislash|74/100|[from] item: Leftovers\n|-sideend|p2: kingkronix|move: Light Screen\n|upkeep\n|turn|9\n|inactive|Ywyhsn has 30 seconds left.\n|inactive|kingkronix has 30 seconds left.\n|\n|t:|1776358980\n|switch|p1a: Incineroar|Incineroar, L50, F|49/100\n|-ability|p1a: Incineroar|Intimidate|boost\n|-fail|p2a: Oranguru|unboost|Attack|[from] ability: Inner Focus|[of] p2a: Oranguru\n|-unboost|p2b: Incineroar|atk|1\n|move|p2b: Incineroar|Flare Blitz|p1a: Incineroar\n|-resisted|p1a: Incineroar|1\n|-damage|p1a: Incineroar|34/100\n|-damage|p2b: Incineroar|83/100|[from] Recoil\n|move|p1b: Aegislash|Flash Cannon|p2a: Oranguru\n|-damage|p2a: Oranguru|48/100\n|move|p2a: Oranguru|Instruct|p2b: Incineroar\n|-singleturn|p2b: Incineroar|move: Instruct|[of] p2a: Oranguru\n|move|p2b: Incineroar|Flare Blitz|p1a: Incineroar\n|-resisted|p1a: Incineroar|1\n|-damage|p1a: Incineroar|19/100\n|-damage|p2b: Incineroar|78/100|[from] Recoil\n|\n|-weather|SunnyDay|[upkeep]\n|-heal|p2b: Incineroar|84/100|[from] item: Leftovers\n|-heal|p1b: Aegislash|80/100|[from] item: Leftovers\n|upkeep\n|turn|10\n|inactive|Ywyhsn has 30 seconds left.\n|inactive|kingkronix has 30 seconds left.\n|\n|t:|1776359008\n|move|p1a: Incineroar|Fake Out|p2b: Incineroar\n|-damage|p2b: Incineroar|74/100\n|cant|p2b: Incineroar|flinch\n|move|p1b: Aegislash|Flash Cannon|p2a: Oranguru\n|-damage|p2a: Oranguru|30/100\n|move|p2a: Oranguru|Pain Split|p1b: Aegislash\n|-sethp|p1b: Aegislash|57/100|[from] move: Pain Split|[silent]\n|-sethp|p2a: Oranguru|50/100|[from] move: Pain Split\n|\n|-weather|SunnyDay|[upkeep]\n|-heal|p2b: Incineroar|81/100|[from] item: Leftovers\n|-heal|p1b: Aegislash|63/100|[from] item: Leftovers\n|upkeep\n|turn|11\n|\n|t:|1776359030\n|-formechange|p1b: Aegislash|Aegislash|\n|move|p1b: Aegislash|King's Shield|p1b: Aegislash\n|-singleturn|p1b: Aegislash|Protect\n|move|p2b: Incineroar|Flare Blitz|p1a: Incineroar\n|-resisted|p1a: Incineroar|1\n|-damage|p1a: Incineroar|4/100\n|-damage|p2b: Incineroar|75/100|[from] Recoil\n|move|p1a: Incineroar|Flare Blitz|p2a: Oranguru\n|-damage|p2a: Oranguru|0 fnt\n|faint|p2a: Oranguru\n|-damage|p1a: Incineroar|0 fnt|[from] Recoil\n|faint|p1a: Incineroar\n|\n|-weather|SunnyDay|[upkeep]\n|-heal|p2b: Incineroar|82/100|[from] item: Leftovers\n|-heal|p1b: Aegislash|69/100|[from] item: Leftovers\n|upkeep\n|\n|t:|1776359045\n|switch|p1a: Charizard|Charizard-Mega-Y, L50, M|21/100\n|turn|12\n|inactive|Ywyhsn has 30 seconds left.\n|\n|t:|1776359071\n|move|p1a: Charizard|Protect|p1a: Charizard\n|-singleturn|p1a: Charizard|Protect\n|move|p2b: Incineroar|Flare Blitz|p1a: Charizard\n|-activate|p1a: Charizard|move: Protect\n|-formechange|p1b: Aegislash|Aegislash-Blade|\n|move|p1b: Aegislash|Shadow Ball|p2b: Incineroar\n|-resisted|p2b: Incineroar|1\n|-damage|p2b: Incineroar|72/100\n|\n|-weather|none\n|-heal|p2b: Incineroar|79/100|[from] item: Leftovers\n|-heal|p1b: Aegislash|75/100|[from] item: Leftovers\n|upkeep\n|turn|13\n|\n|t:|1776359095\n|move|p1a: Charizard|Overheat|p2b: Incineroar\n|-resisted|p2b: Incineroar|1\n|-damage|p2b: Incineroar|45/100\n|-unboost|p1a: Charizard|spa|2\n|move|p2b: Incineroar|Flare Blitz|p1a: Charizard\n|-resisted|p1a: Charizard|1\n|-damage|p1a: Charizard|4/100\n|-damage|p2b: Incineroar|41/100|[from] Recoil\n|move|p1b: Aegislash|Shadow Ball|p2b: Incineroar\n|-resisted|p2b: Incineroar|1\n|-damage|p2b: Incineroar|31/100\n|-unboost|p2b: Incineroar|spd|1\n|\n|-heal|p2b: Incineroar|37/100|[from] item: Leftovers\n|-heal|p1b: Aegislash|81/100|[from] item: Leftovers\n|upkeep\n|turn|14\n|inactive|kingkronix has 30 seconds left.\n|\n|t:|1776359129\n|move|p1a: Charizard|Overheat|p2b: Incineroar\n|-resisted|p2b: Incineroar|1\n|-damage|p2b: Incineroar|14/100\n|-unboost|p1a: Charizard|spa|2\n|move|p2b: Incineroar|Flare Blitz|p1b: Aegislash\n|-supereffective|p1b: Aegislash|1\n|-damage|p1b: Aegislash|0 fnt\n|faint|p1b: Aegislash\n|-damage|p2b: Incineroar|0 fnt|[from] Recoil\n|faint|p2b: Incineroar\n|\n|win|Ywyhsn\n|raw|Ywyhsn's rating: 1050 &rarr; <strong>1082</strong><br />(+32 for winning)\n|raw|kingkronix's rating: 1040 &rarr; <strong>1024</strong><br />(-16 for losing)\n|l|\u203dYwyhsn\n|player|p1|\n",
  "uploadtime": 1776359151,
  "views": 26,
  "formatid": "gen9championsvgc2026regma",
  "rating": 1024,
  "private": 0,
  "password": null
}