{
  "id": "gen9championsvgc2026regma-2584448899",
  "format": "[Gen 9 Champions] VGC 2026 Reg M-A",
  "players": [
    "Murphy's kitchen",
    "juansimon383"
  ],
  "log": "|j|\u2606Murphy's kitchen\n|j|\u2606juansimon383\n|t:|1776261620\n|gametype|doubles\n|player|p1|Murphy's kitchen|102|1307\n|player|p2|juansimon383|swimmerf|1304\n|gen|9\n|tier|[Gen 9 Champions] VGC 2026 Reg M-A\n|rated|\n|rule|Species Clause: Limit one of each Pok\u00e9mon\n|rule|Item Clause: Limit 1 of each item\n|clearpoke\n|poke|p1|Ninetales-Alola, L50, F|\n|poke|p1|Glimmora, L50, F|\n|poke|p1|Aegislash, L50, M|\n|poke|p1|Gyarados, L50, M|\n|poke|p1|Kommo-o, L50, M|\n|poke|p1|Scovillain, L50, F|\n|poke|p2|Delphox, L50, M|\n|poke|p2|Sinistcha, L50|\n|poke|p2|Kingambit, L50, M|\n|poke|p2|Rotom-Wash, L50|\n|poke|p2|Kommo-o, L50, M|\n|poke|p2|Aerodactyl, L50, M|\n|teampreview|4\n|inactive|Battle timer is ON: inactive players will automatically lose when time's up. (requested by juansimon383)\n|\n|t:|1776261664\n|teamsize|p1|4\n|teamsize|p2|4\n|start\n|switch|p1a: Ninetales|Ninetales-Alola, L50, F|100/100\n|switch|p1b: Kommo-o|Kommo-o, L50, M|100/100\n|switch|p2a: Kingambit|Kingambit, L50, M|100/100\n|switch|p2b: Rotom|Rotom-Wash, L50, shiny|100/100\n|-weather|Snowscape|[from] ability: Snow Warning|[of] p1a: Ninetales\n|turn|1\n|\n|t:|1776261684\n|move|p1a: Ninetales|Freeze-Dry|p2b: Rotom\n|-supereffective|p2b: Rotom|1\n|-damage|p2b: Rotom|43/100\n|move|p2b: Rotom|Volt Switch|p1b: Kommo-o\n|-resisted|p1b: Kommo-o|1\n|-damage|p1b: Kommo-o|83/100\n|\n|t:|1776261691\n|switch|p2b: Delphox|Delphox, L50, M, shiny|100/100|[from] Volt Switch\n|move|p1b: Kommo-o|Clangorous Soul|p1b: Kommo-o\n|-boost|p1b: Kommo-o|atk|1\n|-boost|p1b: Kommo-o|def|1\n|-boost|p1b: Kommo-o|spa|1\n|-boost|p1b: Kommo-o|spd|1\n|-boost|p1b: Kommo-o|spe|1\n|-damage|p1b: Kommo-o|50/100\n|move|p2a: Kingambit|Iron Head|p1a: Ninetales\n|-supereffective|p1a: Ninetales|2\n|-damage|p1a: Ninetales|0 fnt\n|faint|p1a: Ninetales\n|\n|-weather|Snowscape|[upkeep]\n|-heal|p1b: Kommo-o|56/100|[from] item: Leftovers\n|upkeep\n|\n|t:|1776261711\n|switch|p1a: Scovillain|Scovillain, L50, F|100/100\n|turn|2\n|inactive|juansimon383 has 30 seconds left.\n|\n|t:|1776261740\n|detailschange|p2b: Delphox|Delphox-Mega, L50, M, shiny\n|-mega|p2b: Delphox|Delphox|Delphoxite\n|detailschange|p1a: Scovillain|Scovillain-Mega, L50, F\n|-mega|p1a: Scovillain|Scovillain|Scovillainite\n|move|p2a: Kingambit|Protect|p2a: Kingambit\n|-singleturn|p2a: Kingambit|Protect\n|move|p1a: Scovillain|Rage Powder|p1a: Scovillain\n|-singleturn|p1a: Scovillain|move: Rage Powder\n|move|p1b: Kommo-o|Clanging Scales|p2b: Delphox|[spread] p2b\n|-activate|p2a: Kingambit|move: Protect\n|-crit|p2b: Delphox\n|-damage|p2b: Delphox|22/100\n|-unboost|p1b: Kommo-o|def|1\n|move|p2b: Delphox|Psychic|p1a: Scovillain\n|-damage|p1a: Scovillain|39/100\n|-immune|p2b: Delphox\n|\n|-weather|Snowscape|[upkeep]\n|-heal|p1b: Kommo-o|62/100|[from] item: Leftovers\n|upkeep\n|turn|3\n|inactive|Murphy's kitchen has 30 seconds left.\n|inactive|juansimon383 has 30 seconds left.\n|inactive|juansimon383 has 20 seconds left.\n|\n|t:|1776261775\n|move|p2b: Delphox|Protect|p2b: Delphox\n|-singleturn|p2b: Delphox|Protect\n|move|p1b: Kommo-o|Clanging Scales|p2a: Kingambit|[spread] p2a\n|-activate|p2b: Delphox|move: Protect\n|-resisted|p2a: Kingambit|1\n|-damage|p2a: Kingambit|79/100\n|-unboost|p1b: Kommo-o|def|1\n|move|p1a: Scovillain|Overheat|p2a: Kingambit\n|-supereffective|p2a: Kingambit|1\n|-damage|p2a: Kingambit|0 fnt\n|-unboost|p1a: Scovillain|spa|2\n|faint|p2a: Kingambit\n|\n|-weather|Snowscape|[upkeep]\n|-heal|p1b: Kommo-o|68/100|[from] item: Leftovers\n|upkeep\n|inactive|juansimon383 has 30 seconds left.\n|\n|t:|1776261803\n|switch|p2a: Aerodactyl|Aerodactyl, L50, M, shiny|100/100\n|turn|4\n|\n|t:|1776261825\n|switch|p2b: Rotom|Rotom-Wash, L50, shiny|43/100\n|move|p1a: Scovillain|Rage Powder|p1a: Scovillain\n|-singleturn|p1a: Scovillain|move: Rage Powder\n|move|p1b: Kommo-o|Clanging Scales|p2b: Rotom|[spread] p2a,p2b\n|-damage|p2a: Aerodactyl|20/100\n|-damage|p2b: Rotom|0 fnt\n|faint|p2b: Rotom\n|-unboost|p1b: Kommo-o|def|1\n|move|p2a: Aerodactyl|Tailwind|p2a: Aerodactyl\n|-sidestart|p2: juansimon383|move: Tailwind\n|\n|-weather|Snowscape|[upkeep]\n|-heal|p1b: Kommo-o|74/100|[from] item: Leftovers\n|upkeep\n|\n|t:|1776261832\n|switch|p2b: Delphox|Delphox-Mega, L50, M, shiny|22/100\n|turn|5\n|\n|t:|1776261844\n|move|p1b: Kommo-o|Protect|p1b: Kommo-o\n|-singleturn|p1b: Kommo-o|Protect\n|move|p1a: Scovillain|Rage Powder|p1a: Scovillain\n|-singleturn|p1a: Scovillain|move: Rage Powder\n|move|p2b: Delphox|Psychic|p1a: Scovillain\n|-damage|p1a: Scovillain|0 fnt\n|-immune|p2b: Delphox\n|faint|p1a: Scovillain\n|move|p2a: Aerodactyl|Dual Wingbeat|p1b: Kommo-o\n|-activate|p1b: Kommo-o|move: Protect\n|\n|-weather|none\n|-heal|p1b: Kommo-o|79/100|[from] item: Leftovers\n|upkeep\n|\n|t:|1776261858\n|switch|p1a: Aegislash|Aegislash, L50, M|100/100\n|turn|6\n|\n|t:|1776261874\n|move|p2b: Delphox|Protect|p2b: Delphox\n|-singleturn|p2b: Delphox|Protect\n|-formechange|p1a: Aegislash|Aegislash-Blade|\n|move|p1a: Aegislash|Shadow Sneak|p2a: Aerodactyl\n|-damage|p2a: Aerodactyl|0 fnt\n|faint|p2a: Aerodactyl\n|move|p1b: Kommo-o|Clanging Scales|p2b: Delphox\n|-activate|p2b: Delphox|move: Protect\n|\n|-heal|p1b: Kommo-o|85/100|[from] item: Leftovers\n|upkeep\n|turn|7\n|-message|juansimon383 forfeited.\n|\n|win|Murphy's kitchen\n|raw|Murphy&apos;s kitchen's rating: 1307 &rarr; <strong>1327</strong><br />(+20 for winning)\n|raw|juansimon383's rating: 1304 &rarr; <strong>1284</strong><br />(-20 for losing)\n|l|\u2606juansimon383\n|player|p2|\n",
  "uploadtime": 1776261891,
  "views": 38,
  "formatid": "gen9championsvgc2026regma",
  "rating": 1284,
  "private": 0,
  "password": null
}