{
  "id": "gen9championsvgc2026regma-2582990639",
  "format": "[Gen 9 Champions] VGC 2026 Reg M-A",
  "players": [
    "Menrad",
    "RrrrrMemes9"
  ],
  "log": "|j|\u2606Menrad\n|j|\u2606RrrrrMemes9\n|html|<table width=\"100%\"><tr><td align=\"left\">Menrad</td><td align=\"right\">RrrrrMemes9</tr><tr><td align=\"left\"><i class=\"fa fa-circle-o\"></i> <i class=\"fa fa-circle-o\"></i> </td><td align=\"right\"><i class=\"fa fa-circle-o\"></i> <i class=\"fa fa-circle-o\"></i> </tr></table>\n|uhtml|bestof|<h2><strong>Game 1</strong> of <a href=\"/game-bestof3-gen9championsvgc2026regma-2582990638\">a best-of-3</a></h2>\n|t:|1776131323\n|gametype|doubles\n|player|p1|Menrad|benga|\n|player|p2|RrrrrMemes9|n|\n|gen|9\n|tier|[Gen 9 Champions] VGC 2026 Reg M-A\n|rule|Species Clause: Limit one of each Pok\u00e9mon\n|rule|Item Clause: Limit 1 of each item\n|raw|<div class=\"infobox\"><details class=\"readmore\" open><summary><strong>1 custom rule:</strong></summary> Best of = 3</details></div>\n|clearpoke\n|poke|p1|Manectric, L50, M|\n|poke|p1|Chimecho, L50, M|\n|poke|p1|Incineroar, L50, F|\n|poke|p1|Runerigus, L50, F|\n|poke|p1|Orthworm, L50, F|\n|poke|p1|Clefable, L50, M|\n|poke|p2|Floette-Eternal, L50, F|\n|poke|p2|Rotom-Mow, L50|\n|poke|p2|Victreebel, L50, M|\n|poke|p2|Decidueye-Hisui, L50, M|\n|poke|p2|Ninetales, L50, M|\n|poke|p2|Ditto, L50|\n|teampreview|4\n|inactive|Battle timer is ON: inactive players will automatically lose when time's up. (requested by Menrad)\nRrrrrMemes9 rejected open team sheets.\n|inactive|Menrad has 60 seconds left.\n|\n|t:|1776131357\n|teamsize|p1|4\n|teamsize|p2|4\n|start\n|switch|p1a: Clefable|Clefable, L50, M|100/100\n|switch|p1b: Runerigus|Runerigus, L50, F|100/100\n|switch|p2a: NaruBOI|Ninetales, L50, M|100/100\n|switch|p2b: You Who?|Ditto, L50, shiny|100/100\n|-weather|SunnyDay|[from] ability: Drought|[of] p2a: NaruBOI\n|-transform|p2b: You Who?|p1a: Clefable|[from] ability: Imposter\n|turn|1\n|inactive|Menrad has 30 seconds left.\n|\n|t:|1776131388\n|switch|p1a: Chimecho|Chimecho, L50, M|100/100\n|move|p2a: NaruBOI|Shadow Ball|p1b: Runerigus\n|-supereffective|p1b: Runerigus|1\n|-damage|p1b: Runerigus|70/100\n|move|p2b: You Who?|Moonblast|p1a: Chimecho\n|-damage|p1a: Chimecho|71/100\n|move|p1b: Runerigus|Earthquake|p2a: NaruBOI|[spread] p2a,p2b\n|-immune|p1a: Chimecho|[from] ability: Levitate\n|-supereffective|p2a: NaruBOI|1\n|-damage|p2a: NaruBOI|43/100\n|-damage|p2b: You Who?|75/100\n|\n|-weather|SunnyDay|[upkeep]\n|-heal|p2b: You Who?|81/100|[from] item: Leftovers\n|upkeep\n|turn|2\n|inactive|Menrad has 30 seconds left.\n|inactive|RrrrrMemes9 has 30 seconds left.\n|inactive|Menrad has 20 seconds left.\n|inactive|RrrrrMemes9 has 20 seconds left.\n|inactive|Menrad has 15 seconds left.\n|inactive|RrrrrMemes9 has 15 seconds left.\n|inactive|RrrrrMemes9 has 10 seconds left.\n|inactive|RrrrrMemes9 has 5 seconds left.\n|inactiveoff|Battle timer is now OFF.\n|\n|t:|1776131440\n|switch|p1b: Manectric|Manectric, L50, M|100/100\n|move|p2a: NaruBOI|Shadow Ball|p1a: Chimecho\n|-supereffective|p1a: Chimecho|1\n|-damage|p1a: Chimecho|42/100\n|move|p1a: Chimecho|Skill Swap|p1b: Manectric\n|-activate|p1a: Chimecho|Skill Swap|||[of] p1b: Manectric\n|move|p2b: You Who?|Moonblast|p1b: Manectric\n|-damage|p1b: Manectric|68/100\n|\n|-weather|SunnyDay|[upkeep]\n|-heal|p2b: You Who?|87/100|[from] item: Leftovers\n|upkeep\n|turn|3\n|\n|t:|1776131470\n|detailschange|p1b: Manectric|Manectric-Mega, L50, M\n|-mega|p1b: Manectric|Manectric|Manectite\n|-ability|p1b: Manectric|Intimidate|boost\n|-unboost|p2a: NaruBOI|atk|1\n|-unboost|p2b: You Who?|atk|1\n|move|p2a: NaruBOI|Disable||[still]\n|-fail|p2a: NaruBOI\n|move|p1b: Manectric|Flamethrower|p2b: You Who?\n|-damage|p2b: You Who?|37/100\n|move|p1a: Chimecho|Flash Cannon|p2b: You Who?\n|-supereffective|p2b: You Who?|1\n|-damage|p2b: You Who?|0 fnt\n|faint|p2b: You Who?\n|\n|-weather|SunnyDay|[upkeep]\n|upkeep\n|\n|t:|1776131486\n|switch|p2b: Chubb|Victreebel, L50, M|100/100\n|turn|4\n|\n|t:|1776131524\n|detailschange|p2b: Chubb|Victreebel-Mega, L50, M\n|-mega|p2b: Chubb|Victreebel|Victreebelite\n|move|p2b: Chubb|Protect|p2b: Chubb\n|-singleturn|p2b: Chubb|Protect\n|move|p2a: NaruBOI|Shadow Ball|p1a: Chimecho\n|-supereffective|p1a: Chimecho|1\n|-damage|p1a: Chimecho|12/100\n|move|p1b: Manectric|Flamethrower|p2b: Chubb\n|-activate|p2b: Chubb|move: Protect\n|move|p1a: Chimecho|Skill Swap|p1b: Manectric\n|-activate|p1a: Chimecho|Skill Swap|||[of] p1b: Manectric\n|-ability|p1a: Chimecho|Intimidate|boost\n|-unboost|p2a: NaruBOI|atk|1\n|-unboost|p2b: Chubb|atk|1\n|\n|-weather|SunnyDay|[upkeep]\n|upkeep\n|turn|5\n|\n|t:|1776131552\n|switch|p1a: Clefable|Clefable, L50, M|100/100\n|move|p2a: NaruBOI|Shadow Ball|p1a: Clefable\n|-crit|p1a: Clefable\n|-damage|p1a: Clefable|77/100\n|move|p1b: Manectric|Flamethrower|p2b: Chubb\n|-supereffective|p2b: Chubb|1\n|-damage|p2b: Chubb|2/100\n|move|p2b: Chubb|Solar Beam||[still]\n|-prepare|p2b: Chubb|Solar Beam\n|-anim|p2b: Chubb|Solar Beam|p1b: Manectric\n|-damage|p1b: Manectric|7/100\n|\n|-weather|none\n|upkeep\n|turn|6\n|\n|t:|1776131627\n|move|p2a: NaruBOI|Shadow Ball|p1b: Manectric\n|-damage|p1b: Manectric|0 fnt\n|faint|p1b: Manectric\n|move|p2b: Chubb|Stun Spore|p1a: Clefable\n|-status|p1a: Clefable|par\n|move|p1a: Clefable|Psychic|p2a: NaruBOI\n|-damage|p2a: NaruBOI|21/100\n|\n|upkeep\n|\n|t:|1776131648\n|switch|p1b: Runerigus|Runerigus, L50, F|70/100\n|turn|7\n|\n|t:|1776131667\n|move|p2b: Chubb|Protect|p2b: Chubb\n|-singleturn|p2b: Chubb|Protect\n|move|p1b: Runerigus|Ally Switch|p1b: Runerigus\n|swap|p1b: Runerigus|0|[from] move: Ally Switch\n|move|p2a: NaruBOI|Energy Ball|p1b: Clefable\n|-damage|p1b: Clefable|62/100 par\n|move|p1b: Clefable|Psychic|p2b: Chubb\n|-activate|p2b: Chubb|move: Protect\n|\n|upkeep\n|turn|8\n|\n|t:|1776131713\n|switch|p1a: Chimecho|Chimecho, L50, M|12/100\n|move|p2a: NaruBOI|Energy Ball|p1a: Chimecho\n|-damage|p1a: Chimecho|0 fnt\n|faint|p1a: Chimecho\n|move|p2b: Chubb|Stun Spore|p1b: Clefable\n|-fail|p1b: Clefable|par\n|move|p1b: Clefable|Psychic|p2b: Chubb\n|-supereffective|p2b: Chubb|1\n|-damage|p2b: Chubb|0 fnt\n|-damage|p1b: Clefable|60/100 par|[from] ability: Innards Out|[of] p2b: Chubb\n|faint|p2b: Chubb\n|\n|upkeep\n|\n|t:|1776131729\n|switch|p2b: Ange|Floette-Eternal, L50, F|100/100\n|switch|p1a: Runerigus|Runerigus, L50, F|70/100\n|turn|9\n|inactive|Battle timer is ON: inactive players will automatically lose when time's up. (requested by Menrad)\n|\n|t:|1776131791\n|move|p1a: Runerigus|Ally Switch|p1a: Runerigus\n|swap|p1a: Runerigus|1|[from] move: Ally Switch\n|move|p2b: Ange|Light of Ruin|p1b: Runerigus\n|-damage|p1b: Runerigus|0 fnt\n|faint|p1b: Runerigus\n|-damage|p2b: Ange|62/100|[from] Recoil\n|move|p2a: NaruBOI|Energy Ball|p1a: Clefable\n|-damage|p1a: Clefable|43/100 par\n|cant|p1a: Clefable|par\n|\n|upkeep\n|turn|10\n|-activate|p1a: Clefable|item: Quick Claw\n|\n|t:|1776131805\n|move|p1a: Clefable|Moonlight|p1a: Clefable\n|-heal|p1a: Clefable|93/100 par\n|move|p2b: Ange|Light of Ruin|p1a: Clefable\n|-damage|p1a: Clefable|23/100 par\n|-damage|p2b: Ange|15/100|[from] Recoil\n|move|p2a: NaruBOI|Overheat|p1a: Clefable|[miss]\n|-miss|p2a: NaruBOI|p1a: Clefable\n|\n|upkeep\n|turn|11\n|\n|t:|1776131819\n|move|p2b: Ange|Light of Ruin|p1a: Clefable\n|-damage|p1a: Clefable|0 fnt\n|faint|p1a: Clefable\n|-damage|p2b: Ange|0 fnt|[from] Recoil\n|faint|p2b: Ange\n|\n|win|RrrrrMemes9\n|l|\u2606RrrrrMemes9\n|player|p2|\n||RrrrrMemes9 is ready for game 2.\n|inactive|Menrad has 29 seconds to confirm battle start!\n||Menrad is ready for game 2.\n|uhtml|next|Next: <a href=\"/battle-gen9championsvgc2026regma-2582996437\"><strong>Game 2 of 3</strong></a>\n",
  "uploadtime": 1776133082,
  "views": 11,
  "formatid": "gen9championsvgc2026regma",
  "rating": null,
  "private": 0,
  "password": null
}