{
  "id": "gen9championsvgc2026regma-2584837075",
  "format": "[Gen 9 Champions] VGC 2026 Reg M-A",
  "players": [
    "Flygonbgon19",
    "penledzuu"
  ],
  "log": "|j|\u2606Flygonbgon19\n|j|\u2606penledzuu\n|t:|1776287487\n|gametype|doubles\n|player|p1|Flygonbgon19|169|1068\n|player|p2|penledzuu|ninjaboy|1104\n|gen|9\n|tier|[Gen 9 Champions] VGC 2026 Reg M-A\n|rated|\n|rule|Species Clause: Limit one of each Pok\u00e9mon\n|rule|Item Clause: Limit 1 of each item\n|clearpoke\n|poke|p1|Excadrill, L50, M|\n|poke|p1|Farigiraf, L50, M|\n|poke|p1|Sinistcha, L50|\n|poke|p1|Incineroar, L50, M|\n|poke|p1|Tyranitar, L50, M|\n|poke|p1|Garchomp, L50, F|\n|poke|p2|Gengar, L50, M|\n|poke|p2|Gardevoir, L50, F|\n|poke|p2|Arcanine-Hisui, L50, F|\n|poke|p2|Charizard, L50, M|\n|poke|p2|Machamp, L50, F|\n|poke|p2|Sneasler, L50, M|\n|teampreview|4\n|inactive|Battle timer is ON: inactive players will automatically lose when time's up. (requested by penledzuu)\n|\n|t:|1776287514\n|teamsize|p1|4\n|teamsize|p2|4\n|start\n|switch|p1a: Incineroar|Incineroar, L50, M|100/100\n|switch|p1b: Tyranitar|Tyranitar, L50, M|100/100\n|switch|p2a: Gengar|Gengar, L50, M, shiny|100/100\n|switch|p2b: Gardevoir|Gardevoir, L50, F|100/100\n|-ability|p2b: Gardevoir|Sand Stream|Trace|[from] ability: Trace|[of] p1b: Tyranitar\n|-weather|Sandstorm|[from] ability: Sand Stream|[of] p2b: Gardevoir\n|-ability|p1a: Incineroar|Intimidate|boost\n|-unboost|p2a: Gengar|atk|1\n|-unboost|p2b: Gardevoir|atk|1\n|turn|1\n|inactive|Flygonbgon19 has 30 seconds left.\n|inactive|Flygonbgon19 has 20 seconds left.\n|\n|t:|1776287549\n|move|p2a: Gengar|Sludge Bomb|p1a: Incineroar\n|-damage|p1a: Incineroar|58/100\n|-status|p1a: Incineroar|psn\n|-enditem|p1a: Incineroar|Lum Berry|[eat]\n|-curestatus|p1a: Incineroar|psn|[msg]\n|move|p2b: Gardevoir|Aura Sphere|p1b: Tyranitar\n|-supereffective|p1b: Tyranitar|2\n|-damage|p1b: Tyranitar|25/100\n|move|p1a: Incineroar|Taunt|p2a: Gengar\n|-start|p2a: Gengar|move: Taunt\n|move|p1b: Tyranitar|Rock Slide|p2b: Gardevoir|[spread] p2a,p2b\n|-damage|p2a: Gengar|39/100\n|-damage|p2b: Gardevoir|45/100\n|-start|p1b: Tyranitar|Disable|Rock Slide|[from] ability: Cursed Body|[of] p2a: Gengar\n|-enditem|p2b: Gardevoir|Sitrus Berry|[eat]\n|-heal|p2b: Gardevoir|69/100|[from] item: Sitrus Berry\n|\n|-weather|Sandstorm|[upkeep]\n|-damage|p2a: Gengar|33/100|[from] Sandstorm\n|-damage|p2b: Gardevoir|63/100|[from] Sandstorm\n|-damage|p1a: Incineroar|52/100|[from] Sandstorm\n|-heal|p1b: Tyranitar|31/100|[from] item: Leftovers\n|upkeep\n|turn|2\n|inactive|Flygonbgon19 has 30 seconds left.\n|inactive|penledzuu has 30 seconds left.\n|inactive|penledzuu has 20 seconds left.\n|\n|t:|1776287585\n|move|p1b: Tyranitar|Protect|p1b: Tyranitar\n|-singleturn|p1b: Tyranitar|Protect\n|move|p2a: Gengar|Shadow Ball|p1a: Incineroar\n|-resisted|p1a: Incineroar|1\n|-damage|p1a: Incineroar|34/100\n|move|p2b: Gardevoir|Aura Sphere|p1b: Tyranitar\n|-activate|p1b: Tyranitar|move: Protect\n|move|p1a: Incineroar|Parting Shot|p2b: Gardevoir\n|-unboost|p2b: Gardevoir|atk|1\n|-unboost|p2b: Gardevoir|spa|1\n|\n|t:|1776287597\n|switch|p1a: Excadrill|Excadrill, L50, M|100/100|[from] Parting Shot\n|\n|-weather|Sandstorm|[upkeep]\n|-damage|p2a: Gengar|28/100|[from] Sandstorm\n|-damage|p2b: Gardevoir|57/100|[from] Sandstorm\n|-heal|p1b: Tyranitar|37/100|[from] item: Leftovers\n|upkeep\n|turn|3\n|\n|t:|1776287618\n|move|p1a: Excadrill|Iron Head|p2b: Gardevoir\n|-supereffective|p2b: Gardevoir|1\n|-crit|p2b: Gardevoir\n|-damage|p2b: Gardevoir|0 fnt\n|faint|p2b: Gardevoir\n|move|p2a: Gengar|Icy Wind|p1b: Tyranitar|[spread] p1a,p1b\n|-crit|p1b: Tyranitar\n|-damage|p1a: Excadrill|80/100\n|-damage|p1b: Tyranitar|22/100\n|-unboost|p1a: Excadrill|spe|1\n|-unboost|p1b: Tyranitar|spe|1\n|move|p1b: Tyranitar|Knock Off|p2a: Gengar\n|-supereffective|p2a: Gengar|1\n|-damage|p2a: Gengar|0 fnt\n|-enditem|p2a: Gengar|Focus Sash|[from] move: Knock Off|[of] p1b: Tyranitar\n|faint|p2a: Gengar\n|\n|-weather|Sandstorm|[upkeep]\n|-heal|p1b: Tyranitar|28/100|[from] item: Leftovers\n|upkeep\n|\n|t:|1776287623\n|switch|p2a: Machamp|Machamp, L50, F|100/100\n|switch|p2b: Sneasler|Sneasler, L50, M|100/100\n|turn|4\n|\n|t:|1776287643\n|move|p1b: Tyranitar|Protect|p1b: Tyranitar\n|-singleturn|p1b: Tyranitar|Protect\n|move|p2b: Sneasler|Fake Out|p1a: Excadrill\n|-resisted|p1a: Excadrill|1\n|-damage|p1a: Excadrill|70/100\n|cant|p1a: Excadrill|flinch\n|move|p2a: Machamp|Dynamic Punch|p1b: Tyranitar\n|-activate|p1b: Tyranitar|move: Protect\n|\n|-weather|Sandstorm|[upkeep]\n|-damage|p2b: Sneasler|95/100|[from] Sandstorm\n|-damage|p2a: Machamp|94/100|[from] Sandstorm\n|-heal|p1b: Tyranitar|33/100|[from] item: Leftovers\n|-end|p1b: Tyranitar|Disable\n|upkeep\n|turn|5\n|\n|t:|1776287660\n|switch|p1b: Incineroar|Incineroar, L50, M|34/100\n|-ability|p1b: Incineroar|Intimidate|boost\n|-unboost|p2a: Machamp|atk|1\n|-unboost|p2b: Sneasler|atk|1\n|-enditem|p2b: Sneasler|White Herb\n|-clearnegativeboost|p2b: Sneasler|[silent]\n|move|p2b: Sneasler|Close Combat|p1a: Excadrill\n|-supereffective|p1a: Excadrill|1\n|-damage|p1a: Excadrill|0 fnt\n|-unboost|p2b: Sneasler|def|1\n|-unboost|p2b: Sneasler|spd|1\n|faint|p1a: Excadrill\n|move|p2a: Machamp|Dynamic Punch|p1b: Incineroar\n|-supereffective|p1b: Incineroar|1\n|-damage|p1b: Incineroar|0 fnt\n|faint|p1b: Incineroar\n|\n|-weather|none\n|upkeep\n|\n|t:|1776287677\n|switch|p1a: Garchomp|Garchomp, L50, F|100/100\n|switch|p1b: Tyranitar|Tyranitar, L50, M|33/100\n|-weather|Sandstorm|[from] ability: Sand Stream|[of] p1b: Tyranitar\n|turn|6\n|-activate|p2a: Machamp|item: Quick Claw\n|\n|t:|1776287694\n|move|p1b: Tyranitar|Protect|p1b: Tyranitar\n|-singleturn|p1b: Tyranitar|Protect\n|move|p2a: Machamp|Ice Punch|p1a: Garchomp\n|-supereffective|p1a: Garchomp|2\n|-damage|p1a: Garchomp|35/100\n|move|p2b: Sneasler|Close Combat|p1a: Garchomp|[miss]\n|-miss|p2b: Sneasler|p1a: Garchomp\n|move|p1a: Garchomp|Scorching Sands|p2b: Sneasler\n|-supereffective|p2b: Sneasler|1\n|-damage|p2b: Sneasler|0 fnt\n|faint|p2b: Sneasler\n|\n|-weather|Sandstorm|[upkeep]\n|-damage|p2a: Machamp|88/100|[from] Sandstorm\n|-heal|p1b: Tyranitar|39/100|[from] item: Leftovers\n|upkeep\n|turn|7\n|\n|t:|1776287718\n|move|p1a: Garchomp|Scorching Sands|p2a: Machamp\n|-damage|p2a: Machamp|65/100\n|move|p2a: Machamp|Ice Punch|p1a: Garchomp\n|-supereffective|p1a: Garchomp|2\n|-damage|p1a: Garchomp|0 fnt\n|faint|p1a: Garchomp\n|move|p1b: Tyranitar|Low Kick|p2a: Machamp\n|-damage|p2a: Machamp|26/100\n|\n|-weather|Sandstorm|[upkeep]\n|-damage|p2a: Machamp|20/100|[from] Sandstorm\n|-heal|p1b: Tyranitar|45/100|[from] item: Leftovers\n|upkeep\n|turn|8\n|\n|t:|1776287732\n|move|p1b: Tyranitar|Protect|p1b: Tyranitar\n|-singleturn|p1b: Tyranitar|Protect\n|move|p2a: Machamp|Dynamic Punch|p1b: Tyranitar\n|-activate|p1b: Tyranitar|move: Protect\n|\n|-weather|Sandstorm|[upkeep]\n|-damage|p2a: Machamp|14/100|[from] Sandstorm\n|-heal|p1b: Tyranitar|51/100|[from] item: Leftovers\n|upkeep\n|turn|9\n|\n|t:|1776287746\n|move|p2a: Machamp|Dynamic Punch|p1b: Tyranitar\n|-supereffective|p1b: Tyranitar|2\n|-damage|p1b: Tyranitar|0 fnt\n|faint|p1b: Tyranitar\n|\n|win|penledzuu\n|raw|Flygonbgon19's rating: 1068 &rarr; <strong>1050</strong><br />(-18 for losing)\n|raw|penledzuu's rating: 1104 &rarr; <strong>1126</strong><br />(+22 for winning)\n|l|\u2606Flygonbgon19\n|player|p1|\n",
  "uploadtime": 1776287752,
  "views": 21,
  "formatid": "gen9championsvgc2026regma",
  "rating": 1050,
  "private": 0,
  "password": null
}