{
  "id": "gen9championsvgc2026regma-2583019835",
  "format": "[Gen 9 Champions] VGC 2026 Reg M-A",
  "players": [
    "kumiiontop",
    "jyotsha"
  ],
  "log": "|j|\u2606kumiiontop\n|j|\u2606jyotsha\n|t:|1776133929\n|gametype|doubles\n|player|p1|kumiiontop|102|1096\n|player|p2|jyotsha|102|1176\n|gen|9\n|tier|[Gen 9 Champions] VGC 2026 Reg M-A\n|rated|\n|rule|Species Clause: Limit one of each Pok\u00e9mon\n|rule|Item Clause: Limit 1 of each item\n|clearpoke\n|poke|p1|Aerodactyl, L50, F|\n|poke|p1|Incineroar, L50, M|\n|poke|p1|Floette-Eternal, L50, F|\n|poke|p1|Basculegion, L50, M|\n|poke|p1|Garchomp, L50, M|\n|poke|p1|Sneasler, L50, F|\n|poke|p2|Floette-Eternal, L50, F|\n|poke|p2|Sinistcha, L50|\n|poke|p2|Sableye, L50, M|\n|poke|p2|Aegislash, L50, M|\n|poke|p2|Primarina, L50, F|\n|poke|p2|Incineroar, L50, F|\n|teampreview|4\n|inactive|Battle timer is ON: inactive players will automatically lose when time's up. (requested by jyotsha)\n|\n|t:|1776133960\n|teamsize|p1|4\n|teamsize|p2|4\n|start\n|switch|p1a: Floette|Floette-Eternal, L50, F, shiny|100/100\n|switch|p1b: Aerodactyl|Aerodactyl, L50, F, shiny|100/100\n|switch|p2a: Sableye|Sableye, L50, M|100/100\n|switch|p2b: Primarina|Primarina, L50, F|100/100\n|-ability|p1b: Aerodactyl|Unnerve\n|turn|1\n|c|\u2606kumiiontop|do u have floette in champs too or u jus trying it out\n|inactive|kumiiontop has 30 seconds left.\n|inactive|jyotsha has 30 seconds left.\n|c|\u2606jyotsha|no i dont have it, just trying it out, but not in the op way lol\n|inactive|kumiiontop has 20 seconds left.\n|inactive|jyotsha has 20 seconds left.\n|inactive|kumiiontop has 15 seconds left.\n|inactive|jyotsha has 15 seconds left.\n|inactive|kumiiontop has 10 seconds left.\n|\n|t:|1776134009\n|move|p1b: Aerodactyl|Protect|p1b: Aerodactyl\n|-singleturn|p1b: Aerodactyl|Protect\n|move|p1a: Floette|Protect|p1a: Floette\n|-singleturn|p1a: Floette|Protect\n|move|p2a: Sableye|Fake Out|p1a: Floette\n|-activate|p1a: Floette|move: Protect\n|move|p2b: Primarina|Calm Mind|p2b: Primarina\n|-boost|p2b: Primarina|spa|1\n|-boost|p2b: Primarina|spd|1\n|\n|upkeep\n|turn|2\n|\n|t:|1776134030\n|detailschange|p1a: Floette|Floette-Mega, L50, F, shiny\n|-mega|p1a: Floette|Floette|Floettite\n|-ability|p1a: Floette|Fairy Aura\n|move|p2a: Sableye|Encore|p1a: Floette\n|-start|p1a: Floette|Encore\n|move|p1a: Floette|Protect||[still]\n|-fail|p1a: Floette\n|move|p1b: Aerodactyl|Tailwind|p1b: Aerodactyl\n|-sidestart|p1: kumiiontop|move: Tailwind\n|move|p2b: Primarina|Calm Mind|p2b: Primarina\n|-boost|p2b: Primarina|spa|1\n|-boost|p2b: Primarina|spd|1\n|\n|upkeep\n|turn|3\n|\n|t:|1776134048\n|switch|p1a: Basculegion|Basculegion, L50, M, shiny|100/100\n|move|p2a: Sableye|Will-O-Wisp|p1b: Aerodactyl\n|-status|p1b: Aerodactyl|brn\n|move|p1b: Aerodactyl|Rock Slide|p2b: Primarina|[spread] p2a,p2b\n|-damage|p2a: Sableye|84/100\n|-damage|p2b: Primarina|89/100\n|move|p2b: Primarina|Hyper Voice|p1a: Basculegion|[spread] p1a,p1b\n|-resisted|p1a: Basculegion|1\n|-supereffective|p1b: Aerodactyl|1\n|-damage|p1a: Basculegion|63/100\n|-enditem|p1b: Aerodactyl|Focus Sash\n|-damage|p1b: Aerodactyl|1/100 brn\n|\n|-heal|p2b: Primarina|95/100|[from] item: Leftovers\n|-damage|p1b: Aerodactyl|0 fnt|[from] brn\n|faint|p1b: Aerodactyl\n|upkeep\n|\n|t:|1776134066\n|switch|p1b: Sneasler|Sneasler, L50, F, shiny|100/100\n|turn|4\n|\n|t:|1776134085\n|move|p2b: Primarina|Protect|p2b: Primarina\n|-singleturn|p2b: Primarina|Protect\n|move|p2a: Sableye|Will-O-Wisp|p1a: Basculegion\n|-status|p1a: Basculegion|brn\n|move|p1a: Basculegion|Last Respects|p2a: Sableye\n|-damage|p2a: Sableye|44/100\n|move|p1b: Sneasler|Dire Claw|p2b: Primarina\n|-activate|p2b: Primarina|move: Protect\n|\n|-heal|p2b: Primarina|100/100|[from] item: Leftovers\n|-damage|p1a: Basculegion|56/100 brn|[from] brn\n|upkeep\n|turn|5\n|\n|t:|1776134102\n|move|p2a: Sableye|Will-O-Wisp|p1b: Sneasler|[miss]\n|-miss|p2a: Sableye|p1b: Sneasler\n|move|p1a: Basculegion|Last Respects|p2a: Sableye\n|-damage|p2a: Sableye|1/100\n|move|p1b: Sneasler|Dire Claw|p2b: Primarina\n|-supereffective|p2b: Primarina|1\n|-damage|p2b: Primarina|16/100\n|-status|p2b: Primarina|par\n|move|p2b: Primarina|Hyper Voice|p1b: Sneasler|[spread] p1a,p1b\n|-resisted|p1a: Basculegion|1\n|-damage|p1a: Basculegion|20/100 brn\n|-damage|p1b: Sneasler|11/100\n|\n|-heal|p2b: Primarina|22/100 par|[from] item: Leftovers\n|-damage|p1a: Basculegion|14/100 brn|[from] brn\n|-sideend|p1: kumiiontop|move: Tailwind\n|upkeep\n|turn|6\n|inactive|kumiiontop has 30 seconds left.\n|\n|t:|1776134134\n|move|p2b: Primarina|Protect|p2b: Primarina\n|-singleturn|p2b: Primarina|Protect\n|move|p2a: Sableye|Will-O-Wisp|p1b: Sneasler\n|-status|p1b: Sneasler|brn\n|move|p1a: Basculegion|Last Respects|p2a: Sableye\n|-damage|p2a: Sableye|0 fnt\n|faint|p2a: Sableye\n|move|p1b: Sneasler|Dire Claw|p2b: Primarina\n|-activate|p2b: Primarina|move: Protect\n|\n|-heal|p2b: Primarina|28/100 par|[from] item: Leftovers\n|-damage|p1a: Basculegion|8/100 brn|[from] brn\n|-damage|p1b: Sneasler|5/100 brn|[from] brn\n|upkeep\n|\n|t:|1776134151\n|switch|p2a: Incineroar|Incineroar, L50, F|100/100\n|-ability|p2a: Incineroar|Intimidate|boost\n|-unboost|p1a: Basculegion|atk|1\n|-unboost|p1b: Sneasler|atk|1\n|-enditem|p1b: Sneasler|White Herb\n|-clearnegativeboost|p1b: Sneasler|[silent]\n|turn|7\n|inactive|jyotsha has 30 seconds left.\n|inactive|jyotsha has 20 seconds left.\n|inactive|jyotsha has 15 seconds left.\n|\n|t:|1776134195\n|switch|p2a: Sinistcha|Sinistcha, L50|100/100\n|-heal|p2b: Primarina|52/100 par|[from] ability: Hospitality|[of] p2a: Sinistcha\n|move|p1b: Sneasler|Protect|p1b: Sneasler\n|-singleturn|p1b: Sneasler|Protect\n|move|p2b: Primarina|Protect||[still]\n|-fail|p2b: Primarina\n|move|p1a: Basculegion|Last Respects|p2b: Primarina\n|-damage|p2b: Primarina|32/100 par\n|\n|-heal|p2b: Primarina|38/100 par|[from] item: Leftovers\n|-damage|p1b: Sneasler|0 fnt|[from] brn\n|faint|p1b: Sneasler\n|-damage|p1a: Basculegion|2/100 brn|[from] brn\n|upkeep\n|\n|t:|1776134209\n|switch|p1b: Floette|Floette-Mega, L50, F, shiny|100/100\n|-ability|p1b: Floette|Fairy Aura\n|turn|8\n|inactive|kumiiontop has 30 seconds left.\n|\n|t:|1776134236\n|switch|p2a: Incineroar|Incineroar, L50, F|100/100\n|-ability|p2a: Incineroar|Intimidate|boost\n|-unboost|p1a: Basculegion|atk|1\n|-unboost|p1b: Floette|atk|1\n|cant|p2b: Primarina|par\n|move|p1a: Basculegion|Last Respects|p2a: Incineroar\n|-resisted|p2a: Incineroar|1\n|-damage|p2a: Incineroar|89/100\n|move|p1b: Floette|Light of Ruin|p2b: Primarina\n|-damage|p2b: Primarina|0 fnt\n|faint|p2b: Primarina\n|-damage|p1b: Floette|77/100|[from] Recoil\n|\n|-damage|p1a: Basculegion|0 fnt|[from] brn\n|faint|p1a: Basculegion\n|upkeep\n|\n|t:|1776134243\n|switch|p2b: Sinistcha|Sinistcha, L50|100/100\n|-heal|p2a: Incineroar|100/100|[from] ability: Hospitality|[of] p2b: Sinistcha\n|turn|9\n|\n|t:|1776134258\n|move|p2a: Incineroar|Fake Out|p1b: Floette\n|-damage|p1b: Floette|58/100\n|cant|p1b: Floette|flinch\n|move|p2b: Sinistcha|Trick Room|p2b: Sinistcha\n|-fieldstart|move: Trick Room|[of] p2b: Sinistcha\n|\n|upkeep\n|turn|10\n|\n|t:|1776134268\n|move|p2a: Incineroar|Flare Blitz|p1b: Floette\n|-crit|p1b: Floette\n|-damage|p1b: Floette|0 fnt\n|faint|p1b: Floette\n|-damage|p2a: Incineroar|86/100|[from] Recoil\n|\n|win|jyotsha\n|raw|kumiiontop's rating: 1096 &rarr; <strong>1077</strong><br />(-19 for losing)\n|raw|jyotsha's rating: 1176 &rarr; <strong>1195</strong><br />(+19 for winning)\n",
  "uploadtime": 1776134269,
  "views": 12,
  "formatid": "gen9championsvgc2026regma",
  "rating": 1077,
  "private": 0,
  "password": null
}