{
  "id": "gen9championsvgc2026regma-2586945617",
  "format": "[Gen 9 Champions] VGC 2026 Reg M-A",
  "players": [
    "Dra. Healer",
    "morpzitous"
  ],
  "log": "|j|\u2606Dra. Healer\n|j|\u2606morpzitous\n|t:|1776474368\n|gametype|doubles\n|player|p1|Dra. Healer|brycen|1062\n|player|p2|morpzitous|colress|1167\n|gen|9\n|tier|[Gen 9 Champions] VGC 2026 Reg M-A\n|rated|\n|rule|Species Clause: Limit one of each Pok\u00e9mon\n|rule|Item Clause: Limit 1 of each item\n|clearpoke\n|poke|p1|Gallade, L50, M|\n|poke|p1|Banette, L50, M|\n|poke|p1|Alcremie, L50, F|\n|poke|p1|Maushold, L50|\n|poke|p1|Sableye, L50, M|\n|poke|p1|Hatterene, L50, F|\n|poke|p2|Golurk, L50|\n|poke|p2|Farigiraf, L50, F|\n|poke|p2|Incineroar, L50, M|\n|poke|p2|Torkoal, L50, M|\n|poke|p2|Sneasler, L50, F|\n|poke|p2|Venusaur, L50, M|\n|teampreview|4\n|inactive|Battle timer is ON: inactive players will automatically lose when time's up. (requested by morpzitous)\n|inactive|Dra. Healer has 60 seconds left.\n|\n|t:|1776474410\n|teamsize|p1|4\n|teamsize|p2|4\n|start\n|switch|p1a: Banette|Banette, L50, M|100/100\n|switch|p1b: Maushold|Maushold, L50|100/100\n|switch|p2a: Farigiraf|Farigiraf, L50, F|100/100\n|switch|p2b: Golurk|Golurk, L50|100/100\n|-item|p2a: Farigiraf|Sitrus Berry|[from] ability: Frisk|[of] p1a: Banette\n|-item|p2b: Golurk|Golurkite|[from] ability: Frisk|[of] p1a: Banette\n|turn|1\n|inactive|Dra. Healer has 30 seconds left.\n|\n|t:|1776474442\n|detailschange|p2b: Golurk|Golurk-Mega, L50\n|-mega|p2b: Golurk|Golurk|Golurkite\n|detailschange|p1a: Banette|Banette-Mega, L50, M\n|-mega|p1a: Banette|Banette|Banettite\n|move|p2b: Golurk|Protect|p2b: Golurk\n|-singleturn|p2b: Golurk|Protect\n|move|p1b: Maushold|Follow Me|p1b: Maushold\n|-singleturn|p1b: Maushold|move: Follow Me\n|move|p1a: Banette|Shadow Claw|p2b: Golurk\n|-activate|p2b: Golurk|move: Protect\n|move|p2a: Farigiraf|Trick Room|p2a: Farigiraf\n|-fieldstart|move: Trick Room|[of] p2a: Farigiraf\n|\n|upkeep\n|turn|2\n|\n|t:|1776474460\n|move|p1b: Maushold|Follow Me|p1b: Maushold\n|-singleturn|p1b: Maushold|move: Follow Me\n|move|p2a: Farigiraf|Psychic|p1b: Maushold\n|-damage|p1b: Maushold|57/100\n|move|p2b: Golurk|Poltergeist|p1b: Maushold\n|-immune|p1b: Maushold\n|move|p1a: Banette|Shadow Claw|p2b: Golurk\n|-supereffective|p2b: Golurk|1\n|-damage|p2b: Golurk|27/100\n|\n|upkeep\n|turn|3\n|inactive|Dra. Healer has 30 seconds left.\n|\n|t:|1776474486\n|switch|p2a: Torkoal|Torkoal, L50, M|100/100\n|-weather|SunnyDay|[from] ability: Drought|[of] p2a: Torkoal\n|move|p2b: Golurk|Protect|p2b: Golurk\n|-singleturn|p2b: Golurk|Protect\n|move|p1b: Maushold|Super Fang|p2a: Torkoal\n|-damage|p2a: Torkoal|51/100\n|move|p1a: Banette|Trick Room|p1a: Banette\n|-fieldend|move: Trick Room\n|\n|-weather|SunnyDay|[upkeep]\n|upkeep\n|turn|4\n|inactive|Dra. Healer has 30 seconds left.\n|\n|t:|1776474519\n|switch|p1b: Alcremie|Alcremie, L50, F|100/100\n|switch|p2b: Farigiraf|Farigiraf, L50, F|100/100\n|move|p1a: Banette|Shadow Claw|p2b: Farigiraf\n|-immune|p2b: Farigiraf\n|move|p2a: Torkoal|Heat Wave|p1b: Alcremie|[spread] p1a,p1b\n|-damage|p1a: Banette|20/100\n|-damage|p1b: Alcremie|53/100\n|\n|-weather|SunnyDay|[upkeep]\n|upkeep\n|turn|5\n|inactive|Dra. Healer has 30 seconds left.\n|\n|t:|1776474548\n|move|p2a: Torkoal|Protect|p2a: Torkoal\n|-singleturn|p2a: Torkoal|Protect\n|move|p1a: Banette|Shadow Claw|p2a: Torkoal\n|-activate|p2a: Torkoal|move: Protect\n|move|p1b: Alcremie|Mystical Fire|p2b: Farigiraf\n|-damage|p2b: Farigiraf|67/100\n|-unboost|p2b: Farigiraf|spa|1\n|move|p2b: Farigiraf|Trick Room|p2b: Farigiraf\n|-fieldstart|move: Trick Room|[of] p2b: Farigiraf\n|\n|-weather|SunnyDay|[upkeep]\n|upkeep\n|turn|6\n|inactive|Dra. Healer has 30 seconds left.\n|\n|t:|1776474577\n|switch|p2b: Sneasler|Sneasler, L50, F|100/100\n|move|p1a: Banette|Protect|p1a: Banette\n|-singleturn|p1a: Banette|Protect\n|move|p2a: Torkoal|Heat Wave|p1b: Alcremie|[spread] p1b\n|-activate|p1a: Banette|move: Protect\n|-damage|p1b: Alcremie|1/100\n|move|p1b: Alcremie|Mystical Fire|p2b: Sneasler\n|-damage|p2b: Sneasler|50/100\n|-unboost|p2b: Sneasler|spa|1\n|-enditem|p2b: Sneasler|White Herb\n|-clearnegativeboost|p2b: Sneasler|[silent]\n|\n|-weather|SunnyDay|[upkeep]\n|upkeep\n|turn|7\n|\n|t:|1776474601\n|move|p2b: Sneasler|Fake Out|p1b: Alcremie\n|-damage|p1b: Alcremie|0 fnt\n|faint|p1b: Alcremie\n|move|p2a: Torkoal|Weather Ball|p1a: Banette\n|-damage|p1a: Banette|0 fnt\n|faint|p1a: Banette\n|\n|-weather|none\n|upkeep\n|\n|t:|1776474609\n|switch|p1b: Hatterene|Hatterene, L50, F|100/100\n|switch|p1a: Maushold|Maushold, L50|57/100\n|turn|8\n|\n|t:|1776474626\n|switch|p2a: Golurk|Golurk-Mega, L50|27/100\n|move|p1a: Maushold|Helping Hand|p1b: Hatterene\n|-singleturn|p1b: Hatterene|Helping Hand|[of] p1a: Maushold\n|move|p1b: Hatterene|Dazzling Gleam|p2b: Sneasler|[spread] p2a,p2b\n|-crit|p2a: Golurk\n|-damage|p2a: Golurk|0 fnt\n|-damage|p2b: Sneasler|0 fnt\n|faint|p2a: Golurk\n|faint|p2b: Sneasler\n|\n|upkeep\n|\n|t:|1776474633\n|switch|p2a: Torkoal|Torkoal, L50, M|51/100\n|switch|p2b: Farigiraf|Farigiraf, L50, F|67/100\n|-weather|SunnyDay|[from] ability: Drought|[of] p2a: Torkoal\n|turn|9\n|\n|t:|1776474653\n|move|p1a: Maushold|Follow Me|p1a: Maushold\n|-singleturn|p1a: Maushold|move: Follow Me\n|move|p2a: Torkoal|Heat Wave|p1b: Hatterene|[spread] p1a\n|-miss|p2a: Torkoal|p1b: Hatterene\n|-damage|p1a: Maushold|0 fnt\n|faint|p1a: Maushold\n|move|p1b: Hatterene|Dark Pulse|p2a: Torkoal\n|-damage|p2a: Torkoal|14/100\n|move|p2b: Farigiraf|Hyper Voice|p1b: Hatterene\n|-damage|p1b: Hatterene|49/100\n|\n|-weather|SunnyDay|[upkeep]\n|-fieldend|move: Trick Room\n|upkeep\n|turn|10\n|\n|t:|1776474673\n|move|p2b: Farigiraf|Hyper Voice|p1b: Hatterene\n|-damage|p1b: Hatterene|0 fnt\n|faint|p1b: Hatterene\n|\n|win|morpzitous\n|raw|Dra. Healer's rating: 1062 &rarr; <strong>1048</strong><br />(-14 for losing)\n|raw|morpzitous's rating: 1167 &rarr; <strong>1185</strong><br />(+18 for winning)\n|l|\u2606Dra. Healer\n|player|p1|\n",
  "uploadtime": 1776474681,
  "views": 17,
  "formatid": "gen9championsvgc2026regma",
  "rating": 1048,
  "private": 0,
  "password": null
}