{
  "id": "gen9championsvgc2026regma-2582164359",
  "format": "[Gen 9 Champions] VGC 2026 Reg M-A",
  "players": [
    "MewtwOficial",
    "matting_instinct"
  ],
  "log": "|j|\u2606MewtwOficial\n|j|\u2606matting_instinct\n|t:|1776066207\n|gametype|doubles\n|player|p1|MewtwOficial|roxie|1139\n|player|p2|matting_instinct|265|1070\n|gen|9\n|tier|[Gen 9 Champions] VGC 2026 Reg M-A\n|rated|\n|rule|Species Clause: Limit one of each Pok\u00e9mon\n|rule|Item Clause: Limit 1 of each item\n|clearpoke\n|poke|p1|Sneasler, L50, M|\n|poke|p1|Pelipper, L50, M|\n|poke|p1|Sinistcha, L50|\n|poke|p1|Archaludon, L50, F|\n|poke|p1|Raichu, L50, F|\n|poke|p1|Dragonite, L50, M|\n|poke|p2|Charizard, L50, F|\n|poke|p2|Venusaur, L50, F|\n|poke|p2|Garchomp, L50, F|\n|poke|p2|Rotom-Wash, L50|\n|poke|p2|Sneasler, L50, M|\n|poke|p2|Incineroar, L50, M|\n|teampreview|4\n|inactive|Battle timer is ON: inactive players will automatically lose when time's up. (requested by MewtwOficial)\n|c|\u2606MewtwOficial|glhf\n|inactive|matting_instinct has 60 seconds left.\n|\n|t:|1776066262\n|teamsize|p1|4\n|teamsize|p2|4\n|start\n|switch|p1a: Raichu|Raichu, L50, F|100/100\n|switch|p1b: Archaludon|Archaludon, L50, F|100/100\n|switch|p2a: Charizard|Charizard, L50, F|100/100\n|switch|p2b: Garchomp|Garchomp, L50, F|100/100\n|turn|1\n|inactive|MewtwOficial has 30 seconds left.\n|inactive|matting_instinct has 30 seconds left.\n|inactive|matting_instinct has 20 seconds left.\n|inactive|matting_instinct has 15 seconds left.\n|\n|t:|1776066305\n|detailschange|p2a: Charizard|Charizard-Mega-Y, L50, F\n|-mega|p2a: Charizard|Charizard|Charizardite Y\n|-weather|SunnyDay|[from] ability: Drought|[of] p2a: Charizard\n|move|p2b: Garchomp|Earthquake|p1a: Raichu|[spread] p1a,p1b\n|-immune|p2a: Charizard\n|-supereffective|p1a: Raichu|1\n|-supereffective|p1b: Archaludon|1\n|-enditem|p1a: Raichu|Focus Sash\n|-damage|p1a: Raichu|1/100\n|-damage|p1b: Archaludon|45/100\n|-ability|p1b: Archaludon|Stamina|boost\n|-boost|p1b: Archaludon|def|1\n|move|p1a: Raichu|Volt Switch|p2a: Charizard\n|-supereffective|p2a: Charizard|1\n|-damage|p2a: Charizard|38/100\n|\n|t:|1776066317\n|switch|p1a: Pelipper|Pelipper, L50, M|100/100|[from] Volt Switch\n|-weather|RainDance|[from] ability: Drizzle|[of] p1a: Pelipper\n|move|p2a: Charizard|Heat Wave|p1b: Archaludon|[spread] p1a,p1b\n|-resisted|p1a: Pelipper|1\n|-damage|p1a: Pelipper|84/100\n|-damage|p1b: Archaludon|17/100\n|-ability|p1b: Archaludon|Stamina|boost\n|-boost|p1b: Archaludon|def|1\n|move|p1b: Archaludon|Stealth Rock|p2b: Garchomp\n|-sidestart|p2: matting_instinct|move: Stealth Rock\n|\n|-weather|RainDance|[upkeep]\n|-heal|p1b: Archaludon|23/100|[from] item: Leftovers\n|upkeep\n|turn|2\n|inactive|matting_instinct has 30 seconds left.\n|inactive|matting_instinct has 20 seconds left.\n|inactive|matting_instinct has 15 seconds left.\n|inactive|matting_instinct has 10 seconds left.\n|inactive|matting_instinct has 5 seconds left.\n|\n|t:|1776066370\n|move|p1b: Archaludon|Protect|p1b: Archaludon\n|-singleturn|p1b: Archaludon|Protect\n|move|p2b: Garchomp|Earthquake|p1a: Pelipper|[spread] \n|-activate|p1b: Archaludon|move: Protect\n|-immune|p2a: Charizard\n|-immune|p1a: Pelipper\n|move|p1a: Pelipper|Ice Beam|p2b: Garchomp\n|-supereffective|p2b: Garchomp|2\n|-damage|p2b: Garchomp|14/100\n|move|p2a: Charizard|Heat Wave|p1a: Pelipper|[spread] p1a\n|-activate|p1b: Archaludon|move: Protect\n|-resisted|p1a: Pelipper|1\n|-damage|p1a: Pelipper|69/100\n|\n|-weather|RainDance|[upkeep]\n|-heal|p1b: Archaludon|29/100|[from] item: Leftovers\n|upkeep\n|turn|3\n|inactive|MewtwOficial has 30 seconds left.\n|inactive|MewtwOficial has 20 seconds left.\n|\n|t:|1776066405\n|move|p2b: Garchomp|Earthquake|p1a: Pelipper|[spread] p1b\n|-immune|p2a: Charizard\n|-immune|p1a: Pelipper\n|-supereffective|p1b: Archaludon|1\n|-damage|p1b: Archaludon|2/100\n|-ability|p1b: Archaludon|Stamina|boost\n|-boost|p1b: Archaludon|def|1\n|move|p1a: Pelipper|Ice Beam|p2b: Garchomp\n|-supereffective|p2b: Garchomp|2\n|-damage|p2b: Garchomp|0 fnt\n|faint|p2b: Garchomp\n|move|p2a: Charizard|Heat Wave|p1b: Archaludon|[spread] p1a,p1b\n|-resisted|p1a: Pelipper|1\n|-damage|p1a: Pelipper|54/100\n|-damage|p1b: Archaludon|0 fnt\n|faint|p1b: Archaludon\n|\n|-weather|RainDance|[upkeep]\n|upkeep\n|\n|t:|1776066428\n|switch|p2b: Sneasler|Sneasler, L50, M|100/100\n|switch|p1b: Dragonite|Dragonite, L50, M|100/100\n|-damage|p2b: Sneasler|95/100|[from] Stealth Rock\n|turn|4\n|inactive|matting_instinct has 30 seconds left.\n|\n|t:|1776066459\n|switch|p1a: Raichu|Raichu, L50, F|1/100\n|move|p2b: Sneasler|Fake Out|p1a: Raichu\n|-damage|p1a: Raichu|0 fnt\n|faint|p1a: Raichu\n|move|p2a: Charizard|Heat Wave|p1b: Dragonite\n|-resisted|p1b: Dragonite|1\n|-damage|p1b: Dragonite|88/100\n|move|p1b: Dragonite|Hurricane|p2b: Sneasler\n|-supereffective|p2b: Sneasler|1\n|-damage|p2b: Sneasler|0 fnt\n|faint|p2b: Sneasler\n|\n|-weather|RainDance|[upkeep]\n|upkeep\n|\n|t:|1776066476\n|switch|p2b: Venusaur|Venusaur, L50, F|100/100\n|switch|p1a: Pelipper|Pelipper, L50, M|54/100\n|-damage|p2b: Venusaur|88/100|[from] Stealth Rock\n|turn|5\n|\n|t:|1776066494\n|detailschange|p1b: Dragonite|Dragonite-Mega, L50, M\n|-mega|p1b: Dragonite|Dragonite|Dragoninite\n|move|p2a: Charizard|Protect|p2a: Charizard\n|-singleturn|p2a: Charizard|Protect\n|move|p2b: Venusaur|Protect|p2b: Venusaur\n|-singleturn|p2b: Venusaur|Protect\n|move|p1a: Pelipper|Hurricane|p2a: Charizard\n|-activate|p2a: Charizard|move: Protect\n|move|p1b: Dragonite|Hurricane|p2b: Venusaur\n|-activate|p2b: Venusaur|move: Protect\n|\n|-weather|none\n|upkeep\n|turn|6\n|inactive|matting_instinct has 30 seconds left.\n|\n|t:|1776066521\n|move|p1a: Pelipper|Hurricane|p2a: Charizard|[miss]\n|-miss|p1a: Pelipper|p2a: Charizard\n|move|p1b: Dragonite|Hurricane|p2b: Venusaur\n|-supereffective|p2b: Venusaur|1\n|-damage|p2b: Venusaur|0 fnt\n|faint|p2b: Venusaur\n|move|p2a: Charizard|Heat Wave|p1b: Dragonite|[spread] p1a,p1b\n|-resisted|p1a: Pelipper|1\n|-resisted|p1b: Dragonite|1\n|-damage|p1a: Pelipper|26/100\n|-damage|p1b: Dragonite|72/100\n|\n|upkeep\n|turn|7\n|\n|t:|1776066531\n|move|p1a: Pelipper|Hurricane|p2a: Charizard\n|-damage|p2a: Charizard|0 fnt\n|faint|p2a: Charizard\n|\n|win|MewtwOficial\n|raw|MewtwOficial's rating: 1139 &rarr; <strong>1159</strong><br />(+20 for winning)\n|raw|matting_instinct's rating: 1070 &rarr; <strong>1054</strong><br />(-16 for losing)\n|l|\u2606matting_instinct\n|player|p2|\n|l|\u2606MewtwOficial\n|player|p1|\n|j|\u2606MewtwOficial\n|player|p1|MewtwOficial|roxie|\n",
  "uploadtime": 1776066589,
  "views": 12,
  "formatid": "gen9championsvgc2026regma",
  "rating": 1054,
  "private": 0,
  "password": null
}