{
  "id": "gen9championsvgc2026regma-2588672262",
  "format": "[Gen 9 Champions] VGC 2026 Reg M-A",
  "players": [
    "sootam",
    "Azuremoon7"
  ],
  "log": "|j|\u203dsootam\n|j|\u2606Azuremoon7\n|t:|1776656119\n|gametype|doubles\n|player|p1|sootam|169|1110\n|player|p2|Azuremoon7|blue|1053\n|gen|9\n|tier|[Gen 9 Champions] VGC 2026 Reg M-A\n|rated|\n|rule|Species Clause: Limit one of each Pok\u00e9mon\n|rule|Item Clause: Limit 1 of each item\n|clearpoke\n|poke|p1|Incineroar, L50, M|\n|poke|p1|Whimsicott, L50, M|\n|poke|p1|Clefable, L50, F|\n|poke|p1|Starmie, L50, shiny|\n|poke|p1|Kleavor, L50, M|\n|poke|p1|Goodra-Hisui, L50, F, shiny|\n|poke|p2|Crabominable, L50, M, shiny|\n|poke|p2|Aerodactyl, L50, M, shiny|\n|poke|p2|Sinistcha-Masterpiece, L50, shiny|\n|poke|p2|Incineroar, L50, M, shiny|\n|poke|p2|Slowking-Galar, L50, M, shiny|\n|poke|p2|Armarouge, L50, M, shiny|\n|teampreview|4\n|\n|t:|1776656203\n|teamsize|p1|4\n|teamsize|p2|4\n|start\n|switch|p1a: Incineroar|Incineroar, L50, M|100/100\n|switch|p1b: Kleavor|Kleavor, L50, M|100/100\n|switch|p2a: Mr. Fist|Crabominable, L50, M, shiny|100/100\n|switch|p2b: Brian|Slowking-Galar, L50, M, shiny|100/100\n|-ability|p1a: Incineroar|Intimidate|boost\n|-fail|p2a: Mr. Fist|unboost|Attack|[from] ability: Hyper Cutter|[of] p2a: Mr. Fist\n|-unboost|p2b: Brian|atk|1\n|turn|1\n|inactive|Battle timer is ON: inactive players will automatically lose when time's up. (requested by sootam)\n|\n|t:|1776656277\n|detailschange|p2a: Mr. Fist|Crabominable-Mega, L50, M, shiny\n|-mega|p2a: Mr. Fist|Crabominable|Crabominite\n|move|p2a: Mr. Fist|Protect|p2a: Mr. Fist\n|-singleturn|p2a: Mr. Fist|Protect\n|move|p1a: Incineroar|Fake Out|p2b: Brian\n|-damage|p2b: Brian|89/100\n|move|p1b: Kleavor|Stone Axe|p2a: Mr. Fist\n|-activate|p2a: Mr. Fist|move: Protect\n|cant|p2b: Brian|flinch\n|\n|-heal|p2b: Brian|95/100|[from] item: Leftovers\n|upkeep\n|turn|2\n|inactive|sootam has 30 seconds left.\n|inactive|sootam has 20 seconds left.\n|inactive|sootam has 15 seconds left.\n|inactive|sootam has 10 seconds left.\n|inactive|sootam has 5 seconds left.\n|\n|t:|1776656328\n|switch|p1b: Starmie|Starmie, L50, shiny|100/100\n|switch|p2a: Flex Seal|Incineroar, L50, M, shiny|100/100\n|-ability|p2a: Flex Seal|Intimidate|boost\n|-unboost|p1a: Incineroar|atk|1\n|-unboost|p1b: Starmie|atk|1\n|move|p1a: Incineroar|Protect|p1a: Incineroar\n|-singleturn|p1a: Incineroar|Protect\n|move|p2b: Brian|Trick Room|p2b: Brian\n|-fieldstart|move: Trick Room|[of] p2b: Brian\n|\n|-heal|p2b: Brian|100/100|[from] item: Leftovers\n|upkeep\n|turn|3\n|inactive|sootam has 30 seconds left.\n|inactive|sootam has 20 seconds left.\n|inactive|sootam has 15 seconds left.\n|inactive|sootam has 10 seconds left.\n|inactive|sootam has 5 seconds left.\n|\n|t:|1776656379\n|switch|p1a: Goodra|Goodra-Hisui, L50, F, shiny|100/100\n|detailschange|p1b: Starmie|Starmie-Mega, L50, shiny\n|-mega|p1b: Starmie|Starmie|Starminite\n|move|p2a: Flex Seal|Fake Out|p1b: Starmie\n|-damage|p1b: Starmie|87/100\n|-prepare|p2b: Brian|Chilly Reception|[premajor]\n|move|p2b: Brian|Chilly Reception|p2b: Brian\n|-weather|Snowscape\n|\n|t:|1776656389\n|switch|p2b: Mr. Fist|Crabominable-Mega, L50, M, shiny|100/100|[from] Chilly Reception\n|cant|p1b: Starmie|flinch\n|\n|-weather|Snowscape|[upkeep]\n|upkeep\n|turn|4\n|\n|t:|1776656414\n|switch|p1b: Incineroar|Incineroar, L50, M|100/100\n|-ability|p1b: Incineroar|Intimidate|boost\n|-unboost|p2a: Flex Seal|atk|1\n|-unboost|p2b: Mr. Fist|atk|1\n|move|p2b: Mr. Fist|Thunder Punch|p1b: Incineroar\n|-damage|p1b: Incineroar|72/100\n|move|p2a: Flex Seal|Parting Shot|p1a: Goodra\n|-unboost|p1a: Goodra|atk|1\n|-unboost|p1a: Goodra|spa|1\n|\n|t:|1776656425\n|switch|p2a: Matchapop|Sinistcha-Masterpiece, L50, shiny|100/100|[from] Parting Shot\n|move|p1a: Goodra|Shelter|p1a: Goodra\n|-boost|p1a: Goodra|def|2\n|\n|-weather|Snowscape|[upkeep]\n|-heal|p1b: Incineroar|78/100|[from] item: Leftovers\n|upkeep\n|turn|5\n|inactive|Azuremoon7 has 30 seconds left.\n|inactive|Azuremoon7 has 20 seconds left.\n|inactive|Azuremoon7 has 15 seconds left.\n|inactive|Azuremoon7 has 10 seconds left.\n|\n|t:|1776656473\n|switch|p2b: Flex Seal|Incineroar, L50, M, shiny|100/100\n|-ability|p2b: Flex Seal|Intimidate|boost\n|-unboost|p1a: Goodra|atk|1\n|-unboost|p1b: Incineroar|atk|1\n|move|p1b: Incineroar|Fake Out|p2b: Flex Seal\n|-damage|p2b: Flex Seal|92/100\n|move|p2a: Matchapop|Matcha Gotcha|p1b: Incineroar|[spread] p1a,p1b\n|-resisted|p1a: Goodra|2\n|-resisted|p1b: Incineroar|1\n|-damage|p1a: Goodra|96/100\n|-damage|p1b: Incineroar|63/100\n|move|p1a: Goodra|Body Press|p2b: Flex Seal\n|-supereffective|p2b: Flex Seal|1\n|-damage|p2b: Flex Seal|0 fnt\n|faint|p2b: Flex Seal\n|\n|-weather|Snowscape|[upkeep]\n|-heal|p1b: Incineroar|69/100|[from] item: Leftovers\n|upkeep\n|inactive|Azuremoon7 has 30 seconds left.\n|\n|t:|1776656500\n|switch|p2b: Mr. Fist|Crabominable-Mega, L50, M, shiny|100/100\n|turn|6\n|inactive|sootam has 30 seconds left.\n|\n|t:|1776656527\n|move|p1a: Goodra|Protect|p1a: Goodra\n|-singleturn|p1a: Goodra|Protect\n|move|p1b: Incineroar|Fake Out||[still]\n|-hint|Fake Out only works on your first turn out.\n|-fail|p1b: Incineroar\n|move|p2a: Matchapop|Rage Powder|p2a: Matchapop\n|-singleturn|p2a: Matchapop|move: Rage Powder\n|move|p2b: Mr. Fist|Drain Punch|p1a: Goodra\n|-activate|p1a: Goodra|move: Protect\n|\n|-weather|Snowscape|[upkeep]\n|-heal|p1b: Incineroar|75/100|[from] item: Leftovers\n|-fieldend|move: Trick Room\n|upkeep\n|turn|7\n|inactive|sootam has 30 seconds left.\n|inactive|Azuremoon7 has 30 seconds left.\n|inactive|Azuremoon7 has 20 seconds left.\n|\n|t:|1776656566\n|move|p1b: Incineroar|Protect|p1b: Incineroar\n|-singleturn|p1b: Incineroar|Protect\n|move|p1a: Goodra|Body Press|p2b: Mr. Fist\n|-supereffective|p2b: Mr. Fist|1\n|-damage|p2b: Mr. Fist|48/100\n|move|p2a: Matchapop|Matcha Gotcha|p1a: Goodra|[spread] \n|-activate|p1b: Incineroar|move: Protect\n|-miss|p2a: Matchapop|p1a: Goodra\n|move|p2b: Mr. Fist|Ice Hammer|p1a: Goodra\n|-damage|p1a: Goodra|68/100\n|-unboost|p2b: Mr. Fist|spe|1\n|-ability|p1a: Goodra|Gooey\n|-unboost|p2b: Mr. Fist|spe|1\n|\n|-weather|none\n|-heal|p1b: Incineroar|81/100|[from] item: Leftovers\n|upkeep\n|turn|8\n|inactive|sootam has 30 seconds left.\n|inactive|sootam has 20 seconds left.\n|\n|t:|1776656605\n|move|p2b: Mr. Fist|Protect|p2b: Mr. Fist\n|-singleturn|p2b: Mr. Fist|Protect\n|move|p1b: Incineroar|Parting Shot|p2b: Mr. Fist\n|-activate|p2b: Mr. Fist|move: Protect\n|move|p1a: Goodra|Body Press|p2b: Mr. Fist\n|-activate|p2b: Mr. Fist|move: Protect\n|move|p2a: Matchapop|Trick Room|p2a: Matchapop\n|-fieldstart|move: Trick Room|[of] p2a: Matchapop\n|\n|-heal|p1b: Incineroar|86/100|[from] item: Leftovers\n|upkeep\n|turn|9\n|\n|t:|1776656629\n|move|p2a: Matchapop|Rage Powder|p2a: Matchapop\n|-singleturn|p2a: Matchapop|move: Rage Powder\n|move|p2b: Mr. Fist|Drain Punch|p1a: Goodra\n|-supereffective|p1a: Goodra|1\n|-damage|p1a: Goodra|29/100\n|-heal|p2b: Mr. Fist|67/100|[from] drain|[of] p1a: Goodra\n|-ability|p1a: Goodra|Gooey\n|-unboost|p2b: Mr. Fist|spe|1\n|move|p1a: Goodra|Body Press|p2a: Matchapop\n|-immune|p2a: Matchapop\n|move|p1b: Incineroar|Parting Shot|p2a: Matchapop\n|-unboost|p2a: Matchapop|atk|1\n|-unboost|p2a: Matchapop|spa|1\n|\n|t:|1776656649\n|switch|p1b: Kleavor|Kleavor, L50, M|100/100|[from] Parting Shot\n|\n|upkeep\n|turn|10\n|\n|t:|1776656668\n|move|p2a: Matchapop|Rage Powder|p2a: Matchapop\n|-singleturn|p2a: Matchapop|move: Rage Powder\n|move|p2b: Mr. Fist|Ice Hammer|p1b: Kleavor\n|-damage|p1b: Kleavor|0 fnt\n|-unboost|p2b: Mr. Fist|spe|1\n|faint|p1b: Kleavor\n|move|p1a: Goodra|Body Press|p2a: Matchapop\n|-immune|p2a: Matchapop\n|\n|upkeep\n|\n|t:|1776656678\n|switch|p1b: Starmie|Starmie-Mega, L50, shiny|87/100\n|turn|11\n|\n|t:|1776656698\n|move|p1a: Goodra|Protect|p1a: Goodra\n|-singleturn|p1a: Goodra|Protect\n|move|p2a: Matchapop|Rage Powder|p2a: Matchapop\n|-singleturn|p2a: Matchapop|move: Rage Powder\n|move|p2b: Mr. Fist|Thunder Punch|p1b: Starmie\n|-supereffective|p1b: Starmie|1\n|-damage|p1b: Starmie|0 fnt\n|faint|p1b: Starmie\n|\n|upkeep\n|\n|t:|1776656706\n|switch|p1b: Incineroar|Incineroar, L50, M|86/100\n|-ability|p1b: Incineroar|Intimidate|boost\n|-unboost|p2a: Matchapop|atk|1\n|-unboost|p2b: Mr. Fist|atk|1\n|turn|12\n|\n|t:|1776656726\n|move|p2b: Mr. Fist|Protect|p2b: Mr. Fist\n|-singleturn|p2b: Mr. Fist|Protect\n|move|p1b: Incineroar|Fake Out|p2b: Mr. Fist\n|-activate|p2b: Mr. Fist|move: Protect\n|move|p2a: Matchapop|Matcha Gotcha|p1a: Goodra|[spread] p1a,p1b\n|-resisted|p1a: Goodra|2\n|-resisted|p1b: Incineroar|1\n|-damage|p1a: Goodra|26/100\n|-damage|p1b: Incineroar|76/100\n|move|p1a: Goodra|Ice Beam|p2a: Matchapop\n|-supereffective|p2a: Matchapop|1\n|-damage|p2a: Matchapop|70/100\n|\n|-heal|p1b: Incineroar|82/100|[from] item: Leftovers\n|-fieldend|move: Trick Room\n|upkeep\n|turn|13\n|inactive|sootam has 30 seconds left.\n|inactive|sootam has 20 seconds left.\n|inactive|sootam has 15 seconds left.\n|inactive|sootam has 10 seconds left.\n|inactive|sootam has 5 seconds left.\n|\n|t:|1776656781\n|move|p2a: Matchapop|Rage Powder|p2a: Matchapop\n|-singleturn|p2a: Matchapop|move: Rage Powder\n|move|p1b: Incineroar|Close Combat|p2a: Matchapop\n|-immune|p2a: Matchapop\n|move|p1a: Goodra|Ice Beam|p2a: Matchapop\n|-supereffective|p2a: Matchapop|1\n|-damage|p2a: Matchapop|40/100\n|move|p2b: Mr. Fist|Drain Punch|p1b: Incineroar\n|-supereffective|p1b: Incineroar|1\n|-damage|p1b: Incineroar|0 fnt\n|-heal|p2b: Mr. Fist|100/100|[from] drain|[of] p1b: Incineroar\n|faint|p1b: Incineroar\n|\n|upkeep\n|turn|14\n|inactive|sootam has 30 seconds left.\n|inactive|sootam has 20 seconds left.\n|inactive|sootam has 15 seconds left.\n|inactive|Azuremoon7 has 30 seconds left.\n|-message|sootam forfeited.\n|\n|win|Azuremoon7\n|raw|sootam's rating: 1110 &rarr; <strong>1081</strong><br />(-29 for losing)\n|raw|Azuremoon7's rating: 1053 &rarr; <strong>1090</strong><br />(+37 for winning)\n|l|\u203dsootam\n|player|p1|\n",
  "uploadtime": 1776656816,
  "views": 5,
  "formatid": "gen9championsvgc2026regma",
  "rating": 1081,
  "private": 0,
  "password": null
}