{
  "id": "gen9championsvgc2026regma-2586246996",
  "format": "[Gen 9 Champions] VGC 2026 Reg M-A",
  "players": [
    "Ifalciacomesback",
    "vicsgc"
  ],
  "log": "|j|\u2606Ifalciacomesback\n|j|\u2606vicsgc\n|t:|1776416983\n|gametype|doubles\n|player|p1|Ifalciacomesback|169|1483\n|player|p2|vicsgc|102|1593\n|gen|9\n|tier|[Gen 9 Champions] VGC 2026 Reg M-A\n|rated|\n|rule|Species Clause: Limit one of each Pok\u00e9mon\n|rule|Item Clause: Limit 1 of each item\n|clearpoke\n|poke|p1|Floette-Eternal, L50, F|\n|poke|p1|Garchomp, L50, F|\n|poke|p1|Basculegion, L50, M|\n|poke|p1|Sneasler, L50, F|\n|poke|p1|Kingambit, L50, M|\n|poke|p1|Froslass, L50, F|\n|poke|p2|Froslass, L50, F|\n|poke|p2|Aerodactyl, L50, M|\n|poke|p2|Incineroar, L50, M|\n|poke|p2|Primarina, L50, F|\n|poke|p2|Sneasler, L50, F|\n|poke|p2|Garchomp, L50, F|\n|teampreview|4\n|j| gokua2\n|inactive|Battle timer is ON: inactive players will automatically lose when time's up. (requested by Ifalciacomesback)\nIfalciacomesback has agreed to open team sheets.\n|\n|t:|1776417040\n|teamsize|p1|4\n|teamsize|p2|4\n|start\n|switch|p1a: Sneasler|Sneasler, L50, F|100/100\n|switch|p1b: Basculegion|Basculegion, L50, M|100/100\n|switch|p2a: Sneasler|Sneasler, L50, F|100/100\n|switch|p2b: Primarina|Primarina, L50, F|100/100\n|turn|1\n|\n|t:|1776417057\n|move|p2a: Sneasler|Fake Out|p1a: Sneasler\n|-damage|p1a: Sneasler|77/100\n|cant|p1a: Sneasler|flinch\n|move|p1b: Basculegion|Wave Crash|p2a: Sneasler\n|-damage|p2a: Sneasler|0 fnt\n|faint|p2a: Sneasler\n|-damage|p1b: Basculegion|76/100|[from] Recoil\n|move|p2b: Primarina|Calm Mind|p2b: Primarina\n|-boost|p2b: Primarina|spa|1\n|-boost|p2b: Primarina|spd|1\n|\n|upkeep\n|\n|t:|1776417070\n|switch|p2a: Aerodactyl|Aerodactyl, L50, M|100/100\n|-ability|p2a: Aerodactyl|Unnerve\n|turn|2\n|\n|t:|1776417088\n|switch|p1a: Garchomp|Garchomp, L50, F|100/100\n|move|p2a: Aerodactyl|Dual Wingbeat|p1a: Garchomp\n|-damage|p1a: Garchomp|84/100\n|-damage|p1a: Garchomp|68/100\n|-hitcount|p1a: Garchomp|2\n|move|p1b: Basculegion|Last Respects|p2b: Primarina\n|-damage|p2b: Primarina|68/100\n|move|p2b: Primarina|Moonblast|p1b: Basculegion\n|-damage|p1b: Basculegion|14/100\n|\n|-heal|p2b: Primarina|74/100|[from] item: Leftovers\n|upkeep\n|turn|3\n|\n|t:|1776417111\n|move|p1b: Basculegion|Protect|p1b: Basculegion\n|-singleturn|p1b: Basculegion|Protect\n|move|p2a: Aerodactyl|Tailwind|p2a: Aerodactyl\n|-sidestart|p2: vicsgc|move: Tailwind\n|move|p2b: Primarina|Hyper Voice|p1a: Garchomp|[spread] p1a\n|-activate|p1b: Basculegion|move: Protect\n|-damage|p1a: Garchomp|30/100\n|move|p1a: Garchomp|Rock Slide|p2a: Aerodactyl|[spread] p2a,p2b\n|-supereffective|p2a: Aerodactyl|1\n|-damage|p2a: Aerodactyl|46/100\n|-damage|p2b: Primarina|57/100\n|\n|-heal|p2b: Primarina|63/100|[from] item: Leftovers\n|upkeep\n|turn|4\n|c|\u2606Ifalciacomesback|Ops garchomp with wrong ability\n|inactive|vicsgc has 30 seconds left.\n|inactive|Ifalciacomesback has 30 seconds left.\n|\n|t:|1776417141\n|move|p1a: Garchomp|Protect|p1a: Garchomp\n|-singleturn|p1a: Garchomp|Protect\n|move|p1b: Basculegion|Aqua Jet|p2a: Aerodactyl\n|-supereffective|p2a: Aerodactyl|1\n|-damage|p2a: Aerodactyl|0 fnt\n|-enditem|p1b: Basculegion|Sitrus Berry|[eat]\n|-heal|p1b: Basculegion|39/100|[from] item: Sitrus Berry\n|faint|p2a: Aerodactyl\n|move|p2b: Primarina|Hyper Voice|p1a: Garchomp|[spread] p1b\n|-activate|p1a: Garchomp|move: Protect\n|-resisted|p1b: Basculegion|1\n|-damage|p1b: Basculegion|18/100\n|\n|-heal|p2b: Primarina|68/100|[from] item: Leftovers\n|upkeep\n|\n|t:|1776417150\n|switch|p2a: Garchomp|Garchomp, L50, F|100/100\n|turn|5\n|\n|t:|1776417170\n|move|p1b: Basculegion|Aqua Jet|p2a: Garchomp\n|-damage|p2a: Garchomp|79/100\n|-damage|p1b: Basculegion|6/100|[from] ability: Rough Skin|[of] p2a: Garchomp\n|move|p2a: Garchomp|Rock Slide|p1b: Basculegion|[spread] p1a,p1b\n|-resisted|p1a: Garchomp|1\n|-damage|p1a: Garchomp|22/100\n|-damage|p1b: Basculegion|0 fnt\n|faint|p1b: Basculegion\n|move|p2b: Primarina|Hyper Voice|p1a: Garchomp\n|-damage|p1a: Garchomp|0 fnt\n|faint|p1a: Garchomp\n|\n|-heal|p2b: Primarina|74/100|[from] item: Leftovers\n|upkeep\n|\n|t:|1776417180\n|switch|p1a: Sneasler|Sneasler, L50, F|77/100\n|switch|p1b: Floette|Floette-Eternal, L50, F|100/100\n|turn|6\n|\n|t:|1776417208\n|detailschange|p1b: Floette|Floette-Mega, L50, F\n|-mega|p1b: Floette|Floette|Floettite\n|-ability|p1b: Floette|Fairy Aura\n|move|p1a: Sneasler|Protect|p1a: Sneasler\n|-singleturn|p1a: Sneasler|Protect\n|move|p1b: Floette|Protect|p1b: Floette\n|-singleturn|p1b: Floette|Protect\n|move|p2a: Garchomp|Stomping Tantrum|p1a: Sneasler\n|-activate|p1a: Sneasler|move: Protect\n|move|p2b: Primarina|Hyper Voice|p1b: Floette|[spread] \n|-activate|p1a: Sneasler|move: Protect\n|-activate|p1b: Floette|move: Protect\n|\n|-heal|p2b: Primarina|80/100|[from] item: Leftovers\n|-sideend|p2: vicsgc|move: Tailwind\n|upkeep\n|turn|7\n|j| CrazyyBoi\n|\n|t:|1776417227\n|move|p2b: Primarina|Protect|p2b: Primarina\n|-singleturn|p2b: Primarina|Protect\n|move|p1a: Sneasler|Dire Claw|p2b: Primarina\n|-activate|p2b: Primarina|move: Protect\n|move|p1b: Floette|Dazzling Gleam|p2a: Garchomp|[spread] p2a\n|-activate|p2b: Primarina|move: Protect\n|-supereffective|p2a: Garchomp|1\n|-damage|p2a: Garchomp|0 fnt\n|faint|p2a: Garchomp\n|\n|-heal|p2b: Primarina|86/100|[from] item: Leftovers\n|upkeep\n|turn|8\n|c|\u2606Ifalciacomesback|Gg\n|\n|t:|1776417243\n|move|p1a: Sneasler|Dire Claw|p2b: Primarina\n|-supereffective|p2b: Primarina|1\n|-damage|p2b: Primarina|9/100\n|move|p1b: Floette|Moonblast|p2b: Primarina\n|-damage|p2b: Primarina|0 fnt\n|faint|p2b: Primarina\n|\n|win|Ifalciacomesback\n|raw|Ifalciacomesback's rating: 1483 &rarr; <strong>1509</strong><br />(+26 for winning)\n|raw|vicsgc's rating: 1593 &rarr; <strong>1567</strong><br />(-26 for losing)\n|l|\u2606vicsgc\n|player|p2|\n|l|\u2606Ifalciacomesback\n|player|p1|\n",
  "uploadtime": 1776417257,
  "views": 70,
  "formatid": "gen9championsvgc2026regma",
  "rating": 1509,
  "private": 0,
  "password": null
}