{
  "id": "gen9championsvgc2026regma-2583004935",
  "format": "[Gen 9 Champions] VGC 2026 Reg M-A",
  "players": [
    "TheGarcon",
    "jyotsha"
  ],
  "log": "|j|\u2606TheGarcon\n|j|\u2606jyotsha\n|t:|1776132595\n|gametype|doubles\n|player|p1|TheGarcon|ruinmaniac|1236\n|player|p2|jyotsha|102|1178\n|gen|9\n|tier|[Gen 9 Champions] VGC 2026 Reg M-A\n|rated|\n|rule|Species Clause: Limit one of each Pok\u00e9mon\n|rule|Item Clause: Limit 1 of each item\n|clearpoke\n|poke|p1|Crabominable, L50, M|\n|poke|p1|Torkoal, L50, F|\n|poke|p1|Farigiraf, L50, M|\n|poke|p1|Mimikyu, L50, F|\n|poke|p1|Arcanine-Hisui, L50, F|\n|poke|p1|Sableye, L50, F|\n|poke|p2|Floette-Eternal, L50, F|\n|poke|p2|Sinistcha, L50|\n|poke|p2|Sableye, L50, M|\n|poke|p2|Aegislash, L50, F|\n|poke|p2|Primarina, L50, M|\n|poke|p2|Incineroar, L50, F|\n|teampreview|4\n|inactive|Battle timer is ON: inactive players will automatically lose when time's up. (requested by jyotsha)\n|inactive|TheGarcon has 60 seconds left.\n|inactive|jyotsha has 60 seconds left.\n|\n|t:|1776132649\n|teamsize|p1|4\n|teamsize|p2|4\n|start\n|switch|p1a: Mimikyu|Mimikyu, L50, F|100/100\n|switch|p1b: Arcanine|Arcanine-Hisui, L50, F|100/100\n|switch|p2a: Primarina|Primarina, L50, M|100/100\n|switch|p2b: Incineroar|Incineroar, L50, F|100/100\n|-ability|p1b: Arcanine|Intimidate|boost\n|-unboost|p2a: Primarina|atk|1\n|-unboost|p2b: Incineroar|atk|1\n|-ability|p2b: Incineroar|Intimidate|boost\n|-unboost|p1a: Mimikyu|atk|1\n|-unboost|p1b: Arcanine|atk|1\n|turn|1\n|\n|t:|1776132670\n|move|p2b: Incineroar|Fake Out|p1b: Arcanine\n|-resisted|p1b: Arcanine|1\n|-damage|p1b: Arcanine|95/100\n|cant|p1b: Arcanine|flinch\n|move|p2a: Primarina|Calm Mind|p2a: Primarina\n|-boost|p2a: Primarina|spa|1\n|-boost|p2a: Primarina|spd|1\n|move|p1a: Mimikyu|Trick Room|p1a: Mimikyu\n|-fieldstart|move: Trick Room|[of] p1a: Mimikyu\n|\n|upkeep\n|turn|2\n|\n|t:|1776132694\n|move|p2b: Incineroar|Parting Shot|p1b: Arcanine\n|-unboost|p1b: Arcanine|atk|1\n|-unboost|p1b: Arcanine|spa|1\n|\n|t:|1776132702\n|switch|p2b: Aegislash|Aegislash, L50, F|100/100|[from] Parting Shot\n|move|p2a: Primarina|Calm Mind|p2a: Primarina\n|-boost|p2a: Primarina|spa|1\n|-boost|p2a: Primarina|spd|1\n|move|p1a: Mimikyu|Shadow Claw|p2a: Primarina\n|-damage|p2a: Primarina|73/100\n|move|p1b: Arcanine|Head Smash|p2a: Primarina\n|-damage|p2a: Primarina|38/100\n|-damage|p1b: Arcanine|76/100|[from] Recoil\n|\n|-heal|p2a: Primarina|44/100|[from] item: Leftovers\n|upkeep\n|turn|3\n|\n|t:|1776132723\n|move|p2a: Primarina|Hyper Voice|p1b: Arcanine|[spread] p1a,p1b\n|-supereffective|p1b: Arcanine|2\n|-activate|p1a: Mimikyu|ability: Disguise\n|-damage|p1a: Mimikyu|100/100\n|-damage|p1b: Arcanine|0 fnt\n|detailschange|p1a: Mimikyu|Mimikyu-Busted, L50, F\n|-damage|p1a: Mimikyu|88/100|[from] pokemon: Mimikyu-Busted\n|faint|p1b: Arcanine\n|-formechange|p2b: Aegislash|Aegislash-Blade|\n|move|p2b: Aegislash|Shadow Ball|p1a: Mimikyu\n|-supereffective|p1a: Mimikyu|1\n|-damage|p1a: Mimikyu|0 fnt\n|faint|p1a: Mimikyu\n|\n|-heal|p2a: Primarina|50/100|[from] item: Leftovers\n|upkeep\n|\n|t:|1776132727\n|switch|p1a: Crabominable|Crabominable, L50, M|100/100\n|switch|p1b: Torkoal|Torkoal, L50, F|100/100\n|-weather|SunnyDay|[from] ability: Drought|[of] p1b: Torkoal\n|turn|4\n|\n|t:|1776132750\n|switch|p2b: Incineroar|Incineroar, L50, F|100/100\n|-ability|p2b: Incineroar|Intimidate|boost\n|-fail|p1a: Crabominable|unboost|Attack|[from] ability: Hyper Cutter|[of] p1a: Crabominable\n|-unboost|p1b: Torkoal|atk|1\n|detailschange|p1a: Crabominable|Crabominable-Mega, L50, M\n|-mega|p1a: Crabominable|Crabominable|Crabominite\n|move|p2a: Primarina|Protect|p2a: Primarina\n|-singleturn|p2a: Primarina|Protect\n|move|p1b: Torkoal|Eruption|p2a: Primarina|[spread] p2b\n|-activate|p2a: Primarina|move: Protect\n|-resisted|p2b: Incineroar|1\n|-damage|p2b: Incineroar|57/100\n|move|p1a: Crabominable|Ice Hammer|p2a: Primarina\n|-activate|p2a: Primarina|move: Protect\n|\n|-weather|SunnyDay|[upkeep]\n|-heal|p2a: Primarina|56/100|[from] item: Leftovers\n|upkeep\n|turn|5\n|inactive|TheGarcon has 30 seconds left.\n|inactive|jyotsha has 30 seconds left.\n|\n|t:|1776132780\n|switch|p2b: Sinistcha|Sinistcha, L50|100/100\n|-heal|p2a: Primarina|80/100|[from] ability: Hospitality|[of] p2b: Sinistcha\n|move|p1a: Crabominable|Protect|p1a: Crabominable\n|-singleturn|p1a: Crabominable|Protect\n|move|p1b: Torkoal|Eruption|p2a: Primarina|[spread] p2a,p2b\n|-resisted|p2a: Primarina|1\n|-supereffective|p2b: Sinistcha|1\n|-damage|p2a: Primarina|63/100\n|-damage|p2b: Sinistcha|0 fnt\n|faint|p2b: Sinistcha\n|move|p2a: Primarina|Hyper Voice|p1a: Crabominable|[spread] p1b\n|-activate|p1a: Crabominable|move: Protect\n|-supereffective|p1b: Torkoal|1\n|-damage|p1b: Torkoal|12/100\n|\n|-weather|SunnyDay|[upkeep]\n|-heal|p2a: Primarina|68/100|[from] item: Leftovers\n|-fieldend|move: Trick Room\n|upkeep\n|\n|t:|1776132794\n|switch|p2b: Incineroar|Incineroar, L50, F|57/100\n|-ability|p2b: Incineroar|Intimidate|boost\n|-unboost|p1a: Crabominable|atk|1\n|-unboost|p1b: Torkoal|atk|1\n|turn|6\n|\n|t:|1776132810\n|move|p2b: Incineroar|Fake Out|p1a: Crabominable\n|-damage|p1a: Crabominable|91/100\n|move|p2a: Primarina|Hyper Voice|p1a: Crabominable|[spread] p1a,p1b\n|-supereffective|p1b: Torkoal|1\n|-damage|p1a: Crabominable|65/100\n|-damage|p1b: Torkoal|0 fnt\n|faint|p1b: Torkoal\n|cant|p1a: Crabominable|flinch\n|\n|-weather|SunnyDay|[upkeep]\n|-heal|p2a: Primarina|74/100|[from] item: Leftovers\n|upkeep\n|turn|7\n|-message|TheGarcon forfeited.\n|\n|win|jyotsha\n|raw|TheGarcon's rating: 1236 &rarr; <strong>1207</strong><br />(-29 for losing)\n|raw|jyotsha's rating: 1178 &rarr; <strong>1207</strong><br />(+29 for winning)\n",
  "uploadtime": 1776132818,
  "views": 34,
  "formatid": "gen9championsvgc2026regma",
  "rating": 1207,
  "private": 0,
  "password": null
}