{
  "id": "gen9championsvgc2026regma-2582459964",
  "format": "[Gen 9 Champions] VGC 2026 Reg M-A",
  "players": [
    "silkandiron",
    "Galactico37"
  ],
  "log": "|j|\u2606silkandiron\n|j|\u2606Galactico37\n|t:|1776093107\n|gametype|doubles\n|player|p1|silkandiron|1|1152\n|player|p2|Galactico37|2|1177\n|gen|9\n|tier|[Gen 9 Champions] VGC 2026 Reg M-A\n|rated|\n|rule|Species Clause: Limit one of each Pok\u00e9mon\n|rule|Item Clause: Limit 1 of each item\n|clearpoke\n|poke|p1|Sneasler, L50, F|\n|poke|p1|Tyranitar, L50, M|\n|poke|p1|Rotom-Wash, L50|\n|poke|p1|Excadrill, L50, F|\n|poke|p1|Dragapult, L50, M|\n|poke|p1|Meganium, L50, F|\n|poke|p2|Alakazam, L50, F|\n|poke|p2|Espathra, L50, M|\n|poke|p2|Aegislash, L50, F|\n|poke|p2|Farigiraf, L50, M|\n|poke|p2|Sneasler, L50, F|\n|poke|p2|Orthworm, L50, F|\n|teampreview|4\n|inactive|Battle timer is ON: inactive players will automatically lose when time's up. (requested by silkandiron)\n|inactive|silkandiron has 60 seconds left.\n|inactive|Galactico37 has 60 seconds left.\n|\n|t:|1776093173\n|teamsize|p1|4\n|teamsize|p2|4\n|start\n|switch|p1a: Dragapult|Dragapult, L50, M|100/100\n|switch|p1b: Meganium|Meganium, L50, F|100/100\n|switch|p2a: Espathra|Espathra, L50, M|100/100\n|switch|p2b: Orthworm|Orthworm, L50, F|100/100\n|turn|1\n|inactive|silkandiron has 30 seconds left.\n|\n|t:|1776093205\n|detailschange|p1b: Meganium|Meganium-Mega, L50, F\n|-mega|p1b: Meganium|Meganium|Meganiumite\n|move|p2a: Espathra|Protect|p2a: Espathra\n|-singleturn|p2a: Espathra|Protect\n|move|p1a: Dragapult|Phantom Force||[still]\n|-prepare|p1a: Dragapult|Phantom Force\n|move|p1b: Meganium|Weather Ball|p2b: Orthworm\n|-supereffective|p2b: Orthworm|1\n|-damage|p2b: Orthworm|0 fnt\n|faint|p2b: Orthworm\n|\n|-ability|p2a: Espathra|Speed Boost|boost\n|-boost|p2a: Espathra|spe|1\n|upkeep\n|inactive|Galactico37 has 30 seconds left.\n|\n|t:|1776093238\n|switch|p2b: Sneasler|Sneasler, L50, F|100/100\n|turn|2\n|\n|t:|1776093256\n|move|p1b: Meganium|Protect|p1b: Meganium\n|-singleturn|p1b: Meganium|Protect\n|move|p1a: Dragapult|Phantom Force|p2a: Espathra|[from] lockedmove\n|-supereffective|p2a: Espathra|1\n|-damage|p2a: Espathra|1/100\n|move|p2a: Espathra|Psychic Terrain|p2a: Espathra\n|-fieldstart|move: Psychic Terrain\n|move|p2b: Sneasler|Acrobatics|p1b: Meganium\n|-activate|p1b: Meganium|move: Protect\n|\n|-ability|p2a: Espathra|Speed Boost|boost\n|-boost|p2a: Espathra|spe|1\n|upkeep\n|turn|3\n|\n|t:|1776093274\n|switch|p1b: Tyranitar|Tyranitar, L50, M|100/100\n|-weather|Sandstorm|[from] ability: Sand Stream|[of] p1b: Tyranitar\n|move|p2a: Espathra|Lumina Crash|p1a: Dragapult\n|-damage|p1a: Dragapult|58/100\n|move|p1a: Dragapult|Dragon Darts|p2a: Espathra\n|-damage|p2a: Espathra|0 fnt\n|-anim|p1a: Dragapult|Dragon Darts|p2b: Sneasler\n|-damage|p2b: Sneasler|58/100\n|faint|p2a: Espathra\n|move|p2b: Sneasler|Acrobatics|p1b: Tyranitar\n|-resisted|p1b: Tyranitar|1\n|-damage|p1b: Tyranitar|92/100\n|\n|-weather|Sandstorm|[upkeep]\n|-damage|p1a: Dragapult|52/100|[from] Sandstorm\n|-damage|p2b: Sneasler|52/100|[from] Sandstorm\n|upkeep\n|\n|t:|1776093289\n|switch|p2a: Alakazam|Alakazam, L50, F|100/100\n|turn|4\n|\n|t:|1776093303\n|detailschange|p2a: Alakazam|Alakazam-Mega, L50, F\n|-mega|p2a: Alakazam|Alakazam|Alakazite\n|-ability|p2a: Alakazam|Sand Stream|Trace|[from] ability: Trace|[of] p1b: Tyranitar\n|move|p1a: Dragapult|Phantom Force||[still]\n|-prepare|p1a: Dragapult|Phantom Force\n|move|p2a: Alakazam|Dazzling Gleam|p1b: Tyranitar|[spread] p1b\n|-miss|p2a: Alakazam|p1a: Dragapult\n|-supereffective|p1b: Tyranitar|1\n|-damage|p1b: Tyranitar|58/100\n|move|p2b: Sneasler|Close Combat|p1b: Tyranitar\n|-supereffective|p1b: Tyranitar|2\n|-enditem|p1b: Tyranitar|Chople Berry|[eat]\n|-enditem|p1b: Tyranitar|Chople Berry|[weaken]\n|-damage|p1b: Tyranitar|0 fnt\n|-unboost|p2b: Sneasler|def|1\n|-unboost|p2b: Sneasler|spd|1\n|faint|p1b: Tyranitar\n|-enditem|p2b: Sneasler|White Herb\n|-clearnegativeboost|p2b: Sneasler|[silent]\n|\n|-weather|Sandstorm|[upkeep]\n|-damage|p2b: Sneasler|46/100|[from] Sandstorm\n|-damage|p1a: Dragapult|46/100|[from] Sandstorm\n|-damage|p2a: Alakazam|94/100|[from] Sandstorm\n|upkeep\n|\n|t:|1776093318\n|switch|p1b: Excadrill|Excadrill, L50, F|100/100\n|turn|5\n|\n|t:|1776093341\n|move|p2a: Alakazam|Protect|p2a: Alakazam\n|-singleturn|p2a: Alakazam|Protect\n|move|p2b: Sneasler|Close Combat|p1b: Excadrill\n|-supereffective|p1b: Excadrill|1\n|-enditem|p1b: Excadrill|Focus Sash\n|-damage|p1b: Excadrill|1/100\n|-unboost|p2b: Sneasler|def|1\n|-unboost|p2b: Sneasler|spd|1\n|move|p1b: Excadrill|High Horsepower|p2b: Sneasler\n|-supereffective|p2b: Sneasler|1\n|-damage|p2b: Sneasler|0 fnt\n|faint|p2b: Sneasler\n|move|p1a: Dragapult|Phantom Force|p2a: Alakazam|[from] lockedmove\n|-activate|p2a: Alakazam|move: Phantom Force|[broken]\n|-supereffective|p2a: Alakazam|1\n|-damage|p2a: Alakazam|0 fnt\n|faint|p2a: Alakazam\n|\n|win|silkandiron\n|raw|silkandiron's rating: 1152 &rarr; <strong>1179</strong><br />(+27 for winning)\n|raw|Galactico37's rating: 1177 &rarr; <strong>1150</strong><br />(-27 for losing)\n|l|\u2606Galactico37\n|player|p2|\n",
  "uploadtime": 1776093370,
  "views": 38,
  "formatid": "gen9championsvgc2026regma",
  "rating": 1150,
  "private": 0,
  "password": null
}