{
  "id": "gen9championsvgc2026regma-2585351544",
  "format": "[Gen 9 Champions] VGC 2026 Reg M-A",
  "players": [
    "IndoMichael",
    "KyryoN"
  ],
  "log": "|j|\u2606IndoMichael\n|j|\u2606KyryoN\n|t:|1776340438\n|gametype|doubles\n|player|p1|IndoMichael|170|1089\n|player|p2|KyryoN|2|1127\n|gen|9\n|tier|[Gen 9 Champions] VGC 2026 Reg M-A\n|rated|\n|rule|Species Clause: Limit one of each Pok\u00e9mon\n|rule|Item Clause: Limit 1 of each item\n|clearpoke\n|poke|p1|Gallade, L50, M|\n|poke|p1|Maushold-Four, L50|\n|poke|p1|Aerodactyl, L50, F|\n|poke|p1|Arcanine, L50, M|\n|poke|p1|Meowscarada, L50, F|\n|poke|p1|Gengar, L50, F|\n|poke|p2|Sneasler, L50, F|\n|poke|p2|Rotom-Wash, L50|\n|poke|p2|Incineroar, L50, M|\n|poke|p2|Tyranitar, L50, M|\n|poke|p2|Excadrill, L50, M|\n|poke|p2|Sinistcha, L50|\n|teampreview|4\n|inactive|Battle timer is ON: inactive players will automatically lose when time's up. (requested by IndoMichael)\n|\n|t:|1776340488\n|teamsize|p1|4\n|teamsize|p2|4\n|start\n|switch|p1a: Aerodactyl|Aerodactyl, L50, F, shiny|100/100\n|switch|p1b: Maushold|Maushold-Four, L50, shiny|100/100\n|switch|p2a: Sneasler|Sneasler, L50, F|100/100\n|switch|p2b: Sinistcha|Sinistcha, L50|100/100\n|-ability|p1a: Aerodactyl|Unnerve\n|turn|1\n|\n|t:|1776340503\n|move|p1a: Aerodactyl|Protect|p1a: Aerodactyl\n|-singleturn|p1a: Aerodactyl|Protect\n|move|p2a: Sneasler|Fake Out|p1a: Aerodactyl\n|-activate|p1a: Aerodactyl|move: Protect\n|move|p1b: Maushold|Taunt|p2b: Sinistcha\n|-start|p2b: Sinistcha|move: Taunt\n|cant|p2b: Sinistcha|move: Taunt|Trick Room\n|\n|upkeep\n|turn|2\n|\n|t:|1776340527\n|switch|p2b: Incineroar|Incineroar, L50, M|100/100\n|-ability|p2b: Incineroar|Intimidate|boost\n|-unboost|p1a: Aerodactyl|atk|1\n|-unboost|p1b: Maushold|atk|1\n|move|p1a: Aerodactyl|Tailwind|p1a: Aerodactyl\n|-sidestart|p1: IndoMichael|move: Tailwind\n|move|p1b: Maushold|Beat Up|p2b: Incineroar\n|-resisted|p2b: Incineroar|1\n|-damage|p2b: Incineroar|99/100\n|-resisted|p2b: Incineroar|1\n|-damage|p2b: Incineroar|99/100\n|-resisted|p2b: Incineroar|1\n|-damage|p2b: Incineroar|99/100\n|-resisted|p2b: Incineroar|1\n|-damage|p2b: Incineroar|98/100\n|-hitcount|p2b: Incineroar|4\n|move|p2a: Sneasler|Close Combat|p1b: Maushold\n|-supereffective|p1b: Maushold|1\n|-damage|p1b: Maushold|0 fnt\n|-unboost|p2a: Sneasler|def|1\n|-unboost|p2a: Sneasler|spd|1\n|faint|p1b: Maushold\n|-enditem|p2a: Sneasler|White Herb\n|-clearnegativeboost|p2a: Sneasler|[silent]\n|\n|upkeep\n|\n|t:|1776340548\n|switch|p1b: Gallade|Gallade, L50, M, shiny|100/100\n|turn|3\n|\n|t:|1776340563\n|detailschange|p1b: Gallade|Gallade-Mega, L50, M, shiny\n|-mega|p1b: Gallade|Gallade|Galladite\n|move|p1a: Aerodactyl|Protect|p1a: Aerodactyl\n|-singleturn|p1a: Aerodactyl|Protect\n|move|p2a: Sneasler|Protect|p2a: Sneasler\n|-singleturn|p2a: Sneasler|Protect\n|move|p1b: Gallade|Psycho Cut|p2a: Sneasler\n|-activate|p2a: Sneasler|move: Protect\n|move|p2b: Incineroar|Parting Shot|p1b: Gallade\n|-unboost|p1b: Gallade|atk|1\n|-unboost|p1b: Gallade|spa|1\n|\n|t:|1776340576\n|switch|p2b: Sinistcha|Sinistcha, L50|100/100|[from] Parting Shot\n|\n|upkeep\n|turn|4\n|\n|t:|1776340588\n|switch|p2a: Incineroar|Incineroar, L50, M|98/100\n|-ability|p2a: Incineroar|Intimidate|boost\n|-unboost|p1a: Aerodactyl|atk|1\n|-fail|p1b: Gallade|unboost|Attack|[from] ability: Inner Focus|[of] p1b: Gallade\n|switch|p2b: Rotom|Rotom-Wash, L50|100/100\n|move|p1a: Aerodactyl|Dual Wingbeat|p2b: Rotom|[miss]\n|-miss|p1a: Aerodactyl|p2b: Rotom\n|move|p1b: Gallade|Psycho Cut|p2a: Incineroar\n|-immune|p2a: Incineroar\n|\n|upkeep\n|turn|5\n|\n|t:|1776340609\n|move|p1a: Aerodactyl|Rock Slide|p2a: Incineroar|[spread] p2a,p2b\n|-supereffective|p2a: Incineroar|1\n|-damage|p2a: Incineroar|80/100\n|-damage|p2b: Rotom|83/100\n|move|p1b: Gallade|Sacred Sword|p2a: Incineroar\n|-supereffective|p2a: Incineroar|1\n|-damage|p2a: Incineroar|16/100\n|move|p2b: Rotom|Thunderbolt|p1a: Aerodactyl\n|-supereffective|p1a: Aerodactyl|1\n|-enditem|p1a: Aerodactyl|Focus Sash\n|-damage|p1a: Aerodactyl|1/100\n|move|p2a: Incineroar|Darkest Lariat|p1b: Gallade\n|-damage|p1b: Gallade|60/100\n|\n|-sideend|p1: IndoMichael|move: Tailwind\n|upkeep\n|turn|6\n|inactive|KyryoN has 30 seconds left.\n|inactive|KyryoN has 20 seconds left.\n|inactive|KyryoN has 15 seconds left.\n|\n|t:|1776340650\n|switch|p1b: Meowscarada|Meowscarada, L50, F, shiny|100/100\n|move|p1a: Aerodactyl|Protect|p1a: Aerodactyl\n|-singleturn|p1a: Aerodactyl|Protect\n|move|p2b: Rotom|Thunderbolt|p1a: Aerodactyl\n|-activate|p1a: Aerodactyl|move: Protect\n|move|p2a: Incineroar|Flare Blitz|p1a: Aerodactyl\n|-activate|p1a: Aerodactyl|move: Protect\n|\n|upkeep\n|turn|7\n|inactive|IndoMichael has 30 seconds left.\n|inactive|KyryoN has 30 seconds left.\n|inactive|IndoMichael has 20 seconds left.\n|\n|t:|1776340690\n|switch|p2b: Sinistcha|Sinistcha, L50|100/100\n|-heal|p2a: Incineroar|41/100|[from] ability: Hospitality|[of] p2b: Sinistcha\n|move|p1b: Meowscarada|Flower Trick|p2b: Sinistcha\n|-start|p1b: Meowscarada|typechange|Grass|[from] ability: Protean\n|-resisted|p2b: Sinistcha|1\n|-crit|p2b: Sinistcha\n|-damage|p2b: Sinistcha|79/100\n|move|p1a: Aerodactyl|Tailwind|p1a: Aerodactyl\n|-sidestart|p1: IndoMichael|move: Tailwind\n|move|p2a: Incineroar|Flare Blitz|p1b: Meowscarada\n|-supereffective|p1b: Meowscarada|1\n|-damage|p1b: Meowscarada|0 fnt\n|faint|p1b: Meowscarada\n|-damage|p2a: Incineroar|16/100|[from] Recoil\n|\n|-heal|p2b: Sinistcha|85/100|[from] item: Leftovers\n|upkeep\n|\n|t:|1776340710\n|switch|p1b: Gallade|Gallade-Mega, L50, M, shiny|60/100\n|turn|8\n|\n|t:|1776340721\n|switch|p2a: Rotom|Rotom-Wash, L50|83/100\n|move|p1a: Aerodactyl|Rock Slide|p2b: Sinistcha|[spread] p2a,p2b\n|-damage|p2a: Rotom|64/100\n|-damage|p2b: Sinistcha|72/100\n|move|p1b: Gallade|Ice Punch|p2b: Sinistcha\n|-supereffective|p2b: Sinistcha|1\n|-damage|p2b: Sinistcha|7/100\n|move|p2b: Sinistcha|Matcha Gotcha|p1b: Gallade|[spread] p1b\n|-miss|p2b: Sinistcha|p1a: Aerodactyl\n|-damage|p1b: Gallade|34/100\n|-heal|p2b: Sinistcha|18/100|[from] drain|[of] p1b: Gallade\n|\n|-heal|p2b: Sinistcha|25/100|[from] item: Leftovers\n|upkeep\n|turn|9\n|inactive|KyryoN has 30 seconds left.\n|inactive|KyryoN has 20 seconds left.\n|\n|t:|1776340761\n|move|p1a: Aerodactyl|Dual Wingbeat|p2b: Sinistcha\n|-supereffective|p2b: Sinistcha|1\n|-damage|p2b: Sinistcha|8/100\n|-supereffective|p2b: Sinistcha|1\n|-damage|p2b: Sinistcha|0 fnt\n|faint|p2b: Sinistcha\n|-hitcount|p2: Sinistcha|2\n|move|p1b: Gallade|Sacred Sword|p2a: Rotom\n|-damage|p2a: Rotom|0 fnt\n|faint|p2a: Rotom\n|\n|upkeep\n|\n|t:|1776340774\n|switch|p2a: Sneasler|Sneasler, L50, F|100/100\n|switch|p2b: Incineroar|Incineroar, L50, M|16/100\n|-ability|p2b: Incineroar|Intimidate|boost\n|-unboost|p1a: Aerodactyl|atk|1\n|-fail|p1b: Gallade|unboost|Attack|[from] ability: Inner Focus|[of] p1b: Gallade\n|turn|10\n|\n|t:|1776340793\n|move|p1a: Aerodactyl|Protect|p1a: Aerodactyl\n|-singleturn|p1a: Aerodactyl|Protect\n|move|p1b: Gallade|Protect|p1b: Gallade\n|-singleturn|p1b: Gallade|Protect\n|move|p2a: Sneasler|Fake Out|p1a: Aerodactyl\n|-activate|p1a: Aerodactyl|move: Protect\n|move|p2b: Incineroar|Fake Out|p1b: Gallade\n|-activate|p1b: Gallade|move: Protect\n|\n|-sideend|p1: IndoMichael|move: Tailwind\n|upkeep\n|turn|11\n|\n|t:|1776340810\n|move|p1a: Aerodactyl|Rock Slide|p2b: Incineroar|[spread] p2a,p2b\n|-resisted|p2a: Sneasler|1\n|-supereffective|p2b: Incineroar|1\n|-damage|p2a: Sneasler|93/100\n|-damage|p2b: Incineroar|1/100\n|cant|p2a: Sneasler|flinch\n|move|p1b: Gallade|Psycho Cut|p2a: Sneasler\n|-supereffective|p2a: Sneasler|2\n|-damage|p2a: Sneasler|0 fnt\n|faint|p2a: Sneasler\n|move|p2b: Incineroar|Flare Blitz|p1b: Gallade\n|-damage|p1b: Gallade|0 fnt\n|faint|p1b: Gallade\n|-damage|p2b: Incineroar|0 fnt|[from] Recoil\n|faint|p2b: Incineroar\n|\n|win|IndoMichael\n|raw|IndoMichael's rating: 1089 &rarr; <strong>1119</strong><br />(+30 for winning)\n|raw|KyryoN's rating: 1127 &rarr; <strong>1099</strong><br />(-28 for losing)\n",
  "uploadtime": 1776340827,
  "views": 27,
  "formatid": "gen9championsvgc2026regma",
  "rating": 1099,
  "private": 0,
  "password": null
}