{
  "id": "gen9championsvgc2026regma-2583715639",
  "format": "[Gen 9 Champions] VGC 2026 Reg M-A",
  "players": [
    "thebigkabosh",
    "Farid25ff"
  ],
  "log": "|j|\u2606thebigkabosh\n|j|\u2606Farid25ff\n|t:|1776192825\n|gametype|doubles\n|player|p1|thebigkabosh|1|1000\n|player|p2|Farid25ff|falkner|1029\n|gen|9\n|tier|[Gen 9 Champions] VGC 2026 Reg M-A\n|rated|\n|rule|Species Clause: Limit one of each Pok\u00e9mon\n|rule|Item Clause: Limit 1 of each item\n|clearpoke\n|poke|p1|Pelipper, L50, M|\n|poke|p1|Archaludon, L50, F|\n|poke|p1|Palafin, L50, F|\n|poke|p1|Incineroar, L50, F|\n|poke|p1|Sneasler, L50, M|\n|poke|p1|Gengar, L50, M|\n|poke|p2|Gyarados, L50, M|\n|poke|p2|Aegislash, L50, F|\n|poke|p2|Ninetales-Alola, L50, F|\n|poke|p2|Infernape, L50, M|\n|poke|p2|Sylveon, L50, F|\n|poke|p2|Dragonite, L50, M|\n|teampreview|4\n|\n|t:|1776192853\n|teamsize|p1|4\n|teamsize|p2|4\n|start\n|switch|p1a: Pelipper|Pelipper, L50, M|100/100\n|switch|p1b: Sneasler|Sneasler, L50, M|100/100\n|switch|p2a: Infernape|Infernape, L50, M|100/100\n|switch|p2b: Gyarados|Gyarados, L50, M|100/100\n|-ability|p2b: Gyarados|Intimidate|boost\n|-unboost|p1a: Pelipper|atk|1\n|-unboost|p1b: Sneasler|atk|1\n|-weather|RainDance|[from] ability: Drizzle|[of] p1a: Pelipper\n|turn|1\n|inactive|Battle timer is ON: inactive players will automatically lose when time's up. (requested by thebigkabosh)\n|inactive|thebigkabosh has 60 seconds left.\n|\n|t:|1776192890\n|switch|p2b: Ninetales|Ninetales-Alola, L50, F|100/100\n|-weather|Snowscape|[from] ability: Snow Warning|[of] p2b: Ninetales\n|move|p2a: Infernape|Fake Out|p1b: Sneasler\n|-damage|p1b: Sneasler|81/100\n|cant|p1b: Sneasler|flinch\n|move|p1a: Pelipper|Tailwind|p1a: Pelipper\n|-sidestart|p1: thebigkabosh|move: Tailwind\n|\n|-weather|Snowscape|[upkeep]\n|upkeep\n|turn|2\n|inactive|thebigkabosh has 30 seconds left.\n|\n|t:|1776192915\n|switch|p1a: Gengar|Gengar, L50, M|100/100\n|move|p1b: Sneasler|Close Combat|p2b: Ninetales\n|-damage|p2b: Ninetales|63/100\n|-unboost|p1b: Sneasler|def|1\n|-unboost|p1b: Sneasler|spd|1\n|-status|p2b: Ninetales|psn|[from] ability: Poison Touch|[of] p1b: Sneasler\n|move|p2b: Ninetales|Freeze-Dry|p1a: Gengar\n|-crit|p1a: Gengar\n|-damage|p1a: Gengar|43/100\n|-start|p2b: Ninetales|Disable|Freeze-Dry|[from] ability: Cursed Body|[of] p1a: Gengar\n|move|p2a: Infernape|Overheat|p1b: Sneasler\n|-damage|p1b: Sneasler|0 fnt\n|-unboost|p2a: Infernape|spa|2\n|faint|p1b: Sneasler\n|\n|-weather|Snowscape|[upkeep]\n|-damage|p2b: Ninetales|50/100 psn|[from] psn\n|upkeep\n|\n|t:|1776192938\n|switch|p1b: Pelipper|Pelipper, L50, M|100/100\n|-weather|RainDance|[from] ability: Drizzle|[of] p1b: Pelipper\n|turn|3\n|inactive|thebigkabosh has 30 seconds left.\n|\n|t:|1776192965\n|switch|p2b: Aegislash|Aegislash, L50, F|100/100\n|switch|p2a: Gyarados|Gyarados, L50, M|100/100\n|-ability|p2a: Gyarados|Intimidate|boost\n|-unboost|p1a: Gengar|atk|1\n|-unboost|p1b: Pelipper|atk|1\n|move|p1a: Gengar|Shadow Ball|p2b: Aegislash\n|-supereffective|p2b: Aegislash|1\n|-damage|p2b: Aegislash|32/100\n|move|p1b: Pelipper|Hurricane|p2a: Gyarados\n|-damage|p2a: Gyarados|49/100\n|\n|-weather|RainDance|[upkeep]\n|upkeep\n|turn|4\n|\n|t:|1776192985\n|switch|p2a: Ninetales|Ninetales-Alola, L50, F|50/100 psn\n|-weather|Snowscape|[from] ability: Snow Warning|[of] p2a: Ninetales\n|-formechange|p2b: Aegislash|Aegislash-Blade|\n|move|p2b: Aegislash|Shadow Sneak|p1a: Gengar\n|-supereffective|p1a: Gengar|1\n|-damage|p1a: Gengar|0 fnt\n|-start|p2b: Aegislash|Disable|Shadow Sneak|[from] ability: Cursed Body|[of] p1a: Gengar\n|faint|p1a: Gengar\n|move|p1b: Pelipper|Hurricane|p2a: Ninetales\n|-damage|p2a: Ninetales|0 fnt\n|faint|p2a: Ninetales\n|\n|-weather|Snowscape|[upkeep]\n|-sideend|p1: thebigkabosh|move: Tailwind\n|upkeep\n|\n|t:|1776193001\n|switch|p1a: Archaludon|Archaludon, L50, F|100/100\n|switch|p2a: Infernape|Infernape, L50, M|100/100\n|turn|5\n|\n|t:|1776193016\n|move|p1a: Archaludon|Protect|p1a: Archaludon\n|-singleturn|p1a: Archaludon|Protect\n|-formechange|p2b: Aegislash|Aegislash|\n|move|p2b: Aegislash|King's Shield|p2b: Aegislash\n|-singleturn|p2b: Aegislash|Protect\n|move|p2a: Infernape|Overheat|p1a: Archaludon\n|-activate|p1a: Archaludon|move: Protect\n|move|p1b: Pelipper|Hurricane|p2a: Infernape|[miss]\n|-miss|p1b: Pelipper|p2a: Infernape\n|\n|-weather|Snowscape|[upkeep]\n|upkeep\n|turn|6\n|inactive|thebigkabosh has 30 seconds left.\n|\n|t:|1776193047\n|move|p2a: Infernape|Overheat|p1a: Archaludon|[miss]\n|-miss|p2a: Infernape|p1a: Archaludon\n|move|p1a: Archaludon|Electro Shot||[still]\n|-prepare|p1a: Archaludon|Electro Shot\n|-boost|p1a: Archaludon|spa|1\n|-formechange|p2b: Aegislash|Aegislash-Blade|\n|move|p2b: Aegislash|Iron Head|p1a: Archaludon\n|-resisted|p1a: Archaludon|1\n|-damage|p1a: Archaludon|83/100\n|-ability|p1a: Archaludon|Stamina|boost\n|-boost|p1a: Archaludon|def|1\n|move|p1b: Pelipper|Hurricane|p2a: Infernape\n|-supereffective|p2a: Infernape|1\n|-enditem|p2a: Infernape|Focus Sash\n|-damage|p2a: Infernape|1/100\n|\n|-weather|Snowscape|[upkeep]\n|upkeep\n|turn|7\n|inactive|thebigkabosh has 30 seconds left.\n|inactive|thebigkabosh has 20 seconds left.\n|\n|t:|1776193085\n|-formechange|p2b: Aegislash|Aegislash|\n|move|p2b: Aegislash|King's Shield|p2b: Aegislash\n|-singleturn|p2b: Aegislash|Protect\n|move|p2a: Infernape|Overheat|p1a: Archaludon\n|-damage|p1a: Archaludon|0 fnt\n|-unboost|p2a: Infernape|spa|2\n|faint|p1a: Archaludon\n|move|p1b: Pelipper|Hurricane|p2a: Infernape\n|-supereffective|p2a: Infernape|1\n|-damage|p2a: Infernape|0 fnt\n|faint|p2a: Infernape\n|\n|-weather|Snowscape|[upkeep]\n|-end|p2b: Aegislash|Disable\n|upkeep\n|\n|t:|1776193097\n|switch|p2a: Gyarados|Gyarados, L50, M|49/100\n|-ability|p2a: Gyarados|Intimidate|boost\n|-unboost|p1b: Pelipper|atk|1\n|turn|8\n|\n|t:|1776193113\n|detailschange|p2a: Gyarados|Gyarados-Mega, L50, M\n|-mega|p2a: Gyarados|Gyarados|Gyaradosite\n|-ability|p2a: Gyarados|Mold Breaker\n|move|p2a: Gyarados|Crunch|p1b: Pelipper\n|-damage|p1b: Pelipper|38/100\n|-unboost|p1b: Pelipper|def|1\n|move|p2b: Aegislash|Swords Dance|p2b: Aegislash\n|-boost|p2b: Aegislash|atk|2\n|move|p1b: Pelipper|Hurricane|p2a: Gyarados|[miss]\n|-miss|p1b: Pelipper|p2a: Gyarados\n|\n|-weather|none\n|upkeep\n|turn|9\n|\n|t:|1776193133\n|-formechange|p2b: Aegislash|Aegislash-Blade|\n|move|p2b: Aegislash|Shadow Sneak|p1b: Pelipper\n|-damage|p1b: Pelipper|0 fnt\n|faint|p1b: Pelipper\n|\n|win|Farid25ff\n|raw|thebigkabosh's rating: 1000 &rarr; <strong>1000</strong><br />(+0 for losing)\n|raw|Farid25ff's rating: 1029 &rarr; <strong>1062</strong><br />(+33 for winning)\n",
  "uploadtime": 1776193156,
  "views": 31,
  "formatid": "gen9championsvgc2026regma",
  "rating": 1000,
  "private": 0,
  "password": null
}