{
  "id": "gen9championsvgc2026regma-2587049332",
  "format": "[Gen 9 Champions] VGC 2026 Reg M-A",
  "players": [
    "lucienflash",
    "AlmondsVGC"
  ],
  "log": "|j|\u2606lucienflash\n|j|\u2606AlmondsVGC\n|html|<table width=\"100%\"><tr><td align=\"left\">lucienflash</td><td align=\"right\">AlmondsVGC</tr><tr><td align=\"left\"><i class=\"fa fa-circle-o\"></i> <i class=\"fa fa-circle-o\"></i> </td><td align=\"right\"><i class=\"fa fa-circle-o\"></i> <i class=\"fa fa-circle\"></i> </tr></table>\n|uhtml|bestof|<h2><strong>Game 2</strong> of <a href=\"/game-bestof3-gen9championsvgc2026regma-2587047421\">a best-of-3</a></h2>\n|t:|1776486757\n|gametype|doubles\n|player|p1|lucienflash|102|\n|player|p2|AlmondsVGC|266|\n|gen|9\n|tier|[Gen 9 Champions] VGC 2026 Reg M-A\n|rule|Species Clause: Limit one of each Pok\u00e9mon\n|rule|Item Clause: Limit 1 of each item\n|raw|<div class=\"infobox\"><details class=\"readmore\" open><summary><strong>1 custom rule:</strong></summary> Best of = 3</details></div>\n|clearpoke\n|poke|p1|Charizard, L50, F|\n|poke|p1|Dragonite, L50, M|\n|poke|p1|Blastoise, L50, M|\n|poke|p1|Ditto, L50|\n|poke|p1|Arcanine, L50, M|\n|poke|p1|Kangaskhan, L50, F|\n|poke|p2|Gengar, L50, F|\n|poke|p2|Hydreigon, L50, F|\n|poke|p2|Primarina, L50, F|\n|poke|p2|Incineroar, L50, M|\n|poke|p2|Snorlax, L50, M|\n|poke|p2|Farigiraf, L50, M|\n|teampreview|4\nAlmondsVGC rejected open team sheets.\n|\n|t:|1776486836\n|teamsize|p1|4\n|teamsize|p2|4\n|start\n|switch|p1a: Blastoise|Blastoise, L50, M|100/100\n|switch|p1b: Dragonite|Dragonite, L50, M|100/100\n|switch|p2a: Gengar|Gengar, L50, F|100/100\n|switch|p2b: Farigiraf|Farigiraf, L50, M|100/100\n|turn|1\n|\n|t:|1776486871\n|switch|p2a: Primarina|Primarina, L50, F|100/100\n|move|p1a: Blastoise|Water Spout|p2b: Farigiraf|[spread] p2a,p2b\n|-resisted|p2a: Primarina|1\n|-damage|p2a: Primarina|83/100\n|-damage|p2b: Farigiraf|57/100\n|move|p1b: Dragonite|Thunderbolt|p2b: Farigiraf\n|-damage|p2b: Farigiraf|26/100\n|-enditem|p2b: Farigiraf|Sitrus Berry|[eat]\n|-heal|p2b: Farigiraf|51/100|[from] item: Sitrus Berry\n|move|p2b: Farigiraf|Trick Room|p2b: Farigiraf\n|-fieldstart|move: Trick Room|[of] p2b: Farigiraf\n|\n|-heal|p2a: Primarina|89/100|[from] item: Leftovers\n|upkeep\n|turn|2\n|\n|t:|1776486887\n|move|p2a: Primarina|Moonblast|p1a: Blastoise\n|-damage|p1a: Blastoise|39/100\n|move|p1b: Dragonite|Thunderbolt|p2a: Primarina\n|-supereffective|p2a: Primarina|1\n|-damage|p2a: Primarina|44/100\n|move|p1a: Blastoise|Water Spout|p2a: Primarina|[spread] p2a,p2b\n|-resisted|p2a: Primarina|1\n|-damage|p2a: Primarina|38/100\n|-damage|p2b: Farigiraf|33/100\n|move|p2b: Farigiraf|Trick Room|p2b: Farigiraf\n|-fieldend|move: Trick Room\n|\n|-heal|p2a: Primarina|44/100|[from] item: Leftovers\n|upkeep\n|turn|3\n|c|\u2606AlmondsVGC|misclick faaark\n|c|\u2606lucienflash|Oops\n|\n|t:|1776486931\n|move|p1a: Blastoise|Water Spout|p2b: Farigiraf|[spread] p2a,p2b\n|-resisted|p2a: Primarina|1\n|-damage|p2a: Primarina|37/100\n|-damage|p2b: Farigiraf|15/100\n|move|p1b: Dragonite|Thunderbolt|p2b: Farigiraf\n|-damage|p2b: Farigiraf|0 fnt\n|faint|p2b: Farigiraf\n|move|p2a: Primarina|Moonblast|p1b: Dragonite\n|-supereffective|p1b: Dragonite|1\n|-crit|p1b: Dragonite\n|-damage|p1b: Dragonite|29/100\n|-unboost|p1b: Dragonite|spa|1\n|\n|-heal|p1b: Dragonite|35/100|[from] item: Leftovers\n|-heal|p2a: Primarina|43/100|[from] item: Leftovers\n|upkeep\n|\n|t:|1776486943\n|switch|p2b: Gengar|Gengar, L50, F|100/100\n|turn|4\n|\n|t:|1776486972\n|switch|p1a: Kangaskhan|Kangaskhan, L50, F|100/100\n|detailschange|p2b: Gengar|Gengar-Mega, L50, F\n|-mega|p2b: Gengar|Gengar|Gengarite\n|move|p2b: Gengar|Reflect Type|p2a: Primarina\n|-start|p2b: Gengar|typechange|[from] move: Reflect Type|[of] p2a: Primarina\n|move|p1b: Dragonite|Thunderbolt|p2a: Primarina\n|-supereffective|p2a: Primarina|1\n|-damage|p2a: Primarina|12/100\n|move|p2a: Primarina|Moonblast|p1b: Dragonite\n|-supereffective|p1b: Dragonite|1\n|-damage|p1b: Dragonite|0 fnt\n|faint|p1b: Dragonite\n|\n|-heal|p2a: Primarina|18/100|[from] item: Leftovers\n|upkeep\n|\n|t:|1776486996\n|switch|p1b: Blastoise|Blastoise, L50, M|39/100\n|turn|5\n|\n|t:|1776487021\n|move|p1a: Kangaskhan|Fake Out|p2a: Primarina\n|-damage|p2a: Primarina|0 fnt\n|faint|p2a: Primarina\n|move|p1b: Blastoise|Icy Wind|p2b: Gengar\n|-resisted|p2b: Gengar|1\n|-damage|p2b: Gengar|93/100\n|-unboost|p2b: Gengar|spe|1\n|move|p2b: Gengar|Shadow Ball|p1b: Blastoise\n|-damage|p1b: Blastoise|6/100\n|-unboost|p1b: Blastoise|spd|1\n|\n|upkeep\n|\n|t:|1776487027\n|switch|p2a: Snorlax|Snorlax, L50, M|100/100\n|turn|6\n|\n|t:|1776487046\n|move|p2b: Gengar|Protect|p2b: Gengar\n|-singleturn|p2b: Gengar|Protect\n|move|p1b: Blastoise|Icy Wind|p2b: Gengar|[spread] p2a\n|-activate|p2b: Gengar|move: Protect\n|-damage|p2a: Snorlax|97/100\n|-unboost|p2a: Snorlax|spe|1\n|move|p1a: Kangaskhan|Last Resort|p2b: Gengar\n|-activate|p2b: Gengar|move: Protect\n|move|p2a: Snorlax|Self-Destruct|p1a: Kangaskhan|[spread] p1a,p1b\n|-activate|p2b: Gengar|move: Protect\n|-damage|p1a: Kangaskhan|4/100\n|-damage|p1b: Blastoise|0 fnt\n|faint|p2a: Snorlax\n|faint|p1b: Blastoise\n|\n|upkeep\n|\n|t:|1776487049\n|switch|p1b: Ditto|Ditto, L50|100/100\n|turn|7\n|\n|t:|1776487062\n|move|p2b: Gengar|Perish Song|p2b: Gengar\n|-start|p1a: Kangaskhan|perish3|[silent]\n|-start|p1b: Ditto|perish3|[silent]\n|-start|p2b: Gengar|perish3|[silent]\n|-fieldactivate|move: Perish Song\n|move|p1a: Kangaskhan|Last Resort|p2b: Gengar\n|-damage|p2b: Gengar|0 fnt\n|faint|p2b: Gengar\n|\n|win|lucienflash\n||lucienflash is ready for game 3.\n|inactive|AlmondsVGC has 30 seconds to confirm battle start!\n||AlmondsVGC is ready for game 3.\n|uhtml|next|Next: <a href=\"/battle-gen9championsvgc2026regma-2587051811\"><strong>Game 3 of 3</strong></a>\n|l|\u2606lucienflash\n|player|p1|\n",
  "uploadtime": 1776487466,
  "views": 26,
  "formatid": "gen9championsvgc2026regma",
  "rating": null,
  "private": 0,
  "password": null
}