{
  "id": "gen9championsvgc2026regma-2586412983",
  "format": "[Gen 9 Champions] VGC 2026 Reg M-A",
  "players": [
    "kuanyou",
    "Deathku"
  ],
  "log": "|j|\u2606kuanyou\n|j|\u2606Deathku\n|t:|1776432907\n|gametype|doubles\n|player|p1|kuanyou|102|1305\n|player|p2|Deathku|2|1243\n|gen|9\n|tier|[Gen 9 Champions] VGC 2026 Reg M-A\n|rated|\n|rule|Species Clause: Limit one of each Pok\u00e9mon\n|rule|Item Clause: Limit 1 of each item\n|clearpoke\n|poke|p1|Kangaskhan, L50, F|\n|poke|p1|Aerodactyl, L50, M|\n|poke|p1|Garchomp, L50, M|\n|poke|p1|Basculegion, L50, M|\n|poke|p1|Sylveon, L50, M|\n|poke|p1|Incineroar, L50, F|\n|poke|p2|Torterra, L50, F|\n|poke|p2|Farigiraf, L50, F|\n|poke|p2|Charizard, L50, M|\n|poke|p2|Sylveon, L50, F|\n|poke|p2|Runerigus, L50, F|\n|poke|p2|Incineroar, L50, M|\n|teampreview|4\n|inactive|Battle timer is ON: inactive players will automatically lose when time's up. (requested by Deathku)\nkuanyou has agreed to open team sheets.\n|inactive|kuanyou has 60 seconds left.\n|\n|t:|1776432950\n|teamsize|p1|4\n|teamsize|p2|4\n|start\n|switch|p1a: Kangaskhan|Kangaskhan, L50, F|100/100\n|switch|p1b: Aerodactyl|Aerodactyl, L50, M|100/100\n|switch|p2a: Incineroar|Incineroar, L50, M|100/100\n|switch|p2b: Runerigus|Runerigus, L50, F|100/100\n|-ability|p1b: Aerodactyl|Unnerve\n|-ability|p2a: Incineroar|Intimidate|boost\n|-fail|p1a: Kangaskhan|unboost|Attack|[from] ability: Scrappy|[of] p1a: Kangaskhan\n|-unboost|p1b: Aerodactyl|atk|1\n|turn|1\n|\n|t:|1776432974\n|switch|p1b: Sylveon|Sylveon, L50, M|100/100\n|detailschange|p1a: Kangaskhan|Kangaskhan-Mega, L50, F\n|-mega|p1a: Kangaskhan|Kangaskhan|Kangaskhanite\n|move|p2a: Incineroar|Fake Out|p1b: Sylveon\n|-damage|p1b: Sylveon|91/100\n|move|p1a: Kangaskhan|Low Kick|p2a: Incineroar\n|-supereffective|p2a: Incineroar|1\n|-damage|p2a: Incineroar|51/100\n|-supereffective|p2a: Incineroar|1\n|-damage|p2a: Incineroar|38/100\n|-enditem|p2a: Incineroar|Sitrus Berry|[eat]\n|-heal|p2a: Incineroar|63/100|[from] item: Sitrus Berry\n|-hitcount|p2a: Incineroar|2\n|move|p2b: Runerigus|Will-O-Wisp|p1a: Kangaskhan\n|-status|p1a: Kangaskhan|brn\n|\n|-heal|p1b: Sylveon|97/100|[from] item: Leftovers\n|-damage|p1a: Kangaskhan|94/100 brn|[from] brn\n|upkeep\n|turn|2\n|\n|t:|1776432997\n|move|p1a: Kangaskhan|Low Kick|p2a: Incineroar\n|-supereffective|p2a: Incineroar|1\n|-damage|p2a: Incineroar|37/100\n|-supereffective|p2a: Incineroar|1\n|-damage|p2a: Incineroar|31/100\n|-hitcount|p2a: Incineroar|2\n|move|p1b: Sylveon|Calm Mind|p1b: Sylveon\n|-boost|p1b: Sylveon|spa|1\n|-boost|p1b: Sylveon|spd|1\n|move|p2a: Incineroar|Flare Blitz|p1b: Sylveon\n|-damage|p1b: Sylveon|51/100\n|-damage|p2a: Incineroar|16/100|[from] Recoil\n|move|p2b: Runerigus|Body Press|p1a: Kangaskhan\n|-supereffective|p1a: Kangaskhan|1\n|-damage|p1a: Kangaskhan|54/100 brn\n|\n|-heal|p1b: Sylveon|57/100|[from] item: Leftovers\n|-damage|p1a: Kangaskhan|48/100 brn|[from] brn\n|upkeep\n|turn|3\n|inactive|kuanyou has 30 seconds left.\n|inactive|kuanyou has 20 seconds left.\n|inactive|kuanyou has 15 seconds left.\n|\n|t:|1776433037\n|switch|p2a: Charizard|Charizard, L50, M|100/100\n|move|p1a: Kangaskhan|Low Kick|p2a: Charizard\n|-resisted|p2a: Charizard|1\n|-damage|p2a: Charizard|89/100\n|-resisted|p2a: Charizard|1\n|-damage|p2a: Charizard|87/100\n|-hitcount|p2a: Charizard|2\n|move|p1b: Sylveon|Hyper Voice|p2a: Charizard|[spread] p2a,p2b\n|-resisted|p2a: Charizard|1\n|-damage|p2a: Charizard|54/100\n|-damage|p2b: Runerigus|56/100\n|move|p2b: Runerigus|Will-O-Wisp|p1b: Sylveon|[miss]\n|-miss|p2b: Runerigus|p1b: Sylveon\n|\n|-heal|p1b: Sylveon|63/100|[from] item: Leftovers\n|-heal|p2b: Runerigus|62/100|[from] item: Leftovers\n|-damage|p1a: Kangaskhan|42/100 brn|[from] brn\n|upkeep\n|turn|4\n|inactive|Deathku has 30 seconds left.\n|\n|t:|1776433063\n|detailschange|p2a: Charizard|Charizard-Mega-Y, L50, M\n|-mega|p2a: Charizard|Charizard|Charizardite Y\n|-weather|SunnyDay|[from] ability: Drought|[of] p2a: Charizard\n|move|p1b: Sylveon|Detect|p1b: Sylveon\n|-singleturn|p1b: Sylveon|Protect\n|move|p2a: Charizard|Heat Wave|p1b: Sylveon|[spread] p1a\n|-activate|p1b: Sylveon|move: Protect\n|-damage|p1a: Kangaskhan|0 fnt\n|faint|p1a: Kangaskhan\n|move|p2b: Runerigus|Will-O-Wisp|p1b: Sylveon\n|-activate|p1b: Sylveon|move: Protect\n|\n|-weather|SunnyDay|[upkeep]\n|-heal|p1b: Sylveon|69/100|[from] item: Leftovers\n|-heal|p2b: Runerigus|68/100|[from] item: Leftovers\n|upkeep\n|\n|t:|1776433077\n|switch|p1a: Aerodactyl|Aerodactyl, L50, M|100/100\n|-ability|p1a: Aerodactyl|Unnerve\n|turn|5\n|\n|t:|1776433082\n|move|p2a: Charizard|Protect|p2a: Charizard\n|-singleturn|p2a: Charizard|Protect\n|move|p1a: Aerodactyl|Rock Slide|p2b: Runerigus|[spread] p2b\n|-activate|p2a: Charizard|move: Protect\n|-resisted|p2b: Runerigus|1\n|-damage|p2b: Runerigus|58/100\n|move|p1b: Sylveon|Hyper Voice|p2b: Runerigus|[spread] p2b\n|-activate|p2a: Charizard|move: Protect\n|-damage|p2b: Runerigus|13/100\n|cant|p2b: Runerigus|flinch\n|\n|-weather|SunnyDay|[upkeep]\n|-heal|p1b: Sylveon|75/100|[from] item: Leftovers\n|-heal|p2b: Runerigus|19/100|[from] item: Leftovers\n|upkeep\n|turn|6\n|\n|t:|1776433100\n|switch|p2a: Incineroar|Incineroar, L50, M|16/100\n|-ability|p2a: Incineroar|Intimidate|boost\n|-unboost|p1a: Aerodactyl|atk|1\n|-unboost|p1b: Sylveon|atk|1\n|move|p1a: Aerodactyl|Rock Slide|p2b: Runerigus|[spread] p2a,p2b\n|-supereffective|p2a: Incineroar|1\n|-resisted|p2b: Runerigus|1\n|-damage|p2a: Incineroar|0 fnt\n|-damage|p2b: Runerigus|13/100\n|faint|p2a: Incineroar\n|move|p1b: Sylveon|Hyper Voice|p2b: Runerigus\n|-damage|p2b: Runerigus|0 fnt\n|faint|p2b: Runerigus\n|\n|-weather|SunnyDay|[upkeep]\n|-heal|p1b: Sylveon|81/100|[from] item: Leftovers\n|upkeep\n|\n|t:|1776433112\n|switch|p2a: Charizard|Charizard-Mega-Y, L50, M|54/100\n|switch|p2b: Torterra|Torterra, L50, F|100/100\n|turn|7\n|\n|t:|1776433124\n|move|p2a: Charizard|Protect|p2a: Charizard\n|-singleturn|p2a: Charizard|Protect\n|move|p1a: Aerodactyl|Rock Slide|p2b: Torterra|[spread] p2b\n|-activate|p2a: Charizard|move: Protect\n|-resisted|p2b: Torterra|1\n|-damage|p2b: Torterra|92/100\n|move|p2b: Torterra|Shell Smash|p2b: Torterra\n|-unboost|p2b: Torterra|def|1\n|-unboost|p2b: Torterra|spd|1\n|-boost|p2b: Torterra|atk|2\n|-boost|p2b: Torterra|spa|2\n|-boost|p2b: Torterra|spe|2\n|move|p1b: Sylveon|Hyper Voice|p2a: Charizard|[spread] p2b\n|-activate|p2a: Charizard|move: Protect\n|-damage|p2b: Torterra|0 fnt\n|faint|p2b: Torterra\n|\n|-weather|SunnyDay|[upkeep]\n|-heal|p1b: Sylveon|87/100|[from] item: Leftovers\n|upkeep\n|turn|8\n|\n|t:|1776433143\n|move|p1a: Aerodactyl|Rock Slide|p2a: Charizard\n|-supereffective|p2a: Charizard|2\n|-damage|p2a: Charizard|0 fnt\n|faint|p2a: Charizard\n|\n|win|kuanyou\n|raw|kuanyou's rating: 1305 &rarr; <strong>1321</strong><br />(+16 for winning)\n|raw|Deathku's rating: 1243 &rarr; <strong>1222</strong><br />(-21 for losing)\n",
  "uploadtime": 1776433143,
  "views": 37,
  "formatid": "gen9championsvgc2026regma",
  "rating": 1222,
  "private": 0,
  "password": null
}