{
  "id": "gen9championsvgc2026regma-2586667586",
  "format": "[Gen 9 Champions] VGC 2026 Reg M-A",
  "players": [
    "SunshineCT",
    "BrabreiVGC"
  ],
  "log": "|j|\u2606SunshineCT\n|j|\u2606BrabreiVGC\n|t:|1776450621\n|gametype|doubles\n|player|p1|SunshineCT|n|1119\n|player|p2|BrabreiVGC|unknown|1171\n|gen|9\n|tier|[Gen 9 Champions] VGC 2026 Reg M-A\n|rated|\n|rule|Species Clause: Limit one of each Pok\u00e9mon\n|rule|Item Clause: Limit 1 of each item\n|clearpoke\n|poke|p1|Froslass, L50, F|\n|poke|p1|Sneasler, L50, M|\n|poke|p1|Kingambit, L50, F|\n|poke|p1|Rotom-Heat, L50|\n|poke|p1|Garchomp, L50, M|\n|poke|p1|Aerodactyl, L50, F|\n|poke|p2|Charizard, L50, M|\n|poke|p2|Venusaur, L50, F|\n|poke|p2|Incineroar, L50, M|\n|poke|p2|Garchomp, L50, M|\n|poke|p2|Rotom-Wash, L50|\n|poke|p2|Sneasler, L50, M|\n|teampreview|4\n|inactive|Battle timer is ON: inactive players will automatically lose when time's up. (requested by BrabreiVGC)\nBrabreiVGC has agreed to open team sheets.\n|inactive|SunshineCT has 60 seconds left.\n|inactive|BrabreiVGC has 60 seconds left.\n|inactive|SunshineCT has 30 seconds left.\n|\n|t:|1776450686\n|teamsize|p1|4\n|teamsize|p2|4\n|start\n|switch|p1a: Froslass|Froslass, L50, F, shiny|100/100\n|switch|p1b: Aerodactyl|Aerodactyl, L50, F|100/100\n|switch|p2a: Garchomp|Garchomp, L50, M|100/100\n|switch|p2b: Sneasler|Sneasler, L50, M|100/100\n|-ability|p1b: Aerodactyl|Unnerve\n|turn|1\n|inactive|BrabreiVGC has 30 seconds left.\n|inactive|BrabreiVGC has 20 seconds left.\n|\n|t:|1776450725\n|switch|p2a: Charizard|Charizard, L50, M|100/100\n|detailschange|p1a: Froslass|Froslass-Mega, L50, F, shiny\n|-mega|p1a: Froslass|Froslass|Froslassite\n|-weather|Snowscape|[from] ability: Snow Warning|[of] p1a: Froslass\n|move|p1b: Aerodactyl|Protect|p1b: Aerodactyl\n|-singleturn|p1b: Aerodactyl|Protect\n|move|p2b: Sneasler|Fake Out|p1b: Aerodactyl\n|-activate|p1b: Aerodactyl|move: Protect\n|move|p1a: Froslass|Blizzard|p2b: Sneasler|[spread] p2a,p2b\n|-damage|p2a: Charizard|44/100\n|-damage|p2b: Sneasler|27/100\n|\n|-weather|Snowscape|[upkeep]\n|upkeep\n|turn|2\n|inactive|SunshineCT has 30 seconds left.\n|inactive|BrabreiVGC has 30 seconds left.\n|\n|t:|1776450758\n|switch|p1a: Rotom|Rotom-Heat, L50|100/100\n|detailschange|p2a: Charizard|Charizard-Mega-Y, L50, M\n|-mega|p2a: Charizard|Charizard|Charizardite Y\n|-weather|SunnyDay|[from] ability: Drought|[of] p2a: Charizard\n|move|p2a: Charizard|Protect|p2a: Charizard\n|-singleturn|p2a: Charizard|Protect\n|move|p1b: Aerodactyl|Rock Slide|p2b: Sneasler|[spread] p2b\n|-activate|p2a: Charizard|move: Protect\n|-resisted|p2b: Sneasler|1\n|-damage|p2b: Sneasler|7/100\n|move|p2b: Sneasler|Close Combat|p1b: Aerodactyl\n|-enditem|p1b: Aerodactyl|Focus Sash\n|-damage|p1b: Aerodactyl|1/100\n|-unboost|p2b: Sneasler|def|1\n|-unboost|p2b: Sneasler|spd|1\n|-enditem|p2b: Sneasler|White Herb\n|-clearnegativeboost|p2b: Sneasler|[silent]\n|\n|-weather|SunnyDay|[upkeep]\n|upkeep\n|turn|3\n|inactive|BrabreiVGC has 30 seconds left.\n|inactive|BrabreiVGC has 20 seconds left.\n|\n|t:|1776450793\n|switch|p2a: Garchomp|Garchomp, L50, M|100/100\n|move|p2b: Sneasler|Protect|p2b: Sneasler\n|-singleturn|p2b: Sneasler|Protect\n|move|p1b: Aerodactyl|Tailwind|p1b: Aerodactyl\n|-sidestart|p1: SunshineCT|move: Tailwind\n|move|p1a: Rotom|Thunderbolt|p2a: Garchomp\n|-immune|p2a: Garchomp\n|\n|-weather|SunnyDay|[upkeep]\n|upkeep\n|turn|4\n|\n|t:|1776450816\n|switch|p1b: Garchomp|Garchomp, L50, M|100/100\n|move|p2b: Sneasler|Protect||[still]\n|-fail|p2b: Sneasler\n|move|p1a: Rotom|Will-O-Wisp|p2a: Garchomp|[miss]\n|-miss|p1a: Rotom|p2a: Garchomp\n|move|p2a: Garchomp|Rock Slide|p1a: Rotom|[spread] p1a,p1b\n|-supereffective|p1a: Rotom|1\n|-resisted|p1b: Garchomp|1\n|-damage|p1a: Rotom|51/100\n|-damage|p1b: Garchomp|90/100\n|\n|-weather|SunnyDay|[upkeep]\n|upkeep\n|turn|5\n|inactive|SunshineCT has 30 seconds left.\n|inactive|BrabreiVGC has 30 seconds left.\n|\n|t:|1776450851\n|move|p1b: Garchomp|Stone Edge|p2a: Garchomp\n|-resisted|p2a: Garchomp|1\n|-damage|p2a: Garchomp|82/100\n|move|p2b: Sneasler|Close Combat|p1a: Rotom\n|-damage|p1a: Rotom|0 fnt\n|-unboost|p2b: Sneasler|def|1\n|-unboost|p2b: Sneasler|spd|1\n|faint|p1a: Rotom\n|move|p2a: Garchomp|Dragon Claw|p1b: Garchomp\n|-supereffective|p1b: Garchomp|1\n|-damage|p1b: Garchomp|0 fnt\n|-damage|p2a: Garchomp|69/100|[from] ability: Rough Skin|[of] p1b: Garchomp\n|faint|p1b: Garchomp\n|\n|-weather|SunnyDay|[upkeep]\n|upkeep\n|\n|t:|1776450860\n|switch|p1b: Aerodactyl|Aerodactyl, L50, F|1/100\n|switch|p1a: Froslass|Froslass-Mega, L50, F, shiny|100/100\n|-ability|p1b: Aerodactyl|Unnerve\n|-weather|Snowscape|[from] ability: Snow Warning|[of] p1a: Froslass\n|turn|6\n|\n|t:|1776450868\n|move|p2b: Sneasler|Protect|p2b: Sneasler\n|-singleturn|p2b: Sneasler|Protect\n|move|p2a: Garchomp|Protect|p2a: Garchomp\n|-singleturn|p2a: Garchomp|Protect\n|move|p1b: Aerodactyl|Rock Slide|p2b: Sneasler|[spread] \n|-activate|p2a: Garchomp|move: Protect\n|-activate|p2b: Sneasler|move: Protect\n|move|p1a: Froslass|Blizzard|p2b: Sneasler|[spread] \n|-activate|p2a: Garchomp|move: Protect\n|-activate|p2b: Sneasler|move: Protect\n|\n|-weather|Snowscape|[upkeep]\n|-sideend|p1: SunshineCT|move: Tailwind\n|upkeep\n|turn|7\n|inactive|BrabreiVGC has 30 seconds left.\n|inactive|BrabreiVGC has 20 seconds left.\n|\n|t:|1776450906\n|switch|p2b: Charizard|Charizard-Mega-Y, L50, M|44/100\n|-weather|SunnyDay|[from] ability: Drought|[of] p2b: Charizard\n|move|p1b: Aerodactyl|Rock Slide|p2b: Charizard|[spread] p2a,p2b\n|-resisted|p2a: Garchomp|1\n|-supereffective|p2b: Charizard|2\n|-damage|p2a: Garchomp|56/100\n|-damage|p2b: Charizard|0 fnt\n|faint|p2b: Charizard\n|move|p1a: Froslass|Blizzard|p2a: Garchomp\n|-supereffective|p2a: Garchomp|2\n|-damage|p2a: Garchomp|0 fnt\n|faint|p2a: Garchomp\n|\n|-weather|SunnyDay|[upkeep]\n|upkeep\n|\n|t:|1776450917\n|switch|p2b: Venusaur|Venusaur, L50, F|100/100\n|switch|p2a: Sneasler|Sneasler, L50, M|7/100\n|turn|8\n|\n|t:|1776450941\n|move|p1b: Aerodactyl|Protect|p1b: Aerodactyl\n|-singleturn|p1b: Aerodactyl|Protect\n|move|p1a: Froslass|Protect|p1a: Froslass\n|-singleturn|p1a: Froslass|Protect\n|move|p2b: Venusaur|Sleep Powder|p1a: Froslass\n|-activate|p1a: Froslass|move: Protect\n|move|p2a: Sneasler|Dire Claw|p1a: Froslass\n|-activate|p1a: Froslass|move: Protect\n|\n|-weather|SunnyDay|[upkeep]\n|upkeep\n|turn|9\n|inactive|BrabreiVGC has 30 seconds left.\n|inactive|BrabreiVGC has 20 seconds left.\n|\n|t:|1776450980\n|move|p2b: Venusaur|Energy Ball|p1b: Aerodactyl\n|-damage|p1b: Aerodactyl|0 fnt\n|faint|p1b: Aerodactyl\n|move|p2a: Sneasler|Dire Claw|p1a: Froslass\n|-resisted|p1a: Froslass|1\n|-damage|p1a: Froslass|68/100\n|-status|p1a: Froslass|slp\n|cant|p1a: Froslass|slp\n|\n|-weather|SunnyDay|[upkeep]\n|upkeep\n|turn|10\n|c|\u2606SunshineCT|ggs\n|-message|SunshineCT forfeited.\n|\n|win|BrabreiVGC\n|raw|SunshineCT's rating: 1119 &rarr; <strong>1098</strong><br />(-21 for losing)\n|raw|BrabreiVGC's rating: 1171 &rarr; <strong>1192</strong><br />(+21 for winning)\n|l|\u2606SunshineCT\n|player|p1|\n",
  "uploadtime": 1776451007,
  "views": 26,
  "formatid": "gen9championsvgc2026regma",
  "rating": 1098,
  "private": 0,
  "password": null
}