{
  "id": "gen9championsvgc2026regma-2584742593",
  "format": "[Gen 9 Champions] VGC 2026 Reg M-A",
  "players": [
    "Bluemarioisahhh",
    "strami"
  ],
  "log": "|j|\u2606Bluemarioisahhh\n|j|\u2606strami\n|t:|1776280485\n|gametype|doubles\n|player|p1|Bluemarioisahhh|2|1320\n|player|p2|strami|hoopster|1428\n|gen|9\n|tier|[Gen 9 Champions] VGC 2026 Reg M-A\n|rated|\n|rule|Species Clause: Limit one of each Pok\u00e9mon\n|rule|Item Clause: Limit 1 of each item\n|clearpoke\n|poke|p1|Talonflame, L50, M|\n|poke|p1|Glimmora, L50, M|\n|poke|p1|Dragapult, L50, M|\n|poke|p1|Milotic, L50, F|\n|poke|p1|Sinistcha, L50|\n|poke|p1|Klefki, L50, M|\n|poke|p2|Scovillain, L50, M|\n|poke|p2|Primarina, L50, F|\n|poke|p2|Aerodactyl, L50, M|\n|poke|p2|Sneasler, L50, F|\n|poke|p2|Garchomp, L50, F|\n|poke|p2|Sinistcha, L50|\n|teampreview|4\n|inactive|Battle timer is ON: inactive players will automatically lose when time's up. (requested by strami)\n|inactive|Bluemarioisahhh has 60 seconds left.\n|inactive|strami has 60 seconds left.\n|\n|t:|1776280523\n|teamsize|p1|4\n|teamsize|p2|4\n|start\n|switch|p1a: Milotic|Milotic, L50, F|100/100\n|switch|p1b: Klefki|Klefki, L50, M|100/100\n|switch|p2a: Scovillain|Scovillain, L50, M, shiny|100/100\n|switch|p2b: Garchomp|Garchomp, L50, F|100/100\n|turn|1\n|inactive|Bluemarioisahhh has 30 seconds left.\n|\n|t:|1776280549\n|switch|p2b: Primarina|Primarina, L50, F, shiny|100/100\n|detailschange|p2a: Scovillain|Scovillain-Mega, L50, M, shiny\n|-mega|p2a: Scovillain|Scovillain|Scovillainite\n|move|p1b: Klefki|Light Screen|p1b: Klefki\n|-sidestart|p1: Bluemarioisahhh|move: Light Screen\n|move|p1a: Milotic|Ice Beam|p2b: Primarina\n|-resisted|p2b: Primarina|1\n|-damage|p2b: Primarina|87/100\n|move|p2a: Scovillain|Giga Drain|p1a: Milotic\n|-supereffective|p1a: Milotic|1\n|-damage|p1a: Milotic|70/100\n|\n|-heal|p1a: Milotic|76/100|[from] item: Leftovers\n|-heal|p2b: Primarina|94/100|[from] item: Leftovers\n|upkeep\n|turn|2\n|inactive|Bluemarioisahhh has 30 seconds left.\n|\n|t:|1776280580\n|move|p1b: Klefki|Foul Play|p2a: Scovillain\n|-damage|p2a: Scovillain|77/100\n|-status|p1b: Klefki|brn|[from] ability: Spicy Spray|[of] p2a: Scovillain\n|move|p1a: Milotic|Muddy Water|p2b: Primarina|[spread] p2a,p2b\n|-resisted|p2b: Primarina|1\n|-damage|p2a: Scovillain|42/100\n|-damage|p2b: Primarina|80/100\n|-unboost|p2b: Primarina|accuracy|1\n|-status|p1a: Milotic|brn|[from] ability: Spicy Spray|[of] p2a: Scovillain\n|move|p2b: Primarina|Calm Mind|p2b: Primarina\n|-boost|p2b: Primarina|spa|1\n|-boost|p2b: Primarina|spd|1\n|move|p2a: Scovillain|Flamethrower|p1b: Klefki\n|-supereffective|p1b: Klefki|1\n|-damage|p1b: Klefki|32/100 brn\n|\n|-heal|p1a: Milotic|82/100 brn|[from] item: Leftovers\n|-heal|p2b: Primarina|86/100|[from] item: Leftovers\n|-damage|p1b: Klefki|25/100 brn|[from] brn\n|-damage|p1a: Milotic|76/100 brn|[from] brn\n|upkeep\n|turn|3\n|inactive|strami has 30 seconds left.\n|\n|t:|1776280605\n|move|p1b: Klefki|Reflect|p1b: Klefki\n|-sidestart|p1: Bluemarioisahhh|Reflect\n|move|p1a: Milotic|Muddy Water|p2b: Primarina|[spread] p2a\n|-miss|p1a: Milotic|p2b: Primarina\n|-damage|p2a: Scovillain|9/100\n|move|p2a: Scovillain|Giga Drain|p1a: Milotic\n|-supereffective|p1a: Milotic|1\n|-damage|p1a: Milotic|43/100 brn\n|-heal|p2a: Scovillain|29/100|[from] drain|[of] p1a: Milotic\n|move|p2b: Primarina|Calm Mind|p2b: Primarina\n|-boost|p2b: Primarina|spa|1\n|-boost|p2b: Primarina|spd|1\n|\n|-heal|p1a: Milotic|49/100 brn|[from] item: Leftovers\n|-heal|p2b: Primarina|93/100|[from] item: Leftovers\n|-damage|p1b: Klefki|19/100 brn|[from] brn\n|-damage|p1a: Milotic|43/100 brn|[from] brn\n|upkeep\n|turn|4\n|\n|t:|1776280624\n|move|p2a: Scovillain|Protect|p2a: Scovillain\n|-singleturn|p2a: Scovillain|Protect\n|move|p1b: Klefki|Sunny Day|p1b: Klefki\n|-weather|SunnyDay\n|move|p1a: Milotic|Muddy Water|p2b: Primarina|[spread] p2b\n|-activate|p2a: Scovillain|move: Protect\n|-resisted|p2b: Primarina|1\n|-crit|p2b: Primarina\n|-damage|p2b: Primarina|82/100\n|move|p2b: Primarina|Moonblast|p1a: Milotic\n|-damage|p1a: Milotic|0 fnt\n|faint|p1a: Milotic\n|\n|-weather|SunnyDay|[upkeep]\n|-heal|p2b: Primarina|89/100|[from] item: Leftovers\n|-damage|p1b: Klefki|13/100 brn|[from] brn\n|upkeep\n|\n|t:|1776280627\n|switch|p1a: Glimmora|Glimmora, L50, M|100/100\n|turn|5\n|inactive|Bluemarioisahhh has 30 seconds left.\n|\n|t:|1776280659\n|switch|p1b: Dragapult|Dragapult, L50, M|100/100\n|detailschange|p1a: Glimmora|Glimmora-Mega, L50, M\n|-mega|p1a: Glimmora|Glimmora|Glimmoranite\n|move|p2b: Primarina|Protect|p2b: Primarina\n|-singleturn|p2b: Primarina|Protect\n|move|p1a: Glimmora|Sludge Bomb|p2b: Primarina\n|-activate|p2b: Primarina|move: Protect\n|move|p2a: Scovillain|Giga Drain|p1a: Glimmora\n|-damage|p1a: Glimmora|72/100\n|-heal|p2a: Scovillain|42/100|[from] drain|[of] p1a: Glimmora\n|\n|-weather|SunnyDay|[upkeep]\n|-heal|p2b: Primarina|95/100|[from] item: Leftovers\n|-sideend|p1: Bluemarioisahhh|move: Light Screen\n|upkeep\n|turn|6\n|\n|t:|1776280681\n|switch|p2b: Garchomp|Garchomp, L50, F|100/100\n|move|p2a: Scovillain|Rage Powder|p2a: Scovillain\n|-singleturn|p2a: Scovillain|move: Rage Powder\n|move|p1b: Dragapult|Dragon Darts|p2a: Scovillain\n|-damage|p2a: Scovillain|20/100\n|-status|p1b: Dragapult|brn|[from] ability: Spicy Spray|[of] p2a: Scovillain\n|-anim|p1b: Dragapult|Dragon Darts|p2a: Scovillain\n|-damage|p2a: Scovillain|7/100\n|move|p1a: Glimmora|Sludge Bomb|p2a: Scovillain\n|-supereffective|p2a: Scovillain|1\n|-damage|p2a: Scovillain|0 fnt\n|-status|p1a: Glimmora|brn|[from] ability: Spicy Spray|[of] p2a: Scovillain\n|faint|p2a: Scovillain\n|\n|-weather|SunnyDay|[upkeep]\n|-damage|p1b: Dragapult|94/100 brn|[from] brn\n|-damage|p1a: Glimmora|66/100 brn|[from] brn\n|upkeep\n|\n|t:|1776280693\n|switch|p2a: Aerodactyl|Aerodactyl, L50, M|100/100\n|turn|7\n|-message|Bluemarioisahhh forfeited.\n|\n|win|strami\n|raw|Bluemarioisahhh's rating: 1320 &rarr; <strong>1306</strong><br />(-14 for losing)\n|raw|strami's rating: 1428 &rarr; <strong>1442</strong><br />(+14 for winning)\n|l|\u2606Bluemarioisahhh\n|player|p1|\n",
  "uploadtime": 1776280708,
  "views": 31,
  "formatid": "gen9championsvgc2026regma",
  "rating": 1306,
  "private": 0,
  "password": null
}