{
  "id": "gen9championsvgc2026regma-2585385839",
  "format": "[Gen 9 Champions] VGC 2026 Reg M-A",
  "players": [
    "Janiux",
    "notthea"
  ],
  "log": "|j|\u2606Janiux\n|j|\u2606notthea\n|t:|1776343382\n|gametype|doubles\n|player|p1|Janiux|policeman-gen4|1045\n|player|p2|notthea|102|1058\n|gen|9\n|tier|[Gen 9 Champions] VGC 2026 Reg M-A\n|rated|\n|rule|Species Clause: Limit one of each Pok\u00e9mon\n|rule|Item Clause: Limit 1 of each item\n|clearpoke\n|poke|p1|Incineroar, L50, M|\n|poke|p1|Manectric, L50, M|\n|poke|p1|Basculegion, L50, M|\n|poke|p1|Hydrapple, L50, F|\n|poke|p1|Aegislash, L50, F|\n|poke|p1|Lucario, L50, M|\n|poke|p2|Archaludon, L50, F|\n|poke|p2|Sylveon, L50, M|\n|poke|p2|Aerodactyl, L50, F|\n|poke|p2|Froslass, L50, F|\n|poke|p2|Typhlosion-Hisui, L50, M|\n|poke|p2|Hawlucha, L50, F|\n|teampreview|4\n|inactive|Battle timer is ON: inactive players will automatically lose when time's up. (requested by Janiux)\nJaniux has agreed to open team sheets.\n|inactive|notthea has 60 seconds left.\n|\n|t:|1776343421\n|teamsize|p1|4\n|teamsize|p2|4\n|start\n|switch|p1a: Incineroar|Incineroar, L50, M|100/100\n|switch|p1b: Basculegion|Basculegion, L50, M|100/100\n|switch|p2a: Froslass|Froslass, L50, F|100/100\n|switch|p2b: Hawlucha|Hawlucha, L50, F|100/100\n|-ability|p1a: Incineroar|Intimidate|boost\n|-unboost|p2a: Froslass|atk|1\n|-unboost|p2b: Hawlucha|atk|1\n|-enditem|p2b: Hawlucha|White Herb\n|-clearnegativeboost|p2b: Hawlucha|[silent]\n|turn|1\n|\n|t:|1776343433\n|detailschange|p2a: Froslass|Froslass-Mega, L50, F\n|-mega|p2a: Froslass|Froslass|Froslassite\n|-weather|Snowscape|[from] ability: Snow Warning|[of] p2a: Froslass\n|move|p2b: Hawlucha|Protect|p2b: Hawlucha\n|-singleturn|p2b: Hawlucha|Protect\n|move|p1a: Incineroar|Fake Out|p2b: Hawlucha\n|-activate|p2b: Hawlucha|move: Protect\n|move|p1b: Basculegion|Flip Turn|p2b: Hawlucha\n|-activate|p2b: Hawlucha|move: Protect\n|move|p2a: Froslass|Shadow Ball|p1b: Basculegion\n|-supereffective|p1b: Basculegion|1\n|-damage|p1b: Basculegion|0 fnt\n|faint|p1b: Basculegion\n|\n|-weather|Snowscape|[upkeep]\n|upkeep\n|\n|t:|1776343439\n|switch|p1b: Manectric|Manectric, L50, M|100/100\n|turn|2\n|\n|t:|1776343450\n|detailschange|p1b: Manectric|Manectric-Mega, L50, M\n|-mega|p1b: Manectric|Manectric|Manectite\n|-ability|p1b: Manectric|Intimidate|boost\n|-unboost|p2a: Froslass|atk|1\n|-unboost|p2b: Hawlucha|atk|1\n|move|p2b: Hawlucha|Close Combat|p1a: Incineroar\n|-supereffective|p1a: Incineroar|1\n|-damage|p1a: Incineroar|41/100\n|-unboost|p2b: Hawlucha|def|1\n|-unboost|p2b: Hawlucha|spd|1\n|-enditem|p1a: Incineroar|Sitrus Berry|[eat]\n|-heal|p1a: Incineroar|66/100|[from] item: Sitrus Berry\n|move|p1b: Manectric|Volt Switch|p2b: Hawlucha\n|-supereffective|p2b: Hawlucha|1\n|-damage|p2b: Hawlucha|0 fnt\n|faint|p2b: Hawlucha\n|\n|t:|1776343461\n|switch|p1b: Lucario|Lucario, L50, M|100/100|[from] Volt Switch\n|move|p2a: Froslass|Aurora Veil|p2a: Froslass\n|-sidestart|p2: notthea|move: Aurora Veil\n|move|p1a: Incineroar|Parting Shot|p2a: Froslass\n|-unboost|p2a: Froslass|atk|1\n|-unboost|p2a: Froslass|spa|1\n|\n|t:|1776343463\n|switch|p1a: Manectric|Manectric-Mega, L50, M|100/100|[from] Parting Shot\n|-ability|p1a: Manectric|Intimidate|boost\n|-unboost|p2a: Froslass|atk|1\n|\n|-weather|Snowscape|[upkeep]\n|upkeep\n|\n|t:|1776343469\n|switch|p2b: Typhlosion|Typhlosion-Hisui, L50, M|100/100\n|-item|p1a: Manectric|Manectite|[from] ability: Frisk|[of] p2b: Typhlosion\n|-item|p1b: Lucario|Focus Sash|[from] ability: Frisk|[of] p2b: Typhlosion\n|turn|3\n|\n|t:|1776343485\n|move|p1a: Manectric|Protect|p1a: Manectric\n|-singleturn|p1a: Manectric|Protect\n|move|p1b: Lucario|Bullet Punch|p2a: Froslass\n|-supereffective|p2a: Froslass|1\n|-damage|p2a: Froslass|76/100\n|move|p2b: Typhlosion|Eruption|p1b: Lucario|[spread] p1b\n|-activate|p1a: Manectric|move: Protect\n|-supereffective|p1b: Lucario|1\n|-enditem|p1b: Lucario|Focus Sash\n|-damage|p1b: Lucario|1/100\n|move|p2a: Froslass|Shadow Ball|p1a: Manectric\n|-activate|p1a: Manectric|move: Protect\n|\n|-weather|Snowscape|[upkeep]\n|upkeep\n|turn|4\n|\n|t:|1776343506\n|move|p1b: Lucario|Bullet Punch|p2b: Typhlosion\n|-resisted|p2b: Typhlosion|1\n|-damage|p2b: Typhlosion|92/100\n|move|p2b: Typhlosion|Eruption|p1a: Manectric|[spread] p1a,p1b\n|-supereffective|p1b: Lucario|1\n|-damage|p1a: Manectric|16/100\n|-damage|p1b: Lucario|0 fnt\n|faint|p1b: Lucario\n|move|p1a: Manectric|Volt Switch|p2b: Typhlosion\n|-damage|p2b: Typhlosion|56/100\n|\n|t:|1776343511\n|switch|p1a: Incineroar|Incineroar, L50, M|66/100|[from] Volt Switch\n|-ability|p1a: Incineroar|Intimidate|boost\n|-unboost|p2a: Froslass|atk|1\n|-unboost|p2b: Typhlosion|atk|1\n|move|p2a: Froslass|Shadow Ball|p1a: Incineroar\n|-resisted|p1a: Incineroar|1\n|-damage|p1a: Incineroar|52/100\n|\n|-weather|Snowscape|[upkeep]\n|upkeep\n|\n|t:|1776343513\n|switch|p1b: Manectric|Manectric-Mega, L50, M|16/100\n|-ability|p1b: Manectric|Intimidate|boost\n|-unboost|p2a: Froslass|atk|1\n|-unboost|p2b: Typhlosion|atk|1\n|turn|5\n|\n|t:|1776343521\n|switch|p2b: Sylveon|Sylveon, L50, M|100/100\n|move|p1b: Manectric|Thunderbolt|p2b: Sylveon\n|-damage|p2b: Sylveon|76/100\n|move|p2a: Froslass|Blizzard|p1b: Manectric|[spread] p1a,p1b\n|-resisted|p1a: Incineroar|1\n|-damage|p1a: Incineroar|39/100\n|-damage|p1b: Manectric|0 fnt\n|faint|p1b: Manectric\n|move|p1a: Incineroar|Flare Blitz|p2a: Froslass\n|-supereffective|p2a: Froslass|1\n|-damage|p2a: Froslass|0 fnt\n|faint|p2a: Froslass\n|-damage|p1a: Incineroar|21/100|[from] Recoil\n|\n|-weather|none\n|upkeep\n|\n|t:|1776343524\n|switch|p2a: Typhlosion|Typhlosion-Hisui, L50, M|56/100\n|turn|6\n|\n|t:|1776343529\n|move|p2a: Typhlosion|Shadow Ball|p1a: Incineroar\n|-resisted|p1a: Incineroar|1\n|-damage|p1a: Incineroar|2/100\n|-unboost|p1a: Incineroar|spd|1\n|move|p1a: Incineroar|Flare Blitz|p2b: Sylveon\n|-damage|p2b: Sylveon|42/100\n|-status|p2b: Sylveon|brn\n|-damage|p1a: Incineroar|0 fnt|[from] Recoil\n|faint|p1a: Incineroar\n|\n|win|notthea\n|raw|Janiux's rating: 1045 &rarr; <strong>1029</strong><br />(-16 for losing)\n|raw|notthea's rating: 1058 &rarr; <strong>1088</strong><br />(+30 for winning)\n",
  "uploadtime": 1776343537,
  "views": 19,
  "formatid": "gen9championsvgc2026regma",
  "rating": 1029,
  "private": 0,
  "password": null
}