{
  "id": "gen9championsvgc2026regma-2581286465",
  "format": "[Gen 9 Champions] VGC 2026 Reg M-A",
  "players": [
    "lemond",
    "fusesrt"
  ],
  "log": "|j|\u2606lemond\n|j|\u2606fusesrt\n|t:|1775981507\n|gametype|doubles\n|player|p1|lemond|102|1317\n|player|p2|fusesrt|266|1257\n|gen|9\n|tier|[Gen 9 Champions] VGC 2026 Reg M-A\n|rated|\n|rule|Species Clause: Limit one of each Pok\u00e9mon\n|rule|Item Clause: Limit 1 of each item\n|clearpoke\n|poke|p1|Tyranitar, L50, M|\n|poke|p1|Excadrill, L50, F|\n|poke|p1|Gyarados, L50, M|\n|poke|p1|Gardevoir, L50, F|\n|poke|p1|Sinistcha, L50|\n|poke|p1|Rotom-Heat, L50|\n|poke|p2|Kingambit, L50, F|\n|poke|p2|Froslass, L50, F|\n|poke|p2|Glimmora, L50, F|\n|poke|p2|Sinistcha-Masterpiece, L50|\n|poke|p2|Garchomp, L50, F|\n|poke|p2|Rotom-Frost, L50|\n|teampreview|4\n|inactive|Battle timer is ON: inactive players will automatically lose when time's up. (requested by lemond)\n|j| gE1xjZRtuhW2DdT0AK\n|inactive|lemond has 60 seconds left.\n|\n|t:|1775981550\n|teamsize|p1|4\n|teamsize|p2|4\n|start\n|switch|p1a: Excadrill|Excadrill, L50, F|100/100\n|switch|p1b: Rotom|Rotom-Heat, L50|100/100\n|switch|p2a: Glimmora|Glimmora, L50, F|100/100\n|switch|p2b: Kingambit|Kingambit, L50, F|100/100\n|turn|1\n|\n|t:|1775981561\n|move|p2b: Kingambit|Protect|p2b: Kingambit\n|-singleturn|p2b: Kingambit|Protect\n|move|p1b: Rotom|Overheat|p2b: Kingambit\n|-activate|p2b: Kingambit|move: Protect\n|move|p1a: Excadrill|Earthquake|p2a: Glimmora|[spread] p2a\n|-activate|p2b: Kingambit|move: Protect\n|-immune|p1b: Rotom|[from] ability: Levitate\n|-supereffective|p2a: Glimmora|2\n|-enditem|p2a: Glimmora|Focus Sash\n|-damage|p2a: Glimmora|1/100\n|-activate|p2a: Glimmora|ability: Toxic Debris\n|-sidestart|p1: lemond|move: Toxic Spikes\n|move|p2a: Glimmora|Earth Power|p1a: Excadrill\n|-supereffective|p1a: Excadrill|1\n|-damage|p1a: Excadrill|10/100\n|-unboost|p1a: Excadrill|spd|1\n|\n|upkeep\n|turn|2\n|\n|t:|1775981580\n|move|p2b: Kingambit|Sucker Punch|p1a: Excadrill\n|-damage|p1a: Excadrill|0 fnt\n|faint|p1a: Excadrill\n|move|p1b: Rotom|Overheat|p2b: Kingambit\n|-supereffective|p2b: Kingambit|1\n|-damage|p2b: Kingambit|0 fnt\n|-unboost|p1b: Rotom|spa|2\n|faint|p2b: Kingambit\n|move|p2a: Glimmora|Power Gem|p1b: Rotom\n|-supereffective|p1b: Rotom|1\n|-damage|p1b: Rotom|0 fnt\n|faint|p1b: Rotom\n|\n|upkeep\n|\n|t:|1775981594\n|switch|p1a: Tyranitar|Tyranitar, L50, M|100/100\n|switch|p1b: Gyarados|Gyarados, L50, M|100/100\n|switch|p2b: Froslass|Froslass, L50, F|100/100\n|-status|p1a: Tyranitar|psn\n|-weather|Sandstorm|[from] ability: Sand Stream|[of] p1a: Tyranitar\n|-ability|p1b: Gyarados|Intimidate|boost\n|-unboost|p2a: Glimmora|atk|1\n|-unboost|p2b: Froslass|atk|1\n|turn|3\n|inactive|lemond has 30 seconds left.\n|inactive|lemond has 20 seconds left.\n|inactive|lemond has 15 seconds left.\n|inactive|lemond has 10 seconds left.\n|\n|t:|1775981641\n|detailschange|p1a: Tyranitar|Tyranitar-Mega, L50, M\n|-mega|p1a: Tyranitar|Tyranitar|Tyranitarite\n|move|p2b: Froslass|Protect|p2b: Froslass\n|-singleturn|p2b: Froslass|Protect\n|move|p1a: Tyranitar|Protect|p1a: Tyranitar\n|-singleturn|p1a: Tyranitar|Protect\n|move|p2a: Glimmora|Power Gem|p1b: Gyarados\n|-supereffective|p1b: Gyarados|1\n|-damage|p1b: Gyarados|37/100\n|move|p1b: Gyarados|Waterfall|p2a: Glimmora\n|-supereffective|p2a: Glimmora|1\n|-damage|p2a: Glimmora|0 fnt\n|-activate|p2a: Glimmora|ability: Toxic Debris\n|-sidestart|p1: lemond|move: Toxic Spikes\n|faint|p2a: Glimmora\n|\n|-weather|Sandstorm|[upkeep]\n|-damage|p2b: Froslass|94/100|[from] Sandstorm\n|-damage|p1b: Gyarados|31/100|[from] Sandstorm\n|-heal|p1b: Gyarados|37/100|[from] item: Leftovers\n|-damage|p1a: Tyranitar|88/100 psn|[from] psn\n|upkeep\n|\n|t:|1775981653\n|switch|p2a: Rotom|Rotom-Frost, L50|100/100\n|turn|4\n|\n|t:|1775981671\n|detailschange|p2b: Froslass|Froslass-Mega, L50, F\n|-mega|p2b: Froslass|Froslass|Froslassite\n|-weather|Snowscape|[from] ability: Snow Warning|[of] p2b: Froslass\n|move|p1b: Gyarados|Protect|p1b: Gyarados\n|-singleturn|p1b: Gyarados|Protect\n|move|p2a: Rotom|Blizzard|p1a: Tyranitar|[spread] p1a\n|-activate|p1b: Gyarados|move: Protect\n|-crit|p1a: Tyranitar\n|-damage|p1a: Tyranitar|34/100 psn\n|move|p2b: Froslass|Aurora Veil|p2b: Froslass\n|-sidestart|p2: fusesrt|move: Aurora Veil\n|move|p1a: Tyranitar|Rock Slide|p2b: Froslass|[spread] p2a,p2b\n|-supereffective|p2a: Rotom|1\n|-supereffective|p2b: Froslass|1\n|-damage|p2a: Rotom|63/100\n|-damage|p2b: Froslass|43/100\n|\n|-weather|Snowscape|[upkeep]\n|-heal|p1b: Gyarados|43/100|[from] item: Leftovers\n|-damage|p1a: Tyranitar|21/100 psn|[from] psn\n|upkeep\n|turn|5\n|\n|t:|1775981691\n|move|p2a: Rotom|Blizzard|p1b: Gyarados|[spread] p1a,p1b\n|-damage|p1a: Tyranitar|0 fnt\n|-damage|p1b: Gyarados|13/100\n|faint|p1a: Tyranitar\n|move|p2b: Froslass|Blizzard|p1b: Gyarados\n|-damage|p1b: Gyarados|0 fnt\n|faint|p1b: Gyarados\n|\n|win|fusesrt\n|raw|lemond's rating: 1317 &rarr; <strong>1294</strong><br />(-23 for losing)\n|raw|fusesrt's rating: 1257 &rarr; <strong>1286</strong><br />(+29 for winning)\n|l|\u2606lemond\n|player|p1|\n|l|\u2606fusesrt\n|player|p2|\n",
  "uploadtime": 1775981715,
  "views": 21,
  "formatid": "gen9championsvgc2026regma",
  "rating": 1286,
  "private": 0,
  "password": null
}