{
  "id": "gen9championsvgc2026regma-2583048425",
  "format": "[Gen 9 Champions] VGC 2026 Reg M-A",
  "players": [
    "Dremtrin",
    "wrjisami"
  ],
  "log": "|j|\u203dDremtrin\n|j|\u2606wrjisami\n|t:|1776136548\n|gametype|doubles\n|player|p1|Dremtrin|1|1181\n|player|p2|wrjisami|170|1125\n|gen|9\n|tier|[Gen 9 Champions] VGC 2026 Reg M-A\n|rated|\n|rule|Species Clause: Limit one of each Pok\u00e9mon\n|rule|Item Clause: Limit 1 of each item\n|clearpoke\n|poke|p1|Camerupt, L50, M|\n|poke|p1|Torkoal, L50, M|\n|poke|p1|Sinistcha, L50|\n|poke|p1|Sableye, L50, F|\n|poke|p1|Hatterene, L50, F|\n|poke|p1|Araquanid, L50, M|\n|poke|p2|Gengar, L50, M|\n|poke|p2|Incineroar, L50, F|\n|poke|p2|Politoed, L50, M|\n|poke|p2|Archaludon, L50, M|\n|poke|p2|Blastoise, L50, M|\n|poke|p2|Sinistcha, L50|\n|teampreview|4\n|inactive|Battle timer is ON: inactive players will automatically lose when time's up. (requested by wrjisami)\n|inactive|Dremtrin has 60 seconds left.\n|inactive|wrjisami has 60 seconds left.\n|\n|t:|1776136595\n|teamsize|p1|4\n|teamsize|p2|4\n|start\n|switch|p1a: Sinistcha|Sinistcha, L50|100/100\n|switch|p1b: Camerupt|Camerupt, L50, M|100/100\n|switch|p2a: Gengar|Gengar, L50, M|100/100\n|switch|p2b: Incineroar|Incineroar, L50, F|100/100\n|-ability|p2b: Incineroar|Intimidate|boost\n|-unboost|p1a: Sinistcha|atk|1\n|-unboost|p1b: Camerupt|atk|1\n|turn|1\n|\n|t:|1776136608\n|detailschange|p2a: Gengar|Gengar-Mega, L50, M\n|-mega|p2a: Gengar|Gengar|Gengarite\n|move|p1a: Sinistcha|Protect|p1a: Sinistcha\n|-singleturn|p1a: Sinistcha|Protect\n|move|p1b: Camerupt|Protect|p1b: Camerupt\n|-singleturn|p1b: Camerupt|Protect\n|move|p2b: Incineroar|Fake Out|p1b: Camerupt\n|-activate|p1b: Camerupt|move: Protect\n|move|p2a: Gengar|Shadow Ball|p1a: Sinistcha\n|-activate|p1a: Sinistcha|move: Protect\n|\n|upkeep\n|turn|2\n|\n|t:|1776136633\n|switch|p2a: Blastoise|Blastoise, L50, M|100/100\n|detailschange|p1b: Camerupt|Camerupt-Mega, L50, M\n|-mega|p1b: Camerupt|Camerupt|Cameruptite\n|move|p2b: Incineroar|Parting Shot|p1b: Camerupt\n|-unboost|p1b: Camerupt|atk|1\n|-unboost|p1b: Camerupt|spa|1\n|\n|t:|1776136644\n|switch|p2b: Politoed|Politoed, L50, M|100/100|[from] Parting Shot\n|-weather|RainDance|[from] ability: Drizzle|[of] p2b: Politoed\n|move|p1b: Camerupt|Earth Power|p2a: Blastoise\n|-crit|p2a: Blastoise\n|-damage|p2a: Blastoise|3/100\n|move|p1a: Sinistcha|Trick Room|p1a: Sinistcha\n|-fieldstart|move: Trick Room|[of] p1a: Sinistcha\n|\n|-weather|RainDance|[upkeep]\n|-heal|p2a: Blastoise|9/100|[from] ability: Rain Dish\n|upkeep\n|turn|3\n|inactive|wrjisami has 30 seconds left.\n|\n|t:|1776136676\n|move|p1b: Camerupt|Earth Power|p2b: Politoed\n|-damage|p2b: Politoed|65/100\n|move|p1a: Sinistcha|Matcha Gotcha|p2b: Politoed|[spread] p2b\n|-miss|p1a: Sinistcha|p2a: Blastoise\n|-supereffective|p2b: Politoed|1\n|-damage|p2b: Politoed|22/100\n|move|p2b: Politoed|Perish Song|p2b: Politoed\n|-start|p1a: Sinistcha|perish3|[silent]\n|-start|p1b: Camerupt|perish3|[silent]\n|-start|p2a: Blastoise|perish3|[silent]\n|-start|p2b: Politoed|perish3|[silent]\n|-fieldactivate|move: Perish Song\n|move|p2a: Blastoise|Flip Turn|p1b: Camerupt\n|-supereffective|p1b: Camerupt|2\n|-damage|p1b: Camerupt|0 fnt\n|faint|p1b: Camerupt\n|\n|t:|1776136690\n|switch|p2a: Gengar|Gengar-Mega, L50, M|100/100|[from] Flip Turn\n|\n|-weather|RainDance|[upkeep]\n|-heal|p2b: Politoed|28/100|[from] item: Leftovers\n|-start|p1a: Sinistcha|perish3\n|-start|p2b: Politoed|perish3\n|upkeep\n|\n|t:|1776136696\n|switch|p1b: Hatterene|Hatterene, L50, F|100/100\n|turn|4\n|\n|t:|1776136718\n|switch|p2b: Incineroar|Incineroar, L50, F|100/100\n|-ability|p2b: Incineroar|Intimidate|boost\n|-unboost|p1a: Sinistcha|atk|1\n|-unboost|p1b: Hatterene|atk|1\n|move|p2a: Gengar|Protect|p2a: Gengar\n|-singleturn|p2a: Gengar|Protect\n|move|p1b: Hatterene|Psychic|p2a: Gengar\n|-activate|p2a: Gengar|move: Protect\n|move|p1a: Sinistcha|Matcha Gotcha|p2b: Incineroar|[spread] p2b\n|-activate|p2a: Gengar|move: Protect\n|-resisted|p2b: Incineroar|1\n|-damage|p2b: Incineroar|91/100\n|\n|-weather|RainDance|[upkeep]\n|-start|p1a: Sinistcha|perish2\n|upkeep\n|turn|5\n|\n|t:|1776136742\n|switch|p1a: Sableye|Sableye, L50, F|100/100\n|move|p1b: Hatterene|Protect|p1b: Hatterene\n|-singleturn|p1b: Hatterene|Protect\n|move|p2b: Incineroar|Fake Out|p1b: Hatterene\n|-activate|p1b: Hatterene|move: Protect\n|move|p2a: Gengar|Perish Song|p2a: Gengar\n|-start|p1a: Sableye|perish3|[silent]\n|-start|p1b: Hatterene|perish3|[silent]\n|-start|p2a: Gengar|perish3|[silent]\n|-start|p2b: Incineroar|perish3|[silent]\n|-fieldactivate|move: Perish Song\n|\n|-weather|RainDance|[upkeep]\n|-start|p1b: Hatterene|perish3\n|-start|p1a: Sableye|perish3\n|-start|p2b: Incineroar|perish3\n|-start|p2a: Gengar|perish3\n|upkeep\n|turn|6\n|inactive|Dremtrin has 30 seconds left.\n|inactive|wrjisami has 30 seconds left.\n|inactive|Dremtrin has 20 seconds left.\n|inactive|Dremtrin has 15 seconds left.\n|inactive|wrjisami has 20 seconds left.\n|inactive|Dremtrin has 10 seconds left.\n|\n|t:|1776136789\n|move|p2b: Incineroar|Protect|p2b: Incineroar\n|-singleturn|p2b: Incineroar|Protect\n|move|p2a: Gengar|Protect|p2a: Gengar\n|-singleturn|p2a: Gengar|Protect\n|move|p1b: Hatterene|Psychic|p2a: Gengar\n|-activate|p2a: Gengar|move: Protect\n|move|p1a: Sableye|Foul Play|p2b: Incineroar\n|-activate|p2b: Incineroar|move: Protect\n|\n|-weather|none\n|-start|p1b: Hatterene|perish2\n|-start|p1a: Sableye|perish2\n|-start|p2b: Incineroar|perish2\n|-start|p2a: Gengar|perish2\n|-fieldend|move: Trick Room\n|upkeep\n|turn|7\n|inactive|wrjisami has 30 seconds left.\n|\n|t:|1776136824\n|switch|p2b: Blastoise|Blastoise, L50, M|9/100\n|move|p1a: Sableye|Quash|p2a: Gengar\n|-activate|p2a: Gengar|move: Quash\n|move|p1b: Hatterene|Psychic|p2a: Gengar\n|-supereffective|p2a: Gengar|1\n|-damage|p2a: Gengar|0 fnt\n|faint|p2a: Gengar\n|\n|-start|p1a: Sableye|perish1\n|-start|p1b: Hatterene|perish1\n|upkeep\n|\n|t:|1776136848\n|switch|p2a: Politoed|Politoed, L50, M|28/100\n|-weather|RainDance|[from] ability: Drizzle|[of] p2a: Politoed\n|turn|8\n|\n|t:|1776136858\n|switch|p1b: Sinistcha|Sinistcha, L50|100/100\n|move|p2b: Blastoise|Protect|p2b: Blastoise\n|-singleturn|p2b: Blastoise|Protect\n|move|p2a: Politoed|Protect|p2a: Politoed\n|-singleturn|p2a: Politoed|Protect\n|move|p1a: Sableye|Will-O-Wisp|p2b: Blastoise\n|-activate|p2b: Blastoise|move: Protect\n|\n|-weather|RainDance|[upkeep]\n|-heal|p2b: Blastoise|15/100|[from] ability: Rain Dish\n|-heal|p2a: Politoed|35/100|[from] item: Leftovers\n|-start|p1a: Sableye|perish0\n|faint|p1a: Sableye\n|upkeep\n|\n|t:|1776136863\n|switch|p1a: Hatterene|Hatterene, L50, F|100/100\n|turn|9\n|\n|t:|1776136882\n|move|p1a: Hatterene|Protect|p1a: Hatterene\n|-singleturn|p1a: Hatterene|Protect\n|move|p2b: Blastoise|Life Dew|p2b: Blastoise|[spread] p2a,p2b\n|-heal|p2a: Politoed|59/100\n|-heal|p2b: Blastoise|40/100\n|move|p2a: Politoed|Perish Song|p2a: Politoed\n|-start|p1a: Hatterene|perish3|[silent]\n|-start|p1b: Sinistcha|perish3|[silent]\n|-start|p2a: Politoed|perish3|[silent]\n|-start|p2b: Blastoise|perish3|[silent]\n|-fieldactivate|move: Perish Song\n|move|p1b: Sinistcha|Trick Room|p1b: Sinistcha\n|-fieldstart|move: Trick Room|[of] p1b: Sinistcha\n|\n|-weather|RainDance|[upkeep]\n|-heal|p2b: Blastoise|46/100|[from] ability: Rain Dish\n|-heal|p2a: Politoed|65/100|[from] item: Leftovers\n|-start|p1a: Hatterene|perish3\n|-start|p1b: Sinistcha|perish3\n|-start|p2a: Politoed|perish3\n|-start|p2b: Blastoise|perish3\n|upkeep\n|turn|10\n|inactive|wrjisami has 30 seconds left.\n|inactive|wrjisami has 20 seconds left.\n|\n|t:|1776136919\n|switch|p2b: Incineroar|Incineroar, L50, F|91/100\n|-ability|p2b: Incineroar|Intimidate|boost\n|-unboost|p1a: Hatterene|atk|1\n|-unboost|p1b: Sinistcha|atk|1\n|move|p2a: Politoed|Protect|p2a: Politoed\n|-singleturn|p2a: Politoed|Protect\n|move|p1a: Hatterene|Dazzling Gleam|p2a: Politoed|[spread] p2b\n|-activate|p2a: Politoed|move: Protect\n|-damage|p2b: Incineroar|64/100\n|move|p1b: Sinistcha|Matcha Gotcha|p2b: Incineroar|[spread] p2b\n|-activate|p2a: Politoed|move: Protect\n|-resisted|p2b: Incineroar|1\n|-damage|p2b: Incineroar|54/100\n|\n|-weather|RainDance|[upkeep]\n|-heal|p2a: Politoed|72/100|[from] item: Leftovers\n|-start|p1a: Hatterene|perish2\n|-start|p1b: Sinistcha|perish2\n|-start|p2a: Politoed|perish2\n|upkeep\n|turn|11\n|inactive|wrjisami has 30 seconds left.\n|\n|t:|1776136949\n|switch|p2a: Blastoise|Blastoise, L50, M|46/100\n|move|p2b: Incineroar|Fake Out|p1a: Hatterene\n|-damage|p1a: Hatterene|88/100\n|cant|p1a: Hatterene|flinch\n|move|p1b: Sinistcha|Matcha Gotcha|p2b: Incineroar|[spread] p2a,p2b\n|-supereffective|p2a: Blastoise|1\n|-resisted|p2b: Incineroar|1\n|-damage|p2a: Blastoise|3/100\n|-damage|p2b: Incineroar|45/100\n|-enditem|p2b: Incineroar|Sitrus Berry|[eat]\n|-heal|p2b: Incineroar|69/100|[from] item: Sitrus Berry\n|\n|-weather|RainDance|[upkeep]\n|-heal|p2a: Blastoise|9/100|[from] ability: Rain Dish\n|-start|p1a: Hatterene|perish1\n|-start|p1b: Sinistcha|perish1\n|upkeep\n|turn|12\n|-message|Dremtrin forfeited.\n|\n|win|wrjisami\n|raw|Dremtrin's rating: 1181 &rarr; <strong>1152</strong><br />(-29 for losing)\n|raw|wrjisami's rating: 1125 &rarr; <strong>1154</strong><br />(+29 for winning)\n|l|\u203dDremtrin\n|player|p1|\n",
  "uploadtime": 1776136979,
  "views": 15,
  "formatid": "gen9championsvgc2026regma",
  "rating": 1152,
  "private": 0,
  "password": null
}