{
  "id": "gen9championsvgc2026regma-2586668825",
  "format": "[Gen 9 Champions] VGC 2026 Reg M-A",
  "players": [
    "cxiro",
    "extfrl"
  ],
  "log": "|j|\u2606cxiro\n|j|\u2606extfrl\n|t:|1776450709\n|gametype|doubles\n|player|p1|cxiro|lance|\n|player|p2|extfrl|1|\n|gen|9\n|tier|[Gen 9 Champions] VGC 2026 Reg M-A\n|rule|Species Clause: Limit one of each Pok\u00e9mon\n|rule|Item Clause: Limit 1 of each item\n|clearpoke\n|poke|p1|Dragapult, L50, M|\n|poke|p1|Dragonite, L50, M|\n|poke|p1|Mamoswine, L50, F|\n|poke|p1|Salazzle, L50, F|\n|poke|p1|Kommo-o, L50, F|\n|poke|p1|Gyarados, L50, M|\n|poke|p2|Excadrill, L50, M|\n|poke|p2|Incineroar, L50, M|\n|poke|p2|Sinistcha, L50|\n|poke|p2|Primarina, L50, F|\n|poke|p2|Dragonite, L50, F|\n|poke|p2|Whimsicott, L50, F|\n|teampreview|4\n|\n|t:|1776450743\n|teamsize|p1|4\n|teamsize|p2|4\n|start\n|switch|p1a: Dragapult|Dragapult, L50, M|100/100\n|switch|p1b: Dragonite|Dragonite, L50, M, shiny|100/100\n|switch|p2a: Incineroar|Incineroar, L50, M, shiny|100/100\n|switch|p2b: Primarina|Primarina, L50, F|100/100\n|-ability|p2a: Incineroar|Intimidate|boost\n|-unboost|p1a: Dragapult|atk|1\n|-unboost|p1b: Dragonite|atk|1\n|turn|1\n|j| Kars_TL\n|\n|t:|1776450776\n|detailschange|p1b: Dragonite|Dragonite-Mega, L50, M, shiny\n|-mega|p1b: Dragonite|Dragonite|Dragoninite\n|move|p2a: Incineroar|Fake Out|p1b: Dragonite\n|-damage|p1b: Dragonite|96/100\n|move|p1a: Dragapult|Dragon Cheer|p1b: Dragonite\n|-start|p1b: Dragonite|move: Dragon Cheer\n|cant|p1b: Dragonite|flinch\n|move|p2b: Primarina|Moonblast|p1a: Dragapult\n|-supereffective|p1a: Dragapult|1\n|-damage|p1a: Dragapult|0 fnt\n|faint|p1a: Dragapult\n|\n|upkeep\n|\n|t:|1776450791\n|switch|p1a: Mamoswine|Mamoswine, L50, F|100/100\n|turn|2\n|\n|t:|1776450802\n|move|p1b: Dragonite|Hurricane|p2b: Primarina\n|-damage|p2b: Primarina|45/100\n|move|p1a: Mamoswine|Earthquake|p2a: Incineroar|[spread] p2a,p2b\n|-immune|p1b: Dragonite\n|-supereffective|p2a: Incineroar|1\n|-damage|p2a: Incineroar|23/100\n|-damage|p2b: Primarina|0 fnt\n|faint|p2b: Primarina\n|move|p2a: Incineroar|Flare Blitz|p1a: Mamoswine\n|-supereffective|p1a: Mamoswine|1\n|-damage|p1a: Mamoswine|53/100\n|-damage|p2a: Incineroar|6/100|[from] Recoil\n|\n|-heal|p2a: Incineroar|12/100|[from] item: Leftovers\n|upkeep\n|\n|t:|1776450819\n|switch|p2b: Sinistcha|Sinistcha, L50|100/100\n|-heal|p2a: Incineroar|37/100|[from] ability: Hospitality|[of] p2b: Sinistcha\n|turn|3\n|\n|t:|1776450841\n|move|p2b: Sinistcha|Rage Powder|p2b: Sinistcha\n|-singleturn|p2b: Sinistcha|move: Rage Powder\n|move|p1a: Mamoswine|Ice Shard|p2b: Sinistcha\n|-supereffective|p2b: Sinistcha|1\n|-damage|p2b: Sinistcha|66/100\n|move|p1b: Dragonite|Draco Meteor|p2b: Sinistcha\n|-damage|p2b: Sinistcha|0 fnt\n|-unboost|p1b: Dragonite|spa|2\n|faint|p2b: Sinistcha\n|move|p2a: Incineroar|Parting Shot|p1b: Dragonite\n|-unboost|p1b: Dragonite|atk|1\n|-unboost|p1b: Dragonite|spa|1\n|\n|t:|1776450852\n|switch|p2a: Dragonite|Dragonite, L50, F|100/100|[from] Parting Shot\n|\n|upkeep\n|\n|t:|1776450855\n|switch|p2b: Incineroar|Incineroar, L50, M, shiny|37/100\n|-ability|p2b: Incineroar|Intimidate|boost\n|-unboost|p1a: Mamoswine|atk|1\n|-unboost|p1b: Dragonite|atk|1\n|turn|4\n|\n|t:|1776450870\n|detailschange|p2a: Dragonite|Dragonite-Mega, L50, F\n|-mega|p2a: Dragonite|Dragonite|Dragoninite\n|move|p2b: Incineroar|Fake Out|p1a: Mamoswine\n|-damage|p1a: Mamoswine|41/100\n|cant|p1a: Mamoswine|flinch\n|move|p2a: Dragonite|Dragon Dance|p2a: Dragonite\n|-boost|p2a: Dragonite|atk|1\n|-boost|p2a: Dragonite|spe|1\n|move|p1b: Dragonite|Draco Meteor|p2a: Dragonite\n|-supereffective|p2a: Dragonite|1\n|-damage|p2a: Dragonite|74/100\n|-unboost|p1b: Dragonite|spa|2\n|\n|-heal|p2b: Incineroar|43/100|[from] item: Leftovers\n|upkeep\n|turn|5\n|\n|t:|1776450904\n|move|p2a: Dragonite|Extreme Speed|p1a: Mamoswine\n|-damage|p1a: Mamoswine|3/100\n|move|p1a: Mamoswine|Ice Shard|p2a: Dragonite\n|-supereffective|p2a: Dragonite|2\n|-damage|p2a: Dragonite|14/100\n|move|p1b: Dragonite|Draco Meteor|p2b: Incineroar\n|-crit|p2b: Incineroar\n|-damage|p2b: Incineroar|0 fnt\n|-unboost|p1b: Dragonite|spa|1\n|faint|p2b: Incineroar\n|\n|upkeep\n|turn|6\n|\n|t:|1776450921\n|move|p1b: Dragonite|Protect|p1b: Dragonite\n|-singleturn|p1b: Dragonite|Protect\n|move|p2a: Dragonite|Extreme Speed|p1b: Dragonite\n|-activate|p1b: Dragonite|move: Protect\n|move|p1a: Mamoswine|Ice Shard|p2a: Dragonite\n|-supereffective|p2a: Dragonite|2\n|-damage|p2a: Dragonite|0 fnt\n|faint|p2a: Dragonite\n|\n|win|cxiro\n|l|\u2606extfrl\n|player|p2|\n",
  "uploadtime": 1776450942,
  "views": 33,
  "formatid": "gen9championsvgc2026regma",
  "rating": null,
  "private": 0,
  "password": null
}