{
  "id": "gen9championsvgc2026regma-2584762278",
  "format": "[Gen 9 Champions] VGC 2026 Reg M-A",
  "players": [
    "Barbie120",
    "guzzlordstrainer"
  ],
  "log": "|j|\u2606Barbie120\n|j|\u2606guzzlordstrainer\n|t:|1776281865\n|gametype|doubles\n|player|p1|Barbie120|265|1100\n|player|p2|guzzlordstrainer|101|1046\n|gen|9\n|tier|[Gen 9 Champions] VGC 2026 Reg M-A\n|rated|\n|rule|Species Clause: Limit one of each Pok\u00e9mon\n|rule|Item Clause: Limit 1 of each item\n|clearpoke\n|poke|p1|Dragapult, L50, F|\n|poke|p1|Lucario, L50, M|\n|poke|p1|Volcarona, L50, F|\n|poke|p1|Goodra, L50, M|\n|poke|p1|Rotom-Wash, L50|\n|poke|p1|Incineroar, L50, F|\n|poke|p2|Aggron, L50, M|\n|poke|p2|Alakazam, L50, F|\n|poke|p2|Sinistcha, L50|\n|poke|p2|Floette-Eternal, L50, F|\n|poke|p2|Sneasler, L50, M|\n|poke|p2|Tyranitar, L50, M|\n|teampreview|4\n|inactive|Battle timer is ON: inactive players will automatically lose when time's up. (requested by guzzlordstrainer)\n|inactive|Barbie120 has 60 seconds left.\nguzzlordstrainer has agreed to open team sheets.\n|\n|t:|1776281967\n|teamsize|p1|4\n|teamsize|p2|4\n|start\n|switch|p1a: Volcarona|Volcarona, L50, F|100/100\n|switch|p1b: Dragapult|Dragapult, L50, F|100/100\n|switch|p2a: Floette|Floette-Eternal, L50, F|100/100\n|switch|p2b: Sneasler|Sneasler, L50, M|100/100\n|turn|1\n|inactive|guzzlordstrainer has 30 seconds left.\n|inactive|guzzlordstrainer has 20 seconds left.\n|inactive|guzzlordstrainer has 15 seconds left.\n|\n|t:|1776282010\n|switch|p1a: Lucario|Lucario, L50, M|100/100\n|move|p2a: Floette|Protect|p2a: Floette\n|-singleturn|p2a: Floette|Protect\n|move|p1b: Dragapult|Beat Up|p1a: Lucario\n|-resisted|p1a: Lucario|1\n|-damage|p1a: Lucario|98/100\n|-ability|p1a: Lucario|Justified|boost\n|-boost|p1a: Lucario|atk|1\n|-resisted|p1a: Lucario|1\n|-damage|p1a: Lucario|95/100\n|-ability|p1a: Lucario|Justified|boost\n|-boost|p1a: Lucario|atk|1\n|-resisted|p1a: Lucario|1\n|-damage|p1a: Lucario|93/100\n|-ability|p1a: Lucario|Justified|boost\n|-boost|p1a: Lucario|atk|1\n|-resisted|p1a: Lucario|1\n|-damage|p1a: Lucario|91/100\n|-ability|p1a: Lucario|Justified|boost\n|-boost|p1a: Lucario|atk|1\n|-hitcount|p1a: Lucario|4\n|move|p2b: Sneasler|Dire Claw|p1b: Dragapult\n|-resisted|p1b: Dragapult|1\n|-damage|p1b: Dragapult|73/100\n|-status|p1b: Dragapult|slp\n|\n|upkeep\n|turn|2\n|c|\u2606guzzlordstrainer|Oh!\n|inactive|Barbie120 has 30 seconds left.\n|inactive|guzzlordstrainer has 30 seconds left.\n|inactive|Barbie120 has 20 seconds left.\n|\n|t:|1776282045\n|detailschange|p1a: Lucario|Lucario-Mega, L50, M\n|-mega|p1a: Lucario|Lucario|Lucarionite\n|detailschange|p2a: Floette|Floette-Mega, L50, F\n|-mega|p2a: Floette|Floette|Floettite\n|-ability|p2a: Floette|Fairy Aura\n|move|p1a: Lucario|Bullet Punch|p2a: Floette\n|-supereffective|p2a: Floette|1\n|-damage|p2a: Floette|0 fnt\n|faint|p2a: Floette\n|cant|p1b: Dragapult|slp\n|move|p2b: Sneasler|Close Combat|p1a: Lucario\n|-supereffective|p1a: Lucario|1\n|-damage|p1a: Lucario|0 fnt\n|-unboost|p2b: Sneasler|def|1\n|-unboost|p2b: Sneasler|spd|1\n|faint|p1a: Lucario\n|\n|upkeep\n|\n|t:|1776282065\n|switch|p1a: Volcarona|Volcarona, L50, F|100/100\n|switch|p2a: Tyranitar|Tyranitar, L50, M|100/100\n|-weather|Sandstorm|[from] ability: Sand Stream|[of] p2a: Tyranitar\n|turn|3\n|\n|t:|1776282080\n|-curestatus|p1b: Dragapult|slp|[msg]\n|move|p1b: Dragapult|Draco Meteor|p2b: Sneasler\n|-enditem|p2b: Sneasler|Focus Sash\n|-damage|p2b: Sneasler|1/100\n|-unboost|p1b: Dragapult|spa|2\n|move|p2b: Sneasler|Coaching|p2a: Tyranitar\n|-boost|p2a: Tyranitar|atk|1\n|-boost|p2a: Tyranitar|def|1\n|move|p1a: Volcarona|Struggle Bug|p2a: Tyranitar|[spread] p2a,p2b\n|-supereffective|p2a: Tyranitar|1\n|-resisted|p2b: Sneasler|2\n|-damage|p2a: Tyranitar|77/100\n|-damage|p2b: Sneasler|0 fnt\n|-unboost|p2a: Tyranitar|spa|1\n|faint|p2b: Sneasler\n|move|p2a: Tyranitar|Stone Edge|p1a: Volcarona\n|-supereffective|p1a: Volcarona|2\n|-damage|p1a: Volcarona|0 fnt\n|faint|p1a: Volcarona\n|\n|-weather|Sandstorm|[upkeep]\n|-damage|p1b: Dragapult|67/100|[from] Sandstorm\n|upkeep\n|\n|t:|1776282103\n|switch|p2b: Sinistcha|Sinistcha, L50|100/100\n|switch|p1a: Incineroar|Incineroar, L50, F, shiny|100/100\n|-ability|p1a: Incineroar|Intimidate|boost\n|-unboost|p2a: Tyranitar|atk|1\n|-unboost|p2b: Sinistcha|atk|1\n|-heal|p2a: Tyranitar|100/100|[from] ability: Hospitality|[of] p2b: Sinistcha\n|turn|4\n|\n|t:|1776282115\n|move|p2b: Sinistcha|Protect|p2b: Sinistcha\n|-singleturn|p2b: Sinistcha|Protect\n|move|p1b: Dragapult|Will-O-Wisp|p2a: Tyranitar\n|-status|p2a: Tyranitar|brn\n|move|p2a: Tyranitar|Stone Edge|p1b: Dragapult|[miss]\n|-miss|p2a: Tyranitar|p1b: Dragapult\n|move|p1a: Incineroar|Flare Blitz|p2b: Sinistcha\n|-activate|p2b: Sinistcha|move: Protect\n|\n|-weather|Sandstorm|[upkeep]\n|-damage|p1b: Dragapult|62/100|[from] Sandstorm\n|-damage|p2b: Sinistcha|94/100|[from] Sandstorm\n|-damage|p1a: Incineroar|95/100|[from] Sandstorm\n|-heal|p2b: Sinistcha|100/100|[from] item: Leftovers\n|-damage|p2a: Tyranitar|94/100 brn|[from] brn\n|upkeep\n|turn|5\n|c|\u2606guzzlordstrainer|Wow dragapult is pretty crazy\n|inactive|guzzlordstrainer has 30 seconds left.\n|\n|t:|1776282143\n|move|p1b: Dragapult|Light Screen|p1b: Dragapult\n|-sidestart|p1: Barbie120|move: Light Screen\n|move|p2a: Tyranitar|Stone Edge|p1b: Dragapult|[miss]\n|-miss|p2a: Tyranitar|p1b: Dragapult\n|move|p2b: Sinistcha|Shadow Ball|p1b: Dragapult\n|-supereffective|p1b: Dragapult|1\n|-damage|p1b: Dragapult|0 fnt\n|faint|p1b: Dragapult\n|move|p1a: Incineroar|Flare Blitz|p2b: Sinistcha\n|-supereffective|p2b: Sinistcha|1\n|-damage|p2b: Sinistcha|23/100\n|-damage|p1a: Incineroar|70/100|[from] Recoil\n|\n|-weather|Sandstorm|[upkeep]\n|-damage|p2b: Sinistcha|17/100|[from] Sandstorm\n|-damage|p1a: Incineroar|64/100|[from] Sandstorm\n|-heal|p2b: Sinistcha|23/100|[from] item: Leftovers\n|-damage|p2a: Tyranitar|88/100 brn|[from] brn\n|upkeep\n|turn|6\n|\n|t:|1776282165\n|move|p2b: Sinistcha|Protect|p2b: Sinistcha\n|-singleturn|p2b: Sinistcha|Protect\n|move|p2a: Tyranitar|Stone Edge|p1a: Incineroar\n|-supereffective|p1a: Incineroar|1\n|-damage|p1a: Incineroar|16/100\n|-enditem|p1a: Incineroar|Sitrus Berry|[eat]\n|-heal|p1a: Incineroar|41/100|[from] item: Sitrus Berry\n|move|p1a: Incineroar|Darkest Lariat|p2b: Sinistcha\n|-activate|p2b: Sinistcha|move: Protect\n|\n|-weather|Sandstorm|[upkeep]\n|-damage|p2b: Sinistcha|17/100|[from] Sandstorm\n|-damage|p1a: Incineroar|35/100|[from] Sandstorm\n|-heal|p2b: Sinistcha|23/100|[from] item: Leftovers\n|-damage|p2a: Tyranitar|82/100 brn|[from] brn\n|upkeep\n|turn|7\n|-message|Barbie120 forfeited.\n|\n|win|guzzlordstrainer\n|raw|Barbie120's rating: 1100 &rarr; <strong>1071</strong><br />(-29 for losing)\n|raw|guzzlordstrainer's rating: 1046 &rarr; <strong>1084</strong><br />(+38 for winning)\n|l|\u2606Barbie120\n|player|p1|\n",
  "uploadtime": 1776282183,
  "views": 19,
  "formatid": "gen9championsvgc2026regma",
  "rating": 1071,
  "private": 0,
  "password": null
}