{
  "id": "gen9championsvgc2026regma-2587846940",
  "format": "[Gen 9 Champions] VGC 2026 Reg M-A",
  "players": [
    "Royher",
    "zifeng"
  ],
  "log": "|j|\u2606Royher\n|j|\u2606zifeng\n|t:|1776570138\n|gametype|doubles\n|player|p1|Royher|zinzolin|1403\n|player|p2|zifeng|101|1506\n|gen|9\n|tier|[Gen 9 Champions] VGC 2026 Reg M-A\n|rated|\n|rule|Species Clause: Limit one of each Pok\u00e9mon\n|rule|Item Clause: Limit 1 of each item\n|clearpoke\n|poke|p1|Delphox, L50, F|\n|poke|p1|Garchomp, L50, M|\n|poke|p1|Whimsicott, L50, M, shiny|\n|poke|p1|Sneasler, L50, M, shiny|\n|poke|p1|Floette-Eternal, L50, F|\n|poke|p1|Milotic, L50, F, shiny|\n|poke|p2|Sneasler, L50, M|\n|poke|p2|Kingambit, L50, M|\n|poke|p2|Sableye, L50, M|\n|poke|p2|Floette-Eternal, L50, F|\n|poke|p2|Diggersby, L50, F|\n|poke|p2|Incineroar, L50, M|\n|teampreview|4\n|\n|t:|1776570174\n|teamsize|p1|4\n|teamsize|p2|4\n|start\n|switch|p1a: Milotic|Milotic, L50, F, shiny|100/100\n|switch|p1b: Sneasler|Sneasler, L50, M, shiny|100/100\n|switch|p2a: Sableye|Sableye, L50, M|100/100\n|switch|p2b: Floette|Floette-Eternal, L50, F|100/100\n|turn|1\n|\n|t:|1776570188\n|switch|p1b: Whimsicott|Whimsicott, L50, M, shiny|100/100\n|detailschange|p2b: Floette|Floette-Mega, L50, F\n|-mega|p2b: Floette|Floette|Floettite\n|-ability|p2b: Floette|Fairy Aura\n|move|p2a: Sableye|Will-O-Wisp|p1b: Whimsicott\n|-status|p1b: Whimsicott|brn\n|move|p2b: Floette|Calm Mind|p2b: Floette\n|-boost|p2b: Floette|spa|1\n|-boost|p2b: Floette|spd|1\n|move|p1a: Milotic|Muddy Water|p2a: Sableye|[spread] p2a\n|-miss|p1a: Milotic|p2b: Floette\n|-damage|p2a: Sableye|70/100\n|-unboost|p2a: Sableye|accuracy|1\n|\n|-damage|p1b: Whimsicott|95/100 brn|[from] brn\n|upkeep\n|turn|2\n|\n|t:|1776570214\n|move|p1b: Whimsicott|Encore|p2b: Floette\n|-start|p2b: Floette|Encore\n|move|p2a: Sableye|Light Screen|p2a: Sableye\n|-sidestart|p2: zifeng|move: Light Screen\n|move|p2b: Floette|Calm Mind|p2b: Floette\n|-boost|p2b: Floette|spa|1\n|-boost|p2b: Floette|spd|1\n|move|p1a: Milotic|Coil|p1a: Milotic\n|-boost|p1a: Milotic|atk|1\n|-boost|p1a: Milotic|def|1\n|-boost|p1a: Milotic|accuracy|1\n|\n|-damage|p1b: Whimsicott|89/100 brn|[from] brn\n|upkeep\n|turn|3\n|\n|t:|1776570229\n|switch|p2a: Sneasler|Sneasler, L50, M|100/100\n|move|p1b: Whimsicott|Fake Tears|p2b: Floette\n|-unboost|p2b: Floette|spd|2\n|move|p2b: Floette|Calm Mind|p2b: Floette\n|-boost|p2b: Floette|spa|1\n|-boost|p2b: Floette|spd|1\n|move|p1a: Milotic|Muddy Water|p2b: Floette|[spread] p2a,p2b\n|-crit|p2a: Sneasler\n|-damage|p2a: Sneasler|48/100\n|-damage|p2b: Floette|93/100\n|\n|-damage|p1b: Whimsicott|83/100 brn|[from] brn\n|upkeep\n|turn|4\n|\n|t:|1776570247\n|move|p2a: Sneasler|Fake Out|p1b: Whimsicott\n|-damage|p1b: Whimsicott|69/100 brn\n|cant|p1b: Whimsicott|flinch\n|move|p2b: Floette|Calm Mind|p2b: Floette\n|-boost|p2b: Floette|spa|1\n|-boost|p2b: Floette|spd|1\n|move|p1a: Milotic|Coil|p1a: Milotic\n|-boost|p1a: Milotic|atk|1\n|-boost|p1a: Milotic|def|1\n|-boost|p1a: Milotic|accuracy|1\n|\n|-damage|p1b: Whimsicott|63/100 brn|[from] brn\n|-end|p2b: Floette|Encore\n|upkeep\n|turn|5\n|\n|t:|1776570263\n|move|p2b: Floette|Protect|p2b: Floette\n|-singleturn|p2b: Floette|Protect\n|move|p1b: Whimsicott|Encore|p2b: Floette\n|-activate|p2b: Floette|move: Protect\n|move|p2a: Sneasler|Dire Claw|p1b: Whimsicott\n|-supereffective|p1b: Whimsicott|2\n|-damage|p1b: Whimsicott|0 fnt\n|faint|p1b: Whimsicott\n|move|p1a: Milotic|Hypnosis|p2a: Sneasler\n|-status|p2a: Sneasler|slp|[from] move: Hypnosis\n|\n|upkeep\n|\n|t:|1776570267\n|switch|p1b: Sneasler|Sneasler, L50, M, shiny|100/100\n|turn|6\n|\n|t:|1776570281\n|switch|p2a: Sableye|Sableye, L50, M|70/100\n|move|p1b: Sneasler|Dire Claw|p2b: Floette\n|-supereffective|p2b: Floette|1\n|-damage|p2b: Floette|20/100\n|move|p2b: Floette|Draining Kiss|p1a: Milotic\n|-damage|p1a: Milotic|36/100\n|-heal|p2b: Floette|74/100|[from] drain|[of] p1a: Milotic\n|move|p1a: Milotic|Muddy Water|p2a: Sableye|[spread] p2a,p2b\n|-damage|p2a: Sableye|51/100\n|-damage|p2b: Floette|68/100\n|-unboost|p2a: Sableye|accuracy|1\n|\n|-heal|p1a: Milotic|42/100|[from] item: Leftovers\n|-sideend|p2: zifeng|move: Light Screen\n|upkeep\n|turn|7\n|\n|t:|1776570303\n|move|p2a: Sableye|Reflect|p2a: Sableye\n|-sidestart|p2: zifeng|Reflect\n|move|p1b: Sneasler|Dire Claw|p2b: Floette\n|-supereffective|p2b: Floette|1\n|-damage|p2b: Floette|19/100\n|-status|p2b: Floette|slp\n|cant|p2b: Floette|slp\n|move|p1a: Milotic|Muddy Water|p2a: Sableye|[spread] p2a,p2b\n|-damage|p2a: Sableye|20/100\n|-damage|p2b: Floette|10/100 slp\n|\n|-heal|p1a: Milotic|48/100|[from] item: Leftovers\n|upkeep\n|turn|8\n|\n|t:|1776570322\n|move|p2a: Sableye|Quash|p1b: Sneasler\n|-activate|p1b: Sneasler|move: Quash\n|-curestatus|p2b: Floette|slp|[msg]\n|move|p2b: Floette|Draining Kiss|p1b: Sneasler\n|-damage|p1b: Sneasler|0 fnt\n|-heal|p2b: Floette|75/100|[from] drain|[of] p1b: Sneasler\n|faint|p1b: Sneasler\n|move|p1a: Milotic|Muddy Water|p2a: Sableye|[spread] p2a,p2b\n|-damage|p2a: Sableye|0 fnt\n|-damage|p2b: Floette|66/100\n|faint|p2a: Sableye\n|\n|-heal|p1a: Milotic|54/100|[from] item: Leftovers\n|upkeep\n|\n|t:|1776570337\n|switch|p1b: Floette|Floette-Eternal, L50, F|100/100\n|switch|p2a: Diggersby|Diggersby, L50, F|100/100\n|turn|9\n|\n|t:|1776570347\n|detailschange|p1b: Floette|Floette-Mega, L50, F\n|-mega|p1b: Floette|Floette|Floettite\n|-ability|p1b: Floette|Fairy Aura\n|move|p2a: Diggersby|High Horsepower|p1b: Floette|[miss]\n|-miss|p2a: Diggersby|p1b: Floette\n|move|p1b: Floette|Moonblast|p2a: Diggersby\n|-damage|p2a: Diggersby|0 fnt\n|faint|p2a: Diggersby\n|move|p2b: Floette|Draining Kiss|p1a: Milotic\n|-damage|p1a: Milotic|0 fnt\n|-heal|p2b: Floette|100/100|[from] drain|[of] p1a: Milotic\n|faint|p1a: Milotic\n|\n|upkeep\n|-message|Royher forfeited.\n|\n|win|zifeng\n|raw|Royher's rating: 1403 &rarr; <strong>1389</strong><br />(-14 for losing)\n|raw|zifeng's rating: 1506 &rarr; <strong>1520</strong><br />(+14 for winning)\n|l|\u2606Royher\n|player|p1|\n|l|\u2606zifeng\n|player|p2|\n",
  "uploadtime": 1776570410,
  "views": 16,
  "formatid": "gen9championsvgc2026regma",
  "rating": 1389,
  "private": 0,
  "password": null
}