{
  "id": "gen9championsvgc2026regma-2584954355",
  "format": "[Gen 9 Champions] VGC 2026 Reg M-A",
  "players": [
    "rediak",
    "holdingc"
  ],
  "log": "|j|\u2606rediak\n|j|\u2606holdingc\n|t:|1776297789\n|gametype|doubles\n|player|p1|rediak|2|1316\n|player|p2|holdingc|anabel-gen7|1287\n|gen|9\n|tier|[Gen 9 Champions] VGC 2026 Reg M-A\n|rated|\n|rule|Species Clause: Limit one of each Pok\u00e9mon\n|rule|Item Clause: Limit 1 of each item\n|clearpoke\n|poke|p1|Scovillain, L50, F|\n|poke|p1|Dragapult, L50, M|\n|poke|p1|Sneasler, L50, M|\n|poke|p1|Kingambit, L50, M|\n|poke|p1|Primarina, L50, M|\n|poke|p1|Mamoswine, L50, M|\n|poke|p2|Meowscarada, L50, F|\n|poke|p2|Rotom-Wash, L50|\n|poke|p2|Aegislash, L50, F|\n|poke|p2|Delphox, L50, M|\n|poke|p2|Garchomp, L50, M|\n|poke|p2|Sneasler, L50, F|\n|teampreview|4\n|inactive|Battle timer is ON: inactive players will automatically lose when time's up. (requested by holdingc)\n|inactive|rediak has 60 seconds left.\n|inactive|holdingc has 60 seconds left.\n|\n|t:|1776297837\n|teamsize|p1|4\n|teamsize|p2|4\n|start\n|switch|p1a: Scovillain|Scovillain, L50, F|100/100\n|switch|p1b: Dragapult|Dragapult, L50, M|100/100\n|switch|p2a: Meowscarada|Meowscarada, L50, F|100/100\n|switch|p2b: Delphox|Delphox, L50, M|100/100\n|turn|1\n|\n|t:|1776297856\n|detailschange|p2b: Delphox|Delphox-Mega, L50, M\n|-mega|p2b: Delphox|Delphox|Delphoxite\n|detailschange|p1a: Scovillain|Scovillain-Mega, L50, F\n|-mega|p1a: Scovillain|Scovillain|Scovillainite\n|move|p2a: Meowscarada|Throat Chop|p1b: Dragapult\n|-start|p2a: Meowscarada|typechange|Dark|[from] ability: Protean\n|-supereffective|p1b: Dragapult|1\n|-damage|p1b: Dragapult|0 fnt\n|faint|p1b: Dragapult\n|move|p2b: Delphox|Heat Wave|p1a: Scovillain|[miss]\n|-miss|p2b: Delphox|p1a: Scovillain\n|move|p1a: Scovillain|Leech Seed|p2b: Delphox\n|-start|p2b: Delphox|move: Leech Seed\n|\n|-damage|p2b: Delphox|88/100|[from] Leech Seed|[of] p1a: Scovillain\n|upkeep\n|\n|t:|1776297869\n|switch|p1b: Primarina|Primarina, L50, M|100/100\n|turn|2\n|\n|t:|1776297879\n|switch|p2a: Sneasler|Sneasler, L50, F|100/100\n|move|p2b: Delphox|Protect|p2b: Delphox\n|-singleturn|p2b: Delphox|Protect\n|move|p1a: Scovillain|Leech Seed|p2a: Sneasler\n|-start|p2a: Sneasler|move: Leech Seed\n|move|p1b: Primarina|Calm Mind|p1b: Primarina\n|-boost|p1b: Primarina|spa|1\n|-boost|p1b: Primarina|spd|1\n|\n|-damage|p2b: Delphox|75/100|[from] Leech Seed|[of] p1a: Scovillain\n|-damage|p2a: Sneasler|88/100|[from] Leech Seed|[of] p1a: Scovillain\n|upkeep\n|turn|3\n|\n|t:|1776297896\n|move|p1a: Scovillain|Rage Powder|p1a: Scovillain\n|-singleturn|p1a: Scovillain|move: Rage Powder\n|move|p2b: Delphox|Encore|p1a: Scovillain\n|-start|p1a: Scovillain|Encore\n|move|p2a: Sneasler|Dire Claw|p1a: Scovillain\n|-supereffective|p1a: Scovillain|1\n|-damage|p1a: Scovillain|37/100\n|-status|p1a: Scovillain|psn\n|-status|p2a: Sneasler|brn|[from] ability: Spicy Spray|[of] p1a: Scovillain\n|move|p1b: Primarina|Hyper Voice|p2a: Sneasler|[spread] p2a,p2b\n|-supereffective|p2b: Delphox|1\n|-damage|p2a: Sneasler|23/100 brn\n|-damage|p2b: Delphox|0 fnt\n|faint|p2b: Delphox\n|\n|-damage|p2a: Sneasler|11/100 brn|[from] Leech Seed|[of] p1a: Scovillain\n|-heal|p1a: Scovillain|50/100 psn|[silent]\n|-damage|p1a: Scovillain|37/100 psn|[from] psn\n|-damage|p2a: Sneasler|6/100 brn|[from] brn\n|upkeep\n|\n|t:|1776297908\n|switch|p2b: Garchomp|Garchomp, L50, M|100/100\n|turn|4\n|\n|t:|1776297930\n|move|p2b: Garchomp|Protect|p2b: Garchomp\n|-singleturn|p2b: Garchomp|Protect\n|move|p1a: Scovillain|Rage Powder|p1a: Scovillain\n|-singleturn|p1a: Scovillain|move: Rage Powder\n|move|p2a: Sneasler|Close Combat|p1a: Scovillain\n|-damage|p1a: Scovillain|11/100 psn\n|-unboost|p2a: Sneasler|def|1\n|-unboost|p2a: Sneasler|spd|1\n|-enditem|p2a: Sneasler|White Herb\n|-clearnegativeboost|p2a: Sneasler|[silent]\n|move|p1b: Primarina|Moonblast|p2b: Garchomp\n|-activate|p2b: Garchomp|move: Protect\n|\n|-damage|p2a: Sneasler|0 fnt|[from] Leech Seed|[of] p1a: Scovillain\n|-heal|p1a: Scovillain|16/100 psn|[silent]\n|faint|p2a: Sneasler\n|-damage|p1a: Scovillain|4/100 psn|[from] psn\n|upkeep\n|\n|t:|1776297934\n|switch|p2a: Meowscarada|Meowscarada, L50, F|100/100\n|turn|5\n|\n|t:|1776297958\n|move|p2b: Garchomp|Protect||[still]\n|-fail|p2b: Garchomp\n|move|p1a: Scovillain|Rage Powder|p1a: Scovillain\n|-singleturn|p1a: Scovillain|move: Rage Powder\n|move|p2a: Meowscarada|Flower Trick|p1b: Primarina\n|-start|p2a: Meowscarada|typechange|Grass|[from] ability: Protean\n|-supereffective|p1b: Primarina|1\n|-crit|p1b: Primarina\n|-damage|p1b: Primarina|0 fnt\n|faint|p1b: Primarina\n|\n|-damage|p1a: Scovillain|0 fnt|[from] psn\n|faint|p1a: Scovillain\n|upkeep\n|\n|t:|1776297970\n|switch|p1b: Sneasler|Sneasler, L50, M|100/100\n|turn|6\n|\n|t:|1776297978\n|move|p2a: Meowscarada|Flower Trick|p1b: Sneasler\n|-resisted|p1b: Sneasler|1\n|-crit|p1b: Sneasler\n|-damage|p1b: Sneasler|54/100\n|move|p1b: Sneasler|Dire Claw|p2a: Meowscarada\n|-supereffective|p2a: Meowscarada|1\n|-damage|p2a: Meowscarada|0 fnt\n|faint|p2a: Meowscarada\n|move|p2b: Garchomp|Dragon Claw|p1b: Sneasler\n|-damage|p1b: Sneasler|0 fnt\n|faint|p1b: Sneasler\n|\n|win|holdingc\n|raw|rediak's rating: 1316 &rarr; <strong>1294</strong><br />(-22 for losing)\n|raw|holdingc's rating: 1287 &rarr; <strong>1314</strong><br />(+27 for winning)\n|l|\u2606rediak\n|player|p1|\n",
  "uploadtime": 1776297990,
  "views": 28,
  "formatid": "gen9championsvgc2026regma",
  "rating": 1294,
  "private": 0,
  "password": null
}