{
  "id": "gen9championsvgc2026regma-2587183695",
  "format": "[Gen 9 Champions] VGC 2026 Reg M-A",
  "players": [
    "melozzz",
    "yubanmeiqin"
  ],
  "log": "|j|\u2606melozzz\n|j|\u2606yubanmeiqin\n|t:|1776505635\n|gametype|doubles\n|player|p1|melozzz|1|1372\n|player|p2|yubanmeiqin|iono-masters|1480\n|gen|9\n|tier|[Gen 9 Champions] VGC 2026 Reg M-A\n|rated|\n|rule|Species Clause: Limit one of each Pok\u00e9mon\n|rule|Item Clause: Limit 1 of each item\n|clearpoke\n|poke|p1|Scizor, L50, M|\n|poke|p1|Incineroar, L50, M|\n|poke|p1|Archaludon, L50, F|\n|poke|p1|Sinistcha-Masterpiece, L50|\n|poke|p1|Basculegion, L50, M|\n|poke|p1|Politoed, L50, F|\n|poke|p2|Floette-Eternal, L50, F, shiny|\n|poke|p2|Garchomp, L50, F, shiny|\n|poke|p2|Sneasler, L50, M, shiny|\n|poke|p2|Basculegion, L50, M, shiny|\n|poke|p2|Maushold, L50, shiny|\n|poke|p2|Corviknight, L50, F, shiny|\n|teampreview|4\n|\n|t:|1776505665\n|teamsize|p1|4\n|teamsize|p2|4\n|start\n|switch|p1a: Scizor|Scizor, L50, M|100/100\n|switch|p1b: Incineroar|Incineroar, L50, M|100/100\n|switch|p2a: \u670b\u4e5f\u53e4\u6cb3\u6e1a|Maushold, L50, shiny|100/100\n|switch|p2b: \u5168\u5f00\u731b\u649e\u7d2b\u7afd\u82b1\u53f6\u8482|Floette-Eternal, L50, F, shiny|100/100\n|-ability|p1b: Incineroar|Intimidate|boost\n|-unboost|p2a: \u670b\u4e5f\u53e4\u6cb3\u6e1a|atk|1\n|-unboost|p2b: \u5168\u5f00\u731b\u649e\u7d2b\u7afd\u82b1\u53f6\u8482|atk|1\n|turn|1\n|\n|t:|1776505682\n|detailschange|p2b: \u5168\u5f00\u731b\u649e\u7d2b\u7afd\u82b1\u53f6\u8482|Floette-Mega, L50, F, shiny\n|-mega|p2b: \u5168\u5f00\u731b\u649e\u7d2b\u7afd\u82b1\u53f6\u8482|Floette|Floettite\n|-ability|p2b: \u5168\u5f00\u731b\u649e\u7d2b\u7afd\u82b1\u53f6\u8482|Fairy Aura\n|detailschange|p1a: Scizor|Scizor-Mega, L50, M\n|-mega|p1a: Scizor|Scizor|Scizorite\n|move|p1b: Incineroar|Fake Out|p2b: \u5168\u5f00\u731b\u649e\u7d2b\u7afd\u82b1\u53f6\u8482\n|-damage|p2b: \u5168\u5f00\u731b\u649e\u7d2b\u7afd\u82b1\u53f6\u8482|89/100\n|move|p2a: \u670b\u4e5f\u53e4\u6cb3\u6e1a|Follow Me|p2a: \u670b\u4e5f\u53e4\u6cb3\u6e1a\n|-singleturn|p2a: \u670b\u4e5f\u53e4\u6cb3\u6e1a|move: Follow Me\n|cant|p2b: \u5168\u5f00\u731b\u649e\u7d2b\u7afd\u82b1\u53f6\u8482|flinch\n|move|p1a: Scizor|Swords Dance|p1a: Scizor\n|-boost|p1a: Scizor|atk|2\n|\n|upkeep\n|turn|2\n|\n|t:|1776505700\n|move|p2b: \u5168\u5f00\u731b\u649e\u7d2b\u7afd\u82b1\u53f6\u8482|Protect|p2b: \u5168\u5f00\u731b\u649e\u7d2b\u7afd\u82b1\u53f6\u8482\n|-singleturn|p2b: \u5168\u5f00\u731b\u649e\u7d2b\u7afd\u82b1\u53f6\u8482|Protect\n|move|p1a: Scizor|Bullet Punch|p2b: \u5168\u5f00\u731b\u649e\u7d2b\u7afd\u82b1\u53f6\u8482\n|-activate|p2b: \u5168\u5f00\u731b\u649e\u7d2b\u7afd\u82b1\u53f6\u8482|move: Protect\n|move|p2a: \u670b\u4e5f\u53e4\u6cb3\u6e1a|Encore|p1a: Scizor\n|-start|p1a: Scizor|Encore\n|move|p1b: Incineroar|Parting Shot|p2b: \u5168\u5f00\u731b\u649e\u7d2b\u7afd\u82b1\u53f6\u8482\n|-activate|p2b: \u5168\u5f00\u731b\u649e\u7d2b\u7afd\u82b1\u53f6\u8482|move: Protect\n|\n|upkeep\n|turn|3\n|\n|t:|1776505715\n|move|p2a: \u670b\u4e5f\u53e4\u6cb3\u6e1a|Follow Me|p2a: \u670b\u4e5f\u53e4\u6cb3\u6e1a\n|-singleturn|p2a: \u670b\u4e5f\u53e4\u6cb3\u6e1a|move: Follow Me\n|move|p1a: Scizor|Bullet Punch|p2a: \u670b\u4e5f\u53e4\u6cb3\u6e1a\n|-crit|p2a: \u670b\u4e5f\u53e4\u6cb3\u6e1a\n|-damage|p2a: \u670b\u4e5f\u53e4\u6cb3\u6e1a|0 fnt\n|faint|p2a: \u670b\u4e5f\u53e4\u6cb3\u6e1a\n|move|p2b: \u5168\u5f00\u731b\u649e\u7d2b\u7afd\u82b1\u53f6\u8482|Light of Ruin|p1a: Scizor\n|-resisted|p1a: Scizor|1\n|-damage|p1a: Scizor|44/100\n|-damage|p2b: \u5168\u5f00\u731b\u649e\u7d2b\u7afd\u82b1\u53f6\u8482|61/100|[from] Recoil\n|move|p1b: Incineroar|Parting Shot|p2b: \u5168\u5f00\u731b\u649e\u7d2b\u7afd\u82b1\u53f6\u8482\n|-unboost|p2b: \u5168\u5f00\u731b\u649e\u7d2b\u7afd\u82b1\u53f6\u8482|atk|1\n|-unboost|p2b: \u5168\u5f00\u731b\u649e\u7d2b\u7afd\u82b1\u53f6\u8482|spa|1\n|\n|t:|1776505727\n|switch|p1b: Basculegion|Basculegion, L50, M|100/100|[from] Parting Shot\n|\n|upkeep\n|\n|t:|1776505730\n|switch|p2a: \u62c9\u6016\u6016|Sneasler, L50, M, shiny|100/100\n|turn|4\n|\n|t:|1776505748\n|move|p2a: \u62c9\u6016\u6016|Fake Out|p1a: Scizor\n|-resisted|p1a: Scizor|1\n|-damage|p1a: Scizor|38/100\n|cant|p1a: Scizor|flinch\n|move|p1b: Basculegion|Wave Crash|p2b: \u5168\u5f00\u731b\u649e\u7d2b\u7afd\u82b1\u53f6\u8482\n|-damage|p2b: \u5168\u5f00\u731b\u649e\u7d2b\u7afd\u82b1\u53f6\u8482|0 fnt\n|faint|p2b: \u5168\u5f00\u731b\u649e\u7d2b\u7afd\u82b1\u53f6\u8482\n|-damage|p1b: Basculegion|83/100|[from] Recoil\n|\n|upkeep\n|\n|t:|1776505755\n|switch|p2b: \u9b3c\u5934|Basculegion, L50, M, shiny|100/100\n|turn|5\n|\n|t:|1776505764\n|move|p1a: Scizor|Bullet Punch|p2a: \u62c9\u6016\u6016\n|-enditem|p2a: \u62c9\u6016\u6016|Focus Sash\n|-damage|p2a: \u62c9\u6016\u6016|1/100\n|move|p2a: \u62c9\u6016\u6016|Close Combat|p1b: Basculegion\n|-immune|p1b: Basculegion\n|move|p2b: \u9b3c\u5934|Last Respects|p1a: Scizor\n|-damage|p1a: Scizor|0 fnt\n|faint|p1a: Scizor\n|move|p1b: Basculegion|Wave Crash|p2a: \u62c9\u6016\u6016\n|-damage|p2a: \u62c9\u6016\u6016|0 fnt\n|faint|p2a: \u62c9\u6016\u6016\n|-damage|p1b: Basculegion|82/100|[from] Recoil\n|\n|upkeep\n|-message|yubanmeiqin forfeited.\n|\n|win|melozzz\n|raw|melozzz's rating: 1372 &rarr; <strong>1398</strong><br />(+26 for winning)\n|raw|yubanmeiqin's rating: 1480 &rarr; <strong>1454</strong><br />(-26 for losing)\n|l|\u2606melozzz\n|player|p1|\n|l|\u2606yubanmeiqin\n|player|p2|\n|j|\u2606yubanmeiqin\n|player|p2|yubanmeiqin|iono-masters|\n",
  "uploadtime": 1776505775,
  "views": 32,
  "formatid": "gen9championsvgc2026regma",
  "rating": 1398,
  "private": 0,
  "password": null
}