{
  "id": "gen9championsvgc2026regma-2589479955",
  "format": "[Gen 9 Champions] VGC 2026 Reg M-A",
  "players": [
    "MimikyuBot",
    "Sugopon789"
  ],
  "log": "|j|\u2606MimikyuBot\n|j|\u2606Sugopon789\n|t:|1776726731\n|gametype|doubles\n|player|p1|MimikyuBot|266|1000\n|player|p2|Sugopon789|thorton|1096\n|gen|9\n|tier|[Gen 9 Champions] VGC 2026 Reg M-A\n|rated|\n|rule|Species Clause: Limit one of each Pok\u00e9mon\n|rule|Item Clause: Limit 1 of each item\n|clearpoke\n|poke|p1|Aegislash, L50, M, shiny|\n|poke|p1|Whimsicott, L50, F, shiny|\n|poke|p1|Gallade, L50, M, shiny|\n|poke|p1|Incineroar, L50, F, shiny|\n|poke|p1|Clefable, L50, M, shiny|\n|poke|p1|Milotic, L50, M, shiny|\n|poke|p2|Charizard, L50, M|\n|poke|p2|Typhlosion-Hisui, L50, M|\n|poke|p2|Incineroar, L50, M|\n|poke|p2|Garchomp, L50, F|\n|poke|p2|Whimsicott, L50, M|\n|poke|p2|Venusaur, L50, M|\n|teampreview|4\nMimikyuBot has agreed to open team sheets.\n|inactive|Battle timer is ON: inactive players will automatically lose when time's up. (requested by Sugopon789)\n|inactive|MimikyuBot has 60 seconds left.\n|inactive|MimikyuBot has 30 seconds left.\n|inactive|MimikyuBot has 20 seconds left.\n|inactive|MimikyuBot has 15 seconds left.\n|inactive|MimikyuBot has 10 seconds left.\n|inactive|MimikyuBot has 5 seconds left.\n|\n|t:|1776726850\n|teamsize|p1|4\n|teamsize|p2|4\n|start\n|switch|p1a: Aegislash|Aegislash, L50, M, shiny|100/100\n|switch|p1b: Whimsicott|Whimsicott, L50, F, shiny|100/100\n|switch|p2a: Charizard|Charizard, L50, M|100/100\n|switch|p2b: Whimsicott|Whimsicott, L50, M|100/100\n|turn|1\n|inactive|MimikyuBot also wants the timer to be on.\n|\n|t:|1776726861\n|detailschange|p2a: Charizard|Charizard-Mega-Y, L50, M\n|-mega|p2a: Charizard|Charizard|Charizardite Y\n|-weather|SunnyDay|[from] ability: Drought|[of] p2a: Charizard\n|move|p2b: Whimsicott|Helping Hand|p2a: Charizard\n|-singleturn|p2a: Charizard|Helping Hand|[of] p2b: Whimsicott\n|move|p1b: Whimsicott|Moonblast|p2b: Whimsicott\n|-damage|p2b: Whimsicott|52/100\n|move|p2a: Charizard|Heat Wave|p1a: Aegislash|[spread] p1a,p1b\n|-supereffective|p1a: Aegislash|1\n|-supereffective|p1b: Whimsicott|1\n|-damage|p1a: Aegislash|0 fnt\n|-enditem|p1b: Whimsicott|Focus Sash\n|-damage|p1b: Whimsicott|1/100\n|faint|p1a: Aegislash\n|\n|-weather|SunnyDay|[upkeep]\n|upkeep\n|\n|t:|1776726861\n|switch|p1a: Gallade|Gallade, L50, M, shiny|100/100\n|turn|2\n|\n|t:|1776726871\n|detailschange|p1a: Gallade|Gallade-Mega, L50, M, shiny\n|-mega|p1a: Gallade|Gallade|Galladite\n|move|p2b: Whimsicott|Tailwind|p2b: Whimsicott\n|-sidestart|p2: Sugopon789|move: Tailwind\n|move|p2a: Charizard|Heat Wave|p1a: Gallade|[spread] p1a,p1b\n|-supereffective|p1b: Whimsicott|1\n|-damage|p1a: Gallade|29/100\n|-damage|p1b: Whimsicott|0 fnt\n|faint|p1b: Whimsicott\n|move|p1a: Gallade|Triple Axel|p2b: Whimsicott\n|-supereffective|p2b: Whimsicott|1\n|-damage|p2b: Whimsicott|30/100\n|-supereffective|p2b: Whimsicott|1\n|-damage|p2b: Whimsicott|0 fnt\n|faint|p2b: Whimsicott\n|-hitcount|p2: Whimsicott|2\n|\n|-weather|SunnyDay|[upkeep]\n|upkeep\n|\n|t:|1776726877\n|switch|p2b: Typhlosion|Typhlosion-Hisui, L50, M|100/100\n|switch|p1b: Incineroar|Incineroar, L50, F, shiny|100/100\n|-item|p1a: Gallade|Galladite|[from] ability: Frisk|[of] p2b: Typhlosion\n|-item|p1b: Incineroar|Leftovers|[from] ability: Frisk|[of] p2b: Typhlosion\n|-ability|p1b: Incineroar|Intimidate|boost\n|-unboost|p2a: Charizard|atk|1\n|-unboost|p2b: Typhlosion|atk|1\n|turn|3\n|\n|t:|1776726882\n|switch|p2a: Garchomp|Garchomp, L50, F|100/100\n|move|p2b: Typhlosion|Focus Blast|p1b: Incineroar|[miss]\n|-miss|p2b: Typhlosion|p1b: Incineroar\n|move|p1a: Gallade|Triple Axel|p2a: Garchomp\n|-supereffective|p2a: Garchomp|2\n|-damage|p2a: Garchomp|64/100\n|-damage|p1a: Gallade|17/100|[from] ability: Rough Skin|[of] p2a: Garchomp\n|-hitcount|p2a: Garchomp|1\n|move|p1b: Incineroar|Flare Blitz|p2a: Garchomp\n|-resisted|p2a: Garchomp|1\n|-damage|p2a: Garchomp|28/100\n|-status|p2a: Garchomp|brn\n|-damage|p1b: Incineroar|88/100|[from] ability: Rough Skin|[of] p2a: Garchomp\n|-damage|p1b: Incineroar|77/100|[from] Recoil\n|\n|-weather|SunnyDay|[upkeep]\n|-heal|p1b: Incineroar|83/100|[from] item: Leftovers\n|-damage|p2a: Garchomp|22/100 brn|[from] brn\n|upkeep\n|turn|4\n|\n|t:|1776726891\n|move|p2b: Typhlosion|Focus Blast|p1b: Incineroar\n|-supereffective|p1b: Incineroar|1\n|-damage|p1b: Incineroar|35/100\n|move|p2a: Garchomp|Rock Slide|p1a: Gallade|[spread] p1a,p1b\n|-resisted|p1a: Gallade|1\n|-supereffective|p1b: Incineroar|1\n|-damage|p1a: Gallade|12/100\n|-damage|p1b: Incineroar|19/100\n|move|p1a: Gallade|Psycho Cut|p2a: Garchomp\n|-damage|p2a: Garchomp|0 fnt\n|faint|p2a: Garchomp\n|cant|p1b: Incineroar|flinch\n|\n|-weather|SunnyDay|[upkeep]\n|-heal|p1b: Incineroar|25/100|[from] item: Leftovers\n|upkeep\n|\n|t:|1776726894\n|switch|p2a: Charizard|Charizard-Mega-Y, L50, M|100/100\n|turn|5\n|\n|t:|1776726898\n|move|p2b: Typhlosion|Focus Blast|p1b: Incineroar|[miss]\n|-miss|p2b: Typhlosion|p1b: Incineroar\n|move|p2a: Charizard|Heat Wave|p1b: Incineroar|[spread] p1b\n|-miss|p2a: Charizard|p1a: Gallade\n|-resisted|p1b: Incineroar|1\n|-damage|p1b: Incineroar|0 fnt\n|faint|p1b: Incineroar\n|move|p1a: Gallade|Triple Axel|p2a: Charizard|[miss]\n|-miss|p1a: Gallade|p2a: Charizard\n|\n|-weather|none\n|-sideend|p2: Sugopon789|move: Tailwind\n|upkeep\n|turn|6\n|\n|t:|1776726902\n|move|p2b: Typhlosion|Focus Blast|p1a: Gallade\n|-resisted|p1a: Gallade|1\n|-damage|p1a: Gallade|0 fnt\n|faint|p1a: Gallade\n|\n|win|Sugopon789\n",
  "uploadtime": 1776726852,
  "views": 4,
  "formatid": "gen9championsvgc2026regma",
  "rating": null,
  "private": 0,
  "password": null
}