{
  "id": "gen9championsvgc2026regma-2586342036",
  "format": "[Gen 9 Champions] VGC 2026 Reg M-A",
  "players": [
    "eepXP",
    "Deriven"
  ],
  "log": "|j|\u2606eepXP\n|j|\u2606Deriven\n|html|<table width=\"100%\"><tr><td align=\"left\">eepXP</td><td align=\"right\">Deriven</tr><tr><td align=\"left\"><i class=\"fa fa-circle\"></i> <i class=\"fa fa-circle-o\"></i> <i class=\"fa fa-circle-o\"></i> </td><td align=\"right\"><i class=\"fa fa-circle-o\"></i> <i class=\"fa fa-circle\"></i> <i class=\"fa fa-circle\"></i> </tr></table>\n|uhtml|bestof|<h2><strong>Game 4</strong> of <a href=\"/game-bestof5-gen9championsvgc2026regma-2586329457\">a best-of-5</a></h2>\n|t:|1776427033\n|gametype|doubles\n|player|p1|eepXP|clerk|\n|player|p2|Deriven|palmer|\n|gen|9\n|tier|[Gen 9 Champions] VGC 2026 Reg M-A\n|rule|Species Clause: Limit one of each Pok\u00e9mon\n|rule|Item Clause: Limit 1 of each item\n|raw|<div class=\"infobox\"><details class=\"readmore\" open><summary><strong>1 custom rule:</strong></summary> Best of = 5</details></div>\n|clearpoke\n|poke|p1|Krookodile, L50, M|\n|poke|p1|Milotic, L50, F|\n|poke|p1|Gengar, L50, F|\n|poke|p1|Whimsicott, L50, M|\n|poke|p1|Tauros-Paldea-Blaze, L50, M|\n|poke|p1|Zoroark-Hisui, L50, M|\n|poke|p2|Floette-Eternal, L50, F|\n|poke|p2|Charizard, L50, M|\n|poke|p2|Incineroar, L50, F|\n|poke|p2|Orthworm, L50, F|\n|poke|p2|Ninetales, L50, M|\n|poke|p2|Meowscarada, L50, M|\n|teampreview|4\neepXP has agreed to open team sheets.\n|\n|t:|1776427067\n|teamsize|p1|4\n|teamsize|p2|4\n|start\n|switch|p1a: Tauros|Tauros-Paldea-Blaze, L50, M, shiny|100/100\n|switch|p1b: Miloshkh|Milotic, L50, F, shiny|100/100\n|switch|p2a: Charizard|Charizard, L50, M|100/100\n|switch|p2b: Incineroar|Incineroar, L50, F|100/100\n|-ability|p2b: Incineroar|Intimidate|boost\n|-unboost|p1a: Tauros|atk|1\n|-unboost|p1b: Miloshkh|atk|1\n|-ability|p1b: Miloshkh|Competitive|boost\n|-boost|p1b: Miloshkh|spa|2\n|turn|1\n|\n|t:|1776427084\n|move|p1a: Tauros|Protect|p1a: Tauros\n|-singleturn|p1a: Tauros|Protect\n|move|p2a: Charizard|Protect|p2a: Charizard\n|-singleturn|p2a: Charizard|Protect\n|move|p1b: Miloshkh|Protect|p1b: Miloshkh\n|-singleturn|p1b: Miloshkh|Protect\n|move|p2b: Incineroar|Fake Out|p1a: Tauros\n|-activate|p1a: Tauros|move: Protect\n|\n|upkeep\n|turn|2\n|\n|t:|1776427140\n|move|p1a: Tauros|Shadow Claw|p2a: Charizard\n|-damage|p2a: Charizard|73/100\n|move|p2a: Charizard|Thunder Punch|p1b: Miloshkh\n|-supereffective|p1b: Miloshkh|1\n|-damage|p1b: Miloshkh|52/100\n|-status|p1b: Miloshkh|par\n|move|p2b: Incineroar|Parting Shot|p1b: Miloshkh\n|-unboost|p1b: Miloshkh|atk|1\n|-ability|p1b: Miloshkh|Competitive|boost\n|-boost|p1b: Miloshkh|spa|2\n|-unboost|p1b: Miloshkh|spa|1\n|-ability|p1b: Miloshkh|Competitive|boost\n|-boost|p1b: Miloshkh|spa|2\n|\n|t:|1776427153\n|switch|p2b: Ninetales|Ninetales, L50, M|100/100|[from] Parting Shot\n|-weather|SunnyDay|[from] ability: Drought|[of] p2b: Ninetales\n|move|p1b: Miloshkh|Flip Turn|p2a: Charizard\n|-supereffective|p2a: Charizard|1\n|-damage|p2a: Charizard|61/100\n|\n|t:|1776427163\n|switch|p1b: Tauros|Tauros-Paldea-Blaze, L50, M, shiny|100/100|[from] Flip Turn\n|-ability|p1b: Tauros|Intimidate|boost\n|-unboost|p2a: Charizard|atk|1\n|-unboost|p2b: Ninetales|atk|1\n|\n|-weather|SunnyDay|[upkeep]\n|-damage|p2a: Charizard|49/100|[from] ability: Solar Power|[of] p2a: Charizard\n|upkeep\n|turn|3\n|\n|t:|1776427179\n|detailschange|p2a: Charizard|Charizard-Mega-Y, L50, M\n|-mega|p2a: Charizard|Charizard|Charizardite Y\n|move|p1a: Tauros|Protect|p1a: Tauros\n|-singleturn|p1a: Tauros|Protect\n|move|p2b: Ninetales|Nasty Plot|p2b: Ninetales\n|-boost|p2b: Ninetales|spa|2\n|move|p2a: Charizard|Overheat|p1a: Tauros\n|-activate|p1a: Tauros|move: Protect\n|move|p1b: Tauros|Bulk Up|p1b: Tauros\n|-boost|p1b: Tauros|atk|1\n|-boost|p1b: Tauros|def|1\n|\n|-weather|SunnyDay|[upkeep]\n|upkeep\n|turn|4\n|\n|t:|1776427208\n|move|p1a: Tauros|Shadow Claw|p2a: Charizard\n|-damage|p2a: Charizard|21/100\n|move|p2b: Ninetales|Will-O-Wisp|p1a: Tauros\n|-status|p1a: Tauros|brn\n|move|p2a: Charizard|Earthquake|p1a: Tauros|[spread] p2b,p1a,p1b\n|-supereffective|p2b: Ninetales|1\n|-supereffective|p1b: Tauros|1\n|-crit|p1b: Tauros\n|-damage|p2b: Ninetales|59/100\n|-damage|p1a: Tauros|73/100 brn\n|-damage|p1b: Tauros|36/100\n|replace|p1a: Zoroark|Zoroark-Hisui, L50, M\n|-end|p1a: Zoroark|Illusion\n|move|p1b: Tauros|Body Press|p2a: Charizard\n|-resisted|p2a: Charizard|1\n|-damage|p2a: Charizard|0 fnt\n|faint|p2a: Charizard\n|\n|-weather|SunnyDay|[upkeep]\n|-heal|p1a: Zoroark|79/100 brn|[from] item: Leftovers\n|-damage|p1a: Zoroark|73/100 brn|[from] brn\n|upkeep\n|\n|t:|1776427227\n|switch|p2a: Meowscarada|Meowscarada, L50, M|100/100\n|turn|5\n|\n|t:|1776427243\n|switch|p1a: Miloshkh|Milotic, L50, F, shiny|52/100 par\n|move|p2a: Meowscarada|U-turn|p1a: Miloshkh\n|-start|p2a: Meowscarada|typechange|Bug|[from] ability: Protean\n|-damage|p1a: Miloshkh|9/100 par\n|\n|t:|1776427250\n|switch|p2a: Incineroar|Incineroar, L50, F|100/100|[from] U-turn\n|-ability|p2a: Incineroar|Intimidate|boost\n|-unboost|p1a: Miloshkh|atk|1\n|-ability|p1a: Miloshkh|Competitive|boost\n|-boost|p1a: Miloshkh|spa|2\n|-unboost|p1b: Tauros|atk|1\n|move|p2b: Ninetales|Mystical Fire|p1b: Tauros\n|-resisted|p1b: Tauros|1\n|-damage|p1b: Tauros|0 fnt\n|faint|p1b: Tauros\n|\n|-weather|SunnyDay|[upkeep]\n|upkeep\n|\n|t:|1776427262\n|switch|p1b: Whimsicocc|Whimsicott, L50, M, shiny|100/100\n|turn|6\n|\n|t:|1776427277\n|move|p2a: Incineroar|Fake Out|p1b: Whimsicocc\n|-damage|p1b: Whimsicocc|85/100\n|move|p2b: Ninetales|Will-O-Wisp||[still]\n|-fail|p2b: Ninetales\n|cant|p1b: Whimsicocc|flinch\n|move|p1a: Miloshkh|Scald|p2b: Ninetales\n|-supereffective|p2b: Ninetales|1\n|-damage|p2b: Ninetales|0 fnt\n|faint|p2b: Ninetales\n|\n|-weather|none\n|upkeep\n|\n|t:|1776427288\n|switch|p2b: Meowscarada|Meowscarada, L50, M|100/100\n|turn|7\n|\n|t:|1776427297\n|move|p1a: Miloshkh|Protect|p1a: Miloshkh\n|-singleturn|p1a: Miloshkh|Protect\n|move|p2b: Meowscarada|Play Rough|p1b: Whimsicocc\n|-start|p2b: Meowscarada|typechange|Fairy|[from] ability: Protean\n|-damage|p1b: Whimsicocc|29/100\n|move|p1b: Whimsicocc|Tailwind|p1b: Whimsicocc\n|-sidestart|p1: eepXP|move: Tailwind\n|move|p2a: Incineroar|Roar|p1a: Miloshkh\n|drag|p1a: Miloshkh|Milotic, L50, F, shiny|73/100 brn\n|\n|-heal|p1a: Miloshkh|79/100 brn|[from] item: Leftovers\n|-damage|p1a: Miloshkh|73/100 brn|[from] brn\n|upkeep\n|turn|8\n|\n|t:|1776427328\n|move|p1a: Miloshkh|Shadow Claw|p2b: Meowscarada\n|-damage|p2b: Meowscarada|80/100\n|move|p1b: Whimsicocc|Stun Spore|p2b: Meowscarada\n|-status|p2b: Meowscarada|par\n|move|p2b: Meowscarada|Play Rough|p1b: Whimsicocc\n|-damage|p1b: Whimsicocc|0 fnt\n|faint|p1b: Whimsicocc\n|move|p2a: Incineroar|Parting Shot|p1a: Miloshkh\n|-unboost|p1a: Miloshkh|atk|1\n|-unboost|p1a: Miloshkh|spa|1\n|\n|-heal|p1a: Miloshkh|79/100 brn|[from] item: Leftovers\n|-damage|p1a: Miloshkh|73/100 brn|[from] brn\n|upkeep\n|\n|t:|1776427342\n|switch|p1b: Miloshkh|Milotic, L50, F, shiny|9/100 par\n|turn|9\n|\n|t:|1776427352\n|move|p1a: Miloshkh|Shadow Claw|p2b: Meowscarada\n|-damage|p2b: Meowscarada|65/100 par\n|move|p2b: Meowscarada|Play Rough|p1b: Miloshkh\n|-damage|p1b: Miloshkh|0 fnt\n|faint|p1b: Miloshkh\n|move|p2a: Incineroar|Parting Shot|p1a: Miloshkh\n|-unboost|p1a: Miloshkh|atk|1\n|-unboost|p1a: Miloshkh|spa|1\n|\n|-heal|p1a: Miloshkh|79/100 brn|[from] item: Leftovers\n|-damage|p1a: Miloshkh|73/100 brn|[from] brn\n|upkeep\n|turn|10\n|\n|t:|1776427375\n|move|p1a: Miloshkh|Shadow Claw|p2b: Meowscarada\n|-damage|p2b: Meowscarada|55/100 par\n|cant|p2b: Meowscarada|par\n|move|p2a: Incineroar|Parting Shot|p1a: Miloshkh\n|-unboost|p1a: Miloshkh|atk|1\n|-unboost|p1a: Miloshkh|spa|1\n|\n|-heal|p1a: Miloshkh|79/100 brn|[from] item: Leftovers\n|-damage|p1a: Miloshkh|73/100 brn|[from] brn\n|-sideend|p1: eepXP|move: Tailwind\n|upkeep\n|turn|11\n|\n|t:|1776427392\n|move|p1a: Miloshkh|Swords Dance|p1a: Miloshkh\n|-boost|p1a: Miloshkh|atk|2\n|move|p2b: Meowscarada|Play Rough|p1a: Miloshkh\n|-damage|p1a: Miloshkh|0 fnt\n|replace|p1a: Zoroark|Zoroark-Hisui, L50, M\n|-end|p1a: Zoroark|Illusion\n|faint|p1a: Zoroark\n|\n|win|Deriven\n",
  "uploadtime": 1776427401,
  "views": 21,
  "formatid": "gen9championsvgc2026regma",
  "rating": null,
  "private": 0,
  "password": null
}