{
  "id": "gen9championsvgc2026regma-2588634179",
  "format": "[Gen 9 Champions] VGC 2026 Reg M-A",
  "players": [
    "NAPOLITANA07",
    "25th_mang"
  ],
  "log": "|j|\u2606NAPOLITANA07\n|j|\u260625th_mang\n|t:|1776652197\n|gametype|doubles\n|player|p1|NAPOLITANA07|pokemonbreederf|1176\n|player|p2|25th_mang|ballguy|1246\n|gen|9\n|tier|[Gen 9 Champions] VGC 2026 Reg M-A\n|rated|\n|rule|Species Clause: Limit one of each Pok\u00e9mon\n|rule|Item Clause: Limit 1 of each item\n|clearpoke\n|poke|p1|Luxray, L50, M|\n|poke|p1|Slowbro, L50, M|\n|poke|p1|Mimikyu, L50, M, shiny|\n|poke|p1|Garchomp, L50, M|\n|poke|p1|Tyranitar, L50, M|\n|poke|p1|Talonflame, L50, M|\n|poke|p2|Blastoise, L50, M|\n|poke|p2|Kingambit, L50, F|\n|poke|p2|Kangaskhan, L50, F|\n|poke|p2|Sinistcha-Masterpiece, L50|\n|poke|p2|Aerodactyl, L50, F|\n|poke|p2|Farigiraf, L50, F, shiny|\n|teampreview|4\n|inactive|Battle timer is ON: inactive players will automatically lose when time's up. (requested by 25th_mang)\n|inactive|NAPOLITANA07 has 60 seconds left.\n|inactive|NAPOLITANA07 has 30 seconds left.\n|\n|t:|1776652266\n|teamsize|p1|4\n|teamsize|p2|4\n|start\n|switch|p1a: Luxray|Luxray, L50, M|100/100\n|switch|p1b: Garchomp|Garchomp, L50, M|100/100\n|switch|p2a: Farigiraf|Farigiraf, L50, F, shiny|100/100\n|switch|p2b: Blastoise|Blastoise, L50, M|100/100\n|-ability|p1a: Luxray|Intimidate|boost\n|-unboost|p2a: Farigiraf|atk|1\n|-unboost|p2b: Blastoise|atk|1\n|turn|1\n|inactive|NAPOLITANA07 has 30 seconds left.\n|inactive|25th_mang has 30 seconds left.\n|inactive|25th_mang has 20 seconds left.\n|inactive|25th_mang has 15 seconds left.\n|inactive|25th_mang has 10 seconds left.\n|\n|t:|1776652313\n|detailschange|p2b: Blastoise|Blastoise-Mega, L50, M\n|-mega|p2b: Blastoise|Blastoise|Blastoisinite\n|move|p2b: Blastoise|Fake Out|p1a: Luxray\n|-damage|p1a: Luxray|94/100\n|move|p1b: Garchomp|Rock Slide|p2a: Farigiraf|[spread] p2a,p2b\n|-damage|p2a: Farigiraf|85/100\n|-damage|p2b: Blastoise|82/100\n|cant|p1a: Luxray|flinch\n|cant|p2a: Farigiraf|flinch\n|\n|upkeep\n|turn|2\n|inactive|NAPOLITANA07 has 30 seconds left.\n|inactive|NAPOLITANA07 has 20 seconds left.\n|\n|t:|1776652348\n|switch|p2b: Sinistcha|Sinistcha-Masterpiece, L50|100/100\n|-heal|p2a: Farigiraf|100/100|[from] ability: Hospitality|[of] p2b: Sinistcha\n|move|p1b: Garchomp|Rock Slide|p2b: Sinistcha|[spread] p2a,p2b\n|-damage|p2a: Farigiraf|86/100\n|-damage|p2b: Sinistcha|81/100\n|move|p1a: Luxray|Crunch|p2a: Farigiraf\n|-supereffective|p2a: Farigiraf|1\n|-crit|p2a: Farigiraf\n|-damage|p2a: Farigiraf|32/100\n|-enditem|p2a: Farigiraf|Sitrus Berry|[eat]\n|-heal|p2a: Farigiraf|57/100|[from] item: Sitrus Berry\n|move|p2a: Farigiraf|Trick Room|p2a: Farigiraf\n|-fieldstart|move: Trick Room|[of] p2a: Farigiraf\n|\n|upkeep\n|turn|3\n|inactive|NAPOLITANA07 has 30 seconds left.\n|inactive|25th_mang has 30 seconds left.\n|inactive|NAPOLITANA07 has 20 seconds left.\n|\n|t:|1776652384\n|switch|p1a: Slowbro|Slowbro, L50, M|100/100\n|switch|p1b: Tyranitar|Tyranitar, L50, M|100/100\n|-weather|Sandstorm|[from] ability: Sand Stream|[of] p1b: Tyranitar\n|move|p2a: Farigiraf|Psychic|p1a: Slowbro\n|-resisted|p1a: Slowbro|1\n|-damage|p1a: Slowbro|85/100\n|move|p2b: Sinistcha|Matcha Gotcha|p1a: Slowbro|[spread] p1a,p1b\n|-supereffective|p1a: Slowbro|1\n|-supereffective|p1b: Tyranitar|1\n|-damage|p1a: Slowbro|41/100\n|-heal|p2b: Sinistcha|100/100|[from] drain|[of] p1a: Slowbro\n|-damage|p1b: Tyranitar|74/100\n|-status|p1b: Tyranitar|brn\n|\n|-weather|Sandstorm|[upkeep]\n|-damage|p1a: Slowbro|35/100|[from] Sandstorm\n|-damage|p2a: Farigiraf|51/100|[from] Sandstorm\n|-damage|p2b: Sinistcha|94/100|[from] Sandstorm\n|-heal|p1a: Slowbro|41/100|[from] item: Leftovers\n|-damage|p1b: Tyranitar|68/100 brn|[from] brn\n|upkeep\n|turn|4\n|inactive|NAPOLITANA07 has 30 seconds left.\n|inactive|NAPOLITANA07 has 20 seconds left.\n|inactive|NAPOLITANA07 has 15 seconds left.\n|inactive|NAPOLITANA07 has 10 seconds left.\n|inactive|NAPOLITANA07 has 5 seconds left.\n|\n|t:|1776652439\n|move|p2a: Farigiraf|Rain Dance|p2a: Farigiraf\n|-weather|RainDance\n|move|p1b: Tyranitar|Low Kick|p2a: Farigiraf\n|-damage|p2a: Farigiraf|37/100\n|move|p2b: Sinistcha|Matcha Gotcha|p1a: Slowbro|[spread] p1a,p1b\n|-supereffective|p1a: Slowbro|1\n|-supereffective|p1b: Tyranitar|1\n|-damage|p1a: Slowbro|0 fnt\n|-heal|p2b: Sinistcha|100/100|[from] drain|[of] p1a: Slowbro\n|-damage|p1b: Tyranitar|27/100 brn\n|faint|p1a: Slowbro\n|\n|-weather|RainDance|[upkeep]\n|-damage|p1b: Tyranitar|21/100 brn|[from] brn\n|upkeep\n|inactive|NAPOLITANA07 has 30 seconds left.\n|\n|t:|1776652469\n|switch|p1a: Garchomp|Garchomp, L50, M|100/100\n|turn|5\n|inactive|NAPOLITANA07 has 30 seconds left.\n|\n|t:|1776652499\n|detailschange|p1b: Tyranitar|Tyranitar-Mega, L50, M\n|-mega|p1b: Tyranitar|Tyranitar|Tyranitarite\n|-weather|Sandstorm|[from] ability: Sand Stream|[of] p1b: Tyranitar\n|move|p1b: Tyranitar|Protect|p1b: Tyranitar\n|-singleturn|p1b: Tyranitar|Protect\n|move|p2a: Farigiraf|Rain Dance|p2a: Farigiraf\n|-weather|RainDance\n|move|p2b: Sinistcha|Matcha Gotcha|p1a: Garchomp|[spread] p1a\n|-activate|p1b: Tyranitar|move: Protect\n|-damage|p1a: Garchomp|74/100\n|move|p1a: Garchomp|Dragon Claw|p2a: Farigiraf\n|-damage|p2a: Farigiraf|4/100\n|\n|-weather|RainDance|[upkeep]\n|-damage|p1b: Tyranitar|15/100 brn|[from] brn\n|upkeep\n|turn|6\n|inactive|NAPOLITANA07 has 30 seconds left.\n|\n|t:|1776652525\n|switch|p1b: Luxray|Luxray, L50, M|94/100\n|-ability|p1b: Luxray|Intimidate|boost\n|-unboost|p2a: Farigiraf|atk|1\n|-unboost|p2b: Sinistcha|atk|1\n|move|p2a: Farigiraf|Helping Hand|p2b: Sinistcha\n|-singleturn|p2b: Sinistcha|Helping Hand|[of] p2a: Farigiraf\n|move|p2b: Sinistcha|Matcha Gotcha|p1a: Garchomp|[spread] p1a,p1b\n|-damage|p1a: Garchomp|34/100\n|-damage|p1b: Luxray|50/100\n|-status|p1a: Garchomp|brn\n|-status|p1b: Luxray|brn\n|move|p1a: Garchomp|Rock Slide|p2b: Sinistcha|[spread] p2b\n|-miss|p1a: Garchomp|p2a: Farigiraf\n|-damage|p2b: Sinistcha|92/100\n|\n|-weather|RainDance|[upkeep]\n|-damage|p1b: Luxray|44/100 brn|[from] brn\n|-damage|p1a: Garchomp|28/100 brn|[from] brn\n|-fieldend|move: Trick Room\n|upkeep\n|turn|7\n|inactive|NAPOLITANA07 has 30 seconds left.\n|inactive|25th_mang has 30 seconds left.\n|inactive|NAPOLITANA07 has 20 seconds left.\n|inactive|25th_mang has 20 seconds left.\n|inactive|25th_mang has 15 seconds left.\n|\n|t:|1776652568\n|switch|p1b: Tyranitar|Tyranitar-Mega, L50, M|15/100 brn\n|-weather|Sandstorm|[from] ability: Sand Stream|[of] p1b: Tyranitar\n|move|p2b: Sinistcha|Rage Powder|p2b: Sinistcha\n|-singleturn|p2b: Sinistcha|move: Rage Powder\n|move|p1a: Garchomp|Rock Slide|p2a: Farigiraf|[spread] p2a,p2b\n|-damage|p2a: Farigiraf|0 fnt\n|-damage|p2b: Sinistcha|83/100\n|faint|p2a: Farigiraf\n|\n|-weather|Sandstorm|[upkeep]\n|-damage|p2b: Sinistcha|76/100|[from] Sandstorm\n|-damage|p1a: Garchomp|22/100 brn|[from] brn\n|-damage|p1b: Tyranitar|9/100 brn|[from] brn\n|upkeep\n|\n|t:|1776652577\n|switch|p2a: Kingambit|Kingambit, L50, F|100/100\n|turn|8\n|inactive|NAPOLITANA07 has 30 seconds left.\n|\n|t:|1776652612\n|move|p2a: Kingambit|Sucker Punch|p1a: Garchomp|[miss]\n|-miss|p2a: Kingambit|p1a: Garchomp\n|move|p1a: Garchomp|Rock Slide|p2a: Kingambit|[spread] p2a,p2b\n|-resisted|p2a: Kingambit|1\n|-damage|p2a: Kingambit|97/100\n|-damage|p2b: Sinistcha|68/100\n|move|p1b: Tyranitar|Low Kick|p2a: Kingambit\n|-supereffective|p2a: Kingambit|2\n|-damage|p2a: Kingambit|30/100\n|move|p2b: Sinistcha|Matcha Gotcha|p1a: Garchomp|[spread] p1b\n|-miss|p2b: Sinistcha|p1a: Garchomp\n|-supereffective|p1b: Tyranitar|1\n|-damage|p1b: Tyranitar|0 fnt\n|-heal|p2b: Sinistcha|73/100|[from] drain|[of] p1b: Tyranitar\n|faint|p1b: Tyranitar\n|\n|-weather|Sandstorm|[upkeep]\n|-damage|p2b: Sinistcha|67/100|[from] Sandstorm\n|-damage|p1a: Garchomp|17/100 brn|[from] brn\n|upkeep\n|\n|t:|1776652634\n|switch|p1b: Luxray|Luxray, L50, M|44/100 brn\n|-ability|p1b: Luxray|Intimidate|boost\n|-unboost|p2a: Kingambit|atk|1\n|-ability|p2a: Kingambit|Defiant|boost\n|-boost|p2a: Kingambit|atk|2\n|-unboost|p2b: Sinistcha|atk|1\n|turn|9\n|inactive|NAPOLITANA07 has 30 seconds left.\n|\n|t:|1776652666\n|move|p1a: Garchomp|Protect|p1a: Garchomp\n|-singleturn|p1a: Garchomp|Protect\n|move|p2a: Kingambit|Sucker Punch||[still]\n|-fail|p2a: Kingambit\n|move|p1b: Luxray|Superpower|p2a: Kingambit\n|-supereffective|p2a: Kingambit|2\n|-damage|p2a: Kingambit|0 fnt\n|-unboost|p1b: Luxray|atk|1\n|-unboost|p1b: Luxray|def|1\n|faint|p2a: Kingambit\n|move|p2b: Sinistcha|Trick Room|p2b: Sinistcha\n|-fieldstart|move: Trick Room|[of] p2b: Sinistcha\n|\n|-weather|Sandstorm|[upkeep]\n|-damage|p2b: Sinistcha|61/100|[from] Sandstorm\n|-damage|p1b: Luxray|39/100 brn|[from] Sandstorm\n|-damage|p1b: Luxray|33/100 brn|[from] brn\n|-damage|p1a: Garchomp|11/100 brn|[from] brn\n|upkeep\n|\n|t:|1776652674\n|switch|p2a: Blastoise|Blastoise-Mega, L50, M|82/100\n|turn|10\n|\n|t:|1776652692\n|move|p2b: Sinistcha|Matcha Gotcha|p1a: Garchomp|[spread] p1a,p1b\n|-damage|p1a: Garchomp|0 fnt\n|-heal|p2b: Sinistcha|66/100|[from] drain|[of] p1a: Garchomp\n|-damage|p1b: Luxray|2/100 brn\n|-heal|p2b: Sinistcha|81/100|[from] drain|[of] p1b: Luxray\n|faint|p1a: Garchomp\n|move|p2a: Blastoise|Water Spout|p1b: Luxray\n|-damage|p1b: Luxray|0 fnt\n|faint|p1b: Luxray\n|\n|win|25th_mang\n|raw|NAPOLITANA07's rating: 1176 &rarr; <strong>1156</strong><br />(-20 for losing)\n|raw|25th_mang's rating: 1246 &rarr; <strong>1266</strong><br />(+20 for winning)\n",
  "uploadtime": 1776652710,
  "views": 5,
  "formatid": "gen9championsvgc2026regma",
  "rating": 1156,
  "private": 0,
  "password": null
}