{
  "id": "gen9championsvgc2026regma-2581346615",
  "format": "[Gen 9 Champions] VGC 2026 Reg M-A",
  "players": [
    "darak8",
    "rynn11."
  ],
  "log": "|j|\u2606darak8\n|j|\u2606rynn11.\n|t:|1775989779\n|gametype|doubles\n|player|p1|darak8|hiker|1000\n|player|p2|rynn11.|veteran|1000\n|gen|9\n|tier|[Gen 9 Champions] VGC 2026 Reg M-A\n|rated|\n|rule|Species Clause: Limit one of each Pok\u00e9mon\n|rule|Item Clause: Limit 1 of each item\n|clearpoke\n|poke|p1|Milotic, L50, F|\n|poke|p1|Whimsicott, L50, F|\n|poke|p1|Venusaur, L50, M|\n|poke|p1|Charizard, L50, M|\n|poke|p1|Archaludon, L50, M|\n|poke|p1|Sneasler, L50, M|\n|poke|p2|Crabominable, L50, M|\n|poke|p2|Farigiraf, L50, M|\n|poke|p2|Incineroar, L50, M|\n|poke|p2|Vaporeon, L50, M|\n|poke|p2|Tinkaton, L50, F|\n|poke|p2|Dragapult, L50, M|\n|teampreview|4\n|\n|t:|1775989819\n|teamsize|p1|4\n|teamsize|p2|4\n|start\n|switch|p1a: Venusaur|Venusaur, L50, M, shiny|100/100\n|switch|p1b: Charizard|Charizard, L50, M, shiny|100/100\n|switch|p2a: Farigiraf|Farigiraf, L50, M|100/100\n|switch|p2b: Incineroar|Incineroar, L50, M|100/100\n|-ability|p2b: Incineroar|Intimidate|boost\n|-unboost|p1a: Venusaur|atk|1\n|-unboost|p1b: Charizard|atk|1\n|turn|1\n|\n|t:|1775989844\n|detailschange|p1b: Charizard|Charizard-Mega-Y, L50, M, shiny\n|-mega|p1b: Charizard|Charizard|Charizardite Y\n|-weather|SunnyDay|[from] ability: Drought|[of] p1b: Charizard\n|move|p2a: Farigiraf|Helping Hand|p2b: Incineroar\n|-singleturn|p2b: Incineroar|Helping Hand|[of] p2a: Farigiraf\n|move|p1a: Venusaur|Sludge Bomb|p2a: Farigiraf\n|-damage|p2a: Farigiraf|70/100\n|move|p1b: Charizard|Heat Wave|p2b: Incineroar|[spread] \n|-miss|p1b: Charizard|p2a: Farigiraf\n|-miss|p1b: Charizard|p2b: Incineroar\n|move|p2b: Incineroar|Flare Blitz|p1a: Venusaur\n|-supereffective|p1a: Venusaur|1\n|-damage|p1a: Venusaur|0 fnt\n|faint|p1a: Venusaur\n|-damage|p2b: Incineroar|75/100|[from] Recoil\n|\n|-weather|SunnyDay|[upkeep]\n|upkeep\n|\n|t:|1775989860\n|switch|p1a: Sneasler|Sneasler, L50, M, shiny|100/100\n|turn|2\n|\n|t:|1775989891\n|move|p1a: Sneasler|Close Combat|p2b: Incineroar\n|-supereffective|p2b: Incineroar|1\n|-enditem|p2b: Incineroar|Chople Berry|[eat]\n|-enditem|p2b: Incineroar|Chople Berry|[weaken]\n|-damage|p2b: Incineroar|29/100\n|-unboost|p1a: Sneasler|def|1\n|-unboost|p1a: Sneasler|spd|1\n|move|p1b: Charizard|Heat Wave|p2b: Incineroar|[spread] p2a,p2b\n|-resisted|p2b: Incineroar|1\n|-damage|p2a: Farigiraf|24/100\n|-damage|p2b: Incineroar|0 fnt\n|-enditem|p2a: Farigiraf|Sitrus Berry|[eat]\n|-heal|p2a: Farigiraf|49/100|[from] item: Sitrus Berry\n|faint|p2b: Incineroar\n|move|p2a: Farigiraf|Psychic|p1b: Charizard\n|-damage|p1b: Charizard|70/100\n|\n|-weather|SunnyDay|[upkeep]\n|upkeep\n|\n|t:|1775989913\n|switch|p2b: Dragapult|Dragapult, L50, M|100/100\n|turn|3\n|\n|t:|1775989933\n|move|p2b: Dragapult|Dragon Darts|p1a: Sneasler\n|-damage|p1a: Sneasler|37/100\n|-anim|p2b: Dragapult|Dragon Darts|p1b: Charizard\n|-damage|p1b: Charizard|26/100\n|move|p1a: Sneasler|Dire Claw|p2b: Dragapult\n|-resisted|p2b: Dragapult|1\n|-damage|p2b: Dragapult|71/100\n|move|p1b: Charizard|Heat Wave|p2b: Dragapult|[spread] p2a,p2b\n|-crit|p2a: Farigiraf\n|-resisted|p2b: Dragapult|1\n|-damage|p2a: Farigiraf|0 fnt\n|-damage|p2b: Dragapult|31/100\n|faint|p2a: Farigiraf\n|\n|-weather|SunnyDay|[upkeep]\n|upkeep\n|\n|t:|1775989951\n|switch|p2a: Vaporeon|Vaporeon, L50, M|100/100\n|turn|4\n|c|\u2606darak8|GG\n|\n|t:|1775989971\n|move|p2b: Dragapult|Dragon Darts|p1a: Sneasler\n|-damage|p1a: Sneasler|0 fnt\n|-anim|p2b: Dragapult|Dragon Darts|p1b: Charizard\n|-damage|p1b: Charizard|0 fnt\n|faint|p1a: Sneasler\n|faint|p1b: Charizard\n|move|p2a: Vaporeon|Icy Wind|p1: Sneasler|[notarget]\n|-fail|p2a: Vaporeon\n|\n|-weather|SunnyDay|[upkeep]\n|upkeep\n|\n|t:|1775989976\n|switch|p1b: Archaludon|Archaludon, L50, M, shiny|100/100\n|turn|5\n|\n|t:|1775989995\n|move|p1b: Archaludon|Thunderbolt|p2a: Vaporeon\n|-supereffective|p2a: Vaporeon|1\n|-damage|p2a: Vaporeon|45/100\n|move|p2b: Dragapult|Dragon Darts|p1b: Archaludon\n|-damage|p1b: Archaludon|78/100\n|-anim|p2b: Dragapult|Dragon Darts|p1b: Archaludon\n|-damage|p1b: Archaludon|56/100\n|move|p2a: Vaporeon|Icy Wind|p1b: Archaludon|[miss]\n|-miss|p2a: Vaporeon|p1b: Archaludon\n|\n|-weather|none\n|upkeep\n|turn|6\n|\n|t:|1775990010\n|move|p1b: Archaludon|Thunderbolt|p2b: Dragapult\n|-resisted|p2b: Dragapult|1\n|-damage|p2b: Dragapult|11/100\n|-status|p2b: Dragapult|par\n|move|p2a: Vaporeon|Icy Wind|p1b: Archaludon\n|-damage|p1b: Archaludon|29/100\n|-unboost|p1b: Archaludon|spe|1\n|move|p2b: Dragapult|Dragon Darts|p1b: Archaludon\n|-damage|p1b: Archaludon|7/100\n|-anim|p2b: Dragapult|Dragon Darts|p1b: Archaludon\n|-crit|p1b: Archaludon\n|-damage|p1b: Archaludon|0 fnt\n|faint|p1b: Archaludon\n|\n|win|rynn11.\n|raw|darak8's rating: 1000 &rarr; <strong>1000</strong><br />(+0 for losing)\n|raw|rynn11.'s rating: 1000 &rarr; <strong>1040</strong><br />(+40 for winning)\n|l|\u2606darak8\n|player|p1|\n",
  "uploadtime": 1775990029,
  "views": 34,
  "formatid": "gen9championsvgc2026regma",
  "rating": 1000,
  "private": 0,
  "password": null
}