{
  "id": "gen9championsvgc2026regma-2583232930",
  "format": "[Gen 9 Champions] VGC 2026 Reg M-A",
  "players": [
    "SaintCharlesVII",
    "PowerDickJones"
  ],
  "log": "|j|\u2606SaintCharlesVII\n|j|\u2606PowerDickJones\n|t:|1776157620\n|gametype|doubles\n|player|p1|SaintCharlesVII|youngcouple|1095\n|player|p2|PowerDickJones|burglar|1100\n|gen|9\n|tier|[Gen 9 Champions] VGC 2026 Reg M-A\n|rated|\n|rule|Species Clause: Limit one of each Pok\u00e9mon\n|rule|Item Clause: Limit 1 of each item\n|clearpoke\n|poke|p1|Charizard, L50, M|\n|poke|p1|Sinistcha, L50|\n|poke|p1|Ninetales-Alola, L50, M|\n|poke|p1|Basculegion, L50, M|\n|poke|p1|Tinkaton, L50, F|\n|poke|p1|Serperior, L50, M|\n|poke|p2|Hawlucha, L50, M|\n|poke|p2|Excadrill, L50, F|\n|poke|p2|Alakazam, L50, F|\n|poke|p2|Arcanine-Hisui, L50, M|\n|poke|p2|Floette-Eternal, L50, F|\n|poke|p2|Kingambit, L50, F|\n|teampreview|4\n|c|\u2606PowerDickJones|glhf\nPowerDickJones has agreed to open team sheets.\n|c|\u2606SaintCharlesVII|u2\nSaintCharlesVII has agreed to open team sheets.\n|showteam|p1|Charizard||CharizarditeX|Blaze|DragonDance,DragonClaw,FlareBlitz,Protect|||M|||50|]Sinistcha||Leftovers|Hospitality|RagePowder,LifeDew,MatchaGotcha,TrickRoom||||||50|]Ninetales-Alola||FocusSash|SnowWarning|FreezeDry,Blizzard,AuroraVeil,Protect|||M|||50|]Basculegion||ChoiceScarf|Adaptability|WaveCrash,Waterfall,FlipTurn,LastRespects|||M|||50|]Tinkaton||WhiteHerb|MoldBreaker|FakeOut,GigatonHammer,PlayRough,Protect|||F|||50|]Serperior||MiracleSeed|Contrary|LeafStorm,GigaDrain,EnergyBall,Protect|||M|||50|\n|showteam|p2|Hawlucha||Hawluchanite|Unburden|Entrainment,Coaching,UpperHand,BraveBird|||M|||50|]Excadrill||ChoiceScarf|MoldBreaker|Earthquake,RockSlide,HornDrill,Fissure|||F|||50|]Alakazam||FocusSash|MagicGuard|SkillSwap,Protect,AllySwitch,ThunderWave|||F|||50|]Arcanine-Hisui||ShucaBerry|Intimidate|HeadSmash,FlareBlitz,RockSlide,ExtremeSpeed|||M|||50|]Floette-Eternal||Floettite|FlowerVeil|LightofRuin,DazzlingGleam,DrainingKiss,PollenPuff|||F|||50|]Kingambit||SitrusBerry|Defiant|SuckerPunch,Assurance,Protect,Guillotine|||F|||50|\n|inactive|Battle timer is ON: inactive players will automatically lose when time's up. (requested by SaintCharlesVII)\n|inactive|PowerDickJones has 60 seconds left.\n|inactive|PowerDickJones has 30 seconds left.\n|inactive|PowerDickJones has 20 seconds left.\n|\n|t:|1776157766\n|teamsize|p1|4\n|teamsize|p2|4\n|start\n|switch|p1a: Basculegion|Basculegion, L50, M|100/100\n|switch|p1b: Charizard|Charizard, L50, M|100/100\n|switch|p2a: Alakazam|Alakazam, L50, F, shiny|100/100\n|switch|p2b: Floette|Floette-Eternal, L50, F, shiny|100/100\n|turn|1\n|inactive|PowerDickJones has 30 seconds left.\n|inactive|PowerDickJones has 20 seconds left.\n|inactive|PowerDickJones has 15 seconds left.\n|inactive|PowerDickJones has 10 seconds left.\n|inactive|PowerDickJones has 5 seconds left.\n|\n|t:|1776157818\n|switch|p2b: Arcanine|Arcanine-Hisui, L50, M|100/100\n|-ability|p2b: Arcanine|Intimidate|boost\n|-unboost|p1a: Basculegion|atk|1\n|-unboost|p1b: Charizard|atk|1\n|move|p1a: Basculegion|Flip Turn|p2b: Arcanine\n|-supereffective|p2b: Arcanine|2\n|-damage|p2b: Arcanine|0 fnt\n|faint|p2b: Arcanine\n|\n|t:|1776157829\n|switch|p1a: Tinkaton|Tinkaton, L50, F|100/100|[from] Flip Turn\n|-ability|p1a: Tinkaton|Mold Breaker\n|move|p2a: Alakazam|Skill Swap|p2: Arcanine|[notarget]\n|-fail|p2a: Alakazam\n|move|p1b: Charizard|Flare Blitz|p2a: Alakazam\n|-damage|p2a: Alakazam|52/100\n|-damage|p1b: Charizard|86/100|[from] Recoil\n|\n|upkeep\n|\n|t:|1776157839\n|switch|p2b: Floette|Floette-Eternal, L50, F, shiny|100/100\n|turn|2\n|inactive|PowerDickJones has 30 seconds left.\n|\n|t:|1776157871\n|switch|p1b: Basculegion|Basculegion, L50, M|100/100\n|switch|p2b: Kingambit|Kingambit, L50, F|100/100\n|move|p2a: Alakazam|Protect|p2a: Alakazam\n|-singleturn|p2a: Alakazam|Protect\n|move|p1a: Tinkaton|Gigaton Hammer|p2b: Kingambit\n|-resisted|p2b: Kingambit|1\n|-damage|p2b: Kingambit|82/100\n|\n|upkeep\n|turn|3\n|inactive|PowerDickJones has 30 seconds left.\n|\n|t:|1776157901\n|move|p2b: Kingambit|Sucker Punch|p1b: Basculegion\n|-supereffective|p1b: Basculegion|1\n|-damage|p1b: Basculegion|0 fnt\n|faint|p1b: Basculegion\n|move|p2a: Alakazam|Thunder Wave|p1a: Tinkaton\n|-status|p1a: Tinkaton|par\n|move|p1a: Tinkaton|Play Rough|p2b: Kingambit\n|-damage|p2b: Kingambit|59/100\n|\n|upkeep\n|\n|t:|1776157910\n|switch|p1b: Charizard|Charizard, L50, M|86/100\n|turn|4\n|\n|t:|1776157921\n|switch|p1a: Sinistcha|Sinistcha, L50|100/100\n|-heal|p1b: Charizard|100/100|[from] ability: Hospitality|[of] p1a: Sinistcha\n|switch|p2b: Floette|Floette-Eternal, L50, F, shiny|100/100\n|detailschange|p1b: Charizard|Charizard-Mega-X, L50, M\n|-mega|p1b: Charizard|Charizard|Charizardite X\n|move|p2a: Alakazam|Skill Swap|p2b: Floette\n|-activate|p2a: Alakazam|Skill Swap|||[of] p2b: Floette\n|move|p1b: Charizard|Flare Blitz|p2b: Floette\n|-damage|p2b: Floette|1/100\n|-damage|p1b: Charizard|74/100|[from] Recoil\n|\n|upkeep\n|turn|5\n|inactive|PowerDickJones has 30 seconds left.\n|inactive|PowerDickJones has 20 seconds left.\n|inactive|PowerDickJones has 15 seconds left.\n|inactive|PowerDickJones has 10 seconds left.\n|\n|t:|1776157967\n|switch|p1b: Tinkaton|Tinkaton, L50, F|100/100 par\n|-ability|p1b: Tinkaton|Mold Breaker\n|detailschange|p2b: Floette|Floette-Mega, L50, F, shiny\n|-mega|p2b: Floette|Floette|Floettite\n|-ability|p2b: Floette|Fairy Aura\n|move|p2a: Alakazam|Ally Switch|p2a: Alakazam\n|swap|p2a: Alakazam|1|[from] move: Ally Switch\n|move|p2a: Floette|Dazzling Gleam|p1a: Sinistcha|[spread] p1a,p1b\n|-resisted|p1b: Tinkaton|1\n|-damage|p1a: Sinistcha|51/100\n|-damage|p1b: Tinkaton|76/100 par\n|move|p1a: Sinistcha|Matcha Gotcha|p2b: Alakazam|[spread] p2a,p2b\n|-damage|p2a: Floette|0 fnt\n|-heal|p1a: Sinistcha|52/100|[from] drain|[of] p2a: Floette\n|-damage|p2b: Alakazam|24/100\n|-heal|p1a: Sinistcha|65/100|[from] drain|[of] p2b: Alakazam\n|-status|p2b: Alakazam|brn\n|faint|p2a: Floette\n|\n|-heal|p1a: Sinistcha|71/100|[from] item: Leftovers\n|-damage|p2b: Alakazam|18/100 brn|[from] brn\n|upkeep\n|\n|t:|1776157983\n|switch|p2a: Kingambit|Kingambit, L50, F|59/100\n|turn|6\n|\n|t:|1776158009\n|move|p1b: Tinkaton|Fake Out|p2a: Kingambit\n|-resisted|p2a: Kingambit|1\n|-damage|p2a: Kingambit|56/100\n|move|p2b: Alakazam|Skill Swap|p1a: Sinistcha\n|-activate|p2b: Alakazam|Skill Swap|Hospitality|Flower Veil|[of] p1a: Sinistcha\n|-heal|p2a: Kingambit|81/100|[from] ability: Hospitality|[of] p2b: Alakazam\n|cant|p2a: Kingambit|flinch\n|move|p1a: Sinistcha|Trick Room|p1a: Sinistcha\n|-fieldstart|move: Trick Room|[of] p1a: Sinistcha\n|\n|-heal|p1a: Sinistcha|77/100|[from] item: Leftovers\n|-damage|p2b: Alakazam|12/100 brn|[from] brn\n|upkeep\n|turn|7\n|\n|t:|1776158030\n|switch|p1b: Charizard|Charizard-Mega-X, L50, M|74/100\n|move|p2b: Alakazam|Protect|p2b: Alakazam\n|-singleturn|p2b: Alakazam|Protect\n|move|p2a: Kingambit|Guillotine|p1b: Charizard|[miss]\n|-miss|p2a: Kingambit|p1b: Charizard\n|move|p1a: Sinistcha|Matcha Gotcha|p2a: Kingambit|[spread] \n|-activate|p2b: Alakazam|move: Protect\n|-miss|p1a: Sinistcha|p2a: Kingambit\n|\n|-heal|p1a: Sinistcha|83/100|[from] item: Leftovers\n|-damage|p2b: Alakazam|5/100 brn|[from] brn\n|upkeep\n|turn|8\n|inactive|PowerDickJones has 30 seconds left.\n|\n|t:|1776158059\n|move|p2b: Alakazam|Ally Switch|p2b: Alakazam\n|swap|p2b: Alakazam|0|[from] move: Ally Switch\n|move|p2b: Kingambit|Guillotine|p1b: Charizard\n|-damage|p1b: Charizard|0 fnt\n|faint|p1b: Charizard\n|-ohko\n|move|p1a: Sinistcha|Life Dew|p1a: Sinistcha\n|-heal|p1a: Sinistcha|100/100\n|\n|-damage|p2a: Alakazam|0 fnt|[from] brn\n|faint|p2a: Alakazam\n|upkeep\n|\n|t:|1776158069\n|switch|p1b: Tinkaton|Tinkaton, L50, F|76/100 par\n|-ability|p1b: Tinkaton|Mold Breaker\n|turn|9\n|\n|t:|1776158079\n|move|p1a: Sinistcha|Rage Powder|p1a: Sinistcha\n|-singleturn|p1a: Sinistcha|move: Rage Powder\n|move|p2b: Kingambit|Guillotine|p1a: Sinistcha\n|-immune|p1a: Sinistcha\n|move|p1b: Tinkaton|Play Rough|p2b: Kingambit\n|-damage|p2b: Kingambit|60/100\n|-unboost|p2b: Kingambit|atk|1\n|-ability|p2b: Kingambit|Defiant|boost\n|-boost|p2b: Kingambit|atk|2\n|\n|upkeep\n|turn|10\n|\n|t:|1776158096\n|move|p1b: Tinkaton|Protect|p1b: Tinkaton\n|-singleturn|p1b: Tinkaton|Protect\n|move|p2b: Kingambit|Assurance|p1a: Sinistcha\n|-supereffective|p1a: Sinistcha|1\n|-damage|p1a: Sinistcha|8/100\n|move|p1a: Sinistcha|Life Dew|p1a: Sinistcha|[spread] p1a,p1b\n|-heal|p1a: Sinistcha|34/100\n|-heal|p1b: Tinkaton|100/100 par\n|\n|-heal|p1a: Sinistcha|40/100|[from] item: Leftovers\n|-fieldend|move: Trick Room\n|upkeep\n|turn|11\n|\n|t:|1776158113\n|move|p1a: Sinistcha|Rage Powder|p1a: Sinistcha\n|-singleturn|p1a: Sinistcha|move: Rage Powder\n|move|p2b: Kingambit|Sucker Punch||[still]\n|-fail|p2b: Kingambit\n|cant|p1b: Tinkaton|par\n|\n|-heal|p1a: Sinistcha|46/100|[from] item: Leftovers\n|upkeep\n|turn|12\n|\n|t:|1776158127\n|move|p1a: Sinistcha|Life Dew||[still]|[spread] p1a,p1b\n|-heal|p1a: Sinistcha|71/100\n|-fail|p1b: Tinkaton|heal\n|move|p1b: Tinkaton|Play Rough|p2b: Kingambit\n|-damage|p2b: Kingambit|37/100\n|-enditem|p2b: Kingambit|Sitrus Berry|[eat]\n|-heal|p2b: Kingambit|61/100|[from] item: Sitrus Berry\n|move|p2b: Kingambit|Assurance|p1a: Sinistcha\n|-supereffective|p1a: Sinistcha|1\n|-damage|p1a: Sinistcha|0 fnt\n|faint|p1a: Sinistcha\n|\n|upkeep\n|turn|13\n|\n|t:|1776158141\n|move|p1b: Tinkaton|Play Rough|p2b: Kingambit\n|-damage|p2b: Kingambit|39/100\n|move|p2b: Kingambit|Guillotine|p1b: Tinkaton\n|-damage|p1b: Tinkaton|0 fnt\n|faint|p1b: Tinkaton\n|-ohko\n|\n|win|PowerDickJones\n|raw|SaintCharlesVII's rating: 1095 &rarr; <strong>1071</strong><br />(-24 for losing)\n|raw|PowerDickJones's rating: 1100 &rarr; <strong>1125</strong><br />(+25 for winning)\n|c|\u2606PowerDickJones|gg\n|c|\u2606SaintCharlesVII|gg\n|l|\u2606SaintCharlesVII\n|player|p1|\n",
  "uploadtime": 1776158190,
  "views": 17,
  "formatid": "gen9championsvgc2026regma",
  "rating": 1071,
  "private": 0,
  "password": null
}