{
  "id": "gen9championsvgc2026regma-2586973181",
  "format": "[Gen 9 Champions] VGC 2026 Reg M-A",
  "players": [
    "YUIDYGEWHJICUYG",
    "glimana"
  ],
  "log": "|j|\u2606YUIDYGEWHJICUYG\n|j|\u2606glimana\n|t:|1776477130\n|gametype|doubles\n|player|p1|YUIDYGEWHJICUYG|101|1000\n|player|p2|glimana|266|1051\n|gen|9\n|tier|[Gen 9 Champions] VGC 2026 Reg M-A\n|rated|\n|rule|Species Clause: Limit one of each Pok\u00e9mon\n|rule|Item Clause: Limit 1 of each item\n|clearpoke\n|poke|p1|Arcanine-Hisui, L50, F|\n|poke|p1|Ninetales-Alola, L50, F|\n|poke|p1|Sinistcha-Masterpiece, L50|\n|poke|p1|Greninja-*, L50, F|\n|poke|p1|Garchomp, L50, M|\n|poke|p1|Kingambit, L50, F|\n|poke|p2|Glimmora, L50, M|\n|poke|p2|Tyranitar, L50, F|\n|poke|p2|Noivern, L50, M|\n|poke|p2|Meganium, L50, F|\n|poke|p2|Aegislash, L50, M|\n|poke|p2|Empoleon, L50, F|\n|teampreview|4\n|\n|t:|1776477162\n|teamsize|p1|4\n|teamsize|p2|4\n|start\n|switch|p1a: Ninetales|Ninetales-Alola, L50, F|100/100\n|switch|p1b: Arcanine|Arcanine-Hisui, L50, F|100/100\n|switch|p2a: Glimmora|Glimmora, L50, M|100/100\n|switch|p2b: Noivern|Noivern, L50, M|100/100\n|-ability|p1b: Arcanine|Intimidate|boost\n|-unboost|p2a: Glimmora|atk|1\n|-unboost|p2b: Noivern|atk|1\n|-weather|Snowscape|[from] ability: Snow Warning|[of] p1a: Ninetales\n|turn|1\n|inactive|Battle timer is ON: inactive players will automatically lose when time's up. (requested by glimana)\n|\n|t:|1776477192\n|detailschange|p2a: Glimmora|Glimmora-Mega, L50, M\n|-mega|p2a: Glimmora|Glimmora|Glimmoranite\n|move|p1b: Arcanine|Rock Slide|p2b: Noivern|[spread] p2a,p2b\n|-supereffective|p2b: Noivern|1\n|-enditem|p2b: Noivern|Charti Berry|[eat]\n|-enditem|p2b: Noivern|Charti Berry|[weaken]\n|-damage|p2a: Glimmora|70/100\n|-damage|p2b: Noivern|67/100\n|move|p2b: Noivern|Tailwind|p2b: Noivern\n|-sidestart|p2: glimana|move: Tailwind\n|cant|p2a: Glimmora|flinch\n|move|p1a: Ninetales|Blizzard|p2b: Noivern|[spread] p2a,p2b\n|-supereffective|p2b: Noivern|2\n|-damage|p2a: Glimmora|30/100\n|-damage|p2b: Noivern|0 fnt\n|faint|p2b: Noivern\n|\n|-weather|Snowscape|[upkeep]\n|upkeep\n|\n|t:|1776477209\n|switch|p2b: Tyranitar|Tyranitar, L50, F|100/100\n|-weather|Sandstorm|[from] ability: Sand Stream|[of] p2b: Tyranitar\n|turn|2\n|inactive|glimana has 30 seconds left.\n|\n|t:|1776477241\n|switch|p1a: Sinistcha|Sinistcha-Masterpiece, L50|100/100\n|move|p2a: Glimmora|Sludge Wave|p1a: Sinistcha|[spread] p2b,p1a,p1b\n|-resisted|p2b: Tyranitar|1\n|-resisted|p1b: Arcanine|1\n|-damage|p2b: Tyranitar|83/100\n|-damage|p1a: Sinistcha|25/100\n|-damage|p1b: Arcanine|77/100\n|-status|p2b: Tyranitar|psn\n|move|p1b: Arcanine|Rock Slide|p2a: Glimmora|[spread] p2a,p2b\n|-damage|p2a: Glimmora|4/100\n|-damage|p2b: Tyranitar|59/100 psn\n|move|p2b: Tyranitar|Rock Slide|p1b: Arcanine|[spread] p1a,p1b\n|-supereffective|p1b: Arcanine|1\n|-damage|p1a: Sinistcha|0 fnt\n|-damage|p1b: Arcanine|9/100\n|faint|p1a: Sinistcha\n|\n|-weather|Sandstorm|[upkeep]\n|-damage|p2b: Tyranitar|47/100 psn|[from] psn\n|upkeep\n|\n|t:|1776477257\n|switch|p1a: Greninja|Greninja, L50, F|100/100\n|turn|3\n|\n|t:|1776477271\n|detailschange|p1a: Greninja|Greninja-Mega, L50, F\n|-mega|p1a: Greninja|Greninja|Greninjite\n|move|p2a: Glimmora|Spiky Shield|p2a: Glimmora\n|-singleturn|p2a: Glimmora|move: Protect\n|move|p1b: Arcanine|Rock Slide|p2a: Glimmora|[spread] p2b\n|-activate|p2a: Glimmora|move: Protect\n|-damage|p2b: Tyranitar|25/100 psn\n|move|p1a: Greninja|Blizzard|p2b: Tyranitar|[spread] p2b\n|-start|p1a: Greninja|typechange|Ice|[from] ability: Protean\n|-activate|p2a: Glimmora|move: Protect\n|-damage|p2b: Tyranitar|0 fnt\n|faint|p2b: Tyranitar\n|\n|-weather|Sandstorm|[upkeep]\n|-damage|p1a: Greninja|94/100|[from] Sandstorm\n|upkeep\n|\n|t:|1776477289\n|switch|p2b: Empoleon|Empoleon, L50, F|100/100\n|turn|4\n|\n|t:|1776477305\n|move|p2a: Glimmora|Sludge Wave|p1b: Arcanine|[spread] p1a,p1b\n|-immune|p2b: Empoleon\n|-crit|p1a: Greninja\n|-resisted|p1b: Arcanine|1\n|-damage|p1a: Greninja|0 fnt\n|-damage|p1b: Arcanine|0 fnt\n|faint|p1a: Greninja\n|faint|p1b: Arcanine\n|move|p2b: Empoleon|Flash Cannon|p1: Greninja|[notarget]\n|-fail|p2b: Empoleon\n|\n|-weather|Sandstorm|[upkeep]\n|-sideend|p2: glimana|move: Tailwind\n|upkeep\n|\n|t:|1776477330\n|switch|p1a: Ninetales|Ninetales-Alola, L50, F|100/100\n|-weather|Snowscape|[from] ability: Snow Warning|[of] p1a: Ninetales\n|turn|5\n|\n|t:|1776477344\n|move|p2a: Glimmora|Spiky Shield|p2a: Glimmora\n|-singleturn|p2a: Glimmora|move: Protect\n|move|p1a: Ninetales|Blizzard|p2a: Glimmora|[spread] p2b\n|-activate|p2a: Glimmora|move: Protect\n|-resisted|p2b: Empoleon|2\n|-damage|p2b: Empoleon|93/100\n|-status|p2b: Empoleon|frz\n|cant|p2b: Empoleon|frz\n|\n|-weather|Snowscape|[upkeep]\n|upkeep\n|turn|6\n|inactive|glimana has 30 seconds left.\n|\n|t:|1776477369\n|move|p2a: Glimmora|Spiky Shield|p2a: Glimmora\n|-singleturn|p2a: Glimmora|move: Protect\n|move|p1a: Ninetales|Blizzard|p2b: Empoleon|[spread] p2b\n|-activate|p2a: Glimmora|move: Protect\n|-resisted|p2b: Empoleon|2\n|-damage|p2b: Empoleon|85/100 frz\n|cant|p2b: Empoleon|frz\n|\n|-weather|Snowscape|[upkeep]\n|upkeep\n|turn|7\n|\n|t:|1776477387\n|move|p1a: Ninetales|Moonblast|p2a: Glimmora\n|-resisted|p2a: Glimmora|1\n|-damage|p2a: Glimmora|0 fnt\n|faint|p2a: Glimmora\n|-curestatus|p2b: Empoleon|frz|[msg]\n|move|p2b: Empoleon|Flash Cannon|p1a: Ninetales\n|-supereffective|p1a: Ninetales|2\n|-enditem|p1a: Ninetales|Focus Sash\n|-damage|p1a: Ninetales|1/100\n|\n|-weather|Snowscape|[upkeep]\n|upkeep\n|turn|8\n|\n|t:|1776477399\n|move|p2b: Empoleon|Aqua Jet|p1a: Ninetales\n|-damage|p1a: Ninetales|0 fnt\n|faint|p1a: Ninetales\n|\n|win|glimana\n|raw|YUIDYGEWHJICUYG's rating: 1000 &rarr; <strong>1000</strong><br />(+0 for losing)\n|raw|glimana's rating: 1051 &rarr; <strong>1079</strong><br />(+28 for winning)\n|l|\u2606YUIDYGEWHJICUYG\n|player|p1|\n",
  "uploadtime": 1776477517,
  "views": 33,
  "formatid": "gen9championsvgc2026regma",
  "rating": 1000,
  "private": 0,
  "password": null
}