{
  "id": "gen9championsvgc2026regma-2582996492",
  "format": "[Gen 9 Champions] VGC 2026 Reg M-A",
  "players": [
    "TaxiCAB2",
    "islowerspeed"
  ],
  "log": "|j|\u2606TaxiCAB2\n|j|\u2606islowerspeed\n|html|<table width=\"100%\"><tr><td align=\"left\">TaxiCAB2</td><td align=\"right\">islowerspeed</tr><tr><td align=\"left\"><i class=\"fa fa-circle-o\"></i> <i class=\"fa fa-circle-o\"></i> </td><td align=\"right\"><i class=\"fa fa-circle-o\"></i> <i class=\"fa fa-circle-o\"></i> </tr></table>\n|uhtml|bestof|<h2><strong>Game 1</strong> of <a href=\"/game-bestof3-gen9championsvgc2026regma-2582996491\">a best-of-3</a></h2>\n|t:|1776131839\n|gametype|doubles\n|player|p1|TaxiCAB2|gentleman-gen4dp|\n|player|p2|islowerspeed|169|\n|gen|9\n|tier|[Gen 9 Champions] VGC 2026 Reg M-A\n|rated|Tournament battle\n|rule|Species Clause: Limit one of each Pok\u00e9mon\n|rule|Item Clause: Limit 1 of each item\n|raw|<div class=\"infobox\"><details class=\"readmore\" open><summary><strong>2 custom rules:</strong></summary> Force Open Team Sheets, Best of = 3</details></div>\n|clearpoke\n|poke|p1|Tyranitar, L50, M|\n|poke|p1|Greninja-*, L50, M|\n|poke|p1|Talonflame, L50, F|\n|poke|p1|Kommo-o, L50, M|\n|poke|p1|Sinistcha, L50|\n|poke|p1|Excadrill, L50, M|\n|poke|p2|Gengar, L50, F|\n|poke|p2|Incineroar, L50, F|\n|poke|p2|Sinistcha, L50|\n|poke|p2|Kommo-o, L50, F|\n|poke|p2|Kingambit, L50, M|\n|poke|p2|Gyarados, L50, F|\n|teampreview|4\n|showteam|p1|Tyranitar||Tyranitarite|SandStream|RockSlide,KnockOff,LowKick,Protect|||M|||50|]Greninja||Greninjite|Protean|DarkPulse,SludgeWave,HydroPump,IceBeam|||M|||50|]Talonflame||SharpBeak|GaleWings|Taunt,BraveBird,FlareBlitz,Tailwind|||F|||50|]Kommo-o||Leftovers|Soundproof|ClangingScales,ClangorousSoul,AuraSphere,Protect|||M|||50|]Sinistcha||SitrusBerry|Hospitality|MatchaGotcha,RagePowder,TrickRoom,LifeDew||||||50|]Excadrill||FocusSash|SandRush|IronHead,HighHorsepower,RockSlide,Protect|||M|||50|\n|showteam|p2|Gengar||Gengarite|CursedBody|PerishSong,Protect,SludgeBomb,ShadowBall|||F|||50|]Incineroar||SitrusBerry|Intimidate|FakeOut,PartingShot,Protect,FlareBlitz|||F|||50|]Sinistcha||Leftovers|Hospitality|LifeDew,RagePowder,Protect,MatchaGotcha||||||50|]Kommo-o||DragonFang|Soundproof|ClangorousSoul,ClangingScales,Protect,AuraSphere|||F|||50|]Kingambit||ChopleBerry|Defiant|SuckerPunch,Protect,SwordsDance,IronHead|||M|||50|]Gyarados||KingsRock|Intimidate|Waterfall,ThunderWave,Protect,Taunt|||F|||50|\nTaxiCAB2 has agreed to open team sheets.\n|c|\u2606TaxiCAB2|gl hf\n|c|\u2606islowerspeed|u2\n|\n|t:|1776131884\n|teamsize|p1|4\n|teamsize|p2|4\n|start\n|switch|p1a: Talonflame|Talonflame, L50, F|100/100\n|switch|p1b: Greninja|Greninja, L50, M|100/100\n|switch|p2a: Gyarados|Gyarados, L50, F|100/100\n|switch|p2b: Incineroar|Incineroar, L50, F|100/100\n|-ability|p2a: Gyarados|Intimidate|boost\n|-unboost|p1a: Talonflame|atk|1\n|-unboost|p1b: Greninja|atk|1\n|-ability|p2b: Incineroar|Intimidate|boost\n|-unboost|p1a: Talonflame|atk|1\n|-unboost|p1b: Greninja|atk|1\n|turn|1\n|inactive|Battle timer is ON: inactive players will automatically lose when time's up. (requested by TaxiCAB2)\n|inactive|TaxiCAB2 has 60 seconds left.\n|\n|t:|1776131929\n|switch|p1b: Sinistcha|Sinistcha, L50|100/100\n|move|p1a: Talonflame|Taunt|p2a: Gyarados\n|-start|p2a: Gyarados|move: Taunt\n|move|p2a: Gyarados|Waterfall|p1a: Talonflame\n|-supereffective|p1a: Talonflame|1\n|-damage|p1a: Talonflame|2/100\n|move|p2b: Incineroar|Parting Shot|p1b: Sinistcha\n|-unboost|p1b: Sinistcha|atk|1\n|-unboost|p1b: Sinistcha|spa|1\n|\n|t:|1776131941\n|switch|p2b: Gengar|Gengar, L50, F|100/100|[from] Parting Shot\n|\n|upkeep\n|turn|2\n|inactive|TaxiCAB2 has 30 seconds left.\n|inactive|islowerspeed has 30 seconds left.\n|inactive|TaxiCAB2 has 20 seconds left.\n|\n|t:|1776131979\n|switch|p2a: Incineroar|Incineroar, L50, F|100/100\n|-ability|p2a: Incineroar|Intimidate|boost\n|-unboost|p1a: Talonflame|atk|1\n|-unboost|p1b: Sinistcha|atk|1\n|detailschange|p2b: Gengar|Gengar-Mega, L50, F\n|-mega|p2b: Gengar|Gengar|Gengarite\n|move|p2b: Gengar|Shadow Ball|p1a: Talonflame\n|-crit|p1a: Talonflame\n|-damage|p1a: Talonflame|0 fnt\n|faint|p1a: Talonflame\n|move|p1b: Sinistcha|Matcha Gotcha|p2a: Incineroar|[spread] p2a,p2b\n|-resisted|p2a: Incineroar|1\n|-resisted|p2b: Gengar|1\n|-damage|p2a: Incineroar|95/100\n|-damage|p2b: Gengar|89/100\n|\n|upkeep\n|\n|t:|1776132002\n|switch|p1a: Kommo-o|Kommo-o, L50, M|100/100\n|turn|3\n|inactive|islowerspeed has 30 seconds left.\n|\n|t:|1776132032\n|switch|p2a: Gyarados|Gyarados, L50, F|100/100\n|-ability|p2a: Gyarados|Intimidate|boost\n|-unboost|p1a: Kommo-o|atk|1\n|-unboost|p1b: Sinistcha|atk|1\n|move|p2b: Gengar|Perish Song|p2b: Gengar\n|-immune|p1a: Kommo-o|[from] ability: Soundproof\n|-start|p1b: Sinistcha|perish3|[silent]\n|-start|p2a: Gyarados|perish3|[silent]\n|-start|p2b: Gengar|perish3|[silent]\n|-fieldactivate|move: Perish Song\n|move|p1a: Kommo-o|Clangorous Soul|p1a: Kommo-o\n|-boost|p1a: Kommo-o|atk|1\n|-boost|p1a: Kommo-o|def|1\n|-boost|p1a: Kommo-o|spa|1\n|-boost|p1a: Kommo-o|spd|1\n|-boost|p1a: Kommo-o|spe|1\n|-damage|p1a: Kommo-o|68/100\n|move|p1b: Sinistcha|Life Dew||[still]|[spread] p1a,p1b\n|-heal|p1a: Kommo-o|93/100\n|-fail|p1b: Sinistcha|heal\n|\n|-heal|p1a: Kommo-o|99/100|[from] item: Leftovers\n|-start|p2b: Gengar|perish3\n|-start|p2a: Gyarados|perish3\n|-start|p1b: Sinistcha|perish3\n|upkeep\n|turn|4\n|l|\u2606islowerspeed\n|inactive|islowerspeed disconnected and has a minute to reconnect!\n|player|p2|\n|j|\u2606islowerspeed\n|inactive|islowerspeed reconnected and has 40 seconds left.\n|player|p2|islowerspeed|169|\n|inactive|TaxiCAB2 has 30 seconds left.\n|inactive|TaxiCAB2 has 20 seconds left.\n|\n|t:|1776132070\n|move|p2b: Gengar|Protect|p2b: Gengar\n|-singleturn|p2b: Gengar|Protect\n|move|p1b: Sinistcha|Rage Powder|p1b: Sinistcha\n|-singleturn|p1b: Sinistcha|move: Rage Powder\n|move|p1a: Kommo-o|Clanging Scales|p2a: Gyarados|[spread] p2a\n|-activate|p2b: Gengar|move: Protect\n|-damage|p2a: Gyarados|61/100\n|-unboost|p1a: Kommo-o|def|1\n|move|p2a: Gyarados|Thunder Wave|p1b: Sinistcha\n|-status|p1b: Sinistcha|par\n|\n|-heal|p1a: Kommo-o|100/100|[from] item: Leftovers\n|-start|p2b: Gengar|perish2\n|-start|p2a: Gyarados|perish2\n|-start|p1b: Sinistcha|perish2\n|upkeep\n|turn|5\n|inactive|TaxiCAB2 has 30 seconds left.\n|inactive|islowerspeed has 30 seconds left.\n|\n|t:|1776132099\n|move|p2b: Gengar|Shadow Ball|p1a: Kommo-o\n|-damage|p1a: Kommo-o|67/100\n|move|p1a: Kommo-o|Clangorous Soul|p1a: Kommo-o\n|-boost|p1a: Kommo-o|atk|1\n|-boost|p1a: Kommo-o|def|1\n|-boost|p1a: Kommo-o|spa|1\n|-boost|p1a: Kommo-o|spd|1\n|-boost|p1a: Kommo-o|spe|1\n|-damage|p1a: Kommo-o|34/100\n|move|p2a: Gyarados|Taunt|p1b: Sinistcha\n|-start|p1b: Sinistcha|move: Taunt\n|cant|p1b: Sinistcha|move: Taunt|Life Dew\n|\n|-heal|p1a: Kommo-o|40/100|[from] item: Leftovers\n|-start|p2b: Gengar|perish1\n|-start|p2a: Gyarados|perish1\n|-start|p1b: Sinistcha|perish1\n|upkeep\n|turn|6\n|inactive|islowerspeed has 30 seconds left.\n|inactive|islowerspeed has 20 seconds left.\n|\n|t:|1776132134\n|switch|p2b: Sinistcha|Sinistcha, L50|100/100\n|-heal|p2a: Gyarados|86/100|[from] ability: Hospitality|[of] p2b: Sinistcha\n|switch|p2a: Incineroar|Incineroar, L50, F|95/100\n|-ability|p2a: Incineroar|Intimidate|boost\n|-unboost|p1a: Kommo-o|atk|1\n|-unboost|p1b: Sinistcha|atk|1\n|move|p1a: Kommo-o|Protect|p1a: Kommo-o\n|-singleturn|p1a: Kommo-o|Protect\n|move|p1b: Sinistcha|Matcha Gotcha|p2b: Sinistcha|[spread] p2a,p2b\n|-resisted|p2a: Incineroar|1\n|-resisted|p2b: Sinistcha|1\n|-damage|p2a: Incineroar|89/100\n|-damage|p2b: Sinistcha|93/100\n|\n|-heal|p1a: Kommo-o|46/100|[from] item: Leftovers\n|-heal|p2b: Sinistcha|99/100|[from] item: Leftovers\n|-start|p1b: Sinistcha|perish0\n|faint|p1b: Sinistcha\n|upkeep\n|\n|t:|1776132152\n|switch|p1b: Greninja|Greninja, L50, M|100/100\n|turn|7\n|\n|t:|1776132175\n|detailschange|p1b: Greninja|Greninja-Mega, L50, M\n|-mega|p1b: Greninja|Greninja|Greninjite\n|move|p2a: Incineroar|Fake Out|p1b: Greninja\n|-damage|p1b: Greninja|86/100\n|move|p1a: Kommo-o|Aura Sphere|p2a: Incineroar\n|-supereffective|p2a: Incineroar|1\n|-damage|p2a: Incineroar|0 fnt\n|faint|p2a: Incineroar\n|cant|p1b: Greninja|flinch\n|move|p2b: Sinistcha|Matcha Gotcha|p1a: Kommo-o|[spread] p1a,p1b\n|-resisted|p1a: Kommo-o|1\n|-supereffective|p1b: Greninja|1\n|-damage|p1a: Kommo-o|40/100\n|-heal|p2b: Sinistcha|100/100|[from] drain|[of] p1a: Kommo-o\n|-damage|p1b: Greninja|18/100\n|\n|-heal|p1a: Kommo-o|46/100|[from] item: Leftovers\n|upkeep\n|\n|t:|1776132194\n|switch|p2a: Gyarados|Gyarados, L50, F|86/100\n|-ability|p2a: Gyarados|Intimidate|boost\n|-unboost|p1a: Kommo-o|atk|1\n|-unboost|p1b: Greninja|atk|1\n|turn|8\n|\n|t:|1776132213\n|move|p1a: Kommo-o|Protect|p1a: Kommo-o\n|-singleturn|p1a: Kommo-o|Protect\n|move|p1b: Greninja|Dark Pulse|p2b: Sinistcha\n|-start|p1b: Greninja|typechange|Dark|[from] ability: Protean\n|-supereffective|p2b: Sinistcha|1\n|-damage|p2b: Sinistcha|18/100\n|move|p2a: Gyarados|Thunder Wave|p1a: Kommo-o\n|-activate|p1a: Kommo-o|move: Protect\n|move|p2b: Sinistcha|Matcha Gotcha|p1a: Kommo-o|[spread] p1b\n|-activate|p1a: Kommo-o|move: Protect\n|-damage|p1b: Greninja|0 fnt\n|-heal|p2b: Sinistcha|26/100|[from] drain|[of] p1b: Greninja\n|faint|p1b: Greninja\n|\n|-heal|p1a: Kommo-o|52/100|[from] item: Leftovers\n|-heal|p2b: Sinistcha|33/100|[from] item: Leftovers\n|upkeep\n|turn|9\n|\n|t:|1776132238\n|move|p1a: Kommo-o|Clanging Scales|p2b: Sinistcha|[spread] p2a,p2b\n|-damage|p2a: Gyarados|38/100\n|-damage|p2b: Sinistcha|0 fnt\n|faint|p2b: Sinistcha\n|-unboost|p1a: Kommo-o|def|1\n|move|p2a: Gyarados|Thunder Wave|p1a: Kommo-o\n|-status|p1a: Kommo-o|par\n|\n|-heal|p1a: Kommo-o|58/100 par|[from] item: Leftovers\n|upkeep\n|\n|t:|1776132240\n|switch|p2b: Gengar|Gengar-Mega, L50, F|89/100\n|turn|10\n|inactive|islowerspeed has 30 seconds left.\n|\n|t:|1776132271\n|move|p1a: Kommo-o|Protect|p1a: Kommo-o\n|-singleturn|p1a: Kommo-o|Protect\n|move|p2b: Gengar|Sludge Bomb|p1a: Kommo-o\n|-activate|p1a: Kommo-o|move: Protect\n|move|p2a: Gyarados|Waterfall|p1a: Kommo-o\n|-activate|p1a: Kommo-o|move: Protect\n|\n|-heal|p1a: Kommo-o|64/100 par|[from] item: Leftovers\n|upkeep\n|turn|11\n|\n|t:|1776132292\n|move|p2b: Gengar|Shadow Ball|p1a: Kommo-o\n|-damage|p1a: Kommo-o|42/100 par\n|move|p2a: Gyarados|Waterfall|p1a: Kommo-o\n|-resisted|p1a: Kommo-o|1\n|-crit|p1a: Kommo-o\n|-damage|p1a: Kommo-o|16/100 par\n|move|p1a: Kommo-o|Clanging Scales|p2b: Gengar|[spread] p2a,p2b\n|-damage|p2a: Gyarados|0 fnt\n|-damage|p2b: Gengar|0 fnt\n|faint|p2a: Gyarados\n|faint|p2b: Gengar\n|\n|win|TaxiCAB2\n||islowerspeed is ready for game 2.\n|inactive|TaxiCAB2 has 30 seconds to confirm battle start!\n||TaxiCAB2 is ready for game 2.\n|uhtml|next|Next: <a href=\"/battle-gen9championsvgc2026regma-2583001684\"><strong>Game 2 of 3</strong></a>\n|l|\u2606islowerspeed\n|player|p2|\n",
  "uploadtime": 1776132743,
  "views": 8,
  "formatid": "gen9championsvgc2026regma",
  "rating": null,
  "private": 0,
  "password": null
}