{
  "id": "gen9championsvgc2026regma-2582287292",
  "format": "[Gen 9 Champions] VGC 2026 Reg M-A",
  "players": [
    "Ryan_Butlord",
    "porygon-epilepz"
  ],
  "log": "|j|\u2606Ryan_Butlord\n|j|\u2606porygon-epilepz\n|t:|1776079986\n|gametype|doubles\n|player|p1|Ryan_Butlord|benga|1108\n|player|p2|porygon-epilepz|hiker-gen4|1113\n|gen|9\n|tier|[Gen 9 Champions] VGC 2026 Reg M-A\n|rated|\n|rule|Species Clause: Limit one of each Pok\u00e9mon\n|rule|Item Clause: Limit 1 of each item\n|clearpoke\n|poke|p1|Golurk, L50|\n|poke|p1|Farigiraf, L50, F|\n|poke|p1|Sinistcha, L50|\n|poke|p1|Kingambit, L50, M|\n|poke|p1|Dragonite, L50, M|\n|poke|p1|Sneasler, L50, M|\n|poke|p2|Kommo-o, L50, F|\n|poke|p2|Incineroar, L50, F|\n|poke|p2|Glimmora, L50, F|\n|poke|p2|Sinistcha, L50|\n|poke|p2|Talonflame, L50, M|\n|poke|p2|Orthworm, L50, M|\n|teampreview|4\n|inactive|Battle timer is ON: inactive players will automatically lose when time's up. (requested by Ryan_Butlord)\n|inactive|porygon-epilepz has 60 seconds left.\n|\n|t:|1776080027\n|teamsize|p1|4\n|teamsize|p2|4\n|start\n|switch|p1a: Sneasler|Sneasler, L50, M|100/100\n|switch|p1b: Dragonite|Dragonite, L50, M|100/100\n|switch|p2a: Kommo-o|Kommo-o, L50, F|100/100\n|switch|p2b: Talonflame|Talonflame, L50, M|100/100\n|turn|1\n|l|\u2606Ryan_Butlord\n|inactive|Ryan_Butlord disconnected and has a minute to reconnect!\n|player|p1|\n|j|\u2606Ryan_Butlord\n|inactive|Ryan_Butlord reconnected and has 35 seconds left.\n|player|p1|Ryan_Butlord|benga|\n|inactive|Ryan_Butlord has 30 seconds left.\n|inactive|Ryan_Butlord has 20 seconds left.\n|inactive|Ryan_Butlord has 15 seconds left.\n|\n|t:|1776080069\n|move|p2b: Talonflame|Quick Guard|p2b: Talonflame\n|-singleturn|p2b: Talonflame|Quick Guard\n|move|p1a: Sneasler|Fake Out|p2b: Talonflame\n|-activate|p2b: Talonflame|move: Quick Guard\n|move|p1b: Dragonite|Draco Meteor|p2a: Kommo-o\n|-supereffective|p2a: Kommo-o|1\n|-damage|p2a: Kommo-o|0 fnt\n|-unboost|p1b: Dragonite|spa|2\n|faint|p2a: Kommo-o\n|\n|upkeep\n|\n|t:|1776080077\n|switch|p2a: Glimmora|Glimmora, L50, F|100/100\n|turn|2\n|\n|t:|1776080083\n|switch|p1b: Golurk|Golurk, L50|100/100\n|detailschange|p2a: Glimmora|Glimmora-Mega, L50, F\n|-mega|p2a: Glimmora|Glimmora|Glimmoranite\n|move|p2b: Talonflame|Dual Wingbeat|p1a: Sneasler\n|-supereffective|p1a: Sneasler|1\n|-damage|p1a: Sneasler|50/100\n|-supereffective|p1a: Sneasler|1\n|-damage|p1a: Sneasler|0 fnt\n|faint|p1a: Sneasler\n|-hitcount|p1: Sneasler|2\n|move|p2a: Glimmora|Power Gem|p1b: Golurk\n|-resisted|p1b: Golurk|1\n|-damage|p1b: Golurk|68/100\n|\n|upkeep\n|\n|t:|1776080097\n|switch|p1a: Dragonite|Dragonite, L50, M|100/100\n|turn|3\n|\n|t:|1776080113\n|detailschange|p1b: Golurk|Golurk-Mega, L50\n|-mega|p1b: Golurk|Golurk|Golurkite\n|move|p2b: Talonflame|Dual Wingbeat|p1b: Golurk\n|-damage|p1b: Golurk|55/100\n|-damage|p1b: Golurk|41/100\n|-hitcount|p1b: Golurk|2\n|move|p1a: Dragonite|Thunderbolt|p2b: Talonflame\n|-supereffective|p2b: Talonflame|1\n|-damage|p2b: Talonflame|4/100\n|move|p2a: Glimmora|Earth Power|p1b: Golurk\n|-damage|p1b: Golurk|10/100\n|move|p1b: Golurk|Headlong Rush|p2a: Glimmora\n|-supereffective|p2a: Glimmora|2\n|-damage|p2a: Glimmora|0 fnt\n|-unboost|p1b: Golurk|def|1\n|-unboost|p1b: Golurk|spd|1\n|faint|p2a: Glimmora\n|\n|upkeep\n|\n|t:|1776080125\n|switch|p2a: Sinistcha|Sinistcha, L50|100/100\n|-heal|p2b: Talonflame|29/100|[from] ability: Hospitality|[of] p2a: Sinistcha\n|turn|4\n|\n|t:|1776080141\n|move|p1b: Golurk|Protect|p1b: Golurk\n|-singleturn|p1b: Golurk|Protect\n|move|p2b: Talonflame|Dual Wingbeat|p1a: Dragonite\n|-damage|p1a: Dragonite|91/100\n|-damage|p1a: Dragonite|73/100\n|-hitcount|p1a: Dragonite|2\n|move|p1a: Dragonite|Thunderbolt|p2b: Talonflame\n|-supereffective|p2b: Talonflame|1\n|-damage|p2b: Talonflame|0 fnt\n|faint|p2b: Talonflame\n|move|p2a: Sinistcha|Matcha Gotcha|p1a: Dragonite|[spread] p1a\n|-activate|p1b: Golurk|move: Protect\n|-resisted|p1a: Dragonite|2\n|-damage|p1a: Dragonite|67/100\n|\n|upkeep\n|turn|5\n|\n|t:|1776080157\n|switch|p1a: Sinistcha|Sinistcha, L50|100/100\n|-heal|p1b: Golurk|35/100|[from] ability: Hospitality|[of] p1a: Sinistcha\n|move|p2a: Sinistcha|Matcha Gotcha|p1b: Golurk|[spread] p1a,p1b\n|-resisted|p1a: Sinistcha|1\n|-supereffective|p1b: Golurk|1\n|-damage|p1a: Sinistcha|86/100\n|-damage|p1b: Golurk|0 fnt\n|faint|p1b: Golurk\n|\n|upkeep\n|\n|t:|1776080167\n|switch|p1b: Dragonite|Dragonite, L50, M|67/100\n|turn|6\n|\n|t:|1776080172\n|move|p1b: Dragonite|Air Slash|p2a: Sinistcha\n|-supereffective|p2a: Sinistcha|1\n|-damage|p2a: Sinistcha|33/100\n|move|p2a: Sinistcha|Matcha Gotcha|p1b: Dragonite|[spread] p1a,p1b\n|-resisted|p1a: Sinistcha|1\n|-resisted|p1b: Dragonite|2\n|-damage|p1a: Sinistcha|72/100\n|-heal|p2a: Sinistcha|39/100|[from] drain|[of] p1a: Sinistcha\n|-damage|p1b: Dragonite|61/100\n|-heal|p2a: Sinistcha|42/100|[from] drain|[of] p1b: Dragonite\n|move|p1a: Sinistcha|Matcha Gotcha|p2a: Sinistcha\n|-resisted|p2a: Sinistcha|1\n|-damage|p2a: Sinistcha|22/100\n|-heal|p1a: Sinistcha|84/100|[from] drain|[of] p2a: Sinistcha\n|\n|upkeep\n|turn|7\n|-message|porygon-epilepz forfeited.\n|\n|win|Ryan_Butlord\n|raw|Ryan_Butlord's rating: 1108 &rarr; <strong>1133</strong><br />(+25 for winning)\n|raw|porygon-epilepz's rating: 1113 &rarr; <strong>1088</strong><br />(-25 for losing)\n",
  "uploadtime": 1776079989,
  "views": 11,
  "formatid": "gen9championsvgc2026regma",
  "rating": 1088,
  "private": 0,
  "password": null
}