{
  "id": "gen9championsvgc2026regma-2588833566",
  "format": "[Gen 9 Champions] VGC 2026 Reg M-A",
  "players": [
    "gerro01vgc",
    "SDLT 2KRL Mid"
  ],
  "log": "|raw|<div class=\"broadcast-blue\"><strong>This battle is required to be public due to a player having a name starting with 'sdlt'.</div>\n|j|\u2606gerro01vgc\n|j|\u2606SDLT 2KRL Mid\n|t:|1776676467\n|gametype|doubles\n|player|p1|gerro01vgc|artist|1250\n|player|p2|SDLT 2KRL Mid|veteran|1214\n|gen|9\n|tier|[Gen 9 Champions] VGC 2026 Reg M-A\n|rated|\n|rule|Species Clause: Limit one of each Pok\u00e9mon\n|rule|Item Clause: Limit 1 of each item\n|clearpoke\n|poke|p1|Charizard, L50, M|\n|poke|p1|Venusaur, L50, M|\n|poke|p1|Farigiraf, L50, F|\n|poke|p1|Torkoal, L50, F|\n|poke|p1|Conkeldurr, L50, M|\n|poke|p1|Incineroar, L50, M|\n|poke|p2|Sneasler, L50, M|\n|poke|p2|Floette-Eternal, L50, F|\n|poke|p2|Garchomp, L50, F|\n|poke|p2|Basculegion, L50, M|\n|poke|p2|Delphox, L50, F|\n|poke|p2|Kingambit, L50, M|\n|teampreview|4\n|inactive|Battle timer is ON: inactive players will automatically lose when time's up. (requested by SDLT 2KRL Mid)\n|\n|t:|1776676490\n|teamsize|p1|4\n|teamsize|p2|4\n|start\n|switch|p1a: Charizard|Charizard, L50, M|100/100\n|switch|p1b: Venusaur|Venusaur, L50, M|100/100\n|switch|p2a: Garchomp|Garchomp, L50, F|100/100\n|switch|p2b: Delphox|Delphox, L50, F|100/100\n|turn|1\n|\n|t:|1776676509\n|detailschange|p2b: Delphox|Delphox-Mega, L50, F\n|-mega|p2b: Delphox|Delphox|Delphoxite\n|detailschange|p1a: Charizard|Charizard-Mega-Y, L50, M\n|-mega|p1a: Charizard|Charizard|Charizardite Y\n|-weather|SunnyDay|[from] ability: Drought|[of] p1a: Charizard\n|move|p1b: Venusaur|Sleep Powder|p2a: Garchomp\n|-status|p2a: Garchomp|slp|[from] move: Sleep Powder\n|move|p2b: Delphox|Heat Wave|p1a: Charizard|[spread] p1a,p1b\n|-resisted|p1a: Charizard|1\n|-supereffective|p1b: Venusaur|1\n|-damage|p1a: Charizard|73/100\n|-enditem|p1b: Venusaur|Focus Sash\n|-damage|p1b: Venusaur|1/100\n|move|p1a: Charizard|Heat Wave|p2a: Garchomp|[spread] p2a,p2b\n|-resisted|p2a: Garchomp|1\n|-resisted|p2b: Delphox|1\n|-damage|p2a: Garchomp|71/100 slp\n|-damage|p2b: Delphox|70/100\n|cant|p2a: Garchomp|slp\n|\n|-weather|SunnyDay|[upkeep]\n|upkeep\n|turn|2\n|\n|t:|1776676523\n|move|p2b: Delphox|Protect|p2b: Delphox\n|-singleturn|p2b: Delphox|Protect\n|move|p1b: Venusaur|Sleep Powder|p2b: Delphox\n|-activate|p2b: Delphox|move: Protect\n|move|p1a: Charizard|Solar Beam||[still]\n|-prepare|p1a: Charizard|Solar Beam\n|-anim|p1a: Charizard|Solar Beam|p2a: Garchomp\n|-damage|p2a: Garchomp|21/100 slp\n|-enditem|p2a: Garchomp|Sitrus Berry|[eat]\n|-heal|p2a: Garchomp|45/100 slp|[from] item: Sitrus Berry\n|cant|p2a: Garchomp|slp\n|\n|-weather|SunnyDay|[upkeep]\n|upkeep\n|turn|3\n|\n|t:|1776676540\n|move|p1b: Venusaur|Sleep Powder|p2b: Delphox\n|-status|p2b: Delphox|slp|[from] move: Sleep Powder\n|cant|p2b: Delphox|slp\n|move|p1a: Charizard|Solar Beam||[still]\n|-prepare|p1a: Charizard|Solar Beam\n|-anim|p1a: Charizard|Solar Beam|p2a: Garchomp\n|-damage|p2a: Garchomp|0 fnt\n|faint|p2a: Garchomp\n|\n|-weather|SunnyDay|[upkeep]\n|upkeep\n|\n|t:|1776676541\n|switch|p2a: Bubble Bass|Basculegion, L50, M|100/100\n|turn|4\n|\n|t:|1776676553\n|switch|p1a: Farigiraf|Farigiraf, L50, F|100/100\n|move|p2a: Bubble Bass|Aqua Jet||[still]\n|cant|p1a: Farigiraf|ability: Armor Tail|Aqua Jet|[of] p2a: Bubble Bass\n|move|p1b: Venusaur|Energy Ball|p2a: Bubble Bass\n|-supereffective|p2a: Bubble Bass|1\n|-damage|p2a: Bubble Bass|6/100\n|cant|p2b: Delphox|slp\n|\n|-weather|SunnyDay|[upkeep]\n|upkeep\n|turn|5\n|\n|t:|1776676572\n|move|p2a: Bubble Bass|Protect|p2a: Bubble Bass\n|-singleturn|p2a: Bubble Bass|Protect\n|move|p1b: Venusaur|Energy Ball|p2a: Bubble Bass\n|-activate|p2a: Bubble Bass|move: Protect\n|-curestatus|p2b: Delphox|slp|[msg]\n|move|p2b: Delphox|Heat Wave|p1b: Venusaur|[spread] p1b\n|-miss|p2b: Delphox|p1a: Farigiraf\n|-supereffective|p1b: Venusaur|1\n|-damage|p1b: Venusaur|0 fnt\n|faint|p1b: Venusaur\n|move|p1a: Farigiraf|Trick Room|p1a: Farigiraf\n|-fieldstart|move: Trick Room|[of] p1a: Farigiraf\n|\n|-weather|none\n|upkeep\n|\n|t:|1776676575\n|switch|p1b: Incineroar|Incineroar, L50, M|100/100\n|-ability|p1b: Incineroar|Intimidate|boost\n|-unboost|p2a: Bubble Bass|atk|1\n|-unboost|p2b: Delphox|atk|1\n|turn|6\n|\n|t:|1776676588\n|switch|p2a: Ashleigh|Sneasler, L50, M|100/100\n|move|p2b: Delphox|Protect|p2b: Delphox\n|-singleturn|p2b: Delphox|Protect\n|move|p1b: Incineroar|Darkest Lariat|p2b: Delphox\n|-activate|p2b: Delphox|move: Protect\n|move|p1a: Farigiraf|Psychic|p2a: Ashleigh\n|-supereffective|p2a: Ashleigh|2\n|-damage|p2a: Ashleigh|0 fnt\n|faint|p2a: Ashleigh\n|\n|upkeep\n|\n|t:|1776676590\n|switch|p2a: Bubble Bass|Basculegion, L50, M|6/100\n|turn|7\n|\n|t:|1776676596\n|move|p2a: Bubble Bass|Protect|p2a: Bubble Bass\n|-singleturn|p2a: Bubble Bass|Protect\n|move|p1b: Incineroar|Darkest Lariat|p2b: Delphox\n|-supereffective|p2b: Delphox|1\n|-damage|p2b: Delphox|0 fnt\n|faint|p2b: Delphox\n|move|p1a: Farigiraf|Psychic|p2a: Bubble Bass\n|-activate|p2a: Bubble Bass|move: Protect\n|\n|upkeep\n|turn|8\n|-message|SDLT 2KRL Mid forfeited.\n|\n|win|gerro01vgc\n|raw|gerro01vgc's rating: 1250 &rarr; <strong>1272</strong><br />(+22 for winning)\n|raw|SDLT 2KRL Mid's rating: 1214 &rarr; <strong>1192</strong><br />(-22 for losing)\n|l|\u2606SDLT 2KRL Mid\n|player|p2|\n",
  "uploadtime": 1776676608,
  "views": 13,
  "formatid": "gen9championsvgc2026regma",
  "rating": 1192,
  "private": 0,
  "password": null
}