{
  "id": "gen9championsvgc2026regma-2581071704",
  "format": "[Gen 9 Champions] VGC 2026 Reg M-A",
  "players": [
    "JAE207",
    "Elemelons97"
  ],
  "log": "|j|\u2606JAE207\n|j|\u2606Elemelons97\n|t:|1775957170\n|gametype|doubles\n|player|p1|JAE207|pryce-gen2|1079\n|player|p2|Elemelons97|veteran|1065\n|gen|9\n|tier|[Gen 9 Champions] VGC 2026 Reg M-A\n|rated|\n|rule|Species Clause: Limit one of each Pok\u00e9mon\n|rule|Item Clause: Limit 1 of each item\n|clearpoke\n|poke|p1|Farigiraf, L50, F|\n|poke|p1|Golurk, L50|\n|poke|p1|Incineroar, L50, M|\n|poke|p1|Torkoal, L50, M|\n|poke|p1|Venusaur, L50, M|\n|poke|p1|Sneasler, L50, F|\n|poke|p2|Charizard, L50, M|\n|poke|p2|Venusaur, L50, F|\n|poke|p2|Garchomp, L50, F|\n|poke|p2|Rotom-Wash, L50|\n|poke|p2|Sneasler, L50, M|\n|poke|p2|Incineroar, L50, M|\n|teampreview|4\n|inactive|Battle timer is ON: inactive players will automatically lose when time's up. (requested by Elemelons97)\n|inactive|JAE207 has 60 seconds left.\n|\n|t:|1775957226\n|teamsize|p1|4\n|teamsize|p2|4\n|start\n|switch|p1a: Bonitica|Farigiraf, L50, F|100/100\n|switch|p1b: Tom|Incineroar, L50, M|100/100\n|switch|p2a: Charizard|Charizard, L50, M|100/100\n|switch|p2b: Venusaur|Venusaur, L50, F|100/100\n|-ability|p1b: Tom|Intimidate|boost\n|-unboost|p2a: Charizard|atk|1\n|-unboost|p2b: Venusaur|atk|1\n|turn|1\n|\n|t:|1775957249\n|detailschange|p2a: Charizard|Charizard-Mega-Y, L50, M\n|-mega|p2a: Charizard|Charizard|Charizardite Y\n|-weather|SunnyDay|[from] ability: Drought|[of] p2a: Charizard\n|move|p1b: Tom|Fake Out|p2a: Charizard\n|-damage|p2a: Charizard|78/100\n|move|p2b: Venusaur|Sleep Powder|p1a: Bonitica\n|-status|p1a: Bonitica|slp|[from] move: Sleep Powder\n|cant|p2a: Charizard|flinch\n|cant|p1a: Bonitica|slp\n|\n|-weather|SunnyDay|[upkeep]\n|upkeep\n|turn|2\n|inactive|JAE207 has 30 seconds left.\n|inactive|Elemelons97 has 30 seconds left.\n|inactive|Elemelons97 has 20 seconds left.\n|\n|t:|1775957287\n|move|p2b: Venusaur|Sludge Bomb|p1a: Bonitica\n|-damage|p1a: Bonitica|70/100 slp\n|move|p2a: Charizard|Weather Ball|p1a: Bonitica\n|-damage|p1a: Bonitica|10/100 slp\n|move|p1b: Tom|Darkest Lariat|p2a: Charizard\n|-damage|p2a: Charizard|20/100\n|cant|p1a: Bonitica|slp\n|\n|-weather|SunnyDay|[upkeep]\n|upkeep\n|turn|3\n|\n|t:|1775957307\n|move|p2a: Charizard|Protect|p2a: Charizard\n|-singleturn|p2a: Charizard|Protect\n|-curestatus|p1a: Bonitica|slp|[msg]\n|move|p1a: Bonitica|Protect|p1a: Bonitica\n|-singleturn|p1a: Bonitica|Protect\n|move|p2b: Venusaur|Sludge Bomb|p1a: Bonitica\n|-activate|p1a: Bonitica|move: Protect\n|move|p1b: Tom|Darkest Lariat|p2a: Charizard\n|-activate|p2a: Charizard|move: Protect\n|\n|-weather|SunnyDay|[upkeep]\n|upkeep\n|turn|4\n|\n|t:|1775957323\n|switch|p2a: Incineroar|Incineroar, L50, M|100/100\n|-ability|p2a: Incineroar|Intimidate|boost\n|-unboost|p1a: Bonitica|atk|1\n|-unboost|p1b: Tom|atk|1\n|switch|p1a: Hojuelita|Golurk, L50|100/100\n|move|p2b: Venusaur|Sleep Powder|p1a: Hojuelita\n|-status|p1a: Hojuelita|slp|[from] move: Sleep Powder\n|move|p1b: Tom|Flare Blitz|p2b: Venusaur\n|-supereffective|p2b: Venusaur|1\n|-enditem|p2b: Venusaur|Focus Sash\n|-damage|p2b: Venusaur|1/100\n|-damage|p1b: Tom|75/100|[from] Recoil\n|\n|-weather|SunnyDay|[upkeep]\n|upkeep\n|turn|5\n|inactive|Elemelons97 has 30 seconds left.\n|\n|t:|1775957350\n|detailschange|p1a: Hojuelita|Golurk-Mega, L50\n|-mega|p1a: Hojuelita|Golurk|Golurkite\n|move|p2a: Incineroar|Fake Out|p1b: Tom\n|-damage|p1b: Tom|62/100\n|move|p2b: Venusaur|Leaf Storm|p1a: Hojuelita\n|-supereffective|p1a: Hojuelita|1\n|-damage|p1a: Hojuelita|0 fnt\n|-unboost|p2b: Venusaur|spa|2\n|faint|p1a: Hojuelita\n|cant|p1b: Tom|flinch\n|\n|-weather|none\n|upkeep\n|\n|t:|1775957362\n|switch|p1a: El Caudillo|Venusaur, L50, M, shiny|100/100\n|turn|6\n|\n|t:|1775957379\n|switch|p2a: Charizard|Charizard-Mega-Y, L50, M|20/100\n|-weather|SunnyDay|[from] ability: Drought|[of] p2a: Charizard\n|move|p1a: El Caudillo|Sleep Powder|p2a: Charizard|[miss]\n|-miss|p1a: El Caudillo|p2a: Charizard\n|move|p2b: Venusaur|Sleep Powder|p1b: Tom\n|-status|p1b: Tom|slp|[from] move: Sleep Powder\n|cant|p1b: Tom|slp\n|\n|-weather|SunnyDay|[upkeep]\n|upkeep\n|turn|7\n|\n|t:|1775957401\n|move|p2a: Charizard|Protect|p2a: Charizard\n|-singleturn|p2a: Charizard|Protect\n|move|p1a: El Caudillo|Sleep Powder|p2a: Charizard\n|-activate|p2a: Charizard|move: Protect\n|move|p2b: Venusaur|Sludge Bomb|p1a: El Caudillo\n|-damage|p1a: El Caudillo|76/100\n|cant|p1b: Tom|slp\n|\n|-weather|SunnyDay|[upkeep]\n|upkeep\n|turn|8\n|inactive|JAE207 has 30 seconds left.\n|\n|t:|1775957428\n|move|p1a: El Caudillo|Sludge Bomb|p2a: Charizard\n|-damage|p2a: Charizard|0 fnt\n|faint|p2a: Charizard\n|move|p2b: Venusaur|Sludge Bomb|p1a: El Caudillo\n|-damage|p1a: El Caudillo|48/100\n|-curestatus|p1b: Tom|slp|[msg]\n|move|p1b: Tom|Darkest Lariat|p2b: Venusaur\n|-damage|p2b: Venusaur|0 fnt\n|faint|p2b: Venusaur\n|\n|-weather|SunnyDay|[upkeep]\n|upkeep\n|\n|t:|1775957440\n|switch|p2a: Rotom|Rotom-Wash, L50|100/100\n|switch|p2b: Incineroar|Incineroar, L50, M|100/100\n|-ability|p2b: Incineroar|Intimidate|boost\n|-unboost|p1a: El Caudillo|atk|1\n|-unboost|p1b: Tom|atk|1\n|turn|9\n|\n|t:|1775957461\n|switch|p1b: Bonitica|Farigiraf, L50, F|10/100\n|move|p2b: Incineroar|Fake Out||[still]\n|cant|p1b: Bonitica|ability: Armor Tail|Fake Out|[of] p2b: Incineroar\n|move|p1a: El Caudillo|Sleep Powder|p2b: Incineroar\n|-status|p2b: Incineroar|slp|[from] move: Sleep Powder\n|move|p2a: Rotom|Hydro Pump|p1b: Bonitica\n|-damage|p1b: Bonitica|0 fnt\n|faint|p1b: Bonitica\n|\n|-weather|SunnyDay|[upkeep]\n|upkeep\n|\n|t:|1775957471\n|switch|p1b: Tom|Incineroar, L50, M|62/100\n|-ability|p1b: Tom|Intimidate|boost\n|-unboost|p2a: Rotom|atk|1\n|-unboost|p2b: Incineroar|atk|1\n|turn|10\n|\n|t:|1775957483\n|move|p2a: Rotom|Protect|p2a: Rotom\n|-singleturn|p2a: Rotom|Protect\n|move|p1b: Tom|Fake Out|p2a: Rotom\n|-activate|p2a: Rotom|move: Protect\n|move|p1a: El Caudillo|Energy Ball|p2a: Rotom\n|-activate|p2a: Rotom|move: Protect\n|cant|p2b: Incineroar|slp\n|\n|-weather|none\n|upkeep\n|turn|11\n|\n|t:|1775957503\n|move|p1a: El Caudillo|Energy Ball|p2a: Rotom\n|-supereffective|p2a: Rotom|1\n|-crit|p2a: Rotom\n|-damage|p2a: Rotom|0 fnt\n|faint|p2a: Rotom\n|-curestatus|p2b: Incineroar|slp|[msg]\n|move|p2b: Incineroar|Flare Blitz|p1a: El Caudillo\n|-supereffective|p1a: El Caudillo|1\n|-damage|p1a: El Caudillo|0 fnt\n|faint|p1a: El Caudillo\n|-damage|p2b: Incineroar|88/100|[from] Recoil\n|move|p1b: Tom|Parting Shot|p2b: Incineroar\n|-unboost|p2b: Incineroar|atk|1\n|-unboost|p2b: Incineroar|spa|1\n|\n|upkeep\n|turn|12\n|\n|t:|1775957523\n|move|p2b: Incineroar|Darkest Lariat|p1b: Tom\n|-resisted|p1b: Tom|1\n|-damage|p1b: Tom|50/100\n|move|p1b: Tom|Darkest Lariat|p2b: Incineroar\n|-resisted|p2b: Incineroar|1\n|-damage|p2b: Incineroar|66/100\n|\n|upkeep\n|turn|13\n|\n|t:|1775957530\n|move|p2b: Incineroar|Darkest Lariat|p1b: Tom\n|-resisted|p1b: Tom|1\n|-damage|p1b: Tom|39/100\n|move|p1b: Tom|Darkest Lariat|p2b: Incineroar\n|-resisted|p2b: Incineroar|1\n|-damage|p2b: Incineroar|45/100\n|-enditem|p2b: Incineroar|Sitrus Berry|[eat]\n|-heal|p2b: Incineroar|69/100|[from] item: Sitrus Berry\n|\n|upkeep\n|turn|14\n|\n|t:|1775957540\n|move|p2b: Incineroar|Darkest Lariat|p1b: Tom\n|-resisted|p1b: Tom|1\n|-damage|p1b: Tom|28/100\n|move|p1b: Tom|Darkest Lariat|p2b: Incineroar\n|-resisted|p2b: Incineroar|1\n|-damage|p2b: Incineroar|47/100\n|\n|upkeep\n|turn|15\n|\n|t:|1775957561\n|move|p2b: Incineroar|Darkest Lariat|p1b: Tom\n|-resisted|p1b: Tom|1\n|-damage|p1b: Tom|17/100\n|move|p1b: Tom|Darkest Lariat|p2b: Incineroar\n|-resisted|p2b: Incineroar|1\n|-damage|p2b: Incineroar|25/100\n|\n|upkeep\n|turn|16\n|\n|t:|1775957572\n|move|p2b: Incineroar|Darkest Lariat|p1b: Tom\n|-resisted|p1b: Tom|1\n|-damage|p1b: Tom|6/100\n|move|p1b: Tom|Darkest Lariat|p2b: Incineroar\n|-resisted|p2b: Incineroar|1\n|-damage|p2b: Incineroar|4/100\n|\n|upkeep\n|turn|17\n|c|\u2606Elemelons97|Ggwp\n|c|\u2606JAE207|gg wp\n|\n|t:|1775957591\n|move|p2b: Incineroar|Darkest Lariat|p1b: Tom\n|-resisted|p1b: Tom|1\n|-damage|p1b: Tom|0 fnt\n|faint|p1b: Tom\n|\n|win|Elemelons97\n|raw|JAE207's rating: 1079 &rarr; <strong>1056</strong><br />(-23 for losing)\n|raw|Elemelons97's rating: 1065 &rarr; <strong>1096</strong><br />(+31 for winning)\n|l|\u2606Elemelons97\n|player|p2|\n|j|\u2606Elemelons97\n|player|p2|Elemelons97|veteran|\n",
  "uploadtime": 1775957633,
  "views": 11,
  "formatid": "gen9championsvgc2026regma",
  "rating": 1056,
  "private": 0,
  "password": null
}