{
  "id": "gen9championsvgc2026regma-2586943044",
  "format": "[Gen 9 Champions] VGC 2026 Reg M-A",
  "players": [
    "nemesis5164",
    "Sceptilicious"
  ],
  "log": "|j|\u2606nemesis5164\n|j|\u2606Sceptilicious\n|t:|1776474116\n|gametype|doubles\n|player|p1|nemesis5164|170|1245\n|player|p2|Sceptilicious|1|1288\n|gen|9\n|tier|[Gen 9 Champions] VGC 2026 Reg M-A\n|rated|\n|rule|Species Clause: Limit one of each Pok\u00e9mon\n|rule|Item Clause: Limit 1 of each item\n|clearpoke\n|poke|p1|Charizard, L50, M|\n|poke|p1|Venusaur, L50, F|\n|poke|p1|Garchomp, L50, M|\n|poke|p1|Incineroar, L50, F|\n|poke|p1|Gardevoir, L50, F|\n|poke|p1|Milotic, L50, M|\n|poke|p2|Sinistcha, L50|\n|poke|p2|Incineroar, L50, F|\n|poke|p2|Gyarados, L50, F|\n|poke|p2|Kommo-o, L50, M|\n|poke|p2|Gengar, L50, M|\n|poke|p2|Tinkaton, L50, F|\n|teampreview|4\n|inactive|Battle timer is ON: inactive players will automatically lose when time's up. (requested by nemesis5164)\n|\n|t:|1776474181\n|teamsize|p1|4\n|teamsize|p2|4\n|start\n|switch|p1a: Milotic|Milotic, L50, M|100/100\n|switch|p1b: Garchomp|Garchomp, L50, M|100/100\n|switch|p2a: Gengar|Gengar, L50, M|100/100\n|switch|p2b: Tinkaton|Tinkaton, L50, F|100/100\n|turn|1\n|\n|t:|1776474204\n|move|p2b: Tinkaton|Fake Out|p1a: Milotic\n|-damage|p1a: Milotic|91/100\n|move|p1b: Garchomp|Dragon Claw|p2a: Gengar\n|-damage|p2a: Gengar|18/100\n|move|p2a: Gengar|Dazzling Gleam|p1a: Milotic|[spread] p1a,p1b\n|-supereffective|p1b: Garchomp|1\n|-damage|p1a: Milotic|76/100\n|-damage|p1b: Garchomp|59/100\n|cant|p1a: Milotic|flinch\n|\n|-heal|p1a: Milotic|82/100|[from] item: Leftovers\n|upkeep\n|turn|2\n|\n|t:|1776474219\n|move|p2a: Gengar|Protect|p2a: Gengar\n|-singleturn|p2a: Gengar|Protect\n|move|p1b: Garchomp|Dragon Claw|p2a: Gengar\n|-activate|p2a: Gengar|move: Protect\n|move|p2b: Tinkaton|Play Rough|p1b: Garchomp\n|-supereffective|p1b: Garchomp|1\n|-damage|p1b: Garchomp|0 fnt\n|-damage|p2b: Tinkaton|88/100|[from] ability: Rough Skin|[of] p1b: Garchomp\n|faint|p1b: Garchomp\n|-heal|p2b: Tinkaton|96/100|[from] item: Shell Bell|[of] p1: Garchomp\n|move|p1a: Milotic|Icy Wind|p2b: Tinkaton|[spread] p2b\n|-activate|p2a: Gengar|move: Protect\n|-resisted|p2b: Tinkaton|1\n|-damage|p2b: Tinkaton|90/100\n|-unboost|p2b: Tinkaton|spe|1\n|\n|-heal|p1a: Milotic|88/100|[from] item: Leftovers\n|upkeep\n|\n|t:|1776474239\n|switch|p1b: Incineroar|Incineroar, L50, F|100/100\n|-ability|p1b: Incineroar|Intimidate|boost\n|-unboost|p2a: Gengar|atk|1\n|-fail|p2b: Tinkaton|unboost|Attack|[from] ability: Own Tempo|[of] p2b: Tinkaton\n|turn|3\n|\n|t:|1776474256\n|move|p2b: Tinkaton|Protect|p2b: Tinkaton\n|-singleturn|p2b: Tinkaton|Protect\n|move|p1b: Incineroar|Fake Out|p2b: Tinkaton\n|-activate|p2b: Tinkaton|move: Protect\n|move|p2a: Gengar|Sludge Bomb|p1a: Milotic\n|-damage|p1a: Milotic|56/100\n|-status|p1a: Milotic|psn\n|move|p1a: Milotic|Icy Wind|p2b: Tinkaton|[spread] p2a\n|-activate|p2b: Tinkaton|move: Protect\n|-damage|p2a: Gengar|0 fnt\n|-start|p1a: Milotic|Disable|Icy Wind|[from] ability: Cursed Body|[of] p2a: Gengar\n|faint|p2a: Gengar\n|\n|-heal|p1a: Milotic|62/100 psn|[from] item: Leftovers\n|-damage|p1a: Milotic|50/100 psn|[from] psn\n|upkeep\n|\n|t:|1776474273\n|switch|p2a: Sinistcha|Sinistcha, L50|100/100\n|-heal|p2b: Tinkaton|100/100|[from] ability: Hospitality|[of] p2a: Sinistcha\n|turn|4\n|\n|t:|1776474283\n|move|p1a: Milotic|Scald|p2b: Tinkaton\n|-damage|p2b: Tinkaton|67/100\n|move|p2a: Sinistcha|Matcha Gotcha|p1a: Milotic|[spread] p1a\n|-miss|p2a: Sinistcha|p1b: Incineroar\n|-supereffective|p1a: Milotic|1\n|-damage|p1a: Milotic|4/100 psn\n|move|p2b: Tinkaton|Play Rough|p1b: Incineroar\n|-damage|p1b: Incineroar|78/100\n|-heal|p2b: Tinkaton|70/100|[from] item: Shell Bell|[of] p1b: Incineroar\n|move|p1b: Incineroar|Flare Blitz|p2b: Tinkaton\n|-supereffective|p2b: Tinkaton|1\n|-damage|p2b: Tinkaton|0 fnt\n|faint|p2b: Tinkaton\n|-damage|p1b: Incineroar|60/100|[from] Recoil\n|\n|-heal|p1a: Milotic|10/100 psn|[from] item: Leftovers\n|-damage|p1a: Milotic|0 fnt|[from] psn\n|faint|p1a: Milotic\n|upkeep\n|\n|t:|1776474302\n|switch|p2b: Gyarados|Gyarados, L50, F|100/100\n|switch|p1a: Venusaur|Venusaur, L50, F|100/100\n|-ability|p2b: Gyarados|Intimidate|boost\n|-unboost|p1a: Venusaur|atk|1\n|-unboost|p1b: Incineroar|atk|1\n|turn|5\n|\n|t:|1776474322\n|move|p2a: Sinistcha|Rage Powder|p2a: Sinistcha\n|-singleturn|p2a: Sinistcha|move: Rage Powder\n|move|p1a: Venusaur|Sludge Bomb|p2a: Sinistcha\n|-damage|p2a: Sinistcha|61/100\n|-status|p2a: Sinistcha|psn\n|move|p2b: Gyarados|Dragon Dance|p2b: Gyarados\n|-boost|p2b: Gyarados|atk|1\n|-boost|p2b: Gyarados|spe|1\n|move|p1b: Incineroar|Flare Blitz|p2a: Sinistcha\n|-supereffective|p2a: Sinistcha|1\n|-damage|p2a: Sinistcha|0 fnt\n|faint|p2a: Sinistcha\n|-damage|p1b: Incineroar|45/100|[from] Recoil\n|-enditem|p1b: Incineroar|Sitrus Berry|[eat]\n|-heal|p1b: Incineroar|70/100|[from] item: Sitrus Berry\n|\n|upkeep\n|turn|6\n|\n|t:|1776474345\n|detailschange|p2b: Gyarados|Gyarados-Mega, L50, F\n|-mega|p2b: Gyarados|Gyarados|Gyaradosite\n|-ability|p2b: Gyarados|Mold Breaker\n|move|p2b: Gyarados|Earthquake|p1b: Incineroar|[spread] p1a,p1b\n|-supereffective|p1b: Incineroar|1\n|-damage|p1a: Venusaur|47/100\n|-damage|p1b: Incineroar|13/100\n|move|p1a: Venusaur|Sleep Powder|p2b: Gyarados|[miss]\n|-miss|p1a: Venusaur|p2b: Gyarados\n|move|p1b: Incineroar|Parting Shot|p2b: Gyarados\n|-unboost|p2b: Gyarados|atk|1\n|-unboost|p2b: Gyarados|spa|1\n|\n|upkeep\n|turn|7\n|\n|t:|1776474363\n|move|p2b: Gyarados|Earthquake|p1b: Incineroar|[spread] p1a,p1b\n|-supereffective|p1b: Incineroar|1\n|-damage|p1a: Venusaur|9/100\n|-damage|p1b: Incineroar|0 fnt\n|faint|p1b: Incineroar\n|move|p1a: Venusaur|Leaf Storm|p2b: Gyarados\n|-supereffective|p2b: Gyarados|1\n|-damage|p2b: Gyarados|19/100\n|-unboost|p1a: Venusaur|spa|2\n|\n|upkeep\n|turn|8\n|\n|t:|1776474371\n|move|p2b: Gyarados|Crunch|p1a: Venusaur\n|-damage|p1a: Venusaur|0 fnt\n|faint|p1a: Venusaur\n|\n|win|Sceptilicious\n|raw|nemesis5164's rating: 1245 &rarr; <strong>1223</strong><br />(-22 for losing)\n|raw|Sceptilicious's rating: 1288 &rarr; <strong>1310</strong><br />(+22 for winning)\n|c|\u2606Sceptilicious|gg\n|l|\u2606nemesis5164\n|player|p1|\n",
  "uploadtime": 1776474377,
  "views": 39,
  "formatid": "gen9championsvgc2026regma",
  "rating": 1223,
  "private": 0,
  "password": null
}