{
  "id": "gen9championsvgc2026regma-2585932033",
  "format": "[Gen 9 Champions] VGC 2026 Reg M-A",
  "players": [
    "bodhidelbarrio",
    "zelkeya"
  ],
  "log": "|j|\u2606bodhidelbarrio\n|j|\u2606zelkeya\n|t:|1776382627\n|gametype|doubles\n|player|p1|bodhidelbarrio|blackbelt|1306\n|player|p2|zelkeya|ethan|1213\n|gen|9\n|tier|[Gen 9 Champions] VGC 2026 Reg M-A\n|rated|\n|rule|Species Clause: Limit one of each Pok\u00e9mon\n|rule|Item Clause: Limit 1 of each item\n|clearpoke\n|poke|p1|Torkoal, L50, F|\n|poke|p1|Farigiraf, L50, M|\n|poke|p1|Gallade, L50, M|\n|poke|p1|Charizard, L50, M|\n|poke|p1|Venusaur, L50, M|\n|poke|p1|Garchomp, L50, F|\n|poke|p2|Talonflame, L50, M|\n|poke|p2|Gengar, L50, F|\n|poke|p2|Milotic, L50, M|\n|poke|p2|Rotom-Heat, L50|\n|poke|p2|Garchomp, L50, M|\n|poke|p2|Kingambit, L50, F|\n|teampreview|4\n|\n|t:|1776382666\n|teamsize|p1|4\n|teamsize|p2|4\n|start\n|switch|p1a: Farigiraf|Farigiraf, L50, M|100/100\n|switch|p1b: Garchomp|Garchomp, L50, F|100/100\n|switch|p2a: Garchomp|Garchomp, L50, M|100/100\n|switch|p2b: Talonflame|Talonflame, L50, M|100/100\n|turn|1\n|\n|t:|1776382699\n|move|p2a: Garchomp|Dragon Claw|p1b: Garchomp\n|-supereffective|p1b: Garchomp|1\n|-damage|p1b: Garchomp|9/100\n|-damage|p2a: Garchomp|88/100|[from] ability: Rough Skin|[of] p1b: Garchomp\n|move|p1b: Garchomp|Dragon Claw|p2a: Garchomp\n|-supereffective|p2a: Garchomp|1\n|-damage|p2a: Garchomp|0 fnt\n|-damage|p1b: Garchomp|0 fnt|[from] ability: Rough Skin|[of] p2a: Garchomp\n|faint|p2a: Garchomp\n|faint|p1b: Garchomp\n|move|p2b: Talonflame|Taunt|p1a: Farigiraf\n|-start|p1a: Farigiraf|move: Taunt\n|move|p1a: Farigiraf|Hyper Voice|p2b: Talonflame\n|-damage|p2b: Talonflame|46/100\n|\n|upkeep\n|\n|t:|1776382725\n|switch|p2a: Milotic|Milotic, L50, M|100/100\n|switch|p1b: Venusaur|Venusaur, L50, M|100/100\n|turn|2\n|\n|t:|1776382743\n|move|p2a: Milotic|Protect|p2a: Milotic\n|-singleturn|p2a: Milotic|Protect\n|move|p2b: Talonflame|Brave Bird|p1b: Venusaur\n|-supereffective|p1b: Venusaur|1\n|-enditem|p1b: Venusaur|Focus Sash\n|-damage|p1b: Venusaur|1/100\n|-damage|p2b: Talonflame|13/100|[from] Recoil\n|move|p1b: Venusaur|Sleep Powder|p2a: Milotic\n|-activate|p2a: Milotic|move: Protect\n|move|p1a: Farigiraf|Hyper Voice|p2b: Talonflame|[spread] p2b\n|-activate|p2a: Milotic|move: Protect\n|-damage|p2b: Talonflame|0 fnt\n|faint|p2b: Talonflame\n|\n|upkeep\n|\n|t:|1776382757\n|switch|p2b: Gengar|Gengar, L50, F|100/100\n|turn|3\n|\n|t:|1776382776\n|switch|p1b: Charizard|Charizard, L50, M, shiny|100/100\n|detailschange|p2b: Gengar|Gengar-Mega, L50, F\n|-mega|p2b: Gengar|Gengar|Gengarite\n|move|p2b: Gengar|Substitute|p2b: Gengar\n|-start|p2b: Gengar|Substitute\n|-damage|p2b: Gengar|76/100\n|move|p2a: Milotic|Icy Wind|p1a: Farigiraf|[spread] p1a,p1b\n|-crit|p1a: Farigiraf\n|-damage|p1a: Farigiraf|87/100\n|-damage|p1b: Charizard|89/100\n|-unboost|p1a: Farigiraf|spe|1\n|-unboost|p1b: Charizard|spe|1\n|move|p1a: Farigiraf|Psychic|p2b: Gengar\n|-supereffective|p2b: Gengar|1\n|-end|p2b: Gengar|Substitute\n|\n|-end|p1a: Farigiraf|move: Taunt\n|upkeep\n|turn|4\n|\n|t:|1776382814\n|detailschange|p1b: Charizard|Charizard-Mega-Y, L50, M, shiny\n|-mega|p1b: Charizard|Charizard|Charizardite Y\n|-weather|SunnyDay|[from] ability: Drought|[of] p1b: Charizard\n|move|p2b: Gengar|Protect|p2b: Gengar\n|-singleturn|p2b: Gengar|Protect\n|move|p1b: Charizard|Solar Beam||[still]\n|-prepare|p1b: Charizard|Solar Beam\n|-anim|p1b: Charizard|Solar Beam|p2a: Milotic\n|-supereffective|p2a: Milotic|1\n|-damage|p2a: Milotic|35/100\n|move|p2a: Milotic|Scald|p1b: Charizard\n|-supereffective|p1b: Charizard|1\n|-damage|p1b: Charizard|63/100\n|move|p1a: Farigiraf|Psychic|p2b: Gengar\n|-activate|p2b: Gengar|move: Protect\n|\n|-weather|SunnyDay|[upkeep]\n|-heal|p2a: Milotic|41/100|[from] item: Leftovers\n|upkeep\n|turn|5\n|inactive|Battle timer is ON: inactive players will automatically lose when time's up. (requested by bodhidelbarrio)\n|inactive|zelkeya has 60 seconds left.\n|\n|t:|1776382857\n|move|p2b: Gengar|Substitute|p2b: Gengar\n|-start|p2b: Gengar|Substitute\n|-damage|p2b: Gengar|51/100\n|move|p1b: Charizard|Solar Beam||[still]\n|-prepare|p1b: Charizard|Solar Beam\n|-anim|p1b: Charizard|Solar Beam|p2a: Milotic\n|-supereffective|p2a: Milotic|1\n|-damage|p2a: Milotic|0 fnt\n|faint|p2a: Milotic\n|move|p1a: Farigiraf|Psychic|p2b: Gengar\n|-supereffective|p2b: Gengar|1\n|-end|p2b: Gengar|Substitute\n|\n|-weather|SunnyDay|[upkeep]\n|upkeep\n|turn|6\n|-message|zelkeya forfeited.\n|\n|win|bodhidelbarrio\n|raw|bodhidelbarrio's rating: 1306 &rarr; <strong>1321</strong><br />(+15 for winning)\n|raw|zelkeya's rating: 1213 &rarr; <strong>1195</strong><br />(-18 for losing)\n|l|\u2606zelkeya\n|player|p2|\n",
  "uploadtime": 1776382869,
  "views": 25,
  "formatid": "gen9championsvgc2026regma",
  "rating": 1195,
  "private": 0,
  "password": null
}