{
  "id": "gen9championsvgc2026regma-2582949941",
  "format": "[Gen 9 Champions] VGC 2026 Reg M-A",
  "players": [
    "roval2",
    "DryIceBros"
  ],
  "log": "|j|\u2606roval2\n|j|\u2606DryIceBros\n|t:|1776127719\n|gametype|doubles\n|player|p1|roval2|hiker-gen4|1153\n|player|p2|DryIceBros|mars|1124\n|gen|9\n|tier|[Gen 9 Champions] VGC 2026 Reg M-A\n|rated|\n|rule|Species Clause: Limit one of each Pok\u00e9mon\n|rule|Item Clause: Limit 1 of each item\n|clearpoke\n|poke|p1|Venusaur, L50, F|\n|poke|p1|Talonflame, L50, M|\n|poke|p1|Aerodactyl, L50, F|\n|poke|p1|Milotic, L50, M|\n|poke|p1|Raichu, L50, F|\n|poke|p1|Maushold, L50|\n|poke|p2|Crabominable, L50, M|\n|poke|p2|Farigiraf, L50, F|\n|poke|p2|Ninetales-Alola, L50, F|\n|poke|p2|Incineroar, L50, F|\n|poke|p2|Torkoal, L50, M|\n|poke|p2|Basculegion, L50, M|\n|teampreview|4\nDryIceBros has agreed to open team sheets.\n|inactive|Battle timer is ON: inactive players will automatically lose when time's up. (requested by roval2)\n|\n|t:|1776127792\n|teamsize|p1|4\n|teamsize|p2|4\n|start\n|switch|p1a: Aerodactyl|Aerodactyl, L50, F|100/100\n|switch|p1b: Maushold|Maushold, L50|100/100\n|switch|p2a: Basculegion|Basculegion, L50, M|100/100\n|switch|p2b: Incineroar|Incineroar, L50, F|100/100\n|-ability|p1a: Aerodactyl|Unnerve\n|-ability|p2b: Incineroar|Intimidate|boost\n|-unboost|p1a: Aerodactyl|atk|1\n|-unboost|p1b: Maushold|atk|1\n|turn|1\n|inactive|roval2 has 30 seconds left.\n|\n|t:|1776127818\n|move|p1a: Aerodactyl|Protect|p1a: Aerodactyl\n|-singleturn|p1a: Aerodactyl|Protect\n|move|p1b: Maushold|Protect|p1b: Maushold\n|-singleturn|p1b: Maushold|Protect\n|move|p2b: Incineroar|Fake Out|p1b: Maushold\n|-activate|p1b: Maushold|move: Protect\n|move|p2a: Basculegion|Wave Crash|p1a: Aerodactyl\n|-activate|p1a: Aerodactyl|move: Protect\n|\n|upkeep\n|turn|2\n|\n|t:|1776127835\n|switch|p1a: Venusaur|Venusaur, L50, F|100/100\n|move|p2a: Basculegion|Wave Crash|p1a: Venusaur\n|-resisted|p1a: Venusaur|1\n|-damage|p1a: Venusaur|56/100\n|-damage|p2a: Basculegion|87/100|[from] Recoil\n|move|p1b: Maushold|Population Bomb|p2b: Incineroar\n|-damage|p2b: Incineroar|96/100\n|-damage|p2b: Incineroar|91/100\n|-damage|p2b: Incineroar|86/100\n|-damage|p2b: Incineroar|82/100\n|-damage|p2b: Incineroar|77/100\n|-damage|p2b: Incineroar|72/100\n|-damage|p2b: Incineroar|67/100\n|-damage|p2b: Incineroar|62/100\n|-hitcount|p2b: Incineroar|8\n|move|p2b: Incineroar|Parting Shot|p1b: Maushold\n|-unboost|p1b: Maushold|atk|1\n|-unboost|p1b: Maushold|spa|1\n|\n|t:|1776127851\n|switch|p2b: Crabominable|Crabominable, L50, M|100/100|[from] Parting Shot\n|\n|upkeep\n|turn|3\n|\n|t:|1776127870\n|switch|p2a: Ninetales|Ninetales-Alola, L50, F|100/100\n|-weather|Snowscape|[from] ability: Snow Warning|[of] p2a: Ninetales\n|detailschange|p1a: Venusaur|Venusaur-Mega, L50, F\n|-mega|p1a: Venusaur|Venusaur|Venusaurite\n|detailschange|p2b: Crabominable|Crabominable-Mega, L50, M\n|-mega|p2b: Crabominable|Crabominable|Crabominite\n|move|p1b: Maushold|Follow Me|p1b: Maushold\n|-singleturn|p1b: Maushold|move: Follow Me\n|move|p1a: Venusaur|Leech Seed|p2b: Crabominable\n|-start|p2b: Crabominable|move: Leech Seed\n|move|p2b: Crabominable|Ice Hammer|p1b: Maushold\n|-damage|p1b: Maushold|0 fnt\n|-unboost|p2b: Crabominable|spe|1\n|faint|p1b: Maushold\n|\n|-weather|Snowscape|[upkeep]\n|-damage|p2b: Crabominable|88/100|[from] Leech Seed|[of] p1a: Venusaur\n|-heal|p1a: Venusaur|70/100|[silent]\n|upkeep\n|inactive|roval2 has 30 seconds left.\n|\n|t:|1776127897\n|switch|p1b: Aerodactyl|Aerodactyl, L50, F|100/100\n|-ability|p1b: Aerodactyl|Unnerve\n|turn|4\n|\n|t:|1776127921\n|move|p2b: Crabominable|Protect|p2b: Crabominable\n|-singleturn|p2b: Crabominable|Protect\n|move|p1b: Aerodactyl|Dual Wingbeat|p2b: Crabominable\n|-activate|p2b: Crabominable|move: Protect\n|move|p2a: Ninetales|Aurora Veil|p2a: Ninetales\n|-sidestart|p2: DryIceBros|move: Aurora Veil\n|move|p1a: Venusaur|Sludge Bomb|p2a: Ninetales\n|-supereffective|p2a: Ninetales|1\n|-damage|p2a: Ninetales|20/100\n|-status|p2a: Ninetales|psn\n|\n|-weather|Snowscape|[upkeep]\n|-damage|p2b: Crabominable|76/100|[from] Leech Seed|[of] p1a: Venusaur\n|-heal|p1a: Venusaur|84/100|[silent]\n|-damage|p2a: Ninetales|8/100 psn|[from] psn\n|upkeep\n|turn|5\n|\n|t:|1776127944\n|move|p1b: Aerodactyl|Dual Wingbeat|p2b: Crabominable\n|-supereffective|p2b: Crabominable|1\n|-damage|p2b: Crabominable|64/100\n|-supereffective|p2b: Crabominable|1\n|-damage|p2b: Crabominable|48/100\n|-hitcount|p2b: Crabominable|2\n|move|p2a: Ninetales|Blizzard|p1a: Venusaur|[spread] p1a,p1b\n|-supereffective|p1a: Venusaur|1\n|-supereffective|p1b: Aerodactyl|1\n|-damage|p1a: Venusaur|56/100\n|-damage|p1b: Aerodactyl|14/100\n|-status|p1b: Aerodactyl|frz\n|move|p1a: Venusaur|Sludge Bomb|p2b: Crabominable\n|-damage|p2b: Crabominable|22/100\n|move|p2b: Crabominable|Ice Hammer|p1b: Aerodactyl\n|-supereffective|p1b: Aerodactyl|1\n|-damage|p1b: Aerodactyl|0 fnt\n|-unboost|p2b: Crabominable|spe|1\n|faint|p1b: Aerodactyl\n|\n|-weather|Snowscape|[upkeep]\n|-damage|p2b: Crabominable|9/100|[from] Leech Seed|[of] p1a: Venusaur\n|-heal|p1a: Venusaur|70/100|[silent]\n|-damage|p2a: Ninetales|0 fnt|[from] psn\n|faint|p2a: Ninetales\n|upkeep\n|\n|t:|1776127968\n|switch|p1b: Milotic|Milotic, L50, M|100/100\n|switch|p2a: Incineroar|Incineroar, L50, F|62/100\n|-ability|p2a: Incineroar|Intimidate|boost\n|-unboost|p1a: Venusaur|atk|1\n|-unboost|p1b: Milotic|atk|1\n|-ability|p1b: Milotic|Competitive|boost\n|-boost|p1b: Milotic|spa|2\n|turn|6\n|\n|t:|1776127980\n|move|p1a: Venusaur|Protect|p1a: Venusaur\n|-singleturn|p1a: Venusaur|Protect\n|move|p2a: Incineroar|Fake Out|p1a: Venusaur\n|-activate|p1a: Venusaur|move: Protect\n|move|p1b: Milotic|Scald|p2a: Incineroar\n|-supereffective|p2a: Incineroar|1\n|-damage|p2a: Incineroar|0 fnt\n|faint|p2a: Incineroar\n|move|p2b: Crabominable|Drain Punch|p1b: Milotic\n|-damage|p1b: Milotic|39/100\n|-heal|p2b: Crabominable|36/100|[from] drain|[of] p1b: Milotic\n|\n|-weather|Snowscape|[upkeep]\n|-heal|p1b: Milotic|46/100|[from] item: Leftovers\n|-damage|p2b: Crabominable|24/100|[from] Leech Seed|[of] p1a: Venusaur\n|-heal|p1a: Venusaur|84/100|[silent]\n|upkeep\n|\n|t:|1776127983\n|switch|p2a: Basculegion|Basculegion, L50, M|87/100\n|turn|7\n|\n|t:|1776128006\n|move|p2b: Crabominable|Mach Punch|p1a: Venusaur\n|-resisted|p1a: Venusaur|1\n|-damage|p1a: Venusaur|72/100\n|move|p2a: Basculegion|Last Respects|p1a: Venusaur\n|-damage|p1a: Venusaur|0 fnt\n|faint|p1a: Venusaur\n|move|p1b: Milotic|Scald|p2b: Crabominable\n|-damage|p2b: Crabominable|0 fnt\n|faint|p2b: Crabominable\n|\n|-weather|none\n|-heal|p1b: Milotic|52/100|[from] item: Leftovers\n|upkeep\n|turn|8\n|\n|t:|1776128022\n|move|p1b: Milotic|Protect|p1b: Milotic\n|-singleturn|p1b: Milotic|Protect\n|move|p2a: Basculegion|Last Respects|p1b: Milotic\n|-activate|p1b: Milotic|move: Protect\n|\n|-heal|p1b: Milotic|58/100|[from] item: Leftovers\n|-sideend|p2: DryIceBros|move: Aurora Veil\n|upkeep\n|turn|9\n|\n|t:|1776128033\n|move|p2a: Basculegion|Last Respects|p1b: Milotic\n|-damage|p1b: Milotic|0 fnt\n|faint|p1b: Milotic\n|\n|win|DryIceBros\n|raw|roval2's rating: 1153 &rarr; <strong>1126</strong><br />(-27 for losing)\n|raw|DryIceBros's rating: 1124 &rarr; <strong>1151</strong><br />(+27 for winning)\n",
  "uploadtime": 1776128037,
  "views": 13,
  "formatid": "gen9championsvgc2026regma",
  "rating": 1126,
  "private": 0,
  "password": null
}