{
  "id": "gen9championsvgc2026regma-2586556266",
  "format": "[Gen 9 Champions] VGC 2026 Reg M-A",
  "players": [
    "Gigiobenito",
    "DrChocolateMD"
  ],
  "log": "|j|\u2606Gigiobenito\n|j|\u2606DrChocolateMD\n|t:|1776442801\n|gametype|doubles\n|player|p1|Gigiobenito|102|1080\n|player|p2|DrChocolateMD|shadowtriad|1106\n|gen|9\n|tier|[Gen 9 Champions] VGC 2026 Reg M-A\n|rated|\n|rule|Species Clause: Limit one of each Pok\u00e9mon\n|rule|Item Clause: Limit 1 of each item\n|clearpoke\n|poke|p1|Incineroar, L50, M|\n|poke|p1|Scizor, L50, M|\n|poke|p1|Sinistcha, L50|\n|poke|p1|Kingambit, L50, M|\n|poke|p1|Tyranitar, L50, M|\n|poke|p1|Kommo-o, L50, F|\n|poke|p2|Typhlosion-Hisui, L50, F|\n|poke|p2|Froslass, L50, F|\n|poke|p2|Jolteon, L50, M|\n|poke|p2|Clefable, L50, F|\n|poke|p2|Sinistcha, L50|\n|poke|p2|Sneasler, L50, M|\n|teampreview|4\nDrChocolateMD rejected open team sheets.\n|inactive|Battle timer is ON: inactive players will automatically lose when time's up. (requested by DrChocolateMD)\n|inactive|Gigiobenito has 60 seconds left.\n|\n|t:|1776442855\n|teamsize|p1|4\n|teamsize|p2|4\n|start\n|switch|p1a: Kommo-o|Kommo-o, L50, F|100/100\n|switch|p1b: Tyranitar|Tyranitar, L50, M|100/100\n|switch|p2a: Froslass|Froslass, L50, F|100/100\n|switch|p2b: Sneasler|Sneasler, L50, M|100/100\n|-weather|Sandstorm|[from] ability: Sand Stream|[of] p1b: Tyranitar\n|-ability|p2b: Sneasler|Pressure\n|turn|1\n|\n|t:|1776442876\n|move|p2a: Froslass|Protect|p2a: Froslass\n|-singleturn|p2a: Froslass|Protect\n|move|p1a: Kommo-o|Protect|p1a: Kommo-o\n|-singleturn|p1a: Kommo-o|Protect\n|move|p1b: Tyranitar|Rock Slide|p2a: Froslass|[spread] p2b\n|-activate|p2a: Froslass|move: Protect\n|-resisted|p2b: Sneasler|1\n|-damage|p2b: Sneasler|74/100\n|move|p2b: Sneasler|Close Combat|p1b: Tyranitar\n|-supereffective|p1b: Tyranitar|2\n|-damage|p1b: Tyranitar|0 fnt\n|-unboost|p2b: Sneasler|def|1\n|-unboost|p2b: Sneasler|spd|1\n|faint|p1b: Tyranitar\n|-enditem|p2b: Sneasler|White Herb\n|-clearnegativeboost|p2b: Sneasler|[silent]\n|\n|-weather|Sandstorm|[upkeep]\n|-damage|p2b: Sneasler|68/100|[from] Sandstorm\n|-damage|p2a: Froslass|94/100|[from] Sandstorm\n|-damage|p1a: Kommo-o|95/100|[from] Sandstorm\n|-heal|p1a: Kommo-o|100/100|[from] item: Leftovers\n|upkeep\n|\n|t:|1776442898\n|switch|p1b: Scizor|Scizor, L50, M|100/100\n|turn|2\n|\n|t:|1776442922\n|switch|p2a: Jolteon|Jolteon, L50, M|100/100\n|detailschange|p1b: Scizor|Scizor-Mega, L50, M\n|-mega|p1b: Scizor|Scizor|Scizorite\n|move|p1b: Scizor|Bullet Punch|p2a: Jolteon\n|-resisted|p2a: Jolteon|1\n|-damage|p2a: Jolteon|62/100\n|move|p2b: Sneasler|Close Combat|p1b: Scizor\n|-crit|p1b: Scizor\n|-damage|p1b: Scizor|22/100\n|-unboost|p2b: Sneasler|def|1\n|-unboost|p2b: Sneasler|spd|1\n|move|p1a: Kommo-o|Clangorous Soul|p1a: Kommo-o\n|-boost|p1a: Kommo-o|atk|1\n|-boost|p1a: Kommo-o|def|1\n|-boost|p1a: Kommo-o|spa|1\n|-boost|p1a: Kommo-o|spd|1\n|-boost|p1a: Kommo-o|spe|1\n|-damage|p1a: Kommo-o|68/100\n|\n|-weather|Sandstorm|[upkeep]\n|-damage|p1a: Kommo-o|62/100|[from] Sandstorm\n|-damage|p2a: Jolteon|57/100|[from] Sandstorm\n|-damage|p2b: Sneasler|62/100|[from] Sandstorm\n|-heal|p1a: Kommo-o|68/100|[from] item: Leftovers\n|upkeep\n|turn|3\n|inactive|DrChocolateMD has 30 seconds left.\n|\n|t:|1776442948\n|switch|p2b: Clefable|Clefable, L50, F|100/100\n|move|p1b: Scizor|Bullet Punch|p2b: Clefable\n|-supereffective|p2b: Clefable|1\n|-damage|p2b: Clefable|35/100\n|-enditem|p2b: Clefable|Sitrus Berry|[eat]\n|-heal|p2b: Clefable|60/100|[from] item: Sitrus Berry\n|move|p1a: Kommo-o|Clanging Scales|p2a: Jolteon|[spread] p2a\n|-immune|p2b: Clefable\n|-damage|p2a: Jolteon|0 fnt\n|faint|p2a: Jolteon\n|-unboost|p1a: Kommo-o|def|1\n|\n|-weather|Sandstorm|[upkeep]\n|-damage|p1a: Kommo-o|62/100|[from] Sandstorm\n|-damage|p2b: Clefable|54/100|[from] Sandstorm\n|-heal|p1a: Kommo-o|68/100|[from] item: Leftovers\n|upkeep\n|\n|t:|1776442965\n|switch|p2a: Froslass|Froslass, L50, F|94/100\n|turn|4\n|\n|t:|1776442975\n|detailschange|p2a: Froslass|Froslass-Mega, L50, F\n|-mega|p2a: Froslass|Froslass|Froslassite\n|-weather|Snowscape|[from] ability: Snow Warning|[of] p2a: Froslass\n|move|p1a: Kommo-o|Protect|p1a: Kommo-o\n|-singleturn|p1a: Kommo-o|Protect\n|move|p2b: Clefable|Follow Me|p2b: Clefable\n|-singleturn|p2b: Clefable|move: Follow Me\n|move|p2a: Froslass|Blizzard|p1b: Scizor|[spread] p1b\n|-activate|p1a: Kommo-o|move: Protect\n|-resisted|p1b: Scizor|1\n|-damage|p1b: Scizor|0 fnt\n|faint|p1b: Scizor\n|\n|-weather|Snowscape|[upkeep]\n|-heal|p1a: Kommo-o|73/100|[from] item: Leftovers\n|upkeep\n|\n|t:|1776442986\n|switch|p1b: Sinistcha|Sinistcha, L50|100/100\n|-heal|p1a: Kommo-o|98/100|[from] ability: Hospitality|[of] p1b: Sinistcha\n|turn|5\n|\n|t:|1776443004\n|move|p2b: Clefable|Follow Me|p2b: Clefable\n|-singleturn|p2b: Clefable|move: Follow Me\n|move|p1a: Kommo-o|Clanging Scales|p2a: Froslass|[spread] p2a\n|-immune|p2b: Clefable\n|-damage|p2a: Froslass|19/100\n|-unboost|p1a: Kommo-o|def|1\n|move|p2a: Froslass|Blizzard|p1a: Kommo-o|[spread] p1a,p1b\n|-supereffective|p1a: Kommo-o|1\n|-supereffective|p1b: Sinistcha|1\n|-damage|p1a: Kommo-o|20/100\n|-damage|p1b: Sinistcha|15/100\n|-enditem|p1b: Sinistcha|Sitrus Berry|[eat]\n|-heal|p1b: Sinistcha|39/100|[from] item: Sitrus Berry\n|move|p1b: Sinistcha|Life Dew|p1b: Sinistcha|[spread] p1a,p1b\n|-heal|p1a: Kommo-o|46/100\n|-heal|p1b: Sinistcha|64/100\n|\n|-weather|Snowscape|[upkeep]\n|-heal|p1a: Kommo-o|51/100|[from] item: Leftovers\n|upkeep\n|turn|6\n|inactive|Gigiobenito has 30 seconds left.\n|\n|t:|1776443036\n|move|p2a: Froslass|Protect|p2a: Froslass\n|-singleturn|p2a: Froslass|Protect\n|move|p1a: Kommo-o|Clanging Scales|p2b: Clefable|[spread] \n|-activate|p2a: Froslass|move: Protect\n|-immune|p2b: Clefable\n|move|p1b: Sinistcha|Life Dew|p1b: Sinistcha|[spread] p1a,p1b\n|-heal|p1a: Kommo-o|77/100\n|-heal|p1b: Sinistcha|89/100\n|move|p2b: Clefable|Moonblast|p1a: Kommo-o\n|-supereffective|p1a: Kommo-o|2\n|-damage|p1a: Kommo-o|0 fnt\n|faint|p1a: Kommo-o\n|\n|-weather|Snowscape|[upkeep]\n|upkeep\n|turn|7\n|-message|Gigiobenito forfeited.\n|\n|win|DrChocolateMD\n|raw|Gigiobenito's rating: 1080 &rarr; <strong>1060</strong><br />(-20 for losing)\n|raw|DrChocolateMD's rating: 1106 &rarr; <strong>1129</strong><br />(+23 for winning)\n|l|\u2606Gigiobenito\n|player|p1|\n",
  "uploadtime": 1776443089,
  "views": 17,
  "formatid": "gen9championsvgc2026regma",
  "rating": 1060,
  "private": 0,
  "password": null
}