{
  "id": "gen9championsvgc2026regma-2584324637",
  "format": "[Gen 9 Champions] VGC 2026 Reg M-A",
  "players": [
    "TheWonderfulGirl",
    "defeatallbugs"
  ],
  "log": "|j|\u2606TheWonderfulGirl\n|j|\u2606defeatallbugs\n|t:|1776251349\n|gametype|doubles\n|player|p1|TheWonderfulGirl|pokekid|1098\n|player|p2|defeatallbugs|169|1000\n|gen|9\n|tier|[Gen 9 Champions] VGC 2026 Reg M-A\n|rated|\n|rule|Species Clause: Limit one of each Pok\u00e9mon\n|rule|Item Clause: Limit 1 of each item\n|clearpoke\n|poke|p1|Froslass, L50, F|\n|poke|p1|Garchomp, L50, M|\n|poke|p1|Rotom-Frost, L50|\n|poke|p1|Empoleon, L50, M|\n|poke|p1|Incineroar, L50, M|\n|poke|p1|Kingambit, L50, F|\n|poke|p2|Kangaskhan, L50, F|\n|poke|p2|Skarmory, L50, M|\n|poke|p2|Heliolisk, L50, F|\n|poke|p2|Incineroar, L50, M|\n|poke|p2|Whimsicott, L50, M|\n|poke|p2|Sinistcha, L50|\n|teampreview|4\n|inactive|Battle timer is ON: inactive players will automatically lose when time's up. (requested by TheWonderfulGirl)\ndefeatallbugs rejected open team sheets.\n|inactive|TheWonderfulGirl has 60 seconds left.\n|inactive|TheWonderfulGirl has 30 seconds left.\n|\n|t:|1776251418\n|teamsize|p1|4\n|teamsize|p2|4\n|start\n|switch|p1a: Froslass|Froslass, L50, F|100/100\n|switch|p1b: Kingambit|Kingambit, L50, F|100/100\n|switch|p2a: Kangaskhan|Kangaskhan, L50, F|100/100\n|switch|p2b: Whimsicott|Whimsicott, L50, M|100/100\n|turn|1\n|inactive|TheWonderfulGirl has 30 seconds left.\n|\n|t:|1776251447\n|detailschange|p1a: Froslass|Froslass-Mega, L50, F\n|-mega|p1a: Froslass|Froslass|Froslassite\n|-weather|Snowscape|[from] ability: Snow Warning|[of] p1a: Froslass\n|detailschange|p2a: Kangaskhan|Kangaskhan-Mega, L50, F\n|-mega|p2a: Kangaskhan|Kangaskhan|Kangaskhanite\n|move|p2a: Kangaskhan|Fake Out|p1b: Kingambit\n|-resisted|p1b: Kingambit|1\n|-damage|p1b: Kingambit|91/100\n|-resisted|p1b: Kingambit|1\n|-crit|p1b: Kingambit\n|-damage|p1b: Kingambit|87/100\n|-hitcount|p1b: Kingambit|2\n|move|p2b: Whimsicott|Tailwind|p2b: Whimsicott\n|-sidestart|p2: defeatallbugs|move: Tailwind\n|move|p1a: Froslass|Blizzard|p2a: Kangaskhan|[spread] p2a,p2b\n|-supereffective|p2b: Whimsicott|1\n|-damage|p2a: Kangaskhan|51/100\n|-enditem|p2b: Whimsicott|Focus Sash\n|-damage|p2b: Whimsicott|1/100\n|cant|p1b: Kingambit|flinch\n|\n|-weather|Snowscape|[upkeep]\n|upkeep\n|turn|2\n|\n|t:|1776251470\n|switch|p2b: Sinistcha|Sinistcha, L50|100/100\n|-heal|p2a: Kangaskhan|76/100|[from] ability: Hospitality|[of] p2b: Sinistcha\n|move|p1a: Froslass|Protect|p1a: Froslass\n|-singleturn|p1a: Froslass|Protect\n|move|p1b: Kingambit|Protect|p1b: Kingambit\n|-singleturn|p1b: Kingambit|Protect\n|move|p2a: Kangaskhan|Sucker Punch||[still]\n|-fail|p2a: Kangaskhan\n|\n|-weather|Snowscape|[upkeep]\n|upkeep\n|turn|3\n|inactive|defeatallbugs has 30 seconds left.\n|\n|t:|1776251503\n|move|p2a: Kangaskhan|Sucker Punch|p1a: Froslass\n|-supereffective|p1a: Froslass|1\n|-damage|p1a: Froslass|49/100\n|-supereffective|p1a: Froslass|1\n|-damage|p1a: Froslass|38/100\n|-hitcount|p1a: Froslass|2\n|move|p2b: Sinistcha|Calm Mind|p2b: Sinistcha\n|-boost|p2b: Sinistcha|spa|1\n|-boost|p2b: Sinistcha|spd|1\n|move|p1a: Froslass|Blizzard|p2a: Kangaskhan|[spread] p2a,p2b\n|-supereffective|p2b: Sinistcha|1\n|-crit|p2b: Sinistcha\n|-damage|p2a: Kangaskhan|22/100\n|-damage|p2b: Sinistcha|0 fnt\n|faint|p2b: Sinistcha\n|move|p1b: Kingambit|Low Kick|p2a: Kangaskhan\n|-supereffective|p2a: Kangaskhan|1\n|-damage|p2a: Kangaskhan|0 fnt\n|faint|p2a: Kangaskhan\n|\n|-weather|Snowscape|[upkeep]\n|upkeep\n|\n|t:|1776251516\n|switch|p2a: Whimsicott|Whimsicott, L50, M|1/100\n|switch|p2b: Skarmory|Skarmory, L50, M|100/100\n|turn|4\n|\n|t:|1776251534\n|move|p2a: Whimsicott|Moonblast|p1b: Kingambit\n|-damage|p1b: Kingambit|47/100\n|move|p2b: Skarmory|Iron Defense|p2b: Skarmory\n|-boost|p2b: Skarmory|def|2\n|move|p1a: Froslass|Blizzard|p2b: Skarmory|[spread] p2a,p2b\n|-supereffective|p2a: Whimsicott|1\n|-damage|p2a: Whimsicott|0 fnt\n|-damage|p2b: Skarmory|52/100\n|faint|p2a: Whimsicott\n|move|p1b: Kingambit|Iron Head|p2b: Skarmory\n|-resisted|p2b: Skarmory|1\n|-damage|p2b: Skarmory|44/100\n|\n|-weather|Snowscape|[upkeep]\n|-sideend|p2: defeatallbugs|move: Tailwind\n|upkeep\n|turn|5\n|-message|defeatallbugs forfeited.\n|\n|win|TheWonderfulGirl\n|raw|TheWonderfulGirl's rating: 1098 &rarr; <strong>1116</strong><br />(+18 for winning)\n|raw|defeatallbugs's rating: 1000 &rarr; <strong>1000</strong><br />(+0 for losing)\n|l|\u2606defeatallbugs\n|player|p2|\n",
  "uploadtime": 1776251551,
  "views": 22,
  "formatid": "gen9championsvgc2026regma",
  "rating": 1000,
  "private": 0,
  "password": null
}