{
  "id": "gen9championsvgc2026regma-2583347420",
  "format": "[Gen 9 Champions] VGC 2026 Reg M-A",
  "players": [
    "RainCalc",
    "Dest22"
  ],
  "log": "|j|\u2606RainCalc\n|j|\u2606Dest22\n|t:|1776169000\n|gametype|doubles\n|player|p1|RainCalc|volkner|1036\n|player|p2|Dest22|n|1035\n|gen|9\n|tier|[Gen 9 Champions] VGC 2026 Reg M-A\n|rated|\n|rule|Species Clause: Limit one of each Pok\u00e9mon\n|rule|Item Clause: Limit 1 of each item\n|clearpoke\n|poke|p1|Aggron, L50, M|\n|poke|p1|Incineroar, L50, F|\n|poke|p1|Sinistcha, L50|\n|poke|p1|Tyranitar, L50, F|\n|poke|p1|Sneasler, L50, F|\n|poke|p1|Lycanroc, L50, F|\n|poke|p2|Golurk, L50|\n|poke|p2|Oranguru, L50, F|\n|poke|p2|Incineroar, L50, M|\n|poke|p2|Araquanid, L50, M|\n|poke|p2|Sylveon, L50, M|\n|poke|p2|Hatterene, L50, F|\n|teampreview|4\n|inactive|Battle timer is ON: inactive players will automatically lose when time's up. (requested by Dest22)\n|\n|t:|1776169035\n|teamsize|p1|4\n|teamsize|p2|4\n|start\n|switch|p1a: THE WALL|Aggron, L50, M, shiny|100/100\n|switch|p1b: Sneasler|Sneasler, L50, F|100/100\n|switch|p2a: Oranguru|Oranguru, L50, F|100/100\n|switch|p2b: Sylveon|Sylveon, L50, M|100/100\n|turn|1\n|\n|t:|1776169048\n|detailschange|p1a: THE WALL|Aggron-Mega, L50, M, shiny\n|-mega|p1a: THE WALL|Aggron|Aggronite\n|move|p1b: Sneasler|Protect|p1b: Sneasler\n|-singleturn|p1b: Sneasler|Protect\n|move|p2b: Sylveon|Protect|p2b: Sylveon\n|-singleturn|p2b: Sylveon|Protect\n|move|p1a: THE WALL|Iron Defense|p1a: THE WALL\n|-boost|p1a: THE WALL|def|2\n|move|p2a: Oranguru|Trick Room|p2a: Oranguru\n|-fieldstart|move: Trick Room|[of] p2a: Oranguru\n|\n|upkeep\n|turn|2\n|\n|t:|1776169071\n|move|p1a: THE WALL|Body Press|p2a: Oranguru\n|-damage|p2a: Oranguru|6/100\n|move|p2a: Oranguru|Psychic|p1b: Sneasler\n|-supereffective|p1b: Sneasler|2\n|-damage|p1b: Sneasler|0 fnt\n|faint|p1b: Sneasler\n|move|p2b: Sylveon|Hyper Voice|p1a: THE WALL\n|-resisted|p1a: THE WALL|1\n|-damage|p1a: THE WALL|59/100\n|\n|upkeep\n|\n|t:|1776169085\n|switch|p1b: Incineroar|Incineroar, L50, F, shiny|100/100\n|-ability|p1b: Incineroar|Intimidate|boost\n|-fail|p2a: Oranguru|unboost|Attack|[from] ability: Inner Focus|[of] p2a: Oranguru\n|-unboost|p2b: Sylveon|atk|1\n|turn|3\n|\n|t:|1776169097\n|move|p1a: THE WALL|Protect|p1a: THE WALL\n|-singleturn|p1a: THE WALL|Protect\n|move|p2b: Sylveon|Protect|p2b: Sylveon\n|-singleturn|p2b: Sylveon|Protect\n|move|p2a: Oranguru|Protect|p2a: Oranguru\n|-singleturn|p2a: Oranguru|Protect\n|move|p1b: Incineroar|Fake Out|p2b: Sylveon\n|-activate|p2b: Sylveon|move: Protect\n|\n|upkeep\n|turn|4\n|\n|t:|1776169109\n|move|p1a: THE WALL|Heavy Slam|p2b: Sylveon\n|-supereffective|p2b: Sylveon|1\n|-damage|p2b: Sylveon|0 fnt\n|faint|p2b: Sylveon\n|move|p2a: Oranguru|Instruct|p2: Sylveon|[notarget]\n|-fail|p2a: Oranguru\n|move|p1b: Incineroar|Darkest Lariat|p2a: Oranguru\n|-supereffective|p2a: Oranguru|1\n|-damage|p2a: Oranguru|0 fnt\n|faint|p2a: Oranguru\n|\n|upkeep\n|\n|t:|1776169114\n|switch|p2b: Araquanid|Araquanid, L50, M|100/100\n|switch|p2a: Golurk|Golurk, L50|100/100\n|turn|5\n|\n|t:|1776169125\n|switch|p1b: Sinistcha|Sinistcha, L50|100/100\n|-heal|p1a: THE WALL|84/100|[from] ability: Hospitality|[of] p1b: Sinistcha\n|detailschange|p2a: Golurk|Golurk-Mega, L50\n|-mega|p2a: Golurk|Golurk|Golurkite\n|move|p2b: Araquanid|Liquidation|p1a: THE WALL\n|-damage|p1a: THE WALL|67/100\n|-unboost|p1a: THE WALL|def|1\n|move|p2a: Golurk|Rock Slide|p1b: Sinistcha|[spread] p1a,p1b\n|-resisted|p1a: THE WALL|1\n|-damage|p1a: THE WALL|64/100\n|-damage|p1b: Sinistcha|76/100\n|move|p1a: THE WALL|Body Press|p2b: Araquanid\n|-resisted|p2b: Araquanid|1\n|-damage|p2b: Araquanid|59/100\n|\n|-fieldend|move: Trick Room\n|upkeep\n|turn|6\n|\n|t:|1776169146\n|move|p1b: Sinistcha|Matcha Gotcha|p2a: Golurk|[spread] p2a,p2b\n|-supereffective|p2a: Golurk|1\n|-damage|p2a: Golurk|54/100\n|-heal|p1b: Sinistcha|100/100|[from] drain|[of] p2a: Golurk\n|-damage|p2b: Araquanid|38/100\n|move|p1a: THE WALL|Iron Defense|p1a: THE WALL\n|-boost|p1a: THE WALL|def|2\n|move|p2a: Golurk|Headlong Rush|p1a: THE WALL\n|-supereffective|p1a: THE WALL|1\n|-damage|p1a: THE WALL|43/100\n|-unboost|p2a: Golurk|def|1\n|-unboost|p2a: Golurk|spd|1\n|move|p2b: Araquanid|Leech Life|p1b: Sinistcha\n|-damage|p1b: Sinistcha|70/100\n|-heal|p2b: Araquanid|54/100|[from] drain|[of] p1b: Sinistcha\n|\n|upkeep\n|turn|7\n|-message|Dest22 forfeited.\n|\n|win|RainCalc\n|raw|RainCalc's rating: 1036 &rarr; <strong>1071</strong><br />(+35 for winning)\n|raw|Dest22's rating: 1035 &rarr; <strong>1020</strong><br />(-15 for losing)\n|l|\u2606Dest22\n|player|p2|\n",
  "uploadtime": 1776169234,
  "views": 12,
  "formatid": "gen9championsvgc2026regma",
  "rating": 1020,
  "private": 0,
  "password": null
}