{
  "id": "gen9championsvgc2026regma-2586983873",
  "format": "[Gen 9 Champions] VGC 2026 Reg M-A",
  "players": [
    "seeitallinbloom",
    "SuuHore"
  ],
  "log": "|j|\u2606seeitallinbloom\n|j|\u2606SuuHore\n|t:|1776478215\n|gametype|doubles\n|player|p1|seeitallinbloom|lady-gen4|1234\n|player|p2|SuuHore|2|1179\n|gen|9\n|tier|[Gen 9 Champions] VGC 2026 Reg M-A\n|rated|\n|rule|Species Clause: Limit one of each Pok\u00e9mon\n|rule|Item Clause: Limit 1 of each item\n|clearpoke\n|poke|p1|Whimsicott, L50, F|\n|poke|p1|Gengar, L50, M|\n|poke|p1|Kommo-o, L50, F|\n|poke|p1|Rotom-Wash, L50|\n|poke|p1|Corviknight, L50, M|\n|poke|p1|Typhlosion-Hisui, L50, M|\n|poke|p2|Meganium, L50, F|\n|poke|p2|Milotic, L50, M|\n|poke|p2|Talonflame, L50, F|\n|poke|p2|Gallade, L50, M|\n|poke|p2|Tyranitar, L50, F|\n|poke|p2|Garchomp, L50, F|\n|teampreview|4\nseeitallinbloom has agreed to open team sheets.\n|\n|t:|1776478264\n|teamsize|p1|4\n|teamsize|p2|4\n|start\n|switch|p1a: Whimsicott|Whimsicott, L50, F|100/100\n|switch|p1b: Gengar|Gengar, L50, M|100/100\n|switch|p2a: Talonflame|Talonflame, L50, F|100/100\n|switch|p2b: Milotic|Milotic, L50, M|100/100\n|turn|1\n|\n|t:|1776478273\n|detailschange|p1b: Gengar|Gengar-Mega, L50, M\n|-mega|p1b: Gengar|Gengar|Gengarite\n|move|p1a: Whimsicott|Tailwind|p1a: Whimsicott\n|-sidestart|p1: seeitallinbloom|move: Tailwind\n|move|p2a: Talonflame|Dual Wingbeat|p1a: Whimsicott\n|-supereffective|p1a: Whimsicott|1\n|-damage|p1a: Whimsicott|48/100\n|-supereffective|p1a: Whimsicott|1\n|-damage|p1a: Whimsicott|0 fnt\n|faint|p1a: Whimsicott\n|-hitcount|p1: Whimsicott|2\n|move|p1b: Gengar|Sludge Bomb|p2b: Milotic\n|-damage|p2b: Milotic|56/100\n|move|p2b: Milotic|Hypnosis|p1b: Gengar|[miss]\n|-miss|p2b: Milotic|p1b: Gengar\n|\n|-heal|p2b: Milotic|62/100|[from] item: Leftovers\n|upkeep\n|\n|t:|1776478299\n|switch|p1a: Corviknight|Corviknight, L50, M|100/100\n|turn|2\n|\n|t:|1776478311\n|move|p2a: Talonflame|Protect|p2a: Talonflame\n|-singleturn|p2a: Talonflame|Protect\n|move|p2b: Milotic|Protect|p2b: Milotic\n|-singleturn|p2b: Milotic|Protect\n|move|p1b: Gengar|Sludge Bomb|p2a: Talonflame\n|-activate|p2a: Talonflame|move: Protect\n|move|p1a: Corviknight|Iron Defense|p1a: Corviknight\n|-boost|p1a: Corviknight|def|2\n|\n|-heal|p2b: Milotic|68/100|[from] item: Leftovers\n|upkeep\n|turn|3\n|l|\u2606SuuHore\n|player|p2|\n|inactive|Battle timer is ON: inactive players will automatically lose when time's up. (requested by seeitallinbloom)\n|j|\u2606SuuHore\n|inactive|SuuHore reconnected and has 70 seconds left.\n|player|p2|SuuHore|2|\n|\n|t:|1776478375\n|move|p2a: Talonflame|Tailwind|p2a: Talonflame\n|-sidestart|p2: SuuHore|move: Tailwind\n|move|p1b: Gengar|Sludge Bomb|p2a: Talonflame\n|-damage|p2a: Talonflame|29/100\n|-status|p2a: Talonflame|psn\n|-enditem|p2a: Talonflame|Sitrus Berry|[eat]\n|-heal|p2a: Talonflame|54/100 psn|[from] item: Sitrus Berry\n|move|p2b: Milotic|Hypnosis|p1b: Gengar\n|-status|p1b: Gengar|slp|[from] move: Hypnosis\n|move|p1a: Corviknight|Iron Defense|p1a: Corviknight\n|-boost|p1a: Corviknight|def|2\n|\n|-heal|p2b: Milotic|74/100|[from] item: Leftovers\n|-damage|p2a: Talonflame|42/100 psn|[from] psn\n|upkeep\n|turn|4\n|inactive|seeitallinbloom has 30 seconds left.\n|\n|t:|1776478401\n|cant|p1b: Gengar|slp\n|move|p2a: Talonflame|Dual Wingbeat|p1b: Gengar\n|-damage|p1b: Gengar|74/100 slp\n|-damage|p1b: Gengar|49/100 slp\n|-hitcount|p1b: Gengar|2\n|move|p2b: Milotic|Muddy Water|p1a: Corviknight|[spread] p1a,p1b\n|-damage|p1a: Corviknight|75/100\n|-damage|p1b: Gengar|15/100 slp\n|move|p1a: Corviknight|Body Press|p2b: Milotic\n|-damage|p2b: Milotic|1/100\n|\n|-heal|p2b: Milotic|7/100|[from] item: Leftovers\n|-heal|p1a: Corviknight|80/100|[from] item: Leftovers\n|-damage|p2a: Talonflame|29/100 psn|[from] psn\n|-sideend|p1: seeitallinbloom|move: Tailwind\n|upkeep\n|turn|5\n|inactive|seeitallinbloom has 30 seconds left.\n|\n|t:|1776478430\n|cant|p1b: Gengar|slp\n|move|p2a: Talonflame|Dual Wingbeat|p1b: Gengar\n|-damage|p1b: Gengar|0 fnt\n|faint|p1b: Gengar\n|-hitcount|p1: Gengar|1\n|move|p2b: Milotic|Hypnosis|p1a: Corviknight|[miss]\n|-miss|p2b: Milotic|p1a: Corviknight\n|move|p1a: Corviknight|Body Press|p2b: Milotic\n|-damage|p2b: Milotic|0 fnt\n|faint|p2b: Milotic\n|\n|-heal|p1a: Corviknight|86/100|[from] item: Leftovers\n|-damage|p2a: Talonflame|17/100 psn|[from] psn\n|upkeep\n|inactive|SuuHore has 30 seconds left.\n|\n|t:|1776478459\n|switch|p1b: Typhlosion|Typhlosion-Hisui, L50, M|100/100\n|switch|p2b: Tyranitar|Tyranitar, L50, F|100/100\n|-weather|Sandstorm|[from] ability: Sand Stream|[of] p2b: Tyranitar\n|turn|6\n|\n|t:|1776478480\n|move|p2b: Tyranitar|Protect|p2b: Tyranitar\n|-singleturn|p2b: Tyranitar|Protect\n|move|p2a: Talonflame|Dual Wingbeat|p1b: Typhlosion\n|-damage|p1b: Typhlosion|75/100\n|-damage|p1b: Typhlosion|50/100\n|-hitcount|p1b: Typhlosion|2\n|move|p1b: Typhlosion|Flamethrower|p2a: Talonflame\n|-resisted|p2a: Talonflame|1\n|-damage|p2a: Talonflame|0 fnt\n|faint|p2a: Talonflame\n|move|p1a: Corviknight|Body Press|p2b: Tyranitar\n|-activate|p2b: Tyranitar|move: Protect\n|\n|-weather|Sandstorm|[upkeep]\n|-damage|p1b: Typhlosion|44/100|[from] Sandstorm\n|-heal|p1a: Corviknight|92/100|[from] item: Leftovers\n|-sideend|p2: SuuHore|move: Tailwind\n|upkeep\n|\n|t:|1776478496\n|switch|p2a: Garchomp|Garchomp, L50, F|100/100\n|turn|7\n|\n|t:|1776478503\n|detailschange|p2b: Tyranitar|Tyranitar-Mega, L50, F\n|-mega|p2b: Tyranitar|Tyranitar|Tyranitarite\n|move|p1b: Typhlosion|Flamethrower|p2a: Garchomp\n|-resisted|p2a: Garchomp|1\n|-damage|p2a: Garchomp|78/100\n|move|p2a: Garchomp|Rock Slide|p1b: Typhlosion|[spread] p1a,p1b\n|-supereffective|p1b: Typhlosion|1\n|-damage|p1a: Corviknight|87/100\n|-damage|p1b: Typhlosion|0 fnt\n|faint|p1b: Typhlosion\n|move|p2b: Tyranitar|Rock Slide|p1a: Corviknight\n|-damage|p1a: Corviknight|75/100\n|cant|p1a: Corviknight|flinch\n|\n|-weather|Sandstorm|[upkeep]\n|-heal|p1a: Corviknight|80/100|[from] item: Leftovers\n|upkeep\n|turn|8\n|\n|t:|1776478519\n|move|p2a: Garchomp|Rock Slide|p1a: Corviknight\n|-damage|p1a: Corviknight|73/100\n|move|p2b: Tyranitar|Knock Off|p1a: Corviknight\n|-damage|p1a: Corviknight|55/100\n|-enditem|p1a: Corviknight|Leftovers|[from] move: Knock Off|[of] p2b: Tyranitar\n|cant|p1a: Corviknight|flinch\n|\n|-weather|Sandstorm|[upkeep]\n|upkeep\n|turn|9\n|\n|t:|1776478529\n|move|p2a: Garchomp|Rock Slide|p1a: Corviknight|[miss]\n|-miss|p2a: Garchomp|p1a: Corviknight\n|move|p2b: Tyranitar|Rock Slide|p1a: Corviknight\n|-damage|p1a: Corviknight|43/100\n|cant|p1a: Corviknight|flinch\n|\n|-weather|Sandstorm|[upkeep]\n|upkeep\n|turn|10\n|c|\u2606seeitallinbloom|oh cmon\n|\n|t:|1776478547\n|move|p2a: Garchomp|Rock Slide|p1a: Corviknight\n|-damage|p1a: Corviknight|36/100\n|move|p2b: Tyranitar|Rock Slide|p1a: Corviknight\n|-damage|p1a: Corviknight|24/100\n|cant|p1a: Corviknight|flinch\n|\n|-weather|none\n|upkeep\n|turn|11\n|\n|t:|1776478569\n|move|p2a: Garchomp|Rock Slide|p1a: Corviknight\n|-damage|p1a: Corviknight|16/100\n|move|p2b: Tyranitar|Rock Slide|p1a: Corviknight\n|-damage|p1a: Corviknight|4/100\n|cant|p1a: Corviknight|flinch\n|\n|upkeep\n|turn|12\n|c|\u2606SuuHore|ok I get why people hate rock slide in doubles now\n|c|\u2606seeitallinbloom|i cant even get mad this is just absurd lmao\n|inactive|seeitallinbloom has 30 seconds left.\n|c|\u2606seeitallinbloom|gg\n|c|\u2606SuuHore|this is crazy\n|\n|t:|1776478599\n|move|p2a: Garchomp|Rock Slide|p1a: Corviknight\n|-damage|p1a: Corviknight|0 fnt\n|faint|p1a: Corviknight\n|\n|win|SuuHore\n|raw|seeitallinbloom's rating: 1234 &rarr; <strong>1205</strong><br />(-29 for losing)\n|raw|SuuHore's rating: 1179 &rarr; <strong>1208</strong><br />(+29 for winning)\n",
  "uploadtime": 1776478612,
  "views": 40,
  "formatid": "gen9championsvgc2026regma",
  "rating": 1205,
  "private": 0,
  "password": null
}