{
  "id": "gen9championsvgc2026regma-2586379117",
  "format": "[Gen 9 Champions] VGC 2026 Reg M-A",
  "players": [
    "Neekz0",
    "Blooddemo"
  ],
  "log": "|j|\u2606Neekz0\n|j|\u2606Blooddemo\n|t:|1776430301\n|gametype|doubles\n|player|p1|Neekz0|2|1208\n|player|p2|Blooddemo|pokemaniac|1159\n|gen|9\n|tier|[Gen 9 Champions] VGC 2026 Reg M-A\n|rated|\n|rule|Species Clause: Limit one of each Pok\u00e9mon\n|rule|Item Clause: Limit 1 of each item\n|clearpoke\n|poke|p1|Milotic, L50, M|\n|poke|p1|Hawlucha, L50, F|\n|poke|p1|Pelipper, L50, F|\n|poke|p1|Tyranitar, L50, M|\n|poke|p1|Basculegion, L50, M|\n|poke|p1|Hippowdon, L50, F|\n|poke|p2|Meganium, L50, M|\n|poke|p2|Whimsicott, L50, M|\n|poke|p2|Pelipper, L50, F|\n|poke|p2|Basculegion, L50, M|\n|poke|p2|Incineroar, L50, M|\n|poke|p2|Maushold-Four, L50|\n|teampreview|4\n|\n|t:|1776430331\n|teamsize|p1|4\n|teamsize|p2|4\n|start\n|switch|p1a: Milotic|Milotic, L50, M|100/100\n|switch|p1b: Hawlucha|Hawlucha, L50, F|100/100\n|switch|p2a: Whimsicott|Whimsicott, L50, M|100/100\n|switch|p2b: Maushold|Maushold-Four, L50|100/100\n|turn|1\n|\n|t:|1776430351\n|switch|p1a: Hippowdon|Hippowdon, L50, F|100/100\n|-weather|Sandstorm|[from] ability: Sand Stream|[of] p1a: Hippowdon\n|detailschange|p1b: Hawlucha|Hawlucha-Mega, L50, F\n|-mega|p1b: Hawlucha|Hawlucha|Hawluchanite\n|move|p2a: Whimsicott|Tailwind|p2a: Whimsicott\n|-sidestart|p2: Blooddemo|move: Tailwind\n|move|p2b: Maushold|Population Bomb|p1b: Hawlucha\n|-damage|p1b: Hawlucha|94/100\n|-damage|p1b: Hawlucha|87/100\n|-damage|p1b: Hawlucha|81/100\n|-damage|p1b: Hawlucha|75/100\n|-damage|p1b: Hawlucha|69/100\n|-damage|p1b: Hawlucha|63/100\n|-damage|p1b: Hawlucha|56/100\n|-damage|p1b: Hawlucha|50/100\n|-damage|p1b: Hawlucha|43/100\n|-damage|p1b: Hawlucha|37/100\n|-hitcount|p1b: Hawlucha|10\n|cant|p1b: Hawlucha|flinch\n|\n|-weather|Sandstorm|[upkeep]\n|-damage|p2b: Maushold|94/100|[from] Sandstorm\n|-damage|p2a: Whimsicott|95/100|[from] Sandstorm\n|-damage|p1b: Hawlucha|31/100|[from] Sandstorm\n|upkeep\n|turn|2\n|\n|t:|1776430388\n|move|p1b: Hawlucha|Protect|p1b: Hawlucha\n|-singleturn|p1b: Hawlucha|Protect\n|move|p2a: Whimsicott|Grassy Terrain|p2a: Whimsicott\n|-fieldstart|move: Grassy Terrain\n|move|p2b: Maushold|Population Bomb|p1b: Hawlucha\n|-activate|p1b: Hawlucha|move: Protect\n|move|p1a: Hippowdon|Fissure|p2b: Maushold|[miss]\n|-miss|p1a: Hippowdon|p2b: Maushold\n|\n|-weather|Sandstorm|[upkeep]\n|-damage|p2b: Maushold|88/100|[from] Sandstorm\n|-damage|p2a: Whimsicott|89/100|[from] Sandstorm\n|-damage|p1b: Hawlucha|25/100|[from] Sandstorm\n|-heal|p2b: Maushold|94/100|[from] Grassy Terrain\n|-heal|p2a: Whimsicott|95/100|[from] Grassy Terrain\n|upkeep\n|turn|3\n|\n|t:|1776430421\n|switch|p1b: Tyranitar|Tyranitar, L50, M|100/100\n|move|p2a: Whimsicott|Protect|p2a: Whimsicott\n|-singleturn|p2a: Whimsicott|Protect\n|move|p2b: Maushold|Population Bomb|p1b: Tyranitar\n|-resisted|p1b: Tyranitar|1\n|-damage|p1b: Tyranitar|98/100\n|-resisted|p1b: Tyranitar|1\n|-damage|p1b: Tyranitar|96/100\n|-resisted|p1b: Tyranitar|1\n|-damage|p1b: Tyranitar|93/100\n|-resisted|p1b: Tyranitar|1\n|-damage|p1b: Tyranitar|91/100\n|-resisted|p1b: Tyranitar|1\n|-damage|p1b: Tyranitar|89/100\n|-resisted|p1b: Tyranitar|1\n|-damage|p1b: Tyranitar|86/100\n|-resisted|p1b: Tyranitar|1\n|-damage|p1b: Tyranitar|84/100\n|-resisted|p1b: Tyranitar|1\n|-damage|p1b: Tyranitar|81/100\n|-hitcount|p1b: Tyranitar|8\n|move|p1a: Hippowdon|Fissure|p2b: Maushold|[miss]\n|-miss|p1a: Hippowdon|p2b: Maushold\n|\n|-weather|Sandstorm|[upkeep]\n|-damage|p2b: Maushold|88/100|[from] Sandstorm\n|-damage|p2a: Whimsicott|89/100|[from] Sandstorm\n|-heal|p2b: Maushold|94/100|[from] Grassy Terrain\n|-heal|p2a: Whimsicott|95/100|[from] Grassy Terrain\n|-heal|p1b: Tyranitar|87/100|[from] Grassy Terrain\n|upkeep\n|turn|4\n|inactive|Battle timer is ON: inactive players will automatically lose when time's up. (requested by Neekz0)\n|\n|t:|1776430466\n|move|p2a: Whimsicott|Protect||[still]\n|-fail|p2a: Whimsicott\n|move|p2b: Maushold|Population Bomb|p1b: Tyranitar\n|-resisted|p1b: Tyranitar|1\n|-damage|p1b: Tyranitar|85/100\n|-resisted|p1b: Tyranitar|1\n|-damage|p1b: Tyranitar|82/100\n|-resisted|p1b: Tyranitar|1\n|-damage|p1b: Tyranitar|79/100\n|-resisted|p1b: Tyranitar|1\n|-damage|p1b: Tyranitar|76/100\n|-hitcount|p1b: Tyranitar|4\n|cant|p1b: Tyranitar|flinch\n|move|p1a: Hippowdon|Fissure|p2b: Maushold|[miss]\n|-miss|p1a: Hippowdon|p2b: Maushold\n|\n|-weather|Sandstorm|[upkeep]\n|-damage|p2b: Maushold|88/100|[from] Sandstorm\n|-damage|p2a: Whimsicott|89/100|[from] Sandstorm\n|-heal|p2b: Maushold|94/100|[from] Grassy Terrain\n|-heal|p2a: Whimsicott|95/100|[from] Grassy Terrain\n|-heal|p1b: Tyranitar|83/100|[from] Grassy Terrain\n|-sideend|p2: Blooddemo|move: Tailwind\n|upkeep\n|turn|5\n|inactive|Blooddemo has 30 seconds left.\n|\n|t:|1776430491\n|move|p2a: Whimsicott|Tailwind|p2a: Whimsicott\n|-sidestart|p2: Blooddemo|move: Tailwind\n|move|p2b: Maushold|Population Bomb|p1b: Tyranitar\n|-resisted|p1b: Tyranitar|1\n|-damage|p1b: Tyranitar|80/100\n|-resisted|p1b: Tyranitar|1\n|-damage|p1b: Tyranitar|77/100\n|-resisted|p1b: Tyranitar|1\n|-damage|p1b: Tyranitar|75/100\n|-resisted|p1b: Tyranitar|1\n|-damage|p1b: Tyranitar|73/100\n|-resisted|p1b: Tyranitar|1\n|-damage|p1b: Tyranitar|71/100\n|-resisted|p1b: Tyranitar|1\n|-damage|p1b: Tyranitar|68/100\n|-resisted|p1b: Tyranitar|1\n|-damage|p1b: Tyranitar|66/100\n|-resisted|p1b: Tyranitar|1\n|-damage|p1b: Tyranitar|63/100\n|-resisted|p1b: Tyranitar|1\n|-damage|p1b: Tyranitar|60/100\n|-resisted|p1b: Tyranitar|1\n|-damage|p1b: Tyranitar|58/100\n|-hitcount|p1b: Tyranitar|10\n|move|p1b: Tyranitar|Rock Slide|p2a: Whimsicott|[spread] p2b\n|-miss|p1b: Tyranitar|p2a: Whimsicott\n|-damage|p2b: Maushold|61/100\n|move|p1a: Hippowdon|Fissure|p2b: Maushold|[miss]\n|-miss|p1a: Hippowdon|p2b: Maushold\n|\n|-weather|none\n|-heal|p2b: Maushold|67/100|[from] Grassy Terrain\n|-heal|p2a: Whimsicott|100/100|[from] Grassy Terrain\n|-heal|p1b: Tyranitar|64/100|[from] Grassy Terrain\n|upkeep\n|turn|6\n|inactive|Blooddemo has 30 seconds left.\n|inactive|Blooddemo has 20 seconds left.\n|inactive|Blooddemo has 15 seconds left.\n|\n|t:|1776430532\n|switch|p2a: Basculegion|Basculegion, L50, M|100/100\n|move|p2b: Maushold|Follow Me|p2b: Maushold\n|-singleturn|p2b: Maushold|move: Follow Me\n|move|p1b: Tyranitar|Rock Slide|p2b: Maushold|[spread] p2a,p2b\n|-damage|p2a: Basculegion|71/100\n|-damage|p2b: Maushold|30/100\n|move|p1a: Hippowdon|Fissure|p2b: Maushold|[miss]\n|-miss|p1a: Hippowdon|p2b: Maushold\n|\n|-heal|p2b: Maushold|36/100|[from] Grassy Terrain\n|-heal|p2a: Basculegion|77/100|[from] Grassy Terrain\n|-heal|p1b: Tyranitar|70/100|[from] Grassy Terrain\n|-fieldend|move: Grassy Terrain\n|upkeep\n|turn|7\n|inactive|Blooddemo has 30 seconds left.\n|\n|t:|1776430557\n|switch|p1a: Milotic|Milotic, L50, M|100/100\n|move|p1b: Tyranitar|Protect|p1b: Tyranitar\n|-singleturn|p1b: Tyranitar|Protect\n|move|p2b: Maushold|Population Bomb|p1a: Milotic\n|-damage|p1a: Milotic|94/100\n|-damage|p1a: Milotic|88/100\n|-damage|p1a: Milotic|82/100\n|-damage|p1a: Milotic|75/100\n|-damage|p1a: Milotic|69/100\n|-damage|p1a: Milotic|62/100\n|-crit|p1a: Milotic\n|-damage|p1a: Milotic|52/100\n|-damage|p1a: Milotic|46/100\n|-enditem|p1a: Milotic|Sitrus Berry|[eat]\n|-heal|p1a: Milotic|70/100|[from] item: Sitrus Berry\n|-damage|p1a: Milotic|64/100\n|-damage|p1a: Milotic|57/100\n|-hitcount|p1a: Milotic|10\n|move|p2a: Basculegion|Wave Crash|p1b: Tyranitar\n|-activate|p1b: Tyranitar|move: Protect\n|\n|upkeep\n|turn|8\n|inactive|Blooddemo has 30 seconds left.\n|\n|t:|1776430588\n|switch|p1b: Hippowdon|Hippowdon, L50, F|100/100\n|-weather|Sandstorm|[from] ability: Sand Stream|[of] p1b: Hippowdon\n|move|p2b: Maushold|Follow Me|p2b: Maushold\n|-singleturn|p2b: Maushold|move: Follow Me\n|move|p2a: Basculegion|Wave Crash|p1b: Hippowdon\n|-supereffective|p1b: Hippowdon|1\n|-damage|p1b: Hippowdon|0 fnt\n|faint|p1b: Hippowdon\n|-damage|p2a: Basculegion|41/100|[from] Recoil\n|move|p1a: Milotic|Recover|p1a: Milotic\n|-heal|p1a: Milotic|100/100\n|\n|-weather|Sandstorm|[upkeep]\n|-damage|p2b: Maushold|30/100|[from] Sandstorm\n|-damage|p2a: Basculegion|35/100|[from] Sandstorm\n|-damage|p1a: Milotic|95/100|[from] Sandstorm\n|-sideend|p2: Blooddemo|move: Tailwind\n|upkeep\n|\n|t:|1776430599\n|switch|p1b: Hawlucha|Hawlucha-Mega, L50, F|25/100\n|turn|9\n|\n|t:|1776430623\n|move|p1b: Hawlucha|Protect|p1b: Hawlucha\n|-singleturn|p1b: Hawlucha|Protect\n|move|p2a: Basculegion|Aqua Jet|p1b: Hawlucha\n|-activate|p1b: Hawlucha|move: Protect\n|move|p2b: Maushold|Population Bomb|p1a: Milotic\n|-damage|p1a: Milotic|88/100\n|-damage|p1a: Milotic|82/100\n|-damage|p1a: Milotic|76/100\n|-damage|p1a: Milotic|70/100\n|-damage|p1a: Milotic|63/100\n|-damage|p1a: Milotic|57/100\n|-hitcount|p1a: Milotic|6\n|cant|p1a: Milotic|flinch\n|\n|-weather|Sandstorm|[upkeep]\n|-damage|p1b: Hawlucha|19/100|[from] Sandstorm\n|-damage|p2b: Maushold|24/100|[from] Sandstorm\n|-damage|p2a: Basculegion|29/100|[from] Sandstorm\n|-damage|p1a: Milotic|51/100|[from] Sandstorm\n|upkeep\n|turn|10\n|inactive|Blooddemo has 30 seconds left.\n|\n|t:|1776430649\n|switch|p1b: Tyranitar|Tyranitar, L50, M|70/100\n|move|p2a: Basculegion|Aqua Jet|p1b: Tyranitar\n|-supereffective|p1b: Tyranitar|1\n|-damage|p1b: Tyranitar|27/100\n|move|p2b: Maushold|Population Bomb|p1a: Milotic\n|-damage|p1a: Milotic|45/100\n|-damage|p1a: Milotic|39/100\n|-damage|p1a: Milotic|33/100\n|-damage|p1a: Milotic|26/100\n|-damage|p1a: Milotic|20/100\n|-damage|p1a: Milotic|14/100\n|-damage|p1a: Milotic|7/100\n|-damage|p1a: Milotic|1/100\n|-damage|p1a: Milotic|0 fnt\n|faint|p1a: Milotic\n|-hitcount|p1: Milotic|9\n|\n|-weather|Sandstorm|[upkeep]\n|-damage|p2b: Maushold|18/100|[from] Sandstorm\n|-damage|p2a: Basculegion|23/100|[from] Sandstorm\n|upkeep\n|n|!Neekz0|neekz0\n|-message|Neekz0 forfeited.\n|\n|win|Blooddemo\n",
  "uploadtime": 1776430668,
  "views": 21,
  "formatid": "gen9championsvgc2026regma",
  "rating": null,
  "private": 0,
  "password": null
}