{
  "id": "gen9championsvgc2026regma-2584424927",
  "format": "[Gen 9 Champions] VGC 2026 Reg M-A",
  "players": [
    "Manpreet Squidwho",
    "Nightmonkey0311"
  ],
  "log": "|j|\u2606Manpreet Squidwho\n|j|\u2606Nightmonkey0311\n|t:|1776259945\n|gametype|doubles\n|player|p1|Manpreet Squidwho|169|1184\n|player|p2|Nightmonkey0311|hilbert-wonderlauncher|1125\n|gen|9\n|tier|[Gen 9 Champions] VGC 2026 Reg M-A\n|rated|\n|rule|Species Clause: Limit one of each Pok\u00e9mon\n|rule|Item Clause: Limit 1 of each item\n|clearpoke\n|poke|p1|Bellibolt, L50, M|\n|poke|p1|Oranguru, L50, F|\n|poke|p1|Camerupt, L50, M|\n|poke|p1|Torkoal, L50, M|\n|poke|p1|Sinistcha, L50|\n|poke|p1|Blastoise, L50, F|\n|poke|p2|Greninja-*, L50, M|\n|poke|p2|Pelipper, L50, M|\n|poke|p2|Archaludon, L50, M|\n|poke|p2|Basculegion, L50, M|\n|poke|p2|Sinistcha, L50|\n|poke|p2|Dragonite, L50, F|\n|teampreview|4\n|\n|t:|1776259972\n|teamsize|p1|4\n|teamsize|p2|4\n|start\n|switch|p1a: Oranguru|Oranguru, L50, F|100/100\n|switch|p1b: Blastoise|Blastoise, L50, F|100/100\n|switch|p2a: Pondralugon|Archaludon, L50, M, shiny|100/100\n|switch|p2b: Paragruel|Basculegion, L50, M, shiny|100/100\n|turn|1\n|\n|t:|1776260000\n|detailschange|p1b: Blastoise|Blastoise-Mega, L50, F\n|-mega|p1b: Blastoise|Blastoise|Blastoisinite\n|move|p1b: Blastoise|Fake Out|p2a: Pondralugon\n|-resisted|p2a: Pondralugon|1\n|-damage|p2a: Pondralugon|97/100\n|-ability|p2a: Pondralugon|Stamina|boost\n|-boost|p2a: Pondralugon|def|1\n|move|p2b: Paragruel|Flip Turn|p1a: Oranguru\n|-damage|p1a: Oranguru|70/100\n|\n|t:|1776260010\n|switch|p2b: Bekipan|Pelipper, L50, M, shiny|100/100|[from] Flip Turn\n|-weather|RainDance|[from] ability: Drizzle|[of] p2b: Bekipan\n|cant|p2a: Pondralugon|flinch\n|move|p1a: Oranguru|Trick Room|p1a: Oranguru\n|-fieldstart|move: Trick Room|[of] p1a: Oranguru\n|\n|-weather|RainDance|[upkeep]\n|-heal|p2a: Pondralugon|100/100|[from] item: Leftovers\n|upkeep\n|turn|2\n|\n|t:|1776260031\n|switch|p1a: Bellibolt|Bellibolt, L50, M|100/100\n|move|p2b: Bekipan|Hurricane|p1a: Bellibolt\n|-resisted|p1a: Bellibolt|1\n|-damage|p1a: Bellibolt|79/100\n|-start|p1a: Bellibolt|confusion\n|-start|p1a: Bellibolt|Charge|Hurricane|[from] ability: Electromorphosis\n|move|p1b: Blastoise|Aura Sphere|p2a: Pondralugon\n|-supereffective|p2a: Pondralugon|1\n|-damage|p2a: Pondralugon|0 fnt\n|faint|p2a: Pondralugon\n|\n|-weather|RainDance|[upkeep]\n|upkeep\n|\n|t:|1776260055\n|switch|p2a: Paragruel|Basculegion, L50, M, shiny|100/100\n|turn|3\n|\n|t:|1776260074\n|switch|p1b: Oranguru|Oranguru, L50, F|70/100\n|move|p2b: Bekipan|Helping Hand|p2a: Paragruel\n|-singleturn|p2a: Paragruel|Helping Hand|[of] p2b: Bekipan\n|-activate|p1a: Bellibolt|confusion\n|-damage|p1a: Bellibolt|73/100|[from] confusion\n|-end|p1a: Bellibolt|Charge|[silent]\n|move|p2a: Paragruel|Last Respects|p1b: Oranguru\n|-immune|p1b: Oranguru\n|\n|-weather|RainDance|[upkeep]\n|upkeep\n|turn|4\n|\n|t:|1776260092\n|-end|p1a: Bellibolt|confusion\n|move|p1a: Bellibolt|Discharge|p2b: Bekipan|[spread] p2a,p2b\n|-activate|p1b: Oranguru|ability: Telepathy\n|-supereffective|p2a: Paragruel|1\n|-supereffective|p2b: Bekipan|2\n|-damage|p2a: Paragruel|14/100\n|-enditem|p2b: Bekipan|Focus Sash\n|-damage|p2b: Bekipan|1/100\n|move|p1b: Oranguru|Instruct|p1a: Bellibolt\n|-singleturn|p1a: Bellibolt|move: Instruct|[of] p1b: Oranguru\n|move|p1a: Bellibolt|Discharge|p2b: Bekipan|[spread] p2a,p2b\n|-activate|p1b: Oranguru|ability: Telepathy\n|-supereffective|p2a: Paragruel|1\n|-crit|p2a: Paragruel\n|-supereffective|p2b: Bekipan|2\n|-damage|p2a: Paragruel|0 fnt\n|-damage|p2b: Bekipan|0 fnt\n|faint|p2a: Paragruel\n|faint|p2b: Bekipan\n|\n|-weather|RainDance|[upkeep]\n|upkeep\n|\n|t:|1776260121\n|switch|p2b: Amphinobi|Greninja, L50, M, shiny|100/100\n|turn|5\n|\n|t:|1776260132\n|move|p1a: Bellibolt|Parabolic Charge|p2b: Amphinobi|[spread] p2b\n|-activate|p1b: Oranguru|ability: Telepathy\n|-supereffective|p2b: Amphinobi|1\n|-damage|p2b: Amphinobi|7/100\n|-heal|p1a: Bellibolt|100/100|[from] drain|[of] p2b: Amphinobi\n|move|p1b: Oranguru|Instruct|p1a: Bellibolt\n|-singleturn|p1a: Bellibolt|move: Instruct|[of] p1b: Oranguru\n|move|p1a: Bellibolt|Parabolic Charge|p2b: Amphinobi|[spread] p2b\n|-activate|p1b: Oranguru|ability: Telepathy\n|-supereffective|p2b: Amphinobi|1\n|-damage|p2b: Amphinobi|0 fnt\n|faint|p2b: Amphinobi\n|\n|win|Manpreet Squidwho\n|raw|Manpreet Squidwho's rating: 1184 &rarr; <strong>1205</strong><br />(+21 for winning)\n|raw|Nightmonkey0311's rating: 1125 &rarr; <strong>1104</strong><br />(-21 for losing)\n",
  "uploadtime": 1776260144,
  "views": 26,
  "formatid": "gen9championsvgc2026regma",
  "rating": 1104,
  "private": 0,
  "password": null
}