{
  "id": "gen9championsvgc2026regma-2583043638",
  "format": "[Gen 9 Champions] VGC 2026 Reg M-A",
  "players": [
    "orionsayshi",
    "Unbenlievable"
  ],
  "log": "|j|\u2606orionsayshi\n|j|\u2606Unbenlievable\n|t:|1776136104\n|gametype|doubles\n|player|p1|orionsayshi|elesa|1063\n|player|p2|Unbenlievable|102|1014\n|gen|9\n|tier|[Gen 9 Champions] VGC 2026 Reg M-A\n|rated|\n|rule|Species Clause: Limit one of each Pok\u00e9mon\n|rule|Item Clause: Limit 1 of each item\n|clearpoke\n|poke|p1|Gengar, L50, F|\n|poke|p1|Sinistcha, L50|\n|poke|p1|Palafin, L50, M|\n|poke|p1|Sableye, L50, F|\n|poke|p1|Kommo-o, L50, F|\n|poke|p1|Lycanroc-Dusk, L50, F|\n|poke|p2|Kommo-o, L50, F|\n|poke|p2|Banette, L50, M|\n|poke|p2|Sinistcha, L50|\n|poke|p2|Farigiraf, L50, F|\n|poke|p2|Tyranitar, L50, M|\n|poke|p2|Klefki, L50, M|\n|teampreview|4\n|inactive|Battle timer is ON: inactive players will automatically lose when time's up. (requested by orionsayshi)\n|\n|t:|1776136145\n|teamsize|p1|4\n|teamsize|p2|4\n|start\n|switch|p1a: Sinistcha|Sinistcha, L50|100/100\n|switch|p1b: Palafin|Palafin, L50, M|100/100\n|switch|p2a: Sinistcha|Sinistcha, L50|100/100\n|switch|p2b: Kommo-o|Kommo-o, L50, F|100/100\n|turn|1\n|\n|t:|1776136163\n|switch|p1a: Sableye|Sableye, L50, F|100/100\n|move|p2a: Sinistcha|Rage Powder|p2a: Sinistcha\n|-singleturn|p2a: Sinistcha|move: Rage Powder\n|move|p1b: Palafin|Flip Turn|p2a: Sinistcha\n|-resisted|p2a: Sinistcha|1\n|-damage|p2a: Sinistcha|90/100\n|\n|t:|1776136171\n|detailschange|p1b: Palafin|Palafin-Hero, L50, M\n|switch|p1b: Gengar|Gengar, L50, F|100/100|[from] Flip Turn\n|move|p2b: Kommo-o|Clangorous Soul|p2b: Kommo-o\n|-boost|p2b: Kommo-o|atk|1\n|-boost|p2b: Kommo-o|def|1\n|-boost|p2b: Kommo-o|spa|1\n|-boost|p2b: Kommo-o|spd|1\n|-boost|p2b: Kommo-o|spe|1\n|-damage|p2b: Kommo-o|68/100\n|\n|upkeep\n|turn|2\n|inactive|Unbenlievable has 30 seconds left.\n|inactive|Unbenlievable has 20 seconds left.\n|inactive|Unbenlievable has 15 seconds left.\n|\n|t:|1776136214\n|detailschange|p1b: Gengar|Gengar-Mega, L50, F\n|-mega|p1b: Gengar|Gengar|Gengarite\n|move|p2b: Kommo-o|Protect|p2b: Kommo-o\n|-singleturn|p2b: Kommo-o|Protect\n|move|p1a: Sableye|Fake Out|p2b: Kommo-o\n|-activate|p2b: Kommo-o|move: Protect\n|move|p1b: Gengar|Shadow Ball|p2a: Sinistcha\n|-supereffective|p2a: Sinistcha|1\n|-damage|p2a: Sinistcha|21/100\n|move|p2a: Sinistcha|Memento|p1b: Gengar\n|-unboost|p1b: Gengar|atk|2\n|-unboost|p1b: Gengar|spa|2\n|faint|p2a: Sinistcha\n|\n|upkeep\n|\n|t:|1776136226\n|switch|p2a: Banette|Banette, L50, M|100/100\n|turn|3\n|\n|t:|1776136243\n|switch|p1b: Sinistcha|Sinistcha, L50|100/100\n|detailschange|p2a: Banette|Banette-Mega, L50, M\n|-mega|p2a: Banette|Banette|Banettite\n|move|p2a: Banette|Psych Up|p2b: Kommo-o\n|-copyboost|p2a: Banette|p2b: Kommo-o|[from] move: Psych Up\n|move|p1a: Sableye|Encore|p2b: Kommo-o\n|-start|p2b: Kommo-o|Encore\n|move|p2b: Kommo-o|Protect||[still]\n|-fail|p2b: Kommo-o\n|\n|upkeep\n|turn|4\n|\n|t:|1776136263\n|switch|p2b: Klefki|Klefki, L50, M|100/100\n|switch|p1b: Palafin|Palafin-Hero, L50, M|100/100\n|-activate|p1b: Palafin|ability: Zero to Hero\n|move|p2a: Banette|Shadow Sneak|p1b: Palafin\n|-damage|p1b: Palafin|66/100\n|move|p1a: Sableye|Encore|p2a: Banette\n|-start|p2a: Banette|Encore\n|\n|upkeep\n|turn|5\n|\n|t:|1776136285\n|move|p2a: Banette|Shadow Sneak|p1b: Palafin\n|-damage|p1b: Palafin|35/100\n|move|p1a: Sableye|Disable|p2a: Banette\n|-start|p2a: Banette|Disable|Shadow Sneak\n|move|p1b: Palafin|Wave Crash|p2a: Banette\n|-damage|p2a: Banette|18/100\n|-damage|p1b: Palafin|13/100|[from] Recoil\n|move|p2b: Klefki|Dazzling Gleam|p1a: Sableye|[spread] p1a,p1b\n|-supereffective|p1a: Sableye|1\n|-damage|p1a: Sableye|20/100\n|-damage|p1b: Palafin|0 fnt\n|faint|p1b: Palafin\n|\n|upkeep\n|\n|t:|1776136296\n|switch|p1b: Gengar|Gengar-Mega, L50, F|100/100\n|turn|6\n|\n|t:|1776136320\n|switch|p2a: Kommo-o|Kommo-o, L50, F|68/100\n|move|p1a: Sableye|Disable|p2b: Klefki\n|-start|p2b: Klefki|Disable|Dazzling Gleam\n|move|p1b: Gengar|Perish Song|p1b: Gengar\n|-start|p1a: Sableye|perish3|[silent]\n|-start|p1b: Gengar|perish3|[silent]\n|-start|p2a: Kommo-o|perish3|[silent]\n|-start|p2b: Klefki|perish3|[silent]\n|-fieldactivate|move: Perish Song\n|cant|p2b: Klefki|Disable|Dazzling Gleam\n|\n|-start|p1b: Gengar|perish3\n|-start|p2a: Kommo-o|perish3\n|-start|p2b: Klefki|perish3\n|-start|p1a: Sableye|perish3\n|upkeep\n|turn|7\n|\n|t:|1776136338\n|move|p1a: Sableye|Protect|p1a: Sableye\n|-singleturn|p1a: Sableye|Protect\n|move|p1b: Gengar|Protect|p1b: Gengar\n|-singleturn|p1b: Gengar|Protect\n|move|p2b: Klefki|Thunder Wave|p1b: Gengar\n|-activate|p1b: Gengar|move: Protect\n|move|p2a: Kommo-o|Clangorous Soul|p2a: Kommo-o\n|-boost|p2a: Kommo-o|atk|1\n|-boost|p2a: Kommo-o|def|1\n|-boost|p2a: Kommo-o|spa|1\n|-boost|p2a: Kommo-o|spd|1\n|-boost|p2a: Kommo-o|spe|1\n|-damage|p2a: Kommo-o|36/100\n|-enditem|p2a: Kommo-o|Sitrus Berry|[eat]\n|-heal|p2a: Kommo-o|60/100|[from] item: Sitrus Berry\n|\n|-start|p2a: Kommo-o|perish2\n|-start|p1b: Gengar|perish2\n|-start|p2b: Klefki|perish2\n|-start|p1a: Sableye|perish2\n|upkeep\n|turn|8\n|\n|t:|1776136357\n|move|p2b: Klefki|Psych Up|p2a: Kommo-o\n|-copyboost|p2b: Klefki|p2a: Kommo-o|[from] move: Psych Up\n|move|p1a: Sableye|Encore|p2a: Kommo-o\n|-start|p2a: Kommo-o|Encore\n|move|p2a: Kommo-o|Clangorous Soul|p2a: Kommo-o\n|-boost|p2a: Kommo-o|atk|1\n|-boost|p2a: Kommo-o|def|1\n|-boost|p2a: Kommo-o|spa|1\n|-boost|p2a: Kommo-o|spd|1\n|-boost|p2a: Kommo-o|spe|1\n|-damage|p2a: Kommo-o|28/100\n|move|p1b: Gengar|Substitute|p1b: Gengar\n|-start|p1b: Gengar|Substitute\n|-damage|p1b: Gengar|76/100\n|\n|-start|p2a: Kommo-o|perish1\n|-start|p1b: Gengar|perish1\n|-start|p2b: Klefki|perish1\n|-start|p1a: Sableye|perish1\n|upkeep\n|turn|9\n|inactive|orionsayshi has 30 seconds left.\n|inactive|orionsayshi has 20 seconds left.\n|inactive|orionsayshi has 15 seconds left.\n|\n|t:|1776136401\n|switch|p1b: Sinistcha|Sinistcha, L50|100/100\n|-heal|p1a: Sableye|45/100|[from] ability: Hospitality|[of] p1b: Sinistcha\n|move|p1a: Sableye|Encore|p2b: Klefki\n|-start|p2b: Klefki|Encore\n|move|p2b: Klefki|Psych Up|p1b: Sinistcha\n|-copyboost|p2b: Klefki|p1b: Sinistcha|[from] move: Psych Up\n|move|p2a: Kommo-o|Clangorous Soul||[still]\n|-fail|p2a: Kommo-o\n|\n|-end|p2b: Klefki|Disable\n|-start|p2a: Kommo-o|perish0\n|-start|p2b: Klefki|perish0\n|-start|p1a: Sableye|perish0\n|upkeep\n|faint|p2a: Kommo-o\n|faint|p2b: Klefki\n|faint|p1a: Sableye\n|\n|t:|1776136416\n|switch|p2b: Banette|Banette-Mega, L50, M|18/100\n|switch|p1a: Gengar|Gengar-Mega, L50, F|76/100\n|turn|10\n|\n|t:|1776136421\n|move|p1a: Gengar|Shadow Ball|p2b: Banette\n|-supereffective|p2b: Banette|1\n|-damage|p2b: Banette|0 fnt\n|faint|p2b: Banette\n|\n|win|orionsayshi\n|raw|orionsayshi's rating: 1063 &rarr; <strong>1089</strong><br />(+26 for winning)\n|raw|Unbenlievable's rating: 1014 &rarr; <strong>1004</strong><br />(-10 for losing)\n|l|\u2606Unbenlievable\n|player|p2|\n",
  "uploadtime": 1776136435,
  "views": 15,
  "formatid": "gen9championsvgc2026regma",
  "rating": 1004,
  "private": 0,
  "password": null
}