{
  "id": "gen9championsvgc2026regma-2588948918",
  "format": "[Gen 9 Champions] VGC 2026 Reg M-A",
  "players": [
    "Tamejo",
    "squidrings"
  ],
  "log": "|j|\u2606Tamejo\n|j|\u2606squidrings\n|t:|1776688663\n|gametype|doubles\n|player|p1|Tamejo|caitlin|1413\n|player|p2|squidrings|unknownf|1323\n|gen|9\n|tier|[Gen 9 Champions] VGC 2026 Reg M-A\n|rated|\n|rule|Species Clause: Limit one of each Pok\u00e9mon\n|rule|Item Clause: Limit 1 of each item\n|clearpoke\n|poke|p1|Dragapult, L50, M|\n|poke|p1|Sylveon, L50, F|\n|poke|p1|Whimsicott, L50, F|\n|poke|p1|Glimmora, L50, M|\n|poke|p1|Charizard, L50, M|\n|poke|p1|Kingambit, L50, M|\n|poke|p2|Froslass, L50, F, shiny|\n|poke|p2|Kangaskhan, L50, F|\n|poke|p2|Sinistcha, L50|\n|poke|p2|Milotic, L50, F|\n|poke|p2|Lucario, L50, M|\n|poke|p2|Farigiraf, L50, F|\n|teampreview|4\n|\n|t:|1776688710\n|teamsize|p1|4\n|teamsize|p2|4\n|start\n|switch|p1a: Whimsicott|Whimsicott, L50, F|100/100\n|switch|p1b: Dragapult|Dragapult, L50, M|100/100\n|switch|p2a: Froslass|Froslass, L50, F, shiny|100/100\n|switch|p2b: Kangaskhan|Kangaskhan, L50, F|100/100\n|turn|1\n|\n|t:|1776688732\n|switch|p1a: Kingambit|Kingambit, L50, M|100/100\n|detailschange|p2a: Froslass|Froslass-Mega, L50, F, shiny\n|-mega|p2a: Froslass|Froslass|Froslassite\n|-weather|Snowscape|[from] ability: Snow Warning|[of] p2a: Froslass\n|move|p2b: Kangaskhan|Fake Out|p1b: Dragapult\n|-damage|p1b: Dragapult|76/100\n|cant|p1b: Dragapult|flinch\n|move|p2a: Froslass|Aurora Veil|p2a: Froslass\n|-sidestart|p2: squidrings|move: Aurora Veil\n|\n|-weather|Snowscape|[upkeep]\n|upkeep\n|turn|2\n|\n|t:|1776688764\n|move|p1b: Dragapult|Phantom Force||[still]\n|-prepare|p1b: Dragapult|Phantom Force\n|move|p2a: Froslass|Blizzard|p1b: Dragapult|[spread] p1a\n|-miss|p2a: Froslass|p1b: Dragapult\n|-resisted|p1a: Kingambit|1\n|-damage|p1a: Kingambit|80/100\n|move|p2b: Kangaskhan|Drain Punch|p1a: Kingambit\n|-supereffective|p1a: Kingambit|2\n|-enditem|p1a: Kingambit|Chople Berry|[eat]\n|-enditem|p1a: Kingambit|Chople Berry|[weaken]\n|-damage|p1a: Kingambit|53/100\n|move|p1a: Kingambit|Low Kick|p2b: Kangaskhan\n|-supereffective|p2b: Kangaskhan|1\n|-damage|p2b: Kangaskhan|66/100\n|\n|-weather|Snowscape|[upkeep]\n|upkeep\n|turn|3\n|\n|t:|1776688801\n|switch|p2b: Farigiraf|Farigiraf, L50, F|100/100\n|move|p1a: Kingambit|Sucker Punch||[still]\n|cant|p2b: Farigiraf|ability: Armor Tail|Sucker Punch|[of] p1a: Kingambit\n|move|p1b: Dragapult|Phantom Force|p2a: Froslass|[from] lockedmove\n|-supereffective|p2a: Froslass|1\n|-damage|p2a: Froslass|44/100\n|move|p2a: Froslass|Blizzard|p1b: Dragapult|[spread] p1a,p1b\n|-resisted|p1a: Kingambit|1\n|-supereffective|p1b: Dragapult|1\n|-damage|p1a: Kingambit|35/100\n|-damage|p1b: Dragapult|0 fnt\n|faint|p1b: Dragapult\n|\n|-weather|Snowscape|[upkeep]\n|upkeep\n|\n|t:|1776688809\n|switch|p1b: Charizard|Charizard, L50, M|100/100\n|turn|4\n|\n|t:|1776688821\n|switch|p2a: Kangaskhan|Kangaskhan, L50, F|66/100\n|detailschange|p1b: Charizard|Charizard-Mega-Y, L50, M\n|-mega|p1b: Charizard|Charizard|Charizardite Y\n|-weather|SunnyDay|[from] ability: Drought|[of] p1b: Charizard\n|move|p1b: Charizard|Heat Wave|p2a: Kangaskhan|[spread] p2a,p2b\n|-crit|p2b: Farigiraf\n|-damage|p2a: Kangaskhan|19/100\n|-damage|p2b: Farigiraf|16/100\n|-enditem|p2b: Farigiraf|Sitrus Berry|[eat]\n|-heal|p2b: Farigiraf|40/100|[from] item: Sitrus Berry\n|move|p2b: Farigiraf|Imprison|p2b: Farigiraf\n|-start|p2b: Farigiraf|move: Imprison\n|move|p1a: Kingambit|Kowtow Cleave|p2b: Farigiraf\n|-supereffective|p2b: Farigiraf|1\n|-damage|p2b: Farigiraf|0 fnt\n|faint|p2b: Farigiraf\n|\n|-weather|SunnyDay|[upkeep]\n|upkeep\n|\n|t:|1776688839\n|switch|p2b: Froslass|Froslass-Mega, L50, F, shiny|44/100\n|-weather|Snowscape|[from] ability: Snow Warning|[of] p2b: Froslass\n|turn|5\n|\n|t:|1776688856\n|move|p1b: Charizard|Protect|p1b: Charizard\n|-singleturn|p1b: Charizard|Protect\n|move|p2a: Kangaskhan|Fake Out|p1a: Kingambit\n|-resisted|p1a: Kingambit|1\n|-damage|p1a: Kingambit|29/100\n|cant|p1a: Kingambit|flinch\n|move|p2b: Froslass|Blizzard|p1a: Kingambit|[spread] p1a\n|-activate|p1b: Charizard|move: Protect\n|-resisted|p1a: Kingambit|1\n|-crit|p1a: Kingambit\n|-damage|p1a: Kingambit|3/100\n|\n|-weather|Snowscape|[upkeep]\n|-sideend|p2: squidrings|move: Aurora Veil\n|upkeep\n|turn|6\n|\n|t:|1776688907\n|switch|p2a: Lucario|Lucario, L50, M|100/100\n|move|p2b: Froslass|Protect|p2b: Froslass\n|-singleturn|p2b: Froslass|Protect\n|move|p1a: Kingambit|Sucker Punch||[still]\n|-fail|p1a: Kingambit\n|move|p1b: Charizard|Heat Wave|p2b: Froslass|[spread] p2a\n|-activate|p2b: Froslass|move: Protect\n|-supereffective|p2a: Lucario|1\n|-enditem|p2a: Lucario|Focus Sash\n|-damage|p2a: Lucario|1/100\n|-status|p2a: Lucario|brn\n|\n|-weather|Snowscape|[upkeep]\n|-damage|p2a: Lucario|0 fnt|[from] brn\n|faint|p2a: Lucario\n|upkeep\n|\n|t:|1776688920\n|switch|p2a: Kangaskhan|Kangaskhan, L50, F|19/100\n|turn|7\n|\n|t:|1776688928\n|move|p1b: Charizard|Protect|p1b: Charizard\n|-singleturn|p1b: Charizard|Protect\n|move|p2a: Kangaskhan|Fake Out|p1a: Kingambit\n|-resisted|p1a: Kingambit|1\n|-damage|p1a: Kingambit|0 fnt\n|faint|p1a: Kingambit\n|move|p2b: Froslass|Blizzard|p1b: Charizard\n|-activate|p1b: Charizard|move: Protect\n|\n|-weather|Snowscape|[upkeep]\n|upkeep\n|\n|t:|1776688953\n|switch|p1a: Whimsicott|Whimsicott, L50, F|100/100\n|turn|8\n|\n|t:|1776688974\n|move|p1a: Whimsicott|Tailwind|p1a: Whimsicott\n|-sidestart|p1: Tamejo|move: Tailwind\n|move|p1b: Charizard|Heat Wave|p2b: Froslass|[spread] p2a,p2b\n|-supereffective|p2b: Froslass|1\n|-damage|p2a: Kangaskhan|0 fnt\n|-damage|p2b: Froslass|0 fnt\n|faint|p2a: Kangaskhan\n|faint|p2b: Froslass\n|\n|win|Tamejo\n|raw|Tamejo's rating: 1413 &rarr; <strong>1428</strong><br />(+15 for winning)\n|raw|squidrings's rating: 1323 &rarr; <strong>1308</strong><br />(-15 for losing)\n|l|\u2606squidrings\n|player|p2|\n|c|\u2606Tamejo|Gg\n",
  "uploadtime": 1776688980,
  "views": 6,
  "formatid": "gen9championsvgc2026regma",
  "rating": 1308,
  "private": 0,
  "password": null
}