{
  "id": "gen9championsvgc2026regma-2581858165",
  "format": "[Gen 9 Champions] VGC 2026 Reg M-A",
  "players": [
    "TheTailwindEnjoyer",
    "bumbib"
  ],
  "log": "|j|\u2606TheTailwindEnjoyer\n|j|\u2606bumbib\n|t:|1776034266\n|gametype|doubles\n|player|p1|TheTailwindEnjoyer|player-go|1064\n|player|p2|bumbib|170|1065\n|gen|9\n|tier|[Gen 9 Champions] VGC 2026 Reg M-A\n|rated|\n|rule|Species Clause: Limit one of each Pok\u00e9mon\n|rule|Item Clause: Limit 1 of each item\n|clearpoke\n|poke|p1|Gengar, L50, M|\n|poke|p1|Basculegion, L50, M|\n|poke|p1|Typhlosion-Hisui, L50, F|\n|poke|p1|Whimsicott, L50, F|\n|poke|p1|Dragonite, L50, M|\n|poke|p1|Sneasler, L50, M|\n|poke|p2|Chimecho, L50, M|\n|poke|p2|Incineroar, L50, M|\n|poke|p2|Sneasler, L50, F|\n|poke|p2|Garchomp, L50, F|\n|poke|p2|Rotom-Wash, L50|\n|poke|p2|Talonflame, L50, M|\n|teampreview|4\n|inactive|Battle timer is ON: inactive players will automatically lose when time's up. (requested by TheTailwindEnjoyer)\nbumbib rejected open team sheets.\n|\n|t:|1776034293\n|teamsize|p1|4\n|teamsize|p2|4\n|start\n|switch|p1a: Gengar|Gengar, L50, M|100/100\n|switch|p1b: Basculegion|Basculegion, L50, M|100/100\n|switch|p2a: Talonflame|Talonflame, L50, M|100/100\n|switch|p2b: Chimecho|Chimecho, L50, M|100/100\n|turn|1\n|\n|t:|1776034304\n|switch|p2b: Incineroar|Incineroar, L50, M|100/100\n|-ability|p2b: Incineroar|Intimidate|boost\n|-unboost|p1a: Gengar|atk|1\n|-unboost|p1b: Basculegion|atk|1\n|detailschange|p1a: Gengar|Gengar-Mega, L50, M\n|-mega|p1a: Gengar|Gengar|Gengarite\n|move|p2a: Talonflame|Tailwind|p2a: Talonflame\n|-sidestart|p2: bumbib|move: Tailwind\n|move|p1b: Basculegion|Aqua Jet|p2a: Talonflame\n|-supereffective|p2a: Talonflame|1\n|-damage|p2a: Talonflame|33/100\n|move|p1a: Gengar|Shadow Ball|p2b: Incineroar\n|-resisted|p2b: Incineroar|1\n|-damage|p2b: Incineroar|75/100\n|\n|upkeep\n|turn|2\n|\n|t:|1776034325\n|move|p1a: Gengar|Protect|p1a: Gengar\n|-singleturn|p1a: Gengar|Protect\n|move|p1b: Basculegion|Protect|p1b: Basculegion\n|-singleturn|p1b: Basculegion|Protect\n|move|p2a: Talonflame|Brave Bird|p1a: Gengar\n|-activate|p1a: Gengar|move: Protect\n|move|p2b: Incineroar|Darkest Lariat|p1b: Basculegion\n|-activate|p1b: Basculegion|move: Protect\n|\n|upkeep\n|turn|3\n|\n|t:|1776034345\n|switch|p1a: Dragonite|Dragonite, L50, M|100/100\n|move|p1b: Basculegion|Aqua Jet|p2a: Talonflame\n|-supereffective|p2a: Talonflame|1\n|-damage|p2a: Talonflame|0 fnt\n|faint|p2a: Talonflame\n|move|p2b: Incineroar|Darkest Lariat|p1a: Dragonite\n|-damage|p1a: Dragonite|48/100\n|\n|upkeep\n|\n|t:|1776034365\n|switch|p2a: Garchomp|Garchomp, L50, F|100/100\n|turn|4\n|inactive|TheTailwindEnjoyer has 30 seconds left.\n|inactive|TheTailwindEnjoyer has 20 seconds left.\n|inactive|TheTailwindEnjoyer has 15 seconds left.\n|\n|t:|1776034405\n|move|p1a: Dragonite|Protect|p1a: Dragonite\n|-singleturn|p1a: Dragonite|Protect\n|move|p1b: Basculegion|Protect|p1b: Basculegion\n|-singleturn|p1b: Basculegion|Protect\n|move|p2a: Garchomp|Dragon Claw|p1a: Dragonite\n|-activate|p1a: Dragonite|move: Protect\n|move|p2b: Incineroar|Darkest Lariat|p1b: Basculegion\n|-activate|p1b: Basculegion|move: Protect\n|\n|-sideend|p2: bumbib|move: Tailwind\n|upkeep\n|turn|5\n|\n|t:|1776034416\n|move|p1a: Dragonite|Extreme Speed|p2a: Garchomp\n|-damage|p2a: Garchomp|68/100\n|-damage|p1a: Dragonite|36/100|[from] ability: Rough Skin|[of] p2a: Garchomp\n|move|p2a: Garchomp|Dragon Claw|p1a: Dragonite\n|-supereffective|p1a: Dragonite|1\n|-damage|p1a: Dragonite|0 fnt\n|faint|p1a: Dragonite\n|move|p1b: Basculegion|Wave Crash|p2a: Garchomp\n|-damage|p2a: Garchomp|0 fnt\n|-damage|p1b: Basculegion|88/100|[from] ability: Rough Skin|[of] p2a: Garchomp\n|faint|p2a: Garchomp\n|-damage|p1b: Basculegion|68/100|[from] Recoil\n|move|p2b: Incineroar|Darkest Lariat|p1b: Basculegion\n|-supereffective|p1b: Basculegion|1\n|-damage|p1b: Basculegion|0 fnt\n|faint|p1b: Basculegion\n|\n|upkeep\n|\n|t:|1776034433\n|switch|p2a: Chimecho|Chimecho, L50, M|100/100\n|switch|p1a: Gengar|Gengar-Mega, L50, M|100/100\n|switch|p1b: Typhlosion|Typhlosion-Hisui, L50, F|100/100\n|-item|p2a: Chimecho|Chimechite|[from] ability: Frisk|[of] p1b: Typhlosion\n|-item|p2b: Incineroar|Sitrus Berry|[from] ability: Frisk|[of] p1b: Typhlosion\n|turn|6\n|\n|t:|1776034443\n|detailschange|p2a: Chimecho|Chimecho-Mega, L50, M\n|-mega|p2a: Chimecho|Chimecho|Chimechite\n|move|p1b: Typhlosion|Eruption|p2b: Incineroar|[spread] p2a,p2b\n|-supereffective|p2a: Chimecho|1\n|-resisted|p2b: Incineroar|1\n|-damage|p2a: Chimecho|0 fnt\n|-damage|p2b: Incineroar|48/100\n|-enditem|p2b: Incineroar|Sitrus Berry|[eat]\n|-heal|p2b: Incineroar|73/100|[from] item: Sitrus Berry\n|faint|p2a: Chimecho\n|move|p1a: Gengar|Sludge Bomb|p2b: Incineroar\n|-crit|p2b: Incineroar\n|-damage|p2b: Incineroar|0 fnt\n|faint|p2b: Incineroar\n|\n|win|TheTailwindEnjoyer\n|raw|TheTailwindEnjoyer's rating: 1064 &rarr; <strong>1094</strong><br />(+30 for winning)\n|raw|bumbib's rating: 1065 &rarr; <strong>1045</strong><br />(-20 for losing)\n",
  "uploadtime": 1776034448,
  "views": 11,
  "formatid": "gen9championsvgc2026regma",
  "rating": 1045,
  "private": 0,
  "password": null
}