{
  "id": "gen9championsvgc2026regma-2581317944",
  "format": "[Gen 9 Champions] VGC 2026 Reg M-A",
  "players": [
    "Hitoru123",
    "loklastaji"
  ],
  "log": "|j|\u2606Hitoru123\n|j|\u2606loklastaji\n|t:|1775985875\n|gametype|doubles\n|player|p1|Hitoru123|red|1181\n|player|p2|loklastaji|266|1156\n|gen|9\n|tier|[Gen 9 Champions] VGC 2026 Reg M-A\n|rated|\n|rule|Species Clause: Limit one of each Pok\u00e9mon\n|rule|Item Clause: Limit 1 of each item\n|clearpoke\n|poke|p1|Charizard, L50, F|\n|poke|p1|Whimsicott, L50, M|\n|poke|p1|Incineroar, L50, M|\n|poke|p1|Basculegion, L50, M|\n|poke|p1|Garchomp, L50, F|\n|poke|p1|Venusaur, L50, F|\n|poke|p2|Altaria, L50, M|\n|poke|p2|Scovillain, L50, M|\n|poke|p2|Krookodile, L50, M|\n|poke|p2|Rotom-Wash, L50|\n|poke|p2|Farigiraf, L50, M|\n|poke|p2|Sneasler, L50, M|\n|teampreview|4\n|inactive|Battle timer is ON: inactive players will automatically lose when time's up. (requested by Hitoru123)\n|inactive|Hitoru123 has 60 seconds left.\n|inactive|loklastaji has 60 seconds left.\n|\n|t:|1775985914\n|teamsize|p1|4\n|teamsize|p2|4\n|start\n|switch|p1a: Incineroar|Incineroar, L50, M, shiny|100/100\n|switch|p1b: Whimsicott|Whimsicott, L50, M|100/100\n|switch|p2a: Krookodile|Krookodile, L50, M|100/100\n|switch|p2b: Scovillain|Scovillain, L50, M|100/100\n|-ability|p2a: Krookodile|Intimidate|boost\n|-unboost|p1a: Incineroar|atk|1\n|-unboost|p1b: Whimsicott|atk|1\n|-ability|p1a: Incineroar|Intimidate|boost\n|-unboost|p2a: Krookodile|atk|1\n|-unboost|p2b: Scovillain|atk|1\n|turn|1\n|inactive|loklastaji has 30 seconds left.\n|inactive|loklastaji has 20 seconds left.\n|\n|t:|1775985952\n|switch|p2a: Sneasler|Sneasler, L50, M|100/100\n|move|p1a: Incineroar|Fake Out|p2b: Scovillain\n|-damage|p2b: Scovillain|88/100\n|move|p1b: Whimsicott|Moonblast|p2a: Sneasler\n|-damage|p2a: Sneasler|62/100\n|cant|p2b: Scovillain|flinch\n|\n|upkeep\n|turn|2\n|\n|t:|1775985976\n|move|p2a: Sneasler|Fake Out|p1b: Whimsicott\n|-damage|p1b: Whimsicott|81/100\n|cant|p1b: Whimsicott|flinch\n|move|p2b: Scovillain|Flamethrower|p1b: Whimsicott\n|-supereffective|p1b: Whimsicott|1\n|-damage|p1b: Whimsicott|0 fnt\n|faint|p1b: Whimsicott\n|move|p1a: Incineroar|Parting Shot|p2a: Sneasler\n|-unboost|p2a: Sneasler|atk|1\n|-unboost|p2a: Sneasler|spa|1\n|\n|t:|1775985986\n|switch|p1a: Charizard|Charizard, L50, F|100/100|[from] Parting Shot\n|-enditem|p2a: Sneasler|White Herb\n|-clearnegativeboost|p2a: Sneasler|[silent]\n|\n|upkeep\n|\n|t:|1775985991\n|switch|p1b: Venusaur|Venusaur, L50, F|100/100\n|turn|3\n|\n|t:|1775986008\n|detailschange|p1a: Charizard|Charizard-Mega-Y, L50, F\n|-mega|p1a: Charizard|Charizard|Charizardite Y\n|-weather|SunnyDay|[from] ability: Drought|[of] p1a: Charizard\n|detailschange|p2b: Scovillain|Scovillain-Mega, L50, M\n|-mega|p2b: Scovillain|Scovillain|Scovillainite\n|move|p2b: Scovillain|Protect|p2b: Scovillain\n|-singleturn|p2b: Scovillain|Protect\n|move|p2a: Sneasler|Dire Claw|p1a: Charizard\n|-damage|p1a: Charizard|42/100\n|move|p1b: Venusaur|Earth Power|p2a: Sneasler\n|-supereffective|p2a: Sneasler|1\n|-damage|p2a: Sneasler|0 fnt\n|faint|p2a: Sneasler\n|move|p1a: Charizard|Heat Wave|p2b: Scovillain\n|-activate|p2b: Scovillain|move: Protect\n|\n|-weather|SunnyDay|[upkeep]\n|upkeep\n|\n|t:|1775986027\n|switch|p2a: Krookodile|Krookodile, L50, M|100/100\n|-ability|p2a: Krookodile|Intimidate|boost\n|-unboost|p1a: Charizard|atk|1\n|-unboost|p1b: Venusaur|atk|1\n|turn|4\n|\n|t:|1775986050\n|switch|p1a: Incineroar|Incineroar, L50, M, shiny|100/100\n|-ability|p1a: Incineroar|Intimidate|boost\n|-unboost|p2a: Krookodile|atk|1\n|-unboost|p2b: Scovillain|atk|1\n|move|p2b: Scovillain|Rage Powder|p2b: Scovillain\n|-singleturn|p2b: Scovillain|move: Rage Powder\n|move|p1b: Venusaur|Sludge Bomb|p2b: Scovillain\n|-supereffective|p2b: Scovillain|1\n|-crit|p2b: Scovillain\n|-damage|p2b: Scovillain|0 fnt\n|-status|p1b: Venusaur|brn|[from] ability: Spicy Spray|[of] p2b: Scovillain\n|faint|p2b: Scovillain\n|move|p2a: Krookodile|Rock Slide|p1a: Incineroar|[spread] p1a,p1b\n|-supereffective|p1a: Incineroar|1\n|-damage|p1a: Incineroar|80/100\n|-damage|p1b: Venusaur|84/100 brn\n|\n|-weather|SunnyDay|[upkeep]\n|-damage|p1b: Venusaur|78/100 brn|[from] brn\n|upkeep\n|\n|t:|1775986067\n|switch|p2b: Altaria|Altaria, L50, M|100/100\n|turn|5\n|\n|t:|1775986090\n|move|p1a: Incineroar|Fake Out|p2b: Altaria\n|-damage|p2b: Altaria|85/100\n|move|p1b: Venusaur|Sleep Powder|p2b: Altaria\n|-status|p2b: Altaria|slp|[from] move: Sleep Powder\n|move|p2a: Krookodile|Rock Slide|p1b: Venusaur|[spread] p1a,p1b\n|-supereffective|p1a: Incineroar|1\n|-damage|p1a: Incineroar|58/100\n|-damage|p1b: Venusaur|60/100 brn\n|cant|p2b: Altaria|slp\n|\n|-weather|SunnyDay|[upkeep]\n|-damage|p1b: Venusaur|54/100 brn|[from] brn\n|upkeep\n|turn|6\n|\n|t:|1775986107\n|move|p1b: Venusaur|Sludge Bomb|p2b: Altaria\n|-damage|p2b: Altaria|38/100 slp\n|move|p2a: Krookodile|Rock Slide|p1a: Incineroar|[spread] p1a,p1b\n|-supereffective|p1a: Incineroar|1\n|-damage|p1a: Incineroar|40/100\n|-damage|p1b: Venusaur|35/100 brn\n|-enditem|p1a: Incineroar|Sitrus Berry|[eat]\n|-heal|p1a: Incineroar|65/100|[from] item: Sitrus Berry\n|-curestatus|p2b: Altaria|slp|[msg]\n|move|p2b: Altaria|Ice Beam|p1b: Venusaur\n|-supereffective|p1b: Venusaur|1\n|-damage|p1b: Venusaur|0 fnt\n|faint|p1b: Venusaur\n|move|p1a: Incineroar|Parting Shot|p2a: Krookodile\n|-unboost|p2a: Krookodile|atk|1\n|-unboost|p2a: Krookodile|spa|1\n|\n|t:|1775986112\n|switch|p1a: Charizard|Charizard-Mega-Y, L50, F|42/100|[from] Parting Shot\n|\n|-weather|SunnyDay|[upkeep]\n|upkeep\n|\n|t:|1775986115\n|switch|p1b: Incineroar|Incineroar, L50, M, shiny|65/100\n|-ability|p1b: Incineroar|Intimidate|boost\n|-unboost|p2a: Krookodile|atk|1\n|-unboost|p2b: Altaria|atk|1\n|turn|7\n|\n|t:|1775986134\n|move|p1b: Incineroar|Fake Out|p2a: Krookodile\n|-damage|p2a: Krookodile|88/100\n|cant|p2a: Krookodile|flinch\n|move|p1a: Charizard|Heat Wave|p2a: Krookodile|[spread] p2b\n|-miss|p1a: Charizard|p2a: Krookodile\n|-resisted|p2b: Altaria|1\n|-damage|p2b: Altaria|2/100\n|move|p2b: Altaria|Hyper Voice|p1b: Incineroar|[spread] p1a,p1b\n|-damage|p1a: Charizard|26/100\n|-damage|p1b: Incineroar|50/100\n|\n|-weather|none\n|upkeep\n|turn|8\n|\n|t:|1775986156\n|move|p2a: Krookodile|Rock Slide|p1b: Incineroar|[spread] p1a,p1b\n|-supereffective|p1a: Charizard|2\n|-supereffective|p1b: Incineroar|1\n|-damage|p1a: Charizard|0 fnt\n|-damage|p1b: Incineroar|37/100\n|faint|p1a: Charizard\n|move|p2b: Altaria|Hyper Voice|p1b: Incineroar\n|-damage|p1b: Incineroar|17/100\n|move|p1b: Incineroar|Throat Chop|p2b: Altaria\n|-damage|p2b: Altaria|0 fnt\n|faint|p2b: Altaria\n|\n|upkeep\n|turn|9\n|\n|t:|1775986170\n|move|p2a: Krookodile|Rock Slide|p1b: Incineroar\n|-supereffective|p1b: Incineroar|1\n|-damage|p1b: Incineroar|1/100\n|cant|p1b: Incineroar|flinch\n|\n|upkeep\n|turn|10\n|\n|t:|1775986178\n|move|p2a: Krookodile|Rock Slide|p1b: Incineroar\n|-supereffective|p1b: Incineroar|1\n|-damage|p1b: Incineroar|0 fnt\n|faint|p1b: Incineroar\n|\n|win|loklastaji\n|raw|Hitoru123's rating: 1181 &rarr; <strong>1154</strong><br />(-27 for losing)\n|raw|loklastaji's rating: 1156 &rarr; <strong>1183</strong><br />(+27 for winning)\n|l|\u2606Hitoru123\n|player|p1|\n",
  "uploadtime": 1775986184,
  "views": 20,
  "formatid": "gen9championsvgc2026regma",
  "rating": 1154,
  "private": 0,
  "password": null
}