{
  "id": "gen9championsvgc2026regma-2582129022",
  "format": "[Gen 9 Champions] VGC 2026 Reg M-A",
  "players": [
    "JustBeabs",
    "mmmjam"
  ],
  "log": "|j|\u2606JustBeabs\n|j|\u2606mmmjam\n|t:|1776061710\n|gametype|doubles\n|player|p1|JustBeabs|1|1113\n|player|p2|mmmjam|266|1107\n|gen|9\n|tier|[Gen 9 Champions] VGC 2026 Reg M-A\n|rated|\n|rule|Species Clause: Limit one of each Pok\u00e9mon\n|rule|Item Clause: Limit 1 of each item\n|clearpoke\n|poke|p1|Meganium, L50, M|\n|poke|p1|Incineroar, L50, M|\n|poke|p1|Pelipper, L50, M|\n|poke|p1|Archaludon, L50, M|\n|poke|p1|Sinistcha, L50|\n|poke|p1|Scizor, L50, M|\n|poke|p2|Meganium, L50, F|\n|poke|p2|Politoed, L50, F|\n|poke|p2|Basculegion, L50, M|\n|poke|p2|Archaludon, L50, M|\n|poke|p2|Sneasler, L50, M|\n|poke|p2|Talonflame, L50, M|\n|teampreview|4\nJustBeabs rejected open team sheets.\n|inactive|Battle timer is ON: inactive players will automatically lose when time's up. (requested by JustBeabs)\n|inactive|mmmjam has 60 seconds left.\n|\n|t:|1776061761\n|teamsize|p1|4\n|teamsize|p2|4\n|start\n|switch|p1a: Pelipper|Pelipper, L50, M|100/100\n|switch|p1b: Scizor|Scizor, L50, M|100/100\n|switch|p2a: Sneasler|Sneasler, L50, M|100/100\n|switch|p2b: Basculegion|Basculegion, L50, M|100/100\n|-weather|RainDance|[from] ability: Drizzle|[of] p1a: Pelipper\n|turn|1\n|\n|t:|1776061781\n|move|p2b: Basculegion|Flip Turn|p1b: Scizor\n|-damage|p1b: Scizor|34/100\n|\n|t:|1776061786\n|switch|p2b: Archaludon|Archaludon, L50, M|100/100|[from] Flip Turn\n|move|p1b: Scizor|Psycho Cut|p2a: Sneasler\n|-supereffective|p2a: Sneasler|2\n|-damage|p2a: Sneasler|0 fnt\n|faint|p2a: Sneasler\n|move|p1a: Pelipper|Tailwind|p1a: Pelipper\n|-sidestart|p1: JustBeabs|move: Tailwind\n|\n|-weather|RainDance|[upkeep]\n|upkeep\n|\n|t:|1776061795\n|switch|p2a: Basculegion|Basculegion, L50, M|100/100\n|turn|2\n|\n|t:|1776061816\n|switch|p1b: Meganium|Meganium, L50, M|100/100\n|switch|p1a: Archaludon|Archaludon, L50, M|100/100\n|move|p2a: Basculegion|Last Respects|p1b: Meganium\n|-damage|p1b: Meganium|36/100\n|move|p2b: Archaludon|Electro Shot||[still]\n|-prepare|p2b: Archaludon|Electro Shot\n|-boost|p2b: Archaludon|spa|1\n|-anim|p2b: Archaludon|Electro Shot|p1a: Archaludon\n|-resisted|p1a: Archaludon|1\n|-damage|p1a: Archaludon|51/100\n|\n|-weather|RainDance|[upkeep]\n|upkeep\n|turn|3\n|inactive|mmmjam has 30 seconds left.\n|\n|t:|1776061844\n|detailschange|p1b: Meganium|Meganium-Mega, L50, M\n|-mega|p1b: Meganium|Meganium|Meganiumite\n|move|p2b: Archaludon|Protect|p2b: Archaludon\n|-singleturn|p2b: Archaludon|Protect\n|move|p1a: Archaludon|Draco Meteor|p2b: Archaludon\n|-activate|p2b: Archaludon|move: Protect\n|move|p2a: Basculegion|Last Respects|p1b: Meganium\n|-damage|p1b: Meganium|0 fnt\n|faint|p1b: Meganium\n|\n|-weather|RainDance|[upkeep]\n|upkeep\n|\n|t:|1776061861\n|switch|p1b: Scizor|Scizor, L50, M|34/100\n|turn|4\n|inactive|mmmjam has 30 seconds left.\n|\n|t:|1776061888\n|move|p1b: Scizor|Close Combat|p2b: Archaludon\n|-supereffective|p2b: Archaludon|1\n|-damage|p2b: Archaludon|24/100\n|-unboost|p1b: Scizor|def|1\n|-unboost|p1b: Scizor|spd|1\n|move|p2a: Basculegion|Last Respects|p1b: Scizor\n|-damage|p1b: Scizor|0 fnt\n|faint|p1b: Scizor\n|move|p1a: Archaludon|Electro Shot||[still]\n|-prepare|p1a: Archaludon|Electro Shot\n|-boost|p1a: Archaludon|spa|1\n|-anim|p1a: Archaludon|Electro Shot|p2a: Basculegion\n|-supereffective|p2a: Basculegion|1\n|-damage|p2a: Basculegion|0 fnt\n|faint|p2a: Basculegion\n|move|p2b: Archaludon|Draco Meteor|p1a: Archaludon\n|-damage|p1a: Archaludon|0 fnt\n|-unboost|p2b: Archaludon|spa|2\n|faint|p1a: Archaludon\n|\n|-weather|RainDance|[upkeep]\n|-sideend|p1: JustBeabs|move: Tailwind\n|upkeep\n|inactive|JustBeabs has 30 seconds left.\n|inactive|JustBeabs has 20 seconds left.\n|inactive|JustBeabs has 15 seconds left.\n|\n|t:|1776061930\n|switch|p2a: Politoed|Politoed, L50, F|100/100\n|switch|p1a: Pelipper|Pelipper, L50, M|100/100\n|turn|5\n|\n|t:|1776061945\n|move|p2a: Politoed|Helping Hand|p2b: Archaludon\n|-singleturn|p2b: Archaludon|Helping Hand|[of] p2a: Politoed\n|move|p2b: Archaludon|Electro Shot||[still]\n|-prepare|p2b: Archaludon|Electro Shot\n|-boost|p2b: Archaludon|spa|1\n|-anim|p2b: Archaludon|Electro Shot|p1a: Pelipper\n|-supereffective|p1a: Pelipper|2\n|-enditem|p1a: Pelipper|Focus Sash\n|-damage|p1a: Pelipper|1/100\n|move|p1a: Pelipper|Hurricane|p2b: Archaludon\n|-resisted|p2b: Archaludon|1\n|-damage|p2b: Archaludon|0 fnt\n|faint|p2b: Archaludon\n|\n|-weather|none\n|upkeep\n|turn|6\n|\n|t:|1776061965\n|move|p1a: Pelipper|Hurricane|p2a: Politoed\n|-damage|p2a: Politoed|64/100\n|move|p2a: Politoed|Weather Ball|p1a: Pelipper\n|-damage|p1a: Pelipper|0 fnt\n|faint|p1a: Pelipper\n|\n|win|mmmjam\n|raw|JustBeabs's rating: 1113 &rarr; <strong>1088</strong><br />(-25 for losing)\n|raw|mmmjam's rating: 1107 &rarr; <strong>1132</strong><br />(+25 for winning)\n",
  "uploadtime": 1776061977,
  "views": 21,
  "formatid": "gen9championsvgc2026regma",
  "rating": 1088,
  "private": 0,
  "password": null
}