{
  "id": "gen9championsvgc2026regma-2585841549",
  "format": "[Gen 9 Champions] VGC 2026 Reg M-A",
  "players": [
    "CoolMothGuy",
    "Moto_CH"
  ],
  "log": "|j|\u2606CoolMothGuy\n|j|\u2606Moto_CH\n|t:|1776374724\n|gametype|doubles\n|player|p1|CoolMothGuy|alder|1070\n|player|p2|Moto_CH|266|1116\n|gen|9\n|tier|[Gen 9 Champions] VGC 2026 Reg M-A\n|rated|\n|rule|Species Clause: Limit one of each Pok\u00e9mon\n|rule|Item Clause: Limit 1 of each item\n|clearpoke\n|poke|p1|Garchomp, L50, F|\n|poke|p1|Aerodactyl, L50, F|\n|poke|p1|Sneasler, L50, M|\n|poke|p1|Floette-Eternal, L50, F|\n|poke|p1|Basculegion, L50, M|\n|poke|p1|Maushold, L50|\n|poke|p2|Pelipper, L50, M|\n|poke|p2|Archaludon, L50, F|\n|poke|p2|Basculegion, L50, M|\n|poke|p2|Dragonite, L50, F|\n|poke|p2|Liepard, L50, F|\n|poke|p2|Sneasler, L50, F|\n|teampreview|4\n|inactive|Battle timer is ON: inactive players will automatically lose when time's up. (requested by Moto_CH)\nCoolMothGuy rejected open team sheets.\n|\n|t:|1776374750\n|teamsize|p1|4\n|teamsize|p2|4\n|start\n|switch|p1a: Garchomp|Garchomp, L50, F, shiny|100/100\n|switch|p1b: Aerodactyl|Aerodactyl, L50, F|100/100\n|switch|p2a: Pelipper|Pelipper, L50, M|100/100\n|switch|p2b: Basculegion|Basculegion, L50, M|100/100\n|-ability|p1b: Aerodactyl|Unnerve\n|-weather|RainDance|[from] ability: Drizzle|[of] p2a: Pelipper\n|turn|1\n|\n|t:|1776374764\n|detailschange|p1a: Garchomp|Garchomp-Mega, L50, F, shiny\n|-mega|p1a: Garchomp|Garchomp|Garchompite\n|move|p2b: Basculegion|Flip Turn|p1b: Aerodactyl\n|-supereffective|p1b: Aerodactyl|1\n|-enditem|p1b: Aerodactyl|Focus Sash\n|-damage|p1b: Aerodactyl|1/100\n|\n|t:|1776374772\n|switch|p2b: Dragonite|Dragonite, L50, F|100/100|[from] Flip Turn\n|move|p1b: Aerodactyl|Tailwind|p1b: Aerodactyl\n|-sidestart|p1: CoolMothGuy|move: Tailwind\n|move|p1a: Garchomp|Earthquake|p2b: Dragonite|[spread] \n|-immune|p1b: Aerodactyl\n|-immune|p2a: Pelipper\n|-immune|p2b: Dragonite\n|move|p2a: Pelipper|Tailwind|p2a: Pelipper\n|-sidestart|p2: Moto_CH|move: Tailwind\n|\n|-weather|RainDance|[upkeep]\n|upkeep\n|turn|2\n|inactive|Moto_CH has 30 seconds left.\n|\n|t:|1776374798\n|detailschange|p2b: Dragonite|Dragonite-Mega, L50, F\n|-mega|p2b: Dragonite|Dragonite|Dragoninite\n|move|p1b: Aerodactyl|Rock Slide|p2a: Pelipper|[spread] p2a,p2b\n|-supereffective|p2a: Pelipper|1\n|-supereffective|p2b: Dragonite|1\n|-damage|p2a: Pelipper|46/100\n|-damage|p2b: Dragonite|75/100\n|move|p2b: Dragonite|Ice Beam|p1a: Garchomp\n|-supereffective|p1a: Garchomp|2\n|-damage|p1a: Garchomp|0 fnt\n|faint|p1a: Garchomp\n|cant|p2a: Pelipper|flinch\n|\n|-weather|RainDance|[upkeep]\n|upkeep\n|\n|t:|1776374808\n|switch|p1a: Sneasler|Sneasler, L50, M|100/100\n|turn|3\n|\n|t:|1776374815\n|move|p1b: Aerodactyl|Rock Slide|p2a: Pelipper|[spread] p2a,p2b\n|-supereffective|p2a: Pelipper|1\n|-supereffective|p2b: Dragonite|1\n|-damage|p2a: Pelipper|0 fnt\n|-damage|p2b: Dragonite|24/100\n|faint|p2a: Pelipper\n|move|p1a: Sneasler|Dire Claw|p2b: Dragonite\n|-damage|p2b: Dragonite|0 fnt\n|faint|p2b: Dragonite\n|\n|-weather|RainDance|[upkeep]\n|upkeep\n|\n|t:|1776374822\n|switch|p2b: Sneasler|Sneasler, L50, F|100/100\n|switch|p2a: Basculegion|Basculegion, L50, M|100/100\n|turn|4\n|\n|t:|1776374836\n|move|p1b: Aerodactyl|Protect|p1b: Aerodactyl\n|-singleturn|p1b: Aerodactyl|Protect\n|move|p1a: Sneasler|Protect|p1a: Sneasler\n|-singleturn|p1a: Sneasler|Protect\n|move|p2a: Basculegion|Aqua Jet|p1b: Aerodactyl\n|-activate|p1b: Aerodactyl|move: Protect\n|move|p2b: Sneasler|Dire Claw|p1a: Sneasler\n|-activate|p1a: Sneasler|move: Protect\n|\n|-weather|RainDance|[upkeep]\n|-sideend|p1: CoolMothGuy|move: Tailwind\n|-sideend|p2: Moto_CH|move: Tailwind\n|upkeep\n|turn|5\n|\n|t:|1776374851\n|move|p2a: Basculegion|Aqua Jet|p1b: Aerodactyl\n|-supereffective|p1b: Aerodactyl|1\n|-damage|p1b: Aerodactyl|0 fnt\n|faint|p1b: Aerodactyl\n|move|p2b: Sneasler|Dire Claw|p1a: Sneasler\n|-resisted|p1a: Sneasler|1\n|-damage|p1a: Sneasler|62/100\n|move|p1a: Sneasler|Dire Claw|p2a: Basculegion\n|-resisted|p2a: Basculegion|1\n|-damage|p2a: Basculegion|70/100\n|-status|p2a: Basculegion|par\n|\n|-weather|none\n|upkeep\n|\n|t:|1776374854\n|switch|p1b: Basculegion|Basculegion, L50, M|100/100\n|turn|6\n|\n|t:|1776374867\n|move|p1b: Basculegion|Last Respects|p2a: Basculegion\n|-supereffective|p2a: Basculegion|1\n|-damage|p2a: Basculegion|0 fnt\n|faint|p2a: Basculegion\n|move|p2b: Sneasler|Night Slash|p1b: Basculegion\n|-supereffective|p1b: Basculegion|1\n|-damage|p1b: Basculegion|42/100\n|move|p1a: Sneasler|Dire Claw|p2b: Sneasler\n|-resisted|p2b: Sneasler|1\n|-damage|p2b: Sneasler|62/100\n|\n|upkeep\n|turn|7\n|\n|t:|1776374876\n|move|p1b: Basculegion|Last Respects|p2b: Sneasler\n|-damage|p2b: Sneasler|0 fnt\n|faint|p2b: Sneasler\n|\n|win|CoolMothGuy\n|raw|CoolMothGuy's rating: 1070 &rarr; <strong>1103</strong><br />(+33 for winning)\n|raw|Moto_CH's rating: 1116 &rarr; <strong>1088</strong><br />(-28 for losing)\n|l|\u2606Moto_CH\n|player|p2|\n|l|\u2606CoolMothGuy\n|player|p1|\n|j|\u2606CoolMothGuy\n|player|p1|CoolMothGuy|alder|\n",
  "uploadtime": 1776375294,
  "views": 18,
  "formatid": "gen9championsvgc2026regma",
  "rating": 1088,
  "private": 0,
  "password": null
}