{
  "id": "gen9championsvgc2026regma-2587100852",
  "format": "[Gen 9 Champions] VGC 2026 Reg M-A",
  "players": [
    "CalmLeaf",
    "Royalll11"
  ],
  "log": "|j|\u2606CalmLeaf\n|j|\u2606Royalll11\n|t:|1776493465\n|gametype|doubles\n|player|p1|CalmLeaf|leaf-masters|1146\n|player|p2|Royalll11|wallace|1079\n|gen|9\n|tier|[Gen 9 Champions] VGC 2026 Reg M-A\n|rated|\n|rule|Species Clause: Limit one of each Pok\u00e9mon\n|rule|Item Clause: Limit 1 of each item\n|clearpoke\n|poke|p1|Meganium, L50, M|\n|poke|p1|Hatterene, L50, F|\n|poke|p1|Rampardos, L50, M|\n|poke|p1|Clefable, L50, M|\n|poke|p1|Aerodactyl, L50, M|\n|poke|p1|Excadrill, L50, M|\n|poke|p2|Venusaur, L50, M|\n|poke|p2|Garchomp, L50, F|\n|poke|p2|Empoleon, L50, M|\n|poke|p2|Noivern, L50, M|\n|poke|p2|Mamoswine, L50, M|\n|poke|p2|Manectric, L50, M|\n|teampreview|4\n|\n|t:|1776493504\n|teamsize|p1|4\n|teamsize|p2|4\n|start\n|switch|p1a: Wanda|Hatterene, L50, F|100/100\n|switch|p1b: MissSofia|Clefable, L50, M|100/100\n|switch|p2a: Venusaur|Venusaur, L50, M|100/100\n|switch|p2b: Noivern|Noivern, L50, M|100/100\n|-item|p1a: Wanda|Leftovers|[from] ability: Frisk|[of] p2b: Noivern\n|-item|p1b: MissSofia|Sitrus Berry|[from] ability: Frisk|[of] p2b: Noivern\n|turn|1\n|\n|t:|1776493527\n|detailschange|p2a: Venusaur|Venusaur-Mega, L50, M\n|-mega|p2a: Venusaur|Venusaur|Venusaurite\n|move|p1b: MissSofia|Follow Me|p1b: MissSofia\n|-singleturn|p1b: MissSofia|move: Follow Me\n|move|p2b: Noivern|Super Fang|p1b: MissSofia\n|-damage|p1b: MissSofia|50/100\n|-enditem|p1b: MissSofia|Sitrus Berry|[eat]\n|-heal|p1b: MissSofia|75/100|[from] item: Sitrus Berry\n|move|p2a: Venusaur|Sludge Bomb|p1b: MissSofia\n|-supereffective|p1b: MissSofia|1\n|-damage|p1b: MissSofia|0 fnt\n|faint|p1b: MissSofia\n|move|p1a: Wanda|Agility|p1a: Wanda\n|-boost|p1a: Wanda|spe|2\n|\n|upkeep\n|\n|t:|1776493550\n|switch|p1b: Overkill|Excadrill, L50, M|100/100\n|-ability|p1b: Overkill|Mold Breaker\n|turn|2\n|\n|t:|1776493571\n|detailschange|p1b: Overkill|Excadrill-Mega, L50, M\n|-mega|p1b: Overkill|Excadrill|Excadrite\n|move|p2a: Venusaur|Protect|p2a: Venusaur\n|-singleturn|p2a: Venusaur|Protect\n|move|p2b: Noivern|Tailwind|p2b: Noivern\n|-sidestart|p2: Royalll11|move: Tailwind\n|move|p1b: Overkill|Rock Slide|p2a: Venusaur|[spread] p2b\n|-activate|p2a: Venusaur|move: Protect\n|-supereffective|p2b: Noivern|1\n|-damage|p2b: Noivern|40/100\n|move|p1a: Wanda|Swords Dance|p1a: Wanda\n|-boost|p1a: Wanda|atk|2\n|\n|upkeep\n|turn|3\n|\n|t:|1776493598\n|switch|p1b: Rodan|Aerodactyl, L50, M|100/100\n|-ability|p1b: Rodan|Pressure\n|move|p2b: Noivern|Super Fang|p1b: Rodan\n|-damage|p1b: Rodan|51/100\n|move|p2a: Venusaur|Sludge Bomb|p1a: Wanda\n|-supereffective|p1a: Wanda|1\n|-damage|p1a: Wanda|13/100\n|-status|p1a: Wanda|psn\n|move|p1a: Wanda|Agility|p1a: Wanda\n|-boost|p1a: Wanda|spe|2\n|\n|-heal|p1a: Wanda|19/100 psn|[from] item: Leftovers\n|-damage|p1a: Wanda|7/100 psn|[from] psn\n|upkeep\n|turn|4\n|\n|t:|1776493624\n|move|p2b: Noivern|Protect|p2b: Noivern\n|-singleturn|p2b: Noivern|Protect\n|move|p1b: Rodan|Wide Guard|p1b: Rodan\n|-singleturn|p1b: Rodan|Wide Guard\n|move|p2a: Venusaur|Giga Drain|p1b: Rodan\n|-damage|p1b: Rodan|5/100\n|move|p1a: Wanda|Baton Pass|p1a: Wanda\n|\n|t:|1776493634\n|switch|p1a: Overkill|Excadrill-Mega, L50, M|100/100|[from] Baton Pass\n|\n|upkeep\n|turn|5\n|\n|t:|1776493664\n|move|p2a: Venusaur|Protect|p2a: Venusaur\n|-singleturn|p2a: Venusaur|Protect\n|move|p1a: Overkill|Earthquake|p2b: Noivern|[spread] \n|-activate|p2a: Venusaur|move: Protect\n|-immune|p1b: Rodan\n|-immune|p2b: Noivern\n|move|p2b: Noivern|Super Fang|p1a: Overkill|[miss]\n|-miss|p2b: Noivern|p1a: Overkill\n|move|p1b: Rodan|Rock Slide|p2a: Venusaur|[spread] p2b\n|-activate|p2a: Venusaur|move: Protect\n|-supereffective|p2b: Noivern|1\n|-damage|p2b: Noivern|0 fnt\n|faint|p2b: Noivern\n|\n|-sideend|p2: Royalll11|move: Tailwind\n|upkeep\n|\n|t:|1776493688\n|switch|p2b: Mamoswine|Mamoswine, L50, M|100/100\n|turn|6\n|\n|t:|1776493706\n|move|p1a: Overkill|Earthquake|p2b: Mamoswine|[spread] p2a,p2b\n|-immune|p1b: Rodan\n|-damage|p2a: Venusaur|27/100\n|-damage|p2b: Mamoswine|1/100\n|move|p1b: Rodan|Rock Slide|p2b: Mamoswine|[spread] p2a\n|-miss|p1b: Rodan|p2b: Mamoswine\n|-damage|p2a: Venusaur|12/100\n|move|p2b: Mamoswine|Earthquake|p1a: Overkill|[spread] p2a,p1a\n|-immune|p1b: Rodan\n|-supereffective|p1a: Overkill|1\n|-damage|p2a: Venusaur|0 fnt\n|-damage|p1a: Overkill|29/100\n|faint|p2a: Venusaur\n|\n|upkeep\n|\n|t:|1776493718\n|switch|p2a: Garchomp|Garchomp, L50, F|100/100\n|turn|7\n|\n|t:|1776493732\n|move|p1b: Rodan|Wide Guard|p1b: Rodan\n|-singleturn|p1b: Rodan|Wide Guard\n|move|p1a: Overkill|Earthquake|p2b: Mamoswine|[spread] p2a,p2b\n|-activate|p1b: Rodan|move: Wide Guard\n|-damage|p2a: Garchomp|12/100\n|-damage|p2b: Mamoswine|0 fnt\n|-enditem|p2a: Garchomp|Sitrus Berry|[eat]\n|-heal|p2a: Garchomp|37/100|[from] item: Sitrus Berry\n|faint|p2b: Mamoswine\n|move|p2a: Garchomp|Earthquake|p1a: Overkill|[spread] \n|-activate|p1a: Overkill|move: Wide Guard\n|-activate|p1b: Rodan|move: Wide Guard\n|\n|upkeep\n|turn|8\n|\n|t:|1776493748\n|move|p1b: Rodan|Wide Guard|p1b: Rodan\n|-singleturn|p1b: Rodan|Wide Guard\n|move|p1a: Overkill|Earthquake|p2a: Garchomp|[spread] p2a\n|-activate|p1b: Rodan|move: Wide Guard\n|-damage|p2a: Garchomp|0 fnt\n|faint|p2a: Garchomp\n|\n|win|CalmLeaf\n|raw|CalmLeaf's rating: 1146 &rarr; <strong>1166</strong><br />(+20 for winning)\n|raw|Royalll11's rating: 1079 &rarr; <strong>1061</strong><br />(-18 for losing)\n|l|\u2606Royalll11\n|player|p2|\n",
  "uploadtime": 1776493764,
  "views": 13,
  "formatid": "gen9championsvgc2026regma",
  "rating": 1061,
  "private": 0,
  "password": null
}