{
  "id": "gen9championsvgc2026regma-2581039201",
  "format": "[Gen 9 Champions] VGC 2026 Reg M-A",
  "players": [
    "Gocho787",
    "yuyutuyu"
  ],
  "log": "|j|\u2606Gocho787\n|j|\u2606yuyutuyu\n|t:|1775954142\n|gametype|doubles\n|player|p1|Gocho787|cynthia-gen4|1057\n|player|p2|yuyutuyu|lass-gen4dp|1107\n|gen|9\n|tier|[Gen 9 Champions] VGC 2026 Reg M-A\n|rated|\n|rule|Species Clause: Limit one of each Pok\u00e9mon\n|rule|Item Clause: Limit 1 of each item\n|clearpoke\n|poke|p1|Incineroar, L50, F|\n|poke|p1|Garchomp, L50, F|\n|poke|p1|Charizard, L50, M|\n|poke|p1|Sneasler, L50, F|\n|poke|p1|Whimsicott, L50, F|\n|poke|p1|Kingambit, L50, M|\n|poke|p2|Meganium, L50, F|\n|poke|p2|Pelipper, L50, F|\n|poke|p2|Garchomp, L50, F|\n|poke|p2|Orthworm, L50, M|\n|poke|p2|Raichu, L50, F|\n|poke|p2|Milotic, L50, M|\n|teampreview|4\n|\n|t:|1775954185\n|teamsize|p1|4\n|teamsize|p2|4\n|start\n|switch|p1a: Charizard|Charizard, L50, M|100/100\n|switch|p1b: Whimsicott|Whimsicott, L50, F|100/100\n|switch|p2a: Milotic|Milotic, L50, M|100/100\n|switch|p2b: Raichu|Raichu, L50, F|100/100\n|turn|1\n|\n|t:|1775954230\n|move|p1a: Charizard|Protect|p1a: Charizard\n|-singleturn|p1a: Charizard|Protect\n|move|p1b: Whimsicott|Tailwind|p1b: Whimsicott\n|-sidestart|p1: Gocho787|move: Tailwind\n|move|p2b: Raichu|Encore|p1b: Whimsicott\n|-start|p1b: Whimsicott|Encore\n|move|p2a: Milotic|Scald|p1a: Charizard\n|-activate|p1a: Charizard|move: Protect\n|\n|upkeep\n|turn|2\n|\n|t:|1775954279\n|switch|p1b: Sneasler|Sneasler, L50, F|100/100\n|switch|p1a: Garchomp|Garchomp, L50, F|100/100\n|move|p2b: Raichu|Nuzzle|p1a: Garchomp\n|-immune|p1a: Garchomp\n|move|p2a: Milotic|Icy Wind|p1a: Garchomp|[spread] p1a,p1b\n|-supereffective|p1a: Garchomp|2\n|-damage|p1a: Garchomp|59/100\n|-damage|p1b: Sneasler|88/100\n|-unboost|p1a: Garchomp|spe|1\n|-unboost|p1b: Sneasler|spe|1\n|-enditem|p1b: Sneasler|White Herb\n|-clearnegativeboost|p1b: Sneasler|[silent]\n|\n|upkeep\n|turn|3\n|\n|t:|1775954339\n|switch|p2b: Orthworm|Orthworm, L50, M|100/100\n|move|p1b: Sneasler|Fake Out|p2a: Milotic\n|-damage|p2a: Milotic|85/100\n|move|p1a: Garchomp|Dragon Claw|p2a: Milotic\n|-damage|p2a: Milotic|43/100\n|cant|p2a: Milotic|flinch\n|\n|-heal|p2a: Milotic|49/100|[from] item: Leftovers\n|upkeep\n|turn|4\n|\n|t:|1775954374\n|switch|p1b: Charizard|Charizard, L50, M|100/100\n|move|p2a: Milotic|Protect|p2a: Milotic\n|-singleturn|p2a: Milotic|Protect\n|move|p1a: Garchomp|Dragon Claw|p2a: Milotic\n|-activate|p2a: Milotic|move: Protect\n|move|p2b: Orthworm|Curse|p2b: Orthworm\n|-unboost|p2b: Orthworm|spe|1\n|-boost|p2b: Orthworm|atk|1\n|-boost|p2b: Orthworm|def|1\n|\n|-heal|p2a: Milotic|55/100|[from] item: Leftovers\n|-sideend|p1: Gocho787|move: Tailwind\n|upkeep\n|turn|5\n|\n|t:|1775954403\n|switch|p1a: Whimsicott|Whimsicott, L50, F|100/100\n|switch|p2b: Garchomp|Garchomp, L50, F|100/100\n|detailschange|p1b: Charizard|Charizard-Mega-Y, L50, M\n|-mega|p1b: Charizard|Charizard|Charizardite Y\n|-weather|SunnyDay|[from] ability: Drought|[of] p1b: Charizard\n|move|p1b: Charizard|Solar Beam||[still]\n|-prepare|p1b: Charizard|Solar Beam\n|-anim|p1b: Charizard|Solar Beam|p2a: Milotic\n|-supereffective|p2a: Milotic|1\n|-damage|p2a: Milotic|0 fnt\n|faint|p2a: Milotic\n|\n|-weather|SunnyDay|[upkeep]\n|upkeep\n|\n|t:|1775954415\n|switch|p2a: Raichu|Raichu, L50, F|100/100\n|turn|6\n|\n|t:|1775954435\n|move|p1b: Charizard|Protect|p1b: Charizard\n|-singleturn|p1b: Charizard|Protect\n|move|p2a: Raichu|Nuzzle|p1a: Whimsicott\n|-resisted|p1a: Whimsicott|1\n|-damage|p1a: Whimsicott|97/100\n|-status|p1a: Whimsicott|par\n|move|p2b: Garchomp|Rock Slide|p1b: Charizard|[spread] p1a\n|-activate|p1b: Charizard|move: Protect\n|-damage|p1a: Whimsicott|75/100 par\n|move|p1a: Whimsicott|Moonblast|p2b: Garchomp\n|-supereffective|p2b: Garchomp|1\n|-damage|p2b: Garchomp|41/100\n|\n|-weather|SunnyDay|[upkeep]\n|upkeep\n|turn|7\n|\n|t:|1775954458\n|move|p2b: Garchomp|Protect|p2b: Garchomp\n|-singleturn|p2b: Garchomp|Protect\n|move|p1a: Whimsicott|Tailwind|p1a: Whimsicott\n|-sidestart|p1: Gocho787|move: Tailwind\n|move|p1b: Charizard|Heat Wave|p2a: Raichu|[spread] p2a\n|-activate|p2b: Garchomp|move: Protect\n|-damage|p2a: Raichu|12/100\n|move|p2a: Raichu|Nuzzle|p1b: Charizard\n|-supereffective|p1b: Charizard|1\n|-damage|p1b: Charizard|85/100\n|-status|p1b: Charizard|par\n|\n|-weather|SunnyDay|[upkeep]\n|upkeep\n|turn|8\n|\n|t:|1775954518\n|move|p1a: Whimsicott|Encore|p2b: Garchomp\n|-start|p2b: Garchomp|Encore\n|-enditem|p2b: Garchomp|Mental Herb\n|-end|p2b: Garchomp|Encore\n|move|p2a: Raichu|Encore||[still]\n|-fail|p2a: Raichu\n|move|p2b: Garchomp|Rock Slide|p1b: Charizard|[spread] p1a,p1b\n|-supereffective|p1b: Charizard|2\n|-crit|p1b: Charizard\n|-damage|p1a: Whimsicott|55/100 par\n|-damage|p1b: Charizard|0 fnt\n|faint|p1b: Charizard\n|\n|-weather|SunnyDay|[upkeep]\n|upkeep\n|\n|t:|1775954538\n|switch|p1b: Garchomp|Garchomp, L50, F|59/100\n|turn|9\n|\n|t:|1775954562\n|switch|p1a: Sneasler|Sneasler, L50, F|88/100\n|move|p2b: Garchomp|Protect|p2b: Garchomp\n|-singleturn|p2b: Garchomp|Protect\n|move|p1b: Garchomp|Rock Slide|p2a: Raichu|[spread] p2a\n|-activate|p2b: Garchomp|move: Protect\n|-damage|p2a: Raichu|0 fnt\n|faint|p2a: Raichu\n|\n|-weather|none\n|upkeep\n|\n|t:|1775954570\n|switch|p2a: Orthworm|Orthworm, L50, M|100/100\n|turn|10\n|\n|t:|1775954591\n|move|p1a: Sneasler|Fake Out|p2b: Garchomp\n|-damage|p2b: Garchomp|26/100\n|-damage|p1a: Sneasler|75/100|[from] ability: Rough Skin|[of] p2b: Garchomp\n|move|p1b: Garchomp|Rock Slide|p2b: Garchomp|[spread] p2a,p2b\n|-resisted|p2a: Orthworm|1\n|-resisted|p2b: Garchomp|1\n|-damage|p2a: Orthworm|94/100\n|-damage|p2b: Garchomp|16/100\n|cant|p2b: Garchomp|flinch\n|move|p2a: Orthworm|Curse|p2a: Orthworm\n|-unboost|p2a: Orthworm|spe|1\n|-boost|p2a: Orthworm|atk|1\n|-boost|p2a: Orthworm|def|1\n|\n|-sideend|p1: Gocho787|move: Tailwind\n|upkeep\n|turn|11\n|\n|t:|1775954619\n|switch|p1b: Whimsicott|Whimsicott, L50, F|55/100 par\n|move|p2b: Garchomp|Protect|p2b: Garchomp\n|-singleturn|p2b: Garchomp|Protect\n|move|p1a: Sneasler|Protect|p1a: Sneasler\n|-singleturn|p1a: Sneasler|Protect\n|move|p2a: Orthworm|Iron Head|p1a: Sneasler\n|-activate|p1a: Sneasler|move: Protect\n|\n|upkeep\n|turn|12\n|\n|t:|1775954647\n|switch|p1a: Garchomp|Garchomp, L50, F|59/100\n|move|p1b: Whimsicott|Encore|p2b: Garchomp\n|-start|p2b: Garchomp|Encore\n|move|p2b: Garchomp|Protect||[still]\n|-fail|p2b: Garchomp\n|move|p2a: Orthworm|Iron Head|p1a: Garchomp\n|-damage|p1a: Garchomp|24/100\n|-damage|p2a: Orthworm|81/100|[from] ability: Rough Skin|[of] p1a: Garchomp\n|\n|upkeep\n|turn|13\n|\n|t:|1775954716\n|move|p1a: Garchomp|Protect|p1a: Garchomp\n|-singleturn|p1a: Garchomp|Protect\n|move|p2b: Garchomp|Protect|p2b: Garchomp\n|-singleturn|p2b: Garchomp|Protect\n|move|p1b: Whimsicott|Moonblast|p2b: Garchomp\n|-activate|p2b: Garchomp|move: Protect\n|move|p2a: Orthworm|Iron Head|p1b: Whimsicott\n|-supereffective|p1b: Whimsicott|1\n|-crit|p1b: Whimsicott\n|-damage|p1b: Whimsicott|0 fnt\n|faint|p1b: Whimsicott\n|\n|upkeep\n|\n|t:|1775954729\n|switch|p1b: Sneasler|Sneasler, L50, F|75/100\n|turn|14\n|\n|t:|1775954760\n|move|p1a: Garchomp|Protect|p1a: Garchomp\n|-singleturn|p1a: Garchomp|Protect\n|move|p2b: Garchomp|Protect||[still]\n|-fail|p2b: Garchomp\n|move|p1b: Sneasler|Close Combat|p2a: Orthworm\n|-supereffective|p2a: Orthworm|1\n|-damage|p2a: Orthworm|17/100\n|-unboost|p1b: Sneasler|def|1\n|-unboost|p1b: Sneasler|spd|1\n|-enditem|p2a: Orthworm|Sitrus Berry|[eat]\n|-heal|p2a: Orthworm|42/100|[from] item: Sitrus Berry\n|move|p2a: Orthworm|Iron Head|p1b: Sneasler\n|-damage|p1b: Sneasler|0 fnt\n|faint|p1b: Sneasler\n|\n|-end|p2b: Garchomp|Encore\n|upkeep\n|turn|15\n|-message|Gocho787 forfeited.\n|\n|win|yuyutuyu\n|raw|Gocho787's rating: 1057 &rarr; <strong>1041</strong><br />(-16 for losing)\n|raw|yuyutuyu's rating: 1107 &rarr; <strong>1128</strong><br />(+21 for winning)\n|l|\u2606Gocho787\n|player|p1|\n",
  "uploadtime": 1775954963,
  "views": 13,
  "formatid": "gen9championsvgc2026regma",
  "rating": 1041,
  "private": 0,
  "password": null
}