{
  "id": "gen9championsvgc2026regma-2582361564",
  "format": "[Gen 9 Champions] VGC 2026 Reg M-A",
  "players": [
    "Danny3over",
    "Kao Liang"
  ],
  "log": "|j|\u2606Danny3over\n|j|\u2606Kao Liang\n|t:|1776086410\n|gametype|doubles\n|player|p1|Danny3over|twins-gen4dp|1200\n|player|p2|Kao Liang|kieran-champion|1271\n|gen|9\n|tier|[Gen 9 Champions] VGC 2026 Reg M-A\n|rated|\n|rule|Species Clause: Limit one of each Pok\u00e9mon\n|rule|Item Clause: Limit 1 of each item\n|clearpoke\n|poke|p1|Gengar, L50, F|\n|poke|p1|Politoed, L50, F|\n|poke|p1|Incineroar, L50, F|\n|poke|p1|Sinistcha, L50|\n|poke|p1|Archaludon, L50, M|\n|poke|p1|Sneasler, L50, F|\n|poke|p2|Gengar, L50, F|\n|poke|p2|Incineroar, L50, M|\n|poke|p2|Politoed, L50, M|\n|poke|p2|Hydreigon, L50, M|\n|poke|p2|Conkeldurr, L50, M|\n|poke|p2|Basculegion, L50, M|\n|teampreview|4\n|inactive|Battle timer is ON: inactive players will automatically lose when time's up. (requested by Kao Liang)\n|\n|t:|1776086440\n|teamsize|p1|4\n|teamsize|p2|4\n|start\n|switch|p1a: Gengar|Gengar, L50, F|100/100\n|switch|p1b: Incineroar|Incineroar, L50, F|100/100\n|switch|p2a: Hydreigon|Hydreigon, L50, M|100/100\n|switch|p2b: Gengar|Gengar, L50, F|100/100\n|-ability|p1b: Incineroar|Intimidate|boost\n|-unboost|p2a: Hydreigon|atk|1\n|-unboost|p2b: Gengar|atk|1\n|turn|1\n|inactive|Kao Liang has 30 seconds left.\n|\n|t:|1776086470\n|detailschange|p1a: Gengar|Gengar-Mega, L50, F\n|-mega|p1a: Gengar|Gengar|Gengarite\n|detailschange|p2b: Gengar|Gengar-Mega, L50, F\n|-mega|p2b: Gengar|Gengar|Gengarite\n|move|p1a: Gengar|Protect|p1a: Gengar\n|-singleturn|p1a: Gengar|Protect\n|move|p2a: Hydreigon|U-turn|p1a: Gengar\n|-activate|p1a: Gengar|move: Protect\n|move|p2b: Gengar|Shadow Ball|p1a: Gengar\n|-activate|p1a: Gengar|move: Protect\n|move|p1b: Incineroar|Parting Shot|p2a: Hydreigon\n|-unboost|p2a: Hydreigon|atk|1\n|-unboost|p2a: Hydreigon|spa|1\n|\n|t:|1776086491\n|switch|p1b: Sneasler|Sneasler, L50, F|100/100|[from] Parting Shot\n|\n|upkeep\n|turn|2\n|\n|t:|1776086503\n|switch|p1a: Incineroar|Incineroar, L50, F|100/100\n|-ability|p1a: Incineroar|Intimidate|boost\n|-unboost|p2a: Hydreigon|atk|1\n|-unboost|p2b: Gengar|atk|1\n|move|p2a: Hydreigon|U-turn|p1a: Incineroar\n|-damage|p1a: Incineroar|96/100\n|\n|t:|1776086511\n|switch|p2a: Basculegion|Basculegion, L50, M|100/100|[from] U-turn\n|move|p2b: Gengar|Shadow Ball|p1a: Incineroar\n|-resisted|p1a: Incineroar|1\n|-damage|p1a: Incineroar|79/100\n|move|p1b: Sneasler|U-turn|p2a: Basculegion\n|-resisted|p2a: Basculegion|1\n|-damage|p2a: Basculegion|85/100\n|\n|t:|1776086522\n|switch|p1b: Gengar|Gengar-Mega, L50, F|100/100|[from] U-turn\n|\n|upkeep\n|turn|3\n|\n|t:|1776086535\n|switch|p2b: Incineroar|Incineroar, L50, M|100/100\n|-ability|p2b: Incineroar|Intimidate|boost\n|-unboost|p1a: Incineroar|atk|1\n|-unboost|p1b: Gengar|atk|1\n|move|p1b: Gengar|Protect|p1b: Gengar\n|-singleturn|p1b: Gengar|Protect\n|move|p2a: Basculegion|Wave Crash|p1a: Incineroar\n|-supereffective|p1a: Incineroar|1\n|-damage|p1a: Incineroar|0 fnt\n|faint|p1a: Incineroar\n|-damage|p2a: Basculegion|59/100|[from] Recoil\n|\n|upkeep\n|\n|t:|1776086547\n|switch|p1a: Sneasler|Sneasler, L50, F|100/100\n|turn|4\n|\n|t:|1776086567\n|move|p1a: Sneasler|Fake Out|p2b: Incineroar\n|-damage|p2b: Incineroar|88/100\n|move|p2a: Basculegion|Aqua Jet|p1b: Gengar\n|-damage|p1b: Gengar|59/100\n|move|p1b: Gengar|Shadow Ball|p2a: Basculegion\n|-supereffective|p2a: Basculegion|1\n|-damage|p2a: Basculegion|0 fnt\n|faint|p2a: Basculegion\n|cant|p2b: Incineroar|flinch\n|\n|upkeep\n|\n|t:|1776086577\n|switch|p2a: Hydreigon|Hydreigon, L50, M|100/100\n|turn|5\n|\n|t:|1776086597\n|move|p1b: Gengar|Protect|p1b: Gengar\n|-singleturn|p1b: Gengar|Protect\n|move|p2a: Hydreigon|U-turn|p1a: Sneasler\n|-resisted|p1a: Sneasler|2\n|-damage|p1a: Sneasler|94/100\n|\n|t:|1776086602\n|switch|p2a: Gengar|Gengar-Mega, L50, F|100/100|[from] U-turn\n|move|p1a: Sneasler|Close Combat|p2a: Gengar\n|-immune|p2a: Gengar\n|move|p2b: Incineroar|Parting Shot|p1a: Sneasler\n|-unboost|p1a: Sneasler|atk|1\n|-unboost|p1a: Sneasler|spa|1\n|\n|t:|1776086609\n|switch|p2b: Hydreigon|Hydreigon, L50, M|100/100|[from] Parting Shot\n|\n|upkeep\n|turn|6\n|\n|t:|1776086619\n|move|p1b: Gengar|Protect||[still]\n|-fail|p1b: Gengar\n|move|p2b: Hydreigon|Dark Pulse|p1b: Gengar\n|-supereffective|p1b: Gengar|1\n|-damage|p1b: Gengar|0 fnt\n|faint|p1b: Gengar\n|move|p2a: Gengar|Disable|p1a: Sneasler\n|-start|p1a: Sneasler|Disable|Close Combat\n|move|p1a: Sneasler|U-turn|p2b: Hydreigon\n|-supereffective|p2b: Hydreigon|1\n|-damage|p2b: Hydreigon|64/100\n|\n|t:|1776086631\n|switch|p1a: Sinistcha|Sinistcha, L50|100/100|[from] U-turn\n|\n|upkeep\n|\n|t:|1776086632\n|switch|p1b: Sneasler|Sneasler, L50, F|94/100\n|turn|7\n|inactive|Danny3over has 30 seconds left.\n|\n|t:|1776086660\n|switch|p2b: Incineroar|Incineroar, L50, M|88/100\n|-ability|p2b: Incineroar|Intimidate|boost\n|-unboost|p1a: Sinistcha|atk|1\n|-unboost|p1b: Sneasler|atk|1\n|move|p1a: Sinistcha|Protect|p1a: Sinistcha\n|-singleturn|p1a: Sinistcha|Protect\n|move|p2a: Gengar|Perish Song|p2a: Gengar\n|-start|p1a: Sinistcha|perish3|[silent]\n|-start|p1b: Sneasler|perish3|[silent]\n|-start|p2a: Gengar|perish3|[silent]\n|-start|p2b: Incineroar|perish3|[silent]\n|-fieldactivate|move: Perish Song\n|move|p1b: Sneasler|Close Combat|p2a: Gengar\n|-immune|p2a: Gengar\n|\n|-start|p2a: Gengar|perish3\n|-start|p1b: Sneasler|perish3\n|-start|p1a: Sinistcha|perish3\n|-start|p2b: Incineroar|perish3\n|upkeep\n|turn|8\n|-message|Danny3over forfeited.\n|\n|win|Kao Liang\n|raw|Danny3over's rating: 1200 &rarr; <strong>1180</strong><br />(-20 for losing)\n|raw|Kao Liang's rating: 1271 &rarr; <strong>1291</strong><br />(+20 for winning)\n|l|\u2606Danny3over\n|player|p1|\n",
  "uploadtime": 1776086677,
  "views": 15,
  "formatid": "gen9championsvgc2026regma",
  "rating": 1180,
  "private": 0,
  "password": null
}