{
  "id": "gen9championsvgc2026regma-2588731898",
  "format": "[Gen 9 Champions] VGC 2026 Reg M-A",
  "players": [
    "Lord_Neph",
    "Poshua7"
  ],
  "log": "|j|\u2606Lord_Neph\n|j|\u2606Poshua7\n|t:|1776663309\n|gametype|doubles\n|player|p1|Lord_Neph|2|1026\n|player|p2|Poshua7|ethan|1002\n|gen|9\n|tier|[Gen 9 Champions] VGC 2026 Reg M-A\n|rated|\n|rule|Species Clause: Limit one of each Pok\u00e9mon\n|rule|Item Clause: Limit 1 of each item\n|clearpoke\n|poke|p1|Charizard, L50, M, shiny|\n|poke|p1|Sneasler, L50, F|\n|poke|p1|Venusaur, L50, F|\n|poke|p1|Whimsicott, L50, F|\n|poke|p1|Garchomp, L50, M, shiny|\n|poke|p1|Incineroar, L50, M|\n|poke|p2|Tinkaton, L50, F, shiny|\n|poke|p2|Starmie, L50, shiny|\n|poke|p2|Ceruledge, L50, F|\n|poke|p2|Sneasler, L50, F|\n|poke|p2|Appletun, L50, F|\n|poke|p2|Basculegion-F, L50, F|\n|teampreview|4\n|inactive|Battle timer is ON: inactive players will automatically lose when time's up. (requested by Lord_Neph)\nLord_Neph rejected open team sheets.\n|inactive|Lord_Neph has 60 seconds left.\n|inactive|Poshua7 has 60 seconds left.\n|\n|t:|1776663350\n|teamsize|p1|4\n|teamsize|p2|4\n|start\n|switch|p1a: Garchomp|Garchomp, L50, M, shiny|100/100\n|switch|p1b: Charizard|Charizard, L50, M, shiny|100/100\n|switch|p2a: Ceruledge|Ceruledge, L50, F|100/100\n|switch|p2b: Starmie|Starmie, L50, shiny|100/100\n|turn|1\n|inactive|Poshua7 has 30 seconds left.\n|\n|t:|1776663379\n|switch|p1a: Incineroar|Incineroar, L50, M|100/100\n|-ability|p1a: Incineroar|Intimidate|boost\n|-unboost|p2a: Ceruledge|atk|1\n|-unboost|p2b: Starmie|atk|1\n|detailschange|p2b: Starmie|Starmie-Mega, L50, shiny\n|-mega|p2b: Starmie|Starmie|Starminite\n|detailschange|p1b: Charizard|Charizard-Mega-Y, L50, M, shiny\n|-mega|p1b: Charizard|Charizard|Charizardite Y\n|-weather|SunnyDay|[from] ability: Drought|[of] p1b: Charizard\n|move|p2b: Starmie|Liquidation|p1b: Charizard\n|-supereffective|p1b: Charizard|1\n|-damage|p1b: Charizard|36/100\n|move|p1b: Charizard|Solar Beam||[still]\n|-prepare|p1b: Charizard|Solar Beam\n|-anim|p1b: Charizard|Solar Beam|p2b: Starmie\n|-supereffective|p2b: Starmie|1\n|-damage|p2b: Starmie|0 fnt\n|faint|p2b: Starmie\n|move|p2a: Ceruledge|Shadow Claw|p1a: Incineroar\n|-resisted|p1a: Incineroar|1\n|-damage|p1a: Incineroar|90/100\n|\n|-weather|SunnyDay|[upkeep]\n|upkeep\n|\n|t:|1776663400\n|switch|p2b: Appletun|Appletun, L50, F|100/100\n|turn|2\n|\n|t:|1776663418\n|switch|p1b: Whimsicott|Whimsicott, L50, F|100/100\n|move|p2b: Appletun|Protect|p2b: Appletun\n|-singleturn|p2b: Appletun|Protect\n|move|p2a: Ceruledge|Bitter Blade|p1b: Whimsicott\n|-supereffective|p1b: Whimsicott|1\n|-enditem|p1b: Whimsicott|Focus Sash\n|-damage|p1b: Whimsicott|1/100\n|move|p1a: Incineroar|Darkest Lariat|p2a: Ceruledge\n|-supereffective|p2a: Ceruledge|1\n|-enditem|p2a: Ceruledge|Focus Sash\n|-damage|p2a: Ceruledge|1/100\n|-ability|p2a: Ceruledge|Weak Armor|boost\n|-unboost|p2a: Ceruledge|def|1\n|-boost|p2a: Ceruledge|spe|2\n|\n|-weather|SunnyDay|[upkeep]\n|upkeep\n|turn|3\n|inactive|Poshua7 has 30 seconds left.\n|\n|t:|1776663452\n|move|p2b: Appletun|Protect|p2b: Appletun\n|-singleturn|p2b: Appletun|Protect\n|move|p1b: Whimsicott|Encore|p2b: Appletun\n|-activate|p2b: Appletun|move: Protect\n|move|p2a: Ceruledge|Destiny Bond|p2a: Ceruledge\n|-singlemove|p2a: Ceruledge|Destiny Bond\n|move|p1a: Incineroar|Flare Blitz|p2a: Ceruledge\n|-resisted|p2a: Ceruledge|1\n|-damage|p2a: Ceruledge|0 fnt\n|faint|p2a: Ceruledge\n|-activate|p2a: Ceruledge|move: Destiny Bond\n|faint|p1a: Incineroar\n|\n|-weather|SunnyDay|[upkeep]\n|upkeep\n|\n|t:|1776663466\n|switch|p2a: Tinkaton|Tinkaton, L50, F, shiny|100/100\n|switch|p1a: Garchomp|Garchomp, L50, M, shiny|100/100\n|-ability|p2a: Tinkaton|Mold Breaker\n|turn|4\n|\n|t:|1776663478\n|move|p2a: Tinkaton|Fake Out|p1b: Whimsicott\n|-damage|p1b: Whimsicott|0 fnt\n|faint|p1b: Whimsicott\n|move|p1a: Garchomp|Stomping Tantrum|p2a: Tinkaton\n|-supereffective|p2a: Tinkaton|1\n|-damage|p2a: Tinkaton|18/100\n|move|p2b: Appletun|Draco Meteor|p1a: Garchomp\n|-supereffective|p1a: Garchomp|1\n|-damage|p1a: Garchomp|0 fnt\n|-unboost|p2b: Appletun|spa|2\n|faint|p1a: Garchomp\n|\n|-weather|SunnyDay|[upkeep]\n|upkeep\n|\n|t:|1776663484\n|switch|p1b: Charizard|Charizard-Mega-Y, L50, M, shiny|36/100\n|turn|5\n|\n|t:|1776663497\n|move|p2a: Tinkaton|Protect|p2a: Tinkaton\n|-singleturn|p2a: Tinkaton|Protect\n|move|p1b: Charizard|Heat Wave|p2b: Appletun|[spread] \n|-activate|p2a: Tinkaton|move: Protect\n|-miss|p1b: Charizard|p2b: Appletun\n|move|p2b: Appletun|Leech Seed|p1b: Charizard\n|-start|p1b: Charizard|move: Leech Seed\n|\n|-weather|none\n|-damage|p1b: Charizard|24/100|[from] Leech Seed|[of] p2b: Appletun\n|upkeep\n|turn|6\n|-message|Lord_Neph forfeited.\n|\n|win|Poshua7\n|raw|Lord_Neph's rating: 1026 &rarr; <strong>1011</strong><br />(-15 for losing)\n|raw|Poshua7's rating: 1002 &rarr; <strong>1044</strong><br />(+42 for winning)\n|l|\u2606Lord_Neph\n|player|p1|\n",
  "uploadtime": 1776663519,
  "views": 16,
  "formatid": "gen9championsvgc2026regma",
  "rating": 1011,
  "private": 0,
  "password": null
}