{
  "id": "gen9championsvgc2026regma-2585968132",
  "format": "[Gen 9 Champions] VGC 2026 Reg M-A",
  "players": [
    "Moxiemencefan21",
    "jobicho"
  ],
  "log": "|j|\u2606Moxiemencefan21\n|j|\u2606jobicho\n|t:|1776386019\n|gametype|doubles\n|player|p1|Moxiemencefan21|1|1099\n|player|p2|jobicho|gentleman|1000\n|gen|9\n|tier|[Gen 9 Champions] VGC 2026 Reg M-A\n|rated|\n|rule|Species Clause: Limit one of each Pok\u00e9mon\n|rule|Item Clause: Limit 1 of each item\n|clearpoke\n|poke|p1|Manectric, L50, F|\n|poke|p1|Tauros-Paldea-Aqua, L50, M|\n|poke|p1|Sinistcha-Masterpiece, L50|\n|poke|p1|Aerodactyl, L50, F|\n|poke|p1|Volcarona, L50, M|\n|poke|p1|Dragapult, L50, F|\n|poke|p2|Corviknight, L50, M|\n|poke|p2|Primarina, L50, F|\n|poke|p2|Farigiraf, L50, F|\n|poke|p2|Archaludon, L50, M|\n|poke|p2|Incineroar, L50, M|\n|poke|p2|Meowscarada, L50, F|\n|teampreview|4\n|c|\u2606jobicho|hi\n|\n|t:|1776386050\n|teamsize|p1|4\n|teamsize|p2|4\n|start\n|switch|p1a: Manectric|Manectric, L50, F|100/100\n|switch|p1b: Volcarona|Volcarona, L50, M|100/100\n|switch|p2a: Gissella|Farigiraf, L50, F, shiny|100/100\n|switch|p2b: Seraphina|Primarina, L50, F|100/100\n|turn|1\n|\n|t:|1776386077\n|detailschange|p1a: Manectric|Manectric-Mega, L50, F\n|-mega|p1a: Manectric|Manectric|Manectite\n|-ability|p1a: Manectric|Intimidate|boost\n|-unboost|p2a: Gissella|atk|1\n|-unboost|p2b: Seraphina|atk|1\n|move|p1a: Manectric|Snarl|p2b: Seraphina|[spread] p2a,p2b\n|-supereffective|p2a: Gissella|1\n|-resisted|p2b: Seraphina|1\n|-damage|p2a: Gissella|77/100\n|-damage|p2b: Seraphina|95/100\n|-unboost|p2a: Gissella|spa|1\n|-unboost|p2b: Seraphina|spa|1\n|move|p1b: Volcarona|Quiver Dance|p1b: Volcarona\n|-boost|p1b: Volcarona|spa|1\n|-boost|p1b: Volcarona|spd|1\n|-boost|p1b: Volcarona|spe|1\n|move|p2b: Seraphina|Calm Mind|p2b: Seraphina\n|-boost|p2b: Seraphina|spa|1\n|-boost|p2b: Seraphina|spd|1\n|move|p2a: Gissella|Trick Room|p2a: Gissella\n|-fieldstart|move: Trick Room|[of] p2a: Gissella\n|\n|upkeep\n|turn|2\n|\n|t:|1776386131\n|move|p2a: Gissella|Helping Hand|p2b: Seraphina\n|-singleturn|p2b: Seraphina|Helping Hand|[of] p2a: Gissella\n|move|p1b: Volcarona|Protect|p1b: Volcarona\n|-singleturn|p1b: Volcarona|Protect\n|move|p2b: Seraphina|Hyper Voice|p1a: Manectric|[spread] p1a\n|-activate|p1b: Volcarona|move: Protect\n|-damage|p1a: Manectric|24/100\n|move|p1a: Manectric|Volt Switch|p2b: Seraphina\n|-supereffective|p2b: Seraphina|1\n|-damage|p2b: Seraphina|51/100\n|\n|t:|1776386144\n|switch|p1a: Sinistcha|Sinistcha-Masterpiece, L50|100/100|[from] Volt Switch\n|\n|upkeep\n|turn|3\n|\n|t:|1776386164\n|switch|p2a: Steve French|Incineroar, L50, M|100/100\n|-ability|p2a: Steve French|Intimidate|boost\n|-unboost|p1a: Sinistcha|atk|1\n|-unboost|p1b: Volcarona|atk|1\n|move|p2b: Seraphina|Hyper Voice|p1b: Volcarona|[spread] p1a,p1b\n|-resisted|p1a: Sinistcha|1\n|-supereffective|p1b: Volcarona|1\n|-damage|p1a: Sinistcha|79/100\n|-damage|p1b: Volcarona|44/100\n|move|p1b: Volcarona|Quiver Dance|p1b: Volcarona\n|-boost|p1b: Volcarona|spa|1\n|-boost|p1b: Volcarona|spd|1\n|-boost|p1b: Volcarona|spe|1\n|move|p1a: Sinistcha|Trick Room|p1a: Sinistcha\n|-fieldend|move: Trick Room\n|\n|-heal|p1b: Volcarona|50/100|[from] item: Leftovers\n|upkeep\n|turn|4\n|\n|t:|1776386197\n|switch|p1a: Tauros|Tauros-Paldea-Aqua, L50, M|100/100\n|-ability|p1a: Tauros|Intimidate|boost\n|-unboost|p2a: Steve French|atk|1\n|-unboost|p2b: Seraphina|atk|1\n|move|p1b: Volcarona|Protect|p1b: Volcarona\n|-singleturn|p1b: Volcarona|Protect\n|move|p2b: Seraphina|Protect|p2b: Seraphina\n|-singleturn|p2b: Seraphina|Protect\n|move|p2a: Steve French|Fake Out|p1b: Volcarona\n|-activate|p1b: Volcarona|move: Protect\n|\n|-heal|p1b: Volcarona|57/100|[from] item: Leftovers\n|upkeep\n|turn|5\n|\n|t:|1776386250\n|move|p1b: Volcarona|Bug Buzz|p2b: Seraphina\n|-resisted|p2b: Seraphina|1\n|-damage|p2b: Seraphina|26/100\n|move|p1a: Tauros|Close Combat|p2a: Steve French\n|-supereffective|p2a: Steve French|1\n|-enditem|p2a: Steve French|Chople Berry|[eat]\n|-enditem|p2a: Steve French|Chople Berry|[weaken]\n|-damage|p2a: Steve French|53/100\n|-unboost|p1a: Tauros|def|1\n|-unboost|p1a: Tauros|spd|1\n|move|p2a: Steve French|Parting Shot|p1a: Tauros\n|-unboost|p1a: Tauros|atk|1\n|-unboost|p1a: Tauros|spa|1\n|\n|t:|1776386268\n|switch|p2a: Pablo|Corviknight, L50, M|100/100|[from] Parting Shot\n|move|p2b: Seraphina|Moonblast|p1a: Tauros\n|-supereffective|p1a: Tauros|1\n|-damage|p1a: Tauros|0 fnt\n|faint|p1a: Tauros\n|\n|-heal|p1b: Volcarona|63/100|[from] item: Leftovers\n|upkeep\n|\n|t:|1776386287\n|switch|p1a: Sinistcha|Sinistcha-Masterpiece, L50|79/100\n|-heal|p1b: Volcarona|88/100|[from] ability: Hospitality|[of] p1a: Sinistcha\n|turn|6\n|\n|t:|1776386322\n|move|p1b: Volcarona|Heat Wave|p2a: Pablo|[spread] p2a,p2b\n|-supereffective|p2a: Pablo|1\n|-resisted|p2b: Seraphina|1\n|-damage|p2a: Pablo|0 fnt\n|-damage|p2b: Seraphina|6/100\n|faint|p2a: Pablo\n|move|p1a: Sinistcha|Matcha Gotcha|p2b: Seraphina\n|-supereffective|p2b: Seraphina|1\n|-damage|p2b: Seraphina|0 fnt\n|-heal|p1a: Sinistcha|81/100|[from] drain|[of] p2b: Seraphina\n|faint|p2b: Seraphina\n|\n|-heal|p1b: Volcarona|94/100|[from] item: Leftovers\n|upkeep\n|\n|t:|1776386334\n|switch|p2a: Steve French|Incineroar, L50, M|53/100\n|switch|p2b: Gissella|Farigiraf, L50, F, shiny|77/100\n|-ability|p2a: Steve French|Intimidate|boost\n|-unboost|p1a: Sinistcha|atk|1\n|-unboost|p1b: Volcarona|atk|1\n|turn|7\n|\n|t:|1776386384\n|move|p1b: Volcarona|Bug Buzz|p2b: Gissella\n|-supereffective|p2b: Gissella|1\n|-crit|p2b: Gissella\n|-damage|p2b: Gissella|0 fnt\n|faint|p2b: Gissella\n|move|p2a: Steve French|Flare Blitz|p1a: Sinistcha\n|-supereffective|p1a: Sinistcha|1\n|-damage|p1a: Sinistcha|0 fnt\n|faint|p1a: Sinistcha\n|-damage|p2a: Steve French|25/100|[from] Recoil\n|\n|-heal|p1b: Volcarona|100/100|[from] item: Leftovers\n|upkeep\n|\n|t:|1776386392\n|switch|p1a: Manectric|Manectric-Mega, L50, F|24/100\n|-ability|p1a: Manectric|Intimidate|boost\n|-unboost|p2a: Steve French|atk|1\n|turn|8\n|\n|t:|1776386400\n|move|p2a: Steve French|Protect|p2a: Steve French\n|-singleturn|p2a: Steve French|Protect\n|move|p1b: Volcarona|Bug Buzz|p2a: Steve French\n|-activate|p2a: Steve French|move: Protect\n|move|p1a: Manectric|Volt Switch|p2a: Steve French\n|-activate|p2a: Steve French|move: Protect\n|\n|upkeep\n|turn|9\n|\n|t:|1776386414\n|move|p1b: Volcarona|Bug Buzz|p2a: Steve French\n|-damage|p2a: Steve French|0 fnt\n|faint|p2a: Steve French\n|\n|win|Moxiemencefan21\n|raw|Moxiemencefan21's rating: 1099 &rarr; <strong>1117</strong><br />(+18 for winning)\n|raw|jobicho's rating: 1000 &rarr; <strong>1000</strong><br />(+0 for losing)\n|l|\u2606jobicho\n|player|p2|\n",
  "uploadtime": 1776386421,
  "views": 17,
  "formatid": "gen9championsvgc2026regma",
  "rating": 1000,
  "private": 0,
  "password": null
}