{
  "id": "gen9championsvgc2026regma-2585136852",
  "format": "[Gen 9 Champions] VGC 2026 Reg M-A",
  "players": [
    "tridean",
    "Mandelvrott"
  ],
  "log": "|j|\u2606tridean\n|j|\u2606Mandelvrott\n|t:|1776316206\n|gametype|doubles\n|player|p1|tridean|sonia-masters|1146\n|player|p2|Mandelvrott|n|1083\n|gen|9\n|tier|[Gen 9 Champions] VGC 2026 Reg M-A\n|rated|\n|rule|Species Clause: Limit one of each Pok\u00e9mon\n|rule|Item Clause: Limit 1 of each item\n|clearpoke\n|poke|p1|Aerodactyl, L50, F|\n|poke|p1|Incineroar, L50, M|\n|poke|p1|Tyranitar, L50, M|\n|poke|p1|Sinistcha, L50|\n|poke|p1|Rotom-Wash, L50|\n|poke|p1|Sneasler, L50, M|\n|poke|p2|Froslass, L50, F|\n|poke|p2|Garchomp, L50, M|\n|poke|p2|Glaceon, L50, M|\n|poke|p2|Talonflame, L50, F|\n|poke|p2|Incineroar, L50, F|\n|poke|p2|Dragonite, L50, M|\n|teampreview|4\n|inactive|Battle timer is ON: inactive players will automatically lose when time's up. (requested by Mandelvrott)\n|\n|t:|1776316257\n|teamsize|p1|4\n|teamsize|p2|4\n|start\n|switch|p1a: Rotom|Rotom-Wash, L50|100/100\n|switch|p1b: Aerodactyl|Aerodactyl, L50, F|100/100\n|switch|p2a: Froslass|Froslass, L50, F|100/100\n|switch|p2b: Garchomp|Garchomp, L50, M|100/100\n|-ability|p1b: Aerodactyl|Unnerve\n|turn|1\n|inactive|tridean has 30 seconds left.\n|inactive|tridean has 20 seconds left.\n|\n|t:|1776316295\n|move|p2a: Froslass|Protect|p2a: Froslass\n|-singleturn|p2a: Froslass|Protect\n|move|p2b: Garchomp|Rock Slide|p1b: Aerodactyl|[spread] p1a,p1b\n|-supereffective|p1b: Aerodactyl|1\n|-damage|p1a: Rotom|72/100\n|-damage|p1b: Aerodactyl|33/100\n|move|p1a: Rotom|Volt Switch|p2a: Froslass\n|-activate|p2a: Froslass|move: Protect\n|cant|p1b: Aerodactyl|flinch\n|\n|upkeep\n|turn|2\n|inactive|tridean has 30 seconds left.\n|inactive|Mandelvrott has 30 seconds left.\n|\n|t:|1776316327\n|switch|p1b: Tyranitar|Tyranitar, L50, M|100/100\n|-weather|Sandstorm|[from] ability: Sand Stream|[of] p1b: Tyranitar\n|move|p2b: Garchomp|Rock Slide|p1b: Tyranitar|[spread] p1a,p1b\n|-damage|p1a: Rotom|45/100\n|-damage|p1b: Tyranitar|85/100\n|move|p1a: Rotom|Volt Switch|p2a: Froslass\n|-damage|p2a: Froslass|49/100\n|\n|t:|1776316340\n|switch|p1a: Sneasler|Sneasler, L50, M|100/100|[from] Volt Switch\n|move|p2a: Froslass|Shadow Ball|p1a: Sneasler\n|-damage|p1a: Sneasler|56/100\n|-unboost|p1a: Sneasler|spd|1\n|-enditem|p1a: Sneasler|White Herb\n|-clearnegativeboost|p1a: Sneasler|[silent]\n|\n|-weather|Sandstorm|[upkeep]\n|-damage|p1a: Sneasler|50/100|[from] Sandstorm\n|-damage|p2a: Froslass|43/100|[from] Sandstorm\n|upkeep\n|turn|3\n|inactive|tridean has 30 seconds left.\n|\n|t:|1776316372\n|detailschange|p1b: Tyranitar|Tyranitar-Mega, L50, M\n|-mega|p1b: Tyranitar|Tyranitar|Tyranitarite\n|move|p2a: Froslass|Protect|p2a: Froslass\n|-singleturn|p2a: Froslass|Protect\n|move|p1a: Sneasler|Fake Out|p2b: Garchomp\n|-damage|p2b: Garchomp|83/100\n|-damage|p1a: Sneasler|38/100|[from] ability: Rough Skin|[of] p2b: Garchomp\n|cant|p2b: Garchomp|flinch\n|move|p1b: Tyranitar|Rock Slide|p2b: Garchomp|[spread] \n|-activate|p2a: Froslass|move: Protect\n|-miss|p1b: Tyranitar|p2b: Garchomp\n|\n|-weather|Sandstorm|[upkeep]\n|-damage|p1a: Sneasler|32/100|[from] Sandstorm\n|-damage|p2a: Froslass|37/100|[from] Sandstorm\n|upkeep\n|turn|4\n|\n|t:|1776316396\n|detailschange|p2a: Froslass|Froslass-Mega, L50, F\n|-mega|p2a: Froslass|Froslass|Froslassite\n|-weather|Snowscape|[from] ability: Snow Warning|[of] p2a: Froslass\n|move|p1a: Sneasler|Close Combat|p2b: Garchomp\n|-damage|p2b: Garchomp|19/100\n|-unboost|p1a: Sneasler|def|1\n|-unboost|p1a: Sneasler|spd|1\n|-damage|p1a: Sneasler|20/100|[from] ability: Rough Skin|[of] p2b: Garchomp\n|move|p2b: Garchomp|Rock Slide|p1a: Sneasler|[spread] p1a,p1b\n|-resisted|p1a: Sneasler|1\n|-damage|p1a: Sneasler|0 fnt\n|-damage|p1b: Tyranitar|72/100\n|faint|p1a: Sneasler\n|move|p2a: Froslass|Blizzard|p1b: Tyranitar\n|-damage|p1b: Tyranitar|30/100\n|move|p1b: Tyranitar|Rock Slide|p2b: Garchomp|[spread] p2a,p2b\n|-supereffective|p2a: Froslass|1\n|-resisted|p2b: Garchomp|1\n|-damage|p2a: Froslass|0 fnt\n|-damage|p2b: Garchomp|0 fnt\n|faint|p2a: Froslass\n|faint|p2b: Garchomp\n|\n|-weather|Snowscape|[upkeep]\n|upkeep\n|inactive|tridean has 30 seconds left.\n|\n|t:|1776316426\n|switch|p2a: Dragonite|Dragonite, L50, M|100/100\n|switch|p1a: Rotom|Rotom-Wash, L50|45/100\n|switch|p2b: Glaceon|Glaceon, L50, M|100/100\n|turn|5\n|\n|t:|1776316442\n|move|p1a: Rotom|Thunderbolt|p2a: Dragonite\n|-damage|p2a: Dragonite|65/100\n|-status|p2a: Dragonite|par\n|move|p1b: Tyranitar|Rock Slide|p2b: Glaceon|[spread] p2a,p2b\n|-supereffective|p2a: Dragonite|1\n|-supereffective|p2b: Glaceon|1\n|-crit|p2b: Glaceon\n|-damage|p2a: Dragonite|0 fnt\n|-damage|p2b: Glaceon|3/100\n|faint|p2a: Dragonite\n|cant|p2b: Glaceon|flinch\n|\n|-weather|Snowscape|[upkeep]\n|upkeep\n|turn|6\n|-message|Mandelvrott forfeited.\n|\n|win|tridean\n|raw|tridean's rating: 1146 &rarr; <strong>1167</strong><br />(+21 for winning)\n|raw|Mandelvrott's rating: 1083 &rarr; <strong>1065</strong><br />(-18 for losing)\n|l|\u2606Mandelvrott\n|player|p2|\n",
  "uploadtime": 1776316460,
  "views": 26,
  "formatid": "gen9championsvgc2026regma",
  "rating": 1065,
  "private": 0,
  "password": null
}