{
  "id": "gen9championsvgc2026regma-2583871108",
  "format": "[Gen 9 Champions] VGC 2026 Reg M-A",
  "players": [
    "humungulous",
    "AidzPlayz"
  ],
  "log": "|j|\u2606humungulous\n|j|\u2606AidzPlayz\n|t:|1776204244\n|gametype|doubles\n|player|p1|humungulous|101|1147\n|player|p2|AidzPlayz|ghetsis-gen5bw|1218\n|gen|9\n|tier|[Gen 9 Champions] VGC 2026 Reg M-A\n|rated|\n|rule|Species Clause: Limit one of each Pok\u00e9mon\n|rule|Item Clause: Limit 1 of each item\n|clearpoke\n|poke|p1|Meganium, L50, M|\n|poke|p1|Aerodactyl, L50, M|\n|poke|p1|Garchomp, L50, M|\n|poke|p1|Basculegion, L50, M|\n|poke|p1|Incineroar, L50, F|\n|poke|p1|Farigiraf, L50, F|\n|poke|p2|Aerodactyl, L50, M|\n|poke|p2|Incineroar, L50, M|\n|poke|p2|Floette-Eternal, L50, F|\n|poke|p2|Basculegion, L50, M|\n|poke|p2|Garchomp, L50, F|\n|poke|p2|Sneasler, L50, F|\n|teampreview|4\n|inactive|Battle timer is ON: inactive players will automatically lose when time's up. (requested by humungulous)\n|inactive|humungulous has 60 seconds left.\n|inactive|AidzPlayz has 60 seconds left.\n|\n|t:|1776204298\n|teamsize|p1|4\n|teamsize|p2|4\n|start\n|switch|p1a: Farigiraf|Farigiraf, L50, F|100/100\n|switch|p1b: Basculegion|Basculegion, L50, M|100/100\n|switch|p2a: Incineroar|Incineroar, L50, M|100/100\n|switch|p2b: Sneasler|Sneasler, L50, F|100/100\n|-ability|p2a: Incineroar|Intimidate|boost\n|-unboost|p1a: Farigiraf|atk|1\n|-unboost|p1b: Basculegion|atk|1\n|turn|1\n|\n|t:|1776204323\n|move|p1b: Basculegion|Wave Crash|p2a: Incineroar\n|-supereffective|p2a: Incineroar|1\n|-damage|p2a: Incineroar|11/100\n|-enditem|p2a: Incineroar|Sitrus Berry|[eat]\n|-heal|p2a: Incineroar|36/100|[from] item: Sitrus Berry\n|-damage|p1b: Basculegion|71/100|[from] Recoil\n|move|p2b: Sneasler|Close Combat|p1a: Farigiraf\n|-damage|p1a: Farigiraf|38/100\n|-unboost|p2b: Sneasler|def|1\n|-unboost|p2b: Sneasler|spd|1\n|-enditem|p2b: Sneasler|White Herb\n|-clearnegativeboost|p2b: Sneasler|[silent]\n|move|p1a: Farigiraf|Psychic|p2b: Sneasler\n|-supereffective|p2b: Sneasler|2\n|-damage|p2b: Sneasler|0 fnt\n|faint|p2b: Sneasler\n|move|p2a: Incineroar|Taunt|p1a: Farigiraf\n|-start|p1a: Farigiraf|move: Taunt\n|\n|-heal|p1a: Farigiraf|44/100|[from] item: Leftovers\n|upkeep\n|\n|t:|1776204341\n|switch|p2b: Floette|Floette-Eternal, L50, F|100/100\n|turn|2\n|\n|t:|1776204351\n|switch|p2a: Basculegion|Basculegion, L50, M|100/100\n|detailschange|p2b: Floette|Floette-Mega, L50, F\n|-mega|p2b: Floette|Floette|Floettite\n|-ability|p2b: Floette|Fairy Aura\n|move|p1b: Basculegion|Wave Crash|p2b: Floette\n|-damage|p2b: Floette|34/100\n|-damage|p1b: Basculegion|55/100|[from] Recoil\n|move|p2b: Floette|Dazzling Gleam|p1b: Basculegion|[spread] p1a,p1b\n|-damage|p1a: Farigiraf|0 fnt\n|-damage|p1b: Basculegion|0 fnt\n|faint|p1a: Farigiraf\n|faint|p1b: Basculegion\n|\n|upkeep\n|\n|t:|1776204358\n|switch|p1b: Meganium|Meganium, L50, M|100/100\n|switch|p1a: Incineroar|Incineroar, L50, F|100/100\n|-ability|p1a: Incineroar|Intimidate|boost\n|-unboost|p2a: Basculegion|atk|1\n|-unboost|p2b: Floette|atk|1\n|turn|3\n|inactive|AidzPlayz has 30 seconds left.\n|\n|t:|1776204390\n|detailschange|p1b: Meganium|Meganium-Mega, L50, M\n|-mega|p1b: Meganium|Meganium|Meganiumite\n|move|p2a: Basculegion|Liquidation|p1a: Incineroar\n|-supereffective|p1a: Incineroar|1\n|-damage|p1a: Incineroar|35/100\n|-enditem|p1a: Incineroar|Sitrus Berry|[eat]\n|-heal|p1a: Incineroar|60/100|[from] item: Sitrus Berry\n|move|p2b: Floette|Light of Ruin|p1b: Meganium\n|-damage|p1b: Meganium|0 fnt\n|faint|p1b: Meganium\n|-damage|p2b: Floette|0 fnt|[from] Recoil\n|faint|p2b: Floette\n|move|p1a: Incineroar|Darkest Lariat|p2a: Basculegion\n|-supereffective|p2a: Basculegion|1\n|-damage|p2a: Basculegion|0 fnt\n|faint|p2a: Basculegion\n|\n|upkeep\n|\n|t:|1776204405\n|switch|p2a: Incineroar|Incineroar, L50, M|36/100\n|-ability|p2a: Incineroar|Intimidate|boost\n|-unboost|p1a: Incineroar|atk|1\n|turn|4\n|c|\u2606AidzPlayz|gg\n|\n|t:|1776204422\n|move|p2a: Incineroar|Fake Out|p1a: Incineroar\n|-damage|p1a: Incineroar|49/100\n|cant|p1a: Incineroar|flinch\n|\n|upkeep\n|turn|5\n|\n|t:|1776204429\n|move|p1a: Incineroar|Flare Blitz|p2a: Incineroar\n|-resisted|p2a: Incineroar|1\n|-damage|p2a: Incineroar|17/100\n|-damage|p1a: Incineroar|43/100|[from] Recoil\n|move|p2a: Incineroar|Flare Blitz|p1a: Incineroar\n|-resisted|p1a: Incineroar|1\n|-damage|p1a: Incineroar|20/100\n|-damage|p2a: Incineroar|9/100|[from] Recoil\n|\n|upkeep\n|turn|6\n|\n|t:|1776204439\n|move|p1a: Incineroar|Flare Blitz|p2a: Incineroar\n|-resisted|p2a: Incineroar|1\n|-damage|p2a: Incineroar|0 fnt\n|faint|p2a: Incineroar\n|-damage|p1a: Incineroar|17/100|[from] Recoil\n|\n|win|humungulous\n|raw|humungulous's rating: 1147 &rarr; <strong>1177</strong><br />(+30 for winning)\n|raw|AidzPlayz's rating: 1218 &rarr; <strong>1188</strong><br />(-30 for losing)\n",
  "uploadtime": 1776204439,
  "views": 19,
  "formatid": "gen9championsvgc2026regma",
  "rating": 1177,
  "private": 0,
  "password": null
}