{
  "id": "gen9championsvgc2026regma-2588016995",
  "format": "[Gen 9 Champions] VGC 2026 Reg M-A",
  "players": [
    "bjhhrtr",
    "MapsWithoutNZ"
  ],
  "log": "|j|\u2606bjhhrtr\n|j|\u2606MapsWithoutNZ\n|t:|1776593452\n|gametype|doubles\n|player|p1|bjhhrtr|1|1146\n|player|p2|MapsWithoutNZ|102|1117\n|gen|9\n|tier|[Gen 9 Champions] VGC 2026 Reg M-A\n|rated|\n|rule|Species Clause: Limit one of each Pok\u00e9mon\n|rule|Item Clause: Limit 1 of each item\n|clearpoke\n|poke|p1|Meganium, L50, F|\n|poke|p1|Archaludon, L50, M|\n|poke|p1|Aerodactyl, L50, F|\n|poke|p1|Typhlosion-Hisui, L50, F|\n|poke|p1|Tauros-Paldea-Aqua, L50, M|\n|poke|p1|Kangaskhan, L50, F|\n|poke|p2|Golurk, L50|\n|poke|p2|Farigiraf, L50, M|\n|poke|p2|Incineroar, L50, M|\n|poke|p2|Torkoal, L50, F|\n|poke|p2|Sneasler, L50, M|\n|poke|p2|Venusaur, L50, M|\n|teampreview|4\n|inactive|Battle timer is ON: inactive players will automatically lose when time's up. (requested by MapsWithoutNZ)\n|inactive|bjhhrtr has 60 seconds left.\n|\n|t:|1776593522\n|teamsize|p1|4\n|teamsize|p2|4\n|start\n|switch|p1a: Kangaskhan|Kangaskhan, L50, F|100/100\n|switch|p1b: Typhlosion|Typhlosion-Hisui, L50, F|100/100\n|switch|p2a: Farigiraf|Farigiraf, L50, M|100/100\n|switch|p2b: Incineroar|Incineroar, L50, M|100/100\n|-item|p2a: Farigiraf|Sitrus Berry|[from] ability: Frisk|[of] p1b: Typhlosion\n|-item|p2b: Incineroar|Shuca Berry|[from] ability: Frisk|[of] p1b: Typhlosion\n|-ability|p2b: Incineroar|Intimidate|boost\n|-fail|p1a: Kangaskhan|unboost|Attack|[from] ability: Inner Focus|[of] p1a: Kangaskhan\n|-unboost|p1b: Typhlosion|atk|1\n|turn|1\n|inactive|MapsWithoutNZ has 30 seconds left.\n|inactive|bjhhrtr has 30 seconds left.\n|inactive|MapsWithoutNZ has 20 seconds left.\n|\n|t:|1776593557\n|move|p1b: Typhlosion|Eruption|p2b: Incineroar|[spread] p2a,p2b\n|-resisted|p2b: Incineroar|1\n|-damage|p2a: Farigiraf|43/100\n|-damage|p2b: Incineroar|75/100\n|-enditem|p2a: Farigiraf|Sitrus Berry|[eat]\n|-heal|p2a: Farigiraf|68/100|[from] item: Sitrus Berry\n|move|p1a: Kangaskhan|Double-Edge|p2a: Farigiraf\n|-damage|p2a: Farigiraf|18/100\n|-damage|p1a: Kangaskhan|80/100|[from] Recoil\n|move|p2b: Incineroar|Parting Shot|p1b: Typhlosion\n|-unboost|p1b: Typhlosion|atk|1\n|-unboost|p1b: Typhlosion|spa|1\n|\n|t:|1776593574\n|switch|p2b: Golurk|Golurk, L50|100/100|[from] Parting Shot\n|move|p2a: Farigiraf|Trick Room|p2a: Farigiraf\n|-fieldstart|move: Trick Room|[of] p2a: Farigiraf\n|\n|upkeep\n|turn|2\n|\n|t:|1776593588\n|switch|p2a: Torkoal|Torkoal, L50, F|100/100\n|-weather|SunnyDay|[from] ability: Drought|[of] p2a: Torkoal\n|detailschange|p2b: Golurk|Golurk-Mega, L50\n|-mega|p2b: Golurk|Golurk|Golurkite\n|detailschange|p1a: Kangaskhan|Kangaskhan-Mega, L50, F\n|-mega|p1a: Kangaskhan|Kangaskhan|Kangaskhanite\n|move|p1a: Kangaskhan|Sucker Punch|p2b: Golurk\n|-supereffective|p2b: Golurk|1\n|-damage|p2b: Golurk|57/100\n|-supereffective|p2b: Golurk|1\n|-damage|p2b: Golurk|45/100\n|-hitcount|p2b: Golurk|2\n|move|p2b: Golurk|Poltergeist|p1b: Typhlosion\n|-activate|p1b: Typhlosion|move: Poltergeist|Choice Scarf\n|-supereffective|p1b: Typhlosion|1\n|-damage|p1b: Typhlosion|0 fnt\n|faint|p1b: Typhlosion\n|\n|-weather|SunnyDay|[upkeep]\n|upkeep\n|\n|t:|1776593605\n|switch|p1b: Tauros|Tauros-Paldea-Aqua, L50, M|100/100\n|-ability|p1b: Tauros|Intimidate|boost\n|-unboost|p2a: Torkoal|atk|1\n|-unboost|p2b: Golurk|atk|1\n|turn|3\n|inactive|MapsWithoutNZ has 30 seconds left.\n|inactive|bjhhrtr has 30 seconds left.\n|\n|t:|1776593640\n|switch|p2a: Farigiraf|Farigiraf, L50, M|18/100\n|move|p1a: Kangaskhan|Sucker Punch||[still]\n|cant|p2a: Farigiraf|ability: Armor Tail|Sucker Punch|[of] p1a: Kangaskhan\n|move|p2b: Golurk|Headlong Rush|p1a: Kangaskhan\n|-damage|p1a: Kangaskhan|25/100\n|-unboost|p2b: Golurk|def|1\n|-unboost|p2b: Golurk|spd|1\n|move|p1b: Tauros|Wave Crash|p2a: Farigiraf\n|-damage|p2a: Farigiraf|0 fnt\n|faint|p2a: Farigiraf\n|-damage|p1b: Tauros|92/100|[from] Recoil\n|\n|-weather|SunnyDay|[upkeep]\n|upkeep\n|\n|t:|1776593655\n|switch|p2a: Incineroar|Incineroar, L50, M|75/100\n|-ability|p2a: Incineroar|Intimidate|boost\n|-unboost|p1a: Kangaskhan|atk|1\n|-unboost|p1b: Tauros|atk|1\n|-enditem|p1b: Tauros|White Herb\n|-clearnegativeboost|p1b: Tauros|[silent]\n|turn|4\n|\n|t:|1776593672\n|move|p2a: Incineroar|Fake Out|p1a: Kangaskhan\n|-damage|p1a: Kangaskhan|15/100\n|cant|p1a: Kangaskhan|flinch\n|move|p2b: Golurk|Headlong Rush|p1b: Tauros\n|-damage|p1b: Tauros|32/100\n|-unboost|p2b: Golurk|def|1\n|-unboost|p2b: Golurk|spd|1\n|move|p1b: Tauros|Wave Crash|p2a: Incineroar\n|-supereffective|p2a: Incineroar|1\n|-damage|p2a: Incineroar|29/100\n|-damage|p1b: Tauros|12/100|[from] Recoil\n|\n|-weather|SunnyDay|[upkeep]\n|upkeep\n|turn|5\n|inactive|MapsWithoutNZ has 30 seconds left.\n|\n|t:|1776593699\n|switch|p2b: Torkoal|Torkoal, L50, F|100/100\n|move|p1b: Tauros|Protect|p1b: Tauros\n|-singleturn|p1b: Tauros|Protect\n|move|p1a: Kangaskhan|Sucker Punch||[still]\n|-fail|p1a: Kangaskhan\n|move|p2a: Incineroar|Flare Blitz|p1a: Kangaskhan\n|-damage|p1a: Kangaskhan|0 fnt\n|faint|p1a: Kangaskhan\n|-damage|p2a: Incineroar|25/100|[from] Recoil\n|\n|-weather|SunnyDay|[upkeep]\n|-fieldend|move: Trick Room\n|upkeep\n|\n|t:|1776593711\n|switch|p1a: Aerodactyl|Aerodactyl, L50, F|100/100\n|-ability|p1a: Aerodactyl|Unnerve\n|turn|6\n|\n|t:|1776593733\n|move|p2b: Torkoal|Protect|p2b: Torkoal\n|-singleturn|p2b: Torkoal|Protect\n|move|p1a: Aerodactyl|Rock Slide|p2b: Torkoal|[spread] p2a\n|-activate|p2b: Torkoal|move: Protect\n|-supereffective|p2a: Incineroar|1\n|-damage|p2a: Incineroar|0 fnt\n|faint|p2a: Incineroar\n|move|p1b: Tauros|Wave Crash|p2b: Torkoal\n|-activate|p2b: Torkoal|move: Protect\n|\n|-weather|none\n|upkeep\n|\n|t:|1776593739\n|switch|p2a: Golurk|Golurk-Mega, L50|45/100\n|turn|7\n|\n|t:|1776593761\n|move|p1a: Aerodactyl|Rock Slide|p2b: Torkoal|[spread] p2a,p2b\n|-resisted|p2a: Golurk|1\n|-supereffective|p2b: Torkoal|1\n|-damage|p2a: Golurk|33/100\n|-damage|p2b: Torkoal|56/100\n|move|p1b: Tauros|Wave Crash|p2a: Golurk\n|-supereffective|p2a: Golurk|1\n|-damage|p2a: Golurk|0 fnt\n|faint|p2a: Golurk\n|-damage|p1b: Tauros|0 fnt|[from] Recoil\n|faint|p1b: Tauros\n|move|p2b: Torkoal|Heat Wave|p1a: Aerodactyl\n|-resisted|p1a: Aerodactyl|1\n|-damage|p1a: Aerodactyl|68/100\n|\n|upkeep\n|turn|8\n|\n|t:|1776593774\n|move|p1a: Aerodactyl|Rock Slide|p2b: Torkoal\n|-supereffective|p2b: Torkoal|1\n|-damage|p2b: Torkoal|0 fnt\n|faint|p2b: Torkoal\n|\n|win|bjhhrtr\n|raw|bjhhrtr's rating: 1146 &rarr; <strong>1169</strong><br />(+23 for winning)\n|raw|MapsWithoutNZ's rating: 1117 &rarr; <strong>1094</strong><br />(-23 for losing)\n|l|\u2606MapsWithoutNZ\n|player|p2|\n",
  "uploadtime": 1776593778,
  "views": 8,
  "formatid": "gen9championsvgc2026regma",
  "rating": 1094,
  "private": 0,
  "password": null
}