{
  "id": "gen9championsvgc2026regma-2581026205",
  "format": "[Gen 9 Champions] VGC 2026 Reg M-A",
  "players": [
    "cartaguito21",
    "pakman34613"
  ],
  "log": "|j|\u2606cartaguito21\n|j|\u2606pakman34613\n|t:|1775952934\n|gametype|doubles\n|player|p1|cartaguito21|101|1171\n|player|p2|pakman34613|170|1191\n|gen|9\n|tier|[Gen 9 Champions] VGC 2026 Reg M-A\n|rated|\n|rule|Species Clause: Limit one of each Pok\u00e9mon\n|rule|Item Clause: Limit 1 of each item\n|clearpoke\n|poke|p1|Glimmora, L50, M|\n|poke|p1|Incineroar, L50, M|\n|poke|p1|Garchomp, L50, M|\n|poke|p1|Rotom-Wash, L50|\n|poke|p1|Whimsicott, L50, F|\n|poke|p1|Aegislash, L50, F|\n|poke|p2|Charizard, L50, M|\n|poke|p2|Venusaur, L50, M|\n|poke|p2|Pelipper, L50, M|\n|poke|p2|Basculegion, L50, M|\n|poke|p2|Meowstic, L50, M|\n|poke|p2|Alakazam, L50, F|\n|teampreview|4\n|\n|t:|1775952966\n|teamsize|p1|4\n|teamsize|p2|4\n|start\n|switch|p1a: Rotom|Rotom-Wash, L50|100/100\n|switch|p1b: Whimsicott|Whimsicott, L50, F|100/100\n|switch|p2a: Pelipper|Pelipper, L50, M|100/100\n|switch|p2b: Basculegion|Basculegion, L50, M|100/100\n|-weather|RainDance|[from] ability: Drizzle|[of] p2a: Pelipper\n|turn|1\n|inactive|Battle timer is ON: inactive players will automatically lose when time's up. (requested by cartaguito21)\n|\n|t:|1775953014\n|move|p1b: Whimsicott|Tailwind|p1b: Whimsicott\n|-sidestart|p1: cartaguito21|move: Tailwind\n|move|p2b: Basculegion|Wave Crash|p1a: Rotom\n|-resisted|p1a: Rotom|1\n|-damage|p1a: Rotom|53/100\n|-damage|p2b: Basculegion|88/100|[from] Recoil\n|move|p1a: Rotom|Electroweb|p2b: Basculegion|[spread] p2a,p2b\n|-supereffective|p2a: Pelipper|2\n|-supereffective|p2b: Basculegion|1\n|-damage|p2a: Pelipper|0 fnt\n|-damage|p2b: Basculegion|42/100\n|-unboost|p2b: Basculegion|spe|1\n|faint|p2a: Pelipper\n|-enditem|p2b: Basculegion|White Herb\n|-clearnegativeboost|p2b: Basculegion|[silent]\n|\n|-weather|RainDance|[upkeep]\n|upkeep\n|\n|t:|1775953026\n|switch|p2a: Meowstic|Meowstic, L50, M|100/100\n|turn|2\n|\n|t:|1775953042\n|move|p2b: Basculegion|Aqua Jet|p1a: Rotom\n|-resisted|p1a: Rotom|1\n|-damage|p1a: Rotom|36/100\n|-enditem|p1a: Rotom|Sitrus Berry|[eat]\n|-heal|p1a: Rotom|61/100|[from] item: Sitrus Berry\n|move|p1b: Whimsicott|Moonblast|p2a: Meowstic\n|-damage|p2a: Meowstic|54/100\n|move|p1a: Rotom|Electroweb|p2b: Basculegion|[spread] p2a,p2b\n|-supereffective|p2b: Basculegion|1\n|-damage|p2a: Meowstic|29/100\n|-damage|p2b: Basculegion|0 fnt\n|-unboost|p2a: Meowstic|spe|1\n|faint|p2b: Basculegion\n|move|p2a: Meowstic|Trick Room|p2a: Meowstic\n|-fieldstart|move: Trick Room|[of] p2a: Meowstic\n|\n|-weather|RainDance|[upkeep]\n|upkeep\n|\n|t:|1775953044\n|switch|p2b: Alakazam|Alakazam, L50, F|100/100\n|turn|3\n|\n|t:|1775953062\n|detailschange|p2b: Alakazam|Alakazam-Mega, L50, F\n|-mega|p2b: Alakazam|Alakazam|Alakazite\n|-ability|p2b: Alakazam|Prankster|Trace|[from] ability: Trace|[of] p1b: Whimsicott\n|move|p2a: Meowstic|Psychic Terrain|p2a: Meowstic\n|-fieldstart|move: Psychic Terrain\n|move|p1b: Whimsicott|Encore|p2a: Meowstic\n|-activate|p2a: Meowstic|move: Psychic Terrain\n|move|p1a: Rotom|Thunderbolt|p2a: Meowstic\n|-damage|p2a: Meowstic|0 fnt\n|faint|p2a: Meowstic\n|move|p2b: Alakazam|Expanding Force|p1b: Whimsicott|[spread] p1a,p1b\n|-crit|p1b: Whimsicott\n|-damage|p1a: Rotom|0 fnt\n|-enditem|p1b: Whimsicott|Focus Sash\n|-damage|p1b: Whimsicott|1/100\n|faint|p1a: Rotom\n|\n|-weather|RainDance|[upkeep]\n|upkeep\n|\n|t:|1775953074\n|switch|p1a: Garchomp|Garchomp, L50, M|100/100\n|turn|4\n|\n|t:|1775953084\n|move|p1b: Whimsicott|Protect|p1b: Whimsicott\n|-singleturn|p1b: Whimsicott|Protect\n|move|p2b: Alakazam|Expanding Force|p1b: Whimsicott|[spread] p1a\n|-activate|p1b: Whimsicott|move: Protect\n|-damage|p1a: Garchomp|20/100\n|move|p1a: Garchomp|Dragon Claw|p2b: Alakazam\n|-damage|p2b: Alakazam|21/100\n|\n|-weather|RainDance|[upkeep]\n|-sideend|p1: cartaguito21|move: Tailwind\n|upkeep\n|turn|5\n|-message|pakman34613 forfeited.\n|\n|win|cartaguito21\n|raw|cartaguito21's rating: 1171 &rarr; <strong>1197</strong><br />(+26 for winning)\n|raw|pakman34613's rating: 1191 &rarr; <strong>1165</strong><br />(-26 for losing)\n|l|\u2606pakman34613\n|player|p2|\n",
  "uploadtime": 1775953128,
  "views": 23,
  "formatid": "gen9championsvgc2026regma",
  "rating": 1165,
  "private": 0,
  "password": null
}