{
  "id": "gen9championsvgc2026regma-2586640797",
  "format": "[Gen 9 Champions] VGC 2026 Reg M-A",
  "players": [
    "king vong",
    "fizzy_froggy"
  ],
  "log": "|j|\u2606king vong\n|j|\u2606fizzy_froggy\n|t:|1776448783\n|gametype|doubles\n|player|p1|king vong|265|1044\n|player|p2|fizzy_froggy|2|1025\n|gen|9\n|tier|[Gen 9 Champions] VGC 2026 Reg M-A\n|rated|\n|rule|Species Clause: Limit one of each Pok\u00e9mon\n|rule|Item Clause: Limit 1 of each item\n|clearpoke\n|poke|p1|Glimmora, L50, F|\n|poke|p1|Ninetales-Alola, L50, F|\n|poke|p1|Corviknight, L50, F|\n|poke|p1|Garchomp, L50, M|\n|poke|p1|Volcarona, L50, M|\n|poke|p1|Gyarados, L50, F|\n|poke|p2|Aegislash, L50, M|\n|poke|p2|Aerodactyl, L50, M|\n|poke|p2|Rotom-Wash, L50|\n|poke|p2|Torterra, L50, M|\n|poke|p2|Crabominable, L50, M|\n|poke|p2|Meowscarada, L50, M|\n|teampreview|4\nfizzy_froggy rejected open team sheets.\n|\n|t:|1776448808\n|teamsize|p1|4\n|teamsize|p2|4\n|start\n|switch|p1a: Garchomp|Garchomp, L50, M|100/100\n|switch|p1b: Ninetales|Ninetales-Alola, L50, F|100/100\n|switch|p2a: Crabominable|Crabominable, L50, M|100/100\n|switch|p2b: Meowscarada|Meowscarada, L50, M|100/100\n|-weather|Snowscape|[from] ability: Snow Warning|[of] p1b: Ninetales\n|turn|1\n|\n|t:|1776448838\n|switch|p1a: Corviknight|Corviknight, L50, F|100/100\n|move|p1b: Ninetales|Protect|p1b: Ninetales\n|-singleturn|p1b: Ninetales|Protect\n|move|p2b: Meowscarada|Flower Trick|p2a: Crabominable\n|-start|p2b: Meowscarada|typechange|Grass|[from] ability: Protean\n|-crit|p2a: Crabominable\n|-damage|p2a: Crabominable|76/100\n|-setboost|p2a: Crabominable|atk|6|[from] ability: Anger Point\n|move|p2a: Crabominable|Ice Spinner|p1a: Corviknight\n|-damage|p1a: Corviknight|0 fnt\n|faint|p1a: Corviknight\n|\n|-weather|Snowscape|[upkeep]\n|upkeep\n|\n|t:|1776448880\n|switch|p1a: Garchomp|Garchomp, L50, M|100/100\n|turn|2\n|\n|t:|1776448914\n|detailschange|p2a: Crabominable|Crabominable-Mega, L50, M\n|-mega|p2a: Crabominable|Crabominable|Crabominite\n|move|p1a: Garchomp|Stomping Tantrum|p2a: Crabominable\n|-damage|p2a: Crabominable|53/100\n|move|p2b: Meowscarada|Psych Up|p2a: Crabominable\n|-copyboost|p2b: Meowscarada|p2a: Crabominable|[from] move: Psych Up\n|move|p1b: Ninetales|Blizzard|p2a: Crabominable|[spread] p2a,p2b\n|-resisted|p2a: Crabominable|1\n|-supereffective|p2b: Meowscarada|1\n|-damage|p2a: Crabominable|38/100\n|-damage|p2b: Meowscarada|19/100\n|-enditem|p2b: Meowscarada|Sitrus Berry|[eat]\n|-heal|p2b: Meowscarada|43/100|[from] item: Sitrus Berry\n|move|p2a: Crabominable|Drain Punch|p1b: Ninetales\n|-enditem|p1b: Ninetales|Focus Sash\n|-damage|p1b: Ninetales|1/100\n|-heal|p2a: Crabominable|82/100|[from] drain|[of] p1b: Ninetales\n|\n|-weather|Snowscape|[upkeep]\n|upkeep\n|turn|3\n|\n|t:|1776448952\n|move|p2b: Meowscarada|Protect|p2b: Meowscarada\n|-singleturn|p2b: Meowscarada|Protect\n|move|p1a: Garchomp|Stomping Tantrum|p2b: Meowscarada\n|-activate|p2b: Meowscarada|move: Protect\n|move|p1b: Ninetales|Aurora Veil|p1b: Ninetales\n|-sidestart|p1: king vong|move: Aurora Veil\n|move|p2a: Crabominable|Ice Spinner|p1a: Garchomp\n|-supereffective|p1a: Garchomp|2\n|-damage|p1a: Garchomp|0 fnt\n|-damage|p2a: Crabominable|69/100|[from] ability: Rough Skin|[of] p1a: Garchomp\n|faint|p1a: Garchomp\n|\n|-weather|Snowscape|[upkeep]\n|upkeep\n|\n|t:|1776448967\n|switch|p1a: Glimmora|Glimmora, L50, F|100/100\n|turn|4\n|\n|t:|1776448994\n|detailschange|p1a: Glimmora|Glimmora-Mega, L50, F\n|-mega|p1a: Glimmora|Glimmora|Glimmoranite\n|move|p1b: Ninetales|Protect|p1b: Ninetales\n|-singleturn|p1b: Ninetales|Protect\n|move|p2b: Meowscarada|Skill Swap|p2a: Crabominable\n|-activate|p2b: Meowscarada|Skill Swap|||[of] p2a: Crabominable\n|move|p1a: Glimmora|Sludge Bomb|p2b: Meowscarada\n|-supereffective|p2b: Meowscarada|1\n|-damage|p2b: Meowscarada|0 fnt\n|faint|p2b: Meowscarada\n|move|p2a: Crabominable|Drain Punch|p1a: Glimmora\n|-start|p2a: Crabominable|typechange|Fighting|[from] ability: Protean\n|-damage|p1a: Glimmora|0 fnt\n|-heal|p2a: Crabominable|100/100|[from] drain|[of] p1a: Glimmora\n|faint|p1a: Glimmora\n|\n|-weather|Snowscape|[upkeep]\n|upkeep\n|\n|t:|1776449020\n|switch|p2b: Justice|Aegislash, L50, M|100/100\n|turn|5\n|\n|t:|1776449031\n|move|p2a: Crabominable|Protect|p2a: Crabominable\n|-singleturn|p2a: Crabominable|Protect\n|move|p1b: Ninetales|Blizzard|p2b: Justice|[spread] p2b\n|-activate|p2a: Crabominable|move: Protect\n|-resisted|p2b: Justice|1\n|-damage|p2b: Justice|85/100\n|-status|p2b: Justice|frz\n|cant|p2b: Justice|frz\n|\n|-weather|none\n|-heal|p2b: Justice|91/100 frz|[from] item: Leftovers\n|upkeep\n|turn|6\n|\n|t:|1776449045\n|move|p1b: Ninetales|Encore|p2a: Crabominable\n|-start|p2a: Crabominable|Encore\n|move|p2a: Crabominable|Protect|p2a: Crabominable\n|-singleturn|p2a: Crabominable|Protect\n|cant|p2b: Justice|frz\n|\n|-heal|p2b: Justice|97/100 frz|[from] item: Leftovers\n|upkeep\n|turn|7\n|\n|t:|1776449057\n|move|p2a: Crabominable|Protect|p2a: Crabominable\n|-singleturn|p2a: Crabominable|Protect\n|move|p1b: Ninetales|Blizzard|p2b: Justice|[spread] \n|-activate|p2a: Crabominable|move: Protect\n|-miss|p1b: Ninetales|p2b: Justice\n|-curestatus|p2b: Justice|frz|[msg]\n|-formechange|p2b: Justice|Aegislash-Blade|\n|move|p2b: Justice|Iron Head|p1b: Ninetales\n|-supereffective|p1b: Ninetales|2\n|-damage|p1b: Ninetales|0 fnt\n|faint|p1b: Ninetales\n|\n|win|fizzy_froggy\n|raw|king vong's rating: 1044 &rarr; <strong>1026</strong><br />(-18 for losing)\n|raw|fizzy_froggy's rating: 1025 &rarr; <strong>1063</strong><br />(+38 for winning)\n|l|\u2606king vong\n|player|p1|\n",
  "uploadtime": 1776449076,
  "views": 28,
  "formatid": "gen9championsvgc2026regma",
  "rating": 1026,
  "private": 0,
  "password": null
}