{
  "id": "gen9championsvgc2026regma-2583957034",
  "format": "[Gen 9 Champions] VGC 2026 Reg M-A",
  "players": [
    "charlesdobronxsa",
    "dinodex_3"
  ],
  "log": "|j|\u2606charlesdobronxsa\n|j|\u2606dinodex_3\n|t:|1776211685\n|gametype|doubles\n|player|p1|charlesdobronxsa|266|1051\n|player|p2|dinodex_3|blue|1058\n|gen|9\n|tier|[Gen 9 Champions] VGC 2026 Reg M-A\n|rated|\n|rule|Species Clause: Limit one of each Pok\u00e9mon\n|rule|Item Clause: Limit 1 of each item\n|clearpoke\n|poke|p1|Starmie, L50|\n|poke|p1|Pelipper, L50, M|\n|poke|p1|Incineroar, L50, F|\n|poke|p1|Sinistcha, L50|\n|poke|p1|Aggron, L50, M|\n|poke|p1|Basculegion, L50, M|\n|poke|p2|Slowbro, L50, M|\n|poke|p2|Sinistcha, L50|\n|poke|p2|Incineroar, L50, M|\n|poke|p2|Aerodactyl, L50, F|\n|poke|p2|Aegislash, L50, M|\n|poke|p2|Garchomp, L50, M|\n|teampreview|4\n|\n|t:|1776211713\n|teamsize|p1|4\n|teamsize|p2|4\n|start\n|switch|p1a: Starmie|Starmie, L50|100/100\n|switch|p1b: Incineroar|Incineroar, L50, F|100/100\n|switch|p2a: Slowbro|Slowbro, L50, M|100/100\n|switch|p2b: Sinistcha|Sinistcha, L50|100/100\n|-ability|p1b: Incineroar|Intimidate|boost\n|-fail|p2a: Slowbro|unboost|Attack|[from] ability: Oblivious|[of] p2a: Slowbro\n|-unboost|p2b: Sinistcha|atk|1\n|turn|1\n|\n|t:|1776211735\n|switch|p1a: Aggron|Aggron, L50, M|100/100\n|switch|p2a: Incineroar|Incineroar, L50, M|100/100\n|-ability|p2a: Incineroar|Intimidate|boost\n|-unboost|p1a: Aggron|atk|1\n|-unboost|p1b: Incineroar|atk|1\n|move|p1b: Incineroar|Darkest Lariat|p2a: Incineroar\n|-resisted|p2a: Incineroar|1\n|-damage|p2a: Incineroar|91/100\n|move|p2b: Sinistcha|Trick Room|p2b: Sinistcha\n|-fieldstart|move: Trick Room|[of] p2b: Sinistcha\n|\n|upkeep\n|turn|2\n|\n|t:|1776211773\n|switch|p2b: Slowbro|Slowbro, L50, M|100/100\n|detailschange|p1a: Aggron|Aggron-Mega, L50, M\n|-mega|p1a: Aggron|Aggron|Aggronite\n|move|p1a: Aggron|Body Press|p2a: Incineroar\n|-supereffective|p2a: Incineroar|1\n|-damage|p2a: Incineroar|25/100\n|move|p2a: Incineroar|Parting Shot|p1a: Aggron\n|-unboost|p1a: Aggron|atk|1\n|-unboost|p1a: Aggron|spa|1\n|\n|t:|1776211782\n|switch|p2a: Sinistcha|Sinistcha, L50|100/100|[from] Parting Shot\n|move|p1b: Incineroar|Darkest Lariat|p2b: Slowbro\n|-supereffective|p2b: Slowbro|1\n|-damage|p2b: Slowbro|69/100\n|\n|upkeep\n|turn|3\n|\n|t:|1776211805\n|detailschange|p2b: Slowbro|Slowbro-Mega, L50, M\n|-mega|p2b: Slowbro|Slowbro|Slowbronite\n|move|p2a: Sinistcha|Rage Powder|p2a: Sinistcha\n|-singleturn|p2a: Sinistcha|move: Rage Powder\n|move|p2b: Slowbro|Iron Defense|p2b: Slowbro\n|-boost|p2b: Slowbro|def|2\n|move|p1a: Aggron|Iron Defense|p1a: Aggron\n|-boost|p1a: Aggron|def|2\n|move|p1b: Incineroar|Darkest Lariat|p2a: Sinistcha\n|-supereffective|p2a: Sinistcha|1\n|-crit|p2a: Sinistcha\n|-damage|p2a: Sinistcha|24/100\n|-enditem|p2a: Sinistcha|Sitrus Berry|[eat]\n|-heal|p2a: Sinistcha|49/100|[from] item: Sitrus Berry\n|\n|upkeep\n|turn|4\n|\n|t:|1776211830\n|switch|p2a: Incineroar|Incineroar, L50, M|25/100\n|-ability|p2a: Incineroar|Intimidate|boost\n|-unboost|p1a: Aggron|atk|1\n|-unboost|p1b: Incineroar|atk|1\n|move|p2b: Slowbro|Body Press|p1b: Incineroar\n|-supereffective|p1b: Incineroar|1\n|-damage|p1b: Incineroar|0 fnt\n|faint|p1b: Incineroar\n|move|p1a: Aggron|Heavy Slam|p2a: Incineroar\n|-resisted|p2a: Incineroar|1\n|-damage|p2a: Incineroar|18/100\n|\n|upkeep\n|\n|t:|1776211841\n|switch|p1b: Starmie|Starmie, L50|100/100\n|turn|5\n|\n|t:|1776211889\n|move|p2a: Incineroar|Fake Out|p1b: Starmie\n|-damage|p1b: Starmie|84/100\n|move|p2b: Slowbro|Scald|p1a: Aggron\n|-damage|p1a: Aggron|71/100\n|move|p1a: Aggron|Body Press|p2a: Incineroar\n|-supereffective|p2a: Incineroar|1\n|-damage|p2a: Incineroar|0 fnt\n|faint|p2a: Incineroar\n|cant|p1b: Starmie|flinch\n|\n|-fieldend|move: Trick Room\n|upkeep\n|\n|t:|1776211900\n|switch|p2a: Sinistcha|Sinistcha, L50|49/100\n|-heal|p2b: Slowbro|94/100|[from] ability: Hospitality|[of] p2a: Sinistcha\n|turn|6\n|\n|t:|1776211921\n|move|p2a: Sinistcha|Rage Powder|p2a: Sinistcha\n|-singleturn|p2a: Sinistcha|move: Rage Powder\n|move|p1b: Starmie|Zen Headbutt|p2a: Sinistcha\n|-damage|p2a: Sinistcha|27/100\n|move|p1a: Aggron|Iron Defense|p1a: Aggron\n|-boost|p1a: Aggron|def|2\n|move|p2b: Slowbro|Trick Room|p2b: Slowbro\n|-fieldstart|move: Trick Room|[of] p2b: Slowbro\n|\n|upkeep\n|turn|7\n|\n|t:|1776211934\n|move|p2b: Slowbro|Scald|p1a: Aggron\n|-damage|p1a: Aggron|38/100\n|move|p1a: Aggron|Heavy Slam|p2a: Sinistcha\n|-damage|p2a: Sinistcha|8/100\n|move|p2a: Sinistcha|Matcha Gotcha|p1a: Aggron|[spread] p1a,p1b\n|-resisted|p1a: Aggron|1\n|-supereffective|p1b: Starmie|1\n|-damage|p1a: Aggron|28/100\n|-heal|p2a: Sinistcha|13/100|[from] drain|[of] p1a: Aggron\n|-damage|p1b: Starmie|12/100\n|-heal|p2a: Sinistcha|41/100|[from] drain|[of] p1b: Starmie\n|move|p1b: Starmie|Zen Headbutt|p2b: Slowbro\n|-resisted|p2b: Slowbro|1\n|-damage|p2b: Slowbro|90/100\n|\n|upkeep\n|turn|8\n|\n|t:|1776211968\n|switch|p2a: Aegislash|Aegislash, L50, M|100/100\n|switch|p1b: Pelipper|Pelipper, L50, M|100/100\n|-weather|RainDance|[from] ability: Drizzle|[of] p1b: Pelipper\n|move|p2b: Slowbro|Scald|p1a: Aggron\n|-damage|p1a: Aggron|0 fnt\n|faint|p1a: Aggron\n|\n|-weather|RainDance|[upkeep]\n|upkeep\n|\n|t:|1776211979\n|switch|p1a: Starmie|Starmie, L50|12/100\n|turn|9\n|\n|t:|1776212008\n|move|p2b: Slowbro|Body Press|p1a: Starmie\n|-resisted|p1a: Starmie|1\n|-damage|p1a: Starmie|0 fnt\n|faint|p1a: Starmie\n|-formechange|p2a: Aegislash|Aegislash-Blade|\n|move|p2a: Aegislash|Shadow Ball|p1b: Pelipper\n|-damage|p1b: Pelipper|52/100\n|move|p1b: Pelipper|Weather Ball|p2a: Aegislash\n|-damage|p2a: Aegislash|39/100\n|\n|-weather|RainDance|[upkeep]\n|upkeep\n|turn|10\n|\n|t:|1776212043\n|move|p2b: Slowbro|Body Press|p1b: Pelipper\n|-resisted|p1b: Pelipper|1\n|-damage|p1b: Pelipper|10/100\n|move|p2a: Aegislash|Shadow Ball|p1b: Pelipper\n|-damage|p1b: Pelipper|0 fnt\n|faint|p1b: Pelipper\n|\n|win|dinodex_3\n|raw|charlesdobronxsa's rating: 1051 &rarr; <strong>1034</strong><br />(-17 for losing)\n|raw|dinodex_3's rating: 1058 &rarr; <strong>1089</strong><br />(+31 for winning)\n",
  "uploadtime": 1776212050,
  "views": 13,
  "formatid": "gen9championsvgc2026regma",
  "rating": 1034,
  "private": 0,
  "password": null
}