{
  "id": "gen9championsvgc2026regma-2586642414",
  "format": "[Gen 9 Champions] VGC 2026 Reg M-A",
  "players": [
    "Smirkc_01",
    "AshPikachuu"
  ],
  "log": "|j|\u2606Smirkc_01\n|j|\u2606AshPikachuu\n|t:|1776448896\n|gametype|doubles\n|player|p1|Smirkc_01|veteran|\n|player|p2|AshPikachuu|hugh|\n|gen|9\n|tier|[Gen 9 Champions] VGC 2026 Reg M-A\n|rated|Tournament battle\n|rule|Species Clause: Limit one of each Pok\u00e9mon\n|rule|Item Clause: Limit 1 of each item\n|raw|<div class=\"infobox\"><details class=\"readmore\" open><summary><strong>1 custom rule:</strong></summary> Force Open Team Sheets</details></div>\n|clearpoke\n|poke|p1|Gardevoir, L50, M|\n|poke|p1|Kingambit, L50, F|\n|poke|p1|Sneasler, L50, F|\n|poke|p1|Aerodactyl, L50, F|\n|poke|p1|Incineroar, L50, M|\n|poke|p1|Sinistcha, L50|\n|poke|p2|Incineroar, L50, M|\n|poke|p2|Whimsicott, L50, F|\n|poke|p2|Blastoise, L50, F|\n|poke|p2|Farigiraf, L50, M|\n|poke|p2|Aegislash, L50, M|\n|poke|p2|Dragonite, L50, F|\n|teampreview|4\n|showteam|p1|Gardevoir||Gardevoirite|Synchronize|HyperVoice,Psychic,CalmMind,Protect|||M|||50|]Kingambit||QuickClaw|Defiant|KowtowCleave,SuckerPunch,IronHead,Protect|||F|||50|]Sneasler||WhiteHerb|Unburden|CloseCombat,DireClaw,FakeOut,Protect|||F|||50|]Aerodactyl||FocusSash|Unnerve|RockSlide,DualWingbeat,Tailwind,Protect|||F|||50|]Incineroar||SitrusBerry|Intimidate|FlareBlitz,ThroatChop,FakeOut,PartingShot|||M|||50|]Sinistcha||MiracleSeed|Hospitality|MatchaGotcha,RagePowder,TrickRoom,Protect||||||50|\n|showteam|p2|Incineroar||SitrusBerry|Intimidate|FakeOut,PartingShot,FlareBlitz,Snarl|||M|||50|]Whimsicott||FocusSash|Prankster|Tailwind,Encore,Moonblast,Protect|||F|||50|]Blastoise||Blastoisinite|Torrent|WaterSpout,DarkPulse,AuraSphere,Protect|||F|||50|]Farigiraf||MentalHerb|ArmorTail|HelpingHand,DazzlingGleam,TrickRoom,Psychic|||M|||50|]Aegislash||Leftovers|StanceChange|ShadowBall,CloseCombat,KingsShield,FlashCannon|||M|||50|]Dragonite||Dragoninite|Multiscale|ScaleShot,Protect,Tailwind,Haze|||F|||50|\n|inactive|Battle timer is ON: inactive players will automatically lose when time's up. (requested by AshPikachuu)\n|inactive|Smirkc_01 also wants the timer to be on.\n|inactive|Smirkc_01 has 60 seconds left.\n|\n|t:|1776448933\n|teamsize|p1|4\n|teamsize|p2|4\n|start\n|switch|p1a: Gardevoir|Gardevoir, L50, M, shiny|100/100\n|switch|p1b: Sinistcha|Sinistcha, L50|100/100\n|switch|p2a: Whimsicott|Whimsicott, L50, F|100/100\n|switch|p2b: Aegislash|Aegislash, L50, M|100/100\n|turn|1\n|inactive|AshPikachuu has 30 seconds left.\n|inactive|AshPikachuu has 20 seconds left.\n|inactive|AshPikachuu has 15 seconds left.\n|inactive|AshPikachuu has 10 seconds left.\n|inactive|AshPikachuu has 5 seconds left.\n|\n|t:|1776448984\n|detailschange|p1a: Gardevoir|Gardevoir-Mega, L50, M, shiny\n|-mega|p1a: Gardevoir|Gardevoir|Gardevoirite\n|move|p1b: Sinistcha|Rage Powder|p1b: Sinistcha\n|-singleturn|p1b: Sinistcha|move: Rage Powder\n|move|p2a: Whimsicott|Tailwind|p2a: Whimsicott\n|-sidestart|p2: AshPikachuu|move: Tailwind\n|-formechange|p2b: Aegislash|Aegislash-Blade|\n|move|p2b: Aegislash|Shadow Ball|p1b: Sinistcha\n|-supereffective|p1b: Sinistcha|1\n|-damage|p1b: Sinistcha|8/100\n|-unboost|p1b: Sinistcha|spd|1\n|move|p1a: Gardevoir|Calm Mind|p1a: Gardevoir\n|-boost|p1a: Gardevoir|spa|1\n|-boost|p1a: Gardevoir|spd|1\n|\n|upkeep\n|turn|2\n|inactive|Smirkc_01 has 30 seconds left.\n|inactive|AshPikachuu has 30 seconds left.\n|inactive|AshPikachuu has 20 seconds left.\n|inactive|AshPikachuu has 15 seconds left.\n|\n|t:|1776449026\n|switch|p1b: Incineroar|Incineroar, L50, M|100/100\n|-ability|p1b: Incineroar|Intimidate|boost\n|-unboost|p2a: Whimsicott|atk|1\n|-unboost|p2b: Aegislash|atk|1\n|move|p1a: Gardevoir|Protect|p1a: Gardevoir\n|-singleturn|p1a: Gardevoir|Protect\n|move|p2a: Whimsicott|Encore|p1a: Gardevoir\n|-activate|p1a: Gardevoir|move: Protect\n|move|p2b: Aegislash|Shadow Ball|p1b: Incineroar\n|-resisted|p1b: Incineroar|1\n|-damage|p1b: Incineroar|79/100\n|\n|upkeep\n|turn|3\n|j| ido1234567890\n|inactive|AshPikachuu has 30 seconds left.\n|inactive|AshPikachuu has 20 seconds left.\n|\n|t:|1776449061\n|move|p2a: Whimsicott|Protect|p2a: Whimsicott\n|-singleturn|p2a: Whimsicott|Protect\n|move|p1b: Incineroar|Fake Out|p2a: Whimsicott\n|-activate|p2a: Whimsicott|move: Protect\n|move|p2b: Aegislash|Shadow Ball|p1a: Gardevoir\n|-supereffective|p1a: Gardevoir|1\n|-damage|p1a: Gardevoir|51/100\n|move|p1a: Gardevoir|Hyper Voice|p2a: Whimsicott|[spread] p2b\n|-activate|p2a: Whimsicott|move: Protect\n|-resisted|p2b: Aegislash|1\n|-damage|p2b: Aegislash|39/100\n|\n|-heal|p2b: Aegislash|45/100|[from] item: Leftovers\n|upkeep\n|turn|4\n|inactive|Smirkc_01 has 30 seconds left.\n|inactive|AshPikachuu has 30 seconds left.\n|j| venson04\n|inactive|AshPikachuu has 20 seconds left.\n|\n|t:|1776449097\n|switch|p1b: Sinistcha|Sinistcha, L50|8/100\n|-heal|p1a: Gardevoir|76/100|[from] ability: Hospitality|[of] p1b: Sinistcha\n|move|p2a: Whimsicott|Moonblast|p1b: Sinistcha\n|-damage|p1b: Sinistcha|0 fnt\n|faint|p1b: Sinistcha\n|move|p2b: Aegislash|Shadow Ball|p1a: Gardevoir\n|-supereffective|p1a: Gardevoir|1\n|-damage|p1a: Gardevoir|26/100\n|-unboost|p1a: Gardevoir|spd|1\n|move|p1a: Gardevoir|Hyper Voice|p2a: Whimsicott|[spread] p2a,p2b\n|-resisted|p2b: Aegislash|1\n|-enditem|p2a: Whimsicott|Focus Sash\n|-damage|p2a: Whimsicott|1/100\n|-damage|p2b: Aegislash|0 fnt\n|faint|p2b: Aegislash\n|\n|-sideend|p2: AshPikachuu|move: Tailwind\n|upkeep\n|j|@thacrow\n|\n|t:|1776449119\n|switch|p1b: Incineroar|Incineroar, L50, M|79/100\n|switch|p2b: Farigiraf|Farigiraf, L50, M|100/100\n|-ability|p1b: Incineroar|Intimidate|boost\n|-unboost|p2a: Whimsicott|atk|1\n|-unboost|p2b: Farigiraf|atk|1\n|turn|5\n|\n|t:|1776449134\n|move|p2a: Whimsicott|Tailwind|p2a: Whimsicott\n|-sidestart|p2: AshPikachuu|move: Tailwind\n|move|p2b: Farigiraf|Dazzling Gleam|p1a: Gardevoir|[spread] p1a,p1b\n|-damage|p1a: Gardevoir|15/100\n|-damage|p1b: Incineroar|64/100\n|move|p1a: Gardevoir|Hyper Voice|p2b: Farigiraf|[spread] p2a,p2b\n|-damage|p2a: Whimsicott|0 fnt\n|-damage|p2b: Farigiraf|43/100\n|faint|p2a: Whimsicott\n|move|p1b: Incineroar|Throat Chop|p2b: Farigiraf\n|-supereffective|p2b: Farigiraf|1\n|-damage|p2b: Farigiraf|0 fnt\n|faint|p2b: Farigiraf\n|\n|upkeep\n|\n|t:|1776449143\n|switch|p2b: Blastoise|Blastoise, L50, F|100/100\n|turn|6\n|l| ido1234567890\n|\n|t:|1776449156\n|switch|p1b: Kingambit|Kingambit, L50, F|100/100\n|detailschange|p2b: Blastoise|Blastoise-Mega, L50, F\n|-mega|p2b: Blastoise|Blastoise|Blastoisinite\n|move|p1a: Gardevoir|Protect|p1a: Gardevoir\n|-singleturn|p1a: Gardevoir|Protect\n|move|p2b: Blastoise|Water Spout|p1b: Kingambit|[spread] p1b\n|-activate|p1a: Gardevoir|move: Protect\n|-damage|p1b: Kingambit|38/100\n|\n|upkeep\n|turn|7\n|-activate|p1b: Kingambit|item: Quick Claw\n|\n|t:|1776449177\n|move|p1b: Kingambit|Sucker Punch|p2b: Blastoise\n|-damage|p2b: Blastoise|59/100\n|move|p2b: Blastoise|Water Spout|p1b: Kingambit|[spread] p1a,p1b\n|-damage|p1a: Gardevoir|0 fnt\n|-damage|p1b: Kingambit|3/100\n|faint|p1a: Gardevoir\n|\n|upkeep\n|\n|t:|1776449186\n|switch|p1a: Incineroar|Incineroar, L50, M|64/100\n|-ability|p1a: Incineroar|Intimidate|boost\n|-unboost|p2b: Blastoise|atk|1\n|turn|8\n|\n|t:|1776449194\n|move|p2b: Blastoise|Protect|p2b: Blastoise\n|-singleturn|p2b: Blastoise|Protect\n|move|p1a: Incineroar|Fake Out|p2b: Blastoise\n|-activate|p2b: Blastoise|move: Protect\n|move|p1b: Kingambit|Kowtow Cleave|p2b: Blastoise\n|-activate|p2b: Blastoise|move: Protect\n|\n|-sideend|p2: AshPikachuu|move: Tailwind\n|upkeep\n|turn|9\n|-activate|p1b: Kingambit|item: Quick Claw\n|\n|t:|1776449207\n|move|p1b: Kingambit|Kowtow Cleave|p2b: Blastoise\n|-damage|p2b: Blastoise|12/100\n|move|p2b: Blastoise|Water Spout|p1a: Incineroar|[spread] p1a,p1b\n|-supereffective|p1a: Incineroar|1\n|-damage|p1a: Incineroar|52/100\n|-damage|p1b: Kingambit|0 fnt\n|faint|p1b: Kingambit\n|move|p1a: Incineroar|Throat Chop|p2b: Blastoise\n|-damage|p2b: Blastoise|0 fnt\n|faint|p2b: Blastoise\n|\n|win|Smirkc_01\n|n|\u2606Smirkc_01|smirkc01\n|n|\u2606AshPikachuu|ashpikachuu\n|n| venson04|venson04\n|n| thacrow|thacrow\n|l|\u2606AshPikachuu\n|player|p2|\n|l| venson04\n|l| thacrow\n",
  "uploadtime": 1776449558,
  "views": 24,
  "formatid": "gen9championsvgc2026regma",
  "rating": null,
  "private": 0,
  "password": null
}