{
  "id": "gen9championsvgc2026regma-2580657181",
  "format": "[Gen 9 Champions] VGC 2026 Reg M-A",
  "players": [
    "Shnowyy",
    "lolgz"
  ],
  "log": "|j|\u2606Shnowyy\n|j|\u2606lolgz\n|t:|1775921878\n|gametype|doubles\n|player|p1|Shnowyy|clerkf|1128\n|player|p2|lolgz|265|1209\n|gen|9\n|tier|[Gen 9 Champions] VGC 2026 Reg M-A\n|rated|\n|rule|Species Clause: Limit one of each Pok\u00e9mon\n|rule|Item Clause: Limit 1 of each item\n|clearpoke\n|poke|p1|Garchomp, L50, M|\n|poke|p1|Ninetales-Alola, L50, M|\n|poke|p1|Ceruledge, L50, F|\n|poke|p1|Emolga, L50, F|\n|poke|p1|Corviknight, L50, M|\n|poke|p1|Milotic, L50, F|\n|poke|p2|Charizard, L50, F|\n|poke|p2|Whimsicott, L50, F|\n|poke|p2|Basculegion, L50, M|\n|poke|p2|Farigiraf, L50, M|\n|poke|p2|Sneasler, L50, M|\n|poke|p2|Floette-Eternal, L50, F|\n|teampreview|4\n|j| number86\n|inactive|Battle timer is ON: inactive players will automatically lose when time's up. (requested by Shnowyy)\n|\n|t:|1775921900\n|teamsize|p1|4\n|teamsize|p2|4\n|start\n|switch|p1a: Ceruledge|Ceruledge, L50, F|100/100\n|switch|p1b: Emolga|Emolga, L50, F|100/100\n|switch|p2a: Whimsicott|Whimsicott, L50, F|100/100\n|switch|p2b: Basculegion|Basculegion, L50, M|100/100\n|turn|1\n|\n|t:|1775921918\n|move|p2a: Whimsicott|Tailwind|p2a: Whimsicott\n|-sidestart|p2: lolgz|move: Tailwind\n|move|p2b: Basculegion|Wave Crash|p1b: Emolga\n|-enditem|p1b: Emolga|Focus Sash\n|-damage|p1b: Emolga|1/100\n|-damage|p2b: Basculegion|78/100|[from] Recoil\n|move|p1a: Ceruledge|Bitter Blade|p2a: Whimsicott\n|-supereffective|p2a: Whimsicott|1\n|-enditem|p2a: Whimsicott|Focus Sash\n|-damage|p2a: Whimsicott|1/100\n|move|p1b: Emolga|Volt Switch|p2a: Whimsicott\n|-resisted|p2a: Whimsicott|1\n|-damage|p2a: Whimsicott|0 fnt\n|faint|p2a: Whimsicott\n|\n|t:|1775921933\n|switch|p1b: Garchomp|Garchomp, L50, M|100/100|[from] Volt Switch\n|\n|upkeep\n|\n|t:|1775921937\n|switch|p2a: Floette|Floette-Eternal, L50, F|100/100\n|turn|2\n|\n|t:|1775921943\n|switch|p1a: Emolga|Emolga, L50, F|1/100\n|detailschange|p2a: Floette|Floette-Mega, L50, F\n|-mega|p2a: Floette|Floette|Floettite\n|-ability|p2a: Floette|Fairy Aura\n|move|p1b: Garchomp|Protect|p1b: Garchomp\n|-singleturn|p1b: Garchomp|Protect\n|move|p2b: Basculegion|Wave Crash|p1a: Emolga\n|-damage|p1a: Emolga|0 fnt\n|faint|p1a: Emolga\n|-damage|p2b: Basculegion|78/100|[from] Recoil\n|move|p2a: Floette|Dazzling Gleam|p1b: Garchomp\n|-activate|p1b: Garchomp|move: Protect\n|\n|upkeep\n|\n|t:|1775921959\n|switch|p1a: Ninetales|Ninetales-Alola, L50, M|100/100\n|-weather|Snowscape|[from] ability: Snow Warning|[of] p1a: Ninetales\n|turn|3\n|\n|t:|1775921964\n|switch|p1b: Ceruledge|Ceruledge, L50, F|100/100\n|move|p2b: Basculegion|Wave Crash|p1a: Ninetales\n|-damage|p1a: Ninetales|24/100\n|-damage|p2b: Basculegion|58/100|[from] Recoil\n|move|p2a: Floette|Dazzling Gleam|p1b: Ceruledge|[spread] p1a,p1b\n|-resisted|p1b: Ceruledge|1\n|-damage|p1a: Ninetales|0 fnt\n|-damage|p1b: Ceruledge|72/100\n|faint|p1a: Ninetales\n|\n|-weather|Snowscape|[upkeep]\n|upkeep\n|\n|t:|1775921972\n|switch|p1a: Garchomp|Garchomp, L50, M|100/100\n|turn|4\n|\n|t:|1775921977\n|move|p1a: Garchomp|Protect|p1a: Garchomp\n|-singleturn|p1a: Garchomp|Protect\n|move|p2b: Basculegion|Wave Crash|p1b: Ceruledge\n|-supereffective|p1b: Ceruledge|1\n|-damage|p1b: Ceruledge|0 fnt\n|faint|p1b: Ceruledge\n|-damage|p2b: Basculegion|39/100|[from] Recoil\n|move|p2a: Floette|Dazzling Gleam|p1a: Garchomp\n|-activate|p1a: Garchomp|move: Protect\n|\n|-weather|Snowscape|[upkeep]\n|-sideend|p2: lolgz|move: Tailwind\n|upkeep\n|turn|5\n|\n|t:|1775921986\n|move|p2a: Floette|Protect|p2a: Floette\n|-singleturn|p2a: Floette|Protect\n|move|p2b: Basculegion|Wave Crash|p1a: Garchomp\n|-damage|p1a: Garchomp|20/100\n|-damage|p2b: Basculegion|27/100|[from] ability: Rough Skin|[of] p1a: Garchomp\n|-damage|p2b: Basculegion|2/100|[from] Recoil\n|move|p1a: Garchomp|Earthquake|p2a: Floette|[spread] p2b\n|-activate|p2a: Floette|move: Protect\n|-damage|p2b: Basculegion|0 fnt\n|faint|p2b: Basculegion\n|\n|-weather|Snowscape|[upkeep]\n|upkeep\n|\n|t:|1775921991\n|switch|p2b: Sneasler|Sneasler, L50, M|100/100\n|turn|6\n|-message|Shnowyy forfeited.\n|\n|win|lolgz\n|raw|Shnowyy's rating: 1128 &rarr; <strong>1109</strong><br />(-19 for losing)\n|raw|lolgz's rating: 1209 &rarr; <strong>1228</strong><br />(+19 for winning)\n",
  "uploadtime": 1775921992,
  "views": 16,
  "formatid": "gen9championsvgc2026regma",
  "rating": 1109,
  "private": 0,
  "password": null
}