{
  "id": "gen9championsvgc2026regma-2587990850",
  "format": "[Gen 9 Champions] VGC 2026 Reg M-A",
  "players": [
    "lynnax",
    "nissemjuket"
  ],
  "log": "|j|\u2606lynnax\n|j|\u2606nissemjuket\n|t:|1776589678\n|gametype|doubles\n|player|p1|lynnax|266|1136\n|player|p2|nissemjuket|1|1054\n|gen|9\n|tier|[Gen 9 Champions] VGC 2026 Reg M-A\n|rated|\n|rule|Species Clause: Limit one of each Pok\u00e9mon\n|rule|Item Clause: Limit 1 of each item\n|clearpoke\n|poke|p1|Incineroar, L50, F|\n|poke|p1|Sneasler, L50, M|\n|poke|p1|Pelipper, L50, M|\n|poke|p1|Sinistcha-Masterpiece, L50|\n|poke|p1|Gengar, L50, M, shiny|\n|poke|p1|Basculegion, L50, M, shiny|\n|poke|p2|Torterra, L50, F, shiny|\n|poke|p2|Clefable, L50, F|\n|poke|p2|Farigiraf, L50, F|\n|poke|p2|Dragonite, L50, M|\n|poke|p2|Milotic, L50, F|\n|poke|p2|Whimsicott, L50, F|\n|teampreview|4\n|\n|t:|1776589730\n|teamsize|p1|4\n|teamsize|p2|4\n|start\n|switch|p1a: Sneasler|Sneasler, L50, M|100/100\n|switch|p1b: Incineroar|Incineroar, L50, F|100/100\n|switch|p2a: Torterra|Torterra, L50, F, shiny|100/100\n|switch|p2b: Clefable|Clefable, L50, F|100/100\n|-ability|p1b: Incineroar|Intimidate|boost\n|-unboost|p2a: Torterra|atk|1\n|-unboost|p2b: Clefable|atk|1\n|turn|1\n|\n|t:|1776589749\n|switch|p2b: Farigiraf|Farigiraf, L50, F|100/100\n|move|p1a: Sneasler|Fake Out||[still]\n|cant|p2b: Farigiraf|ability: Armor Tail|Fake Out|[of] p1a: Sneasler\n|move|p1b: Incineroar|Fake Out||[still]\n|cant|p2b: Farigiraf|ability: Armor Tail|Fake Out|[of] p1b: Incineroar\n|move|p2a: Torterra|Shell Smash|p2a: Torterra\n|-unboost|p2a: Torterra|def|1\n|-unboost|p2a: Torterra|spd|1\n|-boost|p2a: Torterra|atk|2\n|-boost|p2a: Torterra|spa|2\n|-boost|p2a: Torterra|spe|2\n|\n|upkeep\n|turn|2\n|\n|t:|1776589776\n|move|p2a: Torterra|Shell Smash|p2a: Torterra\n|-unboost|p2a: Torterra|def|1\n|-unboost|p2a: Torterra|spd|1\n|-boost|p2a: Torterra|atk|2\n|-boost|p2a: Torterra|spa|2\n|-boost|p2a: Torterra|spe|2\n|move|p1a: Sneasler|Dire Claw|p2b: Farigiraf\n|-crit|p2b: Farigiraf\n|-damage|p2b: Farigiraf|42/100\n|-enditem|p2b: Farigiraf|Sitrus Berry|[eat]\n|-heal|p2b: Farigiraf|67/100|[from] item: Sitrus Berry\n|move|p2b: Farigiraf|Twin Beam|p1a: Sneasler\n|-supereffective|p1a: Sneasler|2\n|-enditem|p1a: Sneasler|Focus Sash\n|-damage|p1a: Sneasler|1/100\n|-supereffective|p1a: Sneasler|2\n|-damage|p1a: Sneasler|0 fnt\n|faint|p1a: Sneasler\n|-hitcount|p1: Sneasler|2\n|move|p1b: Incineroar|Roar|p2a: Torterra\n|drag|p2a: Whimsicott|Whimsicott, L50, F|100/100\n|\n|upkeep\n|c|\u2606nissemjuket|bro\n|\n|t:|1776589804\n|switch|p1a: Gengar|Gengar, L50, M, shiny|100/100\n|turn|3\n|\n|t:|1776589848\n|detailschange|p1a: Gengar|Gengar-Mega, L50, M, shiny\n|-mega|p1a: Gengar|Gengar|Gengarite\n|move|p2a: Whimsicott|Tailwind|p2a: Whimsicott\n|-sidestart|p2: nissemjuket|move: Tailwind\n|move|p1a: Gengar|Dark Pulse|p2b: Farigiraf\n|-supereffective|p2b: Farigiraf|1\n|-damage|p2b: Farigiraf|0 fnt\n|faint|p2b: Farigiraf\n|move|p1b: Incineroar|Flare Blitz|p2a: Whimsicott\n|-supereffective|p2a: Whimsicott|1\n|-damage|p2a: Whimsicott|0 fnt\n|faint|p2a: Whimsicott\n|-damage|p1b: Incineroar|78/100|[from] Recoil\n|\n|upkeep\n|\n|t:|1776589858\n|switch|p2a: Clefable|Clefable, L50, F|100/100\n|switch|p2b: Torterra|Torterra, L50, F, shiny|100/100\n|turn|4\n|\n|t:|1776589904\n|switch|p1a: Sinistcha|Sinistcha-Masterpiece, L50|100/100\n|-heal|p1b: Incineroar|100/100|[from] ability: Hospitality|[of] p1a: Sinistcha\n|detailschange|p2a: Clefable|Clefable-Mega, L50, F\n|-mega|p2a: Clefable|Clefable|Clefablite\n|move|p2b: Torterra|Earthquake|p1b: Incineroar|[spread] p1a,p1b\n|-immune|p2a: Clefable\n|-resisted|p1a: Sinistcha|1\n|-supereffective|p1b: Incineroar|1\n|-damage|p1a: Sinistcha|85/100\n|-damage|p1b: Incineroar|40/100\n|-enditem|p1b: Incineroar|Sitrus Berry|[eat]\n|-heal|p1b: Incineroar|65/100|[from] item: Sitrus Berry\n|move|p2a: Clefable|Moonblast|p1b: Incineroar\n|-damage|p1b: Incineroar|25/100\n|move|p1b: Incineroar|Flare Blitz|p2a: Clefable\n|-damage|p2a: Clefable|62/100\n|-damage|p1b: Incineroar|13/100|[from] Recoil\n|\n|upkeep\n|turn|5\n|\n|t:|1776589941\n|move|p2a: Clefable|Follow Me|p2a: Clefable\n|-singleturn|p2a: Clefable|move: Follow Me\n|move|p2b: Torterra|Shell Smash|p2b: Torterra\n|-unboost|p2b: Torterra|def|1\n|-unboost|p2b: Torterra|spd|1\n|-boost|p2b: Torterra|atk|2\n|-boost|p2b: Torterra|spa|2\n|-boost|p2b: Torterra|spe|2\n|move|p1b: Incineroar|Flare Blitz|p2a: Clefable\n|-damage|p2a: Clefable|27/100\n|-damage|p1b: Incineroar|2/100|[from] Recoil\n|move|p1a: Sinistcha|Trick Room|p1a: Sinistcha\n|-fieldstart|move: Trick Room|[of] p1a: Sinistcha\n|\n|upkeep\n|turn|6\n|\n|t:|1776589974\n|move|p2a: Clefable|Follow Me|p2a: Clefable\n|-singleturn|p2a: Clefable|move: Follow Me\n|move|p1b: Incineroar|Flare Blitz|p2a: Clefable\n|-damage|p2a: Clefable|0 fnt\n|faint|p2a: Clefable\n|-damage|p1b: Incineroar|0 fnt|[from] Recoil\n|faint|p1b: Incineroar\n|move|p1a: Sinistcha|Matcha Gotcha|p2b: Torterra\n|-damage|p2b: Torterra|42/100\n|-heal|p1a: Sinistcha|100/100|[from] drain|[of] p2b: Torterra\n|move|p2b: Torterra|Earthquake|p1a: Sinistcha\n|-resisted|p1a: Sinistcha|1\n|-damage|p1a: Sinistcha|57/100\n|\n|-sideend|p2: nissemjuket|move: Tailwind\n|upkeep\n|\n|t:|1776589996\n|switch|p1b: Gengar|Gengar-Mega, L50, M, shiny|100/100\n|turn|7\n|\n|t:|1776590016\n|move|p1a: Sinistcha|Matcha Gotcha|p2b: Torterra\n|-damage|p2b: Torterra|0 fnt\n|-heal|p1a: Sinistcha|77/100|[from] drain|[of] p2b: Torterra\n|faint|p2b: Torterra\n|\n|win|lynnax\n|raw|lynnax's rating: 1136 &rarr; <strong>1155</strong><br />(+19 for winning)\n|raw|nissemjuket's rating: 1054 &rarr; <strong>1040</strong><br />(-14 for losing)\n|l|\u2606nissemjuket\n|player|p2|\n",
  "uploadtime": 1776590039,
  "views": 40,
  "formatid": "gen9championsvgc2026regma",
  "rating": 1040,
  "private": 0,
  "password": null
}