{
  "id": "gen9championsvgc2026regma-2581572382",
  "format": "[Gen 9 Champions] VGC 2026 Reg M-A",
  "players": [
    "Dancindragons",
    "JoelMasterX"
  ],
  "log": "|badge|p2|bronze|gen9ru|100-9\n|uhtml|medal-msg|<div class=\"broadcast-blue\">Curious what those medals under the avatar are? PS now has Ladder Seasons! For more information, check out the <a href=\"https://www.smogon.com/forums/threads/3740067/\">thread on Smogon.</a></div>\n|j|\u2606Dancindragons\n|j|\u2606JoelMasterX@!\n|inactive|Battle timer is ON: inactive players will automatically lose when time's up.\n|t:|1776011960\n|gametype|doubles\n|player|p1|Dancindragons|102|\n|player|p2|JoelMasterX|taunie|\n|gen|9\n|tier|[Gen 9 Champions] VGC 2026 Reg M-A\n|rated|Tournament battle\n|rule|Species Clause: Limit one of each Pok\u00e9mon\n|rule|Item Clause: Limit 1 of each item\n|clearpoke\n|poke|p1|Arcanine-Hisui, L50, M|\n|poke|p1|Farigiraf, L50, F|\n|poke|p1|Drampa, L50, F|\n|poke|p1|Sinistcha, L50|\n|poke|p1|Clawitzer, L50, M|\n|poke|p1|Araquanid, L50, F|\n|poke|p2|Chimecho, L50, M|\n|poke|p2|Torkoal, L50, M|\n|poke|p2|Crabominable, L50, M|\n|poke|p2|Mimikyu, L50, M|\n|poke|p2|Primarina, L50, M|\n|poke|p2|Kingambit, L50, M|\n|teampreview|4\n|j|*Lady Monita \n|j| ihateclodsire\n|j|@jadino\n|inactive|Dancindragons has 60 seconds left.\n|inactive|JoelMasterX has 60 seconds left.\n|inactive|JoelMasterX has 30 seconds left.\n|\n|t:|1776012024\n|teamsize|p1|4\n|teamsize|p2|4\n|start\n|switch|p1a: Araquanid|Araquanid, L50, F|100/100\n|switch|p1b: Clawitzer|Clawitzer, L50, M|100/100\n|switch|p2a: Mimikyu|Mimikyu, L50, M|100/100\n|switch|p2b: Primarina|Primarina, L50, M|100/100\n|turn|1\n|j| yiywy\n|inactive|JoelMasterX has 30 seconds left.\n|\n|t:|1776012056\n|move|p2a: Mimikyu|Play Rough|p1b: Clawitzer\n|-damage|p1b: Clawitzer|56/100\n|move|p2b: Primarina|Dazzling Gleam|p1a: Araquanid|[spread] p1a,p1b\n|-crit|p1a: Araquanid\n|-damage|p1a: Araquanid|60/100\n|-damage|p1b: Clawitzer|17/100\n|move|p1b: Clawitzer|Sludge Bomb|p2b: Primarina\n|-supereffective|p2b: Primarina|1\n|-damage|p2b: Primarina|40/100\n|move|p1a: Araquanid|Liquidation|p2a: Mimikyu\n|-activate|p2a: Mimikyu|ability: Disguise\n|-damage|p2a: Mimikyu|100/100\n|detailschange|p2a: Mimikyu|Mimikyu-Busted, L50, M\n|-damage|p2a: Mimikyu|88/100|[from] pokemon: Mimikyu-Busted\n|\n|-heal|p2b: Primarina|45/100|[from] item: Leftovers\n|upkeep\n|turn|2\n|inactive|Dancindragons has 30 seconds left.\n|inactive|Dancindragons has 20 seconds left.\n|inactive|Dancindragons has 15 seconds left.\n|l| yiywy\n|inactive|Dancindragons has 10 seconds left.\n|j| aurora ltd\n|\n|t:|1776012106\n|move|p1b: Clawitzer|Protect|p1b: Clawitzer\n|-singleturn|p1b: Clawitzer|Protect\n|move|p1a: Araquanid|Wide Guard|p1a: Araquanid\n|-singleturn|p1a: Araquanid|Wide Guard\n|move|p2a: Mimikyu|Play Rough|p1a: Araquanid\n|-damage|p1a: Araquanid|22/100\n|move|p2b: Primarina|Dazzling Gleam|p1b: Clawitzer|[spread] \n|-activate|p1a: Araquanid|move: Wide Guard\n|-activate|p1b: Clawitzer|move: Wide Guard\n|\n|-heal|p2b: Primarina|51/100|[from] item: Leftovers\n|upkeep\n|turn|3\n|\n|t:|1776012125\n|switch|p1b: Sinistcha|Sinistcha, L50|100/100\n|-heal|p1a: Araquanid|47/100|[from] ability: Hospitality|[of] p1b: Sinistcha\n|move|p2a: Mimikyu|Shadow Claw|p1b: Sinistcha\n|-supereffective|p1b: Sinistcha|1\n|-damage|p1b: Sinistcha|55/100\n|move|p2b: Primarina|Dazzling Gleam|p1a: Araquanid|[spread] p1a,p1b\n|-damage|p1a: Araquanid|23/100\n|-damage|p1b: Sinistcha|13/100\n|-enditem|p1b: Sinistcha|Sitrus Berry|[eat]\n|-heal|p1b: Sinistcha|38/100|[from] item: Sitrus Berry\n|move|p1a: Araquanid|Liquidation|p2a: Mimikyu\n|-damage|p2a: Mimikyu|26/100\n|\n|-heal|p2b: Primarina|57/100|[from] item: Leftovers\n|upkeep\n|turn|4\n|\n|t:|1776012142\n|switch|p1b: Drampa|Drampa, L50, F|100/100\n|move|p1a: Araquanid|Wide Guard|p1a: Araquanid\n|-singleturn|p1a: Araquanid|Wide Guard\n|move|p2a: Mimikyu|Shadow Claw|p1b: Drampa\n|-immune|p1b: Drampa\n|move|p2b: Primarina|Dazzling Gleam|p1b: Drampa|[spread] \n|-activate|p1a: Araquanid|move: Wide Guard\n|-activate|p1b: Drampa|move: Wide Guard\n|\n|-heal|p2b: Primarina|63/100|[from] item: Leftovers\n|upkeep\n|turn|5\n|\n|t:|1776012158\n|switch|p1b: Sinistcha|Sinistcha, L50|38/100\n|-heal|p1a: Araquanid|47/100|[from] ability: Hospitality|[of] p1b: Sinistcha\n|move|p1a: Araquanid|Wide Guard|p1a: Araquanid\n|-singleturn|p1a: Araquanid|Wide Guard\n|move|p2a: Mimikyu|Play Rough|p1b: Sinistcha\n|-crit|p1b: Sinistcha\n|-damage|p1b: Sinistcha|0 fnt\n|faint|p1b: Sinistcha\n|move|p2b: Primarina|Dazzling Gleam|p1a: Araquanid\n|-activate|p1a: Araquanid|move: Wide Guard\n|\n|-heal|p2b: Primarina|69/100|[from] item: Leftovers\n|upkeep\n|\n|t:|1776012163\n|switch|p1b: Clawitzer|Clawitzer, L50, M|17/100\n|turn|6\n|\n|t:|1776012170\n|move|p1b: Clawitzer|Protect|p1b: Clawitzer\n|-singleturn|p1b: Clawitzer|Protect\n|move|p2a: Mimikyu|Shadow Claw|p1b: Clawitzer\n|-activate|p1b: Clawitzer|move: Protect\n|move|p2b: Primarina|Dazzling Gleam|p1a: Araquanid|[spread] p1a\n|-activate|p1b: Clawitzer|move: Protect\n|-damage|p1a: Araquanid|23/100\n|move|p1a: Araquanid|Liquidation|p2a: Mimikyu\n|-damage|p2a: Mimikyu|0 fnt\n|faint|p2a: Mimikyu\n|\n|-heal|p2b: Primarina|75/100|[from] item: Leftovers\n|upkeep\n|\n|t:|1776012179\n|switch|p2a: Kingambit|Kingambit, L50, M|100/100\n|turn|7\n|l| ihateclodsire\n|\n|t:|1776012192\n|move|p1a: Araquanid|Wide Guard|p1a: Araquanid\n|-singleturn|p1a: Araquanid|Wide Guard\n|move|p2a: Kingambit|Sucker Punch|p1b: Clawitzer\n|-damage|p1b: Clawitzer|0 fnt\n|faint|p1b: Clawitzer\n|move|p2b: Primarina|Dazzling Gleam|p1a: Araquanid\n|-activate|p1a: Araquanid|move: Wide Guard\n|\n|-heal|p2b: Primarina|81/100|[from] item: Leftovers\n|upkeep\n|-message|Dancindragons forfeited.\n|\n|win|JoelMasterX\n|n|\u2606Dancindragons|dancindragons\n|n|\u2606JoelMasterX@!|joelmasterx\n|n|*Lady Monita |ladymonita\n|n| jadino|jadino\n|n| aurora ltd|auroraltd\n|l|\u2606Dancindragons\n|player|p1|\n|c|\u2606JoelMasterX|gg\n|l| jadino\n|l|*Lady Monita \n",
  "uploadtime": 1776012278,
  "views": 16,
  "formatid": "gen9championsvgc2026regma",
  "rating": null,
  "private": 0,
  "password": null
}