{
  "id": "gen9championsvgc2026regma-2584783284",
  "format": "[Gen 9 Champions] VGC 2026 Reg M-A",
  "players": [
    "FlashArrow",
    "Kashorts"
  ],
  "log": "|j|\u2606FlashArrow\n|j|\u2606Kashorts\n|t:|1776283349\n|gametype|doubles\n|player|p1|FlashArrow|n|1050\n|player|p2|Kashorts|roxie|1100\n|gen|9\n|tier|[Gen 9 Champions] VGC 2026 Reg M-A\n|rated|\n|rule|Species Clause: Limit one of each Pok\u00e9mon\n|rule|Item Clause: Limit 1 of each item\n|clearpoke\n|poke|p1|Pelipper, L50, M|\n|poke|p1|Dragonite, L50, F|\n|poke|p1|Aggron, L50, F|\n|poke|p1|Incineroar, L50, F|\n|poke|p1|Basculegion, L50, M|\n|poke|p1|Clefable, L50, F|\n|poke|p2|Pidgeot, L50, F|\n|poke|p2|Alcremie, L50, F|\n|poke|p2|Raichu, L50, F|\n|poke|p2|Hydrapple, L50, F|\n|poke|p2|Primarina, L50, F|\n|poke|p2|Aegislash, L50, M|\n|teampreview|4\n|inactive|Battle timer is ON: inactive players will automatically lose when time's up. (requested by FlashArrow)\n|inactive|FlashArrow has 60 seconds left.\n|inactive|Kashorts has 60 seconds left.\n|\n|t:|1776283386\n|teamsize|p1|4\n|teamsize|p2|4\n|start\n|switch|p1a: Clefable|Clefable, L50, F|100/100\n|switch|p1b: Aggron|Aggron, L50, F|100/100\n|switch|p2a: Pidgeot|Pidgeot, L50, F|100/100\n|switch|p2b: Hydrapple|Hydrapple, L50, F|100/100\n|turn|1\n|\n|t:|1776283403\n|detailschange|p2a: Pidgeot|Pidgeot-Mega, L50, F\n|-mega|p2a: Pidgeot|Pidgeot|Pidgeotite\n|detailschange|p1b: Aggron|Aggron-Mega, L50, F\n|-mega|p1b: Aggron|Aggron|Aggronite\n|move|p2a: Pidgeot|Tailwind|p2a: Pidgeot\n|-sidestart|p2: Kashorts|move: Tailwind\n|move|p2b: Hydrapple|Earth Power|p1b: Aggron\n|-supereffective|p1b: Aggron|1\n|-damage|p1b: Aggron|51/100\n|move|p1a: Clefable|Moonblast|p2b: Hydrapple\n|-supereffective|p2b: Hydrapple|1\n|-damage|p2b: Hydrapple|21/100\n|-enditem|p2b: Hydrapple|Sitrus Berry|[eat]\n|-heal|p2b: Hydrapple|46/100|[from] item: Sitrus Berry\n|move|p1b: Aggron|Iron Defense|p1b: Aggron\n|-boost|p1b: Aggron|def|2\n|\n|upkeep\n|turn|2\n|\n|t:|1776283423\n|move|p1b: Aggron|Protect|p1b: Aggron\n|-singleturn|p1b: Aggron|Protect\n|move|p2a: Pidgeot|Heat Wave|p1b: Aggron|[spread] p1a\n|-activate|p1b: Aggron|move: Protect\n|-damage|p1a: Clefable|80/100\n|move|p2b: Hydrapple|Giga Drain|p1b: Aggron\n|-activate|p1b: Aggron|move: Protect\n|move|p1a: Clefable|Moonblast|p2b: Hydrapple\n|-supereffective|p2b: Hydrapple|1\n|-damage|p2b: Hydrapple|0 fnt\n|faint|p2b: Hydrapple\n|\n|-heal|p1a: Clefable|85/100|[from] item: Leftovers\n|upkeep\n|\n|t:|1776283426\n|switch|p2b: Primarina|Primarina, L50, F|100/100\n|turn|3\n|\n|t:|1776283446\n|switch|p1b: Pelipper|Pelipper, L50, M|100/100\n|-weather|RainDance|[from] ability: Drizzle|[of] p1b: Pelipper\n|move|p2a: Pidgeot|Heat Wave|p1a: Clefable|[spread] p1a,p1b\n|-resisted|p1b: Pelipper|1\n|-damage|p1a: Clefable|74/100\n|-damage|p1b: Pelipper|92/100\n|move|p2b: Primarina|Hyper Voice|p1a: Clefable|[spread] p1a,p1b\n|-resisted|p1b: Pelipper|1\n|-damage|p1a: Clefable|25/100\n|-damage|p1b: Pelipper|60/100\n|move|p1a: Clefable|Thunder|p2a: Pidgeot\n|-supereffective|p2a: Pidgeot|1\n|-damage|p2a: Pidgeot|8/100\n|-status|p2a: Pidgeot|par\n|\n|-weather|RainDance|[upkeep]\n|-heal|p1a: Clefable|31/100|[from] item: Leftovers\n|upkeep\n|turn|4\n|inactive|Kashorts has 30 seconds left.\n|\n|t:|1776283472\n|switch|p2a: Raichu|Raichu, L50, F|100/100\n|move|p2b: Primarina|Hyper Voice|p1b: Pelipper|[spread] p1a,p1b\n|-resisted|p1b: Pelipper|1\n|-damage|p1a: Clefable|0 fnt\n|-damage|p1b: Pelipper|27/100\n|faint|p1a: Clefable\n|move|p1b: Pelipper|Weather Ball|p2a: Raichu\n|-damage|p2a: Raichu|11/100\n|\n|-weather|RainDance|[upkeep]\n|-sideend|p2: Kashorts|move: Tailwind\n|upkeep\n|\n|t:|1776283482\n|switch|p1a: Dragonite|Dragonite, L50, F|100/100\n|turn|5\n|inactive|FlashArrow has 30 seconds left.\n|inactive|Kashorts has 30 seconds left.\n|\n|t:|1776283511\n|move|p1b: Pelipper|Protect|p1b: Pelipper\n|-singleturn|p1b: Pelipper|Protect\n|move|p2b: Primarina|Hyper Voice|p1b: Pelipper|[spread] p1a\n|-activate|p1b: Pelipper|move: Protect\n|-resisted|p1a: Dragonite|1\n|-damage|p1a: Dragonite|75/100\n|move|p2a: Raichu|Nuzzle|p1a: Dragonite\n|-damage|p1a: Dragonite|64/100\n|-status|p1a: Dragonite|par\n|move|p1a: Dragonite|Hurricane|p2a: Raichu\n|-resisted|p2a: Raichu|1\n|-damage|p2a: Raichu|0 fnt\n|faint|p2a: Raichu\n|\n|-weather|RainDance|[upkeep]\n|upkeep\n|\n|t:|1776283524\n|switch|p2a: Pidgeot|Pidgeot-Mega, L50, F|8/100 par\n|turn|6\n|\n|t:|1776283547\n|move|p2a: Pidgeot|Protect|p2a: Pidgeot\n|-singleturn|p2a: Pidgeot|Protect\n|move|p2b: Primarina|Hyper Voice|p1a: Dragonite|[spread] p1a,p1b\n|-resisted|p1a: Dragonite|1\n|-resisted|p1b: Pelipper|1\n|-damage|p1a: Dragonite|37/100 par\n|-damage|p1b: Pelipper|0 fnt\n|faint|p1b: Pelipper\n|move|p1a: Dragonite|Thunder|p2b: Primarina\n|-supereffective|p2b: Primarina|1\n|-damage|p2b: Primarina|33/100\n|\n|-weather|RainDance|[upkeep]\n|upkeep\n|\n|t:|1776283549\n|switch|p1b: Aggron|Aggron-Mega, L50, F|51/100\n|turn|7\n|\n|t:|1776283576\n|move|p1b: Aggron|Protect|p1b: Aggron\n|-singleturn|p1b: Aggron|Protect\n|move|p2b: Primarina|Hyper Voice|p1b: Aggron|[spread] p1a\n|-activate|p1b: Aggron|move: Protect\n|-resisted|p1a: Dragonite|1\n|-damage|p1a: Dragonite|11/100 par\n|move|p2a: Pidgeot|Hurricane|p1a: Dragonite\n|-damage|p1a: Dragonite|0 fnt\n|faint|p1a: Dragonite\n|\n|-weather|none\n|upkeep\n|turn|8\n|\n|t:|1776283591\n|move|p2b: Primarina|Hyper Voice|p1b: Aggron\n|-damage|p1b: Aggron|2/100\n|move|p2a: Pidgeot|Heat Wave|p1b: Aggron\n|-supereffective|p1b: Aggron|1\n|-damage|p1b: Aggron|0 fnt\n|faint|p1b: Aggron\n|\n|win|Kashorts\n|raw|FlashArrow's rating: 1050 &rarr; <strong>1035</strong><br />(-15 for losing)\n|raw|Kashorts's rating: 1100 &rarr; <strong>1121</strong><br />(+21 for winning)\n|l|\u2606FlashArrow\n|player|p1|\n",
  "uploadtime": 1776283601,
  "views": 16,
  "formatid": "gen9championsvgc2026regma",
  "rating": 1035,
  "private": 0,
  "password": null
}