{
  "id": "gen9championsvgc2026regma-2589395926",
  "format": "[Gen 9 Champions] VGC 2026 Reg M-A",
  "players": [
    "Scrunt_Punter",
    "Uncreative7452"
  ],
  "log": "|j|\u2606Scrunt_Punter\n|j|\u203dUncreative7452\n|t:|1776719555\n|gametype|doubles\n|player|p1|Scrunt_Punter|nita|1201\n|player|p2|Uncreative7452|tuber|1148\n|gen|9\n|tier|[Gen 9 Champions] VGC 2026 Reg M-A\n|rated|\n|rule|Species Clause: Limit one of each Pok\u00e9mon\n|rule|Item Clause: Limit 1 of each item\n|clearpoke\n|poke|p1|Froslass, L50, F|\n|poke|p1|Aerodactyl, L50, F|\n|poke|p1|Milotic, L50, M, shiny|\n|poke|p1|Incineroar, L50, M|\n|poke|p1|Sneasler, L50, M|\n|poke|p1|Sinistcha-Masterpiece, L50|\n|poke|p2|Aerodactyl, L50, F|\n|poke|p2|Meganium, L50, F|\n|poke|p2|Sneasler, L50, M|\n|poke|p2|Basculegion, L50, M|\n|poke|p2|Incineroar, L50, F|\n|poke|p2|Garchomp, L50, M|\n|teampreview|4\n|\n|t:|1776719591\n|teamsize|p1|4\n|teamsize|p2|4\n|start\n|switch|p1a: the set|Milotic, L50, M, shiny|100/100\n|switch|p1b: fraud watch|Aerodactyl, L50, F|100/100\n|switch|p2a: Meganium|Meganium, L50, F|100/100\n|switch|p2b: Aerodactyl|Aerodactyl, L50, F|100/100\n|-ability|p2b: Aerodactyl|Unnerve\n|-ability|p1b: fraud watch|Unnerve\n|turn|1\n|\n|t:|1776719611\n|switch|p1a: bastard man|Sneasler, L50, M|100/100\n|move|p2a: Meganium|Protect|p2a: Meganium\n|-singleturn|p2a: Meganium|Protect\n|move|p2b: Aerodactyl|Tailwind|p2b: Aerodactyl\n|-sidestart|p2: Uncreative7452|move: Tailwind\n|move|p1b: fraud watch|Tailwind|p1b: fraud watch\n|-sidestart|p1: Scrunt_Punter|move: Tailwind\n|\n|upkeep\n|turn|2\n|\n|t:|1776719631\n|detailschange|p2a: Meganium|Meganium-Mega, L50, F\n|-mega|p2a: Meganium|Meganium|Meganiumite\n|move|p2b: Aerodactyl|Dual Wingbeat|p1a: bastard man\n|-supereffective|p1a: bastard man|1\n|-damage|p1a: bastard man|41/100\n|-supereffective|p1a: bastard man|1\n|-damage|p1a: bastard man|0 fnt\n|faint|p1a: bastard man\n|-hitcount|p1: bastard man|2\n|move|p1b: fraud watch|Dual Wingbeat|p2a: Meganium\n|-supereffective|p2a: Meganium|1\n|-damage|p2a: Meganium|68/100\n|-supereffective|p2a: Meganium|1\n|-damage|p2a: Meganium|35/100\n|-hitcount|p2a: Meganium|2\n|move|p2a: Meganium|Solar Beam||[still]\n|-prepare|p2a: Meganium|Solar Beam\n|-activate|p2a: Meganium|ability: Mega Sol\n|-anim|p2a: Meganium|Solar Beam|p1b: fraud watch\n|-enditem|p1b: fraud watch|Focus Sash\n|-damage|p1b: fraud watch|1/100\n|\n|upkeep\n|\n|t:|1776719640\n|switch|p1a: Ice 2 Meet U|Froslass, L50, F|100/100\n|turn|3\n|\n|t:|1776719648\n|detailschange|p1a: Ice 2 Meet U|Froslass-Mega, L50, F\n|-mega|p1a: Ice 2 Meet U|Froslass|Froslassite\n|-weather|Snowscape|[from] ability: Snow Warning|[of] p1a: Ice 2 Meet U\n|move|p1b: fraud watch|Protect|p1b: fraud watch\n|-singleturn|p1b: fraud watch|Protect\n|move|p2b: Aerodactyl|Rock Slide|p1b: fraud watch|[spread] p1a\n|-activate|p1b: fraud watch|move: Protect\n|-supereffective|p1a: Ice 2 Meet U|1\n|-damage|p1a: Ice 2 Meet U|43/100\n|move|p1a: Ice 2 Meet U|Blizzard|p2b: Aerodactyl|[spread] p2a,p2b\n|-supereffective|p2a: Meganium|1\n|-supereffective|p2b: Aerodactyl|1\n|-damage|p2a: Meganium|0 fnt\n|-enditem|p2b: Aerodactyl|Focus Sash\n|-damage|p2b: Aerodactyl|1/100\n|faint|p2a: Meganium\n|\n|-weather|Snowscape|[upkeep]\n|upkeep\n|\n|t:|1776719658\n|switch|p2a: Basculegion|Basculegion, L50, M|100/100\n|turn|4\n|\n|t:|1776719673\n|move|p1b: fraud watch|Protect||[still]\n|-fail|p1b: fraud watch\n|move|p1a: Ice 2 Meet U|Protect|p1a: Ice 2 Meet U\n|-singleturn|p1a: Ice 2 Meet U|Protect\n|move|p2a: Basculegion|Aqua Jet|p1b: fraud watch\n|-supereffective|p1b: fraud watch|1\n|-damage|p1b: fraud watch|0 fnt\n|faint|p1b: fraud watch\n|move|p2b: Aerodactyl|Rock Slide|p1a: Ice 2 Meet U\n|-activate|p1a: Ice 2 Meet U|move: Protect\n|\n|-weather|Snowscape|[upkeep]\n|-sideend|p2: Uncreative7452|move: Tailwind\n|-sideend|p1: Scrunt_Punter|move: Tailwind\n|upkeep\n|\n|t:|1776719679\n|switch|p1b: the set|Milotic, L50, M, shiny|100/100\n|turn|5\n|\n|t:|1776719686\n|move|p2a: Basculegion|Aqua Jet|p1a: Ice 2 Meet U\n|-damage|p1a: Ice 2 Meet U|14/100\n|move|p2b: Aerodactyl|Rock Slide|p1b: the set|[spread] p1a,p1b\n|-supereffective|p1a: Ice 2 Meet U|1\n|-damage|p1a: Ice 2 Meet U|0 fnt\n|-damage|p1b: the set|78/100\n|faint|p1a: Ice 2 Meet U\n|move|p1b: the set|Coil|p1b: the set\n|-boost|p1b: the set|atk|1\n|-boost|p1b: the set|def|1\n|-boost|p1b: the set|accuracy|1\n|\n|-weather|Snowscape|[upkeep]\n|-heal|p1b: the set|83/100|[from] item: Leftovers\n|upkeep\n|turn|6\n|\n|t:|1776719692\n|switch|p2a: Sneasler|Sneasler, L50, M|100/100\n|move|p2b: Aerodactyl|Rock Slide|p1b: the set\n|-damage|p1b: the set|62/100\n|move|p1b: the set|Hypnosis|p2a: Sneasler\n|-status|p2a: Sneasler|slp|[from] move: Hypnosis\n|\n|-weather|Snowscape|[upkeep]\n|-heal|p1b: the set|68/100|[from] item: Leftovers\n|upkeep\n|turn|7\n|\n|t:|1776719703\n|move|p2b: Aerodactyl|Rock Slide|p1b: the set|[miss]\n|-miss|p2b: Aerodactyl|p1b: the set\n|cant|p2a: Sneasler|slp\n|move|p1b: the set|Hydro Pump|p2a: Sneasler\n|-damage|p2a: Sneasler|35/100 slp\n|\n|-weather|none\n|-heal|p1b: the set|73/100|[from] item: Leftovers\n|upkeep\n|turn|8\n|\n|t:|1776719711\n|move|p2b: Aerodactyl|Rock Slide|p1b: the set\n|-damage|p1b: the set|50/100\n|cant|p2a: Sneasler|slp\n|move|p1b: the set|Hydro Pump|p2a: Sneasler\n|-damage|p2a: Sneasler|0 fnt\n|faint|p2a: Sneasler\n|\n|-heal|p1b: the set|56/100|[from] item: Leftovers\n|upkeep\n|\n|t:|1776719716\n|switch|p2a: Basculegion|Basculegion, L50, M|100/100\n|turn|9\n|\n|t:|1776719720\n|move|p2b: Aerodactyl|Rock Slide|p1b: the set\n|-damage|p1b: the set|32/100\n|move|p2a: Basculegion|Last Respects|p1b: the set\n|-damage|p1b: the set|0 fnt\n|faint|p1b: the set\n|\n|win|Uncreative7452\n|raw|Scrunt_Punter's rating: 1201 &rarr; <strong>1172</strong><br />(-29 for losing)\n|raw|Uncreative7452's rating: 1148 &rarr; <strong>1177</strong><br />(+29 for winning)\n|l|\u2606Scrunt_Punter\n|player|p1|\n",
  "uploadtime": 1776719724,
  "views": 12,
  "formatid": "gen9championsvgc2026regma",
  "rating": 1172,
  "private": 0,
  "password": null
}