{
  "id": "gen9championsvgc2026regma-2584852748",
  "format": "[Gen 9 Champions] VGC 2026 Reg M-A",
  "players": [
    "benjiapollo",
    "ToastTopping"
  ],
  "log": "|j|\u2606benjiapollo\n|j|\u2606ToastTopping\n|t:|1776288758\n|gametype|doubles\n|player|p1|benjiapollo|giovanni|1275\n|player|p2|ToastTopping|hilbert-wonderlauncher|1242\n|gen|9\n|tier|[Gen 9 Champions] VGC 2026 Reg M-A\n|rated|\n|rule|Species Clause: Limit one of each Pok\u00e9mon\n|rule|Item Clause: Limit 1 of each item\n|clearpoke\n|poke|p1|Basculegion, L50, M|\n|poke|p1|Charizard, L50, F|\n|poke|p1|Kingambit, L50, M|\n|poke|p1|Sneasler, L50, F|\n|poke|p1|Venusaur, L50, M|\n|poke|p1|Talonflame, L50, M|\n|poke|p2|Gardevoir, L50, F|\n|poke|p2|Maushold-Four, L50|\n|poke|p2|Garchomp, L50, F|\n|poke|p2|Pelipper, L50, M|\n|poke|p2|Farigiraf, L50, M|\n|poke|p2|Talonflame, L50, F|\n|teampreview|4\n|\n|t:|1776288823\n|teamsize|p1|4\n|teamsize|p2|4\n|start\n|switch|p1a: Sneasler|Sneasler, L50, F|100/100\n|switch|p1b: Kingambit|Kingambit, L50, M|100/100\n|switch|p2a: Gardevoir|Gardevoir, L50, F, shiny|100/100\n|switch|p2b: Talonflame|Talonflame, L50, F, shiny|100/100\n|turn|1\n|inactive|Battle timer is ON: inactive players will automatically lose when time's up. (requested by ToastTopping)\n|inactive|benjiapollo has 60 seconds left.\n|\n|t:|1776288855\n|move|p2b: Talonflame|Protect|p2b: Talonflame\n|-singleturn|p2b: Talonflame|Protect\n|move|p2a: Gardevoir|Protect|p2a: Gardevoir\n|-singleturn|p2a: Gardevoir|Protect\n|move|p1a: Sneasler|Fake Out|p2b: Talonflame\n|-activate|p2b: Talonflame|move: Protect\n|move|p1b: Kingambit|Iron Head|p2a: Gardevoir\n|-activate|p2a: Gardevoir|move: Protect\n|\n|upkeep\n|turn|2\n|\n|t:|1776288875\n|switch|p2a: Garchomp|Garchomp, L50, F|100/100\n|move|p1a: Sneasler|Protect|p1a: Sneasler\n|-singleturn|p1a: Sneasler|Protect\n|move|p2b: Talonflame|Dual Wingbeat|p1a: Sneasler\n|-activate|p1a: Sneasler|move: Protect\n|move|p1b: Kingambit|Iron Head|p2a: Garchomp\n|-damage|p2a: Garchomp|56/100\n|-damage|p1b: Kingambit|88/100|[from] ability: Rough Skin|[of] p2a: Garchomp\n|\n|upkeep\n|turn|3\n|inactive|benjiapollo has 30 seconds left.\n|\n|t:|1776288909\n|switch|p1a: Charizard|Charizard, L50, F|100/100\n|move|p2b: Talonflame|Tailwind|p2b: Talonflame\n|-sidestart|p2: ToastTopping|move: Tailwind\n|move|p2a: Garchomp|Earthquake|p1a: Charizard|[spread] p1b\n|-immune|p2b: Talonflame\n|-immune|p1a: Charizard\n|-supereffective|p1b: Kingambit|1\n|-damage|p1b: Kingambit|28/100\n|move|p1b: Kingambit|Kowtow Cleave|p2a: Garchomp\n|-damage|p2a: Garchomp|0 fnt\n|-damage|p1b: Kingambit|15/100|[from] ability: Rough Skin|[of] p2a: Garchomp\n|faint|p2a: Garchomp\n|\n|upkeep\n|\n|t:|1776288924\n|switch|p2a: Gardevoir|Gardevoir, L50, F, shiny|100/100\n|turn|4\n|\n|t:|1776288940\n|detailschange|p2a: Gardevoir|Gardevoir-Mega, L50, F, shiny\n|-mega|p2a: Gardevoir|Gardevoir|Gardevoirite\n|move|p1a: Charizard|Protect|p1a: Charizard\n|-singleturn|p1a: Charizard|Protect\n|move|p2b: Talonflame|Dual Wingbeat|p1a: Charizard\n|-activate|p1a: Charizard|move: Protect\n|move|p1b: Kingambit|Sucker Punch||[still]\n|-fail|p1b: Kingambit\n|move|p2a: Gardevoir|Hyper Voice|p1b: Kingambit|[spread] p1b\n|-activate|p1a: Charizard|move: Protect\n|-crit|p1b: Kingambit\n|-damage|p1b: Kingambit|0 fnt\n|faint|p1b: Kingambit\n|\n|upkeep\n|\n|t:|1776288955\n|switch|p1b: Sneasler|Sneasler, L50, F|100/100\n|turn|5\n|\n|t:|1776288975\n|switch|p2a: Farigiraf|Farigiraf, L50, M, shiny|100/100\n|move|p2b: Talonflame|Dual Wingbeat|p1b: Sneasler|[miss]\n|-miss|p2b: Talonflame|p1b: Sneasler\n|move|p1b: Sneasler|Close Combat|p1a: Charizard\n|-resisted|p1a: Charizard|1\n|-damage|p1a: Charizard|59/100\n|-unboost|p1b: Sneasler|def|1\n|-unboost|p1b: Sneasler|spd|1\n|-enditem|p1b: Sneasler|White Herb\n|-clearnegativeboost|p1b: Sneasler|[silent]\n|move|p1a: Charizard|Flare Blitz|p2a: Farigiraf\n|-damage|p2a: Farigiraf|66/100\n|-damage|p1a: Charizard|42/100|[from] Recoil\n|\n|upkeep\n|turn|6\n|inactive|benjiapollo has 30 seconds left.\n|\n|t:|1776289004\n|detailschange|p1a: Charizard|Charizard-Mega-X, L50, F\n|-mega|p1a: Charizard|Charizard|Charizardite X\n|move|p2b: Talonflame|Protect|p2b: Talonflame\n|-singleturn|p2b: Talonflame|Protect\n|move|p1b: Sneasler|Protect|p1b: Sneasler\n|-singleturn|p1b: Sneasler|Protect\n|move|p1a: Charizard|Dragon Claw|p2a: Farigiraf\n|-damage|p2a: Farigiraf|26/100\n|-enditem|p2a: Farigiraf|Sitrus Berry|[eat]\n|-heal|p2a: Farigiraf|51/100|[from] item: Sitrus Berry\n|move|p2a: Farigiraf|Trick Room|p2a: Farigiraf\n|-fieldstart|move: Trick Room|[of] p2a: Farigiraf\n|\n|-sideend|p2: ToastTopping|move: Tailwind\n|upkeep\n|turn|7\n|inactive|benjiapollo has 30 seconds left.\n|\n|t:|1776289031\n|switch|p1b: Basculegion|Basculegion, L50, M|100/100\n|move|p2b: Talonflame|Dual Wingbeat|p1a: Charizard\n|-damage|p1a: Charizard|27/100\n|-damage|p1a: Charizard|11/100\n|-hitcount|p1a: Charizard|2\n|move|p2a: Farigiraf|Psychic|p1b: Basculegion\n|-damage|p1b: Basculegion|60/100\n|move|p1a: Charizard|Dragon Claw|p2b: Talonflame\n|-damage|p2b: Talonflame|21/100\n|\n|upkeep\n|turn|8\n|\n|t:|1776289050\n|move|p1a: Charizard|Protect|p1a: Charizard\n|-singleturn|p1a: Charizard|Protect\n|move|p2b: Talonflame|Protect|p2b: Talonflame\n|-singleturn|p2b: Talonflame|Protect\n|move|p2a: Farigiraf|Foul Play|p1b: Basculegion\n|-supereffective|p1b: Basculegion|1\n|-damage|p1b: Basculegion|0 fnt\n|faint|p1b: Basculegion\n|\n|upkeep\n|\n|t:|1776289058\n|switch|p1b: Sneasler|Sneasler, L50, F|100/100\n|turn|9\n|\n|t:|1776289068\n|move|p1b: Sneasler|Protect|p1b: Sneasler\n|-singleturn|p1b: Sneasler|Protect\n|move|p2a: Farigiraf|Psychic|p1b: Sneasler\n|-activate|p1b: Sneasler|move: Protect\n|move|p1a: Charizard|Dragon Claw|p2a: Farigiraf\n|-damage|p2a: Farigiraf|12/100\n|move|p2b: Talonflame|Dual Wingbeat|p1a: Charizard\n|-damage|p1a: Charizard|0 fnt\n|faint|p1a: Charizard\n|-hitcount|p1: Charizard|1\n|\n|upkeep\n|turn|10\n|\n|t:|1776289083\n|move|p2a: Farigiraf|Psychic|p1b: Sneasler\n|-supereffective|p1b: Sneasler|2\n|-damage|p1b: Sneasler|0 fnt\n|faint|p1b: Sneasler\n|\n|win|ToastTopping\n|raw|benjiapollo's rating: 1275 &rarr; <strong>1248</strong><br />(-27 for losing)\n|raw|ToastTopping's rating: 1242 &rarr; <strong>1269</strong><br />(+27 for winning)\n",
  "uploadtime": 1776289088,
  "views": 36,
  "formatid": "gen9championsvgc2026regma",
  "rating": 1248,
  "private": 0,
  "password": null
}