{
  "id": "gen9championsvgc2026regma-2580697496",
  "format": "[Gen 9 Champions] VGC 2026 Reg M-A",
  "players": [
    "talesuhh",
    "IuseExeggutor"
  ],
  "log": "|j|\u2606talesuhh\n|j|\u2606IuseExeggutor\n|t:|1775925127\n|gametype|doubles\n|player|p1|talesuhh|2|1000\n|player|p2|IuseExeggutor|psychic-gen3rs|1000\n|gen|9\n|tier|[Gen 9 Champions] VGC 2026 Reg M-A\n|rated|\n|rule|Species Clause: Limit one of each Pok\u00e9mon\n|rule|Item Clause: Limit 1 of each item\n|clearpoke\n|poke|p1|Meganium, L50, F|\n|poke|p1|Vanilluxe, L50, F|\n|poke|p1|Hawlucha, L50, M|\n|poke|p1|Whimsicott, L50, M|\n|poke|p1|Primarina, L50, M|\n|poke|p1|Incineroar, L50, F|\n|poke|p2|Torkoal, L50, M|\n|poke|p2|Houndoom, L50, M|\n|poke|p2|Maushold-Four, L50|\n|poke|p2|Leafeon, L50, M|\n|poke|p2|Talonflame, L50, M|\n|poke|p2|Sylveon, L50, F|\n|teampreview|4\ntalesuhh rejected open team sheets.\n|\n|t:|1775925160\n|teamsize|p1|4\n|teamsize|p2|4\n|start\n|switch|p1a: Hawlucha|Hawlucha, L50, M|100/100\n|switch|p1b: Vanilluxe|Vanilluxe, L50, F|100/100\n|switch|p2a: torkoal.png|Torkoal, L50, M|100/100\n|switch|p2b: Maushold|Maushold-Four, L50|100/100\n|-ability|p1a: Hawlucha|Mold Breaker\n|-weather|Snowscape|[from] ability: Snow Warning|[of] p1b: Vanilluxe\n|-weather|SunnyDay|[from] ability: Drought|[of] p2a: torkoal.png\n|turn|1\n|\n|t:|1775925178\n|switch|p1b: Incineroar|Incineroar, L50, F|100/100\n|-ability|p1b: Incineroar|Intimidate|boost\n|-unboost|p2a: torkoal.png|atk|1\n|-unboost|p2b: Maushold|atk|1\n|detailschange|p1a: Hawlucha|Hawlucha-Mega, L50, M\n|-mega|p1a: Hawlucha|Hawlucha|Hawluchanite\n|move|p1a: Hawlucha|High Jump Kick|p2b: Maushold\n|-supereffective|p2b: Maushold|1\n|-enditem|p2b: Maushold|Focus Sash\n|-damage|p2b: Maushold|1/100\n|move|p2b: Maushold|After You|p2a: torkoal.png\n|-activate|p2a: torkoal.png|move: After You\n|move|p2a: torkoal.png|Eruption|p1b: Incineroar|[spread] p1a,p1b\n|-resisted|p1b: Incineroar|1\n|-damage|p1a: Hawlucha|4/100\n|-damage|p1b: Incineroar|64/100\n|\n|-weather|SunnyDay|[upkeep]\n|upkeep\n|turn|2\n|-activate|p2a: torkoal.png|item: Quick Claw\n|\n|t:|1775925206\n|move|p1a: Hawlucha|Protect|p1a: Hawlucha\n|-singleturn|p1a: Hawlucha|Protect\n|move|p1b: Incineroar|Fake Out|p2b: Maushold\n|-damage|p2b: Maushold|0 fnt\n|faint|p2b: Maushold\n|move|p2a: torkoal.png|Heat Wave|p1a: Hawlucha|[spread] p1b\n|-activate|p1a: Hawlucha|move: Protect\n|-resisted|p1b: Incineroar|1\n|-damage|p1b: Incineroar|43/100\n|\n|-weather|SunnyDay|[upkeep]\n|upkeep\n|\n|t:|1775925217\n|switch|p2b: Talonflame|Talonflame, L50, M, shiny|100/100\n|turn|3\n|\n|t:|1775925232\n|switch|p1b: Vanilluxe|Vanilluxe, L50, F|100/100\n|-weather|Snowscape|[from] ability: Snow Warning|[of] p1b: Vanilluxe\n|move|p2b: Talonflame|Tailwind|p2b: Talonflame\n|-sidestart|p2: IuseExeggutor|move: Tailwind\n|move|p1a: Hawlucha|Entrainment|p1b: Vanilluxe\n|-ability|p1b: Vanilluxe|No Guard|Snow Warning|[from] move: Entrainment|[of] p1a: Hawlucha\n|move|p2a: torkoal.png|Earth Power|p1b: Vanilluxe\n|-damage|p1b: Vanilluxe|72/100\n|-unboost|p1b: Vanilluxe|spd|1\n|\n|-weather|Snowscape|[upkeep]\n|upkeep\n|turn|4\n|c|\u2606IuseExeggutor|i am horrified\n|\n|t:|1775925256\n|switch|p2a: Houndoom|Houndoom, L50, M, shiny|100/100\n|move|p2b: Talonflame|U-turn|p1a: Hawlucha\n|-resisted|p1a: Hawlucha|2\n|-damage|p1a: Hawlucha|0 fnt\n|faint|p1a: Hawlucha\n|\n|t:|1775925262\n|switch|p2b: torkoal.png|Torkoal, L50, M|100/100|[from] U-turn\n|-weather|SunnyDay|[from] ability: Drought|[of] p2b: torkoal.png\n|move|p1b: Vanilluxe|Sheer Cold|p2b: torkoal.png\n|-damage|p2b: torkoal.png|0 fnt\n|faint|p2b: torkoal.png\n|-ohko\n|\n|-weather|SunnyDay|[upkeep]\n|upkeep\n|\n|t:|1775925272\n|switch|p1a: Incineroar|Incineroar, L50, F|43/100\n|switch|p2b: Talonflame|Talonflame, L50, M, shiny|100/100\n|-ability|p1a: Incineroar|Intimidate|boost\n|-unboost|p2a: Houndoom|atk|1\n|-unboost|p2b: Talonflame|atk|1\n|turn|5\n|\n|t:|1775925289\n|detailschange|p2a: Houndoom|Houndoom-Mega, L50, M, shiny\n|-mega|p2a: Houndoom|Houndoom|Houndoominite\n|move|p1a: Incineroar|Fake Out|p2b: Talonflame\n|-damage|p2b: Talonflame|78/100\n|cant|p2b: Talonflame|flinch\n|move|p2a: Houndoom|Heat Wave|p1a: Incineroar|[spread] p1a,p1b\n|-resisted|p1a: Incineroar|1\n|-supereffective|p1b: Vanilluxe|1\n|-damage|p1a: Incineroar|0 fnt\n|-damage|p1b: Vanilluxe|0 fnt\n|faint|p1a: Incineroar\n|faint|p1b: Vanilluxe\n|\n|-weather|SunnyDay|[upkeep]\n|-damage|p2a: Houndoom|88/100|[from] ability: Solar Power|[of] p2a: Houndoom\n|upkeep\n|\n|t:|1775925321\n|switch|p1a: Primarina|Primarina, L50, M|100/100\n|turn|6\n|\n|t:|1775925326\n|move|p1a: Primarina|Protect|p1a: Primarina\n|-singleturn|p1a: Primarina|Protect\n|move|p2b: Talonflame|Brave Bird|p1a: Primarina\n|-activate|p1a: Primarina|move: Protect\n|move|p2a: Houndoom|Solar Beam||[still]\n|-prepare|p2a: Houndoom|Solar Beam\n|-anim|p2a: Houndoom|Solar Beam|p1a: Primarina\n|-activate|p1a: Primarina|move: Protect\n|\n|-weather|SunnyDay|[upkeep]\n|-damage|p2a: Houndoom|76/100|[from] ability: Solar Power|[of] p2a: Houndoom\n|-sideend|p2: IuseExeggutor|move: Tailwind\n|upkeep\n|turn|7\n|\n|t:|1775925338\n|move|p2b: Talonflame|Brave Bird|p1a: Primarina\n|-damage|p1a: Primarina|63/100\n|-damage|p2b: Talonflame|63/100|[from] Recoil\n|move|p2a: Houndoom|Solar Beam||[still]\n|-prepare|p2a: Houndoom|Solar Beam\n|-anim|p2a: Houndoom|Solar Beam|p1a: Primarina\n|-supereffective|p1a: Primarina|1\n|-damage|p1a: Primarina|0 fnt\n|faint|p1a: Primarina\n|\n|win|IuseExeggutor\n|raw|talesuhh's rating: 1000 &rarr; <strong>1000</strong><br />(+0 for losing)\n|raw|IuseExeggutor's rating: 1000 &rarr; <strong>1040</strong><br />(+40 for winning)\n|l|\u2606talesuhh\n|player|p1|\n",
  "uploadtime": 1775925349,
  "views": 10,
  "formatid": "gen9championsvgc2026regma",
  "rating": 1000,
  "private": 0,
  "password": null
}