{
  "id": "gen9championsvgc2026regma-2587495706",
  "format": "[Gen 9 Champions] VGC 2026 Reg M-A",
  "players": [
    "snowoy",
    "Wartac"
  ],
  "log": "|j|\u2606snowoy\n|j|\u2606Wartac\n|t:|1776536698\n|gametype|doubles\n|player|p1|snowoy|1|1095\n|player|p2|Wartac|gambler|1084\n|gen|9\n|tier|[Gen 9 Champions] VGC 2026 Reg M-A\n|rated|\n|rule|Species Clause: Limit one of each Pok\u00e9mon\n|rule|Item Clause: Limit 1 of each item\n|clearpoke\n|poke|p1|Aggron, L50, F|\n|poke|p1|Farigiraf, L50, M|\n|poke|p1|Lucario, L50, F|\n|poke|p1|Sinistcha-Masterpiece, L50|\n|poke|p1|Golurk, L50|\n|poke|p1|Toucannon, L50, M|\n|poke|p2|Venusaur, L50, M|\n|poke|p2|Basculegion, L50, M|\n|poke|p2|Incineroar, L50, F, shiny|\n|poke|p2|Sneasler, L50, M|\n|poke|p2|Dragonite, L50, M, shiny|\n|poke|p2|Aegislash, L50, M, shiny|\n|teampreview|4\n|\n|t:|1776536720\n|teamsize|p1|4\n|teamsize|p2|4\n|start\n|switch|p1a: Aggron|Aggron, L50, F|100/100\n|switch|p1b: Farigiraf|Farigiraf, L50, M|100/100\n|switch|p2a: Dragonite|Dragonite, L50, M, shiny|100/100\n|switch|p2b: Incineroar|Incineroar, L50, F, shiny|100/100\n|-ability|p2b: Incineroar|Intimidate|boost\n|-unboost|p1a: Aggron|atk|1\n|-unboost|p1b: Farigiraf|atk|1\n|turn|1\n|inactive|Battle timer is ON: inactive players will automatically lose when time's up. (requested by snowoy)\n|\n|t:|1776536731\n|detailschange|p2a: Dragonite|Dragonite-Mega, L50, M, shiny\n|-mega|p2a: Dragonite|Dragonite|Dragoninite\n|move|p2a: Dragonite|Dragon Pulse|p1b: Farigiraf\n|-damage|p1b: Farigiraf|66/100\n|move|p2b: Incineroar|Darkest Lariat|p1b: Farigiraf\n|-supereffective|p1b: Farigiraf|1\n|-enditem|p1b: Farigiraf|Colbur Berry|[eat]\n|-enditem|p1b: Farigiraf|Colbur Berry|[weaken]\n|-damage|p1b: Farigiraf|30/100\n|move|p1a: Aggron|Curse|p1a: Aggron\n|-unboost|p1a: Aggron|spe|1\n|-boost|p1a: Aggron|atk|1\n|-boost|p1a: Aggron|def|1\n|move|p1b: Farigiraf|Trick Room|p1b: Farigiraf\n|-fieldstart|move: Trick Room|[of] p1b: Farigiraf\n|\n|upkeep\n|turn|2\n|\n|t:|1776536751\n|move|p1b: Farigiraf|Protect|p1b: Farigiraf\n|-singleturn|p1b: Farigiraf|Protect\n|move|p1a: Aggron|Curse|p1a: Aggron\n|-unboost|p1a: Aggron|spe|1\n|-boost|p1a: Aggron|atk|1\n|-boost|p1a: Aggron|def|1\n|move|p2b: Incineroar|Parting Shot|p1a: Aggron\n|-unboost|p1a: Aggron|atk|1\n|-unboost|p1a: Aggron|spa|1\n|\n|t:|1776536761\n|switch|p2b: Aegislash|Aegislash, L50, M, shiny|100/100|[from] Parting Shot\n|move|p2a: Dragonite|Dragon Pulse|p1a: Aggron\n|-resisted|p1a: Aggron|1\n|-damage|p1a: Aggron|70/100\n|\n|upkeep\n|turn|3\n|\n|t:|1776536785\n|switch|p1b: Sinistcha|Sinistcha-Masterpiece, L50|100/100\n|-heal|p1a: Aggron|94/100|[from] ability: Hospitality|[of] p1b: Sinistcha\n|move|p1a: Aggron|Curse|p1a: Aggron\n|-unboost|p1a: Aggron|spe|1\n|-boost|p1a: Aggron|atk|1\n|-boost|p1a: Aggron|def|1\n|-formechange|p2b: Aegislash|Aegislash-Blade|\n|move|p2b: Aegislash|Iron Head|p1a: Aggron\n|-damage|p1a: Aggron|83/100\n|move|p2a: Dragonite|Thunderbolt|p1a: Aggron\n|-damage|p1a: Aggron|37/100\n|\n|upkeep\n|turn|4\n|inactive|snowoy has 30 seconds left.\n|inactive|snowoy has 20 seconds left.\n|\n|t:|1776536821\n|switch|p1b: Farigiraf|Farigiraf, L50, M|30/100\n|detailschange|p1a: Aggron|Aggron-Mega, L50, F\n|-mega|p1a: Aggron|Aggron|Aggronite\n|-formechange|p2b: Aegislash|Aegislash|\n|move|p2b: Aegislash|King's Shield|p2b: Aegislash\n|-singleturn|p2b: Aegislash|Protect\n|move|p1a: Aggron|Body Press|p2a: Dragonite\n|-resisted|p2a: Dragonite|1\n|-damage|p2a: Dragonite|78/100\n|move|p2a: Dragonite|Dragon Pulse|p1b: Farigiraf\n|-damage|p1b: Farigiraf|0 fnt\n|faint|p1b: Farigiraf\n|\n|upkeep\n|\n|t:|1776536837\n|switch|p1b: Sinistcha|Sinistcha-Masterpiece, L50|100/100\n|-heal|p1a: Aggron|62/100|[from] ability: Hospitality|[of] p1b: Sinistcha\n|turn|5\n|\n|t:|1776536852\n|move|p2a: Dragonite|Protect|p2a: Dragonite\n|-singleturn|p2a: Dragonite|Protect\n|move|p1a: Aggron|Iron Head|p2a: Dragonite\n|-activate|p2a: Dragonite|move: Protect\n|move|p1b: Sinistcha|Strength Sap|p2a: Dragonite\n|-activate|p2a: Dragonite|move: Protect\n|-formechange|p2b: Aegislash|Aegislash-Blade|\n|move|p2b: Aegislash|Poltergeist|p1b: Sinistcha\n|-activate|p1b: Sinistcha|move: Poltergeist|Occa Berry\n|-supereffective|p1b: Sinistcha|1\n|-damage|p1b: Sinistcha|0 fnt\n|faint|p1b: Sinistcha\n|\n|-fieldend|move: Trick Room\n|upkeep\n|\n|t:|1776536855\n|switch|p1b: Lucario|Lucario, L50, F|100/100\n|turn|6\n|\n|t:|1776536877\n|move|p2a: Dragonite|Thunderbolt|p1a: Aggron\n|-damage|p1a: Aggron|19/100\n|move|p1b: Lucario|Psych Up|p1a: Aggron\n|-copyboost|p1b: Lucario|p1a: Aggron|[from] move: Psych Up\n|move|p2b: Aegislash|Poltergeist|p1a: Aggron|[miss]\n|-miss|p2b: Aegislash|p1a: Aggron\n|move|p1a: Aggron|Iron Head|p2a: Dragonite\n|-damage|p2a: Dragonite|35/100\n|\n|upkeep\n|turn|7\n|inactive|snowoy has 30 seconds left.\n|\n|t:|1776536906\n|move|p1b: Lucario|Extreme Speed|p2a: Dragonite\n|-damage|p2a: Dragonite|9/100\n|move|p2a: Dragonite|Thunderbolt|p1a: Aggron\n|-damage|p1a: Aggron|0 fnt\n|faint|p1a: Aggron\n|move|p2b: Aegislash|Poltergeist|p1b: Lucario\n|-activate|p1b: Lucario|move: Poltergeist|Lucarionite\n|-damage|p1b: Lucario|60/100\n|\n|upkeep\n|turn|8\n|\n|t:|1776536926\n|move|p2a: Dragonite|Protect|p2a: Dragonite\n|-singleturn|p2a: Dragonite|Protect\n|move|p1b: Lucario|Extreme Speed|p2a: Dragonite\n|-activate|p2a: Dragonite|move: Protect\n|move|p2b: Aegislash|Poltergeist|p1b: Lucario\n|-activate|p1b: Lucario|move: Poltergeist|Lucarionite\n|-damage|p1b: Lucario|19/100\n|\n|upkeep\n|turn|9\n|-message|snowoy forfeited.\n|\n|win|Wartac\n|raw|snowoy's rating: 1095 &rarr; <strong>1070</strong><br />(-25 for losing)\n|raw|Wartac's rating: 1084 &rarr; <strong>1112</strong><br />(+28 for winning)\n|l|\u2606snowoy\n|player|p1|\n",
  "uploadtime": 1776536938,
  "views": 17,
  "formatid": "gen9championsvgc2026regma",
  "rating": 1070,
  "private": 0,
  "password": null
}