{
  "id": "gen9championsvgc2026regma-2587815824",
  "format": "[Gen 9 Champions] VGC 2026 Reg M-A",
  "players": [
    "zhz2021",
    "jaesun0810"
  ],
  "log": "|j|\u2606zhz2021\n|j|\u2606jaesun0810\n|t:|1776566876\n|gametype|doubles\n|player|p1|zhz2021|marley|1532\n|player|p2|jaesun0810|102|1482\n|gen|9\n|tier|[Gen 9 Champions] VGC 2026 Reg M-A\n|rated|\n|rule|Species Clause: Limit one of each Pok\u00e9mon\n|rule|Item Clause: Limit 1 of each item\n|clearpoke\n|poke|p1|Sableye, L50, M|\n|poke|p1|Archaludon, L50, M|\n|poke|p1|Scovillain, L50, M, shiny|\n|poke|p1|Basculegion-F, L50, F, shiny|\n|poke|p1|Pelipper, L50, M|\n|poke|p1|Toxicroak, L50, F|\n|poke|p2|Basculegion, L50, M|\n|poke|p2|Sableye, L50, M|\n|poke|p2|Archaludon, L50, M|\n|poke|p2|Meganium, L50, F|\n|poke|p2|Pelipper, L50, F|\n|poke|p2|Sneasler, L50, M|\n|teampreview|4\n|\n|t:|1776566914\n|teamsize|p1|4\n|teamsize|p2|4\n|start\n|switch|p1a: Scovillain|Scovillain, L50, M, shiny|100/100\n|switch|p1b: Pelipper|Pelipper, L50, M|100/100\n|switch|p2a: Sneasler|Sneasler, L50, M|100/100\n|switch|p2b: Archaludon|Archaludon, L50, M|100/100\n|-weather|RainDance|[from] ability: Drizzle|[of] p1b: Pelipper\n|turn|1\n|\n|t:|1776566930\n|detailschange|p1a: Scovillain|Scovillain-Mega, L50, M, shiny\n|-mega|p1a: Scovillain|Scovillain|Scovillainite\n|move|p2a: Sneasler|Fake Out|p1b: Pelipper\n|-damage|p1b: Pelipper|82/100\n|move|p1a: Scovillain|Rage Powder|p1a: Scovillain\n|-singleturn|p1a: Scovillain|move: Rage Powder\n|cant|p1b: Pelipper|flinch\n|move|p2b: Archaludon|Electro Shot||[still]\n|-prepare|p2b: Archaludon|Electro Shot\n|-boost|p2b: Archaludon|spa|1\n|-anim|p2b: Archaludon|Electro Shot|p1a: Scovillain\n|-resisted|p1a: Scovillain|1\n|-damage|p1a: Scovillain|71/100\n|-status|p2b: Archaludon|brn|[from] ability: Spicy Spray|[of] p1a: Scovillain\n|\n|-weather|RainDance|[upkeep]\n|-damage|p2b: Archaludon|94/100 brn|[from] brn\n|upkeep\n|turn|2\n|\n|t:|1776566953\n|move|p2a: Sneasler|Protect|p2a: Sneasler\n|-singleturn|p2a: Sneasler|Protect\n|move|p1b: Pelipper|Soak|p2b: Archaludon\n|-start|p2b: Archaludon|typechange|Water\n|move|p2b: Archaludon|Electro Shot||[still]\n|-prepare|p2b: Archaludon|Electro Shot\n|-boost|p2b: Archaludon|spa|1\n|-anim|p2b: Archaludon|Electro Shot|p1b: Pelipper\n|-supereffective|p1b: Pelipper|2\n|-damage|p1b: Pelipper|0 fnt\n|faint|p1b: Pelipper\n|move|p1a: Scovillain|Giga Drain|p2b: Archaludon\n|-supereffective|p2b: Archaludon|1\n|-damage|p2b: Archaludon|32/100 brn\n|-heal|p1a: Scovillain|100/100|[from] drain|[of] p2b: Archaludon\n|-ability|p2b: Archaludon|Stamina|boost\n|-boost|p2b: Archaludon|def|1\n|\n|-weather|RainDance|[upkeep]\n|-heal|p2b: Archaludon|38/100 brn|[from] item: Leftovers\n|-damage|p2b: Archaludon|32/100 brn|[from] brn\n|upkeep\n|\n|t:|1776566962\n|switch|p1b: Toxicroak|Toxicroak, L50, F|100/100\n|turn|3\n|\n|t:|1776566974\n|move|p1b: Toxicroak|Protect|p1b: Toxicroak\n|-singleturn|p1b: Toxicroak|Protect\n|move|p2a: Sneasler|Close Combat|p1b: Toxicroak\n|-activate|p1b: Toxicroak|move: Protect\n|move|p2b: Archaludon|Electro Shot||[still]\n|-prepare|p2b: Archaludon|Electro Shot\n|-boost|p2b: Archaludon|spa|1\n|-anim|p2b: Archaludon|Electro Shot|p1b: Toxicroak\n|-activate|p1b: Toxicroak|move: Protect\n|move|p1a: Scovillain|Giga Drain|p2b: Archaludon\n|-supereffective|p2b: Archaludon|1\n|-damage|p2b: Archaludon|0 fnt\n|faint|p2b: Archaludon\n|\n|-weather|RainDance|[upkeep]\n|upkeep\n|\n|t:|1776566981\n|switch|p2b: Meganium|Meganium, L50, F|100/100\n|turn|4\n|\n|t:|1776567013\n|switch|p2b: Basculegion|Basculegion, L50, M|100/100\n|move|p2a: Sneasler|Dire Claw|p1a: Scovillain\n|-supereffective|p1a: Scovillain|1\n|-damage|p1a: Scovillain|2/100\n|-status|p1a: Scovillain|slp\n|-status|p2a: Sneasler|brn|[from] ability: Spicy Spray|[of] p1a: Scovillain\n|move|p1b: Toxicroak|Gunk Shot|p2b: Basculegion\n|-resisted|p2b: Basculegion|1\n|-damage|p2b: Basculegion|62/100\n|cant|p1a: Scovillain|slp\n|\n|-weather|RainDance|[upkeep]\n|-damage|p2a: Sneasler|95/100 brn|[from] brn\n|upkeep\n|turn|5\n|\n|t:|1776567071\n|switch|p2b: Meganium|Meganium, L50, F|100/100\n|cant|p1a: Scovillain|slp\n|move|p1b: Toxicroak|Sucker Punch||[still]\n|-fail|p1b: Toxicroak\n|move|p2a: Sneasler|Close Combat|p1a: Scovillain\n|-damage|p1a: Scovillain|0 fnt\n|-unboost|p2a: Sneasler|def|1\n|-unboost|p2a: Sneasler|spd|1\n|faint|p1a: Scovillain\n|-enditem|p2a: Sneasler|White Herb\n|-clearnegativeboost|p2a: Sneasler|[silent]\n|\n|-weather|none\n|-damage|p2a: Sneasler|89/100 brn|[from] brn\n|upkeep\n|\n|t:|1776567098\n|switch|p1a: Basculegion|Basculegion-F, L50, F, shiny|100/100\n|turn|6\n|\n|t:|1776567117\n|detailschange|p2b: Meganium|Meganium-Mega, L50, F\n|-mega|p2b: Meganium|Meganium|Meganiumite\n|move|p2a: Sneasler|Close Combat|p1b: Toxicroak\n|-resisted|p1b: Toxicroak|1\n|-damage|p1b: Toxicroak|78/100\n|-unboost|p2a: Sneasler|def|1\n|-unboost|p2a: Sneasler|spd|1\n|move|p2b: Meganium|Dazzling Gleam|p1a: Basculegion|[spread] p1a,p1b\n|-damage|p1a: Basculegion|66/100\n|-damage|p1b: Toxicroak|39/100\n|move|p1a: Basculegion|Icy Wind|p2b: Meganium|[spread] p2b\n|-miss|p1a: Basculegion|p2a: Sneasler\n|-supereffective|p2b: Meganium|1\n|-damage|p2b: Meganium|79/100\n|-unboost|p2b: Meganium|spe|1\n|move|p1b: Toxicroak|Gunk Shot|p2b: Meganium|[miss]\n|-miss|p1b: Toxicroak|p2b: Meganium\n|\n|-damage|p2a: Sneasler|83/100 brn|[from] brn\n|upkeep\n|turn|7\n|\n|t:|1776567137\n|move|p2a: Sneasler|Close Combat|p1b: Toxicroak\n|-resisted|p1b: Toxicroak|1\n|-damage|p1b: Toxicroak|16/100\n|-unboost|p2a: Sneasler|def|1\n|-unboost|p2a: Sneasler|spd|1\n|move|p1a: Basculegion|Icy Wind|p2a: Sneasler|[spread] p2a,p2b\n|-supereffective|p2b: Meganium|1\n|-damage|p2a: Sneasler|46/100 brn\n|-damage|p2b: Meganium|60/100\n|-unboost|p2a: Sneasler|spe|1\n|-unboost|p2b: Meganium|spe|1\n|move|p1b: Toxicroak|Gunk Shot|p2b: Meganium|[miss]\n|-miss|p1b: Toxicroak|p2b: Meganium\n|move|p2b: Meganium|Solar Beam||[still]\n|-prepare|p2b: Meganium|Solar Beam\n|-activate|p2b: Meganium|ability: Mega Sol\n|-anim|p2b: Meganium|Solar Beam|p1a: Basculegion\n|-supereffective|p1a: Basculegion|1\n|-damage|p1a: Basculegion|0 fnt\n|faint|p1a: Basculegion\n|\n|-damage|p2a: Sneasler|40/100 brn|[from] brn\n|upkeep\n|turn|8\n|-message|zhz2021 forfeited.\n|\n|win|jaesun0810\n|raw|zhz2021's rating: 1532 &rarr; <strong>1509</strong><br />(-23 for losing)\n|raw|jaesun0810's rating: 1482 &rarr; <strong>1505</strong><br />(+23 for winning)\n|l|\u2606zhz2021\n|player|p1|\n|l|\u2606jaesun0810\n|player|p2|\n",
  "uploadtime": 1776567165,
  "views": 17,
  "formatid": "gen9championsvgc2026regma",
  "rating": 1505,
  "private": 0,
  "password": null
}