{
  "id": "gen9championsvgc2026regma-2581223772",
  "format": "[Gen 9 Champions] VGC 2026 Reg M-A",
  "players": [
    "Sandgorgon7",
    "kopeenshobbyshop"
  ],
  "log": "|j|\u2606Sandgorgon7\n|j|\u2606kopeenshobbyshop\n|t:|1775972838\n|gametype|doubles\n|player|p1|Sandgorgon7|aromalady|1103\n|player|p2|kopeenshobbyshop|101|1182\n|gen|9\n|tier|[Gen 9 Champions] VGC 2026 Reg M-A\n|rated|\n|rule|Species Clause: Limit one of each Pok\u00e9mon\n|rule|Item Clause: Limit 1 of each item\n|clearpoke\n|poke|p1|Incineroar, L50, M|\n|poke|p1|Charizard, L50, F|\n|poke|p1|Glimmora, L50, F|\n|poke|p1|Typhlosion-Hisui, L50, F|\n|poke|p1|Hydrapple, L50, M|\n|poke|p1|Venusaur, L50, F|\n|poke|p2|Raichu, L50, F|\n|poke|p2|Incineroar, L50, F|\n|poke|p2|Pelipper, L50, F|\n|poke|p2|Sneasler, L50, F|\n|poke|p2|Starmie, L50|\n|poke|p2|Zoroark-Hisui, L50, F|\n|teampreview|4\n|inactive|Battle timer is ON: inactive players will automatically lose when time's up. (requested by kopeenshobbyshop)\n|inactive|kopeenshobbyshop has 60 seconds left.\n|\n|t:|1775972880\n|teamsize|p1|4\n|teamsize|p2|4\n|start\n|switch|p1a: Glimmora|Glimmora, L50, F, shiny|100/100\n|switch|p1b: Incineroar|Incineroar, L50, M|100/100\n|switch|p2a: Raichu|Raichu, L50, F|100/100\n|switch|p2b: Starmie|Starmie, L50|100/100\n|-ability|p1b: Incineroar|Intimidate|boost\n|-unboost|p2a: Raichu|atk|1\n|-unboost|p2b: Starmie|atk|1\n|turn|1\n|\n|t:|1775972894\n|move|p2a: Raichu|Fake Out|p1a: Glimmora\n|-resisted|p1a: Glimmora|1\n|-damage|p1a: Glimmora|97/100\n|-activate|p1a: Glimmora|ability: Toxic Debris\n|-sidestart|p2: kopeenshobbyshop|move: Toxic Spikes\n|move|p1b: Incineroar|Fake Out|p2b: Starmie\n|-immune|p2b: Starmie\n|move|p2b: Starmie|Psychic|p1a: Glimmora\n|-supereffective|p1a: Glimmora|1\n|-damage|p1a: Glimmora|4/100\n|cant|p1a: Glimmora|flinch\n|\n|upkeep\n|turn|2\n|\n|t:|1775972911\n|move|p2b: Starmie|Protect|p2b: Starmie\n|-singleturn|p2b: Starmie|Protect\n|move|p2a: Raichu|Thunderbolt|p1a: Glimmora\n|-damage|p1a: Glimmora|0 fnt\n|faint|p1a: Glimmora\n|move|p1b: Incineroar|Parting Shot|p2b: Starmie\n|-activate|p2b: Starmie|move: Protect\n|\n|upkeep\n|\n|t:|1775972919\n|switch|p1a: Charizard|Charizard, L50, F|100/100\n|turn|3\n|\n|t:|1775972931\n|detailschange|p1a: Charizard|Charizard-Mega-Y, L50, F\n|-mega|p1a: Charizard|Charizard|Charizardite Y\n|-weather|SunnyDay|[from] ability: Drought|[of] p1a: Charizard\n|move|p2a: Raichu|Thunderbolt|p1a: Charizard\n|-supereffective|p1a: Charizard|1\n|-damage|p1a: Charizard|20/100\n|move|p2b: Starmie|Hyper Voice|p1a: Charizard|[spread] p1a,p1b\n|-damage|p1a: Charizard|0 fnt\n|-damage|p1b: Incineroar|71/100\n|faint|p1a: Charizard\n|move|p1b: Incineroar|Parting Shot|p2a: Raichu\n|-unboost|p2a: Raichu|atk|1\n|-unboost|p2a: Raichu|spa|1\n|\n|t:|1775972943\n|switch|p1b: Venusaur|Venusaur, L50, F|100/100|[from] Parting Shot\n|\n|-weather|SunnyDay|[upkeep]\n|upkeep\n|\n|t:|1775972947\n|switch|p1a: Incineroar|Incineroar, L50, M|71/100\n|-ability|p1a: Incineroar|Intimidate|boost\n|-unboost|p2a: Raichu|atk|1\n|-unboost|p2b: Starmie|atk|1\n|turn|4\n|\n|t:|1775972956\n|switch|p2a: Pelipper|Pelipper, L50, F|100/100\n|-weather|RainDance|[from] ability: Drizzle|[of] p2a: Pelipper\n|move|p2b: Starmie|Psychic|p1b: Venusaur\n|-supereffective|p1b: Venusaur|1\n|-damage|p1b: Venusaur|37/100\n|move|p1b: Venusaur|Sludge Bomb|p2a: Pelipper\n|-damage|p2a: Pelipper|59/100\n|-status|p2a: Pelipper|psn\n|move|p1a: Incineroar|Flare Blitz|p2b: Starmie\n|-damage|p2b: Starmie|57/100\n|replace|p2b: Zoroark|Zoroark-Hisui, L50, F\n|-end|p2b: Zoroark|Illusion\n|-damage|p1a: Incineroar|61/100|[from] Recoil\n|\n|-weather|RainDance|[upkeep]\n|-heal|p1b: Venusaur|43/100|[from] item: Leftovers\n|-damage|p2a: Pelipper|47/100 psn|[from] psn\n|upkeep\n|-enditem|p2a: Pelipper|Sitrus Berry|[eat]\n|-heal|p2a: Pelipper|71/100 psn|[from] item: Sitrus Berry\n|turn|5\n|-message|Sandgorgon7 forfeited.\n|\n|win|kopeenshobbyshop\n|raw|Sandgorgon7's rating: 1103 &rarr; <strong>1084</strong><br />(-19 for losing)\n|raw|kopeenshobbyshop's rating: 1182 &rarr; <strong>1201</strong><br />(+19 for winning)\n|l|\u2606Sandgorgon7\n|player|p1|\n",
  "uploadtime": 1775972980,
  "views": 24,
  "formatid": "gen9championsvgc2026regma",
  "rating": 1084,
  "private": 0,
  "password": null
}