{
  "id": "gen9championsvgc2026regma-2582961215",
  "format": "[Gen 9 Champions] VGC 2026 Reg M-A",
  "players": [
    "qaz8787",
    "skias_15"
  ],
  "log": "|j|\u2606qaz8787\n|j|\u2606skias_15\n|t:|1776128716\n|gametype|doubles\n|player|p1|qaz8787|266|1053\n|player|p2|skias_15|benga|1000\n|gen|9\n|tier|[Gen 9 Champions] VGC 2026 Reg M-A\n|rated|\n|rule|Species Clause: Limit one of each Pok\u00e9mon\n|rule|Item Clause: Limit 1 of each item\n|clearpoke\n|poke|p1|Charizard, L50, M|\n|poke|p1|Garchomp, L50, F|\n|poke|p1|Whimsicott, L50, F|\n|poke|p1|Incineroar, L50, M|\n|poke|p1|Sneasler, L50, M|\n|poke|p1|Rotom-Wash, L50|\n|poke|p2|Kleavor, L50, F|\n|poke|p2|Gyarados, L50, M|\n|poke|p2|Charizard, L50, M|\n|poke|p2|Sneasler, L50, F|\n|poke|p2|Rotom-Wash, L50|\n|poke|p2|Golurk, L50|\n|teampreview|4\n|inactive|Battle timer is ON: inactive players will automatically lose when time's up. (requested by skias_15)\n|inactive|qaz8787 has 60 seconds left.\n|\n|t:|1776128767\n|teamsize|p1|4\n|teamsize|p2|4\n|start\n|switch|p1a: Garchomp|Garchomp, L50, F|100/100\n|switch|p1b: Whimsicott|Whimsicott, L50, F|100/100\n|switch|p2a: Kleavor|Kleavor, L50, F|100/100\n|switch|p2b: Golurk|Golurk, L50|100/100\n|turn|1\n|inactive|skias_15 has 30 seconds left.\n|\n|t:|1776128795\n|move|p1b: Whimsicott|Tailwind|p1b: Whimsicott\n|-sidestart|p1: qaz8787|move: Tailwind\n|move|p1a: Garchomp|Rock Slide|p2a: Kleavor|[spread] p2b\n|-miss|p1a: Garchomp|p2a: Kleavor\n|-resisted|p2b: Golurk|1\n|-damage|p2b: Golurk|91/100\n|move|p2a: Kleavor|Stone Axe|p1a: Garchomp\n|-resisted|p1a: Garchomp|1\n|-damage|p1a: Garchomp|72/100\n|-damage|p2a: Kleavor|88/100|[from] ability: Rough Skin|[of] p1a: Garchomp\n|-sidestart|p1: qaz8787|move: Stealth Rock\n|move|p2b: Golurk|Poltergeist|p1b: Whimsicott\n|-activate|p1b: Whimsicott|move: Poltergeist|Focus Sash\n|-damage|p1b: Whimsicott|14/100\n|\n|upkeep\n|turn|2\n|\n|t:|1776128816\n|switch|p1b: Incineroar|Incineroar, L50, M|100/100\n|-damage|p1b: Incineroar|76/100|[from] Stealth Rock\n|-ability|p1b: Incineroar|Intimidate|boost\n|-unboost|p2a: Kleavor|atk|1\n|-unboost|p2b: Golurk|atk|1\n|move|p1a: Garchomp|Rock Slide|p2a: Kleavor|[spread] p2a,p2b\n|-supereffective|p2a: Kleavor|1\n|-resisted|p2b: Golurk|1\n|-damage|p2a: Kleavor|42/100\n|-damage|p2b: Golurk|80/100\n|cant|p2a: Kleavor|flinch\n|cant|p2b: Golurk|flinch\n|\n|upkeep\n|turn|3\n|inactive|qaz8787 has 30 seconds left.\n|inactive|skias_15 has 30 seconds left.\n|\n|t:|1776128846\n|move|p1b: Incineroar|Fake Out|p2a: Kleavor\n|-resisted|p2a: Kleavor|1\n|-damage|p2a: Kleavor|36/100\n|move|p1a: Garchomp|Rock Slide|p2b: Golurk|[spread] p2a,p2b\n|-supereffective|p2a: Kleavor|1\n|-resisted|p2b: Golurk|1\n|-damage|p2a: Kleavor|0 fnt\n|-damage|p2b: Golurk|69/100\n|faint|p2a: Kleavor\n|move|p2b: Golurk|Earthquake|p1a: Garchomp|[spread] p1a,p1b\n|-supereffective|p1b: Incineroar|1\n|-damage|p1a: Garchomp|42/100\n|-damage|p1b: Incineroar|37/100\n|-enditem|p1b: Incineroar|Sitrus Berry|[eat]\n|-heal|p1b: Incineroar|62/100|[from] item: Sitrus Berry\n|\n|upkeep\n|\n|t:|1776128859\n|switch|p2a: Charizard|Charizard, L50, M|100/100\n|turn|4\n|inactive|skias_15 has 30 seconds left.\n|\n|t:|1776128893\n|detailschange|p2a: Charizard|Charizard-Mega-Y, L50, M\n|-mega|p2a: Charizard|Charizard|Charizardite Y\n|-weather|SunnyDay|[from] ability: Drought|[of] p2a: Charizard\n|move|p1a: Garchomp|Rock Slide|p2b: Golurk|[spread] p2a,p2b\n|-supereffective|p2a: Charizard|2\n|-resisted|p2b: Golurk|1\n|-damage|p2a: Charizard|0 fnt\n|-damage|p2b: Golurk|58/100\n|faint|p2a: Charizard\n|move|p1b: Incineroar|Will-O-Wisp|p2b: Golurk\n|-status|p2b: Golurk|brn\n|-enditem|p2b: Golurk|Lum Berry|[eat]\n|-curestatus|p2b: Golurk|brn|[msg]\n|move|p2b: Golurk|Earthquake|p1a: Garchomp|[spread] p1a,p1b\n|-supereffective|p1b: Incineroar|1\n|-damage|p1a: Garchomp|17/100\n|-damage|p1b: Incineroar|19/100\n|\n|-weather|SunnyDay|[upkeep]\n|-sideend|p1: qaz8787|move: Tailwind\n|upkeep\n|\n|t:|1776128912\n|switch|p2a: Sneasler|Sneasler, L50, F|100/100\n|turn|5\n|\n|t:|1776128930\n|move|p1a: Garchomp|Protect|p1a: Garchomp\n|-singleturn|p1a: Garchomp|Protect\n|move|p2a: Sneasler|Fake Out|p1a: Garchomp\n|-activate|p1a: Garchomp|move: Protect\n|move|p1b: Incineroar|Parting Shot|p2b: Golurk\n|-unboost|p2b: Golurk|atk|1\n|-unboost|p2b: Golurk|spa|1\n|\n|t:|1776128943\n|switch|p1b: Whimsicott|Whimsicott, L50, F|14/100|[from] Parting Shot\n|-damage|p1b: Whimsicott|2/100|[from] Stealth Rock\n|move|p2b: Golurk|Stone Edge|p1b: Whimsicott\n|-damage|p1b: Whimsicott|0 fnt\n|faint|p1b: Whimsicott\n|\n|-weather|SunnyDay|[upkeep]\n|upkeep\n|\n|t:|1776128953\n|switch|p1b: Incineroar|Incineroar, L50, M|19/100\n|-damage|p1b: Incineroar|0 fnt|[from] Stealth Rock\n|faint|p1b: Incineroar\n|\n|t:|1776128956\n|switch|p1b: Charizard|Charizard, L50, M|100/100\n|-damage|p1b: Charizard|51/100|[from] Stealth Rock\n|turn|6\n|inactive|skias_15 has 30 seconds left.\n|inactive|skias_15 has 20 seconds left.\n|inactive|skias_15 has 15 seconds left.\n|inactive|skias_15 has 10 seconds left.\n|inactive|skias_15 has 5 seconds left.\n|\n|t:|1776129011\n|detailschange|p1b: Charizard|Charizard-Mega-Y, L50, M\n|-mega|p1b: Charizard|Charizard|Charizardite Y\n|move|p2a: Sneasler|Dire Claw|p1b: Charizard\n|-damage|p1b: Charizard|3/100\n|move|p1a: Garchomp|Earthquake|p2b: Golurk|[spread] p2a,p2b\n|-immune|p1b: Charizard\n|-supereffective|p2a: Sneasler|1\n|-enditem|p2a: Sneasler|Focus Sash\n|-damage|p2a: Sneasler|1/100\n|-damage|p2b: Golurk|6/100\n|move|p1b: Charizard|Heat Wave|p2b: Golurk|[spread] p2a,p2b\n|-damage|p2a: Sneasler|0 fnt\n|-damage|p2b: Golurk|0 fnt\n|faint|p2a: Sneasler\n|faint|p2b: Golurk\n|\n|win|qaz8787\n|raw|qaz8787's rating: 1053 &rarr; <strong>1080</strong><br />(+27 for winning)\n|raw|skias_15's rating: 1000 &rarr; <strong>1000</strong><br />(+0 for losing)\n|l|\u2606skias_15\n|player|p2|\n",
  "uploadtime": 1776129037,
  "views": 30,
  "formatid": "gen9championsvgc2026regma",
  "rating": 1000,
  "private": 0,
  "password": null
}