{
  "id": "gen9championsvgc2026regma-2585950198",
  "format": "[Gen 9 Champions] VGC 2026 Reg M-A",
  "players": [
    "parlof",
    "newbie999999"
  ],
  "log": "|j|\u2606parlof\n|j|\u2606newbie999999\n|t:|1776384334\n|gametype|doubles\n|player|p1|parlof|emmet|1044\n|player|p2|newbie999999|170|1036\n|gen|9\n|tier|[Gen 9 Champions] VGC 2026 Reg M-A\n|rated|\n|rule|Species Clause: Limit one of each Pok\u00e9mon\n|rule|Item Clause: Limit 1 of each item\n|clearpoke\n|poke|p1|Garchomp, L50, F|\n|poke|p1|Aerodactyl, L50, M|\n|poke|p1|Basculegion, L50, M|\n|poke|p1|Pelipper, L50, M|\n|poke|p1|Incineroar, L50, F|\n|poke|p1|Archaludon, L50, M|\n|poke|p2|Hawlucha, L50, M|\n|poke|p2|Krookodile, L50, M|\n|poke|p2|Tyranitar, L50, M|\n|poke|p2|Sinistcha, L50|\n|poke|p2|Sandaconda, L50, M|\n|poke|p2|Espathra, L50, M|\n|teampreview|4\n|\n|t:|1776384364\n|teamsize|p1|4\n|teamsize|p2|4\n|start\n|switch|p1a: Pelipper|Pelipper, L50, M|100/100\n|switch|p1b: Basculegion|Basculegion, L50, M|100/100\n|switch|p2a: Tyranitar|Tyranitar, L50, M, shiny|100/100\n|switch|p2b: Sandaconda|Sandaconda, L50, M, shiny|100/100\n|-weather|RainDance|[from] ability: Drizzle|[of] p1a: Pelipper\n|-weather|Sandstorm|[from] ability: Sand Stream|[of] p2a: Tyranitar\n|turn|1\n|\n|t:|1776384401\n|switch|p1b: Aerodactyl|Aerodactyl, L50, M|100/100\n|-ability|p1b: Aerodactyl|Unnerve\n|switch|p1a: Garchomp|Garchomp, L50, F|100/100\n|move|p2b: Sandaconda|Minimize|p2b: Sandaconda\n|-boost|p2b: Sandaconda|evasion|2\n|move|p2a: Tyranitar|Substitute|p2a: Tyranitar\n|-start|p2a: Tyranitar|Substitute\n|-damage|p2a: Tyranitar|76/100\n|\n|-weather|Sandstorm|[upkeep]\n|upkeep\n|turn|2\n|\n|t:|1776384436\n|move|p1a: Garchomp|Earthquake|p2b: Sandaconda|[spread] p2a\n|-immune|p1b: Aerodactyl\n|-miss|p1a: Garchomp|p2b: Sandaconda\n|-supereffective|p2a: Tyranitar|1\n|-end|p2a: Tyranitar|Substitute\n|move|p1b: Aerodactyl|Tailwind|p1b: Aerodactyl\n|-sidestart|p1: parlof|move: Tailwind\n|move|p2b: Sandaconda|Minimize|p2b: Sandaconda\n|-boost|p2b: Sandaconda|evasion|2\n|move|p2a: Tyranitar|Taunt|p1b: Aerodactyl\n|-start|p1b: Aerodactyl|move: Taunt\n|\n|-weather|Sandstorm|[upkeep]\n|upkeep\n|turn|3\n|\n|t:|1776384454\n|move|p1a: Garchomp|Earthquake|p2a: Tyranitar|[spread] p2a\n|-immune|p1b: Aerodactyl\n|-miss|p1a: Garchomp|p2b: Sandaconda\n|-supereffective|p2a: Tyranitar|1\n|-damage|p2a: Tyranitar|17/100\n|move|p1b: Aerodactyl|Rock Slide|p2a: Tyranitar|[spread] p2a\n|-miss|p1b: Aerodactyl|p2b: Sandaconda\n|-damage|p2a: Tyranitar|0 fnt\n|faint|p2a: Tyranitar\n|move|p2b: Sandaconda|Minimize|p2b: Sandaconda\n|-boost|p2b: Sandaconda|evasion|2\n|\n|-weather|Sandstorm|[upkeep]\n|upkeep\n|\n|t:|1776384470\n|switch|p2a: Espathra|Espathra, L50, M, shiny|100/100\n|turn|4\n|\n|t:|1776384486\n|move|p1a: Garchomp|Earthquake|p2a: Espathra|[spread] p2a\n|-immune|p1b: Aerodactyl\n|-miss|p1a: Garchomp|p2b: Sandaconda\n|-damage|p2a: Espathra|42/100\n|move|p1b: Aerodactyl|Rock Slide|p2a: Espathra|[spread] p2a\n|-miss|p1b: Aerodactyl|p2b: Sandaconda\n|-damage|p2a: Espathra|10/100\n|cant|p2a: Espathra|flinch\n|move|p2b: Sandaconda|Mud-Slap|p1b: Aerodactyl\n|-immune|p1b: Aerodactyl\n|\n|-weather|Sandstorm|[upkeep]\n|-damage|p2a: Espathra|4/100|[from] Sandstorm\n|-heal|p2a: Espathra|10/100|[from] item: Leftovers\n|upkeep\n|turn|5\n|\n|t:|1776384515\n|move|p2a: Espathra|Protect|p2a: Espathra\n|-singleturn|p2a: Espathra|Protect\n|move|p1a: Garchomp|Earthquake|p2a: Espathra|[spread] \n|-activate|p2a: Espathra|move: Protect\n|-immune|p1b: Aerodactyl\n|-miss|p1a: Garchomp|p2b: Sandaconda\n|move|p1b: Aerodactyl|Rock Slide|p2b: Sandaconda|[spread] \n|-activate|p2a: Espathra|move: Protect\n|-miss|p1b: Aerodactyl|p2b: Sandaconda\n|move|p2b: Sandaconda|Mud-Slap|p1a: Garchomp\n|-damage|p1a: Garchomp|95/100\n|-unboost|p1a: Garchomp|accuracy|1\n|\n|-weather|none\n|-heal|p2a: Espathra|16/100|[from] item: Leftovers\n|-end|p1b: Aerodactyl|move: Taunt\n|-sideend|p1: parlof|move: Tailwind\n|upkeep\n|turn|6\n|\n|t:|1776384540\n|move|p1a: Garchomp|Earthquake|p2b: Sandaconda|[spread] p2a\n|-immune|p1b: Aerodactyl\n|-miss|p1a: Garchomp|p2b: Sandaconda\n|-damage|p2a: Espathra|0 fnt\n|faint|p2a: Espathra\n|move|p1b: Aerodactyl|Rock Slide|p2b: Sandaconda|[miss]\n|-miss|p1b: Aerodactyl|p2b: Sandaconda\n|move|p2b: Sandaconda|Sandstorm|p2b: Sandaconda\n|-weather|Sandstorm\n|\n|-weather|Sandstorm|[upkeep]\n|upkeep\n|\n|t:|1776384552\n|switch|p2a: Krookodile|Krookodile, L50, M, shiny|100/100\n|turn|7\n|\n|t:|1776384565\n|move|p1a: Garchomp|Earthquake|p2b: Sandaconda|[spread] p2a\n|-immune|p1b: Aerodactyl\n|-miss|p1a: Garchomp|p2b: Sandaconda\n|-crit|p2a: Krookodile\n|-damage|p2a: Krookodile|20/100\n|move|p1b: Aerodactyl|Tailwind|p1b: Aerodactyl\n|-sidestart|p1: parlof|move: Tailwind\n|move|p2a: Krookodile|Rock Slide|p1a: Garchomp|[spread] p1b\n|-miss|p2a: Krookodile|p1a: Garchomp\n|-supereffective|p1b: Aerodactyl|1\n|-damage|p1b: Aerodactyl|43/100\n|move|p2b: Sandaconda|Mud-Slap|p1a: Garchomp\n|-damage|p1a: Garchomp|90/100\n|-unboost|p1a: Garchomp|accuracy|1\n|\n|-weather|Sandstorm|[upkeep]\n|upkeep\n|turn|8\n|\n|t:|1776384597\n|move|p1a: Garchomp|Earthquake|p2b: Sandaconda|[spread] \n|-immune|p1b: Aerodactyl\n|-miss|p1a: Garchomp|p2a: Krookodile\n|-miss|p1a: Garchomp|p2b: Sandaconda\n|move|p1b: Aerodactyl|Rock Slide|p2a: Krookodile|[spread] p2a,p2b\n|-resisted|p2a: Krookodile|1\n|-resisted|p2b: Sandaconda|1\n|-damage|p2a: Krookodile|4/100\n|-damage|p2b: Sandaconda|91/100\n|move|p2a: Krookodile|Rock Slide|p1b: Aerodactyl|[spread] p1a,p1b\n|-resisted|p1a: Garchomp|1\n|-supereffective|p1b: Aerodactyl|1\n|-damage|p1a: Garchomp|81/100\n|-damage|p1b: Aerodactyl|0 fnt\n|faint|p1b: Aerodactyl\n|-ability|p2a: Krookodile|Moxie|boost\n|-boost|p2a: Krookodile|atk|1\n|move|p2b: Sandaconda|Mud-Slap|p1a: Garchomp\n|-damage|p1a: Garchomp|76/100\n|-unboost|p1a: Garchomp|accuracy|1\n|\n|-weather|Sandstorm|[upkeep]\n|upkeep\n|\n|t:|1776384613\n|switch|p1b: Pelipper|Pelipper, L50, M|100/100\n|-weather|RainDance|[from] ability: Drizzle|[of] p1b: Pelipper\n|turn|9\n|\n|t:|1776384629\n|move|p2a: Krookodile|Protect|p2a: Krookodile\n|-singleturn|p2a: Krookodile|Protect\n|move|p1a: Garchomp|Earthquake|p2b: Sandaconda|[spread] p2b\n|-activate|p2a: Krookodile|move: Protect\n|-immune|p1b: Pelipper\n|-damage|p2b: Sandaconda|60/100\n|move|p1b: Pelipper|Hurricane|p2b: Sandaconda\n|-damage|p2b: Sandaconda|21/100\n|move|p2b: Sandaconda|Sandstorm|p2b: Sandaconda\n|-weather|Sandstorm\n|\n|-weather|Sandstorm|[upkeep]\n|-damage|p1b: Pelipper|95/100|[from] Sandstorm\n|upkeep\n|turn|10\n|\n|t:|1776384645\n|switch|p1b: Basculegion|Basculegion, L50, M|100/100\n|move|p1a: Garchomp|Earthquake|p2b: Sandaconda|[spread] p1b\n|-miss|p1a: Garchomp|p2a: Krookodile\n|-miss|p1a: Garchomp|p2b: Sandaconda\n|-damage|p1b: Basculegion|49/100\n|move|p2a: Krookodile|Rock Slide|p1a: Garchomp|[spread] p1a,p1b\n|-resisted|p1a: Garchomp|1\n|-damage|p1a: Garchomp|63/100\n|-damage|p1b: Basculegion|13/100\n|move|p2b: Sandaconda|Rest|p2b: Sandaconda\n|-status|p2b: Sandaconda|slp|[from] move: Rest\n|-heal|p2b: Sandaconda|100/100 slp|[silent]\n|\n|-weather|Sandstorm|[upkeep]\n|-damage|p1b: Basculegion|7/100|[from] Sandstorm\n|-sideend|p1: parlof|move: Tailwind\n|upkeep\n|turn|11\n|\n|t:|1776384678\n|move|p1b: Basculegion|Aqua Jet|p2a: Krookodile\n|-supereffective|p2a: Krookodile|1\n|-damage|p2a: Krookodile|0 fnt\n|faint|p2a: Krookodile\n|move|p1a: Garchomp|Earthquake|p2b: Sandaconda|[spread] p2b\n|-miss|p1a: Garchomp|p1b: Basculegion\n|-damage|p2b: Sandaconda|70/100 slp\n|cant|p2b: Sandaconda|slp\n|\n|-weather|Sandstorm|[upkeep]\n|-damage|p1b: Basculegion|1/100|[from] Sandstorm\n|upkeep\n|turn|12\n|\n|t:|1776384697\n|move|p1a: Garchomp|Earthquake|p2b: Sandaconda|[spread] p1b\n|-miss|p1a: Garchomp|p2b: Sandaconda\n|-damage|p1b: Basculegion|0 fnt\n|faint|p1b: Basculegion\n|cant|p2b: Sandaconda|slp\n|\n|-weather|Sandstorm|[upkeep]\n|upkeep\n|\n|t:|1776384701\n|switch|p1b: Pelipper|Pelipper, L50, M|95/100\n|-weather|RainDance|[from] ability: Drizzle|[of] p1b: Pelipper\n|turn|13\n|\n|t:|1776384712\n|move|p1a: Garchomp|Earthquake|p2b: Sandaconda|[spread] \n|-immune|p1b: Pelipper\n|-miss|p1a: Garchomp|p2b: Sandaconda\n|-curestatus|p2b: Sandaconda|slp|[msg]\n|move|p2b: Sandaconda|Sandstorm|p2b: Sandaconda\n|-weather|Sandstorm\n|move|p1b: Pelipper|Hurricane|p2b: Sandaconda|[miss]\n|-miss|p1b: Pelipper|p2b: Sandaconda\n|\n|-weather|Sandstorm|[upkeep]\n|-damage|p1b: Pelipper|89/100|[from] Sandstorm\n|upkeep\n|turn|14\n|\n|t:|1776384726\n|-activate|p1a: Garchomp|move: Struggle\n|move|p1a: Garchomp|Struggle|p2b: Sandaconda\n|-damage|p2b: Sandaconda|54/100\n|-damage|p1a: Garchomp|38/100|[from] recoil\n|move|p2b: Sandaconda|Mud-Slap|p1b: Pelipper\n|-immune|p1b: Pelipper\n|move|p1b: Pelipper|Hurricane|p2b: Sandaconda|[miss]\n|-miss|p1b: Pelipper|p2b: Sandaconda\n|\n|-weather|Sandstorm|[upkeep]\n|-damage|p1b: Pelipper|83/100|[from] Sandstorm\n|upkeep\n|turn|15\n|c|\u2606parlof|u are scum of the earth\n|\n|t:|1776384763\n|-activate|p1a: Garchomp|move: Struggle\n|move|p1a: Garchomp|Struggle|p2b: Sandaconda\n|-damage|p2b: Sandaconda|39/100\n|-damage|p1a: Garchomp|13/100|[from] recoil\n|move|p2b: Sandaconda|Mud-Slap|p1a: Garchomp\n|-damage|p1a: Garchomp|8/100\n|-unboost|p1a: Garchomp|accuracy|1\n|move|p1b: Pelipper|Hurricane|p2b: Sandaconda|[miss]\n|-miss|p1b: Pelipper|p2b: Sandaconda\n|\n|-weather|Sandstorm|[upkeep]\n|-damage|p1b: Pelipper|77/100|[from] Sandstorm\n|upkeep\n|turn|16\n|\n|t:|1776384782\n|-activate|p1a: Garchomp|move: Struggle\n|move|p1a: Garchomp|Struggle|p2b: Sandaconda\n|-damage|p2b: Sandaconda|25/100\n|-damage|p1a: Garchomp|0 fnt|[from] recoil\n|faint|p1a: Garchomp\n|move|p2b: Sandaconda|Rest|p2b: Sandaconda\n|-status|p2b: Sandaconda|slp|[from] move: Rest\n|-heal|p2b: Sandaconda|100/100 slp|[silent]\n|move|p1b: Pelipper|Hurricane|p2b: Sandaconda|[miss]\n|-miss|p1b: Pelipper|p2b: Sandaconda\n|\n|-weather|Sandstorm|[upkeep]\n|-damage|p1b: Pelipper|71/100|[from] Sandstorm\n|upkeep\n|turn|17\n|\n|t:|1776384803\n|cant|p2b: Sandaconda|slp\n|move|p1b: Pelipper|Tailwind|p1b: Pelipper\n|-sidestart|p1: parlof|move: Tailwind\n|\n|-weather|none\n|upkeep\n|turn|18\n|\n|t:|1776384822\n|move|p1b: Pelipper|Weather Ball|p2b: Sandaconda|[miss]\n|-miss|p1b: Pelipper|p2b: Sandaconda\n|cant|p2b: Sandaconda|slp\n|\n|upkeep\n|turn|19\n|\n|t:|1776384845\n|move|p1b: Pelipper|Weather Ball|p2b: Sandaconda|[miss]\n|-miss|p1b: Pelipper|p2b: Sandaconda\n|-curestatus|p2b: Sandaconda|slp|[msg]\n|move|p2b: Sandaconda|Sandstorm|p2b: Sandaconda\n|-weather|Sandstorm\n|\n|-weather|Sandstorm|[upkeep]\n|-damage|p1b: Pelipper|65/100|[from] Sandstorm\n|upkeep\n|turn|20\n|\n|t:|1776384876\n|move|p1b: Pelipper|Weather Ball|p2b: Sandaconda\n|-resisted|p2b: Sandaconda|1\n|-damage|p2b: Sandaconda|87/100\n|move|p2b: Sandaconda|Minimize|p2b: Sandaconda\n|-boost|p2b: Sandaconda|evasion|0\n|\n|-weather|Sandstorm|[upkeep]\n|-damage|p1b: Pelipper|59/100|[from] Sandstorm\n|-sideend|p1: parlof|move: Tailwind\n|upkeep\n|turn|21\n|\n|t:|1776384896\n|move|p2b: Sandaconda|Mud-Slap|p1b: Pelipper\n|-immune|p1b: Pelipper\n|move|p1b: Pelipper|Weather Ball|p2b: Sandaconda|[miss]\n|-miss|p1b: Pelipper|p2b: Sandaconda\n|\n|-weather|Sandstorm|[upkeep]\n|-damage|p1b: Pelipper|53/100|[from] Sandstorm\n|upkeep\n|turn|22\n|\n|t:|1776384916\n|move|p2b: Sandaconda|Minimize|p2b: Sandaconda\n|-boost|p2b: Sandaconda|evasion|0\n|move|p1b: Pelipper|Hurricane|p2b: Sandaconda|[miss]\n|-miss|p1b: Pelipper|p2b: Sandaconda\n|\n|-weather|Sandstorm|[upkeep]\n|-damage|p1b: Pelipper|47/100|[from] Sandstorm\n|upkeep\n|turn|23\n|\n|t:|1776384950\n|move|p2b: Sandaconda|Minimize|p2b: Sandaconda\n|-boost|p2b: Sandaconda|evasion|0\n|move|p1b: Pelipper|Hurricane|p2b: Sandaconda|[miss]\n|-miss|p1b: Pelipper|p2b: Sandaconda\n|\n|-weather|none\n|upkeep\n|turn|24\n|inactive|Battle timer is ON: inactive players will automatically lose when time's up. (requested by parlof)\n|\n|t:|1776385010\n|move|p2b: Sandaconda|Sandstorm|p2b: Sandaconda\n|-weather|Sandstorm\n|move|p1b: Pelipper|Hurricane|p2b: Sandaconda|[miss]\n|-miss|p1b: Pelipper|p2b: Sandaconda\n|\n|-weather|Sandstorm|[upkeep]\n|-damage|p1b: Pelipper|41/100|[from] Sandstorm\n|upkeep\n|turn|25\n|\n|t:|1776385018\n|move|p2b: Sandaconda|Minimize|p2b: Sandaconda\n|-boost|p2b: Sandaconda|evasion|0\n|move|p1b: Pelipper|Hurricane|p2b: Sandaconda|[miss]\n|-miss|p1b: Pelipper|p2b: Sandaconda\n|\n|-weather|Sandstorm|[upkeep]\n|-damage|p1b: Pelipper|35/100|[from] Sandstorm\n|upkeep\n|turn|26\n|\n|t:|1776385032\n|move|p2b: Sandaconda|Minimize|p2b: Sandaconda\n|-boost|p2b: Sandaconda|evasion|0\n|move|p1b: Pelipper|Weather Ball|p2b: Sandaconda|[miss]\n|-miss|p1b: Pelipper|p2b: Sandaconda\n|\n|-weather|Sandstorm|[upkeep]\n|-damage|p1b: Pelipper|29/100|[from] Sandstorm\n|upkeep\n|turn|27\n|\n|t:|1776385042\n|move|p2b: Sandaconda|Minimize|p2b: Sandaconda\n|-boost|p2b: Sandaconda|evasion|0\n|move|p1b: Pelipper|Weather Ball|p2b: Sandaconda|[miss]\n|-miss|p1b: Pelipper|p2b: Sandaconda\n|\n|-weather|Sandstorm|[upkeep]\n|-damage|p1b: Pelipper|23/100|[from] Sandstorm\n|upkeep\n|turn|28\n|\n|t:|1776385051\n|move|p2b: Sandaconda|Minimize|p2b: Sandaconda\n|-boost|p2b: Sandaconda|evasion|0\n|move|p1b: Pelipper|Weather Ball|p2b: Sandaconda\n|-resisted|p2b: Sandaconda|1\n|-damage|p2b: Sandaconda|74/100\n|\n|-weather|none\n|upkeep\n|turn|29\n|\n|t:|1776385061\n|move|p2b: Sandaconda|Minimize|p2b: Sandaconda\n|-boost|p2b: Sandaconda|evasion|0\n|move|p1b: Pelipper|Hurricane|p2b: Sandaconda|[miss]\n|-miss|p1b: Pelipper|p2b: Sandaconda\n|\n|upkeep\n|turn|30\n|\n|t:|1776385068\n|move|p2b: Sandaconda|Sandstorm|p2b: Sandaconda\n|-weather|Sandstorm\n|move|p1b: Pelipper|Hurricane|p2b: Sandaconda|[miss]\n|-miss|p1b: Pelipper|p2b: Sandaconda\n|\n|-weather|Sandstorm|[upkeep]\n|-damage|p1b: Pelipper|17/100|[from] Sandstorm\n|upkeep\n|turn|31\n|\n|t:|1776385079\n|move|p2b: Sandaconda|Mud-Slap|p1b: Pelipper\n|-immune|p1b: Pelipper\n|move|p1b: Pelipper|Hurricane|p2b: Sandaconda|[miss]\n|-miss|p1b: Pelipper|p2b: Sandaconda\n|\n|-weather|Sandstorm|[upkeep]\n|-damage|p1b: Pelipper|11/100|[from] Sandstorm\n|upkeep\n|turn|32\n|\n|t:|1776385100\n|move|p2b: Sandaconda|Mud-Slap|p1b: Pelipper\n|-immune|p1b: Pelipper\n|move|p1b: Pelipper|Weather Ball|p2b: Sandaconda\n|-resisted|p2b: Sandaconda|1\n|-damage|p2b: Sandaconda|62/100\n|\n|-weather|Sandstorm|[upkeep]\n|-damage|p1b: Pelipper|5/100|[from] Sandstorm\n|upkeep\n|turn|33\n|\n|t:|1776385110\n|move|p2b: Sandaconda|Rest|p2b: Sandaconda\n|-status|p2b: Sandaconda|slp|[from] move: Rest\n|-heal|p2b: Sandaconda|100/100 slp|[silent]\n|move|p1b: Pelipper|Weather Ball|p2b: Sandaconda|[miss]\n|-miss|p1b: Pelipper|p2b: Sandaconda\n|\n|-weather|Sandstorm|[upkeep]\n|-damage|p1b: Pelipper|0 fnt|[from] Sandstorm\n|faint|p1b: Pelipper\n|\n|win|newbie999999\n|raw|parlof's rating: 1044 &rarr; <strong>1027</strong><br />(-17 for losing)\n|raw|newbie999999's rating: 1036 &rarr; <strong>1071</strong><br />(+35 for winning)\n|c|\u2606parlof|i hope u had fun\n|l|\u2606parlof\n|player|p1|\n",
  "uploadtime": 1776385153,
  "views": 17,
  "formatid": "gen9championsvgc2026regma",
  "rating": 1027,
  "private": 0,
  "password": null
}