{
  "id": "gen9championsvgc2026regma-2589446494",
  "format": "[Gen 9 Champions] VGC 2026 Reg M-A",
  "players": [
    "DavidTheFish",
    "RedBoyBR"
  ],
  "log": "|j|\u2606DavidTheFish\n|j|\u2606RedBoyBR\n|t:|1776723677\n|gametype|doubles\n|player|p1|DavidTheFish|dawn-gen4pt|1160\n|player|p2|RedBoyBR|266|1172\n|gen|9\n|tier|[Gen 9 Champions] VGC 2026 Reg M-A\n|rated|\n|rule|Species Clause: Limit one of each Pok\u00e9mon\n|rule|Item Clause: Limit 1 of each item\n|clearpoke\n|poke|p1|Gardevoir, L50, F, shiny|\n|poke|p1|Sneasler, L50, M|\n|poke|p1|Meowstic, L50, M, shiny|\n|poke|p1|Sinistcha, L50|\n|poke|p1|Basculegion, L50, M|\n|poke|p1|Archaludon, L50, M|\n|poke|p2|Meowscarada, L50, F|\n|poke|p2|Sneasler, L50, F|\n|poke|p2|Hatterene, L50, F|\n|poke|p2|Golurk, L50|\n|poke|p2|Incineroar, L50, M|\n|poke|p2|Torkoal, L50, M|\n|teampreview|4\n|\n|t:|1776723697\n|teamsize|p1|4\n|teamsize|p2|4\n|start\n|switch|p1a: Gardevoir|Gardevoir, L50, F, shiny|100/100\n|switch|p1b: Meowstic|Meowstic, L50, M, shiny|100/100\n|switch|p2a: Hatterene|Hatterene, L50, F|100/100\n|switch|p2b: Sneasler|Sneasler, L50, F|100/100\n|-ability|p1a: Gardevoir|Unburden|Trace|[from] ability: Trace|[of] p2b: Sneasler\n|turn|1\n|\n|t:|1776723737\n|detailschange|p1a: Gardevoir|Gardevoir-Mega, L50, F, shiny\n|-mega|p1a: Gardevoir|Gardevoir|Gardevoirite\n|move|p2b: Sneasler|Fake Out|p1a: Gardevoir\n|-damage|p1a: Gardevoir|77/100\n|move|p1b: Meowstic|Fake Out|p2b: Sneasler\n|-damage|p2b: Sneasler|93/100\n|cant|p1a: Gardevoir|flinch\n|move|p2a: Hatterene|Trick Room|p2a: Hatterene\n|-fieldstart|move: Trick Room|[of] p2a: Hatterene\n|\n|upkeep\n|turn|2\n|\n|t:|1776723761\n|switch|p2a: Golurk|Golurk, L50|100/100\n|switch|p1a: Sneasler|Sneasler, L50, M|100/100\n|switch|p2b: Torkoal|Torkoal, L50, M|100/100\n|-weather|SunnyDay|[from] ability: Drought|[of] p2b: Torkoal\n|move|p1b: Meowstic|Light Screen|p1b: Meowstic\n|-sidestart|p1: DavidTheFish|move: Light Screen\n|\n|-weather|SunnyDay|[upkeep]\n|upkeep\n|turn|3\n|\n|t:|1776723781\n|detailschange|p2a: Golurk|Golurk-Mega, L50\n|-mega|p2a: Golurk|Golurk|Golurkite\n|move|p1b: Meowstic|Reflect|p1b: Meowstic\n|-sidestart|p1: DavidTheFish|Reflect\n|move|p2b: Torkoal|Eruption|p1a: Sneasler|[spread] p1a,p1b\n|-damage|p1a: Sneasler|28/100\n|-damage|p1b: Meowstic|38/100\n|move|p2a: Golurk|Poltergeist|p1b: Meowstic|[miss]\n|-miss|p2a: Golurk|p1b: Meowstic\n|move|p1a: Sneasler|Dire Claw|p2b: Torkoal\n|-damage|p2b: Torkoal|63/100\n|-status|p2b: Torkoal|psn|[from] ability: Poison Touch|[of] p1a: Sneasler\n|\n|-weather|SunnyDay|[upkeep]\n|-damage|p2b: Torkoal|51/100 psn|[from] psn\n|upkeep\n|turn|4\n|\n|t:|1776723813\n|move|p2a: Golurk|Protect|p2a: Golurk\n|-singleturn|p2a: Golurk|Protect\n|move|p1b: Meowstic|Psychic Terrain|p1b: Meowstic\n|-fieldstart|move: Psychic Terrain\n|move|p2b: Torkoal|Eruption|p1b: Meowstic|[spread] p1a,p1b\n|-crit|p1b: Meowstic\n|-damage|p1a: Sneasler|0 fnt\n|-damage|p1b: Meowstic|0 fnt\n|faint|p1a: Sneasler\n|faint|p1b: Meowstic\n|\n|-weather|SunnyDay|[upkeep]\n|-damage|p2b: Torkoal|38/100 psn|[from] psn\n|upkeep\n|\n|t:|1776723824\n|switch|p1b: Sinistcha|Sinistcha, L50|100/100\n|switch|p1a: Gardevoir|Gardevoir-Mega, L50, F, shiny|77/100\n|-heal|p1a: Gardevoir|100/100|[from] ability: Hospitality|[of] p1b: Sinistcha\n|turn|5\n|\n|t:|1776723845\n|move|p1b: Sinistcha|Protect|p1b: Sinistcha\n|-singleturn|p1b: Sinistcha|Protect\n|move|p2b: Torkoal|Heat Wave|p1b: Sinistcha|[spread] p1a\n|-activate|p1b: Sinistcha|move: Protect\n|-damage|p1a: Gardevoir|65/100\n|move|p2a: Golurk|Poltergeist|p1a: Gardevoir\n|-activate|p1a: Gardevoir|move: Poltergeist|Gardevoirite\n|-supereffective|p1a: Gardevoir|1\n|-damage|p1a: Gardevoir|0 fnt\n|faint|p1a: Gardevoir\n|\n|-weather|SunnyDay|[upkeep]\n|-damage|p2b: Torkoal|26/100 psn|[from] psn\n|-fieldend|move: Trick Room\n|upkeep\n|turn|6\n|\n|t:|1776723862\n|move|p1b: Sinistcha|Matcha Gotcha|p2a: Golurk|[spread] p2a,p2b\n|-supereffective|p2a: Golurk|1\n|-resisted|p2b: Torkoal|1\n|-damage|p2a: Golurk|54/100\n|-damage|p2b: Torkoal|9/100 psn\n|-status|p2a: Golurk|brn\n|move|p2a: Golurk|Poltergeist|p1b: Sinistcha|[miss]\n|-miss|p2a: Golurk|p1b: Sinistcha\n|move|p2b: Torkoal|Heat Wave|p1b: Sinistcha\n|-supereffective|p1b: Sinistcha|1\n|-damage|p1b: Sinistcha|4/100\n|\n|-weather|none\n|-damage|p2b: Torkoal|0 fnt|[from] psn\n|faint|p2b: Torkoal\n|-damage|p2a: Golurk|47/100 brn|[from] brn\n|-sideend|p1: DavidTheFish|move: Light Screen\n|upkeep\n|\n|t:|1776723878\n|switch|p2b: Sneasler|Sneasler, L50, F|93/100\n|turn|7\n|c|\u2606DavidTheFish|what was that torkoal smoking wth\n|c|\u2606DavidTheFish|that was was through lightscreen and non crit\n|\n|t:|1776723910\n|move|p2b: Sneasler|Dire Claw|p1b: Sinistcha\n|-damage|p1b: Sinistcha|0 fnt\n|faint|p1b: Sinistcha\n|\n|win|RedBoyBR\n|raw|DavidTheFish's rating: 1160 &rarr; <strong>1136</strong><br />(-24 for losing)\n|raw|RedBoyBR's rating: 1172 &rarr; <strong>1196</strong><br />(+24 for winning)\n|l|\u2606DavidTheFish\n|player|p1|\n",
  "uploadtime": 1776724079,
  "views": 14,
  "formatid": "gen9championsvgc2026regma",
  "rating": 1136,
  "private": 0,
  "password": null
}