{
  "id": "gen9championsvgc2026regma-2582020595",
  "format": "[Gen 9 Champions] VGC 2026 Reg M-A",
  "players": [
    "flex_od",
    "0008revO"
  ],
  "log": "|j|\u2606flex_od\n|j|\u26060008revO\n|t:|1776049037\n|gametype|doubles\n|player|p1|flex_od|266|1070\n|player|p2|0008revO|hoopster|1000\n|gen|9\n|tier|[Gen 9 Champions] VGC 2026 Reg M-A\n|rated|\n|rule|Species Clause: Limit one of each Pok\u00e9mon\n|rule|Item Clause: Limit 1 of each item\n|clearpoke\n|poke|p1|Chandelure, L50, F|\n|poke|p1|Pelipper, L50, M|\n|poke|p1|Archaludon, L50, F|\n|poke|p1|Sinistcha, L50|\n|poke|p1|Incineroar, L50, M|\n|poke|p1|Chimecho, L50, F|\n|poke|p2|Charizard, L50, F|\n|poke|p2|Venusaur, L50, M|\n|poke|p2|Whimsicott, L50, M|\n|poke|p2|Incineroar, L50, F|\n|poke|p2|Kingambit, L50, M|\n|poke|p2|Garchomp, L50, M|\n|teampreview|4\n|\n|t:|1776049101\n|teamsize|p1|4\n|teamsize|p2|4\n|start\n|switch|p1a: Incineroar|Incineroar, L50, M|100/100\n|switch|p1b: Chandelure|Chandelure, L50, F|100/100\n|switch|p2a: Charizard|Charizard, L50, F|100/100\n|switch|p2b: Incineroar|Incineroar, L50, F|100/100\n|-ability|p2b: Incineroar|Intimidate|boost\n|-unboost|p1a: Incineroar|atk|1\n|-unboost|p1b: Chandelure|atk|1\n|-ability|p1a: Incineroar|Intimidate|boost\n|-unboost|p2a: Charizard|atk|1\n|-unboost|p2b: Incineroar|atk|1\n|turn|1\n|\n|t:|1776049155\n|detailschange|p1b: Chandelure|Chandelure-Mega, L50, F\n|-mega|p1b: Chandelure|Chandelure|Chandelurite\n|move|p2a: Charizard|Protect|p2a: Charizard\n|-singleturn|p2a: Charizard|Protect\n|move|p2b: Incineroar|Fake Out|p1a: Incineroar\n|-damage|p1a: Incineroar|93/100\n|cant|p1a: Incineroar|flinch\n|move|p1b: Chandelure|Flamethrower|p2a: Charizard\n|-activate|p2a: Charizard|move: Protect\n|\n|upkeep\n|turn|2\n|\n|t:|1776049206\n|switch|p1b: Archaludon|Archaludon, L50, F|100/100\n|detailschange|p2a: Charizard|Charizard-Mega-Y, L50, F\n|-mega|p2a: Charizard|Charizard|Charizardite Y\n|-weather|SunnyDay|[from] ability: Drought|[of] p2a: Charizard\n|move|p2a: Charizard|Dragon Pulse|p1b: Archaludon\n|-damage|p1b: Archaludon|59/100\n|-ability|p1b: Archaludon|Stamina|boost\n|-boost|p1b: Archaludon|def|1\n|move|p2b: Incineroar|Parting Shot|p1b: Archaludon\n|-unboost|p1b: Archaludon|atk|1\n|-unboost|p1b: Archaludon|spa|1\n|\n|t:|1776049219\n|switch|p2b: Garchomp|Garchomp, L50, M|100/100|[from] Parting Shot\n|move|p1a: Incineroar|Parting Shot|p2a: Charizard\n|-unboost|p2a: Charizard|atk|1\n|-unboost|p2a: Charizard|spa|1\n|\n|t:|1776049225\n|switch|p1a: Pelipper|Pelipper, L50, M|100/100|[from] Parting Shot\n|-weather|RainDance|[from] ability: Drizzle|[of] p1a: Pelipper\n|\n|-weather|RainDance|[upkeep]\n|-heal|p1b: Archaludon|65/100|[from] item: Leftovers\n|upkeep\n|turn|3\n|\n|t:|1776049262\n|switch|p1b: Incineroar|Incineroar, L50, M|93/100\n|-ability|p1b: Incineroar|Intimidate|boost\n|-unboost|p2a: Charizard|atk|1\n|-unboost|p2b: Garchomp|atk|1\n|move|p2b: Garchomp|Earthquake|p1a: Pelipper|[spread] p1b\n|-immune|p2a: Charizard\n|-immune|p1a: Pelipper\n|-supereffective|p1b: Incineroar|1\n|-damage|p1b: Incineroar|44/100\n|-enditem|p1b: Incineroar|Sitrus Berry|[eat]\n|-heal|p1b: Incineroar|69/100|[from] item: Sitrus Berry\n|move|p2a: Charizard|Dragon Pulse|p1b: Incineroar\n|-damage|p1b: Incineroar|48/100\n|move|p1a: Pelipper|Weather Ball|p2a: Charizard\n|-supereffective|p2a: Charizard|1\n|-damage|p2a: Charizard|0 fnt\n|faint|p2a: Charizard\n|\n|-weather|RainDance|[upkeep]\n|upkeep\n|\n|t:|1776049281\n|switch|p2a: Incineroar|Incineroar, L50, F|100/100\n|-ability|p2a: Incineroar|Intimidate|boost\n|-unboost|p1a: Pelipper|atk|1\n|-unboost|p1b: Incineroar|atk|1\n|turn|4\n|\n|t:|1776049303\n|move|p2b: Garchomp|Protect|p2b: Garchomp\n|-singleturn|p2b: Garchomp|Protect\n|move|p2a: Incineroar|Protect|p2a: Incineroar\n|-singleturn|p2a: Incineroar|Protect\n|move|p1b: Incineroar|Fake Out|p2b: Garchomp\n|-activate|p2b: Garchomp|move: Protect\n|move|p1a: Pelipper|Weather Ball|p2a: Incineroar\n|-activate|p2a: Incineroar|move: Protect\n|\n|-weather|RainDance|[upkeep]\n|upkeep\n|turn|5\n|\n|t:|1776049322\n|switch|p2a: Kingambit|Kingambit, L50, M|100/100\n|switch|p1b: Archaludon|Archaludon, L50, F|65/100\n|move|p2b: Garchomp|Rock Slide|p1b: Archaludon|[spread] p1a,p1b\n|-supereffective|p1a: Pelipper|1\n|-resisted|p1b: Archaludon|1\n|-damage|p1a: Pelipper|67/100\n|-damage|p1b: Archaludon|60/100\n|-ability|p1b: Archaludon|Stamina|boost\n|-boost|p1b: Archaludon|def|1\n|cant|p1a: Pelipper|flinch\n|\n|-weather|RainDance|[upkeep]\n|-heal|p1b: Archaludon|66/100|[from] item: Leftovers\n|upkeep\n|turn|6\n|\n|t:|1776049341\n|move|p2b: Garchomp|Dragon Claw|p1b: Archaludon\n|-damage|p1b: Archaludon|53/100\n|-ability|p1b: Archaludon|Stamina|boost\n|-boost|p1b: Archaludon|def|1\n|move|p1a: Pelipper|Tailwind|p1a: Pelipper\n|-sidestart|p1: flex_od|move: Tailwind\n|move|p1b: Archaludon|Electro Shot||[still]\n|-prepare|p1b: Archaludon|Electro Shot\n|-boost|p1b: Archaludon|spa|1\n|-anim|p1b: Archaludon|Electro Shot|p2a: Kingambit\n|-damage|p2a: Kingambit|28/100\n|move|p2a: Kingambit|Kowtow Cleave|p1a: Pelipper\n|-damage|p1a: Pelipper|0 fnt\n|faint|p1a: Pelipper\n|\n|-weather|none\n|-heal|p1b: Archaludon|59/100|[from] item: Leftovers\n|upkeep\n|\n|t:|1776049357\n|switch|p1a: Chandelure|Chandelure-Mega, L50, F|100/100\n|turn|7\n|\n|t:|1776049366\n|switch|p2b: Incineroar|Incineroar, L50, F|100/100\n|-ability|p2b: Incineroar|Intimidate|boost\n|-unboost|p1a: Chandelure|atk|1\n|-unboost|p1b: Archaludon|atk|1\n|move|p2a: Kingambit|Protect|p2a: Kingambit\n|-singleturn|p2a: Kingambit|Protect\n|move|p1a: Chandelure|Flamethrower|p2a: Kingambit\n|-activate|p2a: Kingambit|move: Protect\n|move|p1b: Archaludon|Draco Meteor|p2b: Incineroar\n|-damage|p2b: Incineroar|23/100\n|-unboost|p1b: Archaludon|spa|2\n|-enditem|p2b: Incineroar|Sitrus Berry|[eat]\n|-heal|p2b: Incineroar|48/100|[from] item: Sitrus Berry\n|\n|-heal|p1b: Archaludon|65/100|[from] item: Leftovers\n|upkeep\n|turn|8\n|\n|t:|1776049390\n|switch|p1b: Incineroar|Incineroar, L50, M|48/100\n|-ability|p1b: Incineroar|Intimidate|boost\n|-unboost|p2a: Kingambit|atk|1\n|-ability|p2a: Kingambit|Defiant|boost\n|-boost|p2a: Kingambit|atk|2\n|-unboost|p2b: Incineroar|atk|1\n|move|p2a: Kingambit|Sucker Punch|p1a: Chandelure\n|-supereffective|p1a: Chandelure|1\n|-damage|p1a: Chandelure|0 fnt\n|faint|p1a: Chandelure\n|move|p2b: Incineroar|Parting Shot|p1b: Incineroar\n|-unboost|p1b: Incineroar|atk|1\n|-unboost|p1b: Incineroar|spa|1\n|\n|t:|1776049402\n|switch|p2b: Garchomp|Garchomp, L50, M|100/100|[from] Parting Shot\n|\n|upkeep\n|\n|t:|1776049405\n|switch|p1a: Archaludon|Archaludon, L50, F|65/100\n|turn|9\n|\n|t:|1776049413\n|move|p2b: Garchomp|Protect|p2b: Garchomp\n|-singleturn|p2b: Garchomp|Protect\n|move|p2a: Kingambit|Protect|p2a: Kingambit\n|-singleturn|p2a: Kingambit|Protect\n|move|p1b: Incineroar|Fake Out|p2a: Kingambit\n|-activate|p2a: Kingambit|move: Protect\n|move|p1a: Archaludon|Draco Meteor|p2b: Garchomp\n|-activate|p2b: Garchomp|move: Protect\n|\n|-heal|p1a: Archaludon|71/100|[from] item: Leftovers\n|-sideend|p1: flex_od|move: Tailwind\n|upkeep\n|turn|10\n|\n|t:|1776049465\n|move|p1a: Archaludon|Protect|p1a: Archaludon\n|-singleturn|p1a: Archaludon|Protect\n|move|p2a: Kingambit|Sucker Punch||[still]\n|-fail|p2a: Kingambit\n|move|p2b: Garchomp|Earthquake|p1b: Incineroar|[spread] p2a,p1b\n|-activate|p1a: Archaludon|move: Protect\n|-supereffective|p2a: Kingambit|1\n|-supereffective|p1b: Incineroar|1\n|-damage|p2a: Kingambit|0 fnt\n|-damage|p1b: Incineroar|0 fnt\n|faint|p2a: Kingambit\n|faint|p1b: Incineroar\n|\n|-heal|p1a: Archaludon|77/100|[from] item: Leftovers\n|upkeep\n|\n|t:|1776049477\n|switch|p2a: Incineroar|Incineroar, L50, F|48/100\n|-ability|p2a: Incineroar|Intimidate|boost\n|-unboost|p1a: Archaludon|atk|1\n|turn|11\n|\n|t:|1776049487\n|move|p2b: Garchomp|Earthquake|p1a: Archaludon|[spread] p2a,p1a\n|-supereffective|p2a: Incineroar|1\n|-supereffective|p1a: Archaludon|1\n|-damage|p2a: Incineroar|0 fnt\n|-damage|p1a: Archaludon|25/100\n|-ability|p1a: Archaludon|Stamina|boost\n|-boost|p1a: Archaludon|def|1\n|faint|p2a: Incineroar\n|move|p1a: Archaludon|Draco Meteor|p2b: Garchomp\n|-supereffective|p2b: Garchomp|1\n|-enditem|p2b: Garchomp|Haban Berry|[eat]\n|-enditem|p2b: Garchomp|Haban Berry|[weaken]\n|-damage|p2b: Garchomp|26/100\n|-unboost|p1a: Archaludon|spa|2\n|\n|-heal|p1a: Archaludon|31/100|[from] item: Leftovers\n|upkeep\n|turn|12\n|\n|t:|1776049501\n|move|p1a: Archaludon|Protect|p1a: Archaludon\n|-singleturn|p1a: Archaludon|Protect\n|move|p2b: Garchomp|Earthquake|p1a: Archaludon\n|-activate|p1a: Archaludon|move: Protect\n|\n|-heal|p1a: Archaludon|37/100|[from] item: Leftovers\n|upkeep\n|turn|13\n|\n|t:|1776049508\n|move|p2b: Garchomp|Earthquake|p1a: Archaludon\n|-supereffective|p1a: Archaludon|1\n|-damage|p1a: Archaludon|0 fnt\n|faint|p1a: Archaludon\n|\n|win|0008revO\n|raw|flex_od's rating: 1070 &rarr; <strong>1045</strong><br />(-25 for losing)\n|raw|0008revO's rating: 1000 &rarr; <strong>1048</strong><br />(+48 for winning)\n",
  "uploadtime": 1776049509,
  "views": 10,
  "formatid": "gen9championsvgc2026regma",
  "rating": 1045,
  "private": 0,
  "password": null
}