{
  "id": "gen9championsvgc2026regma-2585841054",
  "format": "[Gen 9 Champions] VGC 2026 Reg M-A",
  "players": [
    "Future Alice haver",
    "melatonin addict"
  ],
  "log": "|j|\u2606Future Alice haver\n|j|\u2606melatonin addict\n|t:|1776374685\n|gametype|doubles\n|player|p1|Future Alice haver|kimonogirl|1280\n|player|p2|melatonin addict|giovanni|1323\n|gen|9\n|tier|[Gen 9 Champions] VGC 2026 Reg M-A\n|rated|\n|rule|Species Clause: Limit one of each Pok\u00e9mon\n|rule|Item Clause: Limit 1 of each item\n|clearpoke\n|poke|p1|Charizard, L50, F|\n|poke|p1|Venusaur, L50, F|\n|poke|p1|Orthworm, L50, M|\n|poke|p1|Garchomp, L50, M|\n|poke|p1|Milotic, L50, M|\n|poke|p1|Whimsicott, L50, M|\n|poke|p2|Kangaskhan, L50, F|\n|poke|p2|Aerodactyl, L50, M|\n|poke|p2|Archaludon, L50, F|\n|poke|p2|Arcanine, L50, M|\n|poke|p2|Basculegion, L50, M|\n|poke|p2|Sylveon, L50, M|\n|teampreview|4\n|inactive|Battle timer is ON: inactive players will automatically lose when time's up. (requested by Future Alice haver)\n|\n|t:|1776374758\n|teamsize|p1|4\n|teamsize|p2|4\n|start\n|switch|p1a: Milotic|Milotic, L50, M|100/100\n|switch|p1b: Whimsicott|Whimsicott, L50, M|100/100\n|switch|p2a: Aerodactyl|Aerodactyl, L50, M|100/100\n|switch|p2b: Archaludon|Archaludon, L50, F|100/100\n|-ability|p2a: Aerodactyl|Unnerve\n|turn|1\n|inactive|Future Alice haver has 30 seconds left.\n|inactive|Future Alice haver has 20 seconds left.\n|inactive|Future Alice haver has 15 seconds left.\n|inactive|Future Alice haver has 10 seconds left.\n|\n|t:|1776374804\n|switch|p1b: Garchomp|Garchomp, L50, M|100/100\n|move|p2a: Aerodactyl|Dual Wingbeat|p1b: Garchomp\n|-damage|p1b: Garchomp|83/100\n|-damage|p2a: Aerodactyl|88/100|[from] ability: Rough Skin|[of] p1b: Garchomp\n|-damage|p1b: Garchomp|65/100\n|-damage|p2a: Aerodactyl|76/100|[from] ability: Rough Skin|[of] p1b: Garchomp\n|-hitcount|p1b: Garchomp|2\n|move|p2b: Archaludon|Thunderbolt|p1a: Milotic\n|-supereffective|p1a: Milotic|1\n|-damage|p1a: Milotic|52/100\n|move|p1a: Milotic|Icy Wind|p2a: Aerodactyl|[spread] p2a,p2b\n|-supereffective|p2a: Aerodactyl|1\n|-damage|p2a: Aerodactyl|41/100\n|-damage|p2b: Archaludon|85/100\n|-unboost|p2a: Aerodactyl|spe|1\n|-unboost|p2b: Archaludon|spe|1\n|-enditem|p2b: Archaludon|White Herb\n|-clearnegativeboost|p2b: Archaludon|[silent]\n|\n|upkeep\n|turn|2\n|inactive|Future Alice haver has 30 seconds left.\n|inactive|Future Alice haver has 20 seconds left.\n|\n|t:|1776374843\n|move|p1b: Garchomp|Stone Edge|p2a: Aerodactyl\n|-supereffective|p2a: Aerodactyl|1\n|-damage|p2a: Aerodactyl|0 fnt\n|faint|p2a: Aerodactyl\n|move|p2b: Archaludon|Draco Meteor|p1b: Garchomp\n|-supereffective|p1b: Garchomp|1\n|-damage|p1b: Garchomp|0 fnt\n|-unboost|p2b: Archaludon|spa|2\n|faint|p1b: Garchomp\n|move|p1a: Milotic|Ice Beam|p2b: Archaludon\n|-damage|p2b: Archaludon|51/100\n|\n|upkeep\n|\n|t:|1776374861\n|switch|p2a: Sylveon|Sylveon, L50, M|100/100\n|switch|p1b: Whimsicott|Whimsicott, L50, M|100/100\n|turn|3\n|\n|t:|1776374881\n|switch|p2b: Basculegion|Basculegion, L50, M|100/100\n|move|p1b: Whimsicott|Encore||[still]\n|-fail|p1b: Whimsicott\n|move|p1a: Milotic|Icy Wind|p2a: Sylveon|[spread] p2a,p2b\n|-resisted|p2b: Basculegion|1\n|-damage|p2a: Sylveon|91/100\n|-damage|p2b: Basculegion|94/100\n|-unboost|p2a: Sylveon|spe|1\n|-unboost|p2b: Basculegion|spe|1\n|move|p2a: Sylveon|Hyper Voice|p1b: Whimsicott|[spread] p1a,p1b\n|-damage|p1a: Milotic|19/100\n|-damage|p1b: Whimsicott|41/100\n|\n|upkeep\n|turn|4\n|inactive|Future Alice haver has 30 seconds left.\n|inactive|melatonin addict has 30 seconds left.\n|\n|t:|1776374910\n|switch|p2b: Archaludon|Archaludon, L50, F|51/100\n|move|p1b: Whimsicott|Tailwind|p1b: Whimsicott\n|-sidestart|p1: Future Alice haver|move: Tailwind\n|move|p1a: Milotic|Ice Beam|p2b: Archaludon\n|-damage|p2b: Archaludon|22/100\n|move|p2a: Sylveon|Hyper Voice|p1b: Whimsicott|[spread] p1a,p1b\n|-damage|p1a: Milotic|0 fnt\n|-damage|p1b: Whimsicott|0 fnt\n|faint|p1a: Milotic\n|faint|p1b: Whimsicott\n|\n|upkeep\n|\n|t:|1776374914\n|switch|p1a: Charizard|Charizard, L50, F|100/100\n|turn|5\n|\n|t:|1776374930\n|detailschange|p1a: Charizard|Charizard-Mega-Y, L50, F\n|-mega|p1a: Charizard|Charizard|Charizardite Y\n|-weather|SunnyDay|[from] ability: Drought|[of] p1a: Charizard\n|move|p2b: Archaludon|Protect|p2b: Archaludon\n|-singleturn|p2b: Archaludon|Protect\n|move|p1a: Charizard|Heat Wave|p2a: Sylveon|[spread] p2a\n|-activate|p2b: Archaludon|move: Protect\n|-damage|p2a: Sylveon|41/100\n|move|p2a: Sylveon|Hyper Voice|p1a: Charizard\n|-resisted|p1a: Charizard|1\n|-damage|p1a: Charizard|73/100\n|\n|-weather|SunnyDay|[upkeep]\n|upkeep\n|turn|6\n|\n|t:|1776374947\n|move|p2a: Sylveon|Detect|p2a: Sylveon\n|-singleturn|p2a: Sylveon|Protect\n|move|p1a: Charizard|Heat Wave|p2a: Sylveon|[spread] p2b\n|-activate|p2a: Sylveon|move: Protect\n|-damage|p2b: Archaludon|0 fnt\n|faint|p2b: Archaludon\n|\n|-weather|SunnyDay|[upkeep]\n|upkeep\n|\n|t:|1776374954\n|switch|p2b: Basculegion|Basculegion, L50, M|94/100\n|turn|7\n|\n|t:|1776374980\n|move|p2b: Basculegion|Aqua Jet|p1a: Charizard\n|-supereffective|p1a: Charizard|1\n|-damage|p1a: Charizard|43/100\n|move|p1a: Charizard|Heat Wave|p2a: Sylveon|[spread] p2a,p2b\n|-resisted|p2b: Basculegion|1\n|-damage|p2a: Sylveon|0 fnt\n|-damage|p2b: Basculegion|59/100\n|faint|p2a: Sylveon\n|\n|-weather|SunnyDay|[upkeep]\n|-sideend|p1: Future Alice haver|move: Tailwind\n|upkeep\n|turn|8\n|\n|t:|1776374987\n|move|p2b: Basculegion|Aqua Jet|p1a: Charizard\n|-supereffective|p1a: Charizard|1\n|-damage|p1a: Charizard|8/100\n|move|p1a: Charizard|Solar Beam||[still]\n|-prepare|p1a: Charizard|Solar Beam\n|-anim|p1a: Charizard|Solar Beam|p2b: Basculegion\n|-supereffective|p2b: Basculegion|1\n|-damage|p2b: Basculegion|0 fnt\n|faint|p2b: Basculegion\n|\n|win|Future Alice haver\n|raw|Future Alice haver's rating: 1280 &rarr; <strong>1308</strong><br />(+28 for winning)\n|raw|melatonin addict's rating: 1323 &rarr; <strong>1301</strong><br />(-22 for losing)\n",
  "uploadtime": 1776374995,
  "views": 47,
  "formatid": "gen9championsvgc2026regma",
  "rating": 1301,
  "private": 0,
  "password": null
}