{
  "id": "gen9championsvgc2026regma-2581574989",
  "format": "[Gen 9 Champions] VGC 2026 Reg M-A",
  "players": [
    "labubujimenez",
    "MikuFan69"
  ],
  "log": "|j|\u2606labubujimenez\n|j|\u2606MikuFan69\n|t:|1776012161\n|gametype|doubles\n|player|p1|labubujimenez|tate|1386\n|player|p2|MikuFan69|miku-ground|1403\n|gen|9\n|tier|[Gen 9 Champions] VGC 2026 Reg M-A\n|rated|\n|rule|Species Clause: Limit one of each Pok\u00e9mon\n|rule|Item Clause: Limit 1 of each item\n|clearpoke\n|poke|p1|Garchomp, L50, M|\n|poke|p1|Maushold-Four, L50|\n|poke|p1|Incineroar, L50, F|\n|poke|p1|Sneasler, L50, F|\n|poke|p1|Delphox, L50, F|\n|poke|p1|Whimsicott, L50, M|\n|poke|p2|Kingambit, L50, F|\n|poke|p2|Kangaskhan, L50, F|\n|poke|p2|Basculegion, L50, M|\n|poke|p2|Garchomp, L50, F|\n|poke|p2|Talonflame, L50, M|\n|poke|p2|Sinistcha, L50|\n|teampreview|4\n|inactive|Battle timer is ON: inactive players will automatically lose when time's up. (requested by MikuFan69)\n|inactive|labubujimenez also wants the timer to be on.\n|inactive|MikuFan69 has 60 seconds left.\n|\n|t:|1776012198\n|teamsize|p1|4\n|teamsize|p2|4\n|start\n|switch|p1a: Garchomp|Garchomp, L50, M|100/100\n|switch|p1b: Delphox|Delphox, L50, F|100/100\n|switch|p2a: Kingambit|Kingambit, L50, F|100/100\n|switch|p2b: Kangaskhan|Kangaskhan, L50, F|100/100\n|turn|1\n|\n|t:|1776012220\n|switch|p2a: Talonflame|Talonflame, L50, M|100/100\n|detailschange|p1b: Delphox|Delphox-Mega, L50, F\n|-mega|p1b: Delphox|Delphox|Delphoxite\n|detailschange|p2b: Kangaskhan|Kangaskhan-Mega, L50, F\n|-mega|p2b: Kangaskhan|Kangaskhan|Kangaskhanite\n|move|p1b: Delphox|Protect|p1b: Delphox\n|-singleturn|p1b: Delphox|Protect\n|move|p2b: Kangaskhan|Fake Out|p1b: Delphox\n|-activate|p1b: Delphox|move: Protect\n|move|p1a: Garchomp|Earthquake|p2b: Kangaskhan|[spread] p2b\n|-activate|p1b: Delphox|move: Protect\n|-immune|p2a: Talonflame\n|-damage|p2b: Kangaskhan|60/100\n|\n|upkeep\n|turn|2\n|\n|t:|1776012243\n|switch|p1a: Maushold|Maushold-Four, L50|100/100\n|move|p2a: Talonflame|Tailwind|p2a: Talonflame\n|-sidestart|p2: MikuFan69|move: Tailwind\n|move|p2b: Kangaskhan|Body Slam|p1b: Delphox\n|-damage|p1b: Delphox|46/100\n|-damage|p1b: Delphox|34/100\n|-hitcount|p1b: Delphox|2\n|move|p1b: Delphox|Nasty Plot|p1b: Delphox\n|-boost|p1b: Delphox|spa|2\n|\n|upkeep\n|turn|3\n|\n|t:|1776012265\n|move|p2a: Talonflame|Protect|p2a: Talonflame\n|-singleturn|p2a: Talonflame|Protect\n|move|p1a: Maushold|Follow Me|p1a: Maushold\n|-singleturn|p1a: Maushold|move: Follow Me\n|move|p2b: Kangaskhan|Drain Punch|p1a: Maushold\n|-supereffective|p1a: Maushold|1\n|-damage|p1a: Maushold|28/100\n|-heal|p2b: Kangaskhan|97/100|[from] drain|[of] p1a: Maushold\n|-supereffective|p1a: Maushold|1\n|-damage|p1a: Maushold|12/100\n|-heal|p2b: Kangaskhan|100/100|[from] drain|[of] p1a: Maushold\n|-hitcount|p1a: Maushold|2\n|move|p1b: Delphox|Heat Wave|p2a: Talonflame|[spread] p2b\n|-activate|p2a: Talonflame|move: Protect\n|-damage|p2b: Kangaskhan|17/100\n|\n|upkeep\n|turn|4\n|\n|t:|1776012288\n|move|p1b: Delphox|Protect|p1b: Delphox\n|-singleturn|p1b: Delphox|Protect\n|move|p2a: Talonflame|Overheat|p1a: Maushold\n|-damage|p1a: Maushold|0 fnt\n|-unboost|p2a: Talonflame|spa|2\n|faint|p1a: Maushold\n|move|p2b: Kangaskhan|Body Slam|p1b: Delphox\n|-activate|p1b: Delphox|move: Protect\n|\n|upkeep\n|\n|t:|1776012298\n|switch|p1a: Sneasler|Sneasler, L50, F|100/100\n|turn|5\n|\n|t:|1776012313\n|switch|p1b: Garchomp|Garchomp, L50, M|100/100\n|move|p2a: Talonflame|Protect|p2a: Talonflame\n|-singleturn|p2a: Talonflame|Protect\n|move|p2b: Kangaskhan|Protect|p2b: Kangaskhan\n|-singleturn|p2b: Kangaskhan|Protect\n|move|p1a: Sneasler|Fake Out|p2a: Talonflame\n|-activate|p2a: Talonflame|move: Protect\n|\n|-sideend|p2: MikuFan69|move: Tailwind\n|upkeep\n|turn|6\n|\n|t:|1776012325\n|move|p2a: Talonflame|Tailwind|p2a: Talonflame\n|-sidestart|p2: MikuFan69|move: Tailwind\n|move|p2b: Kangaskhan|Body Slam|p1a: Sneasler\n|-damage|p1a: Sneasler|32/100\n|-damage|p1a: Sneasler|15/100\n|-hitcount|p1a: Sneasler|2\n|move|p1b: Garchomp|Rock Tomb|p2a: Talonflame\n|-supereffective|p2a: Talonflame|2\n|-enditem|p2a: Talonflame|Focus Sash\n|-damage|p2a: Talonflame|1/100\n|-unboost|p2a: Talonflame|spe|1\n|move|p1a: Sneasler|Close Combat|p2b: Kangaskhan\n|-supereffective|p2b: Kangaskhan|1\n|-damage|p2b: Kangaskhan|0 fnt\n|-unboost|p1a: Sneasler|def|1\n|-unboost|p1a: Sneasler|spd|1\n|faint|p2b: Kangaskhan\n|-enditem|p1a: Sneasler|White Herb\n|-clearnegativeboost|p1a: Sneasler|[silent]\n|\n|upkeep\n|j| Adicire\n|\n|t:|1776012344\n|switch|p2b: Kingambit|Kingambit, L50, F|100/100\n|turn|7\n|\n|t:|1776012350\n|switch|p1b: Delphox|Delphox-Mega, L50, F|34/100\n|move|p1a: Sneasler|Protect|p1a: Sneasler\n|-singleturn|p1a: Sneasler|Protect\n|move|p2b: Kingambit|Sucker Punch||[still]\n|-fail|p2b: Kingambit\n|move|p2a: Talonflame|Will-O-Wisp|p1b: Delphox\n|-immune|p1b: Delphox\n|\n|upkeep\n|turn|8\n|\n|t:|1776012360\n|move|p2b: Kingambit|Sucker Punch|p1b: Delphox\n|-supereffective|p1b: Delphox|1\n|-damage|p1b: Delphox|0 fnt\n|faint|p1b: Delphox\n|move|p1a: Sneasler|Close Combat|p2b: Kingambit\n|-supereffective|p2b: Kingambit|2\n|-damage|p2b: Kingambit|0 fnt\n|-unboost|p1a: Sneasler|def|1\n|-unboost|p1a: Sneasler|spd|1\n|faint|p2b: Kingambit\n|move|p2a: Talonflame|Overheat|p1a: Sneasler\n|-damage|p1a: Sneasler|0 fnt\n|-unboost|p2a: Talonflame|spa|2\n|faint|p1a: Sneasler\n|\n|upkeep\n|\n|t:|1776012366\n|switch|p1b: Garchomp|Garchomp, L50, M|100/100\n|switch|p2b: Basculegion|Basculegion, L50, M|100/100\n|turn|9\n|\n|t:|1776012378\n|move|p2b: Basculegion|Last Respects|p1b: Garchomp\n|-damage|p1b: Garchomp|2/100\n|move|p2a: Talonflame|Will-O-Wisp|p1b: Garchomp\n|-status|p1b: Garchomp|brn\n|move|p1b: Garchomp|Dragon Claw|p2b: Basculegion\n|-damage|p2b: Basculegion|73/100\n|\n|-damage|p1b: Garchomp|0 fnt|[from] brn\n|faint|p1b: Garchomp\n|\n|win|MikuFan69\n|raw|labubujimenez's rating: 1386 &rarr; <strong>1367</strong><br />(-19 for losing)\n|raw|MikuFan69's rating: 1403 &rarr; <strong>1422</strong><br />(+19 for winning)\n|l|\u2606labubujimenez\n|player|p1|\n|l|\u2606MikuFan69\n|player|p2|\n",
  "uploadtime": 1776012392,
  "views": 54,
  "formatid": "gen9championsvgc2026regma",
  "rating": 1367,
  "private": 0,
  "password": null
}