{
  "id": "gen9championsvgc2026regma-2581382111",
  "format": "[Gen 9 Champions] VGC 2026 Reg M-A",
  "players": [
    "ryankun26",
    "faroutfrog"
  ],
  "log": "|j|\u2606ryankun26\n|j|\u2606faroutfrog\n|t:|1775994294\n|gametype|doubles\n|player|p1|ryankun26|hilda|1107\n|player|p2|faroutfrog|266|1153\n|gen|9\n|tier|[Gen 9 Champions] VGC 2026 Reg M-A\n|rated|\n|rule|Species Clause: Limit one of each Pok\u00e9mon\n|rule|Item Clause: Limit 1 of each item\n|clearpoke\n|poke|p1|Talonflame, L50, F|\n|poke|p1|Glimmora, L50, F|\n|poke|p1|Tsareena, L50, F|\n|poke|p1|Gyarados, L50, F|\n|poke|p1|Clefable, L50, F|\n|poke|p1|Hydreigon, L50, F|\n|poke|p2|Weavile, L50, M|\n|poke|p2|Whimsicott, L50, F|\n|poke|p2|Basculegion, L50, M|\n|poke|p2|Aerodactyl, L50, M|\n|poke|p2|Tauros-Paldea-Aqua, L50, M|\n|poke|p2|Passimian, L50, M|\n|teampreview|4\n|inactive|Battle timer is ON: inactive players will automatically lose when time's up. (requested by ryankun26)\n|inactive|ryankun26 has 60 seconds left.\n|inactive|faroutfrog has 60 seconds left.\n|\n|t:|1775994335\n|teamsize|p1|4\n|teamsize|p2|4\n|start\n|switch|p1a: Glimmora|Glimmora, L50, F|100/100\n|switch|p1b: Clefable|Clefable, L50, F|100/100\n|switch|p2a: Aerodactyl|Aerodactyl, L50, M|100/100\n|switch|p2b: Whimsicott|Whimsicott, L50, F|100/100\n|-ability|p2a: Aerodactyl|Unnerve\n|turn|1\n|inactive|faroutfrog has 30 seconds left.\n|inactive|faroutfrog has 20 seconds left.\n|inactive|faroutfrog has 15 seconds left.\n|\n|t:|1775994379\n|detailschange|p2a: Aerodactyl|Aerodactyl-Mega, L50, M\n|-mega|p2a: Aerodactyl|Aerodactyl|Aerodactylite\n|detailschange|p1a: Glimmora|Glimmora-Mega, L50, F\n|-mega|p1a: Glimmora|Glimmora|Glimmoranite\n|move|p1b: Clefable|Follow Me|p1b: Clefable\n|-singleturn|p1b: Clefable|move: Follow Me\n|move|p2b: Whimsicott|Light Screen|p2b: Whimsicott\n|-sidestart|p2: faroutfrog|move: Light Screen\n|move|p2a: Aerodactyl|Rock Slide|p1a: Glimmora|[spread] p1a,p1b\n|-damage|p1a: Glimmora|68/100\n|-damage|p1b: Clefable|69/100\n|move|p1a: Glimmora|Power Gem|p2a: Aerodactyl\n|-supereffective|p2a: Aerodactyl|1\n|-damage|p2a: Aerodactyl|8/100\n|\n|upkeep\n|turn|2\n|inactive|faroutfrog has 30 seconds left.\n|\n|t:|1775994406\n|move|p2a: Aerodactyl|Protect|p2a: Aerodactyl\n|-singleturn|p2a: Aerodactyl|Protect\n|move|p2b: Whimsicott|Taunt|p1b: Clefable\n|-start|p1b: Clefable|move: Taunt\n|move|p1a: Glimmora|Power Gem|p2a: Aerodactyl\n|-activate|p2a: Aerodactyl|move: Protect\n|cant|p1b: Clefable|move: Taunt|Life Dew\n|\n|upkeep\n|turn|3\n|inactive|faroutfrog has 30 seconds left.\n|\n|t:|1775994435\n|move|p1a: Glimmora|Spiky Shield|p1a: Glimmora\n|-singleturn|p1a: Glimmora|move: Protect\n|move|p2a: Aerodactyl|Dual Wingbeat|p1a: Glimmora\n|-activate|p1a: Glimmora|move: Protect\n|-damage|p2a: Aerodactyl|0 fnt|[from] Spiky Shield|[of] p1a: Glimmora\n|faint|p2a: Aerodactyl\n|move|p2b: Whimsicott|Moonblast|p1a: Glimmora\n|-activate|p1a: Glimmora|move: Protect\n|move|p1b: Clefable|Moonblast|p2b: Whimsicott\n|-damage|p2b: Whimsicott|63/100\n|\n|upkeep\n|\n|t:|1775994440\n|switch|p2a: Tauros|Tauros-Paldea-Aqua, L50, M|100/100\n|-ability|p2a: Tauros|Intimidate|boost\n|-unboost|p1a: Glimmora|atk|1\n|-unboost|p1b: Clefable|atk|1\n|turn|4\n|\n|t:|1775994456\n|switch|p1a: Gyarados|Gyarados, L50, F|100/100\n|-ability|p1a: Gyarados|Intimidate|boost\n|-unboost|p2a: Tauros|atk|1\n|-unboost|p2b: Whimsicott|atk|1\n|-enditem|p2a: Tauros|White Herb\n|-clearnegativeboost|p2a: Tauros|[silent]\n|move|p2b: Whimsicott|Tailwind|p2b: Whimsicott\n|-sidestart|p2: faroutfrog|move: Tailwind\n|move|p2a: Tauros|Close Combat|p1a: Gyarados\n|-resisted|p1a: Gyarados|1\n|-damage|p1a: Gyarados|69/100\n|-unboost|p2a: Tauros|def|1\n|-unboost|p2a: Tauros|spd|1\n|move|p1b: Clefable|Moonblast|p2a: Tauros\n|-supereffective|p2a: Tauros|1\n|-damage|p2a: Tauros|24/100\n|\n|-heal|p1a: Gyarados|75/100|[from] item: Leftovers\n|-end|p1b: Clefable|move: Taunt\n|upkeep\n|turn|5\n|inactive|faroutfrog has 30 seconds left.\n|\n|t:|1775994487\n|move|p2b: Whimsicott|Moonblast|p1a: Gyarados\n|-damage|p1a: Gyarados|53/100\n|move|p2a: Tauros|Wave Crash|p1b: Clefable\n|-damage|p1b: Clefable|2/100\n|-enditem|p1b: Clefable|Sitrus Berry|[eat]\n|-heal|p1b: Clefable|27/100|[from] item: Sitrus Berry\n|-damage|p2a: Tauros|0 fnt|[from] Recoil\n|faint|p2a: Tauros\n|move|p1a: Gyarados|Taunt|p2b: Whimsicott\n|-start|p2b: Whimsicott|move: Taunt\n|-enditem|p2b: Whimsicott|Mental Herb\n|-end|p2b: Whimsicott|move: Taunt\n|move|p1b: Clefable|Moonblast|p2b: Whimsicott\n|-damage|p2b: Whimsicott|29/100\n|\n|-heal|p1a: Gyarados|59/100|[from] item: Leftovers\n|-sideend|p2: faroutfrog|move: Light Screen\n|upkeep\n|\n|t:|1775994506\n|switch|p2a: Basculegion|Basculegion, L50, M|100/100\n|turn|6\n|\n|t:|1775994529\n|move|p1a: Gyarados|Protect|p1a: Gyarados\n|-singleturn|p1a: Gyarados|Protect\n|move|p1b: Clefable|Protect|p1b: Clefable\n|-singleturn|p1b: Clefable|Protect\n|move|p2a: Basculegion|Last Respects|p1a: Gyarados\n|-activate|p1a: Gyarados|move: Protect\n|move|p2b: Whimsicott|Moonblast|p1b: Clefable\n|-activate|p1b: Clefable|move: Protect\n|\n|-heal|p1a: Gyarados|66/100|[from] item: Leftovers\n|upkeep\n|turn|7\n|\n|t:|1775994543\n|move|p1b: Clefable|Follow Me|p1b: Clefable\n|-singleturn|p1b: Clefable|move: Follow Me\n|move|p2b: Whimsicott|Taunt|p1b: Clefable\n|-start|p1b: Clefable|move: Taunt\n|move|p2a: Basculegion|Last Respects|p1b: Clefable\n|-damage|p1b: Clefable|0 fnt\n|faint|p1b: Clefable\n|move|p1a: Gyarados|Thunder Wave|p2a: Basculegion\n|-status|p2a: Basculegion|par\n|\n|-heal|p1a: Gyarados|72/100|[from] item: Leftovers\n|-sideend|p2: faroutfrog|move: Tailwind\n|upkeep\n|\n|t:|1775994551\n|switch|p1b: Tsareena|Tsareena, L50, F|100/100\n|turn|8\n|\n|t:|1775994570\n|move|p2b: Whimsicott|Tailwind|p2b: Whimsicott\n|-sidestart|p2: faroutfrog|move: Tailwind\n|move|p2a: Basculegion|Last Respects|p1b: Tsareena\n|-damage|p1b: Tsareena|0 fnt\n|faint|p1b: Tsareena\n|move|p1a: Gyarados|Waterfall|p2a: Basculegion\n|-resisted|p2a: Basculegion|1\n|-damage|p2a: Basculegion|76/100 par\n|\n|-heal|p1a: Gyarados|78/100|[from] item: Leftovers\n|upkeep\n|\n|t:|1775994575\n|switch|p1b: Glimmora|Glimmora-Mega, L50, F|68/100\n|turn|9\n|\n|t:|1775994592\n|move|p1b: Glimmora|Spiky Shield|p1b: Glimmora\n|-singleturn|p1b: Glimmora|move: Protect\n|move|p2b: Whimsicott|Light Screen|p2b: Whimsicott\n|-sidestart|p2: faroutfrog|move: Light Screen\n|move|p2a: Basculegion|Last Respects|p1b: Glimmora\n|-activate|p1b: Glimmora|move: Protect\n|move|p1a: Gyarados|Waterfall|p2a: Basculegion\n|-resisted|p2a: Basculegion|1\n|-damage|p2a: Basculegion|53/100 par\n|\n|-heal|p1a: Gyarados|84/100|[from] item: Leftovers\n|upkeep\n|turn|10\n|\n|t:|1775994610\n|move|p2b: Whimsicott|Moonblast|p1a: Gyarados\n|-damage|p1a: Gyarados|59/100\n|move|p2a: Basculegion|Last Respects|p1b: Glimmora\n|-damage|p1b: Glimmora|0 fnt\n|faint|p1b: Glimmora\n|move|p1a: Gyarados|Waterfall|p2a: Basculegion\n|-resisted|p2a: Basculegion|1\n|-damage|p2a: Basculegion|31/100 par\n|\n|-heal|p1a: Gyarados|66/100|[from] item: Leftovers\n|upkeep\n|turn|11\n|\n|t:|1775994625\n|move|p1a: Gyarados|Protect|p1a: Gyarados\n|-singleturn|p1a: Gyarados|Protect\n|move|p2b: Whimsicott|Moonblast|p1a: Gyarados\n|-activate|p1a: Gyarados|move: Protect\n|move|p2a: Basculegion|Last Respects|p1a: Gyarados\n|-activate|p1a: Gyarados|move: Protect\n|\n|-heal|p1a: Gyarados|72/100|[from] item: Leftovers\n|-sideend|p2: faroutfrog|move: Tailwind\n|upkeep\n|turn|12\n|\n|t:|1775994630\n|move|p2b: Whimsicott|Tailwind|p2b: Whimsicott\n|-sidestart|p2: faroutfrog|move: Tailwind\n|cant|p2a: Basculegion|par\n|move|p1a: Gyarados|Waterfall|p2a: Basculegion\n|-resisted|p2a: Basculegion|1\n|-damage|p2a: Basculegion|7/100 par\n|\n|-heal|p1a: Gyarados|78/100|[from] item: Leftovers\n|upkeep\n|turn|13\n|\n|t:|1775994645\n|move|p2b: Whimsicott|Moonblast|p1a: Gyarados\n|-damage|p1a: Gyarados|53/100\n|cant|p2a: Basculegion|par\n|move|p1a: Gyarados|Waterfall|p2a: Basculegion\n|-resisted|p2a: Basculegion|1\n|-damage|p2a: Basculegion|0 fnt\n|faint|p2a: Basculegion\n|\n|-heal|p1a: Gyarados|59/100|[from] item: Leftovers\n|-sideend|p2: faroutfrog|move: Light Screen\n|upkeep\n|turn|14\n|inactive|ryankun26 has 30 seconds left.\n|inactive|ryankun26 has 20 seconds left.\n|inactive|ryankun26 has 15 seconds left.\n|inactive|ryankun26 has 10 seconds left.\n|inactive|ryankun26 has 5 seconds left.\n|\n|t:|1775994700\n|move|p1a: Gyarados|Protect|p1a: Gyarados\n|-singleturn|p1a: Gyarados|Protect\n|move|p2b: Whimsicott|Moonblast|p1a: Gyarados\n|-activate|p1a: Gyarados|move: Protect\n|\n|-heal|p1a: Gyarados|66/100|[from] item: Leftovers\n|upkeep\n|turn|15\n|inactive|ryankun26 has 30 seconds left.\n|inactive|ryankun26 has 20 seconds left.\n|inactive|ryankun26 has 15 seconds left.\n|inactive|ryankun26 has 10 seconds left.\n|inactive|ryankun26 has 5 seconds left.\n|\n|t:|1775994755\n|move|p1a: Gyarados|Protect||[still]\n|-fail|p1a: Gyarados\n|move|p2b: Whimsicott|Moonblast|p1a: Gyarados\n|-damage|p1a: Gyarados|40/100\n|\n|-heal|p1a: Gyarados|46/100|[from] item: Leftovers\n|-sideend|p2: faroutfrog|move: Tailwind\n|upkeep\n|turn|16\n|inactive|ryankun26 has 30 seconds left.\n|inactive|ryankun26 has 20 seconds left.\n|inactive|ryankun26 has 15 seconds left.\n|c|\u2606faroutfrog|Cmon dude\n|inactive|ryankun26 has 10 seconds left.\n|inactive|ryankun26 has 5 seconds left.\n|\n|t:|1775994810\n|move|p1a: Gyarados|Protect|p1a: Gyarados\n|-singleturn|p1a: Gyarados|Protect\n|move|p2b: Whimsicott|Moonblast|p1a: Gyarados\n|-activate|p1a: Gyarados|move: Protect\n|\n|-heal|p1a: Gyarados|53/100|[from] item: Leftovers\n|upkeep\n|turn|17\n|\n|t:|1775994825\n|move|p2b: Whimsicott|Moonblast|p1a: Gyarados\n|-damage|p1a: Gyarados|29/100\n|move|p1a: Gyarados|Waterfall|p2b: Whimsicott\n|-resisted|p2b: Whimsicott|1\n|-damage|p2b: Whimsicott|9/100\n|\n|-heal|p1a: Gyarados|35/100|[from] item: Leftovers\n|upkeep\n|turn|18\n|c|\u2606ryankun26|Sorry I'm at work\n|\n|t:|1775994835\n|move|p2b: Whimsicott|Moonblast|p1a: Gyarados\n|-damage|p1a: Gyarados|9/100\n|move|p1a: Gyarados|Waterfall|p2b: Whimsicott\n|-resisted|p2b: Whimsicott|1\n|-damage|p2b: Whimsicott|0 fnt\n|faint|p2b: Whimsicott\n|\n|win|ryankun26\n|raw|ryankun26's rating: 1107 &rarr; <strong>1135</strong><br />(+28 for winning)\n|raw|faroutfrog's rating: 1153 &rarr; <strong>1125</strong><br />(-28 for losing)\n|c|\u2606ryankun26|I thought you'd concede\n|c|\u2606ryankun26|I got busy with a guest haha\n|c|\u2606faroutfrog|Gg\n",
  "uploadtime": 1775994849,
  "views": 31,
  "formatid": "gen9championsvgc2026regma",
  "rating": 1125,
  "private": 0,
  "password": null
}