{
  "id": "gen9championsvgc2026regma-2585225362",
  "format": "[Gen 9 Champions] VGC 2026 Reg M-A",
  "players": [
    "ku3mmelko3nig",
    "Stibe"
  ],
  "log": "|j|\u2606ku3mmelko3nig\n|j|\u2606Stibe\n|t:|1776327138\n|gametype|doubles\n|player|p1|ku3mmelko3nig|winona|1410\n|player|p2|Stibe|musician|1383\n|gen|9\n|tier|[Gen 9 Champions] VGC 2026 Reg M-A\n|rated|\n|rule|Species Clause: Limit one of each Pok\u00e9mon\n|rule|Item Clause: Limit 1 of each item\n|clearpoke\n|poke|p1|Floette-Eternal, L50, F|\n|poke|p1|Delphox, L50, F|\n|poke|p1|Sneasler, L50, M|\n|poke|p1|Kingambit, L50, F|\n|poke|p1|Aerodactyl, L50, M|\n|poke|p1|Maushold-Four, L50|\n|poke|p2|Excadrill, L50, M|\n|poke|p2|Primarina, L50, M|\n|poke|p2|Whimsicott, L50, F|\n|poke|p2|Rotom-Heat, L50|\n|poke|p2|Sneasler, L50, F|\n|poke|p2|Dragapult, L50, M|\n|teampreview|4\n|inactive|Battle timer is ON: inactive players will automatically lose when time's up. (requested by ku3mmelko3nig)\n|inactive|ku3mmelko3nig has 60 seconds left.\n|inactive|Stibe has 60 seconds left.\n|\n|t:|1776327192\n|teamsize|p1|4\n|teamsize|p2|4\n|start\n|switch|p1a: Delphox|Delphox, L50, F, shiny|100/100\n|switch|p1b: Kingambit|Kingambit, L50, F, shiny|100/100\n|switch|p2a: Whimsicott|Whimsicott, L50, F|100/100\n|switch|p2b: Dragapult|Dragapult, L50, M|100/100\n|turn|1\n|\n|t:|1776327209\n|detailschange|p1a: Delphox|Delphox-Mega, L50, F, shiny\n|-mega|p1a: Delphox|Delphox|Delphoxite\n|move|p2a: Whimsicott|Stun Spore|p1a: Delphox\n|-status|p1a: Delphox|par\n|move|p1b: Kingambit|Sucker Punch||[still]\n|-fail|p1b: Kingambit\n|move|p2b: Dragapult|Will-O-Wisp|p1b: Kingambit\n|-status|p1b: Kingambit|brn\n|move|p1a: Delphox|Heat Wave|p2b: Dragapult|[spread] p2a,p2b\n|-supereffective|p2a: Whimsicott|1\n|-resisted|p2b: Dragapult|1\n|-damage|p2a: Whimsicott|0 fnt\n|-damage|p2b: Dragapult|77/100\n|faint|p2a: Whimsicott\n|\n|-damage|p1b: Kingambit|95/100 brn|[from] brn\n|upkeep\n|\n|t:|1776327224\n|switch|p2a: Sneasler|Sneasler, L50, F|100/100\n|turn|2\n|inactive|ku3mmelko3nig has 30 seconds left.\n|\n|t:|1776327258\n|move|p1a: Delphox|Protect|p1a: Delphox\n|-singleturn|p1a: Delphox|Protect\n|move|p1b: Kingambit|Sucker Punch|p2b: Dragapult\n|-supereffective|p2b: Dragapult|1\n|-damage|p2b: Dragapult|21/100\n|move|p2b: Dragapult|Hex|p1a: Delphox\n|-activate|p1a: Delphox|move: Protect\n|move|p2a: Sneasler|Close Combat|p1b: Kingambit\n|-supereffective|p1b: Kingambit|2\n|-damage|p1b: Kingambit|0 fnt\n|-unboost|p2a: Sneasler|def|1\n|-unboost|p2a: Sneasler|spd|1\n|faint|p1b: Kingambit\n|\n|upkeep\n|\n|t:|1776327274\n|switch|p1b: Maushold|Maushold-Four, L50, shiny|100/100\n|turn|3\n|inactive|Stibe has 30 seconds left.\n|inactive|Stibe has 20 seconds left.\n|\n|t:|1776327313\n|switch|p2b: Primarina|Primarina, L50, M|100/100\n|move|p1b: Maushold|Follow Me|p1b: Maushold\n|-singleturn|p1b: Maushold|move: Follow Me\n|move|p2a: Sneasler|Close Combat|p1b: Maushold\n|-supereffective|p1b: Maushold|1\n|-enditem|p1b: Maushold|Chople Berry|[eat]\n|-enditem|p1b: Maushold|Chople Berry|[weaken]\n|-damage|p1b: Maushold|26/100\n|-unboost|p2a: Sneasler|def|1\n|-unboost|p2a: Sneasler|spd|1\n|move|p1a: Delphox|Heat Wave|p2a: Sneasler|[spread] p2a,p2b\n|-resisted|p2b: Primarina|1\n|-enditem|p2a: Sneasler|Focus Sash\n|-damage|p2a: Sneasler|1/100\n|-damage|p2b: Primarina|82/100\n|\n|-heal|p2b: Primarina|88/100|[from] item: Leftovers\n|upkeep\n|turn|4\n|\n|t:|1776327334\n|move|p1b: Maushold|Feint|p2a: Sneasler\n|-damage|p2a: Sneasler|0 fnt\n|faint|p2a: Sneasler\n|move|p1a: Delphox|Psychic|p2b: Primarina\n|-damage|p2b: Primarina|43/100\n|move|p2b: Primarina|Calm Mind|p2b: Primarina\n|-boost|p2b: Primarina|spa|1\n|-boost|p2b: Primarina|spd|1\n|\n|-heal|p2b: Primarina|49/100|[from] item: Leftovers\n|upkeep\n|\n|t:|1776327339\n|switch|p2a: Dragapult|Dragapult, L50, M|21/100\n|turn|5\n|\n|t:|1776327350\n|move|p2a: Dragapult|Helping Hand|p2b: Primarina\n|-singleturn|p2b: Primarina|Helping Hand|[of] p2a: Dragapult\n|move|p1b: Maushold|Follow Me|p1b: Maushold\n|-singleturn|p1b: Maushold|move: Follow Me\n|move|p1a: Delphox|Psychic|p2a: Dragapult\n|-crit|p2a: Dragapult\n|-damage|p2a: Dragapult|0 fnt\n|faint|p2a: Dragapult\n|move|p2b: Primarina|Hyper Voice|p1b: Maushold|[spread] p1a,p1b\n|-supereffective|p1a: Delphox|1\n|-damage|p1a: Delphox|0 fnt\n|-damage|p1b: Maushold|0 fnt\n|faint|p1a: Delphox\n|faint|p1b: Maushold\n|\n|-heal|p2b: Primarina|55/100|[from] item: Leftovers\n|upkeep\n|\n|t:|1776327367\n|switch|p1a: Sneasler|Sneasler, L50, M, shiny|100/100\n|turn|6\n|\n|t:|1776327371\n|move|p2b: Primarina|Protect|p2b: Primarina\n|-singleturn|p2b: Primarina|Protect\n|move|p1a: Sneasler|Fake Out|p2b: Primarina\n|-activate|p2b: Primarina|move: Protect\n|\n|-heal|p2b: Primarina|60/100|[from] item: Leftovers\n|upkeep\n|turn|7\n|\n|t:|1776327381\n|move|p1a: Sneasler|Dire Claw|p2b: Primarina\n|-supereffective|p2b: Primarina|1\n|-damage|p2b: Primarina|0 fnt\n|faint|p2b: Primarina\n|\n|win|ku3mmelko3nig\n|raw|ku3mmelko3nig's rating: 1410 &rarr; <strong>1428</strong><br />(+18 for winning)\n|raw|Stibe's rating: 1383 &rarr; <strong>1365</strong><br />(-18 for losing)\n|l|\u2606Stibe\n|player|p2|\n",
  "uploadtime": 1776327402,
  "views": 51,
  "formatid": "gen9championsvgc2026regma",
  "rating": 1365,
  "private": 0,
  "password": null
}