{
  "id": "gen9championsvgc2026regma-2585931502",
  "format": "[Gen 9 Champions] VGC 2026 Reg M-A",
  "players": [
    "georgrdro02",
    "Malic30"
  ],
  "log": "|j|\u2606georgrdro02\n|j|\u2606Malic30\n|t:|1776382578\n|gametype|doubles\n|player|p1|georgrdro02|102|1084\n|player|p2|Malic30|red|1138\n|gen|9\n|tier|[Gen 9 Champions] VGC 2026 Reg M-A\n|rated|\n|rule|Species Clause: Limit one of each Pok\u00e9mon\n|rule|Item Clause: Limit 1 of each item\n|clearpoke\n|poke|p1|Froslass, L50, F|\n|poke|p1|Incineroar, L50, M|\n|poke|p1|Orthworm, L50, F|\n|poke|p1|Garchomp, L50, F|\n|poke|p1|Basculegion, L50, M|\n|poke|p1|Rotom-Frost, L50|\n|poke|p2|Venusaur, L50, F|\n|poke|p2|Arcanine, L50, M|\n|poke|p2|Gyarados, L50, M|\n|poke|p2|Jolteon, L50, F|\n|poke|p2|Snorlax, L50, M|\n|poke|p2|Dragonite, L50, F|\n|teampreview|4\n|inactive|Battle timer is ON: inactive players will automatically lose when time's up. (requested by georgrdro02)\n|\n|t:|1776382594\n|teamsize|p1|4\n|teamsize|p2|4\n|start\n|switch|p1a: Garchomp|Garchomp, L50, F|100/100\n|switch|p1b: Orthworm|Orthworm, L50, F|100/100\n|switch|p2a: Bertha|Venusaur, L50, F|100/100\n|switch|p2b: Rin|Jolteon, L50, F|100/100\n|turn|1\n|\n|t:|1776382611\n|detailschange|p2a: Bertha|Venusaur-Mega, L50, F\n|-mega|p2a: Bertha|Venusaur|Venusaurite\n|move|p2b: Rin|Volt Switch|p1b: Orthworm\n|-damage|p1b: Orthworm|35/100\n|-enditem|p1b: Orthworm|Sitrus Berry|[eat]\n|-heal|p1b: Orthworm|59/100|[from] item: Sitrus Berry\n|\n|t:|1776382624\n|switch|p2b: Simba|Arcanine, L50, M|100/100|[from] Volt Switch\n|-ability|p2b: Simba|Intimidate|boost\n|-unboost|p1a: Garchomp|atk|1\n|-unboost|p1b: Orthworm|atk|1\n|move|p1a: Garchomp|Earthquake|p2b: Simba|[spread] p2a,p2b\n|-heal|p1b: Orthworm|83/100|[from] ability: Earth Eater|[of] p1a: Garchomp\n|-supereffective|p2b: Simba|1\n|-damage|p2a: Bertha|78/100\n|-damage|p2b: Simba|38/100\n|-enditem|p2b: Simba|Sitrus Berry|[eat]\n|-heal|p2b: Simba|63/100|[from] item: Sitrus Berry\n|move|p1b: Orthworm|Body Press|p2b: Simba\n|-damage|p2b: Simba|21/100\n|move|p2a: Bertha|Earth Power|p1b: Orthworm\n|-heal|p1b: Orthworm|100/100|[from] ability: Earth Eater|[of] p2a: Bertha\n|\n|upkeep\n|turn|2\n|inactive|Malic30 has 30 seconds left.\n|inactive|Malic30 has 20 seconds left.\n|inactive|Malic30 has 15 seconds left.\n|\n|t:|1776382668\n|move|p1a: Garchomp|Earthquake|p2a: Bertha|[spread] p2a,p2b\n|-immune|p1b: Orthworm|[from] ability: Earth Eater\n|-supereffective|p2b: Simba|1\n|-damage|p2a: Bertha|58/100\n|-damage|p2b: Simba|0 fnt\n|faint|p2b: Simba\n|move|p1b: Orthworm|Shed Tail|p1b: Orthworm\n|-start|p1b: Orthworm|Substitute|[from] move: Shed Tail\n|-damage|p1b: Orthworm|50/100\n|\n|t:|1776382678\n|switch|p1b: Froslass|Froslass, L50, F|100/100|[from] Shed Tail\n|move|p2a: Bertha|Leech Seed||[still]\n|-fail|p2a: Bertha\n|\n|upkeep\n|\n|t:|1776382685\n|switch|p2b: Dragonite|Dragonite, L50, F|100/100\n|turn|3\n|\n|t:|1776382698\n|detailschange|p1b: Froslass|Froslass-Mega, L50, F\n|-mega|p1b: Froslass|Froslass|Froslassite\n|-weather|Snowscape|[from] ability: Snow Warning|[of] p1b: Froslass\n|move|p2b: Dragonite|Ice Spinner|p1a: Garchomp\n|-supereffective|p1a: Garchomp|2\n|-enditem|p1a: Garchomp|Focus Sash\n|-damage|p1a: Garchomp|1/100\n|-damage|p2b: Dragonite|88/100|[from] ability: Rough Skin|[of] p1a: Garchomp\n|move|p1b: Froslass|Nasty Plot|p1b: Froslass\n|-boost|p1b: Froslass|spa|2\n|move|p1a: Garchomp|Rock Slide|p2a: Bertha|[spread] p2a,p2b\n|-supereffective|p2b: Dragonite|1\n|-damage|p2a: Bertha|46/100\n|-damage|p2b: Dragonite|56/100\n|move|p2a: Bertha|Energy Ball|p1a: Garchomp\n|-damage|p1a: Garchomp|0 fnt\n|faint|p1a: Garchomp\n|\n|-weather|Snowscape|[upkeep]\n|upkeep\n|\n|t:|1776382708\n|switch|p1a: Orthworm|Orthworm, L50, F|50/100\n|turn|4\n|inactive|Malic30 has 30 seconds left.\n|\n|t:|1776382737\n|switch|p2b: Rin|Jolteon, L50, F|100/100\n|move|p1b: Froslass|Blizzard|p2a: Bertha|[spread] p2a,p2b\n|-supereffective|p2a: Bertha|1\n|-damage|p2a: Bertha|0 fnt\n|-enditem|p2b: Rin|Focus Sash\n|-damage|p2b: Rin|1/100\n|faint|p2a: Bertha\n|move|p1a: Orthworm|Heavy Slam|p2b: Rin\n|-resisted|p2b: Rin|1\n|-damage|p2b: Rin|0 fnt\n|faint|p2b: Rin\n|\n|-weather|Snowscape|[upkeep]\n|upkeep\n|c|\u2606Malic30|gg\n|\n|t:|1776382751\n|switch|p2b: Dragonite|Dragonite, L50, F|56/100\n|turn|5\n|c|\u2606georgrdro02|Gg\n|\n|t:|1776382760\n|move|p2b: Dragonite|Stone Edge|p1b: Froslass\n|-supereffective|p1b: Froslass|1\n|-end|p1b: Froslass|Substitute\n|move|p1b: Froslass|Blizzard|p2b: Dragonite\n|-supereffective|p2b: Dragonite|2\n|-crit|p2b: Dragonite\n|-damage|p2b: Dragonite|0 fnt\n|faint|p2b: Dragonite\n|\n|win|georgrdro02\n|raw|georgrdro02's rating: 1084 &rarr; <strong>1116</strong><br />(+32 for winning)\n|raw|Malic30's rating: 1138 &rarr; <strong>1109</strong><br />(-29 for losing)\n|l|\u2606Malic30\n|player|p2|\n",
  "uploadtime": 1776382774,
  "views": 21,
  "formatid": "gen9championsvgc2026regma",
  "rating": 1109,
  "private": 0,
  "password": null
}