{
  "id": "gen9championsvgc2026regma-2581103080",
  "format": "[Gen 9 Champions] VGC 2026 Reg M-A",
  "players": [
    "Limeeater",
    "All Hail Ogerpon"
  ],
  "log": "|j|\u2606Limeeater\n|j|\u2606All Hail Ogerpon\n|t:|1775960127\n|gametype|doubles\n|player|p1|Limeeater|wally|\n|player|p2|All Hail Ogerpon|raihan|\n|gen|9\n|tier|[Gen 9 Champions] VGC 2026 Reg M-A\n|rated|Tournament battle\n|rule|Species Clause: Limit one of each Pok\u00e9mon\n|rule|Item Clause: Limit 1 of each item\n|raw|<div class=\"infobox\"><details class=\"readmore\" open><summary><strong>1 custom rule:</strong></summary> Force Open Team Sheets</details></div>\n|clearpoke\n|poke|p1|Dragonite, L50, M|\n|poke|p1|Archaludon, L50, M|\n|poke|p1|Basculegion, L50, M|\n|poke|p1|Volcarona, L50, F|\n|poke|p1|Sneasler, L50, F|\n|poke|p1|Sinistcha, L50|\n|poke|p2|Dragonite, L50, F|\n|poke|p2|Whimsicott, L50, F|\n|poke|p2|Garchomp, L50, M|\n|poke|p2|Sneasler, L50, M|\n|poke|p2|Rotom-Wash, L50|\n|poke|p2|Kingambit, L50, F|\n|teampreview|4\n|showteam|p1|Dragonite||Dragoninite|InnerFocus|Hurricane,DracoMeteor,RainDance,Protect|||M|||50|]Archaludon||Magnet|Sturdy|ElectroShot,FlashCannon,AuraSphere,DragonPulse|||M|||50|]Basculegion||MysticWater|SwiftSwim|WaveCrash,LastRespects,AquaJet,Protect|||M|||50|]Volcarona||SitrusBerry|FlameBody|StruggleBug,WillOWisp,RagePowder,Tailwind|||F|||50|]Sneasler||WhiteHerb|Unburden|FakeOut,DireClaw,CloseCombat,Protect|||F|||50|]Sinistcha||Leftovers|Hospitality|MatchaGotcha,RagePowder,TrickRoom,LifeDew||||||50|\n|showteam|p2|Dragonite||Dragoninite|Multiscale|Tailwind,Protect,AirSlash,DracoMeteor|||F|||50|]Whimsicott||FocusSash|Prankster|Tailwind,Moonblast,Encore,Endeavor|||F|||50|]Garchomp||SoftSand|RoughSkin|Protect,Earthquake,RockSlide,StompingTantrum|||M|||50|]Sneasler||WhiteHerb|Unburden|Protect,FakeOut,CloseCombat,DireClaw|||M|||50|]Rotom-Wash||Magnet|Levitate|Thunderbolt,VoltSwitch,HydroPump,Protect||||||50|]Kingambit||BlackGlasses|Defiant|SwordsDance,KowtowCleave,SuckerPunch,IronHead|||F|||50|\n|c|\u2606All Hail Ogerpon|glhf\n|c|\u2606Limeeater|u2\n|inactive|Battle timer is ON: inactive players will automatically lose when time's up. (requested by All Hail Ogerpon)\n|\n|t:|1775960234\n|teamsize|p1|4\n|teamsize|p2|4\n|start\n|switch|p1a: Dragonite|Dragonite, L50, M|100/100\n|switch|p1b: Sinistcha|Sinistcha, L50|100/100\n|switch|p2a: Whimsicott|Whimsicott, L50, F, shiny|100/100\n|switch|p2b: Garchomp|Garchomp, L50, M|100/100\n|turn|1\n|inactive|Limeeater has 30 seconds left.\n|inactive|Limeeater has 20 seconds left.\n|\n|t:|1775960273\n|switch|p2b: Kingambit|Kingambit, L50, F|100/100\n|detailschange|p1a: Dragonite|Dragonite-Mega, L50, M\n|-mega|p1a: Dragonite|Dragonite|Dragoninite\n|move|p1b: Sinistcha|Rage Powder|p1b: Sinistcha\n|-singleturn|p1b: Sinistcha|move: Rage Powder\n|move|p2a: Whimsicott|Tailwind|p2a: Whimsicott\n|-sidestart|p2: All Hail Ogerpon|move: Tailwind\n|move|p1a: Dragonite|Draco Meteor|p2b: Kingambit\n|-resisted|p2b: Kingambit|1\n|-damage|p2b: Kingambit|67/100\n|-unboost|p1a: Dragonite|spa|2\n|\n|upkeep\n|turn|2\n|inactive|Limeeater has 30 seconds left.\n|\n|t:|1775960299\n|switch|p1a: Sneasler|Sneasler, L50, F|100/100\n|move|p1b: Sinistcha|Rage Powder|p1b: Sinistcha\n|-singleturn|p1b: Sinistcha|move: Rage Powder\n|move|p2a: Whimsicott|Encore||[still]\n|-fail|p2a: Whimsicott\n|move|p2b: Kingambit|Swords Dance|p2b: Kingambit\n|-boost|p2b: Kingambit|atk|2\n|\n|upkeep\n|turn|3\n|\n|t:|1775960314\n|move|p1a: Sneasler|Fake Out|p2b: Kingambit\n|-resisted|p2b: Kingambit|1\n|-damage|p2b: Kingambit|62/100\n|cant|p2b: Kingambit|flinch\n|move|p2a: Whimsicott|Moonblast|p1a: Sneasler\n|-damage|p1a: Sneasler|55/100\n|move|p1b: Sinistcha|Trick Room|p1b: Sinistcha\n|-fieldstart|move: Trick Room|[of] p1b: Sinistcha\n|\n|upkeep\n|turn|4\n|\n|t:|1775960329\n|move|p2a: Whimsicott|Encore|p1b: Sinistcha\n|-start|p1b: Sinistcha|Encore\n|move|p2b: Kingambit|Kowtow Cleave|p1a: Sneasler\n|-resisted|p1a: Sneasler|1\n|-damage|p1a: Sneasler|0 fnt\n|faint|p1a: Sneasler\n|move|p1b: Sinistcha|Trick Room|p1b: Sinistcha\n|-fieldend|move: Trick Room\n|\n|-sideend|p2: All Hail Ogerpon|move: Tailwind\n|upkeep\n|c|\u2606Limeeater|bro you under speed in tw?\n|inactive|Limeeater has 30 seconds left.\n|c|\u2606Limeeater|i gotta learn these speed tieres\n|\n|t:|1775960361\n|switch|p1a: Archaludon|Archaludon, L50, M|100/100\n|turn|5\n|\n|t:|1775960381\n|switch|p1b: Dragonite|Dragonite-Mega, L50, M|100/100\n|move|p2a: Whimsicott|Tailwind|p2a: Whimsicott\n|-sidestart|p2: All Hail Ogerpon|move: Tailwind\n|move|p2b: Kingambit|Kowtow Cleave|p1b: Dragonite\n|-damage|p1b: Dragonite|42/100\n|move|p1a: Archaludon|Aura Sphere|p2b: Kingambit\n|-supereffective|p2b: Kingambit|2\n|-damage|p2b: Kingambit|0 fnt\n|faint|p2b: Kingambit\n|\n|upkeep\n|\n|t:|1775960385\n|switch|p2b: Garchomp|Garchomp, L50, M|100/100\n|turn|6\n|\n|t:|1775960404\n|switch|p1a: Sinistcha|Sinistcha, L50|100/100\n|-heal|p1b: Dragonite|67/100|[from] ability: Hospitality|[of] p1a: Sinistcha\n|move|p2a: Whimsicott|Moonblast|p1b: Dragonite\n|-supereffective|p1b: Dragonite|1\n|-damage|p1b: Dragonite|8/100\n|move|p2b: Garchomp|Stomping Tantrum|p1a: Sinistcha\n|-resisted|p1a: Sinistcha|1\n|-damage|p1a: Sinistcha|81/100\n|move|p1b: Dragonite|Hurricane|p2a: Whimsicott\n|-supereffective|p2a: Whimsicott|1\n|-enditem|p2a: Whimsicott|Focus Sash\n|-damage|p2a: Whimsicott|1/100\n|-start|p2a: Whimsicott|confusion\n|\n|-heal|p1a: Sinistcha|88/100|[from] item: Leftovers\n|upkeep\n|turn|7\n|inactive|Limeeater has 30 seconds left.\n|inactive|Limeeater has 20 seconds left.\n|\n|t:|1775960444\n|switch|p2a: Dragonite|Dragonite, L50, F, shiny|100/100\n|move|p1b: Dragonite|Protect|p1b: Dragonite\n|-singleturn|p1b: Dragonite|Protect\n|move|p2b: Garchomp|Rock Slide|p1a: Sinistcha|[spread] \n|-activate|p1b: Dragonite|move: Protect\n|-miss|p2b: Garchomp|p1a: Sinistcha\n|move|p1a: Sinistcha|Life Dew|p1a: Sinistcha|[spread] p1a,p1b\n|-heal|p1a: Sinistcha|100/100\n|-heal|p1b: Dragonite|33/100\n|\n|upkeep\n|turn|8\n|inactive|Limeeater has 30 seconds left.\n|inactive|Limeeater has 20 seconds left.\n|\n|t:|1775960481\n|detailschange|p2a: Dragonite|Dragonite-Mega, L50, F, shiny\n|-mega|p2a: Dragonite|Dragonite|Dragoninite\n|move|p1a: Sinistcha|Rage Powder|p1a: Sinistcha\n|-singleturn|p1a: Sinistcha|move: Rage Powder\n|move|p2b: Garchomp|Rock Slide|p1a: Sinistcha|[spread] p1a\n|-miss|p2b: Garchomp|p1b: Dragonite\n|-damage|p1a: Sinistcha|85/100\n|move|p2a: Dragonite|Air Slash|p1a: Sinistcha\n|-supereffective|p1a: Sinistcha|1\n|-damage|p1a: Sinistcha|0 fnt\n|faint|p1a: Sinistcha\n|move|p1b: Dragonite|Draco Meteor|p2b: Garchomp\n|-supereffective|p2b: Garchomp|1\n|-damage|p2b: Garchomp|0 fnt\n|-unboost|p1b: Dragonite|spa|2\n|faint|p2b: Garchomp\n|\n|-sideend|p2: All Hail Ogerpon|move: Tailwind\n|upkeep\n|j| SnappyDerpyHI\n|\n|t:|1775960496\n|switch|p2b: Whimsicott|Whimsicott, L50, F, shiny|1/100\n|switch|p1a: Archaludon|Archaludon, L50, M|100/100\n|turn|9\n|\n|t:|1775960510\n|move|p2b: Whimsicott|Endeavor|p1a: Archaludon\n|-damage|p1a: Archaludon|1/100\n|move|p1b: Dragonite|Rain Dance|p1b: Dragonite\n|-weather|RainDance\n|move|p2a: Dragonite|Air Slash|p1a: Archaludon\n|-resisted|p1a: Archaludon|1\n|-damage|p1a: Archaludon|0 fnt\n|faint|p1a: Archaludon\n|\n|-weather|RainDance|[upkeep]\n|upkeep\n|turn|10\n|c|\u2606All Hail Ogerpon|gg\n|c|\u2606Limeeater|gg\n|\n|t:|1775960525\n|move|p2b: Whimsicott|Moonblast|p1b: Dragonite\n|-supereffective|p1b: Dragonite|1\n|-damage|p1b: Dragonite|0 fnt\n|faint|p1b: Dragonite\n|\n|win|All Hail Ogerpon\n|n|\u2606Limeeater|limeeater\n|n|\u2606All Hail Ogerpon|allhailogerpon\n|n| SnappyDerpyHI|snappyderpyhi\n|l|\u2606Limeeater\n|player|p1|\n|l| SnappyDerpyHI\n",
  "uploadtime": 1775960535,
  "views": 33,
  "formatid": "gen9championsvgc2026regma",
  "rating": null,
  "private": 0,
  "password": null
}