{
  "id": "gen9championsvgc2026regma-2589414678",
  "format": "[Gen 9 Champions] VGC 2026 Reg M-A",
  "players": [
    "raptor vrm vrm",
    "juanjolopez97"
  ],
  "log": "|j|\u2606raptor vrm vrm\n|j|\u2606juanjolopez97\n|t:|1776721011\n|gametype|doubles\n|player|p1|raptor vrm vrm|essentia|1043\n|player|p2|juanjolopez97|102|1000\n|gen|9\n|tier|[Gen 9 Champions] VGC 2026 Reg M-A\n|rated|\n|rule|Species Clause: Limit one of each Pok\u00e9mon\n|rule|Item Clause: Limit 1 of each item\n|clearpoke\n|poke|p1|Pelipper, L50, M|\n|poke|p1|Aegislash, L50, F|\n|poke|p1|Meganium, L50, F|\n|poke|p1|Sneasler, L50, F|\n|poke|p1|Basculegion, L50, M|\n|poke|p1|Farigiraf, L50, F|\n|poke|p2|Incineroar, L50, F|\n|poke|p2|Floette-Eternal, L50, F|\n|poke|p2|Kommo-o, L50, M|\n|poke|p2|Aegislash, L50, F|\n|poke|p2|Rotom-Wash, L50|\n|poke|p2|Sneasler, L50, M|\n|teampreview|4\n|\n|t:|1776721062\n|teamsize|p1|4\n|teamsize|p2|4\n|start\n|switch|p1a: Sneasler|Sneasler, L50, F|100/100\n|switch|p1b: Meganium|Meganium, L50, F|100/100\n|switch|p2a: Incineroar|Incineroar, L50, F|100/100\n|switch|p2b: Floette|Floette-Eternal, L50, F|100/100\n|-ability|p2a: Incineroar|Intimidate|boost\n|-unboost|p1a: Sneasler|atk|1\n|-unboost|p1b: Meganium|atk|1\n|turn|1\n|inactive|Battle timer is ON: inactive players will automatically lose when time's up. (requested by juanjolopez97)\n|inactive|juanjolopez97 has 60 seconds left.\n|\n|t:|1776721094\n|switch|p2b: Aegislash|Aegislash, L50, F|100/100\n|detailschange|p1b: Meganium|Meganium-Mega, L50, F\n|-mega|p1b: Meganium|Meganium|Meganiumite\n|move|p1b: Meganium|Protect|p1b: Meganium\n|-singleturn|p1b: Meganium|Protect\n|move|p2a: Incineroar|Fake Out|p1b: Meganium\n|-activate|p1b: Meganium|move: Protect\n|move|p1a: Sneasler|U-turn|p2a: Incineroar\n|-damage|p2a: Incineroar|89/100\n|-status|p2a: Incineroar|psn|[from] ability: Poison Touch|[of] p1a: Sneasler\n|\n|t:|1776721107\n|switch|p1a: Aegislash|Aegislash, L50, F|100/100|[from] U-turn\n|\n|-damage|p2a: Incineroar|76/100 psn|[from] psn\n|upkeep\n|turn|2\n|\n|t:|1776721128\n|move|p2b: Aegislash|King's Shield|p2b: Aegislash\n|-singleturn|p2b: Aegislash|Protect\n|move|p1a: Aegislash|King's Shield|p1a: Aegislash\n|-singleturn|p1a: Aegislash|Protect\n|move|p1b: Meganium|Weather Ball|p2b: Aegislash\n|-activate|p2b: Aegislash|move: Protect\n|move|p2a: Incineroar|Parting Shot|p1a: Aegislash\n|-unboost|p1a: Aegislash|atk|1\n|-unboost|p1a: Aegislash|spa|1\n|\n|t:|1776721143\n|switch|p2a: Floette|Floette-Eternal, L50, F|100/100|[from] Parting Shot\n|\n|upkeep\n|turn|3\n|\n|t:|1776721160\n|switch|p1a: Farigiraf|Farigiraf, L50, F|100/100\n|detailschange|p2a: Floette|Floette-Mega, L50, F\n|-mega|p2a: Floette|Floette|Floettite\n|-ability|p2a: Floette|Fairy Aura\n|move|p2a: Floette|Light of Ruin|p1a: Farigiraf\n|-damage|p1a: Farigiraf|1/100\n|-enditem|p1a: Farigiraf|Sitrus Berry|[eat]\n|-heal|p1a: Farigiraf|26/100|[from] item: Sitrus Berry\n|-damage|p2a: Floette|29/100|[from] Recoil\n|move|p1b: Meganium|Weather Ball|p2b: Aegislash\n|-supereffective|p2b: Aegislash|1\n|-damage|p2b: Aegislash|12/100\n|-formechange|p2b: Aegislash|Aegislash-Blade|\n|move|p2b: Aegislash|Iron Head|p1b: Meganium\n|-supereffective|p1b: Meganium|1\n|-damage|p1b: Meganium|32/100\n|\n|upkeep\n|turn|4\n|inactive|raptor vrm vrm has 30 seconds left.\n|inactive|juanjolopez97 has 30 seconds left.\n|inactive|raptor vrm vrm has 20 seconds left.\n|\n|t:|1776721196\n|switch|p2b: Incineroar|Incineroar, L50, F|76/100 psn\n|-ability|p2b: Incineroar|Intimidate|boost\n|-unboost|p1a: Farigiraf|atk|1\n|-unboost|p1b: Meganium|atk|1\n|switch|p1a: Aegislash|Aegislash, L50, F|100/100\n|move|p2a: Floette|Protect|p2a: Floette\n|-singleturn|p2a: Floette|Protect\n|move|p1b: Meganium|Protect||[still]\n|-fail|p1b: Meganium\n|\n|-damage|p2b: Incineroar|64/100 psn|[from] psn\n|upkeep\n|turn|5\n|\n|t:|1776721221\n|switch|p2a: Rotom|Rotom-Wash, L50|100/100\n|move|p1a: Aegislash|King's Shield|p1a: Aegislash\n|-singleturn|p1a: Aegislash|Protect\n|move|p1b: Meganium|Dazzling Gleam|p2a: Rotom|[spread] p2a,p2b\n|-damage|p2a: Rotom|60/100\n|-damage|p2b: Incineroar|36/100 psn\n|-enditem|p2b: Incineroar|Sitrus Berry|[eat]\n|-heal|p2b: Incineroar|60/100 psn|[from] item: Sitrus Berry\n|move|p2b: Incineroar|Flare Blitz|p1a: Aegislash\n|-activate|p1a: Aegislash|move: Protect\n|-unboost|p2b: Incineroar|atk|1\n|\n|-damage|p2b: Incineroar|48/100 psn|[from] psn\n|upkeep\n|turn|6\n|inactive|raptor vrm vrm has 30 seconds left.\n|\n|t:|1776721252\n|switch|p1a: Farigiraf|Farigiraf, L50, F|26/100\n|move|p1b: Meganium|Protect|p1b: Meganium\n|-singleturn|p1b: Meganium|Protect\n|move|p2a: Rotom|Electroweb|p1a: Farigiraf|[spread] p1a\n|-activate|p1b: Meganium|move: Protect\n|-damage|p1a: Farigiraf|8/100\n|-unboost|p1a: Farigiraf|spe|1\n|move|p2b: Incineroar|Flare Blitz|p1a: Farigiraf\n|-damage|p1a: Farigiraf|0 fnt\n|faint|p1a: Farigiraf\n|-damage|p2b: Incineroar|45/100 psn|[from] Recoil\n|\n|-damage|p2b: Incineroar|33/100 psn|[from] psn\n|upkeep\n|\n|t:|1776721264\n|switch|p1a: Sneasler|Sneasler, L50, F|100/100\n|turn|7\n|\n|t:|1776721275\n|move|p2b: Incineroar|Helping Hand|p2a: Rotom\n|-singleturn|p2a: Rotom|Helping Hand|[of] p2b: Incineroar\n|move|p1a: Sneasler|U-turn|p2b: Incineroar\n|-damage|p2b: Incineroar|14/100 psn\n|\n|t:|1776721281\n|switch|p1a: Aegislash|Aegislash, L50, F|100/100|[from] U-turn\n|move|p2a: Rotom|Electroweb|p1a: Aegislash|[spread] p1a,p1b\n|-resisted|p1b: Meganium|1\n|-damage|p1a: Aegislash|79/100\n|-damage|p1b: Meganium|19/100\n|-unboost|p1a: Aegislash|spe|1\n|-unboost|p1b: Meganium|spe|1\n|move|p1b: Meganium|Dazzling Gleam|p2b: Incineroar|[spread] p2a,p2b\n|-damage|p2a: Rotom|20/100\n|-damage|p2b: Incineroar|0 fnt\n|faint|p2b: Incineroar\n|\n|-heal|p1a: Aegislash|85/100|[from] item: Leftovers\n|upkeep\n|\n|t:|1776721290\n|switch|p2b: Aegislash|Aegislash, L50, F|12/100\n|turn|8\n|\n|t:|1776721304\n|move|p2b: Aegislash|King's Shield|p2b: Aegislash\n|-singleturn|p2b: Aegislash|Protect\n|move|p1a: Aegislash|King's Shield|p1a: Aegislash\n|-singleturn|p1a: Aegislash|Protect\n|move|p2a: Rotom|Electroweb|p1a: Aegislash|[spread] p1b\n|-activate|p1a: Aegislash|move: Protect\n|-resisted|p1b: Meganium|1\n|-damage|p1b: Meganium|12/100\n|-unboost|p1b: Meganium|spe|1\n|move|p1b: Meganium|Dazzling Gleam|p2b: Aegislash|[spread] p2a\n|-activate|p2b: Aegislash|move: Protect\n|-damage|p2a: Rotom|0 fnt\n|faint|p2a: Rotom\n|\n|-heal|p1a: Aegislash|91/100|[from] item: Leftovers\n|upkeep\n|\n|t:|1776721318\n|switch|p2a: Floette|Floette-Mega, L50, F|29/100\n|-ability|p2a: Floette|Fairy Aura\n|turn|9\n|\n|t:|1776721344\n|-formechange|p2b: Aegislash|Aegislash-Blade|\n|move|p2b: Aegislash|Shadow Sneak|p1a: Aegislash\n|-supereffective|p1a: Aegislash|1\n|-damage|p1a: Aegislash|48/100\n|move|p2a: Floette|Moonblast|p1a: Aegislash\n|-resisted|p1a: Aegislash|1\n|-damage|p1a: Aegislash|17/100\n|move|p1b: Meganium|Dazzling Gleam|p2a: Floette|[spread] p2a,p2b\n|-resisted|p2b: Aegislash|1\n|-damage|p2a: Floette|0 fnt\n|-damage|p2b: Aegislash|0 fnt\n|faint|p2a: Floette\n|faint|p2b: Aegislash\n|\n|win|raptor vrm vrm\n|raw|raptor vrm vrm's rating: 1043 &rarr; <strong>1072</strong><br />(+29 for winning)\n|raw|juanjolopez97's rating: 1000 &rarr; <strong>1000</strong><br />(+0 for losing)\n|l|\u2606juanjolopez97\n|player|p2|\n",
  "uploadtime": 1776721361,
  "views": 4,
  "formatid": "gen9championsvgc2026regma",
  "rating": 1000,
  "private": 0,
  "password": null
}