{
  "id": "gen9championsvgc2026regma-2588000624",
  "format": "[Gen 9 Champions] VGC 2026 Reg M-A",
  "players": [
    "soolers2test",
    "MefShowdown0"
  ],
  "log": "|j|\u2606soolers2test\n|j|\u2606MefShowdown0\n|t:|1776591104\n|gametype|doubles\n|player|p1|soolers2test|2|1373\n|player|p2|MefShowdown0|selene-masters2|1325\n|gen|9\n|tier|[Gen 9 Champions] VGC 2026 Reg M-A\n|rated|\n|rule|Species Clause: Limit one of each Pok\u00e9mon\n|rule|Item Clause: Limit 1 of each item\n|clearpoke\n|poke|p1|Torterra, L50, F|\n|poke|p1|Hippowdon, L50, F|\n|poke|p1|Incineroar, L50, F|\n|poke|p1|Banette, L50, M|\n|poke|p1|Empoleon, L50, M|\n|poke|p1|Manectric, L50, M|\n|poke|p2|Floette-Eternal, L50, F|\n|poke|p2|Aerodactyl, L50, F|\n|poke|p2|Sneasler, L50, F|\n|poke|p2|Incineroar, L50, M|\n|poke|p2|Sinistcha, L50|\n|poke|p2|Milotic, L50, F|\n|teampreview|4\n|\n|t:|1776591155\n|teamsize|p1|4\n|teamsize|p2|4\n|start\n|switch|p1a: Empoleon|Empoleon, L50, M|100/100\n|switch|p1b: Banette|Banette, L50, M|100/100\n|switch|p2a: Floette|Floette-Eternal, L50, F|100/100\n|switch|p2b: Sneasler|Sneasler, L50, F|100/100\n|turn|1\n|inactive|Battle timer is ON: inactive players will automatically lose when time's up. (requested by MefShowdown0)\n|\n|t:|1776591168\n|detailschange|p2a: Floette|Floette-Mega, L50, F\n|-mega|p2a: Floette|Floette|Floettite\n|-ability|p2a: Floette|Fairy Aura\n|move|p1a: Empoleon|Protect|p1a: Empoleon\n|-singleturn|p1a: Empoleon|Protect\n|move|p1b: Banette|Protect|p1b: Banette\n|-singleturn|p1b: Banette|Protect\n|move|p2b: Sneasler|Close Combat|p1a: Empoleon\n|-activate|p1a: Empoleon|move: Protect\n|move|p2a: Floette|Calm Mind|p2a: Floette\n|-boost|p2a: Floette|spa|1\n|-boost|p2a: Floette|spd|1\n|\n|upkeep\n|turn|2\n|\n|t:|1776591188\n|switch|p1a: Hippowdon|Hippowdon, L50, F|100/100\n|-weather|Sandstorm|[from] ability: Sand Stream|[of] p1a: Hippowdon\n|detailschange|p1b: Banette|Banette-Mega, L50, M\n|-mega|p1b: Banette|Banette|Banettite\n|move|p1b: Banette|Encore|p2a: Floette\n|-start|p2a: Floette|Encore\n|move|p2b: Sneasler|Close Combat|p1a: Hippowdon\n|-damage|p1a: Hippowdon|47/100\n|-unboost|p2b: Sneasler|def|1\n|-unboost|p2b: Sneasler|spd|1\n|-enditem|p2b: Sneasler|White Herb\n|-clearnegativeboost|p2b: Sneasler|[silent]\n|move|p2a: Floette|Calm Mind|p2a: Floette\n|-boost|p2a: Floette|spa|1\n|-boost|p2a: Floette|spd|1\n|\n|-weather|Sandstorm|[upkeep]\n|-damage|p2b: Sneasler|95/100|[from] Sandstorm\n|-damage|p2a: Floette|94/100|[from] Sandstorm\n|-damage|p1b: Banette|95/100|[from] Sandstorm\n|-heal|p1a: Hippowdon|53/100|[from] item: Leftovers\n|upkeep\n|turn|3\n|inactive|MefShowdown0 has 30 seconds left.\n|\n|t:|1776591222\n|switch|p2b: Sinistcha|Sinistcha, L50|100/100\n|-heal|p2a: Floette|100/100|[from] ability: Hospitality|[of] p2b: Sinistcha\n|move|p1b: Banette|Disable|p2a: Floette\n|-start|p2a: Floette|Disable|Calm Mind\n|cant|p2a: Floette|Disable|Calm Mind\n|move|p1a: Hippowdon|Sand Tomb|p2b: Sinistcha\n|-resisted|p2b: Sinistcha|1\n|-damage|p2b: Sinistcha|94/100\n|-activate|p2b: Sinistcha|move: Sand Tomb|[of] p1a: Hippowdon\n|\n|-weather|Sandstorm|[upkeep]\n|-damage|p2a: Floette|94/100|[from] Sandstorm\n|-damage|p1b: Banette|89/100|[from] Sandstorm\n|-damage|p2b: Sinistcha|88/100|[from] Sandstorm\n|-heal|p1a: Hippowdon|59/100|[from] item: Leftovers\n|-damage|p2b: Sinistcha|76/100|[from] move: Sand Tomb|[partiallytrapped]\n|upkeep\n|turn|4\n|\n|t:|1776591237\n|switch|p1a: Empoleon|Empoleon, L50, M|100/100\n|-activate|p2a: Floette|move: Struggle\n|move|p2a: Floette|Struggle|p1a: Empoleon\n|-damage|p1a: Empoleon|89/100\n|-damage|p2a: Floette|70/100|[from] recoil\n|move|p1b: Banette|Poltergeist|p2b: Sinistcha|[miss]\n|-miss|p1b: Banette|p2b: Sinistcha\n|move|p2b: Sinistcha|Matcha Gotcha|p1a: Empoleon|[spread] p1a,p1b\n|-damage|p1a: Empoleon|64/100\n|-heal|p2b: Sinistcha|88/100|[from] drain|[of] p1a: Empoleon\n|-damage|p1b: Banette|65/100\n|-heal|p2b: Sinistcha|99/100|[from] drain|[of] p1b: Banette\n|-status|p1a: Empoleon|brn\n|\n|-weather|Sandstorm|[upkeep]\n|-damage|p2a: Floette|63/100|[from] Sandstorm\n|-damage|p1b: Banette|59/100|[from] Sandstorm\n|-damage|p2b: Sinistcha|93/100|[from] Sandstorm\n|-damage|p1a: Empoleon|58/100 brn|[from] brn\n|-end|p2b: Sinistcha|Sand Tomb|[partiallytrapped]|[silent]\n|-end|p2a: Floette|Encore\n|upkeep\n|turn|5\n|inactive|soolers2test has 30 seconds left.\n|inactive|MefShowdown0 has 30 seconds left.\n|inactive|MefShowdown0 has 20 seconds left.\n|\n|t:|1776591276\n|move|p2b: Sinistcha|Rage Powder|p2b: Sinistcha\n|-singleturn|p2b: Sinistcha|move: Rage Powder\n|move|p1b: Banette|Encore|p2b: Sinistcha\n|-start|p2b: Sinistcha|Encore\n|move|p2a: Floette|Dazzling Gleam|p1b: Banette|[spread] p1a,p1b\n|-resisted|p1a: Empoleon|1\n|-damage|p1a: Empoleon|6/100 brn\n|-damage|p1b: Banette|0 fnt\n|faint|p1b: Banette\n|move|p1a: Empoleon|Ice Beam|p2b: Sinistcha\n|-supereffective|p2b: Sinistcha|1\n|-damage|p2b: Sinistcha|43/100\n|\n|-weather|Sandstorm|[upkeep]\n|-damage|p2a: Floette|57/100|[from] Sandstorm\n|-damage|p2b: Sinistcha|36/100|[from] Sandstorm\n|-damage|p1a: Empoleon|0 fnt|[from] brn\n|faint|p1a: Empoleon\n|upkeep\n|-message|soolers2test forfeited.\n|\n|win|MefShowdown0\n|raw|soolers2test's rating: 1373 &rarr; <strong>1350</strong><br />(-23 for losing)\n|raw|MefShowdown0's rating: 1325 &rarr; <strong>1348</strong><br />(+23 for winning)\n",
  "uploadtime": 1776591286,
  "views": 25,
  "formatid": "gen9championsvgc2026regma",
  "rating": 1348,
  "private": 0,
  "password": null
}