{
  "id": "gen9championsvgc2026regma-2588591189",
  "format": "[Gen 9 Champions] VGC 2026 Reg M-A",
  "players": [
    "kazoos",
    "Shatterglass27"
  ],
  "log": "|j|\u2606kazoos\n|j|\u2606Shatterglass27\n|t:|1776648040\n|gametype|doubles\n|player|p1|kazoos|cynthia-gen4|1055\n|player|p2|Shatterglass27|1|1093\n|gen|9\n|tier|[Gen 9 Champions] VGC 2026 Reg M-A\n|rated|\n|rule|Species Clause: Limit one of each Pok\u00e9mon\n|rule|Item Clause: Limit 1 of each item\n|clearpoke\n|poke|p1|Archaludon, L50, F|\n|poke|p1|Meowscarada, L50, F|\n|poke|p1|Politoed, L50, F|\n|poke|p1|Greninja, L50, F|\n|poke|p1|Araquanid, L50, F|\n|poke|p1|Arcanine-Hisui, L50, M|\n|poke|p2|Gardevoir, L50, M|\n|poke|p2|Talonflame, L50, M|\n|poke|p2|Incineroar, L50, F, shiny|\n|poke|p2|Sinistcha, L50|\n|poke|p2|Rotom-Wash, L50|\n|poke|p2|Aggron, L50, F|\n|teampreview|4\n|\n|t:|1776648070\n|teamsize|p1|4\n|teamsize|p2|4\n|start\n|switch|p1a: Archaludon|Archaludon, L50, F|100/100\n|switch|p1b: Politoed|Politoed, L50, F|100/100\n|switch|p2a: Talonflame|Talonflame, L50, M|100/100\n|switch|p2b: Gardevoir|Gardevoir, L50, M|100/100\n|-weather|RainDance|[from] ability: Drizzle|[of] p1b: Politoed\n|turn|1\n|\n|t:|1776648085\n|detailschange|p2b: Gardevoir|Gardevoir-Mega, L50, M\n|-mega|p2b: Gardevoir|Gardevoir|Gardevoirite\n|move|p2a: Talonflame|Round|p1a: Archaludon\n|-resisted|p1a: Archaludon|1\n|-damage|p1a: Archaludon|93/100\n|-ability|p1a: Archaludon|Stamina|boost\n|-boost|p1a: Archaludon|def|1\n|move|p2b: Gardevoir|Round|p1a: Archaludon|[from] move: Round\n|-damage|p1a: Archaludon|0 fnt\n|faint|p1a: Archaludon\n|move|p1b: Politoed|Weather Ball|p2a: Talonflame\n|-supereffective|p2a: Talonflame|1\n|-enditem|p2a: Talonflame|Focus Sash\n|-damage|p2a: Talonflame|1/100\n|\n|-weather|RainDance|[upkeep]\n|upkeep\n|\n|t:|1776648105\n|switch|p1a: Greninja|Greninja, L50, F|100/100\n|turn|2\n|\n|t:|1776648119\n|detailschange|p1a: Greninja|Greninja-Mega, L50, F\n|-mega|p1a: Greninja|Greninja|Greninjite\n|move|p2b: Gardevoir|Protect|p2b: Gardevoir\n|-singleturn|p2b: Gardevoir|Protect\n|move|p1a: Greninja|Surf|p2b: Gardevoir|[spread] p1b,p2a\n|-start|p1a: Greninja|typechange|Water|[from] ability: Protean\n|-activate|p2b: Gardevoir|move: Protect\n|-resisted|p1b: Politoed|1\n|-supereffective|p2a: Talonflame|1\n|-damage|p1b: Politoed|78/100\n|-damage|p2a: Talonflame|0 fnt\n|faint|p2a: Talonflame\n|move|p1b: Politoed|Weather Ball|p2b: Gardevoir\n|-activate|p2b: Gardevoir|move: Protect\n|\n|-weather|RainDance|[upkeep]\n|upkeep\n|\n|t:|1776648138\n|switch|p2a: Sinistcha|Sinistcha, L50|100/100\n|turn|3\n|\n|t:|1776648146\n|switch|p2b: Rotom|Rotom-Wash, L50|100/100\n|move|p1a: Greninja|Ice Beam|p2a: Sinistcha\n|-supereffective|p2a: Sinistcha|1\n|-damage|p2a: Sinistcha|36/100\n|move|p2a: Sinistcha|Matcha Gotcha|p1a: Greninja|[spread] p1b\n|-miss|p2a: Sinistcha|p1a: Greninja\n|-supereffective|p1b: Politoed|1\n|-damage|p1b: Politoed|10/100\n|-heal|p2a: Sinistcha|74/100|[from] drain|[of] p1b: Politoed\n|-status|p1b: Politoed|brn\n|-enditem|p1b: Politoed|Sitrus Berry|[eat]\n|-heal|p1b: Politoed|35/100 brn|[from] item: Sitrus Berry\n|move|p1b: Politoed|Weather Ball|p2b: Rotom\n|-resisted|p2b: Rotom|1\n|-damage|p2b: Rotom|73/100\n|\n|-weather|RainDance|[upkeep]\n|-heal|p2b: Rotom|79/100|[from] item: Leftovers\n|-damage|p1b: Politoed|28/100 brn|[from] brn\n|upkeep\n|turn|4\n|\n|t:|1776648180\n|move|p1b: Politoed|Protect|p1b: Politoed\n|-singleturn|p1b: Politoed|Protect\n|move|p2a: Sinistcha|Protect|p2a: Sinistcha\n|-singleturn|p2a: Sinistcha|Protect\n|move|p1a: Greninja|Dark Pulse|p2a: Sinistcha\n|-activate|p2a: Sinistcha|move: Protect\n|move|p2b: Rotom|Thunder|p1a: Greninja\n|-supereffective|p1a: Greninja|1\n|-damage|p1a: Greninja|0 fnt\n|faint|p1a: Greninja\n|\n|-weather|RainDance|[upkeep]\n|-heal|p2b: Rotom|85/100|[from] item: Leftovers\n|-damage|p1b: Politoed|22/100 brn|[from] brn\n|upkeep\n|\n|t:|1776648189\n|switch|p1a: Meowscarada|Meowscarada, L50, F|100/100\n|turn|5\n|\n|t:|1776648205\n|move|p1a: Meowscarada|Fling|p2b: Rotom\n|-damage|p2b: Rotom|72/100\n|-enditem|p1a: Meowscarada|King's Rock|[from] move: Fling\n|cant|p2b: Rotom|flinch\n|move|p2a: Sinistcha|Matcha Gotcha|p1a: Meowscarada|[spread] p1a,p1b\n|-resisted|p1a: Meowscarada|1\n|-supereffective|p1b: Politoed|1\n|-damage|p1a: Meowscarada|71/100\n|-heal|p2a: Sinistcha|87/100|[from] drain|[of] p1a: Meowscarada\n|-damage|p1b: Politoed|0 fnt\n|-heal|p2a: Sinistcha|99/100|[from] drain|[of] p1b: Politoed\n|faint|p1b: Politoed\n|\n|-weather|none\n|-heal|p2b: Rotom|78/100|[from] item: Leftovers\n|upkeep\n|turn|6\n|\n|t:|1776648220\n|move|p2a: Sinistcha|Protect|p2a: Sinistcha\n|-singleturn|p2a: Sinistcha|Protect\n|move|p1a: Meowscarada|Acrobatics|p2a: Sinistcha\n|-activate|p2a: Sinistcha|move: Protect\n|move|p2b: Rotom|Thunder Wave|p1a: Meowscarada\n|-status|p1a: Meowscarada|par\n|\n|-heal|p2b: Rotom|84/100|[from] item: Leftovers\n|upkeep\n|turn|7\n|-message|kazoos forfeited.\n|\n|win|Shatterglass27\n|raw|kazoos's rating: 1055 &rarr; <strong>1039</strong><br />(-16 for losing)\n|raw|Shatterglass27's rating: 1093 &rarr; <strong>1116</strong><br />(+23 for winning)\n|l|\u2606kazoos\n|player|p1|\n",
  "uploadtime": 1776648235,
  "views": 8,
  "formatid": "gen9championsvgc2026regma",
  "rating": 1039,
  "private": 0,
  "password": null
}