{
  "id": "gen9championsvgc2026regma-2589423014",
  "format": "[Gen 9 Champions] VGC 2026 Reg M-A",
  "players": [
    "ScribbleScribble",
    "rijdenderechter"
  ],
  "log": "|j|\u2606ScribbleScribble\n|j|\u2606rijdenderechter\n|t:|1776721690\n|gametype|doubles\n|player|p1|ScribbleScribble|mina-lgpe|1565\n|player|p2|rijdenderechter|roughneck-gen4|1540\n|gen|9\n|tier|[Gen 9 Champions] VGC 2026 Reg M-A\n|rated|\n|rule|Species Clause: Limit one of each Pok\u00e9mon\n|rule|Item Clause: Limit 1 of each item\n|clearpoke\n|poke|p1|Meganium, L50, F|\n|poke|p1|Sneasler, L50, M|\n|poke|p1|Aerodactyl, L50, M|\n|poke|p1|Kingambit, L50, M|\n|poke|p1|Basculegion, L50, M|\n|poke|p1|Farigiraf, L50, F|\n|poke|p2|Excadrill, L50, M|\n|poke|p2|Sneasler, L50, F|\n|poke|p2|Milotic, L50, F|\n|poke|p2|Incineroar, L50, F|\n|poke|p2|Dragapult, L50, F|\n|poke|p2|Hydrapple, L50, M|\n|teampreview|4\n|inactive|Battle timer is ON: inactive players will automatically lose when time's up. (requested by ScribbleScribble)\n|\n|t:|1776721707\n|teamsize|p1|4\n|teamsize|p2|4\n|start\n|switch|p1a: Aerodactyl|Aerodactyl, L50, M|100/100\n|switch|p1b: Meganium|Meganium, L50, F|100/100\n|switch|p2a: Dragapult|Dragapult, L50, F|100/100\n|switch|p2b: Sneasler|Sneasler, L50, F|100/100\n|-ability|p1a: Aerodactyl|Unnerve\n|turn|1\n|inactive|rijdenderechter has 30 seconds left.\n|\n|t:|1776721739\n|detailschange|p1b: Meganium|Meganium-Mega, L50, F\n|-mega|p1b: Meganium|Meganium|Meganiumite\n|move|p1b: Meganium|Protect|p1b: Meganium\n|-singleturn|p1b: Meganium|Protect\n|move|p2b: Sneasler|Fake Out|p1a: Aerodactyl\n|-resisted|p1a: Aerodactyl|1\n|-crit|p1a: Aerodactyl\n|-damage|p1a: Aerodactyl|83/100\n|move|p2a: Dragapult|Dragon Darts|p1a: Aerodactyl\n|-damage|p1a: Aerodactyl|39/100\n|-anim|p2a: Dragapult|Dragon Darts|p1a: Aerodactyl\n|-damage|p1a: Aerodactyl|0 fnt\n|faint|p1a: Aerodactyl\n|\n|upkeep\n|\n|t:|1776721749\n|switch|p1a: Basculegion|Basculegion, L50, M|100/100\n|turn|2\n|\n|t:|1776721754\n|move|p1a: Basculegion|Wave Crash|p2b: Sneasler\n|-crit|p2b: Sneasler\n|-enditem|p2b: Sneasler|Focus Sash\n|-damage|p2b: Sneasler|1/100\n|-damage|p1a: Basculegion|75/100|[from] Recoil\n|move|p2b: Sneasler|Dire Claw|p1b: Meganium\n|-supereffective|p1b: Meganium|2\n|-damage|p1b: Meganium|0 fnt\n|faint|p1b: Meganium\n|move|p2a: Dragapult|Phantom Force||[still]\n|-prepare|p2a: Dragapult|Phantom Force\n|\n|upkeep\n|\n|t:|1776721756\n|switch|p1b: Sneasler|Sneasler, L50, M|100/100\n|turn|3\n|\n|t:|1776721768\n|move|p1b: Sneasler|Fake Out|p2b: Sneasler\n|-damage|p2b: Sneasler|0 fnt\n|faint|p2b: Sneasler\n|move|p1a: Basculegion|Wave Crash|p2a: Dragapult|[miss]\n|-miss|p1a: Basculegion|p2a: Dragapult\n|move|p2a: Dragapult|Phantom Force|p1a: Basculegion|[from] lockedmove\n|-supereffective|p1a: Basculegion|1\n|-damage|p1a: Basculegion|0 fnt\n|faint|p1a: Basculegion\n|\n|upkeep\n|\n|t:|1776721772\n|switch|p2b: Hydrapple|Hydrapple, L50, M|100/100\n|turn|4\n|\n|t:|1776721776\n|move|p2a: Dragapult|Dragon Darts|p1b: Sneasler\n|-damage|p1b: Sneasler|54/100\n|-anim|p2a: Dragapult|Dragon Darts|p1b: Sneasler\n|-damage|p1b: Sneasler|4/100\n|move|p1b: Sneasler|Dire Claw|p2b: Hydrapple\n|-supereffective|p2b: Hydrapple|1\n|-damage|p2b: Hydrapple|39/100\n|-status|p2b: Hydrapple|slp\n|-enditem|p2b: Hydrapple|Sitrus Berry|[eat]\n|-heal|p2b: Hydrapple|63/100 slp|[from] item: Sitrus Berry\n|cant|p2b: Hydrapple|slp\n|\n|upkeep\n|turn|5\n|j| Helloguyslol\n|-message|ScribbleScribble forfeited.\n|\n|win|rijdenderechter\n|raw|ScribbleScribble's rating: 1565 &rarr; <strong>1544</strong><br />(-21 for losing)\n|raw|rijdenderechter's rating: 1540 &rarr; <strong>1561</strong><br />(+21 for winning)\n|l|\u2606ScribbleScribble\n|player|p1|\n",
  "uploadtime": 1776721787,
  "views": 15,
  "formatid": "gen9championsvgc2026regma",
  "rating": 1544,
  "private": 0,
  "password": null
}