{
  "id": "gen9championsvgc2026regma-2582408631",
  "format": "[Gen 9 Champions] VGC 2026 Reg M-A",
  "players": [
    "bags_u",
    "LeopLazuli"
  ],
  "log": "|j|\u2606bags_u\n|j|\u2606LeopLazuli\n|t:|1776089748\n|gametype|doubles\n|player|p1|bags_u|chuck|1071\n|player|p2|LeopLazuli|acetrainerf|1026\n|gen|9\n|tier|[Gen 9 Champions] VGC 2026 Reg M-A\n|rated|\n|rule|Species Clause: Limit one of each Pok\u00e9mon\n|rule|Item Clause: Limit 1 of each item\n|clearpoke\n|poke|p1|Froslass, L50, F|\n|poke|p1|Kingambit, L50, M|\n|poke|p1|Rotom-Frost, L50|\n|poke|p1|Incineroar, L50, M|\n|poke|p1|Basculegion, L50, M|\n|poke|p1|Whimsicott, L50, F|\n|poke|p2|Meganium, L50, F|\n|poke|p2|Pelipper, L50, F|\n|poke|p2|Aegislash, L50, F|\n|poke|p2|Basculegion, L50, M|\n|poke|p2|Archaludon, L50, M|\n|poke|p2|Incineroar, L50, F|\n|teampreview|4\n|l|\u2606LeopLazuli\n|player|p2|\n|inactive|Battle timer is ON: inactive players will automatically lose when time's up. (requested by bags_u)\n|j|\u2606LeopLazuli\n|inactive|LeopLazuli reconnected and has 85 seconds left.\n|player|p2|LeopLazuli|acetrainerf|\n|\n|t:|1776089788\n|teamsize|p1|4\n|teamsize|p2|4\n|start\n|switch|p1a: Basculegion|Basculegion, L50, M|100/100\n|switch|p1b: Incineroar|Incineroar, L50, M, shiny|100/100\n|switch|p2a: Incineroar|Incineroar, L50, F|100/100\n|switch|p2b: Basculegion|Basculegion, L50, M|100/100\n|-ability|p2a: Incineroar|Intimidate|boost\n|-unboost|p1a: Basculegion|atk|1\n|-unboost|p1b: Incineroar|atk|1\n|-ability|p1b: Incineroar|Intimidate|boost\n|-unboost|p2a: Incineroar|atk|1\n|-unboost|p2b: Basculegion|atk|1\n|turn|1\n|\n|t:|1776089807\n|move|p2a: Incineroar|Fake Out|p1b: Incineroar\n|-damage|p1b: Incineroar|94/100\n|cant|p1b: Incineroar|flinch\n|move|p1a: Basculegion|Crunch|p2b: Basculegion\n|-supereffective|p2b: Basculegion|1\n|-damage|p2b: Basculegion|50/100\n|move|p2b: Basculegion|Flip Turn|p1b: Incineroar\n|-supereffective|p1b: Incineroar|1\n|-damage|p1b: Incineroar|38/100\n|\n|t:|1776089822\n|switch|p2b: Meganium|Meganium, L50, F|100/100|[from] Flip Turn\n|\n|upkeep\n|turn|2\n|\n|t:|1776089839\n|switch|p1a: Kingambit|Kingambit, L50, M|100/100\n|detailschange|p2b: Meganium|Meganium-Mega, L50, F\n|-mega|p2b: Meganium|Meganium|Meganiumite\n|move|p2b: Meganium|Solar Beam||[still]\n|-prepare|p2b: Meganium|Solar Beam\n|-activate|p2b: Meganium|ability: Mega Sol\n|-anim|p2b: Meganium|Solar Beam|p1a: Kingambit\n|-resisted|p1a: Kingambit|1\n|-damage|p1a: Kingambit|62/100\n|move|p2a: Incineroar|Parting Shot|p1a: Kingambit\n|-unboost|p1a: Kingambit|atk|1\n|-ability|p1a: Kingambit|Defiant|boost\n|-boost|p1a: Kingambit|atk|2\n|-unboost|p1a: Kingambit|spa|1\n|-ability|p1a: Kingambit|Defiant|boost\n|-boost|p1a: Kingambit|atk|2\n|\n|t:|1776089855\n|switch|p2a: Pelipper|Pelipper, L50, F|100/100|[from] Parting Shot\n|-weather|RainDance|[from] ability: Drizzle|[of] p2a: Pelipper\n|move|p1b: Incineroar|Close Combat|p2a: Pelipper\n|-resisted|p2a: Pelipper|1\n|-damage|p2a: Pelipper|89/100\n|-unboost|p1b: Incineroar|def|1\n|-unboost|p1b: Incineroar|spd|1\n|\n|-weather|RainDance|[upkeep]\n|upkeep\n|turn|3\n|\n|t:|1776089879\n|switch|p1b: Basculegion|Basculegion, L50, M|100/100\n|move|p2b: Meganium|Earth Power|p1a: Kingambit\n|-supereffective|p1a: Kingambit|1\n|-damage|p1a: Kingambit|0 fnt\n|faint|p1a: Kingambit\n|move|p2a: Pelipper|Muddy Water|p1b: Basculegion\n|-resisted|p1b: Basculegion|1\n|-damage|p1b: Basculegion|77/100\n|\n|-weather|RainDance|[upkeep]\n|upkeep\n|\n|t:|1776089889\n|switch|p1a: Froslass|Froslass, L50, F, shiny|100/100\n|turn|4\n|\n|t:|1776089912\n|switch|p2b: Incineroar|Incineroar, L50, F|100/100\n|-ability|p2b: Incineroar|Intimidate|boost\n|-unboost|p1a: Froslass|atk|1\n|-unboost|p1b: Basculegion|atk|1\n|detailschange|p1a: Froslass|Froslass-Mega, L50, F, shiny\n|-mega|p1a: Froslass|Froslass|Froslassite\n|-weather|Snowscape|[from] ability: Snow Warning|[of] p1a: Froslass\n|move|p1b: Basculegion|Wave Crash|p2a: Pelipper\n|-resisted|p2a: Pelipper|1\n|-damage|p2a: Pelipper|69/100\n|-damage|p1b: Basculegion|71/100|[from] Recoil\n|move|p1a: Froslass|Blizzard|p2b: Incineroar|[spread] p2a,p2b\n|-resisted|p2b: Incineroar|1\n|-damage|p2a: Pelipper|1/100\n|-damage|p2b: Incineroar|78/100\n|-enditem|p2a: Pelipper|Sitrus Berry|[eat]\n|-heal|p2a: Pelipper|26/100|[from] item: Sitrus Berry\n|move|p2a: Pelipper|Tailwind|p2a: Pelipper\n|-sidestart|p2: LeopLazuli|move: Tailwind\n|\n|-weather|Snowscape|[upkeep]\n|upkeep\n|turn|5\n|inactive|LeopLazuli has 30 seconds left.\n|inactive|LeopLazuli has 20 seconds left.\n|\n|t:|1776089949\n|switch|p1a: Incineroar|Incineroar, L50, M, shiny|38/100\n|-ability|p1a: Incineroar|Intimidate|boost\n|-unboost|p2a: Pelipper|atk|1\n|-unboost|p2b: Incineroar|atk|1\n|switch|p2a: Basculegion|Basculegion, L50, M|50/100\n|move|p1b: Basculegion|Wave Crash|p2b: Incineroar\n|-supereffective|p2b: Incineroar|1\n|-damage|p2b: Incineroar|0 fnt\n|faint|p2b: Incineroar\n|-damage|p1b: Basculegion|45/100|[from] Recoil\n|\n|-weather|Snowscape|[upkeep]\n|upkeep\n|\n|t:|1776089964\n|switch|p2b: Meganium|Meganium-Mega, L50, F|100/100\n|turn|6\n|\n|t:|1776089980\n|move|p1a: Incineroar|Fake Out|p2b: Meganium\n|-damage|p2b: Meganium|89/100\n|move|p2a: Basculegion|Aqua Jet|p1a: Incineroar\n|-supereffective|p1a: Incineroar|1\n|-damage|p1a: Incineroar|0 fnt\n|faint|p1a: Incineroar\n|cant|p2b: Meganium|flinch\n|move|p1b: Basculegion|Wave Crash|p2a: Basculegion\n|-resisted|p2a: Basculegion|1\n|-damage|p2a: Basculegion|16/100\n|-damage|p1b: Basculegion|33/100|[from] Recoil\n|\n|-weather|Snowscape|[upkeep]\n|upkeep\n|\n|t:|1776089992\n|switch|p1a: Froslass|Froslass-Mega, L50, F, shiny|100/100\n|turn|7\n|\n|t:|1776090008\n|move|p2a: Basculegion|Last Respects|p1a: Froslass\n|-supereffective|p1a: Froslass|1\n|-damage|p1a: Froslass|0 fnt\n|faint|p1a: Froslass\n|move|p2b: Meganium|Solar Beam||[still]\n|-prepare|p2b: Meganium|Solar Beam\n|-activate|p2b: Meganium|ability: Mega Sol\n|-anim|p2b: Meganium|Solar Beam|p1b: Basculegion\n|-supereffective|p1b: Basculegion|1\n|-damage|p1b: Basculegion|0 fnt\n|faint|p1b: Basculegion\n|\n|win|LeopLazuli\n|raw|bags_u's rating: 1071 &rarr; <strong>1048</strong><br />(-23 for losing)\n|raw|LeopLazuli's rating: 1026 &rarr; <strong>1067</strong><br />(+41 for winning)\n|l|\u2606bags_u\n|player|p1|\n",
  "uploadtime": 1776090021,
  "views": 28,
  "formatid": "gen9championsvgc2026regma",
  "rating": 1048,
  "private": 0,
  "password": null
}