{
  "id": "gen9championsvgc2026regma-2585433482",
  "format": "[Gen 9 Champions] VGC 2026 Reg M-A",
  "players": [
    "blackred123",
    "boysenorange"
  ],
  "log": "|j|\u2606blackred123\n|j|\u2606boysenorange\n|t:|1776346981\n|gametype|doubles\n|player|p1|blackred123|iono-masters|1217\n|player|p2|boysenorange|turo|1258\n|gen|9\n|tier|[Gen 9 Champions] VGC 2026 Reg M-A\n|rated|\n|rule|Species Clause: Limit one of each Pok\u00e9mon\n|rule|Item Clause: Limit 1 of each item\n|clearpoke\n|poke|p1|Tyranitar, L50, F|\n|poke|p1|Kingambit, L50, M|\n|poke|p1|Sinistcha, L50|\n|poke|p1|Excadrill, L50, M|\n|poke|p1|Sneasler, L50, M|\n|poke|p1|Milotic, L50, M|\n|poke|p2|Farigiraf, L50, F|\n|poke|p2|Sinistcha, L50|\n|poke|p2|Medicham, L50, M|\n|poke|p2|Torkoal, L50, M|\n|poke|p2|Golurk, L50|\n|poke|p2|Decidueye-Hisui, L50, M|\n|teampreview|4\n|inactive|Battle timer is ON: inactive players will automatically lose when time's up. (requested by blackred123)\n|inactive|blackred123 has 60 seconds left.\n|inactive|boysenorange has 60 seconds left.\n|\n|t:|1776347026\n|teamsize|p1|4\n|teamsize|p2|4\n|start\n|switch|p1a: \u55e8\u4e00|Kingambit, L50, M|100/100\n|switch|p1b: \u62c9\u6016\u6016|Sneasler, L50, M|100/100\n|switch|p2a: Sinistcha|Sinistcha, L50|100/100\n|switch|p2b: Medicham|Medicham, L50, M|100/100\n|turn|1\n|\n|t:|1776347043\n|move|p1b: \u62c9\u6016\u6016|Fake Out|p2b: Medicham\n|-damage|p2b: Medicham|81/100\n|cant|p2b: Medicham|flinch\n|move|p1a: \u55e8\u4e00|Kowtow Cleave|p2a: Sinistcha\n|-supereffective|p2a: Sinistcha|1\n|-damage|p2a: Sinistcha|18/100\n|move|p2a: Sinistcha|Trick Room|p2a: Sinistcha\n|-fieldstart|move: Trick Room|[of] p2a: Sinistcha\n|\n|upkeep\n|turn|2\n|inactive|boysenorange has 30 seconds left.\n|\n|t:|1776347072\n|move|p1a: \u55e8\u4e00|Protect|p1a: \u55e8\u4e00\n|-singleturn|p1a: \u55e8\u4e00|Protect\n|move|p2a: Sinistcha|Rage Powder|p2a: Sinistcha\n|-singleturn|p2a: Sinistcha|move: Rage Powder\n|move|p2b: Medicham|Close Combat|p1a: \u55e8\u4e00\n|-activate|p1a: \u55e8\u4e00|move: Protect\n|move|p1b: \u62c9\u6016\u6016|Dire Claw|p2a: Sinistcha\n|-damage|p2a: Sinistcha|0 fnt\n|faint|p2a: Sinistcha\n|\n|upkeep\n|\n|t:|1776347081\n|switch|p2a: Decidueye|Decidueye-Hisui, L50, M|100/100\n|turn|3\n|\n|t:|1776347089\n|move|p1a: \u55e8\u4e00|Kowtow Cleave|p2b: Medicham\n|-damage|p2b: Medicham|8/100\n|move|p2a: Decidueye|Triple Arrows|p1a: \u55e8\u4e00\n|-supereffective|p1a: \u55e8\u4e00|2\n|-crit|p1a: \u55e8\u4e00\n|-damage|p1a: \u55e8\u4e00|0 fnt\n|faint|p1a: \u55e8\u4e00\n|move|p2b: Medicham|Psycho Cut|p1b: \u62c9\u6016\u6016\n|-supereffective|p1b: \u62c9\u6016\u6016|2\n|-damage|p1b: \u62c9\u6016\u6016|0 fnt\n|faint|p1b: \u62c9\u6016\u6016\n|\n|upkeep\n|\n|t:|1776347100\n|switch|p1a: \u57fa\u57fa\u62c9\u65af|Tyranitar, L50, F|100/100\n|switch|p1b: Milotic|Milotic, L50, M|100/100\n|-weather|Sandstorm|[from] ability: Sand Stream|[of] p1a: \u57fa\u57fa\u62c9\u65af\n|turn|4\n|\n|t:|1776347110\n|move|p1a: \u57fa\u57fa\u62c9\u65af|Protect|p1a: \u57fa\u57fa\u62c9\u65af\n|-singleturn|p1a: \u57fa\u57fa\u62c9\u65af|Protect\n|move|p2a: Decidueye|Leaf Blade|p1b: Milotic\n|-supereffective|p1b: Milotic|1\n|-crit|p1b: Milotic\n|-damage|p1b: Milotic|0 fnt\n|faint|p1b: Milotic\n|move|p2b: Medicham|Close Combat|p1a: \u57fa\u57fa\u62c9\u65af\n|-activate|p1a: \u57fa\u57fa\u62c9\u65af|move: Protect\n|\n|-weather|Sandstorm|[upkeep]\n|-damage|p2a: Decidueye|94/100|[from] Sandstorm\n|-damage|p2b: Medicham|2/100|[from] Sandstorm\n|upkeep\n|turn|5\n|\n|t:|1776347120\n|switch|p2b: Golurk|Golurk, L50|100/100\n|detailschange|p1a: \u57fa\u57fa\u62c9\u65af|Tyranitar-Mega, L50, F\n|-mega|p1a: \u57fa\u57fa\u62c9\u65af|Tyranitar|Tyranitarite\n|move|p2a: Decidueye|Triple Arrows|p1a: \u57fa\u57fa\u62c9\u65af\n|-supereffective|p1a: \u57fa\u57fa\u62c9\u65af|2\n|-damage|p1a: \u57fa\u57fa\u62c9\u65af|0 fnt\n|faint|p1a: \u57fa\u57fa\u62c9\u65af\n|\n|win|boysenorange\n|raw|blackred123's rating: 1217 &rarr; <strong>1195</strong><br />(-22 for losing)\n|raw|boysenorange's rating: 1258 &rarr; <strong>1280</strong><br />(+22 for winning)\n|l|\u2606blackred123\n|player|p1|\n",
  "uploadtime": 1776347127,
  "views": 27,
  "formatid": "gen9championsvgc2026regma",
  "rating": 1195,
  "private": 0,
  "password": null
}