{
  "id": "gen9championsvgc2026regma-2589485950",
  "format": "[Gen 9 Champions] VGC 2026 Reg M-A",
  "players": [
    "Duckwee",
    "guioguoguo"
  ],
  "log": "|j|\u2606Duckwee\n|j|\u2606guioguoguo\n|t:|1776727291\n|gametype|doubles\n|player|p1|Duckwee|169|1074\n|player|p2|guioguoguo|266|1000\n|gen|9\n|tier|[Gen 9 Champions] VGC 2026 Reg M-A\n|rated|\n|rule|Species Clause: Limit one of each Pok\u00e9mon\n|rule|Item Clause: Limit 1 of each item\n|clearpoke\n|poke|p1|Klefki, L50, F|\n|poke|p1|Cofagrigus, L50, F, shiny|\n|poke|p1|Torkoal, L50, F|\n|poke|p1|Garbodor, L50, M, shiny|\n|poke|p1|Salazzle, L50, F|\n|poke|p1|Charizard, L50, F|\n|poke|p2|Excadrill, L50, F, shiny|\n|poke|p2|Hawlucha, L50, F, shiny|\n|poke|p2|Tyranitar, L50, F, shiny|\n|poke|p2|Espathra, L50, F, shiny|\n|poke|p2|Sinistcha, L50, shiny|\n|poke|p2|Incineroar, L50, M, shiny|\n|teampreview|4\n|inactive|Battle timer is ON: inactive players will automatically lose when time's up. (requested by guioguoguo)\nguioguoguo rejected open team sheets.\n|inactive|Duckwee has 60 seconds left.\n|\n|t:|1776727343\n|teamsize|p1|4\n|teamsize|p2|4\n|start\n|switch|p1a: mummy issues|Cofagrigus, L50, F, shiny|100/100\n|switch|p1b: Femboy vibes|Salazzle, L50, F|100/100\n|switch|p2a: Excadrill|Excadrill, L50, F, shiny|100/100\n|switch|p2b: Hawlucha|Hawlucha, L50, F, shiny|100/100\n|-ability|p2b: Hawlucha|Mold Breaker\n|turn|1\n|inactive|Duckwee has 30 seconds left.\n|inactive|guioguoguo has 30 seconds left.\n|inactive|Duckwee has 20 seconds left.\n|inactive|guioguoguo has 20 seconds left.\n|inactive|Duckwee has 15 seconds left.\n|\n|t:|1776727386\n|detailschange|p2b: Hawlucha|Hawlucha-Mega, L50, F, shiny\n|-mega|p2b: Hawlucha|Hawlucha|Hawluchanite\n|move|p1b: Femboy vibes|Fake Out|p2a: Excadrill\n|-resisted|p2a: Excadrill|1\n|-damage|p2a: Excadrill|98/100\n|move|p2b: Hawlucha|Entrainment|p2a: Excadrill\n|-ability|p2a: Excadrill|No Guard|Sand Rush|[from] move: Entrainment|[of] p2b: Hawlucha\n|cant|p2a: Excadrill|flinch\n|move|p1a: mummy issues|Trick Room|p1a: mummy issues\n|-fieldstart|move: Trick Room|[of] p1a: mummy issues\n|\n|upkeep\n|turn|2\n|inactive|Duckwee has 30 seconds left.\n|inactive|guioguoguo has 30 seconds left.\n|inactive|Duckwee has 20 seconds left.\n|\n|t:|1776727423\n|switch|p1b: Charizard|Charizard, L50, F|100/100\n|move|p1a: mummy issues|Iron Defense|p1a: mummy issues\n|-boost|p1a: mummy issues|def|2\n|move|p2a: Excadrill|Fissure|p1b: Charizard\n|-immune|p1b: Charizard\n|move|p2b: Hawlucha|Rock Slide|p1b: Charizard|[spread] p1a,p1b\n|-supereffective|p1b: Charizard|2\n|-damage|p1a: mummy issues|94/100\n|-damage|p1b: Charizard|0 fnt\n|faint|p1b: Charizard\n|\n|-heal|p1a: mummy issues|100/100|[from] item: Leftovers\n|upkeep\n|\n|t:|1776727440\n|switch|p1b: Turtle|Torkoal, L50, F|100/100\n|-weather|SunnyDay|[from] ability: Drought|[of] p1b: Turtle\n|turn|3\n|\n|t:|1776727460\n|switch|p2b: Tyranitar|Tyranitar, L50, F, shiny|100/100\n|-weather|Sandstorm|[from] ability: Sand Stream|[of] p2b: Tyranitar\n|move|p1b: Turtle|Eruption|p2a: Excadrill|[spread] p2a,p2b\n|-supereffective|p2a: Excadrill|1\n|-resisted|p2b: Tyranitar|1\n|-damage|p2a: Excadrill|0 fnt\n|-damage|p2b: Tyranitar|91/100\n|faint|p2a: Excadrill\n|move|p1a: mummy issues|Body Press|p2b: Tyranitar\n|-supereffective|p2b: Tyranitar|2\n|-damage|p2b: Tyranitar|0 fnt\n|faint|p2b: Tyranitar\n|\n|-weather|Sandstorm|[upkeep]\n|-damage|p1b: Turtle|94/100|[from] Sandstorm\n|-damage|p1a: mummy issues|94/100|[from] Sandstorm\n|-heal|p1a: mummy issues|100/100|[from] item: Leftovers\n|upkeep\n|\n|t:|1776727476\n|switch|p2b: Espathra|Espathra, L50, F, shiny|100/100\n|switch|p2a: Hawlucha|Hawlucha-Mega, L50, F, shiny|100/100\n|turn|4\n|inactive|Duckwee has 30 seconds left.\n|inactive|Duckwee has 20 seconds left.\n|\n|t:|1776727514\n|move|p2b: Espathra|Protect|p2b: Espathra\n|-singleturn|p2b: Espathra|Protect\n|move|p1b: Turtle|Will-O-Wisp|p2a: Hawlucha\n|-status|p2a: Hawlucha|brn\n|move|p1a: mummy issues|Shadow Ball|p2b: Espathra\n|-activate|p2b: Espathra|move: Protect\n|move|p2a: Hawlucha|Rock Slide|p1b: Turtle|[spread] p1a,p1b\n|-supereffective|p1b: Turtle|1\n|-damage|p1a: mummy issues|97/100\n|-damage|p1b: Turtle|78/100\n|\n|-weather|Sandstorm|[upkeep]\n|-damage|p1b: Turtle|72/100|[from] Sandstorm\n|-damage|p1a: mummy issues|91/100|[from] Sandstorm\n|-damage|p2b: Espathra|94/100|[from] Sandstorm\n|-damage|p2a: Hawlucha|95/100 brn|[from] Sandstorm\n|-heal|p1a: mummy issues|97/100|[from] item: Leftovers\n|-damage|p2a: Hawlucha|89/100 brn|[from] brn\n|-ability|p2b: Espathra|Speed Boost|boost\n|-boost|p2b: Espathra|spe|1\n|upkeep\n|turn|5\n|inactive|Duckwee has 30 seconds left.\n|inactive|guioguoguo has 30 seconds left.\n|inactive|Duckwee has 20 seconds left.\n|inactive|Duckwee has 15 seconds left.\n|inactive|Duckwee has 10 seconds left.\n|\n|t:|1776727563\n|move|p1b: Turtle|Weather Ball|p2a: Hawlucha\n|-damage|p2a: Hawlucha|52/100 brn\n|move|p1a: mummy issues|Shadow Ball|p2b: Espathra\n|-supereffective|p2b: Espathra|1\n|-damage|p2b: Espathra|22/100\n|-unboost|p2b: Espathra|spd|1\n|move|p2a: Hawlucha|Rock Slide|p1a: mummy issues|[spread] p1a,p1b\n|-supereffective|p1b: Turtle|1\n|-damage|p1a: mummy issues|94/100\n|-damage|p1b: Turtle|57/100\n|move|p2b: Espathra|Calm Mind|p2b: Espathra\n|-boost|p2b: Espathra|spa|1\n|-boost|p2b: Espathra|spd|1\n|\n|-weather|Sandstorm|[upkeep]\n|-damage|p1b: Turtle|51/100|[from] Sandstorm\n|-damage|p1a: mummy issues|88/100|[from] Sandstorm\n|-damage|p2a: Hawlucha|46/100 brn|[from] Sandstorm\n|-damage|p2b: Espathra|16/100|[from] Sandstorm\n|-heal|p1a: mummy issues|94/100|[from] item: Leftovers\n|-damage|p2a: Hawlucha|40/100 brn|[from] brn\n|-fieldend|move: Trick Room\n|-ability|p2b: Espathra|Speed Boost|boost\n|-boost|p2b: Espathra|spe|1\n|upkeep\n|turn|6\n|inactive|Duckwee has 30 seconds left.\n|inactive|guioguoguo has 30 seconds left.\n|inactive|Duckwee has 20 seconds left.\n|\n|t:|1776727600\n|move|p2b: Espathra|Lumina Crash|p1a: mummy issues\n|-damage|p1a: mummy issues|32/100\n|-unboost|p1a: mummy issues|spd|2\n|move|p2a: Hawlucha|Rock Slide|p1b: Turtle|[spread] p1a,p1b\n|-supereffective|p1b: Turtle|1\n|-damage|p1a: mummy issues|29/100\n|-damage|p1b: Turtle|34/100\n|-enditem|p1b: Turtle|Sitrus Berry|[eat]\n|-heal|p1b: Turtle|59/100|[from] item: Sitrus Berry\n|cant|p1a: mummy issues|flinch\n|cant|p1b: Turtle|flinch\n|\n|-weather|Sandstorm|[upkeep]\n|-damage|p2b: Espathra|10/100|[from] Sandstorm\n|-damage|p2a: Hawlucha|34/100 brn|[from] Sandstorm\n|-damage|p1a: mummy issues|23/100|[from] Sandstorm\n|-damage|p1b: Turtle|53/100|[from] Sandstorm\n|-heal|p1a: mummy issues|29/100|[from] item: Leftovers\n|-damage|p2a: Hawlucha|29/100 brn|[from] brn\n|-ability|p2b: Espathra|Speed Boost|boost\n|-boost|p2b: Espathra|spe|1\n|upkeep\n|turn|7\n|inactive|Duckwee has 30 seconds left.\n|inactive|guioguoguo has 30 seconds left.\n|inactive|guioguoguo has 20 seconds left.\n|inactive|guioguoguo has 15 seconds left.\n|inactive|guioguoguo has 10 seconds left.\n|\n|t:|1776727648\n|move|p2b: Espathra|Lumina Crash|p1a: mummy issues\n|-damage|p1a: mummy issues|0 fnt\n|faint|p1a: mummy issues\n|move|p2a: Hawlucha|Rock Slide|p1b: Turtle\n|-supereffective|p1b: Turtle|1\n|-damage|p1b: Turtle|33/100\n|move|p1b: Turtle|Weather Ball|p2a: Hawlucha\n|-damage|p2a: Hawlucha|0 fnt\n|faint|p2a: Hawlucha\n|\n|-weather|none\n|-ability|p2b: Espathra|Speed Boost|boost\n|-boost|p2b: Espathra|spe|1\n|upkeep\n|\n|t:|1776727662\n|switch|p1a: Femboy vibes|Salazzle, L50, F|100/100\n|turn|8\n|\n|t:|1776727678\n|move|p1a: Femboy vibes|Fake Out|p2b: Espathra\n|-damage|p2b: Espathra|1/100\n|cant|p2b: Espathra|flinch\n|move|p1b: Turtle|Earth Power|p2b: Espathra\n|-damage|p2b: Espathra|0 fnt\n|faint|p2b: Espathra\n|\n|win|Duckwee\n|raw|Duckwee's rating: 1074 &rarr; <strong>1097</strong><br />(+23 for winning)\n|raw|guioguoguo's rating: 1000 &rarr; <strong>1000</strong><br />(+0 for losing)\n",
  "uploadtime": 1776727682,
  "views": 3,
  "formatid": "gen9championsvgc2026regma",
  "rating": 1000,
  "private": 0,
  "password": null
}