{
  "id": "gen9championsvgc2026regma-2586092302",
  "format": "[Gen 9 Champions] VGC 2026 Reg M-A",
  "players": [
    "kkaitanggky",
    "SpikeMike"
  ],
  "log": "|j|\u2606kkaitanggky\n|j|\u2606SpikeMike\n|t:|1776398117\n|gametype|doubles\n|player|p1|kkaitanggky|giovanni|1240\n|player|p2|SpikeMike|molayne|1228\n|gen|9\n|tier|[Gen 9 Champions] VGC 2026 Reg M-A\n|rated|\n|rule|Species Clause: Limit one of each Pok\u00e9mon\n|rule|Item Clause: Limit 1 of each item\n|clearpoke\n|poke|p1|Sinistcha, L50|\n|poke|p1|Glimmora, L50, F|\n|poke|p1|Corviknight, L50, M|\n|poke|p1|Tyranitar, L50, F|\n|poke|p1|Excadrill, L50, F|\n|poke|p1|Rotom-Wash, L50|\n|poke|p2|Kangaskhan, L50, F|\n|poke|p2|Farigiraf, L50, M|\n|poke|p2|Basculegion, L50, M|\n|poke|p2|Talonflame, L50, F|\n|poke|p2|Sneasler, L50, F|\n|poke|p2|Charizard, L50, F|\n|teampreview|4\n|inactive|Battle timer is ON: inactive players will automatically lose when time's up. (requested by SpikeMike)\n|inactive|kkaitanggky has 60 seconds left.\n|inactive|SpikeMike has 60 seconds left.\n|inactive|kkaitanggky has 30 seconds left.\n|inactive|SpikeMike has 30 seconds left.\n|inactive|kkaitanggky has 20 seconds left.\n|inactive|kkaitanggky has 15 seconds left.\n|\n|t:|1776398193\n|teamsize|p1|4\n|teamsize|p2|4\n|start\n|switch|p1a: Sinistcha|Sinistcha, L50|100/100\n|switch|p1b: Glimmora|Glimmora, L50, F|100/100\n|switch|p2a: Sneasler|Sneasler, L50, F, shiny|100/100\n|switch|p2b: Charizard|Charizard, L50, F, shiny|100/100\n|turn|1\n|inactive|kkaitanggky has 30 seconds left.\n|\n|t:|1776398226\n|switch|p1a: Rotom|Rotom-Wash, L50|100/100\n|move|p2b: Charizard|Protect|p2b: Charizard\n|-singleturn|p2b: Charizard|Protect\n|move|p1b: Glimmora|Spiky Shield|p1b: Glimmora\n|-singleturn|p1b: Glimmora|move: Protect\n|move|p2a: Sneasler|Dire Claw|p1a: Rotom\n|-damage|p1a: Rotom|54/100\n|\n|upkeep\n|turn|2\n|\n|t:|1776398246\n|switch|p2b: Basculegion|Basculegion, L50, M, shiny|100/100\n|detailschange|p1b: Glimmora|Glimmora-Mega, L50, F\n|-mega|p1b: Glimmora|Glimmora|Glimmoranite\n|move|p2a: Sneasler|Close Combat|p1a: Rotom\n|-damage|p1a: Rotom|0 fnt\n|-unboost|p2a: Sneasler|def|1\n|-unboost|p2a: Sneasler|spd|1\n|faint|p1a: Rotom\n|move|p1b: Glimmora|Power Gem|p2b: Basculegion\n|-damage|p2b: Basculegion|34/100\n|\n|upkeep\n|\n|t:|1776398258\n|switch|p1a: Sinistcha|Sinistcha, L50|100/100\n|turn|3\n|\n|t:|1776398271\n|move|p1a: Sinistcha|Rage Powder|p1a: Sinistcha\n|-singleturn|p1a: Sinistcha|move: Rage Powder\n|move|p2a: Sneasler|Dire Claw|p1a: Sinistcha\n|-damage|p1a: Sinistcha|66/100\n|move|p1b: Glimmora|Earth Power|p2a: Sneasler\n|-supereffective|p2a: Sneasler|1\n|-enditem|p2a: Sneasler|Focus Sash\n|-damage|p2a: Sneasler|1/100\n|move|p2b: Basculegion|Last Respects|p1a: Sinistcha\n|-supereffective|p1a: Sinistcha|1\n|-damage|p1a: Sinistcha|17/100\n|-enditem|p1a: Sinistcha|Sitrus Berry|[eat]\n|-heal|p1a: Sinistcha|42/100|[from] item: Sitrus Berry\n|\n|upkeep\n|turn|4\n|inactive|SpikeMike has 30 seconds left.\n|inactive|SpikeMike has 20 seconds left.\n|\n|t:|1776398310\n|switch|p1a: Corviknight|Corviknight, L50, M|100/100\n|move|p2a: Sneasler|Protect|p2a: Sneasler\n|-singleturn|p2a: Sneasler|Protect\n|move|p1b: Glimmora|Sludge Wave|p2a: Sneasler|[spread] p2b\n|-activate|p2a: Sneasler|move: Protect\n|-immune|p1a: Corviknight\n|-resisted|p2b: Basculegion|1\n|-damage|p2b: Basculegion|4/100\n|move|p2b: Basculegion|Wave Crash|p1b: Glimmora\n|-supereffective|p1b: Glimmora|1\n|-damage|p1b: Glimmora|0 fnt\n|faint|p1b: Glimmora\n|-damage|p2b: Basculegion|0 fnt|[from] Recoil\n|faint|p2b: Basculegion\n|\n|upkeep\n|\n|t:|1776398328\n|switch|p1b: Sinistcha|Sinistcha, L50|42/100\n|switch|p2b: Charizard|Charizard, L50, F, shiny|100/100\n|turn|5\n|\n|t:|1776398339\n|detailschange|p2b: Charizard|Charizard-Mega-Y, L50, F, shiny\n|-mega|p2b: Charizard|Charizard|Charizardite Y\n|-weather|SunnyDay|[from] ability: Drought|[of] p2b: Charizard\n|move|p2a: Sneasler|Dire Claw|p1b: Sinistcha\n|-damage|p1b: Sinistcha|11/100\n|move|p2b: Charizard|Heat Wave|p1b: Sinistcha|[spread] p1a,p1b\n|-supereffective|p1a: Corviknight|1\n|-supereffective|p1b: Sinistcha|1\n|-damage|p1a: Corviknight|0 fnt\n|-damage|p1b: Sinistcha|0 fnt\n|faint|p1a: Corviknight\n|faint|p1b: Sinistcha\n|\n|win|SpikeMike\n|raw|kkaitanggky's rating: 1240 &rarr; <strong>1214</strong><br />(-26 for losing)\n|raw|SpikeMike's rating: 1228 &rarr; <strong>1254</strong><br />(+26 for winning)\n|l|\u2606kkaitanggky\n|player|p1|\n|c|\u2606SpikeMike|ggwp\n",
  "uploadtime": 1776398352,
  "views": 26,
  "formatid": "gen9championsvgc2026regma",
  "rating": 1214,
  "private": 0,
  "password": null
}