{
  "id": "gen9championsvgc2026regma-2583161886",
  "format": "[Gen 9 Champions] VGC 2026 Reg M-A",
  "players": [
    "lolgz",
    "LyRooster"
  ],
  "log": "|j|\u2606lolgz\n|j|\u2606LyRooster\n|t:|1776149548\n|gametype|doubles\n|player|p1|lolgz|1|1165\n|player|p2|LyRooster|169|1176\n|gen|9\n|tier|[Gen 9 Champions] VGC 2026 Reg M-A\n|rated|\n|rule|Species Clause: Limit one of each Pok\u00e9mon\n|rule|Item Clause: Limit 1 of each item\n|clearpoke\n|poke|p1|Floette-Eternal, L50, F|\n|poke|p1|Incineroar, L50, M|\n|poke|p1|Sneasler, L50, F|\n|poke|p1|Charizard, L50, M|\n|poke|p1|Gallade, L50, M|\n|poke|p1|Whimsicott, L50, M|\n|poke|p2|Steelix, L50, F|\n|poke|p2|Alakazam, L50, M|\n|poke|p2|Tyranitar, L50, M|\n|poke|p2|Rotom-Wash, L50|\n|poke|p2|Talonflame, L50, F|\n|poke|p2|Charizard, L50, F|\n|teampreview|4\n|\n|t:|1776149569\n|teamsize|p1|4\n|teamsize|p2|4\n|start\n|switch|p1a: Incineroar|Incineroar, L50, M|100/100\n|switch|p1b: Charizard|Charizard, L50, M|100/100\n|switch|p2a: Steelix|Steelix, L50, F|100/100\n|switch|p2b: Alakazam|Alakazam, L50, M|100/100\n|-ability|p1a: Incineroar|Intimidate|boost\n|-unboost|p2a: Steelix|atk|1\n|-fail|p2b: Alakazam|unboost|Attack|[from] ability: Inner Focus|[of] p2b: Alakazam\n|turn|1\n|inactive|Battle timer is ON: inactive players will automatically lose when time's up. (requested by LyRooster)\n|\n|t:|1776149626\n|detailschange|p1b: Charizard|Charizard-Mega-Y, L50, M\n|-mega|p1b: Charizard|Charizard|Charizardite Y\n|-weather|SunnyDay|[from] ability: Drought|[of] p1b: Charizard\n|move|p2b: Alakazam|Protect|p2b: Alakazam\n|-singleturn|p2b: Alakazam|Protect\n|move|p2a: Steelix|Protect|p2a: Steelix\n|-singleturn|p2a: Steelix|Protect\n|move|p1a: Incineroar|Fake Out|p2a: Steelix\n|-activate|p2a: Steelix|move: Protect\n|move|p1b: Charizard|Heat Wave|p2b: Alakazam|[spread] \n|-activate|p2a: Steelix|move: Protect\n|-activate|p2b: Alakazam|move: Protect\n|\n|-weather|SunnyDay|[upkeep]\n|upkeep\n|turn|2\n|\n|t:|1776149644\n|switch|p2b: Tyranitar|Tyranitar, L50, M|100/100\n|-weather|Sandstorm|[from] ability: Sand Stream|[of] p2b: Tyranitar\n|detailschange|p2a: Steelix|Steelix-Mega, L50, F\n|-mega|p2a: Steelix|Steelix|Steelixite\n|move|p1b: Charizard|Heat Wave|p2a: Steelix|[spread] p2a,p2b\n|-supereffective|p2a: Steelix|1\n|-resisted|p2b: Tyranitar|1\n|-damage|p2a: Steelix|19/100\n|-damage|p2b: Tyranitar|88/100\n|-status|p2b: Tyranitar|brn\n|move|p1a: Incineroar|Throat Chop|p2b: Tyranitar\n|-resisted|p2b: Tyranitar|1\n|-damage|p2b: Tyranitar|73/100 brn\n|-start|p2b: Tyranitar|Throat Chop|[silent]\n|move|p2a: Steelix|High Horsepower|p1a: Incineroar\n|-supereffective|p1a: Incineroar|1\n|-damage|p1a: Incineroar|28/100\n|-enditem|p1a: Incineroar|Sitrus Berry|[eat]\n|-heal|p1a: Incineroar|53/100|[from] item: Sitrus Berry\n|\n|-weather|Sandstorm|[upkeep]\n|-damage|p1b: Charizard|95/100|[from] Sandstorm\n|-damage|p1a: Incineroar|47/100|[from] Sandstorm\n|-heal|p2b: Tyranitar|79/100 brn|[from] item: Leftovers\n|-damage|p2b: Tyranitar|73/100 brn|[from] brn\n|upkeep\n|turn|3\n|inactive|lolgz has 30 seconds left.\n|inactive|LyRooster has 30 seconds left.\n|\n|t:|1776149673\n|move|p1b: Charizard|Protect|p1b: Charizard\n|-singleturn|p1b: Charizard|Protect\n|move|p2a: Steelix|Protect|p2a: Steelix\n|-singleturn|p2a: Steelix|Protect\n|move|p1a: Incineroar|Parting Shot|p2b: Tyranitar\n|-unboost|p2b: Tyranitar|atk|1\n|-unboost|p2b: Tyranitar|spa|1\n|\n|t:|1776149677\n|switch|p1a: Sneasler|Sneasler, L50, F|100/100|[from] Parting Shot\n|-ability|p1a: Sneasler|Pressure\n|move|p2b: Tyranitar|Rock Slide|p1a: Sneasler|[spread] p1a\n|-activate|p1b: Charizard|move: Protect\n|-resisted|p1a: Sneasler|1\n|-damage|p1a: Sneasler|92/100\n|\n|-weather|Sandstorm|[upkeep]\n|-damage|p1a: Sneasler|86/100|[from] Sandstorm\n|-damage|p1b: Charizard|89/100|[from] Sandstorm\n|-heal|p2b: Tyranitar|79/100 brn|[from] item: Leftovers\n|-damage|p2b: Tyranitar|73/100 brn|[from] brn\n|-end|p2b: Tyranitar|Throat Chop|[silent]\n|upkeep\n|turn|4\n|\n|t:|1776149696\n|switch|p2b: Talonflame|Talonflame, L50, F|100/100\n|switch|p2a: Alakazam|Alakazam, L50, M|100/100\n|move|p1a: Sneasler|Close Combat|p2b: Talonflame\n|-resisted|p2b: Talonflame|1\n|-damage|p2b: Talonflame|55/100\n|-unboost|p1a: Sneasler|def|1\n|-unboost|p1a: Sneasler|spd|1\n|-enditem|p1a: Sneasler|White Herb\n|-clearnegativeboost|p1a: Sneasler|[silent]\n|move|p1b: Charizard|Heat Wave|p2b: Talonflame|[spread] p2a,p2b\n|-resisted|p2b: Talonflame|1\n|-damage|p2a: Alakazam|44/100\n|-damage|p2b: Talonflame|24/100\n|-status|p2a: Alakazam|brn\n|\n|-weather|Sandstorm|[upkeep]\n|-damage|p2a: Alakazam|38/100 brn|[from] Sandstorm\n|-damage|p1a: Sneasler|80/100|[from] Sandstorm\n|-damage|p2b: Talonflame|18/100|[from] Sandstorm\n|-damage|p1b: Charizard|83/100|[from] Sandstorm\n|-damage|p2a: Alakazam|32/100 brn|[from] brn\n|upkeep\n|turn|5\n|\n|t:|1776149718\n|move|p1a: Sneasler|Protect|p1a: Sneasler\n|-singleturn|p1a: Sneasler|Protect\n|move|p2a: Alakazam|Reflect|p2a: Alakazam\n|-sidestart|p2: LyRooster|Reflect\n|move|p2b: Talonflame|Tailwind|p2b: Talonflame\n|-sidestart|p2: LyRooster|move: Tailwind\n|move|p1b: Charizard|Heat Wave|p2a: Alakazam|[spread] p2a,p2b\n|-resisted|p2b: Talonflame|1\n|-damage|p2a: Alakazam|0 fnt\n|-damage|p2b: Talonflame|0 fnt\n|faint|p2a: Alakazam\n|faint|p2b: Talonflame\n|\n|-weather|Sandstorm|[upkeep]\n|-damage|p1a: Sneasler|75/100|[from] Sandstorm\n|-damage|p1b: Charizard|77/100|[from] Sandstorm\n|upkeep\n|\n|t:|1776149730\n|switch|p2a: Steelix|Steelix-Mega, L50, F|19/100\n|switch|p2b: Tyranitar|Tyranitar, L50, M|73/100 brn\n|turn|6\n|\n|t:|1776149738\n|move|p1a: Sneasler|Close Combat|p2b: Tyranitar\n|-supereffective|p2b: Tyranitar|2\n|-damage|p2b: Tyranitar|0 fnt\n|-unboost|p1a: Sneasler|def|1\n|-unboost|p1a: Sneasler|spd|1\n|faint|p2b: Tyranitar\n|move|p1b: Charizard|Heat Wave|p2a: Steelix\n|-supereffective|p2a: Steelix|1\n|-damage|p2a: Steelix|0 fnt\n|faint|p2a: Steelix\n|\n|win|lolgz\n|raw|lolgz's rating: 1146 &rarr; <strong>1173</strong><br />(+27 for winning)\n|raw|LyRooster's rating: 1176 &rarr; <strong>1149</strong><br />(-27 for losing)\n",
  "uploadtime": 1776149738,
  "views": 19,
  "formatid": "gen9championsvgc2026regma",
  "rating": 1149,
  "private": 0,
  "password": null
}