{
  "id": "gen9championsvgc2026regma-2586725026",
  "format": "[Gen 9 Champions] VGC 2026 Reg M-A",
  "players": [
    "pcri",
    "Doguito46"
  ],
  "log": "|j|\u2606pcri\n|j|\u2606Doguito46\n|t:|1776455041\n|gametype|doubles\n|player|p1|pcri|burglar|1253\n|player|p2|Doguito46|2|1201\n|gen|9\n|tier|[Gen 9 Champions] VGC 2026 Reg M-A\n|rated|\n|rule|Species Clause: Limit one of each Pok\u00e9mon\n|rule|Item Clause: Limit 1 of each item\n|clearpoke\n|poke|p1|Hawlucha, L50, M|\n|poke|p1|Sinistcha, L50|\n|poke|p1|Snorlax, L50, M|\n|poke|p1|Incineroar, L50, F|\n|poke|p1|Rotom-Wash, L50|\n|poke|p1|Glimmora, L50, F|\n|poke|p2|Pelipper, L50, M|\n|poke|p2|Basculegion, L50, M|\n|poke|p2|Archaludon, L50, M|\n|poke|p2|Sneasler, L50, F|\n|poke|p2|Dragonite, L50, M|\n|poke|p2|Incineroar, L50, M|\n|teampreview|4\n|inactive|Battle timer is ON: inactive players will automatically lose when time's up. (requested by Doguito46)\n|\n|t:|1776455053\n|teamsize|p1|4\n|teamsize|p2|4\n|start\n|switch|p1a: Glimmora|Glimmora, L50, F|100/100\n|switch|p1b: Incineroar|Incineroar, L50, F|100/100\n|switch|p2a: Sneasler|Sneasler, L50, F, shiny|100/100\n|switch|p2b: Basculegion|Basculegion, L50, M, shiny|100/100\n|-ability|p1b: Incineroar|Intimidate|boost\n|-unboost|p2a: Sneasler|atk|1\n|-unboost|p2b: Basculegion|atk|1\n|-enditem|p2a: Sneasler|White Herb\n|-clearnegativeboost|p2a: Sneasler|[silent]\n|turn|1\n|\n|t:|1776455069\n|move|p1a: Glimmora|Spiky Shield|p1a: Glimmora\n|-singleturn|p1a: Glimmora|move: Protect\n|move|p2a: Sneasler|Fake Out|p1b: Incineroar\n|-damage|p1b: Incineroar|88/100\n|move|p2b: Basculegion|Wave Crash|p1b: Incineroar\n|-supereffective|p1b: Incineroar|1\n|-enditem|p1b: Incineroar|Passho Berry|[eat]\n|-enditem|p1b: Incineroar|Passho Berry|[weaken]\n|-damage|p1b: Incineroar|43/100\n|-damage|p2b: Basculegion|85/100|[from] Recoil\n|cant|p1b: Incineroar|flinch\n|\n|upkeep\n|turn|2\n|\n|t:|1776455088\n|detailschange|p1a: Glimmora|Glimmora-Mega, L50, F\n|-mega|p1a: Glimmora|Glimmora|Glimmoranite\n|move|p2a: Sneasler|Dire Claw|p1b: Incineroar\n|-damage|p1b: Incineroar|0 fnt\n|faint|p1b: Incineroar\n|move|p2b: Basculegion|Wave Crash|p1a: Glimmora\n|-supereffective|p1a: Glimmora|1\n|-damage|p1a: Glimmora|0 fnt\n|faint|p1a: Glimmora\n|-damage|p2b: Basculegion|59/100|[from] Recoil\n|\n|upkeep\n|\n|t:|1776455094\n|switch|p1a: Rotom|Rotom-Wash, L50|100/100\n|switch|p1b: Sinistcha|Sinistcha, L50|100/100\n|turn|3\n|\n|t:|1776455113\n|move|p2a: Sneasler|Dire Claw|p1a: Rotom\n|-damage|p1a: Rotom|43/100\n|-status|p1a: Rotom|slp\n|cant|p1a: Rotom|slp\n|move|p2b: Basculegion|Wave Crash|p1b: Sinistcha\n|-resisted|p1b: Sinistcha|1\n|-damage|p1b: Sinistcha|78/100\n|-damage|p2b: Basculegion|52/100|[from] Recoil\n|move|p1b: Sinistcha|Matcha Gotcha|p2b: Basculegion|[spread] p2a,p2b\n|-resisted|p2a: Sneasler|1\n|-supereffective|p2b: Basculegion|1\n|-damage|p2a: Sneasler|85/100\n|-heal|p1b: Sinistcha|85/100|[from] drain|[of] p2a: Sneasler\n|-damage|p2b: Basculegion|0 fnt\n|-heal|p1b: Sinistcha|100/100|[from] drain|[of] p2b: Basculegion\n|faint|p2b: Basculegion\n|\n|upkeep\n|\n|t:|1776455134\n|switch|p2b: Pelipper|Pelipper, L50, M|100/100\n|-weather|RainDance|[from] ability: Drizzle|[of] p2b: Pelipper\n|turn|4\n|\n|t:|1776455147\n|move|p1b: Sinistcha|Rage Powder|p1b: Sinistcha\n|-singleturn|p1b: Sinistcha|move: Rage Powder\n|move|p2a: Sneasler|Close Combat|p1b: Sinistcha\n|-immune|p1b: Sinistcha\n|-curestatus|p1a: Rotom|slp|[msg]\n|move|p1a: Rotom|Thunder|p2b: Pelipper\n|-supereffective|p2b: Pelipper|2\n|-enditem|p2b: Pelipper|Focus Sash\n|-damage|p2b: Pelipper|1/100\n|move|p2b: Pelipper|Tailwind|p2b: Pelipper\n|-sidestart|p2: Doguito46|move: Tailwind\n|\n|-weather|RainDance|[upkeep]\n|upkeep\n|turn|5\n|\n|t:|1776455164\n|move|p2a: Sneasler|Protect|p2a: Sneasler\n|-singleturn|p2a: Sneasler|Protect\n|move|p2b: Pelipper|Protect|p2b: Pelipper\n|-singleturn|p2b: Pelipper|Protect\n|move|p1a: Rotom|Thunder|p2a: Sneasler\n|-activate|p2a: Sneasler|move: Protect\n|move|p1b: Sinistcha|Matcha Gotcha|p2a: Sneasler|[spread] \n|-activate|p2a: Sneasler|move: Protect\n|-activate|p2b: Pelipper|move: Protect\n|\n|-weather|RainDance|[upkeep]\n|upkeep\n|turn|6\n|\n|t:|1776455189\n|move|p2a: Sneasler|Dire Claw|p1a: Rotom\n|-damage|p1a: Rotom|0 fnt\n|faint|p1a: Rotom\n|move|p2b: Pelipper|Hurricane|p1b: Sinistcha\n|-supereffective|p1b: Sinistcha|1\n|-damage|p1b: Sinistcha|8/100\n|-enditem|p1b: Sinistcha|Sitrus Berry|[eat]\n|-heal|p1b: Sinistcha|33/100|[from] item: Sitrus Berry\n|move|p1b: Sinistcha|Matcha Gotcha|p2a: Sneasler|[spread] p2b\n|-miss|p1b: Sinistcha|p2a: Sneasler\n|-damage|p2b: Pelipper|0 fnt\n|-heal|p1b: Sinistcha|34/100|[from] drain|[of] p2b: Pelipper\n|faint|p2b: Pelipper\n|\n|-weather|RainDance|[upkeep]\n|upkeep\n|c|\u2606Doguito46|gg\n|\n|t:|1776455206\n|switch|p2b: Dragonite|Dragonite, L50, M, shiny|100/100\n|turn|7\n|-message|pcri forfeited.\n|\n|win|Doguito46\n|raw|pcri's rating: 1253 &rarr; <strong>1224</strong><br />(-29 for losing)\n|raw|Doguito46's rating: 1201 &rarr; <strong>1230</strong><br />(+29 for winning)\n|l|\u2606pcri\n|player|p1|\n",
  "uploadtime": 1776455914,
  "views": 55,
  "formatid": "gen9championsvgc2026regma",
  "rating": 1224,
  "private": 0,
  "password": null
}