{
  "id": "gen9championsvgc2026regma-2583321546",
  "format": "[Gen 9 Champions] VGC 2026 Reg M-A",
  "players": [
    "just aresia",
    "dicerat8"
  ],
  "log": "|j|\u2606just aresia\n|j|\u2606dicerat8\n|t:|1776166713\n|gametype|doubles\n|player|p1|just aresia|carmine|1206\n|player|p2|dicerat8|gentleman-gen4|1200\n|gen|9\n|tier|[Gen 9 Champions] VGC 2026 Reg M-A\n|rated|\n|rule|Species Clause: Limit one of each Pok\u00e9mon\n|rule|Item Clause: Limit 1 of each item\n|clearpoke\n|poke|p1|Blastoise, L50, F|\n|poke|p1|Sinistcha, L50|\n|poke|p1|Pelipper, L50, F|\n|poke|p1|Meganium, L50, F|\n|poke|p1|Basculegion, L50, M|\n|poke|p1|Incineroar, L50, F|\n|poke|p2|Charizard, L50, M|\n|poke|p2|Rotom-Mow, L50|\n|poke|p2|Garchomp, L50, M|\n|poke|p2|Incineroar, L50, M|\n|poke|p2|Talonflame, L50, F|\n|poke|p2|Kingambit, L50, F|\n|teampreview|4\n|inactive|Battle timer is ON: inactive players will automatically lose when time's up. (requested by dicerat8)\n|c|\u2606dicerat8|Hf.\n|inactive|just aresia has 60 seconds left.\n|inactive|dicerat8 has 60 seconds left.\n|\n|t:|1776166757\n|teamsize|p1|4\n|teamsize|p2|4\n|start\n|switch|p1a: Nium|Meganium, L50, F|100/100\n|switch|p1b: Incineroar|Incineroar, L50, F|100/100\n|switch|p2a: Rotom|Rotom-Mow, L50|100/100\n|switch|p2b: Incineroar|Incineroar, L50, M|100/100\n|-ability|p1b: Incineroar|Intimidate|boost\n|-unboost|p2a: Rotom|atk|1\n|-unboost|p2b: Incineroar|atk|1\n|-ability|p2b: Incineroar|Intimidate|boost\n|-unboost|p1a: Nium|atk|1\n|-unboost|p1b: Incineroar|atk|1\n|turn|1\n|\n|t:|1776166777\n|switch|p2a: Charizard|Charizard, L50, M|100/100\n|detailschange|p1a: Nium|Meganium-Mega, L50, F\n|-mega|p1a: Nium|Meganium|Meganiumite\n|move|p1b: Incineroar|Fake Out|p2b: Incineroar\n|-damage|p2b: Incineroar|95/100\n|cant|p2b: Incineroar|flinch\n|move|p1a: Nium|Weather Ball|p2a: Charizard\n|-resisted|p2a: Charizard|1\n|-damage|p2a: Charizard|62/100\n|\n|upkeep\n|turn|2\n|\n|t:|1776166798\n|detailschange|p2a: Charizard|Charizard-Mega-Y, L50, M\n|-mega|p2a: Charizard|Charizard|Charizardite Y\n|-weather|SunnyDay|[from] ability: Drought|[of] p2a: Charizard\n|move|p1a: Nium|Protect|p1a: Nium\n|-singleturn|p1a: Nium|Protect\n|move|p2a: Charizard|Heat Wave|p1b: Incineroar|[spread] p1b\n|-activate|p1a: Nium|move: Protect\n|-resisted|p1b: Incineroar|1\n|-damage|p1b: Incineroar|77/100\n|move|p1b: Incineroar|Parting Shot|p2a: Charizard\n|-unboost|p2a: Charizard|atk|1\n|-unboost|p2a: Charizard|spa|1\n|\n|t:|1776166810\n|switch|p1b: Pelipper|Pelipper, L50, F|100/100|[from] Parting Shot\n|-weather|RainDance|[from] ability: Drizzle|[of] p1b: Pelipper\n|move|p2b: Incineroar|Parting Shot|p1a: Nium\n|-activate|p1a: Nium|move: Protect\n|\n|-weather|RainDance|[upkeep]\n|upkeep\n|turn|3\n|\n|t:|1776166830\n|switch|p1a: Incineroar|Incineroar, L50, F|77/100\n|-ability|p1a: Incineroar|Intimidate|boost\n|-unboost|p2a: Charizard|atk|1\n|-unboost|p2b: Incineroar|atk|1\n|switch|p2b: Rotom|Rotom-Mow, L50|100/100\n|move|p2a: Charizard|Protect|p2a: Charizard\n|-singleturn|p2a: Charizard|Protect\n|move|p1b: Pelipper|Tailwind|p1b: Pelipper\n|-sidestart|p1: just aresia|move: Tailwind\n|\n|-weather|RainDance|[upkeep]\n|upkeep\n|turn|4\n|\n|t:|1776166849\n|switch|p2a: Incineroar|Incineroar, L50, M|95/100\n|-ability|p2a: Incineroar|Intimidate|boost\n|-unboost|p1a: Incineroar|atk|1\n|-unboost|p1b: Pelipper|atk|1\n|move|p1a: Incineroar|Fake Out|p2b: Rotom\n|-damage|p2b: Rotom|93/100\n|move|p1b: Pelipper|Hurricane|p2a: Incineroar\n|-damage|p2a: Incineroar|54/100\n|-start|p2a: Incineroar|confusion\n|cant|p2b: Rotom|flinch\n|\n|-weather|RainDance|[upkeep]\n|upkeep\n|turn|5\n|inactive|dicerat8 has 30 seconds left.\n|\n|t:|1776166875\n|-activate|p2a: Incineroar|confusion\n|move|p2a: Incineroar|Fake Out|p1b: Pelipper\n|-damage|p1b: Pelipper|88/100\n|cant|p1b: Pelipper|flinch\n|move|p1a: Incineroar|Flare Blitz|p2b: Rotom\n|-supereffective|p2b: Rotom|1\n|-damage|p2b: Rotom|61/100\n|-damage|p1a: Incineroar|69/100|[from] Recoil\n|move|p2b: Rotom|Electroweb|p1b: Pelipper|[spread] p1a,p1b\n|-supereffective|p1b: Pelipper|2\n|-damage|p1a: Incineroar|57/100\n|-damage|p1b: Pelipper|0 fnt\n|-unboost|p1a: Incineroar|spe|1\n|faint|p1b: Pelipper\n|\n|-weather|RainDance|[upkeep]\n|upkeep\n|\n|t:|1776166896\n|switch|p1b: Nium|Meganium-Mega, L50, F|100/100\n|turn|6\n|\n|t:|1776166911\n|switch|p2b: Garchomp|Garchomp, L50, M|100/100\n|move|p1b: Nium|Dazzling Gleam|p2b: Garchomp|[spread] p2a,p2b\n|-supereffective|p2b: Garchomp|1\n|-damage|p2a: Incineroar|26/100\n|-damage|p2b: Garchomp|22/100\n|move|p1a: Incineroar|Darkest Lariat|p2b: Garchomp\n|-damage|p2b: Garchomp|0 fnt\n|-damage|p1a: Incineroar|45/100|[from] ability: Rough Skin|[of] p2b: Garchomp\n|faint|p2b: Garchomp\n|-activate|p2a: Incineroar|confusion\n|move|p2a: Incineroar|Parting Shot|p1b: Nium\n|-unboost|p1b: Nium|atk|1\n|-unboost|p1b: Nium|spa|1\n|\n|t:|1776166920\n|switch|p2a: Charizard|Charizard-Mega-Y, L50, M|62/100|[from] Parting Shot\n|-weather|SunnyDay|[from] ability: Drought|[of] p2a: Charizard\n|\n|-weather|SunnyDay|[upkeep]\n|-sideend|p1: just aresia|move: Tailwind\n|upkeep\n|\n|t:|1776166925\n|switch|p2b: Incineroar|Incineroar, L50, M|26/100\n|-ability|p2b: Incineroar|Intimidate|boost\n|-unboost|p1a: Incineroar|atk|1\n|-unboost|p1b: Nium|atk|1\n|turn|7\n|\n|t:|1776166949\n|switch|p1a: Basculegion|Basculegion, L50, M|100/100\n|move|p1b: Nium|Protect|p1b: Nium\n|-singleturn|p1b: Nium|Protect\n|move|p2a: Charizard|Heat Wave|p1b: Nium|[spread] p1a\n|-activate|p1b: Nium|move: Protect\n|-resisted|p1a: Basculegion|1\n|-damage|p1a: Basculegion|64/100\n|move|p2b: Incineroar|Parting Shot|p1a: Basculegion\n|-unboost|p1a: Basculegion|atk|1\n|-unboost|p1a: Basculegion|spa|1\n|\n|t:|1776166954\n|switch|p2b: Rotom|Rotom-Mow, L50|61/100|[from] Parting Shot\n|\n|-weather|SunnyDay|[upkeep]\n|upkeep\n|turn|8\n|inactive|just aresia has 30 seconds left.\n|\n|t:|1776166986\n|switch|p2a: Incineroar|Incineroar, L50, M|26/100\n|-ability|p2a: Incineroar|Intimidate|boost\n|-unboost|p1a: Basculegion|atk|1\n|-unboost|p1b: Nium|atk|1\n|switch|p1b: Incineroar|Incineroar, L50, F|45/100\n|-ability|p1b: Incineroar|Intimidate|boost\n|-unboost|p2a: Incineroar|atk|1\n|-unboost|p2b: Rotom|atk|1\n|move|p1a: Basculegion|Wave Crash|p2a: Incineroar\n|-supereffective|p2a: Incineroar|1\n|-damage|p2a: Incineroar|0 fnt\n|faint|p2a: Incineroar\n|-damage|p1a: Basculegion|56/100|[from] Recoil\n|move|p2b: Rotom|Electroweb|p1b: Incineroar|[spread] p1b\n|-miss|p2b: Rotom|p1a: Basculegion\n|-damage|p1b: Incineroar|33/100\n|-unboost|p1b: Incineroar|spe|1\n|\n|-weather|SunnyDay|[upkeep]\n|upkeep\n|inactive|dicerat8 has 30 seconds left.\n|\n|t:|1776167012\n|switch|p2a: Charizard|Charizard-Mega-Y, L50, M|62/100\n|turn|9\n|inactive|just aresia has 30 seconds left.\n|\n|t:|1776167046\n|switch|p1a: Nium|Meganium-Mega, L50, F|100/100\n|move|p2a: Charizard|Protect|p2a: Charizard\n|-singleturn|p2a: Charizard|Protect\n|move|p2b: Rotom|Electroweb|p1b: Incineroar|[spread] p1a,p1b\n|-resisted|p1a: Nium|1\n|-damage|p1a: Nium|94/100\n|-damage|p1b: Incineroar|22/100\n|-unboost|p1a: Nium|spe|1\n|-unboost|p1b: Incineroar|spe|1\n|move|p1b: Incineroar|Flare Blitz|p2b: Rotom\n|-supereffective|p2b: Rotom|1\n|-damage|p2b: Rotom|0 fnt\n|faint|p2b: Rotom\n|-damage|p1b: Incineroar|7/100|[from] Recoil\n|\n|-weather|SunnyDay|[upkeep]\n|upkeep\n|turn|10\n|c|\u2606dicerat8|Ggwp.\n|inactive|just aresia has 30 seconds left.\n|\n|t:|1776167074\n|move|p1a: Nium|Protect|p1a: Nium\n|-singleturn|p1a: Nium|Protect\n|move|p2a: Charizard|Heat Wave|p1b: Incineroar|[spread] p1b\n|-activate|p1a: Nium|move: Protect\n|-resisted|p1b: Incineroar|1\n|-crit|p1b: Incineroar\n|-damage|p1b: Incineroar|0 fnt\n|faint|p1b: Incineroar\n|\n|-weather|none\n|upkeep\n|\n|t:|1776167081\n|switch|p1b: Basculegion|Basculegion, L50, M|56/100\n|turn|11\n|-message|dicerat8 forfeited.\n|\n|win|just aresia\n|raw|just aresia's rating: 1206 &rarr; <strong>1231</strong><br />(+25 for winning)\n|raw|dicerat8's rating: 1200 &rarr; <strong>1175</strong><br />(-25 for losing)\n|l|\u2606dicerat8\n|player|p2|\n",
  "uploadtime": 1776167093,
  "views": 16,
  "formatid": "gen9championsvgc2026regma",
  "rating": 1175,
  "private": 0,
  "password": null
}